|html|<div class="broadcast-blue"><strong>[Gen 9] OU is currently suspecting Tera Blast! For information on how to participate check out the <a href="https://www.smogon.com/tools/suspects/view/200">suspect thread</a>.</strong></div>
|j|☆jiiiiz
|j|☆orahnayrb
|t:|1776064755
|gametype|singles
|player|p1|jiiiiz|kieran-champion|1122
|player|p2|orahnayrb|hilbert|1101
|gen|9
|tier|[Gen 9] OU
|rated|
|rule|HP Percentage Mod: HP is shown in percentages
|rule|Endless Battle Clause: Forcing endless battles is banned
|rule|Species Clause: Limit one of each Pokémon
|rule|OHKO Clause: OHKO moves are banned
|rule|Evasion Items Clause: Evasion items are banned
|rule|Evasion Moves Clause: Evasion moves are banned
|rule|Evasion Abilities Clause: Evasion abilities are banned
|rule|Sleep Moves Clause: Sleep-inducing moves are banned
|clearpoke
|poke|p1|Deoxys-Speed|
|poke|p1|Ninetales-Alola, F|
|poke|p1|Latias, F|
|poke|p1|Gholdengo|
|poke|p1|Blaziken, M|
|poke|p1|Iron Boulder|
|poke|p2|Scizor, M|
|poke|p2|Umbreon, M|
|poke|p2|Skeledirge, M|
|poke|p2|Primarina, F|
|poke|p2|Glimmora, F|
|poke|p2|Corviknight, F|
|teampreview
|inactive|Battle timer is ON: inactive players will automatically lose when time's up. (requested by jiiiiz)
|
|t:|1776064760
|teamsize|p1|6
|teamsize|p2|6
|start
|switch|p1a: Plz text me Back|Ninetales-Alola, F, shiny|100/100
|switch|p2a: Umbreon|Umbreon, M|100/100
|-weather|Snowscape|[from] ability: Snow Warning|[of] p1a: Plz text me Back
|turn|1
|
|t:|1776064773
|move|p1a: Plz text me Back|Aurora Veil|p1a: Plz text me Back
|-sidestart|p1: jiiiiz|move: Aurora Veil
|move|p2a: Umbreon|Toxic|p1a: Plz text me Back
|-status|p1a: Plz text me Back|tox
|
|-weather|Snowscape|[upkeep]
|-damage|p1a: Plz text me Back|94/100 tox|[from] psn
|upkeep
|turn|2
|
|t:|1776064789
|switch|p2a: Corviknight|Corviknight, F|100/100
|move|p1a: Plz text me Back|Moonblast|p2a: Corviknight
|-resisted|p2a: Corviknight
|-damage|p2a: Corviknight|89/100
|-ability|p2a: Corviknight|Mirror Armor
|-unboost|p1a: Plz text me Back|spa|1
|
|-weather|Snowscape|[upkeep]
|-heal|p2a: Corviknight|95/100|[from] item: Leftovers
|-damage|p1a: Plz text me Back|82/100 tox|[from] psn
|upkeep
|turn|3
|
|t:|1776064802
|switch|p1a: NOT jane juliet|Deoxys-Speed, shiny|100/100
|-ability|p1a: NOT jane juliet|Pressure
|move|p2a: Corviknight|Bulk Up|p2a: Corviknight
|-boost|p2a: Corviknight|atk|1
|-boost|p2a: Corviknight|def|1
|
|-weather|Snowscape|[upkeep]
|-heal|p2a: Corviknight|100/100|[from] item: Leftovers
|upkeep
|turn|4
|
|t:|1776064812
|move|p1a: NOT jane juliet|Stealth Rock|p2a: Corviknight
|-sidestart|p2: orahnayrb|move: Stealth Rock
|move|p2a: Corviknight|Bulk Up|p2a: Corviknight
|-boost|p2a: Corviknight|atk|1
|-boost|p2a: Corviknight|def|1
|
|-weather|Snowscape|[upkeep]
|upkeep
|turn|5
|
|t:|1776064819
|move|p1a: NOT jane juliet|Spikes|p2a: Corviknight
|-sidestart|p2: orahnayrb|Spikes
|move|p2a: Corviknight|Bulk Up|p2a: Corviknight
|-boost|p2a: Corviknight|atk|1
|-boost|p2a: Corviknight|def|1
|
|-weather|none
|upkeep
|turn|6
|
|t:|1776064826
|move|p1a: NOT jane juliet|Spikes|p2a: Corviknight
|-sidestart|p2: orahnayrb|Spikes
|move|p2a: Corviknight|Bulk Up|p2a: Corviknight
|-boost|p2a: Corviknight|atk|1
|-boost|p2a: Corviknight|def|1
|
|upkeep
|turn|7
|
|t:|1776064832
|move|p1a: NOT jane juliet|Spikes|p2a: Corviknight
|-sidestart|p2: orahnayrb|Spikes
|move|p2a: Corviknight|Drill Peck|p1a: NOT jane juliet
|-damage|p1a: NOT jane juliet|48/100
|
|upkeep
|turn|8
|
|t:|1776064841
|move|p1a: NOT jane juliet|Taunt|p2a: Corviknight
|-start|p2a: Corviknight|move: Taunt
|move|p2a: Corviknight|Drill Peck|p1a: NOT jane juliet
|-damage|p1a: NOT jane juliet|0 fnt
|faint|p1a: NOT jane juliet
|
|-sideend|p1: jiiiiz|move: Aurora Veil
|upkeep
|
|t:|1776064847
|switch|p1a: Plz text me Back|Ninetales-Alola, F, shiny|82/100 tox
|-weather|Snowscape|[from] ability: Snow Warning|[of] p1a: Plz text me Back
|turn|9
|
|t:|1776064852
|move|p1a: Plz text me Back|Aurora Veil|p1a: Plz text me Back
|-sidestart|p1: jiiiiz|move: Aurora Veil
|move|p2a: Corviknight|Iron Head|p1a: Plz text me Back
|-supereffective|p1a: Plz text me Back
|-damage|p1a: Plz text me Back|0 fnt
|faint|p1a: Plz text me Back
|
|-weather|Snowscape|[upkeep]
|upkeep
|
|t:|1776064857
|switch|p1a: and jane|Blaziken, M, shiny|100/100
|turn|10
|
|t:|1776064863
|move|p1a: and jane|Swords Dance|p1a: and jane
|-boost|p1a: and jane|atk|2
|move|p2a: Corviknight|Drill Peck|p1a: and jane
|-supereffective|p1a: and jane
|-crit|p1a: and jane
|-damage|p1a: and jane|0 fnt
|faint|p1a: and jane
|
|-weather|Snowscape|[upkeep]
|-end|p2a: Corviknight|move: Taunt
|upkeep
|
|t:|1776064870
|switch|p1a: you're early|Iron Boulder|100/100
|-enditem|p1a: you're early|Booster Energy
|-activate|p1a: you're early|ability: Quark Drive|[fromitem]
|-start|p1a: you're early|quarkdrivespe
|turn|11
|
|t:|1776064879
|move|p1a: you're early|Swords Dance|p1a: you're early
|-boost|p1a: you're early|atk|2
|move|p2a: Corviknight|Bulk Up|p2a: Corviknight
|-boost|p2a: Corviknight|atk|1
|-boost|p2a: Corviknight|def|1
|
|-weather|Snowscape|[upkeep]
|upkeep
|turn|12
|
|t:|1776064893
|move|p1a: you're early|Mighty Cleave|p2a: Corviknight
|-damage|p2a: Corviknight|81/100
|move|p2a: Corviknight|Bulk Up|p2a: Corviknight
|-boost|p2a: Corviknight|atk|1
|-boost|p2a: Corviknight|def|1
|
|-weather|Snowscape|[upkeep]
|-heal|p2a: Corviknight|87/100|[from] item: Leftovers
|upkeep
|turn|13
|
|t:|1776064903
|move|p1a: you're early|Swords Dance|p1a: you're early
|-boost|p1a: you're early|atk|2
|move|p2a: Corviknight|Iron Head|p1a: you're early
|-supereffective|p1a: you're early
|-damage|p1a: you're early|0 fnt
|faint|p1a: you're early
|-end|p1a: you're early|Quark Drive|[silent]
|
|-weather|none
|-heal|p2a: Corviknight|93/100|[from] item: Leftovers
|upkeep
|
|t:|1776064905
|switch|p1a: Lemonade 😇😇|Latias, F, shiny|100/100
|turn|14
|
|t:|1776064923
|-terastallize|p1a: Lemonade 😇😇|Fairy
|move|p1a: Lemonade 😇😇|Agility|p1a: Lemonade 😇😇
|-boost|p1a: Lemonade 😇😇|spe|2
|move|p2a: Corviknight|Iron Head|p1a: Lemonade 😇😇
|-supereffective|p1a: Lemonade 😇😇
|-damage|p1a: Lemonade 😇😇|13/100
|-enditem|p1a: Lemonade 😇😇|Weakness Policy
|-boost|p1a: Lemonade 😇😇|atk|2|[from] item: Weakness Policy
|-boost|p1a: Lemonade 😇😇|spa|2|[from] item: Weakness Policy
|
|-heal|p2a: Corviknight|99/100|[from] item: Leftovers
|upkeep
|turn|15
|
|t:|1776064937
|move|p1a: Lemonade 😇😇|Stored Power|p2a: Corviknight
|-resisted|p2a: Corviknight
|-damage|p2a: Corviknight|57/100
|move|p2a: Corviknight|Iron Head|p1a: Lemonade 😇😇
|-supereffective|p1a: Lemonade 😇😇
|-damage|p1a: Lemonade 😇😇|0 fnt
|faint|p1a: Lemonade 😇😇
|
|-heal|p2a: Corviknight|63/100|[from] item: Leftovers
|upkeep
|
|t:|1776064940
|switch|p1a: maybe jane juliet|Gholdengo|100/100
|-item|p1a: maybe jane juliet|Air Balloon
|turn|16
|
|t:|1776064955
|move|p1a: maybe jane juliet|Nasty Plot|p1a: maybe jane juliet
|-boost|p1a: maybe jane juliet|spa|2
|move|p2a: Corviknight|Iron Head|p1a: maybe jane juliet
|-resisted|p1a: maybe jane juliet
|-damage|p1a: maybe jane juliet|68/100
|-enditem|p1a: maybe jane juliet|Air Balloon
|
|-heal|p2a: Corviknight|69/100|[from] item: Leftovers
|-sideend|p1: jiiiiz|move: Aurora Veil
|upkeep
|turn|17
|
|t:|1776064964
|move|p1a: maybe jane juliet|Shadow Ball|p2a: Corviknight
|-damage|p2a: Corviknight|0 fnt
|faint|p2a: Corviknight
|
|upkeep
|
|t:|1776064970
|switch|p2a: Skeledirge|Skeledirge, M|100/100
|-damage|p2a: Skeledirge|76/100|[from] Stealth Rock
|-damage|p2a: Skeledirge|51/100|[from] Spikes
|turn|18
|
|t:|1776064976
|move|p1a: maybe jane juliet|Shadow Ball|p2a: Skeledirge
|-supereffective|p2a: Skeledirge
|-damage|p2a: Skeledirge|0 fnt
|faint|p2a: Skeledirge
|
|upkeep
|
|t:|1776064986
|switch|p2a: Scizor|Scizor, M|100/100
|-damage|p2a: Scizor|88/100|[from] Stealth Rock
|-damage|p2a: Scizor|63/100|[from] Spikes
|turn|19
|
|t:|1776064993
|move|p1a: maybe jane juliet|Shadow Ball|p2a: Scizor
|-damage|p2a: Scizor|0 fnt
|faint|p2a: Scizor
|
|upkeep
|
|t:|1776064999
|switch|p2a: Primarina|Primarina, F|100/100
|-damage|p2a: Primarina|88/100|[from] Stealth Rock
|-damage|p2a: Primarina|63/100|[from] Spikes
|turn|20
|
|t:|1776065007
|move|p1a: maybe jane juliet|Shadow Ball|p2a: Primarina
|-damage|p2a: Primarina|0 fnt
|faint|p2a: Primarina
|
|upkeep
|
|t:|1776065012
|switch|p2a: Glimmora|Glimmora, F|100/100
|-damage|p2a: Glimmora|88/100|[from] Stealth Rock
|-damage|p2a: Glimmora|63/100|[from] Spikes
|turn|21
|
|t:|1776065031
|move|p1a: maybe jane juliet|Shadow Ball|p2a: Glimmora
|-damage|p2a: Glimmora|0 fnt
|faint|p2a: Glimmora
|
|upkeep
|
|t:|1776065041
|switch|p2a: Umbreon|Umbreon, M|100/100
|-damage|p2a: Umbreon|88/100|[from] Stealth Rock
|-damage|p2a: Umbreon|63/100|[from] Spikes
|turn|22
|
|t:|1776065048
|move|p2a: Umbreon|Protect|p2a: Umbreon
|-singleturn|p2a: Umbreon|Protect
|move|p1a: maybe jane juliet|Make It Rain|p2a: Umbreon
|-activate|p2a: Umbreon|move: Protect
|
|-heal|p2a: Umbreon|69/100|[from] item: Leftovers
|upkeep
|turn|23
|
|t:|1776065063
|move|p1a: maybe jane juliet|Make It Rain|p2a: Umbreon
|-damage|p2a: Umbreon|0 fnt
|-unboost|p1a: maybe jane juliet|spa|1
|faint|p2a: Umbreon
|
|win|jiiiiz
|raw|jiiiiz's rating: 1122 &rarr; <strong>1145</strong><br />(+23 for winning)
|raw|orahnayrb's rating: 1101 &rarr; <strong>1078</strong><br />(-23 for losing)
|c|☆jiiiiz|NO WAY
|l|☆orahnayrb
|player|p2|
