|html|<div class="broadcast-blue"><strong>[Gen 9] OU is currently suspecting Tera Blast! For information on how to participate check out the <a href="https://www.smogon.com/tools/suspects/view/200">suspect thread</a>.</strong></div>
|j|☆council of noob
|j|☆ICOGB
|t:|1776122189
|gametype|singles
|player|p1|council of noob|workerice|
|player|p2|ICOGB|1|
|gen|9
|tier|[Gen 9] OU
|rule|HP Percentage Mod: HP is shown in percentages
|rule|Endless Battle Clause: Forcing endless battles is banned
|rule|Species Clause: Limit one of each Pokémon
|rule|OHKO Clause: OHKO moves are banned
|rule|Evasion Items Clause: Evasion items are banned
|rule|Evasion Moves Clause: Evasion moves are banned
|rule|Evasion Abilities Clause: Evasion abilities are banned
|rule|Sleep Moves Clause: Sleep-inducing moves are banned
|clearpoke
|poke|p1|Iron Moth|
|poke|p1|Alomomola, F|
|poke|p1|Porygon2|
|poke|p1|Meowscarada, F|
|poke|p1|Iron Valiant|
|poke|p1|Iron Treads|
|poke|p2|Ting-Lu|
|poke|p2|Gliscor, F|
|poke|p2|Dondozo, M|
|poke|p2|Cresselia, F|
|poke|p2|Weavile, M|
|poke|p2|Skeledirge, F|
|teampreview
|
|t:|1776122223
|teamsize|p1|6
|teamsize|p2|6
|start
|switch|p1a: moon|Meowscarada, F, shiny|100/100
|switch|p2a: Ting-Lu|Ting-Lu|100/100
|-ability|p2a: Ting-Lu|Vessel of Ruin
|turn|1
|j| noob sniffer
|
|t:|1776122246
|switch|p2a: Cresselia|Cresselia, F|100/100
|move|p1a: moon|Triple Axel|p2a: Cresselia|[miss]
|-start|p1a: moon|typechange|Ice|[from] ability: Protean
|-miss|p1a: moon|p2a: Cresselia
|
|upkeep
|turn|2
|
|t:|1776122255
|move|p1a: moon|Knock Off|p2a: Cresselia
|-supereffective|p2a: Cresselia
|-damage|p2a: Cresselia|67/100
|-enditem|p2a: Cresselia|Heavy-Duty Boots|[from] move: Knock Off|[of] p1a: moon
|move|p2a: Cresselia|Trick Room|p2a: Cresselia
|-fieldstart|move: Trick Room|[of] p2a: Cresselia
|
|upkeep
|turn|3
|
|t:|1776122266
|move|p2a: Cresselia|Moonblast|p1a: moon
|-damage|p1a: moon|74/100
|move|p1a: moon|U-turn|p2a: Cresselia
|-supereffective|p2a: Cresselia
|-damage|p2a: Cresselia|46/100
|j| thugsnivy
|
|t:|1776122279
|switch|p1a: The fish|Alomomola, F, shiny|100/100|[from] U-turn
|
|upkeep
|turn|4
|
|t:|1776122298
|switch|p2a: Ting-Lu|Ting-Lu|100/100
|-ability|p2a: Ting-Lu|Vessel of Ruin
|move|p1a: The fish|Scald|p2a: Ting-Lu
|-supereffective|p2a: Ting-Lu
|-damage|p2a: Ting-Lu|89/100
|-status|p2a: Ting-Lu|brn
|
|-heal|p2a: Ting-Lu|95/100 brn|[from] item: Leftovers
|-damage|p2a: Ting-Lu|89/100 brn|[from] brn
|upkeep
|turn|5
|
|t:|1776122319
|move|p2a: Ting-Lu|Spikes|p1a: The fish
|-sidestart|p1: council of noob|Spikes
|move|p1a: The fish|Wish|p1a: The fish
|
|-heal|p2a: Ting-Lu|95/100 brn|[from] item: Leftovers
|-damage|p2a: Ting-Lu|89/100 brn|[from] brn
|upkeep
|turn|6
|
|t:|1776122326
|move|p2a: Ting-Lu|Spikes|p1a: The fish
|-sidestart|p1: council of noob|Spikes
|move|p1a: The fish|Flip Turn|p2a: Ting-Lu
|-supereffective|p2a: Ting-Lu
|-damage|p2a: Ting-Lu|72/100 brn
|
|t:|1776122328
|switch|p1a: tree trunks|Iron Treads|100/100|[from] Flip Turn
|
|-heal|p2a: Ting-Lu|78/100 brn|[from] item: Leftovers
|-damage|p2a: Ting-Lu|72/100 brn|[from] brn
|-fieldend|move: Trick Room
|upkeep
|turn|7
|
|t:|1776122339
|move|p1a: tree trunks|Rapid Spin|p2a: Ting-Lu
|-damage|p2a: Ting-Lu|64/100 brn
|-boost|p1a: tree trunks|spe|1
|-sideend|p1: council of noob|Spikes|[from] move: Rapid Spin|[of] p1a: tree trunks
|move|p2a: Ting-Lu|Whirlwind|p1a: tree trunks
|-end|p1a: tree trunks|Quark Drive|[silent]
|drag|p1a: moon|Meowscarada, F, shiny|74/100
|
|-heal|p2a: Ting-Lu|70/100 brn|[from] item: Leftovers
|-damage|p2a: Ting-Lu|64/100 brn|[from] brn
|upkeep
|turn|8
|
|t:|1776122353
|switch|p2a: Skeledirge|Skeledirge, F|100/100
|move|p1a: moon|Flower Trick|p2a: Skeledirge
|-start|p1a: moon|typechange|Grass|[from] ability: Protean
|-resisted|p2a: Skeledirge
|-crit|p2a: Skeledirge
|-damage|p2a: Skeledirge|86/100
|
|upkeep
|turn|9
|
|t:|1776122369
|switch|p1a: The fish|Alomomola, F, shiny|100/100
|move|p2a: Skeledirge|Shadow Ball|p1a: The fish
|-damage|p1a: The fish|67/100
|-unboost|p1a: The fish|spd|1
|
|upkeep
|turn|10
|
|t:|1776122384
|switch|p2a: Weavile|Weavile, M|100/100
|-ability|p2a: Weavile|Pressure
|move|p1a: The fish|Scald|p2a: Weavile
|-damage|p2a: Weavile|80/100
|
|upkeep
|turn|11
|
|t:|1776122394
|move|p1a: The fish|Protect|p1a: The fish
|-singleturn|p1a: The fish|Protect
|move|p2a: Weavile|Knock Off|p1a: The fish
|-activate|p1a: The fish|move: Protect
|
|upkeep
|turn|12
|
|t:|1776122404
|move|p2a: Weavile|Triple Axel|p1a: The fish
|-resisted|p1a: The fish
|-damage|p1a: The fish|64/100
|-damage|p2a: Weavile|64/100|[from] item: Rocky Helmet|[of] p1a: The fish
|-resisted|p1a: The fish
|-damage|p1a: The fish|59/100
|-damage|p2a: Weavile|47/100|[from] item: Rocky Helmet|[of] p1a: The fish
|-resisted|p1a: The fish
|-damage|p1a: The fish|52/100
|-damage|p2a: Weavile|31/100|[from] item: Rocky Helmet|[of] p1a: The fish
|-hitcount|p1a: The fish|3
|move|p1a: The fish|Wish|p1a: The fish
|
|upkeep
|turn|13
|
|t:|1776122416
|move|p1a: The fish|Protect|p1a: The fish
|-singleturn|p1a: The fish|Protect
|move|p2a: Weavile|Knock Off|p1a: The fish
|-activate|p1a: The fish|move: Protect
|
|-heal|p1a: The fish|100/100|[from] move: Wish|[wisher] The fish
|upkeep
|turn|14
|
|t:|1776122439
|switch|p1a: mothman|Iron Moth|100/100
|move|p2a: Weavile|Knock Off|p1a: mothman
|-damage|p1a: mothman|17/100
|-enditem|p1a: mothman|Heavy-Duty Boots|[from] move: Knock Off|[of] p2a: Weavile
|
|upkeep
|turn|15
|
|t:|1776122450
|move|p2a: Weavile|Knock Off|p1a: mothman
|-damage|p1a: mothman|0 fnt
|faint|p1a: mothman
|-end|p1a: mothman|Quark Drive|[silent]
|
|upkeep
|
|t:|1776122473
|switch|p1a: r2p2|Porygon2, shiny|100/100
|-ability|p1a: r2p2|Download|boost
|-boost|p1a: r2p2|atk|1
|turn|16
|
|t:|1776122488
|switch|p2a: Skeledirge|Skeledirge, F|86/100
|move|p1a: r2p2|Tri Attack|p2a: Skeledirge
|-immune|p2a: Skeledirge
|
|upkeep
|turn|17
|
|t:|1776122496
|move|p2a: Skeledirge|Torch Song|p1a: r2p2
|-damage|p1a: r2p2|80/100
|-boost|p2a: Skeledirge|spa|1
|move|p1a: r2p2|Shadow Ball|p2a: Skeledirge
|-supereffective|p2a: Skeledirge
|-damage|p2a: Skeledirge|28/100
|
|upkeep
|turn|18
|
|t:|1776122505
|move|p2a: Skeledirge|Slack Off|p2a: Skeledirge
|-heal|p2a: Skeledirge|78/100
|move|p1a: r2p2|Shadow Ball|p2a: Skeledirge
|-supereffective|p2a: Skeledirge
|-damage|p2a: Skeledirge|21/100
|
|upkeep
|turn|19
|
|t:|1776122515
|switch|p2a: Gliscor|Gliscor, F|100/100
|move|p1a: r2p2|Shadow Ball|p2a: Gliscor
|-damage|p2a: Gliscor|78/100
|
|-status|p2a: Gliscor|tox|[from] item: Toxic Orb
|upkeep
|turn|20
|
|t:|1776122524
|move|p2a: Gliscor|Toxic|p1a: r2p2
|-status|p1a: r2p2|tox
|move|p1a: r2p2|Ice Beam|p2a: Gliscor
|-supereffective|p2a: Gliscor
|-damage|p2a: Gliscor|0 fnt
|faint|p2a: Gliscor
|
|-damage|p1a: r2p2|73/100 tox|[from] psn
|upkeep
|
|t:|1776122538
|switch|p2a: Dondozo|Dondozo, M|100/100
|turn|21
|
|t:|1776122566
|switch|p1a: The fish|Alomomola, F, shiny|100/100
|move|p2a: Dondozo|Curse|p2a: Dondozo
|-unboost|p2a: Dondozo|spe|1
|-boost|p2a: Dondozo|atk|1
|-boost|p2a: Dondozo|def|1
|
|upkeep
|turn|22
|
|t:|1776122577
|move|p1a: The fish|Wish|p1a: The fish
|move|p2a: Dondozo|Curse|p2a: Dondozo
|-unboost|p2a: Dondozo|spe|1
|-boost|p2a: Dondozo|atk|1
|-boost|p2a: Dondozo|def|1
|
|upkeep
|turn|23
|
|t:|1776122583
|move|p1a: The fish|Flip Turn|p2a: Dondozo
|-resisted|p2a: Dondozo
|-damage|p2a: Dondozo|99/100
|
|t:|1776122594
|switch|p1a: moon|Meowscarada, F, shiny|74/100|[from] Flip Turn
|move|p2a: Dondozo|Curse|p2a: Dondozo
|-unboost|p2a: Dondozo|spe|1
|-boost|p2a: Dondozo|atk|1
|-boost|p2a: Dondozo|def|1
|
|-heal|p1a: moon|100/100|[from] move: Wish|[wisher] The fish
|upkeep
|turn|24
|
|t:|1776122606
|move|p1a: moon|Knock Off|p2a: Dondozo
|-start|p1a: moon|typechange|Dark|[from] ability: Protean
|-damage|p2a: Dondozo|90/100
|-enditem|p2a: Dondozo|Heavy-Duty Boots|[from] move: Knock Off|[of] p1a: moon
|move|p2a: Dondozo|Wave Crash|p1a: moon
|-damage|p1a: moon|0 fnt
|faint|p1a: moon
|-damage|p2a: Dondozo|71/100|[from] Recoil
|
|upkeep
|
|t:|1776122626
|switch|p1a: r2p2|Porygon2, shiny|73/100 tox
|-ability|p1a: r2p2|Download|boost
|-boost|p1a: r2p2|spa|1
|turn|25
|
|t:|1776122635
|move|p1a: r2p2|Tri Attack|p2a: Dondozo
|-damage|p2a: Dondozo|30/100
|move|p2a: Dondozo|Wave Crash|p1a: r2p2
|-damage|p1a: r2p2|3/100 tox
|-damage|p2a: Dondozo|13/100|[from] Recoil
|
|-damage|p1a: r2p2|0 fnt|[from] psn
|faint|p1a: r2p2
|upkeep
|
|t:|1776122642
|switch|p1a: pb|Iron Valiant, shiny|100/100
|-enditem|p1a: pb|Booster Energy
|-activate|p1a: pb|ability: Quark Drive|[fromitem]
|-start|p1a: pb|quarkdrivespe
|turn|26
|
|t:|1776122673
|switch|p2a: Cresselia|Cresselia, F|46/100
|move|p1a: pb|Close Combat|p2a: Cresselia
|-resisted|p2a: Cresselia
|-damage|p2a: Cresselia|29/100
|-unboost|p1a: pb|def|1
|-unboost|p1a: pb|spd|1
|
|upkeep
|turn|27
|
|t:|1776122692
|-terastallize|p1a: pb|Fairy
|move|p1a: pb|Swords Dance|p1a: pb
|-boost|p1a: pb|atk|2
|move|p2a: Cresselia|Trick Room|p2a: Cresselia
|-fieldstart|move: Trick Room|[of] p2a: Cresselia
|
|upkeep
|turn|28
|
|t:|1776122712
|move|p2a: Cresselia|Ice Beam|p1a: pb
|-damage|p1a: pb|58/100
|move|p1a: pb|Shadow Claw|p2a: Cresselia
|-supereffective|p2a: Cresselia
|-damage|p2a: Cresselia|0 fnt
|faint|p2a: Cresselia
|
|upkeep
|
|t:|1776122721
|switch|p2a: Dondozo|Dondozo, M|13/100
|turn|29
|
|t:|1776122748
|move|p2a: Dondozo|Rest|p2a: Dondozo
|-status|p2a: Dondozo|slp|[from] move: Rest
|-heal|p2a: Dondozo|100/100 slp|[silent]
|move|p1a: pb|Shadow Claw|p2a: Dondozo
|-damage|p2a: Dondozo|90/100 slp
|
|upkeep
|turn|30
|
|t:|1776122765
|-end|p1a: pb|Quark Drive|[silent]
|switch|p1a: The fish|Alomomola, F, shiny|100/100
|cant|p2a: Dondozo|slp
|move|p2a: Dondozo|Sleep Talk|p2a: Dondozo
|move|p2a: Dondozo|Rest||[from] move: Sleep Talk|[still]
|-fail|p2a: Dondozo
|
|upkeep
|turn|31
|
|t:|1776122785
|cant|p2a: Dondozo|slp
|move|p2a: Dondozo|Sleep Talk|p2a: Dondozo
|move|p2a: Dondozo|Wave Crash|p1a: The fish|[from] move: Sleep Talk
|-resisted|p1a: The fish
|-damage|p1a: The fish|89/100
|-damage|p2a: Dondozo|74/100 slp|[from] item: Rocky Helmet|[of] p1a: The fish
|-damage|p2a: Dondozo|70/100 slp|[from] Recoil
|move|p1a: The fish|Wish|p1a: The fish
|
|-fieldend|move: Trick Room
|upkeep
|turn|32
|j| ohko_smeargle
|
|t:|1776122798
|move|p1a: The fish|Flip Turn|p2a: Dondozo
|-resisted|p2a: Dondozo
|-damage|p2a: Dondozo|66/100 slp
|
|t:|1776122805
|switch|p1a: pb|Iron Valiant, shiny, tera:Fairy|58/100|[from] Flip Turn
|-curestatus|p2a: Dondozo|slp|[msg]
|move|p2a: Dondozo|Curse|p2a: Dondozo
|-unboost|p2a: Dondozo|spe|1
|-boost|p2a: Dondozo|atk|1
|-boost|p2a: Dondozo|def|1
|
|-heal|p1a: pb|100/100|[from] move: Wish|[wisher] The fish
|upkeep
|turn|33
|
|t:|1776122847
|-end|p1a: pb|Quark Drive|[silent]
|switch|p1a: The fish|Alomomola, F, shiny|100/100
|move|p2a: Dondozo|Rest|p2a: Dondozo
|-status|p2a: Dondozo|slp|[from] move: Rest
|-heal|p2a: Dondozo|100/100 slp|[silent]
|
|upkeep
|turn|34
|c| noob sniffer|who are u ohko smeargle
|
|t:|1776122888
|move|p1a: The fish|Scald|p2a: Dondozo
|-resisted|p2a: Dondozo
|-damage|p2a: Dondozo|94/100 slp
|cant|p2a: Dondozo|slp
|move|p2a: Dondozo|Sleep Talk|p2a: Dondozo
|move|p2a: Dondozo|Wave Crash|p1a: The fish|[from] move: Sleep Talk
|-resisted|p1a: The fish
|-damage|p1a: The fish|85/100
|-damage|p2a: Dondozo|78/100 slp|[from] item: Rocky Helmet|[of] p1a: The fish
|-damage|p2a: Dondozo|72/100 slp|[from] Recoil
|
|upkeep
|turn|35
|
|t:|1776122900
|move|p1a: The fish|Scald|p2a: Dondozo
|-resisted|p2a: Dondozo
|-damage|p2a: Dondozo|65/100 slp
|cant|p2a: Dondozo|slp
|move|p2a: Dondozo|Sleep Talk|p2a: Dondozo
|move|p2a: Dondozo|Curse|p2a: Dondozo|[from] move: Sleep Talk
|-unboost|p2a: Dondozo|spe|1
|-boost|p2a: Dondozo|atk|1
|-boost|p2a: Dondozo|def|1
|
|upkeep
|turn|36
|
|t:|1776122916
|move|p1a: The fish|Scald|p2a: Dondozo
|-resisted|p2a: Dondozo
|-damage|p2a: Dondozo|59/100 slp
|-curestatus|p2a: Dondozo|slp|[msg]
|move|p2a: Dondozo|Wave Crash|p1a: The fish
|-resisted|p1a: The fish
|-damage|p1a: The fish|64/100
|-damage|p2a: Dondozo|43/100|[from] item: Rocky Helmet|[of] p1a: The fish
|-damage|p2a: Dondozo|35/100|[from] Recoil
|
|upkeep
|turn|37
|
|t:|1776122926
|move|p1a: The fish|Wish|p1a: The fish
|move|p2a: Dondozo|Rest|p2a: Dondozo
|-status|p2a: Dondozo|slp|[from] move: Rest
|-heal|p2a: Dondozo|100/100 slp|[silent]
|
|upkeep
|turn|38
|
|t:|1776122938
|move|p1a: The fish|Scald|p2a: Dondozo
|-resisted|p2a: Dondozo
|-damage|p2a: Dondozo|94/100 slp
|cant|p2a: Dondozo|slp
|move|p2a: Dondozo|Sleep Talk|p2a: Dondozo
|move|p2a: Dondozo|Rest||[from] move: Sleep Talk|[still]
|-fail|p2a: Dondozo
|
|-heal|p1a: The fish|100/100|[from] move: Wish|[wisher] The fish
|upkeep
|turn|39
|
|t:|1776122952
|move|p1a: The fish|Scald|p2a: Dondozo
|-resisted|p2a: Dondozo
|-damage|p2a: Dondozo|88/100 slp
|cant|p2a: Dondozo|slp
|move|p2a: Dondozo|Sleep Talk|p2a: Dondozo
|move|p2a: Dondozo|Rest||[from] move: Sleep Talk|[still]
|-fail|p2a: Dondozo
|
|upkeep
|turn|40
|
|t:|1776122964
|move|p1a: The fish|Scald|p2a: Dondozo
|-resisted|p2a: Dondozo
|-damage|p2a: Dondozo|81/100 slp
|-curestatus|p2a: Dondozo|slp|[msg]
|move|p2a: Dondozo|Sleep Talk||[still]
|-fail|p2a: Dondozo
|
|upkeep
|turn|41
|
|t:|1776122974
|move|p1a: The fish|Scald|p2a: Dondozo
|-resisted|p2a: Dondozo
|-damage|p2a: Dondozo|75/100
|move|p2a: Dondozo|Curse|p2a: Dondozo
|-unboost|p2a: Dondozo|spe|1
|-boost|p2a: Dondozo|atk|1
|-boost|p2a: Dondozo|def|1
|
|upkeep
|turn|42
|
|t:|1776122983
|move|p1a: The fish|Scald|p2a: Dondozo
|-resisted|p2a: Dondozo
|-damage|p2a: Dondozo|69/100
|move|p2a: Dondozo|Curse|p2a: Dondozo
|-unboost|p2a: Dondozo|spe|1
|-boost|p2a: Dondozo|atk|1
|-boost|p2a: Dondozo|def|1
|
|upkeep
|turn|43
|
|t:|1776122992
|move|p1a: The fish|Wish|p1a: The fish
|move|p2a: Dondozo|Curse|p2a: Dondozo
|-unboost|p2a: Dondozo|spe|1
|-boost|p2a: Dondozo|atk|1
|-boost|p2a: Dondozo|def|1
|
|upkeep
|turn|44
|
|t:|1776122998
|move|p1a: The fish|Scald|p2a: Dondozo
|-resisted|p2a: Dondozo
|-damage|p2a: Dondozo|63/100
|-status|p2a: Dondozo|brn
|move|p2a: Dondozo|Curse|p2a: Dondozo
|-unboost|p2a: Dondozo|spe|1
|-boost|p2a: Dondozo|atk|1
|-boost|p2a: Dondozo|def|1
|
|-damage|p2a: Dondozo|57/100 brn|[from] brn
|upkeep
|turn|45
|
|t:|1776123010
|move|p1a: The fish|Scald|p2a: Dondozo
|-resisted|p2a: Dondozo
|-damage|p2a: Dondozo|50/100 brn
|move|p2a: Dondozo|Rest|p2a: Dondozo
|-status|p2a: Dondozo|slp|[from] move: Rest
|-heal|p2a: Dondozo|100/100 slp|[silent]
|
|upkeep
|turn|46
|
|t:|1776123019
|move|p1a: The fish|Wish|p1a: The fish
|cant|p2a: Dondozo|slp
|move|p2a: Dondozo|Sleep Talk|p2a: Dondozo
|move|p2a: Dondozo|Rest||[from] move: Sleep Talk|[still]
|-fail|p2a: Dondozo
|
|upkeep
|turn|47
|
|t:|1776123027
|move|p1a: The fish|Scald|p2a: Dondozo
|-resisted|p2a: Dondozo
|-damage|p2a: Dondozo|94/100 slp
|cant|p2a: Dondozo|slp
|move|p2a: Dondozo|Sleep Talk|p2a: Dondozo
|move|p2a: Dondozo|Curse|p2a: Dondozo|[from] move: Sleep Talk
|
|upkeep
|turn|48
|
|t:|1776123037
|move|p1a: The fish|Wish|p1a: The fish
|-curestatus|p2a: Dondozo|slp|[msg]
|move|p2a: Dondozo|Wave Crash|p1a: The fish
|-resisted|p1a: The fish
|-damage|p1a: The fish|55/100
|-damage|p2a: Dondozo|77/100|[from] item: Rocky Helmet|[of] p1a: The fish
|-damage|p2a: Dondozo|62/100|[from] Recoil
|
|upkeep
|turn|49
|
|t:|1776123053
|move|p1a: The fish|Protect|p1a: The fish
|-singleturn|p1a: The fish|Protect
|move|p2a: Dondozo|Wave Crash|p1a: The fish
|-activate|p1a: The fish|move: Protect
|
|-heal|p1a: The fish|100/100|[from] move: Wish|[wisher] The fish
|upkeep
|turn|50
|
|t:|1776123066
|move|p1a: The fish|Wish|p1a: The fish
|move|p2a: Dondozo|Wave Crash|p1a: The fish
|-resisted|p1a: The fish
|-damage|p1a: The fish|59/100
|-damage|p2a: Dondozo|45/100|[from] item: Rocky Helmet|[of] p1a: The fish
|-damage|p2a: Dondozo|30/100|[from] Recoil
|
|upkeep
|turn|51
|
|t:|1776123075
|move|p1a: The fish|Scald|p2a: Dondozo
|-resisted|p2a: Dondozo
|-damage|p2a: Dondozo|24/100
|move|p2a: Dondozo|Rest|p2a: Dondozo
|-status|p2a: Dondozo|slp|[from] move: Rest
|-heal|p2a: Dondozo|100/100 slp|[silent]
|
|-heal|p1a: The fish|100/100|[from] move: Wish|[wisher] The fish
|upkeep
|turn|52
|
|t:|1776123086
|move|p1a: The fish|Scald|p2a: Dondozo
|-resisted|p2a: Dondozo
|-damage|p2a: Dondozo|94/100 slp
|cant|p2a: Dondozo|slp
|move|p2a: Dondozo|Sleep Talk|p2a: Dondozo
|move|p2a: Dondozo|Rest||[from] move: Sleep Talk|[still]
|-fail|p2a: Dondozo
|
|upkeep
|turn|53
|
|t:|1776123096
|move|p1a: The fish|Wish|p1a: The fish
|cant|p2a: Dondozo|slp
|move|p2a: Dondozo|Sleep Talk|p2a: Dondozo
|move|p2a: Dondozo|Curse|p2a: Dondozo|[from] move: Sleep Talk
|
|upkeep
|turn|54
|
|t:|1776123105
|move|p1a: The fish|Scald|p2a: Dondozo
|-resisted|p2a: Dondozo
|-damage|p2a: Dondozo|87/100 slp
|-curestatus|p2a: Dondozo|slp|[msg]
|move|p2a: Dondozo|Sleep Talk||[still]
|-fail|p2a: Dondozo
|
|upkeep
|turn|55
|
|t:|1776123126
|move|p1a: The fish|Protect|p1a: The fish
|-singleturn|p1a: The fish|Protect
|move|p2a: Dondozo|Sleep Talk||[still]
|-fail|p2a: Dondozo
|
|upkeep
|turn|56
|
|t:|1776123141
|move|p1a: The fish|Wish|p1a: The fish
|move|p2a: Dondozo|Wave Crash|p1a: The fish
|-resisted|p1a: The fish
|-damage|p1a: The fish|55/100
|-damage|p2a: Dondozo|71/100|[from] item: Rocky Helmet|[of] p1a: The fish
|-damage|p2a: Dondozo|55/100|[from] Recoil
|
|upkeep
|turn|57
|
|t:|1776123149
|move|p1a: The fish|Protect|p1a: The fish
|-singleturn|p1a: The fish|Protect
|move|p2a: Dondozo|Wave Crash|p1a: The fish
|-activate|p1a: The fish|move: Protect
|
|-heal|p1a: The fish|100/100|[from] move: Wish|[wisher] The fish
|upkeep
|turn|58
|
|t:|1776123160
|switch|p2a: Weavile|Weavile, M|31/100
|-ability|p2a: Weavile|Pressure
|move|p1a: The fish|Scald|p2a: Weavile
|-damage|p2a: Weavile|10/100
|
|upkeep
|turn|59
|
|t:|1776123172
|move|p2a: Weavile|Knock Off|p1a: The fish
|-damage|p1a: The fish|75/100
|-damage|p2a: Weavile|0 fnt|[from] item: Rocky Helmet|[of] p1a: The fish
|faint|p2a: Weavile
|move|p1a: The fish|Scald|p2: Weavile|[notarget]
|-fail|p1a: The fish
|
|upkeep
|
|t:|1776123179
|switch|p2a: Dondozo|Dondozo, M|55/100
|turn|60
|
|t:|1776123192
|switch|p2a: Ting-Lu|Ting-Lu|64/100 brn
|-ability|p2a: Ting-Lu|Vessel of Ruin
|move|p1a: The fish|Wish|p1a: The fish
|
|-heal|p2a: Ting-Lu|70/100 brn|[from] item: Leftovers
|-damage|p2a: Ting-Lu|64/100 brn|[from] brn
|upkeep
|turn|61
|
|t:|1776123208
|move|p1a: The fish|Scald|p2a: Ting-Lu
|-supereffective|p2a: Ting-Lu
|-damage|p2a: Ting-Lu|52/100 brn
|move|p2a: Ting-Lu|Spikes|p1a: The fish
|-sidestart|p1: council of noob|Spikes
|
|-heal|p1a: The fish|100/100|[from] move: Wish|[wisher] The fish
|-heal|p2a: Ting-Lu|58/100 brn|[from] item: Leftovers
|-damage|p2a: Ting-Lu|52/100 brn|[from] brn
|upkeep
|turn|62
|
|t:|1776123220
|move|p1a: The fish|Flip Turn|p2a: Ting-Lu
|-supereffective|p2a: Ting-Lu
|-crit|p2a: Ting-Lu
|-damage|p2a: Ting-Lu|29/100 brn
|
|t:|1776123223
|switch|p1a: pb|Iron Valiant, shiny, tera:Fairy|100/100|[from] Flip Turn
|-damage|p1a: pb|88/100|[from] Spikes
|move|p2a: Ting-Lu|Spikes|p1a: pb
|-sidestart|p1: council of noob|Spikes
|
|-heal|p2a: Ting-Lu|35/100 brn|[from] item: Leftovers
|-damage|p2a: Ting-Lu|29/100 brn|[from] brn
|upkeep
|turn|63
|
|t:|1776123238
|-end|p1a: pb|Quark Drive|[silent]
|switch|p1a: The fish|Alomomola, F, shiny|100/100
|-damage|p1a: The fish|84/100|[from] Spikes
|move|p2a: Ting-Lu|Spikes|p1a: The fish
|-sidestart|p1: council of noob|Spikes
|
|-heal|p2a: Ting-Lu|35/100 brn|[from] item: Leftovers
|-damage|p2a: Ting-Lu|29/100 brn|[from] brn
|upkeep
|turn|64
|
|t:|1776123248
|move|p1a: The fish|Wish|p1a: The fish
|move|p2a: Ting-Lu|Whirlwind|p1a: The fish
|drag|p1a: tree trunks|Iron Treads|100/100
|
|-heal|p2a: Ting-Lu|35/100 brn|[from] item: Leftovers
|-damage|p2a: Ting-Lu|29/100 brn|[from] brn
|upkeep
|turn|65
|
|t:|1776123257
|move|p1a: tree trunks|Rapid Spin|p2a: Ting-Lu
|-damage|p2a: Ting-Lu|20/100 brn
|-boost|p1a: tree trunks|spe|1
|-sideend|p1: council of noob|Spikes|[from] move: Rapid Spin|[of] p1a: tree trunks
|move|p2a: Ting-Lu|Whirlwind|p1a: tree trunks
|-end|p1a: tree trunks|Quark Drive|[silent]
|drag|p1a: The fish|Alomomola, F, shiny|100/100
|
|-heal|p2a: Ting-Lu|26/100 brn|[from] item: Leftovers
|-damage|p2a: Ting-Lu|20/100 brn|[from] brn
|upkeep
|turn|66
|
|t:|1776123268
|move|p1a: The fish|Flip Turn|p2a: Ting-Lu
|-supereffective|p2a: Ting-Lu
|-damage|p2a: Ting-Lu|2/100 brn
|
|t:|1776123279
|switch|p1a: tree trunks|Iron Treads|100/100|[from] Flip Turn
|move|p2a: Ting-Lu|Whirlwind|p1a: tree trunks
|-end|p1a: tree trunks|Quark Drive|[silent]
|drag|p1a: pb|Iron Valiant, shiny, tera:Fairy|88/100
|
|-heal|p2a: Ting-Lu|8/100 brn|[from] item: Leftovers
|-damage|p2a: Ting-Lu|2/100 brn|[from] brn
|upkeep
|turn|67
|
|t:|1776123293
|-end|p1a: pb|Quark Drive|[silent]
|switch|p1a: The fish|Alomomola, F, shiny|100/100
|move|p2a: Ting-Lu|Whirlwind|p1a: The fish
|drag|p1a: tree trunks|Iron Treads|100/100
|
|-heal|p2a: Ting-Lu|8/100 brn|[from] item: Leftovers
|-damage|p2a: Ting-Lu|2/100 brn|[from] brn
|upkeep
|turn|68
|
|t:|1776123303
|move|p1a: tree trunks|Stealth Rock|p2a: Ting-Lu
|-sidestart|p2: ICOGB|move: Stealth Rock
|move|p2a: Ting-Lu|Whirlwind|p1a: tree trunks
|-end|p1a: tree trunks|Quark Drive|[silent]
|drag|p1a: pb|Iron Valiant, shiny, tera:Fairy|88/100
|
|-heal|p2a: Ting-Lu|8/100 brn|[from] item: Leftovers
|-damage|p2a: Ting-Lu|2/100 brn|[from] brn
|upkeep
|turn|69
|
|t:|1776123312
|move|p1a: pb|Swords Dance|p1a: pb
|-boost|p1a: pb|atk|2
|move|p2a: Ting-Lu|Ruination|p1a: pb
|-damage|p1a: pb|44/100
|
|-heal|p2a: Ting-Lu|8/100 brn|[from] item: Leftovers
|-damage|p2a: Ting-Lu|2/100 brn|[from] brn
|upkeep
|turn|70
|
|t:|1776123323
|move|p1a: pb|Ice Punch|p2a: Ting-Lu
|-supereffective|p2a: Ting-Lu
|-damage|p2a: Ting-Lu|0 fnt
|faint|p2a: Ting-Lu
|
|upkeep
|
|t:|1776123330
|switch|p2a: Dondozo|Dondozo, M|55/100
|-damage|p2a: Dondozo|42/100|[from] Stealth Rock
|turn|71
|
|t:|1776123356
|move|p1a: pb|Close Combat|p2a: Dondozo
|-damage|p2a: Dondozo|14/100
|-unboost|p1a: pb|def|1
|-unboost|p1a: pb|spd|1
|move|p2a: Dondozo|Curse|p2a: Dondozo
|-unboost|p2a: Dondozo|spe|1
|-boost|p2a: Dondozo|atk|1
|-boost|p2a: Dondozo|def|1
|
|upkeep
|turn|72
|
|t:|1776123369
|move|p1a: pb|Close Combat|p2a: Dondozo
|-damage|p2a: Dondozo|0 fnt
|-unboost|p1a: pb|def|1
|-unboost|p1a: pb|spd|1
|faint|p2a: Dondozo
|
|upkeep
|
|t:|1776123376
|switch|p2a: Skeledirge|Skeledirge, F|21/100
|turn|73
|
|t:|1776123380
|move|p1a: pb|Shadow Claw|p2a: Skeledirge
|-supereffective|p2a: Skeledirge
|-damage|p2a: Skeledirge|0 fnt
|faint|p2a: Skeledirge
|
|win|council of noob
|l| ohko_smeargle
|l|☆ICOGB
|player|p2|
