|html|<div class="broadcast-blue"><strong>[Gen 9] OU is currently suspecting Tera Blast! For information on how to participate check out the <a href="https://www.smogon.com/tools/suspects/view/200">suspect thread</a>.</strong></div>
|j|☆BlueEmperor
|j|☆a_cashew
|t:|1776070576
|gametype|singles
|player|p1|BlueEmperor|1|1241
|player|p2|a_cashew|2|1167
|gen|9
|tier|[Gen 9] OU
|rated|
|rule|HP Percentage Mod: HP is shown in percentages
|rule|Endless Battle Clause: Forcing endless battles is banned
|rule|Species Clause: Limit one of each Pokémon
|rule|OHKO Clause: OHKO moves are banned
|rule|Evasion Items Clause: Evasion items are banned
|rule|Evasion Moves Clause: Evasion moves are banned
|rule|Evasion Abilities Clause: Evasion abilities are banned
|rule|Sleep Moves Clause: Sleep-inducing moves are banned
|clearpoke
|poke|p1|Dragapult, F|
|poke|p1|Alomomola, F|
|poke|p1|Ting-Lu|
|poke|p1|Kyurem|
|poke|p1|Weezing-Galar, F|
|poke|p1|Corviknight, F|
|poke|p2|Dragapult, M|
|poke|p2|Garganacl, M|
|poke|p2|Lapras, F|
|poke|p2|Serperior, F|
|poke|p2|Cinderace, M|
|poke|p2|Tinkaton, F|
|teampreview
|inactive|Battle timer is ON: inactive players will automatically lose when time's up. (requested by BlueEmperor)
|inactive|BlueEmperor has 120 seconds left.
|
|t:|1776070610
|teamsize|p1|6
|teamsize|p2|6
|start
|switch|p1a: Corviknight|Corviknight, F|100/100
|switch|p2a: Garganaclean|Garganacl, M|100/100
|-ability|p1a: Corviknight|Pressure
|turn|1
|
|t:|1776070629
|move|p1a: Corviknight|U-turn|p2a: Garganaclean
|-crit|p2a: Garganaclean
|-damage|p2a: Garganaclean|90/100
|
|t:|1776070641
|switch|p1a: Ting-Lu|Ting-Lu|100/100|[from] U-turn
|-ability|p1a: Ting-Lu|Vessel of Ruin
|move|p2a: Garganaclean|Stealth Rock|p1a: Ting-Lu
|-sidestart|p1: BlueEmperor|move: Stealth Rock
|
|-heal|p2a: Garganaclean|96/100|[from] item: Leftovers
|upkeep
|turn|2
|inactive|BlueEmperor has 120 seconds left.
|inactive|a_cashew has 120 seconds left.
|
|t:|1776070700
|switch|p2a: Laprass|Lapras, F|100/100
|move|p1a: Ting-Lu|Ruination|p2a: Laprass
|-damage|p2a: Laprass|51/100
|
|-heal|p2a: Laprass|57/100|[from] item: Leftovers
|upkeep
|turn|3
|
|t:|1776070711
|move|p2a: Laprass|Hydro Pump|p1a: Ting-Lu|[miss]
|-miss|p2a: Laprass|p1a: Ting-Lu
|move|p1a: Ting-Lu|Stealth Rock|p2a: Laprass
|-sidestart|p2: a_cashew|move: Stealth Rock
|
|-heal|p2a: Laprass|63/100|[from] item: Leftovers
|upkeep
|turn|4
|
|t:|1776070719
|switch|p1a: Corviknight|Corviknight, F|100/100
|-damage|p1a: Corviknight|88/100|[from] Stealth Rock
|-ability|p1a: Corviknight|Pressure
|move|p2a: Laprass|Hydro Pump|p1a: Corviknight
|-damage|p1a: Corviknight|57/100
|
|-heal|p2a: Laprass|69/100|[from] item: Leftovers
|-heal|p1a: Corviknight|63/100|[from] item: Leftovers
|upkeep
|turn|5
|
|t:|1776070732
|move|p2a: Laprass|Thunderbolt|p1a: Corviknight
|-supereffective|p1a: Corviknight
|-damage|p1a: Corviknight|25/100
|move|p1a: Corviknight|Defog|p2a: Laprass
|-unboost|p2a: Laprass|evasion|1
|-sideend|p2: a_cashew|Stealth Rock|[from] move: Defog|[of] p1a: Corviknight
|-sideend|p1: BlueEmperor|Stealth Rock|[from] move: Defog|[of] p1a: Corviknight
|
|-heal|p2a: Laprass|76/100|[from] item: Leftovers
|-heal|p1a: Corviknight|32/100|[from] item: Leftovers
|upkeep
|turn|6
|
|t:|1776070745
|switch|p1a: Ting-Lu|Ting-Lu|100/100
|-ability|p1a: Ting-Lu|Vessel of Ruin
|move|p2a: Laprass|Thunderbolt|p1a: Ting-Lu
|-immune|p1a: Ting-Lu
|
|-heal|p2a: Laprass|82/100|[from] item: Leftovers
|upkeep
|turn|7
|inactive|BlueEmperor has 120 seconds left.
|
|t:|1776070775
|switch|p1a: Tiffany BlueStones|Kyurem, shiny|100/100
|-ability|p1a: Tiffany BlueStones|Pressure
|-terastallize|p2a: Laprass|Water
|move|p2a: Laprass|Hydro Pump|p1a: Tiffany BlueStones
|-resisted|p1a: Tiffany BlueStones
|-damage|p1a: Tiffany BlueStones|71/100
|
|-heal|p1a: Tiffany BlueStones|77/100|[from] item: Leftovers
|-heal|p2a: Laprass|88/100|[from] item: Leftovers
|upkeep
|turn|8
|inactive|a_cashew has 90 seconds left.
|
|t:|1776070815
|switch|p2a: Dragapullup|Dragapult, M|100/100
|move|p1a: Tiffany BlueStones|Substitute|p1a: Tiffany BlueStones
|-start|p1a: Tiffany BlueStones|Substitute
|-damage|p1a: Tiffany BlueStones|52/100
|
|-heal|p1a: Tiffany BlueStones|59/100|[from] item: Leftovers
|upkeep
|turn|9
|
|t:|1776070830
|-terastallize|p1a: Tiffany BlueStones|Steel
|move|p2a: Dragapullup|Dragon Darts|p1a: Tiffany BlueStones
|-resisted|p1a: Tiffany BlueStones
|-damage|p1a: Tiffany BlueStones|48/100
|-anim|p2a: Dragapullup|Dragon Darts|p1a: Tiffany BlueStones
|-resisted|p1a: Tiffany BlueStones
|-damage|p1a: Tiffany BlueStones|35/100
|move|p1a: Tiffany BlueStones|Freeze-Dry|p2a: Dragapullup
|-supereffective|p2a: Dragapullup
|-damage|p2a: Dragapullup|4/100
|
|-heal|p1a: Tiffany BlueStones|41/100|[from] item: Leftovers
|upkeep
|turn|10
|inactive|BlueEmperor has 120 seconds left.
|inactive|a_cashew has 60 seconds left.
|
|t:|1776070870
|move|p2a: Dragapullup|Confuse Ray|p1a: Tiffany BlueStones
|-start|p1a: Tiffany BlueStones|confusion
|-activate|p1a: Tiffany BlueStones|confusion
|-damage|p1a: Tiffany BlueStones|33/100|[from] confusion
|
|-heal|p1a: Tiffany BlueStones|39/100|[from] item: Leftovers
|upkeep
|turn|11
|
|t:|1776070880
|move|p2a: Dragapullup|U-turn|p1a: Tiffany BlueStones
|-resisted|p1a: Tiffany BlueStones
|-damage|p1a: Tiffany BlueStones|29/100
|
|t:|1776070883
|switch|p2a: Cinderace-Gspot|Cinderace, M|100/100|[from] U-turn
|-activate|p1a: Tiffany BlueStones|confusion
|-damage|p1a: Tiffany BlueStones|20/100|[from] confusion
|
|-heal|p1a: Tiffany BlueStones|26/100|[from] item: Leftovers
|upkeep
|turn|12
|
|t:|1776070895
|move|p2a: Cinderace-Gspot|Pyro Ball|p1a: Tiffany BlueStones
|-supereffective|p1a: Tiffany BlueStones
|-end|p1a: Tiffany BlueStones|Substitute
|-activate|p1a: Tiffany BlueStones|confusion
|move|p1a: Tiffany BlueStones|Earth Power|p2a: Cinderace-Gspot
|-supereffective|p2a: Cinderace-Gspot
|-damage|p2a: Cinderace-Gspot|3/100
|
|-heal|p1a: Tiffany BlueStones|32/100|[from] item: Leftovers
|upkeep
|turn|13
|
|t:|1776070906
|switch|p1a: Fogbound Lake|Alomomola, F|100/100
|move|p2a: Cinderace-Gspot|Pyro Ball|p1a: Fogbound Lake
|-resisted|p1a: Fogbound Lake
|-damage|p1a: Fogbound Lake|85/100
|
|upkeep
|turn|14
|inactive|a_cashew has 60 seconds left.
|
|t:|1776070915
|move|p2a: Cinderace-Gspot|U-turn|p1a: Fogbound Lake
|-start|p2a: Cinderace-Gspot|typechange|Bug|[from] ability: Libero
|-damage|p1a: Fogbound Lake|67/100
|-damage|p2a: Cinderace-Gspot|0 fnt|[from] item: Rocky Helmet|[of] p1a: Fogbound Lake
|faint|p2a: Cinderace-Gspot
|move|p1a: Fogbound Lake|Wish|p1a: Fogbound Lake
|
|upkeep
|inactive|a_cashew has 60 seconds left.
|
|t:|1776070928
|switch|p2a: Serperior to you|Serperior, F, shiny|100/100
|turn|15
|inactive|a_cashew has 60 seconds left.
|
|t:|1776070936
|switch|p1a: Corviknight|Corviknight, F|32/100
|-ability|p1a: Corviknight|Pressure
|move|p2a: Serperior to you|Leaf Storm|p1a: Corviknight
|-resisted|p1a: Corviknight
|-damage|p1a: Corviknight|23/100
|-boost|p2a: Serperior to you|spa|2
|
|-heal|p1a: Corviknight|90/100|[from] move: Wish|[wisher] Fogbound Lake
|-heal|p1a: Corviknight|96/100|[from] item: Leftovers
|upkeep
|turn|16
|inactive|a_cashew has 60 seconds left.
|
|t:|1776070949
|move|p2a: Serperior to you|Leaf Storm|p1a: Corviknight
|-resisted|p1a: Corviknight
|-damage|p1a: Corviknight|81/100
|-boost|p2a: Serperior to you|spa|2
|move|p1a: Corviknight|Brave Bird|p2a: Serperior to you
|-supereffective|p2a: Serperior to you
|-damage|p2a: Serperior to you|16/100
|-damage|p1a: Corviknight|61/100|[from] Recoil
|
|-heal|p1a: Corviknight|67/100|[from] item: Leftovers
|upkeep
|turn|17
|inactive|a_cashew has 60 seconds left.
|
|t:|1776070971
|switch|p2a: Garganaclean|Garganacl, M|96/100
|move|p1a: Corviknight|U-turn|p2a: Garganaclean
|-damage|p2a: Garganaclean|88/100
|
|t:|1776070980
|switch|p1a: Weezing|Weezing-Galar, F|100/100|[from] U-turn
|-ability|p1a: Weezing|Neutralizing Gas
|
|-heal|p2a: Garganaclean|94/100|[from] item: Leftovers
|upkeep
|turn|18
|inactive|a_cashew has 60 seconds left.
|
|t:|1776070991
|move|p1a: Weezing|Toxic|p2a: Garganaclean
|-status|p2a: Garganaclean|tox
|move|p2a: Garganaclean|Earthquake|p1a: Weezing
|-supereffective|p1a: Weezing
|-damage|p1a: Weezing|65/100
|
|-heal|p1a: Weezing|71/100|[from] item: Leftovers
|-heal|p2a: Garganaclean|100/100 tox|[from] item: Leftovers
|-damage|p2a: Garganaclean|94/100 tox|[from] psn
|upkeep
|turn|19
|inactive|a_cashew has 60 seconds left.
|
|t:|1776071009
|move|p1a: Weezing|Protect|p1a: Weezing
|-singleturn|p1a: Weezing|Protect
|move|p2a: Garganaclean|Stealth Rock|p1a: Weezing
|-sidestart|p1: BlueEmperor|move: Stealth Rock
|
|-heal|p1a: Weezing|77/100|[from] item: Leftovers
|-heal|p2a: Garganaclean|100/100 tox|[from] item: Leftovers
|-damage|p2a: Garganaclean|88/100 tox|[from] psn
|upkeep
|turn|20
|
|t:|1776071018
|move|p1a: Weezing|Defog|p2a: Garganaclean
|-unboost|p2a: Garganaclean|evasion|1
|-sideend|p1: BlueEmperor|Stealth Rock|[from] move: Defog|[of] p1a: Weezing
|move|p2a: Garganaclean|Salt Cure|p1a: Weezing
|-damage|p1a: Weezing|66/100
|-start|p1a: Weezing|Salt Cure
|
|-heal|p1a: Weezing|72/100|[from] item: Leftovers
|-heal|p2a: Garganaclean|94/100 tox|[from] item: Leftovers
|-damage|p2a: Garganaclean|76/100 tox|[from] psn
|-damage|p1a: Weezing|60/100|[from] Salt Cure
|upkeep
|turn|21
|inactive|a_cashew has 60 seconds left.
|
|t:|1776071039
|-end|p1a: Weezing|ability: Neutralizing Gas
|switch|p1a: Fogbound Lake|Alomomola, F|100/100
|move|p2a: Garganaclean|Earthquake|p1a: Fogbound Lake
|-damage|p1a: Fogbound Lake|88/100
|
|-heal|p2a: Garganaclean|82/100 tox|[from] item: Leftovers
|-damage|p2a: Garganaclean|57/100 tox|[from] psn
|upkeep
|turn|22
|
|t:|1776071050
|move|p1a: Fogbound Lake|Wish|p1a: Fogbound Lake
|move|p2a: Garganaclean|Salt Cure|p1a: Fogbound Lake
|-damage|p1a: Fogbound Lake|80/100
|-start|p1a: Fogbound Lake|Salt Cure
|
|-heal|p2a: Garganaclean|63/100 tox|[from] item: Leftovers
|-damage|p2a: Garganaclean|32/100 tox|[from] psn
|-damage|p1a: Fogbound Lake|55/100|[from] Salt Cure
|upkeep
|turn|23
|
|t:|1776071061
|move|p1a: Fogbound Lake|Flip Turn|p2a: Garganaclean
|-supereffective|p2a: Garganaclean
|-damage|p2a: Garganaclean|15/100 tox
|
|t:|1776071067
|switch|p1a: Tiffany BlueStones|Kyurem, shiny, tera:Steel|32/100|[from] Flip Turn
|-ability|p1a: Tiffany BlueStones|Pressure
|move|p2a: Garganaclean|Recover|p2a: Garganaclean
|-heal|p2a: Garganaclean|65/100 tox
|
|-heal|p1a: Tiffany BlueStones|100/100|[from] move: Wish|[wisher] Fogbound Lake
|-heal|p2a: Garganaclean|71/100 tox|[from] item: Leftovers
|-damage|p2a: Garganaclean|34/100 tox|[from] psn
|upkeep
|turn|24
|
|t:|1776071088
|switch|p1a: Fogbound Lake|Alomomola, F|88/100
|move|p2a: Garganaclean|Recover|p2a: Garganaclean
|-heal|p2a: Garganaclean|84/100 tox
|
|-heal|p2a: Garganaclean|90/100 tox|[from] item: Leftovers
|-damage|p2a: Garganaclean|47/100 tox|[from] psn
|upkeep
|turn|25
|
|t:|1776071101
|switch|p2a: Serperior to you|Serperior, F, shiny|16/100
|move|p1a: Fogbound Lake|Wish|p1a: Fogbound Lake
|
|upkeep
|turn|26
|
|t:|1776071108
|switch|p1a: Corviknight|Corviknight, F|67/100
|-ability|p1a: Corviknight|Pressure
|move|p2a: Serperior to you|Leaf Storm|p1a: Corviknight
|-resisted|p1a: Corviknight
|-damage|p1a: Corviknight|59/100
|-boost|p2a: Serperior to you|spa|2
|
|-heal|p1a: Corviknight|100/100|[from] move: Wish|[wisher] Fogbound Lake
|upkeep
|turn|27
|inactive|a_cashew has 30 seconds left.
|inactive|a_cashew has 20 seconds left.
|inactive|a_cashew has 15 seconds left.
|inactive|a_cashew has 10 seconds left.
|inactive|a_cashew has 5 seconds left.
|-message|a_cashew lost due to inactivity.
|
|win|BlueEmperor
|raw|BlueEmperor's rating: 1241 &rarr; <strong>1261</strong><br />(+20 for winning)
|raw|a_cashew's rating: 1167 &rarr; <strong>1147</strong><br />(-20 for losing)
|l|☆a_cashew
|player|p2|
|c|☆BlueEmperor|gg
|l|☆BlueEmperor
|player|p1|
