|html|<div class="broadcast-blue"><strong>[Gen 9] OU is currently suspecting Tera Blast! For information on how to participate check out the <a href="https://www.smogon.com/tools/suspects/view/200">suspect thread</a>.</strong></div>
|j|☆yourphobiaz
|j|☆Blaze Fenix
|t:|1776033691
|gametype|singles
|player|p1|yourphobiaz|266|1230
|player|p2|Blaze Fenix|blue|1223
|gen|9
|tier|[Gen 9] OU
|rated|
|rule|HP Percentage Mod: HP is shown in percentages
|rule|Endless Battle Clause: Forcing endless battles is banned
|rule|Species Clause: Limit one of each Pokémon
|rule|OHKO Clause: OHKO moves are banned
|rule|Evasion Items Clause: Evasion items are banned
|rule|Evasion Moves Clause: Evasion moves are banned
|rule|Evasion Abilities Clause: Evasion abilities are banned
|rule|Sleep Moves Clause: Sleep-inducing moves are banned
|clearpoke
|poke|p1|Leafeon, F|
|poke|p1|Comfey, M|
|poke|p1|Iron Moth|
|poke|p1|Great Tusk|
|poke|p1|Walking Wake|
|poke|p1|Ninetales, F|
|poke|p2|Entei|
|poke|p2|Garchomp, M|
|poke|p2|Weavile, F|
|poke|p2|Slowbro, M|
|poke|p2|Corviknight, F|
|poke|p2|Rillaboom, M|
|teampreview
|inactive|Battle timer is ON: inactive players will automatically lose when time's up. (requested by yourphobiaz)
|
|t:|1776033731
|teamsize|p1|6
|teamsize|p2|6
|start
|switch|p1a: Comfey|Comfey, M|100/100
|switch|p2a: Slowbro|Slowbro, M|100/100
|turn|1
|
|t:|1776033740
|move|p1a: Comfey|Growth|p1a: Comfey
|-boost|p1a: Comfey|atk|1
|-boost|p1a: Comfey|spa|1
|move|p2a: Slowbro|Future Sight|p1a: Comfey
|-start|p2a: Slowbro|move: Future Sight
|
|upkeep
|turn|2
|
|t:|1776033751
|switch|p2a: Corviknight|Corviknight, F|100/100
|-ability|p2a: Corviknight|Pressure
|move|p1a: Comfey|Growth|p1a: Comfey
|-boost|p1a: Comfey|atk|1
|-boost|p1a: Comfey|spa|1
|
|upkeep
|turn|3
|
|t:|1776033759
|move|p1a: Comfey|Draining Kiss|p2a: Corviknight
|-resisted|p2a: Corviknight
|-damage|p2a: Corviknight|82/100
|-damage|p1a: Comfey|91/100|[from] item: Life Orb
|move|p2a: Corviknight|Brave Bird|p1a: Comfey
|-damage|p1a: Comfey|53/100
|-damage|p2a: Corviknight|72/100|[from] Recoil
|
|-end|p1a: Comfey|move: Future Sight
|-damage|p1a: Comfey|11/100
|-heal|p2a: Corviknight|78/100|[from] item: Leftovers
|upkeep
|turn|4
|
|t:|1776033777
|switch|p1a: Ninetales|Ninetales, F, shiny|100/100
|-weather|SunnyDay|[from] ability: Drought|[of] p1a: Ninetales
|move|p2a: Corviknight|Brave Bird|p1a: Ninetales
|-damage|p1a: Ninetales|58/100
|-damage|p2a: Corviknight|66/100|[from] Recoil
|
|-weather|SunnyDay|[upkeep]
|-heal|p2a: Corviknight|72/100|[from] item: Leftovers
|upkeep
|turn|5
|
|t:|1776033788
|switch|p2a: Garchomp|Garchomp, M|100/100
|move|p1a: Ninetales|Will-O-Wisp|p2a: Garchomp
|-status|p2a: Garchomp|brn
|
|-weather|SunnyDay|[upkeep]
|-damage|p2a: Garchomp|94/100 brn|[from] brn
|upkeep
|turn|6
|
|t:|1776033801
|switch|p1a: Walking Wake|Walking Wake|100/100
|-activate|p1a: Walking Wake|ability: Protosynthesis
|-start|p1a: Walking Wake|protosynthesisspe
|move|p2a: Garchomp|Stealth Rock|p1a: Walking Wake
|-sidestart|p1: yourphobiaz|move: Stealth Rock
|
|-weather|SunnyDay|[upkeep]
|-damage|p2a: Garchomp|88/100 brn|[from] brn
|upkeep
|turn|7
|
|t:|1776033812
|move|p1a: Walking Wake|Hydro Steam|p2a: Garchomp
|-damage|p2a: Garchomp|0 fnt
|faint|p2a: Garchomp
|
|-weather|SunnyDay|[upkeep]
|upkeep
|
|t:|1776033826
|switch|p2a: Slowbro|Slowbro, M|100/100
|turn|8
|
|t:|1776033834
|move|p1a: Walking Wake|Hydro Steam|p2a: Slowbro
|-resisted|p2a: Slowbro
|-damage|p2a: Slowbro|53/100
|move|p2a: Slowbro|Thunder Wave|p1a: Walking Wake
|-status|p1a: Walking Wake|par
|
|-weather|SunnyDay|[upkeep]
|upkeep
|turn|9
|
|t:|1776033846
|switch|p2a: Corviknight|Corviknight, F|72/100
|-ability|p2a: Corviknight|Pressure
|-terastallize|p1a: Walking Wake|Water
|move|p1a: Walking Wake|Hydro Steam|p2a: Corviknight
|-damage|p2a: Corviknight|0 fnt
|faint|p2a: Corviknight
|
|-weather|SunnyDay|[upkeep]
|upkeep
|
|t:|1776033858
|switch|p2a: Rillaboom|Rillaboom, M|100/100
|-fieldstart|move: Grassy Terrain|[from] ability: Grassy Surge|[of] p2a: Rillaboom
|turn|10
|
|t:|1776033864
|-end|p1a: Walking Wake|Protosynthesis|[silent]
|switch|p1a: Leafeon|Leafeon, F|100/100
|-damage|p1a: Leafeon|88/100|[from] Stealth Rock
|-terastallize|p2a: Rillaboom|Grass
|move|p2a: Rillaboom|Grassy Glide|p1a: Leafeon
|-resisted|p1a: Leafeon
|-damage|p1a: Leafeon|63/100
|
|-weather|SunnyDay|[upkeep]
|-heal|p1a: Leafeon|69/100|[from] Grassy Terrain
|upkeep
|turn|11
|
|t:|1776033876
|move|p1a: Leafeon|Knock Off|p2a: Rillaboom
|-damage|p2a: Rillaboom|52/100
|-enditem|p2a: Rillaboom|Lum Berry|[from] move: Knock Off|[of] p1a: Leafeon
|-damage|p1a: Leafeon|59/100|[from] item: Life Orb
|move|p2a: Rillaboom|Swords Dance|p2a: Rillaboom
|-boost|p2a: Rillaboom|atk|2
|
|-weather|none
|-heal|p1a: Leafeon|65/100|[from] Grassy Terrain
|-heal|p2a: Rillaboom|58/100|[from] Grassy Terrain
|upkeep
|turn|12
|
|t:|1776033887
|move|p2a: Rillaboom|Hammer Arm|p1a: Leafeon
|-damage|p1a: Leafeon|1/100
|-unboost|p2a: Rillaboom|spe|1
|move|p1a: Leafeon|Swords Dance|p1a: Leafeon
|-boost|p1a: Leafeon|atk|2
|
|-heal|p1a: Leafeon|7/100|[from] Grassy Terrain
|-heal|p2a: Rillaboom|64/100|[from] Grassy Terrain
|upkeep
|turn|13
|
|t:|1776033898
|move|p2a: Rillaboom|Grassy Glide|p1a: Leafeon
|-resisted|p1a: Leafeon
|-damage|p1a: Leafeon|0 fnt
|faint|p1a: Leafeon
|
|-heal|p2a: Rillaboom|71/100|[from] Grassy Terrain
|upkeep
|
|t:|1776033901
|switch|p1a: Ninetales|Ninetales, F, shiny|58/100
|-damage|p1a: Ninetales|33/100|[from] Stealth Rock
|-weather|SunnyDay|[from] ability: Drought|[of] p1a: Ninetales
|turn|14
|
|t:|1776033917
|switch|p1a: Iron Moth|Iron Moth, shiny|100/100
|-damage|p1a: Iron Moth|76/100|[from] Stealth Rock
|-enditem|p1a: Iron Moth|Booster Energy
|-activate|p1a: Iron Moth|ability: Quark Drive|[fromitem]
|-start|p1a: Iron Moth|quarkdrivespe
|move|p2a: Rillaboom|Grassy Glide|p1a: Iron Moth
|-resisted|p1a: Iron Moth
|-damage|p1a: Iron Moth|35/100
|
|-weather|SunnyDay|[upkeep]
|-heal|p1a: Iron Moth|41/100|[from] Grassy Terrain
|-heal|p2a: Rillaboom|77/100|[from] Grassy Terrain
|-fieldend|move: Grassy Terrain
|upkeep
|turn|15
|
|t:|1776033934
|switch|p2a: Slowbro|Slowbro, M|87/100
|move|p1a: Iron Moth|Sludge Wave|p2a: Slowbro
|-damage|p2a: Slowbro|36/100
|-status|p2a: Slowbro|psn
|
|-weather|SunnyDay|[upkeep]
|-damage|p2a: Slowbro|24/100 psn|[from] psn
|upkeep
|turn|16
|
|t:|1776033944
|move|p1a: Iron Moth|Sludge Wave|p2a: Slowbro
|-damage|p2a: Slowbro|0 fnt
|faint|p2a: Slowbro
|
|-weather|SunnyDay|[upkeep]
|upkeep
|
|t:|1776033951
|switch|p2a: Entei|Entei|100/100
|turn|17
|
|t:|1776033957
|move|p2a: Entei|Extreme Speed|p1a: Iron Moth
|-damage|p1a: Iron Moth|0 fnt
|faint|p1a: Iron Moth
|-end|p1a: Iron Moth|Quark Drive|[silent]
|
|-weather|SunnyDay|[upkeep]
|upkeep
|
|t:|1776033965
|switch|p1a: Walking Wake|Walking Wake, tera:Water|100/100 par
|-damage|p1a: Walking Wake|88/100 par|[from] Stealth Rock
|-activate|p1a: Walking Wake|ability: Protosynthesis
|-start|p1a: Walking Wake|protosynthesisspe
|turn|18
|
|t:|1776033974
|move|p2a: Entei|Extreme Speed|p1a: Walking Wake
|-damage|p1a: Walking Wake|44/100 par
|move|p1a: Walking Wake|Flamethrower|p2a: Entei
|-resisted|p2a: Entei
|-damage|p2a: Entei|60/100
|
|-weather|SunnyDay|[upkeep]
|upkeep
|turn|19
|
|t:|1776033982
|-end|p1a: Walking Wake|Protosynthesis|[silent]
|switch|p1a: Great Tusk|Great Tusk, shiny|100/100
|-activate|p1a: Great Tusk|ability: Protosynthesis
|-start|p1a: Great Tusk|protosynthesisspe
|move|p2a: Entei|Extreme Speed|p1a: Great Tusk
|-damage|p1a: Great Tusk|75/100
|
|-weather|SunnyDay|[upkeep]
|upkeep
|turn|20
|
|t:|1776033994
|move|p2a: Entei|Extreme Speed|p1a: Great Tusk
|-damage|p1a: Great Tusk|47/100
|move|p1a: Great Tusk|Rapid Spin|p2a: Entei
|-damage|p2a: Entei|45/100
|-boost|p1a: Great Tusk|spe|1
|-sideend|p1: yourphobiaz|Stealth Rock|[from] move: Rapid Spin|[of] p1a: Great Tusk
|
|-weather|SunnyDay|[upkeep]
|upkeep
|turn|21
|
|t:|1776034003
|move|p2a: Entei|Extreme Speed|p1a: Great Tusk
|-damage|p1a: Great Tusk|19/100
|move|p1a: Great Tusk|Headlong Rush|p2a: Entei
|-supereffective|p2a: Entei
|-damage|p2a: Entei|0 fnt
|-unboost|p1a: Great Tusk|def|1
|-unboost|p1a: Great Tusk|spd|1
|faint|p2a: Entei
|
|-weather|none
|-end|p1a: Great Tusk|Protosynthesis
|upkeep
|
|t:|1776034016
|switch|p2a: Rillaboom|Rillaboom, M, tera:Grass|77/100
|-fieldstart|move: Grassy Terrain|[from] ability: Grassy Surge|[of] p2a: Rillaboom
|turn|22
|
|t:|1776034025
|move|p1a: Great Tusk|Close Combat|p2a: Rillaboom
|-damage|p2a: Rillaboom|25/100
|-unboost|p1a: Great Tusk|def|1
|-unboost|p1a: Great Tusk|spd|1
|move|p2a: Rillaboom|Swords Dance|p2a: Rillaboom
|-boost|p2a: Rillaboom|atk|2
|
|-heal|p1a: Great Tusk|26/100|[from] Grassy Terrain
|-heal|p2a: Rillaboom|31/100|[from] Grassy Terrain
|upkeep
|turn|23
|
|t:|1776034038
|move|p2a: Rillaboom|Grassy Glide|p1a: Great Tusk
|-supereffective|p1a: Great Tusk
|-damage|p1a: Great Tusk|0 fnt
|faint|p1a: Great Tusk
|-end|p1a: Great Tusk|Protosynthesis|[silent]
|
|-heal|p2a: Rillaboom|37/100|[from] Grassy Terrain
|upkeep
|
|t:|1776034041
|switch|p1a: Ninetales|Ninetales, F, shiny|33/100
|-weather|SunnyDay|[from] ability: Drought|[of] p1a: Ninetales
|turn|24
|
|t:|1776034049
|move|p2a: Rillaboom|Grassy Glide|p1a: Ninetales
|-resisted|p1a: Ninetales
|-crit|p1a: Ninetales
|-damage|p1a: Ninetales|0 fnt
|faint|p1a: Ninetales
|
|-weather|SunnyDay|[upkeep]
|-heal|p2a: Rillaboom|43/100|[from] Grassy Terrain
|upkeep
|
|t:|1776034054
|switch|p1a: Comfey|Comfey, M|11/100
|turn|25
|
|t:|1776034060
|switch|p2a: Weavile|Weavile, F|100/100
|move|p1a: Comfey|Draining Kiss|p2a: Weavile
|-supereffective|p2a: Weavile
|-damage|p2a: Weavile|25/100
|-heal|p1a: Comfey|63/100|[from] drain|[of] p2a: Weavile
|-damage|p1a: Comfey|53/100|[from] item: Life Orb
|
|-weather|SunnyDay|[upkeep]
|-heal|p2a: Weavile|31/100|[from] Grassy Terrain
|-heal|p1a: Comfey|59/100|[from] Grassy Terrain
|upkeep
|turn|26
|inactive|Blaze Fenix has 120 seconds left.
|c|☆Blaze Fenix|I thought that was psychic. Damn.
|
|t:|1776034117
|move|p1a: Comfey|Draining Kiss|p2a: Weavile
|-supereffective|p2a: Weavile
|-damage|p2a: Weavile|0 fnt
|-heal|p1a: Comfey|80/100|[from] drain|[of] p2a: Weavile
|faint|p2a: Weavile
|-damage|p1a: Comfey|70/100|[from] item: Life Orb
|
|-weather|SunnyDay|[upkeep]
|-heal|p1a: Comfey|77/100|[from] Grassy Terrain
|-fieldend|move: Grassy Terrain
|upkeep
|c|☆yourphobiaz|?
|inactive|Blaze Fenix has 90 seconds left.
|
|t:|1776034127
|switch|p2a: Rillaboom|Rillaboom, M, tera:Grass|43/100
|-fieldstart|move: Grassy Terrain|[from] ability: Grassy Surge|[of] p2a: Rillaboom
|turn|27
|
|t:|1776034134
|move|p1a: Comfey|Draining Kiss|p2a: Rillaboom
|-damage|p2a: Rillaboom|7/100
|-heal|p1a: Comfey|100/100|[from] drain|[of] p2a: Rillaboom
|-damage|p1a: Comfey|91/100|[from] item: Life Orb
|move|p2a: Rillaboom|Grassy Glide|p1a: Comfey
|-crit|p1a: Comfey
|-damage|p1a: Comfey|0 fnt
|faint|p1a: Comfey
|
|-weather|SunnyDay|[upkeep]
|-heal|p2a: Rillaboom|13/100|[from] Grassy Terrain
|upkeep
|
|t:|1776034137
|switch|p1a: Walking Wake|Walking Wake, tera:Water|44/100 par
|-activate|p1a: Walking Wake|ability: Protosynthesis
|-start|p1a: Walking Wake|protosynthesisspe
|turn|28
|c|☆yourphobiaz|gg
|
|t:|1776034151
|move|p2a: Rillaboom|Grassy Glide|p1a: Walking Wake
|-supereffective|p1a: Walking Wake
|-damage|p1a: Walking Wake|0 fnt
|faint|p1a: Walking Wake
|-end|p1a: Walking Wake|Protosynthesis|[silent]
|
|win|Blaze Fenix
|raw|yourphobiaz's rating: 1230 &rarr; <strong>1204</strong><br />(-26 for losing)
|raw|Blaze Fenix's rating: 1223 &rarr; <strong>1249</strong><br />(+26 for winning)
|l|☆Blaze Fenix
|player|p2|
|l|☆yourphobiaz
|player|p1|
