|html|<div class="broadcast-blue"><strong>[Gen 9] OU is currently suspecting Tera Blast! For information on how to participate check out the <a href="https://www.smogon.com/tools/suspects/view/200">suspect thread</a>.</strong></div>
|j|☆orbate
|j|☆pontinhu
|t:|1776113762
|gametype|singles
|player|p1|orbate|bruno|1383
|player|p2|pontinhu|plasmagrunt-gen5bw|1411
|gen|9
|tier|[Gen 9] OU
|rated|
|rule|HP Percentage Mod: HP is shown in percentages
|rule|Endless Battle Clause: Forcing endless battles is banned
|rule|Species Clause: Limit one of each Pokémon
|rule|OHKO Clause: OHKO moves are banned
|rule|Evasion Items Clause: Evasion items are banned
|rule|Evasion Moves Clause: Evasion moves are banned
|rule|Evasion Abilities Clause: Evasion abilities are banned
|rule|Sleep Moves Clause: Sleep-inducing moves are banned
|clearpoke
|poke|p1|Tyranitar, F|
|poke|p1|Excadrill, F|
|poke|p1|Samurott-Hisui, M|
|poke|p1|Gholdengo|
|poke|p1|Meowscarada, M|
|poke|p1|Ogerpon-Wellspring, F|
|poke|p2|Yanmega, F|
|poke|p2|Ogerpon-Wellspring, F|
|poke|p2|Cloyster, F|
|poke|p2|Ribombee, F|
|poke|p2|Donphan, M|
|poke|p2|Metagross|
|teampreview
|inactive|Battle timer is ON: inactive players will automatically lose when time's up. (requested by pontinhu)
|
|t:|1776113771
|teamsize|p1|6
|teamsize|p2|6
|start
|switch|p1a: Samurott|Samurott-Hisui, M|100/100
|switch|p2a: Ribombee|Ribombee, F|100/100
|turn|1
|
|t:|1776113778
|move|p2a: Ribombee|Moonblast|p1a: Samurott
|-supereffective|p1a: Samurott
|-crit|p1a: Samurott
|-enditem|p1a: Samurott|Focus Sash
|-damage|p1a: Samurott|1/100
|move|p1a: Samurott|Encore|p2a: Ribombee
|-start|p2a: Ribombee|Encore
|
|upkeep
|turn|2
|
|t:|1776113788
|move|p1a: Samurott|Aqua Jet|p2a: Ribombee
|-damage|p2a: Ribombee|64/100
|move|p2a: Ribombee|Moonblast|p1a: Samurott
|-supereffective|p1a: Samurott
|-damage|p1a: Samurott|0 fnt
|faint|p1a: Samurott
|
|upkeep
|
|t:|1776113801
|switch|p1a: Darude|Tyranitar, F|100/100
|-weather|Sandstorm|[from] ability: Sand Stream|[of] p1a: Darude
|turn|3
|
|t:|1776113807
|switch|p2a: Ogerpon|Ogerpon-Wellspring, F|100/100
|move|p1a: Darude|Stone Edge|p2a: Ogerpon|[miss]
|-miss|p1a: Darude|p2a: Ogerpon
|
|-weather|Sandstorm|[upkeep]
|-damage|p2a: Ogerpon|95/100|[from] Sandstorm
|upkeep
|turn|4
|
|t:|1776113816
|switch|p1a: Ogerpon|Ogerpon-Wellspring, F|100/100
|move|p2a: Ogerpon|Knock Off|p1a: Ogerpon
|-damage|p1a: Ogerpon|66/100
|
|-weather|Sandstorm|[upkeep]
|-damage|p1a: Ogerpon|60/100|[from] Sandstorm
|-damage|p2a: Ogerpon|89/100|[from] Sandstorm
|upkeep
|turn|5
|
|t:|1776113826
|move|p1a: Ogerpon|Horn Leech|p2a: Ogerpon
|-damage|p2a: Ogerpon|29/100
|-heal|p1a: Ogerpon|90/100|[from] drain|[of] p2a: Ogerpon
|move|p2a: Ogerpon|Horn Leech|p1a: Ogerpon
|-damage|p1a: Ogerpon|28/100
|-heal|p2a: Ogerpon|61/100|[from] drain|[of] p1a: Ogerpon
|
|-weather|Sandstorm|[upkeep]
|-damage|p2a: Ogerpon|55/100|[from] Sandstorm
|-damage|p1a: Ogerpon|22/100|[from] Sandstorm
|upkeep
|turn|6
|
|t:|1776113838
|move|p1a: Ogerpon|Horn Leech|p2a: Ogerpon
|-damage|p2a: Ogerpon|0 fnt
|-heal|p1a: Ogerpon|49/100|[from] drain|[of] p2a: Ogerpon
|faint|p2a: Ogerpon
|
|-weather|Sandstorm|[upkeep]
|-damage|p1a: Ogerpon|43/100|[from] Sandstorm
|upkeep
|
|t:|1776113854
|switch|p2a: Metagross|Metagross|100/100
|turn|7
|
|t:|1776113866
|move|p1a: Ogerpon|Knock Off|p2a: Metagross
|-supereffective|p2a: Metagross
|-damage|p2a: Metagross|34/100
|-enditem|p2a: Metagross|Weakness Policy
|-boost|p2a: Metagross|atk|2|[from] item: Weakness Policy
|-boost|p2a: Metagross|spa|2|[from] item: Weakness Policy
|move|p2a: Metagross|Agility|p2a: Metagross
|-boost|p2a: Metagross|spe|2
|
|-weather|Sandstorm|[upkeep]
|-damage|p1a: Ogerpon|37/100|[from] Sandstorm
|upkeep
|turn|8
|
|t:|1776113879
|move|p2a: Metagross|Psychic Fangs|p1a: Ogerpon
|-damage|p1a: Ogerpon|0 fnt
|faint|p1a: Ogerpon
|
|-weather|Sandstorm|[upkeep]
|upkeep
|
|t:|1776113885
|switch|p1a: JPEGMAFIA FAN|Excadrill, F|100/100
|-item|p1a: JPEGMAFIA FAN|Air Balloon
|turn|9
|
|t:|1776113891
|move|p1a: JPEGMAFIA FAN|Earthquake|p2a: Metagross
|-supereffective|p2a: Metagross
|-damage|p2a: Metagross|0 fnt
|faint|p2a: Metagross
|
|-weather|Sandstorm|[upkeep]
|upkeep
|
|t:|1776113905
|switch|p2a: Yanmega|Yanmega, F|100/100
|turn|10
|
|t:|1776113926
|move|p2a: Yanmega|Protect|p2a: Yanmega
|-singleturn|p2a: Yanmega|Protect
|move|p1a: JPEGMAFIA FAN|Rock Slide|p2a: Yanmega
|-activate|p2a: Yanmega|move: Protect
|
|-weather|none
|-ability|p2a: Yanmega|Speed Boost|boost
|-boost|p2a: Yanmega|spe|1
|upkeep
|turn|11
|
|t:|1776113937
|switch|p1a: Darude|Tyranitar, F|100/100
|-weather|Sandstorm|[from] ability: Sand Stream|[of] p1a: Darude
|-terastallize|p2a: Yanmega|Ground
|move|p2a: Yanmega|Bug Buzz|p1a: Darude
|-supereffective|p1a: Darude
|-damage|p1a: Darude|49/100
|-unboost|p1a: Darude|spd|1
|-enditem|p2a: Yanmega|Throat Spray
|-boost|p2a: Yanmega|spa|1|[from] item: Throat Spray
|
|-weather|Sandstorm|[upkeep]
|-ability|p2a: Yanmega|Speed Boost|boost
|-boost|p2a: Yanmega|spe|1
|upkeep
|turn|12
|
|t:|1776113954
|move|p2a: Yanmega|Bug Buzz|p1a: Darude
|-supereffective|p1a: Darude
|-damage|p1a: Darude|0 fnt
|faint|p1a: Darude
|
|-weather|Sandstorm|[upkeep]
|-ability|p2a: Yanmega|Speed Boost|boost
|-boost|p2a: Yanmega|spe|1
|upkeep
|
|t:|1776113961
|switch|p1a: JPEGMAFIA FAN|Excadrill, F|100/100
|-item|p1a: JPEGMAFIA FAN|Air Balloon
|turn|13
|
|t:|1776113966
|move|p2a: Yanmega|Protect|p2a: Yanmega
|-singleturn|p2a: Yanmega|Protect
|move|p1a: JPEGMAFIA FAN|Earthquake|p2a: Yanmega
|-activate|p2a: Yanmega|move: Protect
|
|-weather|Sandstorm|[upkeep]
|-ability|p2a: Yanmega|Speed Boost|boost
|-boost|p2a: Yanmega|spe|1
|upkeep
|turn|14
|
|t:|1776113975
|move|p2a: Yanmega|Air Slash|p1a: JPEGMAFIA FAN
|-resisted|p1a: JPEGMAFIA FAN
|-damage|p1a: JPEGMAFIA FAN|62/100
|-enditem|p1a: JPEGMAFIA FAN|Air Balloon
|move|p1a: JPEGMAFIA FAN|Earthquake|p2a: Yanmega
|-damage|p2a: Yanmega|24/100
|
|-weather|Sandstorm|[upkeep]
|-ability|p2a: Yanmega|Speed Boost|boost
|-boost|p2a: Yanmega|spe|1
|upkeep
|turn|15
|
|t:|1776113987
|move|p2a: Yanmega|Protect|p2a: Yanmega
|-singleturn|p2a: Yanmega|Protect
|move|p1a: JPEGMAFIA FAN|Earthquake|p2a: Yanmega
|-activate|p2a: Yanmega|move: Protect
|
|-weather|Sandstorm|[upkeep]
|-ability|p2a: Yanmega|Speed Boost|boost
|-boost|p2a: Yanmega|spe|1
|upkeep
|turn|16
|
|t:|1776113996
|move|p2a: Yanmega|Tera Blast|p1a: JPEGMAFIA FAN|[anim] Tera Blast Ground
|-supereffective|p1a: JPEGMAFIA FAN
|-damage|p1a: JPEGMAFIA FAN|0 fnt
|faint|p1a: JPEGMAFIA FAN
|
|-weather|Sandstorm|[upkeep]
|upkeep
|
|t:|1776114004
|switch|p1a: Gholdengo|Gholdengo|100/100
|-item|p1a: Gholdengo|Air Balloon
|turn|17
|
|t:|1776114010
|move|p2a: Yanmega|Protect|p2a: Yanmega
|-singleturn|p2a: Yanmega|Protect
|move|p1a: Gholdengo|Shadow Ball|p2a: Yanmega
|-activate|p2a: Yanmega|move: Protect
|
|-weather|Sandstorm|[upkeep]
|upkeep
|turn|18
|
|t:|1776114019
|move|p2a: Yanmega|Air Slash|p1a: Gholdengo
|-resisted|p1a: Gholdengo
|-damage|p1a: Gholdengo|66/100
|-enditem|p1a: Gholdengo|Air Balloon
|move|p1a: Gholdengo|Shadow Ball|p2a: Yanmega
|-damage|p2a: Yanmega|0 fnt
|faint|p2a: Yanmega
|
|-weather|none
|upkeep
|
|t:|1776114033
|switch|p2a: Ribombee|Ribombee, F|64/100
|turn|19
|
|t:|1776114044
|move|p2a: Ribombee|Sticky Web|p1a: Gholdengo
|-sidestart|p1: orbate|move: Sticky Web
|move|p1a: Gholdengo|Make It Rain|p2a: Ribombee
|-supereffective|p2a: Ribombee
|-damage|p2a: Ribombee|0 fnt
|-unboost|p1a: Gholdengo|spa|1
|faint|p2a: Ribombee
|
|upkeep
|
|t:|1776114054
|switch|p2a: Donphan|Donphan, M|100/100
|turn|20
|
|t:|1776114063
|-terastallize|p1a: Gholdengo|Fairy
|move|p1a: Gholdengo|Nasty Plot|p1a: Gholdengo
|-boost|p1a: Gholdengo|spa|2
|move|p2a: Donphan|Earthquake|p1a: Gholdengo
|-damage|p1a: Gholdengo|7/100
|
|upkeep
|turn|21
|
|t:|1776114073
|move|p2a: Donphan|Ice Shard|p1a: Gholdengo
|-damage|p1a: Gholdengo|0 fnt
|faint|p1a: Gholdengo
|
|upkeep
|
|t:|1776114077
|switch|p1a: Meowscarada|Meowscarada, M|100/100
|-activate|p1a: Meowscarada|move: Sticky Web
|-unboost|p1a: Meowscarada|spe|1
|turn|22
|
|t:|1776114084
|move|p2a: Donphan|Ice Shard|p1a: Meowscarada
|-supereffective|p1a: Meowscarada
|-damage|p1a: Meowscarada|55/100
|move|p1a: Meowscarada|Flower Trick|p2a: Donphan
|-start|p1a: Meowscarada|typechange|Grass|[from] ability: Protean
|-supereffective|p2a: Donphan
|-crit|p2a: Donphan
|-ability|p2a: Donphan|Sturdy
|-damage|p2a: Donphan|1/100
|
|-heal|p2a: Donphan|7/100|[from] item: Leftovers
|upkeep
|turn|23
|
|t:|1776114097
|move|p2a: Donphan|Ice Shard|p1a: Meowscarada
|-supereffective|p1a: Meowscarada
|-damage|p1a: Meowscarada|10/100
|move|p1a: Meowscarada|Flower Trick|p2a: Donphan
|-supereffective|p2a: Donphan
|-crit|p2a: Donphan
|-damage|p2a: Donphan|0 fnt
|faint|p2a: Donphan
|
|upkeep
|
|t:|1776114107
|switch|p2a: Cloyster|Cloyster, F|100/100
|turn|24
|
|t:|1776114110
|move|p1a: Meowscarada|Flower Trick|p2a: Cloyster
|-supereffective|p2a: Cloyster
|-crit|p2a: Cloyster
|-damage|p2a: Cloyster|0 fnt
|faint|p2a: Cloyster
|
|win|orbate
|raw|orbate's rating: 1383 &rarr; <strong>1405</strong><br />(+22 for winning)
|raw|pontinhu's rating: 1411 &rarr; <strong>1389</strong><br />(-22 for losing)
|l|☆pontinhu
|player|p2|
|c|☆orbate|gg
|l|☆orbate
|player|p1|
