|html|<div class="broadcast-blue"><strong>[Gen 9] OU is currently suspecting Tera Blast! For information on how to participate check out the <a href="https://www.smogon.com/tools/suspects/view/200">suspect thread</a>.</strong></div>
|j|☆Buffero
|j|☆Chan it goes
|t:|1776062288
|gametype|singles
|player|p1|Buffero|2|1323
|player|p2|Chan it goes|ghetsis|1356
|gen|9
|tier|[Gen 9] OU
|rated|
|rule|HP Percentage Mod: HP is shown in percentages
|rule|Endless Battle Clause: Forcing endless battles is banned
|rule|Species Clause: Limit one of each Pokémon
|rule|OHKO Clause: OHKO moves are banned
|rule|Evasion Items Clause: Evasion items are banned
|rule|Evasion Moves Clause: Evasion moves are banned
|rule|Evasion Abilities Clause: Evasion abilities are banned
|rule|Sleep Moves Clause: Sleep-inducing moves are banned
|clearpoke
|poke|p1|Snorlax, F|
|poke|p1|Garchomp, M|
|poke|p1|Overqwil, F|
|poke|p1|Politoed, M|
|poke|p1|Kilowattrel, F|
|poke|p1|Cinderace, M|
|poke|p2|Garchomp, F|
|poke|p2|Gholdengo|
|poke|p2|Corviknight, F|
|poke|p2|Iron Valiant|
|poke|p2|Scizor, F|
|poke|p2|Ogerpon-Wellspring, F|
|teampreview
|inactive|Battle timer is ON: inactive players will automatically lose when time's up. (requested by Chan it goes)
|inactive|Buffero also wants the timer to be on.
|j| ohko_smeargle
|inactive|Chan it goes has 120 seconds left.
|
|t:|1776062339
|teamsize|p1|6
|teamsize|p2|6
|start
|switch|p1a: TopGun|Garchomp, M|100/100
|switch|p2a: Ogerpon|Ogerpon-Wellspring, F|100/100
|turn|1
|
|t:|1776062354
|move|p2a: Ogerpon|Ivy Cudgel|p1a: TopGun|[anim] Ivy Cudgel Water
|-damage|p1a: TopGun|67/100
|move|p1a: TopGun|Dragon Tail|p2a: Ogerpon
|-damage|p2a: Ogerpon|69/100
|drag|p2a: Garchomp|Garchomp, F|100/100
|
|upkeep
|turn|2
|
|t:|1776062361
|move|p2a: Garchomp|Stealth Rock|p1a: TopGun
|-sidestart|p1: Buffero|move: Stealth Rock
|move|p1a: TopGun|Draco Meteor|p2a: Garchomp
|-supereffective|p2a: Garchomp
|-damage|p2a: Garchomp|36/100
|-unboost|p1a: TopGun|spa|2
|
|upkeep
|turn|3
|
|t:|1776062371
|move|p2a: Garchomp|Spikes|p1a: TopGun
|-sidestart|p1: Buffero|Spikes
|move|p1a: TopGun|Dragon Tail|p2a: Garchomp
|-supereffective|p2a: Garchomp
|-damage|p2a: Garchomp|5/100
|-damage|p1a: TopGun|54/100|[from] ability: Rough Skin|[of] p2a: Garchomp
|-damage|p1a: TopGun|38/100|[from] item: Rocky Helmet|[of] p2a: Garchomp
|drag|p2a: Ogerpon|Ogerpon-Wellspring, F|69/100
|
|upkeep
|turn|4
|
|t:|1776062380
|switch|p2a: Iron Valiant|Iron Valiant|100/100
|move|p1a: TopGun|Dragon Tail|p2a: Iron Valiant
|-immune|p2a: Iron Valiant
|
|upkeep
|turn|5
|
|t:|1776062391
|switch|p1a: Bowser|Snorlax, F|100/100
|-damage|p1a: Bowser|88/100|[from] Stealth Rock
|-damage|p1a: Bowser|76/100|[from] Spikes
|move|p2a: Iron Valiant|Moonblast|p1a: Bowser
|-damage|p1a: Bowser|45/100
|
|-heal|p1a: Bowser|51/100|[from] item: Leftovers
|upkeep
|turn|6
|
|t:|1776062404
|-end|p2a: Iron Valiant|Quark Drive|[silent]
|switch|p2a: Garchomp|Garchomp, F|5/100
|move|p1a: Bowser|Body Slam|p2a: Garchomp
|-damage|p2a: Garchomp|0 fnt
|-damage|p1a: Bowser|39/100|[from] ability: Rough Skin|[of] p2a: Garchomp
|-damage|p1a: Bowser|22/100|[from] item: Rocky Helmet|[of] p2a: Garchomp
|faint|p2a: Garchomp
|
|-heal|p1a: Bowser|28/100|[from] item: Leftovers
|upkeep
|
|t:|1776062411
|switch|p2a: Iron Valiant|Iron Valiant|100/100
|turn|7
|
|t:|1776062419
|move|p2a: Iron Valiant|Moonblast|p1a: Bowser
|-damage|p1a: Bowser|0 fnt
|faint|p1a: Bowser
|
|upkeep
|
|t:|1776062426
|switch|p1a: Messi|Cinderace, M|100/100
|turn|8
|
|t:|1776062438
|-end|p2a: Iron Valiant|Quark Drive|[silent]
|switch|p2a: Ogerpon|Ogerpon-Wellspring, F|69/100
|move|p1a: Messi|Court Change|p1a: Messi
|-start|p1a: Messi|typechange|Normal|[from] ability: Libero
|-swapsideconditions
|-activate|p1a: Messi|move: Court Change
|
|upkeep
|turn|9
|
|t:|1776062462
|switch|p1a: TopGun|Garchomp, M|38/100
|move|p2a: Ogerpon|Ivy Cudgel|p1a: TopGun|[anim] Ivy Cudgel Water
|-damage|p1a: TopGun|5/100
|
|upkeep
|turn|10
|
|t:|1776062468
|move|p2a: Ogerpon|Ivy Cudgel|p1a: TopGun|[anim] Ivy Cudgel Water
|-damage|p1a: TopGun|0 fnt
|faint|p1a: TopGun
|
|upkeep
|
|t:|1776062474
|switch|p1a: Tesla|Kilowattrel, F|100/100
|turn|11
|
|t:|1776062481
|switch|p2a: Gholdengo|Gholdengo|100/100
|-damage|p2a: Gholdengo|94/100|[from] Stealth Rock
|-item|p2a: Gholdengo|Air Balloon
|move|p1a: Tesla|Thunder|p2a: Gholdengo
|-damage|p2a: Gholdengo|35/100
|-enditem|p2a: Gholdengo|Air Balloon
|-damage|p1a: Tesla|91/100|[from] item: Life Orb
|
|upkeep
|turn|12
|
|t:|1776062494
|switch|p1a: Kermit|Politoed, M|100/100
|-weather|RainDance|[from] ability: Drizzle|[of] p1a: Kermit
|move|p2a: Gholdengo|Recover|p2a: Gholdengo
|-heal|p2a: Gholdengo|85/100
|
|-weather|RainDance|[upkeep]
|upkeep
|turn|13
|
|t:|1776062501
|move|p2a: Gholdengo|Thunder Wave|p1a: Kermit
|-status|p1a: Kermit|par
|move|p1a: Kermit|Weather Ball|p2a: Gholdengo
|-damage|p2a: Gholdengo|19/100
|
|-weather|RainDance|[upkeep]
|upkeep
|turn|14
|
|t:|1776062508
|switch|p1a: Goth|Overqwil, F|100/100
|move|p2a: Gholdengo|Hex|p1a: Goth
|-resisted|p1a: Goth
|-damage|p1a: Goth|80/100
|
|-weather|RainDance|[upkeep]
|upkeep
|turn|15
|
|t:|1776062521
|switch|p2a: Scizor|Scizor, F|100/100
|-damage|p2a: Scizor|88/100|[from] Stealth Rock
|-damage|p2a: Scizor|76/100|[from] Spikes
|move|p1a: Goth|Crunch|p2a: Scizor
|-damage|p2a: Scizor|20/100
|-damage|p1a: Goth|70/100|[from] item: Life Orb
|
|-weather|RainDance|[upkeep]
|upkeep
|turn|16
|
|t:|1776062531
|switch|p1a: Messi|Cinderace, M|100/100
|move|p2a: Scizor|Bullet Punch|p1a: Messi
|-resisted|p1a: Messi
|-damage|p1a: Messi|67/100
|-damage|p2a: Scizor|10/100|[from] item: Life Orb
|
|-weather|RainDance|[upkeep]
|upkeep
|turn|17
|
|t:|1776062539
|switch|p2a: Gholdengo|Gholdengo|19/100
|-damage|p2a: Gholdengo|13/100|[from] Stealth Rock
|-damage|p2a: Gholdengo|1/100|[from] Spikes
|move|p1a: Messi|Sucker Punch||[still]
|-fail|p1a: Messi
|
|-weather|RainDance|[upkeep]
|upkeep
|turn|18
|
|t:|1776062546
|move|p1a: Messi|Pyro Ball|p2a: Gholdengo|[miss]
|-miss|p1a: Messi|p2a: Gholdengo
|move|p2a: Gholdengo|Recover|p2a: Gholdengo
|-heal|p2a: Gholdengo|51/100
|
|-weather|RainDance|[upkeep]
|upkeep
|turn|19
|
|t:|1776062552
|move|p1a: Messi|Pyro Ball|p2a: Gholdengo
|-supereffective|p2a: Gholdengo
|-damage|p2a: Gholdengo|11/100
|move|p2a: Gholdengo|Thunder Wave|p1a: Messi
|-status|p1a: Messi|par
|
|-weather|none
|upkeep
|turn|20
|
|t:|1776062558
|move|p2a: Gholdengo|Recover|p2a: Gholdengo
|-heal|p2a: Gholdengo|61/100
|cant|p1a: Messi|par
|
|upkeep
|turn|21
|
|t:|1776062564
|move|p2a: Gholdengo|Hex|p1a: Messi
|-damage|p1a: Messi|0 fnt
|faint|p1a: Messi
|
|upkeep
|
|t:|1776062568
|switch|p1a: Kermit|Politoed, M|100/100 par
|-weather|RainDance|[from] ability: Drizzle|[of] p1a: Kermit
|turn|22
|
|t:|1776062575
|switch|p1a: Goth|Overqwil, F|70/100
|move|p2a: Gholdengo|Thunder Wave|p1a: Goth
|-status|p1a: Goth|par
|
|-weather|RainDance|[upkeep]
|upkeep
|turn|23
|
|t:|1776062587
|switch|p2a: Corviknight|Corviknight, F|100/100
|-damage|p2a: Corviknight|88/100|[from] Stealth Rock
|-ability|p2a: Corviknight|Pressure
|move|p1a: Goth|Crunch|p2a: Corviknight
|-damage|p2a: Corviknight|46/100
|-damage|p1a: Goth|60/100 par|[from] item: Life Orb
|
|-weather|RainDance|[upkeep]
|-heal|p2a: Corviknight|52/100|[from] item: Leftovers
|upkeep
|turn|24
|
|t:|1776062597
|switch|p1a: Tesla|Kilowattrel, F|91/100
|move|p2a: Corviknight|Roost|p2a: Corviknight
|-heal|p2a: Corviknight|100/100
|-singleturn|p2a: Corviknight|move: Roost
|
|-weather|RainDance|[upkeep]
|upkeep
|turn|25
|
|t:|1776062619
|-terastallize|p2a: Corviknight|Dragon
|move|p1a: Tesla|Thunder|p2a: Corviknight
|-resisted|p2a: Corviknight
|-damage|p2a: Corviknight|75/100
|-damage|p1a: Tesla|81/100|[from] item: Life Orb
|move|p2a: Corviknight|U-turn|p1a: Tesla
|-resisted|p1a: Tesla
|-damage|p1a: Tesla|68/100
|
|t:|1776062626
|switch|p2a: Iron Valiant|Iron Valiant|100/100|[from] U-turn
|-damage|p2a: Iron Valiant|94/100|[from] Stealth Rock
|-damage|p2a: Iron Valiant|82/100|[from] Spikes
|
|-weather|RainDance|[upkeep]
|upkeep
|turn|26
|
|t:|1776062631
|move|p1a: Tesla|Hurricane|p2a: Iron Valiant
|-supereffective|p2a: Iron Valiant
|-damage|p2a: Iron Valiant|0 fnt
|faint|p2a: Iron Valiant
|-end|p2a: Iron Valiant|Quark Drive|[silent]
|-damage|p1a: Tesla|58/100|[from] item: Life Orb
|
|-weather|RainDance|[upkeep]
|upkeep
|
|t:|1776062637
|switch|p2a: Scizor|Scizor, F|10/100
|-damage|p2a: Scizor|0 fnt|[from] Stealth Rock
|faint|p2a: Scizor
|
|t:|1776062646
|switch|p2a: Gholdengo|Gholdengo|61/100
|-damage|p2a: Gholdengo|55/100|[from] Stealth Rock
|-damage|p2a: Gholdengo|43/100|[from] Spikes
|turn|27
|
|t:|1776062652
|move|p1a: Tesla|Thunder|p2a: Gholdengo
|-damage|p2a: Gholdengo|0 fnt
|faint|p2a: Gholdengo
|-damage|p1a: Tesla|48/100|[from] item: Life Orb
|
|-weather|RainDance|[upkeep]
|upkeep
|
|t:|1776062657
|switch|p2a: Corviknight|Corviknight, F, tera:Dragon|75/100
|-damage|p2a: Corviknight|63/100|[from] Stealth Rock
|-damage|p2a: Corviknight|50/100|[from] Spikes
|-ability|p2a: Corviknight|Pressure
|turn|28
|
|t:|1776062663
|move|p1a: Tesla|Hurricane|p2a: Corviknight
|-damage|p2a: Corviknight|3/100
|-damage|p1a: Tesla|38/100|[from] item: Life Orb
|move|p2a: Corviknight|Roost|p2a: Corviknight
|-heal|p2a: Corviknight|53/100
|
|-weather|RainDance|[upkeep]
|-heal|p2a: Corviknight|60/100|[from] item: Leftovers
|upkeep
|turn|29
|
|t:|1776062675
|move|p1a: Tesla|Hurricane|p2a: Corviknight
|-damage|p2a: Corviknight|14/100
|-damage|p1a: Tesla|28/100|[from] item: Life Orb
|move|p2a: Corviknight|Roost|p2a: Corviknight
|-heal|p2a: Corviknight|64/100
|
|-weather|none
|-heal|p2a: Corviknight|71/100|[from] item: Leftovers
|upkeep
|turn|30
|
|t:|1776062683
|switch|p1a: Kermit|Politoed, M|100/100 par
|-weather|RainDance|[from] ability: Drizzle|[of] p1a: Kermit
|move|p2a: Corviknight|U-turn|p1a: Kermit
|-damage|p1a: Kermit|84/100 par
|
|t:|1776062685
|switch|p2a: Ogerpon|Ogerpon-Wellspring, F|69/100|[from] U-turn
|-damage|p2a: Ogerpon|57/100|[from] Stealth Rock
|-damage|p2a: Ogerpon|45/100|[from] Spikes
|
|-weather|RainDance|[upkeep]
|upkeep
|turn|31
|
|t:|1776062694
|switch|p1a: Goth|Overqwil, F|60/100 par
|move|p2a: Ogerpon|Power Whip|p1a: Goth
|-resisted|p1a: Goth
|-damage|p1a: Goth|18/100 par
|
|-weather|RainDance|[upkeep]
|upkeep
|turn|32
|
|t:|1776062701
|move|p2a: Ogerpon|Ivy Cudgel|p1a: Goth|[anim] Ivy Cudgel Water
|-damage|p1a: Goth|0 fnt
|faint|p1a: Goth
|
|-weather|RainDance|[upkeep]
|upkeep
|
|t:|1776062706
|switch|p1a: Tesla|Kilowattrel, F|28/100
|turn|33
|
|t:|1776062710
|move|p1a: Tesla|Hurricane|p2a: Ogerpon
|-supereffective|p2a: Ogerpon
|-damage|p2a: Ogerpon|0 fnt
|faint|p2a: Ogerpon
|-damage|p1a: Tesla|18/100|[from] item: Life Orb
|
|-weather|RainDance|[upkeep]
|upkeep
|
|t:|1776062712
|switch|p2a: Corviknight|Corviknight, F, tera:Dragon|71/100
|-damage|p2a: Corviknight|58/100|[from] Stealth Rock
|-damage|p2a: Corviknight|46/100|[from] Spikes
|-ability|p2a: Corviknight|Pressure
|turn|34
|
|t:|1776062721
|move|p1a: Tesla|Hurricane|p2a: Corviknight
|-damage|p2a: Corviknight|0 fnt
|faint|p2a: Corviknight
|-damage|p1a: Tesla|8/100|[from] item: Life Orb
|
|win|Buffero
|raw|Buffero's rating: 1323 &rarr; <strong>1345</strong><br />(+22 for winning)
|raw|Chan it goes's rating: 1356 &rarr; <strong>1334</strong><br />(-22 for losing)
|l| ohko_smeargle
|c|☆Buffero|gg
|l|☆Chan it goes
|player|p2|
|l|☆Buffero
|player|p1|
