|html|<div class="broadcast-blue"><strong>[Gen 9] OU is currently suspecting Tera Blast! For information on how to participate check out the <a href="https://www.smogon.com/tools/suspects/view/200">suspect thread</a>.</strong></div>
|j|☆StaiNthaNieL
|j|☆moogathekid
|t:|1776061471
|gametype|singles
|player|p1|StaiNthaNieL|dawn|1109
|player|p2|moogathekid|steven|1113
|gen|9
|tier|[Gen 9] OU
|rated|
|rule|HP Percentage Mod: HP is shown in percentages
|rule|Endless Battle Clause: Forcing endless battles is banned
|rule|Species Clause: Limit one of each Pokémon
|rule|OHKO Clause: OHKO moves are banned
|rule|Evasion Items Clause: Evasion items are banned
|rule|Evasion Moves Clause: Evasion moves are banned
|rule|Evasion Abilities Clause: Evasion abilities are banned
|rule|Sleep Moves Clause: Sleep-inducing moves are banned
|clearpoke
|poke|p1|Ogerpon-Wellspring, F|
|poke|p1|Raging Bolt|
|poke|p1|Tornadus-Therian, M|
|poke|p1|Pelipper, F|
|poke|p1|Barraskewda, M|
|poke|p1|Iron Treads|
|poke|p2|Gardevoir, F|
|poke|p2|Whimsicott, M|
|poke|p2|Milotic, F|
|poke|p2|Mew|
|poke|p2|Incineroar, M|
|poke|p2|Zoroark-Hisui, F|
|teampreview
|
|t:|1776061494
|teamsize|p1|6
|teamsize|p2|6
|start
|switch|p1a: Pelipper|Pelipper, F|100/100
|switch|p2a: Whimsicott|Whimsicott, M|100/100
|-weather|RainDance|[from] ability: Drizzle|[of] p1a: Pelipper
|turn|1
|
|t:|1776061501
|move|p2a: Whimsicott|Stun Spore|p1a: Pelipper
|-status|p1a: Pelipper|par
|move|p1a: Pelipper|U-turn|p2a: Whimsicott
|-damage|p2a: Whimsicott|89/100
|
|t:|1776061509
|switch|p1a: Raging Bolt|Raging Bolt|100/100|[from] U-turn
|
|-weather|RainDance|[upkeep]
|-heal|p2a: Whimsicott|95/100|[from] item: Leftovers
|upkeep
|turn|2
|
|t:|1776061518
|move|p2a: Whimsicott|Moonblast|p1a: Raging Bolt
|-supereffective|p1a: Raging Bolt
|-damage|p1a: Raging Bolt|62/100
|move|p1a: Raging Bolt|Thunder|p2a: Whimsicott
|-resisted|p2a: Whimsicott
|-damage|p2a: Whimsicott|49/100
|-status|p2a: Whimsicott|par
|
|-weather|RainDance|[upkeep]
|-heal|p2a: Whimsicott|55/100 par|[from] item: Leftovers
|upkeep
|turn|3
|
|t:|1776061533
|-terastallize|p1a: Raging Bolt|Electric
|move|p1a: Raging Bolt|Thunder|p2a: Whimsicott
|-resisted|p2a: Whimsicott
|-damage|p2a: Whimsicott|0 fnt
|faint|p2a: Whimsicott
|
|-weather|RainDance|[upkeep]
|upkeep
|
|t:|1776061548
|switch|p2a: Mew|Mew|100/100
|turn|4
|
|t:|1776061558
|move|p2a: Mew|Protect|p2a: Mew
|-singleturn|p2a: Mew|Protect
|move|p1a: Raging Bolt|Thunder|p2a: Mew
|-activate|p2a: Mew|move: Protect
|
|-weather|RainDance|[upkeep]
|upkeep
|turn|5
|
|t:|1776061564
|move|p2a: Mew|Imprison|p2a: Mew
|-start|p2a: Mew|move: Imprison
|move|p1a: Raging Bolt|Thunder|p2a: Mew
|-damage|p2a: Mew|18/100
|
|-weather|RainDance|[upkeep]
|-heal|p2a: Mew|25/100|[from] item: Leftovers
|upkeep
|turn|6
|
|t:|1776061585
|move|p2a: Mew|Transform|p1a: Raging Bolt
|-transform|p2a: Mew|p1a: Raging Bolt
|cant|p1a: Raging Bolt|move: Imprison|Thunder
|
|-weather|RainDance|[upkeep]
|-heal|p2a: Mew|31/100|[from] item: Leftovers
|upkeep
|-start|p2a: Mew|typechange|Electric/Dragon|[silent]
|turn|7
|
|t:|1776061608
|-end|p1a: Raging Bolt|Protosynthesis|[silent]
|switch|p1a: Iron Treads|Iron Treads|100/100
|move|p2a: Mew|Weather Ball|p1a: Iron Treads
|-supereffective|p1a: Iron Treads
|-damage|p1a: Iron Treads|0 fnt
|faint|p1a: Iron Treads
|-end|p1a: Iron Treads|Quark Drive|[silent]
|
|-weather|RainDance|[upkeep]
|-heal|p2a: Mew|37/100|[from] item: Leftovers
|upkeep
|
|t:|1776061617
|switch|p1a: Barraskewda|Barraskewda, M|100/100
|turn|8
|
|t:|1776061628
|move|p2a: Mew|Thunderclap|p1a: Barraskewda
|-supereffective|p1a: Barraskewda
|-damage|p1a: Barraskewda|0 fnt
|faint|p1a: Barraskewda
|
|-weather|none
|-heal|p2a: Mew|43/100|[from] item: Leftovers
|upkeep
|
|t:|1776061637
|switch|p1a: Pelipper|Pelipper, F|100/100 par
|-weather|RainDance|[from] ability: Drizzle|[of] p1a: Pelipper
|turn|9
|
|t:|1776061644
|move|p2a: Mew|Thunderclap|p1a: Pelipper
|-supereffective|p1a: Pelipper
|-damage|p1a: Pelipper|0 fnt
|faint|p1a: Pelipper
|
|-weather|RainDance|[upkeep]
|-heal|p2a: Mew|49/100|[from] item: Leftovers
|upkeep
|-message|StaiNthaNieL forfeited.
|
|win|moogathekid
|raw|StaiNthaNieL's rating: 1109 &rarr; <strong>1084</strong><br />(-25 for losing)
|raw|moogathekid's rating: 1113 &rarr; <strong>1138</strong><br />(+25 for winning)
|l|☆StaiNthaNieL
|player|p1|
|c|☆moogathekid|Man what I nice mon
|l|☆moogathekid
|player|p2|
