|html|<div class="broadcast-blue"><strong>[Gen 9] OU is currently suspecting Tera Blast! For information on how to participate check out the <a href="https://www.smogon.com/tools/suspects/view/200">suspect thread</a>.</strong></div>
|j|☆Zuifeng
|j|☆TOMBDADDY
|t:|1776211405
|gametype|singles
|player|p1|Zuifeng|li|1612
|player|p2|TOMBDADDY|unknown|1532
|gen|9
|tier|[Gen 9] OU
|rated|
|rule|HP Percentage Mod: HP is shown in percentages
|rule|Endless Battle Clause: Forcing endless battles is banned
|rule|Species Clause: Limit one of each Pokémon
|rule|OHKO Clause: OHKO moves are banned
|rule|Evasion Items Clause: Evasion items are banned
|rule|Evasion Moves Clause: Evasion moves are banned
|rule|Evasion Abilities Clause: Evasion abilities are banned
|rule|Sleep Moves Clause: Sleep-inducing moves are banned
|clearpoke
|poke|p1|Latios, M|
|poke|p1|Pecharunt|
|poke|p1|Ting-Lu|
|poke|p1|Dragonite, M|
|poke|p1|Dragapult, F|
|poke|p1|Weavile, F|
|poke|p2|Dragapult, F|
|poke|p2|Alomomola, F|
|poke|p2|Ting-Lu|
|poke|p2|Kyurem|
|poke|p2|Weezing-Galar, M|
|poke|p2|Corviknight, M|
|teampreview
|inactive|Battle timer is ON: inactive players will automatically lose when time's up. (requested by Zuifeng)
|inactive|Zuifeng has 120 seconds left.
|
|t:|1776211450
|teamsize|p1|6
|teamsize|p2|6
|start
|switch|p1a: Ting-Lu|Ting-Lu|100/100
|switch|p2a: Dragapult|Dragapult, F|100/100
|-ability|p1a: Ting-Lu|Vessel of Ruin
|turn|1
|
|t:|1776211462
|move|p2a: Dragapult|Will-O-Wisp|p1a: Ting-Lu
|-status|p1a: Ting-Lu|brn
|move|p1a: Ting-Lu|Ruination|p2a: Dragapult
|-damage|p2a: Dragapult|51/100
|
|-damage|p1a: Ting-Lu|94/100 brn|[from] brn
|upkeep
|turn|2
|
|t:|1776211470
|switch|p2a: Alomomola|Alomomola, F|100/100
|move|p1a: Ting-Lu|Ruination|p2a: Alomomola|[miss]
|-miss|p1a: Ting-Lu|p2a: Alomomola
|
|-heal|p1a: Ting-Lu|100/100 brn|[from] item: Leftovers
|-damage|p1a: Ting-Lu|94/100 brn|[from] brn
|upkeep
|turn|3
|
|t:|1776211474
|move|p1a: Ting-Lu|Stealth Rock|p2a: Alomomola
|-sidestart|p2: TOMBDADDY|move: Stealth Rock
|move|p2a: Alomomola|Wish|p2a: Alomomola
|
|-heal|p1a: Ting-Lu|100/100 brn|[from] item: Leftovers
|-damage|p1a: Ting-Lu|94/100 brn|[from] brn
|upkeep
|turn|4
|
|t:|1776211481
|move|p1a: Ting-Lu|Spikes|p2a: Alomomola
|-sidestart|p2: TOMBDADDY|Spikes
|move|p2a: Alomomola|Tickle|p1a: Ting-Lu
|-unboost|p1a: Ting-Lu|atk|1
|-unboost|p1a: Ting-Lu|def|1
|
|-heal|p1a: Ting-Lu|100/100 brn|[from] item: Leftovers
|-damage|p1a: Ting-Lu|94/100 brn|[from] brn
|upkeep
|turn|5
|
|t:|1776211495
|switch|p1a: Dragapult|Dragapult, F|100/100
|move|p2a: Alomomola|Wish|p2a: Alomomola
|
|upkeep
|turn|6
|
|t:|1776211499
|move|p1a: Dragapult|Will-O-Wisp|p2a: Alomomola
|-status|p2a: Alomomola|brn
|move|p2a: Alomomola|Flip Turn|p1a: Dragapult
|-resisted|p1a: Dragapult
|-damage|p1a: Dragapult|95/100
|
|t:|1776211502
|switch|p2a: Dragapult|Dragapult, F|51/100|[from] Flip Turn
|-damage|p2a: Dragapult|38/100|[from] Stealth Rock
|-damage|p2a: Dragapult|26/100|[from] Spikes
|
|-heal|p2a: Dragapult|100/100|[from] move: Wish|[wisher] Alomomola
|upkeep
|turn|7
|inactive|Zuifeng has 120 seconds left.
|inactive|TOMBDADDY has 120 seconds left.
|inactive|Zuifeng has 90 seconds left.
|
|t:|1776211566
|switch|p1a: Ting-Lu|Ting-Lu|94/100 brn
|-ability|p1a: Ting-Lu|Vessel of Ruin
|-terastallize|p2a: Dragapult|Ghost
|move|p2a: Dragapult|Tera Blast|p1a: Ting-Lu|[anim] Tera Blast Ghost
|-resisted|p1a: Ting-Lu
|-damage|p1a: Ting-Lu|73/100 brn
|
|-heal|p1a: Ting-Lu|79/100 brn|[from] item: Leftovers
|-damage|p1a: Ting-Lu|73/100 brn|[from] brn
|upkeep
|turn|8
|
|t:|1776211575
|switch|p2a: Corviknight|Corviknight, M|100/100
|-damage|p2a: Corviknight|88/100|[from] Stealth Rock
|-ability|p2a: Corviknight|Pressure
|switch|p1a: Latios|Latios, M|100/100
|
|-heal|p2a: Corviknight|94/100|[from] item: Leftovers
|upkeep
|turn|9
|
|t:|1776211589
|move|p1a: Latios|Calm Mind|p1a: Latios
|-boost|p1a: Latios|spa|1
|-boost|p1a: Latios|spd|1
|move|p2a: Corviknight|Defog|p1a: Latios
|-unboost|p1a: Latios|evasion|1
|-sideend|p2: TOMBDADDY|Spikes|[from] move: Defog|[of] p2a: Corviknight
|-sideend|p2: TOMBDADDY|Stealth Rock|[from] move: Defog|[of] p2a: Corviknight
|
|-heal|p2a: Corviknight|100/100|[from] item: Leftovers
|upkeep
|turn|10
|
|t:|1776211595
|move|p1a: Latios|Psychic Noise|p2a: Corviknight
|-resisted|p2a: Corviknight
|-damage|p2a: Corviknight|78/100
|-start|p2a: Corviknight|move: Heal Block
|move|p2a: Corviknight|U-turn|p1a: Latios
|-supereffective|p1a: Latios
|-damage|p1a: Latios|58/100
|
|t:|1776211600
|switch|p2a: Dragapult|Dragapult, F, tera:Ghost|100/100|[from] U-turn
|
|upkeep
|turn|11
|
|t:|1776211611
|-terastallize|p1a: Latios|Steel
|move|p2a: Dragapult|U-turn|p1a: Latios
|-resisted|p1a: Latios
|-damage|p1a: Latios|36/100
|
|t:|1776211617
|switch|p2a: Corviknight|Corviknight, M|78/100|[from] U-turn
|-ability|p2a: Corviknight|Pressure
|move|p1a: Latios|Draco Meteor|p2a: Corviknight
|-resisted|p2a: Corviknight
|-damage|p2a: Corviknight|37/100
|-unboost|p1a: Latios|spa|2
|
|-heal|p2a: Corviknight|43/100|[from] item: Leftovers
|upkeep
|turn|12
|
|t:|1776211623
|move|p1a: Latios|Recover|p1a: Latios
|-heal|p1a: Latios|86/100
|move|p2a: Corviknight|Roost|p2a: Corviknight
|-heal|p2a: Corviknight|93/100
|-singleturn|p2a: Corviknight|move: Roost
|
|-heal|p2a: Corviknight|99/100|[from] item: Leftovers
|upkeep
|turn|13
|
|t:|1776211632
|move|p1a: Latios|Calm Mind|p1a: Latios
|-boost|p1a: Latios|spa|1
|-boost|p1a: Latios|spd|1
|move|p2a: Corviknight|U-turn|p1a: Latios
|-resisted|p1a: Latios
|-damage|p1a: Latios|76/100
|
|t:|1776211650
|switch|p2a: Dragapult|Dragapult, F, tera:Ghost|100/100|[from] U-turn
|
|upkeep
|turn|14
|inactive|Zuifeng has 120 seconds left.
|
|t:|1776211674
|switch|p1a: Ting-Lu|Ting-Lu|73/100 brn
|-ability|p1a: Ting-Lu|Vessel of Ruin
|move|p2a: Dragapult|Tera Blast|p1a: Ting-Lu|[anim] Tera Blast Ghost
|-resisted|p1a: Ting-Lu
|-damage|p1a: Ting-Lu|50/100 brn
|
|-heal|p1a: Ting-Lu|56/100 brn|[from] item: Leftovers
|-damage|p1a: Ting-Lu|50/100 brn|[from] brn
|upkeep
|turn|15
|
|t:|1776211684
|switch|p2a: Kyurem|Kyurem|100/100
|-ability|p2a: Kyurem|Pressure
|switch|p1a: Weavile|Weavile, F|100/100
|-ability|p1a: Weavile|Pressure
|
|upkeep
|turn|16
|
|t:|1776211686
|move|p1a: Weavile|Low Kick|p2a: Kyurem
|-supereffective|p2a: Kyurem
|-damage|p2a: Kyurem|19/100
|move|p2a: Kyurem|Flash Cannon|p1a: Weavile
|-supereffective|p1a: Weavile
|-damage|p1a: Weavile|19/100
|
|-heal|p2a: Kyurem|25/100|[from] item: Leftovers
|upkeep
|turn|17
|
|t:|1776211692
|switch|p2a: Alomomola|Alomomola, F|100/100 brn
|move|p1a: Weavile|Knock Off|p2a: Alomomola
|-damage|p2a: Alomomola|75/100 brn
|-damage|p1a: Weavile|3/100|[from] item: Rocky Helmet|[of] p2a: Alomomola
|-enditem|p2a: Alomomola|Rocky Helmet|[from] move: Knock Off|[of] p1a: Weavile
|
|-damage|p2a: Alomomola|69/100 brn|[from] brn
|upkeep
|turn|18
|
|t:|1776211700
|switch|p1a: Pecharunt|Pecharunt|100/100
|move|p2a: Alomomola|Flip Turn|p1a: Pecharunt
|-damage|p1a: Pecharunt|96/100
|
|t:|1776211710
|switch|p2a: Dragapult|Dragapult, F, tera:Ghost|100/100|[from] Flip Turn
|
|upkeep
|turn|19
|
|t:|1776211716
|move|p2a: Dragapult|Tera Blast|p1a: Pecharunt|[anim] Tera Blast Ghost
|-supereffective|p1a: Pecharunt
|-damage|p1a: Pecharunt|2/100
|move|p1a: Pecharunt|Malignant Chain|p2a: Dragapult
|-resisted|p2a: Dragapult
|-damage|p2a: Dragapult|81/100
|-status|p2a: Dragapult|tox
|-start|p2a: Dragapult|confusion|[from] ability: Poison Puppeteer|[of] p1a: Pecharunt
|
|-damage|p2a: Dragapult|75/100 tox|[from] psn
|upkeep
|turn|20
|
|t:|1776211726
|switch|p2a: Corviknight|Corviknight, M|99/100
|-ability|p2a: Corviknight|Pressure
|move|p1a: Pecharunt|Recover|p1a: Pecharunt
|-heal|p1a: Pecharunt|52/100
|
|-heal|p2a: Corviknight|100/100|[from] item: Leftovers
|upkeep
|turn|21
|
|t:|1776211729
|move|p1a: Pecharunt|Recover|p1a: Pecharunt
|-heal|p1a: Pecharunt|100/100
|move|p2a: Corviknight|U-turn|p1a: Pecharunt
|-resisted|p1a: Pecharunt
|-damage|p1a: Pecharunt|98/100
|
|t:|1776211734
|switch|p2a: Alomomola|Alomomola, F|100/100 brn|[from] U-turn
|
|-damage|p2a: Alomomola|94/100 brn|[from] brn
|upkeep
|turn|22
|
|t:|1776211740
|move|p1a: Pecharunt|Shadow Ball|p2a: Alomomola
|-damage|p2a: Alomomola|67/100 brn
|move|p2a: Alomomola|Wish|p2a: Alomomola
|
|-damage|p2a: Alomomola|61/100 brn|[from] brn
|upkeep
|turn|23
|
|t:|1776211748
|move|p1a: Pecharunt|Parting Shot|p2a: Alomomola
|-unboost|p2a: Alomomola|atk|1
|-unboost|p2a: Alomomola|spa|1
|
|t:|1776211751
|switch|p1a: Dragapult|Dragapult, F|95/100|[from] Parting Shot
|move|p2a: Alomomola|Flip Turn|p1a: Dragapult
|-resisted|p1a: Dragapult
|-damage|p1a: Dragapult|92/100
|
|t:|1776211755
|switch|p2a: Kyurem|Kyurem|25/100|[from] Flip Turn
|-ability|p2a: Kyurem|Pressure
|
|-heal|p2a: Kyurem|94/100|[from] move: Wish|[wisher] Alomomola
|-heal|p2a: Kyurem|99/100|[from] item: Leftovers
|upkeep
|turn|24
|
|t:|1776211767
|move|p1a: Dragapult|U-turn|p2a: Kyurem
|-damage|p2a: Kyurem|81/100
|
|t:|1776211769
|switch|p1a: Latios|Latios, M, tera:Steel|76/100|[from] U-turn
|move|p2a: Kyurem|Freeze-Dry|p1a: Latios
|-resisted|p1a: Latios
|-crit|p1a: Latios
|-damage|p1a: Latios|49/100
|
|-heal|p2a: Kyurem|87/100|[from] item: Leftovers
|upkeep
|turn|25
|
|t:|1776211789
|switch|p2a: Corviknight|Corviknight, M|100/100
|-ability|p2a: Corviknight|Pressure
|move|p1a: Latios|Draco Meteor|p2a: Corviknight
|-resisted|p2a: Corviknight
|-damage|p2a: Corviknight|73/100
|-unboost|p1a: Latios|spa|2
|
|-heal|p2a: Corviknight|79/100|[from] item: Leftovers
|upkeep
|turn|26
|
|t:|1776211792
|move|p1a: Latios|Recover|p1a: Latios
|-heal|p1a: Latios|99/100
|move|p2a: Corviknight|U-turn|p1a: Latios
|-resisted|p1a: Latios
|-damage|p1a: Latios|89/100
|
|t:|1776211797
|switch|p2a: Dragapult|Dragapult, F, tera:Ghost|75/100 tox|[from] U-turn
|
|-damage|p2a: Dragapult|69/100 tox|[from] psn
|upkeep
|turn|27
|
|t:|1776211806
|switch|p1a: Dragonite|Dragonite, M|100/100
|move|p2a: Dragapult|Tera Blast|p1a: Dragonite|[anim] Tera Blast Ghost
|-damage|p1a: Dragonite|67/100
|
|-damage|p2a: Dragapult|57/100 tox|[from] psn
|upkeep
|turn|28
|
|t:|1776211831
|switch|p2a: Alomomola|Alomomola, F|95/100 brn
|move|p1a: Dragonite|Dragon Tail|p2a: Alomomola
|-damage|p2a: Alomomola|77/100 brn
|drag|p2a: Weezing|Weezing-Galar, M|100/100
|-ability|p2a: Weezing|Neutralizing Gas
|
|upkeep
|turn|29
|
|t:|1776211842
|switch|p1a: Pecharunt|Pecharunt|98/100
|move|p2a: Weezing|Will-O-Wisp|p1a: Pecharunt|[miss]
|-miss|p2a: Weezing|p1a: Pecharunt
|
|upkeep
|turn|30
|
|t:|1776211853
|move|p1a: Pecharunt|Parting Shot|p2a: Weezing
|-unboost|p2a: Weezing|atk|1
|-unboost|p2a: Weezing|spa|1
|
|t:|1776211856
|switch|p1a: Latios|Latios, M, tera:Steel|89/100|[from] Parting Shot
|move|p2a: Weezing|Will-O-Wisp|p1a: Latios
|-status|p1a: Latios|brn
|
|-damage|p1a: Latios|83/100 brn|[from] brn
|upkeep
|turn|31
|
|t:|1776211867
|switch|p1a: Dragapult|Dragapult, F|92/100
|-end|p2a: Weezing|ability: Neutralizing Gas
|switch|p2a: Corviknight|Corviknight, M|79/100
|-ability|p2a: Corviknight|Pressure
|
|-heal|p2a: Corviknight|85/100|[from] item: Leftovers
|upkeep
|turn|32
|
|t:|1776211877
|move|p1a: Dragapult|Hex|p2a: Corviknight
|-crit|p2a: Corviknight
|-damage|p2a: Corviknight|55/100
|move|p2a: Corviknight|U-turn|p1a: Dragapult
|-resisted|p1a: Dragapult
|-damage|p1a: Dragapult|81/100
|
|t:|1776211881
|switch|p2a: Kyurem|Kyurem|87/100|[from] U-turn
|-ability|p2a: Kyurem|Pressure
|
|-heal|p2a: Kyurem|94/100|[from] item: Leftovers
|upkeep
|turn|33
|
|t:|1776211890
|move|p1a: Dragapult|U-turn|p2a: Kyurem
|-damage|p2a: Kyurem|76/100
|
|t:|1776211891
|switch|p1a: Latios|Latios, M, tera:Steel|83/100 brn|[from] U-turn
|move|p2a: Kyurem|Freeze-Dry|p1a: Latios
|-resisted|p1a: Latios
|-damage|p1a: Latios|65/100 brn
|
|-heal|p2a: Kyurem|82/100|[from] item: Leftovers
|-damage|p1a: Latios|59/100 brn|[from] brn
|upkeep
|turn|34
|
|t:|1776211902
|switch|p1a: Dragapult|Dragapult, F|81/100
|switch|p2a: Ting-Lu|Ting-Lu|100/100
|-ability|p2a: Ting-Lu|Vessel of Ruin
|
|upkeep
|turn|35
|
|t:|1776211906
|move|p1a: Dragapult|Will-O-Wisp|p2a: Ting-Lu
|-status|p2a: Ting-Lu|brn
|move|p2a: Ting-Lu|Stealth Rock|p1a: Dragapult
|-sidestart|p1: Zuifeng|move: Stealth Rock
|
|-damage|p2a: Ting-Lu|94/100 brn|[from] brn
|upkeep
|turn|36
|
|t:|1776211914
|move|p1a: Dragapult|U-turn|p2a: Ting-Lu
|-supereffective|p2a: Ting-Lu
|-damage|p2a: Ting-Lu|72/100 brn
|
|t:|1776211917
|switch|p1a: Ting-Lu|Ting-Lu|50/100 brn|[from] U-turn
|-damage|p1a: Ting-Lu|43/100 brn|[from] Stealth Rock
|-ability|p1a: Ting-Lu|Vessel of Ruin
|move|p2a: Ting-Lu|Ruination|p1a: Ting-Lu
|-damage|p1a: Ting-Lu|22/100 brn
|
|-heal|p1a: Ting-Lu|28/100 brn|[from] item: Leftovers
|-heal|p2a: Ting-Lu|79/100 brn|[from] item: Leftovers
|-damage|p1a: Ting-Lu|22/100 brn|[from] brn
|-damage|p2a: Ting-Lu|72/100 brn|[from] brn
|upkeep
|turn|37
|
|t:|1776211928
|switch|p2a: Corviknight|Corviknight, M|55/100
|-ability|p2a: Corviknight|Pressure
|move|p1a: Ting-Lu|Stealth Rock|p2a: Corviknight
|-sidestart|p2: TOMBDADDY|move: Stealth Rock
|
|-heal|p1a: Ting-Lu|28/100 brn|[from] item: Leftovers
|-heal|p2a: Corviknight|61/100|[from] item: Leftovers
|-damage|p1a: Ting-Lu|22/100 brn|[from] brn
|upkeep
|turn|38
|
|t:|1776211940
|switch|p1a: Weavile|Weavile, F|3/100
|-ability|p1a: Weavile|Pressure
|move|p2a: Corviknight|Roost|p2a: Corviknight
|-heal|p2a: Corviknight|100/100
|-singleturn|p2a: Corviknight|move: Roost
|
|upkeep
|turn|39
|
|t:|1776211946
|switch|p2a: Alomomola|Alomomola, F|100/100 brn
|-damage|p2a: Alomomola|88/100 brn|[from] Stealth Rock
|move|p1a: Weavile|Knock Off|p2a: Alomomola
|-damage|p2a: Alomomola|71/100 brn
|
|-damage|p2a: Alomomola|65/100 brn|[from] brn
|upkeep
|turn|40
|
|t:|1776211953
|switch|p1a: Dragonite|Dragonite, M|67/100
|move|p2a: Alomomola|Flip Turn|p1a: Dragonite
|-resisted|p1a: Dragonite
|-crit|p1a: Dragonite
|-damage|p1a: Dragonite|61/100
|
|t:|1776211959
|switch|p2a: Weezing|Weezing-Galar, M|100/100|[from] Flip Turn
|-ability|p2a: Weezing|Neutralizing Gas
|-damage|p2a: Weezing|88/100|[from] Stealth Rock
|
|-heal|p2a: Weezing|94/100|[from] item: Leftovers
|upkeep
|turn|41
|
|t:|1776211963
|switch|p1a: Latios|Latios, M, tera:Steel|59/100 brn
|-damage|p1a: Latios|53/100 brn|[from] Stealth Rock
|move|p2a: Weezing|Defog|p1a: Latios
|-unboost|p1a: Latios|evasion|1
|-sideend|p1: Zuifeng|Stealth Rock|[from] move: Defog|[of] p2a: Weezing
|-sideend|p2: TOMBDADDY|Stealth Rock|[from] move: Defog|[of] p2a: Weezing
|
|-heal|p2a: Weezing|99/100|[from] item: Leftovers
|-damage|p1a: Latios|47/100 brn|[from] brn
|upkeep
|turn|42
|
|t:|1776211977
|-end|p2a: Weezing|ability: Neutralizing Gas
|switch|p2a: Corviknight|Corviknight, M|100/100
|-ability|p2a: Corviknight|Pressure
|move|p1a: Latios|Recover|p1a: Latios
|-heal|p1a: Latios|97/100 brn
|
|-damage|p1a: Latios|91/100 brn|[from] brn
|upkeep
|turn|43
|
|t:|1776212001
|switch|p1a: Ting-Lu|Ting-Lu|22/100 brn
|-ability|p1a: Ting-Lu|Vessel of Ruin
|move|p2a: Corviknight|U-turn|p1a: Ting-Lu
|-supereffective|p1a: Ting-Lu
|-damage|p1a: Ting-Lu|5/100 brn
|
|t:|1776212008
|switch|p2a: Ting-Lu|Ting-Lu|72/100 brn|[from] U-turn
|-ability|p2a: Ting-Lu|Vessel of Ruin
|
|-heal|p1a: Ting-Lu|11/100 brn|[from] item: Leftovers
|-heal|p2a: Ting-Lu|79/100 brn|[from] item: Leftovers
|-damage|p1a: Ting-Lu|5/100 brn|[from] brn
|-damage|p2a: Ting-Lu|72/100 brn|[from] brn
|upkeep
|turn|44
|
|t:|1776212015
|move|p1a: Ting-Lu|Stealth Rock|p2a: Ting-Lu
|-sidestart|p2: TOMBDADDY|move: Stealth Rock
|move|p2a: Ting-Lu|Earthquake|p1a: Ting-Lu
|-damage|p1a: Ting-Lu|0 fnt
|faint|p1a: Ting-Lu
|
|-heal|p2a: Ting-Lu|79/100 brn|[from] item: Leftovers
|-damage|p2a: Ting-Lu|72/100 brn|[from] brn
|upkeep
|
|t:|1776212029
|switch|p1a: Latios|Latios, M, tera:Steel|91/100 brn
|turn|45
|
|t:|1776212036
|switch|p2a: Corviknight|Corviknight, M|100/100
|-damage|p2a: Corviknight|88/100|[from] Stealth Rock
|-ability|p2a: Corviknight|Pressure
|move|p1a: Latios|Calm Mind|p1a: Latios
|-boost|p1a: Latios|spa|1
|-boost|p1a: Latios|spd|1
|
|-heal|p2a: Corviknight|94/100|[from] item: Leftovers
|-damage|p1a: Latios|85/100 brn|[from] brn
|upkeep
|turn|46
|
|t:|1776212047
|move|p1a: Latios|Psychic Noise|p2a: Corviknight
|-resisted|p2a: Corviknight
|-damage|p2a: Corviknight|69/100
|-start|p2a: Corviknight|move: Heal Block
|move|p2a: Corviknight|Defog|p1a: Latios
|-unboost|p1a: Latios|evasion|1
|-sideend|p2: TOMBDADDY|Stealth Rock|[from] move: Defog|[of] p2a: Corviknight
|
|-damage|p1a: Latios|79/100 brn|[from] brn
|upkeep
|turn|47
|
|t:|1776212060
|move|p1a: Latios|Psychic Noise|p2a: Corviknight
|-resisted|p2a: Corviknight
|-damage|p2a: Corviknight|46/100
|move|p2a: Corviknight|U-turn|p1a: Latios
|-resisted|p1a: Latios
|-damage|p1a: Latios|69/100 brn
|
|t:|1776212063
|switch|p2a: Ting-Lu|Ting-Lu|72/100 brn|[from] U-turn
|-ability|p2a: Ting-Lu|Vessel of Ruin
|
|-heal|p2a: Ting-Lu|79/100 brn|[from] item: Leftovers
|-damage|p1a: Latios|63/100 brn|[from] brn
|-damage|p2a: Ting-Lu|72/100 brn|[from] brn
|upkeep
|turn|48
|
|t:|1776212067
|move|p1a: Latios|Calm Mind|p1a: Latios
|-boost|p1a: Latios|spa|1
|-boost|p1a: Latios|spd|1
|move|p2a: Ting-Lu|Stealth Rock|p1a: Latios
|-sidestart|p1: Zuifeng|move: Stealth Rock
|
|-heal|p2a: Ting-Lu|79/100 brn|[from] item: Leftovers
|-damage|p1a: Latios|57/100 brn|[from] brn
|-damage|p2a: Ting-Lu|72/100 brn|[from] brn
|upkeep
|turn|49
|
|t:|1776212074
|switch|p2a: Corviknight|Corviknight, M|46/100
|-ability|p2a: Corviknight|Pressure
|move|p1a: Latios|Calm Mind|p1a: Latios
|-boost|p1a: Latios|spa|1
|-boost|p1a: Latios|spd|1
|
|-heal|p2a: Corviknight|52/100|[from] item: Leftovers
|-damage|p1a: Latios|51/100 brn|[from] brn
|upkeep
|turn|50
|
|t:|1776212076
|move|p1a: Latios|Psychic Noise|p2a: Corviknight
|-resisted|p2a: Corviknight
|-damage|p2a: Corviknight|11/100
|-start|p2a: Corviknight|move: Heal Block
|move|p2a: Corviknight|U-turn|p1a: Latios
|-resisted|p1a: Latios
|-damage|p1a: Latios|41/100 brn
|
|t:|1776212079
|switch|p2a: Dragapult|Dragapult, F, tera:Ghost|57/100 tox|[from] U-turn
|
|-damage|p2a: Dragapult|51/100 tox|[from] psn
|-damage|p1a: Latios|35/100 brn|[from] brn
|upkeep
|turn|51
|
|t:|1776212088
|switch|p1a: Dragonite|Dragonite, M|61/100
|move|p2a: Dragapult|Tera Blast|p1a: Dragonite|[anim] Tera Blast Ghost
|-damage|p1a: Dragonite|0 fnt
|faint|p1a: Dragonite
|
|-damage|p2a: Dragapult|39/100 tox|[from] psn
|upkeep
|
|t:|1776212096
|switch|p1a: Weavile|Weavile, F|3/100
|-ability|p1a: Weavile|Pressure
|turn|52
|
|t:|1776212105
|switch|p2a: Alomomola|Alomomola, F|98/100 brn
|switch|p1a: Dragapult|Dragapult, F|81/100
|
|-damage|p2a: Alomomola|92/100 brn|[from] brn
|upkeep
|turn|53
|
|t:|1776212111
|move|p1a: Dragapult|Hex|p2a: Alomomola
|-damage|p2a: Alomomola|35/100 brn
|move|p2a: Alomomola|Wish|p2a: Alomomola
|
|-damage|p2a: Alomomola|29/100 brn|[from] brn
|upkeep
|turn|54
|inactive|Zuifeng has 120 seconds left.
|
|t:|1776212141
|switch|p2a: Ting-Lu|Ting-Lu|72/100 brn
|-ability|p2a: Ting-Lu|Vessel of Ruin
|move|p1a: Dragapult|Dragon Darts|p2a: Ting-Lu
|-damage|p2a: Ting-Lu|61/100 brn
|-anim|p1a: Dragapult|Dragon Darts|p2a: Ting-Lu
|-damage|p2a: Ting-Lu|49/100 brn
|
|-heal|p2a: Ting-Lu|100/100 brn|[from] move: Wish|[wisher] Alomomola
|-damage|p2a: Ting-Lu|94/100 brn|[from] brn
|upkeep
|turn|55
|inactive|Zuifeng has 120 seconds left.
|
|t:|1776212160
|move|p1a: Dragapult|Dragon Darts|p2a: Ting-Lu
|-damage|p2a: Ting-Lu|83/100 brn
|-anim|p1a: Dragapult|Dragon Darts|p2a: Ting-Lu
|-damage|p2a: Ting-Lu|72/100 brn
|move|p2a: Ting-Lu|Ruination|p1a: Dragapult
|-damage|p1a: Dragapult|41/100
|
|-heal|p2a: Ting-Lu|78/100 brn|[from] item: Leftovers
|-damage|p2a: Ting-Lu|72/100 brn|[from] brn
|upkeep
|turn|56
|inactive|Zuifeng has 120 seconds left.
|
|t:|1776212170
|move|p1a: Dragapult|U-turn|p2a: Ting-Lu
|-supereffective|p2a: Ting-Lu
|-damage|p2a: Ting-Lu|51/100 brn
|
|t:|1776212173
|switch|p1a: Latios|Latios, M, tera:Steel|35/100 brn|[from] U-turn
|-damage|p1a: Latios|29/100 brn|[from] Stealth Rock
|move|p2a: Ting-Lu|Rest|p2a: Ting-Lu
|-status|p2a: Ting-Lu|slp|[from] move: Rest
|-heal|p2a: Ting-Lu|100/100 slp|[silent]
|
|-damage|p1a: Latios|23/100 brn|[from] brn
|upkeep
|turn|57
|inactive|Zuifeng has 120 seconds left.
|
|t:|1776212187
|switch|p2a: Corviknight|Corviknight, M|11/100
|-ability|p2a: Corviknight|Pressure
|move|p1a: Latios|Recover|p1a: Latios
|-heal|p1a: Latios|73/100 brn
|
|-heal|p2a: Corviknight|17/100|[from] item: Leftovers
|-damage|p1a: Latios|67/100 brn|[from] brn
|upkeep
|turn|58
|
|t:|1776212191
|move|p1a: Latios|Psychic Noise|p2a: Corviknight
|-resisted|p2a: Corviknight
|-damage|p2a: Corviknight|2/100
|-start|p2a: Corviknight|move: Heal Block
|move|p2a: Corviknight|U-turn|p1a: Latios
|-resisted|p1a: Latios
|-damage|p1a: Latios|57/100 brn
|
|t:|1776212194
|switch|p2a: Dragapult|Dragapult, F, tera:Ghost|39/100 tox|[from] U-turn
|
|-damage|p2a: Dragapult|33/100 tox|[from] psn
|-damage|p1a: Latios|51/100 brn|[from] brn
|upkeep
|turn|59
|
|t:|1776212199
|switch|p1a: Pecharunt|Pecharunt|98/100
|move|p2a: Dragapult|Tera Blast|p1a: Pecharunt|[anim] Tera Blast Ghost
|-supereffective|p1a: Pecharunt
|-damage|p1a: Pecharunt|9/100
|
|-damage|p2a: Dragapult|21/100 tox|[from] psn
|upkeep
|turn|60
|
|t:|1776212206
|move|p2a: Dragapult|Tera Blast|p1a: Pecharunt|[anim] Tera Blast Ghost
|-supereffective|p1a: Pecharunt
|-damage|p1a: Pecharunt|0 fnt
|faint|p1a: Pecharunt
|
|-damage|p2a: Dragapult|3/100 tox|[from] psn
|upkeep
|
|t:|1776212212
|switch|p1a: Weavile|Weavile, F|3/100
|-ability|p1a: Weavile|Pressure
|turn|61
|
|t:|1776212215
|switch|p2a: Corviknight|Corviknight, M|2/100
|-ability|p2a: Corviknight|Pressure
|switch|p1a: Dragapult|Dragapult, F|41/100
|
|-heal|p2a: Corviknight|8/100|[from] item: Leftovers
|upkeep
|turn|62
|
|t:|1776212221
|move|p1a: Dragapult|Dragon Darts|p2a: Corviknight
|-resisted|p2a: Corviknight
|-damage|p2a: Corviknight|0 fnt
|faint|p2a: Corviknight
|
|upkeep
|
|t:|1776212229
|switch|p2a: Weezing|Weezing-Galar, M|99/100
|-ability|p2a: Weezing|Neutralizing Gas
|turn|63
|
|t:|1776212237
|move|p1a: Dragapult|U-turn|p2a: Weezing
|-resisted|p2a: Weezing
|-damage|p2a: Weezing|97/100
|
|t:|1776212240
|switch|p1a: Latios|Latios, M, tera:Steel|51/100 brn|[from] U-turn
|-damage|p1a: Latios|45/100 brn|[from] Stealth Rock
|move|p2a: Weezing|Toxic||[still]
|-fail|p2a: Weezing
|
|-heal|p2a: Weezing|100/100|[from] item: Leftovers
|-damage|p1a: Latios|39/100 brn|[from] brn
|upkeep
|turn|64
|
|t:|1776212260
|-end|p2a: Weezing|ability: Neutralizing Gas
|switch|p2a: Alomomola|Alomomola, F|62/100 brn
|move|p1a: Latios|Calm Mind|p1a: Latios
|-boost|p1a: Latios|spa|1
|-boost|p1a: Latios|spd|1
|
|-damage|p1a: Latios|33/100 brn|[from] brn
|-damage|p2a: Alomomola|56/100 brn|[from] brn
|upkeep
|turn|65
|
|t:|1776212271
|move|p2a: Alomomola|Protect|p2a: Alomomola
|-singleturn|p2a: Alomomola|Protect
|move|p1a: Latios|Psychic Noise|p2a: Alomomola
|-activate|p2a: Alomomola|move: Protect
|
|-damage|p1a: Latios|27/100 brn|[from] brn
|-damage|p2a: Alomomola|50/100 brn|[from] brn
|upkeep
|turn|66
|
|t:|1776212294
|move|p1a: Latios|Psychic Noise|p2a: Alomomola
|-crit|p2a: Alomomola
|-damage|p2a: Alomomola|0 fnt
|faint|p2a: Alomomola
|
|-damage|p1a: Latios|21/100 brn|[from] brn
|upkeep
|
|t:|1776212300
|switch|p2a: Kyurem|Kyurem|82/100
|-ability|p2a: Kyurem|Pressure
|turn|67
|
|t:|1776212307
|switch|p2a: Ting-Lu|Ting-Lu|100/100 slp
|-ability|p2a: Ting-Lu|Vessel of Ruin
|move|p1a: Latios|Recover|p1a: Latios
|-heal|p1a: Latios|72/100 brn
|
|-damage|p1a: Latios|66/100 brn|[from] brn
|upkeep
|turn|68
|
|t:|1776212323
|move|p1a: Latios|Calm Mind|p1a: Latios
|-boost|p1a: Latios|spa|1
|-boost|p1a: Latios|spd|1
|cant|p2a: Ting-Lu|slp
|
|-damage|p1a: Latios|60/100 brn|[from] brn
|upkeep
|turn|69
|
|t:|1776212329
|move|p1a: Latios|Calm Mind|p1a: Latios
|-boost|p1a: Latios|spa|1
|-boost|p1a: Latios|spd|1
|cant|p2a: Ting-Lu|slp
|
|-damage|p1a: Latios|54/100 brn|[from] brn
|upkeep
|turn|70
|
|t:|1776212342
|move|p1a: Latios|Calm Mind|p1a: Latios
|-boost|p1a: Latios|spa|1
|-boost|p1a: Latios|spd|1
|-curestatus|p2a: Ting-Lu|slp|[msg]
|move|p2a: Ting-Lu|Ruination|p1a: Latios
|-damage|p1a: Latios|27/100 brn
|
|-damage|p1a: Latios|21/100 brn|[from] brn
|upkeep
|turn|71
|
|t:|1776212356
|move|p1a: Latios|Calm Mind|p1a: Latios
|-boost|p1a: Latios|spa|1
|-boost|p1a: Latios|spd|1
|move|p2a: Ting-Lu|Ruination|p1a: Latios|[miss]
|-miss|p2a: Ting-Lu|p1a: Latios
|
|-damage|p1a: Latios|15/100 brn|[from] brn
|upkeep
|turn|72
|
|t:|1776212364
|switch|p2a: Weezing|Weezing-Galar, M|100/100
|-ability|p2a: Weezing|Neutralizing Gas
|move|p1a: Latios|Recover|p1a: Latios
|-heal|p1a: Latios|65/100 brn
|
|-damage|p1a: Latios|59/100 brn|[from] brn
|upkeep
|turn|73
|
|t:|1776212377
|move|p2a: Weezing|Protect|p2a: Weezing
|-singleturn|p2a: Weezing|Protect
|move|p1a: Latios|Calm Mind|p1a: Latios
|-boost|p1a: Latios|spa|1
|-boost|p1a: Latios|spd|1
|
|-damage|p1a: Latios|53/100 brn|[from] brn
|upkeep
|turn|74
|
|t:|1776212394
|-end|p2a: Weezing|ability: Neutralizing Gas
|switch|p2a: Kyurem|Kyurem|82/100
|-ability|p2a: Kyurem|Pressure
|move|p1a: Latios|Recover|p1a: Latios
|-heal|p1a: Latios|100/100 brn
|
|-heal|p2a: Kyurem|88/100|[from] item: Leftovers
|-damage|p1a: Latios|95/100 brn|[from] brn
|upkeep
|turn|75
|
|t:|1776212410
|move|p1a: Latios|Psychic Noise|p2a: Kyurem
|-damage|p2a: Kyurem|0 fnt
|faint|p2a: Kyurem
|
|-damage|p1a: Latios|89/100 brn|[from] brn
|upkeep
|
|t:|1776212412
|switch|p2a: Ting-Lu|Ting-Lu|100/100
|-ability|p2a: Ting-Lu|Vessel of Ruin
|turn|76
|
|t:|1776212415
|move|p1a: Latios|Draco Meteor|p2a: Ting-Lu
|-damage|p2a: Ting-Lu|0 fnt
|-unboost|p1a: Latios|spa|2
|faint|p2a: Ting-Lu
|
|-damage|p1a: Latios|83/100 brn|[from] brn
|upkeep
|
|t:|1776212421
|switch|p2a: Dragapult|Dragapult, F, tera:Ghost|3/100 tox
|turn|77
|
|t:|1776212433
|switch|p2a: Weezing|Weezing-Galar, M|100/100
|-ability|p2a: Weezing|Neutralizing Gas
|switch|p1a: Dragapult|Dragapult, F|41/100
|
|upkeep
|turn|78
|
|t:|1776212442
|move|p2a: Weezing|Protect|p2a: Weezing
|-singleturn|p2a: Weezing|Protect
|move|p1a: Dragapult|Will-O-Wisp|p2a: Weezing
|-activate|p2a: Weezing|move: Protect
|
|upkeep
|turn|79
|
|t:|1776212451
|move|p2a: Weezing|Protect||[still]
|-fail|p2a: Weezing
|move|p1a: Dragapult|Will-O-Wisp|p2a: Weezing
|-status|p2a: Weezing|brn
|
|-damage|p2a: Weezing|94/100 brn|[from] brn
|upkeep
|turn|80
|
|t:|1776212456
|move|p1a: Dragapult|Hex|p2a: Weezing
|-damage|p2a: Weezing|15/100 brn
|move|p2a: Weezing|Toxic|p1a: Dragapult
|-status|p1a: Dragapult|tox
|
|-heal|p2a: Weezing|21/100 brn|[from] item: Leftovers
|-damage|p1a: Dragapult|35/100 tox|[from] psn
|-damage|p2a: Weezing|15/100 brn|[from] brn
|upkeep
|turn|81
|
|t:|1776212462
|switch|p1a: Weavile|Weavile, F|3/100
|move|p2a: Weezing|Protect||[still]
|-fail|p2a: Weezing
|
|-heal|p2a: Weezing|21/100 brn|[from] item: Leftovers
|-damage|p2a: Weezing|15/100 brn|[from] brn
|upkeep
|turn|82
|-message|TOMBDADDY forfeited.
|
|win|Zuifeng
|raw|Zuifeng's rating: 1612 &rarr; <strong>1627</strong><br />(+15 for winning)
|raw|TOMBDADDY's rating: 1532 &rarr; <strong>1517</strong><br />(-15 for losing)
|l|☆TOMBDADDY
|player|p2|
|c|☆Zuifeng|gg
