|html|<div class="broadcast-blue"><strong>[Gen 9] OU is currently suspecting Volcarona! For information on how to participate check out the <a href="https://www.smogon.com/tools/suspects/view/208">suspect thread</a>.</strong></div>
|j|☆Exostentialism
|j|☆Miurez
|t:|1778508496
|gametype|singles
|player|p1|Exostentialism|morty|1631
|player|p2|Miurez|pokemonranger-gen4|1633
|gen|9
|tier|[Gen 9] OU
|rated|
|rule|HP Percentage Mod: HP is shown in percentages
|rule|Endless Battle Clause: Forcing endless battles is banned
|rule|Species Clause: Limit one of each Pokémon
|rule|OHKO Clause: OHKO moves are banned
|rule|Evasion Items Clause: Evasion items are banned
|rule|Evasion Moves Clause: Evasion moves are banned
|rule|Evasion Abilities Clause: Evasion abilities are banned
|rule|Sleep Moves Clause: Sleep-inducing moves are banned
|clearpoke
|poke|p1|Dragonite, M|
|poke|p1|Gholdengo|
|poke|p1|Iron Crown|
|poke|p1|Glimmora, M|
|poke|p1|Ting-Lu|
|poke|p1|Ogerpon-Wellspring, F|
|poke|p2|Volcarona, M|
|poke|p2|Deoxys-Speed|
|poke|p2|Hatterene, F|
|poke|p2|Great Tusk|
|poke|p2|Kingambit, F|
|poke|p2|Ogerpon-Wellspring, F|
|teampreview
|inactive|Battle timer is ON: inactive players will automatically lose when time's up. (requested by Exostentialism)
|j| mono_8427109
|
|t:|1778508520
|teamsize|p1|6
|teamsize|p2|6
|start
|switch|p1a: Iron Crown|Iron Crown|100/100
|switch|p2a: Deoxys|Deoxys-Speed|100/100
|-ability|p2a: Deoxys|Pressure
|-enditem|p1a: Iron Crown|Booster Energy
|-activate|p1a: Iron Crown|ability: Quark Drive|[fromitem]
|-start|p1a: Iron Crown|quarkdrivespe
|turn|1
|
|t:|1778508536
|move|p1a: Iron Crown|Calm Mind|p1a: Iron Crown
|-boost|p1a: Iron Crown|spa|1
|-boost|p1a: Iron Crown|spd|1
|move|p2a: Deoxys|Superpower|p1a: Iron Crown
|-damage|p1a: Iron Crown|66/100
|-unboost|p2a: Deoxys|atk|1
|-unboost|p2a: Deoxys|def|1
|-enditem|p2a: Deoxys|Eject Pack
|j| shadowisp
|
|t:|1778508556
|switch|p2a: Volcarona|Volcarona, M|100/100
|
|upkeep
|turn|2
|
|t:|1778508565
|move|p1a: Iron Crown|Psyshock|p2a: Volcarona
|-damage|p2a: Volcarona|20/100
|move|p2a: Volcarona|Quiver Dance|p2a: Volcarona
|-boost|p2a: Volcarona|spa|1
|-boost|p2a: Volcarona|spd|1
|-boost|p2a: Volcarona|spe|1
|
|upkeep
|turn|3
|
|t:|1778508575
|move|p1a: Iron Crown|Psyshock|p2a: Volcarona
|-damage|p2a: Volcarona|0 fnt
|faint|p2a: Volcarona
|
|upkeep
|
|t:|1778508588
|switch|p2a: Ogerpon|Ogerpon-Wellspring, F|100/100
|turn|4
|
|t:|1778508598
|-terastallize|p1a: Iron Crown|Fighting
|move|p1a: Iron Crown|Focus Blast|p2a: Ogerpon
|-damage|p2a: Ogerpon|3/100
|move|p2a: Ogerpon|Ivy Cudgel|p1a: Iron Crown|[anim] Ivy Cudgel Water
|-damage|p1a: Iron Crown|7/100
|
|upkeep
|turn|5
|
|t:|1778508608
|move|p1a: Iron Crown|Tachyon Cutter|p2a: Ogerpon
|-resisted|p2a: Ogerpon
|-damage|p2a: Ogerpon|0 fnt
|faint|p2a: Ogerpon
|-hitcount|p2: Ogerpon|1
|
|upkeep
|
|t:|1778508611
|switch|p2a: Deoxys|Deoxys-Speed|100/100
|-ability|p2a: Deoxys|Pressure
|turn|6
|
|t:|1778508620
|move|p1a: Iron Crown|Tachyon Cutter|p2a: Deoxys
|-damage|p2a: Deoxys|42/100
|-damage|p2a: Deoxys|0 fnt
|faint|p2a: Deoxys
|-hitcount|p2: Deoxys|2
|
|upkeep
|
|t:|1778508628
|switch|p2a: Kingambit|Kingambit, F|100/100
|-activate|p2a: Kingambit|ability: Supreme Overlord
|-start|p2a: Kingambit|fallen3|[silent]
|turn|7
|
|t:|1778508634
|move|p2a: Kingambit|Sucker Punch|p1a: Iron Crown
|-resisted|p1a: Iron Crown
|-damage|p1a: Iron Crown|0 fnt
|faint|p1a: Iron Crown
|-end|p1a: Iron Crown|Quark Drive|[silent]
|
|upkeep
|
|t:|1778508644
|switch|p1a: Glimmora|Glimmora, M|100/100
|turn|8
|
|t:|1778508655
|move|p1a: Glimmora|Earth Power|p2a: Kingambit
|-supereffective|p2a: Kingambit
|-damage|p2a: Kingambit|30/100
|move|p2a: Kingambit|Iron Head|p1a: Glimmora
|-supereffective|p1a: Glimmora
|-damage|p1a: Glimmora|0 fnt
|-activate|p1a: Glimmora|ability: Toxic Debris
|-sidestart|p2: Miurez|move: Toxic Spikes
|faint|p1a: Glimmora
|
|-heal|p2a: Kingambit|36/100|[from] item: Leftovers
|upkeep
|
|t:|1778508664
|switch|p1a: Ting-Lu|Ting-Lu|100/100
|-ability|p1a: Ting-Lu|Vessel of Ruin
|turn|9
|
|t:|1778508673
|-end|p2a: Kingambit|fallen3|[silent]
|switch|p2a: Hatterene|Hatterene, F|100/100
|-status|p2a: Hatterene|psn
|move|p1a: Ting-Lu|Earthquake|p2a: Hatterene
|-crit|p2a: Hatterene
|-damage|p2a: Hatterene|53/100 psn
|
|-damage|p2a: Hatterene|41/100 psn|[from] psn
|upkeep
|turn|10
|
|t:|1778508681
|move|p1a: Ting-Lu|Spikes|p2a: Hatterene
|move|p2a: Hatterene|Spikes|p1a: Ting-Lu|[from] ability: Magic Bounce
|-sidestart|p1: Exostentialism|Spikes
|move|p2a: Hatterene|Draining Kiss|p1a: Ting-Lu
|-supereffective|p1a: Ting-Lu
|-damage|p1a: Ting-Lu|82/100
|-heal|p2a: Hatterene|63/100 psn|[from] drain|[of] p1a: Ting-Lu
|-damage|p2a: Hatterene|47/100 psn|[from] item: Rocky Helmet|[of] p1a: Ting-Lu
|
|-damage|p2a: Hatterene|34/100 psn|[from] psn
|upkeep
|turn|11
|
|t:|1778508686
|move|p1a: Ting-Lu|Earthquake|p2a: Hatterene
|-damage|p2a: Hatterene|5/100 psn
|move|p2a: Hatterene|Pain Split|p1a: Ting-Lu
|-sethp|p1a: Ting-Lu|43/100|[from] move: Pain Split|[silent]
|-sethp|p2a: Hatterene|68/100 psn|[from] move: Pain Split
|
|-damage|p2a: Hatterene|56/100 psn|[from] psn
|upkeep
|turn|12
|inactive|Exostentialism has 120 seconds left.
|
|t:|1778508721
|move|p2a: Hatterene|Pain Split|p1a: Ting-Lu
|-sethp|p1a: Ting-Lu|39/100|[from] move: Pain Split|[silent]
|-sethp|p2a: Hatterene|62/100 psn|[from] move: Pain Split
|move|p1a: Ting-Lu|Whirlwind|p2a: Hatterene
|move|p2a: Hatterene|Whirlwind|p1a: Ting-Lu|[from] ability: Magic Bounce
|drag|p1a: Ogerpon|Ogerpon-Wellspring, F|100/100
|-damage|p1a: Ogerpon|88/100|[from] Spikes
|
|-damage|p2a: Hatterene|50/100 psn|[from] psn
|upkeep
|turn|13
|inactive|Exostentialism has 120 seconds left.
|
|t:|1778508733
|move|p1a: Ogerpon|Ivy Cudgel|p2a: Hatterene|[anim] Ivy Cudgel Water
|-damage|p2a: Hatterene|3/100 psn
|move|p2a: Hatterene|Nuzzle|p1a: Ogerpon
|-damage|p1a: Ogerpon|84/100
|-status|p1a: Ogerpon|par
|
|-damage|p2a: Hatterene|0 fnt|[from] psn
|faint|p2a: Hatterene
|upkeep
|inactive|Miurez has 120 seconds left.
|
|t:|1778508751
|switch|p2a: Great Tusk|Great Tusk|100/100
|-status|p2a: Great Tusk|psn
|turn|14
|
|t:|1778508758
|move|p2a: Great Tusk|Ice Spinner|p1a: Ogerpon
|-damage|p1a: Ogerpon|49/100 par
|move|p1a: Ogerpon|Ivy Cudgel|p2a: Great Tusk|[anim] Ivy Cudgel Water
|-supereffective|p2a: Great Tusk
|-damage|p2a: Great Tusk|15/100 psn
|
|-damage|p2a: Great Tusk|2/100 psn|[from] psn
|upkeep
|turn|15
|inactive|Miurez has 120 seconds left.
|
|t:|1778508774
|move|p2a: Great Tusk|Stealth Rock|p1a: Ogerpon
|-sidestart|p1: Exostentialism|move: Stealth Rock
|move|p1a: Ogerpon|U-turn|p2a: Great Tusk
|-resisted|p2a: Great Tusk
|-damage|p2a: Great Tusk|0 fnt
|-damage|p1a: Ogerpon|32/100 par|[from] item: Rocky Helmet|[of] p2a: Great Tusk
|faint|p2a: Great Tusk
|-end|p2a: Great Tusk|Protosynthesis|[silent]
|
|t:|1778508781
|switch|p1a: Dragonite|Dragonite, M|100/100|[from] U-turn
|
|upkeep
|
|t:|1778508785
|switch|p2a: Kingambit|Kingambit, F|36/100
|-activate|p2a: Kingambit|ability: Supreme Overlord
|-start|p2a: Kingambit|fallen5|[silent]
|turn|16
|
|t:|1778508793
|-terastallize|p2a: Kingambit|Ghost
|move|p1a: Dragonite|Earthquake|p2a: Kingambit
|-damage|p2a: Kingambit|5/100
|move|p2a: Kingambit|Iron Head|p1a: Dragonite
|-damage|p1a: Dragonite|64/100
|
|-heal|p2a: Kingambit|11/100|[from] item: Leftovers
|upkeep
|turn|17
|
|t:|1778508806
|move|p1a: Dragonite|Dragon Dance|p1a: Dragonite
|-boost|p1a: Dragonite|atk|1
|-boost|p1a: Dragonite|spe|1
|move|p2a: Kingambit|Iron Head|p1a: Dragonite
|-damage|p1a: Dragonite|0 fnt
|faint|p1a: Dragonite
|
|-heal|p2a: Kingambit|17/100|[from] item: Leftovers
|upkeep
|
|t:|1778508811
|switch|p1a: Gholdengo|Gholdengo|100/100
|-damage|p1a: Gholdengo|88/100|[from] Spikes
|-damage|p1a: Gholdengo|82/100|[from] Stealth Rock
|turn|18
|
|t:|1778508817
|move|p1a: Gholdengo|Hex|p2a: Kingambit
|-supereffective|p2a: Kingambit
|-damage|p2a: Kingambit|0 fnt
|faint|p2a: Kingambit
|-end|p2a: Kingambit|fallen5|[silent]
|
|win|Exostentialism
|raw|Exostentialism's rating: 1631 &rarr; <strong>1651</strong><br />(+20 for winning)
|raw|Miurez's rating: 1633 &rarr; <strong>1613</strong><br />(-20 for losing)
|l|☆Miurez
|player|p2|
|l| mono_8427109
|l| shadowisp
