|html|<div class="broadcast-blue"><strong>[Gen 9] OU is currently suspecting Tera Blast! For information on how to participate check out the <a href="https://www.smogon.com/tools/suspects/view/200">suspect thread</a>.</strong></div>
|j|☆KevDB
|j|☆aquavanilla
|t:|1776109566
|gametype|singles
|player|p1|KevDB|dawn|
|player|p2|aquavanilla|dawn-masters|
|gen|9
|tier|[Gen 9] OU
|rule|HP Percentage Mod: HP is shown in percentages
|rule|Endless Battle Clause: Forcing endless battles is banned
|rule|Species Clause: Limit one of each Pokémon
|rule|OHKO Clause: OHKO moves are banned
|rule|Evasion Items Clause: Evasion items are banned
|rule|Evasion Moves Clause: Evasion moves are banned
|rule|Evasion Abilities Clause: Evasion abilities are banned
|rule|Sleep Moves Clause: Sleep-inducing moves are banned
|clearpoke
|poke|p1|Indeedee, M|
|poke|p1|Hatterene, F|
|poke|p1|Ursaluna, F|
|poke|p1|Iron Hands|
|poke|p1|Hoopa-Unbound|
|poke|p1|Mimikyu, F|
|poke|p2|Ogerpon, F|
|poke|p2|Dragonite, M|
|poke|p2|Tinkaton, F|
|poke|p2|Raging Bolt|
|poke|p2|Gholdengo|
|poke|p2|Ting-Lu|
|teampreview
|inactive|Battle timer is ON: inactive players will automatically lose when time's up. (requested by aquavanilla)
|c|☆KevDB|sup
|c|☆KevDB|we back
|c|☆aquavanilla|YO
|c|☆aquavanilla|SHIT
|c|☆aquavanilla|MY DNITE HAS 2 MOVES
|c|☆aquavanilla|LMFAO
|c|☆KevDB|LOL
|inactive|aquavanilla has 270 seconds left.
|c|☆aquavanilla|omg
|c|☆aquavanilla|im cooked
|inactive|KevDB has 270 seconds left.
|inactive|aquavanilla has 240 seconds left.
|c|☆aquavanilla|!code
|c|☆aquavanilla|/raw <div class="infobox"><details class="readmore code" style="white-space: pre-wrap; display: table; tab-size: 3"><summary>Dragonite @ Life Orb  <br />Ability: Multiscale  <br />Tera Type: Dragon  </summary>EVs: 252 Atk &#x2f; 4 Def &#x2f; 252 Spe  <br />Adamant Nature  <br />- Dragon Dance  <br />- Outrage</details></div>
|c|☆KevDB|"!code"
|c|☆KevDB|do show set g
|c|☆KevDB|who tf does code
|inactive|aquavanilla has 210 seconds left.
|c|☆aquavanilla|!showset dragonite
|c| aquavanilla|/raw <div class="infobox">Dragonite @ Life Orb  <br />Ability: Multiscale  <br />Tera Type: Dragon  <br />EVs: 252 Atk &#x2f; 4 Def &#x2f; 252 Spe  <br />Adamant Nature  <br />- Dragon Dance  <br />- Outrage  <br /><br /></div>
|
|t:|1776109676
|teamsize|p1|6
|teamsize|p2|6
|start
|switch|p1a: Hatterene|Hatterene, F, shiny|100/100
|switch|p2a: Ogerpon|Ogerpon, F|100/100
|turn|1
|
|t:|1776109682
|move|p2a: Ogerpon|Ivy Cudgel|p1a: Hatterene
|-crit|p1a: Hatterene
|-damage|p1a: Hatterene|0 fnt
|faint|p1a: Hatterene
|
|upkeep
|c|☆aquavanilla|bye
|c|☆KevDB|ar
|c|☆KevDB|are
|c|☆KevDB|are
|c|☆KevDB|are
|c|☆KevDB|are
|c|☆KevDB|are
|c|☆KevDB|are
|c|☆KevDB|are
|c|☆KevDB|we
|c|☆KevDB|SERIOUS
|
|t:|1776109694
|switch|p1a: Iron Hands|Iron Hands|100/100
|-enditem|p1a: Iron Hands|Booster Energy
|-activate|p1a: Iron Hands|ability: Quark Drive|[fromitem]
|-start|p1a: Iron Hands|quarkdriveatk
|turn|2
|inactive|aquavanilla has 270 seconds left.
|
|t:|1776109705
|move|p2a: Ogerpon|U-turn|p1a: Iron Hands
|-resisted|p1a: Iron Hands
|-damage|p1a: Iron Hands|93/100
|c|☆KevDB|U AINT EVEN BANDED LMFAO
|
|t:|1776109711
|switch|p2a: Gholdengo|Gholdengo|100/100|[from] U-turn
|-item|p2a: Gholdengo|Air Balloon
|move|p1a: Iron Hands|Supercell Slam|p2a: Gholdengo
|-damage|p2a: Gholdengo|13/100
|-enditem|p2a: Gholdengo|Air Balloon
|
|upkeep
|turn|3
|c|☆KevDB|HELL NAH
|c|☆KevDB|FUCKING HAXER
|inactive|aquavanilla has 270 seconds left.
|c|☆KevDB|and ur ass
|c|☆KevDB|hold that
|
|t:|1776109723
|move|p2a: Gholdengo|Shadow Ball|p1a: Iron Hands
|-damage|p1a: Iron Hands|53/100
|move|p1a: Iron Hands|Earthquake|p2a: Gholdengo
|-supereffective|p2a: Gholdengo
|-damage|p2a: Gholdengo|0 fnt
|faint|p2a: Gholdengo
|
|upkeep
|inactive|aquavanilla has 270 seconds left.
|
|t:|1776109738
|switch|p2a: Ting-Lu|Ting-Lu|100/100
|-ability|p2a: Ting-Lu|Vessel of Ruin
|turn|4
|inactive|aquavanilla has 270 seconds left.
|
|t:|1776109748
|move|p1a: Iron Hands|Ice Punch|p2a: Ting-Lu
|-supereffective|p2a: Ting-Lu
|-crit|p2a: Ting-Lu
|-damage|p2a: Ting-Lu|30/100
|move|p2a: Ting-Lu|Earthquake|p1a: Iron Hands
|-supereffective|p1a: Iron Hands
|-damage|p1a: Iron Hands|4/100
|
|-heal|p2a: Ting-Lu|37/100|[from] item: Leftovers
|upkeep
|turn|5
|c|☆aquavanilla|LOL
|c|☆aquavanilla|CRIT
|c|☆KevDB|doesn't matter u get 1v1d
|
|t:|1776109761
|-terastallize|p2a: Ting-Lu|Water
|move|p1a: Iron Hands|Close Combat|p2a: Ting-Lu
|-damage|p2a: Ting-Lu|0 fnt
|-unboost|p1a: Iron Hands|def|1
|-unboost|p1a: Iron Hands|spd|1
|faint|p2a: Ting-Lu
|
|upkeep
|c|☆KevDB|LMFAOOOOOOOO
|
|t:|1776109766
|switch|p2a: Ogerpon|Ogerpon, F|100/100
|turn|6
|c|☆KevDB|LMAO
|c|☆KevDB|LMAO
|c|☆KevDB|LMAO
|c|☆KevDB|BEST TERA EVER ?!
|
|t:|1776109772
|move|p2a: Ogerpon|Knock Off|p1a: Iron Hands
|-resisted|p1a: Iron Hands
|-damage|p1a: Iron Hands|0 fnt
|faint|p1a: Iron Hands
|-end|p1a: Iron Hands|Quark Drive|[silent]
|
|upkeep
|c|☆aquavanilla|i still win anyways
|c|☆aquavanilla|lol
|c|☆KevDB|wasss that the best tera of ALL TIME ?
|
|t:|1776109787
|switch|p1a: Mimikyu|Mimikyu, F, shiny|100/100
|turn|7
|
|t:|1776109789
|move|p2a: Ogerpon|U-turn|p1a: Mimikyu
|-activate|p1a: Mimikyu|ability: Disguise
|-damage|p1a: Mimikyu|100/100
|detailschange|p1a: Mimikyu|Mimikyu-Busted, F, shiny
|-damage|p1a: Mimikyu|88/100|[from] pokemon: Mimikyu-Busted
|-enditem|p1a: Mimikyu|Red Card|[of] p2a: Ogerpon
|drag|p2a: Tinkaton|Tinkaton, F|100/100
|-ability|p2a: Tinkaton|Mold Breaker
|-item|p2a: Tinkaton|Air Balloon
|move|p1a: Mimikyu|Trick Room|p1a: Mimikyu
|-fieldstart|move: Trick Room|[of] p1a: Mimikyu
|
|upkeep
|turn|8
|c|☆aquavanilla|wsg
|
|t:|1776109801
|switch|p1a: Ursaluna|Ursaluna, F, shiny|100/100
|move|p2a: Tinkaton|Gigaton Hammer|p1a: Ursaluna
|-crit|p1a: Ursaluna
|-damage|p1a: Ursaluna|53/100
|
|-status|p1a: Ursaluna|brn|[from] item: Flame Orb
|upkeep
|turn|9
|c|☆KevDB|nice luck
|c|☆KevDB|nice crit
|
|t:|1776109831
|move|p1a: Ursaluna|Facade|p2a: Tinkaton
|-resisted|p2a: Tinkaton
|-damage|p2a: Tinkaton|24/100
|-enditem|p2a: Tinkaton|Air Balloon
|move|p2a: Tinkaton|Stealth Rock|p1a: Ursaluna
|-sidestart|p1: KevDB|move: Stealth Rock
|
|-damage|p1a: Ursaluna|47/100 brn|[from] brn
|upkeep
|turn|10
|inactive|aquavanilla has 270 seconds left.
|
|t:|1776109852
|switch|p2a: Dragonite|Dragonite, M|100/100
|move|p1a: Ursaluna|Facade|p2a: Dragonite
|-damage|p2a: Dragonite|27/100
|
|-damage|p1a: Ursaluna|41/100 brn|[from] brn
|upkeep
|turn|11
|inactive|aquavanilla has 270 seconds left.
|
|t:|1776109857
|move|p1a: Ursaluna|Facade|p2a: Dragonite
|-damage|p2a: Dragonite|0 fnt
|faint|p2a: Dragonite
|
|-damage|p1a: Ursaluna|35/100 brn|[from] brn
|-fieldend|move: Trick Room
|upkeep
|
|t:|1776109859
|switch|p2a: Ogerpon|Ogerpon, F|100/100
|turn|12
|c|☆KevDB|thx for the dnite
|c|☆KevDB|appreciate it bro
|c|☆aquavanilla|yeah the 2 move dnite
|c|☆KevDB|LOL
|
|t:|1776109876
|switch|p1a: Mimikyu|Mimikyu-Busted, F, shiny|88/100
|-damage|p1a: Mimikyu|76/100|[from] Stealth Rock
|move|p2a: Ogerpon|Ivy Cudgel|p1a: Mimikyu
|-damage|p1a: Mimikyu|19/100
|
|upkeep
|turn|13
|
|t:|1776109884
|move|p2a: Ogerpon|Knock Off|p1a: Mimikyu
|-damage|p1a: Mimikyu|0 fnt
|faint|p1a: Mimikyu
|
|upkeep
|
|t:|1776109886
|switch|p1a: Indeedee|Indeedee, M, shiny|100/100
|-damage|p1a: Indeedee|88/100|[from] Stealth Rock
|-fieldstart|move: Psychic Terrain|[from] ability: Psychic Surge|[of] p1a: Indeedee
|turn|14
|
|t:|1776109905
|move|p2a: Ogerpon|Knock Off|p1a: Indeedee
|-supereffective|p1a: Indeedee
|-damage|p1a: Indeedee|7/100
|-enditem|p1a: Indeedee|Terrain Extender|[from] move: Knock Off|[of] p2a: Ogerpon
|move|p1a: Indeedee|Trick Room|p1a: Indeedee
|-fieldstart|move: Trick Room|[of] p1a: Indeedee
|
|upkeep
|turn|15
|inactive|aquavanilla has 270 seconds left.
|
|t:|1776109937
|move|p1a: Indeedee|Healing Wish|p1a: Indeedee
|faint|p1a: Indeedee
|move|p2a: Ogerpon|Ivy Cudgel|p1: Indeedee|[notarget]
|-fail|p2a: Ogerpon
|
|upkeep
|
|t:|1776109950
|switch|p1a: Ursaluna|Ursaluna, F, shiny|35/100 brn
|-heal|p1a: Ursaluna|100/100|[from] move: Healing Wish
|-damage|p1a: Ursaluna|94/100|[from] Stealth Rock
|turn|16
|inactive|aquavanilla has 270 seconds left.
|inactive|aquavanilla has 240 seconds left.
|
|t:|1776109997
|switch|p2a: Tinkaton|Tinkaton, F|24/100
|-ability|p2a: Tinkaton|Mold Breaker
|-terastallize|p1a: Ursaluna|Normal
|move|p1a: Ursaluna|Ice Punch|p2a: Tinkaton
|-resisted|p2a: Tinkaton
|-damage|p2a: Tinkaton|7/100
|
|-status|p1a: Ursaluna|brn|[from] item: Flame Orb
|upkeep
|turn|17
|inactive|aquavanilla has 240 seconds left.
|
|t:|1776110023
|move|p1a: Ursaluna|Facade|p2a: Tinkaton
|-resisted|p2a: Tinkaton
|-damage|p2a: Tinkaton|0 fnt
|faint|p2a: Tinkaton
|
|-damage|p1a: Ursaluna|88/100 brn|[from] brn
|upkeep
|
|t:|1776110027
|switch|p2a: Raging Bolt|Raging Bolt|100/100
|-enditem|p2a: Raging Bolt|Booster Energy
|-activate|p2a: Raging Bolt|ability: Protosynthesis|[fromitem]
|-start|p2a: Raging Bolt|protosynthesisspa
|turn|18
|
|t:|1776110040
|move|p2a: Raging Bolt|Thunderclap|p1a: Ursaluna
|-activate|p1a: Ursaluna|move: Psychic Terrain
|move|p1a: Ursaluna|Facade|p2a: Raging Bolt
|-damage|p2a: Raging Bolt|0 fnt
|faint|p2a: Raging Bolt
|-end|p2a: Raging Bolt|Protosynthesis|[silent]
|
|-damage|p1a: Ursaluna|82/100 brn|[from] brn
|-fieldend|move: Trick Room
|upkeep
|c|☆KevDB|LMAOOOO
|c|☆KevDB|SPED
|
|t:|1776110045
|switch|p2a: Ogerpon|Ogerpon, F|100/100
|turn|19
|inactive|aquavanilla has 240 seconds left.
|c|☆aquavanilla|i couldnt do anything there anyways
|c|☆KevDB|?
|
|t:|1776110064
|move|p2a: Ogerpon|Ivy Cudgel|p1a: Ursaluna
|-crit|p1a: Ursaluna
|-damage|p1a: Ursaluna|8/100 brn
|move|p1a: Ursaluna|Facade|p2a: Ogerpon
|-damage|p2a: Ogerpon|0 fnt
|faint|p2a: Ogerpon
|
|win|KevDB
|c|☆KevDB|gg son
|c|☆KevDB|nah
|c|☆aquavanilla|how do u live
|c|☆KevDB|rng tryna kick in AGAIN
|c|☆aquavanilla|???
|c|☆KevDB|cuz im an ursa
