|html|<div class="broadcast-blue"><strong>[Gen 9] OU is currently suspecting Tera Blast! For information on how to participate check out the <a href="https://www.smogon.com/tools/suspects/view/200">suspect thread</a>.</strong></div>
|j|☆Yeenenkno
|j|☆cold_fart69
|t:|1776032530
|gametype|singles
|player|p1|Yeenenkno|169|1144
|player|p2|cold_fart69|sabrina|1078
|gen|9
|tier|[Gen 9] OU
|rated|
|rule|HP Percentage Mod: HP is shown in percentages
|rule|Endless Battle Clause: Forcing endless battles is banned
|rule|Species Clause: Limit one of each Pokémon
|rule|OHKO Clause: OHKO moves are banned
|rule|Evasion Items Clause: Evasion items are banned
|rule|Evasion Moves Clause: Evasion moves are banned
|rule|Evasion Abilities Clause: Evasion abilities are banned
|rule|Sleep Moves Clause: Sleep-inducing moves are banned
|clearpoke
|poke|p1|Cramorant, F|
|poke|p1|Garganacl, F|
|poke|p1|Hatterene, F|
|poke|p1|Pecharunt|
|poke|p1|Hydrapple, F|
|poke|p1|Honchkrow, F|
|poke|p2|Torkoal, M|
|poke|p2|Raging Bolt|
|poke|p2|Iron Boulder|
|poke|p2|Ceruledge, M|
|poke|p2|Ogerpon, F|
|poke|p2|Dondozo, F|
|teampreview
|j| ohko_smeargle
|
|t:|1776032535
|teamsize|p1|6
|teamsize|p2|6
|start
|switch|p1a: Pecharunt|Pecharunt|100/100
|switch|p2a: Torkoal|Torkoal, M|100/100
|-weather|SunnyDay|[from] ability: Drought|[of] p2a: Torkoal
|turn|1
|
|t:|1776032544
|move|p1a: Pecharunt|Malignant Chain|p2a: Torkoal
|-damage|p2a: Torkoal|62/100
|move|p2a: Torkoal|Will-O-Wisp|p1a: Pecharunt|[miss]
|-miss|p2a: Torkoal|p1a: Pecharunt
|
|-weather|SunnyDay|[upkeep]
|upkeep
|turn|2
|
|t:|1776032561
|move|p1a: Pecharunt|Malignant Chain|p2a: Torkoal
|-damage|p2a: Torkoal|22/100
|move|p2a: Torkoal|Stealth Rock|p1a: Pecharunt
|-sidestart|p1: Yeenenkno|move: Stealth Rock
|
|-weather|SunnyDay|[upkeep]
|upkeep
|turn|3
|
|t:|1776032579
|switch|p2a: Ceruledge|Ceruledge, M|100/100
|move|p1a: Pecharunt|Malignant Chain|p2a: Ceruledge
|-resisted|p2a: Ceruledge
|-damage|p2a: Ceruledge|73/100
|
|-weather|SunnyDay|[upkeep]
|upkeep
|turn|4
|
|t:|1776032588
|move|p2a: Ceruledge|Poltergeist|p1a: Pecharunt
|-activate|p1a: Pecharunt|move: Poltergeist|Black Sludge
|-supereffective|p1a: Pecharunt
|-damage|p1a: Pecharunt|20/100
|-damage|p2a: Ceruledge|63/100|[from] item: Life Orb
|move|p1a: Pecharunt|Hex|p2a: Ceruledge
|-supereffective|p2a: Ceruledge
|-damage|p2a: Ceruledge|0 fnt
|faint|p2a: Ceruledge
|
|-weather|SunnyDay|[upkeep]
|-heal|p1a: Pecharunt|26/100|[from] item: Black Sludge
|upkeep
|
|t:|1776032595
|switch|p2a: Ogerpon|Ogerpon, F|100/100
|turn|5
|
|t:|1776032601
|move|p2a: Ogerpon|Solar Blade||[still]
|-prepare|p2a: Ogerpon|Solar Blade
|-anim|p2a: Ogerpon|Solar Blade|p1a: Pecharunt
|-resisted|p1a: Pecharunt
|-damage|p1a: Pecharunt|0 fnt
|faint|p1a: Pecharunt
|
|-weather|SunnyDay|[upkeep]
|upkeep
|
|t:|1776032610
|switch|p1a: Honchkrow|Honchkrow, F|100/100
|-damage|p1a: Honchkrow|76/100|[from] Stealth Rock
|turn|6
|
|t:|1776032616
|move|p2a: Ogerpon|Solar Blade||[still]
|-prepare|p2a: Ogerpon|Solar Blade
|-anim|p2a: Ogerpon|Solar Blade|p1a: Honchkrow
|-resisted|p1a: Honchkrow
|-damage|p1a: Honchkrow|5/100
|move|p1a: Honchkrow|Nasty Plot|p1a: Honchkrow
|-boost|p1a: Honchkrow|spa|2
|
|-weather|SunnyDay|[upkeep]
|upkeep
|turn|7
|
|t:|1776032624
|move|p1a: Honchkrow|Sucker Punch|p2a: Ogerpon
|-damage|p2a: Ogerpon|50/100
|move|p2a: Ogerpon|Solar Blade||[still]
|-prepare|p2a: Ogerpon|Solar Blade
|-anim|p2a: Ogerpon|Solar Blade|p1a: Honchkrow
|-resisted|p1a: Honchkrow
|-damage|p1a: Honchkrow|0 fnt
|faint|p1a: Honchkrow
|
|-weather|SunnyDay|[upkeep]
|upkeep
|
|t:|1776032629
|switch|p1a: Cramorant|Cramorant, F|100/100
|-damage|p1a: Cramorant|76/100|[from] Stealth Rock
|turn|8
|
|t:|1776032634
|move|p2a: Ogerpon|Solar Blade||[still]
|-prepare|p2a: Ogerpon|Solar Blade
|-anim|p2a: Ogerpon|Solar Blade|p1a: Cramorant
|-damage|p1a: Cramorant|0 fnt
|-damage|p2a: Ogerpon|33/100|[from] item: Rocky Helmet|[of] p1a: Cramorant
|faint|p1a: Cramorant
|
|-weather|none
|upkeep
|
|t:|1776032644
|switch|p1a: Hatterene|Hatterene, F|100/100
|-damage|p1a: Hatterene|88/100|[from] Stealth Rock
|turn|9
|
|t:|1776032651
|switch|p2a: Iron Boulder|Iron Boulder|100/100
|-enditem|p2a: Iron Boulder|Booster Energy
|-activate|p2a: Iron Boulder|ability: Quark Drive|[fromitem]
|-start|p2a: Iron Boulder|quarkdrivespe
|move|p1a: Hatterene|Future Sight|p2a: Iron Boulder
|-start|p1a: Hatterene|move: Future Sight
|
|-heal|p1a: Hatterene|94/100|[from] item: Leftovers
|upkeep
|turn|10
|
|t:|1776032663
|move|p2a: Iron Boulder|Swords Dance|p2a: Iron Boulder
|-boost|p2a: Iron Boulder|atk|2
|move|p1a: Hatterene|Nuzzle|p2a: Iron Boulder
|-damage|p2a: Iron Boulder|95/100
|-status|p2a: Iron Boulder|par
|
|-heal|p1a: Hatterene|99/100|[from] item: Leftovers
|upkeep
|turn|11
|
|t:|1776032673
|move|p2a: Iron Boulder|Earthquake|p1a: Hatterene
|-damage|p1a: Hatterene|32/100
|move|p1a: Hatterene|Dazzling Gleam|p2a: Iron Boulder
|-damage|p2a: Iron Boulder|49/100 par
|
|-end|p2a: Iron Boulder|move: Future Sight
|-resisted|p2a: Iron Boulder
|-damage|p2a: Iron Boulder|14/100 par
|-heal|p1a: Hatterene|38/100|[from] item: Leftovers
|upkeep
|turn|12
|
|t:|1776032679
|move|p2a: Iron Boulder|Earthquake|p1a: Hatterene
|-damage|p1a: Hatterene|0 fnt
|faint|p1a: Hatterene
|
|upkeep
|
|t:|1776032686
|switch|p1a: Hydrapple|Hydrapple, F|100/100
|-damage|p1a: Hydrapple|88/100|[from] Stealth Rock
|turn|13
|
|t:|1776032694
|move|p1a: Hydrapple|Sucker Punch|p2a: Iron Boulder
|-supereffective|p2a: Iron Boulder
|-damage|p2a: Iron Boulder|0 fnt
|faint|p2a: Iron Boulder
|-end|p2a: Iron Boulder|Quark Drive|[silent]
|
|-heal|p1a: Hydrapple|94/100|[from] item: Leftovers
|upkeep
|
|t:|1776032698
|switch|p2a: Torkoal|Torkoal, M|22/100
|-weather|SunnyDay|[from] ability: Drought|[of] p2a: Torkoal
|turn|14
|
|t:|1776032704
|switch|p2a: Raging Bolt|Raging Bolt|100/100
|-activate|p2a: Raging Bolt|ability: Protosynthesis
|-start|p2a: Raging Bolt|protosynthesisspa
|move|p1a: Hydrapple|Sucker Punch||[still]
|-fail|p1a: Hydrapple
|
|-weather|SunnyDay|[upkeep]
|-heal|p1a: Hydrapple|100/100|[from] item: Leftovers
|upkeep
|turn|15
|
|t:|1776032716
|-terastallize|p2a: Raging Bolt|Fairy
|move|p2a: Raging Bolt|Calm Mind|p2a: Raging Bolt
|-boost|p2a: Raging Bolt|spa|1
|-boost|p2a: Raging Bolt|spd|1
|move|p1a: Hydrapple|Fickle Beam|p2a: Raging Bolt
|-immune|p2a: Raging Bolt
|
|-weather|SunnyDay|[upkeep]
|upkeep
|turn|16
|
|t:|1776032723
|move|p2a: Raging Bolt|Dragon Pulse|p1a: Hydrapple
|-supereffective|p1a: Hydrapple
|-damage|p1a: Hydrapple|0 fnt
|faint|p1a: Hydrapple
|
|-weather|SunnyDay|[upkeep]
|upkeep
|
|t:|1776032726
|switch|p1a: Garganacl|Garganacl, F|100/100
|-damage|p1a: Garganacl|88/100|[from] Stealth Rock
|turn|17
|
|t:|1776032733
|move|p2a: Raging Bolt|Dragon Pulse|p1a: Garganacl
|-damage|p1a: Garganacl|4/100
|move|p1a: Garganacl|Salt Cure|p2a: Raging Bolt
|-damage|p2a: Raging Bolt|88/100
|-start|p2a: Raging Bolt|Salt Cure
|
|-weather|SunnyDay|[upkeep]
|-heal|p1a: Garganacl|10/100|[from] item: Leftovers
|-damage|p2a: Raging Bolt|76/100|[from] Salt Cure
|upkeep
|turn|18
|-message|Yeenenkno forfeited.
|
|win|cold_fart69
|raw|Yeenenkno's rating: 1144 &rarr; <strong>1114</strong><br />(-30 for losing)
|raw|cold_fart69's rating: 1078 &rarr; <strong>1112</strong><br />(+34 for winning)
|l|☆Yeenenkno
|player|p1|
|l| ohko_smeargle
|l|☆cold_fart69
|player|p2|
