|html|<div class="broadcast-blue"><strong>[Gen 9] OU is currently suspecting Tera Blast! For information on how to participate check out the <a href="https://www.smogon.com/tools/suspects/view/200">suspect thread</a>.</strong></div>
|j|☆Bring09
|j|☆Sebbzzz
|t:|1776045611
|gametype|singles
|player|p1|Bring09|169|1000
|player|p2|Sebbzzz|hugh|1000
|gen|9
|tier|[Gen 9] OU
|rated|
|rule|HP Percentage Mod: HP is shown in percentages
|rule|Endless Battle Clause: Forcing endless battles is banned
|rule|Species Clause: Limit one of each Pokémon
|rule|OHKO Clause: OHKO moves are banned
|rule|Evasion Items Clause: Evasion items are banned
|rule|Evasion Moves Clause: Evasion moves are banned
|rule|Evasion Abilities Clause: Evasion abilities are banned
|rule|Sleep Moves Clause: Sleep-inducing moves are banned
|clearpoke
|poke|p1|Excadrill, M|
|poke|p1|Dragonite, M|
|poke|p1|Tyranitar, F|
|poke|p1|Whimsicott, M|
|poke|p1|Salamence, F|
|poke|p1|Cinccino, F|
|poke|p2|Great Tusk|
|poke|p2|Dragapult, F|
|poke|p2|Corviknight, M|
|poke|p2|Iron Valiant|
|poke|p2|Heatran, F|
|poke|p2|Rotom-Wash|
|teampreview
|
|t:|1776045619
|teamsize|p1|6
|teamsize|p2|6
|start
|switch|p1a: Whimsicott|Whimsicott, M, shiny|100/100
|switch|p2a: Great Tusk|Great Tusk|100/100
|turn|1
|
|t:|1776045631
|move|p1a: Whimsicott|Moonblast|p2a: Great Tusk
|-supereffective|p2a: Great Tusk
|-damage|p2a: Great Tusk|9/100
|move|p2a: Great Tusk|Stealth Rock|p1a: Whimsicott
|-sidestart|p1: Bring09|move: Stealth Rock
|
|-heal|p2a: Great Tusk|15/100|[from] item: Leftovers
|upkeep
|turn|2
|inactive|Battle timer is ON: inactive players will automatically lose when time's up. (requested by Sebbzzz)
|
|t:|1776045653
|-end|p2a: Great Tusk|Protosynthesis|[silent]
|switch|p2a: Heatran|Heatran, F|100/100
|move|p1a: Whimsicott|Moonblast|p2a: Heatran
|-resisted|p2a: Heatran
|-crit|p2a: Heatran
|-damage|p2a: Heatran|92/100
|
|-heal|p2a: Heatran|98/100|[from] item: Leftovers
|upkeep
|turn|3
|inactive|Sebbzzz has 120 seconds left.
|
|t:|1776045687
|move|p1a: Whimsicott|Light Screen|p1a: Whimsicott
|-sidestart|p1: Bring09|move: Light Screen
|move|p2a: Heatran|Earth Power|p1a: Whimsicott
|-resisted|p1a: Whimsicott
|-damage|p1a: Whimsicott|90/100
|
|-heal|p2a: Heatran|100/100|[from] item: Leftovers
|upkeep
|turn|4
|inactive|Sebbzzz has 120 seconds left.
|
|t:|1776045705
|switch|p1a: Excadrill|Excadrill, M|100/100
|-damage|p1a: Excadrill|97/100|[from] Stealth Rock
|move|p2a: Heatran|Earth Power|p1a: Excadrill
|-supereffective|p1a: Excadrill
|-damage|p1a: Excadrill|62/100
|
|upkeep
|turn|5
|inactive|Sebbzzz has 120 seconds left.
|
|t:|1776045717
|-terastallize|p1a: Excadrill|Ground
|move|p1a: Excadrill|Swords Dance|p1a: Excadrill
|-boost|p1a: Excadrill|atk|2
|move|p2a: Heatran|Lava Plume|p1a: Excadrill
|-damage|p1a: Excadrill|40/100
|
|upkeep
|turn|6
|
|t:|1776045730
|move|p2a: Heatran|Protect|p2a: Heatran
|-singleturn|p2a: Heatran|Protect
|move|p1a: Excadrill|Earthquake|p2a: Heatran
|-activate|p2a: Heatran|move: Protect
|
|upkeep
|turn|7
|
|t:|1776045742
|move|p1a: Excadrill|Swords Dance|p1a: Excadrill
|-boost|p1a: Excadrill|atk|2
|move|p2a: Heatran|Earth Power|p1a: Excadrill
|-damage|p1a: Excadrill|24/100
|
|-sideend|p1: Bring09|move: Light Screen
|upkeep
|turn|8
|
|t:|1776045755
|move|p2a: Heatran|Protect|p2a: Heatran
|-singleturn|p2a: Heatran|Protect
|move|p1a: Excadrill|Earthquake|p2a: Heatran
|-activate|p2a: Heatran|move: Protect
|
|upkeep
|turn|9
|
|t:|1776045764
|move|p2a: Heatran|Protect|p2a: Heatran
|-singleturn|p2a: Heatran|Protect
|move|p1a: Excadrill|Earthquake|p2a: Heatran
|-activate|p2a: Heatran|move: Protect
|
|upkeep
|turn|10
|
|t:|1776045771
|move|p1a: Excadrill|Earthquake|p2a: Heatran
|-supereffective|p2a: Heatran
|-damage|p2a: Heatran|0 fnt
|faint|p2a: Heatran
|-damage|p1a: Excadrill|14/100|[from] item: Life Orb
|
|upkeep
|
|t:|1776045780
|switch|p2a: Rotom|Rotom-Wash|100/100
|turn|11
|
|t:|1776045789
|move|p2a: Rotom|Hydro Pump|p1a: Excadrill
|-supereffective|p1a: Excadrill
|-damage|p1a: Excadrill|0 fnt
|faint|p1a: Excadrill
|
|upkeep
|
|t:|1776045797
|switch|p1a: Whimsicott|Whimsicott, M, shiny|90/100
|-damage|p1a: Whimsicott|78/100|[from] Stealth Rock
|turn|12
|
|t:|1776045805
|switch|p2a: Corviknight|Corviknight, M|100/100
|-ability|p2a: Corviknight|Pressure
|move|p1a: Whimsicott|Light Screen|p1a: Whimsicott
|-sidestart|p1: Bring09|move: Light Screen
|
|upkeep
|turn|13
|
|t:|1776045823
|switch|p1a: Salamence|Salamence, F|100/100
|-damage|p1a: Salamence|75/100|[from] Stealth Rock
|-ability|p1a: Salamence|Intimidate|boost
|-unboost|p2a: Corviknight|atk|1
|move|p2a: Corviknight|Brave Bird|p1a: Salamence
|-damage|p1a: Salamence|47/100
|-damage|p2a: Corviknight|93/100|[from] Recoil
|
|upkeep
|turn|14
|
|t:|1776045837
|switch|p1a: Whimsicott|Whimsicott, M, shiny|78/100
|-damage|p1a: Whimsicott|65/100|[from] Stealth Rock
|move|p2a: Corviknight|U-turn|p1a: Whimsicott
|-damage|p1a: Whimsicott|54/100
|
|t:|1776045843
|switch|p2a: Rotom|Rotom-Wash|100/100|[from] U-turn
|
|upkeep
|turn|15
|
|t:|1776045857
|move|p1a: Whimsicott|Tailwind|p1a: Whimsicott
|-sidestart|p1: Bring09|move: Tailwind
|move|p2a: Rotom|Volt Switch|p1a: Whimsicott
|-resisted|p1a: Whimsicott
|-damage|p1a: Whimsicott|39/100
|
|t:|1776045865
|switch|p2a: Great Tusk|Great Tusk|15/100|[from] Volt Switch
|
|-heal|p2a: Great Tusk|21/100|[from] item: Leftovers
|upkeep
|turn|16
|
|t:|1776045881
|switch|p1a: Salamence|Salamence, F|47/100
|-damage|p1a: Salamence|22/100|[from] Stealth Rock
|-ability|p1a: Salamence|Intimidate|boost
|-unboost|p2a: Great Tusk|atk|1
|move|p2a: Great Tusk|Knock Off|p1a: Salamence
|-damage|p1a: Salamence|1/100
|-enditem|p1a: Salamence|Choice Scarf|[from] move: Knock Off|[of] p2a: Great Tusk
|
|-heal|p2a: Great Tusk|27/100|[from] item: Leftovers
|-sideend|p1: Bring09|move: Light Screen
|upkeep
|turn|17
|
|t:|1776045900
|-end|p2a: Great Tusk|Protosynthesis|[silent]
|switch|p2a: Corviknight|Corviknight, M|93/100
|-ability|p2a: Corviknight|Pressure
|move|p1a: Salamence|Draco Meteor|p2a: Corviknight
|-resisted|p2a: Corviknight
|-damage|p2a: Corviknight|72/100
|-unboost|p1a: Salamence|spa|2
|
|upkeep
|turn|18
|inactive|Bring09 has 120 seconds left.
|
|t:|1776045922
|move|p1a: Salamence|Iron Head|p2a: Corviknight
|-resisted|p2a: Corviknight
|-damage|p2a: Corviknight|63/100
|-damage|p1a: Salamence|0 fnt|[from] item: Rocky Helmet|[of] p2a: Corviknight
|faint|p1a: Salamence
|move|p2a: Corviknight|U-turn|p1: Salamence|[notarget]
|-fail|p2a: Corviknight
|
|-sideend|p1: Bring09|move: Tailwind
|upkeep
|inactive|Bring09 has 120 seconds left.
|
|t:|1776045943
|switch|p1a: Cinccino|Cinccino, F|100/100
|-damage|p1a: Cinccino|88/100|[from] Stealth Rock
|turn|19
|
|t:|1776045957
|move|p1a: Cinccino|Rock Blast|p2a: Corviknight
|-damage|p2a: Corviknight|57/100
|-damage|p2a: Corviknight|50/100
|-damage|p2a: Corviknight|43/100
|-damage|p2a: Corviknight|36/100
|-damage|p2a: Corviknight|30/100
|-hitcount|p2a: Corviknight|5
|-damage|p1a: Cinccino|78/100|[from] item: Life Orb
|move|p2a: Corviknight|Defog|p1a: Cinccino
|-unboost|p1a: Cinccino|evasion|1
|-sideend|p1: Bring09|Stealth Rock|[from] move: Defog|[of] p2a: Corviknight
|
|upkeep
|turn|20
|
|t:|1776045978
|switch|p2a: Iron Valiant|Iron Valiant|100/100
|move|p1a: Cinccino|Rock Blast|p2a: Iron Valiant|[miss]
|-miss|p1a: Cinccino|p2a: Iron Valiant
|
|upkeep
|turn|21
|
|t:|1776045995
|switch|p1a: Tyranitar|Tyranitar, F|100/100
|-weather|Sandstorm|[from] ability: Sand Stream|[of] p1a: Tyranitar
|move|p2a: Iron Valiant|Close Combat|p1a: Tyranitar
|-supereffective|p1a: Tyranitar
|-damage|p1a: Tyranitar|0 fnt
|-unboost|p2a: Iron Valiant|def|1
|-unboost|p2a: Iron Valiant|spd|1
|faint|p1a: Tyranitar
|-damage|p2a: Iron Valiant|91/100|[from] item: Life Orb
|
|-weather|Sandstorm|[upkeep]
|-damage|p2a: Iron Valiant|85/100|[from] Sandstorm
|upkeep
|inactive|Bring09 has 90 seconds left.
|
|t:|1776046020
|switch|p1a: Dragonite|Dragonite, M|100/100
|turn|22
|
|t:|1776046028
|move|p1a: Dragonite|Extreme Speed|p2a: Iron Valiant
|-damage|p2a: Iron Valiant|27/100
|move|p2a: Iron Valiant|Moonblast|p1a: Dragonite
|-supereffective|p1a: Dragonite
|-damage|p1a: Dragonite|28/100
|-unboost|p1a: Dragonite|spa|1
|-damage|p2a: Iron Valiant|17/100|[from] item: Life Orb
|
|-weather|Sandstorm|[upkeep]
|-damage|p2a: Iron Valiant|11/100|[from] Sandstorm
|-damage|p1a: Dragonite|22/100|[from] Sandstorm
|upkeep
|turn|23
|inactive|Bring09 has 90 seconds left.
|
|t:|1776046044
|-end|p2a: Iron Valiant|Quark Drive|[silent]
|switch|p2a: Great Tusk|Great Tusk|27/100
|move|p1a: Dragonite|Extreme Speed|p2a: Great Tusk
|-damage|p2a: Great Tusk|15/100
|
|-weather|Sandstorm|[upkeep]
|-damage|p1a: Dragonite|16/100|[from] Sandstorm
|-heal|p2a: Great Tusk|21/100|[from] item: Leftovers
|upkeep
|turn|24
|inactive|Bring09 has 90 seconds left.
|
|t:|1776046059
|move|p2a: Great Tusk|Stealth Rock|p1a: Dragonite
|-sidestart|p1: Bring09|move: Stealth Rock
|move|p1a: Dragonite|Earthquake|p2a: Great Tusk
|-damage|p2a: Great Tusk|3/100
|
|-weather|Sandstorm|[upkeep]
|-damage|p1a: Dragonite|10/100|[from] Sandstorm
|-heal|p2a: Great Tusk|9/100|[from] item: Leftovers
|upkeep
|turn|25
|inactive|Bring09 has 90 seconds left.
|
|t:|1776046071
|move|p1a: Dragonite|Extreme Speed|p2a: Great Tusk
|-damage|p2a: Great Tusk|0 fnt
|faint|p2a: Great Tusk
|-end|p2a: Great Tusk|Protosynthesis|[silent]
|
|-weather|Sandstorm|[upkeep]
|-damage|p1a: Dragonite|4/100|[from] Sandstorm
|upkeep
|
|t:|1776046081
|switch|p2a: Rotom|Rotom-Wash|100/100
|turn|26
|
|t:|1776046091
|move|p2a: Rotom|Volt Switch|p1a: Dragonite
|-damage|p1a: Dragonite|0 fnt
|faint|p1a: Dragonite
|
|t:|1776046096
|switch|p2a: Dragapult|Dragapult, F|100/100|[from] Volt Switch
|
|-weather|Sandstorm|[upkeep]
|-damage|p2a: Dragapult|95/100|[from] Sandstorm
|upkeep
|
|t:|1776046105
|switch|p1a: Whimsicott|Whimsicott, M, shiny|39/100
|-damage|p1a: Whimsicott|26/100|[from] Stealth Rock
|turn|27
|
|t:|1776046118
|move|p2a: Dragapult|Flamethrower|p1a: Whimsicott
|-supereffective|p1a: Whimsicott
|-damage|p1a: Whimsicott|0 fnt
|faint|p1a: Whimsicott
|
|-weather|Sandstorm|[upkeep]
|-damage|p2a: Dragapult|89/100|[from] Sandstorm
|upkeep
|
|t:|1776046126
|switch|p1a: Cinccino|Cinccino, F|78/100
|-damage|p1a: Cinccino|66/100|[from] Stealth Rock
|turn|28
|
|t:|1776046137
|switch|p2a: Iron Valiant|Iron Valiant|11/100
|move|p1a: Cinccino|Rock Blast|p2a: Iron Valiant|[miss]
|-miss|p1a: Cinccino|p2a: Iron Valiant
|
|-weather|none
|upkeep
|turn|29
|
|t:|1776046150
|move|p2a: Iron Valiant|Close Combat|p1a: Cinccino
|-supereffective|p1a: Cinccino
|-damage|p1a: Cinccino|0 fnt
|-unboost|p2a: Iron Valiant|def|1
|-unboost|p2a: Iron Valiant|spd|1
|faint|p1a: Cinccino
|-damage|p2a: Iron Valiant|1/100|[from] item: Life Orb
|
|win|Sebbzzz
|raw|Bring09's rating: 1000 &rarr; <strong>1000</strong><br />(+0 for losing)
|raw|Sebbzzz's rating: 1000 &rarr; <strong>1040</strong><br />(+40 for winning)
|l|☆Bring09
|player|p1|
