|html|<div class="broadcast-blue"><strong>[Gen 9] OU is currently suspecting Tera Blast! For information on how to participate check out the <a href="https://www.smogon.com/tools/suspects/view/200">suspect thread</a>.</strong></div>
|j|☆pokenoob123p
|j|☆MarcElf22
|t:|1776228325
|gametype|singles
|player|p1|pokenoob123p|265|
|player|p2|MarcElf22|hilbert-wonderlauncher|
|gen|9
|tier|[Gen 9] OU
|rule|HP Percentage Mod: HP is shown in percentages
|rule|Endless Battle Clause: Forcing endless battles is banned
|rule|Species Clause: Limit one of each Pokémon
|rule|OHKO Clause: OHKO moves are banned
|rule|Evasion Items Clause: Evasion items are banned
|rule|Evasion Moves Clause: Evasion moves are banned
|rule|Evasion Abilities Clause: Evasion abilities are banned
|rule|Sleep Moves Clause: Sleep-inducing moves are banned
|clearpoke
|poke|p1|Cinccino, F|
|poke|p1|Snorlax, M|
|poke|p1|Ursaluna, F|
|poke|p1|Deoxys-Speed|
|poke|p1|Iron Valiant|
|poke|p1|Corviknight, M|
|poke|p2|Flamigo, M|
|poke|p2|Clodsire, M|
|poke|p2|Scrafty, M|
|poke|p2|Garganacl, M|
|poke|p2|Skeledirge, F|
|poke|p2|Azumarill, F|
|teampreview
|inactive|Battle timer is ON: inactive players will automatically lose when time's up. (requested by MarcElf22)
|
|t:|1776228358
|teamsize|p1|6
|teamsize|p2|6
|start
|switch|p1a: Iron Valiant|Iron Valiant|100/100
|switch|p2a: TakaMori|Skeledirge, F, shiny|100/100
|turn|1
|inactiveoff|Battle timer is now OFF.
|
|t:|1776228373
|move|p1a: Iron Valiant|Thunderbolt|p2a: TakaMori
|-damage|p2a: TakaMori|71/100
|move|p2a: TakaMori|Alluring Voice|p1a: Iron Valiant
|-supereffective|p1a: Iron Valiant
|-damage|p1a: Iron Valiant|2/100
|-enditem|p1a: Iron Valiant|Salac Berry|[eat]
|-boost|p1a: Iron Valiant|spe|1|[from] item: Salac Berry
|-enditem|p2a: TakaMori|Throat Spray
|-boost|p2a: TakaMori|spa|1|[from] item: Throat Spray
|
|upkeep
|turn|2
|
|t:|1776228398
|move|p1a: Iron Valiant|Destiny Bond|p1a: Iron Valiant
|-singlemove|p1a: Iron Valiant|Destiny Bond
|move|p2a: TakaMori|Torch Song|p1a: Iron Valiant
|-damage|p1a: Iron Valiant|0 fnt
|-boost|p2a: TakaMori|spa|1
|faint|p1a: Iron Valiant
|-activate|p1a: Iron Valiant|move: Destiny Bond
|-end|p1a: Iron Valiant|Quark Drive|[silent]
|faint|p2a: TakaMori
|
|upkeep
|c|☆pokenoob123p|skill issue
|
|t:|1776228423
|switch|p1a: Corviknight|Corviknight, M|100/100
|switch|p2a: Bubbles|Azumarill, F|100/100
|turn|3
|c|☆pokenoob123p|uwu?
|c|☆pokenoob123p|why?
|c|☆MarcElf22|kya~
|c|☆pokenoob123p|agreed
|inactive|Battle timer is ON: inactive players will automatically lose when time's up. (requested by MarcElf22)
|inactiveoff|Battle timer is now OFF.
|
|t:|1776228503
|switch|p2a: Takodachi|Clodsire, M|100/100
|move|p1a: Corviknight|Air Slash|p2a: Takodachi
|-damage|p2a: Takodachi|81/100
|-damage|p1a: Corviknight|91/100|[from] item: Life Orb
|
|-heal|p2a: Takodachi|87/100|[from] item: Black Sludge
|upkeep
|turn|4
|
|t:|1776228521
|move|p1a: Corviknight|Flash Cannon|p2a: Takodachi
|-damage|p2a: Takodachi|65/100
|-damage|p1a: Corviknight|81/100|[from] item: Life Orb
|move|p2a: Takodachi|Toxic Spikes|p1a: Corviknight
|-sidestart|p1: pokenoob123p|move: Toxic Spikes
|
|-heal|p2a: Takodachi|71/100|[from] item: Black Sludge
|upkeep
|turn|5
|
|t:|1776228535
|move|p1a: Corviknight|Nasty Plot|p1a: Corviknight
|-boost|p1a: Corviknight|spa|2
|move|p2a: Takodachi|Curse|p2a: Takodachi
|-unboost|p2a: Takodachi|spe|1
|-boost|p2a: Takodachi|atk|1
|-boost|p2a: Takodachi|def|1
|
|-heal|p2a: Takodachi|77/100|[from] item: Black Sludge
|upkeep
|turn|6
|
|t:|1776228552
|move|p1a: Corviknight|Flash Cannon|p2a: Takodachi
|-damage|p2a: Takodachi|52/100
|-damage|p1a: Corviknight|71/100|[from] item: Life Orb
|move|p2a: Takodachi|Curse|p2a: Takodachi
|-unboost|p2a: Takodachi|spe|1
|-boost|p2a: Takodachi|atk|1
|-boost|p2a: Takodachi|def|1
|
|-heal|p2a: Takodachi|58/100|[from] item: Black Sludge
|upkeep
|turn|7
|
|t:|1776228562
|move|p1a: Corviknight|Nasty Plot|p1a: Corviknight
|-boost|p1a: Corviknight|spa|2
|move|p2a: Takodachi|Curse|p2a: Takodachi
|-unboost|p2a: Takodachi|spe|1
|-boost|p2a: Takodachi|atk|1
|-boost|p2a: Takodachi|def|1
|
|-heal|p2a: Takodachi|64/100|[from] item: Black Sludge
|upkeep
|turn|8
|
|t:|1776228571
|move|p1a: Corviknight|Flash Cannon|p2a: Takodachi
|-damage|p2a: Takodachi|41/100
|-damage|p1a: Corviknight|61/100|[from] item: Life Orb
|move|p2a: Takodachi|Body Press|p1a: Corviknight
|-damage|p1a: Corviknight|39/100
|
|-heal|p2a: Takodachi|47/100|[from] item: Black Sludge
|upkeep
|turn|9
|
|t:|1776228584
|move|p1a: Corviknight|Flash Cannon|p2a: Takodachi
|-damage|p2a: Takodachi|25/100
|-damage|p1a: Corviknight|29/100|[from] item: Life Orb
|move|p2a: Takodachi|Toxic Spikes|p1a: Corviknight
|-sidestart|p1: pokenoob123p|move: Toxic Spikes
|
|-heal|p2a: Takodachi|31/100|[from] item: Black Sludge
|upkeep
|turn|10
|
|t:|1776228593
|move|p1a: Corviknight|Flash Cannon|p2a: Takodachi
|-damage|p2a: Takodachi|9/100
|-damage|p1a: Corviknight|19/100|[from] item: Life Orb
|move|p2a: Takodachi|Body Press|p1a: Corviknight
|-damage|p1a: Corviknight|0 fnt
|faint|p1a: Corviknight
|
|-heal|p2a: Takodachi|16/100|[from] item: Black Sludge
|upkeep
|c|☆pokenoob123p|gotta learn to be more polite
|c|☆pokenoob123p|you obv
|
|t:|1776228616
|switch|p1a: Cinccino|Cinccino, F|100/100
|-status|p1a: Cinccino|tox
|turn|11
|
|t:|1776228621
|move|p1a: Cinccino|Tidy Up|p1a: Cinccino
|-sideend|p1: pokenoob123p|Toxic Spikes
|-activate|p1a: Cinccino|move: Tidy Up
|-boost|p1a: Cinccino|atk|1
|-boost|p1a: Cinccino|spe|1
|move|p2a: Takodachi|Body Press|p1a: Cinccino
|-supereffective|p1a: Cinccino
|-damage|p1a: Cinccino|2/100 tox
|
|-heal|p2a: Takodachi|22/100|[from] item: Black Sludge
|-damage|p1a: Cinccino|0 fnt|[from] psn
|faint|p1a: Cinccino
|upkeep
|
|t:|1776228635
|switch|p1a: Ursaluna|Ursaluna, F|100/100
|turn|12
|c|☆pokenoob123p|skill issue
|
|t:|1776228663
|move|p1a: Ursaluna|Bulk Up|p1a: Ursaluna
|-boost|p1a: Ursaluna|atk|1
|-boost|p1a: Ursaluna|def|1
|move|p2a: Takodachi|Body Press|p1a: Ursaluna
|-supereffective|p1a: Ursaluna
|-damage|p1a: Ursaluna|56/100
|
|-heal|p2a: Takodachi|28/100|[from] item: Black Sludge
|-status|p1a: Ursaluna|brn|[from] item: Flame Orb
|upkeep
|turn|13
|
|t:|1776228676
|move|p1a: Ursaluna|Facade|p2a: Takodachi
|-damage|p2a: Takodachi|0 fnt
|faint|p2a: Takodachi
|
|-damage|p1a: Ursaluna|50/100 brn|[from] brn
|upkeep
|
|t:|1776228682
|switch|p2a: Pink Guy|Flamigo, M|100/100
|turn|14
|
|t:|1776228696
|move|p2a: Pink Guy|Agility|p2a: Pink Guy
|-boost|p2a: Pink Guy|spe|2
|move|p1a: Ursaluna|Facade|p2a: Pink Guy
|-enditem|p2a: Pink Guy|Focus Sash
|-damage|p2a: Pink Guy|1/100
|
|-damage|p1a: Ursaluna|44/100 brn|[from] brn
|upkeep
|turn|15
|
|t:|1776228706
|switch|p1a: Snorlax|Snorlax, M|100/100
|move|p2a: Pink Guy|Close Combat|p1a: Snorlax
|-supereffective|p1a: Snorlax
|-damage|p1a: Snorlax|29/100
|-unboost|p2a: Pink Guy|def|1
|-unboost|p2a: Pink Guy|spd|1
|-damage|p2a: Pink Guy|0 fnt|[from] item: Rocky Helmet|[of] p1a: Snorlax
|faint|p2a: Pink Guy
|
|upkeep
|
|t:|1776228726
|switch|p2a: RockSalt|Garganacl, M|100/100
|turn|16
|c|☆pokenoob123p|brain doing some thing
|
|t:|1776228734
|move|p1a: Snorlax|Rest|p1a: Snorlax
|-status|p1a: Snorlax|slp|[from] move: Rest
|-heal|p1a: Snorlax|100/100 slp|[silent]
|move|p2a: RockSalt|Salt Cure|p1a: Snorlax
|-damage|p1a: Snorlax|89/100 slp
|-start|p1a: Snorlax|Salt Cure
|
|-damage|p1a: Snorlax|77/100 slp|[from] Salt Cure
|upkeep
|turn|17
|c|☆pokenoob123p|lemme slep then
|c|☆pokenoob123p|whats salt?
|c|☆pokenoob123p|i onyl know sugar?
|
|t:|1776228765
|switch|p1a: Ursaluna|Ursaluna, F|44/100 brn
|move|p2a: RockSalt|Body Press|p1a: Ursaluna
|-supereffective|p1a: Ursaluna
|-damage|p1a: Ursaluna|0 fnt
|faint|p1a: Ursaluna
|
|upkeep
|
|t:|1776228773
|switch|p1a: Deoxys|Deoxys-Speed|100/100
|-ability|p1a: Deoxys|Pressure
|turn|18
|
|t:|1776228779
|move|p1a: Deoxys|Flash Cannon|p2a: RockSalt
|-supereffective|p2a: RockSalt
|-damage|p2a: RockSalt|67/100
|move|p2a: RockSalt|Explosion|p1a: Deoxys
|-damage|p1a: Deoxys|0 fnt
|faint|p2a: RockSalt
|faint|p1a: Deoxys
|
|upkeep
|
|t:|1776228791
|switch|p1a: Snorlax|Snorlax, M|77/100 slp
|switch|p2a: Resting Face|Scrafty, M|100/100
|-ability|p2a: Resting Face|Intimidate|boost
|-unboost|p1a: Snorlax|atk|1
|turn|19
|
|t:|1776228799
|move|p2a: Resting Face|Dragon Dance|p2a: Resting Face
|-boost|p2a: Resting Face|atk|1
|-boost|p2a: Resting Face|spe|1
|cant|p1a: Snorlax|slp
|move|p1a: Snorlax|Sleep Talk|p1a: Snorlax
|move|p1a: Snorlax|Body Press|p2a: Resting Face|[from] move: Sleep Talk
|-supereffective|p2a: Resting Face
|-damage|p2a: Resting Face|63/100
|
|upkeep
|turn|20
|
|t:|1776228809
|move|p2a: Resting Face|Drain Punch|p1a: Snorlax
|-supereffective|p1a: Snorlax
|-damage|p1a: Snorlax|3/100 slp
|-heal|p2a: Resting Face|100/100|[from] drain|[of] p1a: Snorlax
|-damage|p2a: Resting Face|84/100|[from] item: Rocky Helmet|[of] p1a: Snorlax
|cant|p1a: Snorlax|slp
|
|upkeep
|turn|21
|
|t:|1776228822
|move|p2a: Resting Face|Scary Face|p1a: Snorlax
|-unboost|p1a: Snorlax|spe|2
|-curestatus|p1a: Snorlax|slp|[msg]
|move|p1a: Snorlax|Body Press|p2a: Resting Face
|-supereffective|p2a: Resting Face
|-damage|p2a: Resting Face|51/100
|
|upkeep
|turn|22
|
|t:|1776228838
|move|p2a: Resting Face|Drain Punch|p1a: Snorlax
|-supereffective|p1a: Snorlax
|-damage|p1a: Snorlax|0 fnt
|-heal|p2a: Resting Face|54/100|[from] drain|[of] p1a: Snorlax
|-damage|p2a: Resting Face|37/100|[from] item: Rocky Helmet|[of] p1a: Snorlax
|faint|p1a: Snorlax
|
|win|MarcElf22
|c|☆pokenoob123p|gg
