|html|<div class="broadcast-blue"><strong>[Gen 9] OU is currently suspecting Volcarona! For information on how to participate check out the <a href="https://www.smogon.com/tools/suspects/view/208">suspect thread</a>.</strong></div>
|j|☆veryepicgaymer
|j|☆simplyfire)
|t:|1778507750
|gametype|singles
|player|p1|veryepicgaymer|dawn|1332
|player|p2|simplyfire)|benga|1368
|gen|9
|tier|[Gen 9] OU
|rated|
|rule|HP Percentage Mod: HP is shown in percentages
|rule|Endless Battle Clause: Forcing endless battles is banned
|rule|Species Clause: Limit one of each Pokémon
|rule|OHKO Clause: OHKO moves are banned
|rule|Evasion Items Clause: Evasion items are banned
|rule|Evasion Moves Clause: Evasion moves are banned
|rule|Evasion Abilities Clause: Evasion abilities are banned
|rule|Sleep Moves Clause: Sleep-inducing moves are banned
|clearpoke
|poke|p1|Great Tusk|
|poke|p1|Gholdengo|
|poke|p1|Kingambit, F|
|poke|p1|Gliscor, F|
|poke|p1|Kyurem|
|poke|p1|Iron Valiant|
|poke|p2|Greninja-*, M|
|poke|p2|Meowscarada, F|
|poke|p2|Samurott-Hisui, F|
|poke|p2|Primarina, F|
|poke|p2|Charizard, F|
|poke|p2|Torterra, F|
|teampreview
|inactive|Battle timer is ON: inactive players will automatically lose when time's up. (requested by veryepicgaymer)
|inactive|simplyfire) also wants the timer to be on.
|inactive|simplyfire) has 120 seconds left.
|
|t:|1778507802
|teamsize|p1|6
|teamsize|p2|6
|start
|switch|p1a: Kyurem|Kyurem|100/100
|switch|p2a: Primarina|Primarina, F|100/100
|-ability|p1a: Kyurem|Pressure
|turn|1
|inactive|veryepicgaymer has 120 seconds left.
|
|t:|1778507848
|switch|p1a: Gholdengo|Gholdengo|100/100
|move|p2a: Primarina|Moonblast|p1a: Gholdengo
|-resisted|p1a: Gholdengo
|-damage|p1a: Gholdengo|71/100
|-unboost|p1a: Gholdengo|spa|1
|
|upkeep
|turn|2
|
|t:|1778507855
|move|p1a: Gholdengo|Trick|p2a: Primarina
|-activate|p1a: Gholdengo|move: Trick|[of] p2a: Primarina
|-item|p2a: Primarina|Choice Scarf|[from] move: Trick
|-item|p1a: Gholdengo|Throat Spray|[from] move: Trick
|move|p2a: Primarina|Hyper Voice|p1a: Gholdengo
|-damage|p1a: Gholdengo|13/100
|
|upkeep
|turn|3
|inactive|veryepicgaymer has 120 seconds left.
|
|t:|1778507888
|switch|p1a: Kyurem|Kyurem|100/100
|-ability|p1a: Kyurem|Pressure
|move|p2a: Primarina|Hyper Voice|p1a: Kyurem
|-resisted|p1a: Kyurem
|-damage|p1a: Kyurem|79/100
|
|upkeep
|turn|4
|
|t:|1778507917
|switch|p2a: Charizard|Charizard, F|100/100
|move|p1a: Kyurem|Freeze-Dry|p2a: Charizard
|-damage|p2a: Charizard|31/100
|
|upkeep
|turn|5
|
|t:|1778507926
|switch|p1a: Gliscor|Gliscor, F|100/100
|move|p2a: Charizard|Dragon Pulse|p1a: Gliscor
|-damage|p1a: Gliscor|73/100
|-damage|p2a: Charizard|22/100|[from] item: Life Orb
|
|-status|p1a: Gliscor|tox|[from] item: Toxic Orb
|upkeep
|turn|6
|
|t:|1778507935
|move|p2a: Charizard|Heat Wave|p1a: Gliscor
|-damage|p1a: Gliscor|4/100 tox
|-damage|p2a: Charizard|12/100|[from] item: Life Orb
|move|p1a: Gliscor|Stealth Rock|p2a: Charizard
|-sidestart|p2: simplyfire)|move: Stealth Rock
|
|-heal|p1a: Gliscor|17/100 tox|[from] ability: Poison Heal
|upkeep
|turn|7
|
|t:|1778507946
|move|p1a: Gliscor|Protect|p1a: Gliscor
|-singleturn|p1a: Gliscor|Protect
|move|p2a: Charizard|Flame Charge|p1a: Gliscor
|-activate|p1a: Gliscor|move: Protect
|
|-heal|p1a: Gliscor|29/100 tox|[from] ability: Poison Heal
|upkeep
|turn|8
|
|t:|1778507960
|switch|p1a: Gholdengo|Gholdengo|13/100
|move|p2a: Charizard|Flame Charge|p1a: Gholdengo
|-supereffective|p1a: Gholdengo
|-damage|p1a: Gholdengo|0 fnt
|-boost|p2a: Charizard|spe|1
|faint|p1a: Gholdengo
|-damage|p2a: Charizard|2/100|[from] item: Life Orb
|
|upkeep
|
|t:|1778507962
|switch|p1a: Kingambit|Kingambit, F|100/100
|-activate|p1a: Kingambit|ability: Supreme Overlord
|-start|p1a: Kingambit|fallen1|[silent]
|turn|9
|
|t:|1778507974
|move|p1a: Kingambit|Sucker Punch|p2a: Charizard
|-crit|p2a: Charizard
|-damage|p2a: Charizard|0 fnt
|faint|p2a: Charizard
|
|upkeep
|
|t:|1778507988
|switch|p2a: Samurott|Samurott-Hisui, F|100/100
|-damage|p2a: Samurott|88/100|[from] Stealth Rock
|turn|10
|
|t:|1778508002
|-end|p1a: Kingambit|fallen1|[silent]
|switch|p1a: Iron Valiant|Iron Valiant|100/100
|-enditem|p1a: Iron Valiant|Booster Energy
|-activate|p1a: Iron Valiant|ability: Quark Drive|[fromitem]
|-start|p1a: Iron Valiant|quarkdrivespe
|move|p2a: Samurott|Sacred Sword|p1a: Iron Valiant
|-resisted|p1a: Iron Valiant
|-damage|p1a: Iron Valiant|73/100
|
|upkeep
|turn|11
|
|t:|1778508028
|-terastallize|p2a: Samurott|Ghost
|move|p1a: Iron Valiant|Calm Mind|p1a: Iron Valiant
|-boost|p1a: Iron Valiant|spa|1
|-boost|p1a: Iron Valiant|spd|1
|move|p2a: Samurott|Aqua Cutter|p1a: Iron Valiant
|-damage|p1a: Iron Valiant|16/100
|
|upkeep
|turn|12
|
|t:|1778508043
|move|p1a: Iron Valiant|Moonblast|p2a: Samurott
|-damage|p2a: Samurott|21/100
|-unboost|p2a: Samurott|spa|1
|move|p2a: Samurott|Aqua Cutter|p1a: Iron Valiant
|-damage|p1a: Iron Valiant|0 fnt
|faint|p1a: Iron Valiant
|-end|p1a: Iron Valiant|Quark Drive|[silent]
|
|upkeep
|inactive|veryepicgaymer has 120 seconds left.
|
|t:|1778508053
|switch|p1a: Great Tusk|Great Tusk|100/100
|turn|13
|
|t:|1778508059
|move|p1a: Great Tusk|Knock Off|p2a: Samurott
|-supereffective|p2a: Samurott
|-damage|p2a: Samurott|0 fnt
|-enditem|p2a: Samurott|Assault Vest|[from] move: Knock Off|[of] p1a: Great Tusk
|faint|p2a: Samurott
|
|upkeep
|
|t:|1778508070
|switch|p2a: Greninja|Greninja, M|100/100
|-damage|p2a: Greninja|88/100|[from] Stealth Rock
|turn|14
|
|t:|1778508085
|move|p2a: Greninja|Surf|p1a: Great Tusk
|-supereffective|p1a: Great Tusk
|-damage|p1a: Great Tusk|0 fnt
|faint|p1a: Great Tusk
|-end|p1a: Great Tusk|Protosynthesis|[silent]
|-ability|p2a: Greninja|Battle Bond|boost
|-boost|p2a: Greninja|atk|1
|-boost|p2a: Greninja|spa|1
|-boost|p2a: Greninja|spe|1
|-activate|p2a: Greninja|ability: Battle Bond
|
|upkeep
|
|t:|1778508090
|switch|p1a: Kyurem|Kyurem|79/100
|-ability|p1a: Kyurem|Pressure
|turn|15
|
|t:|1778508100
|move|p2a: Greninja|Dark Pulse|p1a: Kyurem
|-damage|p1a: Kyurem|22/100
|move|p1a: Kyurem|Freeze-Dry|p2a: Greninja
|-supereffective|p2a: Greninja
|-damage|p2a: Greninja|0 fnt
|faint|p2a: Greninja
|
|upkeep
|
|t:|1778508109
|switch|p2a: Primarina|Primarina, F|100/100
|-damage|p2a: Primarina|88/100|[from] Stealth Rock
|turn|16
|
|t:|1778508120
|switch|p1a: Kingambit|Kingambit, F|100/100
|-activate|p1a: Kingambit|ability: Supreme Overlord
|-start|p1a: Kingambit|fallen3|[silent]
|move|p2a: Primarina|Hyper Voice|p1a: Kingambit
|-damage|p1a: Kingambit|60/100
|
|-heal|p1a: Kingambit|66/100|[from] item: Leftovers
|upkeep
|turn|17
|
|t:|1778508129
|move|p2a: Primarina|Hyper Voice|p1a: Kingambit
|-damage|p1a: Kingambit|24/100
|move|p1a: Kingambit|Iron Head|p2a: Primarina
|-damage|p2a: Primarina|16/100
|
|-heal|p1a: Kingambit|30/100|[from] item: Leftovers
|upkeep
|turn|18
|
|t:|1778508136
|move|p1a: Kingambit|Sucker Punch|p2a: Primarina
|-resisted|p2a: Primarina
|-damage|p2a: Primarina|0 fnt
|faint|p2a: Primarina
|
|-heal|p1a: Kingambit|36/100|[from] item: Leftovers
|upkeep
|
|t:|1778508144
|switch|p2a: Meowscarada|Meowscarada, F|100/100
|-damage|p2a: Meowscarada|88/100|[from] Stealth Rock
|turn|19
|
|t:|1778508151
|-terastallize|p1a: Kingambit|Flying
|move|p2a: Meowscarada|Play Rough|p1a: Kingambit
|-start|p2a: Meowscarada|typechange|Fairy|[from] ability: Protean
|-crit|p1a: Kingambit
|-damage|p1a: Kingambit|0 fnt
|faint|p1a: Kingambit
|-end|p1a: Kingambit|fallen3|[silent]
|
|upkeep
|
|t:|1778508161
|switch|p1a: Gliscor|Gliscor, F|29/100 tox
|turn|20
|
|t:|1778508169
|move|p1a: Gliscor|Protect|p1a: Gliscor
|-singleturn|p1a: Gliscor|Protect
|move|p2a: Meowscarada|Flower Trick|p1a: Gliscor
|-activate|p1a: Gliscor|move: Protect
|
|-heal|p1a: Gliscor|42/100 tox|[from] ability: Poison Heal
|upkeep
|turn|21
|
|t:|1778508178
|move|p2a: Meowscarada|Flower Trick|p1a: Gliscor
|-crit|p1a: Gliscor
|-damage|p1a: Gliscor|14/100 tox
|move|p1a: Gliscor|Toxic|p2a: Meowscarada
|-status|p2a: Meowscarada|tox
|
|-damage|p2a: Meowscarada|82/100 tox|[from] psn
|-heal|p1a: Gliscor|27/100 tox|[from] ability: Poison Heal
|upkeep
|turn|22
|
|t:|1778508189
|move|p2a: Meowscarada|Knock Off|p1a: Gliscor
|-damage|p1a: Gliscor|3/100 tox
|-enditem|p1a: Gliscor|Toxic Orb|[from] move: Knock Off|[of] p2a: Meowscarada
|move|p1a: Gliscor|Knock Off|p2a: Meowscarada
|-resisted|p2a: Meowscarada
|-damage|p2a: Meowscarada|66/100 tox
|-enditem|p2a: Meowscarada|Focus Sash|[from] move: Knock Off|[of] p1a: Gliscor
|
|-damage|p2a: Meowscarada|54/100 tox|[from] psn
|-heal|p1a: Gliscor|15/100 tox|[from] ability: Poison Heal
|upkeep
|turn|23
|
|t:|1778508201
|move|p1a: Gliscor|Protect|p1a: Gliscor
|-singleturn|p1a: Gliscor|Protect
|move|p2a: Meowscarada|Play Rough|p1a: Gliscor
|-activate|p1a: Gliscor|move: Protect
|
|-damage|p2a: Meowscarada|35/100 tox|[from] psn
|-heal|p1a: Gliscor|28/100 tox|[from] ability: Poison Heal
|upkeep
|turn|24
|
|t:|1778508213
|move|p1a: Gliscor|Protect||[still]
|-fail|p1a: Gliscor
|move|p2a: Meowscarada|Play Rough|p1a: Gliscor|[miss]
|-miss|p2a: Meowscarada|p1a: Gliscor
|
|-damage|p2a: Meowscarada|11/100 tox|[from] psn
|-heal|p1a: Gliscor|40/100 tox|[from] ability: Poison Heal
|upkeep
|turn|25
|
|t:|1778508222
|move|p1a: Gliscor|Protect|p1a: Gliscor
|-singleturn|p1a: Gliscor|Protect
|move|p2a: Meowscarada|Play Rough|p1a: Gliscor
|-activate|p1a: Gliscor|move: Protect
|
|-damage|p2a: Meowscarada|0 fnt|[from] psn
|faint|p2a: Meowscarada
|-heal|p1a: Gliscor|53/100 tox|[from] ability: Poison Heal
|upkeep
|
|t:|1778508231
|switch|p2a: Torterra|Torterra, F|100/100
|-damage|p2a: Torterra|94/100|[from] Stealth Rock
|turn|26
|
|t:|1778508239
|move|p1a: Gliscor|Toxic|p2a: Torterra
|-status|p2a: Torterra|tox
|move|p2a: Torterra|Shell Smash|p2a: Torterra
|-unboost|p2a: Torterra|def|1
|-unboost|p2a: Torterra|spd|1
|-boost|p2a: Torterra|atk|2
|-boost|p2a: Torterra|spa|2
|-boost|p2a: Torterra|spe|2
|
|-damage|p2a: Torterra|88/100 tox|[from] psn
|-heal|p1a: Gliscor|65/100 tox|[from] ability: Poison Heal
|upkeep
|turn|27
|
|t:|1778508252
|move|p1a: Gliscor|Protect|p1a: Gliscor
|-singleturn|p1a: Gliscor|Protect
|move|p2a: Torterra|Bullet Seed|p1a: Gliscor
|-activate|p1a: Gliscor|move: Protect
|
|-damage|p2a: Torterra|76/100 tox|[from] psn
|-heal|p1a: Gliscor|78/100 tox|[from] ability: Poison Heal
|upkeep
|turn|28
|
|t:|1778508260
|move|p2a: Torterra|Bullet Seed|p1a: Gliscor
|-damage|p1a: Gliscor|58/100 tox
|-damage|p1a: Gliscor|40/100 tox
|-damage|p1a: Gliscor|19/100 tox
|-damage|p1a: Gliscor|0 fnt
|faint|p1a: Gliscor
|-hitcount|p1: Gliscor|4
|
|-damage|p2a: Torterra|58/100 tox|[from] psn
|upkeep
|
|t:|1778508268
|switch|p1a: Kyurem|Kyurem|22/100
|-ability|p1a: Kyurem|Pressure
|turn|29
|
|t:|1778508275
|move|p2a: Torterra|Rock Blast|p1a: Kyurem
|-supereffective|p1a: Kyurem
|-damage|p1a: Kyurem|0 fnt
|faint|p1a: Kyurem
|-hitcount|p1: Kyurem|1
|
|win|simplyfire)
|raw|veryepicgaymer's rating: 1332 &rarr; <strong>1314</strong><br />(-18 for losing)
|raw|simplyfire)'s rating: 1368 &rarr; <strong>1386</strong><br />(+18 for winning)
|l|☆veryepicgaymer
|player|p1|
|l|☆simplyfire)
|player|p2|
