|html|<div class="broadcast-blue"><strong>[Gen 9] OU is currently suspecting Tera Blast! For information on how to participate check out the <a href="https://www.smogon.com/tools/suspects/view/200">suspect thread</a>.</strong></div>
|j|☆Garlicmanalt
|j|‽deathbydick
|t:|1776061810
|gametype|singles
|player|p1|Garlicmanalt|roxie|1183
|player|p2|deathbydick|170|1219
|gen|9
|tier|[Gen 9] OU
|rated|
|rule|HP Percentage Mod: HP is shown in percentages
|rule|Endless Battle Clause: Forcing endless battles is banned
|rule|Species Clause: Limit one of each Pokémon
|rule|OHKO Clause: OHKO moves are banned
|rule|Evasion Items Clause: Evasion items are banned
|rule|Evasion Moves Clause: Evasion moves are banned
|rule|Evasion Abilities Clause: Evasion abilities are banned
|rule|Sleep Moves Clause: Sleep-inducing moves are banned
|clearpoke
|poke|p1|Darkrai|
|poke|p1|Indeedee-F, F|
|poke|p1|Hawlucha, M|
|poke|p1|Iron Treads|
|poke|p1|Alomomola, F|
|poke|p1|Armarouge, F|
|poke|p2|Darkrai|
|poke|p2|Landorus-Therian, M|
|poke|p2|Tornadus-Therian, M|
|poke|p2|Toxapex, M|
|poke|p2|Heatran, M|
|poke|p2|Garganacl, F|
|teampreview
|
|t:|1776061819
|teamsize|p1|6
|teamsize|p2|6
|start
|switch|p1a: Indeedee|Indeedee-F, F|100/100
|switch|p2a: Landorus|Landorus-Therian, M|100/100
|-ability|p2a: Landorus|Intimidate|boost
|-unboost|p1a: Indeedee|atk|1
|-fieldstart|move: Psychic Terrain|[from] ability: Psychic Surge|[of] p1a: Indeedee
|turn|1
|inactive|Battle timer is ON: inactive players will automatically lose when time's up. (requested by Garlicmanalt)
|
|t:|1776061828
|move|p2a: Landorus|Stealth Rock|p1a: Indeedee
|-sidestart|p1: Garlicmanalt|move: Stealth Rock
|move|p1a: Indeedee|Reflect|p1a: Indeedee
|-sidestart|p1: Garlicmanalt|Reflect
|
|upkeep
|turn|2
|
|t:|1776061839
|switch|p2a: Toxapex|Toxapex, M|100/100
|move|p1a: Indeedee|Psychic|p2a: Toxapex
|-supereffective|p2a: Toxapex
|-damage|p2a: Toxapex|37/100
|
|upkeep
|turn|3
|
|t:|1776061846
|switch|p2a: Darkrai|Darkrai|100/100
|move|p1a: Indeedee|Light Screen|p1a: Indeedee
|-sidestart|p1: Garlicmanalt|move: Light Screen
|
|upkeep
|turn|4
|
|t:|1776061857
|switch|p1a: Alomomola|Alomomola, F|100/100
|-damage|p1a: Alomomola|88/100|[from] Stealth Rock
|-terastallize|p2a: Darkrai|Dark
|move|p2a: Darkrai|Dark Pulse|p1a: Alomomola
|-damage|p1a: Alomomola|50/100
|
|upkeep
|turn|5
|
|t:|1776061866
|move|p2a: Darkrai|Dark Pulse|p1a: Alomomola
|-damage|p1a: Alomomola|13/100
|cant|p1a: Alomomola|flinch
|
|-sideend|p1: Garlicmanalt|Reflect
|upkeep
|turn|6
|
|t:|1776061876
|switch|p1a: Hawlucha|Hawlucha, M|100/100
|-damage|p1a: Hawlucha|88/100|[from] Stealth Rock
|-enditem|p1a: Hawlucha|Psychic Seed
|-boost|p1a: Hawlucha|spd|1|[from] item: Psychic Seed
|move|p2a: Darkrai|Dark Pulse|p1a: Hawlucha
|-resisted|p1a: Hawlucha
|-damage|p1a: Hawlucha|69/100
|
|upkeep
|turn|7
|
|t:|1776061887
|switch|p2a: Toxapex|Toxapex, M|70/100
|move|p1a: Hawlucha|Swords Dance|p1a: Hawlucha
|-boost|p1a: Hawlucha|atk|2
|
|-sideend|p1: Garlicmanalt|move: Light Screen
|upkeep
|turn|8
|
|t:|1776061894
|switch|p2a: Landorus|Landorus-Therian, M|100/100
|-ability|p2a: Landorus|Intimidate|boost
|-unboost|p1a: Hawlucha|atk|1
|move|p1a: Hawlucha|Swords Dance|p1a: Hawlucha
|-boost|p1a: Hawlucha|atk|2
|
|-fieldend|move: Psychic Terrain
|upkeep
|turn|9
|
|t:|1776061903
|move|p1a: Hawlucha|Acrobatics|p2a: Landorus
|-damage|p2a: Landorus|0 fnt
|faint|p2a: Landorus
|
|upkeep
|
|t:|1776061915
|switch|p2a: Toxapex|Toxapex, M|100/100
|turn|10
|
|t:|1776061930
|move|p1a: Hawlucha|Acrobatics|p2a: Toxapex
|-damage|p2a: Toxapex|27/100
|-damage|p1a: Hawlucha|52/100|[from] item: Rocky Helmet|[of] p2a: Toxapex
|move|p2a: Toxapex|Haze|p2a: Toxapex
|-clearallboost
|
|upkeep
|turn|11
|
|t:|1776061940
|switch|p2a: Tornadus|Tornadus-Therian, M|100/100
|move|p1a: Hawlucha|Swords Dance|p1a: Hawlucha
|-boost|p1a: Hawlucha|atk|2
|
|upkeep
|turn|12
|
|t:|1776061947
|move|p1a: Hawlucha|Acrobatics|p2a: Tornadus
|-damage|p2a: Tornadus|0 fnt
|faint|p2a: Tornadus
|
|upkeep
|
|t:|1776061950
|switch|p2a: Toxapex|Toxapex, M|60/100
|turn|13
|
|t:|1776061957
|move|p1a: Hawlucha|Acrobatics|p2a: Toxapex
|-damage|p2a: Toxapex|3/100
|-damage|p1a: Hawlucha|36/100|[from] item: Rocky Helmet|[of] p2a: Toxapex
|move|p2a: Toxapex|Haze|p2a: Toxapex
|-clearallboost
|
|upkeep
|turn|14
|
|t:|1776061965
|move|p1a: Hawlucha|Swords Dance|p1a: Hawlucha
|-boost|p1a: Hawlucha|atk|2
|move|p2a: Toxapex|Toxic|p1a: Hawlucha
|-status|p1a: Hawlucha|tox
|
|-damage|p1a: Hawlucha|30/100 tox|[from] psn
|upkeep
|turn|15
|
|t:|1776061975
|move|p1a: Hawlucha|Close Combat|p2a: Toxapex
|-resisted|p2a: Toxapex
|-damage|p2a: Toxapex|0 fnt
|-unboost|p1a: Hawlucha|def|1
|-unboost|p1a: Hawlucha|spd|1
|-damage|p1a: Hawlucha|13/100 tox|[from] item: Rocky Helmet|[of] p2a: Toxapex
|faint|p2a: Toxapex
|
|-damage|p1a: Hawlucha|1/100 tox|[from] psn
|upkeep
|
|t:|1776062004
|switch|p2a: Garganacl|Garganacl, F|100/100
|turn|16
|
|t:|1776062009
|move|p1a: Hawlucha|Close Combat|p2a: Garganacl
|-supereffective|p2a: Garganacl
|-damage|p2a: Garganacl|0 fnt
|-unboost|p1a: Hawlucha|def|1
|-unboost|p1a: Hawlucha|spd|1
|faint|p2a: Garganacl
|
|-damage|p1a: Hawlucha|0 fnt|[from] psn
|faint|p1a: Hawlucha
|upkeep
|
|t:|1776062019
|switch|p1a: Iron Treads|Iron Treads|100/100
|switch|p2a: Darkrai|Darkrai, tera:Dark|100/100
|-damage|p1a: Iron Treads|97/100|[from] Stealth Rock
|-enditem|p1a: Iron Treads|Booster Energy
|-activate|p1a: Iron Treads|ability: Quark Drive|[fromitem]
|-start|p1a: Iron Treads|quarkdrivespe
|turn|17
|
|t:|1776062032
|move|p1a: Iron Treads|Rapid Spin|p2a: Darkrai
|-damage|p2a: Darkrai|81/100
|-boost|p1a: Iron Treads|spe|1
|-sideend|p1: Garlicmanalt|Stealth Rock|[from] move: Rapid Spin|[of] p1a: Iron Treads
|move|p2a: Darkrai|Dark Pulse|p1a: Iron Treads
|-damage|p1a: Iron Treads|0 fnt
|faint|p1a: Iron Treads
|-end|p1a: Iron Treads|Quark Drive|[silent]
|
|upkeep
|
|t:|1776062046
|switch|p1a: Darkrai|Darkrai|100/100
|turn|18
|
|t:|1776062050
|switch|p2a: Heatran|Heatran, M|100/100
|-item|p2a: Heatran|Air Balloon
|move|p1a: Darkrai|Focus Blast|p2a: Heatran
|-supereffective|p2a: Heatran
|-damage|p2a: Heatran|22/100
|-enditem|p2a: Heatran|Air Balloon
|
|upkeep
|turn|19
|
|t:|1776062059
|move|p1a: Darkrai|Focus Blast|p2a: Heatran
|-supereffective|p2a: Heatran
|-damage|p2a: Heatran|0 fnt
|faint|p2a: Heatran
|
|upkeep
|
|t:|1776062061
|switch|p2a: Darkrai|Darkrai, tera:Dark|81/100
|turn|20
|
|t:|1776062065
|move|p1a: Darkrai|Focus Blast|p2a: Darkrai
|-supereffective|p2a: Darkrai
|-damage|p2a: Darkrai|0 fnt
|faint|p2a: Darkrai
|
|win|Garlicmanalt
|raw|Garlicmanalt's rating: 1183 &rarr; <strong>1211</strong><br />(+28 for winning)
|raw|deathbydick's rating: 1219 &rarr; <strong>1191</strong><br />(-28 for losing)
|l|‽deathbydick
|player|p2|
|l|☆Garlicmanalt
|player|p1|
