|html|<div class="broadcast-blue"><strong>[Gen 9] OU is currently suspecting Tera Blast! For information on how to participate check out the <a href="https://www.smogon.com/tools/suspects/view/200">suspect thread</a>.</strong></div>
|j|☆cam2030
|j|☆AJOH1030
|t:|1776036074
|gametype|singles
|player|p1|cam2030|bruno|
|player|p2|AJOH1030|265|
|gen|9
|tier|[Gen 9] OU
|rule|HP Percentage Mod: HP is shown in percentages
|rule|Endless Battle Clause: Forcing endless battles is banned
|rule|Species Clause: Limit one of each Pokémon
|rule|OHKO Clause: OHKO moves are banned
|rule|Evasion Items Clause: Evasion items are banned
|rule|Evasion Moves Clause: Evasion moves are banned
|rule|Evasion Abilities Clause: Evasion abilities are banned
|rule|Sleep Moves Clause: Sleep-inducing moves are banned
|clearpoke
|poke|p1|Metagross|
|poke|p1|Garganacl, F|
|poke|p1|Dragonite, F|
|poke|p1|Heatran, F|
|poke|p1|Toxapex, F|
|poke|p1|Clefable, F|
|poke|p2|Heatran, M|
|poke|p2|Rillaboom, F|
|poke|p2|Dragonite, M|
|poke|p2|Slowbro, M|
|poke|p2|Excadrill, M|
|poke|p2|Gengar, M|
|teampreview
|
|t:|1776036086
|teamsize|p1|6
|teamsize|p2|6
|start
|switch|p1a: Rock Lee|Garganacl, F|100/100
|switch|p2a: Heatran|Heatran, M, shiny|100/100
|turn|1
|
|t:|1776036098
|move|p2a: Heatran|Stealth Rock|p1a: Rock Lee
|-sidestart|p1: cam2030|move: Stealth Rock
|move|p1a: Rock Lee|Earthquake|p2a: Heatran
|-supereffective|p2a: Heatran
|-damage|p2a: Heatran|26/100
|
|-heal|p2a: Heatran|32/100|[from] item: Leftovers
|upkeep
|turn|2
|
|t:|1776036112
|move|p2a: Heatran|Earth Power|p1a: Rock Lee
|-supereffective|p1a: Rock Lee
|-damage|p1a: Rock Lee|65/100
|move|p1a: Rock Lee|Stealth Rock|p2a: Heatran
|-sidestart|p2: AJOH1030|move: Stealth Rock
|
|-heal|p2a: Heatran|38/100|[from] item: Leftovers
|-heal|p1a: Rock Lee|71/100|[from] item: Leftovers
|upkeep
|turn|3
|
|t:|1776036121
|move|p2a: Heatran|Earth Power|p1a: Rock Lee
|-supereffective|p1a: Rock Lee
|-damage|p1a: Rock Lee|38/100
|move|p1a: Rock Lee|Recover|p1a: Rock Lee
|-heal|p1a: Rock Lee|88/100
|
|-heal|p2a: Heatran|44/100|[from] item: Leftovers
|-heal|p1a: Rock Lee|95/100|[from] item: Leftovers
|upkeep
|turn|4
|
|t:|1776036137
|move|p2a: Heatran|Earth Power|p1a: Rock Lee
|-supereffective|p1a: Rock Lee
|-damage|p1a: Rock Lee|62/100
|move|p1a: Rock Lee|Earthquake|p2a: Heatran
|-supereffective|p2a: Heatran
|-damage|p2a: Heatran|0 fnt
|faint|p2a: Heatran
|
|-heal|p1a: Rock Lee|69/100|[from] item: Leftovers
|upkeep
|
|t:|1776036164
|switch|p2a: Excadrill|Excadrill, M, shiny|100/100
|-damage|p2a: Excadrill|97/100|[from] Stealth Rock
|-ability|p2a: Excadrill|Mold Breaker
|-item|p2a: Excadrill|Air Balloon
|turn|5
|
|t:|1776036174
|switch|p1a: Murda Man|Dragonite, F, shiny|100/100
|move|p2a: Excadrill|Earthquake|p1a: Murda Man
|-immune|p1a: Murda Man
|
|upkeep
|turn|6
|
|t:|1776036199
|switch|p2a: Slowbro|Slowbro, M, shiny|100/100
|-damage|p2a: Slowbro|88/100|[from] Stealth Rock
|move|p1a: Murda Man|Flamethrower|p2a: Slowbro
|-resisted|p2a: Slowbro
|-damage|p2a: Slowbro|74/100
|
|upkeep
|turn|7
|
|t:|1776036217
|switch|p1a: Toxic Spikes|Toxapex, F|100/100
|move|p2a: Slowbro|Ice Beam|p1a: Toxic Spikes
|-resisted|p1a: Toxic Spikes
|-damage|p1a: Toxic Spikes|92/100
|
|upkeep
|turn|8
|
|t:|1776036225
|move|p1a: Toxic Spikes|Toxic|p2a: Slowbro
|-status|p2a: Slowbro|tox
|move|p2a: Slowbro|Future Sight|p1a: Toxic Spikes
|-start|p2a: Slowbro|move: Future Sight
|
|-damage|p2a: Slowbro|68/100 tox|[from] psn
|upkeep
|turn|9
|
|t:|1776036249
|move|p1a: Toxic Spikes|Surf|p2a: Slowbro
|-resisted|p2a: Slowbro
|-damage|p2a: Slowbro|58/100 tox
|move|p2a: Slowbro|Slack Off|p2a: Slowbro
|-heal|p2a: Slowbro|100/100 tox
|
|-damage|p2a: Slowbro|88/100 tox|[from] psn
|upkeep
|turn|10
|
|t:|1776036270
|switch|p1a: Annoying TeleTubby|Clefable, F|100/100
|move|p2a: Slowbro|Slack Off|p2a: Slowbro
|-heal|p2a: Slowbro|100/100 tox
|
|-end|p1a: Annoying TeleTubby|move: Future Sight
|-damage|p1a: Annoying TeleTubby|64/100
|-heal|p1a: Annoying TeleTubby|70/100|[from] item: Leftovers
|-damage|p2a: Slowbro|82/100 tox|[from] psn
|upkeep
|turn|11
|
|t:|1776036290
|switch|p2a: Gengar|Gengar, M, shiny|100/100
|-damage|p2a: Gengar|88/100|[from] Stealth Rock
|move|p1a: Annoying TeleTubby|Wish|p1a: Annoying TeleTubby
|
|-heal|p1a: Annoying TeleTubby|76/100|[from] item: Leftovers
|upkeep
|turn|12
|
|t:|1776036304
|switch|p1a: Rock Lee|Garganacl, F|69/100
|-damage|p1a: Rock Lee|56/100|[from] Stealth Rock
|move|p2a: Gengar|Sludge Wave|p1a: Rock Lee
|-resisted|p1a: Rock Lee
|-damage|p1a: Rock Lee|35/100
|-damage|p2a: Gengar|78/100|[from] item: Life Orb
|
|-heal|p1a: Rock Lee|83/100|[from] move: Wish|[wisher] Annoying TeleTubby
|-heal|p1a: Rock Lee|89/100|[from] item: Leftovers
|upkeep
|turn|13
|
|t:|1776036318
|move|p2a: Gengar|Focus Blast|p1a: Rock Lee
|-supereffective|p1a: Rock Lee
|-damage|p1a: Rock Lee|24/100
|-damage|p2a: Gengar|68/100|[from] item: Life Orb
|move|p1a: Rock Lee|Earthquake|p2a: Gengar
|-supereffective|p2a: Gengar
|-damage|p2a: Gengar|0 fnt
|faint|p2a: Gengar
|
|-heal|p1a: Rock Lee|30/100|[from] item: Leftovers
|upkeep
|
|t:|1776036331
|switch|p2a: Excadrill|Excadrill, M, shiny|97/100
|-damage|p2a: Excadrill|94/100|[from] Stealth Rock
|-ability|p2a: Excadrill|Mold Breaker
|-item|p2a: Excadrill|Air Balloon
|turn|14
|
|t:|1776036342
|move|p2a: Excadrill|Iron Head|p1a: Rock Lee
|-supereffective|p1a: Rock Lee
|-damage|p1a: Rock Lee|0 fnt
|faint|p1a: Rock Lee
|
|upkeep
|
|t:|1776036352
|switch|p1a: X-man|Metagross, shiny|100/100
|-damage|p1a: X-man|95/100|[from] Stealth Rock
|turn|15
|
|t:|1776036357
|move|p2a: Excadrill|Earthquake|p1a: X-man
|-supereffective|p1a: X-man
|-damage|p1a: X-man|9/100
|move|p1a: X-man|Knock Off|p2a: Excadrill
|-damage|p2a: Excadrill|7/100
|-enditem|p2a: Excadrill|Air Balloon
|
|upkeep
|turn|16
|
|t:|1776036369
|switch|p1a: Annoying TeleTubby|Clefable, F|76/100
|move|p2a: Excadrill|Earthquake|p1a: Annoying TeleTubby
|-damage|p1a: Annoying TeleTubby|34/100
|
|-heal|p1a: Annoying TeleTubby|40/100|[from] item: Leftovers
|upkeep
|turn|17
|
|t:|1776036403
|move|p2a: Excadrill|Iron Head|p1a: Annoying TeleTubby
|-supereffective|p1a: Annoying TeleTubby
|-damage|p1a: Annoying TeleTubby|0 fnt
|faint|p1a: Annoying TeleTubby
|
|upkeep
|
|t:|1776036408
|switch|p1a: Toxic Spikes|Toxapex, F|100/100
|turn|18
|
|t:|1776036434
|move|p2a: Excadrill|Earthquake|p1a: Toxic Spikes
|-supereffective|p1a: Toxic Spikes
|-damage|p1a: Toxic Spikes|29/100
|move|p1a: Toxic Spikes|Surf|p2a: Excadrill
|-supereffective|p2a: Excadrill
|-damage|p2a: Excadrill|0 fnt
|faint|p2a: Excadrill
|
|upkeep
|
|t:|1776036447
|switch|p2a: Rillaboom|Rillaboom, F, shiny|100/100
|-damage|p2a: Rillaboom|88/100|[from] Stealth Rock
|-fieldstart|move: Grassy Terrain|[from] ability: Grassy Surge|[of] p2a: Rillaboom
|turn|19
|
|t:|1776036463
|move|p2a: Rillaboom|Wood Hammer|p1a: Toxic Spikes
|-damage|p1a: Toxic Spikes|0 fnt
|faint|p1a: Toxic Spikes
|-damage|p2a: Rillaboom|80/100|[from] Recoil
|
|-heal|p2a: Rillaboom|86/100|[from] Grassy Terrain
|upkeep
|
|t:|1776036475
|switch|p1a: Murda Man|Dragonite, F, shiny|100/100
|turn|20
|
|t:|1776036501
|switch|p2a: Slowbro|Slowbro, M, shiny|100/100 tox
|-damage|p2a: Slowbro|88/100 tox|[from] Stealth Rock
|move|p1a: Murda Man|Ice Beam|p2a: Slowbro
|-resisted|p2a: Slowbro
|-damage|p2a: Slowbro|74/100 tox
|
|-heal|p2a: Slowbro|80/100 tox|[from] Grassy Terrain
|-damage|p2a: Slowbro|74/100 tox|[from] psn
|upkeep
|turn|21
|
|t:|1776036516
|-terastallize|p1a: Murda Man|Fairy
|move|p1a: Murda Man|Hurricane|p2a: Slowbro|[miss]
|-miss|p1a: Murda Man|p2a: Slowbro
|move|p2a: Slowbro|Future Sight|p1a: Murda Man
|-start|p2a: Slowbro|move: Future Sight
|
|-heal|p2a: Slowbro|80/100 tox|[from] Grassy Terrain
|-damage|p2a: Slowbro|68/100 tox|[from] psn
|upkeep
|turn|22
|
|t:|1776036526
|move|p1a: Murda Man|Hurricane|p2a: Slowbro
|-damage|p2a: Slowbro|20/100 tox
|move|p2a: Slowbro|Ice Beam|p1a: Murda Man
|-damage|p1a: Murda Man|91/100
|-status|p1a: Murda Man|frz
|
|-heal|p1a: Murda Man|98/100 frz|[from] Grassy Terrain
|-heal|p2a: Slowbro|26/100 tox|[from] Grassy Terrain
|-damage|p2a: Slowbro|8/100 tox|[from] psn
|upkeep
|turn|23
|
|t:|1776036536
|switch|p1a: X-man|Metagross, shiny|9/100
|-damage|p1a: X-man|3/100|[from] Stealth Rock
|move|p2a: Slowbro|Slack Off|p2a: Slowbro
|-heal|p2a: Slowbro|58/100 tox
|
|-end|p1a: X-man|move: Future Sight
|-resisted|p1a: X-man
|-damage|p1a: X-man|0 fnt
|faint|p1a: X-man
|-heal|p2a: Slowbro|64/100 tox|[from] Grassy Terrain
|-damage|p2a: Slowbro|39/100 tox|[from] psn
|-fieldend|move: Grassy Terrain
|upkeep
|
|t:|1776036546
|switch|p1a: Murda Man|Dragonite, F, shiny, tera:Fairy|98/100 frz
|turn|24
|
|t:|1776036559
|cant|p1a: Murda Man|frz
|move|p2a: Slowbro|Scald|p1a: Murda Man
|-damage|p1a: Murda Man|75/100 frz
|-curestatus|p1a: Murda Man|frz|[msg]
|
|-damage|p2a: Slowbro|9/100 tox|[from] psn
|upkeep
|turn|25
|
|t:|1776036568
|move|p1a: Murda Man|Hurricane|p2a: Slowbro
|-damage|p2a: Slowbro|0 fnt
|faint|p2a: Slowbro
|
|upkeep
|
|t:|1776036585
|switch|p2a: Rillaboom|Rillaboom, F, shiny|86/100
|-damage|p2a: Rillaboom|74/100|[from] Stealth Rock
|-fieldstart|move: Grassy Terrain|[from] ability: Grassy Surge|[of] p2a: Rillaboom
|turn|26
|
|t:|1776036597
|move|p2a: Rillaboom|Wood Hammer|p1a: Murda Man
|-damage|p1a: Murda Man|0 fnt
|faint|p1a: Murda Man
|-damage|p2a: Rillaboom|46/100|[from] Recoil
|
|-heal|p2a: Rillaboom|52/100|[from] Grassy Terrain
|upkeep
|
|t:|1776036600
|switch|p1a: Pink eye|Heatran, F, shiny|100/100
|-damage|p1a: Pink eye|88/100|[from] Stealth Rock
|turn|27
|
|t:|1776036609
|move|p2a: Rillaboom|Wood Hammer|p1a: Pink eye
|-resisted|p1a: Pink eye
|-damage|p1a: Pink eye|62/100
|-damage|p2a: Rillaboom|42/100|[from] Recoil
|move|p1a: Pink eye|Magma Storm|p2a: Rillaboom
|-supereffective|p2a: Rillaboom
|-damage|p2a: Rillaboom|0 fnt
|faint|p2a: Rillaboom
|
|-heal|p1a: Pink eye|68/100|[from] Grassy Terrain
|-heal|p1a: Pink eye|74/100|[from] item: Leftovers
|upkeep
|
|t:|1776036620
|switch|p2a: Dragonite|Dragonite, M, shiny|100/100
|turn|28
|
|t:|1776036648
|-terastallize|p2a: Dragonite|Dragon
|move|p1a: Pink eye|Protect|p1a: Pink eye
|-singleturn|p1a: Pink eye|Protect
|move|p2a: Dragonite|Earthquake|p1a: Pink eye
|-activate|p1a: Pink eye|move: Protect
|
|-heal|p1a: Pink eye|80/100|[from] Grassy Terrain
|-heal|p1a: Pink eye|87/100|[from] item: Leftovers
|upkeep
|turn|29
|
|t:|1776036658
|move|p2a: Dragonite|Earthquake|p1a: Pink eye
|-supereffective|p1a: Pink eye
|-damage|p1a: Pink eye|23/100
|move|p1a: Pink eye|Earth Power|p2a: Dragonite
|-damage|p2a: Dragonite|88/100
|
|-heal|p2a: Dragonite|94/100|[from] Grassy Terrain
|-heal|p1a: Pink eye|30/100|[from] Grassy Terrain
|-heal|p1a: Pink eye|36/100|[from] item: Leftovers
|upkeep
|turn|30
|
|t:|1776036666
|move|p1a: Pink eye|Protect|p1a: Pink eye
|-singleturn|p1a: Pink eye|Protect
|move|p2a: Dragonite|Dragon Dance|p2a: Dragonite
|-boost|p2a: Dragonite|atk|1
|-boost|p2a: Dragonite|spe|1
|
|-heal|p2a: Dragonite|99/100|[from] Grassy Terrain
|-heal|p1a: Pink eye|42/100|[from] Grassy Terrain
|-heal|p1a: Pink eye|48/100|[from] item: Leftovers
|-fieldend|move: Grassy Terrain
|upkeep
|turn|31
|
|t:|1776036674
|move|p2a: Dragonite|Earthquake|p1a: Pink eye
|-supereffective|p1a: Pink eye
|-damage|p1a: Pink eye|0 fnt
|faint|p1a: Pink eye
|
|win|AJOH1030
|l|☆cam2030
|player|p1|
