|html|<div class="broadcast-blue"><strong>[Gen 9] OU is currently suspecting Tera Blast! For information on how to participate check out the <a href="https://www.smogon.com/tools/suspects/view/200">suspect thread</a>.</strong></div>
|j|☆jdksosjdoos
|j|☆mo-ii-kai
|t:|1776099008
|gametype|singles
|player|p1|jdksosjdoos|170|1423
|player|p2|mo-ii-kai|janine|1440
|gen|9
|tier|[Gen 9] OU
|rated|
|rule|HP Percentage Mod: HP is shown in percentages
|rule|Endless Battle Clause: Forcing endless battles is banned
|rule|Species Clause: Limit one of each Pokémon
|rule|OHKO Clause: OHKO moves are banned
|rule|Evasion Items Clause: Evasion items are banned
|rule|Evasion Moves Clause: Evasion moves are banned
|rule|Evasion Abilities Clause: Evasion abilities are banned
|rule|Sleep Moves Clause: Sleep-inducing moves are banned
|clearpoke
|poke|p1|Alomomola, M|
|poke|p1|Salazzle, F|
|poke|p1|Gliscor, M|
|poke|p1|Weezing-Galar, M|
|poke|p1|Dondozo, F|
|poke|p1|Blissey, F|
|poke|p2|Ninetales, F|
|poke|p2|Walking Wake|
|poke|p2|Typhlosion-Hisui, M|
|poke|p2|Great Tusk|
|poke|p2|Rillaboom, F|
|poke|p2|Raging Bolt|
|teampreview
|inactive|Battle timer is ON: inactive players will automatically lose when time's up. (requested by mo-ii-kai)
|
|t:|1776099015
|teamsize|p1|6
|teamsize|p2|6
|start
|switch|p1a: Weezing|Weezing-Galar, M|100/100
|switch|p2a: Ninetales|Ninetales, F|100/100
|-ability|p1a: Weezing|Neutralizing Gas
|turn|1
|
|t:|1776099026
|switch|p2a: Raging Bolt|Raging Bolt|100/100
|move|p1a: Weezing|Toxic|p2a: Raging Bolt
|-status|p2a: Raging Bolt|tox
|
|-damage|p2a: Raging Bolt|94/100 tox|[from] psn
|upkeep
|turn|2
|
|t:|1776099035
|-end|p1a: Weezing|ability: Neutralizing Gas
|switch|p1a: Blissey|Blissey, F|100/100
|move|p2a: Raging Bolt|Volt Switch|p1a: Blissey
|-damage|p1a: Blissey|88/100
|
|t:|1776099038
|-end|p2a: Raging Bolt|Protosynthesis|[silent]
|switch|p2a: Ninetales|Ninetales, F|100/100|[from] Volt Switch
|-weather|SunnyDay|[from] ability: Drought|[of] p2a: Ninetales
|
|-weather|SunnyDay|[upkeep]
|-heal|p1a: Blissey|95/100|[from] item: Leftovers
|upkeep
|turn|3
|
|t:|1776099061
|switch|p2a: Raging Bolt|Raging Bolt|94/100 tox
|-activate|p2a: Raging Bolt|ability: Protosynthesis
|-start|p2a: Raging Bolt|protosynthesisspa
|switch|p1a: Gliscor|Gliscor, M|100/100
|
|-weather|SunnyDay|[upkeep]
|-damage|p2a: Raging Bolt|88/100 tox|[from] psn
|-status|p1a: Gliscor|tox|[from] item: Toxic Orb
|upkeep
|turn|4
|
|t:|1776099069
|move|p2a: Raging Bolt|Weather Ball|p1a: Gliscor
|-damage|p1a: Gliscor|38/100 tox
|move|p1a: Gliscor|Substitute|p1a: Gliscor
|-start|p1a: Gliscor|Substitute
|-damage|p1a: Gliscor|13/100 tox
|
|-weather|SunnyDay|[upkeep]
|-damage|p2a: Raging Bolt|76/100 tox|[from] psn
|-heal|p1a: Gliscor|25/100 tox|[from] ability: Poison Heal
|upkeep
|turn|5
|
|t:|1776099074
|move|p1a: Gliscor|Protect|p1a: Gliscor
|-singleturn|p1a: Gliscor|Protect
|move|p2a: Raging Bolt|Weather Ball|p1a: Gliscor
|-activate|p1a: Gliscor|move: Protect
|
|-weather|SunnyDay|[upkeep]
|-damage|p2a: Raging Bolt|58/100 tox|[from] psn
|-heal|p1a: Gliscor|38/100 tox|[from] ability: Poison Heal
|upkeep
|turn|6
|
|t:|1776099079
|move|p2a: Raging Bolt|Weather Ball|p1a: Gliscor
|-end|p1a: Gliscor|Substitute
|move|p1a: Gliscor|Earthquake|p2a: Raging Bolt
|-supereffective|p2a: Raging Bolt
|-damage|p2a: Raging Bolt|0 fnt
|faint|p2a: Raging Bolt
|-end|p2a: Raging Bolt|Protosynthesis|[silent]
|
|-weather|SunnyDay|[upkeep]
|-heal|p1a: Gliscor|50/100 tox|[from] ability: Poison Heal
|upkeep
|
|t:|1776099090
|switch|p2a: Walking Wake|Walking Wake|100/100
|-activate|p2a: Walking Wake|ability: Protosynthesis
|-start|p2a: Walking Wake|protosynthesisspa
|turn|7
|
|t:|1776099096
|-terastallize|p2a: Walking Wake|Water
|move|p1a: Gliscor|Protect|p1a: Gliscor
|-singleturn|p1a: Gliscor|Protect
|move|p2a: Walking Wake|Hydro Steam|p1a: Gliscor
|-activate|p1a: Gliscor|move: Protect
|
|-weather|SunnyDay|[upkeep]
|-heal|p1a: Gliscor|63/100 tox|[from] ability: Poison Heal
|upkeep
|turn|8
|
|t:|1776099118
|-terastallize|p1a: Gliscor|Water
|move|p2a: Walking Wake|Hydro Steam|p1a: Gliscor
|-resisted|p1a: Gliscor
|-damage|p1a: Gliscor|0 fnt
|faint|p1a: Gliscor
|
|-weather|SunnyDay|[upkeep]
|upkeep
|
|t:|1776099130
|switch|p1a: Weezing|Weezing-Galar, M|100/100
|-ability|p1a: Weezing|Neutralizing Gas
|turn|9
|
|t:|1776099136
|-end|p1a: Weezing|ability: Neutralizing Gas
|switch|p1a: Blissey|Blissey, F|95/100
|move|p2a: Walking Wake|Hydro Steam|p1a: Blissey
|-damage|p1a: Blissey|46/100
|
|-weather|none
|-end|p2a: Walking Wake|Protosynthesis
|-heal|p1a: Blissey|52/100|[from] item: Leftovers
|upkeep
|turn|10
|
|t:|1776099144
|-end|p2a: Walking Wake|Protosynthesis|[silent]
|switch|p2a: Ninetales|Ninetales, F|100/100
|-weather|SunnyDay|[from] ability: Drought|[of] p2a: Ninetales
|move|p1a: Blissey|Soft-Boiled|p1a: Blissey
|-heal|p1a: Blissey|100/100
|
|-weather|SunnyDay|[upkeep]
|upkeep
|turn|11
|
|t:|1776099150
|switch|p2a: Walking Wake|Walking Wake, tera:Water|100/100
|-activate|p2a: Walking Wake|ability: Protosynthesis
|-start|p2a: Walking Wake|protosynthesisspa
|move|p1a: Blissey|Calm Mind|p1a: Blissey
|-boost|p1a: Blissey|spa|1
|-boost|p1a: Blissey|spd|1
|
|-weather|SunnyDay|[upkeep]
|upkeep
|turn|12
|
|t:|1776099152
|move|p2a: Walking Wake|Hydro Steam|p1a: Blissey
|-damage|p1a: Blissey|66/100
|move|p1a: Blissey|Calm Mind|p1a: Blissey
|-boost|p1a: Blissey|spa|1
|-boost|p1a: Blissey|spd|1
|
|-weather|SunnyDay|[upkeep]
|-heal|p1a: Blissey|72/100|[from] item: Leftovers
|upkeep
|turn|13
|
|t:|1776099155
|-end|p2a: Walking Wake|Protosynthesis|[silent]
|switch|p2a: Ninetales|Ninetales, F|100/100
|move|p1a: Blissey|Calm Mind|p1a: Blissey
|-boost|p1a: Blissey|spa|1
|-boost|p1a: Blissey|spd|1
|
|-weather|SunnyDay|[upkeep]
|-heal|p1a: Blissey|78/100|[from] item: Leftovers
|upkeep
|turn|14
|
|t:|1776099157
|move|p2a: Ninetales|Encore|p1a: Blissey
|-start|p1a: Blissey|Encore
|move|p1a: Blissey|Calm Mind|p1a: Blissey
|-boost|p1a: Blissey|spa|1
|-boost|p1a: Blissey|spd|1
|
|-weather|SunnyDay|[upkeep]
|-heal|p1a: Blissey|84/100|[from] item: Leftovers
|upkeep
|turn|15
|
|t:|1776099159
|switch|p2a: Rillaboom|Rillaboom, F|100/100
|-fieldstart|move: Grassy Terrain|[from] ability: Grassy Surge|[of] p2a: Rillaboom
|move|p1a: Blissey|Calm Mind|p1a: Blissey
|-boost|p1a: Blissey|spa|1
|-boost|p1a: Blissey|spd|1
|
|-weather|SunnyDay|[upkeep]
|-heal|p1a: Blissey|90/100|[from] Grassy Terrain
|-heal|p1a: Blissey|96/100|[from] item: Leftovers
|upkeep
|turn|16
|
|t:|1776099166
|switch|p1a: Weezing|Weezing-Galar, M|100/100
|-ability|p1a: Weezing|Neutralizing Gas
|move|p2a: Rillaboom|Knock Off|p1a: Weezing
|-resisted|p1a: Weezing
|-damage|p1a: Weezing|83/100
|-enditem|p1a: Weezing|Heavy-Duty Boots|[from] move: Knock Off|[of] p2a: Rillaboom
|
|-weather|SunnyDay|[upkeep]
|-heal|p1a: Weezing|89/100|[from] Grassy Terrain
|upkeep
|turn|17
|
|t:|1776099173
|switch|p2a: Great Tusk|Great Tusk|100/100
|move|p1a: Weezing|Toxic|p2a: Great Tusk
|-status|p2a: Great Tusk|tox
|
|-weather|none
|-heal|p1a: Weezing|95/100|[from] Grassy Terrain
|-damage|p2a: Great Tusk|94/100 tox|[from] psn
|upkeep
|turn|18
|
|t:|1776099178
|-end|p1a: Weezing|ability: Neutralizing Gas
|switch|p1a: Alomomola|Alomomola, M|100/100
|move|p2a: Great Tusk|Stealth Rock|p1a: Alomomola
|-sidestart|p1: jdksosjdoos|move: Stealth Rock
|
|-heal|p2a: Great Tusk|100/100 tox|[from] Grassy Terrain
|-damage|p2a: Great Tusk|88/100 tox|[from] psn
|upkeep
|turn|19
|
|t:|1776099187
|-end|p2a: Great Tusk|Protosynthesis|[silent]
|switch|p2a: Ninetales|Ninetales, F|100/100
|-weather|SunnyDay|[from] ability: Drought|[of] p2a: Ninetales
|move|p1a: Alomomola|Flip Turn|p2a: Ninetales
|-supereffective|p2a: Ninetales
|-damage|p2a: Ninetales|80/100
|
|t:|1776099194
|switch|p1a: Salazzle|Salazzle, F|100/100|[from] Flip Turn
|-damage|p1a: Salazzle|76/100|[from] Stealth Rock
|
|-weather|SunnyDay|[upkeep]
|-heal|p1a: Salazzle|82/100|[from] Grassy Terrain
|-heal|p1a: Salazzle|88/100|[from] item: Leftovers
|-heal|p2a: Ninetales|86/100|[from] Grassy Terrain
|-fieldend|move: Grassy Terrain
|upkeep
|turn|20
|
|t:|1776099198
|switch|p2a: Great Tusk|Great Tusk|88/100 tox
|-activate|p2a: Great Tusk|ability: Protosynthesis
|-start|p2a: Great Tusk|protosynthesisspe
|move|p1a: Salazzle|Substitute|p1a: Salazzle
|-start|p1a: Salazzle|Substitute
|-damage|p1a: Salazzle|63/100
|
|-weather|SunnyDay|[upkeep]
|-heal|p1a: Salazzle|70/100|[from] item: Leftovers
|-damage|p2a: Great Tusk|82/100 tox|[from] psn
|upkeep
|turn|21
|
|t:|1776099208
|move|p1a: Salazzle|Protect|p1a: Salazzle
|-singleturn|p1a: Salazzle|Protect
|move|p2a: Great Tusk|Headlong Rush|p1a: Salazzle
|-activate|p1a: Salazzle|move: Protect
|
|-weather|SunnyDay|[upkeep]
|-heal|p1a: Salazzle|76/100|[from] item: Leftovers
|-damage|p2a: Great Tusk|69/100 tox|[from] psn
|upkeep
|turn|22
|
|t:|1776099216
|move|p2a: Great Tusk|Headlong Rush|p1a: Salazzle
|-supereffective|p1a: Salazzle
|-end|p1a: Salazzle|Substitute
|-unboost|p2a: Great Tusk|def|1
|-unboost|p2a: Great Tusk|spd|1
|move|p1a: Salazzle|Substitute|p1a: Salazzle
|-start|p1a: Salazzle|Substitute
|-damage|p1a: Salazzle|51/100
|
|-weather|SunnyDay|[upkeep]
|-heal|p1a: Salazzle|57/100|[from] item: Leftovers
|-damage|p2a: Great Tusk|51/100 tox|[from] psn
|upkeep
|turn|23
|
|t:|1776099221
|-end|p2a: Great Tusk|Protosynthesis|[silent]
|switch|p2a: Ninetales|Ninetales, F|86/100
|move|p1a: Salazzle|Protect||[still]
|-fail|p1a: Salazzle
|
|-weather|SunnyDay|[upkeep]
|-heal|p1a: Salazzle|63/100|[from] item: Leftovers
|upkeep
|turn|24
|
|t:|1776099223
|move|p1a: Salazzle|Toxic|p2a: Ninetales
|-status|p2a: Ninetales|tox
|move|p2a: Ninetales|Encore|p1a: Salazzle
|-start|p1a: Salazzle|Encore
|
|-weather|SunnyDay|[upkeep]
|-heal|p1a: Salazzle|70/100|[from] item: Leftovers
|-damage|p2a: Ninetales|80/100 tox|[from] psn
|upkeep
|turn|25
|
|t:|1776099229
|switch|p2a: Great Tusk|Great Tusk|51/100 tox
|-activate|p2a: Great Tusk|ability: Protosynthesis
|-start|p2a: Great Tusk|protosynthesisspe
|move|p1a: Salazzle|Toxic|p2a: Great Tusk
|-fail|p2a: Great Tusk|tox
|
|-weather|SunnyDay|[upkeep]
|-heal|p1a: Salazzle|76/100|[from] item: Leftovers
|-damage|p2a: Great Tusk|45/100 tox|[from] psn
|upkeep
|turn|26
|
|t:|1776099232
|move|p2a: Great Tusk|Headlong Rush|p1a: Salazzle
|-supereffective|p1a: Salazzle
|-end|p1a: Salazzle|Substitute
|-unboost|p2a: Great Tusk|def|1
|-unboost|p2a: Great Tusk|spd|1
|move|p1a: Salazzle|Toxic|p2a: Great Tusk
|-fail|p2a: Great Tusk|tox
|
|-weather|none
|-end|p2a: Great Tusk|Protosynthesis
|-heal|p1a: Salazzle|82/100|[from] item: Leftovers
|-damage|p2a: Great Tusk|32/100 tox|[from] psn
|upkeep
|turn|27
|
|t:|1776099237
|switch|p1a: Alomomola|Alomomola, M|100/100
|move|p2a: Great Tusk|Headlong Rush|p1a: Alomomola
|-damage|p1a: Alomomola|72/100
|-unboost|p2a: Great Tusk|def|1
|-unboost|p2a: Great Tusk|spd|1
|
|-damage|p2a: Great Tusk|13/100 tox|[from] psn
|upkeep
|turn|28
|
|t:|1776099239
|-end|p2a: Great Tusk|Protosynthesis|[silent]
|switch|p2a: Ninetales|Ninetales, F|80/100 tox
|-weather|SunnyDay|[from] ability: Drought|[of] p2a: Ninetales
|move|p1a: Alomomola|Wish|p1a: Alomomola
|
|-weather|SunnyDay|[upkeep]
|-damage|p2a: Ninetales|74/100 tox|[from] psn
|upkeep
|turn|29
|
|t:|1776099247
|switch|p2a: Walking Wake|Walking Wake, tera:Water|100/100
|-activate|p2a: Walking Wake|ability: Protosynthesis
|-start|p2a: Walking Wake|protosynthesisspa
|switch|p1a: Salazzle|Salazzle, F|82/100
|-damage|p1a: Salazzle|57/100|[from] Stealth Rock
|
|-weather|SunnyDay|[upkeep]
|-heal|p1a: Salazzle|100/100|[from] move: Wish|[wisher] Alomomola
|upkeep
|turn|30
|
|t:|1776099257
|move|p1a: Salazzle|Toxic|p2a: Walking Wake
|-status|p2a: Walking Wake|tox
|move|p2a: Walking Wake|Hydro Steam|p1a: Salazzle
|-supereffective|p1a: Salazzle
|-damage|p1a: Salazzle|0 fnt
|faint|p1a: Salazzle
|
|-weather|SunnyDay|[upkeep]
|-damage|p2a: Walking Wake|94/100 tox|[from] psn
|upkeep
|
|t:|1776099260
|switch|p1a: Blissey|Blissey, F|96/100
|-damage|p1a: Blissey|84/100|[from] Stealth Rock
|turn|31
|
|t:|1776099266
|move|p2a: Walking Wake|Hydro Steam|p1a: Blissey
|-damage|p1a: Blissey|28/100
|move|p1a: Blissey|Flamethrower|p2a: Walking Wake
|-resisted|p2a: Walking Wake
|-damage|p2a: Walking Wake|80/100 tox
|
|-weather|SunnyDay|[upkeep]
|-heal|p1a: Blissey|34/100|[from] item: Leftovers
|-damage|p2a: Walking Wake|67/100 tox|[from] psn
|upkeep
|turn|32
|
|t:|1776099275
|switch|p1a: Alomomola|Alomomola, M|100/100
|move|p2a: Walking Wake|Hydro Steam|p1a: Alomomola
|-resisted|p1a: Alomomola
|-crit|p1a: Alomomola
|-damage|p1a: Alomomola|0 fnt
|faint|p1a: Alomomola
|
|-weather|SunnyDay|[upkeep]
|-damage|p2a: Walking Wake|49/100 tox|[from] psn
|upkeep
|
|t:|1776099284
|switch|p1a: Dondozo|Dondozo, F|100/100
|-damage|p1a: Dondozo|88/100|[from] Stealth Rock
|turn|33
|
|t:|1776099289
|-end|p2a: Walking Wake|Protosynthesis|[silent]
|switch|p2a: Great Tusk|Great Tusk|13/100 tox
|-activate|p2a: Great Tusk|ability: Protosynthesis
|-start|p2a: Great Tusk|protosynthesisspe
|move|p1a: Dondozo|Rest|p1a: Dondozo
|-status|p1a: Dondozo|slp|[from] move: Rest
|-heal|p1a: Dondozo|100/100 slp|[silent]
|
|-weather|SunnyDay|[upkeep]
|-damage|p2a: Great Tusk|7/100 tox|[from] psn
|upkeep
|turn|34
|
|t:|1776099293
|move|p2a: Great Tusk|Headlong Rush|p1a: Dondozo
|-damage|p1a: Dondozo|76/100 slp
|-unboost|p2a: Great Tusk|def|1
|-unboost|p2a: Great Tusk|spd|1
|cant|p1a: Dondozo|slp
|move|p1a: Dondozo|Sleep Talk|p1a: Dondozo
|move|p1a: Dondozo|Waterfall|p2a: Great Tusk|[from] move: Sleep Talk
|-supereffective|p2a: Great Tusk
|-damage|p2a: Great Tusk|0 fnt
|faint|p2a: Great Tusk
|-end|p2a: Great Tusk|Protosynthesis|[silent]
|
|-weather|SunnyDay|[upkeep]
|-heal|p1a: Dondozo|82/100 slp|[from] item: Leftovers
|upkeep
|
|t:|1776099310
|switch|p2a: Typhlosion|Typhlosion-Hisui, M|100/100
|turn|35
|
|t:|1776099316
|switch|p1a: Blissey|Blissey, F|34/100
|-damage|p1a: Blissey|22/100|[from] Stealth Rock
|move|p2a: Typhlosion|Eruption|p1a: Blissey
|-damage|p1a: Blissey|0 fnt
|faint|p1a: Blissey
|
|-weather|none
|upkeep
|
|t:|1776099321
|switch|p1a: Dondozo|Dondozo, F|82/100 slp
|-damage|p1a: Dondozo|70/100 slp|[from] Stealth Rock
|turn|36
|
|t:|1776099325
|switch|p2a: Ninetales|Ninetales, F|74/100 tox
|-weather|SunnyDay|[from] ability: Drought|[of] p2a: Ninetales
|cant|p1a: Dondozo|slp
|move|p1a: Dondozo|Sleep Talk|p1a: Dondozo
|move|p1a: Dondozo|Curse|p1a: Dondozo|[from] move: Sleep Talk
|-unboost|p1a: Dondozo|spe|1
|-boost|p1a: Dondozo|atk|1
|-boost|p1a: Dondozo|def|1
|
|-weather|SunnyDay|[upkeep]
|-heal|p1a: Dondozo|76/100 slp|[from] item: Leftovers
|-damage|p2a: Ninetales|68/100 tox|[from] psn
|upkeep
|turn|37
|
|t:|1776099333
|move|p2a: Ninetales|Encore||[still]
|-fail|p2a: Ninetales
|-curestatus|p1a: Dondozo|slp|[msg]
|move|p1a: Dondozo|Waterfall|p2a: Ninetales
|-supereffective|p2a: Ninetales
|-damage|p2a: Ninetales|16/100 tox
|
|-weather|SunnyDay|[upkeep]
|-heal|p1a: Dondozo|82/100|[from] item: Leftovers
|-damage|p2a: Ninetales|4/100 tox|[from] psn
|upkeep
|turn|38
|
|t:|1776099339
|move|p2a: Ninetales|Healing Wish|p2a: Ninetales
|faint|p2a: Ninetales
|move|p1a: Dondozo|Waterfall|p2: Ninetales|[notarget]
|-fail|p1a: Dondozo
|
|-weather|SunnyDay|[upkeep]
|-heal|p1a: Dondozo|88/100|[from] item: Leftovers
|upkeep
|
|t:|1776099342
|switch|p2a: Walking Wake|Walking Wake, tera:Water|49/100 tox
|-heal|p2a: Walking Wake|100/100|[from] move: Healing Wish
|-activate|p2a: Walking Wake|ability: Protosynthesis
|-start|p2a: Walking Wake|protosynthesisspa
|turn|39
|-message|jdksosjdoos forfeited.
|
|win|mo-ii-kai
|raw|jdksosjdoos's rating: 1423 &rarr; <strong>1404</strong><br />(-19 for losing)
|raw|mo-ii-kai's rating: 1440 &rarr; <strong>1459</strong><br />(+19 for winning)
|l|☆jdksosjdoos
|player|p1|
