|html|<div class="broadcast-blue"><strong>[Gen 9] OU is currently suspecting Tera Blast! For information on how to participate check out the <a href="https://www.smogon.com/tools/suspects/view/200">suspect thread</a>.</strong></div>
|j|☆polgo
|j|☆spicerduhhh
|t:|1776064930
|gametype|singles
|player|p1|polgo|swimmer-gen4|1070
|player|p2|spicerduhhh|265|1110
|gen|9
|tier|[Gen 9] OU
|rated|
|rule|HP Percentage Mod: HP is shown in percentages
|rule|Endless Battle Clause: Forcing endless battles is banned
|rule|Species Clause: Limit one of each Pokémon
|rule|OHKO Clause: OHKO moves are banned
|rule|Evasion Items Clause: Evasion items are banned
|rule|Evasion Moves Clause: Evasion moves are banned
|rule|Evasion Abilities Clause: Evasion abilities are banned
|rule|Sleep Moves Clause: Sleep-inducing moves are banned
|clearpoke
|poke|p1|Iron Hands|
|poke|p1|Bastiodon, F|
|poke|p1|Altaria, F|
|poke|p1|Slowking, M|
|poke|p1|Spiritomb, F|
|poke|p1|Camerupt, F|
|poke|p2|Ceruledge, M|
|poke|p2|Scizor, F|
|poke|p2|Rotom-Wash|
|poke|p2|Great Tusk|
|poke|p2|Dragapult, F|
|poke|p2|Toxapex, M|
|teampreview
|
|t:|1776064937
|teamsize|p1|6
|teamsize|p2|6
|start
|switch|p1a: Spiritomb|Spiritomb, F, shiny|100/100
|switch|p2a: Great Tusk|Great Tusk|100/100
|turn|1
|
|t:|1776064943
|move|p2a: Great Tusk|Stealth Rock|p1a: Spiritomb
|-sidestart|p1: polgo|move: Stealth Rock
|move|p1a: Spiritomb|Will-O-Wisp|p2a: Great Tusk
|-status|p2a: Great Tusk|brn
|
|-damage|p2a: Great Tusk|94/100 brn|[from] brn
|upkeep
|turn|2
|
|t:|1776064973
|-end|p2a: Great Tusk|Protosynthesis|[silent]
|switch|p2a: Toxapex|Toxapex, M|100/100
|move|p1a: Spiritomb|Trick Room|p1a: Spiritomb
|-fieldstart|move: Trick Room|[of] p1a: Spiritomb
|
|upkeep
|turn|3
|
|t:|1776064984
|move|p1a: Spiritomb|Will-O-Wisp|p2a: Toxapex
|-status|p2a: Toxapex|brn
|move|p2a: Toxapex|Sludge Bomb|p1a: Spiritomb
|-resisted|p1a: Spiritomb
|-damage|p1a: Spiritomb|91/100
|-status|p1a: Spiritomb|psn
|
|-damage|p1a: Spiritomb|79/100 psn|[from] psn
|-damage|p2a: Toxapex|94/100 brn|[from] brn
|upkeep
|turn|4
|
|t:|1776065002
|move|p1a: Spiritomb|Poltergeist|p2a: Toxapex
|-activate|p2a: Toxapex|move: Poltergeist|Black Sludge
|-damage|p2a: Toxapex|67/100 brn
|move|p2a: Toxapex|Sludge Bomb|p1a: Spiritomb
|-resisted|p1a: Spiritomb
|-damage|p1a: Spiritomb|70/100 psn
|
|-heal|p2a: Toxapex|74/100 brn|[from] item: Black Sludge
|-damage|p1a: Spiritomb|57/100 psn|[from] psn
|-damage|p2a: Toxapex|67/100 brn|[from] brn
|upkeep
|turn|5
|
|t:|1776065017
|move|p1a: Spiritomb|Poltergeist|p2a: Toxapex
|-activate|p2a: Toxapex|move: Poltergeist|Black Sludge
|-damage|p2a: Toxapex|39/100 brn
|move|p2a: Toxapex|Recover|p2a: Toxapex
|-heal|p2a: Toxapex|89/100 brn
|
|-heal|p2a: Toxapex|96/100 brn|[from] item: Black Sludge
|-damage|p1a: Spiritomb|45/100 psn|[from] psn
|-damage|p2a: Toxapex|89/100 brn|[from] brn
|upkeep
|turn|6
|
|t:|1776065027
|move|p2a: Toxapex|Sludge Bomb|p1a: Spiritomb
|-resisted|p1a: Spiritomb
|-damage|p1a: Spiritomb|35/100 psn
|move|p1a: Spiritomb|Pain Split|p2a: Toxapex
|-sethp|p2a: Toxapex|62/100 brn|[from] move: Pain Split|[silent]
|-sethp|p1a: Spiritomb|62/100 psn|[from] move: Pain Split
|
|-heal|p2a: Toxapex|68/100 brn|[from] item: Black Sludge
|-damage|p1a: Spiritomb|50/100 psn|[from] psn
|-damage|p2a: Toxapex|62/100 brn|[from] brn
|-fieldend|move: Trick Room
|upkeep
|turn|7
|
|t:|1776065034
|move|p2a: Toxapex|Recover|p2a: Toxapex
|-heal|p2a: Toxapex|100/100 brn
|move|p1a: Spiritomb|Poltergeist|p2a: Toxapex
|-activate|p2a: Toxapex|move: Poltergeist|Black Sludge
|-damage|p2a: Toxapex|72/100 brn
|
|-heal|p2a: Toxapex|78/100 brn|[from] item: Black Sludge
|-damage|p1a: Spiritomb|37/100 psn|[from] psn
|-damage|p2a: Toxapex|72/100 brn|[from] brn
|upkeep
|turn|8
|
|t:|1776065039
|move|p1a: Spiritomb|Pain Split|p2a: Toxapex
|-sethp|p2a: Toxapex|54/100 brn|[from] move: Pain Split|[silent]
|-sethp|p1a: Spiritomb|54/100 psn|[from] move: Pain Split
|move|p2a: Toxapex|Sludge Bomb|p1a: Spiritomb
|-resisted|p1a: Spiritomb
|-damage|p1a: Spiritomb|44/100 psn
|
|-heal|p2a: Toxapex|60/100 brn|[from] item: Black Sludge
|-damage|p1a: Spiritomb|32/100 psn|[from] psn
|-damage|p2a: Toxapex|54/100 brn|[from] brn
|upkeep
|turn|9
|
|t:|1776065045
|move|p1a: Spiritomb|Poltergeist|p2a: Toxapex|[miss]
|-miss|p1a: Spiritomb|p2a: Toxapex
|move|p2a: Toxapex|Recover|p2a: Toxapex
|-heal|p2a: Toxapex|100/100 brn
|
|-damage|p1a: Spiritomb|19/100 psn|[from] psn
|-damage|p2a: Toxapex|94/100 brn|[from] brn
|upkeep
|turn|10
|
|t:|1776065056
|move|p2a: Toxapex|Sludge Bomb|p1a: Spiritomb
|-resisted|p1a: Spiritomb
|-damage|p1a: Spiritomb|9/100 psn
|move|p1a: Spiritomb|Pain Split|p2a: Toxapex
|-sethp|p2a: Toxapex|52/100 brn|[from] move: Pain Split|[silent]
|-sethp|p1a: Spiritomb|52/100 psn|[from] move: Pain Split
|
|-heal|p2a: Toxapex|58/100 brn|[from] item: Black Sludge
|-damage|p1a: Spiritomb|39/100 psn|[from] psn
|-damage|p2a: Toxapex|52/100 brn|[from] brn
|upkeep
|turn|11
|
|t:|1776065063
|move|p2a: Toxapex|Recover|p2a: Toxapex
|-heal|p2a: Toxapex|100/100 brn
|move|p1a: Spiritomb|Poltergeist|p2a: Toxapex
|-activate|p2a: Toxapex|move: Poltergeist|Black Sludge
|-damage|p2a: Toxapex|72/100 brn
|
|-heal|p2a: Toxapex|78/100 brn|[from] item: Black Sludge
|-damage|p1a: Spiritomb|27/100 psn|[from] psn
|-damage|p2a: Toxapex|72/100 brn|[from] brn
|upkeep
|turn|12
|
|t:|1776065078
|switch|p2a: Scizor|Scizor, F, shiny|100/100
|move|p1a: Spiritomb|Pain Split|p2a: Scizor
|-sethp|p2a: Scizor|62/100|[from] move: Pain Split|[silent]
|-sethp|p1a: Spiritomb|70/100 psn|[from] move: Pain Split
|
|-damage|p1a: Spiritomb|57/100 psn|[from] psn
|upkeep
|turn|13
|
|t:|1776065084
|move|p2a: Scizor|U-turn|p1a: Spiritomb
|-crit|p1a: Spiritomb
|-damage|p1a: Spiritomb|0 fnt
|-damage|p2a: Scizor|45/100|[from] item: Rocky Helmet|[of] p1a: Spiritomb
|faint|p1a: Spiritomb
|
|t:|1776065087
|switch|p2a: Ceruledge|Ceruledge, M|100/100|[from] U-turn
|
|upkeep
|
|t:|1776065091
|switch|p1a: Camerupt|Camerupt, F|100/100
|-damage|p1a: Camerupt|88/100|[from] Stealth Rock
|turn|14
|
|t:|1776065095
|move|p2a: Ceruledge|Swords Dance|p2a: Ceruledge
|-boost|p2a: Ceruledge|atk|2
|move|p1a: Camerupt|Earth Power|p2a: Ceruledge
|-supereffective|p2a: Ceruledge
|-damage|p2a: Ceruledge|6/100
|
|upkeep
|turn|15
|
|t:|1776065102
|move|p2a: Ceruledge|Shadow Sneak|p1a: Camerupt
|-damage|p1a: Camerupt|44/100
|move|p1a: Camerupt|Earth Power|p2a: Ceruledge
|-supereffective|p2a: Ceruledge
|-damage|p2a: Ceruledge|0 fnt
|faint|p2a: Ceruledge
|
|upkeep
|
|t:|1776065107
|switch|p2a: Dragapult|Dragapult, F|100/100
|turn|16
|
|t:|1776065110
|move|p2a: Dragapult|Draco Meteor|p1a: Camerupt|[miss]
|-miss|p2a: Dragapult|p1a: Camerupt
|move|p1a: Camerupt|Earth Power|p2a: Dragapult
|-damage|p2a: Dragapult|49/100
|
|upkeep
|turn|17
|
|t:|1776065117
|move|p2a: Dragapult|Draco Meteor|p1a: Camerupt
|-damage|p1a: Camerupt|0 fnt
|-unboost|p2a: Dragapult|spa|2
|faint|p1a: Camerupt
|
|upkeep
|
|t:|1776065132
|switch|p1a: Iron Hands|Iron Hands, shiny|100/100
|-damage|p1a: Iron Hands|94/100|[from] Stealth Rock
|turn|18
|inactive|Battle timer is ON: inactive players will automatically lose when time's up. (requested by polgo)
|inactive|spicerduhhh has 120 seconds left.
|inactive|spicerduhhh has 90 seconds left.
|inactive|spicerduhhh has 60 seconds left.
|inactive|spicerduhhh has 30 seconds left.
|inactive|spicerduhhh has 20 seconds left.
|inactive|spicerduhhh has 15 seconds left.
|inactive|spicerduhhh has 10 seconds left.
|inactive|spicerduhhh has 5 seconds left.
|-message|spicerduhhh lost due to inactivity.
|
|win|polgo
|raw|polgo's rating: 1070 &rarr; <strong>1103</strong><br />(+33 for winning)
|raw|spicerduhhh's rating: 1110 &rarr; <strong>1082</strong><br />(-28 for losing)
|l|☆polgo
|player|p1|
