|html|<div class="broadcast-blue"><strong>[Gen 9] OU is currently suspecting Tera Blast! For information on how to participate check out the <a href="https://www.smogon.com/tools/suspects/view/200">suspect thread</a>.</strong></div>
|j|☆AndrewDev066
|j|☆aguadecoco20
|t:|1776303666
|gametype|singles
|player|p1|AndrewDev066|veteran|1010
|player|p2|aguadecoco20|ingo|1041
|gen|9
|tier|[Gen 9] OU
|rated|
|rule|HP Percentage Mod: HP is shown in percentages
|rule|Endless Battle Clause: Forcing endless battles is banned
|rule|Species Clause: Limit one of each Pokémon
|rule|OHKO Clause: OHKO moves are banned
|rule|Evasion Items Clause: Evasion items are banned
|rule|Evasion Moves Clause: Evasion moves are banned
|rule|Evasion Abilities Clause: Evasion abilities are banned
|rule|Sleep Moves Clause: Sleep-inducing moves are banned
|clearpoke
|poke|p1|Corviknight, M|
|poke|p1|Gallade, M|
|poke|p1|Houndoom, F|
|poke|p1|Swampert, F|
|poke|p1|Dragapult, F|
|poke|p1|Amoonguss, F|
|poke|p2|Ceruledge, M|
|poke|p2|Gliscor, F|
|poke|p2|Great Tusk|
|poke|p2|Corviknight, M|
|poke|p2|Pecharunt|
|poke|p2|Garchomp, M|
|teampreview
|
|t:|1776303679
|teamsize|p1|6
|teamsize|p2|6
|start
|switch|p1a: Eduardo|Corviknight, M|100/100
|switch|p2a: Pecharunt|Pecharunt|100/100
|turn|1
|
|t:|1776303691
|move|p2a: Pecharunt|Shadow Ball|p1a: Eduardo
|-damage|p1a: Eduardo|81/100
|move|p1a: Eduardo|Bulk Up|p1a: Eduardo
|-boost|p1a: Eduardo|atk|1
|-boost|p1a: Eduardo|def|1
|
|-heal|p1a: Eduardo|87/100|[from] item: Leftovers
|upkeep
|turn|2
|
|t:|1776303706
|switch|p2a: Ceruledge|Ceruledge, M, shiny|100/100
|move|p1a: Eduardo|Bulk Up|p1a: Eduardo
|-boost|p1a: Eduardo|atk|1
|-boost|p1a: Eduardo|def|1
|
|-heal|p1a: Eduardo|93/100|[from] item: Leftovers
|upkeep
|turn|3
|
|t:|1776303727
|-terastallize|p1a: Eduardo|Flying
|move|p2a: Ceruledge|Bitter Blade|p1a: Eduardo
|-damage|p1a: Eduardo|73/100
|move|p1a: Eduardo|Brave Bird|p2a: Ceruledge
|-damage|p2a: Ceruledge|0 fnt
|faint|p2a: Ceruledge
|-damage|p1a: Eduardo|49/100|[from] Recoil
|
|-heal|p1a: Eduardo|55/100|[from] item: Leftovers
|upkeep
|
|t:|1776303746
|switch|p2a: Corviknight|Corviknight, M|100/100
|turn|4
|
|t:|1776303756
|move|p1a: Eduardo|Body Press|p2a: Corviknight
|-damage|p2a: Corviknight|74/100
|-damage|p1a: Eduardo|39/100|[from] item: Rocky Helmet|[of] p2a: Corviknight
|move|p2a: Corviknight|Body Slam|p1a: Eduardo
|-damage|p1a: Eduardo|31/100
|
|-heal|p1a: Eduardo|37/100|[from] item: Leftovers
|upkeep
|turn|5
|
|t:|1776303767
|move|p1a: Eduardo|Roost|p1a: Eduardo
|-heal|p1a: Eduardo|87/100
|-hint|If a Terastallized Pokemon uses Roost, it remains Flying-type.
|move|p2a: Corviknight|Body Slam|p1a: Eduardo
|-damage|p1a: Eduardo|79/100
|
|-heal|p1a: Eduardo|85/100|[from] item: Leftovers
|upkeep
|turn|6
|
|t:|1776303777
|move|p1a: Eduardo|Bulk Up|p1a: Eduardo
|-boost|p1a: Eduardo|atk|1
|-boost|p1a: Eduardo|def|1
|move|p2a: Corviknight|Body Slam|p1a: Eduardo
|-damage|p1a: Eduardo|78/100
|
|-heal|p1a: Eduardo|84/100|[from] item: Leftovers
|upkeep
|turn|7
|
|t:|1776303786
|move|p1a: Eduardo|Bulk Up|p1a: Eduardo
|-boost|p1a: Eduardo|atk|1
|-boost|p1a: Eduardo|def|1
|move|p2a: Corviknight|Body Slam|p1a: Eduardo
|-damage|p1a: Eduardo|78/100
|
|-heal|p1a: Eduardo|84/100|[from] item: Leftovers
|upkeep
|turn|8
|
|t:|1776303795
|move|p1a: Eduardo|Body Press|p2a: Corviknight
|-damage|p2a: Corviknight|33/100
|-damage|p1a: Eduardo|68/100|[from] item: Rocky Helmet|[of] p2a: Corviknight
|move|p2a: Corviknight|Body Slam|p1a: Eduardo
|-damage|p1a: Eduardo|62/100
|
|-heal|p1a: Eduardo|68/100|[from] item: Leftovers
|upkeep
|turn|9
|
|t:|1776303805
|move|p1a: Eduardo|Body Press|p2a: Corviknight
|-damage|p2a: Corviknight|0 fnt
|-damage|p1a: Eduardo|51/100|[from] item: Rocky Helmet|[of] p2a: Corviknight
|faint|p2a: Corviknight
|
|-heal|p1a: Eduardo|57/100|[from] item: Leftovers
|upkeep
|
|t:|1776303814
|switch|p2a: Gliscor|Gliscor, F|100/100
|turn|10
|
|t:|1776303824
|move|p2a: Gliscor|Ice Fang|p1a: Eduardo
|-supereffective|p1a: Eduardo
|-damage|p1a: Eduardo|47/100
|move|p1a: Eduardo|Roost|p1a: Eduardo
|-heal|p1a: Eduardo|97/100
|-hint|If a Terastallized Pokemon uses Roost, it remains Flying-type.
|
|-heal|p1a: Eduardo|100/100|[from] item: Leftovers
|upkeep
|turn|11
|
|t:|1776303839
|move|p2a: Gliscor|Knock Off|p1a: Eduardo
|-damage|p1a: Eduardo|94/100
|-enditem|p1a: Eduardo|Leftovers|[from] move: Knock Off|[of] p2a: Gliscor
|move|p1a: Eduardo|Bulk Up|p1a: Eduardo
|-boost|p1a: Eduardo|atk|1
|-boost|p1a: Eduardo|def|1
|
|upkeep
|turn|12
|
|t:|1776303847
|move|p2a: Gliscor|Gunk Shot|p1a: Eduardo
|-damage|p1a: Eduardo|86/100
|move|p1a: Eduardo|Body Press|p2a: Gliscor
|-resisted|p2a: Gliscor
|-damage|p2a: Gliscor|70/100
|
|upkeep
|turn|13
|
|t:|1776303854
|move|p2a: Gliscor|Gunk Shot|p1a: Eduardo
|-damage|p1a: Eduardo|78/100
|move|p1a: Eduardo|Brave Bird|p2a: Gliscor
|-damage|p2a: Gliscor|0 fnt
|faint|p2a: Gliscor
|-damage|p1a: Eduardo|61/100|[from] Recoil
|
|upkeep
|
|t:|1776303863
|switch|p2a: Pecharunt|Pecharunt|100/100
|turn|14
|
|t:|1776303870
|move|p2a: Pecharunt|Toxic|p1a: Eduardo
|-status|p1a: Eduardo|tox
|-start|p1a: Eduardo|confusion|[from] ability: Poison Puppeteer|[of] p2a: Pecharunt
|-activate|p1a: Eduardo|confusion
|move|p1a: Eduardo|Bulk Up|p1a: Eduardo
|-boost|p1a: Eduardo|atk|1
|-boost|p1a: Eduardo|def|1
|
|-damage|p1a: Eduardo|55/100 tox|[from] psn
|upkeep
|turn|15
|
|t:|1776303886
|move|p2a: Pecharunt|Shadow Ball|p1a: Eduardo
|-crit|p1a: Eduardo
|-damage|p1a: Eduardo|22/100 tox
|-ability|p1a: Eduardo|Mirror Armor
|-unboost|p2a: Pecharunt|spd|1
|-activate|p1a: Eduardo|confusion
|move|p1a: Eduardo|Brave Bird|p2a: Pecharunt
|-damage|p2a: Pecharunt|0 fnt
|faint|p2a: Pecharunt
|-damage|p1a: Eduardo|0 fnt|[from] Recoil
|faint|p1a: Eduardo
|
|upkeep
|
|t:|1776303902
|switch|p2a: Garchomp|Garchomp, M|100/100
|switch|p1a: Gallardo|Gallade, M, shiny|100/100
|turn|16
|
|t:|1776303914
|move|p1a: Gallardo|Protect|p1a: Gallardo
|-singleturn|p1a: Gallardo|Protect
|move|p2a: Garchomp|Swords Dance|p2a: Garchomp
|-boost|p2a: Garchomp|atk|2
|
|upkeep
|turn|17
|
|t:|1776303923
|move|p2a: Garchomp|Earthquake|p1a: Gallardo
|-damage|p1a: Gallardo|0 fnt
|faint|p1a: Gallardo
|
|upkeep
|
|t:|1776303928
|switch|p1a: Soos|Amoonguss, F|100/100
|turn|18
|
|t:|1776303939
|move|p2a: Garchomp|Dragon Claw|p1a: Soos
|-damage|p1a: Soos|35/100
|-damage|p2a: Garchomp|84/100|[from] item: Rocky Helmet|[of] p1a: Soos
|move|p1a: Soos|Toxic|p2a: Garchomp
|-status|p2a: Garchomp|tox
|
|-damage|p2a: Garchomp|78/100 tox|[from] psn
|upkeep
|turn|19
|
|t:|1776303949
|move|p2a: Garchomp|Dragon Claw|p1a: Soos
|-damage|p1a: Soos|0 fnt
|-damage|p2a: Garchomp|61/100 tox|[from] item: Rocky Helmet|[of] p1a: Soos
|faint|p1a: Soos
|
|-damage|p2a: Garchomp|49/100 tox|[from] psn
|upkeep
|
|t:|1776303958
|switch|p1a: Paul|Dragapult, F|100/100
|turn|20
|
|t:|1776303961
|move|p1a: Paul|Draco Meteor|p2a: Garchomp
|-supereffective|p2a: Garchomp
|-damage|p2a: Garchomp|0 fnt
|-unboost|p1a: Paul|spa|2
|faint|p2a: Garchomp
|
|upkeep
|
|t:|1776303968
|switch|p2a: Great Tusk|Great Tusk|100/100
|-enditem|p2a: Great Tusk|Booster Energy
|-activate|p2a: Great Tusk|ability: Protosynthesis|[fromitem]
|-start|p2a: Great Tusk|protosynthesisatk
|turn|21
|
|t:|1776303975
|move|p1a: Paul|Draco Meteor|p2a: Great Tusk
|-damage|p2a: Great Tusk|62/100
|-unboost|p1a: Paul|spa|2
|move|p2a: Great Tusk|Ice Spinner|p1a: Paul
|-supereffective|p1a: Paul
|-damage|p1a: Paul|0 fnt
|faint|p1a: Paul
|
|upkeep
|
|t:|1776303984
|switch|p1a: Lupita|Swampert, F|100/100
|turn|22
|
|t:|1776304001
|move|p2a: Great Tusk|Headlong Rush|p1a: Lupita
|-damage|p1a: Lupita|45/100
|-unboost|p2a: Great Tusk|def|1
|-unboost|p2a: Great Tusk|spd|1
|move|p1a: Lupita|Waterfall|p2a: Great Tusk
|-supereffective|p2a: Great Tusk
|-damage|p2a: Great Tusk|0 fnt
|faint|p2a: Great Tusk
|-end|p2a: Great Tusk|Protosynthesis|[silent]
|
|win|AndrewDev066
|raw|AndrewDev066's rating: 1010 &rarr; <strong>1052</strong><br />(+42 for winning)
|raw|aguadecoco20's rating: 1041 &rarr; <strong>1023</strong><br />(-18 for losing)
|l|☆aguadecoco20
|player|p2|
