|html|<div class="broadcast-blue"><strong>[Gen 9] OU is currently suspecting Tera Blast! For information on how to participate check out the <a href="https://www.smogon.com/tools/suspects/view/200">suspect thread</a>.</strong></div>
|j|☆randombananayay
|j|☆dfsdhf
|t:|1776205231
|gametype|singles
|player|p1|randombananayay|101|1499
|player|p2|dfsdhf|266|1578
|gen|9
|tier|[Gen 9] OU
|rated|
|rule|HP Percentage Mod: HP is shown in percentages
|rule|Endless Battle Clause: Forcing endless battles is banned
|rule|Species Clause: Limit one of each Pokémon
|rule|OHKO Clause: OHKO moves are banned
|rule|Evasion Items Clause: Evasion items are banned
|rule|Evasion Moves Clause: Evasion moves are banned
|rule|Evasion Abilities Clause: Evasion abilities are banned
|rule|Sleep Moves Clause: Sleep-inducing moves are banned
|clearpoke
|poke|p1|Blissey, F|
|poke|p1|Gliscor, M|
|poke|p1|Mandibuzz, F|
|poke|p1|Sinistcha|
|poke|p1|Talonflame, M|
|poke|p1|Toxapex, F|
|poke|p2|Landorus-Therian, M|
|poke|p2|Raging Bolt|
|poke|p2|Iron Crown|
|poke|p2|Iron Valiant|
|poke|p2|Ogerpon-Wellspring, F|
|poke|p2|Deoxys-Speed|
|teampreview
|inactive|Battle timer is ON: inactive players will automatically lose when time's up. (requested by dfsdhf)
|
|t:|1776205260
|teamsize|p1|6
|teamsize|p2|6
|start
|switch|p1a: Gliscor|Gliscor, M|100/100
|switch|p2a: Ogerpon|Ogerpon-Wellspring, F|100/100
|turn|1
|
|t:|1776205269
|switch|p1a: Sinistcha|Sinistcha|100/100
|move|p2a: Ogerpon|Swords Dance|p2a: Ogerpon
|-boost|p2a: Ogerpon|atk|2
|
|upkeep
|turn|2
|
|t:|1776205275
|move|p2a: Ogerpon|Play Rough|p1a: Sinistcha|[miss]
|-miss|p2a: Ogerpon|p1a: Sinistcha
|move|p1a: Sinistcha|Strength Sap|p2a: Ogerpon
|-unboost|p2a: Ogerpon|atk|1
|
|upkeep
|turn|3
|
|t:|1776205283
|move|p2a: Ogerpon|Encore|p1a: Sinistcha
|-start|p1a: Sinistcha|Encore
|move|p1a: Sinistcha|Strength Sap|p2a: Ogerpon
|-unboost|p2a: Ogerpon|atk|1
|
|upkeep
|turn|4
|
|t:|1776205288
|switch|p1a: Toxapex|Toxapex, F|100/100
|move|p2a: Ogerpon|Swords Dance|p2a: Ogerpon
|-boost|p2a: Ogerpon|atk|2
|
|upkeep
|turn|5
|
|t:|1776205297
|switch|p2a: Iron Crown|Iron Crown|100/100
|-enditem|p2a: Iron Crown|Booster Energy
|-activate|p2a: Iron Crown|ability: Quark Drive|[fromitem]
|-start|p2a: Iron Crown|quarkdrivespe
|move|p1a: Toxapex|Haze|p1a: Toxapex
|-clearallboost
|
|upkeep
|turn|6
|
|t:|1776205305
|switch|p1a: Blissey|Blissey, F|100/100
|move|p2a: Iron Crown|Calm Mind|p2a: Iron Crown
|-boost|p2a: Iron Crown|spa|1
|-boost|p2a: Iron Crown|spd|1
|
|upkeep
|turn|7
|
|t:|1776205310
|move|p2a: Iron Crown|Calm Mind|p2a: Iron Crown
|-boost|p2a: Iron Crown|spa|1
|-boost|p2a: Iron Crown|spd|1
|move|p1a: Blissey|Calm Mind|p1a: Blissey
|-boost|p1a: Blissey|spa|1
|-boost|p1a: Blissey|spd|1
|
|upkeep
|turn|8
|
|t:|1776205315
|move|p2a: Iron Crown|Focus Blast|p1a: Blissey
|-supereffective|p1a: Blissey
|-damage|p1a: Blissey|68/100
|move|p1a: Blissey|Calm Mind|p1a: Blissey
|-boost|p1a: Blissey|spa|1
|-boost|p1a: Blissey|spd|1
|
|upkeep
|turn|9
|
|t:|1776205321
|-end|p2a: Iron Crown|Quark Drive|[silent]
|switch|p2a: Landorus|Landorus-Therian, M|100/100
|-ability|p2a: Landorus|Intimidate|boost
|-unboost|p1a: Blissey|atk|1
|move|p1a: Blissey|Shadow Ball|p2a: Landorus
|-damage|p2a: Landorus|71/100
|
|upkeep
|turn|10
|
|t:|1776205328
|switch|p1a: Gliscor|Gliscor, M|100/100
|move|p2a: Landorus|Stealth Rock|p1a: Gliscor
|-sidestart|p1: randombananayay|move: Stealth Rock
|
|-status|p1a: Gliscor|tox|[from] item: Toxic Orb
|upkeep
|turn|11
|
|t:|1776205334
|move|p2a: Landorus|Taunt|p1a: Gliscor
|-start|p1a: Gliscor|move: Taunt
|move|p1a: Gliscor|Knock Off|p2a: Landorus
|-damage|p2a: Landorus|50/100
|-damage|p1a: Gliscor|84/100 tox|[from] item: Rocky Helmet|[of] p2a: Landorus
|-enditem|p2a: Landorus|Rocky Helmet|[from] move: Knock Off|[of] p1a: Gliscor
|
|-heal|p1a: Gliscor|97/100 tox|[from] ability: Poison Heal
|upkeep
|turn|12
|
|t:|1776205338
|switch|p2a: Ogerpon|Ogerpon-Wellspring, F|100/100
|move|p1a: Gliscor|Knock Off|p2a: Ogerpon
|-crit|p2a: Ogerpon
|-damage|p2a: Ogerpon|71/100
|
|-heal|p1a: Gliscor|100/100 tox|[from] ability: Poison Heal
|upkeep
|turn|13
|
|t:|1776205346
|switch|p2a: Deoxys|Deoxys-Speed|100/100
|-ability|p2a: Deoxys|Pressure
|switch|p1a: Sinistcha|Sinistcha|100/100
|
|upkeep
|turn|14
|
|t:|1776205358
|switch|p1a: Mandibuzz|Mandibuzz, F|100/100
|move|p2a: Deoxys|Nasty Plot|p2a: Deoxys
|-boost|p2a: Deoxys|spa|2
|
|upkeep
|turn|15
|
|t:|1776205366
|move|p2a: Deoxys|Focus Blast|p1a: Mandibuzz
|-damage|p1a: Mandibuzz|19/100
|-damage|p2a: Deoxys|91/100|[from] item: Life Orb
|move|p1a: Mandibuzz|Foul Play|p2a: Deoxys
|-supereffective|p2a: Deoxys
|-damage|p2a: Deoxys|13/100
|
|upkeep
|turn|16
|
|t:|1776205372
|move|p2a: Deoxys|Shadow Ball|p1a: Mandibuzz
|-resisted|p1a: Mandibuzz
|-damage|p1a: Mandibuzz|0 fnt
|faint|p1a: Mandibuzz
|-damage|p2a: Deoxys|3/100|[from] item: Life Orb
|
|upkeep
|
|t:|1776205377
|switch|p1a: Blissey|Blissey, F|68/100
|turn|17
|
|t:|1776205380
|move|p2a: Deoxys|Nasty Plot|p2a: Deoxys
|-boost|p2a: Deoxys|spa|2
|move|p1a: Blissey|Soft-Boiled|p1a: Blissey
|-heal|p1a: Blissey|100/100
|
|upkeep
|turn|18
|
|t:|1776205386
|move|p2a: Deoxys|Psycho Boost|p1a: Blissey
|-damage|p1a: Blissey|27/100
|-unboost|p2a: Deoxys|spa|2
|-damage|p2a: Deoxys|0 fnt|[from] item: Life Orb
|faint|p2a: Deoxys
|move|p1a: Blissey|Calm Mind|p1a: Blissey
|-boost|p1a: Blissey|spa|1
|-boost|p1a: Blissey|spd|1
|
|upkeep
|
|t:|1776205389
|switch|p2a: Ogerpon|Ogerpon-Wellspring, F|71/100
|turn|19
|
|t:|1776205408
|switch|p1a: Sinistcha|Sinistcha|100/100
|move|p2a: Ogerpon|Ivy Cudgel|p1a: Sinistcha|[anim] Ivy Cudgel Water
|-resisted|p1a: Sinistcha
|-damage|p1a: Sinistcha|80/100
|
|upkeep
|turn|20
|
|t:|1776205418
|switch|p2a: Raging Bolt|Raging Bolt|100/100
|-enditem|p2a: Raging Bolt|Booster Energy
|-activate|p2a: Raging Bolt|ability: Protosynthesis|[fromitem]
|-start|p2a: Raging Bolt|protosynthesisspa
|move|p1a: Sinistcha|Matcha Gotcha|p2a: Raging Bolt|[miss]
|-miss|p1a: Sinistcha|p2a: Raging Bolt
|
|upkeep
|turn|21
|
|t:|1776205426
|switch|p1a: Gliscor|Gliscor, M|100/100 tox
|-damage|p1a: Gliscor|88/100 tox|[from] Stealth Rock
|move|p2a: Raging Bolt|Dragon Pulse|p1a: Gliscor
|-damage|p1a: Gliscor|22/100 tox
|
|-heal|p1a: Gliscor|35/100 tox|[from] ability: Poison Heal
|upkeep
|turn|22
|
|t:|1776205430
|move|p1a: Gliscor|Protect|p1a: Gliscor
|-singleturn|p1a: Gliscor|Protect
|move|p2a: Raging Bolt|Dragon Pulse|p1a: Gliscor
|-activate|p1a: Gliscor|move: Protect
|
|-heal|p1a: Gliscor|47/100 tox|[from] ability: Poison Heal
|upkeep
|turn|23
|
|t:|1776205436
|switch|p1a: Toxapex|Toxapex, F|100/100
|move|p2a: Raging Bolt|Dragon Pulse|p1a: Toxapex
|-damage|p1a: Toxapex|62/100
|
|upkeep
|turn|24
|
|t:|1776205441
|move|p2a: Raging Bolt|Discharge|p1a: Toxapex
|-supereffective|p1a: Toxapex
|-damage|p1a: Toxapex|0 fnt
|faint|p1a: Toxapex
|
|upkeep
|
|t:|1776205444
|switch|p1a: Blissey|Blissey, F|27/100
|turn|25
|
|t:|1776205449
|move|p2a: Raging Bolt|Dragon Pulse|p1a: Blissey
|-damage|p1a: Blissey|5/100
|move|p1a: Blissey|Soft-Boiled|p1a: Blissey
|-heal|p1a: Blissey|55/100
|
|upkeep
|turn|26
|
|t:|1776205452
|move|p2a: Raging Bolt|Taunt|p1a: Blissey
|-start|p1a: Blissey|move: Taunt
|cant|p1a: Blissey|move: Taunt|Soft-Boiled
|
|upkeep
|turn|27
|-message|randombananayay forfeited.
|
|win|dfsdhf
|raw|randombananayay's rating: 1499 &rarr; <strong>1483</strong><br />(-16 for losing)
|raw|dfsdhf's rating: 1578 &rarr; <strong>1594</strong><br />(+16 for winning)
|l|☆randombananayay
|player|p1|
