|html|<div class="broadcast-blue"><strong>[Gen 9] OU is currently suspecting Tera Blast! For information on how to participate check out the <a href="https://www.smogon.com/tools/suspects/view/200">suspect thread</a>.</strong></div>
|j|☆greedman456
|j|‽Mossad Honeypot
|t:|1776096853
|gametype|singles
|player|p1|greedman456|brock|1605
|player|p2|Mossad Honeypot|fantina|1578
|gen|9
|tier|[Gen 9] OU
|rated|
|rule|HP Percentage Mod: HP is shown in percentages
|rule|Endless Battle Clause: Forcing endless battles is banned
|rule|Species Clause: Limit one of each Pokémon
|rule|OHKO Clause: OHKO moves are banned
|rule|Evasion Items Clause: Evasion items are banned
|rule|Evasion Moves Clause: Evasion moves are banned
|rule|Evasion Abilities Clause: Evasion abilities are banned
|rule|Sleep Moves Clause: Sleep-inducing moves are banned
|clearpoke
|poke|p1|Great Tusk|
|poke|p1|Gholdengo|
|poke|p1|Ninetales-Alola, F|
|poke|p1|Kyurem|
|poke|p1|Scizor, F|
|poke|p1|Cloyster, M|
|poke|p2|Gholdengo|
|poke|p2|Glimmora, F|
|poke|p2|Deoxys-Speed|
|poke|p2|Kingambit, M|
|poke|p2|Alomomola, F|
|poke|p2|Great Tusk|
|teampreview
|inactive|Battle timer is ON: inactive players will automatically lose when time's up. (requested by Mossad Honeypot)
|
|t:|1776096860
|teamsize|p1|6
|teamsize|p2|6
|start
|switch|p1a: Ninetales|Ninetales-Alola, F|100/100
|switch|p2a: Deoxys|Deoxys-Speed|100/100
|-ability|p2a: Deoxys|Pressure
|-weather|Snowscape|[from] ability: Snow Warning|[of] p1a: Ninetales
|turn|1
|
|t:|1776096864
|move|p2a: Deoxys|Psycho Boost|p1a: Ninetales
|-damage|p1a: Ninetales|39/100
|-unboost|p2a: Deoxys|spa|2
|move|p1a: Ninetales|Aurora Veil|p1a: Ninetales
|-sidestart|p1: greedman456|move: Aurora Veil
|
|-weather|Snowscape|[upkeep]
|upkeep
|turn|2
|
|t:|1776096871
|switch|p1a: Cloyster|Cloyster, M|100/100
|move|p2a: Deoxys|Stealth Rock|p1a: Cloyster
|-sidestart|p1: greedman456|move: Stealth Rock
|
|-weather|Snowscape|[upkeep]
|upkeep
|turn|3
|
|t:|1776096877
|move|p2a: Deoxys|Knock Off|p1a: Cloyster
|-damage|p1a: Cloyster|95/100
|-enditem|p1a: Cloyster|Never-Melt Ice|[from] move: Knock Off|[of] p2a: Deoxys
|move|p1a: Cloyster|Shell Smash|p1a: Cloyster
|-unboost|p1a: Cloyster|def|1
|-unboost|p1a: Cloyster|spd|1
|-boost|p1a: Cloyster|atk|2
|-boost|p1a: Cloyster|spa|2
|-boost|p1a: Cloyster|spe|2
|
|-weather|Snowscape|[upkeep]
|upkeep
|turn|4
|
|t:|1776096888
|switch|p2a: Glimmora|Glimmora, F|100/100
|move|p1a: Cloyster|Shell Smash|p1a: Cloyster
|-unboost|p1a: Cloyster|def|1
|-unboost|p1a: Cloyster|spd|1
|-boost|p1a: Cloyster|atk|2
|-boost|p1a: Cloyster|spa|2
|-boost|p1a: Cloyster|spe|2
|
|-weather|Snowscape|[upkeep]
|upkeep
|turn|5
|
|t:|1776096895
|move|p1a: Cloyster|Icicle Spear|p2a: Glimmora
|-damage|p2a: Glimmora|56/100
|-activate|p2a: Glimmora|ability: Toxic Debris
|-sidestart|p1: greedman456|move: Toxic Spikes
|-damage|p2a: Glimmora|11/100
|-activate|p2a: Glimmora|ability: Toxic Debris
|-sidestart|p1: greedman456|move: Toxic Spikes
|-damage|p2a: Glimmora|0 fnt
|faint|p2a: Glimmora
|-hitcount|p2: Glimmora|3
|
|-weather|Snowscape|[upkeep]
|-sideend|p1: greedman456|move: Aurora Veil
|upkeep
|
|t:|1776096906
|switch|p2a: Alomomola|Alomomola, F|100/100
|turn|6
|
|t:|1776096910
|move|p1a: Cloyster|Icicle Spear|p2a: Alomomola
|-resisted|p2a: Alomomola
|-damage|p2a: Alomomola|92/100
|-resisted|p2a: Alomomola
|-damage|p2a: Alomomola|83/100
|-resisted|p2a: Alomomola
|-damage|p2a: Alomomola|74/100
|-resisted|p2a: Alomomola
|-damage|p2a: Alomomola|65/100
|-resisted|p2a: Alomomola
|-damage|p2a: Alomomola|56/100
|-hitcount|p2a: Alomomola|5
|move|p2a: Alomomola|Scald|p1a: Cloyster
|-resisted|p1a: Cloyster
|-damage|p1a: Cloyster|53/100
|-status|p1a: Cloyster|brn
|
|-weather|Snowscape|[upkeep]
|-damage|p1a: Cloyster|47/100 brn|[from] brn
|upkeep
|turn|7
|
|t:|1776096927
|move|p1a: Cloyster|Icicle Spear|p2a: Alomomola
|-resisted|p2a: Alomomola
|-damage|p2a: Alomomola|51/100
|-resisted|p2a: Alomomola
|-damage|p2a: Alomomola|46/100
|-resisted|p2a: Alomomola
|-damage|p2a: Alomomola|42/100
|-resisted|p2a: Alomomola
|-damage|p2a: Alomomola|37/100
|-resisted|p2a: Alomomola
|-damage|p2a: Alomomola|33/100
|-hitcount|p2a: Alomomola|5
|move|p2a: Alomomola|Wish|p2a: Alomomola
|
|-weather|Snowscape|[upkeep]
|-damage|p1a: Cloyster|40/100 brn|[from] brn
|upkeep
|turn|8
|
|t:|1776096942
|switch|p1a: Scizor|Scizor, F|100/100
|-damage|p1a: Scizor|88/100|[from] Stealth Rock
|move|p2a: Alomomola|Scald|p1a: Scizor
|-damage|p1a: Scizor|71/100
|
|-weather|none
|-heal|p2a: Alomomola|83/100|[from] move: Wish|[wisher] Alomomola
|upkeep
|turn|9
|
|t:|1776096950
|move|p2a: Alomomola|Scald|p1a: Scizor
|-damage|p1a: Scizor|55/100
|-status|p1a: Scizor|brn
|move|p1a: Scizor|Defog|p2a: Alomomola
|-unboost|p2a: Alomomola|evasion|1
|-sideend|p1: greedman456|Toxic Spikes|[from] move: Defog|[of] p1a: Scizor
|-sideend|p1: greedman456|Stealth Rock|[from] move: Defog|[of] p1a: Scizor
|
|-damage|p1a: Scizor|49/100 brn|[from] brn
|upkeep
|turn|10
|
|t:|1776096965
|switch|p1a: Ninetales|Ninetales-Alola, F|39/100
|-weather|Snowscape|[from] ability: Snow Warning|[of] p1a: Ninetales
|move|p2a: Alomomola|Wish|p2a: Alomomola
|
|-weather|Snowscape|[upkeep]
|upkeep
|turn|11
|
|t:|1776096971
|move|p1a: Ninetales|Aurora Veil|p1a: Ninetales
|-sidestart|p1: greedman456|move: Aurora Veil
|move|p2a: Alomomola|Flip Turn|p1a: Ninetales
|-damage|p1a: Ninetales|33/100
|
|t:|1776096976
|switch|p2a: Deoxys|Deoxys-Speed|100/100|[from] Flip Turn
|-ability|p2a: Deoxys|Pressure
|
|-weather|Snowscape|[upkeep]
|upkeep
|turn|12
|
|t:|1776096987
|switch|p1a: Cloyster|Cloyster, M|40/100 brn
|move|p2a: Deoxys|Stealth Rock|p1a: Cloyster
|-sidestart|p1: greedman456|move: Stealth Rock
|
|-weather|Snowscape|[upkeep]
|-damage|p1a: Cloyster|34/100 brn|[from] brn
|upkeep
|turn|13
|
|t:|1776096995
|move|p2a: Deoxys|Spikes|p1a: Cloyster
|-sidestart|p1: greedman456|Spikes
|move|p1a: Cloyster|Shell Smash|p1a: Cloyster
|-unboost|p1a: Cloyster|def|1
|-unboost|p1a: Cloyster|spd|1
|-boost|p1a: Cloyster|atk|2
|-boost|p1a: Cloyster|spa|2
|-boost|p1a: Cloyster|spe|2
|
|-weather|Snowscape|[upkeep]
|-damage|p1a: Cloyster|28/100 brn|[from] brn
|upkeep
|turn|14
|
|t:|1776096999
|switch|p2a: Alomomola|Alomomola, F|100/100
|move|p1a: Cloyster|Surf|p2a: Alomomola
|-resisted|p2a: Alomomola
|-damage|p2a: Alomomola|68/100
|
|-weather|Snowscape|[upkeep]
|-damage|p1a: Cloyster|22/100 brn|[from] brn
|upkeep
|turn|15
|
|t:|1776097007
|move|p1a: Cloyster|Surf|p2a: Alomomola
|-resisted|p2a: Alomomola
|-damage|p2a: Alomomola|39/100
|move|p2a: Alomomola|Mirror Coat|p1a: Cloyster
|-damage|p1a: Cloyster|0 fnt
|faint|p1a: Cloyster
|
|-weather|Snowscape|[upkeep]
|-sideend|p1: greedman456|move: Aurora Veil
|upkeep
|
|t:|1776097017
|switch|p1a: Great Tusk|Great Tusk|100/100
|-damage|p1a: Great Tusk|98/100|[from] Stealth Rock
|-damage|p1a: Great Tusk|85/100|[from] Spikes
|-enditem|p1a: Great Tusk|Booster Energy
|-activate|p1a: Great Tusk|ability: Protosynthesis|[fromitem]
|-start|p1a: Great Tusk|protosynthesisspe
|turn|16
|
|t:|1776097019
|switch|p2a: Gholdengo|Gholdengo|100/100
|-item|p2a: Gholdengo|Air Balloon
|move|p1a: Great Tusk|Rapid Spin|p2a: Gholdengo
|-immune|p2a: Gholdengo
|
|-weather|Snowscape|[upkeep]
|upkeep
|turn|17
|
|t:|1776097024
|-terastallize|p1a: Great Tusk|Steel
|move|p1a: Great Tusk|Ice Spinner|p2a: Gholdengo
|-resisted|p2a: Gholdengo
|-crit|p2a: Gholdengo
|-damage|p2a: Gholdengo|84/100
|-enditem|p2a: Gholdengo|Air Balloon
|move|p2a: Gholdengo|Dazzling Gleam|p1a: Great Tusk
|-resisted|p1a: Great Tusk
|-damage|p1a: Great Tusk|64/100
|
|-weather|none
|upkeep
|turn|18
|
|t:|1776097033
|switch|p2a: Alomomola|Alomomola, F|73/100
|move|p1a: Great Tusk|Headlong Rush|p2a: Alomomola
|-damage|p2a: Alomomola|45/100
|-unboost|p1a: Great Tusk|def|1
|-unboost|p1a: Great Tusk|spd|1
|
|upkeep
|turn|19
|
|t:|1776097044
|-end|p1a: Great Tusk|Protosynthesis|[silent]
|switch|p1a: Ninetales|Ninetales-Alola, F|33/100
|-damage|p1a: Ninetales|8/100|[from] Stealth Rock
|-damage|p1a: Ninetales|0 fnt|[from] Spikes
|faint|p1a: Ninetales
|move|p2a: Alomomola|Flip Turn|p1: Ninetales|[notarget]
|-fail|p2a: Alomomola
|
|upkeep
|
|t:|1776097050
|switch|p1a: Scizor|Scizor, F|49/100 brn
|-damage|p1a: Scizor|36/100 brn|[from] Stealth Rock
|-damage|p1a: Scizor|24/100 brn|[from] Spikes
|turn|20
|
|t:|1776097056
|move|p2a: Alomomola|Flip Turn|p1a: Scizor
|-damage|p1a: Scizor|10/100 brn
|
|t:|1776097059
|switch|p2a: Great Tusk|Great Tusk|100/100|[from] Flip Turn
|move|p1a: Scizor|Defog|p2a: Great Tusk
|-unboost|p2a: Great Tusk|evasion|1
|-sideend|p1: greedman456|Spikes|[from] move: Defog|[of] p1a: Scizor
|-sideend|p1: greedman456|Stealth Rock|[from] move: Defog|[of] p1a: Scizor
|
|-damage|p1a: Scizor|4/100 brn|[from] brn
|upkeep
|turn|21
|
|t:|1776097063
|move|p2a: Great Tusk|Rapid Spin|p1a: Scizor
|-resisted|p1a: Scizor
|-damage|p1a: Scizor|0 fnt
|-boost|p2a: Great Tusk|spe|1
|faint|p1a: Scizor
|
|upkeep
|
|t:|1776097070
|switch|p1a: Great Tusk|Great Tusk, tera:Steel|64/100
|turn|22
|
|t:|1776097073
|move|p2a: Great Tusk|Headlong Rush|p1a: Great Tusk
|-supereffective|p1a: Great Tusk
|-damage|p1a: Great Tusk|0 fnt
|-unboost|p2a: Great Tusk|def|1
|-unboost|p2a: Great Tusk|spd|1
|faint|p1a: Great Tusk
|-end|p1a: Great Tusk|Protosynthesis|[silent]
|
|upkeep
|
|t:|1776097077
|switch|p1a: Kyurem|Kyurem|100/100
|-ability|p1a: Kyurem|Pressure
|turn|23
|
|t:|1776097081
|move|p2a: Great Tusk|Close Combat|p1a: Kyurem
|-supereffective|p1a: Kyurem
|-damage|p1a: Kyurem|8/100
|-unboost|p2a: Great Tusk|def|1
|-unboost|p2a: Great Tusk|spd|1
|move|p1a: Kyurem|Blizzard|p2a: Great Tusk|[miss]
|-miss|p1a: Kyurem|p2a: Great Tusk
|
|upkeep
|turn|24
|-message|greedman456 forfeited.
|
|win|Mossad Honeypot
|raw|greedman456's rating: 1605 &rarr; <strong>1583</strong><br />(-22 for losing)
|raw|Mossad Honeypot's rating: 1578 &rarr; <strong>1600</strong><br />(+22 for winning)
|l|☆greedman456
|player|p1|
|l|‽Mossad Honeypot
|player|p2|
