|html|<div class="broadcast-blue"><strong>[Gen 9] OU is currently suspecting Volcarona! For information on how to participate check out the <a href="https://www.smogon.com/tools/suspects/view/208">suspect thread</a>.</strong></div>
|j|☆jkreyes1
|j|☆Golddragonzord6
|t:|1778509426
|gametype|singles
|player|p1|jkreyes1|volkner|1473
|player|p2|Golddragonzord6|byron|1514
|gen|9
|tier|[Gen 9] OU
|rated|
|rule|HP Percentage Mod: HP is shown in percentages
|rule|Endless Battle Clause: Forcing endless battles is banned
|rule|Species Clause: Limit one of each Pokémon
|rule|OHKO Clause: OHKO moves are banned
|rule|Evasion Items Clause: Evasion items are banned
|rule|Evasion Moves Clause: Evasion moves are banned
|rule|Evasion Abilities Clause: Evasion abilities are banned
|rule|Sleep Moves Clause: Sleep-inducing moves are banned
|clearpoke
|poke|p1|Gastrodon-East, M|
|poke|p1|Hippowdon, F|
|poke|p1|Landorus-Therian, M|
|poke|p1|Tyranitar, M|
|poke|p1|Zapdos|
|poke|p1|Excadrill, M|
|poke|p2|Pelipper, M|
|poke|p2|Kingdra, M|
|poke|p2|Iron Treads|
|poke|p2|Raging Bolt|
|poke|p2|Barraskewda, M|
|poke|p2|Kyurem|
|teampreview
|inactive|Battle timer is ON: inactive players will automatically lose when time's up. (requested by jkreyes1)
|
|t:|1778509441
|teamsize|p1|6
|teamsize|p2|6
|start
|switch|p1a: Landorus|Landorus-Therian, M, shiny|100/100
|switch|p2a: Barraskewda|Barraskewda, M, shiny|100/100
|-ability|p1a: Landorus|Intimidate|boost
|-unboost|p2a: Barraskewda|atk|1
|turn|1
|
|t:|1778509451
|move|p1a: Landorus|U-turn|p2a: Barraskewda
|-crit|p2a: Barraskewda
|-damage|p2a: Barraskewda|16/100
|
|t:|1778509453
|switch|p1a: Gastrodon|Gastrodon-East, M, shiny|100/100|[from] U-turn
|move|p2a: Barraskewda|Flip Turn|p1a: Gastrodon
|-ability|p1a: Gastrodon|Storm Drain|boost
|-boost|p1a: Gastrodon|spa|1
|
|upkeep
|turn|2
|
|t:|1778509471
|switch|p2a: Pelipper|Pelipper, M, shiny|100/100
|-weather|RainDance|[from] ability: Drizzle|[of] p2a: Pelipper
|move|p1a: Gastrodon|Spikes|p2a: Pelipper
|-sidestart|p2: Golddragonzord6|Spikes
|
|-weather|RainDance|[upkeep]
|upkeep
|turn|3
|
|t:|1778509480
|move|p2a: Pelipper|U-turn|p1a: Gastrodon
|-damage|p1a: Gastrodon|93/100
|
|t:|1778509483
|switch|p2a: Iron Treads|Iron Treads|100/100|[from] U-turn
|-damage|p2a: Iron Treads|88/100|[from] Spikes
|-enditem|p2a: Iron Treads|Booster Energy
|-activate|p2a: Iron Treads|ability: Quark Drive|[fromitem]
|-start|p2a: Iron Treads|quarkdrivespe
|move|p1a: Gastrodon|Spikes|p2a: Iron Treads
|-sidestart|p2: Golddragonzord6|Spikes
|
|-weather|RainDance|[upkeep]
|-heal|p1a: Gastrodon|99/100|[from] item: Leftovers
|upkeep
|turn|4
|
|t:|1778509495
|move|p2a: Iron Treads|Stealth Rock|p1a: Gastrodon
|-sidestart|p1: jkreyes1|move: Stealth Rock
|move|p1a: Gastrodon|Earth Power|p2a: Iron Treads
|-supereffective|p2a: Iron Treads
|-damage|p2a: Iron Treads|0 fnt
|faint|p2a: Iron Treads
|-end|p2a: Iron Treads|Quark Drive|[silent]
|
|-weather|RainDance|[upkeep]
|-heal|p1a: Gastrodon|100/100|[from] item: Leftovers
|upkeep
|
|t:|1778509505
|switch|p2a: Kyurem|Kyurem, shiny|100/100
|-damage|p2a: Kyurem|84/100|[from] Spikes
|-ability|p2a: Kyurem|Pressure
|turn|5
|
|t:|1778509511
|switch|p1a: Tyranitar|Tyranitar, M, shiny|100/100
|-damage|p1a: Tyranitar|88/100|[from] Stealth Rock
|-weather|Sandstorm|[from] ability: Sand Stream|[of] p1a: Tyranitar
|-terastallize|p2a: Kyurem|Ice
|move|p2a: Kyurem|Freeze-Dry|p1a: Tyranitar
|-damage|p1a: Tyranitar|59/100
|
|-weather|Sandstorm|[upkeep]
|-damage|p2a: Kyurem|78/100|[from] Sandstorm
|upkeep
|turn|6
|
|t:|1778509524
|move|p2a: Kyurem|Freeze-Dry|p1a: Tyranitar
|-damage|p1a: Tyranitar|31/100
|move|p1a: Tyranitar|Knock Off|p2a: Kyurem
|-damage|p2a: Kyurem|37/100
|-enditem|p2a: Kyurem|Choice Scarf|[from] move: Knock Off|[of] p1a: Tyranitar
|
|-weather|Sandstorm|[upkeep]
|-damage|p2a: Kyurem|31/100|[from] Sandstorm
|upkeep
|turn|7
|
|t:|1778509535
|move|p2a: Kyurem|Focus Blast|p1a: Tyranitar
|-supereffective|p1a: Tyranitar
|-damage|p1a: Tyranitar|0 fnt
|faint|p1a: Tyranitar
|
|-weather|Sandstorm|[upkeep]
|-damage|p2a: Kyurem|25/100|[from] Sandstorm
|upkeep
|
|t:|1778509540
|switch|p1a: Excadrill|Excadrill, M, shiny|100/100
|-damage|p1a: Excadrill|97/100|[from] Stealth Rock
|turn|8
|
|t:|1778509554
|move|p1a: Excadrill|Rapid Spin|p2a: Kyurem
|-damage|p2a: Kyurem|0 fnt
|-boost|p1a: Excadrill|spe|1
|-sideend|p1: jkreyes1|Stealth Rock|[from] move: Rapid Spin|[of] p1a: Excadrill
|faint|p2a: Kyurem
|-damage|p1a: Excadrill|87/100|[from] item: Life Orb
|
|-weather|Sandstorm|[upkeep]
|upkeep
|
|t:|1778509563
|switch|p2a: Pelipper|Pelipper, M, shiny|100/100
|-weather|RainDance|[from] ability: Drizzle|[of] p2a: Pelipper
|turn|9
|inactive|jkreyes1 has 120 seconds left.
|
|t:|1778509597
|switch|p1a: Zapdos|Zapdos, shiny|100/100
|switch|p2a: Barraskewda|Barraskewda, M, shiny|16/100
|-damage|p2a: Barraskewda|0 fnt|[from] Spikes
|faint|p2a: Barraskewda
|
|-weather|RainDance|[upkeep]
|upkeep
|
|t:|1778509611
|switch|p2a: Kingdra|Kingdra, M, shiny|100/100
|-damage|p2a: Kingdra|84/100|[from] Spikes
|turn|10
|
|t:|1778509624
|move|p2a: Kingdra|Draco Meteor|p1a: Zapdos|[miss]
|-miss|p2a: Kingdra|p1a: Zapdos
|move|p1a: Zapdos|Volt Switch|p2a: Kingdra
|-damage|p2a: Kingdra|36/100
|
|t:|1778509631
|switch|p1a: Gastrodon|Gastrodon-East, M, shiny|100/100|[from] Volt Switch
|
|-weather|RainDance|[upkeep]
|upkeep
|turn|11
|inactive|jkreyes1 has 120 seconds left.
|
|t:|1778509652
|move|p2a: Kingdra|Draco Meteor|p1a: Gastrodon
|-damage|p1a: Gastrodon|30/100
|-unboost|p2a: Kingdra|spa|2
|move|p1a: Gastrodon|Recover|p1a: Gastrodon
|-heal|p1a: Gastrodon|80/100
|
|-weather|RainDance|[upkeep]
|-heal|p1a: Gastrodon|86/100|[from] item: Leftovers
|upkeep
|turn|12
|-message|Golddragonzord6 forfeited.
|
|win|jkreyes1
|raw|jkreyes1's rating: 1473 &rarr; <strong>1495</strong><br />(+22 for winning)
|raw|Golddragonzord6's rating: 1514 &rarr; <strong>1492</strong><br />(-22 for losing)
|l|☆Golddragonzord6
|player|p2|
|l|☆jkreyes1
|player|p1|
