|html|<div class="broadcast-blue"><strong>[Gen 9] OU is currently suspecting Tera Blast! For information on how to participate check out the <a href="https://www.smogon.com/tools/suspects/view/200">suspect thread</a>.</strong></div>
|j|☆Metroshock
|j|☆TeraBlastGardevoir
|t:|1776094336
|gametype|singles
|player|p1|Metroshock|miku-fire|1476
|player|p2|TeraBlastGardevoir|giovanni|1418
|gen|9
|tier|[Gen 9] OU
|rated|
|rule|HP Percentage Mod: HP is shown in percentages
|rule|Endless Battle Clause: Forcing endless battles is banned
|rule|Species Clause: Limit one of each Pokémon
|rule|OHKO Clause: OHKO moves are banned
|rule|Evasion Items Clause: Evasion items are banned
|rule|Evasion Moves Clause: Evasion moves are banned
|rule|Evasion Abilities Clause: Evasion abilities are banned
|rule|Sleep Moves Clause: Sleep-inducing moves are banned
|clearpoke
|poke|p1|Grimmsnarl, M|
|poke|p1|Kyurem|
|poke|p1|Hawlucha, M|
|poke|p1|Rillaboom, F|
|poke|p1|Gholdengo|
|poke|p1|Heatran, M|
|poke|p2|Gardevoir, F|
|poke|p2|Rillaboom, F|
|poke|p2|Hawlucha, F|
|poke|p2|Iron Moth|
|poke|p2|Landorus-Therian, M|
|poke|p2|Kingambit, F|
|teampreview
|inactive|Battle timer is ON: inactive players will automatically lose when time's up. (requested by Metroshock)
|
|t:|1776094355
|teamsize|p1|6
|teamsize|p2|6
|start
|switch|p1a: Screener|Grimmsnarl, M|100/100
|switch|p2a: Rillaboom|Rillaboom, F|100/100
|-fieldstart|move: Grassy Terrain|[from] ability: Grassy Surge|[of] p2a: Rillaboom
|turn|1
|
|t:|1776094357
|move|p1a: Screener|Reflect|p1a: Screener
|-sidestart|p1: Metroshock|Reflect
|move|p2a: Rillaboom|Knock Off|p1a: Screener
|-resisted|p1a: Screener
|-damage|p1a: Screener|97/100
|-enditem|p1a: Screener|Light Clay|[from] move: Knock Off|[of] p2a: Rillaboom
|
|-heal|p1a: Screener|100/100|[from] Grassy Terrain
|upkeep
|turn|2
|
|t:|1776094374
|move|p1a: Screener|Parting Shot|p2a: Rillaboom
|-unboost|p2a: Rillaboom|atk|1
|-unboost|p2a: Rillaboom|spa|1
|
|t:|1776094378
|switch|p1a: Mega!!!|Hawlucha, M|100/100|[from] Parting Shot
|-enditem|p1a: Mega!!!|Grassy Seed
|-boost|p1a: Mega!!!|def|1|[from] item: Grassy Seed
|move|p2a: Rillaboom|Wood Hammer|p1a: Mega!!!
|-resisted|p1a: Mega!!!
|-damage|p1a: Mega!!!|88/100
|-damage|p2a: Rillaboom|97/100|[from] Recoil
|
|-heal|p2a: Rillaboom|100/100|[from] Grassy Terrain
|upkeep
|turn|3
|
|t:|1776094391
|move|p1a: Mega!!!|Swords Dance|p1a: Mega!!!
|-boost|p1a: Mega!!!|atk|2
|move|p2a: Rillaboom|U-turn|p1a: Mega!!!
|-resisted|p1a: Mega!!!
|-damage|p1a: Mega!!!|86/100
|
|t:|1776094416
|switch|p2a: El Contrabandista|Hawlucha, F|100/100|[from] U-turn
|-enditem|p2a: El Contrabandista|Grassy Seed
|-boost|p2a: El Contrabandista|def|1|[from] item: Grassy Seed
|
|upkeep
|turn|4
|
|t:|1776094422
|move|p1a: Mega!!!|Acrobatics|p2a: El Contrabandista
|-supereffective|p2a: El Contrabandista
|-damage|p2a: El Contrabandista|0 fnt
|faint|p2a: El Contrabandista
|
|upkeep
|
|t:|1776094433
|switch|p2a: Rhapsodie|Gardevoir, F, shiny|100/100
|-ability|p2a: Rhapsodie|Unburden|Trace|[from] ability: Trace|[of] p1a: Mega!!!
|-enditem|p2a: Rhapsodie|Grassy Seed
|-boost|p2a: Rhapsodie|def|1|[from] item: Grassy Seed
|turn|5
|
|t:|1776094442
|-terastallize|p1a: Mega!!!|Flying
|move|p1a: Mega!!!|Acrobatics|p2a: Rhapsodie
|-damage|p2a: Rhapsodie|0 fnt
|faint|p2a: Rhapsodie
|
|-fieldend|move: Grassy Terrain
|upkeep
|-message|TeraBlastGardevoir forfeited.
|
|win|Metroshock
|raw|Metroshock's rating: 1476 &rarr; <strong>1493</strong><br />(+17 for winning)
|raw|TeraBlastGardevoir's rating: 1418 &rarr; <strong>1401</strong><br />(-17 for losing)
|l|☆TeraBlastGardevoir
|player|p2|
|l|☆Metroshock
|player|p1|
