|html|<div class="broadcast-blue"><strong>[Gen 9] OU is currently suspecting Volcarona! For information on how to participate check out the <a href="https://www.smogon.com/tools/suspects/view/208">suspect thread</a>.</strong></div>
|j|☆LuchoEnriquePSG
|j|☆EthanPwned
|t:|1778516624
|gametype|singles
|player|p1|LuchoEnriquePSG|lysandre|1000
|player|p2|EthanPwned|ethan|1000
|gen|9
|tier|[Gen 9] OU
|rated|
|rule|HP Percentage Mod: HP is shown in percentages
|rule|Endless Battle Clause: Forcing endless battles is banned
|rule|Species Clause: Limit one of each Pokémon
|rule|OHKO Clause: OHKO moves are banned
|rule|Evasion Items Clause: Evasion items are banned
|rule|Evasion Moves Clause: Evasion moves are banned
|rule|Evasion Abilities Clause: Evasion abilities are banned
|rule|Sleep Moves Clause: Sleep-inducing moves are banned
|clearpoke
|poke|p1|Rillaboom, M|
|poke|p1|Zamazenta-*|
|poke|p1|Ceruledge, M|
|poke|p1|Samurott-Hisui, M|
|poke|p1|Latias, F|
|poke|p1|Iron Treads|
|poke|p2|Shaymin|
|poke|p2|Regieleki|
|poke|p2|Garchomp, M|
|poke|p2|Kingambit, M|
|poke|p2|Gyarados, F|
|poke|p2|Ceruledge, F|
|teampreview
|
|t:|1778516631
|teamsize|p1|6
|teamsize|p2|6
|start
|switch|p1a: Kvaratskhelia|Zamazenta|100/100
|switch|p2a: Regieleki|Regieleki|100/100
|-ability|p1a: Kvaratskhelia|Dauntless Shield|boost
|-boost|p1a: Kvaratskhelia|def|1
|turn|1
|
|t:|1778516647
|move|p2a: Regieleki|Thunder|p1a: Kvaratskhelia
|-damage|p1a: Kvaratskhelia|51/100
|move|p1a: Kvaratskhelia|Reflect|p1a: Kvaratskhelia
|-sidestart|p1: LuchoEnriquePSG|Reflect
|
|upkeep
|turn|2
|
|t:|1778516654
|move|p2a: Regieleki|Thunderbolt|p1a: Kvaratskhelia
|-damage|p1a: Kvaratskhelia|6/100
|move|p1a: Kvaratskhelia|Light Screen|p1a: Kvaratskhelia
|-sidestart|p1: LuchoEnriquePSG|move: Light Screen
|
|upkeep
|turn|3
|
|t:|1778516660
|switch|p1a: Mendes|Iron Treads, shiny|100/100
|-enditem|p1a: Mendes|Booster Energy
|-activate|p1a: Mendes|ability: Quark Drive|[fromitem]
|-start|p1a: Mendes|quarkdrivespe
|move|p2a: Regieleki|Thunderbolt|p1a: Mendes
|-immune|p1a: Mendes
|
|upkeep
|turn|4
|
|t:|1778516678
|switch|p2a: Gyarados|Gyarados, F|100/100
|-ability|p2a: Gyarados|Intimidate|boost
|-unboost|p1a: Mendes|atk|1
|move|p1a: Mendes|Stealth Rock|p2a: Gyarados
|-sidestart|p2: EthanPwned|move: Stealth Rock
|
|upkeep
|turn|5
|
|t:|1778516695
|-end|p1a: Mendes|Quark Drive|[silent]
|switch|p1a: Dembele|Latias, F, shiny|100/100
|move|p2a: Gyarados|Aqua Tail|p1a: Dembele
|-resisted|p1a: Dembele
|-damage|p1a: Dembele|85/100
|
|upkeep
|turn|6
|
|t:|1778516702
|move|p1a: Dembele|Agility|p1a: Dembele
|-boost|p1a: Dembele|spe|2
|move|p2a: Gyarados|Ice Fang|p1a: Dembele
|-supereffective|p1a: Dembele
|-damage|p1a: Dembele|60/100
|-enditem|p1a: Dembele|Weakness Policy
|-boost|p1a: Dembele|atk|2|[from] item: Weakness Policy
|-boost|p1a: Dembele|spa|2|[from] item: Weakness Policy
|
|upkeep
|turn|7
|
|t:|1778516717
|-terastallize|p1a: Dembele|Fairy
|move|p1a: Dembele|Draining Kiss|p2a: Gyarados
|-damage|p2a: Gyarados|41/100
|-heal|p1a: Dembele|100/100|[from] drain|[of] p2a: Gyarados
|move|p2a: Gyarados|Avalanche|p1a: Dembele
|-damage|p1a: Dembele|77/100
|
|upkeep
|turn|8
|
|t:|1778516730
|move|p1a: Dembele|Draining Kiss|p2a: Gyarados
|-damage|p2a: Gyarados|0 fnt
|-heal|p1a: Dembele|100/100|[from] drain|[of] p2a: Gyarados
|faint|p2a: Gyarados
|
|-sideend|p1: LuchoEnriquePSG|Reflect
|upkeep
|
|t:|1778516740
|switch|p2a: Garchomp|Garchomp, M|100/100
|-damage|p2a: Garchomp|94/100|[from] Stealth Rock
|turn|9
|
|t:|1778516746
|move|p1a: Dembele|Draining Kiss|p2a: Garchomp
|-supereffective|p2a: Garchomp
|-damage|p2a: Garchomp|0 fnt
|-damage|p1a: Dembele|88/100|[from] ability: Rough Skin|[of] p2a: Garchomp
|faint|p2a: Garchomp
|
|-sideend|p1: LuchoEnriquePSG|move: Light Screen
|upkeep
|
|t:|1778516753
|switch|p2a: Kingambit|Kingambit, M|100/100
|-damage|p2a: Kingambit|94/100|[from] Stealth Rock
|turn|10
|
|t:|1778516761
|move|p1a: Dembele|Draining Kiss|p2a: Kingambit
|-damage|p2a: Kingambit|39/100
|-heal|p1a: Dembele|100/100|[from] drain|[of] p2a: Kingambit
|move|p2a: Kingambit|Iron Head|p1a: Dembele
|-supereffective|p1a: Dembele
|-damage|p1a: Dembele|9/100
|
|upkeep
|turn|11
|inactive|Battle timer is ON: inactive players will automatically lose when time's up. (requested by LuchoEnriquePSG)
|
|t:|1778516810
|move|p2a: Kingambit|Sucker Punch||[still]
|-fail|p2a: Kingambit
|move|p1a: Dembele|Calm Mind|p1a: Dembele
|-boost|p1a: Dembele|spa|1
|-boost|p1a: Dembele|spd|1
|
|upkeep
|turn|12
|
|t:|1778516816
|move|p2a: Kingambit|Sucker Punch|p1a: Dembele
|-resisted|p1a: Dembele
|-damage|p1a: Dembele|0 fnt
|faint|p1a: Dembele
|
|upkeep
|
|t:|1778516821
|switch|p1a: Mendes|Iron Treads, shiny|100/100
|turn|13
|
|t:|1778516832
|move|p2a: Kingambit|Sucker Punch|p1a: Mendes
|-damage|p1a: Mendes|60/100
|move|p1a: Mendes|Earth Power|p2a: Kingambit
|-supereffective|p2a: Kingambit
|-damage|p2a: Kingambit|0 fnt
|faint|p2a: Kingambit
|
|upkeep
|
|t:|1778516843
|switch|p2a: Regieleki|Regieleki|100/100
|-damage|p2a: Regieleki|88/100|[from] Stealth Rock
|turn|14
|
|t:|1778516849
|move|p2a: Regieleki|Protect|p2a: Regieleki
|-singleturn|p2a: Regieleki|Protect
|move|p1a: Mendes|Earth Power|p2a: Regieleki
|-activate|p2a: Regieleki|move: Protect
|
|upkeep
|turn|15
|
|t:|1778516855
|switch|p2a: Shaymin|Shaymin|100/100
|-damage|p2a: Shaymin|88/100|[from] Stealth Rock
|move|p1a: Mendes|Earth Power|p2a: Shaymin
|-resisted|p2a: Shaymin
|-damage|p2a: Shaymin|74/100
|
|-heal|p2a: Shaymin|80/100|[from] item: Leftovers
|upkeep
|turn|16
|
|t:|1778516867
|-end|p1a: Mendes|Quark Drive|[silent]
|switch|p1a: Kvaratskhelia|Zamazenta|6/100
|move|p2a: Shaymin|Energy Ball|p1a: Kvaratskhelia
|-damage|p1a: Kvaratskhelia|0 fnt
|faint|p1a: Kvaratskhelia
|
|-heal|p2a: Shaymin|86/100|[from] item: Leftovers
|upkeep
|
|t:|1778516872
|switch|p1a: Doue|Ceruledge, M, shiny|100/100
|turn|17
|
|t:|1778516879
|switch|p2a: Regieleki|Regieleki|88/100
|-damage|p2a: Regieleki|76/100|[from] Stealth Rock
|move|p1a: Doue|Swords Dance|p1a: Doue
|-boost|p1a: Doue|atk|2
|
|upkeep
|turn|18
|
|t:|1778516887
|move|p2a: Regieleki|Electro Ball|p1a: Doue
|-damage|p1a: Doue|59/100
|move|p1a: Doue|Poltergeist|p2a: Regieleki
|-activate|p2a: Regieleki|move: Poltergeist|Magnet
|-damage|p2a: Regieleki|0 fnt
|faint|p2a: Regieleki
|-damage|p1a: Doue|49/100|[from] item: Life Orb
|
|upkeep
|
|t:|1778516896
|switch|p2a: Ceruledge|Ceruledge, F|100/100
|-damage|p2a: Ceruledge|76/100|[from] Stealth Rock
|turn|19
|
|t:|1778516905
|move|p1a: Doue|Shadow Sneak|p2a: Ceruledge
|-supereffective|p2a: Ceruledge
|-damage|p2a: Ceruledge|0 fnt
|faint|p2a: Ceruledge
|-damage|p1a: Doue|39/100|[from] item: Life Orb
|
|upkeep
|
|t:|1778516911
|switch|p2a: Shaymin|Shaymin|86/100
|-damage|p2a: Shaymin|74/100|[from] Stealth Rock
|turn|20
|
|t:|1778516915
|move|p1a: Doue|Shadow Sneak|p2a: Shaymin
|-damage|p2a: Shaymin|21/100
|-damage|p1a: Doue|29/100|[from] item: Life Orb
|move|p2a: Shaymin|Play Rough|p1a: Doue
|-resisted|p1a: Doue
|-damage|p1a: Doue|15/100
|-ability|p1a: Doue|Weak Armor|boost
|-unboost|p1a: Doue|def|1
|-boost|p1a: Doue|spe|2
|
|-heal|p2a: Shaymin|28/100|[from] item: Leftovers
|upkeep
|turn|21
|
|t:|1778516929
|move|p1a: Doue|Bitter Blade|p2a: Shaymin
|-supereffective|p2a: Shaymin
|-damage|p2a: Shaymin|0 fnt
|-heal|p1a: Doue|30/100|[from] drain|[of] p2a: Shaymin
|faint|p2a: Shaymin
|-damage|p1a: Doue|20/100|[from] item: Life Orb
|
|win|LuchoEnriquePSG
|raw|LuchoEnriquePSG's rating: 1000 &rarr; <strong>1040</strong><br />(+40 for winning)
|raw|EthanPwned's rating: 1000 &rarr; <strong>1000</strong><br />(+0 for losing)
