|html|<div class="broadcast-blue"><strong>[Gen 9] OU is currently suspecting Tera Blast! For information on how to participate check out the <a href="https://www.smogon.com/tools/suspects/view/200">suspect thread</a>.</strong></div>
|j|☆partisanpizza
|j|☆qazdsbdsb
|t:|1776056573
|gametype|singles
|player|p1|partisanpizza|bugcatcher-gen4dp|1137
|player|p2|qazdsbdsb|101|1187
|gen|9
|tier|[Gen 9] OU
|rated|
|rule|HP Percentage Mod: HP is shown in percentages
|rule|Endless Battle Clause: Forcing endless battles is banned
|rule|Species Clause: Limit one of each Pokémon
|rule|OHKO Clause: OHKO moves are banned
|rule|Evasion Items Clause: Evasion items are banned
|rule|Evasion Moves Clause: Evasion moves are banned
|rule|Evasion Abilities Clause: Evasion abilities are banned
|rule|Sleep Moves Clause: Sleep-inducing moves are banned
|clearpoke
|poke|p1|Gliscor, M|
|poke|p1|Rotom-Wash|
|poke|p1|Politoed, M|
|poke|p1|Pelipper, M|
|poke|p1|Kingdra, F|
|poke|p1|Scizor, M|
|poke|p2|Hoopa-Unbound|
|poke|p2|Landorus-Therian, M|
|poke|p2|Walking Wake|
|poke|p2|Kingambit, M|
|poke|p2|Gholdengo|
|poke|p2|Iron Valiant|
|teampreview
|
|t:|1776056592
|teamsize|p1|6
|teamsize|p2|6
|start
|switch|p1a: Gloober|Gliscor, M|100/100
|switch|p2a: Hoopa|Hoopa-Unbound|100/100
|turn|1
|
|t:|1776056598
|move|p1a: Gloober|Knock Off|p2a: Hoopa
|-damage|p2a: Hoopa|72/100
|-enditem|p2a: Hoopa|Assault Vest|[from] move: Knock Off|[of] p1a: Gloober
|move|p2a: Hoopa|Knock Off|p1a: Gloober
|-damage|p1a: Gloober|67/100
|-enditem|p1a: Gloober|Toxic Orb|[from] move: Knock Off|[of] p2a: Hoopa
|
|upkeep
|turn|2
|
|t:|1776056610
|switch|p2a: Landorus|Landorus-Therian, M|100/100
|-ability|p2a: Landorus|Intimidate|boost
|-unboost|p1a: Gloober|atk|1
|move|p1a: Gloober|Earthquake|p2a: Landorus
|-immune|p2a: Landorus
|
|upkeep
|turn|3
|
|t:|1776056617
|move|p2a: Landorus|Stealth Rock|p1a: Gloober
|-sidestart|p1: partisanpizza|move: Stealth Rock
|move|p1a: Gloober|Toxic|p2a: Landorus
|-status|p2a: Landorus|tox
|
|-damage|p2a: Landorus|94/100 tox|[from] psn
|upkeep
|turn|4
|
|t:|1776056623
|move|p2a: Landorus|U-turn|p1a: Gloober
|-resisted|p1a: Gloober
|-damage|p1a: Gloober|57/100
|
|t:|1776056631
|switch|p2a: Iron Valiant|Iron Valiant|100/100|[from] U-turn
|move|p1a: Gloober|Knock Off|p2a: Iron Valiant
|-resisted|p2a: Iron Valiant
|-damage|p2a: Iron Valiant|96/100
|-enditem|p2a: Iron Valiant|Choice Scarf|[from] move: Knock Off|[of] p1a: Gloober
|
|upkeep
|turn|5
|inactive|Battle timer is ON: inactive players will automatically lose when time's up. (requested by partisanpizza)
|
|t:|1776056642
|switch|p1a: Ploober|Pelipper, M|100/100
|-damage|p1a: Ploober|76/100|[from] Stealth Rock
|-weather|RainDance|[from] ability: Drizzle|[of] p1a: Ploober
|move|p2a: Iron Valiant|Moonblast|p1a: Ploober
|-crit|p1a: Ploober
|-damage|p1a: Ploober|0 fnt
|faint|p1a: Ploober
|
|-weather|RainDance|[upkeep]
|upkeep
|
|t:|1776056655
|switch|p1a: Louis XVI|Kingdra, F|100/100
|-damage|p1a: Louis XVI|88/100|[from] Stealth Rock
|turn|6
|
|t:|1776056667
|-terastallize|p1a: Louis XVI|Steel
|move|p1a: Louis XVI|Weather Ball|p2a: Iron Valiant
|-damage|p2a: Iron Valiant|0 fnt
|faint|p2a: Iron Valiant
|-end|p2a: Iron Valiant|Quark Drive|[silent]
|
|-weather|RainDance|[upkeep]
|upkeep
|
|t:|1776056673
|switch|p2a: Walking Wake|Walking Wake|100/100
|-enditem|p2a: Walking Wake|Booster Energy
|-activate|p2a: Walking Wake|ability: Protosynthesis|[fromitem]
|-start|p2a: Walking Wake|protosynthesisspe
|turn|7
|
|t:|1776056679
|switch|p1a: Sloober|Scizor, M|100/100
|-damage|p1a: Sloober|88/100|[from] Stealth Rock
|move|p2a: Walking Wake|Hydro Pump|p1a: Sloober
|-damage|p1a: Sloober|9/100
|
|-weather|RainDance|[upkeep]
|upkeep
|turn|8
|
|t:|1776056687
|move|p2a: Walking Wake|Aqua Jet|p1a: Sloober
|-damage|p1a: Sloober|0 fnt
|faint|p1a: Sloober
|
|-weather|RainDance|[upkeep]
|upkeep
|
|t:|1776056698
|switch|p1a: Bunnings|Rotom-Wash|100/100
|-damage|p1a: Bunnings|88/100|[from] Stealth Rock
|turn|9
|
|t:|1776056705
|move|p2a: Walking Wake|Hydro Pump|p1a: Bunnings
|-resisted|p1a: Bunnings
|-damage|p1a: Bunnings|45/100
|move|p1a: Bunnings|Thunderbolt|p2a: Walking Wake
|-damage|p2a: Walking Wake|56/100
|-status|p2a: Walking Wake|par
|
|-weather|RainDance|[upkeep]
|-heal|p1a: Bunnings|51/100|[from] item: Leftovers
|upkeep
|turn|10
|
|t:|1776056714
|cant|p2a: Walking Wake|par
|move|p1a: Bunnings|Thunderbolt|p2a: Walking Wake
|-damage|p2a: Walking Wake|13/100 par
|
|-weather|RainDance|[upkeep]
|-heal|p1a: Bunnings|57/100|[from] item: Leftovers
|upkeep
|turn|11
|
|t:|1776056723
|move|p2a: Walking Wake|Draco Meteor|p1a: Bunnings|[miss]
|-miss|p2a: Walking Wake|p1a: Bunnings
|move|p1a: Bunnings|Thunderbolt|p2a: Walking Wake
|-damage|p2a: Walking Wake|0 fnt
|faint|p2a: Walking Wake
|-end|p2a: Walking Wake|Protosynthesis|[silent]
|
|-weather|RainDance|[upkeep]
|-heal|p1a: Bunnings|64/100|[from] item: Leftovers
|upkeep
|c|☆qazdsbdsb|fkingshitgame
|-message|qazdsbdsb forfeited.
|
|win|partisanpizza
|raw|partisanpizza's rating: 1137 &rarr; <strong>1166</strong><br />(+29 for winning)
|raw|qazdsbdsb's rating: 1187 &rarr; <strong>1158</strong><br />(-29 for losing)
|l|☆qazdsbdsb
|player|p2|
|l|☆partisanpizza
|player|p1|
