|html|<div class="broadcast-blue"><strong>[Gen 9] OU is currently suspecting Tera Blast! For information on how to participate check out the <a href="https://www.smogon.com/tools/suspects/view/200">suspect thread</a>.</strong></div>
|j|☆niccommoc
|j|☆Chorley Cakes
|t:|1776088994
|gametype|singles
|player|p1|niccommoc|cyclist|1518
|player|p2|Chorley Cakes|waiter-gen4|1550
|gen|9
|tier|[Gen 9] OU
|rated|
|rule|HP Percentage Mod: HP is shown in percentages
|rule|Endless Battle Clause: Forcing endless battles is banned
|rule|Species Clause: Limit one of each Pokémon
|rule|OHKO Clause: OHKO moves are banned
|rule|Evasion Items Clause: Evasion items are banned
|rule|Evasion Moves Clause: Evasion moves are banned
|rule|Evasion Abilities Clause: Evasion abilities are banned
|rule|Sleep Moves Clause: Sleep-inducing moves are banned
|clearpoke
|poke|p1|Gliscor, F|
|poke|p1|Gholdengo|
|poke|p1|Dragonite, F|
|poke|p1|Sinistcha|
|poke|p1|Ting-Lu|
|poke|p1|Keldeo|
|poke|p2|Ogerpon-Wellspring, F|
|poke|p2|Dragonite, F|
|poke|p2|Cinderace, M|
|poke|p2|Corviknight, F|
|poke|p2|Zamazenta-*|
|poke|p2|Gliscor, F|
|teampreview
|inactive|Battle timer is ON: inactive players will automatically lose when time's up. (requested by Chorley Cakes)
|inactive|niccommoc also wants the timer to be on.
|j| ohko_smeargle
|c|☆Chorley Cakes|hf
|inactive|niccommoc has 120 seconds left.
|
|t:|1776089027
|teamsize|p1|6
|teamsize|p2|6
|start
|switch|p1a: Gliscor|Gliscor, F|100/100
|switch|p2a: Ogerpon|Ogerpon-Wellspring, F|100/100
|turn|1
|
|t:|1776089033
|move|p1a: Gliscor|Protect|p1a: Gliscor
|-singleturn|p1a: Gliscor|Protect
|move|p2a: Ogerpon|Substitute|p2a: Ogerpon
|-start|p2a: Ogerpon|Substitute
|-damage|p2a: Ogerpon|76/100
|
|-status|p1a: Gliscor|tox|[from] item: Toxic Orb
|upkeep
|turn|2
|
|t:|1776089038
|switch|p1a: Dragonite|Dragonite, F|100/100
|move|p2a: Ogerpon|Swords Dance|p2a: Ogerpon
|-boost|p2a: Ogerpon|atk|2
|
|upkeep
|turn|3
|
|t:|1776089044
|move|p1a: Dragonite|Extreme Speed|p2a: Ogerpon
|-end|p2a: Ogerpon|Substitute
|move|p2a: Ogerpon|Ivy Cudgel|p1a: Dragonite|[anim] Ivy Cudgel Water
|-resisted|p1a: Dragonite
|-damage|p1a: Dragonite|75/100
|
|upkeep
|turn|4
|inactive|Chorley Cakes has 120 seconds left.
|
|t:|1776089092
|switch|p2a: Corviknight|Corviknight, F|100/100
|-ability|p2a: Corviknight|Pressure
|move|p1a: Dragonite|Dragon Tail|p2a: Corviknight
|-resisted|p2a: Corviknight
|-damage|p2a: Corviknight|90/100
|-damage|p1a: Dragonite|59/100|[from] item: Rocky Helmet|[of] p2a: Corviknight
|drag|p2a: Cinderace|Cinderace, M|100/100
|
|upkeep
|turn|5
|
|t:|1776089099
|switch|p1a: Gliscor|Gliscor, F|100/100 tox
|move|p2a: Cinderace|U-turn|p1a: Gliscor
|-resisted|p1a: Gliscor
|-damage|p1a: Gliscor|93/100 tox
|
|t:|1776089106
|switch|p2a: Ogerpon|Ogerpon-Wellspring, F|76/100|[from] U-turn
|
|-heal|p1a: Gliscor|100/100 tox|[from] ability: Poison Heal
|upkeep
|turn|6
|
|t:|1776089109
|-terastallize|p1a: Gliscor|Normal
|move|p2a: Ogerpon|Ivy Cudgel|p1a: Gliscor|[anim] Ivy Cudgel Water
|-crit|p1a: Gliscor
|-damage|p1a: Gliscor|33/100 tox
|move|p1a: Gliscor|Facade|p2a: Ogerpon
|-damage|p2a: Ogerpon|12/100
|
|-heal|p1a: Gliscor|46/100 tox|[from] ability: Poison Heal
|upkeep
|turn|7
|
|t:|1776089118
|move|p1a: Gliscor|Protect|p1a: Gliscor
|-singleturn|p1a: Gliscor|Protect
|move|p2a: Ogerpon|Ivy Cudgel|p1a: Gliscor|[anim] Ivy Cudgel Water
|-activate|p1a: Gliscor|move: Protect
|
|-heal|p1a: Gliscor|58/100 tox|[from] ability: Poison Heal
|upkeep
|turn|8
|
|t:|1776089125
|move|p2a: Ogerpon|Power Whip|p1a: Gliscor
|-damage|p1a: Gliscor|2/100 tox
|move|p1a: Gliscor|Knock Off|p2a: Ogerpon
|-damage|p2a: Ogerpon|0 fnt
|faint|p2a: Ogerpon
|
|-heal|p1a: Gliscor|15/100 tox|[from] ability: Poison Heal
|upkeep
|
|t:|1776089129
|switch|p2a: Dragonite|Dragonite, F, shiny|100/100
|turn|9
|
|t:|1776089132
|move|p2a: Dragonite|Substitute|p2a: Dragonite
|-start|p2a: Dragonite|Substitute
|-damage|p2a: Dragonite|76/100
|move|p1a: Gliscor|Knock Off|p2a: Dragonite
|-end|p2a: Dragonite|Substitute
|
|-heal|p2a: Dragonite|82/100|[from] item: Leftovers
|-heal|p1a: Gliscor|27/100 tox|[from] ability: Poison Heal
|upkeep
|turn|10
|
|t:|1776089141
|move|p2a: Dragonite|Dragon Dance|p2a: Dragonite
|-boost|p2a: Dragonite|atk|1
|-boost|p2a: Dragonite|spe|1
|move|p1a: Gliscor|Knock Off|p2a: Dragonite
|-damage|p2a: Dragonite|56/100
|-enditem|p2a: Dragonite|Leftovers|[from] move: Knock Off|[of] p1a: Gliscor
|
|-heal|p1a: Gliscor|39/100 tox|[from] ability: Poison Heal
|upkeep
|turn|11
|
|t:|1776089145
|move|p2a: Dragonite|Earthquake|p1a: Gliscor
|-damage|p1a: Gliscor|0 fnt
|faint|p1a: Gliscor
|
|upkeep
|
|t:|1776089151
|switch|p1a: Gholdengo|Gholdengo|100/100
|turn|12
|
|t:|1776089154
|move|p1a: Gholdengo|Make It Rain|p2a: Dragonite
|-damage|p2a: Dragonite|0 fnt
|-unboost|p1a: Gholdengo|spa|1
|faint|p2a: Dragonite
|
|upkeep
|
|t:|1776089160
|switch|p2a: Gliscor|Gliscor, F|100/100
|turn|13
|
|t:|1776089170
|switch|p1a: Keldeo|Keldeo|100/100
|move|p2a: Gliscor|Toxic|p1a: Keldeo|[miss]
|-miss|p2a: Gliscor|p1a: Keldeo
|
|-status|p2a: Gliscor|tox|[from] item: Toxic Orb
|upkeep
|turn|14
|
|t:|1776089179
|move|p2a: Gliscor|Protect|p2a: Gliscor
|-singleturn|p2a: Gliscor|Protect
|move|p1a: Keldeo|Flip Turn|p2a: Gliscor
|-activate|p2a: Gliscor|move: Protect
|
|upkeep
|turn|15
|
|t:|1776089184
|move|p1a: Keldeo|Surf|p2a: Gliscor
|-supereffective|p2a: Gliscor
|-damage|p2a: Gliscor|13/100 tox
|move|p2a: Gliscor|Toxic|p1a: Keldeo
|-status|p1a: Keldeo|tox
|
|-damage|p1a: Keldeo|94/100 tox|[from] psn
|-heal|p2a: Gliscor|25/100 tox|[from] ability: Poison Heal
|upkeep
|turn|16
|
|t:|1776089193
|move|p2a: Gliscor|Protect|p2a: Gliscor
|-singleturn|p2a: Gliscor|Protect
|move|p1a: Keldeo|Surf|p2a: Gliscor
|-activate|p2a: Gliscor|move: Protect
|
|-damage|p1a: Keldeo|82/100 tox|[from] psn
|-heal|p2a: Gliscor|38/100 tox|[from] ability: Poison Heal
|upkeep
|turn|17
|
|t:|1776089210
|switch|p2a: Corviknight|Corviknight, F|90/100
|-ability|p2a: Corviknight|Pressure
|move|p1a: Keldeo|Surf|p2a: Corviknight
|-damage|p2a: Corviknight|43/100
|
|-damage|p1a: Keldeo|63/100 tox|[from] psn
|upkeep
|turn|18
|
|t:|1776089243
|move|p1a: Keldeo|Surf|p2a: Corviknight
|-damage|p2a: Corviknight|0 fnt
|faint|p2a: Corviknight
|
|-damage|p1a: Keldeo|39/100 tox|[from] psn
|upkeep
|
|t:|1776089246
|switch|p2a: Zamazenta|Zamazenta|100/100
|-ability|p2a: Zamazenta|Dauntless Shield|boost
|-boost|p2a: Zamazenta|def|1
|turn|19
|
|t:|1776089256
|switch|p1a: Sinistcha|Sinistcha|100/100
|move|p2a: Zamazenta|Crunch|p1a: Sinistcha
|-supereffective|p1a: Sinistcha
|-damage|p1a: Sinistcha|68/100
|
|upkeep
|turn|20
|
|t:|1776089263
|switch|p2a: Gliscor|Gliscor, F|38/100 tox
|move|p1a: Sinistcha|Matcha Gotcha|p2a: Gliscor
|-damage|p2a: Gliscor|10/100 tox
|-heal|p1a: Sinistcha|82/100|[from] drain|[of] p2a: Gliscor
|
|-heal|p2a: Gliscor|22/100 tox|[from] ability: Poison Heal
|upkeep
|turn|21
|
|t:|1776089268
|move|p2a: Gliscor|Knock Off|p1a: Sinistcha
|-supereffective|p1a: Sinistcha
|-damage|p1a: Sinistcha|55/100
|-enditem|p1a: Sinistcha|Heavy-Duty Boots|[from] move: Knock Off|[of] p2a: Gliscor
|move|p1a: Sinistcha|Shadow Ball|p2a: Gliscor
|-damage|p2a: Gliscor|0 fnt
|faint|p2a: Gliscor
|
|upkeep
|
|t:|1776089284
|switch|p2a: Cinderace|Cinderace, M|100/100
|turn|22
|
|t:|1776089293
|switch|p1a: Dragonite|Dragonite, F|59/100
|-terastallize|p2a: Cinderace|Fire
|move|p2a: Cinderace|Pyro Ball|p1a: Dragonite
|-resisted|p1a: Dragonite
|-damage|p1a: Dragonite|27/100
|
|upkeep
|turn|23
|
|t:|1776089302
|move|p1a: Dragonite|Extreme Speed|p2a: Cinderace
|-damage|p2a: Cinderace|66/100
|move|p2a: Cinderace|Pyro Ball|p1a: Dragonite
|-resisted|p1a: Dragonite
|-damage|p1a: Dragonite|0 fnt
|faint|p1a: Dragonite
|
|upkeep
|
|t:|1776089306
|switch|p1a: Gholdengo|Gholdengo|100/100
|turn|24
|
|t:|1776089312
|move|p1a: Gholdengo|Shadow Ball|p2a: Cinderace
|-damage|p2a: Cinderace|11/100
|move|p2a: Cinderace|Pyro Ball|p1a: Gholdengo
|-supereffective|p1a: Gholdengo
|-damage|p1a: Gholdengo|0 fnt
|faint|p1a: Gholdengo
|
|upkeep
|
|t:|1776089314
|switch|p1a: Ting-Lu|Ting-Lu|100/100
|-ability|p1a: Ting-Lu|Vessel of Ruin
|turn|25
|
|t:|1776089328
|move|p2a: Cinderace|U-turn|p1a: Ting-Lu
|-supereffective|p1a: Ting-Lu
|-damage|p1a: Ting-Lu|81/100
|
|t:|1776089330
|switch|p2a: Zamazenta|Zamazenta|100/100|[from] U-turn
|move|p1a: Ting-Lu|Stealth Rock|p2a: Zamazenta
|-sidestart|p2: Chorley Cakes|move: Stealth Rock
|
|-heal|p1a: Ting-Lu|88/100|[from] item: Leftovers
|upkeep
|turn|26
|
|t:|1776089341
|move|p2a: Zamazenta|Close Combat|p1a: Ting-Lu
|-supereffective|p1a: Ting-Lu
|-damage|p1a: Ting-Lu|17/100
|-unboost|p2a: Zamazenta|def|1
|-unboost|p2a: Zamazenta|spd|1
|move|p1a: Ting-Lu|Ruination|p2a: Zamazenta
|-damage|p2a: Zamazenta|51/100
|
|-heal|p2a: Zamazenta|57/100|[from] item: Leftovers
|-heal|p1a: Ting-Lu|23/100|[from] item: Leftovers
|upkeep
|turn|27
|
|t:|1776089351
|move|p2a: Zamazenta|Crunch|p1a: Ting-Lu
|-resisted|p1a: Ting-Lu
|-damage|p1a: Ting-Lu|17/100
|-unboost|p1a: Ting-Lu|def|1
|move|p1a: Ting-Lu|Earthquake|p2a: Zamazenta
|-damage|p2a: Zamazenta|10/100
|
|-heal|p2a: Zamazenta|16/100|[from] item: Leftovers
|-heal|p1a: Ting-Lu|23/100|[from] item: Leftovers
|upkeep
|turn|28
|
|t:|1776089356
|move|p2a: Zamazenta|Crunch|p1a: Ting-Lu
|-resisted|p1a: Ting-Lu
|-damage|p1a: Ting-Lu|13/100
|move|p1a: Ting-Lu|Earthquake|p2a: Zamazenta
|-damage|p2a: Zamazenta|0 fnt
|faint|p2a: Zamazenta
|
|-heal|p1a: Ting-Lu|19/100|[from] item: Leftovers
|upkeep
|
|t:|1776089358
|switch|p2a: Cinderace|Cinderace, M, tera:Fire|11/100
|turn|29
|
|t:|1776089360
|move|p2a: Cinderace|Pyro Ball|p1a: Ting-Lu
|-crit|p1a: Ting-Lu
|-damage|p1a: Ting-Lu|0 fnt
|faint|p1a: Ting-Lu
|
|upkeep
|
|t:|1776089362
|switch|p1a: Keldeo|Keldeo|39/100 tox
|turn|30
|
|t:|1776089364
|move|p1a: Keldeo|Vacuum Wave|p2a: Cinderace
|-damage|p2a: Cinderace|0 fnt
|faint|p2a: Cinderace
|
|win|niccommoc
|raw|niccommoc's rating: 1518 &rarr; <strong>1540</strong><br />(+22 for winning)
|raw|Chorley Cakes's rating: 1550 &rarr; <strong>1528</strong><br />(-22 for losing)
|l| ohko_smeargle
|l|☆Chorley Cakes
|player|p2|
|l|☆niccommoc
|player|p1|
