|html|<div class="broadcast-blue"><strong>[Gen 9] OU is currently suspecting Tera Blast! For information on how to participate check out the <a href="https://www.smogon.com/tools/suspects/view/200">suspect thread</a>.</strong></div>
|j|☆noob1877 test
|j|☆tokiwa kano
|t:|1776167400
|gametype|singles
|player|p1|noob1877 test|265|1778
|player|p2|tokiwa kano|acetrainerf|1680
|gen|9
|tier|[Gen 9] OU
|rated|
|rule|HP Percentage Mod: HP is shown in percentages
|rule|Endless Battle Clause: Forcing endless battles is banned
|rule|Species Clause: Limit one of each Pokémon
|rule|OHKO Clause: OHKO moves are banned
|rule|Evasion Items Clause: Evasion items are banned
|rule|Evasion Moves Clause: Evasion moves are banned
|rule|Evasion Abilities Clause: Evasion abilities are banned
|rule|Sleep Moves Clause: Sleep-inducing moves are banned
|clearpoke
|poke|p1|Tornadus-Therian, M|
|poke|p1|Glimmora, M|
|poke|p1|Iron Valiant|
|poke|p1|Ting-Lu|
|poke|p1|Ceruledge, F|
|poke|p1|Ogerpon-Wellspring, F|
|poke|p2|Clefable, M|
|poke|p2|Ting-Lu|
|poke|p2|Zamazenta-*|
|poke|p2|Dragonite, M|
|poke|p2|Meowscarada, M|
|poke|p2|Gholdengo|
|teampreview
|inactive|Battle timer is ON: inactive players will automatically lose when time's up. (requested by tokiwa kano)
|
|t:|1776167412
|teamsize|p1|6
|teamsize|p2|6
|start
|switch|p1a: Ting-Lu|Ting-Lu|100/100
|switch|p2a: Meowscarada|Meowscarada, M|100/100
|-ability|p1a: Ting-Lu|Vessel of Ruin
|turn|1
|
|t:|1776167416
|move|p2a: Meowscarada|Knock Off|p1a: Ting-Lu
|-start|p2a: Meowscarada|typechange|Dark|[from] ability: Protean
|-resisted|p1a: Ting-Lu
|-damage|p1a: Ting-Lu|88/100
|-enditem|p1a: Ting-Lu|Weakness Policy|[from] move: Knock Off|[of] p2a: Meowscarada
|move|p1a: Ting-Lu|Payback|p2a: Meowscarada
|-resisted|p2a: Meowscarada
|-damage|p2a: Meowscarada|74/100
|
|upkeep
|turn|2
|
|t:|1776167423
|move|p2a: Meowscarada|U-turn|p1a: Ting-Lu
|-supereffective|p1a: Ting-Lu
|-damage|p1a: Ting-Lu|65/100
|
|t:|1776167426
|switch|p2a: Clefable|Clefable, M|100/100|[from] U-turn
|move|p1a: Ting-Lu|Spikes|p2a: Clefable
|-sidestart|p2: tokiwa kano|Spikes
|
|upkeep
|turn|3
|j| coala rei
|
|t:|1776167436
|move|p2a: Clefable|Moonblast|p1a: Ting-Lu
|-supereffective|p1a: Ting-Lu
|-damage|p1a: Ting-Lu|38/100
|move|p1a: Ting-Lu|Spikes|p2a: Clefable
|-sidestart|p2: tokiwa kano|Spikes
|
|upkeep
|turn|4
|j| QD KING
|
|t:|1776167446
|move|p2a: Clefable|Moonblast|p1a: Ting-Lu
|-supereffective|p1a: Ting-Lu
|-damage|p1a: Ting-Lu|10/100
|move|p1a: Ting-Lu|Spikes|p2a: Clefable
|-sidestart|p2: tokiwa kano|Spikes
|
|upkeep
|turn|5
|
|t:|1776167455
|move|p2a: Clefable|Moonblast|p1a: Ting-Lu
|-supereffective|p1a: Ting-Lu
|-damage|p1a: Ting-Lu|0 fnt
|faint|p1a: Ting-Lu
|
|upkeep
|
|t:|1776167462
|switch|p1a: Glimmora|Glimmora, M|100/100
|turn|6
|
|t:|1776167467
|switch|p2a: Ting-Lu|Ting-Lu|100/100
|-damage|p2a: Ting-Lu|76/100|[from] Spikes
|-ability|p2a: Ting-Lu|Vessel of Ruin
|move|p1a: Glimmora|Stealth Rock|p2a: Ting-Lu
|-sidestart|p2: tokiwa kano|move: Stealth Rock
|
|-heal|p2a: Ting-Lu|82/100|[from] item: Leftovers
|upkeep
|turn|7
|
|t:|1776167482
|move|p1a: Glimmora|Mortal Spin|p2a: Ting-Lu
|-resisted|p2a: Ting-Lu
|-damage|p2a: Ting-Lu|80/100
|-status|p2a: Ting-Lu|psn
|move|p2a: Ting-Lu|Stealth Rock|p1a: Glimmora
|-sidestart|p1: noob1877 test|move: Stealth Rock
|
|-heal|p2a: Ting-Lu|86/100 psn|[from] item: Leftovers
|-damage|p2a: Ting-Lu|74/100 psn|[from] psn
|upkeep
|turn|8
|
|t:|1776167489
|switch|p1a: Tornadus|Tornadus-Therian, M|100/100
|-damage|p1a: Tornadus|76/100|[from] Stealth Rock
|move|p2a: Ting-Lu|Earthquake|p1a: Tornadus
|-immune|p1a: Tornadus
|
|-heal|p2a: Ting-Lu|80/100 psn|[from] item: Leftovers
|-damage|p2a: Ting-Lu|68/100 psn|[from] psn
|upkeep
|turn|9
|
|t:|1776167500
|move|p1a: Tornadus|Nasty Plot|p1a: Tornadus
|-boost|p1a: Tornadus|spa|2
|move|p2a: Ting-Lu|Ruination|p1a: Tornadus
|-damage|p1a: Tornadus|38/100
|
|-heal|p2a: Ting-Lu|74/100 psn|[from] item: Leftovers
|-damage|p2a: Ting-Lu|62/100 psn|[from] psn
|upkeep
|turn|10
|
|t:|1776167505
|move|p1a: Tornadus|Bleakwind Storm|p2a: Ting-Lu
|-damage|p2a: Ting-Lu|12/100 psn
|-damage|p1a: Tornadus|29/100|[from] item: Life Orb
|move|p2a: Ting-Lu|Whirlwind|p1a: Tornadus
|drag|p1a: Ogerpon|Ogerpon-Wellspring, F|100/100
|-damage|p1a: Ogerpon|88/100|[from] Stealth Rock
|
|-heal|p2a: Ting-Lu|18/100 psn|[from] item: Leftovers
|-damage|p2a: Ting-Lu|6/100 psn|[from] psn
|upkeep
|turn|11
|
|t:|1776167509
|move|p1a: Ogerpon|Ivy Cudgel|p2a: Ting-Lu|[anim] Ivy Cudgel Water
|-supereffective|p2a: Ting-Lu
|-damage|p2a: Ting-Lu|0 fnt
|faint|p2a: Ting-Lu
|
|upkeep
|
|t:|1776167520
|switch|p2a: Zamazenta|Zamazenta|100/100
|-ability|p2a: Zamazenta|Dauntless Shield|boost
|-boost|p2a: Zamazenta|def|1
|turn|12
|
|t:|1776167524
|switch|p1a: Glimmora|Glimmora, M|100/100
|-damage|p1a: Glimmora|88/100|[from] Stealth Rock
|move|p2a: Zamazenta|Close Combat|p1a: Glimmora
|-damage|p1a: Glimmora|48/100
|-unboost|p2a: Zamazenta|def|1
|-unboost|p2a: Zamazenta|spd|1
|-activate|p1a: Glimmora|ability: Toxic Debris
|-sidestart|p2: tokiwa kano|move: Toxic Spikes
|-enditem|p1a: Glimmora|Red Card|[of] p2a: Zamazenta
|drag|p2a: Dragonite|Dragonite, M|100/100
|
|upkeep
|turn|13
|
|t:|1776167532
|move|p2a: Dragonite|Earthquake|p1a: Glimmora
|-supereffective|p1a: Glimmora
|-damage|p1a: Glimmora|0 fnt
|-activate|p1a: Glimmora|ability: Toxic Debris
|-sidestart|p2: tokiwa kano|move: Toxic Spikes
|faint|p1a: Glimmora
|
|upkeep
|
|t:|1776167550
|switch|p1a: Iron Valiant|Iron Valiant|100/100
|-damage|p1a: Iron Valiant|94/100|[from] Stealth Rock
|-enditem|p1a: Iron Valiant|Booster Energy
|-activate|p1a: Iron Valiant|ability: Quark Drive|[fromitem]
|-start|p1a: Iron Valiant|quarkdrivespe
|turn|14
|
|t:|1776167558
|-terastallize|p2a: Dragonite|Flying
|move|p1a: Iron Valiant|Moonblast|p2a: Dragonite
|-damage|p2a: Dragonite|78/100
|move|p2a: Dragonite|Tera Blast|p1a: Iron Valiant|[anim] Tera Blast Flying
|-supereffective|p1a: Iron Valiant
|-damage|p1a: Iron Valiant|0 fnt
|faint|p1a: Iron Valiant
|-end|p1a: Iron Valiant|Quark Drive|[silent]
|
|upkeep
|
|t:|1776167563
|switch|p1a: Tornadus|Tornadus-Therian, M|62/100
|-damage|p1a: Tornadus|37/100|[from] Stealth Rock
|turn|15
|
|t:|1776167567
|move|p1a: Tornadus|Bleakwind Storm|p2a: Dragonite
|-damage|p2a: Dragonite|16/100
|-damage|p1a: Tornadus|27/100|[from] item: Life Orb
|move|p2a: Dragonite|Dragon Dance|p2a: Dragonite
|-boost|p2a: Dragonite|atk|1
|-boost|p2a: Dragonite|spe|1
|
|upkeep
|turn|16
|
|t:|1776167572
|move|p2a: Dragonite|Tera Blast|p1a: Tornadus|[anim] Tera Blast Flying
|-damage|p1a: Tornadus|0 fnt
|faint|p1a: Tornadus
|
|upkeep
|
|t:|1776167573
|switch|p1a: Ceruledge|Ceruledge, F|100/100
|-damage|p1a: Ceruledge|76/100|[from] Stealth Rock
|-item|p1a: Ceruledge|Air Balloon
|turn|17
|
|t:|1776167579
|switch|p2a: Meowscarada|Meowscarada, M|74/100
|move|p1a: Ceruledge|Shadow Sneak|p2a: Meowscarada
|-resisted|p2a: Meowscarada
|-damage|p2a: Meowscarada|58/100
|
|upkeep
|turn|18
|
|t:|1776167606
|-terastallize|p1a: Ceruledge|Flying
|move|p2a: Meowscarada|Triple Axel|p1a: Ceruledge
|-start|p2a: Meowscarada|typechange|Ice|[from] ability: Protean
|-supereffective|p1a: Ceruledge
|-damage|p1a: Ceruledge|51/100
|-ability|p1a: Ceruledge|Weak Armor|boost
|-unboost|p1a: Ceruledge|def|1
|-boost|p1a: Ceruledge|spe|2
|-enditem|p1a: Ceruledge|Air Balloon
|-supereffective|p1a: Ceruledge
|-damage|p1a: Ceruledge|0 fnt
|faint|p1a: Ceruledge
|-hitcount|p1: Ceruledge|2
|
|upkeep
|-message|noob1877 test forfeited.
|
|win|tokiwa kano
|raw|noob1877 test's rating: 1778 &rarr; <strong>1753</strong><br />(-25 for losing)
|raw|tokiwa kano's rating: 1680 &rarr; <strong>1705</strong><br />(+25 for winning)
|l|☆noob1877 test
|player|p1|
|j|☆noob1877 test
|player|p1|noob1877 test|265|
