|html|<div class="broadcast-blue"><strong>[Gen 9] OU is currently suspecting Tera Blast! For information on how to participate check out the <a href="https://www.smogon.com/tools/suspects/view/200">suspect thread</a>.</strong></div>
|j|‽Smimr
|j|☆ALT1 Lord Greed
|t:|1776097904
|gametype|singles
|player|p1|Smimr|richboy-gen4|1554
|player|p2|ALT1 Lord Greed|101|1507
|gen|9
|tier|[Gen 9] OU
|rated|
|rule|HP Percentage Mod: HP is shown in percentages
|rule|Endless Battle Clause: Forcing endless battles is banned
|rule|Species Clause: Limit one of each Pokémon
|rule|OHKO Clause: OHKO moves are banned
|rule|Evasion Items Clause: Evasion items are banned
|rule|Evasion Moves Clause: Evasion moves are banned
|rule|Evasion Abilities Clause: Evasion abilities are banned
|rule|Sleep Moves Clause: Sleep-inducing moves are banned
|clearpoke
|poke|p1|Glimmora, M|
|poke|p1|Great Tusk|
|poke|p1|Manaphy|
|poke|p1|Dragonite, M|
|poke|p1|Dragapult, F|
|poke|p1|Kingambit, F|
|poke|p2|Glastrier|
|poke|p2|Slowking-Galar, F|
|poke|p2|Heatran, F|
|poke|p2|Tornadus-Therian, M|
|poke|p2|Enamorus, F|
|poke|p2|Great Tusk|
|teampreview
|inactive|Battle timer is ON: inactive players will automatically lose when time's up. (requested by ALT1 Lord Greed)
|j| Monkey D MinMin
|
|t:|1776097922
|teamsize|p1|6
|teamsize|p2|6
|start
|switch|p1a: Manaphy|Manaphy|100/100
|switch|p2a: Slowking|Slowking-Galar, F|100/100
|turn|1
|
|t:|1776097926
|move|p1a: Manaphy|Tail Glow|p1a: Manaphy
|-boost|p1a: Manaphy|spa|3
|move|p2a: Slowking|Future Sight|p1a: Manaphy
|-start|p2a: Slowking|move: Future Sight
|
|upkeep
|turn|2
|
|t:|1776097929
|-terastallize|p2a: Slowking|Water
|move|p1a: Manaphy|Scald|p2a: Slowking
|-resisted|p2a: Slowking
|-damage|p2a: Slowking|80/100
|-status|p2a: Slowking|brn
|move|p2a: Slowking|Sludge Bomb|p1a: Manaphy
|-damage|p1a: Manaphy|69/100
|-status|p1a: Manaphy|psn
|
|-heal|p1a: Manaphy|75/100 psn|[from] item: Leftovers
|-damage|p1a: Manaphy|63/100 psn|[from] psn
|-damage|p2a: Slowking|74/100 brn|[from] brn
|upkeep
|turn|3
|
|t:|1776097932
|move|p1a: Manaphy|Energy Ball|p2a: Slowking
|-supereffective|p2a: Slowking
|-damage|p2a: Slowking|4/100 brn
|-prepare|p2a: Slowking|Chilly Reception|[premajor]
|move|p2a: Slowking|Chilly Reception|p2a: Slowking
|-weather|Snowscape
|
|t:|1776097936
|switch|p2a: Enamorus|Enamorus, F|100/100|[from] Chilly Reception
|
|-weather|Snowscape|[upkeep]
|-end|p1a: Manaphy|move: Future Sight
|-damage|p1a: Manaphy|21/100 psn
|-heal|p1a: Manaphy|27/100 psn|[from] item: Leftovers
|-damage|p1a: Manaphy|15/100 psn|[from] psn
|upkeep
|turn|4
|
|t:|1776097942
|move|p2a: Enamorus|Moonblast|p1a: Manaphy
|-damage|p1a: Manaphy|0 fnt
|faint|p1a: Manaphy
|
|-weather|Snowscape|[upkeep]
|upkeep
|
|t:|1776097947
|switch|p1a: Glimmora|Glimmora, M|100/100
|turn|5
|
|t:|1776097951
|switch|p2a: Slowking|Slowking-Galar, F, tera:Water|37/100 brn
|move|p1a: Glimmora|Stealth Rock|p2a: Slowking
|-sidestart|p2: ALT1 Lord Greed|move: Stealth Rock
|
|-weather|Snowscape|[upkeep]
|-damage|p2a: Slowking|31/100 brn|[from] brn
|upkeep
|turn|6
|
|t:|1776097977
|switch|p2a: Heatran|Heatran, F|100/100
|-damage|p2a: Heatran|88/100|[from] Stealth Rock
|move|p1a: Glimmora|Sludge Wave|p2a: Heatran
|-immune|p2a: Heatran
|
|-weather|Snowscape|[upkeep]
|-heal|p2a: Heatran|94/100|[from] item: Leftovers
|upkeep
|turn|7
|
|t:|1776097982
|move|p1a: Glimmora|Power Gem|p2a: Heatran
|-damage|p2a: Heatran|73/100
|move|p2a: Heatran|Earth Power|p1a: Glimmora
|-supereffective|p1a: Glimmora
|-damage|p1a: Glimmora|0 fnt
|faint|p1a: Glimmora
|
|-weather|none
|-heal|p2a: Heatran|79/100|[from] item: Leftovers
|upkeep
|
|t:|1776097989
|switch|p1a: Dragapult|Dragapult, F|100/100
|turn|8
|
|t:|1776097992
|move|p1a: Dragapult|Hydro Pump|p2a: Heatran
|-supereffective|p2a: Heatran
|-damage|p2a: Heatran|29/100
|-damage|p1a: Dragapult|91/100|[from] item: Life Orb
|move|p2a: Heatran|Earth Power|p1a: Dragapult
|-damage|p1a: Dragapult|49/100
|
|-heal|p2a: Heatran|35/100|[from] item: Leftovers
|upkeep
|turn|9
|
|t:|1776097999
|switch|p2a: Slowking|Slowking-Galar, F, tera:Water|64/100 brn
|move|p1a: Dragapult|Hydro Pump|p2a: Slowking
|-resisted|p2a: Slowking
|-damage|p2a: Slowking|52/100 brn
|-damage|p1a: Dragapult|39/100|[from] item: Life Orb
|
|-damage|p2a: Slowking|46/100 brn|[from] brn
|upkeep
|turn|10
|
|t:|1776098005
|switch|p2a: Heatran|Heatran, F|35/100
|-damage|p2a: Heatran|23/100|[from] Stealth Rock
|move|p1a: Dragapult|Dragon Darts|p2a: Heatran
|-resisted|p2a: Heatran
|-damage|p2a: Heatran|12/100
|-anim|p1a: Dragapult|Dragon Darts|p2a: Heatran
|-resisted|p2a: Heatran
|-damage|p2a: Heatran|0 fnt
|faint|p2a: Heatran
|-damage|p1a: Dragapult|30/100|[from] item: Life Orb
|
|upkeep
|
|t:|1776098007
|switch|p2a: Enamorus|Enamorus, F|100/100
|-damage|p2a: Enamorus|76/100|[from] Stealth Rock
|turn|11
|
|t:|1776098026
|move|p2a: Enamorus|Moonblast|p1a: Dragapult
|-supereffective|p1a: Dragapult
|-damage|p1a: Dragapult|0 fnt
|faint|p1a: Dragapult
|
|upkeep
|
|t:|1776098030
|switch|p1a: Dragonite|Dragonite, M|100/100
|turn|12
|
|t:|1776098037
|move|p2a: Enamorus|Moonblast|p1a: Dragonite
|-supereffective|p1a: Dragonite
|-damage|p1a: Dragonite|43/100
|move|p1a: Dragonite|Dragon Dance|p1a: Dragonite
|-boost|p1a: Dragonite|atk|1
|-boost|p1a: Dragonite|spe|1
|
|upkeep
|turn|13
|
|t:|1776098044
|switch|p2a: Tornadus|Tornadus-Therian, M|100/100
|-terastallize|p1a: Dragonite|Fire
|move|p1a: Dragonite|Fire Punch|p2a: Tornadus
|-crit|p2a: Tornadus
|-damage|p2a: Tornadus|0 fnt
|faint|p2a: Tornadus
|
|upkeep
|
|t:|1776098048
|switch|p2a: Great Tusk|Great Tusk|100/100
|turn|14
|
|t:|1776098052
|move|p1a: Dragonite|Outrage|p2a: Great Tusk
|-damage|p2a: Great Tusk|31/100
|move|p2a: Great Tusk|Headlong Rush|p1a: Dragonite
|-supereffective|p1a: Dragonite
|-damage|p1a: Dragonite|0 fnt
|-unboost|p2a: Great Tusk|def|1
|-unboost|p2a: Great Tusk|spd|1
|faint|p1a: Dragonite
|
|upkeep
|
|t:|1776098057
|switch|p1a: Great Tusk|Great Tusk|100/100
|-enditem|p1a: Great Tusk|Booster Energy
|-activate|p1a: Great Tusk|ability: Protosynthesis|[fromitem]
|-start|p1a: Great Tusk|protosynthesisspe
|turn|15
|l| Monkey D MinMin
|
|t:|1776098087
|-end|p2a: Great Tusk|Protosynthesis|[silent]
|switch|p2a: Glastrier|Glastrier|100/100
|-damage|p2a: Glastrier|76/100|[from] Stealth Rock
|move|p1a: Great Tusk|Ice Spinner|p2a: Glastrier
|-resisted|p2a: Glastrier
|-damage|p2a: Glastrier|67/100
|
|upkeep
|turn|16
|
|t:|1776098090
|move|p1a: Great Tusk|Bulk Up|p1a: Great Tusk
|-boost|p1a: Great Tusk|atk|1
|-boost|p1a: Great Tusk|def|1
|move|p2a: Glastrier|Icicle Crash|p1a: Great Tusk
|-supereffective|p1a: Great Tusk
|-damage|p1a: Great Tusk|58/100
|
|upkeep
|turn|17
|-activate|p2a: Glastrier|item: Quick Claw
|
|t:|1776098096
|move|p2a: Glastrier|Icicle Crash|p1a: Great Tusk
|-supereffective|p1a: Great Tusk
|-crit|p1a: Great Tusk
|-damage|p1a: Great Tusk|0 fnt
|faint|p1a: Great Tusk
|-end|p1a: Great Tusk|Protosynthesis|[silent]
|-ability|p2a: Glastrier|Chilling Neigh|boost
|-boost|p2a: Glastrier|atk|1
|
|upkeep
|
|t:|1776098102
|switch|p1a: Kingambit|Kingambit, F|100/100
|-activate|p1a: Kingambit|ability: Supreme Overlord
|-start|p1a: Kingambit|fallen5|[silent]
|turn|18
|-activate|p2a: Glastrier|item: Quick Claw
|
|t:|1776098105
|move|p2a: Glastrier|Close Combat|p1a: Kingambit
|-supereffective|p1a: Kingambit
|-damage|p1a: Kingambit|0 fnt
|-unboost|p2a: Glastrier|def|1
|-unboost|p2a: Glastrier|spd|1
|faint|p1a: Kingambit
|-end|p1a: Kingambit|fallen5|[silent]
|
|win|ALT1 Lord Greed
|raw|Smimr's rating: 1554 &rarr; <strong>1531</strong><br />(-23 for losing)
|raw|ALT1 Lord Greed's rating: 1507 &rarr; <strong>1530</strong><br />(+23 for winning)
|l|☆ALT1 Lord Greed
|player|p2|
|l|‽Smimr
|player|p1|
