|html|<div class="broadcast-blue"><strong>[Gen 9] OU is currently suspecting Tera Blast! For information on how to participate check out the <a href="https://www.smogon.com/tools/suspects/view/200">suspect thread</a>.</strong></div>
|j|☆Griggler1234
|j|☆NeonCanTrain
|t:|1776121767
|gametype|singles
|player|p1|Griggler1234|102|1047
|player|p2|NeonCanTrain|unknown|1000
|gen|9
|tier|[Gen 9] OU
|rated|
|rule|HP Percentage Mod: HP is shown in percentages
|rule|Endless Battle Clause: Forcing endless battles is banned
|rule|Species Clause: Limit one of each Pokémon
|rule|OHKO Clause: OHKO moves are banned
|rule|Evasion Items Clause: Evasion items are banned
|rule|Evasion Moves Clause: Evasion moves are banned
|rule|Evasion Abilities Clause: Evasion abilities are banned
|rule|Sleep Moves Clause: Sleep-inducing moves are banned
|clearpoke
|poke|p1|Gardevoir, F|
|poke|p1|Weezing-Galar, F|
|poke|p1|Golduck, F|
|poke|p1|Spidops, F|
|poke|p1|Incineroar, M|
|poke|p1|Gholdengo|
|poke|p2|Ceruledge, F|
|poke|p2|Kyurem|
|poke|p2|Iron Valiant|
|poke|p2|Rillaboom, M|
|poke|p2|Gholdengo|
|poke|p2|Primarina, F|
|teampreview
|
|t:|1776121787
|teamsize|p1|6
|teamsize|p2|6
|start
|switch|p1a: Spidops|Spidops, F, shiny|100/100
|switch|p2a: Ceruledge|Ceruledge, F|100/100
|turn|1
|
|t:|1776121794
|move|p2a: Ceruledge|Swords Dance|p2a: Ceruledge
|-boost|p2a: Ceruledge|atk|2
|move|p1a: Spidops|Spikes|p2a: Ceruledge
|-sidestart|p2: NeonCanTrain|Spikes
|
|upkeep
|turn|2
|
|t:|1776121802
|move|p2a: Ceruledge|Bitter Blade|p1a: Spidops
|-supereffective|p1a: Spidops
|-enditem|p1a: Spidops|Focus Sash
|-damage|p1a: Spidops|1/100
|-damage|p2a: Ceruledge|91/100|[from] item: Life Orb
|move|p1a: Spidops|Toxic Spikes|p2a: Ceruledge
|-sidestart|p2: NeonCanTrain|move: Toxic Spikes
|
|upkeep
|turn|3
|
|t:|1776121811
|move|p2a: Ceruledge|Shadow Sneak|p1a: Spidops
|-damage|p1a: Spidops|0 fnt
|faint|p1a: Spidops
|-damage|p2a: Ceruledge|81/100|[from] item: Life Orb
|
|upkeep
|
|t:|1776121816
|switch|p1a: Weezing|Weezing-Galar, F|100/100
|-fieldstart|move: Misty Terrain|[from] ability: Misty Surge|[of] p1a: Weezing
|turn|4
|
|t:|1776121824
|move|p2a: Ceruledge|Bitter Blade|p1a: Weezing
|-damage|p1a: Weezing|0 fnt
|-heal|p2a: Ceruledge|100/100|[from] drain|[of] p1a: Weezing
|faint|p1a: Weezing
|-damage|p2a: Ceruledge|91/100|[from] item: Life Orb
|
|upkeep
|
|t:|1776121832
|switch|p1a: Incineroar|Incineroar, M|100/100
|-ability|p1a: Incineroar|Intimidate|boost
|-unboost|p2a: Ceruledge|atk|1
|turn|5
|
|t:|1776121844
|move|p1a: Incineroar|Fake Out|p2a: Ceruledge
|-immune|p2a: Ceruledge
|move|p2a: Ceruledge|Bitter Blade|p1a: Incineroar
|-resisted|p1a: Incineroar
|-damage|p1a: Incineroar|65/100
|-heal|p2a: Ceruledge|100/100|[from] drain|[of] p1a: Incineroar
|-damage|p2a: Ceruledge|91/100|[from] item: Life Orb
|
|-heal|p1a: Incineroar|71/100|[from] item: Leftovers
|upkeep
|turn|6
|
|t:|1776121857
|move|p1a: Incineroar|Protect|p1a: Incineroar
|-singleturn|p1a: Incineroar|Protect
|move|p2a: Ceruledge|Swords Dance|p2a: Ceruledge
|-boost|p2a: Ceruledge|atk|2
|
|-heal|p1a: Incineroar|77/100|[from] item: Leftovers
|upkeep
|turn|7
|
|t:|1776121871
|-terastallize|p1a: Incineroar|Ghost
|move|p2a: Ceruledge|Bitter Blade|p1a: Incineroar
|-damage|p1a: Incineroar|0 fnt
|-heal|p2a: Ceruledge|100/100|[from] drain|[of] p1a: Incineroar
|faint|p1a: Incineroar
|-damage|p2a: Ceruledge|91/100|[from] item: Life Orb
|
|upkeep
|
|t:|1776121879
|switch|p1a: Golduck|Golduck, F|100/100
|turn|8
|
|t:|1776121886
|-terastallize|p2a: Ceruledge|Ghost
|move|p2a: Ceruledge|Bitter Blade|p1a: Golduck
|-resisted|p1a: Golduck
|-damage|p1a: Golduck|19/100
|-heal|p2a: Ceruledge|100/100|[from] drain|[of] p1a: Golduck
|-damage|p2a: Ceruledge|91/100|[from] item: Life Orb
|move|p1a: Golduck|Simple Beam|p2a: Ceruledge
|-ability|p2a: Ceruledge|Simple|Weak Armor|[from] move: Simple Beam
|
|-fieldend|Misty Terrain
|upkeep
|turn|9
|
|t:|1776121899
|move|p2a: Ceruledge|Shadow Sneak|p1a: Golduck
|-damage|p1a: Golduck|0 fnt
|faint|p1a: Golduck
|-damage|p2a: Ceruledge|81/100|[from] item: Life Orb
|
|upkeep
|
|t:|1776121905
|switch|p1a: Gardevoir|Gardevoir, F, shiny|100/100
|-ability|p1a: Gardevoir|Simple|Trace|[from] ability: Trace|[of] p2a: Ceruledge
|turn|10
|
|t:|1776121920
|move|p2a: Ceruledge|Bitter Blade|p1a: Gardevoir
|-damage|p1a: Gardevoir|0 fnt
|-heal|p2a: Ceruledge|100/100|[from] drain|[of] p1a: Gardevoir
|faint|p1a: Gardevoir
|-damage|p2a: Ceruledge|91/100|[from] item: Life Orb
|
|upkeep
|c|☆Griggler1234|boi
|
|t:|1776121926
|switch|p1a: Gholdengo|Gholdengo|100/100
|turn|11
|
|t:|1776121930
|move|p1a: Gholdengo|Shadow Ball|p2a: Ceruledge
|-supereffective|p2a: Ceruledge
|-damage|p2a: Ceruledge|0 fnt
|faint|p2a: Ceruledge
|
|upkeep
|
|t:|1776121946
|switch|p2a: Kyurem|Kyurem|100/100
|-damage|p2a: Kyurem|88/100|[from] Spikes
|-status|p2a: Kyurem|psn
|-ability|p2a: Kyurem|Pressure
|turn|12
|
|t:|1776121968
|move|p1a: Gholdengo|Shadow Ball|p2a: Kyurem
|-damage|p2a: Kyurem|49/100 psn
|move|p2a: Kyurem|Earth Power|p1a: Gholdengo
|-supereffective|p1a: Gholdengo
|-damage|p1a: Gholdengo|0 fnt
|faint|p1a: Gholdengo
|
|win|NeonCanTrain
|raw|Griggler1234's rating: 1047 &rarr; <strong>1028</strong><br />(-19 for losing)
|raw|NeonCanTrain's rating: 1000 &rarr; <strong>1045</strong><br />(+45 for winning)
