|html|<div class="broadcast-blue"><strong>[Gen 9] OU is currently suspecting Tera Blast! For information on how to participate check out the <a href="https://www.smogon.com/tools/suspects/view/200">suspect thread</a>.</strong></div>
|j|☆mothfox
|j|‽GODKUD
|t:|1776108538
|gametype|singles
|player|p1|mothfox|colress|1254
|player|p2|GODKUD|ghetsis-gen5bw|1354
|gen|9
|tier|[Gen 9] OU
|rated|
|rule|HP Percentage Mod: HP is shown in percentages
|rule|Endless Battle Clause: Forcing endless battles is banned
|rule|Species Clause: Limit one of each Pokémon
|rule|OHKO Clause: OHKO moves are banned
|rule|Evasion Items Clause: Evasion items are banned
|rule|Evasion Moves Clause: Evasion moves are banned
|rule|Evasion Abilities Clause: Evasion abilities are banned
|rule|Sleep Moves Clause: Sleep-inducing moves are banned
|clearpoke
|poke|p1|Gliscor, F|
|poke|p1|Blissey, F|
|poke|p1|Dondozo, M|
|poke|p1|Weezing-Galar, M|
|poke|p1|Toxapex, M|
|poke|p1|Tornadus-Therian, M|
|poke|p2|Feraligatr, F|
|poke|p2|Conkeldurr, M|
|poke|p2|Haxorus, M|
|poke|p2|Deoxys-Speed|
|poke|p2|Tornadus-Therian, M|
|poke|p2|Rampardos, F|
|teampreview
|inactive|Battle timer is ON: inactive players will automatically lose when time's up. (requested by mothfox)
|c|☆mothfox|glhf
|c|☆mothfox|rampardos is based
|
|t:|1776108559
|teamsize|p1|6
|teamsize|p2|6
|start
|switch|p1a: Birb|Tornadus-Therian, M|100/100
|switch|p2a: Deoxys|Deoxys-Speed|100/100
|-ability|p2a: Deoxys|Pressure
|turn|1
|
|t:|1776108572
|move|p2a: Deoxys|Taunt|p1a: Birb
|-start|p1a: Birb|move: Taunt
|move|p1a: Birb|U-turn|p2a: Deoxys
|-supereffective|p2a: Deoxys
|-damage|p2a: Deoxys|66/100
|
|t:|1776108578
|switch|p1a: Not Landorous|Gliscor, F|100/100|[from] U-turn
|
|-status|p1a: Not Landorous|tox|[from] item: Toxic Orb
|upkeep
|turn|2
|
|t:|1776108584
|move|p2a: Deoxys|Stealth Rock|p1a: Not Landorous
|-sidestart|p1: mothfox|move: Stealth Rock
|move|p1a: Not Landorous|Knock Off|p2a: Deoxys
|-supereffective|p2a: Deoxys
|-damage|p2a: Deoxys|12/100
|-enditem|p2a: Deoxys|Light Clay|[from] move: Knock Off|[of] p1a: Not Landorous
|
|upkeep
|turn|3
|
|t:|1776108595
|move|p2a: Deoxys|Taunt|p1a: Not Landorous
|-start|p1a: Not Landorous|move: Taunt
|cant|p1a: Not Landorous|move: Taunt|Spikes
|
|upkeep
|turn|4
|
|t:|1776108601
|move|p2a: Deoxys|Reflect|p2a: Deoxys
|-sidestart|p2: GODKUD|Reflect
|move|p1a: Not Landorous|Earthquake|p2a: Deoxys
|-damage|p2a: Deoxys|0 fnt
|faint|p2a: Deoxys
|
|upkeep
|
|t:|1776108605
|switch|p2a: Haxorus|Haxorus, M|100/100
|-ability|p2a: Haxorus|Mold Breaker
|turn|5
|
|t:|1776108614
|move|p2a: Haxorus|Swords Dance|p2a: Haxorus
|-boost|p2a: Haxorus|atk|2
|move|p1a: Not Landorous|Knock Off|p2a: Haxorus
|-damage|p2a: Haxorus|87/100
|-enditem|p2a: Haxorus|Loaded Dice|[from] move: Knock Off|[of] p1a: Not Landorous
|
|-end|p1a: Not Landorous|move: Taunt
|upkeep
|turn|6
|
|t:|1776108633
|switch|p1a: Whale|Dondozo, M|100/100
|move|p2a: Haxorus|Scale Shot|p1a: Whale
|-damage|p1a: Whale|87/100
|-damage|p1a: Whale|74/100
|-hitcount|p1a: Whale|2
|-unboost|p2a: Haxorus|def|1
|-boost|p2a: Haxorus|spe|1
|
|upkeep
|turn|7
|
|t:|1776108649
|switch|p2a: Conkeldurr|Conkeldurr, M|100/100
|move|p1a: Whale|Body Press|p2a: Conkeldurr
|-damage|p2a: Conkeldurr|86/100
|
|-status|p2a: Conkeldurr|brn|[from] item: Flame Orb
|upkeep
|turn|8
|
|t:|1776108660
|switch|p1a: Pexapex|Toxapex, M|100/100
|move|p2a: Conkeldurr|Knock Off|p1a: Pexapex
|-damage|p1a: Pexapex|54/100
|-enditem|p1a: Pexapex|Heavy-Duty Boots|[from] move: Knock Off|[of] p2a: Conkeldurr
|
|-damage|p2a: Conkeldurr|80/100 brn|[from] brn
|-sideend|p2: GODKUD|Reflect
|upkeep
|turn|9
|inactive|mothfox has 120 seconds left.
|
|t:|1776108698
|switch|p1a: Birb|Tornadus-Therian, M|100/100
|move|p2a: Conkeldurr|Facade|p1a: Birb
|-damage|p1a: Birb|9/100
|
|-damage|p2a: Conkeldurr|74/100 brn|[from] brn
|upkeep
|turn|10
|
|t:|1776108711
|move|p2a: Conkeldurr|Mach Punch|p1a: Birb
|-resisted|p1a: Birb
|-damage|p1a: Birb|0 fnt
|faint|p1a: Birb
|
|-damage|p2a: Conkeldurr|68/100 brn|[from] brn
|upkeep
|
|t:|1776108716
|switch|p1a: Stax|Weezing-Galar, M|100/100
|-ability|p1a: Stax|Neutralizing Gas
|turn|11
|
|t:|1776108724
|move|p2a: Conkeldurr|Knock Off|p1a: Stax
|-resisted|p1a: Stax
|-damage|p1a: Stax|95/100
|-enditem|p1a: Stax|Heavy-Duty Boots|[from] move: Knock Off|[of] p2a: Conkeldurr
|move|p1a: Stax|Sludge Bomb|p2a: Conkeldurr
|-damage|p2a: Conkeldurr|34/100 brn
|
|-damage|p2a: Conkeldurr|28/100 brn|[from] brn
|upkeep
|turn|12
|inactive|mothfox has 120 seconds left.
|
|t:|1776108733
|switch|p2a: Rampardos|Rampardos, F|100/100
|move|p1a: Stax|Sludge Bomb|p2a: Rampardos
|-resisted|p2a: Rampardos
|-damage|p2a: Rampardos|77/100
|
|upkeep
|turn|13
|
|t:|1776108740
|move|p2a: Rampardos|Rock Slide|p1a: Stax
|-damage|p1a: Stax|51/100
|-damage|p2a: Rampardos|67/100|[from] item: Life Orb
|move|p1a: Stax|Will-O-Wisp|p2a: Rampardos
|-status|p2a: Rampardos|brn
|
|-damage|p2a: Rampardos|61/100 brn|[from] brn
|upkeep
|turn|14
|
|t:|1776108752
|-end|p1a: Stax|ability: Neutralizing Gas
|switch|p1a: Not Landorous|Gliscor, F|100/100 tox
|-damage|p1a: Not Landorous|88/100 tox|[from] Stealth Rock
|move|p2a: Rampardos|Swords Dance|p2a: Rampardos
|-boost|p2a: Rampardos|atk|2
|
|-heal|p1a: Not Landorous|100/100 tox|[from] ability: Poison Heal
|-damage|p2a: Rampardos|55/100 brn|[from] brn
|upkeep
|turn|15
|
|t:|1776108766
|move|p1a: Not Landorous|Protect|p1a: Not Landorous
|-singleturn|p1a: Not Landorous|Protect
|move|p2a: Rampardos|Rock Slide|p1a: Not Landorous
|-activate|p1a: Not Landorous|move: Protect
|
|-damage|p2a: Rampardos|49/100 brn|[from] brn
|upkeep
|turn|16
|
|t:|1776108773
|move|p1a: Not Landorous|Knock Off|p2a: Rampardos
|-damage|p2a: Rampardos|17/100 brn
|-enditem|p2a: Rampardos|Life Orb|[from] move: Knock Off|[of] p1a: Not Landorous
|move|p2a: Rampardos|Rock Slide|p1a: Not Landorous
|-damage|p1a: Not Landorous|45/100 tox
|
|-heal|p1a: Not Landorous|58/100 tox|[from] ability: Poison Heal
|-damage|p2a: Rampardos|11/100 brn|[from] brn
|upkeep
|turn|17
|
|t:|1776108789
|switch|p1a: Pexapex|Toxapex, M|87/100
|-damage|p1a: Pexapex|75/100|[from] Stealth Rock
|move|p2a: Rampardos|Rock Slide|p1a: Pexapex
|-damage|p1a: Pexapex|28/100
|
|-damage|p2a: Rampardos|5/100 brn|[from] brn
|upkeep
|turn|18
|
|t:|1776108803
|switch|p1a: Whale|Dondozo, M|74/100
|move|p2a: Rampardos|Rock Slide|p1a: Whale
|-damage|p1a: Whale|58/100
|
|-damage|p2a: Rampardos|0 fnt|[from] brn
|faint|p2a: Rampardos
|upkeep
|
|t:|1776108808
|switch|p2a: Haxorus|Haxorus, M|87/100
|-ability|p2a: Haxorus|Mold Breaker
|turn|19
|
|t:|1776108818
|move|p2a: Haxorus|Swords Dance|p2a: Haxorus
|-boost|p2a: Haxorus|atk|2
|move|p1a: Whale|Body Press|p2a: Haxorus
|-damage|p2a: Haxorus|50/100
|
|upkeep
|turn|20
|
|t:|1776108828
|move|p2a: Haxorus|Poison Jab|p1a: Whale
|-damage|p1a: Whale|30/100
|move|p1a: Whale|Rest|p1a: Whale
|-status|p1a: Whale|slp|[from] move: Rest
|-heal|p1a: Whale|100/100 slp|[silent]
|
|upkeep
|turn|21
|
|t:|1776108835
|move|p2a: Haxorus|Swords Dance|p2a: Haxorus
|-boost|p2a: Haxorus|atk|2
|cant|p1a: Whale|slp
|move|p1a: Whale|Sleep Talk|p1a: Whale
|move|p1a: Whale|Waterfall|p2a: Haxorus|[from] move: Sleep Talk
|-resisted|p2a: Haxorus
|-damage|p2a: Haxorus|32/100
|
|upkeep
|turn|22
|
|t:|1776108843
|move|p2a: Haxorus|Poison Jab|p1a: Whale
|-damage|p1a: Whale|58/100 slp
|cant|p1a: Whale|slp
|move|p1a: Whale|Sleep Talk|p1a: Whale
|move|p1a: Whale|Body Press|p2a: Haxorus|[from] move: Sleep Talk
|-damage|p2a: Haxorus|0 fnt
|faint|p2a: Haxorus
|
|upkeep
|
|t:|1776108851
|switch|p2a: Tornadus|Tornadus-Therian, M|100/100
|turn|23
|
|t:|1776108857
|move|p2a: Tornadus|Grass Knot|p1a: Whale
|-supereffective|p1a: Whale
|-damage|p1a: Whale|0 fnt
|faint|p1a: Whale
|-damage|p2a: Tornadus|91/100|[from] item: Life Orb
|
|upkeep
|
|t:|1776108863
|switch|p1a: Blob|Blissey, F|100/100
|turn|24
|
|t:|1776108867
|switch|p2a: Conkeldurr|Conkeldurr, M|28/100 brn
|move|p1a: Blob|Stealth Rock|p2a: Conkeldurr
|-sidestart|p2: GODKUD|move: Stealth Rock
|
|-damage|p2a: Conkeldurr|22/100 brn|[from] brn
|upkeep
|turn|25
|
|t:|1776108876
|switch|p1a: Stax|Weezing-Galar, M|51/100
|-ability|p1a: Stax|Neutralizing Gas
|-damage|p1a: Stax|39/100|[from] Stealth Rock
|move|p2a: Conkeldurr|Facade|p1a: Stax
|-damage|p1a: Stax|3/100
|
|-damage|p2a: Conkeldurr|16/100 brn|[from] brn
|upkeep
|turn|26
|
|t:|1776108892
|move|p2a: Conkeldurr|Mach Punch|p1a: Stax
|-resisted|p1a: Stax
|-damage|p1a: Stax|1/100
|move|p1a: Stax|Sludge Bomb|p2a: Conkeldurr
|-damage|p2a: Conkeldurr|0 fnt
|faint|p2a: Conkeldurr
|
|upkeep
|
|t:|1776108899
|switch|p2a: Feraligatr|Feraligatr, F|100/100
|-damage|p2a: Feraligatr|88/100|[from] Stealth Rock
|turn|27
|
|t:|1776108906
|move|p2a: Feraligatr|Liquidation|p1a: Stax
|-damage|p1a: Stax|0 fnt
|faint|p1a: Stax
|-end|p1a: Stax|ability: Neutralizing Gas
|-damage|p2a: Feraligatr|78/100|[from] item: Life Orb
|
|upkeep
|
|t:|1776108912
|switch|p1a: Pexapex|Toxapex, M|61/100
|-damage|p1a: Pexapex|49/100|[from] Stealth Rock
|turn|28
|
|t:|1776108921
|-terastallize|p2a: Feraligatr|Dark
|move|p2a: Feraligatr|Crunch|p1a: Pexapex
|-damage|p1a: Pexapex|1/100
|move|p1a: Pexapex|Toxic|p2a: Feraligatr
|-status|p2a: Feraligatr|tox
|
|-damage|p2a: Feraligatr|72/100 tox|[from] psn
|upkeep
|turn|29
|
|t:|1776108933
|switch|p1a: Not Landorous|Gliscor, F|58/100 tox
|-damage|p1a: Not Landorous|45/100 tox|[from] Stealth Rock
|move|p2a: Feraligatr|Dragon Dance|p2a: Feraligatr
|-boost|p2a: Feraligatr|atk|1
|-boost|p2a: Feraligatr|spe|1
|
|-damage|p2a: Feraligatr|60/100 tox|[from] psn
|-heal|p1a: Not Landorous|58/100 tox|[from] ability: Poison Heal
|upkeep
|turn|30
|
|t:|1776108944
|move|p1a: Not Landorous|Protect|p1a: Not Landorous
|-singleturn|p1a: Not Landorous|Protect
|move|p2a: Feraligatr|Liquidation|p1a: Not Landorous
|-activate|p1a: Not Landorous|move: Protect
|
|-damage|p2a: Feraligatr|42/100 tox|[from] psn
|-heal|p1a: Not Landorous|70/100 tox|[from] ability: Poison Heal
|upkeep
|turn|31
|inactive|mothfox has 120 seconds left.
|
|t:|1776108976
|-terastallize|p1a: Not Landorous|Water
|move|p2a: Feraligatr|Liquidation|p1a: Not Landorous
|-resisted|p1a: Not Landorous
|-damage|p1a: Not Landorous|27/100 tox
|move|p1a: Not Landorous|Knock Off|p2a: Feraligatr
|-resisted|p2a: Feraligatr
|-damage|p2a: Feraligatr|31/100 tox
|-enditem|p2a: Feraligatr|Life Orb|[from] move: Knock Off|[of] p1a: Not Landorous
|
|-damage|p2a: Feraligatr|6/100 tox|[from] psn
|-heal|p1a: Not Landorous|39/100 tox|[from] ability: Poison Heal
|upkeep
|turn|32
|inactive|mothfox has 120 seconds left.
|
|t:|1776108997
|move|p1a: Not Landorous|Protect|p1a: Not Landorous
|-singleturn|p1a: Not Landorous|Protect
|move|p2a: Feraligatr|Crunch|p1a: Not Landorous
|-activate|p1a: Not Landorous|move: Protect
|
|-damage|p2a: Feraligatr|0 fnt|[from] psn
|faint|p2a: Feraligatr
|-heal|p1a: Not Landorous|52/100 tox|[from] ability: Poison Heal
|upkeep
|
|t:|1776109001
|switch|p2a: Tornadus|Tornadus-Therian, M|100/100
|-damage|p2a: Tornadus|76/100|[from] Stealth Rock
|turn|33
|inactive|mothfox has 120 seconds left.
|
|t:|1776109015
|move|p2a: Tornadus|Nasty Plot|p2a: Tornadus
|-boost|p2a: Tornadus|spa|2
|move|p1a: Not Landorous|Knock Off|p2a: Tornadus
|-damage|p2a: Tornadus|49/100
|-enditem|p2a: Tornadus|Life Orb|[from] move: Knock Off|[of] p1a: Not Landorous
|
|-heal|p1a: Not Landorous|64/100 tox|[from] ability: Poison Heal
|upkeep
|turn|34
|inactive|mothfox has 120 seconds left.
|
|t:|1776109027
|switch|p1a: Blob|Blissey, F|100/100
|move|p2a: Tornadus|Nasty Plot|p2a: Tornadus
|-boost|p2a: Tornadus|spa|2
|
|upkeep
|turn|35
|inactive|mothfox has 120 seconds left.
|
|t:|1776109034
|move|p2a: Tornadus|Bleakwind Storm|p1a: Blob
|-damage|p1a: Blob|58/100
|move|p1a: Blob|Seismic Toss|p2a: Tornadus
|-damage|p2a: Tornadus|16/100
|
|upkeep
|turn|36
|
|t:|1776109040
|move|p2a: Tornadus|Bleakwind Storm|p1a: Blob
|-damage|p1a: Blob|18/100
|-unboost|p1a: Blob|spe|1
|move|p1a: Blob|Seismic Toss|p2a: Tornadus
|-damage|p2a: Tornadus|0 fnt
|faint|p2a: Tornadus
|
|win|mothfox
|raw|mothfox's rating: 1254 &rarr; <strong>1286</strong><br />(+32 for winning)
|raw|GODKUD's rating: 1354 &rarr; <strong>1328</strong><br />(-26 for losing)
|c|☆mothfox|gg
|l|‽GODKUD
|player|p2|
|l|☆mothfox
|player|p1|
