|html|<div class="broadcast-blue"><strong>[Gen 9] OU is currently suspecting Tera Blast! For information on how to participate check out the <a href="https://www.smogon.com/tools/suspects/view/200">suspect thread</a>.</strong></div>
|j|☆ssjemeraldgr
|j|☆Roguerillah
|t:|1776058012
|gametype|singles
|player|p1|ssjemeraldgr|palmer|1060
|player|p2|Roguerillah|pokemonranger-gen4|1080
|gen|9
|tier|[Gen 9] OU
|rated|
|rule|HP Percentage Mod: HP is shown in percentages
|rule|Endless Battle Clause: Forcing endless battles is banned
|rule|Species Clause: Limit one of each Pokémon
|rule|OHKO Clause: OHKO moves are banned
|rule|Evasion Items Clause: Evasion items are banned
|rule|Evasion Moves Clause: Evasion moves are banned
|rule|Evasion Abilities Clause: Evasion abilities are banned
|rule|Sleep Moves Clause: Sleep-inducing moves are banned
|clearpoke
|poke|p1|Cinderace, F|
|poke|p1|Latias, F|
|poke|p1|Garganacl, M|
|poke|p1|Glimmora, M|
|poke|p1|Donphan, M|
|poke|p1|Kommo-o, M|
|poke|p2|Toxicroak, M|
|poke|p2|Zoroark, F|
|poke|p2|Kingambit, F|
|poke|p2|Araquanid, F|
|poke|p2|Noivern, M|
|poke|p2|Magnezone|
|teampreview
|inactive|Battle timer is ON: inactive players will automatically lose when time's up. (requested by ssjemeraldgr)
|
|t:|1776058031
|teamsize|p1|6
|teamsize|p2|6
|start
|switch|p1a: Cinderace|Cinderace, F|100/100
|switch|p2a: Araquanid|Araquanid, F|100/100
|turn|1
|
|t:|1776058037
|move|p1a: Cinderace|U-turn|p2a: Araquanid
|-start|p1a: Cinderace|typechange|Bug|[from] ability: Libero
|-damage|p2a: Araquanid|64/100
|
|t:|1776058045
|switch|p1a: Kommo-o|Kommo-o, M|100/100|[from] U-turn
|move|p2a: Araquanid|Sticky Web|p1a: Kommo-o
|-sidestart|p1: ssjemeraldgr|move: Sticky Web
|
|upkeep
|turn|2
|
|t:|1776058056
|move|p1a: Kommo-o|Clangorous Soul|p1a: Kommo-o
|-boost|p1a: Kommo-o|atk|1
|-boost|p1a: Kommo-o|def|1
|-boost|p1a: Kommo-o|spa|1
|-boost|p1a: Kommo-o|spd|1
|-boost|p1a: Kommo-o|spe|1
|-damage|p1a: Kommo-o|68/100
|move|p2a: Araquanid|Lunge|p1a: Kommo-o
|-resisted|p1a: Kommo-o
|-damage|p1a: Kommo-o|60/100
|-unboost|p1a: Kommo-o|atk|1
|-damage|p2a: Araquanid|47/100|[from] item: Rocky Helmet|[of] p1a: Kommo-o
|
|upkeep
|turn|3
|
|t:|1776058072
|move|p1a: Kommo-o|Clanging Scales|p2a: Araquanid
|-damage|p2a: Araquanid|0 fnt
|faint|p2a: Araquanid
|-unboost|p1a: Kommo-o|def|1
|
|upkeep
|
|t:|1776058087
|switch|p2a: Noivern|Noivern, M|100/100
|-item|p1a: Kommo-o|Rocky Helmet|[from] ability: Frisk|[of] p2a: Noivern
|turn|4
|
|t:|1776058092
|move|p2a: Noivern|Draco Meteor|p1a: Kommo-o
|-supereffective|p1a: Kommo-o
|-damage|p1a: Kommo-o|4/100
|-unboost|p2a: Noivern|spa|2
|move|p1a: Kommo-o|Clanging Scales|p2a: Noivern
|-supereffective|p2a: Noivern
|-damage|p2a: Noivern|0 fnt
|faint|p2a: Noivern
|-unboost|p1a: Kommo-o|def|1
|
|upkeep
|
|t:|1776058106
|switch|p2a: Kingambit|Kingambit, F|100/100
|-activate|p2a: Kingambit|ability: Supreme Overlord
|-start|p2a: Kingambit|fallen2|[silent]
|turn|5
|
|t:|1776058111
|move|p1a: Kommo-o|Vacuum Wave|p2a: Kingambit
|-supereffective|p2a: Kingambit
|-damage|p2a: Kingambit|3/100
|move|p2a: Kingambit|Sucker Punch||[still]
|-fail|p2a: Kingambit
|
|-heal|p2a: Kingambit|9/100|[from] item: Leftovers
|upkeep
|turn|6
|
|t:|1776058122
|move|p1a: Kommo-o|Vacuum Wave|p2a: Kingambit
|-supereffective|p2a: Kingambit
|-damage|p2a: Kingambit|0 fnt
|faint|p2a: Kingambit
|-end|p2a: Kingambit|fallen2|[silent]
|
|upkeep
|
|t:|1776058131
|switch|p2a: Magnezone|Magnezone|100/100
|turn|7
|
|t:|1776058144
|move|p1a: Kommo-o|Vacuum Wave|p2a: Magnezone
|-supereffective|p2a: Magnezone
|-damage|p2a: Magnezone|0 fnt
|replace|p2a: Zoroark|Zoroark, F
|-end|p2a: Zoroark|Illusion
|faint|p2a: Zoroark
|
|upkeep
|
|t:|1776058150
|switch|p2a: Magnezone|Magnezone|100/100
|turn|8
|
|t:|1776058157
|move|p1a: Kommo-o|Vacuum Wave|p2a: Magnezone
|-supereffective|p2a: Magnezone
|-damage|p2a: Magnezone|29/100
|move|p2a: Magnezone|Volt Switch|p1a: Kommo-o
|-resisted|p1a: Kommo-o
|-damage|p1a: Kommo-o|0 fnt
|faint|p1a: Kommo-o
|
|t:|1776058164
|switch|p2a: Toxicroak|Toxicroak, M|100/100|[from] Volt Switch
|
|upkeep
|
|t:|1776058169
|switch|p1a: Donphan|Donphan, M|100/100
|turn|9
|
|t:|1776058174
|move|p2a: Toxicroak|Swords Dance|p2a: Toxicroak
|-boost|p2a: Toxicroak|atk|2
|move|p1a: Donphan|Earthquake|p2a: Toxicroak
|-supereffective|p2a: Toxicroak
|-damage|p2a: Toxicroak|0 fnt
|faint|p2a: Toxicroak
|
|upkeep
|
|t:|1776058181
|switch|p2a: Magnezone|Magnezone|29/100
|turn|10
|
|t:|1776058186
|move|p2a: Magnezone|Flash Cannon|p1a: Donphan
|-ability|p1a: Donphan|Sturdy
|-damage|p1a: Donphan|1/100
|move|p1a: Donphan|Earthquake|p2a: Magnezone
|-supereffective|p2a: Magnezone
|-damage|p2a: Magnezone|0 fnt
|faint|p2a: Magnezone
|
|win|ssjemeraldgr
|raw|ssjemeraldgr's rating: 1060 &rarr; <strong>1093</strong><br />(+33 for winning)
|raw|Roguerillah's rating: 1080 &rarr; <strong>1057</strong><br />(-23 for losing)
|c|☆Roguerillah|gg
|c|☆ssjemeraldgr|Gg
|l|☆Roguerillah
|player|p2|
|l|☆ssjemeraldgr
|player|p1|
