|j|☆encore21768768
|j|☆Abyssal Bot
|t:|1776262430
|gametype|singles
|player|p1|encore21768768|265|
|player|p2|Abyssal Bot|supernerd|
|teamsize|p1|6
|teamsize|p2|6
|gen|9
|tier|[Gen 9] OU
|rule|Species Clause: Limit one of each Pokémon
|rule|OHKO Clause: OHKO moves are banned
|rule|Evasion Items Clause: Evasion items are banned
|rule|Evasion Moves Clause: Evasion moves are banned
|rule|Endless Battle Clause: Forcing endless battles is banned
|rule|HP Percentage Mod: HP is shown in percentages
|rule|Sleep Moves Clause: Sleep-inducing moves are banned
|clearpoke
|poke|p1|Hatterene, F|
|poke|p1|Pelipper, M|
|poke|p1|Hariyama, F|
|poke|p1|Cresselia, F|
|poke|p1|Ursaluna, F|
|poke|p1|Porygon2|
|poke|p2|Ribombee, M|
|poke|p2|Glimmora, M|
|poke|p2|Manaphy|
|poke|p2|Zamazenta-*|
|poke|p2|Gholdengo|
|poke|p2|Roaring Moon|
|teampreview
|c|☆Abyssal Bot|**WARNING**: Expect much hax.
|inactive|Battle timer is ON: inactive players will automatically lose when time's up. (requested by Abyssal Bot)
|j|*Turbo Bottttt
|
|t:|1776262434
|start
|switch|p1a: JD Dance|Pelipper, M|100/100
|switch|p2a: Ribombee|Ribombee, M|100/100
|-weather|Rain Dance|[from] ability: Drizzle|[of] p1a: JD Dance
|turn|1
|
|t:|1776262438
|move|p2a: Ribombee|Moonblast|p1a: JD Dance
|-damage|p1a: JD Dance|51/100
|move|p1a: JD Dance|Hurricane|p2a: Ribombee
|-supereffective|p2a: Ribombee
|-enditem|p2a: Ribombee|Focus Sash
|-damage|p2a: Ribombee|1/100
|
|-weather|Rain Dance|[upkeep]
|upkeep
|turn|2
|
|t:|1776262441
|move|p2a: Ribombee|Moonblast|p1a: JD Dance
|-crit|p1a: JD Dance
|-damage|p1a: JD Dance|0
|faint|p1a: JD Dance
|
|-weather|Rain Dance|[upkeep]
|upkeep
|c|☆Abyssal Bot|LOL Die!
|
|t:|1776262445
|switch|p1a: Lindsay Throwhandz|Hariyama, F|100/100
|turn|3
|
|t:|1776262448
|move|p1a: Lindsay Throwhandz|Bullet Punch|p2a: Ribombee
|-supereffective|p2a: Ribombee
|-damage|p2a: Ribombee|0
|faint|p2a: Ribombee
|
|-weather|Rain Dance|[upkeep]
|upkeep
|
|t:|1776262448
|switch|p2a: Gholdengo|Gholdengo|100/100
|-item|p2a: Gholdengo|Air Balloon
|turn|4
|
|t:|1776262453
|switch|p1a: Duck Duck Goobs|Porygon2|100/100
|-ability|p1a: Duck Duck Goobs|Download|boost
|-boost|p1a: Duck Duck Goobs|spa|1
|move|p2a: Gholdengo|Thunder Wave|p1a: Duck Duck Goobs
|-status|p1a: Duck Duck Goobs|par
|
|-weather|Rain Dance|[upkeep]
|upkeep
|turn|5
|
|t:|1776262457
|move|p2a: Gholdengo|Make It Rain|p1a: Duck Duck Goobs
|-damage|p1a: Duck Duck Goobs|63/100 par
|-unboost|p2a: Gholdengo|spa|1
|move|p1a: Duck Duck Goobs|Trick Room|p1a: Duck Duck Goobs
|-fieldstart|move: Trick Room|[of] p1a: Duck Duck Goobs
|
|-weather|none
|upkeep
|turn|6
|
|t:|1776262459
|move|p1a: Duck Duck Goobs|Thunder|p2a: Gholdengo
|-damage|p2a: Gholdengo|48/100
|-enditem|p2a: Gholdengo|Air Balloon
|move|p2a: Gholdengo|Make It Rain|p1a: Duck Duck Goobs
|-damage|p1a: Duck Duck Goobs|37/100 par
|-unboost|p2a: Gholdengo|spa|1
|
|upkeep
|turn|7
|
|t:|1776262464
|move|p1a: Duck Duck Goobs|Thunder|p2a: Gholdengo|[miss]
|-miss|p1a: Duck Duck Goobs|p2a: Gholdengo
|move|p2a: Gholdengo|Make It Rain|p1a: Duck Duck Goobs
|-damage|p1a: Duck Duck Goobs|15/100 par
|-unboost|p2a: Gholdengo|spa|1
|
|upkeep
|turn|8
|c|☆Abyssal Bot|That thing needs an eye doctor
|
|t:|1776262466
|move|p1a: Duck Duck Goobs|Thunder|p2a: Gholdengo|[miss]
|-miss|p1a: Duck Duck Goobs|p2a: Gholdengo
|move|p2a: Gholdengo|Make It Rain|p1a: Duck Duck Goobs
|-damage|p1a: Duck Duck Goobs|0 par
|-unboost|p2a: Gholdengo|spa|1
|faint|p1a: Duck Duck Goobs
|
|upkeep
|c|☆Abyssal Bot|That thing needs an eye doctor
|
|t:|1776262471
|switch|p1a: Lindsay Throwhandz|Hariyama, F|100/100
|turn|9
|
|t:|1776262473
|switch|p2a: Glimmora|Glimmora, M|100/100
|move|p1a: Lindsay Throwhandz|Knock Off|p2a: Glimmora
|-damage|p2a: Glimmora|62/100
|-activate|p2a: Glimmora|ability: Toxic Debris
|-sidestart|p1: encore21768768|move: Toxic Spikes
|-enditem|p2a: Glimmora|Power Herb|[from] move: Knock Off|[of] p1a: Lindsay Throwhandz
|
|-fieldend|move: Trick Room
|upkeep
|turn|10
|
|t:|1776262480
|move|p2a: Glimmora|Sludge Bomb|p1a: Lindsay Throwhandz
|-damage|p1a: Lindsay Throwhandz|47/100
|-enditem|p1a: Lindsay Throwhandz|Sitrus Berry|[eat]
|-heal|p1a: Lindsay Throwhandz|72/100|[from] item: Sitrus Berry
|move|p1a: Lindsay Throwhandz|Drain Punch|p2a: Glimmora
|-damage|p2a: Glimmora|17/100
|-heal|p1a: Lindsay Throwhandz|88/100|[from] drain|[of] p2a: Glimmora
|-activate|p2a: Glimmora|ability: Toxic Debris
|-sidestart|p1: encore21768768|move: Toxic Spikes
|
|upkeep
|turn|11
|
|t:|1776262484
|move|p1a: Lindsay Throwhandz|Bullet Punch|p2a: Glimmora
|-supereffective|p2a: Glimmora
|-damage|p2a: Glimmora|0
|faint|p2a: Glimmora
|
|upkeep
|
|t:|1776262484
|switch|p2a: Gholdengo|Gholdengo|48/100
|turn|12
|
|t:|1776262487
|move|p2a: Gholdengo|Make It Rain|p1a: Lindsay Throwhandz
|-damage|p1a: Lindsay Throwhandz|23/100
|-unboost|p2a: Gholdengo|spa|1
|move|p1a: Lindsay Throwhandz|Knock Off|p2a: Gholdengo
|-supereffective|p2a: Gholdengo
|-damage|p2a: Gholdengo|2/100
|
|upkeep
|turn|13
|
|t:|1776262490
|move|p1a: Lindsay Throwhandz|Bullet Punch|p2a: Gholdengo
|-resisted|p2a: Gholdengo
|-crit|p2a: Gholdengo
|-damage|p2a: Gholdengo|0
|faint|p2a: Gholdengo
|
|upkeep
|c|☆Abyssal Bot|Oh crap, that crit...
|
|t:|1776262490
|switch|p2a: Manaphy|Manaphy|100/100
|turn|14
|
|t:|1776262496
|switch|p1a: Better Call Stall|Cresselia, F|100/100
|move|p2a: Manaphy|Surf|p1a: Better Call Stall
|-damage|p1a: Better Call Stall|74/100
|
|upkeep
|turn|15
|
|t:|1776262499
|move|p2a: Manaphy|Surf|p1a: Better Call Stall
|-damage|p1a: Better Call Stall|46/100
|move|p1a: Better Call Stall|Trick Room|p1a: Better Call Stall
|-fieldstart|move: Trick Room|[of] p1a: Better Call Stall
|
|upkeep
|turn|16
|
|t:|1776262505
|move|p1a: Better Call Stall|Lunar Dance|p1a: Better Call Stall
|faint|p1a: Better Call Stall
|move|p2a: Manaphy|Tail Glow|p2a: Manaphy
|-boost|p2a: Manaphy|spa|3
|
|upkeep
|
|t:|1776262507
|switch|p1a: Lindsay Throwhandz|Hariyama, F|23/100
|-heal|p1a: Lindsay Throwhandz|100/100|[from] move: Lunar Dance
|-status|p1a: Lindsay Throwhandz|tox
|turn|17
|
|t:|1776262513
|move|p1a: Lindsay Throwhandz|Drain Punch|p2a: Manaphy
|-damage|p2a: Manaphy|47/100
|move|p2a: Manaphy|Tail Glow|p2a: Manaphy
|-boost|p2a: Manaphy|spa|3
|
|-heal|p2a: Manaphy|53/100|[from] item: Leftovers
|-damage|p1a: Lindsay Throwhandz|94/100 tox|[from] psn|[of] p2: Glimmora
|upkeep
|turn|18
|
|t:|1776262516
|move|p1a: Lindsay Throwhandz|Drain Punch|p2a: Manaphy
|-damage|p2a: Manaphy|0
|-heal|p1a: Lindsay Throwhandz|100/100 tox|[from] drain|[of] p2a: Manaphy
|faint|p2a: Manaphy
|
|-damage|p1a: Lindsay Throwhandz|88/100 tox|[from] psn|[of] p2: Glimmora
|upkeep
|
|t:|1776262516
|switch|p2a: Zamazenta|Zamazenta|100/100
|-ability|p2a: Zamazenta|Dauntless Shield|boost
|-boost|p2a: Zamazenta|def|1
|turn|19
|
|t:|1776262525
|move|p1a: Lindsay Throwhandz|Belly Drum|p1a: Lindsay Throwhandz
|-damage|p1a: Lindsay Throwhandz|38/100 tox
|-setboost|p1a: Lindsay Throwhandz|atk|6|[from] move: Belly Drum
|-enditem|p2a: Zamazenta|Mirror Herb
|-boost|p2a: Zamazenta|atk|6|[from] item: Mirror Herb
|move|p2a: Zamazenta|Body Press|p1a: Lindsay Throwhandz
|-damage|p1a: Lindsay Throwhandz|0 tox
|faint|p1a: Lindsay Throwhandz
|
|-fieldend|move: Trick Room
|upkeep
|
|t:|1776262527
|switch|p1a: Sydney Sipme|Hatterene, F|100/100
|-status|p1a: Sydney Sipme|tox
|turn|20
|
|t:|1776262529
|move|p2a: Zamazenta|Iron Head|p1a: Sydney Sipme
|-supereffective|p1a: Sydney Sipme
|-crit|p1a: Sydney Sipme
|-enditem|p1a: Sydney Sipme|Focus Sash
|-damage|p1a: Sydney Sipme|1/100 tox
|move|p1a: Sydney Sipme|Trick Room|p1a: Sydney Sipme
|-fieldstart|move: Trick Room|[of] p1a: Sydney Sipme
|
|-damage|p1a: Sydney Sipme|0 tox|[from] psn|[of] p2: Glimmora
|faint|p1a: Sydney Sipme
|upkeep
|c|☆Abyssal Bot|I had warned you about hax!! HAHAHA
|
|t:|1776262536
|switch|p1a: Late Hibernation|Ursaluna, F|100/100
|-status|p1a: Late Hibernation|tox
|turn|21
|
|t:|1776262540
|move|p1a: Late Hibernation|Facade|p2a: Zamazenta
|-damage|p2a: Zamazenta|41/100
|move|p2a: Zamazenta|Body Press|p1a: Late Hibernation
|-supereffective|p1a: Late Hibernation
|-damage|p1a: Late Hibernation|27/100 tox
|
|-damage|p1a: Late Hibernation|21/100 tox|[from] psn|[of] p2: Glimmora
|upkeep
|turn|22
|
|t:|1776262543
|move|p1a: Late Hibernation|Facade|p2a: Zamazenta
|-damage|p2a: Zamazenta|0
|faint|p2a: Zamazenta
|
|-damage|p1a: Late Hibernation|8/100 tox|[from] psn|[of] p2: Glimmora
|upkeep
|
|t:|1776262543
|switch|p2a: Roaring Moon|Roaring Moon|100/100
|-enditem|p2a: Roaring Moon|Booster Energy
|-activate|p2a: Roaring Moon|ability: Protosynthesis|[fromitem]
|-start|p2a: Roaring Moon|protosynthesisatk
|turn|23
|
|t:|1776262546
|move|p1a: Late Hibernation|Facade|p2a: Roaring Moon
|-damage|p2a: Roaring Moon|0
|faint|p2a: Roaring Moon
|-end|p2a: Roaring Moon|Protosynthesis|[silent]
|
|win|encore21768768
|c|☆Abyssal Bot|Well Played.
|l|☆Abyssal Bot
|player|p2|
|l|*Turbo Bottttt
