|html|<div class="broadcast-blue"><strong>[Gen 9] OU is currently suspecting Tera Blast! For information on how to participate check out the <a href="https://www.smogon.com/tools/suspects/view/200">suspect thread</a>.</strong></div>
|j|☆just.mr.himself
|j|☆InkyDarkPenguin
|t:|1776287682
|gametype|singles
|player|p1|just.mr.himself|steven|1475
|player|p2|InkyDarkPenguin|allister-masters|1456
|gen|9
|tier|[Gen 9] OU
|rated|
|rule|HP Percentage Mod: HP is shown in percentages
|rule|Endless Battle Clause: Forcing endless battles is banned
|rule|Species Clause: Limit one of each Pokémon
|rule|OHKO Clause: OHKO moves are banned
|rule|Evasion Items Clause: Evasion items are banned
|rule|Evasion Moves Clause: Evasion moves are banned
|rule|Evasion Abilities Clause: Evasion abilities are banned
|rule|Sleep Moves Clause: Sleep-inducing moves are banned
|clearpoke
|poke|p1|Ting-Lu|
|poke|p1|Sinistcha|
|poke|p1|Ogerpon-Wellspring, F|
|poke|p1|Enamorus, F|
|poke|p1|Great Tusk|
|poke|p1|Cinderace, M|
|poke|p2|Corviknight, F|
|poke|p2|Pecharunt|
|poke|p2|Ogerpon-Wellspring, F|
|poke|p2|Iron Valiant|
|poke|p2|Ting-Lu|
|poke|p2|Dragapult, M|
|teampreview
|inactive|Battle timer is ON: inactive players will automatically lose when time's up. (requested by InkyDarkPenguin)
|inactive|just.mr.himself has 120 seconds left.
|
|t:|1776287723
|teamsize|p1|6
|teamsize|p2|6
|start
|switch|p1a: Cinderace|Cinderace, M|100/100
|switch|p2a: Dragapult|Dragapult, M|100/100
|turn|1
|
|t:|1776287737
|switch|p2a: Pecharunt|Pecharunt|100/100
|switch|p1a: Ting-Lu|Ting-Lu|100/100
|-ability|p1a: Ting-Lu|Vessel of Ruin
|
|upkeep
|turn|2
|
|t:|1776287743
|move|p2a: Pecharunt|Malignant Chain|p1a: Ting-Lu
|-resisted|p1a: Ting-Lu
|-damage|p1a: Ting-Lu|94/100
|move|p1a: Ting-Lu|Ruination|p2a: Pecharunt
|-damage|p2a: Pecharunt|50/100
|
|-heal|p1a: Ting-Lu|99/100|[from] item: Leftovers
|upkeep
|turn|3
|
|t:|1776287759
|move|p2a: Pecharunt|Malignant Chain|p1a: Ting-Lu
|-resisted|p1a: Ting-Lu
|-damage|p1a: Ting-Lu|93/100
|move|p1a: Ting-Lu|Stealth Rock|p2a: Pecharunt
|-sidestart|p2: InkyDarkPenguin|move: Stealth Rock
|
|-heal|p1a: Ting-Lu|99/100|[from] item: Leftovers
|upkeep
|turn|4
|
|t:|1776287763
|move|p2a: Pecharunt|Recover|p2a: Pecharunt
|-heal|p2a: Pecharunt|100/100
|move|p1a: Ting-Lu|Earthquake|p2a: Pecharunt
|-supereffective|p2a: Pecharunt
|-damage|p2a: Pecharunt|66/100
|
|-heal|p1a: Ting-Lu|100/100|[from] item: Leftovers
|upkeep
|turn|5
|
|t:|1776287785
|move|p2a: Pecharunt|Malignant Chain|p1a: Ting-Lu
|-resisted|p1a: Ting-Lu
|-damage|p1a: Ting-Lu|94/100
|move|p1a: Ting-Lu|Whirlwind|p2a: Pecharunt
|drag|p2a: Iron Valiant|Iron Valiant|100/100
|-damage|p2a: Iron Valiant|94/100|[from] Stealth Rock
|
|-heal|p1a: Ting-Lu|99/100|[from] item: Leftovers
|upkeep
|turn|6
|
|t:|1776287792
|move|p2a: Iron Valiant|Moonblast|p1a: Ting-Lu
|-supereffective|p1a: Ting-Lu
|-damage|p1a: Ting-Lu|43/100
|move|p1a: Ting-Lu|Ruination|p2a: Iron Valiant
|-damage|p2a: Iron Valiant|48/100
|
|-heal|p1a: Ting-Lu|50/100|[from] item: Leftovers
|upkeep
|turn|7
|
|t:|1776287807
|switch|p1a: Cinderace|Cinderace, M|100/100
|move|p2a: Iron Valiant|Moonblast|p1a: Cinderace
|-resisted|p1a: Cinderace
|-damage|p1a: Cinderace|48/100
|
|upkeep
|turn|8
|
|t:|1776287813
|-end|p2a: Iron Valiant|Quark Drive|[silent]
|switch|p2a: Pecharunt|Pecharunt|66/100
|move|p1a: Cinderace|Pyro Ball|p2a: Pecharunt|[miss]
|-miss|p1a: Cinderace|p2a: Pecharunt
|
|upkeep
|turn|9
|
|t:|1776287819
|move|p1a: Cinderace|U-turn|p2a: Pecharunt
|-start|p1a: Cinderace|typechange|Bug|[from] ability: Libero
|-resisted|p2a: Pecharunt
|-damage|p2a: Pecharunt|62/100
|
|t:|1776287840
|switch|p1a: Great Tusk|Great Tusk|100/100|[from] U-turn
|-enditem|p1a: Great Tusk|Booster Energy
|-activate|p1a: Great Tusk|ability: Protosynthesis|[fromitem]
|-start|p1a: Great Tusk|protosynthesisatk
|move|p2a: Pecharunt|Recover|p2a: Pecharunt
|-heal|p2a: Pecharunt|100/100
|
|upkeep
|turn|10
|inactive|just.mr.himself has 120 seconds left.
|inactive|just.mr.himself has 90 seconds left.
|
|t:|1776287889
|switch|p2a: Corviknight|Corviknight, F, shiny|100/100
|-ability|p2a: Corviknight|Pressure
|move|p1a: Great Tusk|Ice Spinner|p2a: Corviknight
|-damage|p2a: Corviknight|78/100
|
|upkeep
|turn|11
|inactive|just.mr.himself has 90 seconds left.
|
|t:|1776287909
|-end|p1a: Great Tusk|Protosynthesis|[silent]
|switch|p1a: Cinderace|Cinderace, M|48/100
|move|p2a: Corviknight|Defog|p1a: Cinderace
|-unboost|p1a: Cinderace|evasion|1
|-sideend|p2: InkyDarkPenguin|Stealth Rock|[from] move: Defog|[of] p2a: Corviknight
|
|upkeep
|turn|12
|
|t:|1776287914
|switch|p2a: Pecharunt|Pecharunt|100/100
|move|p1a: Cinderace|Pyro Ball|p2a: Pecharunt|[miss]
|-miss|p1a: Cinderace|p2a: Pecharunt
|
|upkeep
|turn|13
|
|t:|1776287918
|move|p1a: Cinderace|U-turn|p2a: Pecharunt
|-start|p1a: Cinderace|typechange|Bug|[from] ability: Libero
|-resisted|p2a: Pecharunt
|-crit|p2a: Pecharunt
|-damage|p2a: Pecharunt|95/100
|
|t:|1776287929
|switch|p1a: Ting-Lu|Ting-Lu|50/100|[from] U-turn
|-ability|p1a: Ting-Lu|Vessel of Ruin
|move|p2a: Pecharunt|Parting Shot|p1a: Ting-Lu
|-unboost|p1a: Ting-Lu|atk|1
|-unboost|p1a: Ting-Lu|spa|1
|
|t:|1776287932
|switch|p2a: Iron Valiant|Iron Valiant|48/100|[from] Parting Shot
|
|-heal|p1a: Ting-Lu|56/100|[from] item: Leftovers
|upkeep
|turn|14
|
|t:|1776287938
|move|p2a: Iron Valiant|Moonblast|p1a: Ting-Lu
|-supereffective|p1a: Ting-Lu
|-damage|p1a: Ting-Lu|0 fnt
|faint|p1a: Ting-Lu
|
|upkeep
|
|t:|1776287950
|switch|p1a: Enamorus|Enamorus, F|100/100
|turn|15
|
|t:|1776287970
|-end|p2a: Iron Valiant|Quark Drive|[silent]
|switch|p2a: Corviknight|Corviknight, F, shiny|78/100
|-ability|p2a: Corviknight|Pressure
|move|p1a: Enamorus|Mystical Fire|p2a: Corviknight
|-supereffective|p2a: Corviknight
|-damage|p2a: Corviknight|22/100
|-unboost|p2a: Corviknight|spa|1
|
|upkeep
|turn|16
|inactive|just.mr.himself has 90 seconds left.
|
|t:|1776287986
|switch|p1a: Ogerpon|Ogerpon-Wellspring, F|100/100
|switch|p2a: Ting-Lu|Ting-Lu|100/100
|-ability|p2a: Ting-Lu|Vessel of Ruin
|
|upkeep
|turn|17
|
|t:|1776287991
|switch|p2a: Pecharunt|Pecharunt|95/100
|move|p1a: Ogerpon|Swords Dance|p1a: Ogerpon
|-boost|p1a: Ogerpon|atk|2
|
|upkeep
|turn|18
|
|t:|1776287994
|move|p1a: Ogerpon|Ivy Cudgel|p2a: Pecharunt|[anim] Ivy Cudgel Water
|-damage|p2a: Pecharunt|41/100
|move|p2a: Pecharunt|Malignant Chain|p1a: Ogerpon
|-supereffective|p1a: Ogerpon
|-damage|p1a: Ogerpon|23/100
|
|upkeep
|turn|19
|
|t:|1776288002
|move|p1a: Ogerpon|Trailblaze|p2a: Pecharunt
|-resisted|p2a: Pecharunt
|-damage|p2a: Pecharunt|27/100
|-boost|p1a: Ogerpon|spe|1
|move|p2a: Pecharunt|Foul Play|p1a: Ogerpon
|-damage|p1a: Ogerpon|0 fnt
|faint|p1a: Ogerpon
|
|upkeep
|
|t:|1776288009
|switch|p1a: Cinderace|Cinderace, M|48/100
|turn|20
|
|t:|1776288012
|move|p1a: Cinderace|Pyro Ball|p2a: Pecharunt
|-damage|p2a: Pecharunt|0 fnt
|faint|p2a: Pecharunt
|
|upkeep
|
|t:|1776288017
|switch|p2a: Dragapult|Dragapult, M|100/100
|turn|21
|
|t:|1776288021
|move|p1a: Cinderace|Sucker Punch|p2a: Dragapult
|-start|p1a: Cinderace|typechange|Dark|[from] ability: Libero
|-supereffective|p2a: Dragapult
|-damage|p2a: Dragapult|15/100
|move|p2a: Dragapult|Dragon Darts|p1a: Cinderace
|-damage|p1a: Cinderace|17/100
|-anim|p2a: Dragapult|Dragon Darts|p1a: Cinderace
|-damage|p1a: Cinderace|0 fnt
|faint|p1a: Cinderace
|
|upkeep
|
|t:|1776288037
|switch|p1a: Enamorus|Enamorus, F|100/100
|turn|22
|
|t:|1776288042
|switch|p2a: Corviknight|Corviknight, F, shiny|22/100
|-ability|p2a: Corviknight|Pressure
|move|p1a: Enamorus|Moonblast|p2a: Corviknight
|-resisted|p2a: Corviknight
|-damage|p2a: Corviknight|0 fnt
|faint|p2a: Corviknight
|
|upkeep
|
|t:|1776288045
|switch|p2a: Ogerpon|Ogerpon-Wellspring, F|100/100
|turn|23
|
|t:|1776288057
|switch|p1a: Great Tusk|Great Tusk|100/100
|move|p2a: Ogerpon|Ivy Cudgel|p1a: Great Tusk|[anim] Ivy Cudgel Water
|-supereffective|p1a: Great Tusk
|-damage|p1a: Great Tusk|16/100
|
|upkeep
|turn|24
|
|t:|1776288062
|move|p2a: Ogerpon|Ivy Cudgel|p1a: Great Tusk|[anim] Ivy Cudgel Water
|-supereffective|p1a: Great Tusk
|-damage|p1a: Great Tusk|0 fnt
|faint|p1a: Great Tusk
|-end|p1a: Great Tusk|Protosynthesis|[silent]
|
|upkeep
|
|t:|1776288064
|switch|p1a: Sinistcha|Sinistcha|100/100
|turn|25
|
|t:|1776288072
|move|p2a: Ogerpon|Swords Dance|p2a: Ogerpon
|-boost|p2a: Ogerpon|atk|2
|move|p1a: Sinistcha|Matcha Gotcha|p2a: Ogerpon
|-damage|p2a: Ogerpon|63/100
|
|upkeep
|turn|26
|
|t:|1776288081
|move|p2a: Ogerpon|Ivy Cudgel|p1a: Sinistcha|[anim] Ivy Cudgel Water
|-resisted|p1a: Sinistcha
|-damage|p1a: Sinistcha|56/100
|move|p1a: Sinistcha|Strength Sap|p2a: Ogerpon
|-unboost|p2a: Ogerpon|atk|1
|-heal|p1a: Sinistcha|100/100
|
|upkeep
|turn|27
|
|t:|1776288087
|move|p2a: Ogerpon|Encore|p1a: Sinistcha
|-start|p1a: Sinistcha|Encore
|move|p1a: Sinistcha|Strength Sap|p2a: Ogerpon
|-unboost|p2a: Ogerpon|atk|1
|
|upkeep
|turn|28
|
|t:|1776288094
|switch|p1a: Enamorus|Enamorus, F|100/100
|move|p2a: Ogerpon|Swords Dance|p2a: Ogerpon
|-boost|p2a: Ogerpon|atk|2
|
|upkeep
|turn|29
|
|t:|1776288104
|-terastallize|p1a: Enamorus|Fairy
|move|p1a: Enamorus|Moonblast|p2a: Ogerpon
|-damage|p2a: Ogerpon|0 fnt
|faint|p2a: Ogerpon
|
|upkeep
|
|t:|1776288111
|switch|p2a: Ting-Lu|Ting-Lu|100/100
|-ability|p2a: Ting-Lu|Vessel of Ruin
|turn|30
|
|t:|1776288127
|-terastallize|p2a: Ting-Lu|Water
|move|p1a: Enamorus|Moonblast|p2a: Ting-Lu
|-damage|p2a: Ting-Lu|67/100
|move|p2a: Ting-Lu|Stealth Rock|p1a: Enamorus
|-sidestart|p1: just.mr.himself|move: Stealth Rock
|
|-heal|p2a: Ting-Lu|74/100|[from] item: Leftovers
|upkeep
|turn|31
|
|t:|1776288134
|switch|p1a: Sinistcha|Sinistcha|100/100
|move|p2a: Ting-Lu|Ruination|p1a: Sinistcha
|-damage|p1a: Sinistcha|50/100
|
|-heal|p2a: Ting-Lu|80/100|[from] item: Leftovers
|upkeep
|turn|32
|
|t:|1776288143
|switch|p2a: Iron Valiant|Iron Valiant|48/100
|move|p1a: Sinistcha|Calm Mind|p1a: Sinistcha
|-boost|p1a: Sinistcha|spa|1
|-boost|p1a: Sinistcha|spd|1
|
|upkeep
|turn|33
|
|t:|1776288154
|move|p2a: Iron Valiant|Moonblast|p1a: Sinistcha
|-damage|p1a: Sinistcha|0 fnt
|faint|p1a: Sinistcha
|
|upkeep
|
|t:|1776288159
|switch|p1a: Enamorus|Enamorus, F, tera:Fairy|100/100
|-damage|p1a: Enamorus|88/100|[from] Stealth Rock
|turn|34
|
|t:|1776288162
|move|p1a: Enamorus|Moonblast|p2a: Iron Valiant
|-supereffective|p2a: Iron Valiant
|-damage|p2a: Iron Valiant|0 fnt
|faint|p2a: Iron Valiant
|-end|p2a: Iron Valiant|Quark Drive|[silent]
|
|upkeep
|
|t:|1776288165
|switch|p2a: Ting-Lu|Ting-Lu, tera:Water|80/100
|-ability|p2a: Ting-Lu|Vessel of Ruin
|turn|35
|
|t:|1776288167
|move|p1a: Enamorus|Moonblast|p2a: Ting-Lu
|-damage|p2a: Ting-Lu|51/100
|move|p2a: Ting-Lu|Earthquake|p1a: Enamorus
|-damage|p1a: Enamorus|28/100
|
|-heal|p2a: Ting-Lu|58/100|[from] item: Leftovers
|upkeep
|turn|36
|
|t:|1776288171
|move|p1a: Enamorus|Moonblast|p2a: Ting-Lu
|-damage|p2a: Ting-Lu|27/100
|move|p2a: Ting-Lu|Earthquake|p1a: Enamorus
|-damage|p1a: Enamorus|0 fnt
|faint|p1a: Enamorus
|
|win|InkyDarkPenguin
|raw|just.mr.himself's rating: 1475 &rarr; <strong>1454</strong><br />(-21 for losing)
|raw|InkyDarkPenguin's rating: 1456 &rarr; <strong>1477</strong><br />(+21 for winning)
