|html|<div class="broadcast-blue"><strong>[Gen 9] OU is currently suspecting Tera Blast! For information on how to participate check out the <a href="https://www.smogon.com/tools/suspects/view/200">suspect thread</a>.</strong></div>
|j|☆Shadow_16705
|j|☆SnowieSoul
|t:|1776071601
|gametype|singles
|player|p1|Shadow_16705|2|1051
|player|p2|SnowieSoul|169|1081
|gen|9
|tier|[Gen 9] OU
|rated|
|rule|HP Percentage Mod: HP is shown in percentages
|rule|Endless Battle Clause: Forcing endless battles is banned
|rule|Species Clause: Limit one of each Pokémon
|rule|OHKO Clause: OHKO moves are banned
|rule|Evasion Items Clause: Evasion items are banned
|rule|Evasion Moves Clause: Evasion moves are banned
|rule|Evasion Abilities Clause: Evasion abilities are banned
|rule|Sleep Moves Clause: Sleep-inducing moves are banned
|clearpoke
|poke|p1|Torkoal, F|
|poke|p1|Venusaur, M|
|poke|p1|Charizard, F|
|poke|p1|Excadrill, M|
|poke|p1|Dragapult, M|
|poke|p1|Garchomp, F|
|poke|p2|Gliscor, M|
|poke|p2|Incineroar, F|
|poke|p2|Rillaboom, F|
|poke|p2|Raging Bolt|
|poke|p2|Gholdengo|
|poke|p2|Hatterene, F|
|teampreview
|
|t:|1776071628
|teamsize|p1|6
|teamsize|p2|6
|start
|switch|p1a: Torkoal|Torkoal, F, shiny|100/100
|switch|p2a: Incineroar|Incineroar, F|100/100
|-ability|p2a: Incineroar|Intimidate|boost
|-unboost|p1a: Torkoal|atk|1
|-weather|SunnyDay|[from] ability: Drought|[of] p1a: Torkoal
|turn|1
|
|t:|1776071653
|move|p2a: Incineroar|Fake Out|p1a: Torkoal
|-damage|p1a: Torkoal|92/100
|cant|p1a: Torkoal|flinch
|
|-weather|SunnyDay|[upkeep]
|upkeep
|turn|2
|
|t:|1776071691
|switch|p2a: Gliscor|Gliscor, M|100/100
|move|p1a: Torkoal|Stealth Rock|p2a: Gliscor
|-sidestart|p2: SnowieSoul|move: Stealth Rock
|
|-weather|SunnyDay|[upkeep]
|-status|p2a: Gliscor|tox|[from] item: Toxic Orb
|upkeep
|turn|3
|
|t:|1776071713
|switch|p1a: Venusaur|Venusaur, M, shiny|100/100
|move|p2a: Gliscor|Earthquake|p1a: Venusaur
|-damage|p1a: Venusaur|56/100
|
|-weather|SunnyDay|[upkeep]
|upkeep
|turn|4
|
|t:|1776071726
|move|p1a: Venusaur|Giga Drain|p2a: Gliscor
|-damage|p2a: Gliscor|64/100 tox
|-heal|p1a: Venusaur|77/100|[from] drain|[of] p2a: Gliscor
|-damage|p1a: Venusaur|67/100|[from] item: Life Orb
|move|p2a: Gliscor|Earthquake|p1a: Venusaur
|-damage|p1a: Venusaur|20/100
|
|-weather|SunnyDay|[upkeep]
|-heal|p2a: Gliscor|76/100 tox|[from] ability: Poison Heal
|upkeep
|turn|5
|
|t:|1776071743
|move|p2a: Gliscor|Protect|p2a: Gliscor
|-singleturn|p2a: Gliscor|Protect
|move|p1a: Venusaur|Giga Drain|p2a: Gliscor
|-activate|p2a: Gliscor|move: Protect
|
|-weather|SunnyDay|[upkeep]
|-heal|p2a: Gliscor|89/100 tox|[from] ability: Poison Heal
|upkeep
|turn|6
|
|t:|1776071751
|move|p1a: Venusaur|Giga Drain|p2a: Gliscor
|-damage|p2a: Gliscor|55/100 tox
|-heal|p1a: Venusaur|40/100|[from] drain|[of] p2a: Gliscor
|-damage|p1a: Venusaur|30/100|[from] item: Life Orb
|move|p2a: Gliscor|Poison Jab|p1a: Venusaur
|-damage|p1a: Venusaur|5/100
|
|-weather|SunnyDay|[upkeep]
|-heal|p2a: Gliscor|68/100 tox|[from] ability: Poison Heal
|upkeep
|turn|7
|
|t:|1776071763
|move|p2a: Gliscor|Protect|p2a: Gliscor
|-singleturn|p2a: Gliscor|Protect
|move|p1a: Venusaur|Giga Drain|p2a: Gliscor
|-activate|p2a: Gliscor|move: Protect
|
|-weather|SunnyDay|[upkeep]
|-heal|p2a: Gliscor|80/100 tox|[from] ability: Poison Heal
|upkeep
|turn|8
|
|t:|1776071774
|move|p1a: Venusaur|Giga Drain|p2a: Gliscor
|-damage|p2a: Gliscor|44/100 tox
|-heal|p1a: Venusaur|27/100|[from] drain|[of] p2a: Gliscor
|-damage|p1a: Venusaur|17/100|[from] item: Life Orb
|move|p2a: Gliscor|Acrobatics|p1a: Venusaur
|-supereffective|p1a: Venusaur
|-damage|p1a: Venusaur|0 fnt
|faint|p1a: Venusaur
|
|-weather|none
|-heal|p2a: Gliscor|56/100 tox|[from] ability: Poison Heal
|upkeep
|
|t:|1776071780
|switch|p1a: Torkoal|Torkoal, F, shiny|92/100
|-weather|SunnyDay|[from] ability: Drought|[of] p1a: Torkoal
|turn|9
|
|t:|1776071792
|move|p2a: Gliscor|Poison Jab|p1a: Torkoal
|-damage|p1a: Torkoal|82/100
|-status|p1a: Torkoal|psn
|move|p1a: Torkoal|Lava Plume|p2a: Gliscor
|-damage|p2a: Gliscor|28/100 tox
|
|-weather|SunnyDay|[upkeep]
|-heal|p2a: Gliscor|40/100 tox|[from] ability: Poison Heal
|-damage|p1a: Torkoal|69/100 psn|[from] psn
|upkeep
|turn|10
|
|t:|1776071807
|move|p2a: Gliscor|Protect|p2a: Gliscor
|-singleturn|p2a: Gliscor|Protect
|move|p1a: Torkoal|Iron Defense|p1a: Torkoal
|-boost|p1a: Torkoal|def|2
|
|-weather|SunnyDay|[upkeep]
|-heal|p2a: Gliscor|53/100 tox|[from] ability: Poison Heal
|-damage|p1a: Torkoal|57/100 psn|[from] psn
|upkeep
|turn|11
|
|t:|1776071820
|move|p2a: Gliscor|Earthquake|p1a: Torkoal
|-supereffective|p1a: Torkoal
|-damage|p1a: Torkoal|39/100 psn
|move|p1a: Torkoal|Lava Plume|p2a: Gliscor
|-damage|p2a: Gliscor|19/100 tox
|
|-weather|SunnyDay|[upkeep]
|-heal|p2a: Gliscor|32/100 tox|[from] ability: Poison Heal
|-damage|p1a: Torkoal|27/100 psn|[from] psn
|upkeep
|turn|12
|
|t:|1776071830
|move|p2a: Gliscor|Earthquake|p1a: Torkoal
|-supereffective|p1a: Torkoal
|-damage|p1a: Torkoal|7/100 psn
|move|p1a: Torkoal|Lava Plume|p2a: Gliscor
|-crit|p2a: Gliscor
|-damage|p2a: Gliscor|0 fnt
|faint|p2a: Gliscor
|
|-weather|SunnyDay|[upkeep]
|-damage|p1a: Torkoal|0 fnt|[from] psn
|faint|p1a: Torkoal
|upkeep
|
|t:|1776071853
|switch|p2a: Incineroar|Incineroar, F|100/100
|switch|p1a: Charizard|Charizard, F, shiny|100/100
|-damage|p2a: Incineroar|75/100|[from] Stealth Rock
|-ability|p2a: Incineroar|Intimidate|boost
|-unboost|p1a: Charizard|atk|1
|turn|13
|
|t:|1776071870
|move|p2a: Incineroar|Fake Out|p1a: Charizard
|-damage|p1a: Charizard|80/100
|cant|p1a: Charizard|flinch
|
|-weather|SunnyDay|[upkeep]
|-damage|p1a: Charizard|68/100|[from] ability: Solar Power|[of] p1a: Charizard
|upkeep
|turn|14
|
|t:|1776071886
|switch|p2a: Raging Bolt|Raging Bolt|100/100
|-damage|p2a: Raging Bolt|88/100|[from] Stealth Rock
|-activate|p2a: Raging Bolt|ability: Protosynthesis
|-start|p2a: Raging Bolt|protosynthesisspa
|move|p1a: Charizard|Focus Blast|p2a: Raging Bolt
|-damage|p2a: Raging Bolt|41/100
|-unboost|p2a: Raging Bolt|spd|1
|
|-weather|SunnyDay|[upkeep]
|-damage|p1a: Charizard|55/100|[from] ability: Solar Power|[of] p1a: Charizard
|upkeep
|turn|15
|
|t:|1776071903
|move|p2a: Raging Bolt|Thunderclap|p1a: Charizard
|-supereffective|p1a: Charizard
|-damage|p1a: Charizard|0 fnt
|faint|p1a: Charizard
|
|-weather|SunnyDay|[upkeep]
|upkeep
|
|t:|1776071915
|switch|p1a: Dragapult|Dragapult, M, shiny|100/100
|turn|16
|
|t:|1776071922
|-terastallize|p2a: Raging Bolt|Electric
|move|p1a: Dragapult|Flamethrower|p2a: Raging Bolt
|-damage|p2a: Raging Bolt|0 fnt
|faint|p2a: Raging Bolt
|-end|p2a: Raging Bolt|Protosynthesis|[silent]
|
|-weather|none
|upkeep
|
|t:|1776071930
|switch|p2a: Incineroar|Incineroar, F|75/100
|-damage|p2a: Incineroar|50/100|[from] Stealth Rock
|-ability|p2a: Incineroar|Intimidate|boost
|-unboost|p1a: Dragapult|atk|1
|turn|17
|
|t:|1776071938
|move|p1a: Dragapult|Flamethrower|p2a: Incineroar
|-resisted|p2a: Incineroar
|-damage|p2a: Incineroar|38/100
|move|p2a: Incineroar|Knock Off|p1a: Dragapult
|-supereffective|p1a: Dragapult
|-damage|p1a: Dragapult|0 fnt
|-enditem|p1a: Dragapult|Choice Specs|[from] move: Knock Off|[of] p2a: Incineroar
|faint|p1a: Dragapult
|
|upkeep
|
|t:|1776071944
|switch|p1a: Garchomp|Garchomp, F, shiny|100/100
|turn|18
|
|t:|1776071966
|move|p1a: Garchomp|Earthquake|p2a: Incineroar
|-supereffective|p2a: Incineroar
|-damage|p2a: Incineroar|0 fnt
|faint|p2a: Incineroar
|
|upkeep
|
|t:|1776071977
|switch|p2a: Hatterene|Hatterene, F|100/100
|-damage|p2a: Hatterene|88/100|[from] Stealth Rock
|turn|19
|
|t:|1776071986
|switch|p1a: Excadrill|Excadrill, M, shiny|100/100
|-ability|p1a: Excadrill|Mold Breaker
|move|p2a: Hatterene|Trick Room|p2a: Hatterene
|-fieldstart|move: Trick Room|[of] p2a: Hatterene
|
|-heal|p2a: Hatterene|94/100|[from] item: Leftovers
|upkeep
|turn|20
|
|t:|1776071997
|move|p2a: Hatterene|Calm Mind|p2a: Hatterene
|-boost|p2a: Hatterene|spa|1
|-boost|p2a: Hatterene|spd|1
|move|p1a: Excadrill|Iron Head|p2a: Hatterene
|-supereffective|p2a: Hatterene
|-damage|p2a: Hatterene|0 fnt
|faint|p2a: Hatterene
|
|upkeep
|
|t:|1776072006
|switch|p2a: Gholdengo|Gholdengo|100/100
|-damage|p2a: Gholdengo|94/100|[from] Stealth Rock
|turn|21
|
|t:|1776072012
|move|p2a: Gholdengo|Focus Blast|p1a: Excadrill
|-supereffective|p1a: Excadrill
|-damage|p1a: Excadrill|0 fnt
|faint|p1a: Excadrill
|
|upkeep
|
|t:|1776072015
|switch|p1a: Garchomp|Garchomp, F, shiny|100/100
|turn|22
|
|t:|1776072027
|move|p1a: Garchomp|Fire Blast|p2a: Gholdengo
|-supereffective|p2a: Gholdengo
|-damage|p2a: Gholdengo|48/100
|move|p2a: Gholdengo|Shadow Ball|p1a: Garchomp
|-damage|p1a: Garchomp|62/100
|
|upkeep
|turn|23
|
|t:|1776072037
|-terastallize|p1a: Garchomp|Fairy
|move|p1a: Garchomp|Fire Blast|p2a: Gholdengo
|-supereffective|p2a: Gholdengo
|-damage|p2a: Gholdengo|6/100
|-status|p2a: Gholdengo|brn
|move|p2a: Gholdengo|Nasty Plot|p2a: Gholdengo
|-boost|p2a: Gholdengo|spa|2
|
|-damage|p2a: Gholdengo|0 fnt|[from] brn
|faint|p2a: Gholdengo
|-fieldend|move: Trick Room
|upkeep
|
|t:|1776072052
|switch|p2a: Rillaboom|Rillaboom, F|100/100
|-damage|p2a: Rillaboom|88/100|[from] Stealth Rock
|-fieldstart|move: Grassy Terrain|[from] ability: Grassy Surge|[of] p2a: Rillaboom
|turn|24
|
|t:|1776072062
|move|p2a: Rillaboom|Swords Dance|p2a: Rillaboom
|-boost|p2a: Rillaboom|atk|2
|move|p1a: Garchomp|Fire Blast|p2a: Rillaboom
|-supereffective|p2a: Rillaboom
|-damage|p2a: Rillaboom|36/100
|
|-heal|p2a: Rillaboom|42/100|[from] Grassy Terrain
|-heal|p1a: Garchomp|69/100|[from] Grassy Terrain
|upkeep
|turn|25
|
|t:|1776072073
|move|p2a: Rillaboom|Wood Hammer|p1a: Garchomp
|-damage|p1a: Garchomp|0 fnt
|-damage|p2a: Rillaboom|29/100|[from] ability: Rough Skin|[of] p1a: Garchomp
|-damage|p2a: Rillaboom|13/100|[from] item: Rocky Helmet|[of] p1a: Garchomp
|faint|p1a: Garchomp
|-damage|p2a: Rillaboom|0 fnt|[from] Recoil
|faint|p2a: Rillaboom
|
|win|SnowieSoul
|raw|Shadow_16705's rating: 1083 &rarr; <strong>1060</strong><br />(-23 for losing)
|raw|SnowieSoul's rating: 1081 &rarr; <strong>1109</strong><br />(+28 for winning)
|l|☆Shadow_16705
|player|p1|
