|html|<div class="broadcast-blue"><strong>[Gen 9] OU is currently suspecting Volcarona! For information on how to participate check out the <a href="https://www.smogon.com/tools/suspects/view/208">suspect thread</a>.</strong></div>
|j|☆Exostentialism
|j|☆aizennenr
|t:|1778505452
|gametype|singles
|player|p1|Exostentialism|morty|1611
|player|p2|aizennenr|2|1608
|gen|9
|tier|[Gen 9] OU
|rated|
|rule|HP Percentage Mod: HP is shown in percentages
|rule|Endless Battle Clause: Forcing endless battles is banned
|rule|Species Clause: Limit one of each Pokémon
|rule|OHKO Clause: OHKO moves are banned
|rule|Evasion Items Clause: Evasion items are banned
|rule|Evasion Moves Clause: Evasion moves are banned
|rule|Evasion Abilities Clause: Evasion abilities are banned
|rule|Sleep Moves Clause: Sleep-inducing moves are banned
|clearpoke
|poke|p1|Dragonite, F|
|poke|p1|Gholdengo|
|poke|p1|Iron Crown|
|poke|p1|Glimmora, M|
|poke|p1|Ting-Lu|
|poke|p1|Ogerpon-Wellspring, F|
|poke|p2|Keldeo-Resolute|
|poke|p2|Tornadus-Therian, M|
|poke|p2|Hydrapple, M|
|poke|p2|Corviknight, M|
|poke|p2|Tyranitar, M|
|poke|p2|Excadrill, M|
|teampreview
|inactive|Battle timer is ON: inactive players will automatically lose when time's up. (requested by Exostentialism)
|
|t:|1778505487
|teamsize|p1|6
|teamsize|p2|6
|start
|switch|p1a: Glimmora|Glimmora, M|100/100
|switch|p2a: Keldeo|Keldeo-Resolute|100/100
|turn|1
|
|t:|1778505496
|switch|p1a: Gholdengo|Gholdengo|100/100
|move|p2a: Keldeo|Secret Sword|p1a: Gholdengo
|-immune|p1a: Gholdengo
|
|upkeep
|turn|2
|j| Grizzie2208
|
|t:|1778505506
|switch|p2a: Tornadus|Tornadus-Therian, M|100/100
|move|p1a: Gholdengo|Focus Blast|p2a: Tornadus
|-resisted|p2a: Tornadus
|-damage|p2a: Tornadus|88/100
|
|upkeep
|turn|3
|l| Grizzie2208
|
|t:|1778505515
|move|p2a: Tornadus|U-turn|p1a: Gholdengo
|-resisted|p1a: Gholdengo
|-damage|p1a: Gholdengo|98/100
|
|t:|1778505521
|switch|p2a: Keldeo|Keldeo-Resolute|100/100|[from] U-turn
|move|p1a: Gholdengo|Thunder Wave|p2a: Keldeo
|-status|p2a: Keldeo|par
|
|upkeep
|turn|4
|
|t:|1778505529
|move|p1a: Gholdengo|Hex|p2a: Keldeo
|-damage|p2a: Keldeo|32/100 par
|move|p2a: Keldeo|Secret Sword|p1a: Gholdengo
|-immune|p1a: Gholdengo
|
|upkeep
|turn|5
|
|t:|1778505538
|switch|p2a: Tyranitar|Tyranitar, M|100/100
|-weather|Sandstorm|[from] ability: Sand Stream|[of] p2a: Tyranitar
|move|p1a: Gholdengo|Thunder Wave|p2a: Tyranitar
|-status|p2a: Tyranitar|par
|
|-weather|Sandstorm|[upkeep]
|upkeep
|turn|6
|
|t:|1778505561
|switch|p1a: Ting-Lu|Ting-Lu|100/100
|-ability|p1a: Ting-Lu|Vessel of Ruin
|switch|p2a: Keldeo|Keldeo-Resolute|32/100 par
|
|-weather|Sandstorm|[upkeep]
|-damage|p2a: Keldeo|26/100 par|[from] Sandstorm
|upkeep
|turn|7
|
|t:|1778505569
|switch|p1a: Ogerpon|Ogerpon-Wellspring, F|100/100
|move|p2a: Keldeo|Secret Sword|p1a: Ogerpon
|-damage|p1a: Ogerpon|11/100
|
|-weather|Sandstorm|[upkeep]
|-damage|p1a: Ogerpon|5/100|[from] Sandstorm
|-damage|p2a: Keldeo|19/100 par|[from] Sandstorm
|upkeep
|turn|8
|
|t:|1778505577
|move|p1a: Ogerpon|Horn Leech|p2a: Keldeo
|-supereffective|p2a: Keldeo
|-damage|p2a: Keldeo|0 fnt
|-heal|p1a: Ogerpon|16/100|[from] drain|[of] p2a: Keldeo
|faint|p2a: Keldeo
|
|-weather|Sandstorm|[upkeep]
|-damage|p1a: Ogerpon|10/100|[from] Sandstorm
|upkeep
|
|t:|1778505580
|switch|p2a: Excadrill|Excadrill, M|100/100
|-item|p2a: Excadrill|Air Balloon
|turn|9
|
|t:|1778505589
|move|p2a: Excadrill|Earthquake|p1a: Ogerpon
|-resisted|p1a: Ogerpon
|-damage|p1a: Ogerpon|0 fnt
|faint|p1a: Ogerpon
|
|-weather|Sandstorm|[upkeep]
|upkeep
|
|t:|1778505595
|switch|p1a: Ting-Lu|Ting-Lu|100/100
|-ability|p1a: Ting-Lu|Vessel of Ruin
|turn|10
|
|t:|1778505599
|move|p2a: Excadrill|Earthquake|p1a: Ting-Lu
|-damage|p1a: Ting-Lu|66/100
|move|p1a: Ting-Lu|Ruination|p2a: Excadrill
|-damage|p2a: Excadrill|51/100
|-enditem|p2a: Excadrill|Air Balloon
|
|-weather|Sandstorm|[upkeep]
|upkeep
|turn|11
|
|t:|1778505607
|switch|p2a: Hydrapple|Hydrapple, M|100/100
|move|p1a: Ting-Lu|Earthquake|p2a: Hydrapple
|-resisted|p2a: Hydrapple
|-damage|p2a: Hydrapple|90/100
|
|-weather|Sandstorm|[upkeep]
|-damage|p2a: Hydrapple|84/100|[from] Sandstorm
|upkeep
|turn|12
|
|t:|1778505616
|switch|p1a: Glimmora|Glimmora, M|100/100
|move|p2a: Hydrapple|Giga Drain|p1a: Glimmora
|-damage|p1a: Glimmora|73/100
|-heal|p2a: Hydrapple|95/100|[from] drain|[of] p1a: Glimmora
|
|-weather|none
|upkeep
|turn|13
|
|t:|1778505627
|switch|p2a: Tyranitar|Tyranitar, M|100/100 par
|-weather|Sandstorm|[from] ability: Sand Stream|[of] p2a: Tyranitar
|move|p1a: Glimmora|Stealth Rock|p2a: Tyranitar
|-sidestart|p2: aizennenr|move: Stealth Rock
|
|-weather|Sandstorm|[upkeep]
|upkeep
|turn|14
|
|t:|1778505643
|switch|p1a: Ting-Lu|Ting-Lu|66/100
|-ability|p1a: Ting-Lu|Vessel of Ruin
|move|p2a: Tyranitar|Stealth Rock|p1a: Ting-Lu
|-sidestart|p1: Exostentialism|move: Stealth Rock
|
|-weather|Sandstorm|[upkeep]
|upkeep
|turn|15
|
|t:|1778505650
|switch|p2a: Hydrapple|Hydrapple, M|100/100
|move|p1a: Ting-Lu|Whirlwind|p2a: Hydrapple
|drag|p2a: Tornadus|Tornadus-Therian, M|100/100
|-damage|p2a: Tornadus|76/100|[from] Stealth Rock
|
|-weather|Sandstorm|[upkeep]
|-damage|p2a: Tornadus|70/100|[from] Sandstorm
|upkeep
|turn|16
|
|t:|1778505659
|switch|p1a: Glimmora|Glimmora, M|73/100
|-damage|p1a: Glimmora|60/100|[from] Stealth Rock
|move|p2a: Tornadus|U-turn|p1a: Glimmora
|-resisted|p1a: Glimmora
|-damage|p1a: Glimmora|51/100
|-activate|p1a: Glimmora|ability: Toxic Debris
|-sidestart|p2: aizennenr|move: Toxic Spikes
|
|t:|1778505662
|switch|p2a: Excadrill|Excadrill, M|51/100|[from] U-turn
|-damage|p2a: Excadrill|48/100|[from] Stealth Rock
|
|-weather|Sandstorm|[upkeep]
|upkeep
|turn|17
|
|t:|1778505684
|switch|p1a: Dragonite|Dragonite, F|100/100
|move|p2a: Excadrill|Earthquake|p1a: Dragonite
|-immune|p1a: Dragonite
|
|-weather|Sandstorm|[upkeep]
|-damage|p1a: Dragonite|94/100|[from] Sandstorm
|upkeep
|turn|18
|inactive|Exostentialism has 120 seconds left.
|
|t:|1778505707
|switch|p1a: Glimmora|Glimmora, M|51/100
|-damage|p1a: Glimmora|39/100|[from] Stealth Rock
|move|p2a: Excadrill|Rapid Spin|p1a: Glimmora
|-resisted|p1a: Glimmora
|-damage|p1a: Glimmora|27/100
|-boost|p2a: Excadrill|spe|1
|-activate|p1a: Glimmora|ability: Toxic Debris
|-sidestart|p2: aizennenr|move: Toxic Spikes
|-sideend|p2: aizennenr|Toxic Spikes|[from] move: Rapid Spin|[of] p2a: Excadrill
|-sideend|p2: aizennenr|Stealth Rock|[from] move: Rapid Spin|[of] p2a: Excadrill
|
|-weather|Sandstorm|[upkeep]
|upkeep
|turn|19
|inactive|Exostentialism has 120 seconds left.
|
|t:|1778505726
|move|p2a: Excadrill|Earthquake|p1a: Glimmora
|-supereffective|p1a: Glimmora
|-damage|p1a: Glimmora|0 fnt
|-activate|p1a: Glimmora|ability: Toxic Debris
|-sidestart|p2: aizennenr|move: Toxic Spikes
|faint|p1a: Glimmora
|
|-weather|Sandstorm|[upkeep]
|upkeep
|
|t:|1778505732
|switch|p1a: Ting-Lu|Ting-Lu|66/100
|-damage|p1a: Ting-Lu|60/100|[from] Stealth Rock
|-ability|p1a: Ting-Lu|Vessel of Ruin
|turn|20
|inactive|Exostentialism has 120 seconds left.
|
|t:|1778505746
|switch|p2a: Hydrapple|Hydrapple, M|100/100
|move|p1a: Ting-Lu|Ruination|p2a: Hydrapple
|-damage|p2a: Hydrapple|51/100
|
|-weather|none
|upkeep
|turn|21
|
|t:|1778505753
|move|p2a: Hydrapple|Earth Power|p1a: Ting-Lu
|-damage|p1a: Ting-Lu|49/100
|move|p1a: Ting-Lu|Spikes|p2a: Hydrapple
|-sidestart|p2: aizennenr|Spikes
|
|upkeep
|turn|22
|
|t:|1778505766
|move|p2a: Hydrapple|Giga Drain|p1a: Ting-Lu
|-supereffective|p1a: Ting-Lu
|-damage|p1a: Ting-Lu|23/100
|-heal|p2a: Hydrapple|67/100|[from] drain|[of] p1a: Ting-Lu
|move|p1a: Ting-Lu|Spikes|p2a: Hydrapple
|-sidestart|p2: aizennenr|Spikes
|
|upkeep
|turn|23
|
|t:|1778505774
|move|p2a: Hydrapple|Giga Drain|p1a: Ting-Lu
|-supereffective|p1a: Ting-Lu
|-damage|p1a: Ting-Lu|0 fnt
|-heal|p2a: Hydrapple|81/100|[from] drain|[of] p1a: Ting-Lu
|faint|p1a: Ting-Lu
|
|upkeep
|
|t:|1778505793
|switch|p1a: Dragonite|Dragonite, F|94/100
|turn|24
|
|t:|1778505799
|move|p1a: Dragonite|Dragon Dance|p1a: Dragonite
|-boost|p1a: Dragonite|atk|1
|-boost|p1a: Dragonite|spe|1
|move|p2a: Hydrapple|Fickle Beam|p1a: Dragonite
|-supereffective|p1a: Dragonite
|-damage|p1a: Dragonite|27/100
|
|upkeep
|turn|25
|
|t:|1778505818
|move|p1a: Dragonite|Extreme Speed|p2a: Hydrapple
|-damage|p2a: Hydrapple|56/100
|move|p2a: Hydrapple|Fickle Beam|p1a: Dragonite|[anim] Fickle Beam All Out
|-activate|p2a: Hydrapple|move: Fickle Beam
|-supereffective|p1a: Dragonite
|-damage|p1a: Dragonite|0 fnt
|faint|p1a: Dragonite
|
|upkeep
|inactive|Exostentialism has 120 seconds left.
|
|t:|1778505835
|switch|p1a: Iron Crown|Iron Crown|100/100
|-damage|p1a: Iron Crown|94/100|[from] Stealth Rock
|-enditem|p1a: Iron Crown|Booster Energy
|-activate|p1a: Iron Crown|ability: Quark Drive|[fromitem]
|-start|p1a: Iron Crown|quarkdrivespe
|turn|26
|inactive|Exostentialism has 120 seconds left.
|
|t:|1778505847
|switch|p2a: Tyranitar|Tyranitar, M|100/100 par
|-damage|p2a: Tyranitar|84/100 par|[from] Spikes
|-weather|Sandstorm|[from] ability: Sand Stream|[of] p2a: Tyranitar
|move|p1a: Iron Crown|Tachyon Cutter|p2a: Tyranitar
|-supereffective|p2a: Tyranitar
|-damage|p2a: Tyranitar|65/100 par
|-supereffective|p2a: Tyranitar
|-damage|p2a: Tyranitar|44/100 par
|-hitcount|p2a: Tyranitar|2
|
|-weather|Sandstorm|[upkeep]
|upkeep
|turn|27
|inactive|Exostentialism has 120 seconds left.
|
|t:|1778505858
|move|p1a: Iron Crown|Focus Blast|p2a: Tyranitar|[miss]
|-miss|p1a: Iron Crown|p2a: Tyranitar
|move|p2a: Tyranitar|Knock Off|p1a: Iron Crown
|-supereffective|p1a: Iron Crown
|-damage|p1a: Iron Crown|40/100
|
|-weather|Sandstorm|[upkeep]
|upkeep
|turn|28
|
|t:|1778505867
|move|p1a: Iron Crown|Focus Blast|p2a: Tyranitar
|-supereffective|p2a: Tyranitar
|-damage|p2a: Tyranitar|0 fnt
|faint|p2a: Tyranitar
|
|-weather|Sandstorm|[upkeep]
|upkeep
|
|t:|1778505870
|switch|p2a: Excadrill|Excadrill, M|48/100
|-damage|p2a: Excadrill|31/100|[from] Spikes
|turn|29
|inactive|Exostentialism has 120 seconds left.
|
|t:|1778505893
|move|p2a: Excadrill|Earthquake|p1a: Iron Crown
|-supereffective|p1a: Iron Crown
|-damage|p1a: Iron Crown|0 fnt
|faint|p1a: Iron Crown
|-end|p1a: Iron Crown|Quark Drive|[silent]
|
|-weather|Sandstorm|[upkeep]
|upkeep
|
|t:|1778505896
|switch|p1a: Gholdengo|Gholdengo|98/100
|-damage|p1a: Gholdengo|92/100|[from] Stealth Rock
|turn|30
|inactive|Exostentialism has 120 seconds left.
|
|t:|1778505914
|-terastallize|p1a: Gholdengo|Flying
|move|p2a: Excadrill|Earthquake|p1a: Gholdengo
|-immune|p1a: Gholdengo
|move|p1a: Gholdengo|Hex|p2a: Excadrill
|-damage|p2a: Excadrill|0 fnt
|faint|p2a: Excadrill
|
|-weather|Sandstorm|[upkeep]
|-damage|p1a: Gholdengo|86/100|[from] Sandstorm
|upkeep
|
|t:|1778505930
|switch|p2a: Hydrapple|Hydrapple, M|89/100
|turn|31
|
|t:|1778505936
|move|p1a: Gholdengo|Thunder Wave|p2a: Hydrapple
|-status|p2a: Hydrapple|par
|move|p2a: Hydrapple|Fickle Beam|p1a: Gholdengo|[anim] Fickle Beam All Out
|-activate|p2a: Hydrapple|move: Fickle Beam
|-damage|p1a: Gholdengo|25/100
|
|-weather|Sandstorm|[upkeep]
|-damage|p1a: Gholdengo|18/100|[from] Sandstorm
|-damage|p2a: Hydrapple|83/100 par|[from] Sandstorm
|upkeep
|turn|32
|
|t:|1778505946
|move|p1a: Gholdengo|Recover|p1a: Gholdengo
|-heal|p1a: Gholdengo|68/100
|move|p2a: Hydrapple|Fickle Beam|p1a: Gholdengo
|-damage|p1a: Gholdengo|36/100
|
|-weather|Sandstorm|[upkeep]
|-damage|p1a: Gholdengo|30/100|[from] Sandstorm
|-damage|p2a: Hydrapple|77/100 par|[from] Sandstorm
|upkeep
|turn|33
|
|t:|1778505952
|move|p1a: Gholdengo|Recover|p1a: Gholdengo
|-heal|p1a: Gholdengo|80/100
|move|p2a: Hydrapple|Fickle Beam|p1a: Gholdengo
|-damage|p1a: Gholdengo|50/100
|
|-weather|none
|upkeep
|turn|34
|
|t:|1778505958
|move|p1a: Gholdengo|Recover|p1a: Gholdengo
|-heal|p1a: Gholdengo|99/100
|move|p2a: Hydrapple|Fickle Beam|p1a: Gholdengo
|-damage|p1a: Gholdengo|68/100
|
|upkeep
|turn|35
|
|t:|1778505964
|move|p1a: Gholdengo|Recover|p1a: Gholdengo
|-heal|p1a: Gholdengo|100/100
|move|p2a: Hydrapple|Fickle Beam|p1a: Gholdengo
|-damage|p1a: Gholdengo|70/100
|
|upkeep
|turn|36
|
|t:|1778505970
|move|p1a: Gholdengo|Hex|p2a: Hydrapple
|-damage|p2a: Hydrapple|22/100 par
|cant|p2a: Hydrapple|par
|
|upkeep
|turn|37
|
|t:|1778505978
|switch|p2a: Corviknight|Corviknight, M|100/100
|-ability|p2a: Corviknight|Pressure
|move|p1a: Gholdengo|Hex|p2a: Corviknight
|-damage|p2a: Corviknight|70/100
|
|upkeep
|turn|38
|
|t:|1778505998
|move|p1a: Gholdengo|Hex|p2a: Corviknight
|-damage|p2a: Corviknight|40/100
|move|p2a: Corviknight|Roost|p2a: Corviknight
|-heal|p2a: Corviknight|90/100
|-singleturn|p2a: Corviknight|move: Roost
|
|upkeep
|turn|39
|
|t:|1778506003
|move|p1a: Gholdengo|Thunder Wave|p2a: Corviknight
|-status|p2a: Corviknight|par
|move|p2a: Corviknight|Brave Bird|p1a: Gholdengo
|-damage|p1a: Gholdengo|43/100
|-damage|p2a: Corviknight|82/100 par|[from] Recoil
|
|upkeep
|turn|40
|
|t:|1778506009
|switch|p2a: Tornadus|Tornadus-Therian, M|100/100
|move|p1a: Gholdengo|Recover|p1a: Gholdengo
|-heal|p1a: Gholdengo|93/100
|
|upkeep
|turn|41
|
|t:|1778506024
|move|p2a: Tornadus|Bleakwind Storm|p1a: Gholdengo
|-damage|p1a: Gholdengo|57/100
|move|p1a: Gholdengo|Thunder Wave|p2a: Tornadus
|-status|p2a: Tornadus|par
|
|upkeep
|turn|42
|
|t:|1778506029
|move|p1a: Gholdengo|Hex|p2a: Tornadus
|-crit|p2a: Tornadus
|-damage|p2a: Tornadus|46/100 par
|move|p2a: Tornadus|Bleakwind Storm|p1a: Gholdengo
|-damage|p1a: Gholdengo|21/100
|
|upkeep
|turn|43
|
|t:|1778506037
|switch|p2a: Corviknight|Corviknight, M|82/100 par
|-ability|p2a: Corviknight|Pressure
|move|p1a: Gholdengo|Recover|p1a: Gholdengo
|-heal|p1a: Gholdengo|71/100
|
|upkeep
|turn|44
|
|t:|1778506049
|move|p1a: Gholdengo|Focus Blast|p2a: Corviknight
|-damage|p2a: Corviknight|47/100 par
|move|p2a: Corviknight|Roost|p2a: Corviknight
|-heal|p2a: Corviknight|97/100 par
|-singleturn|p2a: Corviknight|move: Roost
|
|upkeep
|turn|45
|
|t:|1778506056
|move|p1a: Gholdengo|Hex|p2a: Corviknight
|-damage|p2a: Corviknight|43/100 par
|move|p2a: Corviknight|Brave Bird|p1a: Gholdengo
|-damage|p1a: Gholdengo|45/100
|-damage|p2a: Corviknight|35/100 par|[from] Recoil
|
|upkeep
|turn|46
|
|t:|1778506071
|move|p1a: Gholdengo|Hex|p2a: Corviknight
|-crit|p2a: Corviknight
|-damage|p2a: Corviknight|0 fnt
|faint|p2a: Corviknight
|
|upkeep
|
|t:|1778506079
|switch|p2a: Tornadus|Tornadus-Therian, M|79/100 par
|turn|47
|
|t:|1778506083
|move|p1a: Gholdengo|Recover|p1a: Gholdengo
|-heal|p1a: Gholdengo|95/100
|move|p2a: Tornadus|Bleakwind Storm|p1a: Gholdengo
|-damage|p1a: Gholdengo|62/100
|-unboost|p1a: Gholdengo|spe|1
|
|upkeep
|turn|48
|
|t:|1778506092
|move|p2a: Tornadus|Bleakwind Storm|p1a: Gholdengo
|-damage|p1a: Gholdengo|26/100
|move|p1a: Gholdengo|Hex|p2a: Tornadus
|-damage|p2a: Tornadus|37/100 par
|
|upkeep
|turn|49
|
|t:|1778506099
|cant|p2a: Tornadus|par
|move|p1a: Gholdengo|Recover|p1a: Gholdengo
|-heal|p1a: Gholdengo|76/100
|
|upkeep
|turn|50
|
|t:|1778506102
|switch|p2a: Hydrapple|Hydrapple, M|55/100 par
|move|p1a: Gholdengo|Hex|p2a: Hydrapple
|-damage|p2a: Hydrapple|0 fnt
|faint|p2a: Hydrapple
|
|upkeep
|
|t:|1778506104
|switch|p2a: Tornadus|Tornadus-Therian, M|70/100 par
|turn|51
|
|t:|1778506109
|cant|p2a: Tornadus|par
|move|p1a: Gholdengo|Hex|p2a: Tornadus
|-damage|p2a: Tornadus|30/100 par
|
|upkeep
|turn|52
|
|t:|1778506111
|cant|p2a: Tornadus|par
|move|p1a: Gholdengo|Hex|p2a: Tornadus
|-damage|p2a: Tornadus|0 fnt
|faint|p2a: Tornadus
|
|win|Exostentialism
|raw|Exostentialism's rating: 1611 &rarr; <strong>1631</strong><br />(+20 for winning)
|raw|aizennenr's rating: 1608 &rarr; <strong>1588</strong><br />(-20 for losing)
|l|☆aizennenr
|player|p2|
|l|☆Exostentialism
|player|p1|
