|html|<div class="broadcast-blue"><strong>[Gen 9] OU is currently suspecting Tera Blast! For information on how to participate check out the <a href="https://www.smogon.com/tools/suspects/view/200">suspect thread</a>.</strong></div>
|j|☆Silent1ine
|j|☆levijoseph
|t:|1776310175
|gametype|singles
|player|p1|Silent1ine|pryce|1464
|player|p2|levijoseph|170|1464
|gen|9
|tier|[Gen 9] OU
|rated|
|rule|HP Percentage Mod: HP is shown in percentages
|rule|Endless Battle Clause: Forcing endless battles is banned
|rule|Species Clause: Limit one of each Pokémon
|rule|OHKO Clause: OHKO moves are banned
|rule|Evasion Items Clause: Evasion items are banned
|rule|Evasion Moves Clause: Evasion moves are banned
|rule|Evasion Abilities Clause: Evasion abilities are banned
|rule|Sleep Moves Clause: Sleep-inducing moves are banned
|clearpoke
|poke|p1|Thundurus-Therian, M|
|poke|p1|Cinderace, M|
|poke|p1|Alomomola, F|
|poke|p1|Slowking-Galar, F|
|poke|p1|Kingambit, M|
|poke|p1|Great Tusk|
|poke|p2|Clefable, M|
|poke|p2|Ceruledge, F|
|poke|p2|Thundurus, M|
|poke|p2|Scizor, F|
|poke|p2|Gengar, F|
|poke|p2|Smeargle, M|
|teampreview
|inactive|Battle timer is ON: inactive players will automatically lose when time's up. (requested by levijoseph)
|
|t:|1776310185
|teamsize|p1|6
|teamsize|p2|6
|start
|switch|p1a: Thundurus|Thundurus-Therian, M|100/100
|switch|p2a: Smeargle|Smeargle, M|100/100
|turn|1
|
|t:|1776310189
|move|p1a: Thundurus|Volt Switch|p2a: Smeargle
|-enditem|p2a: Smeargle|Focus Sash
|-damage|p2a: Smeargle|1/100
|
|t:|1776310191
|switch|p1a: Cinderace|Cinderace, M|100/100|[from] Volt Switch
|move|p2a: Smeargle|Stealth Rock|p1a: Cinderace
|-sidestart|p1: Silent1ine|move: Stealth Rock
|
|upkeep
|turn|2
|
|t:|1776310203
|move|p1a: Cinderace|U-turn|p2a: Smeargle
|-start|p1a: Cinderace|typechange|Bug|[from] ability: Libero
|-damage|p2a: Smeargle|0 fnt
|faint|p2a: Smeargle
|
|t:|1776310211
|switch|p1a: Slowking|Slowking-Galar, F|100/100|[from] U-turn
|
|upkeep
|
|t:|1776310214
|switch|p2a: Thundurus|Thundurus, M|100/100
|turn|3
|
|t:|1776310217
|move|p2a: Thundurus|Thunder Wave|p1a: Slowking
|-status|p1a: Slowking|par
|-prepare|p1a: Slowking|Chilly Reception|[premajor]
|move|p1a: Slowking|Chilly Reception|p1a: Slowking
|-weather|Snowscape
|
|t:|1776310222
|switch|p1a: Thundurus|Thundurus-Therian, M|100/100|[from] Chilly Reception
|-damage|p1a: Thundurus|76/100|[from] Stealth Rock
|
|-weather|Snowscape|[upkeep]
|upkeep
|turn|4
|
|t:|1776310230
|switch|p2a: Scizor|Scizor, F|100/100
|move|p1a: Thundurus|Volt Switch|p2a: Scizor
|-damage|p2a: Scizor|29/100
|
|t:|1776310234
|switch|p1a: Cinderace|Cinderace, M|100/100|[from] Volt Switch
|
|-weather|Snowscape|[upkeep]
|-heal|p2a: Scizor|35/100|[from] item: Leftovers
|upkeep
|turn|5
|
|t:|1776310239
|move|p1a: Cinderace|Court Change|p1a: Cinderace
|-start|p1a: Cinderace|typechange|Normal|[from] ability: Libero
|-swapsideconditions
|-activate|p1a: Cinderace|move: Court Change
|move|p2a: Scizor|Knock Off|p1a: Cinderace
|-damage|p1a: Cinderace|51/100
|-enditem|p1a: Cinderace|Heavy-Duty Boots|[from] move: Knock Off|[of] p2a: Scizor
|
|-weather|Snowscape|[upkeep]
|-heal|p2a: Scizor|41/100|[from] item: Leftovers
|upkeep
|turn|6
|
|t:|1776310242
|move|p2a: Scizor|Bullet Punch|p1a: Cinderace
|-damage|p1a: Cinderace|5/100
|move|p1a: Cinderace|Pyro Ball|p2a: Scizor
|-supereffective|p2a: Scizor
|-damage|p2a: Scizor|0 fnt
|faint|p2a: Scizor
|
|-weather|Snowscape|[upkeep]
|upkeep
|
|t:|1776310245
|switch|p2a: Thundurus|Thundurus, M|100/100
|-damage|p2a: Thundurus|76/100|[from] Stealth Rock
|turn|7
|
|t:|1776310249
|move|p2a: Thundurus|Thunder Wave|p1a: Cinderace
|-status|p1a: Cinderace|par
|move|p1a: Cinderace|Pyro Ball|p2a: Thundurus
|-damage|p2a: Thundurus|17/100
|
|-weather|none
|upkeep
|turn|8
|
|t:|1776310253
|switch|p1a: Slowking|Slowking-Galar, F|100/100 par
|move|p2a: Thundurus|Thunder|p1a: Slowking
|-damage|p1a: Slowking|69/100 par
|
|upkeep
|turn|9
|
|t:|1776310257
|move|p2a: Thundurus|Thunder|p1a: Slowking|[miss]
|-miss|p2a: Thundurus|p1a: Slowking
|-prepare|p1a: Slowking|Chilly Reception|[premajor]
|move|p1a: Slowking|Chilly Reception|p1a: Slowking
|-weather|Snowscape
|
|t:|1776310261
|switch|p1a: Thundurus|Thundurus-Therian, M|76/100|[from] Chilly Reception
|
|-weather|Snowscape|[upkeep]
|upkeep
|turn|10
|
|t:|1776310267
|move|p2a: Thundurus|Nasty Plot|p2a: Thundurus
|-boost|p2a: Thundurus|spa|2
|move|p1a: Thundurus|Volt Switch|p2a: Thundurus
|-damage|p2a: Thundurus|0 fnt
|faint|p2a: Thundurus
|
|t:|1776310278
|switch|p1a: Great Tusk|Great Tusk|100/100|[from] Volt Switch
|
|-weather|Snowscape|[upkeep]
|upkeep
|l|☆levijoseph
|inactive|levijoseph disconnected and has a minute to reconnect!
|player|p2|
|j|☆levijoseph
|inactive|levijoseph reconnected and has 135 seconds left.
|player|p2|levijoseph|170|
|
|t:|1776310296
|switch|p2a: Gengar|Gengar, F|100/100
|-damage|p2a: Gengar|88/100|[from] Stealth Rock
|turn|11
|
|t:|1776310301
|-end|p1a: Great Tusk|Protosynthesis|[silent]
|switch|p1a: Kingambit|Kingambit, M|100/100
|move|p2a: Gengar|Will-O-Wisp|p1a: Kingambit
|-status|p1a: Kingambit|brn
|
|-weather|Snowscape|[upkeep]
|-damage|p1a: Kingambit|94/100 brn|[from] brn
|upkeep
|turn|12
|
|t:|1776310306
|move|p2a: Gengar|Curse|p1a: Kingambit
|-start|p1a: Kingambit|Curse|[of] p2a: Gengar
|-damage|p2a: Gengar|38/100
|move|p1a: Kingambit|Kowtow Cleave|p2a: Gengar
|-supereffective|p2a: Gengar
|-damage|p2a: Gengar|0 fnt
|faint|p2a: Gengar
|
|-weather|Snowscape|[upkeep]
|-heal|p1a: Kingambit|100/100 brn|[from] item: Leftovers
|-damage|p1a: Kingambit|94/100 brn|[from] brn
|-damage|p1a: Kingambit|69/100 brn|[from] Curse
|upkeep
|
|t:|1776310309
|switch|p2a: Clefable|Clefable, M|100/100
|-damage|p2a: Clefable|88/100|[from] Stealth Rock
|turn|13
|
|t:|1776310312
|move|p2a: Clefable|Cosmic Power|p2a: Clefable
|-boost|p2a: Clefable|def|1
|-boost|p2a: Clefable|spd|1
|move|p1a: Kingambit|Iron Head|p2a: Clefable
|-supereffective|p2a: Clefable
|-damage|p2a: Clefable|51/100
|
|-weather|none
|-heal|p2a: Clefable|57/100|[from] item: Leftovers
|-heal|p1a: Kingambit|75/100 brn|[from] item: Leftovers
|-damage|p1a: Kingambit|69/100 brn|[from] brn
|-damage|p1a: Kingambit|44/100 brn|[from] Curse
|upkeep
|turn|14
|
|t:|1776310323
|-end|p1a: Kingambit|fallenundefined|[silent]
|switch|p1a: Slowking|Slowking-Galar, F|100/100 par
|move|p2a: Clefable|Cosmic Power|p2a: Clefable
|-boost|p2a: Clefable|def|1
|-boost|p2a: Clefable|spd|1
|
|-heal|p2a: Clefable|63/100|[from] item: Leftovers
|upkeep
|turn|15
|
|t:|1776310328
|move|p2a: Clefable|Cosmic Power|p2a: Clefable
|-boost|p2a: Clefable|def|1
|-boost|p2a: Clefable|spd|1
|move|p1a: Slowking|Sludge Bomb|p2a: Clefable
|-supereffective|p2a: Clefable
|-damage|p2a: Clefable|39/100
|
|-heal|p2a: Clefable|45/100|[from] item: Leftovers
|upkeep
|turn|16
|
|t:|1776310330
|move|p2a: Clefable|Cosmic Power|p2a: Clefable
|-boost|p2a: Clefable|def|1
|-boost|p2a: Clefable|spd|1
|move|p1a: Slowking|Sludge Bomb|p2a: Clefable
|-supereffective|p2a: Clefable
|-damage|p2a: Clefable|23/100
|
|-heal|p2a: Clefable|29/100|[from] item: Leftovers
|upkeep
|turn|17
|
|t:|1776310333
|move|p2a: Clefable|Moonlight|p2a: Clefable
|-heal|p2a: Clefable|79/100
|move|p1a: Slowking|Sludge Bomb|p2a: Clefable
|-supereffective|p2a: Clefable
|-damage|p2a: Clefable|56/100
|
|-heal|p2a: Clefable|62/100|[from] item: Leftovers
|upkeep
|turn|18
|
|t:|1776310335
|move|p2a: Clefable|Stored Power|p1a: Slowking
|-damage|p1a: Slowking|67/100 par
|move|p1a: Slowking|Sludge Bomb|p2a: Clefable
|-supereffective|p2a: Clefable
|-damage|p2a: Clefable|40/100
|
|-heal|p2a: Clefable|46/100|[from] item: Leftovers
|upkeep
|turn|19
|
|t:|1776310338
|move|p2a: Clefable|Cosmic Power|p2a: Clefable
|-boost|p2a: Clefable|def|1
|-boost|p2a: Clefable|spd|1
|cant|p1a: Slowking|par
|
|-heal|p2a: Clefable|53/100|[from] item: Leftovers
|upkeep
|turn|20
|
|t:|1776310342
|move|p2a: Clefable|Cosmic Power|p2a: Clefable
|-boost|p2a: Clefable|def|1
|-boost|p2a: Clefable|spd|1
|move|p1a: Slowking|Sludge Bomb|p2a: Clefable
|-supereffective|p2a: Clefable
|-damage|p2a: Clefable|35/100
|
|-heal|p2a: Clefable|41/100|[from] item: Leftovers
|upkeep
|turn|21
|l|☆levijoseph
|inactive|levijoseph disconnected and has a minute to reconnect!
|player|p2|
|j|☆levijoseph
|inactive|levijoseph reconnected and has 145 seconds left.
|player|p2|levijoseph|170|
|
|t:|1776310351
|switch|p1a: Alomomola|Alomomola, F|100/100
|move|p2a: Clefable|Moonlight|p2a: Clefable
|-heal|p2a: Clefable|91/100
|
|-heal|p2a: Clefable|97/100|[from] item: Leftovers
|upkeep
|turn|22
|
|t:|1776310355
|move|p1a: Alomomola|Wish|p1a: Alomomola
|move|p2a: Clefable|Stored Power|p1a: Alomomola
|-damage|p1a: Alomomola|24/100
|-enditem|p1a: Alomomola|Red Card|[of] p2a: Clefable
|drag|p2a: Ceruledge|Ceruledge, F|100/100
|-damage|p2a: Ceruledge|76/100|[from] Stealth Rock
|
|-heal|p2a: Ceruledge|82/100|[from] item: Leftovers
|upkeep
|turn|23
|
|t:|1776310362
|move|p2a: Ceruledge|Bulk Up|p2a: Ceruledge
|-boost|p2a: Ceruledge|atk|1
|-boost|p2a: Ceruledge|def|1
|move|p1a: Alomomola|Scald|p2a: Ceruledge
|-supereffective|p2a: Ceruledge
|-damage|p2a: Ceruledge|63/100
|
|-heal|p1a: Alomomola|74/100|[from] move: Wish|[wisher] Alomomola
|-heal|p2a: Ceruledge|69/100|[from] item: Leftovers
|upkeep
|turn|24
|
|t:|1776310367
|move|p2a: Ceruledge|Bulk Up|p2a: Ceruledge
|-boost|p2a: Ceruledge|atk|1
|-boost|p2a: Ceruledge|def|1
|move|p1a: Alomomola|Scald|p2a: Ceruledge
|-supereffective|p2a: Ceruledge
|-crit|p2a: Ceruledge
|-damage|p2a: Ceruledge|41/100
|
|-heal|p2a: Ceruledge|47/100|[from] item: Leftovers
|upkeep
|turn|25
|
|t:|1776310371
|-terastallize|p2a: Ceruledge|Grass
|move|p2a: Ceruledge|Substitute|p2a: Ceruledge
|-start|p2a: Ceruledge|Substitute
|-damage|p2a: Ceruledge|22/100
|move|p1a: Alomomola|Scald|p2a: Ceruledge
|-resisted|p2a: Ceruledge
|-activate|p2a: Ceruledge|move: Substitute|[damage]
|
|-heal|p2a: Ceruledge|28/100|[from] item: Leftovers
|upkeep
|turn|26
|
|t:|1776310374
|move|p2a: Ceruledge|Bulk Up|p2a: Ceruledge
|-boost|p2a: Ceruledge|atk|1
|-boost|p2a: Ceruledge|def|1
|move|p1a: Alomomola|Body Slam|p2a: Ceruledge
|-activate|p2a: Ceruledge|move: Substitute|[damage]
|
|-heal|p2a: Ceruledge|34/100|[from] item: Leftovers
|upkeep
|turn|27
|
|t:|1776310377
|move|p2a: Ceruledge|Bulk Up|p2a: Ceruledge
|-boost|p2a: Ceruledge|atk|1
|-boost|p2a: Ceruledge|def|1
|move|p1a: Alomomola|Scald|p2a: Ceruledge
|-resisted|p2a: Ceruledge
|-activate|p2a: Ceruledge|move: Substitute|[damage]
|
|-heal|p2a: Ceruledge|41/100|[from] item: Leftovers
|upkeep
|turn|28
|
|t:|1776310382
|move|p2a: Ceruledge|Bulk Up|p2a: Ceruledge
|-boost|p2a: Ceruledge|atk|1
|-boost|p2a: Ceruledge|def|1
|move|p1a: Alomomola|Scald|p2a: Ceruledge
|-resisted|p2a: Ceruledge
|-activate|p2a: Ceruledge|move: Substitute|[damage]
|
|-heal|p2a: Ceruledge|47/100|[from] item: Leftovers
|upkeep
|turn|29
|
|t:|1776310385
|move|p2a: Ceruledge|Bulk Up|p2a: Ceruledge
|-boost|p2a: Ceruledge|atk|1
|-boost|p2a: Ceruledge|def|1
|move|p1a: Alomomola|Scald|p2a: Ceruledge
|-resisted|p2a: Ceruledge
|-activate|p2a: Ceruledge|move: Substitute|[damage]
|
|-heal|p2a: Ceruledge|53/100|[from] item: Leftovers
|upkeep
|turn|30
|
|t:|1776310389
|move|p2a: Ceruledge|Shadow Claw|p1a: Alomomola
|-damage|p1a: Alomomola|2/100
|move|p1a: Alomomola|Scald|p2a: Ceruledge
|-resisted|p2a: Ceruledge
|-end|p2a: Ceruledge|Substitute
|
|-heal|p2a: Ceruledge|59/100|[from] item: Leftovers
|upkeep
|turn|31
|
|t:|1776310396
|move|p2a: Ceruledge|Substitute|p2a: Ceruledge
|-start|p2a: Ceruledge|Substitute
|-damage|p2a: Ceruledge|34/100
|move|p1a: Alomomola|Body Slam|p2a: Ceruledge
|-activate|p2a: Ceruledge|move: Substitute|[damage]
|
|-heal|p2a: Ceruledge|41/100|[from] item: Leftovers
|upkeep
|turn|32
|
|t:|1776310400
|move|p2a: Ceruledge|Shadow Claw|p1a: Alomomola
|-damage|p1a: Alomomola|0 fnt
|faint|p1a: Alomomola
|
|-heal|p2a: Ceruledge|47/100|[from] item: Leftovers
|upkeep
|
|t:|1776310404
|switch|p1a: Thundurus|Thundurus-Therian, M|76/100
|turn|33
|
|t:|1776310407
|move|p1a: Thundurus|Volt Switch|p2a: Ceruledge
|-resisted|p2a: Ceruledge
|-activate|p2a: Ceruledge|move: Substitute|[damage]
|
|t:|1776310414
|switch|p1a: Great Tusk|Great Tusk|100/100|[from] Volt Switch
|move|p2a: Ceruledge|Bitter Blade|p1a: Great Tusk
|-damage|p1a: Great Tusk|0 fnt
|-heal|p2a: Ceruledge|99/100|[from] drain|[of] p1a: Great Tusk
|-damage|p2a: Ceruledge|83/100|[from] item: Rocky Helmet|[of] p1a: Great Tusk
|faint|p1a: Great Tusk
|-end|p1a: Great Tusk|Protosynthesis|[silent]
|
|-heal|p2a: Ceruledge|89/100|[from] item: Leftovers
|upkeep
|
|t:|1776310417
|switch|p1a: Thundurus|Thundurus-Therian, M|76/100
|turn|34
|
|t:|1776310419
|move|p1a: Thundurus|Volt Switch|p2a: Ceruledge
|-resisted|p2a: Ceruledge
|-end|p2a: Ceruledge|Substitute
|
|t:|1776310421
|switch|p1a: Cinderace|Cinderace, M|5/100 par|[from] Volt Switch
|move|p2a: Ceruledge|Bitter Blade|p1a: Cinderace
|-resisted|p1a: Cinderace
|-damage|p1a: Cinderace|0 fnt
|-heal|p2a: Ceruledge|91/100|[from] drain|[of] p1a: Cinderace
|faint|p1a: Cinderace
|
|-heal|p2a: Ceruledge|97/100|[from] item: Leftovers
|upkeep
|
|t:|1776310422
|switch|p1a: Thundurus|Thundurus-Therian, M|76/100
|turn|35
|
|t:|1776310426
|-terastallize|p1a: Thundurus|Ice
|move|p1a: Thundurus|Tera Blast|p2a: Ceruledge|[anim] Tera Blast Ice
|-supereffective|p2a: Ceruledge
|-damage|p2a: Ceruledge|0 fnt
|faint|p2a: Ceruledge
|
|upkeep
|
|t:|1776310430
|switch|p2a: Clefable|Clefable, M|97/100
|-damage|p2a: Clefable|85/100|[from] Stealth Rock
|turn|36
|
|t:|1776310435
|move|p1a: Thundurus|Tera Blast|p2a: Clefable|[anim] Tera Blast Ice
|-damage|p2a: Clefable|18/100
|move|p2a: Clefable|Moonlight|p2a: Clefable
|-heal|p2a: Clefable|68/100
|
|-heal|p2a: Clefable|74/100|[from] item: Leftovers
|upkeep
|turn|37
|l|☆levijoseph
|inactive|levijoseph disconnected and has a minute to reconnect!
|player|p2|
|c|☆Silent1ine|Hella spdef ceruledge
|inactive|levijoseph has 30 seconds to reconnect!
|inactive|levijoseph has 20 seconds to reconnect!
|inactive|levijoseph has 15 seconds to reconnect!
|l|☆Silent1ine
|inactive|Silent1ine disconnected and has a minute to reconnect!
|player|p1|
|inactive|levijoseph has 10 seconds to reconnect!
|j|☆Silent1ine
|inactive|Silent1ine reconnected.
|player|p1|Silent1ine|pryce|
|inactive|levijoseph has 5 seconds to reconnect!
|-message|levijoseph lost due to inactivity.
|
|win|Silent1ine
|raw|Silent1ine's rating: 1464 &rarr; <strong>1484</strong><br />(+20 for winning)
|raw|levijoseph's rating: 1464 &rarr; <strong>1444</strong><br />(-20 for losing)
