|html|<div class="broadcast-blue"><strong>[Gen 9] OU is currently suspecting Tera Blast! For information on how to participate check out the <a href="https://www.smogon.com/tools/suspects/view/200">suspect thread</a>.</strong></div>
|j|☆rabidwhale
|j|☆Delibird❤Life
|t:|1776307779
|gametype|singles
|player|p1|rabidwhale|1|1321
|player|p2|Delibird❤Life|preschoolerf|1222
|gen|9
|tier|[Gen 9] OU
|rated|
|rule|HP Percentage Mod: HP is shown in percentages
|rule|Endless Battle Clause: Forcing endless battles is banned
|rule|Species Clause: Limit one of each Pokémon
|rule|OHKO Clause: OHKO moves are banned
|rule|Evasion Items Clause: Evasion items are banned
|rule|Evasion Moves Clause: Evasion moves are banned
|rule|Evasion Abilities Clause: Evasion abilities are banned
|rule|Sleep Moves Clause: Sleep-inducing moves are banned
|clearpoke
|poke|p1|Walking Wake|
|poke|p1|Torkoal, F|
|poke|p1|Tornadus, M|
|poke|p1|Great Tusk|
|poke|p1|Slither Wing|
|poke|p1|Skeledirge, F|
|poke|p2|Porygon-Z|
|poke|p2|Chansey, F|
|poke|p2|Jirachi|
|poke|p2|Gyarados, M|
|poke|p2|Kyurem|
|poke|p2|Cresselia, F|
|teampreview
|
|t:|1776307792
|teamsize|p1|6
|teamsize|p2|6
|start
|switch|p1a: Great Tusk|Great Tusk|100/100
|switch|p2a: Porygon-Z|Porygon-Z, shiny|100/100
|turn|1
|
|t:|1776307800
|move|p2a: Porygon-Z|Ice Beam|p1a: Great Tusk
|-supereffective|p1a: Great Tusk
|-damage|p1a: Great Tusk|23/100
|move|p1a: Great Tusk|Head Smash|p2a: Porygon-Z
|-damage|p2a: Porygon-Z|32/100
|-damage|p1a: Great Tusk|0 fnt|[from] Recoil
|faint|p1a: Great Tusk
|-end|p1a: Great Tusk|Protosynthesis|[silent]
|
|upkeep
|
|t:|1776307812
|switch|p1a: Slither Wing|Slither Wing|100/100
|turn|2
|c|☆Delibird❤Life|WOW
|inactive|Battle timer is ON: inactive players will automatically lose when time's up. (requested by rabidwhale)
|
|t:|1776307876
|move|p1a: Slither Wing|First Impression|p2a: Porygon-Z
|-damage|p2a: Porygon-Z|0 fnt
|faint|p2a: Porygon-Z
|
|upkeep
|inactive|Delibird❤Life has 120 seconds left.
|
|t:|1776307926
|switch|p2a: Cresselia|Cresselia, F, shiny|100/100
|turn|3
|
|t:|1776307929
|-end|p1a: Slither Wing|Protosynthesis|[silent]
|switch|p1a: Torkoal|Torkoal, F|100/100
|-weather|SunnyDay|[from] ability: Drought|[of] p1a: Torkoal
|move|p2a: Cresselia|Calm Mind|p2a: Cresselia
|-boost|p2a: Cresselia|spa|1
|-boost|p2a: Cresselia|spd|1
|
|-weather|SunnyDay|[upkeep]
|upkeep
|turn|4
|
|t:|1776307945
|-terastallize|p2a: Cresselia|Poison
|move|p2a: Cresselia|Calm Mind|p2a: Cresselia
|-boost|p2a: Cresselia|spa|1
|-boost|p2a: Cresselia|spd|1
|move|p1a: Torkoal|Eruption|p2a: Cresselia
|-damage|p2a: Cresselia|66/100
|
|-weather|SunnyDay|[upkeep]
|-heal|p2a: Cresselia|73/100|[from] item: Leftovers
|upkeep
|turn|5
|
|t:|1776307955
|switch|p1a: Skeledirge|Skeledirge, F|100/100
|move|p2a: Cresselia|Calm Mind|p2a: Cresselia
|-boost|p2a: Cresselia|spa|1
|-boost|p2a: Cresselia|spd|1
|
|-weather|SunnyDay|[upkeep]
|-heal|p2a: Cresselia|79/100|[from] item: Leftovers
|upkeep
|turn|6
|
|t:|1776307967
|-terastallize|p1a: Skeledirge|Fire
|move|p2a: Cresselia|Moonlight|p2a: Cresselia
|-heal|p2a: Cresselia|100/100
|move|p1a: Skeledirge|Torch Song|p2a: Cresselia
|-damage|p2a: Cresselia|23/100
|-boost|p1a: Skeledirge|spa|1
|
|-weather|SunnyDay|[upkeep]
|-heal|p2a: Cresselia|29/100|[from] item: Leftovers
|upkeep
|turn|7
|
|t:|1776307983
|move|p2a: Cresselia|Stored Power|p1a: Skeledirge
|-damage|p1a: Skeledirge|59/100
|move|p1a: Skeledirge|Torch Song|p2a: Cresselia
|-damage|p2a: Cresselia|0 fnt
|-boost|p1a: Skeledirge|spa|1
|faint|p2a: Cresselia
|
|-weather|SunnyDay|[upkeep]
|upkeep
|c|☆Delibird❤Life|wtf.
|inactive|Delibird❤Life has 120 seconds left.
|c|☆rabidwhale|!dt unaware
|c|☆rabidwhale|/raw <ul class="utilichart"><li class="result"><span class="col namecol"><a href="https://dex.pokemonshowdown.com/abilities/unaware">Unaware</a></span> <span class="col abilitydesccol">This Pokemon ignores other Pokemon's stat stages when taking or doing damage.</span> </li><li style="clear:both"></li></ul>
|c|☆rabidwhale|/raw <font size="1"><font color="#686868">Gen:</font> 4&nbsp;|&ThickSpace;&#10003; Ignored by Mold Breaker</font>

|c|☆Delibird❤Life|OHHHHHHHHHHHHHHHHHHHHHHHHHHHHHHHHHHHHHHHHHHHHHHHHHHHHHHHHHHHHHHHHHHHHHHHHHHHHHHHHHHHHHHHHHHHHHHHHHHHHHHHHHHHHHHHHHHHHHHHHHHHHHHH
|inactive|Delibird❤Life has 90 seconds left.
|c|☆Delibird❤Life|OMG THIS WHOLE TIME I DIDNT KNO IT HAD UNAWARE WAOWWWWWWWWWWWWWWWWWWWWWWWWWWW OMG EVERYTHING MAEKS SENNSE NOW IM SOO DUMB OMGGGG
|
|t:|1776308056
|switch|p2a: Gyarados|Gyarados, M, shiny|100/100
|turn|8
|
|t:|1776308060
|switch|p1a: Walking Wake|Walking Wake|100/100
|-activate|p1a: Walking Wake|ability: Protosynthesis
|-start|p1a: Walking Wake|protosynthesisspe
|move|p2a: Gyarados|Earthquake|p1a: Walking Wake
|-damage|p1a: Walking Wake|61/100
|
|-weather|SunnyDay|[upkeep]
|upkeep
|turn|9
|
|t:|1776308070
|move|p1a: Walking Wake|Flip Turn|p2a: Gyarados
|-resisted|p2a: Gyarados
|-damage|p2a: Gyarados|96/100
|
|t:|1776308078
|-end|p1a: Walking Wake|Protosynthesis|[silent]
|switch|p1a: Tornadus|Tornadus, M|100/100|[from] Flip Turn
|move|p2a: Gyarados|Substitute|p2a: Gyarados
|-start|p2a: Gyarados|Substitute
|-damage|p2a: Gyarados|71/100
|
|-weather|SunnyDay|[upkeep]
|-heal|p2a: Gyarados|77/100|[from] item: Leftovers
|upkeep
|turn|10
|
|t:|1776308084
|move|p1a: Tornadus|Taunt|p2a: Gyarados
|-start|p2a: Gyarados|move: Taunt
|cant|p2a: Gyarados|move: Taunt|Dragon Dance
|
|-weather|none
|-heal|p2a: Gyarados|83/100|[from] item: Leftovers
|upkeep
|turn|11
|
|t:|1776308087
|move|p2a: Gyarados|Waterfall|p1a: Tornadus
|-damage|p1a: Tornadus|47/100
|move|p1a: Tornadus|Knock Off|p2a: Gyarados
|-end|p2a: Gyarados|Substitute
|
|-heal|p2a: Gyarados|89/100|[from] item: Leftovers
|upkeep
|turn|12
|
|t:|1776308093
|move|p1a: Tornadus|Sunny Day|p1a: Tornadus
|-weather|SunnyDay
|move|p2a: Gyarados|Waterfall|p1a: Tornadus
|-damage|p1a: Tornadus|23/100
|
|-weather|SunnyDay|[upkeep]
|-heal|p2a: Gyarados|95/100|[from] item: Leftovers
|-end|p2a: Gyarados|move: Taunt
|upkeep
|turn|13
|
|t:|1776308099
|move|p2a: Gyarados|Waterfall|p1a: Tornadus
|-damage|p1a: Tornadus|0 fnt
|faint|p1a: Tornadus
|-ability|p2a: Gyarados|Moxie|boost
|-boost|p2a: Gyarados|atk|1
|
|-weather|SunnyDay|[upkeep]
|-heal|p2a: Gyarados|100/100|[from] item: Leftovers
|upkeep
|
|t:|1776308103
|switch|p1a: Walking Wake|Walking Wake|61/100
|-activate|p1a: Walking Wake|ability: Protosynthesis
|-start|p1a: Walking Wake|protosynthesisspe
|turn|14
|
|t:|1776308110
|switch|p2a: Chansey|Chansey, F, shiny|100/100
|move|p1a: Walking Wake|Draco Meteor|p2a: Chansey
|-damage|p2a: Chansey|68/100
|-unboost|p1a: Walking Wake|spa|2
|
|-weather|SunnyDay|[upkeep]
|upkeep
|turn|15
|
|t:|1776308119
|-end|p1a: Walking Wake|Protosynthesis|[silent]
|switch|p1a: Slither Wing|Slither Wing|100/100
|-activate|p1a: Slither Wing|ability: Protosynthesis
|-start|p1a: Slither Wing|protosynthesisatk
|move|p2a: Chansey|Thunder Wave|p1a: Slither Wing
|-status|p1a: Slither Wing|par
|
|-weather|SunnyDay|[upkeep]
|upkeep
|turn|16
|
|t:|1776308125
|move|p2a: Chansey|Soft-Boiled|p2a: Chansey
|-heal|p2a: Chansey|100/100
|move|p1a: Slither Wing|Close Combat|p2a: Chansey
|-supereffective|p2a: Chansey
|-damage|p2a: Chansey|0 fnt
|-unboost|p1a: Slither Wing|def|1
|-unboost|p1a: Slither Wing|spd|1
|faint|p2a: Chansey
|
|-weather|none
|-end|p1a: Slither Wing|Protosynthesis
|upkeep
|c|☆Delibird❤Life|omggggggggggggggggggggggg
|inactive|Delibird❤Life has 120 seconds left.
|
|t:|1776308162
|switch|p2a: Gyarados|Gyarados, M, shiny|100/100
|turn|17
|c|☆rabidwhale|Y you type so much
|
|t:|1776308173
|move|p2a: Gyarados|Dragon Dance|p2a: Gyarados
|-boost|p2a: Gyarados|atk|1
|-boost|p2a: Gyarados|spe|1
|move|p1a: Slither Wing|Close Combat|p2a: Gyarados
|-resisted|p2a: Gyarados
|-damage|p2a: Gyarados|34/100
|-unboost|p1a: Slither Wing|def|1
|-unboost|p1a: Slither Wing|spd|1
|
|-heal|p2a: Gyarados|40/100|[from] item: Leftovers
|upkeep
|turn|18
|inactive|Delibird❤Life has 120 seconds left.
|c|☆Delibird❤Life|OMG HOW ARE U SO STRONG THATS SUPPOSED TO BE NOT VERY EFFECTIVE OMG
|
|t:|1776308201
|-end|p1a: Slither Wing|Protosynthesis|[silent]
|switch|p1a: Torkoal|Torkoal, F|100/100
|-weather|SunnyDay|[from] ability: Drought|[of] p1a: Torkoal
|move|p2a: Gyarados|Waterfall|p1a: Torkoal
|-supereffective|p1a: Torkoal
|-damage|p1a: Torkoal|57/100
|
|-weather|SunnyDay|[upkeep]
|-heal|p2a: Gyarados|46/100|[from] item: Leftovers
|upkeep
|turn|19
|
|t:|1776308219
|move|p2a: Gyarados|Dragon Dance|p2a: Gyarados
|-boost|p2a: Gyarados|atk|1
|-boost|p2a: Gyarados|spe|1
|move|p1a: Torkoal|Solar Beam||[still]
|-prepare|p1a: Torkoal|Solar Beam
|-anim|p1a: Torkoal|Solar Beam|p2a: Gyarados
|-damage|p2a: Gyarados|8/100
|
|-weather|SunnyDay|[upkeep]
|-heal|p2a: Gyarados|14/100|[from] item: Leftovers
|upkeep
|turn|20
|
|t:|1776308232
|switch|p1a: Skeledirge|Skeledirge, F, tera:Fire|59/100
|move|p2a: Gyarados|Earthquake|p1a: Skeledirge
|-supereffective|p1a: Skeledirge
|-damage|p1a: Skeledirge|0 fnt
|faint|p1a: Skeledirge
|-ability|p2a: Gyarados|Moxie|boost
|-boost|p2a: Gyarados|atk|1
|
|-weather|SunnyDay|[upkeep]
|-heal|p2a: Gyarados|20/100|[from] item: Leftovers
|upkeep
|c|☆Delibird❤Life|OMG
|c|☆Delibird❤Life|OMG
|c|☆Delibird❤Life|OMG
|c|☆Delibird❤Life|OMG
|c|☆Delibird❤Life|OMG
|c|☆Delibird❤Life|I THINK I WON
|c|☆Delibird❤Life|OMG
|inactive|rabidwhale has 120 seconds left.
|
|t:|1776308271
|switch|p1a: Slither Wing|Slither Wing|100/100 par
|-activate|p1a: Slither Wing|ability: Protosynthesis
|-start|p1a: Slither Wing|protosynthesisatk
|turn|21
|c|☆Delibird❤Life|omggg im scared
|
|t:|1776308291
|move|p1a: Slither Wing|First Impression|p2a: Gyarados
|-resisted|p2a: Gyarados
|-damage|p2a: Gyarados|0 fnt
|faint|p2a: Gyarados
|
|-weather|SunnyDay|[upkeep]
|upkeep
|c|☆Delibird❤Life|QTF
|c|☆Delibird❤Life|WTF
|c|☆Delibird❤Life|WTF
|c|☆Delibird❤Life|THATS SO NOT FAIR WTF
|inactive|Delibird❤Life has 90 seconds left.
|c|☆Delibird❤Life|GRRRRRRRRRRRRRRRRRRRRRRRRRRRRRRRRRRRRRRRRRRRRRRRRRRRRRRRRRRRRRRRRRRRRRRRRRRRRRRRRRRRRRRRRRRRRRRRRRRRRRRRRRRRRR
|inactive|Delibird❤Life has 60 seconds left.
|
|t:|1776308348
|switch|p2a: Kyurem|Kyurem, shiny|100/100
|-ability|p2a: Kyurem|Pressure
|turn|22
|inactive|Delibird❤Life has 60 seconds left.
|
|t:|1776308365
|-end|p1a: Slither Wing|Protosynthesis|[silent]
|switch|p1a: Torkoal|Torkoal, F|57/100
|move|p2a: Kyurem|Dragon Dance|p2a: Kyurem
|-boost|p2a: Kyurem|atk|1
|-boost|p2a: Kyurem|spe|1
|
|-weather|SunnyDay|[upkeep]
|upkeep
|turn|23
|
|t:|1776308380
|move|p2a: Kyurem|Scale Shot|p1a: Torkoal
|-damage|p1a: Torkoal|41/100
|-damage|p1a: Torkoal|24/100
|-damage|p1a: Torkoal|6/100
|-damage|p1a: Torkoal|0 fnt
|faint|p1a: Torkoal
|-hitcount|p1: Torkoal|4
|-unboost|p2a: Kyurem|def|1
|-boost|p2a: Kyurem|spe|1
|
|-weather|SunnyDay|[upkeep]
|upkeep
|c|☆Delibird❤Life|OMG
|c|☆Delibird❤Life|OMG
|inactive|rabidwhale has 120 seconds left.
|
|t:|1776308390
|switch|p1a: Slither Wing|Slither Wing|100/100 par
|-activate|p1a: Slither Wing|ability: Protosynthesis
|-start|p1a: Slither Wing|protosynthesisatk
|turn|24
|c|☆Delibird❤Life|OMG
|c|☆Delibird❤Life|OMG
|c|☆Delibird❤Life|I THIKN I WON AGAIN OMG
|inactive|Delibird❤Life has 60 seconds left.
|
|t:|1776308403
|move|p1a: Slither Wing|First Impression|p2a: Kyurem
|-damage|p2a: Kyurem|0 fnt
|faint|p2a: Kyurem
|
|-weather|SunnyDay|[upkeep]
|upkeep
|inactive|Delibird❤Life has 60 seconds left.
|c|☆Delibird❤Life|NOOOOOOOOOOOOOOOOOOOOOOOOOOOOOOOOOOOOOOOOOOOOOOOOOOOOOOOOOOOOOOOOOOOOOOOOOOOOOOOOOOOOOOOOOOOOOOOOOOOOOOOOOOOOOOOOOOOOOOOOOO
|c|☆Delibird❤Life|THIS IS SO UNFAIR
|inactive|Delibird❤Life has 30 seconds left.
|inactive|Delibird❤Life has 20 seconds left.
|c|☆Delibird❤Life|THIS HAS NEVER HAPPEND TO ME BEFEORE U USE WEIRD MONS 😭😭😭😭😭😭😭😭😭😭😭😭😭😭😭😭😭😭😭😭😭😭😭😭😭😭😭😭😭😭
|inactive|Delibird❤Life has 15 seconds left.
|c|☆Delibird❤Life|😭😭😭😭😭😭😭😭😭😭😭😭😭😭😭😭😭😭😭😭😭😭😭😭😭😭😭😭😭😭😭😭😭😭😭😭😭😭😭😭😭😭😭😭😭😭😭😭😭😭😭😭😭😭😭😭😭😭😭😭😭😭😭😭😭😭😭😭😭😭😭😭😭😭😭😭😭😭
|inactive|Delibird❤Life has 10 seconds left.
|
|t:|1776308459
|switch|p2a: Jirachi|Jirachi, shiny|100/100
|turn|25
|inactive|Delibird❤Life has 20 seconds left this turn.
|inactive|Delibird❤Life has 15 seconds left.
|inactive|Delibird❤Life has 10 seconds left.
|inactive|Delibird❤Life has 5 seconds left.
|c|☆Delibird❤Life|😭😭😭😭😭😭😭😭😭😭😭😭😭😭😭😭😭😭😭😭😭😭😭😭😭😭😭😭😭😭😭😭😭😭😭😭😭😭😭😭😭😭😭😭😭😭😭😭😭😭😭😭😭😭😭😭😭😭😭😭😭😭😭😭😭😭😭😭😭😭😭😭😭😭😭😭😭😭😭😭😭😭😭😭😭😭😭😭😭😭😭😭😭😭😭😭😭😭😭😭😭😭😭😭😭😭😭😭😭😭😭😭😭😭😭😭😭😭😭😭😭😭😭😭😭😭😭😭😭😭😭😭😭😭😭😭😭😭😭😭😭😭😭😭😭😭😭😭😭😭😭😭😭😭😭😭😭😭😭😭😭😭😭😭😭😭😭😭😭😭😭😭😭😭😭😭😭😭😭😭😭😭😭😭😭😭😭😭😭😭😭😭😭😭😭😭😭😭😭😭😭😭😭😭😭😭😭😭😭😭😭😭😭😭😭😭😭😭😭😭😭😭😭😭😭😭😭😭😭😭😭😭😭😭😭😭😭😭😭😭😭😭😭😭😭😭😭😭😭😭😭😭😭😭😭😭😭😭😭😭😭😭😭😭😭😭😭😭😭😭😭😭😭😭😭😭😭😭😭😭😭😭😭😭😭😭😭😭😭😭😭😭😭😭😭😭😭😭😭😭😭😭😭😭😭😭😭😭😭😭😭😭😭😭😭😭😭😭😭😭😭😭😭😭😭😭😭😭😭😭😭😭😭😭😭😭😭😭😭😭😭😭😭😭😭😭😭😭😭😭😭😭😭😭😭😭😭😭😭😭😭😭😭😭😭😭😭😭😭😭😭😭😭😭😭😭😭😭😭😭😭😭😭😭😭😭😭😭😭😭😭😭😭😭😭😭😭😭😭😭😭😭😭😭😭😭😭😭😭😭😭😭😭😭
|-message|Delibird❤Life lost due to inactivity.
|
|win|rabidwhale
|raw|rabidwhale's rating: 1321 &rarr; <strong>1335</strong><br />(+14 for winning)
|raw|Delibird❤Life's rating: 1222 &rarr; <strong>1204</strong><br />(-18 for losing)
|l|☆Delibird❤Life
|player|p2|
