|html|<div class="broadcast-blue"><strong>[Gen 9] OU is currently suspecting Volcarona! For information on how to participate check out the <a href="https://www.smogon.com/tools/suspects/view/208">suspect thread</a>.</strong></div>
|j|☆regalecidae
|j|☆Bld.dp
|t:|1778516398
|gametype|singles
|player|p1|regalecidae|policeman-gen4|1152
|player|p2|Bld.dp|170|1171
|gen|9
|tier|[Gen 9] OU
|rated|
|rule|HP Percentage Mod: HP is shown in percentages
|rule|Endless Battle Clause: Forcing endless battles is banned
|rule|Species Clause: Limit one of each Pokémon
|rule|OHKO Clause: OHKO moves are banned
|rule|Evasion Items Clause: Evasion items are banned
|rule|Evasion Moves Clause: Evasion moves are banned
|rule|Evasion Abilities Clause: Evasion abilities are banned
|rule|Sleep Moves Clause: Sleep-inducing moves are banned
|clearpoke
|poke|p1|Corviknight, M|
|poke|p1|Pecharunt|
|poke|p1|Primarina, F|
|poke|p1|Gliscor, M|
|poke|p1|Kyurem|
|poke|p1|Lokix, M|
|poke|p2|Landorus-Therian, M|
|poke|p2|Pelipper, M|
|poke|p2|Azumarill, F|
|poke|p2|Raichu, F|
|poke|p2|Clodsire, F|
|poke|p2|Barraskewda, M|
|teampreview
|inactive|Battle timer is ON: inactive players will automatically lose when time's up. (requested by Bld.dp)
|
|t:|1778516405
|teamsize|p1|6
|teamsize|p2|6
|start
|switch|p1a: Primarina|Primarina, F, shiny|100/100
|switch|p2a: Barraskewda|Barraskewda, M|100/100
|turn|1
|
|t:|1778516412
|move|p2a: Barraskewda|Flip Turn|p1a: Primarina
|-resisted|p1a: Primarina
|-damage|p1a: Primarina|79/100
|
|t:|1778516414
|switch|p2a: Clodsire|Clodsire, F|100/100|[from] Flip Turn
|move|p1a: Primarina|Energy Ball|p2a: Clodsire
|-damage|p2a: Clodsire|84/100
|
|-heal|p2a: Clodsire|90/100|[from] item: Black Sludge
|upkeep
|turn|2
|
|t:|1778516425
|-terastallize|p1a: Primarina|Steel
|move|p1a: Primarina|Hyper Voice|p2a: Clodsire
|-heal|p2a: Clodsire|100/100|[from] ability: Water Absorb|[of] p1a: Primarina
|move|p2a: Clodsire|Toxic|p1a: Primarina
|-immune|p1a: Primarina
|
|upkeep
|turn|3
|
|t:|1778516434
|move|p1a: Primarina|Ice Beam|p2a: Clodsire
|-supereffective|p2a: Clodsire
|-damage|p2a: Clodsire|60/100
|move|p2a: Clodsire|Stealth Rock|p1a: Primarina
|-sidestart|p1: regalecidae|move: Stealth Rock
|
|-heal|p2a: Clodsire|66/100|[from] item: Black Sludge
|upkeep
|turn|4
|
|t:|1778516445
|move|p1a: Primarina|Ice Beam|p2a: Clodsire
|-supereffective|p2a: Clodsire
|-damage|p2a: Clodsire|27/100
|move|p2a: Clodsire|Recover|p2a: Clodsire
|-heal|p2a: Clodsire|77/100
|
|-heal|p2a: Clodsire|84/100|[from] item: Black Sludge
|upkeep
|turn|5
|
|t:|1778516454
|move|p1a: Primarina|Ice Beam|p2a: Clodsire
|-supereffective|p2a: Clodsire
|-damage|p2a: Clodsire|41/100
|move|p2a: Clodsire|Earthquake|p1a: Primarina
|-supereffective|p1a: Primarina
|-damage|p1a: Primarina|22/100
|
|-heal|p2a: Clodsire|47/100|[from] item: Black Sludge
|upkeep
|turn|6
|
|t:|1778516465
|switch|p1a: Gliscor|Gliscor, M|100/100
|-damage|p1a: Gliscor|88/100|[from] Stealth Rock
|move|p2a: Clodsire|Recover|p2a: Clodsire
|-heal|p2a: Clodsire|97/100
|
|-heal|p2a: Clodsire|100/100|[from] item: Black Sludge
|-status|p1a: Gliscor|tox|[from] item: Toxic Orb
|upkeep
|turn|7
|
|t:|1778516476
|switch|p2a: Raichu|Raichu, F|100/100
|-item|p2a: Raichu|Air Balloon
|move|p1a: Gliscor|Earthquake|p2a: Raichu
|-immune|p2a: Raichu
|
|-heal|p1a: Gliscor|100/100 tox|[from] ability: Poison Heal
|upkeep
|turn|8
|
|t:|1778516482
|move|p2a: Raichu|Encore|p1a: Gliscor
|-start|p1a: Gliscor|Encore
|move|p1a: Gliscor|Earthquake|p2a: Raichu
|-immune|p2a: Raichu
|
|upkeep
|turn|9
|
|t:|1778516488
|move|p2a: Raichu|Nasty Plot|p2a: Raichu
|-boost|p2a: Raichu|spa|2
|move|p1a: Gliscor|Earthquake|p2a: Raichu
|-immune|p2a: Raichu
|
|upkeep
|turn|10
|
|t:|1778516496
|move|p2a: Raichu|Surf|p1a: Gliscor
|-supereffective|p1a: Gliscor
|-damage|p1a: Gliscor|17/100 tox
|move|p1a: Gliscor|Earthquake|p2a: Raichu
|-immune|p2a: Raichu
|
|-heal|p1a: Gliscor|30/100 tox|[from] ability: Poison Heal
|-end|p1a: Gliscor|Encore
|upkeep
|turn|11
|
|t:|1778516506
|move|p2a: Raichu|Encore|p1a: Gliscor
|-start|p1a: Gliscor|Encore
|move|p1a: Gliscor|Earthquake|p2a: Raichu
|-immune|p2a: Raichu
|
|-heal|p1a: Gliscor|42/100 tox|[from] ability: Poison Heal
|upkeep
|turn|12
|
|t:|1778516518
|switch|p1a: Kyurem|Kyurem|100/100
|-damage|p1a: Kyurem|76/100|[from] Stealth Rock
|-ability|p1a: Kyurem|Pressure
|move|p2a: Raichu|Nasty Plot|p2a: Raichu
|-boost|p2a: Raichu|spa|2
|
|upkeep
|turn|13
|
|t:|1778516534
|move|p2a: Raichu|Volt Switch|p1a: Kyurem
|-resisted|p1a: Kyurem
|-damage|p1a: Kyurem|43/100
|
|t:|1778516538
|switch|p2a: Pelipper|Pelipper, M|100/100|[from] Volt Switch
|-weather|RainDance|[from] ability: Drizzle|[of] p2a: Pelipper
|move|p1a: Kyurem|Draco Meteor|p2a: Pelipper
|-damage|p2a: Pelipper|0 fnt
|-unboost|p1a: Kyurem|spa|2
|faint|p2a: Pelipper
|
|-weather|RainDance|[upkeep]
|upkeep
|
|t:|1778516547
|switch|p2a: Barraskewda|Barraskewda, M|100/100
|turn|14
|
|t:|1778516554
|switch|p1a: Corviknight|Corviknight, M|100/100
|-damage|p1a: Corviknight|88/100|[from] Stealth Rock
|move|p2a: Barraskewda|Liquidation|p1a: Corviknight
|-damage|p1a: Corviknight|15/100
|-ability|p1a: Corviknight|Mirror Armor
|-unboost|p2a: Barraskewda|def|1
|-damage|p2a: Barraskewda|84/100|[from] item: Rocky Helmet|[of] p1a: Corviknight
|
|-weather|RainDance|[upkeep]
|upkeep
|turn|15
|
|t:|1778516566
|move|p2a: Barraskewda|Liquidation|p1a: Corviknight
|-damage|p1a: Corviknight|0 fnt
|-damage|p2a: Barraskewda|68/100|[from] item: Rocky Helmet|[of] p1a: Corviknight
|faint|p1a: Corviknight
|
|-weather|RainDance|[upkeep]
|upkeep
|
|t:|1778516573
|switch|p1a: Lokix|Lokix, M|100/100
|turn|16
|
|t:|1778516579
|switch|p2a: Landorus|Landorus-Therian, M|100/100
|-ability|p2a: Landorus|Intimidate|boost
|-unboost|p1a: Lokix|atk|1
|move|p1a: Lokix|First Impression|p2a: Landorus
|-resisted|p2a: Landorus
|-damage|p2a: Landorus|69/100
|
|-weather|RainDance|[upkeep]
|-heal|p2a: Landorus|75/100|[from] item: Leftovers
|upkeep
|turn|17
|
|t:|1778516596
|move|p1a: Lokix|Sucker Punch||[still]
|-fail|p1a: Lokix
|move|p2a: Landorus|Swords Dance|p2a: Landorus
|-boost|p2a: Landorus|atk|2
|
|-weather|RainDance|[upkeep]
|-heal|p2a: Landorus|81/100|[from] item: Leftovers
|upkeep
|turn|18
|-message|regalecidae forfeited.
|
|win|Bld.dp
|raw|regalecidae's rating: 1152 &rarr; <strong>1128</strong><br />(-24 for losing)
|raw|Bld.dp's rating: 1171 &rarr; <strong>1195</strong><br />(+24 for winning)
|l|☆regalecidae
|player|p1|
|l|☆Bld.dp
|player|p2|
