|html|<div class="broadcast-blue"><strong>[Gen 9] OU is currently suspecting Tera Blast! For information on how to participate check out the <a href="https://www.smogon.com/tools/suspects/view/200">suspect thread</a>.</strong></div>
|j|☆pokenoob123p
|j|☆MarcElf22
|t:|1776130154
|gametype|singles
|player|p1|pokenoob123p|266|
|player|p2|MarcElf22|hilbert-wonderlauncher|
|gen|9
|tier|[Gen 9] OU
|rule|HP Percentage Mod: HP is shown in percentages
|rule|Endless Battle Clause: Forcing endless battles is banned
|rule|Species Clause: Limit one of each Pokémon
|rule|OHKO Clause: OHKO moves are banned
|rule|Evasion Items Clause: Evasion items are banned
|rule|Evasion Moves Clause: Evasion moves are banned
|rule|Evasion Abilities Clause: Evasion abilities are banned
|rule|Sleep Moves Clause: Sleep-inducing moves are banned
|clearpoke
|poke|p1|Cinccino, F|
|poke|p1|Snorlax, F|
|poke|p1|Ursaluna, F|
|poke|p1|Deoxys-Speed|
|poke|p1|Iron Valiant|
|poke|p1|Corviknight, M|
|poke|p2|Weavile, F|
|poke|p2|Meowscarada, F|
|poke|p2|Umbreon, F|
|poke|p2|Staraptor, M|
|poke|p2|Gengar, F|
|poke|p2|Salazzle, F|
|teampreview
|
|t:|1776130160
|teamsize|p1|6
|teamsize|p2|6
|start
|switch|p1a: Corviknight|Corviknight, M|100/100
|switch|p2a: Salazzle|Salazzle, F, shiny|100/100
|turn|1
|
|t:|1776130195
|move|p2a: Salazzle|Overheat|p1a: Corviknight
|-supereffective|p1a: Corviknight
|-damage|p1a: Corviknight|0 fnt
|-unboost|p2a: Salazzle|spa|2
|faint|p1a: Corviknight
|
|upkeep
|c|☆pokenoob123p|...
|
|t:|1776130207
|switch|p1a: Ursaluna|Ursaluna, F|100/100
|turn|2
|
|t:|1776130245
|move|p2a: Salazzle|Toxic|p1a: Ursaluna
|-status|p1a: Ursaluna|tox
|move|p1a: Ursaluna|Bulk Up|p1a: Ursaluna
|-boost|p1a: Ursaluna|atk|1
|-boost|p1a: Ursaluna|def|1
|
|-damage|p1a: Ursaluna|94/100 tox|[from] psn
|upkeep
|turn|3
|
|t:|1776130271
|switch|p2a: Outlast|Gengar, F|100/100
|move|p1a: Ursaluna|Facade|p2a: Outlast
|-immune|p2a: Outlast
|
|-damage|p1a: Ursaluna|82/100 tox|[from] psn
|upkeep
|turn|4
|
|t:|1776130287
|switch|p1a: Snorlax|Snorlax, F|100/100
|move|p2a: Outlast|Venoshock|p1a: Snorlax
|-damage|p1a: Snorlax|74/100
|-damage|p2a: Outlast|91/100|[from] item: Life Orb
|
|upkeep
|turn|5
|c|☆MarcElf22|:3
|
|t:|1776130303
|switch|p2a: Staraptor|Staraptor, M|100/100
|-ability|p2a: Staraptor|Intimidate|boost
|-unboost|p1a: Snorlax|atk|1
|move|p1a: Snorlax|Shadow Ball|p2a: Staraptor
|-immune|p2a: Staraptor
|
|upkeep
|turn|6
|c|☆pokenoob123p|that streamer is kinda boring
|c|☆pokenoob123p|just sings
|c|☆MarcElf22|it's a Karaoke stream lol
|
|t:|1776130331
|move|p2a: Staraptor|Close Combat|p1a: Snorlax
|-supereffective|p1a: Snorlax
|-crit|p1a: Snorlax
|-damage|p1a: Snorlax|0 fnt
|-unboost|p2a: Staraptor|def|1
|-unboost|p2a: Staraptor|spd|1
|-damage|p2a: Staraptor|84/100|[from] item: Rocky Helmet|[of] p1a: Snorlax
|faint|p1a: Snorlax
|
|upkeep
|c|☆pokenoob123p|boooring
|
|t:|1776130340
|switch|p1a: Ursaluna|Ursaluna, F|82/100 tox
|turn|7
|c|☆MarcElf22|mid mind games
|c|☆pokenoob123p|where da entertainment
|c|☆MarcElf22|someone isn't digesting their Provoker potion
|
|t:|1776130369
|move|p2a: Staraptor|Close Combat|p1a: Ursaluna
|-supereffective|p1a: Ursaluna
|-damage|p1a: Ursaluna|26/100 tox
|-unboost|p2a: Staraptor|def|1
|-unboost|p2a: Staraptor|spd|1
|move|p1a: Ursaluna|Drain Punch|p2a: Staraptor
|-damage|p2a: Staraptor|0 fnt
|-heal|p1a: Ursaluna|54/100 tox|[from] drain|[of] p2a: Staraptor
|faint|p2a: Staraptor
|
|-damage|p1a: Ursaluna|47/100 tox|[from] psn
|upkeep
|
|t:|1776130378
|switch|p2a: Salazzle|Salazzle, F, shiny|100/100
|turn|8
|
|t:|1776130387
|move|p2a: Salazzle|Venoshock|p1a: Ursaluna
|-resisted|p1a: Ursaluna
|-damage|p1a: Ursaluna|20/100 tox
|move|p1a: Ursaluna|Facade|p2a: Salazzle
|-enditem|p2a: Salazzle|Focus Sash
|-damage|p2a: Salazzle|1/100
|
|-damage|p1a: Ursaluna|7/100 tox|[from] psn
|upkeep
|turn|9
|
|t:|1776130397
|move|p2a: Salazzle|Venoshock|p1a: Ursaluna
|-resisted|p1a: Ursaluna
|-damage|p1a: Ursaluna|0 fnt
|faint|p1a: Ursaluna
|
|upkeep
|
|t:|1776130412
|switch|p1a: Cinccino|Cinccino, F|100/100
|turn|10
|
|t:|1776130444
|move|p1a: Cinccino|Tidy Up|p1a: Cinccino
|-boost|p1a: Cinccino|atk|1
|-boost|p1a: Cinccino|spe|1
|move|p2a: Salazzle|Overheat|p1a: Cinccino
|-enditem|p1a: Cinccino|Focus Sash
|-damage|p1a: Cinccino|1/100
|-unboost|p2a: Salazzle|spa|2
|
|upkeep
|turn|11
|
|t:|1776130457
|move|p1a: Cinccino|Triple Axel|p2a: Salazzle
|-resisted|p2a: Salazzle
|-damage|p2a: Salazzle|0 fnt
|faint|p2a: Salazzle
|-hitcount|p2: Salazzle|1
|
|upkeep
|c|☆MarcElf22|imagine you niss
|c|☆MarcElf22|nvm
|c|☆pokenoob123p|whats missing?
|
|t:|1776130470
|switch|p2a: Princess|Weavile, F|100/100
|-ability|p2a: Princess|Pressure
|turn|12
|
|t:|1776130481
|move|p2a: Princess|Fake Out|p1a: Cinccino
|-damage|p1a: Cinccino|0 fnt
|faint|p1a: Cinccino
|
|upkeep
|
|t:|1776130486
|switch|p1a: Iron Valiant|Iron Valiant|100/100
|turn|13
|c|☆pokenoob123p|gg
|c|☆pokenoob123p|i m basically dead
|c|☆pokenoob123p|but will still stay
|
|t:|1776130510
|move|p1a: Iron Valiant|Vacuum Wave|p2a: Princess
|-supereffective|p2a: Princess
|-enditem|p2a: Princess|Focus Sash
|-damage|p2a: Princess|1/100
|move|p2a: Princess|Swords Dance|p2a: Princess
|-boost|p2a: Princess|atk|2
|
|upkeep
|turn|14
|
|t:|1776130519
|move|p1a: Iron Valiant|Vacuum Wave|p2a: Princess
|-supereffective|p2a: Princess
|-damage|p2a: Princess|0 fnt
|faint|p2a: Princess
|
|upkeep
|c|☆MarcElf22|so fast...SCARFED!!!
|c|☆pokenoob123p|didnt expect it to be so effective
|
|t:|1776130536
|switch|p2a: Outlast|Gengar, F|91/100
|turn|15
|c|☆pokenoob123p|no wasnt scarfed
|
|t:|1776130555
|move|p1a: Iron Valiant|Thunderbolt|p2a: Outlast
|-damage|p2a: Outlast|45/100
|move|p2a: Outlast|Destiny Bond|p2a: Outlast
|-singlemove|p2a: Outlast|Destiny Bond
|
|upkeep
|turn|16
|
|t:|1776130584
|move|p1a: Iron Valiant|Vacuum Wave|p2a: Outlast
|-immune|p2a: Outlast
|move|p2a: Outlast|Venoshock|p1a: Iron Valiant
|-supereffective|p1a: Iron Valiant
|-crit|p1a: Iron Valiant
|-damage|p1a: Iron Valiant|0 fnt
|faint|p1a: Iron Valiant
|-end|p1a: Iron Valiant|Quark Drive|[silent]
|-damage|p2a: Outlast|35/100|[from] item: Life Orb
|
|upkeep
|
|t:|1776130592
|switch|p1a: Deoxys|Deoxys-Speed|100/100
|-ability|p1a: Deoxys|Pressure
|turn|17
|
|t:|1776130620
|move|p1a: Deoxys|Psycho Boost|p2a: Outlast
|-supereffective|p2a: Outlast
|-damage|p2a: Outlast|0 fnt
|-unboost|p1a: Deoxys|spa|2
|faint|p2a: Outlast
|
|upkeep
|
|t:|1776130625
|switch|p2a: Miss Magician|Meowscarada, F, shiny|100/100
|turn|18
|
|t:|1776130666
|move|p1a: Deoxys|Calm Mind|p1a: Deoxys
|-boost|p1a: Deoxys|spa|1
|-boost|p1a: Deoxys|spd|1
|move|p2a: Miss Magician|Knock Off|p1a: Deoxys
|-start|p2a: Miss Magician|typechange|Dark|[from] ability: Protean
|-supereffective|p1a: Deoxys
|-damage|p1a: Deoxys|0 fnt
|-enditem|p1a: Deoxys|Leftovers|[from] move: Knock Off|[of] p2a: Miss Magician
|faint|p1a: Deoxys
|
|win|MarcElf22
|l|☆pokenoob123p
|player|p1|
|c|☆MarcElf22|gg
