|html|<div class="broadcast-blue"><strong>[Gen 9] OU is currently suspecting Tera Blast! For information on how to participate check out the <a href="https://www.smogon.com/tools/suspects/view/200">suspect thread</a>.</strong></div>
|j|☆P1k7
|j|☆mathismathin
|t:|1776108909
|gametype|singles
|player|p1|P1k7|266|1637
|player|p2|mathismathin|bugsy-masters|1776
|gen|9
|tier|[Gen 9] OU
|rated|
|rule|HP Percentage Mod: HP is shown in percentages
|rule|Endless Battle Clause: Forcing endless battles is banned
|rule|Species Clause: Limit one of each Pokémon
|rule|OHKO Clause: OHKO moves are banned
|rule|Evasion Items Clause: Evasion items are banned
|rule|Evasion Moves Clause: Evasion moves are banned
|rule|Evasion Abilities Clause: Evasion abilities are banned
|rule|Sleep Moves Clause: Sleep-inducing moves are banned
|clearpoke
|poke|p1|Darkrai|
|poke|p1|Raging Bolt|
|poke|p1|Great Tusk|
|poke|p1|Pecharunt|
|poke|p1|Moltres|
|poke|p1|Garganacl, M|
|poke|p2|Samurott-Hisui, M|
|poke|p2|Hoopa-Unbound|
|poke|p2|Dragonite, F|
|poke|p2|Dragapult, M|
|poke|p2|Scizor, F|
|poke|p2|Kingambit, F|
|teampreview
|inactive|Battle timer is ON: inactive players will automatically lose when time's up. (requested by P1k7)
|c|☆P1k7|Hf
|inactive|mathismathin has 120 seconds left.
|c|☆mathismathin|hf
|
|t:|1776108943
|teamsize|p1|6
|teamsize|p2|6
|start
|switch|p1a: Garganacl|Garganacl, M|100/100
|switch|p2a: 6RACKSONMYWRISTS|Hoopa-Unbound|100/100
|turn|1
|
|t:|1776108950
|move|p2a: 6RACKSONMYWRISTS|Substitute|p2a: 6RACKSONMYWRISTS
|-start|p2a: 6RACKSONMYWRISTS|Substitute
|-damage|p2a: 6RACKSONMYWRISTS|75/100
|move|p1a: Garganacl|Salt Cure|p2a: 6RACKSONMYWRISTS
|-activate|p2a: 6RACKSONMYWRISTS|move: Substitute|[damage]
|
|-heal|p2a: 6RACKSONMYWRISTS|82/100|[from] item: Leftovers
|upkeep
|turn|2
|inactive|mathismathin has 120 seconds left.
|
|t:|1776108985
|switch|p1a: Raging Bolt|Raging Bolt|100/100
|move|p2a: 6RACKSONMYWRISTS|Knock Off|p1a: Raging Bolt
|-damage|p1a: Raging Bolt|41/100
|-enditem|p1a: Raging Bolt|Assault Vest|[from] move: Knock Off|[of] p2a: 6RACKSONMYWRISTS
|
|-heal|p2a: 6RACKSONMYWRISTS|88/100|[from] item: Leftovers
|upkeep
|turn|3
|
|t:|1776108988
|move|p1a: Raging Bolt|Volt Switch|p2a: 6RACKSONMYWRISTS
|-end|p2a: 6RACKSONMYWRISTS|Substitute
|
|t:|1776109003
|-end|p1a: Raging Bolt|Protosynthesis|[silent]
|switch|p1a: Darkrai|Darkrai|100/100|[from] Volt Switch
|move|p2a: 6RACKSONMYWRISTS|Psychic Noise|p1a: Darkrai
|-immune|p1a: Darkrai
|
|-heal|p2a: 6RACKSONMYWRISTS|94/100|[from] item: Leftovers
|upkeep
|turn|4
|inactive|mathismathin has 120 seconds left.
|
|t:|1776109048
|move|p1a: Darkrai|Focus Blast|p2a: 6RACKSONMYWRISTS
|-damage|p2a: 6RACKSONMYWRISTS|41/100
|move|p2a: 6RACKSONMYWRISTS|Drain Punch|p1a: Darkrai
|-supereffective|p1a: Darkrai
|-damage|p1a: Darkrai|15/100
|-heal|p2a: 6RACKSONMYWRISTS|77/100|[from] drain|[of] p1a: Darkrai
|
|-heal|p2a: 6RACKSONMYWRISTS|83/100|[from] item: Leftovers
|upkeep
|turn|5
|
|t:|1776109063
|switch|p1a: Great Tusk|Great Tusk|100/100
|switch|p2a: SWAGGED OFF A PILL|Dragapult, M|100/100
|
|upkeep
|turn|6
|inactive|mathismathin has 90 seconds left.
|
|t:|1776109111
|-end|p1a: Great Tusk|Protosynthesis|[silent]
|switch|p1a: Moltres|Moltres|100/100
|move|p2a: SWAGGED OFF A PILL|Will-O-Wisp|p1a: Moltres
|-immune|p1a: Moltres
|
|upkeep
|turn|7
|
|t:|1776109116
|move|p2a: SWAGGED OFF A PILL|Thunder Wave|p1a: Moltres
|-status|p1a: Moltres|par
|move|p1a: Moltres|U-turn|p2a: SWAGGED OFF A PILL
|-resisted|p2a: SWAGGED OFF A PILL
|-damage|p2a: SWAGGED OFF A PILL|90/100
|
|t:|1776109122
|switch|p1a: Garganacl|Garganacl, M|100/100|[from] U-turn
|
|upkeep
|turn|8
|inactive|mathismathin has 90 seconds left.
|
|t:|1776109129
|move|p2a: SWAGGED OFF A PILL|Draco Meteor|p1a: Garganacl
|-damage|p1a: Garganacl|46/100
|-unboost|p2a: SWAGGED OFF A PILL|spa|2
|move|p1a: Garganacl|Salt Cure|p2a: SWAGGED OFF A PILL
|-damage|p2a: SWAGGED OFF A PILL|73/100
|-start|p2a: SWAGGED OFF A PILL|Salt Cure
|
|-heal|p1a: Garganacl|52/100|[from] item: Leftovers
|-damage|p2a: SWAGGED OFF A PILL|61/100|[from] Salt Cure
|upkeep
|turn|9
|
|t:|1776109133
|switch|p2a: ROTTEN $AM|Samurott-Hisui, M|100/100
|move|p1a: Garganacl|Salt Cure|p2a: ROTTEN $AM
|-damage|p2a: ROTTEN $AM|81/100
|-start|p2a: ROTTEN $AM|Salt Cure
|
|-heal|p1a: Garganacl|58/100|[from] item: Leftovers
|-damage|p2a: ROTTEN $AM|57/100|[from] Salt Cure
|upkeep
|turn|10
|
|t:|1776109158
|switch|p1a: Pecharunt|Pecharunt|100/100
|move|p2a: ROTTEN $AM|Razor Shell|p1a: Pecharunt
|-damage|p1a: Pecharunt|76/100
|-damage|p2a: ROTTEN $AM|40/100|[from] item: Rocky Helmet|[of] p1a: Pecharunt
|
|-damage|p2a: ROTTEN $AM|15/100|[from] Salt Cure
|upkeep
|turn|11
|
|t:|1776109164
|-terastallize|p1a: Pecharunt|Fairy
|move|p2a: ROTTEN $AM|Ceaseless Edge|p1a: Pecharunt
|-resisted|p1a: Pecharunt
|-damage|p1a: Pecharunt|63/100
|-damage|p2a: ROTTEN $AM|0 fnt|[from] item: Rocky Helmet|[of] p1a: Pecharunt
|faint|p2a: ROTTEN $AM
|move|p1a: Pecharunt|Recover|p1a: Pecharunt
|-heal|p1a: Pecharunt|100/100
|
|upkeep
|
|t:|1776109171
|switch|p2a: SWAGGED OFF A PILL|Dragapult, M|61/100
|turn|12
|
|t:|1776109179
|switch|p1a: Garganacl|Garganacl, M|58/100
|move|p2a: SWAGGED OFF A PILL|Thunder Wave|p1a: Garganacl
|-immune|p1a: Garganacl|[from] ability: Purifying Salt
|
|-heal|p1a: Garganacl|65/100|[from] item: Leftovers
|upkeep
|turn|13
|
|t:|1776109183
|move|p2a: SWAGGED OFF A PILL|Draco Meteor|p1a: Garganacl
|-damage|p1a: Garganacl|10/100
|-unboost|p2a: SWAGGED OFF A PILL|spa|2
|move|p1a: Garganacl|Salt Cure|p2a: SWAGGED OFF A PILL
|-damage|p2a: SWAGGED OFF A PILL|43/100
|-start|p2a: SWAGGED OFF A PILL|Salt Cure
|
|-heal|p1a: Garganacl|16/100|[from] item: Leftovers
|-damage|p2a: SWAGGED OFF A PILL|31/100|[from] Salt Cure
|upkeep
|turn|14
|
|t:|1776109192
|move|p1a: Garganacl|Protect|p1a: Garganacl
|-singleturn|p1a: Garganacl|Protect
|move|p2a: SWAGGED OFF A PILL|Draco Meteor|p1a: Garganacl
|-activate|p1a: Garganacl|move: Protect
|
|-heal|p1a: Garganacl|22/100|[from] item: Leftovers
|-damage|p2a: SWAGGED OFF A PILL|19/100|[from] Salt Cure
|upkeep
|turn|15
|inactive|P1k7 has 120 seconds left.
|
|t:|1776109224
|switch|p2a: 6RACKSONMYWRISTS|Hoopa-Unbound|83/100
|switch|p1a: Darkrai|Darkrai|15/100
|
|-heal|p2a: 6RACKSONMYWRISTS|89/100|[from] item: Leftovers
|upkeep
|turn|16
|
|t:|1776109231
|move|p1a: Darkrai|Dark Pulse|p2a: 6RACKSONMYWRISTS
|-damage|p2a: 6RACKSONMYWRISTS|36/100
|move|p2a: 6RACKSONMYWRISTS|Drain Punch|p1a: Darkrai
|-supereffective|p1a: Darkrai
|-damage|p1a: Darkrai|0 fnt
|-heal|p2a: 6RACKSONMYWRISTS|42/100|[from] drain|[of] p1a: Darkrai
|faint|p1a: Darkrai
|
|-heal|p2a: 6RACKSONMYWRISTS|48/100|[from] item: Leftovers
|upkeep
|inactive|P1k7 has 120 seconds left.
|
|t:|1776109247
|switch|p1a: Great Tusk|Great Tusk|100/100
|turn|17
|inactive|P1k7 has 120 seconds left.
|
|t:|1776109260
|switch|p2a: SIR T. FOCUS XVI|Dragonite, F|100/100
|move|p1a: Great Tusk|Close Combat|p2a: SIR T. FOCUS XVI
|-resisted|p2a: SIR T. FOCUS XVI
|-damage|p2a: SIR T. FOCUS XVI|84/100
|-unboost|p1a: Great Tusk|def|1
|-unboost|p1a: Great Tusk|spd|1
|
|upkeep
|turn|18
|
|t:|1776109267
|switch|p2a: kuwaiti bomb squad|Scizor, F|100/100
|move|p1a: Great Tusk|Ice Spinner|p2a: kuwaiti bomb squad
|-resisted|p2a: kuwaiti bomb squad
|-damage|p2a: kuwaiti bomb squad|84/100
|
|upkeep
|turn|19
|
|t:|1776109274
|-end|p1a: Great Tusk|Protosynthesis|[silent]
|switch|p1a: Moltres|Moltres|100/100 par
|move|p2a: kuwaiti bomb squad|Swords Dance|p2a: kuwaiti bomb squad
|-boost|p2a: kuwaiti bomb squad|atk|2
|
|upkeep
|turn|20
|
|t:|1776109277
|move|p2a: kuwaiti bomb squad|Knock Off|p1a: Moltres
|-damage|p1a: Moltres|23/100 par
|-status|p2a: kuwaiti bomb squad|brn|[from] ability: Flame Body|[of] p1a: Moltres
|-enditem|p1a: Moltres|Heavy-Duty Boots|[from] move: Knock Off|[of] p2a: kuwaiti bomb squad
|move|p1a: Moltres|Flamethrower|p2a: kuwaiti bomb squad
|-supereffective|p2a: kuwaiti bomb squad
|-crit|p2a: kuwaiti bomb squad
|-damage|p2a: kuwaiti bomb squad|0 fnt
|faint|p2a: kuwaiti bomb squad
|
|upkeep
|
|t:|1776109284
|switch|p2a: SWAGGED OFF A PILL|Dragapult, M|19/100
|turn|21
|
|t:|1776109287
|move|p2a: SWAGGED OFF A PILL|Hex|p1a: Moltres
|-damage|p1a: Moltres|0 fnt
|faint|p1a: Moltres
|
|upkeep
|
|t:|1776109299
|switch|p1a: Raging Bolt|Raging Bolt|41/100
|turn|22
|
|t:|1776109305
|move|p2a: SWAGGED OFF A PILL|Draco Meteor|p1a: Raging Bolt
|-supereffective|p1a: Raging Bolt
|-damage|p1a: Raging Bolt|0 fnt
|-unboost|p2a: SWAGGED OFF A PILL|spa|2
|faint|p1a: Raging Bolt
|-end|p1a: Raging Bolt|Protosynthesis|[silent]
|
|upkeep
|
|t:|1776109317
|switch|p1a: Pecharunt|Pecharunt, tera:Fairy|100/100
|turn|23
|
|t:|1776109320
|move|p2a: SWAGGED OFF A PILL|Thunder Wave|p1a: Pecharunt
|-status|p1a: Pecharunt|par
|move|p1a: Pecharunt|Shadow Ball|p2a: SWAGGED OFF A PILL
|-supereffective|p2a: SWAGGED OFF A PILL
|-damage|p2a: SWAGGED OFF A PILL|0 fnt
|faint|p2a: SWAGGED OFF A PILL
|
|upkeep
|
|t:|1776109323
|switch|p2a: 6RACKSONMYWRISTS|Hoopa-Unbound|48/100
|turn|24
|
|t:|1776109330
|move|p2a: 6RACKSONMYWRISTS|Psychic Noise|p1a: Pecharunt
|-damage|p1a: Pecharunt|58/100 par
|-start|p1a: Pecharunt|move: Heal Block
|cant|p1a: Pecharunt|par
|
|-heal|p2a: 6RACKSONMYWRISTS|54/100|[from] item: Leftovers
|upkeep
|turn|25
|
|t:|1776109336
|move|p2a: 6RACKSONMYWRISTS|Psychic Noise|p1a: Pecharunt
|-damage|p1a: Pecharunt|15/100 par
|cant|p1a: Pecharunt|par
|
|-heal|p2a: 6RACKSONMYWRISTS|60/100|[from] item: Leftovers
|-end|p1a: Pecharunt|move: Heal Block
|upkeep
|turn|26
|
|t:|1776109344
|move|p2a: 6RACKSONMYWRISTS|Substitute|p2a: 6RACKSONMYWRISTS
|-start|p2a: 6RACKSONMYWRISTS|Substitute
|-damage|p2a: 6RACKSONMYWRISTS|35/100
|move|p1a: Pecharunt|Malignant Chain|p2a: 6RACKSONMYWRISTS
|-end|p2a: 6RACKSONMYWRISTS|Substitute
|
|-heal|p2a: 6RACKSONMYWRISTS|42/100|[from] item: Leftovers
|upkeep
|turn|27
|
|t:|1776109347
|move|p2a: 6RACKSONMYWRISTS|Substitute|p2a: 6RACKSONMYWRISTS
|-start|p2a: 6RACKSONMYWRISTS|Substitute
|-damage|p2a: 6RACKSONMYWRISTS|17/100
|move|p1a: Pecharunt|Malignant Chain|p2a: 6RACKSONMYWRISTS
|-activate|p2a: 6RACKSONMYWRISTS|move: Substitute|[damage]
|
|-heal|p2a: 6RACKSONMYWRISTS|23/100|[from] item: Leftovers
|upkeep
|turn|28
|
|t:|1776109351
|move|p2a: 6RACKSONMYWRISTS|Psychic Noise|p1a: Pecharunt
|-damage|p1a: Pecharunt|0 fnt
|faint|p1a: Pecharunt
|
|-heal|p2a: 6RACKSONMYWRISTS|29/100|[from] item: Leftovers
|upkeep
|
|t:|1776109353
|switch|p1a: Garganacl|Garganacl, M|22/100
|turn|29
|
|t:|1776109357
|move|p1a: Garganacl|Protect|p1a: Garganacl
|-singleturn|p1a: Garganacl|Protect
|move|p2a: 6RACKSONMYWRISTS|Drain Punch|p1a: Garganacl
|-activate|p1a: Garganacl|move: Protect
|
|-heal|p2a: 6RACKSONMYWRISTS|35/100|[from] item: Leftovers
|-heal|p1a: Garganacl|28/100|[from] item: Leftovers
|upkeep
|turn|30
|
|t:|1776109359
|move|p2a: 6RACKSONMYWRISTS|Drain Punch|p1a: Garganacl
|-supereffective|p1a: Garganacl
|-damage|p1a: Garganacl|0 fnt
|-heal|p2a: 6RACKSONMYWRISTS|52/100|[from] drain|[of] p1a: Garganacl
|faint|p1a: Garganacl
|
|-heal|p2a: 6RACKSONMYWRISTS|58/100|[from] item: Leftovers
|upkeep
|
|t:|1776109360
|switch|p1a: Great Tusk|Great Tusk|100/100
|turn|31
|
|t:|1776109362
|move|p1a: Great Tusk|Headlong Rush|p2a: 6RACKSONMYWRISTS
|-end|p2a: 6RACKSONMYWRISTS|Substitute
|-unboost|p1a: Great Tusk|def|1
|-unboost|p1a: Great Tusk|spd|1
|move|p2a: 6RACKSONMYWRISTS|Psychic Noise|p1a: Great Tusk
|-supereffective|p1a: Great Tusk
|-damage|p1a: Great Tusk|0 fnt
|faint|p1a: Great Tusk
|-end|p1a: Great Tusk|Protosynthesis|[silent]
|
|win|mathismathin
|raw|P1k7's rating: 1637 &rarr; <strong>1627</strong><br />(-10 for losing)
|raw|mathismathin's rating: 1820 &rarr; <strong>1830</strong><br />(+10 for winning)
