|html|<div class="broadcast-blue"><strong>[Gen 9] OU is currently suspecting Tera Blast! For information on how to participate check out the <a href="https://www.smogon.com/tools/suspects/view/200">suspect thread</a>.</strong></div>
|j|☆industriedutabac
|j|☆Carmine8739
|t:|1776072848
|gametype|singles
|player|p1|industriedutabac|1|1166
|player|p2|Carmine8739|aromalady|1214
|gen|9
|tier|[Gen 9] OU
|rated|
|rule|HP Percentage Mod: HP is shown in percentages
|rule|Endless Battle Clause: Forcing endless battles is banned
|rule|Species Clause: Limit one of each Pokémon
|rule|OHKO Clause: OHKO moves are banned
|rule|Evasion Items Clause: Evasion items are banned
|rule|Evasion Moves Clause: Evasion moves are banned
|rule|Evasion Abilities Clause: Evasion abilities are banned
|rule|Sleep Moves Clause: Sleep-inducing moves are banned
|clearpoke
|poke|p1|Hatterene, F|
|poke|p1|Ursaluna, M|
|poke|p1|Porygon2|
|poke|p1|Cresselia, F|
|poke|p1|Iron Hands|
|poke|p1|Volcanion|
|poke|p2|Glimmora, F|
|poke|p2|Inteleon, M|
|poke|p2|Gholdengo|
|poke|p2|Great Tusk|
|poke|p2|Kingambit, F|
|poke|p2|Iron Valiant|
|teampreview
|
|t:|1776072857
|teamsize|p1|6
|teamsize|p2|6
|start
|switch|p1a: TARS|Porygon2|100/100
|switch|p2a: Glimmora|Glimmora, F|100/100
|-ability|p1a: TARS|Download|boost
|-boost|p1a: TARS|spa|1
|turn|1
|
|t:|1776072865
|switch|p1a: Brand|Hatterene, F, shiny|100/100
|move|p2a: Glimmora|Stealth Rock|p1a: Brand
|move|p1a: Brand|Stealth Rock|p2a: Glimmora|[from] ability: Magic Bounce
|-sidestart|p2: Carmine8739|move: Stealth Rock
|
|upkeep
|turn|2
|
|t:|1776072870
|move|p2a: Glimmora|Mortal Spin|p1a: Brand
|-supereffective|p1a: Brand
|-damage|p1a: Brand|87/100
|-status|p1a: Brand|psn
|-sideend|p2: Carmine8739|Stealth Rock|[from] move: Mortal Spin|[of] p2a: Glimmora
|move|p1a: Brand|Trick Room|p1a: Brand
|-fieldstart|move: Trick Room|[of] p1a: Brand
|
|-damage|p1a: Brand|75/100 psn|[from] psn
|upkeep
|turn|3
|
|t:|1776072879
|move|p1a: Brand|Psychic Noise|p2a: Glimmora
|-supereffective|p2a: Glimmora
|-enditem|p2a: Glimmora|Focus Sash
|-damage|p2a: Glimmora|1/100
|-start|p2a: Glimmora|move: Heal Block
|move|p2a: Glimmora|Mortal Spin|p1a: Brand
|-supereffective|p1a: Brand
|-damage|p1a: Brand|62/100 psn
|
|-damage|p1a: Brand|49/100 psn|[from] psn
|upkeep
|turn|4
|
|t:|1776072892
|switch|p1a: Mann|Ursaluna, M|100/100
|move|p2a: Glimmora|Mortal Spin|p1a: Mann
|-resisted|p1a: Mann
|-damage|p1a: Mann|98/100
|-status|p1a: Mann|psn
|
|-damage|p1a: Mann|86/100 psn|[from] psn
|-end|p2a: Glimmora|move: Heal Block
|upkeep
|turn|5
|
|t:|1776072902
|switch|p1a: Brand|Hatterene, F, shiny|49/100 psn
|move|p2a: Glimmora|Toxic Spikes|p1a: Brand
|move|p1a: Brand|Toxic Spikes|p2a: Glimmora|[from] ability: Magic Bounce
|-sidestart|p2: Carmine8739|move: Toxic Spikes
|
|-damage|p1a: Brand|37/100 psn|[from] psn
|upkeep
|turn|6
|
|t:|1776072905
|move|p1a: Brand|Psychic Noise|p2a: Glimmora
|-supereffective|p2a: Glimmora
|-damage|p2a: Glimmora|0 fnt
|faint|p2a: Glimmora
|
|-damage|p1a: Brand|25/100 psn|[from] psn
|-fieldend|move: Trick Room
|upkeep
|
|t:|1776072909
|switch|p2a: Gholdengo|Gholdengo|100/100
|-item|p2a: Gholdengo|Air Balloon
|turn|7
|
|t:|1776072917
|switch|p1a: TARS|Porygon2|100/100
|-ability|p1a: TARS|Download|boost
|-boost|p1a: TARS|spa|1
|move|p2a: Gholdengo|Nasty Plot|p2a: Gholdengo
|-boost|p2a: Gholdengo|spa|2
|
|upkeep
|turn|8
|
|t:|1776072923
|-terastallize|p2a: Gholdengo|Steel
|move|p2a: Gholdengo|Make It Rain|p1a: TARS
|-damage|p1a: TARS|0 fnt
|-unboost|p2a: Gholdengo|spa|1
|faint|p1a: TARS
|
|upkeep
|
|t:|1776072930
|switch|p1a: Saturn|Volcanion|100/100
|turn|9
|
|t:|1776072935
|move|p2a: Gholdengo|Shadow Ball|p1a: Saturn
|-damage|p1a: Saturn|40/100
|move|p1a: Saturn|Flamethrower|p2a: Gholdengo
|-supereffective|p2a: Gholdengo
|-damage|p2a: Gholdengo|0 fnt
|-enditem|p2a: Gholdengo|Air Balloon
|faint|p2a: Gholdengo
|
|upkeep
|
|t:|1776072941
|switch|p2a: Great Tusk|Great Tusk|100/100
|-status|p2a: Great Tusk|psn
|turn|10
|
|t:|1776072944
|switch|p1a: Miller|Cresselia, F, shiny|100/100
|move|p2a: Great Tusk|Rapid Spin|p1a: Miller
|-damage|p1a: Miller|92/100
|-boost|p2a: Great Tusk|spe|1
|-sideend|p2: Carmine8739|Toxic Spikes|[from] move: Rapid Spin|[of] p2a: Great Tusk
|
|-damage|p2a: Great Tusk|88/100 psn|[from] psn
|upkeep
|turn|11
|
|t:|1776072947
|move|p2a: Great Tusk|Knock Off|p1a: Miller
|-supereffective|p1a: Miller
|-damage|p1a: Miller|62/100
|-enditem|p1a: Miller|Mental Herb|[from] move: Knock Off|[of] p2a: Great Tusk
|move|p1a: Miller|Trick Room|p1a: Miller
|-fieldstart|move: Trick Room|[of] p1a: Miller
|
|-heal|p2a: Great Tusk|94/100 psn|[from] item: Leftovers
|-damage|p2a: Great Tusk|82/100 psn|[from] psn
|upkeep
|turn|12
|
|t:|1776072955
|move|p1a: Miller|Moonblast|p2a: Great Tusk
|-supereffective|p2a: Great Tusk
|-damage|p2a: Great Tusk|35/100 psn
|-unboost|p2a: Great Tusk|spa|1
|move|p2a: Great Tusk|Knock Off|p1a: Miller
|-supereffective|p1a: Miller
|-damage|p1a: Miller|43/100
|
|-heal|p2a: Great Tusk|42/100 psn|[from] item: Leftovers
|-damage|p2a: Great Tusk|29/100 psn|[from] psn
|upkeep
|turn|13
|
|t:|1776072959
|move|p1a: Miller|Moonblast|p2a: Great Tusk
|-supereffective|p2a: Great Tusk
|-damage|p2a: Great Tusk|0 fnt
|faint|p2a: Great Tusk
|-end|p2a: Great Tusk|Protosynthesis|[silent]
|
|upkeep
|
|t:|1776072961
|switch|p2a: Iron Valiant|Iron Valiant|100/100
|-enditem|p2a: Iron Valiant|Booster Energy
|-activate|p2a: Iron Valiant|ability: Quark Drive|[fromitem]
|-start|p2a: Iron Valiant|quarkdrivespe
|turn|14
|
|t:|1776072966
|move|p1a: Miller|Moonblast|p2a: Iron Valiant
|-supereffective|p2a: Iron Valiant
|-damage|p2a: Iron Valiant|44/100
|-unboost|p2a: Iron Valiant|spa|1
|move|p2a: Iron Valiant|Shadow Ball|p1a: Miller
|-supereffective|p1a: Miller
|-damage|p1a: Miller|22/100
|
|upkeep
|turn|15
|
|t:|1776072970
|move|p1a: Miller|Moonblast|p2a: Iron Valiant
|-supereffective|p2a: Iron Valiant
|-crit|p2a: Iron Valiant
|-damage|p2a: Iron Valiant|0 fnt
|faint|p2a: Iron Valiant
|-end|p2a: Iron Valiant|Quark Drive|[silent]
|
|-fieldend|move: Trick Room
|upkeep
|
|t:|1776072972
|switch|p2a: Tiga|Inteleon, M|100/100
|turn|16
|
|t:|1776072978
|move|p2a: Tiga|Snipe Shot|p1a: Miller
|-crit|p1a: Miller
|-damage|p1a: Miller|0 fnt
|faint|p1a: Miller
|
|upkeep
|
|t:|1776072981
|switch|p1a: CASE|Iron Hands|100/100
|-enditem|p1a: CASE|Booster Energy
|-activate|p1a: CASE|ability: Quark Drive|[fromitem]
|-start|p1a: CASE|quarkdriveatk
|turn|17
|
|t:|1776072985
|move|p2a: Tiga|Snipe Shot|p1a: CASE
|-damage|p1a: CASE|61/100
|move|p1a: CASE|Wild Charge|p2a: Tiga
|-supereffective|p2a: Tiga
|-damage|p2a: Tiga|0 fnt
|faint|p2a: Tiga
|-damage|p1a: CASE|47/100|[from] Recoil
|
|upkeep
|
|t:|1776072988
|switch|p2a: Kingambit|Kingambit, F|100/100
|-activate|p2a: Kingambit|ability: Supreme Overlord
|-start|p2a: Kingambit|fallen5|[silent]
|turn|18
|
|t:|1776072990
|move|p2a: Kingambit|Sucker Punch|p1a: CASE
|-resisted|p1a: CASE
|-damage|p1a: CASE|26/100
|move|p1a: CASE|Drain Punch|p2a: Kingambit
|-supereffective|p2a: Kingambit
|-damage|p2a: Kingambit|0 fnt
|-heal|p1a: CASE|59/100|[from] drain|[of] p2a: Kingambit
|faint|p2a: Kingambit
|-end|p2a: Kingambit|fallen5|[silent]
|
|win|industriedutabac
|raw|industriedutabac's rating: 1166 &rarr; <strong>1194</strong><br />(+28 for winning)
|raw|Carmine8739's rating: 1214 &rarr; <strong>1186</strong><br />(-28 for losing)
|c|☆Carmine8739|Gg
|l|☆Carmine8739
|player|p2|
|l|☆industriedutabac
|player|p1|
