|html|<div class="broadcast-blue"><strong>[Gen 9] OU is currently suspecting Tera Blast! For information on how to participate check out the <a href="https://www.smogon.com/tools/suspects/view/200">suspect thread</a>.</strong></div>
|j|☆rckzwl
|j|☆DIGIWAYNE123
|t:|1776351918
|gametype|singles
|player|p1|rckzwl|gentleman-gen4|1339
|player|p2|DIGIWAYNE123|swimmerf-gen4|1368
|gen|9
|tier|[Gen 9] OU
|rated|
|rule|HP Percentage Mod: HP is shown in percentages
|rule|Endless Battle Clause: Forcing endless battles is banned
|rule|Species Clause: Limit one of each Pokémon
|rule|OHKO Clause: OHKO moves are banned
|rule|Evasion Items Clause: Evasion items are banned
|rule|Evasion Moves Clause: Evasion moves are banned
|rule|Evasion Abilities Clause: Evasion abilities are banned
|rule|Sleep Moves Clause: Sleep-inducing moves are banned
|clearpoke
|poke|p1|Raging Bolt|
|poke|p1|Ribombee, F|
|poke|p1|Gholdengo|
|poke|p1|Great Tusk|
|poke|p1|Ogerpon-Cornerstone, F|
|poke|p1|Ceruledge, M|
|poke|p2|Alomomola, F|
|poke|p2|Great Tusk|
|poke|p2|Florges, F|
|poke|p2|Zoroark-Hisui, F|
|poke|p2|Weezing-Galar, M|
|poke|p2|Dragapult, F|
|teampreview
|inactive|Battle timer is ON: inactive players will automatically lose when time's up. (requested by rckzwl)
|
|t:|1776351943
|teamsize|p1|6
|teamsize|p2|6
|start
|switch|p1a: Ribombee|Ribombee, F, shiny|100/100
|switch|p2a: Weezing|Weezing-Galar, M|100/100
|-ability|p2a: Weezing|Neutralizing Gas
|turn|1
|
|t:|1776351950
|move|p1a: Ribombee|Sticky Web|p2a: Weezing
|-sidestart|p2: DIGIWAYNE123|move: Sticky Web
|move|p2a: Weezing|Flamethrower|p1a: Ribombee
|-supereffective|p1a: Ribombee
|-crit|p1a: Ribombee
|-damage|p1a: Ribombee|3/100
|
|upkeep
|turn|2
|
|t:|1776351955
|move|p1a: Ribombee|Stun Spore|p2a: Weezing
|-status|p2a: Weezing|par
|cant|p2a: Weezing|par
|
|upkeep
|turn|3
|
|t:|1776351964
|move|p1a: Ribombee|Skill Swap||[still]
|-fail|p1a: Ribombee
|move|p2a: Weezing|Defog|p1a: Ribombee
|-unboost|p1a: Ribombee|evasion|1
|-sideend|p2: DIGIWAYNE123|Sticky Web|[from] move: Defog|[of] p2a: Weezing
|
|upkeep
|turn|4
|
|t:|1776351978
|-end|p2a: Weezing|ability: Neutralizing Gas
|switch|p2a: Great Tusk|Great Tusk|100/100
|-enditem|p2a: Great Tusk|Booster Energy
|-activate|p2a: Great Tusk|ability: Protosynthesis|[fromitem]
|-start|p2a: Great Tusk|protosynthesisspe
|move|p1a: Ribombee|Moonblast|p2a: Great Tusk
|-supereffective|p2a: Great Tusk
|-damage|p2a: Great Tusk|11/100
|-unboost|p2a: Great Tusk|spa|1
|
|upkeep
|turn|5
|
|t:|1776351986
|move|p2a: Great Tusk|Knock Off|p1a: Ribombee
|-resisted|p1a: Ribombee
|-damage|p1a: Ribombee|0 fnt
|-enditem|p1a: Ribombee|Focus Sash|[from] move: Knock Off|[of] p2a: Great Tusk
|faint|p1a: Ribombee
|
|upkeep
|
|t:|1776351990
|switch|p1a: Ceruledge|Ceruledge, M, shiny|100/100
|turn|6
|
|t:|1776352001
|-end|p2a: Great Tusk|Protosynthesis|[silent]
|switch|p2a: Alomomola|Alomomola, F|100/100
|move|p1a: Ceruledge|Shadow Sneak|p2a: Alomomola
|-damage|p2a: Alomomola|85/100
|
|upkeep
|turn|7
|
|t:|1776352008
|move|p1a: Ceruledge|Poltergeist|p2a: Alomomola
|-activate|p2a: Alomomola|move: Poltergeist|Heavy-Duty Boots
|-damage|p2a: Alomomola|40/100
|move|p2a: Alomomola|Wish|p2a: Alomomola
|
|upkeep
|turn|8
|
|t:|1776352019
|move|p2a: Alomomola|Protect|p2a: Alomomola
|-singleturn|p2a: Alomomola|Protect
|move|p1a: Ceruledge|Poltergeist|p2a: Alomomola
|-activate|p2a: Alomomola|move: Protect
|
|-heal|p2a: Alomomola|90/100|[from] move: Wish|[wisher] Alomomola
|upkeep
|turn|9
|
|t:|1776352023
|move|p1a: Ceruledge|Poltergeist|p2a: Alomomola
|-activate|p2a: Alomomola|move: Poltergeist|Heavy-Duty Boots
|-damage|p2a: Alomomola|44/100
|move|p2a: Alomomola|Wish|p2a: Alomomola
|
|upkeep
|turn|10
|
|t:|1776352028
|move|p2a: Alomomola|Protect|p2a: Alomomola
|-singleturn|p2a: Alomomola|Protect
|move|p1a: Ceruledge|Swords Dance|p1a: Ceruledge
|-boost|p1a: Ceruledge|atk|2
|
|-heal|p2a: Alomomola|94/100|[from] move: Wish|[wisher] Alomomola
|upkeep
|turn|11
|
|t:|1776352033
|move|p1a: Ceruledge|Poltergeist|p2a: Alomomola|[miss]
|-miss|p1a: Ceruledge|p2a: Alomomola
|move|p2a: Alomomola|Flip Turn|p1a: Ceruledge
|-supereffective|p1a: Ceruledge
|-damage|p1a: Ceruledge|53/100
|-ability|p1a: Ceruledge|Weak Armor|boost
|-unboost|p1a: Ceruledge|def|1
|-boost|p1a: Ceruledge|spe|2
|
|t:|1776352043
|switch|p2a: Weezing|Weezing-Galar, M|100/100|[from] Flip Turn
|
|upkeep
|turn|12
|
|t:|1776352058
|move|p1a: Ceruledge|Poltergeist|p2a: Weezing
|-immune|p2a: Weezing
|move|p2a: Weezing|Shadow Ball|p1a: Ceruledge
|-supereffective|p1a: Ceruledge
|-damage|p1a: Ceruledge|0 fnt
|faint|p1a: Ceruledge
|
|upkeep
|
|t:|1776352070
|switch|p1a: Gholdengo|Gholdengo, shiny|100/100
|-item|p1a: Gholdengo|Air Balloon
|turn|13
|
|t:|1776352075
|move|p2a: Weezing|Shadow Ball|p1a: Gholdengo
|-supereffective|p1a: Gholdengo
|-damage|p1a: Gholdengo|16/100
|-enditem|p1a: Gholdengo|Air Balloon
|move|p1a: Gholdengo|Psyshock|p2a: Weezing
|-damage|p2a: Weezing|39/100
|replace|p2a: Zoroark|Zoroark-Hisui, F
|-end|p2a: Zoroark|Illusion
|
|upkeep
|turn|14
|
|t:|1776352089
|move|p2a: Zoroark|Shadow Ball|p1a: Gholdengo
|-supereffective|p1a: Gholdengo
|-damage|p1a: Gholdengo|0 fnt
|faint|p1a: Gholdengo
|
|upkeep
|
|t:|1776352099
|switch|p1a: Great Tusk|Great Tusk, shiny|100/100
|-enditem|p1a: Great Tusk|Booster Energy
|-activate|p1a: Great Tusk|ability: Protosynthesis|[fromitem]
|-start|p1a: Great Tusk|protosynthesisatk
|turn|15
|
|t:|1776352103
|switch|p2a: Alomomola|Alomomola, F|100/100
|move|p1a: Great Tusk|Ice Spinner|p2a: Alomomola
|-resisted|p2a: Alomomola
|-damage|p2a: Alomomola|89/100
|
|upkeep
|turn|16
|
|t:|1776352114
|move|p1a: Great Tusk|Headlong Rush|p2a: Alomomola
|-damage|p2a: Alomomola|29/100
|-unboost|p1a: Great Tusk|def|1
|-unboost|p1a: Great Tusk|spd|1
|move|p2a: Alomomola|Wish|p2a: Alomomola
|
|upkeep
|turn|17
|
|t:|1776352132
|move|p2a: Alomomola|Protect|p2a: Alomomola
|-singleturn|p2a: Alomomola|Protect
|move|p1a: Great Tusk|Headlong Rush|p2a: Alomomola
|-activate|p2a: Alomomola|move: Protect
|
|-heal|p2a: Alomomola|79/100|[from] move: Wish|[wisher] Alomomola
|upkeep
|turn|18
|
|t:|1776352147
|move|p1a: Great Tusk|Headlong Rush|p2a: Alomomola
|-damage|p2a: Alomomola|18/100
|-unboost|p1a: Great Tusk|def|1
|-unboost|p1a: Great Tusk|spd|1
|move|p2a: Alomomola|Flip Turn|p1a: Great Tusk
|-supereffective|p1a: Great Tusk
|-damage|p1a: Great Tusk|52/100
|
|t:|1776352156
|switch|p2a: Weezing|Weezing-Galar, M|39/100|[from] Flip Turn
|
|upkeep
|turn|19
|
|t:|1776352164
|move|p2a: Weezing|Shadow Ball|p1a: Great Tusk
|-damage|p1a: Great Tusk|0 fnt
|faint|p1a: Great Tusk
|-end|p1a: Great Tusk|Protosynthesis|[silent]
|
|upkeep
|
|t:|1776352167
|switch|p1a: Raging Bolt|Raging Bolt|100/100
|-enditem|p1a: Raging Bolt|Booster Energy
|-activate|p1a: Raging Bolt|ability: Protosynthesis|[fromitem]
|-start|p1a: Raging Bolt|protosynthesisspa
|turn|20
|
|t:|1776352170
|switch|p2a: Florges|Florges, F|100/100
|move|p1a: Raging Bolt|Thunderbolt|p2a: Florges
|-damage|p2a: Florges|71/100
|
|upkeep
|turn|21
|
|t:|1776352178
|move|p1a: Raging Bolt|Thunderbolt|p2a: Florges
|-damage|p2a: Florges|40/100
|-status|p2a: Florges|par
|move|p2a: Florges|Moonblast|p1a: Raging Bolt
|-supereffective|p1a: Raging Bolt
|-damage|p1a: Raging Bolt|14/100
|
|upkeep
|turn|22
|
|t:|1776352185
|move|p1a: Raging Bolt|Thunderbolt|p2a: Florges
|-damage|p2a: Florges|11/100 par
|cant|p2a: Florges|par
|
|upkeep
|turn|23
|
|t:|1776352190
|move|p1a: Raging Bolt|Thunderclap|p2a: Florges
|-damage|p2a: Florges|0 fnt
|faint|p2a: Florges
|
|upkeep
|
|t:|1776352192
|switch|p2a: Great Tusk|Great Tusk|11/100
|turn|24
|
|t:|1776352203
|move|p2a: Great Tusk|Headlong Rush|p1a: Raging Bolt
|-supereffective|p1a: Raging Bolt
|-damage|p1a: Raging Bolt|0 fnt
|-unboost|p2a: Great Tusk|def|1
|-unboost|p2a: Great Tusk|spd|1
|faint|p1a: Raging Bolt
|-end|p1a: Raging Bolt|Protosynthesis|[silent]
|
|upkeep
|
|t:|1776352205
|switch|p1a: Ogerpon|Ogerpon-Cornerstone, F|100/100
|turn|25
|
|t:|1776352209
|move|p1a: Ogerpon|Power Whip|p2a: Great Tusk
|-supereffective|p2a: Great Tusk
|-damage|p2a: Great Tusk|0 fnt
|faint|p2a: Great Tusk
|-end|p2a: Great Tusk|Protosynthesis|[silent]
|
|upkeep
|
|t:|1776352218
|switch|p2a: Weezing|Weezing-Galar, M|100/100 par
|-ability|p2a: Weezing|Neutralizing Gas
|turn|26
|
|t:|1776352229
|-terastallize|p1a: Ogerpon|Rock
|detailschange|p1a: Ogerpon|Ogerpon-Cornerstone-Tera, F, tera:Rock
|move|p1a: Ogerpon|Ivy Cudgel|p2a: Weezing|[anim] Ivy Cudgel Rock
|-damage|p2a: Weezing|45/100 par
|move|p2a: Weezing|Will-O-Wisp|p1a: Ogerpon
|-status|p1a: Ogerpon|brn
|
|-heal|p2a: Weezing|51/100 par|[from] item: Leftovers
|-damage|p1a: Ogerpon|95/100 brn|[from] brn
|upkeep
|turn|27
|
|t:|1776352240
|-end|p2a: Weezing|ability: Neutralizing Gas
|-ability|p1a: Ogerpon|Embody Aspect (Cornerstone)|boost
|-boost|p1a: Ogerpon|def|1
|switch|p2a: Alomomola|Alomomola, F|52/100
|move|p1a: Ogerpon|Ivy Cudgel|p2a: Alomomola|[anim] Ivy Cudgel Rock
|-damage|p2a: Alomomola|20/100
|
|-damage|p1a: Ogerpon|89/100 brn|[from] brn
|upkeep
|turn|28
|
|t:|1776352249
|move|p2a: Alomomola|Protect|p2a: Alomomola
|-singleturn|p2a: Alomomola|Protect
|move|p1a: Ogerpon|Power Whip|p2a: Alomomola
|-activate|p2a: Alomomola|move: Protect
|
|-damage|p1a: Ogerpon|83/100 brn|[from] brn
|upkeep
|turn|29
|
|t:|1776352254
|switch|p2a: Weezing|Weezing-Galar, M|51/100 par
|-ability|p2a: Weezing|Neutralizing Gas
|move|p1a: Ogerpon|Power Whip|p2a: Weezing
|-resisted|p2a: Weezing
|-damage|p2a: Weezing|38/100 par
|
|-heal|p2a: Weezing|44/100 par|[from] item: Leftovers
|-damage|p1a: Ogerpon|77/100 brn|[from] brn
|upkeep
|turn|30
|c|☆rckzwl|u gay
|
|t:|1776352267
|move|p1a: Ogerpon|Ivy Cudgel|p2a: Weezing|[anim] Ivy Cudgel Rock
|-damage|p2a: Weezing|13/100 par
|move|p2a: Weezing|Sludge Wave|p1a: Ogerpon
|-resisted|p1a: Ogerpon
|-damage|p1a: Ogerpon|60/100 brn
|
|-heal|p2a: Weezing|19/100 par|[from] item: Leftovers
|-damage|p1a: Ogerpon|54/100 brn|[from] brn
|upkeep
|turn|31
|
|t:|1776352274
|-end|p2a: Weezing|ability: Neutralizing Gas
|switch|p2a: Alomomola|Alomomola, F|53/100
|move|p1a: Ogerpon|Ivy Cudgel|p2a: Alomomola|[anim] Ivy Cudgel Rock
|-damage|p2a: Alomomola|24/100
|
|-damage|p1a: Ogerpon|48/100 brn|[from] brn
|upkeep
|turn|32
|
|t:|1776352280
|move|p2a: Alomomola|Protect|p2a: Alomomola
|-singleturn|p2a: Alomomola|Protect
|move|p1a: Ogerpon|Ivy Cudgel|p2a: Alomomola|[anim] Ivy Cudgel Rock
|-activate|p2a: Alomomola|move: Protect
|
|-damage|p1a: Ogerpon|42/100 brn|[from] brn
|upkeep
|turn|33
|
|t:|1776352291
|switch|p2a: Weezing|Weezing-Galar, M|19/100 par
|-ability|p2a: Weezing|Neutralizing Gas
|move|p1a: Ogerpon|Ivy Cudgel|p2a: Weezing|[anim] Ivy Cudgel Rock
|-crit|p2a: Weezing
|-damage|p2a: Weezing|0 fnt
|faint|p2a: Weezing
|-end|p2a: Weezing|ability: Neutralizing Gas
|
|-damage|p1a: Ogerpon|36/100 brn|[from] brn
|upkeep
|
|t:|1776352296
|switch|p2a: Alomomola|Alomomola, F|57/100
|turn|34
|
|t:|1776352299
|-terastallize|p2a: Alomomola|Grass
|move|p1a: Ogerpon|Power Whip|p2a: Alomomola
|-resisted|p2a: Alomomola
|-damage|p2a: Alomomola|44/100
|move|p2a: Alomomola|Wish|p2a: Alomomola
|
|-damage|p1a: Ogerpon|30/100 brn|[from] brn
|upkeep
|turn|35
|
|t:|1776352305
|move|p2a: Alomomola|Protect|p2a: Alomomola
|-singleturn|p2a: Alomomola|Protect
|move|p1a: Ogerpon|Low Kick|p2a: Alomomola
|-activate|p2a: Alomomola|move: Protect
|
|-heal|p2a: Alomomola|94/100|[from] move: Wish|[wisher] Alomomola
|-damage|p1a: Ogerpon|24/100 brn|[from] brn
|upkeep
|turn|36
|
|t:|1776352312
|move|p1a: Ogerpon|Knock Off|p2a: Alomomola
|-damage|p2a: Alomomola|80/100
|-enditem|p2a: Alomomola|Heavy-Duty Boots|[from] move: Knock Off|[of] p1a: Ogerpon
|move|p2a: Alomomola|Wish|p2a: Alomomola
|
|-damage|p1a: Ogerpon|18/100 brn|[from] brn
|upkeep
|turn|37
|
|t:|1776352316
|move|p1a: Ogerpon|Ivy Cudgel|p2a: Alomomola|[anim] Ivy Cudgel Rock
|-damage|p2a: Alomomola|49/100
|move|p2a: Alomomola|Flip Turn|p1a: Ogerpon
|-supereffective|p1a: Ogerpon
|-damage|p1a: Ogerpon|0 fnt
|faint|p1a: Ogerpon
|detailschange|p1: Ogerpon|Ogerpon-Cornerstone, F|[silent]
|
|win|DIGIWAYNE123
|raw|rckzwl's rating: 1339 &rarr; <strong>1321</strong><br />(-18 for losing)
|raw|DIGIWAYNE123's rating: 1368 &rarr; <strong>1386</strong><br />(+18 for winning)
|l|☆rckzwl
|player|p1|
