|html|<div class="broadcast-blue"><strong>[Gen 9] OU is currently suspecting Tera Blast! For information on how to participate check out the <a href="https://www.smogon.com/tools/suspects/view/200">suspect thread</a>.</strong></div>
|j|☆izwaji
|j|☆Luceo
|t:|1776053559
|gametype|singles
|player|p1|izwaji|hiker-gen4|1394
|player|p2|Luceo|cynthia-masters4|1417
|gen|9
|tier|[Gen 9] OU
|rated|
|rule|HP Percentage Mod: HP is shown in percentages
|rule|Endless Battle Clause: Forcing endless battles is banned
|rule|Species Clause: Limit one of each Pokémon
|rule|OHKO Clause: OHKO moves are banned
|rule|Evasion Items Clause: Evasion items are banned
|rule|Evasion Moves Clause: Evasion moves are banned
|rule|Evasion Abilities Clause: Evasion abilities are banned
|rule|Sleep Moves Clause: Sleep-inducing moves are banned
|clearpoke
|poke|p1|Rillaboom, F|
|poke|p1|Serperior, M|
|poke|p1|Heatran, F|
|poke|p1|Gholdengo|
|poke|p1|Zamazenta-*|
|poke|p1|Great Tusk|
|poke|p2|Deoxys-Speed|
|poke|p2|Ogerpon-Wellspring, F|
|poke|p2|Iron Moth|
|poke|p2|Gholdengo|
|poke|p2|Great Tusk|
|poke|p2|Dragonite, F|
|teampreview
|inactive|Battle timer is ON: inactive players will automatically lose when time's up. (requested by Luceo)
|inactive|izwaji has 120 seconds left.
|
|t:|1776053595
|teamsize|p1|6
|teamsize|p2|6
|start
|switch|p1a: Rillaboom|Rillaboom, F|100/100
|switch|p2a: Deoxys|Deoxys-Speed|100/100
|-ability|p2a: Deoxys|Pressure
|-fieldstart|move: Grassy Terrain|[from] ability: Grassy Surge|[of] p1a: Rillaboom
|turn|1
|
|t:|1776053617
|move|p2a: Deoxys|Stealth Rock|p1a: Rillaboom
|-sidestart|p1: izwaji|move: Stealth Rock
|move|p1a: Rillaboom|Knock Off|p2a: Deoxys
|-supereffective|p2a: Deoxys
|-enditem|p2a: Deoxys|Focus Sash
|-damage|p2a: Deoxys|1/100
|-damage|p1a: Rillaboom|91/100|[from] item: Life Orb
|
|-heal|p2a: Deoxys|7/100|[from] Grassy Terrain
|-heal|p1a: Rillaboom|97/100|[from] Grassy Terrain
|upkeep
|turn|2
|
|t:|1776053621
|move|p1a: Rillaboom|Grassy Glide|p2a: Deoxys
|-damage|p2a: Deoxys|0 fnt
|faint|p2a: Deoxys
|-damage|p1a: Rillaboom|87/100|[from] item: Life Orb
|
|-heal|p1a: Rillaboom|93/100|[from] Grassy Terrain
|upkeep
|inactive|Luceo has 120 seconds left.
|
|t:|1776053653
|switch|p2a: Iron Moth|Iron Moth|100/100
|-enditem|p2a: Iron Moth|Booster Energy
|-activate|p2a: Iron Moth|ability: Quark Drive|[fromitem]
|-start|p2a: Iron Moth|quarkdrivespe
|turn|3
|
|t:|1776053666
|switch|p1a: Heatran|Heatran, F|100/100
|-damage|p1a: Heatran|88/100|[from] Stealth Rock
|-item|p1a: Heatran|Air Balloon
|move|p2a: Iron Moth|Fiery Dance|p1a: Heatran
|-start|p1a: Heatran|ability: Flash Fire
|
|upkeep
|turn|4
|inactive|Luceo has 120 seconds left.
|
|t:|1776053683
|move|p2a: Iron Moth|Discharge|p1a: Heatran
|-damage|p1a: Heatran|72/100
|-enditem|p1a: Heatran|Air Balloon
|move|p1a: Heatran|Stealth Rock|p2a: Iron Moth
|-sidestart|p2: Luceo|move: Stealth Rock
|
|-heal|p1a: Heatran|78/100|[from] Grassy Terrain
|upkeep
|turn|5
|
|t:|1776053686
|move|p2a: Iron Moth|Discharge|p1a: Heatran
|-damage|p1a: Heatran|61/100
|move|p1a: Heatran|Magma Storm|p2a: Iron Moth
|-resisted|p2a: Iron Moth
|-damage|p2a: Iron Moth|72/100
|-activate|p2a: Iron Moth|move: Magma Storm|[of] p1a: Heatran
|
|-heal|p2a: Iron Moth|78/100|[from] Grassy Terrain
|-heal|p1a: Heatran|68/100|[from] Grassy Terrain
|-damage|p2a: Iron Moth|66/100|[from] move: Magma Storm|[partiallytrapped]
|-fieldend|move: Grassy Terrain
|upkeep
|turn|6
|
|t:|1776053693
|move|p2a: Iron Moth|Discharge|p1a: Heatran
|-damage|p1a: Heatran|51/100
|-status|p1a: Heatran|par
|move|p1a: Heatran|Heavy Slam|p2a: Iron Moth
|-resisted|p2a: Iron Moth
|-damage|p2a: Iron Moth|34/100
|
|-damage|p2a: Iron Moth|22/100|[from] move: Magma Storm|[partiallytrapped]
|upkeep
|turn|7
|
|t:|1776053697
|move|p2a: Iron Moth|Toxic Spikes|p1a: Heatran
|-sidestart|p1: izwaji|move: Toxic Spikes
|move|p1a: Heatran|Heavy Slam|p2a: Iron Moth
|-resisted|p2a: Iron Moth
|-damage|p2a: Iron Moth|0 fnt
|faint|p2a: Iron Moth
|-end|p2a: Iron Moth|Quark Drive|[silent]
|
|upkeep
|
|t:|1776053710
|switch|p2a: Ogerpon|Ogerpon-Wellspring, F|100/100
|-damage|p2a: Ogerpon|88/100|[from] Stealth Rock
|turn|8
|
|t:|1776053715
|move|p2a: Ogerpon|Ivy Cudgel|p1a: Heatran|[anim] Ivy Cudgel Water
|-supereffective|p1a: Heatran
|-damage|p1a: Heatran|0 fnt
|faint|p1a: Heatran
|
|upkeep
|
|t:|1776053727
|switch|p1a: Zamazenta|Zamazenta|100/100
|-damage|p1a: Zamazenta|94/100|[from] Stealth Rock
|-status|p1a: Zamazenta|psn
|-ability|p1a: Zamazenta|Dauntless Shield|boost
|-boost|p1a: Zamazenta|def|1
|turn|9
|
|t:|1776053732
|move|p1a: Zamazenta|Close Combat|p2a: Ogerpon
|-damage|p2a: Ogerpon|0 fnt
|-unboost|p1a: Zamazenta|def|1
|-unboost|p1a: Zamazenta|spd|1
|faint|p2a: Ogerpon
|-damage|p1a: Zamazenta|84/100 psn|[from] item: Life Orb
|
|-damage|p1a: Zamazenta|72/100 psn|[from] psn
|upkeep
|
|t:|1776053736
|switch|p2a: Gholdengo|Gholdengo|100/100
|-damage|p2a: Gholdengo|94/100|[from] Stealth Rock
|turn|10
|
|t:|1776053740
|move|p2a: Gholdengo|Shadow Ball|p1a: Zamazenta
|-damage|p1a: Zamazenta|12/100 psn
|move|p1a: Zamazenta|Crunch|p2a: Gholdengo
|-supereffective|p2a: Gholdengo
|-damage|p2a: Gholdengo|5/100
|-damage|p1a: Zamazenta|2/100 psn|[from] item: Life Orb
|
|-damage|p1a: Zamazenta|0 fnt|[from] psn
|faint|p1a: Zamazenta
|upkeep
|inactive|izwaji has 120 seconds left.
|
|t:|1776053771
|switch|p1a: Rillaboom|Rillaboom, F|93/100
|-damage|p1a: Rillaboom|81/100|[from] Stealth Rock
|-status|p1a: Rillaboom|psn
|-fieldstart|move: Grassy Terrain|[from] ability: Grassy Surge|[of] p1a: Rillaboom
|turn|11
|
|t:|1776053789
|move|p1a: Rillaboom|Grassy Glide|p2a: Gholdengo
|-resisted|p2a: Gholdengo
|-damage|p2a: Gholdengo|0 fnt
|faint|p2a: Gholdengo
|-damage|p1a: Rillaboom|71/100 psn|[from] item: Life Orb
|
|-heal|p1a: Rillaboom|77/100 psn|[from] Grassy Terrain
|-damage|p1a: Rillaboom|65/100 psn|[from] psn
|upkeep
|
|t:|1776053799
|switch|p2a: Great Tusk|Great Tusk|100/100
|-damage|p2a: Great Tusk|98/100|[from] Stealth Rock
|-enditem|p2a: Great Tusk|Booster Energy
|-activate|p2a: Great Tusk|ability: Protosynthesis|[fromitem]
|-start|p2a: Great Tusk|protosynthesisatk
|turn|12
|
|t:|1776053807
|-terastallize|p2a: Great Tusk|Steel
|move|p1a: Rillaboom|Grassy Glide|p2a: Great Tusk
|-resisted|p2a: Great Tusk
|-damage|p2a: Great Tusk|80/100
|-damage|p1a: Rillaboom|55/100 psn|[from] item: Life Orb
|move|p2a: Great Tusk|Rapid Spin|p1a: Rillaboom
|-damage|p1a: Rillaboom|32/100 psn
|-boost|p2a: Great Tusk|spe|1
|-sideend|p2: Luceo|Stealth Rock|[from] move: Rapid Spin|[of] p2a: Great Tusk
|
|-heal|p2a: Great Tusk|86/100|[from] Grassy Terrain
|-heal|p1a: Rillaboom|38/100 psn|[from] Grassy Terrain
|-damage|p1a: Rillaboom|26/100 psn|[from] psn
|upkeep
|turn|13
|
|t:|1776053821
|switch|p1a: Gholdengo|Gholdengo|100/100
|-damage|p1a: Gholdengo|94/100|[from] Stealth Rock
|-enditem|p1a: Gholdengo|Grassy Seed
|-boost|p1a: Gholdengo|def|1|[from] item: Grassy Seed
|move|p2a: Great Tusk|Ice Spinner|p1a: Gholdengo
|-resisted|p1a: Gholdengo
|-damage|p1a: Gholdengo|84/100
|-fieldend|move: Grassy Terrain
|
|upkeep
|turn|14
|
|t:|1776053833
|move|p2a: Great Tusk|Headlong Rush|p1a: Gholdengo
|-supereffective|p1a: Gholdengo
|-damage|p1a: Gholdengo|0 fnt
|-unboost|p2a: Great Tusk|def|1
|-unboost|p2a: Great Tusk|spd|1
|faint|p1a: Gholdengo
|
|upkeep
|
|t:|1776053836
|switch|p1a: Great Tusk|Great Tusk|100/100
|-damage|p1a: Great Tusk|97/100|[from] Stealth Rock
|-status|p1a: Great Tusk|psn
|-enditem|p1a: Great Tusk|Booster Energy
|-activate|p1a: Great Tusk|ability: Protosynthesis|[fromitem]
|-start|p1a: Great Tusk|protosynthesisspe
|turn|15
|
|t:|1776053841
|move|p1a: Great Tusk|Headlong Rush|p2a: Great Tusk
|-supereffective|p2a: Great Tusk
|-crit|p2a: Great Tusk
|-damage|p2a: Great Tusk|0 fnt
|-unboost|p1a: Great Tusk|def|1
|-unboost|p1a: Great Tusk|spd|1
|faint|p2a: Great Tusk
|-end|p2a: Great Tusk|Protosynthesis|[silent]
|
|-damage|p1a: Great Tusk|85/100 psn|[from] psn
|upkeep
|
|t:|1776053843
|switch|p2a: Dragonite|Dragonite, F|100/100
|turn|16
|inactive|Luceo has 120 seconds left.
|
|t:|1776053885
|move|p2a: Dragonite|Extreme Speed|p1a: Great Tusk
|-damage|p1a: Great Tusk|44/100 psn
|move|p1a: Great Tusk|Rapid Spin|p2a: Dragonite
|-damage|p2a: Dragonite|92/100
|-boost|p1a: Great Tusk|spe|1
|-sideend|p1: izwaji|Toxic Spikes|[from] move: Rapid Spin|[of] p1a: Great Tusk
|-sideend|p1: izwaji|Stealth Rock|[from] move: Rapid Spin|[of] p1a: Great Tusk
|
|-damage|p1a: Great Tusk|31/100 psn|[from] psn
|upkeep
|turn|17
|
|t:|1776053892
|move|p2a: Dragonite|Extreme Speed|p1a: Great Tusk
|-damage|p1a: Great Tusk|0 fnt
|faint|p1a: Great Tusk
|-end|p1a: Great Tusk|Protosynthesis|[silent]
|
|upkeep
|inactive|izwaji has 120 seconds left.
|inactive|izwaji has 90 seconds left.
|
|t:|1776053967
|switch|p1a: Serperior|Serperior, M|100/100
|turn|18
|
|t:|1776053973
|move|p2a: Dragonite|Extreme Speed|p1a: Serperior
|-damage|p1a: Serperior|49/100
|move|p1a: Serperior|Glare|p2a: Dragonite
|-status|p2a: Dragonite|par
|
|upkeep
|turn|19
|
|t:|1776053977
|move|p2a: Dragonite|Extreme Speed|p1a: Serperior
|-damage|p1a: Serperior|0 fnt
|faint|p1a: Serperior
|
|upkeep
|
|t:|1776053979
|switch|p1a: Rillaboom|Rillaboom, F|26/100 psn
|-fieldstart|move: Grassy Terrain|[from] ability: Grassy Surge|[of] p1a: Rillaboom
|turn|20
|
|t:|1776053981
|-terastallize|p1a: Rillaboom|Fairy
|move|p2a: Dragonite|Extreme Speed|p1a: Rillaboom
|-damage|p1a: Rillaboom|0 fnt
|faint|p1a: Rillaboom
|
|win|Luceo
|raw|izwaji's rating: 1394 &rarr; <strong>1376</strong><br />(-18 for losing)
|raw|Luceo's rating: 1422 &rarr; <strong>1440</strong><br />(+18 for winning)
|l|☆Luceo
|player|p2|
|l|☆izwaji
|player|p1|
