|html|<div class="broadcast-blue"><strong>[Gen 9] OU is currently suspecting Tera Blast! For information on how to participate check out the <a href="https://www.smogon.com/tools/suspects/view/200">suspect thread</a>.</strong></div>
|j|☆jtchad
|j|☆limmingtons
|t:|1776309511
|gametype|singles
|player|p1|jtchad|ethan|1282
|player|p2|limmingtons|hiker|1321
|gen|9
|tier|[Gen 9] OU
|rated|
|rule|HP Percentage Mod: HP is shown in percentages
|rule|Endless Battle Clause: Forcing endless battles is banned
|rule|Species Clause: Limit one of each Pokémon
|rule|OHKO Clause: OHKO moves are banned
|rule|Evasion Items Clause: Evasion items are banned
|rule|Evasion Moves Clause: Evasion moves are banned
|rule|Evasion Abilities Clause: Evasion abilities are banned
|rule|Sleep Moves Clause: Sleep-inducing moves are banned
|clearpoke
|poke|p1|Ninetales, F|
|poke|p1|Cinderace, M|
|poke|p1|Venusaur, F|
|poke|p1|Slither Wing|
|poke|p1|Grimmsnarl, M|
|poke|p1|Polteageist-Antique|
|poke|p2|Iron Crown|
|poke|p2|Ogerpon-Wellspring, F|
|poke|p2|Pecharunt|
|poke|p2|Iron Valiant|
|poke|p2|Zamazenta-*|
|poke|p2|Ting-Lu|
|teampreview
|inactive|Battle timer is ON: inactive players will automatically lose when time's up. (requested by jtchad)
|
|t:|1776309520
|teamsize|p1|6
|teamsize|p2|6
|start
|switch|p1a: Polteageist|Polteageist-Antique|100/100
|switch|p2a: Ogerpon|Ogerpon-Wellspring, F|100/100
|turn|1
|
|t:|1776309526
|move|p2a: Ogerpon|Taunt|p1a: Polteageist
|-start|p1a: Polteageist|move: Taunt
|cant|p1a: Polteageist|move: Taunt|Shell Smash
|
|upkeep
|turn|2
|
|t:|1776309534
|switch|p1a: Slither Wing|Slither Wing|100/100
|move|p2a: Ogerpon|Knock Off|p1a: Slither Wing
|-resisted|p1a: Slither Wing
|-damage|p1a: Slither Wing|73/100
|-enditem|p1a: Slither Wing|Life Orb|[from] move: Knock Off|[of] p2a: Ogerpon
|
|upkeep
|turn|3
|
|t:|1776309542
|switch|p2a: Pecharunt|Pecharunt|100/100
|move|p1a: Slither Wing|First Impression|p2a: Pecharunt
|-resisted|p2a: Pecharunt
|-damage|p2a: Pecharunt|94/100
|-damage|p1a: Slither Wing|57/100|[from] item: Rocky Helmet|[of] p2a: Pecharunt
|
|upkeep
|turn|4
|
|t:|1776309552
|-end|p1a: Slither Wing|Protosynthesis|[silent]
|switch|p1a: Venusaur|Venusaur, F|100/100
|move|p2a: Pecharunt|Parting Shot|p1a: Venusaur
|-unboost|p1a: Venusaur|atk|1
|-unboost|p1a: Venusaur|spa|1
|
|t:|1776309561
|switch|p2a: Iron Crown|Iron Crown|100/100|[from] Parting Shot
|-enditem|p2a: Iron Crown|Booster Energy
|-activate|p2a: Iron Crown|ability: Quark Drive|[fromitem]
|-start|p2a: Iron Crown|quarkdrivespe
|
|upkeep
|turn|5
|
|t:|1776309570
|switch|p1a: Ninetales|Ninetales, F, shiny|100/100
|-weather|SunnyDay|[from] ability: Drought|[of] p1a: Ninetales
|move|p2a: Iron Crown|Calm Mind|p2a: Iron Crown
|-boost|p2a: Iron Crown|spa|1
|-boost|p2a: Iron Crown|spd|1
|
|-weather|SunnyDay|[upkeep]
|upkeep
|turn|6
|
|t:|1776309585
|-terastallize|p2a: Iron Crown|Fighting
|move|p2a: Iron Crown|Focus Blast|p1a: Ninetales
|-damage|p1a: Ninetales|6/100
|move|p1a: Ninetales|Overheat|p2a: Iron Crown
|-damage|p2a: Iron Crown|54/100
|-unboost|p1a: Ninetales|spa|2
|
|-weather|SunnyDay|[upkeep]
|upkeep
|turn|7
|
|t:|1776309601
|move|p2a: Iron Crown|Psychic Noise|p1a: Ninetales
|-damage|p1a: Ninetales|0 fnt
|faint|p1a: Ninetales
|
|-weather|SunnyDay|[upkeep]
|upkeep
|
|t:|1776309612
|switch|p1a: Grimmsnarl|Grimmsnarl, M, shiny|100/100
|turn|8
|
|t:|1776309617
|move|p1a: Grimmsnarl|Fake Out|p2a: Iron Crown
|-damage|p2a: Iron Crown|39/100
|cant|p2a: Iron Crown|flinch
|
|-weather|SunnyDay|[upkeep]
|upkeep
|turn|9
|
|t:|1776309625
|move|p1a: Grimmsnarl|Parting Shot|p2a: Iron Crown
|-unboost|p2a: Iron Crown|atk|1
|-unboost|p2a: Iron Crown|spa|1
|
|t:|1776309630
|switch|p1a: Venusaur|Venusaur, F|100/100|[from] Parting Shot
|move|p2a: Iron Crown|Tachyon Cutter|p1a: Venusaur
|-damage|p1a: Venusaur|72/100
|-damage|p1a: Venusaur|45/100
|-hitcount|p1a: Venusaur|2
|
|-weather|SunnyDay|[upkeep]
|-heal|p1a: Venusaur|51/100|[from] item: Leftovers
|upkeep
|turn|10
|
|t:|1776309645
|-end|p2a: Iron Crown|Quark Drive|[silent]
|switch|p2a: Pecharunt|Pecharunt|94/100
|move|p1a: Venusaur|Weather Ball|p2a: Pecharunt
|-damage|p2a: Pecharunt|47/100
|
|-weather|SunnyDay|[upkeep]
|-heal|p1a: Venusaur|57/100|[from] item: Leftovers
|upkeep
|turn|11
|
|t:|1776309654
|move|p1a: Venusaur|Earth Power|p2a: Pecharunt
|-supereffective|p2a: Pecharunt
|-damage|p2a: Pecharunt|0 fnt
|faint|p2a: Pecharunt
|
|-weather|SunnyDay|[upkeep]
|-heal|p1a: Venusaur|63/100|[from] item: Leftovers
|upkeep
|
|t:|1776309669
|switch|p2a: Zamazenta|Zamazenta, shiny|100/100
|-ability|p2a: Zamazenta|Dauntless Shield|boost
|-boost|p2a: Zamazenta|def|1
|turn|12
|
|t:|1776309677
|move|p1a: Venusaur|Sludge Bomb|p2a: Zamazenta
|-damage|p2a: Zamazenta|63/100
|move|p2a: Zamazenta|Iron Defense|p2a: Zamazenta
|-boost|p2a: Zamazenta|def|2
|
|-weather|none
|-heal|p1a: Venusaur|69/100|[from] item: Leftovers
|-heal|p2a: Zamazenta|69/100|[from] item: Leftovers
|upkeep
|turn|13
|
|t:|1776309686
|move|p1a: Venusaur|Sludge Bomb|p2a: Zamazenta
|-damage|p2a: Zamazenta|31/100
|-status|p2a: Zamazenta|psn
|move|p2a: Zamazenta|Roar|p1a: Venusaur
|drag|p1a: Grimmsnarl|Grimmsnarl, M, shiny|100/100
|
|-heal|p2a: Zamazenta|38/100 psn|[from] item: Leftovers
|-damage|p2a: Zamazenta|25/100 psn|[from] psn
|upkeep
|turn|14
|
|t:|1776309697
|move|p1a: Grimmsnarl|Fake Out|p2a: Zamazenta
|-damage|p2a: Zamazenta|21/100 psn
|cant|p2a: Zamazenta|flinch
|
|-heal|p2a: Zamazenta|27/100 psn|[from] item: Leftovers
|-damage|p2a: Zamazenta|15/100 psn|[from] psn
|upkeep
|turn|15
|
|t:|1776309707
|move|p1a: Grimmsnarl|Parting Shot|p2a: Zamazenta
|-unboost|p2a: Zamazenta|atk|1
|-unboost|p2a: Zamazenta|spa|1
|
|t:|1776309711
|switch|p1a: Polteageist|Polteageist-Antique|100/100|[from] Parting Shot
|move|p2a: Zamazenta|Body Press|p1a: Polteageist
|-immune|p1a: Polteageist
|
|-heal|p2a: Zamazenta|21/100 psn|[from] item: Leftovers
|-damage|p2a: Zamazenta|9/100 psn|[from] psn
|upkeep
|turn|16
|
|t:|1776309722
|move|p2a: Zamazenta|Crunch|p1a: Polteageist
|-supereffective|p1a: Polteageist
|-damage|p1a: Polteageist|48/100
|-unboost|p1a: Polteageist|def|1
|-ability|p1a: Polteageist|Weak Armor|boost
|-unboost|p1a: Polteageist|def|1
|-boost|p1a: Polteageist|spe|2
|move|p1a: Polteageist|Shell Smash|p1a: Polteageist
|-unboost|p1a: Polteageist|def|1
|-unboost|p1a: Polteageist|spd|1
|-boost|p1a: Polteageist|atk|2
|-boost|p1a: Polteageist|spa|2
|-boost|p1a: Polteageist|spe|2
|
|-heal|p2a: Zamazenta|15/100 psn|[from] item: Leftovers
|-damage|p2a: Zamazenta|3/100 psn|[from] psn
|upkeep
|turn|17
|
|t:|1776309738
|move|p1a: Polteageist|Stored Power|p2a: Zamazenta
|-supereffective|p2a: Zamazenta
|-damage|p2a: Zamazenta|0 fnt
|faint|p2a: Zamazenta
|
|upkeep
|
|t:|1776309750
|switch|p2a: Ting-Lu|Ting-Lu|100/100
|-ability|p2a: Ting-Lu|Vessel of Ruin
|turn|18
|
|t:|1776309756
|-terastallize|p1a: Polteageist|Fighting
|move|p1a: Polteageist|Tera Blast|p2a: Ting-Lu|[anim] Tera Blast Fighting
|-supereffective|p2a: Ting-Lu
|-damage|p2a: Ting-Lu|18/100
|-enditem|p2a: Ting-Lu|Red Card|[of] p1a: Polteageist
|drag|p1a: Cinderace|Cinderace, M|100/100
|move|p2a: Ting-Lu|Earthquake|p1a: Cinderace
|-supereffective|p1a: Cinderace
|-damage|p1a: Cinderace|0 fnt
|faint|p1a: Cinderace
|
|upkeep
|
|t:|1776309769
|switch|p1a: Polteageist|Polteageist-Antique, tera:Fighting|48/100
|turn|19
|
|t:|1776309774
|move|p1a: Polteageist|Strength Sap|p2a: Ting-Lu
|-unboost|p2a: Ting-Lu|atk|1
|-heal|p1a: Polteageist|100/100
|move|p2a: Ting-Lu|Earthquake|p1a: Polteageist
|-damage|p1a: Polteageist|53/100
|-ability|p1a: Polteageist|Weak Armor|boost
|-unboost|p1a: Polteageist|def|1
|-boost|p1a: Polteageist|spe|2
|
|upkeep
|turn|20
|
|t:|1776309788
|move|p1a: Polteageist|Shell Smash|p1a: Polteageist
|-unboost|p1a: Polteageist|def|1
|-unboost|p1a: Polteageist|spd|1
|-boost|p1a: Polteageist|atk|2
|-boost|p1a: Polteageist|spa|2
|-boost|p1a: Polteageist|spe|2
|move|p2a: Ting-Lu|Stealth Rock|p1a: Polteageist
|-sidestart|p1: jtchad|move: Stealth Rock
|
|upkeep
|turn|21
|
|t:|1776309797
|move|p1a: Polteageist|Tera Blast|p2a: Ting-Lu|[anim] Tera Blast Fighting
|-supereffective|p2a: Ting-Lu
|-damage|p2a: Ting-Lu|0 fnt
|faint|p2a: Ting-Lu
|
|upkeep
|
|t:|1776309803
|switch|p2a: Iron Valiant|Iron Valiant|100/100
|-enditem|p2a: Iron Valiant|Booster Energy
|-activate|p2a: Iron Valiant|ability: Quark Drive|[fromitem]
|-start|p2a: Iron Valiant|quarkdrivespe
|turn|22
|
|t:|1776309809
|move|p1a: Polteageist|Stored Power|p2a: Iron Valiant
|-supereffective|p2a: Iron Valiant
|-damage|p2a: Iron Valiant|0 fnt
|faint|p2a: Iron Valiant
|-end|p2a: Iron Valiant|Quark Drive|[silent]
|
|upkeep
|
|t:|1776309814
|switch|p2a: Iron Crown|Iron Crown, tera:Fighting|39/100
|turn|23
|
|t:|1776309817
|move|p1a: Polteageist|Stored Power|p2a: Iron Crown
|-supereffective|p2a: Iron Crown
|-damage|p2a: Iron Crown|0 fnt
|faint|p2a: Iron Crown
|-end|p2a: Iron Crown|Quark Drive|[silent]
|
|upkeep
|
|t:|1776309821
|switch|p2a: Ogerpon|Ogerpon-Wellspring, F|100/100
|turn|24
|
|t:|1776309824
|move|p1a: Polteageist|Stored Power|p2a: Ogerpon
|-damage|p2a: Ogerpon|0 fnt
|faint|p2a: Ogerpon
|
|win|jtchad
|raw|jtchad's rating: 1282 &rarr; <strong>1310</strong><br />(+28 for winning)
|raw|limmingtons's rating: 1321 &rarr; <strong>1299</strong><br />(-22 for losing)
|c|☆jtchad|Gg
|l|☆limmingtons
|player|p2|
|l|☆jtchad
|player|p1|
|j|☆jtchad
|player|p1|jtchad|ethan|
