|html|<div class="broadcast-blue"><strong>[Gen 9] OU is currently suspecting Volcarona! For information on how to participate check out the <a href="https://www.smogon.com/tools/suspects/view/208">suspect thread</a>.</strong></div>
|j|☆bena13
|j|☆yuri15818
|t:|1778510058
|gametype|singles
|player|p1|bena13|266|1094
|player|p2|yuri15818|hilbert|1133
|gen|9
|tier|[Gen 9] OU
|rated|
|rule|HP Percentage Mod: HP is shown in percentages
|rule|Endless Battle Clause: Forcing endless battles is banned
|rule|Species Clause: Limit one of each Pokémon
|rule|OHKO Clause: OHKO moves are banned
|rule|Evasion Items Clause: Evasion items are banned
|rule|Evasion Moves Clause: Evasion moves are banned
|rule|Evasion Abilities Clause: Evasion abilities are banned
|rule|Sleep Moves Clause: Sleep-inducing moves are banned
|clearpoke
|poke|p1|Swanna, M|
|poke|p1|Muk, M|
|poke|p1|Gastrodon, M|
|poke|p1|Vileplume, M|
|poke|p1|Salazzle, F|
|poke|p1|Haunter, M|
|poke|p2|Walking Wake|
|poke|p2|Torkoal, F|
|poke|p2|Venusaur, M|
|poke|p2|Charizard, F|
|poke|p2|Tatsugiri, F|
|poke|p2|Grimmsnarl, M|
|teampreview
|inactive|Battle timer is ON: inactive players will automatically lose when time's up. (requested by bena13)
|
|t:|1778510076
|teamsize|p1|6
|teamsize|p2|6
|start
|switch|p1a: Haunter|Haunter, M|100/100
|switch|p2a: Grimmsnarl|Grimmsnarl, M|100/100
|turn|1
|
|t:|1778510084
|move|p2a: Grimmsnarl|Sucker Punch||[still]
|-fail|p2a: Grimmsnarl
|move|p1a: Haunter|Taunt|p2a: Grimmsnarl
|-start|p2a: Grimmsnarl|move: Taunt
|
|upkeep
|turn|2
|
|t:|1778510092
|move|p2a: Grimmsnarl|Sucker Punch|p1a: Haunter
|-supereffective|p1a: Haunter
|-crit|p1a: Haunter
|-enditem|p1a: Haunter|Focus Sash
|-damage|p1a: Haunter|1/100
|move|p1a: Haunter|Thunder|p2a: Grimmsnarl
|-crit|p2a: Grimmsnarl
|-damage|p2a: Grimmsnarl|43/100
|
|upkeep
|turn|3
|
|t:|1778510101
|move|p1a: Haunter|Destiny Bond|p1a: Haunter
|-singlemove|p1a: Haunter|Destiny Bond
|move|p2a: Grimmsnarl|Spirit Break|p1a: Haunter
|-resisted|p1a: Haunter
|-damage|p1a: Haunter|0 fnt
|faint|p1a: Haunter
|-activate|p1a: Haunter|move: Destiny Bond
|faint|p2a: Grimmsnarl
|
|upkeep
|
|t:|1778510123
|switch|p1a: Salazzle|Salazzle, F|100/100
|switch|p2a: Torkoal|Torkoal, F|100/100
|-weather|SunnyDay|[from] ability: Drought|[of] p2a: Torkoal
|turn|4
|
|t:|1778510138
|switch|p2a: Walking Wake|Walking Wake|100/100
|-activate|p2a: Walking Wake|ability: Protosynthesis
|-start|p2a: Walking Wake|protosynthesisspe
|move|p1a: Salazzle|Substitute|p1a: Salazzle
|-start|p1a: Salazzle|Substitute
|-damage|p1a: Salazzle|76/100
|
|-weather|SunnyDay|[upkeep]
|upkeep
|turn|5
|
|t:|1778510156
|move|p2a: Walking Wake|Dragon Pulse|p1a: Salazzle
|-end|p1a: Salazzle|Substitute
|move|p1a: Salazzle|Sludge Bomb|p2a: Walking Wake
|-damage|p2a: Walking Wake|36/100
|-damage|p1a: Salazzle|66/100|[from] item: Life Orb
|
|-weather|SunnyDay|[upkeep]
|upkeep
|turn|6
|
|t:|1778510168
|switch|p1a: Gastrodon|Gastrodon, M|100/100
|move|p2a: Walking Wake|Dragon Pulse|p1a: Gastrodon
|-damage|p1a: Gastrodon|62/100
|
|-weather|SunnyDay|[upkeep]
|upkeep
|turn|7
|
|t:|1778510181
|-end|p2a: Walking Wake|Protosynthesis|[silent]
|switch|p2a: Venusaur|Venusaur, M|100/100
|move|p1a: Gastrodon|Ice Beam|p2a: Venusaur
|-supereffective|p2a: Venusaur
|-damage|p2a: Venusaur|42/100
|
|-weather|SunnyDay|[upkeep]
|-heal|p2a: Venusaur|48/100|[from] item: Leftovers
|upkeep
|turn|8
|
|t:|1778510194
|switch|p1a: Muk|Muk, M|100/100
|move|p2a: Venusaur|Solar Beam||[still]
|-prepare|p2a: Venusaur|Solar Beam
|-anim|p2a: Venusaur|Solar Beam|p1a: Muk
|-resisted|p1a: Muk
|-damage|p1a: Muk|85/100
|
|-weather|SunnyDay|[upkeep]
|-heal|p2a: Venusaur|53/100|[from] item: Leftovers
|upkeep
|turn|9
|
|t:|1778510206
|move|p2a: Venusaur|Synthesis|p2a: Venusaur
|-heal|p2a: Venusaur|100/100
|move|p1a: Muk|Gunk Shot|p2a: Venusaur
|-damage|p2a: Venusaur|22/100
|
|-weather|SunnyDay|[upkeep]
|-heal|p2a: Venusaur|28/100|[from] item: Leftovers
|upkeep
|turn|10
|
|t:|1778510215
|move|p2a: Venusaur|Synthesis|p2a: Venusaur
|-heal|p2a: Venusaur|94/100
|move|p1a: Muk|Gunk Shot|p2a: Venusaur
|-damage|p2a: Venusaur|13/100
|
|-weather|SunnyDay|[upkeep]
|-heal|p2a: Venusaur|19/100|[from] item: Leftovers
|upkeep
|turn|11
|
|t:|1778510235
|move|p2a: Venusaur|Synthesis|p2a: Venusaur
|-heal|p2a: Venusaur|85/100
|move|p1a: Muk|Gunk Shot|p2a: Venusaur
|-damage|p2a: Venusaur|5/100
|
|-weather|none
|-heal|p2a: Venusaur|11/100|[from] item: Leftovers
|upkeep
|turn|12
|
|t:|1778510244
|switch|p2a: Torkoal|Torkoal, F|100/100
|-weather|SunnyDay|[from] ability: Drought|[of] p2a: Torkoal
|move|p1a: Muk|Shadow Sneak|p2a: Torkoal
|-damage|p2a: Torkoal|94/100
|
|-weather|SunnyDay|[upkeep]
|upkeep
|turn|13
|
|t:|1778510257
|switch|p1a: Swanna|Swanna, M|100/100
|move|p2a: Torkoal|Stealth Rock|p1a: Swanna
|-sidestart|p1: bena13|move: Stealth Rock
|
|-weather|SunnyDay|[upkeep]
|upkeep
|turn|14
|
|t:|1778510268
|move|p1a: Swanna|Air Slash|p2a: Torkoal
|-damage|p2a: Torkoal|42/100
|-damage|p1a: Swanna|91/100|[from] item: Life Orb
|cant|p2a: Torkoal|flinch
|
|-weather|SunnyDay|[upkeep]
|upkeep
|turn|15
|
|t:|1778510283
|switch|p2a: Tatsugiri|Tatsugiri, F|100/100
|move|p1a: Swanna|Air Slash|p2a: Tatsugiri
|-damage|p2a: Tatsugiri|49/100
|-damage|p1a: Swanna|81/100|[from] item: Life Orb
|
|-weather|SunnyDay|[upkeep]
|upkeep
|turn|16
|
|t:|1778510293
|move|p1a: Swanna|Ice Beam|p2a: Tatsugiri
|-damage|p2a: Tatsugiri|8/100
|-damage|p1a: Swanna|71/100|[from] item: Life Orb
|move|p2a: Tatsugiri|Draco Meteor|p1a: Swanna
|-damage|p1a: Swanna|0 fnt
|-unboost|p2a: Tatsugiri|spa|2
|faint|p1a: Swanna
|
|-weather|SunnyDay|[upkeep]
|upkeep
|
|t:|1778510309
|switch|p1a: Salazzle|Salazzle, F|66/100
|-damage|p1a: Salazzle|41/100|[from] Stealth Rock
|turn|17
|
|t:|1778510327
|move|p1a: Salazzle|Sludge Bomb|p2a: Tatsugiri
|-damage|p2a: Tatsugiri|0 fnt
|faint|p2a: Tatsugiri
|-damage|p1a: Salazzle|31/100|[from] item: Life Orb
|
|-weather|SunnyDay|[upkeep]
|upkeep
|
|t:|1778510334
|switch|p2a: Walking Wake|Walking Wake|36/100
|-activate|p2a: Walking Wake|ability: Protosynthesis
|-start|p2a: Walking Wake|protosynthesisspe
|turn|18
|
|t:|1778510349
|switch|p1a: Gastrodon|Gastrodon, M|62/100
|-damage|p1a: Gastrodon|56/100|[from] Stealth Rock
|move|p2a: Walking Wake|Draco Meteor|p1a: Gastrodon|[miss]
|-miss|p2a: Walking Wake|p1a: Gastrodon
|
|-weather|SunnyDay|[upkeep]
|upkeep
|turn|19
|
|t:|1778510361
|-terastallize|p1a: Gastrodon|Fairy
|move|p2a: Walking Wake|Draco Meteor|p1a: Gastrodon
|-immune|p1a: Gastrodon
|move|p1a: Gastrodon|Earth Power|p2a: Walking Wake
|-damage|p2a: Walking Wake|0 fnt
|faint|p2a: Walking Wake
|-end|p2a: Walking Wake|Protosynthesis|[silent]
|
|-weather|none
|upkeep
|
|t:|1778510378
|switch|p2a: Torkoal|Torkoal, F|42/100
|-weather|SunnyDay|[from] ability: Drought|[of] p2a: Torkoal
|turn|20
|
|t:|1778510392
|move|p1a: Gastrodon|Surf|p2a: Torkoal
|-supereffective|p2a: Torkoal
|-damage|p2a: Torkoal|0 fnt
|faint|p2a: Torkoal
|
|-weather|SunnyDay|[upkeep]
|upkeep
|
|t:|1778510396
|switch|p2a: Venusaur|Venusaur, M|11/100
|turn|21
|
|t:|1778510402
|switch|p1a: Muk|Muk, M|85/100
|-damage|p1a: Muk|73/100|[from] Stealth Rock
|move|p2a: Venusaur|Sludge Bomb|p1a: Muk
|-resisted|p1a: Muk
|-damage|p1a: Muk|63/100
|
|-weather|SunnyDay|[upkeep]
|-heal|p2a: Venusaur|17/100|[from] item: Leftovers
|upkeep
|turn|22
|
|t:|1778510419
|switch|p2a: Charizard|Charizard, F|100/100
|move|p1a: Muk|Gunk Shot|p2a: Charizard
|-damage|p2a: Charizard|24/100
|
|-weather|SunnyDay|[upkeep]
|-damage|p2a: Charizard|12/100|[from] ability: Solar Power|[of] p2a: Charizard
|upkeep
|turn|23
|
|t:|1778510431
|move|p1a: Muk|Shadow Sneak|p2a: Charizard
|-damage|p2a: Charizard|0 fnt
|faint|p2a: Charizard
|
|-weather|SunnyDay|[upkeep]
|upkeep
|
|t:|1778510437
|switch|p2a: Venusaur|Venusaur, M|17/100
|turn|24
|
|t:|1778510441
|move|p2a: Venusaur|Synthesis|p2a: Venusaur
|-heal|p2a: Venusaur|83/100
|move|p1a: Muk|Gunk Shot|p2a: Venusaur
|-damage|p2a: Venusaur|0 fnt
|faint|p2a: Venusaur
|
|win|bena13
|raw|bena13's rating: 1094 &rarr; <strong>1123</strong><br />(+29 for winning)
|raw|yuri15818's rating: 1133 &rarr; <strong>1105</strong><br />(-28 for losing)
|l|☆yuri15818
|player|p2|
|l|☆bena13
|player|p1|
