|html|<div class="broadcast-blue"><strong>[Gen 9] OU is currently suspecting Tera Blast! For information on how to participate check out the <a href="https://www.smogon.com/tools/suspects/view/200">suspect thread</a>.</strong></div>
|j|☆NojaKalm
|j|☆diggory delvet
|t:|1776114995
|gametype|singles
|player|p1|NojaKalm|169|1522
|player|p2|diggory delvet|1|1559
|gen|9
|tier|[Gen 9] OU
|rated|
|rule|HP Percentage Mod: HP is shown in percentages
|rule|Endless Battle Clause: Forcing endless battles is banned
|rule|Species Clause: Limit one of each Pokémon
|rule|OHKO Clause: OHKO moves are banned
|rule|Evasion Items Clause: Evasion items are banned
|rule|Evasion Moves Clause: Evasion moves are banned
|rule|Evasion Abilities Clause: Evasion abilities are banned
|rule|Sleep Moves Clause: Sleep-inducing moves are banned
|clearpoke
|poke|p1|Comfey, M|
|poke|p1|Whimsicott, F|
|poke|p1|Iron Moth|
|poke|p1|Walking Wake|
|poke|p1|Great Tusk|
|poke|p1|Ninetales, F|
|poke|p2|Armarouge, M|
|poke|p2|Dragonite, M|
|poke|p2|Cinderace, M|
|poke|p2|Ceruledge, F|
|poke|p2|Kyurem|
|poke|p2|Quaquaval, M|
|teampreview
|inactive|Battle timer is ON: inactive players will automatically lose when time's up. (requested by NojaKalm)
|
|t:|1776115009
|teamsize|p1|6
|teamsize|p2|6
|start
|switch|p1a: Ninetales|Ninetales, F|100/100
|switch|p2a: Armarouge|Armarouge, M|100/100
|-weather|SunnyDay|[from] ability: Drought|[of] p1a: Ninetales
|turn|1
|inactive|diggory delvet has 120 seconds left.
|inactive|diggory delvet has 90 seconds left.
|
|t:|1776115070
|switch|p1a: Walking Wake|Walking Wake|100/100
|-activate|p1a: Walking Wake|ability: Protosynthesis
|-start|p1a: Walking Wake|protosynthesisspe
|move|p2a: Armarouge|Meteor Beam||[still]
|-prepare|p2a: Armarouge|Meteor Beam
|-boost|p2a: Armarouge|spa|1
|-enditem|p2a: Armarouge|Power Herb
|-anim|p2a: Armarouge|Meteor Beam|p1a: Walking Wake
|-damage|p1a: Walking Wake|56/100
|
|-weather|SunnyDay|[upkeep]
|upkeep
|turn|2
|
|t:|1776115095
|-terastallize|p2a: Armarouge|Grass
|move|p1a: Walking Wake|Hydro Steam|p2a: Armarouge
|-resisted|p2a: Armarouge
|-damage|p2a: Armarouge|70/100
|move|p2a: Armarouge|Psyshock|p1a: Walking Wake
|-damage|p1a: Walking Wake|0 fnt
|faint|p1a: Walking Wake
|-end|p1a: Walking Wake|Protosynthesis|[silent]
|
|-weather|SunnyDay|[upkeep]
|upkeep
|
|t:|1776115105
|switch|p1a: Iron Moth|Iron Moth|100/100
|-enditem|p1a: Iron Moth|Booster Energy
|-activate|p1a: Iron Moth|ability: Quark Drive|[fromitem]
|-start|p1a: Iron Moth|quarkdrivespa
|turn|3
|
|t:|1776115125
|move|p1a: Iron Moth|Sludge Wave|p2a: Armarouge
|-supereffective|p2a: Armarouge
|-damage|p2a: Armarouge|0 fnt
|faint|p2a: Armarouge
|
|-weather|SunnyDay|[upkeep]
|upkeep
|
|t:|1776115131
|switch|p2a: Kyurem|Kyurem|100/100
|-ability|p2a: Kyurem|Pressure
|turn|4
|inactive|NojaKalm has 120 seconds left.
|
|t:|1776115165
|move|p1a: Iron Moth|Overheat|p2a: Kyurem
|-damage|p2a: Kyurem|0 fnt
|-unboost|p1a: Iron Moth|spa|2
|faint|p2a: Kyurem
|
|-weather|SunnyDay|[upkeep]
|upkeep
|
|t:|1776115170
|switch|p2a: Dragonite|Dragonite, M|100/100
|turn|5
|
|t:|1776115177
|-end|p1a: Iron Moth|Quark Drive|[silent]
|switch|p1a: Great Tusk|Great Tusk|100/100
|-activate|p1a: Great Tusk|ability: Protosynthesis
|-start|p1a: Great Tusk|protosynthesisspe
|move|p2a: Dragonite|Dragon Dance|p2a: Dragonite
|-boost|p2a: Dragonite|atk|1
|-boost|p2a: Dragonite|spe|1
|
|-weather|SunnyDay|[upkeep]
|upkeep
|turn|6
|
|t:|1776115181
|move|p1a: Great Tusk|Ice Spinner|p2a: Dragonite
|-supereffective|p2a: Dragonite
|-damage|p2a: Dragonite|53/100
|-enditem|p2a: Dragonite|Weakness Policy
|-boost|p2a: Dragonite|atk|2|[from] item: Weakness Policy
|-boost|p2a: Dragonite|spa|2|[from] item: Weakness Policy
|move|p2a: Dragonite|Ice Spinner|p1a: Great Tusk
|-supereffective|p1a: Great Tusk
|-damage|p1a: Great Tusk|1/100
|-damage|p2a: Dragonite|36/100|[from] item: Rocky Helmet|[of] p1a: Great Tusk
|
|-weather|SunnyDay|[upkeep]
|upkeep
|turn|7
|
|t:|1776115189
|move|p2a: Dragonite|Extreme Speed|p1a: Great Tusk
|-damage|p1a: Great Tusk|0 fnt
|-damage|p2a: Dragonite|20/100|[from] item: Rocky Helmet|[of] p1a: Great Tusk
|faint|p1a: Great Tusk
|-end|p1a: Great Tusk|Protosynthesis|[silent]
|
|-weather|SunnyDay|[upkeep]
|upkeep
|
|t:|1776115194
|switch|p1a: Comfey|Comfey, M|100/100
|turn|8
|
|t:|1776115216
|move|p1a: Comfey|Draining Kiss|p2a: Dragonite
|-supereffective|p2a: Dragonite
|-damage|p2a: Dragonite|0 fnt
|faint|p2a: Dragonite
|-damage|p1a: Comfey|91/100|[from] item: Life Orb
|
|-weather|none
|upkeep
|
|t:|1776115219
|switch|p2a: Ceruledge|Ceruledge, F|100/100
|turn|9
|inactive|NojaKalm has 120 seconds left.
|
|t:|1776115265
|switch|p1a: Ninetales|Ninetales, F|100/100
|-weather|SunnyDay|[from] ability: Drought|[of] p1a: Ninetales
|move|p2a: Ceruledge|Swords Dance|p2a: Ceruledge
|-boost|p2a: Ceruledge|atk|2
|
|-weather|SunnyDay|[upkeep]
|upkeep
|turn|10
|
|t:|1776115269
|move|p1a: Ninetales|Encore|p2a: Ceruledge
|-start|p2a: Ceruledge|Encore
|move|p2a: Ceruledge|Swords Dance|p2a: Ceruledge
|-boost|p2a: Ceruledge|atk|2
|
|-weather|SunnyDay|[upkeep]
|upkeep
|turn|11
|inactive|NojaKalm has 120 seconds left.
|
|t:|1776115274
|switch|p1a: Whimsicott|Whimsicott, F|100/100
|switch|p2a: Cinderace|Cinderace, M|100/100
|
|-weather|SunnyDay|[upkeep]
|upkeep
|turn|12
|
|t:|1776115281
|switch|p1a: Iron Moth|Iron Moth|100/100
|move|p2a: Cinderace|Pyro Ball|p1a: Iron Moth
|-resisted|p1a: Iron Moth
|-damage|p1a: Iron Moth|25/100
|
|-weather|SunnyDay|[upkeep]
|upkeep
|turn|13
|
|t:|1776115285
|move|p2a: Cinderace|U-turn|p1a: Iron Moth
|-start|p2a: Cinderace|typechange|Bug|[from] ability: Libero
|-resisted|p1a: Iron Moth
|-damage|p1a: Iron Moth|12/100
|
|t:|1776115293
|switch|p2a: Ceruledge|Ceruledge, F|100/100|[from] U-turn
|move|p1a: Iron Moth|Overheat|p2a: Ceruledge
|-resisted|p2a: Ceruledge
|-damage|p2a: Ceruledge|32/100
|-unboost|p1a: Iron Moth|spa|2
|
|-weather|SunnyDay|[upkeep]
|upkeep
|turn|14
|
|t:|1776115300
|move|p1a: Iron Moth|Overheat|p2a: Ceruledge
|-resisted|p2a: Ceruledge
|-damage|p2a: Ceruledge|1/100
|-unboost|p1a: Iron Moth|spa|2
|move|p2a: Ceruledge|Bitter Blade|p1a: Iron Moth
|-resisted|p1a: Iron Moth
|-damage|p1a: Iron Moth|0 fnt
|-heal|p2a: Ceruledge|7/100|[from] drain|[of] p1a: Iron Moth
|faint|p1a: Iron Moth
|-end|p1a: Iron Moth|Quark Drive|[silent]
|
|-weather|SunnyDay|[upkeep]
|upkeep
|
|t:|1776115305
|switch|p1a: Comfey|Comfey, M|91/100
|turn|15
|
|t:|1776115308
|move|p1a: Comfey|Draining Kiss|p2a: Ceruledge
|-resisted|p2a: Ceruledge
|-damage|p2a: Ceruledge|0 fnt
|-heal|p1a: Comfey|95/100|[from] drain|[of] p2a: Ceruledge
|faint|p2a: Ceruledge
|-damage|p1a: Comfey|85/100|[from] item: Life Orb
|
|-weather|SunnyDay|[upkeep]
|upkeep
|
|t:|1776115310
|switch|p2a: Cinderace|Cinderace, M|100/100
|turn|16
|
|t:|1776115320
|move|p1a: Comfey|Draining Kiss|p2a: Cinderace
|-resisted|p2a: Cinderace
|-damage|p2a: Cinderace|81/100
|-heal|p1a: Comfey|99/100|[from] drain|[of] p2a: Cinderace
|-damage|p1a: Comfey|90/100|[from] item: Life Orb
|move|p2a: Cinderace|Pyro Ball|p1a: Comfey
|-damage|p1a: Comfey|0 fnt
|faint|p1a: Comfey
|
|-weather|none
|upkeep
|
|t:|1776115327
|switch|p1a: Ninetales|Ninetales, F|100/100
|-weather|SunnyDay|[from] ability: Drought|[of] p1a: Ninetales
|turn|17
|
|t:|1776115333
|move|p2a: Cinderace|High Jump Kick|p1a: Ninetales
|-start|p2a: Cinderace|typechange|Fighting|[from] ability: Libero
|-damage|p1a: Ninetales|24/100
|move|p1a: Ninetales|Weather Ball|p2a: Cinderace
|-damage|p2a: Cinderace|17/100
|
|-weather|SunnyDay|[upkeep]
|upkeep
|turn|18
|
|t:|1776115340
|move|p2a: Cinderace|U-turn|p1a: Ninetales
|-resisted|p1a: Ninetales
|-crit|p1a: Ninetales
|-damage|p1a: Ninetales|2/100
|
|t:|1776115341
|switch|p2a: Quaquaval|Quaquaval, M|100/100|[from] U-turn
|move|p1a: Ninetales|Weather Ball|p2a: Quaquaval
|-resisted|p2a: Quaquaval
|-damage|p2a: Quaquaval|68/100
|
|-weather|SunnyDay|[upkeep]
|upkeep
|turn|19
|
|t:|1776115348
|move|p1a: Ninetales|Will-O-Wisp|p2a: Quaquaval
|-status|p2a: Quaquaval|brn
|move|p2a: Quaquaval|Aqua Step|p1a: Ninetales
|-supereffective|p1a: Ninetales
|-damage|p1a: Ninetales|0 fnt
|-boost|p2a: Quaquaval|spe|1
|faint|p1a: Ninetales
|-ability|p2a: Quaquaval|Moxie|boost
|-boost|p2a: Quaquaval|atk|1
|-damage|p2a: Quaquaval|58/100 brn|[from] item: Life Orb
|
|-weather|SunnyDay|[upkeep]
|-damage|p2a: Quaquaval|52/100 brn|[from] brn
|upkeep
|
|t:|1776115351
|switch|p1a: Whimsicott|Whimsicott, F|100/100
|turn|20
|
|t:|1776115361
|move|p1a: Whimsicott|Moonblast|p2a: Quaquaval
|-supereffective|p2a: Quaquaval
|-crit|p2a: Quaquaval
|-damage|p2a: Quaquaval|0 fnt
|faint|p2a: Quaquaval
|-damage|p1a: Whimsicott|91/100|[from] item: Life Orb
|
|-weather|SunnyDay|[upkeep]
|upkeep
|
|t:|1776115362
|switch|p2a: Cinderace|Cinderace, M|17/100
|turn|21
|
|t:|1776115364
|move|p1a: Whimsicott|Shadow Ball|p2a: Cinderace
|-damage|p2a: Cinderace|0 fnt
|faint|p2a: Cinderace
|-damage|p1a: Whimsicott|81/100|[from] item: Life Orb
|
|win|NojaKalm
|raw|NojaKalm's rating: 1522 &rarr; <strong>1546</strong><br />(+24 for winning)
|raw|diggory delvet's rating: 1588 &rarr; <strong>1564</strong><br />(-24 for losing)
|l|☆NojaKalm
|player|p1|
|l|☆diggory delvet
|player|p2|
