|html|<div class="broadcast-blue"><strong>[Gen 9] OU is currently suspecting Tera Blast! For information on how to participate check out the <a href="https://www.smogon.com/tools/suspects/view/200">suspect thread</a>.</strong></div>
|j|☆Strox.1
|j|☆eatkickfightworld
|t:|1776062195
|gametype|singles
|player|p1|Strox.1|102|1078
|player|p2|eatkickfightworld|blue|1120
|gen|9
|tier|[Gen 9] OU
|rated|
|rule|HP Percentage Mod: HP is shown in percentages
|rule|Endless Battle Clause: Forcing endless battles is banned
|rule|Species Clause: Limit one of each Pokémon
|rule|OHKO Clause: OHKO moves are banned
|rule|Evasion Items Clause: Evasion items are banned
|rule|Evasion Moves Clause: Evasion moves are banned
|rule|Evasion Abilities Clause: Evasion abilities are banned
|rule|Sleep Moves Clause: Sleep-inducing moves are banned
|clearpoke
|poke|p1|Samurott-Hisui, M|
|poke|p1|Ceruledge, M|
|poke|p1|Thundurus-Therian, M|
|poke|p1|Glimmora, M|
|poke|p1|Iron Crown|
|poke|p1|Sinistcha|
|poke|p2|Articuno|
|poke|p2|Entei|
|poke|p2|Weavile, M|
|poke|p2|Scizor, M|
|poke|p2|Medicham, M|
|poke|p2|Cinderace, F|
|teampreview
|inactive|Battle timer is ON: inactive players will automatically lose when time's up. (requested by Strox.1)
|j| ohko_smeargle
|
|t:|1776062205
|teamsize|p1|6
|teamsize|p2|6
|start
|switch|p1a: Glimmora|Glimmora, M|100/100
|switch|p2a: Articuno|Articuno|100/100
|-ability|p2a: Articuno|Pressure
|turn|1
|inactive|eatkickfightworld has 120 seconds left.
|
|t:|1776062237
|switch|p2a: Scizor|Scizor, M, shiny|100/100
|move|p1a: Glimmora|Mortal Spin|p2a: Scizor
|-immune|p2a: Scizor
|
|upkeep
|turn|2
|inactive|Strox.1 has 120 seconds left.
|
|t:|1776062275
|move|p1a: Glimmora|Spiky Shield|p1a: Glimmora
|-singleturn|p1a: Glimmora|move: Protect
|move|p2a: Scizor|Bullet Punch|p1a: Glimmora
|-activate|p1a: Glimmora|move: Protect
|-damage|p2a: Scizor|88/100|[from] Spiky Shield|[of] p1a: Glimmora
|
|-heal|p2a: Scizor|94/100|[from] item: Leftovers
|upkeep
|turn|3
|inactive|eatkickfightworld has 120 seconds left.
|
|t:|1776062303
|move|p2a: Scizor|Bullet Punch|p1a: Glimmora
|-supereffective|p1a: Glimmora
|-damage|p1a: Glimmora|50/100
|-activate|p1a: Glimmora|ability: Toxic Debris
|-sidestart|p2: eatkickfightworld|move: Toxic Spikes
|move|p1a: Glimmora|Earth Power|p2a: Scizor
|-crit|p2a: Scizor
|-damage|p2a: Scizor|45/100
|
|-heal|p1a: Glimmora|56/100|[from] item: Leftovers
|-heal|p2a: Scizor|51/100|[from] item: Leftovers
|upkeep
|turn|4
|inactive|Strox.1 has 120 seconds left.
|
|t:|1776062317
|switch|p1a: Ceruledge|Ceruledge, M|100/100
|-terastallize|p2a: Scizor|Flying
|move|p2a: Scizor|Defog|p1a: Ceruledge
|-unboost|p1a: Ceruledge|evasion|1
|-sideend|p2: eatkickfightworld|Toxic Spikes|[from] move: Defog|[of] p2a: Scizor
|
|-heal|p2a: Scizor|57/100|[from] item: Leftovers
|upkeep
|turn|5
|inactive|Strox.1 has 120 seconds left.
|
|t:|1776062335
|switch|p2a: Entei|Entei, shiny|100/100
|move|p1a: Ceruledge|Poltergeist|p2a: Entei|[miss]
|-miss|p1a: Ceruledge|p2a: Entei
|
|upkeep
|turn|6
|inactive|Strox.1 has 120 seconds left.
|
|t:|1776062351
|switch|p1a: Samurott|Samurott-Hisui, M|100/100
|move|p2a: Entei|Stone Edge|p1a: Samurott|[miss]
|-miss|p2a: Entei|p1a: Samurott
|
|upkeep
|turn|7
|inactive|eatkickfightworld has 120 seconds left.
|
|t:|1776062379
|switch|p2a: Articuno|Articuno|100/100
|-ability|p2a: Articuno|Pressure
|move|p1a: Samurott|Razor Shell|p2a: Articuno
|-damage|p2a: Articuno|12/100
|
|upkeep
|turn|8
|
|t:|1776062389
|move|p2a: Articuno|Tailwind|p2a: Articuno
|-sidestart|p2: eatkickfightworld|move: Tailwind
|move|p1a: Samurott|Razor Shell|p2a: Articuno
|-damage|p2a: Articuno|0 fnt
|faint|p2a: Articuno
|
|upkeep
|
|t:|1776062397
|switch|p2a: Medicham|Medicham, M, shiny|100/100
|turn|9
|inactive|Strox.1 has 120 seconds left.
|
|t:|1776062421
|-terastallize|p1a: Samurott|Dark
|move|p2a: Medicham|Fake Out|p1a: Samurott
|-damage|p1a: Samurott|80/100
|cant|p1a: Samurott|flinch
|
|upkeep
|turn|10
|
|t:|1776062428
|switch|p1a: Glimmora|Glimmora, M|56/100
|move|p2a: Medicham|High Jump Kick|p1a: Glimmora
|-damage|p1a: Glimmora|0 fnt
|-activate|p1a: Glimmora|ability: Toxic Debris
|-sidestart|p2: eatkickfightworld|move: Toxic Spikes
|faint|p1a: Glimmora
|
|upkeep
|
|t:|1776062433
|switch|p1a: Samurott|Samurott-Hisui, M, tera:Dark|80/100
|turn|11
|inactive|eatkickfightworld has 120 seconds left.
|
|t:|1776062438
|move|p1a: Samurott|Sucker Punch|p2a: Medicham
|-enditem|p2a: Medicham|Focus Sash
|-damage|p2a: Medicham|1/100
|move|p2a: Medicham|High Jump Kick|p1a: Samurott
|-supereffective|p1a: Samurott
|-damage|p1a: Samurott|0 fnt
|faint|p1a: Samurott
|
|-sideend|p2: eatkickfightworld|move: Tailwind
|upkeep
|
|t:|1776062447
|switch|p1a: Thundurus|Thundurus-Therian, M|100/100
|turn|12
|
|t:|1776062460
|move|p1a: Thundurus|Knock Off|p2a: Medicham
|-damage|p2a: Medicham|0 fnt
|faint|p2a: Medicham
|
|upkeep
|inactive|eatkickfightworld has 120 seconds left.
|
|t:|1776062475
|switch|p2a: Weavile|Weavile, M, shiny|100/100
|-ability|p2a: Weavile|Pressure
|-item|p2a: Weavile|Air Balloon
|turn|13
|
|t:|1776062500
|switch|p1a: Iron Crown|Iron Crown|100/100
|move|p2a: Weavile|Fake Out|p1a: Iron Crown
|-resisted|p1a: Iron Crown
|-damage|p1a: Iron Crown|94/100
|
|upkeep
|turn|14
|
|t:|1776062509
|move|p2a: Weavile|Knock Off|p1a: Iron Crown
|-supereffective|p1a: Iron Crown
|-damage|p1a: Iron Crown|0 fnt
|-enditem|p1a: Iron Crown|Assault Vest|[from] move: Knock Off|[of] p2a: Weavile
|faint|p1a: Iron Crown
|-end|p1a: Iron Crown|Quark Drive|[silent]
|
|upkeep
|
|t:|1776062514
|switch|p1a: Sinistcha|Sinistcha|100/100
|turn|15
|
|t:|1776062519
|move|p2a: Weavile|Icicle Crash|p1a: Sinistcha
|-supereffective|p1a: Sinistcha
|-damage|p1a: Sinistcha|36/100
|move|p1a: Sinistcha|Strength Sap|p2a: Weavile
|-unboost|p2a: Weavile|atk|1
|-heal|p1a: Sinistcha|100/100
|
|upkeep
|turn|16
|
|t:|1776062536
|switch|p2a: Scizor|Scizor, M, shiny, tera:Flying|57/100
|move|p1a: Sinistcha|Matcha Gotcha|p2a: Scizor
|-resisted|p2a: Scizor
|-damage|p2a: Scizor|35/100
|-status|p2a: Scizor|brn
|
|-heal|p2a: Scizor|41/100 brn|[from] item: Leftovers
|-damage|p2a: Scizor|35/100 brn|[from] brn
|upkeep
|turn|17
|
|t:|1776062547
|move|p1a: Sinistcha|Strength Sap|p2a: Scizor
|-unboost|p2a: Scizor|atk|1
|move|p2a: Scizor|Dual Wingbeat|p1a: Sinistcha|[miss]
|-miss|p2a: Scizor|p1a: Sinistcha
|
|-heal|p2a: Scizor|41/100 brn|[from] item: Leftovers
|-damage|p2a: Scizor|35/100 brn|[from] brn
|upkeep
|turn|18
|
|t:|1776062554
|move|p1a: Sinistcha|Shadow Ball|p2a: Scizor
|-damage|p2a: Scizor|0 fnt
|faint|p2a: Scizor
|
|upkeep
|
|t:|1776062563
|switch|p2a: Weavile|Weavile, M, shiny|100/100
|-ability|p2a: Weavile|Pressure
|-item|p2a: Weavile|Air Balloon
|turn|19
|
|t:|1776062572
|move|p2a: Weavile|Knock Off|p1a: Sinistcha
|-supereffective|p1a: Sinistcha
|-damage|p1a: Sinistcha|29/100
|-enditem|p1a: Sinistcha|Aguav Berry|[from] move: Knock Off|[of] p2a: Weavile
|move|p1a: Sinistcha|Matcha Gotcha|p2a: Weavile
|-damage|p2a: Weavile|51/100
|-heal|p1a: Sinistcha|49/100|[from] drain|[of] p2a: Weavile
|-enditem|p2a: Weavile|Air Balloon
|
|upkeep
|turn|20
|
|t:|1776062578
|move|p2a: Weavile|Icicle Crash|p1a: Sinistcha
|-supereffective|p1a: Sinistcha
|-damage|p1a: Sinistcha|0 fnt
|faint|p1a: Sinistcha
|
|upkeep
|
|t:|1776062587
|switch|p1a: Ceruledge|Ceruledge, M|100/100
|turn|21
|
|t:|1776062591
|move|p2a: Weavile|Knock Off|p1a: Ceruledge
|-supereffective|p1a: Ceruledge
|-damage|p1a: Ceruledge|0 fnt
|-enditem|p1a: Ceruledge|Life Orb|[from] move: Knock Off|[of] p2a: Weavile
|faint|p1a: Ceruledge
|
|upkeep
|
|t:|1776062593
|switch|p1a: Thundurus|Thundurus-Therian, M|100/100
|turn|22
|
|t:|1776062598
|move|p2a: Weavile|Icicle Crash|p1a: Thundurus
|-supereffective|p1a: Thundurus
|-damage|p1a: Thundurus|0 fnt
|faint|p1a: Thundurus
|
|win|eatkickfightworld
|raw|Strox.1's rating: 1078 &rarr; <strong>1059</strong><br />(-19 for losing)
|raw|eatkickfightworld's rating: 1120 &rarr; <strong>1142</strong><br />(+22 for winning)
|l| ohko_smeargle
|l|☆Strox.1
|player|p1|
|l|☆eatkickfightworld
|player|p2|
