|html|<div class="broadcast-blue"><strong>[Gen 9] OU is currently suspecting Tera Blast! For information on how to participate check out the <a href="https://www.smogon.com/tools/suspects/view/200">suspect thread</a>.</strong></div>
|j|☆council of noob
|j|☆ICOGB
|t:|1776121368
|gametype|singles
|player|p1|council of noob|workerice|
|player|p2|ICOGB|1|
|gen|9
|tier|[Gen 9] OU
|rule|HP Percentage Mod: HP is shown in percentages
|rule|Endless Battle Clause: Forcing endless battles is banned
|rule|Species Clause: Limit one of each Pokémon
|rule|OHKO Clause: OHKO moves are banned
|rule|Evasion Items Clause: Evasion items are banned
|rule|Evasion Moves Clause: Evasion moves are banned
|rule|Evasion Abilities Clause: Evasion abilities are banned
|rule|Sleep Moves Clause: Sleep-inducing moves are banned
|clearpoke
|poke|p1|Iron Treads|
|poke|p1|Iron Moth|
|poke|p1|Iron Valiant|
|poke|p1|Meowscarada, F|
|poke|p1|Gligar, M|
|poke|p1|Porygon2|
|poke|p2|Ting-Lu|
|poke|p2|Dondozo, M|
|poke|p2|Gliscor, M|
|poke|p2|Skeledirge, F|
|poke|p2|Weavile, M|
|poke|p2|Porygon-Z|
|teampreview
|
|t:|1776121381
|teamsize|p1|6
|teamsize|p2|6
|start
|switch|p1a: get over here|Gligar, M, shiny|100/100
|switch|p2a: Ting-Lu|Ting-Lu|100/100
|-ability|p2a: Ting-Lu|Vessel of Ruin
|turn|1
|
|t:|1776121394
|move|p1a: get over here|Stealth Rock|p2a: Ting-Lu
|-sidestart|p2: ICOGB|move: Stealth Rock
|move|p2a: Ting-Lu|Spikes|p1a: get over here
|-sidestart|p1: council of noob|Spikes
|
|upkeep
|turn|2
|
|t:|1776121408
|switch|p1a: tree trunks|Iron Treads|100/100
|-damage|p1a: tree trunks|88/100|[from] Spikes
|move|p2a: Ting-Lu|Ruination|p1a: tree trunks|[miss]
|-miss|p2a: Ting-Lu|p1a: tree trunks
|
|upkeep
|turn|3
|
|t:|1776121419
|switch|p2a: Dondozo|Dondozo, M, shiny|100/100
|move|p1a: tree trunks|Rapid Spin|p2a: Dondozo
|-damage|p2a: Dondozo|94/100
|-boost|p1a: tree trunks|spe|1
|-sideend|p1: council of noob|Spikes|[from] move: Rapid Spin|[of] p1a: tree trunks
|
|upkeep
|turn|4
|
|t:|1776121429
|move|p1a: tree trunks|Volt Switch|p2a: Dondozo
|-supereffective|p2a: Dondozo
|-damage|p2a: Dondozo|70/100
|
|t:|1776121441
|-end|p1a: tree trunks|Quark Drive|[silent]
|switch|p1a: moon|Meowscarada, F, shiny|100/100|[from] Volt Switch
|move|p2a: Dondozo|Curse|p2a: Dondozo
|-unboost|p2a: Dondozo|spe|1
|-boost|p2a: Dondozo|atk|1
|-boost|p2a: Dondozo|def|1
|
|upkeep
|turn|5
|
|t:|1776121454
|move|p1a: moon|Flower Trick|p2a: Dondozo
|-start|p1a: moon|typechange|Grass|[from] ability: Protean
|-supereffective|p2a: Dondozo
|-crit|p2a: Dondozo
|-damage|p2a: Dondozo|25/100
|move|p2a: Dondozo|Body Press|p1a: moon
|-damage|p1a: moon|35/100
|
|upkeep
|turn|6
|
|t:|1776121470
|-terastallize|p2a: Dondozo|Dragon
|move|p1a: moon|Flower Trick|p2a: Dondozo
|-resisted|p2a: Dondozo
|-crit|p2a: Dondozo
|-damage|p2a: Dondozo|13/100
|move|p2a: Dondozo|Rest|p2a: Dondozo
|-status|p2a: Dondozo|slp|[from] move: Rest
|-heal|p2a: Dondozo|100/100 slp|[silent]
|
|upkeep
|turn|7
|
|t:|1776121494
|switch|p1a: R2P2|Porygon2, shiny|100/100
|-ability|p1a: R2P2|Unaware|Trace|[from] ability: Trace|[of] p2a: Dondozo
|cant|p2a: Dondozo|slp
|move|p2a: Dondozo|Sleep Talk|p2a: Dondozo
|move|p2a: Dondozo|Body Press|p1a: R2P2|[from] move: Sleep Talk
|-supereffective|p1a: R2P2
|-damage|p1a: R2P2|63/100
|
|upkeep
|turn|8
|
|t:|1776121523
|move|p1a: R2P2|Ice Beam|p2a: Dondozo
|-supereffective|p2a: Dondozo
|-damage|p2a: Dondozo|43/100 slp
|cant|p2a: Dondozo|slp
|move|p2a: Dondozo|Sleep Talk|p2a: Dondozo
|move|p2a: Dondozo|Curse|p2a: Dondozo|[from] move: Sleep Talk
|-unboost|p2a: Dondozo|spe|1
|-boost|p2a: Dondozo|atk|1
|-boost|p2a: Dondozo|def|1
|
|upkeep
|turn|9
|j| noob sniffer
|
|t:|1776121538
|switch|p2a: Ting-Lu|Ting-Lu|100/100
|-damage|p2a: Ting-Lu|94/100|[from] Stealth Rock
|-ability|p2a: Ting-Lu|Vessel of Ruin
|move|p1a: R2P2|Ice Beam|p2a: Ting-Lu
|-supereffective|p2a: Ting-Lu
|-damage|p2a: Ting-Lu|72/100
|
|-heal|p2a: Ting-Lu|78/100|[from] item: Leftovers
|upkeep
|turn|10
|
|t:|1776121552
|move|p1a: R2P2|Recover|p1a: R2P2
|-heal|p1a: R2P2|100/100
|move|p2a: Ting-Lu|Ruination|p1a: R2P2|[miss]
|-miss|p2a: Ting-Lu|p1a: R2P2
|
|-heal|p2a: Ting-Lu|84/100|[from] item: Leftovers
|upkeep
|turn|11
|
|t:|1776121573
|move|p1a: R2P2|Tri Attack|p2a: Ting-Lu
|-damage|p2a: Ting-Lu|67/100
|move|p2a: Ting-Lu|Spikes|p1a: R2P2
|-sidestart|p1: council of noob|Spikes
|
|-heal|p2a: Ting-Lu|73/100|[from] item: Leftovers
|upkeep
|turn|12
|
|t:|1776121584
|move|p1a: R2P2|Ice Beam|p2a: Ting-Lu
|-supereffective|p2a: Ting-Lu
|-damage|p2a: Ting-Lu|50/100
|move|p2a: Ting-Lu|Spikes|p1a: R2P2
|-sidestart|p1: council of noob|Spikes
|
|-heal|p2a: Ting-Lu|56/100|[from] item: Leftovers
|upkeep
|turn|13
|
|t:|1776121595
|switch|p1a: tree trunks|Iron Treads|88/100
|-damage|p1a: tree trunks|72/100|[from] Spikes
|move|p2a: Ting-Lu|Spikes|p1a: tree trunks
|-sidestart|p1: council of noob|Spikes
|
|-heal|p2a: Ting-Lu|63/100|[from] item: Leftovers
|upkeep
|turn|14
|
|t:|1776121612
|move|p1a: tree trunks|Rapid Spin|p2a: Ting-Lu
|-damage|p2a: Ting-Lu|53/100
|-boost|p1a: tree trunks|spe|1
|-sideend|p1: council of noob|Spikes|[from] move: Rapid Spin|[of] p1a: tree trunks
|move|p2a: Ting-Lu|Ruination|p1a: tree trunks
|-damage|p1a: tree trunks|36/100
|
|-heal|p2a: Ting-Lu|60/100|[from] item: Leftovers
|upkeep
|turn|15
|
|t:|1776121624
|move|p1a: tree trunks|Ice Spinner|p2a: Ting-Lu
|-supereffective|p2a: Ting-Lu
|-damage|p2a: Ting-Lu|34/100
|move|p2a: Ting-Lu|Whirlwind|p1a: tree trunks
|-end|p1a: tree trunks|Quark Drive|[silent]
|drag|p1a: mothman|Iron Moth|100/100
|
|-heal|p2a: Ting-Lu|40/100|[from] item: Leftovers
|upkeep
|turn|16
|
|t:|1776121641
|move|p1a: mothman|Energy Ball|p2a: Ting-Lu
|-supereffective|p2a: Ting-Lu
|-damage|p2a: Ting-Lu|15/100
|move|p2a: Ting-Lu|Earthquake|p1a: mothman
|-supereffective|p1a: mothman
|-damage|p1a: mothman|0 fnt
|faint|p1a: mothman
|-end|p1a: mothman|Quark Drive|[silent]
|
|-heal|p2a: Ting-Lu|21/100|[from] item: Leftovers
|upkeep
|
|t:|1776121651
|switch|p1a: moon|Meowscarada, F, shiny|35/100
|turn|17
|
|t:|1776121662
|move|p1a: moon|Triple Axel|p2a: Ting-Lu|[miss]
|-start|p1a: moon|typechange|Ice|[from] ability: Protean
|-miss|p1a: moon|p2a: Ting-Lu
|move|p2a: Ting-Lu|Spikes|p1a: moon
|-sidestart|p1: council of noob|Spikes
|
|-heal|p2a: Ting-Lu|27/100|[from] item: Leftovers
|upkeep
|turn|18
|
|t:|1776121679
|move|p1a: moon|Triple Axel|p2a: Ting-Lu
|-supereffective|p2a: Ting-Lu
|-damage|p2a: Ting-Lu|16/100
|-supereffective|p2a: Ting-Lu
|-damage|p2a: Ting-Lu|0 fnt
|faint|p2a: Ting-Lu
|-hitcount|p2: Ting-Lu|2
|
|upkeep
|
|t:|1776121693
|switch|p2a: Skeledirge|Skeledirge, F|100/100
|turn|19
|
|t:|1776121703
|switch|p1a: get over here|Gligar, M, shiny|100/100
|move|p2a: Skeledirge|Will-O-Wisp|p1a: get over here|[miss]
|-miss|p2a: Skeledirge|p1a: get over here
|
|upkeep
|turn|20
|
|t:|1776121733
|switch|p2a: Gliscor|Gliscor, M, shiny|100/100
|-damage|p2a: Gliscor|88/100|[from] Stealth Rock
|move|p1a: get over here|Knock Off|p2a: Gliscor
|-damage|p2a: Gliscor|73/100
|-enditem|p2a: Gliscor|Toxic Orb|[from] move: Knock Off|[of] p1a: get over here
|
|upkeep
|turn|21
|
|t:|1776121746
|move|p2a: Gliscor|Knock Off|p1a: get over here
|-damage|p1a: get over here|90/100
|-enditem|p1a: get over here|Eviolite|[from] move: Knock Off|[of] p2a: Gliscor
|move|p1a: get over here|Spikes|p2a: Gliscor
|-sidestart|p2: ICOGB|Spikes
|
|upkeep
|turn|22
|
|t:|1776121754
|move|p2a: Gliscor|Spikes|p1a: get over here
|-sidestart|p1: council of noob|Spikes
|move|p1a: get over here|Spikes|p2a: Gliscor
|-sidestart|p2: ICOGB|Spikes
|
|upkeep
|turn|23
|
|t:|1776121761
|move|p2a: Gliscor|Spikes|p1a: get over here
|-sidestart|p1: council of noob|Spikes
|move|p1a: get over here|Spikes|p2a: Gliscor
|-sidestart|p2: ICOGB|Spikes
|
|upkeep
|turn|24
|
|t:|1776121769
|move|p2a: Gliscor|U-turn|p1a: get over here
|-resisted|p1a: get over here
|-damage|p1a: get over here|84/100
|
|t:|1776121775
|switch|p2a: Skeledirge|Skeledirge, F|100/100|[from] U-turn
|move|p1a: get over here|Knock Off|p2a: Skeledirge
|-supereffective|p2a: Skeledirge
|-damage|p2a: Skeledirge|80/100
|-enditem|p2a: Skeledirge|Heavy-Duty Boots|[from] move: Knock Off|[of] p1a: get over here
|
|upkeep
|turn|25
|
|t:|1776121798
|move|p1a: get over here|Knock Off|p2a: Skeledirge
|-supereffective|p2a: Skeledirge
|-damage|p2a: Skeledirge|66/100
|move|p2a: Skeledirge|Will-O-Wisp|p1a: get over here
|-status|p1a: get over here|brn
|
|-damage|p1a: get over here|78/100 brn|[from] brn
|upkeep
|turn|26
|
|t:|1776121807
|move|p1a: get over here|Knock Off|p2a: Skeledirge
|-supereffective|p2a: Skeledirge
|-damage|p2a: Skeledirge|58/100
|move|p2a: Skeledirge|Torch Song|p1a: get over here
|-damage|p1a: get over here|35/100 brn
|-boost|p2a: Skeledirge|spa|1
|
|-damage|p1a: get over here|29/100 brn|[from] brn
|upkeep
|turn|27
|
|t:|1776121826
|move|p1a: get over here|Knock Off|p2a: Skeledirge
|-supereffective|p2a: Skeledirge
|-damage|p2a: Skeledirge|51/100
|move|p2a: Skeledirge|Torch Song|p1a: get over here
|-damage|p1a: get over here|0 fnt
|-boost|p2a: Skeledirge|spa|1
|faint|p1a: get over here
|
|upkeep
|
|t:|1776121830
|switch|p1a: tree trunks|Iron Treads|36/100
|-damage|p1a: tree trunks|11/100|[from] Spikes
|turn|28
|
|t:|1776121841
|move|p1a: tree trunks|Earthquake|p2a: Skeledirge
|-supereffective|p2a: Skeledirge
|-damage|p2a: Skeledirge|0 fnt
|faint|p2a: Skeledirge
|
|upkeep
|
|t:|1776121849
|switch|p2a: Weavile|Weavile, M, shiny|100/100
|-ability|p2a: Weavile|Pressure
|turn|29
|
|t:|1776121877
|move|p2a: Weavile|Ice Shard|p1a: tree trunks
|-damage|p1a: tree trunks|0 fnt
|faint|p1a: tree trunks
|-end|p1a: tree trunks|Quark Drive|[silent]
|
|upkeep
|
|t:|1776121919
|switch|p1a: moon|Meowscarada, F, shiny|35/100
|-damage|p1a: moon|10/100|[from] Spikes
|turn|30
|
|t:|1776121928
|move|p2a: Weavile|Ice Shard|p1a: moon
|-supereffective|p1a: moon
|-damage|p1a: moon|0 fnt
|faint|p1a: moon
|
|upkeep
|
|t:|1776121931
|switch|p1a: R2P2|Porygon2, shiny|100/100
|-damage|p1a: R2P2|76/100|[from] Spikes
|-ability|p1a: R2P2|Pressure|Trace|[from] ability: Trace|[of] p2a: Weavile
|-ability|p1a: R2P2|Pressure
|turn|31
|
|t:|1776121940
|move|p2a: Weavile|Swords Dance|p2a: Weavile
|-boost|p2a: Weavile|atk|2
|move|p1a: R2P2|Tri Attack|p2a: Weavile
|-damage|p2a: Weavile|50/100
|
|upkeep
|turn|32
|
|t:|1776121952
|move|p2a: Weavile|Knock Off|p1a: R2P2
|-damage|p1a: R2P2|14/100
|-enditem|p1a: R2P2|Eviolite|[from] move: Knock Off|[of] p2a: Weavile
|move|p1a: R2P2|Tri Attack|p2a: Weavile
|-damage|p2a: Weavile|0 fnt
|faint|p2a: Weavile
|
|upkeep
|
|t:|1776121968
|switch|p2a: Porygon-Z|Porygon-Z, shiny|100/100
|-damage|p2a: Porygon-Z|88/100|[from] Stealth Rock
|-damage|p2a: Porygon-Z|64/100|[from] Spikes
|turn|33
|
|t:|1776121976
|move|p2a: Porygon-Z|Tri Attack|p1a: R2P2
|-damage|p1a: R2P2|0 fnt
|faint|p1a: R2P2
|
|upkeep
|
|t:|1776121979
|switch|p1a: pb|Iron Valiant|100/100
|-damage|p1a: pb|76/100|[from] Spikes
|turn|34
|
|t:|1776122003
|switch|p2a: Dondozo|Dondozo, M, shiny, tera:Dragon|43/100 slp
|-terastallize|p1a: pb|Fighting
|move|p1a: pb|Close Combat|p2a: Dondozo
|-damage|p2a: Dondozo|0 fnt
|-unboost|p1a: pb|def|1
|-unboost|p1a: pb|spd|1
|faint|p2a: Dondozo
|
|upkeep
|
|t:|1776122018
|switch|p2a: Gliscor|Gliscor, M, shiny|73/100
|-damage|p2a: Gliscor|61/100|[from] Stealth Rock
|turn|35
|
|t:|1776122023
|move|p1a: pb|Close Combat|p2a: Gliscor
|-resisted|p2a: Gliscor
|-damage|p2a: Gliscor|10/100
|-unboost|p1a: pb|def|1
|-unboost|p1a: pb|spd|1
|move|p2a: Gliscor|Knock Off|p1a: pb
|-resisted|p1a: pb
|-damage|p1a: pb|47/100
|-enditem|p1a: pb|Choice Band|[from] move: Knock Off|[of] p2a: Gliscor
|
|upkeep
|turn|36
|
|t:|1776122034
|move|p1a: pb|Close Combat|p2a: Gliscor
|-resisted|p2a: Gliscor
|-damage|p2a: Gliscor|0 fnt
|-unboost|p1a: pb|def|1
|-unboost|p1a: pb|spd|1
|faint|p2a: Gliscor
|
|upkeep
|
|t:|1776122041
|switch|p2a: Porygon-Z|Porygon-Z, shiny|64/100
|-damage|p2a: Porygon-Z|51/100|[from] Stealth Rock
|-damage|p2a: Porygon-Z|27/100|[from] Spikes
|turn|37
|
|t:|1776122048
|move|p1a: pb|Close Combat|p2a: Porygon-Z
|-supereffective|p2a: Porygon-Z
|-damage|p2a: Porygon-Z|0 fnt
|-unboost|p1a: pb|def|1
|-unboost|p1a: pb|spd|1
|faint|p2a: Porygon-Z
|
|win|council of noob
|l|☆ICOGB
|player|p2|
|l|☆council of noob
|player|p1|
