|html|<div class="broadcast-blue"><strong>[Gen 9] OU is currently suspecting Tera Blast! For information on how to participate check out the <a href="https://www.smogon.com/tools/suspects/view/200">suspect thread</a>.</strong></div>
|j|☆marsmonster
|j|☆Zuifeng
|t:|1776061035
|gametype|singles
|player|p1|marsmonster|skyla|1571
|player|p2|Zuifeng|li|1669
|gen|9
|tier|[Gen 9] OU
|rated|
|rule|HP Percentage Mod: HP is shown in percentages
|rule|Endless Battle Clause: Forcing endless battles is banned
|rule|Species Clause: Limit one of each Pokémon
|rule|OHKO Clause: OHKO moves are banned
|rule|Evasion Items Clause: Evasion items are banned
|rule|Evasion Moves Clause: Evasion moves are banned
|rule|Evasion Abilities Clause: Evasion abilities are banned
|rule|Sleep Moves Clause: Sleep-inducing moves are banned
|clearpoke
|poke|p1|Rillaboom, M|
|poke|p1|Serperior, F|
|poke|p1|Heatran, M|
|poke|p1|Gholdengo|
|poke|p1|Zamazenta-*|
|poke|p1|Great Tusk|
|poke|p2|Gholdengo|
|poke|p2|Tornadus-Therian, M|
|poke|p2|Hatterene, F|
|poke|p2|Samurott-Hisui, F|
|poke|p2|Dragapult, F|
|poke|p2|Great Tusk|
|teampreview
|inactive|Battle timer is ON: inactive players will automatically lose when time's up. (requested by Zuifeng)
|
|t:|1776061049
|teamsize|p1|6
|teamsize|p2|6
|start
|switch|p1a: Heatran|Heatran, M|100/100
|switch|p2a: Dragapult|Dragapult, F|100/100
|-item|p1a: Heatran|Air Balloon
|turn|1
|inactive|marsmonster has 120 seconds left.
|
|t:|1776061095
|move|p2a: Dragapult|U-turn|p1a: Heatran
|-resisted|p1a: Heatran
|-damage|p1a: Heatran|93/100
|-enditem|p1a: Heatran|Air Balloon
|
|t:|1776061110
|switch|p2a: Samurott|Samurott-Hisui, F|100/100|[from] U-turn
|move|p1a: Heatran|Stealth Rock|p2a: Samurott
|-sidestart|p2: Zuifeng|move: Stealth Rock
|
|upkeep
|turn|2
|inactive|marsmonster has 120 seconds left.
|
|t:|1776061123
|switch|p1a: Great Tusk|Great Tusk|100/100
|-enditem|p1a: Great Tusk|Booster Energy
|-activate|p1a: Great Tusk|ability: Protosynthesis|[fromitem]
|-start|p1a: Great Tusk|protosynthesisspe
|move|p2a: Samurott|Ceaseless Edge|p1a: Great Tusk
|-resisted|p1a: Great Tusk
|-damage|p1a: Great Tusk|83/100
|-sidestart|p1: marsmonster|Spikes
|
|upkeep
|turn|3
|
|t:|1776061133
|move|p1a: Great Tusk|Rapid Spin|p2a: Samurott
|-damage|p2a: Samurott|82/100
|-boost|p1a: Great Tusk|spe|1
|-sideend|p1: marsmonster|Spikes|[from] move: Rapid Spin|[of] p1a: Great Tusk
|move|p2a: Samurott|Razor Shell|p1a: Great Tusk
|-supereffective|p1a: Great Tusk
|-crit|p1a: Great Tusk
|-damage|p1a: Great Tusk|0 fnt
|faint|p1a: Great Tusk
|-end|p1a: Great Tusk|Protosynthesis|[silent]
|
|upkeep
|inactive|marsmonster has 120 seconds left.
|
|t:|1776061163
|switch|p1a: Rillaboom|Rillaboom, M|100/100
|-fieldstart|move: Grassy Terrain|[from] ability: Grassy Surge|[of] p1a: Rillaboom
|turn|4
|
|t:|1776061182
|switch|p2a: Gholdengo|Gholdengo|100/100
|-damage|p2a: Gholdengo|94/100|[from] Stealth Rock
|move|p1a: Rillaboom|Swords Dance|p1a: Rillaboom
|-boost|p1a: Rillaboom|atk|2
|
|-heal|p2a: Gholdengo|100/100|[from] Grassy Terrain
|upkeep
|turn|5
|inactive|marsmonster has 120 seconds left.
|
|t:|1776061194
|move|p2a: Gholdengo|Make It Rain|p1a: Rillaboom
|-crit|p1a: Rillaboom
|-damage|p1a: Rillaboom|0 fnt
|-unboost|p2a: Gholdengo|spa|1
|faint|p1a: Rillaboom
|
|upkeep
|c|☆marsmonster|bruh!
|
|t:|1776061205
|switch|p1a: Serperior|Serperior, F|100/100
|turn|6
|
|t:|1776061212
|switch|p2a: Tornadus|Tornadus-Therian, M|100/100
|-damage|p2a: Tornadus|76/100|[from] Stealth Rock
|-terastallize|p1a: Serperior|Grass
|move|p1a: Serperior|Leaf Storm|p2a: Tornadus
|-resisted|p2a: Tornadus
|-damage|p2a: Tornadus|44/100
|-boost|p1a: Serperior|spa|2
|
|upkeep
|turn|7
|inactive|Zuifeng has 120 seconds left.
|inactive|Zuifeng has 90 seconds left.
|
|t:|1776061301
|move|p1a: Serperior|Leaf Storm|p2a: Tornadus|[miss]
|-miss|p1a: Serperior|p2a: Tornadus
|move|p2a: Tornadus|U-turn|p1a: Serperior
|-supereffective|p1a: Serperior
|-damage|p1a: Serperior|66/100
|
|t:|1776061305
|switch|p2a: Samurott|Samurott-Hisui, F|82/100|[from] U-turn
|-damage|p2a: Samurott|69/100|[from] Stealth Rock
|
|-heal|p1a: Serperior|72/100|[from] Grassy Terrain
|-heal|p2a: Samurott|76/100|[from] Grassy Terrain
|upkeep
|turn|8
|c|☆marsmonster|im so done
|
|t:|1776061320
|-terastallize|p2a: Samurott|Dark
|move|p2a: Samurott|Sucker Punch|p1a: Serperior
|-damage|p1a: Serperior|4/100
|move|p1a: Serperior|Leaf Storm|p2a: Samurott
|-damage|p2a: Samurott|0 fnt
|-boost|p1a: Serperior|spa|2
|faint|p2a: Samurott
|
|-heal|p1a: Serperior|10/100|[from] Grassy Terrain
|-fieldend|move: Grassy Terrain
|upkeep
|
|t:|1776061325
|switch|p2a: Gholdengo|Gholdengo|100/100
|-damage|p2a: Gholdengo|94/100|[from] Stealth Rock
|turn|9
|
|t:|1776061327
|move|p1a: Serperior|Leaf Storm|p2a: Gholdengo
|-resisted|p2a: Gholdengo
|-damage|p2a: Gholdengo|0 fnt
|-boost|p1a: Serperior|spa|2
|faint|p2a: Gholdengo
|
|upkeep
|-message|Zuifeng forfeited.
|
|win|marsmonster
|raw|marsmonster's rating: 1571 &rarr; <strong>1596</strong><br />(+25 for winning)
|raw|Zuifeng's rating: 1669 &rarr; <strong>1644</strong><br />(-25 for losing)
|l|☆Zuifeng
|player|p2|
|c|☆marsmonster|lol
|l|☆marsmonster
|player|p1|
