|html|<div class="broadcast-blue"><strong>[Gen 9] OU is currently suspecting Tera Blast! For information on how to participate check out the <a href="https://www.smogon.com/tools/suspects/view/200">suspect thread</a>.</strong></div>
|j|☆thesauce208
|j|☆Hakkimaru
|t:|1776102698
|gametype|singles
|player|p1|thesauce208|drayden|1334
|player|p2|Hakkimaru|youngster-gen4dp|1269
|gen|9
|tier|[Gen 9] OU
|rated|
|rule|HP Percentage Mod: HP is shown in percentages
|rule|Endless Battle Clause: Forcing endless battles is banned
|rule|Species Clause: Limit one of each Pokémon
|rule|OHKO Clause: OHKO moves are banned
|rule|Evasion Items Clause: Evasion items are banned
|rule|Evasion Moves Clause: Evasion moves are banned
|rule|Evasion Abilities Clause: Evasion abilities are banned
|rule|Sleep Moves Clause: Sleep-inducing moves are banned
|clearpoke
|poke|p1|Kyurem|
|poke|p1|Great Tusk|
|poke|p1|Raging Bolt|
|poke|p1|Iron Valiant|
|poke|p1|Gholdengo|
|poke|p1|Deoxys-Speed|
|poke|p2|Zoroark-Hisui, F|
|poke|p2|Gliscor, M|
|poke|p2|Klefki, M|
|poke|p2|Toxtricity, M|
|poke|p2|Cinderace, F|
|poke|p2|Regidrago|
|teampreview
|inactive|Battle timer is ON: inactive players will automatically lose when time's up. (requested by Hakkimaru)
|j| ohko_smeargle
|
|t:|1776102707
|teamsize|p1|6
|teamsize|p2|6
|start
|switch|p1a: Deoxys|Deoxys-Speed|100/100
|switch|p2a: Klefki|Klefki, M|100/100
|-ability|p1a: Deoxys|Pressure
|turn|1
|
|t:|1776102711
|move|p2a: Klefki|Thunder Wave|p1a: Deoxys
|-status|p1a: Deoxys|par
|cant|p1a: Deoxys|par
|
|upkeep
|turn|2
|
|t:|1776102719
|move|p2a: Klefki|Reflect|p2a: Klefki
|-sidestart|p2: Hakkimaru|Reflect
|move|p1a: Deoxys|Stealth Rock|p2a: Klefki
|-sidestart|p2: Hakkimaru|move: Stealth Rock
|
|upkeep
|turn|3
|
|t:|1776102723
|move|p2a: Klefki|Light Screen|p2a: Klefki
|-sidestart|p2: Hakkimaru|move: Light Screen
|move|p1a: Deoxys|Taunt|p2a: Klefki
|-start|p2a: Klefki|move: Taunt
|
|upkeep
|turn|4
|
|t:|1776102727
|move|p1a: Deoxys|Psycho Boost|p2a: Klefki
|-resisted|p2a: Klefki
|-damage|p2a: Klefki|86/100
|-unboost|p1a: Deoxys|spa|2
|move|p2a: Klefki|Foul Play|p1a: Deoxys
|-supereffective|p1a: Deoxys
|-damage|p1a: Deoxys|52/100 par
|
|upkeep
|turn|5
|
|t:|1776102732
|cant|p1a: Deoxys|par
|move|p2a: Klefki|Foul Play|p1a: Deoxys
|-supereffective|p1a: Deoxys
|-damage|p1a: Deoxys|4/100 par
|
|upkeep
|turn|6
|
|t:|1776102738
|move|p1a: Deoxys|Psycho Boost|p2a: Klefki
|-resisted|p2a: Klefki
|-damage|p2a: Klefki|79/100
|-unboost|p1a: Deoxys|spa|2
|move|p2a: Klefki|Foul Play|p1a: Deoxys
|-supereffective|p1a: Deoxys
|-damage|p1a: Deoxys|0 fnt
|faint|p1a: Deoxys
|
|-end|p2a: Klefki|move: Taunt
|upkeep
|
|t:|1776102748
|switch|p1a: Great Tusk|Great Tusk|100/100
|-enditem|p1a: Great Tusk|Booster Energy
|-activate|p1a: Great Tusk|ability: Protosynthesis|[fromitem]
|-start|p1a: Great Tusk|protosynthesisspe
|turn|7
|
|t:|1776102759
|switch|p2a: Gliscor|Gliscor, M|100/100
|-damage|p2a: Gliscor|88/100|[from] Stealth Rock
|move|p1a: Great Tusk|Bulk Up|p1a: Great Tusk
|-boost|p1a: Great Tusk|atk|1
|-boost|p1a: Great Tusk|def|1
|
|-status|p2a: Gliscor|tox|[from] item: Toxic Orb
|upkeep
|turn|8
|
|t:|1776102764
|move|p1a: Great Tusk|Ice Spinner|p2a: Gliscor
|-supereffective|p2a: Gliscor
|-damage|p2a: Gliscor|36/100 tox
|move|p2a: Gliscor|Toxic|p1a: Great Tusk
|-status|p1a: Great Tusk|tox
|
|-damage|p1a: Great Tusk|94/100 tox|[from] psn
|-heal|p2a: Gliscor|48/100 tox|[from] ability: Poison Heal
|upkeep
|turn|9
|
|t:|1776102767
|move|p2a: Gliscor|Protect|p2a: Gliscor
|-singleturn|p2a: Gliscor|Protect
|move|p1a: Great Tusk|Ice Spinner|p2a: Gliscor
|-activate|p2a: Gliscor|move: Protect
|
|-damage|p1a: Great Tusk|82/100 tox|[from] psn
|-heal|p2a: Gliscor|60/100 tox|[from] ability: Poison Heal
|-sideend|p2: Hakkimaru|Reflect
|upkeep
|turn|10
|
|t:|1776102774
|switch|p2a: Klefki|Klefki, M|79/100
|-damage|p2a: Klefki|73/100|[from] Stealth Rock
|move|p1a: Great Tusk|Ice Spinner|p2a: Klefki
|-resisted|p2a: Klefki
|-damage|p2a: Klefki|57/100
|
|-damage|p1a: Great Tusk|63/100 tox|[from] psn
|-sideend|p2: Hakkimaru|move: Light Screen
|upkeep
|turn|11
|
|t:|1776102785
|switch|p2a: Gliscor|Gliscor, M|60/100 tox
|-damage|p2a: Gliscor|48/100 tox|[from] Stealth Rock
|move|p1a: Great Tusk|Headlong Rush|p2a: Gliscor
|-immune|p2a: Gliscor
|
|-damage|p1a: Great Tusk|38/100 tox|[from] psn
|-heal|p2a: Gliscor|60/100 tox|[from] ability: Poison Heal
|upkeep
|turn|12
|
|t:|1776102792
|switch|p2a: Cinderace|Cinderace, F|100/100
|move|p1a: Great Tusk|Bulk Up|p1a: Great Tusk
|-boost|p1a: Great Tusk|atk|1
|-boost|p1a: Great Tusk|def|1
|
|-damage|p1a: Great Tusk|7/100 tox|[from] psn
|upkeep
|turn|13
|
|t:|1776102796
|move|p1a: Great Tusk|Headlong Rush|p2a: Cinderace
|-supereffective|p2a: Cinderace
|-damage|p2a: Cinderace|0 fnt
|-unboost|p1a: Great Tusk|def|1
|-unboost|p1a: Great Tusk|spd|1
|faint|p2a: Cinderace
|
|-damage|p1a: Great Tusk|0 fnt|[from] psn
|faint|p1a: Great Tusk
|-end|p1a: Great Tusk|Protosynthesis|[silent]
|upkeep
|
|t:|1776102807
|switch|p2a: Regidrago|Regidrago|100/100
|switch|p1a: Kyurem|Kyurem, shiny|100/100
|-damage|p2a: Regidrago|88/100|[from] Stealth Rock
|-ability|p1a: Kyurem|Pressure
|turn|14
|
|t:|1776102821
|-terastallize|p1a: Kyurem|Ground
|move|p2a: Regidrago|Flamethrower|p1a: Kyurem
|-damage|p1a: Kyurem|60/100
|move|p1a: Kyurem|Dragon Dance|p1a: Kyurem
|-boost|p1a: Kyurem|atk|1
|-boost|p1a: Kyurem|spe|1
|
|upkeep
|turn|15
|
|t:|1776102832
|move|p1a: Kyurem|Dragon Dance|p1a: Kyurem
|-boost|p1a: Kyurem|atk|1
|-boost|p1a: Kyurem|spe|1
|move|p2a: Regidrago|Flamethrower|p1a: Kyurem
|-damage|p1a: Kyurem|16/100
|
|upkeep
|turn|16
|
|t:|1776102834
|move|p1a: Kyurem|Scale Shot|p2a: Regidrago
|-damage|p2a: Regidrago|34/100
|replace|p2a: Zoroark|Zoroark-Hisui, F
|-end|p2a: Zoroark|Illusion
|-damage|p2a: Zoroark|0 fnt
|faint|p2a: Zoroark
|-hitcount|p2: Zoroark|2
|-unboost|p1a: Kyurem|def|1
|-boost|p1a: Kyurem|spe|1
|
|upkeep
|
|t:|1776102845
|switch|p2a: Klefki|Klefki, M|57/100
|-damage|p2a: Klefki|51/100|[from] Stealth Rock
|turn|17
|
|t:|1776102850
|move|p2a: Klefki|Reflect|p2a: Klefki
|-sidestart|p2: Hakkimaru|Reflect
|move|p1a: Kyurem|Tera Blast|p2a: Klefki|[anim] Tera Blast Ground
|-supereffective|p2a: Klefki
|-damage|p2a: Klefki|0 fnt
|faint|p2a: Klefki
|
|upkeep
|
|t:|1776102862
|switch|p2a: Gliscor|Gliscor, M|60/100 tox
|-damage|p2a: Gliscor|48/100 tox|[from] Stealth Rock
|turn|18
|
|t:|1776102866
|move|p2a: Gliscor|Protect|p2a: Gliscor
|-singleturn|p2a: Gliscor|Protect
|move|p1a: Kyurem|Icicle Spear|p2a: Gliscor
|-activate|p2a: Gliscor|move: Protect
|
|-heal|p2a: Gliscor|60/100 tox|[from] ability: Poison Heal
|upkeep
|turn|19
|
|t:|1776102877
|move|p1a: Kyurem|Icicle Spear|p2a: Gliscor
|-supereffective|p2a: Gliscor
|-damage|p2a: Gliscor|21/100 tox
|-supereffective|p2a: Gliscor
|-damage|p2a: Gliscor|0 fnt
|faint|p2a: Gliscor
|-hitcount|p2: Gliscor|2
|
|upkeep
|
|t:|1776102879
|switch|p2a: Toxtricity|Toxtricity, M|100/100
|-damage|p2a: Toxtricity|88/100|[from] Stealth Rock
|turn|20
|
|t:|1776102888
|move|p1a: Kyurem|Tera Blast|p2a: Toxtricity|[anim] Tera Blast Ground
|-supereffective|p2a: Toxtricity
|-damage|p2a: Toxtricity|0 fnt
|faint|p2a: Toxtricity
|
|upkeep
|
|t:|1776102895
|switch|p2a: Regidrago|Regidrago|100/100
|-damage|p2a: Regidrago|88/100|[from] Stealth Rock
|turn|21
|
|t:|1776102898
|move|p1a: Kyurem|Scale Shot|p2a: Regidrago|[miss]
|-miss|p1a: Kyurem|p2a: Regidrago
|move|p2a: Regidrago|Dragon Energy|p1a: Kyurem
|-damage|p1a: Kyurem|0 fnt
|faint|p1a: Kyurem
|
|upkeep
|
|t:|1776102901
|switch|p1a: Gholdengo|Gholdengo|100/100
|turn|22
|
|t:|1776102904
|move|p2a: Regidrago|Dragon Energy|p1a: Gholdengo
|-resisted|p1a: Gholdengo
|-damage|p1a: Gholdengo|44/100
|move|p1a: Gholdengo|Make It Rain|p2a: Regidrago
|-damage|p2a: Regidrago|0 fnt
|-unboost|p1a: Gholdengo|spa|1
|faint|p2a: Regidrago
|
|win|thesauce208
|raw|thesauce208's rating: 1334 &rarr; <strong>1350</strong><br />(+16 for winning)
|raw|Hakkimaru's rating: 1269 &rarr; <strong>1249</strong><br />(-20 for losing)
|l| ohko_smeargle
|l|☆Hakkimaru
|player|p2|
|l|☆thesauce208
|player|p1|
