|html|<div class="broadcast-blue"><strong>[Gen 9] OU is currently suspecting Tera Blast! For information on how to participate check out the <a href="https://www.smogon.com/tools/suspects/view/200">suspect thread</a>.</strong></div>
|j|☆Blastoise_Choice
|j|☆1200s chud
|t:|1776128161
|gametype|singles
|player|p1|Blastoise_Choice|101|1548
|player|p2|1200s chud|drayton|1533
|gen|9
|tier|[Gen 9] OU
|rated|
|rule|HP Percentage Mod: HP is shown in percentages
|rule|Endless Battle Clause: Forcing endless battles is banned
|rule|Species Clause: Limit one of each Pokémon
|rule|OHKO Clause: OHKO moves are banned
|rule|Evasion Items Clause: Evasion items are banned
|rule|Evasion Moves Clause: Evasion moves are banned
|rule|Evasion Abilities Clause: Evasion abilities are banned
|rule|Sleep Moves Clause: Sleep-inducing moves are banned
|clearpoke
|poke|p1|Hydrapple, M|
|poke|p1|Tyranitar, F|
|poke|p1|Moltres|
|poke|p1|Zamazenta-*|
|poke|p1|Slowking-Galar, M|
|poke|p1|Excadrill, F|
|poke|p2|Araquanid, F|
|poke|p2|Landorus-Therian, M|
|poke|p2|Hatterene, F|
|poke|p2|Ceruledge, F|
|poke|p2|Kingambit, M|
|poke|p2|Gholdengo|
|teampreview
|inactive|Battle timer is ON: inactive players will automatically lose when time's up. (requested by 1200s chud)
|j| ohko_smeargle
|c|☆Blastoise_Choice|hf
|inactive|Blastoise_Choice also wants the timer to be on.
|inactive|1200s chud has 120 seconds left.
|
|t:|1776128213
|teamsize|p1|6
|teamsize|p2|6
|start
|switch|p1a: Tyranitar|Tyranitar, F|100/100
|switch|p2a: Landorus|Landorus-Therian, M|100/100
|-ability|p2a: Landorus|Intimidate|boost
|-unboost|p1a: Tyranitar|atk|1
|-weather|Sandstorm|[from] ability: Sand Stream|[of] p1a: Tyranitar
|turn|1
|
|t:|1776128219
|move|p2a: Landorus|U-turn|p1a: Tyranitar
|-supereffective|p1a: Tyranitar
|-damage|p1a: Tyranitar|66/100
|
|t:|1776128223
|switch|p2a: Hatterene|Hatterene, F|100/100|[from] U-turn
|move|p1a: Tyranitar|Knock Off|p2a: Hatterene
|-damage|p2a: Hatterene|70/100
|-enditem|p2a: Hatterene|Assault Vest|[from] move: Knock Off|[of] p1a: Tyranitar
|
|-weather|Sandstorm|[upkeep]
|-damage|p2a: Hatterene|64/100|[from] Sandstorm
|upkeep
|turn|2
|
|t:|1776128231
|switch|p1a: Slowking|Slowking-Galar, M|100/100
|move|p2a: Hatterene|Nuzzle|p1a: Slowking
|-damage|p1a: Slowking|97/100
|-status|p1a: Slowking|par
|
|-weather|Sandstorm|[upkeep]
|-damage|p2a: Hatterene|58/100|[from] Sandstorm
|-damage|p1a: Slowking|91/100 par|[from] Sandstorm
|upkeep
|turn|3
|
|t:|1776128238
|switch|p2a: Landorus|Landorus-Therian, M|100/100
|-ability|p2a: Landorus|Intimidate|boost
|-unboost|p1a: Slowking|atk|1
|move|p1a: Slowking|Sludge Bomb|p2a: Landorus
|-resisted|p2a: Landorus
|-damage|p2a: Landorus|81/100
|
|-weather|Sandstorm|[upkeep]
|-damage|p1a: Slowking|85/100 par|[from] Sandstorm
|upkeep
|turn|4
|
|t:|1776128246
|move|p2a: Landorus|Stealth Rock|p1a: Slowking
|-sidestart|p1: Blastoise_Choice|move: Stealth Rock
|move|p1a: Slowking|Psyshock|p2a: Landorus
|-damage|p2a: Landorus|53/100
|
|-weather|Sandstorm|[upkeep]
|-damage|p1a: Slowking|79/100 par|[from] Sandstorm
|upkeep
|turn|5
|
|t:|1776128252
|switch|p1a: Moltres|Moltres|100/100
|move|p2a: Landorus|Earthquake|p1a: Moltres
|-immune|p1a: Moltres
|
|-weather|Sandstorm|[upkeep]
|-damage|p1a: Moltres|94/100|[from] Sandstorm
|upkeep
|turn|6
|
|t:|1776128257
|switch|p2a: Araquanid|Araquanid, F|100/100
|move|p1a: Moltres|U-turn|p2a: Araquanid
|-damage|p2a: Araquanid|85/100
|
|t:|1776128264
|switch|p1a: Hydrapple|Hydrapple, M|100/100|[from] U-turn
|
|-weather|Sandstorm|[upkeep]
|-damage|p1a: Hydrapple|94/100|[from] Sandstorm
|-damage|p2a: Araquanid|79/100|[from] Sandstorm
|upkeep
|turn|7
|
|t:|1776128272
|move|p1a: Hydrapple|Nasty Plot|p1a: Hydrapple
|-boost|p1a: Hydrapple|spa|2
|move|p2a: Araquanid|Leech Life|p1a: Hydrapple
|-supereffective|p1a: Hydrapple
|-damage|p1a: Hydrapple|40/100
|-heal|p2a: Araquanid|100/100|[from] drain|[of] p1a: Hydrapple
|
|-weather|Sandstorm|[upkeep]
|-damage|p1a: Hydrapple|33/100|[from] Sandstorm
|-damage|p2a: Araquanid|94/100|[from] Sandstorm
|upkeep
|turn|8
|
|t:|1776128279
|-terastallize|p1a: Hydrapple|Poison
|move|p1a: Hydrapple|Giga Drain|p2a: Araquanid
|-damage|p2a: Araquanid|37/100
|-heal|p1a: Hydrapple|57/100|[from] drain|[of] p2a: Araquanid
|move|p2a: Araquanid|Leech Life|p1a: Hydrapple
|-resisted|p1a: Hydrapple
|-damage|p1a: Hydrapple|43/100
|-heal|p2a: Araquanid|46/100|[from] drain|[of] p1a: Hydrapple
|
|-weather|none
|upkeep
|turn|9
|
|t:|1776128292
|switch|p2a: Gholdengo|Gholdengo|100/100
|move|p1a: Hydrapple|Giga Drain|p2a: Gholdengo
|-resisted|p2a: Gholdengo
|-damage|p2a: Gholdengo|62/100
|-heal|p1a: Hydrapple|59/100|[from] drain|[of] p2a: Gholdengo
|
|upkeep
|turn|10
|
|t:|1776128301
|switch|p1a: Moltres|Moltres|94/100
|move|p2a: Gholdengo|Make It Rain|p1a: Moltres
|-resisted|p1a: Moltres
|-damage|p1a: Moltres|50/100
|-unboost|p2a: Gholdengo|spa|1
|
|upkeep
|turn|11
|
|t:|1776128318
|switch|p2a: Landorus|Landorus-Therian, M|53/100
|-ability|p2a: Landorus|Intimidate|boost
|-unboost|p1a: Moltres|atk|1
|move|p1a: Moltres|Roost|p1a: Moltres
|-heal|p1a: Moltres|99/100
|-singleturn|p1a: Moltres|move: Roost
|
|upkeep
|turn|12
|
|t:|1776128324
|move|p2a: Landorus|U-turn|p1a: Moltres
|-resisted|p1a: Moltres
|-damage|p1a: Moltres|96/100
|
|t:|1776128327
|switch|p2a: Hatterene|Hatterene, F|58/100|[from] U-turn
|move|p1a: Moltres|U-turn|p2a: Hatterene
|-damage|p2a: Hatterene|48/100
|
|t:|1776128334
|switch|p1a: Hydrapple|Hydrapple, M, tera:Poison|93/100|[from] U-turn
|
|upkeep
|turn|13
|
|t:|1776128342
|move|p1a: Hydrapple|Giga Drain|p2a: Hatterene
|-damage|p2a: Hatterene|18/100
|-heal|p1a: Hydrapple|100/100|[from] drain|[of] p2a: Hatterene
|move|p2a: Hatterene|Nuzzle|p1a: Hydrapple
|-damage|p1a: Hydrapple|98/100
|-status|p1a: Hydrapple|par
|
|upkeep
|turn|14
|
|t:|1776128350
|switch|p2a: Landorus|Landorus-Therian, M|53/100
|-ability|p2a: Landorus|Intimidate|boost
|-unboost|p1a: Hydrapple|atk|1
|switch|p1a: Tyranitar|Tyranitar, F|66/100
|-damage|p1a: Tyranitar|54/100|[from] Stealth Rock
|-weather|Sandstorm|[from] ability: Sand Stream|[of] p1a: Tyranitar
|
|-weather|Sandstorm|[upkeep]
|upkeep
|turn|15
|
|t:|1776128353
|move|p2a: Landorus|U-turn|p1a: Tyranitar
|-supereffective|p1a: Tyranitar
|-damage|p1a: Tyranitar|20/100
|
|t:|1776128357
|switch|p2a: Hatterene|Hatterene, F|18/100|[from] U-turn
|move|p1a: Tyranitar|Stealth Rock|p2a: Hatterene
|move|p2a: Hatterene|Stealth Rock||[from] ability: Magic Bounce|[still]
|-fail|p2a: Hatterene
|
|-weather|Sandstorm|[upkeep]
|-damage|p2a: Hatterene|12/100|[from] Sandstorm
|upkeep
|turn|16
|
|t:|1776128364
|move|p1a: Tyranitar|Knock Off|p2a: Hatterene
|-damage|p2a: Hatterene|0 fnt
|faint|p2a: Hatterene
|
|-weather|Sandstorm|[upkeep]
|upkeep
|
|t:|1776128366
|switch|p2a: Landorus|Landorus-Therian, M|53/100
|-ability|p2a: Landorus|Intimidate|boost
|-unboost|p1a: Tyranitar|atk|1
|turn|17
|
|t:|1776128369
|switch|p1a: Moltres|Moltres|96/100
|move|p2a: Landorus|U-turn|p1a: Moltres
|-resisted|p1a: Moltres
|-damage|p1a: Moltres|93/100
|-status|p2a: Landorus|brn|[from] ability: Flame Body|[of] p1a: Moltres
|
|t:|1776128375
|switch|p2a: Araquanid|Araquanid, F|46/100|[from] U-turn
|
|-weather|Sandstorm|[upkeep]
|-damage|p1a: Moltres|87/100|[from] Sandstorm
|-damage|p2a: Araquanid|40/100|[from] Sandstorm
|upkeep
|turn|18
|
|t:|1776128382
|move|p1a: Moltres|U-turn|p2a: Araquanid
|-damage|p2a: Araquanid|23/100
|
|t:|1776128388
|switch|p1a: Tyranitar|Tyranitar, F|20/100|[from] U-turn
|-damage|p1a: Tyranitar|7/100|[from] Stealth Rock
|move|p2a: Araquanid|Liquidation|p1a: Tyranitar
|-supereffective|p1a: Tyranitar
|-damage|p1a: Tyranitar|0 fnt
|faint|p1a: Tyranitar
|
|-weather|Sandstorm|[upkeep]
|-damage|p2a: Araquanid|17/100|[from] Sandstorm
|upkeep
|
|t:|1776128394
|switch|p1a: Excadrill|Excadrill, F|100/100
|-damage|p1a: Excadrill|97/100|[from] Stealth Rock
|-item|p1a: Excadrill|Air Balloon
|turn|19
|
|t:|1776128401
|switch|p2a: Landorus|Landorus-Therian, M|53/100 brn
|-ability|p2a: Landorus|Intimidate|boost
|-unboost|p1a: Excadrill|atk|1
|move|p1a: Excadrill|Swords Dance|p1a: Excadrill
|-boost|p1a: Excadrill|atk|2
|
|-weather|Sandstorm|[upkeep]
|-damage|p2a: Landorus|47/100 brn|[from] brn
|upkeep
|turn|20
|
|t:|1776128407
|move|p1a: Excadrill|Rapid Spin|p2a: Landorus
|-damage|p2a: Landorus|20/100 brn
|-boost|p1a: Excadrill|spe|1
|-damage|p1a: Excadrill|81/100|[from] item: Rocky Helmet|[of] p2a: Landorus
|-sideend|p1: Blastoise_Choice|Stealth Rock|[from] move: Rapid Spin|[of] p1a: Excadrill
|move|p2a: Landorus|U-turn|p1a: Excadrill
|-resisted|p1a: Excadrill
|-damage|p1a: Excadrill|73/100
|-enditem|p1a: Excadrill|Air Balloon
|
|t:|1776128431
|switch|p2a: Ceruledge|Ceruledge, F|100/100|[from] U-turn
|
|-weather|Sandstorm|[upkeep]
|-damage|p2a: Ceruledge|94/100|[from] Sandstorm
|upkeep
|turn|21
|
|t:|1776128442
|-terastallize|p2a: Ceruledge|Bug
|move|p1a: Excadrill|Iron Head|p2a: Ceruledge
|-damage|p2a: Ceruledge|20/100
|move|p2a: Ceruledge|Bitter Blade|p1a: Excadrill
|-supereffective|p1a: Excadrill
|-damage|p1a: Excadrill|0 fnt
|-heal|p2a: Ceruledge|57/100|[from] drain|[of] p1a: Excadrill
|faint|p1a: Excadrill
|
|-weather|none
|upkeep
|
|t:|1776128450
|switch|p1a: Zamazenta|Zamazenta|100/100
|-ability|p1a: Zamazenta|Dauntless Shield|boost
|-boost|p1a: Zamazenta|def|1
|turn|22
|
|t:|1776128456
|switch|p1a: Hydrapple|Hydrapple, M, tera:Poison|100/100 par
|move|p2a: Ceruledge|Bulk Up|p2a: Ceruledge
|-boost|p2a: Ceruledge|atk|1
|-boost|p2a: Ceruledge|def|1
|
|upkeep
|turn|23
|
|t:|1776128462
|switch|p1a: Zamazenta|Zamazenta|100/100
|move|p2a: Ceruledge|Bulk Up|p2a: Ceruledge
|-boost|p2a: Ceruledge|atk|1
|-boost|p2a: Ceruledge|def|1
|
|upkeep
|turn|24
|
|t:|1776128473
|switch|p1a: Moltres|Moltres|87/100
|move|p2a: Ceruledge|Taunt|p1a: Moltres
|-start|p1a: Moltres|move: Taunt
|
|upkeep
|turn|25
|
|t:|1776128478
|move|p2a: Ceruledge|Bulk Up|p2a: Ceruledge
|-boost|p2a: Ceruledge|atk|1
|-boost|p2a: Ceruledge|def|1
|move|p1a: Moltres|U-turn|p2a: Ceruledge
|-damage|p2a: Ceruledge|49/100
|
|t:|1776128483
|switch|p1a: Zamazenta|Zamazenta|100/100|[from] U-turn
|
|upkeep
|turn|26
|
|t:|1776128487
|switch|p1a: Moltres|Moltres|87/100
|move|p2a: Ceruledge|Bitter Blade|p1a: Moltres
|-resisted|p1a: Moltres
|-damage|p1a: Moltres|55/100
|-heal|p2a: Ceruledge|67/100|[from] drain|[of] p1a: Moltres
|
|upkeep
|turn|27
|
|t:|1776128491
|move|p2a: Ceruledge|Poltergeist|p1a: Moltres
|-activate|p1a: Moltres|move: Poltergeist|Heavy-Duty Boots
|-damage|p1a: Moltres|0 fnt
|faint|p1a: Moltres
|
|upkeep
|
|t:|1776128494
|switch|p1a: Zamazenta|Zamazenta|100/100
|turn|28
|
|t:|1776128498
|switch|p1a: Slowking|Slowking-Galar, M|100/100 par
|move|p2a: Ceruledge|Bitter Blade|p1a: Slowking
|-damage|p1a: Slowking|22/100 par
|-heal|p2a: Ceruledge|100/100|[from] drain|[of] p1a: Slowking
|
|upkeep
|turn|29
|
|t:|1776128501
|switch|p1a: Zamazenta|Zamazenta|100/100
|move|p2a: Ceruledge|Bitter Blade|p1a: Zamazenta
|-damage|p1a: Zamazenta|26/100
|
|-heal|p1a: Zamazenta|32/100|[from] item: Leftovers
|upkeep
|turn|30
|
|t:|1776128510
|switch|p1a: Hydrapple|Hydrapple, M, tera:Poison|100/100 par
|move|p2a: Ceruledge|Bitter Blade|p1a: Hydrapple
|-damage|p1a: Hydrapple|42/100 par
|
|upkeep
|turn|31
|
|t:|1776128514
|switch|p1a: Slowking|Slowking-Galar, M|56/100 par
|move|p2a: Ceruledge|Bitter Blade|p1a: Slowking
|-damage|p1a: Slowking|0 fnt
|faint|p1a: Slowking
|
|upkeep
|
|t:|1776128517
|switch|p1a: Zamazenta|Zamazenta|32/100
|turn|32
|
|t:|1776128520
|move|p1a: Zamazenta|Crunch|p2a: Ceruledge
|-damage|p2a: Ceruledge|91/100
|move|p2a: Ceruledge|Bitter Blade|p1a: Zamazenta
|-damage|p1a: Zamazenta|0 fnt
|-heal|p2a: Ceruledge|100/100|[from] drain|[of] p1a: Zamazenta
|faint|p1a: Zamazenta
|
|upkeep
|
|t:|1776128524
|switch|p1a: Hydrapple|Hydrapple, M, tera:Poison|76/100 par
|turn|33
|
|t:|1776128533
|move|p2a: Ceruledge|Bitter Blade|p1a: Hydrapple
|-damage|p1a: Hydrapple|16/100 par
|move|p1a: Hydrapple|Nasty Plot|p1a: Hydrapple
|-boost|p1a: Hydrapple|spa|2
|
|upkeep
|turn|34
|
|t:|1776128536
|move|p2a: Ceruledge|Bitter Blade|p1a: Hydrapple
|-damage|p1a: Hydrapple|0 fnt
|faint|p1a: Hydrapple
|
|win|1200s chud
|raw|Blastoise_Choice's rating: 1548 &rarr; <strong>1527</strong><br />(-21 for losing)
|raw|1200s chud's rating: 1533 &rarr; <strong>1554</strong><br />(+21 for winning)
|c|☆Blastoise_Choice|gg
