|html|<div class="broadcast-blue"><strong>[Gen 9] OU is currently suspecting Tera Blast! For information on how to participate check out the <a href="https://www.smogon.com/tools/suspects/view/200">suspect thread</a>.</strong></div>
|j|☆whichjuanz
|j|☆Lichdomm
|t:|1776286404
|gametype|singles
|player|p1|whichjuanz|hiker-gen4|1397
|player|p2|Lichdomm|n|1396
|gen|9
|tier|[Gen 9] OU
|rated|
|rule|HP Percentage Mod: HP is shown in percentages
|rule|Endless Battle Clause: Forcing endless battles is banned
|rule|Species Clause: Limit one of each Pokémon
|rule|OHKO Clause: OHKO moves are banned
|rule|Evasion Items Clause: Evasion items are banned
|rule|Evasion Moves Clause: Evasion moves are banned
|rule|Evasion Abilities Clause: Evasion abilities are banned
|rule|Sleep Moves Clause: Sleep-inducing moves are banned
|clearpoke
|poke|p1|Regigigas|
|poke|p1|Grimmsnarl, M|
|poke|p1|Blissey, F|
|poke|p1|Blaziken, M|
|poke|p1|Lilligant-Hisui, F|
|poke|p1|Pecharunt|
|poke|p2|Glimmora, F|
|poke|p2|Iron Moth|
|poke|p2|Hatterene, F|
|poke|p2|Dragonite, M|
|poke|p2|Iron Boulder|
|poke|p2|Kingambit, M|
|teampreview
|inactive|Battle timer is ON: inactive players will automatically lose when time's up. (requested by Lichdomm)
|inactive|whichjuanz also wants the timer to be on.
|c|☆Lichdomm|IT'S HIM
|
|t:|1776286434
|teamsize|p1|6
|teamsize|p2|6
|start
|switch|p1a: Pecharunt|Pecharunt|100/100
|switch|p2a: Squid Game|Glimmora, F|100/100
|turn|1
|c|☆Lichdomm|rereygegig gigigagagagagaggaga. gega gega hm hm, GAGAGAG
|c|☆Lichdomm|*computer activation noises* *reverse computer activation noise*
|inactive|Lichdomm has 120 seconds left.
|c|☆Lichdomm|GAY GAYGEGEGGEG GAY GAAAAAAAAAY yeeeeooooh NOOOOOooooo
|c|☆Lichdomm|*duck noise* *duck noise* *duck noise*
|c|☆Lichdomm|I LOVE REGI
|
|t:|1776286482
|move|p2a: Squid Game|Earth Power|p1a: Pecharunt
|-supereffective|p1a: Pecharunt
|-damage|p1a: Pecharunt|36/100
|-unboost|p1a: Pecharunt|spd|1
|move|p1a: Pecharunt|Parting Shot|p2a: Squid Game
|-unboost|p2a: Squid Game|atk|1
|-unboost|p2a: Squid Game|spa|1
|
|t:|1776286492
|switch|p1a: Regigigas|Regigigas|100/100|[from] Parting Shot
|-start|p1a: Regigigas|ability: Slow Start
|
|upkeep
|turn|2
|
|t:|1776286508
|switch|p2a: Human Resources|Hatterene, F|100/100
|move|p1a: Regigigas|Protect||[still]
|-fail|p1a: Regigigas
|
|upkeep
|turn|3
|
|t:|1776286512
|move|p1a: Regigigas|Protect|p1a: Regigigas
|-singleturn|p1a: Regigigas|Protect
|move|p2a: Human Resources|Nuzzle|p1a: Regigigas
|-activate|p1a: Regigigas|move: Protect
|
|upkeep
|turn|4
|
|t:|1776286521
|move|p1a: Regigigas|Protect||[still]
|-fail|p1a: Regigigas
|move|p2a: Human Resources|Nuzzle|p1a: Regigigas
|-damage|p1a: Regigigas|98/100
|-status|p1a: Regigigas|par
|
|upkeep
|turn|5
|
|t:|1776286527
|move|p1a: Regigigas|Protect|p1a: Regigigas
|-singleturn|p1a: Regigigas|Protect
|move|p2a: Human Resources|Calm Mind|p2a: Human Resources
|-boost|p2a: Human Resources|spa|1
|-boost|p2a: Human Resources|spd|1
|
|upkeep
|turn|6
|
|t:|1776286533
|move|p2a: Human Resources|Calm Mind|p2a: Human Resources
|-boost|p2a: Human Resources|spa|1
|-boost|p2a: Human Resources|spd|1
|move|p1a: Regigigas|Double-Edge|p2a: Human Resources
|-damage|p2a: Human Resources|68/100
|-damage|p1a: Regigigas|89/100 par|[from] Recoil
|
|-heal|p2a: Human Resources|74/100|[from] item: Leftovers
|-end|p1a: Regigigas|Slow Start
|upkeep
|turn|7
|
|t:|1776286538
|move|p1a: Regigigas|Double-Edge|p2a: Human Resources
|-crit|p2a: Human Resources
|-damage|p2a: Human Resources|0 fnt
|faint|p2a: Human Resources
|-damage|p1a: Regigigas|70/100 par|[from] Recoil
|
|upkeep
|
|t:|1776286544
|switch|p2a: Squid Game|Glimmora, F|100/100
|turn|8
|
|t:|1776286547
|move|p2a: Squid Game|Power Gem|p1a: Regigigas
|-damage|p1a: Regigigas|40/100 par
|move|p1a: Regigigas|Drain Punch|p2a: Squid Game
|-damage|p2a: Squid Game|57/100
|-heal|p1a: Regigigas|56/100 par|[from] drain|[of] p2a: Squid Game
|-activate|p2a: Squid Game|ability: Toxic Debris
|-sidestart|p1: whichjuanz|move: Toxic Spikes
|
|upkeep
|turn|9
|
|t:|1776286552
|move|p2a: Squid Game|Power Gem|p1a: Regigigas
|-damage|p1a: Regigigas|26/100 par
|move|p1a: Regigigas|Drain Punch|p2a: Squid Game
|-damage|p2a: Squid Game|15/100
|-heal|p1a: Regigigas|42/100 par|[from] drain|[of] p2a: Squid Game
|-activate|p2a: Squid Game|ability: Toxic Debris
|-sidestart|p1: whichjuanz|move: Toxic Spikes
|
|upkeep
|turn|10
|
|t:|1776286558
|move|p2a: Squid Game|Stealth Rock|p1a: Regigigas
|-sidestart|p1: whichjuanz|move: Stealth Rock
|move|p1a: Regigigas|Drain Punch|p2a: Squid Game
|-damage|p2a: Squid Game|0 fnt
|-heal|p1a: Regigigas|47/100 par|[from] drain|[of] p2a: Squid Game
|faint|p2a: Squid Game
|
|upkeep
|
|t:|1776286565
|switch|p2a: Fast Tony|Dragonite, M|100/100
|turn|11
|
|t:|1776286569
|move|p2a: Fast Tony|Dragon Dance|p2a: Fast Tony
|-boost|p2a: Fast Tony|atk|1
|-boost|p2a: Fast Tony|spe|1
|move|p1a: Regigigas|Double-Edge|p2a: Fast Tony
|-damage|p2a: Fast Tony|53/100
|-damage|p1a: Regigigas|35/100 par|[from] Recoil
|
|upkeep
|turn|12
|
|t:|1776286579
|move|p1a: Regigigas|Protect|p1a: Regigigas
|-singleturn|p1a: Regigigas|Protect
|move|p2a: Fast Tony|Earthquake|p1a: Regigigas
|-activate|p1a: Regigigas|move: Protect
|
|upkeep
|turn|13
|
|t:|1776286585
|move|p2a: Fast Tony|Earthquake|p1a: Regigigas
|-damage|p1a: Regigigas|0 fnt
|faint|p1a: Regigigas
|-end|p1a: Regigigas|Slow Start|[silent]
|
|upkeep
|
|t:|1776286587
|switch|p1a: Grimmsnarl|Grimmsnarl, M|100/100
|-status|p1a: Grimmsnarl|tox
|-damage|p1a: Grimmsnarl|88/100 tox|[from] Stealth Rock
|turn|14
|
|t:|1776286595
|move|p2a: Fast Tony|Extreme Speed|p1a: Grimmsnarl
|-damage|p1a: Grimmsnarl|26/100 tox
|move|p1a: Grimmsnarl|Trick|p2a: Fast Tony
|-activate|p1a: Grimmsnarl|move: Trick|[of] p2a: Fast Tony
|-item|p2a: Fast Tony|Lagging Tail|[from] move: Trick
|-item|p1a: Grimmsnarl|Heavy-Duty Boots|[from] move: Trick
|
|-damage|p1a: Grimmsnarl|20/100 tox|[from] psn
|upkeep
|turn|15
|
|t:|1776286612
|switch|p1a: Pecharunt|Pecharunt|36/100
|-sideend|p1: whichjuanz|move: Toxic Spikes|[of] p1a: Pecharunt
|-damage|p1a: Pecharunt|24/100|[from] Stealth Rock
|move|p2a: Fast Tony|Extreme Speed|p1a: Pecharunt
|-immune|p1a: Pecharunt
|
|upkeep
|turn|16
|
|t:|1776286619
|move|p1a: Pecharunt|Malignant Chain|p2a: Fast Tony
|-damage|p2a: Fast Tony|10/100
|-status|p2a: Fast Tony|tox
|-start|p2a: Fast Tony|confusion|[from] ability: Poison Puppeteer|[of] p1a: Pecharunt
|-activate|p2a: Fast Tony|confusion
|move|p2a: Fast Tony|Earthquake|p1a: Pecharunt
|-supereffective|p1a: Pecharunt
|-damage|p1a: Pecharunt|0 fnt
|faint|p1a: Pecharunt
|
|-damage|p2a: Fast Tony|4/100 tox|[from] psn
|upkeep
|
|t:|1776286624
|switch|p1a: Grimmsnarl|Grimmsnarl, M|20/100 tox
|turn|17
|
|t:|1776286627
|move|p1a: Grimmsnarl|Fake Out|p2a: Fast Tony
|-damage|p2a: Fast Tony|0 fnt
|faint|p2a: Fast Tony
|
|-damage|p1a: Grimmsnarl|14/100 tox|[from] psn
|upkeep
|
|t:|1776286635
|switch|p2a: 010101110101010001|Iron Moth|100/100
|-enditem|p2a: 010101110101010001|Booster Energy
|-activate|p2a: 010101110101010001|ability: Quark Drive|[fromitem]
|-start|p2a: 010101110101010001|quarkdrivespe
|turn|18
|
|t:|1776286649
|switch|p1a: Blissey|Blissey, F|100/100
|move|p2a: 010101110101010001|Fiery Dance|p1a: Blissey
|-damage|p1a: Blissey|87/100
|
|upkeep
|turn|19
|
|t:|1776286657
|move|p2a: 010101110101010001|Fiery Dance|p1a: Blissey
|-damage|p1a: Blissey|70/100
|move|p1a: Blissey|Thunder Wave|p2a: 010101110101010001
|-status|p2a: 010101110101010001|par
|
|upkeep
|turn|20
|
|t:|1776286672
|cant|p2a: 010101110101010001|par
|move|p1a: Blissey|Seismic Toss|p2a: 010101110101010001
|-damage|p2a: 010101110101010001|67/100 par
|
|upkeep
|turn|21
|c|☆Lichdomm|If you don't get para'd for 10 turns
|c|☆Lichdomm|1 get para'd instantly
|c|☆Lichdomm|of course XD
|
|t:|1776286687
|cant|p2a: 010101110101010001|par
|move|p1a: Blissey|Seismic Toss|p2a: 010101110101010001
|-damage|p2a: 010101110101010001|34/100 par
|
|upkeep
|turn|22
|c|☆Lichdomm|TWICE
|
|t:|1776286695
|move|p2a: 010101110101010001|Fiery Dance|p1a: Blissey
|-damage|p1a: Blissey|54/100
|move|p1a: Blissey|Seismic Toss|p2a: 010101110101010001
|-damage|p2a: 010101110101010001|1/100 par
|
|upkeep
|turn|23
|c|☆Lichdomm|insane RNG
|
|t:|1776286701
|move|p2a: 010101110101010001|Fiery Dance|p1a: Blissey
|-damage|p1a: Blissey|38/100
|-boost|p2a: 010101110101010001|spa|1
|move|p1a: Blissey|Soft-Boiled|p1a: Blissey
|-heal|p1a: Blissey|88/100
|
|upkeep
|turn|24
|
|t:|1776286708
|cant|p2a: 010101110101010001|par
|move|p1a: Blissey|Seismic Toss|p2a: 010101110101010001
|-damage|p2a: 010101110101010001|0 fnt
|faint|p2a: 010101110101010001
|-end|p2a: 010101110101010001|Quark Drive|[silent]
|
|upkeep
|c|☆Lichdomm|Well
|c|☆Lichdomm|You def need some good RNG to win with Regi
|c|☆Lichdomm|So why not
|c|☆Lichdomm|gg
|
|t:|1776286730
|switch|p2a: Iron Barkus|Iron Boulder|100/100
|-enditem|p2a: Iron Barkus|Booster Energy
|-activate|p2a: Iron Barkus|ability: Quark Drive|[fromitem]
|-start|p2a: Iron Barkus|quarkdrivespe
|turn|25
|
|t:|1776286737
|move|p2a: Iron Barkus|Swords Dance|p2a: Iron Barkus
|-boost|p2a: Iron Barkus|atk|2
|move|p1a: Blissey|Thunder Wave|p2a: Iron Barkus|[miss]
|-miss|p1a: Blissey|p2a: Iron Barkus
|
|upkeep
|turn|26
|
|t:|1776286744
|move|p2a: Iron Barkus|Mighty Cleave|p1a: Blissey
|-damage|p1a: Blissey|11/100
|move|p1a: Blissey|Thunder Wave|p2a: Iron Barkus
|-status|p2a: Iron Barkus|par
|
|upkeep
|turn|27
|
|t:|1776286748
|move|p2a: Iron Barkus|Mighty Cleave|p1a: Blissey
|-damage|p1a: Blissey|0 fnt
|faint|p1a: Blissey
|
|upkeep
|
|t:|1776286758
|switch|p1a: Grimmsnarl|Grimmsnarl, M|14/100 tox
|turn|28
|
|t:|1776286760
|move|p1a: Grimmsnarl|Fake Out|p2a: Iron Barkus
|-resisted|p2a: Iron Barkus
|-damage|p2a: Iron Barkus|91/100 par
|cant|p2a: Iron Barkus|flinch
|
|-damage|p1a: Grimmsnarl|8/100 tox|[from] psn
|upkeep
|turn|29
|
|t:|1776286763
|move|p1a: Grimmsnarl|Sucker Punch|p2a: Iron Barkus
|-supereffective|p2a: Iron Barkus
|-damage|p2a: Iron Barkus|0 fnt
|faint|p2a: Iron Barkus
|-end|p2a: Iron Barkus|Quark Drive|[silent]
|
|-damage|p1a: Grimmsnarl|0 fnt|[from] psn
|faint|p1a: Grimmsnarl
|upkeep
|
|t:|1776286766
|switch|p2a: Great Mungus|Kingambit, M|100/100
|switch|p1a: Lilligant|Lilligant-Hisui, F|100/100
|-damage|p1a: Lilligant|94/100|[from] Stealth Rock
|-activate|p2a: Great Mungus|ability: Supreme Overlord
|-start|p2a: Great Mungus|fallen5|[silent]
|turn|30
|
|t:|1776286787
|-terastallize|p2a: Great Mungus|Flying
|move|p1a: Lilligant|Close Combat|p2a: Great Mungus
|-resisted|p2a: Great Mungus
|-damage|p2a: Great Mungus|72/100
|-unboost|p1a: Lilligant|def|1
|-unboost|p1a: Lilligant|spd|1
|move|p2a: Great Mungus|Swords Dance|p2a: Great Mungus
|-boost|p2a: Great Mungus|atk|2
|
|-heal|p2a: Great Mungus|78/100|[from] item: Leftovers
|upkeep
|turn|31
|
|t:|1776286792
|move|p1a: Lilligant|Victory Dance|p1a: Lilligant
|-boost|p1a: Lilligant|atk|1
|-boost|p1a: Lilligant|def|1
|-boost|p1a: Lilligant|spe|1
|move|p2a: Great Mungus|Iron Head|p1a: Lilligant
|-damage|p1a: Lilligant|0 fnt
|faint|p1a: Lilligant
|
|-heal|p2a: Great Mungus|84/100|[from] item: Leftovers
|upkeep
|
|t:|1776286794
|switch|p1a: Blaziken|Blaziken, M|100/100
|-damage|p1a: Blaziken|88/100|[from] Stealth Rock
|turn|32
|c|☆Lichdomm|this is it!
|c|☆Lichdomm|it all comes down to this!
|
|t:|1776286810
|move|p1a: Blaziken|Will-O-Wisp|p2a: Great Mungus
|-status|p2a: Great Mungus|brn
|move|p2a: Great Mungus|Kowtow Cleave|p1a: Blaziken
|-resisted|p1a: Blaziken
|-damage|p1a: Blaziken|34/100
|
|-heal|p1a: Blaziken|40/100|[from] item: Leftovers
|-heal|p2a: Great Mungus|90/100 brn|[from] item: Leftovers
|-damage|p2a: Great Mungus|84/100 brn|[from] brn
|-ability|p1a: Blaziken|Speed Boost|boost
|-boost|p1a: Blaziken|spe|1
|upkeep
|turn|33
|
|t:|1776286815
|move|p2a: Great Mungus|Sucker Punch||[still]
|-fail|p2a: Great Mungus
|move|p1a: Blaziken|Swords Dance|p1a: Blaziken
|-boost|p1a: Blaziken|atk|2
|
|-heal|p1a: Blaziken|46/100|[from] item: Leftovers
|-heal|p2a: Great Mungus|90/100 brn|[from] item: Leftovers
|-damage|p2a: Great Mungus|84/100 brn|[from] brn
|-ability|p1a: Blaziken|Speed Boost|boost
|-boost|p1a: Blaziken|spe|1
|upkeep
|turn|34
|
|t:|1776286821
|move|p2a: Great Mungus|Sucker Punch|p1a: Blaziken
|-resisted|p1a: Blaziken
|-damage|p1a: Blaziken|1/100
|move|p1a: Blaziken|Flare Blitz|p2a: Great Mungus
|-damage|p2a: Great Mungus|0 fnt
|faint|p2a: Great Mungus
|-end|p2a: Great Mungus|fallen5|[silent]
|-damage|p1a: Blaziken|0 fnt|[from] Recoil
|faint|p1a: Blaziken
|
|win|whichjuanz
