|html|<div class="broadcast-blue"><strong>[Gen 9] OU is currently suspecting Tera Blast! For information on how to participate check out the <a href="https://www.smogon.com/tools/suspects/view/200">suspect thread</a>.</strong></div>
|j|☆rashyd
|j|☆Pjaku
|t:|1776100057
|gametype|singles
|player|p1|rashyd|volkner|1446
|player|p2|Pjaku|2|1445
|gen|9
|tier|[Gen 9] OU
|rated|
|rule|HP Percentage Mod: HP is shown in percentages
|rule|Endless Battle Clause: Forcing endless battles is banned
|rule|Species Clause: Limit one of each Pokémon
|rule|OHKO Clause: OHKO moves are banned
|rule|Evasion Items Clause: Evasion items are banned
|rule|Evasion Moves Clause: Evasion moves are banned
|rule|Evasion Abilities Clause: Evasion abilities are banned
|rule|Sleep Moves Clause: Sleep-inducing moves are banned
|clearpoke
|poke|p1|Tyranitar, M|
|poke|p1|Hippowdon, F|
|poke|p1|Corviknight, F|
|poke|p1|Gastrodon, F|
|poke|p1|Sandy Shocks|
|poke|p1|Excadrill, M|
|poke|p2|Avalugg, F|
|poke|p2|Iron Crown|
|poke|p2|Gliscor, F|
|poke|p2|Walking Wake|
|poke|p2|Ceruledge, M|
|poke|p2|Dragonite, M|
|teampreview
|inactive|Battle timer is ON: inactive players will automatically lose when time's up. (requested by rashyd)
|
|t:|1776100073
|teamsize|p1|6
|teamsize|p2|6
|start
|switch|p1a: Hippowdon|Hippowdon, F|100/100
|switch|p2a: Avalugg|Avalugg, F|100/100
|-weather|Sandstorm|[from] ability: Sand Stream|[of] p1a: Hippowdon
|turn|1
|
|t:|1776100081
|move|p1a: Hippowdon|Earthquake|p2a: Avalugg
|-damage|p2a: Avalugg|82/100
|move|p2a: Avalugg|Ice Spinner|p1a: Hippowdon
|-supereffective|p1a: Hippowdon
|-damage|p1a: Hippowdon|58/100
|
|-weather|Sandstorm|[upkeep]
|-damage|p2a: Avalugg|76/100|[from] Sandstorm
|upkeep
|turn|2
|
|t:|1776100090
|move|p1a: Hippowdon|Earthquake|p2a: Avalugg
|-damage|p2a: Avalugg|58/100
|move|p2a: Avalugg|Recover|p2a: Avalugg
|-heal|p2a: Avalugg|100/100
|
|-weather|Sandstorm|[upkeep]
|-damage|p2a: Avalugg|94/100|[from] Sandstorm
|upkeep
|turn|3
|
|t:|1776100099
|move|p1a: Hippowdon|Earthquake|p2a: Avalugg
|-damage|p2a: Avalugg|75/100
|move|p2a: Avalugg|Ice Spinner|p1a: Hippowdon
|-supereffective|p1a: Hippowdon
|-damage|p1a: Hippowdon|20/100
|
|-weather|Sandstorm|[upkeep]
|-damage|p2a: Avalugg|69/100|[from] Sandstorm
|upkeep
|turn|4
|
|t:|1776100109
|move|p1a: Hippowdon|Slack Off|p1a: Hippowdon
|-heal|p1a: Hippowdon|70/100
|move|p2a: Avalugg|Recover|p2a: Avalugg
|-heal|p2a: Avalugg|100/100
|
|-weather|Sandstorm|[upkeep]
|-damage|p2a: Avalugg|94/100|[from] Sandstorm
|upkeep
|turn|5
|
|t:|1776100120
|move|p1a: Hippowdon|Ice Fang|p2a: Avalugg
|-resisted|p2a: Avalugg
|-damage|p2a: Avalugg|91/100
|move|p2a: Avalugg|Ice Spinner|p1a: Hippowdon
|-supereffective|p1a: Hippowdon
|-damage|p1a: Hippowdon|31/100
|
|-weather|Sandstorm|[upkeep]
|-damage|p2a: Avalugg|85/100|[from] Sandstorm
|upkeep
|turn|6
|
|t:|1776100130
|move|p1a: Hippowdon|Slack Off|p1a: Hippowdon
|-heal|p1a: Hippowdon|81/100
|move|p2a: Avalugg|Ice Spinner|p1a: Hippowdon
|-supereffective|p1a: Hippowdon
|-damage|p1a: Hippowdon|44/100
|
|-weather|Sandstorm|[upkeep]
|-damage|p2a: Avalugg|79/100|[from] Sandstorm
|upkeep
|turn|7
|
|t:|1776100139
|move|p1a: Hippowdon|Slack Off|p1a: Hippowdon
|-heal|p1a: Hippowdon|94/100
|move|p2a: Avalugg|Ice Spinner|p1a: Hippowdon
|-supereffective|p1a: Hippowdon
|-damage|p1a: Hippowdon|51/100
|
|-weather|Sandstorm|[upkeep]
|-damage|p2a: Avalugg|73/100|[from] Sandstorm
|upkeep
|turn|8
|
|t:|1776100152
|move|p1a: Hippowdon|Slack Off|p1a: Hippowdon
|-heal|p1a: Hippowdon|100/100
|move|p2a: Avalugg|Ice Spinner|p1a: Hippowdon
|-supereffective|p1a: Hippowdon
|-damage|p1a: Hippowdon|59/100
|
|-weather|none
|upkeep
|turn|9
|
|t:|1776100160
|switch|p1a: Gastrodon|Gastrodon, F|100/100
|move|p2a: Avalugg|Ice Spinner|p1a: Gastrodon
|-damage|p1a: Gastrodon|58/100
|
|-heal|p1a: Gastrodon|64/100|[from] item: Leftovers
|upkeep
|turn|10
|
|t:|1776100170
|move|p1a: Gastrodon|Surf|p2a: Avalugg
|-damage|p2a: Avalugg|15/100
|move|p2a: Avalugg|Ice Spinner|p1a: Gastrodon
|-damage|p1a: Gastrodon|25/100
|
|-heal|p1a: Gastrodon|31/100|[from] item: Leftovers
|upkeep
|turn|11
|
|t:|1776100179
|move|p1a: Gastrodon|Surf|p2a: Avalugg
|-damage|p2a: Avalugg|0 fnt
|faint|p2a: Avalugg
|
|-heal|p1a: Gastrodon|37/100|[from] item: Leftovers
|upkeep
|
|t:|1776100189
|switch|p2a: Ceruledge|Ceruledge, M, shiny|100/100
|turn|12
|
|t:|1776100193
|move|p2a: Ceruledge|Poltergeist|p1a: Gastrodon
|-activate|p1a: Gastrodon|move: Poltergeist|Leftovers
|-damage|p1a: Gastrodon|0 fnt
|faint|p1a: Gastrodon
|-damage|p2a: Ceruledge|91/100|[from] item: Life Orb
|
|upkeep
|
|t:|1776100203
|switch|p1a: Hippowdon|Hippowdon, F|59/100
|-weather|Sandstorm|[from] ability: Sand Stream|[of] p1a: Hippowdon
|turn|13
|l|☆Pjaku
|inactive|Pjaku disconnected and has a minute to reconnect!
|player|p2|
|inactive|Pjaku has 30 seconds to reconnect!
|inactive|Pjaku has 20 seconds to reconnect!
|inactive|Pjaku has 15 seconds to reconnect!
|inactive|Pjaku has 10 seconds to reconnect!
|inactive|Pjaku has 5 seconds to reconnect!
|-message|Pjaku lost due to inactivity.
|
|win|rashyd
|raw|rashyd's rating: 1446 &rarr; <strong>1466</strong><br />(+20 for winning)
|raw|Pjaku's rating: 1445 &rarr; <strong>1425</strong><br />(-20 for losing)
|l|☆rashyd
|player|p1|
