|html|<div class="broadcast-blue"><strong>[Gen 9] OU is currently suspecting Tera Blast! For information on how to participate check out the <a href="https://www.smogon.com/tools/suspects/view/200">suspect thread</a>.</strong></div>
|j|☆FurryCracker
|j|☆xRikox
|t:|1776055997
|gametype|singles
|player|p1|FurryCracker|linebacker|1027
|player|p2|xRikox|swimmerf|1000
|gen|9
|tier|[Gen 9] OU
|rated|
|rule|HP Percentage Mod: HP is shown in percentages
|rule|Endless Battle Clause: Forcing endless battles is banned
|rule|Species Clause: Limit one of each Pokémon
|rule|OHKO Clause: OHKO moves are banned
|rule|Evasion Items Clause: Evasion items are banned
|rule|Evasion Moves Clause: Evasion moves are banned
|rule|Evasion Abilities Clause: Evasion abilities are banned
|rule|Sleep Moves Clause: Sleep-inducing moves are banned
|clearpoke
|poke|p1|Electivire, M|
|poke|p1|Hitmonlee, M|
|poke|p1|Delphox, F|
|poke|p1|Tentacruel, M|
|poke|p1|Excadrill, F|
|poke|p1|Moltres-Galar|
|poke|p2|Toxapex, F|
|poke|p2|Gliscor, M|
|poke|p2|Corviknight, M|
|poke|p2|Cinderace, M|
|poke|p2|Blissey, F|
|poke|p2|Dragapult, M|
|teampreview
|inactive|Battle timer is ON: inactive players will automatically lose when time's up. (requested by xRikox)
|
|t:|1776056018
|teamsize|p1|6
|teamsize|p2|6
|start
|switch|p1a: battles|Moltres-Galar, shiny|100/100
|switch|p2a: Cinderace|Cinderace, M|100/100
|turn|1
|
|t:|1776056032
|-terastallize|p2a: Cinderace|Fire
|move|p2a: Cinderace|Pyro Ball|p1a: battles
|-damage|p1a: battles|0 fnt
|faint|p1a: battles
|-damage|p2a: Cinderace|91/100|[from] item: Life Orb
|
|upkeep
|
|t:|1776056040
|switch|p1a: any|Tentacruel, M|100/100
|turn|2
|
|t:|1776056047
|move|p2a: Cinderace|Facade|p1a: any
|-crit|p1a: any
|-damage|p1a: any|8/100
|-damage|p2a: Cinderace|81/100|[from] item: Life Orb
|move|p1a: any|Whirlpool|p2a: Cinderace
|-supereffective|p2a: Cinderace
|-damage|p2a: Cinderace|39/100
|-activate|p2a: Cinderace|move: Whirlpool|[of] p1a: any
|
|-damage|p2a: Cinderace|26/100|[from] move: Whirlpool|[partiallytrapped]
|upkeep
|turn|3
|
|t:|1776056059
|move|p2a: Cinderace|Facade|p1a: any
|-damage|p1a: any|0 fnt
|faint|p1a: any
|-damage|p2a: Cinderace|16/100|[from] item: Life Orb
|
|-end|p2a: Cinderace|Whirlpool|[partiallytrapped]|[silent]
|upkeep
|
|t:|1776056065
|switch|p1a: I|Electivire, M|100/100
|turn|4
|
|t:|1776056070
|move|p2a: Cinderace|Pyro Ball|p1a: I
|-damage|p1a: I|0 fnt
|faint|p1a: I
|-damage|p2a: Cinderace|6/100|[from] item: Life Orb
|
|upkeep
|
|t:|1776056075
|switch|p1a: cant|Hitmonlee, M|100/100
|turn|5
|
|t:|1776056079
|move|p2a: Cinderace|Pyro Ball|p1a: cant
|-damage|p1a: cant|0 fnt
|faint|p1a: cant
|-damage|p2a: Cinderace|0 fnt|[from] item: Life Orb
|faint|p2a: Cinderace
|
|upkeep
|
|t:|1776056089
|switch|p2a: Gliscor|Gliscor, M|100/100
|switch|p1a: dang|Excadrill, F|100/100
|-ability|p1a: dang|Mold Breaker
|turn|6
|
|t:|1776056097
|move|p1a: dang|Iron Head|p2a: Gliscor
|-damage|p2a: Gliscor|69/100
|move|p2a: Gliscor|Earthquake|p1a: dang
|-supereffective|p1a: dang
|-enditem|p1a: dang|Focus Sash
|-damage|p1a: dang|1/100
|
|-status|p2a: Gliscor|tox|[from] item: Toxic Orb
|upkeep
|turn|7
|-message|FurryCracker forfeited.
|
|win|xRikox
|raw|FurryCracker's rating: 1027 &rarr; <strong>1012</strong><br />(-15 for losing)
|raw|xRikox's rating: 1000 &rarr; <strong>1043</strong><br />(+43 for winning)
|l|☆FurryCracker
|player|p1|
