|html|<div class="broadcast-blue"><strong>[Gen 9] OU is currently suspecting Volcarona! For information on how to participate check out the <a href="https://www.smogon.com/tools/suspects/view/208">suspect thread</a>.</strong></div>
|j|☆alchrex
|j|☆bruh_eggs
|t:|1778496788
|gametype|singles
|player|p1|alchrex|hilbert|1512
|player|p2|bruh_eggs|juggler|1513
|gen|9
|tier|[Gen 9] OU
|rated|
|rule|HP Percentage Mod: HP is shown in percentages
|rule|Endless Battle Clause: Forcing endless battles is banned
|rule|Species Clause: Limit one of each Pokémon
|rule|OHKO Clause: OHKO moves are banned
|rule|Evasion Items Clause: Evasion items are banned
|rule|Evasion Moves Clause: Evasion moves are banned
|rule|Evasion Abilities Clause: Evasion abilities are banned
|rule|Sleep Moves Clause: Sleep-inducing moves are banned
|clearpoke
|poke|p1|Heatran, M|
|poke|p1|Sinistcha-Masterpiece|
|poke|p1|Gliscor, M|
|poke|p1|Tyranitar, M|
|poke|p1|Walking Wake|
|poke|p1|Scizor, F|
|poke|p2|Kyurem|
|poke|p2|Slowking-Galar, F|
|poke|p2|Ogerpon-Wellspring, F|
|poke|p2|Corviknight, F|
|poke|p2|Great Tusk|
|poke|p2|Ceruledge, M|
|teampreview
|inactive|Battle timer is ON: inactive players will automatically lose when time's up. (requested by bruh_eggs)
|c|☆bruh_eggs|gl
|
|t:|1778496814
|teamsize|p1|6
|teamsize|p2|6
|start
|switch|p1a: Scizor|Scizor, F|100/100
|switch|p2a: Great Tusk|Great Tusk|100/100
|turn|1
|
|t:|1778496821
|switch|p1a: Sinistcha|Sinistcha-Masterpiece|100/100
|move|p2a: Great Tusk|Stealth Rock|p1a: Sinistcha
|-sidestart|p1: alchrex|move: Stealth Rock
|
|upkeep
|turn|2
|
|t:|1778496829
|-end|p2a: Great Tusk|Protosynthesis|[silent]
|switch|p2a: Kyurem|Kyurem|100/100
|-ability|p2a: Kyurem|Pressure
|move|p1a: Sinistcha|Matcha Gotcha|p2a: Kyurem|[miss]
|-miss|p1a: Sinistcha|p2a: Kyurem
|
|upkeep
|turn|3
|
|t:|1778496836
|switch|p1a: Tyranitar|Tyranitar, M|100/100
|-damage|p1a: Tyranitar|88/100|[from] Stealth Rock
|-weather|Sandstorm|[from] ability: Sand Stream|[of] p1a: Tyranitar
|move|p2a: Kyurem|Draco Meteor|p1a: Tyranitar
|-damage|p1a: Tyranitar|50/100
|-unboost|p2a: Kyurem|spa|2
|
|-weather|Sandstorm|[upkeep]
|-damage|p2a: Kyurem|94/100|[from] Sandstorm
|upkeep
|turn|4
|
|t:|1778496845
|switch|p2a: Corviknight|Corviknight, F|100/100
|-ability|p2a: Corviknight|Pressure
|move|p1a: Tyranitar|Knock Off|p2a: Corviknight
|-damage|p2a: Corviknight|66/100
|-damage|p1a: Tyranitar|34/100|[from] item: Rocky Helmet|[of] p2a: Corviknight
|-enditem|p2a: Corviknight|Rocky Helmet|[from] move: Knock Off|[of] p1a: Tyranitar
|
|-weather|Sandstorm|[upkeep]
|upkeep
|turn|5
|
|t:|1778496859
|switch|p1a: Scizor|Scizor, F|100/100
|-damage|p1a: Scizor|88/100|[from] Stealth Rock
|move|p2a: Corviknight|U-turn|p1a: Scizor
|-resisted|p1a: Scizor
|-damage|p1a: Scizor|82/100
|
|t:|1778496877
|switch|p2a: Great Tusk|Great Tusk|100/100|[from] U-turn
|
|-weather|Sandstorm|[upkeep]
|upkeep
|turn|6
|
|t:|1778496881
|move|p2a: Great Tusk|Headlong Rush|p1a: Scizor
|-damage|p1a: Scizor|31/100
|-unboost|p2a: Great Tusk|def|1
|-unboost|p2a: Great Tusk|spd|1
|-enditem|p1a: Scizor|Sitrus Berry|[eat]
|-heal|p1a: Scizor|55/100|[from] item: Sitrus Berry
|move|p1a: Scizor|Defog|p2a: Great Tusk
|-unboost|p2a: Great Tusk|evasion|1
|-sideend|p1: alchrex|Stealth Rock|[from] move: Defog|[of] p1a: Scizor
|
|-weather|Sandstorm|[upkeep]
|upkeep
|turn|7
|
|t:|1778496893
|-end|p2a: Great Tusk|Protosynthesis|[silent]
|switch|p2a: Corviknight|Corviknight, F|66/100
|-ability|p2a: Corviknight|Pressure
|move|p1a: Scizor|Close Combat|p2a: Corviknight
|-damage|p2a: Corviknight|40/100
|-unboost|p1a: Scizor|def|1
|-unboost|p1a: Scizor|spd|1
|
|-weather|none
|upkeep
|turn|8
|
|t:|1778496897
|move|p1a: Scizor|U-turn|p2a: Corviknight
|-resisted|p2a: Corviknight
|-damage|p2a: Corviknight|34/100
|
|t:|1778496902
|switch|p1a: Heatran|Heatran, M|100/100|[from] U-turn
|move|p2a: Corviknight|Roost|p2a: Corviknight
|-heal|p2a: Corviknight|84/100
|-singleturn|p2a: Corviknight|move: Roost
|
|upkeep
|turn|9
|
|t:|1778496911
|switch|p2a: Ceruledge|Ceruledge, M|100/100
|move|p1a: Heatran|Stealth Rock|p2a: Ceruledge
|-sidestart|p2: bruh_eggs|move: Stealth Rock
|
|upkeep
|turn|10
|
|t:|1778496923
|switch|p1a: Walking Wake|Walking Wake|100/100
|-terastallize|p2a: Ceruledge|Grass
|move|p2a: Ceruledge|Bulk Up|p2a: Ceruledge
|-boost|p2a: Ceruledge|atk|1
|-boost|p2a: Ceruledge|def|1
|
|upkeep
|turn|11
|
|t:|1778496932
|move|p1a: Walking Wake|Draco Meteor|p2a: Ceruledge
|-damage|p2a: Ceruledge|55/100
|-unboost|p1a: Walking Wake|spa|2
|move|p2a: Ceruledge|Poltergeist|p1a: Walking Wake
|-activate|p1a: Walking Wake|move: Poltergeist|Heavy-Duty Boots
|-damage|p1a: Walking Wake|30/100
|
|upkeep
|turn|12
|
|t:|1778496958
|move|p1a: Walking Wake|Flip Turn|p2a: Ceruledge
|-resisted|p2a: Ceruledge
|-damage|p2a: Ceruledge|49/100
|inactive|alchrex has 120 seconds left.
|
|t:|1778496969
|-end|p1a: Walking Wake|Protosynthesis|[silent]
|switch|p1a: Tyranitar|Tyranitar, M|34/100|[from] Flip Turn
|-weather|Sandstorm|[from] ability: Sand Stream|[of] p1a: Tyranitar
|move|p2a: Ceruledge|Bitter Blade|p1a: Tyranitar
|-resisted|p1a: Tyranitar
|-damage|p1a: Tyranitar|8/100
|-heal|p2a: Ceruledge|62/100|[from] drain|[of] p1a: Tyranitar
|
|-weather|Sandstorm|[upkeep]
|-damage|p2a: Ceruledge|56/100|[from] Sandstorm
|upkeep
|turn|13
|
|t:|1778496978
|move|p2a: Ceruledge|Shadow Sneak|p1a: Tyranitar
|-resisted|p1a: Tyranitar
|-damage|p1a: Tyranitar|0 fnt
|faint|p1a: Tyranitar
|
|-weather|Sandstorm|[upkeep]
|-damage|p2a: Ceruledge|50/100|[from] Sandstorm
|upkeep
|
|t:|1778496987
|switch|p1a: Gliscor|Gliscor, M|100/100
|turn|14
|
|t:|1778496993
|move|p2a: Ceruledge|Poltergeist|p1a: Gliscor
|-activate|p1a: Gliscor|move: Poltergeist|Toxic Orb
|-damage|p1a: Gliscor|50/100
|move|p1a: Gliscor|Toxic|p2a: Ceruledge
|-status|p2a: Ceruledge|tox
|
|-weather|Sandstorm|[upkeep]
|-damage|p2a: Ceruledge|44/100 tox|[from] Sandstorm
|-damage|p2a: Ceruledge|38/100 tox|[from] psn
|-status|p1a: Gliscor|tox|[from] item: Toxic Orb
|upkeep
|turn|15
|
|t:|1778497001
|move|p1a: Gliscor|Protect|p1a: Gliscor
|-singleturn|p1a: Gliscor|Protect
|move|p2a: Ceruledge|Bulk Up|p2a: Ceruledge
|-boost|p2a: Ceruledge|atk|1
|-boost|p2a: Ceruledge|def|1
|
|-weather|Sandstorm|[upkeep]
|-damage|p2a: Ceruledge|31/100 tox|[from] Sandstorm
|-damage|p2a: Ceruledge|19/100 tox|[from] psn
|-heal|p1a: Gliscor|62/100 tox|[from] ability: Poison Heal
|upkeep
|turn|16
|
|t:|1778497011
|switch|p1a: Heatran|Heatran, M|100/100
|move|p2a: Ceruledge|Poltergeist|p1a: Heatran
|-activate|p1a: Heatran|move: Poltergeist|Leftovers
|-damage|p1a: Heatran|17/100
|
|-weather|none
|-heal|p1a: Heatran|24/100|[from] item: Leftovers
|-damage|p2a: Ceruledge|0 fnt|[from] psn
|faint|p2a: Ceruledge
|upkeep
|
|t:|1778497028
|switch|p2a: Great Tusk|Great Tusk|100/100
|-damage|p2a: Great Tusk|98/100|[from] Stealth Rock
|turn|17
|
|t:|1778497034
|switch|p1a: Sinistcha|Sinistcha-Masterpiece|100/100
|move|p2a: Great Tusk|Stealth Rock|p1a: Sinistcha
|-sidestart|p1: alchrex|move: Stealth Rock
|
|upkeep
|turn|18
|
|t:|1778497049
|-end|p2a: Great Tusk|Protosynthesis|[silent]
|switch|p2a: Kyurem|Kyurem|94/100
|-damage|p2a: Kyurem|70/100|[from] Stealth Rock
|-ability|p2a: Kyurem|Pressure
|move|p1a: Sinistcha|Shadow Ball|p2a: Kyurem
|-damage|p2a: Kyurem|33/100
|
|upkeep
|turn|19
|
|t:|1778497073
|-terastallize|p1a: Sinistcha|Poison
|move|p2a: Kyurem|Freeze-Dry|p1a: Sinistcha
|-damage|p1a: Sinistcha|24/100
|move|p1a: Sinistcha|Shadow Ball|p2a: Kyurem
|-damage|p2a: Kyurem|0 fnt
|faint|p2a: Kyurem
|
|upkeep
|
|t:|1778497087
|switch|p2a: Ogerpon|Ogerpon-Wellspring, F|100/100
|-damage|p2a: Ogerpon|88/100|[from] Stealth Rock
|turn|20
|
|t:|1778497093
|move|p2a: Ogerpon|Ivy Cudgel|p1a: Sinistcha|[anim] Ivy Cudgel Water
|-damage|p1a: Sinistcha|0 fnt
|faint|p1a: Sinistcha
|
|upkeep
|
|t:|1778497100
|switch|p1a: Scizor|Scizor, F|55/100
|-damage|p1a: Scizor|43/100|[from] Stealth Rock
|turn|21
|
|t:|1778497103
|move|p2a: Ogerpon|Ivy Cudgel|p1a: Scizor|[anim] Ivy Cudgel Water
|-damage|p1a: Scizor|0 fnt
|faint|p1a: Scizor
|
|upkeep
|
|t:|1778497110
|switch|p1a: Gliscor|Gliscor, M|62/100 tox
|-damage|p1a: Gliscor|50/100 tox|[from] Stealth Rock
|turn|22
|
|t:|1778497113
|move|p2a: Ogerpon|Ivy Cudgel|p1a: Gliscor|[anim] Ivy Cudgel Water
|-supereffective|p1a: Gliscor
|-damage|p1a: Gliscor|0 fnt
|faint|p1a: Gliscor
|
|upkeep
|-message|alchrex forfeited.
|
|win|bruh_eggs
|raw|alchrex's rating: 1512 &rarr; <strong>1492</strong><br />(-20 for losing)
|raw|bruh_eggs's rating: 1513 &rarr; <strong>1533</strong><br />(+20 for winning)
|l|☆alchrex
|player|p1|
|l|☆bruh_eggs
|player|p2|
