|html|<div class="broadcast-blue"><strong>[Gen 9] OU is currently suspecting Tera Blast! For information on how to participate check out the <a href="https://www.smogon.com/tools/suspects/view/200">suspect thread</a>.</strong></div>
|j|☆elitie
|j|☆jadenyng
|t:|1776103658
|gametype|singles
|player|p1|elitie|jasmine|1288
|player|p2|jadenyng|brawly|1245
|gen|9
|tier|[Gen 9] OU
|rated|
|rule|HP Percentage Mod: HP is shown in percentages
|rule|Endless Battle Clause: Forcing endless battles is banned
|rule|Species Clause: Limit one of each Pokémon
|rule|OHKO Clause: OHKO moves are banned
|rule|Evasion Items Clause: Evasion items are banned
|rule|Evasion Moves Clause: Evasion moves are banned
|rule|Evasion Abilities Clause: Evasion abilities are banned
|rule|Sleep Moves Clause: Sleep-inducing moves are banned
|clearpoke
|poke|p1|Tyranitar, F|
|poke|p1|Excadrill, M|
|poke|p1|Hydrapple, F|
|poke|p1|Pecharunt|
|poke|p1|Heatran, F|
|poke|p1|Corviknight, F|
|poke|p2|Tornadus, M|
|poke|p2|Toxtricity, M|
|poke|p2|Iron Valiant|
|poke|p2|Arcanine-Hisui, M|
|poke|p2|Brambleghast, M|
|poke|p2|Hydreigon, M|
|teampreview
|
|t:|1776103669
|teamsize|p1|6
|teamsize|p2|6
|start
|switch|p1a: Tyranitar|Tyranitar, F|100/100
|switch|p2a: Iron Valiant|Iron Valiant, shiny|100/100
|-weather|Sandstorm|[from] ability: Sand Stream|[of] p1a: Tyranitar
|turn|1
|inactive|Battle timer is ON: inactive players will automatically lose when time's up. (requested by jadenyng)
|
|t:|1776103681
|switch|p1a: Corviknight|Corviknight, F|100/100
|-ability|p1a: Corviknight|Pressure
|move|p2a: Iron Valiant|Moonblast|p1a: Corviknight
|-resisted|p1a: Corviknight
|-damage|p1a: Corviknight|66/100
|-unboost|p1a: Corviknight|spa|1
|
|-weather|Sandstorm|[upkeep]
|-damage|p2a: Iron Valiant|94/100|[from] Sandstorm
|upkeep
|turn|2
|
|t:|1776103686
|move|p2a: Iron Valiant|Moonblast|p1a: Corviknight
|-resisted|p1a: Corviknight
|-damage|p1a: Corviknight|33/100
|-unboost|p1a: Corviknight|spa|1
|move|p1a: Corviknight|Brave Bird|p2a: Iron Valiant
|-supereffective|p2a: Iron Valiant
|-damage|p2a: Iron Valiant|0 fnt
|faint|p2a: Iron Valiant
|-end|p2a: Iron Valiant|Quark Drive|[silent]
|-damage|p1a: Corviknight|10/100|[from] Recoil
|
|-weather|Sandstorm|[upkeep]
|upkeep
|
|t:|1776103700
|switch|p2a: Toxtricity|Toxtricity, M, shiny|100/100
|turn|3
|
|t:|1776103718
|switch|p1a: Tyranitar|Tyranitar, F|100/100
|move|p2a: Toxtricity|Boomburst|p1a: Tyranitar
|-resisted|p1a: Tyranitar
|-damage|p1a: Tyranitar|74/100
|
|-weather|Sandstorm|[upkeep]
|-damage|p2a: Toxtricity|94/100|[from] Sandstorm
|upkeep
|turn|4
|
|t:|1776103730
|switch|p2a: Hydreigon|Hydreigon, M, shiny|100/100
|-terastallize|p1a: Tyranitar|Ghost
|move|p1a: Tyranitar|Knock Off|p2a: Hydreigon
|-resisted|p2a: Hydreigon
|-damage|p2a: Hydreigon|55/100
|-enditem|p2a: Hydreigon|Eject Pack|[from] move: Knock Off|[of] p1a: Tyranitar
|
|-weather|Sandstorm|[upkeep]
|-damage|p2a: Hydreigon|48/100|[from] Sandstorm
|-damage|p1a: Tyranitar|68/100|[from] Sandstorm
|upkeep
|turn|5
|
|t:|1776103734
|move|p2a: Hydreigon|Dark Pulse|p1a: Tyranitar
|-supereffective|p1a: Tyranitar
|-damage|p1a: Tyranitar|0 fnt
|faint|p1a: Tyranitar
|
|-weather|none
|upkeep
|
|t:|1776103744
|switch|p1a: Heatran|Heatran, F|100/100
|-item|p1a: Heatran|Air Balloon
|turn|6
|
|t:|1776103753
|move|p2a: Hydreigon|Tailwind|p2a: Hydreigon
|-sidestart|p2: jadenyng|move: Tailwind
|move|p1a: Heatran|Magma Storm|p2a: Hydreigon
|-resisted|p2a: Hydreigon
|-damage|p2a: Hydreigon|18/100
|-activate|p2a: Hydreigon|move: Magma Storm|[of] p1a: Heatran
|
|-damage|p2a: Hydreigon|5/100|[from] move: Magma Storm|[partiallytrapped]
|upkeep
|turn|7
|
|t:|1776103756
|move|p2a: Hydreigon|Draco Meteor|p1a: Heatran
|-resisted|p1a: Heatran
|-damage|p1a: Heatran|65/100
|-unboost|p2a: Hydreigon|spa|2
|-enditem|p1a: Heatran|Air Balloon
|move|p1a: Heatran|Stealth Rock|p2a: Hydreigon
|-sidestart|p2: jadenyng|move: Stealth Rock
|
|-damage|p2a: Hydreigon|0 fnt|[from] move: Magma Storm|[partiallytrapped]
|faint|p2a: Hydreigon
|upkeep
|
|t:|1776103771
|switch|p2a: Arcanine|Arcanine-Hisui, M, shiny|100/100
|-damage|p2a: Arcanine|76/100|[from] Stealth Rock
|turn|8
|
|t:|1776103776
|move|p2a: Arcanine|Head Smash|p1a: Heatran
|-damage|p1a: Heatran|0 fnt
|faint|p1a: Heatran
|
|upkeep
|
|t:|1776103788
|switch|p1a: Jane Juliet|Hydrapple, F|100/100
|turn|9
|
|t:|1776103797
|move|p2a: Arcanine|Head Smash|p1a: Jane Juliet
|-damage|p1a: Jane Juliet|22/100
|move|p1a: Jane Juliet|Earth Power|p2a: Arcanine
|-supereffective|p2a: Arcanine
|-damage|p2a: Arcanine|0 fnt
|faint|p2a: Arcanine
|
|-sideend|p2: jadenyng|move: Tailwind
|upkeep
|
|t:|1776103802
|switch|p2a: Tornadus|Tornadus, M, shiny|100/100
|-damage|p2a: Tornadus|76/100|[from] Stealth Rock
|turn|10
|
|t:|1776103811
|switch|p1a: Excadrill|Excadrill, M|100/100
|-item|p1a: Excadrill|Air Balloon
|move|p2a: Tornadus|Hurricane|p1a: Excadrill
|-resisted|p1a: Excadrill
|-damage|p1a: Excadrill|60/100
|-enditem|p1a: Excadrill|Air Balloon
|
|upkeep
|turn|11
|
|t:|1776103819
|move|p2a: Tornadus|Focus Blast|p1a: Excadrill|[miss]
|-miss|p2a: Tornadus|p1a: Excadrill
|move|p1a: Excadrill|Iron Head|p2a: Tornadus
|-damage|p2a: Tornadus|0 fnt
|faint|p2a: Tornadus
|
|upkeep
|
|t:|1776103823
|switch|p2a: Brambleghast|Brambleghast, M, shiny|100/100
|-damage|p2a: Brambleghast|88/100|[from] Stealth Rock
|turn|12
|
|t:|1776103828
|switch|p1a: Pecharunt|Pecharunt|100/100
|move|p2a: Brambleghast|Rapid Spin|p1a: Pecharunt
|-immune|p1a: Pecharunt
|
|upkeep
|turn|13
|
|t:|1776103831
|move|p1a: Pecharunt|Shadow Ball|p2a: Brambleghast
|-supereffective|p2a: Brambleghast
|-damage|p2a: Brambleghast|0 fnt
|faint|p2a: Brambleghast
|
|upkeep
|-message|jadenyng forfeited.
|
|win|elitie
|raw|elitie's rating: 1288 &rarr; <strong>1310</strong><br />(+22 for winning)
|raw|jadenyng's rating: 1245 &rarr; <strong>1223</strong><br />(-22 for losing)
|l|☆jadenyng
|player|p2|
|l|☆elitie
|player|p1|
