|html|<div class="broadcast-blue"><strong>[Gen 9] OU is currently suspecting Tera Blast! For information on how to participate check out the <a href="https://www.smogon.com/tools/suspects/view/200">suspect thread</a>.</strong></div>
|j|☆hi im fuji
|j|☆yazloed
|t:|1776061463
|gametype|singles
|player|p1|hi im fuji|265|1182
|player|p2|yazloed|169|1206
|gen|9
|tier|[Gen 9] OU
|rated|
|rule|HP Percentage Mod: HP is shown in percentages
|rule|Endless Battle Clause: Forcing endless battles is banned
|rule|Species Clause: Limit one of each Pokémon
|rule|OHKO Clause: OHKO moves are banned
|rule|Evasion Items Clause: Evasion items are banned
|rule|Evasion Moves Clause: Evasion moves are banned
|rule|Evasion Abilities Clause: Evasion abilities are banned
|rule|Sleep Moves Clause: Sleep-inducing moves are banned
|clearpoke
|poke|p1|Dragonite, M|
|poke|p1|Gliscor, F|
|poke|p1|Rotom-Wash|
|poke|p1|Dragapult, F|
|poke|p1|Enamorus, F|
|poke|p1|Landorus-Therian, M|
|poke|p2|Crawdaunt, M|
|poke|p2|Venusaur, M|
|poke|p2|Magnezone|
|poke|p2|Torkoal, M|
|poke|p2|Garchomp, F|
|poke|p2|Staraptor, F|
|teampreview
|
|t:|1776061489
|teamsize|p1|6
|teamsize|p2|6
|start
|switch|p1a: Dragapult|Dragapult, F|100/100
|switch|p2a: Crawdaunt|Crawdaunt, M|100/100
|turn|1
|
|t:|1776061507
|move|p1a: Dragapult|U-turn|p2a: Crawdaunt
|-supereffective|p2a: Crawdaunt
|-damage|p2a: Crawdaunt|55/100
|
|t:|1776061515
|switch|p1a: Gliscor|Gliscor, F|100/100|[from] U-turn
|move|p2a: Crawdaunt|Crunch|p1a: Gliscor
|-damage|p1a: Gliscor|48/100
|-damage|p2a: Crawdaunt|45/100|[from] item: Life Orb
|
|-status|p1a: Gliscor|tox|[from] item: Toxic Orb
|upkeep
|turn|2
|
|t:|1776061524
|switch|p1a: Landorus|Landorus-Therian, M|100/100
|-ability|p1a: Landorus|Intimidate|boost
|-unboost|p2a: Crawdaunt|atk|1
|move|p2a: Crawdaunt|Aqua Jet|p1a: Landorus
|-supereffective|p1a: Landorus
|-damage|p1a: Landorus|53/100
|-damage|p2a: Crawdaunt|29/100|[from] item: Rocky Helmet|[of] p1a: Landorus
|-damage|p2a: Crawdaunt|19/100|[from] item: Life Orb
|
|upkeep
|turn|3
|
|t:|1776061534
|move|p2a: Crawdaunt|Aqua Jet|p1a: Landorus
|-supereffective|p1a: Landorus
|-damage|p1a: Landorus|9/100
|-damage|p2a: Crawdaunt|3/100|[from] item: Rocky Helmet|[of] p1a: Landorus
|-damage|p2a: Crawdaunt|0 fnt|[from] item: Life Orb
|faint|p2a: Crawdaunt
|move|p1a: Landorus|U-turn|p2: Crawdaunt|[notarget]
|-fail|p1a: Landorus
|
|upkeep
|
|t:|1776061553
|switch|p2a: Staraptor|Staraptor, F|100/100
|turn|4
|
|t:|1776061572
|switch|p1a: Dragonite|Dragonite, M|100/100
|move|p2a: Staraptor|U-turn|p1a: Dragonite
|-resisted|p1a: Dragonite
|-damage|p1a: Dragonite|92/100
|-damage|p2a: Staraptor|91/100|[from] item: Life Orb
|
|t:|1776061579
|switch|p2a: Garchomp|Garchomp, F|100/100|[from] U-turn
|
|upkeep
|turn|5
|
|t:|1776061585
|move|p2a: Garchomp|Outrage|p1a: Dragonite
|-supereffective|p1a: Dragonite
|-damage|p1a: Dragonite|0 fnt
|faint|p1a: Dragonite
|
|upkeep
|
|t:|1776061593
|switch|p1a: Dragapult|Dragapult, F|100/100
|turn|6
|
|t:|1776061597
|move|p2a: Garchomp|Outrage|p1a: Dragapult|[from] lockedmove
|-supereffective|p1a: Dragapult
|-damage|p1a: Dragapult|0 fnt
|faint|p1a: Dragapult
|
|upkeep
|-message|hi im fuji forfeited.
|
|win|yazloed
|raw|hi im fuji's rating: 1182 &rarr; <strong>1159</strong><br />(-23 for losing)
|raw|yazloed's rating: 1206 &rarr; <strong>1229</strong><br />(+23 for winning)
|l|☆hi im fuji
|player|p1|
|c|☆yazloed|gg
|l|☆yazloed
|player|p2|
