|html|<div class="broadcast-blue"><strong>[Gen 9] OU is currently suspecting Tera Blast! For information on how to participate check out the <a href="https://www.smogon.com/tools/suspects/view/200">suspect thread</a>.</strong></div>
|j|☆sdfkjlkmjhjg
|j|☆4ec
|t:|1776087819
|gametype|singles
|player|p1|sdfkjlkmjhjg|depotagent|1000
|player|p2|4ec|ethan|1060
|gen|9
|tier|[Gen 9] OU
|rated|
|rule|HP Percentage Mod: HP is shown in percentages
|rule|Endless Battle Clause: Forcing endless battles is banned
|rule|Species Clause: Limit one of each Pokémon
|rule|OHKO Clause: OHKO moves are banned
|rule|Evasion Items Clause: Evasion items are banned
|rule|Evasion Moves Clause: Evasion moves are banned
|rule|Evasion Abilities Clause: Evasion abilities are banned
|rule|Sleep Moves Clause: Sleep-inducing moves are banned
|clearpoke
|poke|p1|Grafaiai, F|
|poke|p1|Primarina, F|
|poke|p1|Rotom|
|poke|p1|Dragapult, M|
|poke|p1|Alomomola, F|
|poke|p1|Articuno-Galar|
|poke|p2|Greninja-*, M|
|poke|p2|Great Tusk|
|poke|p2|Primarina, F|
|poke|p2|Excadrill, M|
|poke|p2|Kingambit, M|
|poke|p2|Toxapex, F|
|teampreview
|
|t:|1776087839
|teamsize|p1|6
|teamsize|p2|6
|start
|switch|p1a: Grafaiai|Grafaiai, F|100/100
|switch|p2a: 海的女儿|Primarina, F|100/100
|turn|1
|
|t:|1776087845
|-terastallize|p2a: 海的女儿|Steel
|move|p1a: Grafaiai|Gunk Shot|p2a: 海的女儿
|-immune|p2a: 海的女儿
|move|p2a: 海的女儿|Aqua Ring|p2a: 海的女儿
|-start|p2a: 海的女儿|Aqua Ring
|
|upkeep
|turn|2
|
|t:|1776087852
|move|p2a: 海的女儿|Protect|p2a: 海的女儿
|-singleturn|p2a: 海的女儿|Protect
|move|p1a: Grafaiai|Encore|p2a: 海的女儿
|-activate|p2a: 海的女儿|move: Protect
|
|upkeep
|turn|3
|
|t:|1776087858
|move|p1a: Grafaiai|Encore|p2a: 海的女儿
|-start|p2a: 海的女儿|Encore
|move|p2a: 海的女儿|Protect||[still]
|-fail|p2a: 海的女儿
|
|upkeep
|turn|4
|
|t:|1776087862
|move|p2a: 海的女儿|Protect|p2a: 海的女儿
|-singleturn|p2a: 海的女儿|Protect
|move|p1a: Grafaiai|Knock Off|p2a: 海的女儿
|-activate|p2a: 海的女儿|move: Protect
|
|upkeep
|turn|5
|
|t:|1776087868
|move|p2a: 海的女儿|Protect|p2a: 海的女儿
|-singleturn|p2a: 海的女儿|Protect
|move|p1a: Grafaiai|Knock Off|p2a: 海的女儿
|-activate|p2a: 海的女儿|move: Protect
|
|-end|p2a: 海的女儿|Encore
|upkeep
|turn|6
|
|t:|1776087874
|move|p1a: Grafaiai|Knock Off|p2a: 海的女儿
|-damage|p2a: 海的女儿|73/100
|-enditem|p2a: 海的女儿|Leftovers|[from] move: Knock Off|[of] p1a: Grafaiai
|move|p2a: 海的女儿|Calm Mind|p2a: 海的女儿
|-boost|p2a: 海的女儿|spa|1
|-boost|p2a: 海的女儿|spd|1
|
|-heal|p2a: 海的女儿|80/100|[from] Aqua Ring
|upkeep
|turn|7
|inactive|Battle timer is ON: inactive players will automatically lose when time's up. (requested by sdfkjlkmjhjg)
|
|t:|1776087883
|move|p2a: 海的女儿|Protect|p2a: 海的女儿
|-singleturn|p2a: 海的女儿|Protect
|move|p1a: Grafaiai|Encore|p2a: 海的女儿
|-activate|p2a: 海的女儿|move: Protect
|
|-heal|p2a: 海的女儿|86/100|[from] Aqua Ring
|upkeep
|turn|8
|
|t:|1776087889
|move|p1a: Grafaiai|Encore|p2a: 海的女儿
|-start|p2a: 海的女儿|Encore
|move|p2a: 海的女儿|Protect||[still]
|-fail|p2a: 海的女儿
|
|-heal|p2a: 海的女儿|92/100|[from] Aqua Ring
|upkeep
|turn|9
|
|t:|1776087895
|move|p2a: 海的女儿|Protect|p2a: 海的女儿
|-singleturn|p2a: 海的女儿|Protect
|move|p1a: Grafaiai|Parting Shot|p2a: 海的女儿
|-activate|p2a: 海的女儿|move: Protect
|
|-heal|p2a: 海的女儿|98/100|[from] Aqua Ring
|upkeep
|turn|10
|
|t:|1776087902
|move|p2a: 海的女儿|Protect|p2a: 海的女儿
|-singleturn|p2a: 海的女儿|Protect
|move|p1a: Grafaiai|Parting Shot|p2a: 海的女儿
|-activate|p2a: 海的女儿|move: Protect
|
|-heal|p2a: 海的女儿|100/100|[from] Aqua Ring
|-end|p2a: 海的女儿|Encore
|upkeep
|turn|11
|
|t:|1776087909
|move|p1a: Grafaiai|Parting Shot|p2a: 海的女儿
|-unboost|p2a: 海的女儿|atk|1
|-unboost|p2a: 海的女儿|spa|1
|
|t:|1776087912
|switch|p1a: Rotom|Rotom|100/100|[from] Parting Shot
|move|p2a: 海的女儿|Draining Kiss|p1a: Rotom
|-damage|p1a: Rotom|73/100
|
|upkeep
|turn|12
|
|t:|1776087918
|move|p1a: Rotom|Discharge|p2a: 海的女儿
|-damage|p2a: 海的女儿|85/100
|-status|p2a: 海的女儿|par
|move|p2a: 海的女儿|Calm Mind|p2a: 海的女儿
|-boost|p2a: 海的女儿|spa|1
|-boost|p2a: 海的女儿|spd|1
|
|-heal|p2a: 海的女儿|91/100 par|[from] Aqua Ring
|upkeep
|turn|13
|
|t:|1776087926
|move|p1a: Rotom|Volt Switch|p2a: 海的女儿
|-damage|p2a: 海的女儿|82/100 par
|
|t:|1776087929
|switch|p1a: Grafaiai|Grafaiai, F|100/100|[from] Volt Switch
|move|p2a: 海的女儿|Calm Mind|p2a: 海的女儿
|-boost|p2a: 海的女儿|spa|1
|-boost|p2a: 海的女儿|spd|1
|
|-heal|p2a: 海的女儿|88/100 par|[from] Aqua Ring
|upkeep
|turn|14
|
|t:|1776087936
|move|p1a: Grafaiai|Knock Off|p2a: 海的女儿
|-damage|p2a: 海的女儿|69/100 par
|move|p2a: 海的女儿|Draining Kiss|p1a: Grafaiai
|-resisted|p1a: Grafaiai
|-damage|p1a: Grafaiai|60/100
|-heal|p2a: 海的女儿|93/100 par|[from] drain|[of] p1a: Grafaiai
|
|-heal|p2a: 海的女儿|99/100 par|[from] Aqua Ring
|upkeep
|turn|15
|
|t:|1776087944
|move|p1a: Grafaiai|Parting Shot|p2a: 海的女儿
|-unboost|p2a: 海的女儿|atk|1
|-unboost|p2a: 海的女儿|spa|1
|
|t:|1776087948
|switch|p1a: Alomomola|Alomomola, F|100/100|[from] Parting Shot
|move|p2a: 海的女儿|Draining Kiss|p1a: Alomomola
|-damage|p1a: Alomomola|59/100
|-heal|p2a: 海的女儿|100/100 par|[from] drain|[of] p1a: Alomomola
|
|upkeep
|turn|16
|
|t:|1776087954
|move|p1a: Alomomola|Flip Turn|p2a: 海的女儿
|-damage|p2a: 海的女儿|86/100 par
|
|t:|1776087958
|switch|p1a: Rotom|Rotom|73/100|[from] Flip Turn
|move|p2a: 海的女儿|Calm Mind|p2a: 海的女儿
|-boost|p2a: 海的女儿|spa|1
|-boost|p2a: 海的女儿|spd|1
|
|-heal|p2a: 海的女儿|92/100 par|[from] Aqua Ring
|upkeep
|turn|17
|
|t:|1776087969
|move|p1a: Rotom|Shadow Ball|p2a: 海的女儿
|-damage|p2a: 海的女儿|84/100 par
|-unboost|p2a: 海的女儿|spd|1
|cant|p2a: 海的女儿|par
|
|-heal|p2a: 海的女儿|91/100 par|[from] Aqua Ring
|upkeep
|turn|18
|
|t:|1776087977
|cant|p2a: 海的女儿|par
|move|p1a: Rotom|Shadow Ball|p2a: 海的女儿
|-damage|p2a: 海的女儿|81/100 par
|
|-heal|p2a: 海的女儿|87/100 par|[from] Aqua Ring
|upkeep
|turn|19
|n|☆sdfkjlkmjhjg|sdfkjlkmjhjg
|
|t:|1776087986
|move|p2a: 海的女儿|Protect|p2a: 海的女儿
|-singleturn|p2a: 海的女儿|Protect
|move|p1a: Rotom|Shadow Ball|p2a: 海的女儿
|-activate|p2a: 海的女儿|move: Protect
|
|-heal|p2a: 海的女儿|93/100 par|[from] Aqua Ring
|upkeep
|turn|20
|c|☆sdfkjlkmjhjg|kill my mon, i will oneshot prima with draga tera fire
|
|t:|1776088010
|move|p1a: Rotom|Shadow Ball|p2a: 海的女儿
|-damage|p2a: 海的女儿|84/100 par
|cant|p2a: 海的女儿|par
|
|-heal|p2a: 海的女儿|90/100 par|[from] Aqua Ring
|upkeep
|turn|21
|
|t:|1776088016
|move|p2a: 海的女儿|Protect|p2a: 海的女儿
|-singleturn|p2a: 海的女儿|Protect
|move|p1a: Rotom|Shadow Ball|p2a: 海的女儿
|-activate|p2a: 海的女儿|move: Protect
|
|-heal|p2a: 海的女儿|97/100 par|[from] Aqua Ring
|upkeep
|turn|22
|c|☆sdfkjlkmjhjg|-.-
|
|t:|1776088040
|move|p1a: Rotom|Shadow Ball|p2a: 海的女儿
|-damage|p2a: 海的女儿|87/100 par
|move|p2a: 海的女儿|Calm Mind|p2a: 海的女儿
|-boost|p2a: 海的女儿|spa|1
|-boost|p2a: 海的女儿|spd|1
|
|-heal|p2a: 海的女儿|94/100 par|[from] Aqua Ring
|upkeep
|turn|23
|
|t:|1776088047
|move|p2a: 海的女儿|Protect|p2a: 海的女儿
|-singleturn|p2a: 海的女儿|Protect
|move|p1a: Rotom|Shadow Ball|p2a: 海的女儿
|-activate|p2a: 海的女儿|move: Protect
|
|-heal|p2a: 海的女儿|99/100 par|[from] Aqua Ring
|upkeep
|turn|24
|
|t:|1776088057
|move|p1a: Rotom|Shadow Ball|p2a: 海的女儿
|-damage|p2a: 海的女儿|92/100 par
|move|p2a: 海的女儿|Draining Kiss|p1a: Rotom
|-damage|p1a: Rotom|3/100
|-heal|p2a: 海的女儿|100/100 par|[from] drain|[of] p1a: Rotom
|
|upkeep
|turn|25
|
|t:|1776088064
|move|p1a: Rotom|Shadow Ball|p2a: 海的女儿
|-damage|p2a: 海的女儿|92/100 par
|move|p2a: 海的女儿|Draining Kiss|p1a: Rotom
|-damage|p1a: Rotom|0 fnt
|-heal|p2a: 海的女儿|94/100 par|[from] drain|[of] p1a: Rotom
|faint|p1a: Rotom
|
|-heal|p2a: 海的女儿|99/100 par|[from] Aqua Ring
|upkeep
|
|t:|1776088068
|switch|p1a: Dragapult|Dragapult, M|100/100
|turn|26
|
|t:|1776088075
|-terastallize|p1a: Dragapult|Fire
|move|p1a: Dragapult|Tera Blast|p2a: 海的女儿|[anim] Tera Blast Fire
|-supereffective|p2a: 海的女儿
|-damage|p2a: 海的女儿|0 fnt
|faint|p2a: 海的女儿
|
|upkeep
|c|☆sdfkjlkmjhjg|told you
|
|t:|1776088085
|switch|p2a: 牢大牙|Great Tusk|100/100
|turn|27
|
|t:|1776088089
|switch|p1a: Alomomola|Alomomola, F|93/100
|move|p2a: 牢大牙|Earthquake|p1a: Alomomola
|-damage|p1a: Alomomola|67/100
|
|upkeep
|turn|28
|
|t:|1776088095
|move|p2a: 牢大牙|Rapid Spin|p1a: Alomomola
|-damage|p1a: Alomomola|58/100
|-boost|p2a: 牢大牙|spe|1
|move|p1a: Alomomola|Flip Turn|p2a: 牢大牙
|-supereffective|p2a: 牢大牙
|-damage|p2a: 牢大牙|82/100
|
|t:|1776088101
|switch|p1a: Grafaiai|Grafaiai, F|60/100|[from] Flip Turn
|
|upkeep
|turn|29
|
|t:|1776088105
|move|p1a: Grafaiai|Parting Shot|p2a: 牢大牙
|-unboost|p2a: 牢大牙|atk|1
|-unboost|p2a: 牢大牙|spa|1
|
|t:|1776088108
|switch|p1a: Alomomola|Alomomola, F|91/100|[from] Parting Shot
|move|p2a: 牢大牙|Earthquake|p1a: Alomomola
|-damage|p1a: Alomomola|74/100
|
|upkeep
|turn|30
|
|t:|1776088113
|move|p2a: 牢大牙|Rapid Spin|p1a: Alomomola
|-damage|p1a: Alomomola|69/100
|-boost|p2a: 牢大牙|spe|1
|move|p1a: Alomomola|Scald|p2a: 牢大牙
|-supereffective|p2a: 牢大牙
|-damage|p2a: 牢大牙|57/100
|
|upkeep
|turn|31
|
|t:|1776088120
|move|p2a: 牢大牙|Thunder Fang|p1a: Alomomola
|-supereffective|p1a: Alomomola
|-damage|p1a: Alomomola|54/100
|move|p1a: Alomomola|Wish|p1a: Alomomola
|
|upkeep
|turn|32
|
|t:|1776088131
|-end|p2a: 牢大牙|Protosynthesis|[silent]
|switch|p2a: Toxapex|Toxapex, F|100/100
|move|p1a: Alomomola|Flip Turn|p2a: Toxapex
|-resisted|p2a: Toxapex
|-damage|p2a: Toxapex|95/100
|-damage|p1a: Alomomola|38/100|[from] item: Rocky Helmet|[of] p2a: Toxapex
|
|t:|1776088138
|switch|p1a: Articuno|Articuno-Galar|100/100|[from] Flip Turn
|
|upkeep
|turn|33
|
|t:|1776088143
|switch|p1a: Grafaiai|Grafaiai, F|60/100
|move|p2a: Toxapex|Toxic|p1a: Grafaiai
|-immune|p1a: Grafaiai
|
|upkeep
|turn|34
|
|t:|1776088149
|move|p1a: Grafaiai|Encore|p2a: Toxapex
|-start|p2a: Toxapex|Encore
|move|p2a: Toxapex|Toxic|p1a: Grafaiai
|-immune|p1a: Grafaiai
|
|upkeep
|turn|35
|
|t:|1776088156
|move|p1a: Grafaiai|Knock Off|p2a: Toxapex
|-damage|p2a: Toxapex|74/100
|-damage|p1a: Grafaiai|44/100|[from] item: Rocky Helmet|[of] p2a: Toxapex
|-enditem|p2a: Toxapex|Rocky Helmet|[from] move: Knock Off|[of] p1a: Grafaiai
|move|p2a: Toxapex|Toxic|p1a: Grafaiai
|-immune|p1a: Grafaiai
|
|upkeep
|turn|36
|
|t:|1776088166
|move|p1a: Grafaiai|Knock Off|p2a: Toxapex
|-damage|p2a: Toxapex|59/100
|move|p2a: Toxapex|Toxic|p1a: Grafaiai
|-immune|p1a: Grafaiai
|
|-end|p2a: Toxapex|Encore
|upkeep
|turn|37
|
|t:|1776088175
|move|p1a: Grafaiai|Parting Shot|p2a: Toxapex
|-unboost|p2a: Toxapex|atk|1
|-unboost|p2a: Toxapex|spa|1
|
|t:|1776088177
|switch|p1a: Articuno|Articuno-Galar|100/100|[from] Parting Shot
|move|p2a: Toxapex|Acid Spray|p1a: Articuno
|-damage|p1a: Articuno|96/100
|-unboost|p1a: Articuno|spd|2
|-ability|p1a: Articuno|Competitive|boost
|-boost|p1a: Articuno|spa|2
|
|upkeep
|turn|38
|
|t:|1776088186
|move|p1a: Articuno|Stored Power|p2a: Toxapex
|-supereffective|p2a: Toxapex
|-damage|p2a: Toxapex|0 fnt
|faint|p2a: Toxapex
|
|upkeep
|
|t:|1776088190
|switch|p2a: Kingambit|Kingambit, M|100/100
|-activate|p2a: Kingambit|ability: Supreme Overlord
|-start|p2a: Kingambit|fallen2|[silent]
|turn|39
|
|t:|1776088202
|switch|p1a: Alomomola|Alomomola, F|71/100
|move|p2a: Kingambit|Iron Head|p1a: Alomomola
|-resisted|p1a: Alomomola
|-damage|p1a: Alomomola|55/100
|
|upkeep
|turn|40
|
|t:|1776088209
|move|p2a: Kingambit|Sucker Punch|p1a: Alomomola
|-damage|p1a: Alomomola|27/100
|move|p1a: Alomomola|Flip Turn|p2a: Kingambit
|-damage|p2a: Kingambit|89/100
|
|t:|1776088215
|switch|p1a: Dragapult|Dragapult, M, tera:Fire|100/100|[from] Flip Turn
|
|upkeep
|turn|41
|
|t:|1776088223
|switch|p1a: Alomomola|Alomomola, F|61/100
|-end|p2a: Kingambit|fallen2|[silent]
|switch|p2a: 牢大牙|Great Tusk|57/100
|
|upkeep
|turn|42
|-message|4ec forfeited.
|
|win|sdfkjlkmjhjg
