|html|<div class="broadcast-blue"><strong>[Gen 9] OU is currently suspecting Tera Blast! For information on how to participate check out the <a href="https://www.smogon.com/tools/suspects/view/200">suspect thread</a>.</strong></div>
|j|☆BreadCrumb26
|j|☆W4R1V3
|t:|1776047260
|gametype|singles
|player|p1|BreadCrumb26|ghetsis|1168
|player|p2|W4R1V3|2|1177
|gen|9
|tier|[Gen 9] OU
|rated|
|rule|HP Percentage Mod: HP is shown in percentages
|rule|Endless Battle Clause: Forcing endless battles is banned
|rule|Species Clause: Limit one of each Pokémon
|rule|OHKO Clause: OHKO moves are banned
|rule|Evasion Items Clause: Evasion items are banned
|rule|Evasion Moves Clause: Evasion moves are banned
|rule|Evasion Abilities Clause: Evasion abilities are banned
|rule|Sleep Moves Clause: Sleep-inducing moves are banned
|clearpoke
|poke|p1|Incineroar, F|
|poke|p1|Lokix, F|
|poke|p1|Glimmora, M|
|poke|p1|Enamorus, F|
|poke|p1|Ogerpon-Wellspring, F|
|poke|p1|Zoroark-Hisui, F|
|poke|p2|Pecharunt|
|poke|p2|Pincurchin, F|
|poke|p2|Iron Treads|
|poke|p2|Raichu-Alola, M|
|poke|p2|Sylveon, F|
|poke|p2|Grimmsnarl, M|
|teampreview
|
|t:|1776047269
|teamsize|p1|6
|teamsize|p2|6
|start
|switch|p1a: Wolf|Incineroar, F|100/100
|switch|p2a: Pincurchin|Pincurchin, F|100/100
|-ability|p1a: Wolf|Intimidate|boost
|-unboost|p2a: Pincurchin|atk|1
|-fieldstart|move: Electric Terrain|[from] ability: Electric Surge|[of] p2a: Pincurchin
|turn|1
|
|t:|1776047276
|move|p1a: Wolf|Knock Off|p2a: Pincurchin
|-damage|p2a: Pincurchin|65/100
|-enditem|p2a: Pincurchin|Terrain Extender|[from] move: Knock Off|[of] p1a: Wolf
|move|p2a: Pincurchin|Spikes|p1a: Wolf
|-sidestart|p1: BreadCrumb26|Spikes
|
|upkeep
|turn|2
|
|t:|1776047287
|move|p1a: Wolf|Flare Blitz|p2a: Pincurchin
|-damage|p2a: Pincurchin|19/100
|-damage|p1a: Wolf|89/100|[from] Recoil
|move|p2a: Pincurchin|Thunder Wave|p1a: Wolf
|-status|p1a: Wolf|par
|
|upkeep
|turn|3
|
|t:|1776047296
|move|p1a: Wolf|Knock Off|p2a: Pincurchin
|-damage|p2a: Pincurchin|0 fnt
|faint|p2a: Pincurchin
|
|upkeep
|
|t:|1776047307
|switch|p2a: Raichu|Raichu-Alola, M|100/100
|turn|4
|
|t:|1776047310
|move|p2a: Raichu|Nasty Plot|p2a: Raichu
|-boost|p2a: Raichu|spa|2
|move|p1a: Wolf|Knock Off|p2a: Raichu
|-supereffective|p2a: Raichu
|-damage|p2a: Raichu|0 fnt
|-enditem|p2a: Raichu|Heavy-Duty Boots|[from] move: Knock Off|[of] p1a: Wolf
|faint|p2a: Raichu
|
|upkeep
|
|t:|1776047316
|switch|p2a: Iron Treads|Iron Treads|100/100
|-activate|p2a: Iron Treads|ability: Quark Drive
|-start|p2a: Iron Treads|quarkdrivespe
|turn|5
|
|t:|1776047322
|move|p2a: Iron Treads|Earthquake|p1a: Wolf
|-supereffective|p1a: Wolf
|-damage|p1a: Wolf|17/100 par
|move|p1a: Wolf|Knock Off|p2a: Iron Treads
|-damage|p2a: Iron Treads|64/100
|-enditem|p2a: Iron Treads|Assault Vest|[from] move: Knock Off|[of] p1a: Wolf
|
|upkeep
|turn|6
|
|t:|1776047330
|move|p2a: Iron Treads|Earthquake|p1a: Wolf
|-supereffective|p1a: Wolf
|-damage|p1a: Wolf|0 fnt
|faint|p1a: Wolf
|
|upkeep
|
|t:|1776047345
|switch|p1a: the bug|Lokix, F, shiny|100/100
|-damage|p1a: the bug|88/100|[from] Spikes
|turn|7
|
|t:|1776047350
|move|p1a: the bug|First Impression|p2a: Iron Treads
|-resisted|p2a: Iron Treads
|-damage|p2a: Iron Treads|14/100
|-damage|p1a: the bug|78/100|[from] item: Life Orb
|move|p2a: Iron Treads|Iron Head|p1a: the bug
|-damage|p1a: the bug|25/100
|
|upkeep
|turn|8
|
|t:|1776047359
|move|p2a: Iron Treads|Iron Head|p1a: the bug
|-damage|p1a: the bug|0 fnt
|faint|p1a: the bug
|
|-fieldend|move: Electric Terrain
|-end|p2a: Iron Treads|Quark Drive
|upkeep
|inactive|Battle timer is ON: inactive players will automatically lose when time's up. (requested by W4R1V3)
|
|t:|1776047371
|switch|p1a: the pon|Ogerpon-Wellspring, F|100/100
|-damage|p1a: the pon|88/100|[from] Spikes
|turn|9
|
|t:|1776047382
|-end|p2a: Iron Treads|Quark Drive|[silent]
|switch|p2a: Grimmsnarl|Grimmsnarl, M|100/100
|move|p1a: the pon|Ivy Cudgel|p2a: Grimmsnarl|[anim] Ivy Cudgel Water
|-damage|p2a: Grimmsnarl|23/100
|-enditem|p2a: Grimmsnarl|Eject Button
|
|t:|1776047390
|switch|p2a: Sylveon|Sylveon, F|100/100
|
|upkeep
|turn|10
|
|t:|1776047395
|move|p1a: the pon|Swords Dance|p1a: the pon
|-boost|p1a: the pon|atk|2
|move|p2a: Sylveon|Hyper Beam|p1a: the pon
|-damage|p1a: the pon|0 fnt
|-mustrecharge|p2a: Sylveon
|faint|p1a: the pon
|
|upkeep
|c|☆BreadCrumb26|evil
|
|t:|1776047410
|switch|p1a: the orus|Enamorus, F|100/100
|-damage|p1a: the orus|88/100|[from] Spikes
|turn|11
|
|t:|1776047416
|move|p1a: the orus|Bitter Malice|p2a: Sylveon
|-damage|p2a: Sylveon|59/100
|-unboost|p2a: Sylveon|atk|1
|cant|p2a: Sylveon|recharge
|
|upkeep
|turn|12
|
|t:|1776047423
|move|p1a: the orus|Bitter Malice|p2a: Sylveon
|-damage|p2a: Sylveon|23/100
|-unboost|p2a: Sylveon|atk|1
|move|p2a: Sylveon|Hyper Beam|p1a: the orus
|-damage|p1a: the orus|0 fnt
|-mustrecharge|p2a: Sylveon
|replace|p1a: The Zark|Zoroark-Hisui, F
|-end|p1a: The Zark|Illusion
|faint|p1a: The Zark
|
|upkeep
|
|t:|1776047437
|switch|p1a: the orus|Enamorus, F|100/100
|turn|13
|
|t:|1776047452
|-terastallize|p1a: the orus|Stellar
|move|p1a: the orus|Tera Blast|p2a: Sylveon|[anim] Tera Blast Stellar
|-damage|p2a: Sylveon|0 fnt
|-boost|p1a: the orus|atk|1
|-boost|p1a: the orus|spa|1
|faint|p2a: Sylveon
|
|upkeep
|
|t:|1776047461
|switch|p2a: Pecharunt|Pecharunt|100/100
|turn|14
|
|t:|1776047463
|move|p1a: the orus|Tera Blast|p2a: Pecharunt|[anim] Tera Blast Stellar
|-damage|p2a: Pecharunt|18/100
|-boost|p1a: the orus|atk|1
|-boost|p1a: the orus|spa|1
|move|p2a: Pecharunt|Toxic|p1a: the orus
|-status|p1a: the orus|tox
|-start|p1a: the orus|confusion|[from] ability: Poison Puppeteer|[of] p2a: Pecharunt
|
|-heal|p2a: Pecharunt|24/100|[from] item: Leftovers
|-damage|p1a: the orus|94/100 tox|[from] psn
|upkeep
|turn|15
|
|t:|1776047474
|move|p2a: Pecharunt|Protect|p2a: Pecharunt
|-singleturn|p2a: Pecharunt|Protect
|-activate|p1a: the orus|confusion
|-damage|p1a: the orus|67/100 tox|[from] confusion
|
|-heal|p2a: Pecharunt|30/100|[from] item: Leftovers
|-damage|p1a: the orus|54/100 tox|[from] psn
|upkeep
|turn|16
|
|t:|1776047483
|-activate|p1a: the orus|confusion
|-damage|p1a: the orus|25/100 tox|[from] confusion
|move|p2a: Pecharunt|Recover|p2a: Pecharunt
|-heal|p2a: Pecharunt|80/100
|
|-heal|p2a: Pecharunt|86/100|[from] item: Leftovers
|-damage|p1a: the orus|6/100 tox|[from] psn
|upkeep
|turn|17
|
|t:|1776047490
|move|p2a: Pecharunt|Protect|p2a: Pecharunt
|-singleturn|p2a: Pecharunt|Protect
|-end|p1a: the orus|confusion
|move|p1a: the orus|Tera Blast|p2a: Pecharunt|[anim] Tera Blast Stellar
|-activate|p2a: Pecharunt|move: Protect
|
|-heal|p2a: Pecharunt|92/100|[from] item: Leftovers
|-damage|p1a: the orus|0 fnt|[from] psn
|faint|p1a: the orus
|upkeep
|
|t:|1776047499
|switch|p1a: the mora|Glimmora, M|100/100
|-damage|p1a: the mora|88/100|[from] Spikes
|turn|18
|
|t:|1776047504
|move|p1a: the mora|Earth Power|p2a: Pecharunt
|-supereffective|p2a: Pecharunt
|-damage|p2a: Pecharunt|30/100
|move|p2a: Pecharunt|Parting Shot|p1a: the mora
|-unboost|p1a: the mora|atk|1
|-unboost|p1a: the mora|spa|1
|
|t:|1776047512
|switch|p2a: Iron Treads|Iron Treads|14/100|[from] Parting Shot
|
|-heal|p1a: the mora|94/100|[from] item: Leftovers
|upkeep
|turn|19
|
|t:|1776047519
|move|p2a: Iron Treads|Iron Head|p1a: the mora
|-supereffective|p1a: the mora
|-crit|p1a: the mora
|-damage|p1a: the mora|0 fnt
|-activate|p1a: the mora|ability: Toxic Debris
|-sidestart|p2: W4R1V3|move: Toxic Spikes
|faint|p1a: the mora
|
|win|W4R1V3
|raw|BreadCrumb26's rating: 1168 &rarr; <strong>1144</strong><br />(-24 for losing)
|raw|W4R1V3's rating: 1177 &rarr; <strong>1201</strong><br />(+24 for winning)
|l|☆W4R1V3
|player|p2|
|c|☆BreadCrumb26|gg
|l|☆BreadCrumb26
|player|p1|
