|html|<div class="broadcast-blue"><strong>[Gen 9] OU is currently suspecting Tera Blast! For information on how to participate check out the <a href="https://www.smogon.com/tools/suspects/view/200">suspect thread</a>.</strong></div>
|j|☆Blaze Fenix
|j|☆Type zero Nirvash
|t:|1776035834
|gametype|singles
|player|p1|Blaze Fenix|blue|1221
|player|p2|Type zero Nirvash|riley|1169
|gen|9
|tier|[Gen 9] OU
|rated|
|rule|HP Percentage Mod: HP is shown in percentages
|rule|Endless Battle Clause: Forcing endless battles is banned
|rule|Species Clause: Limit one of each Pokémon
|rule|OHKO Clause: OHKO moves are banned
|rule|Evasion Items Clause: Evasion items are banned
|rule|Evasion Moves Clause: Evasion moves are banned
|rule|Evasion Abilities Clause: Evasion abilities are banned
|rule|Sleep Moves Clause: Sleep-inducing moves are banned
|clearpoke
|poke|p1|Entei|
|poke|p1|Garchomp, F|
|poke|p1|Weavile, F|
|poke|p1|Slowbro, M|
|poke|p1|Corviknight, F|
|poke|p1|Rillaboom, M|
|poke|p2|Jirachi|
|poke|p2|Lucario, M|
|poke|p2|Suicune|
|poke|p2|Goodra, F|
|poke|p2|Blaziken, M|
|poke|p2|Sylveon, F|
|teampreview
|
|t:|1776035843
|teamsize|p1|6
|teamsize|p2|6
|start
|switch|p1a: Garchomp|Garchomp, F|100/100
|switch|p2a: Babe|Sylveon, F, shiny|100/100
|turn|1
|
|t:|1776035851
|switch|p1a: Entei|Entei|100/100
|move|p2a: Babe|Hyper Voice|p1a: Entei
|-resisted|p1a: Entei
|-damage|p1a: Entei|49/100
|
|upkeep
|turn|2
|
|t:|1776035859
|move|p1a: Entei|Sacred Fire|p2a: Babe
|-damage|p2a: Babe|4/100
|-status|p2a: Babe|brn
|move|p2a: Babe|Hyper Voice|p1a: Entei
|-resisted|p1a: Entei
|-damage|p1a: Entei|5/100
|
|-damage|p2a: Babe|0 fnt|[from] brn
|faint|p2a: Babe
|upkeep
|
|t:|1776035877
|switch|p2a: Type Zero|Lucario, M|100/100
|turn|3
|
|t:|1776035889
|switch|p2a: Tammy|Goodra, F|100/100
|switch|p1a: Slowbro|Slowbro, M|100/100
|
|upkeep
|turn|4
|
|t:|1776035897
|move|p2a: Tammy|Thunder|p1a: Slowbro
|-supereffective|p1a: Slowbro
|-damage|p1a: Slowbro|23/100
|-status|p1a: Slowbro|par
|move|p1a: Slowbro|Future Sight|p2a: Tammy
|-start|p1a: Slowbro|move: Future Sight
|
|upkeep
|turn|5
|
|t:|1776035907
|switch|p1a: Garchomp|Garchomp, F|100/100
|move|p2a: Tammy|Draco Meteor|p1a: Garchomp
|-supereffective|p1a: Garchomp
|-damage|p1a: Garchomp|0 fnt
|-unboost|p2a: Tammy|spa|2
|faint|p1a: Garchomp
|
|upkeep
|
|t:|1776035916
|switch|p1a: Rillaboom|Rillaboom, M|100/100
|-fieldstart|move: Grassy Terrain|[from] ability: Grassy Surge|[of] p1a: Rillaboom
|turn|6
|
|t:|1776035922
|move|p1a: Rillaboom|Swords Dance|p1a: Rillaboom
|-boost|p1a: Rillaboom|atk|2
|move|p2a: Tammy|Fire Blast|p1a: Rillaboom|[miss]
|-miss|p2a: Tammy|p1a: Rillaboom
|
|-end|p2a: Tammy|move: Future Sight
|-damage|p2a: Tammy|83/100
|-heal|p2a: Tammy|89/100|[from] Grassy Terrain
|upkeep
|turn|7
|
|t:|1776035933
|switch|p2a: The chongler|Blaziken, M, shiny|100/100
|move|p1a: Rillaboom|Swords Dance|p1a: Rillaboom
|-boost|p1a: Rillaboom|atk|2
|
|upkeep
|turn|8
|
|t:|1776035940
|switch|p1a: Slowbro|Slowbro, M|56/100 par
|-terastallize|p2a: The chongler|Flying
|move|p2a: The chongler|Swords Dance|p2a: The chongler
|-boost|p2a: The chongler|atk|2
|
|-heal|p1a: Slowbro|62/100 par|[from] Grassy Terrain
|-ability|p2a: The chongler|Speed Boost|boost
|-boost|p2a: The chongler|spe|1
|upkeep
|turn|9
|
|t:|1776035952
|move|p2a: The chongler|Swords Dance|p2a: The chongler
|-boost|p2a: The chongler|atk|2
|move|p1a: Slowbro|Ice Beam|p2a: The chongler
|-supereffective|p2a: The chongler
|-damage|p2a: The chongler|35/100
|
|-heal|p1a: Slowbro|68/100 par|[from] Grassy Terrain
|-ability|p2a: The chongler|Speed Boost|boost
|-boost|p2a: The chongler|spe|1
|upkeep
|turn|10
|
|t:|1776035968
|switch|p1a: Corviknight|Corviknight, F|100/100
|-ability|p1a: Corviknight|Pressure
|move|p2a: The chongler|Close Combat|p1a: Corviknight
|-damage|p1a: Corviknight|0 fnt
|-unboost|p2a: The chongler|def|1
|-unboost|p2a: The chongler|spd|1
|faint|p1a: Corviknight
|
|-fieldend|move: Grassy Terrain
|-ability|p2a: The chongler|Speed Boost|boost
|-boost|p2a: The chongler|spe|1
|upkeep
|
|t:|1776035982
|switch|p1a: Weavile|Weavile, F|100/100
|turn|11
|
|t:|1776035986
|move|p2a: The chongler|Protect|p2a: The chongler
|-singleturn|p2a: The chongler|Protect
|move|p1a: Weavile|Ice Shard|p2a: The chongler
|-activate|p2a: The chongler|move: Protect
|
|-ability|p2a: The chongler|Speed Boost|boost
|-boost|p2a: The chongler|spe|1
|upkeep
|turn|12
|
|t:|1776035995
|switch|p2a: Eureka|Suicune, shiny|100/100
|-ability|p2a: Eureka|Pressure
|move|p1a: Weavile|Ice Shard|p2a: Eureka
|-resisted|p2a: Eureka
|-damage|p2a: Eureka|93/100
|-damage|p1a: Weavile|91/100|[from] item: Life Orb
|
|-heal|p2a: Eureka|99/100|[from] item: Leftovers
|upkeep
|turn|13
|
|t:|1776036007
|move|p1a: Weavile|Knock Off|p2a: Eureka
|-damage|p2a: Eureka|65/100
|-enditem|p2a: Eureka|Leftovers|[from] move: Knock Off|[of] p1a: Weavile
|-damage|p1a: Weavile|81/100|[from] item: Life Orb
|move|p2a: Eureka|Scald|p1a: Weavile
|-damage|p1a: Weavile|46/100
|
|upkeep
|turn|14
|
|t:|1776036020
|switch|p1a: Slowbro|Slowbro, M|100/100 par
|move|p2a: Eureka|Scald|p1a: Slowbro
|-resisted|p1a: Slowbro
|-damage|p1a: Slowbro|88/100 par
|
|upkeep
|turn|15
|
|t:|1776036028
|move|p2a: Eureka|Calm Mind|p2a: Eureka
|-boost|p2a: Eureka|spa|1
|-boost|p2a: Eureka|spd|1
|cant|p1a: Slowbro|par
|
|upkeep
|turn|16
|
|t:|1776036034
|move|p2a: Eureka|Scald|p1a: Slowbro
|-resisted|p1a: Slowbro
|-damage|p1a: Slowbro|68/100 par
|cant|p1a: Slowbro|par
|
|upkeep
|turn|17
|
|t:|1776036041
|move|p2a: Eureka|Calm Mind|p2a: Eureka
|-boost|p2a: Eureka|spa|1
|-boost|p2a: Eureka|spd|1
|move|p1a: Slowbro|Future Sight|p2a: Eureka
|-start|p1a: Slowbro|move: Future Sight
|
|upkeep
|turn|18
|
|t:|1776036047
|move|p2a: Eureka|Scald|p1a: Slowbro
|-resisted|p1a: Slowbro
|-damage|p1a: Slowbro|42/100 par
|move|p1a: Slowbro|Thunder Wave|p2a: Eureka
|-status|p2a: Eureka|par
|
|upkeep
|turn|19
|
|t:|1776036058
|switch|p1a: Entei|Entei|5/100
|cant|p2a: Eureka|par
|
|-end|p2a: Eureka|move: Future Sight
|-damage|p2a: Eureka|48/100 par
|upkeep
|turn|20
|
|t:|1776036066
|move|p1a: Entei|Crunch|p2a: Eureka
|-damage|p2a: Eureka|23/100 par
|move|p2a: Eureka|Rest|p2a: Eureka
|-status|p2a: Eureka|slp|[from] move: Rest
|-heal|p2a: Eureka|100/100 slp|[silent]
|
|upkeep
|turn|21
|
|t:|1776036073
|move|p1a: Entei|Crunch|p2a: Eureka
|-damage|p2a: Eureka|74/100 slp
|-unboost|p2a: Eureka|def|1
|cant|p2a: Eureka|slp
|move|p2a: Eureka|Sleep Talk|p2a: Eureka
|move|p2a: Eureka|Calm Mind|p2a: Eureka|[from] move: Sleep Talk
|-boost|p2a: Eureka|spa|1
|-boost|p2a: Eureka|spd|1
|
|upkeep
|turn|22
|
|t:|1776036084
|move|p1a: Entei|Crunch|p2a: Eureka
|-damage|p2a: Eureka|39/100 slp
|cant|p2a: Eureka|slp
|move|p2a: Eureka|Sleep Talk|p2a: Eureka
|move|p2a: Eureka|Scald|p1a: Entei|[from] move: Sleep Talk
|-supereffective|p1a: Entei
|-damage|p1a: Entei|0 fnt
|faint|p1a: Entei
|
|upkeep
|
|t:|1776036096
|switch|p1a: Rillaboom|Rillaboom, M|100/100
|-fieldstart|move: Grassy Terrain|[from] ability: Grassy Surge|[of] p1a: Rillaboom
|turn|23
|
|t:|1776036101
|switch|p2a: Tammy|Goodra, F|89/100
|move|p1a: Rillaboom|Swords Dance|p1a: Rillaboom
|-boost|p1a: Rillaboom|atk|2
|
|-heal|p2a: Tammy|95/100|[from] Grassy Terrain
|upkeep
|turn|24
|
|t:|1776036110
|switch|p1a: Slowbro|Slowbro, M|75/100 par
|move|p2a: Tammy|Fire Blast|p1a: Slowbro
|-resisted|p1a: Slowbro
|-damage|p1a: Slowbro|55/100 par
|
|-heal|p2a: Tammy|100/100|[from] Grassy Terrain
|-heal|p1a: Slowbro|61/100 par|[from] Grassy Terrain
|upkeep
|turn|25
|
|t:|1776036120
|move|p2a: Tammy|Thunder|p1a: Slowbro
|-supereffective|p1a: Slowbro
|-damage|p1a: Slowbro|0 fnt
|faint|p1a: Slowbro
|
|upkeep
|
|t:|1776036126
|switch|p1a: Weavile|Weavile, F|46/100
|turn|26
|
|t:|1776036133
|switch|p2a: The END|Jirachi, shiny|100/100
|move|p1a: Weavile|Knock Off|p2a: The END
|-supereffective|p2a: The END
|-damage|p2a: The END|0 fnt
|-enditem|p2a: The END|Choice Scarf|[from] move: Knock Off|[of] p1a: Weavile
|faint|p2a: The END
|-damage|p1a: Weavile|36/100|[from] item: Life Orb
|
|-heal|p1a: Weavile|42/100|[from] Grassy Terrain
|upkeep
|
|t:|1776036141
|switch|p2a: Type Zero|Lucario, M|100/100
|turn|27
|
|t:|1776036147
|move|p1a: Weavile|Chilling Water|p2a: Type Zero
|-crit|p2a: Type Zero
|-damage|p2a: Type Zero|82/100
|-unboost|p2a: Type Zero|atk|1
|-damage|p1a: Weavile|33/100|[from] item: Life Orb
|move|p2a: Type Zero|Close Combat|p1a: Weavile
|-supereffective|p1a: Weavile
|-damage|p1a: Weavile|0 fnt
|-unboost|p2a: Type Zero|def|1
|-unboost|p2a: Type Zero|spd|1
|faint|p1a: Weavile
|
|-heal|p2a: Type Zero|88/100|[from] Grassy Terrain
|-fieldend|move: Grassy Terrain
|upkeep
|
|t:|1776036161
|switch|p1a: Rillaboom|Rillaboom, M|100/100
|-fieldstart|move: Grassy Terrain|[from] ability: Grassy Surge|[of] p1a: Rillaboom
|turn|28
|
|t:|1776036166
|move|p2a: Type Zero|Close Combat|p1a: Rillaboom
|-damage|p1a: Rillaboom|37/100
|-unboost|p2a: Type Zero|def|1
|-unboost|p2a: Type Zero|spd|1
|move|p1a: Rillaboom|Swords Dance|p1a: Rillaboom
|-boost|p1a: Rillaboom|atk|2
|
|-heal|p2a: Type Zero|94/100|[from] Grassy Terrain
|-heal|p1a: Rillaboom|43/100|[from] Grassy Terrain
|upkeep
|turn|29
|
|t:|1776036177
|switch|p2a: Tammy|Goodra, F|100/100
|move|p1a: Rillaboom|Grassy Glide|p2a: Tammy
|-ability|p2a: Tammy|Sap Sipper|boost
|-boost|p2a: Tammy|atk|1
|
|-heal|p1a: Rillaboom|49/100|[from] Grassy Terrain
|upkeep
|turn|30
|
|t:|1776036187
|move|p1a: Rillaboom|Hammer Arm|p2a: Tammy
|-damage|p2a: Tammy|21/100
|-unboost|p1a: Rillaboom|spe|1
|move|p2a: Tammy|Fire Blast|p1a: Rillaboom
|-supereffective|p1a: Rillaboom
|-damage|p1a: Rillaboom|0 fnt
|faint|p1a: Rillaboom
|
|win|Type zero Nirvash
|raw|Blaze Fenix's rating: 1221 &rarr; <strong>1192</strong><br />(-29 for losing)
|raw|Type zero Nirvash's rating: 1169 &rarr; <strong>1198</strong><br />(+29 for winning)
|c|☆Type zero Nirvash|Gg
|l|☆Type zero Nirvash
|player|p2|
