|html|<div class="broadcast-blue"><strong>[Gen 9] OU is currently suspecting Tera Blast! For information on how to participate check out the <a href="https://www.smogon.com/tools/suspects/view/200">suspect thread</a>.</strong></div>
|badge|p2|bronze|gen9ubers|100-9
|uhtml|medal-msg|<div class="broadcast-blue">Curious what those medals under the avatar are? PS now has Ladder Seasons! For more information, check out the <a href="https://www.smogon.com/forums/threads/3740067/">thread on Smogon.</a></div>
|j|☆Tsucci Hebi
|j|☆SitrisNerd
|t:|1776218689
|gametype|singles
|player|p1|Tsucci Hebi|backersf|1320
|player|p2|SitrisNerd|touristf|1382
|gen|9
|tier|[Gen 9] OU
|rated|
|rule|HP Percentage Mod: HP is shown in percentages
|rule|Endless Battle Clause: Forcing endless battles is banned
|rule|Species Clause: Limit one of each Pokémon
|rule|OHKO Clause: OHKO moves are banned
|rule|Evasion Items Clause: Evasion items are banned
|rule|Evasion Moves Clause: Evasion moves are banned
|rule|Evasion Abilities Clause: Evasion abilities are banned
|rule|Sleep Moves Clause: Sleep-inducing moves are banned
|clearpoke
|poke|p1|Houndstone, M|
|poke|p1|Ogerpon-Wellspring, F|
|poke|p1|Meloetta|
|poke|p1|Glimmora, F|
|poke|p1|Clefable, F|
|poke|p1|Dudunsparce-*, M|
|poke|p2|Empoleon, F|
|poke|p2|Enamorus, F|
|poke|p2|Hoopa-Unbound|
|poke|p2|Great Tusk|
|poke|p2|Dragapult, M|
|poke|p2|Moltres|
|teampreview
|inactive|Battle timer is ON: inactive players will automatically lose when time's up. (requested by SitrisNerd)
|
|t:|1776218708
|teamsize|p1|6
|teamsize|p2|6
|start
|switch|p1a: 土蛇(tsuchi hebi)|Dudunsparce-Three-Segment, M|100/100
|switch|p2a: Empoleon|Empoleon, F, shiny|100/100
|turn|1
|
|t:|1776218715
|move|p2a: Empoleon|Stealth Rock|p1a: 土蛇(tsuchi hebi)
|-sidestart|p1: Tsucci Hebi|move: Stealth Rock
|move|p1a: 土蛇(tsuchi hebi)|Boomburst|p2a: Empoleon
|-resisted|p2a: Empoleon
|-damage|p2a: Empoleon|75/100
|-enditem|p1a: 土蛇(tsuchi hebi)|Throat Spray
|-boost|p1a: 土蛇(tsuchi hebi)|spa|1|[from] item: Throat Spray
|
|upkeep
|turn|2
|
|t:|1776218723
|move|p2a: Empoleon|Surf|p1a: 土蛇(tsuchi hebi)
|-damage|p1a: 土蛇(tsuchi hebi)|59/100
|move|p1a: 土蛇(tsuchi hebi)|Thunderbolt|p2a: Empoleon
|-supereffective|p2a: Empoleon
|-damage|p2a: Empoleon|10/100
|
|upkeep
|turn|3
|
|t:|1776218730
|move|p2a: Empoleon|Flip Turn|p1a: 土蛇(tsuchi hebi)
|-damage|p1a: 土蛇(tsuchi hebi)|45/100
|
|t:|1776218733
|switch|p2a: Hoopa|Hoopa-Unbound|100/100|[from] Flip Turn
|move|p1a: 土蛇(tsuchi hebi)|Thunderbolt|p2a: Hoopa
|-damage|p2a: Hoopa|81/100
|
|upkeep
|turn|4
|
|t:|1776218742
|move|p2a: Hoopa|Drain Punch|p1a: 土蛇(tsuchi hebi)
|-supereffective|p1a: 土蛇(tsuchi hebi)
|-damage|p1a: 土蛇(tsuchi hebi)|0 fnt
|-heal|p2a: Hoopa|100/100|[from] drain|[of] p1a: 土蛇(tsuchi hebi)
|faint|p1a: 土蛇(tsuchi hebi)
|
|upkeep
|
|t:|1776218751
|switch|p1a: Beam|Glimmora, F|100/100
|-damage|p1a: Beam|88/100|[from] Stealth Rock
|turn|5
|
|t:|1776218753
|move|p1a: Beam|Meteor Beam||[still]
|-prepare|p1a: Beam|Meteor Beam
|-boost|p1a: Beam|spa|1
|-enditem|p1a: Beam|Power Herb
|-anim|p1a: Beam|Meteor Beam|p2a: Hoopa
|-damage|p2a: Hoopa|61/100
|move|p2a: Hoopa|Psychic Noise|p1a: Beam
|-supereffective|p1a: Beam
|-crit|p1a: Beam
|-damage|p1a: Beam|0 fnt
|faint|p1a: Beam
|
|upkeep
|
|t:|1776218767
|switch|p1a: Kanabō|Ogerpon-Wellspring, F|100/100
|-damage|p1a: Kanabō|88/100|[from] Stealth Rock
|turn|6
|
|t:|1776218776
|switch|p2a: Dragapult|Dragapult, M, shiny|100/100
|move|p1a: Kanabō|Ivy Cudgel|p2a: Dragapult|[anim] Ivy Cudgel Water
|-resisted|p2a: Dragapult
|-damage|p2a: Dragapult|58/100
|
|upkeep
|turn|7
|
|t:|1776218787
|move|p2a: Dragapult|U-turn|p1a: Kanabō
|-supereffective|p1a: Kanabō
|-damage|p1a: Kanabō|0 fnt
|faint|p1a: Kanabō
|
|t:|1776218793
|switch|p2a: Hoopa|Hoopa-Unbound|61/100|[from] U-turn
|
|upkeep
|
|t:|1776218799
|switch|p1a: Pink thing|Clefable, F|100/100
|turn|8
|
|t:|1776218806
|move|p2a: Hoopa|Psychic Noise|p1a: Pink thing
|-damage|p1a: Pink thing|57/100
|-start|p1a: Pink thing|move: Heal Block
|move|p1a: Pink thing|Cosmic Power|p1a: Pink thing
|-boost|p1a: Pink thing|def|1
|-boost|p1a: Pink thing|spd|1
|
|upkeep
|turn|9
|
|t:|1776218815
|switch|p2a: Moltres|Moltres, shiny|100/100
|-terastallize|p1a: Pink thing|Fire
|move|p1a: Pink thing|Flamethrower|p2a: Moltres
|-resisted|p2a: Moltres
|-damage|p2a: Moltres|81/100
|
|-end|p1a: Pink thing|move: Heal Block
|upkeep
|turn|10
|
|t:|1776218823
|move|p1a: Pink thing|Moonlight|p1a: Pink thing
|-heal|p1a: Pink thing|100/100
|move|p2a: Moltres|Roar|p1a: Pink thing
|drag|p1a: Sandstorm|Houndstone, M, shiny|100/100
|-damage|p1a: Sandstorm|88/100|[from] Stealth Rock
|
|upkeep
|turn|11
|
|t:|1776218833
|move|p2a: Moltres|Flamethrower|p1a: Sandstorm
|-damage|p1a: Sandstorm|12/100
|-status|p1a: Sandstorm|brn
|move|p1a: Sandstorm|Destiny Bond|p1a: Sandstorm
|-singlemove|p1a: Sandstorm|Destiny Bond
|
|-damage|p1a: Sandstorm|6/100 brn|[from] brn
|upkeep
|turn|12
|
|t:|1776218838
|switch|p2a: Empoleon|Empoleon, F, shiny|10/100
|move|p1a: Sandstorm|Roar|p2a: Empoleon
|drag|p2a: Enamorus|Enamorus, F|100/100
|
|-damage|p1a: Sandstorm|0 fnt|[from] brn
|faint|p1a: Sandstorm
|upkeep
|
|t:|1776218845
|switch|p1a: Mellie|Meloetta|100/100
|-damage|p1a: Mellie|88/100|[from] Stealth Rock
|turn|13
|
|t:|1776218852
|switch|p2a: Hoopa|Hoopa-Unbound|61/100
|move|p1a: Mellie|Trick Room|p1a: Mellie
|-fieldstart|move: Trick Room|[of] p1a: Mellie
|
|upkeep
|turn|14
|
|t:|1776218857
|move|p1a: Mellie|Hyper Beam|p2a: Hoopa
|-damage|p2a: Hoopa|29/100
|-mustrecharge|p1a: Mellie
|move|p2a: Hoopa|Knock Off|p1a: Mellie
|-supereffective|p1a: Mellie
|-damage|p1a: Mellie|0 fnt
|-enditem|p1a: Mellie|Iron Ball|[from] move: Knock Off|[of] p2a: Hoopa
|faint|p1a: Mellie
|
|upkeep
|
|t:|1776218866
|switch|p1a: Pink thing|Clefable, F, tera:Fire|100/100
|turn|15
|
|t:|1776218868
|switch|p2a: Enamorus|Enamorus, F|100/100
|move|p1a: Pink thing|Flamethrower|p2a: Enamorus
|-crit|p2a: Enamorus
|-damage|p2a: Enamorus|17/100
|
|upkeep
|turn|16
|
|t:|1776218872
|switch|p2a: Great Tusk|Great Tusk, shiny|100/100
|move|p1a: Pink thing|Flamethrower|p2a: Great Tusk
|-damage|p2a: Great Tusk|48/100
|
|upkeep
|turn|17
|
|t:|1776218880
|-terastallize|p2a: Great Tusk|Water
|move|p1a: Pink thing|Flamethrower|p2a: Great Tusk
|-resisted|p2a: Great Tusk
|-damage|p2a: Great Tusk|23/100
|move|p2a: Great Tusk|Headlong Rush|p1a: Pink thing
|-supereffective|p1a: Pink thing
|-damage|p1a: Pink thing|2/100
|-unboost|p2a: Great Tusk|def|1
|-unboost|p2a: Great Tusk|spd|1
|
|-fieldend|move: Trick Room
|upkeep
|turn|18
|
|t:|1776218890
|-end|p2a: Great Tusk|Protosynthesis|[silent]
|switch|p2a: Dragapult|Dragapult, M, shiny|58/100
|move|p1a: Pink thing|Flamethrower|p2a: Dragapult
|-resisted|p2a: Dragapult
|-damage|p2a: Dragapult|30/100
|
|upkeep
|turn|19
|
|t:|1776218896
|move|p2a: Dragapult|Dragon Darts|p1a: Pink thing
|-damage|p1a: Pink thing|0 fnt
|faint|p1a: Pink thing
|
|win|SitrisNerd
|raw|Tsucci Hebi's rating: 1320 &rarr; <strong>1304</strong><br />(-16 for losing)
|raw|SitrisNerd's rating: 1382 &rarr; <strong>1398</strong><br />(+16 for winning)
