|html|<div class="broadcast-blue"><strong>[Gen 9] OU is currently suspecting Tera Blast! For information on how to participate check out the <a href="https://www.smogon.com/tools/suspects/view/200">suspect thread</a>.</strong></div>
|badge|p1|bronze|gen9randombattle|100-9
|uhtml|medal-msg|<div class="broadcast-blue">Curious what those medals under the avatar are? PS now has Ladder Seasons! For more information, check out the <a href="https://www.smogon.com/forums/threads/3740067/">thread on Smogon.</a></div>
|j|☆kindnessalwayswins
|j|‽superstar
|t:|1776098133
|gametype|singles
|player|p1|kindnessalwayswins|iris-gen5bw2|1576
|player|p2|superstar|170|1593
|gen|9
|tier|[Gen 9] OU
|rated|
|rule|HP Percentage Mod: HP is shown in percentages
|rule|Endless Battle Clause: Forcing endless battles is banned
|rule|Species Clause: Limit one of each Pokémon
|rule|OHKO Clause: OHKO moves are banned
|rule|Evasion Items Clause: Evasion items are banned
|rule|Evasion Moves Clause: Evasion moves are banned
|rule|Evasion Abilities Clause: Evasion abilities are banned
|rule|Sleep Moves Clause: Sleep-inducing moves are banned
|clearpoke
|poke|p1|Hatterene, F|
|poke|p1|Iron Valiant|
|poke|p1|Cinderace, M|
|poke|p1|Alomomola, F|
|poke|p1|Kingambit, M|
|poke|p1|Flygon, F|
|poke|p2|Zapdos|
|poke|p2|Ting-Lu|
|poke|p2|Slowking-Galar, F|
|poke|p2|Dragonite, M|
|poke|p2|Dragapult, F|
|poke|p2|Iron Valiant|
|teampreview
|c|☆kindnessalwayswins|hf
|
|t:|1776098155
|teamsize|p1|6
|teamsize|p2|6
|start
|switch|p1a: Flygon|Flygon, F|100/100
|switch|p2a: Slowking|Slowking-Galar, F|100/100
|turn|1
|
|t:|1776098173
|switch|p2a: Zapdos|Zapdos|100/100
|move|p1a: Flygon|Earthquake|p2a: Zapdos
|-immune|p2a: Zapdos
|
|upkeep
|turn|2
|
|t:|1776098213
|switch|p1a: Hatterene|Hatterene, F|100/100
|move|p2a: Zapdos|Volt Switch|p1a: Hatterene
|-damage|p1a: Hatterene|81/100
|
|t:|1776098216
|switch|p2a: Slowking|Slowking-Galar, F|100/100|[from] Volt Switch
|
|upkeep
|turn|3
|
|t:|1776098226
|move|p1a: Hatterene|Nuzzle|p2a: Slowking
|-damage|p2a: Slowking|96/100
|-status|p2a: Slowking|par
|cant|p2a: Slowking|par
|
|upkeep
|turn|4
|
|t:|1776098233
|switch|p1a: Kingambit|Kingambit, M|100/100
|move|p2a: Slowking|Toxic Spikes|p1a: Kingambit
|-sidestart|p1: kindnessalwayswins|move: Toxic Spikes
|
|upkeep
|turn|5
|
|t:|1776098242
|switch|p2a: Zapdos|Zapdos|100/100
|move|p1a: Kingambit|Swords Dance|p1a: Kingambit
|-boost|p1a: Kingambit|atk|2
|
|upkeep
|turn|6
|
|t:|1776098246
|move|p2a: Zapdos|Thunder Wave|p1a: Kingambit
|-status|p1a: Kingambit|par
|move|p1a: Kingambit|Kowtow Cleave|p2a: Zapdos
|-damage|p2a: Zapdos|10/100
|
|upkeep
|turn|7
|
|t:|1776098262
|move|p2a: Zapdos|Volt Switch|p1a: Kingambit
|-damage|p1a: Kingambit|74/100 par
|
|t:|1776098267
|switch|p2a: Ting-Lu|Ting-Lu|100/100|[from] Volt Switch
|-ability|p2a: Ting-Lu|Vessel of Ruin
|move|p1a: Kingambit|Kowtow Cleave|p2a: Ting-Lu
|-resisted|p2a: Ting-Lu
|-damage|p2a: Ting-Lu|65/100
|
|-heal|p2a: Ting-Lu|71/100|[from] item: Leftovers
|upkeep
|turn|8
|
|t:|1776098287
|cant|p1a: Kingambit|par
|move|p2a: Ting-Lu|Whirlwind|p1a: Kingambit
|-end|p1a: Kingambit|fallenundefined|[silent]
|drag|p1a: Flygon|Flygon, F|100/100
|
|-heal|p2a: Ting-Lu|78/100|[from] item: Leftovers
|upkeep
|turn|9
|
|t:|1776098322
|move|p1a: Flygon|U-turn|p2a: Ting-Lu
|-supereffective|p2a: Ting-Lu
|-damage|p2a: Ting-Lu|55/100
|
|t:|1776098327
|switch|p1a: Alomomola|Alomomola, F|100/100|[from] U-turn
|move|p2a: Ting-Lu|Ruination|p1a: Alomomola
|-damage|p1a: Alomomola|50/100
|
|-heal|p2a: Ting-Lu|61/100|[from] item: Leftovers
|upkeep
|turn|10
|
|t:|1776098352
|move|p2a: Ting-Lu|Ruination|p1a: Alomomola
|-damage|p1a: Alomomola|26/100
|move|p1a: Alomomola|Flip Turn|p2a: Ting-Lu
|-supereffective|p2a: Ting-Lu
|-damage|p2a: Ting-Lu|42/100
|
|t:|1776098355
|switch|p1a: Flygon|Flygon, F|100/100|[from] Flip Turn
|
|-heal|p2a: Ting-Lu|48/100|[from] item: Leftovers
|upkeep
|turn|11
|
|t:|1776098361
|switch|p2a: Zapdos|Zapdos|10/100
|move|p1a: Flygon|U-turn|p2a: Zapdos
|-resisted|p2a: Zapdos
|-damage|p2a: Zapdos|3/100
|
|t:|1776098369
|switch|p1a: Cinderace|Cinderace, M|100/100|[from] U-turn
|
|upkeep
|turn|12
|
|t:|1776098373
|move|p1a: Cinderace|Pyro Ball|p2a: Zapdos
|-damage|p2a: Zapdos|0 fnt
|faint|p2a: Zapdos
|
|upkeep
|
|t:|1776098381
|switch|p2a: Dragapult|Dragapult, F|100/100
|turn|13
|
|t:|1776098392
|switch|p1a: Kingambit|Kingambit, M|74/100 par
|move|p2a: Dragapult|Dragon Darts|p1a: Kingambit
|-resisted|p1a: Kingambit
|-damage|p1a: Kingambit|67/100 par
|-anim|p2a: Dragapult|Dragon Darts|p1a: Kingambit
|-resisted|p1a: Kingambit
|-damage|p1a: Kingambit|60/100 par
|
|upkeep
|turn|14
|
|t:|1776098401
|switch|p2a: Iron Valiant|Iron Valiant|100/100
|-end|p1a: Kingambit|fallenundefined|[silent]
|switch|p1a: Alomomola|Alomomola, F|59/100
|
|upkeep
|turn|15
|
|t:|1776098407
|switch|p1a: Cinderace|Cinderace, M|100/100
|move|p2a: Iron Valiant|Knock Off|p1a: Cinderace
|-damage|p1a: Cinderace|65/100
|-enditem|p1a: Cinderace|Heavy-Duty Boots|[from] move: Knock Off|[of] p2a: Iron Valiant
|
|upkeep
|turn|16
|
|t:|1776098413
|-end|p2a: Iron Valiant|Quark Drive|[silent]
|switch|p2a: Dragapult|Dragapult, F|100/100
|move|p1a: Cinderace|Court Change|p1a: Cinderace
|-swapsideconditions
|-activate|p1a: Cinderace|move: Court Change
|
|upkeep
|turn|17
|
|t:|1776098441
|move|p2a: Dragapult|Hex|p1a: Cinderace
|-damage|p1a: Cinderace|32/100
|move|p1a: Cinderace|Pyro Ball|p2a: Dragapult
|-resisted|p2a: Dragapult
|-damage|p2a: Dragapult|53/100
|
|upkeep
|turn|18
|
|t:|1776098459
|switch|p1a: Alomomola|Alomomola, F|92/100
|move|p2a: Dragapult|Hex|p1a: Alomomola
|-damage|p1a: Alomomola|62/100
|
|upkeep
|turn|19
|
|t:|1776098464
|move|p2a: Dragapult|Will-O-Wisp|p1a: Alomomola
|-status|p1a: Alomomola|brn
|move|p1a: Alomomola|Flip Turn|p2a: Dragapult
|-resisted|p2a: Dragapult
|-damage|p2a: Dragapult|48/100
|
|t:|1776098475
|switch|p1a: Hatterene|Hatterene, F|81/100|[from] Flip Turn
|
|upkeep
|turn|20
|
|t:|1776098486
|switch|p2a: Slowking|Slowking-Galar, F|100/100 par
|-sideend|p2: superstar|move: Toxic Spikes|[of] p2a: Slowking
|switch|p1a: Flygon|Flygon, F|100/100
|
|upkeep
|turn|21
|
|t:|1776098503
|switch|p2a: Ting-Lu|Ting-Lu|48/100
|-ability|p2a: Ting-Lu|Vessel of Ruin
|move|p1a: Flygon|Earthquake|p2a: Ting-Lu
|-damage|p2a: Ting-Lu|24/100
|
|-heal|p2a: Ting-Lu|30/100|[from] item: Leftovers
|upkeep
|turn|22
|
|t:|1776098512
|move|p1a: Flygon|U-turn|p2a: Ting-Lu
|-supereffective|p2a: Ting-Lu
|-damage|p2a: Ting-Lu|7/100
|
|t:|1776098518
|switch|p1a: Hatterene|Hatterene, F|81/100|[from] U-turn
|move|p2a: Ting-Lu|Ruination|p1a: Hatterene
|-damage|p1a: Hatterene|41/100
|
|-heal|p2a: Ting-Lu|14/100|[from] item: Leftovers
|upkeep
|turn|23
|
|t:|1776098553
|switch|p2a: Slowking|Slowking-Galar, F|100/100 par
|switch|p1a: Flygon|Flygon, F|100/100
|
|upkeep
|turn|24
|
|t:|1776098559
|move|p1a: Flygon|Earthquake|p2a: Slowking
|-supereffective|p2a: Slowking
|-damage|p2a: Slowking|6/100 par
|-prepare|p2a: Slowking|Chilly Reception|[premajor]
|move|p2a: Slowking|Chilly Reception|p2a: Slowking
|-weather|Snowscape
|
|t:|1776098565
|switch|p2a: Dragapult|Dragapult, F|48/100|[from] Chilly Reception
|
|-weather|Snowscape|[upkeep]
|upkeep
|turn|25
|
|t:|1776098642
|switch|p2a: Dragonite|Dragonite, M|100/100
|switch|p1a: Iron Valiant|Iron Valiant|100/100
|-enditem|p1a: Iron Valiant|Booster Energy
|-activate|p1a: Iron Valiant|ability: Quark Drive|[fromitem]
|-start|p1a: Iron Valiant|quarkdrivespe
|
|-weather|Snowscape|[upkeep]
|upkeep
|turn|26
|
|t:|1776098691
|-terastallize|p2a: Dragonite|Flying
|move|p1a: Iron Valiant|Moonblast|p2a: Dragonite
|-crit|p2a: Dragonite
|-damage|p2a: Dragonite|61/100
|move|p2a: Dragonite|Tera Blast|p1a: Iron Valiant|[anim] Tera Blast Flying
|-supereffective|p1a: Iron Valiant
|-damage|p1a: Iron Valiant|0 fnt
|faint|p1a: Iron Valiant
|-end|p1a: Iron Valiant|Quark Drive|[silent]
|
|-weather|Snowscape|[upkeep]
|upkeep
|
|t:|1776098712
|switch|p1a: Cinderace|Cinderace, M|32/100
|turn|27
|
|t:|1776098737
|switch|p1a: Flygon|Flygon, F|100/100
|move|p2a: Dragonite|Extreme Speed|p1a: Flygon
|-damage|p1a: Flygon|67/100
|
|-weather|Snowscape|[upkeep]
|upkeep
|turn|28
|j| ohko_smeargle
|
|t:|1776098750
|switch|p2a: Ting-Lu|Ting-Lu|14/100
|-ability|p2a: Ting-Lu|Vessel of Ruin
|move|p1a: Flygon|Dragon Tail|p2a: Ting-Lu
|-damage|p2a: Ting-Lu|0 fnt
|faint|p2a: Ting-Lu
|
|-weather|none
|upkeep
|
|t:|1776098754
|switch|p2a: Iron Valiant|Iron Valiant|100/100
|turn|29
|
|t:|1776098765
|switch|p1a: Alomomola|Alomomola, F|96/100 brn
|move|p2a: Iron Valiant|Moonblast|p1a: Alomomola
|-damage|p1a: Alomomola|43/100 brn
|
|-damage|p1a: Alomomola|37/100 brn|[from] brn
|upkeep
|turn|30
|
|t:|1776098773
|switch|p1a: Kingambit|Kingambit, M|60/100 par
|-activate|p1a: Kingambit|ability: Supreme Overlord
|-start|p1a: Kingambit|fallen1|[silent]
|move|p2a: Iron Valiant|Moonblast|p1a: Kingambit
|-damage|p1a: Kingambit|13/100 par
|-unboost|p1a: Kingambit|spa|1
|
|upkeep
|turn|31
|
|t:|1776098790
|move|p1a: Kingambit|Sucker Punch|p2a: Iron Valiant
|-resisted|p2a: Iron Valiant
|-crit|p2a: Iron Valiant
|-damage|p2a: Iron Valiant|76/100
|move|p2a: Iron Valiant|Moonblast|p1a: Kingambit
|-damage|p1a: Kingambit|0 fnt
|faint|p1a: Kingambit
|-end|p1a: Kingambit|fallen1|[silent]
|
|upkeep
|
|t:|1776098820
|switch|p1a: Flygon|Flygon, F|67/100
|turn|32
|
|t:|1776098823
|-terastallize|p1a: Flygon|Steel
|move|p2a: Iron Valiant|Moonblast|p1a: Flygon
|-resisted|p1a: Flygon
|-damage|p1a: Flygon|52/100
|-unboost|p1a: Flygon|spa|1
|move|p1a: Flygon|Earthquake|p2a: Iron Valiant
|-damage|p2a: Iron Valiant|17/100
|
|upkeep
|turn|33
|
|t:|1776098830
|move|p2a: Iron Valiant|Moonblast|p1a: Flygon
|-resisted|p1a: Flygon
|-damage|p1a: Flygon|36/100
|move|p1a: Flygon|U-turn|p2a: Iron Valiant
|-resisted|p2a: Iron Valiant
|-damage|p2a: Iron Valiant|11/100
|
|t:|1776098833
|switch|p1a: Alomomola|Alomomola, F|70/100 brn|[from] U-turn
|
|-damage|p1a: Alomomola|64/100 brn|[from] brn
|upkeep
|turn|34
|
|t:|1776098836
|move|p2a: Iron Valiant|Moonblast|p1a: Alomomola
|-damage|p1a: Alomomola|13/100 brn
|move|p1a: Alomomola|Wish|p1a: Alomomola
|
|-damage|p1a: Alomomola|7/100 brn|[from] brn
|upkeep
|turn|35
|
|t:|1776098844
|-end|p2a: Iron Valiant|Quark Drive|[silent]
|switch|p2a: Dragapult|Dragapult, F|48/100
|switch|p1a: Flygon|Flygon, F, tera:Steel|36/100
|
|-heal|p1a: Flygon|100/100|[from] move: Wish|[wisher] Alomomola
|upkeep
|turn|36
|
|t:|1776098857
|switch|p1a: Hatterene|Hatterene, F|41/100
|move|p2a: Dragapult|Will-O-Wisp|p1a: Hatterene
|move|p1a: Hatterene|Will-O-Wisp|p2a: Dragapult|[from] ability: Magic Bounce
|-status|p2a: Dragapult|brn
|
|-damage|p2a: Dragapult|42/100 brn|[from] brn
|upkeep
|turn|37
|
|t:|1776098862
|move|p2a: Dragapult|Hex|p1a: Hatterene
|-supereffective|p1a: Hatterene
|-damage|p1a: Hatterene|0 fnt
|faint|p1a: Hatterene
|
|-damage|p2a: Dragapult|36/100 brn|[from] brn
|upkeep
|
|t:|1776098918
|switch|p1a: Alomomola|Alomomola, F|41/100 brn
|turn|38
|
|t:|1776098925
|move|p1a: Alomomola|Protect|p1a: Alomomola
|-singleturn|p1a: Alomomola|Protect
|move|p2a: Dragapult|Hex|p1a: Alomomola
|-activate|p1a: Alomomola|move: Protect
|
|-damage|p2a: Dragapult|30/100 brn|[from] brn
|-damage|p1a: Alomomola|34/100 brn|[from] brn
|upkeep
|turn|39
|
|t:|1776098942
|switch|p1a: Cinderace|Cinderace, M|32/100
|move|p2a: Dragapult|Hex|p1a: Cinderace
|-damage|p1a: Cinderace|0 fnt
|faint|p1a: Cinderace
|
|-damage|p2a: Dragapult|24/100 brn|[from] brn
|upkeep
|
|t:|1776098944
|switch|p1a: Alomomola|Alomomola, F|68/100 brn
|turn|40
|
|t:|1776098950
|move|p2a: Dragapult|Hex|p1a: Alomomola
|-damage|p1a: Alomomola|10/100 brn
|move|p1a: Alomomola|Flip Turn|p2a: Dragapult
|-resisted|p2a: Dragapult
|-damage|p2a: Dragapult|18/100 brn
|
|t:|1776098952
|switch|p1a: Flygon|Flygon, F, tera:Steel|100/100|[from] Flip Turn
|
|-damage|p2a: Dragapult|12/100 brn|[from] brn
|upkeep
|turn|41
|
|t:|1776098956
|move|p1a: Flygon|First Impression|p2a: Dragapult
|-resisted|p2a: Dragapult
|-damage|p2a: Dragapult|0 fnt
|faint|p2a: Dragapult
|
|upkeep
|
|t:|1776098962
|switch|p2a: Iron Valiant|Iron Valiant|11/100
|turn|42
|
|t:|1776098971
|switch|p1a: Alomomola|Alomomola, F|43/100 brn
|move|p2a: Iron Valiant|Close Combat|p1a: Alomomola
|-damage|p1a: Alomomola|13/100 brn
|-unboost|p2a: Iron Valiant|def|1
|-unboost|p2a: Iron Valiant|spd|1
|
|-damage|p1a: Alomomola|7/100 brn|[from] brn
|upkeep
|turn|43
|
|t:|1776098980
|switch|p1a: Flygon|Flygon, F, tera:Steel|100/100
|move|p2a: Iron Valiant|Close Combat|p1a: Flygon
|-supereffective|p1a: Flygon
|-damage|p1a: Flygon|0 fnt
|-unboost|p2a: Iron Valiant|def|1
|-unboost|p2a: Iron Valiant|spd|1
|faint|p1a: Flygon
|
|upkeep
|-message|kindnessalwayswins forfeited.
|
|win|superstar
|raw|kindnessalwayswins's rating: 1576 &rarr; <strong>1557</strong><br />(-19 for losing)
|raw|superstar's rating: 1593 &rarr; <strong>1612</strong><br />(+19 for winning)
|l|☆kindnessalwayswins
|player|p1|
|l| ohko_smeargle
|l|‽superstar
|player|p2|
