|html|<div class="broadcast-blue"><strong>[Gen 9] OU is currently suspecting Tera Blast! For information on how to participate check out the <a href="https://www.smogon.com/tools/suspects/view/200">suspect thread</a>.</strong></div>
|j|☆brock4real
|j|☆Chrisfeb1992
|t:|1776096622
|gametype|singles
|player|p1|brock4real|101|1465
|player|p2|Chrisfeb1992|2|1494
|gen|9
|tier|[Gen 9] OU
|rated|
|rule|HP Percentage Mod: HP is shown in percentages
|rule|Endless Battle Clause: Forcing endless battles is banned
|rule|Species Clause: Limit one of each Pokémon
|rule|OHKO Clause: OHKO moves are banned
|rule|Evasion Items Clause: Evasion items are banned
|rule|Evasion Moves Clause: Evasion moves are banned
|rule|Evasion Abilities Clause: Evasion abilities are banned
|rule|Sleep Moves Clause: Sleep-inducing moves are banned
|clearpoke
|poke|p1|Garganacl, F|
|poke|p1|Glimmora, M|
|poke|p1|Tyranitar, M|
|poke|p1|Ogerpon-Cornerstone, F|
|poke|p1|Iron Boulder|
|poke|p1|Kleavor, M|
|poke|p2|Landorus-Therian, M|
|poke|p2|Glimmora, M|
|poke|p2|Zapdos|
|poke|p2|Ting-Lu|
|poke|p2|Zamazenta-*|
|poke|p2|Darkrai|
|teampreview
|j| ohko_smeargle
|
|t:|1776096630
|teamsize|p1|6
|teamsize|p2|6
|start
|switch|p1a: Glimmora|Glimmora, M|100/100
|switch|p2a: Glimmora|Glimmora, M|100/100
|turn|1
|
|t:|1776096637
|move|p2a: Glimmora|Earth Power|p1a: Glimmora
|-supereffective|p1a: Glimmora
|-enditem|p1a: Glimmora|Focus Sash
|-damage|p1a: Glimmora|1/100
|move|p1a: Glimmora|Earth Power|p2a: Glimmora
|-supereffective|p2a: Glimmora
|-damage|p2a: Glimmora|0 fnt
|faint|p2a: Glimmora
|
|upkeep
|
|t:|1776096647
|switch|p2a: Landorus|Landorus-Therian, M|100/100
|-ability|p2a: Landorus|Intimidate|boost
|-unboost|p1a: Glimmora|atk|1
|turn|2
|
|t:|1776096651
|move|p2a: Landorus|U-turn|p1a: Glimmora
|-resisted|p1a: Glimmora
|-damage|p1a: Glimmora|0 fnt
|-activate|p1a: Glimmora|ability: Toxic Debris
|-sidestart|p2: Chrisfeb1992|move: Toxic Spikes
|faint|p1a: Glimmora
|
|t:|1776096658
|switch|p2a: Zapdos|Zapdos|100/100|[from] U-turn
|
|upkeep
|
|t:|1776096665
|switch|p1a: Kleavor|Kleavor, M|100/100
|turn|3
|
|t:|1776096680
|move|p1a: Kleavor|Stone Axe|p2a: Zapdos
|-supereffective|p2a: Zapdos
|-damage|p2a: Zapdos|0 fnt
|-status|p1a: Kleavor|par|[from] ability: Static|[of] p2a: Zapdos
|-sidestart|p2: Chrisfeb1992|move: Stealth Rock
|faint|p2a: Zapdos
|
|upkeep
|
|t:|1776096691
|switch|p2a: Zamazenta|Zamazenta|100/100
|-ability|p2a: Zamazenta|Dauntless Shield|boost
|-boost|p2a: Zamazenta|def|1
|turn|4
|
|t:|1776096701
|switch|p1a: Garganacl|Garganacl, F|100/100
|move|p2a: Zamazenta|Iron Defense|p2a: Zamazenta
|-boost|p2a: Zamazenta|def|2
|
|upkeep
|turn|5
|
|t:|1776096708
|-terastallize|p1a: Garganacl|Ghost
|move|p2a: Zamazenta|Body Press|p1a: Garganacl
|-immune|p1a: Garganacl
|move|p1a: Garganacl|Salt Cure|p2a: Zamazenta
|-resisted|p2a: Zamazenta
|-damage|p2a: Zamazenta|98/100
|-start|p2a: Zamazenta|Salt Cure
|
|-damage|p2a: Zamazenta|86/100|[from] Salt Cure
|upkeep
|turn|6
|
|t:|1776096720
|switch|p2a: Ting-Lu|Ting-Lu|100/100
|-status|p2a: Ting-Lu|psn
|-damage|p2a: Ting-Lu|94/100 psn|[from] Stealth Rock
|-ability|p2a: Ting-Lu|Vessel of Ruin
|move|p1a: Garganacl|Body Press|p2a: Ting-Lu
|-supereffective|p2a: Ting-Lu
|-damage|p2a: Ting-Lu|67/100 psn
|
|-heal|p2a: Ting-Lu|73/100 psn|[from] item: Leftovers
|-damage|p2a: Ting-Lu|61/100 psn|[from] psn
|upkeep
|turn|7
|
|t:|1776096737
|move|p2a: Ting-Lu|Stealth Rock|p1a: Garganacl
|-sidestart|p1: brock4real|move: Stealth Rock
|move|p1a: Garganacl|Salt Cure|p2a: Ting-Lu
|-resisted|p2a: Ting-Lu
|-damage|p2a: Ting-Lu|57/100 psn
|-start|p2a: Ting-Lu|Salt Cure
|
|-heal|p2a: Ting-Lu|63/100 psn|[from] item: Leftovers
|-damage|p2a: Ting-Lu|51/100 psn|[from] psn
|-damage|p2a: Ting-Lu|38/100 psn|[from] Salt Cure
|upkeep
|turn|8
|
|t:|1776096748
|move|p2a: Ting-Lu|Ruination|p1a: Garganacl
|-damage|p1a: Garganacl|50/100
|move|p1a: Garganacl|Body Press|p2a: Ting-Lu
|-supereffective|p2a: Ting-Lu
|-damage|p2a: Ting-Lu|10/100 psn
|
|-heal|p2a: Ting-Lu|16/100 psn|[from] item: Leftovers
|-heal|p1a: Garganacl|57/100|[from] item: Leftovers
|-damage|p2a: Ting-Lu|4/100 psn|[from] psn
|-damage|p2a: Ting-Lu|0 fnt|[from] Salt Cure
|faint|p2a: Ting-Lu
|upkeep
|
|t:|1776096759
|switch|p2a: Darkrai|Darkrai|100/100
|turn|9
|
|t:|1776096764
|switch|p1a: Tyranitar|Tyranitar, M|100/100
|-damage|p1a: Tyranitar|88/100|[from] Stealth Rock
|-weather|Sandstorm|[from] ability: Sand Stream|[of] p1a: Tyranitar
|move|p2a: Darkrai|Dark Pulse|p1a: Tyranitar
|-resisted|p1a: Tyranitar
|-damage|p1a: Tyranitar|79/100
|
|-weather|Sandstorm|[upkeep]
|-damage|p2a: Darkrai|94/100|[from] Sandstorm
|upkeep
|turn|10
|
|t:|1776096775
|switch|p2a: Landorus|Landorus-Therian, M|100/100
|-damage|p2a: Landorus|88/100|[from] Stealth Rock
|-ability|p2a: Landorus|Intimidate|boost
|-unboost|p1a: Tyranitar|atk|1
|move|p1a: Tyranitar|Dragon Tail|p2a: Landorus
|-damage|p2a: Landorus|75/100
|-damage|p1a: Tyranitar|63/100|[from] item: Rocky Helmet|[of] p2a: Landorus
|drag|p2a: Zamazenta|Zamazenta|86/100
|
|-weather|Sandstorm|[upkeep]
|-damage|p2a: Zamazenta|80/100|[from] Sandstorm
|upkeep
|turn|11
|
|t:|1776096789
|switch|p1a: Garganacl|Garganacl, F, tera:Ghost|57/100
|-damage|p1a: Garganacl|44/100|[from] Stealth Rock
|move|p2a: Zamazenta|Crunch|p1a: Garganacl
|-supereffective|p1a: Garganacl
|-damage|p1a: Garganacl|19/100
|
|-weather|Sandstorm|[upkeep]
|-damage|p2a: Zamazenta|74/100|[from] Sandstorm
|-damage|p1a: Garganacl|12/100|[from] Sandstorm
|-heal|p1a: Garganacl|19/100|[from] item: Leftovers
|upkeep
|turn|12
|
|t:|1776096808
|switch|p1a: Kleavor|Kleavor, M|100/100 par
|-damage|p1a: Kleavor|76/100 par|[from] Stealth Rock
|move|p2a: Zamazenta|Crunch|p1a: Kleavor
|-damage|p1a: Kleavor|50/100 par
|
|-weather|Sandstorm|[upkeep]
|-damage|p2a: Zamazenta|68/100|[from] Sandstorm
|upkeep
|turn|13
|
|t:|1776096822
|move|p2a: Zamazenta|Iron Defense|p2a: Zamazenta
|-boost|p2a: Zamazenta|def|2
|move|p1a: Kleavor|Defog|p2a: Zamazenta
|-unboost|p2a: Zamazenta|evasion|1
|-sideend|p2: Chrisfeb1992|Toxic Spikes|[from] move: Defog|[of] p1a: Kleavor
|-sideend|p2: Chrisfeb1992|Stealth Rock|[from] move: Defog|[of] p1a: Kleavor
|-sideend|p1: brock4real|Stealth Rock|[from] move: Defog|[of] p1a: Kleavor
|
|-weather|Sandstorm|[upkeep]
|-damage|p2a: Zamazenta|61/100|[from] Sandstorm
|upkeep
|turn|14
|
|t:|1776096835
|switch|p1a: Tyranitar|Tyranitar, M|63/100
|move|p2a: Zamazenta|Crunch|p1a: Tyranitar
|-resisted|p1a: Tyranitar
|-damage|p1a: Tyranitar|54/100
|
|-weather|Sandstorm|[upkeep]
|-damage|p2a: Zamazenta|55/100|[from] Sandstorm
|upkeep
|turn|15
|
|t:|1776096843
|switch|p1a: Garganacl|Garganacl, F, tera:Ghost|19/100
|move|p2a: Zamazenta|Body Press|p1a: Garganacl
|-immune|p1a: Garganacl
|
|-weather|Sandstorm|[upkeep]
|-damage|p2a: Zamazenta|49/100|[from] Sandstorm
|-damage|p1a: Garganacl|12/100|[from] Sandstorm
|-heal|p1a: Garganacl|19/100|[from] item: Leftovers
|upkeep
|turn|16
|
|t:|1776096854
|switch|p1a: Kleavor|Kleavor, M|50/100 par
|move|p2a: Zamazenta|Crunch|p1a: Kleavor
|-damage|p1a: Kleavor|24/100 par
|
|-weather|none
|upkeep
|turn|17
|
|t:|1776096862
|move|p2a: Zamazenta|Crunch|p1a: Kleavor
|-damage|p1a: Kleavor|0 fnt
|faint|p1a: Kleavor
|
|upkeep
|
|t:|1776096896
|switch|p1a: Tyranitar|Tyranitar, M|54/100
|-weather|Sandstorm|[from] ability: Sand Stream|[of] p1a: Tyranitar
|turn|18
|
|t:|1776096901
|move|p2a: Zamazenta|Body Press|p1a: Tyranitar
|-supereffective|p1a: Tyranitar
|-damage|p1a: Tyranitar|0 fnt
|faint|p1a: Tyranitar
|
|-weather|Sandstorm|[upkeep]
|-damage|p2a: Zamazenta|43/100|[from] Sandstorm
|upkeep
|
|t:|1776096907
|switch|p1a: Ogerpon|Ogerpon-Cornerstone, F|100/100
|turn|19
|
|t:|1776096929
|-terastallize|p2a: Zamazenta|Steel
|move|p2a: Zamazenta|Body Press|p1a: Ogerpon
|-supereffective|p1a: Ogerpon
|-ability|p1a: Ogerpon|Sturdy
|-damage|p1a: Ogerpon|1/100
|move|p1a: Ogerpon|Trailblaze|p2a: Zamazenta
|-resisted|p2a: Zamazenta
|-damage|p2a: Zamazenta|37/100
|-boost|p1a: Ogerpon|spe|1
|
|-weather|Sandstorm|[upkeep]
|upkeep
|turn|20
|
|t:|1776096952
|move|p1a: Ogerpon|Ivy Cudgel|p2a: Zamazenta|[anim] Ivy Cudgel Rock
|-resisted|p2a: Zamazenta
|-damage|p2a: Zamazenta|24/100
|move|p2a: Zamazenta|Body Press|p1a: Ogerpon
|-supereffective|p1a: Ogerpon
|-damage|p1a: Ogerpon|0 fnt
|faint|p1a: Ogerpon
|
|-weather|Sandstorm|[upkeep]
|upkeep
|
|t:|1776096955
|switch|p1a: Iron Boulder|Iron Boulder|100/100
|-enditem|p1a: Iron Boulder|Booster Energy
|-activate|p1a: Iron Boulder|ability: Quark Drive|[fromitem]
|-start|p1a: Iron Boulder|quarkdrivespe
|turn|21
|
|t:|1776096966
|move|p1a: Iron Boulder|Earthquake|p2a: Zamazenta
|-supereffective|p2a: Zamazenta
|-damage|p2a: Zamazenta|0 fnt
|faint|p2a: Zamazenta
|
|-weather|Sandstorm|[upkeep]
|upkeep
|
|t:|1776096972
|switch|p2a: Landorus|Landorus-Therian, M|75/100
|-ability|p2a: Landorus|Intimidate|boost
|-unboost|p1a: Iron Boulder|atk|1
|turn|22
|
|t:|1776096977
|move|p1a: Iron Boulder|Swords Dance|p1a: Iron Boulder
|-boost|p1a: Iron Boulder|atk|2
|move|p2a: Landorus|Earthquake|p1a: Iron Boulder
|-supereffective|p1a: Iron Boulder
|-damage|p1a: Iron Boulder|0 fnt
|faint|p1a: Iron Boulder
|-end|p1a: Iron Boulder|Quark Drive|[silent]
|
|-weather|Sandstorm|[upkeep]
|upkeep
|
|t:|1776096979
|switch|p1a: Garganacl|Garganacl, F, tera:Ghost|19/100
|turn|23
|
|t:|1776096988
|move|p2a: Landorus|Earthquake|p1a: Garganacl
|-damage|p1a: Garganacl|0 fnt
|faint|p1a: Garganacl
|
|win|Chrisfeb1992
|raw|brock4real's rating: 1465 &rarr; <strong>1447</strong><br />(-18 for losing)
|raw|Chrisfeb1992's rating: 1494 &rarr; <strong>1512</strong><br />(+18 for winning)
|l| ohko_smeargle
