|html|<div class="broadcast-blue"><strong>[Gen 9] OU is currently suspecting Tera Blast! For information on how to participate check out the <a href="https://www.smogon.com/tools/suspects/view/200">suspect thread</a>.</strong></div>
|j|☆DeadlockedTheory
|j|☆thepogboys
|t:|1776114178
|gametype|singles
|player|p1|DeadlockedTheory|265|1542
|player|p2|thepogboys|265|1518
|gen|9
|tier|[Gen 9] OU
|rated|
|rule|HP Percentage Mod: HP is shown in percentages
|rule|Endless Battle Clause: Forcing endless battles is banned
|rule|Species Clause: Limit one of each Pokémon
|rule|OHKO Clause: OHKO moves are banned
|rule|Evasion Items Clause: Evasion items are banned
|rule|Evasion Moves Clause: Evasion moves are banned
|rule|Evasion Abilities Clause: Evasion abilities are banned
|rule|Sleep Moves Clause: Sleep-inducing moves are banned
|clearpoke
|poke|p1|Lokix, M|
|poke|p1|Cinderace, F|
|poke|p1|Great Tusk|
|poke|p1|Alomomola, F|
|poke|p1|Enamorus, F|
|poke|p1|Slowking-Galar, M|
|poke|p2|Arcanine-Hisui, M|
|poke|p2|Darkrai|
|poke|p2|Great Tusk|
|poke|p2|Hatterene, F|
|poke|p2|Ogerpon-Wellspring, F|
|poke|p2|Zapdos|
|teampreview
|inactive|Battle timer is ON: inactive players will automatically lose when time's up. (requested by thepogboys)
|
|t:|1776114205
|teamsize|p1|6
|teamsize|p2|6
|start
|switch|p1a: Cinderace|Cinderace, F|100/100
|switch|p2a: Arcanine|Arcanine-Hisui, M|100/100
|turn|1
|
|t:|1776114216
|switch|p1a: Great Tusk|Great Tusk|100/100
|move|p2a: Arcanine|Head Smash|p1a: Great Tusk
|-resisted|p1a: Great Tusk
|-damage|p1a: Great Tusk|87/100
|
|-heal|p1a: Great Tusk|93/100|[from] item: Leftovers
|upkeep
|turn|2
|
|t:|1776114224
|switch|p2a: Zapdos|Zapdos|100/100
|move|p1a: Great Tusk|Knock Off|p2a: Zapdos
|-damage|p2a: Zapdos|81/100
|-status|p1a: Great Tusk|par|[from] ability: Static|[of] p2a: Zapdos
|-enditem|p2a: Zapdos|Heavy-Duty Boots|[from] move: Knock Off|[of] p1a: Great Tusk
|
|-heal|p1a: Great Tusk|99/100 par|[from] item: Leftovers
|upkeep
|turn|3
|
|t:|1776114235
|-end|p1a: Great Tusk|Protosynthesis|[silent]
|switch|p1a: Cinderace|Cinderace, F|100/100
|move|p2a: Zapdos|Hurricane|p1a: Cinderace
|-damage|p1a: Cinderace|49/100
|
|upkeep
|turn|4
|
|t:|1776114242
|move|p1a: Cinderace|Pyro Ball|p2a: Zapdos|[miss]
|-miss|p1a: Cinderace|p2a: Zapdos
|move|p2a: Zapdos|Volt Switch|p1a: Cinderace
|-damage|p1a: Cinderace|16/100
|
|t:|1776114246
|switch|p2a: Darkrai|Darkrai|100/100|[from] Volt Switch
|
|upkeep
|turn|5
|
|t:|1776114251
|switch|p1a: Alomomola|Alomomola, F|100/100
|move|p2a: Darkrai|Sludge Bomb|p1a: Alomomola
|-damage|p1a: Alomomola|86/100
|-status|p1a: Alomomola|psn
|
|-damage|p1a: Alomomola|73/100 psn|[from] psn
|upkeep
|turn|6
|
|t:|1776114261
|switch|p2a: Ogerpon|Ogerpon-Wellspring, F|100/100
|move|p1a: Alomomola|Body Slam|p2a: Ogerpon
|-damage|p2a: Ogerpon|81/100
|
|-damage|p1a: Alomomola|61/100 psn|[from] psn
|upkeep
|turn|7
|
|t:|1776114271
|move|p2a: Ogerpon|Knock Off|p1a: Alomomola
|-damage|p1a: Alomomola|31/100 psn
|-enditem|p1a: Alomomola|Assault Vest|[from] move: Knock Off|[of] p2a: Ogerpon
|move|p1a: Alomomola|Body Slam|p2a: Ogerpon
|-damage|p2a: Ogerpon|60/100
|
|-damage|p1a: Alomomola|19/100 psn|[from] psn
|upkeep
|turn|8
|
|t:|1776114280
|move|p2a: Ogerpon|Ivy Cudgel|p1a: Alomomola|[anim] Ivy Cudgel Water
|-resisted|p1a: Alomomola
|-damage|p1a: Alomomola|0 fnt
|faint|p1a: Alomomola
|
|upkeep
|
|t:|1776114288
|switch|p1a: Lokix|Lokix, M|100/100
|turn|9
|
|t:|1776114291
|switch|p2a: Zapdos|Zapdos|81/100
|-terastallize|p1a: Lokix|Bug
|move|p1a: Lokix|U-turn|p2a: Zapdos
|-resisted|p2a: Zapdos
|-damage|p2a: Zapdos|33/100
|-status|p1a: Lokix|par|[from] ability: Static|[of] p2a: Zapdos
|
|t:|1776114300
|switch|p1a: Enamorus|Enamorus, F|100/100|[from] U-turn
|
|upkeep
|turn|10
|
|t:|1776114304
|switch|p2a: Hatterene|Hatterene, F|100/100
|move|p1a: Enamorus|Moonblast|p2a: Hatterene
|-damage|p2a: Hatterene|64/100
|-unboost|p2a: Hatterene|spa|1
|
|upkeep
|turn|11
|
|t:|1776114312
|switch|p1a: Great Tusk|Great Tusk|99/100 par
|move|p2a: Hatterene|Psyshock|p1a: Great Tusk
|-supereffective|p1a: Great Tusk
|-damage|p1a: Great Tusk|70/100 par
|
|-heal|p1a: Great Tusk|76/100 par|[from] item: Leftovers
|upkeep
|turn|12
|
|t:|1776114321
|-end|p1a: Great Tusk|Protosynthesis|[silent]
|switch|p1a: Slowking|Slowking-Galar, M|100/100
|move|p2a: Hatterene|Draining Kiss|p1a: Slowking
|-resisted|p1a: Slowking
|-damage|p1a: Slowking|94/100
|-heal|p2a: Hatterene|71/100|[from] drain|[of] p1a: Slowking
|
|upkeep
|turn|13
|
|t:|1776114328
|switch|p2a: Great Tusk|Great Tusk|100/100
|-prepare|p1a: Slowking|Chilly Reception|[premajor]
|move|p1a: Slowking|Chilly Reception|p1a: Slowking
|-weather|Snowscape
|
|t:|1776114334
|switch|p1a: Enamorus|Enamorus, F|100/100|[from] Chilly Reception
|
|-weather|Snowscape|[upkeep]
|upkeep
|turn|14
|
|t:|1776114341
|-end|p2a: Great Tusk|Protosynthesis|[silent]
|switch|p2a: Hatterene|Hatterene, F|71/100
|move|p1a: Enamorus|Moonblast|p2a: Hatterene
|-damage|p2a: Hatterene|37/100
|
|-weather|Snowscape|[upkeep]
|upkeep
|turn|15
|
|t:|1776114353
|move|p1a: Enamorus|Moonblast|p2a: Hatterene
|-damage|p2a: Hatterene|3/100
|move|p2a: Hatterene|Psyshock|p1a: Enamorus
|-damage|p1a: Enamorus|26/100
|
|-weather|Snowscape|[upkeep]
|upkeep
|turn|16
|
|t:|1776114361
|switch|p2a: Arcanine|Arcanine-Hisui, M|100/100
|move|p1a: Enamorus|Moonblast|p2a: Arcanine
|-resisted|p2a: Arcanine
|-damage|p2a: Arcanine|68/100
|
|-weather|Snowscape|[upkeep]
|upkeep
|turn|17
|
|t:|1776114369
|switch|p1a: Great Tusk|Great Tusk|76/100 par
|move|p2a: Arcanine|Flare Blitz|p1a: Great Tusk
|-damage|p1a: Great Tusk|30/100 par
|
|-weather|none
|-heal|p1a: Great Tusk|36/100 par|[from] item: Leftovers
|upkeep
|turn|18
|
|t:|1776114379
|move|p2a: Arcanine|Flare Blitz|p1a: Great Tusk
|-damage|p1a: Great Tusk|0 fnt
|faint|p1a: Great Tusk
|-end|p1a: Great Tusk|Protosynthesis|[silent]
|
|upkeep
|
|t:|1776114387
|switch|p1a: Enamorus|Enamorus, F|26/100
|turn|19
|
|t:|1776114390
|switch|p2a: Hatterene|Hatterene, F|3/100
|move|p1a: Enamorus|Moonblast|p2a: Hatterene
|-damage|p2a: Hatterene|0 fnt
|faint|p2a: Hatterene
|
|upkeep
|
|t:|1776114394
|switch|p2a: Arcanine|Arcanine-Hisui, M|68/100
|turn|20
|
|t:|1776114405
|switch|p1a: Cinderace|Cinderace, F|16/100
|move|p2a: Arcanine|Flare Blitz|p1a: Cinderace
|-resisted|p1a: Cinderace
|-damage|p1a: Cinderace|0 fnt
|faint|p1a: Cinderace
|
|upkeep
|
|t:|1776114416
|switch|p1a: Lokix|Lokix, M, tera:Bug|100/100 par
|turn|21
|
|t:|1776114422
|switch|p2a: Great Tusk|Great Tusk|100/100
|move|p1a: Lokix|First Impression|p2a: Great Tusk
|-resisted|p2a: Great Tusk
|-crit|p2a: Great Tusk
|-damage|p2a: Great Tusk|0 fnt
|-damage|p1a: Lokix|84/100 par|[from] item: Rocky Helmet|[of] p2a: Great Tusk
|faint|p2a: Great Tusk
|-end|p2a: Great Tusk|Protosynthesis|[silent]
|
|upkeep
|
|t:|1776114425
|switch|p2a: Arcanine|Arcanine-Hisui, M|68/100
|turn|22
|
|t:|1776114440
|switch|p1a: Slowking|Slowking-Galar, M|100/100
|move|p2a: Arcanine|Flare Blitz|p1a: Slowking
|-damage|p1a: Slowking|41/100
|
|upkeep
|turn|23
|
|t:|1776114446
|move|p2a: Arcanine|Flare Blitz|p1a: Slowking
|-damage|p1a: Slowking|0 fnt
|faint|p1a: Slowking
|
|upkeep
|c|☆thepogboys|gg
|
|t:|1776114460
|switch|p1a: Enamorus|Enamorus, F|26/100
|turn|24
|
|t:|1776114466
|switch|p2a: Zapdos|Zapdos|33/100
|move|p1a: Enamorus|Earth Power|p2a: Zapdos
|-immune|p2a: Zapdos
|
|upkeep
|turn|25
|
|t:|1776114472
|switch|p1a: Lokix|Lokix, M, tera:Bug|84/100 par
|move|p2a: Zapdos|Volt Switch|p1a: Lokix
|-damage|p1a: Lokix|26/100 par
|
|t:|1776114475
|switch|p2a: Arcanine|Arcanine-Hisui, M|68/100|[from] Volt Switch
|
|upkeep
|turn|26
|
|t:|1776114482
|-terastallize|p2a: Arcanine|Normal
|move|p2a: Arcanine|Extreme Speed|p1a: Lokix
|-damage|p1a: Lokix|0 fnt
|faint|p1a: Lokix
|
|upkeep
|-message|DeadlockedTheory forfeited.
|
|win|thepogboys
|raw|DeadlockedTheory's rating: 1542 &rarr; <strong>1521</strong><br />(-21 for losing)
|raw|thepogboys's rating: 1518 &rarr; <strong>1539</strong><br />(+21 for winning)
|l|☆thepogboys
|player|p2|
|l|☆DeadlockedTheory
|player|p1|
