|html|<div class="broadcast-blue"><strong>[Gen 9] OU is currently suspecting Tera Blast! For information on how to participate check out the <a href="https://www.smogon.com/tools/suspects/view/200">suspect thread</a>.</strong></div>
|j|☆CyberH3
|j|☆lolshh
|t:|1776105051
|gametype|singles
|player|p1|CyberH3|169|1564
|player|p2|lolshh|dawn|1591
|gen|9
|tier|[Gen 9] OU
|rated|
|rule|HP Percentage Mod: HP is shown in percentages
|rule|Endless Battle Clause: Forcing endless battles is banned
|rule|Species Clause: Limit one of each Pokémon
|rule|OHKO Clause: OHKO moves are banned
|rule|Evasion Items Clause: Evasion items are banned
|rule|Evasion Moves Clause: Evasion moves are banned
|rule|Evasion Abilities Clause: Evasion abilities are banned
|rule|Sleep Moves Clause: Sleep-inducing moves are banned
|clearpoke
|poke|p1|Pecharunt|
|poke|p1|Zapdos|
|poke|p1|Araquanid, M|
|poke|p1|Ogerpon-Wellspring, F|
|poke|p1|Iron Treads|
|poke|p1|Cinderace, F|
|poke|p2|Weavile, M|
|poke|p2|Skarmory, F|
|poke|p2|Keldeo|
|poke|p2|Clodsire, M|
|poke|p2|Clefable, F|
|poke|p2|Rillaboom, F|
|teampreview
|
|t:|1776105080
|teamsize|p1|6
|teamsize|p2|6
|start
|switch|p1a: Cinderace|Cinderace, F|100/100
|switch|p2a: Clefable|Clefable, F|100/100
|turn|1
|j| samurajen
|inactive|Battle timer is ON: inactive players will automatically lose when time's up. (requested by CyberH3)
|
|t:|1776105109
|switch|p2a: Keldeo|Keldeo|100/100
|move|p1a: Cinderace|Gunk Shot|p2a: Keldeo|[miss]
|-start|p1a: Cinderace|typechange|Poison|[from] ability: Libero
|-miss|p1a: Cinderace|p2a: Keldeo
|
|upkeep
|turn|2
|
|t:|1776105114
|switch|p2a: Clodsire|Clodsire, M|100/100
|move|p1a: Cinderace|Gunk Shot|p2a: Clodsire
|-resisted|p2a: Clodsire
|-damage|p2a: Clodsire|80/100
|-damage|p1a: Cinderace|91/100|[from] item: Life Orb
|
|upkeep
|turn|3
|
|t:|1776105129
|switch|p1a: Araquanid|Araquanid, M|100/100
|move|p2a: Clodsire|Stealth Rock|p1a: Araquanid
|-sidestart|p1: CyberH3|move: Stealth Rock
|
|upkeep
|turn|4
|j| Kyurem
|
|t:|1776105143
|switch|p2a: Clefable|Clefable, F|100/100
|move|p1a: Araquanid|Liquidation|p2a: Clefable
|-damage|p2a: Clefable|24/100
|
|upkeep
|turn|5
|
|t:|1776105147
|switch|p2a: Rillaboom|Rillaboom, F|100/100
|-fieldstart|move: Grassy Terrain|[from] ability: Grassy Surge|[of] p2a: Rillaboom
|move|p1a: Araquanid|Liquidation|p2a: Rillaboom
|-resisted|p2a: Rillaboom
|-damage|p2a: Rillaboom|69/100
|
|-heal|p2a: Rillaboom|75/100|[from] Grassy Terrain
|upkeep
|turn|6
|
|t:|1776105152
|switch|p1a: Zapdos|Zapdos|100/100
|-damage|p1a: Zapdos|76/100|[from] Stealth Rock
|move|p2a: Rillaboom|Grassy Glide|p1a: Zapdos
|-resisted|p1a: Zapdos
|-damage|p1a: Zapdos|55/100
|-damage|p2a: Rillaboom|58/100|[from] item: Rocky Helmet|[of] p1a: Zapdos
|-status|p2a: Rillaboom|par|[from] ability: Static|[of] p1a: Zapdos
|
|-heal|p2a: Rillaboom|65/100 par|[from] Grassy Terrain
|upkeep
|turn|7
|
|t:|1776105157
|switch|p2a: Clodsire|Clodsire, M|80/100
|move|p1a: Zapdos|Hurricane|p2a: Clodsire
|-damage|p2a: Clodsire|50/100
|
|-heal|p2a: Clodsire|56/100|[from] Grassy Terrain
|upkeep
|turn|8
|
|t:|1776105161
|move|p1a: Zapdos|Hurricane|p2a: Clodsire|[miss]
|-miss|p1a: Zapdos|p2a: Clodsire
|move|p2a: Clodsire|Recover|p2a: Clodsire
|-heal|p2a: Clodsire|100/100
|
|upkeep
|turn|9
|
|t:|1776105166
|switch|p1a: Iron Treads|Iron Treads|100/100
|move|p2a: Clodsire|Toxic|p1a: Iron Treads
|-immune|p1a: Iron Treads
|
|-fieldend|move: Grassy Terrain
|upkeep
|turn|10
|
|t:|1776105170
|switch|p2a: Skarmory|Skarmory, F|100/100
|move|p1a: Iron Treads|Knock Off|p2a: Skarmory
|-damage|p2a: Skarmory|84/100
|-damage|p1a: Iron Treads|84/100|[from] item: Rocky Helmet|[of] p2a: Skarmory
|-enditem|p2a: Skarmory|Rocky Helmet|[from] move: Knock Off|[of] p1a: Iron Treads
|
|upkeep
|turn|11
|
|t:|1776105174
|move|p1a: Iron Treads|Rapid Spin|p2a: Skarmory
|-resisted|p2a: Skarmory
|-damage|p2a: Skarmory|80/100
|-boost|p1a: Iron Treads|spe|1
|-sideend|p1: CyberH3|Stealth Rock|[from] move: Rapid Spin|[of] p1a: Iron Treads
|move|p2a: Skarmory|Spikes|p1a: Iron Treads
|-sidestart|p1: CyberH3|Spikes
|
|upkeep
|turn|12
|
|t:|1776105177
|move|p1a: Iron Treads|Rapid Spin|p2a: Skarmory
|-resisted|p2a: Skarmory
|-damage|p2a: Skarmory|76/100
|-boost|p1a: Iron Treads|spe|1
|-sideend|p1: CyberH3|Spikes|[from] move: Rapid Spin|[of] p1a: Iron Treads
|move|p2a: Skarmory|Spikes|p1a: Iron Treads
|-sidestart|p1: CyberH3|Spikes
|
|upkeep
|turn|13
|
|t:|1776105179
|move|p1a: Iron Treads|Rapid Spin|p2a: Skarmory
|-resisted|p2a: Skarmory
|-damage|p2a: Skarmory|72/100
|-boost|p1a: Iron Treads|spe|1
|-sideend|p1: CyberH3|Spikes|[from] move: Rapid Spin|[of] p1a: Iron Treads
|move|p2a: Skarmory|Spikes|p1a: Iron Treads
|-sidestart|p1: CyberH3|Spikes
|
|upkeep
|turn|14
|
|t:|1776105183
|move|p1a: Iron Treads|Rapid Spin|p2a: Skarmory
|-resisted|p2a: Skarmory
|-damage|p2a: Skarmory|68/100
|-boost|p1a: Iron Treads|spe|1
|-sideend|p1: CyberH3|Spikes|[from] move: Rapid Spin|[of] p1a: Iron Treads
|move|p2a: Skarmory|Roost|p2a: Skarmory
|-heal|p2a: Skarmory|100/100
|-singleturn|p2a: Skarmory|move: Roost
|
|upkeep
|turn|15
|
|t:|1776105186
|move|p1a: Iron Treads|Volt Switch|p2a: Skarmory
|-supereffective|p2a: Skarmory
|-damage|p2a: Skarmory|59/100
|
|t:|1776105189
|-end|p1a: Iron Treads|Quark Drive|[silent]
|switch|p1a: Cinderace|Cinderace, F|91/100|[from] Volt Switch
|move|p2a: Skarmory|Spikes|p1a: Cinderace
|-sidestart|p1: CyberH3|Spikes
|
|upkeep
|turn|16
|
|t:|1776105197
|switch|p2a: Keldeo|Keldeo|100/100
|move|p1a: Cinderace|Pyro Ball|p2a: Keldeo
|-resisted|p2a: Keldeo
|-damage|p2a: Keldeo|57/100
|-damage|p1a: Cinderace|81/100|[from] item: Life Orb
|
|upkeep
|turn|17
|
|t:|1776105201
|switch|p2a: Clodsire|Clodsire, M|100/100
|move|p1a: Cinderace|Gunk Shot|p2a: Clodsire
|-start|p1a: Cinderace|typechange|Poison|[from] ability: Libero
|-resisted|p2a: Clodsire
|-damage|p2a: Clodsire|80/100
|-damage|p1a: Cinderace|71/100|[from] item: Life Orb
|
|upkeep
|turn|18
|
|t:|1776105206
|switch|p1a: Iron Treads|Iron Treads|84/100
|move|p2a: Clodsire|Stealth Rock|p1a: Iron Treads
|-sidestart|p1: CyberH3|move: Stealth Rock
|
|upkeep
|turn|19
|
|t:|1776105209
|move|p1a: Iron Treads|Earth Power|p2a: Clodsire
|-supereffective|p2a: Clodsire
|-damage|p2a: Clodsire|45/100
|-unboost|p2a: Clodsire|spd|1
|move|p2a: Clodsire|Earthquake|p1a: Iron Treads
|-supereffective|p1a: Iron Treads
|-damage|p1a: Iron Treads|32/100
|
|upkeep
|turn|20
|
|t:|1776105215
|move|p1a: Iron Treads|Rapid Spin|p2a: Clodsire
|-damage|p2a: Clodsire|30/100
|-boost|p1a: Iron Treads|spe|1
|-sideend|p1: CyberH3|Spikes|[from] move: Rapid Spin|[of] p1a: Iron Treads
|-sideend|p1: CyberH3|Stealth Rock|[from] move: Rapid Spin|[of] p1a: Iron Treads
|move|p2a: Clodsire|Earthquake|p1a: Iron Treads
|-supereffective|p1a: Iron Treads
|-damage|p1a: Iron Treads|0 fnt
|faint|p1a: Iron Treads
|-end|p1a: Iron Treads|Quark Drive|[silent]
|
|upkeep
|
|t:|1776105217
|switch|p1a: Cinderace|Cinderace, F|71/100
|turn|21
|
|t:|1776105227
|move|p1a: Cinderace|Pyro Ball|p2a: Clodsire
|-damage|p2a: Clodsire|0 fnt
|faint|p2a: Clodsire
|-damage|p1a: Cinderace|61/100|[from] item: Life Orb
|
|upkeep
|
|t:|1776105240
|switch|p2a: Weavile|Weavile, M|100/100
|-ability|p2a: Weavile|Pressure
|turn|22
|
|t:|1776105243
|move|p2a: Weavile|Knock Off|p1a: Cinderace
|-damage|p1a: Cinderace|0 fnt
|-enditem|p1a: Cinderace|Life Orb|[from] move: Knock Off|[of] p2a: Weavile
|faint|p1a: Cinderace
|
|upkeep
|
|t:|1776105249
|switch|p1a: Pecharunt|Pecharunt|100/100
|turn|23
|
|t:|1776105252
|switch|p2a: Skarmory|Skarmory, F|59/100
|-terastallize|p1a: Pecharunt|Water
|move|p1a: Pecharunt|Malignant Chain|p2a: Skarmory
|-immune|p2a: Skarmory
|
|upkeep
|turn|24
|
|t:|1776105255
|move|p1a: Pecharunt|Nasty Plot|p1a: Pecharunt
|-boost|p1a: Pecharunt|spa|2
|move|p2a: Skarmory|Roost|p2a: Skarmory
|-heal|p2a: Skarmory|100/100
|-singleturn|p2a: Skarmory|move: Roost
|
|upkeep
|turn|25
|
|t:|1776105259
|move|p1a: Pecharunt|Hex|p2a: Skarmory
|-damage|p2a: Skarmory|18/100
|move|p2a: Skarmory|Whirlwind|p1a: Pecharunt
|drag|p1a: Zapdos|Zapdos|55/100
|
|upkeep
|turn|26
|
|t:|1776105263
|move|p1a: Zapdos|Discharge|p2a: Skarmory
|-supereffective|p2a: Skarmory
|-damage|p2a: Skarmory|0 fnt
|faint|p2a: Skarmory
|
|upkeep
|
|t:|1776105267
|switch|p2a: Weavile|Weavile, M|100/100
|-ability|p2a: Weavile|Pressure
|turn|27
|
|t:|1776105275
|switch|p1a: Ogerpon|Ogerpon-Wellspring, F|100/100
|move|p2a: Weavile|Swords Dance|p2a: Weavile
|-boost|p2a: Weavile|atk|2
|
|upkeep
|turn|28
|
|t:|1776105280
|move|p2a: Weavile|Triple Axel|p1a: Ogerpon
|-damage|p1a: Ogerpon|75/100
|-damage|p1a: Ogerpon|25/100
|-damage|p1a: Ogerpon|0 fnt
|faint|p1a: Ogerpon
|-hitcount|p1: Ogerpon|3
|
|upkeep
|
|t:|1776105284
|switch|p1a: Pecharunt|Pecharunt, tera:Water|100/100
|turn|29
|
|t:|1776105306
|move|p2a: Weavile|Knock Off|p1a: Pecharunt
|-damage|p1a: Pecharunt|42/100
|-enditem|p1a: Pecharunt|Leftovers|[from] move: Knock Off|[of] p2a: Weavile
|move|p1a: Pecharunt|Malignant Chain|p2a: Weavile
|-damage|p2a: Weavile|44/100
|-status|p2a: Weavile|tox
|-start|p2a: Weavile|confusion|[from] ability: Poison Puppeteer|[of] p1a: Pecharunt
|
|-damage|p2a: Weavile|38/100 tox|[from] psn
|upkeep
|turn|30
|
|t:|1776105312
|-activate|p2a: Weavile|confusion
|move|p2a: Weavile|Knock Off|p1a: Pecharunt
|-damage|p1a: Pecharunt|5/100
|move|p1a: Pecharunt|Recover|p1a: Pecharunt
|-heal|p1a: Pecharunt|55/100
|
|-damage|p2a: Weavile|25/100 tox|[from] psn
|upkeep
|turn|31
|
|t:|1776105315
|-activate|p2a: Weavile|confusion
|-damage|p2a: Weavile|0 fnt|[from] confusion
|faint|p2a: Weavile
|move|p1a: Pecharunt|Recover|p1a: Pecharunt
|-heal|p1a: Pecharunt|100/100
|
|upkeep
|
|t:|1776105320
|switch|p2a: Clefable|Clefable, F|24/100
|turn|32
|
|t:|1776105332
|move|p1a: Pecharunt|Malignant Chain|p2a: Clefable
|-supereffective|p2a: Clefable
|-damage|p2a: Clefable|0 fnt
|faint|p2a: Clefable
|
|upkeep
|
|t:|1776105335
|switch|p2a: Keldeo|Keldeo|57/100
|turn|33
|
|t:|1776105336
|move|p2a: Keldeo|Aura Sphere|p1a: Pecharunt
|-damage|p1a: Pecharunt|61/100
|move|p1a: Pecharunt|Malignant Chain|p2a: Keldeo
|-damage|p2a: Keldeo|7/100
|-status|p2a: Keldeo|tox
|-start|p2a: Keldeo|confusion|[from] ability: Poison Puppeteer|[of] p1a: Pecharunt
|
|-damage|p2a: Keldeo|1/100 tox|[from] psn
|upkeep
|turn|34
|
|t:|1776105340
|-activate|p2a: Keldeo|confusion
|-damage|p2a: Keldeo|0 fnt|[from] confusion
|faint|p2a: Keldeo
|move|p1a: Pecharunt|Recover|p1a: Pecharunt
|-heal|p1a: Pecharunt|100/100
|
|upkeep
|-message|lolshh forfeited.
|
|win|CyberH3
|raw|CyberH3's rating: 1564 &rarr; <strong>1586</strong><br />(+22 for winning)
|raw|lolshh's rating: 1591 &rarr; <strong>1569</strong><br />(-22 for losing)
|l|☆lolshh
|player|p2|
|l|☆CyberH3
|player|p1|
