|html|<div class="broadcast-blue"><strong>[Gen 9] OU is currently suspecting Tera Blast! For information on how to participate check out the <a href="https://www.smogon.com/tools/suspects/view/200">suspect thread</a>.</strong></div>
|j|☆enveeXD
|j|☆AlienXotic
|t:|1776052636
|gametype|singles
|player|p1|enveeXD|elesa|1355
|player|p2|AlienXotic|266|1401
|gen|9
|tier|[Gen 9] OU
|rated|
|rule|HP Percentage Mod: HP is shown in percentages
|rule|Endless Battle Clause: Forcing endless battles is banned
|rule|Species Clause: Limit one of each Pokémon
|rule|OHKO Clause: OHKO moves are banned
|rule|Evasion Items Clause: Evasion items are banned
|rule|Evasion Moves Clause: Evasion moves are banned
|rule|Evasion Abilities Clause: Evasion abilities are banned
|rule|Sleep Moves Clause: Sleep-inducing moves are banned
|clearpoke
|poke|p1|Kyurem|
|poke|p1|Iron Valiant|
|poke|p1|Cinderace, F|
|poke|p1|Kingambit, F|
|poke|p1|Landorus-Therian, M|
|poke|p1|Slowking-Galar, M|
|poke|p2|Slither Wing|
|poke|p2|Ninetales, M|
|poke|p2|Walking Wake|
|poke|p2|Iron Moth|
|poke|p2|Hatterene, F|
|poke|p2|Blaziken, M|
|teampreview
|inactive|Battle timer is ON: inactive players will automatically lose when time's up. (requested by AlienXotic)
|
|t:|1776052650
|teamsize|p1|6
|teamsize|p2|6
|start
|switch|p1a: Landorus|Landorus-Therian, M|100/100
|switch|p2a: Aruarian|Ninetales, M, shiny|100/100
|-weather|SunnyDay|[from] ability: Drought|[of] p2a: Aruarian
|-ability|p1a: Landorus|Intimidate|boost
|-unboost|p2a: Aruarian|atk|1
|turn|1
|
|t:|1776052660
|move|p2a: Aruarian|Will-O-Wisp|p1a: Landorus
|-status|p1a: Landorus|brn
|move|p1a: Landorus|U-turn|p2a: Aruarian
|-resisted|p2a: Aruarian
|-damage|p2a: Aruarian|94/100
|
|t:|1776052676
|switch|p1a: Cinderace|Cinderace, F|100/100|[from] U-turn
|
|-weather|SunnyDay|[upkeep]
|upkeep
|turn|2
|
|t:|1776052685
|switch|p2a: Renewal|Walking Wake|100/100
|-activate|p2a: Renewal|ability: Protosynthesis
|-start|p2a: Renewal|protosynthesisspe
|move|p1a: Cinderace|Pyro Ball|p2a: Renewal
|-resisted|p2a: Renewal
|-damage|p2a: Renewal|82/100
|
|-weather|SunnyDay|[upkeep]
|upkeep
|turn|3
|
|t:|1776052701
|switch|p1a: Kyurem|Kyurem, shiny|100/100
|-ability|p1a: Kyurem|Pressure
|move|p2a: Renewal|Flip Turn|p1a: Kyurem
|-resisted|p1a: Kyurem
|-damage|p1a: Kyurem|97/100
|
|t:|1776052717
|-end|p2a: Renewal|Protosynthesis|[silent]
|switch|p2a: Covet&Lust|Hatterene, F, shiny|100/100|[from] Flip Turn
|
|-weather|SunnyDay|[upkeep]
|-heal|p1a: Kyurem|100/100|[from] item: Leftovers
|upkeep
|turn|4
|
|t:|1776052725
|switch|p1a: Slowking|Slowking-Galar, M|100/100
|move|p2a: Covet&Lust|Nuzzle|p1a: Slowking
|-damage|p1a: Slowking|96/100
|-status|p1a: Slowking|par
|
|-weather|SunnyDay|[upkeep]
|upkeep
|turn|5
|
|t:|1776052734
|move|p2a: Covet&Lust|Mystical Fire|p1a: Slowking
|-damage|p1a: Slowking|75/100 par
|-unboost|p1a: Slowking|spa|1
|-prepare|p1a: Slowking|Chilly Reception|[premajor]
|cant|p1a: Slowking|par
|
|-weather|SunnyDay|[upkeep]
|upkeep
|turn|6
|
|t:|1776052742
|move|p2a: Covet&Lust|Mystical Fire|p1a: Slowking
|-damage|p1a: Slowking|56/100 par
|-unboost|p1a: Slowking|spa|1
|-prepare|p1a: Slowking|Chilly Reception|[premajor]
|move|p1a: Slowking|Chilly Reception|p1a: Slowking
|-weather|Snowscape
|
|t:|1776052756
|switch|p1a: Kingambit|Kingambit, F, shiny|100/100|[from] Chilly Reception
|
|-weather|Snowscape|[upkeep]
|upkeep
|turn|7
|
|t:|1776052766
|switch|p2a: Beru|Slither Wing, shiny|100/100
|move|p1a: Kingambit|Iron Head|p2a: Beru
|-damage|p2a: Beru|36/100
|
|-weather|Snowscape|[upkeep]
|upkeep
|turn|8
|
|t:|1776052776
|-end|p1a: Kingambit|fallenundefined|[silent]
|switch|p1a: Landorus|Landorus-Therian, M|100/100 brn
|-ability|p1a: Landorus|Intimidate|boost
|-unboost|p2a: Beru|atk|1
|move|p2a: Beru|Earthquake|p1a: Landorus
|-immune|p1a: Landorus
|
|-weather|Snowscape|[upkeep]
|-damage|p1a: Landorus|94/100 brn|[from] brn
|upkeep
|turn|9
|
|t:|1776052786
|-end|p2a: Beru|Protosynthesis|[silent]
|switch|p2a: Aruarian|Ninetales, M, shiny|94/100
|-weather|SunnyDay|[from] ability: Drought|[of] p2a: Aruarian
|move|p1a: Landorus|U-turn|p2a: Aruarian
|-resisted|p2a: Aruarian
|-damage|p2a: Aruarian|88/100
|
|t:|1776052800
|switch|p1a: Kyurem|Kyurem, shiny|100/100|[from] U-turn
|-ability|p1a: Kyurem|Pressure
|
|-weather|SunnyDay|[upkeep]
|upkeep
|turn|10
|
|t:|1776052811
|switch|p2a: Covet&Lust|Hatterene, F, shiny|100/100
|move|p1a: Kyurem|Substitute|p1a: Kyurem
|-start|p1a: Kyurem|Substitute
|-damage|p1a: Kyurem|76/100
|
|-weather|SunnyDay|[upkeep]
|-heal|p1a: Kyurem|82/100|[from] item: Leftovers
|upkeep
|turn|11
|
|t:|1776052821
|move|p1a: Kyurem|Freeze-Dry|p2a: Covet&Lust
|-damage|p2a: Covet&Lust|65/100
|-enditem|p2a: Covet&Lust|Eject Button
|
|t:|1776052829
|switch|p2a: Sizzlin' Hot Wings|Blaziken, M, shiny|100/100
|
|-weather|SunnyDay|[upkeep]
|-heal|p1a: Kyurem|88/100|[from] item: Leftovers
|upkeep
|turn|12
|
|t:|1776052835
|move|p1a: Kyurem|Earth Power|p2a: Sizzlin' Hot Wings
|-supereffective|p2a: Sizzlin' Hot Wings
|-damage|p2a: Sizzlin' Hot Wings|4/100
|move|p2a: Sizzlin' Hot Wings|Flare Blitz|p1a: Kyurem
|-end|p1a: Kyurem|Substitute
|-damage|p2a: Sizzlin' Hot Wings|0 fnt|[from] Recoil|[of] p1a: Kyurem
|faint|p2a: Sizzlin' Hot Wings
|
|-weather|SunnyDay|[upkeep]
|-heal|p1a: Kyurem|94/100|[from] item: Leftovers
|upkeep
|
|t:|1776052844
|switch|p2a: Renewal|Walking Wake|82/100
|-activate|p2a: Renewal|ability: Protosynthesis
|-start|p2a: Renewal|protosynthesisspe
|turn|13
|
|t:|1776052855
|move|p1a: Kyurem|Protect|p1a: Kyurem
|-singleturn|p1a: Kyurem|Protect
|move|p2a: Renewal|Hydro Steam|p1a: Kyurem
|-activate|p1a: Kyurem|move: Protect
|
|-weather|SunnyDay|[upkeep]
|-heal|p1a: Kyurem|99/100|[from] item: Leftovers
|upkeep
|turn|14
|
|t:|1776052868
|-end|p2a: Renewal|Protosynthesis|[silent]
|switch|p2a: The better one?|Iron Moth|100/100
|-enditem|p2a: The better one?|Booster Energy
|-activate|p2a: The better one?|ability: Quark Drive|[fromitem]
|-start|p2a: The better one?|quarkdrivespe
|move|p1a: Kyurem|Freeze-Dry|p2a: The better one?
|-resisted|p2a: The better one?
|-damage|p2a: The better one?|81/100
|
|-weather|SunnyDay|[upkeep]
|-heal|p1a: Kyurem|100/100|[from] item: Leftovers
|upkeep
|turn|15
|
|t:|1776052894
|-terastallize|p2a: The better one?|Fairy
|move|p1a: Kyurem|Protect|p1a: Kyurem
|-singleturn|p1a: Kyurem|Protect
|move|p2a: The better one?|Fiery Dance|p1a: Kyurem
|-activate|p1a: Kyurem|move: Protect
|
|-weather|SunnyDay|[upkeep]
|upkeep
|turn|16
|inactive|enveeXD has 120 seconds left.
|
|t:|1776052934
|switch|p1a: Slowking|Slowking-Galar, M|90/100 par
|move|p2a: The better one?|Fiery Dance|p1a: Slowking
|-damage|p1a: Slowking|53/100 par
|-boost|p2a: The better one?|spa|1
|
|-weather|none
|upkeep
|turn|17
|
|t:|1776052954
|move|p2a: The better one?|Fiery Dance|p1a: Slowking
|-damage|p1a: Slowking|18/100 par
|cant|p1a: Slowking|par
|
|upkeep
|turn|18
|
|t:|1776052966
|switch|p1a: Landorus|Landorus-Therian, M|94/100 brn
|-ability|p1a: Landorus|Intimidate|boost
|-unboost|p2a: The better one?|atk|1
|move|p2a: The better one?|Fiery Dance|p1a: Landorus
|-damage|p1a: Landorus|18/100 brn
|-boost|p2a: The better one?|spa|1
|
|-damage|p1a: Landorus|11/100 brn|[from] brn
|upkeep
|turn|19
|
|t:|1776052975
|move|p2a: The better one?|Fiery Dance|p1a: Landorus
|-damage|p1a: Landorus|0 fnt
|faint|p1a: Landorus
|
|upkeep
|
|t:|1776052980
|switch|p1a: Slowking|Slowking-Galar, M|51/100 par
|turn|20
|
|t:|1776052984
|move|p2a: The better one?|Fiery Dance|p1a: Slowking
|-damage|p1a: Slowking|3/100 par
|-boost|p2a: The better one?|spa|1
|move|p1a: Slowking|Thunder Wave|p2a: The better one?
|-status|p2a: The better one?|par
|
|upkeep
|turn|21
|inactive|enveeXD has 120 seconds left.
|
|t:|1776052994
|move|p2a: The better one?|Fiery Dance|p1a: Slowking
|-damage|p1a: Slowking|0 fnt
|faint|p1a: Slowking
|
|upkeep
|inactive|enveeXD has 120 seconds left.
|
|t:|1776053021
|switch|p1a: Cinderace|Cinderace, F|100/100
|turn|22
|
|t:|1776053026
|move|p1a: Cinderace|Pyro Ball|p2a: The better one?
|-damage|p2a: The better one?|19/100 par
|move|p2a: The better one?|Sludge Wave|p1a: Cinderace
|-damage|p1a: Cinderace|0 fnt
|faint|p1a: Cinderace
|
|upkeep
|
|t:|1776053034
|switch|p1a: Kyurem|Kyurem, shiny|100/100
|-ability|p1a: Kyurem|Pressure
|turn|23
|
|t:|1776053041
|move|p1a: Kyurem|Freeze-Dry|p2a: The better one?
|-damage|p2a: The better one?|0 fnt
|faint|p2a: The better one?
|-end|p2a: The better one?|Quark Drive|[silent]
|
|upkeep
|
|t:|1776053045
|switch|p2a: Aruarian|Ninetales, M, shiny|88/100
|-weather|SunnyDay|[from] ability: Drought|[of] p2a: Aruarian
|turn|24
|
|t:|1776053060
|move|p2a: Aruarian|Overheat|p1a: Kyurem
|-damage|p1a: Kyurem|52/100
|-unboost|p2a: Aruarian|spa|2
|move|p1a: Kyurem|Substitute|p1a: Kyurem
|-start|p1a: Kyurem|Substitute
|-damage|p1a: Kyurem|27/100
|
|-weather|SunnyDay|[upkeep]
|-heal|p1a: Kyurem|33/100|[from] item: Leftovers
|upkeep
|turn|25
|inactive|AlienXotic has 120 seconds left.
|
|t:|1776053091
|move|p2a: Aruarian|Encore|p1a: Kyurem
|-start|p1a: Kyurem|Encore
|move|p1a: Kyurem|Substitute|p1a: Kyurem
|-fail|p1a: Kyurem|move: Substitute
|
|-weather|SunnyDay|[upkeep]
|-heal|p1a: Kyurem|40/100|[from] item: Leftovers
|upkeep
|turn|26
|inactive|AlienXotic has 120 seconds left.
|
|t:|1776053099
|switch|p2a: Beru|Slither Wing, shiny|36/100
|-activate|p2a: Beru|ability: Protosynthesis
|-start|p2a: Beru|protosynthesisatk
|move|p1a: Kyurem|Substitute|p1a: Kyurem
|-fail|p1a: Kyurem|move: Substitute
|
|-weather|SunnyDay|[upkeep]
|-heal|p1a: Kyurem|46/100|[from] item: Leftovers
|upkeep
|turn|27
|
|t:|1776053108
|move|p1a: Kyurem|Substitute|p1a: Kyurem
|-fail|p1a: Kyurem|move: Substitute
|move|p2a: Beru|Earthquake|p1a: Kyurem
|-end|p1a: Kyurem|Substitute
|
|-weather|SunnyDay|[upkeep]
|-heal|p1a: Kyurem|52/100|[from] item: Leftovers
|-end|p1a: Kyurem|Encore
|upkeep
|turn|28
|
|t:|1776053116
|move|p1a: Kyurem|Protect|p1a: Kyurem
|-singleturn|p1a: Kyurem|Protect
|move|p2a: Beru|Earthquake|p1a: Kyurem
|-activate|p1a: Kyurem|move: Protect
|
|-weather|SunnyDay|[upkeep]
|-heal|p1a: Kyurem|58/100|[from] item: Leftovers
|upkeep
|turn|29
|
|t:|1776053125
|move|p1a: Kyurem|Freeze-Dry|p2a: Beru
|-damage|p2a: Beru|2/100
|move|p2a: Beru|Earthquake|p1a: Kyurem
|-damage|p1a: Kyurem|0 fnt
|faint|p1a: Kyurem
|
|-weather|SunnyDay|[upkeep]
|upkeep
|
|t:|1776053137
|switch|p1a: Iron Valiant|Iron Valiant, shiny|100/100
|-enditem|p1a: Iron Valiant|Booster Energy
|-activate|p1a: Iron Valiant|ability: Quark Drive|[fromitem]
|-start|p1a: Iron Valiant|quarkdrivespe
|turn|30
|
|t:|1776053150
|move|p1a: Iron Valiant|Shadow Ball|p2a: Beru
|-damage|p2a: Beru|0 fnt
|faint|p2a: Beru
|-end|p2a: Beru|Protosynthesis|[silent]
|
|-weather|SunnyDay|[upkeep]
|upkeep
|
|t:|1776053169
|switch|p2a: Covet&Lust|Hatterene, F, shiny|65/100
|turn|31
|
|t:|1776053177
|-terastallize|p1a: Iron Valiant|Ghost
|move|p1a: Iron Valiant|Shadow Ball|p2a: Covet&Lust
|-supereffective|p2a: Covet&Lust
|-damage|p2a: Covet&Lust|0 fnt
|faint|p2a: Covet&Lust
|
|-weather|none
|upkeep
|
|t:|1776053183
|switch|p2a: Aruarian|Ninetales, M, shiny|88/100
|-weather|SunnyDay|[from] ability: Drought|[of] p2a: Aruarian
|turn|32
|
|t:|1776053202
|move|p1a: Iron Valiant|Calm Mind|p1a: Iron Valiant
|-boost|p1a: Iron Valiant|spa|1
|-boost|p1a: Iron Valiant|spd|1
|move|p2a: Aruarian|Overheat|p1a: Iron Valiant
|-damage|p1a: Iron Valiant|29/100
|-unboost|p2a: Aruarian|spa|2
|
|-weather|SunnyDay|[upkeep]
|upkeep
|turn|33
|
|t:|1776053225
|move|p1a: Iron Valiant|Calm Mind|p1a: Iron Valiant
|-boost|p1a: Iron Valiant|spa|1
|-boost|p1a: Iron Valiant|spd|1
|move|p2a: Aruarian|Overheat|p1a: Iron Valiant
|-damage|p1a: Iron Valiant|3/100
|-unboost|p2a: Aruarian|spa|2
|
|-weather|SunnyDay|[upkeep]
|upkeep
|turn|34
|
|t:|1776053241
|move|p1a: Iron Valiant|Shadow Ball|p2a: Aruarian
|-damage|p2a: Aruarian|16/100
|move|p2a: Aruarian|Overheat|p1a: Iron Valiant
|-damage|p1a: Iron Valiant|0 fnt
|-unboost|p2a: Aruarian|spa|2
|faint|p1a: Iron Valiant
|-end|p1a: Iron Valiant|Quark Drive|[silent]
|
|-weather|SunnyDay|[upkeep]
|upkeep
|
|t:|1776053249
|switch|p1a: Kingambit|Kingambit, F, shiny|100/100
|-activate|p1a: Kingambit|ability: Supreme Overlord
|-start|p1a: Kingambit|fallen5|[silent]
|turn|35
|
|t:|1776053256
|move|p1a: Kingambit|Sucker Punch||[still]
|-fail|p1a: Kingambit
|move|p2a: Aruarian|Will-O-Wisp|p1a: Kingambit
|-status|p1a: Kingambit|brn
|
|-weather|SunnyDay|[upkeep]
|-damage|p1a: Kingambit|94/100 brn|[from] brn
|upkeep
|turn|36
|
|t:|1776053266
|move|p1a: Kingambit|Sucker Punch|p2a: Aruarian
|-damage|p2a: Aruarian|0 fnt
|faint|p2a: Aruarian
|
|-weather|SunnyDay|[upkeep]
|-heal|p1a: Kingambit|100/100 brn|[from] item: Leftovers
|-damage|p1a: Kingambit|94/100 brn|[from] brn
|upkeep
|
|t:|1776053269
|switch|p2a: Renewal|Walking Wake|82/100
|-activate|p2a: Renewal|ability: Protosynthesis
|-start|p2a: Renewal|protosynthesisspe
|turn|37
|
|t:|1776053282
|move|p2a: Renewal|Flamethrower|p1a: Kingambit
|-supereffective|p1a: Kingambit
|-damage|p1a: Kingambit|0 fnt
|faint|p1a: Kingambit
|-end|p1a: Kingambit|fallen5|[silent]
|
|win|AlienXotic
|raw|enveeXD's rating: 1355 &rarr; <strong>1338</strong><br />(-17 for losing)
|raw|AlienXotic's rating: 1401 &rarr; <strong>1418</strong><br />(+17 for winning)
|l|☆enveeXD
|player|p1|
|l|☆AlienXotic
|player|p2|
