|html|<div class="broadcast-blue"><strong>[Gen 9] OU is currently suspecting Tera Blast! For information on how to participate check out the <a href="https://www.smogon.com/tools/suspects/view/200">suspect thread</a>.</strong></div>
|j|☆Underquill
|j|☆kamomille
|t:|1776092997
|gametype|singles
|player|p1|Underquill|169|1443
|player|p2|kamomille|265|1472
|gen|9
|tier|[Gen 9] OU
|rated|
|rule|HP Percentage Mod: HP is shown in percentages
|rule|Endless Battle Clause: Forcing endless battles is banned
|rule|Species Clause: Limit one of each Pokémon
|rule|OHKO Clause: OHKO moves are banned
|rule|Evasion Items Clause: Evasion items are banned
|rule|Evasion Moves Clause: Evasion moves are banned
|rule|Evasion Abilities Clause: Evasion abilities are banned
|rule|Sleep Moves Clause: Sleep-inducing moves are banned
|clearpoke
|poke|p1|Lapras, M|
|poke|p1|Dragapult, M|
|poke|p1|Glimmora, F|
|poke|p1|Moltres|
|poke|p1|Scizor, M|
|poke|p1|Great Tusk|
|poke|p2|Suicune|
|poke|p2|Kyurem|
|poke|p2|Zapdos|
|poke|p2|Corviknight, M|
|poke|p2|Weezing-Galar, M|
|poke|p2|Umbreon, F|
|teampreview
|inactive|Battle timer is ON: inactive players will automatically lose when time's up. (requested by Underquill)
|
|t:|1776093007
|teamsize|p1|6
|teamsize|p2|6
|start
|switch|p1a: Glimmora|Glimmora, F|100/100
|switch|p2a: Suicune|Suicune|100/100
|-ability|p2a: Suicune|Pressure
|turn|1
|
|t:|1776093015
|move|p1a: Glimmora|Stealth Rock|p2a: Suicune
|-sidestart|p2: kamomille|move: Stealth Rock
|move|p2a: Suicune|Calm Mind|p2a: Suicune
|-boost|p2a: Suicune|spa|1
|-boost|p2a: Suicune|spd|1
|
|upkeep
|turn|2
|
|t:|1776093021
|move|p1a: Glimmora|Mortal Spin|p2a: Suicune
|-damage|p2a: Suicune|95/100
|-status|p2a: Suicune|psn
|move|p2a: Suicune|Substitute|p2a: Suicune
|-start|p2a: Suicune|Substitute
|-damage|p2a: Suicune|70/100 psn
|
|-heal|p2a: Suicune|76/100 psn|[from] item: Leftovers
|-damage|p2a: Suicune|64/100 psn|[from] psn
|upkeep
|turn|3
|
|t:|1776093032
|switch|p1a: Lapras|Lapras, M|100/100
|move|p2a: Suicune|Scald|p1a: Lapras
|-immune|p1a: Lapras|[from] ability: Water Absorb
|
|-heal|p2a: Suicune|70/100 psn|[from] item: Leftovers
|-damage|p2a: Suicune|58/100 psn|[from] psn
|upkeep
|turn|4
|
|t:|1776093042
|switch|p2a: Zapdos|Zapdos|100/100
|-ability|p2a: Zapdos|Pressure
|move|p1a: Lapras|Substitute|p1a: Lapras
|-start|p1a: Lapras|Substitute
|-damage|p1a: Lapras|76/100
|
|-heal|p1a: Lapras|82/100|[from] item: Leftovers
|upkeep
|turn|5
|
|t:|1776093052
|move|p2a: Zapdos|Discharge|p1a: Lapras
|-supereffective|p1a: Lapras
|-end|p1a: Lapras|Substitute
|move|p1a: Lapras|Ice Beam|p2a: Zapdos
|-supereffective|p2a: Zapdos
|-damage|p2a: Zapdos|28/100
|-status|p2a: Zapdos|frz
|
|-heal|p1a: Lapras|88/100|[from] item: Leftovers
|upkeep
|turn|6
|
|t:|1776093063
|switch|p2a: Corviknight|Corviknight, M|100/100
|-damage|p2a: Corviknight|88/100|[from] Stealth Rock
|-ability|p2a: Corviknight|Pressure
|move|p1a: Lapras|Substitute|p1a: Lapras
|-start|p1a: Lapras|Substitute
|-damage|p1a: Lapras|63/100
|
|-heal|p1a: Lapras|69/100|[from] item: Leftovers
|upkeep
|turn|7
|
|t:|1776093074
|move|p2a: Corviknight|Body Press|p1a: Lapras
|-supereffective|p1a: Lapras
|-end|p1a: Lapras|Substitute
|move|p1a: Lapras|Thunderbolt|p2a: Corviknight
|-supereffective|p2a: Corviknight
|-damage|p2a: Corviknight|53/100
|
|-heal|p1a: Lapras|76/100|[from] item: Leftovers
|upkeep
|turn|8
|
|t:|1776093084
|switch|p1a: Dragapult|Dragapult, M|100/100
|move|p2a: Corviknight|Roost|p2a: Corviknight
|-heal|p2a: Corviknight|100/100
|-singleturn|p2a: Corviknight|move: Roost
|
|upkeep
|turn|9
|
|t:|1776093091
|switch|p2a: Umbreon|Umbreon, F|100/100
|-damage|p2a: Umbreon|88/100|[from] Stealth Rock
|move|p1a: Dragapult|Substitute|p1a: Dragapult
|-start|p1a: Dragapult|Substitute
|-damage|p1a: Dragapult|76/100
|
|-heal|p1a: Dragapult|82/100|[from] item: Leftovers
|-heal|p2a: Umbreon|94/100|[from] item: Leftovers
|upkeep
|turn|10
|
|t:|1776093101
|switch|p1a: Glimmora|Glimmora, F|100/100
|move|p2a: Umbreon|Foul Play|p1a: Glimmora
|-damage|p1a: Glimmora|74/100
|-activate|p1a: Glimmora|ability: Toxic Debris
|-sidestart|p2: kamomille|move: Toxic Spikes
|
|-heal|p2a: Umbreon|99/100|[from] item: Leftovers
|upkeep
|turn|11
|
|t:|1776093111
|switch|p2a: Weezing|Weezing-Galar, M|100/100
|-ability|p2a: Weezing|Neutralizing Gas
|-damage|p2a: Weezing|88/100|[from] Stealth Rock
|-sideend|p2: kamomille|move: Toxic Spikes|[of] p2a: Weezing
|move|p1a: Glimmora|Mortal Spin|p2a: Weezing
|-damage|p2a: Weezing|84/100
|
|-heal|p2a: Weezing|90/100|[from] item: Leftovers
|upkeep
|turn|12
|
|t:|1776093123
|switch|p1a: Moltres|Moltres|100/100
|move|p2a: Weezing|Will-O-Wisp|p1a: Moltres
|-immune|p1a: Moltres
|
|-heal|p2a: Weezing|96/100|[from] item: Leftovers
|upkeep
|turn|13
|
|t:|1776093133
|move|p1a: Moltres|Air Slash|p2a: Weezing
|-damage|p2a: Weezing|45/100
|move|p2a: Weezing|Defog|p1a: Moltres
|-unboost|p1a: Moltres|evasion|1
|-sideend|p2: kamomille|Stealth Rock|[from] move: Defog|[of] p2a: Weezing
|
|-heal|p2a: Weezing|51/100|[from] item: Leftovers
|upkeep
|turn|14
|
|t:|1776093144
|-end|p2a: Weezing|ability: Neutralizing Gas
|switch|p2a: Suicune|Suicune|58/100 psn
|-ability|p2a: Suicune|Pressure
|move|p1a: Moltres|Flamethrower|p2a: Suicune
|-resisted|p2a: Suicune
|-damage|p2a: Suicune|42/100 psn
|
|-heal|p2a: Suicune|48/100 psn|[from] item: Leftovers
|-damage|p2a: Suicune|36/100 psn|[from] psn
|upkeep
|turn|15
|
|t:|1776093157
|switch|p2a: Kyurem|Kyurem|100/100
|-ability|p2a: Kyurem|Pressure
|move|p1a: Moltres|Air Slash|p2a: Kyurem
|-damage|p2a: Kyurem|72/100
|
|-heal|p2a: Kyurem|79/100|[from] item: Leftovers
|upkeep
|turn|16
|
|t:|1776093171
|switch|p2a: Umbreon|Umbreon, F|99/100
|move|p1a: Moltres|Will-O-Wisp|p2a: Umbreon
|-status|p2a: Umbreon|brn
|-activate|p2a: Umbreon|ability: Synchronize
|-immune|p1a: Moltres
|
|-heal|p2a: Umbreon|100/100 brn|[from] item: Leftovers
|-damage|p2a: Umbreon|94/100 brn|[from] brn
|upkeep
|turn|17
|
|t:|1776093183
|switch|p1a: Great Tusk|Great Tusk|100/100
|-enditem|p1a: Great Tusk|Booster Energy
|-activate|p1a: Great Tusk|ability: Protosynthesis|[fromitem]
|-start|p1a: Great Tusk|protosynthesisatk
|move|p2a: Umbreon|Toxic|p1a: Great Tusk
|-status|p1a: Great Tusk|tox
|
|-heal|p2a: Umbreon|100/100 brn|[from] item: Leftovers
|-damage|p1a: Great Tusk|94/100 tox|[from] psn
|-damage|p2a: Umbreon|94/100 brn|[from] brn
|upkeep
|turn|18
|
|t:|1776093196
|move|p2a: Umbreon|Protect|p2a: Umbreon
|-singleturn|p2a: Umbreon|Protect
|move|p1a: Great Tusk|Rapid Spin|p2a: Umbreon
|-activate|p2a: Umbreon|move: Protect
|
|-heal|p2a: Umbreon|100/100 brn|[from] item: Leftovers
|-damage|p1a: Great Tusk|82/100 tox|[from] psn
|-damage|p2a: Umbreon|94/100 brn|[from] brn
|upkeep
|turn|19
|
|t:|1776093206
|switch|p2a: Corviknight|Corviknight, M|100/100
|-ability|p2a: Corviknight|Pressure
|move|p1a: Great Tusk|Close Combat|p2a: Corviknight
|-damage|p2a: Corviknight|42/100
|-unboost|p1a: Great Tusk|def|1
|-unboost|p1a: Great Tusk|spd|1
|-damage|p1a: Great Tusk|65/100 tox|[from] item: Rocky Helmet|[of] p2a: Corviknight
|
|-damage|p1a: Great Tusk|47/100 tox|[from] psn
|upkeep
|turn|20
|
|t:|1776093219
|switch|p2a: Zapdos|Zapdos|28/100 frz
|-ability|p2a: Zapdos|Pressure
|move|p1a: Great Tusk|Close Combat|p2a: Zapdos
|-resisted|p2a: Zapdos
|-damage|p2a: Zapdos|3/100 frz
|-unboost|p1a: Great Tusk|def|1
|-unboost|p1a: Great Tusk|spd|1
|
|-damage|p1a: Great Tusk|22/100 tox|[from] psn
|upkeep
|turn|21
|
|t:|1776093232
|move|p1a: Great Tusk|Close Combat|p2a: Zapdos
|-resisted|p2a: Zapdos
|-damage|p2a: Zapdos|0 fnt
|-unboost|p1a: Great Tusk|def|1
|-unboost|p1a: Great Tusk|spd|1
|faint|p2a: Zapdos
|
|-damage|p1a: Great Tusk|0 fnt|[from] psn
|faint|p1a: Great Tusk
|-end|p1a: Great Tusk|Protosynthesis|[silent]
|upkeep
|
|t:|1776093246
|switch|p1a: Scizor|Scizor, M|100/100
|switch|p2a: Umbreon|Umbreon, F|94/100 brn
|turn|22
|
|t:|1776093253
|switch|p2a: Corviknight|Corviknight, M|42/100
|-ability|p2a: Corviknight|Pressure
|move|p1a: Scizor|Close Combat|p2a: Corviknight
|-damage|p2a: Corviknight|0 fnt
|-unboost|p1a: Scizor|def|1
|-unboost|p1a: Scizor|spd|1
|-damage|p1a: Scizor|84/100|[from] item: Rocky Helmet|[of] p2a: Corviknight
|faint|p2a: Corviknight
|
|upkeep
|
|t:|1776093266
|switch|p2a: Weezing|Weezing-Galar, M|51/100
|-ability|p2a: Weezing|Neutralizing Gas
|turn|23
|
|t:|1776093271
|switch|p1a: Moltres|Moltres|100/100
|move|p2a: Weezing|Gunk Shot|p1a: Moltres
|-damage|p1a: Moltres|60/100
|
|-heal|p2a: Weezing|57/100|[from] item: Leftovers
|upkeep
|turn|24
|
|t:|1776093281
|move|p1a: Moltres|Air Slash|p2a: Weezing
|-damage|p2a: Weezing|5/100
|move|p2a: Weezing|Gunk Shot|p1a: Moltres
|-damage|p1a: Moltres|21/100
|
|-heal|p2a: Weezing|11/100|[from] item: Leftovers
|upkeep
|turn|25
|
|t:|1776093290
|move|p1a: Moltres|Air Slash|p2a: Weezing|[miss]
|-miss|p1a: Moltres|p2a: Weezing
|move|p2a: Weezing|Gunk Shot|p1a: Moltres
|-crit|p1a: Moltres
|-damage|p1a: Moltres|0 fnt
|faint|p1a: Moltres
|
|-heal|p2a: Weezing|17/100|[from] item: Leftovers
|upkeep
|
|t:|1776093297
|switch|p1a: Scizor|Scizor, M|84/100
|turn|26
|
|t:|1776093302
|-end|p2a: Weezing|ability: Neutralizing Gas
|switch|p2a: Suicune|Suicune|36/100 psn
|-ability|p2a: Suicune|Pressure
|move|p1a: Scizor|Bullet Punch|p2a: Suicune
|-resisted|p2a: Suicune
|-damage|p2a: Suicune|17/100 psn
|
|-heal|p2a: Suicune|24/100 psn|[from] item: Leftovers
|-damage|p2a: Suicune|11/100 psn|[from] psn
|upkeep
|turn|27
|
|t:|1776093314
|move|p1a: Scizor|Bullet Punch|p2a: Suicune
|-resisted|p2a: Suicune
|-damage|p2a: Suicune|0 fnt
|faint|p2a: Suicune
|
|upkeep
|
|t:|1776093320
|switch|p2a: Umbreon|Umbreon, F|94/100 brn
|turn|28
|
|t:|1776093323
|move|p1a: Scizor|Bullet Punch|p2a: Umbreon
|-damage|p2a: Umbreon|56/100 brn
|move|p2a: Umbreon|Wish|p2a: Umbreon
|
|-heal|p2a: Umbreon|62/100 brn|[from] item: Leftovers
|-damage|p2a: Umbreon|56/100 brn|[from] brn
|upkeep
|turn|29
|
|t:|1776093331
|move|p1a: Scizor|Bullet Punch|p2a: Umbreon
|-damage|p2a: Umbreon|17/100 brn
|move|p2a: Umbreon|Foul Play|p1a: Scizor
|-damage|p1a: Scizor|56/100
|
|-heal|p2a: Umbreon|67/100 brn|[from] move: Wish|[wisher] Umbreon
|-heal|p2a: Umbreon|73/100 brn|[from] item: Leftovers
|-damage|p2a: Umbreon|67/100 brn|[from] brn
|upkeep
|turn|30
|
|t:|1776093342
|switch|p1a: Glimmora|Glimmora, F|74/100
|move|p2a: Umbreon|Wish|p2a: Umbreon
|
|-heal|p2a: Umbreon|73/100 brn|[from] item: Leftovers
|-damage|p2a: Umbreon|67/100 brn|[from] brn
|upkeep
|turn|31
|
|t:|1776093350
|move|p1a: Glimmora|Stealth Rock|p2a: Umbreon
|-sidestart|p2: kamomille|move: Stealth Rock
|move|p2a: Umbreon|Foul Play|p1a: Glimmora
|-damage|p1a: Glimmora|62/100
|-activate|p1a: Glimmora|ability: Toxic Debris
|-sidestart|p2: kamomille|move: Toxic Spikes
|
|-heal|p2a: Umbreon|100/100 brn|[from] move: Wish|[wisher] Umbreon
|-damage|p2a: Umbreon|94/100 brn|[from] brn
|upkeep
|turn|32
|
|t:|1776093363
|move|p1a: Glimmora|Power Gem|p2a: Umbreon
|-damage|p2a: Umbreon|71/100 brn
|move|p2a: Umbreon|Foul Play|p1a: Glimmora
|-damage|p1a: Glimmora|49/100
|-activate|p1a: Glimmora|ability: Toxic Debris
|-sidestart|p2: kamomille|move: Toxic Spikes
|
|-heal|p2a: Umbreon|77/100 brn|[from] item: Leftovers
|-damage|p2a: Umbreon|71/100 brn|[from] brn
|upkeep
|turn|33
|
|t:|1776093375
|switch|p1a: Scizor|Scizor, M|56/100
|move|p2a: Umbreon|Wish|p2a: Umbreon
|
|-heal|p2a: Umbreon|77/100 brn|[from] item: Leftovers
|-damage|p2a: Umbreon|71/100 brn|[from] brn
|upkeep
|turn|34
|
|t:|1776093383
|move|p2a: Umbreon|Protect|p2a: Umbreon
|-singleturn|p2a: Umbreon|Protect
|move|p1a: Scizor|Close Combat|p2a: Umbreon
|-activate|p2a: Umbreon|move: Protect
|
|-heal|p2a: Umbreon|100/100 brn|[from] move: Wish|[wisher] Umbreon
|-damage|p2a: Umbreon|94/100 brn|[from] brn
|upkeep
|turn|35
|
|t:|1776093394
|switch|p2a: Weezing|Weezing-Galar, M|17/100
|-ability|p2a: Weezing|Neutralizing Gas
|-damage|p2a: Weezing|5/100|[from] Stealth Rock
|-sideend|p2: kamomille|move: Toxic Spikes|[of] p2a: Weezing
|switch|p1a: Lapras|Lapras, M|76/100
|
|-heal|p1a: Lapras|82/100|[from] item: Leftovers
|-heal|p2a: Weezing|11/100|[from] item: Leftovers
|upkeep
|turn|36
|
|t:|1776093404
|move|p1a: Lapras|Ice Beam|p2a: Weezing
|-damage|p2a: Weezing|0 fnt
|faint|p2a: Weezing
|-end|p2a: Weezing|ability: Neutralizing Gas
|
|-heal|p1a: Lapras|88/100|[from] item: Leftovers
|upkeep
|
|t:|1776093412
|switch|p2a: Kyurem|Kyurem|79/100
|-damage|p2a: Kyurem|54/100|[from] Stealth Rock
|-ability|p2a: Kyurem|Pressure
|turn|37
|
|t:|1776093419
|move|p2a: Kyurem|Substitute|p2a: Kyurem
|-start|p2a: Kyurem|Substitute
|-damage|p2a: Kyurem|29/100
|move|p1a: Lapras|Ice Beam|p2a: Kyurem
|-end|p2a: Kyurem|Substitute
|
|-heal|p2a: Kyurem|35/100|[from] item: Leftovers
|-heal|p1a: Lapras|94/100|[from] item: Leftovers
|upkeep
|turn|38
|
|t:|1776093429
|move|p2a: Kyurem|Protect|p2a: Kyurem
|-singleturn|p2a: Kyurem|Protect
|move|p1a: Lapras|Ice Beam|p2a: Kyurem
|-activate|p2a: Kyurem|move: Protect
|
|-heal|p2a: Kyurem|41/100|[from] item: Leftovers
|-heal|p1a: Lapras|100/100|[from] item: Leftovers
|upkeep
|turn|39
|
|t:|1776093445
|-terastallize|p2a: Kyurem|Ice
|move|p2a: Kyurem|Substitute|p2a: Kyurem
|-start|p2a: Kyurem|Substitute
|-damage|p2a: Kyurem|16/100
|move|p1a: Lapras|Ice Beam|p2a: Kyurem
|-resisted|p2a: Kyurem
|-activate|p2a: Kyurem|move: Substitute|[damage]
|
|-heal|p2a: Kyurem|23/100|[from] item: Leftovers
|upkeep
|turn|40
|
|t:|1776093456
|move|p2a: Kyurem|Freeze-Dry|p1a: Lapras
|-damage|p1a: Lapras|62/100
|move|p1a: Lapras|Substitute|p1a: Lapras
|-start|p1a: Lapras|Substitute
|-damage|p1a: Lapras|37/100
|
|-heal|p2a: Kyurem|29/100|[from] item: Leftovers
|-heal|p1a: Lapras|43/100|[from] item: Leftovers
|upkeep
|turn|41
|
|t:|1776093465
|move|p2a: Kyurem|Protect|p2a: Kyurem
|-singleturn|p2a: Kyurem|Protect
|move|p1a: Lapras|Thunderbolt|p2a: Kyurem
|-activate|p2a: Kyurem|move: Protect
|
|-heal|p2a: Kyurem|35/100|[from] item: Leftovers
|-heal|p1a: Lapras|49/100|[from] item: Leftovers
|upkeep
|turn|42
|
|t:|1776093474
|move|p2a: Kyurem|Freeze-Dry|p1a: Lapras
|-end|p1a: Lapras|Substitute
|move|p1a: Lapras|Thunderbolt|p2a: Kyurem
|-end|p2a: Kyurem|Substitute
|
|-heal|p2a: Kyurem|41/100|[from] item: Leftovers
|-heal|p1a: Lapras|55/100|[from] item: Leftovers
|upkeep
|turn|43
|
|t:|1776093483
|move|p2a: Kyurem|Freeze-Dry|p1a: Lapras
|-damage|p1a: Lapras|12/100
|move|p1a: Lapras|Thunderbolt|p2a: Kyurem
|-damage|p2a: Kyurem|21/100
|
|-heal|p2a: Kyurem|27/100|[from] item: Leftovers
|-heal|p1a: Lapras|19/100|[from] item: Leftovers
|upkeep
|turn|44
|
|t:|1776093492
|move|p2a: Kyurem|Substitute|p2a: Kyurem
|-start|p2a: Kyurem|Substitute
|-damage|p2a: Kyurem|2/100
|move|p1a: Lapras|Thunderbolt|p2a: Kyurem
|-activate|p2a: Kyurem|move: Substitute|[damage]
|
|-heal|p2a: Kyurem|8/100|[from] item: Leftovers
|-heal|p1a: Lapras|25/100|[from] item: Leftovers
|upkeep
|turn|45
|
|t:|1776093501
|move|p2a: Kyurem|Freeze-Dry|p1a: Lapras
|-damage|p1a: Lapras|0 fnt
|faint|p1a: Lapras
|
|-heal|p2a: Kyurem|14/100|[from] item: Leftovers
|upkeep
|
|t:|1776093504
|switch|p1a: Dragapult|Dragapult, M|82/100
|turn|46
|
|t:|1776093510
|move|p2a: Kyurem|Protect|p2a: Kyurem
|-singleturn|p2a: Kyurem|Protect
|move|p1a: Dragapult|Dragon Darts|p2a: Kyurem
|-activate|p2a: Kyurem|move: Protect
|
|-heal|p1a: Dragapult|88/100|[from] item: Leftovers
|-heal|p2a: Kyurem|21/100|[from] item: Leftovers
|upkeep
|turn|47
|
|t:|1776093524
|move|p1a: Dragapult|Dragon Darts|p2a: Kyurem
|-end|p2a: Kyurem|Substitute
|-anim|p1a: Dragapult|Dragon Darts|p2a: Kyurem
|-damage|p2a: Kyurem|0 fnt
|faint|p2a: Kyurem
|
|-heal|p1a: Dragapult|94/100|[from] item: Leftovers
|upkeep
|
|t:|1776093532
|switch|p2a: Umbreon|Umbreon, F|94/100 brn
|-damage|p2a: Umbreon|82/100 brn|[from] Stealth Rock
|turn|48
|
|t:|1776093540
|move|p1a: Dragapult|Dragon Darts|p2a: Umbreon
|-damage|p2a: Umbreon|59/100 brn
|-anim|p1a: Dragapult|Dragon Darts|p2a: Umbreon
|-damage|p2a: Umbreon|37/100 brn
|move|p2a: Umbreon|Foul Play|p1a: Dragapult
|-supereffective|p1a: Dragapult
|-damage|p1a: Dragapult|20/100
|
|-heal|p1a: Dragapult|26/100|[from] item: Leftovers
|-heal|p2a: Umbreon|43/100 brn|[from] item: Leftovers
|-damage|p2a: Umbreon|37/100 brn|[from] brn
|upkeep
|turn|49
|
|t:|1776093553
|move|p1a: Dragapult|Dragon Darts|p2a: Umbreon
|-damage|p2a: Umbreon|16/100 brn
|-anim|p1a: Dragapult|Dragon Darts|p2a: Umbreon
|-damage|p2a: Umbreon|0 fnt
|faint|p2a: Umbreon
|
|win|Underquill
|raw|Underquill's rating: 1443 &rarr; <strong>1465</strong><br />(+22 for winning)
|raw|kamomille's rating: 1472 &rarr; <strong>1450</strong><br />(-22 for losing)
|c|☆kamomille|Gg
|c|☆Underquill|gg
|l|☆kamomille
|player|p2|
|l|☆Underquill
|player|p1|
