|html|<div class="broadcast-blue"><strong>[Gen 9] OU is currently suspecting Tera Blast! For information on how to participate check out the <a href="https://www.smogon.com/tools/suspects/view/200">suspect thread</a>.</strong></div>
|j|☆rou5yaya
|j|☆Juan_Pablo(ar)
|t:|1776091537
|gametype|singles
|player|p1|rou5yaya|170|1393
|player|p2|Juan_Pablo(ar)|grimsley-gen7|1412
|gen|9
|tier|[Gen 9] OU
|rated|
|rule|HP Percentage Mod: HP is shown in percentages
|rule|Endless Battle Clause: Forcing endless battles is banned
|rule|Species Clause: Limit one of each Pokémon
|rule|OHKO Clause: OHKO moves are banned
|rule|Evasion Items Clause: Evasion items are banned
|rule|Evasion Moves Clause: Evasion moves are banned
|rule|Evasion Abilities Clause: Evasion abilities are banned
|rule|Sleep Moves Clause: Sleep-inducing moves are banned
|clearpoke
|poke|p1|Garganacl, F|
|poke|p1|Cinderace, F|
|poke|p1|Slowking-Galar, M|
|poke|p1|Great Tusk|
|poke|p1|Rillaboom, F|
|poke|p1|Latios, M|
|poke|p2|Tinkaton, F|
|poke|p2|Zamazenta-*|
|poke|p2|Kingambit, M|
|poke|p2|Slowking-Galar, M|
|poke|p2|Raging Bolt|
|poke|p2|Tsareena, F|
|teampreview
|
|t:|1776091557
|teamsize|p1|6
|teamsize|p2|6
|start
|switch|p1a: Rillaboom|Rillaboom, F|100/100
|switch|p2a: Penny|Tinkaton, F|100/100
|-fieldstart|move: Grassy Terrain|[from] ability: Grassy Surge|[of] p1a: Rillaboom
|-item|p2a: Penny|Air Balloon
|turn|1
|
|t:|1776091569
|move|p1a: Rillaboom|U-turn|p2a: Penny
|-resisted|p2a: Penny
|-damage|p2a: Penny|95/100
|-enditem|p2a: Penny|Air Balloon
|-enditem|p1a: Rillaboom|Assault Vest|[silent]|[from] ability: Pickpocket|[of] p1a: Rillaboom
|-item|p2a: Penny|Assault Vest|[from] ability: Pickpocket|[of] p1a: Rillaboom
|inactive|Battle timer is ON: inactive players will automatically lose when time's up. (requested by rou5yaya)
|
|t:|1776091584
|switch|p1a: Great Tusk|Great Tusk|100/100|[from] U-turn
|move|p2a: Penny|Stealth Rock|p1a: Great Tusk
|-sidestart|p1: rou5yaya|move: Stealth Rock
|
|-heal|p2a: Penny|100/100|[from] Grassy Terrain
|upkeep
|turn|2
|
|t:|1776091594
|switch|p2a: Tsareena|Tsareena, F|100/100
|move|p1a: Great Tusk|Rapid Spin|p2a: Tsareena
|-crit|p2a: Tsareena
|-damage|p2a: Tsareena|79/100
|-boost|p1a: Great Tusk|spe|1
|-sideend|p1: rou5yaya|Stealth Rock|[from] move: Rapid Spin|[of] p1a: Great Tusk
|
|-heal|p2a: Tsareena|85/100|[from] Grassy Terrain
|upkeep
|turn|3
|inactive|rou5yaya has 120 seconds left.
|
|t:|1776091628
|-end|p1a: Great Tusk|Protosynthesis|[silent]
|switch|p1a: Rillaboom|Rillaboom, F|100/100
|move|p2a: Tsareena|Triple Axel|p1a: Rillaboom
|-supereffective|p1a: Rillaboom
|-damage|p1a: Rillaboom|86/100
|-supereffective|p1a: Rillaboom
|-damage|p1a: Rillaboom|59/100
|-hitcount|p1a: Rillaboom|2
|
|-heal|p1a: Rillaboom|65/100|[from] Grassy Terrain
|-heal|p2a: Tsareena|91/100|[from] Grassy Terrain
|upkeep
|turn|4
|
|t:|1776091641
|move|p1a: Rillaboom|U-turn|p2a: Tsareena
|-supereffective|p2a: Tsareena
|-damage|p2a: Tsareena|36/100
|
|t:|1776091646
|switch|p1a: Cinderace|Cinderace, F|100/100|[from] U-turn
|move|p2a: Tsareena|U-turn|p1a: Cinderace
|-resisted|p1a: Cinderace
|-damage|p1a: Cinderace|82/100
|
|t:|1776091652
|switch|p2a: Zamazenta|Zamazenta|100/100|[from] U-turn
|-ability|p2a: Zamazenta|Dauntless Shield|boost
|-boost|p2a: Zamazenta|def|1
|
|-heal|p1a: Cinderace|88/100|[from] Grassy Terrain
|upkeep
|turn|5
|
|t:|1776091670
|move|p2a: Zamazenta|Iron Defense|p2a: Zamazenta
|-boost|p2a: Zamazenta|def|2
|move|p1a: Cinderace|U-turn|p2a: Zamazenta
|-start|p1a: Cinderace|typechange|Bug|[from] ability: Libero
|-resisted|p2a: Zamazenta
|-damage|p2a: Zamazenta|95/100
|
|t:|1776091680
|switch|p1a: Latios|Latios, M|100/100|[from] U-turn
|
|-heal|p2a: Zamazenta|100/100|[from] Grassy Terrain
|-fieldend|move: Grassy Terrain
|upkeep
|turn|6
|
|t:|1776091697
|switch|p2a: Penny|Tinkaton, F|100/100
|move|p1a: Latios|Luster Purge|p2a: Penny
|-resisted|p2a: Penny
|-damage|p2a: Penny|87/100
|-unboost|p2a: Penny|spd|1
|
|upkeep
|turn|7
|
|t:|1776091706
|switch|p1a: Great Tusk|Great Tusk|100/100
|move|p2a: Penny|Ice Hammer|p1a: Great Tusk
|-supereffective|p1a: Great Tusk
|-damage|p1a: Great Tusk|82/100
|-unboost|p2a: Penny|spe|1
|
|-heal|p1a: Great Tusk|88/100|[from] item: Leftovers
|upkeep
|turn|8
|
|t:|1776091722
|switch|p2a: Zamazenta|Zamazenta|100/100
|move|p1a: Great Tusk|Stealth Rock|p2a: Zamazenta
|-sidestart|p2: Juan_Pablo(ar)|move: Stealth Rock
|
|-heal|p1a: Great Tusk|95/100|[from] item: Leftovers
|upkeep
|turn|9
|
|t:|1776091729
|-end|p1a: Great Tusk|Protosynthesis|[silent]
|switch|p1a: Slowking|Slowking-Galar, M|100/100
|move|p2a: Zamazenta|Heavy Slam|p1a: Slowking
|-damage|p1a: Slowking|79/100
|
|upkeep
|turn|10
|
|t:|1776091736
|move|p2a: Zamazenta|Heavy Slam|p1a: Slowking
|-damage|p1a: Slowking|58/100
|move|p1a: Slowking|Toxic|p2a: Zamazenta
|-status|p2a: Zamazenta|tox
|
|-damage|p2a: Zamazenta|95/100 tox|[from] psn
|upkeep
|turn|11
|
|t:|1776091743
|move|p2a: Zamazenta|Heavy Slam|p1a: Slowking
|-damage|p1a: Slowking|39/100
|-prepare|p1a: Slowking|Chilly Reception|[premajor]
|move|p1a: Slowking|Chilly Reception|p1a: Slowking
|-weather|Snowscape
|
|t:|1776091752
|switch|p1a: Latios|Latios, M|100/100|[from] Chilly Reception
|
|-weather|Snowscape|[upkeep]
|-heal|p2a: Zamazenta|100/100 tox|[from] item: Leftovers
|-damage|p2a: Zamazenta|89/100 tox|[from] psn
|upkeep
|turn|12
|
|t:|1776091760
|switch|p2a: Penny|Tinkaton, F|87/100
|-damage|p2a: Penny|80/100|[from] Stealth Rock
|move|p1a: Latios|Flip Turn|p2a: Penny
|-damage|p2a: Penny|70/100
|
|t:|1776091768
|switch|p1a: Cinderace|Cinderace, F|88/100|[from] Flip Turn
|
|-weather|Snowscape|[upkeep]
|upkeep
|turn|13
|
|t:|1776091777
|move|p1a: Cinderace|Pyro Ball|p2a: Penny
|-supereffective|p2a: Penny
|-damage|p2a: Penny|0 fnt
|faint|p2a: Penny
|
|-weather|Snowscape|[upkeep]
|upkeep
|
|t:|1776091782
|switch|p2a: Raging Bolt|Raging Bolt|100/100
|-damage|p2a: Raging Bolt|88/100|[from] Stealth Rock
|-enditem|p2a: Raging Bolt|Booster Energy
|-activate|p2a: Raging Bolt|ability: Protosynthesis|[fromitem]
|-start|p2a: Raging Bolt|protosynthesisspa
|turn|14
|
|t:|1776091792
|switch|p1a: Garganacl|Garganacl, F|100/100
|-terastallize|p2a: Raging Bolt|Flying
|move|p2a: Raging Bolt|Tera Blast|p1a: Garganacl|[anim] Tera Blast Flying
|-resisted|p1a: Garganacl
|-damage|p1a: Garganacl|80/100
|
|-weather|Snowscape|[upkeep]
|-heal|p1a: Garganacl|86/100|[from] item: Leftovers
|upkeep
|turn|15
|
|t:|1776091801
|move|p2a: Raging Bolt|Thunderbolt|p1a: Garganacl
|-damage|p1a: Garganacl|43/100
|move|p1a: Garganacl|Salt Cure|p2a: Raging Bolt
|-supereffective|p2a: Raging Bolt
|-damage|p2a: Raging Bolt|66/100
|-start|p2a: Raging Bolt|Salt Cure
|
|-weather|none
|-heal|p1a: Garganacl|49/100|[from] item: Leftovers
|-damage|p2a: Raging Bolt|53/100|[from] Salt Cure
|upkeep
|turn|16
|
|t:|1776091812
|-end|p2a: Raging Bolt|Protosynthesis|[silent]
|switch|p2a: Kingambit|Kingambit, M|100/100
|-damage|p2a: Kingambit|94/100|[from] Stealth Rock
|-activate|p2a: Kingambit|ability: Supreme Overlord
|-start|p2a: Kingambit|fallen1|[silent]
|move|p1a: Garganacl|Protect||[still]
|-fail|p1a: Garganacl
|
|-heal|p1a: Garganacl|55/100|[from] item: Leftovers
|upkeep
|turn|17
|
|t:|1776091824
|switch|p1a: Great Tusk|Great Tusk|95/100
|move|p2a: Kingambit|Swords Dance|p2a: Kingambit
|-boost|p2a: Kingambit|atk|2
|
|-heal|p1a: Great Tusk|100/100|[from] item: Leftovers
|upkeep
|turn|18
|
|t:|1776091851
|-end|p2a: Kingambit|fallen1|[silent]
|switch|p2a: Raging Bolt|Raging Bolt, tera:Flying|53/100
|-damage|p2a: Raging Bolt|28/100|[from] Stealth Rock
|move|p1a: Great Tusk|Headlong Rush|p2a: Raging Bolt
|-immune|p2a: Raging Bolt
|
|upkeep
|turn|19
|
|t:|1776091877
|move|p1a: Great Tusk|Ice Spinner|p2a: Raging Bolt
|-supereffective|p2a: Raging Bolt
|-damage|p2a: Raging Bolt|0 fnt
|faint|p2a: Raging Bolt
|-end|p2a: Raging Bolt|Protosynthesis|[silent]
|
|upkeep
|inactive|Juan_Pablo(ar) has 120 seconds left.
|
|t:|1776091887
|switch|p2a: Slowking|Slowking-Galar, M|100/100
|turn|20
|
|t:|1776091897
|-end|p1a: Great Tusk|Protosynthesis|[silent]
|switch|p1a: Garganacl|Garganacl, F|55/100
|-prepare|p2a: Slowking|Chilly Reception|[premajor]
|move|p2a: Slowking|Chilly Reception|p2a: Slowking
|-weather|Snowscape
|
|t:|1776091902
|switch|p2a: Tsareena|Tsareena, F|36/100|[from] Chilly Reception
|
|-weather|Snowscape|[upkeep]
|-heal|p1a: Garganacl|61/100|[from] item: Leftovers
|upkeep
|turn|21
|
|t:|1776091910
|move|p1a: Garganacl|Protect|p1a: Garganacl
|-singleturn|p1a: Garganacl|Protect
|move|p2a: Tsareena|Rapid Spin|p1a: Garganacl
|-activate|p1a: Garganacl|move: Protect
|
|-weather|Snowscape|[upkeep]
|-heal|p1a: Garganacl|68/100|[from] item: Leftovers
|upkeep
|turn|22
|
|t:|1776091917
|switch|p1a: Cinderace|Cinderace, F|88/100
|move|p2a: Tsareena|Rapid Spin|p1a: Cinderace
|-damage|p1a: Cinderace|62/100
|-boost|p2a: Tsareena|spe|1
|-sideend|p2: Juan_Pablo(ar)|Stealth Rock|[from] move: Rapid Spin|[of] p2a: Tsareena
|
|-weather|Snowscape|[upkeep]
|upkeep
|turn|23
|
|t:|1776091926
|switch|p2a: Zamazenta|Zamazenta|89/100 tox
|move|p1a: Cinderace|U-turn|p2a: Zamazenta
|-start|p1a: Cinderace|typechange|Bug|[from] ability: Libero
|-resisted|p2a: Zamazenta
|-damage|p2a: Zamazenta|73/100 tox
|
|t:|1776091931
|switch|p1a: Latios|Latios, M|100/100|[from] U-turn
|
|-weather|Snowscape|[upkeep]
|-heal|p2a: Zamazenta|79/100 tox|[from] item: Leftovers
|-damage|p2a: Zamazenta|73/100 tox|[from] psn
|upkeep
|turn|24
|
|t:|1776091941
|switch|p2a: Kingambit|Kingambit, M|94/100
|-activate|p2a: Kingambit|ability: Supreme Overlord
|-start|p2a: Kingambit|fallen2|[silent]
|move|p1a: Latios|Luster Purge|p2a: Kingambit
|-immune|p2a: Kingambit
|
|-weather|none
|upkeep
|turn|25
|
|t:|1776091951
|switch|p1a: Great Tusk|Great Tusk|100/100
|move|p2a: Kingambit|Kowtow Cleave|p1a: Great Tusk
|-resisted|p1a: Great Tusk
|-crit|p1a: Great Tusk
|-damage|p1a: Great Tusk|75/100
|
|-heal|p1a: Great Tusk|81/100|[from] item: Leftovers
|upkeep
|turn|26
|
|t:|1776091968
|move|p1a: Great Tusk|Stealth Rock|p2a: Kingambit
|-sidestart|p2: Juan_Pablo(ar)|move: Stealth Rock
|move|p2a: Kingambit|Kowtow Cleave|p1a: Great Tusk
|-resisted|p1a: Great Tusk
|-damage|p1a: Great Tusk|63/100
|
|-heal|p1a: Great Tusk|69/100|[from] item: Leftovers
|upkeep
|turn|27
|
|t:|1776091982
|-end|p2a: Kingambit|fallen2|[silent]
|switch|p2a: Slowking|Slowking-Galar, M|100/100
|move|p1a: Great Tusk|Headlong Rush|p2a: Slowking
|-supereffective|p2a: Slowking
|-damage|p2a: Slowking|0 fnt
|-unboost|p1a: Great Tusk|def|1
|-unboost|p1a: Great Tusk|spd|1
|faint|p2a: Slowking
|
|-heal|p1a: Great Tusk|75/100|[from] item: Leftovers
|upkeep
|-message|Juan_Pablo(ar) forfeited.
|
|win|rou5yaya
|raw|rou5yaya's rating: 1393 &rarr; <strong>1414</strong><br />(+21 for winning)
|raw|Juan_Pablo(ar)'s rating: 1412 &rarr; <strong>1391</strong><br />(-21 for losing)
|l|☆Juan_Pablo(ar)
|player|p2|
|l|☆rou5yaya
|player|p1|
