|html|<div class="broadcast-blue"><strong>[Gen 9] OU is currently suspecting Volcarona! For information on how to participate check out the <a href="https://www.smogon.com/tools/suspects/view/208">suspect thread</a>.</strong></div>
|j|☆ascbo
|j|☆ddffkk
|t:|1778505067
|gametype|singles
|player|p1|ascbo|youngster-gen8|1326
|player|p2|ddffkk|marley|1357
|gen|9
|tier|[Gen 9] OU
|rated|
|rule|HP Percentage Mod: HP is shown in percentages
|rule|Endless Battle Clause: Forcing endless battles is banned
|rule|Species Clause: Limit one of each Pokémon
|rule|OHKO Clause: OHKO moves are banned
|rule|Evasion Items Clause: Evasion items are banned
|rule|Evasion Moves Clause: Evasion moves are banned
|rule|Evasion Abilities Clause: Evasion abilities are banned
|rule|Sleep Moves Clause: Sleep-inducing moves are banned
|clearpoke
|poke|p1|Regidrago|
|poke|p1|Garchomp, M|
|poke|p1|Dragonite, F|
|poke|p1|Grimmsnarl, M|
|poke|p1|Pecharunt|
|poke|p1|Great Tusk|
|poke|p2|Ninetales-Alola, M|
|poke|p2|Kyurem|
|poke|p2|Gholdengo|
|poke|p2|Kingambit, M|
|poke|p2|Great Tusk|
|poke|p2|Dragapult, F|
|teampreview
|inactive|Battle timer is ON: inactive players will automatically lose when time's up. (requested by ddffkk)
|
|t:|1778505088
|teamsize|p1|6
|teamsize|p2|6
|start
|switch|p1a: Oh Qué Será?|Regidrago|100/100
|switch|p2a: Ninetales|Ninetales-Alola, M, shiny|100/100
|-weather|Snowscape|[from] ability: Snow Warning|[of] p2a: Ninetales
|turn|1
|
|t:|1778505096
|move|p2a: Ninetales|Aurora Veil|p2a: Ninetales
|-sidestart|p2: ddffkk|move: Aurora Veil
|move|p1a: Oh Qué Será?|Dragon Dance|p1a: Oh Qué Será?
|-boost|p1a: Oh Qué Será?|atk|1
|-boost|p1a: Oh Qué Será?|spe|1
|
|-weather|Snowscape|[upkeep]
|upkeep
|turn|2
|
|t:|1778505103
|move|p1a: Oh Qué Será?|Dragon Dance|p1a: Oh Qué Será?
|-boost|p1a: Oh Qué Será?|atk|1
|-boost|p1a: Oh Qué Será?|spe|1
|move|p2a: Ninetales|Moonblast|p1a: Oh Qué Será?
|-supereffective|p1a: Oh Qué Será?
|-damage|p1a: Oh Qué Será?|42/100
|
|-weather|Snowscape|[upkeep]
|upkeep
|turn|3
|
|t:|1778505112
|move|p1a: Oh Qué Será?|Explosion|p2a: Ninetales
|-damage|p2a: Ninetales|21/100
|faint|p1a: Oh Qué Será?
|move|p2a: Ninetales|Encore|p1: Oh Qué Será?|[notarget]
|-fail|p2a: Ninetales
|
|-weather|Snowscape|[upkeep]
|upkeep
|
|t:|1778505125
|switch|p1a: Deseándote|Pecharunt|100/100
|turn|4
|
|t:|1778505132
|switch|p2a: Kingambit|Kingambit, M|100/100
|move|p1a: Deseándote|Nasty Plot|p1a: Deseándote
|-boost|p1a: Deseándote|spa|2
|
|-weather|Snowscape|[upkeep]
|upkeep
|turn|5
|
|t:|1778505143
|switch|p1a: Me Tengo Que Ir|Grimmsnarl, M|100/100
|move|p2a: Kingambit|Swords Dance|p2a: Kingambit
|-boost|p2a: Kingambit|atk|2
|
|-weather|none
|upkeep
|turn|6
|
|t:|1778505150
|move|p1a: Me Tengo Que Ir|Reflect|p1a: Me Tengo Que Ir
|-sidestart|p1: ascbo|Reflect
|move|p2a: Kingambit|Swords Dance|p2a: Kingambit
|-boost|p2a: Kingambit|atk|2
|
|upkeep
|turn|7
|
|t:|1778505158
|move|p1a: Me Tengo Que Ir|Light Screen|p1a: Me Tengo Que Ir
|-sidestart|p1: ascbo|move: Light Screen
|move|p2a: Kingambit|Kowtow Cleave|p1a: Me Tengo Que Ir
|-resisted|p1a: Me Tengo Que Ir
|-damage|p1a: Me Tengo Que Ir|74/100
|
|upkeep
|turn|8
|
|t:|1778505164
|move|p2a: Kingambit|Swords Dance|p2a: Kingambit
|-boost|p2a: Kingambit|atk|2
|move|p1a: Me Tengo Que Ir|Spirit Break|p2a: Kingambit
|-damage|p2a: Kingambit|87/100
|-unboost|p2a: Kingambit|spa|1
|
|-sideend|p2: ddffkk|move: Aurora Veil
|upkeep
|turn|9
|
|t:|1778505173
|switch|p1a: Rey Sin Reina|Great Tusk|100/100
|-enditem|p1a: Rey Sin Reina|Booster Energy
|-activate|p1a: Rey Sin Reina|ability: Protosynthesis|[fromitem]
|-start|p1a: Rey Sin Reina|protosynthesisspe
|move|p2a: Kingambit|Kowtow Cleave|p1a: Rey Sin Reina
|-resisted|p1a: Rey Sin Reina
|-damage|p1a: Rey Sin Reina|64/100
|
|upkeep
|turn|10
|
|t:|1778505183
|-end|p2a: Kingambit|fallenundefined|[silent]
|switch|p2a: Gholdengo|Gholdengo|100/100
|-item|p2a: Gholdengo|Air Balloon
|move|p1a: Rey Sin Reina|Headlong Rush|p2a: Gholdengo
|-immune|p2a: Gholdengo
|
|upkeep
|turn|11
|
|t:|1778505192
|-end|p1a: Rey Sin Reina|Protosynthesis|[silent]
|switch|p1a: Tú Con Él|Garchomp, M|100/100
|move|p2a: Gholdengo|Nasty Plot|p2a: Gholdengo
|-boost|p2a: Gholdengo|spa|2
|
|upkeep
|turn|12
|
|t:|1778505203
|move|p1a: Tú Con Él|Fire Fang|p2a: Gholdengo
|-supereffective|p2a: Gholdengo
|-damage|p2a: Gholdengo|71/100
|-enditem|p2a: Gholdengo|Air Balloon
|move|p2a: Gholdengo|Shadow Ball|p1a: Tú Con Él
|-damage|p1a: Tú Con Él|60/100
|-unboost|p1a: Tú Con Él|spd|1
|
|upkeep
|turn|13
|
|t:|1778505213
|move|p1a: Tú Con Él|Earthquake|p2a: Gholdengo
|-supereffective|p2a: Gholdengo
|-damage|p2a: Gholdengo|0 fnt
|faint|p2a: Gholdengo
|
|-sideend|p1: ascbo|Reflect
|upkeep
|
|t:|1778505220
|switch|p2a: Ninetales|Ninetales-Alola, M, shiny|21/100
|-weather|Snowscape|[from] ability: Snow Warning|[of] p2a: Ninetales
|turn|14
|
|t:|1778505243
|switch|p2a: Kyurem|Kyurem|100/100
|-ability|p2a: Kyurem|Pressure
|move|p1a: Tú Con Él|Fire Fang|p2a: Kyurem
|-damage|p2a: Kyurem|88/100
|
|-weather|Snowscape|[upkeep]
|-sideend|p1: ascbo|move: Light Screen
|upkeep
|turn|15
|
|t:|1778505256
|-terastallize|p2a: Kyurem|Fire
|move|p1a: Tú Con Él|Scale Shot|p2a: Kyurem
|-damage|p2a: Kyurem|78/100
|-damage|p2a: Kyurem|67/100
|-damage|p2a: Kyurem|55/100
|-damage|p2a: Kyurem|44/100
|-hitcount|p2a: Kyurem|4
|-unboost|p1a: Tú Con Él|def|1
|-boost|p1a: Tú Con Él|spe|1
|move|p2a: Kyurem|Dragon Dance|p2a: Kyurem
|-boost|p2a: Kyurem|atk|1
|-boost|p2a: Kyurem|spe|1
|
|-weather|Snowscape|[upkeep]
|upkeep
|turn|16
|
|t:|1778505272
|move|p1a: Tú Con Él|Earthquake|p2a: Kyurem
|-supereffective|p2a: Kyurem
|-damage|p2a: Kyurem|0 fnt
|faint|p2a: Kyurem
|
|-weather|Snowscape|[upkeep]
|upkeep
|
|t:|1778505279
|switch|p2a: Great Tusk|Great Tusk|100/100
|turn|17
|
|t:|1778505284
|move|p1a: Tú Con Él|Earthquake|p2a: Great Tusk
|-damage|p2a: Great Tusk|62/100
|move|p2a: Great Tusk|Ice Spinner|p1a: Tú Con Él
|-supereffective|p1a: Tú Con Él
|-damage|p1a: Tú Con Él|0 fnt
|-damage|p2a: Great Tusk|49/100|[from] ability: Rough Skin|[of] p1a: Tú Con Él
|faint|p1a: Tú Con Él
|
|-weather|Snowscape|[upkeep]
|-heal|p2a: Great Tusk|55/100|[from] item: Leftovers
|upkeep
|
|t:|1778505291
|switch|p1a: Me Tengo Que Ir|Grimmsnarl, M|74/100
|turn|18
|
|t:|1778505303
|move|p1a: Me Tengo Que Ir|Reflect|p1a: Me Tengo Que Ir
|-sidestart|p1: ascbo|Reflect
|move|p2a: Great Tusk|Close Combat|p1a: Me Tengo Que Ir
|-damage|p1a: Me Tengo Que Ir|35/100
|-unboost|p2a: Great Tusk|def|1
|-unboost|p2a: Great Tusk|spd|1
|
|-weather|none
|-heal|p2a: Great Tusk|62/100|[from] item: Leftovers
|upkeep
|turn|19
|
|t:|1778505312
|-end|p2a: Great Tusk|Protosynthesis|[silent]
|switch|p2a: Ninetales|Ninetales-Alola, M, shiny|21/100
|-weather|Snowscape|[from] ability: Snow Warning|[of] p2a: Ninetales
|move|p1a: Me Tengo Que Ir|Parting Shot|p2a: Ninetales
|-unboost|p2a: Ninetales|atk|1
|-unboost|p2a: Ninetales|spa|1
|
|t:|1778505316
|switch|p1a: Llorarás|Dragonite, F|100/100|[from] Parting Shot
|
|-weather|Snowscape|[upkeep]
|upkeep
|turn|20
|
|t:|1778505328
|move|p1a: Llorarás|Extreme Speed|p2a: Ninetales
|-damage|p2a: Ninetales|0 fnt
|faint|p2a: Ninetales
|
|-weather|Snowscape|[upkeep]
|upkeep
|
|t:|1778505335
|switch|p2a: Great Tusk|Great Tusk|62/100
|turn|21
|inactive|ascbo has 120 seconds left.
|
|t:|1778505380
|move|p2a: Great Tusk|Rapid Spin|p1a: Llorarás
|-damage|p1a: Llorarás|96/100
|-boost|p2a: Great Tusk|spe|1
|move|p1a: Llorarás|Dragon Dance|p1a: Llorarás
|-boost|p1a: Llorarás|atk|1
|-boost|p1a: Llorarás|spe|1
|
|-weather|Snowscape|[upkeep]
|-heal|p2a: Great Tusk|68/100|[from] item: Leftovers
|upkeep
|turn|22
|
|t:|1778505390
|move|p2a: Great Tusk|Ice Spinner|p1a: Llorarás
|-supereffective|p1a: Llorarás
|-damage|p1a: Llorarás|31/100
|move|p1a: Llorarás|Outrage|p2a: Great Tusk
|-damage|p2a: Great Tusk|0 fnt
|faint|p2a: Great Tusk
|-end|p2a: Great Tusk|Protosynthesis|[silent]
|
|-weather|Snowscape|[upkeep]
|upkeep
|
|t:|1778505400
|switch|p2a: Kingambit|Kingambit, M|87/100
|-activate|p2a: Kingambit|ability: Supreme Overlord
|-start|p2a: Kingambit|fallen4|[silent]
|turn|23
|
|t:|1778505405
|move|p1a: Llorarás|Outrage|p2a: Kingambit|[from] lockedmove
|-resisted|p2a: Kingambit
|-damage|p2a: Kingambit|45/100
|-start|p1a: Llorarás|confusion|[fatigue]
|move|p2a: Kingambit|Swords Dance|p2a: Kingambit
|-boost|p2a: Kingambit|atk|2
|
|-weather|none
|upkeep
|turn|24
|
|t:|1778505414
|move|p2a: Kingambit|Sucker Punch|p1a: Llorarás
|-damage|p1a: Llorarás|0 fnt
|faint|p1a: Llorarás
|
|upkeep
|
|t:|1778505418
|switch|p1a: Rey Sin Reina|Great Tusk|64/100
|turn|25
|
|t:|1778505422
|-end|p2a: Kingambit|fallen4|[silent]
|switch|p2a: Dragapult|Dragapult, F|100/100
|move|p1a: Rey Sin Reina|Headlong Rush|p2a: Dragapult
|-damage|p2a: Dragapult|34/100
|-unboost|p1a: Rey Sin Reina|def|1
|-unboost|p1a: Rey Sin Reina|spd|1
|
|-sideend|p1: ascbo|Reflect
|upkeep
|turn|26
|
|t:|1778505432
|-end|p1a: Rey Sin Reina|Protosynthesis|[silent]
|switch|p1a: Deseándote|Pecharunt|100/100
|move|p2a: Dragapult|Shadow Ball|p1a: Deseándote
|-supereffective|p1a: Deseándote
|-damage|p1a: Deseándote|3/100
|
|-heal|p1a: Deseándote|9/100|[from] item: Leftovers
|upkeep
|turn|27
|
|t:|1778505441
|move|p2a: Dragapult|Shadow Ball|p1a: Deseándote
|-supereffective|p1a: Deseándote
|-damage|p1a: Deseándote|0 fnt
|faint|p1a: Deseándote
|
|upkeep
|
|t:|1778505444
|switch|p1a: Me Tengo Que Ir|Grimmsnarl, M|35/100
|turn|28
|
|t:|1778505453
|move|p2a: Dragapult|Shadow Ball|p1a: Me Tengo Que Ir
|-resisted|p1a: Me Tengo Que Ir
|-damage|p1a: Me Tengo Que Ir|16/100
|-unboost|p1a: Me Tengo Que Ir|spd|1
|move|p1a: Me Tengo Que Ir|Spirit Break|p2a: Dragapult
|-supereffective|p2a: Dragapult
|-damage|p2a: Dragapult|0 fnt
|faint|p2a: Dragapult
|
|upkeep
|
|t:|1778505464
|switch|p2a: Kingambit|Kingambit, M|45/100
|-activate|p2a: Kingambit|ability: Supreme Overlord
|-start|p2a: Kingambit|fallen5|[silent]
|turn|29
|
|t:|1778505468
|move|p1a: Me Tengo Que Ir|Reflect|p1a: Me Tengo Que Ir
|-sidestart|p1: ascbo|Reflect
|move|p2a: Kingambit|Swords Dance|p2a: Kingambit
|-boost|p2a: Kingambit|atk|2
|
|upkeep
|turn|30
|
|t:|1778505474
|move|p2a: Kingambit|Swords Dance|p2a: Kingambit
|-boost|p2a: Kingambit|atk|2
|move|p1a: Me Tengo Que Ir|Spirit Break|p2a: Kingambit
|-damage|p2a: Kingambit|20/100
|-unboost|p2a: Kingambit|spa|1
|
|upkeep
|turn|31
|
|t:|1778505482
|switch|p1a: Rey Sin Reina|Great Tusk|64/100
|move|p2a: Kingambit|Sucker Punch||[still]
|-fail|p2a: Kingambit
|
|upkeep
|turn|32
|
|t:|1778505488
|move|p2a: Kingambit|Sucker Punch|p1a: Rey Sin Reina
|-resisted|p1a: Rey Sin Reina
|-damage|p1a: Rey Sin Reina|27/100
|move|p1a: Rey Sin Reina|Headlong Rush|p2a: Kingambit
|-supereffective|p2a: Kingambit
|-damage|p2a: Kingambit|0 fnt
|-unboost|p1a: Rey Sin Reina|def|1
|-unboost|p1a: Rey Sin Reina|spd|1
|faint|p2a: Kingambit
|-end|p2a: Kingambit|fallen5|[silent]
|
|win|ascbo
|raw|ascbo's rating: 1326 &rarr; <strong>1348</strong><br />(+22 for winning)
|raw|ddffkk's rating: 1357 &rarr; <strong>1335</strong><br />(-22 for losing)
|c|☆ascbo|gg
|l|☆ascbo
|player|p1|
|l|☆ddffkk
|player|p2|
