|html|<div class="broadcast-blue"><strong>[Gen 9] OU is currently suspecting Tera Blast! For information on how to participate check out the <a href="https://www.smogon.com/tools/suspects/view/200">suspect thread</a>.</strong></div>
|j|☆itsmeemp
|j|☆xxhakaxx
|t:|1776083523
|gametype|singles
|player|p1|itsmeemp|170|1147
|player|p2|xxhakaxx|101|1122
|gen|9
|tier|[Gen 9] OU
|rated|
|rule|HP Percentage Mod: HP is shown in percentages
|rule|Endless Battle Clause: Forcing endless battles is banned
|rule|Species Clause: Limit one of each Pokémon
|rule|OHKO Clause: OHKO moves are banned
|rule|Evasion Items Clause: Evasion items are banned
|rule|Evasion Moves Clause: Evasion moves are banned
|rule|Evasion Abilities Clause: Evasion abilities are banned
|rule|Sleep Moves Clause: Sleep-inducing moves are banned
|clearpoke
|poke|p1|Dragapult, F|
|poke|p1|Kingambit, M|
|poke|p1|Alomomola, M|
|poke|p1|Corviknight, M|
|poke|p1|Clefable, M|
|poke|p1|Great Tusk|
|poke|p2|Great Tusk|
|poke|p2|Gholdengo|
|poke|p2|Kingambit, F|
|poke|p2|Dragapult, M|
|poke|p2|Ogerpon-Wellspring, F|
|poke|p2|Pecharunt|
|teampreview
|inactive|Battle timer is ON: inactive players will automatically lose when time's up. (requested by itsmeemp)
|
|t:|1776083545
|teamsize|p1|6
|teamsize|p2|6
|start
|switch|p1a: Great Tusk|Great Tusk|100/100
|switch|p2a: Pecharunt|Pecharunt|100/100
|turn|1
|
|t:|1776083565
|switch|p2a: Ogerpon|Ogerpon-Wellspring, F|100/100
|move|p1a: Great Tusk|Stealth Rock|p2a: Ogerpon
|-sidestart|p2: xxhakaxx|move: Stealth Rock
|
|upkeep
|turn|2
|
|t:|1776083573
|-end|p1a: Great Tusk|Protosynthesis|[silent]
|switch|p1a: Corviknight|Corviknight, M|100/100
|-ability|p1a: Corviknight|Pressure
|move|p2a: Ogerpon|Ivy Cudgel|p1a: Corviknight|[anim] Ivy Cudgel Water
|-damage|p1a: Corviknight|68/100
|
|upkeep
|turn|3
|
|t:|1776083589
|-terastallize|p2a: Ogerpon|Water
|detailschange|p2a: Ogerpon|Ogerpon-Wellspring-Tera, F, tera:Water
|-ability|p2a: Ogerpon|Embody Aspect (Wellspring)|boost
|-boost|p2a: Ogerpon|spd|1
|move|p2a: Ogerpon|Swords Dance|p2a: Ogerpon
|-boost|p2a: Ogerpon|atk|2
|move|p1a: Corviknight|Brave Bird|p2a: Ogerpon
|-damage|p2a: Ogerpon|55/100
|-damage|p1a: Corviknight|56/100|[from] Recoil
|
|upkeep
|turn|4
|
|t:|1776083603
|move|p2a: Ogerpon|Ivy Cudgel|p1a: Corviknight|[anim] Ivy Cudgel Water
|-damage|p1a: Corviknight|0 fnt
|faint|p1a: Corviknight
|
|upkeep
|
|t:|1776083615
|switch|p1a: Dragapult|Dragapult, F|100/100
|turn|5
|
|t:|1776083618
|move|p1a: Dragapult|Will-O-Wisp|p2a: Ogerpon
|-status|p2a: Ogerpon|brn
|move|p2a: Ogerpon|Knock Off|p1a: Dragapult
|-supereffective|p1a: Dragapult
|-damage|p1a: Dragapult|0 fnt
|-enditem|p1a: Dragapult|Heavy-Duty Boots|[from] move: Knock Off|[of] p2a: Ogerpon
|faint|p1a: Dragapult
|
|-damage|p2a: Ogerpon|49/100 brn|[from] brn
|upkeep
|
|t:|1776083626
|switch|p1a: Clefable|Clefable, M|100/100
|turn|6
|
|t:|1776083631
|move|p2a: Ogerpon|Power Whip|p1a: Clefable
|-damage|p1a: Clefable|51/100
|move|p1a: Clefable|Moonblast|p2a: Ogerpon
|-damage|p2a: Ogerpon|23/100 brn
|
|-heal|p1a: Clefable|57/100|[from] item: Leftovers
|-damage|p2a: Ogerpon|17/100 brn|[from] brn
|upkeep
|turn|7
|
|t:|1776083642
|move|p2a: Ogerpon|Power Whip|p1a: Clefable|[miss]
|-miss|p2a: Ogerpon|p1a: Clefable
|move|p1a: Clefable|Moonlight|p1a: Clefable
|-heal|p1a: Clefable|100/100
|
|-damage|p2a: Ogerpon|11/100 brn|[from] brn
|upkeep
|turn|8
|
|t:|1776083647
|move|p2a: Ogerpon|Power Whip|p1a: Clefable
|-damage|p1a: Clefable|45/100
|move|p1a: Clefable|Moonblast|p2a: Ogerpon
|-damage|p2a: Ogerpon|0 fnt
|faint|p2a: Ogerpon
|detailschange|p2: Ogerpon|Ogerpon-Wellspring, F|[silent]
|
|-heal|p1a: Clefable|52/100|[from] item: Leftovers
|upkeep
|
|t:|1776083659
|switch|p2a: Great Tusk|Great Tusk|100/100
|-damage|p2a: Great Tusk|98/100|[from] Stealth Rock
|turn|9
|
|t:|1776083665
|move|p2a: Great Tusk|Rapid Spin|p1a: Clefable
|-damage|p1a: Clefable|41/100
|-boost|p2a: Great Tusk|spe|1
|-sideend|p2: xxhakaxx|Stealth Rock|[from] move: Rapid Spin|[of] p2a: Great Tusk
|move|p1a: Clefable|Moonblast|p2a: Great Tusk
|-supereffective|p2a: Great Tusk
|-damage|p2a: Great Tusk|17/100
|
|-heal|p2a: Great Tusk|23/100|[from] item: Leftovers
|-heal|p1a: Clefable|47/100|[from] item: Leftovers
|upkeep
|turn|10
|
|t:|1776083676
|move|p2a: Great Tusk|Earthquake|p1a: Clefable
|-damage|p1a: Clefable|14/100
|move|p1a: Clefable|Moonblast|p2a: Great Tusk
|-supereffective|p2a: Great Tusk
|-damage|p2a: Great Tusk|0 fnt
|faint|p2a: Great Tusk
|-end|p2a: Great Tusk|Protosynthesis|[silent]
|
|-heal|p1a: Clefable|20/100|[from] item: Leftovers
|upkeep
|
|t:|1776083681
|switch|p2a: Gholdengo|Gholdengo, shiny|100/100
|turn|11
|
|t:|1776083688
|move|p2a: Gholdengo|Substitute|p2a: Gholdengo
|-start|p2a: Gholdengo|Substitute
|-damage|p2a: Gholdengo|75/100
|move|p1a: Clefable|Flamethrower|p2a: Gholdengo
|-supereffective|p2a: Gholdengo
|-end|p2a: Gholdengo|Substitute
|
|-heal|p1a: Clefable|26/100|[from] item: Leftovers
|upkeep
|turn|12
|
|t:|1776083698
|move|p2a: Gholdengo|Make It Rain|p1a: Clefable
|-supereffective|p1a: Clefable
|-damage|p1a: Clefable|0 fnt
|-unboost|p2a: Gholdengo|spa|1
|faint|p1a: Clefable
|
|upkeep
|
|t:|1776083702
|switch|p1a: Great Tusk|Great Tusk|100/100
|turn|13
|
|t:|1776083713
|switch|p2a: Pecharunt|Pecharunt|100/100
|move|p1a: Great Tusk|Headlong Rush|p2a: Pecharunt
|-supereffective|p2a: Pecharunt
|-damage|p2a: Pecharunt|51/100
|-unboost|p1a: Great Tusk|def|1
|-unboost|p1a: Great Tusk|spd|1
|
|upkeep
|turn|14
|
|t:|1776083721
|move|p1a: Great Tusk|Headlong Rush|p2a: Pecharunt
|-supereffective|p2a: Pecharunt
|-damage|p2a: Pecharunt|4/100
|-unboost|p1a: Great Tusk|def|1
|-unboost|p1a: Great Tusk|spd|1
|move|p2a: Pecharunt|Toxic|p1a: Great Tusk
|-status|p1a: Great Tusk|tox
|-start|p1a: Great Tusk|confusion|[from] ability: Poison Puppeteer|[of] p2a: Pecharunt
|
|-damage|p1a: Great Tusk|94/100 tox|[from] psn
|upkeep
|turn|15
|
|t:|1776083733
|-activate|p1a: Great Tusk|confusion
|-damage|p1a: Great Tusk|80/100 tox|[from] confusion
|move|p2a: Pecharunt|Recover|p2a: Pecharunt
|-heal|p2a: Pecharunt|54/100
|
|-damage|p1a: Great Tusk|68/100 tox|[from] psn
|upkeep
|turn|16
|
|t:|1776083741
|-end|p1a: Great Tusk|confusion
|move|p1a: Great Tusk|Headlong Rush|p2a: Pecharunt
|-supereffective|p2a: Pecharunt
|-damage|p2a: Pecharunt|5/100
|-unboost|p1a: Great Tusk|def|1
|-unboost|p1a: Great Tusk|spd|1
|move|p2a: Pecharunt|Recover|p2a: Pecharunt
|-heal|p2a: Pecharunt|55/100
|
|-damage|p1a: Great Tusk|49/100 tox|[from] psn
|upkeep
|turn|17
|
|t:|1776083751
|-end|p1a: Great Tusk|Protosynthesis|[silent]
|switch|p1a: Kingambit|Kingambit, M|100/100
|move|p2a: Pecharunt|Recover|p2a: Pecharunt
|-heal|p2a: Pecharunt|100/100
|
|upkeep
|turn|18
|
|t:|1776083757
|move|p2a: Pecharunt|Parting Shot|p1a: Kingambit
|-unboost|p1a: Kingambit|atk|1
|-ability|p1a: Kingambit|Defiant|boost
|-boost|p1a: Kingambit|atk|2
|-unboost|p1a: Kingambit|spa|1
|-ability|p1a: Kingambit|Defiant|boost
|-boost|p1a: Kingambit|atk|2
|
|t:|1776083771
|switch|p2a: Dragapult|Dragapult, M, shiny|100/100|[from] Parting Shot
|move|p1a: Kingambit|Swords Dance|p1a: Kingambit
|-boost|p1a: Kingambit|atk|2
|
|upkeep
|turn|19
|
|t:|1776083787
|switch|p2a: Gholdengo|Gholdengo, shiny|75/100
|-terastallize|p1a: Kingambit|Fairy
|move|p1a: Kingambit|Kowtow Cleave|p2a: Gholdengo
|-supereffective|p2a: Gholdengo
|-damage|p2a: Gholdengo|0 fnt
|faint|p2a: Gholdengo
|
|upkeep
|
|t:|1776083795
|switch|p2a: Pecharunt|Pecharunt|100/100
|turn|20
|
|t:|1776083803
|move|p1a: Kingambit|Sucker Punch|p2a: Pecharunt
|-supereffective|p2a: Pecharunt
|-damage|p2a: Pecharunt|0 fnt
|faint|p2a: Pecharunt
|
|upkeep
|-message|xxhakaxx forfeited.
|
|win|itsmeemp
|raw|itsmeemp's rating: 1147 &rarr; <strong>1170</strong><br />(+23 for winning)
|raw|xxhakaxx's rating: 1122 &rarr; <strong>1099</strong><br />(-23 for losing)
|l|☆xxhakaxx
|player|p2|
