|html|<div class="broadcast-blue"><strong>[Gen 9] OU is currently suspecting Tera Blast! For information on how to participate check out the <a href="https://www.smogon.com/tools/suspects/view/200">suspect thread</a>.</strong></div>
|j|☆simond46
|j|☆SuperSpicyRamen
|t:|1776298433
|gametype|singles
|player|p1|simond46|101|1321
|player|p2|SuperSpicyRamen|hilbert-wonderlauncher|1363
|gen|9
|tier|[Gen 9] OU
|rated|
|rule|HP Percentage Mod: HP is shown in percentages
|rule|Endless Battle Clause: Forcing endless battles is banned
|rule|Species Clause: Limit one of each Pokémon
|rule|OHKO Clause: OHKO moves are banned
|rule|Evasion Items Clause: Evasion items are banned
|rule|Evasion Moves Clause: Evasion moves are banned
|rule|Evasion Abilities Clause: Evasion abilities are banned
|rule|Sleep Moves Clause: Sleep-inducing moves are banned
|clearpoke
|poke|p1|Garchomp, F|
|poke|p1|Moltres-Galar|
|poke|p1|Meowscarada, M|
|poke|p1|Raging Bolt|
|poke|p1|Scizor, F|
|poke|p1|Corviknight, F|
|poke|p2|Florges, F|
|poke|p2|Rillaboom, M|
|poke|p2|Deoxys-Speed|
|poke|p2|Grimmsnarl, M|
|poke|p2|Lucario, M|
|poke|p2|Pecharunt|
|teampreview
|inactive|Battle timer is ON: inactive players will automatically lose when time's up. (requested by SuperSpicyRamen)
|
|t:|1776298454
|teamsize|p1|6
|teamsize|p2|6
|start
|switch|p1a: Scizor|Scizor, F|100/100
|switch|p2a: Lucario|Lucario, M|100/100
|turn|1
|inactive|SuperSpicyRamen has 120 seconds left.
|
|t:|1776298486
|switch|p2a: Pecharunt|Pecharunt|100/100
|move|p1a: Scizor|U-turn|p2a: Pecharunt
|-resisted|p2a: Pecharunt
|-damage|p2a: Pecharunt|94/100
|
|t:|1776298499
|switch|p1a: Meowscarada|Meowscarada, M|100/100|[from] U-turn
|
|upkeep
|turn|2
|inactive|SuperSpicyRamen has 120 seconds left.
|inactive|SuperSpicyRamen has 90 seconds left.
|
|t:|1776298549
|move|p1a: Meowscarada|Knock Off|p2a: Pecharunt
|-start|p1a: Meowscarada|typechange|Dark|[from] ability: Protean
|-supereffective|p2a: Pecharunt
|-damage|p2a: Pecharunt|51/100
|-enditem|p2a: Pecharunt|Heavy-Duty Boots|[from] move: Knock Off|[of] p1a: Meowscarada
|move|p2a: Pecharunt|Recover|p2a: Pecharunt
|-heal|p2a: Pecharunt|100/100
|
|upkeep
|turn|3
|inactive|SuperSpicyRamen has 90 seconds left.
|
|t:|1776298560
|switch|p1a: Corviknight|Corviknight, F|100/100
|move|p2a: Pecharunt|Parting Shot|p1a: Corviknight
|-ability|p1a: Corviknight|Mirror Armor
|-unboost|p2a: Pecharunt|atk|1
|-ability|p1a: Corviknight|Mirror Armor
|-unboost|p2a: Pecharunt|spa|1
|inactive|SuperSpicyRamen has 90 seconds left.
|
|t:|1776298573
|switch|p2a: Grimmsnarl|Grimmsnarl, M|100/100|[from] Parting Shot
|
|upkeep
|turn|4
|inactive|SuperSpicyRamen has 90 seconds left.
|
|t:|1776298598
|move|p2a: Grimmsnarl|Reflect|p2a: Grimmsnarl
|-sidestart|p2: SuperSpicyRamen|Reflect
|move|p1a: Corviknight|Iron Head|p2a: Grimmsnarl
|-supereffective|p2a: Grimmsnarl
|-damage|p2a: Grimmsnarl|72/100
|
|upkeep
|turn|5
|
|t:|1776298608
|move|p2a: Grimmsnarl|Parting Shot|p1a: Corviknight
|-ability|p1a: Corviknight|Mirror Armor
|-unboost|p2a: Grimmsnarl|atk|1
|-ability|p1a: Corviknight|Mirror Armor
|-unboost|p2a: Grimmsnarl|spa|1
|
|t:|1776298619
|switch|p2a: Deoxys|Deoxys-Speed|100/100|[from] Parting Shot
|-ability|p2a: Deoxys|Pressure
|move|p1a: Corviknight|Iron Head|p2a: Deoxys
|-damage|p2a: Deoxys|86/100
|-enditem|p2a: Deoxys|Red Card|[of] p1a: Corviknight
|drag|p1a: Garchomp|Garchomp, F|100/100
|
|upkeep
|turn|6
|
|t:|1776298636
|move|p2a: Deoxys|Taunt|p1a: Garchomp
|-start|p1a: Garchomp|move: Taunt
|move|p1a: Garchomp|Earthquake|p2a: Deoxys
|-damage|p2a: Deoxys|54/100
|
|upkeep
|turn|7
|
|t:|1776298650
|switch|p1a: Corviknight|Corviknight, F|100/100
|move|p2a: Deoxys|Stealth Rock|p1a: Corviknight
|-sidestart|p1: simond46|move: Stealth Rock
|
|upkeep
|turn|8
|
|t:|1776298658
|move|p2a: Deoxys|Taunt|p1a: Corviknight
|-start|p1a: Corviknight|move: Taunt
|cant|p1a: Corviknight|move: Taunt|Defog
|
|upkeep
|turn|9
|inactive|SuperSpicyRamen has 90 seconds left.
|
|t:|1776298666
|move|p2a: Deoxys|Spikes|p1a: Corviknight
|-sidestart|p1: simond46|Spikes
|move|p1a: Corviknight|Iron Head|p2a: Deoxys
|-damage|p2a: Deoxys|40/100
|
|upkeep
|turn|10
|
|t:|1776298678
|move|p2a: Deoxys|Spikes|p1a: Corviknight
|-sidestart|p1: simond46|Spikes
|move|p1a: Corviknight|Iron Head|p2a: Deoxys
|-damage|p2a: Deoxys|26/100
|
|-end|p1a: Corviknight|move: Taunt
|upkeep
|turn|11
|
|t:|1776298685
|move|p2a: Deoxys|Taunt|p1a: Corviknight
|-start|p1a: Corviknight|move: Taunt
|move|p1a: Corviknight|Iron Head|p2a: Deoxys
|-damage|p2a: Deoxys|9/100
|
|-sideend|p2: SuperSpicyRamen|Reflect
|upkeep
|turn|12
|
|t:|1776298693
|move|p2a: Deoxys|Spikes|p1a: Corviknight
|-sidestart|p1: simond46|Spikes
|move|p1a: Corviknight|Iron Head|p2a: Deoxys
|-damage|p2a: Deoxys|0 fnt
|faint|p2a: Deoxys
|
|upkeep
|inactive|SuperSpicyRamen has 90 seconds left.
|
|t:|1776298720
|switch|p2a: Florges|Florges, F|100/100
|turn|13
|
|t:|1776298725
|-terastallize|p2a: Florges|Fire
|move|p2a: Florges|Tera Blast|p1a: Corviknight|[anim] Tera Blast Fire
|-supereffective|p1a: Corviknight
|-damage|p1a: Corviknight|45/100
|move|p1a: Corviknight|Iron Head|p2a: Florges
|-resisted|p2a: Florges
|-damage|p2a: Florges|90/100
|
|-end|p1a: Corviknight|move: Taunt
|upkeep
|turn|14
|inactive|SuperSpicyRamen has 90 seconds left.
|inactive|simond46 has 120 seconds left.
|
|t:|1776298768
|switch|p2a: Rillaboom|Rillaboom, M|100/100
|-fieldstart|move: Grassy Terrain|[from] ability: Grassy Surge|[of] p2a: Rillaboom
|-terastallize|p1a: Corviknight|Dragon
|move|p1a: Corviknight|Defog|p2a: Rillaboom
|-unboost|p2a: Rillaboom|evasion|1
|-sideend|p1: simond46|Spikes|[from] move: Defog|[of] p1a: Corviknight
|-sideend|p1: simond46|Stealth Rock|[from] move: Defog|[of] p1a: Corviknight
|-fieldend|move: Grassy Terrain
|
|upkeep
|turn|15
|
|t:|1776298783
|move|p2a: Rillaboom|U-turn|p1a: Corviknight
|-damage|p1a: Corviknight|30/100
|
|t:|1776298789
|switch|p2a: Pecharunt|Pecharunt|100/100|[from] U-turn
|move|p1a: Corviknight|Roost|p1a: Corviknight
|-heal|p1a: Corviknight|80/100
|
|upkeep
|turn|16
|inactive|simond46 has 120 seconds left.
|
|t:|1776298805
|move|p2a: Pecharunt|Malignant Chain|p1a: Corviknight
|-damage|p1a: Corviknight|49/100
|move|p1a: Corviknight|U-turn|p2a: Pecharunt
|-resisted|p2a: Pecharunt
|-damage|p2a: Pecharunt|99/100
|
|t:|1776298814
|switch|p1a: Scizor|Scizor, F|100/100|[from] U-turn
|
|upkeep
|turn|17
|
|t:|1776298819
|move|p1a: Scizor|Bullet Punch|p2a: Pecharunt
|-damage|p2a: Pecharunt|74/100
|move|p2a: Pecharunt|Foul Play|p1a: Scizor
|-damage|p1a: Scizor|64/100
|
|upkeep
|turn|18
|inactive|simond46 has 120 seconds left.
|
|t:|1776298830
|switch|p1a: Moltres|Moltres-Galar|100/100
|move|p2a: Pecharunt|Recover|p2a: Pecharunt
|-heal|p2a: Pecharunt|100/100
|
|upkeep
|turn|19
|inactive|simond46 has 120 seconds left.
|
|t:|1776298836
|switch|p2a: Grimmsnarl|Grimmsnarl, M|72/100
|move|p1a: Moltres|Fiery Wrath|p2a: Grimmsnarl
|-resisted|p2a: Grimmsnarl
|-damage|p2a: Grimmsnarl|64/100
|
|upkeep
|turn|20
|
|t:|1776298843
|switch|p1a: Scizor|Scizor, F|64/100
|move|p2a: Grimmsnarl|Light Screen|p2a: Grimmsnarl
|-sidestart|p2: SuperSpicyRamen|move: Light Screen
|
|upkeep
|turn|21
|
|t:|1776298853
|switch|p2a: Rillaboom|Rillaboom, M|100/100
|-fieldstart|move: Grassy Terrain|[from] ability: Grassy Surge|[of] p2a: Rillaboom
|move|p1a: Scizor|Bullet Punch|p2a: Rillaboom
|-damage|p2a: Rillaboom|52/100
|
|-heal|p2a: Rillaboom|58/100|[from] Grassy Terrain
|-heal|p1a: Scizor|70/100|[from] Grassy Terrain
|upkeep
|turn|22
|
|t:|1776298864
|switch|p1a: Corviknight|Corviknight, F, tera:Dragon|49/100
|move|p2a: Rillaboom|U-turn|p1a: Corviknight
|-damage|p1a: Corviknight|34/100
|
|t:|1776298868
|switch|p2a: Florges|Florges, F, tera:Fire|90/100|[from] U-turn
|-enditem|p2a: Florges|Grassy Seed
|-boost|p2a: Florges|def|1|[from] item: Grassy Seed
|
|-heal|p2a: Florges|97/100|[from] Grassy Terrain
|-heal|p1a: Corviknight|40/100|[from] Grassy Terrain
|upkeep
|turn|23
|
|t:|1776298878
|move|p2a: Florges|Calm Mind|p2a: Florges
|-boost|p2a: Florges|spa|1
|-boost|p2a: Florges|spd|1
|move|p1a: Corviknight|Roost|p1a: Corviknight
|-heal|p1a: Corviknight|90/100
|
|-heal|p2a: Florges|100/100|[from] Grassy Terrain
|-heal|p1a: Corviknight|96/100|[from] Grassy Terrain
|upkeep
|turn|24
|
|t:|1776298881
|move|p2a: Florges|Calm Mind|p2a: Florges
|-boost|p2a: Florges|spa|1
|-boost|p2a: Florges|spd|1
|move|p1a: Corviknight|U-turn|p2a: Florges
|-resisted|p2a: Florges
|-damage|p2a: Florges|96/100
|
|t:|1776298887
|switch|p1a: Garchomp|Garchomp, F|100/100|[from] U-turn
|
|-heal|p2a: Florges|100/100|[from] Grassy Terrain
|upkeep
|turn|25
|
|t:|1776298908
|switch|p1a: Scizor|Scizor, F|70/100
|move|p2a: Florges|Stored Power|p1a: Scizor
|-resisted|p1a: Scizor
|-damage|p1a: Scizor|33/100
|
|-heal|p1a: Scizor|39/100|[from] Grassy Terrain
|upkeep
|turn|26
|inactive|simond46 has 120 seconds left.
|
|t:|1776298931
|switch|p1a: Corviknight|Corviknight, F, tera:Dragon|96/100
|move|p2a: Florges|Tera Blast|p1a: Corviknight|[anim] Tera Blast Fire
|-resisted|p1a: Corviknight
|-damage|p1a: Corviknight|64/100
|
|-heal|p1a: Corviknight|70/100|[from] Grassy Terrain
|upkeep
|turn|27
|inactive|simond46 has 120 seconds left.
|
|t:|1776298943
|move|p2a: Florges|Tera Blast|p1a: Corviknight|[anim] Tera Blast Fire
|-resisted|p1a: Corviknight
|-damage|p1a: Corviknight|41/100
|move|p1a: Corviknight|Roost|p1a: Corviknight
|-heal|p1a: Corviknight|91/100
|
|-heal|p1a: Corviknight|97/100|[from] Grassy Terrain
|-sideend|p2: SuperSpicyRamen|move: Light Screen
|upkeep
|turn|28
|inactive|simond46 has 120 seconds left.
|
|t:|1776298958
|move|p2a: Florges|Draining Kiss|p1a: Corviknight
|-supereffective|p1a: Corviknight
|-damage|p1a: Corviknight|20/100
|move|p1a: Corviknight|U-turn|p2a: Florges
|-resisted|p2a: Florges
|-damage|p2a: Florges|96/100
|
|t:|1776298961
|switch|p1a: Garchomp|Garchomp, F|100/100|[from] U-turn
|
|-heal|p2a: Florges|100/100|[from] Grassy Terrain
|-fieldend|move: Grassy Terrain
|upkeep
|turn|29
|
|t:|1776298972
|move|p1a: Garchomp|Earthquake|p2a: Florges
|-supereffective|p2a: Florges
|-damage|p2a: Florges|42/100
|move|p2a: Florges|Draining Kiss|p1a: Garchomp
|-supereffective|p1a: Garchomp
|-damage|p1a: Garchomp|22/100
|-heal|p2a: Florges|100/100|[from] drain|[of] p1a: Garchomp
|-damage|p2a: Florges|88/100|[from] ability: Rough Skin|[of] p1a: Garchomp
|
|upkeep
|turn|30
|
|t:|1776298982
|move|p1a: Garchomp|Earthquake|p2a: Florges
|-supereffective|p2a: Florges
|-damage|p2a: Florges|27/100
|move|p2a: Florges|Draining Kiss|p1a: Garchomp
|-supereffective|p1a: Garchomp
|-damage|p1a: Garchomp|0 fnt
|-heal|p2a: Florges|43/100|[from] drain|[of] p1a: Garchomp
|-damage|p2a: Florges|30/100|[from] ability: Rough Skin|[of] p1a: Garchomp
|faint|p1a: Garchomp
|
|upkeep
|inactive|simond46 has 120 seconds left.
|
|t:|1776299003
|switch|p1a: Scizor|Scizor, F|39/100
|turn|31
|
|t:|1776299009
|move|p1a: Scizor|Bullet Punch|p2a: Florges
|-resisted|p2a: Florges
|-damage|p2a: Florges|16/100
|move|p2a: Florges|Tera Blast|p1a: Scizor|[anim] Tera Blast Fire
|-supereffective|p1a: Scizor
|-damage|p1a: Scizor|0 fnt
|faint|p1a: Scizor
|
|upkeep
|inactive|simond46 has 120 seconds left.
|
|t:|1776299023
|switch|p1a: Meowscarada|Meowscarada, M|100/100
|turn|32
|
|t:|1776299032
|move|p1a: Meowscarada|Flower Trick|p2a: Florges
|-start|p1a: Meowscarada|typechange|Grass|[from] ability: Protean
|-resisted|p2a: Florges
|-crit|p2a: Florges
|-damage|p2a: Florges|0 fnt
|faint|p2a: Florges
|
|upkeep
|
|t:|1776299042
|switch|p2a: Lucario|Lucario, M|100/100
|turn|33
|
|t:|1776299055
|switch|p1a: Corviknight|Corviknight, F, tera:Dragon|20/100
|move|p2a: Lucario|Swords Dance|p2a: Lucario
|-boost|p2a: Lucario|atk|2
|
|upkeep
|turn|34
|
|t:|1776299062
|move|p2a: Lucario|Meteor Mash|p1a: Corviknight
|-damage|p1a: Corviknight|0 fnt
|faint|p1a: Corviknight
|-damage|p2a: Lucario|91/100|[from] item: Life Orb
|
|upkeep
|
|t:|1776299074
|switch|p1a: Raging Bolt|Raging Bolt|100/100
|turn|35
|
|t:|1776299081
|move|p1a: Raging Bolt|Thunderclap|p2a: Lucario
|-damage|p2a: Lucario|22/100
|move|p2a: Lucario|Drain Punch|p1a: Raging Bolt
|-damage|p1a: Raging Bolt|29/100
|-heal|p2a: Lucario|80/100|[from] drain|[of] p1a: Raging Bolt
|-damage|p2a: Lucario|70/100|[from] item: Life Orb
|
|upkeep
|turn|36
|
|t:|1776299087
|move|p2a: Lucario|Extreme Speed|p1a: Raging Bolt
|-damage|p1a: Raging Bolt|0 fnt
|faint|p1a: Raging Bolt
|-end|p1a: Raging Bolt|Protosynthesis|[silent]
|-damage|p2a: Lucario|60/100|[from] item: Life Orb
|
|upkeep
|
|t:|1776299091
|switch|p1a: Moltres|Moltres-Galar|100/100
|turn|37
|
|t:|1776299098
|move|p2a: Lucario|Drain Punch|p1a: Moltres
|-damage|p1a: Moltres|4/100
|-heal|p2a: Lucario|100/100|[from] drain|[of] p1a: Moltres
|-ability|p1a: Moltres|Berserk|boost
|-boost|p1a: Moltres|spa|1
|-damage|p2a: Lucario|91/100|[from] item: Life Orb
|-enditem|p1a: Moltres|Sitrus Berry|[eat]
|-heal|p1a: Moltres|29/100|[from] item: Sitrus Berry
|move|p1a: Moltres|Fiery Wrath|p2a: Lucario
|-resisted|p2a: Lucario
|-damage|p2a: Lucario|36/100
|
|upkeep
|turn|38
|
|t:|1776299109
|move|p2a: Lucario|Drain Punch|p1a: Moltres
|-damage|p1a: Moltres|0 fnt
|-heal|p2a: Lucario|53/100|[from] drain|[of] p1a: Moltres
|faint|p1a: Moltres
|-damage|p2a: Lucario|43/100|[from] item: Life Orb
|
|upkeep
|
|t:|1776299112
|switch|p1a: Meowscarada|Meowscarada, M|100/100
|turn|39
|
|t:|1776299122
|move|p2a: Lucario|Extreme Speed|p1a: Meowscarada
|-crit|p1a: Meowscarada
|-damage|p1a: Meowscarada|0 fnt
|faint|p1a: Meowscarada
|-damage|p2a: Lucario|33/100|[from] item: Life Orb
|
|win|SuperSpicyRamen
|raw|simond46's rating: 1321 &rarr; <strong>1303</strong><br />(-18 for losing)
|raw|SuperSpicyRamen's rating: 1363 &rarr; <strong>1381</strong><br />(+18 for winning)
|l|☆simond46
|player|p1|
|c|☆SuperSpicyRamen|gg?
