|html|<div class="broadcast-blue"><strong>[Gen 9] OU is currently suspecting Tera Blast! For information on how to participate check out the <a href="https://www.smogon.com/tools/suspects/view/200">suspect thread</a>.</strong></div>
|j|☆xnl
|j|☆lousiv
|t:|1776047954
|gametype|singles
|player|p1|xnl|depotagent|1273
|player|p2|lousiv|volkner|1307
|gen|9
|tier|[Gen 9] OU
|rated|
|rule|HP Percentage Mod: HP is shown in percentages
|rule|Endless Battle Clause: Forcing endless battles is banned
|rule|Species Clause: Limit one of each Pokémon
|rule|OHKO Clause: OHKO moves are banned
|rule|Evasion Items Clause: Evasion items are banned
|rule|Evasion Moves Clause: Evasion moves are banned
|rule|Evasion Abilities Clause: Evasion abilities are banned
|rule|Sleep Moves Clause: Sleep-inducing moves are banned
|clearpoke
|poke|p1|Slowbro-Galar, M|
|poke|p1|Alomomola, M|
|poke|p1|Revavroom, M|
|poke|p1|Ogerpon-Cornerstone, F|
|poke|p1|Hydreigon, F|
|poke|p1|Moltres|
|poke|p2|Iron Valiant|
|poke|p2|Ogerpon-Wellspring, F|
|poke|p2|Dragapult, F|
|poke|p2|Great Tusk|
|poke|p2|Samurott-Hisui, F|
|poke|p2|Thundurus, M|
|teampreview
|inactive|Battle timer is ON: inactive players will automatically lose when time's up. (requested by lousiv)
|
|t:|1776047969
|teamsize|p1|6
|teamsize|p2|6
|start
|switch|p1a: Hydreigon|Hydreigon, F|100/100
|switch|p2a: Ogerpon|Ogerpon-Wellspring, F|100/100
|turn|1
|
|t:|1776047971
|move|p1a: Hydreigon|U-turn|p2a: Ogerpon
|-supereffective|p2a: Ogerpon
|-damage|p2a: Ogerpon|59/100
|
|t:|1776047974
|switch|p1a: Alomomola|Alomomola, M|100/100|[from] U-turn
|move|p2a: Ogerpon|Play Rough|p1a: Alomomola
|-damage|p1a: Alomomola|76/100
|
|upkeep
|turn|2
|
|t:|1776047979
|switch|p1a: Moltres|Moltres|100/100
|move|p2a: Ogerpon|Power Whip|p1a: Moltres|[miss]
|-miss|p2a: Ogerpon|p1a: Moltres
|
|upkeep
|turn|3
|
|t:|1776047986
|switch|p1a: Alomomola|Alomomola, M|100/100
|move|p2a: Ogerpon|Ivy Cudgel|p1a: Alomomola|[anim] Ivy Cudgel Water
|-resisted|p1a: Alomomola
|-damage|p1a: Alomomola|80/100
|
|upkeep
|turn|4
|
|t:|1776047992
|move|p2a: Ogerpon|Swords Dance|p2a: Ogerpon
|-boost|p2a: Ogerpon|atk|2
|move|p1a: Alomomola|Wish|p1a: Alomomola
|
|upkeep
|turn|5
|
|t:|1776048002
|switch|p1a: Ogerpon|Ogerpon-Cornerstone, F|100/100
|move|p2a: Ogerpon|Swords Dance|p2a: Ogerpon
|-boost|p2a: Ogerpon|atk|2
|
|upkeep
|turn|6
|
|t:|1776048008
|move|p1a: Ogerpon|Ivy Cudgel|p2a: Ogerpon|[anim] Ivy Cudgel Rock
|-damage|p2a: Ogerpon|0 fnt
|faint|p2a: Ogerpon
|
|upkeep
|
|t:|1776048022
|switch|p2a: Great Tusk|Great Tusk|100/100
|turn|7
|
|t:|1776048026
|switch|p1a: Moltres|Moltres|100/100
|move|p2a: Great Tusk|Rapid Spin|p1a: Moltres
|-damage|p1a: Moltres|84/100
|-boost|p2a: Great Tusk|spe|1
|
|upkeep
|turn|8
|
|t:|1776048029
|move|p2a: Great Tusk|Stealth Rock|p1a: Moltres
|-sidestart|p1: xnl|move: Stealth Rock
|move|p1a: Moltres|Will-O-Wisp|p2a: Great Tusk
|-status|p2a: Great Tusk|brn
|
|-damage|p2a: Great Tusk|94/100 brn|[from] brn
|upkeep
|turn|9
|
|t:|1776048032
|-end|p2a: Great Tusk|Protosynthesis|[silent]
|switch|p2a: Samurott|Samurott-Hisui, F|100/100
|move|p1a: Moltres|U-turn|p2a: Samurott
|-supereffective|p2a: Samurott
|-damage|p2a: Samurott|70/100
|
|t:|1776048038
|switch|p1a: Ogerpon|Ogerpon-Cornerstone, F|100/100|[from] U-turn
|-damage|p1a: Ogerpon|88/100|[from] Stealth Rock
|
|upkeep
|turn|10
|
|t:|1776048043
|move|p1a: Ogerpon|Ivy Cudgel|p2a: Samurott|[anim] Ivy Cudgel Rock
|-damage|p2a: Samurott|20/100
|move|p2a: Samurott|Ceaseless Edge|p1a: Ogerpon
|-damage|p1a: Ogerpon|44/100
|-sidestart|p1: xnl|Spikes
|
|upkeep
|turn|11
|
|t:|1776048054
|move|p2a: Samurott|Sucker Punch||[still]
|-fail|p2a: Samurott
|move|p1a: Ogerpon|Synthesis|p1a: Ogerpon
|-heal|p1a: Ogerpon|94/100
|
|upkeep
|turn|12
|
|t:|1776048059
|move|p1a: Ogerpon|Ivy Cudgel|p2a: Samurott|[anim] Ivy Cudgel Rock
|-damage|p2a: Samurott|0 fnt
|faint|p2a: Samurott
|
|upkeep
|
|t:|1776048061
|switch|p2a: Dragapult|Dragapult, F|100/100
|turn|13
|
|t:|1776048064
|move|p2a: Dragapult|Draco Meteor|p1a: Ogerpon
|-crit|p1a: Ogerpon
|-damage|p1a: Ogerpon|0 fnt
|-unboost|p2a: Dragapult|spa|2
|faint|p1a: Ogerpon
|
|upkeep
|
|t:|1776048072
|switch|p1a: Hydreigon|Hydreigon, F|100/100
|-damage|p1a: Hydreigon|88/100|[from] Stealth Rock
|turn|14
|
|t:|1776048077
|move|p1a: Hydreigon|Flash Cannon|p2a: Dragapult
|-damage|p2a: Dragapult|60/100
|move|p2a: Dragapult|Draco Meteor|p1a: Hydreigon|[miss]
|-miss|p2a: Dragapult|p1a: Hydreigon
|
|upkeep
|turn|15
|
|t:|1776048087
|switch|p1a: Moltres|Moltres|84/100
|move|p2a: Dragapult|Draco Meteor|p1a: Moltres|[miss]
|-miss|p2a: Dragapult|p1a: Moltres
|
|upkeep
|turn|16
|
|t:|1776048093
|switch|p2a: Great Tusk|Great Tusk|94/100 brn
|move|p1a: Moltres|Roost|p1a: Moltres
|-heal|p1a: Moltres|100/100
|-singleturn|p1a: Moltres|move: Roost
|
|-damage|p2a: Great Tusk|88/100 brn|[from] brn
|upkeep
|turn|17
|
|t:|1776048102
|move|p2a: Great Tusk|Ice Spinner|p1a: Moltres
|-damage|p1a: Moltres|87/100
|move|p1a: Moltres|Flamethrower|p2a: Great Tusk
|-damage|p2a: Great Tusk|30/100 brn
|
|-damage|p2a: Great Tusk|24/100 brn|[from] brn
|upkeep
|turn|18
|
|t:|1776048107
|-end|p2a: Great Tusk|Protosynthesis|[silent]
|switch|p2a: Dragapult|Dragapult, F|60/100
|move|p1a: Moltres|Flamethrower|p2a: Dragapult
|-resisted|p2a: Dragapult
|-damage|p2a: Dragapult|35/100
|
|upkeep
|turn|19
|
|t:|1776048110
|move|p2a: Dragapult|Draco Meteor|p1a: Moltres
|-damage|p1a: Moltres|23/100
|-unboost|p2a: Dragapult|spa|2
|move|p1a: Moltres|Roost|p1a: Moltres
|-heal|p1a: Moltres|73/100
|-singleturn|p1a: Moltres|move: Roost
|
|upkeep
|turn|20
|
|t:|1776048119
|switch|p2a: Iron Valiant|Iron Valiant|100/100
|-enditem|p2a: Iron Valiant|Booster Energy
|-activate|p2a: Iron Valiant|ability: Quark Drive|[fromitem]
|-start|p2a: Iron Valiant|quarkdrivespe
|move|p1a: Moltres|Flamethrower|p2a: Iron Valiant
|-damage|p2a: Iron Valiant|24/100
|
|upkeep
|turn|21
|
|t:|1776048128
|move|p2a: Iron Valiant|Knock Off|p1a: Moltres
|-damage|p1a: Moltres|45/100
|-enditem|p1a: Moltres|Heavy-Duty Boots|[from] move: Knock Off|[of] p2a: Iron Valiant
|move|p1a: Moltres|Flamethrower|p2a: Iron Valiant
|-damage|p2a: Iron Valiant|0 fnt
|faint|p2a: Iron Valiant
|-end|p2a: Iron Valiant|Quark Drive|[silent]
|
|upkeep
|
|t:|1776048132
|switch|p2a: Thundurus|Thundurus, M|100/100
|turn|22
|
|t:|1776048136
|move|p2a: Thundurus|Volt Switch|p1a: Moltres
|-supereffective|p1a: Moltres
|-damage|p1a: Moltres|0 fnt
|faint|p1a: Moltres
|
|t:|1776048138
|switch|p2a: Great Tusk|Great Tusk|24/100 brn|[from] Volt Switch
|
|-damage|p2a: Great Tusk|17/100 brn|[from] brn
|upkeep
|
|t:|1776048143
|switch|p1a: Hydreigon|Hydreigon, F|88/100
|-damage|p1a: Hydreigon|76/100|[from] Stealth Rock
|turn|23
|
|t:|1776048155
|move|p1a: Hydreigon|U-turn|p2a: Great Tusk
|-resisted|p2a: Great Tusk
|-damage|p2a: Great Tusk|12/100 brn
|
|t:|1776048156
|switch|p1a: Alomomola|Alomomola, M|100/100|[from] U-turn
|move|p2a: Great Tusk|Ice Spinner|p1a: Alomomola
|-resisted|p1a: Alomomola
|-damage|p1a: Alomomola|96/100
|
|-damage|p2a: Great Tusk|6/100 brn|[from] brn
|upkeep
|turn|24
|
|t:|1776048158
|move|p2a: Great Tusk|Headlong Rush|p1a: Alomomola
|-damage|p1a: Alomomola|75/100
|-unboost|p2a: Great Tusk|def|1
|-unboost|p2a: Great Tusk|spd|1
|move|p1a: Alomomola|Flip Turn|p2a: Great Tusk
|-supereffective|p2a: Great Tusk
|-damage|p2a: Great Tusk|0 fnt
|faint|p2a: Great Tusk
|-end|p2a: Great Tusk|Protosynthesis|[silent]
|
|t:|1776048163
|switch|p1a: Slowbro|Slowbro-Galar, M|100/100|[from] Flip Turn
|-damage|p1a: Slowbro|88/100|[from] Stealth Rock
|-damage|p1a: Slowbro|76/100|[from] Spikes
|
|upkeep
|
|t:|1776048167
|switch|p2a: Dragapult|Dragapult, F|35/100
|turn|25
|
|t:|1776048170
|move|p2a: Dragapult|Shadow Ball|p1a: Slowbro
|-supereffective|p1a: Slowbro
|-damage|p1a: Slowbro|0 fnt
|faint|p1a: Slowbro
|
|upkeep
|
|t:|1776048173
|switch|p1a: Hydreigon|Hydreigon, F|76/100
|-damage|p1a: Hydreigon|63/100|[from] Stealth Rock
|turn|26
|
|t:|1776048176
|switch|p2a: Thundurus|Thundurus, M|100/100
|move|p1a: Hydreigon|Flash Cannon|p2a: Thundurus
|-resisted|p2a: Thundurus
|-damage|p2a: Thundurus|79/100
|
|upkeep
|turn|27
|
|t:|1776048182
|move|p1a: Hydreigon|Flash Cannon|p2a: Thundurus
|-resisted|p2a: Thundurus
|-damage|p2a: Thundurus|59/100
|move|p2a: Thundurus|Thunderbolt|p1a: Hydreigon
|-resisted|p1a: Hydreigon
|-crit|p1a: Hydreigon
|-damage|p1a: Hydreigon|29/100
|
|upkeep
|turn|28
|
|t:|1776048186
|move|p1a: Hydreigon|Flash Cannon|p2a: Thundurus
|-resisted|p2a: Thundurus
|-damage|p2a: Thundurus|38/100
|move|p2a: Thundurus|Thunderbolt|p1a: Hydreigon
|-resisted|p1a: Hydreigon
|-damage|p1a: Hydreigon|1/100
|
|upkeep
|turn|29
|
|t:|1776048191
|move|p1a: Hydreigon|Flash Cannon|p2a: Thundurus
|-resisted|p2a: Thundurus
|-damage|p2a: Thundurus|19/100
|move|p2a: Thundurus|Thunderbolt|p1a: Hydreigon
|-resisted|p1a: Hydreigon
|-damage|p1a: Hydreigon|0 fnt
|faint|p1a: Hydreigon
|
|upkeep
|
|t:|1776048196
|switch|p1a: Revavroom|Revavroom, M|100/100
|-damage|p1a: Revavroom|94/100|[from] Stealth Rock
|-item|p1a: Revavroom|Air Balloon
|turn|30
|
|t:|1776048200
|move|p2a: Thundurus|Volt Switch|p1a: Revavroom
|-damage|p1a: Revavroom|47/100
|-enditem|p1a: Revavroom|Air Balloon
|
|t:|1776048201
|switch|p2a: Dragapult|Dragapult, F|35/100|[from] Volt Switch
|move|p1a: Revavroom|Shift Gear|p1a: Revavroom
|-boost|p1a: Revavroom|spe|2
|-boost|p1a: Revavroom|atk|1
|
|upkeep
|turn|31
|
|t:|1776048206
|move|p1a: Revavroom|Iron Head|p2a: Dragapult
|-damage|p2a: Dragapult|0 fnt
|faint|p2a: Dragapult
|
|upkeep
|
|t:|1776048208
|switch|p2a: Thundurus|Thundurus, M|19/100
|turn|32
|
|t:|1776048213
|-terastallize|p1a: Revavroom|Ice
|-terastallize|p2a: Thundurus|Steel
|move|p1a: Revavroom|Tera Blast|p2a: Thundurus|[anim] Tera Blast Ice
|-resisted|p2a: Thundurus
|-damage|p2a: Thundurus|0 fnt
|faint|p2a: Thundurus
|
|win|xnl
|raw|xnl's rating: 1273 &rarr; <strong>1300</strong><br />(+27 for winning)
|raw|lousiv's rating: 1307 &rarr; <strong>1285</strong><br />(-22 for losing)
|l|☆lousiv
|player|p2|
|l|☆xnl
|player|p1|
