|html|<div class="broadcast-blue"><strong>[Gen 9] OU is currently suspecting Tera Blast! For information on how to participate check out the <a href="https://www.smogon.com/tools/suspects/view/200">suspect thread</a>.</strong></div>
|j|☆thebambi1234
|j|☆Blastoise_Choice
|t:|1776104446
|gametype|singles
|player|p1|thebambi1234|blackbelt-gen4dp|1593
|player|p2|Blastoise_Choice|benga|1725
|gen|9
|tier|[Gen 9] OU
|rated|
|rule|HP Percentage Mod: HP is shown in percentages
|rule|Endless Battle Clause: Forcing endless battles is banned
|rule|Species Clause: Limit one of each Pokémon
|rule|OHKO Clause: OHKO moves are banned
|rule|Evasion Items Clause: Evasion items are banned
|rule|Evasion Moves Clause: Evasion moves are banned
|rule|Evasion Abilities Clause: Evasion abilities are banned
|rule|Sleep Moves Clause: Sleep-inducing moves are banned
|clearpoke
|poke|p1|Gliscor, M|
|poke|p1|Clefable, M|
|poke|p1|Dondozo, M|
|poke|p1|Corviknight, M|
|poke|p1|Blissey, F|
|poke|p1|Glimmora, M|
|poke|p2|Hydrapple, M|
|poke|p2|Tyranitar, F|
|poke|p2|Moltres|
|poke|p2|Zamazenta-*|
|poke|p2|Slowking-Galar, M|
|poke|p2|Excadrill, F|
|teampreview
|inactive|Battle timer is ON: inactive players will automatically lose when time's up. (requested by thebambi1234)
|j| ohko_smeargle
|c|☆Blastoise_Choice|hf
|inactive|Blastoise_Choice also wants the timer to be on.
|inactive|thebambi1234 has 120 seconds left.
|
|t:|1776104497
|teamsize|p1|6
|teamsize|p2|6
|start
|switch|p1a: Gliscor|Gliscor, M|100/100
|switch|p2a: Slowking|Slowking-Galar, M|100/100
|turn|1
|
|t:|1776104503
|move|p1a: Gliscor|Protect|p1a: Gliscor
|-singleturn|p1a: Gliscor|Protect
|move|p2a: Slowking|Ice Beam|p1a: Gliscor
|-activate|p1a: Gliscor|move: Protect
|
|-status|p1a: Gliscor|tox|[from] item: Toxic Orb
|upkeep
|turn|2
|
|t:|1776104510
|switch|p1a: Clefable|Clefable, M|100/100
|move|p2a: Slowking|Ice Beam|p1a: Clefable
|-damage|p1a: Clefable|86/100
|
|upkeep
|turn|3
|
|t:|1776104518
|move|p1a: Clefable|Trick|p2a: Slowking
|-activate|p1a: Clefable|move: Trick|[of] p2a: Slowking
|-item|p2a: Slowking|Choice Scarf|[from] move: Trick
|-item|p1a: Clefable|Assault Vest|[from] move: Trick
|move|p2a: Slowking|Sludge Bomb|p1a: Clefable
|-supereffective|p1a: Clefable
|-crit|p1a: Clefable
|-damage|p1a: Clefable|42/100
|-status|p1a: Clefable|psn
|
|-damage|p1a: Clefable|29/100 psn|[from] psn
|upkeep
|turn|4
|
|t:|1776104525
|switch|p1a: Blissey|Blissey, F|100/100
|move|p2a: Slowking|Sludge Bomb|p1a: Blissey
|-damage|p1a: Blissey|90/100
|
|-heal|p1a: Blissey|96/100|[from] item: Leftovers
|upkeep
|turn|5
|
|t:|1776104537
|switch|p2a: Tyranitar|Tyranitar, F|100/100
|-weather|Sandstorm|[from] ability: Sand Stream|[of] p2a: Tyranitar
|move|p1a: Blissey|Heal Bell|p1a: Blissey
|-activate|p1a: Blissey|move: Heal Bell
|-curestatus|p1: Gliscor|tox|[msg]
|-curestatus|p1: Clefable|psn|[msg]
|
|-weather|Sandstorm|[upkeep]
|-damage|p1a: Blissey|90/100|[from] Sandstorm
|-heal|p1a: Blissey|96/100|[from] item: Leftovers
|upkeep
|turn|6
|
|t:|1776104543
|switch|p1a: Corviknight|Corviknight, M|100/100
|-ability|p1a: Corviknight|Pressure
|move|p2a: Tyranitar|Stealth Rock|p1a: Corviknight
|-sidestart|p1: thebambi1234|move: Stealth Rock
|
|-weather|Sandstorm|[upkeep]
|upkeep
|turn|7
|
|t:|1776104549
|switch|p2a: Slowking|Slowking-Galar, M|100/100
|move|p1a: Corviknight|Defog|p2a: Slowking
|-unboost|p2a: Slowking|evasion|1
|-sideend|p1: thebambi1234|Stealth Rock|[from] move: Defog|[of] p1a: Corviknight
|
|-weather|Sandstorm|[upkeep]
|-damage|p2a: Slowking|94/100|[from] Sandstorm
|upkeep
|turn|8
|
|t:|1776104555
|move|p2a: Slowking|Ice Beam|p1a: Corviknight
|-damage|p1a: Corviknight|80/100
|-status|p1a: Corviknight|frz
|-curestatus|p1a: Corviknight|frz|[msg]
|move|p1a: Corviknight|U-turn|p2a: Slowking
|-damage|p2a: Slowking|84/100
|
|t:|1776104564
|switch|p1a: Glimmora|Glimmora, M|100/100|[from] U-turn
|
|-weather|Sandstorm|[upkeep]
|-damage|p2a: Slowking|78/100|[from] Sandstorm
|upkeep
|turn|9
|
|t:|1776104570
|move|p1a: Glimmora|Toxic|p2a: Slowking
|-status|p2a: Slowking|tox
|move|p2a: Slowking|Ice Beam|p1a: Glimmora
|-damage|p1a: Glimmora|84/100
|
|-weather|Sandstorm|[upkeep]
|-damage|p2a: Slowking|72/100 tox|[from] Sandstorm
|-heal|p1a: Glimmora|90/100|[from] item: Leftovers
|-damage|p2a: Slowking|66/100 tox|[from] psn
|upkeep
|turn|10
|
|t:|1776104578
|move|p1a: Glimmora|Stealth Rock|p2a: Slowking
|-sidestart|p2: Blastoise_Choice|move: Stealth Rock
|move|p2a: Slowking|Ice Beam|p1a: Glimmora
|-damage|p1a: Glimmora|72/100
|
|-weather|Sandstorm|[upkeep]
|-damage|p2a: Slowking|60/100 tox|[from] Sandstorm
|-heal|p1a: Glimmora|78/100|[from] item: Leftovers
|-damage|p2a: Slowking|48/100 tox|[from] psn
|upkeep
|turn|11
|
|t:|1776104585
|switch|p2a: Excadrill|Excadrill, F|100/100
|-damage|p2a: Excadrill|97/100|[from] Stealth Rock
|-item|p2a: Excadrill|Air Balloon
|move|p1a: Glimmora|Toxic|p2a: Excadrill
|-status|p2a: Excadrill|tox
|
|-weather|Sandstorm|[upkeep]
|-heal|p1a: Glimmora|85/100|[from] item: Leftovers
|-damage|p2a: Excadrill|91/100 tox|[from] psn
|upkeep
|turn|12
|
|t:|1776104591
|move|p1a: Glimmora|Spiky Shield|p1a: Glimmora
|-singleturn|p1a: Glimmora|move: Protect
|move|p2a: Excadrill|Rapid Spin|p1a: Glimmora
|-activate|p1a: Glimmora|move: Protect
|-damage|p2a: Excadrill|79/100 tox|[from] Spiky Shield|[of] p1a: Glimmora
|
|-weather|none
|-heal|p1a: Glimmora|91/100|[from] item: Leftovers
|-damage|p2a: Excadrill|67/100 tox|[from] psn
|upkeep
|turn|13
|
|t:|1776104596
|switch|p2a: Slowking|Slowking-Galar, M|81/100 tox
|-damage|p2a: Slowking|68/100 tox|[from] Stealth Rock
|switch|p1a: Gliscor|Gliscor, M|100/100
|
|-damage|p2a: Slowking|62/100 tox|[from] psn
|-status|p1a: Gliscor|tox|[from] item: Toxic Orb
|upkeep
|turn|14
|
|t:|1776104603
|move|p1a: Gliscor|Earthquake|p2a: Slowking
|-supereffective|p2a: Slowking
|-damage|p2a: Slowking|10/100 tox
|move|p2a: Slowking|Ice Beam|p1a: Gliscor
|-supereffective|p1a: Gliscor
|-damage|p1a: Gliscor|0 fnt
|faint|p1a: Gliscor
|
|-damage|p2a: Slowking|0 fnt|[from] psn
|faint|p2a: Slowking
|upkeep
|
|t:|1776104614
|switch|p1a: Glimmora|Glimmora, M|91/100
|switch|p2a: Hydrapple|Hydrapple, M|100/100
|turn|15
|
|t:|1776104618
|move|p1a: Glimmora|Spiky Shield|p1a: Glimmora
|-singleturn|p1a: Glimmora|move: Protect
|move|p2a: Hydrapple|Giga Drain|p1a: Glimmora
|-activate|p1a: Glimmora|move: Protect
|
|-heal|p1a: Glimmora|97/100|[from] item: Leftovers
|upkeep
|turn|16
|
|t:|1776104622
|move|p1a: Glimmora|Toxic|p2a: Hydrapple
|-status|p2a: Hydrapple|tox
|move|p2a: Hydrapple|Earth Power|p1a: Glimmora
|-supereffective|p1a: Glimmora
|-damage|p1a: Glimmora|0 fnt
|faint|p1a: Glimmora
|
|-damage|p2a: Hydrapple|94/100 tox|[from] psn
|upkeep
|
|t:|1776104629
|switch|p1a: Clefable|Clefable, M|29/100
|turn|17
|
|t:|1776104636
|switch|p2a: Zamazenta|Zamazenta|100/100
|-damage|p2a: Zamazenta|94/100|[from] Stealth Rock
|-ability|p2a: Zamazenta|Dauntless Shield|boost
|-boost|p2a: Zamazenta|def|1
|move|p1a: Clefable|Moonblast|p2a: Zamazenta
|-supereffective|p2a: Zamazenta
|-damage|p2a: Zamazenta|35/100
|
|-heal|p2a: Zamazenta|41/100|[from] item: Leftovers
|upkeep
|turn|18
|
|t:|1776104642
|switch|p2a: Tyranitar|Tyranitar, F|100/100
|-damage|p2a: Tyranitar|88/100|[from] Stealth Rock
|-weather|Sandstorm|[from] ability: Sand Stream|[of] p2a: Tyranitar
|switch|p1a: Corviknight|Corviknight, M|80/100
|-ability|p1a: Corviknight|Pressure
|
|-weather|Sandstorm|[upkeep]
|-heal|p1a: Corviknight|86/100|[from] item: Leftovers
|upkeep
|turn|19
|
|t:|1776104648
|move|p2a: Tyranitar|Knock Off|p1a: Corviknight
|-damage|p1a: Corviknight|59/100
|-enditem|p1a: Corviknight|Leftovers|[from] move: Knock Off|[of] p2a: Tyranitar
|move|p1a: Corviknight|U-turn|p2a: Tyranitar
|-supereffective|p2a: Tyranitar
|-damage|p2a: Tyranitar|67/100
|
|t:|1776104652
|switch|p1a: Dondozo|Dondozo, M|100/100|[from] U-turn
|
|-weather|Sandstorm|[upkeep]
|-damage|p1a: Dondozo|94/100|[from] Sandstorm
|-heal|p1a: Dondozo|100/100|[from] item: Leftovers
|upkeep
|turn|20
|
|t:|1776104658
|move|p2a: Tyranitar|Knock Off|p1a: Dondozo
|-damage|p1a: Dondozo|83/100
|-enditem|p1a: Dondozo|Leftovers|[from] move: Knock Off|[of] p2a: Tyranitar
|move|p1a: Dondozo|Body Press|p2a: Tyranitar
|-supereffective|p2a: Tyranitar
|-damage|p2a: Tyranitar|0 fnt
|faint|p2a: Tyranitar
|
|-weather|Sandstorm|[upkeep]
|-damage|p1a: Dondozo|77/100|[from] Sandstorm
|upkeep
|
|t:|1776104666
|switch|p2a: Moltres|Moltres|100/100
|turn|21
|
|t:|1776104673
|switch|p1a: Blissey|Blissey, F|96/100
|move|p2a: Moltres|Flamethrower|p1a: Blissey
|-damage|p1a: Blissey|87/100
|
|-weather|Sandstorm|[upkeep]
|-damage|p2a: Moltres|94/100|[from] Sandstorm
|-damage|p1a: Blissey|80/100|[from] Sandstorm
|-heal|p1a: Blissey|87/100|[from] item: Leftovers
|upkeep
|turn|22
|
|t:|1776104679
|move|p2a: Moltres|U-turn|p1a: Blissey
|-damage|p1a: Blissey|58/100
|
|t:|1776104686
|switch|p2a: Zamazenta|Zamazenta|41/100|[from] U-turn
|-damage|p2a: Zamazenta|35/100|[from] Stealth Rock
|move|p1a: Blissey|Seismic Toss|p2a: Zamazenta
|-damage|p2a: Zamazenta|4/100
|
|-weather|Sandstorm|[upkeep]
|-damage|p2a: Zamazenta|0 fnt|[from] Sandstorm
|-damage|p1a: Blissey|52/100|[from] Sandstorm
|faint|p2a: Zamazenta
|-heal|p1a: Blissey|58/100|[from] item: Leftovers
|upkeep
|
|t:|1776104692
|switch|p2a: Excadrill|Excadrill, F|67/100 tox
|-damage|p2a: Excadrill|64/100 tox|[from] Stealth Rock
|-item|p2a: Excadrill|Air Balloon
|turn|23
|
|t:|1776104698
|switch|p2a: Moltres|Moltres|94/100
|switch|p1a: Corviknight|Corviknight, M|59/100
|-ability|p1a: Corviknight|Pressure
|
|-weather|Sandstorm|[upkeep]
|-damage|p2a: Moltres|88/100|[from] Sandstorm
|upkeep
|turn|24
|
|t:|1776104705
|switch|p1a: Dondozo|Dondozo, M|77/100
|move|p2a: Moltres|U-turn|p1a: Dondozo
|-damage|p1a: Dondozo|71/100
|
|t:|1776104711
|switch|p2a: Excadrill|Excadrill, F|64/100 tox|[from] U-turn
|-damage|p2a: Excadrill|61/100 tox|[from] Stealth Rock
|-item|p2a: Excadrill|Air Balloon
|
|-weather|Sandstorm|[upkeep]
|-damage|p1a: Dondozo|65/100|[from] Sandstorm
|-damage|p2a: Excadrill|55/100 tox|[from] psn
|upkeep
|turn|25
|
|t:|1776104718
|switch|p2a: Moltres|Moltres|88/100
|move|p1a: Dondozo|Body Press|p2a: Moltres
|-resisted|p2a: Moltres
|-damage|p2a: Moltres|79/100
|
|-weather|none
|upkeep
|turn|26
|
|t:|1776104724
|move|p2a: Moltres|Roost|p2a: Moltres
|-heal|p2a: Moltres|100/100
|-singleturn|p2a: Moltres|move: Roost
|move|p1a: Dondozo|Body Press|p2a: Moltres
|-damage|p2a: Moltres|81/100
|
|upkeep
|turn|27
|
|t:|1776104731
|move|p2a: Moltres|Roost|p2a: Moltres
|-heal|p2a: Moltres|100/100
|-singleturn|p2a: Moltres|move: Roost
|move|p1a: Dondozo|Body Press|p2a: Moltres
|-damage|p2a: Moltres|80/100
|-status|p1a: Dondozo|brn|[from] ability: Flame Body|[of] p2a: Moltres
|
|-damage|p1a: Dondozo|59/100 brn|[from] brn
|upkeep
|turn|28
|
|t:|1776104737
|move|p2a: Moltres|U-turn|p1a: Dondozo
|-damage|p1a: Dondozo|53/100 brn
|
|t:|1776104744
|switch|p2a: Hydrapple|Hydrapple, M|100/100 tox|[from] U-turn
|move|p1a: Dondozo|Rest|p1a: Dondozo
|-status|p1a: Dondozo|slp|[from] move: Rest
|-heal|p1a: Dondozo|100/100 slp|[silent]
|
|-damage|p2a: Hydrapple|94/100 tox|[from] psn
|upkeep
|turn|29
|
|t:|1776104750
|switch|p2a: Excadrill|Excadrill, F|55/100 tox
|-damage|p2a: Excadrill|51/100 tox|[from] Stealth Rock
|-item|p2a: Excadrill|Air Balloon
|switch|p1a: Blissey|Blissey, F|58/100
|
|-heal|p1a: Blissey|64/100|[from] item: Leftovers
|-damage|p2a: Excadrill|45/100 tox|[from] psn
|upkeep
|turn|30
|
|t:|1776104756
|switch|p2a: Moltres|Moltres|80/100
|switch|p1a: Corviknight|Corviknight, M|59/100
|-ability|p1a: Corviknight|Pressure
|
|upkeep
|turn|31
|
|t:|1776104763
|switch|p1a: Dondozo|Dondozo, M|100/100 slp
|move|p2a: Moltres|Roar|p1a: Dondozo
|drag|p1a: Clefable|Clefable, M|29/100
|
|upkeep
|turn|32
|
|t:|1776104769
|switch|p1a: Blissey|Blissey, F|64/100
|move|p2a: Moltres|Roar|p1a: Blissey
|drag|p1a: Corviknight|Corviknight, M|59/100
|-ability|p1a: Corviknight|Pressure
|
|upkeep
|turn|33
|
|t:|1776104777
|switch|p1a: Dondozo|Dondozo, M|100/100 slp
|move|p2a: Moltres|U-turn|p1a: Dondozo
|-damage|p1a: Dondozo|94/100 slp
|
|t:|1776104783
|switch|p2a: Excadrill|Excadrill, F|45/100 tox|[from] U-turn
|-damage|p2a: Excadrill|42/100 tox|[from] Stealth Rock
|-item|p2a: Excadrill|Air Balloon
|
|-damage|p2a: Excadrill|36/100 tox|[from] psn
|upkeep
|turn|34
|
|t:|1776104790
|switch|p2a: Moltres|Moltres|80/100
|cant|p1a: Dondozo|slp
|move|p1a: Dondozo|Sleep Talk|p1a: Dondozo
|move|p1a: Dondozo|Curse|p1a: Dondozo|[from] move: Sleep Talk
|-unboost|p1a: Dondozo|spe|1
|-boost|p1a: Dondozo|atk|1
|-boost|p1a: Dondozo|def|1
|
|upkeep
|turn|35
|
|t:|1776104793
|move|p2a: Moltres|U-turn|p1a: Dondozo
|-damage|p1a: Dondozo|90/100 slp
|
|t:|1776104797
|switch|p2a: Hydrapple|Hydrapple, M|100/100 tox|[from] U-turn
|cant|p1a: Dondozo|slp
|move|p1a: Dondozo|Sleep Talk|p1a: Dondozo
|move|p1a: Dondozo|Curse|p1a: Dondozo|[from] move: Sleep Talk
|-unboost|p1a: Dondozo|spe|1
|-boost|p1a: Dondozo|atk|1
|-boost|p1a: Dondozo|def|1
|
|-damage|p2a: Hydrapple|94/100 tox|[from] psn
|upkeep
|turn|36
|
|t:|1776104801
|switch|p2a: Moltres|Moltres|80/100
|switch|p1a: Blissey|Blissey, F|64/100
|
|-heal|p1a: Blissey|70/100|[from] item: Leftovers
|upkeep
|turn|37
|
|t:|1776104809
|move|p1a: Blissey|Soft-Boiled|p1a: Blissey
|-heal|p1a: Blissey|100/100
|move|p2a: Moltres|Roar|p1a: Blissey
|drag|p1a: Corviknight|Corviknight, M|59/100
|-ability|p1a: Corviknight|Pressure
|
|upkeep
|turn|38
|c|☆thebambi1234|keep roaring lmao
|c|☆thebambi1234|itll do something eventually
|
|t:|1776104833
|switch|p1a: Dondozo|Dondozo, M|90/100 slp
|move|p2a: Moltres|Flamethrower|p1a: Dondozo
|-resisted|p1a: Dondozo
|-damage|p1a: Dondozo|73/100 slp
|
|upkeep
|turn|39
|
|t:|1776104840
|move|p2a: Moltres|Roost|p2a: Moltres
|-heal|p2a: Moltres|100/100
|-singleturn|p2a: Moltres|move: Roost
|-curestatus|p1a: Dondozo|slp|[msg]
|move|p1a: Dondozo|Body Press|p2a: Moltres
|-damage|p2a: Moltres|81/100
|
|upkeep
|turn|40
|
|t:|1776104844
|move|p2a: Moltres|Roost|p2a: Moltres
|-heal|p2a: Moltres|100/100
|-singleturn|p2a: Moltres|move: Roost
|move|p1a: Dondozo|Body Press|p2a: Moltres
|-damage|p2a: Moltres|80/100
|
|upkeep
|turn|41
|
|t:|1776104848
|move|p2a: Moltres|Roost|p2a: Moltres
|-heal|p2a: Moltres|100/100
|-singleturn|p2a: Moltres|move: Roost
|move|p1a: Dondozo|Body Press|p2a: Moltres
|-damage|p2a: Moltres|81/100
|
|upkeep
|turn|42
|
|t:|1776104852
|move|p2a: Moltres|Roost|p2a: Moltres
|-heal|p2a: Moltres|100/100
|-singleturn|p2a: Moltres|move: Roost
|move|p1a: Dondozo|Body Press|p2a: Moltres
|-damage|p2a: Moltres|80/100
|-status|p1a: Dondozo|brn|[from] ability: Flame Body|[of] p2a: Moltres
|
|-damage|p1a: Dondozo|67/100 brn|[from] brn
|upkeep
|turn|43
|
|t:|1776104855
|move|p2a: Moltres|Roost|p2a: Moltres
|-heal|p2a: Moltres|100/100
|-singleturn|p2a: Moltres|move: Roost
|move|p1a: Dondozo|Rest|p1a: Dondozo
|-status|p1a: Dondozo|slp|[from] move: Rest
|-heal|p1a: Dondozo|100/100 slp|[silent]
|
|upkeep
|turn|44
|
|t:|1776104859
|move|p2a: Moltres|Flamethrower|p1a: Dondozo
|-resisted|p1a: Dondozo
|-damage|p1a: Dondozo|84/100 slp
|cant|p1a: Dondozo|slp
|move|p1a: Dondozo|Sleep Talk|p1a: Dondozo
|move|p1a: Dondozo|Rest||[from] move: Sleep Talk|[still]
|-fail|p1a: Dondozo
|
|upkeep
|turn|45
|
|t:|1776104862
|move|p2a: Moltres|U-turn|p1a: Dondozo
|-damage|p1a: Dondozo|77/100 slp
|
|t:|1776104866
|switch|p2a: Hydrapple|Hydrapple, M|100/100 tox|[from] U-turn
|cant|p1a: Dondozo|slp
|move|p1a: Dondozo|Sleep Talk|p1a: Dondozo
|move|p1a: Dondozo|Body Press|p2a: Hydrapple|[from] move: Sleep Talk
|-damage|p2a: Hydrapple|84/100 tox
|
|-damage|p2a: Hydrapple|78/100 tox|[from] psn
|upkeep
|turn|46
|
|t:|1776104870
|switch|p2a: Moltres|Moltres|100/100
|switch|p1a: Blissey|Blissey, F|100/100
|
|upkeep
|turn|47
|
|t:|1776104873
|move|p2a: Moltres|U-turn|p1a: Blissey
|-damage|p1a: Blissey|72/100
|
|t:|1776104877
|switch|p2a: Hydrapple|Hydrapple, M|100/100 tox|[from] U-turn
|move|p1a: Blissey|Seismic Toss|p2a: Hydrapple
|-damage|p2a: Hydrapple|76/100 tox
|
|-heal|p1a: Blissey|78/100|[from] item: Leftovers
|-damage|p2a: Hydrapple|70/100 tox|[from] psn
|upkeep
|turn|48
|
|t:|1776104880
|switch|p2a: Moltres|Moltres|100/100
|move|p1a: Blissey|Seismic Toss|p2a: Moltres
|-damage|p2a: Moltres|74/100
|
|-heal|p1a: Blissey|84/100|[from] item: Leftovers
|upkeep
|turn|49
|
|t:|1776104884
|move|p1a: Blissey|Seismic Toss|p2a: Moltres
|-damage|p2a: Moltres|48/100
|-status|p1a: Blissey|brn|[from] ability: Flame Body|[of] p2a: Moltres
|move|p2a: Moltres|Roar|p1a: Blissey
|-curestatus|p1a: Blissey|brn|[from] ability: Natural Cure
|drag|p1a: Dondozo|Dondozo, M|77/100 slp
|
|upkeep
|turn|50
|
|t:|1776104888
|move|p2a: Moltres|Roost|p2a: Moltres
|-heal|p2a: Moltres|98/100
|-singleturn|p2a: Moltres|move: Roost
|-curestatus|p1a: Dondozo|slp|[msg]
|move|p1a: Dondozo|Body Press|p2a: Moltres
|-damage|p2a: Moltres|79/100
|
|upkeep
|turn|51
|
|t:|1776104894
|move|p1a: Dondozo|Body Press|p2a: Moltres
|-resisted|p2a: Moltres
|-crit|p2a: Moltres
|-damage|p2a: Moltres|64/100
|-status|p1a: Dondozo|brn|[from] ability: Flame Body|[of] p2a: Moltres
|move|p2a: Moltres|Roar|p1a: Dondozo
|drag|p1a: Clefable|Clefable, M|29/100
|
|upkeep
|turn|52
|
|t:|1776104901
|switch|p1a: Dondozo|Dondozo, M|77/100 brn
|move|p2a: Moltres|Roar|p1a: Dondozo
|drag|p1a: Clefable|Clefable, M|29/100
|
|upkeep
|turn|53
|
|t:|1776104908
|move|p1a: Clefable|Moonblast|p2a: Moltres
|-resisted|p2a: Moltres
|-damage|p2a: Moltres|48/100
|-unboost|p2a: Moltres|spa|1
|move|p2a: Moltres|Roar|p1a: Clefable
|drag|p1a: Corviknight|Corviknight, M|59/100
|-ability|p1a: Corviknight|Pressure
|
|upkeep
|turn|54
|
|t:|1776104915
|switch|p1a: Dondozo|Dondozo, M|77/100 brn
|move|p2a: Moltres|Roar|p1a: Dondozo
|drag|p1a: Corviknight|Corviknight, M|59/100
|-ability|p1a: Corviknight|Pressure
|
|upkeep
|turn|55
|
|t:|1776104921
|switch|p1a: Dondozo|Dondozo, M|77/100 brn
|move|p2a: Moltres|Flamethrower|p1a: Dondozo
|-resisted|p1a: Dondozo
|-damage|p1a: Dondozo|61/100 brn
|
|-damage|p1a: Dondozo|55/100 brn|[from] brn
|upkeep
|turn|56
|
|t:|1776104925
|move|p2a: Moltres|Flamethrower|p1a: Dondozo
|-resisted|p1a: Dondozo
|-damage|p1a: Dondozo|37/100 brn
|move|p1a: Dondozo|Rest|p1a: Dondozo
|-status|p1a: Dondozo|slp|[from] move: Rest
|-heal|p1a: Dondozo|100/100 slp|[silent]
|
|upkeep
|turn|57
|
|t:|1776104928
|move|p2a: Moltres|Flamethrower|p1a: Dondozo
|-resisted|p1a: Dondozo
|-crit|p1a: Dondozo
|-damage|p1a: Dondozo|75/100 slp
|cant|p1a: Dondozo|slp
|move|p1a: Dondozo|Sleep Talk|p1a: Dondozo
|move|p1a: Dondozo|Rest||[from] move: Sleep Talk|[still]
|-fail|p1a: Dondozo
|
|upkeep
|turn|58
|
|t:|1776104932
|move|p2a: Moltres|U-turn|p1a: Dondozo
|-damage|p1a: Dondozo|69/100 slp
|
|t:|1776104935
|switch|p2a: Hydrapple|Hydrapple, M|100/100 tox|[from] U-turn
|cant|p1a: Dondozo|slp
|move|p1a: Dondozo|Sleep Talk|p1a: Dondozo
|move|p1a: Dondozo|Body Press|p2a: Hydrapple|[from] move: Sleep Talk
|-damage|p2a: Hydrapple|83/100 tox
|
|-damage|p2a: Hydrapple|77/100 tox|[from] psn
|upkeep
|turn|59
|
|t:|1776104939
|switch|p2a: Moltres|Moltres|48/100
|switch|p1a: Blissey|Blissey, F|84/100
|
|-heal|p1a: Blissey|90/100|[from] item: Leftovers
|upkeep
|turn|60
|
|t:|1776104942
|move|p2a: Moltres|U-turn|p1a: Blissey
|-damage|p1a: Blissey|60/100
|
|t:|1776104946
|switch|p2a: Excadrill|Excadrill, F|36/100 tox|[from] U-turn
|-damage|p2a: Excadrill|33/100 tox|[from] Stealth Rock
|-item|p2a: Excadrill|Air Balloon
|move|p1a: Blissey|Seismic Toss|p2a: Excadrill
|-damage|p2a: Excadrill|5/100 tox
|-enditem|p2a: Excadrill|Air Balloon
|
|-heal|p1a: Blissey|66/100|[from] item: Leftovers
|-damage|p2a: Excadrill|0 fnt|[from] psn
|faint|p2a: Excadrill
|upkeep
|
|t:|1776104949
|switch|p2a: Moltres|Moltres|48/100
|turn|61
|
|t:|1776104953
|move|p1a: Blissey|Soft-Boiled|p1a: Blissey
|-heal|p1a: Blissey|100/100
|move|p2a: Moltres|Roar|p1a: Blissey
|drag|p1a: Clefable|Clefable, M|29/100
|
|upkeep
|turn|62
|
|t:|1776104960
|move|p1a: Clefable|Moonblast|p2a: Moltres
|-resisted|p2a: Moltres
|-damage|p2a: Moltres|32/100
|move|p2a: Moltres|Roar|p1a: Clefable
|drag|p1a: Dondozo|Dondozo, M|69/100 slp
|
|upkeep
|turn|63
|
|t:|1776104963
|move|p2a: Moltres|U-turn|p1a: Dondozo
|-damage|p1a: Dondozo|63/100 slp
|
|t:|1776104967
|switch|p2a: Hydrapple|Hydrapple, M|100/100 tox|[from] U-turn
|-curestatus|p1a: Dondozo|slp|[msg]
|move|p1a: Dondozo|Body Press|p2a: Hydrapple
|-damage|p2a: Hydrapple|84/100 tox
|
|-damage|p2a: Hydrapple|78/100 tox|[from] psn
|upkeep
|turn|64
|
|t:|1776104970
|switch|p2a: Moltres|Moltres|32/100
|switch|p1a: Blissey|Blissey, F|100/100
|
|upkeep
|turn|65
|
|t:|1776104974
|move|p1a: Blissey|Seismic Toss|p2a: Moltres
|-damage|p2a: Moltres|6/100
|-status|p1a: Blissey|brn|[from] ability: Flame Body|[of] p2a: Moltres
|move|p2a: Moltres|Roar|p1a: Blissey
|-curestatus|p1a: Blissey|brn|[from] ability: Natural Cure
|drag|p1a: Dondozo|Dondozo, M|63/100
|
|upkeep
|turn|66
|
|t:|1776104978
|switch|p2a: Hydrapple|Hydrapple, M|100/100 tox
|move|p1a: Dondozo|Body Press|p2a: Hydrapple
|-damage|p2a: Hydrapple|85/100 tox
|
|-damage|p2a: Hydrapple|79/100 tox|[from] psn
|upkeep
|turn|67
|
|t:|1776104982
|switch|p1a: Blissey|Blissey, F|100/100
|-terastallize|p2a: Hydrapple|Poison
|move|p2a: Hydrapple|Giga Drain|p1a: Blissey
|-damage|p1a: Blissey|92/100
|-heal|p2a: Hydrapple|86/100 tox|[from] drain|[of] p1a: Blissey
|
|-heal|p1a: Blissey|98/100|[from] item: Leftovers
|-damage|p2a: Hydrapple|74/100 tox|[from] psn
|upkeep
|turn|68
|c|☆thebambi1234|what are you trying to do here
|
|t:|1776104989
|switch|p2a: Moltres|Moltres|6/100
|move|p1a: Blissey|Seismic Toss|p2a: Moltres
|-damage|p2a: Moltres|0 fnt
|-status|p1a: Blissey|brn|[from] ability: Flame Body|[of] p2a: Moltres
|faint|p2a: Moltres
|
|-heal|p1a: Blissey|100/100 brn|[from] item: Leftovers
|-damage|p1a: Blissey|94/100 brn|[from] brn
|upkeep
|
|t:|1776104992
|switch|p2a: Hydrapple|Hydrapple, M, tera:Poison|100/100 tox
|turn|69
|
|t:|1776104996
|move|p1a: Blissey|Seismic Toss|p2a: Hydrapple
|-damage|p2a: Hydrapple|76/100 tox
|move|p2a: Hydrapple|Fickle Beam|p1a: Blissey
|-damage|p1a: Blissey|84/100 brn
|
|-heal|p1a: Blissey|90/100 brn|[from] item: Leftovers
|-damage|p2a: Hydrapple|70/100 tox|[from] psn
|-damage|p1a: Blissey|84/100 brn|[from] brn
|upkeep
|turn|70
|
|t:|1776105000
|move|p1a: Blissey|Seismic Toss|p2a: Hydrapple
|-damage|p2a: Hydrapple|45/100 tox
|move|p2a: Hydrapple|Earth Power|p1a: Blissey
|-damage|p1a: Blissey|76/100 brn
|
|-heal|p1a: Blissey|82/100 brn|[from] item: Leftovers
|-damage|p2a: Hydrapple|33/100 tox|[from] psn
|-damage|p1a: Blissey|76/100 brn|[from] brn
|upkeep
|turn|71
|
|t:|1776105003
|move|p1a: Blissey|Seismic Toss|p2a: Hydrapple
|-damage|p2a: Hydrapple|8/100 tox
|move|p2a: Hydrapple|Nasty Plot|p2a: Hydrapple
|-boost|p2a: Hydrapple|spa|2
|
|-heal|p1a: Blissey|82/100 brn|[from] item: Leftovers
|-damage|p2a: Hydrapple|0 fnt|[from] psn
|faint|p2a: Hydrapple
|
|win|thebambi1234
|raw|thebambi1234's rating: 1593 &rarr; <strong>1620</strong><br />(+27 for winning)
|raw|Blastoise_Choice's rating: 1725 &rarr; <strong>1698</strong><br />(-27 for losing)
|c|☆Blastoise_Choice|gg
