|html|<div class="broadcast-blue"><strong>[Gen 9] OU is currently suspecting Tera Blast! For information on how to participate check out the <a href="https://www.smogon.com/tools/suspects/view/200">suspect thread</a>.</strong></div>
|j|☆SuperSpicyRamen
|j|☆TRYN1TY
|t:|1776135559
|gametype|singles
|player|p1|SuperSpicyRamen|colress|1107
|player|p2|TRYN1TY|n|1041
|gen|9
|tier|[Gen 9] OU
|rated|
|rule|HP Percentage Mod: HP is shown in percentages
|rule|Endless Battle Clause: Forcing endless battles is banned
|rule|Species Clause: Limit one of each Pokémon
|rule|OHKO Clause: OHKO moves are banned
|rule|Evasion Items Clause: Evasion items are banned
|rule|Evasion Moves Clause: Evasion moves are banned
|rule|Evasion Abilities Clause: Evasion abilities are banned
|rule|Sleep Moves Clause: Sleep-inducing moves are banned
|clearpoke
|poke|p1|Torkoal, F|
|poke|p1|Rotom-Wash|
|poke|p1|Delphox, F|
|poke|p1|Lilligant-Hisui, F|
|poke|p1|Garganacl, M|
|poke|p1|Mienshao, M|
|poke|p2|Toxtricity, M|
|poke|p2|Primarina, F|
|poke|p2|Iron Moth|
|poke|p2|Corviknight, M|
|poke|p2|Iron Jugulis|
|poke|p2|Iron Valiant|
|teampreview
|inactive|Battle timer is ON: inactive players will automatically lose when time's up. (requested by SuperSpicyRamen)
|
|t:|1776135590
|teamsize|p1|6
|teamsize|p2|6
|start
|switch|p1a: Rotom|Rotom-Wash|100/100
|switch|p2a: Iron Jugulis|Iron Jugulis, shiny|100/100
|-enditem|p2a: Iron Jugulis|Booster Energy
|-activate|p2a: Iron Jugulis|ability: Quark Drive|[fromitem]
|-start|p2a: Iron Jugulis|quarkdrivespa
|turn|1
|
|t:|1776135614
|-end|p2a: Iron Jugulis|Quark Drive|[silent]
|switch|p2a: Corviknight|Corviknight, M|100/100
|-ability|p2a: Corviknight|Pressure
|move|p1a: Rotom|Thunder Wave|p2a: Corviknight
|-status|p2a: Corviknight|par
|
|upkeep
|turn|2
|
|t:|1776135630
|move|p1a: Rotom|Volt Switch|p2a: Corviknight
|-supereffective|p2a: Corviknight
|-damage|p2a: Corviknight|51/100 par
|
|t:|1776135644
|switch|p1a: Torkoal|Torkoal, F|100/100|[from] Volt Switch
|-weather|SunnyDay|[from] ability: Drought|[of] p1a: Torkoal
|move|p2a: Corviknight|Body Press|p1a: Torkoal
|-damage|p1a: Torkoal|87/100
|
|-weather|SunnyDay|[upkeep]
|-heal|p2a: Corviknight|57/100 par|[from] item: Leftovers
|upkeep
|turn|3
|
|t:|1776135656
|move|p2a: Corviknight|U-turn|p1a: Torkoal
|-resisted|p1a: Torkoal
|-crit|p1a: Torkoal
|-damage|p1a: Torkoal|82/100
|
|t:|1776135661
|switch|p2a: Primarina|Primarina, F|100/100|[from] U-turn
|move|p1a: Torkoal|Shell Smash|p1a: Torkoal
|-unboost|p1a: Torkoal|def|1
|-unboost|p1a: Torkoal|spd|1
|-boost|p1a: Torkoal|atk|2
|-boost|p1a: Torkoal|spa|2
|-boost|p1a: Torkoal|spe|2
|-enditem|p1a: Torkoal|Eject Pack
|
|t:|1776135669
|switch|p1a: Delphox|Delphox, F|100/100
|
|-weather|SunnyDay|[upkeep]
|upkeep
|turn|4
|
|t:|1776135684
|-terastallize|p1a: Delphox|Psychic
|move|p1a: Delphox|Copycat|p1a: Delphox
|move|p1a: Delphox|Shell Smash|p1a: Delphox|[from] move: Copycat
|-unboost|p1a: Delphox|def|1
|-unboost|p1a: Delphox|spd|1
|-boost|p1a: Delphox|atk|2
|-boost|p1a: Delphox|spa|2
|-boost|p1a: Delphox|spe|2
|-enditem|p1a: Delphox|White Herb
|-clearnegativeboost|p1a: Delphox|[silent]
|move|p2a: Primarina|Surf|p1a: Delphox
|-damage|p1a: Delphox|69/100
|
|-weather|SunnyDay|[upkeep]
|upkeep
|turn|5
|
|t:|1776135706
|move|p1a: Delphox|Stored Power|p2a: Primarina
|-damage|p2a: Primarina|0 fnt
|faint|p2a: Primarina
|-item|p1a: Delphox|Assault Vest|[from] ability: Magician|[of] p2: Primarina
|
|-weather|SunnyDay|[upkeep]
|upkeep
|inactive|TRYN1TY has 120 seconds left.
|
|t:|1776135719
|switch|p2a: Iron Valiant|Iron Valiant|100/100
|-enditem|p2a: Iron Valiant|Booster Energy
|-activate|p2a: Iron Valiant|ability: Quark Drive|[fromitem]
|-start|p2a: Iron Valiant|quarkdriveatk
|turn|6
|inactive|TRYN1TY has 120 seconds left.
|
|t:|1776135736
|-terastallize|p2a: Iron Valiant|Water
|move|p1a: Delphox|Stored Power|p2a: Iron Valiant
|-damage|p2a: Iron Valiant|0 fnt
|faint|p2a: Iron Valiant
|-end|p2a: Iron Valiant|Quark Drive|[silent]
|
|-weather|none
|upkeep
|
|t:|1776135745
|switch|p2a: Iron Jugulis|Iron Jugulis, shiny|100/100
|turn|7
|
|t:|1776135750
|move|p1a: Delphox|Flamethrower|p2a: Iron Jugulis
|-damage|p2a: Iron Jugulis|0 fnt
|faint|p2a: Iron Jugulis
|-end|p2a: Iron Jugulis|Quark Drive|[silent]
|
|upkeep
|inactive|TRYN1TY has 120 seconds left.
|
|t:|1776135761
|switch|p2a: Iron Moth|Iron Moth, shiny|100/100
|-enditem|p2a: Iron Moth|Booster Energy
|-activate|p2a: Iron Moth|ability: Quark Drive|[fromitem]
|-start|p2a: Iron Moth|quarkdrivespa
|turn|8
|
|t:|1776135770
|move|p1a: Delphox|Stored Power|p2a: Iron Moth
|-supereffective|p2a: Iron Moth
|-damage|p2a: Iron Moth|0 fnt
|faint|p2a: Iron Moth
|-end|p2a: Iron Moth|Quark Drive|[silent]
|
|upkeep
|
|t:|1776135776
|switch|p2a: Toxtricity|Toxtricity, M|100/100
|turn|9
|
|t:|1776135784
|move|p1a: Delphox|Stored Power|p2a: Toxtricity
|-supereffective|p2a: Toxtricity
|-damage|p2a: Toxtricity|0 fnt
|faint|p2a: Toxtricity
|
|upkeep
|c|☆SuperSpicyRamen|gg
|
|t:|1776135790
|switch|p2a: Corviknight|Corviknight, M|57/100 par
|-ability|p2a: Corviknight|Pressure
|turn|10
|
|t:|1776135794
|move|p1a: Delphox|Flamethrower|p2a: Corviknight
|-supereffective|p2a: Corviknight
|-crit|p2a: Corviknight
|-damage|p2a: Corviknight|0 fnt
|faint|p2a: Corviknight
|
|win|SuperSpicyRamen
|raw|SuperSpicyRamen's rating: 1107 &rarr; <strong>1127</strong><br />(+20 for winning)
|raw|TRYN1TY's rating: 1041 &rarr; <strong>1028</strong><br />(-13 for losing)
|l|☆TRYN1TY
|player|p2|
