|html|<div class="broadcast-blue"><strong>[Gen 9] OU is currently suspecting Volcarona! For information on how to participate check out the <a href="https://www.smogon.com/tools/suspects/view/208">suspect thread</a>.</strong></div>
|j|☆diddlediddle
|j|☆eggs max
|t:|1778498139
|gametype|singles
|player|p1|diddlediddle|swimmerf|1195
|player|p2|eggs max|veteran|1267
|gen|9
|tier|[Gen 9] OU
|rated|
|rule|HP Percentage Mod: HP is shown in percentages
|rule|Endless Battle Clause: Forcing endless battles is banned
|rule|Species Clause: Limit one of each Pokémon
|rule|OHKO Clause: OHKO moves are banned
|rule|Evasion Items Clause: Evasion items are banned
|rule|Evasion Moves Clause: Evasion moves are banned
|rule|Evasion Abilities Clause: Evasion abilities are banned
|rule|Sleep Moves Clause: Sleep-inducing moves are banned
|clearpoke
|poke|p1|Cacturne, M|
|poke|p1|Sandy Shocks|
|poke|p1|Hawlucha, M|
|poke|p1|Zoroark-Hisui, F|
|poke|p1|Heatran, F|
|poke|p1|Maushold-Four|
|poke|p2|Hoopa-Unbound|
|poke|p2|Great Tusk|
|poke|p2|Cinderace, F|
|poke|p2|Ogerpon-Wellspring, F|
|poke|p2|Dragapult, F|
|poke|p2|Iron Moth|
|teampreview
|
|t:|1778498147
|teamsize|p1|6
|teamsize|p2|6
|start
|switch|p1a: Heatran|Heatran, F|100/100
|switch|p2a: Great Tusk|Great Tusk|100/100
|-enditem|p2a: Great Tusk|Booster Energy
|-activate|p2a: Great Tusk|ability: Protosynthesis|[fromitem]
|-start|p2a: Great Tusk|protosynthesisatk
|turn|1
|inactive|Battle timer is ON: inactive players will automatically lose when time's up. (requested by diddlediddle)
|
|t:|1778498165
|move|p1a: Heatran|Bitter Malice|p2a: Great Tusk
|-damage|p2a: Great Tusk|0 fnt
|faint|p2a: Great Tusk
|-end|p2a: Great Tusk|Protosynthesis|[silent]
|
|upkeep
|
|t:|1778498177
|switch|p2a: Cinderace|Cinderace, F|100/100
|turn|2
|
|t:|1778498183
|switch|p1a: Heatran|Heatran, F|100/100
|move|p2a: Cinderace|Pyro Ball|p1a: Heatran
|-start|p1a: Heatran|ability: Flash Fire
|
|upkeep
|turn|3
|
|t:|1778498197
|switch|p2a: Ogerpon|Ogerpon-Wellspring, F|100/100
|-terastallize|p1a: Heatran|Flying
|move|p1a: Heatran|Earth Power|p2a: Ogerpon
|-resisted|p2a: Ogerpon
|-damage|p2a: Ogerpon|69/100
|
|upkeep
|turn|4
|
|t:|1778498214
|-end|p1a: Heatran|ability: Flash Fire|[silent]
|switch|p1a: Cacturne|Cacturne, M|100/100
|-terastallize|p2a: Ogerpon|Water
|detailschange|p2a: Ogerpon|Ogerpon-Wellspring-Tera, F, tera:Water
|-ability|p2a: Ogerpon|Embody Aspect (Wellspring)|boost
|-boost|p2a: Ogerpon|spd|1
|move|p2a: Ogerpon|Ivy Cudgel|p1a: Cacturne|[anim] Ivy Cudgel Water
|-immune|p1a: Cacturne|[from] ability: Water Absorb
|
|upkeep
|turn|5
|
|t:|1778498225
|move|p2a: Ogerpon|Play Rough|p1a: Cacturne
|-supereffective|p1a: Cacturne
|-enditem|p1a: Cacturne|Focus Sash
|-damage|p1a: Cacturne|1/100
|move|p1a: Cacturne|Swords Dance|p1a: Cacturne
|-boost|p1a: Cacturne|atk|2
|
|upkeep
|turn|6
|
|t:|1778498235
|move|p1a: Cacturne|Sucker Punch|p2a: Ogerpon
|-damage|p2a: Ogerpon|0 fnt
|faint|p2a: Ogerpon
|detailschange|p2: Ogerpon|Ogerpon-Wellspring, F|[silent]
|
|upkeep
|
|t:|1778498241
|switch|p2a: Cinderace|Cinderace, F|100/100
|turn|7
|
|t:|1778498248
|move|p1a: Cacturne|Sucker Punch|p2a: Cinderace
|-damage|p2a: Cinderace|0 fnt
|faint|p2a: Cinderace
|
|upkeep
|
|t:|1778498254
|switch|p2a: Iron Moth|Iron Moth|100/100
|-enditem|p2a: Iron Moth|Booster Energy
|-activate|p2a: Iron Moth|ability: Quark Drive|[fromitem]
|-start|p2a: Iron Moth|quarkdrivespa
|turn|8
|
|t:|1778498260
|move|p1a: Cacturne|Sucker Punch|p2a: Iron Moth
|-damage|p2a: Iron Moth|0 fnt
|faint|p2a: Iron Moth
|-end|p2a: Iron Moth|Quark Drive|[silent]
|
|upkeep
|
|t:|1778498267
|switch|p2a: Hoopa|Hoopa-Unbound|100/100
|turn|9
|c|☆diddlediddle|No one expects the cactus
|
|t:|1778498273
|move|p2a: Hoopa|Drain Punch|p1a: Cacturne
|-supereffective|p1a: Cacturne
|-damage|p1a: Cacturne|0 fnt
|faint|p1a: Cacturne
|
|upkeep
|
|t:|1778498287
|switch|p1a: Heatran|Heatran, F|100/100
|-start|p1a: Heatran|typechange|Flying|[silent]
|turn|10
|
|t:|1778498291
|switch|p2a: Dragapult|Dragapult, F|100/100
|move|p1a: Heatran|Trick|p2a: Dragapult
|-activate|p1a: Heatran|move: Trick|[of] p2a: Dragapult
|-item|p2a: Dragapult|Choice Specs|[from] move: Trick
|-item|p1a: Heatran|Choice Specs|[from] move: Trick
|
|upkeep
|turn|11
|
|t:|1778498304
|move|p2a: Dragapult|Thunderbolt|p1a: Heatran
|-damage|p1a: Heatran|12/100
|replace|p1a: Zoroark|Zoroark-Hisui, F
|-end|p1a: Zoroark|Illusion
|move|p1a: Zoroark|Bitter Malice|p2a: Dragapult
|-supereffective|p2a: Dragapult
|-damage|p2a: Dragapult|0 fnt
|faint|p2a: Dragapult
|
|upkeep
|
|t:|1778498317
|switch|p2a: Hoopa|Hoopa-Unbound|100/100
|turn|12
|
|t:|1778498321
|move|p2a: Hoopa|Knock Off|p1a: Zoroark
|-supereffective|p1a: Zoroark
|-damage|p1a: Zoroark|0 fnt
|-enditem|p1a: Zoroark|Choice Specs|[from] move: Knock Off|[of] p2a: Hoopa
|faint|p1a: Zoroark
|
|upkeep
|
|t:|1778498332
|switch|p1a: Maushold|Maushold-Four|100/100
|turn|13
|
|t:|1778498336
|move|p2a: Hoopa|Knock Off|p1a: Maushold
|-damage|p1a: Maushold|9/100
|-enditem|p1a: Maushold|Wide Lens|[from] move: Knock Off|[of] p2a: Hoopa
|move|p1a: Maushold|Population Bomb|p2a: Hoopa
|-damage|p2a: Hoopa|81/100
|-damage|p2a: Hoopa|62/100
|-damage|p2a: Hoopa|43/100
|-damage|p2a: Hoopa|23/100
|-damage|p2a: Hoopa|4/100
|-damage|p2a: Hoopa|0 fnt
|faint|p2a: Hoopa
|-hitcount|p2: Hoopa|6
|
|win|diddlediddle
|raw|diddlediddle's rating: 1195 &rarr; <strong>1225</strong><br />(+30 for winning)
|raw|eggs max's rating: 1267 &rarr; <strong>1237</strong><br />(-30 for losing)
|l|☆eggs max
|player|p2|
|l|☆diddlediddle
|player|p1|
