|html|<div class="broadcast-blue"><strong>[Gen 9] OU is currently suspecting Tera Blast! For information on how to participate check out the <a href="https://www.smogon.com/tools/suspects/view/200">suspect thread</a>.</strong></div>
|j|☆jakepauler1
|j|☆kopv18
|t:|1776274646
|gametype|singles
|player|p1|jakepauler1|giovanni|1455
|player|p2|kopv18|bugcatcher-gen4dp|1475
|gen|9
|tier|[Gen 9] OU
|rated|
|rule|HP Percentage Mod: HP is shown in percentages
|rule|Endless Battle Clause: Forcing endless battles is banned
|rule|Species Clause: Limit one of each Pokémon
|rule|OHKO Clause: OHKO moves are banned
|rule|Evasion Items Clause: Evasion items are banned
|rule|Evasion Moves Clause: Evasion moves are banned
|rule|Evasion Abilities Clause: Evasion abilities are banned
|rule|Sleep Moves Clause: Sleep-inducing moves are banned
|clearpoke
|poke|p1|Iron Moth|
|poke|p1|Gliscor, F|
|poke|p1|Hatterene, F|
|poke|p1|Ogerpon-Wellspring, F|
|poke|p1|Raging Bolt|
|poke|p1|Zamazenta-*|
|poke|p2|Tyranitar, F|
|poke|p2|Chimecho, M|
|poke|p2|Excadrill, M|
|poke|p2|Hydrapple, F|
|poke|p2|Zamazenta-*|
|poke|p2|Heatran, M|
|teampreview
|inactive|Battle timer is ON: inactive players will automatically lose when time's up. (requested by jakepauler1)
|
|t:|1776274685
|teamsize|p1|6
|teamsize|p2|6
|start
|switch|p1a: Neckquisha|Raging Bolt|100/100
|switch|p2a: Tyranitar|Tyranitar, F|100/100
|-weather|Sandstorm|[from] ability: Sand Stream|[of] p2a: Tyranitar
|-enditem|p1a: Neckquisha|Booster Energy
|-activate|p1a: Neckquisha|ability: Protosynthesis|[fromitem]
|-start|p1a: Neckquisha|protosynthesisspa
|turn|1
|
|t:|1776274713
|move|p1a: Neckquisha|Dragon Pulse|p2a: Tyranitar
|-damage|p2a: Tyranitar|55/100
|move|p2a: Tyranitar|Stone Edge|p1a: Neckquisha
|-damage|p1a: Neckquisha|24/100
|
|-weather|Sandstorm|[upkeep]
|-damage|p1a: Neckquisha|17/100|[from] Sandstorm
|upkeep
|turn|2
|
|t:|1776274719
|switch|p2a: Excadrill|Excadrill, M|100/100
|move|p1a: Neckquisha|Dragon Pulse|p2a: Excadrill
|-resisted|p2a: Excadrill
|-damage|p2a: Excadrill|58/100
|
|-weather|Sandstorm|[upkeep]
|-damage|p1a: Neckquisha|11/100|[from] Sandstorm
|-heal|p2a: Excadrill|64/100|[from] item: Leftovers
|upkeep
|turn|3
|
|t:|1776274730
|move|p2a: Excadrill|Rapid Spin|p1a: Neckquisha
|-damage|p1a: Neckquisha|0 fnt
|-boost|p2a: Excadrill|spe|1
|faint|p1a: Neckquisha
|-end|p1a: Neckquisha|Protosynthesis|[silent]
|
|-weather|Sandstorm|[upkeep]
|-heal|p2a: Excadrill|71/100|[from] item: Leftovers
|upkeep
|
|t:|1776274734
|switch|p1a: chadwick|Ogerpon-Wellspring, F|100/100
|turn|4
|
|t:|1776274737
|switch|p2a: Hydrapple|Hydrapple, F|100/100
|move|p1a: chadwick|Trailblaze|p2a: Hydrapple
|-resisted|p2a: Hydrapple
|-damage|p2a: Hydrapple|96/100
|-boost|p1a: chadwick|spe|1
|
|-weather|Sandstorm|[upkeep]
|-damage|p1a: chadwick|95/100|[from] Sandstorm
|-damage|p2a: Hydrapple|90/100|[from] Sandstorm
|upkeep
|turn|5
|
|t:|1776274748
|switch|p1a: MOTHSEELIGHT|Iron Moth|100/100
|-enditem|p1a: MOTHSEELIGHT|Booster Energy
|-activate|p1a: MOTHSEELIGHT|ability: Quark Drive|[fromitem]
|-start|p1a: MOTHSEELIGHT|quarkdrivespe
|move|p2a: Hydrapple|Giga Drain|p1a: MOTHSEELIGHT
|-resisted|p1a: MOTHSEELIGHT
|-damage|p1a: MOTHSEELIGHT|94/100
|-heal|p2a: Hydrapple|92/100|[from] drain|[of] p1a: MOTHSEELIGHT
|
|-weather|none
|upkeep
|turn|6
|
|t:|1776274759
|switch|p2a: Heatran|Heatran, M|100/100
|move|p1a: MOTHSEELIGHT|Fiery Dance|p2a: Heatran
|-start|p2a: Heatran|ability: Flash Fire
|
|upkeep
|turn|7
|
|t:|1776274765
|move|p1a: MOTHSEELIGHT|Sludge Wave|p2a: Heatran
|-immune|p2a: Heatran
|move|p2a: Heatran|Magma Storm|p1a: MOTHSEELIGHT
|-resisted|p1a: MOTHSEELIGHT
|-damage|p1a: MOTHSEELIGHT|63/100
|-activate|p1a: MOTHSEELIGHT|move: Magma Storm|[of] p2a: Heatran
|
|-damage|p1a: MOTHSEELIGHT|50/100|[from] move: Magma Storm|[partiallytrapped]
|upkeep
|turn|8
|
|t:|1776274769
|move|p2a: Heatran|Stealth Rock|p1a: MOTHSEELIGHT
|-sidestart|p1: jakepauler1|move: Stealth Rock
|move|p1a: MOTHSEELIGHT|Whirlwind|p2a: Heatran
|-end|p2a: Heatran|ability: Flash Fire|[silent]
|drag|p2a: Excadrill|Excadrill, M|71/100
|
|-heal|p2a: Excadrill|77/100|[from] item: Leftovers
|-end|p1a: MOTHSEELIGHT|Magma Storm|[partiallytrapped]|[silent]
|upkeep
|turn|9
|
|t:|1776274775
|switch|p2a: Heatran|Heatran, M|100/100
|move|p1a: MOTHSEELIGHT|Whirlwind|p2a: Heatran
|drag|p2a: Chimecho|Chimecho, M|100/100
|
|upkeep
|turn|10
|
|t:|1776274780
|switch|p2a: Heatran|Heatran, M|100/100
|move|p1a: MOTHSEELIGHT|Toxic Spikes|p2a: Heatran
|-sidestart|p2: kopv18|move: Toxic Spikes
|
|upkeep
|turn|11
|
|t:|1776274787
|move|p1a: MOTHSEELIGHT|Toxic Spikes|p2a: Heatran
|-sidestart|p2: kopv18|move: Toxic Spikes
|move|p2a: Heatran|Earth Power|p1a: MOTHSEELIGHT
|-supereffective|p1a: MOTHSEELIGHT
|-damage|p1a: MOTHSEELIGHT|0 fnt
|faint|p1a: MOTHSEELIGHT
|-end|p1a: MOTHSEELIGHT|Quark Drive|[silent]
|
|upkeep
|
|t:|1776274808
|switch|p1a: purple raymond|Gliscor, F|100/100
|-damage|p1a: purple raymond|88/100|[from] Stealth Rock
|turn|12
|
|t:|1776274822
|move|p1a: purple raymond|Agility|p1a: purple raymond
|-boost|p1a: purple raymond|spe|2
|move|p2a: Heatran|Will-O-Wisp|p1a: purple raymond
|-status|p1a: purple raymond|brn
|
|-damage|p1a: purple raymond|82/100 brn|[from] brn
|upkeep
|turn|13
|
|t:|1776274828
|switch|p2a: Chimecho|Chimecho, M|100/100
|move|p1a: purple raymond|Swords Dance|p1a: purple raymond
|-boost|p1a: purple raymond|atk|2
|
|-damage|p1a: purple raymond|76/100 brn|[from] brn
|upkeep
|turn|14
|
|t:|1776274835
|-terastallize|p1a: purple raymond|Normal
|move|p1a: purple raymond|Facade|p2a: Chimecho
|-damage|p2a: Chimecho|1/100
|-damage|p1a: purple raymond|60/100 brn|[from] item: Rocky Helmet|[of] p2a: Chimecho
|move|p2a: Chimecho|Icy Wind|p1a: purple raymond
|-damage|p1a: purple raymond|43/100 brn
|-unboost|p1a: purple raymond|spe|1
|
|-damage|p1a: purple raymond|37/100 brn|[from] brn
|upkeep
|turn|15
|
|t:|1776274858
|switch|p2a: Tyranitar|Tyranitar, F|55/100
|-status|p2a: Tyranitar|tox
|-weather|Sandstorm|[from] ability: Sand Stream|[of] p2a: Tyranitar
|move|p1a: purple raymond|Agility|p1a: purple raymond
|-boost|p1a: purple raymond|spe|2
|
|-weather|Sandstorm|[upkeep]
|-damage|p1a: purple raymond|31/100 brn|[from] Sandstorm
|-damage|p2a: Tyranitar|49/100 tox|[from] psn
|-damage|p1a: purple raymond|25/100 brn|[from] brn
|upkeep
|turn|16
|
|t:|1776274869
|switch|p2a: Chimecho|Chimecho, M|1/100
|move|p1a: purple raymond|Earthquake|p2a: Chimecho
|-immune|p2a: Chimecho|[from] ability: Levitate
|
|-weather|Sandstorm|[upkeep]
|-damage|p1a: purple raymond|19/100 brn|[from] Sandstorm
|-damage|p2a: Chimecho|0 fnt|[from] Sandstorm
|faint|p2a: Chimecho
|-damage|p1a: purple raymond|13/100 brn|[from] brn
|upkeep
|
|t:|1776274875
|switch|p2a: Excadrill|Excadrill, M|77/100
|turn|17
|
|t:|1776274881
|move|p1a: purple raymond|Earthquake|p2a: Excadrill
|-supereffective|p2a: Excadrill
|-damage|p2a: Excadrill|0 fnt
|faint|p2a: Excadrill
|
|-weather|Sandstorm|[upkeep]
|-damage|p1a: purple raymond|7/100 brn|[from] Sandstorm
|-damage|p1a: purple raymond|1/100 brn|[from] brn
|upkeep
|
|t:|1776274897
|switch|p2a: Tyranitar|Tyranitar, F|49/100 tox
|turn|18
|
|t:|1776274902
|switch|p2a: Hydrapple|Hydrapple, F|100/100
|move|p1a: purple raymond|Earthquake|p2a: Hydrapple
|-resisted|p2a: Hydrapple
|-crit|p2a: Hydrapple
|-damage|p2a: Hydrapple|81/100
|
|-weather|Sandstorm|[upkeep]
|-damage|p1a: purple raymond|0 fnt|[from] Sandstorm
|-damage|p2a: Hydrapple|75/100|[from] Sandstorm
|faint|p1a: purple raymond
|upkeep
|
|t:|1776274918
|switch|p1a: justin waller|Hatterene, F|100/100
|-damage|p1a: justin waller|88/100|[from] Stealth Rock
|turn|19
|
|t:|1776274925
|switch|p2a: Heatran|Heatran, M|100/100
|move|p1a: justin waller|Calm Mind|p1a: justin waller
|-boost|p1a: justin waller|spa|1
|-boost|p1a: justin waller|spd|1
|
|-weather|none
|-heal|p1a: justin waller|94/100|[from] item: Leftovers
|upkeep
|turn|20
|
|t:|1776274931
|move|p2a: Heatran|Magma Storm|p1a: justin waller
|-damage|p1a: justin waller|68/100
|-activate|p1a: justin waller|move: Magma Storm|[of] p2a: Heatran
|move|p1a: justin waller|Calm Mind|p1a: justin waller
|-boost|p1a: justin waller|spa|1
|-boost|p1a: justin waller|spd|1
|
|-heal|p1a: justin waller|74/100|[from] item: Leftovers
|-damage|p1a: justin waller|61/100|[from] move: Magma Storm|[partiallytrapped]
|upkeep
|turn|21
|
|t:|1776274935
|move|p2a: Heatran|Earth Power|p1a: justin waller
|-damage|p1a: justin waller|49/100
|move|p1a: justin waller|Calm Mind|p1a: justin waller
|-boost|p1a: justin waller|spa|1
|-boost|p1a: justin waller|spd|1
|
|-heal|p1a: justin waller|55/100|[from] item: Leftovers
|-damage|p1a: justin waller|43/100|[from] move: Magma Storm|[partiallytrapped]
|upkeep
|turn|22
|
|t:|1776274939
|move|p2a: Heatran|Magma Storm|p1a: justin waller|[miss]
|-miss|p2a: Heatran|p1a: justin waller
|move|p1a: justin waller|Stored Power|p2a: Heatran
|-resisted|p2a: Heatran
|-damage|p2a: Heatran|55/100
|
|-heal|p2a: Heatran|62/100|[from] item: Leftovers
|-heal|p1a: justin waller|49/100|[from] item: Leftovers
|-damage|p1a: justin waller|36/100|[from] move: Magma Storm|[partiallytrapped]
|upkeep
|turn|23
|
|t:|1776274946
|move|p2a: Heatran|Earth Power|p1a: justin waller
|-damage|p1a: justin waller|26/100
|-unboost|p1a: justin waller|spd|1
|move|p1a: justin waller|Stored Power|p2a: Heatran
|-resisted|p2a: Heatran
|-damage|p2a: Heatran|23/100
|
|-heal|p2a: Heatran|29/100|[from] item: Leftovers
|-heal|p1a: justin waller|32/100|[from] item: Leftovers
|-damage|p1a: justin waller|20/100|[from] move: Magma Storm|[partiallytrapped]
|upkeep
|turn|24
|
|t:|1776274954
|move|p2a: Heatran|Magma Storm|p1a: justin waller
|-damage|p1a: justin waller|0 fnt
|faint|p1a: justin waller
|
|-heal|p2a: Heatran|35/100|[from] item: Leftovers
|upkeep
|
|t:|1776274961
|switch|p1a: chadwick|Ogerpon-Wellspring, F|95/100
|-damage|p1a: chadwick|82/100|[from] Stealth Rock
|turn|25
|
|t:|1776274966
|move|p1a: chadwick|Swords Dance|p1a: chadwick
|-boost|p1a: chadwick|atk|2
|move|p2a: Heatran|Magma Storm|p1a: chadwick|[miss]
|-miss|p2a: Heatran|p1a: chadwick
|
|-heal|p2a: Heatran|41/100|[from] item: Leftovers
|upkeep
|turn|26
|
|t:|1776274973
|move|p1a: chadwick|Ivy Cudgel|p2a: Heatran|[anim] Ivy Cudgel Water
|-supereffective|p2a: Heatran
|-damage|p2a: Heatran|0 fnt
|faint|p2a: Heatran
|
|upkeep
|
|t:|1776274982
|switch|p2a: Hydrapple|Hydrapple, F|100/100
|turn|27
|
|t:|1776274990
|switch|p1a: suspicious cabbage|Zamazenta|100/100
|-damage|p1a: suspicious cabbage|94/100|[from] Stealth Rock
|-ability|p1a: suspicious cabbage|Dauntless Shield|boost
|-boost|p1a: suspicious cabbage|def|1
|move|p2a: Hydrapple|Giga Drain|p1a: suspicious cabbage
|-damage|p1a: suspicious cabbage|69/100
|
|upkeep
|turn|28
|
|t:|1776274993
|move|p1a: suspicious cabbage|Light Screen|p1a: suspicious cabbage
|-sidestart|p1: jakepauler1|move: Light Screen
|move|p2a: Hydrapple|Fickle Beam|p1a: suspicious cabbage
|-damage|p1a: suspicious cabbage|57/100
|
|upkeep
|turn|29
|
|t:|1776274998
|move|p1a: suspicious cabbage|Ice Fang|p2a: Hydrapple
|-supereffective|p2a: Hydrapple
|-damage|p2a: Hydrapple|59/100
|move|p2a: Hydrapple|Nasty Plot|p2a: Hydrapple
|-boost|p2a: Hydrapple|spa|2
|
|upkeep
|turn|30
|
|t:|1776275002
|move|p1a: suspicious cabbage|Ice Fang|p2a: Hydrapple
|-supereffective|p2a: Hydrapple
|-damage|p2a: Hydrapple|17/100
|move|p2a: Hydrapple|Giga Drain|p1a: suspicious cabbage
|-damage|p1a: suspicious cabbage|32/100
|-heal|p2a: Hydrapple|28/100|[from] drain|[of] p1a: suspicious cabbage
|
|upkeep
|turn|31
|
|t:|1776275007
|switch|p2a: Tyranitar|Tyranitar, F|49/100 tox
|-weather|Sandstorm|[from] ability: Sand Stream|[of] p2a: Tyranitar
|move|p1a: suspicious cabbage|Ice Fang|p2a: Tyranitar
|-damage|p2a: Tyranitar|33/100 tox
|
|-weather|Sandstorm|[upkeep]
|-damage|p1a: suspicious cabbage|26/100|[from] Sandstorm
|-damage|p2a: Tyranitar|27/100 tox|[from] psn
|upkeep
|turn|32
|
|t:|1776275014
|move|p1a: suspicious cabbage|Close Combat|p2a: Tyranitar
|-supereffective|p2a: Tyranitar
|-damage|p2a: Tyranitar|0 fnt
|-unboost|p1a: suspicious cabbage|def|1
|-unboost|p1a: suspicious cabbage|spd|1
|faint|p2a: Tyranitar
|
|-weather|Sandstorm|[upkeep]
|-damage|p1a: suspicious cabbage|19/100|[from] Sandstorm
|upkeep
|
|t:|1776275023
|switch|p2a: Zamazenta|Zamazenta|100/100
|-ability|p2a: Zamazenta|Dauntless Shield|boost
|-boost|p2a: Zamazenta|def|1
|turn|33
|
|t:|1776275030
|move|p2a: Zamazenta|Close Combat|p1a: suspicious cabbage
|-damage|p1a: suspicious cabbage|0 fnt
|-unboost|p2a: Zamazenta|def|1
|-unboost|p2a: Zamazenta|spd|1
|faint|p1a: suspicious cabbage
|
|-weather|Sandstorm|[upkeep]
|-damage|p2a: Zamazenta|94/100|[from] Sandstorm
|upkeep
|
|t:|1776275034
|switch|p1a: chadwick|Ogerpon-Wellspring, F|82/100
|-damage|p1a: chadwick|70/100|[from] Stealth Rock
|turn|34
|
|t:|1776275042
|move|p2a: Zamazenta|Close Combat|p1a: chadwick
|-damage|p1a: chadwick|0 fnt
|-unboost|p2a: Zamazenta|def|1
|-unboost|p2a: Zamazenta|spd|1
|faint|p1a: chadwick
|
|win|kopv18
|raw|jakepauler1's rating: 1455 &rarr; <strong>1436</strong><br />(-19 for losing)
|raw|kopv18's rating: 1475 &rarr; <strong>1494</strong><br />(+19 for winning)
|l|☆jakepauler1
|player|p1|
