|html|<div class="broadcast-blue"><strong>[Gen 9] OU is currently suspecting Tera Blast! For information on how to participate check out the <a href="https://www.smogon.com/tools/suspects/view/200">suspect thread</a>.</strong></div>
|j|☆SafieKaya
|j|☆TheRegisAreCool
|t:|1776176107
|gametype|singles
|player|p1|SafieKaya|clerkf|1180
|player|p2|TheRegisAreCool|fisherman-gen4|1163
|gen|9
|tier|[Gen 9] OU
|rated|
|rule|HP Percentage Mod: HP is shown in percentages
|rule|Endless Battle Clause: Forcing endless battles is banned
|rule|Species Clause: Limit one of each Pokémon
|rule|OHKO Clause: OHKO moves are banned
|rule|Evasion Items Clause: Evasion items are banned
|rule|Evasion Moves Clause: Evasion moves are banned
|rule|Evasion Abilities Clause: Evasion abilities are banned
|rule|Sleep Moves Clause: Sleep-inducing moves are banned
|clearpoke
|poke|p1|Alomomola, M|
|poke|p1|Hatterene, F|
|poke|p1|Great Tusk|
|poke|p1|Skeledirge, M|
|poke|p1|Iron Moth|
|poke|p1|Meowscarada, M|
|poke|p2|Conkeldurr, M|
|poke|p2|Iron Moth|
|poke|p2|Glimmora, F|
|poke|p2|Kommo-o, F|
|poke|p2|Samurott-Hisui, F|
|poke|p2|Donphan, M|
|teampreview
|
|t:|1776176122
|teamsize|p1|6
|teamsize|p2|6
|start
|switch|p1a: Hannibal|Great Tusk|100/100
|switch|p2a: Kommo-o|Kommo-o, F|100/100
|-enditem|p1a: Hannibal|Booster Energy
|-activate|p1a: Hannibal|ability: Protosynthesis|[fromitem]
|-start|p1a: Hannibal|protosynthesisatk
|turn|1
|inactive|Battle timer is ON: inactive players will automatically lose when time's up. (requested by TheRegisAreCool)
|inactive|SafieKaya has 120 seconds left.
|
|t:|1776176158
|move|p1a: Hannibal|Headlong Rush|p2a: Kommo-o
|-damage|p2a: Kommo-o|36/100
|-unboost|p1a: Hannibal|def|1
|-unboost|p1a: Hannibal|spd|1
|move|p2a: Kommo-o|Clangorous Soul|p2a: Kommo-o
|-boost|p2a: Kommo-o|atk|1
|-boost|p2a: Kommo-o|def|1
|-boost|p2a: Kommo-o|spa|1
|-boost|p2a: Kommo-o|spd|1
|-boost|p2a: Kommo-o|spe|1
|-damage|p2a: Kommo-o|3/100
|
|-heal|p2a: Kommo-o|9/100|[from] item: Leftovers
|upkeep
|turn|2
|
|t:|1776176167
|move|p2a: Kommo-o|Clanging Scales|p1a: Hannibal
|-damage|p1a: Hannibal|0 fnt
|faint|p1a: Hannibal
|-end|p1a: Hannibal|Protosynthesis|[silent]
|-unboost|p2a: Kommo-o|def|1
|
|-heal|p2a: Kommo-o|15/100|[from] item: Leftovers
|upkeep
|
|t:|1776176170
|switch|p1a: Meowscarada|Meowscarada, M|100/100
|turn|3
|
|t:|1776176175
|move|p1a: Meowscarada|Sucker Punch|p2a: Kommo-o
|-start|p1a: Meowscarada|typechange|Dark|[from] ability: Protean
|-resisted|p2a: Kommo-o
|-damage|p2a: Kommo-o|0 fnt
|faint|p2a: Kommo-o
|-damage|p1a: Meowscarada|91/100|[from] item: Life Orb
|
|upkeep
|
|t:|1776176185
|switch|p2a: Conkeldurr|Conkeldurr, M|100/100
|turn|4
|
|t:|1776176197
|switch|p1a: Alololololomomola|Alomomola, M|100/100
|-terastallize|p2a: Conkeldurr|Fighting
|move|p2a: Conkeldurr|Mach Punch|p1a: Alololololomomola
|-damage|p1a: Alololololomomola|84/100
|
|-heal|p1a: Alololololomomola|90/100|[from] item: Leftovers
|-status|p2a: Conkeldurr|brn|[from] item: Flame Orb
|upkeep
|turn|5
|
|t:|1776176213
|move|p1a: Alololololomomola|Scald|p2a: Conkeldurr
|-damage|p2a: Conkeldurr|84/100 brn
|move|p2a: Conkeldurr|Close Combat|p1a: Alololololomomola
|-damage|p1a: Alololololomomola|18/100
|-unboost|p2a: Conkeldurr|def|1
|-unboost|p2a: Conkeldurr|spd|1
|
|-heal|p1a: Alololololomomola|24/100|[from] item: Leftovers
|-damage|p2a: Conkeldurr|78/100 brn|[from] brn
|upkeep
|turn|6
|
|t:|1776176228
|switch|p1a: Yuri|Hatterene, F|100/100
|move|p2a: Conkeldurr|Mach Punch|p1a: Yuri
|-resisted|p1a: Yuri
|-damage|p1a: Yuri|87/100
|
|-heal|p1a: Yuri|93/100|[from] item: Leftovers
|-damage|p2a: Conkeldurr|72/100 brn|[from] brn
|upkeep
|turn|7
|
|t:|1776176233
|move|p2a: Conkeldurr|Facade|p1a: Yuri
|-damage|p1a: Yuri|0 fnt
|faint|p1a: Yuri
|
|-damage|p2a: Conkeldurr|66/100 brn|[from] brn
|upkeep
|
|t:|1776176238
|switch|p1a: Jane Juliet|Skeledirge, M|100/100
|turn|8
|
|t:|1776176241
|move|p1a: Jane Juliet|Torch Song|p2a: Conkeldurr
|-damage|p2a: Conkeldurr|22/100 brn
|-boost|p1a: Jane Juliet|spa|1
|move|p2a: Conkeldurr|Knock Off|p1a: Jane Juliet
|-supereffective|p1a: Jane Juliet
|-damage|p1a: Jane Juliet|11/100
|-enditem|p1a: Jane Juliet|Leftovers|[from] move: Knock Off|[of] p2a: Conkeldurr
|
|-damage|p2a: Conkeldurr|16/100 brn|[from] brn
|upkeep
|turn|9
|
|t:|1776176249
|switch|p2a: Iron Moth|Iron Moth|100/100
|-enditem|p2a: Iron Moth|Booster Energy
|-activate|p2a: Iron Moth|ability: Quark Drive|[fromitem]
|-start|p2a: Iron Moth|quarkdrivespe
|move|p1a: Jane Juliet|Torch Song|p2a: Iron Moth
|-resisted|p2a: Iron Moth
|-damage|p2a: Iron Moth|74/100
|-boost|p1a: Jane Juliet|spa|1
|
|upkeep
|turn|10
|
|t:|1776176264
|switch|p1a: Alololololomomola|Alomomola, M|57/100
|move|p2a: Iron Moth|Fiery Dance|p1a: Alololololomomola
|-resisted|p1a: Alololololomomola
|-damage|p1a: Alololololomomola|34/100
|
|-heal|p1a: Alololololomomola|40/100|[from] item: Leftovers
|upkeep
|turn|11
|
|t:|1776176269
|move|p2a: Iron Moth|Energy Ball|p1a: Alololololomomola
|-supereffective|p1a: Alololololomomola
|-damage|p1a: Alololololomomola|0 fnt
|faint|p1a: Alololololomomola
|
|upkeep
|
|t:|1776176280
|switch|p1a: Meowscarada|Meowscarada, M|91/100
|turn|12
|
|t:|1776176282
|move|p1a: Meowscarada|Sucker Punch|p2a: Iron Moth
|-start|p1a: Meowscarada|typechange|Dark|[from] ability: Protean
|-damage|p2a: Iron Moth|13/100
|-damage|p1a: Meowscarada|81/100|[from] item: Life Orb
|move|p2a: Iron Moth|Fiery Dance|p1a: Meowscarada
|-damage|p1a: Meowscarada|18/100
|-boost|p2a: Iron Moth|spa|1
|
|upkeep
|turn|13
|
|t:|1776176288
|move|p1a: Meowscarada|Sucker Punch||[still]
|-fail|p1a: Meowscarada
|move|p2a: Iron Moth|Whirlwind|p1a: Meowscarada
|drag|p1a: Jane Juliet|Skeledirge, M|11/100
|
|upkeep
|turn|14
|
|t:|1776176295
|move|p2a: Iron Moth|Fiery Dance|p1a: Jane Juliet
|-resisted|p1a: Jane Juliet
|-damage|p1a: Jane Juliet|0 fnt
|-boost|p2a: Iron Moth|spa|1
|faint|p1a: Jane Juliet
|
|upkeep
|
|t:|1776176298
|switch|p1a: Meowscarada|Meowscarada, M|18/100
|turn|15
|
|t:|1776176302
|move|p2a: Iron Moth|Sludge Wave|p1a: Meowscarada
|-supereffective|p1a: Meowscarada
|-damage|p1a: Meowscarada|0 fnt
|faint|p1a: Meowscarada
|
|upkeep
|
|t:|1776176305
|switch|p1a: Iron Moth|Iron Moth|100/100
|-enditem|p1a: Iron Moth|Booster Energy
|-activate|p1a: Iron Moth|ability: Quark Drive|[fromitem]
|-start|p1a: Iron Moth|quarkdrivespa
|turn|16
|
|t:|1776176315
|move|p2a: Iron Moth|Fiery Dance|p1a: Iron Moth
|-resisted|p1a: Iron Moth
|-damage|p1a: Iron Moth|57/100
|move|p1a: Iron Moth|Fiery Dance|p2a: Iron Moth
|-resisted|p2a: Iron Moth
|-damage|p2a: Iron Moth|0 fnt
|faint|p2a: Iron Moth
|-end|p2a: Iron Moth|Quark Drive|[silent]
|
|upkeep
|
|t:|1776176326
|switch|p2a: Glimmora|Glimmora, F|100/100
|turn|17
|
|t:|1776176346
|-terastallize|p1a: Iron Moth|Water
|move|p1a: Iron Moth|Air Slash|p2a: Glimmora
|-resisted|p2a: Glimmora
|-damage|p2a: Glimmora|75/100
|move|p2a: Glimmora|Earth Power|p1a: Iron Moth
|-damage|p1a: Iron Moth|24/100
|-unboost|p1a: Iron Moth|spd|1
|
|upkeep
|turn|18
|
|t:|1776176355
|move|p1a: Iron Moth|Fiery Dance|p2a: Glimmora
|-resisted|p2a: Glimmora
|-damage|p2a: Glimmora|38/100
|-boost|p1a: Iron Moth|spa|1
|move|p2a: Glimmora|Power Gem|p1a: Iron Moth
|-damage|p1a: Iron Moth|0 fnt
|faint|p1a: Iron Moth
|-end|p1a: Iron Moth|Quark Drive|[silent]
|
|win|TheRegisAreCool
|raw|SafieKaya's rating: 1180 &rarr; <strong>1154</strong><br />(-26 for losing)
|raw|TheRegisAreCool's rating: 1163 &rarr; <strong>1189</strong><br />(+26 for winning)
