|html|<div class="broadcast-blue"><strong>[Gen 9] OU is currently suspecting Tera Blast! For information on how to participate check out the <a href="https://www.smogon.com/tools/suspects/view/200">suspect thread</a>.</strong></div>
|j|☆01NoRu
|j|☆Sudhanshu4364
|t:|1776240971
|gametype|singles
|player|p1|01NoRu|101|1423
|player|p2|Sudhanshu4364|steven|1381
|gen|9
|tier|[Gen 9] OU
|rated|
|rule|HP Percentage Mod: HP is shown in percentages
|rule|Endless Battle Clause: Forcing endless battles is banned
|rule|Species Clause: Limit one of each Pokémon
|rule|OHKO Clause: OHKO moves are banned
|rule|Evasion Items Clause: Evasion items are banned
|rule|Evasion Moves Clause: Evasion moves are banned
|rule|Evasion Abilities Clause: Evasion abilities are banned
|rule|Sleep Moves Clause: Sleep-inducing moves are banned
|clearpoke
|poke|p1|Kyurem|
|poke|p1|Iron Moth|
|poke|p1|Kingambit, M|
|poke|p1|Landorus-Therian, M|
|poke|p1|Hatterene, F|
|poke|p1|Zamazenta-*|
|poke|p2|Pelipper, F|
|poke|p2|Raging Bolt|
|poke|p2|Overqwil, F|
|poke|p2|Barraskewda, M|
|poke|p2|Iron Treads|
|poke|p2|Kingambit, M|
|teampreview
|inactive|Battle timer is ON: inactive players will automatically lose when time's up. (requested by Sudhanshu4364)
|
|t:|1776240998
|teamsize|p1|6
|teamsize|p2|6
|start
|switch|p1a: Kyurem|Kyurem|100/100
|switch|p2a: Iron Treads|Iron Treads|100/100
|-ability|p1a: Kyurem|Pressure
|-enditem|p2a: Iron Treads|Booster Energy
|-activate|p2a: Iron Treads|ability: Quark Drive|[fromitem]
|-start|p2a: Iron Treads|quarkdrivespe
|turn|1
|
|t:|1776241018
|switch|p1a: Landorus|Landorus-Therian, M|100/100
|-ability|p1a: Landorus|Intimidate|boost
|-unboost|p2a: Iron Treads|atk|1
|move|p2a: Iron Treads|Steel Beam|p1a: Landorus|[miss]
|-miss|p2a: Iron Treads|p1a: Landorus
|-damage|p2a: Iron Treads|50/100|[from] steelbeam
|
|upkeep
|turn|2
|
|t:|1776241031
|move|p2a: Iron Treads|Stealth Rock|p1a: Landorus
|-sidestart|p1: 01NoRu|move: Stealth Rock
|move|p1a: Landorus|Stealth Rock|p2a: Iron Treads
|-sidestart|p2: Sudhanshu4364|move: Stealth Rock
|
|upkeep
|turn|3
|
|t:|1776241036
|move|p2a: Iron Treads|Rapid Spin|p1a: Landorus
|-damage|p1a: Landorus|93/100
|-boost|p2a: Iron Treads|spe|1
|-damage|p2a: Iron Treads|34/100|[from] item: Rocky Helmet|[of] p1a: Landorus
|-sideend|p2: Sudhanshu4364|Stealth Rock|[from] move: Rapid Spin|[of] p2a: Iron Treads
|move|p1a: Landorus|Earthquake|p2a: Iron Treads
|-supereffective|p2a: Iron Treads
|-damage|p2a: Iron Treads|0 fnt
|faint|p2a: Iron Treads
|-end|p2a: Iron Treads|Quark Drive|[silent]
|
|upkeep
|
|t:|1776241049
|switch|p2a: Barraskewda|Barraskewda, M|100/100
|turn|4
|
|t:|1776241065
|switch|p1a: Kyurem|Kyurem|100/100
|-damage|p1a: Kyurem|76/100|[from] Stealth Rock
|-ability|p1a: Kyurem|Pressure
|move|p2a: Barraskewda|Flip Turn|p1a: Kyurem
|-resisted|p1a: Kyurem
|-damage|p1a: Kyurem|53/100
|
|t:|1776241074
|switch|p2a: Kingambit|Kingambit, M|100/100|[from] Flip Turn
|-activate|p2a: Kingambit|ability: Supreme Overlord
|-start|p2a: Kingambit|fallen1|[silent]
|
|upkeep
|turn|5
|
|t:|1776241093
|switch|p1a: Zamazenta|Zamazenta|100/100
|-damage|p1a: Zamazenta|95/100|[from] Stealth Rock
|-ability|p1a: Zamazenta|Dauntless Shield|boost
|-boost|p1a: Zamazenta|def|1
|move|p2a: Kingambit|Iron Head|p1a: Zamazenta
|-damage|p1a: Zamazenta|66/100
|
|-heal|p1a: Zamazenta|72/100|[from] item: Leftovers
|upkeep
|turn|6
|inactive|01NoRu has 120 seconds left.
|
|t:|1776241129
|-end|p2a: Kingambit|fallen1|[silent]
|switch|p2a: Pelipper|Pelipper, F|100/100
|-weather|RainDance|[from] ability: Drizzle|[of] p2a: Pelipper
|move|p1a: Zamazenta|Iron Defense|p1a: Zamazenta
|-boost|p1a: Zamazenta|def|2
|
|-weather|RainDance|[upkeep]
|-heal|p1a: Zamazenta|78/100|[from] item: Leftovers
|upkeep
|turn|7
|
|t:|1776241138
|move|p1a: Zamazenta|Substitute|p1a: Zamazenta
|-start|p1a: Zamazenta|Substitute
|-damage|p1a: Zamazenta|53/100
|move|p2a: Pelipper|Hurricane|p1a: Zamazenta
|-supereffective|p1a: Zamazenta
|-end|p1a: Zamazenta|Substitute
|
|-weather|RainDance|[upkeep]
|-heal|p1a: Zamazenta|59/100|[from] item: Leftovers
|upkeep
|turn|8
|
|t:|1776241145
|move|p1a: Zamazenta|Iron Defense|p1a: Zamazenta
|-boost|p1a: Zamazenta|def|2
|move|p2a: Pelipper|Hurricane|p1a: Zamazenta
|-supereffective|p1a: Zamazenta
|-damage|p1a: Zamazenta|1/100
|-start|p1a: Zamazenta|confusion
|
|-weather|RainDance|[upkeep]
|-heal|p1a: Zamazenta|7/100|[from] item: Leftovers
|upkeep
|turn|9
|
|t:|1776241162
|switch|p1a: Hatterene|Hatterene, F|100/100
|-damage|p1a: Hatterene|88/100|[from] Stealth Rock
|move|p2a: Pelipper|U-turn|p1a: Hatterene
|-damage|p1a: Hatterene|79/100
|
|t:|1776241176
|switch|p2a: Overqwil|Overqwil, F|100/100|[from] U-turn
|
|-weather|RainDance|[upkeep]
|upkeep
|turn|10
|
|t:|1776241192
|move|p2a: Overqwil|Liquidation|p1a: Hatterene
|-damage|p1a: Hatterene|34/100
|-damage|p2a: Overqwil|91/100|[from] item: Life Orb
|move|p1a: Hatterene|Nuzzle|p2a: Overqwil
|-damage|p2a: Overqwil|86/100
|-status|p2a: Overqwil|par
|
|-weather|RainDance|[upkeep]
|upkeep
|turn|11
|
|t:|1776241199
|move|p2a: Overqwil|Gunk Shot|p1a: Hatterene
|-supereffective|p1a: Hatterene
|-damage|p1a: Hatterene|0 fnt
|faint|p1a: Hatterene
|-damage|p2a: Overqwil|77/100 par|[from] item: Life Orb
|
|-weather|RainDance|[upkeep]
|upkeep
|
|t:|1776241210
|switch|p1a: Landorus|Landorus-Therian, M|93/100
|-damage|p1a: Landorus|81/100|[from] Stealth Rock
|-ability|p1a: Landorus|Intimidate|boost
|-unboost|p2a: Overqwil|atk|1
|turn|12
|
|t:|1776241217
|switch|p2a: Pelipper|Pelipper, F|100/100
|move|p1a: Landorus|Stealth Rock|p2a: Pelipper
|-sidestart|p2: Sudhanshu4364|move: Stealth Rock
|
|-weather|RainDance|[upkeep]
|upkeep
|turn|13
|
|t:|1776241229
|move|p1a: Landorus|Stone Edge|p2a: Pelipper
|-supereffective|p2a: Pelipper
|-damage|p2a: Pelipper|53/100
|move|p2a: Pelipper|U-turn|p1a: Landorus
|-resisted|p1a: Landorus
|-damage|p1a: Landorus|77/100
|-damage|p2a: Pelipper|37/100|[from] item: Rocky Helmet|[of] p1a: Landorus
|
|t:|1776241235
|switch|p2a: Barraskewda|Barraskewda, M|100/100|[from] U-turn
|-damage|p2a: Barraskewda|88/100|[from] Stealth Rock
|
|-weather|none
|upkeep
|turn|14
|
|t:|1776241259
|move|p2a: Barraskewda|Flip Turn|p1a: Landorus
|-supereffective|p1a: Landorus
|-damage|p1a: Landorus|0 fnt
|-damage|p2a: Barraskewda|71/100|[from] item: Rocky Helmet|[of] p1a: Landorus
|faint|p1a: Landorus
|
|t:|1776241269
|switch|p2a: Pelipper|Pelipper, F|37/100|[from] Flip Turn
|-damage|p2a: Pelipper|12/100|[from] Stealth Rock
|-weather|RainDance|[from] ability: Drizzle|[of] p2a: Pelipper
|
|-weather|RainDance|[upkeep]
|upkeep
|
|t:|1776241285
|switch|p1a: Iron Moth|Iron Moth|100/100
|-damage|p1a: Iron Moth|76/100|[from] Stealth Rock
|-enditem|p1a: Iron Moth|Booster Energy
|-activate|p1a: Iron Moth|ability: Quark Drive|[fromitem]
|-start|p1a: Iron Moth|quarkdrivespe
|turn|15
|
|t:|1776241292
|move|p1a: Iron Moth|Fiery Dance|p2a: Pelipper
|-resisted|p2a: Pelipper
|-damage|p2a: Pelipper|0 fnt
|-boost|p1a: Iron Moth|spa|1
|faint|p2a: Pelipper
|
|-weather|RainDance|[upkeep]
|upkeep
|
|t:|1776241297
|switch|p2a: Barraskewda|Barraskewda, M|71/100
|-damage|p2a: Barraskewda|59/100|[from] Stealth Rock
|turn|16
|
|t:|1776241305
|move|p2a: Barraskewda|Liquidation|p1a: Iron Moth
|-supereffective|p1a: Iron Moth
|-damage|p1a: Iron Moth|0 fnt
|faint|p1a: Iron Moth
|-end|p1a: Iron Moth|Quark Drive|[silent]
|
|-weather|RainDance|[upkeep]
|upkeep
|
|t:|1776241315
|switch|p1a: Kyurem|Kyurem|53/100
|-damage|p1a: Kyurem|28/100|[from] Stealth Rock
|-ability|p1a: Kyurem|Pressure
|turn|17
|
|t:|1776241332
|move|p2a: Barraskewda|Liquidation|p1a: Kyurem
|-resisted|p1a: Kyurem
|-damage|p1a: Kyurem|0 fnt
|faint|p1a: Kyurem
|
|-weather|RainDance|[upkeep]
|upkeep
|
|t:|1776241335
|switch|p1a: Zamazenta|Zamazenta|7/100
|-damage|p1a: Zamazenta|1/100|[from] Stealth Rock
|turn|18
|
|t:|1776241341
|switch|p2a: Overqwil|Overqwil, F|77/100 par
|-damage|p2a: Overqwil|64/100 par|[from] Stealth Rock
|move|p1a: Zamazenta|Body Press|p2a: Overqwil
|-damage|p2a: Overqwil|28/100 par
|
|-weather|RainDance|[upkeep]
|-heal|p1a: Zamazenta|7/100|[from] item: Leftovers
|upkeep
|turn|19
|
|t:|1776241349
|move|p1a: Zamazenta|Body Press|p2a: Overqwil
|-damage|p2a: Overqwil|0 fnt
|faint|p2a: Overqwil
|
|-weather|RainDance|[upkeep]
|-heal|p1a: Zamazenta|13/100|[from] item: Leftovers
|upkeep
|
|t:|1776241354
|switch|p2a: Barraskewda|Barraskewda, M|59/100
|-damage|p2a: Barraskewda|46/100|[from] Stealth Rock
|turn|20
|inactive|Sudhanshu4364 has 120 seconds left.
|
|t:|1776241385
|move|p2a: Barraskewda|Flip Turn|p1a: Zamazenta
|-damage|p1a: Zamazenta|0 fnt
|faint|p1a: Zamazenta
|inactive|Sudhanshu4364 has 120 seconds left.
|
|t:|1776241390
|switch|p2a: Raging Bolt|Raging Bolt|100/100|[from] Flip Turn
|-damage|p2a: Raging Bolt|88/100|[from] Stealth Rock
|-enditem|p2a: Raging Bolt|Booster Energy
|-activate|p2a: Raging Bolt|ability: Protosynthesis|[fromitem]
|-start|p2a: Raging Bolt|protosynthesisspa
|
|-weather|RainDance|[upkeep]
|upkeep
|
|t:|1776241397
|switch|p1a: Kingambit|Kingambit, M|100/100
|-damage|p1a: Kingambit|94/100|[from] Stealth Rock
|-activate|p1a: Kingambit|ability: Supreme Overlord
|-start|p1a: Kingambit|fallen5|[silent]
|turn|21
|
|t:|1776241406
|-terastallize|p2a: Raging Bolt|Fairy
|move|p2a: Raging Bolt|Thunder|p1a: Kingambit
|-damage|p1a: Kingambit|12/100
|-status|p1a: Kingambit|par
|move|p1a: Kingambit|Swords Dance|p1a: Kingambit
|-boost|p1a: Kingambit|atk|2
|
|-weather|none
|-heal|p1a: Kingambit|18/100 par|[from] item: Leftovers
|upkeep
|turn|22
|
|t:|1776241417
|move|p2a: Raging Bolt|Thunderclap|p1a: Kingambit
|-damage|p1a: Kingambit|0 fnt
|faint|p1a: Kingambit
|-end|p1a: Kingambit|fallen5|[silent]
|
|win|Sudhanshu4364
|raw|01NoRu's rating: 1423 &rarr; <strong>1401</strong><br />(-22 for losing)
|raw|Sudhanshu4364's rating: 1381 &rarr; <strong>1403</strong><br />(+22 for winning)
|l|☆01NoRu
|player|p1|
