|html|<div class="broadcast-blue"><strong>[Gen 9] OU is currently suspecting Tera Blast! For information on how to participate check out the <a href="https://www.smogon.com/tools/suspects/view/200">suspect thread</a>.</strong></div>
|j|☆Princessjosie1001!
|j|☆afdtv
|t:|1776032526
|gametype|singles
|player|p1|Princessjosie1001!|nurse|1445
|player|p2|afdtv|hilbert|1477
|gen|9
|tier|[Gen 9] OU
|rated|
|rule|HP Percentage Mod: HP is shown in percentages
|rule|Endless Battle Clause: Forcing endless battles is banned
|rule|Species Clause: Limit one of each Pokémon
|rule|OHKO Clause: OHKO moves are banned
|rule|Evasion Items Clause: Evasion items are banned
|rule|Evasion Moves Clause: Evasion moves are banned
|rule|Evasion Abilities Clause: Evasion abilities are banned
|rule|Sleep Moves Clause: Sleep-inducing moves are banned
|clearpoke
|poke|p1|Grimmsnarl, M|
|poke|p1|Cloyster, F|
|poke|p1|Salazzle, F|
|poke|p1|Espeon, F|
|poke|p1|Jirachi|
|poke|p1|Dragonite, M|
|poke|p2|Latios, M|
|poke|p2|Glimmora, M|
|poke|p2|Quaquaval, M|
|poke|p2|Gholdengo|
|poke|p2|Ting-Lu|
|poke|p2|Dragonite, F|
|teampreview
|
|t:|1776032553
|teamsize|p1|6
|teamsize|p2|6
|start
|switch|p1a: Jirachi|Jirachi|100/100
|switch|p2a: Gholdengo|Gholdengo|100/100
|-item|p2a: Gholdengo|Air Balloon
|turn|1
|
|t:|1776032559
|move|p1a: Jirachi|Iron Head|p2a: Gholdengo
|-resisted|p2a: Gholdengo
|-damage|p2a: Gholdengo|77/100
|-enditem|p2a: Gholdengo|Air Balloon
|cant|p2a: Gholdengo|flinch
|
|upkeep
|turn|2
|
|t:|1776032565
|move|p1a: Jirachi|Iron Head|p2a: Gholdengo
|-resisted|p2a: Gholdengo
|-damage|p2a: Gholdengo|56/100
|cant|p2a: Gholdengo|flinch
|
|upkeep
|turn|3
|
|t:|1776032571
|switch|p2a: Glimmora|Glimmora, M|100/100
|move|p1a: Jirachi|Iron Head|p2a: Glimmora
|-supereffective|p2a: Glimmora
|-damage|p2a: Glimmora|2/100
|-activate|p2a: Glimmora|ability: Toxic Debris
|-sidestart|p1: Princessjosie1001!|move: Toxic Spikes
|
|upkeep
|turn|4
|
|t:|1776032586
|move|p1a: Jirachi|Iron Head|p2a: Glimmora
|-supereffective|p2a: Glimmora
|-damage|p2a: Glimmora|0 fnt
|-activate|p2a: Glimmora|ability: Toxic Debris
|-sidestart|p1: Princessjosie1001!|move: Toxic Spikes
|faint|p2a: Glimmora
|
|upkeep
|
|t:|1776032590
|switch|p2a: Quaquaval|Quaquaval, M|100/100
|turn|5
|
|t:|1776032594
|move|p1a: Jirachi|Iron Head|p2a: Quaquaval
|-resisted|p2a: Quaquaval
|-damage|p2a: Quaquaval|75/100
|move|p2a: Quaquaval|Aqua Step|p1a: Jirachi
|-damage|p1a: Jirachi|59/100
|-boost|p2a: Quaquaval|spe|1
|
|upkeep
|turn|6
|
|t:|1776032601
|move|p1a: Jirachi|Iron Head|p2a: Quaquaval
|-resisted|p2a: Quaquaval
|-damage|p2a: Quaquaval|50/100
|move|p2a: Quaquaval|Aqua Step|p1a: Jirachi
|-damage|p1a: Jirachi|15/100
|-boost|p2a: Quaquaval|spe|1
|
|upkeep
|turn|7
|
|t:|1776032608
|move|p2a: Quaquaval|Aqua Step|p1a: Jirachi
|-damage|p1a: Jirachi|0 fnt
|-boost|p2a: Quaquaval|spe|1
|faint|p1a: Jirachi
|-ability|p2a: Quaquaval|Moxie|boost
|-boost|p2a: Quaquaval|atk|1
|
|upkeep
|
|t:|1776032617
|switch|p1a: Salazzle|Salazzle, F|100/100
|-sideend|p1: Princessjosie1001!|move: Toxic Spikes|[of] p1a: Salazzle
|turn|8
|
|t:|1776032622
|move|p2a: Quaquaval|Aqua Step|p1a: Salazzle
|-supereffective|p1a: Salazzle
|-enditem|p1a: Salazzle|Focus Sash
|-damage|p1a: Salazzle|1/100
|-boost|p2a: Quaquaval|spe|1
|move|p1a: Salazzle|Sludge Wave|p2a: Quaquaval
|-damage|p2a: Quaquaval|7/100
|
|upkeep
|turn|9
|
|t:|1776032632
|move|p2a: Quaquaval|Aqua Step|p1a: Salazzle
|-supereffective|p1a: Salazzle
|-damage|p1a: Salazzle|0 fnt
|-boost|p2a: Quaquaval|spe|1
|faint|p1a: Salazzle
|-ability|p2a: Quaquaval|Moxie|boost
|-boost|p2a: Quaquaval|atk|1
|
|upkeep
|
|t:|1776032639
|switch|p1a: Grimmsnarl|Grimmsnarl, M|100/100
|turn|10
|
|t:|1776032643
|move|p1a: Grimmsnarl|Fake Out|p2a: Quaquaval
|-damage|p2a: Quaquaval|0 fnt
|faint|p2a: Quaquaval
|
|upkeep
|
|t:|1776032650
|switch|p2a: Gholdengo|Gholdengo|56/100
|turn|11
|
|t:|1776032653
|switch|p1a: No hazard allowed|Espeon, F|100/100
|move|p2a: Gholdengo|Nasty Plot|p2a: Gholdengo
|-boost|p2a: Gholdengo|spa|2
|
|upkeep
|turn|12
|
|t:|1776032660
|move|p1a: No hazard allowed|Shadow Ball|p2a: Gholdengo
|-supereffective|p2a: Gholdengo
|-damage|p2a: Gholdengo|0 fnt
|faint|p2a: Gholdengo
|
|upkeep
|
|t:|1776032666
|switch|p2a: Ting-Lu|Ting-Lu|100/100
|-ability|p2a: Ting-Lu|Vessel of Ruin
|turn|13
|
|t:|1776032672
|switch|p1a: Grimmsnarl|Grimmsnarl, M|100/100
|move|p2a: Ting-Lu|Ruination|p1a: Grimmsnarl
|-damage|p1a: Grimmsnarl|51/100
|
|upkeep
|turn|14
|
|t:|1776032680
|switch|p1a: No hazard allowed|Espeon, F|100/100
|move|p2a: Ting-Lu|Spikes|p1a: No hazard allowed
|move|p1a: No hazard allowed|Spikes|p2a: Ting-Lu|[from] ability: Magic Bounce
|-sidestart|p2: afdtv|Spikes
|
|upkeep
|turn|15
|
|t:|1776032687
|move|p1a: No hazard allowed|Trick|p2a: Ting-Lu
|-activate|p1a: No hazard allowed|move: Trick|[of] p2a: Ting-Lu
|-item|p2a: Ting-Lu|Choice Scarf|[from] move: Trick
|-item|p1a: No hazard allowed|Leftovers|[from] move: Trick
|move|p2a: Ting-Lu|Earthquake|p1a: No hazard allowed
|-damage|p1a: No hazard allowed|29/100
|
|-heal|p1a: No hazard allowed|35/100|[from] item: Leftovers
|upkeep
|turn|16
|
|t:|1776032699
|switch|p2a: Latios|Latios, M|100/100
|move|p1a: No hazard allowed|Shadow Ball|p2a: Latios
|-supereffective|p2a: Latios
|-damage|p2a: Latios|32/100
|-unboost|p2a: Latios|spd|1
|
|-heal|p1a: No hazard allowed|41/100|[from] item: Leftovers
|upkeep
|turn|17
|
|t:|1776032708
|move|p2a: Latios|Draco Meteor|p1a: No hazard allowed|[miss]
|-miss|p2a: Latios|p1a: No hazard allowed
|move|p1a: No hazard allowed|Thunder Wave|p2a: Latios
|-status|p2a: Latios|par
|
|-heal|p1a: No hazard allowed|47/100|[from] item: Leftovers
|upkeep
|turn|18
|
|t:|1776032716
|move|p1a: No hazard allowed|Shadow Ball|p2a: Latios
|-supereffective|p2a: Latios
|-damage|p2a: Latios|0 fnt
|faint|p2a: Latios
|
|-heal|p1a: No hazard allowed|53/100|[from] item: Leftovers
|upkeep
|c|☆afdtv|gg
|c|☆Princessjosie1001!|Gg wp
|inactive|Battle timer is ON: inactive players will automatically lose when time's up. (requested by Princessjosie1001!)
|c|☆afdtv|crazy that you won with that team
|c|☆afdtv|no you did
|c|☆Princessjosie1001!|Same lol
|inactiveoff|Battle timer is now OFF.
|
|t:|1776032747
|switch|p2a: Ting-Lu|Ting-Lu|100/100
|-damage|p2a: Ting-Lu|88/100|[from] Spikes
|-ability|p2a: Ting-Lu|Vessel of Ruin
|turn|19
|
|t:|1776032752
|switch|p2a: Dragonite|Dragonite, F|100/100
|move|p1a: No hazard allowed|Shadow Ball|p2a: Dragonite
|-damage|p2a: Dragonite|83/100
|
|-heal|p1a: No hazard allowed|59/100|[from] item: Leftovers
|upkeep
|turn|20
|
|t:|1776032760
|move|p1a: No hazard allowed|Thunder Wave|p2a: Dragonite
|-status|p2a: Dragonite|par
|move|p2a: Dragonite|Dragon Dance|p2a: Dragonite
|-boost|p2a: Dragonite|atk|1
|-boost|p2a: Dragonite|spe|1
|
|-heal|p1a: No hazard allowed|65/100|[from] item: Leftovers
|upkeep
|turn|21
|
|t:|1776032773
|move|p1a: No hazard allowed|Psychic|p2a: Dragonite
|-damage|p2a: Dragonite|24/100 par
|move|p2a: Dragonite|Dragon Dance|p2a: Dragonite
|-boost|p2a: Dragonite|atk|1
|-boost|p2a: Dragonite|spe|1
|
|-heal|p1a: No hazard allowed|71/100|[from] item: Leftovers
|upkeep
|turn|22
|
|t:|1776032792
|move|p1a: No hazard allowed|Psychic|p2a: Dragonite
|-damage|p2a: Dragonite|0 fnt
|faint|p2a: Dragonite
|
|-heal|p1a: No hazard allowed|77/100|[from] item: Leftovers
|upkeep
|-message|afdtv forfeited.
|
|win|Princessjosie1001!
|raw|Princessjosie1001!'s rating: 1445 &rarr; <strong>1467</strong><br />(+22 for winning)
|raw|afdtv's rating: 1477 &rarr; <strong>1455</strong><br />(-22 for losing)
|l|☆afdtv
|player|p2|
|l|☆Princessjosie1001!
|player|p1|
