|html|<div class="broadcast-blue"><strong>[Gen 9] OU is currently suspecting Tera Blast! For information on how to participate check out the <a href="https://www.smogon.com/tools/suspects/view/200">suspect thread</a>.</strong></div>
|j|☆Luceo
|j|☆AlienXotic
|t:|1776053666
|gametype|singles
|player|p1|Luceo|cynthia-masters4|1400
|player|p2|AlienXotic|266|1438
|gen|9
|tier|[Gen 9] OU
|rated|
|rule|HP Percentage Mod: HP is shown in percentages
|rule|Endless Battle Clause: Forcing endless battles is banned
|rule|Species Clause: Limit one of each Pokémon
|rule|OHKO Clause: OHKO moves are banned
|rule|Evasion Items Clause: Evasion items are banned
|rule|Evasion Moves Clause: Evasion moves are banned
|rule|Evasion Abilities Clause: Evasion abilities are banned
|rule|Sleep Moves Clause: Sleep-inducing moves are banned
|clearpoke
|poke|p1|Deoxys-Speed|
|poke|p1|Ogerpon-Wellspring, F|
|poke|p1|Iron Moth|
|poke|p1|Gholdengo|
|poke|p1|Great Tusk|
|poke|p1|Dragonite, F|
|poke|p2|Slither Wing|
|poke|p2|Ninetales, F|
|poke|p2|Walking Wake|
|poke|p2|Iron Moth|
|poke|p2|Hatterene, F|
|poke|p2|Blaziken, M|
|teampreview
|inactive|Battle timer is ON: inactive players will automatically lose when time's up. (requested by Luceo)
|
|t:|1776053692
|teamsize|p1|6
|teamsize|p2|6
|start
|switch|p1a: Deoxys|Deoxys-Speed|100/100
|switch|p2a: Aruarian|Ninetales, F, shiny|100/100
|-ability|p1a: Deoxys|Pressure
|-weather|SunnyDay|[from] ability: Drought|[of] p2a: Aruarian
|turn|1
|j| Drewisonline
|
|t:|1776053705
|switch|p2a: Covet&Lust|Hatterene, F, shiny|100/100
|move|p1a: Deoxys|Psychic|p2a: Covet&Lust
|-resisted|p2a: Covet&Lust
|-damage|p2a: Covet&Lust|80/100
|-enditem|p2a: Covet&Lust|Eject Button
|inactive|AlienXotic has 120 seconds left.
|
|t:|1776053736
|switch|p2a: Renewal|Walking Wake|100/100
|-activate|p2a: Renewal|ability: Protosynthesis
|-start|p2a: Renewal|protosynthesisspe
|
|-weather|SunnyDay|[upkeep]
|upkeep
|turn|2
|
|t:|1776053747
|move|p2a: Renewal|Flip Turn|p1a: Deoxys
|-damage|p1a: Deoxys|89/100
|
|t:|1776053751
|-end|p2a: Renewal|Protosynthesis|[silent]
|switch|p2a: Covet&Lust|Hatterene, F, shiny|80/100|[from] Flip Turn
|move|p1a: Deoxys|Stealth Rock|p2a: Covet&Lust
|move|p2a: Covet&Lust|Stealth Rock|p1a: Deoxys|[from] ability: Magic Bounce
|-sidestart|p1: Luceo|move: Stealth Rock
|
|-weather|SunnyDay|[upkeep]
|upkeep
|turn|3
|
|t:|1776053760
|switch|p1a: Great Tusk|Great Tusk|100/100
|-damage|p1a: Great Tusk|98/100|[from] Stealth Rock
|-activate|p1a: Great Tusk|ability: Protosynthesis
|-start|p1a: Great Tusk|protosynthesisatk
|move|p2a: Covet&Lust|Nuzzle|p1a: Great Tusk
|-immune|p1a: Great Tusk
|
|-weather|SunnyDay|[upkeep]
|upkeep
|turn|4
|
|t:|1776053769
|move|p1a: Great Tusk|Rapid Spin|p2a: Covet&Lust
|-damage|p2a: Covet&Lust|60/100
|-boost|p1a: Great Tusk|spe|1
|-sideend|p1: Luceo|Stealth Rock|[from] move: Rapid Spin|[of] p1a: Great Tusk
|move|p2a: Covet&Lust|Draining Kiss|p1a: Great Tusk
|-supereffective|p1a: Great Tusk
|-damage|p1a: Great Tusk|29/100
|-heal|p2a: Covet&Lust|100/100|[from] drain|[of] p1a: Great Tusk
|
|-weather|SunnyDay|[upkeep]
|upkeep
|turn|5
|
|t:|1776053777
|switch|p2a: Beru|Slither Wing, shiny|100/100
|-activate|p2a: Beru|ability: Protosynthesis
|-start|p2a: Beru|protosynthesisatk
|move|p1a: Great Tusk|Headlong Rush|p2a: Beru
|-resisted|p2a: Beru
|-damage|p2a: Beru|48/100
|-unboost|p1a: Great Tusk|def|1
|-unboost|p1a: Great Tusk|spd|1
|
|-weather|SunnyDay|[upkeep]
|upkeep
|turn|6
|inactive|Luceo has 120 seconds left.
|
|t:|1776053820
|move|p2a: Beru|First Impression|p1a: Great Tusk
|-resisted|p1a: Great Tusk
|-damage|p1a: Great Tusk|0 fnt
|faint|p1a: Great Tusk
|-end|p1a: Great Tusk|Protosynthesis|[silent]
|
|-weather|SunnyDay|[upkeep]
|upkeep
|
|t:|1776053824
|switch|p1a: Iron Moth|Iron Moth|100/100
|-enditem|p1a: Iron Moth|Booster Energy
|-activate|p1a: Iron Moth|ability: Quark Drive|[fromitem]
|-start|p1a: Iron Moth|quarkdrivespe
|turn|7
|
|t:|1776053851
|-end|p2a: Beru|Protosynthesis|[silent]
|switch|p2a: Renewal|Walking Wake|100/100
|-activate|p2a: Renewal|ability: Protosynthesis
|-start|p2a: Renewal|protosynthesisspe
|move|p1a: Iron Moth|Fiery Dance|p2a: Renewal
|-resisted|p2a: Renewal
|-damage|p2a: Renewal|83/100
|-boost|p1a: Iron Moth|spa|1
|
|-weather|SunnyDay|[upkeep]
|upkeep
|turn|8
|
|t:|1776053863
|move|p1a: Iron Moth|Sludge Wave|p2a: Renewal
|-damage|p2a: Renewal|0 fnt
|faint|p2a: Renewal
|-end|p2a: Renewal|Protosynthesis|[silent]
|
|-weather|none
|upkeep
|inactive|AlienXotic has 120 seconds left.
|
|t:|1776053889
|switch|p2a: Covet&Lust|Hatterene, F, shiny|100/100
|turn|9
|
|t:|1776053893
|-terastallize|p2a: Covet&Lust|Water
|move|p1a: Iron Moth|Sludge Wave|p2a: Covet&Lust
|-crit|p2a: Covet&Lust
|-damage|p2a: Covet&Lust|0 fnt
|faint|p2a: Covet&Lust
|
|upkeep
|inactive|AlienXotic has 120 seconds left.
|
|t:|1776053906
|switch|p2a: Aruarian|Ninetales, F, shiny|100/100
|-weather|SunnyDay|[from] ability: Drought|[of] p2a: Aruarian
|turn|10
|inactive|AlienXotic has 120 seconds left.
|
|t:|1776053912
|move|p1a: Iron Moth|Sludge Wave|p2a: Aruarian
|-damage|p2a: Aruarian|24/100
|move|p2a: Aruarian|Overheat|p1a: Iron Moth
|-resisted|p1a: Iron Moth
|-crit|p1a: Iron Moth
|-damage|p1a: Iron Moth|62/100
|-unboost|p2a: Aruarian|spa|2
|
|-weather|SunnyDay|[upkeep]
|upkeep
|turn|11
|inactive|AlienXotic has 120 seconds left.
|
|t:|1776053923
|switch|p2a: The better one?|Iron Moth|100/100
|-enditem|p2a: The better one?|Booster Energy
|-activate|p2a: The better one?|ability: Quark Drive|[fromitem]
|-start|p2a: The better one?|quarkdrivespe
|move|p1a: Iron Moth|Fiery Dance|p2a: The better one?
|-resisted|p2a: The better one?
|-damage|p2a: The better one?|54/100
|-boost|p1a: Iron Moth|spa|1
|
|-weather|SunnyDay|[upkeep]
|upkeep
|turn|12
|inactive|AlienXotic has 120 seconds left.
|
|t:|1776053934
|move|p1a: Iron Moth|Discharge|p2a: The better one?
|-crit|p2a: The better one?
|-damage|p2a: The better one?|0 fnt
|faint|p2a: The better one?
|-end|p2a: The better one?|Quark Drive|[silent]
|
|-weather|SunnyDay|[upkeep]
|upkeep
|
|t:|1776053939
|switch|p2a: Beru|Slither Wing, shiny|48/100
|-activate|p2a: Beru|ability: Protosynthesis
|-start|p2a: Beru|protosynthesisatk
|turn|13
|
|t:|1776053943
|move|p2a: Beru|First Impression|p1a: Iron Moth
|-resisted|p1a: Iron Moth
|-damage|p1a: Iron Moth|21/100
|move|p1a: Iron Moth|Fiery Dance|p2a: Beru
|-supereffective|p2a: Beru
|-crit|p2a: Beru
|-damage|p2a: Beru|0 fnt
|faint|p2a: Beru
|-end|p2a: Beru|Protosynthesis|[silent]
|
|-weather|SunnyDay|[upkeep]
|upkeep
|
|t:|1776053949
|switch|p2a: Sizzlin' Hot Wings|Blaziken, M, shiny|100/100
|turn|14
|
|t:|1776053954
|move|p2a: Sizzlin' Hot Wings|Protect|p2a: Sizzlin' Hot Wings
|-singleturn|p2a: Sizzlin' Hot Wings|Protect
|move|p1a: Iron Moth|Sludge Wave|p2a: Sizzlin' Hot Wings
|-activate|p2a: Sizzlin' Hot Wings|move: Protect
|
|-weather|SunnyDay|[upkeep]
|-ability|p2a: Sizzlin' Hot Wings|Speed Boost|boost
|-boost|p2a: Sizzlin' Hot Wings|spe|1
|upkeep
|turn|15
|
|t:|1776053963
|move|p2a: Sizzlin' Hot Wings|Protect||[still]
|-fail|p2a: Sizzlin' Hot Wings
|move|p1a: Iron Moth|Sludge Wave|p2a: Sizzlin' Hot Wings
|-damage|p2a: Sizzlin' Hot Wings|0 fnt
|faint|p2a: Sizzlin' Hot Wings
|
|-weather|SunnyDay|[upkeep]
|upkeep
|-message|AlienXotic forfeited.
|
|win|Luceo
|raw|Luceo's rating: 1400 &rarr; <strong>1422</strong><br />(+22 for winning)
|raw|AlienXotic's rating: 1438 &rarr; <strong>1416</strong><br />(-22 for losing)
|l|☆AlienXotic
|player|p2|
|l|☆Luceo
|player|p1|
|l| Drewisonline
