|html|<div class="broadcast-blue"><strong>[Gen 9] OU is currently suspecting Tera Blast! For information on how to participate check out the <a href="https://www.smogon.com/tools/suspects/view/200">suspect thread</a>.</strong></div>
|j|☆Shusam
|j|☆xail44
|t:|1776036503
|gametype|singles
|player|p1|Shusam|101|1129
|player|p2|xail44|101|1150
|gen|9
|tier|[Gen 9] OU
|rated|
|rule|HP Percentage Mod: HP is shown in percentages
|rule|Endless Battle Clause: Forcing endless battles is banned
|rule|Species Clause: Limit one of each Pokémon
|rule|OHKO Clause: OHKO moves are banned
|rule|Evasion Items Clause: Evasion items are banned
|rule|Evasion Moves Clause: Evasion moves are banned
|rule|Evasion Abilities Clause: Evasion abilities are banned
|rule|Sleep Moves Clause: Sleep-inducing moves are banned
|clearpoke
|poke|p1|Tyranitar, M|
|poke|p1|Skeledirge, M|
|poke|p1|Great Tusk|
|poke|p1|Hydrapple, F|
|poke|p1|Goodra, F|
|poke|p1|Gastrodon, F|
|poke|p2|Spidops, F|
|poke|p2|Cacturne, F|
|poke|p2|Scyther, M|
|poke|p2|Komala, M|
|poke|p2|Ceruledge, F|
|poke|p2|Regidrago|
|teampreview
|inactive|Battle timer is ON: inactive players will automatically lose when time's up. (requested by xail44)
|
|t:|1776036511
|teamsize|p1|6
|teamsize|p2|6
|start
|switch|p1a: Gastrodon|Gastrodon, F|100/100
|switch|p2a: Spidops|Spidops, F|100/100
|turn|1
|
|t:|1776036519
|move|p1a: Gastrodon|Stealth Rock|p2a: Spidops
|-sidestart|p2: xail44|move: Stealth Rock
|move|p2a: Spidops|Knock Off|p1a: Gastrodon
|-damage|p1a: Gastrodon|78/100
|-enditem|p1a: Gastrodon|Choice Specs|[from] move: Knock Off|[of] p2a: Spidops
|
|upkeep
|turn|2
|
|t:|1776036528
|switch|p1a: Skeledirge|Skeledirge, M|100/100
|move|p2a: Spidops|Sticky Web|p1a: Skeledirge
|-sidestart|p1: Shusam|move: Sticky Web
|
|upkeep
|turn|3
|
|t:|1776036535
|move|p1a: Skeledirge|Torch Song|p2a: Spidops
|-supereffective|p2a: Spidops
|-damage|p2a: Spidops|26/100
|-boost|p1a: Skeledirge|spa|1
|-enditem|p1a: Skeledirge|Throat Spray
|-boost|p1a: Skeledirge|spa|1|[from] item: Throat Spray
|move|p2a: Spidops|Knock Off|p1a: Skeledirge
|-supereffective|p1a: Skeledirge
|-damage|p1a: Skeledirge|82/100
|
|upkeep
|turn|4
|
|t:|1776036545
|switch|p2a: Ceruledge|Ceruledge, F|100/100
|-damage|p2a: Ceruledge|76/100|[from] Stealth Rock
|move|p1a: Skeledirge|Torch Song|p2a: Ceruledge
|-start|p2a: Ceruledge|ability: Flash Fire
|
|upkeep
|turn|5
|
|t:|1776036554
|move|p2a: Ceruledge|Shadow Claw|p1a: Skeledirge
|-supereffective|p1a: Skeledirge
|-damage|p1a: Skeledirge|29/100
|move|p1a: Skeledirge|Shadow Ball|p2a: Ceruledge
|-supereffective|p2a: Ceruledge
|-damage|p2a: Ceruledge|0 fnt
|faint|p2a: Ceruledge
|
|upkeep
|
|t:|1776036571
|switch|p2a: Regidrago|Regidrago|100/100
|-damage|p2a: Regidrago|88/100|[from] Stealth Rock
|turn|6
|
|t:|1776036599
|move|p2a: Regidrago|Dragon Energy|p1a: Skeledirge
|-damage|p1a: Skeledirge|0 fnt
|faint|p1a: Skeledirge
|
|upkeep
|inactive|Shusam has 120 seconds left.
|
|t:|1776036614
|switch|p1a: Gastrodon|Gastrodon, F|78/100
|-activate|p1a: Gastrodon|move: Sticky Web
|-unboost|p1a: Gastrodon|spe|1
|turn|7
|
|t:|1776036621
|move|p2a: Regidrago|Dragon Energy|p1a: Gastrodon
|-damage|p1a: Gastrodon|0 fnt
|faint|p1a: Gastrodon
|
|upkeep
|
|t:|1776036625
|switch|p1a: Hydrapple|Hydrapple, F|100/100
|-activate|p1a: Hydrapple|move: Sticky Web
|-unboost|p1a: Hydrapple|spe|1
|turn|8
|
|t:|1776036635
|-terastallize|p1a: Hydrapple|Grass
|move|p2a: Regidrago|Dragon Energy|p1a: Hydrapple
|-damage|p1a: Hydrapple|21/100
|move|p1a: Hydrapple|Fickle Beam|p2a: Regidrago
|-supereffective|p2a: Regidrago
|-damage|p2a: Regidrago|22/100
|
|-heal|p1a: Hydrapple|27/100|[from] item: Leftovers
|upkeep
|turn|9
|
|t:|1776036646
|switch|p2a: Spidops|Spidops, F|26/100
|-damage|p2a: Spidops|1/100|[from] Stealth Rock
|move|p1a: Hydrapple|Fickle Beam|p2a: Spidops
|-damage|p2a: Spidops|0 fnt
|faint|p2a: Spidops
|
|-heal|p1a: Hydrapple|33/100|[from] item: Leftovers
|upkeep
|
|t:|1776036650
|switch|p2a: Komala|Komala, M|100/100
|-damage|p2a: Komala|88/100|[from] Stealth Rock
|-ability|p2a: Komala|Comatose
|turn|10
|
|t:|1776036660
|move|p2a: Komala|Rapid Spin|p1a: Hydrapple
|-damage|p1a: Hydrapple|20/100
|-boost|p2a: Komala|spe|1
|-sideend|p2: xail44|Stealth Rock|[from] move: Rapid Spin|[of] p2a: Komala
|move|p1a: Hydrapple|Recover|p1a: Hydrapple
|-heal|p1a: Hydrapple|70/100
|
|-heal|p2a: Komala|94/100|[from] item: Leftovers
|-heal|p1a: Hydrapple|76/100|[from] item: Leftovers
|upkeep
|turn|11
|
|t:|1776036669
|move|p2a: Komala|Swords Dance|p2a: Komala
|-boost|p2a: Komala|atk|2
|move|p1a: Hydrapple|Nasty Plot|p1a: Hydrapple
|-boost|p1a: Hydrapple|spa|2
|
|-heal|p2a: Komala|99/100|[from] item: Leftovers
|-heal|p1a: Hydrapple|82/100|[from] item: Leftovers
|upkeep
|turn|12
|
|t:|1776036678
|-terastallize|p2a: Komala|Normal
|move|p2a: Komala|Body Slam|p1a: Hydrapple
|-damage|p1a: Hydrapple|21/100
|-status|p1a: Hydrapple|par
|move|p1a: Hydrapple|Fickle Beam|p2a: Komala
|-damage|p2a: Komala|16/100
|
|-heal|p2a: Komala|22/100|[from] item: Leftovers
|-heal|p1a: Hydrapple|27/100 par|[from] item: Leftovers
|upkeep
|turn|13
|
|t:|1776036690
|move|p2a: Komala|Body Slam|p1a: Hydrapple
|-crit|p1a: Hydrapple
|-damage|p1a: Hydrapple|0 fnt
|faint|p1a: Hydrapple
|
|-heal|p2a: Komala|27/100|[from] item: Leftovers
|upkeep
|
|t:|1776036697
|switch|p1a: Great Tusk|Great Tusk|100/100
|-activate|p1a: Great Tusk|move: Sticky Web
|-unboost|p1a: Great Tusk|spe|1
|-enditem|p1a: Great Tusk|Booster Energy
|-activate|p1a: Great Tusk|ability: Protosynthesis|[fromitem]
|-start|p1a: Great Tusk|protosynthesisatk
|turn|14
|
|t:|1776036704
|move|p2a: Komala|Body Slam|p1a: Great Tusk
|-damage|p1a: Great Tusk|10/100
|move|p1a: Great Tusk|Rapid Spin|p2a: Komala
|-crit|p2a: Komala
|-damage|p2a: Komala|0 fnt
|-boost|p1a: Great Tusk|spe|1
|-sideend|p1: Shusam|Sticky Web|[from] move: Rapid Spin|[of] p1a: Great Tusk
|faint|p2a: Komala
|
|upkeep
|
|t:|1776036712
|switch|p2a: Scyther|Scyther, M|100/100
|turn|15
|
|t:|1776036724
|move|p2a: Scyther|Swords Dance|p2a: Scyther
|-boost|p2a: Scyther|atk|2
|move|p1a: Great Tusk|Supercell Slam|p2a: Scyther
|-supereffective|p2a: Scyther
|-damage|p2a: Scyther|0 fnt
|faint|p2a: Scyther
|
|upkeep
|
|t:|1776036735
|switch|p2a: Regidrago|Regidrago|22/100
|turn|16
|
|t:|1776036742
|move|p2a: Regidrago|Earth Power|p1a: Great Tusk
|-damage|p1a: Great Tusk|0 fnt
|faint|p1a: Great Tusk
|-end|p1a: Great Tusk|Protosynthesis|[silent]
|
|upkeep
|
|t:|1776036746
|switch|p1a: Goodra|Goodra, F|100/100
|turn|17
|
|t:|1776036751
|switch|p2a: Cacturne|Cacturne, F|100/100
|move|p1a: Goodra|Draco Meteor|p2a: Cacturne
|-damage|p2a: Cacturne|12/100
|-unboost|p1a: Goodra|spa|2
|
|upkeep
|turn|18
|
|t:|1776036760
|move|p2a: Cacturne|Sucker Punch|p1a: Goodra
|-damage|p1a: Goodra|47/100
|-ability|p1a: Goodra|Gooey
|-unboost|p2a: Cacturne|spe|1
|-damage|p2a: Cacturne|2/100|[from] item: Life Orb
|move|p1a: Goodra|Sludge Wave|p2a: Cacturne
|-supereffective|p2a: Cacturne
|-damage|p2a: Cacturne|0 fnt
|faint|p2a: Cacturne
|
|-heal|p1a: Goodra|54/100|[from] item: Leftovers
|upkeep
|
|t:|1776036770
|switch|p2a: Regidrago|Regidrago|22/100
|turn|19
|
|t:|1776036773
|move|p2a: Regidrago|Draco Meteor|p1a: Goodra
|-supereffective|p1a: Goodra
|-damage|p1a: Goodra|0 fnt
|-unboost|p2a: Regidrago|spa|2
|faint|p1a: Goodra
|
|upkeep
|
|t:|1776036779
|switch|p1a: Tyranitar|Tyranitar, M|100/100
|-weather|Sandstorm|[from] ability: Sand Stream|[of] p1a: Tyranitar
|-item|p1a: Tyranitar|Air Balloon
|turn|20
|
|t:|1776036794
|move|p2a: Regidrago|Draco Meteor|p1a: Tyranitar
|-damage|p1a: Tyranitar|70/100
|-unboost|p2a: Regidrago|spa|2
|-enditem|p1a: Tyranitar|Air Balloon
|move|p1a: Tyranitar|Earthquake|p2a: Regidrago
|-damage|p2a: Regidrago|0 fnt
|faint|p2a: Regidrago
|
|win|Shusam
|raw|Shusam's rating: 1129 &rarr; <strong>1156</strong><br />(+27 for winning)
|raw|xail44's rating: 1150 &rarr; <strong>1123</strong><br />(-27 for losing)
|l|☆xail44
|player|p2|
|l|☆Shusam
|player|p1|
