|html|<div class="broadcast-blue"><strong>[Gen 9] OU is currently suspecting Tera Blast! For information on how to participate check out the <a href="https://www.smogon.com/tools/suspects/view/200">suspect thread</a>.</strong></div>
|j|☆swangzy
|j|☆Sharkerthantheteal
|t:|1776320844
|gametype|singles
|player|p1|swangzy|swimmer-gen4|1192
|player|p2|Sharkerthantheteal|169|1174
|gen|9
|tier|[Gen 9] OU
|rated|
|rule|HP Percentage Mod: HP is shown in percentages
|rule|Endless Battle Clause: Forcing endless battles is banned
|rule|Species Clause: Limit one of each Pokémon
|rule|OHKO Clause: OHKO moves are banned
|rule|Evasion Items Clause: Evasion items are banned
|rule|Evasion Moves Clause: Evasion moves are banned
|rule|Evasion Abilities Clause: Evasion abilities are banned
|rule|Sleep Moves Clause: Sleep-inducing moves are banned
|clearpoke
|poke|p1|Jirachi|
|poke|p1|Sawsbuck, M|
|poke|p1|Deoxys-Defense|
|poke|p1|Gliscor, F|
|poke|p1|Garganacl, M|
|poke|p1|Vivillon-Fancy, F|
|poke|p2|Cetitan, M|
|poke|p2|Ninetales-Alola, M|
|poke|p2|Hariyama, M|
|poke|p2|Dragapult, M|
|poke|p2|Iron Valiant|
|poke|p2|Gholdengo|
|teampreview
|inactive|Battle timer is ON: inactive players will automatically lose when time's up. (requested by swangzy)
|
|t:|1776320870
|teamsize|p1|6
|teamsize|p2|6
|start
|switch|p1a: Deoxys|Deoxys-Defense|100/100
|switch|p2a: Gholdengo|Gholdengo|100/100
|-ability|p1a: Deoxys|Pressure
|turn|1
|c|☆Sharkerthantheteal|we meet again
|
|t:|1776320885
|-terastallize|p1a: Deoxys|Steel
|move|p2a: Gholdengo|Shadow Ball|p1a: Deoxys
|-damage|p1a: Deoxys|72/100
|-unboost|p1a: Deoxys|spd|1
|move|p1a: Deoxys|Thunder Wave|p2a: Gholdengo
|-immune|p2a: Gholdengo|[from] ability: Good as Gold
|
|-heal|p1a: Deoxys|78/100|[from] item: Leftovers
|upkeep
|turn|2
|c|☆Sharkerthantheteal|gl hf
|
|t:|1776320895
|move|p2a: Gholdengo|Shadow Ball|p1a: Deoxys
|-damage|p1a: Deoxys|38/100
|-unboost|p1a: Deoxys|spd|1
|move|p1a: Deoxys|Knock Off|p2a: Gholdengo
|-supereffective|p2a: Gholdengo
|-damage|p2a: Gholdengo|60/100
|-enditem|p2a: Gholdengo|Choice Scarf|[from] move: Knock Off|[of] p1a: Deoxys
|
|-heal|p1a: Deoxys|45/100|[from] item: Leftovers
|upkeep
|turn|3
|inactive|swangzy has 120 seconds left.
|
|t:|1776320929
|move|p2a: Gholdengo|Trick|p1a: Deoxys
|-activate|p2a: Gholdengo|move: Trick|[of] p1a: Deoxys
|-enditem|p1a: Deoxys|Leftovers|[silent]|[from] move: Trick
|-item|p2a: Gholdengo|Leftovers|[from] move: Trick
|move|p1a: Deoxys|Spikes|p2a: Gholdengo
|-sidestart|p2: Sharkerthantheteal|Spikes
|
|-heal|p2a: Gholdengo|67/100|[from] item: Leftovers
|upkeep
|turn|4
|inactive|swangzy has 120 seconds left.
|
|t:|1776320935
|move|p2a: Gholdengo|Shadow Ball|p1a: Deoxys
|-damage|p1a: Deoxys|0 fnt
|faint|p1a: Deoxys
|
|-heal|p2a: Gholdengo|73/100|[from] item: Leftovers
|upkeep
|inactive|swangzy has 120 seconds left.
|
|t:|1776320949
|switch|p1a: Vivillon|Vivillon-Fancy, F|100/100
|turn|5
|inactive|swangzy has 120 seconds left.
|
|t:|1776320966
|move|p1a: Vivillon|U-turn|p2a: Gholdengo
|-resisted|p2a: Gholdengo
|-damage|p2a: Gholdengo|69/100
|inactive|swangzy has 120 seconds left.
|
|t:|1776320981
|switch|p1a: Jirachi|Jirachi|100/100|[from] U-turn
|move|p2a: Gholdengo|Make It Rain|p1a: Jirachi
|-resisted|p1a: Jirachi
|-damage|p1a: Jirachi|78/100
|-unboost|p2a: Gholdengo|spa|1
|
|-heal|p2a: Gholdengo|75/100|[from] item: Leftovers
|-heal|p1a: Jirachi|84/100|[from] item: Leftovers
|upkeep
|turn|6
|
|t:|1776320996
|move|p2a: Gholdengo|Shadow Ball|p1a: Jirachi
|-supereffective|p1a: Jirachi
|-damage|p1a: Jirachi|45/100
|-unboost|p1a: Jirachi|spd|1
|move|p1a: Jirachi|Iron Head|p2a: Gholdengo
|-resisted|p2a: Gholdengo
|-damage|p2a: Gholdengo|56/100
|
|-heal|p2a: Gholdengo|62/100|[from] item: Leftovers
|-heal|p1a: Jirachi|51/100|[from] item: Leftovers
|upkeep
|turn|7
|
|t:|1776321025
|switch|p1a: Vivillon|Vivillon-Fancy, F|100/100
|move|p2a: Gholdengo|Shadow Ball|p1a: Vivillon
|-damage|p1a: Vivillon|48/100
|
|-heal|p2a: Gholdengo|68/100|[from] item: Leftovers
|upkeep
|turn|8
|
|t:|1776321035
|move|p1a: Vivillon|Hurricane|p2a: Gholdengo
|-resisted|p2a: Gholdengo
|-damage|p2a: Gholdengo|40/100
|move|p2a: Gholdengo|Shadow Ball|p1a: Vivillon
|-damage|p1a: Vivillon|0 fnt
|faint|p1a: Vivillon
|
|-heal|p2a: Gholdengo|46/100|[from] item: Leftovers
|upkeep
|
|t:|1776321045
|switch|p1a: Sawsbuck|Sawsbuck, M|100/100
|turn|9
|
|t:|1776321060
|move|p2a: Gholdengo|Focus Blast|p1a: Sawsbuck|[miss]
|-miss|p2a: Gholdengo|p1a: Sawsbuck
|move|p1a: Sawsbuck|Trailblaze|p2a: Gholdengo
|-resisted|p2a: Gholdengo
|-damage|p2a: Gholdengo|31/100
|-boost|p1a: Sawsbuck|spe|1
|
|-heal|p2a: Gholdengo|37/100|[from] item: Leftovers
|upkeep
|turn|10
|
|t:|1776321074
|move|p1a: Sawsbuck|Zen Headbutt|p2a: Gholdengo
|-resisted|p2a: Gholdengo
|-damage|p2a: Gholdengo|22/100
|cant|p2a: Gholdengo|flinch
|
|-heal|p2a: Gholdengo|28/100|[from] item: Leftovers
|upkeep
|turn|11
|
|t:|1776321080
|move|p1a: Sawsbuck|Zen Headbutt|p2a: Gholdengo
|-resisted|p2a: Gholdengo
|-damage|p2a: Gholdengo|14/100
|move|p2a: Gholdengo|Focus Blast|p1a: Sawsbuck
|-supereffective|p1a: Sawsbuck
|-damage|p1a: Sawsbuck|28/100
|
|-heal|p2a: Gholdengo|20/100|[from] item: Leftovers
|upkeep
|turn|12
|
|t:|1776321089
|move|p1a: Sawsbuck|Zen Headbutt|p2a: Gholdengo
|-resisted|p2a: Gholdengo
|-damage|p2a: Gholdengo|4/100
|move|p2a: Gholdengo|Focus Blast|p1a: Sawsbuck
|-supereffective|p1a: Sawsbuck
|-damage|p1a: Sawsbuck|0 fnt
|faint|p1a: Sawsbuck
|
|-heal|p2a: Gholdengo|10/100|[from] item: Leftovers
|upkeep
|
|t:|1776321112
|switch|p1a: Jirachi|Jirachi|51/100
|turn|13
|
|t:|1776321126
|move|p2a: Gholdengo|Shadow Ball|p1a: Jirachi
|-supereffective|p1a: Jirachi
|-damage|p1a: Jirachi|16/100
|-unboost|p1a: Jirachi|spd|1
|move|p1a: Jirachi|Iron Head|p2a: Gholdengo
|-resisted|p2a: Gholdengo
|-damage|p2a: Gholdengo|0 fnt
|faint|p2a: Gholdengo
|
|-heal|p1a: Jirachi|22/100|[from] item: Leftovers
|upkeep
|
|t:|1776321138
|switch|p2a: Ninetales|Ninetales-Alola, M|100/100
|-damage|p2a: Ninetales|88/100|[from] Spikes
|-weather|Snowscape|[from] ability: Snow Warning|[of] p2a: Ninetales
|turn|14
|
|t:|1776321148
|move|p1a: Jirachi|Protect|p1a: Jirachi
|-singleturn|p1a: Jirachi|Protect
|move|p2a: Ninetales|Aurora Veil|p2a: Ninetales
|-sidestart|p2: Sharkerthantheteal|move: Aurora Veil
|
|-weather|Snowscape|[upkeep]
|-heal|p1a: Jirachi|28/100|[from] item: Leftovers
|upkeep
|turn|15
|
|t:|1776321154
|move|p2a: Ninetales|Encore|p1a: Jirachi
|-start|p1a: Jirachi|Encore
|move|p1a: Jirachi|Protect||[still]
|-fail|p1a: Jirachi
|
|-weather|Snowscape|[upkeep]
|-heal|p1a: Jirachi|35/100|[from] item: Leftovers
|upkeep
|turn|16
|inactive|swangzy has 120 seconds left.
|
|t:|1776321162
|switch|p2a: Cetitan|Cetitan, M|100/100
|-damage|p2a: Cetitan|88/100|[from] Spikes
|switch|p1a: Garganacl|Garganacl, M|100/100
|
|-weather|Snowscape|[upkeep]
|upkeep
|turn|17
|inactive|swangzy has 120 seconds left.
|
|t:|1776321175
|move|p2a: Cetitan|Belly Drum|p2a: Cetitan
|-damage|p2a: Cetitan|38/100
|-setboost|p2a: Cetitan|atk|6|[from] move: Belly Drum
|-enditem|p2a: Cetitan|Sitrus Berry|[eat]
|-heal|p2a: Cetitan|63/100|[from] item: Sitrus Berry
|move|p1a: Garganacl|Stealth Rock|p2a: Cetitan
|-sidestart|p2: Sharkerthantheteal|move: Stealth Rock
|
|-weather|Snowscape|[upkeep]
|upkeep
|turn|18
|
|t:|1776321184
|move|p2a: Cetitan|Ice Spinner|p1a: Garganacl
|-crit|p1a: Garganacl
|-damage|p1a: Garganacl|0 fnt
|faint|p1a: Garganacl
|
|-weather|none
|upkeep
|inactive|swangzy has 120 seconds left.
|
|t:|1776321195
|switch|p1a: Jirachi|Jirachi|35/100
|turn|19
|
|t:|1776321201
|-terastallize|p2a: Cetitan|Ice
|move|p2a: Cetitan|Ice Shard|p1a: Jirachi
|-resisted|p1a: Jirachi
|-damage|p1a: Jirachi|0 fnt
|faint|p1a: Jirachi
|
|upkeep
|
|t:|1776321207
|switch|p1a: Gliscor|Gliscor, F|100/100
|turn|20
|
|t:|1776321213
|move|p1a: Gliscor|Protect|p1a: Gliscor
|-singleturn|p1a: Gliscor|Protect
|move|p2a: Cetitan|Ice Shard|p1a: Gliscor
|-activate|p1a: Gliscor|move: Protect
|
|-status|p1a: Gliscor|tox|[from] item: Toxic Orb
|upkeep
|turn|21
|c|☆Sharkerthantheteal|gg
|
|t:|1776321220
|move|p2a: Cetitan|Ice Shard|p1a: Gliscor
|-supereffective|p1a: Gliscor
|-crit|p1a: Gliscor
|-damage|p1a: Gliscor|0 fnt
|faint|p1a: Gliscor
|
|win|Sharkerthantheteal
|raw|swangzy's rating: 1192 &rarr; <strong>1166</strong><br />(-26 for losing)
|raw|Sharkerthantheteal's rating: 1174 &rarr; <strong>1200</strong><br />(+26 for winning)
|l|☆swangzy
|player|p1|
