|html|<div class="broadcast-blue"><strong>[Gen 9] OU is currently suspecting Volcarona! For information on how to participate check out the <a href="https://www.smogon.com/tools/suspects/view/208">suspect thread</a>.</strong></div>
|j|☆Manolinfp
|j|☆Alexis-steel100
|t:|1778496593
|gametype|singles
|player|p1|Manolinfp|2|1159
|player|p2|Alexis-steel100|hilbert|1141
|gen|9
|tier|[Gen 9] OU
|rated|
|rule|HP Percentage Mod: HP is shown in percentages
|rule|Endless Battle Clause: Forcing endless battles is banned
|rule|Species Clause: Limit one of each Pokémon
|rule|OHKO Clause: OHKO moves are banned
|rule|Evasion Items Clause: Evasion items are banned
|rule|Evasion Moves Clause: Evasion moves are banned
|rule|Evasion Abilities Clause: Evasion abilities are banned
|rule|Sleep Moves Clause: Sleep-inducing moves are banned
|clearpoke
|poke|p1|Gliscor, F|
|poke|p1|Clodsire, F|
|poke|p1|Venusaur, F|
|poke|p1|Smeargle, F|
|poke|p1|Garganacl, F|
|poke|p1|Kingambit, F|
|poke|p2|Espeon, F|
|poke|p2|Umbreon, F|
|poke|p2|Leafeon, M|
|poke|p2|Sylveon, F|
|poke|p2|Jolteon, M|
|poke|p2|Vaporeon, M|
|teampreview
|inactive|Battle timer is ON: inactive players will automatically lose when time's up. (requested by Manolinfp)
|c|☆Manolinfp|wow all evolutiond
|inactive|Alexis-steel100 has 120 seconds left.
|
|t:|1778496628
|teamsize|p1|6
|teamsize|p2|6
|start
|switch|p1a: Gliscor|Gliscor, F|100/100
|switch|p2a: Vaporeon|Vaporeon, M|100/100
|turn|1
|
|t:|1778496637
|move|p1a: Gliscor|Toxic|p2a: Vaporeon
|-status|p2a: Vaporeon|tox
|move|p2a: Vaporeon|Scald|p1a: Gliscor
|-supereffective|p1a: Gliscor
|-damage|p1a: Gliscor|30/100
|
|-damage|p2a: Vaporeon|94/100 tox|[from] psn
|-status|p1a: Gliscor|tox|[from] item: Toxic Orb
|upkeep
|turn|2
|
|t:|1778496646
|move|p1a: Gliscor|Protect|p1a: Gliscor
|-singleturn|p1a: Gliscor|Protect
|move|p2a: Vaporeon|Scald|p1a: Gliscor
|-activate|p1a: Gliscor|move: Protect
|
|-heal|p2a: Vaporeon|100/100 tox|[from] item: Leftovers
|-heal|p1a: Gliscor|43/100 tox|[from] ability: Poison Heal
|-damage|p2a: Vaporeon|88/100 tox|[from] psn
|upkeep
|turn|3
|
|t:|1778496655
|move|p1a: Gliscor|Substitute|p1a: Gliscor
|-start|p1a: Gliscor|Substitute
|-damage|p1a: Gliscor|18/100 tox
|move|p2a: Vaporeon|Scald|p1a: Gliscor
|-supereffective|p1a: Gliscor
|-end|p1a: Gliscor|Substitute
|
|-heal|p2a: Vaporeon|94/100 tox|[from] item: Leftovers
|-heal|p1a: Gliscor|30/100 tox|[from] ability: Poison Heal
|-damage|p2a: Vaporeon|75/100 tox|[from] psn
|upkeep
|turn|4
|
|t:|1778496665
|switch|p2a: Umbreon|Umbreon, F|100/100
|move|p1a: Gliscor|Protect||[still]
|-fail|p1a: Gliscor
|
|-heal|p1a: Gliscor|43/100 tox|[from] ability: Poison Heal
|upkeep
|turn|5
|
|t:|1778496672
|-terastallize|p2a: Umbreon|Poison
|move|p1a: Gliscor|Toxic|p2a: Umbreon
|-immune|p2a: Umbreon
|move|p2a: Umbreon|Foul Play|p1a: Gliscor
|-damage|p1a: Gliscor|23/100 tox
|
|-heal|p1a: Gliscor|35/100 tox|[from] ability: Poison Heal
|upkeep
|turn|6
|
|t:|1778496680
|move|p1a: Gliscor|Substitute|p1a: Gliscor
|-start|p1a: Gliscor|Substitute
|-damage|p1a: Gliscor|10/100 tox
|move|p2a: Umbreon|Foul Play|p1a: Gliscor
|-activate|p1a: Gliscor|move: Substitute|[damage]
|
|-heal|p1a: Gliscor|23/100 tox|[from] ability: Poison Heal
|upkeep
|turn|7
|
|t:|1778496688
|move|p1a: Gliscor|Protect|p1a: Gliscor
|-singleturn|p1a: Gliscor|Protect
|move|p2a: Umbreon|Foul Play|p1a: Gliscor
|-activate|p1a: Gliscor|move: Protect
|
|-heal|p1a: Gliscor|35/100 tox|[from] ability: Poison Heal
|upkeep
|turn|8
|
|t:|1778496708
|move|p1a: Gliscor|Facade|p2a: Umbreon
|-damage|p2a: Umbreon|82/100
|move|p2a: Umbreon|Foul Play|p1a: Gliscor
|-end|p1a: Gliscor|Substitute
|
|-heal|p2a: Umbreon|88/100|[from] item: Leftovers
|-heal|p1a: Gliscor|47/100 tox|[from] ability: Poison Heal
|upkeep
|turn|9
|inactive|Alexis-steel100 has 120 seconds left.
|
|t:|1778496745
|switch|p2a: Espeon|Espeon, F|100/100
|move|p1a: Gliscor|Protect||[still]
|-fail|p1a: Gliscor
|
|-heal|p1a: Gliscor|60/100 tox|[from] ability: Poison Heal
|upkeep
|turn|10
|
|t:|1778496758
|move|p2a: Espeon|Psychic|p1a: Gliscor
|-damage|p1a: Gliscor|0 fnt
|faint|p1a: Gliscor
|
|upkeep
|
|t:|1778496763
|switch|p1a: Clodsire|Clodsire, F|100/100
|turn|11
|
|t:|1778496768
|move|p2a: Espeon|Psychic|p1a: Clodsire
|-supereffective|p1a: Clodsire
|-damage|p1a: Clodsire|24/100
|move|p1a: Clodsire|Toxic|p2a: Espeon
|move|p2a: Espeon|Toxic|p1a: Clodsire|[from] ability: Magic Bounce
|-immune|p1a: Clodsire
|
|-heal|p1a: Clodsire|30/100|[from] item: Leftovers
|upkeep
|turn|12
|
|t:|1778496777
|move|p1a: Clodsire|Protect|p1a: Clodsire
|-singleturn|p1a: Clodsire|Protect
|move|p2a: Espeon|Psychic|p1a: Clodsire
|-activate|p1a: Clodsire|move: Protect
|
|-heal|p1a: Clodsire|36/100|[from] item: Leftovers
|upkeep
|turn|13
|
|t:|1778496783
|move|p2a: Espeon|Psychic|p1a: Clodsire
|-supereffective|p1a: Clodsire
|-damage|p1a: Clodsire|0 fnt
|faint|p1a: Clodsire
|
|upkeep
|
|t:|1778496787
|switch|p1a: Smeargle|Smeargle, F|100/100
|turn|14
|
|t:|1778496795
|move|p2a: Espeon|Psychic|p1a: Smeargle
|-enditem|p1a: Smeargle|Focus Sash
|-damage|p1a: Smeargle|1/100
|move|p1a: Smeargle|Ceaseless Edge|p2a: Espeon
|-supereffective|p2a: Espeon
|-damage|p2a: Espeon|82/100
|-sidestart|p2: Alexis-steel100|Spikes
|
|upkeep
|turn|15
|
|t:|1778496804
|move|p1a: Smeargle|Burning Bulwark|p1a: Smeargle
|-singleturn|p1a: Smeargle|move: Protect
|move|p2a: Espeon|Psychic|p1a: Smeargle
|-activate|p1a: Smeargle|move: Protect
|
|upkeep
|turn|16
|
|t:|1778496810
|move|p2a: Espeon|Psychic|p1a: Smeargle
|-damage|p1a: Smeargle|0 fnt
|faint|p1a: Smeargle
|
|upkeep
|
|t:|1778496815
|switch|p1a: sorry|Garganacl, F|100/100
|turn|17
|
|t:|1778496820
|move|p2a: Espeon|Psychic|p1a: sorry
|-damage|p1a: sorry|36/100
|move|p1a: sorry|Salt Cure|p2a: Espeon
|-damage|p2a: Espeon|56/100
|-start|p2a: Espeon|Salt Cure
|
|-heal|p1a: sorry|42/100|[from] item: Leftovers
|-damage|p2a: Espeon|44/100|[from] Salt Cure
|upkeep
|turn|18
|
|t:|1778496829
|move|p1a: sorry|Protect|p1a: sorry
|-singleturn|p1a: sorry|Protect
|move|p2a: Espeon|Psychic|p1a: sorry
|-activate|p1a: sorry|move: Protect
|
|-heal|p1a: sorry|48/100|[from] item: Leftovers
|-damage|p2a: Espeon|32/100|[from] Salt Cure
|upkeep
|turn|19
|
|t:|1778496843
|switch|p1a: Kingambit|Kingambit, F, shiny|100/100
|-activate|p1a: Kingambit|ability: Supreme Overlord
|-start|p1a: Kingambit|fallen3|[silent]
|move|p2a: Espeon|Psychic|p1a: Kingambit
|-immune|p1a: Kingambit
|
|-damage|p2a: Espeon|20/100|[from] Salt Cure
|upkeep
|turn|20
|
|t:|1778496857
|switch|p2a: Vaporeon|Vaporeon, M|75/100 tox
|-damage|p2a: Vaporeon|63/100 tox|[from] Spikes
|-end|p1a: Kingambit|fallen3|[silent]
|switch|p1a: sorry|Garganacl, F|48/100
|
|-heal|p2a: Vaporeon|69/100 tox|[from] item: Leftovers
|-heal|p1a: sorry|54/100|[from] item: Leftovers
|-damage|p2a: Vaporeon|63/100 tox|[from] psn
|upkeep
|turn|21
|
|t:|1778496867
|move|p1a: sorry|Protect|p1a: sorry
|-singleturn|p1a: sorry|Protect
|move|p2a: Vaporeon|Scald|p1a: sorry
|-activate|p1a: sorry|move: Protect
|
|-heal|p2a: Vaporeon|69/100 tox|[from] item: Leftovers
|-heal|p1a: sorry|60/100|[from] item: Leftovers
|-damage|p2a: Vaporeon|57/100 tox|[from] psn
|upkeep
|turn|22
|
|t:|1778496878
|move|p2a: Vaporeon|Scald|p1a: sorry
|-supereffective|p1a: sorry
|-damage|p1a: sorry|4/100
|move|p1a: sorry|Salt Cure|p2a: Vaporeon
|-damage|p2a: Vaporeon|45/100 tox
|-start|p2a: Vaporeon|Salt Cure
|
|-heal|p2a: Vaporeon|51/100 tox|[from] item: Leftovers
|-heal|p1a: sorry|10/100|[from] item: Leftovers
|-damage|p2a: Vaporeon|32/100 tox|[from] psn
|-damage|p2a: Vaporeon|7/100 tox|[from] Salt Cure
|upkeep
|turn|23
|
|t:|1778496902
|move|p1a: sorry|Protect|p1a: sorry
|-singleturn|p1a: sorry|Protect
|move|p2a: Vaporeon|Wish|p2a: Vaporeon
|
|-heal|p2a: Vaporeon|14/100 tox|[from] item: Leftovers
|-heal|p1a: sorry|16/100|[from] item: Leftovers
|-damage|p2a: Vaporeon|0 fnt|[from] psn
|faint|p2a: Vaporeon
|upkeep
|
|t:|1778496914
|switch|p2a: Espeon|Espeon, F|20/100
|-damage|p2a: Espeon|8/100|[from] Spikes
|turn|24
|
|t:|1778496925
|switch|p1a: Kingambit|Kingambit, F, shiny|100/100
|-activate|p1a: Kingambit|ability: Supreme Overlord
|-start|p1a: Kingambit|fallen3|[silent]
|move|p2a: Espeon|Alluring Voice|p1a: Kingambit
|-crit|p1a: Kingambit
|-damage|p1a: Kingambit|39/100
|
|-heal|p2a: Espeon|93/100|[from] move: Wish|[wisher] Vaporeon
|upkeep
|turn|25
|
|t:|1778496933
|move|p1a: Kingambit|Sucker Punch|p2a: Espeon
|-supereffective|p2a: Espeon
|-damage|p2a: Espeon|0 fnt
|faint|p2a: Espeon
|
|upkeep
|
|t:|1778496941
|switch|p2a: Sylveon|Sylveon, F|100/100
|-damage|p2a: Sylveon|88/100|[from] Spikes
|turn|26
|
|t:|1778496946
|move|p2a: Sylveon|Hyper Voice|p1a: Kingambit
|-damage|p1a: Kingambit|0 fnt
|faint|p1a: Kingambit
|-end|p1a: Kingambit|fallen3|[silent]
|
|upkeep
|
|t:|1778496950
|switch|p1a: sorry|Garganacl, F|16/100
|turn|27
|
|t:|1778496955
|move|p2a: Sylveon|Hyper Voice|p1a: sorry
|-damage|p1a: sorry|0 fnt
|faint|p1a: sorry
|
|upkeep
|c|☆Manolinfp|gg
|-message|Manolinfp forfeited.
|
|win|Alexis-steel100
|raw|Manolinfp's rating: 1159 &rarr; <strong>1133</strong><br />(-26 for losing)
|raw|Alexis-steel100's rating: 1141 &rarr; <strong>1167</strong><br />(+26 for winning)
|l|☆Manolinfp
|player|p1|
|c|☆Alexis-steel100|thanks
|l|☆Alexis-steel100
|player|p2|
