|html|<div class="broadcast-blue"><strong>[Gen 9] OU is currently suspecting Tera Blast! For information on how to participate check out the <a href="https://www.smogon.com/tools/suspects/view/200">suspect thread</a>.</strong></div>
|j|☆magistermilitum420
|j|☆GlitchRyuu
|t:|1776033261
|gametype|singles
|player|p1|magistermilitum420|blue|1149
|player|p2|GlitchRyuu|170|1127
|gen|9
|tier|[Gen 9] OU
|rated|
|rule|HP Percentage Mod: HP is shown in percentages
|rule|Endless Battle Clause: Forcing endless battles is banned
|rule|Species Clause: Limit one of each Pokémon
|rule|OHKO Clause: OHKO moves are banned
|rule|Evasion Items Clause: Evasion items are banned
|rule|Evasion Moves Clause: Evasion moves are banned
|rule|Evasion Abilities Clause: Evasion abilities are banned
|rule|Sleep Moves Clause: Sleep-inducing moves are banned
|clearpoke
|poke|p1|Meowscarada, M|
|poke|p1|Great Tusk|
|poke|p1|Alomomola, F|
|poke|p1|Slowking-Galar, F|
|poke|p1|Dragonite, F|
|poke|p1|Heatran, F|
|poke|p2|Zoroark-Hisui, M|
|poke|p2|Goodra-Hisui, F|
|poke|p2|Garchomp, F|
|poke|p2|Primarina, F|
|poke|p2|Dragonite, F|
|poke|p2|Vigoroth, M|
|teampreview
|
|t:|1776033266
|teamsize|p1|6
|teamsize|p2|6
|start
|switch|p1a: Mahad|Meowscarada, M, shiny|100/100
|switch|p2a: Vigoroth|Vigoroth, M, shiny|100/100
|turn|1
|
|t:|1776033283
|move|p1a: Mahad|U-turn|p2a: Vigoroth
|-start|p1a: Mahad|typechange|Bug|[from] ability: Protean
|-resisted|p2a: Vigoroth
|-damage|p2a: Vigoroth|68/100
|replace|p2a: Zoroark|Zoroark-Hisui, M, shiny
|-end|p2a: Zoroark|Illusion
|
|t:|1776033300
|switch|p1a: Mithridates|Slowking-Galar, F|100/100|[from] U-turn
|move|p2a: Zoroark|Brick Break|p1a: Mithridates
|-resisted|p1a: Mithridates
|-damage|p1a: Mithridates|93/100
|
|upkeep
|turn|2
|
|t:|1776033320
|switch|p2a: Goodra|Goodra-Hisui, F|100/100
|switch|p1a: Charybdis|Alomomola, F, shiny|100/100
|
|upkeep
|turn|3
|
|t:|1776033328
|move|p1a: Charybdis|Scald|p2a: Goodra
|-resisted|p2a: Goodra
|-damage|p2a: Goodra|97/100
|move|p2a: Goodra|Curse|p2a: Goodra
|-unboost|p2a: Goodra|spe|1
|-boost|p2a: Goodra|atk|1
|-boost|p2a: Goodra|def|1
|
|-heal|p2a: Goodra|100/100|[from] item: Leftovers
|upkeep
|turn|4
|
|t:|1776033339
|move|p1a: Charybdis|Scald|p2a: Goodra
|-resisted|p2a: Goodra
|-damage|p2a: Goodra|97/100
|move|p2a: Goodra|Curse|p2a: Goodra
|-unboost|p2a: Goodra|spe|1
|-boost|p2a: Goodra|atk|1
|-boost|p2a: Goodra|def|1
|
|-heal|p2a: Goodra|100/100|[from] item: Leftovers
|upkeep
|turn|5
|
|t:|1776033357
|move|p1a: Charybdis|Scald|p2a: Goodra
|-resisted|p2a: Goodra
|-damage|p2a: Goodra|97/100
|-status|p2a: Goodra|brn
|move|p2a: Goodra|Curse|p2a: Goodra
|-unboost|p2a: Goodra|spe|1
|-boost|p2a: Goodra|atk|1
|-boost|p2a: Goodra|def|1
|
|-heal|p2a: Goodra|100/100 brn|[from] item: Leftovers
|-damage|p2a: Goodra|94/100 brn|[from] brn
|upkeep
|turn|6
|
|t:|1776033369
|move|p1a: Charybdis|Protect|p1a: Charybdis
|-singleturn|p1a: Charybdis|Protect
|move|p2a: Goodra|Curse|p2a: Goodra
|-unboost|p2a: Goodra|spe|1
|-boost|p2a: Goodra|atk|1
|-boost|p2a: Goodra|def|1
|
|-heal|p2a: Goodra|100/100 brn|[from] item: Leftovers
|-damage|p2a: Goodra|94/100 brn|[from] brn
|upkeep
|turn|7
|
|t:|1776033399
|-terastallize|p1a: Charybdis|Ghost
|move|p1a: Charybdis|Wish|p1a: Charybdis
|move|p2a: Goodra|Curse|p2a: Goodra
|-unboost|p2a: Goodra|spe|1
|-boost|p2a: Goodra|atk|1
|-boost|p2a: Goodra|def|1
|
|-heal|p2a: Goodra|100/100 brn|[from] item: Leftovers
|-damage|p2a: Goodra|94/100 brn|[from] brn
|upkeep
|turn|8
|
|t:|1776033408
|move|p1a: Charybdis|Protect|p1a: Charybdis
|-singleturn|p1a: Charybdis|Protect
|move|p2a: Goodra|Curse|p2a: Goodra
|-unboost|p2a: Goodra|spe|1
|-boost|p2a: Goodra|atk|1
|-boost|p2a: Goodra|def|1
|
|-heal|p2a: Goodra|100/100 brn|[from] item: Leftovers
|-damage|p2a: Goodra|94/100 brn|[from] brn
|upkeep
|turn|9
|
|t:|1776033418
|move|p1a: Charybdis|Scald|p2a: Goodra
|-resisted|p2a: Goodra
|-damage|p2a: Goodra|91/100 brn
|move|p2a: Goodra|Draco Meteor|p1a: Charybdis
|-damage|p1a: Charybdis|42/100
|-unboost|p2a: Goodra|spa|2
|
|-heal|p2a: Goodra|97/100 brn|[from] item: Leftovers
|-damage|p2a: Goodra|91/100 brn|[from] brn
|upkeep
|turn|10
|
|t:|1776033433
|move|p1a: Charybdis|Wish|p1a: Charybdis
|move|p2a: Goodra|Gyro Ball|p1a: Charybdis
|-damage|p1a: Charybdis|3/100
|
|-heal|p2a: Goodra|97/100 brn|[from] item: Leftovers
|-damage|p2a: Goodra|91/100 brn|[from] brn
|upkeep
|turn|11
|
|t:|1776033443
|move|p1a: Charybdis|Protect|p1a: Charybdis
|-singleturn|p1a: Charybdis|Protect
|move|p2a: Goodra|Gyro Ball|p1a: Charybdis
|-activate|p1a: Charybdis|move: Protect
|
|-heal|p1a: Charybdis|53/100|[from] move: Wish|[wisher] Charybdis
|-heal|p2a: Goodra|97/100 brn|[from] item: Leftovers
|-damage|p2a: Goodra|91/100 brn|[from] brn
|upkeep
|turn|12
|
|t:|1776033460
|move|p1a: Charybdis|Flip Turn|p2a: Goodra
|-resisted|p2a: Goodra
|-damage|p2a: Goodra|89/100 brn
|
|t:|1776033463
|switch|p1a: Vulcanus|Heatran, F, shiny|100/100|[from] Flip Turn
|move|p2a: Goodra|Gyro Ball|p1a: Vulcanus
|-resisted|p1a: Vulcanus
|-damage|p1a: Vulcanus|75/100
|
|-heal|p2a: Goodra|95/100 brn|[from] item: Leftovers
|-damage|p2a: Goodra|89/100 brn|[from] brn
|upkeep
|turn|13
|
|t:|1776033472
|move|p1a: Vulcanus|Earth Power|p2a: Goodra
|-supereffective|p2a: Goodra
|-damage|p2a: Goodra|40/100 brn
|move|p2a: Goodra|Body Press|p1a: Vulcanus
|-supereffective|p1a: Vulcanus
|-damage|p1a: Vulcanus|0 fnt
|faint|p1a: Vulcanus
|
|-heal|p2a: Goodra|46/100 brn|[from] item: Leftovers
|-damage|p2a: Goodra|40/100 brn|[from] brn
|upkeep
|
|t:|1776033500
|switch|p1a: Barca|Great Tusk|100/100
|turn|14
|
|t:|1776033510
|move|p1a: Barca|Close Combat|p2a: Goodra
|-supereffective|p2a: Goodra
|-damage|p2a: Goodra|7/100 brn
|-unboost|p1a: Barca|def|1
|-unboost|p1a: Barca|spd|1
|move|p2a: Goodra|Gyro Ball|p1a: Barca
|-damage|p1a: Barca|0 fnt
|faint|p1a: Barca
|-end|p1a: Barca|Protosynthesis|[silent]
|
|-heal|p2a: Goodra|13/100 brn|[from] item: Leftovers
|-damage|p2a: Goodra|7/100 brn|[from] brn
|upkeep
|-message|magistermilitum420 forfeited.
|
|win|GlitchRyuu
|raw|magistermilitum420's rating: 1149 &rarr; <strong>1122</strong><br />(-27 for losing)
|raw|GlitchRyuu's rating: 1127 &rarr; <strong>1154</strong><br />(+27 for winning)
|l|☆magistermilitum420
|player|p1|
|l|☆GlitchRyuu
|player|p2|
