|html|<div class="broadcast-blue"><strong>[Gen 9] OU is currently suspecting Tera Blast! For information on how to participate check out the <a href="https://www.smogon.com/tools/suspects/view/200">suspect thread</a>.</strong></div>
|j|☆Reaper542
|j|☆CheddarCheese16
|t:|1776094134
|gametype|singles
|player|p1|Reaper542|170|1127
|player|p2|CheddarCheese16|170|1128
|gen|9
|tier|[Gen 9] OU
|rated|
|rule|HP Percentage Mod: HP is shown in percentages
|rule|Endless Battle Clause: Forcing endless battles is banned
|rule|Species Clause: Limit one of each Pokémon
|rule|OHKO Clause: OHKO moves are banned
|rule|Evasion Items Clause: Evasion items are banned
|rule|Evasion Moves Clause: Evasion moves are banned
|rule|Evasion Abilities Clause: Evasion abilities are banned
|rule|Sleep Moves Clause: Sleep-inducing moves are banned
|clearpoke
|poke|p1|Politoed, F|
|poke|p1|Overqwil, F|
|poke|p1|Kingdra, M|
|poke|p1|Beartic, M|
|poke|p1|Sliggoo-Hisui, M|
|poke|p1|Manaphy|
|poke|p2|Samurott-Hisui, M|
|poke|p2|Ogerpon-Wellspring, F|
|poke|p2|Gliscor, F|
|poke|p2|Moltres|
|poke|p2|Crawdaunt, M|
|poke|p2|Zamazenta-*|
|teampreview
|inactive|Battle timer is ON: inactive players will automatically lose when time's up. (requested by CheddarCheese16)
|
|t:|1776094153
|teamsize|p1|6
|teamsize|p2|6
|start
|switch|p1a: Politoed|Politoed, F|100/100
|switch|p2a: Samurott|Samurott-Hisui, M|100/100
|-weather|RainDance|[from] ability: Drizzle|[of] p1a: Politoed
|turn|1
|
|t:|1776094161
|switch|p1a: Overqwil|Overqwil, F|100/100
|move|p2a: Samurott|Ceaseless Edge|p1a: Overqwil
|-resisted|p1a: Overqwil
|-damage|p1a: Overqwil|72/100
|-sidestart|p1: Reaper542|Spikes
|
|-weather|RainDance|[upkeep]
|upkeep
|turn|2
|
|t:|1776094171
|switch|p2a: Ogerpon|Ogerpon-Wellspring, F|100/100
|move|p1a: Overqwil|Swords Dance|p1a: Overqwil
|-boost|p1a: Overqwil|atk|2
|
|-weather|RainDance|[upkeep]
|upkeep
|turn|3
|
|t:|1776094176
|switch|p2a: Moltres|Moltres|100/100
|move|p1a: Overqwil|Barb Barrage|p2a: Moltres
|-damage|p2a: Moltres|43/100
|-status|p2a: Moltres|psn
|-damage|p1a: Overqwil|62/100|[from] item: Life Orb
|
|-weather|RainDance|[upkeep]
|-damage|p2a: Moltres|30/100 psn|[from] psn
|upkeep
|turn|4
|
|t:|1776094187
|move|p1a: Overqwil|Barb Barrage|p2a: Moltres
|-damage|p2a: Moltres|0 fnt
|faint|p2a: Moltres
|-damage|p1a: Overqwil|52/100|[from] item: Life Orb
|
|-weather|RainDance|[upkeep]
|upkeep
|
|t:|1776094191
|switch|p2a: Crawdaunt|Crawdaunt, M|100/100
|turn|5
|
|t:|1776094200
|-terastallize|p2a: Crawdaunt|Water
|move|p2a: Crawdaunt|Aqua Jet|p1a: Overqwil
|-damage|p1a: Overqwil|0 fnt
|faint|p1a: Overqwil
|
|-weather|RainDance|[upkeep]
|upkeep
|
|t:|1776094206
|switch|p1a: Kingdra|Kingdra, M|100/100
|turn|6
|
|t:|1776094212
|switch|p2a: Gliscor|Gliscor, F|100/100
|move|p1a: Kingdra|Hurricane|p2a: Gliscor
|-damage|p2a: Gliscor|71/100
|-start|p2a: Gliscor|confusion
|
|-weather|RainDance|[upkeep]
|-status|p2a: Gliscor|tox|[from] item: Toxic Orb
|upkeep
|turn|7
|
|t:|1776094216
|-activate|p2a: Gliscor|confusion
|move|p2a: Gliscor|Protect|p2a: Gliscor
|-singleturn|p2a: Gliscor|Protect
|move|p1a: Kingdra|Ice Beam|p2a: Gliscor
|-activate|p2a: Gliscor|move: Protect
|
|-weather|RainDance|[upkeep]
|-heal|p2a: Gliscor|83/100 tox|[from] ability: Poison Heal
|upkeep
|turn|8
|
|t:|1776094222
|switch|p2a: Samurott|Samurott-Hisui, M|100/100
|move|p1a: Kingdra|Ice Beam|p2a: Samurott
|-resisted|p2a: Samurott
|-damage|p2a: Samurott|81/100
|
|-weather|none
|upkeep
|turn|9
|
|t:|1776094231
|switch|p1a: Sliggoo|Sliggoo-Hisui, M|100/100
|-damage|p1a: Sliggoo|88/100|[from] Spikes
|move|p2a: Samurott|Ceaseless Edge|p1a: Sliggoo
|-damage|p1a: Sliggoo|45/100
|-sidestart|p1: Reaper542|Spikes
|
|upkeep
|turn|10
|
|t:|1776094236
|move|p2a: Samurott|Ceaseless Edge|p1a: Sliggoo|[miss]
|-miss|p2a: Samurott|p1a: Sliggoo
|move|p1a: Sliggoo|Thunderbolt|p2a: Samurott
|-supereffective|p2a: Samurott
|-damage|p2a: Samurott|32/100
|
|upkeep
|turn|11
|
|t:|1776094241
|move|p2a: Samurott|Ceaseless Edge|p1a: Sliggoo
|-damage|p1a: Sliggoo|6/100
|-sidestart|p1: Reaper542|Spikes
|move|p1a: Sliggoo|Thunderbolt|p2a: Samurott
|-supereffective|p2a: Samurott
|-damage|p2a: Samurott|0 fnt
|faint|p2a: Samurott
|
|upkeep
|
|t:|1776094244
|switch|p2a: Crawdaunt|Crawdaunt, M, tera:Water|100/100
|turn|12
|
|t:|1776094246
|move|p1a: Sliggoo|Protect|p1a: Sliggoo
|-singleturn|p1a: Sliggoo|Protect
|move|p2a: Crawdaunt|Dragon Dance|p2a: Crawdaunt
|-boost|p2a: Crawdaunt|atk|1
|-boost|p2a: Crawdaunt|spe|1
|
|upkeep
|turn|13
|
|t:|1776094255
|move|p2a: Crawdaunt|Aqua Jet|p1a: Sliggoo
|-resisted|p1a: Sliggoo
|-damage|p1a: Sliggoo|0 fnt
|faint|p1a: Sliggoo
|
|upkeep
|
|t:|1776094258
|switch|p1a: Politoed|Politoed, F|100/100
|-damage|p1a: Politoed|76/100|[from] Spikes
|-weather|RainDance|[from] ability: Drizzle|[of] p1a: Politoed
|turn|14
|
|t:|1776094262
|move|p2a: Crawdaunt|Knock Off|p1a: Politoed
|-crit|p1a: Politoed
|-damage|p1a: Politoed|0 fnt
|-enditem|p1a: Politoed|Damp Rock|[from] move: Knock Off|[of] p2a: Crawdaunt
|faint|p1a: Politoed
|
|-weather|RainDance|[upkeep]
|upkeep
|
|t:|1776094271
|switch|p1a: Kingdra|Kingdra, M|100/100
|turn|15
|
|t:|1776094274
|move|p1a: Kingdra|Hurricane|p2a: Crawdaunt
|-damage|p2a: Crawdaunt|33/100
|-start|p2a: Crawdaunt|confusion
|-activate|p2a: Crawdaunt|confusion
|-damage|p2a: Crawdaunt|2/100|[from] confusion
|
|-weather|RainDance|[upkeep]
|upkeep
|turn|16
|
|t:|1776094280
|-activate|p2a: Crawdaunt|confusion
|-damage|p2a: Crawdaunt|0 fnt|[from] confusion
|faint|p2a: Crawdaunt
|move|p1a: Kingdra|Hurricane|p2: Crawdaunt|[notarget]
|-fail|p1a: Kingdra
|
|-weather|RainDance|[upkeep]
|upkeep
|c|☆CheddarCheese16|right
|
|t:|1776094293
|switch|p2a: Ogerpon|Ogerpon-Wellspring, F|100/100
|turn|17
|
|t:|1776094295
|move|p1a: Kingdra|Hurricane|p2a: Ogerpon
|-supereffective|p2a: Ogerpon
|-damage|p2a: Ogerpon|19/100
|-start|p2a: Ogerpon|confusion
|-activate|p2a: Ogerpon|confusion
|-damage|p2a: Ogerpon|0 fnt|[from] confusion
|faint|p2a: Ogerpon
|
|-weather|RainDance|[upkeep]
|upkeep
|c|☆Reaper542|wow
|
|t:|1776094321
|switch|p2a: Gliscor|Gliscor, F|83/100 tox
|turn|18
|
|t:|1776094323
|move|p2a: Gliscor|Protect|p2a: Gliscor
|-singleturn|p2a: Gliscor|Protect
|move|p1a: Kingdra|Ice Beam|p2a: Gliscor
|-activate|p2a: Gliscor|move: Protect
|
|-weather|RainDance|[upkeep]
|-heal|p2a: Gliscor|96/100 tox|[from] ability: Poison Heal
|upkeep
|turn|19
|
|t:|1776094331
|move|p1a: Kingdra|Ice Beam|p2a: Gliscor
|-supereffective|p2a: Gliscor
|-damage|p2a: Gliscor|4/100 tox
|move|p2a: Gliscor|Stealth Rock|p1a: Kingdra
|-sidestart|p1: Reaper542|move: Stealth Rock
|
|-weather|RainDance|[upkeep]
|-heal|p2a: Gliscor|17/100 tox|[from] ability: Poison Heal
|upkeep
|turn|20
|
|t:|1776094339
|move|p2a: Gliscor|Protect|p2a: Gliscor
|-singleturn|p2a: Gliscor|Protect
|move|p1a: Kingdra|Hurricane|p2a: Gliscor
|-activate|p2a: Gliscor|move: Protect
|
|-weather|RainDance|[upkeep]
|-heal|p2a: Gliscor|29/100 tox|[from] ability: Poison Heal
|upkeep
|turn|21
|
|t:|1776094342
|move|p1a: Kingdra|Ice Beam|p2a: Gliscor
|-supereffective|p2a: Gliscor
|-damage|p2a: Gliscor|0 fnt
|faint|p2a: Gliscor
|
|-weather|none
|upkeep
|
|t:|1776094344
|switch|p2a: Zamazenta|Zamazenta|100/100
|-ability|p2a: Zamazenta|Dauntless Shield|boost
|-boost|p2a: Zamazenta|def|1
|turn|22
|
|t:|1776094351
|move|p2a: Zamazenta|Iron Defense|p2a: Zamazenta
|-boost|p2a: Zamazenta|def|2
|move|p1a: Kingdra|Hurricane|p2a: Zamazenta
|-supereffective|p2a: Zamazenta
|-damage|p2a: Zamazenta|38/100
|
|-heal|p2a: Zamazenta|44/100|[from] item: Leftovers
|upkeep
|turn|23
|
|t:|1776094357
|move|p2a: Zamazenta|Body Press|p1a: Kingdra
|-damage|p1a: Kingdra|0 fnt
|faint|p1a: Kingdra
|
|-heal|p2a: Zamazenta|50/100|[from] item: Leftovers
|upkeep
|
|t:|1776094359
|switch|p1a: Manaphy|Manaphy|100/100
|-damage|p1a: Manaphy|76/100|[from] Spikes
|-damage|p1a: Manaphy|63/100|[from] Stealth Rock
|turn|24
|
|t:|1776094364
|move|p2a: Zamazenta|Body Press|p1a: Manaphy
|-damage|p1a: Manaphy|0 fnt
|faint|p1a: Manaphy
|
|-heal|p2a: Zamazenta|56/100|[from] item: Leftovers
|upkeep
|
|t:|1776094365
|switch|p1a: Beartic|Beartic, M|100/100
|-damage|p1a: Beartic|75/100|[from] Spikes
|-damage|p1a: Beartic|50/100|[from] Stealth Rock
|turn|25
|
|t:|1776094368
|move|p2a: Zamazenta|Body Press|p1a: Beartic
|-supereffective|p1a: Beartic
|-damage|p1a: Beartic|0 fnt
|faint|p1a: Beartic
|
|win|CheddarCheese16
|raw|Reaper542's rating: 1127 &rarr; <strong>1102</strong><br />(-25 for losing)
|raw|CheddarCheese16's rating: 1128 &rarr; <strong>1153</strong><br />(+25 for winning)
|l|☆Reaper542
|player|p1|
|l|☆CheddarCheese16
|player|p2|
