|html|<div class="broadcast-blue"><strong>[Gen 9] OU is currently suspecting Tera Blast! For information on how to participate check out the <a href="https://www.smogon.com/tools/suspects/view/200">suspect thread</a>.</strong></div>
|j|‽rank 1 greninja
|j|☆Villixy
|t:|1776208644
|gametype|singles
|player|p1|rank 1 greninja|265|1420
|player|p2|Villixy|swimmerf|1436
|gen|9
|tier|[Gen 9] OU
|rated|
|rule|HP Percentage Mod: HP is shown in percentages
|rule|Endless Battle Clause: Forcing endless battles is banned
|rule|Species Clause: Limit one of each Pokémon
|rule|OHKO Clause: OHKO moves are banned
|rule|Evasion Items Clause: Evasion items are banned
|rule|Evasion Moves Clause: Evasion moves are banned
|rule|Evasion Abilities Clause: Evasion abilities are banned
|rule|Sleep Moves Clause: Sleep-inducing moves are banned
|clearpoke
|poke|p1|Pelipper, M|
|poke|p1|Tornadus-Therian, M|
|poke|p1|Barraskewda, F|
|poke|p1|Iron Treads|
|poke|p1|Ludicolo, M|
|poke|p1|Poliwrath, F|
|poke|p2|Zamazenta-*|
|poke|p2|Cresselia, F|
|poke|p2|Ceruledge, M|
|poke|p2|Raging Bolt|
|poke|p2|Great Tusk|
|poke|p2|Weavile, F|
|teampreview
|inactive|Battle timer is ON: inactive players will automatically lose when time's up. (requested by rank 1 greninja)
|
|t:|1776208659
|teamsize|p1|6
|teamsize|p2|6
|start
|switch|p1a: Pelipper|Pelipper, M|100/100
|switch|p2a: Zamazenta|Zamazenta|100/100
|-ability|p2a: Zamazenta|Dauntless Shield|boost
|-boost|p2a: Zamazenta|def|1
|-weather|RainDance|[from] ability: Drizzle|[of] p1a: Pelipper
|turn|1
|
|t:|1776208663
|move|p2a: Zamazenta|Light Screen|p2a: Zamazenta
|-sidestart|p2: Villixy|move: Light Screen
|move|p1a: Pelipper|U-turn|p2a: Zamazenta
|-resisted|p2a: Zamazenta
|-damage|p2a: Zamazenta|97/100
|
|t:|1776208667
|switch|p1a: Poliwrath|Poliwrath, F|100/100|[from] U-turn
|
|-weather|RainDance|[upkeep]
|upkeep
|turn|2
|
|t:|1776208669
|move|p1a: Poliwrath|Encore|p2a: Zamazenta
|-start|p2a: Zamazenta|Encore
|move|p2a: Zamazenta|Light Screen||[still]
|-fail|p2a: Zamazenta
|
|-weather|RainDance|[upkeep]
|upkeep
|turn|3
|
|t:|1776208677
|switch|p2a: Raging Bolt|Raging Bolt|100/100
|-enditem|p2a: Raging Bolt|Booster Energy
|-activate|p2a: Raging Bolt|ability: Protosynthesis|[fromitem]
|-start|p2a: Raging Bolt|protosynthesisspa
|move|p1a: Poliwrath|Belly Drum|p1a: Poliwrath
|-damage|p1a: Poliwrath|51/100
|-setboost|p1a: Poliwrath|atk|6|[from] move: Belly Drum
|
|-weather|RainDance|[upkeep]
|upkeep
|turn|4
|
|t:|1776208684
|move|p2a: Raging Bolt|Thunderclap||[still]
|-fail|p2a: Raging Bolt
|move|p1a: Poliwrath|Encore|p2a: Raging Bolt
|-start|p2a: Raging Bolt|Encore
|
|-weather|RainDance|[upkeep]
|upkeep
|turn|5
|
|t:|1776208691
|-end|p2a: Raging Bolt|Protosynthesis|[silent]
|switch|p2a: Zamazenta|Zamazenta|97/100
|move|p1a: Poliwrath|Encore||[still]
|-fail|p1a: Poliwrath
|
|-weather|RainDance|[upkeep]
|upkeep
|turn|6
|
|t:|1776208693
|move|p1a: Poliwrath|Drain Punch|p2a: Zamazenta
|-damage|p2a: Zamazenta|0 fnt
|-heal|p1a: Poliwrath|99/100|[from] drain|[of] p2a: Zamazenta
|faint|p2a: Zamazenta
|
|-weather|RainDance|[upkeep]
|upkeep
|
|t:|1776208698
|switch|p2a: Raging Bolt|Raging Bolt|100/100
|turn|7
|
|t:|1776208701
|-terastallize|p1a: Poliwrath|Water
|-terastallize|p2a: Raging Bolt|Flying
|move|p1a: Poliwrath|Liquidation|p2a: Raging Bolt
|-damage|p2a: Raging Bolt|0 fnt
|faint|p2a: Raging Bolt
|-end|p2a: Raging Bolt|Protosynthesis|[silent]
|
|-weather|RainDance|[upkeep]
|upkeep
|-message|Villixy forfeited.
|
|win|rank 1 greninja
|raw|rank 1 greninja's rating: 1420 &rarr; <strong>1441</strong><br />(+21 for winning)
|raw|Villixy's rating: 1436 &rarr; <strong>1415</strong><br />(-21 for losing)
|l|☆Villixy
|player|p2|
