|html|<div class="broadcast-blue"><strong>[Gen 9] OU is currently suspecting Tera Blast! For information on how to participate check out the <a href="https://www.smogon.com/tools/suspects/view/200">suspect thread</a>.</strong></div>
|j|☆Avery Lv.100
|j|☆magistermilitum420
|t:|1776037591
|gametype|singles
|player|p1|Avery Lv.100|janitor|1145
|player|p2|magistermilitum420|blue|1199
|gen|9
|tier|[Gen 9] OU
|rated|
|rule|HP Percentage Mod: HP is shown in percentages
|rule|Endless Battle Clause: Forcing endless battles is banned
|rule|Species Clause: Limit one of each Pokémon
|rule|OHKO Clause: OHKO moves are banned
|rule|Evasion Items Clause: Evasion items are banned
|rule|Evasion Moves Clause: Evasion moves are banned
|rule|Evasion Abilities Clause: Evasion abilities are banned
|rule|Sleep Moves Clause: Sleep-inducing moves are banned
|clearpoke
|poke|p1|Landorus-Therian, M|
|poke|p1|Dragonite, M|
|poke|p1|Blaziken, M|
|poke|p1|Gyarados, F|
|poke|p1|Iron Treads|
|poke|p1|Hoopa-Unbound|
|poke|p2|Meowscarada, M|
|poke|p2|Great Tusk|
|poke|p2|Alomomola, F|
|poke|p2|Slowking-Galar, M|
|poke|p2|Dragonite, M|
|poke|p2|Heatran, M|
|teampreview
|
|t:|1776037596
|teamsize|p1|6
|teamsize|p2|6
|start
|switch|p1a: Mechphan|Iron Treads|100/100
|switch|p2a: Mahad|Meowscarada, M, shiny|100/100
|-enditem|p1a: Mechphan|Booster Energy
|-activate|p1a: Mechphan|ability: Quark Drive|[fromitem]
|-start|p1a: Mechphan|quarkdriveatk
|turn|1
|
|t:|1776037613
|move|p2a: Mahad|U-turn|p1a: Mechphan
|-start|p2a: Mahad|typechange|Bug|[from] ability: Protean
|-resisted|p1a: Mechphan
|-damage|p1a: Mechphan|88/100
|
|t:|1776037618
|switch|p2a: Barca|Great Tusk|100/100|[from] U-turn
|move|p1a: Mechphan|Stealth Rock|p2a: Barca
|-sidestart|p2: magistermilitum420|move: Stealth Rock
|
|upkeep
|turn|2
|
|t:|1776037639
|-terastallize|p1a: Mechphan|Ghost
|move|p2a: Barca|Rapid Spin|p1a: Mechphan
|-immune|p1a: Mechphan
|move|p1a: Mechphan|Earthquake|p2a: Barca
|-damage|p2a: Barca|49/100
|
|upkeep
|turn|3
|
|t:|1776037650
|-end|p2a: Barca|Protosynthesis|[silent]
|switch|p2a: Mahad|Meowscarada, M, shiny|100/100
|-damage|p2a: Mahad|88/100|[from] Stealth Rock
|move|p1a: Mechphan|Earthquake|p2a: Mahad
|-resisted|p2a: Mahad
|-damage|p2a: Mahad|39/100
|
|upkeep
|turn|4
|
|t:|1776037680
|-end|p1a: Mechphan|Quark Drive|[silent]
|switch|p1a: Outofthecoop|Blaziken, M|100/100
|move|p2a: Mahad|Flower Trick|p1a: Outofthecoop
|-start|p2a: Mahad|typechange|Grass|[from] ability: Protean
|-resisted|p1a: Outofthecoop
|-crit|p1a: Outofthecoop
|-damage|p1a: Outofthecoop|62/100
|
|upkeep
|turn|5
|
|t:|1776037697
|switch|p2a: Charybdis|Alomomola, F, shiny|100/100
|move|p1a: Outofthecoop|Flare Blitz|p2a: Charybdis
|-resisted|p2a: Charybdis
|-damage|p2a: Charybdis|78/100
|-damage|p1a: Outofthecoop|48/100|[from] Recoil
|-damage|p1a: Outofthecoop|38/100|[from] item: Life Orb
|
|-ability|p1a: Outofthecoop|Speed Boost|boost
|-boost|p1a: Outofthecoop|spe|1
|upkeep
|turn|6
|
|t:|1776037726
|switch|p1a: Atlantice|Gyarados, F|100/100
|-ability|p1a: Atlantice|Intimidate|boost
|-unboost|p2a: Charybdis|atk|1
|move|p2a: Charybdis|Wish|p2a: Charybdis
|
|upkeep
|turn|7
|
|t:|1776037742
|move|p1a: Atlantice|Dragon Dance|p1a: Atlantice
|-boost|p1a: Atlantice|atk|1
|-boost|p1a: Atlantice|spe|1
|move|p2a: Charybdis|Scald|p1a: Atlantice
|-resisted|p1a: Atlantice
|-damage|p1a: Atlantice|93/100
|-status|p1a: Atlantice|brn
|
|-heal|p2a: Charybdis|100/100|[from] move: Wish|[wisher] Charybdis
|-damage|p1a: Atlantice|87/100 brn|[from] brn
|upkeep
|turn|8
|c|☆Avery Lv.100|really
|
|t:|1776037758
|move|p1a: Atlantice|Dragon Dance|p1a: Atlantice
|-boost|p1a: Atlantice|atk|1
|-boost|p1a: Atlantice|spe|1
|move|p2a: Charybdis|Wish|p2a: Charybdis
|
|-damage|p1a: Atlantice|81/100 brn|[from] brn
|upkeep
|turn|9
|
|t:|1776037767
|move|p1a: Atlantice|Dragon Dance|p1a: Atlantice
|-boost|p1a: Atlantice|atk|1
|-boost|p1a: Atlantice|spe|1
|move|p2a: Charybdis|Flip Turn|p1a: Atlantice
|-resisted|p1a: Atlantice
|-damage|p1a: Atlantice|73/100 brn
|
|t:|1776037773
|switch|p2a: Mahad|Meowscarada, M, shiny|39/100|[from] Flip Turn
|-damage|p2a: Mahad|27/100|[from] Stealth Rock
|
|-heal|p2a: Mahad|100/100|[from] move: Wish|[wisher] Charybdis
|-damage|p1a: Atlantice|67/100 brn|[from] brn
|upkeep
|turn|10
|
|t:|1776037782
|move|p1a: Atlantice|Ice Fang|p2a: Mahad
|-supereffective|p2a: Mahad
|-damage|p2a: Mahad|9/100
|-status|p2a: Mahad|frz
|cant|p2a: Mahad|frz
|
|-damage|p1a: Atlantice|61/100 brn|[from] brn
|upkeep
|turn|11
|
|t:|1776037799
|switch|p2a: Charybdis|Alomomola, F, shiny|100/100
|move|p1a: Atlantice|Ice Fang|p2a: Charybdis
|-resisted|p2a: Charybdis
|-damage|p2a: Charybdis|92/100
|
|-damage|p1a: Atlantice|55/100 brn|[from] brn
|upkeep
|turn|12
|
|t:|1776037813
|move|p1a: Atlantice|Dragon Dance|p1a: Atlantice
|-boost|p1a: Atlantice|atk|1
|-boost|p1a: Atlantice|spe|1
|move|p2a: Charybdis|Wish|p2a: Charybdis
|
|-damage|p1a: Atlantice|49/100 brn|[from] brn
|upkeep
|turn|13
|
|t:|1776037822
|move|p1a: Atlantice|Dragon Dance|p1a: Atlantice
|-boost|p1a: Atlantice|atk|1
|-boost|p1a: Atlantice|spe|1
|move|p2a: Charybdis|Scald|p1a: Atlantice
|-resisted|p1a: Atlantice
|-damage|p1a: Atlantice|41/100 brn
|
|-heal|p2a: Charybdis|100/100|[from] move: Wish|[wisher] Charybdis
|-damage|p1a: Atlantice|35/100 brn|[from] brn
|upkeep
|turn|14
|
|t:|1776037833
|move|p1a: Atlantice|Lash Out|p2a: Charybdis
|-crit|p2a: Charybdis
|-damage|p2a: Charybdis|65/100
|move|p2a: Charybdis|Wish|p2a: Charybdis
|
|-damage|p1a: Atlantice|29/100 brn|[from] brn
|upkeep
|turn|15
|
|t:|1776037842
|move|p1a: Atlantice|Waterfall|p2a: Charybdis
|-resisted|p2a: Charybdis
|-damage|p2a: Charybdis|45/100
|move|p2a: Charybdis|Scald|p1a: Atlantice
|-resisted|p1a: Atlantice
|-damage|p1a: Atlantice|23/100 brn
|
|-heal|p2a: Charybdis|95/100|[from] move: Wish|[wisher] Charybdis
|-damage|p1a: Atlantice|17/100 brn|[from] brn
|upkeep
|turn|16
|
|t:|1776037852
|move|p1a: Atlantice|Dragon Dance|p1a: Atlantice
|-boost|p1a: Atlantice|atk|1
|-boost|p1a: Atlantice|spe|1
|move|p2a: Charybdis|Wish|p2a: Charybdis
|
|-damage|p1a: Atlantice|10/100 brn|[from] brn
|upkeep
|turn|17
|
|t:|1776037859
|move|p1a: Atlantice|Lash Out|p2a: Charybdis
|-damage|p2a: Charybdis|64/100
|move|p2a: Charybdis|Scald|p1a: Atlantice
|-resisted|p1a: Atlantice
|-damage|p1a: Atlantice|4/100 brn
|
|-heal|p2a: Charybdis|100/100|[from] move: Wish|[wisher] Charybdis
|-damage|p1a: Atlantice|0 fnt|[from] brn
|faint|p1a: Atlantice
|upkeep
|
|t:|1776037873
|switch|p1a: Bojack-Unbound|Hoopa-Unbound|100/100
|turn|18
|inactive|Battle timer is ON: inactive players will automatically lose when time's up. (requested by Avery Lv.100)
|
|t:|1776037914
|move|p1a: Bojack-Unbound|Thunder Wave|p2a: Charybdis
|-status|p2a: Charybdis|par
|cant|p2a: Charybdis|par
|
|upkeep
|turn|19
|
|t:|1776037923
|move|p1a: Bojack-Unbound|Psychic|p2a: Charybdis
|-damage|p2a: Charybdis|22/100 par
|move|p2a: Charybdis|Scald|p1a: Bojack-Unbound
|-damage|p1a: Bojack-Unbound|90/100
|
|upkeep
|turn|20
|
|t:|1776037932
|switch|p2a: Mithridates|Slowking-Galar, M|100/100
|-damage|p2a: Mithridates|88/100|[from] Stealth Rock
|move|p1a: Bojack-Unbound|Psychic|p2a: Mithridates
|-damage|p2a: Mithridates|58/100
|
|upkeep
|turn|21
|
|t:|1776037944
|move|p1a: Bojack-Unbound|Shadow Ball|p2a: Mithridates
|-supereffective|p2a: Mithridates
|-damage|p2a: Mithridates|18/100
|move|p2a: Mithridates|Sludge Bomb|p1a: Bojack-Unbound
|-damage|p1a: Bojack-Unbound|59/100
|
|upkeep
|turn|22
|
|t:|1776037960
|switch|p2a: Vulcanus|Heatran, M, shiny|100/100
|-damage|p2a: Vulcanus|88/100|[from] Stealth Rock
|move|p1a: Bojack-Unbound|Shadow Ball|p2a: Vulcanus
|-damage|p2a: Vulcanus|53/100
|
|upkeep
|turn|23
|
|t:|1776037975
|switch|p1a: Mechphan|Iron Treads, tera:Ghost|88/100
|move|p2a: Vulcanus|Overheat|p1a: Mechphan
|-damage|p1a: Mechphan|0 fnt
|-unboost|p2a: Vulcanus|spa|2
|faint|p1a: Mechphan
|-end|p1a: Mechphan|Quark Drive|[silent]
|
|upkeep
|
|t:|1776037984
|switch|p1a: Landorus|Landorus-Therian, M|100/100
|-ability|p1a: Landorus|Intimidate|boost
|-unboost|p2a: Vulcanus|atk|1
|turn|24
|
|t:|1776037992
|switch|p2a: Ladon|Dragonite, M, shiny|100/100
|move|p1a: Landorus|Rock Slide|p2a: Ladon
|-supereffective|p2a: Ladon
|-damage|p2a: Ladon|65/100
|
|upkeep
|turn|25
|
|t:|1776038004
|switch|p2a: Barca|Great Tusk|49/100
|move|p1a: Landorus|Rock Slide|p2a: Barca
|-resisted|p2a: Barca
|-damage|p2a: Barca|43/100
|
|upkeep
|turn|26
|
|t:|1776038014
|switch|p1a: Sherman|Dragonite, M|100/100
|move|p2a: Barca|Rapid Spin|p1a: Sherman
|-damage|p1a: Sherman|90/100
|-boost|p2a: Barca|spe|1
|-sideend|p2: magistermilitum420|Stealth Rock|[from] move: Rapid Spin|[of] p2a: Barca
|
|upkeep
|turn|27
|
|t:|1776038026
|move|p2a: Barca|Knock Off|p1a: Sherman
|-damage|p1a: Sherman|49/100
|-enditem|p1a: Sherman|Choice Band|[from] move: Knock Off|[of] p2a: Barca
|move|p1a: Sherman|Earthquake|p2a: Barca
|-damage|p2a: Barca|16/100
|
|upkeep
|turn|28
|
|t:|1776038039
|-end|p2a: Barca|Protosynthesis|[silent]
|switch|p2a: Charybdis|Alomomola, F, shiny|56/100 par
|move|p1a: Sherman|Extreme Speed|p2a: Charybdis
|-damage|p2a: Charybdis|42/100 par
|
|upkeep
|turn|29
|
|t:|1776038052
|move|p1a: Sherman|Outrage|p2a: Charybdis
|-damage|p2a: Charybdis|9/100 par
|move|p2a: Charybdis|Wish|p2a: Charybdis
|
|upkeep
|turn|30
|
|t:|1776038060
|switch|p2a: Vulcanus|Heatran, M, shiny|53/100
|move|p1a: Sherman|Outrage|p2a: Vulcanus|[from] lockedmove
|-resisted|p2a: Vulcanus
|-damage|p2a: Vulcanus|23/100
|-start|p1a: Sherman|confusion|[fatigue]
|
|-heal|p2a: Vulcanus|100/100|[from] move: Wish|[wisher] Charybdis
|upkeep
|turn|31
|
|t:|1776038076
|-activate|p1a: Sherman|confusion
|move|p1a: Sherman|Earthquake|p2a: Vulcanus
|-supereffective|p2a: Vulcanus
|-damage|p2a: Vulcanus|0 fnt
|faint|p2a: Vulcanus
|
|upkeep
|
|t:|1776038089
|switch|p2a: Charybdis|Alomomola, F, shiny|43/100 par
|turn|32
|
|t:|1776038095
|-activate|p1a: Sherman|confusion
|move|p1a: Sherman|Outrage|p2a: Charybdis
|-damage|p2a: Charybdis|8/100 par
|move|p2a: Charybdis|Wish|p2a: Charybdis
|
|upkeep
|turn|33
|
|t:|1776038101
|move|p2a: Charybdis|Protect|p2a: Charybdis
|-singleturn|p2a: Charybdis|Protect
|-end|p1a: Sherman|confusion
|move|p1a: Sherman|Outrage|p2a: Charybdis|[from] lockedmove
|-activate|p2a: Charybdis|move: Protect
|-start|p1a: Sherman|confusion|[fatigue]
|
|-heal|p2a: Charybdis|58/100 par|[from] move: Wish|[wisher] Charybdis
|upkeep
|turn|34
|
|t:|1776038115
|-activate|p1a: Sherman|confusion
|move|p1a: Sherman|Outrage|p2a: Charybdis
|-damage|p2a: Charybdis|22/100 par
|move|p2a: Charybdis|Wish|p2a: Charybdis
|
|upkeep
|turn|35
|
|t:|1776038121
|move|p2a: Charybdis|Protect|p2a: Charybdis
|-singleturn|p2a: Charybdis|Protect
|-activate|p1a: Sherman|confusion
|move|p1a: Sherman|Outrage|p2a: Charybdis|[from] lockedmove
|-activate|p2a: Charybdis|move: Protect
|
|-heal|p2a: Charybdis|72/100 par|[from] move: Wish|[wisher] Charybdis
|upkeep
|turn|36
|
|t:|1776038134
|-activate|p1a: Sherman|confusion
|-damage|p1a: Sherman|33/100|[from] confusion
|move|p2a: Charybdis|Wish|p2a: Charybdis
|
|upkeep
|turn|37
|
|t:|1776038139
|-activate|p1a: Sherman|confusion
|move|p1a: Sherman|Outrage|p2a: Charybdis
|-damage|p2a: Charybdis|41/100 par
|move|p2a: Charybdis|Scald|p1a: Sherman
|-resisted|p1a: Sherman
|-damage|p1a: Sherman|25/100
|
|-heal|p2a: Charybdis|91/100 par|[from] move: Wish|[wisher] Charybdis
|upkeep
|turn|38
|
|t:|1776038152
|-end|p1a: Sherman|confusion
|move|p1a: Sherman|Outrage|p2a: Charybdis|[from] lockedmove
|-damage|p2a: Charybdis|56/100 par
|-start|p1a: Sherman|confusion|[fatigue]
|cant|p2a: Charybdis|par
|
|upkeep
|turn|39
|
|t:|1776038162
|switch|p1a: Bojack-Unbound|Hoopa-Unbound|59/100
|move|p2a: Charybdis|Wish|p2a: Charybdis
|
|upkeep
|turn|40
|
|t:|1776038171
|move|p1a: Bojack-Unbound|Psychic|p2a: Charybdis
|-damage|p2a: Charybdis|0 fnt
|faint|p2a: Charybdis
|
|upkeep
|
|t:|1776038175
|switch|p2a: Mithridates|Slowking-Galar, M|51/100
|turn|41
|
|t:|1776038179
|move|p1a: Bojack-Unbound|Shadow Ball|p2a: Mithridates
|-supereffective|p2a: Mithridates
|-damage|p2a: Mithridates|11/100
|move|p2a: Mithridates|Sludge Bomb|p1a: Bojack-Unbound
|-crit|p1a: Bojack-Unbound
|-damage|p1a: Bojack-Unbound|9/100
|-enditem|p1a: Bojack-Unbound|Sitrus Berry|[eat]
|-heal|p1a: Bojack-Unbound|34/100|[from] item: Sitrus Berry
|
|upkeep
|turn|42
|
|t:|1776038190
|move|p1a: Bojack-Unbound|Shadow Ball|p2a: Mithridates
|-supereffective|p2a: Mithridates
|-damage|p2a: Mithridates|0 fnt
|faint|p2a: Mithridates
|-item|p1a: Bojack-Unbound|Assault Vest|[from] ability: Magician|[of] p2: Mithridates
|
|upkeep
|
|t:|1776038198
|switch|p2a: Ladon|Dragonite, M, shiny|65/100
|turn|43
|
|t:|1776038203
|-terastallize|p2a: Ladon|Normal
|move|p2a: Ladon|Extreme Speed|p1a: Bojack-Unbound
|-damage|p1a: Bojack-Unbound|0 fnt
|faint|p1a: Bojack-Unbound
|
|upkeep
|
|t:|1776038219
|switch|p1a: Sherman|Dragonite, M|25/100
|turn|44
|
|t:|1776038223
|move|p1a: Sherman|Extreme Speed|p2a: Ladon
|-damage|p2a: Ladon|32/100
|move|p2a: Ladon|Extreme Speed|p1a: Sherman
|-damage|p1a: Sherman|0 fnt
|faint|p1a: Sherman
|
|upkeep
|
|t:|1776038231
|switch|p1a: Landorus|Landorus-Therian, M|100/100
|-ability|p1a: Landorus|Intimidate|boost
|-unboost|p2a: Ladon|atk|1
|turn|45
|
|t:|1776038248
|switch|p2a: Barca|Great Tusk|16/100
|move|p1a: Landorus|Rock Slide|p2a: Barca
|-resisted|p2a: Barca
|-damage|p2a: Barca|11/100
|
|upkeep
|turn|46
|
|t:|1776038264
|move|p1a: Landorus|Rock Slide|p2a: Barca
|-resisted|p2a: Barca
|-damage|p2a: Barca|5/100
|cant|p2a: Barca|flinch
|
|upkeep
|turn|47
|
|t:|1776038273
|move|p1a: Landorus|Rock Slide|p2a: Barca
|-resisted|p2a: Barca
|-damage|p2a: Barca|0 fnt
|faint|p2a: Barca
|-end|p2a: Barca|Protosynthesis|[silent]
|
|upkeep
|
|t:|1776038277
|switch|p2a: Mahad|Meowscarada, M, shiny|9/100 frz
|turn|48
|
|t:|1776038281
|cant|p2a: Mahad|frz
|move|p1a: Landorus|Rock Slide|p2a: Mahad
|-damage|p2a: Mahad|0 fnt
|faint|p2a: Mahad
|
|upkeep
|
|t:|1776038286
|switch|p2a: Ladon|Dragonite, M, shiny, tera:Normal|32/100
|turn|49
|
|t:|1776038296
|switch|p1a: Outofthecoop|Blaziken, M|38/100
|move|p2a: Ladon|Extreme Speed|p1a: Outofthecoop
|-damage|p1a: Outofthecoop|0 fnt
|faint|p1a: Outofthecoop
|
|upkeep
|
|t:|1776038302
|switch|p1a: Landorus|Landorus-Therian, M|100/100
|-ability|p1a: Landorus|Intimidate|boost
|-unboost|p2a: Ladon|atk|1
|turn|50
|
|t:|1776038308
|move|p2a: Ladon|Extreme Speed|p1a: Landorus
|-crit|p1a: Landorus
|-damage|p1a: Landorus|22/100
|move|p1a: Landorus|Rock Slide|p2a: Ladon|[miss]
|-miss|p1a: Landorus|p2a: Ladon
|
|upkeep
|turn|51
|
|t:|1776038318
|move|p2a: Ladon|Extreme Speed|p1a: Landorus
|-damage|p1a: Landorus|0 fnt
|faint|p1a: Landorus
|
|win|magistermilitum420
|raw|Avery Lv.100's rating: 1145 &rarr; <strong>1124</strong><br />(-21 for losing)
|raw|magistermilitum420's rating: 1199 &rarr; <strong>1220</strong><br />(+21 for winning)
|c|☆magistermilitum420|gg
