|html|<div class="broadcast-blue"><strong>[Gen 9] OU is currently suspecting Tera Blast! For information on how to participate check out the <a href="https://www.smogon.com/tools/suspects/view/200">suspect thread</a>.</strong></div>
|j|☆Queijolol
|j|☆no ratings
|t:|1776033576
|gametype|singles
|player|p1|Queijolol|cheren-gen5bw2|1569
|player|p2|no ratings|policeman-gen4|1605
|gen|9
|tier|[Gen 9] OU
|rated|
|rule|HP Percentage Mod: HP is shown in percentages
|rule|Endless Battle Clause: Forcing endless battles is banned
|rule|Species Clause: Limit one of each Pokémon
|rule|OHKO Clause: OHKO moves are banned
|rule|Evasion Items Clause: Evasion items are banned
|rule|Evasion Moves Clause: Evasion moves are banned
|rule|Evasion Abilities Clause: Evasion abilities are banned
|rule|Sleep Moves Clause: Sleep-inducing moves are banned
|clearpoke
|poke|p1|Iron Crown|
|poke|p1|Pecharunt|
|poke|p1|Great Tusk|
|poke|p1|Kingambit, F|
|poke|p1|Samurott-Hisui, F|
|poke|p1|Tornadus-Therian, M|
|poke|p2|Palossand, M|
|poke|p2|Kyurem|
|poke|p2|Slowking-Galar, F|
|poke|p2|Tornadus-Therian, M|
|poke|p2|Mandibuzz, F|
|poke|p2|Cinderace, F|
|teampreview
|
|t:|1776033594
|teamsize|p1|6
|teamsize|p2|6
|start
|switch|p1a: Samurott|Samurott-Hisui, F|100/100
|switch|p2a: Mandibuzz|Mandibuzz, F|100/100
|turn|1
|inactive|Battle timer is ON: inactive players will automatically lose when time's up. (requested by no ratings)
|
|t:|1776033619
|move|p1a: Samurott|Ceaseless Edge|p2a: Mandibuzz
|-resisted|p2a: Mandibuzz
|-damage|p2a: Mandibuzz|87/100
|-sidestart|p2: no ratings|Spikes
|move|p2a: Mandibuzz|Foul Play|p1a: Samurott
|-resisted|p1a: Samurott
|-damage|p1a: Samurott|72/100
|
|upkeep
|turn|2
|
|t:|1776033625
|move|p1a: Samurott|Ceaseless Edge|p2a: Mandibuzz
|-resisted|p2a: Mandibuzz
|-damage|p2a: Mandibuzz|75/100
|-sidestart|p2: no ratings|Spikes
|move|p2a: Mandibuzz|Foul Play|p1a: Samurott
|-resisted|p1a: Samurott
|-damage|p1a: Samurott|45/100
|
|upkeep
|turn|3
|
|t:|1776033632
|switch|p1a: Iron Crown|Iron Crown|100/100
|move|p2a: Mandibuzz|Defog|p1a: Iron Crown
|-unboost|p1a: Iron Crown|evasion|1
|-sideend|p2: no ratings|Spikes|[from] move: Defog|[of] p2a: Mandibuzz
|
|upkeep
|turn|4
|
|t:|1776033643
|move|p1a: Iron Crown|Tachyon Cutter|p2a: Mandibuzz
|-damage|p2a: Mandibuzz|56/100
|-damage|p2a: Mandibuzz|35/100
|-hitcount|p2a: Mandibuzz|2
|move|p2a: Mandibuzz|Roost|p2a: Mandibuzz
|-heal|p2a: Mandibuzz|85/100
|-singleturn|p2a: Mandibuzz|move: Roost
|
|upkeep
|turn|5
|
|t:|1776033648
|move|p1a: Iron Crown|Volt Switch|p2a: Mandibuzz
|-supereffective|p2a: Mandibuzz
|-damage|p2a: Mandibuzz|48/100
|
|t:|1776033655
|-end|p1a: Iron Crown|Quark Drive|[silent]
|switch|p1a: Pecharunt|Pecharunt|100/100|[from] Volt Switch
|move|p2a: Mandibuzz|Foul Play|p1a: Pecharunt
|-supereffective|p1a: Pecharunt
|-damage|p1a: Pecharunt|79/100
|
|upkeep
|turn|6
|
|t:|1776033659
|switch|p2a: Slowking|Slowking-Galar, F|100/100
|move|p1a: Pecharunt|Malignant Chain|p2a: Slowking
|-resisted|p2a: Slowking
|-damage|p2a: Slowking|91/100
|
|upkeep
|turn|7
|
|t:|1776033665
|switch|p1a: Samurott|Samurott-Hisui, F|45/100
|-prepare|p2a: Slowking|Chilly Reception|[premajor]
|move|p2a: Slowking|Chilly Reception|p2a: Slowking
|-weather|Snowscape
|
|t:|1776033673
|switch|p2a: Kyurem|Kyurem|100/100|[from] Chilly Reception
|-ability|p2a: Kyurem|Pressure
|
|-weather|Snowscape|[upkeep]
|upkeep
|turn|8
|
|t:|1776033678
|move|p1a: Samurott|Ceaseless Edge|p2a: Kyurem|[miss]
|-miss|p1a: Samurott|p2a: Kyurem
|move|p2a: Kyurem|Substitute|p2a: Kyurem
|-start|p2a: Kyurem|Substitute
|-damage|p2a: Kyurem|75/100
|
|-weather|Snowscape|[upkeep]
|-heal|p2a: Kyurem|82/100|[from] item: Leftovers
|upkeep
|turn|9
|
|t:|1776033688
|move|p1a: Samurott|Ceaseless Edge|p2a: Kyurem
|-end|p2a: Kyurem|Substitute
|-sidestart|p2: no ratings|Spikes
|move|p2a: Kyurem|Freeze-Dry|p1a: Samurott
|-supereffective|p1a: Samurott
|-damage|p1a: Samurott|0 fnt
|faint|p1a: Samurott
|
|-weather|Snowscape|[upkeep]
|-heal|p2a: Kyurem|88/100|[from] item: Leftovers
|upkeep
|
|t:|1776033697
|switch|p1a: Iron Crown|Iron Crown|100/100
|turn|10
|
|t:|1776033707
|move|p2a: Kyurem|Protect|p2a: Kyurem
|-singleturn|p2a: Kyurem|Protect
|move|p1a: Iron Crown|Tachyon Cutter|p2a: Kyurem
|-activate|p2a: Kyurem|move: Protect
|
|-weather|Snowscape|[upkeep]
|-heal|p2a: Kyurem|94/100|[from] item: Leftovers
|upkeep
|turn|11
|
|t:|1776033731
|-terastallize|p2a: Kyurem|Ground
|move|p1a: Iron Crown|Volt Switch|p2a: Kyurem
|-immune|p2a: Kyurem
|move|p2a: Kyurem|Earth Power|p1a: Iron Crown
|-supereffective|p1a: Iron Crown
|-damage|p1a: Iron Crown|42/100
|
|-weather|none
|-heal|p2a: Kyurem|99/100|[from] item: Leftovers
|upkeep
|turn|12
|
|t:|1776033746
|-terastallize|p1a: Iron Crown|Water
|move|p1a: Iron Crown|Tachyon Cutter|p2a: Kyurem
|-damage|p2a: Kyurem|76/100
|-damage|p2a: Kyurem|51/100
|-hitcount|p2a: Kyurem|2
|move|p2a: Kyurem|Earth Power|p1a: Iron Crown
|-damage|p1a: Iron Crown|10/100
|
|-heal|p2a: Kyurem|57/100|[from] item: Leftovers
|upkeep
|turn|13
|
|t:|1776033753
|move|p2a: Kyurem|Protect|p2a: Kyurem
|-singleturn|p2a: Kyurem|Protect
|move|p1a: Iron Crown|Tachyon Cutter|p2a: Kyurem
|-activate|p2a: Kyurem|move: Protect
|
|-heal|p2a: Kyurem|63/100|[from] item: Leftovers
|upkeep
|turn|14
|inactive|Queijolol has 120 seconds left.
|
|t:|1776033791
|switch|p2a: Cinderace|Cinderace, F|100/100
|move|p1a: Iron Crown|Tachyon Cutter|p2a: Cinderace
|-resisted|p2a: Cinderace
|-damage|p2a: Cinderace|85/100
|-resisted|p2a: Cinderace
|-damage|p2a: Cinderace|69/100
|-hitcount|p2a: Cinderace|2
|
|upkeep
|turn|15
|
|t:|1776033796
|move|p2a: Cinderace|U-turn|p1a: Iron Crown
|-damage|p1a: Iron Crown|0 fnt
|faint|p1a: Iron Crown
|-end|p1a: Iron Crown|Quark Drive|[silent]
|
|t:|1776033801
|switch|p2a: Mandibuzz|Mandibuzz, F|48/100|[from] U-turn
|
|upkeep
|
|t:|1776033804
|switch|p1a: Kingambit|Kingambit, F|100/100
|-activate|p1a: Kingambit|ability: Supreme Overlord
|-start|p1a: Kingambit|fallen2|[silent]
|turn|16
|
|t:|1776033811
|move|p2a: Mandibuzz|U-turn|p1a: Kingambit
|-damage|p1a: Kingambit|92/100
|
|t:|1776033815
|switch|p2a: Palossand|Palossand, M, shiny|100/100|[from] U-turn
|move|p1a: Kingambit|Iron Head|p2a: Palossand
|-crit|p2a: Palossand
|-damage|p2a: Palossand|48/100
|
|-heal|p1a: Kingambit|98/100|[from] item: Leftovers
|upkeep
|turn|17
|inactive|Queijolol has 120 seconds left.
|
|t:|1776033856
|switch|p2a: Mandibuzz|Mandibuzz, F|48/100
|move|p1a: Kingambit|Kowtow Cleave|p2a: Mandibuzz
|-resisted|p2a: Mandibuzz
|-damage|p2a: Mandibuzz|31/100
|
|-heal|p1a: Kingambit|100/100|[from] item: Leftovers
|upkeep
|turn|18
|
|t:|1776033861
|move|p2a: Mandibuzz|Roost|p2a: Mandibuzz
|-heal|p2a: Mandibuzz|82/100
|-singleturn|p2a: Mandibuzz|move: Roost
|move|p1a: Kingambit|Iron Head|p2a: Mandibuzz
|-damage|p2a: Mandibuzz|50/100
|
|upkeep
|turn|19
|inactive|Queijolol has 120 seconds left.
|l|☆Queijolol
|inactive|Queijolol disconnected and has a minute to reconnect!
|player|p1|
|inactive|Queijolol has 30 seconds to reconnect!
|inactive|Queijolol has 20 seconds to reconnect!
|inactive|Queijolol has 15 seconds to reconnect!
|inactive|Queijolol has 10 seconds to reconnect!
|j|☆Queijolol
|inactive|Queijolol reconnected and has 70 seconds left.
|player|p1|Queijolol|cheren-gen5bw2|
|inactive|Queijolol has 60 seconds left.
|
|t:|1776033928
|move|p2a: Mandibuzz|Roost|p2a: Mandibuzz
|-heal|p2a: Mandibuzz|99/100
|-singleturn|p2a: Mandibuzz|move: Roost
|move|p1a: Kingambit|Iron Head|p2a: Mandibuzz
|-damage|p2a: Mandibuzz|70/100
|
|upkeep
|turn|20
|
|t:|1776033932
|move|p2a: Mandibuzz|U-turn|p1a: Kingambit
|-damage|p1a: Kingambit|92/100
|
|t:|1776033934
|switch|p2a: Cinderace|Cinderace, F|69/100|[from] U-turn
|move|p1a: Kingambit|Swords Dance|p1a: Kingambit
|-boost|p1a: Kingambit|atk|2
|
|-heal|p1a: Kingambit|98/100|[from] item: Leftovers
|upkeep
|turn|21
|
|t:|1776033935
|move|p2a: Cinderace|Will-O-Wisp|p1a: Kingambit
|-status|p1a: Kingambit|brn
|move|p1a: Kingambit|Kowtow Cleave|p2a: Cinderace
|-damage|p2a: Cinderace|0 fnt
|faint|p2a: Cinderace
|
|-heal|p1a: Kingambit|100/100 brn|[from] item: Leftovers
|-damage|p1a: Kingambit|94/100 brn|[from] brn
|upkeep
|
|t:|1776033953
|switch|p2a: Mandibuzz|Mandibuzz, F|70/100
|turn|22
|
|t:|1776033956
|move|p2a: Mandibuzz|Foul Play|p1a: Kingambit
|-resisted|p1a: Kingambit
|-damage|p1a: Kingambit|47/100 brn
|move|p1a: Kingambit|Iron Head|p2a: Mandibuzz
|-damage|p2a: Mandibuzz|38/100
|
|-heal|p1a: Kingambit|53/100 brn|[from] item: Leftovers
|-damage|p1a: Kingambit|47/100 brn|[from] brn
|upkeep
|turn|23
|
|t:|1776033960
|move|p2a: Mandibuzz|Roost|p2a: Mandibuzz
|-heal|p2a: Mandibuzz|88/100
|-singleturn|p2a: Mandibuzz|move: Roost
|move|p1a: Kingambit|Iron Head|p2a: Mandibuzz
|-damage|p2a: Mandibuzz|58/100
|
|-heal|p1a: Kingambit|53/100 brn|[from] item: Leftovers
|-damage|p1a: Kingambit|47/100 brn|[from] brn
|upkeep
|turn|24
|
|t:|1776033963
|move|p2a: Mandibuzz|Roost|p2a: Mandibuzz
|-heal|p2a: Mandibuzz|100/100
|-singleturn|p2a: Mandibuzz|move: Roost
|move|p1a: Kingambit|Iron Head|p2a: Mandibuzz
|-damage|p2a: Mandibuzz|70/100
|
|-heal|p1a: Kingambit|53/100 brn|[from] item: Leftovers
|-damage|p1a: Kingambit|47/100 brn|[from] brn
|upkeep
|turn|25
|
|t:|1776033968
|move|p2a: Mandibuzz|Foul Play|p1a: Kingambit
|-resisted|p1a: Kingambit
|-damage|p1a: Kingambit|0 fnt
|faint|p1a: Kingambit
|-end|p1a: Kingambit|fallen2|[silent]
|
|upkeep
|
|t:|1776033970
|switch|p1a: Tornadus|Tornadus-Therian, M|100/100
|turn|26
|
|t:|1776033975
|switch|p2a: Slowking|Slowking-Galar, F|100/100
|move|p1a: Tornadus|Bleakwind Storm|p2a: Slowking|[miss]
|-miss|p1a: Tornadus|p2a: Slowking
|
|upkeep
|turn|27
|
|t:|1776033978
|switch|p1a: Great Tusk|Great Tusk|100/100
|move|p2a: Slowking|Toxic|p1a: Great Tusk
|-status|p1a: Great Tusk|tox
|
|-damage|p1a: Great Tusk|94/100 tox|[from] psn
|upkeep
|turn|28
|
|t:|1776033997
|switch|p2a: Mandibuzz|Mandibuzz, F|70/100
|move|p1a: Great Tusk|Stealth Rock|p2a: Mandibuzz
|-sidestart|p2: no ratings|move: Stealth Rock
|
|-damage|p1a: Great Tusk|82/100 tox|[from] psn
|upkeep
|turn|29
|
|t:|1776034001
|move|p1a: Great Tusk|Ice Spinner|p2a: Mandibuzz
|-supereffective|p2a: Mandibuzz
|-crit|p2a: Mandibuzz
|-damage|p2a: Mandibuzz|19/100
|move|p2a: Mandibuzz|Defog|p1a: Great Tusk
|-unboost|p1a: Great Tusk|evasion|1
|-sideend|p2: no ratings|Spikes|[from] move: Defog|[of] p2a: Mandibuzz
|-sideend|p2: no ratings|Stealth Rock|[from] move: Defog|[of] p2a: Mandibuzz
|
|-damage|p1a: Great Tusk|63/100 tox|[from] psn
|upkeep
|turn|30
|
|t:|1776034010
|move|p1a: Great Tusk|Ice Spinner|p2a: Mandibuzz
|-supereffective|p2a: Mandibuzz
|-damage|p2a: Mandibuzz|0 fnt
|faint|p2a: Mandibuzz
|
|-damage|p1a: Great Tusk|39/100 tox|[from] psn
|upkeep
|
|t:|1776034015
|switch|p2a: Kyurem|Kyurem, tera:Ground|63/100
|-ability|p2a: Kyurem|Pressure
|turn|31
|
|t:|1776034018
|move|p2a: Kyurem|Freeze-Dry|p1a: Great Tusk
|-supereffective|p1a: Great Tusk
|-damage|p1a: Great Tusk|0 fnt
|faint|p1a: Great Tusk
|-end|p1a: Great Tusk|Protosynthesis|[silent]
|
|-heal|p2a: Kyurem|70/100|[from] item: Leftovers
|upkeep
|-message|Queijolol forfeited.
|
|win|no ratings
|raw|Queijolol's rating: 1527 &rarr; <strong>1511</strong><br />(-16 for losing)
|raw|no ratings's rating: 1605 &rarr; <strong>1621</strong><br />(+16 for winning)
|l|☆Queijolol
|player|p1|
|l|☆no ratings
|player|p2|
