|html|<div class="broadcast-blue"><strong>[Gen 9] OU is currently suspecting Tera Blast! For information on how to participate check out the <a href="https://www.smogon.com/tools/suspects/view/200">suspect thread</a>.</strong></div>
|j|☆bhizan
|j|☆chicoronaldo
|t:|1776034966
|gametype|singles
|player|p1|bhizan|265|1186
|player|p2|chicoronaldo|maid|1152
|gen|9
|tier|[Gen 9] OU
|rated|
|rule|HP Percentage Mod: HP is shown in percentages
|rule|Endless Battle Clause: Forcing endless battles is banned
|rule|Species Clause: Limit one of each Pokémon
|rule|OHKO Clause: OHKO moves are banned
|rule|Evasion Items Clause: Evasion items are banned
|rule|Evasion Moves Clause: Evasion moves are banned
|rule|Evasion Abilities Clause: Evasion abilities are banned
|rule|Sleep Moves Clause: Sleep-inducing moves are banned
|clearpoke
|poke|p1|Pelipper, M|
|poke|p1|Zapdos|
|poke|p1|Floatzel, F|
|poke|p1|Corviknight, F|
|poke|p1|Drednaw, F|
|poke|p1|Kingambit, M|
|poke|p2|Great Tusk|
|poke|p2|Walking Wake|
|poke|p2|Kingambit, M|
|poke|p2|Venusaur, M|
|poke|p2|Ninetales, F|
|poke|p2|Raging Bolt|
|teampreview
|inactive|Battle timer is ON: inactive players will automatically lose when time's up. (requested by bhizan)
|
|t:|1776034991
|teamsize|p1|6
|teamsize|p2|6
|start
|switch|p1a: foxy bingo.com|Floatzel, F|100/100
|switch|p2a: Raging Bolt|Raging Bolt|100/100
|-item|p2a: Raging Bolt|Air Balloon
|turn|1
|inactive|bhizan has 120 seconds left.
|
|t:|1776035051
|move|p1a: foxy bingo.com|Ice Spinner|p2a: Raging Bolt
|-supereffective|p2a: Raging Bolt
|-damage|p2a: Raging Bolt|27/100
|-enditem|p2a: Raging Bolt|Air Balloon
|move|p2a: Raging Bolt|Thunderbolt|p1a: foxy bingo.com
|-supereffective|p1a: foxy bingo.com
|-damage|p1a: foxy bingo.com|0 fnt
|faint|p1a: foxy bingo.com
|
|upkeep
|inactive|bhizan has 90 seconds left.
|
|t:|1776035063
|switch|p1a: nagasaki|Kingambit, M|100/100
|-activate|p1a: nagasaki|ability: Supreme Overlord
|-start|p1a: nagasaki|fallen1|[silent]
|turn|2
|
|t:|1776035071
|-end|p2a: Raging Bolt|Protosynthesis|[silent]
|switch|p2a: Ninetales|Ninetales, F|100/100
|-weather|SunnyDay|[from] ability: Drought|[of] p2a: Ninetales
|move|p1a: nagasaki|Sucker Punch||[still]
|-fail|p1a: nagasaki
|
|-weather|SunnyDay|[upkeep]
|upkeep
|turn|3
|
|t:|1776035078
|-end|p1a: nagasaki|fallen1|[silent]
|switch|p1a: mail fraud|Pelipper, M|100/100
|-weather|RainDance|[from] ability: Drizzle|[of] p1a: mail fraud
|move|p2a: Ninetales|Will-O-Wisp|p1a: mail fraud
|-status|p1a: mail fraud|brn
|
|-weather|RainDance|[upkeep]
|-damage|p1a: mail fraud|94/100 brn|[from] brn
|upkeep
|turn|4
|
|t:|1776035104
|switch|p2a: Raging Bolt|Raging Bolt|27/100
|move|p1a: mail fraud|Weather Ball|p2a: Raging Bolt
|-resisted|p2a: Raging Bolt
|-damage|p2a: Raging Bolt|3/100
|
|-weather|RainDance|[upkeep]
|-damage|p1a: mail fraud|88/100 brn|[from] brn
|upkeep
|turn|5
|inactive|bhizan has 90 seconds left.
|
|t:|1776035135
|switch|p1a: nagasaki|Kingambit, M|100/100
|-activate|p1a: nagasaki|ability: Supreme Overlord
|-start|p1a: nagasaki|fallen1|[silent]
|move|p2a: Raging Bolt|Thunderbolt|p1a: nagasaki
|-damage|p1a: nagasaki|41/100
|
|-weather|RainDance|[upkeep]
|-heal|p1a: nagasaki|48/100|[from] item: Leftovers
|upkeep
|turn|6
|
|t:|1776035147
|move|p1a: nagasaki|Sucker Punch|p2a: Raging Bolt
|-crit|p2a: Raging Bolt
|-damage|p2a: Raging Bolt|0 fnt
|faint|p2a: Raging Bolt
|-end|p2a: Raging Bolt|Protosynthesis|[silent]
|
|-weather|RainDance|[upkeep]
|-heal|p1a: nagasaki|54/100|[from] item: Leftovers
|upkeep
|
|t:|1776035152
|switch|p2a: Ninetales|Ninetales, F|100/100
|-weather|SunnyDay|[from] ability: Drought|[of] p2a: Ninetales
|turn|7
|
|t:|1776035159
|-end|p1a: nagasaki|fallen1|[silent]
|switch|p1a: mail fraud|Pelipper, M|88/100 brn
|-weather|RainDance|[from] ability: Drizzle|[of] p1a: mail fraud
|move|p2a: Ninetales|Weather Ball|p1a: mail fraud
|-resisted|p1a: mail fraud
|-damage|p1a: mail fraud|66/100 brn
|
|-weather|RainDance|[upkeep]
|-damage|p1a: mail fraud|60/100 brn|[from] brn
|upkeep
|turn|8
|inactive|bhizan has 90 seconds left.
|
|t:|1776035170
|switch|p2a: Walking Wake|Walking Wake|100/100
|move|p1a: mail fraud|Weather Ball|p2a: Walking Wake
|-resisted|p2a: Walking Wake
|-damage|p2a: Walking Wake|85/100
|
|-weather|RainDance|[upkeep]
|-damage|p1a: mail fraud|54/100 brn|[from] brn
|upkeep
|turn|9
|inactive|bhizan has 90 seconds left.
|
|t:|1776035189
|switch|p1a: racist|Corviknight, F|100/100
|-ability|p1a: racist|Pressure
|move|p2a: Walking Wake|Flip Turn|p1a: racist
|-damage|p1a: racist|80/100
|
|t:|1776035195
|-end|p2a: Walking Wake|Protosynthesis|[silent]
|switch|p2a: Ninetales|Ninetales, F|100/100|[from] Flip Turn
|-weather|SunnyDay|[from] ability: Drought|[of] p2a: Ninetales
|
|-weather|SunnyDay|[upkeep]
|-heal|p1a: racist|86/100|[from] item: Leftovers
|upkeep
|turn|10
|inactive|bhizan has 90 seconds left.
|
|t:|1776035208
|switch|p1a: mail fraud|Pelipper, M|54/100 brn
|-weather|RainDance|[from] ability: Drizzle|[of] p1a: mail fraud
|move|p2a: Ninetales|Weather Ball|p1a: mail fraud
|-resisted|p1a: mail fraud
|-damage|p1a: mail fraud|34/100 brn
|
|-weather|RainDance|[upkeep]
|-damage|p1a: mail fraud|28/100 brn|[from] brn
|upkeep
|turn|11
|inactive|bhizan has 90 seconds left.
|
|t:|1776035218
|switch|p2a: Walking Wake|Walking Wake|85/100
|move|p1a: mail fraud|Hurricane|p2a: Walking Wake
|-damage|p2a: Walking Wake|46/100
|-start|p2a: Walking Wake|confusion
|
|-weather|RainDance|[upkeep]
|-damage|p1a: mail fraud|22/100 brn|[from] brn
|upkeep
|turn|12
|inactive|bhizan has 90 seconds left.
|
|t:|1776035229
|switch|p1a: KFC VICTIM|Zapdos|100/100
|-activate|p2a: Walking Wake|confusion
|-damage|p2a: Walking Wake|39/100|[from] confusion
|
|-weather|RainDance|[upkeep]
|upkeep
|turn|13
|
|t:|1776035241
|-activate|p2a: Walking Wake|confusion
|move|p2a: Walking Wake|Draco Meteor|p1a: KFC VICTIM
|-damage|p1a: KFC VICTIM|15/100
|-unboost|p2a: Walking Wake|spa|2
|move|p1a: KFC VICTIM|Volt Switch|p2a: Walking Wake
|-damage|p2a: Walking Wake|0 fnt
|faint|p2a: Walking Wake
|-end|p2a: Walking Wake|Protosynthesis|[silent]
|inactive|bhizan has 90 seconds left.
|
|t:|1776035252
|switch|p1a: true|Drednaw, F, shiny|100/100|[from] Volt Switch
|
|-weather|RainDance|[upkeep]
|upkeep
|
|t:|1776035258
|switch|p2a: Venusaur|Venusaur, M|100/100
|turn|14
|inactive|bhizan has 90 seconds left.
|
|t:|1776035288
|switch|p1a: KFC VICTIM|Zapdos|15/100
|move|p2a: Venusaur|Weather Ball|p1a: KFC VICTIM
|-damage|p1a: KFC VICTIM|0 fnt
|faint|p1a: KFC VICTIM
|-damage|p2a: Venusaur|91/100|[from] item: Life Orb
|
|-weather|RainDance|[upkeep]
|upkeep
|
|t:|1776035291
|switch|p1a: racist|Corviknight, F|86/100
|-ability|p1a: racist|Pressure
|turn|15
|
|t:|1776035296
|switch|p2a: Ninetales|Ninetales, F|100/100
|-weather|SunnyDay|[from] ability: Drought|[of] p2a: Ninetales
|move|p1a: racist|Brave Bird|p2a: Ninetales
|-damage|p2a: Ninetales|56/100
|-damage|p1a: racist|74/100|[from] Recoil
|
|-weather|SunnyDay|[upkeep]
|-heal|p1a: racist|80/100|[from] item: Leftovers
|upkeep
|turn|16
|
|t:|1776035307
|-terastallize|p1a: racist|Water
|move|p2a: Ninetales|Weather Ball|p1a: racist
|-resisted|p1a: racist
|-crit|p1a: racist
|-damage|p1a: racist|56/100
|move|p1a: racist|Brave Bird|p2a: Ninetales
|-damage|p2a: Ninetales|13/100
|-damage|p1a: racist|43/100|[from] Recoil
|
|-weather|SunnyDay|[upkeep]
|-heal|p1a: racist|49/100|[from] item: Leftovers
|upkeep
|turn|17
|
|t:|1776035320
|switch|p2a: Kingambit|Kingambit, M|100/100
|-activate|p2a: Kingambit|ability: Supreme Overlord
|-start|p2a: Kingambit|fallen2|[silent]
|-item|p2a: Kingambit|Air Balloon
|move|p1a: racist|Roost|p1a: racist
|-heal|p1a: racist|99/100
|
|-weather|SunnyDay|[upkeep]
|-heal|p1a: racist|100/100|[from] item: Leftovers
|upkeep
|turn|18
|
|t:|1776035336
|move|p1a: racist|U-turn|p2a: Kingambit
|-damage|p2a: Kingambit|89/100
|-enditem|p2a: Kingambit|Air Balloon
|
|t:|1776035340
|switch|p1a: true|Drednaw, F, shiny|100/100|[from] U-turn
|move|p2a: Kingambit|Swords Dance|p2a: Kingambit
|-boost|p2a: Kingambit|atk|2
|
|-weather|SunnyDay|[upkeep]
|upkeep
|turn|19
|
|t:|1776035348
|move|p2a: Kingambit|Sucker Punch||[still]
|-fail|p2a: Kingambit
|move|p1a: true|Shell Smash|p1a: true
|-unboost|p1a: true|def|1
|-unboost|p1a: true|spd|1
|-boost|p1a: true|atk|2
|-boost|p1a: true|spa|2
|-boost|p1a: true|spe|2
|-enditem|p1a: true|White Herb
|-clearnegativeboost|p1a: true|[silent]
|
|-weather|SunnyDay|[upkeep]
|upkeep
|turn|20
|
|t:|1776035365
|switch|p1a: racist|Corviknight, F, tera:Water|100/100
|-ability|p1a: racist|Pressure
|move|p2a: Kingambit|Sucker Punch||[still]
|-fail|p2a: Kingambit
|
|-weather|SunnyDay|[upkeep]
|upkeep
|turn|21
|
|t:|1776035379
|move|p1a: racist|U-turn|p2a: Kingambit
|-damage|p2a: Kingambit|78/100
|
|t:|1776035382
|switch|p1a: mail fraud|Pelipper, M|22/100 brn|[from] U-turn
|-weather|RainDance|[from] ability: Drizzle|[of] p1a: mail fraud
|move|p2a: Kingambit|Swords Dance|p2a: Kingambit
|-boost|p2a: Kingambit|atk|2
|
|-weather|RainDance|[upkeep]
|-damage|p1a: mail fraud|15/100 brn|[from] brn
|upkeep
|turn|22
|
|t:|1776035392
|move|p1a: mail fraud|Roost|p1a: mail fraud
|-heal|p1a: mail fraud|66/100 brn
|-singleturn|p1a: mail fraud|move: Roost
|move|p2a: Kingambit|Iron Head|p1a: mail fraud
|-resisted|p1a: mail fraud
|-damage|p1a: mail fraud|3/100 brn
|
|-weather|RainDance|[upkeep]
|-damage|p1a: mail fraud|0 fnt|[from] brn
|faint|p1a: mail fraud
|upkeep
|
|t:|1776035404
|switch|p1a: nagasaki|Kingambit, M|54/100
|-activate|p1a: nagasaki|ability: Supreme Overlord
|-start|p1a: nagasaki|fallen3|[silent]
|turn|23
|-message|bhizan forfeited.
|
|win|chicoronaldo
|raw|bhizan's rating: 1186 &rarr; <strong>1159</strong><br />(-27 for losing)
|raw|chicoronaldo's rating: 1152 &rarr; <strong>1179</strong><br />(+27 for winning)
|l|☆bhizan
|player|p1|
|l|☆chicoronaldo
|player|p2|
