|html|<div class="broadcast-blue"><strong>[Gen 9] OU is currently suspecting Volcarona! For information on how to participate check out the <a href="https://www.smogon.com/tools/suspects/view/208">suspect thread</a>.</strong></div>
|j|☆karmasiren
|j|☆critical_32
|t:|1778498416
|gametype|singles
|player|p1|karmasiren|skyla|1342
|player|p2|critical_32|169|1400
|gen|9
|tier|[Gen 9] OU
|rated|
|rule|HP Percentage Mod: HP is shown in percentages
|rule|Endless Battle Clause: Forcing endless battles is banned
|rule|Species Clause: Limit one of each Pokémon
|rule|OHKO Clause: OHKO moves are banned
|rule|Evasion Items Clause: Evasion items are banned
|rule|Evasion Moves Clause: Evasion moves are banned
|rule|Evasion Abilities Clause: Evasion abilities are banned
|rule|Sleep Moves Clause: Sleep-inducing moves are banned
|clearpoke
|poke|p1|Araquanid, F|
|poke|p1|Enamorus, F|
|poke|p1|Serperior, F|
|poke|p1|Cinderace, F|
|poke|p1|Milotic, M|
|poke|p1|Kingambit, F|
|poke|p2|Barraskewda, M|
|poke|p2|Overqwil, M|
|poke|p2|Goodra-Hisui, F|
|poke|p2|Basculegion, M|
|poke|p2|Kingdra, M|
|poke|p2|Pelipper, M|
|teampreview
|inactive|Battle timer is ON: inactive players will automatically lose when time's up. (requested by karmasiren)
|
|t:|1778498457
|teamsize|p1|6
|teamsize|p2|6
|start
|switch|p1a: Araquanid|Araquanid, F|100/100
|switch|p2a: Pelipper|Pelipper, M|100/100
|-weather|RainDance|[from] ability: Drizzle|[of] p2a: Pelipper
|turn|1
|
|t:|1778498480
|move|p2a: Pelipper|U-turn|p1a: Araquanid
|-damage|p1a: Araquanid|91/100
|
|t:|1778498482
|switch|p2a: Kingdra|Kingdra, M|100/100|[from] U-turn
|move|p1a: Araquanid|Sticky Web|p2a: Kingdra
|-sidestart|p2: critical_32|move: Sticky Web
|
|-weather|RainDance|[upkeep]
|upkeep
|turn|2
|
|t:|1778498494
|move|p2a: Kingdra|Hurricane|p1a: Araquanid
|-supereffective|p1a: Araquanid
|-damage|p1a: Araquanid|14/100
|move|p1a: Araquanid|Bug Buzz|p2a: Kingdra
|-damage|p2a: Kingdra|65/100
|
|-weather|RainDance|[upkeep]
|upkeep
|turn|3
|-enditem|p1a: Araquanid|Custap Berry|[eat]
|-activate|p1a: Araquanid|item: Custap Berry|[consumed]
|
|t:|1778498498
|move|p1a: Araquanid|Bug Buzz|p2a: Kingdra
|-damage|p2a: Kingdra|29/100
|move|p2a: Kingdra|Hurricane|p1a: Araquanid
|-supereffective|p1a: Araquanid
|-damage|p1a: Araquanid|0 fnt
|faint|p1a: Araquanid
|
|-weather|RainDance|[upkeep]
|upkeep
|
|t:|1778498504
|switch|p1a: Kingambit|Kingambit, F|100/100
|turn|4
|
|t:|1778498508
|move|p1a: Kingambit|Sucker Punch|p2a: Kingdra
|-damage|p2a: Kingdra|0 fnt
|faint|p2a: Kingdra
|
|-weather|RainDance|[upkeep]
|upkeep
|
|t:|1778498516
|switch|p2a: Overqwil|Overqwil, M|100/100
|-activate|p2a: Overqwil|move: Sticky Web
|-unboost|p2a: Overqwil|spe|1
|turn|5
|
|t:|1778498539
|move|p2a: Overqwil|Swords Dance|p2a: Overqwil
|-boost|p2a: Overqwil|atk|2
|move|p1a: Kingambit|Iron Head|p2a: Overqwil
|-damage|p2a: Overqwil|50/100
|
|-weather|RainDance|[upkeep]
|upkeep
|turn|6
|inactive|critical_32 has 120 seconds left.
|
|t:|1778498576
|switch|p1a: Milotic|Milotic, M|100/100
|move|p2a: Overqwil|Liquidation|p1a: Milotic
|-resisted|p1a: Milotic
|-damage|p1a: Milotic|35/100
|-unboost|p1a: Milotic|def|1
|-ability|p1a: Milotic|Competitive|boost
|-boost|p1a: Milotic|spa|2
|-damage|p2a: Overqwil|40/100|[from] item: Life Orb
|
|-weather|RainDance|[upkeep]
|upkeep
|turn|7
|inactive|karmasiren has 120 seconds left.
|
|t:|1778498607
|move|p2a: Overqwil|Crunch|p1a: Milotic
|-damage|p1a: Milotic|0 fnt
|faint|p1a: Milotic
|-damage|p2a: Overqwil|30/100|[from] item: Life Orb
|
|-weather|RainDance|[upkeep]
|upkeep
|inactive|karmasiren has 90 seconds left.
|inactive|karmasiren has 60 seconds left.
|
|t:|1778498667
|switch|p1a: Serperior|Serperior, F|100/100
|turn|8
|
|t:|1778498681
|move|p2a: Overqwil|Crunch|p1a: Serperior
|-damage|p1a: Serperior|0 fnt
|faint|p1a: Serperior
|-damage|p2a: Overqwil|20/100|[from] item: Life Orb
|
|-weather|none
|upkeep
|inactive|karmasiren has 60 seconds left.
|
|t:|1778498710
|switch|p1a: Cinderace|Cinderace, F|100/100
|turn|9
|
|t:|1778498720
|move|p1a: Cinderace|Court Change|p1a: Cinderace
|-swapsideconditions
|-activate|p1a: Cinderace|move: Court Change
|move|p2a: Overqwil|Crunch|p1a: Cinderace
|-damage|p1a: Cinderace|0 fnt
|faint|p1a: Cinderace
|-damage|p2a: Overqwil|10/100|[from] item: Life Orb
|
|upkeep
|inactive|karmasiren has 60 seconds left.
|inactive|karmasiren has 30 seconds left.
|
|t:|1778498759
|switch|p1a: Kingambit|Kingambit, F|100/100
|-activate|p1a: Kingambit|move: Sticky Web
|-unboost|p1a: Kingambit|spe|1
|-ability|p1a: Kingambit|Defiant|boost
|-boost|p1a: Kingambit|atk|2
|turn|10
|
|t:|1778498765
|move|p2a: Overqwil|Liquidation|p1a: Kingambit
|-damage|p1a: Kingambit|37/100
|-damage|p2a: Overqwil|0 fnt|[from] item: Life Orb
|faint|p2a: Overqwil
|move|p1a: Kingambit|Kowtow Cleave|p2: Overqwil|[notarget]
|-fail|p1a: Kingambit
|
|upkeep
|
|t:|1778498781
|switch|p2a: Pelipper|Pelipper, M|100/100
|-weather|RainDance|[from] ability: Drizzle|[of] p2a: Pelipper
|turn|11
|
|t:|1778498790
|-terastallize|p2a: Pelipper|Steel
|-terastallize|p1a: Kingambit|Dark
|move|p2a: Pelipper|Surf|p1a: Kingambit
|-damage|p1a: Kingambit|0 fnt
|faint|p1a: Kingambit
|
|-weather|RainDance|[upkeep]
|upkeep
|-message|karmasiren forfeited.
|
|win|critical_32
|raw|karmasiren's rating: 1325 &rarr; <strong>1309</strong><br />(-16 for losing)
|raw|critical_32's rating: 1400 &rarr; <strong>1416</strong><br />(+16 for winning)
|l|☆karmasiren
|player|p1|
|l|☆critical_32
|player|p2|
