|html|<div class="broadcast-blue"><strong>[Gen 9] OU is currently suspecting Tera Blast! For information on how to participate check out the <a href="https://www.smogon.com/tools/suspects/view/200">suspect thread</a>.</strong></div>
|j|☆NiZZaYe
|j|☆Anondree
|t:|1776033225
|gametype|singles
|player|p1|NiZZaYe|266|1562
|player|p2|Anondree|101|1496
|gen|9
|tier|[Gen 9] OU
|rated|
|rule|HP Percentage Mod: HP is shown in percentages
|rule|Endless Battle Clause: Forcing endless battles is banned
|rule|Species Clause: Limit one of each Pokémon
|rule|OHKO Clause: OHKO moves are banned
|rule|Evasion Items Clause: Evasion items are banned
|rule|Evasion Moves Clause: Evasion moves are banned
|rule|Evasion Abilities Clause: Evasion abilities are banned
|rule|Sleep Moves Clause: Sleep-inducing moves are banned
|clearpoke
|poke|p1|Hatterene, F|
|poke|p1|Pelipper, F|
|poke|p1|Hariyama, F|
|poke|p1|Cresselia, F|
|poke|p1|Ursaluna, M|
|poke|p1|Porygon2|
|poke|p2|Goodra-Hisui, F|
|poke|p2|Samurott-Hisui, F|
|poke|p2|Ting-Lu|
|poke|p2|Dragapult, F|
|poke|p2|Weezing-Galar, M|
|poke|p2|Ditto|
|teampreview
|inactive|Battle timer is ON: inactive players will automatically lose when time's up. (requested by NiZZaYe)
|
|t:|1776033255
|teamsize|p1|6
|teamsize|p2|6
|start
|switch|p1a: Lindsay Throwhandz|Hariyama, F|100/100
|switch|p2a: Samurott|Samurott-Hisui, F|100/100
|turn|1
|
|t:|1776033260
|switch|p2a: Weezing|Weezing-Galar, M, shiny|100/100
|move|p1a: Lindsay Throwhandz|Belly Drum|p1a: Lindsay Throwhandz
|-damage|p1a: Lindsay Throwhandz|50/100
|-setboost|p1a: Lindsay Throwhandz|atk|6|[from] move: Belly Drum
|-enditem|p1a: Lindsay Throwhandz|Sitrus Berry|[eat]
|-heal|p1a: Lindsay Throwhandz|75/100|[from] item: Sitrus Berry
|
|upkeep
|turn|2
|
|t:|1776033265
|move|p1a: Lindsay Throwhandz|Bullet Punch|p2a: Weezing
|-supereffective|p2a: Weezing
|-damage|p2a: Weezing|14/100
|-damage|p1a: Lindsay Throwhandz|59/100|[from] item: Rocky Helmet|[of] p2a: Weezing
|move|p2a: Weezing|Clear Smog|p1a: Lindsay Throwhandz
|-damage|p1a: Lindsay Throwhandz|43/100
|-clearboost|p1a: Lindsay Throwhandz
|
|upkeep
|turn|3
|inactive|Anondree has 120 seconds left.
|
|t:|1776033301
|switch|p2a: Dragapult|Dragapult, F|100/100
|move|p1a: Lindsay Throwhandz|Bullet Punch|p2a: Dragapult
|-damage|p2a: Dragapult|81/100
|
|upkeep
|turn|4
|l|☆NiZZaYe
|inactive|NiZZaYe disconnected and has a minute to reconnect!
|player|p1|
|inactive|Anondree has 120 seconds left.
|j|☆NiZZaYe
|inactive|NiZZaYe reconnected and has 135 seconds left.
|player|p1|NiZZaYe|266|
|
|t:|1776033318
|switch|p1a: Better Call Stall|Cresselia, F|100/100
|move|p2a: Dragapult|Hex|p1a: Better Call Stall
|-supereffective|p1a: Better Call Stall
|-damage|p1a: Better Call Stall|64/100
|
|upkeep
|turn|5
|
|t:|1776033325
|move|p2a: Dragapult|Hex|p1a: Better Call Stall
|-supereffective|p1a: Better Call Stall
|-damage|p1a: Better Call Stall|26/100
|move|p1a: Better Call Stall|Trick Room|p1a: Better Call Stall
|-fieldstart|move: Trick Room|[of] p1a: Better Call Stall
|
|upkeep
|turn|6
|
|t:|1776033336
|switch|p2a: Ting-Lu|Ting-Lu|100/100
|-ability|p2a: Ting-Lu|Vessel of Ruin
|move|p1a: Better Call Stall|Lunar Dance|p1a: Better Call Stall
|faint|p1a: Better Call Stall
|
|upkeep
|
|t:|1776033339
|switch|p1a: Lindsay Throwhandz|Hariyama, F|43/100
|-heal|p1a: Lindsay Throwhandz|100/100|[from] move: Lunar Dance
|turn|7
|
|t:|1776033353
|switch|p1a: Sydney Sipme|Hatterene, F|100/100
|-terastallize|p2a: Ting-Lu|Electric
|move|p2a: Ting-Lu|Whirlwind|p1a: Sydney Sipme
|move|p1a: Sydney Sipme|Whirlwind|p2a: Ting-Lu|[from] ability: Magic Bounce
|drag|p2a: Ditto|Ditto, shiny|100/100
|-transform|p2a: Ditto|p1a: Sydney Sipme|[from] ability: Imposter
|
|upkeep
|turn|8
|
|t:|1776033362
|move|p1a: Sydney Sipme|Psychic Noise|p2a: Ditto
|-resisted|p2a: Ditto
|-damage|p2a: Ditto|76/100
|-start|p2a: Ditto|move: Heal Block
|move|p2a: Ditto|Psychic Noise|p1a: Sydney Sipme
|-resisted|p1a: Sydney Sipme
|-crit|p1a: Sydney Sipme
|-damage|p1a: Sydney Sipme|67/100
|-start|p1a: Sydney Sipme|move: Heal Block
|
|upkeep
|turn|9
|
|t:|1776033382
|switch|p1a: Duck Duck Goobs|Porygon2|100/100
|-ability|p1a: Duck Duck Goobs|Download|boost
|-boost|p1a: Duck Duck Goobs|atk|1
|switch|p2a: Goodra|Goodra-Hisui, F|100/100
|
|-fieldend|move: Trick Room
|upkeep
|turn|10
|
|t:|1776033395
|move|p2a: Goodra|Curse|p2a: Goodra
|-unboost|p2a: Goodra|spe|1
|-boost|p2a: Goodra|atk|1
|-boost|p2a: Goodra|def|1
|move|p1a: Duck Duck Goobs|Trick Room|p1a: Duck Duck Goobs
|-fieldstart|move: Trick Room|[of] p1a: Duck Duck Goobs
|
|upkeep
|turn|11
|
|t:|1776033407
|switch|p1a: Late Hibernation|Ursaluna, M|100/100
|move|p2a: Goodra|Curse|p2a: Goodra
|-unboost|p2a: Goodra|spe|1
|-boost|p2a: Goodra|atk|1
|-boost|p2a: Goodra|def|1
|
|-status|p1a: Late Hibernation|brn|[from] item: Flame Orb
|upkeep
|turn|12
|
|t:|1776033418
|move|p2a: Goodra|Iron Head|p1a: Late Hibernation
|-damage|p1a: Late Hibernation|65/100 brn
|move|p1a: Late Hibernation|Headlong Rush|p2a: Goodra
|-supereffective|p2a: Goodra
|-damage|p2a: Goodra|3/100
|-unboost|p1a: Late Hibernation|def|1
|-unboost|p1a: Late Hibernation|spd|1
|
|-heal|p2a: Goodra|10/100|[from] item: Leftovers
|-damage|p1a: Late Hibernation|59/100 brn|[from] brn
|upkeep
|turn|13
|
|t:|1776033429
|switch|p1a: JD Dance|Pelipper, F|100/100
|-weather|RainDance|[from] ability: Drizzle|[of] p1a: JD Dance
|move|p2a: Goodra|Iron Head|p1a: JD Dance
|-resisted|p1a: JD Dance
|-damage|p1a: JD Dance|70/100
|
|-weather|RainDance|[upkeep]
|-heal|p2a: Goodra|16/100|[from] item: Leftovers
|upkeep
|turn|14
|
|t:|1776033449
|move|p2a: Goodra|Rest|p2a: Goodra
|-status|p2a: Goodra|slp|[from] move: Rest
|-heal|p2a: Goodra|100/100 slp|[silent]
|move|p1a: JD Dance|Weather Ball|p2a: Goodra
|-resisted|p2a: Goodra
|-damage|p2a: Goodra|70/100 slp
|
|-weather|RainDance|[upkeep]
|-heal|p2a: Goodra|77/100 slp|[from] item: Leftovers
|-fieldend|move: Trick Room
|upkeep
|turn|15
|
|t:|1776033458
|switch|p1a: Duck Duck Goobs|Porygon2|100/100
|-ability|p1a: Duck Duck Goobs|Download|boost
|-boost|p1a: Duck Duck Goobs|spa|1
|switch|p2a: Weezing|Weezing-Galar, M, shiny|14/100
|
|-weather|RainDance|[upkeep]
|upkeep
|turn|16
|
|t:|1776033465
|move|p2a: Weezing|Will-O-Wisp|p1a: Duck Duck Goobs
|-status|p1a: Duck Duck Goobs|brn
|move|p1a: Duck Duck Goobs|Ice Beam|p2a: Weezing
|-damage|p2a: Weezing|0 fnt
|faint|p2a: Weezing
|
|-weather|RainDance|[upkeep]
|-damage|p1a: Duck Duck Goobs|94/100 brn|[from] brn
|upkeep
|
|t:|1776033470
|switch|p2a: Ditto|Ditto, shiny|76/100
|-transform|p2a: Ditto|p1a: Duck Duck Goobs|[from] ability: Imposter
|-ability|p2a: Ditto|Download|boost
|-boost|p2a: Ditto|atk|1
|turn|17
|
|t:|1776033486
|move|p2a: Ditto|Tera Blast|p1a: Duck Duck Goobs
|-damage|p1a: Duck Duck Goobs|56/100 brn
|move|p1a: Duck Duck Goobs|Trick Room|p1a: Duck Duck Goobs
|-fieldstart|move: Trick Room|[of] p1a: Duck Duck Goobs
|
|-weather|none
|-damage|p1a: Duck Duck Goobs|49/100 brn|[from] brn
|upkeep
|turn|18
|
|t:|1776033510
|switch|p2a: Goodra|Goodra-Hisui, F|77/100 slp
|move|p1a: Duck Duck Goobs|Thunder|p2a: Goodra|[miss]
|-miss|p1a: Duck Duck Goobs|p2a: Goodra
|
|-heal|p2a: Goodra|83/100 slp|[from] item: Leftovers
|-damage|p1a: Duck Duck Goobs|43/100 brn|[from] brn
|upkeep
|turn|19
|
|t:|1776033514
|-terastallize|p1a: Duck Duck Goobs|Ground
|move|p1a: Duck Duck Goobs|Tera Blast|p2a: Goodra|[anim] Tera Blast Ground
|-supereffective|p2a: Goodra
|-damage|p2a: Goodra|23/100 slp
|cant|p2a: Goodra|slp
|
|-heal|p2a: Goodra|29/100 slp|[from] item: Leftovers
|-damage|p1a: Duck Duck Goobs|37/100 brn|[from] brn
|upkeep
|turn|20
|
|t:|1776033535
|move|p1a: Duck Duck Goobs|Tera Blast|p2a: Goodra|[anim] Tera Blast Ground
|-supereffective|p2a: Goodra
|-damage|p2a: Goodra|0 fnt
|faint|p2a: Goodra
|
|-damage|p1a: Duck Duck Goobs|31/100 brn|[from] brn
|upkeep
|
|t:|1776033537
|switch|p2a: Samurott|Samurott-Hisui, F|100/100
|turn|21
|
|t:|1776033550
|switch|p1a: Lindsay Throwhandz|Hariyama, F|100/100
|move|p2a: Samurott|Ceaseless Edge|p1a: Lindsay Throwhandz
|-resisted|p1a: Lindsay Throwhandz
|-damage|p1a: Lindsay Throwhandz|80/100
|-sidestart|p1: NiZZaYe|Spikes
|
|-fieldend|move: Trick Room
|upkeep
|turn|22
|
|t:|1776033562
|move|p2a: Samurott|Razor Shell|p1a: Lindsay Throwhandz
|-damage|p1a: Lindsay Throwhandz|31/100
|-unboost|p1a: Lindsay Throwhandz|def|1
|move|p1a: Lindsay Throwhandz|Knock Off|p2a: Samurott
|-resisted|p2a: Samurott
|-damage|p2a: Samurott|77/100
|-enditem|p2a: Samurott|Focus Sash|[from] move: Knock Off|[of] p1a: Lindsay Throwhandz
|
|upkeep
|turn|23
|-message|NiZZaYe forfeited.
|
|win|Anondree
|raw|NiZZaYe's rating: 1562 &rarr; <strong>1538</strong><br />(-24 for losing)
|raw|Anondree's rating: 1496 &rarr; <strong>1520</strong><br />(+24 for winning)
|l|☆NiZZaYe
|player|p1|
|l|☆Anondree
|player|p2|
