|html|<div class="broadcast-blue"><strong>[Gen 9] OU is currently suspecting Tera Blast! For information on how to participate check out the <a href="https://www.smogon.com/tools/suspects/view/200">suspect thread</a>.</strong></div>
|j|☆Snurke
|j|☆tea stain
|t:|1776244654
|gametype|singles
|player|p1|Snurke|sisandbro|1548
|player|p2|tea stain|oak-gen1rb|1570
|gen|9
|tier|[Gen 9] OU
|rated|
|rule|HP Percentage Mod: HP is shown in percentages
|rule|Endless Battle Clause: Forcing endless battles is banned
|rule|Species Clause: Limit one of each Pokémon
|rule|OHKO Clause: OHKO moves are banned
|rule|Evasion Items Clause: Evasion items are banned
|rule|Evasion Moves Clause: Evasion moves are banned
|rule|Evasion Abilities Clause: Evasion abilities are banned
|rule|Sleep Moves Clause: Sleep-inducing moves are banned
|clearpoke
|poke|p1|Mew|
|poke|p1|Great Tusk|
|poke|p1|Kingambit, M|
|poke|p1|Ceruledge, F|
|poke|p1|Hatterene, F|
|poke|p1|Gliscor, M|
|poke|p2|Samurott-Hisui, F|
|poke|p2|Zapdos|
|poke|p2|Iron Treads|
|poke|p2|Ceruledge, M|
|poke|p2|Gholdengo|
|poke|p2|Kingambit, M|
|teampreview
|inactive|Battle timer is ON: inactive players will automatically lose when time's up. (requested by Snurke)
|
|t:|1776244674
|teamsize|p1|6
|teamsize|p2|6
|start
|switch|p1a: Mew|Mew, shiny|100/100
|switch|p2a: Ochuwatttt|Samurott-Hisui, F, shiny|100/100
|turn|1
|
|t:|1776244681
|move|p1a: Mew|Imprison|p1a: Mew
|-start|p1a: Mew|move: Imprison
|move|p2a: Ochuwatttt|Ceaseless Edge|p1a: Mew
|-supereffective|p1a: Mew
|-damage|p1a: Mew|26/100
|-sidestart|p1: Snurke|Spikes
|
|-heal|p1a: Mew|32/100|[from] item: Leftovers
|upkeep
|turn|2
|
|t:|1776244705
|move|p1a: Mew|Transform|p2a: Ochuwatttt
|-transform|p1a: Mew|p2a: Ochuwatttt
|cant|p2a: Ochuwatttt|move: Imprison|Ceaseless Edge
|
|-heal|p1a: Mew|39/100|[from] item: Leftovers
|upkeep
|turn|3
|
|t:|1776244713
|-activate|p2a: Ochuwatttt|move: Struggle
|move|p2a: Ochuwatttt|Struggle|p1a: Mew
|-damage|p1a: Mew|24/100
|-damage|p2a: Ochuwatttt|75/100|[from] recoil
|move|p1a: Mew|Ceaseless Edge|p2a: Ochuwatttt
|-resisted|p2a: Ochuwatttt
|-damage|p2a: Ochuwatttt|52/100
|-sidestart|p2: tea stain|Spikes
|
|-heal|p1a: Mew|30/100|[from] item: Leftovers
|upkeep
|turn|4
|
|t:|1776244724
|move|p1a: Mew|Ceaseless Edge|p2a: Ochuwatttt
|-resisted|p2a: Ochuwatttt
|-damage|p2a: Ochuwatttt|28/100
|-sidestart|p2: tea stain|Spikes
|-activate|p2a: Ochuwatttt|move: Struggle
|move|p2a: Ochuwatttt|Struggle|p1a: Mew
|-crit|p1a: Mew
|-damage|p1a: Mew|8/100
|-damage|p2a: Ochuwatttt|3/100|[from] recoil
|
|-heal|p1a: Mew|14/100|[from] item: Leftovers
|upkeep
|turn|5
|j| scarry.exe
|
|t:|1776244739
|switch|p1a: Gliscor|Gliscor, M, shiny|100/100
|-activate|p2a: Ochuwatttt|move: Struggle
|move|p2a: Ochuwatttt|Struggle|p1a: Gliscor
|-damage|p1a: Gliscor|89/100
|-damage|p2a: Ochuwatttt|0 fnt|[from] recoil
|faint|p2a: Ochuwatttt
|
|-status|p1a: Gliscor|tox|[from] item: Toxic Orb
|upkeep
|c|☆tea stain|wow
|
|t:|1776244748
|switch|p2a: hello|Gholdengo|100/100
|-item|p2a: hello|Air Balloon
|turn|6
|
|t:|1776244754
|move|p1a: Gliscor|Swords Dance|p1a: Gliscor
|-boost|p1a: Gliscor|atk|2
|move|p2a: hello|Hex|p1a: Gliscor
|-damage|p1a: Gliscor|23/100 tox
|
|-heal|p1a: Gliscor|36/100 tox|[from] ability: Poison Heal
|upkeep
|turn|7
|
|t:|1776244768
|move|p1a: Gliscor|Knock Off|p2a: hello
|-supereffective|p2a: hello
|-damage|p2a: hello|23/100
|-enditem|p2a: hello|Air Balloon
|move|p2a: hello|Hex|p1a: Gliscor
|-damage|p1a: Gliscor|0 fnt
|faint|p1a: Gliscor
|
|upkeep
|
|t:|1776244777
|switch|p1a: Mew|Mew, shiny|14/100
|-damage|p1a: Mew|2/100|[from] Spikes
|turn|8
|
|t:|1776244795
|move|p1a: Mew|Knock Off|p2a: hello
|-supereffective|p2a: hello
|-damage|p2a: hello|0 fnt
|faint|p2a: hello
|
|-heal|p1a: Mew|8/100|[from] item: Leftovers
|upkeep
|inactive|tea stain has 120 seconds left.
|
|t:|1776244827
|switch|p2a: O'connor|Iron Treads|100/100
|-damage|p2a: O'connor|84/100|[from] Spikes
|turn|9
|
|t:|1776244837
|switch|p1a: Great Tusk|Great Tusk|100/100
|-damage|p1a: Great Tusk|88/100|[from] Spikes
|move|p2a: O'connor|Rapid Spin|p1a: Great Tusk
|-damage|p1a: Great Tusk|78/100
|-boost|p2a: O'connor|spe|1
|-damage|p2a: O'connor|67/100|[from] item: Rocky Helmet|[of] p1a: Great Tusk
|-sideend|p2: tea stain|Spikes|[from] move: Rapid Spin|[of] p2a: O'connor
|
|-heal|p2a: O'connor|74/100|[from] item: Leftovers
|upkeep
|turn|10
|inactive|tea stain has 120 seconds left.
|
|t:|1776244849
|move|p2a: O'connor|Earthquake|p1a: Great Tusk
|-damage|p1a: Great Tusk|47/100
|move|p1a: Great Tusk|Rapid Spin|p2a: O'connor
|-resisted|p2a: O'connor
|-damage|p2a: O'connor|67/100
|-boost|p1a: Great Tusk|spe|1
|-sideend|p1: Snurke|Spikes|[from] move: Rapid Spin|[of] p1a: Great Tusk
|
|-heal|p2a: O'connor|73/100|[from] item: Leftovers
|upkeep
|turn|11
|
|t:|1776244855
|move|p2a: O'connor|Earthquake|p1a: Great Tusk
|-damage|p1a: Great Tusk|18/100
|move|p1a: Great Tusk|Earthquake|p2a: O'connor
|-supereffective|p2a: O'connor
|-damage|p2a: O'connor|0 fnt
|faint|p2a: O'connor
|-end|p2a: O'connor|Quark Drive|[silent]
|
|upkeep
|
|t:|1776244860
|switch|p2a: wolfgng|Ceruledge, M, shiny|100/100
|turn|12
|
|t:|1776244873
|switch|p2a: Donald|Zapdos|100/100
|move|p1a: Great Tusk|Earthquake|p2a: Donald
|-immune|p2a: Donald
|
|upkeep
|turn|13
|
|t:|1776244877
|move|p1a: Great Tusk|Ice Spinner|p2a: Donald
|-supereffective|p2a: Donald
|-damage|p2a: Donald|67/100
|-status|p1a: Great Tusk|par|[from] ability: Static|[of] p2a: Donald
|move|p2a: Donald|Hurricane|p1a: Great Tusk
|-supereffective|p1a: Great Tusk
|-damage|p1a: Great Tusk|0 fnt
|faint|p1a: Great Tusk
|-end|p1a: Great Tusk|Protosynthesis|[silent]
|
|upkeep
|j| deepesh1
|
|t:|1776244884
|switch|p1a: Mew|Mew, shiny|8/100
|turn|14
|
|t:|1776244887
|move|p1a: Mew|Stealth Rock|p2a: Donald
|-sidestart|p2: tea stain|move: Stealth Rock
|move|p2a: Donald|Volt Switch|p1a: Mew
|-crit|p1a: Mew
|-damage|p1a: Mew|0 fnt
|faint|p1a: Mew
|
|t:|1776244900
|switch|p2a: wolfgng|Ceruledge, M, shiny|100/100|[from] Volt Switch
|
|upkeep
|
|t:|1776244913
|switch|p1a: Kingambit|Kingambit, M, shiny|100/100
|-activate|p1a: Kingambit|ability: Supreme Overlord
|-start|p1a: Kingambit|fallen3|[silent]
|turn|15
|
|t:|1776244919
|move|p2a: wolfgng|Bitter Blade|p1a: Kingambit
|-supereffective|p1a: Kingambit
|-crit|p1a: Kingambit
|-damage|p1a: Kingambit|0 fnt
|faint|p1a: Kingambit
|-end|p1a: Kingambit|fallen3|[silent]
|
|upkeep
|
|t:|1776244932
|switch|p1a: Ceruledge|Ceruledge, F, shiny|100/100
|turn|16
|
|t:|1776244944
|-terastallize|p1a: Ceruledge|Bug
|-terastallize|p2a: wolfgng|Fairy
|move|p1a: Ceruledge|Bulk Up|p1a: Ceruledge
|-boost|p1a: Ceruledge|atk|1
|-boost|p1a: Ceruledge|def|1
|move|p2a: wolfgng|Poltergeist|p1a: Ceruledge
|-activate|p1a: Ceruledge|move: Poltergeist|Covert Cloak
|-damage|p1a: Ceruledge|55/100
|
|upkeep
|turn|17
|
|t:|1776244960
|move|p1a: Ceruledge|Bitter Blade|p2a: wolfgng
|-damage|p2a: wolfgng|11/100
|-heal|p1a: Ceruledge|99/100|[from] drain|[of] p2a: wolfgng
|-ability|p2a: wolfgng|Weak Armor|boost
|-unboost|p2a: wolfgng|def|1
|-boost|p2a: wolfgng|spe|2
|move|p2a: wolfgng|Swords Dance|p2a: wolfgng
|-boost|p2a: wolfgng|atk|2
|
|upkeep
|turn|18
|
|t:|1776244965
|move|p1a: Ceruledge|Shadow Sneak|p2a: wolfgng
|-damage|p2a: wolfgng|0 fnt
|faint|p2a: wolfgng
|
|upkeep
|
|t:|1776244967
|switch|p2a: Donald|Zapdos|67/100
|turn|19
|
|t:|1776244978
|switch|p1a: Hatterene|Hatterene, F, shiny|100/100
|move|p2a: Donald|Hurricane|p1a: Hatterene
|-damage|p1a: Hatterene|65/100
|
|upkeep
|turn|20
|
|t:|1776244985
|move|p2a: Donald|Roost|p2a: Donald
|-heal|p2a: Donald|100/100
|-singleturn|p2a: Donald|move: Roost
|move|p1a: Hatterene|Light Screen|p1a: Hatterene
|-sidestart|p1: Snurke|move: Light Screen
|
|upkeep
|turn|21
|
|t:|1776244988
|move|p2a: Donald|Volt Switch|p1a: Hatterene
|-damage|p1a: Hatterene|52/100
|
|t:|1776244990
|switch|p2a: why|Kingambit, M, shiny|100/100|[from] Volt Switch
|-damage|p2a: why|94/100|[from] Stealth Rock
|-activate|p2a: why|ability: Supreme Overlord
|-start|p2a: why|fallen4|[silent]
|move|p1a: Hatterene|Reflect|p1a: Hatterene
|-sidestart|p1: Snurke|Reflect
|
|-heal|p2a: why|100/100|[from] item: Leftovers
|upkeep
|turn|22
|
|t:|1776244993
|move|p2a: why|Swords Dance|p2a: why
|-boost|p2a: why|atk|2
|move|p1a: Hatterene|Draining Kiss|p2a: why
|-damage|p2a: why|75/100
|-heal|p1a: Hatterene|73/100|[from] drain|[of] p2a: why
|
|-heal|p2a: why|81/100|[from] item: Leftovers
|upkeep
|turn|23
|
|t:|1776244999
|move|p2a: why|Iron Head|p1a: Hatterene
|-supereffective|p1a: Hatterene
|-damage|p1a: Hatterene|0 fnt
|faint|p1a: Hatterene
|
|-heal|p2a: why|87/100|[from] item: Leftovers
|upkeep
|
|t:|1776245002
|switch|p1a: Ceruledge|Ceruledge, F, shiny, tera:Bug|99/100
|turn|24
|
|t:|1776245010
|move|p1a: Ceruledge|Bulk Up|p1a: Ceruledge
|-boost|p1a: Ceruledge|atk|1
|-boost|p1a: Ceruledge|def|1
|move|p2a: why|Iron Head|p1a: Ceruledge
|-damage|p1a: Ceruledge|54/100
|
|-heal|p2a: why|93/100|[from] item: Leftovers
|upkeep
|turn|25
|
|t:|1776245016
|move|p1a: Ceruledge|Bitter Blade|p2a: why
|-supereffective|p2a: why
|-damage|p2a: why|0 fnt
|-heal|p1a: Ceruledge|99/100|[from] drain|[of] p2a: why
|faint|p2a: why
|-end|p2a: why|fallen4|[silent]
|
|upkeep
|
|t:|1776245018
|switch|p2a: Donald|Zapdos|100/100
|turn|26
|
|t:|1776245022
|move|p2a: Donald|Hurricane|p1a: Ceruledge
|-supereffective|p1a: Ceruledge
|-damage|p1a: Ceruledge|57/100
|move|p1a: Ceruledge|Bitter Blade|p2a: Donald
|-damage|p2a: Donald|54/100
|-heal|p1a: Ceruledge|82/100|[from] drain|[of] p2a: Donald
|
|upkeep
|turn|27
|
|t:|1776245029
|move|p2a: Donald|Thunder Wave|p1a: Ceruledge
|-status|p1a: Ceruledge|par
|cant|p1a: Ceruledge|par
|
|-sideend|p1: Snurke|move: Light Screen
|upkeep
|turn|28
|
|t:|1776245033
|move|p2a: Donald|Roost|p2a: Donald
|-heal|p2a: Donald|100/100
|-singleturn|p2a: Donald|move: Roost
|cant|p1a: Ceruledge|par
|
|-sideend|p1: Snurke|Reflect
|upkeep
|turn|29
|c|☆Snurke|Are you fucking kidding me
|l| scarry.exe
|c|☆Snurke|Gg I guess
|
|t:|1776245051
|move|p2a: Donald|Hurricane|p1a: Ceruledge|[miss]
|-miss|p2a: Donald|p1a: Ceruledge
|move|p1a: Ceruledge|Bitter Blade|p2a: Donald
|-damage|p2a: Donald|53/100
|-heal|p1a: Ceruledge|100/100 par|[from] drain|[of] p2a: Donald
|
|upkeep
|turn|30
|
|t:|1776245058
|move|p2a: Donald|Hurricane|p1a: Ceruledge|[miss]
|-miss|p2a: Donald|p1a: Ceruledge
|move|p1a: Ceruledge|Bulk Up|p1a: Ceruledge
|-boost|p1a: Ceruledge|atk|1
|-boost|p1a: Ceruledge|def|1
|
|upkeep
|turn|31
|
|t:|1776245062
|move|p2a: Donald|Hurricane|p1a: Ceruledge
|-supereffective|p1a: Ceruledge
|-damage|p1a: Ceruledge|10/100 par
|cant|p1a: Ceruledge|par
|
|upkeep
|turn|32
|
|t:|1776245067
|move|p2a: Donald|Volt Switch|p1a: Ceruledge
|-damage|p1a: Ceruledge|0 fnt
|faint|p1a: Ceruledge
|
|win|tea stain
|raw|Snurke's rating: 1548 &rarr; <strong>1529</strong><br />(-19 for losing)
|raw|tea stain's rating: 1570 &rarr; <strong>1589</strong><br />(+19 for winning)
