|html|<div class="broadcast-blue"><strong>[Gen 9] OU is currently suspecting Tera Blast! For information on how to participate check out the <a href="https://www.smogon.com/tools/suspects/view/200">suspect thread</a>.</strong></div>
|j|☆newbytho
|j|☆emilipdh
|t:|1776272432
|gametype|singles
|player|p1|newbytho|265|1509
|player|p2|emilipdh|larry|1453
|gen|9
|tier|[Gen 9] OU
|rated|
|rule|HP Percentage Mod: HP is shown in percentages
|rule|Endless Battle Clause: Forcing endless battles is banned
|rule|Species Clause: Limit one of each Pokémon
|rule|OHKO Clause: OHKO moves are banned
|rule|Evasion Items Clause: Evasion items are banned
|rule|Evasion Moves Clause: Evasion moves are banned
|rule|Evasion Abilities Clause: Evasion abilities are banned
|rule|Sleep Moves Clause: Sleep-inducing moves are banned
|clearpoke
|poke|p1|Pecharunt|
|poke|p1|Zapdos|
|poke|p1|Ting-Lu|
|poke|p1|Great Tusk|
|poke|p1|Slowking-Galar, F|
|poke|p1|Kingambit, F|
|poke|p2|Gliscor, M|
|poke|p2|Skarmory, M|
|poke|p2|Garganacl, F|
|poke|p2|Kingambit, M|
|poke|p2|Dragapult, F|
|poke|p2|Slowking-Galar, M|
|teampreview
|inactive|Battle timer is ON: inactive players will automatically lose when time's up. (requested by newbytho)
|
|t:|1776272486
|teamsize|p1|6
|teamsize|p2|6
|start
|switch|p1a: Slowking|Slowking-Galar, F|100/100
|switch|p2a: Gliscor|Gliscor, M|100/100
|turn|1
|
|t:|1776272492
|move|p2a: Gliscor|Knock Off|p1a: Slowking
|-supereffective|p1a: Slowking
|-damage|p1a: Slowking|56/100
|-enditem|p1a: Slowking|Assault Vest|[from] move: Knock Off|[of] p2a: Gliscor
|move|p1a: Slowking|Psychic Noise|p2a: Gliscor
|-damage|p2a: Gliscor|69/100
|-start|p2a: Gliscor|move: Heal Block
|
|-status|p2a: Gliscor|tox|[from] item: Toxic Orb
|upkeep
|turn|2
|
|t:|1776272511
|switch|p2a: Garganacl|Garganacl, F|100/100
|switch|p1a: Ting-Lu|Ting-Lu|100/100
|-ability|p1a: Ting-Lu|Vessel of Ruin
|
|upkeep
|turn|3
|inactive|emilipdh has 120 seconds left.
|
|t:|1776272552
|switch|p2a: Gliscor|Gliscor, M|69/100 tox
|move|p1a: Ting-Lu|Stealth Rock|p2a: Gliscor
|-sidestart|p2: emilipdh|move: Stealth Rock
|
|-heal|p2a: Gliscor|81/100 tox|[from] ability: Poison Heal
|upkeep
|turn|4
|inactive|emilipdh has 90 seconds left.
|
|t:|1776272577
|switch|p1a: Slowking|Slowking-Galar, F|89/100
|move|p2a: Gliscor|Swords Dance|p2a: Gliscor
|-boost|p2a: Gliscor|atk|2
|
|-heal|p2a: Gliscor|94/100 tox|[from] ability: Poison Heal
|upkeep
|turn|5
|inactive|emilipdh has 90 seconds left.
|
|t:|1776272598
|move|p2a: Gliscor|Protect|p2a: Gliscor
|-singleturn|p2a: Gliscor|Protect
|move|p1a: Slowking|Ice Beam|p2a: Gliscor
|-activate|p2a: Gliscor|move: Protect
|
|-heal|p2a: Gliscor|100/100 tox|[from] ability: Poison Heal
|upkeep
|turn|6
|
|t:|1776272612
|-terastallize|p2a: Gliscor|Normal
|move|p2a: Gliscor|Facade|p1a: Slowking
|-damage|p1a: Slowking|0 fnt
|faint|p1a: Slowking
|
|upkeep
|
|t:|1776272620
|switch|p1a: Great Tusk|Great Tusk|100/100
|turn|7
|inactive|emilipdh has 90 seconds left.
|
|t:|1776272641
|move|p2a: Gliscor|Protect|p2a: Gliscor
|-singleturn|p2a: Gliscor|Protect
|move|p1a: Great Tusk|Earthquake|p2a: Gliscor
|-activate|p2a: Gliscor|move: Protect
|
|upkeep
|turn|8
|
|t:|1776272651
|move|p1a: Great Tusk|Close Combat|p2a: Gliscor
|-supereffective|p2a: Gliscor
|-damage|p2a: Gliscor|23/100 tox
|-unboost|p1a: Great Tusk|def|1
|-unboost|p1a: Great Tusk|spd|1
|move|p2a: Gliscor|Facade|p1a: Great Tusk
|-damage|p1a: Great Tusk|29/100
|
|-heal|p1a: Great Tusk|36/100|[from] item: Leftovers
|-heal|p2a: Gliscor|36/100 tox|[from] ability: Poison Heal
|upkeep
|turn|9
|
|t:|1776272664
|move|p2a: Gliscor|Protect|p2a: Gliscor
|-singleturn|p2a: Gliscor|Protect
|move|p1a: Great Tusk|Close Combat|p2a: Gliscor
|-activate|p2a: Gliscor|move: Protect
|
|-heal|p1a: Great Tusk|42/100|[from] item: Leftovers
|-heal|p2a: Gliscor|48/100 tox|[from] ability: Poison Heal
|upkeep
|turn|10
|
|t:|1776272669
|switch|p2a: Skarmory|Skarmory, M|100/100
|-damage|p2a: Skarmory|88/100|[from] Stealth Rock
|move|p1a: Great Tusk|Close Combat|p2a: Skarmory
|-damage|p2a: Skarmory|55/100
|-unboost|p1a: Great Tusk|def|1
|-unboost|p1a: Great Tusk|spd|1
|-damage|p1a: Great Tusk|25/100|[from] item: Rocky Helmet|[of] p2a: Skarmory
|
|-heal|p1a: Great Tusk|31/100|[from] item: Leftovers
|upkeep
|turn|11
|inactive|emilipdh has 90 seconds left.
|
|t:|1776272682
|-end|p1a: Great Tusk|Protosynthesis|[silent]
|switch|p1a: Zapdos|Zapdos|100/100
|move|p2a: Skarmory|Roost|p2a: Skarmory
|-heal|p2a: Skarmory|100/100
|-singleturn|p2a: Skarmory|move: Roost
|
|upkeep
|turn|12
|inactive|emilipdh has 90 seconds left.
|
|t:|1776272694
|switch|p2a: Garganacl|Garganacl, F|100/100
|move|p1a: Zapdos|Volt Switch|p2a: Garganacl
|-damage|p2a: Garganacl|79/100
|
|t:|1776272698
|switch|p1a: Ting-Lu|Ting-Lu|100/100|[from] Volt Switch
|-ability|p1a: Ting-Lu|Vessel of Ruin
|
|upkeep
|turn|13
|inactive|emilipdh has 90 seconds left.
|inactive|emilipdh has 60 seconds left.
|
|t:|1776272749
|move|p1a: Ting-Lu|Spikes|p2a: Garganacl
|-sidestart|p2: emilipdh|Spikes
|move|p2a: Garganacl|Salt Cure|p1a: Ting-Lu
|-resisted|p1a: Ting-Lu
|-damage|p1a: Ting-Lu|97/100
|-start|p1a: Ting-Lu|Salt Cure
|
|-heal|p1a: Ting-Lu|100/100|[from] item: Leftovers
|-damage|p1a: Ting-Lu|88/100|[from] Salt Cure
|upkeep
|turn|14
|inactive|emilipdh has 60 seconds left.
|
|t:|1776272758
|move|p1a: Ting-Lu|Spikes|p2a: Garganacl
|-sidestart|p2: emilipdh|Spikes
|move|p2a: Garganacl|Recover|p2a: Garganacl
|-heal|p2a: Garganacl|100/100
|
|-heal|p1a: Ting-Lu|94/100|[from] item: Leftovers
|-damage|p1a: Ting-Lu|82/100|[from] Salt Cure
|upkeep
|turn|15
|
|t:|1776272762
|move|p1a: Ting-Lu|Spikes|p2a: Garganacl
|-sidestart|p2: emilipdh|Spikes
|move|p2a: Garganacl|Stealth Rock|p1a: Ting-Lu
|-sidestart|p1: newbytho|move: Stealth Rock
|
|-heal|p1a: Ting-Lu|88/100|[from] item: Leftovers
|-damage|p1a: Ting-Lu|76/100|[from] Salt Cure
|upkeep
|turn|16
|
|t:|1776272771
|move|p2a: Garganacl|Protect|p2a: Garganacl
|-singleturn|p2a: Garganacl|Protect
|move|p1a: Ting-Lu|Whirlwind|p2a: Garganacl
|drag|p2a: Gliscor|Gliscor, M, tera:Normal|48/100 tox
|-damage|p2a: Gliscor|36/100 tox|[from] Stealth Rock
|-damage|p2a: Gliscor|11/100 tox|[from] Spikes
|
|-heal|p1a: Ting-Lu|82/100|[from] item: Leftovers
|-heal|p2a: Gliscor|23/100 tox|[from] ability: Poison Heal
|-damage|p1a: Ting-Lu|69/100|[from] Salt Cure
|upkeep
|turn|17
|
|t:|1776272784
|move|p2a: Gliscor|Knock Off|p1a: Ting-Lu
|-resisted|p1a: Ting-Lu
|-damage|p1a: Ting-Lu|63/100
|-enditem|p1a: Ting-Lu|Leftovers|[from] move: Knock Off|[of] p2a: Gliscor
|move|p1a: Ting-Lu|Whirlwind|p2a: Gliscor
|drag|p2a: Garganacl|Garganacl, F|100/100
|
|-damage|p1a: Ting-Lu|51/100|[from] Salt Cure
|upkeep
|turn|18
|
|t:|1776272804
|move|p2a: Garganacl|Protect|p2a: Garganacl
|-singleturn|p2a: Garganacl|Protect
|move|p1a: Ting-Lu|Ruination|p2a: Garganacl
|-activate|p2a: Garganacl|move: Protect
|
|-damage|p1a: Ting-Lu|38/100|[from] Salt Cure
|upkeep
|turn|19
|
|t:|1776272813
|switch|p2a: Gliscor|Gliscor, M, tera:Normal|23/100 tox
|-damage|p2a: Gliscor|11/100 tox|[from] Stealth Rock
|-damage|p2a: Gliscor|0 fnt|[from] Spikes
|faint|p2a: Gliscor
|move|p1a: Ting-Lu|Ruination|p2: Gliscor|[notarget]
|-fail|p1a: Ting-Lu
|
|-damage|p1a: Ting-Lu|26/100|[from] Salt Cure
|upkeep
|inactive|emilipdh has 60 seconds left.
|
|t:|1776272838
|switch|p2a: Skarmory|Skarmory, M|100/100
|-damage|p2a: Skarmory|88/100|[from] Stealth Rock
|turn|20
|inactive|emilipdh has 60 seconds left.
|
|t:|1776272845
|switch|p1a: Zapdos|Zapdos|100/100
|move|p2a: Skarmory|Spikes|p1a: Zapdos
|-sidestart|p1: newbytho|Spikes
|
|upkeep
|turn|21
|inactive|emilipdh has 60 seconds left.
|
|t:|1776272856
|switch|p2a: Slowking|Slowking-Galar, M|100/100
|move|p1a: Zapdos|Volt Switch|p2a: Slowking
|-damage|p2a: Slowking|83/100
|
|t:|1776272859
|switch|p1a: Great Tusk|Great Tusk|31/100|[from] Volt Switch
|-damage|p1a: Great Tusk|28/100|[from] Stealth Rock
|-damage|p1a: Great Tusk|16/100|[from] Spikes
|
|-heal|p1a: Great Tusk|22/100|[from] item: Leftovers
|upkeep
|turn|22
|
|t:|1776272870
|switch|p2a: Dragapult|Dragapult, F|100/100
|move|p1a: Great Tusk|Knock Off|p2a: Dragapult
|-supereffective|p2a: Dragapult
|-damage|p2a: Dragapult|17/100
|-enditem|p2a: Dragapult|Heavy-Duty Boots|[from] move: Knock Off|[of] p1a: Great Tusk
|
|-heal|p1a: Great Tusk|28/100|[from] item: Leftovers
|upkeep
|turn|23
|inactive|emilipdh has 60 seconds left.
|
|t:|1776272887
|-end|p1a: Great Tusk|Protosynthesis|[silent]
|switch|p1a: Zapdos|Zapdos|100/100
|move|p2a: Dragapult|Hex|p1a: Zapdos
|-damage|p1a: Zapdos|73/100
|
|upkeep
|turn|24
|inactive|emilipdh has 60 seconds left.
|
|t:|1776272899
|move|p2a: Dragapult|Will-O-Wisp|p1a: Zapdos
|-status|p1a: Zapdos|brn
|move|p1a: Zapdos|Roost|p1a: Zapdos
|-heal|p1a: Zapdos|100/100 brn
|-singleturn|p1a: Zapdos|move: Roost
|
|-damage|p1a: Zapdos|94/100 brn|[from] brn
|upkeep
|turn|25
|inactive|emilipdh has 60 seconds left.
|
|t:|1776272921
|move|p2a: Dragapult|Hex|p1a: Zapdos
|-damage|p1a: Zapdos|37/100 brn
|move|p1a: Zapdos|Volt Switch|p2a: Dragapult
|-resisted|p2a: Dragapult
|-damage|p2a: Dragapult|0 fnt
|faint|p2a: Dragapult
|
|t:|1776272933
|switch|p1a: Great Tusk|Great Tusk|28/100|[from] Volt Switch
|-damage|p1a: Great Tusk|25/100|[from] Stealth Rock
|-damage|p1a: Great Tusk|13/100|[from] Spikes
|
|-heal|p1a: Great Tusk|19/100|[from] item: Leftovers
|upkeep
|
|t:|1776272957
|switch|p2a: Skarmory|Skarmory, M|88/100
|-damage|p2a: Skarmory|76/100|[from] Stealth Rock
|turn|26
|
|t:|1776272962
|-end|p1a: Great Tusk|Protosynthesis|[silent]
|switch|p1a: Zapdos|Zapdos|37/100 brn
|move|p2a: Skarmory|Body Press|p1a: Zapdos
|-resisted|p1a: Zapdos
|-damage|p1a: Zapdos|26/100 brn
|-status|p2a: Skarmory|par|[from] ability: Static|[of] p1a: Zapdos
|
|-damage|p1a: Zapdos|20/100 brn|[from] brn
|upkeep
|turn|27
|
|t:|1776272975
|switch|p2a: Garganacl|Garganacl, F|100/100
|move|p1a: Zapdos|Roost|p1a: Zapdos
|-heal|p1a: Zapdos|70/100 brn
|-singleturn|p1a: Zapdos|move: Roost
|
|-damage|p1a: Zapdos|64/100 brn|[from] brn
|upkeep
|turn|28
|
|t:|1776272981
|move|p1a: Zapdos|Volt Switch|p2a: Garganacl
|-damage|p2a: Garganacl|79/100
|
|t:|1776272985
|switch|p1a: Ting-Lu|Ting-Lu|26/100|[from] Volt Switch
|-damage|p1a: Ting-Lu|20/100|[from] Stealth Rock
|-damage|p1a: Ting-Lu|7/100|[from] Spikes
|-ability|p1a: Ting-Lu|Vessel of Ruin
|move|p2a: Garganacl|Salt Cure|p1a: Ting-Lu
|-resisted|p1a: Ting-Lu
|-damage|p1a: Ting-Lu|3/100
|-start|p1a: Ting-Lu|Salt Cure
|
|-damage|p1a: Ting-Lu|0 fnt|[from] Salt Cure
|faint|p1a: Ting-Lu
|upkeep
|
|t:|1776272987
|switch|p1a: Great Tusk|Great Tusk|19/100
|-damage|p1a: Great Tusk|16/100|[from] Stealth Rock
|-damage|p1a: Great Tusk|4/100|[from] Spikes
|turn|29
|inactive|emilipdh has 60 seconds left.
|
|t:|1776273007
|switch|p2a: Skarmory|Skarmory, M|76/100 par
|-damage|p2a: Skarmory|64/100 par|[from] Stealth Rock
|move|p1a: Great Tusk|Rapid Spin|p2a: Skarmory
|-resisted|p2a: Skarmory
|-damage|p2a: Skarmory|59/100 par
|-boost|p1a: Great Tusk|spe|1
|-damage|p1a: Great Tusk|0 fnt|[from] item: Rocky Helmet|[of] p2a: Skarmory
|faint|p1a: Great Tusk
|-end|p1a: Great Tusk|Protosynthesis|[silent]
|
|upkeep
|
|t:|1776273017
|switch|p1a: Zapdos|Zapdos|64/100 brn
|turn|30
|inactive|emilipdh has 60 seconds left.
|
|t:|1776273039
|switch|p2a: Garganacl|Garganacl, F|79/100
|move|p1a: Zapdos|Volt Switch|p2a: Garganacl
|-damage|p2a: Garganacl|58/100
|
|t:|1776273049
|switch|p1a: Kingambit|Kingambit, F|100/100|[from] Volt Switch
|-damage|p1a: Kingambit|94/100|[from] Stealth Rock
|-damage|p1a: Kingambit|82/100|[from] Spikes
|-activate|p1a: Kingambit|ability: Supreme Overlord
|-start|p1a: Kingambit|fallen3|[silent]
|
|-heal|p1a: Kingambit|88/100|[from] item: Leftovers
|upkeep
|turn|31
|
|t:|1776273055
|move|p1a: Kingambit|Iron Head|p2a: Garganacl
|-supereffective|p2a: Garganacl
|-damage|p2a: Garganacl|0 fnt
|faint|p2a: Garganacl
|
|-heal|p1a: Kingambit|94/100|[from] item: Leftovers
|upkeep
|inactive|emilipdh has 60 seconds left.
|inactive|emilipdh has 30 seconds left.
|
|t:|1776273106
|switch|p2a: Kingambit|Kingambit, M|100/100
|-activate|p2a: Kingambit|ability: Supreme Overlord
|-start|p2a: Kingambit|fallen3|[silent]
|turn|32
|
|t:|1776273110
|-end|p1a: Kingambit|fallen3|[silent]
|switch|p1a: Zapdos|Zapdos|64/100 brn
|move|p2a: Kingambit|Swords Dance|p2a: Kingambit
|-boost|p2a: Kingambit|atk|2
|
|-damage|p1a: Zapdos|57/100 brn|[from] brn
|upkeep
|turn|33
|
|t:|1776273117
|move|p1a: Zapdos|Roost|p1a: Zapdos
|-heal|p1a: Zapdos|100/100 brn
|-singleturn|p1a: Zapdos|move: Roost
|move|p2a: Kingambit|Kowtow Cleave|p1a: Zapdos
|-damage|p1a: Zapdos|3/100 brn
|
|-damage|p1a: Zapdos|0 fnt|[from] brn
|faint|p1a: Zapdos
|upkeep
|
|t:|1776273127
|switch|p1a: Kingambit|Kingambit, F|94/100
|-damage|p1a: Kingambit|88/100|[from] Stealth Rock
|-damage|p1a: Kingambit|76/100|[from] Spikes
|-activate|p1a: Kingambit|ability: Supreme Overlord
|-start|p1a: Kingambit|fallen4|[silent]
|turn|34
|
|t:|1776273138
|move|p2a: Kingambit|Kowtow Cleave|p1a: Kingambit
|-resisted|p1a: Kingambit
|-damage|p1a: Kingambit|30/100
|move|p1a: Kingambit|Iron Head|p2a: Kingambit
|-resisted|p2a: Kingambit
|-damage|p2a: Kingambit|71/100
|
|-heal|p1a: Kingambit|37/100|[from] item: Leftovers
|upkeep
|turn|35
|
|t:|1776273145
|move|p1a: Kingambit|Sucker Punch|p2a: Kingambit
|-resisted|p2a: Kingambit
|-damage|p2a: Kingambit|48/100
|move|p2a: Kingambit|Kowtow Cleave|p1a: Kingambit
|-resisted|p1a: Kingambit
|-damage|p1a: Kingambit|0 fnt
|faint|p1a: Kingambit
|-end|p1a: Kingambit|fallen4|[silent]
|
|upkeep
|c|☆emilipdh|gg
|
|t:|1776273151
|switch|p1a: Pecharunt|Pecharunt|100/100
|-damage|p1a: Pecharunt|88/100|[from] Stealth Rock
|-damage|p1a: Pecharunt|76/100|[from] Spikes
|turn|36
|-message|newbytho forfeited.
|
|win|emilipdh
|raw|newbytho's rating: 1509 &rarr; <strong>1486</strong><br />(-23 for losing)
|raw|emilipdh's rating: 1453 &rarr; <strong>1476</strong><br />(+23 for winning)
|l|☆newbytho
|player|p1|
