|html|<div class="broadcast-blue"><strong>[Gen 9] OU is currently suspecting Tera Blast! For information on how to participate check out the <a href="https://www.smogon.com/tools/suspects/view/200">suspect thread</a>.</strong></div>
|j|☆Straitz69
|j|☆unknownx20
|t:|1776327959
|gametype|singles
|player|p1|Straitz69|170|1147
|player|p2|unknownx20|acetrainersnowf|1209
|gen|9
|tier|[Gen 9] OU
|rated|
|rule|HP Percentage Mod: HP is shown in percentages
|rule|Endless Battle Clause: Forcing endless battles is banned
|rule|Species Clause: Limit one of each Pokémon
|rule|OHKO Clause: OHKO moves are banned
|rule|Evasion Items Clause: Evasion items are banned
|rule|Evasion Moves Clause: Evasion moves are banned
|rule|Evasion Abilities Clause: Evasion abilities are banned
|rule|Sleep Moves Clause: Sleep-inducing moves are banned
|clearpoke
|poke|p1|Incineroar, M|
|poke|p1|Garchomp, F|
|poke|p1|Rillaboom, M|
|poke|p1|Malamar, F|
|poke|p1|Krookodile, F|
|poke|p1|Gholdengo|
|poke|p2|Iron Valiant|
|poke|p2|Dragapult, M|
|poke|p2|Samurott-Hisui, M|
|poke|p2|Galvantula, F|
|poke|p2|Darkrai|
|poke|p2|Ditto|
|teampreview
|inactive|Battle timer is ON: inactive players will automatically lose when time's up. (requested by unknownx20)
|
|t:|1776327964
|teamsize|p1|6
|teamsize|p2|6
|start
|switch|p1a: Malamar|Malamar, F|100/100
|switch|p2a: Galvantula|Galvantula, F|100/100
|turn|1
|
|t:|1776327980
|move|p2a: Galvantula|Thunder Wave|p1a: Malamar
|-status|p1a: Malamar|par
|move|p1a: Malamar|Taunt|p2a: Galvantula
|-start|p2a: Galvantula|move: Taunt
|
|upkeep
|turn|2
|
|t:|1776327987
|move|p2a: Galvantula|Bug Buzz|p1a: Malamar
|-supereffective|p1a: Malamar
|-damage|p1a: Malamar|0 fnt
|faint|p1a: Malamar
|
|upkeep
|
|t:|1776328006
|switch|p1a: Rillaboom|Rillaboom, M|100/100
|-fieldstart|move: Grassy Terrain|[from] ability: Grassy Surge|[of] p1a: Rillaboom
|turn|3
|
|t:|1776328024
|move|p1a: Rillaboom|Fake Out|p2a: Galvantula
|-damage|p2a: Galvantula|80/100
|cant|p2a: Galvantula|flinch
|
|-heal|p2a: Galvantula|86/100|[from] Grassy Terrain
|upkeep
|turn|4
|
|t:|1776328040
|switch|p1a: Ghol D. Engo|Gholdengo|100/100
|move|p2a: Galvantula|Bug Buzz|p1a: Ghol D. Engo
|-resisted|p1a: Ghol D. Engo
|-damage|p1a: Ghol D. Engo|93/100
|
|-heal|p1a: Ghol D. Engo|99/100|[from] Grassy Terrain
|-heal|p2a: Galvantula|92/100|[from] Grassy Terrain
|-end|p2a: Galvantula|move: Taunt
|upkeep
|turn|5
|
|t:|1776328058
|move|p1a: Ghol D. Engo|Make It Rain|p2a: Galvantula
|-resisted|p2a: Galvantula
|-damage|p2a: Galvantula|42/100
|-unboost|p1a: Ghol D. Engo|spa|1
|move|p2a: Galvantula|Sticky Web|p1a: Ghol D. Engo
|-sidestart|p1: Straitz69|move: Sticky Web
|
|-heal|p1a: Ghol D. Engo|100/100|[from] Grassy Terrain
|-heal|p2a: Galvantula|48/100|[from] Grassy Terrain
|upkeep
|turn|6
|
|t:|1776328069
|move|p1a: Ghol D. Engo|Make It Rain|p2a: Galvantula
|-resisted|p2a: Galvantula
|-damage|p2a: Galvantula|15/100
|-unboost|p1a: Ghol D. Engo|spa|1
|move|p2a: Galvantula|Volt Switch|p1a: Ghol D. Engo
|-damage|p1a: Ghol D. Engo|75/100
|inactive|unknownx20 has 120 seconds left.
|
|t:|1776328098
|switch|p2a: Samurott|Samurott-Hisui, M|100/100|[from] Volt Switch
|
|-heal|p1a: Ghol D. Engo|81/100|[from] Grassy Terrain
|upkeep
|turn|7
|
|t:|1776328112
|switch|p1a: Rillaboom|Rillaboom, M|100/100
|-activate|p1a: Rillaboom|move: Sticky Web
|-unboost|p1a: Rillaboom|spe|1
|move|p2a: Samurott|Ceaseless Edge|p1a: Rillaboom
|-damage|p1a: Rillaboom|55/100
|-sidestart|p1: Straitz69|Spikes
|
|-heal|p1a: Rillaboom|61/100|[from] Grassy Terrain
|-fieldend|move: Grassy Terrain
|upkeep
|turn|8
|inactive|unknownx20 has 120 seconds left.
|
|t:|1776328132
|switch|p2a: Darkrai|Darkrai|100/100
|move|p1a: Rillaboom|Fake Out|p2a: Darkrai
|-damage|p2a: Darkrai|82/100
|
|upkeep
|turn|9
|
|t:|1776328137
|move|p2a: Darkrai|Ice Beam|p1a: Rillaboom
|-supereffective|p1a: Rillaboom
|-damage|p1a: Rillaboom|0 fnt
|faint|p1a: Rillaboom
|-damage|p2a: Darkrai|72/100|[from] item: Life Orb
|
|upkeep
|
|t:|1776328155
|switch|p1a: Incineroar|Incineroar, M|100/100
|-ability|p1a: Incineroar|Intimidate|boost
|-unboost|p2a: Darkrai|atk|1
|turn|10
|
|t:|1776328163
|move|p1a: Incineroar|Fake Out|p2a: Darkrai
|-damage|p2a: Darkrai|55/100
|cant|p2a: Darkrai|flinch
|
|upkeep
|turn|11
|
|t:|1776328170
|move|p2a: Darkrai|Focus Blast|p1a: Incineroar
|-supereffective|p1a: Incineroar
|-damage|p1a: Incineroar|0 fnt
|faint|p1a: Incineroar
|-damage|p2a: Darkrai|45/100|[from] item: Life Orb
|
|upkeep
|
|t:|1776328187
|switch|p1a: Krookodile|Krookodile, F|100/100
|-activate|p1a: Krookodile|move: Sticky Web
|-unboost|p1a: Krookodile|spe|1
|-damage|p1a: Krookodile|88/100|[from] Spikes
|turn|12
|
|t:|1776328200
|move|p2a: Darkrai|Ice Beam|p1a: Krookodile
|-supereffective|p1a: Krookodile
|-damage|p1a: Krookodile|0 fnt
|faint|p1a: Krookodile
|-damage|p2a: Darkrai|35/100|[from] item: Life Orb
|
|upkeep
|
|t:|1776328205
|switch|p1a: Ghol D. Engo|Gholdengo|81/100
|-activate|p1a: Ghol D. Engo|move: Sticky Web
|-unboost|p1a: Ghol D. Engo|spe|1
|-damage|p1a: Ghol D. Engo|68/100|[from] Spikes
|turn|13
|
|t:|1776328214
|move|p2a: Darkrai|Dark Pulse|p1a: Ghol D. Engo
|-supereffective|p1a: Ghol D. Engo
|-damage|p1a: Ghol D. Engo|0 fnt
|faint|p1a: Ghol D. Engo
|-damage|p2a: Darkrai|25/100|[from] item: Life Orb
|
|upkeep
|
|t:|1776328220
|switch|p1a: Garchomp|Garchomp, F|100/100
|-activate|p1a: Garchomp|move: Sticky Web
|-unboost|p1a: Garchomp|spe|1
|-damage|p1a: Garchomp|88/100|[from] Spikes
|turn|14
|n|!Straitz69|straitz69
|
|t:|1776328243
|move|p2a: Darkrai|Ice Beam|p1a: Garchomp
|-supereffective|p1a: Garchomp
|-damage|p1a: Garchomp|0 fnt
|faint|p1a: Garchomp
|-damage|p2a: Darkrai|15/100|[from] item: Life Orb
|
|win|unknownx20
