|html|<div class="broadcast-blue"><strong>[Gen 9] OU is currently suspecting Tera Blast! For information on how to participate check out the <a href="https://www.smogon.com/tools/suspects/view/200">suspect thread</a>.</strong></div>
|j|☆chungus mcchungus
|j|☆thebambi1234
|t:|1776033037
|gametype|singles
|player|p1|chungus mcchungus|sage|1599
|player|p2|thebambi1234|blackbelt-gen4dp|1660
|gen|9
|tier|[Gen 9] OU
|rated|
|rule|HP Percentage Mod: HP is shown in percentages
|rule|Endless Battle Clause: Forcing endless battles is banned
|rule|Species Clause: Limit one of each Pokémon
|rule|OHKO Clause: OHKO moves are banned
|rule|Evasion Items Clause: Evasion items are banned
|rule|Evasion Moves Clause: Evasion moves are banned
|rule|Evasion Abilities Clause: Evasion abilities are banned
|rule|Sleep Moves Clause: Sleep-inducing moves are banned
|clearpoke
|poke|p1|Skarmory, M|
|poke|p1|Ting-Lu|
|poke|p1|Zamazenta-*|
|poke|p1|Pecharunt|
|poke|p1|Clefable, M|
|poke|p1|Walking Wake|
|poke|p2|Gliscor, M|
|poke|p2|Clefable, F|
|poke|p2|Dondozo, M|
|poke|p2|Corviknight, M|
|poke|p2|Blissey, F|
|poke|p2|Glimmora, M|
|teampreview
|inactive|Battle timer is ON: inactive players will automatically lose when time's up. (requested by thebambi1234)
|inactive|chungus mcchungus also wants the timer to be on.
|
|t:|1776033042
|teamsize|p1|6
|teamsize|p2|6
|start
|switch|p1a: Clefable|Clefable, M|100/100
|switch|p2a: Clefable|Clefable, F|100/100
|turn|1
|
|t:|1776033047
|move|p2a: Clefable|Trick|p1a: Clefable
|-activate|p2a: Clefable|move: Trick|[of] p1a: Clefable
|-item|p1a: Clefable|Choice Scarf|[from] move: Trick
|-item|p2a: Clefable|Leftovers|[from] move: Trick
|move|p1a: Clefable|Knock Off|p2a: Clefable
|-resisted|p2a: Clefable
|-damage|p2a: Clefable|92/100
|-enditem|p2a: Clefable|Leftovers|[from] move: Knock Off|[of] p1a: Clefable
|
|upkeep
|turn|2
|
|t:|1776033056
|switch|p1a: Pecharunt|Pecharunt|100/100
|move|p2a: Clefable|Stealth Rock|p1a: Pecharunt
|-sidestart|p1: chungus mcchungus|move: Stealth Rock
|
|upkeep
|turn|3
|
|t:|1776033063
|switch|p2a: Glimmora|Glimmora, M|100/100
|move|p1a: Pecharunt|Parting Shot|p2a: Glimmora
|-unboost|p2a: Glimmora|atk|1
|-unboost|p2a: Glimmora|spa|1
|
|t:|1776033066
|switch|p1a: Ting-Lu|Ting-Lu|100/100|[from] Parting Shot
|-damage|p1a: Ting-Lu|94/100|[from] Stealth Rock
|-ability|p1a: Ting-Lu|Vessel of Ruin
|
|-heal|p1a: Ting-Lu|100/100|[from] item: Leftovers
|upkeep
|turn|4
|
|t:|1776033075
|-terastallize|p2a: Glimmora|Flying
|move|p2a: Glimmora|Toxic|p1a: Ting-Lu
|-status|p1a: Ting-Lu|tox
|move|p1a: Ting-Lu|Earthquake|p2a: Glimmora
|-immune|p2a: Glimmora
|
|-damage|p1a: Ting-Lu|94/100 tox|[from] psn
|upkeep
|turn|5
|j| SaberSerenity
|
|t:|1776033088
|move|p2a: Glimmora|Mortal Spin|p1a: Ting-Lu
|-resisted|p1a: Ting-Lu
|-damage|p1a: Ting-Lu|93/100 tox
|move|p1a: Ting-Lu|Stealth Rock|p2a: Glimmora
|-sidestart|p2: thebambi1234|move: Stealth Rock
|
|-heal|p1a: Ting-Lu|99/100 tox|[from] item: Leftovers
|-damage|p1a: Ting-Lu|87/100 tox|[from] psn
|upkeep
|turn|6
|
|t:|1776033090
|move|p2a: Glimmora|Toxic|p1a: Ting-Lu
|-fail|p1a: Ting-Lu|tox
|move|p1a: Ting-Lu|Whirlwind|p2a: Glimmora
|drag|p2a: Blissey|Blissey, F|100/100
|-damage|p2a: Blissey|88/100|[from] Stealth Rock
|
|-heal|p2a: Blissey|94/100|[from] item: Leftovers
|-heal|p1a: Ting-Lu|93/100 tox|[from] item: Leftovers
|-damage|p1a: Ting-Lu|74/100 tox|[from] psn
|upkeep
|turn|7
|
|t:|1776033100
|switch|p2a: Glimmora|Glimmora, M, tera:Flying|100/100
|-damage|p2a: Glimmora|76/100|[from] Stealth Rock
|switch|p1a: Clefable|Clefable, M|100/100
|
|-heal|p2a: Glimmora|82/100|[from] item: Leftovers
|upkeep
|turn|8
|
|t:|1776033105
|move|p1a: Clefable|Moonblast|p2a: Glimmora
|-damage|p2a: Glimmora|46/100
|move|p2a: Glimmora|Mortal Spin|p1a: Clefable
|-supereffective|p1a: Clefable
|-damage|p1a: Clefable|90/100
|-status|p1a: Clefable|psn
|-sideend|p2: thebambi1234|Stealth Rock|[from] move: Mortal Spin|[of] p2a: Glimmora
|
|-heal|p2a: Glimmora|52/100|[from] item: Leftovers
|upkeep
|turn|9
|
|t:|1776033112
|move|p2a: Glimmora|Spiky Shield|p2a: Glimmora
|-singleturn|p2a: Glimmora|move: Protect
|move|p1a: Clefable|Moonblast|p2a: Glimmora
|-activate|p2a: Glimmora|move: Protect
|
|-heal|p2a: Glimmora|58/100|[from] item: Leftovers
|upkeep
|turn|10
|
|t:|1776033115
|switch|p2a: Clefable|Clefable, F|92/100
|move|p1a: Clefable|Moonblast|p2a: Clefable
|-damage|p2a: Clefable|70/100
|
|upkeep
|turn|11
|
|t:|1776033124
|switch|p1a: Pecharunt|Pecharunt|100/100
|move|p2a: Clefable|Moonblast|p1a: Pecharunt
|-resisted|p1a: Pecharunt
|-damage|p1a: Pecharunt|86/100
|-unboost|p1a: Pecharunt|spa|1
|
|upkeep
|turn|12
|
|t:|1776033129
|switch|p2a: Corviknight|Corviknight, M|100/100
|-ability|p2a: Corviknight|Pressure
|move|p1a: Pecharunt|Malignant Chain|p2a: Corviknight
|-immune|p2a: Corviknight
|
|upkeep
|turn|13
|
|t:|1776033134
|move|p1a: Pecharunt|Parting Shot|p2a: Corviknight
|-unboost|p2a: Corviknight|atk|1
|-unboost|p2a: Corviknight|spa|1
|
|t:|1776033138
|switch|p1a: Skarmory|Skarmory, M|100/100|[from] Parting Shot
|-damage|p1a: Skarmory|88/100|[from] Stealth Rock
|move|p2a: Corviknight|U-turn|p1a: Skarmory
|-resisted|p1a: Skarmory
|-damage|p1a: Skarmory|87/100
|-damage|p2a: Corviknight|84/100|[from] item: Rocky Helmet|[of] p1a: Skarmory
|
|t:|1776033149
|switch|p2a: Glimmora|Glimmora, M, tera:Flying|58/100|[from] U-turn
|
|-heal|p2a: Glimmora|65/100|[from] item: Leftovers
|upkeep
|turn|14
|
|t:|1776033156
|move|p2a: Glimmora|Toxic|p1a: Skarmory
|-status|p1a: Skarmory|tox
|move|p1a: Skarmory|Brave Bird|p2a: Glimmora
|-damage|p2a: Glimmora|40/100
|-damage|p1a: Skarmory|78/100 tox|[from] Recoil
|
|-heal|p2a: Glimmora|46/100|[from] item: Leftovers
|-damage|p1a: Skarmory|72/100 tox|[from] psn
|upkeep
|turn|15
|
|t:|1776033168
|move|p2a: Glimmora|Spiky Shield|p2a: Glimmora
|-singleturn|p2a: Glimmora|move: Protect
|move|p1a: Skarmory|Brave Bird|p2a: Glimmora
|-activate|p2a: Glimmora|move: Protect
|-damage|p1a: Skarmory|59/100 tox|[from] Spiky Shield|[of] p2a: Glimmora
|
|-heal|p2a: Glimmora|53/100|[from] item: Leftovers
|-damage|p1a: Skarmory|47/100 tox|[from] psn
|upkeep
|turn|16
|
|t:|1776033174
|switch|p2a: Gliscor|Gliscor, M|100/100
|move|p1a: Skarmory|Roost|p1a: Skarmory
|-heal|p1a: Skarmory|97/100 tox
|-singleturn|p1a: Skarmory|move: Roost
|
|-damage|p1a: Skarmory|79/100 tox|[from] psn
|-status|p2a: Gliscor|tox|[from] item: Toxic Orb
|upkeep
|turn|17
|
|t:|1776033178
|switch|p1a: Clefable|Clefable, M|90/100 psn
|move|p2a: Gliscor|Knock Off|p1a: Clefable
|-resisted|p1a: Clefable
|-damage|p1a: Clefable|82/100 psn
|-enditem|p1a: Clefable|Choice Scarf|[from] move: Knock Off|[of] p2a: Gliscor
|
|upkeep
|turn|18
|
|t:|1776033187
|move|p2a: Gliscor|Earthquake|p1a: Clefable
|-damage|p1a: Clefable|59/100 psn
|move|p1a: Clefable|Calm Mind|p1a: Clefable
|-boost|p1a: Clefable|spa|1
|-boost|p1a: Clefable|spd|1
|
|upkeep
|turn|19
|
|t:|1776033203
|switch|p2a: Clefable|Clefable, F|70/100
|move|p1a: Clefable|Moonlight|p1a: Clefable
|-heal|p1a: Clefable|100/100 psn
|
|upkeep
|turn|20
|
|t:|1776033210
|move|p1a: Clefable|Moonblast|p2a: Clefable
|-damage|p2a: Clefable|48/100
|move|p2a: Clefable|Moonblast|p1a: Clefable
|-damage|p1a: Clefable|71/100 psn
|
|upkeep
|turn|21
|
|t:|1776033216
|move|p1a: Clefable|Moonblast|p2a: Clefable
|-damage|p2a: Clefable|27/100
|-unboost|p2a: Clefable|spa|1
|move|p2a: Clefable|Moonlight|p2a: Clefable
|-heal|p2a: Clefable|77/100
|
|upkeep
|turn|22
|
|t:|1776033222
|switch|p2a: Corviknight|Corviknight, M|84/100
|-ability|p2a: Corviknight|Pressure
|move|p1a: Clefable|Calm Mind|p1a: Clefable
|-boost|p1a: Clefable|spa|1
|-boost|p1a: Clefable|spd|1
|
|-heal|p2a: Corviknight|90/100|[from] item: Leftovers
|upkeep
|turn|23
|j| Queijolol
|
|t:|1776033226
|move|p1a: Clefable|Knock Off|p2a: Corviknight
|-damage|p2a: Corviknight|81/100
|-enditem|p2a: Corviknight|Leftovers|[from] move: Knock Off|[of] p1a: Clefable
|move|p2a: Corviknight|U-turn|p1a: Clefable
|-resisted|p1a: Clefable
|-damage|p1a: Clefable|66/100 psn
|
|t:|1776033235
|switch|p2a: Blissey|Blissey, F|94/100|[from] U-turn
|
|-heal|p2a: Blissey|99/100|[from] item: Leftovers
|upkeep
|turn|24
|
|t:|1776033243
|move|p1a: Clefable|Knock Off|p2a: Blissey
|-damage|p2a: Blissey|72/100
|-enditem|p2a: Blissey|Leftovers|[from] move: Knock Off|[of] p1a: Clefable
|move|p2a: Blissey|Seismic Toss|p1a: Clefable
|-damage|p1a: Clefable|40/100 psn
|
|upkeep
|turn|25
|
|t:|1776033251
|move|p1a: Clefable|Moonlight|p1a: Clefable
|-heal|p1a: Clefable|90/100 psn
|move|p2a: Blissey|Seismic Toss|p1a: Clefable
|-damage|p1a: Clefable|65/100 psn
|
|upkeep
|turn|26
|
|t:|1776033256
|switch|p1a: Pecharunt|Pecharunt|86/100
|move|p2a: Blissey|Seismic Toss|p1a: Pecharunt
|-immune|p1a: Pecharunt
|
|upkeep
|turn|27
|
|t:|1776033268
|move|p1a: Pecharunt|Parting Shot|p2a: Blissey
|-unboost|p2a: Blissey|atk|1
|-unboost|p2a: Blissey|spa|1
|
|t:|1776033274
|switch|p1a: Skarmory|Skarmory, M|79/100 tox|[from] Parting Shot
|-damage|p1a: Skarmory|67/100 tox|[from] Stealth Rock
|move|p2a: Blissey|Flamethrower|p1a: Skarmory
|-supereffective|p1a: Skarmory
|-damage|p1a: Skarmory|36/100 tox
|
|-damage|p1a: Skarmory|30/100 tox|[from] psn
|upkeep
|turn|28
|
|t:|1776033285
|switch|p1a: Ting-Lu|Ting-Lu|74/100 tox
|-damage|p1a: Ting-Lu|68/100 tox|[from] Stealth Rock
|-ability|p1a: Ting-Lu|Vessel of Ruin
|switch|p2a: Glimmora|Glimmora, M, tera:Flying|53/100
|
|-heal|p2a: Glimmora|59/100|[from] item: Leftovers
|-heal|p1a: Ting-Lu|74/100 tox|[from] item: Leftovers
|-damage|p1a: Ting-Lu|68/100 tox|[from] psn
|upkeep
|turn|29
|
|t:|1776033294
|move|p2a: Glimmora|Mortal Spin|p1a: Ting-Lu
|-resisted|p1a: Ting-Lu
|-damage|p1a: Ting-Lu|66/100 tox
|move|p1a: Ting-Lu|Stealth Rock|p2a: Glimmora
|-sidestart|p2: thebambi1234|move: Stealth Rock
|
|-heal|p2a: Glimmora|65/100|[from] item: Leftovers
|-heal|p1a: Ting-Lu|73/100 tox|[from] item: Leftovers
|-damage|p1a: Ting-Lu|60/100 tox|[from] psn
|upkeep
|turn|30
|
|t:|1776033297
|switch|p1a: Skarmory|Skarmory, M|30/100 tox
|-damage|p1a: Skarmory|18/100 tox|[from] Stealth Rock
|move|p2a: Glimmora|Mortal Spin|p1a: Skarmory
|-immune|p1a: Skarmory
|
|-heal|p2a: Glimmora|71/100|[from] item: Leftovers
|-damage|p1a: Skarmory|12/100 tox|[from] psn
|upkeep
|turn|31
|
|t:|1776033309
|move|p2a: Glimmora|Mortal Spin|p1a: Skarmory
|-immune|p1a: Skarmory
|move|p1a: Skarmory|Roost|p1a: Skarmory
|-heal|p1a: Skarmory|62/100 tox
|-singleturn|p1a: Skarmory|move: Roost
|
|-heal|p2a: Glimmora|78/100|[from] item: Leftovers
|-damage|p1a: Skarmory|50/100 tox|[from] psn
|upkeep
|turn|32
|
|t:|1776033313
|move|p2a: Glimmora|Mortal Spin|p1a: Skarmory
|-immune|p1a: Skarmory
|move|p1a: Skarmory|Brave Bird|p2a: Glimmora
|-damage|p2a: Glimmora|51/100
|-damage|p1a: Skarmory|40/100 tox|[from] Recoil
|
|-heal|p2a: Glimmora|58/100|[from] item: Leftovers
|-damage|p1a: Skarmory|22/100 tox|[from] psn
|upkeep
|turn|33
|
|t:|1776033318
|move|p2a: Glimmora|Mortal Spin|p1a: Skarmory
|-immune|p1a: Skarmory
|move|p1a: Skarmory|Whirlwind|p2a: Glimmora
|drag|p2a: Gliscor|Gliscor, M|100/100 tox
|-damage|p2a: Gliscor|88/100 tox|[from] Stealth Rock
|
|-heal|p2a: Gliscor|100/100 tox|[from] ability: Poison Heal
|-damage|p1a: Skarmory|0 fnt|[from] psn
|faint|p1a: Skarmory
|upkeep
|
|t:|1776033323
|switch|p1a: Walking Wake|Walking Wake|100/100
|turn|34
|
|t:|1776033327
|-terastallize|p1a: Walking Wake|Water
|move|p2a: Gliscor|Protect|p2a: Gliscor
|-singleturn|p2a: Gliscor|Protect
|move|p1a: Walking Wake|Surf|p2a: Gliscor
|-activate|p2a: Gliscor|move: Protect
|
|upkeep
|turn|35
|
|t:|1776033348
|switch|p2a: Clefable|Clefable, F|77/100
|-damage|p2a: Clefable|64/100|[from] Stealth Rock
|move|p1a: Walking Wake|Surf|p2a: Clefable
|-damage|p2a: Clefable|24/100
|
|upkeep
|turn|36
|
|t:|1776033355
|move|p1a: Walking Wake|Surf|p2a: Clefable
|-damage|p2a: Clefable|0 fnt
|faint|p2a: Clefable
|
|upkeep
|
|t:|1776033357
|switch|p2a: Blissey|Blissey, F|72/100
|-damage|p2a: Blissey|60/100|[from] Stealth Rock
|turn|37
|
|t:|1776033364
|move|p1a: Walking Wake|Flip Turn|p2a: Blissey
|-damage|p2a: Blissey|20/100
|
|t:|1776033386
|-end|p1a: Walking Wake|Protosynthesis|[silent]
|switch|p1a: Pecharunt|Pecharunt|86/100|[from] Flip Turn
|move|p2a: Blissey|Soft-Boiled|p2a: Blissey
|-heal|p2a: Blissey|70/100
|
|upkeep
|turn|38
|
|t:|1776033393
|move|p1a: Pecharunt|Malignant Chain|p2a: Blissey
|-damage|p2a: Blissey|60/100
|move|p2a: Blissey|Soft-Boiled|p2a: Blissey
|-heal|p2a: Blissey|100/100
|
|upkeep
|turn|39
|
|t:|1776033407
|move|p1a: Pecharunt|Foul Play|p2a: Blissey
|-damage|p2a: Blissey|96/100
|move|p2a: Blissey|Flamethrower|p1a: Pecharunt
|-damage|p1a: Pecharunt|69/100
|
|upkeep
|turn|40
|
|t:|1776033413
|move|p1a: Pecharunt|Malignant Chain|p2a: Blissey
|-damage|p2a: Blissey|87/100
|move|p2a: Blissey|Flamethrower|p1a: Pecharunt
|-damage|p1a: Pecharunt|53/100
|
|upkeep
|turn|41
|l| Queijolol
|
|t:|1776033418
|move|p1a: Pecharunt|Recover|p1a: Pecharunt
|-heal|p1a: Pecharunt|100/100
|move|p2a: Blissey|Flamethrower|p1a: Pecharunt
|-damage|p1a: Pecharunt|84/100
|
|upkeep
|turn|42
|
|t:|1776033423
|move|p1a: Pecharunt|Foul Play|p2a: Blissey
|-damage|p2a: Blissey|83/100
|move|p2a: Blissey|Flamethrower|p1a: Pecharunt
|-damage|p1a: Pecharunt|68/100
|
|upkeep
|turn|43
|
|t:|1776033431
|move|p1a: Pecharunt|Parting Shot|p2a: Blissey
|-unboost|p2a: Blissey|atk|1
|-unboost|p2a: Blissey|spa|1
|
|t:|1776033435
|switch|p1a: Ting-Lu|Ting-Lu|60/100 tox|[from] Parting Shot
|-damage|p1a: Ting-Lu|54/100 tox|[from] Stealth Rock
|-ability|p1a: Ting-Lu|Vessel of Ruin
|move|p2a: Blissey|Flamethrower|p1a: Ting-Lu
|-damage|p1a: Ting-Lu|50/100 tox
|
|-heal|p1a: Ting-Lu|56/100 tox|[from] item: Leftovers
|-damage|p1a: Ting-Lu|50/100 tox|[from] psn
|upkeep
|turn|44
|
|t:|1776033442
|switch|p2a: Gliscor|Gliscor, M|100/100 tox
|-damage|p2a: Gliscor|88/100 tox|[from] Stealth Rock
|move|p1a: Ting-Lu|Whirlwind|p2a: Gliscor
|drag|p2a: Dondozo|Dondozo, M|100/100
|-damage|p2a: Dondozo|88/100|[from] Stealth Rock
|
|-heal|p1a: Ting-Lu|56/100 tox|[from] item: Leftovers
|-heal|p2a: Dondozo|94/100|[from] item: Leftovers
|-damage|p1a: Ting-Lu|43/100 tox|[from] psn
|upkeep
|turn|45
|
|t:|1776033450
|move|p1a: Ting-Lu|Ruination|p2a: Dondozo
|-damage|p2a: Dondozo|47/100
|move|p2a: Dondozo|Body Press|p1a: Ting-Lu
|-supereffective|p1a: Ting-Lu
|-damage|p1a: Ting-Lu|10/100 tox
|
|-heal|p1a: Ting-Lu|16/100 tox|[from] item: Leftovers
|-heal|p2a: Dondozo|53/100|[from] item: Leftovers
|-damage|p1a: Ting-Lu|0 fnt|[from] psn
|faint|p1a: Ting-Lu
|upkeep
|
|t:|1776033456
|switch|p1a: Pecharunt|Pecharunt|68/100
|turn|46
|
|t:|1776033464
|move|p1a: Pecharunt|Malignant Chain|p2a: Dondozo
|-damage|p2a: Dondozo|25/100
|-status|p2a: Dondozo|tox
|-start|p2a: Dondozo|confusion|[from] ability: Poison Puppeteer|[of] p1a: Pecharunt
|-activate|p2a: Dondozo|confusion
|move|p2a: Dondozo|Rest|p2a: Dondozo
|-status|p2a: Dondozo|slp|[from] move: Rest
|-heal|p2a: Dondozo|100/100 slp|[silent]
|
|upkeep
|turn|47
|
|t:|1776033477
|switch|p2a: Corviknight|Corviknight, M|81/100
|-damage|p2a: Corviknight|68/100|[from] Stealth Rock
|-ability|p2a: Corviknight|Pressure
|move|p1a: Pecharunt|Parting Shot|p2a: Corviknight
|-unboost|p2a: Corviknight|atk|1
|-unboost|p2a: Corviknight|spa|1
|
|t:|1776033480
|switch|p1a: Clefable|Clefable, M|65/100 psn|[from] Parting Shot
|
|upkeep
|turn|48
|
|t:|1776033489
|move|p1a: Clefable|Calm Mind|p1a: Clefable
|-boost|p1a: Clefable|spa|1
|-boost|p1a: Clefable|spd|1
|move|p2a: Corviknight|Defog|p1a: Clefable
|-unboost|p1a: Clefable|evasion|1
|-sideend|p1: chungus mcchungus|Stealth Rock|[from] move: Defog|[of] p2a: Corviknight
|-sideend|p2: thebambi1234|Stealth Rock|[from] move: Defog|[of] p2a: Corviknight
|
|upkeep
|turn|49
|
|t:|1776033499
|move|p1a: Clefable|Calm Mind|p1a: Clefable
|-boost|p1a: Clefable|spa|1
|-boost|p1a: Clefable|spd|1
|move|p2a: Corviknight|U-turn|p1a: Clefable
|-resisted|p1a: Clefable
|-damage|p1a: Clefable|61/100 psn
|j| 9qf2l
|
|t:|1776033507
|switch|p2a: Blissey|Blissey, F|83/100|[from] U-turn
|
|upkeep
|turn|50
|
|t:|1776033512
|switch|p1a: Pecharunt|Pecharunt|68/100
|move|p2a: Blissey|Seismic Toss|p1a: Pecharunt
|-immune|p1a: Pecharunt
|
|upkeep
|turn|51
|
|t:|1776033518
|move|p1a: Pecharunt|Malignant Chain|p2a: Blissey
|-damage|p2a: Blissey|74/100
|-status|p2a: Blissey|tox
|-start|p2a: Blissey|confusion|[from] ability: Poison Puppeteer|[of] p1a: Pecharunt
|-activate|p2a: Blissey|confusion
|move|p2a: Blissey|Flamethrower|p1a: Pecharunt
|-damage|p1a: Pecharunt|51/100
|
|-damage|p2a: Blissey|68/100 tox|[from] psn
|upkeep
|turn|52
|
|t:|1776033530
|move|p1a: Pecharunt|Parting Shot|p2a: Blissey
|-unboost|p2a: Blissey|atk|1
|-unboost|p2a: Blissey|spa|1
|
|t:|1776033533
|switch|p1a: Walking Wake|Walking Wake, tera:Water|100/100|[from] Parting Shot
|-end|p2a: Blissey|confusion
|move|p2a: Blissey|Soft-Boiled|p2a: Blissey
|-heal|p2a: Blissey|100/100 tox
|
|-damage|p2a: Blissey|88/100 tox|[from] psn
|upkeep
|turn|53
|
|t:|1776033546
|-curestatus|p2a: Blissey|tox|[from] ability: Natural Cure
|switch|p2a: Corviknight|Corviknight, M|68/100
|-ability|p2a: Corviknight|Pressure
|move|p1a: Walking Wake|Flip Turn|p2a: Corviknight
|-damage|p2a: Corviknight|56/100
|l| 9qf2l
|
|t:|1776033555
|-end|p1a: Walking Wake|Protosynthesis|[silent]
|switch|p1a: Zamazenta|Zamazenta|100/100|[from] Flip Turn
|-ability|p1a: Zamazenta|Dauntless Shield|boost
|-boost|p1a: Zamazenta|def|1
|
|upkeep
|turn|54
|
|t:|1776033561
|switch|p2a: Gliscor|Gliscor, M|88/100 tox
|move|p1a: Zamazenta|Close Combat|p2a: Gliscor
|-resisted|p2a: Gliscor
|-damage|p2a: Gliscor|70/100 tox
|-unboost|p1a: Zamazenta|def|1
|-unboost|p1a: Zamazenta|spd|1
|
|-heal|p2a: Gliscor|82/100 tox|[from] ability: Poison Heal
|upkeep
|turn|55
|
|t:|1776033569
|switch|p1a: Clefable|Clefable, M|61/100 psn
|move|p2a: Gliscor|Knock Off|p1a: Clefable
|-resisted|p1a: Clefable
|-damage|p1a: Clefable|56/100 psn
|
|-heal|p2a: Gliscor|95/100 tox|[from] ability: Poison Heal
|upkeep
|turn|56
|
|t:|1776033576
|switch|p2a: Corviknight|Corviknight, M|56/100
|-ability|p2a: Corviknight|Pressure
|move|p1a: Clefable|Moonlight|p1a: Clefable
|-heal|p1a: Clefable|100/100 psn
|
|upkeep
|turn|57
|
|t:|1776033581
|move|p1a: Clefable|Moonblast|p2a: Corviknight
|-resisted|p2a: Corviknight
|-damage|p2a: Corviknight|41/100
|move|p2a: Corviknight|Roost|p2a: Corviknight
|-heal|p2a: Corviknight|91/100
|-singleturn|p2a: Corviknight|move: Roost
|
|upkeep
|turn|58
|
|t:|1776033588
|move|p1a: Clefable|Calm Mind|p1a: Clefable
|-boost|p1a: Clefable|spa|1
|-boost|p1a: Clefable|spd|1
|move|p2a: Corviknight|U-turn|p1a: Clefable
|-resisted|p1a: Clefable
|-damage|p1a: Clefable|95/100 psn
|
|t:|1776033590
|switch|p2a: Blissey|Blissey, F|88/100|[from] U-turn
|
|upkeep
|turn|59
|
|t:|1776033598
|move|p1a: Clefable|Calm Mind|p1a: Clefable
|-boost|p1a: Clefable|spa|1
|-boost|p1a: Clefable|spd|1
|move|p2a: Blissey|Flamethrower|p1a: Clefable
|-damage|p1a: Clefable|88/100 psn
|
|upkeep
|turn|60
|
|t:|1776033604
|move|p1a: Clefable|Moonblast|p2a: Blissey
|-damage|p2a: Blissey|71/100
|move|p2a: Blissey|Seismic Toss|p1a: Clefable
|-damage|p1a: Clefable|62/100 psn
|
|upkeep
|turn|61
|
|t:|1776033611
|move|p1a: Clefable|Moonblast|p2a: Blissey
|-damage|p2a: Blissey|53/100
|move|p2a: Blissey|Seismic Toss|p1a: Clefable
|-damage|p1a: Clefable|37/100 psn
|
|upkeep
|turn|62
|
|t:|1776033616
|move|p1a: Clefable|Moonlight|p1a: Clefable
|-heal|p1a: Clefable|87/100 psn
|move|p2a: Blissey|Soft-Boiled|p2a: Blissey
|-heal|p2a: Blissey|100/100
|
|upkeep
|turn|63
|
|t:|1776033621
|move|p1a: Clefable|Calm Mind|p1a: Clefable
|-boost|p1a: Clefable|spa|1
|-boost|p1a: Clefable|spd|1
|move|p2a: Blissey|Seismic Toss|p1a: Clefable
|-damage|p1a: Clefable|62/100 psn
|
|upkeep
|turn|64
|
|t:|1776033624
|move|p1a: Clefable|Calm Mind|p1a: Clefable
|-boost|p1a: Clefable|spa|1
|-boost|p1a: Clefable|spd|1
|move|p2a: Blissey|Seismic Toss|p1a: Clefable
|-damage|p1a: Clefable|36/100 psn
|
|upkeep
|turn|65
|
|t:|1776033628
|move|p1a: Clefable|Moonlight|p1a: Clefable
|-heal|p1a: Clefable|86/100 psn
|move|p2a: Blissey|Seismic Toss|p1a: Clefable
|-damage|p1a: Clefable|61/100 psn
|
|upkeep
|turn|66
|
|t:|1776033631
|move|p1a: Clefable|Moonblast|p2a: Blissey
|-crit|p2a: Blissey
|-damage|p2a: Blissey|65/100
|move|p2a: Blissey|Seismic Toss|p1a: Clefable
|-damage|p1a: Clefable|36/100 psn
|
|upkeep
|turn|67
|
|t:|1776033634
|move|p1a: Clefable|Moonlight|p1a: Clefable
|-heal|p1a: Clefable|86/100 psn
|move|p2a: Blissey|Seismic Toss|p1a: Clefable
|-damage|p1a: Clefable|60/100 psn
|
|upkeep
|turn|68
|
|t:|1776033638
|move|p1a: Clefable|Calm Mind|p1a: Clefable
|-boost|p1a: Clefable|spa|1
|-boost|p1a: Clefable|spd|1
|move|p2a: Blissey|Seismic Toss|p1a: Clefable
|-damage|p1a: Clefable|35/100 psn
|
|upkeep
|turn|69
|
|t:|1776033641
|move|p1a: Clefable|Moonlight|p1a: Clefable
|-heal|p1a: Clefable|85/100 psn
|move|p2a: Blissey|Seismic Toss|p1a: Clefable
|-damage|p1a: Clefable|59/100 psn
|
|upkeep
|turn|70
|
|t:|1776033651
|move|p1a: Clefable|Calm Mind|p1a: Clefable
|-boost|p1a: Clefable|spa|1
|-boost|p1a: Clefable|spd|1
|move|p2a: Blissey|Soft-Boiled|p2a: Blissey
|-heal|p2a: Blissey|100/100
|
|upkeep
|turn|71
|
|t:|1776033656
|move|p1a: Clefable|Moonlight|p1a: Clefable
|-heal|p1a: Clefable|100/100 psn
|move|p2a: Blissey|Seismic Toss|p1a: Clefable
|-damage|p1a: Clefable|75/100 psn
|
|upkeep
|turn|72
|
|t:|1776033664
|switch|p2a: Dondozo|Dondozo, M|100/100 slp
|move|p1a: Clefable|Moonblast|p2a: Dondozo
|-damage|p2a: Dondozo|71/100 slp
|
|-heal|p2a: Dondozo|77/100 slp|[from] item: Leftovers
|upkeep
|turn|73
|
|t:|1776033669
|move|p1a: Clefable|Knock Off|p2a: Dondozo
|-damage|p2a: Dondozo|70/100 slp
|-enditem|p2a: Dondozo|Leftovers|[from] move: Knock Off|[of] p1a: Clefable
|cant|p2a: Dondozo|slp
|move|p2a: Dondozo|Sleep Talk|p2a: Dondozo
|move|p2a: Dondozo|Curse|p2a: Dondozo|[from] move: Sleep Talk
|-unboost|p2a: Dondozo|spe|1
|-boost|p2a: Dondozo|atk|1
|-boost|p2a: Dondozo|def|1
|
|upkeep
|turn|74
|
|t:|1776033676
|move|p1a: Clefable|Moonblast|p2a: Dondozo
|-damage|p2a: Dondozo|40/100 slp
|cant|p2a: Dondozo|slp
|move|p2a: Dondozo|Sleep Talk|p2a: Dondozo
|move|p2a: Dondozo|Body Press|p1a: Clefable|[from] move: Sleep Talk
|-resisted|p1a: Clefable
|-damage|p1a: Clefable|59/100 psn
|
|upkeep
|turn|75
|
|t:|1776033680
|move|p1a: Clefable|Moonblast|p2a: Dondozo
|-damage|p2a: Dondozo|12/100 slp
|-unboost|p2a: Dondozo|spa|1
|-curestatus|p2a: Dondozo|slp|[msg]
|move|p2a: Dondozo|Rest|p2a: Dondozo
|-status|p2a: Dondozo|slp|[from] move: Rest
|-heal|p2a: Dondozo|100/100 slp|[silent]
|
|upkeep
|turn|76
|
|t:|1776033684
|move|p1a: Clefable|Moonblast|p2a: Dondozo
|-damage|p2a: Dondozo|69/100 slp
|cant|p2a: Dondozo|slp
|move|p2a: Dondozo|Sleep Talk|p2a: Dondozo
|move|p2a: Dondozo|Curse|p2a: Dondozo|[from] move: Sleep Talk
|-unboost|p2a: Dondozo|spe|1
|-boost|p2a: Dondozo|atk|1
|-boost|p2a: Dondozo|def|1
|
|upkeep
|turn|77
|
|t:|1776033688
|move|p1a: Clefable|Moonblast|p2a: Dondozo
|-damage|p2a: Dondozo|42/100 slp
|cant|p2a: Dondozo|slp
|move|p2a: Dondozo|Sleep Talk|p2a: Dondozo
|move|p2a: Dondozo|Curse|p2a: Dondozo|[from] move: Sleep Talk
|-unboost|p2a: Dondozo|spe|1
|-boost|p2a: Dondozo|atk|1
|-boost|p2a: Dondozo|def|1
|
|upkeep
|turn|78
|
|t:|1776033693
|move|p1a: Clefable|Moonblast|p2a: Dondozo
|-damage|p2a: Dondozo|14/100 slp
|-curestatus|p2a: Dondozo|slp|[msg]
|move|p2a: Dondozo|Rest|p2a: Dondozo
|-status|p2a: Dondozo|slp|[from] move: Rest
|-heal|p2a: Dondozo|100/100 slp|[silent]
|
|upkeep
|turn|79
|
|t:|1776033700
|move|p1a: Clefable|Moonblast|p2a: Dondozo
|-damage|p2a: Dondozo|68/100 slp
|cant|p2a: Dondozo|slp
|move|p2a: Dondozo|Sleep Talk|p2a: Dondozo
|move|p2a: Dondozo|Curse|p2a: Dondozo|[from] move: Sleep Talk
|-unboost|p2a: Dondozo|spe|1
|-boost|p2a: Dondozo|atk|1
|-boost|p2a: Dondozo|def|1
|
|upkeep
|turn|80
|
|t:|1776033704
|move|p1a: Clefable|Moonblast|p2a: Dondozo
|-crit|p2a: Dondozo
|-damage|p2a: Dondozo|24/100 slp
|cant|p2a: Dondozo|slp
|move|p2a: Dondozo|Sleep Talk|p2a: Dondozo
|move|p2a: Dondozo|Curse|p2a: Dondozo|[from] move: Sleep Talk
|-unboost|p2a: Dondozo|spe|1
|-boost|p2a: Dondozo|atk|1
|-boost|p2a: Dondozo|def|1
|
|upkeep
|turn|81
|
|t:|1776033709
|switch|p2a: Corviknight|Corviknight, M|91/100
|-ability|p2a: Corviknight|Pressure
|move|p1a: Clefable|Moonblast|p2a: Corviknight
|-resisted|p2a: Corviknight
|-damage|p2a: Corviknight|26/100
|
|upkeep
|turn|82
|
|t:|1776033713
|switch|p2a: Dondozo|Dondozo, M|24/100 slp
|move|p1a: Clefable|Moonblast|p2a: Dondozo
|-damage|p2a: Dondozo|0 fnt
|faint|p2a: Dondozo
|
|upkeep
|
|t:|1776033733
|switch|p2a: Blissey|Blissey, F|100/100
|turn|83
|
|t:|1776033736
|move|p1a: Clefable|Moonblast|p2a: Blissey
|-damage|p2a: Blissey|66/100
|-unboost|p2a: Blissey|spa|1
|move|p2a: Blissey|Soft-Boiled|p2a: Blissey
|-heal|p2a: Blissey|100/100
|
|upkeep
|turn|84
|
|t:|1776033746
|move|p1a: Clefable|Knock Off|p2a: Blissey
|-damage|p2a: Blissey|80/100
|move|p2a: Blissey|Seismic Toss|p1a: Clefable
|-damage|p1a: Clefable|34/100 psn
|
|upkeep
|turn|85
|
|t:|1776033760
|move|p1a: Clefable|Moonblast|p2a: Blissey
|-damage|p2a: Blissey|47/100
|move|p2a: Blissey|Seismic Toss|p1a: Clefable
|-damage|p1a: Clefable|8/100 psn
|
|upkeep
|turn|86
|
|t:|1776033772
|move|p1a: Clefable|Moonblast|p2a: Blissey
|-damage|p2a: Blissey|12/100
|move|p2a: Blissey|Soft-Boiled|p2a: Blissey
|-heal|p2a: Blissey|62/100
|
|upkeep
|turn|87
|
|t:|1776033778
|move|p1a: Clefable|Knock Off|p2a: Blissey
|-damage|p2a: Blissey|43/100
|move|p2a: Blissey|Soft-Boiled|p2a: Blissey
|-heal|p2a: Blissey|93/100
|
|upkeep
|turn|88
|
|t:|1776033787
|switch|p2a: Corviknight|Corviknight, M|26/100
|-ability|p2a: Corviknight|Pressure
|move|p1a: Clefable|Knock Off|p2a: Corviknight
|-damage|p2a: Corviknight|20/100
|
|upkeep
|turn|89
|
|t:|1776033795
|switch|p1a: Walking Wake|Walking Wake, tera:Water|100/100
|move|p2a: Corviknight|Roost|p2a: Corviknight
|-heal|p2a: Corviknight|70/100
|-singleturn|p2a: Corviknight|move: Roost
|
|upkeep
|turn|90
|
|t:|1776033816
|move|p1a: Walking Wake|Surf|p2a: Corviknight
|-damage|p2a: Corviknight|16/100
|move|p2a: Corviknight|Body Press|p1a: Walking Wake
|-damage|p1a: Walking Wake|74/100
|
|upkeep
|turn|91
|
|t:|1776033820
|move|p1a: Walking Wake|Surf|p2a: Corviknight
|-damage|p2a: Corviknight|0 fnt
|faint|p2a: Corviknight
|
|upkeep
|
|t:|1776033825
|switch|p2a: Blissey|Blissey, F|93/100
|turn|92
|
|t:|1776033829
|move|p1a: Walking Wake|Flip Turn|p2a: Blissey
|-damage|p2a: Blissey|54/100
|
|t:|1776033833
|-end|p1a: Walking Wake|Protosynthesis|[silent]
|switch|p1a: Clefable|Clefable, M|8/100 psn|[from] Flip Turn
|move|p2a: Blissey|Flamethrower|p1a: Clefable
|-damage|p1a: Clefable|0 fnt
|faint|p1a: Clefable
|
|upkeep
|
|t:|1776033840
|switch|p1a: Zamazenta|Zamazenta|100/100
|turn|93
|
|t:|1776033847
|switch|p1a: Pecharunt|Pecharunt|51/100
|switch|p2a: Gliscor|Gliscor, M|95/100 tox
|
|-heal|p2a: Gliscor|100/100 tox|[from] ability: Poison Heal
|upkeep
|turn|94
|
|t:|1776033856
|move|p2a: Gliscor|Knock Off|p1a: Pecharunt
|-supereffective|p1a: Pecharunt
|-damage|p1a: Pecharunt|31/100
|-enditem|p1a: Pecharunt|Heavy-Duty Boots|[from] move: Knock Off|[of] p2a: Gliscor
|move|p1a: Pecharunt|Parting Shot|p2a: Gliscor
|-unboost|p2a: Gliscor|atk|1
|-unboost|p2a: Gliscor|spa|1
|
|t:|1776033859
|switch|p1a: Walking Wake|Walking Wake, tera:Water|74/100|[from] Parting Shot
|
|upkeep
|turn|95
|
|t:|1776033863
|move|p2a: Gliscor|Protect|p2a: Gliscor
|-singleturn|p2a: Gliscor|Protect
|move|p1a: Walking Wake|Surf|p2a: Gliscor
|-activate|p2a: Gliscor|move: Protect
|
|upkeep
|turn|96
|
|t:|1776033870
|switch|p2a: Glimmora|Glimmora, M, tera:Flying|58/100
|move|p1a: Walking Wake|Surf|p2a: Glimmora
|-damage|p2a: Glimmora|0 fnt
|faint|p2a: Glimmora
|
|upkeep
|
|t:|1776033872
|switch|p2a: Blissey|Blissey, F|54/100
|turn|97
|
|t:|1776033883
|switch|p2a: Gliscor|Gliscor, M|100/100 tox
|move|p1a: Walking Wake|Flip Turn|p2a: Gliscor
|-supereffective|p2a: Gliscor
|-damage|p2a: Gliscor|72/100 tox
|
|t:|1776033886
|-end|p1a: Walking Wake|Protosynthesis|[silent]
|switch|p1a: Pecharunt|Pecharunt|31/100|[from] Flip Turn
|
|-heal|p2a: Gliscor|85/100 tox|[from] ability: Poison Heal
|upkeep
|turn|98
|
|t:|1776033896
|switch|p2a: Blissey|Blissey, F|54/100
|move|p1a: Pecharunt|Recover|p1a: Pecharunt
|-heal|p1a: Pecharunt|81/100
|
|upkeep
|turn|99
|
|t:|1776033900
|switch|p2a: Gliscor|Gliscor, M|85/100 tox
|move|p1a: Pecharunt|Foul Play|p2a: Gliscor
|-damage|p2a: Gliscor|72/100 tox
|
|-heal|p2a: Gliscor|84/100 tox|[from] ability: Poison Heal
|upkeep
|turn|100
|
|t:|1776033907
|switch|p2a: Blissey|Blissey, F|54/100
|move|p1a: Pecharunt|Parting Shot|p2a: Blissey
|-unboost|p2a: Blissey|atk|1
|-unboost|p2a: Blissey|spa|1
|
|t:|1776033910
|switch|p1a: Walking Wake|Walking Wake, tera:Water|74/100|[from] Parting Shot
|
|upkeep
|turn|101
|
|t:|1776033913
|move|p1a: Walking Wake|Flip Turn|p2a: Blissey
|-damage|p2a: Blissey|8/100
|
|t:|1776033916
|-end|p1a: Walking Wake|Protosynthesis|[silent]
|switch|p1a: Pecharunt|Pecharunt|81/100|[from] Flip Turn
|move|p2a: Blissey|Seismic Toss|p1a: Pecharunt
|-immune|p1a: Pecharunt
|
|upkeep
|turn|102
|-message|thebambi1234 forfeited.
|
|win|chungus mcchungus
|raw|chungus mcchungus's rating: 1599 &rarr; <strong>1622</strong><br />(+23 for winning)
|raw|thebambi1234's rating: 1660 &rarr; <strong>1637</strong><br />(-23 for losing)
|l|☆thebambi1234
|player|p2|
|l|☆chungus mcchungus
|player|p1|
