|html|<div class="broadcast-blue"><strong>[Gen 9] OU is currently suspecting Tera Blast! For information on how to participate check out the <a href="https://www.smogon.com/tools/suspects/view/200">suspect thread</a>.</strong></div>
|j|☆dupr0
|j|☆popololvic
|t:|1776034635
|gametype|singles
|player|p1|dupr0|canari|1235
|player|p2|popololvic|265|1226
|gen|9
|tier|[Gen 9] OU
|rated|
|rule|HP Percentage Mod: HP is shown in percentages
|rule|Endless Battle Clause: Forcing endless battles is banned
|rule|Species Clause: Limit one of each Pokémon
|rule|OHKO Clause: OHKO moves are banned
|rule|Evasion Items Clause: Evasion items are banned
|rule|Evasion Moves Clause: Evasion moves are banned
|rule|Evasion Abilities Clause: Evasion abilities are banned
|rule|Sleep Moves Clause: Sleep-inducing moves are banned
|clearpoke
|poke|p1|Hatterene, F|
|poke|p1|Zamazenta-*|
|poke|p1|Samurott-Hisui, M|
|poke|p1|Iron Crown|
|poke|p1|Dragonite, F|
|poke|p1|Rillaboom, F|
|poke|p2|Alomomola, F|
|poke|p2|Blissey, F|
|poke|p2|Gliscor, M|
|poke|p2|Amoonguss, F|
|poke|p2|Garganacl, M|
|poke|p2|Volcanion|
|teampreview
|inactive|Battle timer is ON: inactive players will automatically lose when time's up. (requested by dupr0)
|c|☆popololvic|???????
|
|t:|1776034659
|teamsize|p1|6
|teamsize|p2|6
|start
|switch|p1a: Dragonite|Dragonite, F|100/100
|switch|p2a: Gliscor|Gliscor, M|100/100
|turn|1
|
|t:|1776034676
|switch|p1a: Hatterene|Hatterene, F|100/100
|move|p2a: Gliscor|Knock Off|p1a: Hatterene
|-damage|p1a: Hatterene|83/100
|-enditem|p1a: Hatterene|Leftovers|[from] move: Knock Off|[of] p2a: Gliscor
|
|-status|p2a: Gliscor|tox|[from] item: Toxic Orb
|upkeep
|turn|2
|
|t:|1776034683
|move|p2a: Gliscor|Earthquake|p1a: Hatterene
|-damage|p1a: Hatterene|56/100
|move|p1a: Hatterene|Calm Mind|p1a: Hatterene
|-boost|p1a: Hatterene|spa|1
|-boost|p1a: Hatterene|spd|1
|
|upkeep
|turn|3
|
|t:|1776034688
|move|p2a: Gliscor|Earthquake|p1a: Hatterene
|-damage|p1a: Hatterene|31/100
|move|p1a: Hatterene|Draining Kiss|p2a: Gliscor
|-damage|p2a: Gliscor|60/100 tox
|-heal|p1a: Hatterene|64/100|[from] drain|[of] p2a: Gliscor
|
|-heal|p2a: Gliscor|73/100 tox|[from] ability: Poison Heal
|upkeep
|turn|4
|
|t:|1776034698
|switch|p2a: Amoonguss|Amoonguss, F|100/100
|move|p1a: Hatterene|Mystical Fire|p2a: Amoonguss
|-supereffective|p2a: Amoonguss
|-crit|p2a: Amoonguss
|-damage|p2a: Amoonguss|0 fnt
|faint|p2a: Amoonguss
|
|upkeep
|
|t:|1776034701
|switch|p2a: Garganacl|Garganacl, M|100/100
|turn|5
|
|t:|1776034708
|move|p2a: Garganacl|Iron Defense|p2a: Garganacl
|-boost|p2a: Garganacl|def|2
|move|p1a: Hatterene|Calm Mind|p1a: Hatterene
|-boost|p1a: Hatterene|spa|1
|-boost|p1a: Hatterene|spd|1
|
|upkeep
|turn|6
|
|t:|1776034711
|move|p2a: Garganacl|Salt Cure|p1a: Hatterene
|-damage|p1a: Hatterene|52/100
|-start|p1a: Hatterene|Salt Cure
|move|p1a: Hatterene|Draining Kiss|p2a: Garganacl
|-damage|p2a: Garganacl|69/100
|-heal|p1a: Hatterene|82/100|[from] drain|[of] p2a: Garganacl
|
|-heal|p2a: Garganacl|75/100|[from] item: Leftovers
|-damage|p1a: Hatterene|70/100|[from] Salt Cure
|upkeep
|turn|7
|
|t:|1776034717
|move|p2a: Garganacl|Iron Defense|p2a: Garganacl
|-boost|p2a: Garganacl|def|2
|move|p1a: Hatterene|Calm Mind|p1a: Hatterene
|-boost|p1a: Hatterene|spa|1
|-boost|p1a: Hatterene|spd|1
|
|-heal|p2a: Garganacl|82/100|[from] item: Leftovers
|-damage|p1a: Hatterene|57/100|[from] Salt Cure
|upkeep
|turn|8
|
|t:|1776034721
|move|p2a: Garganacl|Body Press|p1a: Hatterene
|-resisted|p1a: Hatterene
|-damage|p1a: Hatterene|43/100
|move|p1a: Hatterene|Draining Kiss|p2a: Garganacl
|-damage|p2a: Garganacl|47/100
|-heal|p1a: Hatterene|76/100|[from] drain|[of] p2a: Garganacl
|
|-heal|p2a: Garganacl|53/100|[from] item: Leftovers
|-damage|p1a: Hatterene|64/100|[from] Salt Cure
|upkeep
|turn|9
|
|t:|1776034726
|move|p2a: Garganacl|Recover|p2a: Garganacl
|-heal|p2a: Garganacl|100/100
|move|p1a: Hatterene|Calm Mind|p1a: Hatterene
|-boost|p1a: Hatterene|spa|1
|-boost|p1a: Hatterene|spd|1
|
|-damage|p1a: Hatterene|52/100|[from] Salt Cure
|upkeep
|turn|10
|
|t:|1776034733
|move|p2a: Garganacl|Iron Defense|p2a: Garganacl
|-boost|p2a: Garganacl|def|2
|move|p1a: Hatterene|Draining Kiss|p2a: Garganacl
|-damage|p2a: Garganacl|58/100
|-heal|p1a: Hatterene|92/100|[from] drain|[of] p2a: Garganacl
|
|-heal|p2a: Garganacl|64/100|[from] item: Leftovers
|-damage|p1a: Hatterene|80/100|[from] Salt Cure
|upkeep
|turn|11
|
|t:|1776034739
|move|p2a: Garganacl|Body Press|p1a: Hatterene
|-resisted|p1a: Hatterene
|-damage|p1a: Hatterene|61/100
|move|p1a: Hatterene|Calm Mind|p1a: Hatterene
|-boost|p1a: Hatterene|spa|1
|-boost|p1a: Hatterene|spd|1
|
|-heal|p2a: Garganacl|70/100|[from] item: Leftovers
|-damage|p1a: Hatterene|48/100|[from] Salt Cure
|upkeep
|turn|12
|
|t:|1776034747
|-terastallize|p2a: Garganacl|Fairy
|move|p2a: Garganacl|Body Press|p1a: Hatterene
|-resisted|p1a: Hatterene
|-damage|p1a: Hatterene|31/100
|move|p1a: Hatterene|Draining Kiss|p2a: Garganacl
|-damage|p2a: Garganacl|22/100
|-heal|p1a: Hatterene|77/100|[from] drain|[of] p2a: Garganacl
|
|-heal|p2a: Garganacl|29/100|[from] item: Leftovers
|-damage|p1a: Hatterene|64/100|[from] Salt Cure
|upkeep
|turn|13
|
|t:|1776034754
|move|p2a: Garganacl|Recover|p2a: Garganacl
|-heal|p2a: Garganacl|79/100
|move|p1a: Hatterene|Draining Kiss|p2a: Garganacl
|-damage|p2a: Garganacl|24/100
|-heal|p1a: Hatterene|100/100|[from] drain|[of] p2a: Garganacl
|
|-heal|p2a: Garganacl|31/100|[from] item: Leftovers
|-damage|p1a: Hatterene|88/100|[from] Salt Cure
|upkeep
|turn|14
|l|☆popololvic
|inactive|popololvic disconnected and has a minute to reconnect!
|player|p2|
|inactive|popololvic has 30 seconds to reconnect!
|inactive|popololvic has 20 seconds to reconnect!
|inactive|popololvic has 15 seconds to reconnect!
|inactive|popololvic has 10 seconds to reconnect!
|inactive|popololvic has 5 seconds to reconnect!
|-message|popololvic lost due to inactivity.
|
|win|dupr0
|raw|dupr0's rating: 1235 &rarr; <strong>1259</strong><br />(+24 for winning)
|raw|popololvic's rating: 1226 &rarr; <strong>1202</strong><br />(-24 for losing)
|l|☆dupr0
|player|p1|
