|html|<div class="broadcast-blue"><strong>[Gen 9] OU is currently suspecting Volcarona! For information on how to participate check out the <a href="https://www.smogon.com/tools/suspects/view/208">suspect thread</a>.</strong></div>
|j|☆Billythekid95
|j|☆Srgtcobra
|t:|1778509244
|gametype|singles
|player|p1|Billythekid95|1|1512
|player|p2|Srgtcobra|1|1484
|gen|9
|tier|[Gen 9] OU
|rated|
|rule|HP Percentage Mod: HP is shown in percentages
|rule|Endless Battle Clause: Forcing endless battles is banned
|rule|Species Clause: Limit one of each Pokémon
|rule|OHKO Clause: OHKO moves are banned
|rule|Evasion Items Clause: Evasion items are banned
|rule|Evasion Moves Clause: Evasion moves are banned
|rule|Evasion Abilities Clause: Evasion abilities are banned
|rule|Sleep Moves Clause: Sleep-inducing moves are banned
|clearpoke
|poke|p1|Cinderace, M|
|poke|p1|Enamorus, F|
|poke|p1|Serperior, F|
|poke|p1|Empoleon, M|
|poke|p1|Kingambit, M|
|poke|p1|Ribombee, M|
|poke|p2|Regieleki|
|poke|p2|Magnezone|
|poke|p2|Enamorus, F|
|poke|p2|Scizor, F|
|poke|p2|Dondozo, M|
|poke|p2|Darkrai|
|teampreview
|inactive|Battle timer is ON: inactive players will automatically lose when time's up. (requested by Srgtcobra)
|
|t:|1778509268
|teamsize|p1|6
|teamsize|p2|6
|start
|switch|p1a: Ribombee|Ribombee, M|100/100
|switch|p2a: Magnezone|Magnezone|100/100
|turn|1
|
|t:|1778509281
|move|p1a: Ribombee|Sticky Web|p2a: Magnezone
|-sidestart|p2: Srgtcobra|move: Sticky Web
|move|p2a: Magnezone|Volt Switch|p1a: Ribombee
|-damage|p1a: Ribombee|9/100
|
|t:|1778509287
|switch|p2a: Scizor|Scizor, F|100/100|[from] Volt Switch
|-activate|p2a: Scizor|move: Sticky Web
|-unboost|p2a: Scizor|spe|1
|
|upkeep
|turn|2
|
|t:|1778509292
|switch|p1a: Cinderace|Cinderace, M|100/100
|move|p2a: Scizor|U-turn|p1a: Cinderace
|-resisted|p1a: Cinderace
|-damage|p1a: Cinderace|77/100
|
|t:|1778509295
|switch|p2a: Dondozo|Dondozo, M|100/100|[from] U-turn
|-activate|p2a: Dondozo|move: Sticky Web
|-unboost|p2a: Dondozo|spe|1
|
|upkeep
|turn|3
|
|t:|1778509301
|move|p1a: Cinderace|Court Change|p1a: Cinderace
|-swapsideconditions
|-activate|p1a: Cinderace|move: Court Change
|move|p2a: Dondozo|Liquidation|p1a: Cinderace
|-supereffective|p1a: Cinderace
|-damage|p1a: Cinderace|7/100
|
|upkeep
|turn|4
|
|t:|1778509311
|move|p1a: Cinderace|Will-O-Wisp|p2a: Dondozo|[miss]
|-miss|p1a: Cinderace|p2a: Dondozo
|move|p2a: Dondozo|Liquidation|p1a: Cinderace
|-supereffective|p1a: Cinderace
|-damage|p1a: Cinderace|0 fnt
|faint|p1a: Cinderace
|
|upkeep
|
|t:|1778509318
|switch|p1a: Ribombee|Ribombee, M|9/100
|turn|5
|
|t:|1778509321
|move|p1a: Ribombee|Sticky Web|p2a: Dondozo
|-sidestart|p2: Srgtcobra|move: Sticky Web
|move|p2a: Dondozo|Liquidation|p1a: Ribombee
|-damage|p1a: Ribombee|0 fnt
|faint|p1a: Ribombee
|
|upkeep
|
|t:|1778509327
|switch|p1a: Serperior|Serperior, F|100/100
|-activate|p1a: Serperior|move: Sticky Web
|-boost|p1a: Serperior|spe|1
|turn|6
|
|t:|1778509333
|switch|p2a: Scizor|Scizor, F|100/100
|-activate|p2a: Scizor|move: Sticky Web
|-unboost|p2a: Scizor|spe|1
|move|p1a: Serperior|Glare|p2a: Scizor
|-status|p2a: Scizor|par
|
|upkeep
|turn|7
|
|t:|1778509341
|switch|p1a: Empoleon|Empoleon, M|100/100
|-activate|p1a: Empoleon|move: Sticky Web
|-unboost|p1a: Empoleon|spe|1
|-ability|p1a: Empoleon|Competitive|boost
|-boost|p1a: Empoleon|spa|2
|move|p2a: Scizor|Bullet Punch|p1a: Empoleon
|-resisted|p1a: Empoleon
|-damage|p1a: Empoleon|92/100
|
|upkeep
|turn|8
|
|t:|1778509350
|move|p1a: Empoleon|Surf|p2a: Scizor
|-damage|p2a: Scizor|0 fnt
|faint|p2a: Scizor
|
|upkeep
|
|t:|1778509352
|switch|p2a: Magnezone|Magnezone|100/100
|-activate|p2a: Magnezone|move: Sticky Web
|-unboost|p2a: Magnezone|spe|1
|turn|9
|
|t:|1778509360
|move|p2a: Magnezone|Volt Switch|p1a: Empoleon
|-supereffective|p1a: Empoleon
|-damage|p1a: Empoleon|24/100
|
|t:|1778509364
|switch|p2a: Dondozo|Dondozo, M|100/100|[from] Volt Switch
|-activate|p2a: Dondozo|move: Sticky Web
|-unboost|p2a: Dondozo|spe|1
|move|p1a: Empoleon|Surf|p2a: Dondozo
|-resisted|p2a: Dondozo
|-damage|p2a: Dondozo|86/100
|
|-heal|p2a: Dondozo|92/100|[from] item: Leftovers
|upkeep
|turn|10
|
|t:|1778509373
|switch|p1a: Serperior|Serperior, F|100/100
|-activate|p1a: Serperior|move: Sticky Web
|-boost|p1a: Serperior|spe|1
|move|p2a: Dondozo|Curse|p2a: Dondozo
|-unboost|p2a: Dondozo|spe|1
|-boost|p2a: Dondozo|atk|1
|-boost|p2a: Dondozo|def|1
|
|-heal|p2a: Dondozo|98/100|[from] item: Leftovers
|upkeep
|turn|11
|
|t:|1778509382
|switch|p2a: Magnezone|Magnezone|100/100
|-activate|p2a: Magnezone|move: Sticky Web
|-unboost|p2a: Magnezone|spe|1
|move|p1a: Serperior|Substitute|p1a: Serperior
|-start|p1a: Serperior|Substitute
|-damage|p1a: Serperior|76/100
|
|-heal|p1a: Serperior|82/100|[from] item: Leftovers
|upkeep
|turn|12
|
|t:|1778509392
|move|p1a: Serperior|Dragon Pulse|p2a: Magnezone
|-resisted|p2a: Magnezone
|-damage|p2a: Magnezone|87/100
|move|p2a: Magnezone|Volt Switch|p1a: Serperior
|-resisted|p1a: Serperior
|-end|p1a: Serperior|Substitute
|
|t:|1778509407
|switch|p2a: Regieleki|Regieleki|100/100|[from] Volt Switch
|-activate|p2a: Regieleki|move: Sticky Web
|-unboost|p2a: Regieleki|spe|1
|
|-heal|p1a: Serperior|88/100|[from] item: Leftovers
|upkeep
|turn|13
|
|t:|1778509413
|move|p1a: Serperior|Leaf Storm|p2a: Regieleki
|-damage|p2a: Regieleki|6/100
|-boost|p1a: Serperior|spa|2
|-enditem|p2a: Regieleki|Liechi Berry|[eat]
|-boost|p2a: Regieleki|atk|1|[from] item: Liechi Berry
|move|p2a: Regieleki|Explosion|p1a: Serperior
|-damage|p1a: Serperior|0 fnt
|faint|p2a: Regieleki
|faint|p1a: Serperior
|
|upkeep
|
|t:|1778509424
|switch|p2a: Magnezone|Magnezone|87/100
|switch|p1a: Empoleon|Empoleon, M|24/100
|-activate|p2a: Magnezone|move: Sticky Web
|-unboost|p2a: Magnezone|spe|1
|-activate|p1a: Empoleon|move: Sticky Web
|-unboost|p1a: Empoleon|spe|1
|-ability|p1a: Empoleon|Competitive|boost
|-boost|p1a: Empoleon|spa|2
|turn|14
|
|t:|1778509432
|move|p1a: Empoleon|Vacuum Wave|p2a: Magnezone
|-supereffective|p2a: Magnezone
|-damage|p2a: Magnezone|20/100
|move|p2a: Magnezone|Volt Switch|p1a: Empoleon
|-supereffective|p1a: Empoleon
|-damage|p1a: Empoleon|0 fnt
|faint|p1a: Empoleon
|
|t:|1778509445
|switch|p2a: Dondozo|Dondozo, M|98/100|[from] Volt Switch
|-activate|p2a: Dondozo|move: Sticky Web
|-unboost|p2a: Dondozo|spe|1
|
|-heal|p2a: Dondozo|100/100|[from] item: Leftovers
|upkeep
|
|t:|1778509451
|switch|p1a: Kingambit|Kingambit, M|100/100
|-activate|p1a: Kingambit|move: Sticky Web
|-unboost|p1a: Kingambit|spe|1
|-ability|p1a: Kingambit|Defiant|boost
|-boost|p1a: Kingambit|atk|2
|turn|15
|
|t:|1778509459
|move|p1a: Kingambit|Low Kick|p2a: Dondozo
|-damage|p2a: Dondozo|74/100
|move|p2a: Dondozo|Curse|p2a: Dondozo
|-unboost|p2a: Dondozo|spe|1
|-boost|p2a: Dondozo|atk|1
|-boost|p2a: Dondozo|def|1
|
|-heal|p2a: Dondozo|80/100|[from] item: Leftovers
|upkeep
|turn|16
|
|t:|1778509467
|switch|p1a: Enamorus|Enamorus, F|100/100
|move|p2a: Dondozo|Liquidation|p1a: Enamorus
|-damage|p1a: Enamorus|30/100
|
|-heal|p2a: Dondozo|86/100|[from] item: Leftovers
|upkeep
|turn|17
|
|t:|1778509474
|move|p1a: Enamorus|Superpower|p2a: Dondozo
|-damage|p2a: Dondozo|72/100
|-boost|p1a: Enamorus|atk|1
|-boost|p1a: Enamorus|def|1
|move|p2a: Dondozo|Liquidation|p1a: Enamorus
|-damage|p1a: Enamorus|0 fnt
|faint|p1a: Enamorus
|
|-heal|p2a: Dondozo|78/100|[from] item: Leftovers
|upkeep
|
|t:|1778509483
|switch|p1a: Kingambit|Kingambit, M|100/100
|-activate|p1a: Kingambit|move: Sticky Web
|-unboost|p1a: Kingambit|spe|1
|-ability|p1a: Kingambit|Defiant|boost
|-boost|p1a: Kingambit|atk|2
|turn|18
|
|t:|1778509488
|-terastallize|p1a: Kingambit|Fighting
|move|p1a: Kingambit|Low Kick|p2a: Dondozo
|-damage|p2a: Dondozo|49/100
|move|p2a: Dondozo|Earthquake|p1a: Kingambit
|-damage|p1a: Kingambit|75/100
|
|-heal|p2a: Dondozo|55/100|[from] item: Leftovers
|upkeep
|turn|19
|
|t:|1778509497
|move|p1a: Kingambit|Low Kick|p2a: Dondozo
|-damage|p2a: Dondozo|26/100
|move|p2a: Dondozo|Curse|p2a: Dondozo
|-unboost|p2a: Dondozo|spe|1
|-boost|p2a: Dondozo|atk|1
|-boost|p2a: Dondozo|def|1
|
|-heal|p2a: Dondozo|32/100|[from] item: Leftovers
|upkeep
|turn|20
|
|t:|1778509505
|move|p1a: Kingambit|Low Kick|p2a: Dondozo
|-damage|p2a: Dondozo|9/100
|move|p2a: Dondozo|Rest|p2a: Dondozo
|-status|p2a: Dondozo|slp|[from] move: Rest
|-heal|p2a: Dondozo|100/100 slp|[silent]
|
|upkeep
|turn|21
|
|t:|1778509511
|move|p1a: Kingambit|Low Kick|p2a: Dondozo
|-damage|p2a: Dondozo|80/100 slp
|cant|p2a: Dondozo|slp
|
|-heal|p2a: Dondozo|86/100 slp|[from] item: Leftovers
|upkeep
|turn|22
|
|t:|1778509518
|move|p1a: Kingambit|Low Kick|p2a: Dondozo
|-damage|p2a: Dondozo|67/100 slp
|cant|p2a: Dondozo|slp
|
|-heal|p2a: Dondozo|73/100 slp|[from] item: Leftovers
|upkeep
|turn|23
|-message|Billythekid95 forfeited.
|
|win|Srgtcobra
|raw|Billythekid95's rating: 1512 &rarr; <strong>1490</strong><br />(-22 for losing)
|raw|Srgtcobra's rating: 1484 &rarr; <strong>1506</strong><br />(+22 for winning)
|l|☆Billythekid95
|player|p1|
|l|☆Srgtcobra
|player|p2|
