|html|<div class="broadcast-blue"><strong>[Gen 9] OU is currently suspecting Tera Blast! For information on how to participate check out the <a href="https://www.smogon.com/tools/suspects/view/200">suspect thread</a>.</strong></div>
|j|☆sminey
|j|‽clorox man
|t:|1776059143
|gametype|singles
|player|p1|sminey|palmer|1754
|player|p2|clorox man|clown|1812
|gen|9
|tier|[Gen 9] OU
|rated|
|rule|HP Percentage Mod: HP is shown in percentages
|rule|Endless Battle Clause: Forcing endless battles is banned
|rule|Species Clause: Limit one of each Pokémon
|rule|OHKO Clause: OHKO moves are banned
|rule|Evasion Items Clause: Evasion items are banned
|rule|Evasion Moves Clause: Evasion moves are banned
|rule|Evasion Abilities Clause: Evasion abilities are banned
|rule|Sleep Moves Clause: Sleep-inducing moves are banned
|clearpoke
|poke|p1|Cinderace, M|
|poke|p1|Zapdos|
|poke|p1|Latios, M|
|poke|p1|Weavile, M|
|poke|p1|Clefable, M|
|poke|p1|Slowking-Galar, F|
|poke|p2|Pecharunt|
|poke|p2|Ting-Lu|
|poke|p2|Iron Valiant|
|poke|p2|Volcanion|
|poke|p2|Dragonite, F|
|poke|p2|Kingambit, M|
|teampreview
|
|t:|1776059153
|teamsize|p1|6
|teamsize|p2|6
|start
|switch|p1a: Cinderace|Cinderace, M|100/100
|switch|p2a: Ting-Lu|Ting-Lu|100/100
|-ability|p2a: Ting-Lu|Vessel of Ruin
|turn|1
|
|t:|1776059158
|move|p1a: Cinderace|U-turn|p2a: Ting-Lu
|-start|p1a: Cinderace|typechange|Bug|[from] ability: Libero
|-supereffective|p2a: Ting-Lu
|-damage|p2a: Ting-Lu|65/100
|-enditem|p2a: Ting-Lu|Red Card|[of] p1a: Cinderace
|drag|p1a: Clefable|Clefable, M|100/100
|move|p2a: Ting-Lu|Stealth Rock|p1a: Clefable
|-sidestart|p1: sminey|move: Stealth Rock
|
|upkeep
|turn|2
|
|t:|1776059164
|switch|p2a: Volcanion|Volcanion|100/100
|move|p1a: Clefable|Moonblast|p2a: Volcanion
|-resisted|p2a: Volcanion
|-damage|p2a: Volcanion|85/100
|-unboost|p2a: Volcanion|spa|1
|
|upkeep
|turn|3
|
|t:|1776059169
|switch|p1a: Slowking|Slowking-Galar, F|100/100
|-damage|p1a: Slowking|88/100|[from] Stealth Rock
|move|p2a: Volcanion|Sludge Bomb|p1a: Slowking
|-resisted|p1a: Slowking
|-damage|p1a: Slowking|83/100
|
|upkeep
|turn|4
|
|t:|1776059176
|switch|p2a: Ting-Lu|Ting-Lu|65/100
|-ability|p2a: Ting-Lu|Vessel of Ruin
|move|p1a: Slowking|Flamethrower|p2a: Ting-Lu
|-damage|p2a: Ting-Lu|56/100
|
|upkeep
|turn|5
|
|t:|1776059190
|switch|p1a: Zapdos|Zapdos|100/100
|move|p2a: Ting-Lu|Ruination|p1a: Zapdos|[miss]
|-miss|p2a: Ting-Lu|p1a: Zapdos
|
|upkeep
|turn|6
|inactive|Battle timer is ON: inactive players will automatically lose when time's up. (requested by clorox man)
|
|t:|1776059193
|move|p1a: Zapdos|Hurricane|p2a: Ting-Lu|[miss]
|-miss|p1a: Zapdos|p2a: Ting-Lu
|move|p2a: Ting-Lu|Ruination|p1a: Zapdos
|-damage|p1a: Zapdos|50/100
|
|upkeep
|turn|7
|
|t:|1776059198
|move|p1a: Zapdos|Hurricane|p2a: Ting-Lu|[miss]
|-miss|p1a: Zapdos|p2a: Ting-Lu
|move|p2a: Ting-Lu|Ruination|p1a: Zapdos
|-damage|p1a: Zapdos|26/100
|
|upkeep
|turn|8
|
|t:|1776059202
|move|p1a: Zapdos|Roost|p1a: Zapdos
|-heal|p1a: Zapdos|76/100
|-singleturn|p1a: Zapdos|move: Roost
|move|p2a: Ting-Lu|Ruination|p1a: Zapdos
|-damage|p1a: Zapdos|38/100
|
|upkeep
|turn|9
|
|t:|1776059211
|move|p1a: Zapdos|Hurricane|p2a: Ting-Lu
|-damage|p2a: Ting-Lu|36/100
|move|p2a: Ting-Lu|Ruination|p1a: Zapdos
|-damage|p1a: Zapdos|19/100
|
|upkeep
|turn|10
|
|t:|1776059217
|switch|p2a: Pecharunt|Pecharunt|100/100
|move|p1a: Zapdos|Roost|p1a: Zapdos
|-heal|p1a: Zapdos|69/100
|-singleturn|p1a: Zapdos|move: Roost
|
|upkeep
|turn|11
|
|t:|1776059224
|switch|p1a: Slowking|Slowking-Galar, F|100/100
|-damage|p1a: Slowking|88/100|[from] Stealth Rock
|move|p2a: Pecharunt|Malignant Chain|p1a: Slowking
|-resisted|p1a: Slowking
|-damage|p1a: Slowking|82/100
|
|upkeep
|turn|12
|
|t:|1776059234
|switch|p2a: Ting-Lu|Ting-Lu|36/100
|-ability|p2a: Ting-Lu|Vessel of Ruin
|move|p1a: Slowking|Flamethrower|p2a: Ting-Lu
|-damage|p2a: Ting-Lu|26/100
|
|upkeep
|turn|13
|
|t:|1776059237
|move|p1a: Slowking|Ice Beam|p2a: Ting-Lu
|-supereffective|p2a: Ting-Lu
|-damage|p2a: Ting-Lu|6/100
|move|p2a: Ting-Lu|Ruination|p1a: Slowking
|-damage|p1a: Slowking|41/100
|
|upkeep
|turn|14
|
|t:|1776059244
|move|p1a: Slowking|Flamethrower|p2a: Ting-Lu
|-damage|p2a: Ting-Lu|0 fnt
|faint|p2a: Ting-Lu
|
|upkeep
|
|t:|1776059257
|switch|p2a: Kingambit|Kingambit, M|100/100
|-activate|p2a: Kingambit|ability: Supreme Overlord
|-start|p2a: Kingambit|fallen1|[silent]
|-item|p2a: Kingambit|Air Balloon
|turn|15
|
|t:|1776059262
|switch|p1a: Zapdos|Zapdos|69/100
|move|p2a: Kingambit|Kowtow Cleave|p1a: Zapdos
|-damage|p1a: Zapdos|31/100
|
|upkeep
|turn|16
|
|t:|1776059266
|move|p1a: Zapdos|Roost|p1a: Zapdos
|-heal|p1a: Zapdos|81/100
|-singleturn|p1a: Zapdos|move: Roost
|move|p2a: Kingambit|Swords Dance|p2a: Kingambit
|-boost|p2a: Kingambit|atk|2
|
|upkeep
|turn|17
|
|t:|1776059268
|move|p1a: Zapdos|Thunder Wave|p2a: Kingambit
|-status|p2a: Kingambit|par
|move|p2a: Kingambit|Kowtow Cleave|p1a: Zapdos
|-damage|p1a: Zapdos|0 fnt
|faint|p1a: Zapdos
|
|upkeep
|
|t:|1776059275
|switch|p1a: Clefable|Clefable, M|100/100
|turn|18
|
|t:|1776059280
|-terastallize|p1a: Clefable|Poison
|move|p1a: Clefable|Moonblast|p2a: Kingambit
|-damage|p2a: Kingambit|63/100 par
|-enditem|p2a: Kingambit|Air Balloon
|move|p2a: Kingambit|Iron Head|p1a: Clefable
|-damage|p1a: Clefable|60/100
|
|upkeep
|turn|19
|
|t:|1776059289
|-end|p2a: Kingambit|fallen1|[silent]
|switch|p2a: Volcanion|Volcanion|85/100
|move|p1a: Clefable|Moonblast|p2a: Volcanion
|-resisted|p2a: Volcanion
|-damage|p2a: Volcanion|66/100
|
|upkeep
|turn|20
|
|t:|1776059296
|switch|p1a: Slowking|Slowking-Galar, F|75/100
|-damage|p1a: Slowking|62/100|[from] Stealth Rock
|move|p2a: Volcanion|Steam Eruption|p1a: Slowking
|-damage|p1a: Slowking|36/100
|
|upkeep
|turn|21
|
|t:|1776059310
|switch|p2a: Kingambit|Kingambit, M|63/100 par
|-activate|p2a: Kingambit|ability: Supreme Overlord
|-start|p2a: Kingambit|fallen1|[silent]
|move|p1a: Slowking|Sludge Bomb|p2a: Kingambit
|-immune|p2a: Kingambit
|
|upkeep
|turn|22
|
|t:|1776059315
|switch|p1a: Clefable|Clefable, M, tera:Poison|60/100
|cant|p2a: Kingambit|par
|
|upkeep
|turn|23
|
|t:|1776059318
|move|p1a: Clefable|Moonlight|p1a: Clefable
|-heal|p1a: Clefable|100/100
|cant|p2a: Kingambit|par
|
|upkeep
|turn|24
|
|t:|1776059320
|move|p1a: Clefable|Moonblast|p2a: Kingambit
|-damage|p2a: Kingambit|30/100 par
|move|p2a: Kingambit|Kowtow Cleave|p1a: Clefable
|-damage|p1a: Clefable|61/100
|
|upkeep
|turn|25
|
|t:|1776059325
|-end|p2a: Kingambit|fallen1|[silent]
|switch|p2a: Volcanion|Volcanion|66/100
|move|p1a: Clefable|Moonlight|p1a: Clefable
|-heal|p1a: Clefable|100/100
|
|upkeep
|turn|26
|
|t:|1776059329
|switch|p2a: Iron Valiant|Iron Valiant|100/100
|-enditem|p2a: Iron Valiant|Booster Energy
|-activate|p2a: Iron Valiant|ability: Quark Drive|[fromitem]
|-start|p2a: Iron Valiant|quarkdrivespe
|switch|p1a: Slowking|Slowking-Galar, F|69/100
|-damage|p1a: Slowking|56/100|[from] Stealth Rock
|
|upkeep
|turn|27
|
|t:|1776059334
|switch|p1a: Clefable|Clefable, M, tera:Poison|100/100
|move|p2a: Iron Valiant|Knock Off|p1a: Clefable
|-damage|p1a: Clefable|80/100
|-enditem|p1a: Clefable|Heavy-Duty Boots|[from] move: Knock Off|[of] p2a: Iron Valiant
|
|upkeep
|turn|28
|
|t:|1776059340
|-end|p2a: Iron Valiant|Quark Drive|[silent]
|switch|p2a: Volcanion|Volcanion|66/100
|move|p1a: Clefable|Moonblast|p2a: Volcanion
|-resisted|p2a: Volcanion
|-damage|p2a: Volcanion|50/100
|-unboost|p2a: Volcanion|spa|1
|
|upkeep
|turn|29
|
|t:|1776059346
|switch|p2a: Iron Valiant|Iron Valiant|100/100
|switch|p1a: Slowking|Slowking-Galar, F|90/100
|-damage|p1a: Slowking|77/100|[from] Stealth Rock
|
|upkeep
|turn|30
|
|t:|1776059352
|-end|p2a: Iron Valiant|Quark Drive|[silent]
|switch|p2a: Volcanion|Volcanion|50/100
|switch|p1a: Clefable|Clefable, M, tera:Poison|80/100
|-damage|p1a: Clefable|68/100|[from] Stealth Rock
|
|upkeep
|turn|31
|
|t:|1776059360
|switch|p1a: Latios|Latios, M|100/100
|-damage|p1a: Latios|88/100|[from] Stealth Rock
|move|p2a: Volcanion|Steam Eruption|p1a: Latios
|-resisted|p1a: Latios
|-damage|p1a: Latios|57/100
|
|upkeep
|turn|32
|
|t:|1776059369
|move|p1a: Latios|Draco Meteor|p2a: Volcanion
|-damage|p2a: Volcanion|0 fnt
|-unboost|p1a: Latios|spa|2
|faint|p2a: Volcanion
|
|upkeep
|
|t:|1776059384
|switch|p2a: Dragonite|Dragonite, F|100/100
|turn|33
|
|t:|1776059402
|-terastallize|p2a: Dragonite|Normal
|move|p1a: Latios|Draco Meteor|p2a: Dragonite
|-damage|p2a: Dragonite|83/100
|-unboost|p1a: Latios|spa|2
|move|p2a: Dragonite|Dragon Dance|p2a: Dragonite
|-boost|p2a: Dragonite|atk|1
|-boost|p2a: Dragonite|spe|1
|
|upkeep
|turn|34
|
|t:|1776059415
|move|p1a: Latios|Draco Meteor|p2a: Dragonite
|-damage|p2a: Dragonite|58/100
|-unboost|p1a: Latios|spa|2
|move|p2a: Dragonite|Dragon Dance|p2a: Dragonite
|-boost|p2a: Dragonite|atk|1
|-boost|p2a: Dragonite|spe|1
|
|upkeep
|turn|35
|
|t:|1776059421
|move|p1a: Latios|Draco Meteor|p2a: Dragonite
|-damage|p2a: Dragonite|39/100
|move|p2a: Dragonite|Ice Spinner|p1a: Latios
|-supereffective|p1a: Latios
|-damage|p1a: Latios|0 fnt
|faint|p1a: Latios
|
|upkeep
|
|t:|1776059434
|switch|p1a: Clefable|Clefable, M, tera:Poison|68/100
|-damage|p1a: Clefable|55/100|[from] Stealth Rock
|turn|36
|
|t:|1776059438
|move|p2a: Dragonite|Earthquake|p1a: Clefable
|-supereffective|p1a: Clefable
|-damage|p1a: Clefable|0 fnt
|faint|p1a: Clefable
|
|upkeep
|c|☆sminey|gg
|
|t:|1776059442
|switch|p1a: Cinderace|Cinderace, M|100/100
|turn|37
|
|t:|1776059445
|move|p2a: Dragonite|Extreme Speed|p1a: Cinderace
|-damage|p1a: Cinderace|0 fnt
|faint|p1a: Cinderace
|
|upkeep
|
|t:|1776059446
|switch|p1a: Weavile|Weavile, M|100/100
|-ability|p1a: Weavile|Pressure
|turn|38
|
|t:|1776059452
|move|p2a: Dragonite|Extreme Speed|p1a: Weavile
|-damage|p1a: Weavile|0 fnt
|faint|p1a: Weavile
|
|upkeep
|
|t:|1776059454
|switch|p1a: Slowking|Slowking-Galar, F|100/100
|-damage|p1a: Slowking|88/100|[from] Stealth Rock
|turn|39
|
|t:|1776059458
|move|p2a: Dragonite|Earthquake|p1a: Slowking
|-supereffective|p1a: Slowking
|-damage|p1a: Slowking|0 fnt
|faint|p1a: Slowking
|
|win|clorox man
|raw|sminey's rating: 1754 &rarr; <strong>1737</strong><br />(-17 for losing)
|raw|clorox man's rating: 1812 &rarr; <strong>1829</strong><br />(+17 for winning)
|l|☆sminey
|player|p1|
|l|‽clorox man
|player|p2|
