|html|<div class="broadcast-blue"><strong>[Gen 9] OU is currently suspecting Tera Blast! For information on how to participate check out the <a href="https://www.smogon.com/tools/suspects/view/200">suspect thread</a>.</strong></div>
|j|☆cecestar
|j|☆Kantola
|t:|1776257651
|gametype|singles
|player|p1|cecestar|cynthia-gen4|
|player|p2|Kantola|266|
|gen|9
|tier|[Gen 9] OU
|rule|HP Percentage Mod: HP is shown in percentages
|rule|Endless Battle Clause: Forcing endless battles is banned
|rule|Species Clause: Limit one of each Pokémon
|rule|OHKO Clause: OHKO moves are banned
|rule|Evasion Items Clause: Evasion items are banned
|rule|Evasion Moves Clause: Evasion moves are banned
|rule|Evasion Abilities Clause: Evasion abilities are banned
|rule|Sleep Moves Clause: Sleep-inducing moves are banned
|clearpoke
|poke|p1|Samurott-Hisui, F|
|poke|p1|Garchomp, F|
|poke|p1|Iron Moth|
|poke|p1|Vaporeon, M|
|poke|p1|Ceruledge, F|
|poke|p1|Skarmory, F|
|poke|p2|Pelipper, M|
|poke|p2|Kingdra, M|
|poke|p2|Great Tusk|
|poke|p2|Amoonguss, F|
|poke|p2|Zapdos|
|poke|p2|Basculegion, M|
|teampreview
|
|t:|1776257674
|teamsize|p1|6
|teamsize|p2|6
|start
|switch|p1a: Aria|Garchomp, F|100/100
|switch|p2a: Amoonguss|Amoonguss, F, shiny|100/100
|turn|1
|
|t:|1776257686
|move|p1a: Aria|Scale Shot|p2a: Amoonguss|[miss]
|-miss|p1a: Aria|p2a: Amoonguss
|move|p2a: Amoonguss|Stun Spore|p1a: Aria
|-status|p1a: Aria|par
|
|upkeep
|turn|2
|
|t:|1776257696
|move|p1a: Aria|Scale Shot|p2a: Amoonguss
|-damage|p2a: Amoonguss|92/100
|-damage|p2a: Amoonguss|83/100
|-damage|p2a: Amoonguss|74/100
|-damage|p2a: Amoonguss|64/100
|-damage|p2a: Amoonguss|54/100
|-hitcount|p2a: Amoonguss|5
|-unboost|p1a: Aria|def|1
|-boost|p1a: Aria|spe|1
|move|p2a: Amoonguss|Giga Drain|p1a: Aria
|-damage|p1a: Aria|75/100 par
|-heal|p2a: Amoonguss|65/100|[from] drain|[of] p1a: Aria
|
|upkeep
|turn|3
|
|t:|1776257701
|cant|p1a: Aria|par
|move|p2a: Amoonguss|Giga Drain|p1a: Aria
|-damage|p1a: Aria|50/100 par
|-heal|p2a: Amoonguss|75/100|[from] drain|[of] p1a: Aria
|
|upkeep
|turn|4
|
|t:|1776257707
|move|p1a: Aria|Swords Dance|p1a: Aria
|-boost|p1a: Aria|atk|2
|move|p2a: Amoonguss|Giga Drain|p1a: Aria
|-damage|p1a: Aria|27/100 par
|-heal|p2a: Amoonguss|85/100|[from] drain|[of] p1a: Aria
|
|upkeep
|turn|5
|
|t:|1776257710
|move|p1a: Aria|Scale Shot|p2a: Amoonguss
|-damage|p2a: Amoonguss|67/100
|-damage|p2a: Amoonguss|48/100
|-damage|p2a: Amoonguss|29/100
|-damage|p2a: Amoonguss|10/100
|-damage|p2a: Amoonguss|0 fnt
|faint|p2a: Amoonguss
|-hitcount|p2: Amoonguss|5
|-unboost|p1a: Aria|def|1
|-boost|p1a: Aria|spe|1
|
|upkeep
|
|t:|1776257718
|switch|p2a: Great Tusk|Great Tusk|100/100
|turn|6
|
|t:|1776257733
|switch|p1a: Lillie|Skarmory, F|100/100
|move|p2a: Great Tusk|Knock Off|p1a: Lillie
|-damage|p1a: Lillie|78/100
|-damage|p2a: Great Tusk|84/100|[from] item: Rocky Helmet|[of] p1a: Lillie
|-enditem|p1a: Lillie|Rocky Helmet|[from] move: Knock Off|[of] p2a: Great Tusk
|
|upkeep
|turn|7
|
|t:|1776257760
|move|p2a: Great Tusk|Close Combat|p1a: Lillie
|-damage|p1a: Lillie|37/100
|-unboost|p2a: Great Tusk|def|1
|-unboost|p2a: Great Tusk|spd|1
|move|p1a: Lillie|Stealth Rock|p2a: Great Tusk
|-sidestart|p2: Kantola|move: Stealth Rock
|
|upkeep
|turn|8
|
|t:|1776257781
|switch|p1a: Luna|Ceruledge, F|100/100
|move|p2a: Great Tusk|Knock Off|p1a: Luna
|-supereffective|p1a: Luna
|-damage|p1a: Luna|0 fnt
|-enditem|p1a: Luna|Life Orb|[from] move: Knock Off|[of] p2a: Great Tusk
|faint|p1a: Luna
|
|upkeep
|c|☆cecestar|oh well
|
|t:|1776257792
|switch|p1a: Aria|Garchomp, F|27/100 par
|turn|9
|
|t:|1776257814
|switch|p1a: Lillie|Skarmory, F|37/100
|move|p2a: Great Tusk|Headlong Rush|p1a: Lillie
|-immune|p1a: Lillie
|
|upkeep
|turn|10
|
|t:|1776257823
|move|p2a: Great Tusk|Close Combat|p1a: Lillie
|-damage|p1a: Lillie|0 fnt
|-unboost|p2a: Great Tusk|def|1
|-unboost|p2a: Great Tusk|spd|1
|faint|p1a: Lillie
|
|upkeep
|
|t:|1776257833
|switch|p1a: Atlas|Iron Moth|100/100
|-enditem|p1a: Atlas|Booster Energy
|-activate|p1a: Atlas|ability: Quark Drive|[fromitem]
|-start|p1a: Atlas|quarkdrivespe
|turn|11
|
|t:|1776257841
|-terastallize|p1a: Atlas|Grass
|-terastallize|p2a: Great Tusk|Steel
|move|p1a: Atlas|Energy Ball|p2a: Great Tusk
|-resisted|p2a: Great Tusk
|-damage|p2a: Great Tusk|13/100
|move|p2a: Great Tusk|Rapid Spin|p1a: Atlas
|-damage|p1a: Atlas|76/100
|-boost|p2a: Great Tusk|spe|1
|-sideend|p2: Kantola|Stealth Rock|[from] move: Rapid Spin|[of] p2a: Great Tusk
|
|upkeep
|turn|12
|
|t:|1776257858
|move|p1a: Atlas|Fiery Dance|p2a: Great Tusk
|-supereffective|p2a: Great Tusk
|-damage|p2a: Great Tusk|0 fnt
|faint|p2a: Great Tusk
|-end|p2a: Great Tusk|Protosynthesis|[silent]
|
|upkeep
|
|t:|1776257863
|switch|p2a: Pelipper|Pelipper, M|100/100
|-weather|RainDance|[from] ability: Drizzle|[of] p2a: Pelipper
|turn|13
|
|t:|1776257870
|move|p1a: Atlas|Sludge Wave|p2a: Pelipper
|-damage|p2a: Pelipper|29/100
|move|p2a: Pelipper|Hurricane|p1a: Atlas
|-supereffective|p1a: Atlas
|-damage|p1a: Atlas|6/100
|-start|p1a: Atlas|confusion
|
|-weather|RainDance|[upkeep]
|upkeep
|turn|14
|
|t:|1776257883
|switch|p2a: Zapdos|Zapdos|100/100
|-activate|p1a: Atlas|confusion
|move|p1a: Atlas|Sludge Wave|p2a: Zapdos
|-damage|p2a: Zapdos|67/100
|
|-weather|RainDance|[upkeep]
|upkeep
|turn|15
|
|t:|1776257894
|-end|p1a: Atlas|Quark Drive|[silent]
|switch|p1a: Aria|Garchomp, F|27/100 par
|move|p2a: Zapdos|Weather Ball|p1a: Aria
|-damage|p1a: Aria|0 fnt
|faint|p1a: Aria
|
|-weather|RainDance|[upkeep]
|upkeep
|
|t:|1776257904
|switch|p1a: Lila|Samurott-Hisui, F|100/100
|turn|16
|
|t:|1776257914
|move|p2a: Zapdos|Thunder|p1a: Lila
|-supereffective|p1a: Lila
|-damage|p1a: Lila|19/100
|move|p1a: Lila|Ceaseless Edge|p2a: Zapdos|[miss]
|-miss|p1a: Lila|p2a: Zapdos
|
|-weather|RainDance|[upkeep]
|upkeep
|turn|17
|
|t:|1776257923
|move|p1a: Lila|Sucker Punch|p2a: Zapdos
|-damage|p2a: Zapdos|29/100
|move|p2a: Zapdos|Volt Switch|p1a: Lila
|-supereffective|p1a: Lila
|-damage|p1a: Lila|0 fnt
|faint|p1a: Lila
|
|t:|1776257929
|switch|p2a: Basculegion|Basculegion, M|100/100|[from] Volt Switch
|
|-weather|RainDance|[upkeep]
|upkeep
|
|t:|1776257935
|switch|p1a: Bertha|Vaporeon, M|100/100
|turn|18
|
|t:|1776257945
|move|p2a: Basculegion|Phantom Force||[still]
|-prepare|p2a: Basculegion|Phantom Force
|move|p1a: Bertha|Calm Mind|p1a: Bertha
|-boost|p1a: Bertha|spa|1
|-boost|p1a: Bertha|spd|1
|
|-weather|RainDance|[upkeep]
|upkeep
|turn|19
|
|t:|1776257960
|move|p2a: Basculegion|Phantom Force|p1a: Bertha|[from] lockedmove
|-damage|p1a: Bertha|27/100
|move|p1a: Bertha|Calm Mind|p1a: Bertha
|-boost|p1a: Bertha|spa|1
|-boost|p1a: Bertha|spd|1
|
|-weather|RainDance|[upkeep]
|upkeep
|turn|20
|
|t:|1776257967
|move|p2a: Basculegion|Phantom Force||[still]
|-prepare|p2a: Basculegion|Phantom Force
|move|p1a: Bertha|Stored Power|p2a: Basculegion|[miss]
|-miss|p1a: Bertha|p2a: Basculegion
|
|-weather|none
|upkeep
|turn|21
|
|t:|1776257971
|move|p2a: Basculegion|Phantom Force|p1a: Bertha|[from] lockedmove
|-damage|p1a: Bertha|0 fnt
|faint|p1a: Bertha
|
|upkeep
|
|t:|1776257972
|switch|p1a: Atlas|Iron Moth, tera:Grass|6/100
|turn|22
|
|t:|1776257977
|switch|p2a: Pelipper|Pelipper, M|29/100
|-weather|RainDance|[from] ability: Drizzle|[of] p2a: Pelipper
|move|p1a: Atlas|Energy Ball|p2a: Pelipper
|-damage|p2a: Pelipper|0 fnt
|faint|p2a: Pelipper
|
|-weather|RainDance|[upkeep]
|upkeep
|
|t:|1776257982
|switch|p2a: Kingdra|Kingdra, M, shiny|100/100
|turn|23
|
|t:|1776257987
|move|p2a: Kingdra|Hurricane|p1a: Atlas
|-supereffective|p1a: Atlas
|-damage|p1a: Atlas|0 fnt
|faint|p1a: Atlas
|-end|p1a: Atlas|Quark Drive|[silent]
|
|win|Kantola
