|html|<div class="broadcast-blue"><strong>[Gen 9] OU is currently suspecting Tera Blast! For information on how to participate check out the <a href="https://www.smogon.com/tools/suspects/view/200">suspect thread</a>.</strong></div>
|j|☆11thtiergbone
|j|☆billygunter
|t:|1776121194
|gametype|singles
|player|p1|11thtiergbone|clerkf-gen8|1600
|player|p2|billygunter|169|1620
|gen|9
|tier|[Gen 9] OU
|rated|
|rule|HP Percentage Mod: HP is shown in percentages
|rule|Endless Battle Clause: Forcing endless battles is banned
|rule|Species Clause: Limit one of each Pokémon
|rule|OHKO Clause: OHKO moves are banned
|rule|Evasion Items Clause: Evasion items are banned
|rule|Evasion Moves Clause: Evasion moves are banned
|rule|Evasion Abilities Clause: Evasion abilities are banned
|rule|Sleep Moves Clause: Sleep-inducing moves are banned
|clearpoke
|poke|p1|Dragonite, M|
|poke|p1|Meowscarada, F|
|poke|p1|Raging Bolt|
|poke|p1|Pecharunt|
|poke|p1|Kyurem|
|poke|p1|Empoleon, M|
|poke|p2|Enamorus, F|
|poke|p2|Dragapult, F|
|poke|p2|Great Tusk|
|poke|p2|Zamazenta-*|
|poke|p2|Scizor, M|
|poke|p2|Primarina, M|
|teampreview
|inactive|Battle timer is ON: inactive players will automatically lose when time's up. (requested by 11thtiergbone)
|
|t:|1776121220
|teamsize|p1|6
|teamsize|p2|6
|start
|switch|p1a: Pecharunt|Pecharunt|100/100
|switch|p2a: Scizor|Scizor, M|100/100
|turn|1
|
|t:|1776121228
|move|p1a: Pecharunt|Foul Play|p2a: Scizor
|-damage|p2a: Scizor|65/100
|move|p2a: Scizor|Knock Off|p1a: Pecharunt
|-supereffective|p1a: Pecharunt
|-crit|p1a: Pecharunt
|-damage|p1a: Pecharunt|28/100
|-damage|p2a: Scizor|49/100|[from] item: Rocky Helmet|[of] p1a: Pecharunt
|-enditem|p1a: Pecharunt|Rocky Helmet|[from] move: Knock Off|[of] p2a: Scizor
|
|upkeep
|turn|2
|
|t:|1776121250
|move|p1a: Pecharunt|Recover|p1a: Pecharunt
|-heal|p1a: Pecharunt|78/100
|move|p2a: Scizor|Knock Off|p1a: Pecharunt
|-supereffective|p1a: Pecharunt
|-damage|p1a: Pecharunt|41/100
|
|upkeep
|turn|3
|
|t:|1776121263
|switch|p2a: Enamorus|Enamorus, F|100/100
|move|p1a: Pecharunt|Recover|p1a: Pecharunt
|-heal|p1a: Pecharunt|91/100
|
|upkeep
|turn|4
|
|t:|1776121274
|-terastallize|p2a: Enamorus|Ground
|move|p2a: Enamorus|Substitute|p2a: Enamorus
|-start|p2a: Enamorus|Substitute
|-damage|p2a: Enamorus|76/100
|move|p1a: Pecharunt|Malignant Chain|p2a: Enamorus
|-resisted|p2a: Enamorus
|-activate|p2a: Enamorus|move: Substitute|[damage]
|
|-heal|p2a: Enamorus|82/100|[from] item: Leftovers
|upkeep
|turn|5
|
|t:|1776121284
|switch|p1a: Meowscarada|Meowscarada, F|100/100
|move|p2a: Enamorus|Moonblast|p1a: Meowscarada
|-supereffective|p1a: Meowscarada
|-damage|p1a: Meowscarada|0 fnt
|faint|p1a: Meowscarada
|
|-heal|p2a: Enamorus|88/100|[from] item: Leftovers
|upkeep
|
|t:|1776121294
|switch|p1a: Kyurem|Kyurem|100/100
|-ability|p1a: Kyurem|Pressure
|turn|6
|
|t:|1776121299
|move|p1a: Kyurem|Ice Beam|p2a: Enamorus
|-supereffective|p2a: Enamorus
|-end|p2a: Enamorus|Substitute
|move|p2a: Enamorus|Moonblast|p1a: Kyurem
|-supereffective|p1a: Kyurem
|-damage|p1a: Kyurem|11/100
|
|-heal|p2a: Enamorus|94/100|[from] item: Leftovers
|upkeep
|turn|7
|
|t:|1776121314
|switch|p1a: Empoleon|Empoleon, M|100/100
|switch|p2a: Primarina|Primarina, M|100/100
|
|upkeep
|turn|8
|
|t:|1776121322
|move|p2a: Primarina|Flip Turn|p1a: Empoleon
|-resisted|p1a: Empoleon
|-damage|p1a: Empoleon|91/100
|
|t:|1776121334
|switch|p2a: Great Tusk|Great Tusk|100/100|[from] Flip Turn
|move|p1a: Empoleon|Stealth Rock|p2a: Great Tusk
|-sidestart|p2: billygunter|move: Stealth Rock
|
|upkeep
|turn|9
|
|t:|1776121340
|switch|p1a: Pecharunt|Pecharunt|91/100
|move|p2a: Great Tusk|Headlong Rush|p1a: Pecharunt
|-supereffective|p1a: Pecharunt
|-damage|p1a: Pecharunt|37/100
|-unboost|p2a: Great Tusk|def|1
|-unboost|p2a: Great Tusk|spd|1
|
|upkeep
|turn|10
|
|t:|1776121348
|move|p2a: Great Tusk|Headlong Rush|p1a: Pecharunt
|-supereffective|p1a: Pecharunt
|-damage|p1a: Pecharunt|0 fnt
|-unboost|p2a: Great Tusk|def|1
|-unboost|p2a: Great Tusk|spd|1
|faint|p1a: Pecharunt
|
|upkeep
|inactive|11thtiergbone has 120 seconds left.
|
|t:|1776121383
|switch|p1a: Kyurem|Kyurem|11/100
|-ability|p1a: Kyurem|Pressure
|turn|11
|inactive|11thtiergbone has 120 seconds left.
|
|t:|1776121396
|-end|p2a: Great Tusk|Protosynthesis|[silent]
|switch|p2a: Scizor|Scizor, M|49/100
|-damage|p2a: Scizor|36/100|[from] Stealth Rock
|move|p1a: Kyurem|Freeze-Dry|p2a: Scizor
|-resisted|p2a: Scizor
|-damage|p2a: Scizor|17/100
|
|upkeep
|turn|12
|inactive|11thtiergbone has 120 seconds left.
|
|t:|1776121422
|move|p1a: Kyurem|Freeze-Dry|p2a: Scizor
|-resisted|p2a: Scizor
|-crit|p2a: Scizor
|-damage|p2a: Scizor|0 fnt
|faint|p2a: Scizor
|
|upkeep
|
|t:|1776121429
|switch|p2a: Primarina|Primarina, M|100/100
|-damage|p2a: Primarina|88/100|[from] Stealth Rock
|turn|13
|
|t:|1776121436
|move|p1a: Kyurem|Freeze-Dry|p2a: Primarina
|-supereffective|p2a: Primarina
|-damage|p2a: Primarina|51/100
|move|p2a: Primarina|Flip Turn|p1a: Kyurem
|-resisted|p1a: Kyurem
|-damage|p1a: Kyurem|5/100
|
|t:|1776121442
|switch|p2a: Dragapult|Dragapult, F|100/100|[from] Flip Turn
|-damage|p2a: Dragapult|88/100|[from] Stealth Rock
|
|upkeep
|turn|14
|
|t:|1776121447
|move|p2a: Dragapult|Sucker Punch|p1a: Kyurem
|-damage|p1a: Kyurem|0 fnt
|faint|p1a: Kyurem
|
|upkeep
|
|t:|1776121455
|switch|p1a: Dragonite|Dragonite, M|100/100
|turn|15
|
|t:|1776121462
|switch|p2a: Great Tusk|Great Tusk|100/100
|-damage|p2a: Great Tusk|97/100|[from] Stealth Rock
|move|p1a: Dragonite|Dragon Dance|p1a: Dragonite
|-boost|p1a: Dragonite|atk|1
|-boost|p1a: Dragonite|spe|1
|
|upkeep
|turn|16
|
|t:|1776121479
|-terastallize|p1a: Dragonite|Flying
|move|p1a: Dragonite|Dragon Dance|p1a: Dragonite
|-boost|p1a: Dragonite|atk|1
|-boost|p1a: Dragonite|spe|1
|move|p2a: Great Tusk|Rapid Spin|p1a: Dragonite
|-damage|p1a: Dragonite|91/100
|-boost|p2a: Great Tusk|spe|1
|-sideend|p2: billygunter|Stealth Rock|[from] move: Rapid Spin|[of] p2a: Great Tusk
|
|upkeep
|turn|17
|
|t:|1776121488
|move|p1a: Dragonite|Tera Blast|p2a: Great Tusk|[anim] Tera Blast Flying
|-supereffective|p2a: Great Tusk
|-damage|p2a: Great Tusk|0 fnt
|faint|p2a: Great Tusk
|-end|p2a: Great Tusk|Protosynthesis|[silent]
|
|upkeep
|
|t:|1776121510
|switch|p2a: Dragapult|Dragapult, F|88/100
|turn|18
|
|t:|1776121513
|move|p1a: Dragonite|Tera Blast|p2a: Dragapult|[anim] Tera Blast Flying
|-damage|p2a: Dragapult|0 fnt
|faint|p2a: Dragapult
|
|upkeep
|
|t:|1776121517
|switch|p2a: Zamazenta|Zamazenta|100/100
|-ability|p2a: Zamazenta|Dauntless Shield|boost
|-boost|p2a: Zamazenta|def|1
|turn|19
|
|t:|1776121521
|move|p1a: Dragonite|Tera Blast|p2a: Zamazenta|[anim] Tera Blast Flying
|-supereffective|p2a: Zamazenta
|-damage|p2a: Zamazenta|0 fnt
|faint|p2a: Zamazenta
|
|upkeep
|-message|billygunter forfeited.
|
|win|11thtiergbone
|raw|11thtiergbone's rating: 1600 &rarr; <strong>1621</strong><br />(+21 for winning)
|raw|billygunter's rating: 1620 &rarr; <strong>1599</strong><br />(-21 for losing)
|l|☆billygunter
|player|p2|
