|html|<div class="broadcast-blue"><strong>[Gen 9] OU is currently suspecting Volcarona! For information on how to participate check out the <a href="https://www.smogon.com/tools/suspects/view/208">suspect thread</a>.</strong></div>
|j|☆Drop a elo
|j|☆Pelogrulla72
|t:|1778515588
|gametype|singles
|player|p1|Drop a elo|cynthia-gen4|1082
|player|p2|Pelogrulla72|erika|1106
|gen|9
|tier|[Gen 9] OU
|rated|
|rule|HP Percentage Mod: HP is shown in percentages
|rule|Endless Battle Clause: Forcing endless battles is banned
|rule|Species Clause: Limit one of each Pokémon
|rule|OHKO Clause: OHKO moves are banned
|rule|Evasion Items Clause: Evasion items are banned
|rule|Evasion Moves Clause: Evasion moves are banned
|rule|Evasion Abilities Clause: Evasion abilities are banned
|rule|Sleep Moves Clause: Sleep-inducing moves are banned
|clearpoke
|poke|p1|Pelipper, M|
|poke|p1|Floatzel, F|
|poke|p1|Barraskewda, F|
|poke|p1|Hatterene, F|
|poke|p1|Thundurus-Therian, M|
|poke|p1|Raging Bolt|
|poke|p2|Ursaluna, F|
|poke|p2|Ambipom, M|
|poke|p2|Arbok, M|
|poke|p2|Lokix, F|
|poke|p2|Polteageist-Antique|
|poke|p2|Cinderace, M|
|teampreview
|inactive|Battle timer is ON: inactive players will automatically lose when time's up. (requested by Drop a elo)
|
|t:|1778515618
|teamsize|p1|6
|teamsize|p2|6
|start
|switch|p1a: Pelipper|Pelipper, M|100/100
|switch|p2a: Mr blue sky|Ambipom, M|100/100
|-weather|RainDance|[from] ability: Drizzle|[of] p1a: Pelipper
|turn|1
|
|t:|1778515631
|switch|p1a: Barraskewda|Barraskewda, F|100/100
|move|p2a: Mr blue sky|Fake Out|p1a: Barraskewda
|-damage|p1a: Barraskewda|48/100
|
|-weather|RainDance|[upkeep]
|upkeep
|turn|2
|
|t:|1778515659
|switch|p2a: A fking n word|Lokix, F|100/100
|move|p1a: Barraskewda|Liquidation|p2a: A fking n word
|-damage|p2a: A fking n word|0 fnt
|faint|p2a: A fking n word
|
|-weather|RainDance|[upkeep]
|upkeep
|
|t:|1778515667
|switch|p2a: Mr blue sky|Ambipom, M|100/100
|turn|3
|
|t:|1778515672
|switch|p1a: Thundurus|Thundurus-Therian, M|100/100
|move|p2a: Mr blue sky|Fake Out|p1a: Thundurus
|-damage|p1a: Thundurus|65/100
|
|-weather|RainDance|[upkeep]
|upkeep
|turn|4
|
|t:|1778515681
|move|p1a: Thundurus|Volt Switch|p2a: Mr blue sky
|-damage|p2a: Mr blue sky|31/100
|
|t:|1778515687
|switch|p1a: Hatterene|Hatterene, F|100/100|[from] Volt Switch
|move|p2a: Mr blue sky|Triple Axel|p1a: Hatterene
|-damage|p1a: Hatterene|94/100
|-damage|p1a: Hatterene|79/100
|-damage|p1a: Hatterene|57/100
|-hitcount|p1a: Hatterene|3
|
|-weather|RainDance|[upkeep]
|-heal|p1a: Hatterene|63/100|[from] item: Leftovers
|upkeep
|turn|5
|
|t:|1778515696
|switch|p2a: Teto pear 31|Arbok, M, shiny|100/100
|-ability|p2a: Teto pear 31|Intimidate|boost
|-unboost|p1a: Hatterene|atk|1
|move|p1a: Hatterene|Draining Kiss|p2a: Teto pear 31
|-resisted|p2a: Teto pear 31
|-damage|p2a: Teto pear 31|86/100
|-heal|p1a: Hatterene|73/100|[from] drain|[of] p2a: Teto pear 31
|
|-weather|RainDance|[upkeep]
|-heal|p2a: Teto pear 31|92/100|[from] item: Leftovers
|-heal|p1a: Hatterene|79/100|[from] item: Leftovers
|upkeep
|turn|6
|
|t:|1778515710
|move|p2a: Teto pear 31|Gunk Shot|p1a: Hatterene
|-supereffective|p1a: Hatterene
|-damage|p1a: Hatterene|0 fnt
|faint|p1a: Hatterene
|
|-weather|RainDance|[upkeep]
|-heal|p2a: Teto pear 31|98/100|[from] item: Leftovers
|upkeep
|
|t:|1778515730
|switch|p1a: Thundurus|Thundurus-Therian, M|65/100
|turn|7
|
|t:|1778515744
|move|p1a: Thundurus|Thunder|p2a: Teto pear 31
|-damage|p2a: Teto pear 31|23/100
|move|p2a: Teto pear 31|Coil|p2a: Teto pear 31
|-boost|p2a: Teto pear 31|atk|1
|-boost|p2a: Teto pear 31|def|1
|-boost|p2a: Teto pear 31|accuracy|1
|
|-weather|RainDance|[upkeep]
|-heal|p2a: Teto pear 31|29/100|[from] item: Leftovers
|upkeep
|turn|8
|
|t:|1778515752
|move|p2a: Teto pear 31|Sucker Punch|p1a: Thundurus
|-damage|p1a: Thundurus|17/100
|move|p1a: Thundurus|Volt Switch|p2a: Teto pear 31
|-damage|p2a: Teto pear 31|0 fnt
|faint|p2a: Teto pear 31
|
|t:|1778515761
|switch|p1a: Raging tank|Raging Bolt|100/100|[from] Volt Switch
|
|-weather|none
|upkeep
|
|t:|1778515775
|switch|p2a: Ursaking|Ursaluna, F, shiny|100/100
|turn|9
|
|t:|1778515780
|-end|p1a: Raging tank|Protosynthesis|[silent]
|switch|p1a: Pelipper|Pelipper, M|100/100
|-weather|RainDance|[from] ability: Drizzle|[of] p1a: Pelipper
|move|p2a: Ursaking|Swords Dance|p2a: Ursaking
|-boost|p2a: Ursaking|atk|2
|
|-weather|RainDance|[upkeep]
|-status|p2a: Ursaking|brn|[from] item: Flame Orb
|upkeep
|turn|10
|
|t:|1778515789
|-terastallize|p2a: Ursaking|Normal
|move|p1a: Pelipper|Weather Ball|p2a: Ursaking
|-damage|p2a: Ursaking|59/100 brn
|move|p2a: Ursaking|Trailblaze|p1a: Pelipper
|-damage|p1a: Pelipper|55/100
|-boost|p2a: Ursaking|spe|1
|
|-weather|RainDance|[upkeep]
|-damage|p2a: Ursaking|53/100 brn|[from] brn
|upkeep
|turn|11
|
|t:|1778515801
|move|p2a: Ursaking|Trailblaze|p1a: Pelipper
|-damage|p1a: Pelipper|15/100
|-boost|p2a: Ursaking|spe|1
|move|p1a: Pelipper|Hurricane|p2a: Ursaking
|-damage|p2a: Ursaking|20/100 brn
|
|-weather|RainDance|[upkeep]
|-damage|p2a: Ursaking|14/100 brn|[from] brn
|upkeep
|turn|12
|
|t:|1778515811
|move|p2a: Ursaking|Trailblaze|p1a: Pelipper
|-damage|p1a: Pelipper|0 fnt
|-boost|p2a: Ursaking|spe|1
|faint|p1a: Pelipper
|
|-weather|RainDance|[upkeep]
|-damage|p2a: Ursaking|8/100 brn|[from] brn
|upkeep
|
|t:|1778515829
|switch|p1a: Barraskewda|Barraskewda, F|48/100
|turn|13
|
|t:|1778515834
|move|p1a: Barraskewda|Liquidation|p2a: Ursaking
|-damage|p2a: Ursaking|0 fnt
|faint|p2a: Ursaking
|
|-weather|RainDance|[upkeep]
|upkeep
|
|t:|1778515838
|switch|p2a: Mr blue sky|Ambipom, M|31/100
|turn|14
|
|t:|1778515844
|switch|p1a: Thundurus|Thundurus-Therian, M|17/100
|move|p2a: Mr blue sky|Fake Out|p1a: Thundurus
|-damage|p1a: Thundurus|0 fnt
|faint|p1a: Thundurus
|
|-weather|RainDance|[upkeep]
|upkeep
|
|t:|1778515860
|switch|p1a: Floatzel|Floatzel, F|100/100
|turn|15
|
|t:|1778515865
|switch|p2a: Pau Palacín|Cinderace, M, shiny|100/100
|move|p1a: Floatzel|Flip Turn|p2a: Pau Palacín
|-supereffective|p2a: Pau Palacín
|-damage|p2a: Pau Palacín|0 fnt
|faint|p2a: Pau Palacín
|
|t:|1778515871
|switch|p1a: Raging tank|Raging Bolt|100/100|[from] Flip Turn
|
|-weather|RainDance|[upkeep]
|upkeep
|
|t:|1778515875
|switch|p2a: Lil Netanyahu|Polteageist-Antique|100/100
|turn|16
|
|t:|1778515880
|move|p2a: Lil Netanyahu|Shell Smash|p2a: Lil Netanyahu
|-unboost|p2a: Lil Netanyahu|def|1
|-unboost|p2a: Lil Netanyahu|spd|1
|-boost|p2a: Lil Netanyahu|atk|2
|-boost|p2a: Lil Netanyahu|spa|2
|-boost|p2a: Lil Netanyahu|spe|2
|move|p1a: Raging tank|Thunderbolt|p2a: Lil Netanyahu
|-enditem|p2a: Lil Netanyahu|Focus Sash
|-damage|p2a: Lil Netanyahu|1/100
|-damage|p1a: Raging tank|91/100|[from] item: Life Orb
|
|-weather|none
|upkeep
|turn|17
|
|t:|1778515890
|move|p1a: Raging tank|Thunderclap||[still]
|-fail|p1a: Raging tank
|move|p2a: Lil Netanyahu|Shell Smash|p2a: Lil Netanyahu
|-unboost|p2a: Lil Netanyahu|def|1
|-unboost|p2a: Lil Netanyahu|spd|1
|-boost|p2a: Lil Netanyahu|atk|2
|-boost|p2a: Lil Netanyahu|spa|2
|-boost|p2a: Lil Netanyahu|spe|2
|
|upkeep
|turn|18
|
|t:|1778515893
|move|p1a: Raging tank|Thunderclap||[still]
|-fail|p1a: Raging tank
|move|p2a: Lil Netanyahu|Shell Smash|p2a: Lil Netanyahu
|-unboost|p2a: Lil Netanyahu|def|1
|-unboost|p2a: Lil Netanyahu|spd|1
|-boost|p2a: Lil Netanyahu|atk|2
|-boost|p2a: Lil Netanyahu|spa|2
|-boost|p2a: Lil Netanyahu|spe|2
|
|upkeep
|turn|19
|
|t:|1778515896
|move|p1a: Raging tank|Thunderclap||[still]
|-fail|p1a: Raging tank
|move|p2a: Lil Netanyahu|Shell Smash|p2a: Lil Netanyahu
|-unboost|p2a: Lil Netanyahu|def|1
|-unboost|p2a: Lil Netanyahu|spd|1
|-boost|p2a: Lil Netanyahu|atk|0
|-boost|p2a: Lil Netanyahu|spa|0
|-boost|p2a: Lil Netanyahu|spe|0
|
|upkeep
|turn|20
|
|t:|1778515901
|move|p1a: Raging tank|Thunderclap||[still]
|-fail|p1a: Raging tank
|move|p2a: Lil Netanyahu|Shell Smash|p2a: Lil Netanyahu
|-unboost|p2a: Lil Netanyahu|def|1
|-unboost|p2a: Lil Netanyahu|spd|1
|-boost|p2a: Lil Netanyahu|atk|0
|-boost|p2a: Lil Netanyahu|spa|0
|-boost|p2a: Lil Netanyahu|spe|0
|
|upkeep
|turn|21
|
|t:|1778515908
|move|p1a: Raging tank|Thunderclap||[still]
|-fail|p1a: Raging tank
|move|p2a: Lil Netanyahu|Shell Smash|p2a: Lil Netanyahu
|-unboost|p2a: Lil Netanyahu|def|1
|-unboost|p2a: Lil Netanyahu|spd|1
|-boost|p2a: Lil Netanyahu|atk|0
|-boost|p2a: Lil Netanyahu|spa|0
|-boost|p2a: Lil Netanyahu|spe|0
|
|upkeep
|turn|22
|
|t:|1778515915
|move|p1a: Raging tank|Thunderclap|p2a: Lil Netanyahu
|-damage|p2a: Lil Netanyahu|0 fnt
|faint|p2a: Lil Netanyahu
|-damage|p1a: Raging tank|81/100|[from] item: Life Orb
|
|upkeep
|
|t:|1778515919
|switch|p2a: Mr blue sky|Ambipom, M|31/100
|turn|23
|
|t:|1778515932
|-end|p1a: Raging tank|Protosynthesis|[silent]
|switch|p1a: Barraskewda|Barraskewda, F|48/100
|move|p2a: Mr blue sky|Fake Out|p1a: Barraskewda
|-damage|p1a: Barraskewda|1/100
|
|upkeep
|turn|24
|
|t:|1778515939
|move|p1a: Barraskewda|Liquidation|p2a: Mr blue sky
|-damage|p2a: Mr blue sky|0 fnt
|faint|p2a: Mr blue sky
|
|win|Drop a elo
|raw|Drop a elo's rating: 1082 &rarr; <strong>1112</strong><br />(+30 for winning)
|raw|Pelogrulla72's rating: 1106 &rarr; <strong>1079</strong><br />(-27 for losing)
|l|☆Pelogrulla72
|player|p2|
|l|☆Drop a elo
|player|p1|
