|html|<div class="broadcast-blue"><strong>[Gen 9] OU is currently suspecting Tera Blast! For information on how to participate check out the <a href="https://www.smogon.com/tools/suspects/view/200">suspect thread</a>.</strong></div>
|j|☆shimeng85
|j|☆peterraptor1
|t:|1776039636
|gametype|singles
|player|p1|shimeng85|266|1305
|player|p2|peterraptor1|lance|1340
|gen|9
|tier|[Gen 9] OU
|rated|
|rule|HP Percentage Mod: HP is shown in percentages
|rule|Endless Battle Clause: Forcing endless battles is banned
|rule|Species Clause: Limit one of each Pokémon
|rule|OHKO Clause: OHKO moves are banned
|rule|Evasion Items Clause: Evasion items are banned
|rule|Evasion Moves Clause: Evasion moves are banned
|rule|Evasion Abilities Clause: Evasion abilities are banned
|rule|Sleep Moves Clause: Sleep-inducing moves are banned
|clearpoke
|poke|p1|Mienshao, M|
|poke|p1|Blissey, F|
|poke|p1|Gengar, F|
|poke|p1|Slowbro, M|
|poke|p1|Krookodile, M|
|poke|p1|Talonflame, M|
|poke|p2|Ceruledge, M|
|poke|p2|Metagross|
|poke|p2|Gyarados, M|
|poke|p2|Serperior, M|
|poke|p2|Hitmonlee, M|
|poke|p2|Kingambit, M|
|teampreview
|inactive|Battle timer is ON: inactive players will automatically lose when time's up. (requested by peterraptor1)
|
|t:|1776039645
|teamsize|p1|6
|teamsize|p2|6
|start
|switch|p1a: Mienshao|Mienshao, M|100/100
|switch|p2a: Hitmonlee|Hitmonlee, M|100/100
|turn|1
|
|t:|1776039658
|move|p1a: Mienshao|Close Combat|p2a: Hitmonlee
|-damage|p2a: Hitmonlee|0 fnt
|-unboost|p1a: Mienshao|def|1
|-unboost|p1a: Mienshao|spd|1
|faint|p2a: Hitmonlee
|
|upkeep
|
|t:|1776039662
|switch|p2a: Gyarados|Gyarados, M, shiny|100/100
|turn|2
|
|t:|1776039669
|switch|p1a: Slowbro|Slowbro, M, shiny|100/100
|move|p2a: Gyarados|Scale Shot|p1a: Slowbro
|-damage|p1a: Slowbro|95/100
|-damage|p1a: Slowbro|89/100
|-damage|p1a: Slowbro|83/100
|-damage|p1a: Slowbro|78/100
|-hitcount|p1a: Slowbro|4
|-unboost|p2a: Gyarados|def|1
|-boost|p2a: Gyarados|spe|1
|
|upkeep
|turn|3
|
|t:|1776039679
|move|p2a: Gyarados|Dragon Dance|p2a: Gyarados
|-boost|p2a: Gyarados|atk|1
|-boost|p2a: Gyarados|spe|1
|move|p1a: Slowbro|Future Sight|p2a: Gyarados
|-start|p1a: Slowbro|move: Future Sight
|
|upkeep
|turn|4
|
|t:|1776039686
|move|p2a: Gyarados|Scale Shot|p1a: Slowbro
|-damage|p1a: Slowbro|71/100
|-damage|p1a: Slowbro|62/100
|-damage|p1a: Slowbro|53/100
|-damage|p1a: Slowbro|44/100
|-hitcount|p1a: Slowbro|4
|-unboost|p2a: Gyarados|def|1
|-boost|p2a: Gyarados|spe|1
|move|p1a: Slowbro|Body Press|p2a: Gyarados
|-resisted|p2a: Gyarados
|-damage|p2a: Gyarados|68/100
|
|upkeep
|turn|5
|
|t:|1776039695
|move|p2a: Gyarados|Scale Shot|p1a: Slowbro|[miss]
|-miss|p2a: Gyarados|p1a: Slowbro
|move|p1a: Slowbro|Body Press|p2a: Gyarados
|-resisted|p2a: Gyarados
|-damage|p2a: Gyarados|36/100
|
|-end|p2a: Gyarados|move: Future Sight
|-damage|p2a: Gyarados|0 fnt
|faint|p2a: Gyarados
|upkeep
|
|t:|1776039701
|switch|p2a: Serperior|Serperior, M, shiny|100/100
|turn|6
|
|t:|1776039705
|switch|p1a: Blissey|Blissey, F|100/100
|move|p2a: Serperior|Leaf Storm|p1a: Blissey
|-damage|p1a: Blissey|86/100
|-boost|p2a: Serperior|spa|2
|
|upkeep
|turn|7
|
|t:|1776039710
|move|p2a: Serperior|Leaf Storm|p1a: Blissey|[miss]
|-miss|p2a: Serperior|p1a: Blissey
|move|p1a: Blissey|Thunder Wave|p2a: Serperior
|-status|p2a: Serperior|par
|
|upkeep
|turn|8
|-message|peterraptor1 forfeited.
|
|win|shimeng85
|raw|shimeng85's rating: 1305 &rarr; <strong>1327</strong><br />(+22 for winning)
|raw|peterraptor1's rating: 1340 &rarr; <strong>1318</strong><br />(-22 for losing)
|l|☆peterraptor1
|player|p2|
|l|☆shimeng85
|player|p1|
