|html|<div class="broadcast-blue"><strong>[Gen 9] OU is currently suspecting Tera Blast! For information on how to participate check out the <a href="https://www.smogon.com/tools/suspects/view/200">suspect thread</a>.</strong></div>
|j|☆cachowcapow
|j|☆rblt_ovoleader
|t:|1776044569
|gametype|singles
|player|p1|cachowcapow|102|1408
|player|p2|rblt_ovoleader|169|1344
|gen|9
|tier|[Gen 9] OU
|rated|
|rule|HP Percentage Mod: HP is shown in percentages
|rule|Endless Battle Clause: Forcing endless battles is banned
|rule|Species Clause: Limit one of each Pokémon
|rule|OHKO Clause: OHKO moves are banned
|rule|Evasion Items Clause: Evasion items are banned
|rule|Evasion Moves Clause: Evasion moves are banned
|rule|Evasion Abilities Clause: Evasion abilities are banned
|rule|Sleep Moves Clause: Sleep-inducing moves are banned
|clearpoke
|poke|p1|Dragapult, F|
|poke|p1|Slither Wing|
|poke|p1|Maushold-Four|
|poke|p1|Mew|
|poke|p1|Weavile, M|
|poke|p1|Alomomola, M|
|poke|p2|Blaziken, M|
|poke|p2|Gholdengo|
|poke|p2|Grafaiai, M|
|poke|p2|Scizor, F|
|poke|p2|Ting-Lu|
|poke|p2|Crawdaunt, F|
|teampreview
|
|t:|1776044612
|teamsize|p1|6
|teamsize|p2|6
|start
|switch|p1a: Slither Wing|Slither Wing, shiny|100/100
|switch|p2a: Little Negro|Crawdaunt, F|100/100
|turn|1
|
|t:|1776044619
|switch|p2a: Grafaiai|Grafaiai, M|100/100
|move|p1a: Slither Wing|U-turn|p2a: Grafaiai
|-resisted|p2a: Grafaiai
|-damage|p2a: Grafaiai|71/100
|
|t:|1776044625
|-end|p1a: Slither Wing|Protosynthesis|[silent]
|switch|p1a: Weavile|Weavile, M|100/100|[from] U-turn
|
|upkeep
|turn|2
|
|t:|1776044630
|switch|p2a: Little Negro|Crawdaunt, F|100/100
|move|p1a: Weavile|Triple Axel|p2a: Little Negro
|-resisted|p2a: Little Negro
|-damage|p2a: Little Negro|89/100
|-resisted|p2a: Little Negro
|-damage|p2a: Little Negro|69/100
|-resisted|p2a: Little Negro
|-damage|p2a: Little Negro|37/100
|-hitcount|p2a: Little Negro|3
|
|upkeep
|turn|3
|
|t:|1776044640
|switch|p1a: Slither Wing|Slither Wing, shiny|100/100
|switch|p2a: Scizor|Scizor, F|100/100
|
|upkeep
|turn|4
|
|t:|1776044651
|switch|p2a: Blaziken|Blaziken, M|100/100
|move|p1a: Slither Wing|Will-O-Wisp|p2a: Blaziken
|-immune|p2a: Blaziken
|
|upkeep
|turn|5
|
|t:|1776044659
|move|p2a: Blaziken|Swords Dance|p2a: Blaziken
|-boost|p2a: Blaziken|atk|2
|move|p1a: Slither Wing|U-turn|p2a: Blaziken
|-resisted|p2a: Blaziken
|-damage|p2a: Blaziken|88/100
|
|t:|1776044665
|-end|p1a: Slither Wing|Protosynthesis|[silent]
|switch|p1a: Dragapult|Dragapult, F|100/100|[from] U-turn
|
|-ability|p2a: Blaziken|Speed Boost|boost
|-boost|p2a: Blaziken|spe|1
|upkeep
|turn|6
|
|t:|1776044672
|move|p2a: Blaziken|Protect|p2a: Blaziken
|-singleturn|p2a: Blaziken|Protect
|move|p1a: Dragapult|Thunder Wave|p2a: Blaziken
|-activate|p2a: Blaziken|move: Protect
|
|-ability|p2a: Blaziken|Speed Boost|boost
|-boost|p2a: Blaziken|spe|1
|upkeep
|turn|7
|
|t:|1776044724
|switch|p2a: Ting-Lu|Ting-Lu|100/100
|-ability|p2a: Ting-Lu|Vessel of Ruin
|move|p1a: Dragapult|Hex|p2a: Ting-Lu
|-resisted|p2a: Ting-Lu
|-damage|p2a: Ting-Lu|94/100
|
|-heal|p2a: Ting-Lu|100/100|[from] item: Leftovers
|upkeep
|turn|8
|
|t:|1776044736
|move|p1a: Dragapult|U-turn|p2a: Ting-Lu
|-supereffective|p2a: Ting-Lu
|-damage|p2a: Ting-Lu|81/100
|
|t:|1776044738
|switch|p1a: Maushold|Maushold-Four|100/100|[from] U-turn
|move|p2a: Ting-Lu|Stealth Rock|p1a: Maushold
|-sidestart|p1: cachowcapow|move: Stealth Rock
|
|-heal|p2a: Ting-Lu|88/100|[from] item: Leftovers
|upkeep
|turn|9
|
|t:|1776044748
|move|p1a: Maushold|Encore|p2a: Ting-Lu
|-start|p2a: Ting-Lu|Encore
|move|p2a: Ting-Lu|Stealth Rock||[still]
|-fail|p2a: Ting-Lu
|
|-heal|p2a: Ting-Lu|94/100|[from] item: Leftovers
|upkeep
|turn|10
|
|t:|1776044752
|switch|p2a: Grafaiai|Grafaiai, M|71/100
|move|p1a: Maushold|Tidy Up|p1a: Maushold
|-sideend|p1: cachowcapow|Stealth Rock
|-activate|p1a: Maushold|move: Tidy Up
|-boost|p1a: Maushold|atk|1
|-boost|p1a: Maushold|spe|1
|
|upkeep
|turn|11
|
|t:|1776044757
|move|p2a: Grafaiai|Encore|p1a: Maushold
|-start|p1a: Maushold|Encore
|move|p1a: Maushold|Tidy Up|p1a: Maushold
|-boost|p1a: Maushold|atk|1
|-boost|p1a: Maushold|spe|1
|
|upkeep
|turn|12
|
|t:|1776044762
|move|p1a: Maushold|Tidy Up|p1a: Maushold
|-boost|p1a: Maushold|atk|1
|-boost|p1a: Maushold|spe|1
|move|p2a: Grafaiai|Gunk Shot|p1a: Maushold|[miss]
|-miss|p2a: Grafaiai|p1a: Maushold
|
|upkeep
|turn|13
|
|t:|1776044767
|switch|p1a: Slither Wing|Slither Wing, shiny|100/100
|move|p2a: Grafaiai|Gunk Shot|p1a: Slither Wing
|-damage|p1a: Slither Wing|56/100
|
|upkeep
|turn|14
|inactive|Battle timer is ON: inactive players will automatically lose when time's up. (requested by rblt_ovoleader)
|
|t:|1776044774
|move|p2a: Grafaiai|Parting Shot|p1a: Slither Wing
|-unboost|p1a: Slither Wing|atk|1
|-unboost|p1a: Slither Wing|spa|1
|
|t:|1776044782
|switch|p2a: Blaziken|Blaziken, M|88/100|[from] Parting Shot
|move|p1a: Slither Wing|U-turn|p2a: Blaziken
|-resisted|p2a: Blaziken
|-damage|p2a: Blaziken|81/100
|
|t:|1776044799
|-end|p1a: Slither Wing|Protosynthesis|[silent]
|switch|p1a: Maushold|Maushold-Four|100/100|[from] U-turn
|
|upkeep
|turn|15
|
|t:|1776044811
|switch|p2a: Grafaiai|Grafaiai, M|71/100
|move|p1a: Maushold|Population Bomb|p2a: Grafaiai
|-damage|p2a: Grafaiai|52/100
|-damage|p2a: Grafaiai|33/100
|-damage|p2a: Grafaiai|13/100
|-damage|p2a: Grafaiai|0 fnt
|faint|p2a: Grafaiai
|-hitcount|p2: Grafaiai|4
|
|upkeep
|
|t:|1776044819
|switch|p2a: Scizor|Scizor, F|100/100
|turn|16
|
|t:|1776044824
|switch|p1a: Alomomola|Alomomola, M|100/100
|move|p2a: Scizor|Swords Dance|p2a: Scizor
|-boost|p2a: Scizor|atk|2
|
|upkeep
|turn|17
|
|t:|1776044827
|move|p2a: Scizor|U-turn|p1a: Alomomola
|-damage|p1a: Alomomola|32/100
|-damage|p2a: Scizor|91/100|[from] item: Life Orb
|
|t:|1776044832
|switch|p2a: Little Negro|Crawdaunt, F|37/100|[from] U-turn
|move|p1a: Alomomola|Flip Turn|p2a: Little Negro
|-resisted|p2a: Little Negro
|-damage|p2a: Little Negro|24/100
|
|t:|1776044843
|switch|p1a: Slither Wing|Slither Wing, shiny|56/100|[from] Flip Turn
|
|upkeep
|turn|18
|
|t:|1776044848
|switch|p2a: Blaziken|Blaziken, M|81/100
|move|p1a: Slither Wing|U-turn|p2a: Blaziken
|-resisted|p2a: Blaziken
|-damage|p2a: Blaziken|69/100
|
|t:|1776044855
|-end|p1a: Slither Wing|Protosynthesis|[silent]
|switch|p1a: Maushold|Maushold-Four|100/100|[from] U-turn
|
|upkeep
|turn|19
|
|t:|1776044859
|switch|p2a: Gholdengo|Gholdengo|100/100
|-item|p2a: Gholdengo|Air Balloon
|move|p1a: Maushold|Population Bomb|p2a: Gholdengo
|-immune|p2a: Gholdengo
|
|upkeep
|turn|20
|
|t:|1776044866
|switch|p1a: Alomomola|Alomomola, M|66/100
|move|p2a: Gholdengo|Make It Rain|p1a: Alomomola
|-resisted|p1a: Alomomola
|-damage|p1a: Alomomola|49/100
|-unboost|p2a: Gholdengo|spa|1
|
|upkeep
|turn|21
|
|t:|1776044877
|switch|p2a: Scizor|Scizor, F|91/100
|move|p1a: Alomomola|Flip Turn|p2a: Scizor
|-damage|p2a: Scizor|70/100
|
|t:|1776044893
|switch|p1a: Slither Wing|Slither Wing, shiny|56/100|[from] Flip Turn
|
|upkeep
|turn|22
|
|t:|1776044921
|move|p2a: Scizor|Bullet Punch|p1a: Slither Wing
|-damage|p1a: Slither Wing|24/100
|-damage|p2a: Scizor|54/100|[from] item: Rocky Helmet|[of] p1a: Slither Wing
|-damage|p2a: Scizor|44/100|[from] item: Life Orb
|move|p1a: Slither Wing|U-turn|p2a: Scizor
|-resisted|p2a: Scizor
|-damage|p2a: Scizor|26/100
|
|t:|1776044927
|-end|p1a: Slither Wing|Protosynthesis|[silent]
|switch|p1a: Alomomola|Alomomola, M|82/100|[from] U-turn
|
|upkeep
|turn|23
|
|t:|1776044935
|move|p2a: Scizor|U-turn|p1a: Alomomola
|-damage|p1a: Alomomola|48/100
|-damage|p2a: Scizor|17/100|[from] item: Life Orb
|
|t:|1776044943
|switch|p2a: Little Negro|Crawdaunt, F|24/100|[from] U-turn
|move|p1a: Alomomola|Flip Turn|p2a: Little Negro
|-resisted|p2a: Little Negro
|-damage|p2a: Little Negro|13/100
|
|t:|1776044960
|switch|p1a: Slither Wing|Slither Wing, shiny|24/100|[from] Flip Turn
|
|upkeep
|turn|24
|
|t:|1776044963
|move|p2a: Little Negro|Aqua Jet|p1a: Slither Wing
|-crit|p1a: Slither Wing
|-damage|p1a: Slither Wing|0 fnt
|-damage|p2a: Little Negro|0 fnt|[from] item: Rocky Helmet|[of] p1a: Slither Wing
|faint|p1a: Slither Wing
|-end|p1a: Slither Wing|Protosynthesis|[silent]
|faint|p2a: Little Negro
|
|upkeep
|
|t:|1776044980
|switch|p2a: Scizor|Scizor, F|17/100
|switch|p1a: Weavile|Weavile, M|100/100
|turn|25
|
|t:|1776045001
|switch|p1a: Mew|Mew|100/100
|move|p2a: Scizor|Bullet Punch|p1a: Mew
|-damage|p1a: Mew|74/100
|-damage|p2a: Scizor|7/100|[from] item: Life Orb
|
|upkeep
|turn|26
|
|t:|1776045008
|move|p1a: Mew|Stored Power|p2a: Scizor
|-resisted|p2a: Scizor
|-damage|p2a: Scizor|1/100
|move|p2a: Scizor|U-turn|p1a: Mew
|-supereffective|p1a: Mew
|-damage|p1a: Mew|10/100
|-enditem|p1a: Mew|Weakness Policy
|-boost|p1a: Mew|atk|2|[from] item: Weakness Policy
|-boost|p1a: Mew|spa|2|[from] item: Weakness Policy
|-damage|p2a: Scizor|0 fnt|[from] item: Life Orb
|faint|p2a: Scizor
|
|upkeep
|
|t:|1776045025
|switch|p2a: Blaziken|Blaziken, M|69/100
|turn|27
|
|t:|1776045031
|move|p2a: Blaziken|Protect|p2a: Blaziken
|-singleturn|p2a: Blaziken|Protect
|move|p1a: Mew|Agility|p1a: Mew
|-boost|p1a: Mew|spe|2
|
|-ability|p2a: Blaziken|Speed Boost|boost
|-boost|p2a: Blaziken|spe|1
|upkeep
|turn|28
|
|t:|1776045042
|move|p2a: Blaziken|Protect|p2a: Blaziken
|-singleturn|p2a: Blaziken|Protect
|move|p1a: Mew|Stored Power|p2a: Blaziken
|-activate|p2a: Blaziken|move: Protect
|
|-ability|p2a: Blaziken|Speed Boost|boost
|-boost|p2a: Blaziken|spe|1
|upkeep
|turn|29
|
|t:|1776045049
|move|p2a: Blaziken|Blaze Kick|p1a: Mew
|-damage|p1a: Mew|0 fnt
|faint|p1a: Mew
|
|-ability|p2a: Blaziken|Speed Boost|boost
|-boost|p2a: Blaziken|spe|1
|upkeep
|
|t:|1776045060
|switch|p1a: Alomomola|Alomomola, M|81/100
|turn|30
|
|t:|1776045086
|switch|p2a: Ting-Lu|Ting-Lu|94/100
|-ability|p2a: Ting-Lu|Vessel of Ruin
|move|p1a: Alomomola|Flip Turn|p2a: Ting-Lu
|-supereffective|p2a: Ting-Lu
|-damage|p2a: Ting-Lu|76/100
|
|t:|1776045104
|switch|p1a: Maushold|Maushold-Four|100/100|[from] Flip Turn
|
|-heal|p2a: Ting-Lu|83/100|[from] item: Leftovers
|upkeep
|turn|31
|
|t:|1776045109
|switch|p2a: Gholdengo|Gholdengo|100/100
|-item|p2a: Gholdengo|Air Balloon
|move|p1a: Maushold|Tidy Up|p1a: Maushold
|-boost|p1a: Maushold|atk|1
|-boost|p1a: Maushold|spe|1
|
|upkeep
|turn|32
|
|t:|1776045130
|-terastallize|p2a: Gholdengo|Steel
|move|p1a: Maushold|Bite|p2a: Gholdengo
|-damage|p2a: Gholdengo|65/100
|-enditem|p2a: Gholdengo|Air Balloon
|move|p2a: Gholdengo|Make It Rain|p1a: Maushold
|-damage|p1a: Maushold|0 fnt
|-unboost|p2a: Gholdengo|spa|1
|faint|p1a: Maushold
|
|upkeep
|
|t:|1776045146
|switch|p1a: Alomomola|Alomomola, M|100/100
|turn|33
|
|t:|1776045155
|move|p2a: Gholdengo|Recover|p2a: Gholdengo
|-heal|p2a: Gholdengo|100/100
|move|p1a: Alomomola|Flip Turn|p2a: Gholdengo
|-damage|p2a: Gholdengo|81/100
|
|t:|1776045161
|switch|p1a: Weavile|Weavile, M|100/100|[from] Flip Turn
|
|upkeep
|turn|34
|
|t:|1776045170
|move|p1a: Weavile|Knock Off|p2a: Gholdengo
|-damage|p2a: Gholdengo|29/100
|move|p2a: Gholdengo|Make It Rain|p1a: Weavile
|-supereffective|p1a: Weavile
|-damage|p1a: Weavile|0 fnt
|-unboost|p2a: Gholdengo|spa|1
|faint|p1a: Weavile
|
|upkeep
|
|t:|1776045179
|switch|p1a: Dragapult|Dragapult, F|100/100
|turn|35
|
|t:|1776045182
|switch|p2a: Ting-Lu|Ting-Lu|83/100
|-ability|p2a: Ting-Lu|Vessel of Ruin
|move|p1a: Dragapult|Hex|p2a: Ting-Lu
|-resisted|p2a: Ting-Lu
|-damage|p2a: Ting-Lu|77/100
|
|-heal|p2a: Ting-Lu|83/100|[from] item: Leftovers
|upkeep
|turn|36
|-message|cachowcapow forfeited.
|
|win|rblt_ovoleader
|raw|cachowcapow's rating: 1408 &rarr; <strong>1384</strong><br />(-24 for losing)
|raw|rblt_ovoleader's rating: 1344 &rarr; <strong>1368</strong><br />(+24 for winning)
|l|☆cachowcapow
|player|p1|
