|html|<div class="broadcast-blue"><strong>[Gen 9] OU is currently suspecting Tera Blast! For information on how to participate check out the <a href="https://www.smogon.com/tools/suspects/view/200">suspect thread</a>.</strong></div>
|j|☆Anondree
|j|☆cambi fever
|t:|1776039212
|gametype|singles
|player|p1|Anondree|101|1514
|player|p2|cambi fever|blackbelt-gen4|1469
|gen|9
|tier|[Gen 9] OU
|rated|
|rule|HP Percentage Mod: HP is shown in percentages
|rule|Endless Battle Clause: Forcing endless battles is banned
|rule|Species Clause: Limit one of each Pokémon
|rule|OHKO Clause: OHKO moves are banned
|rule|Evasion Items Clause: Evasion items are banned
|rule|Evasion Moves Clause: Evasion moves are banned
|rule|Evasion Abilities Clause: Evasion abilities are banned
|rule|Sleep Moves Clause: Sleep-inducing moves are banned
|clearpoke
|poke|p1|Goodra-Hisui, F|
|poke|p1|Samurott-Hisui, M|
|poke|p1|Ting-Lu|
|poke|p1|Dragapult, M|
|poke|p1|Weezing-Galar, F|
|poke|p1|Ditto|
|poke|p2|Pelipper, M|
|poke|p2|Iron Treads|
|poke|p2|Hatterene, F|
|poke|p2|Toxicroak, F|
|poke|p2|Barraskewda, F|
|poke|p2|Kyurem|
|teampreview
|
|t:|1776039222
|teamsize|p1|6
|teamsize|p2|6
|start
|switch|p1a: Samurott|Samurott-Hisui, M|100/100
|switch|p2a: Pelipper|Pelipper, M, shiny|100/100
|-weather|RainDance|[from] ability: Drizzle|[of] p2a: Pelipper
|turn|1
|
|t:|1776039228
|switch|p2a: Toxicroak|Toxicroak, F, shiny|100/100
|move|p1a: Samurott|Ceaseless Edge|p2a: Toxicroak
|-resisted|p2a: Toxicroak
|-damage|p2a: Toxicroak|81/100
|-damage|p1a: Samurott|84/100|[from] item: Rocky Helmet|[of] p2a: Toxicroak
|-sidestart|p2: cambi fever|Spikes
|
|-weather|RainDance|[upkeep]
|-heal|p2a: Toxicroak|93/100|[from] ability: Dry Skin
|upkeep
|turn|2
|
|t:|1776039235
|switch|p1a: Weezing|Weezing-Galar, F, shiny|100/100
|move|p2a: Toxicroak|Toxic|p1a: Weezing
|-immune|p1a: Weezing
|
|-weather|RainDance|[upkeep]
|-heal|p2a: Toxicroak|100/100|[from] ability: Dry Skin
|upkeep
|turn|3
|
|t:|1776039241
|move|p2a: Toxicroak|Knock Off|p1a: Weezing
|-resisted|p1a: Weezing
|-damage|p1a: Weezing|92/100
|-damage|p2a: Toxicroak|84/100|[from] item: Rocky Helmet|[of] p1a: Weezing
|-enditem|p1a: Weezing|Rocky Helmet|[from] move: Knock Off|[of] p2a: Toxicroak
|move|p1a: Weezing|Will-O-Wisp|p2a: Toxicroak
|-status|p2a: Toxicroak|brn
|
|-weather|RainDance|[upkeep]
|-heal|p2a: Toxicroak|96/100 brn|[from] ability: Dry Skin
|-damage|p2a: Toxicroak|90/100 brn|[from] brn
|upkeep
|turn|4
|
|t:|1776039248
|move|p2a: Toxicroak|Encore|p1a: Weezing
|-start|p1a: Weezing|Encore
|move|p1a: Weezing|Will-O-Wisp|p2a: Toxicroak
|-fail|p2a: Toxicroak|brn
|
|-weather|RainDance|[upkeep]
|-heal|p2a: Toxicroak|100/100 brn|[from] ability: Dry Skin
|-damage|p2a: Toxicroak|94/100 brn|[from] brn
|upkeep
|turn|5
|
|t:|1776039259
|move|p2a: Toxicroak|Toxic|p1a: Weezing
|-immune|p1a: Weezing
|move|p1a: Weezing|Will-O-Wisp|p2a: Toxicroak
|-fail|p2a: Toxicroak|brn
|
|-weather|RainDance|[upkeep]
|-heal|p2a: Toxicroak|100/100 brn|[from] ability: Dry Skin
|-damage|p2a: Toxicroak|94/100 brn|[from] brn
|upkeep
|turn|6
|
|t:|1776039265
|switch|p1a: Goodra|Goodra-Hisui, F|100/100
|move|p2a: Toxicroak|Knock Off|p1a: Goodra
|-damage|p1a: Goodra|89/100
|-enditem|p1a: Goodra|Leftovers|[from] move: Knock Off|[of] p2a: Toxicroak
|
|-weather|RainDance|[upkeep]
|-heal|p2a: Toxicroak|100/100 brn|[from] ability: Dry Skin
|-damage|p2a: Toxicroak|94/100 brn|[from] brn
|upkeep
|turn|7
|
|t:|1776039286
|switch|p2a: Iron Treads|Iron Treads|100/100
|-damage|p2a: Iron Treads|88/100|[from] Spikes
|-terastallize|p1a: Goodra|Water
|move|p1a: Goodra|Dragon Tail|p2a: Iron Treads
|-resisted|p2a: Iron Treads
|-damage|p2a: Iron Treads|80/100
|-end|p2a: Iron Treads|Quark Drive|[silent]
|drag|p2a: Toxicroak|Toxicroak, F, shiny|94/100 brn
|-damage|p2a: Toxicroak|82/100 brn|[from] Spikes
|
|-weather|RainDance|[upkeep]
|-heal|p2a: Toxicroak|94/100 brn|[from] ability: Dry Skin
|-damage|p2a: Toxicroak|88/100 brn|[from] brn
|upkeep
|turn|8
|
|t:|1776039297
|move|p2a: Toxicroak|Encore|p1a: Goodra
|-start|p1a: Goodra|Encore
|move|p1a: Goodra|Dragon Tail|p2a: Toxicroak
|-damage|p2a: Toxicroak|69/100 brn
|-damage|p1a: Goodra|73/100|[from] item: Rocky Helmet|[of] p2a: Toxicroak
|drag|p2a: Kyurem|Kyurem|100/100
|-damage|p2a: Kyurem|88/100|[from] Spikes
|-ability|p2a: Kyurem|Pressure
|
|-weather|none
|upkeep
|turn|9
|
|t:|1776039308
|switch|p1a: Weezing|Weezing-Galar, F, shiny|92/100
|move|p2a: Kyurem|Freeze-Dry|p1a: Weezing
|-damage|p1a: Weezing|27/100
|
|upkeep
|turn|10
|
|t:|1776039310
|move|p2a: Kyurem|Freeze-Dry|p1a: Weezing
|-damage|p1a: Weezing|0 fnt
|faint|p1a: Weezing
|
|upkeep
|
|t:|1776039314
|switch|p1a: Dragapult|Dragapult, M|100/100
|turn|11
|
|t:|1776039320
|-terastallize|p2a: Kyurem|Ice
|move|p1a: Dragapult|Substitute|p1a: Dragapult
|-start|p1a: Dragapult|Substitute
|-damage|p1a: Dragapult|76/100
|move|p2a: Kyurem|Freeze-Dry|p1a: Dragapult
|-supereffective|p1a: Dragapult
|-crit|p1a: Dragapult
|-end|p1a: Dragapult|Substitute
|
|upkeep
|turn|12
|
|t:|1776039327
|move|p1a: Dragapult|Thunder Wave|p2a: Kyurem
|-status|p2a: Kyurem|par
|cant|p2a: Kyurem|par
|
|upkeep
|turn|13
|
|t:|1776039340
|move|p1a: Dragapult|Substitute|p1a: Dragapult
|-start|p1a: Dragapult|Substitute
|-damage|p1a: Dragapult|51/100
|cant|p2a: Kyurem|par
|
|upkeep
|turn|14
|
|t:|1776039346
|switch|p2a: Pelipper|Pelipper, M, shiny|100/100
|-weather|RainDance|[from] ability: Drizzle|[of] p2a: Pelipper
|move|p1a: Dragapult|Hex|p2a: Pelipper
|-damage|p2a: Pelipper|70/100
|
|-weather|RainDance|[upkeep]
|upkeep
|turn|15
|
|t:|1776039351
|move|p1a: Dragapult|Hex|p2a: Pelipper
|-damage|p2a: Pelipper|39/100
|move|p2a: Pelipper|U-turn|p1a: Dragapult
|-resisted|p1a: Dragapult
|-activate|p1a: Dragapult|move: Substitute|[damage]
|
|t:|1776039355
|switch|p2a: Barraskewda|Barraskewda, F, shiny|100/100|[from] U-turn
|-damage|p2a: Barraskewda|88/100|[from] Spikes
|
|-weather|RainDance|[upkeep]
|upkeep
|turn|16
|
|t:|1776039360
|move|p2a: Barraskewda|Flip Turn|p1a: Dragapult
|-resisted|p1a: Dragapult
|-end|p1a: Dragapult|Substitute
|
|t:|1776039363
|switch|p2a: Hatterene|Hatterene, F, shiny|100/100|[from] Flip Turn
|-damage|p2a: Hatterene|88/100|[from] Spikes
|move|p1a: Dragapult|Will-O-Wisp|p2a: Hatterene
|move|p2a: Hatterene|Will-O-Wisp|p1a: Dragapult|[from] ability: Magic Bounce
|-status|p1a: Dragapult|brn
|
|-weather|RainDance|[upkeep]
|-damage|p1a: Dragapult|45/100 brn|[from] brn
|upkeep
|turn|17
|
|t:|1776039374
|switch|p1a: Ting-Lu|Ting-Lu|100/100
|-ability|p1a: Ting-Lu|Vessel of Ruin
|move|p2a: Hatterene|Psychic Noise|p1a: Ting-Lu
|-immune|p1a: Ting-Lu
|
|-weather|RainDance|[upkeep]
|upkeep
|turn|18
|
|t:|1776039380
|move|p1a: Ting-Lu|Sand Tomb|p2a: Hatterene
|-damage|p2a: Hatterene|78/100
|-activate|p2a: Hatterene|move: Sand Tomb|[of] p1a: Ting-Lu
|-enditem|p2a: Hatterene|Eject Button
|
|t:|1776039384
|switch|p2a: Barraskewda|Barraskewda, F, shiny|88/100
|-damage|p2a: Barraskewda|76/100|[from] Spikes
|
|-weather|RainDance|[upkeep]
|upkeep
|turn|19
|
|t:|1776039388
|switch|p1a: Dragapult|Dragapult, M|45/100 brn
|move|p2a: Barraskewda|Liquidation|p1a: Dragapult
|-resisted|p1a: Dragapult
|-damage|p1a: Dragapult|0 fnt
|faint|p1a: Dragapult
|
|-weather|RainDance|[upkeep]
|upkeep
|
|t:|1776039391
|switch|p1a: Ditto|Ditto, shiny|100/100
|-transform|p1a: Ditto|p2a: Barraskewda|[from] ability: Imposter
|turn|20
|
|t:|1776039396
|switch|p2a: Toxicroak|Toxicroak, F, shiny|69/100 brn
|-damage|p2a: Toxicroak|57/100 brn|[from] Spikes
|move|p1a: Ditto|Close Combat|p2a: Toxicroak
|-resisted|p2a: Toxicroak
|-damage|p2a: Toxicroak|37/100 brn
|-unboost|p1a: Ditto|def|1
|-unboost|p1a: Ditto|spd|1
|-damage|p1a: Ditto|84/100|[from] item: Rocky Helmet|[of] p2a: Toxicroak
|
|-weather|RainDance|[upkeep]
|-heal|p2a: Toxicroak|49/100 brn|[from] ability: Dry Skin
|-damage|p2a: Toxicroak|43/100 brn|[from] brn
|upkeep
|turn|21
|
|t:|1776039414
|switch|p1a: Ting-Lu|Ting-Lu|100/100
|-ability|p1a: Ting-Lu|Vessel of Ruin
|move|p2a: Toxicroak|Toxic|p1a: Ting-Lu
|-status|p1a: Ting-Lu|tox
|
|-weather|none
|-damage|p1a: Ting-Lu|94/100 tox|[from] psn
|-damage|p2a: Toxicroak|37/100 brn|[from] brn
|upkeep
|turn|22
|
|t:|1776039418
|switch|p2a: Hatterene|Hatterene, F, shiny|78/100
|-damage|p2a: Hatterene|65/100|[from] Spikes
|move|p1a: Ting-Lu|Stealth Rock|p2a: Hatterene
|move|p2a: Hatterene|Stealth Rock|p1a: Ting-Lu|[from] ability: Magic Bounce
|-sidestart|p1: Anondree|move: Stealth Rock
|
|-heal|p1a: Ting-Lu|100/100 tox|[from] item: Leftovers
|-damage|p1a: Ting-Lu|88/100 tox|[from] psn
|upkeep
|turn|23
|
|t:|1776039426
|move|p1a: Ting-Lu|Sand Tomb|p2a: Hatterene
|-damage|p2a: Hatterene|55/100
|-activate|p2a: Hatterene|move: Sand Tomb|[of] p1a: Ting-Lu
|move|p2a: Hatterene|Healing Wish|p2a: Hatterene
|faint|p2a: Hatterene
|
|-heal|p1a: Ting-Lu|94/100 tox|[from] item: Leftovers
|-damage|p1a: Ting-Lu|76/100 tox|[from] psn
|upkeep
|
|t:|1776039435
|switch|p2a: Toxicroak|Toxicroak, F, shiny|37/100 brn
|-heal|p2a: Toxicroak|100/100|[from] move: Healing Wish
|-damage|p2a: Toxicroak|88/100|[from] Spikes
|turn|24
|
|t:|1776039437
|switch|p2a: Pelipper|Pelipper, M, shiny|39/100
|-weather|RainDance|[from] ability: Drizzle|[of] p2a: Pelipper
|move|p1a: Ting-Lu|Stealth Rock|p2a: Pelipper
|-sidestart|p2: cambi fever|move: Stealth Rock
|
|-weather|RainDance|[upkeep]
|-heal|p1a: Ting-Lu|82/100 tox|[from] item: Leftovers
|-damage|p1a: Ting-Lu|57/100 tox|[from] psn
|upkeep
|turn|25
|
|t:|1776039445
|move|p2a: Pelipper|U-turn|p1a: Ting-Lu
|-supereffective|p1a: Ting-Lu
|-damage|p1a: Ting-Lu|48/100 tox
|
|t:|1776039448
|switch|p2a: Iron Treads|Iron Treads|80/100|[from] U-turn
|-damage|p2a: Iron Treads|68/100|[from] Spikes
|-damage|p2a: Iron Treads|65/100|[from] Stealth Rock
|move|p1a: Ting-Lu|Whirlwind|p2a: Iron Treads
|-end|p2a: Iron Treads|Quark Drive|[silent]
|drag|p2a: Toxicroak|Toxicroak, F, shiny|88/100
|-damage|p2a: Toxicroak|76/100|[from] Spikes
|-damage|p2a: Toxicroak|69/100|[from] Stealth Rock
|
|-weather|RainDance|[upkeep]
|-heal|p2a: Toxicroak|82/100|[from] ability: Dry Skin
|-heal|p1a: Ting-Lu|54/100 tox|[from] item: Leftovers
|-damage|p1a: Ting-Lu|23/100 tox|[from] psn
|upkeep
|turn|26
|inactive|Battle timer is ON: inactive players will automatically lose when time's up. (requested by Anondree)
|
|t:|1776039452
|move|p2a: Toxicroak|Drain Punch|p1a: Ting-Lu
|-supereffective|p1a: Ting-Lu
|-damage|p1a: Ting-Lu|0 fnt
|-heal|p2a: Toxicroak|98/100|[from] drain|[of] p1a: Ting-Lu
|faint|p1a: Ting-Lu
|
|-weather|RainDance|[upkeep]
|-heal|p2a: Toxicroak|100/100|[from] ability: Dry Skin
|upkeep
|
|t:|1776039456
|switch|p1a: Samurott|Samurott-Hisui, M|84/100
|-damage|p1a: Samurott|72/100|[from] Stealth Rock
|turn|27
|
|t:|1776039460
|move|p1a: Samurott|Ceaseless Edge|p2a: Toxicroak
|-resisted|p2a: Toxicroak
|-damage|p2a: Toxicroak|83/100
|-damage|p1a: Samurott|55/100|[from] item: Rocky Helmet|[of] p2a: Toxicroak
|-sidestart|p2: cambi fever|Spikes
|move|p2a: Toxicroak|Drain Punch|p1a: Samurott
|-supereffective|p1a: Samurott
|-damage|p1a: Samurott|0 fnt
|-heal|p2a: Toxicroak|100/100|[from] drain|[of] p1a: Samurott
|faint|p1a: Samurott
|
|-weather|RainDance|[upkeep]
|upkeep
|
|t:|1776039464
|switch|p1a: Ditto|Ditto, shiny|84/100
|-damage|p1a: Ditto|71/100|[from] Stealth Rock
|-transform|p1a: Ditto|p2a: Toxicroak|[from] ability: Imposter
|turn|28
|
|t:|1776039484
|move|p1a: Ditto|Encore|p2a: Toxicroak
|-start|p2a: Toxicroak|Encore
|move|p2a: Toxicroak|Drain Punch|p1a: Ditto
|-resisted|p1a: Ditto
|-damage|p1a: Ditto|57/100
|
|-weather|RainDance|[upkeep]
|-heal|p1a: Ditto|70/100|[from] ability: Dry Skin
|upkeep
|turn|29
|
|t:|1776039493
|switch|p1a: Goodra|Goodra-Hisui, F, tera:Water|73/100
|-damage|p1a: Goodra|60/100|[from] Stealth Rock
|switch|p2a: Iron Treads|Iron Treads|65/100
|-damage|p2a: Iron Treads|48/100|[from] Spikes
|-damage|p2a: Iron Treads|45/100|[from] Stealth Rock
|
|-weather|RainDance|[upkeep]
|-heal|p2a: Iron Treads|51/100|[from] item: Leftovers
|upkeep
|turn|30
|
|t:|1776039496
|move|p2a: Iron Treads|Rapid Spin|p1a: Goodra
|-damage|p1a: Goodra|49/100
|-boost|p2a: Iron Treads|spe|1
|-sideend|p2: cambi fever|Spikes|[from] move: Rapid Spin|[of] p2a: Iron Treads
|-sideend|p2: cambi fever|Stealth Rock|[from] move: Rapid Spin|[of] p2a: Iron Treads
|move|p1a: Goodra|Curse|p1a: Goodra
|-unboost|p1a: Goodra|spe|1
|-boost|p1a: Goodra|atk|1
|-boost|p1a: Goodra|def|1
|
|-weather|RainDance|[upkeep]
|-heal|p2a: Iron Treads|57/100|[from] item: Leftovers
|upkeep
|turn|31
|
|t:|1776039502
|move|p2a: Iron Treads|Volt Switch|p1a: Goodra
|-supereffective|p1a: Goodra
|-damage|p1a: Goodra|36/100
|
|t:|1776039505
|-end|p2a: Iron Treads|Quark Drive|[silent]
|switch|p2a: Toxicroak|Toxicroak, F, shiny|100/100|[from] Volt Switch
|move|p1a: Goodra|Rest|p1a: Goodra
|-status|p1a: Goodra|slp|[from] move: Rest
|-heal|p1a: Goodra|100/100 slp|[silent]
|
|-weather|none
|upkeep
|turn|32
|
|t:|1776039510
|switch|p1a: Ditto|Ditto, shiny|70/100
|-damage|p1a: Ditto|57/100|[from] Stealth Rock
|-transform|p1a: Ditto|p2a: Toxicroak|[from] ability: Imposter
|move|p2a: Toxicroak|Encore||[still]
|-fail|p2a: Toxicroak
|
|upkeep
|turn|33
|
|t:|1776039518
|move|p1a: Ditto|Knock Off|p2a: Toxicroak
|-resisted|p2a: Toxicroak
|-damage|p2a: Toxicroak|91/100
|-damage|p1a: Ditto|41/100|[from] item: Rocky Helmet|[of] p2a: Toxicroak
|-enditem|p2a: Toxicroak|Rocky Helmet|[from] move: Knock Off|[of] p1a: Ditto
|move|p2a: Toxicroak|Drain Punch|p1a: Ditto
|-resisted|p1a: Ditto
|-damage|p1a: Ditto|27/100
|-heal|p2a: Toxicroak|97/100|[from] drain|[of] p1a: Ditto
|
|upkeep
|turn|34
|
|t:|1776039532
|switch|p1a: Goodra|Goodra-Hisui, F, tera:Water|100/100 slp
|-damage|p1a: Goodra|88/100 slp|[from] Stealth Rock
|switch|p2a: Pelipper|Pelipper, M, shiny|39/100
|-weather|RainDance|[from] ability: Drizzle|[of] p2a: Pelipper
|
|-weather|RainDance|[upkeep]
|upkeep
|turn|35
|
|t:|1776039537
|cant|p1a: Goodra|slp
|move|p2a: Pelipper|U-turn|p1a: Goodra
|-damage|p1a: Goodra|79/100 slp
|
|t:|1776039539
|switch|p2a: Kyurem|Kyurem, tera:Ice|88/100 par|[from] U-turn
|-ability|p2a: Kyurem|Pressure
|
|-weather|RainDance|[upkeep]
|upkeep
|turn|36
|
|t:|1776039543
|move|p2a: Kyurem|Freeze-Dry|p1a: Goodra
|-supereffective|p1a: Goodra
|-damage|p1a: Goodra|0 fnt
|faint|p1a: Goodra
|
|-weather|RainDance|[upkeep]
|upkeep
|
|t:|1776039545
|switch|p1a: Ditto|Ditto, shiny|27/100
|-damage|p1a: Ditto|14/100|[from] Stealth Rock
|-transform|p1a: Ditto|p2a: Kyurem|[from] ability: Imposter
|-ability|p1a: Ditto|Pressure
|turn|37
|c|☆cambi fever|gg
|
|t:|1776039558
|move|p1a: Ditto|Draco Meteor|p2a: Kyurem
|-damage|p2a: Kyurem|18/100 par
|-unboost|p1a: Ditto|spa|2
|move|p2a: Kyurem|Freeze-Dry|p1a: Ditto
|-damage|p1a: Ditto|0 fnt
|faint|p1a: Ditto
|
|win|cambi fever
|raw|Anondree's rating: 1514 &rarr; <strong>1491</strong><br />(-23 for losing)
|raw|cambi fever's rating: 1469 &rarr; <strong>1492</strong><br />(+23 for winning)
|l|☆Anondree
|player|p1|
|l|☆cambi fever
|player|p2|
