|html|<div class="broadcast-blue"><strong>[Gen 9] OU is currently suspecting Volcarona! For information on how to participate check out the <a href="https://www.smogon.com/tools/suspects/view/208">suspect thread</a>.</strong></div>
|j|☆Nobodyandno-one
|j|‽Moorings
|t:|1778504423
|gametype|singles
|player|p1|Nobodyandno-one|lady-gen4|1619
|player|p2|Moorings|plasmagrunt-gen5bw|1580
|gen|9
|tier|[Gen 9] OU
|rated|
|rule|HP Percentage Mod: HP is shown in percentages
|rule|Endless Battle Clause: Forcing endless battles is banned
|rule|Species Clause: Limit one of each Pokémon
|rule|OHKO Clause: OHKO moves are banned
|rule|Evasion Items Clause: Evasion items are banned
|rule|Evasion Moves Clause: Evasion moves are banned
|rule|Evasion Abilities Clause: Evasion abilities are banned
|rule|Sleep Moves Clause: Sleep-inducing moves are banned
|clearpoke
|poke|p1|Ogerpon-Wellspring, F|
|poke|p1|Samurott-Hisui, F|
|poke|p1|Gholdengo|
|poke|p1|Iron Treads|
|poke|p1|Volcarona, F|
|poke|p1|Zapdos|
|poke|p2|Volcarona, F|
|poke|p2|Rillaboom, M|
|poke|p2|Hatterene, F|
|poke|p2|Great Tusk|
|poke|p2|Ogerpon-Wellspring, F|
|poke|p2|Glimmora, M|
|teampreview
|inactive|Battle timer is ON: inactive players will automatically lose when time's up. (requested by Moorings)
|inactive|Nobodyandno-one also wants the timer to be on.
|
|t:|1778504447
|teamsize|p1|6
|teamsize|p2|6
|start
|switch|p1a: Mr. Fuck Face|Iron Treads|100/100
|switch|p2a: Rillaboom|Rillaboom, M|100/100
|-fieldstart|move: Grassy Terrain|[from] ability: Grassy Surge|[of] p2a: Rillaboom
|turn|1
|
|t:|1778504456
|-end|p1a: Mr. Fuck Face|Quark Drive|[silent]
|switch|p1a: Zappy Boi|Zapdos|100/100
|switch|p2a: Hatterene|Hatterene, F|100/100
|-enditem|p2a: Hatterene|Grassy Seed
|-boost|p2a: Hatterene|def|1|[from] item: Grassy Seed
|
|upkeep
|turn|2
|
|t:|1778504462
|move|p1a: Zappy Boi|Volt Switch|p2a: Hatterene
|-damage|p2a: Hatterene|72/100
|
|t:|1778504465
|switch|p1a: Noodle Guy|Gholdengo|100/100|[from] Volt Switch
|move|p2a: Hatterene|Calm Mind|p2a: Hatterene
|-boost|p2a: Hatterene|spa|1
|-boost|p2a: Hatterene|spd|1
|
|-heal|p2a: Hatterene|78/100|[from] Grassy Terrain
|upkeep
|turn|3
|
|t:|1778504468
|move|p1a: Noodle Guy|Make It Rain|p2a: Hatterene
|-supereffective|p2a: Hatterene
|-damage|p2a: Hatterene|0 fnt
|-unboost|p1a: Noodle Guy|spa|1
|faint|p2a: Hatterene
|
|upkeep
|
|t:|1778504479
|switch|p2a: Volcarona|Volcarona, F|100/100
|-enditem|p2a: Volcarona|Grassy Seed
|-boost|p2a: Volcarona|def|1|[from] item: Grassy Seed
|turn|4
|
|t:|1778504486
|switch|p1a: Zappy Boi|Zapdos|100/100
|move|p2a: Volcarona|Substitute|p2a: Volcarona
|-start|p2a: Volcarona|Substitute
|-damage|p2a: Volcarona|76/100
|
|-heal|p2a: Volcarona|82/100|[from] Grassy Terrain
|upkeep
|turn|5
|
|t:|1778504491
|move|p2a: Volcarona|Quiver Dance|p2a: Volcarona
|-boost|p2a: Volcarona|spa|1
|-boost|p2a: Volcarona|spd|1
|-boost|p2a: Volcarona|spe|1
|move|p1a: Zappy Boi|Hurricane|p2a: Volcarona
|-supereffective|p2a: Volcarona
|-end|p2a: Volcarona|Substitute
|
|-heal|p2a: Volcarona|88/100|[from] Grassy Terrain
|upkeep
|turn|6
|
|t:|1778504498
|move|p2a: Volcarona|Substitute|p2a: Volcarona
|-start|p2a: Volcarona|Substitute
|-damage|p2a: Volcarona|63/100
|move|p1a: Zappy Boi|Volt Switch|p2a: Volcarona
|-activate|p2a: Volcarona|move: Substitute|[damage]
|
|t:|1778504505
|switch|p1a: iTs NoTa PhAsE mOm|Samurott-Hisui, F|100/100|[from] Volt Switch
|
|-heal|p2a: Volcarona|69/100|[from] Grassy Terrain
|upkeep
|turn|7
|
|t:|1778504511
|move|p2a: Volcarona|Quiver Dance|p2a: Volcarona
|-boost|p2a: Volcarona|spa|1
|-boost|p2a: Volcarona|spd|1
|-boost|p2a: Volcarona|spe|1
|move|p1a: iTs NoTa PhAsE mOm|Ceaseless Edge|p2a: Volcarona
|-end|p2a: Volcarona|Substitute
|-sidestart|p2: Moorings|Spikes
|
|-heal|p2a: Volcarona|75/100|[from] Grassy Terrain
|upkeep
|turn|8
|
|t:|1778504517
|move|p2a: Volcarona|Giga Drain|p1a: iTs NoTa PhAsE mOm
|-supereffective|p1a: iTs NoTa PhAsE mOm
|-damage|p1a: iTs NoTa PhAsE mOm|0 fnt
|-heal|p2a: Volcarona|100/100|[from] drain|[of] p1a: iTs NoTa PhAsE mOm
|faint|p1a: iTs NoTa PhAsE mOm
|
|-fieldend|move: Grassy Terrain
|upkeep
|
|t:|1778504528
|switch|p1a: Absolute Buns|Ogerpon-Wellspring, F|100/100
|turn|9
|
|t:|1778504548
|-terastallize|p2a: Volcarona|Grass
|move|p2a: Volcarona|Quiver Dance|p2a: Volcarona
|-boost|p2a: Volcarona|spa|1
|-boost|p2a: Volcarona|spd|1
|-boost|p2a: Volcarona|spe|1
|move|p1a: Absolute Buns|Ivy Cudgel|p2a: Volcarona|[anim] Ivy Cudgel Water
|-resisted|p2a: Volcarona
|-damage|p2a: Volcarona|72/100
|
|upkeep
|turn|10
|
|t:|1778504554
|move|p2a: Volcarona|Giga Drain|p1a: Absolute Buns
|-damage|p1a: Absolute Buns|0 fnt
|-heal|p2a: Volcarona|100/100|[from] drain|[of] p1a: Absolute Buns
|faint|p1a: Absolute Buns
|
|upkeep
|-message|Nobodyandno-one forfeited.
|
|win|Moorings
|raw|Nobodyandno-one's rating: 1619 &rarr; <strong>1597</strong><br />(-22 for losing)
|raw|Moorings's rating: 1580 &rarr; <strong>1602</strong><br />(+22 for winning)
|l|☆Nobodyandno-one
|player|p1|
|l|‽Moorings
|player|p2|
