|html|<div class="broadcast-blue"><strong>[Gen 9] OU is currently suspecting Volcarona! For information on how to participate check out the <a href="https://www.smogon.com/tools/suspects/view/208">suspect thread</a>.</strong></div>
|j|☆vvqApple
|j|☆Parked Bus
|t:|1778507360
|gametype|singles
|player|p1|vvqApple|2|1178
|player|p2|Parked Bus|170|1182
|gen|9
|tier|[Gen 9] OU
|rated|
|rule|HP Percentage Mod: HP is shown in percentages
|rule|Endless Battle Clause: Forcing endless battles is banned
|rule|Species Clause: Limit one of each Pokémon
|rule|OHKO Clause: OHKO moves are banned
|rule|Evasion Items Clause: Evasion items are banned
|rule|Evasion Moves Clause: Evasion moves are banned
|rule|Evasion Abilities Clause: Evasion abilities are banned
|rule|Sleep Moves Clause: Sleep-inducing moves are banned
|clearpoke
|poke|p1|Blaziken, F|
|poke|p1|Araquanid, M|
|poke|p1|Gholdengo|
|poke|p1|Kyurem|
|poke|p1|Gliscor, M|
|poke|p1|Excadrill, M|
|poke|p2|Hatterene, F|
|poke|p2|Enamorus, F|
|poke|p2|Latios, M|
|poke|p2|Pecharunt|
|poke|p2|Kingambit, F|
|poke|p2|Maushold|
|teampreview
|
|t:|1778507375
|teamsize|p1|6
|teamsize|p2|6
|start
|switch|p1a: Araquanid|Araquanid, M|100/100
|switch|p2a: Maushold|Maushold|100/100
|turn|1
|
|t:|1778507385
|move|p2a: Maushold|Tidy Up|p2a: Maushold
|-boost|p2a: Maushold|atk|1
|-boost|p2a: Maushold|spe|1
|move|p1a: Araquanid|Iron Defense|p1a: Araquanid
|-boost|p1a: Araquanid|def|2
|
|upkeep
|turn|2
|
|t:|1778507391
|move|p2a: Maushold|Tidy Up|p2a: Maushold
|-boost|p2a: Maushold|atk|1
|-boost|p2a: Maushold|spe|1
|move|p1a: Araquanid|Infestation|p2a: Maushold
|-damage|p2a: Maushold|93/100
|-activate|p2a: Maushold|move: Infestation|[of] p1a: Araquanid
|
|-damage|p2a: Maushold|81/100|[from] move: Infestation|[partiallytrapped]
|upkeep
|turn|3
|
|t:|1778507399
|move|p2a: Maushold|Population Bomb|p1a: Araquanid
|-damage|p1a: Araquanid|91/100
|-damage|p1a: Araquanid|83/100
|-damage|p1a: Araquanid|74/100
|-damage|p1a: Araquanid|65/100
|-damage|p1a: Araquanid|56/100
|-damage|p1a: Araquanid|47/100
|-damage|p1a: Araquanid|38/100
|-damage|p1a: Araquanid|29/100
|-damage|p1a: Araquanid|20/100
|-hitcount|p1a: Araquanid|9
|move|p1a: Araquanid|Iron Defense|p1a: Araquanid
|-boost|p1a: Araquanid|def|2
|
|-heal|p1a: Araquanid|26/100|[from] item: Leftovers
|-damage|p2a: Maushold|68/100|[from] move: Infestation|[partiallytrapped]
|upkeep
|turn|4
|
|t:|1778507428
|switch|p1a: Gholdengo|Gholdengo|100/100
|move|p2a: Maushold|Population Bomb|p1a: Gholdengo
|-immune|p1a: Gholdengo
|
|-end|p2a: Maushold|Infestation|[partiallytrapped]|[silent]
|upkeep
|turn|5
|
|t:|1778507443
|move|p2a: Maushold|U-turn|p1a: Gholdengo
|-resisted|p1a: Gholdengo
|-damage|p1a: Gholdengo|93/100
|
|t:|1778507450
|switch|p2a: Enamorus|Enamorus, F|100/100|[from] U-turn
|move|p1a: Gholdengo|Thunder Wave|p2a: Enamorus
|-status|p2a: Enamorus|par
|
|upkeep
|turn|6
|
|t:|1778507477
|switch|p1a: Gliscor|Gliscor, M|100/100
|move|p2a: Enamorus|Play Rough|p1a: Gliscor
|-damage|p1a: Gliscor|70/100
|
|-status|p1a: Gliscor|tox|[from] item: Toxic Orb
|upkeep
|turn|7
|
|t:|1778507487
|move|p1a: Gliscor|Knock Off|p2a: Enamorus
|-resisted|p2a: Enamorus
|-damage|p2a: Enamorus|83/100 par
|-enditem|p2a: Enamorus|Expert Belt|[from] move: Knock Off|[of] p1a: Gliscor
|move|p2a: Enamorus|Superpower|p1a: Gliscor
|-resisted|p1a: Gliscor
|-crit|p1a: Gliscor
|-damage|p1a: Gliscor|47/100 tox
|-boost|p2a: Enamorus|atk|1
|-boost|p2a: Enamorus|def|1
|
|-heal|p1a: Gliscor|59/100 tox|[from] ability: Poison Heal
|upkeep
|turn|8
|
|t:|1778507504
|switch|p1a: Gholdengo|Gholdengo|93/100
|move|p2a: Enamorus|Superpower|p1a: Gholdengo
|-immune|p1a: Gholdengo
|
|upkeep
|turn|9
|
|t:|1778507519
|switch|p2a: Kingambit|Kingambit, F|100/100
|move|p1a: Gholdengo|Make It Rain|p2a: Kingambit
|-resisted|p2a: Kingambit
|-damage|p2a: Kingambit|83/100
|-unboost|p1a: Gholdengo|spa|1
|
|upkeep
|turn|10
|
|t:|1778507535
|switch|p1a: Blaziken|Blaziken, F|100/100
|move|p2a: Kingambit|Sucker Punch||[still]
|-fail|p2a: Kingambit
|
|upkeep
|turn|11
|
|t:|1778507543
|-end|p2a: Kingambit|fallenundefined|[silent]
|switch|p2a: Pecharunt|Pecharunt|100/100
|move|p1a: Blaziken|Close Combat|p2a: Pecharunt
|-immune|p2a: Pecharunt
|
|-ability|p1a: Blaziken|Speed Boost|boost
|-boost|p1a: Blaziken|spe|1
|upkeep
|turn|12
|
|t:|1778507558
|switch|p1a: Excadrill|Excadrill, M|100/100
|-ability|p1a: Excadrill|Mold Breaker
|-item|p1a: Excadrill|Air Balloon
|move|p2a: Pecharunt|Malignant Chain|p1a: Excadrill
|-immune|p1a: Excadrill
|
|upkeep
|turn|13
|
|t:|1778507571
|move|p1a: Excadrill|Swords Dance|p1a: Excadrill
|-boost|p1a: Excadrill|atk|2
|move|p2a: Pecharunt|Parting Shot|p1a: Excadrill
|-unboost|p1a: Excadrill|atk|1
|-unboost|p1a: Excadrill|spa|1
|
|t:|1778507578
|switch|p2a: Latios|Latios, M|100/100|[from] Parting Shot
|
|upkeep
|turn|14
|
|t:|1778507591
|move|p1a: Excadrill|Rapid Spin|p2a: Latios
|-damage|p2a: Latios|71/100
|-boost|p1a: Excadrill|spe|1
|move|p2a: Latios|Luster Purge|p1a: Excadrill
|-resisted|p1a: Excadrill
|-damage|p1a: Excadrill|60/100
|-enditem|p1a: Excadrill|Air Balloon
|
|upkeep
|turn|15
|
|t:|1778507602
|move|p1a: Excadrill|Shadow Claw|p2a: Latios
|-supereffective|p2a: Latios
|-damage|p2a: Latios|0 fnt
|faint|p2a: Latios
|
|upkeep
|
|t:|1778507609
|switch|p2a: Enamorus|Enamorus, F|83/100 par
|turn|16
|
|t:|1778507616
|-terastallize|p1a: Excadrill|Ghost
|move|p1a: Excadrill|Shadow Claw|p2a: Enamorus
|-damage|p2a: Enamorus|0 fnt
|faint|p2a: Enamorus
|
|upkeep
|-message|Parked Bus forfeited.
|
|win|vvqApple
|raw|vvqApple's rating: 1178 &rarr; <strong>1203</strong><br />(+25 for winning)
|raw|Parked Bus's rating: 1182 &rarr; <strong>1157</strong><br />(-25 for losing)
|l|☆Parked Bus
|player|p2|
|l|☆vvqApple
|player|p1|
