|html|<div class="broadcast-blue"><strong>[Gen 9] OU is currently suspecting Tera Blast! For information on how to participate check out the <a href="https://www.smogon.com/tools/suspects/view/200">suspect thread</a>.</strong></div>
|j|☆LUIGI WAS RIGHT
|j|☆OUStinks9
|t:|1776313786
|gametype|singles
|player|p1|LUIGI WAS RIGHT|unknown|1076
|player|p2|OUStinks9|silver|1064
|gen|9
|tier|[Gen 9] OU
|rated|
|rule|HP Percentage Mod: HP is shown in percentages
|rule|Endless Battle Clause: Forcing endless battles is banned
|rule|Species Clause: Limit one of each Pokémon
|rule|OHKO Clause: OHKO moves are banned
|rule|Evasion Items Clause: Evasion items are banned
|rule|Evasion Moves Clause: Evasion moves are banned
|rule|Evasion Abilities Clause: Evasion abilities are banned
|rule|Sleep Moves Clause: Sleep-inducing moves are banned
|clearpoke
|poke|p1|Talonflame, F|
|poke|p1|Iron Treads|
|poke|p1|Weezing-Galar, M|
|poke|p1|Pelipper, M|
|poke|p1|Luvdisc, M|
|poke|p1|Dragonite, M|
|poke|p2|Weavile, M|
|poke|p2|Weezing-Galar, M|
|poke|p2|Zamazenta-*|
|poke|p2|Rillaboom, M|
|poke|p2|Iron Crown|
|poke|p2|Moltres|
|teampreview
|inactive|Battle timer is ON: inactive players will automatically lose when time's up. (requested by LUIGI WAS RIGHT)
|
|t:|1776313801
|teamsize|p1|6
|teamsize|p2|6
|start
|switch|p1a: Weezing|Weezing-Galar, M, shiny|100/100
|switch|p2a: Iron Crown|Iron Crown|100/100
|-ability|p1a: Weezing|Neutralizing Gas
|turn|1
|
|t:|1776313808
|-end|p1a: Weezing|ability: Neutralizing Gas
|switch|p1a: Iron Treads|Iron Treads|100/100
|move|p2a: Iron Crown|Volt Switch|p1a: Iron Treads
|-immune|p1a: Iron Treads
|
|upkeep
|turn|2
|
|t:|1776313819
|-end|p1a: Iron Treads|Quark Drive|[silent]
|switch|p1a: Pelipper|Pelipper, M, shiny|100/100
|-weather|RainDance|[from] ability: Drizzle|[of] p1a: Pelipper
|-end|p2a: Iron Crown|Quark Drive|[silent]
|switch|p2a: Moltres|Moltres|100/100
|
|-weather|RainDance|[upkeep]
|upkeep
|turn|3
|
|t:|1776313827
|move|p2a: Moltres|U-turn|p1a: Pelipper
|-resisted|p1a: Pelipper
|-damage|p1a: Pelipper|92/100
|
|t:|1776313832
|switch|p2a: Iron Crown|Iron Crown|100/100|[from] U-turn
|move|p1a: Pelipper|U-turn|p2a: Iron Crown
|-damage|p2a: Iron Crown|91/100
|inactive|LUIGI WAS RIGHT has 120 seconds left.
|
|t:|1776313871
|switch|p1a: Iron Treads|Iron Treads|100/100|[from] U-turn
|
|-weather|RainDance|[upkeep]
|upkeep
|turn|4
|inactive|LUIGI WAS RIGHT has 120 seconds left.
|
|t:|1776313888
|-end|p1a: Iron Treads|Quark Drive|[silent]
|switch|p1a: Pelipper|Pelipper, M, shiny|92/100
|move|p2a: Iron Crown|Focus Blast|p1a: Pelipper
|-resisted|p1a: Pelipper
|-damage|p1a: Pelipper|61/100
|
|-weather|RainDance|[upkeep]
|upkeep
|turn|5
|inactive|LUIGI WAS RIGHT has 120 seconds left.
|
|t:|1776313899
|switch|p1a: Iron Treads|Iron Treads|100/100
|move|p2a: Iron Crown|Focus Blast|p1a: Iron Treads|[miss]
|-miss|p2a: Iron Crown|p1a: Iron Treads
|
|-weather|RainDance|[upkeep]
|upkeep
|turn|6
|inactive|LUIGI WAS RIGHT has 120 seconds left.
|
|t:|1776313915
|-end|p1a: Iron Treads|Quark Drive|[silent]
|switch|p1a: Luvdisc|Luvdisc, M, shiny|100/100
|move|p2a: Iron Crown|Focus Blast|p1a: Luvdisc
|-enditem|p1a: Luvdisc|Focus Sash
|-damage|p1a: Luvdisc|1/100
|
|-weather|RainDance|[upkeep]
|upkeep
|turn|7
|
|t:|1776313933
|-end|p2a: Iron Crown|Quark Drive|[silent]
|switch|p2a: Weezing|Weezing-Galar, M|100/100
|-ability|p2a: Weezing|Neutralizing Gas
|move|p1a: Luvdisc|Endeavor|p2a: Weezing
|-damage|p2a: Weezing|1/100
|
|-weather|RainDance|[upkeep]
|-heal|p2a: Weezing|7/100|[from] item: Leftovers
|upkeep
|turn|8
|
|t:|1776313942
|move|p1a: Luvdisc|Aqua Jet|p2a: Weezing
|-damage|p2a: Weezing|0 fnt
|faint|p2a: Weezing
|-end|p2a: Weezing|ability: Neutralizing Gas
|
|-weather|RainDance|[upkeep]
|upkeep
|
|t:|1776313946
|switch|p2a: Weavile|Weavile, M|100/100
|-ability|p2a: Weavile|Pressure
|turn|9
|inactive|LUIGI WAS RIGHT has 120 seconds left.
|
|t:|1776313968
|move|p1a: Luvdisc|Aqua Jet|p2a: Weavile
|-damage|p2a: Weavile|76/100
|move|p2a: Weavile|Knock Off|p1a: Luvdisc
|-damage|p1a: Luvdisc|0 fnt
|faint|p1a: Luvdisc
|
|-weather|none
|upkeep
|
|t:|1776313987
|switch|p1a: Pelipper|Pelipper, M, shiny|61/100
|-weather|RainDance|[from] ability: Drizzle|[of] p1a: Pelipper
|turn|10
|
|t:|1776313994
|switch|p2a: Moltres|Moltres|100/100
|move|p1a: Pelipper|Knock Off|p2a: Moltres
|-damage|p2a: Moltres|88/100
|-enditem|p2a: Moltres|Heavy-Duty Boots|[from] move: Knock Off|[of] p1a: Pelipper
|
|-weather|RainDance|[upkeep]
|upkeep
|turn|11
|
|t:|1776314004
|move|p2a: Moltres|Hurricane|p1a: Pelipper
|-damage|p1a: Pelipper|15/100
|move|p1a: Pelipper|Roost|p1a: Pelipper
|-heal|p1a: Pelipper|65/100
|-singleturn|p1a: Pelipper|move: Roost
|
|-weather|RainDance|[upkeep]
|upkeep
|turn|12
|
|t:|1776314030
|move|p2a: Moltres|Hurricane|p1a: Pelipper
|-damage|p1a: Pelipper|19/100
|move|p1a: Pelipper|Roost|p1a: Pelipper
|-heal|p1a: Pelipper|70/100
|-singleturn|p1a: Pelipper|move: Roost
|
|-weather|RainDance|[upkeep]
|upkeep
|turn|13
|
|t:|1776314038
|move|p2a: Moltres|Hurricane|p1a: Pelipper
|-damage|p1a: Pelipper|22/100
|move|p1a: Pelipper|Roost|p1a: Pelipper
|-heal|p1a: Pelipper|72/100
|-singleturn|p1a: Pelipper|move: Roost
|
|-weather|RainDance|[upkeep]
|upkeep
|turn|14
|
|t:|1776314048
|move|p2a: Moltres|U-turn|p1a: Pelipper
|-resisted|p1a: Pelipper
|-damage|p1a: Pelipper|66/100
|
|t:|1776314049
|switch|p2a: Iron Crown|Iron Crown|91/100|[from] U-turn
|move|p1a: Pelipper|Roost|p1a: Pelipper
|-heal|p1a: Pelipper|100/100
|-singleturn|p1a: Pelipper|move: Roost
|
|-weather|RainDance|[upkeep]
|upkeep
|turn|15
|inactive|LUIGI WAS RIGHT has 120 seconds left.
|
|t:|1776314067
|switch|p1a: Iron Treads|Iron Treads|100/100
|move|p2a: Iron Crown|Tachyon Cutter|p1a: Iron Treads
|-resisted|p1a: Iron Treads
|-crit|p1a: Iron Treads
|-damage|p1a: Iron Treads|72/100
|-resisted|p1a: Iron Treads
|-damage|p1a: Iron Treads|54/100
|-hitcount|p1a: Iron Treads|2
|
|-weather|RainDance|[upkeep]
|upkeep
|turn|16
|inactive|LUIGI WAS RIGHT has 120 seconds left.
|
|t:|1776314087
|-end|p2a: Iron Crown|Quark Drive|[silent]
|switch|p2a: Moltres|Moltres|88/100
|move|p1a: Iron Treads|Earthquake|p2a: Moltres
|-immune|p2a: Moltres
|
|-weather|RainDance|[upkeep]
|upkeep
|turn|17
|
|t:|1776314102
|-end|p1a: Iron Treads|Quark Drive|[silent]
|switch|p1a: Weezing|Weezing-Galar, M, shiny|100/100
|-ability|p1a: Weezing|Neutralizing Gas
|move|p2a: Moltres|U-turn|p1a: Weezing
|-resisted|p1a: Weezing
|-damage|p1a: Weezing|98/100
|-damage|p2a: Moltres|72/100|[from] item: Rocky Helmet|[of] p1a: Weezing
|
|t:|1776314110
|switch|p2a: Iron Crown|Iron Crown|91/100|[from] U-turn
|
|-weather|none
|upkeep
|turn|18
|
|t:|1776314119
|-end|p1a: Weezing|ability: Neutralizing Gas
|switch|p1a: Iron Treads|Iron Treads|54/100
|move|p2a: Iron Crown|Psychic Noise|p1a: Iron Treads
|-resisted|p1a: Iron Treads
|-damage|p1a: Iron Treads|26/100
|-start|p1a: Iron Treads|move: Heal Block
|
|upkeep
|turn|19
|inactive|LUIGI WAS RIGHT has 120 seconds left.
|
|t:|1776314131
|-end|p2a: Iron Crown|Quark Drive|[silent]
|switch|p2a: Moltres|Moltres|72/100
|move|p1a: Iron Treads|Earthquake|p2a: Moltres
|-immune|p2a: Moltres
|
|-end|p1a: Iron Treads|move: Heal Block
|upkeep
|turn|20
|inactive|LUIGI WAS RIGHT has 120 seconds left.
|
|t:|1776314143
|-end|p1a: Iron Treads|Quark Drive|[silent]
|switch|p1a: Pelipper|Pelipper, M, shiny|100/100
|-weather|RainDance|[from] ability: Drizzle|[of] p1a: Pelipper
|move|p2a: Moltres|U-turn|p1a: Pelipper
|-resisted|p1a: Pelipper
|-damage|p1a: Pelipper|92/100
|
|t:|1776314148
|switch|p2a: Iron Crown|Iron Crown|91/100|[from] U-turn
|
|-weather|RainDance|[upkeep]
|upkeep
|turn|21
|inactive|LUIGI WAS RIGHT has 120 seconds left.
|inactive|LUIGI WAS RIGHT has 90 seconds left.
|
|t:|1776314195
|switch|p1a: Iron Treads|Iron Treads|26/100
|move|p2a: Iron Crown|Psychic Noise|p1a: Iron Treads
|-resisted|p1a: Iron Treads
|-damage|p1a: Iron Treads|0 fnt
|faint|p1a: Iron Treads
|-end|p1a: Iron Treads|Quark Drive|[silent]
|
|-weather|RainDance|[upkeep]
|upkeep
|
|t:|1776314208
|switch|p1a: Dragonite|Dragonite, M|100/100
|turn|22
|
|t:|1776314214
|move|p2a: Iron Crown|Psychic Noise|p1a: Dragonite
|-damage|p1a: Dragonite|70/100
|move|p1a: Dragonite|Dragon Dance|p1a: Dragonite
|-boost|p1a: Dragonite|atk|1
|-boost|p1a: Dragonite|spe|1
|
|-weather|RainDance|[upkeep]
|upkeep
|turn|23
|inactive|LUIGI WAS RIGHT has 90 seconds left.
|
|t:|1776314228
|move|p1a: Dragonite|Earthquake|p2a: Iron Crown
|-supereffective|p2a: Iron Crown
|-damage|p2a: Iron Crown|0 fnt
|faint|p2a: Iron Crown
|-end|p2a: Iron Crown|Quark Drive|[silent]
|
|-weather|RainDance|[upkeep]
|upkeep
|
|t:|1776314242
|switch|p2a: Weavile|Weavile, M|76/100
|-ability|p2a: Weavile|Pressure
|turn|24
|
|t:|1776314252
|-terastallize|p1a: Dragonite|Normal
|move|p2a: Weavile|Upper Hand|p1a: Dragonite
|-supereffective|p1a: Dragonite
|-damage|p1a: Dragonite|21/100
|move|p1a: Dragonite|Extreme Speed|p2a: Weavile
|-damage|p2a: Weavile|0 fnt
|faint|p2a: Weavile
|
|-weather|RainDance|[upkeep]
|upkeep
|
|t:|1776314271
|switch|p2a: Moltres|Moltres|72/100
|turn|25
|
|t:|1776314277
|move|p1a: Dragonite|Thunder|p2a: Moltres
|-supereffective|p2a: Moltres
|-damage|p2a: Moltres|31/100
|-status|p2a: Moltres|par
|move|p2a: Moltres|Hurricane|p1a: Dragonite
|-damage|p1a: Dragonite|0 fnt
|faint|p1a: Dragonite
|
|-weather|RainDance|[upkeep]
|upkeep
|inactive|LUIGI WAS RIGHT has 90 seconds left.
|
|t:|1776314300
|switch|p1a: Talonflame|Talonflame, F|100/100
|turn|26
|inactive|OUStinks9 has 120 seconds left.
|
|t:|1776314332
|move|p1a: Talonflame|Hurricane|p2a: Moltres
|-damage|p2a: Moltres|0 fnt
|faint|p2a: Moltres
|
|-weather|RainDance|[upkeep]
|upkeep
|inactive|OUStinks9 has 120 seconds left.
|
|t:|1776314348
|switch|p2a: Zamazenta|Zamazenta|100/100
|-ability|p2a: Zamazenta|Dauntless Shield|boost
|-boost|p2a: Zamazenta|def|1
|turn|27
|
|t:|1776314361
|switch|p1a: Weezing|Weezing-Galar, M, shiny|98/100
|-ability|p1a: Weezing|Neutralizing Gas
|-terastallize|p2a: Zamazenta|Steel
|move|p2a: Zamazenta|Substitute|p2a: Zamazenta
|-start|p2a: Zamazenta|Substitute
|-damage|p2a: Zamazenta|76/100
|
|-weather|none
|-heal|p2a: Zamazenta|82/100|[from] item: Leftovers
|upkeep
|turn|28
|inactive|LUIGI WAS RIGHT has 90 seconds left.
|
|t:|1776314396
|-end|p1a: Weezing|ability: Neutralizing Gas
|switch|p1a: Pelipper|Pelipper, M, shiny|92/100
|-weather|RainDance|[from] ability: Drizzle|[of] p1a: Pelipper
|move|p2a: Zamazenta|Iron Defense|p2a: Zamazenta
|-boost|p2a: Zamazenta|def|2
|
|-weather|RainDance|[upkeep]
|-heal|p2a: Zamazenta|88/100|[from] item: Leftovers
|upkeep
|turn|29
|
|t:|1776314405
|move|p2a: Zamazenta|Iron Defense|p2a: Zamazenta
|-boost|p2a: Zamazenta|def|2
|move|p1a: Pelipper|Surf|p2a: Zamazenta
|-end|p2a: Zamazenta|Substitute
|
|-weather|RainDance|[upkeep]
|-heal|p2a: Zamazenta|94/100|[from] item: Leftovers
|upkeep
|turn|30
|inactive|LUIGI WAS RIGHT has 90 seconds left.
|
|t:|1776314416
|move|p2a: Zamazenta|Body Press|p1a: Pelipper
|-resisted|p1a: Pelipper
|-damage|p1a: Pelipper|43/100
|move|p1a: Pelipper|Surf|p2a: Zamazenta
|-damage|p2a: Zamazenta|60/100
|
|-weather|RainDance|[upkeep]
|-heal|p2a: Zamazenta|66/100|[from] item: Leftovers
|upkeep
|turn|31
|inactive|LUIGI WAS RIGHT has 90 seconds left.
|
|t:|1776314425
|move|p2a: Zamazenta|Body Press|p1a: Pelipper
|-resisted|p1a: Pelipper
|-damage|p1a: Pelipper|0 fnt
|faint|p1a: Pelipper
|
|-weather|RainDance|[upkeep]
|-heal|p2a: Zamazenta|72/100|[from] item: Leftovers
|upkeep
|inactive|LUIGI WAS RIGHT has 90 seconds left.
|
|t:|1776314439
|switch|p1a: Talonflame|Talonflame, F|100/100
|turn|32
|inactive|LUIGI WAS RIGHT has 90 seconds left.
|
|t:|1776314449
|switch|p1a: Weezing|Weezing-Galar, M, shiny|98/100
|-ability|p1a: Weezing|Neutralizing Gas
|move|p2a: Zamazenta|Substitute|p2a: Zamazenta
|-start|p2a: Zamazenta|Substitute
|-damage|p2a: Zamazenta|47/100
|
|-weather|RainDance|[upkeep]
|-heal|p2a: Zamazenta|53/100|[from] item: Leftovers
|upkeep
|turn|33
|inactive|LUIGI WAS RIGHT has 90 seconds left.
|
|t:|1776314468
|move|p2a: Zamazenta|Heavy Slam|p1a: Weezing
|-supereffective|p1a: Weezing
|-damage|p1a: Weezing|31/100
|-damage|p2a: Zamazenta|37/100|[from] item: Rocky Helmet|[of] p1a: Weezing
|move|p1a: Weezing|Strange Steam|p2a: Zamazenta
|-resisted|p2a: Zamazenta
|-activate|p2a: Zamazenta|move: Substitute|[damage]
|
|-weather|RainDance|[upkeep]
|-heal|p2a: Zamazenta|43/100|[from] item: Leftovers
|upkeep
|turn|34
|inactive|LUIGI WAS RIGHT has 90 seconds left.
|
|t:|1776314481
|move|p2a: Zamazenta|Heavy Slam|p1a: Weezing
|-supereffective|p1a: Weezing
|-damage|p1a: Weezing|0 fnt
|-damage|p2a: Zamazenta|26/100|[from] item: Rocky Helmet|[of] p1a: Weezing
|faint|p1a: Weezing
|-end|p1a: Weezing|ability: Neutralizing Gas
|
|-weather|RainDance|[upkeep]
|-heal|p2a: Zamazenta|33/100|[from] item: Leftovers
|upkeep
|
|t:|1776314485
|switch|p1a: Talonflame|Talonflame, F|100/100
|turn|35
|
|t:|1776314494
|move|p2a: Zamazenta|Body Press|p1a: Talonflame
|-resisted|p1a: Talonflame
|-damage|p1a: Talonflame|23/100
|move|p1a: Talonflame|Flamethrower|p2a: Zamazenta
|-supereffective|p2a: Zamazenta
|-end|p2a: Zamazenta|Substitute
|
|-weather|none
|-heal|p2a: Zamazenta|39/100|[from] item: Leftovers
|upkeep
|turn|36
|
|t:|1776314500
|move|p2a: Zamazenta|Body Press|p1a: Talonflame
|-resisted|p1a: Talonflame
|-crit|p1a: Talonflame
|-damage|p1a: Talonflame|0 fnt
|faint|p1a: Talonflame
|
|win|OUStinks9
|raw|LUIGI WAS RIGHT's rating: 1076 &rarr; <strong>1054</strong><br />(-22 for losing)
|raw|OUStinks9's rating: 1064 &rarr; <strong>1095</strong><br />(+31 for winning)
|l|☆LUIGI WAS RIGHT
|player|p1|
