|html|<div class="broadcast-blue"><strong>[Gen 9] OU is currently suspecting Tera Blast! For information on how to participate check out the <a href="https://www.smogon.com/tools/suspects/view/200">suspect thread</a>.</strong></div>
|j|☆xavier1r1vega
|j|☆Danphibia
|t:|1776224912
|gametype|singles
|player|p1|xavier1r1vega|lucas|1010
|player|p2|Danphibia|ethan|1009
|gen|9
|tier|[Gen 9] OU
|rated|
|rule|HP Percentage Mod: HP is shown in percentages
|rule|Endless Battle Clause: Forcing endless battles is banned
|rule|Species Clause: Limit one of each Pokémon
|rule|OHKO Clause: OHKO moves are banned
|rule|Evasion Items Clause: Evasion items are banned
|rule|Evasion Moves Clause: Evasion moves are banned
|rule|Evasion Abilities Clause: Evasion abilities are banned
|rule|Sleep Moves Clause: Sleep-inducing moves are banned
|clearpoke
|poke|p1|Hoopa-Unbound|
|poke|p1|Pecharunt|
|poke|p1|Rotom-Wash|
|poke|p1|Tinkaton, F|
|poke|p1|Volcanion|
|poke|p1|Toedscruel, M|
|poke|p2|Iron Valiant|
|poke|p2|Great Tusk|
|poke|p2|Dragonite, F|
|poke|p2|Deoxys-Speed|
|poke|p2|Glimmora, M|
|poke|p2|Kingambit, M|
|teampreview
|
|t:|1776224916
|teamsize|p1|6
|teamsize|p2|6
|start
|switch|p1a: Volcanion|Volcanion|100/100
|switch|p2a: Deoxys|Deoxys-Speed|100/100
|-ability|p2a: Deoxys|Pressure
|turn|1
|
|t:|1776224927
|move|p2a: Deoxys|Light Screen|p2a: Deoxys
|-sidestart|p2: Danphibia|move: Light Screen
|move|p1a: Volcanion|Overheat|p2a: Deoxys|[miss]
|-miss|p1a: Volcanion|p2a: Deoxys
|
|upkeep
|turn|2
|
|t:|1776224935
|switch|p1a: Tinkaton|Tinkaton, F|100/100
|move|p2a: Deoxys|Reflect|p2a: Deoxys
|-sidestart|p2: Danphibia|Reflect
|
|upkeep
|turn|3
|
|t:|1776224963
|move|p2a: Deoxys|Taunt|p1a: Tinkaton
|-start|p1a: Tinkaton|move: Taunt
|cant|p1a: Tinkaton|move: Taunt|Light Screen
|
|upkeep
|turn|4
|
|t:|1776224979
|switch|p2a: Glimmora|Glimmora, M|100/100
|move|p1a: Tinkaton|Gigaton Hammer|p2a: Glimmora
|-supereffective|p2a: Glimmora
|-damage|p2a: Glimmora|29/100
|-activate|p2a: Glimmora|ability: Toxic Debris
|-sidestart|p1: xavier1r1vega|move: Toxic Spikes
|
|upkeep
|turn|5
|
|t:|1776224988
|move|p1a: Tinkaton|Play Rough|p2a: Glimmora
|-resisted|p2a: Glimmora
|-damage|p2a: Glimmora|17/100
|-activate|p2a: Glimmora|ability: Toxic Debris
|-sidestart|p1: xavier1r1vega|move: Toxic Spikes
|move|p2a: Glimmora|Stealth Rock|p1a: Tinkaton
|-sidestart|p1: xavier1r1vega|move: Stealth Rock
|
|-end|p1a: Tinkaton|move: Taunt
|upkeep
|turn|6
|
|t:|1776225000
|move|p1a: Tinkaton|Gigaton Hammer|p2a: Glimmora
|-supereffective|p2a: Glimmora
|-damage|p2a: Glimmora|0 fnt
|faint|p2a: Glimmora
|
|upkeep
|
|t:|1776225048
|switch|p2a: Great Tusk|Great Tusk|100/100
|-enditem|p2a: Great Tusk|Booster Energy
|-activate|p2a: Great Tusk|ability: Protosynthesis|[fromitem]
|-start|p2a: Great Tusk|protosynthesisspe
|turn|7
|
|t:|1776225054
|-terastallize|p2a: Great Tusk|Poison
|move|p2a: Great Tusk|Bulk Up|p2a: Great Tusk
|-boost|p2a: Great Tusk|atk|1
|-boost|p2a: Great Tusk|def|1
|move|p1a: Tinkaton|Reflect|p1a: Tinkaton
|-sidestart|p1: xavier1r1vega|Reflect
|
|upkeep
|turn|8
|
|t:|1776225067
|switch|p1a: Pecharunt|Pecharunt|100/100
|-sideend|p1: xavier1r1vega|move: Toxic Spikes|[of] p1a: Pecharunt
|-damage|p1a: Pecharunt|88/100|[from] Stealth Rock
|move|p2a: Great Tusk|Headlong Rush|p1a: Pecharunt
|-supereffective|p1a: Pecharunt
|-damage|p1a: Pecharunt|55/100
|-unboost|p2a: Great Tusk|def|1
|-unboost|p2a: Great Tusk|spd|1
|
|-heal|p1a: Pecharunt|61/100|[from] item: Black Sludge
|-sideend|p2: Danphibia|move: Light Screen
|upkeep
|turn|9
|
|t:|1776225082
|move|p2a: Great Tusk|Head Smash|p1a: Pecharunt|[miss]
|-miss|p2a: Great Tusk|p1a: Pecharunt
|move|p1a: Pecharunt|Recover|p1a: Pecharunt
|-heal|p1a: Pecharunt|100/100
|
|-sideend|p2: Danphibia|Reflect
|upkeep
|turn|10
|
|t:|1776225088
|move|p2a: Great Tusk|Taunt|p1a: Pecharunt
|-start|p1a: Pecharunt|move: Taunt
|cant|p1a: Pecharunt|move: Taunt|Curse
|
|upkeep
|turn|11
|
|t:|1776225098
|switch|p1a: Volcanion|Volcanion|100/100
|-damage|p1a: Volcanion|76/100|[from] Stealth Rock
|move|p2a: Great Tusk|Bulk Up|p2a: Great Tusk
|-boost|p2a: Great Tusk|atk|1
|-boost|p2a: Great Tusk|def|1
|
|upkeep
|turn|12
|
|t:|1776225106
|move|p2a: Great Tusk|Headlong Rush|p1a: Volcanion
|-supereffective|p1a: Volcanion
|-damage|p1a: Volcanion|9/100
|-unboost|p2a: Great Tusk|def|1
|-unboost|p2a: Great Tusk|spd|1
|move|p1a: Volcanion|Haze|p1a: Volcanion
|-clearallboost
|
|upkeep
|turn|13
|
|t:|1776225117
|move|p2a: Great Tusk|Head Smash|p1a: Volcanion
|-supereffective|p1a: Volcanion
|-damage|p1a: Volcanion|0 fnt
|faint|p1a: Volcanion
|-damage|p2a: Great Tusk|97/100|[from] Recoil
|
|upkeep
|
|t:|1776225125
|switch|p1a: Hoopa|Hoopa-Unbound|100/100
|-damage|p1a: Hoopa|88/100|[from] Stealth Rock
|turn|14
|
|t:|1776225133
|-end|p2a: Great Tusk|Protosynthesis|[silent]
|switch|p2a: Deoxys|Deoxys-Speed|100/100
|-ability|p2a: Deoxys|Pressure
|move|p1a: Hoopa|Psychic|p2a: Deoxys
|-resisted|p2a: Deoxys
|-damage|p2a: Deoxys|67/100
|
|-sideend|p1: xavier1r1vega|Reflect
|upkeep
|turn|15
|
|t:|1776225138
|move|p2a: Deoxys|Light Screen|p2a: Deoxys
|-sidestart|p2: Danphibia|move: Light Screen
|move|p1a: Hoopa|Dark Pulse|p2a: Deoxys
|-supereffective|p2a: Deoxys
|-damage|p2a: Deoxys|4/100
|
|upkeep
|turn|16
|
|t:|1776225144
|move|p2a: Deoxys|Reflect|p2a: Deoxys
|-sidestart|p2: Danphibia|Reflect
|move|p1a: Hoopa|Shadow Ball|p2a: Deoxys
|-supereffective|p2a: Deoxys
|-damage|p2a: Deoxys|0 fnt
|faint|p2a: Deoxys
|
|upkeep
|
|t:|1776225198
|switch|p2a: Iron Valiant|Iron Valiant|100/100
|-enditem|p2a: Iron Valiant|Booster Energy
|-activate|p2a: Iron Valiant|ability: Quark Drive|[fromitem]
|-start|p2a: Iron Valiant|quarkdrivespe
|turn|17
|
|t:|1776225205
|switch|p1a: Tinkaton|Tinkaton, F|100/100
|-damage|p1a: Tinkaton|94/100|[from] Stealth Rock
|move|p2a: Iron Valiant|Knock Off|p1a: Tinkaton
|-resisted|p1a: Tinkaton
|-damage|p1a: Tinkaton|75/100
|-enditem|p1a: Tinkaton|Light Clay|[from] move: Knock Off|[of] p2a: Iron Valiant
|
|upkeep
|turn|18
|
|t:|1776225227
|move|p2a: Iron Valiant|Taunt|p1a: Tinkaton
|-start|p1a: Tinkaton|move: Taunt
|move|p1a: Tinkaton|Gigaton Hammer|p2a: Iron Valiant
|-supereffective|p2a: Iron Valiant
|-damage|p2a: Iron Valiant|16/100
|
|upkeep
|turn|19
|inactive|Battle timer is ON: inactive players will automatically lose when time's up. (requested by Danphibia)
|
|t:|1776225267
|move|p2a: Iron Valiant|Close Combat|p1a: Tinkaton
|-damage|p1a: Tinkaton|5/100
|-unboost|p2a: Iron Valiant|def|1
|-unboost|p2a: Iron Valiant|spd|1
|move|p1a: Tinkaton|Play Rough|p2a: Iron Valiant
|-supereffective|p2a: Iron Valiant
|-damage|p2a: Iron Valiant|0 fnt
|faint|p2a: Iron Valiant
|-end|p2a: Iron Valiant|Quark Drive|[silent]
|
|upkeep
|inactive|Danphibia has 120 seconds left.
|
|t:|1776225309
|switch|p2a: Great Tusk|Great Tusk, tera:Poison|97/100
|turn|20
|
|t:|1776225321
|move|p2a: Great Tusk|Bulk Up|p2a: Great Tusk
|-boost|p2a: Great Tusk|atk|1
|-boost|p2a: Great Tusk|def|1
|move|p1a: Tinkaton|Play Rough|p2a: Great Tusk
|-resisted|p2a: Great Tusk
|-damage|p2a: Great Tusk|93/100
|
|-end|p1a: Tinkaton|move: Taunt
|upkeep
|turn|21
|
|t:|1776225330
|move|p2a: Great Tusk|Headlong Rush|p1a: Tinkaton
|-supereffective|p1a: Tinkaton
|-damage|p1a: Tinkaton|0 fnt
|-unboost|p2a: Great Tusk|def|1
|-unboost|p2a: Great Tusk|spd|1
|faint|p1a: Tinkaton
|
|upkeep
|
|t:|1776225339
|switch|p1a: Toedscruel|Toedscruel, M|100/100
|-damage|p1a: Toedscruel|95/100|[from] Stealth Rock
|turn|22
|inactive|Danphibia has 120 seconds left.
|
|t:|1776225373
|-end|p2a: Great Tusk|Protosynthesis|[silent]
|switch|p2a: Dragonite|Dragonite, F|100/100
|move|p1a: Toedscruel|Rapid Spin|p2a: Dragonite
|-damage|p2a: Dragonite|98/100
|-boost|p1a: Toedscruel|spe|1
|-sideend|p1: xavier1r1vega|Stealth Rock|[from] move: Rapid Spin|[of] p1a: Toedscruel
|
|-heal|p2a: Dragonite|100/100|[from] item: Leftovers
|-sideend|p2: Danphibia|move: Light Screen
|upkeep
|turn|23
|
|t:|1776225383
|move|p2a: Dragonite|Dragon Dance|p2a: Dragonite
|-boost|p2a: Dragonite|atk|1
|-boost|p2a: Dragonite|spe|1
|move|p1a: Toedscruel|Toxic Spikes|p2a: Dragonite
|-sidestart|p2: Danphibia|move: Toxic Spikes
|
|-sideend|p2: Danphibia|Reflect
|upkeep
|turn|24
|
|t:|1776225397
|switch|p1a: Pecharunt|Pecharunt|100/100
|move|p2a: Dragonite|Substitute|p2a: Dragonite
|-start|p2a: Dragonite|Substitute
|-damage|p2a: Dragonite|76/100
|
|-heal|p2a: Dragonite|82/100|[from] item: Leftovers
|upkeep
|turn|25
|
|t:|1776225403
|move|p2a: Dragonite|Earthquake|p1a: Pecharunt
|-supereffective|p1a: Pecharunt
|-damage|p1a: Pecharunt|52/100
|move|p1a: Pecharunt|Malignant Chain|p2a: Dragonite
|-end|p2a: Dragonite|Substitute
|
|-heal|p2a: Dragonite|88/100|[from] item: Leftovers
|-heal|p1a: Pecharunt|58/100|[from] item: Black Sludge
|upkeep
|turn|26
|
|t:|1776225411
|move|p2a: Dragonite|Earthquake|p1a: Pecharunt
|-supereffective|p1a: Pecharunt
|-damage|p1a: Pecharunt|10/100
|move|p1a: Pecharunt|Malignant Chain|p2a: Dragonite
|-damage|p2a: Dragonite|53/100
|-status|p2a: Dragonite|tox
|-start|p2a: Dragonite|confusion|[from] ability: Poison Puppeteer|[of] p1a: Pecharunt
|
|-heal|p2a: Dragonite|59/100 tox|[from] item: Leftovers
|-heal|p1a: Pecharunt|16/100|[from] item: Black Sludge
|-damage|p2a: Dragonite|53/100 tox|[from] psn
|upkeep
|turn|27
|
|t:|1776225421
|switch|p1a: Rotom|Rotom-Wash|100/100
|-activate|p2a: Dragonite|confusion
|move|p2a: Dragonite|Earthquake|p1a: Rotom
|-immune|p1a: Rotom|[from] ability: Levitate
|
|-heal|p2a: Dragonite|59/100 tox|[from] item: Leftovers
|-damage|p2a: Dragonite|47/100 tox|[from] psn
|upkeep
|turn|28
|
|t:|1776225431
|-activate|p2a: Dragonite|confusion
|-damage|p2a: Dragonite|24/100 tox|[from] confusion
|move|p1a: Rotom|Hex|p2a: Dragonite
|-damage|p2a: Dragonite|0 fnt
|faint|p2a: Dragonite
|
|upkeep
|
|t:|1776225455
|switch|p2a: Great Tusk|Great Tusk, tera:Poison|93/100
|-sideend|p2: Danphibia|move: Toxic Spikes|[of] p2a: Great Tusk
|turn|29
|
|t:|1776225463
|move|p2a: Great Tusk|Head Smash|p1a: Rotom
|-damage|p1a: Rotom|47/100
|-damage|p2a: Great Tusk|78/100|[from] Recoil
|move|p1a: Rotom|Thunder Wave|p2a: Great Tusk
|-status|p2a: Great Tusk|par
|
|-heal|p1a: Rotom|53/100|[from] item: Leftovers
|upkeep
|turn|30
|
|t:|1776225473
|move|p1a: Rotom|Hex|p2a: Great Tusk
|-crit|p2a: Great Tusk
|-damage|p2a: Great Tusk|2/100 par
|move|p2a: Great Tusk|Head Smash|p1a: Rotom
|-damage|p1a: Rotom|0 fnt
|faint|p1a: Rotom
|-damage|p2a: Great Tusk|0 fnt|[from] Recoil
|faint|p2a: Great Tusk
|-end|p2a: Great Tusk|Protosynthesis|[silent]
|
|upkeep
|
|t:|1776225480
|switch|p2a: Kingambit|Kingambit, M|100/100
|switch|p1a: Pecharunt|Pecharunt|16/100
|-activate|p2a: Kingambit|ability: Supreme Overlord
|-start|p2a: Kingambit|fallen5|[silent]
|turn|31
|
|t:|1776225505
|move|p1a: Pecharunt|Curse|p2a: Kingambit
|-start|p2a: Kingambit|Curse|[of] p1a: Pecharunt
|-damage|p1a: Pecharunt|0 fnt
|faint|p1a: Pecharunt
|move|p2a: Kingambit|Swords Dance|p2a: Kingambit
|-boost|p2a: Kingambit|atk|2
|
|-damage|p2a: Kingambit|76/100|[from] Curse
|upkeep
|
|t:|1776225510
|switch|p1a: Toedscruel|Toedscruel, M|95/100
|turn|32
|
|t:|1776225520
|move|p2a: Kingambit|Sucker Punch|p1a: Toedscruel
|-damage|p1a: Toedscruel|0 fnt
|faint|p1a: Toedscruel
|
|-damage|p2a: Kingambit|51/100|[from] Curse
|upkeep
|
|t:|1776225522
|switch|p1a: Hoopa|Hoopa-Unbound|88/100
|turn|33
|
|t:|1776225528
|move|p2a: Kingambit|Sucker Punch|p1a: Hoopa
|-damage|p1a: Hoopa|0 fnt
|faint|p1a: Hoopa
|
|win|Danphibia
|raw|xavier1r1vega's rating: 1010 &rarr; <strong>1000</strong><br />(-10 for losing)
|raw|Danphibia's rating: 1009 &rarr; <strong>1048</strong><br />(+39 for winning)
|l|☆xavier1r1vega
|player|p1|
