|html|<div class="broadcast-blue"><strong>[Gen 9] OU is currently suspecting Tera Blast! For information on how to participate check out the <a href="https://www.smogon.com/tools/suspects/view/200">suspect thread</a>.</strong></div>
|j|☆mobmasher99
|j|☆Ember&Corey
|t:|1776091686
|gametype|singles
|player|p1|mobmasher99|teamrocket|1463
|player|p2|Ember&Corey|gardenia|1539
|gen|9
|tier|[Gen 9] OU
|rated|
|rule|HP Percentage Mod: HP is shown in percentages
|rule|Endless Battle Clause: Forcing endless battles is banned
|rule|Species Clause: Limit one of each Pokémon
|rule|OHKO Clause: OHKO moves are banned
|rule|Evasion Items Clause: Evasion items are banned
|rule|Evasion Moves Clause: Evasion moves are banned
|rule|Evasion Abilities Clause: Evasion abilities are banned
|rule|Sleep Moves Clause: Sleep-inducing moves are banned
|clearpoke
|poke|p1|Pelipper, M|
|poke|p1|Zapdos|
|poke|p1|Barraskewda, M|
|poke|p1|Darkrai|
|poke|p1|Great Tusk|
|poke|p1|Hitmonlee, M|
|poke|p2|Araquanid, M|
|poke|p2|Ceruledge, M|
|poke|p2|Enamorus, F|
|poke|p2|Glimmora, F|
|poke|p2|Gholdengo|
|poke|p2|Kingambit, M|
|teampreview
|inactive|Battle timer is ON: inactive players will automatically lose when time's up. (requested by mobmasher99)
|inactive|Ember&Corey has 120 seconds left.
|
|t:|1776091729
|teamsize|p1|6
|teamsize|p2|6
|start
|switch|p1a: Darkrai|Darkrai|100/100
|switch|p2a: Spooderman|Araquanid, M|100/100
|turn|1
|
|t:|1776091737
|move|p1a: Darkrai|Dark Pulse|p2a: Spooderman
|-damage|p2a: Spooderman|71/100
|move|p2a: Spooderman|Sticky Web|p1a: Darkrai
|-sidestart|p1: mobmasher99|move: Sticky Web
|
|upkeep
|turn|2
|
|t:|1776091741
|switch|p1a: Pelipper|Pelipper, M|100/100
|-weather|RainDance|[from] ability: Drizzle|[of] p1a: Pelipper
|move|p2a: Spooderman|Endeavor|p1a: Pelipper
|-damage|p1a: Pelipper|75/100
|
|-weather|RainDance|[upkeep]
|upkeep
|turn|3
|
|t:|1776091745
|move|p1a: Pelipper|Hurricane|p2a: Spooderman
|-supereffective|p2a: Spooderman
|-damage|p2a: Spooderman|21/100
|-start|p2a: Spooderman|confusion
|-activate|p2a: Spooderman|confusion
|move|p2a: Spooderman|Surf|p1a: Pelipper
|-resisted|p1a: Pelipper
|-damage|p1a: Pelipper|38/100
|
|-weather|RainDance|[upkeep]
|upkeep
|turn|4
|-enditem|p2a: Spooderman|Custap Berry|[eat]
|-activate|p2a: Spooderman|item: Custap Berry|[consumed]
|
|t:|1776091750
|-activate|p2a: Spooderman|confusion
|-damage|p2a: Spooderman|14/100|[from] confusion
|move|p1a: Pelipper|Roost|p1a: Pelipper
|-heal|p1a: Pelipper|88/100
|-singleturn|p1a: Pelipper|move: Roost
|
|-weather|RainDance|[upkeep]
|upkeep
|turn|5
|
|t:|1776091754
|move|p1a: Pelipper|Hurricane|p2a: Spooderman
|-supereffective|p2a: Spooderman
|-crit|p2a: Spooderman
|-damage|p2a: Spooderman|0 fnt
|faint|p2a: Spooderman
|
|-weather|RainDance|[upkeep]
|upkeep
|
|t:|1776091760
|switch|p2a: Glimmy|Glimmora, F|100/100
|turn|6
|
|t:|1776091763
|switch|p1a: Great Tusk|Great Tusk|100/100
|move|p2a: Glimmy|Meteor Beam||[still]
|-prepare|p2a: Glimmy|Meteor Beam
|-boost|p2a: Glimmy|spa|1
|-enditem|p2a: Glimmy|Power Herb
|-anim|p2a: Glimmy|Meteor Beam|p1a: Great Tusk
|-resisted|p1a: Great Tusk
|-crit|p1a: Great Tusk
|-damage|p1a: Great Tusk|50/100
|
|-weather|RainDance|[upkeep]
|upkeep
|turn|7
|
|t:|1776091770
|-terastallize|p2a: Glimmy|Ghost
|move|p2a: Glimmy|Earth Power|p1a: Great Tusk
|-damage|p1a: Great Tusk|0 fnt
|faint|p1a: Great Tusk
|-end|p1a: Great Tusk|Protosynthesis|[silent]
|
|-weather|RainDance|[upkeep]
|upkeep
|
|t:|1776091774
|switch|p1a: Darkrai|Darkrai|100/100
|-activate|p1a: Darkrai|move: Sticky Web
|-unboost|p1a: Darkrai|spe|1
|turn|8
|
|t:|1776091777
|switch|p2a: Jealousy|Enamorus, F|100/100
|move|p1a: Darkrai|Dark Pulse|p2a: Jealousy
|-resisted|p2a: Jealousy
|-damage|p2a: Jealousy|66/100
|
|-weather|RainDance|[upkeep]
|upkeep
|turn|9
|
|t:|1776091783
|switch|p1a: Zapdos|Zapdos|100/100
|move|p2a: Jealousy|Moonblast|p1a: Zapdos
|-damage|p1a: Zapdos|19/100
|-damage|p2a: Jealousy|56/100|[from] item: Life Orb
|
|-weather|none
|upkeep
|turn|10
|
|t:|1776091785
|move|p1a: Zapdos|Volt Switch|p2a: Jealousy
|-supereffective|p2a: Jealousy
|-damage|p2a: Jealousy|0 fnt
|faint|p2a: Jealousy
|
|t:|1776091789
|switch|p1a: Darkrai|Darkrai|100/100|[from] Volt Switch
|-activate|p1a: Darkrai|move: Sticky Web
|-unboost|p1a: Darkrai|spe|1
|
|upkeep
|
|t:|1776091796
|switch|p2a: Greed|Gholdengo|100/100
|-item|p2a: Greed|Air Balloon
|turn|11
|
|t:|1776091798
|move|p1a: Darkrai|Dark Pulse|p2a: Greed
|-supereffective|p2a: Greed
|-damage|p2a: Greed|0 fnt
|-enditem|p2a: Greed|Air Balloon
|faint|p2a: Greed
|
|upkeep
|
|t:|1776091800
|switch|p2a: El Gambito|Kingambit, M|100/100
|-activate|p2a: El Gambito|ability: Supreme Overlord
|-start|p2a: El Gambito|fallen3|[silent]
|turn|12
|
|t:|1776091804
|switch|p1a: Pelipper|Pelipper, M|88/100
|-weather|RainDance|[from] ability: Drizzle|[of] p1a: Pelipper
|move|p2a: El Gambito|Swords Dance|p2a: El Gambito
|-boost|p2a: El Gambito|atk|2
|
|-weather|RainDance|[upkeep]
|upkeep
|turn|13
|
|t:|1776091807
|move|p2a: El Gambito|Kowtow Cleave|p1a: Pelipper
|-damage|p1a: Pelipper|0 fnt
|faint|p1a: Pelipper
|
|-weather|RainDance|[upkeep]
|upkeep
|
|t:|1776091810
|switch|p1a: Barraskewda|Barraskewda, M|100/100
|-activate|p1a: Barraskewda|move: Sticky Web
|-unboost|p1a: Barraskewda|spe|1
|turn|14
|
|t:|1776091813
|move|p2a: El Gambito|Sucker Punch|p1a: Barraskewda
|-damage|p1a: Barraskewda|0 fnt
|faint|p1a: Barraskewda
|
|-weather|RainDance|[upkeep]
|upkeep
|
|t:|1776091814
|switch|p1a: Darkrai|Darkrai|100/100
|-activate|p1a: Darkrai|move: Sticky Web
|-unboost|p1a: Darkrai|spe|1
|turn|15
|
|t:|1776091820
|move|p2a: El Gambito|Sucker Punch|p1a: Darkrai
|-resisted|p1a: Darkrai
|-damage|p1a: Darkrai|14/100
|move|p1a: Darkrai|Focus Blast|p2a: El Gambito
|-supereffective|p2a: El Gambito
|-damage|p2a: El Gambito|0 fnt
|faint|p2a: El Gambito
|-end|p2a: El Gambito|fallen3|[silent]
|
|-weather|RainDance|[upkeep]
|upkeep
|
|t:|1776091822
|switch|p2a: Erebu|Ceruledge, M|100/100
|turn|16
|
|t:|1776091825
|switch|p1a: Zapdos|Zapdos|19/100
|move|p2a: Erebu|Swords Dance|p2a: Erebu
|-boost|p2a: Erebu|atk|2
|
|-weather|RainDance|[upkeep]
|upkeep
|turn|17
|
|t:|1776091828
|move|p2a: Erebu|Shadow Sneak|p1a: Zapdos
|-damage|p1a: Zapdos|0 fnt
|faint|p1a: Zapdos
|-damage|p2a: Erebu|91/100|[from] item: Life Orb
|
|-weather|RainDance|[upkeep]
|upkeep
|
|t:|1776091832
|switch|p1a: Darkrai|Darkrai|14/100
|-activate|p1a: Darkrai|move: Sticky Web
|-unboost|p1a: Darkrai|spe|1
|turn|18
|
|t:|1776091834
|move|p2a: Erebu|Shadow Sneak|p1a: Darkrai
|-resisted|p1a: Darkrai
|-damage|p1a: Darkrai|0 fnt
|faint|p1a: Darkrai
|-damage|p2a: Erebu|81/100|[from] item: Life Orb
|
|-weather|RainDance|[upkeep]
|upkeep
|
|t:|1776091836
|switch|p1a: Hitmonlee|Hitmonlee, M|100/100
|-activate|p1a: Hitmonlee|move: Sticky Web
|-unboost|p1a: Hitmonlee|spe|1
|turn|19
|
|t:|1776091839
|-terastallize|p1a: Hitmonlee|Dark
|move|p2a: Erebu|Poltergeist|p1a: Hitmonlee
|-activate|p1a: Hitmonlee|move: Poltergeist|Liechi Berry
|-resisted|p1a: Hitmonlee
|-damage|p1a: Hitmonlee|0 fnt
|faint|p1a: Hitmonlee
|-damage|p2a: Erebu|71/100|[from] item: Life Orb
|
|win|Ember&Corey
|raw|mobmasher99's rating: 1463 &rarr; <strong>1447</strong><br />(-16 for losing)
|raw|Ember&amp;Corey's rating: 1539 &rarr; <strong>1555</strong><br />(+16 for winning)
|l|☆Ember&Corey
|player|p2|
|l|☆mobmasher99
|player|p1|
