|html|<div class="broadcast-blue"><strong>[Gen 9] OU is currently suspecting Tera Blast! For information on how to participate check out the <a href="https://www.smogon.com/tools/suspects/view/200">suspect thread</a>.</strong></div>
|j|☆HildaBeast23
|j|☆Pharyl
|t:|1776259369
|gametype|singles
|player|p1|HildaBeast23|hilda|1129
|player|p2|Pharyl|silver|1190
|gen|9
|tier|[Gen 9] OU
|rated|
|rule|HP Percentage Mod: HP is shown in percentages
|rule|Endless Battle Clause: Forcing endless battles is banned
|rule|Species Clause: Limit one of each Pokémon
|rule|OHKO Clause: OHKO moves are banned
|rule|Evasion Items Clause: Evasion items are banned
|rule|Evasion Moves Clause: Evasion moves are banned
|rule|Evasion Abilities Clause: Evasion abilities are banned
|rule|Sleep Moves Clause: Sleep-inducing moves are banned
|clearpoke
|poke|p1|Cyclizar, M|
|poke|p1|Pincurchin, M|
|poke|p1|Jolteon, M|
|poke|p1|Araquanid, M|
|poke|p1|Frosmoth, F|
|poke|p1|Iron Thorns|
|poke|p2|Iron Valiant|
|poke|p2|Ogerpon, F|
|poke|p2|Tyranitar, M|
|poke|p2|Excadrill, M|
|poke|p2|Toxapex, M|
|poke|p2|Zapdos|
|teampreview
|inactive|Battle timer is ON: inactive players will automatically lose when time's up. (requested by Pharyl)
|
|t:|1776259385
|teamsize|p1|6
|teamsize|p2|6
|start
|switch|p1a: Pincurchin|Pincurchin, M|100/100
|switch|p2a: Tyranitar|Tyranitar, M|100/100
|-weather|Sandstorm|[from] ability: Sand Stream|[of] p2a: Tyranitar
|-fieldstart|move: Electric Terrain|[from] ability: Electric Surge|[of] p1a: Pincurchin
|turn|1
|inactive|Pharyl has 120 seconds left.
|
|t:|1776259421
|move|p2a: Tyranitar|Stealth Rock|p1a: Pincurchin
|-sidestart|p1: HildaBeast23|move: Stealth Rock
|move|p1a: Pincurchin|Thunder Wave|p2a: Tyranitar
|-status|p2a: Tyranitar|par
|
|-weather|Sandstorm|[upkeep]
|-damage|p1a: Pincurchin|94/100|[from] Sandstorm
|upkeep
|turn|2
|inactive|Pharyl has 120 seconds left.
|
|t:|1776259432
|move|p2a: Tyranitar|Knock Off|p1a: Pincurchin
|-damage|p1a: Pincurchin|33/100
|-enditem|p1a: Pincurchin|Terrain Extender|[from] move: Knock Off|[of] p2a: Tyranitar
|move|p1a: Pincurchin|Spikes|p2a: Tyranitar
|-sidestart|p2: Pharyl|Spikes
|
|-weather|Sandstorm|[upkeep]
|-damage|p1a: Pincurchin|27/100|[from] Sandstorm
|upkeep
|turn|3
|
|t:|1776259439
|cant|p2a: Tyranitar|par
|move|p1a: Pincurchin|Memento|p2a: Tyranitar
|-unboost|p2a: Tyranitar|atk|2
|-unboost|p2a: Tyranitar|spa|2
|faint|p1a: Pincurchin
|
|-weather|Sandstorm|[upkeep]
|upkeep
|
|t:|1776259442
|switch|p1a: Iron Thorns|Iron Thorns|100/100
|-damage|p1a: Iron Thorns|88/100|[from] Stealth Rock
|-activate|p1a: Iron Thorns|ability: Quark Drive
|-start|p1a: Iron Thorns|quarkdriveatk
|turn|4
|
|t:|1776259447
|-terastallize|p1a: Iron Thorns|Steel
|move|p1a: Iron Thorns|Dragon Dance|p1a: Iron Thorns
|-boost|p1a: Iron Thorns|atk|1
|-boost|p1a: Iron Thorns|spe|1
|cant|p2a: Tyranitar|par
|
|-weather|Sandstorm|[upkeep]
|upkeep
|turn|5
|
|t:|1776259454
|switch|p2a: Toxapex|Toxapex, M|100/100
|-damage|p2a: Toxapex|88/100|[from] Spikes
|move|p1a: Iron Thorns|Dragon Dance|p1a: Iron Thorns
|-boost|p1a: Iron Thorns|atk|1
|-boost|p1a: Iron Thorns|spe|1
|
|-weather|Sandstorm|[upkeep]
|-damage|p2a: Toxapex|82/100|[from] Sandstorm
|upkeep
|turn|6
|inactive|Pharyl has 120 seconds left.
|inactive|Pharyl has 90 seconds left.
|
|t:|1776259528
|move|p1a: Iron Thorns|Supercell Slam|p2a: Toxapex
|-supereffective|p2a: Toxapex
|-damage|p2a: Toxapex|0 fnt
|faint|p2a: Toxapex
|
|-weather|Sandstorm|[upkeep]
|upkeep
|
|t:|1776259532
|switch|p2a: Tyranitar|Tyranitar, M|100/100 par
|-damage|p2a: Tyranitar|88/100 par|[from] Spikes
|turn|7
|
|t:|1776259543
|move|p1a: Iron Thorns|Pin Missile|p2a: Tyranitar
|-supereffective|p2a: Tyranitar
|-damage|p2a: Tyranitar|49/100 par
|-supereffective|p2a: Tyranitar
|-damage|p2a: Tyranitar|11/100 par
|-supereffective|p2a: Tyranitar
|-damage|p2a: Tyranitar|0 fnt
|faint|p2a: Tyranitar
|-hitcount|p2: Tyranitar|3
|
|-weather|Sandstorm|[upkeep]
|upkeep
|inactive|Pharyl has 90 seconds left.
|inactive|Pharyl has 60 seconds left.
|c|☆HildaBeast23|Come on nlgga
|c|☆Pharyl|PIN MISSLE????
|
|t:|1776259612
|switch|p2a: Iron Valiant|Iron Valiant|100/100
|-damage|p2a: Iron Valiant|88/100|[from] Spikes
|-activate|p2a: Iron Valiant|ability: Quark Drive
|-start|p2a: Iron Valiant|quarkdrivespe
|turn|8
|c|☆Pharyl|bro i accidentally clicked 2 games
|
|t:|1776259626
|move|p2a: Iron Valiant|Vacuum Wave|p1a: Iron Thorns
|-supereffective|p1a: Iron Thorns
|-damage|p1a: Iron Thorns|39/100
|move|p1a: Iron Thorns|Supercell Slam|p2a: Iron Valiant|[miss]
|-miss|p1a: Iron Thorns|p2a: Iron Valiant
|-damage|p1a: Iron Thorns|0 fnt|[from] supercellslam
|faint|p1a: Iron Thorns
|-end|p1a: Iron Thorns|Quark Drive|[silent]
|
|-weather|none
|-fieldend|move: Electric Terrain
|-end|p2a: Iron Valiant|Quark Drive
|upkeep
|c|☆Pharyl|sybau
|c|☆HildaBeast23|sybau
|
|t:|1776259645
|switch|p1a: Araquanid|Araquanid, M|100/100
|-damage|p1a: Araquanid|75/100|[from] Stealth Rock
|turn|9
|
|t:|1776259655
|-end|p2a: Iron Valiant|Quark Drive|[silent]
|switch|p2a: Excadrill|Excadrill, M|100/100
|-damage|p2a: Excadrill|88/100|[from] Spikes
|move|p1a: Araquanid|Sticky Web|p2a: Excadrill
|-sidestart|p2: Pharyl|move: Sticky Web
|
|-heal|p2a: Excadrill|94/100|[from] item: Leftovers
|upkeep
|turn|10
|c|☆HildaBeast23|nlgga
|
|t:|1776259664
|move|p2a: Excadrill|Rapid Spin|p1a: Araquanid
|-crit|p1a: Araquanid
|-damage|p1a: Araquanid|50/100
|-boost|p2a: Excadrill|spe|1
|-damage|p2a: Excadrill|78/100|[from] item: Rocky Helmet|[of] p1a: Araquanid
|-sideend|p2: Pharyl|Spikes|[from] move: Rapid Spin|[of] p2a: Excadrill
|-sideend|p2: Pharyl|Sticky Web|[from] move: Rapid Spin|[of] p2a: Excadrill
|move|p1a: Araquanid|Liquidation|p2a: Excadrill
|-supereffective|p2a: Excadrill
|-damage|p2a: Excadrill|0 fnt
|faint|p2a: Excadrill
|
|upkeep
|c|☆HildaBeast23|stupid nlgga
|
|t:|1776259688
|switch|p2a: Zapdos|Zapdos|100/100
|turn|11
|c|☆HildaBeast23|stupid little nlgga fa&&ot
|c|☆Pharyl|son
|
|t:|1776259696
|move|p2a: Zapdos|Volt Switch|p1a: Araquanid
|-supereffective|p1a: Araquanid
|-crit|p1a: Araquanid
|-damage|p1a: Araquanid|0 fnt
|faint|p1a: Araquanid
|c|☆Pharyl|FOLK
|c|☆Pharyl|pokemon btw
|
|t:|1776259702
|switch|p2a: Iron Valiant|Iron Valiant|88/100|[from] Volt Switch
|
|upkeep
|c|☆HildaBeast23|nlgga
|c|☆Pharyl|neva dis deep
|
|t:|1776259718
|switch|p1a: Frosmoth|Frosmoth, F|100/100
|-damage|p1a: Frosmoth|50/100|[from] Stealth Rock
|turn|12
|inactive|Pharyl has 60 seconds left.
|c|☆Pharyl|WHERE UR BOOTS AT SON
|
|t:|1776259734
|move|p2a: Iron Valiant|Moonblast|p1a: Frosmoth
|-damage|p1a: Frosmoth|12/100
|move|p1a: Frosmoth|Quiver Dance|p1a: Frosmoth
|-boost|p1a: Frosmoth|spa|1
|-boost|p1a: Frosmoth|spd|1
|-boost|p1a: Frosmoth|spe|1
|
|-heal|p1a: Frosmoth|18/100|[from] item: Leftovers
|upkeep
|turn|13
|c|☆HildaBeast23|dont need boots nlgga
|
|t:|1776259745
|move|p2a: Iron Valiant|Moonblast|p1a: Frosmoth
|-damage|p1a: Frosmoth|0 fnt
|faint|p1a: Frosmoth
|
|upkeep
|
|t:|1776259747
|switch|p1a: Cyclizar|Cyclizar, M, shiny|100/100
|turn|14
|
|t:|1776259751
|-end|p2a: Iron Valiant|Quark Drive|[silent]
|switch|p2a: Zapdos|Zapdos|100/100
|move|p1a: Cyclizar|Rapid Spin|p2a: Zapdos
|-damage|p2a: Zapdos|81/100
|-boost|p1a: Cyclizar|spe|1
|-sideend|p1: HildaBeast23|Stealth Rock|[from] move: Rapid Spin|[of] p1a: Cyclizar
|
|upkeep
|turn|15
|
|t:|1776259765
|move|p2a: Zapdos|Volt Switch|p1a: Cyclizar
|-resisted|p1a: Cyclizar
|-damage|p1a: Cyclizar|80/100
|
|t:|1776259770
|switch|p2a: Ogerpon|Ogerpon, F|100/100|[from] Volt Switch
|move|p1a: Cyclizar|Dragon Tail|p2a: Ogerpon
|-damage|p2a: Ogerpon|74/100
|drag|p2a: Zapdos|Zapdos|81/100
|
|upkeep
|turn|16
|c|☆HildaBeast23|stupid nlgga
|
|t:|1776259781
|-terastallize|p2a: Zapdos|Ice
|move|p2a: Zapdos|Tera Blast|p1a: Cyclizar|[anim] Tera Blast Ice
|-supereffective|p1a: Cyclizar
|-damage|p1a: Cyclizar|0 fnt
|faint|p1a: Cyclizar
|
|upkeep
|
|t:|1776259786
|switch|p1a: Jolteon|Jolteon, M|100/100
|turn|17
|c|☆Pharyl|shut yo tung tung tung sahur headass
|
|t:|1776259802
|move|p2a: Zapdos|Heat Wave|p1a: Jolteon|[miss]
|-miss|p2a: Zapdos|p1a: Jolteon
|move|p1a: Jolteon|Calm Mind|p1a: Jolteon
|-boost|p1a: Jolteon|spa|1
|-boost|p1a: Jolteon|spd|1
|
|-status|p1a: Jolteon|brn|[from] item: Flame Orb
|upkeep
|turn|18
|c|☆Pharyl|???
|c|☆HildaBeast23|shut yo tung tung tung tung sahur nlgga headass
|
|t:|1776259821
|move|p1a: Jolteon|Calm Mind|p1a: Jolteon
|-boost|p1a: Jolteon|spa|1
|-boost|p1a: Jolteon|spd|1
|move|p2a: Zapdos|Heat Wave|p1a: Jolteon
|-damage|p1a: Jolteon|82/100 brn
|
|-damage|p1a: Jolteon|76/100 brn|[from] brn
|upkeep
|turn|19
|
|t:|1776259832
|move|p1a: Jolteon|Calm Mind|p1a: Jolteon
|-boost|p1a: Jolteon|spa|1
|-boost|p1a: Jolteon|spd|1
|move|p2a: Zapdos|Volt Switch|p1a: Jolteon
|-resisted|p1a: Jolteon
|-damage|p1a: Jolteon|68/100 brn
|
|t:|1776259837
|switch|p2a: Ogerpon|Ogerpon, F|74/100|[from] Volt Switch
|
|-damage|p1a: Jolteon|62/100 brn|[from] brn
|upkeep
|turn|20
|
|t:|1776259843
|move|p1a: Jolteon|Stored Power|p2a: Ogerpon
|-damage|p2a: Ogerpon|0 fnt
|faint|p2a: Ogerpon
|
|-damage|p1a: Jolteon|56/100 brn|[from] brn
|upkeep
|
|t:|1776259849
|switch|p2a: Zapdos|Zapdos, tera:Ice|81/100
|turn|21
|c|☆Pharyl|oh shi
|inactive|Pharyl has 90 seconds left.
|
|t:|1776259861
|move|p1a: Jolteon|Stored Power|p2a: Zapdos
|-damage|p2a: Zapdos|0 fnt
|faint|p2a: Zapdos
|
|-damage|p1a: Jolteon|50/100 brn|[from] brn
|upkeep
|c|☆HildaBeast23|stupid nlgg
|c|☆HildaBeast23|nlgga
|c|☆Pharyl|flame orb jolteon MIGHT be meta
|
|t:|1776259873
|switch|p2a: Iron Valiant|Iron Valiant|88/100
|turn|22
|c|☆HildaBeast23|This was all planned from the start nlgga
|c|☆HildaBeast23|GGs nlgga
|c|☆Pharyl|ggs
|c|☆HildaBeast23|Honestly wasn't expecting a good game
|c|☆HildaBeast23|Time to end this
|inactive|HildaBeast23 has 120 seconds left.
|
|t:|1776259909
|move|p2a: Iron Valiant|Vacuum Wave|p1a: Jolteon
|-damage|p1a: Jolteon|37/100 brn
|move|p1a: Jolteon|Stored Power|p2a: Iron Valiant
|-supereffective|p2a: Iron Valiant
|-crit|p2a: Iron Valiant
|-damage|p2a: Iron Valiant|0 fnt
|faint|p2a: Iron Valiant
|-end|p2a: Iron Valiant|Quark Drive|[silent]
|
|win|HildaBeast23
