|html|<div class="broadcast-blue"><strong>[Gen 9] OU is currently suspecting Tera Blast! For information on how to participate check out the <a href="https://www.smogon.com/tools/suspects/view/200">suspect thread</a>.</strong></div>
|j|☆Doxiw
|j|☆goodgoodcush
|t:|1776053024
|gametype|singles
|player|p1|Doxiw|266|1403
|player|p2|goodgoodcush|101|1436
|gen|9
|tier|[Gen 9] OU
|rated|
|rule|HP Percentage Mod: HP is shown in percentages
|rule|Endless Battle Clause: Forcing endless battles is banned
|rule|Species Clause: Limit one of each Pokémon
|rule|OHKO Clause: OHKO moves are banned
|rule|Evasion Items Clause: Evasion items are banned
|rule|Evasion Moves Clause: Evasion moves are banned
|rule|Evasion Abilities Clause: Evasion abilities are banned
|rule|Sleep Moves Clause: Sleep-inducing moves are banned
|clearpoke
|poke|p1|Arcanine-Hisui, M|
|poke|p1|Clefable, F|
|poke|p1|Walking Wake|
|poke|p1|Great Tusk|
|poke|p1|Blissey, F|
|poke|p1|Torkoal, M|
|poke|p2|Dragonite, F|
|poke|p2|Latias, F|
|poke|p2|Hatterene, F|
|poke|p2|Grimmsnarl, M|
|poke|p2|Manaphy|
|poke|p2|Kingambit, F|
|teampreview
|j| ohko_smeargle
|
|t:|1776053042
|teamsize|p1|6
|teamsize|p2|6
|start
|switch|p1a: Clefable|Clefable, F|100/100
|switch|p2a: Manaphy|Manaphy|100/100
|turn|1
|
|t:|1776053045
|move|p2a: Manaphy|Substitute|p2a: Manaphy
|-start|p2a: Manaphy|Substitute
|-damage|p2a: Manaphy|76/100
|move|p1a: Clefable|Moonblast|p2a: Manaphy
|-end|p2a: Manaphy|Substitute
|
|-heal|p2a: Manaphy|82/100|[from] item: Leftovers
|upkeep
|turn|2
|
|t:|1776053052
|move|p2a: Manaphy|Substitute|p2a: Manaphy
|-start|p2a: Manaphy|Substitute
|-damage|p2a: Manaphy|57/100
|move|p1a: Clefable|Moonblast|p2a: Manaphy
|-end|p2a: Manaphy|Substitute
|
|-heal|p2a: Manaphy|63/100|[from] item: Leftovers
|upkeep
|turn|3
|
|t:|1776053060
|switch|p2a: Grimmsnarl|Grimmsnarl, M|100/100
|move|p1a: Clefable|Moonblast|p2a: Grimmsnarl
|-supereffective|p2a: Grimmsnarl
|-damage|p2a: Grimmsnarl|13/100
|-unboost|p2a: Grimmsnarl|spa|1
|
|upkeep
|turn|4
|
|t:|1776053064
|move|p2a: Grimmsnarl|Light Screen|p2a: Grimmsnarl
|-sidestart|p2: goodgoodcush|move: Light Screen
|move|p1a: Clefable|Moonblast|p2a: Grimmsnarl
|-supereffective|p2a: Grimmsnarl
|-damage|p2a: Grimmsnarl|0 fnt
|faint|p2a: Grimmsnarl
|
|upkeep
|
|t:|1776053066
|switch|p2a: Manaphy|Manaphy|63/100
|turn|5
|inactive|Battle timer is ON: inactive players will automatically lose when time's up. (requested by goodgoodcush)
|
|t:|1776053077
|move|p2a: Manaphy|Substitute|p2a: Manaphy
|-start|p2a: Manaphy|Substitute
|-damage|p2a: Manaphy|38/100
|move|p1a: Clefable|Moonblast|p2a: Manaphy
|-end|p2a: Manaphy|Substitute
|
|-heal|p2a: Manaphy|44/100|[from] item: Leftovers
|upkeep
|turn|6
|
|t:|1776053084
|-terastallize|p2a: Manaphy|Steel
|move|p2a: Manaphy|Tail Glow|p2a: Manaphy
|-boost|p2a: Manaphy|spa|3
|move|p1a: Clefable|Moonblast|p2a: Manaphy
|-resisted|p2a: Manaphy
|-damage|p2a: Manaphy|30/100
|
|-heal|p2a: Manaphy|36/100|[from] item: Leftovers
|upkeep
|turn|7
|
|t:|1776053089
|move|p2a: Manaphy|Substitute|p2a: Manaphy
|-start|p2a: Manaphy|Substitute
|-damage|p2a: Manaphy|11/100
|move|p1a: Clefable|Flamethrower|p2a: Manaphy
|-supereffective|p2a: Manaphy
|-end|p2a: Manaphy|Substitute
|
|-heal|p2a: Manaphy|17/100|[from] item: Leftovers
|upkeep
|turn|8
|-message|goodgoodcush forfeited.
|
|win|Doxiw
|raw|Doxiw's rating: 1403 &rarr; <strong>1425</strong><br />(+22 for winning)
|raw|goodgoodcush's rating: 1436 &rarr; <strong>1414</strong><br />(-22 for losing)
|l|☆goodgoodcush
|player|p2|
|l| ohko_smeargle
|l|☆Doxiw
|player|p1|
