|html|<div class="broadcast-blue"><strong>[Gen 9] OU is currently suspecting Tera Blast! For information on how to participate check out the <a href="https://www.smogon.com/tools/suspects/view/200">suspect thread</a>.</strong></div>
|j|☆noadecoco123
|j|☆Joehenderson21
|t:|1776074376
|gametype|singles
|player|p1|noadecoco123|n|1109
|player|p2|Joehenderson21|170|1189
|gen|9
|tier|[Gen 9] OU
|rated|
|rule|HP Percentage Mod: HP is shown in percentages
|rule|Endless Battle Clause: Forcing endless battles is banned
|rule|Species Clause: Limit one of each Pokémon
|rule|OHKO Clause: OHKO moves are banned
|rule|Evasion Items Clause: Evasion items are banned
|rule|Evasion Moves Clause: Evasion moves are banned
|rule|Evasion Abilities Clause: Evasion abilities are banned
|rule|Sleep Moves Clause: Sleep-inducing moves are banned
|clearpoke
|poke|p1|Lilligant, F|
|poke|p1|Articuno|
|poke|p1|Rampardos, M|
|poke|p1|Jolteon, M|
|poke|p1|Flygon, F|
|poke|p1|Regirock|
|poke|p2|Exeggutor, M|
|poke|p2|Torkoal, F|
|poke|p2|Walking Wake|
|poke|p2|Lycanroc, F|
|poke|p2|Incineroar, M|
|poke|p2|Sandy Shocks|
|teampreview
|
|t:|1776074390
|teamsize|p1|6
|teamsize|p2|6
|start
|switch|p1a: Flygon|Flygon, F|100/100
|switch|p2a: Torkoal|Torkoal, F|100/100
|-weather|SunnyDay|[from] ability: Drought|[of] p2a: Torkoal
|turn|1
|
|t:|1776074396
|move|p1a: Flygon|Earthquake|p2a: Torkoal
|-supereffective|p2a: Torkoal
|-damage|p2a: Torkoal|37/100
|move|p2a: Torkoal|Stealth Rock|p1a: Flygon
|-sidestart|p1: noadecoco123|move: Stealth Rock
|
|-weather|SunnyDay|[upkeep]
|upkeep
|turn|2
|
|t:|1776074404
|switch|p2a: Exeggutor|Exeggutor, M|100/100
|move|p1a: Flygon|Scale Shot|p2a: Exeggutor
|-crit|p2a: Exeggutor
|-damage|p2a: Exeggutor|79/100
|-damage|p2a: Exeggutor|67/100
|-damage|p2a: Exeggutor|55/100
|-damage|p2a: Exeggutor|43/100
|-hitcount|p2a: Exeggutor|4
|-unboost|p1a: Flygon|def|1
|-boost|p1a: Flygon|spe|1
|
|-weather|SunnyDay|[upkeep]
|upkeep
|turn|3
|
|t:|1776074418
|move|p1a: Flygon|Scale Shot|p2a: Exeggutor
|-damage|p2a: Exeggutor|30/100
|-damage|p2a: Exeggutor|16/100
|-damage|p2a: Exeggutor|4/100
|-damage|p2a: Exeggutor|0 fnt
|faint|p2a: Exeggutor
|-hitcount|p2: Exeggutor|4
|-unboost|p1a: Flygon|def|1
|-boost|p1a: Flygon|spe|1
|
|-weather|SunnyDay|[upkeep]
|upkeep
|
|t:|1776074434
|switch|p2a: Sandy Shocks|Sandy Shocks|100/100
|-activate|p2a: Sandy Shocks|ability: Protosynthesis
|-start|p2a: Sandy Shocks|protosynthesisspa
|turn|4
|
|t:|1776074445
|-terastallize|p2a: Sandy Shocks|Ice
|move|p1a: Flygon|Earthquake|p2a: Sandy Shocks
|-damage|p2a: Sandy Shocks|55/100
|move|p2a: Sandy Shocks|Tera Blast|p1a: Flygon|[anim] Tera Blast Ice
|-supereffective|p1a: Flygon
|-damage|p1a: Flygon|0 fnt
|faint|p1a: Flygon
|
|-weather|SunnyDay|[upkeep]
|upkeep
|
|t:|1776074478
|switch|p1a: Articuno|Articuno|100/100
|-damage|p1a: Articuno|50/100|[from] Stealth Rock
|-ability|p1a: Articuno|Pressure
|turn|5
|
|t:|1776074492
|move|p2a: Sandy Shocks|Thunderbolt|p1a: Articuno
|-supereffective|p1a: Articuno
|-damage|p1a: Articuno|0 fnt
|faint|p1a: Articuno
|
|-weather|SunnyDay|[upkeep]
|upkeep
|
|t:|1776074500
|switch|p1a: Lilligant|Lilligant, F|100/100
|-damage|p1a: Lilligant|88/100|[from] Stealth Rock
|turn|6
|
|t:|1776074507
|-terastallize|p1a: Lilligant|Ghost
|move|p1a: Lilligant|Alluring Voice|p2a: Sandy Shocks
|-damage|p2a: Sandy Shocks|19/100
|move|p2a: Sandy Shocks|Tera Blast|p1a: Lilligant|[anim] Tera Blast Ice
|-damage|p1a: Lilligant|10/100
|
|-weather|SunnyDay|[upkeep]
|upkeep
|turn|7
|
|t:|1776074521
|-end|p2a: Sandy Shocks|Protosynthesis|[silent]
|switch|p2a: Incineroar|Incineroar, M|100/100
|-ability|p2a: Incineroar|Intimidate|boost
|-unboost|p1a: Lilligant|atk|1
|move|p1a: Lilligant|Alluring Voice|p2a: Incineroar
|-damage|p2a: Incineroar|70/100
|
|-weather|SunnyDay|[upkeep]
|upkeep
|turn|8
|
|t:|1776074534
|move|p1a: Lilligant|Alluring Voice|p2a: Incineroar
|-damage|p2a: Incineroar|42/100
|move|p2a: Incineroar|Flame Charge|p1a: Lilligant
|-damage|p1a: Lilligant|0 fnt
|-boost|p2a: Incineroar|spe|1
|faint|p1a: Lilligant
|-damage|p2a: Incineroar|32/100|[from] item: Life Orb
|
|-weather|none
|upkeep
|
|t:|1776074544
|switch|p1a: Regirock|Regirock|100/100
|-damage|p1a: Regirock|88/100|[from] Stealth Rock
|turn|9
|
|t:|1776074550
|move|p2a: Incineroar|Close Combat|p1a: Regirock
|-supereffective|p1a: Regirock
|-damage|p1a: Regirock|40/100
|-unboost|p2a: Incineroar|def|1
|-unboost|p2a: Incineroar|spd|1
|-damage|p2a: Incineroar|22/100|[from] item: Life Orb
|move|p1a: Regirock|Body Press|p2a: Incineroar
|-supereffective|p2a: Incineroar
|-damage|p2a: Incineroar|0 fnt
|faint|p2a: Incineroar
|
|-heal|p1a: Regirock|46/100|[from] item: Leftovers
|upkeep
|
|t:|1776074563
|switch|p2a: Walking Wake|Walking Wake|100/100
|-enditem|p2a: Walking Wake|Booster Energy
|-activate|p2a: Walking Wake|ability: Protosynthesis|[fromitem]
|-start|p2a: Walking Wake|protosynthesisspa
|turn|10
|
|t:|1776074571
|move|p2a: Walking Wake|Hydro Steam|p1a: Regirock
|-supereffective|p1a: Regirock
|-damage|p1a: Regirock|0 fnt
|faint|p1a: Regirock
|
|upkeep
|
|t:|1776074574
|switch|p1a: Jolteon|Jolteon, M|100/100
|-damage|p1a: Jolteon|88/100|[from] Stealth Rock
|turn|11
|
|t:|1776074580
|-end|p2a: Walking Wake|Protosynthesis|[silent]
|switch|p2a: Torkoal|Torkoal, F|37/100
|-weather|SunnyDay|[from] ability: Drought|[of] p2a: Torkoal
|move|p1a: Jolteon|Discharge|p2a: Torkoal
|-damage|p2a: Torkoal|1/100
|-status|p2a: Torkoal|par
|
|-weather|SunnyDay|[upkeep]
|upkeep
|turn|12
|
|t:|1776074590
|move|p1a: Jolteon|Discharge|p2a: Torkoal
|-damage|p2a: Torkoal|0 fnt
|faint|p2a: Torkoal
|
|-weather|SunnyDay|[upkeep]
|upkeep
|
|t:|1776074617
|switch|p2a: Walking Wake|Walking Wake|100/100
|-activate|p2a: Walking Wake|ability: Protosynthesis
|-start|p2a: Walking Wake|protosynthesisspa
|turn|13
|
|t:|1776074625
|move|p1a: Jolteon|Discharge|p2a: Walking Wake
|-damage|p2a: Walking Wake|56/100
|move|p2a: Walking Wake|Hydro Steam|p1a: Jolteon
|-damage|p1a: Jolteon|0 fnt
|faint|p1a: Jolteon
|
|-weather|SunnyDay|[upkeep]
|upkeep
|
|t:|1776074628
|switch|p1a: Rampardos|Rampardos, M|100/100
|-damage|p1a: Rampardos|88/100|[from] Stealth Rock
|-ability|p1a: Rampardos|Mold Breaker
|turn|14
|
|t:|1776074634
|move|p1a: Rampardos|Dragon Claw|p2a: Walking Wake
|-supereffective|p2a: Walking Wake
|-damage|p2a: Walking Wake|0 fnt
|faint|p2a: Walking Wake
|-end|p2a: Walking Wake|Protosynthesis|[silent]
|
|-weather|SunnyDay|[upkeep]
|upkeep
|
|t:|1776074637
|switch|p2a: Lycanroc|Lycanroc, F|100/100
|turn|15
|
|t:|1776074646
|move|p1a: Rampardos|Dragon Claw|p2a: Lycanroc
|-damage|p2a: Lycanroc|49/100
|move|p2a: Lycanroc|Close Combat|p1a: Rampardos
|-supereffective|p1a: Rampardos
|-damage|p1a: Rampardos|0 fnt
|-unboost|p2a: Lycanroc|def|1
|-unboost|p2a: Lycanroc|spd|1
|faint|p1a: Rampardos
|
|win|Joehenderson21
|raw|noadecoco123's rating: 1109 &rarr; <strong>1090</strong><br />(-19 for losing)
|raw|Joehenderson21's rating: 1189 &rarr; <strong>1208</strong><br />(+19 for winning)
|l|☆noadecoco123
|player|p1|
|l|☆Joehenderson21
|player|p2|
