|html|<div class="broadcast-blue"><strong>[Gen 9] OU is currently suspecting Volcarona! For information on how to participate check out the <a href="https://www.smogon.com/tools/suspects/view/208">suspect thread</a>.</strong></div>
|j|☆NerfSlakingPls
|j|☆vvqApple
|t:|1778507018
|gametype|singles
|player|p1|NerfSlakingPls|grimsley|1242
|player|p2|vvqApple|2|1200
|gen|9
|tier|[Gen 9] OU
|rated|
|rule|HP Percentage Mod: HP is shown in percentages
|rule|Endless Battle Clause: Forcing endless battles is banned
|rule|Species Clause: Limit one of each Pokémon
|rule|OHKO Clause: OHKO moves are banned
|rule|Evasion Items Clause: Evasion items are banned
|rule|Evasion Moves Clause: Evasion moves are banned
|rule|Evasion Abilities Clause: Evasion abilities are banned
|rule|Sleep Moves Clause: Sleep-inducing moves are banned
|clearpoke
|poke|p1|Great Tusk|
|poke|p1|Walking Wake|
|poke|p1|Kingambit, M|
|poke|p1|Venusaur, M|
|poke|p1|Ninetales, F|
|poke|p1|Raging Bolt|
|poke|p2|Blaziken, M|
|poke|p2|Araquanid, F|
|poke|p2|Gholdengo|
|poke|p2|Kyurem|
|poke|p2|Gliscor, M|
|poke|p2|Excadrill, M|
|teampreview
|
|t:|1778507030
|teamsize|p1|6
|teamsize|p2|6
|start
|switch|p1a: Raging Boner|Raging Bolt|100/100
|switch|p2a: Araquanid|Araquanid, F|100/100
|-item|p1a: Raging Boner|Air Balloon
|turn|1
|
|t:|1778507042
|switch|p2a: Gliscor|Gliscor, M|100/100
|move|p1a: Raging Boner|Calm Mind|p1a: Raging Boner
|-boost|p1a: Raging Boner|spa|1
|-boost|p1a: Raging Boner|spd|1
|
|-status|p2a: Gliscor|tox|[from] item: Toxic Orb
|upkeep
|turn|2
|
|t:|1778507055
|-end|p1a: Raging Boner|Protosynthesis|[silent]
|switch|p1a: Bossman Vlow|Venusaur, M|100/100
|move|p2a: Gliscor|Knock Off|p1a: Bossman Vlow
|-damage|p1a: Bossman Vlow|74/100
|-enditem|p1a: Bossman Vlow|Life Orb|[from] move: Knock Off|[of] p2a: Gliscor
|
|upkeep
|turn|3
|
|t:|1778507088
|switch|p1a: Dwyane Wade|Ninetales, F, shiny|100/100
|-weather|SunnyDay|[from] ability: Drought|[of] p1a: Dwyane Wade
|switch|p2a: Kyurem|Kyurem|100/100
|-ability|p2a: Kyurem|Pressure
|
|-weather|SunnyDay|[upkeep]
|upkeep
|turn|4
|
|t:|1778507105
|-terastallize|p2a: Kyurem|Fairy
|move|p1a: Dwyane Wade|Weather Ball|p2a: Kyurem
|-damage|p2a: Kyurem|55/100
|move|p2a: Kyurem|Dragon Dance|p2a: Kyurem
|-boost|p2a: Kyurem|atk|1
|-boost|p2a: Kyurem|spe|1
|
|-weather|SunnyDay|[upkeep]
|-heal|p2a: Kyurem|61/100|[from] item: Leftovers
|upkeep
|turn|5
|
|t:|1778507114
|move|p2a: Kyurem|Dragon Dance|p2a: Kyurem
|-boost|p2a: Kyurem|atk|1
|-boost|p2a: Kyurem|spe|1
|move|p1a: Dwyane Wade|Will-O-Wisp|p2a: Kyurem
|-status|p2a: Kyurem|brn
|
|-weather|SunnyDay|[upkeep]
|-heal|p2a: Kyurem|67/100 brn|[from] item: Leftovers
|-damage|p2a: Kyurem|61/100 brn|[from] brn
|upkeep
|turn|6
|
|t:|1778507125
|move|p2a: Kyurem|Dragon Dance|p2a: Kyurem
|-boost|p2a: Kyurem|atk|1
|-boost|p2a: Kyurem|spe|1
|move|p1a: Dwyane Wade|Weather Ball|p2a: Kyurem
|-damage|p2a: Kyurem|20/100 brn
|
|-weather|SunnyDay|[upkeep]
|-heal|p2a: Kyurem|26/100 brn|[from] item: Leftovers
|-damage|p2a: Kyurem|20/100 brn|[from] brn
|upkeep
|turn|7
|
|t:|1778507136
|switch|p1a: Raging Boner|Raging Bolt|100/100
|-item|p1a: Raging Boner|Air Balloon
|-activate|p1a: Raging Boner|ability: Protosynthesis
|-start|p1a: Raging Boner|protosynthesisspa
|move|p2a: Kyurem|Earth Power|p1a: Raging Boner
|-immune|p1a: Raging Boner
|
|-weather|SunnyDay|[upkeep]
|-heal|p2a: Kyurem|26/100 brn|[from] item: Leftovers
|-damage|p2a: Kyurem|20/100 brn|[from] brn
|upkeep
|turn|8
|
|t:|1778507149
|move|p2a: Kyurem|Dragon Dance|p2a: Kyurem
|-boost|p2a: Kyurem|atk|1
|-boost|p2a: Kyurem|spe|1
|move|p1a: Raging Boner|Calm Mind|p1a: Raging Boner
|-boost|p1a: Raging Boner|spa|1
|-boost|p1a: Raging Boner|spd|1
|
|-weather|SunnyDay|[upkeep]
|-heal|p2a: Kyurem|26/100 brn|[from] item: Leftovers
|-damage|p2a: Kyurem|20/100 brn|[from] brn
|upkeep
|turn|9
|
|t:|1778507158
|move|p1a: Raging Boner|Thunderclap||[still]
|-fail|p1a: Raging Boner
|move|p2a: Kyurem|Dragon Dance|p2a: Kyurem
|-boost|p2a: Kyurem|atk|1
|-boost|p2a: Kyurem|spe|1
|
|-weather|SunnyDay|[upkeep]
|-heal|p2a: Kyurem|26/100 brn|[from] item: Leftovers
|-damage|p2a: Kyurem|20/100 brn|[from] brn
|upkeep
|turn|10
|
|t:|1778507166
|move|p1a: Raging Boner|Thunderclap||[still]
|-fail|p1a: Raging Boner
|move|p2a: Kyurem|Dragon Dance|p2a: Kyurem
|-boost|p2a: Kyurem|atk|1
|-boost|p2a: Kyurem|spe|1
|
|-weather|none
|-end|p1a: Raging Boner|Protosynthesis
|-heal|p2a: Kyurem|26/100 brn|[from] item: Leftovers
|-damage|p2a: Kyurem|20/100 brn|[from] brn
|upkeep
|turn|11
|
|t:|1778507177
|move|p1a: Raging Boner|Thunderclap|p2a: Kyurem
|-damage|p2a: Kyurem|0 fnt
|faint|p2a: Kyurem
|
|upkeep
|
|t:|1778507185
|switch|p2a: Gholdengo|Gholdengo|100/100
|turn|12
|
|t:|1778507192
|move|p2a: Gholdengo|Trick|p1a: Raging Boner
|-activate|p2a: Gholdengo|move: Trick|[of] p1a: Raging Boner
|-item|p1a: Raging Boner|Choice Scarf|[from] move: Trick
|-item|p2a: Gholdengo|Air Balloon
|-item|p2a: Gholdengo|Air Balloon|[from] move: Trick
|move|p1a: Raging Boner|Thunderbolt|p2a: Gholdengo
|-damage|p2a: Gholdengo|23/100
|-enditem|p2a: Gholdengo|Air Balloon
|
|upkeep
|turn|13
|
|t:|1778507208
|-end|p1a: Raging Boner|Protosynthesis|[silent]
|switch|p1a: Dwyane Wade|Ninetales, F, shiny|100/100
|-weather|SunnyDay|[from] ability: Drought|[of] p1a: Dwyane Wade
|switch|p2a: Gliscor|Gliscor, M|100/100 tox
|
|-weather|SunnyDay|[upkeep]
|upkeep
|turn|14
|
|t:|1778507218
|move|p1a: Dwyane Wade|Will-O-Wisp||[still]
|-fail|p1a: Dwyane Wade
|move|p2a: Gliscor|Toxic|p1a: Dwyane Wade|[miss]
|-miss|p2a: Gliscor|p1a: Dwyane Wade
|
|-weather|SunnyDay|[upkeep]
|upkeep
|turn|15
|
|t:|1778507224
|switch|p1a: Bossman Vlow|Venusaur, M|74/100
|move|p2a: Gliscor|Knock Off|p1a: Bossman Vlow
|-damage|p1a: Bossman Vlow|56/100
|
|-weather|SunnyDay|[upkeep]
|upkeep
|turn|16
|
|t:|1778507232
|move|p2a: Gliscor|Protect|p2a: Gliscor
|-singleturn|p2a: Gliscor|Protect
|move|p1a: Bossman Vlow|Growth|p1a: Bossman Vlow
|-boost|p1a: Bossman Vlow|atk|2
|-boost|p1a: Bossman Vlow|spa|2
|
|-weather|SunnyDay|[upkeep]
|upkeep
|turn|17
|inactive|Battle timer is ON: inactive players will automatically lose when time's up. (requested by vvqApple)
|
|t:|1778507300
|switch|p2a: Gholdengo|Gholdengo|23/100
|-terastallize|p1a: Bossman Vlow|Fire
|move|p1a: Bossman Vlow|Weather Ball|p2a: Gholdengo
|-supereffective|p2a: Gholdengo
|-damage|p2a: Gholdengo|0 fnt
|faint|p2a: Gholdengo
|
|-weather|SunnyDay|[upkeep]
|upkeep
|
|t:|1778507319
|switch|p2a: Blaziken|Blaziken, M|100/100
|turn|18
|
|t:|1778507329
|move|p2a: Blaziken|Protect|p2a: Blaziken
|-singleturn|p2a: Blaziken|Protect
|move|p1a: Bossman Vlow|Giga Drain|p2a: Blaziken
|-activate|p2a: Blaziken|move: Protect
|
|-weather|SunnyDay|[upkeep]
|-ability|p2a: Blaziken|Speed Boost|boost
|-boost|p2a: Blaziken|spe|1
|upkeep
|turn|19
|
|t:|1778507336
|move|p1a: Bossman Vlow|Sludge Bomb|p2a: Blaziken
|-enditem|p2a: Blaziken|Focus Sash
|-damage|p2a: Blaziken|1/100
|move|p2a: Blaziken|Swords Dance|p2a: Blaziken
|-boost|p2a: Blaziken|atk|2
|
|-weather|SunnyDay|[upkeep]
|-ability|p2a: Blaziken|Speed Boost|boost
|-boost|p2a: Blaziken|spe|1
|upkeep
|turn|20
|
|t:|1778507346
|move|p1a: Bossman Vlow|Giga Drain|p2a: Blaziken
|-resisted|p2a: Blaziken
|-damage|p2a: Blaziken|0 fnt
|-heal|p1a: Bossman Vlow|57/100|[from] drain|[of] p2a: Blaziken
|faint|p2a: Blaziken
|
|-weather|none
|upkeep
|-message|vvqApple forfeited.
|
|win|NerfSlakingPls
|raw|NerfSlakingPls's rating: 1242 &rarr; <strong>1264</strong><br />(+22 for winning)
|raw|vvqApple's rating: 1200 &rarr; <strong>1178</strong><br />(-22 for losing)
|l|☆vvqApple
|player|p2|
