|html|<div class="broadcast-blue"><strong>[Gen 9] OU is currently suspecting Volcarona! For information on how to participate check out the <a href="https://www.smogon.com/tools/suspects/view/208">suspect thread</a>.</strong></div>
|j|☆typhoon9
|j|☆yunubetter
|t:|1778515327
|gametype|singles
|player|p1|typhoon9|swimmerf-gen4dp|1381
|player|p2|yunubetter|liza|1327
|gen|9
|tier|[Gen 9] OU
|rated|
|rule|HP Percentage Mod: HP is shown in percentages
|rule|Endless Battle Clause: Forcing endless battles is banned
|rule|Species Clause: Limit one of each Pokémon
|rule|OHKO Clause: OHKO moves are banned
|rule|Evasion Items Clause: Evasion items are banned
|rule|Evasion Moves Clause: Evasion moves are banned
|rule|Evasion Abilities Clause: Evasion abilities are banned
|rule|Sleep Moves Clause: Sleep-inducing moves are banned
|clearpoke
|poke|p1|Latios, M|
|poke|p1|Rotom-Wash|
|poke|p1|Gholdengo|
|poke|p1|Ting-Lu|
|poke|p1|Iron Valiant|
|poke|p1|Hydreigon, M|
|poke|p2|Zapdos|
|poke|p2|Kyurem|
|poke|p2|Revavroom, F|
|poke|p2|Great Tusk|
|poke|p2|Zamazenta-*|
|poke|p2|Volcarona, F|
|teampreview
|inactive|Battle timer is ON: inactive players will automatically lose when time's up. (requested by typhoon9)
|
|t:|1778515339
|teamsize|p1|6
|teamsize|p2|6
|start
|switch|p1a: Ken & The Carsons|Hydreigon, M|100/100
|switch|p2a: Kyurem|Kyurem, shiny|100/100
|-ability|p2a: Kyurem|Pressure
|turn|1
|
|t:|1778515356
|switch|p2a: Zapdos|Zapdos, shiny|100/100
|move|p1a: Ken & The Carsons|Draco Meteor|p2a: Zapdos
|-damage|p2a: Zapdos|22/100
|-unboost|p1a: Ken & The Carsons|spa|2
|
|upkeep
|turn|2
|
|t:|1778515360
|move|p1a: Ken & The Carsons|Draco Meteor|p2a: Zapdos
|-crit|p2a: Zapdos
|-damage|p2a: Zapdos|0 fnt
|-unboost|p1a: Ken & The Carsons|spa|2
|faint|p2a: Zapdos
|
|upkeep
|
|t:|1778515373
|switch|p2a: Revavroom|Revavroom, F|100/100
|-item|p2a: Revavroom|Air Balloon
|turn|3
|
|t:|1778515381
|switch|p1a: Rotom-Woman|Rotom-Wash|100/100
|move|p2a: Revavroom|Shift Gear|p2a: Revavroom
|-boost|p2a: Revavroom|spe|2
|-boost|p2a: Revavroom|atk|1
|
|upkeep
|turn|4
|
|t:|1778515393
|move|p2a: Revavroom|Shift Gear|p2a: Revavroom
|-boost|p2a: Revavroom|spe|2
|-boost|p2a: Revavroom|atk|1
|move|p1a: Rotom-Woman|Will-O-Wisp|p2a: Revavroom|[miss]
|-miss|p1a: Rotom-Woman|p2a: Revavroom
|
|upkeep
|turn|5
|
|t:|1778515399
|move|p2a: Revavroom|Poison Jab|p1a: Rotom-Woman
|-damage|p1a: Rotom-Woman|31/100
|-status|p1a: Rotom-Woman|psn
|move|p1a: Rotom-Woman|Will-O-Wisp|p2a: Revavroom
|-status|p2a: Revavroom|brn
|
|-heal|p1a: Rotom-Woman|37/100 psn|[from] item: Leftovers
|-damage|p1a: Rotom-Woman|25/100 psn|[from] psn
|-damage|p2a: Revavroom|95/100 brn|[from] brn
|upkeep
|turn|6
|
|t:|1778515403
|move|p2a: Revavroom|Poison Jab|p1a: Rotom-Woman
|-damage|p1a: Rotom-Woman|0 fnt
|faint|p1a: Rotom-Woman
|
|-damage|p2a: Revavroom|89/100 brn|[from] brn
|upkeep
|
|t:|1778515411
|switch|p1a: GholDio GholBrando|Gholdengo|100/100
|-item|p1a: GholDio GholBrando|Air Balloon
|turn|7
|
|t:|1778515413
|move|p2a: Revavroom|Temper Flare|p1a: GholDio GholBrando
|-supereffective|p1a: GholDio GholBrando
|-damage|p1a: GholDio GholBrando|65/100
|-enditem|p1a: GholDio GholBrando|Air Balloon
|move|p1a: GholDio GholBrando|Hex|p2a: Revavroom
|-damage|p2a: Revavroom|5/100 brn
|-enditem|p2a: Revavroom|Air Balloon
|
|-damage|p2a: Revavroom|0 fnt|[from] brn
|faint|p2a: Revavroom
|upkeep
|
|t:|1778515419
|switch|p2a: Great Tusk|Great Tusk, shiny|100/100
|turn|8
|
|t:|1778515428
|switch|p1a: Ken & The Carsons|Hydreigon, M|100/100
|move|p2a: Great Tusk|Ice Spinner|p1a: Ken & The Carsons
|-supereffective|p1a: Ken & The Carsons
|-damage|p1a: Ken & The Carsons|40/100
|
|upkeep
|turn|9
|
|t:|1778515437
|move|p1a: Ken & The Carsons|Draco Meteor|p2a: Great Tusk
|-damage|p2a: Great Tusk|3/100
|-unboost|p1a: Ken & The Carsons|spa|2
|move|p2a: Great Tusk|Ice Spinner|p1a: Ken & The Carsons
|-supereffective|p1a: Ken & The Carsons
|-damage|p1a: Ken & The Carsons|0 fnt
|faint|p1a: Ken & The Carsons
|
|upkeep
|
|t:|1778515443
|switch|p1a: Latioverdose|Latios, M|100/100
|turn|10
|
|t:|1778515453
|move|p1a: Latioverdose|Flip Turn|p2a: Great Tusk
|-supereffective|p2a: Great Tusk
|-damage|p2a: Great Tusk|0 fnt
|faint|p2a: Great Tusk
|-end|p2a: Great Tusk|Protosynthesis|[silent]
|
|t:|1778515458
|switch|p1a: Silver Chariot|Iron Valiant, shiny|100/100|[from] Flip Turn
|
|upkeep
|
|t:|1778515470
|switch|p2a: Volcarona|Volcarona, F|100/100
|turn|11
|
|t:|1778515474
|move|p1a: Silver Chariot|Knock Off|p2a: Volcarona
|-damage|p2a: Volcarona|66/100
|-status|p1a: Silver Chariot|brn|[from] ability: Flame Body|[of] p2a: Volcarona
|-enditem|p2a: Volcarona|Heavy-Duty Boots|[from] move: Knock Off|[of] p1a: Silver Chariot
|move|p2a: Volcarona|Quiver Dance|p2a: Volcarona
|-boost|p2a: Volcarona|spa|1
|-boost|p2a: Volcarona|spd|1
|-boost|p2a: Volcarona|spe|1
|
|-damage|p1a: Silver Chariot|94/100 brn|[from] brn
|upkeep
|turn|12
|
|t:|1778515483
|-end|p1a: Silver Chariot|Quark Drive|[silent]
|switch|p1a: Ry-Lu|Ting-Lu|100/100
|-ability|p1a: Ry-Lu|Vessel of Ruin
|move|p2a: Volcarona|Quiver Dance|p2a: Volcarona
|-boost|p2a: Volcarona|spa|1
|-boost|p2a: Volcarona|spd|1
|-boost|p2a: Volcarona|spe|1
|
|upkeep
|turn|13
|
|t:|1778515494
|-terastallize|p1a: Ry-Lu|Poison
|move|p2a: Volcarona|Giga Drain|p1a: Ry-Lu
|-resisted|p1a: Ry-Lu
|-damage|p1a: Ry-Lu|90/100
|-heal|p2a: Volcarona|75/100|[from] drain|[of] p1a: Ry-Lu
|move|p1a: Ry-Lu|Whirlwind|p2a: Volcarona
|drag|p2a: Kyurem|Kyurem, shiny|100/100
|-ability|p2a: Kyurem|Pressure
|
|-heal|p1a: Ry-Lu|96/100|[from] item: Leftovers
|upkeep
|turn|14
|
|t:|1778515506
|move|p2a: Kyurem|Psychic|p1a: Ry-Lu
|-supereffective|p1a: Ry-Lu
|-damage|p1a: Ry-Lu|71/100
|move|p1a: Ry-Lu|Stealth Rock|p2a: Kyurem
|-sidestart|p2: yunubetter|move: Stealth Rock
|
|-heal|p1a: Ry-Lu|78/100|[from] item: Leftovers
|upkeep
|turn|15
|
|t:|1778515511
|move|p2a: Kyurem|Psychic|p1a: Ry-Lu
|-supereffective|p1a: Ry-Lu
|-damage|p1a: Ry-Lu|53/100
|move|p1a: Ry-Lu|Whirlwind|p2a: Kyurem
|drag|p2a: Zazamenta|Zamazenta, shiny|100/100
|-damage|p2a: Zazamenta|94/100|[from] Stealth Rock
|-ability|p2a: Zazamenta|Dauntless Shield|boost
|-boost|p2a: Zazamenta|def|1
|
|-heal|p2a: Zazamenta|100/100|[from] item: Leftovers
|-heal|p1a: Ry-Lu|59/100|[from] item: Leftovers
|upkeep
|turn|16
|
|t:|1778515519
|switch|p2a: Kyurem|Kyurem, shiny|100/100
|-ability|p2a: Kyurem|Pressure
|move|p1a: Ry-Lu|Whirlwind|p2a: Kyurem
|drag|p2a: Volcarona|Volcarona, F|75/100
|-damage|p2a: Volcarona|25/100|[from] Stealth Rock
|
|-heal|p1a: Ry-Lu|65/100|[from] item: Leftovers
|upkeep
|turn|17
|
|t:|1778515526
|move|p2a: Volcarona|Psychic|p1a: Ry-Lu
|-supereffective|p1a: Ry-Lu
|-damage|p1a: Ry-Lu|42/100
|move|p1a: Ry-Lu|Whirlwind|p2a: Volcarona
|drag|p2a: Zazamenta|Zamazenta, shiny|100/100
|-damage|p2a: Zazamenta|94/100|[from] Stealth Rock
|
|-heal|p2a: Zazamenta|100/100|[from] item: Leftovers
|-heal|p1a: Ry-Lu|48/100|[from] item: Leftovers
|upkeep
|turn|18
|
|t:|1778515532
|move|p2a: Zazamenta|Iron Defense|p2a: Zazamenta
|-boost|p2a: Zazamenta|def|2
|move|p1a: Ry-Lu|Ruination|p2a: Zazamenta
|-damage|p2a: Zazamenta|50/100
|
|-heal|p2a: Zazamenta|57/100|[from] item: Leftovers
|-heal|p1a: Ry-Lu|54/100|[from] item: Leftovers
|upkeep
|turn|19
|-message|yunubetter forfeited.
|
|win|typhoon9
|raw|typhoon9's rating: 1381 &rarr; <strong>1398</strong><br />(+17 for winning)
|raw|yunubetter's rating: 1327 &rarr; <strong>1310</strong><br />(-17 for losing)
|l|☆yunubetter
|player|p2|
|l|☆typhoon9
|player|p1|
