|html|<div class="broadcast-blue"><strong>[Gen 9] OU is currently suspecting Tera Blast! For information on how to participate check out the <a href="https://www.smogon.com/tools/suspects/view/200">suspect thread</a>.</strong></div>
|j|☆jay4721
|j|☆nixiokmo
|t:|1776039819
|gametype|singles
|player|p1|jay4721|juggler|1117
|player|p2|nixiokmo|dawn-gen4pt|1088
|gen|9
|tier|[Gen 9] OU
|rated|
|rule|HP Percentage Mod: HP is shown in percentages
|rule|Endless Battle Clause: Forcing endless battles is banned
|rule|Species Clause: Limit one of each Pokémon
|rule|OHKO Clause: OHKO moves are banned
|rule|Evasion Items Clause: Evasion items are banned
|rule|Evasion Moves Clause: Evasion moves are banned
|rule|Evasion Abilities Clause: Evasion abilities are banned
|rule|Sleep Moves Clause: Sleep-inducing moves are banned
|clearpoke
|poke|p1|Gengar, F|
|poke|p1|Staraptor, M|
|poke|p1|Krookodile, F|
|poke|p1|Tentacruel, M|
|poke|p1|Chandelure, M|
|poke|p1|Scizor, M|
|poke|p2|Sylveon, F|
|poke|p2|Milotic, F|
|poke|p2|Pachirisu, F|
|poke|p2|Heatran, F|
|poke|p2|Garchomp, F|
|poke|p2|Corviknight, F|
|teampreview
|
|t:|1776039828
|teamsize|p1|6
|teamsize|p2|6
|start
|switch|p1a: Tentacruel|Tentacruel, M|100/100
|switch|p2a: Heatran|Heatran, F|100/100
|turn|1
|
|t:|1776039851
|switch|p2a: Pachirisu|Pachirisu, F, shiny|100/100
|move|p1a: Tentacruel|Surf|p2a: Pachirisu
|-damage|p2a: Pachirisu|69/100
|
|upkeep
|turn|2
|
|t:|1776039862
|switch|p1a: Krookodile|Krookodile, F|100/100
|-ability|p1a: Krookodile|Intimidate|boost
|-unboost|p2a: Pachirisu|atk|1
|move|p2a: Pachirisu|Nuzzle|p1a: Krookodile
|-immune|p1a: Krookodile
|
|upkeep
|turn|3
|
|t:|1776039872
|move|p1a: Krookodile|Earthquake|p2a: Pachirisu
|-supereffective|p2a: Pachirisu
|-crit|p2a: Pachirisu
|-damage|p2a: Pachirisu|0 fnt
|faint|p2a: Pachirisu
|
|upkeep
|
|t:|1776039875
|switch|p2a: Sylveon|Sylveon, F, shiny|100/100
|turn|4
|
|t:|1776039881
|move|p1a: Krookodile|Stealth Rock|p2a: Sylveon
|-sidestart|p2: nixiokmo|move: Stealth Rock
|move|p2a: Sylveon|Hyper Voice|p1a: Krookodile
|-supereffective|p1a: Krookodile
|-damage|p1a: Krookodile|2/100
|
|-heal|p1a: Krookodile|8/100|[from] item: Leftovers
|upkeep
|turn|5
|
|t:|1776039891
|move|p1a: Krookodile|Earthquake|p2a: Sylveon
|-crit|p2a: Sylveon
|-damage|p2a: Sylveon|48/100
|move|p2a: Sylveon|Calm Mind|p2a: Sylveon
|-boost|p2a: Sylveon|spa|1
|-boost|p2a: Sylveon|spd|1
|
|-heal|p1a: Krookodile|14/100|[from] item: Leftovers
|-heal|p2a: Sylveon|54/100|[from] item: Leftovers
|upkeep
|turn|6
|
|t:|1776039900
|move|p1a: Krookodile|Earthquake|p2a: Sylveon
|-damage|p2a: Sylveon|22/100
|move|p2a: Sylveon|Hyper Voice|p1a: Krookodile
|-supereffective|p1a: Krookodile
|-damage|p1a: Krookodile|0 fnt
|faint|p1a: Krookodile
|
|-heal|p2a: Sylveon|28/100|[from] item: Leftovers
|upkeep
|
|t:|1776039915
|switch|p1a: Scizor|Scizor, M|100/100
|turn|7
|
|t:|1776039927
|switch|p2a: Corviknight|Corviknight, F|100/100
|-damage|p2a: Corviknight|88/100|[from] Stealth Rock
|-ability|p2a: Corviknight|Pressure
|move|p1a: Scizor|Bullet Punch|p2a: Corviknight
|-resisted|p2a: Corviknight
|-crit|p2a: Corviknight
|-damage|p2a: Corviknight|65/100
|
|-heal|p2a: Corviknight|71/100|[from] item: Leftovers
|upkeep
|turn|8
|
|t:|1776039945
|switch|p1a: Chandelure|Chandelure, M|100/100
|move|p2a: Corviknight|Brave Bird|p1a: Chandelure
|-damage|p1a: Chandelure|49/100
|-damage|p2a: Corviknight|60/100|[from] Recoil
|
|-heal|p2a: Corviknight|66/100|[from] item: Leftovers
|upkeep
|turn|9
|
|t:|1776039960
|-terastallize|p1a: Chandelure|Fire
|move|p1a: Chandelure|Flamethrower|p2a: Corviknight
|-supereffective|p2a: Corviknight
|-damage|p2a: Corviknight|0 fnt
|faint|p2a: Corviknight
|
|upkeep
|
|t:|1776039965
|switch|p2a: Heatran|Heatran, F|100/100
|-damage|p2a: Heatran|88/100|[from] Stealth Rock
|turn|10
|
|t:|1776039971
|move|p1a: Chandelure|Flamethrower|p2a: Heatran
|-start|p2a: Heatran|ability: Flash Fire
|move|p2a: Heatran|Taunt|p1a: Chandelure
|-start|p1a: Chandelure|move: Taunt
|
|-heal|p2a: Heatran|94/100|[from] item: Leftovers
|upkeep
|turn|11
|
|t:|1776039980
|switch|p1a: Tentacruel|Tentacruel, M|100/100
|move|p2a: Heatran|Earth Power|p1a: Tentacruel
|-supereffective|p1a: Tentacruel
|-damage|p1a: Tentacruel|59/100
|
|-heal|p1a: Tentacruel|65/100|[from] item: Black Sludge
|-heal|p2a: Heatran|100/100|[from] item: Leftovers
|upkeep
|turn|12
|
|t:|1776039990
|move|p1a: Tentacruel|Surf|p2a: Heatran
|-supereffective|p2a: Heatran
|-damage|p2a: Heatran|67/100
|move|p2a: Heatran|Earth Power|p1a: Tentacruel
|-supereffective|p1a: Tentacruel
|-damage|p1a: Tentacruel|25/100
|
|-heal|p1a: Tentacruel|31/100|[from] item: Black Sludge
|-heal|p2a: Heatran|74/100|[from] item: Leftovers
|upkeep
|turn|13
|
|t:|1776040006
|move|p1a: Tentacruel|Surf|p2a: Heatran
|-supereffective|p2a: Heatran
|-damage|p2a: Heatran|44/100
|move|p2a: Heatran|Earth Power|p1a: Tentacruel
|-supereffective|p1a: Tentacruel
|-damage|p1a: Tentacruel|0 fnt
|faint|p1a: Tentacruel
|
|-heal|p2a: Heatran|50/100|[from] item: Leftovers
|upkeep
|
|t:|1776040024
|switch|p1a: Gengar|Gengar, F|100/100
|turn|14
|
|t:|1776040038
|move|p1a: Gengar|Shadow Ball|p2a: Heatran
|-damage|p2a: Heatran|26/100
|move|p2a: Heatran|Earth Power|p1a: Gengar
|-supereffective|p1a: Gengar
|-damage|p1a: Gengar|10/100
|
|-heal|p2a: Heatran|32/100|[from] item: Leftovers
|upkeep
|turn|15
|
|t:|1776040047
|move|p1a: Gengar|Destiny Bond|p1a: Gengar
|-singlemove|p1a: Gengar|Destiny Bond
|move|p2a: Heatran|Earth Power|p1a: Gengar
|-supereffective|p1a: Gengar
|-damage|p1a: Gengar|0 fnt
|faint|p1a: Gengar
|-activate|p1a: Gengar|move: Destiny Bond
|faint|p2a: Heatran
|
|upkeep
|
|t:|1776040072
|switch|p1a: Scizor|Scizor, M|100/100
|switch|p2a: Milotic|Milotic, F|100/100
|-damage|p2a: Milotic|88/100|[from] Stealth Rock
|turn|16
|
|t:|1776040090
|move|p2a: Milotic|Scald|p1a: Scizor
|-damage|p1a: Scizor|66/100
|move|p1a: Scizor|U-turn|p2a: Milotic
|-damage|p2a: Milotic|42/100
|
|t:|1776040097
|switch|p1a: Staraptor|Staraptor, M|100/100|[from] U-turn
|
|-status|p2a: Milotic|brn|[from] item: Flame Orb
|upkeep
|turn|17
|
|t:|1776040120
|move|p1a: Staraptor|U-turn|p2a: Milotic
|-damage|p2a: Milotic|24/100 brn
|
|t:|1776040125
|switch|p1a: Scizor|Scizor, M|66/100|[from] U-turn
|move|p2a: Milotic|Recover|p2a: Milotic
|-heal|p2a: Milotic|74/100 brn
|
|-damage|p2a: Milotic|68/100 brn|[from] brn
|upkeep
|turn|18
|
|t:|1776040146
|move|p2a: Milotic|Scald|p1a: Scizor
|-damage|p1a: Scizor|33/100
|move|p1a: Scizor|Close Combat|p2a: Milotic
|-damage|p2a: Milotic|37/100 brn
|-unboost|p1a: Scizor|def|1
|-unboost|p1a: Scizor|spd|1
|
|-damage|p2a: Milotic|31/100 brn|[from] brn
|upkeep
|turn|19
|
|t:|1776040158
|switch|p1a: Staraptor|Staraptor, M|100/100
|move|p2a: Milotic|Scald|p1a: Staraptor
|-damage|p1a: Staraptor|57/100
|
|-damage|p2a: Milotic|25/100 brn|[from] brn
|upkeep
|turn|20
|
|t:|1776040171
|switch|p2a: Sylveon|Sylveon, F, shiny|28/100
|-damage|p2a: Sylveon|15/100|[from] Stealth Rock
|move|p1a: Staraptor|Close Combat|p2a: Sylveon
|-resisted|p2a: Sylveon
|-damage|p2a: Sylveon|0 fnt
|-unboost|p1a: Staraptor|def|1
|-unboost|p1a: Staraptor|spd|1
|faint|p2a: Sylveon
|
|upkeep
|
|t:|1776040181
|switch|p2a: Garchomp|Garchomp, F|100/100
|-damage|p2a: Garchomp|94/100|[from] Stealth Rock
|turn|21
|
|t:|1776040188
|switch|p1a: Chandelure|Chandelure, M, tera:Fire|49/100
|move|p2a: Garchomp|Stone Edge|p1a: Chandelure
|-supereffective|p1a: Chandelure
|-damage|p1a: Chandelure|0 fnt
|faint|p1a: Chandelure
|
|upkeep
|
|t:|1776040197
|switch|p1a: Staraptor|Staraptor, M|57/100
|turn|22
|
|t:|1776040200
|move|p2a: Garchomp|Stone Edge|p1a: Staraptor|[miss]
|-miss|p2a: Garchomp|p1a: Staraptor
|move|p1a: Staraptor|Brave Bird|p2a: Garchomp
|-damage|p2a: Garchomp|0 fnt
|-damage|p1a: Staraptor|45/100|[from] ability: Rough Skin|[of] p2a: Garchomp
|faint|p2a: Garchomp
|-damage|p1a: Staraptor|9/100|[from] Recoil
|
|upkeep
|
|t:|1776040205
|switch|p2a: Milotic|Milotic, F|25/100 brn
|-damage|p2a: Milotic|12/100 brn|[from] Stealth Rock
|turn|23
|
|t:|1776040212
|move|p1a: Staraptor|Brave Bird|p2a: Milotic
|-damage|p2a: Milotic|0 fnt
|faint|p2a: Milotic
|-damage|p1a: Staraptor|4/100|[from] Recoil
|
|win|jay4721
|raw|jay4721's rating: 1117 &rarr; <strong>1140</strong><br />(+23 for winning)
|raw|nixiokmo's rating: 1088 &rarr; <strong>1067</strong><br />(-21 for losing)
|c|☆nixiokmo|wp
|l|☆jay4721
|player|p1|
|j|☆jay4721
|player|p1|jay4721|juggler|
|l|☆jay4721
|player|p1|
