|html|<div class="broadcast-blue"><strong>[Gen 9] OU is currently suspecting Tera Blast! For information on how to participate check out the <a href="https://www.smogon.com/tools/suspects/view/200">suspect thread</a>.</strong></div>
|j|☆bigmac1993
|j|☆Kichimura Washuu
|t:|1776094570
|gametype|singles
|player|p1|bigmac1993|jasmine|1153
|player|p2|Kichimura Washuu|clerk|1188
|gen|9
|tier|[Gen 9] OU
|rated|
|rule|HP Percentage Mod: HP is shown in percentages
|rule|Endless Battle Clause: Forcing endless battles is banned
|rule|Species Clause: Limit one of each Pokémon
|rule|OHKO Clause: OHKO moves are banned
|rule|Evasion Items Clause: Evasion items are banned
|rule|Evasion Moves Clause: Evasion moves are banned
|rule|Evasion Abilities Clause: Evasion abilities are banned
|rule|Sleep Moves Clause: Sleep-inducing moves are banned
|clearpoke
|poke|p1|Dragonite, M|
|poke|p1|Samurott-Hisui, M|
|poke|p1|Clefable, F|
|poke|p1|Gliscor, F|
|poke|p1|Gholdengo|
|poke|p1|Zamazenta-*|
|poke|p2|Chansey, F|
|poke|p2|Clefable, M|
|poke|p2|Gliscor, M|
|poke|p2|Dondozo, M|
|poke|p2|Toxapex, M|
|poke|p2|Garganacl, M|
|teampreview
|inactive|Battle timer is ON: inactive players will automatically lose when time's up. (requested by bigmac1993)
|
|t:|1776094618
|teamsize|p1|6
|teamsize|p2|6
|start
|switch|p1a: Gucci|Gholdengo|100/100
|switch|p2a: Gliscor|Gliscor, M|100/100
|turn|1
|
|t:|1776094633
|move|p2a: Gliscor|Protect|p2a: Gliscor
|-singleturn|p2a: Gliscor|Protect
|move|p1a: Gucci|Trick|p2a: Gliscor
|-activate|p2a: Gliscor|move: Protect
|
|-status|p2a: Gliscor|tox|[from] item: Toxic Orb
|upkeep
|turn|2
|
|t:|1776094646
|switch|p1a: Feet pics|Gliscor, F|100/100
|move|p2a: Gliscor|Knock Off|p1a: Feet pics
|-damage|p1a: Feet pics|83/100
|-enditem|p1a: Feet pics|Toxic Orb|[from] move: Knock Off|[of] p2a: Gliscor
|
|upkeep
|turn|3
|inactive|Kichimura Washuu has 120 seconds left.
|
|t:|1776094684
|move|p1a: Feet pics|Swords Dance|p1a: Feet pics
|-boost|p1a: Feet pics|atk|2
|move|p2a: Gliscor|Stealth Rock|p1a: Feet pics
|-sidestart|p1: bigmac1993|move: Stealth Rock
|
|upkeep
|turn|4
|inactive|Kichimura Washuu has 120 seconds left.
|
|t:|1776094691
|switch|p2a: Dondozo|Dondozo, M, shiny|100/100
|move|p1a: Feet pics|Facade|p2a: Dondozo
|-damage|p2a: Dondozo|93/100
|
|-heal|p2a: Dondozo|99/100|[from] item: Leftovers
|upkeep
|turn|5
|
|t:|1776094700
|move|p1a: Feet pics|Knock Off|p2a: Dondozo
|-damage|p2a: Dondozo|90/100
|-enditem|p2a: Dondozo|Leftovers|[from] move: Knock Off|[of] p1a: Feet pics
|move|p2a: Dondozo|Curse|p2a: Dondozo
|-unboost|p2a: Dondozo|spe|1
|-boost|p2a: Dondozo|atk|1
|-boost|p2a: Dondozo|def|1
|
|upkeep
|turn|6
|inactive|Kichimura Washuu has 120 seconds left.
|
|t:|1776094717
|switch|p1a: Gucci|Gholdengo|100/100
|-damage|p1a: Gucci|94/100|[from] Stealth Rock
|move|p2a: Dondozo|Wave Crash|p1a: Gucci
|-damage|p1a: Gucci|22/100
|-damage|p2a: Dondozo|75/100|[from] Recoil
|
|upkeep
|turn|7
|
|t:|1776094728
|move|p1a: Gucci|Recover|p1a: Gucci
|-heal|p1a: Gucci|72/100
|move|p2a: Dondozo|Wave Crash|p1a: Gucci
|-damage|p1a: Gucci|5/100
|-damage|p2a: Dondozo|61/100|[from] Recoil
|
|upkeep
|turn|8
|
|t:|1776094737
|move|p1a: Gucci|Recover|p1a: Gucci
|-heal|p1a: Gucci|55/100
|move|p2a: Dondozo|Wave Crash|p1a: Gucci
|-damage|p1a: Gucci|0 fnt
|faint|p1a: Gucci
|-damage|p2a: Dondozo|50/100|[from] Recoil
|
|upkeep
|
|t:|1776094747
|switch|p1a: Vexbolts|Samurott-Hisui, M, shiny|100/100
|-damage|p1a: Vexbolts|88/100|[from] Stealth Rock
|turn|9
|
|t:|1776094773
|move|p1a: Vexbolts|Ceaseless Edge|p2a: Dondozo
|-damage|p2a: Dondozo|36/100
|-sidestart|p2: Kichimura Washuu|Spikes
|move|p2a: Dondozo|Rest|p2a: Dondozo
|-status|p2a: Dondozo|slp|[from] move: Rest
|-heal|p2a: Dondozo|100/100 slp|[silent]
|
|upkeep
|turn|10
|
|t:|1776094785
|move|p1a: Vexbolts|Ceaseless Edge|p2a: Dondozo
|-damage|p2a: Dondozo|87/100 slp
|-sidestart|p2: Kichimura Washuu|Spikes
|cant|p2a: Dondozo|slp
|move|p2a: Dondozo|Sleep Talk|p2a: Dondozo
|move|p2a: Dondozo|Wave Crash|p1a: Vexbolts|[from] move: Sleep Talk
|-resisted|p1a: Vexbolts
|-damage|p1a: Vexbolts|58/100
|-damage|p2a: Dondozo|79/100 slp|[from] Recoil
|
|upkeep
|turn|11
|inactive|Kichimura Washuu has 120 seconds left.
|
|t:|1776094817
|move|p1a: Vexbolts|Ceaseless Edge|p2a: Dondozo
|-damage|p2a: Dondozo|66/100 slp
|-sidestart|p2: Kichimura Washuu|Spikes
|cant|p2a: Dondozo|slp
|move|p2a: Dondozo|Sleep Talk|p2a: Dondozo
|move|p2a: Dondozo|Rest||[from] move: Sleep Talk|[still]
|-fail|p2a: Dondozo
|
|upkeep
|turn|12
|
|t:|1776094834
|switch|p1a: Doge|Zamazenta|100/100
|-damage|p1a: Doge|94/100|[from] Stealth Rock
|-ability|p1a: Doge|Dauntless Shield|boost
|-boost|p1a: Doge|def|1
|-curestatus|p2a: Dondozo|slp|[msg]
|move|p2a: Dondozo|Curse|p2a: Dondozo
|-unboost|p2a: Dondozo|spe|1
|-boost|p2a: Dondozo|atk|1
|-boost|p2a: Dondozo|def|1
|
|-heal|p1a: Doge|100/100|[from] item: Leftovers
|upkeep
|turn|13
|inactive|Kichimura Washuu has 120 seconds left.
|
|t:|1776094863
|move|p2a: Dondozo|Curse|p2a: Dondozo
|-unboost|p2a: Dondozo|spe|1
|-boost|p2a: Dondozo|atk|1
|-boost|p2a: Dondozo|def|1
|move|p1a: Doge|Roar|p2a: Dondozo
|drag|p2a: Chansey|Chansey, F|100/100
|-damage|p2a: Chansey|75/100|[from] Spikes
|
|upkeep
|turn|14
|
|t:|1776094875
|switch|p2a: Gliscor|Gliscor, M|100/100 tox
|move|p1a: Doge|Iron Defense|p1a: Doge
|-boost|p1a: Doge|def|2
|
|upkeep
|turn|15
|
|t:|1776094882
|move|p2a: Gliscor|Toxic|p1a: Doge
|-status|p1a: Doge|tox
|move|p1a: Doge|Roar|p2a: Gliscor
|drag|p2a: Garganacl|Garganacl, M, shiny|100/100
|-damage|p2a: Garganacl|75/100|[from] Spikes
|
|-heal|p2a: Garganacl|82/100|[from] item: Leftovers
|-damage|p1a: Doge|94/100 tox|[from] psn
|upkeep
|turn|16
|inactive|Kichimura Washuu has 120 seconds left.
|
|t:|1776094894
|move|p1a: Doge|Crunch|p2a: Garganacl
|-damage|p2a: Garganacl|70/100
|-unboost|p2a: Garganacl|def|1
|move|p2a: Garganacl|Salt Cure|p1a: Doge
|-resisted|p1a: Doge
|-damage|p1a: Doge|92/100 tox
|-start|p1a: Doge|Salt Cure
|
|-heal|p1a: Doge|98/100 tox|[from] item: Leftovers
|-heal|p2a: Garganacl|76/100|[from] item: Leftovers
|-damage|p1a: Doge|86/100 tox|[from] psn
|-damage|p1a: Doge|73/100 tox|[from] Salt Cure
|upkeep
|turn|17
|inactive|Kichimura Washuu has 120 seconds left.
|
|t:|1776094932
|switch|p2a: Dondozo|Dondozo, M, shiny|66/100
|-damage|p2a: Dondozo|41/100|[from] Spikes
|move|p1a: Doge|Roar|p2a: Dondozo
|drag|p2a: Garganacl|Garganacl, M, shiny|76/100
|-damage|p2a: Garganacl|51/100|[from] Spikes
|
|-heal|p1a: Doge|80/100 tox|[from] item: Leftovers
|-heal|p2a: Garganacl|58/100|[from] item: Leftovers
|-damage|p1a: Doge|61/100 tox|[from] psn
|-damage|p1a: Doge|49/100 tox|[from] Salt Cure
|upkeep
|turn|18
|
|t:|1776094946
|switch|p2a: Gliscor|Gliscor, M|100/100 tox
|move|p1a: Doge|Body Press|p2a: Gliscor
|-resisted|p2a: Gliscor
|-damage|p2a: Gliscor|76/100 tox
|
|-heal|p1a: Doge|55/100 tox|[from] item: Leftovers
|-damage|p1a: Doge|30/100 tox|[from] psn
|-heal|p2a: Gliscor|88/100 tox|[from] ability: Poison Heal
|-damage|p1a: Doge|18/100 tox|[from] Salt Cure
|upkeep
|turn|19
|inactive|Kichimura Washuu has 90 seconds left.
|
|t:|1776094967
|move|p2a: Gliscor|Protect|p2a: Gliscor
|-singleturn|p2a: Gliscor|Protect
|move|p1a: Doge|Roar|p2a: Gliscor
|drag|p2a: Garganacl|Garganacl, M, shiny|58/100
|-damage|p2a: Garganacl|33/100|[from] Spikes
|
|-heal|p1a: Doge|24/100 tox|[from] item: Leftovers
|-heal|p2a: Garganacl|39/100|[from] item: Leftovers
|-damage|p1a: Doge|0 fnt|[from] psn
|faint|p1a: Doge
|upkeep
|
|t:|1776094980
|switch|p1a: Vexbolts|Samurott-Hisui, M, shiny|58/100
|-damage|p1a: Vexbolts|45/100|[from] Stealth Rock
|turn|20
|inactive|Kichimura Washuu has 90 seconds left.
|inactive|Kichimura Washuu has 60 seconds left.
|
|t:|1776095035
|switch|p2a: Gliscor|Gliscor, M|88/100 tox
|move|p1a: Vexbolts|Razor Shell|p2a: Gliscor
|-supereffective|p2a: Gliscor
|-damage|p2a: Gliscor|25/100 tox
|-unboost|p2a: Gliscor|def|1
|
|-heal|p2a: Gliscor|38/100 tox|[from] ability: Poison Heal
|upkeep
|turn|21
|inactive|Kichimura Washuu has 60 seconds left.
|
|t:|1776095049
|move|p2a: Gliscor|Protect|p2a: Gliscor
|-singleturn|p2a: Gliscor|Protect
|move|p1a: Vexbolts|Razor Shell|p2a: Gliscor
|-activate|p2a: Gliscor|move: Protect
|
|-heal|p2a: Gliscor|50/100 tox|[from] ability: Poison Heal
|upkeep
|turn|22
|inactive|Kichimura Washuu has 60 seconds left.
|inactive|Kichimura Washuu has 30 seconds left.
|
|t:|1776095095
|-terastallize|p2a: Gliscor|Water
|move|p2a: Gliscor|Protect||[still]
|-fail|p2a: Gliscor
|move|p1a: Vexbolts|Razor Shell|p2a: Gliscor
|-resisted|p2a: Gliscor
|-damage|p2a: Gliscor|29/100 tox
|-unboost|p2a: Gliscor|def|1
|
|-heal|p2a: Gliscor|41/100 tox|[from] ability: Poison Heal
|upkeep
|turn|23
|
|t:|1776095108
|switch|p2a: Toxapex|Toxapex, M, shiny|100/100
|-damage|p2a: Toxapex|75/100|[from] Spikes
|move|p1a: Vexbolts|Ceaseless Edge|p2a: Toxapex
|-damage|p2a: Toxapex|42/100
|
|-heal|p2a: Toxapex|48/100|[from] item: Leftovers
|upkeep
|turn|24
|inactive|Kichimura Washuu has 30 seconds left.
|
|t:|1776095127
|move|p1a: Vexbolts|Knock Off|p2a: Toxapex
|-damage|p2a: Toxapex|13/100
|-enditem|p2a: Toxapex|Leftovers|[from] move: Knock Off|[of] p1a: Vexbolts
|move|p2a: Toxapex|Recover|p2a: Toxapex
|-heal|p2a: Toxapex|63/100
|
|upkeep
|turn|25
|
|t:|1776095136
|move|p1a: Vexbolts|Razor Shell|p2a: Toxapex
|-resisted|p2a: Toxapex
|-crit|p2a: Toxapex
|-damage|p2a: Toxapex|32/100
|-unboost|p2a: Toxapex|def|1
|move|p2a: Toxapex|Toxic|p1a: Vexbolts
|-status|p1a: Vexbolts|tox
|
|-damage|p1a: Vexbolts|39/100 tox|[from] psn
|upkeep
|turn|26
|inactive|Kichimura Washuu has 30 seconds left.
|
|t:|1776095159
|switch|p2a: Gliscor|Gliscor, M, tera:Water|41/100 tox
|-damage|p2a: Gliscor|16/100 tox|[from] Spikes
|move|p1a: Vexbolts|Razor Shell|p2a: Gliscor
|-resisted|p2a: Gliscor
|-damage|p2a: Gliscor|0 fnt
|faint|p2a: Gliscor
|
|-damage|p1a: Vexbolts|27/100 tox|[from] psn
|upkeep
|
|t:|1776095163
|switch|p2a: Dondozo|Dondozo, M, shiny|41/100
|-damage|p2a: Dondozo|16/100|[from] Spikes
|turn|27
|
|t:|1776095173
|move|p1a: Vexbolts|Ceaseless Edge|p2a: Dondozo
|-damage|p2a: Dondozo|0 fnt
|faint|p2a: Dondozo
|
|-damage|p1a: Vexbolts|9/100 tox|[from] psn
|upkeep
|
|t:|1776095186
|switch|p2a: Toxapex|Toxapex, M, shiny|66/100
|-damage|p2a: Toxapex|41/100|[from] Spikes
|turn|28
|
|t:|1776095190
|move|p2a: Toxapex|Baneful Bunker|p2a: Toxapex
|-singleturn|p2a: Toxapex|move: Protect
|move|p1a: Vexbolts|Ceaseless Edge|p2a: Toxapex
|-activate|p2a: Toxapex|move: Protect
|
|-damage|p1a: Vexbolts|0 fnt|[from] psn
|faint|p1a: Vexbolts
|upkeep
|
|t:|1776095199
|switch|p1a: Feet pics|Gliscor, F|83/100
|-damage|p1a: Feet pics|70/100|[from] Stealth Rock
|turn|29
|inactive|Kichimura Washuu has 60 seconds left.
|
|t:|1776095206
|move|p2a: Toxapex|Baneful Bunker||[still]
|-fail|p2a: Toxapex
|move|p1a: Feet pics|Swords Dance|p1a: Feet pics
|-boost|p1a: Feet pics|atk|2
|
|upkeep
|turn|30
|
|t:|1776095214
|move|p1a: Feet pics|Swords Dance|p1a: Feet pics
|-boost|p1a: Feet pics|atk|2
|move|p2a: Toxapex|Haze|p2a: Toxapex
|-clearallboost
|
|upkeep
|turn|31
|
|t:|1776095227
|switch|p2a: Garganacl|Garganacl, M, shiny|39/100
|-damage|p2a: Garganacl|14/100|[from] Spikes
|move|p1a: Feet pics|Knock Off|p2a: Garganacl
|-damage|p2a: Garganacl|2/100
|-enditem|p2a: Garganacl|Leftovers|[from] move: Knock Off|[of] p1a: Feet pics
|
|upkeep
|turn|32
|
|t:|1776095236
|move|p1a: Feet pics|Knock Off|p2a: Garganacl
|-damage|p2a: Garganacl|0 fnt
|faint|p2a: Garganacl
|
|upkeep
|-message|Kichimura Washuu forfeited.
|
|win|bigmac1993
|raw|bigmac1993's rating: 1153 &rarr; <strong>1181</strong><br />(+28 for winning)
|raw|Kichimura Washuu's rating: 1188 &rarr; <strong>1160</strong><br />(-28 for losing)
|l|☆Kichimura Washuu
|player|p2|
