|html|<div class="broadcast-blue"><strong>[Gen 9] OU is currently suspecting Tera Blast! For information on how to participate check out the <a href="https://www.smogon.com/tools/suspects/view/200">suspect thread</a>.</strong></div>
|j|☆SnowieSoul
|j|☆orelhapeludo
|t:|1776305816
|gametype|singles
|player|p1|SnowieSoul|266|1023
|player|p2|orelhapeludo|169|1042
|gen|9
|tier|[Gen 9] OU
|rated|
|rule|HP Percentage Mod: HP is shown in percentages
|rule|Endless Battle Clause: Forcing endless battles is banned
|rule|Species Clause: Limit one of each Pokémon
|rule|OHKO Clause: OHKO moves are banned
|rule|Evasion Items Clause: Evasion items are banned
|rule|Evasion Moves Clause: Evasion moves are banned
|rule|Evasion Abilities Clause: Evasion abilities are banned
|rule|Sleep Moves Clause: Sleep-inducing moves are banned
|clearpoke
|poke|p1|Pelipper, F|
|poke|p1|Grimmsnarl, M|
|poke|p1|Blaziken, F|
|poke|p1|Cyclizar, M|
|poke|p1|Sylveon, M|
|poke|p1|Weavile, F|
|poke|p2|Hatterene, F|
|poke|p2|Ursaluna, M|
|poke|p2|Azumarill, F|
|poke|p2|Glastrier|
|poke|p2|Porygon2|
|poke|p2|Slowbro, F|
|teampreview
|inactive|Battle timer is ON: inactive players will automatically lose when time's up. (requested by SnowieSoul)
|
|t:|1776305828
|teamsize|p1|6
|teamsize|p2|6
|start
|switch|p1a: Grimmsnarl|Grimmsnarl, M|100/100
|switch|p2a: Hatterene|Hatterene, F|100/100
|turn|1
|
|t:|1776305836
|move|p1a: Grimmsnarl|Light Screen|p1a: Grimmsnarl
|-sidestart|p1: SnowieSoul|move: Light Screen
|move|p2a: Hatterene|Trick Room|p2a: Hatterene
|-fieldstart|move: Trick Room|[of] p2a: Hatterene
|
|upkeep
|turn|2
|
|t:|1776305845
|move|p1a: Grimmsnarl|Reflect|p1a: Grimmsnarl
|-sidestart|p1: SnowieSoul|Reflect
|move|p2a: Hatterene|Dazzling Gleam|p1a: Grimmsnarl
|-supereffective|p1a: Grimmsnarl
|-damage|p1a: Grimmsnarl|68/100
|
|-heal|p1a: Grimmsnarl|74/100|[from] item: Leftovers
|upkeep
|turn|3
|
|t:|1776305855
|switch|p2a: Azumarill|Azumarill, F, shiny|100/100
|move|p1a: Grimmsnarl|Parting Shot|p2a: Azumarill
|-unboost|p2a: Azumarill|atk|1
|-unboost|p2a: Azumarill|spa|1
|
|t:|1776305873
|switch|p1a: Sylveon|Sylveon, M|100/100|[from] Parting Shot
|
|upkeep
|turn|4
|
|t:|1776305883
|-terastallize|p2a: Azumarill|Grass
|move|p2a: Azumarill|Belly Drum|p2a: Azumarill
|-damage|p2a: Azumarill|50/100
|-setboost|p2a: Azumarill|atk|6|[from] move: Belly Drum
|-enditem|p2a: Azumarill|Sitrus Berry|[eat]
|-heal|p2a: Azumarill|75/100|[from] item: Sitrus Berry
|move|p1a: Sylveon|Calm Mind|p1a: Sylveon
|-boost|p1a: Sylveon|spa|1
|-boost|p1a: Sylveon|spd|1
|
|upkeep
|turn|5
|
|t:|1776305903
|move|p1a: Sylveon|Protect|p1a: Sylveon
|-singleturn|p1a: Sylveon|Protect
|move|p2a: Azumarill|Play Rough|p1a: Sylveon
|-activate|p1a: Sylveon|move: Protect
|
|-sideend|p1: SnowieSoul|move: Light Screen
|-fieldend|move: Trick Room
|upkeep
|turn|6
|
|t:|1776305914
|-terastallize|p1a: Sylveon|Steel
|move|p1a: Sylveon|Hyper Voice|p2a: Azumarill
|-damage|p2a: Azumarill|0 fnt
|faint|p2a: Azumarill
|-damage|p1a: Sylveon|91/100|[from] item: Life Orb
|
|-sideend|p1: SnowieSoul|Reflect
|upkeep
|
|t:|1776305926
|switch|p2a: Hatterene|Hatterene, F|100/100
|turn|7
|
|t:|1776305935
|move|p1a: Sylveon|Hyper Voice|p2a: Hatterene
|-damage|p2a: Hatterene|25/100
|-damage|p1a: Sylveon|81/100|[from] item: Life Orb
|move|p2a: Hatterene|Trick Room|p2a: Hatterene
|-fieldstart|move: Trick Room|[of] p2a: Hatterene
|
|-heal|p2a: Hatterene|32/100|[from] item: Leftovers
|upkeep
|turn|8
|
|t:|1776305948
|switch|p2a: Slowbro|Slowbro, F|100/100
|move|p1a: Sylveon|Hyper Voice|p2a: Slowbro
|-damage|p2a: Slowbro|14/100
|-damage|p1a: Sylveon|71/100|[from] item: Life Orb
|
|-heal|p2a: Slowbro|20/100|[from] item: Leftovers
|upkeep
|turn|9
|
|t:|1776305961
|move|p2a: Slowbro|Fire Blast|p1a: Sylveon
|-supereffective|p1a: Sylveon
|-damage|p1a: Sylveon|35/100
|move|p1a: Sylveon|Calm Mind|p1a: Sylveon
|-boost|p1a: Sylveon|spa|1
|-boost|p1a: Sylveon|spd|1
|
|-heal|p2a: Slowbro|26/100|[from] item: Leftovers
|upkeep
|turn|10
|
|t:|1776305972
|move|p2a: Slowbro|Fire Blast|p1a: Sylveon
|-supereffective|p1a: Sylveon
|-damage|p1a: Sylveon|9/100
|move|p1a: Sylveon|Wish|p1a: Sylveon
|
|-heal|p2a: Slowbro|32/100|[from] item: Leftovers
|upkeep
|turn|11
|
|t:|1776305981
|move|p1a: Sylveon|Protect|p1a: Sylveon
|-singleturn|p1a: Sylveon|Protect
|move|p2a: Slowbro|Fire Blast|p1a: Sylveon
|-activate|p1a: Sylveon|move: Protect
|
|-heal|p1a: Sylveon|59/100|[from] move: Wish|[wisher] Sylveon
|-heal|p2a: Slowbro|38/100|[from] item: Leftovers
|-fieldend|move: Trick Room
|upkeep
|turn|12
|
|t:|1776305992
|move|p1a: Sylveon|Hyper Voice|p2a: Slowbro
|-damage|p2a: Slowbro|0 fnt
|faint|p2a: Slowbro
|-damage|p1a: Sylveon|49/100|[from] item: Life Orb
|
|upkeep
|
|t:|1776305998
|switch|p2a: Hatterene|Hatterene, F|32/100
|turn|13
|
|t:|1776306001
|move|p1a: Sylveon|Hyper Voice|p2a: Hatterene
|-damage|p2a: Hatterene|0 fnt
|faint|p2a: Hatterene
|-damage|p1a: Sylveon|40/100|[from] item: Life Orb
|
|upkeep
|
|t:|1776306008
|switch|p2a: Ursaluna|Ursaluna, M|100/100
|turn|14
|
|t:|1776306013
|move|p1a: Sylveon|Hyper Voice|p2a: Ursaluna
|-damage|p2a: Ursaluna|11/100
|-damage|p1a: Sylveon|30/100|[from] item: Life Orb
|move|p2a: Ursaluna|Earthquake|p1a: Sylveon
|-supereffective|p1a: Sylveon
|-damage|p1a: Sylveon|0 fnt
|faint|p1a: Sylveon
|
|-status|p2a: Ursaluna|brn|[from] item: Flame Orb
|upkeep
|
|t:|1776306025
|switch|p1a: Pelipper|Pelipper, F|100/100
|-weather|RainDance|[from] ability: Drizzle|[of] p1a: Pelipper
|turn|15
|
|t:|1776306031
|move|p1a: Pelipper|Weather Ball|p2a: Ursaluna
|-supereffective|p2a: Ursaluna
|-damage|p2a: Ursaluna|0 fnt
|faint|p2a: Ursaluna
|
|-weather|RainDance|[upkeep]
|upkeep
|
|t:|1776306051
|switch|p2a: Porygon2|Porygon2|100/100
|-ability|p2a: Porygon2|Drizzle|Trace|[from] ability: Trace|[of] p1a: Pelipper
|turn|16
|
|t:|1776306061
|move|p1a: Pelipper|Hurricane|p2a: Porygon2
|-damage|p2a: Porygon2|76/100
|-start|p2a: Porygon2|confusion
|-activate|p2a: Porygon2|confusion
|move|p2a: Porygon2|Foul Play|p1a: Pelipper
|-damage|p1a: Pelipper|92/100
|
|-weather|RainDance|[upkeep]
|upkeep
|turn|17
|
|t:|1776306071
|move|p1a: Pelipper|Weather Ball|p2a: Porygon2
|-damage|p2a: Porygon2|42/100
|-activate|p2a: Porygon2|confusion
|-damage|p2a: Porygon2|37/100|[from] confusion
|
|-weather|RainDance|[upkeep]
|upkeep
|turn|18
|-message|orelhapeludo forfeited.
|
|win|SnowieSoul
|raw|SnowieSoul's rating: 1023 &rarr; <strong>1062</strong><br />(+39 for winning)
|raw|orelhapeludo's rating: 1042 &rarr; <strong>1025</strong><br />(-17 for losing)
|l|☆orelhapeludo
|player|p2|
