|html|<div class="broadcast-blue"><strong>[Gen 9] OU is currently suspecting Tera Blast! For information on how to participate check out the <a href="https://www.smogon.com/tools/suspects/view/200">suspect thread</a>.</strong></div>
|j|☆walincholo
|j|☆SteampunkFurret
|t:|1776060676
|gametype|singles
|player|p1|walincholo|102|1202
|player|p2|SteampunkFurret|lass-gen4dp|1189
|gen|9
|tier|[Gen 9] OU
|rated|
|rule|HP Percentage Mod: HP is shown in percentages
|rule|Endless Battle Clause: Forcing endless battles is banned
|rule|Species Clause: Limit one of each Pokémon
|rule|OHKO Clause: OHKO moves are banned
|rule|Evasion Items Clause: Evasion items are banned
|rule|Evasion Moves Clause: Evasion moves are banned
|rule|Evasion Abilities Clause: Evasion abilities are banned
|rule|Sleep Moves Clause: Sleep-inducing moves are banned
|clearpoke
|poke|p1|Incineroar, M|
|poke|p1|Ceruledge, M|
|poke|p1|Landorus-Therian, M|
|poke|p1|Corviknight, M|
|poke|p1|Maushold-Four|
|poke|p1|Pecharunt|
|poke|p2|Slowking, M|
|poke|p2|Weezing-Galar, F|
|poke|p2|Meowscarada, F|
|poke|p2|Skarmory, M|
|poke|p2|Iron Treads|
|poke|p2|Iron Moth|
|teampreview
|inactive|Battle timer is ON: inactive players will automatically lose when time's up. (requested by walincholo)
|
|t:|1776060686
|teamsize|p1|6
|teamsize|p2|6
|start
|switch|p1a: Chema|Incineroar, M, shiny|100/100
|switch|p2a: Iron Treads|Iron Treads|100/100
|-ability|p1a: Chema|Intimidate|boost
|-unboost|p2a: Iron Treads|atk|1
|-enditem|p2a: Iron Treads|Booster Energy
|-activate|p2a: Iron Treads|ability: Quark Drive|[fromitem]
|-start|p2a: Iron Treads|quarkdrivespe
|turn|1
|
|t:|1776060700
|switch|p1a: Landorus|Landorus-Therian, M|100/100
|-ability|p1a: Landorus|Intimidate|boost
|-unboost|p2a: Iron Treads|atk|1
|-terastallize|p2a: Iron Treads|Ghost
|move|p2a: Iron Treads|Earthquake|p1a: Landorus
|-immune|p1a: Landorus
|
|upkeep
|turn|2
|
|t:|1776060710
|move|p2a: Iron Treads|Ice Spinner|p1a: Landorus
|-supereffective|p1a: Landorus
|-damage|p1a: Landorus|37/100
|move|p1a: Landorus|Stealth Rock|p2a: Iron Treads
|-sidestart|p2: SteampunkFurret|move: Stealth Rock
|
|upkeep
|turn|3
|
|t:|1776060718
|move|p2a: Iron Treads|Rapid Spin|p1a: Landorus
|-damage|p1a: Landorus|27/100
|-boost|p2a: Iron Treads|spe|1
|-sideend|p2: SteampunkFurret|Stealth Rock|[from] move: Rapid Spin|[of] p2a: Iron Treads
|move|p1a: Landorus|Earthquake|p2a: Iron Treads
|-damage|p2a: Iron Treads|39/100
|-damage|p1a: Landorus|18/100|[from] item: Life Orb
|
|upkeep
|turn|4
|
|t:|1776060727
|move|p2a: Iron Treads|Ice Spinner|p1a: Landorus
|-supereffective|p1a: Landorus
|-damage|p1a: Landorus|0 fnt
|faint|p1a: Landorus
|
|upkeep
|
|t:|1776060739
|switch|p1a: Borja|Corviknight, M, shiny|100/100
|turn|5
|
|t:|1776060746
|move|p2a: Iron Treads|Stealth Rock|p1a: Borja
|-sidestart|p1: walincholo|move: Stealth Rock
|move|p1a: Borja|Iron Head|p2a: Iron Treads
|-damage|p2a: Iron Treads|15/100
|
|upkeep
|turn|6
|
|t:|1776060756
|-end|p2a: Iron Treads|Quark Drive|[silent]
|switch|p2a: Slowking|Slowking, M|100/100
|move|p1a: Borja|Iron Head|p2a: Slowking
|-resisted|p2a: Slowking
|-damage|p2a: Slowking|88/100
|
|upkeep
|turn|7
|
|t:|1776060762
|move|p1a: Borja|Defog|p2a: Slowking
|-unboost|p2a: Slowking|evasion|1
|-sideend|p1: walincholo|Stealth Rock|[from] move: Defog|[of] p1a: Borja
|move|p2a: Slowking|Thunder Wave|p1a: Borja
|-status|p1a: Borja|par
|
|upkeep
|turn|8
|
|t:|1776060774
|switch|p1a: Chema|Incineroar, M, shiny|100/100
|-ability|p1a: Chema|Intimidate|boost
|-unboost|p2a: Slowking|atk|1
|move|p2a: Slowking|Future Sight|p1a: Chema
|-start|p2a: Slowking|move: Future Sight
|
|upkeep
|turn|9
|
|t:|1776060783
|switch|p2a: Iron Treads|Iron Treads, tera:Ghost|15/100
|move|p1a: Chema|Darkest Lariat|p2a: Iron Treads
|-supereffective|p2a: Iron Treads
|-crit|p2a: Iron Treads
|-damage|p2a: Iron Treads|0 fnt
|faint|p2a: Iron Treads
|-end|p2a: Iron Treads|Quark Drive|[silent]
|
|upkeep
|
|t:|1776060803
|switch|p2a: Iron Moth|Iron Moth|100/100
|-enditem|p2a: Iron Moth|Booster Energy
|-activate|p2a: Iron Moth|ability: Quark Drive|[fromitem]
|-start|p2a: Iron Moth|quarkdrivespe
|turn|10
|
|t:|1776060815
|move|p2a: Iron Moth|Sludge Wave|p1a: Chema
|-damage|p1a: Chema|56/100
|move|p1a: Chema|Darkest Lariat|p2a: Iron Moth
|-damage|p2a: Iron Moth|38/100
|
|-end|p1a: Chema|move: Future Sight
|-immune|p1a: Chema
|-heal|p1a: Chema|62/100|[from] item: Leftovers
|upkeep
|turn|11
|
|t:|1776060824
|-end|p2a: Iron Moth|Quark Drive|[silent]
|switch|p2a: Weezing|Weezing-Galar, F|100/100
|-ability|p2a: Weezing|Neutralizing Gas
|move|p1a: Chema|Darkest Lariat|p2a: Weezing
|-resisted|p2a: Weezing
|-damage|p2a: Weezing|85/100
|
|-heal|p1a: Chema|68/100|[from] item: Leftovers
|upkeep
|turn|12
|
|t:|1776060834
|switch|p1a: Borja|Corviknight, M, shiny|100/100 par
|move|p2a: Weezing|Sludge Bomb|p1a: Borja
|-immune|p1a: Borja
|
|upkeep
|turn|13
|
|t:|1776060847
|-end|p2a: Weezing|ability: Neutralizing Gas
|switch|p2a: Iron Moth|Iron Moth|38/100
|move|p1a: Borja|Iron Head|p2a: Iron Moth
|-resisted|p2a: Iron Moth
|-damage|p2a: Iron Moth|20/100
|
|upkeep
|turn|14
|
|t:|1776060857
|switch|p1a: Chema|Incineroar, M, shiny|68/100
|-ability|p1a: Chema|Intimidate|boost
|-unboost|p2a: Iron Moth|atk|1
|move|p2a: Iron Moth|Fiery Dance|p1a: Chema
|-resisted|p1a: Chema
|-damage|p1a: Chema|49/100
|-boost|p2a: Iron Moth|spa|1
|
|-heal|p1a: Chema|55/100|[from] item: Leftovers
|upkeep
|turn|15
|
|t:|1776060868
|move|p2a: Iron Moth|Sludge Wave|p1a: Chema
|-damage|p1a: Chema|0 fnt
|faint|p1a: Chema
|
|upkeep
|
|t:|1776060872
|switch|p1a: Melocotoncito|Pecharunt|100/100
|turn|16
|
|t:|1776060890
|move|p2a: Iron Moth|Fiery Dance|p1a: Melocotoncito
|-damage|p1a: Melocotoncito|37/100
|-boost|p2a: Iron Moth|spa|1
|move|p1a: Melocotoncito|Shadow Ball|p2a: Iron Moth
|-damage|p2a: Iron Moth|0 fnt
|faint|p2a: Iron Moth
|-end|p2a: Iron Moth|Quark Drive|[silent]
|
|-heal|p1a: Melocotoncito|43/100|[from] item: Leftovers
|upkeep
|
|t:|1776060907
|switch|p2a: Slowking|Slowking, M|100/100
|turn|17
|
|t:|1776060913
|move|p1a: Melocotoncito|Shadow Ball|p2a: Slowking
|-supereffective|p2a: Slowking
|-damage|p2a: Slowking|62/100
|move|p2a: Slowking|Thunder Wave|p1a: Melocotoncito
|-status|p1a: Melocotoncito|par
|
|-heal|p1a: Melocotoncito|49/100 par|[from] item: Leftovers
|upkeep
|turn|18
|
|t:|1776060922
|move|p1a: Melocotoncito|Shadow Ball|p2a: Slowking
|-supereffective|p2a: Slowking
|-damage|p2a: Slowking|20/100
|move|p2a: Slowking|Future Sight|p1a: Melocotoncito
|-start|p2a: Slowking|move: Future Sight
|
|-heal|p1a: Melocotoncito|55/100 par|[from] item: Leftovers
|upkeep
|turn|19
|
|t:|1776060929
|switch|p2a: Meowscarada|Meowscarada, F|100/100
|move|p1a: Melocotoncito|Shadow Ball|p2a: Meowscarada
|-resisted|p2a: Meowscarada
|-crit|p2a: Meowscarada
|-damage|p2a: Meowscarada|56/100
|
|-heal|p1a: Melocotoncito|61/100 par|[from] item: Leftovers
|upkeep
|turn|20
|
|t:|1776060943
|move|p2a: Meowscarada|Knock Off|p1a: Melocotoncito
|-start|p2a: Meowscarada|typechange|Dark|[from] ability: Protean
|-supereffective|p1a: Melocotoncito
|-damage|p1a: Melocotoncito|0 fnt
|-enditem|p1a: Melocotoncito|Leftovers|[from] move: Knock Off|[of] p2a: Meowscarada
|faint|p1a: Melocotoncito
|
|-hint|Future Sight did not hit because the target is fainted.
|upkeep
|
|t:|1776060952
|switch|p1a: Maushold|Maushold-Four|100/100
|turn|21
|
|t:|1776060958
|switch|p2a: Skarmory|Skarmory, M|100/100
|move|p1a: Maushold|Population Bomb|p2a: Skarmory
|-resisted|p2a: Skarmory
|-damage|p2a: Skarmory|96/100
|-damage|p1a: Maushold|84/100|[from] item: Rocky Helmet|[of] p2a: Skarmory
|-resisted|p2a: Skarmory
|-damage|p2a: Skarmory|92/100
|-damage|p1a: Maushold|67/100|[from] item: Rocky Helmet|[of] p2a: Skarmory
|-resisted|p2a: Skarmory
|-damage|p2a: Skarmory|88/100
|-damage|p1a: Maushold|51/100|[from] item: Rocky Helmet|[of] p2a: Skarmory
|-resisted|p2a: Skarmory
|-damage|p2a: Skarmory|84/100
|-damage|p1a: Maushold|34/100|[from] item: Rocky Helmet|[of] p2a: Skarmory
|-resisted|p2a: Skarmory
|-damage|p2a: Skarmory|79/100
|-damage|p1a: Maushold|17/100|[from] item: Rocky Helmet|[of] p2a: Skarmory
|-resisted|p2a: Skarmory
|-damage|p2a: Skarmory|76/100
|-damage|p1a: Maushold|1/100|[from] item: Rocky Helmet|[of] p2a: Skarmory
|-resisted|p2a: Skarmory
|-damage|p2a: Skarmory|71/100
|-damage|p1a: Maushold|0 fnt|[from] item: Rocky Helmet|[of] p2a: Skarmory
|faint|p1a: Maushold
|-hitcount|p2a: Skarmory|7
|
|upkeep
|c|☆SteampunkFurret|:P
|
|t:|1776060982
|switch|p1a: Kingambit opp|Ceruledge, M|100/100
|turn|22
|
|t:|1776060997
|move|p1a: Kingambit opp|Swords Dance|p1a: Kingambit opp
|-boost|p1a: Kingambit opp|atk|2
|move|p2a: Skarmory|Iron Defense|p2a: Skarmory
|-boost|p2a: Skarmory|def|2
|
|upkeep
|turn|23
|
|t:|1776061007
|move|p1a: Kingambit opp|Swords Dance|p1a: Kingambit opp
|-boost|p1a: Kingambit opp|atk|2
|move|p2a: Skarmory|Iron Defense|p2a: Skarmory
|-boost|p2a: Skarmory|def|2
|
|upkeep
|turn|24
|
|t:|1776061015
|move|p1a: Kingambit opp|Swords Dance|p1a: Kingambit opp
|-boost|p1a: Kingambit opp|atk|2
|move|p2a: Skarmory|Roost|p2a: Skarmory
|-heal|p2a: Skarmory|100/100
|-singleturn|p2a: Skarmory|move: Roost
|
|upkeep
|turn|25
|
|t:|1776061024
|move|p1a: Kingambit opp|Bitter Blade|p2a: Skarmory
|-supereffective|p2a: Skarmory
|-damage|p2a: Skarmory|1/100
|-damage|p1a: Kingambit opp|84/100|[from] item: Rocky Helmet|[of] p2a: Skarmory
|move|p2a: Skarmory|Iron Defense|p2a: Skarmory
|-boost|p2a: Skarmory|def|2
|
|upkeep
|turn|26
|
|t:|1776061032
|move|p1a: Kingambit opp|Bitter Blade|p2a: Skarmory
|-supereffective|p2a: Skarmory
|-damage|p2a: Skarmory|0 fnt
|-heal|p1a: Kingambit opp|84/100|[from] drain|[of] p2a: Skarmory
|-damage|p1a: Kingambit opp|68/100|[from] item: Rocky Helmet|[of] p2a: Skarmory
|faint|p2a: Skarmory
|
|upkeep
|
|t:|1776061038
|switch|p2a: Meowscarada|Meowscarada, F|56/100
|turn|27
|
|t:|1776061046
|-terastallize|p1a: Kingambit opp|Fighting
|move|p2a: Meowscarada|Knock Off|p1a: Kingambit opp
|-start|p2a: Meowscarada|typechange|Dark|[from] ability: Protean
|-resisted|p1a: Kingambit opp
|-damage|p1a: Kingambit opp|36/100
|-ability|p1a: Kingambit opp|Weak Armor|boost
|-unboost|p1a: Kingambit opp|def|1
|-boost|p1a: Kingambit opp|spe|2
|-enditem|p1a: Kingambit opp|Focus Sash|[from] move: Knock Off|[of] p2a: Meowscarada
|move|p1a: Kingambit opp|Close Combat|p2a: Meowscarada
|-supereffective|p2a: Meowscarada
|-damage|p2a: Meowscarada|0 fnt
|-unboost|p1a: Kingambit opp|def|1
|-unboost|p1a: Kingambit opp|spd|1
|faint|p2a: Meowscarada
|
|upkeep
|
|t:|1776061061
|switch|p2a: Weezing|Weezing-Galar, F|85/100
|-ability|p2a: Weezing|Neutralizing Gas
|turn|28
|
|t:|1776061065
|move|p1a: Kingambit opp|Bitter Blade|p2a: Weezing
|-damage|p2a: Weezing|0 fnt
|-heal|p1a: Kingambit opp|84/100|[from] drain|[of] p2a: Weezing
|faint|p2a: Weezing
|-end|p2a: Weezing|ability: Neutralizing Gas
|
|upkeep
|-message|SteampunkFurret forfeited.
|
|win|walincholo
|raw|walincholo's rating: 1202 &rarr; <strong>1226</strong><br />(+24 for winning)
|raw|SteampunkFurret's rating: 1189 &rarr; <strong>1165</strong><br />(-24 for losing)
|l|☆SteampunkFurret
|player|p2|
|l|☆walincholo
|player|p1|
