|html|<div class="broadcast-blue"><strong>[Gen 9] OU is currently suspecting Tera Blast! For information on how to participate check out the <a href="https://www.smogon.com/tools/suspects/view/200">suspect thread</a>.</strong></div>
|j|☆cenotaphs
|j|☆b0nboii
|t:|1776111646
|gametype|singles
|player|p1|cenotaphs|marley|1363
|player|p2|b0nboii|iris-gen5bw2|1275
|gen|9
|tier|[Gen 9] OU
|rated|
|rule|HP Percentage Mod: HP is shown in percentages
|rule|Endless Battle Clause: Forcing endless battles is banned
|rule|Species Clause: Limit one of each Pokémon
|rule|OHKO Clause: OHKO moves are banned
|rule|Evasion Items Clause: Evasion items are banned
|rule|Evasion Moves Clause: Evasion moves are banned
|rule|Evasion Abilities Clause: Evasion abilities are banned
|rule|Sleep Moves Clause: Sleep-inducing moves are banned
|clearpoke
|poke|p1|Gyarados, F|
|poke|p1|Great Tusk|
|poke|p1|Kyurem|
|poke|p1|Araquanid, M|
|poke|p1|Gholdengo|
|poke|p1|Ting-Lu|
|poke|p2|Scrafty, M|
|poke|p2|Great Tusk|
|poke|p2|Greninja-*, M|
|poke|p2|Gholdengo|
|poke|p2|Toxtricity-Low-Key, F|
|poke|p2|Iron Moth|
|teampreview
|inactive|Battle timer is ON: inactive players will automatically lose when time's up. (requested by cenotaphs)
|
|t:|1776111657
|teamsize|p1|6
|teamsize|p2|6
|start
|switch|p1a: Araquanid|Araquanid, M, shiny|100/100
|switch|p2a: hoodlum|Scrafty, M|100/100
|turn|1
|
|t:|1776111665
|move|p2a: hoodlum|Bulk Up|p2a: hoodlum
|-boost|p2a: hoodlum|atk|1
|-boost|p2a: hoodlum|def|1
|move|p1a: Araquanid|Sticky Web|p2a: hoodlum
|-sidestart|p2: b0nboii|move: Sticky Web
|
|upkeep
|turn|2
|
|t:|1776111668
|move|p2a: hoodlum|Bulk Up|p2a: hoodlum
|-boost|p2a: hoodlum|atk|1
|-boost|p2a: hoodlum|def|1
|move|p1a: Araquanid|Surf|p2a: hoodlum
|-damage|p2a: hoodlum|54/100
|
|-heal|p2a: hoodlum|60/100|[from] item: Leftovers
|upkeep
|turn|3
|
|t:|1776111676
|move|p2a: hoodlum|Knock Off|p1a: Araquanid
|-damage|p1a: Araquanid|11/100
|-enditem|p1a: Araquanid|Red Card|[from] move: Knock Off|[of] p2a: hoodlum
|move|p1a: Araquanid|Surf|p2a: hoodlum
|-damage|p2a: hoodlum|9/100
|
|-heal|p2a: hoodlum|15/100|[from] item: Leftovers
|upkeep
|turn|4
|
|t:|1776111681
|move|p2a: hoodlum|Drain Punch|p1a: Araquanid
|-resisted|p1a: Araquanid
|-damage|p1a: Araquanid|0 fnt
|-heal|p2a: hoodlum|21/100|[from] drain|[of] p1a: Araquanid
|faint|p1a: Araquanid
|
|-heal|p2a: hoodlum|27/100|[from] item: Leftovers
|upkeep
|
|t:|1776111688
|switch|p1a: Gholdengo|Gholdengo, shiny|100/100
|turn|5
|
|t:|1776111694
|move|p1a: Gholdengo|Make It Rain|p2a: hoodlum
|-damage|p2a: hoodlum|0 fnt
|-unboost|p1a: Gholdengo|spa|1
|faint|p2a: hoodlum
|
|upkeep
|
|t:|1776111698
|switch|p2a: da moth|Iron Moth|100/100
|-activate|p2a: da moth|move: Sticky Web
|-unboost|p2a: da moth|spe|1
|-enditem|p2a: da moth|Booster Energy
|-activate|p2a: da moth|ability: Quark Drive|[fromitem]
|-start|p2a: da moth|quarkdrivespa
|turn|6
|
|t:|1776111701
|switch|p1a: Kyurem|Kyurem, shiny|100/100
|-ability|p1a: Kyurem|Pressure
|move|p2a: da moth|Fiery Dance|p1a: Kyurem
|-damage|p1a: Kyurem|64/100
|-boost|p2a: da moth|spa|1
|
|upkeep
|turn|7
|
|t:|1776111708
|move|p1a: Kyurem|Earth Power|p2a: da moth
|-supereffective|p2a: da moth
|-crit|p2a: da moth
|-damage|p2a: da moth|0 fnt
|faint|p2a: da moth
|-end|p2a: da moth|Quark Drive|[silent]
|
|upkeep
|
|t:|1776111721
|switch|p2a: gerb|Great Tusk|100/100
|-activate|p2a: gerb|move: Sticky Web
|-unboost|p2a: gerb|spe|1
|-enditem|p2a: gerb|Booster Energy
|-activate|p2a: gerb|ability: Protosynthesis|[fromitem]
|-start|p2a: gerb|protosynthesisatk
|turn|8
|
|t:|1776111730
|-terastallize|p2a: gerb|Bug
|move|p1a: Kyurem|Ice Beam|p2a: gerb
|-damage|p2a: gerb|25/100
|-status|p2a: gerb|frz
|cant|p2a: gerb|frz
|
|upkeep
|turn|9
|
|t:|1776111736
|move|p1a: Kyurem|Ice Beam|p2a: gerb
|-damage|p2a: gerb|0 fnt
|faint|p2a: gerb
|-end|p2a: gerb|Protosynthesis|[silent]
|
|upkeep
|
|t:|1776111747
|switch|p2a: frobert|Toxtricity-Low-Key, F|100/100
|-item|p2a: frobert|Air Balloon
|turn|10
|
|t:|1776111757
|move|p1a: Kyurem|Ice Beam|p2a: frobert
|-damage|p2a: frobert|62/100
|-enditem|p2a: frobert|Air Balloon
|move|p2a: frobert|Toxic|p1a: Kyurem
|-status|p1a: Kyurem|tox
|
|-damage|p1a: Kyurem|58/100 tox|[from] psn
|upkeep
|turn|11
|
|t:|1776111763
|move|p1a: Kyurem|Earth Power|p2a: frobert
|-supereffective|p2a: frobert
|-damage|p2a: frobert|0 fnt
|faint|p2a: frobert
|
|-damage|p1a: Kyurem|46/100 tox|[from] psn
|upkeep
|
|t:|1776111766
|switch|p2a: grigga|Greninja, M|100/100
|-activate|p2a: grigga|move: Sticky Web
|-unboost|p2a: grigga|spe|1
|turn|12
|
|t:|1776111768
|move|p2a: grigga|Dark Pulse|p1a: Kyurem
|-damage|p1a: Kyurem|24/100 tox
|move|p1a: Kyurem|Freeze-Dry|p2a: grigga
|-supereffective|p2a: grigga
|-damage|p2a: grigga|0 fnt
|faint|p2a: grigga
|
|-damage|p1a: Kyurem|6/100 tox|[from] psn
|upkeep
|
|t:|1776111773
|switch|p2a: juice wrld|Gholdengo|100/100
|-activate|p2a: juice wrld|move: Sticky Web
|-unboost|p2a: juice wrld|spe|1
|turn|13
|
|t:|1776111782
|move|p1a: Kyurem|Earth Power|p2a: juice wrld
|-supereffective|p2a: juice wrld
|-damage|p2a: juice wrld|36/100
|move|p2a: juice wrld|Nasty Plot|p2a: juice wrld
|-boost|p2a: juice wrld|spa|2
|
|-heal|p2a: juice wrld|42/100|[from] item: Leftovers
|-damage|p1a: Kyurem|0 fnt|[from] psn
|faint|p1a: Kyurem
|upkeep
|
|t:|1776111787
|switch|p1a: Great Tusk|Great Tusk|100/100
|-enditem|p1a: Great Tusk|Booster Energy
|-activate|p1a: Great Tusk|ability: Protosynthesis|[fromitem]
|-start|p1a: Great Tusk|protosynthesisatk
|turn|14
|
|t:|1776111795
|move|p1a: Great Tusk|Knock Off|p2a: juice wrld
|-supereffective|p2a: juice wrld
|-damage|p2a: juice wrld|0 fnt
|-enditem|p2a: juice wrld|Leftovers|[from] move: Knock Off|[of] p1a: Great Tusk
|faint|p2a: juice wrld
|
|win|cenotaphs
|raw|cenotaphs's rating: 1363 &rarr; <strong>1378</strong><br />(+15 for winning)
|raw|b0nboii's rating: 1275 &rarr; <strong>1256</strong><br />(-19 for losing)
|l|☆cenotaphs
|player|p1|
|l|☆b0nboii
|player|p2|
