|html|<div class="broadcast-blue"><strong>[Gen 9] OU is currently suspecting Volcarona! For information on how to participate check out the <a href="https://www.smogon.com/tools/suspects/view/208">suspect thread</a>.</strong></div>
|j|☆carlucas
|j|☆MangLe12138
|t:|1778498475
|gametype|singles
|player|p1|carlucas|lucas-gen4pt|1345
|player|p2|MangLe12138|pokefan|1397
|gen|9
|tier|[Gen 9] OU
|rated|
|rule|HP Percentage Mod: HP is shown in percentages
|rule|Endless Battle Clause: Forcing endless battles is banned
|rule|Species Clause: Limit one of each Pokémon
|rule|OHKO Clause: OHKO moves are banned
|rule|Evasion Items Clause: Evasion items are banned
|rule|Evasion Moves Clause: Evasion moves are banned
|rule|Evasion Abilities Clause: Evasion abilities are banned
|rule|Sleep Moves Clause: Sleep-inducing moves are banned
|clearpoke
|poke|p1|Rillaboom, F|
|poke|p1|Serperior, F|
|poke|p1|Heatran, M|
|poke|p1|Gholdengo|
|poke|p1|Zamazenta-*|
|poke|p1|Great Tusk|
|poke|p2|Scizor, M|
|poke|p2|Manaphy|
|poke|p2|Latios, M|
|poke|p2|Ogerpon, F|
|poke|p2|Iron Jugulis|
|poke|p2|Garchomp, M|
|teampreview
|inactive|Battle timer is ON: inactive players will automatically lose when time's up. (requested by carlucas)
|
|t:|1778498482
|teamsize|p1|6
|teamsize|p2|6
|start
|switch|p1a: Heatran|Heatran, M|100/100
|switch|p2a: Garchomp|Garchomp, M|100/100
|-item|p1a: Heatran|Air Balloon
|turn|1
|
|t:|1778498493
|move|p2a: Garchomp|Draco Meteor|p1a: Heatran
|-resisted|p1a: Heatran
|-damage|p1a: Heatran|82/100
|-unboost|p2a: Garchomp|spa|2
|-enditem|p1a: Heatran|Air Balloon
|-damage|p2a: Garchomp|91/100|[from] item: Life Orb
|move|p1a: Heatran|Stealth Rock|p2a: Garchomp
|-sidestart|p2: MangLe12138|move: Stealth Rock
|
|upkeep
|turn|2
|
|t:|1778498514
|switch|p1a: Rillaboom|Rillaboom, F|100/100
|-fieldstart|move: Grassy Terrain|[from] ability: Grassy Surge|[of] p1a: Rillaboom
|move|p2a: Garchomp|Stealth Rock|p1a: Rillaboom
|-sidestart|p1: carlucas|move: Stealth Rock
|
|-heal|p2a: Garchomp|97/100|[from] Grassy Terrain
|upkeep
|turn|3
|
|t:|1778498529
|move|p1a: Rillaboom|Grassy Glide|p2a: Garchomp
|-damage|p2a: Garchomp|47/100
|-damage|p1a: Rillaboom|88/100|[from] ability: Rough Skin|[of] p2a: Garchomp
|-damage|p1a: Rillaboom|78/100|[from] item: Life Orb
|move|p2a: Garchomp|Fire Blast|p1a: Rillaboom
|-supereffective|p1a: Rillaboom
|-damage|p1a: Rillaboom|30/100
|-damage|p2a: Garchomp|37/100|[from] item: Life Orb
|
|-heal|p2a: Garchomp|44/100|[from] Grassy Terrain
|-heal|p1a: Rillaboom|36/100|[from] Grassy Terrain
|upkeep
|turn|4
|
|t:|1778498543
|move|p1a: Rillaboom|Grassy Glide|p2a: Garchomp
|-damage|p2a: Garchomp|0 fnt
|-damage|p1a: Rillaboom|24/100|[from] ability: Rough Skin|[of] p2a: Garchomp
|faint|p2a: Garchomp
|-damage|p1a: Rillaboom|14/100|[from] item: Life Orb
|
|-heal|p1a: Rillaboom|20/100|[from] Grassy Terrain
|upkeep
|
|t:|1778498557
|switch|p2a: Latios|Latios, M|100/100
|-damage|p2a: Latios|88/100|[from] Stealth Rock
|turn|5
|
|t:|1778498570
|switch|p1a: Heatran|Heatran, M|82/100
|-damage|p1a: Heatran|70/100|[from] Stealth Rock
|move|p2a: Latios|Agility|p2a: Latios
|-boost|p2a: Latios|spe|2
|
|-heal|p1a: Heatran|76/100|[from] Grassy Terrain
|upkeep
|turn|6
|
|t:|1778498579
|move|p2a: Latios|Calm Mind|p2a: Latios
|-boost|p2a: Latios|spa|1
|-boost|p2a: Latios|spd|1
|move|p1a: Heatran|Heavy Slam|p2a: Latios
|-damage|p2a: Latios|51/100
|
|-heal|p1a: Heatran|82/100|[from] Grassy Terrain
|-fieldend|move: Grassy Terrain
|upkeep
|turn|7
|
|t:|1778498587
|-terastallize|p2a: Latios|Fighting
|move|p2a: Latios|Aura Sphere|p1a: Heatran
|-supereffective|p1a: Heatran
|-damage|p1a: Heatran|12/100
|move|p1a: Heatran|Heavy Slam|p2a: Latios
|-damage|p2a: Latios|17/100
|
|upkeep
|turn|8
|
|t:|1778498609
|move|p2a: Latios|Aura Sphere|p1a: Heatran
|-supereffective|p1a: Heatran
|-damage|p1a: Heatran|0 fnt
|faint|p1a: Heatran
|
|upkeep
|
|t:|1778498612
|switch|p1a: Rillaboom|Rillaboom, F|20/100
|-damage|p1a: Rillaboom|8/100|[from] Stealth Rock
|-fieldstart|move: Grassy Terrain|[from] ability: Grassy Surge|[of] p1a: Rillaboom
|turn|9
|
|t:|1778498619
|move|p1a: Rillaboom|Grassy Glide|p2a: Latios
|-damage|p2a: Latios|0 fnt
|faint|p2a: Latios
|-damage|p1a: Rillaboom|0 fnt|[from] item: Life Orb
|faint|p1a: Rillaboom
|
|upkeep
|
|t:|1778498634
|switch|p2a: Iron Jugulis|Iron Jugulis|100/100
|switch|p1a: Serperior|Serperior, F|100/100
|-damage|p1a: Serperior|88/100|[from] Stealth Rock
|-damage|p2a: Iron Jugulis|76/100|[from] Stealth Rock
|-enditem|p2a: Iron Jugulis|Booster Energy
|-activate|p2a: Iron Jugulis|ability: Quark Drive|[fromitem]
|-start|p2a: Iron Jugulis|quarkdrivespe
|turn|10
|
|t:|1778498641
|move|p2a: Iron Jugulis|Hurricane|p1a: Serperior|[miss]
|-miss|p2a: Iron Jugulis|p1a: Serperior
|move|p1a: Serperior|Glare|p2a: Iron Jugulis
|-status|p2a: Iron Jugulis|par
|
|-heal|p1a: Serperior|94/100|[from] Grassy Terrain
|upkeep
|turn|11
|
|t:|1778498647
|switch|p1a: Gholdengo|Gholdengo|100/100
|-damage|p1a: Gholdengo|94/100|[from] Stealth Rock
|-enditem|p1a: Gholdengo|Grassy Seed
|-boost|p1a: Gholdengo|def|1|[from] item: Grassy Seed
|cant|p2a: Iron Jugulis|par
|
|-heal|p1a: Gholdengo|100/100|[from] Grassy Terrain
|upkeep
|turn|12
|
|t:|1778498654
|move|p2a: Iron Jugulis|Dark Pulse|p1a: Gholdengo
|-supereffective|p1a: Gholdengo
|-damage|p1a: Gholdengo|32/100
|cant|p1a: Gholdengo|flinch
|
|-heal|p1a: Gholdengo|38/100|[from] Grassy Terrain
|upkeep
|turn|13
|
|t:|1778498673
|-terastallize|p1a: Gholdengo|Water
|cant|p2a: Iron Jugulis|par
|move|p1a: Gholdengo|Recover|p1a: Gholdengo
|-heal|p1a: Gholdengo|88/100
|
|-heal|p1a: Gholdengo|94/100|[from] Grassy Terrain
|-fieldend|move: Grassy Terrain
|upkeep
|turn|14
|
|t:|1778498683
|move|p2a: Iron Jugulis|Hurricane|p1a: Gholdengo
|-damage|p1a: Gholdengo|51/100
|-start|p1a: Gholdengo|confusion
|-activate|p1a: Gholdengo|confusion
|move|p1a: Gholdengo|Nasty Plot|p1a: Gholdengo
|-boost|p1a: Gholdengo|spa|2
|
|upkeep
|turn|15
|
|t:|1778498691
|cant|p2a: Iron Jugulis|par
|-activate|p1a: Gholdengo|confusion
|move|p1a: Gholdengo|Recover|p1a: Gholdengo
|-heal|p1a: Gholdengo|100/100
|
|upkeep
|turn|16
|
|t:|1778498697
|cant|p2a: Iron Jugulis|par
|-activate|p1a: Gholdengo|confusion
|move|p1a: Gholdengo|Focus Blast|p2a: Iron Jugulis
|-damage|p2a: Iron Jugulis|0 fnt
|faint|p2a: Iron Jugulis
|-end|p2a: Iron Jugulis|Quark Drive|[silent]
|
|upkeep
|
|t:|1778498705
|switch|p2a: Ogerpon|Ogerpon, F|100/100
|-damage|p2a: Ogerpon|88/100|[from] Stealth Rock
|turn|17
|
|t:|1778498710
|move|p2a: Ogerpon|Ivy Cudgel|p1a: Gholdengo
|-supereffective|p1a: Gholdengo
|-damage|p1a: Gholdengo|15/100
|-damage|p2a: Ogerpon|78/100|[from] item: Life Orb
|-activate|p1a: Gholdengo|confusion
|-damage|p1a: Gholdengo|12/100|[from] confusion
|
|upkeep
|turn|18
|
|t:|1778498723
|move|p2a: Ogerpon|Ivy Cudgel|p1a: Gholdengo
|-supereffective|p1a: Gholdengo
|-damage|p1a: Gholdengo|0 fnt
|faint|p1a: Gholdengo
|-damage|p2a: Ogerpon|68/100|[from] item: Life Orb
|
|upkeep
|
|t:|1778498725
|switch|p1a: Serperior|Serperior, F|94/100
|-damage|p1a: Serperior|82/100|[from] Stealth Rock
|turn|19
|
|t:|1778498732
|move|p1a: Serperior|Glare|p2a: Ogerpon
|-status|p2a: Ogerpon|par
|move|p2a: Ogerpon|Ivy Cudgel|p1a: Serperior
|-resisted|p1a: Serperior
|-damage|p1a: Serperior|44/100
|-damage|p2a: Ogerpon|58/100 par|[from] item: Life Orb
|
|upkeep
|turn|20
|
|t:|1778498740
|switch|p1a: Zamazenta|Zamazenta|100/100
|-damage|p1a: Zamazenta|94/100|[from] Stealth Rock
|-ability|p1a: Zamazenta|Dauntless Shield|boost
|-boost|p1a: Zamazenta|def|1
|move|p2a: Ogerpon|Ivy Cudgel|p1a: Zamazenta
|-crit|p1a: Zamazenta
|-damage|p1a: Zamazenta|0 fnt
|faint|p1a: Zamazenta
|-damage|p2a: Ogerpon|48/100 par|[from] item: Life Orb
|
|upkeep
|
|t:|1778498756
|switch|p1a: Great Tusk|Great Tusk|100/100
|-damage|p1a: Great Tusk|97/100|[from] Stealth Rock
|-enditem|p1a: Great Tusk|Booster Energy
|-activate|p1a: Great Tusk|ability: Protosynthesis|[fromitem]
|-start|p1a: Great Tusk|protosynthesisspe
|turn|21
|c|☆MangLe12138|噢噢噢哦哦哦哦哦哦哦哦
|
|t:|1778498765
|move|p1a: Great Tusk|Rapid Spin|p2a: Ogerpon
|-damage|p2a: Ogerpon|29/100 par
|-boost|p1a: Great Tusk|spe|1
|-sideend|p1: carlucas|Stealth Rock|[from] move: Rapid Spin|[of] p1a: Great Tusk
|move|p2a: Ogerpon|Ivy Cudgel|p1a: Great Tusk
|-supereffective|p1a: Great Tusk
|-damage|p1a: Great Tusk|15/100
|-damage|p2a: Ogerpon|19/100 par|[from] item: Life Orb
|
|upkeep
|turn|22
|
|t:|1778498786
|move|p1a: Great Tusk|Headlong Rush|p2a: Ogerpon
|-resisted|p2a: Ogerpon
|-damage|p2a: Ogerpon|0 fnt
|-unboost|p1a: Great Tusk|def|1
|-unboost|p1a: Great Tusk|spd|1
|faint|p2a: Ogerpon
|
|upkeep
|
|t:|1778498789
|switch|p2a: Scizor|Scizor, M|100/100
|-damage|p2a: Scizor|88/100|[from] Stealth Rock
|turn|23
|
|t:|1778498795
|move|p2a: Scizor|Bullet Punch|p1a: Great Tusk
|-damage|p1a: Great Tusk|0 fnt
|faint|p1a: Great Tusk
|-end|p1a: Great Tusk|Protosynthesis|[silent]
|
|upkeep
|
|t:|1778498796
|switch|p1a: Serperior|Serperior, F|44/100
|turn|24
|
|t:|1778498805
|move|p2a: Scizor|Bullet Punch|p1a: Serperior
|-damage|p1a: Serperior|2/100
|move|p1a: Serperior|Leaf Storm|p2a: Scizor
|-resisted|p2a: Scizor
|-damage|p2a: Scizor|72/100
|-boost|p1a: Serperior|spa|2
|
|upkeep
|turn|25
|
|t:|1778498810
|move|p2a: Scizor|Bullet Punch|p1a: Serperior
|-damage|p1a: Serperior|0 fnt
|faint|p1a: Serperior
|
|win|MangLe12138
|raw|carlucas's rating: 1345 &rarr; <strong>1328</strong><br />(-17 for losing)
|raw|MangLe12138's rating: 1397 &rarr; <strong>1414</strong><br />(+17 for winning)
|l|☆carlucas
|player|p1|
