|html|<div class="broadcast-blue"><strong>[Gen 9] OU is currently suspecting Volcarona! For information on how to participate check out the <a href="https://www.smogon.com/tools/suspects/view/208">suspect thread</a>.</strong></div>
|badge|p2|bronze|gen9ou|100-9
|uhtml|medal-msg|<div class="broadcast-blue">Curious what those medals under the avatar are? PS now has Ladder Seasons! For more information, check out the <a href="https://www.smogon.com/forums/threads/3740067/">thread on Smogon.</a></div>
|j|☆Exostentialism
|j|☆Noamm
|t:|1778501207
|gametype|singles
|player|p1|Exostentialism|morty|1596
|player|p2|Noamm|gambler|1791
|gen|9
|tier|[Gen 9] OU
|rated|
|rule|HP Percentage Mod: HP is shown in percentages
|rule|Endless Battle Clause: Forcing endless battles is banned
|rule|Species Clause: Limit one of each Pokémon
|rule|OHKO Clause: OHKO moves are banned
|rule|Evasion Items Clause: Evasion items are banned
|rule|Evasion Moves Clause: Evasion moves are banned
|rule|Evasion Abilities Clause: Evasion abilities are banned
|rule|Sleep Moves Clause: Sleep-inducing moves are banned
|clearpoke
|poke|p1|Dragonite, M|
|poke|p1|Gholdengo|
|poke|p1|Iron Crown|
|poke|p1|Glimmora, F|
|poke|p1|Ting-Lu|
|poke|p1|Ogerpon-Wellspring, F|
|poke|p2|Lokix, M|
|poke|p2|Iron Valiant|
|poke|p2|Alomomola, M|
|poke|p2|Mandibuzz, F|
|poke|p2|Great Tusk|
|poke|p2|Gholdengo|
|teampreview
|inactive|Battle timer is ON: inactive players will automatically lose when time's up. (requested by Noamm)
|inactive|Exostentialism also wants the timer to be on.
|j| hattybatty304
|inactive|Exostentialism has 120 seconds left.
|
|t:|1778501243
|teamsize|p1|6
|teamsize|p2|6
|start
|switch|p1a: Glimmora|Glimmora, F|100/100
|switch|p2a: MACHINE TORNADER|Gholdengo|100/100
|turn|1
|
|t:|1778501248
|switch|p1a: Ting-Lu|Ting-Lu|100/100
|-ability|p1a: Ting-Lu|Vessel of Ruin
|move|p2a: MACHINE TORNADER|Make It Rain|p1a: Ting-Lu
|-damage|p1a: Ting-Lu|76/100
|-unboost|p2a: MACHINE TORNADER|spa|1
|
|upkeep
|turn|2
|
|t:|1778501259
|switch|p2a: G3-X|Iron Valiant, shiny|100/100
|move|p1a: Ting-Lu|Ruination|p2a: G3-X
|-damage|p2a: G3-X|51/100
|
|upkeep
|turn|3
|inactive|Exostentialism has 120 seconds left.
|
|t:|1778501309
|switch|p1a: Iron Crown|Iron Crown|100/100
|-enditem|p1a: Iron Crown|Booster Energy
|-activate|p1a: Iron Crown|ability: Quark Drive|[fromitem]
|-start|p1a: Iron Crown|quarkdrivespe
|move|p2a: G3-X|Moonblast|p1a: Iron Crown
|-resisted|p1a: Iron Crown
|-damage|p1a: Iron Crown|65/100
|-unboost|p1a: Iron Crown|spa|1
|
|upkeep
|turn|4
|
|t:|1778501319
|-end|p2a: G3-X|Quark Drive|[silent]
|switch|p2a: MACHINE TORNADER|Gholdengo|100/100
|move|p1a: Iron Crown|Calm Mind|p1a: Iron Crown
|-boost|p1a: Iron Crown|spa|1
|-boost|p1a: Iron Crown|spd|1
|
|upkeep
|turn|5
|
|t:|1778501341
|move|p1a: Iron Crown|Tachyon Cutter|p2a: MACHINE TORNADER
|-resisted|p2a: MACHINE TORNADER
|-damage|p2a: MACHINE TORNADER|87/100
|-resisted|p2a: MACHINE TORNADER
|-damage|p2a: MACHINE TORNADER|74/100
|-hitcount|p2a: MACHINE TORNADER|2
|move|p2a: MACHINE TORNADER|Shadow Ball|p1a: Iron Crown
|-supereffective|p1a: Iron Crown
|-damage|p1a: Iron Crown|16/100
|
|upkeep
|turn|6
|
|t:|1778501350
|move|p1a: Iron Crown|Tachyon Cutter|p2a: MACHINE TORNADER
|-resisted|p2a: MACHINE TORNADER
|-damage|p2a: MACHINE TORNADER|61/100
|-resisted|p2a: MACHINE TORNADER
|-damage|p2a: MACHINE TORNADER|48/100
|-hitcount|p2a: MACHINE TORNADER|2
|move|p2a: MACHINE TORNADER|Shadow Ball|p1a: Iron Crown
|-supereffective|p1a: Iron Crown
|-damage|p1a: Iron Crown|0 fnt
|faint|p1a: Iron Crown
|-end|p1a: Iron Crown|Quark Drive|[silent]
|
|upkeep
|
|t:|1778501355
|switch|p1a: Glimmora|Glimmora, F|100/100
|turn|7
|
|t:|1778501362
|switch|p2a: Gills Exceed|Great Tusk|100/100
|move|p1a: Glimmora|Stealth Rock|p2a: Gills Exceed
|-sidestart|p2: Noamm|move: Stealth Rock
|
|upkeep
|turn|8
|
|t:|1778501376
|switch|p1a: Dragonite|Dragonite, M|100/100
|move|p2a: Gills Exceed|Headlong Rush|p1a: Dragonite
|-immune|p1a: Dragonite
|
|upkeep
|turn|9
|
|t:|1778501382
|-end|p2a: Gills Exceed|Protosynthesis|[silent]
|switch|p2a: Overlord|Mandibuzz, F|100/100
|switch|p1a: Gholdengo|Gholdengo|100/100
|
|upkeep
|turn|10
|
|t:|1778501389
|switch|p2a: Tetsuya Sawaki|Alomomola, M|100/100
|-damage|p2a: Tetsuya Sawaki|88/100|[from] Stealth Rock
|move|p1a: Gholdengo|Thunder Wave|p2a: Tetsuya Sawaki
|-status|p2a: Tetsuya Sawaki|par
|
|upkeep
|turn|11
|inactive|Exostentialism has 120 seconds left.
|
|t:|1778501399
|switch|p1a: Ogerpon|Ogerpon-Wellspring, F|100/100
|move|p2a: Tetsuya Sawaki|Flip Turn|p1a: Ogerpon
|-immune|p1a: Ogerpon|[from] ability: Water Absorb
|
|upkeep
|turn|12
|inactive|Exostentialism has 120 seconds left.
|
|t:|1778501412
|switch|p2a: Overlord|Mandibuzz, F|100/100
|move|p1a: Ogerpon|Swords Dance|p1a: Ogerpon
|-boost|p1a: Ogerpon|atk|2
|
|upkeep
|turn|13
|inactive|Exostentialism has 120 seconds left.
|
|t:|1778501419
|switch|p1a: Ting-Lu|Ting-Lu|76/100
|-ability|p1a: Ting-Lu|Vessel of Ruin
|move|p2a: Overlord|Foul Play|p1a: Ting-Lu
|-resisted|p1a: Ting-Lu
|-damage|p1a: Ting-Lu|66/100
|-damage|p2a: Overlord|84/100|[from] item: Rocky Helmet|[of] p1a: Ting-Lu
|
|upkeep
|turn|14
|
|t:|1778501427
|switch|p2a: Gills Exceed|Great Tusk|100/100
|move|p1a: Ting-Lu|Whirlwind|p2a: Gills Exceed
|-end|p2a: Gills Exceed|Protosynthesis|[silent]
|drag|p2a: Overlord|Mandibuzz, F|84/100
|
|upkeep
|turn|15
|
|t:|1778501433
|switch|p2a: Gills Exceed|Great Tusk|100/100
|move|p1a: Ting-Lu|Ruination|p2a: Gills Exceed
|-damage|p2a: Gills Exceed|51/100
|
|upkeep
|turn|16
|
|t:|1778501441
|switch|p1a: Glimmora|Glimmora, F|100/100
|move|p2a: Gills Exceed|Rapid Spin|p1a: Glimmora
|-resisted|p1a: Glimmora
|-damage|p1a: Glimmora|90/100
|-boost|p2a: Gills Exceed|spe|1
|-activate|p1a: Glimmora|ability: Toxic Debris
|-sidestart|p2: Noamm|move: Toxic Spikes
|-sideend|p2: Noamm|Toxic Spikes|[from] move: Rapid Spin|[of] p2a: Gills Exceed
|-sideend|p2: Noamm|Stealth Rock|[from] move: Rapid Spin|[of] p2a: Gills Exceed
|
|upkeep
|turn|17
|
|t:|1778501465
|move|p2a: Gills Exceed|Headlong Rush|p1a: Glimmora
|-supereffective|p1a: Glimmora
|-damage|p1a: Glimmora|0 fnt
|-unboost|p2a: Gills Exceed|def|1
|-unboost|p2a: Gills Exceed|spd|1
|-activate|p1a: Glimmora|ability: Toxic Debris
|-sidestart|p2: Noamm|move: Toxic Spikes
|faint|p1a: Glimmora
|
|upkeep
|inactive|Exostentialism has 120 seconds left.
|
|t:|1778501487
|switch|p1a: Gholdengo|Gholdengo|100/100
|turn|18
|
|t:|1778501498
|-end|p2a: Gills Exceed|Protosynthesis|[silent]
|switch|p2a: Tetsuya Sawaki|Alomomola, M|100/100 par
|-terastallize|p1a: Gholdengo|Flying
|move|p1a: Gholdengo|Hex|p2a: Tetsuya Sawaki
|-damage|p2a: Tetsuya Sawaki|66/100 par
|
|upkeep
|turn|19
|
|t:|1778501520
|move|p1a: Gholdengo|Hex|p2a: Tetsuya Sawaki
|-damage|p2a: Tetsuya Sawaki|33/100 par
|move|p2a: Tetsuya Sawaki|Flip Turn|p1a: Gholdengo
|-damage|p1a: Gholdengo|89/100
|
|t:|1778501530
|switch|p2a: Gills Exceed|Great Tusk|51/100|[from] Flip Turn
|
|upkeep
|turn|20
|j| fuyuneeeeko
|
|t:|1778501560
|move|p2a: Gills Exceed|Rapid Spin|p1a: Gholdengo
|-damage|p1a: Gholdengo|77/100
|-boost|p2a: Gills Exceed|spe|1
|-sideend|p2: Noamm|Toxic Spikes|[from] move: Rapid Spin|[of] p2a: Gills Exceed
|move|p1a: Gholdengo|Focus Blast|p2a: Gills Exceed
|-damage|p2a: Gills Exceed|0 fnt
|faint|p2a: Gills Exceed
|-end|p2a: Gills Exceed|Protosynthesis|[silent]
|
|upkeep
|
|t:|1778501563
|switch|p2a: G3-X|Iron Valiant, shiny|51/100
|turn|21
|
|t:|1778501569
|switch|p1a: Ting-Lu|Ting-Lu|66/100
|-ability|p1a: Ting-Lu|Vessel of Ruin
|-terastallize|p2a: G3-X|Fairy
|move|p2a: G3-X|Moonblast|p1a: Ting-Lu
|-supereffective|p1a: Ting-Lu
|-damage|p1a: Ting-Lu|0 fnt
|faint|p1a: Ting-Lu
|
|upkeep
|inactive|Exostentialism has 90 seconds left.
|
|t:|1778501594
|switch|p1a: Dragonite|Dragonite, M|100/100
|turn|22
|inactive|Exostentialism has 90 seconds left.
|
|t:|1778501604
|-end|p2a: G3-X|Quark Drive|[silent]
|switch|p2a: Overlord|Mandibuzz, F|84/100
|move|p1a: Dragonite|Dragon Dance|p1a: Dragonite
|-boost|p1a: Dragonite|atk|1
|-boost|p1a: Dragonite|spe|1
|
|upkeep
|turn|23
|inactive|Exostentialism has 90 seconds left.
|
|t:|1778501610
|move|p1a: Dragonite|Rock Slide|p2a: Overlord
|-supereffective|p2a: Overlord
|-damage|p2a: Overlord|37/100
|move|p2a: Overlord|Foul Play|p1a: Dragonite
|-damage|p1a: Dragonite|57/100
|
|upkeep
|turn|24
|inactive|Exostentialism has 90 seconds left.
|
|t:|1778501630
|move|p1a: Dragonite|Rock Slide|p2a: Overlord
|-supereffective|p2a: Overlord
|-damage|p2a: Overlord|0 fnt
|faint|p2a: Overlord
|
|upkeep
|
|t:|1778501639
|switch|p2a: MACHINE TORNADER|Gholdengo|48/100
|turn|25
|
|t:|1778501645
|switch|p1a: Ogerpon|Ogerpon-Wellspring, F|100/100
|move|p2a: MACHINE TORNADER|Make It Rain|p1a: Ogerpon
|-resisted|p1a: Ogerpon
|-damage|p1a: Ogerpon|65/100
|-unboost|p2a: MACHINE TORNADER|spa|1
|
|upkeep
|turn|26
|
|t:|1778501654
|switch|p2a: Shining Agito|Lokix, M, shiny|100/100
|move|p1a: Ogerpon|Horn Leech|p2a: Shining Agito
|-resisted|p2a: Shining Agito
|-damage|p2a: Shining Agito|67/100
|-heal|p1a: Ogerpon|81/100|[from] drain|[of] p2a: Shining Agito
|
|upkeep
|turn|27
|
|t:|1778501671
|switch|p1a: Dragonite|Dragonite, M|57/100
|move|p2a: Shining Agito|U-turn|p1a: Dragonite
|-resisted|p1a: Dragonite
|-damage|p1a: Dragonite|0 fnt
|faint|p1a: Dragonite
|
|t:|1778501673
|switch|p2a: G3-X|Iron Valiant, shiny, tera:Fairy|51/100|[from] U-turn
|
|upkeep
|inactive|Exostentialism has 90 seconds left.
|
|t:|1778501691
|switch|p1a: Ogerpon|Ogerpon-Wellspring, F|81/100
|turn|28
|
|t:|1778501700
|move|p2a: G3-X|Moonblast|p1a: Ogerpon
|-damage|p1a: Ogerpon|0 fnt
|faint|p1a: Ogerpon
|
|upkeep
|
|t:|1778501702
|switch|p1a: Gholdengo|Gholdengo, tera:Flying|77/100
|turn|29
|c|☆Noamm|Gg
|
|t:|1778501706
|move|p2a: G3-X|Moonblast|p1a: Gholdengo
|-damage|p1a: Gholdengo|0 fnt
|faint|p1a: Gholdengo
|
|win|Noamm
|raw|Exostentialism's rating: 1596 &rarr; <strong>1586</strong><br />(-10 for losing)
|raw|Noamm's rating: 1791 &rarr; <strong>1801</strong><br />(+10 for winning)
|c|☆Exostentialism|gg
|l|☆Noamm
|player|p2|
|l| hattybatty304
|l|☆Exostentialism
|player|p1|
|l| fuyuneeeeko
