|html|<div class="broadcast-blue"><strong>[Gen 9] OU is currently suspecting Tera Blast! For information on how to participate check out the <a href="https://www.smogon.com/tools/suspects/view/200">suspect thread</a>.</strong></div>
|j|☆brewnose
|j|☆carinha2
|t:|1776188239
|gametype|singles
|player|p1|brewnose|101|1083
|player|p2|carinha2|266|1052
|gen|9
|tier|[Gen 9] OU
|rated|
|rule|HP Percentage Mod: HP is shown in percentages
|rule|Endless Battle Clause: Forcing endless battles is banned
|rule|Species Clause: Limit one of each Pokémon
|rule|OHKO Clause: OHKO moves are banned
|rule|Evasion Items Clause: Evasion items are banned
|rule|Evasion Moves Clause: Evasion moves are banned
|rule|Evasion Abilities Clause: Evasion abilities are banned
|rule|Sleep Moves Clause: Sleep-inducing moves are banned
|clearpoke
|poke|p1|Gholdengo|
|poke|p1|Weezing-Galar, M|
|poke|p1|Grimmsnarl, M|
|poke|p1|Maushold|
|poke|p1|Great Tusk|
|poke|p1|Cinderace, M|
|poke|p2|Toxapex, F|
|poke|p2|Dragapult, F|
|poke|p2|Iron Valiant|
|poke|p2|Gholdengo|
|poke|p2|Great Tusk|
|poke|p2|Kingambit, M|
|teampreview
|inactive|Battle timer is ON: inactive players will automatically lose when time's up. (requested by brewnose)
|
|t:|1776188287
|teamsize|p1|6
|teamsize|p2|6
|start
|switch|p1a: Cheese String|Gholdengo|100/100
|switch|p2a: Great Tusk|Great Tusk|100/100
|-enditem|p2a: Great Tusk|Booster Energy
|-activate|p2a: Great Tusk|ability: Protosynthesis|[fromitem]
|-start|p2a: Great Tusk|protosynthesisatk
|turn|1
|
|t:|1776188307
|move|p1a: Cheese String|Trick|p2a: Great Tusk
|-activate|p1a: Cheese String|move: Trick|[of] p2a: Great Tusk
|-item|p2a: Great Tusk|Choice Scarf|[from] move: Trick
|-enditem|p1a: Cheese String|Choice Scarf|[silent]|[from] move: Trick
|move|p2a: Great Tusk|Stealth Rock|p1a: Cheese String
|-sidestart|p1: brewnose|move: Stealth Rock
|
|upkeep
|turn|2
|inactive|carinha2 has 120 seconds left.
|
|t:|1776188361
|-end|p2a: Great Tusk|Protosynthesis|[silent]
|switch|p2a: Gholdengo|Gholdengo|100/100
|-item|p2a: Gholdengo|Air Balloon
|move|p1a: Cheese String|Shadow Ball|p2a: Gholdengo
|-supereffective|p2a: Gholdengo
|-damage|p2a: Gholdengo|10/100
|-unboost|p2a: Gholdengo|spd|1
|-enditem|p2a: Gholdengo|Air Balloon
|
|upkeep
|turn|3
|inactive|carinha2 has 90 seconds left.
|
|t:|1776188390
|switch|p1a: Mauscarriage|Maushold|100/100
|-damage|p1a: Mauscarriage|88/100|[from] Stealth Rock
|switch|p2a: Iron Valiant|Iron Valiant, shiny|100/100
|-enditem|p2a: Iron Valiant|Booster Energy
|-activate|p2a: Iron Valiant|ability: Quark Drive|[fromitem]
|-start|p2a: Iron Valiant|quarkdrivespe
|
|upkeep
|turn|4
|
|t:|1776188412
|-terastallize|p1a: Mauscarriage|Ghost
|move|p2a: Iron Valiant|Aura Sphere|p1a: Mauscarriage
|-immune|p1a: Mauscarriage
|move|p1a: Mauscarriage|Tidy Up|p1a: Mauscarriage
|-sideend|p1: brewnose|Stealth Rock
|-activate|p1a: Mauscarriage|move: Tidy Up
|-boost|p1a: Mauscarriage|atk|1
|-boost|p1a: Mauscarriage|spe|1
|
|upkeep
|turn|5
|inactive|carinha2 has 60 seconds left.
|
|t:|1776188435
|move|p2a: Iron Valiant|Calm Mind|p2a: Iron Valiant
|-boost|p2a: Iron Valiant|spa|1
|-boost|p2a: Iron Valiant|spd|1
|move|p1a: Mauscarriage|Encore|p2a: Iron Valiant
|-start|p2a: Iron Valiant|Encore
|
|upkeep
|turn|6
|
|t:|1776188442
|move|p2a: Iron Valiant|Calm Mind|p2a: Iron Valiant
|-boost|p2a: Iron Valiant|spa|1
|-boost|p2a: Iron Valiant|spd|1
|move|p1a: Mauscarriage|Tidy Up|p1a: Mauscarriage
|-boost|p1a: Mauscarriage|atk|1
|-boost|p1a: Mauscarriage|spe|1
|
|upkeep
|turn|7
|inactive|carinha2 has 60 seconds left.
|
|t:|1776188460
|-end|p2a: Iron Valiant|Quark Drive|[silent]
|switch|p2a: Toxapex|Toxapex, F|100/100
|move|p1a: Mauscarriage|Tidy Up|p1a: Mauscarriage
|-boost|p1a: Mauscarriage|atk|1
|-boost|p1a: Mauscarriage|spe|1
|
|upkeep
|turn|8
|
|t:|1776188468
|move|p1a: Mauscarriage|Population Bomb|p2a: Toxapex
|-damage|p2a: Toxapex|83/100
|-damage|p2a: Toxapex|64/100
|-damage|p2a: Toxapex|47/100
|-damage|p2a: Toxapex|28/100
|-damage|p2a: Toxapex|10/100
|-crit|p2a: Toxapex
|-damage|p2a: Toxapex|0 fnt
|faint|p2a: Toxapex
|-hitcount|p2: Toxapex|6
|
|upkeep
|inactive|carinha2 has 60 seconds left.
|
|t:|1776188487
|switch|p2a: Iron Valiant|Iron Valiant, shiny|100/100
|turn|9
|inactive|carinha2 has 60 seconds left.
|
|t:|1776188494
|move|p1a: Mauscarriage|Population Bomb|p2a: Iron Valiant
|-damage|p2a: Iron Valiant|64/100
|-damage|p2a: Iron Valiant|27/100
|-hitcount|p2a: Iron Valiant|2
|move|p2a: Iron Valiant|Moonblast|p1a: Mauscarriage
|-damage|p1a: Mauscarriage|15/100
|
|upkeep
|turn|10
|inactive|carinha2 has 60 seconds left.
|
|t:|1776188512
|move|p1a: Mauscarriage|Population Bomb|p2a: Iron Valiant
|-damage|p2a: Iron Valiant|0 fnt
|faint|p2a: Iron Valiant
|-end|p2a: Iron Valiant|Quark Drive|[silent]
|-hitcount|p2: Iron Valiant|1
|
|upkeep
|
|t:|1776188518
|switch|p2a: Kingambit|Kingambit, M|100/100
|-activate|p2a: Kingambit|ability: Supreme Overlord
|-start|p2a: Kingambit|fallen2|[silent]
|turn|11
|inactive|carinha2 has 60 seconds left.
|
|t:|1776188525
|move|p2a: Kingambit|Sucker Punch||[still]
|-fail|p2a: Kingambit
|move|p1a: Mauscarriage|Tidy Up|p1a: Mauscarriage
|-boost|p1a: Mauscarriage|atk|1
|-boost|p1a: Mauscarriage|spe|1
|
|upkeep
|turn|12
|
|t:|1776188535
|move|p2a: Kingambit|Sucker Punch||[still]
|-fail|p2a: Kingambit
|move|p1a: Mauscarriage|Encore|p2a: Kingambit
|-start|p2a: Kingambit|Encore
|
|upkeep
|turn|13
|inactive|carinha2 has 60 seconds left.
|
|t:|1776188558
|move|p2a: Kingambit|Sucker Punch||[still]
|-fail|p2a: Kingambit
|move|p1a: Mauscarriage|Tidy Up|p1a: Mauscarriage
|-boost|p1a: Mauscarriage|atk|1
|-boost|p1a: Mauscarriage|spe|1
|
|upkeep
|turn|14
|inactive|carinha2 has 60 seconds left.
|
|t:|1776188567
|move|p2a: Kingambit|Sucker Punch||[still]
|-fail|p2a: Kingambit
|move|p1a: Mauscarriage|Tidy Up|p1a: Mauscarriage
|-boost|p1a: Mauscarriage|atk|1
|-boost|p1a: Mauscarriage|spe|1
|
|upkeep
|turn|15
|
|t:|1776188575
|move|p2a: Kingambit|Sucker Punch||[still]
|-fail|p2a: Kingambit
|move|p1a: Mauscarriage|Tidy Up||[still]
|-fail|p1a: Mauscarriage
|
|-end|p2a: Kingambit|Encore
|upkeep
|turn|16
|
|t:|1776188586
|move|p1a: Mauscarriage|Encore|p2a: Kingambit
|-start|p2a: Kingambit|Encore
|move|p2a: Kingambit|Sucker Punch||[still]
|-fail|p2a: Kingambit
|
|upkeep
|turn|17
|
|t:|1776188594
|move|p2a: Kingambit|Sucker Punch||[still]
|-fail|p2a: Kingambit
|move|p1a: Mauscarriage|Tidy Up||[still]
|-fail|p1a: Mauscarriage
|
|upkeep
|turn|18
|
|t:|1776188612
|-end|p2a: Kingambit|fallen2|[silent]
|switch|p2a: Gholdengo|Gholdengo|10/100
|move|p1a: Mauscarriage|Tidy Up||[still]
|-fail|p1a: Mauscarriage
|
|upkeep
|turn|19
|
|t:|1776188621
|move|p1a: Mauscarriage|Bite|p2a: Gholdengo
|-supereffective|p2a: Gholdengo
|-damage|p2a: Gholdengo|0 fnt
|faint|p2a: Gholdengo
|
|upkeep
|
|t:|1776188630
|switch|p2a: Dragapult|Dragapult, F|100/100
|turn|20
|
|t:|1776188635
|move|p1a: Mauscarriage|Bite|p2a: Dragapult
|-supereffective|p2a: Dragapult
|-damage|p2a: Dragapult|0 fnt
|faint|p2a: Dragapult
|
|upkeep
|
|t:|1776188642
|switch|p2a: Kingambit|Kingambit, M|100/100
|-activate|p2a: Kingambit|ability: Supreme Overlord
|-start|p2a: Kingambit|fallen4|[silent]
|turn|21
|
|t:|1776188648
|move|p1a: Mauscarriage|Population Bomb|p2a: Kingambit
|-resisted|p2a: Kingambit
|-damage|p2a: Kingambit|83/100
|-resisted|p2a: Kingambit
|-damage|p2a: Kingambit|65/100
|-resisted|p2a: Kingambit
|-damage|p2a: Kingambit|47/100
|-resisted|p2a: Kingambit
|-damage|p2a: Kingambit|29/100
|-resisted|p2a: Kingambit
|-damage|p2a: Kingambit|13/100
|-resisted|p2a: Kingambit
|-damage|p2a: Kingambit|0 fnt
|faint|p2a: Kingambit
|-end|p2a: Kingambit|fallen4|[silent]
|-hitcount|p2: Kingambit|6
|
|upkeep
|
|t:|1776188663
|switch|p2a: Great Tusk|Great Tusk|100/100
|turn|22
|
|t:|1776188667
|move|p1a: Mauscarriage|Population Bomb|p2a: Great Tusk
|-damage|p2a: Great Tusk|69/100
|-damage|p2a: Great Tusk|37/100
|-damage|p2a: Great Tusk|3/100
|-damage|p2a: Great Tusk|0 fnt
|faint|p2a: Great Tusk
|-end|p2a: Great Tusk|Protosynthesis|[silent]
|-hitcount|p2: Great Tusk|4
|
|win|brewnose
|raw|brewnose's rating: 1083 &rarr; <strong>1108</strong><br />(+25 for winning)
|raw|carinha2's rating: 1052 &rarr; <strong>1036</strong><br />(-16 for losing)
|c|☆brewnose|Great game bro
|l|☆carinha2
|player|p2|
