|html|<div class="broadcast-blue"><strong>[Gen 9] OU is currently suspecting Tera Blast! For information on how to participate check out the <a href="https://www.smogon.com/tools/suspects/view/200">suspect thread</a>.</strong></div>
|j|☆SigmaGamer123321
|j|☆sdsadsadsaddsad
|t:|1776076554
|gametype|singles
|player|p1|SigmaGamer123321|n|1233
|player|p2|sdsadsadsaddsad|ariana|1305
|gen|9
|tier|[Gen 9] OU
|rated|
|rule|HP Percentage Mod: HP is shown in percentages
|rule|Endless Battle Clause: Forcing endless battles is banned
|rule|Species Clause: Limit one of each Pokémon
|rule|OHKO Clause: OHKO moves are banned
|rule|Evasion Items Clause: Evasion items are banned
|rule|Evasion Moves Clause: Evasion moves are banned
|rule|Evasion Abilities Clause: Evasion abilities are banned
|rule|Sleep Moves Clause: Sleep-inducing moves are banned
|clearpoke
|poke|p1|Sylveon, F|
|poke|p1|Incineroar, M|
|poke|p1|Ogerpon, F|
|poke|p1|Rillaboom, M|
|poke|p1|Pelipper, F|
|poke|p1|Blastoise, M|
|poke|p2|Samurott-Hisui, F|
|poke|p2|Zapdos|
|poke|p2|Iron Treads|
|poke|p2|Ceruledge, M|
|poke|p2|Gholdengo|
|poke|p2|Kingambit, M|
|teampreview
|inactive|Battle timer is ON: inactive players will automatically lose when time's up. (requested by SigmaGamer123321)
|
|t:|1776076569
|teamsize|p1|6
|teamsize|p2|6
|start
|switch|p1a: Pelipper|Pelipper, F|100/100
|switch|p2a: Samurott|Samurott-Hisui, F|100/100
|-weather|RainDance|[from] ability: Drizzle|[of] p1a: Pelipper
|turn|1
|
|t:|1776076573
|move|p1a: Pelipper|U-turn|p2a: Samurott
|-supereffective|p2a: Samurott
|-damage|p2a: Samurott|82/100
|
|t:|1776076576
|switch|p1a: Blastoise|Blastoise, M|100/100|[from] U-turn
|move|p2a: Samurott|Ceaseless Edge|p1a: Blastoise
|-damage|p1a: Blastoise|57/100
|-sidestart|p1: SigmaGamer123321|Spikes
|
|-weather|RainDance|[upkeep]
|-heal|p1a: Blastoise|63/100|[from] ability: Rain Dish
|upkeep
|turn|2
|
|t:|1776076581
|move|p2a: Samurott|Knock Off|p1a: Blastoise
|-damage|p1a: Blastoise|27/100
|-enditem|p1a: Blastoise|Heavy-Duty Boots|[from] move: Knock Off|[of] p2a: Samurott
|move|p1a: Blastoise|Rapid Spin|p2a: Samurott
|-damage|p2a: Samurott|71/100
|-boost|p1a: Blastoise|spe|1
|-sideend|p1: SigmaGamer123321|Spikes|[from] move: Rapid Spin|[of] p1a: Blastoise
|
|-weather|RainDance|[upkeep]
|-heal|p1a: Blastoise|33/100|[from] ability: Rain Dish
|upkeep
|turn|3
|
|t:|1776076590
|move|p1a: Blastoise|Aura Sphere|p2a: Samurott
|-supereffective|p2a: Samurott
|-damage|p2a: Samurott|44/100
|move|p2a: Samurott|Ceaseless Edge|p1a: Blastoise|[miss]
|-miss|p2a: Samurott|p1a: Blastoise
|
|-weather|RainDance|[upkeep]
|-heal|p1a: Blastoise|39/100|[from] ability: Rain Dish
|upkeep
|turn|4
|
|t:|1776076596
|move|p1a: Blastoise|Aura Sphere|p2a: Samurott
|-supereffective|p2a: Samurott
|-damage|p2a: Samurott|17/100
|move|p2a: Samurott|Ceaseless Edge|p1a: Blastoise|[miss]
|-miss|p2a: Samurott|p1a: Blastoise
|
|-weather|RainDance|[upkeep]
|-heal|p1a: Blastoise|45/100|[from] ability: Rain Dish
|upkeep
|turn|5
|
|t:|1776076603
|move|p2a: Samurott|Sucker Punch|p1a: Blastoise
|-damage|p1a: Blastoise|18/100
|move|p1a: Blastoise|Aura Sphere|p2a: Samurott
|-supereffective|p2a: Samurott
|-damage|p2a: Samurott|0 fnt
|faint|p2a: Samurott
|
|-weather|none
|upkeep
|
|t:|1776076613
|switch|p2a: Zapdos|Zapdos|100/100
|turn|6
|
|t:|1776076617
|switch|p1a: Rillaboom|Rillaboom, M|100/100
|-fieldstart|move: Grassy Terrain|[from] ability: Grassy Surge|[of] p1a: Rillaboom
|move|p2a: Zapdos|Volt Switch|p1a: Rillaboom
|-resisted|p1a: Rillaboom
|-damage|p1a: Rillaboom|91/100
|
|t:|1776076625
|switch|p2a: Iron Treads|Iron Treads|100/100|[from] Volt Switch
|
|-heal|p1a: Rillaboom|97/100|[from] Grassy Terrain
|upkeep
|turn|7
|
|t:|1776076627
|move|p2a: Iron Treads|Knock Off|p1a: Rillaboom
|-damage|p1a: Rillaboom|73/100
|-enditem|p1a: Rillaboom|Assault Vest|[from] move: Knock Off|[of] p2a: Iron Treads
|move|p1a: Rillaboom|Knock Off|p2a: Iron Treads
|-damage|p2a: Iron Treads|74/100
|-enditem|p2a: Iron Treads|Leftovers|[from] move: Knock Off|[of] p1a: Rillaboom
|
|-heal|p2a: Iron Treads|80/100|[from] Grassy Terrain
|-heal|p1a: Rillaboom|79/100|[from] Grassy Terrain
|upkeep
|turn|8
|
|t:|1776076633
|move|p2a: Iron Treads|Stealth Rock|p1a: Rillaboom
|-sidestart|p1: SigmaGamer123321|move: Stealth Rock
|move|p1a: Rillaboom|U-turn|p2a: Iron Treads
|-resisted|p2a: Iron Treads
|-crit|p2a: Iron Treads
|-damage|p2a: Iron Treads|67/100
|
|t:|1776076638
|switch|p1a: Pelipper|Pelipper, F|100/100|[from] U-turn
|-damage|p1a: Pelipper|76/100|[from] Stealth Rock
|-weather|RainDance|[from] ability: Drizzle|[of] p1a: Pelipper
|
|-weather|RainDance|[upkeep]
|-heal|p2a: Iron Treads|74/100|[from] Grassy Terrain
|upkeep
|turn|9
|
|t:|1776076647
|-end|p2a: Iron Treads|Quark Drive|[silent]
|switch|p2a: Zapdos|Zapdos|100/100
|-terastallize|p1a: Pelipper|Water
|move|p1a: Pelipper|Weather Ball|p2a: Zapdos
|-crit|p2a: Zapdos
|-damage|p2a: Zapdos|0 fnt
|faint|p2a: Zapdos
|
|-weather|RainDance|[upkeep]
|-heal|p1a: Pelipper|82/100|[from] Grassy Terrain
|upkeep
|inactive|sdsadsadsaddsad has 120 seconds left.
|inactive|sdsadsadsaddsad has 90 seconds left.
|inactive|sdsadsadsaddsad has 60 seconds left.
|l|☆sdsadsadsaddsad
|inactive|sdsadsadsaddsad disconnected and has a minute to reconnect!
|player|p2|
|inactive|sdsadsadsaddsad has 30 seconds left.
|inactive|sdsadsadsaddsad has 20 seconds left.
|inactive|sdsadsadsaddsad has 15 seconds left.
|inactive|sdsadsadsaddsad has 10 seconds left.
|inactive|sdsadsadsaddsad has 5 seconds left.
|-message|sdsadsadsaddsad lost due to inactivity.
|
|win|SigmaGamer123321
|raw|SigmaGamer123321's rating: 1233 &rarr; <strong>1262</strong><br />(+29 for winning)
|raw|sdsadsadsaddsad's rating: 1287 &rarr; <strong>1258</strong><br />(-29 for losing)
|l|☆SigmaGamer123321
|player|p1|
