|html|<div class="broadcast-blue"><strong>[Gen 9] OU is currently suspecting Tera Blast! For information on how to participate check out the <a href="https://www.smogon.com/tools/suspects/view/200">suspect thread</a>.</strong></div>
|j|☆lucas.nczl
|j|☆jarm2532
|t:|1776047277
|gametype|singles
|player|p1|lucas.nczl|bruno|1249
|player|p2|jarm2532|palmer|1352
|gen|9
|tier|[Gen 9] OU
|rated|
|rule|HP Percentage Mod: HP is shown in percentages
|rule|Endless Battle Clause: Forcing endless battles is banned
|rule|Species Clause: Limit one of each Pokémon
|rule|OHKO Clause: OHKO moves are banned
|rule|Evasion Items Clause: Evasion items are banned
|rule|Evasion Moves Clause: Evasion moves are banned
|rule|Evasion Abilities Clause: Evasion abilities are banned
|rule|Sleep Moves Clause: Sleep-inducing moves are banned
|clearpoke
|poke|p1|Scizor, F|
|poke|p1|Honchkrow, M|
|poke|p1|Rotom-Wash|
|poke|p1|Garchomp, F|
|poke|p1|Iron Valiant|
|poke|p1|Great Tusk|
|poke|p2|Excadrill, M|
|poke|p2|Hydrapple, M|
|poke|p2|Tyranitar, M|
|poke|p2|Scizor, M|
|poke|p2|Raging Bolt|
|poke|p2|Dragapult, M|
|teampreview
|inactive|Battle timer is ON: inactive players will automatically lose when time's up. (requested by lucas.nczl)
|
|t:|1776047285
|teamsize|p1|6
|teamsize|p2|6
|start
|switch|p1a: Scizor|Scizor, F|100/100
|switch|p2a: Dragapult|Dragapult, M, shiny|100/100
|turn|1
|
|t:|1776047290
|move|p2a: Dragapult|Will-O-Wisp|p1a: Scizor
|-status|p1a: Scizor|brn
|move|p1a: Scizor|Knock Off|p2a: Dragapult
|-supereffective|p2a: Dragapult
|-damage|p2a: Dragapult|26/100
|-enditem|p2a: Dragapult|Choice Specs|[from] move: Knock Off|[of] p1a: Scizor
|
|-damage|p1a: Scizor|94/100 brn|[from] brn
|upkeep
|turn|2
|
|t:|1776047300
|move|p2a: Dragapult|U-turn|p1a: Scizor
|-resisted|p1a: Scizor
|-damage|p1a: Scizor|85/100 brn
|inactive|jarm2532 has 120 seconds left.
|
|t:|1776047330
|switch|p2a: Raging Bolt|Raging Bolt|100/100|[from] U-turn
|move|p1a: Scizor|Knock Off|p2a: Raging Bolt
|-damage|p2a: Raging Bolt|78/100
|-enditem|p2a: Raging Bolt|Leftovers|[from] move: Knock Off|[of] p1a: Scizor
|
|-damage|p1a: Scizor|79/100 brn|[from] brn
|upkeep
|turn|3
|
|t:|1776047339
|switch|p1a: Great Tusk|Great Tusk|100/100
|move|p2a: Raging Bolt|Substitute|p2a: Raging Bolt
|-start|p2a: Raging Bolt|Substitute
|-damage|p2a: Raging Bolt|53/100
|
|upkeep
|turn|4
|
|t:|1776047345
|move|p1a: Great Tusk|Earthquake|p2a: Raging Bolt
|-supereffective|p2a: Raging Bolt
|-end|p2a: Raging Bolt|Substitute
|move|p2a: Raging Bolt|Calm Mind|p2a: Raging Bolt
|-boost|p2a: Raging Bolt|spa|1
|-boost|p2a: Raging Bolt|spd|1
|
|upkeep
|turn|5
|
|t:|1776047354
|-terastallize|p2a: Raging Bolt|Fairy
|move|p1a: Great Tusk|Ice Spinner|p2a: Raging Bolt
|-damage|p2a: Raging Bolt|35/100
|move|p2a: Raging Bolt|Draco Meteor|p1a: Great Tusk
|-damage|p1a: Great Tusk|0 fnt
|-unboost|p2a: Raging Bolt|spa|2
|faint|p1a: Great Tusk
|-end|p1a: Great Tusk|Protosynthesis|[silent]
|
|upkeep
|
|t:|1776047363
|switch|p1a: Scizor|Scizor, F|79/100 brn
|turn|6
|
|t:|1776047374
|-end|p2a: Raging Bolt|Protosynthesis|[silent]
|switch|p2a: Scizor|Scizor, M|100/100
|move|p1a: Scizor|Bullet Punch|p2a: Scizor
|-resisted|p2a: Scizor
|-damage|p2a: Scizor|88/100
|
|-damage|p1a: Scizor|73/100 brn|[from] brn
|upkeep
|turn|7
|
|t:|1776047385
|switch|p1a: Garchomp|Garchomp, F|100/100
|move|p2a: Scizor|Knock Off|p1a: Garchomp
|-damage|p1a: Garchomp|64/100
|-damage|p2a: Scizor|75/100|[from] ability: Rough Skin|[of] p1a: Garchomp
|-damage|p2a: Scizor|59/100|[from] item: Rocky Helmet|[of] p1a: Garchomp
|-enditem|p1a: Garchomp|Rocky Helmet|[from] move: Knock Off|[of] p2a: Scizor
|
|upkeep
|turn|8
|
|t:|1776047396
|switch|p2a: Hydrapple|Hydrapple, M, shiny|100/100
|move|p1a: Garchomp|Fire Fang|p2a: Hydrapple
|-damage|p2a: Hydrapple|90/100
|-damage|p1a: Garchomp|47/100|[from] item: Rocky Helmet|[of] p2a: Hydrapple
|
|upkeep
|turn|9
|
|t:|1776047406
|move|p1a: Garchomp|Stealth Rock|p2a: Hydrapple
|-sidestart|p2: jarm2532|move: Stealth Rock
|move|p2a: Hydrapple|Giga Drain|p1a: Garchomp
|-damage|p1a: Garchomp|21/100
|-heal|p2a: Hydrapple|100/100|[from] drain|[of] p1a: Garchomp
|
|upkeep
|turn|10
|
|t:|1776047414
|move|p2a: Hydrapple|Giga Drain|p1a: Garchomp
|-damage|p1a: Garchomp|0 fnt
|faint|p1a: Garchomp
|
|upkeep
|
|t:|1776047420
|switch|p1a: Iron Valiant|Iron Valiant|100/100
|-enditem|p1a: Iron Valiant|Booster Energy
|-activate|p1a: Iron Valiant|ability: Quark Drive|[fromitem]
|-start|p1a: Iron Valiant|quarkdrivespe
|turn|11
|
|t:|1776047439
|switch|p2a: Raging Bolt|Raging Bolt, tera:Fairy|35/100
|-damage|p2a: Raging Bolt|23/100|[from] Stealth Rock
|move|p1a: Iron Valiant|Moonblast|p2a: Raging Bolt
|-damage|p2a: Raging Bolt|0 fnt
|faint|p2a: Raging Bolt
|-end|p2a: Raging Bolt|Protosynthesis|[silent]
|
|upkeep
|
|t:|1776047446
|switch|p2a: Scizor|Scizor, M|59/100
|-damage|p2a: Scizor|46/100|[from] Stealth Rock
|turn|12
|
|t:|1776047453
|-end|p1a: Iron Valiant|Quark Drive|[silent]
|switch|p1a: Rotom|Rotom-Wash|100/100
|move|p2a: Scizor|Bullet Punch|p1a: Rotom
|-resisted|p1a: Rotom
|-damage|p1a: Rotom|90/100
|
|-heal|p1a: Rotom|96/100|[from] item: Leftovers
|upkeep
|turn|13
|
|t:|1776047463
|switch|p2a: Hydrapple|Hydrapple, M, shiny|100/100
|-damage|p2a: Hydrapple|88/100|[from] Stealth Rock
|move|p1a: Rotom|Will-O-Wisp|p2a: Hydrapple
|-status|p2a: Hydrapple|brn
|
|-heal|p1a: Rotom|100/100|[from] item: Leftovers
|-damage|p2a: Hydrapple|82/100 brn|[from] brn
|upkeep
|turn|14
|
|t:|1776047474
|switch|p1a: Scizor|Scizor, F|73/100 brn
|move|p2a: Hydrapple|Giga Drain|p1a: Scizor
|-resisted|p1a: Scizor
|-damage|p1a: Scizor|63/100 brn
|-heal|p2a: Hydrapple|86/100 brn|[from] drain|[of] p1a: Scizor
|
|-damage|p1a: Scizor|57/100 brn|[from] brn
|-damage|p2a: Hydrapple|79/100 brn|[from] brn
|upkeep
|turn|15
|
|t:|1776047497
|move|p1a: Scizor|Knock Off|p2a: Hydrapple
|-damage|p2a: Hydrapple|63/100 brn
|-damage|p1a: Scizor|40/100 brn|[from] item: Rocky Helmet|[of] p2a: Hydrapple
|-enditem|p2a: Hydrapple|Rocky Helmet|[from] move: Knock Off|[of] p1a: Scizor
|move|p2a: Hydrapple|Giga Drain|p1a: Scizor
|-resisted|p1a: Scizor
|-damage|p1a: Scizor|32/100 brn
|-heal|p2a: Hydrapple|67/100 brn|[from] drain|[of] p1a: Scizor
|
|-damage|p1a: Scizor|26/100 brn|[from] brn
|-damage|p2a: Hydrapple|60/100 brn|[from] brn
|upkeep
|turn|16
|
|t:|1776047510
|switch|p1a: Honchkrow|Honchkrow, M|100/100
|move|p2a: Hydrapple|Nasty Plot|p2a: Hydrapple
|-boost|p2a: Hydrapple|spa|2
|
|-damage|p2a: Hydrapple|54/100 brn|[from] brn
|upkeep
|turn|17
|
|t:|1776047517
|move|p1a: Honchkrow|Brave Bird|p2a: Hydrapple
|-supereffective|p2a: Hydrapple
|-damage|p2a: Hydrapple|0 fnt
|faint|p2a: Hydrapple
|-damage|p1a: Honchkrow|79/100|[from] Recoil
|
|upkeep
|
|t:|1776047523
|switch|p2a: Tyranitar|Tyranitar, M, shiny|100/100
|-damage|p2a: Tyranitar|88/100|[from] Stealth Rock
|-weather|Sandstorm|[from] ability: Sand Stream|[of] p2a: Tyranitar
|turn|18
|
|t:|1776047530
|move|p1a: Honchkrow|U-turn|p2a: Tyranitar
|-supereffective|p2a: Tyranitar
|-crit|p2a: Tyranitar
|-damage|p2a: Tyranitar|16/100
|
|t:|1776047534
|switch|p1a: Scizor|Scizor, F|26/100 brn|[from] U-turn
|move|p2a: Tyranitar|Stealth Rock|p1a: Scizor
|-sidestart|p1: lucas.nczl|move: Stealth Rock
|
|-weather|Sandstorm|[upkeep]
|-damage|p1a: Scizor|19/100 brn|[from] brn
|upkeep
|turn|19
|
|t:|1776047544
|move|p1a: Scizor|Bullet Punch|p2a: Tyranitar
|-supereffective|p2a: Tyranitar
|-damage|p2a: Tyranitar|0 fnt
|faint|p2a: Tyranitar
|
|-weather|Sandstorm|[upkeep]
|-damage|p1a: Scizor|13/100 brn|[from] brn
|upkeep
|
|t:|1776047552
|switch|p2a: Excadrill|Excadrill, M, shiny|100/100
|-damage|p2a: Excadrill|97/100|[from] Stealth Rock
|-item|p2a: Excadrill|Air Balloon
|turn|20
|
|t:|1776047558
|move|p1a: Scizor|Bullet Punch|p2a: Excadrill
|-resisted|p2a: Excadrill
|-damage|p2a: Excadrill|80/100
|-enditem|p2a: Excadrill|Air Balloon
|move|p2a: Excadrill|Rapid Spin|p1a: Scizor
|-resisted|p1a: Scizor
|-damage|p1a: Scizor|5/100 brn
|-boost|p2a: Excadrill|spe|1
|-sideend|p2: jarm2532|Stealth Rock|[from] move: Rapid Spin|[of] p2a: Excadrill
|
|-weather|Sandstorm|[upkeep]
|-damage|p1a: Scizor|0 fnt|[from] brn
|faint|p1a: Scizor
|upkeep
|
|t:|1776047572
|switch|p1a: Rotom|Rotom-Wash|100/100
|-damage|p1a: Rotom|88/100|[from] Stealth Rock
|turn|21
|
|t:|1776047578
|switch|p2a: Dragapult|Dragapult, M, shiny|26/100
|move|p1a: Rotom|Will-O-Wisp|p2a: Dragapult
|-status|p2a: Dragapult|brn
|
|-weather|Sandstorm|[upkeep]
|-damage|p2a: Dragapult|20/100 brn|[from] Sandstorm
|-damage|p1a: Rotom|82/100|[from] Sandstorm
|-heal|p1a: Rotom|88/100|[from] item: Leftovers
|-damage|p2a: Dragapult|14/100 brn|[from] brn
|upkeep
|turn|22
|
|t:|1776047598
|move|p2a: Dragapult|Shadow Ball|p1a: Rotom
|-damage|p1a: Rotom|50/100
|move|p1a: Rotom|Hydro Pump|p2a: Dragapult|[miss]
|-miss|p1a: Rotom|p2a: Dragapult
|
|-weather|Sandstorm|[upkeep]
|-damage|p2a: Dragapult|8/100 brn|[from] Sandstorm
|-damage|p1a: Rotom|44/100|[from] Sandstorm
|-heal|p1a: Rotom|50/100|[from] item: Leftovers
|-damage|p2a: Dragapult|2/100 brn|[from] brn
|upkeep
|turn|23
|
|t:|1776047612
|switch|p1a: Honchkrow|Honchkrow, M|79/100
|-damage|p1a: Honchkrow|54/100|[from] Stealth Rock
|move|p2a: Dragapult|Draco Meteor|p1a: Honchkrow
|-damage|p1a: Honchkrow|0 fnt
|-unboost|p2a: Dragapult|spa|2
|faint|p1a: Honchkrow
|
|-weather|Sandstorm|[upkeep]
|-damage|p2a: Dragapult|0 fnt|[from] Sandstorm
|faint|p2a: Dragapult
|upkeep
|
|t:|1776047627
|switch|p2a: Scizor|Scizor, M|46/100
|switch|p1a: Rotom|Rotom-Wash|50/100
|-damage|p1a: Rotom|38/100|[from] Stealth Rock
|turn|24
|
|t:|1776047637
|move|p1a: Rotom|Hydro Pump|p2a: Scizor
|-damage|p2a: Scizor|0 fnt
|faint|p2a: Scizor
|
|-weather|Sandstorm|[upkeep]
|-damage|p1a: Rotom|31/100|[from] Sandstorm
|-heal|p1a: Rotom|38/100|[from] item: Leftovers
|upkeep
|-message|jarm2532 forfeited.
|
|win|lucas.nczl
|raw|lucas.nczl's rating: 1249 &rarr; <strong>1281</strong><br />(+32 for winning)
|raw|jarm2532's rating: 1352 &rarr; <strong>1326</strong><br />(-26 for losing)
|l|☆jarm2532
|player|p2|
|l|☆lucas.nczl
|player|p1|
