|html|<div class="broadcast-blue"><strong>[Gen 9] OU is currently suspecting Tera Blast! For information on how to participate check out the <a href="https://www.smogon.com/tools/suspects/view/200">suspect thread</a>.</strong></div>
|j|☆la5495
|j|☆sfbhavszbxvkhlas
|t:|1776066160
|gametype|singles
|player|p1|la5495|ghetsis|1192
|player|p2|sfbhavszbxvkhlas|infielder|1194
|gen|9
|tier|[Gen 9] OU
|rated|
|rule|HP Percentage Mod: HP is shown in percentages
|rule|Endless Battle Clause: Forcing endless battles is banned
|rule|Species Clause: Limit one of each Pokémon
|rule|OHKO Clause: OHKO moves are banned
|rule|Evasion Items Clause: Evasion items are banned
|rule|Evasion Moves Clause: Evasion moves are banned
|rule|Evasion Abilities Clause: Evasion abilities are banned
|rule|Sleep Moves Clause: Sleep-inducing moves are banned
|clearpoke
|poke|p1|Empoleon, F|
|poke|p1|Ogerpon, F|
|poke|p1|Kingambit, F|
|poke|p1|Cinderace, M|
|poke|p1|Ribombee, M|
|poke|p1|Dragapult, M|
|poke|p2|Exeggutor-Alola, M|
|poke|p2|Heatran, F|
|poke|p2|Dragapult, F|
|poke|p2|Gliscor, F|
|poke|p2|Alomomola, M|
|poke|p2|Great Tusk|
|teampreview
|inactive|Battle timer is ON: inactive players will automatically lose when time's up. (requested by la5495)
|
|t:|1776066176
|teamsize|p1|6
|teamsize|p2|6
|start
|switch|p1a: Ribombee|Ribombee, M|100/100
|switch|p2a: Heatran|Heatran, F|100/100
|turn|1
|
|t:|1776066185
|move|p1a: Ribombee|Skill Swap|p2a: Heatran
|-activate|p1a: Ribombee|Skill Swap|Flash Fire|Shield Dust|[of] p2a: Heatran
|move|p2a: Heatran|Magma Storm|p1a: Ribombee
|-start|p1a: Ribombee|ability: Flash Fire
|
|upkeep
|turn|2
|
|t:|1776066197
|move|p1a: Ribombee|Sticky Web|p2a: Heatran
|-sidestart|p2: sfbhavszbxvkhlas|move: Sticky Web
|move|p2a: Heatran|Stealth Rock|p1a: Ribombee
|-sidestart|p1: la5495|move: Stealth Rock
|
|upkeep
|turn|3
|
|t:|1776066206
|move|p1a: Ribombee|Stun Spore|p2a: Heatran
|-status|p2a: Heatran|par
|move|p2a: Heatran|Earth Power|p1a: Ribombee
|-resisted|p1a: Ribombee
|-damage|p1a: Ribombee|79/100
|
|upkeep
|turn|4
|
|t:|1776066221
|switch|p2a: Gliscor|Gliscor, F|100/100
|move|p1a: Ribombee|Moonblast|p2a: Gliscor
|-damage|p2a: Gliscor|69/100
|-unboost|p2a: Gliscor|spa|1
|
|-status|p2a: Gliscor|tox|[from] item: Toxic Orb
|upkeep
|turn|5
|
|t:|1776066236
|move|p1a: Ribombee|Skill Swap|p2a: Gliscor
|-activate|p1a: Ribombee|Skill Swap|Poison Heal|Flash Fire|[of] p2a: Gliscor
|-end|p1a: Ribombee|ability: Flash Fire|[silent]
|move|p2a: Gliscor|Toxic|p1a: Ribombee
|-status|p1a: Ribombee|tox
|
|-heal|p1a: Ribombee|91/100 tox|[from] ability: Poison Heal
|-damage|p2a: Gliscor|62/100 tox|[from] psn
|upkeep
|turn|6
|l|☆la5495
|inactive|la5495 disconnected and has a minute to reconnect!
|player|p1|
|j|☆la5495
|inactive|la5495 reconnected and has 120 seconds left.
|player|p1|la5495|ghetsis|
|
|t:|1776066281
|switch|p2a: Heatran|Heatran, F|100/100 par
|-activate|p2a: Heatran|move: Sticky Web
|-unboost|p2a: Heatran|spe|1
|move|p1a: Ribombee|Stun Spore|p2a: Heatran
|-fail|p2a: Heatran|par
|
|-heal|p1a: Ribombee|100/100 tox|[from] ability: Poison Heal
|upkeep
|turn|7
|
|t:|1776066297
|switch|p1a: Cinderace|Cinderace, M|100/100
|move|p2a: Heatran|Magma Storm|p1a: Cinderace
|-resisted|p1a: Cinderace
|-damage|p1a: Cinderace|75/100
|-activate|p1a: Cinderace|move: Magma Storm|[of] p2a: Heatran
|
|-damage|p1a: Cinderace|63/100|[from] move: Magma Storm|[partiallytrapped]
|upkeep
|turn|8
|
|t:|1776066307
|move|p1a: Cinderace|Court Change|p1a: Cinderace
|-start|p1a: Cinderace|typechange|Normal|[from] ability: Libero
|-swapsideconditions
|-activate|p1a: Cinderace|move: Court Change
|move|p2a: Heatran|Stealth Rock|p1a: Cinderace
|-sidestart|p1: la5495|move: Stealth Rock
|
|-damage|p1a: Cinderace|50/100|[from] move: Magma Storm|[partiallytrapped]
|upkeep
|turn|9
|
|t:|1776066323
|move|p1a: Cinderace|U-turn|p2a: Heatran
|-resisted|p2a: Heatran
|-damage|p2a: Heatran|97/100 par
|
|t:|1776066329
|switch|p1a: Dragapult|Dragapult, M|100/100|[from] U-turn
|-activate|p1a: Dragapult|move: Sticky Web
|-fail|p1a: Dragapult|unboost|[from] ability: Clear Body|[of] p1a: Dragapult
|-damage|p1a: Dragapult|88/100|[from] Stealth Rock
|cant|p2a: Heatran|par
|
|-heal|p2a: Heatran|100/100 par|[from] item: Leftovers
|upkeep
|turn|10
|
|t:|1776066343
|move|p1a: Dragapult|Light Screen|p1a: Dragapult
|-sidestart|p1: la5495|move: Light Screen
|move|p2a: Heatran|Magma Storm|p1a: Dragapult
|-resisted|p1a: Dragapult
|-damage|p1a: Dragapult|76/100
|-activate|p1a: Dragapult|move: Magma Storm|[of] p2a: Heatran
|
|-damage|p1a: Dragapult|64/100|[from] move: Magma Storm|[partiallytrapped]
|upkeep
|turn|11
|
|t:|1776066349
|move|p1a: Dragapult|Reflect|p1a: Dragapult
|-sidestart|p1: la5495|Reflect
|cant|p2a: Heatran|par
|
|-damage|p1a: Dragapult|52/100|[from] move: Magma Storm|[partiallytrapped]
|upkeep
|turn|12
|
|t:|1776066353
|move|p1a: Dragapult|Curse|p2a: Heatran
|-start|p2a: Heatran|Curse|[of] p1a: Dragapult
|-damage|p1a: Dragapult|2/100
|move|p2a: Heatran|Earth Power|p1a: Dragapult
|-damage|p1a: Dragapult|0 fnt
|faint|p1a: Dragapult
|
|-damage|p2a: Heatran|76/100 par|[from] Curse
|upkeep
|inactive|la5495 has 120 seconds left.
|
|t:|1776066377
|switch|p1a: Empoleon|Empoleon, F|100/100
|-activate|p1a: Empoleon|move: Sticky Web
|-unboost|p1a: Empoleon|spe|1
|-ability|p1a: Empoleon|Competitive|boost
|-boost|p1a: Empoleon|spa|2
|-damage|p1a: Empoleon|94/100|[from] Stealth Rock
|turn|13
|
|t:|1776066391
|move|p1a: Empoleon|Surf|p2a: Heatran
|-supereffective|p2a: Heatran
|-damage|p2a: Heatran|0 fnt
|faint|p2a: Heatran
|
|upkeep
|inactive|sfbhavszbxvkhlas has 120 seconds left.
|
|t:|1776066433
|switch|p2a: Great Tusk|Great Tusk|100/100
|-damage|p2a: Great Tusk|98/100|[from] Stealth Rock
|turn|14
|
|t:|1776066444
|-terastallize|p1a: Empoleon|Flying
|move|p2a: Great Tusk|Headlong Rush|p1a: Empoleon
|-immune|p1a: Empoleon
|move|p1a: Empoleon|Surf|p2a: Great Tusk
|-supereffective|p2a: Great Tusk
|-damage|p2a: Great Tusk|0 fnt
|faint|p2a: Great Tusk
|-end|p2a: Great Tusk|Protosynthesis|[silent]
|
|upkeep
|inactive|sfbhavszbxvkhlas has 90 seconds left.
|
|t:|1776066483
|switch|p2a: Dragapult|Dragapult, F|100/100
|turn|15
|
|t:|1776066486
|move|p2a: Dragapult|Dragon Darts|p1a: Empoleon
|-damage|p1a: Empoleon|77/100
|-anim|p2a: Dragapult|Dragon Darts|p1a: Empoleon
|-damage|p1a: Empoleon|61/100
|move|p1a: Empoleon|Ice Beam|p2a: Dragapult
|-supereffective|p2a: Dragapult
|-damage|p2a: Dragapult|0 fnt
|faint|p2a: Dragapult
|
|upkeep
|inactive|sfbhavszbxvkhlas has 90 seconds left.
|
|t:|1776066500
|switch|p2a: Exeggutor|Exeggutor-Alola, M|100/100
|-damage|p2a: Exeggutor|88/100|[from] Stealth Rock
|turn|16
|
|t:|1776066503
|move|p2a: Exeggutor|Draco Meteor|p1a: Empoleon
|-damage|p1a: Empoleon|40/100
|-unboost|p2a: Exeggutor|spa|2
|move|p1a: Empoleon|Ice Beam|p2a: Exeggutor
|-supereffective|p2a: Exeggutor
|-damage|p2a: Exeggutor|0 fnt
|faint|p2a: Exeggutor
|
|upkeep
|-message|sfbhavszbxvkhlas forfeited.
|
|win|la5495
|raw|la5495's rating: 1192 &rarr; <strong>1217</strong><br />(+25 for winning)
|raw|sfbhavszbxvkhlas's rating: 1194 &rarr; <strong>1169</strong><br />(-25 for losing)
|l|☆sfbhavszbxvkhlas
|player|p2|
