|html|<div class="broadcast-blue"><strong>[Gen 9] OU is currently suspecting Tera Blast! For information on how to participate check out the <a href="https://www.smogon.com/tools/suspects/view/200">suspect thread</a>.</strong></div>
|j|☆jynmfh
|j|☆Nhars
|t:|1776038128
|gametype|singles
|player|p1|jynmfh|rocketgrunt|1184
|player|p2|Nhars|swimmerf-gen4|1218
|gen|9
|tier|[Gen 9] OU
|rated|
|rule|HP Percentage Mod: HP is shown in percentages
|rule|Endless Battle Clause: Forcing endless battles is banned
|rule|Species Clause: Limit one of each Pokémon
|rule|OHKO Clause: OHKO moves are banned
|rule|Evasion Items Clause: Evasion items are banned
|rule|Evasion Moves Clause: Evasion moves are banned
|rule|Evasion Abilities Clause: Evasion abilities are banned
|rule|Sleep Moves Clause: Sleep-inducing moves are banned
|clearpoke
|poke|p1|Alomomola, M|
|poke|p1|Iron Hands|
|poke|p1|Cinderace, M|
|poke|p1|Kingambit, F|
|poke|p1|Muk, F|
|poke|p1|Clefable, M|
|poke|p2|Hoopa-Unbound|
|poke|p2|Slowking-Galar, F|
|poke|p2|Alomomola, F|
|poke|p2|Zamazenta-*|
|poke|p2|Great Tusk|
|poke|p2|Kingambit, F|
|teampreview
|inactive|Battle timer is ON: inactive players will automatically lose when time's up. (requested by jynmfh)
|l|☆jynmfh
|inactive|jynmfh disconnected and has a minute to reconnect!
|player|p1|
|j|☆jynmfh
|inactive|jynmfh reconnected and has 135 seconds left.
|player|p1|jynmfh|rocketgrunt|
|inactive|Nhars has 120 seconds left.
|
|t:|1776038167
|teamsize|p1|6
|teamsize|p2|6
|start
|switch|p1a: Clefable|Clefable, M|100/100
|switch|p2a: Great Tusk|Great Tusk|100/100
|turn|1
|
|t:|1776038193
|move|p2a: Great Tusk|Stealth Rock|p1a: Clefable
|-sidestart|p1: jynmfh|move: Stealth Rock
|move|p1a: Clefable|Stealth Rock|p2a: Great Tusk
|-sidestart|p2: Nhars|move: Stealth Rock
|
|upkeep
|turn|2
|
|t:|1776038201
|-end|p2a: Great Tusk|Protosynthesis|[silent]
|switch|p2a: Slowking|Slowking-Galar, F|100/100
|move|p1a: Clefable|Moonblast|p2a: Slowking
|-resisted|p2a: Slowking
|-damage|p2a: Slowking|88/100
|-unboost|p2a: Slowking|spa|1
|
|upkeep
|turn|3
|
|t:|1776038209
|move|p1a: Clefable|Thunder Wave|p2a: Slowking
|-status|p2a: Slowking|par
|cant|p2a: Slowking|par
|
|upkeep
|turn|4
|
|t:|1776038214
|switch|p1a: Muk|Muk, F|100/100
|-damage|p1a: Muk|88/100|[from] Stealth Rock
|move|p2a: Slowking|Future Sight|p1a: Muk
|-start|p2a: Slowking|move: Future Sight
|
|upkeep
|turn|5
|
|t:|1776038226
|switch|p1a: Cinderace|Cinderace, M|100/100
|switch|p2a: Great Tusk|Great Tusk|100/100
|
|upkeep
|turn|6
|
|t:|1776038232
|move|p1a: Cinderace|U-turn|p2a: Great Tusk
|-start|p1a: Cinderace|typechange|Bug|[from] ability: Libero
|-resisted|p2a: Great Tusk
|-damage|p2a: Great Tusk|88/100
|
|t:|1776038234
|switch|p1a: Kingambit|Kingambit, F|100/100|[from] U-turn
|-damage|p1a: Kingambit|94/100|[from] Stealth Rock
|move|p2a: Great Tusk|Headlong Rush|p1a: Kingambit
|-supereffective|p1a: Kingambit
|-damage|p1a: Kingambit|0 fnt
|-unboost|p2a: Great Tusk|def|1
|-unboost|p2a: Great Tusk|spd|1
|faint|p1a: Kingambit
|-end|p1a: Kingambit|fallenundefined|[silent]
|
|-hint|Future Sight did not hit because the target is fainted.
|upkeep
|
|t:|1776038238
|switch|p1a: Iron Hands|Iron Hands|100/100
|-damage|p1a: Iron Hands|94/100|[from] Stealth Rock
|-enditem|p1a: Iron Hands|Booster Energy
|-activate|p1a: Iron Hands|ability: Quark Drive|[fromitem]
|-start|p1a: Iron Hands|quarkdriveatk
|turn|7
|
|t:|1776038253
|-terastallize|p1a: Iron Hands|Fighting
|move|p2a: Great Tusk|Headlong Rush|p1a: Iron Hands
|-damage|p1a: Iron Hands|54/100
|-unboost|p2a: Great Tusk|def|1
|-unboost|p2a: Great Tusk|spd|1
|move|p1a: Iron Hands|Swords Dance|p1a: Iron Hands
|-boost|p1a: Iron Hands|atk|2
|
|upkeep
|turn|8
|
|t:|1776038271
|-end|p2a: Great Tusk|Protosynthesis|[silent]
|switch|p2a: Zamazenta|Zamazenta|100/100
|-damage|p2a: Zamazenta|94/100|[from] Stealth Rock
|-ability|p2a: Zamazenta|Dauntless Shield|boost
|-boost|p2a: Zamazenta|def|1
|move|p1a: Iron Hands|Drain Punch|p2a: Zamazenta
|-damage|p2a: Zamazenta|26/100
|-heal|p1a: Iron Hands|78/100|[from] drain|[of] p2a: Zamazenta
|
|-heal|p2a: Zamazenta|32/100|[from] item: Leftovers
|upkeep
|turn|9
|
|t:|1776038284
|move|p1a: Iron Hands|Drain Punch|p2a: Zamazenta
|-damage|p2a: Zamazenta|0 fnt
|-heal|p1a: Iron Hands|89/100|[from] drain|[of] p2a: Zamazenta
|faint|p2a: Zamazenta
|
|upkeep
|
|t:|1776038301
|switch|p2a: Slowking|Slowking-Galar, F|100/100 par
|turn|10
|
|t:|1776038307
|move|p1a: Iron Hands|Thunder Punch|p2a: Slowking
|-damage|p2a: Slowking|0 fnt
|faint|p2a: Slowking
|
|upkeep
|
|t:|1776038322
|switch|p2a: Great Tusk|Great Tusk|88/100
|turn|11
|
|t:|1776038329
|move|p2a: Great Tusk|Headlong Rush|p1a: Iron Hands
|-crit|p1a: Iron Hands
|-damage|p1a: Iron Hands|26/100
|-unboost|p2a: Great Tusk|def|1
|-unboost|p2a: Great Tusk|spd|1
|move|p1a: Iron Hands|Drain Punch|p2a: Great Tusk
|-damage|p2a: Great Tusk|0 fnt
|-heal|p1a: Iron Hands|58/100|[from] drain|[of] p2a: Great Tusk
|faint|p2a: Great Tusk
|-end|p2a: Great Tusk|Protosynthesis|[silent]
|
|upkeep
|
|t:|1776038342
|switch|p2a: Hoopa|Hoopa-Unbound|100/100
|-damage|p2a: Hoopa|88/100|[from] Stealth Rock
|turn|12
|
|t:|1776038364
|move|p2a: Hoopa|Zen Headbutt|p1a: Iron Hands
|-supereffective|p1a: Iron Hands
|-damage|p1a: Iron Hands|0 fnt
|faint|p1a: Iron Hands
|-end|p1a: Iron Hands|Quark Drive|[silent]
|
|upkeep
|inactive|jynmfh has 120 seconds left.
|
|t:|1776038380
|switch|p1a: Clefable|Clefable, M|100/100
|-damage|p1a: Clefable|88/100|[from] Stealth Rock
|turn|13
|
|t:|1776038388
|switch|p2a: Alomomola|Alomomola, F|100/100
|move|p1a: Clefable|Moonblast|p2a: Alomomola
|-damage|p2a: Alomomola|60/100
|
|-heal|p1a: Clefable|94/100|[from] item: Leftovers
|upkeep
|turn|14
|
|t:|1776038396
|move|p1a: Clefable|Thunder Wave|p2a: Alomomola
|-status|p2a: Alomomola|par
|move|p2a: Alomomola|Flip Turn|p1a: Clefable
|-damage|p1a: Clefable|75/100
|
|t:|1776038402
|switch|p2a: Kingambit|Kingambit, F|100/100|[from] Flip Turn
|-damage|p2a: Kingambit|94/100|[from] Stealth Rock
|-activate|p2a: Kingambit|ability: Supreme Overlord
|-start|p2a: Kingambit|fallen3|[silent]
|
|-heal|p1a: Clefable|81/100|[from] item: Leftovers
|-heal|p2a: Kingambit|100/100|[from] item: Leftovers
|upkeep
|turn|15
|
|t:|1776038411
|move|p1a: Clefable|Thunder Wave|p2a: Kingambit
|-status|p2a: Kingambit|par
|move|p2a: Kingambit|Iron Head|p1a: Clefable
|-supereffective|p1a: Clefable
|-damage|p1a: Clefable|0 fnt
|faint|p1a: Clefable
|
|upkeep
|
|t:|1776038422
|switch|p1a: Muk|Muk, F|88/100
|-damage|p1a: Muk|76/100|[from] Stealth Rock
|turn|16
|
|t:|1776038436
|move|p1a: Muk|Drain Punch|p2a: Kingambit
|-supereffective|p2a: Kingambit
|-damage|p2a: Kingambit|0 fnt
|-heal|p1a: Muk|100/100|[from] drain|[of] p2a: Kingambit
|faint|p2a: Kingambit
|-end|p2a: Kingambit|fallen3|[silent]
|-damage|p1a: Muk|91/100|[from] item: Life Orb
|
|upkeep
|
|t:|1776038446
|switch|p2a: Hoopa|Hoopa-Unbound|88/100
|-damage|p2a: Hoopa|76/100|[from] Stealth Rock
|turn|17
|
|t:|1776038451
|switch|p1a: Alomomola|Alomomola, M, shiny|100/100
|-damage|p1a: Alomomola|88/100|[from] Stealth Rock
|move|p2a: Hoopa|Zen Headbutt|p1a: Alomomola
|-damage|p1a: Alomomola|49/100
|
|-heal|p1a: Alomomola|55/100|[from] item: Leftovers
|upkeep
|turn|18
|
|t:|1776038460
|switch|p2a: Alomomola|Alomomola, F|93/100 par
|move|p1a: Alomomola|Flip Turn|p2a: Alomomola
|-resisted|p2a: Alomomola
|-damage|p2a: Alomomola|88/100 par
|
|t:|1776038464
|switch|p1a: Muk|Muk, F|91/100|[from] Flip Turn
|-damage|p1a: Muk|78/100|[from] Stealth Rock
|
|upkeep
|turn|19
|
|t:|1776038475
|move|p1a: Muk|Curse|p1a: Muk
|-unboost|p1a: Muk|spe|1
|-boost|p1a: Muk|atk|1
|-boost|p1a: Muk|def|1
|move|p2a: Alomomola|Tickle|p1a: Muk
|-unboost|p1a: Muk|atk|1
|-unboost|p1a: Muk|def|1
|
|upkeep
|turn|20
|
|t:|1776038487
|move|p1a: Muk|Curse|p1a: Muk
|-unboost|p1a: Muk|spe|1
|-boost|p1a: Muk|atk|1
|-boost|p1a: Muk|def|1
|move|p2a: Alomomola|Tickle|p1a: Muk
|-unboost|p1a: Muk|atk|1
|-unboost|p1a: Muk|def|1
|
|upkeep
|turn|21
|
|t:|1776038494
|switch|p2a: Hoopa|Hoopa-Unbound|76/100
|-damage|p2a: Hoopa|64/100|[from] Stealth Rock
|move|p1a: Muk|Curse|p1a: Muk
|-unboost|p1a: Muk|spe|1
|-boost|p1a: Muk|atk|1
|-boost|p1a: Muk|def|1
|
|upkeep
|turn|22
|
|t:|1776038522
|move|p1a: Muk|Shadow Sneak|p2a: Hoopa
|-damage|p2a: Hoopa|18/100
|-damage|p1a: Muk|68/100|[from] item: Life Orb
|move|p2a: Hoopa|Zen Headbutt|p1a: Muk
|-supereffective|p1a: Muk
|-damage|p1a: Muk|0 fnt
|faint|p1a: Muk
|
|upkeep
|
|t:|1776038529
|switch|p1a: Alomomola|Alomomola, M, shiny|88/100
|-damage|p1a: Alomomola|76/100|[from] Stealth Rock
|turn|23
|
|t:|1776038535
|switch|p2a: Alomomola|Alomomola, F|100/100 par
|move|p1a: Alomomola|Flip Turn|p2a: Alomomola
|-resisted|p2a: Alomomola
|-damage|p2a: Alomomola|96/100 par
|
|t:|1776038539
|switch|p1a: Cinderace|Cinderace, M|100/100|[from] Flip Turn
|
|upkeep
|turn|24
|
|t:|1776038560
|move|p1a: Cinderace|U-turn|p2a: Alomomola
|-start|p1a: Cinderace|typechange|Bug|[from] ability: Libero
|-damage|p2a: Alomomola|77/100 par
|
|t:|1776038563
|switch|p1a: Alomomola|Alomomola, M, shiny|100/100|[from] U-turn
|-damage|p1a: Alomomola|88/100|[from] Stealth Rock
|cant|p2a: Alomomola|par
|
|-heal|p1a: Alomomola|94/100|[from] item: Leftovers
|upkeep
|turn|25
|
|t:|1776038572
|move|p1a: Alomomola|Scald|p2a: Alomomola
|-resisted|p2a: Alomomola
|-damage|p2a: Alomomola|70/100 par
|move|p2a: Alomomola|Wish|p2a: Alomomola
|
|-heal|p1a: Alomomola|100/100|[from] item: Leftovers
|upkeep
|turn|26
|
|t:|1776038578
|move|p1a: Alomomola|Scald|p2a: Alomomola
|-resisted|p2a: Alomomola
|-damage|p2a: Alomomola|64/100 par
|move|p2a: Alomomola|Flip Turn|p1a: Alomomola
|-resisted|p1a: Alomomola
|-damage|p1a: Alomomola|96/100
|
|t:|1776038584
|switch|p2a: Hoopa|Hoopa-Unbound|18/100|[from] Flip Turn
|-damage|p2a: Hoopa|6/100|[from] Stealth Rock
|
|-heal|p2a: Hoopa|84/100|[from] move: Wish|[wisher] Alomomola
|-heal|p1a: Alomomola|100/100|[from] item: Leftovers
|upkeep
|turn|27
|
|t:|1776038606
|-terastallize|p2a: Hoopa|Dark
|move|p2a: Hoopa|Hyperspace Fury|p1a: Alomomola
|-damage|p1a: Alomomola|23/100
|-unboost|p2a: Hoopa|def|1
|move|p1a: Alomomola|Scald|p2a: Hoopa
|-damage|p2a: Hoopa|72/100
|
|-heal|p1a: Alomomola|30/100|[from] item: Leftovers
|upkeep
|turn|28
|
|t:|1776038620
|move|p2a: Hoopa|Hyperspace Fury|p1a: Alomomola
|-damage|p1a: Alomomola|0 fnt
|-unboost|p2a: Hoopa|def|1
|faint|p1a: Alomomola
|
|upkeep
|
|t:|1776038621
|switch|p1a: Cinderace|Cinderace, M|100/100
|turn|29
|
|t:|1776038633
|switch|p2a: Alomomola|Alomomola, F|98/100 par
|move|p1a: Cinderace|High Jump Kick|p2a: Alomomola
|-start|p1a: Cinderace|typechange|Fighting|[from] ability: Libero
|-damage|p2a: Alomomola|59/100 par
|
|upkeep
|turn|30
|
|t:|1776038644
|move|p1a: Cinderace|High Jump Kick|p2a: Alomomola
|-damage|p2a: Alomomola|20/100 par
|move|p2a: Alomomola|Tickle|p1a: Cinderace
|-unboost|p1a: Cinderace|atk|1
|-unboost|p1a: Cinderace|def|1
|
|upkeep
|turn|31
|
|t:|1776038654
|cant|p2a: Alomomola|par
|move|p1a: Cinderace|High Jump Kick|p2a: Alomomola
|-damage|p2a: Alomomola|0 fnt
|faint|p2a: Alomomola
|
|upkeep
|
|t:|1776038660
|switch|p2a: Hoopa|Hoopa-Unbound, tera:Dark|72/100
|-damage|p2a: Hoopa|60/100|[from] Stealth Rock
|turn|32
|c|☆Nhars|Jesus take the wheel!
|inactive|Nhars has 120 seconds left.
|
|t:|1776038689
|move|p1a: Cinderace|High Jump Kick|p2a: Hoopa
|-supereffective|p2a: Hoopa
|-damage|p2a: Hoopa|0 fnt
|faint|p2a: Hoopa
|
|win|jynmfh
|raw|jynmfh's rating: 1184 &rarr; <strong>1211</strong><br />(+27 for winning)
|raw|Nhars's rating: 1218 &rarr; <strong>1191</strong><br />(-27 for losing)
|c|☆jynmfh|O yes
|c|☆jynmfh|Gg
|l|☆Nhars
|player|p2|
|l|☆jynmfh
|player|p1|
