|html|<div class="broadcast-blue"><strong>[Gen 9] OU is currently suspecting Tera Blast! For information on how to participate check out the <a href="https://www.smogon.com/tools/suspects/view/200">suspect thread</a>.</strong></div>
|j|☆captainganyu
|j|☆TheRegisAreCool
|t:|1776261208
|gametype|singles
|player|p1|captainganyu|psychic-gen4|1320
|player|p2|TheRegisAreCool|fisherman-gen4|1303
|gen|9
|tier|[Gen 9] OU
|rated|
|rule|HP Percentage Mod: HP is shown in percentages
|rule|Endless Battle Clause: Forcing endless battles is banned
|rule|Species Clause: Limit one of each Pokémon
|rule|OHKO Clause: OHKO moves are banned
|rule|Evasion Items Clause: Evasion items are banned
|rule|Evasion Moves Clause: Evasion moves are banned
|rule|Evasion Abilities Clause: Evasion abilities are banned
|rule|Sleep Moves Clause: Sleep-inducing moves are banned
|clearpoke
|poke|p1|Ninetales, F|
|poke|p1|Hatterene, F|
|poke|p1|Great Tusk|
|poke|p1|Charizard, M|
|poke|p1|Raging Bolt|
|poke|p1|Walking Wake|
|poke|p2|Conkeldurr, F|
|poke|p2|Iron Moth|
|poke|p2|Glimmora, M|
|poke|p2|Kommo-o, M|
|poke|p2|Donphan, M|
|poke|p2|Ursaluna, F|
|teampreview
|
|t:|1776261225
|teamsize|p1|6
|teamsize|p2|6
|start
|switch|p1a: Great Tusk|Great Tusk|100/100
|switch|p2a: Kommo-o|Kommo-o, M|100/100
|turn|1
|inactive|Battle timer is ON: inactive players will automatically lose when time's up. (requested by TheRegisAreCool)
|
|t:|1776261243
|move|p1a: Great Tusk|Headlong Rush|p2a: Kommo-o
|-damage|p2a: Kommo-o|56/100
|-unboost|p1a: Great Tusk|def|1
|-unboost|p1a: Great Tusk|spd|1
|move|p2a: Kommo-o|Clangorous Soul|p2a: Kommo-o
|-boost|p2a: Kommo-o|atk|1
|-boost|p2a: Kommo-o|def|1
|-boost|p2a: Kommo-o|spa|1
|-boost|p2a: Kommo-o|spd|1
|-boost|p2a: Kommo-o|spe|1
|-damage|p2a: Kommo-o|24/100
|
|-heal|p2a: Kommo-o|30/100|[from] item: Leftovers
|upkeep
|turn|2
|
|t:|1776261255
|-end|p1a: Great Tusk|Protosynthesis|[silent]
|switch|p1a: Ninetales|Ninetales, F|100/100
|-weather|SunnyDay|[from] ability: Drought|[of] p1a: Ninetales
|move|p2a: Kommo-o|Clanging Scales|p1a: Ninetales
|-damage|p1a: Ninetales|27/100
|-unboost|p2a: Kommo-o|def|1
|
|-weather|SunnyDay|[upkeep]
|-heal|p2a: Kommo-o|36/100|[from] item: Leftovers
|upkeep
|turn|3
|
|t:|1776261268
|switch|p1a: Hatterene|Hatterene, F|100/100
|move|p2a: Kommo-o|Clanging Scales|p1a: Hatterene
|-immune|p1a: Hatterene
|
|-weather|SunnyDay|[upkeep]
|-heal|p2a: Kommo-o|42/100|[from] item: Leftovers
|upkeep
|turn|4
|
|t:|1776261274
|move|p2a: Kommo-o|Boomburst|p1a: Hatterene
|-damage|p1a: Hatterene|25/100
|-enditem|p1a: Hatterene|Eject Button
|
|t:|1776261281
|switch|p1a: Charizard|Charizard, M|100/100
|
|-weather|SunnyDay|[upkeep]
|-damage|p1a: Charizard|88/100|[from] ability: Solar Power|[of] p1a: Charizard
|-heal|p2a: Kommo-o|48/100|[from] item: Leftovers
|upkeep
|turn|5
|
|t:|1776261288
|move|p1a: Charizard|Air Slash|p2a: Kommo-o
|-supereffective|p2a: Kommo-o
|-damage|p2a: Kommo-o|0 fnt
|faint|p2a: Kommo-o
|
|-weather|SunnyDay|[upkeep]
|-damage|p1a: Charizard|76/100|[from] ability: Solar Power|[of] p1a: Charizard
|upkeep
|
|t:|1776261296
|switch|p2a: Glimmora|Glimmora, M|100/100
|turn|6
|
|t:|1776261299
|switch|p1a: Hatterene|Hatterene, F|25/100
|move|p2a: Glimmora|Power Gem|p1a: Hatterene
|-damage|p1a: Hatterene|0 fnt
|faint|p1a: Hatterene
|
|-weather|SunnyDay|[upkeep]
|upkeep
|
|t:|1776261304
|switch|p1a: Great Tusk|Great Tusk|100/100
|-activate|p1a: Great Tusk|ability: Protosynthesis
|-start|p1a: Great Tusk|protosynthesisspe
|turn|7
|
|t:|1776261324
|move|p1a: Great Tusk|Rapid Spin|p2a: Glimmora
|-resisted|p2a: Glimmora
|-damage|p2a: Glimmora|91/100
|-boost|p1a: Great Tusk|spe|1
|-activate|p2a: Glimmora|ability: Toxic Debris
|-sidestart|p1: captainganyu|move: Toxic Spikes
|-sideend|p1: captainganyu|Toxic Spikes|[from] move: Rapid Spin|[of] p1a: Great Tusk
|move|p2a: Glimmora|Earth Power|p1a: Great Tusk
|-damage|p1a: Great Tusk|59/100
|
|-weather|SunnyDay|[upkeep]
|upkeep
|turn|8
|
|t:|1776261330
|move|p1a: Great Tusk|Stealth Rock|p2a: Glimmora
|-sidestart|p2: TheRegisAreCool|move: Stealth Rock
|move|p2a: Glimmora|Earth Power|p1a: Great Tusk
|-damage|p1a: Great Tusk|20/100
|
|-weather|SunnyDay|[upkeep]
|upkeep
|turn|9
|
|t:|1776261332
|move|p1a: Great Tusk|Headlong Rush|p2a: Glimmora
|-supereffective|p2a: Glimmora
|-damage|p2a: Glimmora|0 fnt
|-unboost|p1a: Great Tusk|def|1
|-unboost|p1a: Great Tusk|spd|1
|-activate|p2a: Glimmora|ability: Toxic Debris
|-sidestart|p1: captainganyu|move: Toxic Spikes
|faint|p2a: Glimmora
|
|-weather|none
|-end|p1a: Great Tusk|Protosynthesis
|upkeep
|
|t:|1776261336
|switch|p2a: Donphan|Donphan, M|100/100
|turn|10
|
|t:|1776261339
|move|p1a: Great Tusk|Rapid Spin|p2a: Donphan
|-damage|p2a: Donphan|86/100
|-boost|p1a: Great Tusk|spe|1
|-sideend|p1: captainganyu|Toxic Spikes|[from] move: Rapid Spin|[of] p1a: Great Tusk
|move|p2a: Donphan|Rapid Spin|p1a: Great Tusk
|-damage|p1a: Great Tusk|3/100
|-boost|p2a: Donphan|spe|1
|-damage|p2a: Donphan|70/100|[from] item: Rocky Helmet|[of] p1a: Great Tusk
|-sideend|p2: TheRegisAreCool|Stealth Rock|[from] move: Rapid Spin|[of] p2a: Donphan
|
|upkeep
|turn|11
|
|t:|1776261343
|-end|p1a: Great Tusk|Protosynthesis|[silent]
|switch|p1a: Ninetales|Ninetales, F|27/100
|-weather|SunnyDay|[from] ability: Drought|[of] p1a: Ninetales
|move|p2a: Donphan|Ice Shard|p1a: Ninetales
|-resisted|p1a: Ninetales
|-damage|p1a: Ninetales|18/100
|
|-weather|SunnyDay|[upkeep]
|upkeep
|turn|12
|
|t:|1776261347
|move|p1a: Ninetales|Overheat|p2a: Donphan
|-damage|p2a: Donphan|0 fnt
|-unboost|p1a: Ninetales|spa|2
|faint|p2a: Donphan
|
|-weather|SunnyDay|[upkeep]
|upkeep
|
|t:|1776261353
|switch|p2a: Iron Moth|Iron Moth|100/100
|-enditem|p2a: Iron Moth|Booster Energy
|-activate|p2a: Iron Moth|ability: Quark Drive|[fromitem]
|-start|p2a: Iron Moth|quarkdrivespe
|turn|13
|
|t:|1776261356
|move|p2a: Iron Moth|Fiery Dance|p1a: Ninetales
|-resisted|p1a: Ninetales
|-damage|p1a: Ninetales|0 fnt
|faint|p1a: Ninetales
|
|-weather|SunnyDay|[upkeep]
|upkeep
|
|t:|1776261359
|switch|p1a: Charizard|Charizard, M|76/100
|turn|14
|
|t:|1776261364
|move|p2a: Iron Moth|Sludge Wave|p1a: Charizard
|-damage|p1a: Charizard|11/100
|move|p1a: Charizard|Scorching Sands|p2a: Iron Moth
|-supereffective|p2a: Iron Moth
|-damage|p2a: Iron Moth|0 fnt
|faint|p2a: Iron Moth
|-end|p2a: Iron Moth|Quark Drive|[silent]
|
|-weather|SunnyDay|[upkeep]
|-damage|p1a: Charizard|0 fnt|[from] ability: Solar Power|[of] p1a: Charizard
|faint|p1a: Charizard
|upkeep
|
|t:|1776261375
|switch|p2a: Ursaluna|Ursaluna, F|100/100
|switch|p1a: Walking Wake|Walking Wake|100/100
|-activate|p1a: Walking Wake|ability: Protosynthesis
|-start|p1a: Walking Wake|protosynthesisspa
|turn|15
|
|t:|1776261382
|move|p2a: Ursaluna|Protect|p2a: Ursaluna
|-singleturn|p2a: Ursaluna|Protect
|move|p1a: Walking Wake|Hydro Steam|p2a: Ursaluna
|-activate|p2a: Ursaluna|move: Protect
|
|-weather|SunnyDay|[upkeep]
|-status|p2a: Ursaluna|brn|[from] item: Flame Orb
|upkeep
|turn|16
|
|t:|1776261390
|-terastallize|p2a: Ursaluna|Normal
|move|p1a: Walking Wake|Hydro Steam|p2a: Ursaluna
|-damage|p2a: Ursaluna|0 fnt
|faint|p2a: Ursaluna
|
|-weather|SunnyDay|[upkeep]
|upkeep
|
|t:|1776261397
|switch|p2a: Conkeldurr|Conkeldurr, F|100/100
|turn|17
|
|t:|1776261401
|move|p1a: Walking Wake|Hydro Steam|p2a: Conkeldurr
|-damage|p2a: Conkeldurr|0 fnt
|faint|p2a: Conkeldurr
|
|win|captainganyu
|raw|captainganyu's rating: 1340 &rarr; <strong>1358</strong><br />(+18 for winning)
|raw|TheRegisAreCool's rating: 1303 &rarr; <strong>1285</strong><br />(-18 for losing)
