|html|<div class="broadcast-blue"><strong>[Gen 9] OU is currently suspecting Tera Blast! For information on how to participate check out the <a href="https://www.smogon.com/tools/suspects/view/200">suspect thread</a>.</strong></div>
|j|☆benjaala+
|j|☆teambuildinggenius
|t:|1776305562
|gametype|singles
|player|p1|benjaala+|cynthia-gen4|1441
|player|p2|teambuildinggenius|pokekid|1433
|gen|9
|tier|[Gen 9] OU
|rated|
|rule|HP Percentage Mod: HP is shown in percentages
|rule|Endless Battle Clause: Forcing endless battles is banned
|rule|Species Clause: Limit one of each Pokémon
|rule|OHKO Clause: OHKO moves are banned
|rule|Evasion Items Clause: Evasion items are banned
|rule|Evasion Moves Clause: Evasion moves are banned
|rule|Evasion Abilities Clause: Evasion abilities are banned
|rule|Sleep Moves Clause: Sleep-inducing moves are banned
|clearpoke
|poke|p1|Corviknight, F|
|poke|p1|Ogerpon-Wellspring, F|
|poke|p1|Raging Bolt|
|poke|p1|Goodra, F|
|poke|p1|Ursaluna, F|
|poke|p1|Iron Valiant|
|poke|p2|Eiscue, F|
|poke|p2|Iron Valiant|
|poke|p2|Slowking-Galar, M|
|poke|p2|Samurott-Hisui, M|
|poke|p2|Dragonite, F|
|poke|p2|Great Tusk|
|teampreview
|
|t:|1776305578
|teamsize|p1|6
|teamsize|p2|6
|start
|switch|p1a: Ogerpon|Ogerpon-Wellspring, F|100/100
|switch|p2a: Eiscue|Eiscue, F|100/100
|turn|1
|
|t:|1776305585
|switch|p1a: Corviknight|Corviknight, F|100/100
|-ability|p1a: Corviknight|Pressure
|move|p2a: Eiscue|Freeze-Dry|p1a: Corviknight
|-damage|p1a: Corviknight|64/100
|
|upkeep
|turn|2
|
|t:|1776305590
|move|p2a: Eiscue|Freeze-Dry|p1a: Corviknight
|-damage|p1a: Corviknight|30/100
|move|p1a: Corviknight|U-turn|p2a: Eiscue
|-activate|p2a: Eiscue|ability: Ice Face
|-damage|p2a: Eiscue|100/100
|detailschange|p2a: Eiscue|Eiscue-Noice, F
|
|t:|1776305604
|switch|p1a: Goodra|Goodra, F|100/100|[from] U-turn
|
|upkeep
|turn|3
|
|t:|1776305610
|switch|p2a: Slowking|Slowking-Galar, M|100/100
|move|p1a: Goodra|Flamethrower|p2a: Slowking
|-damage|p2a: Slowking|84/100
|
|-heal|p2a: Slowking|90/100|[from] item: Black Sludge
|upkeep
|turn|4
|
|t:|1776305614
|switch|p1a: Ursaluna|Ursaluna, F|100/100
|move|p2a: Slowking|Trick|p1a: Ursaluna
|-activate|p2a: Slowking|move: Trick|[of] p1a: Ursaluna
|-item|p1a: Ursaluna|Black Sludge|[from] move: Trick
|-item|p2a: Slowking|Assault Vest|[from] move: Trick
|
|-damage|p1a: Ursaluna|88/100|[from] item: Black Sludge
|upkeep
|turn|5
|
|t:|1776305622
|switch|p2a: Great Tusk|Great Tusk|100/100
|move|p1a: Ursaluna|Ice Punch|p2a: Great Tusk
|-supereffective|p2a: Great Tusk
|-damage|p2a: Great Tusk|53/100
|
|-damage|p1a: Ursaluna|76/100|[from] item: Black Sludge
|upkeep
|turn|6
|
|t:|1776305635
|-end|p2a: Great Tusk|Protosynthesis|[silent]
|switch|p2a: Dragonite|Dragonite, F|100/100
|switch|p1a: Ogerpon|Ogerpon-Wellspring, F|100/100
|
|upkeep
|turn|7
|
|t:|1776305641
|move|p2a: Dragonite|Extreme Speed|p1a: Ogerpon
|-damage|p1a: Ogerpon|46/100
|move|p1a: Ogerpon|Play Rough|p2a: Dragonite
|-supereffective|p2a: Dragonite
|-damage|p2a: Dragonite|63/100
|
|upkeep
|turn|8
|
|t:|1776305647
|switch|p1a: Corviknight|Corviknight, F|30/100
|-ability|p1a: Corviknight|Pressure
|switch|p2a: Eiscue|Eiscue-Noice, F|100/100
|
|upkeep
|turn|9
|
|t:|1776305652
|move|p2a: Eiscue|Freeze-Dry|p1a: Corviknight
|-damage|p1a: Corviknight|0 fnt
|faint|p1a: Corviknight
|
|upkeep
|
|t:|1776305656
|switch|p1a: Ogerpon|Ogerpon-Wellspring, F|46/100
|turn|10
|
|t:|1776305659
|move|p2a: Eiscue|Freeze-Dry|p1a: Ogerpon
|-supereffective|p1a: Ogerpon
|-damage|p1a: Ogerpon|0 fnt
|faint|p1a: Ogerpon
|
|upkeep
|
|t:|1776305664
|switch|p1a: Iron Valiant|Iron Valiant|100/100
|-enditem|p1a: Iron Valiant|Booster Energy
|-activate|p1a: Iron Valiant|ability: Quark Drive|[fromitem]
|-start|p1a: Iron Valiant|quarkdrivespe
|turn|11
|
|t:|1776305669
|switch|p2a: Slowking|Slowking-Galar, M|100/100
|move|p1a: Iron Valiant|Calm Mind|p1a: Iron Valiant
|-boost|p1a: Iron Valiant|spa|1
|-boost|p1a: Iron Valiant|spd|1
|
|upkeep
|turn|12
|
|t:|1776305676
|-terastallize|p1a: Iron Valiant|Steel
|move|p1a: Iron Valiant|Calm Mind|p1a: Iron Valiant
|-boost|p1a: Iron Valiant|spa|1
|-boost|p1a: Iron Valiant|spd|1
|move|p2a: Slowking|Psychic Noise|p1a: Iron Valiant
|-resisted|p1a: Iron Valiant
|-damage|p1a: Iron Valiant|89/100
|-start|p1a: Iron Valiant|move: Heal Block
|
|upkeep
|turn|13
|
|t:|1776305683
|move|p1a: Iron Valiant|Shadow Ball|p2a: Slowking
|-supereffective|p2a: Slowking
|-damage|p2a: Slowking|57/100
|move|p2a: Slowking|Flamethrower|p1a: Iron Valiant
|-supereffective|p1a: Iron Valiant
|-damage|p1a: Iron Valiant|49/100
|
|-end|p1a: Iron Valiant|move: Heal Block
|upkeep
|turn|14
|
|t:|1776305686
|move|p1a: Iron Valiant|Calm Mind|p1a: Iron Valiant
|-boost|p1a: Iron Valiant|spa|1
|-boost|p1a: Iron Valiant|spd|1
|move|p2a: Slowking|Flamethrower|p1a: Iron Valiant
|-supereffective|p1a: Iron Valiant
|-damage|p1a: Iron Valiant|15/100
|
|upkeep
|turn|15
|
|t:|1776305692
|switch|p2a: Dragonite|Dragonite, F|63/100
|move|p1a: Iron Valiant|Shadow Ball|p2a: Dragonite
|-damage|p2a: Dragonite|0 fnt
|faint|p2a: Dragonite
|
|upkeep
|
|t:|1776305710
|switch|p2a: Slowking|Slowking-Galar, M|90/100
|turn|16
|
|t:|1776305712
|move|p1a: Iron Valiant|Shadow Ball|p2a: Slowking
|-supereffective|p2a: Slowking
|-damage|p2a: Slowking|39/100
|move|p2a: Slowking|Flamethrower|p1a: Iron Valiant
|-supereffective|p1a: Iron Valiant
|-damage|p1a: Iron Valiant|0 fnt
|faint|p1a: Iron Valiant
|-end|p1a: Iron Valiant|Quark Drive|[silent]
|
|upkeep
|
|t:|1776305719
|switch|p1a: Raging Bolt|Raging Bolt|100/100
|turn|17
|
|t:|1776305725
|switch|p2a: Great Tusk|Great Tusk|53/100
|move|p1a: Raging Bolt|Calm Mind|p1a: Raging Bolt
|-boost|p1a: Raging Bolt|spa|1
|-boost|p1a: Raging Bolt|spd|1
|
|upkeep
|turn|18
|
|t:|1776305729
|move|p2a: Great Tusk|Headlong Rush|p1a: Raging Bolt
|-supereffective|p1a: Raging Bolt
|-damage|p1a: Raging Bolt|5/100
|-unboost|p2a: Great Tusk|def|1
|-unboost|p2a: Great Tusk|spd|1
|move|p1a: Raging Bolt|Dragon Pulse|p2a: Great Tusk
|-damage|p2a: Great Tusk|0 fnt
|faint|p2a: Great Tusk
|-end|p2a: Great Tusk|Protosynthesis|[silent]
|
|-heal|p1a: Raging Bolt|11/100|[from] item: Leftovers
|upkeep
|
|t:|1776305736
|switch|p2a: Slowking|Slowking-Galar, M|72/100
|turn|19
|
|t:|1776305745
|-end|p1a: Raging Bolt|Protosynthesis|[silent]
|switch|p1a: Ursaluna|Ursaluna, F|76/100
|move|p2a: Slowking|Psychic Noise|p1a: Ursaluna
|-damage|p1a: Ursaluna|51/100
|-start|p1a: Ursaluna|move: Heal Block
|
|-damage|p1a: Ursaluna|39/100|[from] item: Black Sludge
|upkeep
|turn|20
|
|t:|1776305753
|switch|p2a: Samurott|Samurott-Hisui, M|100/100
|move|p1a: Ursaluna|Headlong Rush|p2a: Samurott
|-damage|p2a: Samurott|13/100
|-unboost|p1a: Ursaluna|def|1
|-unboost|p1a: Ursaluna|spd|1
|
|-damage|p1a: Ursaluna|26/100|[from] item: Black Sludge
|-end|p1a: Ursaluna|move: Heal Block
|upkeep
|turn|21
|
|t:|1776305762
|move|p2a: Samurott|Ceaseless Edge|p1a: Ursaluna
|-damage|p1a: Ursaluna|0 fnt
|-sidestart|p1: benjaala+|Spikes
|faint|p1a: Ursaluna
|
|upkeep
|
|t:|1776305764
|switch|p1a: Goodra|Goodra, F|100/100
|-damage|p1a: Goodra|88/100|[from] Spikes
|turn|22
|
|t:|1776305770
|move|p2a: Samurott|Ceaseless Edge|p1a: Goodra|[miss]
|-miss|p2a: Samurott|p1a: Goodra
|move|p1a: Goodra|Flamethrower|p2a: Samurott
|-resisted|p2a: Samurott
|-damage|p2a: Samurott|0 fnt
|faint|p2a: Samurott
|
|upkeep
|
|t:|1776305773
|switch|p2a: Iron Valiant|Iron Valiant|100/100
|-enditem|p2a: Iron Valiant|Booster Energy
|-activate|p2a: Iron Valiant|ability: Quark Drive|[fromitem]
|-start|p2a: Iron Valiant|quarkdrivespe
|turn|23
|
|t:|1776305777
|move|p2a: Iron Valiant|Ice Punch|p1a: Goodra
|-supereffective|p1a: Goodra
|-damage|p1a: Goodra|20/100
|move|p1a: Goodra|Sludge Wave|p2a: Iron Valiant
|-supereffective|p2a: Iron Valiant
|-damage|p2a: Iron Valiant|0 fnt
|faint|p2a: Iron Valiant
|-end|p2a: Iron Valiant|Quark Drive|[silent]
|
|upkeep
|
|t:|1776305780
|switch|p2a: Eiscue|Eiscue-Noice, F|100/100
|turn|24
|
|t:|1776305787
|move|p2a: Eiscue|Freeze-Dry|p1a: Goodra
|-supereffective|p1a: Goodra
|-damage|p1a: Goodra|0 fnt
|faint|p1a: Goodra
|
|upkeep
|
|t:|1776305789
|switch|p1a: Raging Bolt|Raging Bolt|11/100
|-damage|p1a: Raging Bolt|0 fnt|[from] Spikes
|faint|p1a: Raging Bolt
|-end|p1a: Raging Bolt|Protosynthesis|[silent]
|
|win|teambuildinggenius
|raw|benjaala+'s rating: 1441 &rarr; <strong>1421</strong><br />(-20 for losing)
|raw|teambuildinggenius's rating: 1433 &rarr; <strong>1453</strong><br />(+20 for winning)
