|html|<div class="broadcast-blue"><strong>[Gen 9] OU is currently suspecting Tera Blast! For information on how to participate check out the <a href="https://www.smogon.com/tools/suspects/view/200">suspect thread</a>.</strong></div>
|j|☆adkaw
|j|☆Apprentice Dogwood
|t:|1776298337
|gametype|singles
|player|p1|adkaw|170|1073
|player|p2|Apprentice Dogwood|lucian|1040
|gen|9
|tier|[Gen 9] OU
|rated|
|rule|HP Percentage Mod: HP is shown in percentages
|rule|Endless Battle Clause: Forcing endless battles is banned
|rule|Species Clause: Limit one of each Pokémon
|rule|OHKO Clause: OHKO moves are banned
|rule|Evasion Items Clause: Evasion items are banned
|rule|Evasion Moves Clause: Evasion moves are banned
|rule|Evasion Abilities Clause: Evasion abilities are banned
|rule|Sleep Moves Clause: Sleep-inducing moves are banned
|clearpoke
|poke|p1|Zamazenta-*|
|poke|p1|Lokix, F|
|poke|p1|Slowking-Galar, M|
|poke|p1|Primarina, F|
|poke|p1|Great Tusk|
|poke|p1|Dragonite, F|
|poke|p2|Medicham, M|
|poke|p2|Galvantula, F|
|poke|p2|Talonflame, M|
|poke|p2|Bisharp, M|
|poke|p2|Serperior, M|
|poke|p2|Dewott, M|
|teampreview
|inactive|Battle timer is ON: inactive players will automatically lose when time's up. (requested by Apprentice Dogwood)
|
|t:|1776298349
|teamsize|p1|6
|teamsize|p2|6
|start
|switch|p1a: Slowking|Slowking-Galar, M|100/100
|switch|p2a: Galvantula|Galvantula, F|100/100
|turn|1
|
|t:|1776298355
|move|p2a: Galvantula|Sticky Web|p1a: Slowking
|-sidestart|p1: adkaw|move: Sticky Web
|move|p1a: Slowking|Sludge Bomb|p2a: Galvantula
|-damage|p2a: Galvantula|44/100
|
|upkeep
|turn|2
|
|t:|1776298363
|switch|p2a: Bisharp|Bisharp, M|100/100
|move|p1a: Slowking|Sludge Bomb|p2a: Bisharp
|-immune|p2a: Bisharp
|
|upkeep
|turn|3
|
|t:|1776298366
|switch|p1a: Great Tusk|Great Tusk|100/100
|-activate|p1a: Great Tusk|move: Sticky Web
|-unboost|p1a: Great Tusk|spe|1
|move|p2a: Bisharp|Swords Dance|p2a: Bisharp
|-boost|p2a: Bisharp|atk|2
|
|upkeep
|turn|4
|
|t:|1776298373
|switch|p2a: Talonflame|Talonflame, M|100/100
|move|p1a: Great Tusk|Roar|p2a: Talonflame
|drag|p2a: Serperior|Serperior, M|100/100
|
|upkeep
|turn|5
|
|t:|1776298381
|-end|p1a: Great Tusk|Protosynthesis|[silent]
|switch|p1a: Slowking|Slowking-Galar, M|100/100
|move|p2a: Serperior|Leaf Storm|p1a: Slowking
|-resisted|p1a: Slowking
|-damage|p1a: Slowking|87/100
|-boost|p2a: Serperior|spa|2
|
|upkeep
|turn|6
|
|t:|1776298398
|switch|p2a: Bisharp|Bisharp, M|100/100
|-prepare|p1a: Slowking|Chilly Reception|[premajor]
|move|p1a: Slowking|Chilly Reception|p1a: Slowking
|-weather|Snowscape
|
|t:|1776298401
|switch|p1a: Great Tusk|Great Tusk|100/100|[from] Chilly Reception
|-activate|p1a: Great Tusk|move: Sticky Web
|-unboost|p1a: Great Tusk|spe|1
|
|-weather|Snowscape|[upkeep]
|upkeep
|turn|7
|
|t:|1776298406
|switch|p2a: Talonflame|Talonflame, M|100/100
|move|p1a: Great Tusk|Rapid Spin|p2a: Talonflame
|-damage|p2a: Talonflame|76/100
|-boost|p1a: Great Tusk|spe|1
|-sideend|p1: adkaw|Sticky Web|[from] move: Rapid Spin|[of] p1a: Great Tusk
|
|-weather|Snowscape|[upkeep]
|upkeep
|turn|8
|
|t:|1776298415
|-end|p1a: Great Tusk|Protosynthesis|[silent]
|switch|p1a: Primarina|Primarina, F|100/100
|move|p2a: Talonflame|Will-O-Wisp|p1a: Primarina|[miss]
|-miss|p2a: Talonflame|p1a: Primarina
|
|-weather|Snowscape|[upkeep]
|upkeep
|turn|9
|
|t:|1776298422
|switch|p2a: Serperior|Serperior, M|100/100
|move|p1a: Primarina|Substitute|p1a: Primarina
|-start|p1a: Primarina|Substitute
|-damage|p1a: Primarina|76/100
|
|-weather|Snowscape|[upkeep]
|upkeep
|turn|10
|
|t:|1776298426
|switch|p1a: Slowking|Slowking-Galar, M|100/100
|move|p2a: Serperior|Substitute|p2a: Serperior
|-start|p2a: Serperior|Substitute
|-damage|p2a: Serperior|76/100
|
|-weather|none
|-heal|p2a: Serperior|82/100|[from] item: Leftovers
|upkeep
|turn|11
|
|t:|1776298431
|move|p2a: Serperior|Dragon Pulse|p1a: Slowking
|-damage|p1a: Slowking|88/100
|move|p1a: Slowking|Sludge Bomb|p2a: Serperior
|-supereffective|p2a: Serperior
|-end|p2a: Serperior|Substitute
|
|-heal|p2a: Serperior|88/100|[from] item: Leftovers
|upkeep
|turn|12
|
|t:|1776298438
|switch|p2a: Medicham|Medicham, M|100/100
|-prepare|p1a: Slowking|Chilly Reception|[premajor]
|move|p1a: Slowking|Chilly Reception|p1a: Slowking
|-weather|Snowscape
|
|t:|1776298444
|switch|p1a: Lokix|Lokix, F|100/100|[from] Chilly Reception
|
|-weather|Snowscape|[upkeep]
|upkeep
|turn|13
|
|t:|1776298448
|switch|p2a: Talonflame|Talonflame, M|76/100
|move|p1a: Lokix|U-turn|p2a: Talonflame
|-resisted|p2a: Talonflame
|-damage|p2a: Talonflame|52/100
|-status|p1a: Lokix|brn|[from] ability: Flame Body|[of] p2a: Talonflame
|
|t:|1776298452
|switch|p1a: Primarina|Primarina, F|76/100|[from] U-turn
|
|-weather|Snowscape|[upkeep]
|upkeep
|turn|14
|
|t:|1776298459
|switch|p2a: Dewott|Dewott, M|100/100
|move|p1a: Primarina|Calm Mind|p1a: Primarina
|-boost|p1a: Primarina|spa|1
|-boost|p1a: Primarina|spd|1
|
|-weather|Snowscape|[upkeep]
|upkeep
|turn|15
|
|t:|1776298461
|move|p2a: Dewott|Swords Dance|p2a: Dewott
|-boost|p2a: Dewott|atk|2
|move|p1a: Primarina|Substitute|p1a: Primarina
|-start|p1a: Primarina|Substitute
|-damage|p1a: Primarina|51/100
|
|-weather|Snowscape|[upkeep]
|upkeep
|turn|16
|
|t:|1776298469
|move|p2a: Dewott|Razor Shell|p1a: Primarina
|-resisted|p1a: Primarina
|-end|p1a: Primarina|Substitute
|move|p1a: Primarina|Draining Kiss|p2a: Dewott
|-damage|p2a: Dewott|51/100
|-heal|p1a: Primarina|82/100|[from] drain|[of] p2a: Dewott
|
|-weather|none
|upkeep
|turn|17
|
|t:|1776298476
|move|p2a: Dewott|Razor Shell|p1a: Primarina
|-resisted|p1a: Primarina
|-damage|p1a: Primarina|45/100
|move|p1a: Primarina|Draining Kiss|p2a: Dewott
|-crit|p2a: Dewott
|-damage|p2a: Dewott|0 fnt
|-heal|p1a: Primarina|77/100|[from] drain|[of] p2a: Dewott
|faint|p2a: Dewott
|
|upkeep
|
|t:|1776298486
|switch|p2a: Galvantula|Galvantula, F|44/100
|turn|18
|
|t:|1776298491
|switch|p1a: Great Tusk|Great Tusk|100/100
|move|p2a: Galvantula|Thunder|p1a: Great Tusk
|-immune|p1a: Great Tusk
|
|upkeep
|turn|19
|
|t:|1776298493
|move|p2a: Galvantula|Energy Ball|p1a: Great Tusk
|-supereffective|p1a: Great Tusk
|-damage|p1a: Great Tusk|31/100
|move|p1a: Great Tusk|Stealth Rock|p2a: Galvantula
|-sidestart|p2: Apprentice Dogwood|move: Stealth Rock
|
|upkeep
|turn|20
|
|t:|1776298499
|-end|p1a: Great Tusk|Protosynthesis|[silent]
|switch|p1a: Slowking|Slowking-Galar, M|100/100
|move|p2a: Galvantula|Sticky Web|p1a: Slowking
|-sidestart|p1: adkaw|move: Sticky Web
|
|upkeep
|turn|21
|
|t:|1776298502
|move|p2a: Galvantula|Thunder|p1a: Slowking
|-damage|p1a: Slowking|73/100
|-prepare|p1a: Slowking|Chilly Reception|[premajor]
|move|p1a: Slowking|Chilly Reception|p1a: Slowking
|-weather|Snowscape
|
|t:|1776298509
|switch|p1a: Zamazenta|Zamazenta|100/100|[from] Chilly Reception
|-activate|p1a: Zamazenta|move: Sticky Web
|-unboost|p1a: Zamazenta|spe|1
|-ability|p1a: Zamazenta|Dauntless Shield|boost
|-boost|p1a: Zamazenta|def|1
|
|-weather|Snowscape|[upkeep]
|upkeep
|turn|22
|
|t:|1776298514
|move|p1a: Zamazenta|Stone Edge|p2a: Galvantula|[miss]
|-miss|p1a: Zamazenta|p2a: Galvantula
|move|p2a: Galvantula|Thunder|p1a: Zamazenta
|-damage|p1a: Zamazenta|59/100
|
|-weather|Snowscape|[upkeep]
|upkeep
|turn|23
|
|t:|1776298527
|move|p1a: Zamazenta|Stone Edge|p2a: Galvantula
|-supereffective|p2a: Galvantula
|-crit|p2a: Galvantula
|-damage|p2a: Galvantula|0 fnt
|faint|p2a: Galvantula
|
|-weather|Snowscape|[upkeep]
|upkeep
|
|t:|1776298532
|switch|p2a: Talonflame|Talonflame, M|52/100
|turn|24
|
|t:|1776298536
|move|p1a: Zamazenta|Stone Edge|p2a: Talonflame
|-supereffective|p2a: Talonflame
|-damage|p2a: Talonflame|0 fnt
|faint|p2a: Talonflame
|
|-weather|Snowscape|[upkeep]
|upkeep
|
|t:|1776298541
|switch|p2a: Bisharp|Bisharp, M|100/100
|-damage|p2a: Bisharp|95/100|[from] Stealth Rock
|turn|25
|
|t:|1776298544
|switch|p1a: Great Tusk|Great Tusk|31/100
|-activate|p1a: Great Tusk|move: Sticky Web
|-unboost|p1a: Great Tusk|spe|1
|move|p2a: Bisharp|Swords Dance|p2a: Bisharp
|-boost|p2a: Bisharp|atk|2
|
|-weather|none
|upkeep
|turn|26
|
|t:|1776298550
|move|p2a: Bisharp|Sucker Punch|p1a: Great Tusk
|-resisted|p1a: Great Tusk
|-damage|p1a: Great Tusk|13/100
|-damage|p2a: Bisharp|78/100|[from] item: Rocky Helmet|[of] p1a: Great Tusk
|move|p1a: Great Tusk|Body Press|p2a: Bisharp
|-supereffective|p2a: Bisharp
|-damage|p2a: Bisharp|0 fnt
|faint|p2a: Bisharp
|
|upkeep
|
|t:|1776298560
|switch|p2a: Medicham|Medicham, M|100/100
|-damage|p2a: Medicham|94/100|[from] Stealth Rock
|turn|27
|
|t:|1776298566
|move|p2a: Medicham|Ice Punch|p1a: Great Tusk
|-supereffective|p1a: Great Tusk
|-damage|p1a: Great Tusk|0 fnt
|-damage|p2a: Medicham|78/100|[from] item: Rocky Helmet|[of] p1a: Great Tusk
|faint|p1a: Great Tusk
|-end|p1a: Great Tusk|Protosynthesis|[silent]
|
|-heal|p2a: Medicham|84/100|[from] item: Leftovers
|upkeep
|
|t:|1776298571
|switch|p1a: Primarina|Primarina, F|77/100
|turn|28
|
|t:|1776298579
|-terastallize|p2a: Medicham|Steel
|move|p2a: Medicham|Bulk Up|p2a: Medicham
|-boost|p2a: Medicham|atk|1
|-boost|p2a: Medicham|def|1
|move|p1a: Primarina|Calm Mind|p1a: Primarina
|-boost|p1a: Primarina|spa|1
|-boost|p1a: Primarina|spd|1
|
|-heal|p2a: Medicham|90/100|[from] item: Leftovers
|upkeep
|turn|29
|
|t:|1776298586
|move|p2a: Medicham|Bulk Up|p2a: Medicham
|-boost|p2a: Medicham|atk|1
|-boost|p2a: Medicham|def|1
|move|p1a: Primarina|Hyper Voice|p2a: Medicham
|-damage|p2a: Medicham|0 fnt
|faint|p2a: Medicham
|
|upkeep
|
|t:|1776298591
|switch|p2a: Serperior|Serperior, M|88/100
|-damage|p2a: Serperior|76/100|[from] Stealth Rock
|turn|30
|
|t:|1776298594
|-terastallize|p1a: Primarina|Steel
|move|p2a: Serperior|Leaf Storm|p1a: Primarina
|-resisted|p1a: Primarina
|-damage|p1a: Primarina|65/100
|-boost|p2a: Serperior|spa|2
|move|p1a: Primarina|Draining Kiss|p2a: Serperior
|-damage|p2a: Serperior|22/100
|-heal|p1a: Primarina|97/100|[from] drain|[of] p2a: Serperior
|
|-heal|p2a: Serperior|28/100|[from] item: Leftovers
|upkeep
|turn|31
|
|t:|1776298601
|move|p2a: Serperior|Tera Blast|p1a: Primarina
|-resisted|p1a: Primarina
|-damage|p1a: Primarina|86/100
|move|p1a: Primarina|Draining Kiss|p2a: Serperior
|-damage|p2a: Serperior|0 fnt
|-heal|p1a: Primarina|100/100|[from] drain|[of] p2a: Serperior
|faint|p2a: Serperior
|
|win|adkaw
|raw|adkaw's rating: 1101 &rarr; <strong>1122</strong><br />(+21 for winning)
|raw|Apprentice Dogwood's rating: 1040 &rarr; <strong>1027</strong><br />(-13 for losing)
|l|☆Apprentice Dogwood
|player|p2|
