|html|<div class="broadcast-blue"><strong>[Gen 9] OU is currently suspecting Tera Blast! For information on how to participate check out the <a href="https://www.smogon.com/tools/suspects/view/200">suspect thread</a>.</strong></div>
|j|☆JustSomeAustrian
|j|☆MrPr1ce
|t:|1776084705
|gametype|singles
|player|p1|JustSomeAustrian|hilbert|1390
|player|p2|MrPr1ce|lance|1337
|gen|9
|tier|[Gen 9] OU
|rated|
|rule|HP Percentage Mod: HP is shown in percentages
|rule|Endless Battle Clause: Forcing endless battles is banned
|rule|Species Clause: Limit one of each Pokémon
|rule|OHKO Clause: OHKO moves are banned
|rule|Evasion Items Clause: Evasion items are banned
|rule|Evasion Moves Clause: Evasion moves are banned
|rule|Evasion Abilities Clause: Evasion abilities are banned
|rule|Sleep Moves Clause: Sleep-inducing moves are banned
|clearpoke
|poke|p1|Ting-Lu|
|poke|p1|Gholdengo|
|poke|p1|Darkrai|
|poke|p1|Pecharunt|
|poke|p1|Dragonite, F|
|poke|p1|Zamazenta-*|
|poke|p2|Gliscor, M|
|poke|p2|Dragonite, F|
|poke|p2|Iron Valiant|
|poke|p2|Slowking-Galar, M|
|poke|p2|Great Tusk|
|poke|p2|Primarina, F|
|teampreview
|inactive|Battle timer is ON: inactive players will automatically lose when time's up. (requested by MrPr1ce)
|
|t:|1776084726
|teamsize|p1|6
|teamsize|p2|6
|start
|switch|p1a: Ting-Lu|Ting-Lu|100/100
|switch|p2a: Wait|Gliscor, M, shiny|100/100
|-ability|p1a: Ting-Lu|Vessel of Ruin
|turn|1
|
|t:|1776084739
|move|p2a: Wait|Spikes|p1a: Ting-Lu
|-sidestart|p1: JustSomeAustrian|Spikes
|move|p1a: Ting-Lu|Stealth Rock|p2a: Wait
|-sidestart|p2: MrPr1ce|move: Stealth Rock
|
|-status|p2a: Wait|tox|[from] item: Toxic Orb
|upkeep
|turn|2
|
|t:|1776084747
|move|p2a: Wait|Spikes|p1a: Ting-Lu
|-sidestart|p1: JustSomeAustrian|Spikes
|move|p1a: Ting-Lu|Spikes|p2a: Wait
|-sidestart|p2: MrPr1ce|Spikes
|
|upkeep
|turn|3
|
|t:|1776084751
|move|p2a: Wait|Toxic|p1a: Ting-Lu
|-status|p1a: Ting-Lu|tox
|move|p1a: Ting-Lu|Spikes|p2a: Wait
|-sidestart|p2: MrPr1ce|Spikes
|
|-damage|p1a: Ting-Lu|94/100 tox|[from] psn
|upkeep
|turn|4
|
|t:|1776084757
|switch|p2a: Turn turn|Great Tusk|100/100
|-damage|p2a: Turn turn|98/100|[from] Stealth Rock
|-damage|p2a: Turn turn|81/100|[from] Spikes
|move|p1a: Ting-Lu|Spikes|p2a: Turn turn
|-sidestart|p2: MrPr1ce|Spikes
|
|-heal|p1a: Ting-Lu|100/100 tox|[from] item: Leftovers
|-damage|p1a: Ting-Lu|88/100 tox|[from] psn
|upkeep
|turn|5
|
|t:|1776084778
|switch|p1a: Gholdengo|Gholdengo|100/100
|-damage|p1a: Gholdengo|84/100|[from] Spikes
|move|p2a: Turn turn|Knock Off|p1a: Gholdengo
|-supereffective|p1a: Gholdengo
|-damage|p1a: Gholdengo|27/100
|-enditem|p1a: Gholdengo|Metal Coat|[from] move: Knock Off|[of] p2a: Turn turn
|
|upkeep
|turn|6
|inactive|JustSomeAustrian has 120 seconds left.
|inactive|MrPr1ce has 120 seconds left.
|l|☆MrPr1ce
|inactive|MrPr1ce disconnected and has a minute to reconnect!
|player|p2|
|inactive|JustSomeAustrian has 90 seconds left.
|inactive|MrPr1ce has 30 seconds to reconnect!
|j|☆MrPr1ce
|inactive|MrPr1ce reconnected and has 85 seconds left.
|player|p2|MrPr1ce|lance|
|
|t:|1776084870
|switch|p1a: Darkrai|Darkrai|100/100
|move|p2a: Turn turn|Knock Off|p1a: Darkrai
|-resisted|p1a: Darkrai
|-damage|p1a: Darkrai|82/100
|-enditem|p1a: Darkrai|Heavy-Duty Boots|[from] move: Knock Off|[of] p2a: Turn turn
|
|upkeep
|turn|7
|
|t:|1776084890
|move|p1a: Darkrai|Ice Beam|p2a: Turn turn
|-supereffective|p2a: Turn turn
|-damage|p2a: Turn turn|0 fnt
|faint|p2a: Turn turn
|-end|p2a: Turn turn|Protosynthesis|[silent]
|
|upkeep
|
|t:|1776084896
|switch|p2a: 1st time|Primarina, F, shiny|100/100
|-damage|p2a: 1st time|88/100|[from] Stealth Rock
|-damage|p2a: 1st time|63/100|[from] Spikes
|turn|8
|
|t:|1776084915
|switch|p1a: Ting-Lu|Ting-Lu|88/100 tox
|-damage|p1a: Ting-Lu|72/100 tox|[from] Spikes
|-ability|p1a: Ting-Lu|Vessel of Ruin
|move|p2a: 1st time|Moonblast|p1a: Ting-Lu
|-supereffective|p1a: Ting-Lu
|-damage|p1a: Ting-Lu|26/100 tox
|
|-heal|p2a: 1st time|69/100|[from] item: Leftovers
|-heal|p1a: Ting-Lu|32/100 tox|[from] item: Leftovers
|-damage|p1a: Ting-Lu|26/100 tox|[from] psn
|upkeep
|turn|9
|
|t:|1776084925
|move|p2a: 1st time|Flip Turn|p1a: Ting-Lu
|-supereffective|p1a: Ting-Lu
|-damage|p1a: Ting-Lu|8/100 tox
|
|t:|1776084929
|switch|p2a: Wait|Gliscor, M, shiny|100/100 tox|[from] Flip Turn
|-damage|p2a: Wait|88/100 tox|[from] Stealth Rock
|move|p1a: Ting-Lu|Earthquake|p2a: Wait
|-immune|p2a: Wait
|
|-heal|p1a: Ting-Lu|15/100 tox|[from] item: Leftovers
|-heal|p2a: Wait|100/100 tox|[from] ability: Poison Heal
|-damage|p1a: Ting-Lu|2/100 tox|[from] psn
|upkeep
|turn|10
|
|t:|1776084933
|move|p2a: Wait|Spikes|p1a: Ting-Lu
|-sidestart|p1: JustSomeAustrian|Spikes
|move|p1a: Ting-Lu|Whirlwind|p2a: Wait
|drag|p2a: Boom|Slowking-Galar, M|100/100
|-damage|p2a: Boom|88/100|[from] Stealth Rock
|-damage|p2a: Boom|63/100|[from] Spikes
|
|-heal|p1a: Ting-Lu|8/100 tox|[from] item: Leftovers
|-damage|p1a: Ting-Lu|0 fnt|[from] psn
|faint|p1a: Ting-Lu
|upkeep
|
|t:|1776084941
|switch|p1a: Darkrai|Darkrai|82/100
|-damage|p1a: Darkrai|57/100|[from] Spikes
|turn|11
|
|t:|1776084948
|switch|p2a: 1st time|Primarina, F, shiny|69/100
|-damage|p2a: 1st time|57/100|[from] Stealth Rock
|-damage|p2a: 1st time|32/100|[from] Spikes
|move|p1a: Darkrai|Knock Off|p2a: 1st time
|-resisted|p2a: 1st time
|-crit|p2a: 1st time
|-damage|p2a: 1st time|0 fnt
|-enditem|p2a: 1st time|Leftovers|[from] move: Knock Off|[of] p1a: Darkrai
|faint|p2a: 1st time
|
|upkeep
|
|t:|1776084952
|switch|p2a: One shot ?|Iron Valiant, shiny|100/100
|-damage|p2a: One shot ?|94/100|[from] Stealth Rock
|-damage|p2a: One shot ?|69/100|[from] Spikes
|-enditem|p2a: One shot ?|Booster Energy
|-activate|p2a: One shot ?|ability: Quark Drive|[fromitem]
|-start|p2a: One shot ?|quarkdrivespe
|turn|12
|
|t:|1776084972
|switch|p1a: Gholdengo|Gholdengo|27/100
|-damage|p1a: Gholdengo|2/100|[from] Spikes
|move|p2a: One shot ?|Calm Mind|p2a: One shot ?
|-boost|p2a: One shot ?|spa|1
|-boost|p2a: One shot ?|spd|1
|
|upkeep
|turn|13
|
|t:|1776084985
|move|p2a: One shot ?|Shadow Ball|p1a: Gholdengo
|-supereffective|p1a: Gholdengo
|-damage|p1a: Gholdengo|0 fnt
|faint|p1a: Gholdengo
|
|upkeep
|
|t:|1776084991
|switch|p1a: Pecharunt|Pecharunt|100/100
|turn|14
|
|t:|1776085002
|-terastallize|p2a: One shot ?|Ghost
|move|p2a: One shot ?|Shadow Ball|p1a: Pecharunt
|-supereffective|p1a: Pecharunt
|-damage|p1a: Pecharunt|0 fnt
|faint|p1a: Pecharunt
|
|upkeep
|inactive|JustSomeAustrian has 90 seconds left.
|
|t:|1776085045
|switch|p1a: Zamazenta|Zamazenta|100/100
|-damage|p1a: Zamazenta|76/100|[from] Spikes
|-ability|p1a: Zamazenta|Dauntless Shield|boost
|-boost|p1a: Zamazenta|def|1
|turn|15
|
|t:|1776085052
|-terastallize|p1a: Zamazenta|Fire
|move|p2a: One shot ?|Moonblast|p1a: Zamazenta
|-resisted|p1a: Zamazenta
|-damage|p1a: Zamazenta|46/100
|move|p1a: Zamazenta|Roar|p2a: One shot ?
|-end|p2a: One shot ?|Quark Drive|[silent]
|drag|p2a: Boom|Slowking-Galar, M|96/100
|-damage|p2a: Boom|84/100|[from] Stealth Rock
|-damage|p2a: Boom|59/100|[from] Spikes
|
|-heal|p1a: Zamazenta|52/100|[from] item: Leftovers
|upkeep
|turn|16
|
|t:|1776085068
|move|p1a: Zamazenta|Crunch|p2a: Boom
|-supereffective|p2a: Boom
|-damage|p2a: Boom|10/100
|move|p2a: Boom|Surf|p1a: Zamazenta
|-supereffective|p1a: Zamazenta
|-damage|p1a: Zamazenta|0 fnt
|faint|p1a: Zamazenta
|
|upkeep
|inactive|JustSomeAustrian has 60 seconds left.
|inactive|JustSomeAustrian has 30 seconds left.
|inactive|JustSomeAustrian has 20 seconds left.
|inactive|JustSomeAustrian has 15 seconds left.
|inactive|JustSomeAustrian has 10 seconds left.
|inactive|JustSomeAustrian has 5 seconds left.
|
|t:|1776085140
|switch|p1a: Dragonite|Dragonite, F|100/100
|turn|17
|inactive|JustSomeAustrian has 15 seconds left this turn.
|
|t:|1776085153
|move|p1a: Dragonite|Dragon Dance|p1a: Dragonite
|-boost|p1a: Dragonite|atk|1
|-boost|p1a: Dragonite|spe|1
|move|p2a: Boom|Ice Beam|p1a: Dragonite
|-supereffective|p1a: Dragonite
|-damage|p1a: Dragonite|34/100
|
|upkeep
|turn|18
|inactive|JustSomeAustrian has 25 seconds left this turn.
|inactive|JustSomeAustrian has 20 seconds left.
|inactive|JustSomeAustrian has 15 seconds left.
|
|t:|1776085165
|move|p1a: Dragonite|Extreme Speed|p2a: Boom
|-damage|p2a: Boom|0 fnt
|faint|p2a: Boom
|
|upkeep
|
|t:|1776085175
|switch|p2a: One shot ?|Iron Valiant, shiny, tera:Ghost|69/100
|-damage|p2a: One shot ?|57/100|[from] Stealth Rock
|-damage|p2a: One shot ?|32/100|[from] Spikes
|turn|19
|inactive|JustSomeAustrian has 30 seconds left this turn.
|
|t:|1776085182
|move|p1a: Dragonite|Earthquake|p2a: One shot ?
|-damage|p2a: One shot ?|0 fnt
|faint|p2a: One shot ?
|-end|p2a: One shot ?|Quark Drive|[silent]
|
|upkeep
|
|t:|1776085188
|switch|p2a: The "Savior"|Dragonite, F, shiny|100/100
|turn|20
|inactive|JustSomeAustrian has 30 seconds left.
|
|t:|1776085206
|move|p2a: The "Savior"|Extreme Speed|p1a: Dragonite
|-damage|p1a: Dragonite|1/100
|move|p1a: Dragonite|Roost|p1a: Dragonite
|-heal|p1a: Dragonite|51/100
|-singleturn|p1a: Dragonite|move: Roost
|
|upkeep
|turn|21
|
|t:|1776085211
|move|p1a: Dragonite|Roost|p1a: Dragonite
|-heal|p1a: Dragonite|100/100
|-singleturn|p1a: Dragonite|move: Roost
|move|p2a: The "Savior"|Ice Spinner|p1a: Dragonite
|-supereffective|p1a: Dragonite
|-damage|p1a: Dragonite|66/100
|
|upkeep
|turn|22
|inactive|JustSomeAustrian has 30 seconds left.
|inactive|JustSomeAustrian has 20 seconds left.
|
|t:|1776085238
|move|p1a: Dragonite|Roost|p1a: Dragonite
|-heal|p1a: Dragonite|100/100
|-singleturn|p1a: Dragonite|move: Roost
|move|p2a: The "Savior"|Ice Spinner|p1a: Dragonite
|-supereffective|p1a: Dragonite
|-damage|p1a: Dragonite|63/100
|
|upkeep
|turn|23
|inactive|JustSomeAustrian has 30 seconds left this turn.
|inactive|JustSomeAustrian has 20 seconds left.
|
|t:|1776085253
|move|p1a: Dragonite|Extreme Speed|p2a: The "Savior"
|-damage|p2a: The "Savior"|76/100
|move|p2a: The "Savior"|Extreme Speed|p1a: Dragonite
|-damage|p1a: Dragonite|31/100
|
|upkeep
|turn|24
|inactive|JustSomeAustrian has 30 seconds left this turn.
|
|t:|1776085263
|move|p1a: Dragonite|Extreme Speed|p2a: The "Savior"
|-damage|p2a: The "Savior"|27/100
|move|p2a: The "Savior"|Extreme Speed|p1a: Dragonite
|-damage|p1a: Dragonite|0 fnt
|faint|p1a: Dragonite
|
|upkeep
|inactive|JustSomeAustrian has 30 seconds left.
|
|t:|1776085268
|switch|p1a: Darkrai|Darkrai|57/100
|-damage|p1a: Darkrai|32/100|[from] Spikes
|turn|25
|
|t:|1776085274
|move|p2a: The "Savior"|Extreme Speed|p1a: Darkrai
|-damage|p1a: Darkrai|0 fnt
|faint|p1a: Darkrai
|
|win|MrPr1ce
|raw|JustSomeAustrian's rating: 1390 &rarr; <strong>1367</strong><br />(-23 for losing)
|raw|MrPr1ce's rating: 1337 &rarr; <strong>1360</strong><br />(+23 for winning)
|l|☆MrPr1ce
|player|p2|
