|html|<div class="broadcast-blue"><strong>[Gen 9] OU is currently suspecting Tera Blast! For information on how to participate check out the <a href="https://www.smogon.com/tools/suspects/view/200">suspect thread</a>.</strong></div>
|j|☆Elmonelio
|j|☆iii23
|t:|1776083476
|gametype|singles
|player|p1|Elmonelio|ethan|1149
|player|p2|iii23|rosa|1167
|gen|9
|tier|[Gen 9] OU
|rated|
|rule|HP Percentage Mod: HP is shown in percentages
|rule|Endless Battle Clause: Forcing endless battles is banned
|rule|Species Clause: Limit one of each Pokémon
|rule|OHKO Clause: OHKO moves are banned
|rule|Evasion Items Clause: Evasion items are banned
|rule|Evasion Moves Clause: Evasion moves are banned
|rule|Evasion Abilities Clause: Evasion abilities are banned
|rule|Sleep Moves Clause: Sleep-inducing moves are banned
|clearpoke
|poke|p1|Iron Treads|
|poke|p1|Tauros-Paldea-Aqua, M|
|poke|p1|Skeledirge, F|
|poke|p1|Meowscarada, M|
|poke|p1|Mamoswine, M|
|poke|p1|Salamence, M|
|poke|p2|Kingambit, F|
|poke|p2|Landorus-Therian, M|
|poke|p2|Ogerpon-Wellspring, F|
|poke|p2|Greninja-*, M|
|poke|p2|Gliscor, M|
|poke|p2|Garchomp, M|
|teampreview
|
|t:|1776083504
|teamsize|p1|6
|teamsize|p2|6
|start
|switch|p1a: Mamoswine|Mamoswine, M|100/100
|switch|p2a: Ogerpon|Ogerpon-Wellspring, F|100/100
|turn|1
|
|t:|1776083524
|switch|p1a: Salamence|Salamence, M|100/100
|-ability|p1a: Salamence|Intimidate|boost
|-unboost|p2a: Ogerpon|atk|1
|move|p2a: Ogerpon|Ivy Cudgel|p1a: Salamence|[anim] Ivy Cudgel Water
|-resisted|p1a: Salamence
|-damage|p1a: Salamence|75/100
|
|upkeep
|turn|2
|
|t:|1776083539
|move|p1a: Salamence|Outrage|p2a: Ogerpon
|-damage|p2a: Ogerpon|39/100
|move|p2a: Ogerpon|Horn Leech|p1a: Salamence
|-resisted|p1a: Salamence
|-damage|p1a: Salamence|66/100
|-heal|p2a: Ogerpon|43/100|[from] drain|[of] p1a: Salamence
|
|upkeep
|turn|3
|
|t:|1776083548
|move|p2a: Ogerpon|Spiky Shield|p2a: Ogerpon
|-singleturn|p2a: Ogerpon|move: Protect
|move|p1a: Salamence|Outrage|p2a: Ogerpon|[from] lockedmove
|-activate|p2a: Ogerpon|move: Protect
|-damage|p1a: Salamence|54/100|[from] Spiky Shield|[of] p2a: Ogerpon
|-start|p1a: Salamence|confusion|[fatigue]
|
|upkeep
|turn|4
|
|t:|1776083561
|switch|p2a: Landorus|Landorus-Therian, M|100/100
|-ability|p2a: Landorus|Intimidate|boost
|-unboost|p1a: Salamence|atk|1
|-activate|p1a: Salamence|confusion
|move|p1a: Salamence|Outrage|p2a: Landorus
|-damage|p2a: Landorus|51/100
|
|upkeep
|turn|5
|
|t:|1776083573
|-activate|p1a: Salamence|confusion
|move|p1a: Salamence|Outrage|p2a: Landorus|[from] lockedmove
|-damage|p2a: Landorus|0 fnt
|faint|p2a: Landorus
|
|upkeep
|
|t:|1776083578
|switch|p2a: Garchomp|Garchomp, M|100/100
|turn|6
|
|t:|1776083588
|-activate|p1a: Salamence|confusion
|move|p1a: Salamence|Outrage|p2a: Garchomp
|-supereffective|p2a: Garchomp
|-damage|p2a: Garchomp|19/100
|-damage|p1a: Salamence|41/100|[from] ability: Rough Skin|[of] p2a: Garchomp
|-damage|p1a: Salamence|25/100|[from] item: Rocky Helmet|[of] p2a: Garchomp
|move|p2a: Garchomp|Dragon Claw|p1a: Salamence
|-supereffective|p1a: Salamence
|-damage|p1a: Salamence|0 fnt
|faint|p1a: Salamence
|
|upkeep
|
|t:|1776083610
|switch|p1a: Iron Treads|Iron Treads|100/100
|turn|7
|
|t:|1776083630
|switch|p2a: Ogerpon|Ogerpon-Wellspring, F|43/100
|move|p1a: Iron Treads|Ice Spinner|p2a: Ogerpon
|-damage|p2a: Ogerpon|18/100
|
|upkeep
|turn|8
|
|t:|1776083645
|move|p1a: Iron Treads|Wild Charge|p2a: Ogerpon
|-damage|p2a: Ogerpon|0 fnt
|faint|p2a: Ogerpon
|-damage|p1a: Iron Treads|96/100|[from] Recoil
|
|upkeep
|
|t:|1776083652
|switch|p2a: Gliscor|Gliscor, M|100/100
|turn|9
|
|t:|1776083668
|move|p1a: Iron Treads|Ice Spinner|p2a: Gliscor
|-supereffective|p2a: Gliscor
|-damage|p2a: Gliscor|17/100
|move|p2a: Gliscor|Toxic|p1a: Iron Treads|[miss]
|-miss|p2a: Gliscor|p1a: Iron Treads
|
|-status|p2a: Gliscor|tox|[from] item: Toxic Orb
|upkeep
|turn|10
|
|t:|1776083678
|move|p2a: Gliscor|Protect|p2a: Gliscor
|-singleturn|p2a: Gliscor|Protect
|move|p1a: Iron Treads|Ice Spinner|p2a: Gliscor
|-activate|p2a: Gliscor|move: Protect
|
|-heal|p2a: Gliscor|29/100 tox|[from] ability: Poison Heal
|upkeep
|turn|11
|
|t:|1776083689
|switch|p2a: Garchomp|Garchomp, M|19/100
|move|p1a: Iron Treads|Ice Spinner|p2a: Garchomp
|-supereffective|p2a: Garchomp
|-damage|p2a: Garchomp|0 fnt
|-damage|p1a: Iron Treads|83/100|[from] ability: Rough Skin|[of] p2a: Garchomp
|-damage|p1a: Iron Treads|67/100|[from] item: Rocky Helmet|[of] p2a: Garchomp
|faint|p2a: Garchomp
|
|upkeep
|
|t:|1776083691
|switch|p2a: Greninja|Greninja, M|100/100
|turn|12
|
|t:|1776083703
|-terastallize|p2a: Greninja|Water
|-terastallize|p1a: Iron Treads|Electric
|move|p2a: Greninja|Hydro Pump|p1a: Iron Treads
|-damage|p1a: Iron Treads|0 fnt
|faint|p1a: Iron Treads
|-end|p1a: Iron Treads|Quark Drive|[silent]
|-ability|p2a: Greninja|Battle Bond|boost
|-boost|p2a: Greninja|atk|1
|-boost|p2a: Greninja|spa|1
|-boost|p2a: Greninja|spe|1
|-activate|p2a: Greninja|ability: Battle Bond
|-damage|p2a: Greninja|91/100|[from] item: Life Orb
|
|upkeep
|
|t:|1776083716
|switch|p1a: Meowscarada|Meowscarada, M|100/100
|turn|13
|
|t:|1776083724
|move|p2a: Greninja|Ice Beam|p1a: Meowscarada
|-supereffective|p1a: Meowscarada
|-enditem|p1a: Meowscarada|Focus Sash
|-damage|p1a: Meowscarada|1/100
|-damage|p2a: Greninja|81/100|[from] item: Life Orb
|move|p1a: Meowscarada|Flower Trick|p2a: Greninja
|-start|p1a: Meowscarada|typechange|Grass|[from] ability: Protean
|-supereffective|p2a: Greninja
|-crit|p2a: Greninja
|-damage|p2a: Greninja|0 fnt
|faint|p2a: Greninja
|
|upkeep
|
|t:|1776083729
|switch|p2a: Kingambit|Kingambit, F|100/100
|-activate|p2a: Kingambit|ability: Supreme Overlord
|-start|p2a: Kingambit|fallen4|[silent]
|turn|14
|
|t:|1776083757
|move|p2a: Kingambit|Sucker Punch|p1a: Meowscarada
|-damage|p1a: Meowscarada|0 fnt
|faint|p1a: Meowscarada
|
|upkeep
|
|t:|1776083765
|switch|p1a: Mamoswine|Mamoswine, M|100/100
|turn|15
|
|t:|1776083782
|switch|p1a: Tauros|Tauros-Paldea-Aqua, M|100/100
|-ability|p1a: Tauros|Intimidate|boost
|-unboost|p2a: Kingambit|atk|1
|move|p2a: Kingambit|Kowtow Cleave|p1a: Tauros
|-resisted|p1a: Tauros
|-damage|p1a: Tauros|77/100
|-damage|p2a: Kingambit|84/100|[from] item: Rocky Helmet|[of] p1a: Tauros
|
|upkeep
|turn|16
|
|t:|1776083803
|-end|p2a: Kingambit|fallen4|[silent]
|switch|p2a: Gliscor|Gliscor, M|29/100 tox
|move|p1a: Tauros|Bulk Up|p1a: Tauros
|-boost|p1a: Tauros|atk|1
|-boost|p1a: Tauros|def|1
|
|-heal|p2a: Gliscor|42/100 tox|[from] ability: Poison Heal
|upkeep
|turn|17
|
|t:|1776083813
|move|p2a: Gliscor|Protect|p2a: Gliscor
|-singleturn|p2a: Gliscor|Protect
|move|p1a: Tauros|Raging Bull|p2a: Gliscor
|-activate|p2a: Gliscor|move: Protect
|
|-heal|p2a: Gliscor|54/100 tox|[from] ability: Poison Heal
|upkeep
|turn|18
|
|t:|1776083822
|move|p1a: Tauros|Raging Bull|p2a: Gliscor
|-supereffective|p2a: Gliscor
|-damage|p2a: Gliscor|0 fnt
|faint|p2a: Gliscor
|
|upkeep
|
|t:|1776083825
|switch|p2a: Kingambit|Kingambit, F|84/100
|-activate|p2a: Kingambit|ability: Supreme Overlord
|-start|p2a: Kingambit|fallen5|[silent]
|turn|19
|
|t:|1776083834
|move|p1a: Tauros|Bulk Up|p1a: Tauros
|-boost|p1a: Tauros|atk|1
|-boost|p1a: Tauros|def|1
|move|p2a: Kingambit|Iron Head|p1a: Tauros
|-resisted|p1a: Tauros
|-damage|p1a: Tauros|60/100
|-damage|p2a: Kingambit|67/100|[from] item: Rocky Helmet|[of] p1a: Tauros
|
|upkeep
|turn|20
|
|t:|1776083843
|move|p1a: Tauros|Close Combat|p2a: Kingambit
|-supereffective|p2a: Kingambit
|-damage|p2a: Kingambit|0 fnt
|-unboost|p1a: Tauros|def|1
|-unboost|p1a: Tauros|spd|1
|faint|p2a: Kingambit
|-end|p2a: Kingambit|fallen5|[silent]
|
|win|Elmonelio
|raw|Elmonelio's rating: 1149 &rarr; <strong>1175</strong><br />(+26 for winning)
|raw|iii23's rating: 1167 &rarr; <strong>1141</strong><br />(-26 for losing)
|l|☆Elmonelio
|player|p1|
