|html|<div class="broadcast-blue"><strong>[Gen 9] OU is currently suspecting Tera Blast! For information on how to participate check out the <a href="https://www.smogon.com/tools/suspects/view/200">suspect thread</a>.</strong></div>
|j|☆Sencopion
|j|☆tbrantl99
|t:|1776306162
|gametype|singles
|player|p1|Sencopion|roxie|1388
|player|p2|tbrantl99|266|1363
|gen|9
|tier|[Gen 9] OU
|rated|
|rule|HP Percentage Mod: HP is shown in percentages
|rule|Endless Battle Clause: Forcing endless battles is banned
|rule|Species Clause: Limit one of each Pokémon
|rule|OHKO Clause: OHKO moves are banned
|rule|Evasion Items Clause: Evasion items are banned
|rule|Evasion Moves Clause: Evasion moves are banned
|rule|Evasion Abilities Clause: Evasion abilities are banned
|rule|Sleep Moves Clause: Sleep-inducing moves are banned
|clearpoke
|poke|p1|Darkrai|
|poke|p1|Ceruledge, F|
|poke|p1|Hatterene, F|
|poke|p1|Gliscor, F|
|poke|p1|Samurott-Hisui, F|
|poke|p1|Corviknight, M|
|poke|p2|Grimmsnarl, M|
|poke|p2|Iron Treads|
|poke|p2|Raging Bolt|
|poke|p2|Deoxys-Speed|
|poke|p2|Ogerpon-Wellspring, F|
|poke|p2|Ceruledge, M|
|teampreview
|inactive|Battle timer is ON: inactive players will automatically lose when time's up. (requested by Sencopion)
|inactive|Sencopion has 120 seconds left.
|
|t:|1776306195
|teamsize|p1|6
|teamsize|p2|6
|start
|switch|p1a: Gliscor|Gliscor, F|100/100
|switch|p2a: Grimmsnarl|Grimmsnarl, M, shiny|100/100
|turn|1
|
|t:|1776306201
|move|p2a: Grimmsnarl|Taunt|p1a: Gliscor
|-start|p1a: Gliscor|move: Taunt
|cant|p1a: Gliscor|move: Taunt|Toxic
|
|-status|p1a: Gliscor|tox|[from] item: Toxic Orb
|upkeep
|turn|2
|
|t:|1776306212
|switch|p1a: Samurott|Samurott-Hisui, F|100/100
|move|p2a: Grimmsnarl|Reflect|p2a: Grimmsnarl
|-sidestart|p2: tbrantl99|Reflect
|
|upkeep
|turn|3
|
|t:|1776306235
|switch|p1a: Corviknight|Corviknight, M|100/100
|-ability|p1a: Corviknight|Pressure
|move|p2a: Grimmsnarl|Low Kick|p1a: Corviknight
|-damage|p1a: Corviknight|82/100
|-damage|p2a: Grimmsnarl|84/100|[from] item: Rocky Helmet|[of] p1a: Corviknight
|
|upkeep
|turn|4
|
|t:|1776306249
|switch|p2a: Raging Bolt|Raging Bolt|100/100
|-enditem|p2a: Raging Bolt|Booster Energy
|-activate|p2a: Raging Bolt|ability: Protosynthesis|[fromitem]
|-start|p2a: Raging Bolt|protosynthesisspa
|move|p1a: Corviknight|U-turn|p2a: Raging Bolt
|-damage|p2a: Raging Bolt|94/100
|
|t:|1776306263
|switch|p1a: Hatterene|Hatterene, F|100/100|[from] U-turn
|
|upkeep
|turn|5
|
|t:|1776306267
|-terastallize|p2a: Raging Bolt|Flying
|move|p2a: Raging Bolt|Calm Mind|p2a: Raging Bolt
|-boost|p2a: Raging Bolt|spa|1
|-boost|p2a: Raging Bolt|spd|1
|move|p1a: Hatterene|Draining Kiss|p2a: Raging Bolt
|-damage|p2a: Raging Bolt|79/100
|
|upkeep
|turn|6
|
|t:|1776306273
|move|p2a: Raging Bolt|Calm Mind|p2a: Raging Bolt
|-boost|p2a: Raging Bolt|spa|1
|-boost|p2a: Raging Bolt|spd|1
|move|p1a: Hatterene|Nuzzle|p2a: Raging Bolt
|-supereffective|p2a: Raging Bolt
|-damage|p2a: Raging Bolt|76/100
|-status|p2a: Raging Bolt|par
|
|upkeep
|turn|7
|inactive|Sencopion has 120 seconds left.
|
|t:|1776306312
|move|p2a: Raging Bolt|Dragon Pulse|p1a: Hatterene
|-immune|p1a: Hatterene
|move|p1a: Hatterene|Draining Kiss|p2a: Raging Bolt
|-damage|p2a: Raging Bolt|64/100 par
|
|upkeep
|turn|8
|inactive|Sencopion has 120 seconds left.
|
|t:|1776306329
|move|p2a: Raging Bolt|Thunderbolt|p1a: Hatterene
|-damage|p1a: Hatterene|0 fnt
|faint|p1a: Hatterene
|
|upkeep
|inactive|Sencopion has 90 seconds left.
|
|t:|1776306367
|switch|p1a: Gliscor|Gliscor, F|100/100 tox
|turn|9
|inactive|Sencopion has 90 seconds left.
|
|t:|1776306379
|move|p1a: Gliscor|Stealth Rock|p2a: Raging Bolt
|-sidestart|p2: tbrantl99|move: Stealth Rock
|move|p2a: Raging Bolt|Dragon Pulse|p1a: Gliscor
|-crit|p1a: Gliscor
|-damage|p1a: Gliscor|0 fnt
|faint|p1a: Gliscor
|
|-sideend|p2: tbrantl99|Reflect
|upkeep
|
|t:|1776306392
|switch|p1a: Ceruledge|Ceruledge, F|100/100
|turn|10
|
|t:|1776306398
|-end|p2a: Raging Bolt|Protosynthesis|[silent]
|switch|p2a: Grimmsnarl|Grimmsnarl, M, shiny|84/100
|-damage|p2a: Grimmsnarl|71/100|[from] Stealth Rock
|move|p1a: Ceruledge|Bitter Blade|p2a: Grimmsnarl
|-damage|p2a: Grimmsnarl|4/100
|
|upkeep
|turn|11
|
|t:|1776306404
|move|p1a: Ceruledge|Shadow Sneak|p2a: Grimmsnarl
|-resisted|p2a: Grimmsnarl
|-damage|p2a: Grimmsnarl|0 fnt
|faint|p2a: Grimmsnarl
|
|upkeep
|
|t:|1776306423
|switch|p2a: Ogerpon|Ogerpon-Wellspring, F|100/100
|-damage|p2a: Ogerpon|88/100|[from] Stealth Rock
|turn|12
|
|t:|1776306441
|move|p2a: Ogerpon|Swords Dance|p2a: Ogerpon
|-boost|p2a: Ogerpon|atk|2
|move|p1a: Ceruledge|Poltergeist|p2a: Ogerpon
|-activate|p2a: Ogerpon|move: Poltergeist|Wellspring Mask
|-crit|p2a: Ogerpon
|-damage|p2a: Ogerpon|0 fnt
|faint|p2a: Ogerpon
|
|upkeep
|inactive|tbrantl99 has 120 seconds left.
|
|t:|1776306462
|switch|p2a: Iron Treads|Iron Treads, shiny|100/100
|-damage|p2a: Iron Treads|97/100|[from] Stealth Rock
|-enditem|p2a: Iron Treads|Booster Energy
|-activate|p2a: Iron Treads|ability: Quark Drive|[fromitem]
|-start|p2a: Iron Treads|quarkdrivespe
|turn|13
|inactive|tbrantl99 has 120 seconds left.
|
|t:|1776306479
|move|p2a: Iron Treads|Stealth Rock|p1a: Ceruledge
|-sidestart|p1: Sencopion|move: Stealth Rock
|move|p1a: Ceruledge|Bitter Blade|p2a: Iron Treads
|-supereffective|p2a: Iron Treads
|-damage|p2a: Iron Treads|11/100
|
|upkeep
|turn|14
|
|t:|1776306492
|move|p1a: Ceruledge|Shadow Sneak|p2a: Iron Treads
|-damage|p2a: Iron Treads|0 fnt
|faint|p2a: Iron Treads
|-end|p2a: Iron Treads|Quark Drive|[silent]
|
|upkeep
|
|t:|1776306502
|switch|p2a: Ceruledge|Ceruledge, M, shiny|100/100
|-damage|p2a: Ceruledge|76/100|[from] Stealth Rock
|turn|15
|inactive|Sencopion has 120 seconds left.
|inactive|tbrantl99 has 120 seconds left.
|
|t:|1776306511
|move|p2a: Ceruledge|Shadow Sneak|p1a: Ceruledge
|-supereffective|p1a: Ceruledge
|-damage|p1a: Ceruledge|14/100
|-ability|p1a: Ceruledge|Weak Armor|boost
|-unboost|p1a: Ceruledge|def|1
|-boost|p1a: Ceruledge|spe|2
|-damage|p2a: Ceruledge|66/100|[from] item: Life Orb
|move|p1a: Ceruledge|Poltergeist|p2a: Ceruledge
|-activate|p2a: Ceruledge|move: Poltergeist|Life Orb
|-supereffective|p2a: Ceruledge
|-damage|p2a: Ceruledge|0 fnt
|faint|p2a: Ceruledge
|
|upkeep
|inactive|tbrantl99 has 120 seconds left.
|
|t:|1776306522
|switch|p2a: Deoxys|Deoxys-Speed, shiny|100/100
|-damage|p2a: Deoxys|88/100|[from] Stealth Rock
|-ability|p2a: Deoxys|Pressure
|turn|16
|
|t:|1776306529
|move|p1a: Ceruledge|Poltergeist|p2a: Deoxys
|-activate|p2a: Deoxys|move: Poltergeist|Leftovers
|-supereffective|p2a: Deoxys
|-damage|p2a: Deoxys|0 fnt
|faint|p2a: Deoxys
|
|upkeep
|
|t:|1776306534
|switch|p2a: Raging Bolt|Raging Bolt, tera:Flying|64/100 par
|-damage|p2a: Raging Bolt|39/100 par|[from] Stealth Rock
|turn|17
|
|t:|1776306544
|move|p1a: Ceruledge|Shadow Sneak|p2a: Raging Bolt
|-damage|p2a: Raging Bolt|20/100 par
|move|p2a: Raging Bolt|Thunderclap||[still]
|-fail|p2a: Raging Bolt
|
|upkeep
|turn|18
|
|t:|1776306550
|move|p1a: Ceruledge|Shadow Sneak|p2a: Raging Bolt
|-damage|p2a: Raging Bolt|3/100 par
|cant|p2a: Raging Bolt|par
|
|upkeep
|turn|19
|-message|tbrantl99 forfeited.
|
|win|Sencopion
|raw|Sencopion's rating: 1388 &rarr; <strong>1407</strong><br />(+19 for winning)
|raw|tbrantl99's rating: 1363 &rarr; <strong>1344</strong><br />(-19 for losing)
|l|☆tbrantl99
|player|p2|
