|html|<div class="broadcast-blue"><strong>[Gen 9] OU is currently suspecting Tera Blast! For information on how to participate check out the <a href="https://www.smogon.com/tools/suspects/view/200">suspect thread</a>.</strong></div>
|j|☆Dragonzord6
|j|☆Gen5OU.AntiMeta
|t:|1776112309
|gametype|singles
|player|p1|Dragonzord6|2|1558
|player|p2|Gen5OU.AntiMeta|cyrus|1516
|gen|9
|tier|[Gen 9] OU
|rated|
|rule|HP Percentage Mod: HP is shown in percentages
|rule|Endless Battle Clause: Forcing endless battles is banned
|rule|Species Clause: Limit one of each Pokémon
|rule|OHKO Clause: OHKO moves are banned
|rule|Evasion Items Clause: Evasion items are banned
|rule|Evasion Moves Clause: Evasion moves are banned
|rule|Evasion Abilities Clause: Evasion abilities are banned
|rule|Sleep Moves Clause: Sleep-inducing moves are banned
|clearpoke
|poke|p1|Pelipper, M|
|poke|p1|Barraskewda, M|
|poke|p1|Kingdra, M|
|poke|p1|Raging Bolt|
|poke|p1|Kingambit, F|
|poke|p1|Zamazenta-*|
|poke|p2|Cinderace, F|
|poke|p2|Ninetales-Alola, F|
|poke|p2|Kyurem|
|poke|p2|Kingambit, M|
|poke|p2|Dragapult, M|
|poke|p2|Necrozma|
|teampreview
|inactive|Battle timer is ON: inactive players will automatically lose when time's up. (requested by Gen5OU.AntiMeta)
|j| ohko_smeargle
|
|t:|1776112327
|teamsize|p1|6
|teamsize|p2|6
|start
|switch|p1a: Pelipper|Pelipper, M, shiny|100/100
|switch|p2a: brutus|Kyurem|100/100
|-ability|p2a: brutus|Pressure
|-weather|RainDance|[from] ability: Drizzle|[of] p1a: Pelipper
|turn|1
|
|t:|1776112337
|switch|p1a: Kingambit|Kingambit, F|100/100
|move|p2a: brutus|Substitute|p2a: brutus
|-start|p2a: brutus|Substitute
|-damage|p2a: brutus|76/100
|
|-weather|RainDance|[upkeep]
|-heal|p2a: brutus|82/100|[from] item: Leftovers
|upkeep
|turn|2
|
|t:|1776112346
|move|p2a: brutus|Earth Power|p1a: Kingambit
|-supereffective|p1a: Kingambit
|-damage|p1a: Kingambit|31/100
|move|p1a: Kingambit|Iron Head|p2a: brutus
|-supereffective|p2a: brutus
|-end|p2a: brutus|Substitute
|
|-weather|RainDance|[upkeep]
|-heal|p2a: brutus|88/100|[from] item: Leftovers
|upkeep
|turn|3
|
|t:|1776112356
|move|p2a: brutus|Substitute|p2a: brutus
|-start|p2a: brutus|Substitute
|-damage|p2a: brutus|63/100
|move|p1a: Kingambit|Iron Head|p2a: brutus
|-supereffective|p2a: brutus
|-end|p2a: brutus|Substitute
|
|-weather|RainDance|[upkeep]
|-heal|p2a: brutus|69/100|[from] item: Leftovers
|upkeep
|turn|4
|
|t:|1776112366
|move|p2a: brutus|Earth Power|p1a: Kingambit
|-supereffective|p1a: Kingambit
|-damage|p1a: Kingambit|0 fnt
|faint|p1a: Kingambit
|
|-weather|RainDance|[upkeep]
|-heal|p2a: brutus|75/100|[from] item: Leftovers
|upkeep
|
|t:|1776112377
|switch|p1a: Barraskewda|Barraskewda, M, shiny|100/100
|turn|5
|
|t:|1776112381
|-terastallize|p1a: Barraskewda|Water
|-terastallize|p2a: brutus|Ghost
|move|p1a: Barraskewda|Liquidation|p2a: brutus
|-damage|p2a: brutus|0 fnt
|faint|p2a: brutus
|
|-weather|RainDance|[upkeep]
|upkeep
|
|t:|1776112386
|switch|p2a: her majesty|Ninetales-Alola, F|100/100
|-weather|Snowscape|[from] ability: Snow Warning|[of] p2a: her majesty
|turn|6
|
|t:|1776112396
|switch|p2a: great libra|Dragapult, M|100/100
|move|p1a: Barraskewda|Liquidation|p2a: great libra
|-resisted|p2a: great libra
|-damage|p2a: great libra|44/100
|
|-weather|Snowscape|[upkeep]
|upkeep
|turn|7
|c|☆Gen5OU.AntiMeta|that was dumb of me
|
|t:|1776112405
|switch|p1a: Pelipper|Pelipper, M, shiny|100/100
|-weather|RainDance|[from] ability: Drizzle|[of] p1a: Pelipper
|move|p2a: great libra|Thunder Wave|p1a: Pelipper
|-status|p1a: Pelipper|par
|
|-weather|RainDance|[upkeep]
|upkeep
|turn|8
|
|t:|1776112414
|switch|p2a: her majesty|Ninetales-Alola, F|100/100
|-weather|Snowscape|[from] ability: Snow Warning|[of] p2a: her majesty
|switch|p1a: Raging Bolt|Raging Bolt|100/100
|
|-weather|Snowscape|[upkeep]
|upkeep
|turn|9
|
|t:|1776112423
|move|p2a: her majesty|Freeze-Dry|p1a: Raging Bolt
|-supereffective|p1a: Raging Bolt
|-damage|p1a: Raging Bolt|71/100
|move|p1a: Raging Bolt|Thunder|p2a: her majesty|[miss]
|-miss|p1a: Raging Bolt|p2a: her majesty
|
|-weather|Snowscape|[upkeep]
|upkeep
|turn|10
|
|t:|1776112432
|move|p2a: her majesty|Aurora Veil|p2a: her majesty
|-sidestart|p2: Gen5OU.AntiMeta|move: Aurora Veil
|move|p1a: Raging Bolt|Thunder|p2a: her majesty
|-damage|p2a: her majesty|60/100
|-status|p2a: her majesty|par
|
|-weather|Snowscape|[upkeep]
|upkeep
|turn|11
|
|t:|1776112442
|move|p1a: Raging Bolt|Thunder|p2a: her majesty|[miss]
|-miss|p1a: Raging Bolt|p2a: her majesty
|cant|p2a: her majesty|par
|
|-weather|Snowscape|[upkeep]
|upkeep
|turn|12
|
|t:|1776112449
|move|p1a: Raging Bolt|Thunder|p2a: her majesty
|-damage|p2a: her majesty|23/100 par
|move|p2a: her majesty|Freeze-Dry|p1a: Raging Bolt
|-supereffective|p1a: Raging Bolt
|-damage|p1a: Raging Bolt|42/100
|
|-weather|none
|upkeep
|turn|13
|
|t:|1776112458
|move|p1a: Raging Bolt|Thunder|p2a: her majesty
|-damage|p2a: her majesty|0 fnt
|faint|p2a: her majesty
|
|upkeep
|
|t:|1776112461
|switch|p2a: great libra|Dragapult, M|44/100
|turn|14
|
|t:|1776112465
|move|p1a: Raging Bolt|Thunderclap|p2a: great libra
|-resisted|p2a: great libra
|-damage|p2a: great libra|30/100
|move|p2a: great libra|Dragon Darts|p1a: Raging Bolt
|-supereffective|p1a: Raging Bolt
|-damage|p1a: Raging Bolt|7/100
|-anim|p2a: great libra|Dragon Darts|p1a: Raging Bolt
|-supereffective|p1a: Raging Bolt
|-damage|p1a: Raging Bolt|0 fnt
|faint|p1a: Raging Bolt
|-end|p1a: Raging Bolt|Protosynthesis|[silent]
|
|upkeep
|
|t:|1776112479
|switch|p1a: Pelipper|Pelipper, M, shiny|100/100 par
|-weather|RainDance|[from] ability: Drizzle|[of] p1a: Pelipper
|turn|15
|
|t:|1776112485
|move|p2a: great libra|Hex|p1a: Pelipper
|-damage|p1a: Pelipper|39/100 par
|move|p1a: Pelipper|U-turn|p2a: great libra
|-resisted|p2a: great libra
|-damage|p2a: great libra|28/100
|
|t:|1776112491
|switch|p1a: Barraskewda|Barraskewda, M, shiny, tera:Water|100/100|[from] U-turn
|
|-weather|RainDance|[upkeep]
|upkeep
|turn|16
|
|t:|1776112501
|move|p1a: Barraskewda|Liquidation|p2a: great libra
|-resisted|p2a: great libra
|-damage|p2a: great libra|0 fnt
|faint|p2a: great libra
|
|-weather|RainDance|[upkeep]
|upkeep
|
|t:|1776112506
|switch|p2a: bad cop.|Necrozma, shiny|100/100
|turn|17
|
|t:|1776112510
|move|p1a: Barraskewda|Liquidation|p2a: bad cop.
|-damage|p2a: bad cop.|25/100
|move|p2a: bad cop.|Dragon Dance|p2a: bad cop.
|-boost|p2a: bad cop.|atk|1
|-boost|p2a: bad cop.|spe|1
|
|-weather|RainDance|[upkeep]
|-sideend|p2: Gen5OU.AntiMeta|move: Aurora Veil
|upkeep
|turn|18
|
|t:|1776112518
|move|p1a: Barraskewda|Liquidation|p2a: bad cop.
|-damage|p2a: bad cop.|0 fnt
|faint|p2a: bad cop.
|
|-weather|RainDance|[upkeep]
|upkeep
|
|t:|1776112520
|switch|p2a: shogun|Kingambit, M|100/100
|-activate|p2a: shogun|ability: Supreme Overlord
|-start|p2a: shogun|fallen4|[silent]
|turn|19
|
|t:|1776112529
|move|p1a: Barraskewda|Liquidation|p2a: shogun
|-damage|p2a: shogun|0 fnt
|faint|p2a: shogun
|-end|p2a: shogun|fallen4|[silent]
|
|-weather|RainDance|[upkeep]
|upkeep
|c|☆Gen5OU.AntiMeta|gg
|-message|Gen5OU.AntiMeta forfeited.
|
|win|Dragonzord6
|raw|Dragonzord6's rating: 1558 &rarr; <strong>1576</strong><br />(+18 for winning)
|raw|Gen5OU.AntiMeta's rating: 1516 &rarr; <strong>1498</strong><br />(-18 for losing)
|l|☆Gen5OU.AntiMeta
|player|p2|
|l| ohko_smeargle
|c|☆Dragonzord6|Gg
|l|☆Dragonzord6
|player|p1|
