|html|<div class="broadcast-blue"><strong>[Gen 9] OU is currently suspecting Tera Blast! For information on how to participate check out the <a href="https://www.smogon.com/tools/suspects/view/200">suspect thread</a>.</strong></div>
|j|☆Javy11
|j|☆koreanbreakfast
|t:|1776051333
|gametype|singles
|player|p1|Javy11|shadowtriad|1399
|player|p2|koreanbreakfast|wallace|1372
|gen|9
|tier|[Gen 9] OU
|rated|
|rule|HP Percentage Mod: HP is shown in percentages
|rule|Endless Battle Clause: Forcing endless battles is banned
|rule|Species Clause: Limit one of each Pokémon
|rule|OHKO Clause: OHKO moves are banned
|rule|Evasion Items Clause: Evasion items are banned
|rule|Evasion Moves Clause: Evasion moves are banned
|rule|Evasion Abilities Clause: Evasion abilities are banned
|rule|Sleep Moves Clause: Sleep-inducing moves are banned
|clearpoke
|poke|p1|Ninetales, F|
|poke|p1|Walking Wake|
|poke|p1|Great Tusk|
|poke|p1|Ceruledge, F|
|poke|p1|Venusaur, F|
|poke|p1|Raging Bolt|
|poke|p2|Primarina, M|
|poke|p2|Great Tusk|
|poke|p2|Kingambit, M|
|poke|p2|Slowking-Galar, M|
|poke|p2|Ogerpon, F|
|poke|p2|Enamorus, F|
|teampreview
|inactive|Battle timer is ON: inactive players will automatically lose when time's up. (requested by Javy11)
|
|t:|1776051360
|teamsize|p1|6
|teamsize|p2|6
|start
|switch|p1a: Walking Wake|Walking Wake|100/100
|switch|p2a: Primarina|Primarina, M, shiny|100/100
|turn|1
|
|t:|1776051364
|-end|p1a: Walking Wake|Protosynthesis|[silent]
|switch|p1a: Ninetales|Ninetales, F|100/100
|-weather|SunnyDay|[from] ability: Drought|[of] p1a: Ninetales
|move|p2a: Primarina|Moonblast|p1a: Ninetales
|-resisted|p1a: Ninetales
|-damage|p1a: Ninetales|71/100
|
|-weather|SunnyDay|[upkeep]
|upkeep
|turn|2
|
|t:|1776051375
|switch|p1a: Raging Bolt|Raging Bolt|100/100
|-activate|p1a: Raging Bolt|ability: Protosynthesis
|-start|p1a: Raging Bolt|protosynthesisspa
|move|p2a: Primarina|Psychic Noise|p1a: Raging Bolt
|-resisted|p1a: Raging Bolt
|-damage|p1a: Raging Bolt|92/100
|-start|p1a: Raging Bolt|move: Heal Block
|
|-weather|SunnyDay|[upkeep]
|upkeep
|turn|3
|
|t:|1776051383
|move|p2a: Primarina|Moonblast|p1a: Raging Bolt
|-supereffective|p1a: Raging Bolt
|-damage|p1a: Raging Bolt|0 fnt
|faint|p1a: Raging Bolt
|-end|p1a: Raging Bolt|Protosynthesis|[silent]
|
|-weather|SunnyDay|[upkeep]
|upkeep
|
|t:|1776051387
|switch|p1a: Venusaur|Venusaur, F|100/100
|turn|4
|
|t:|1776051393
|switch|p2a: Slowking|Slowking-Galar, M, shiny|100/100
|move|p1a: Venusaur|Growth|p1a: Venusaur
|-boost|p1a: Venusaur|atk|2
|-boost|p1a: Venusaur|spa|2
|
|-weather|SunnyDay|[upkeep]
|upkeep
|turn|5
|
|t:|1776051409
|-terastallize|p1a: Venusaur|Fire
|move|p1a: Venusaur|Weather Ball|p2a: Slowking
|-damage|p2a: Slowking|10/100
|move|p2a: Slowking|Psychic Noise|p1a: Venusaur
|-damage|p1a: Venusaur|67/100
|-start|p1a: Venusaur|move: Heal Block
|
|-weather|SunnyDay|[upkeep]
|upkeep
|turn|6
|inactive|koreanbreakfast has 120 seconds left.
|
|t:|1776051446
|move|p1a: Venusaur|Energy Ball|p2a: Slowking
|-resisted|p2a: Slowking
|-damage|p2a: Slowking|0 fnt
|faint|p2a: Slowking
|
|-weather|SunnyDay|[upkeep]
|-end|p1a: Venusaur|move: Heal Block
|upkeep
|inactive|koreanbreakfast has 90 seconds left.
|
|t:|1776051481
|switch|p2a: Primarina|Primarina, M, shiny|100/100
|turn|7
|
|t:|1776051486
|switch|p2a: Enamorus|Enamorus, F, shiny|100/100
|move|p1a: Venusaur|Energy Ball|p2a: Enamorus
|-resisted|p2a: Enamorus
|-damage|p2a: Enamorus|45/100
|
|-weather|SunnyDay|[upkeep]
|upkeep
|turn|8
|
|t:|1776051499
|switch|p2a: Primarina|Primarina, M, shiny|100/100
|move|p1a: Venusaur|Energy Ball|p2a: Primarina
|-supereffective|p2a: Primarina
|-damage|p2a: Primarina|0 fnt
|faint|p2a: Primarina
|
|-weather|none
|upkeep
|
|t:|1776051506
|switch|p2a: Great Tusk|Great Tusk, shiny|100/100
|turn|9
|
|t:|1776051514
|switch|p1a: Great Tusk|Great Tusk|100/100
|move|p2a: Great Tusk|Headlong Rush|p1a: Great Tusk
|-damage|p1a: Great Tusk|73/100
|-unboost|p2a: Great Tusk|def|1
|-unboost|p2a: Great Tusk|spd|1
|
|upkeep
|turn|10
|
|t:|1776051522
|-end|p2a: Great Tusk|Protosynthesis|[silent]
|switch|p2a: Enamorus|Enamorus, F, shiny|45/100
|move|p1a: Great Tusk|Knock Off|p2a: Enamorus
|-resisted|p2a: Enamorus
|-damage|p2a: Enamorus|23/100
|-enditem|p2a: Enamorus|Choice Scarf|[from] move: Knock Off|[of] p1a: Great Tusk
|
|upkeep
|turn|11
|
|t:|1776051529
|-end|p1a: Great Tusk|Protosynthesis|[silent]
|switch|p1a: Ninetales|Ninetales, F|71/100
|-weather|SunnyDay|[from] ability: Drought|[of] p1a: Ninetales
|move|p2a: Enamorus|Moonblast|p1a: Ninetales
|-resisted|p1a: Ninetales
|-damage|p1a: Ninetales|36/100
|-unboost|p1a: Ninetales|spa|1
|
|-weather|SunnyDay|[upkeep]
|upkeep
|turn|12
|
|t:|1776051534
|move|p1a: Ninetales|Memento|p2a: Enamorus
|-boost|p2a: Enamorus|atk|2
|-boost|p2a: Enamorus|spa|2
|faint|p1a: Ninetales
|move|p2a: Enamorus|Earth Power|p1: Ninetales|[notarget]
|-fail|p2a: Enamorus
|
|-weather|SunnyDay|[upkeep]
|upkeep
|
|t:|1776051537
|switch|p1a: Venusaur|Venusaur, F, tera:Fire|67/100
|turn|13
|c|☆Javy11|i forgot about contrary
|
|t:|1776051547
|move|p1a: Venusaur|Weather Ball|p2a: Enamorus
|-damage|p2a: Enamorus|0 fnt
|faint|p2a: Enamorus
|
|-weather|SunnyDay|[upkeep]
|upkeep
|c|☆koreanbreakfast|didn't matter anyways
|
|t:|1776051564
|switch|p2a: Ogerpon|Ogerpon, F|100/100
|turn|14
|c|☆Javy11|yeah but i poop my pants for a momment
|c|☆koreanbreakfast|oh shit
|c|☆koreanbreakfast|not what i meant to click
|c|☆koreanbreakfast|oh well
|
|t:|1776051587
|switch|p2a: Great Tusk|Great Tusk, shiny|100/100
|-activate|p2a: Great Tusk|ability: Protosynthesis
|-start|p2a: Great Tusk|protosynthesisatk
|move|p1a: Venusaur|Weather Ball|p2a: Great Tusk
|-damage|p2a: Great Tusk|0 fnt
|faint|p2a: Great Tusk
|-end|p2a: Great Tusk|Protosynthesis|[silent]
|
|-weather|SunnyDay|[upkeep]
|upkeep
|
|t:|1776051589
|switch|p2a: Kingambit|Kingambit, M, shiny|100/100
|-activate|p2a: Kingambit|ability: Supreme Overlord
|-start|p2a: Kingambit|fallen4|[silent]
|turn|15
|c|☆Javy11|i thought you were stalling turn
|
|t:|1776051609
|move|p2a: Kingambit|Sucker Punch|p1a: Venusaur
|-damage|p1a: Venusaur|0 fnt
|faint|p1a: Venusaur
|
|-weather|SunnyDay|[upkeep]
|upkeep
|
|t:|1776051612
|switch|p1a: Great Tusk|Great Tusk|73/100
|-activate|p1a: Great Tusk|ability: Protosynthesis
|-start|p1a: Great Tusk|protosynthesisdef
|turn|16
|
|t:|1776051621
|-terastallize|p2a: Kingambit|Ghost
|move|p1a: Great Tusk|Body Press|p2a: Kingambit
|-immune|p2a: Kingambit
|move|p2a: Kingambit|Swords Dance|p2a: Kingambit
|-boost|p2a: Kingambit|atk|2
|
|-weather|SunnyDay|[upkeep]
|upkeep
|turn|17
|
|t:|1776051629
|move|p1a: Great Tusk|Knock Off|p2a: Kingambit
|-supereffective|p2a: Kingambit
|-damage|p2a: Kingambit|61/100
|-enditem|p2a: Kingambit|Leftovers|[from] move: Knock Off|[of] p1a: Great Tusk
|move|p2a: Kingambit|Iron Head|p1a: Great Tusk
|-damage|p1a: Great Tusk|28/100
|
|-weather|SunnyDay|[upkeep]
|upkeep
|turn|18
|
|t:|1776051635
|move|p2a: Kingambit|Sucker Punch|p1a: Great Tusk
|-resisted|p1a: Great Tusk
|-damage|p1a: Great Tusk|9/100
|move|p1a: Great Tusk|Knock Off|p2a: Kingambit
|-supereffective|p2a: Kingambit
|-crit|p2a: Kingambit
|-damage|p2a: Kingambit|19/100
|
|-weather|none
|-end|p1a: Great Tusk|Protosynthesis
|upkeep
|turn|19
|
|t:|1776051639
|move|p2a: Kingambit|Sucker Punch|p1a: Great Tusk
|-resisted|p1a: Great Tusk
|-damage|p1a: Great Tusk|0 fnt
|faint|p1a: Great Tusk
|-end|p1a: Great Tusk|Protosynthesis|[silent]
|
|upkeep
|
|t:|1776051643
|switch|p1a: Walking Wake|Walking Wake|100/100
|turn|20
|
|t:|1776051646
|move|p2a: Kingambit|Sucker Punch|p1a: Walking Wake
|-damage|p1a: Walking Wake|0 fnt
|faint|p1a: Walking Wake
|-end|p1a: Walking Wake|Protosynthesis|[silent]
|
|upkeep
|
|t:|1776051648
|switch|p1a: Ceruledge|Ceruledge, F|100/100
|turn|21
|
|t:|1776051653
|move|p1a: Ceruledge|Shadow Sneak|p2a: Kingambit
|-supereffective|p2a: Kingambit
|-damage|p2a: Kingambit|0 fnt
|faint|p2a: Kingambit
|-end|p2a: Kingambit|fallen4|[silent]
|
|upkeep
|
|t:|1776051656
|switch|p2a: Ogerpon|Ogerpon, F|100/100
|turn|22
|
|t:|1776051659
|move|p2a: Ogerpon|Knock Off|p1a: Ceruledge
|-supereffective|p1a: Ceruledge
|-enditem|p1a: Ceruledge|Focus Sash
|-damage|p1a: Ceruledge|1/100
|-ability|p1a: Ceruledge|Weak Armor|boost
|-unboost|p1a: Ceruledge|def|1
|-boost|p1a: Ceruledge|spe|2
|move|p1a: Ceruledge|Bitter Blade|p2a: Ogerpon
|-supereffective|p2a: Ogerpon
|-damage|p2a: Ogerpon|0 fnt
|-heal|p1a: Ceruledge|53/100|[from] drain|[of] p2a: Ogerpon
|faint|p2a: Ogerpon
|
|win|Javy11
|raw|Javy11's rating: 1399 &rarr; <strong>1417</strong><br />(+18 for winning)
|raw|koreanbreakfast's rating: 1372 &rarr; <strong>1354</strong><br />(-18 for losing)
