|html|<div class="broadcast-blue"><strong>[Gen 9] OU is currently suspecting Tera Blast! For information on how to participate check out the <a href="https://www.smogon.com/tools/suspects/view/200">suspect thread</a>.</strong></div>
|j|☆gothmommyluvr
|j|☆lululunaa
|t:|1776076279
|gametype|singles
|player|p1|gothmommyluvr|preschooler|1100
|player|p2|lululunaa|skierf-gen4dp|1108
|gen|9
|tier|[Gen 9] OU
|rated|
|rule|HP Percentage Mod: HP is shown in percentages
|rule|Endless Battle Clause: Forcing endless battles is banned
|rule|Species Clause: Limit one of each Pokémon
|rule|OHKO Clause: OHKO moves are banned
|rule|Evasion Items Clause: Evasion items are banned
|rule|Evasion Moves Clause: Evasion moves are banned
|rule|Evasion Abilities Clause: Evasion abilities are banned
|rule|Sleep Moves Clause: Sleep-inducing moves are banned
|clearpoke
|poke|p1|Iron Leaves|
|poke|p1|Kyurem|
|poke|p1|Slowking-Galar, F|
|poke|p1|Great Tusk|
|poke|p1|Corviknight, F|
|poke|p1|Dondozo, M|
|poke|p2|Primarina, F|
|poke|p2|Dragonite, F|
|poke|p2|Pecharunt|
|poke|p2|Zamazenta-*|
|poke|p2|Corviknight, F|
|poke|p2|Ting-Lu|
|teampreview
|c|☆lululunaa|w name
|
|t:|1776076328
|teamsize|p1|6
|teamsize|p2|6
|start
|switch|p1a: Iron Leaves|Iron Leaves|100/100
|switch|p2a: Pecharunt|Pecharunt|100/100
|-enditem|p1a: Iron Leaves|Booster Energy
|-activate|p1a: Iron Leaves|ability: Quark Drive|[fromitem]
|-start|p1a: Iron Leaves|quarkdrivespe
|turn|1
|inactive|Battle timer is ON: inactive players will automatically lose when time's up. (requested by lululunaa)
|
|t:|1776076341
|-end|p1a: Iron Leaves|Quark Drive|[silent]
|switch|p1a: Corviknight|Corviknight, F|100/100
|-ability|p1a: Corviknight|Pressure
|switch|p2a: Ting-Lu|Ting-Lu, shiny|100/100
|-ability|p2a: Ting-Lu|Vessel of Ruin
|
|upkeep
|turn|2
|
|t:|1776076355
|move|p1a: Corviknight|Iron Defense|p1a: Corviknight
|-boost|p1a: Corviknight|def|2
|move|p2a: Ting-Lu|Stealth Rock|p1a: Corviknight
|-sidestart|p1: gothmommyluvr|move: Stealth Rock
|
|upkeep
|turn|3
|
|t:|1776076366
|move|p1a: Corviknight|U-turn|p2a: Ting-Lu
|-supereffective|p2a: Ting-Lu
|-damage|p2a: Ting-Lu|85/100
|
|t:|1776076370
|switch|p1a: Iron Leaves|Iron Leaves|100/100|[from] U-turn
|-damage|p1a: Iron Leaves|88/100|[from] Stealth Rock
|move|p2a: Ting-Lu|Whirlwind|p1a: Iron Leaves
|-end|p1a: Iron Leaves|Quark Drive|[silent]
|drag|p1a: Slowking|Slowking-Galar, F, shiny|100/100
|-damage|p1a: Slowking|88/100|[from] Stealth Rock
|
|-heal|p2a: Ting-Lu|92/100|[from] item: Leftovers
|-heal|p1a: Slowking|94/100|[from] item: Leftovers
|upkeep
|turn|4
|
|t:|1776076385
|switch|p1a: Corviknight|Corviknight, F|100/100
|-damage|p1a: Corviknight|88/100|[from] Stealth Rock
|-ability|p1a: Corviknight|Pressure
|move|p2a: Ting-Lu|Ruination|p1a: Corviknight
|-damage|p1a: Corviknight|44/100
|
|-heal|p2a: Ting-Lu|98/100|[from] item: Leftovers
|upkeep
|turn|5
|
|t:|1776076395
|move|p1a: Corviknight|Body Press|p2a: Ting-Lu
|-supereffective|p2a: Ting-Lu
|-damage|p2a: Ting-Lu|74/100
|move|p2a: Ting-Lu|Whirlwind|p1a: Corviknight
|drag|p1a: Iron Leaves|Iron Leaves|88/100
|-damage|p1a: Iron Leaves|76/100|[from] Stealth Rock
|
|-heal|p2a: Ting-Lu|81/100|[from] item: Leftovers
|upkeep
|turn|6
|
|t:|1776076415
|move|p1a: Iron Leaves|Close Combat|p2a: Ting-Lu
|-supereffective|p2a: Ting-Lu
|-damage|p2a: Ting-Lu|41/100
|-unboost|p1a: Iron Leaves|def|1
|-unboost|p1a: Iron Leaves|spd|1
|move|p2a: Ting-Lu|Whirlwind|p1a: Iron Leaves
|-end|p1a: Iron Leaves|Quark Drive|[silent]
|drag|p1a: Corviknight|Corviknight, F|44/100
|-damage|p1a: Corviknight|32/100|[from] Stealth Rock
|-ability|p1a: Corviknight|Pressure
|
|-heal|p2a: Ting-Lu|47/100|[from] item: Leftovers
|upkeep
|turn|7
|
|t:|1776076429
|move|p1a: Corviknight|Body Press|p2a: Ting-Lu
|-supereffective|p2a: Ting-Lu
|-damage|p2a: Ting-Lu|26/100
|move|p2a: Ting-Lu|Ruination|p1a: Corviknight
|-damage|p1a: Corviknight|16/100
|
|-heal|p2a: Ting-Lu|32/100|[from] item: Leftovers
|upkeep
|turn|8
|
|t:|1776076439
|move|p1a: Corviknight|Roost|p1a: Corviknight
|-heal|p1a: Corviknight|66/100
|-singleturn|p1a: Corviknight|move: Roost
|move|p2a: Ting-Lu|Whirlwind|p1a: Corviknight
|drag|p1a: Great Tusk|Great Tusk|100/100
|-damage|p1a: Great Tusk|98/100|[from] Stealth Rock
|-enditem|p1a: Great Tusk|Booster Energy
|-activate|p1a: Great Tusk|ability: Protosynthesis|[fromitem]
|-start|p1a: Great Tusk|protosynthesisatk
|
|-heal|p2a: Ting-Lu|38/100|[from] item: Leftovers
|upkeep
|turn|9
|
|t:|1776076460
|switch|p2a: Pecharunt|Pecharunt|100/100
|move|p1a: Great Tusk|Knock Off|p2a: Pecharunt
|-supereffective|p2a: Pecharunt
|-damage|p2a: Pecharunt|34/100
|-enditem|p2a: Pecharunt|Heavy-Duty Boots|[from] move: Knock Off|[of] p1a: Great Tusk
|
|upkeep
|turn|10
|
|t:|1776076474
|-end|p1a: Great Tusk|Protosynthesis|[silent]
|switch|p1a: Corviknight|Corviknight, F|66/100
|-damage|p1a: Corviknight|54/100|[from] Stealth Rock
|-ability|p1a: Corviknight|Pressure
|move|p2a: Pecharunt|Shadow Ball|p1a: Corviknight
|-damage|p1a: Corviknight|35/100
|
|upkeep
|turn|11
|
|t:|1776076483
|move|p2a: Pecharunt|Recover|p2a: Pecharunt
|-heal|p2a: Pecharunt|84/100
|move|p1a: Corviknight|Roost|p1a: Corviknight
|-heal|p1a: Corviknight|85/100
|-singleturn|p1a: Corviknight|move: Roost
|
|upkeep
|turn|12
|
|t:|1776076491
|move|p2a: Pecharunt|Nasty Plot|p2a: Pecharunt
|-boost|p2a: Pecharunt|spa|2
|move|p1a: Corviknight|U-turn|p2a: Pecharunt
|-resisted|p2a: Pecharunt
|-damage|p2a: Pecharunt|82/100
|
|t:|1776076499
|switch|p1a: Great Tusk|Great Tusk|98/100|[from] U-turn
|-damage|p1a: Great Tusk|95/100|[from] Stealth Rock
|
|upkeep
|turn|13
|
|t:|1776076513
|move|p2a: Pecharunt|Shadow Ball|p1a: Great Tusk
|-damage|p1a: Great Tusk|6/100
|move|p1a: Great Tusk|Headlong Rush|p2a: Pecharunt
|-supereffective|p2a: Pecharunt
|-damage|p2a: Pecharunt|0 fnt
|-unboost|p1a: Great Tusk|def|1
|-unboost|p1a: Great Tusk|spd|1
|faint|p2a: Pecharunt
|
|upkeep
|
|t:|1776076526
|switch|p2a: Zamazenta|Zamazenta, shiny|100/100
|-ability|p2a: Zamazenta|Dauntless Shield|boost
|-boost|p2a: Zamazenta|def|1
|turn|14
|
|t:|1776076533
|move|p2a: Zamazenta|Crunch|p1a: Great Tusk
|-resisted|p1a: Great Tusk
|-damage|p1a: Great Tusk|0 fnt
|faint|p1a: Great Tusk
|-end|p1a: Great Tusk|Protosynthesis|[silent]
|
|upkeep
|
|t:|1776076546
|switch|p1a: Dondozo|Dondozo, M|100/100
|-damage|p1a: Dondozo|88/100|[from] Stealth Rock
|turn|15
|
|t:|1776076555
|move|p2a: Zamazenta|Iron Defense|p2a: Zamazenta
|-boost|p2a: Zamazenta|def|2
|move|p1a: Dondozo|Curse|p1a: Dondozo
|-unboost|p1a: Dondozo|spe|1
|-boost|p1a: Dondozo|atk|1
|-boost|p1a: Dondozo|def|1
|
|-heal|p1a: Dondozo|94/100|[from] item: Leftovers
|upkeep
|turn|16
|
|t:|1776076580
|move|p2a: Zamazenta|Iron Defense|p2a: Zamazenta
|-boost|p2a: Zamazenta|def|2
|move|p1a: Dondozo|Curse|p1a: Dondozo
|-unboost|p1a: Dondozo|spe|1
|-boost|p1a: Dondozo|atk|1
|-boost|p1a: Dondozo|def|1
|
|-heal|p1a: Dondozo|99/100|[from] item: Leftovers
|upkeep
|turn|17
|inactive|gothmommyluvr has 120 seconds left.
|
|t:|1776076600
|move|p2a: Zamazenta|Body Press|p1a: Dondozo
|-damage|p1a: Dondozo|88/100
|move|p1a: Dondozo|Curse|p1a: Dondozo
|-unboost|p1a: Dondozo|spe|1
|-boost|p1a: Dondozo|atk|1
|-boost|p1a: Dondozo|def|1
|
|-heal|p1a: Dondozo|94/100|[from] item: Leftovers
|upkeep
|turn|18
|
|t:|1776076618
|switch|p2a: Ting-Lu|Ting-Lu, shiny|38/100
|-ability|p2a: Ting-Lu|Vessel of Ruin
|move|p1a: Dondozo|Curse|p1a: Dondozo
|-unboost|p1a: Dondozo|spe|1
|-boost|p1a: Dondozo|atk|1
|-boost|p1a: Dondozo|def|1
|
|-heal|p2a: Ting-Lu|44/100|[from] item: Leftovers
|-heal|p1a: Dondozo|99/100|[from] item: Leftovers
|upkeep
|turn|19
|
|t:|1776076629
|move|p1a: Dondozo|Liquidation|p2a: Ting-Lu
|-supereffective|p2a: Ting-Lu
|-damage|p2a: Ting-Lu|0 fnt
|faint|p2a: Ting-Lu
|
|-heal|p1a: Dondozo|100/100|[from] item: Leftovers
|upkeep
|inactive|lululunaa has 120 seconds left.
|
|t:|1776076644
|switch|p2a: Primarina|Primarina, F, shiny|100/100
|turn|20
|
|t:|1776076653
|move|p2a: Primarina|Perish Song|p2a: Primarina
|-start|p1a: Dondozo|perish3|[silent]
|-start|p2a: Primarina|perish3|[silent]
|-fieldactivate|move: Perish Song
|move|p1a: Dondozo|Curse|p1a: Dondozo
|-unboost|p1a: Dondozo|spe|1
|-boost|p1a: Dondozo|atk|1
|-boost|p1a: Dondozo|def|1
|
|-start|p2a: Primarina|perish3
|-start|p1a: Dondozo|perish3
|upkeep
|turn|21
|
|t:|1776076663
|move|p2a: Primarina|Whirlpool|p1a: Dondozo
|-resisted|p1a: Dondozo
|-damage|p1a: Dondozo|96/100
|-activate|p1a: Dondozo|move: Whirlpool|[of] p2a: Primarina
|move|p1a: Dondozo|Liquidation|p2a: Primarina
|-resisted|p2a: Primarina
|-damage|p2a: Primarina|55/100
|
|-heal|p2a: Primarina|61/100|[from] item: Leftovers
|-heal|p1a: Dondozo|100/100|[from] item: Leftovers
|-damage|p1a: Dondozo|88/100|[from] move: Whirlpool|[partiallytrapped]
|-start|p2a: Primarina|perish2
|-start|p1a: Dondozo|perish2
|upkeep
|turn|22
|inactive|lululunaa has 120 seconds left.
|
|t:|1776076683
|move|p2a: Primarina|Protect|p2a: Primarina
|-singleturn|p2a: Primarina|Protect
|move|p1a: Dondozo|Liquidation|p2a: Primarina
|-activate|p2a: Primarina|move: Protect
|
|-heal|p2a: Primarina|67/100|[from] item: Leftovers
|-heal|p1a: Dondozo|94/100|[from] item: Leftovers
|-damage|p1a: Dondozo|82/100|[from] move: Whirlpool|[partiallytrapped]
|-start|p2a: Primarina|perish1
|-start|p1a: Dondozo|perish1
|upkeep
|turn|23
|inactive|lululunaa has 120 seconds left.
|
|t:|1776076702
|switch|p2a: Zamazenta|Zamazenta, shiny|100/100
|move|p1a: Dondozo|Liquidation|p2a: Zamazenta
|-damage|p2a: Zamazenta|23/100
|
|-heal|p1a: Dondozo|88/100|[from] item: Leftovers
|-end|p1a: Dondozo|Whirlpool|[partiallytrapped]|[silent]
|-start|p1a: Dondozo|perish0
|upkeep
|faint|p1a: Dondozo
|
|t:|1776076718
|switch|p1a: Iron Leaves|Iron Leaves|76/100
|-damage|p1a: Iron Leaves|63/100|[from] Stealth Rock
|turn|24
|
|t:|1776076724
|move|p2a: Zamazenta|Crunch|p1a: Iron Leaves
|-supereffective|p1a: Iron Leaves
|-damage|p1a: Iron Leaves|16/100
|-unboost|p1a: Iron Leaves|def|1
|move|p1a: Iron Leaves|Substitute|p1a: Iron Leaves
|-fail|p1a: Iron Leaves|move: Substitute|[weak]
|
|upkeep
|turn|25
|
|t:|1776076739
|move|p2a: Zamazenta|Crunch|p1a: Iron Leaves
|-supereffective|p1a: Iron Leaves
|-damage|p1a: Iron Leaves|0 fnt
|faint|p1a: Iron Leaves
|-end|p1a: Iron Leaves|Quark Drive|[silent]
|
|upkeep
|
|t:|1776076747
|switch|p1a: Corviknight|Corviknight, F|85/100
|-damage|p1a: Corviknight|73/100|[from] Stealth Rock
|-ability|p1a: Corviknight|Pressure
|turn|26
|
|t:|1776076757
|-terastallize|p1a: Corviknight|Fighting
|move|p2a: Zamazenta|Rest|p2a: Zamazenta
|-status|p2a: Zamazenta|slp|[from] move: Rest
|-heal|p2a: Zamazenta|100/100 slp|[silent]
|-enditem|p2a: Zamazenta|Chesto Berry|[eat]
|-curestatus|p2a: Zamazenta|slp|[msg]
|move|p1a: Corviknight|Body Press|p2a: Zamazenta
|-damage|p2a: Zamazenta|81/100
|
|upkeep
|turn|27
|
|t:|1776076769
|move|p2a: Zamazenta|Iron Defense|p2a: Zamazenta
|-boost|p2a: Zamazenta|def|2
|move|p1a: Corviknight|Iron Defense|p1a: Corviknight
|-boost|p1a: Corviknight|def|2
|
|upkeep
|turn|28
|
|t:|1776076775
|move|p2a: Zamazenta|Iron Defense|p2a: Zamazenta
|-boost|p2a: Zamazenta|def|2
|move|p1a: Corviknight|Iron Defense|p1a: Corviknight
|-boost|p1a: Corviknight|def|2
|
|upkeep
|turn|29
|
|t:|1776076781
|move|p2a: Zamazenta|Iron Defense|p2a: Zamazenta
|-boost|p2a: Zamazenta|def|2
|move|p1a: Corviknight|Iron Defense|p1a: Corviknight
|-boost|p1a: Corviknight|def|2
|
|upkeep
|turn|30
|
|t:|1776076788
|move|p2a: Zamazenta|Body Press|p1a: Corviknight
|-damage|p1a: Corviknight|44/100
|-damage|p2a: Zamazenta|64/100|[from] item: Rocky Helmet|[of] p1a: Corviknight
|move|p1a: Corviknight|Roost|p1a: Corviknight
|-heal|p1a: Corviknight|94/100
|
|upkeep
|turn|31
|
|t:|1776076796
|move|p2a: Zamazenta|Body Press|p1a: Corviknight
|-damage|p1a: Corviknight|63/100
|-damage|p2a: Zamazenta|48/100|[from] item: Rocky Helmet|[of] p1a: Corviknight
|move|p1a: Corviknight|Roost|p1a: Corviknight
|-heal|p1a: Corviknight|100/100
|
|upkeep
|turn|32
|
|t:|1776076804
|move|p2a: Zamazenta|Body Press|p1a: Corviknight
|-crit|p1a: Corviknight
|-damage|p1a: Corviknight|0 fnt
|-damage|p2a: Zamazenta|31/100|[from] item: Rocky Helmet|[of] p1a: Corviknight
|faint|p1a: Corviknight
|
|upkeep
|
|t:|1776076813
|switch|p1a: Slowking|Slowking-Galar, F, shiny|100/100
|-damage|p1a: Slowking|88/100|[from] Stealth Rock
|turn|33
|
|t:|1776076822
|move|p2a: Zamazenta|Crunch|p1a: Slowking
|-supereffective|p1a: Slowking
|-damage|p1a: Slowking|46/100
|move|p1a: Slowking|Future Sight|p2a: Zamazenta
|-start|p1a: Slowking|move: Future Sight
|
|-heal|p1a: Slowking|52/100|[from] item: Leftovers
|upkeep
|turn|34
|
|t:|1776076830
|move|p2a: Zamazenta|Crunch|p1a: Slowking
|-supereffective|p1a: Slowking
|-damage|p1a: Slowking|5/100
|-unboost|p1a: Slowking|def|1
|move|p1a: Slowking|Thunder Wave|p2a: Zamazenta
|-status|p2a: Zamazenta|par
|
|-heal|p1a: Slowking|11/100|[from] item: Leftovers
|upkeep
|turn|35
|
|t:|1776076840
|move|p2a: Zamazenta|Rest|p2a: Zamazenta
|-status|p2a: Zamazenta|slp|[from] move: Rest
|-heal|p2a: Zamazenta|100/100 slp|[silent]
|-prepare|p1a: Slowking|Chilly Reception|[premajor]
|move|p1a: Slowking|Chilly Reception|p1a: Slowking
|-weather|Snowscape
|
|t:|1776076847
|switch|p1a: Kyurem|Kyurem, shiny|100/100|[from] Chilly Reception
|-damage|p1a: Kyurem|76/100|[from] Stealth Rock
|-ability|p1a: Kyurem|Pressure
|
|-weather|Snowscape|[upkeep]
|-end|p2a: Zamazenta|move: Future Sight
|-supereffective|p2a: Zamazenta
|-damage|p2a: Zamazenta|17/100 slp
|upkeep
|turn|36
|
|t:|1776076860
|switch|p2a: Primarina|Primarina, F, shiny|67/100
|move|p1a: Kyurem|Blizzard|p2a: Primarina
|-resisted|p2a: Primarina
|-damage|p2a: Primarina|34/100
|
|-weather|Snowscape|[upkeep]
|-heal|p2a: Primarina|40/100|[from] item: Leftovers
|upkeep
|turn|37
|
|t:|1776076873
|move|p1a: Kyurem|Blizzard|p2a: Primarina
|-resisted|p2a: Primarina
|-damage|p2a: Primarina|6/100
|move|p2a: Primarina|Moonblast|p1a: Kyurem
|-supereffective|p1a: Kyurem
|-damage|p1a: Kyurem|0 fnt
|faint|p1a: Kyurem
|
|-weather|Snowscape|[upkeep]
|-heal|p2a: Primarina|12/100|[from] item: Leftovers
|upkeep
|
|t:|1776076882
|switch|p1a: Slowking|Slowking-Galar, F, shiny|45/100
|-damage|p1a: Slowking|32/100|[from] Stealth Rock
|turn|38
|
|t:|1776076887
|move|p2a: Primarina|Perish Song|p2a: Primarina
|-start|p1a: Slowking|perish3|[silent]
|-start|p2a: Primarina|perish3|[silent]
|-fieldactivate|move: Perish Song
|move|p1a: Slowking|Flamethrower|p2a: Primarina
|-resisted|p2a: Primarina
|-damage|p2a: Primarina|4/100
|
|-weather|Snowscape|[upkeep]
|-heal|p2a: Primarina|10/100|[from] item: Leftovers
|-heal|p1a: Slowking|38/100|[from] item: Leftovers
|-start|p2a: Primarina|perish3
|-start|p1a: Slowking|perish3
|upkeep
|turn|39
|-message|gothmommyluvr forfeited.
|
|win|lululunaa
|raw|gothmommyluvr's rating: 1100 &rarr; <strong>1076</strong><br />(-24 for losing)
|raw|lululunaa's rating: 1108 &rarr; <strong>1132</strong><br />(+24 for winning)
|l|☆gothmommyluvr
|player|p1|
|l|☆lululunaa
|player|p2|
|j|☆lululunaa
|player|p2|lululunaa|skierf-gen4dp|
