|html|<div class="broadcast-blue"><strong>[Gen 9] OU is currently suspecting Tera Blast! For information on how to participate check out the <a href="https://www.smogon.com/tools/suspects/view/200">suspect thread</a>.</strong></div>
|j|☆Jawbre4kr
|j|☆TeukuMiyama
|t:|1776173520
|gametype|singles
|player|p1|Jawbre4kr|flint|1580
|player|p2|TeukuMiyama|266|1663
|gen|9
|tier|[Gen 9] OU
|rated|
|rule|HP Percentage Mod: HP is shown in percentages
|rule|Endless Battle Clause: Forcing endless battles is banned
|rule|Species Clause: Limit one of each Pokémon
|rule|OHKO Clause: OHKO moves are banned
|rule|Evasion Items Clause: Evasion items are banned
|rule|Evasion Moves Clause: Evasion moves are banned
|rule|Evasion Abilities Clause: Evasion abilities are banned
|rule|Sleep Moves Clause: Sleep-inducing moves are banned
|clearpoke
|poke|p1|Skeledirge, M|
|poke|p1|Ogerpon-Wellspring, F|
|poke|p1|Dragapult, M|
|poke|p1|Weezing-Galar, F|
|poke|p1|Ting-Lu|
|poke|p1|Corviknight, F|
|poke|p2|Dragapult, F|
|poke|p2|Kingambit, M|
|poke|p2|Corviknight, F|
|poke|p2|Great Tusk|
|poke|p2|Pecharunt|
|poke|p2|Alomomola, F|
|teampreview
|inactive|Battle timer is ON: inactive players will automatically lose when time's up. (requested by Jawbre4kr)
|
|t:|1776173547
|teamsize|p1|6
|teamsize|p2|6
|start
|switch|p1a: Ogerpon|Ogerpon-Wellspring, F|100/100
|switch|p2a: Dragapult|Dragapult, F|100/100
|turn|1
|
|t:|1776173557
|switch|p1a: Ting-Lu|Ting-Lu, shiny|100/100
|-ability|p1a: Ting-Lu|Vessel of Ruin
|move|p2a: Dragapult|U-turn|p1a: Ting-Lu
|-supereffective|p1a: Ting-Lu
|-damage|p1a: Ting-Lu|63/100
|
|t:|1776173570
|switch|p2a: Great Tusk|Great Tusk|100/100|[from] U-turn
|
|-heal|p1a: Ting-Lu|69/100|[from] item: Leftovers
|upkeep
|turn|2
|
|t:|1776173578
|switch|p1a: Ogerpon|Ogerpon-Wellspring, F|100/100
|move|p2a: Great Tusk|Stealth Rock|p1a: Ogerpon
|-sidestart|p1: Jawbre4kr|move: Stealth Rock
|
|upkeep
|turn|3
|
|t:|1776173584
|-end|p2a: Great Tusk|Protosynthesis|[silent]
|switch|p2a: Pecharunt|Pecharunt|100/100
|move|p1a: Ogerpon|Knock Off|p2a: Pecharunt
|-supereffective|p2a: Pecharunt
|-damage|p2a: Pecharunt|68/100
|-enditem|p2a: Pecharunt|Heavy-Duty Boots|[from] move: Knock Off|[of] p1a: Ogerpon
|
|upkeep
|turn|4
|
|t:|1776173600
|switch|p1a: Corviknight|Corviknight, F|100/100
|-damage|p1a: Corviknight|88/100|[from] Stealth Rock
|-ability|p1a: Corviknight|Pressure
|move|p2a: Pecharunt|Malignant Chain|p1a: Corviknight
|-immune|p1a: Corviknight
|
|upkeep
|turn|5
|
|t:|1776173610
|move|p2a: Pecharunt|Parting Shot|p1a: Corviknight
|-unboost|p1a: Corviknight|atk|1
|-unboost|p1a: Corviknight|spa|1
|
|t:|1776173612
|switch|p2a: Dragapult|Dragapult, F|100/100|[from] Parting Shot
|move|p1a: Corviknight|U-turn|p2a: Dragapult
|-resisted|p2a: Dragapult
|-damage|p2a: Dragapult|94/100
|
|t:|1776173631
|switch|p1a: Dragapult|Dragapult, M|100/100|[from] U-turn
|-damage|p1a: Dragapult|88/100|[from] Stealth Rock
|
|upkeep
|turn|6
|
|t:|1776173637
|switch|p2a: Alomomola|Alomomola, F|100/100
|move|p1a: Dragapult|Shadow Ball|p2a: Alomomola
|-damage|p2a: Alomomola|74/100
|
|upkeep
|turn|7
|
|t:|1776173650
|switch|p1a: Ogerpon|Ogerpon-Wellspring, F|100/100
|-damage|p1a: Ogerpon|88/100|[from] Stealth Rock
|switch|p2a: Corviknight|Corviknight, F|100/100
|-ability|p2a: Corviknight|Pressure
|
|upkeep
|turn|8
|
|t:|1776173659
|move|p1a: Ogerpon|Knock Off|p2a: Corviknight
|-damage|p2a: Corviknight|79/100
|-damage|p1a: Ogerpon|72/100|[from] item: Rocky Helmet|[of] p2a: Corviknight
|-enditem|p2a: Corviknight|Rocky Helmet|[from] move: Knock Off|[of] p1a: Ogerpon
|move|p2a: Corviknight|U-turn|p1a: Ogerpon
|-supereffective|p1a: Ogerpon
|-damage|p1a: Ogerpon|40/100
|
|t:|1776173662
|switch|p2a: Dragapult|Dragapult, F|94/100|[from] U-turn
|
|upkeep
|turn|9
|
|t:|1776173670
|switch|p1a: Corviknight|Corviknight, F|88/100
|-damage|p1a: Corviknight|75/100|[from] Stealth Rock
|-ability|p1a: Corviknight|Pressure
|move|p2a: Dragapult|U-turn|p1a: Corviknight
|-resisted|p1a: Corviknight
|-damage|p1a: Corviknight|71/100
|-damage|p2a: Dragapult|77/100|[from] item: Rocky Helmet|[of] p1a: Corviknight
|
|t:|1776173675
|switch|p2a: Pecharunt|Pecharunt|68/100|[from] U-turn
|
|upkeep
|turn|10
|
|t:|1776173684
|move|p2a: Pecharunt|Shadow Ball|p1a: Corviknight
|-damage|p1a: Corviknight|44/100
|-unboost|p1a: Corviknight|spd|1
|move|p1a: Corviknight|Roost|p1a: Corviknight
|-heal|p1a: Corviknight|94/100
|-singleturn|p1a: Corviknight|move: Roost
|
|upkeep
|turn|11
|
|t:|1776173697
|switch|p1a: Ting-Lu|Ting-Lu, shiny|69/100
|-damage|p1a: Ting-Lu|63/100|[from] Stealth Rock
|-ability|p1a: Ting-Lu|Vessel of Ruin
|move|p2a: Pecharunt|Shadow Ball|p1a: Ting-Lu
|-resisted|p1a: Ting-Lu
|-damage|p1a: Ting-Lu|57/100
|
|-heal|p1a: Ting-Lu|64/100|[from] item: Leftovers
|upkeep
|turn|12
|
|t:|1776173710
|move|p2a: Pecharunt|Malignant Chain|p1a: Ting-Lu
|-resisted|p1a: Ting-Lu
|-damage|p1a: Ting-Lu|58/100
|-status|p1a: Ting-Lu|tox
|-start|p1a: Ting-Lu|confusion|[from] ability: Poison Puppeteer|[of] p2a: Pecharunt
|-activate|p1a: Ting-Lu|confusion
|move|p1a: Ting-Lu|Stealth Rock|p2a: Pecharunt
|-sidestart|p2: TeukuMiyama|move: Stealth Rock
|
|-heal|p1a: Ting-Lu|64/100 tox|[from] item: Leftovers
|-damage|p1a: Ting-Lu|58/100 tox|[from] psn
|upkeep
|turn|13
|
|t:|1776173724
|move|p2a: Pecharunt|Recover|p2a: Pecharunt
|-heal|p2a: Pecharunt|100/100
|-end|p1a: Ting-Lu|confusion
|move|p1a: Ting-Lu|Rest|p1a: Ting-Lu
|-status|p1a: Ting-Lu|slp|[from] move: Rest
|-heal|p1a: Ting-Lu|100/100 slp|[silent]
|
|upkeep
|turn|14
|
|t:|1776173735
|move|p2a: Pecharunt|Parting Shot|p1a: Ting-Lu
|-unboost|p1a: Ting-Lu|atk|1
|-unboost|p1a: Ting-Lu|spa|1
|
|t:|1776173737
|switch|p2a: Great Tusk|Great Tusk|100/100|[from] Parting Shot
|cant|p1a: Ting-Lu|slp
|
|upkeep
|turn|15
|
|t:|1776173749
|switch|p1a: Dragapult|Dragapult, M|88/100
|-damage|p1a: Dragapult|76/100|[from] Stealth Rock
|move|p2a: Great Tusk|Rapid Spin|p1a: Dragapult
|-immune|p1a: Dragapult
|
|upkeep
|turn|16
|
|t:|1776173765
|-end|p2a: Great Tusk|Protosynthesis|[silent]
|switch|p2a: Alomomola|Alomomola, F|100/100
|-damage|p2a: Alomomola|88/100|[from] Stealth Rock
|move|p1a: Dragapult|Draco Meteor|p2a: Alomomola
|-damage|p2a: Alomomola|49/100
|-unboost|p1a: Dragapult|spa|2
|
|upkeep
|turn|17
|
|t:|1776173774
|switch|p1a: Ogerpon|Ogerpon-Wellspring, F|40/100
|-damage|p1a: Ogerpon|27/100|[from] Stealth Rock
|move|p2a: Alomomola|Play Rough|p1a: Ogerpon
|-damage|p1a: Ogerpon|9/100
|-unboost|p1a: Ogerpon|atk|1
|
|upkeep
|turn|18
|
|t:|1776173783
|switch|p2a: Corviknight|Corviknight, F|79/100
|-damage|p2a: Corviknight|67/100|[from] Stealth Rock
|-ability|p2a: Corviknight|Pressure
|move|p1a: Ogerpon|Synthesis|p1a: Ogerpon
|-heal|p1a: Ogerpon|59/100
|
|upkeep
|turn|19
|
|t:|1776173797
|move|p1a: Ogerpon|Spikes|p2a: Corviknight
|-sidestart|p2: TeukuMiyama|Spikes
|move|p2a: Corviknight|U-turn|p1a: Ogerpon
|-supereffective|p1a: Ogerpon
|-damage|p1a: Ogerpon|27/100
|
|t:|1776173815
|switch|p2a: Great Tusk|Great Tusk|100/100|[from] U-turn
|
|upkeep
|turn|20
|
|t:|1776173825
|switch|p1a: Corviknight|Corviknight, F|94/100
|-damage|p1a: Corviknight|82/100|[from] Stealth Rock
|-ability|p1a: Corviknight|Pressure
|move|p2a: Great Tusk|Headlong Rush|p1a: Corviknight
|-immune|p1a: Corviknight
|
|upkeep
|turn|21
|
|t:|1776173834
|switch|p1a: Dragapult|Dragapult, M|76/100
|-damage|p1a: Dragapult|64/100|[from] Stealth Rock
|move|p2a: Great Tusk|Rapid Spin|p1a: Dragapult
|-immune|p1a: Dragapult
|
|upkeep
|turn|22
|
|t:|1776173847
|-end|p2a: Great Tusk|Protosynthesis|[silent]
|switch|p2a: Kingambit|Kingambit, M|100/100
|-damage|p2a: Kingambit|94/100|[from] Stealth Rock
|-damage|p2a: Kingambit|82/100|[from] Spikes
|move|p1a: Dragapult|U-turn|p2a: Kingambit
|-damage|p2a: Kingambit|67/100
|
|t:|1776173859
|switch|p1a: Weezing|Weezing-Galar, F|100/100|[from] U-turn
|-ability|p1a: Weezing|Neutralizing Gas
|
|-heal|p2a: Kingambit|74/100|[from] item: Leftovers
|upkeep
|turn|23
|
|t:|1776173867
|-end|p2a: Kingambit|fallenundefined|[silent]
|switch|p2a: Corviknight|Corviknight, F|67/100
|-damage|p2a: Corviknight|55/100|[from] Stealth Rock
|move|p1a: Weezing|Will-O-Wisp|p2a: Corviknight
|-status|p2a: Corviknight|brn
|
|-damage|p2a: Corviknight|49/100 brn|[from] brn
|upkeep
|turn|24
|
|t:|1776173878
|-end|p1a: Weezing|ability: Neutralizing Gas
|-ability|p2a: Corviknight|Pressure
|switch|p1a: Ogerpon|Ogerpon-Wellspring, F|27/100
|-damage|p1a: Ogerpon|15/100|[from] Stealth Rock
|move|p2a: Corviknight|Defog|p1a: Ogerpon
|-unboost|p1a: Ogerpon|evasion|1
|-sideend|p1: Jawbre4kr|Stealth Rock|[from] move: Defog|[of] p2a: Corviknight
|-sideend|p2: TeukuMiyama|Spikes|[from] move: Defog|[of] p2a: Corviknight
|-sideend|p2: TeukuMiyama|Stealth Rock|[from] move: Defog|[of] p2a: Corviknight
|
|-damage|p2a: Corviknight|43/100 brn|[from] brn
|upkeep
|turn|25
|
|t:|1776173896
|move|p1a: Ogerpon|Ivy Cudgel|p2a: Corviknight|[anim] Ivy Cudgel Water
|-damage|p2a: Corviknight|9/100 brn
|move|p2a: Corviknight|Roost|p2a: Corviknight
|-heal|p2a: Corviknight|59/100 brn
|-singleturn|p2a: Corviknight|move: Roost
|
|-damage|p2a: Corviknight|53/100 brn|[from] brn
|upkeep
|turn|26
|
|t:|1776173906
|move|p1a: Ogerpon|Synthesis|p1a: Ogerpon
|-heal|p1a: Ogerpon|65/100
|move|p2a: Corviknight|Roost|p2a: Corviknight
|-heal|p2a: Corviknight|100/100 brn
|-singleturn|p2a: Corviknight|move: Roost
|
|-damage|p2a: Corviknight|94/100 brn|[from] brn
|upkeep
|turn|27
|
|t:|1776173917
|switch|p1a: Corviknight|Corviknight, F|82/100
|-ability|p1a: Corviknight|Pressure
|move|p2a: Corviknight|U-turn|p1a: Corviknight
|-resisted|p1a: Corviknight
|-crit|p1a: Corviknight
|-damage|p1a: Corviknight|80/100
|-damage|p2a: Corviknight|78/100 brn|[from] item: Rocky Helmet|[of] p1a: Corviknight
|
|t:|1776173920
|switch|p2a: Dragapult|Dragapult, F|77/100|[from] U-turn
|
|upkeep
|turn|28
|
|t:|1776173933
|move|p2a: Dragapult|U-turn|p1a: Corviknight
|-resisted|p1a: Corviknight
|-damage|p1a: Corviknight|75/100
|-damage|p2a: Dragapult|61/100|[from] item: Rocky Helmet|[of] p1a: Corviknight
|
|t:|1776173936
|switch|p2a: Pecharunt|Pecharunt|100/100|[from] U-turn
|move|p1a: Corviknight|Roost|p1a: Corviknight
|-heal|p1a: Corviknight|100/100
|-singleturn|p1a: Corviknight|move: Roost
|
|upkeep
|turn|29
|
|t:|1776173945
|move|p2a: Pecharunt|Shadow Ball|p1a: Corviknight
|-damage|p1a: Corviknight|78/100
|move|p1a: Corviknight|U-turn|p2a: Pecharunt
|-resisted|p2a: Pecharunt
|-damage|p2a: Pecharunt|99/100
|
|t:|1776173965
|switch|p1a: Weezing|Weezing-Galar, F|100/100|[from] U-turn
|-ability|p1a: Weezing|Neutralizing Gas
|
|upkeep
|turn|30
|
|t:|1776173973
|move|p2a: Pecharunt|Shadow Ball|p1a: Weezing
|-damage|p1a: Weezing|65/100
|-unboost|p1a: Weezing|spd|1
|move|p1a: Weezing|Will-O-Wisp|p2a: Pecharunt|[miss]
|-miss|p1a: Weezing|p2a: Pecharunt
|
|upkeep
|turn|31
|
|t:|1776173982
|-end|p1a: Weezing|ability: Neutralizing Gas
|switch|p1a: Ting-Lu|Ting-Lu, shiny|100/100 slp
|-ability|p1a: Ting-Lu|Vessel of Ruin
|move|p2a: Pecharunt|Parting Shot|p1a: Ting-Lu
|-unboost|p1a: Ting-Lu|atk|1
|-unboost|p1a: Ting-Lu|spa|1
|
|t:|1776173988
|switch|p2a: Great Tusk|Great Tusk|100/100|[from] Parting Shot
|
|upkeep
|turn|32
|
|t:|1776173994
|switch|p1a: Ogerpon|Ogerpon-Wellspring, F|65/100
|move|p2a: Great Tusk|Stealth Rock|p1a: Ogerpon
|-sidestart|p1: Jawbre4kr|move: Stealth Rock
|
|upkeep
|turn|33
|
|t:|1776174001
|-end|p2a: Great Tusk|Protosynthesis|[silent]
|switch|p2a: Pecharunt|Pecharunt|99/100
|move|p1a: Ogerpon|Ivy Cudgel|p2a: Pecharunt|[anim] Ivy Cudgel Water
|-damage|p2a: Pecharunt|75/100
|
|upkeep
|turn|34
|
|t:|1776174010
|switch|p1a: Corviknight|Corviknight, F|78/100
|-damage|p1a: Corviknight|65/100|[from] Stealth Rock
|-ability|p1a: Corviknight|Pressure
|move|p2a: Pecharunt|Shadow Ball|p1a: Corviknight
|-damage|p1a: Corviknight|41/100
|
|upkeep
|turn|35
|
|t:|1776174020
|move|p2a: Pecharunt|Shadow Ball|p1a: Corviknight
|-damage|p1a: Corviknight|19/100
|move|p1a: Corviknight|Roost|p1a: Corviknight
|-heal|p1a: Corviknight|69/100
|-singleturn|p1a: Corviknight|move: Roost
|
|upkeep
|turn|36
|
|t:|1776174028
|move|p2a: Pecharunt|Shadow Ball|p1a: Corviknight
|-damage|p1a: Corviknight|44/100
|move|p1a: Corviknight|U-turn|p2a: Pecharunt
|-resisted|p2a: Pecharunt
|-damage|p2a: Pecharunt|74/100
|
|t:|1776174041
|switch|p1a: Skeledirge|Skeledirge, M|100/100|[from] U-turn
|
|upkeep
|turn|37
|
|t:|1776174049
|switch|p2a: Alomomola|Alomomola, F|83/100
|move|p1a: Skeledirge|Torch Song|p2a: Alomomola
|-resisted|p2a: Alomomola
|-damage|p2a: Alomomola|75/100
|-boost|p1a: Skeledirge|spa|1
|
|upkeep
|turn|38
|
|t:|1776174057
|move|p1a: Skeledirge|Will-O-Wisp|p2a: Alomomola
|-status|p2a: Alomomola|brn
|move|p2a: Alomomola|Play Rough|p1a: Skeledirge
|-resisted|p1a: Skeledirge
|-damage|p1a: Skeledirge|97/100
|
|-damage|p2a: Alomomola|69/100 brn|[from] brn
|upkeep
|turn|39
|
|t:|1776174067
|move|p1a: Skeledirge|Torch Song|p2a: Alomomola
|-resisted|p2a: Alomomola
|-damage|p2a: Alomomola|59/100 brn
|-boost|p1a: Skeledirge|spa|1
|move|p2a: Alomomola|Flip Turn|p1a: Skeledirge
|-supereffective|p1a: Skeledirge
|-damage|p1a: Skeledirge|82/100
|
|t:|1776174069
|switch|p2a: Great Tusk|Great Tusk|100/100|[from] Flip Turn
|
|upkeep
|turn|40
|inactive|Jawbre4kr has 120 seconds left.
|
|t:|1776174121
|-end|p2a: Great Tusk|Protosynthesis|[silent]
|switch|p2a: Alomomola|Alomomola, F|92/100 brn
|-terastallize|p1a: Skeledirge|Dark
|move|p1a: Skeledirge|Torch Song|p2a: Alomomola
|-resisted|p2a: Alomomola
|-damage|p2a: Alomomola|79/100 brn
|-boost|p1a: Skeledirge|spa|1
|
|-damage|p2a: Alomomola|72/100 brn|[from] brn
|upkeep
|turn|41
|
|t:|1776174133
|move|p1a: Skeledirge|Earth Power|p2a: Alomomola
|-damage|p2a: Alomomola|46/100 brn
|move|p2a: Alomomola|Scald|p1a: Skeledirge
|-damage|p1a: Skeledirge|73/100
|
|-damage|p2a: Alomomola|40/100 brn|[from] brn
|upkeep
|turn|42
|
|t:|1776174142
|move|p1a: Skeledirge|Torch Song|p2a: Alomomola
|-resisted|p2a: Alomomola
|-damage|p2a: Alomomola|23/100 brn
|-boost|p1a: Skeledirge|spa|1
|move|p2a: Alomomola|Flip Turn|p1a: Skeledirge
|-damage|p1a: Skeledirge|66/100
|
|t:|1776174145
|switch|p2a: Dragapult|Dragapult, F|61/100|[from] Flip Turn
|
|upkeep
|turn|43
|
|t:|1776174157
|move|p2a: Dragapult|U-turn|p1a: Skeledirge
|-supereffective|p1a: Skeledirge
|-damage|p1a: Skeledirge|13/100
|
|t:|1776174160
|switch|p2a: Alomomola|Alomomola, F|56/100 brn|[from] U-turn
|move|p1a: Skeledirge|Slack Off|p1a: Skeledirge
|-heal|p1a: Skeledirge|63/100
|
|-damage|p2a: Alomomola|50/100 brn|[from] brn
|upkeep
|turn|44
|inactive|Jawbre4kr has 120 seconds left.
|
|t:|1776174170
|move|p1a: Skeledirge|Slack Off|p1a: Skeledirge
|-heal|p1a: Skeledirge|100/100
|move|p2a: Alomomola|Flip Turn|p1a: Skeledirge
|-damage|p1a: Skeledirge|93/100
|
|t:|1776174174
|switch|p2a: Dragapult|Dragapult, F|61/100|[from] Flip Turn
|
|upkeep
|turn|45
|
|t:|1776174181
|move|p2a: Dragapult|U-turn|p1a: Skeledirge
|-supereffective|p1a: Skeledirge
|-damage|p1a: Skeledirge|36/100
|
|t:|1776174194
|switch|p2a: Corviknight|Corviknight, F|78/100 brn|[from] U-turn
|-ability|p2a: Corviknight|Pressure
|move|p1a: Skeledirge|Earth Power|p2a: Corviknight
|-immune|p2a: Corviknight
|
|-damage|p2a: Corviknight|72/100 brn|[from] brn
|upkeep
|turn|46
|
|t:|1776174205
|move|p2a: Corviknight|U-turn|p1a: Skeledirge
|-supereffective|p1a: Skeledirge
|-damage|p1a: Skeledirge|24/100
|
|t:|1776174208
|switch|p2a: Alomomola|Alomomola, F|83/100 brn|[from] U-turn
|move|p1a: Skeledirge|Slack Off|p1a: Skeledirge
|-heal|p1a: Skeledirge|74/100
|
|-damage|p2a: Alomomola|77/100 brn|[from] brn
|upkeep
|turn|47
|
|t:|1776174221
|move|p1a: Skeledirge|Earth Power|p2a: Alomomola
|-damage|p2a: Alomomola|46/100 brn
|move|p2a: Alomomola|Flip Turn|p1a: Skeledirge
|-damage|p1a: Skeledirge|67/100
|
|t:|1776174225
|switch|p2a: Dragapult|Dragapult, F|61/100|[from] Flip Turn
|
|upkeep
|turn|48
|
|t:|1776174239
|move|p2a: Dragapult|U-turn|p1a: Skeledirge
|-supereffective|p1a: Skeledirge
|-damage|p1a: Skeledirge|14/100
|
|t:|1776174244
|switch|p2a: Corviknight|Corviknight, F|72/100 brn|[from] U-turn
|-ability|p2a: Corviknight|Pressure
|move|p1a: Skeledirge|Slack Off|p1a: Skeledirge
|-heal|p1a: Skeledirge|64/100
|
|-damage|p2a: Corviknight|66/100 brn|[from] brn
|upkeep
|turn|49
|
|t:|1776174257
|move|p2a: Corviknight|U-turn|p1a: Skeledirge
|-supereffective|p1a: Skeledirge
|-damage|p1a: Skeledirge|52/100
|
|t:|1776174260
|switch|p2a: Alomomola|Alomomola, F|79/100 brn|[from] U-turn
|move|p1a: Skeledirge|Earth Power|p2a: Alomomola
|-damage|p2a: Alomomola|44/100 brn
|-unboost|p2a: Alomomola|spd|1
|
|-damage|p2a: Alomomola|38/100 brn|[from] brn
|upkeep
|turn|50
|
|t:|1776174270
|move|p1a: Skeledirge|Torch Song|p2a: Alomomola
|-resisted|p2a: Alomomola
|-damage|p2a: Alomomola|17/100 brn
|-boost|p1a: Skeledirge|spa|1
|move|p2a: Alomomola|Flip Turn|p1a: Skeledirge
|-damage|p1a: Skeledirge|45/100
|
|t:|1776174273
|switch|p2a: Dragapult|Dragapult, F|61/100|[from] Flip Turn
|
|upkeep
|turn|51
|
|t:|1776174282
|switch|p1a: Corviknight|Corviknight, F|44/100
|-damage|p1a: Corviknight|31/100|[from] Stealth Rock
|-ability|p1a: Corviknight|Pressure
|move|p2a: Dragapult|U-turn|p1a: Corviknight
|-resisted|p1a: Corviknight
|-damage|p1a: Corviknight|26/100
|-damage|p2a: Dragapult|44/100|[from] item: Rocky Helmet|[of] p1a: Corviknight
|
|t:|1776174287
|switch|p2a: Pecharunt|Pecharunt|74/100|[from] U-turn
|
|upkeep
|turn|52
|
|t:|1776174296
|switch|p1a: Ting-Lu|Ting-Lu, shiny|100/100 slp
|-damage|p1a: Ting-Lu|94/100 slp|[from] Stealth Rock
|-ability|p1a: Ting-Lu|Vessel of Ruin
|-terastallize|p2a: Pecharunt|Ghost
|move|p2a: Pecharunt|Shadow Ball|p1a: Ting-Lu
|-resisted|p1a: Ting-Lu
|-damage|p1a: Ting-Lu|87/100 slp
|
|-heal|p1a: Ting-Lu|94/100 slp|[from] item: Leftovers
|upkeep
|turn|53
|
|t:|1776174313
|move|p2a: Pecharunt|Parting Shot|p1a: Ting-Lu
|-unboost|p1a: Ting-Lu|atk|1
|-unboost|p1a: Ting-Lu|spa|1
|
|t:|1776174316
|switch|p2a: Great Tusk|Great Tusk|100/100|[from] Parting Shot
|cant|p1a: Ting-Lu|slp
|
|-heal|p1a: Ting-Lu|99/100 slp|[from] item: Leftovers
|upkeep
|turn|54
|
|t:|1776174326
|move|p2a: Great Tusk|Headlong Rush|p1a: Ting-Lu
|-damage|p1a: Ting-Lu|66/100 slp
|-unboost|p2a: Great Tusk|def|1
|-unboost|p2a: Great Tusk|spd|1
|-curestatus|p1a: Ting-Lu|slp|[msg]
|move|p1a: Ting-Lu|Stealth Rock|p2a: Great Tusk
|-sidestart|p2: TeukuMiyama|move: Stealth Rock
|
|-heal|p1a: Ting-Lu|73/100|[from] item: Leftovers
|upkeep
|turn|55
|
|t:|1776174340
|switch|p1a: Corviknight|Corviknight, F|26/100
|-damage|p1a: Corviknight|13/100|[from] Stealth Rock
|-ability|p1a: Corviknight|Pressure
|move|p2a: Great Tusk|Ice Spinner|p1a: Corviknight
|-damage|p1a: Corviknight|0 fnt
|-damage|p2a: Great Tusk|84/100|[from] item: Rocky Helmet|[of] p1a: Corviknight
|faint|p1a: Corviknight
|
|upkeep
|
|t:|1776174352
|switch|p1a: Dragapult|Dragapult, M|64/100
|-damage|p1a: Dragapult|51/100|[from] Stealth Rock
|turn|56
|
|t:|1776174364
|-end|p2a: Great Tusk|Protosynthesis|[silent]
|switch|p2a: Corviknight|Corviknight, F|66/100 brn
|-damage|p2a: Corviknight|54/100 brn|[from] Stealth Rock
|-ability|p2a: Corviknight|Pressure
|move|p1a: Dragapult|Hex|p2a: Corviknight
|-damage|p2a: Corviknight|0 fnt
|faint|p2a: Corviknight
|
|upkeep
|
|t:|1776174379
|switch|p2a: Kingambit|Kingambit, M|74/100
|-damage|p2a: Kingambit|67/100|[from] Stealth Rock
|-activate|p2a: Kingambit|ability: Supreme Overlord
|-start|p2a: Kingambit|fallen1|[silent]
|turn|57
|
|t:|1776174386
|switch|p1a: Weezing|Weezing-Galar, F|65/100
|-ability|p1a: Weezing|Neutralizing Gas
|move|p2a: Kingambit|Iron Head|p1a: Weezing
|-supereffective|p1a: Weezing
|-damage|p1a: Weezing|0 fnt
|faint|p1a: Weezing
|-end|p1a: Weezing|ability: Neutralizing Gas
|-activate|p2a: Kingambit|ability: Supreme Overlord
|-start|p2a: Kingambit|fallen1|[silent]
|
|-heal|p2a: Kingambit|74/100|[from] item: Leftovers
|upkeep
|
|t:|1776174404
|switch|p1a: Ting-Lu|Ting-Lu, shiny|73/100
|-damage|p1a: Ting-Lu|66/100|[from] Stealth Rock
|-ability|p1a: Ting-Lu|Vessel of Ruin
|turn|58
|
|t:|1776174410
|move|p2a: Kingambit|Iron Head|p1a: Ting-Lu
|-damage|p1a: Ting-Lu|40/100
|move|p1a: Ting-Lu|Earthquake|p2a: Kingambit
|-supereffective|p2a: Kingambit
|-damage|p2a: Kingambit|14/100
|
|-heal|p2a: Kingambit|20/100|[from] item: Leftovers
|-heal|p1a: Ting-Lu|46/100|[from] item: Leftovers
|upkeep
|turn|59
|
|t:|1776174423
|move|p2a: Kingambit|Iron Head|p1a: Ting-Lu
|-damage|p1a: Ting-Lu|20/100
|cant|p1a: Ting-Lu|flinch
|
|-heal|p2a: Kingambit|26/100|[from] item: Leftovers
|-heal|p1a: Ting-Lu|27/100|[from] item: Leftovers
|upkeep
|turn|60
|
|t:|1776174431
|move|p2a: Kingambit|Iron Head|p1a: Ting-Lu
|-damage|p1a: Ting-Lu|0 fnt
|faint|p1a: Ting-Lu
|
|-heal|p2a: Kingambit|32/100|[from] item: Leftovers
|upkeep
|
|t:|1776174439
|switch|p1a: Ogerpon|Ogerpon-Wellspring, F|65/100
|-damage|p1a: Ogerpon|53/100|[from] Stealth Rock
|turn|61
|
|t:|1776174445
|move|p1a: Ogerpon|Synthesis|p1a: Ogerpon
|-heal|p1a: Ogerpon|100/100
|move|p2a: Kingambit|Kowtow Cleave|p1a: Ogerpon
|-damage|p1a: Ogerpon|42/100
|
|-heal|p2a: Kingambit|38/100|[from] item: Leftovers
|upkeep
|turn|62
|
|t:|1776174455
|move|p2a: Kingambit|Sucker Punch||[still]
|-fail|p2a: Kingambit
|move|p1a: Ogerpon|Synthesis|p1a: Ogerpon
|-heal|p1a: Ogerpon|92/100
|
|-heal|p2a: Kingambit|44/100|[from] item: Leftovers
|upkeep
|turn|63
|
|t:|1776174474
|-end|p2a: Kingambit|fallen1|[silent]
|switch|p2a: Pecharunt|Pecharunt, tera:Ghost|74/100
|-damage|p2a: Pecharunt|61/100|[from] Stealth Rock
|move|p1a: Ogerpon|Ivy Cudgel|p2a: Pecharunt|[anim] Ivy Cudgel Water
|-damage|p2a: Pecharunt|37/100
|
|upkeep
|turn|64
|
|t:|1776174486
|move|p1a: Ogerpon|Ivy Cudgel|p2a: Pecharunt|[anim] Ivy Cudgel Water
|-damage|p2a: Pecharunt|11/100
|move|p2a: Pecharunt|Recover|p2a: Pecharunt
|-heal|p2a: Pecharunt|61/100
|
|upkeep
|turn|65
|
|t:|1776174494
|switch|p1a: Skeledirge|Skeledirge, M, tera:Dark|45/100
|move|p2a: Pecharunt|Malignant Chain|p1a: Skeledirge
|-damage|p1a: Skeledirge|23/100
|-status|p1a: Skeledirge|tox
|-start|p1a: Skeledirge|confusion|[from] ability: Poison Puppeteer|[of] p2a: Pecharunt
|
|-damage|p1a: Skeledirge|17/100 tox|[from] psn
|upkeep
|turn|66
|
|t:|1776174507
|move|p2a: Pecharunt|Malignant Chain|p1a: Skeledirge
|-damage|p1a: Skeledirge|0 fnt
|faint|p1a: Skeledirge
|
|upkeep
|
|t:|1776174513
|switch|p1a: Dragapult|Dragapult, M|51/100
|-damage|p1a: Dragapult|39/100|[from] Stealth Rock
|turn|67
|
|t:|1776174538
|switch|p2a: Alomomola|Alomomola, F|50/100 brn
|-damage|p2a: Alomomola|38/100 brn|[from] Stealth Rock
|move|p1a: Dragapult|Hex|p2a: Alomomola
|-crit|p2a: Alomomola
|-damage|p2a: Alomomola|0 fnt
|faint|p2a: Alomomola
|
|upkeep
|
|t:|1776174542
|switch|p2a: Kingambit|Kingambit, M|44/100
|-damage|p2a: Kingambit|38/100|[from] Stealth Rock
|-activate|p2a: Kingambit|ability: Supreme Overlord
|-start|p2a: Kingambit|fallen2|[silent]
|turn|68
|
|t:|1776174552
|switch|p1a: Ogerpon|Ogerpon-Wellspring, F|92/100
|-damage|p1a: Ogerpon|80/100|[from] Stealth Rock
|move|p2a: Kingambit|Kowtow Cleave|p1a: Ogerpon
|-damage|p1a: Ogerpon|15/100
|
|-heal|p2a: Kingambit|44/100|[from] item: Leftovers
|upkeep
|turn|69
|
|t:|1776174563
|move|p2a: Kingambit|Sucker Punch|p1a: Ogerpon
|-damage|p1a: Ogerpon|0 fnt
|faint|p1a: Ogerpon
|
|-heal|p2a: Kingambit|51/100|[from] item: Leftovers
|upkeep
|
|t:|1776174570
|switch|p1a: Dragapult|Dragapult, M|39/100
|-damage|p1a: Dragapult|27/100|[from] Stealth Rock
|turn|70
|
|t:|1776174575
|move|p2a: Kingambit|Sucker Punch|p1a: Dragapult
|-supereffective|p1a: Dragapult
|-damage|p1a: Dragapult|0 fnt
|faint|p1a: Dragapult
|
|win|TeukuMiyama
|raw|Jawbre4kr's rating: 1580 &rarr; <strong>1565</strong><br />(-15 for losing)
|raw|TeukuMiyama's rating: 1663 &rarr; <strong>1678</strong><br />(+15 for winning)
