|html|<div class="broadcast-blue"><strong>[Gen 9] OU is currently suspecting Volcarona! For information on how to participate check out the <a href="https://www.smogon.com/tools/suspects/view/208">suspect thread</a>.</strong></div>
|j|‽Hop On The Move
|j|☆lordweirdo17
|t:|1778513975
|gametype|singles
|player|p1|Hop On The Move|102|1392
|player|p2|lordweirdo17|fisherman-gen4|1330
|gen|9
|tier|[Gen 9] OU
|rated|
|rule|HP Percentage Mod: HP is shown in percentages
|rule|Endless Battle Clause: Forcing endless battles is banned
|rule|Species Clause: Limit one of each Pokémon
|rule|OHKO Clause: OHKO moves are banned
|rule|Evasion Items Clause: Evasion items are banned
|rule|Evasion Moves Clause: Evasion moves are banned
|rule|Evasion Abilities Clause: Evasion abilities are banned
|rule|Sleep Moves Clause: Sleep-inducing moves are banned
|clearpoke
|poke|p1|Pecharunt|
|poke|p1|Kingambit, M|
|poke|p1|Ogerpon-Wellspring, F|
|poke|p1|Great Tusk|
|poke|p1|Dragonite, M|
|poke|p1|Mew|
|poke|p2|Weezing-Galar, M|
|poke|p2|Alomomola, M|
|poke|p2|Iron Treads|
|poke|p2|Tornadus-Therian, M|
|poke|p2|Zamazenta-*|
|poke|p2|Lokix, M|
|teampreview
|inactive|Battle timer is ON: inactive players will automatically lose when time's up. (requested by lordweirdo17)
|
|t:|1778513989
|teamsize|p1|6
|teamsize|p2|6
|start
|switch|p1a: Pecharunt|Pecharunt|100/100
|switch|p2a: Iron Treads|Iron Treads|100/100
|turn|1
|
|t:|1778513996
|switch|p1a: Mew|Mew|100/100
|move|p2a: Iron Treads|Stealth Rock|p1a: Mew
|-sidestart|p1: Hop On The Move|move: Stealth Rock
|
|upkeep
|turn|2
|
|t:|1778514001
|move|p2a: Iron Treads|Rapid Spin|p1a: Mew
|-damage|p1a: Mew|90/100
|-boost|p2a: Iron Treads|spe|1
|move|p1a: Mew|Light Screen|p1a: Mew
|-sidestart|p1: Hop On The Move|move: Light Screen
|
|upkeep
|turn|3
|
|t:|1778514009
|-end|p2a: Iron Treads|Quark Drive|[silent]
|switch|p2a: Weezing|Weezing-Galar, M|100/100
|-ability|p2a: Weezing|Neutralizing Gas
|move|p1a: Mew|Spikes|p2a: Weezing
|-sidestart|p2: lordweirdo17|Spikes
|
|upkeep
|turn|4
|
|t:|1778514015
|move|p1a: Mew|Spikes|p2a: Weezing
|-sidestart|p2: lordweirdo17|Spikes
|move|p2a: Weezing|Defog|p1a: Mew
|-unboost|p1a: Mew|evasion|1
|-sideend|p1: Hop On The Move|move: Light Screen
|-sideend|p1: Hop On The Move|Stealth Rock|[from] move: Defog|[of] p2a: Weezing
|-sideend|p2: lordweirdo17|Spikes|[from] move: Defog|[of] p2a: Weezing
|
|upkeep
|turn|5
|
|t:|1778514022
|-end|p2a: Weezing|ability: Neutralizing Gas
|switch|p2a: Alomomola|Alomomola, M|100/100
|move|p1a: Mew|Spikes|p2a: Alomomola
|-sidestart|p2: lordweirdo17|Spikes
|
|upkeep
|turn|6
|
|t:|1778514030
|move|p1a: Mew|Light Screen|p1a: Mew
|-sidestart|p1: Hop On The Move|move: Light Screen
|move|p2a: Alomomola|Flip Turn|p1a: Mew
|-damage|p1a: Mew|75/100
|
|t:|1778514035
|switch|p2a: Weezing|Weezing-Galar, M|100/100|[from] Flip Turn
|-ability|p2a: Weezing|Neutralizing Gas
|-damage|p2a: Weezing|88/100|[from] Spikes
|
|-heal|p2a: Weezing|94/100|[from] item: Leftovers
|upkeep
|turn|7
|
|t:|1778514042
|switch|p1a: Pecharunt|Pecharunt|100/100
|move|p2a: Weezing|Defog|p1a: Pecharunt
|-unboost|p1a: Pecharunt|evasion|1
|-sideend|p1: Hop On The Move|move: Light Screen
|-sideend|p2: lordweirdo17|Spikes|[from] move: Defog|[of] p2a: Weezing
|
|-heal|p2a: Weezing|99/100|[from] item: Leftovers
|upkeep
|turn|8
|
|t:|1778514055
|-end|p2a: Weezing|ability: Neutralizing Gas
|switch|p2a: Alomomola|Alomomola, M|100/100
|move|p1a: Pecharunt|Shadow Ball|p2a: Alomomola
|-damage|p2a: Alomomola|67/100
|
|upkeep
|turn|9
|-activate|p1a: Pecharunt|item: Quick Claw
|
|t:|1778514063
|move|p1a: Pecharunt|Nasty Plot|p1a: Pecharunt
|-boost|p1a: Pecharunt|spa|2
|move|p2a: Alomomola|Flip Turn|p1a: Pecharunt
|-damage|p1a: Pecharunt|91/100
|
|t:|1778514070
|switch|p2a: Tornadus|Tornadus-Therian, M|100/100|[from] Flip Turn
|
|upkeep
|turn|10
|
|t:|1778514073
|move|p2a: Tornadus|Knock Off|p1a: Pecharunt
|-supereffective|p1a: Pecharunt
|-damage|p1a: Pecharunt|67/100
|-enditem|p1a: Pecharunt|Quick Claw|[from] move: Knock Off|[of] p2a: Tornadus
|move|p1a: Pecharunt|Malignant Chain|p2a: Tornadus
|-damage|p2a: Tornadus|45/100
|-status|p2a: Tornadus|tox
|-start|p2a: Tornadus|confusion|[from] ability: Poison Puppeteer|[of] p1a: Pecharunt
|
|-damage|p2a: Tornadus|38/100 tox|[from] psn
|upkeep
|turn|11
|
|t:|1778514087
|switch|p2a: Alomomola|Alomomola, M|99/100
|move|p1a: Pecharunt|Malignant Chain|p2a: Alomomola
|-damage|p2a: Alomomola|23/100
|
|upkeep
|turn|12
|
|t:|1778514094
|switch|p2a: Iron Treads|Iron Treads|100/100
|move|p1a: Pecharunt|Malignant Chain|p2a: Iron Treads
|-immune|p2a: Iron Treads
|
|upkeep
|turn|13
|
|t:|1778514102
|-terastallize|p1a: Pecharunt|Flying
|move|p2a: Iron Treads|Earthquake|p1a: Pecharunt
|-immune|p1a: Pecharunt
|move|p1a: Pecharunt|Nasty Plot|p1a: Pecharunt
|-boost|p1a: Pecharunt|spa|2
|
|upkeep
|turn|14
|
|t:|1778514109
|move|p2a: Iron Treads|Ice Spinner|p1a: Pecharunt
|-supereffective|p1a: Pecharunt
|-damage|p1a: Pecharunt|39/100
|move|p1a: Pecharunt|Shadow Ball|p2a: Iron Treads
|-crit|p2a: Iron Treads
|-damage|p2a: Iron Treads|0 fnt
|faint|p2a: Iron Treads
|-end|p2a: Iron Treads|Quark Drive|[silent]
|
|upkeep
|
|t:|1778514117
|switch|p2a: Lokix|Lokix, M|100/100
|turn|15
|
|t:|1778514123
|move|p2a: Lokix|First Impression|p1a: Pecharunt
|-resisted|p1a: Pecharunt
|-damage|p1a: Pecharunt|0 fnt
|faint|p1a: Pecharunt
|
|upkeep
|
|t:|1778514142
|switch|p1a: Dragonite|Dragonite, M|100/100
|turn|16
|
|t:|1778514146
|switch|p2a: Alomomola|Alomomola, M|56/100
|move|p1a: Dragonite|Dragon Dance|p1a: Dragonite
|-boost|p1a: Dragonite|atk|1
|-boost|p1a: Dragonite|spe|1
|
|upkeep
|turn|17
|
|t:|1778514153
|move|p1a: Dragonite|Dragon Dance|p1a: Dragonite
|-boost|p1a: Dragonite|atk|1
|-boost|p1a: Dragonite|spe|1
|move|p2a: Alomomola|Tickle|p1a: Dragonite
|-unboost|p1a: Dragonite|atk|1
|-unboost|p1a: Dragonite|def|1
|
|upkeep
|turn|18
|inactive|Hop On The Move has 120 seconds left.
|
|t:|1778514212
|move|p1a: Dragonite|Dragon Dance|p1a: Dragonite
|-boost|p1a: Dragonite|atk|1
|-boost|p1a: Dragonite|spe|1
|move|p2a: Alomomola|Flip Turn|p1a: Dragonite
|-resisted|p1a: Dragonite
|-damage|p1a: Dragonite|94/100
|
|t:|1778514218
|switch|p2a: Tornadus|Tornadus-Therian, M|72/100 tox|[from] Flip Turn
|
|-heal|p1a: Dragonite|99/100|[from] item: Leftovers
|-damage|p2a: Tornadus|66/100 tox|[from] psn
|upkeep
|turn|19
|
|t:|1778514225
|move|p1a: Dragonite|Extreme Speed|p2a: Tornadus
|-damage|p2a: Tornadus|0 fnt
|faint|p2a: Tornadus
|
|-heal|p1a: Dragonite|100/100|[from] item: Leftovers
|upkeep
|
|t:|1778514231
|switch|p2a: Alomomola|Alomomola, M|89/100
|turn|20
|
|t:|1778514234
|move|p1a: Dragonite|Dragon Dance|p1a: Dragonite
|-boost|p1a: Dragonite|atk|1
|-boost|p1a: Dragonite|spe|1
|move|p2a: Alomomola|Tickle|p1a: Dragonite
|-unboost|p1a: Dragonite|atk|1
|-unboost|p1a: Dragonite|def|1
|
|upkeep
|turn|21
|
|t:|1778514243
|move|p1a: Dragonite|Dragon Dance|p1a: Dragonite
|-boost|p1a: Dragonite|atk|1
|-boost|p1a: Dragonite|spe|1
|move|p2a: Alomomola|Tickle|p1a: Dragonite
|-unboost|p1a: Dragonite|atk|1
|-unboost|p1a: Dragonite|def|1
|
|upkeep
|turn|22
|
|t:|1778514253
|move|p1a: Dragonite|Dragon Dance|p1a: Dragonite
|-boost|p1a: Dragonite|atk|1
|-boost|p1a: Dragonite|spe|1
|move|p2a: Alomomola|Flip Turn|p1a: Dragonite
|-resisted|p1a: Dragonite
|-damage|p1a: Dragonite|90/100
|inactive|lordweirdo17 has 120 seconds left.
|
|t:|1778514289
|switch|p2a: Lokix|Lokix, M|100/100|[from] Flip Turn
|
|-heal|p1a: Dragonite|96/100|[from] item: Leftovers
|upkeep
|turn|23
|inactive|Hop On The Move has 120 seconds left.
|
|t:|1778514337
|switch|p2a: Alomomola|Alomomola, M|100/100
|move|p1a: Dragonite|Extreme Speed|p2a: Alomomola
|-damage|p2a: Alomomola|52/100
|-damage|p1a: Dragonite|80/100|[from] item: Rocky Helmet|[of] p2a: Alomomola
|
|-heal|p1a: Dragonite|86/100|[from] item: Leftovers
|upkeep
|turn|24
|inactive|lordweirdo17 has 120 seconds left.
|
|t:|1778514350
|-terastallize|p2a: Alomomola|Ghost
|move|p1a: Dragonite|Dragon Dance|p1a: Dragonite
|-boost|p1a: Dragonite|atk|1
|-boost|p1a: Dragonite|spe|0
|move|p2a: Alomomola|Wish|p2a: Alomomola
|
|-heal|p1a: Dragonite|92/100|[from] item: Leftovers
|upkeep
|turn|25
|inactive|Hop On The Move has 120 seconds left.
|inactive|lordweirdo17 has 120 seconds left.
|
|t:|1778514368
|move|p1a: Dragonite|Encore|p2a: Alomomola
|-start|p2a: Alomomola|Encore
|move|p2a: Alomomola|Wish||[still]
|-fail|p2a: Alomomola
|
|-heal|p2a: Alomomola|100/100|[from] move: Wish|[wisher] Alomomola
|-heal|p1a: Dragonite|98/100|[from] item: Leftovers
|upkeep
|turn|26
|inactive|lordweirdo17 has 120 seconds left.
|-message|lordweirdo17 forfeited.
|
|win|Hop On The Move
|raw|Hop On The Move's rating: 1392 &rarr; <strong>1408</strong><br />(+16 for winning)
|raw|lordweirdo17's rating: 1330 &rarr; <strong>1314</strong><br />(-16 for losing)
|l|☆lordweirdo17
|player|p2|
