|html|<div class="broadcast-blue"><strong>[Gen 9] OU is currently suspecting Tera Blast! For information on how to participate check out the <a href="https://www.smogon.com/tools/suspects/view/200">suspect thread</a>.</strong></div>
|j|☆caseoh69
|j|☆luispaja
|t:|1776053959
|gametype|singles
|player|p1|caseoh69|bianca|1106
|player|p2|luispaja|dancer|1169
|gen|9
|tier|[Gen 9] OU
|rated|
|rule|HP Percentage Mod: HP is shown in percentages
|rule|Endless Battle Clause: Forcing endless battles is banned
|rule|Species Clause: Limit one of each Pokémon
|rule|OHKO Clause: OHKO moves are banned
|rule|Evasion Items Clause: Evasion items are banned
|rule|Evasion Moves Clause: Evasion moves are banned
|rule|Evasion Abilities Clause: Evasion abilities are banned
|rule|Sleep Moves Clause: Sleep-inducing moves are banned
|clearpoke
|poke|p1|Azumarill, F|
|poke|p1|Dragapult, F|
|poke|p1|Raikou|
|poke|p1|Gholdengo|
|poke|p1|Skarmory, F|
|poke|p1|Mew|
|poke|p2|Iron Hands|
|poke|p2|Arcanine-Hisui, M|
|poke|p2|Iron Valiant|
|poke|p2|Ogerpon-Wellspring, F|
|poke|p2|Corviknight, F|
|poke|p2|Sandy Shocks|
|teampreview
|inactive|Battle timer is ON: inactive players will automatically lose when time's up. (requested by luispaja)
|j| ohko_smeargle
|
|t:|1776053971
|teamsize|p1|6
|teamsize|p2|6
|start
|switch|p1a: Mew|Mew, shiny|100/100
|switch|p2a: Sandy Shocks|Sandy Shocks|100/100
|turn|1
|inactive|luispaja has 120 seconds left.
|
|t:|1776054005
|move|p2a: Sandy Shocks|Spikes|p1a: Mew
|-sidestart|p1: caseoh69|Spikes
|move|p1a: Mew|Imprison|p1a: Mew
|-start|p1a: Mew|move: Imprison
|
|upkeep
|turn|2
|inactive|luispaja has 120 seconds left.
|
|t:|1776054017
|move|p2a: Sandy Shocks|Earth Power|p1a: Mew
|-damage|p1a: Mew|65/100
|move|p1a: Mew|Transform|p2a: Sandy Shocks
|-transform|p1a: Mew|p2a: Sandy Shocks
|
|upkeep
|turn|3
|inactive|luispaja has 120 seconds left.
|
|t:|1776054047
|-end|p2a: Sandy Shocks|Protosynthesis|[silent]
|switch|p2a: Corviknight|Corviknight, F|100/100
|move|p1a: Mew|Spikes|p2a: Corviknight
|-sidestart|p2: luispaja|Spikes
|
|upkeep
|turn|4
|
|t:|1776054060
|switch|p2a: Iron Valiant|Iron Valiant|100/100
|-damage|p2a: Iron Valiant|88/100|[from] Spikes
|-enditem|p2a: Iron Valiant|Booster Energy
|-activate|p2a: Iron Valiant|ability: Quark Drive|[fromitem]
|-start|p2a: Iron Valiant|quarkdrivespe
|move|p1a: Mew|Thunderbolt|p2a: Iron Valiant
|-damage|p2a: Iron Valiant|0 fnt
|faint|p2a: Iron Valiant
|-end|p2a: Iron Valiant|Quark Drive|[silent]
|
|upkeep
|
|t:|1776054070
|switch|p2a: Ogerpon|Ogerpon-Wellspring, F|100/100
|-damage|p2a: Ogerpon|88/100|[from] Spikes
|turn|5
|
|t:|1776054084
|-terastallize|p1a: Mew|Fairy
|move|p2a: Ogerpon|Trailblaze|p1a: Mew
|-damage|p1a: Mew|40/100
|-boost|p2a: Ogerpon|spe|1
|-damage|p2a: Ogerpon|72/100|[from] item: Rocky Helmet|[of] p1a: Mew
|move|p1a: Mew|Thunderbolt|p2a: Ogerpon
|-damage|p2a: Ogerpon|11/100
|
|upkeep
|turn|6
|inactive|luispaja has 120 seconds left.
|
|t:|1776054097
|move|p2a: Ogerpon|Ivy Cudgel|p1a: Mew|[anim] Ivy Cudgel Water
|-damage|p1a: Mew|0 fnt
|faint|p1a: Mew
|-end|p1a: Mew|Protosynthesis|[silent]
|
|upkeep
|
|t:|1776054106
|switch|p1a: Skarmory|Skarmory, F, shiny|100/100
|turn|7
|
|t:|1776054111
|move|p2a: Ogerpon|Knock Off|p1a: Skarmory
|-damage|p1a: Skarmory|78/100
|-enditem|p1a: Skarmory|Heavy-Duty Boots|[from] move: Knock Off|[of] p2a: Ogerpon
|move|p1a: Skarmory|Spikes|p2a: Ogerpon
|-sidestart|p2: luispaja|Spikes
|
|upkeep
|turn|8
|
|t:|1776054118
|move|p2a: Ogerpon|Ivy Cudgel|p1a: Skarmory|[anim] Ivy Cudgel Water
|-damage|p1a: Skarmory|45/100
|move|p1a: Skarmory|Roar|p2a: Ogerpon
|drag|p2a: Iron Hands|Iron Hands|100/100
|-damage|p2a: Iron Hands|84/100|[from] Spikes
|
|-heal|p2a: Iron Hands|90/100|[from] item: Leftovers
|upkeep
|turn|9
|
|t:|1776054129
|move|p2a: Iron Hands|Drain Punch|p1a: Skarmory
|-damage|p1a: Skarmory|20/100
|-heal|p2a: Iron Hands|99/100|[from] drain|[of] p1a: Skarmory
|move|p1a: Skarmory|Roar|p2a: Iron Hands
|-end|p2a: Iron Hands|Quark Drive|[silent]
|drag|p2a: Arcanine|Arcanine-Hisui, M|100/100
|-ability|p2a: Arcanine|Intimidate|boost
|-unboost|p1a: Skarmory|atk|1
|
|upkeep
|turn|10
|
|t:|1776054140
|move|p2a: Arcanine|Flare Blitz|p1a: Skarmory
|-supereffective|p1a: Skarmory
|-damage|p1a: Skarmory|0 fnt
|faint|p1a: Skarmory
|-damage|p2a: Arcanine|94/100|[from] Recoil
|
|upkeep
|
|t:|1776054148
|switch|p1a: Azumarill|Azumarill, F, shiny|100/100
|-damage|p1a: Azumarill|88/100|[from] Spikes
|turn|11
|
|t:|1776054159
|move|p1a: Azumarill|Aqua Jet|p2a: Arcanine
|-supereffective|p2a: Arcanine
|-damage|p2a: Arcanine|0 fnt
|faint|p2a: Arcanine
|
|upkeep
|
|t:|1776054164
|switch|p2a: Corviknight|Corviknight, F|100/100
|turn|12
|
|t:|1776054169
|move|p2a: Corviknight|Defog|p1a: Azumarill
|-unboost|p1a: Azumarill|evasion|1
|-sideend|p1: caseoh69|Spikes|[from] move: Defog|[of] p2a: Corviknight
|-sideend|p2: luispaja|Spikes|[from] move: Defog|[of] p2a: Corviknight
|move|p1a: Azumarill|Belly Drum|p1a: Azumarill
|-damage|p1a: Azumarill|38/100
|-setboost|p1a: Azumarill|atk|6|[from] move: Belly Drum
|-enditem|p1a: Azumarill|Sitrus Berry|[eat]
|-heal|p1a: Azumarill|63/100|[from] item: Sitrus Berry
|
|upkeep
|turn|13
|
|t:|1776054192
|move|p1a: Azumarill|Aqua Jet|p2a: Corviknight
|-damage|p2a: Corviknight|18/100
|-damage|p1a: Azumarill|47/100|[from] item: Rocky Helmet|[of] p2a: Corviknight
|move|p2a: Corviknight|Drill Peck|p1a: Azumarill
|-damage|p1a: Azumarill|10/100
|
|upkeep
|turn|14
|
|t:|1776054200
|move|p1a: Azumarill|Aqua Jet|p2a: Corviknight
|-damage|p2a: Corviknight|0 fnt
|-damage|p1a: Azumarill|0 fnt|[from] item: Rocky Helmet|[of] p2a: Corviknight
|faint|p2a: Corviknight
|faint|p1a: Azumarill
|
|upkeep
|
|t:|1776054215
|switch|p2a: Sandy Shocks|Sandy Shocks|100/100
|switch|p1a: Raikou|Raikou, shiny|100/100
|turn|15
|
|t:|1776054225
|switch|p1a: Dragapult|Dragapult, F|100/100
|move|p2a: Sandy Shocks|Earth Power|p1a: Dragapult
|-damage|p1a: Dragapult|43/100
|
|-heal|p1a: Dragapult|49/100|[from] item: Leftovers
|upkeep
|turn|16
|
|t:|1776054240
|-end|p2a: Sandy Shocks|Protosynthesis|[silent]
|switch|p2a: Ogerpon|Ogerpon-Wellspring, F|11/100
|move|p1a: Dragapult|Substitute|p1a: Dragapult
|-start|p1a: Dragapult|Substitute
|-damage|p1a: Dragapult|24/100
|
|-heal|p1a: Dragapult|30/100|[from] item: Leftovers
|upkeep
|turn|17
|
|t:|1776054249
|move|p1a: Dragapult|Dragon Darts|p2a: Ogerpon
|-damage|p2a: Ogerpon|0 fnt
|faint|p2a: Ogerpon
|
|-heal|p1a: Dragapult|37/100|[from] item: Leftovers
|upkeep
|
|t:|1776054255
|switch|p2a: Iron Hands|Iron Hands|99/100
|turn|18
|
|t:|1776054262
|move|p1a: Dragapult|Will-O-Wisp|p2a: Iron Hands
|-status|p2a: Iron Hands|brn
|move|p2a: Iron Hands|Ice Punch|p1a: Dragapult
|-supereffective|p1a: Dragapult
|-end|p1a: Dragapult|Substitute
|
|-heal|p1a: Dragapult|43/100|[from] item: Leftovers
|-heal|p2a: Iron Hands|100/100 brn|[from] item: Leftovers
|-damage|p2a: Iron Hands|94/100 brn|[from] brn
|upkeep
|turn|19
|
|t:|1776054274
|move|p1a: Dragapult|Substitute|p1a: Dragapult
|-start|p1a: Dragapult|Substitute
|-damage|p1a: Dragapult|18/100
|move|p2a: Iron Hands|Ice Punch|p1a: Dragapult
|-supereffective|p1a: Dragapult
|-end|p1a: Dragapult|Substitute
|
|-heal|p1a: Dragapult|24/100|[from] item: Leftovers
|-heal|p2a: Iron Hands|100/100 brn|[from] item: Leftovers
|-damage|p2a: Iron Hands|94/100 brn|[from] brn
|upkeep
|turn|20
|
|t:|1776054285
|move|p1a: Dragapult|Dragon Darts|p2a: Iron Hands
|-damage|p2a: Iron Hands|82/100 brn
|-anim|p1a: Dragapult|Dragon Darts|p2a: Iron Hands
|-damage|p2a: Iron Hands|68/100 brn
|move|p2a: Iron Hands|Ice Punch|p1a: Dragapult
|-supereffective|p1a: Dragapult
|-damage|p1a: Dragapult|0 fnt
|faint|p1a: Dragapult
|
|-heal|p2a: Iron Hands|75/100 brn|[from] item: Leftovers
|-damage|p2a: Iron Hands|68/100 brn|[from] brn
|upkeep
|
|t:|1776054298
|switch|p1a: Raikou|Raikou, shiny|100/100
|turn|21
|
|t:|1776054309
|move|p1a: Raikou|Extrasensory|p2a: Iron Hands
|-supereffective|p2a: Iron Hands
|-crit|p2a: Iron Hands
|-damage|p2a: Iron Hands|0 fnt
|faint|p2a: Iron Hands
|-end|p2a: Iron Hands|Quark Drive|[silent]
|
|upkeep
|
|t:|1776054315
|switch|p2a: Sandy Shocks|Sandy Shocks|100/100
|turn|22
|
|t:|1776054324
|move|p1a: Raikou|Shadow Ball|p2a: Sandy Shocks
|-damage|p2a: Sandy Shocks|70/100
|move|p2a: Sandy Shocks|Earth Power|p1a: Raikou
|-supereffective|p1a: Raikou
|-damage|p1a: Raikou|0 fnt
|faint|p1a: Raikou
|
|upkeep
|
|t:|1776054332
|switch|p1a: Gholdengo|Gholdengo, shiny|100/100
|turn|23
|
|t:|1776054342
|move|p1a: Gholdengo|Make It Rain|p2a: Sandy Shocks
|-resisted|p2a: Sandy Shocks
|-damage|p2a: Sandy Shocks|26/100
|-unboost|p1a: Gholdengo|spa|1
|move|p2a: Sandy Shocks|Earth Power|p1a: Gholdengo
|-supereffective|p1a: Gholdengo
|-damage|p1a: Gholdengo|0 fnt
|faint|p1a: Gholdengo
|
|win|luispaja
|raw|caseoh69's rating: 1106 &rarr; <strong>1085</strong><br />(-21 for losing)
|raw|luispaja's rating: 1169 &rarr; <strong>1190</strong><br />(+21 for winning)
|l| ohko_smeargle
|l|☆caseoh69
|player|p1|
|l|☆luispaja
|player|p2|
