|html|<div class="broadcast-blue"><strong>[Gen 9] OU is currently suspecting Tera Blast! For information on how to participate check out the <a href="https://www.smogon.com/tools/suspects/view/200">suspect thread</a>.</strong></div>
|j|☆JonyPedro
|j|☆Tsucci Hebi
|t:|1776089871
|gametype|singles
|player|p1|JonyPedro|swimmerf|1136
|player|p2|Tsucci Hebi|backersf|1127
|gen|9
|tier|[Gen 9] OU
|rated|
|rule|HP Percentage Mod: HP is shown in percentages
|rule|Endless Battle Clause: Forcing endless battles is banned
|rule|Species Clause: Limit one of each Pokémon
|rule|OHKO Clause: OHKO moves are banned
|rule|Evasion Items Clause: Evasion items are banned
|rule|Evasion Moves Clause: Evasion moves are banned
|rule|Evasion Abilities Clause: Evasion abilities are banned
|rule|Sleep Moves Clause: Sleep-inducing moves are banned
|clearpoke
|poke|p1|Ninetales, M|
|poke|p1|Blaziken, F|
|poke|p1|Walking Wake|
|poke|p1|Whimsicott, F|
|poke|p1|Great Tusk|
|poke|p1|Iron Moth|
|poke|p2|Houndstone, F|
|poke|p2|Ogerpon-Wellspring, F|
|poke|p2|Meloetta|
|poke|p2|Glimmora, M|
|poke|p2|Clefable, F|
|poke|p2|Dudunsparce-*, F|
|teampreview
|j| ohko_smeargle
|
|t:|1776089878
|teamsize|p1|6
|teamsize|p2|6
|start
|switch|p1a: borutodad|Ninetales, M|100/100
|switch|p2a: 土蛇(tsuchi hebi)|Dudunsparce-Three-Segment, F|100/100
|-weather|SunnyDay|[from] ability: Drought|[of] p1a: borutodad
|turn|1
|
|t:|1776089889
|switch|p1a: kenshiro|Blaziken, F|100/100
|move|p2a: 土蛇(tsuchi hebi)|Boomburst|p1a: kenshiro
|-damage|p1a: kenshiro|4/100
|-enditem|p2a: 土蛇(tsuchi hebi)|Throat Spray
|-boost|p2a: 土蛇(tsuchi hebi)|spa|1|[from] item: Throat Spray
|
|-weather|SunnyDay|[upkeep]
|-heal|p1a: kenshiro|10/100|[from] item: Leftovers
|upkeep
|turn|2
|
|t:|1776089896
|switch|p2a: Sandstorm|Houndstone, F, shiny|100/100
|move|p1a: kenshiro|Close Combat|p2a: Sandstorm
|-immune|p2a: Sandstorm
|
|-weather|SunnyDay|[upkeep]
|-heal|p1a: kenshiro|16/100|[from] item: Leftovers
|-ability|p1a: kenshiro|Speed Boost|boost
|-boost|p1a: kenshiro|spe|1
|upkeep
|turn|3
|
|t:|1776089902
|move|p1a: kenshiro|Protect|p1a: kenshiro
|-singleturn|p1a: kenshiro|Protect
|move|p2a: Sandstorm|Body Press|p1a: kenshiro
|-activate|p1a: kenshiro|move: Protect
|
|-weather|SunnyDay|[upkeep]
|-heal|p1a: kenshiro|22/100|[from] item: Leftovers
|-ability|p1a: kenshiro|Speed Boost|boost
|-boost|p1a: kenshiro|spe|1
|upkeep
|turn|4
|
|t:|1776089922
|switch|p1a: Dubya|Walking Wake|100/100
|-activate|p1a: Dubya|ability: Protosynthesis
|-start|p1a: Dubya|protosynthesisspe
|move|p2a: Sandstorm|Body Press|p1a: Dubya
|-damage|p1a: Dubya|76/100
|
|-weather|SunnyDay|[upkeep]
|upkeep
|turn|5
|
|t:|1776089929
|switch|p2a: Beam|Glimmora, M|100/100
|move|p1a: Dubya|Knock Off|p2a: Beam
|-damage|p2a: Beam|88/100
|-activate|p2a: Beam|ability: Toxic Debris
|-sidestart|p1: JonyPedro|move: Toxic Spikes
|-enditem|p2a: Beam|Power Herb|[from] move: Knock Off|[of] p1a: Dubya
|
|-weather|SunnyDay|[upkeep]
|upkeep
|turn|6
|
|t:|1776089937
|move|p1a: Dubya|Hydro Steam|p2a: Beam
|-supereffective|p2a: Beam
|-damage|p2a: Beam|0 fnt
|faint|p2a: Beam
|
|-weather|SunnyDay|[upkeep]
|upkeep
|inactive|Battle timer is ON: inactive players will automatically lose when time's up. (requested by JonyPedro)
|
|t:|1776089944
|switch|p2a: 土蛇(tsuchi hebi)|Dudunsparce-Three-Segment, F|100/100
|turn|7
|
|t:|1776089949
|move|p1a: Dubya|Flip Turn|p2a: 土蛇(tsuchi hebi)
|-damage|p2a: 土蛇(tsuchi hebi)|93/100
|
|t:|1776089959
|-end|p1a: Dubya|Protosynthesis|[silent]
|switch|p1a: Address Me|Great Tusk|100/100|[from] Flip Turn
|-status|p1a: Address Me|psn
|-activate|p1a: Address Me|ability: Protosynthesis
|-start|p1a: Address Me|protosynthesisspe
|move|p2a: 土蛇(tsuchi hebi)|Boomburst|p1a: Address Me
|-damage|p1a: Address Me|15/100 psn
|
|-weather|SunnyDay|[upkeep]
|-damage|p1a: Address Me|3/100 psn|[from] psn
|upkeep
|turn|8
|
|t:|1776089971
|switch|p2a: Sandstorm|Houndstone, F, shiny|100/100
|-terastallize|p1a: Address Me|Steel
|move|p1a: Address Me|Rapid Spin|p2a: Sandstorm
|-immune|p2a: Sandstorm
|
|-weather|none
|-end|p1a: Address Me|Protosynthesis
|-damage|p1a: Address Me|0 fnt|[from] psn
|faint|p1a: Address Me
|-end|p1a: Address Me|Protosynthesis|[silent]
|upkeep
|
|t:|1776089983
|switch|p1a: Treevis Scott|Whimsicott, F|100/100
|-status|p1a: Treevis Scott|psn
|turn|9
|
|t:|1776089994
|switch|p2a: Kanabō|Ogerpon-Wellspring, F|100/100
|move|p1a: Treevis Scott|Shadow Ball|p2a: Kanabō
|-crit|p2a: Kanabō
|-damage|p2a: Kanabō|49/100
|-damage|p1a: Treevis Scott|91/100 psn|[from] item: Life Orb
|
|-damage|p1a: Treevis Scott|78/100 psn|[from] psn
|upkeep
|turn|10
|
|t:|1776090008
|switch|p2a: 土蛇(tsuchi hebi)|Dudunsparce-Three-Segment, F|93/100
|move|p1a: Treevis Scott|Moonblast|p2a: 土蛇(tsuchi hebi)
|-damage|p2a: 土蛇(tsuchi hebi)|44/100
|-damage|p1a: Treevis Scott|69/100 psn|[from] item: Life Orb
|
|-damage|p1a: Treevis Scott|56/100 psn|[from] psn
|upkeep
|turn|11
|
|t:|1776090015
|switch|p2a: Mellie|Meloetta|100/100
|move|p1a: Treevis Scott|Moonblast|p2a: Mellie
|-damage|p2a: Mellie|74/100
|-damage|p1a: Treevis Scott|47/100 psn|[from] item: Life Orb
|
|-damage|p1a: Treevis Scott|34/100 psn|[from] psn
|upkeep
|turn|12
|
|t:|1776090032
|switch|p1a: borutodad|Ninetales, M|100/100
|-status|p1a: borutodad|psn
|-weather|SunnyDay|[from] ability: Drought|[of] p1a: borutodad
|move|p2a: Mellie|Trick Room|p2a: Mellie
|-fieldstart|move: Trick Room|[of] p2a: Mellie
|
|-weather|SunnyDay|[upkeep]
|-damage|p1a: borutodad|88/100 psn|[from] psn
|upkeep
|turn|13
|
|t:|1776090043
|move|p2a: Mellie|Hyper Beam|p1a: borutodad
|-damage|p1a: borutodad|19/100 psn
|-mustrecharge|p2a: Mellie
|move|p1a: borutodad|Encore|p2a: Mellie
|-start|p2a: Mellie|Encore
|
|-weather|SunnyDay|[upkeep]
|-damage|p1a: borutodad|6/100 psn|[from] psn
|upkeep
|turn|14
|
|t:|1776090049
|cant|p2a: Mellie|recharge
|move|p1a: borutodad|Overheat|p2a: Mellie
|-damage|p2a: Mellie|38/100
|-unboost|p1a: borutodad|spa|2
|
|-weather|SunnyDay|[upkeep]
|-damage|p1a: borutodad|0 fnt|[from] psn
|faint|p1a: borutodad
|upkeep
|
|t:|1776090064
|switch|p1a: Dubya|Walking Wake|76/100
|-status|p1a: Dubya|psn
|-activate|p1a: Dubya|ability: Protosynthesis
|-start|p1a: Dubya|protosynthesisspe
|turn|15
|
|t:|1776090068
|move|p2a: Mellie|Hyper Beam|p1a: Dubya
|-damage|p1a: Dubya|30/100 psn
|-mustrecharge|p2a: Mellie
|move|p1a: Dubya|Knock Off|p2a: Mellie
|-supereffective|p2a: Mellie
|-damage|p2a: Mellie|0 fnt
|-enditem|p2a: Mellie|Iron Ball|[from] move: Knock Off|[of] p1a: Dubya
|faint|p2a: Mellie
|
|-weather|SunnyDay|[upkeep]
|-damage|p1a: Dubya|17/100 psn|[from] psn
|upkeep
|
|t:|1776090075
|switch|p2a: 土蛇(tsuchi hebi)|Dudunsparce-Three-Segment, F|44/100
|turn|16
|
|t:|1776090086
|move|p2a: 土蛇(tsuchi hebi)|Boomburst|p1a: Dubya
|-damage|p1a: Dubya|0 fnt
|faint|p1a: Dubya
|-end|p1a: Dubya|Protosynthesis|[silent]
|
|-weather|SunnyDay|[upkeep]
|-fieldend|move: Trick Room
|upkeep
|
|t:|1776090093
|switch|p1a: kenshiro|Blaziken, F|22/100
|-status|p1a: kenshiro|psn
|turn|17
|
|t:|1776090099
|switch|p2a: Sandstorm|Houndstone, F, shiny|100/100
|move|p1a: kenshiro|Close Combat|p2a: Sandstorm
|-immune|p2a: Sandstorm
|
|-weather|SunnyDay|[upkeep]
|-heal|p1a: kenshiro|28/100 psn|[from] item: Leftovers
|-damage|p1a: kenshiro|16/100 psn|[from] psn
|-ability|p1a: kenshiro|Speed Boost|boost
|-boost|p1a: kenshiro|spe|1
|upkeep
|turn|18
|
|t:|1776090106
|move|p1a: kenshiro|Protect|p1a: kenshiro
|-singleturn|p1a: kenshiro|Protect
|move|p2a: Sandstorm|Body Press|p1a: kenshiro
|-activate|p1a: kenshiro|move: Protect
|
|-weather|SunnyDay|[upkeep]
|-heal|p1a: kenshiro|22/100 psn|[from] item: Leftovers
|-damage|p1a: kenshiro|10/100 psn|[from] psn
|-ability|p1a: kenshiro|Speed Boost|boost
|-boost|p1a: kenshiro|spe|1
|upkeep
|turn|19
|
|t:|1776090111
|move|p1a: kenshiro|Flare Blitz|p2a: Sandstorm
|-damage|p2a: Sandstorm|36/100
|-damage|p1a: kenshiro|0 fnt|[from] Recoil
|faint|p1a: kenshiro
|move|p2a: Sandstorm|Body Press|p1: kenshiro|[notarget]
|-fail|p2a: Sandstorm
|
|-weather|none
|upkeep
|
|t:|1776090119
|switch|p1a: Kokushibo|Iron Moth|100/100
|-sideend|p1: JonyPedro|move: Toxic Spikes|[of] p1a: Kokushibo
|-enditem|p1a: Kokushibo|Booster Energy
|-activate|p1a: Kokushibo|ability: Quark Drive|[fromitem]
|-start|p1a: Kokushibo|quarkdrivespe
|turn|20
|
|t:|1776090136
|move|p1a: Kokushibo|Fiery Dance|p2a: Sandstorm
|-damage|p2a: Sandstorm|0 fnt
|-boost|p1a: Kokushibo|spa|1
|faint|p2a: Sandstorm
|
|upkeep
|
|t:|1776090141
|switch|p2a: Pink thing|Clefable, F|100/100
|turn|21
|
|t:|1776090145
|-terastallize|p2a: Pink thing|Fire
|move|p1a: Kokushibo|Sludge Wave|p2a: Pink thing
|-damage|p2a: Pink thing|35/100
|-status|p2a: Pink thing|psn
|move|p2a: Pink thing|Cosmic Power|p2a: Pink thing
|-boost|p2a: Pink thing|def|1
|-boost|p2a: Pink thing|spd|1
|
|upkeep
|turn|22
|
|t:|1776090154
|move|p1a: Kokushibo|Sludge Wave|p2a: Pink thing
|-damage|p2a: Pink thing|0 fnt
|faint|p2a: Pink thing
|
|upkeep
|
|t:|1776090159
|switch|p2a: 土蛇(tsuchi hebi)|Dudunsparce-Three-Segment, F|44/100
|turn|23
|
|t:|1776090163
|move|p1a: Kokushibo|Fiery Dance|p2a: 土蛇(tsuchi hebi)
|-damage|p2a: 土蛇(tsuchi hebi)|0 fnt
|faint|p2a: 土蛇(tsuchi hebi)
|
|upkeep
|
|t:|1776090165
|switch|p2a: Kanabō|Ogerpon-Wellspring, F|49/100
|turn|24
|
|t:|1776090167
|move|p1a: Kokushibo|Sludge Wave|p2a: Kanabō
|-supereffective|p2a: Kanabō
|-crit|p2a: Kanabō
|-damage|p2a: Kanabō|0 fnt
|faint|p2a: Kanabō
|
|win|JonyPedro
|raw|JonyPedro's rating: 1136 &rarr; <strong>1160</strong><br />(+24 for winning)
|raw|Tsucci Hebi's rating: 1127 &rarr; <strong>1103</strong><br />(-24 for losing)
|l| ohko_smeargle
|l|☆JonyPedro
|player|p1|
|l|☆Tsucci Hebi
|player|p2|
