|html|<div class="broadcast-blue"><strong>[Gen 9] OU is currently suspecting Tera Blast! For information on how to participate check out the <a href="https://www.smogon.com/tools/suspects/view/200">suspect thread</a>.</strong></div>
|j|☆BFromTheMFBay
|j|☆Jeaph
|t:|1776039255
|gametype|singles
|player|p1|BFromTheMFBay|265|1412
|player|p2|Jeaph|beauty-gen4dp|1413
|gen|9
|tier|[Gen 9] OU
|rated|
|rule|HP Percentage Mod: HP is shown in percentages
|rule|Endless Battle Clause: Forcing endless battles is banned
|rule|Species Clause: Limit one of each Pokémon
|rule|OHKO Clause: OHKO moves are banned
|rule|Evasion Items Clause: Evasion items are banned
|rule|Evasion Moves Clause: Evasion moves are banned
|rule|Evasion Abilities Clause: Evasion abilities are banned
|rule|Sleep Moves Clause: Sleep-inducing moves are banned
|clearpoke
|poke|p1|Hydrapple, M|
|poke|p1|Tyranitar, F|
|poke|p1|Moltres|
|poke|p1|Zamazenta-*|
|poke|p1|Slowking-Galar, M|
|poke|p1|Excadrill, F|
|poke|p2|Inteleon, M|
|poke|p2|Pelipper, F|
|poke|p2|Alomomola, M|
|poke|p2|Barraskewda, M|
|poke|p2|Iron Treads|
|poke|p2|Blissey, F|
|teampreview
|
|t:|1776039273
|teamsize|p1|6
|teamsize|p2|6
|start
|switch|p1a: Tyranitar|Tyranitar, F|100/100
|switch|p2a: Rowland|Iron Treads|100/100
|-weather|Sandstorm|[from] ability: Sand Stream|[of] p1a: Tyranitar
|-enditem|p2a: Rowland|Booster Energy
|-activate|p2a: Rowland|ability: Quark Drive|[fromitem]
|-start|p2a: Rowland|quarkdrivespe
|turn|1
|c|☆BFromTheMFBay|hf
|inactive|Battle timer is ON: inactive players will automatically lose when time's up. (requested by BFromTheMFBay)
|
|t:|1776039289
|move|p2a: Rowland|Knock Off|p1a: Tyranitar
|-resisted|p1a: Tyranitar
|-damage|p1a: Tyranitar|88/100
|-enditem|p1a: Tyranitar|Smooth Rock|[from] move: Knock Off|[of] p2a: Rowland
|move|p1a: Tyranitar|Ice Beam|p2a: Rowland
|-damage|p2a: Rowland|70/100
|
|-weather|Sandstorm|[upkeep]
|upkeep
|turn|2
|
|t:|1776039306
|switch|p1a: Hydrapple|Hydrapple, M|100/100
|move|p2a: Rowland|Earthquake|p1a: Hydrapple
|-resisted|p1a: Hydrapple
|-damage|p1a: Hydrapple|86/100
|
|-weather|Sandstorm|[upkeep]
|-damage|p1a: Hydrapple|80/100|[from] Sandstorm
|upkeep
|turn|3
|
|t:|1776039323
|move|p2a: Rowland|Stealth Rock|p1a: Hydrapple
|-sidestart|p1: BFromTheMFBay|move: Stealth Rock
|move|p1a: Hydrapple|Giga Drain|p2a: Rowland
|-crit|p2a: Rowland
|-damage|p2a: Rowland|3/100
|-heal|p1a: Hydrapple|100/100|[from] drain|[of] p2a: Rowland
|
|-weather|Sandstorm|[upkeep]
|-damage|p1a: Hydrapple|94/100|[from] Sandstorm
|upkeep
|turn|4
|
|t:|1776039333
|-end|p2a: Rowland|Quark Drive|[silent]
|switch|p2a: Deeper|Pelipper, F|100/100
|-weather|RainDance|[from] ability: Drizzle|[of] p2a: Deeper
|move|p1a: Hydrapple|Earth Power|p2a: Deeper
|-immune|p2a: Deeper
|
|-weather|RainDance|[upkeep]
|upkeep
|turn|5
|
|t:|1776039350
|switch|p1a: Tyranitar|Tyranitar, F|88/100
|-damage|p1a: Tyranitar|76/100|[from] Stealth Rock
|-weather|Sandstorm|[from] ability: Sand Stream|[of] p1a: Tyranitar
|move|p2a: Deeper|U-turn|p1a: Tyranitar
|-supereffective|p1a: Tyranitar
|-damage|p1a: Tyranitar|62/100
|
|t:|1776039359
|switch|p2a: Gideon|Inteleon, M|100/100|[from] U-turn
|
|-weather|Sandstorm|[upkeep]
|-damage|p2a: Gideon|94/100|[from] Sandstorm
|upkeep
|turn|6
|
|t:|1776039375
|move|p2a: Gideon|Snipe Shot|p1a: Tyranitar
|-supereffective|p1a: Tyranitar
|-damage|p1a: Tyranitar|15/100
|move|p1a: Tyranitar|Knock Off|p2a: Gideon
|-damage|p2a: Gideon|25/100
|-enditem|p2a: Gideon|Choice Specs|[from] move: Knock Off|[of] p1a: Tyranitar
|
|-weather|Sandstorm|[upkeep]
|-damage|p2a: Gideon|19/100|[from] Sandstorm
|upkeep
|turn|7
|
|t:|1776039392
|move|p2a: Gideon|Ice Beam|p1a: Tyranitar
|-damage|p1a: Tyranitar|2/100
|move|p1a: Tyranitar|Stealth Rock|p2a: Gideon
|-sidestart|p2: Jeaph|move: Stealth Rock
|
|-weather|Sandstorm|[upkeep]
|-damage|p2a: Gideon|13/100|[from] Sandstorm
|upkeep
|turn|8
|inactive|BFromTheMFBay has 120 seconds left.
|
|t:|1776039409
|move|p2a: Gideon|Snipe Shot|p1a: Tyranitar
|-supereffective|p1a: Tyranitar
|-crit|p1a: Tyranitar
|-damage|p1a: Tyranitar|0 fnt
|faint|p1a: Tyranitar
|
|-weather|Sandstorm|[upkeep]
|-damage|p2a: Gideon|7/100|[from] Sandstorm
|upkeep
|inactive|BFromTheMFBay has 120 seconds left.
|
|t:|1776039425
|switch|p1a: Excadrill|Excadrill, F|100/100
|-damage|p1a: Excadrill|97/100|[from] Stealth Rock
|-item|p1a: Excadrill|Air Balloon
|turn|9
|
|t:|1776039443
|switch|p2a: Phylis|Alomomola, M|100/100
|-damage|p2a: Phylis|88/100|[from] Stealth Rock
|move|p1a: Excadrill|Rapid Spin|p2a: Phylis
|-damage|p2a: Phylis|79/100
|-boost|p1a: Excadrill|spe|1
|-sideend|p1: BFromTheMFBay|Stealth Rock|[from] move: Rapid Spin|[of] p1a: Excadrill
|
|-weather|none
|-heal|p2a: Phylis|86/100|[from] item: Leftovers
|upkeep
|turn|10
|
|t:|1776039461
|switch|p1a: Hydrapple|Hydrapple, M|100/100
|move|p2a: Phylis|Flip Turn|p1a: Hydrapple
|-resisted|p1a: Hydrapple
|-damage|p1a: Hydrapple|98/100
|
|t:|1776039471
|switch|p2a: Deeper|Pelipper, F|100/100|[from] Flip Turn
|-damage|p2a: Deeper|76/100|[from] Stealth Rock
|-weather|RainDance|[from] ability: Drizzle|[of] p2a: Deeper
|
|-weather|RainDance|[upkeep]
|upkeep
|turn|11
|
|t:|1776039488
|switch|p1a: Slowking|Slowking-Galar, M|100/100
|move|p2a: Deeper|Ice Beam|p1a: Slowking
|-damage|p1a: Slowking|86/100
|
|-weather|RainDance|[upkeep]
|upkeep
|turn|12
|
|t:|1776039507
|move|p2a: Deeper|Weather Ball|p1a: Slowking
|-damage|p1a: Slowking|48/100
|move|p1a: Slowking|Sludge Bomb|p2a: Deeper
|-damage|p2a: Deeper|25/100
|
|-weather|RainDance|[upkeep]
|upkeep
|turn|13
|inactive|Jeaph has 120 seconds left.
|
|t:|1776039554
|move|p2a: Deeper|Weather Ball|p1a: Slowking
|-damage|p1a: Slowking|10/100
|move|p1a: Slowking|Sludge Bomb|p2a: Deeper
|-damage|p2a: Deeper|0 fnt
|faint|p2a: Deeper
|
|-weather|RainDance|[upkeep]
|upkeep
|-message|Jeaph forfeited.
|
|win|BFromTheMFBay
|raw|BFromTheMFBay's rating: 1412 &rarr; <strong>1432</strong><br />(+20 for winning)
|raw|Jeaph's rating: 1413 &rarr; <strong>1393</strong><br />(-20 for losing)
|c|☆BFromTheMFBay|gg
|l|☆Jeaph
|player|p2|
|l|☆BFromTheMFBay
|player|p1|
