|html|<div class="broadcast-blue"><strong>[Gen 9] OU is currently suspecting Tera Blast! For information on how to participate check out the <a href="https://www.smogon.com/tools/suspects/view/200">suspect thread</a>.</strong></div>
|j|☆mokaka765
|j|☆brimas22
|t:|1776086398
|gametype|singles
|player|p1|mokaka765|roxie|1162
|player|p2|brimas22|cynthia-gen4|1205
|gen|9
|tier|[Gen 9] OU
|rated|
|rule|HP Percentage Mod: HP is shown in percentages
|rule|Endless Battle Clause: Forcing endless battles is banned
|rule|Species Clause: Limit one of each Pokémon
|rule|OHKO Clause: OHKO moves are banned
|rule|Evasion Items Clause: Evasion items are banned
|rule|Evasion Moves Clause: Evasion moves are banned
|rule|Evasion Abilities Clause: Evasion abilities are banned
|rule|Sleep Moves Clause: Sleep-inducing moves are banned
|clearpoke
|poke|p1|Iron Moth|
|poke|p1|Gliscor, M|
|poke|p1|Hatterene, F|
|poke|p1|Ogerpon-Wellspring, F|
|poke|p1|Raging Bolt|
|poke|p1|Zamazenta-*|
|poke|p2|Sableye, M|
|poke|p2|Darkrai|
|poke|p2|Ceruledge, F|
|poke|p2|Corviknight, F|
|poke|p2|Mamoswine, M|
|poke|p2|Lanturn, M|
|teampreview
|inactive|Battle timer is ON: inactive players will automatically lose when time's up. (requested by brimas22)
|
|t:|1776086410
|teamsize|p1|6
|teamsize|p2|6
|start
|switch|p1a: Zamazenta|Zamazenta|100/100
|switch|p2a: Corviknight|Corviknight, F|100/100
|-ability|p1a: Zamazenta|Dauntless Shield|boost
|-boost|p1a: Zamazenta|def|1
|-ability|p2a: Corviknight|Pressure
|turn|1
|
|t:|1776086419
|switch|p2a: Sableye|Sableye, M, shiny|100/100
|move|p1a: Zamazenta|Light Screen|p1a: Zamazenta
|-sidestart|p1: mokaka765|move: Light Screen
|
|upkeep
|turn|2
|
|t:|1776086434
|switch|p1a: Gliscor|Gliscor, M|100/100
|move|p2a: Sableye|Encore||[still]
|-fail|p2a: Sableye
|
|-status|p1a: Gliscor|tox|[from] item: Toxic Orb
|upkeep
|turn|3
|
|t:|1776086442
|move|p1a: Gliscor|Swords Dance|p1a: Gliscor
|-boost|p1a: Gliscor|atk|2
|move|p2a: Sableye|Foul Play|p1a: Gliscor
|-damage|p1a: Gliscor|33/100 tox
|
|-heal|p1a: Gliscor|45/100 tox|[from] ability: Poison Heal
|upkeep
|turn|4
|
|t:|1776086454
|-terastallize|p1a: Gliscor|Normal
|move|p2a: Sableye|Encore|p1a: Gliscor
|-start|p1a: Gliscor|Encore
|move|p1a: Gliscor|Swords Dance|p1a: Gliscor
|-boost|p1a: Gliscor|atk|2
|
|-heal|p1a: Gliscor|58/100 tox|[from] ability: Poison Heal
|upkeep
|turn|5
|
|t:|1776086477
|switch|p1a: Iron Moth|Iron Moth|100/100
|-enditem|p1a: Iron Moth|Booster Energy
|-activate|p1a: Iron Moth|ability: Quark Drive|[fromitem]
|-start|p1a: Iron Moth|quarkdrivespe
|move|p2a: Sableye|Foul Play|p1a: Iron Moth
|-damage|p1a: Iron Moth|71/100
|
|upkeep
|turn|6
|
|t:|1776086489
|switch|p2a: Lanturn|Lanturn, M|100/100
|move|p1a: Iron Moth|Toxic Spikes|p2a: Lanturn
|-sidestart|p2: brimas22|move: Toxic Spikes
|
|upkeep
|turn|7
|
|t:|1776086499
|move|p1a: Iron Moth|Sludge Wave|p2a: Lanturn
|-damage|p2a: Lanturn|78/100
|move|p2a: Lanturn|Volt Switch|p1a: Iron Moth
|-damage|p1a: Iron Moth|60/100
|
|t:|1776086501
|switch|p2a: Corviknight|Corviknight, F|100/100|[from] Volt Switch
|-ability|p2a: Corviknight|Pressure
|
|upkeep
|turn|8
|
|t:|1776086516
|move|p2a: Corviknight|Defog|p1a: Iron Moth
|-unboost|p1a: Iron Moth|evasion|1
|-sideend|p1: mokaka765|move: Light Screen
|-sideend|p2: brimas22|Toxic Spikes|[from] move: Defog|[of] p2a: Corviknight
|move|p1a: Iron Moth|Whirlwind|p2a: Corviknight
|drag|p2a: Lanturn|Lanturn, M|78/100
|
|upkeep
|turn|9
|
|t:|1776086530
|move|p2a: Lanturn|Volt Switch|p1a: Iron Moth
|-damage|p1a: Iron Moth|41/100
|
|t:|1776086536
|switch|p2a: Darkrai|Darkrai, shiny|100/100|[from] Volt Switch
|move|p1a: Iron Moth|Whirlwind|p2a: Darkrai
|drag|p2a: Lanturn|Lanturn, M|78/100
|
|upkeep
|turn|10
|
|t:|1776086550
|-end|p1a: Iron Moth|Quark Drive|[silent]
|switch|p1a: Raging Bolt|Raging Bolt|100/100
|-enditem|p1a: Raging Bolt|Booster Energy
|-activate|p1a: Raging Bolt|ability: Protosynthesis|[fromitem]
|-start|p1a: Raging Bolt|protosynthesisspa
|move|p2a: Lanturn|Scald|p1a: Raging Bolt
|-resisted|p1a: Raging Bolt
|-damage|p1a: Raging Bolt|89/100
|-status|p1a: Raging Bolt|brn
|
|-damage|p1a: Raging Bolt|83/100 brn|[from] brn
|upkeep
|turn|11
|
|t:|1776086563
|move|p1a: Raging Bolt|Thunderclap|p2a: Lanturn
|-damage|p2a: Lanturn|50/100
|move|p2a: Lanturn|Dazzling Gleam|p1a: Raging Bolt
|-supereffective|p1a: Raging Bolt
|-damage|p1a: Raging Bolt|49/100 brn
|
|-damage|p1a: Raging Bolt|43/100 brn|[from] brn
|upkeep
|turn|12
|
|t:|1776086572
|switch|p2a: Mamoswine|Mamoswine, M|100/100
|move|p1a: Raging Bolt|Dragon Pulse|p2a: Mamoswine
|-damage|p2a: Mamoswine|19/100
|
|-damage|p1a: Raging Bolt|37/100 brn|[from] brn
|upkeep
|turn|13
|
|t:|1776086584
|-end|p1a: Raging Bolt|Protosynthesis|[silent]
|switch|p1a: Zamazenta|Zamazenta|100/100
|move|p2a: Mamoswine|Earthquake|p1a: Zamazenta
|-damage|p1a: Zamazenta|38/100
|-damage|p2a: Mamoswine|9/100|[from] item: Life Orb
|
|upkeep
|turn|14
|
|t:|1776086593
|switch|p2a: Sableye|Sableye, M, shiny|100/100
|move|p1a: Zamazenta|Close Combat|p2a: Sableye
|-immune|p2a: Sableye
|
|upkeep
|turn|15
|
|t:|1776086605
|move|p2a: Sableye|Will-O-Wisp|p1a: Zamazenta
|-status|p1a: Zamazenta|brn
|move|p1a: Zamazenta|Light Screen|p1a: Zamazenta
|-sidestart|p1: mokaka765|move: Light Screen
|
|-damage|p1a: Zamazenta|32/100 brn|[from] brn
|upkeep
|turn|16
|
|t:|1776086614
|switch|p1a: Ogerpon|Ogerpon-Wellspring, F|100/100
|switch|p2a: Corviknight|Corviknight, F|100/100
|-ability|p2a: Corviknight|Pressure
|
|upkeep
|turn|17
|
|t:|1776086626
|move|p1a: Ogerpon|Trailblaze|p2a: Corviknight
|-resisted|p2a: Corviknight
|-damage|p2a: Corviknight|95/100
|-boost|p1a: Ogerpon|spe|1
|-damage|p1a: Ogerpon|84/100|[from] item: Rocky Helmet|[of] p2a: Corviknight
|move|p2a: Corviknight|Defog|p1a: Ogerpon
|-unboost|p1a: Ogerpon|evasion|1
|-sideend|p1: mokaka765|move: Light Screen
|
|upkeep
|turn|18
|
|t:|1776086643
|move|p1a: Ogerpon|Encore|p2a: Corviknight
|-start|p2a: Corviknight|Encore
|move|p2a: Corviknight|Defog|p1a: Ogerpon
|-unboost|p1a: Ogerpon|evasion|1
|
|upkeep
|turn|19
|
|t:|1776086650
|switch|p2a: Sableye|Sableye, M, shiny|100/100
|move|p1a: Ogerpon|Ivy Cudgel|p2a: Sableye|[anim] Ivy Cudgel Water
|-damage|p2a: Sableye|35/100
|
|upkeep
|turn|20
|
|t:|1776086662
|switch|p2a: Lanturn|Lanturn, M|50/100
|move|p1a: Ogerpon|Ivy Cudgel|p2a: Lanturn|[anim] Ivy Cudgel Water
|-heal|p2a: Lanturn|75/100|[from] ability: Water Absorb|[of] p1a: Ogerpon
|
|upkeep
|turn|21
|
|t:|1776086674
|move|p1a: Ogerpon|Trailblaze|p2a: Lanturn
|-supereffective|p2a: Lanturn
|-damage|p2a: Lanturn|0 fnt
|-boost|p1a: Ogerpon|spe|1
|faint|p2a: Lanturn
|
|upkeep
|
|t:|1776086677
|switch|p2a: Ceruledge|Ceruledge, F|100/100
|turn|22
|
|t:|1776086686
|move|p1a: Ogerpon|Ivy Cudgel|p2a: Ceruledge|[anim] Ivy Cudgel Water
|-supereffective|p2a: Ceruledge
|-enditem|p2a: Ceruledge|Focus Sash
|-damage|p2a: Ceruledge|1/100
|-ability|p2a: Ceruledge|Weak Armor|boost
|-unboost|p2a: Ceruledge|def|1
|-boost|p2a: Ceruledge|spe|2
|move|p2a: Ceruledge|Swords Dance|p2a: Ceruledge
|-boost|p2a: Ceruledge|atk|2
|
|upkeep
|turn|23
|
|t:|1776086701
|move|p1a: Ogerpon|Ivy Cudgel|p2a: Ceruledge|[anim] Ivy Cudgel Water
|-supereffective|p2a: Ceruledge
|-crit|p2a: Ceruledge
|-damage|p2a: Ceruledge|0 fnt
|faint|p2a: Ceruledge
|
|upkeep
|
|t:|1776086708
|switch|p2a: Sableye|Sableye, M, shiny|35/100
|turn|24
|
|t:|1776086713
|move|p2a: Sableye|Will-O-Wisp|p1a: Ogerpon
|-status|p1a: Ogerpon|brn
|move|p1a: Ogerpon|Trailblaze|p2a: Sableye
|-damage|p2a: Sableye|21/100
|-boost|p1a: Ogerpon|spe|1
|
|-damage|p1a: Ogerpon|78/100 brn|[from] brn
|upkeep
|turn|25
|
|t:|1776086724
|move|p2a: Sableye|Recover|p2a: Sableye
|-heal|p2a: Sableye|71/100
|move|p1a: Ogerpon|Ivy Cudgel|p2a: Sableye|[anim] Ivy Cudgel Water
|-damage|p2a: Sableye|39/100
|
|-damage|p1a: Ogerpon|72/100 brn|[from] brn
|upkeep
|turn|26
|
|t:|1776086734
|move|p2a: Sableye|Recover|p2a: Sableye
|-heal|p2a: Sableye|89/100
|move|p1a: Ogerpon|Ivy Cudgel|p2a: Sableye|[anim] Ivy Cudgel Water
|-crit|p2a: Sableye
|-damage|p2a: Sableye|41/100
|
|-damage|p1a: Ogerpon|66/100 brn|[from] brn
|upkeep
|turn|27
|
|t:|1776086745
|move|p2a: Sableye|Recover|p2a: Sableye
|-heal|p2a: Sableye|91/100
|move|p1a: Ogerpon|Swords Dance|p1a: Ogerpon
|-boost|p1a: Ogerpon|atk|2
|
|-damage|p1a: Ogerpon|60/100 brn|[from] brn
|upkeep
|turn|28
|
|t:|1776086754
|move|p2a: Sableye|Encore|p1a: Ogerpon
|-start|p1a: Ogerpon|Encore
|move|p1a: Ogerpon|Swords Dance|p1a: Ogerpon
|-boost|p1a: Ogerpon|atk|2
|
|-damage|p1a: Ogerpon|54/100 brn|[from] brn
|upkeep
|turn|29
|
|t:|1776086763
|move|p1a: Ogerpon|Swords Dance|p1a: Ogerpon
|-boost|p1a: Ogerpon|atk|2
|move|p2a: Sableye|Foul Play|p1a: Ogerpon
|-damage|p1a: Ogerpon|0 fnt
|faint|p1a: Ogerpon
|
|upkeep
|
|t:|1776086776
|switch|p1a: Hatterene|Hatterene, F|100/100
|turn|30
|
|t:|1776086787
|switch|p2a: Corviknight|Corviknight, F|95/100
|-ability|p2a: Corviknight|Pressure
|switch|p1a: Gliscor|Gliscor, M, tera:Normal|58/100 tox
|
|-heal|p1a: Gliscor|70/100 tox|[from] ability: Poison Heal
|upkeep
|turn|31
|
|t:|1776086801
|switch|p1a: Raging Bolt|Raging Bolt|37/100 brn
|move|p2a: Corviknight|Iron Head|p1a: Raging Bolt
|-resisted|p1a: Raging Bolt
|-damage|p1a: Raging Bolt|26/100 brn
|
|-damage|p1a: Raging Bolt|20/100 brn|[from] brn
|upkeep
|turn|32
|
|t:|1776086810
|move|p1a: Raging Bolt|Thunderclap||[still]
|-fail|p1a: Raging Bolt
|move|p2a: Corviknight|Roost|p2a: Corviknight
|-heal|p2a: Corviknight|100/100
|-singleturn|p2a: Corviknight|move: Roost
|
|-damage|p1a: Raging Bolt|14/100 brn|[from] brn
|upkeep
|turn|33
|
|t:|1776086819
|move|p1a: Raging Bolt|Dragon Pulse|p2a: Corviknight
|-resisted|p2a: Corviknight
|-damage|p2a: Corviknight|74/100
|move|p2a: Corviknight|Roost|p2a: Corviknight
|-heal|p2a: Corviknight|100/100
|-singleturn|p2a: Corviknight|move: Roost
|
|-damage|p1a: Raging Bolt|7/100 brn|[from] brn
|upkeep
|turn|34
|
|t:|1776086829
|move|p1a: Raging Bolt|Thunderbolt|p2a: Corviknight
|-supereffective|p2a: Corviknight
|-damage|p2a: Corviknight|4/100
|move|p2a: Corviknight|Iron Head|p1a: Raging Bolt
|-resisted|p1a: Raging Bolt
|-damage|p1a: Raging Bolt|0 fnt
|faint|p1a: Raging Bolt
|-end|p1a: Raging Bolt|Protosynthesis|[silent]
|
|upkeep
|
|t:|1776086839
|switch|p1a: Zamazenta|Zamazenta|32/100 brn
|turn|35
|
|t:|1776086843
|switch|p2a: Sableye|Sableye, M, shiny|91/100
|move|p1a: Zamazenta|Ice Fang|p2a: Sableye
|-damage|p2a: Sableye|81/100
|
|-damage|p1a: Zamazenta|26/100 brn|[from] brn
|upkeep
|turn|36
|
|t:|1776086853
|move|p2a: Sableye|Encore|p1a: Zamazenta
|-start|p1a: Zamazenta|Encore
|move|p1a: Zamazenta|Ice Fang|p2a: Sableye
|-damage|p2a: Sableye|73/100
|
|-damage|p1a: Zamazenta|19/100 brn|[from] brn
|upkeep
|turn|37
|
|t:|1776086865
|switch|p1a: Hatterene|Hatterene, F|100/100
|move|p2a: Sableye|Foul Play|p1a: Hatterene
|-damage|p1a: Hatterene|81/100
|
|-heal|p1a: Hatterene|87/100|[from] item: Leftovers
|upkeep
|turn|38
|
|t:|1776086877
|switch|p2a: Corviknight|Corviknight, F|4/100
|-ability|p2a: Corviknight|Pressure
|move|p1a: Hatterene|Draining Kiss|p2a: Corviknight
|-resisted|p2a: Corviknight
|-damage|p2a: Corviknight|0 fnt
|-heal|p1a: Hatterene|90/100|[from] drain|[of] p2a: Corviknight
|-damage|p1a: Hatterene|73/100|[from] item: Rocky Helmet|[of] p2a: Corviknight
|faint|p2a: Corviknight
|
|-heal|p1a: Hatterene|79/100|[from] item: Leftovers
|upkeep
|
|t:|1776086883
|switch|p2a: Darkrai|Darkrai, shiny|100/100
|turn|39
|
|t:|1776086896
|-terastallize|p2a: Darkrai|Ghost
|move|p2a: Darkrai|Nasty Plot|p2a: Darkrai
|-boost|p2a: Darkrai|spa|2
|move|p1a: Hatterene|Draining Kiss|p2a: Darkrai
|-damage|p2a: Darkrai|72/100
|-heal|p1a: Hatterene|98/100|[from] drain|[of] p2a: Darkrai
|
|-heal|p1a: Hatterene|100/100|[from] item: Leftovers
|upkeep
|turn|40
|
|t:|1776086911
|move|p2a: Darkrai|Dark Pulse|p1a: Hatterene
|-damage|p1a: Hatterene|0 fnt
|faint|p1a: Hatterene
|-damage|p2a: Darkrai|62/100|[from] item: Life Orb
|
|upkeep
|
|t:|1776086921
|switch|p1a: Iron Moth|Iron Moth|41/100
|turn|41
|
|t:|1776086926
|move|p2a: Darkrai|Dark Pulse|p1a: Iron Moth
|-damage|p1a: Iron Moth|0 fnt
|faint|p1a: Iron Moth
|-end|p1a: Iron Moth|Quark Drive|[silent]
|-damage|p2a: Darkrai|52/100|[from] item: Life Orb
|
|upkeep
|
|t:|1776086933
|switch|p1a: Gliscor|Gliscor, M, tera:Normal|70/100 tox
|turn|42
|
|t:|1776086938
|move|p2a: Darkrai|Focus Blast|p1a: Gliscor
|-supereffective|p1a: Gliscor
|-damage|p1a: Gliscor|0 fnt
|faint|p1a: Gliscor
|-damage|p2a: Darkrai|42/100|[from] item: Life Orb
|
|upkeep
|
|t:|1776086944
|switch|p1a: Zamazenta|Zamazenta|19/100 brn
|turn|43
|c|☆brimas22|gg
|
|t:|1776086948
|move|p1a: Zamazenta|Reflect|p1a: Zamazenta
|-sidestart|p1: mokaka765|Reflect
|move|p2a: Darkrai|Dark Pulse|p1a: Zamazenta
|-resisted|p1a: Zamazenta
|-damage|p1a: Zamazenta|0 fnt
|faint|p1a: Zamazenta
|-damage|p2a: Darkrai|33/100|[from] item: Life Orb
|
|win|brimas22
|raw|mokaka765's rating: 1162 &rarr; <strong>1140</strong><br />(-22 for losing)
|raw|brimas22's rating: 1205 &rarr; <strong>1227</strong><br />(+22 for winning)
|l|☆brimas22
|player|p2|
|l|☆mokaka765
|player|p1|
