|html|<div class="broadcast-blue"><strong>[Gen 9] OU is currently suspecting Tera Blast! For information on how to participate check out the <a href="https://www.smogon.com/tools/suspects/view/200">suspect thread</a>.</strong></div>
|j|☆fraaaxn
|j|☆icylikedecember
|t:|1776055972
|gametype|singles
|player|p1|fraaaxn|unknownf|1620
|player|p2|icylikedecember|skierf|1621
|gen|9
|tier|[Gen 9] OU
|rated|
|rule|HP Percentage Mod: HP is shown in percentages
|rule|Endless Battle Clause: Forcing endless battles is banned
|rule|Species Clause: Limit one of each Pokémon
|rule|OHKO Clause: OHKO moves are banned
|rule|Evasion Items Clause: Evasion items are banned
|rule|Evasion Moves Clause: Evasion moves are banned
|rule|Evasion Abilities Clause: Evasion abilities are banned
|rule|Sleep Moves Clause: Sleep-inducing moves are banned
|clearpoke
|poke|p1|Dragonite, F|
|poke|p1|Gliscor, F|
|poke|p1|Great Tusk|
|poke|p1|Meowscarada, M|
|poke|p1|Gholdengo|
|poke|p1|Samurott-Hisui, F|
|poke|p2|Landorus-Therian, M|
|poke|p2|Corviknight, M|
|poke|p2|Slowking-Galar, F|
|poke|p2|Crawdaunt, M|
|poke|p2|Darkrai|
|poke|p2|Gholdengo|
|teampreview
|inactive|Battle timer is ON: inactive players will automatically lose when time's up. (requested by fraaaxn)
|
|t:|1776055983
|teamsize|p1|6
|teamsize|p2|6
|start
|switch|p1a: Meowscarada|Meowscarada, M|100/100
|switch|p2a: Corviknight|Corviknight, M, shiny|100/100
|-ability|p2a: Corviknight|Pressure
|turn|1
|
|t:|1776056000
|switch|p1a: Great Tusk|Great Tusk|100/100
|move|p2a: Corviknight|U-turn|p1a: Great Tusk
|-resisted|p1a: Great Tusk
|-damage|p1a: Great Tusk|95/100
|
|t:|1776056010
|switch|p2a: Darkrai|Darkrai|100/100|[from] U-turn
|
|upkeep
|turn|2
|
|t:|1776056013
|-end|p1a: Great Tusk|Protosynthesis|[silent]
|switch|p1a: Samurott|Samurott-Hisui, F|100/100
|move|p2a: Darkrai|Ice Beam|p1a: Samurott
|-resisted|p1a: Samurott
|-damage|p1a: Samurott|90/100
|
|upkeep
|turn|3
|
|t:|1776056018
|move|p2a: Darkrai|Focus Blast|p1a: Samurott|[miss]
|-miss|p2a: Darkrai|p1a: Samurott
|move|p1a: Samurott|Ceaseless Edge|p2a: Darkrai
|-resisted|p2a: Darkrai
|-damage|p2a: Darkrai|75/100
|-sidestart|p2: icylikedecember|Spikes
|
|upkeep
|turn|4
|
|t:|1776056026
|move|p2a: Darkrai|Focus Blast|p1a: Samurott|[miss]
|-miss|p2a: Darkrai|p1a: Samurott
|move|p1a: Samurott|Ceaseless Edge|p2a: Darkrai
|-resisted|p2a: Darkrai
|-damage|p2a: Darkrai|45/100
|-sidestart|p2: icylikedecember|Spikes
|
|upkeep
|turn|5
|
|t:|1776056031
|move|p2a: Darkrai|Dark Pulse|p1a: Samurott
|-resisted|p1a: Samurott
|-damage|p1a: Samurott|73/100
|move|p1a: Samurott|Razor Shell|p2a: Darkrai
|-damage|p2a: Darkrai|0 fnt
|faint|p2a: Darkrai
|
|upkeep
|
|t:|1776056037
|switch|p2a: Corviknight|Corviknight, M, shiny|100/100
|-ability|p2a: Corviknight|Pressure
|turn|6
|
|t:|1776056039
|move|p1a: Samurott|Knock Off|p2a: Corviknight
|-damage|p2a: Corviknight|74/100
|-enditem|p2a: Corviknight|Leftovers|[from] move: Knock Off|[of] p1a: Samurott
|move|p2a: Corviknight|U-turn|p1a: Samurott
|-supereffective|p1a: Samurott
|-damage|p1a: Samurott|42/100
|
|t:|1776056047
|switch|p2a: Landorus|Landorus-Therian, M|100/100|[from] U-turn
|-ability|p2a: Landorus|Intimidate|boost
|-unboost|p1a: Samurott|atk|1
|
|upkeep
|turn|7
|
|t:|1776056053
|switch|p1a: Gliscor|Gliscor, F|100/100
|move|p2a: Landorus|U-turn|p1a: Gliscor
|-resisted|p1a: Gliscor
|-damage|p1a: Gliscor|92/100
|
|t:|1776056056
|switch|p2a: Crawdaunt|Crawdaunt, M|100/100|[from] U-turn
|-damage|p2a: Crawdaunt|84/100|[from] Spikes
|
|-status|p1a: Gliscor|tox|[from] item: Toxic Orb
|upkeep
|turn|8
|
|t:|1776056067
|switch|p1a: Samurott|Samurott-Hisui, F|42/100
|move|p2a: Crawdaunt|Crabhammer|p1a: Samurott
|-resisted|p1a: Samurott
|-damage|p1a: Samurott|0 fnt
|faint|p1a: Samurott
|
|upkeep
|
|t:|1776056069
|switch|p1a: Meowscarada|Meowscarada, M|100/100
|turn|9
|
|t:|1776056092
|switch|p2a: Landorus|Landorus-Therian, M|100/100
|-ability|p2a: Landorus|Intimidate|boost
|-unboost|p1a: Meowscarada|atk|1
|move|p1a: Meowscarada|U-turn|p2a: Landorus
|-start|p1a: Meowscarada|typechange|Bug|[from] ability: Protean
|-resisted|p2a: Landorus
|-crit|p2a: Landorus
|-damage|p2a: Landorus|79/100
|-damage|p1a: Meowscarada|84/100|[from] item: Rocky Helmet|[of] p2a: Landorus
|
|t:|1776056099
|switch|p1a: Gliscor|Gliscor, F|92/100 tox|[from] U-turn
|
|-heal|p1a: Gliscor|100/100 tox|[from] ability: Poison Heal
|upkeep
|turn|10
|
|t:|1776056109
|move|p2a: Landorus|U-turn|p1a: Gliscor
|-resisted|p1a: Gliscor
|-damage|p1a: Gliscor|93/100 tox
|j| Mega Delibird X
|
|t:|1776056117
|switch|p2a: Corviknight|Corviknight, M, shiny|74/100|[from] U-turn
|-ability|p2a: Corviknight|Pressure
|move|p1a: Gliscor|Toxic|p2a: Corviknight
|-immune|p2a: Corviknight
|
|-heal|p1a: Gliscor|100/100 tox|[from] ability: Poison Heal
|upkeep
|turn|11
|
|t:|1776056121
|switch|p1a: Gholdengo|Gholdengo|100/100
|move|p2a: Corviknight|Defog|p1a: Gholdengo
|-immune|p1a: Gholdengo|[from] ability: Good as Gold
|
|upkeep
|turn|12
|
|t:|1776056127
|move|p1a: Gholdengo|Shadow Ball|p2a: Corviknight
|-damage|p2a: Corviknight|32/100
|move|p2a: Corviknight|U-turn|p1a: Gholdengo
|-resisted|p1a: Gholdengo
|-damage|p1a: Gholdengo|97/100
|
|t:|1776056132
|switch|p2a: Crawdaunt|Crawdaunt, M|84/100|[from] U-turn
|-damage|p2a: Crawdaunt|68/100|[from] Spikes
|
|upkeep
|turn|13
|
|t:|1776056136
|switch|p1a: Meowscarada|Meowscarada, M|84/100
|move|p2a: Crawdaunt|Crabhammer|p1a: Meowscarada
|-resisted|p1a: Meowscarada
|-damage|p1a: Meowscarada|0 fnt
|faint|p1a: Meowscarada
|
|upkeep
|
|t:|1776056151
|switch|p1a: Great Tusk|Great Tusk|95/100
|turn|14
|
|t:|1776056158
|switch|p2a: Corviknight|Corviknight, M, shiny|32/100
|-ability|p2a: Corviknight|Pressure
|move|p1a: Great Tusk|Close Combat|p2a: Corviknight
|-damage|p2a: Corviknight|0 fnt
|-unboost|p1a: Great Tusk|def|1
|-unboost|p1a: Great Tusk|spd|1
|faint|p2a: Corviknight
|
|upkeep
|
|t:|1776056172
|switch|p2a: Crawdaunt|Crawdaunt, M|68/100
|-damage|p2a: Crawdaunt|51/100|[from] Spikes
|turn|15
|
|t:|1776056179
|-end|p1a: Great Tusk|Protosynthesis|[silent]
|switch|p1a: Dragonite|Dragonite, F|100/100
|move|p2a: Crawdaunt|Aqua Jet|p1a: Dragonite
|-resisted|p1a: Dragonite
|-damage|p1a: Dragonite|88/100
|
|upkeep
|turn|16
|
|t:|1776056184
|switch|p2a: Landorus|Landorus-Therian, M|79/100
|-ability|p2a: Landorus|Intimidate|boost
|-unboost|p1a: Dragonite|atk|1
|move|p1a: Dragonite|Dragon Dance|p1a: Dragonite
|-boost|p1a: Dragonite|atk|1
|-boost|p1a: Dragonite|spe|1
|
|upkeep
|turn|17
|
|t:|1776056189
|move|p1a: Dragonite|Dragon Dance|p1a: Dragonite
|-boost|p1a: Dragonite|atk|1
|-boost|p1a: Dragonite|spe|1
|move|p2a: Landorus|Stone Edge|p1a: Dragonite|[miss]
|-miss|p2a: Landorus|p1a: Dragonite
|
|upkeep
|turn|18
|
|t:|1776056197
|-terastallize|p1a: Dragonite|Normal
|move|p1a: Dragonite|Roost|p1a: Dragonite
|-heal|p1a: Dragonite|100/100
|move|p2a: Landorus|Stone Edge|p1a: Dragonite|[miss]
|-miss|p2a: Landorus|p1a: Dragonite
|
|upkeep
|turn|19
|
|t:|1776056203
|move|p1a: Dragonite|Dragon Dance|p1a: Dragonite
|-boost|p1a: Dragonite|atk|1
|-boost|p1a: Dragonite|spe|1
|move|p2a: Landorus|U-turn|p1a: Dragonite
|-damage|p1a: Dragonite|89/100
|
|t:|1776056205
|switch|p2a: Gholdengo|Gholdengo|100/100|[from] U-turn
|-damage|p2a: Gholdengo|84/100|[from] Spikes
|
|upkeep
|turn|20
|
|t:|1776056208
|switch|p2a: Landorus|Landorus-Therian, M|79/100
|-ability|p2a: Landorus|Intimidate|boost
|-unboost|p1a: Dragonite|atk|1
|move|p1a: Dragonite|Earthquake|p2a: Landorus
|-immune|p2a: Landorus
|
|upkeep
|turn|21
|
|t:|1776056213
|move|p1a: Dragonite|Extreme Speed|p2a: Landorus
|-damage|p2a: Landorus|16/100
|-damage|p1a: Dragonite|73/100|[from] item: Rocky Helmet|[of] p2a: Landorus
|move|p2a: Landorus|U-turn|p1a: Dragonite
|-damage|p1a: Dragonite|46/100
|
|t:|1776056219
|switch|p2a: Gholdengo|Gholdengo|84/100|[from] U-turn
|-damage|p2a: Gholdengo|67/100|[from] Spikes
|
|upkeep
|turn|22
|
|t:|1776056223
|-terastallize|p2a: Gholdengo|Fairy
|move|p1a: Dragonite|Roost|p1a: Dragonite
|-heal|p1a: Dragonite|96/100
|move|p2a: Gholdengo|Make It Rain|p1a: Dragonite
|-damage|p1a: Dragonite|32/100
|-unboost|p2a: Gholdengo|spa|1
|
|upkeep
|turn|23
|
|t:|1776056227
|move|p1a: Dragonite|Roost|p1a: Dragonite
|-heal|p1a: Dragonite|83/100
|move|p2a: Gholdengo|Make It Rain|p1a: Dragonite
|-damage|p1a: Dragonite|38/100
|-unboost|p2a: Gholdengo|spa|1
|
|upkeep
|turn|24
|
|t:|1776056230
|switch|p2a: Landorus|Landorus-Therian, M|16/100
|-ability|p2a: Landorus|Intimidate|boost
|-unboost|p1a: Dragonite|atk|1
|move|p1a: Dragonite|Roost|p1a: Dragonite
|-heal|p1a: Dragonite|88/100
|
|upkeep
|turn|25
|
|t:|1776056233
|move|p1a: Dragonite|Dragon Dance|p1a: Dragonite
|-boost|p1a: Dragonite|atk|1
|-boost|p1a: Dragonite|spe|1
|move|p2a: Landorus|Earthquake|p1a: Dragonite
|-damage|p1a: Dragonite|36/100
|
|upkeep
|turn|26
|
|t:|1776056238
|move|p1a: Dragonite|Roost|p1a: Dragonite
|-heal|p1a: Dragonite|87/100
|move|p2a: Landorus|Earthquake|p1a: Dragonite
|-damage|p1a: Dragonite|33/100
|
|upkeep
|turn|27
|
|t:|1776056240
|move|p1a: Dragonite|Extreme Speed|p2a: Landorus
|-damage|p2a: Landorus|0 fnt
|-damage|p1a: Dragonite|16/100|[from] item: Rocky Helmet|[of] p2a: Landorus
|faint|p2a: Landorus
|
|upkeep
|
|t:|1776056248
|switch|p2a: Crawdaunt|Crawdaunt, M|51/100
|-damage|p2a: Crawdaunt|35/100|[from] Spikes
|turn|28
|
|t:|1776056250
|move|p1a: Dragonite|Extreme Speed|p2a: Crawdaunt
|-damage|p2a: Crawdaunt|0 fnt
|faint|p2a: Crawdaunt
|
|upkeep
|
|t:|1776056253
|switch|p2a: Gholdengo|Gholdengo, tera:Fairy|67/100
|-damage|p2a: Gholdengo|51/100|[from] Spikes
|turn|29
|
|t:|1776056254
|move|p1a: Dragonite|Extreme Speed|p2a: Gholdengo
|-damage|p2a: Gholdengo|0 fnt
|faint|p2a: Gholdengo
|
|upkeep
|
|t:|1776056256
|switch|p2a: Slowking|Slowking-Galar, F, shiny|100/100
|-damage|p2a: Slowking|84/100|[from] Spikes
|turn|30
|
|t:|1776056258
|move|p1a: Dragonite|Earthquake|p2a: Slowking
|-supereffective|p2a: Slowking
|-damage|p2a: Slowking|0 fnt
|faint|p2a: Slowking
|
|win|fraaaxn
|raw|fraaaxn's rating: 1620 &rarr; <strong>1640</strong><br />(+20 for winning)
|raw|icylikedecember's rating: 1621 &rarr; <strong>1601</strong><br />(-20 for losing)
|l| Mega Delibird X
|l|☆icylikedecember
|player|p2|
