|html|<div class="broadcast-blue"><strong>[Gen 9] OU is currently suspecting Volcarona! For information on how to participate check out the <a href="https://www.smogon.com/tools/suspects/view/208">suspect thread</a>.</strong></div>
|j|☆without order
|j|‽pallysaw
|t:|1778510204
|gametype|singles
|player|p1|without order|erika|1375
|player|p2|pallysaw|pokemaniac|1368
|gen|9
|tier|[Gen 9] OU
|rated|
|rule|HP Percentage Mod: HP is shown in percentages
|rule|Endless Battle Clause: Forcing endless battles is banned
|rule|Species Clause: Limit one of each Pokémon
|rule|OHKO Clause: OHKO moves are banned
|rule|Evasion Items Clause: Evasion items are banned
|rule|Evasion Moves Clause: Evasion moves are banned
|rule|Evasion Abilities Clause: Evasion abilities are banned
|rule|Sleep Moves Clause: Sleep-inducing moves are banned
|clearpoke
|poke|p1|Ninetales, F|
|poke|p1|Cresselia, F|
|poke|p1|Raging Bolt|
|poke|p1|Great Tusk|
|poke|p1|Walking Wake|
|poke|p1|Zarude|
|poke|p2|Hydrapple, F|
|poke|p2|Ninetales-Alola, M|
|poke|p2|Kingambit, M|
|poke|p2|Sawsbuck-Winter, M|
|poke|p2|Hitmonlee, M|
|poke|p2|Regieleki|
|teampreview
|inactive|Battle timer is ON: inactive players will automatically lose when time's up. (requested by without order)
|
|t:|1778510234
|teamsize|p1|6
|teamsize|p2|6
|start
|switch|p1a: Amaterasu|Ninetales, F|100/100
|switch|p2a: Regieleki|Regieleki|100/100
|-weather|SunnyDay|[from] ability: Drought|[of] p1a: Amaterasu
|turn|1
|
|t:|1778510245
|move|p2a: Regieleki|Thunderbolt|p1a: Amaterasu
|-damage|p1a: Amaterasu|38/100
|move|p1a: Amaterasu|Overheat|p2a: Regieleki
|-damage|p2a: Regieleki|9/100
|-unboost|p1a: Amaterasu|spa|2
|
|-weather|SunnyDay|[upkeep]
|upkeep
|turn|2
|
|t:|1778510256
|switch|p1a: Great Tusk|Great Tusk|100/100
|-activate|p1a: Great Tusk|ability: Protosynthesis
|-start|p1a: Great Tusk|protosynthesisspe
|move|p2a: Regieleki|Volt Switch|p1a: Great Tusk
|-immune|p1a: Great Tusk
|
|-weather|SunnyDay|[upkeep]
|upkeep
|turn|3
|
|t:|1778510267
|move|p1a: Great Tusk|Head Smash|p2a: Regieleki
|-crit|p2a: Regieleki
|-damage|p2a: Regieleki|0 fnt
|faint|p2a: Regieleki
|-damage|p1a: Great Tusk|97/100|[from] Recoil
|
|-weather|SunnyDay|[upkeep]
|upkeep
|
|t:|1778510288
|switch|p2a: Hitmonlee|Hitmonlee, M|100/100
|turn|4
|
|t:|1778510309
|-end|p1a: Great Tusk|Protosynthesis|[silent]
|switch|p1a: Kaguya-hime|Cresselia, F|100/100
|move|p2a: Hitmonlee|High Jump Kick|p1a: Kaguya-hime|[miss]
|-miss|p2a: Hitmonlee|p1a: Kaguya-hime
|-damage|p2a: Hitmonlee|50/100|[from] highjumpkick
|
|-weather|SunnyDay|[upkeep]
|upkeep
|turn|5
|c|☆without order|rip
|inactive|without order has 120 seconds left.
|
|t:|1778510333
|switch|p2a: Kingambit|Kingambit, M|100/100
|-activate|p2a: Kingambit|ability: Supreme Overlord
|-start|p2a: Kingambit|fallen1|[silent]
|move|p1a: Kaguya-hime|Thunder Wave|p2a: Kingambit
|-status|p2a: Kingambit|par
|
|-weather|SunnyDay|[upkeep]
|upkeep
|turn|6
|
|t:|1778510353
|switch|p1a: Great Tusk|Great Tusk|97/100
|-activate|p1a: Great Tusk|ability: Protosynthesis
|-start|p1a: Great Tusk|protosynthesisspe
|cant|p2a: Kingambit|par
|
|-weather|SunnyDay|[upkeep]
|upkeep
|turn|7
|
|t:|1778510367
|-end|p2a: Kingambit|fallen1|[silent]
|switch|p2a: Hydrapple|Hydrapple, F|100/100
|move|p1a: Great Tusk|Stealth Rock|p2a: Hydrapple
|-sidestart|p2: pallysaw|move: Stealth Rock
|
|-weather|SunnyDay|[upkeep]
|upkeep
|turn|8
|
|t:|1778510383
|-end|p1a: Great Tusk|Protosynthesis|[silent]
|switch|p1a: Kaguya-hime|Cresselia, F|100/100
|move|p2a: Hydrapple|Nasty Plot|p2a: Hydrapple
|-boost|p2a: Hydrapple|spa|2
|
|-weather|none
|upkeep
|turn|9
|
|t:|1778510398
|move|p1a: Kaguya-hime|Ice Beam|p2a: Hydrapple
|-supereffective|p2a: Hydrapple
|-damage|p2a: Hydrapple|37/100
|move|p2a: Hydrapple|Fickle Beam|p1a: Kaguya-hime
|-damage|p1a: Kaguya-hime|42/100
|-enditem|p1a: Kaguya-hime|Eject Button
|inactive|without order has 120 seconds left.
|-message|pallysaw forfeited.
|
|win|without order
|raw|without order's rating: 1375 &rarr; <strong>1395</strong><br />(+20 for winning)
|raw|pallysaw's rating: 1368 &rarr; <strong>1348</strong><br />(-20 for losing)
|l|‽pallysaw
|player|p2|
|l|☆without order
|player|p1|
