|html|<div class="broadcast-blue"><strong>[Gen 9] OU is currently suspecting Tera Blast! For information on how to participate check out the <a href="https://www.smogon.com/tools/suspects/view/200">suspect thread</a>.</strong></div>
|j|☆Didou quantique
|j|‽flyatnight1234
|t:|1776092390
|gametype|singles
|player|p1|Didou quantique|elesa|1395
|player|p2|flyatnight1234|1|1391
|gen|9
|tier|[Gen 9] OU
|rated|
|rule|HP Percentage Mod: HP is shown in percentages
|rule|Endless Battle Clause: Forcing endless battles is banned
|rule|Species Clause: Limit one of each Pokémon
|rule|OHKO Clause: OHKO moves are banned
|rule|Evasion Items Clause: Evasion items are banned
|rule|Evasion Moves Clause: Evasion moves are banned
|rule|Evasion Abilities Clause: Evasion abilities are banned
|rule|Sleep Moves Clause: Sleep-inducing moves are banned
|clearpoke
|poke|p1|Gliscor, M|
|poke|p1|Dragapult, F|
|poke|p1|Gholdengo|
|poke|p1|Ogerpon-Wellspring, F|
|poke|p1|Kingambit, F|
|poke|p1|Glimmora, F|
|poke|p2|Garchomp, F|
|poke|p2|Cloyster, M|
|poke|p2|Ninetales-Alola, F|
|poke|p2|Magnezone|
|poke|p2|Kyurem|
|poke|p2|Mew|
|teampreview
|inactive|Battle timer is ON: inactive players will automatically lose when time's up. (requested by flyatnight1234)
|
|t:|1776092414
|teamsize|p1|6
|teamsize|p2|6
|start
|switch|p1a: Glimmora|Glimmora, F|100/100
|switch|p2a: Ninetales|Ninetales-Alola, F|100/100
|-weather|Snowscape|[from] ability: Snow Warning|[of] p2a: Ninetales
|turn|1
|
|t:|1776092423
|switch|p2a: Garchomp|Garchomp, F|100/100
|move|p1a: Glimmora|Stealth Rock|p2a: Garchomp
|-sidestart|p2: flyatnight1234|move: Stealth Rock
|
|-weather|Snowscape|[upkeep]
|upkeep
|turn|2
|
|t:|1776092436
|switch|p1a: Gliscor|Gliscor, M|100/100
|move|p2a: Garchomp|Earthquake|p1a: Gliscor
|-immune|p1a: Gliscor
|
|-weather|Snowscape|[upkeep]
|-status|p1a: Gliscor|tox|[from] item: Toxic Orb
|upkeep
|turn|3
|
|t:|1776092446
|switch|p2a: Ninetales|Ninetales-Alola, F|100/100
|-damage|p2a: Ninetales|76/100|[from] Stealth Rock
|move|p1a: Gliscor|Knock Off|p2a: Ninetales
|-resisted|p2a: Ninetales
|-damage|p2a: Ninetales|66/100
|-enditem|p2a: Ninetales|Choice Specs|[from] move: Knock Off|[of] p1a: Gliscor
|
|-weather|Snowscape|[upkeep]
|upkeep
|turn|4
|
|t:|1776092457
|switch|p1a: Kingambit|Kingambit, F|100/100
|move|p2a: Ninetales|Aurora Veil|p2a: Ninetales
|-sidestart|p2: flyatnight1234|move: Aurora Veil
|
|-weather|Snowscape|[upkeep]
|upkeep
|turn|5
|
|t:|1776092477
|-end|p1a: Kingambit|fallenundefined|[silent]
|switch|p1a: Glimmora|Glimmora, F|100/100
|move|p2a: Ninetales|Moonblast|p1a: Glimmora
|-resisted|p1a: Glimmora
|-damage|p1a: Glimmora|80/100
|
|-weather|none
|upkeep
|turn|6
|inactive|flyatnight1234 has 120 seconds left.
|
|t:|1776092517
|switch|p2a: Mew|Mew|100/100
|-damage|p2a: Mew|88/100|[from] Stealth Rock
|move|p1a: Glimmora|Spikes|p2a: Mew
|-sidestart|p2: flyatnight1234|Spikes
|
|-heal|p2a: Mew|94/100|[from] item: Leftovers
|upkeep
|turn|7
|
|t:|1776092524
|move|p1a: Glimmora|Mortal Spin|p2a: Mew
|-damage|p2a: Mew|91/100
|-status|p2a: Mew|psn
|-activate|p2a: Mew|ability: Synchronize
|-immune|p1a: Glimmora
|move|p2a: Mew|Calm Mind|p2a: Mew
|-boost|p2a: Mew|spa|1
|-boost|p2a: Mew|spd|1
|
|-heal|p2a: Mew|97/100 psn|[from] item: Leftovers
|-damage|p2a: Mew|85/100 psn|[from] psn
|upkeep
|turn|8
|
|t:|1776092553
|switch|p1a: Kingambit|Kingambit, F|100/100
|move|p2a: Mew|Surf|p1a: Kingambit
|-damage|p1a: Kingambit|49/100
|
|-heal|p2a: Mew|91/100 psn|[from] item: Leftovers
|-damage|p2a: Mew|79/100 psn|[from] psn
|-sideend|p2: flyatnight1234|move: Aurora Veil
|upkeep
|turn|9
|inactive|flyatnight1234 has 90 seconds left.
|
|t:|1776092588
|move|p2a: Mew|Flamethrower|p1a: Kingambit
|-supereffective|p1a: Kingambit
|-damage|p1a: Kingambit|0 fnt
|faint|p1a: Kingambit
|-end|p1a: Kingambit|fallenundefined|[silent]
|
|-heal|p2a: Mew|85/100 psn|[from] item: Leftovers
|-damage|p2a: Mew|73/100 psn|[from] psn
|upkeep
|
|t:|1776092592
|switch|p1a: Dragapult|Dragapult, F|100/100
|turn|10
|
|t:|1776092604
|move|p1a: Dragapult|Hex|p2a: Mew
|-supereffective|p2a: Mew
|-damage|p2a: Mew|9/100 psn
|move|p2a: Mew|Flamethrower|p1a: Dragapult
|-resisted|p1a: Dragapult
|-damage|p1a: Dragapult|73/100
|
|-heal|p2a: Mew|15/100 psn|[from] item: Leftovers
|-damage|p2a: Mew|3/100 psn|[from] psn
|upkeep
|turn|11
|
|t:|1776092614
|move|p1a: Dragapult|Hex|p2a: Mew
|-supereffective|p2a: Mew
|-damage|p2a: Mew|0 fnt
|faint|p2a: Mew
|
|upkeep
|inactive|flyatnight1234 has 60 seconds left.
|
|t:|1776092641
|switch|p2a: Ninetales|Ninetales-Alola, F|66/100
|-damage|p2a: Ninetales|41/100|[from] Stealth Rock
|-damage|p2a: Ninetales|29/100|[from] Spikes
|-weather|Snowscape|[from] ability: Snow Warning|[of] p2a: Ninetales
|turn|12
|
|t:|1776092649
|move|p1a: Dragapult|Hex|p2a: Ninetales
|-damage|p2a: Ninetales|0 fnt
|faint|p2a: Ninetales
|
|-weather|Snowscape|[upkeep]
|upkeep
|inactive|flyatnight1234 has 60 seconds left.
|
|t:|1776092669
|switch|p2a: Kyurem|Kyurem|100/100
|-ability|p2a: Kyurem|Pressure
|turn|13
|inactive|flyatnight1234 has 60 seconds left.
|
|t:|1776092683
|move|p1a: Dragapult|Draco Meteor|p2a: Kyurem
|-supereffective|p2a: Kyurem
|-damage|p2a: Kyurem|0 fnt
|-unboost|p1a: Dragapult|spa|2
|faint|p2a: Kyurem
|
|-weather|Snowscape|[upkeep]
|upkeep
|
|t:|1776092700
|switch|p2a: Cloyster|Cloyster, M|100/100
|turn|14
|
|t:|1776092708
|move|p1a: Dragapult|Will-O-Wisp|p2a: Cloyster|[miss]
|-miss|p1a: Dragapult|p2a: Cloyster
|move|p2a: Cloyster|Shell Smash|p2a: Cloyster
|-unboost|p2a: Cloyster|def|1
|-unboost|p2a: Cloyster|spd|1
|-boost|p2a: Cloyster|atk|2
|-boost|p2a: Cloyster|spa|2
|-boost|p2a: Cloyster|spe|2
|
|-weather|Snowscape|[upkeep]
|upkeep
|turn|15
|
|t:|1776092728
|move|p2a: Cloyster|Ice Shard|p1a: Dragapult
|-supereffective|p1a: Dragapult
|-damage|p1a: Dragapult|0 fnt
|faint|p1a: Dragapult
|
|-weather|Snowscape|[upkeep]
|upkeep
|
|t:|1776092734
|switch|p1a: Ogerpon|Ogerpon-Wellspring, F|100/100
|turn|16
|
|t:|1776092741
|-terastallize|p1a: Ogerpon|Water
|detailschange|p1a: Ogerpon|Ogerpon-Wellspring-Tera, F, tera:Water
|-ability|p1a: Ogerpon|Embody Aspect (Wellspring)|boost
|-boost|p1a: Ogerpon|spd|1
|move|p2a: Cloyster|Icicle Spear|p1a: Ogerpon
|-resisted|p1a: Ogerpon
|-damage|p1a: Ogerpon|86/100
|-resisted|p1a: Ogerpon
|-damage|p1a: Ogerpon|71/100
|-resisted|p1a: Ogerpon
|-damage|p1a: Ogerpon|56/100
|-resisted|p1a: Ogerpon
|-damage|p1a: Ogerpon|41/100
|-resisted|p1a: Ogerpon
|-damage|p1a: Ogerpon|26/100
|-hitcount|p1a: Ogerpon|5
|move|p1a: Ogerpon|Horn Leech|p2a: Cloyster
|-supereffective|p2a: Cloyster
|-crit|p2a: Cloyster
|-damage|p2a: Cloyster|11/100
|-heal|p1a: Ogerpon|69/100|[from] drain|[of] p2a: Cloyster
|
|-weather|none
|upkeep
|turn|17
|inactive|flyatnight1234 has 60 seconds left.
|
|t:|1776092759
|move|p2a: Cloyster|Icicle Spear|p1a: Ogerpon
|-resisted|p1a: Ogerpon
|-damage|p1a: Ogerpon|54/100
|-resisted|p1a: Ogerpon
|-damage|p1a: Ogerpon|40/100
|-resisted|p1a: Ogerpon
|-damage|p1a: Ogerpon|26/100
|-resisted|p1a: Ogerpon
|-damage|p1a: Ogerpon|10/100
|-resisted|p1a: Ogerpon
|-damage|p1a: Ogerpon|0 fnt
|faint|p1a: Ogerpon
|detailschange|p1: Ogerpon|Ogerpon-Wellspring, F|[silent]
|-hitcount|p1: Ogerpon|5
|
|upkeep
|
|t:|1776092765
|switch|p1a: Gholdengo|Gholdengo|100/100
|-item|p1a: Gholdengo|Air Balloon
|turn|18
|inactive|flyatnight1234 has 60 seconds left.
|
|t:|1776092776
|move|p2a: Cloyster|Icicle Spear|p1a: Gholdengo
|-resisted|p1a: Gholdengo
|-damage|p1a: Gholdengo|90/100
|-enditem|p1a: Gholdengo|Air Balloon
|-resisted|p1a: Gholdengo
|-damage|p1a: Gholdengo|79/100
|-resisted|p1a: Gholdengo
|-damage|p1a: Gholdengo|69/100
|-resisted|p1a: Gholdengo
|-damage|p1a: Gholdengo|58/100
|-resisted|p1a: Gholdengo
|-damage|p1a: Gholdengo|46/100
|-hitcount|p1a: Gholdengo|5
|move|p1a: Gholdengo|Shadow Ball|p2a: Cloyster
|-damage|p2a: Cloyster|0 fnt
|faint|p2a: Cloyster
|
|upkeep
|inactive|flyatnight1234 has 30 seconds left.
|
|t:|1776092814
|switch|p2a: Garchomp|Garchomp, F|100/100
|-damage|p2a: Garchomp|94/100|[from] Stealth Rock
|-damage|p2a: Garchomp|82/100|[from] Spikes
|turn|19
|inactive|flyatnight1234 has 30 seconds left.
|
|t:|1776092821
|switch|p1a: Gliscor|Gliscor, M|100/100 tox
|move|p2a: Garchomp|Outrage|p1a: Gliscor
|-damage|p1a: Gliscor|37/100 tox
|
|-heal|p1a: Gliscor|49/100 tox|[from] ability: Poison Heal
|upkeep
|turn|20
|
|t:|1776092829
|move|p1a: Gliscor|Protect|p1a: Gliscor
|-singleturn|p1a: Gliscor|Protect
|move|p2a: Garchomp|Outrage|p1a: Gliscor|[from] lockedmove
|-activate|p1a: Gliscor|move: Protect
|
|-heal|p1a: Gliscor|62/100 tox|[from] ability: Poison Heal
|upkeep
|turn|21
|
|t:|1776092845
|switch|p1a: Glimmora|Glimmora, F|80/100
|move|p2a: Garchomp|Outrage|p1a: Glimmora
|-damage|p1a: Glimmora|0 fnt
|-activate|p1a: Glimmora|ability: Toxic Debris
|-sidestart|p2: flyatnight1234|move: Toxic Spikes
|faint|p1a: Glimmora
|
|upkeep
|
|t:|1776092850
|switch|p1a: Gliscor|Gliscor, M|62/100 tox
|turn|22
|
|t:|1776092855
|move|p1a: Gliscor|Protect|p1a: Gliscor
|-singleturn|p1a: Gliscor|Protect
|move|p2a: Garchomp|Outrage|p1a: Gliscor|[from] lockedmove
|-activate|p1a: Gliscor|move: Protect
|
|-heal|p1a: Gliscor|74/100 tox|[from] ability: Poison Heal
|upkeep
|turn|23
|
|t:|1776092868
|move|p1a: Gliscor|Toxic|p2a: Garchomp
|-status|p2a: Garchomp|tox
|move|p2a: Garchomp|Outrage|p1a: Gliscor
|-damage|p1a: Gliscor|11/100 tox
|
|-heal|p1a: Gliscor|23/100 tox|[from] ability: Poison Heal
|-damage|p2a: Garchomp|76/100 tox|[from] psn
|upkeep
|turn|24
|inactive|flyatnight1234 has 60 seconds left.
|
|t:|1776092887
|move|p1a: Gliscor|Protect|p1a: Gliscor
|-singleturn|p1a: Gliscor|Protect
|move|p2a: Garchomp|Outrage|p1a: Gliscor|[from] lockedmove
|-activate|p1a: Gliscor|move: Protect
|
|-heal|p1a: Gliscor|36/100 tox|[from] ability: Poison Heal
|-damage|p2a: Garchomp|63/100 tox|[from] psn
|upkeep
|turn|25
|
|t:|1776092906
|switch|p1a: Gholdengo|Gholdengo|46/100
|move|p2a: Garchomp|Outrage|p1a: Gholdengo
|-resisted|p1a: Gholdengo
|-damage|p1a: Gholdengo|0 fnt
|faint|p1a: Gholdengo
|
|-damage|p2a: Garchomp|45/100 tox|[from] psn
|upkeep
|
|t:|1776092911
|switch|p1a: Gliscor|Gliscor, M|36/100 tox
|turn|26
|
|t:|1776092918
|move|p1a: Gliscor|Earthquake|p2a: Garchomp
|-damage|p2a: Garchomp|19/100 tox
|move|p2a: Garchomp|Outrage|p1a: Gliscor|[from] lockedmove
|-damage|p1a: Gliscor|0 fnt
|faint|p1a: Gliscor
|-start|p2a: Garchomp|confusion|[fatigue]
|
|win|flyatnight1234
|raw|Didou quantique's rating: 1395 &rarr; <strong>1375</strong><br />(-20 for losing)
|raw|flyatnight1234's rating: 1391 &rarr; <strong>1411</strong><br />(+20 for winning)
|l|☆Didou quantique
|player|p1|
|l|‽flyatnight1234
|player|p2|
