|html|<div class="broadcast-blue"><strong>[Gen 9] OU is currently suspecting Tera Blast! For information on how to participate check out the <a href="https://www.smogon.com/tools/suspects/view/200">suspect thread</a>.</strong></div>
|j|☆versacis
|j|☆yyuyuu
|t:|1776077519
|gametype|singles
|player|p1|versacis|bugcatcher-gen4dp|1310
|player|p2|yyuyuu|169|1302
|gen|9
|tier|[Gen 9] OU
|rated|
|rule|HP Percentage Mod: HP is shown in percentages
|rule|Endless Battle Clause: Forcing endless battles is banned
|rule|Species Clause: Limit one of each Pokémon
|rule|OHKO Clause: OHKO moves are banned
|rule|Evasion Items Clause: Evasion items are banned
|rule|Evasion Moves Clause: Evasion moves are banned
|rule|Evasion Abilities Clause: Evasion abilities are banned
|rule|Sleep Moves Clause: Sleep-inducing moves are banned
|clearpoke
|poke|p1|Hydrapple, F|
|poke|p1|Slowking, F|
|poke|p1|Ursaluna, M|
|poke|p1|Conkeldurr, F|
|poke|p1|Diancie|
|poke|p1|Iron Hands|
|poke|p2|Honchkrow, M|
|poke|p2|Hatterene, F|
|poke|p2|Arboliva, M|
|poke|p2|Torkoal, F|
|poke|p2|Walking Wake|
|poke|p2|Glimmora, F|
|teampreview
|
|t:|1776077529
|teamsize|p1|6
|teamsize|p2|6
|start
|switch|p1a: Slowking|Slowking, F|100/100
|switch|p2a: Glimmora|Glimmora, F|100/100
|turn|1
|inactive|Battle timer is ON: inactive players will automatically lose when time's up. (requested by versacis)
|
|t:|1776077538
|move|p2a: Glimmora|Stealth Rock|p1a: Slowking
|-sidestart|p1: versacis|move: Stealth Rock
|move|p1a: Slowking|Scald|p2a: Glimmora
|-supereffective|p2a: Glimmora
|-damage|p2a: Glimmora|3/100
|
|upkeep
|turn|2
|
|t:|1776077545
|move|p2a: Glimmora|Sludge Wave|p1a: Slowking
|-damage|p1a: Slowking|66/100
|-status|p1a: Slowking|psn
|move|p1a: Slowking|Scald|p2a: Glimmora
|-supereffective|p2a: Glimmora
|-damage|p2a: Glimmora|0 fnt
|faint|p2a: Glimmora
|
|-heal|p1a: Slowking|72/100 psn|[from] item: Leftovers
|-damage|p1a: Slowking|60/100 psn|[from] psn
|upkeep
|
|t:|1776077556
|switch|p2a: Honchkrow|Honchkrow, M|100/100
|turn|3
|
|t:|1776077577
|switch|p1a: Diancie|Diancie|100/100
|-damage|p1a: Diancie|88/100|[from] Stealth Rock
|move|p2a: Honchkrow|Night Slash|p1a: Diancie
|-resisted|p1a: Diancie
|-damage|p1a: Diancie|75/100
|
|-heal|p1a: Diancie|82/100|[from] item: Leftovers
|upkeep
|turn|4
|
|t:|1776077589
|-terastallize|p2a: Honchkrow|Ground
|move|p2a: Honchkrow|Tera Blast|p1a: Diancie|[anim] Tera Blast Ground
|-supereffective|p1a: Diancie
|-damage|p1a: Diancie|18/100
|move|p1a: Diancie|Spikes|p2a: Honchkrow
|-sidestart|p2: yyuyuu|Spikes
|
|-heal|p1a: Diancie|24/100|[from] item: Leftovers
|upkeep
|turn|5
|
|t:|1776077601
|-terastallize|p1a: Diancie|Flying
|move|p2a: Honchkrow|Tera Blast|p1a: Diancie|[anim] Tera Blast Ground
|-immune|p1a: Diancie
|move|p1a: Diancie|Trick Room|p1a: Diancie
|-fieldstart|move: Trick Room|[of] p1a: Diancie
|-enditem|p2a: Honchkrow|Room Service
|-unboost|p2a: Honchkrow|spe|1|[from] item: Room Service
|
|-heal|p1a: Diancie|30/100|[from] item: Leftovers
|upkeep
|turn|6
|inactive|versacis has 120 seconds left.
|
|t:|1776077625
|move|p2a: Honchkrow|Acrobatics|p1a: Diancie
|-damage|p1a: Diancie|0 fnt
|faint|p1a: Diancie
|-ability|p2a: Honchkrow|Moxie|boost
|-boost|p2a: Honchkrow|atk|1
|
|upkeep
|inactive|versacis has 120 seconds left.
|
|t:|1776077636
|switch|p1a: Iron Hands|Iron Hands|100/100
|-damage|p1a: Iron Hands|94/100|[from] Stealth Rock
|turn|7
|inactive|versacis has 120 seconds left.
|
|t:|1776077641
|move|p2a: Honchkrow|Tera Blast|p1a: Iron Hands|[anim] Tera Blast Ground
|-supereffective|p1a: Iron Hands
|-damage|p1a: Iron Hands|20/100
|move|p1a: Iron Hands|Ice Punch|p2a: Honchkrow
|-supereffective|p2a: Honchkrow
|-damage|p2a: Honchkrow|0 fnt
|faint|p2a: Honchkrow
|-damage|p1a: Iron Hands|10/100|[from] item: Life Orb
|
|upkeep
|
|t:|1776077654
|switch|p2a: Hatterene|Hatterene, F|100/100
|-damage|p2a: Hatterene|88/100|[from] Spikes
|turn|8
|
|t:|1776077667
|move|p2a: Hatterene|Psychic|p1a: Iron Hands
|-supereffective|p1a: Iron Hands
|-damage|p1a: Iron Hands|0 fnt
|faint|p1a: Iron Hands
|-end|p1a: Iron Hands|Quark Drive|[silent]
|-damage|p2a: Hatterene|78/100|[from] item: Life Orb
|
|upkeep
|
|t:|1776077675
|switch|p1a: Slowking|Slowking, F|93/100 psn
|-damage|p1a: Slowking|81/100 psn|[from] Stealth Rock
|turn|9
|
|t:|1776077700
|move|p1a: Slowking|Ice Beam|p2a: Hatterene
|-damage|p2a: Hatterene|49/100
|move|p2a: Hatterene|Light Screen|p2a: Hatterene
|-sidestart|p2: yyuyuu|move: Light Screen
|
|-heal|p1a: Slowking|87/100 psn|[from] item: Leftovers
|-damage|p1a: Slowking|74/100 psn|[from] psn
|-fieldend|move: Trick Room
|upkeep
|turn|10
|
|t:|1776077709
|move|p2a: Hatterene|Psychic|p1a: Slowking
|-resisted|p1a: Slowking
|-damage|p1a: Slowking|52/100 psn
|-unboost|p1a: Slowking|spd|1
|-damage|p2a: Hatterene|39/100|[from] item: Life Orb
|move|p1a: Slowking|Trick Room|p1a: Slowking
|-fieldstart|move: Trick Room|[of] p1a: Slowking
|
|-heal|p1a: Slowking|58/100 psn|[from] item: Leftovers
|-damage|p1a: Slowking|45/100 psn|[from] psn
|upkeep
|turn|11
|
|t:|1776077719
|move|p1a: Slowking|Scald|p2a: Hatterene
|-damage|p2a: Hatterene|23/100
|-status|p2a: Hatterene|brn
|move|p2a: Hatterene|Psychic|p1a: Slowking
|-resisted|p1a: Slowking
|-crit|p1a: Slowking
|-damage|p1a: Slowking|0 fnt
|faint|p1a: Slowking
|-damage|p2a: Hatterene|13/100 brn|[from] item: Life Orb
|
|-damage|p2a: Hatterene|7/100 brn|[from] brn
|upkeep
|
|t:|1776077731
|switch|p1a: Hydrapple|Hydrapple, F, shiny|100/100
|-damage|p1a: Hydrapple|88/100|[from] Stealth Rock
|turn|12
|
|t:|1776077735
|move|p2a: Hatterene|Misty Explosion|p1a: Hydrapple
|-supereffective|p1a: Hydrapple
|-crit|p1a: Hydrapple
|-damage|p1a: Hydrapple|0 fnt
|faint|p2a: Hatterene
|faint|p1a: Hydrapple
|
|upkeep
|
|t:|1776077744
|switch|p2a: Arboliva|Arboliva, M|100/100
|switch|p1a: Ursaluna|Ursaluna, M|100/100
|-damage|p2a: Arboliva|88/100|[from] Spikes
|-damage|p1a: Ursaluna|94/100|[from] Stealth Rock
|turn|13
|
|t:|1776077754
|switch|p2a: Walking Wake|Walking Wake|100/100
|-damage|p2a: Walking Wake|88/100|[from] Spikes
|move|p1a: Ursaluna|Ice Punch|p2a: Walking Wake
|-damage|p2a: Walking Wake|54/100
|
|-sideend|p2: yyuyuu|move: Light Screen
|-status|p1a: Ursaluna|brn|[from] item: Flame Orb
|upkeep
|turn|14
|
|t:|1776077765
|move|p1a: Ursaluna|Facade|p2a: Walking Wake
|-damage|p2a: Walking Wake|0 fnt
|faint|p2a: Walking Wake
|-end|p2a: Walking Wake|Protosynthesis|[silent]
|
|-damage|p1a: Ursaluna|88/100 brn|[from] brn
|-fieldend|move: Trick Room
|upkeep
|
|t:|1776077768
|switch|p2a: Torkoal|Torkoal, F|100/100
|-damage|p2a: Torkoal|88/100|[from] Spikes
|-weather|SunnyDay|[from] ability: Drought|[of] p2a: Torkoal
|turn|15
|
|t:|1776077778
|move|p1a: Ursaluna|Earthquake|p2a: Torkoal
|-supereffective|p2a: Torkoal
|-damage|p2a: Torkoal|0 fnt
|faint|p2a: Torkoal
|
|-weather|SunnyDay|[upkeep]
|-damage|p1a: Ursaluna|82/100 brn|[from] brn
|upkeep
|
|t:|1776077781
|switch|p2a: Arboliva|Arboliva, M|88/100
|-damage|p2a: Arboliva|75/100|[from] Spikes
|turn|16
|
|t:|1776077787
|move|p1a: Ursaluna|Ice Punch|p2a: Arboliva
|-supereffective|p2a: Arboliva
|-damage|p2a: Arboliva|0 fnt
|faint|p2a: Arboliva
|
|win|versacis
|raw|versacis's rating: 1310 &rarr; <strong>1330</strong><br />(+20 for winning)
|raw|yyuyuu's rating: 1302 &rarr; <strong>1282</strong><br />(-20 for losing)
|c|☆versacis|gg
|l|☆versacis
|player|p1|
