|html|<div class="broadcast-blue"><strong>[Gen 9] OU is currently suspecting Tera Blast! For information on how to participate check out the <a href="https://www.smogon.com/tools/suspects/view/200">suspect thread</a>.</strong></div>
|j|☆yazloed
|j|☆t7pu
|t:|1776062482
|gametype|singles
|player|p1|yazloed|169|1201
|player|p2|t7pu|1|1263
|gen|9
|tier|[Gen 9] OU
|rated|
|rule|HP Percentage Mod: HP is shown in percentages
|rule|Endless Battle Clause: Forcing endless battles is banned
|rule|Species Clause: Limit one of each Pokémon
|rule|OHKO Clause: OHKO moves are banned
|rule|Evasion Items Clause: Evasion items are banned
|rule|Evasion Moves Clause: Evasion moves are banned
|rule|Evasion Abilities Clause: Evasion abilities are banned
|rule|Sleep Moves Clause: Sleep-inducing moves are banned
|clearpoke
|poke|p1|Crawdaunt, M|
|poke|p1|Venusaur, M|
|poke|p1|Magnezone|
|poke|p1|Torkoal, F|
|poke|p1|Garchomp, M|
|poke|p1|Staraptor, F|
|poke|p2|Zapdos|
|poke|p2|Pecharunt|
|poke|p2|Cinderace, M|
|poke|p2|Lilligant-Hisui, F|
|poke|p2|Iron Treads|
|poke|p2|Primarina, F|
|teampreview
|inactive|Battle timer is ON: inactive players will automatically lose when time's up. (requested by t7pu)
|
|t:|1776062505
|teamsize|p1|6
|teamsize|p2|6
|start
|switch|p1a: CwaDwaunt|Crawdaunt, M|100/100
|switch|p2a: Primarina|Primarina, F|100/100
|turn|1
|
|t:|1776062518
|move|p1a: CwaDwaunt|Dragon Dance|p1a: CwaDwaunt
|-boost|p1a: CwaDwaunt|atk|1
|-boost|p1a: CwaDwaunt|spe|1
|move|p2a: Primarina|Moonblast|p1a: CwaDwaunt
|-supereffective|p1a: CwaDwaunt
|-damage|p1a: CwaDwaunt|0 fnt
|faint|p1a: CwaDwaunt
|
|upkeep
|
|t:|1776062530
|switch|p1a: Penusaur|Venusaur, M|100/100
|turn|2
|
|t:|1776062557
|switch|p2a: Zapdos|Zapdos|100/100
|move|p1a: Penusaur|Toxic|p2a: Zapdos
|-status|p2a: Zapdos|tox
|
|-damage|p2a: Zapdos|94/100 tox|[from] psn
|upkeep
|turn|3
|
|t:|1776062564
|move|p2a: Zapdos|Hurricane|p1a: Penusaur|[miss]
|-miss|p2a: Zapdos|p1a: Penusaur
|move|p1a: Penusaur|Leech Seed|p2a: Zapdos
|-start|p2a: Zapdos|move: Leech Seed
|
|-damage|p2a: Zapdos|82/100 tox|[from] Leech Seed|[of] p1a: Penusaur
|-damage|p2a: Zapdos|70/100 tox|[from] psn
|upkeep
|turn|4
|
|t:|1776062574
|move|p1a: Penusaur|Protect|p1a: Penusaur
|-singleturn|p1a: Penusaur|Protect
|move|p2a: Zapdos|Hurricane|p1a: Penusaur
|-activate|p1a: Penusaur|move: Protect
|
|-damage|p2a: Zapdos|58/100 tox|[from] Leech Seed|[of] p1a: Penusaur
|-damage|p2a: Zapdos|40/100 tox|[from] psn
|upkeep
|turn|5
|
|t:|1776062593
|move|p1a: Penusaur|Protect||[still]
|-fail|p1a: Penusaur
|move|p2a: Zapdos|Hurricane|p1a: Penusaur
|-supereffective|p1a: Penusaur
|-damage|p1a: Penusaur|37/100
|
|-heal|p1a: Penusaur|43/100|[from] item: Leftovers
|-damage|p2a: Zapdos|28/100 tox|[from] Leech Seed|[of] p1a: Penusaur
|-heal|p1a: Penusaur|56/100|[silent]
|-damage|p2a: Zapdos|4/100 tox|[from] psn
|upkeep
|turn|6
|
|t:|1776062602
|move|p1a: Penusaur|Protect|p1a: Penusaur
|-singleturn|p1a: Penusaur|Protect
|move|p2a: Zapdos|Roost|p2a: Zapdos
|-heal|p2a: Zapdos|54/100 tox
|-singleturn|p2a: Zapdos|move: Roost
|
|-heal|p1a: Penusaur|62/100|[from] item: Leftovers
|-damage|p2a: Zapdos|41/100 tox|[from] Leech Seed|[of] p1a: Penusaur
|-heal|p1a: Penusaur|75/100|[silent]
|-damage|p2a: Zapdos|11/100 tox|[from] psn
|upkeep
|turn|7
|
|t:|1776062624
|switch|p2a: Lilligant|Lilligant-Hisui, F|100/100
|move|p1a: Penusaur|Protect||[still]
|-fail|p1a: Penusaur
|
|-heal|p1a: Penusaur|81/100|[from] item: Leftovers
|upkeep
|turn|8
|
|t:|1776062629
|move|p2a: Lilligant|Ice Spinner|p1a: Penusaur
|-supereffective|p1a: Penusaur
|-damage|p1a: Penusaur|0 fnt
|faint|p1a: Penusaur
|
|upkeep
|
|t:|1776062632
|switch|p1a: Torkkkoal|Torkoal, F, shiny|100/100
|-weather|SunnyDay|[from] ability: Drought|[of] p1a: Torkkkoal
|turn|9
|
|t:|1776062644
|switch|p2a: Primarina|Primarina, F|100/100
|move|p1a: Torkkkoal|Shell Smash|p1a: Torkkkoal
|-unboost|p1a: Torkkkoal|def|1
|-unboost|p1a: Torkkkoal|spd|1
|-boost|p1a: Torkkkoal|atk|2
|-boost|p1a: Torkkkoal|spa|2
|-boost|p1a: Torkkkoal|spe|2
|-enditem|p1a: Torkkkoal|White Herb
|-clearnegativeboost|p1a: Torkkkoal|[silent]
|
|-weather|SunnyDay|[upkeep]
|upkeep
|turn|10
|
|t:|1776062657
|move|p1a: Torkkkoal|Eruption|p2a: Primarina
|-resisted|p2a: Primarina
|-damage|p2a: Primarina|59/100
|move|p2a: Primarina|Psychic Noise|p1a: Torkkkoal
|-supereffective|p1a: Torkkkoal
|-damage|p1a: Torkkkoal|51/100
|-start|p1a: Torkkkoal|move: Heal Block
|
|-weather|SunnyDay|[upkeep]
|upkeep
|turn|11
|
|t:|1776062678
|move|p1a: Torkkkoal|Flamethrower|p2a: Primarina
|-resisted|p2a: Primarina
|-damage|p2a: Primarina|33/100
|move|p2a: Primarina|Psychic Noise|p1a: Torkkkoal
|-supereffective|p1a: Torkkkoal
|-damage|p1a: Torkkkoal|0 fnt
|faint|p1a: Torkkkoal
|
|-weather|SunnyDay|[upkeep]
|upkeep
|
|t:|1776062685
|switch|p1a: Goth mommy|Staraptor, F|100/100
|turn|12
|
|t:|1776062690
|move|p1a: Goth mommy|Brave Bird|p2a: Primarina
|-damage|p2a: Primarina|0 fnt
|faint|p2a: Primarina
|-damage|p1a: Goth mommy|88/100|[from] Recoil
|-damage|p1a: Goth mommy|78/100|[from] item: Life Orb
|
|-weather|SunnyDay|[upkeep]
|upkeep
|
|t:|1776062707
|switch|p2a: Cinderace|Cinderace, M|100/100
|turn|13
|
|t:|1776062716
|move|p2a: Cinderace|Will-O-Wisp|p1a: Goth mommy
|-status|p1a: Goth mommy|brn
|move|p1a: Goth mommy|Brave Bird|p2a: Cinderace
|-damage|p2a: Cinderace|49/100
|-damage|p1a: Goth mommy|58/100 brn|[from] Recoil
|-damage|p1a: Goth mommy|48/100 brn|[from] item: Life Orb
|
|-weather|none
|-damage|p1a: Goth mommy|42/100 brn|[from] brn
|upkeep
|turn|14
|
|t:|1776062726
|move|p2a: Cinderace|Pyro Ball|p1a: Goth mommy
|-damage|p1a: Goth mommy|0 fnt
|faint|p1a: Goth mommy
|
|upkeep
|
|t:|1776062728
|switch|p1a: Simp|Garchomp, M|100/100
|turn|15
|
|t:|1776062734
|-terastallize|p1a: Simp|Dragon
|move|p1a: Simp|Outrage|p2a: Cinderace
|-damage|p2a: Cinderace|0 fnt
|faint|p2a: Cinderace
|
|upkeep
|
|t:|1776062742
|switch|p2a: Iron Treads|Iron Treads, shiny|100/100
|turn|16
|
|t:|1776062749
|-terastallize|p2a: Iron Treads|Fairy
|move|p1a: Simp|Outrage|p2a: Iron Treads|[from] lockedmove
|-immune|p2a: Iron Treads
|-start|p1a: Simp|confusion|[fatigue]
|move|p2a: Iron Treads|Ice Spinner|p1a: Simp
|-supereffective|p1a: Simp
|-damage|p1a: Simp|61/100
|-damage|p2a: Iron Treads|88/100|[from] ability: Rough Skin|[of] p1a: Simp
|
|-heal|p2a: Iron Treads|94/100|[from] item: Leftovers
|upkeep
|turn|17
|-message|yazloed forfeited.
|
|win|t7pu
|raw|yazloed's rating: 1201 &rarr; <strong>1180</strong><br />(-21 for losing)
|raw|t7pu's rating: 1263 &rarr; <strong>1284</strong><br />(+21 for winning)
|l|☆yazloed
|player|p1|
|l|☆t7pu
|player|p2|
