|html|<div class="broadcast-blue"><strong>[Gen 9] OU is currently suspecting Tera Blast! For information on how to participate check out the <a href="https://www.smogon.com/tools/suspects/view/200">suspect thread</a>.</strong></div>
|raw|<div class="broadcast-blue"><strong>This battle is required to be public due to a player having a name starting with 'caplt26eq'.</div>
|j|☆CAPLT26EQ noob
|j|☆polkytire
|t:|1776074774
|gametype|singles
|player|p1|CAPLT26EQ noob|266|1492
|player|p2|polkytire|169|1533
|gen|9
|tier|[Gen 9] OU
|rated|
|rule|HP Percentage Mod: HP is shown in percentages
|rule|Endless Battle Clause: Forcing endless battles is banned
|rule|Species Clause: Limit one of each Pokémon
|rule|OHKO Clause: OHKO moves are banned
|rule|Evasion Items Clause: Evasion items are banned
|rule|Evasion Moves Clause: Evasion moves are banned
|rule|Evasion Abilities Clause: Evasion abilities are banned
|rule|Sleep Moves Clause: Sleep-inducing moves are banned
|clearpoke
|poke|p1|Rillaboom, F|
|poke|p1|Zamazenta-*|
|poke|p1|Gholdengo|
|poke|p1|Ting-Lu|
|poke|p1|Ogerpon-Wellspring, F|
|poke|p1|Latias, F|
|poke|p2|Iron Moth|
|poke|p2|Kingambit, M|
|poke|p2|Dragonite, F|
|poke|p2|Ogerpon-Cornerstone, F|
|poke|p2|Iron Valiant|
|poke|p2|Raging Bolt|
|teampreview
|
|t:|1776074781
|teamsize|p1|6
|teamsize|p2|6
|start
|switch|p1a: Rillaboom|Rillaboom, F|100/100
|switch|p2a: Ogerpon|Ogerpon-Cornerstone, F|100/100
|-fieldstart|move: Grassy Terrain|[from] ability: Grassy Surge|[of] p1a: Rillaboom
|turn|1
|inactive|Battle timer is ON: inactive players will automatically lose when time's up. (requested by polkytire)
|
|t:|1776074789
|move|p2a: Ogerpon|Knock Off|p1a: Rillaboom
|-damage|p1a: Rillaboom|66/100
|-enditem|p1a: Rillaboom|Terrain Extender|[from] move: Knock Off|[of] p2a: Ogerpon
|move|p1a: Rillaboom|U-turn|p2a: Ogerpon
|-supereffective|p2a: Ogerpon
|-damage|p2a: Ogerpon|36/100
|
|t:|1776074793
|switch|p1a: Zamazenta|Zamazenta|100/100|[from] U-turn
|-ability|p1a: Zamazenta|Dauntless Shield|boost
|-boost|p1a: Zamazenta|def|1
|
|-heal|p2a: Ogerpon|42/100|[from] Grassy Terrain
|upkeep
|turn|2
|
|t:|1776074803
|switch|p2a: Iron Moth|Iron Moth|100/100
|-enditem|p2a: Iron Moth|Booster Energy
|-activate|p2a: Iron Moth|ability: Quark Drive|[fromitem]
|-start|p2a: Iron Moth|quarkdrivespe
|move|p1a: Zamazenta|Heavy Slam|p2a: Iron Moth
|-resisted|p2a: Iron Moth
|-damage|p2a: Iron Moth|66/100
|-damage|p1a: Zamazenta|91/100|[from] item: Life Orb
|
|-heal|p2a: Iron Moth|72/100|[from] Grassy Terrain
|-heal|p1a: Zamazenta|97/100|[from] Grassy Terrain
|upkeep
|turn|3
|
|t:|1776074815
|switch|p1a: Ting-Lu|Ting-Lu|100/100
|-ability|p1a: Ting-Lu|Vessel of Ruin
|move|p2a: Iron Moth|Fiery Dance|p1a: Ting-Lu
|-damage|p1a: Ting-Lu|84/100
|-enditem|p1a: Ting-Lu|Red Card|[of] p2a: Iron Moth
|-end|p2a: Iron Moth|Quark Drive|[silent]
|drag|p2a: Ogerpon|Ogerpon-Cornerstone, F|42/100
|
|-heal|p2a: Ogerpon|48/100|[from] Grassy Terrain
|-heal|p1a: Ting-Lu|90/100|[from] Grassy Terrain
|upkeep
|turn|4
|
|t:|1776074827
|switch|p1a: Gholdengo|Gholdengo|100/100
|-enditem|p1a: Gholdengo|Grassy Seed
|-boost|p1a: Gholdengo|def|1|[from] item: Grassy Seed
|move|p2a: Ogerpon|Power Whip|p1a: Gholdengo
|-resisted|p1a: Gholdengo
|-damage|p1a: Gholdengo|68/100
|
|-heal|p2a: Ogerpon|54/100|[from] Grassy Terrain
|-heal|p1a: Gholdengo|74/100|[from] Grassy Terrain
|upkeep
|turn|5
|
|t:|1776074841
|switch|p2a: Iron Moth|Iron Moth|72/100
|move|p1a: Gholdengo|Shadow Ball|p2a: Iron Moth
|-damage|p2a: Iron Moth|22/100
|
|-heal|p2a: Iron Moth|28/100|[from] Grassy Terrain
|-heal|p1a: Gholdengo|80/100|[from] Grassy Terrain
|upkeep
|turn|6
|
|t:|1776074850
|switch|p1a: Ting-Lu|Ting-Lu|90/100
|-ability|p1a: Ting-Lu|Vessel of Ruin
|move|p2a: Iron Moth|Fiery Dance|p1a: Ting-Lu
|-damage|p1a: Ting-Lu|73/100
|
|-heal|p2a: Iron Moth|34/100|[from] Grassy Terrain
|-heal|p1a: Ting-Lu|80/100|[from] Grassy Terrain
|upkeep
|turn|7
|
|t:|1776074860
|move|p2a: Iron Moth|Energy Ball|p1a: Ting-Lu
|-supereffective|p1a: Ting-Lu
|-damage|p1a: Ting-Lu|48/100
|move|p1a: Ting-Lu|Stealth Rock|p2a: Iron Moth
|-sidestart|p2: polkytire|move: Stealth Rock
|
|-heal|p2a: Iron Moth|40/100|[from] Grassy Terrain
|-heal|p1a: Ting-Lu|54/100|[from] Grassy Terrain
|upkeep
|turn|8
|
|t:|1776074869
|move|p2a: Iron Moth|Fiery Dance|p1a: Ting-Lu
|-damage|p1a: Ting-Lu|37/100
|move|p1a: Ting-Lu|Earthquake|p2a: Iron Moth
|-supereffective|p2a: Iron Moth
|-damage|p2a: Iron Moth|0 fnt
|faint|p2a: Iron Moth
|-end|p2a: Iron Moth|Quark Drive|[silent]
|
|-heal|p1a: Ting-Lu|43/100|[from] Grassy Terrain
|-fieldend|move: Grassy Terrain
|upkeep
|
|t:|1776074880
|switch|p2a: Ogerpon|Ogerpon-Cornerstone, F|54/100
|-damage|p2a: Ogerpon|42/100|[from] Stealth Rock
|turn|9
|
|t:|1776074886
|switch|p1a: Gholdengo|Gholdengo|80/100
|move|p2a: Ogerpon|Power Whip|p1a: Gholdengo
|-resisted|p1a: Gholdengo
|-damage|p1a: Gholdengo|44/100
|
|upkeep
|turn|10
|
|t:|1776074893
|switch|p1a: Zamazenta|Zamazenta|97/100
|move|p2a: Ogerpon|Knock Off|p1a: Zamazenta
|-resisted|p1a: Zamazenta
|-damage|p1a: Zamazenta|79/100
|-enditem|p1a: Zamazenta|Life Orb|[from] move: Knock Off|[of] p2a: Ogerpon
|
|upkeep
|turn|11
|
|t:|1776074902
|switch|p2a: Raging Bolt|Raging Bolt|100/100
|-damage|p2a: Raging Bolt|88/100|[from] Stealth Rock
|-enditem|p2a: Raging Bolt|Booster Energy
|-activate|p2a: Raging Bolt|ability: Protosynthesis|[fromitem]
|-start|p2a: Raging Bolt|protosynthesisspa
|move|p1a: Zamazenta|Heavy Slam|p2a: Raging Bolt
|-resisted|p2a: Raging Bolt
|-damage|p2a: Raging Bolt|82/100
|
|upkeep
|turn|12
|
|t:|1776074913
|switch|p1a: Gholdengo|Gholdengo|44/100
|move|p2a: Raging Bolt|Dragon Pulse|p1a: Gholdengo
|-resisted|p1a: Gholdengo
|-damage|p1a: Gholdengo|10/100
|
|upkeep
|turn|13
|
|t:|1776074920
|move|p2a: Raging Bolt|Thunderbolt|p1a: Gholdengo
|-damage|p1a: Gholdengo|0 fnt
|faint|p1a: Gholdengo
|
|upkeep
|
|t:|1776074923
|switch|p1a: Ting-Lu|Ting-Lu|43/100
|-ability|p1a: Ting-Lu|Vessel of Ruin
|turn|14
|
|t:|1776074928
|move|p2a: Raging Bolt|Dragon Pulse|p1a: Ting-Lu
|-damage|p1a: Ting-Lu|15/100
|move|p1a: Ting-Lu|Earthquake|p2a: Raging Bolt
|-supereffective|p2a: Raging Bolt
|-damage|p2a: Raging Bolt|11/100
|
|upkeep
|turn|15
|
|t:|1776074935
|move|p2a: Raging Bolt|Dragon Pulse|p1a: Ting-Lu
|-damage|p1a: Ting-Lu|0 fnt
|faint|p1a: Ting-Lu
|
|upkeep
|
|t:|1776074937
|switch|p1a: Rillaboom|Rillaboom, F|66/100
|-fieldstart|move: Grassy Terrain|[from] ability: Grassy Surge|[of] p1a: Rillaboom
|turn|16
|
|t:|1776074949
|move|p1a: Rillaboom|Grassy Glide|p2a: Raging Bolt
|-resisted|p2a: Raging Bolt
|-damage|p2a: Raging Bolt|0 fnt
|faint|p2a: Raging Bolt
|-end|p2a: Raging Bolt|Protosynthesis|[silent]
|
|-heal|p1a: Rillaboom|72/100|[from] Grassy Terrain
|upkeep
|
|t:|1776074957
|switch|p2a: Ogerpon|Ogerpon-Cornerstone, F|42/100
|-damage|p2a: Ogerpon|29/100|[from] Stealth Rock
|turn|17
|
|t:|1776074963
|move|p2a: Ogerpon|Ivy Cudgel|p1a: Rillaboom|[anim] Ivy Cudgel Rock
|-crit|p1a: Rillaboom
|-damage|p1a: Rillaboom|0 fnt
|faint|p1a: Rillaboom
|
|-heal|p2a: Ogerpon|35/100|[from] Grassy Terrain
|upkeep
|
|t:|1776074967
|switch|p1a: Zamazenta|Zamazenta|79/100
|turn|18
|
|t:|1776074972
|move|p1a: Zamazenta|Heavy Slam|p2a: Ogerpon
|-supereffective|p2a: Ogerpon
|-damage|p2a: Ogerpon|0 fnt
|faint|p2a: Ogerpon
|
|-heal|p1a: Zamazenta|85/100|[from] Grassy Terrain
|upkeep
|
|t:|1776074981
|switch|p2a: Dragonite|Dragonite, F|100/100
|turn|19
|
|t:|1776074990
|move|p1a: Zamazenta|Crunch|p2a: Dragonite
|-damage|p2a: Dragonite|85/100
|move|p2a: Dragonite|Dragon Dance|p2a: Dragonite
|-boost|p2a: Dragonite|atk|1
|-boost|p2a: Dragonite|spe|1
|
|-heal|p1a: Zamazenta|91/100|[from] Grassy Terrain
|upkeep
|turn|20
|
|t:|1776075002
|move|p1a: Zamazenta|Stone Edge|p2a: Dragonite
|-supereffective|p2a: Dragonite
|-damage|p2a: Dragonite|14/100
|move|p2a: Dragonite|Dragon Dance|p2a: Dragonite
|-boost|p2a: Dragonite|atk|1
|-boost|p2a: Dragonite|spe|1
|
|-heal|p1a: Zamazenta|97/100|[from] Grassy Terrain
|-fieldend|move: Grassy Terrain
|upkeep
|turn|21
|
|t:|1776075012
|-terastallize|p2a: Dragonite|Flying
|-terastallize|p1a: Zamazenta|Steel
|move|p2a: Dragonite|Tera Blast|p1a: Zamazenta|[anim] Tera Blast Flying
|-resisted|p1a: Zamazenta
|-damage|p1a: Zamazenta|35/100
|move|p1a: Zamazenta|Stone Edge|p2a: Dragonite
|-supereffective|p2a: Dragonite
|-damage|p2a: Dragonite|0 fnt
|faint|p2a: Dragonite
|
|upkeep
|
|t:|1776075024
|switch|p2a: Iron Valiant|Iron Valiant|100/100
|-damage|p2a: Iron Valiant|94/100|[from] Stealth Rock
|-enditem|p2a: Iron Valiant|Booster Energy
|-activate|p2a: Iron Valiant|ability: Quark Drive|[fromitem]
|-start|p2a: Iron Valiant|quarkdrivespe
|turn|22
|
|t:|1776075032
|switch|p1a: Latias|Latias, F|100/100
|move|p2a: Iron Valiant|Close Combat|p1a: Latias
|-resisted|p1a: Latias
|-damage|p1a: Latias|69/100
|-unboost|p2a: Iron Valiant|def|1
|-unboost|p2a: Iron Valiant|spd|1
|
|upkeep
|turn|23
|
|t:|1776075041
|move|p2a: Iron Valiant|Knock Off|p1a: Latias
|-supereffective|p1a: Latias
|-damage|p1a: Latias|1/100
|-enditem|p1a: Latias|Grassy Seed|[from] move: Knock Off|[of] p2a: Iron Valiant
|move|p1a: Latias|Stored Power|p2a: Iron Valiant
|-supereffective|p2a: Iron Valiant
|-damage|p2a: Iron Valiant|54/100
|
|upkeep
|turn|24
|
|t:|1776075049
|move|p2a: Iron Valiant|Knock Off|p1a: Latias
|-supereffective|p1a: Latias
|-damage|p1a: Latias|0 fnt
|faint|p1a: Latias
|
|upkeep
|
|t:|1776075051
|switch|p1a: Ogerpon|Ogerpon-Wellspring, F|100/100
|turn|25
|
|t:|1776075055
|move|p2a: Iron Valiant|Destiny Bond|p2a: Iron Valiant
|-singlemove|p2a: Iron Valiant|Destiny Bond
|move|p1a: Ogerpon|Ivy Cudgel|p2a: Iron Valiant|[anim] Ivy Cudgel Water
|-damage|p2a: Iron Valiant|0 fnt
|faint|p2a: Iron Valiant
|-activate|p2a: Iron Valiant|move: Destiny Bond
|-end|p2a: Iron Valiant|Quark Drive|[silent]
|faint|p1a: Ogerpon
|
|upkeep
|
|t:|1776075065
|switch|p2a: Kingambit|Kingambit, M|100/100
|switch|p1a: Zamazenta|Zamazenta, tera:Steel|35/100
|-damage|p2a: Kingambit|94/100|[from] Stealth Rock
|-activate|p2a: Kingambit|ability: Supreme Overlord
|-start|p2a: Kingambit|fallen5|[silent]
|turn|26
|
|t:|1776075072
|move|p2a: Kingambit|Sucker Punch|p1a: Zamazenta
|-damage|p1a: Zamazenta|0 fnt
|faint|p1a: Zamazenta
|
|win|polkytire
|raw|CAPLT26EQ noob's rating: 1492 &rarr; <strong>1474</strong><br />(-18 for losing)
|raw|polkytire's rating: 1533 &rarr; <strong>1551</strong><br />(+18 for winning)
|l|☆polkytire
|player|p2|
