|html|<div class="broadcast-blue"><strong>[Gen 9] OU is currently suspecting Tera Blast! For information on how to participate check out the <a href="https://www.smogon.com/tools/suspects/view/200">suspect thread</a>.</strong></div>
|j|☆pedro124134
|j|☆BOYTOYrideME1984
|t:|1776139756
|gametype|singles
|player|p1|pedro124134|169|1054
|player|p2|BOYTOYrideME1984|bruno|1000
|gen|9
|tier|[Gen 9] OU
|rated|
|rule|HP Percentage Mod: HP is shown in percentages
|rule|Endless Battle Clause: Forcing endless battles is banned
|rule|Species Clause: Limit one of each Pokémon
|rule|OHKO Clause: OHKO moves are banned
|rule|Evasion Items Clause: Evasion items are banned
|rule|Evasion Moves Clause: Evasion moves are banned
|rule|Evasion Abilities Clause: Evasion abilities are banned
|rule|Sleep Moves Clause: Sleep-inducing moves are banned
|clearpoke
|poke|p1|Tyranitar, F|
|poke|p1|Ceruledge, F|
|poke|p1|Great Tusk|
|poke|p1|Rotom-Wash|
|poke|p1|Dragapult, M|
|poke|p1|Kingambit, F|
|poke|p2|Incineroar, M|
|poke|p2|Skeledirge, M|
|poke|p2|Deoxys-Defense|
|poke|p2|Ogerpon, F|
|poke|p2|Mimikyu, F|
|poke|p2|Heatran, M|
|teampreview
|j| ohko_smeargle
|
|t:|1776139770
|teamsize|p1|6
|teamsize|p2|6
|start
|switch|p1a: Rotom|Rotom-Wash|100/100
|switch|p2a: Burping Lice|Incineroar, M|100/100
|-ability|p2a: Burping Lice|Intimidate|boost
|-unboost|p1a: Rotom|atk|1
|turn|1
|
|t:|1776139782
|move|p2a: Burping Lice|Fake Out|p1a: Rotom
|-damage|p1a: Rotom|90/100
|cant|p1a: Rotom|flinch
|
|-heal|p1a: Rotom|96/100|[from] item: Leftovers
|upkeep
|turn|2
|
|t:|1776139790
|move|p1a: Rotom|Hydro Pump|p2a: Burping Lice
|-supereffective|p2a: Burping Lice
|-damage|p2a: Burping Lice|39/100
|move|p2a: Burping Lice|Darkest Lariat|p1a: Rotom
|-damage|p1a: Rotom|64/100
|
|-heal|p1a: Rotom|71/100|[from] item: Leftovers
|upkeep
|turn|3
|
|t:|1776139800
|switch|p2a: Marcy|Ogerpon, F|100/100
|move|p1a: Rotom|Hydro Pump|p2a: Marcy
|-resisted|p2a: Marcy
|-damage|p2a: Marcy|78/100
|
|-heal|p1a: Rotom|77/100|[from] item: Leftovers
|upkeep
|turn|4
|
|t:|1776139813
|move|p2a: Marcy|Ivy Cudgel|p1a: Rotom
|-supereffective|p1a: Rotom
|-damage|p1a: Rotom|2/100
|move|p1a: Rotom|Volt Switch|p2a: Marcy
|-resisted|p2a: Marcy
|-damage|p2a: Marcy|63/100
|
|t:|1776139830
|switch|p1a: Ceruledge|Ceruledge, F|100/100|[from] Volt Switch
|
|upkeep
|turn|5
|
|t:|1776139835
|switch|p2a: Maggy|Mimikyu, F, shiny|100/100
|move|p1a: Ceruledge|Bitter Blade|p2a: Maggy
|-activate|p2a: Maggy|ability: Disguise
|-damage|p2a: Maggy|100/100
|detailschange|p2a: Maggy|Mimikyu-Busted, F, shiny
|-damage|p2a: Maggy|88/100|[from] pokemon: Mimikyu-Busted
|
|upkeep
|turn|6
|
|t:|1776139851
|move|p1a: Ceruledge|Shadow Sneak|p2a: Maggy
|-supereffective|p2a: Maggy
|-damage|p2a: Maggy|38/100
|move|p2a: Maggy|Night Shade|p1a: Ceruledge
|-damage|p1a: Ceruledge|66/100
|
|upkeep
|turn|7
|
|t:|1776139860
|switch|p2a: Nolan|Heatran, M, shiny|100/100
|move|p1a: Ceruledge|Shadow Sneak|p2a: Nolan
|-damage|p2a: Nolan|84/100
|
|upkeep
|turn|8
|
|t:|1776139876
|move|p1a: Ceruledge|Close Combat|p2a: Nolan
|-supereffective|p2a: Nolan
|-damage|p2a: Nolan|15/100
|-unboost|p1a: Ceruledge|def|1
|-unboost|p1a: Ceruledge|spd|1
|move|p2a: Nolan|Fire Fang|p1a: Ceruledge
|-start|p1a: Ceruledge|ability: Flash Fire
|
|upkeep
|turn|9
|
|t:|1776139903
|switch|p2a: Las Manchas|Skeledirge, M|100/100
|move|p1a: Ceruledge|Shadow Sneak|p2a: Las Manchas
|-supereffective|p2a: Las Manchas
|-damage|p2a: Las Manchas|64/100
|
|upkeep
|turn|10
|
|t:|1776139918
|-end|p1a: Ceruledge|ability: Flash Fire|[silent]
|switch|p1a: Great Tusk|Great Tusk|100/100
|move|p2a: Las Manchas|Curse|p1a: Great Tusk
|-start|p1a: Great Tusk|Curse|[of] p2a: Las Manchas
|-damage|p2a: Las Manchas|14/100
|
|-damage|p1a: Great Tusk|76/100|[from] Curse
|upkeep
|turn|11
|
|t:|1776139932
|move|p1a: Great Tusk|Knock Off|p2a: Las Manchas
|-supereffective|p2a: Las Manchas
|-damage|p2a: Las Manchas|0 fnt
|-enditem|p2a: Las Manchas|Charcoal|[from] move: Knock Off|[of] p1a: Great Tusk
|faint|p2a: Las Manchas
|
|-heal|p1a: Great Tusk|82/100|[from] item: Leftovers
|-damage|p1a: Great Tusk|57/100|[from] Curse
|upkeep
|
|t:|1776139941
|switch|p2a: Dirge|Deoxys-Defense|100/100
|-ability|p2a: Dirge|Pressure
|turn|12
|
|t:|1776139950
|move|p2a: Dirge|Expanding Force|p1a: Great Tusk
|-supereffective|p1a: Great Tusk
|-damage|p1a: Great Tusk|0 fnt
|faint|p1a: Great Tusk
|-end|p1a: Great Tusk|Protosynthesis|[silent]
|
|upkeep
|
|t:|1776139967
|switch|p1a: Dragapult|Dragapult, M|100/100
|turn|13
|
|t:|1776139981
|move|p1a: Dragapult|Shadow Ball|p2a: Dirge
|-supereffective|p2a: Dirge
|-damage|p2a: Dirge|14/100
|move|p2a: Dirge|Psychic Terrain|p2a: Dirge
|-fieldstart|move: Psychic Terrain
|
|upkeep
|turn|14
|
|t:|1776139990
|move|p1a: Dragapult|Shadow Ball|p2a: Dirge
|-supereffective|p2a: Dirge
|-damage|p2a: Dirge|0 fnt
|faint|p2a: Dirge
|
|upkeep
|
|t:|1776139999
|switch|p2a: Marcy|Ogerpon, F|63/100
|turn|15
|
|t:|1776140008
|switch|p1a: Ceruledge|Ceruledge, F|66/100
|-terastallize|p2a: Marcy|Grass
|detailschange|p2a: Marcy|Ogerpon-Teal-Tera, F, tera:Grass
|-ability|p2a: Marcy|Embody Aspect (Teal)|boost
|-boost|p2a: Marcy|spe|1
|move|p2a: Marcy|Ivy Cudgel|p1a: Ceruledge
|-resisted|p1a: Ceruledge
|-damage|p1a: Ceruledge|22/100
|
|upkeep
|turn|16
|
|t:|1776140023
|move|p2a: Marcy|Lash Out|p1a: Ceruledge
|-supereffective|p1a: Ceruledge
|-damage|p1a: Ceruledge|0 fnt
|faint|p1a: Ceruledge
|
|upkeep
|
|t:|1776140034
|switch|p1a: Dragapult|Dragapult, M|100/100
|turn|17
|
|t:|1776140042
|move|p1a: Dragapult|Flamethrower|p2a: Marcy
|-supereffective|p2a: Marcy
|-damage|p2a: Marcy|0 fnt
|faint|p2a: Marcy
|detailschange|p2: Marcy|Ogerpon, F|[silent]
|
|-fieldend|move: Psychic Terrain
|upkeep
|
|t:|1776140052
|switch|p2a: Maggy|Mimikyu-Busted, F, shiny|38/100
|turn|18
|
|t:|1776140060
|move|p1a: Dragapult|Flamethrower|p2a: Maggy
|-damage|p2a: Maggy|0 fnt
|faint|p2a: Maggy
|
|upkeep
|
|t:|1776140066
|switch|p2a: Nolan|Heatran, M, shiny|15/100
|turn|19
|
|t:|1776140070
|move|p1a: Dragapult|Flamethrower|p2a: Nolan
|-start|p2a: Nolan|ability: Flash Fire
|move|p2a: Nolan|Body Press|p1a: Dragapult
|-immune|p1a: Dragapult
|
|upkeep
|turn|20
|
|t:|1776140083
|switch|p1a: Kingambit|Kingambit, F|100/100
|-activate|p1a: Kingambit|ability: Supreme Overlord
|-start|p1a: Kingambit|fallen2|[silent]
|-end|p2a: Nolan|ability: Flash Fire|[silent]
|switch|p2a: Burping Lice|Incineroar, M|39/100
|-ability|p2a: Burping Lice|Intimidate|boost
|-unboost|p1a: Kingambit|atk|1
|
|upkeep
|turn|21
|
|t:|1776140097
|-terastallize|p1a: Kingambit|Dark
|move|p2a: Burping Lice|Flare Blitz|p1a: Kingambit
|-damage|p1a: Kingambit|60/100
|-damage|p2a: Burping Lice|23/100|[from] Recoil
|move|p1a: Kingambit|Iron Head|p2a: Burping Lice
|-resisted|p2a: Burping Lice
|-damage|p2a: Burping Lice|2/100
|
|upkeep
|turn|22
|
|t:|1776140108
|move|p1a: Kingambit|Sucker Punch|p2a: Burping Lice
|-resisted|p2a: Burping Lice
|-damage|p2a: Burping Lice|0 fnt
|faint|p2a: Burping Lice
|
|upkeep
|
|t:|1776140112
|switch|p2a: Nolan|Heatran, M, shiny|15/100
|turn|23
|
|t:|1776140122
|move|p1a: Kingambit|Sucker Punch|p2a: Nolan
|-damage|p2a: Nolan|0 fnt
|faint|p2a: Nolan
|
|win|pedro124134
|raw|pedro124134's rating: 1054 &rarr; <strong>1081</strong><br />(+27 for winning)
|raw|BOYTOYrideME1984's rating: 1000 &rarr; <strong>1000</strong><br />(+0 for losing)
|l| ohko_smeargle
|l|☆BOYTOYrideME1984
|player|p2|
