|html|<div class="broadcast-blue"><strong>[Gen 9] OU is currently suspecting Tera Blast! For information on how to participate check out the <a href="https://www.smogon.com/tools/suspects/view/200">suspect thread</a>.</strong></div>
|j|☆EmperorGTR
|j|☆Pyrax69
|t:|1776056365
|gametype|singles
|player|p1|EmperorGTR|swimmer|1438
|player|p2|Pyrax69|cynthia-gen4|1473
|gen|9
|tier|[Gen 9] OU
|rated|
|rule|HP Percentage Mod: HP is shown in percentages
|rule|Endless Battle Clause: Forcing endless battles is banned
|rule|Species Clause: Limit one of each Pokémon
|rule|OHKO Clause: OHKO moves are banned
|rule|Evasion Items Clause: Evasion items are banned
|rule|Evasion Moves Clause: Evasion moves are banned
|rule|Evasion Abilities Clause: Evasion abilities are banned
|rule|Sleep Moves Clause: Sleep-inducing moves are banned
|clearpoke
|poke|p1|Enamorus, F|
|poke|p1|Rillaboom, F|
|poke|p1|Corviknight, M|
|poke|p1|Clodsire, M|
|poke|p1|Quaquaval, M|
|poke|p1|Heatran, M|
|poke|p2|Ceruledge, F|
|poke|p2|Weavile, F|
|poke|p2|Great Tusk|
|poke|p2|Raging Bolt|
|poke|p2|Iron Valiant|
|poke|p2|Latias, F|
|teampreview
|inactive|Battle timer is ON: inactive players will automatically lose when time's up. (requested by EmperorGTR)
|
|t:|1776056375
|teamsize|p1|6
|teamsize|p2|6
|start
|switch|p1a: Quaquaval|Quaquaval, M|100/100
|switch|p2a: Great Tusk|Great Tusk|100/100
|turn|1
|
|t:|1776056383
|move|p2a: Great Tusk|Headlong Rush|p1a: Quaquaval
|-damage|p1a: Quaquaval|15/100
|-unboost|p2a: Great Tusk|def|1
|-unboost|p2a: Great Tusk|spd|1
|move|p1a: Quaquaval|Aqua Step|p2a: Great Tusk
|-supereffective|p2a: Great Tusk
|-damage|p2a: Great Tusk|19/100
|-boost|p1a: Quaquaval|spe|1
|-damage|p1a: Quaquaval|0 fnt|[from] item: Rocky Helmet|[of] p2a: Great Tusk
|faint|p1a: Quaquaval
|
|upkeep
|
|t:|1776056393
|switch|p1a: Rillaboom|Rillaboom, F|100/100
|-fieldstart|move: Grassy Terrain|[from] ability: Grassy Surge|[of] p1a: Rillaboom
|turn|2
|
|t:|1776056398
|move|p1a: Rillaboom|Grassy Glide|p2a: Great Tusk
|-supereffective|p2a: Great Tusk
|-damage|p2a: Great Tusk|0 fnt
|-damage|p1a: Rillaboom|84/100|[from] item: Rocky Helmet|[of] p2a: Great Tusk
|faint|p2a: Great Tusk
|-end|p2a: Great Tusk|Protosynthesis|[silent]
|
|-heal|p1a: Rillaboom|90/100|[from] Grassy Terrain
|-heal|p1a: Rillaboom|96/100|[from] item: Leftovers
|upkeep
|
|t:|1776056408
|switch|p2a: Latias|Latias, F|100/100
|turn|3
|
|t:|1776056413
|switch|p1a: Heatran|Heatran, M|100/100
|-terastallize|p2a: Latias|Poison
|move|p2a: Latias|Agility|p2a: Latias
|-boost|p2a: Latias|spe|2
|
|upkeep
|turn|4
|
|t:|1776056422
|move|p2a: Latias|Calm Mind|p2a: Latias
|-boost|p2a: Latias|spa|1
|-boost|p2a: Latias|spd|1
|move|p1a: Heatran|Magma Storm|p2a: Latias
|-damage|p2a: Latias|71/100
|-activate|p2a: Latias|move: Magma Storm|[of] p1a: Heatran
|
|-damage|p2a: Latias|58/100|[from] move: Magma Storm|[partiallytrapped]
|upkeep
|turn|5
|
|t:|1776056433
|move|p2a: Latias|Stored Power|p1a: Heatran
|-resisted|p1a: Heatran
|-damage|p1a: Heatran|69/100
|move|p1a: Heatran|Flash Cannon|p2a: Latias
|-damage|p2a: Latias|35/100
|
|-heal|p1a: Heatran|75/100|[from] Grassy Terrain
|-heal|p1a: Heatran|81/100|[from] item: Leftovers
|-damage|p2a: Latias|23/100|[from] move: Magma Storm|[partiallytrapped]
|upkeep
|turn|6
|
|t:|1776056444
|move|p2a: Latias|Stored Power|p1a: Heatran
|-resisted|p1a: Heatran
|-crit|p1a: Heatran
|-damage|p1a: Heatran|35/100
|move|p1a: Heatran|Flash Cannon|p2a: Latias
|-damage|p2a: Latias|0 fnt
|faint|p2a: Latias
|
|-heal|p1a: Heatran|42/100|[from] Grassy Terrain
|-heal|p1a: Heatran|48/100|[from] item: Leftovers
|-fieldend|move: Grassy Terrain
|upkeep
|
|t:|1776056458
|switch|p2a: Raging Bolt|Raging Bolt|100/100
|-enditem|p2a: Raging Bolt|Booster Energy
|-activate|p2a: Raging Bolt|ability: Protosynthesis|[fromitem]
|-start|p2a: Raging Bolt|protosynthesisspa
|turn|7
|
|t:|1776056463
|switch|p1a: Clodsire|Clodsire, M|100/100
|move|p2a: Raging Bolt|Thunderbolt|p1a: Clodsire
|-immune|p1a: Clodsire
|
|upkeep
|turn|8
|
|t:|1776056469
|move|p2a: Raging Bolt|Dragon Pulse|p1a: Clodsire
|-damage|p1a: Clodsire|68/100
|move|p1a: Clodsire|Gunk Shot|p2a: Raging Bolt
|-damage|p2a: Raging Bolt|71/100
|-status|p2a: Raging Bolt|psn
|
|-heal|p1a: Clodsire|74/100|[from] item: Leftovers
|-damage|p2a: Raging Bolt|58/100 psn|[from] psn
|upkeep
|turn|9
|-message|Pyrax69 forfeited.
|
|win|EmperorGTR
|raw|EmperorGTR's rating: 1438 &rarr; <strong>1460</strong><br />(+22 for winning)
|raw|Pyrax69's rating: 1473 &rarr; <strong>1451</strong><br />(-22 for losing)
|l|☆Pyrax69
|player|p2|
|l|☆EmperorGTR
|player|p1|
