|html|<div class="broadcast-blue"><strong>[Gen 9] OU is currently suspecting Tera Blast! For information on how to participate check out the <a href="https://www.smogon.com/tools/suspects/view/200">suspect thread</a>.</strong></div>
|j|☆Spgdd
|j|☆elpachirisudelvgc
|t:|1776128664
|gametype|singles
|player|p1|Spgdd|miku-water|1287
|player|p2|elpachirisudelvgc|gambler|1314
|gen|9
|tier|[Gen 9] OU
|rated|
|rule|HP Percentage Mod: HP is shown in percentages
|rule|Endless Battle Clause: Forcing endless battles is banned
|rule|Species Clause: Limit one of each Pokémon
|rule|OHKO Clause: OHKO moves are banned
|rule|Evasion Items Clause: Evasion items are banned
|rule|Evasion Moves Clause: Evasion moves are banned
|rule|Evasion Abilities Clause: Evasion abilities are banned
|rule|Sleep Moves Clause: Sleep-inducing moves are banned
|clearpoke
|poke|p1|Gliscor, M|
|poke|p1|Galvantula, M|
|poke|p1|Kyurem|
|poke|p1|Quaquaval, M|
|poke|p1|Gholdengo|
|poke|p1|Iron Moth|
|poke|p2|Tyranitar, F|
|poke|p2|Excadrill, M|
|poke|p2|Pecharunt|
|poke|p2|Ogerpon-Wellspring, F|
|poke|p2|Raging Bolt|
|poke|p2|Scizor, F|
|teampreview
|inactive|Battle timer is ON: inactive players will automatically lose when time's up. (requested by Spgdd)
|inactive|elpachirisudelvgc also wants the timer to be on.
|c|☆elpachirisudelvgc|glhf
|c|☆Spgdd|glhf
|
|t:|1776128685
|teamsize|p1|6
|teamsize|p2|6
|start
|switch|p1a: Galvantula|Galvantula, M, shiny|100/100
|switch|p2a: Tyranitar|Tyranitar, F|100/100
|-weather|Sandstorm|[from] ability: Sand Stream|[of] p2a: Tyranitar
|turn|1
|
|t:|1776128693
|move|p1a: Galvantula|Sticky Web|p2a: Tyranitar
|-sidestart|p2: elpachirisudelvgc|move: Sticky Web
|move|p2a: Tyranitar|Stealth Rock|p1a: Galvantula
|-sidestart|p1: Spgdd|move: Stealth Rock
|
|-weather|Sandstorm|[upkeep]
|-damage|p1a: Galvantula|94/100|[from] Sandstorm
|upkeep
|turn|2
|
|t:|1776128705
|switch|p2a: Raging Bolt|Raging Bolt|100/100
|-activate|p2a: Raging Bolt|move: Sticky Web
|-unboost|p2a: Raging Bolt|spe|1
|move|p1a: Galvantula|Thunder Wave|p2a: Raging Bolt
|-immune|p2a: Raging Bolt
|
|-weather|Sandstorm|[upkeep]
|-damage|p1a: Galvantula|88/100|[from] Sandstorm
|-damage|p2a: Raging Bolt|94/100|[from] Sandstorm
|upkeep
|turn|3
|
|t:|1776128720
|move|p1a: Galvantula|Struggle Bug|p2a: Raging Bolt
|-damage|p2a: Raging Bolt|74/100
|-unboost|p2a: Raging Bolt|spa|1
|move|p2a: Raging Bolt|Volt Switch|p1a: Galvantula
|-resisted|p1a: Galvantula
|-damage|p1a: Galvantula|51/100
|
|t:|1776128727
|-end|p2a: Raging Bolt|Protosynthesis|[silent]
|switch|p2a: Excadrill|Excadrill, M|100/100|[from] Volt Switch
|-activate|p2a: Excadrill|move: Sticky Web
|-unboost|p2a: Excadrill|spe|1
|
|-weather|Sandstorm|[upkeep]
|-damage|p1a: Galvantula|45/100|[from] Sandstorm
|upkeep
|turn|4
|
|t:|1776128736
|switch|p1a: Gliscor|Gliscor, M, shiny|100/100
|-damage|p1a: Gliscor|88/100|[from] Stealth Rock
|move|p2a: Excadrill|Swords Dance|p2a: Excadrill
|-boost|p2a: Excadrill|atk|2
|
|-weather|Sandstorm|[upkeep]
|-status|p1a: Gliscor|tox|[from] item: Toxic Orb
|upkeep
|turn|5
|
|t:|1776128750
|move|p2a: Excadrill|Rock Slide|p1a: Gliscor
|-damage|p1a: Gliscor|45/100 tox
|move|p1a: Gliscor|Earthquake|p2a: Excadrill
|-supereffective|p2a: Excadrill
|-damage|p2a: Excadrill|1/100
|
|-weather|Sandstorm|[upkeep]
|-heal|p2a: Excadrill|7/100|[from] item: Leftovers
|-heal|p1a: Gliscor|57/100 tox|[from] ability: Poison Heal
|upkeep
|turn|6
|
|t:|1776128763
|move|p2a: Excadrill|Rock Slide|p1a: Gliscor
|-crit|p1a: Gliscor
|-damage|p1a: Gliscor|0 fnt
|faint|p1a: Gliscor
|
|-weather|Sandstorm|[upkeep]
|-heal|p2a: Excadrill|13/100|[from] item: Leftovers
|upkeep
|
|t:|1776128771
|switch|p1a: Quaquaval|Quaquaval, M, shiny|100/100
|turn|7
|
|t:|1776128776
|move|p2a: Excadrill|Earthquake|p1a: Quaquaval
|-damage|p1a: Quaquaval|0 fnt
|faint|p1a: Quaquaval
|
|-weather|Sandstorm|[upkeep]
|-heal|p2a: Excadrill|19/100|[from] item: Leftovers
|upkeep
|
|t:|1776128784
|switch|p1a: Kyurem|Kyurem, shiny|100/100
|-damage|p1a: Kyurem|75/100|[from] Stealth Rock
|-ability|p1a: Kyurem|Pressure
|turn|8
|
|t:|1776128792
|move|p2a: Excadrill|Earthquake|p1a: Kyurem
|-crit|p1a: Kyurem
|-damage|p1a: Kyurem|0 fnt
|faint|p1a: Kyurem
|
|-weather|none
|-heal|p2a: Excadrill|25/100|[from] item: Leftovers
|upkeep
|
|t:|1776128800
|switch|p1a: Iron Moth|Iron Moth, shiny|100/100
|-damage|p1a: Iron Moth|75/100|[from] Stealth Rock
|-enditem|p1a: Iron Moth|Booster Energy
|-activate|p1a: Iron Moth|ability: Quark Drive|[fromitem]
|-start|p1a: Iron Moth|quarkdrivespe
|turn|9
|
|t:|1776128809
|switch|p2a: Tyranitar|Tyranitar, F|100/100
|-activate|p2a: Tyranitar|move: Sticky Web
|-unboost|p2a: Tyranitar|spe|1
|-weather|Sandstorm|[from] ability: Sand Stream|[of] p2a: Tyranitar
|move|p1a: Iron Moth|Fiery Dance|p2a: Tyranitar
|-resisted|p2a: Tyranitar
|-damage|p2a: Tyranitar|92/100
|-boost|p1a: Iron Moth|spa|1
|
|-weather|Sandstorm|[upkeep]
|-damage|p1a: Iron Moth|69/100|[from] Sandstorm
|upkeep
|turn|10
|
|t:|1776128823
|-terastallize|p1a: Iron Moth|Grass
|move|p1a: Iron Moth|Energy Ball|p2a: Tyranitar
|-supereffective|p2a: Tyranitar
|-damage|p2a: Tyranitar|39/100
|move|p2a: Tyranitar|Roar|p1a: Iron Moth
|-end|p1a: Iron Moth|Quark Drive|[silent]
|drag|p1a: Gholdengo|Gholdengo, shiny|100/100
|-damage|p1a: Gholdengo|94/100|[from] Stealth Rock
|
|-weather|Sandstorm|[upkeep]
|upkeep
|turn|11
|
|t:|1776128839
|move|p1a: Gholdengo|Dazzling Gleam|p2a: Tyranitar
|-supereffective|p2a: Tyranitar
|-damage|p2a: Tyranitar|6/100
|move|p2a: Tyranitar|Knock Off|p1a: Gholdengo
|-supereffective|p1a: Gholdengo
|-damage|p1a: Gholdengo|1/100
|-enditem|p1a: Gholdengo|Choice Specs|[from] move: Knock Off|[of] p2a: Tyranitar
|
|-weather|Sandstorm|[upkeep]
|upkeep
|turn|12
|
|t:|1776128849
|move|p1a: Gholdengo|Dazzling Gleam|p2a: Tyranitar
|-supereffective|p2a: Tyranitar
|-damage|p2a: Tyranitar|0 fnt
|faint|p2a: Tyranitar
|
|-weather|Sandstorm|[upkeep]
|upkeep
|
|t:|1776128852
|switch|p2a: Excadrill|Excadrill, M|25/100
|-activate|p2a: Excadrill|move: Sticky Web
|-unboost|p2a: Excadrill|spe|1
|turn|13
|
|t:|1776128859
|move|p2a: Excadrill|Earthquake|p1a: Gholdengo
|-supereffective|p1a: Gholdengo
|-damage|p1a: Gholdengo|0 fnt
|faint|p1a: Gholdengo
|
|-weather|Sandstorm|[upkeep]
|-heal|p2a: Excadrill|31/100|[from] item: Leftovers
|upkeep
|
|t:|1776128868
|switch|p1a: Iron Moth|Iron Moth, shiny, tera:Grass|69/100
|-damage|p1a: Iron Moth|57/100|[from] Stealth Rock
|turn|14
|
|t:|1776128873
|move|p2a: Excadrill|Rock Slide|p1a: Iron Moth
|-damage|p1a: Iron Moth|12/100
|move|p1a: Iron Moth|Fiery Dance|p2a: Excadrill
|-supereffective|p2a: Excadrill
|-damage|p2a: Excadrill|0 fnt
|-boost|p1a: Iron Moth|spa|1
|faint|p2a: Excadrill
|
|-weather|Sandstorm|[upkeep]
|-damage|p1a: Iron Moth|6/100|[from] Sandstorm
|upkeep
|
|t:|1776128880
|switch|p2a: Scizor|Scizor, F|100/100
|-activate|p2a: Scizor|move: Sticky Web
|-unboost|p2a: Scizor|spe|1
|turn|15
|
|t:|1776128888
|move|p2a: Scizor|Bullet Punch|p1a: Iron Moth
|-damage|p1a: Iron Moth|0 fnt
|faint|p1a: Iron Moth
|-end|p1a: Iron Moth|Quark Drive|[silent]
|
|-weather|Sandstorm|[upkeep]
|upkeep
|c|☆elpachirisudelvgc|ggwp
|
|t:|1776128895
|switch|p1a: Galvantula|Galvantula, M, shiny|45/100
|-damage|p1a: Galvantula|20/100|[from] Stealth Rock
|turn|16
|c|☆elpachirisudelvgc|sorry for hax
|c|☆Spgdd|gg
|c|☆Spgdd|u got a good team
|
|t:|1776128917
|move|p2a: Scizor|Bullet Punch|p1a: Galvantula
|-resisted|p1a: Galvantula
|-damage|p1a: Galvantula|0 fnt
|faint|p1a: Galvantula
|
|win|elpachirisudelvgc
|raw|Spgdd's rating: 1287 &rarr; <strong>1264</strong><br />(-23 for losing)
|raw|elpachirisudelvgc's rating: 1314 &rarr; <strong>1332</strong><br />(+18 for winning)
