|html|<div class="broadcast-blue"><strong>[Gen 9] OU is currently suspecting Tera Blast! For information on how to participate check out the <a href="https://www.smogon.com/tools/suspects/view/200">suspect thread</a>.</strong></div>
|j|‽big dawg on glep
|j|☆AndresnHarold
|t:|1776080735
|gametype|singles
|player|p1|big dawg on glep|hexmaniac-gen6|1338
|player|p2|AndresnHarold|ethan|1374
|gen|9
|tier|[Gen 9] OU
|rated|
|rule|HP Percentage Mod: HP is shown in percentages
|rule|Endless Battle Clause: Forcing endless battles is banned
|rule|Species Clause: Limit one of each Pokémon
|rule|OHKO Clause: OHKO moves are banned
|rule|Evasion Items Clause: Evasion items are banned
|rule|Evasion Moves Clause: Evasion moves are banned
|rule|Evasion Abilities Clause: Evasion abilities are banned
|rule|Sleep Moves Clause: Sleep-inducing moves are banned
|clearpoke
|poke|p1|Hatterene, F|
|poke|p1|Ogerpon-Wellspring, F|
|poke|p1|Landorus-Therian, M|
|poke|p1|Zoroark-Hisui, F|
|poke|p1|Diancie|
|poke|p1|Alomomola, F|
|poke|p2|Skeledirge, F|
|poke|p2|Araquanid, M|
|poke|p2|Rotom-Wash|
|poke|p2|Zamazenta-*|
|poke|p2|Dragonite, F|
|poke|p2|Iron Treads|
|teampreview
|inactive|Battle timer is ON: inactive players will automatically lose when time's up. (requested by big dawg on glep)
|inactive|big dawg on glep has 120 seconds left.
|inactive|AndresnHarold has 120 seconds left.
|l|☆AndresnHarold
|inactive|AndresnHarold disconnected and has a minute to reconnect!
|player|p2|
|j|☆AndresnHarold
|inactive|AndresnHarold reconnected and has 105 seconds left.
|player|p2|AndresnHarold|ethan|
|
|t:|1776080792
|teamsize|p1|6
|teamsize|p2|6
|start
|switch|p1a: Hatterene|Hatterene, F|100/100
|switch|p2a: Araquanid|Araquanid, M|100/100
|turn|1
|
|t:|1776080805
|move|p2a: Araquanid|Liquidation|p1a: Hatterene
|-damage|p1a: Hatterene|60/100
|move|p1a: Hatterene|Psychic Noise|p2a: Araquanid
|-damage|p2a: Araquanid|77/100
|-start|p2a: Araquanid|move: Heal Block
|
|upkeep
|turn|2
|
|t:|1776080824
|move|p2a: Araquanid|Liquidation|p1a: Hatterene
|-damage|p1a: Hatterene|20/100
|move|p1a: Hatterene|Psychic Noise|p2a: Araquanid
|-damage|p2a: Araquanid|55/100
|
|-end|p2a: Araquanid|move: Heal Block
|upkeep
|turn|3
|l|☆AndresnHarold
|inactive|AndresnHarold disconnected and has a minute to reconnect!
|player|p2|
|inactive|AndresnHarold has 30 seconds to reconnect!
|j|☆AndresnHarold
|inactive|AndresnHarold reconnected and has 95 seconds left.
|player|p2|AndresnHarold|ethan|
|inactive|AndresnHarold has 90 seconds left.
|
|t:|1776080884
|switch|p1a: Ogerpon|Ogerpon-Wellspring, F|100/100
|move|p2a: Araquanid|Leech Life|p1a: Ogerpon
|-supereffective|p1a: Ogerpon
|-damage|p1a: Ogerpon|44/100
|-heal|p2a: Araquanid|80/100|[from] drain|[of] p1a: Ogerpon
|
|upkeep
|turn|4
|c|☆AndresnHarold|ugh
|c|☆AndresnHarold|my internet
|
|t:|1776080897
|move|p1a: Ogerpon|Horn Leech|p2a: Araquanid
|-damage|p2a: Araquanid|31/100
|-heal|p1a: Ogerpon|72/100|[from] drain|[of] p2a: Araquanid
|move|p2a: Araquanid|Leech Life|p1a: Ogerpon
|-supereffective|p1a: Ogerpon
|-damage|p1a: Ogerpon|15/100
|-heal|p2a: Araquanid|56/100|[from] drain|[of] p1a: Ogerpon
|
|upkeep
|turn|5
|inactive|AndresnHarold has 90 seconds left.
|
|t:|1776080915
|move|p1a: Ogerpon|Horn Leech|p2a: Araquanid
|-damage|p2a: Araquanid|6/100
|-heal|p1a: Ogerpon|44/100|[from] drain|[of] p2a: Araquanid
|move|p2a: Araquanid|Sticky Web|p1a: Ogerpon
|-sidestart|p1: big dawg on glep|move: Sticky Web
|
|upkeep
|turn|6
|inactive|AndresnHarold has 90 seconds left.
|
|t:|1776080926
|move|p1a: Ogerpon|Horn Leech|p2a: Araquanid
|-damage|p2a: Araquanid|0 fnt
|-heal|p1a: Ogerpon|47/100|[from] drain|[of] p2a: Araquanid
|faint|p2a: Araquanid
|
|upkeep
|inactive|AndresnHarold has 90 seconds left.
|
|t:|1776080940
|switch|p2a: Rotom|Rotom-Wash|100/100
|turn|7
|inactive|AndresnHarold has 90 seconds left.
|
|t:|1776080959
|move|p1a: Ogerpon|Horn Leech|p2a: Rotom
|-supereffective|p2a: Rotom
|-damage|p2a: Rotom|0 fnt
|-heal|p1a: Ogerpon|97/100|[from] drain|[of] p2a: Rotom
|faint|p2a: Rotom
|
|upkeep
|
|t:|1776080972
|switch|p2a: Dragonite|Dragonite, F|100/100
|turn|8
|
|t:|1776080978
|move|p1a: Ogerpon|Swords Dance|p1a: Ogerpon
|-boost|p1a: Ogerpon|atk|2
|move|p2a: Dragonite|Dragon Dance|p2a: Dragonite
|-boost|p2a: Dragonite|atk|1
|-boost|p2a: Dragonite|spe|1
|
|upkeep
|turn|9
|
|t:|1776080991
|move|p2a: Dragonite|Extreme Speed|p1a: Ogerpon
|-damage|p1a: Ogerpon|24/100
|move|p1a: Ogerpon|Play Rough|p2a: Dragonite
|-supereffective|p2a: Dragonite
|-damage|p2a: Dragonite|0 fnt
|faint|p2a: Dragonite
|
|upkeep
|
|t:|1776081006
|switch|p2a: Skeledirge|Skeledirge, F|100/100
|turn|10
|c|☆AndresnHarold|this sucks btw
|
|t:|1776081016
|move|p2a: Skeledirge|Torch Song|p1a: Ogerpon
|-damage|p1a: Ogerpon|0 fnt
|-boost|p2a: Skeledirge|spa|1
|faint|p1a: Ogerpon
|
|upkeep
|
|t:|1776081031
|switch|p1a: Diancie|Diancie, shiny|100/100
|-activate|p1a: Diancie|move: Sticky Web
|-fail|p1a: Diancie|unboost|[from] ability: Clear Body|[of] p1a: Diancie
|turn|11
|inactive|AndresnHarold has 90 seconds left.
|
|t:|1776081043
|switch|p2a: Iron Treads|Iron Treads|100/100
|move|p1a: Diancie|Diamond Storm|p2a: Iron Treads
|-resisted|p2a: Iron Treads
|-damage|p2a: Iron Treads|93/100
|
|upkeep
|turn|12
|
|t:|1776081053
|switch|p1a: Alomomola|Alomomola, F|100/100
|move|p2a: Iron Treads|Steel Beam|p1a: Alomomola|[miss]
|-miss|p2a: Iron Treads|p1a: Alomomola
|-damage|p2a: Iron Treads|43/100|[from] steelbeam
|
|upkeep
|turn|13
|
|t:|1776081060
|move|p1a: Alomomola|Protect|p1a: Alomomola
|-singleturn|p1a: Alomomola|Protect
|move|p2a: Iron Treads|Volt Switch|p1a: Alomomola
|-activate|p1a: Alomomola|move: Protect
|
|upkeep
|turn|14
|
|t:|1776081069
|move|p2a: Iron Treads|Volt Switch|p1a: Alomomola
|-supereffective|p1a: Alomomola
|-damage|p1a: Alomomola|62/100
|
|t:|1776081073
|-end|p2a: Iron Treads|Quark Drive|[silent]
|switch|p2a: Zamazenta|Zamazenta|100/100|[from] Volt Switch
|-ability|p2a: Zamazenta|Dauntless Shield|boost
|-boost|p2a: Zamazenta|def|1
|move|p1a: Alomomola|Flip Turn|p2a: Zamazenta
|-damage|p2a: Zamazenta|91/100
|
|t:|1776081080
|switch|p1a: Diancie|Diancie, shiny|100/100|[from] Flip Turn
|-activate|p1a: Diancie|move: Sticky Web
|-fail|p1a: Diancie|unboost|[from] ability: Clear Body|[of] p1a: Diancie
|
|-heal|p2a: Zamazenta|97/100|[from] item: Leftovers
|upkeep
|turn|15
|
|t:|1776081090
|move|p2a: Zamazenta|Heavy Slam|p1a: Diancie
|-supereffective|p1a: Diancie
|-damage|p1a: Diancie|5/100
|move|p1a: Diancie|Moonblast|p2a: Zamazenta
|-supereffective|p2a: Zamazenta
|-damage|p2a: Zamazenta|14/100
|
|-heal|p2a: Zamazenta|20/100|[from] item: Leftovers
|upkeep
|turn|16
|
|t:|1776081099
|switch|p1a: Alomomola|Alomomola, F|96/100
|move|p2a: Zamazenta|Body Press|p1a: Alomomola
|-damage|p1a: Alomomola|63/100
|
|-heal|p2a: Zamazenta|27/100|[from] item: Leftovers
|upkeep
|turn|17
|
|t:|1776081104
|move|p2a: Zamazenta|Iron Defense|p2a: Zamazenta
|-boost|p2a: Zamazenta|def|2
|move|p1a: Alomomola|Scald|p2a: Zamazenta
|-damage|p2a: Zamazenta|14/100
|
|-heal|p2a: Zamazenta|20/100|[from] item: Leftovers
|upkeep
|turn|18
|
|t:|1776081111
|move|p2a: Zamazenta|Body Press|p1a: Alomomola
|-damage|p1a: Alomomola|12/100
|move|p1a: Alomomola|Scald|p2a: Zamazenta
|-damage|p2a: Zamazenta|6/100
|
|-heal|p2a: Zamazenta|12/100|[from] item: Leftovers
|upkeep
|turn|19
|
|t:|1776081118
|move|p2a: Zamazenta|Body Press|p1a: Alomomola
|-damage|p1a: Alomomola|0 fnt
|faint|p1a: Alomomola
|
|-heal|p2a: Zamazenta|18/100|[from] item: Leftovers
|upkeep
|
|t:|1776081123
|switch|p1a: Landorus|Landorus-Therian, M, shiny|100/100
|-ability|p1a: Landorus|Intimidate|boost
|-unboost|p2a: Zamazenta|atk|1
|turn|20
|
|t:|1776081137
|-terastallize|p1a: Landorus|Flying
|move|p1a: Landorus|Tera Blast|p2a: Zamazenta|[anim] Tera Blast Flying
|-supereffective|p2a: Zamazenta
|-damage|p2a: Zamazenta|0 fnt
|faint|p2a: Zamazenta
|
|upkeep
|
|t:|1776081146
|switch|p2a: Iron Treads|Iron Treads|43/100
|turn|21
|
|t:|1776081152
|switch|p1a: Hatterene|Hatterene, F|20/100
|-activate|p1a: Hatterene|move: Sticky Web
|-unboost|p1a: Hatterene|spe|1
|move|p2a: Iron Treads|Volt Switch|p1a: Hatterene
|-damage|p1a: Hatterene|1/100
|
|t:|1776081160
|-end|p2a: Iron Treads|Quark Drive|[silent]
|switch|p2a: Skeledirge|Skeledirge, F|100/100|[from] Volt Switch
|
|upkeep
|turn|22
|
|t:|1776081169
|move|p2a: Skeledirge|Torch Song|p1a: Hatterene
|-damage|p1a: Hatterene|0 fnt
|-boost|p2a: Skeledirge|spa|1
|faint|p1a: Hatterene
|
|upkeep
|
|t:|1776081172
|switch|p1a: Landorus|Landorus-Therian, M, shiny, tera:Flying|100/100
|-ability|p1a: Landorus|Intimidate|boost
|-unboost|p2a: Skeledirge|atk|1
|turn|23
|
|t:|1776081177
|-terastallize|p2a: Skeledirge|Fairy
|move|p1a: Landorus|Earthquake|p2a: Skeledirge
|-damage|p2a: Skeledirge|43/100
|move|p2a: Skeledirge|Torch Song|p1a: Landorus
|-damage|p1a: Landorus|31/100
|-boost|p2a: Skeledirge|spa|1
|
|upkeep
|turn|24
|
|t:|1776081187
|move|p1a: Landorus|Earthquake|p2a: Skeledirge
|-damage|p2a: Skeledirge|0 fnt
|faint|p2a: Skeledirge
|
|upkeep
|
|t:|1776081191
|switch|p2a: Iron Treads|Iron Treads|43/100
|turn|25
|
|t:|1776081198
|move|p1a: Landorus|Earthquake|p2a: Iron Treads
|-supereffective|p2a: Iron Treads
|-damage|p2a: Iron Treads|0 fnt
|faint|p2a: Iron Treads
|-end|p2a: Iron Treads|Quark Drive|[silent]
|
|win|big dawg on glep
|raw|big dawg on glep's rating: 1338 &rarr; <strong>1360</strong><br />(+22 for winning)
|raw|AndresnHarold's rating: 1374 &rarr; <strong>1352</strong><br />(-22 for losing)
|l|‽big dawg on glep
|player|p1|
|j|‽big dawg on glep
|player|p1|big dawg on glep|hexmaniac-gen6|
