|html|<div class="broadcast-blue"><strong>[Gen 9] OU is currently suspecting Tera Blast! For information on how to participate check out the <a href="https://www.smogon.com/tools/suspects/view/200">suspect thread</a>.</strong></div>
|j|☆1200s chud
|j|☆AC_Shade
|t:|1776103402
|gametype|singles
|player|p1|1200s chud|drayton|1621
|player|p2|AC_Shade|nobunaga-conquest|1604
|gen|9
|tier|[Gen 9] OU
|rated|
|rule|HP Percentage Mod: HP is shown in percentages
|rule|Endless Battle Clause: Forcing endless battles is banned
|rule|Species Clause: Limit one of each Pokémon
|rule|OHKO Clause: OHKO moves are banned
|rule|Evasion Items Clause: Evasion items are banned
|rule|Evasion Moves Clause: Evasion moves are banned
|rule|Evasion Abilities Clause: Evasion abilities are banned
|rule|Sleep Moves Clause: Sleep-inducing moves are banned
|clearpoke
|poke|p1|Araquanid, F|
|poke|p1|Gholdengo|
|poke|p1|Rillaboom, M|
|poke|p1|Zamazenta-*|
|poke|p1|Glimmora, F|
|poke|p1|Heatran, F|
|poke|p2|Entei|
|poke|p2|Hatterene, F|
|poke|p2|Tornadus-Therian, M|
|poke|p2|Great Tusk|
|poke|p2|Dragonite, F|
|poke|p2|Kingambit, M|
|teampreview
|inactive|Battle timer is ON: inactive players will automatically lose when time's up. (requested by 1200s chud)
|j| ohko_smeargle
|
|t:|1776103413
|teamsize|p1|6
|teamsize|p2|6
|start
|switch|p1a: MadeYoGirlSticky|Araquanid, F|100/100
|switch|p2a: Tornadus|Tornadus-Therian, M|100/100
|turn|1
|
|t:|1776103415
|move|p2a: Tornadus|Bleakwind Storm|p1a: MadeYoGirlSticky
|-supereffective|p1a: MadeYoGirlSticky
|-damage|p1a: MadeYoGirlSticky|44/100
|move|p1a: MadeYoGirlSticky|Liquidation|p2a: Tornadus
|-damage|p2a: Tornadus|0 fnt
|faint|p2a: Tornadus
|
|upkeep
|
|t:|1776103425
|switch|p2a: Kingambit|Kingambit, M|100/100
|-activate|p2a: Kingambit|ability: Supreme Overlord
|-start|p2a: Kingambit|fallen1|[silent]
|turn|2
|
|t:|1776103435
|switch|p1a: Glimmy Carter|Glimmora, F|100/100
|move|p2a: Kingambit|Kowtow Cleave|p1a: Glimmy Carter
|-damage|p1a: Glimmy Carter|37/100
|-activate|p1a: Glimmy Carter|ability: Toxic Debris
|-sidestart|p2: AC_Shade|move: Toxic Spikes
|-enditem|p1a: Glimmy Carter|Red Card|[of] p2a: Kingambit
|-end|p2a: Kingambit|fallen1|[silent]
|drag|p2a: Entei|Entei|100/100
|-status|p2a: Entei|psn
|
|-damage|p2a: Entei|88/100 psn|[from] psn
|upkeep
|turn|3
|
|t:|1776103444
|move|p2a: Entei|Stomping Tantrum|p1a: Glimmy Carter
|-supereffective|p1a: Glimmy Carter
|-damage|p1a: Glimmy Carter|0 fnt
|-activate|p1a: Glimmy Carter|ability: Toxic Debris
|-sidestart|p2: AC_Shade|move: Toxic Spikes
|faint|p1a: Glimmy Carter
|
|-damage|p2a: Entei|76/100 psn|[from] psn
|upkeep
|
|t:|1776103450
|switch|p1a: GlidinInMy'64|Rillaboom, M|100/100
|-fieldstart|move: Grassy Terrain|[from] ability: Grassy Surge|[of] p1a: GlidinInMy'64
|turn|4
|
|t:|1776103457
|switch|p2a: Great Tusk|Great Tusk|100/100
|-status|p2a: Great Tusk|tox
|move|p1a: GlidinInMy'64|U-turn|p2a: Great Tusk
|-resisted|p2a: Great Tusk
|-damage|p2a: Great Tusk|92/100 tox
|-damage|p1a: GlidinInMy'64|84/100|[from] item: Rocky Helmet|[of] p2a: Great Tusk
|
|t:|1776103461
|switch|p1a: MadeYoGirlSticky|Araquanid, F|44/100|[from] U-turn
|
|-heal|p2a: Great Tusk|98/100 tox|[from] Grassy Terrain
|-heal|p1a: MadeYoGirlSticky|50/100|[from] Grassy Terrain
|-damage|p2a: Great Tusk|92/100 tox|[from] psn
|upkeep
|turn|5
|
|t:|1776103464
|move|p2a: Great Tusk|Rapid Spin|p1a: MadeYoGirlSticky
|-damage|p1a: MadeYoGirlSticky|35/100
|-boost|p2a: Great Tusk|spe|1
|-sideend|p2: AC_Shade|Toxic Spikes|[from] move: Rapid Spin|[of] p2a: Great Tusk
|move|p1a: MadeYoGirlSticky|Liquidation|p2a: Great Tusk
|-supereffective|p2a: Great Tusk
|-damage|p2a: Great Tusk|0 fnt
|-damage|p1a: MadeYoGirlSticky|18/100|[from] item: Rocky Helmet|[of] p2a: Great Tusk
|faint|p2a: Great Tusk
|-end|p2a: Great Tusk|Protosynthesis|[silent]
|
|-heal|p1a: MadeYoGirlSticky|24/100|[from] Grassy Terrain
|upkeep
|
|t:|1776103467
|switch|p2a: Dragonite|Dragonite, F|100/100
|turn|6
|
|t:|1776103473
|switch|p1a: Big Giggle|Zamazenta|100/100
|-ability|p1a: Big Giggle|Dauntless Shield|boost
|-boost|p1a: Big Giggle|def|1
|move|p2a: Dragonite|Dragon Dance|p2a: Dragonite
|-boost|p2a: Dragonite|atk|1
|-boost|p2a: Dragonite|spe|1
|
|upkeep
|turn|7
|
|t:|1776103477
|move|p2a: Dragonite|Dragon Dance|p2a: Dragonite
|-boost|p2a: Dragonite|atk|1
|-boost|p2a: Dragonite|spe|1
|move|p1a: Big Giggle|Iron Defense|p1a: Big Giggle
|-boost|p1a: Big Giggle|def|2
|
|upkeep
|turn|8
|
|t:|1776103481
|move|p2a: Dragonite|Encore|p1a: Big Giggle
|-start|p1a: Big Giggle|Encore
|move|p1a: Big Giggle|Iron Defense|p1a: Big Giggle
|-boost|p1a: Big Giggle|def|2
|
|upkeep
|turn|9
|
|t:|1776103493
|switch|p1a: Djengo Unrained|Gholdengo|100/100
|-enditem|p1a: Djengo Unrained|Grassy Seed
|-boost|p1a: Djengo Unrained|def|1|[from] item: Grassy Seed
|move|p2a: Dragonite|Dragon Dance|p2a: Dragonite
|-boost|p2a: Dragonite|atk|1
|-boost|p2a: Dragonite|spe|1
|
|upkeep
|turn|10
|
|t:|1776103505
|move|p2a: Dragonite|Earthquake|p1a: Djengo Unrained
|-supereffective|p1a: Djengo Unrained
|-damage|p1a: Djengo Unrained|38/100
|move|p1a: Djengo Unrained|Make It Rain|p2a: Dragonite
|-damage|p2a: Dragonite|62/100
|-unboost|p1a: Djengo Unrained|spa|1
|
|-heal|p2a: Dragonite|69/100|[from] item: Leftovers
|-heal|p1a: Djengo Unrained|44/100|[from] Grassy Terrain
|upkeep
|turn|11
|
|t:|1776103512
|move|p2a: Dragonite|Earthquake|p1a: Djengo Unrained
|-supereffective|p1a: Djengo Unrained
|-damage|p1a: Djengo Unrained|0 fnt
|faint|p1a: Djengo Unrained
|
|-heal|p2a: Dragonite|75/100|[from] item: Leftovers
|-fieldend|move: Grassy Terrain
|upkeep
|
|t:|1776103519
|switch|p1a: Lava-Os|Heatran, F|100/100
|turn|12
|
|t:|1776103527
|-terastallize|p2a: Dragonite|Flying
|-terastallize|p1a: Lava-Os|Grass
|move|p2a: Dragonite|Tera Blast|p1a: Lava-Os|[anim] Tera Blast Flying
|-supereffective|p1a: Lava-Os
|-damage|p1a: Lava-Os|0 fnt
|faint|p1a: Lava-Os
|
|-heal|p2a: Dragonite|81/100|[from] item: Leftovers
|upkeep
|-message|1200s chud forfeited.
|
|win|AC_Shade
|raw|1200s chud's rating: 1621 &rarr; <strong>1600</strong><br />(-21 for losing)
|raw|AC_Shade's rating: 1604 &rarr; <strong>1625</strong><br />(+21 for winning)
|l|☆1200s chud
|player|p1|
|l|☆AC_Shade
|player|p2|
