|html|<div class="broadcast-blue"><strong>[Gen 9] OU is currently suspecting Tera Blast! For information on how to participate check out the <a href="https://www.smogon.com/tools/suspects/view/200">suspect thread</a>.</strong></div>
|j|☆chrisnwobu
|j|☆zhihe0719
|t:|1776047936
|gametype|singles
|player|p1|chrisnwobu|169|1366
|player|p2|zhihe0719|pokemonrangerf-gen4|1365
|gen|9
|tier|[Gen 9] OU
|rated|
|rule|HP Percentage Mod: HP is shown in percentages
|rule|Endless Battle Clause: Forcing endless battles is banned
|rule|Species Clause: Limit one of each Pokémon
|rule|OHKO Clause: OHKO moves are banned
|rule|Evasion Items Clause: Evasion items are banned
|rule|Evasion Moves Clause: Evasion moves are banned
|rule|Evasion Abilities Clause: Evasion abilities are banned
|rule|Sleep Moves Clause: Sleep-inducing moves are banned
|clearpoke
|poke|p1|Alomomola, F|
|poke|p1|Kyurem|
|poke|p1|Slowking-Galar, F|
|poke|p1|Gholdengo|
|poke|p1|Rillaboom, M|
|poke|p1|Great Tusk|
|poke|p2|Pelipper, F|
|poke|p2|Barraskewda, F|
|poke|p2|Clodsire, M|
|poke|p2|Iron Treads|
|poke|p2|Basculegion, M|
|poke|p2|Raging Bolt|
|teampreview
|inactive|Battle timer is ON: inactive players will automatically lose when time's up. (requested by zhihe0719)
|
|t:|1776047958
|teamsize|p1|6
|teamsize|p2|6
|start
|switch|p1a: Kyurem|Kyurem|100/100
|switch|p2a: Iron Treads|Iron Treads|100/100
|-item|p2a: Iron Treads|Air Balloon
|-ability|p1a: Kyurem|Pressure
|turn|1
|
|t:|1776047966
|switch|p1a: Alomomola|Alomomola, F|100/100
|move|p2a: Iron Treads|Volt Switch|p1a: Alomomola
|-supereffective|p1a: Alomomola
|-damage|p1a: Alomomola|74/100
|
|t:|1776047977
|-end|p2a: Iron Treads|Quark Drive|[silent]
|switch|p2a: Raging Bolt|Raging Bolt|100/100|[from] Volt Switch
|
|upkeep
|turn|2
|
|t:|1776047986
|switch|p1a: Slowking|Slowking-Galar, F|100/100
|move|p2a: Raging Bolt|Volt Switch|p1a: Slowking
|-damage|p1a: Slowking|77/100
|
|t:|1776047993
|-end|p2a: Raging Bolt|Protosynthesis|[silent]
|switch|p2a: Iron Treads|Iron Treads|100/100|[from] Volt Switch
|-item|p2a: Iron Treads|Air Balloon
|
|upkeep
|turn|3
|
|t:|1776047998
|switch|p1a: Rillaboom|Rillaboom, M|100/100
|-fieldstart|move: Grassy Terrain|[from] ability: Grassy Surge|[of] p1a: Rillaboom
|move|p2a: Iron Treads|Stealth Rock|p1a: Rillaboom
|-sidestart|p1: chrisnwobu|move: Stealth Rock
|
|upkeep
|turn|4
|
|t:|1776048003
|move|p2a: Iron Treads|Volt Switch|p1a: Rillaboom
|-resisted|p1a: Rillaboom
|-damage|p1a: Rillaboom|94/100
|
|t:|1776048004
|-end|p2a: Iron Treads|Quark Drive|[silent]
|switch|p2a: Raging Bolt|Raging Bolt|100/100|[from] Volt Switch
|move|p1a: Rillaboom|Knock Off|p2a: Raging Bolt
|-damage|p2a: Raging Bolt|70/100
|-enditem|p2a: Raging Bolt|Assault Vest|[from] move: Knock Off|[of] p1a: Rillaboom
|
|-heal|p2a: Raging Bolt|76/100|[from] Grassy Terrain
|-heal|p1a: Rillaboom|99/100|[from] Grassy Terrain
|upkeep
|turn|5
|
|t:|1776048011
|move|p2a: Raging Bolt|Volt Switch|p1a: Rillaboom
|-resisted|p1a: Rillaboom
|-damage|p1a: Rillaboom|80/100
|
|t:|1776048012
|-end|p2a: Raging Bolt|Protosynthesis|[silent]
|switch|p2a: Pelipper|Pelipper, F|100/100|[from] Volt Switch
|-weather|RainDance|[from] ability: Drizzle|[of] p2a: Pelipper
|move|p1a: Rillaboom|High Horsepower|p2a: Pelipper
|-immune|p2a: Pelipper
|
|-weather|RainDance|[upkeep]
|-heal|p1a: Rillaboom|86/100|[from] Grassy Terrain
|upkeep
|turn|6
|
|t:|1776048032
|switch|p1a: Slowking|Slowking-Galar, F|100/100
|move|p2a: Pelipper|Hurricane|p1a: Slowking
|-damage|p1a: Slowking|78/100
|-start|p1a: Slowking|confusion
|
|-weather|RainDance|[upkeep]
|-heal|p1a: Slowking|84/100|[from] Grassy Terrain
|upkeep
|turn|7
|
|t:|1776048042
|move|p2a: Pelipper|U-turn|p1a: Slowking
|-damage|p1a: Slowking|75/100
|
|t:|1776048044
|switch|p2a: Iron Treads|Iron Treads|100/100|[from] U-turn
|-item|p2a: Iron Treads|Air Balloon
|-prepare|p1a: Slowking|Chilly Reception|[premajor]
|-activate|p1a: Slowking|confusion
|move|p1a: Slowking|Chilly Reception|p1a: Slowking
|-weather|Snowscape
|
|t:|1776048054
|switch|p1a: Rillaboom|Rillaboom, M|86/100|[from] Chilly Reception
|-damage|p1a: Rillaboom|74/100|[from] Stealth Rock
|
|-weather|Snowscape|[upkeep]
|-heal|p1a: Rillaboom|80/100|[from] Grassy Terrain
|upkeep
|turn|8
|
|t:|1776048059
|move|p2a: Iron Treads|Volt Switch|p1a: Rillaboom
|-resisted|p1a: Rillaboom
|-damage|p1a: Rillaboom|73/100
|
|t:|1776048061
|-end|p2a: Iron Treads|Quark Drive|[silent]
|switch|p2a: Raging Bolt|Raging Bolt|76/100|[from] Volt Switch
|move|p1a: Rillaboom|Knock Off|p2a: Raging Bolt
|-damage|p2a: Raging Bolt|56/100
|
|-weather|Snowscape|[upkeep]
|-heal|p2a: Raging Bolt|62/100|[from] Grassy Terrain
|-heal|p1a: Rillaboom|79/100|[from] Grassy Terrain
|upkeep
|turn|9
|
|t:|1776048071
|move|p2a: Raging Bolt|Weather Ball|p1a: Rillaboom
|-supereffective|p1a: Rillaboom
|-crit|p1a: Rillaboom
|-damage|p1a: Rillaboom|0 fnt
|faint|p1a: Rillaboom
|
|-weather|Snowscape|[upkeep]
|-heal|p2a: Raging Bolt|68/100|[from] Grassy Terrain
|upkeep
|
|t:|1776048076
|switch|p1a: Kyurem|Kyurem|100/100
|-damage|p1a: Kyurem|76/100|[from] Stealth Rock
|-ability|p1a: Kyurem|Pressure
|turn|10
|
|t:|1776048081
|move|p1a: Kyurem|Freeze-Dry|p2a: Raging Bolt
|-supereffective|p2a: Raging Bolt
|-damage|p2a: Raging Bolt|0 fnt
|faint|p2a: Raging Bolt
|-end|p2a: Raging Bolt|Protosynthesis|[silent]
|
|-weather|Snowscape|[upkeep]
|-heal|p1a: Kyurem|82/100|[from] Grassy Terrain
|-fieldend|move: Grassy Terrain
|upkeep
|
|t:|1776048085
|switch|p2a: Iron Treads|Iron Treads|100/100
|-item|p2a: Iron Treads|Air Balloon
|turn|11
|
|t:|1776048095
|switch|p1a: Alomomola|Alomomola, F|100/100
|-damage|p1a: Alomomola|88/100|[from] Stealth Rock
|move|p2a: Iron Treads|Earthquake|p1a: Alomomola
|-damage|p1a: Alomomola|64/100
|
|-weather|none
|upkeep
|turn|12
|
|t:|1776048098
|move|p2a: Iron Treads|Volt Switch|p1a: Alomomola
|-supereffective|p1a: Alomomola
|-damage|p1a: Alomomola|40/100
|
|t:|1776048100
|-end|p2a: Iron Treads|Quark Drive|[silent]
|switch|p2a: Pelipper|Pelipper, F|100/100|[from] Volt Switch
|-weather|RainDance|[from] ability: Drizzle|[of] p2a: Pelipper
|move|p1a: Alomomola|Flip Turn|p2a: Pelipper
|-resisted|p2a: Pelipper
|-damage|p2a: Pelipper|92/100
|
|t:|1776048103
|switch|p1a: Kyurem|Kyurem|82/100|[from] Flip Turn
|-damage|p1a: Kyurem|57/100|[from] Stealth Rock
|-ability|p1a: Kyurem|Pressure
|
|-weather|RainDance|[upkeep]
|upkeep
|turn|13
|
|t:|1776048108
|switch|p2a: Iron Treads|Iron Treads|100/100
|-item|p2a: Iron Treads|Air Balloon
|move|p1a: Kyurem|Freeze-Dry|p2a: Iron Treads
|-damage|p2a: Iron Treads|19/100
|-enditem|p2a: Iron Treads|Air Balloon
|
|-weather|RainDance|[upkeep]
|upkeep
|turn|14
|
|t:|1776048113
|move|p2a: Iron Treads|Earthquake|p1a: Kyurem
|-damage|p1a: Kyurem|15/100
|move|p1a: Kyurem|Freeze-Dry|p2a: Iron Treads
|-damage|p2a: Iron Treads|0 fnt
|faint|p2a: Iron Treads
|-end|p2a: Iron Treads|Quark Drive|[silent]
|
|-weather|RainDance|[upkeep]
|upkeep
|
|t:|1776048133
|switch|p2a: Basculegion|Basculegion, M|100/100
|turn|15
|
|t:|1776048160
|switch|p1a: Alomomola|Alomomola, F|73/100
|-damage|p1a: Alomomola|61/100|[from] Stealth Rock
|-terastallize|p2a: Basculegion|Water
|move|p2a: Basculegion|Wave Crash|p1a: Alomomola
|-resisted|p1a: Alomomola
|-damage|p1a: Alomomola|26/100
|-damage|p2a: Basculegion|84/100|[from] item: Rocky Helmet|[of] p1a: Alomomola
|-damage|p2a: Basculegion|68/100|[from] Recoil
|
|-weather|RainDance|[upkeep]
|upkeep
|turn|16
|
|t:|1776048168
|switch|p1a: Kyurem|Kyurem|15/100
|-damage|p1a: Kyurem|0 fnt|[from] Stealth Rock
|faint|p1a: Kyurem
|move|p2a: Basculegion|Wave Crash|p1: Kyurem|[notarget]
|-fail|p2a: Basculegion
|
|-weather|RainDance|[upkeep]
|upkeep
|
|t:|1776048172
|switch|p1a: Alomomola|Alomomola, F|59/100
|-damage|p1a: Alomomola|47/100|[from] Stealth Rock
|turn|17
|
|t:|1776048175
|move|p2a: Basculegion|Wave Crash|p1a: Alomomola
|-resisted|p1a: Alomomola
|-damage|p1a: Alomomola|14/100
|-damage|p2a: Basculegion|52/100|[from] item: Rocky Helmet|[of] p1a: Alomomola
|-damage|p2a: Basculegion|37/100|[from] Recoil
|move|p1a: Alomomola|Wish|p1a: Alomomola
|
|-weather|RainDance|[upkeep]
|upkeep
|turn|18
|
|t:|1776048179
|switch|p2a: Clodsire|Clodsire, M|100/100
|move|p1a: Alomomola|Protect||[still]
|-fail|p1a: Alomomola
|
|-weather|RainDance|[upkeep]
|-heal|p1a: Alomomola|64/100|[from] move: Wish|[wisher] Alomomola
|upkeep
|turn|19
|
|t:|1776048187
|switch|p1a: Great Tusk|Great Tusk|100/100
|move|p2a: Clodsire|Earthquake|p1a: Great Tusk
|-damage|p1a: Great Tusk|81/100
|
|-weather|none
|upkeep
|turn|20
|
|t:|1776048198
|switch|p2a: Pelipper|Pelipper, F|92/100
|-weather|RainDance|[from] ability: Drizzle|[of] p2a: Pelipper
|move|p1a: Great Tusk|Rapid Spin|p2a: Pelipper
|-damage|p2a: Pelipper|78/100
|-boost|p1a: Great Tusk|spe|1
|-sideend|p1: chrisnwobu|Stealth Rock|[from] move: Rapid Spin|[of] p1a: Great Tusk
|
|-weather|RainDance|[upkeep]
|upkeep
|turn|21
|
|t:|1776048209
|-end|p1a: Great Tusk|Protosynthesis|[silent]
|switch|p1a: Slowking|Slowking-Galar, F|100/100
|move|p2a: Pelipper|U-turn|p1a: Slowking
|-damage|p1a: Slowking|92/100
|
|t:|1776048215
|switch|p2a: Basculegion|Basculegion, M, tera:Water|37/100|[from] U-turn
|
|-weather|RainDance|[upkeep]
|upkeep
|turn|22
|inactive|chrisnwobu has 120 seconds left.
|
|t:|1776048251
|switch|p1a: Alomomola|Alomomola, F|97/100
|move|p2a: Basculegion|Wave Crash|p1a: Alomomola
|-resisted|p1a: Alomomola
|-damage|p1a: Alomomola|65/100
|-damage|p2a: Basculegion|20/100|[from] item: Rocky Helmet|[of] p1a: Alomomola
|-damage|p2a: Basculegion|5/100|[from] Recoil
|
|-weather|RainDance|[upkeep]
|upkeep
|turn|23
|inactive|chrisnwobu has 120 seconds left.
|
|t:|1776048259
|move|p2a: Basculegion|Wave Crash|p1a: Alomomola
|-resisted|p1a: Alomomola
|-damage|p1a: Alomomola|30/100
|-damage|p2a: Basculegion|0 fnt|[from] item: Rocky Helmet|[of] p1a: Alomomola
|faint|p2a: Basculegion
|move|p1a: Alomomola|Wish|p1a: Alomomola
|
|-weather|RainDance|[upkeep]
|upkeep
|
|t:|1776048264
|switch|p2a: Clodsire|Clodsire, M|100/100
|turn|24
|
|t:|1776048276
|switch|p1a: Great Tusk|Great Tusk|81/100
|move|p2a: Clodsire|Earthquake|p1a: Great Tusk
|-damage|p1a: Great Tusk|62/100
|
|-weather|RainDance|[upkeep]
|-heal|p1a: Great Tusk|100/100|[from] move: Wish|[wisher] Alomomola
|upkeep
|turn|25
|
|t:|1776048280
|move|p1a: Great Tusk|Stealth Rock|p2a: Clodsire
|-sidestart|p2: zhihe0719|move: Stealth Rock
|move|p2a: Clodsire|Counter||[still]
|-fail|p2a: Clodsire
|
|-weather|RainDance|[upkeep]
|upkeep
|turn|26
|-message|zhihe0719 forfeited.
|
|win|chrisnwobu
|raw|chrisnwobu's rating: 1366 &rarr; <strong>1386</strong><br />(+20 for winning)
|raw|zhihe0719's rating: 1365 &rarr; <strong>1345</strong><br />(-20 for losing)
|l|☆zhihe0719
|player|p2|
|l|☆chrisnwobu
|player|p1|
