|html|<div class="broadcast-blue"><strong>[Gen 9] OU is currently suspecting Tera Blast! For information on how to participate check out the <a href="https://www.smogon.com/tools/suspects/view/200">suspect thread</a>.</strong></div>
|j|☆untitled007
|j|☆Zephi-P
|t:|1776072678
|gametype|singles
|player|p1|untitled007|266|1167
|player|p2|Zephi-P|elesa-gen5bw2|1204
|gen|9
|tier|[Gen 9] OU
|rated|
|rule|HP Percentage Mod: HP is shown in percentages
|rule|Endless Battle Clause: Forcing endless battles is banned
|rule|Species Clause: Limit one of each Pokémon
|rule|OHKO Clause: OHKO moves are banned
|rule|Evasion Items Clause: Evasion items are banned
|rule|Evasion Moves Clause: Evasion moves are banned
|rule|Evasion Abilities Clause: Evasion abilities are banned
|rule|Sleep Moves Clause: Sleep-inducing moves are banned
|clearpoke
|poke|p1|Slowbro-Galar, F|
|poke|p1|Darkrai|
|poke|p1|Cinderace, M|
|poke|p1|Kyurem|
|poke|p1|Landorus-Therian, M|
|poke|p1|Dragapult, F|
|poke|p2|Gholdengo|
|poke|p2|Samurott-Hisui, M|
|poke|p2|Cinderace, M|
|poke|p2|Dragapult, F|
|poke|p2|Landorus-Therian, M|
|poke|p2|Kyurem|
|teampreview
|inactive|Battle timer is ON: inactive players will automatically lose when time's up. (requested by Zephi-P)
|
|t:|1776072692
|teamsize|p1|6
|teamsize|p2|6
|start
|switch|p1a: Landorus|Landorus-Therian, M|100/100
|switch|p2a: Drifting Blade|Samurott-Hisui, M|100/100
|-ability|p1a: Landorus|Intimidate|boost
|-unboost|p2a: Drifting Blade|atk|1
|turn|1
|
|t:|1776072697
|move|p1a: Landorus|U-turn|p2a: Drifting Blade
|-supereffective|p2a: Drifting Blade
|-damage|p2a: Drifting Blade|26/100
|
|t:|1776072710
|switch|p1a: Cinderace|Cinderace, M|100/100|[from] U-turn
|move|p2a: Drifting Blade|Ceaseless Edge|p1a: Cinderace
|-damage|p1a: Cinderace|61/100
|-sidestart|p1: untitled007|Spikes
|
|upkeep
|turn|2
|
|t:|1776072719
|move|p1a: Cinderace|U-turn|p2a: Drifting Blade
|-start|p1a: Cinderace|typechange|Bug|[from] ability: Libero
|-supereffective|p2a: Drifting Blade
|-damage|p2a: Drifting Blade|0 fnt
|faint|p2a: Drifting Blade
|
|t:|1776072735
|switch|p1a: Landorus|Landorus-Therian, M|100/100|[from] U-turn
|
|upkeep
|
|t:|1776072738
|switch|p2a: Jane Juliet|Kyurem, shiny|100/100
|-ability|p2a: Jane Juliet|Pressure
|turn|3
|
|t:|1776072755
|move|p2a: Jane Juliet|Ice Beam|p1a: Landorus
|-supereffective|p1a: Landorus
|-damage|p1a: Landorus|0 fnt
|faint|p1a: Landorus
|
|upkeep
|
|t:|1776072759
|switch|p1a: Darkrai|Darkrai, shiny|100/100
|-damage|p1a: Darkrai|88/100|[from] Spikes
|turn|4
|
|t:|1776072769
|switch|p2a: Binah / An Arbiter|Gholdengo|100/100
|move|p1a: Darkrai|Focus Blast|p2a: Binah / An Arbiter
|-immune|p2a: Binah / An Arbiter
|
|upkeep
|turn|5
|
|t:|1776072778
|move|p1a: Darkrai|Dark Pulse|p2a: Binah / An Arbiter
|-supereffective|p2a: Binah / An Arbiter
|-damage|p2a: Binah / An Arbiter|0 fnt
|faint|p2a: Binah / An Arbiter
|-damage|p1a: Darkrai|78/100|[from] item: Life Orb
|
|upkeep
|
|t:|1776072782
|switch|p2a: Jane Juliet|Kyurem, shiny|100/100
|-ability|p2a: Jane Juliet|Pressure
|turn|6
|
|t:|1776072785
|switch|p1a: Slowbro|Slowbro-Galar, F, shiny|100/100
|-damage|p1a: Slowbro|88/100|[from] Spikes
|-terastallize|p2a: Jane Juliet|Fairy
|move|p2a: Jane Juliet|Tera Blast|p1a: Slowbro|[anim] Tera Blast Fairy
|-resisted|p1a: Slowbro
|-damage|p1a: Slowbro|62/100
|
|upkeep
|turn|7
|-activate|p1a: Slowbro|ability: Quick Draw
|
|t:|1776072794
|switch|p2a: Sandevistan|Landorus-Therian, M|100/100
|-ability|p2a: Sandevistan|Intimidate|boost
|-unboost|p1a: Slowbro|atk|1
|move|p1a: Slowbro|Shell Side Arm|p2a: Sandevistan|[anim] Shell Side Arm Special
|-resisted|p2a: Sandevistan
|-damage|p2a: Sandevistan|73/100
|-hint|Special Shell Side Arm
|
|upkeep
|turn|8
|
|t:|1776072804
|move|p2a: Sandevistan|Earthquake|p1a: Slowbro
|-supereffective|p1a: Slowbro
|-damage|p1a: Slowbro|0 fnt
|faint|p1a: Slowbro
|
|upkeep
|
|t:|1776072821
|switch|p1a: Cinderace|Cinderace, M|61/100
|turn|9
|
|t:|1776072826
|move|p1a: Cinderace|Court Change|p1a: Cinderace
|-start|p1a: Cinderace|typechange|Normal|[from] ability: Libero
|-swapsideconditions
|-activate|p1a: Cinderace|move: Court Change
|move|p2a: Sandevistan|Earthquake|p1a: Cinderace
|-damage|p1a: Cinderace|0 fnt
|faint|p1a: Cinderace
|
|upkeep
|
|t:|1776072855
|switch|p1a: Darkrai|Darkrai, shiny|78/100
|turn|10
|
|t:|1776072860
|move|p1a: Darkrai|Ice Beam|p2a: Sandevistan
|-supereffective|p2a: Sandevistan
|-damage|p2a: Sandevistan|0 fnt
|faint|p2a: Sandevistan
|-damage|p1a: Darkrai|68/100|[from] item: Life Orb
|
|upkeep
|
|t:|1776072864
|switch|p2a: Jane Juliet|Kyurem, shiny, tera:Fairy|100/100
|-damage|p2a: Jane Juliet|88/100|[from] Spikes
|-ability|p2a: Jane Juliet|Pressure
|turn|11
|
|t:|1776072873
|move|p2a: Jane Juliet|Tera Blast|p1a: Darkrai|[anim] Tera Blast Fairy
|-supereffective|p1a: Darkrai
|-damage|p1a: Darkrai|0 fnt
|faint|p1a: Darkrai
|
|upkeep
|
|t:|1776072876
|switch|p1a: Dragapult|Dragapult, F, shiny|100/100
|turn|12
|
|t:|1776072879
|-terastallize|p1a: Dragapult|Steel
|move|p2a: Jane Juliet|Tera Blast|p1a: Dragapult|[anim] Tera Blast Fairy
|-resisted|p1a: Dragapult
|-damage|p1a: Dragapult|71/100
|move|p1a: Dragapult|Shadow Ball|p2a: Jane Juliet
|-damage|p2a: Jane Juliet|35/100
|
|upkeep
|turn|13
|
|t:|1776072890
|move|p2a: Jane Juliet|Tera Blast|p1a: Dragapult|[anim] Tera Blast Fairy
|-resisted|p1a: Dragapult
|-damage|p1a: Dragapult|43/100
|move|p1a: Dragapult|Shadow Ball|p2a: Jane Juliet
|-damage|p2a: Jane Juliet|0 fnt
|faint|p2a: Jane Juliet
|
|upkeep
|
|t:|1776072894
|switch|p2a: Neymar Jr|Cinderace, M, shiny|100/100
|turn|14
|
|t:|1776072904
|move|p1a: Dragapult|Shadow Ball|p2a: Neymar Jr
|-damage|p2a: Neymar Jr|31/100
|move|p2a: Neymar Jr|Pyro Ball|p1a: Dragapult
|-supereffective|p1a: Dragapult
|-damage|p1a: Dragapult|0 fnt
|faint|p1a: Dragapult
|
|upkeep
|
|t:|1776072910
|switch|p1a: Kyurem|Kyurem|100/100
|-ability|p1a: Kyurem|Pressure
|turn|15
|
|t:|1776072917
|move|p1a: Kyurem|Freeze-Dry|p2a: Neymar Jr
|-resisted|p2a: Neymar Jr
|-damage|p2a: Neymar Jr|6/100
|move|p2a: Neymar Jr|Pyro Ball|p1a: Kyurem
|-damage|p1a: Kyurem|50/100
|
|upkeep
|turn|16
|
|t:|1776072925
|move|p2a: Neymar Jr|Sucker Punch|p1a: Kyurem
|-start|p2a: Neymar Jr|typechange|Dark|[from] ability: Libero
|-damage|p1a: Kyurem|15/100
|move|p1a: Kyurem|Freeze-Dry|p2a: Neymar Jr
|-damage|p2a: Neymar Jr|0 fnt
|faint|p2a: Neymar Jr
|
|upkeep
|
|t:|1776072931
|switch|p2a: Agnes Tachyon|Dragapult, F|100/100
|-damage|p2a: Agnes Tachyon|88/100|[from] Spikes
|turn|17
|
|t:|1776072936
|move|p1a: Kyurem|Freeze-Dry|p2a: Agnes Tachyon
|-supereffective|p2a: Agnes Tachyon
|-damage|p2a: Agnes Tachyon|0 fnt
|faint|p2a: Agnes Tachyon
|
|win|untitled007
|raw|untitled007's rating: 1167 &rarr; <strong>1195</strong><br />(+28 for winning)
|raw|Zephi-P's rating: 1204 &rarr; <strong>1176</strong><br />(-28 for losing)
|l|☆Zephi-P
|player|p2|
|l|☆untitled007
|player|p1|
