|html|<div class="broadcast-blue"><strong>[Gen 9] OU is currently suspecting Tera Blast! For information on how to participate check out the <a href="https://www.smogon.com/tools/suspects/view/200">suspect thread</a>.</strong></div>
|j|☆kilobyt3
|j|☆tybrook
|t:|1776055740
|gametype|singles
|player|p1|kilobyt3|gambler|1196
|player|p2|tybrook|266|1223
|gen|9
|tier|[Gen 9] OU
|rated|
|rule|HP Percentage Mod: HP is shown in percentages
|rule|Endless Battle Clause: Forcing endless battles is banned
|rule|Species Clause: Limit one of each Pokémon
|rule|OHKO Clause: OHKO moves are banned
|rule|Evasion Items Clause: Evasion items are banned
|rule|Evasion Moves Clause: Evasion moves are banned
|rule|Evasion Abilities Clause: Evasion abilities are banned
|rule|Sleep Moves Clause: Sleep-inducing moves are banned
|clearpoke
|poke|p1|Mimikyu, M|
|poke|p1|Cramorant, F|
|poke|p1|Breloom, F|
|poke|p1|Magnezone|
|poke|p1|Cryogonal|
|poke|p1|Alomomola, M|
|poke|p2|Great Tusk|
|poke|p2|Iron Valiant|
|poke|p2|Alomomola, M|
|poke|p2|Zapdos|
|poke|p2|Conkeldurr, M|
|poke|p2|Kyurem|
|teampreview
|inactive|Battle timer is ON: inactive players will automatically lose when time's up. (requested by tybrook)
|
|t:|1776055755
|teamsize|p1|6
|teamsize|p2|6
|start
|switch|p1a: Magnezone|Magnezone|100/100
|switch|p2a: Great Tusk|Great Tusk|100/100
|turn|1
|
|t:|1776055761
|move|p2a: Great Tusk|Stealth Rock|p1a: Magnezone
|-sidestart|p1: kilobyt3|move: Stealth Rock
|move|p1a: Magnezone|Flash Cannon|p2a: Great Tusk
|-damage|p2a: Great Tusk|0 fnt
|faint|p2a: Great Tusk
|-end|p2a: Great Tusk|Protosynthesis|[silent]
|
|upkeep
|
|t:|1776055769
|switch|p2a: Conkeldurr|Conkeldurr, M|100/100
|turn|2
|
|t:|1776055774
|switch|p1a: Alomomola|Alomomola, M|100/100
|move|p2a: Conkeldurr|Drain Punch|p1a: Alomomola
|-damage|p1a: Alomomola|78/100
|
|-status|p2a: Conkeldurr|brn|[from] item: Flame Orb
|upkeep
|turn|3
|
|t:|1776055779
|move|p2a: Conkeldurr|Knock Off|p1a: Alomomola
|-damage|p1a: Alomomola|51/100
|-enditem|p1a: Alomomola|Heavy-Duty Boots|[from] move: Knock Off|[of] p2a: Conkeldurr
|move|p1a: Alomomola|Tickle|p2a: Conkeldurr
|-unboost|p2a: Conkeldurr|atk|1
|-unboost|p2a: Conkeldurr|def|1
|
|-damage|p2a: Conkeldurr|94/100 brn|[from] brn
|upkeep
|turn|4
|
|t:|1776055791
|switch|p2a: Zapdos|Zapdos|100/100
|move|p1a: Alomomola|Wish|p1a: Alomomola
|
|upkeep
|turn|5
|
|t:|1776055800
|switch|p1a: Magnezone|Magnezone|100/100
|-damage|p1a: Magnezone|94/100|[from] Stealth Rock
|move|p2a: Zapdos|Thunderbolt|p1a: Magnezone
|-resisted|p1a: Magnezone
|-damage|p1a: Magnezone|74/100
|
|-heal|p1a: Magnezone|100/100|[from] move: Wish|[wisher] Alomomola
|upkeep
|turn|6
|
|t:|1776055809
|move|p2a: Zapdos|U-turn|p1a: Magnezone
|-resisted|p1a: Magnezone
|-damage|p1a: Magnezone|94/100
|
|t:|1776055811
|switch|p2a: Conkeldurr|Conkeldurr, M|94/100 brn|[from] U-turn
|move|p1a: Magnezone|Thunderbolt|p2a: Conkeldurr
|-damage|p2a: Conkeldurr|0 fnt
|faint|p2a: Conkeldurr
|
|upkeep
|
|t:|1776055820
|switch|p2a: Kyurem|Kyurem|100/100
|-ability|p2a: Kyurem|Pressure
|turn|7
|
|t:|1776055835
|switch|p1a: Breloom|Breloom, F|100/100
|-damage|p1a: Breloom|94/100|[from] Stealth Rock
|move|p2a: Kyurem|Earth Power|p1a: Breloom
|-resisted|p1a: Breloom
|-damage|p1a: Breloom|66/100
|-unboost|p1a: Breloom|spd|1
|
|upkeep
|turn|8
|
|t:|1776055843
|switch|p2a: Zapdos|Zapdos|100/100
|move|p1a: Breloom|Mach Punch|p2a: Zapdos
|-resisted|p2a: Zapdos
|-damage|p2a: Zapdos|80/100
|-status|p1a: Breloom|par|[from] ability: Static|[of] p2a: Zapdos
|-damage|p1a: Breloom|56/100 par|[from] item: Life Orb
|
|upkeep
|turn|9
|
|t:|1776055854
|move|p2a: Zapdos|Thunderbolt|p1a: Breloom
|-resisted|p1a: Breloom
|-damage|p1a: Breloom|0 fnt
|faint|p1a: Breloom
|
|upkeep
|
|t:|1776055859
|switch|p1a: Magnezone|Magnezone|94/100
|-damage|p1a: Magnezone|88/100|[from] Stealth Rock
|turn|10
|
|t:|1776055873
|move|p2a: Zapdos|Thunderbolt|p1a: Magnezone
|-resisted|p1a: Magnezone
|-damage|p1a: Magnezone|66/100
|move|p1a: Magnezone|Flash Cannon|p2a: Zapdos
|-resisted|p2a: Zapdos
|-damage|p2a: Zapdos|52/100
|
|upkeep
|turn|11
|
|t:|1776055880
|switch|p1a: Cryogonal|Cryogonal|100/100
|move|p2a: Zapdos|Roost|p2a: Zapdos
|-heal|p2a: Zapdos|100/100
|-singleturn|p2a: Zapdos|move: Roost
|
|upkeep
|turn|12
|
|t:|1776055884
|move|p1a: Cryogonal|Rapid Spin|p2a: Zapdos
|-damage|p2a: Zapdos|94/100
|-boost|p1a: Cryogonal|spe|1
|-status|p1a: Cryogonal|par|[from] ability: Static|[of] p2a: Zapdos
|-sideend|p1: kilobyt3|Stealth Rock|[from] move: Rapid Spin|[of] p1a: Cryogonal
|move|p2a: Zapdos|U-turn|p1a: Cryogonal
|-damage|p1a: Cryogonal|74/100 par
|
|t:|1776055889
|switch|p2a: Iron Valiant|Iron Valiant|100/100|[from] U-turn
|-enditem|p2a: Iron Valiant|Booster Energy
|-activate|p2a: Iron Valiant|ability: Quark Drive|[fromitem]
|-start|p2a: Iron Valiant|quarkdrivespe
|
|upkeep
|turn|13
|
|t:|1776055893
|move|p2a: Iron Valiant|Moonblast|p1a: Cryogonal
|-damage|p1a: Cryogonal|39/100 par
|-unboost|p1a: Cryogonal|spa|1
|move|p1a: Cryogonal|Freeze-Dry|p2a: Iron Valiant
|-damage|p2a: Iron Valiant|66/100
|
|upkeep
|turn|14
|
|t:|1776055902
|move|p2a: Iron Valiant|Close Combat|p1a: Cryogonal
|-supereffective|p1a: Cryogonal
|-damage|p1a: Cryogonal|0 fnt
|-unboost|p2a: Iron Valiant|def|1
|-unboost|p2a: Iron Valiant|spd|1
|faint|p1a: Cryogonal
|
|upkeep
|
|t:|1776055911
|switch|p1a: Cramorant|Cramorant, F|100/100
|turn|15
|
|t:|1776055924
|move|p2a: Iron Valiant|Thunderbolt|p1a: Cramorant
|-supereffective|p1a: Cramorant
|-damage|p1a: Cramorant|0 fnt
|faint|p1a: Cramorant
|
|upkeep
|c|☆kilobyt3|oh
|
|t:|1776055932
|switch|p1a: Mimikyu|Mimikyu, M|100/100
|turn|16
|
|t:|1776055936
|-end|p2a: Iron Valiant|Quark Drive|[silent]
|switch|p2a: Zapdos|Zapdos|94/100
|move|p1a: Mimikyu|Swords Dance|p1a: Mimikyu
|-boost|p1a: Mimikyu|atk|2
|
|upkeep
|turn|17
|
|t:|1776055939
|move|p1a: Mimikyu|Swords Dance|p1a: Mimikyu
|-boost|p1a: Mimikyu|atk|2
|move|p2a: Zapdos|Thunderbolt|p1a: Mimikyu
|-activate|p1a: Mimikyu|ability: Disguise
|-damage|p1a: Mimikyu|100/100
|detailschange|p1a: Mimikyu|Mimikyu-Busted, M
|-damage|p1a: Mimikyu|88/100|[from] pokemon: Mimikyu-Busted
|-enditem|p1a: Mimikyu|Red Card|[of] p2a: Zapdos
|drag|p2a: Alomomola|Alomomola, M|100/100
|
|upkeep
|turn|18
|
|t:|1776055946
|move|p1a: Mimikyu|Shadow Claw|p2a: Alomomola
|-crit|p2a: Alomomola
|-damage|p2a: Alomomola|29/100
|move|p2a: Alomomola|Flip Turn|p1a: Mimikyu
|-damage|p1a: Mimikyu|64/100
|
|t:|1776055950
|switch|p2a: Zapdos|Zapdos|94/100|[from] Flip Turn
|
|upkeep
|turn|19
|
|t:|1776055954
|move|p1a: Mimikyu|Shadow Claw|p2a: Zapdos
|-damage|p2a: Zapdos|0 fnt
|faint|p2a: Zapdos
|
|upkeep
|
|t:|1776055966
|switch|p2a: Kyurem|Kyurem|100/100
|-ability|p2a: Kyurem|Pressure
|turn|20
|
|t:|1776055969
|move|p2a: Kyurem|Ice Beam|p1a: Mimikyu
|-damage|p1a: Mimikyu|5/100
|move|p1a: Mimikyu|Play Rough|p2a: Kyurem
|-supereffective|p2a: Kyurem
|-damage|p2a: Kyurem|0 fnt
|faint|p2a: Kyurem
|
|upkeep
|
|t:|1776055976
|switch|p2a: Alomomola|Alomomola, M|62/100
|turn|21
|
|t:|1776055980
|move|p1a: Mimikyu|Shadow Claw|p2a: Alomomola
|-damage|p2a: Alomomola|16/100
|move|p2a: Alomomola|Flip Turn|p1a: Mimikyu
|-damage|p1a: Mimikyu|0 fnt
|faint|p1a: Mimikyu
|
|t:|1776055987
|switch|p2a: Iron Valiant|Iron Valiant|66/100|[from] Flip Turn
|
|upkeep
|
|t:|1776055992
|switch|p1a: Alomomola|Alomomola, M|85/100
|turn|22
|
|t:|1776056001
|-end|p2a: Iron Valiant|Quark Drive|[silent]
|switch|p2a: Alomomola|Alomomola, M|49/100
|move|p1a: Alomomola|Wish|p1a: Alomomola
|
|upkeep
|turn|23
|
|t:|1776056005
|move|p1a: Alomomola|Flip Turn|p2a: Alomomola
|-resisted|p2a: Alomomola
|-damage|p2a: Alomomola|45/100
|
|t:|1776056008
|switch|p1a: Magnezone|Magnezone|66/100|[from] Flip Turn
|move|p2a: Alomomola|Wish|p2a: Alomomola
|
|-heal|p1a: Magnezone|100/100|[from] move: Wish|[wisher] Alomomola
|upkeep
|turn|24
|
|t:|1776056020
|move|p2a: Alomomola|Protect|p2a: Alomomola
|-singleturn|p2a: Alomomola|Protect
|move|p1a: Magnezone|Thunderbolt|p2a: Alomomola
|-activate|p2a: Alomomola|move: Protect
|
|-heal|p2a: Alomomola|95/100|[from] move: Wish|[wisher] Alomomola
|upkeep
|turn|25
|
|t:|1776056027
|-terastallize|p2a: Alomomola|Steel
|move|p1a: Magnezone|Thunderbolt|p2a: Alomomola
|-crit|p2a: Alomomola
|-damage|p2a: Alomomola|0 fnt
|faint|p2a: Alomomola
|
|upkeep
|
|t:|1776056033
|switch|p2a: Iron Valiant|Iron Valiant|66/100
|turn|26
|
|t:|1776056036
|-terastallize|p1a: Magnezone|Electric
|move|p2a: Iron Valiant|Close Combat|p1a: Magnezone
|-damage|p1a: Magnezone|54/100
|-unboost|p2a: Iron Valiant|def|1
|-unboost|p2a: Iron Valiant|spd|1
|move|p1a: Magnezone|Thunderbolt|p2a: Iron Valiant
|-damage|p2a: Iron Valiant|0 fnt
|faint|p2a: Iron Valiant
|-end|p2a: Iron Valiant|Quark Drive|[silent]
|
|win|kilobyt3
|raw|kilobyt3's rating: 1196 &rarr; <strong>1223</strong><br />(+27 for winning)
|raw|tybrook's rating: 1223 &rarr; <strong>1196</strong><br />(-27 for losing)
|l|☆tybrook
|player|p2|
|l|☆kilobyt3
|player|p1|
