|html|<div class="broadcast-blue"><strong>[Gen 9] OU is currently suspecting Tera Blast! For information on how to participate check out the <a href="https://www.smogon.com/tools/suspects/view/200">suspect thread</a>.</strong></div>
|j|☆PoopAndFard
|j|☆StarShotBrady
|t:|1776067638
|gametype|singles
|player|p1|PoopAndFard|unknown|1128
|player|p2|StarShotBrady|valerie|1173
|gen|9
|tier|[Gen 9] OU
|rated|
|rule|HP Percentage Mod: HP is shown in percentages
|rule|Endless Battle Clause: Forcing endless battles is banned
|rule|Species Clause: Limit one of each Pokémon
|rule|OHKO Clause: OHKO moves are banned
|rule|Evasion Items Clause: Evasion items are banned
|rule|Evasion Moves Clause: Evasion moves are banned
|rule|Evasion Abilities Clause: Evasion abilities are banned
|rule|Sleep Moves Clause: Sleep-inducing moves are banned
|clearpoke
|poke|p1|Conkeldurr, M|
|poke|p1|Arcanine-Hisui, M|
|poke|p1|Ribombee, F|
|poke|p1|Slowbro, M|
|poke|p1|Typhlosion-Hisui, M|
|poke|p1|Torterra, M|
|poke|p2|Exeggutor-Alola, M|
|poke|p2|Cinderace, F|
|poke|p2|Toxtricity, M|
|poke|p2|Landorus-Therian, M|
|poke|p2|Primarina, F|
|poke|p2|Slowbro-Galar, F|
|teampreview
|inactive|Battle timer is ON: inactive players will automatically lose when time's up. (requested by PoopAndFard)
|c|☆StarShotBrady|gl hf
|
|t:|1776067651
|teamsize|p1|6
|teamsize|p2|6
|start
|switch|p1a: Arcanine|Arcanine-Hisui, M, shiny|100/100
|switch|p2a: Cinderace|Cinderace, F|100/100
|turn|1
|
|t:|1776067655
|move|p2a: Cinderace|U-turn|p1a: Arcanine
|-start|p2a: Cinderace|typechange|Bug|[from] ability: Libero
|-resisted|p1a: Arcanine
|-damage|p1a: Arcanine|79/100
|
|t:|1776067661
|switch|p2a: Primarina|Primarina, F|100/100|[from] U-turn
|move|p1a: Arcanine|Head Smash|p2a: Primarina
|-damage|p2a: Primarina|0 fnt
|faint|p2a: Primarina
|
|upkeep
|
|t:|1776067671
|switch|p2a: Landorus|Landorus-Therian, M|100/100
|-ability|p2a: Landorus|Intimidate|boost
|-unboost|p1a: Arcanine|atk|1
|turn|2
|
|t:|1776067676
|switch|p1a: Ribombee|Ribombee, F|100/100
|move|p2a: Landorus|Earthquake|p1a: Ribombee
|-resisted|p1a: Ribombee
|-damage|p1a: Ribombee|33/100
|
|upkeep
|turn|3
|
|t:|1776067681
|move|p1a: Ribombee|Stun Spore|p2a: Landorus|[miss]
|-miss|p1a: Ribombee|p2a: Landorus
|move|p2a: Landorus|Earthquake|p1a: Ribombee
|-resisted|p1a: Ribombee
|-damage|p1a: Ribombee|0 fnt
|faint|p1a: Ribombee
|
|upkeep
|
|t:|1776067684
|switch|p1a: Slowbro|Slowbro, M|100/100
|turn|4
|
|t:|1776067688
|move|p2a: Landorus|U-turn|p1a: Slowbro
|-supereffective|p1a: Slowbro
|-damage|p1a: Slowbro|70/100
|-damage|p2a: Landorus|84/100|[from] item: Rocky Helmet|[of] p1a: Slowbro
|
|t:|1776067698
|switch|p2a: Toxtricity|Toxtricity, M|100/100|[from] U-turn
|move|p1a: Slowbro|Scald|p2a: Toxtricity
|-damage|p2a: Toxtricity|59/100
|
|upkeep
|turn|5
|
|t:|1776067711
|switch|p1a: Torterra|Torterra, M|100/100
|move|p2a: Toxtricity|Shift Gear|p2a: Toxtricity
|-boost|p2a: Toxtricity|spe|2
|-boost|p2a: Toxtricity|atk|1
|
|upkeep
|turn|6
|
|t:|1776067717
|-terastallize|p2a: Toxtricity|Grass
|move|p2a: Toxtricity|Boomburst|p1a: Torterra
|-damage|p1a: Torterra|28/100
|-enditem|p2a: Toxtricity|Throat Spray
|-boost|p2a: Toxtricity|spa|1|[from] item: Throat Spray
|move|p1a: Torterra|Headlong Rush|p2a: Toxtricity
|-resisted|p2a: Toxtricity
|-damage|p2a: Toxtricity|14/100
|-unboost|p1a: Torterra|def|1
|-unboost|p1a: Torterra|spd|1
|
|upkeep
|turn|7
|
|t:|1776067728
|move|p2a: Toxtricity|Boomburst|p1a: Torterra
|-damage|p1a: Torterra|0 fnt
|faint|p1a: Torterra
|
|upkeep
|
|t:|1776067730
|switch|p1a: Conkeldurr|Conkeldurr, M|100/100
|turn|8
|
|t:|1776067734
|move|p1a: Conkeldurr|Mach Punch|p2a: Toxtricity
|-damage|p2a: Toxtricity|0 fnt
|faint|p2a: Toxtricity
|
|upkeep
|
|t:|1776067739
|switch|p2a: Slowbro|Slowbro-Galar, F|100/100
|turn|9
|
|t:|1776067743
|move|p1a: Conkeldurr|Knock Off|p2a: Slowbro
|-supereffective|p2a: Slowbro
|-damage|p2a: Slowbro|34/100
|-enditem|p2a: Slowbro|Quick Claw|[from] move: Knock Off|[of] p1a: Conkeldurr
|move|p2a: Slowbro|Psychic|p1a: Conkeldurr
|-supereffective|p1a: Conkeldurr
|-damage|p1a: Conkeldurr|37/100
|
|upkeep
|turn|10
|
|t:|1776067750
|move|p1a: Conkeldurr|Knock Off|p2a: Slowbro
|-supereffective|p2a: Slowbro
|-damage|p2a: Slowbro|0 fnt
|faint|p2a: Slowbro
|
|upkeep
|
|t:|1776067752
|switch|p2a: Landorus|Landorus-Therian, M|84/100
|-ability|p2a: Landorus|Intimidate|boost
|-unboost|p1a: Conkeldurr|atk|1
|turn|11
|
|t:|1776067757
|move|p2a: Landorus|Earthquake|p1a: Conkeldurr
|-damage|p1a: Conkeldurr|0 fnt
|faint|p1a: Conkeldurr
|
|upkeep
|
|t:|1776067760
|switch|p1a: Slowbro|Slowbro, M|100/100
|turn|12
|
|t:|1776067767
|move|p2a: Landorus|Earthquake|p1a: Slowbro
|-damage|p1a: Slowbro|58/100
|move|p1a: Slowbro|Psyshock|p2a: Landorus
|-crit|p2a: Landorus
|-damage|p2a: Landorus|39/100
|
|upkeep
|turn|13
|
|t:|1776067771
|move|p2a: Landorus|U-turn|p1a: Slowbro
|-supereffective|p1a: Slowbro
|-damage|p1a: Slowbro|28/100
|-damage|p2a: Landorus|23/100|[from] item: Rocky Helmet|[of] p1a: Slowbro
|
|t:|1776067776
|switch|p2a: Exeggutor|Exeggutor-Alola, M|100/100|[from] U-turn
|move|p1a: Slowbro|Slack Off|p1a: Slowbro
|-heal|p1a: Slowbro|78/100
|
|upkeep
|turn|14
|
|t:|1776067782
|switch|p1a: Typhlosion|Typhlosion-Hisui, M|100/100
|move|p2a: Exeggutor|Energy Ball|p1a: Typhlosion
|-resisted|p1a: Typhlosion
|-damage|p1a: Typhlosion|68/100
|
|upkeep
|turn|15
|
|t:|1776067788
|move|p1a: Typhlosion|Substitute|p1a: Typhlosion
|-start|p1a: Typhlosion|Substitute
|-damage|p1a: Typhlosion|43/100
|move|p2a: Exeggutor|Draco Meteor|p1a: Typhlosion
|-end|p1a: Typhlosion|Substitute
|-unboost|p2a: Exeggutor|spa|2
|
|upkeep
|turn|16
|
|t:|1776067793
|move|p1a: Typhlosion|Substitute|p1a: Typhlosion
|-start|p1a: Typhlosion|Substitute
|-damage|p1a: Typhlosion|19/100
|move|p2a: Exeggutor|Draco Meteor|p1a: Typhlosion
|-end|p1a: Typhlosion|Substitute
|-unboost|p2a: Exeggutor|spa|2
|
|upkeep
|turn|17
|
|t:|1776067796
|switch|p2a: Landorus|Landorus-Therian, M|23/100
|-ability|p2a: Landorus|Intimidate|boost
|-unboost|p1a: Typhlosion|atk|1
|move|p1a: Typhlosion|Fire Blast|p2a: Landorus
|-damage|p2a: Landorus|0 fnt
|faint|p2a: Landorus
|
|upkeep
|
|t:|1776067804
|switch|p2a: Cinderace|Cinderace, F|100/100
|turn|18
|
|t:|1776067807
|move|p2a: Cinderace|Sucker Punch||[still]
|-fail|p2a: Cinderace
|move|p1a: Typhlosion|Substitute|p1a: Typhlosion
|-fail|p1a: Typhlosion|move: Substitute|[weak]
|
|upkeep
|turn|19
|
|t:|1776067814
|move|p2a: Cinderace|U-turn|p1a: Typhlosion
|-start|p2a: Cinderace|typechange|Bug|[from] ability: Libero
|-resisted|p1a: Typhlosion
|-damage|p1a: Typhlosion|6/100
|
|t:|1776067818
|switch|p2a: Exeggutor|Exeggutor-Alola, M|100/100|[from] U-turn
|move|p1a: Typhlosion|Substitute|p1a: Typhlosion
|-fail|p1a: Typhlosion|move: Substitute|[weak]
|
|upkeep
|turn|20
|
|t:|1776067826
|move|p1a: Typhlosion|Infernal Parade|p2a: Exeggutor
|-damage|p2a: Exeggutor|68/100
|move|p2a: Exeggutor|Energy Ball|p1a: Typhlosion
|-resisted|p1a: Typhlosion
|-damage|p1a: Typhlosion|0 fnt
|faint|p1a: Typhlosion
|
|upkeep
|
|t:|1776067830
|switch|p1a: Arcanine|Arcanine-Hisui, M, shiny|79/100
|turn|21
|
|t:|1776067842
|-terastallize|p1a: Arcanine|Fire
|move|p2a: Exeggutor|Endure|p2a: Exeggutor
|-singleturn|p2a: Exeggutor|move: Endure
|move|p1a: Arcanine|Flare Blitz|p2a: Exeggutor
|-activate|p2a: Exeggutor|move: Endure
|-damage|p2a: Exeggutor|1/100
|
|upkeep
|turn|22
|-enditem|p2a: Exeggutor|Custap Berry|[eat]
|-activate|p2a: Exeggutor|item: Custap Berry|[consumed]
|
|t:|1776067851
|move|p2a: Exeggutor|Draco Meteor|p1a: Arcanine
|-damage|p1a: Arcanine|0 fnt
|-unboost|p2a: Exeggutor|spa|2
|faint|p1a: Arcanine
|
|-item|p2a: Exeggutor|Custap Berry|[from] ability: Harvest
|upkeep
|
|t:|1776067853
|switch|p1a: Slowbro|Slowbro, M|100/100
|turn|23
|
|t:|1776067863
|switch|p2a: Cinderace|Cinderace, F|100/100
|move|p1a: Slowbro|Scald|p2a: Cinderace
|-supereffective|p2a: Cinderace
|-damage|p2a: Cinderace|26/100
|
|upkeep
|turn|24
|
|t:|1776067869
|move|p2a: Cinderace|Sucker Punch||[still]
|-fail|p2a: Cinderace
|move|p1a: Slowbro|Slack Off||[still]
|-fail|p1a: Slowbro|heal
|
|upkeep
|turn|25
|
|t:|1776067877
|move|p2a: Cinderace|Court Change||[still]
|-start|p2a: Cinderace|typechange|Normal|[from] ability: Libero
|-fail|p2a: Cinderace
|move|p1a: Slowbro|Slack Off||[still]
|-fail|p1a: Slowbro|heal
|
|upkeep
|turn|26
|
|t:|1776067883
|move|p2a: Cinderace|Sucker Punch|p1a: Slowbro
|-supereffective|p1a: Slowbro
|-damage|p1a: Slowbro|72/100
|-damage|p2a: Cinderace|9/100|[from] item: Rocky Helmet|[of] p1a: Slowbro
|move|p1a: Slowbro|Body Press|p2a: Cinderace
|-supereffective|p2a: Cinderace
|-damage|p2a: Cinderace|0 fnt
|faint|p2a: Cinderace
|
|upkeep
|
|t:|1776067889
|switch|p2a: Exeggutor|Exeggutor-Alola, M|1/100
|turn|27
|-enditem|p2a: Exeggutor|Custap Berry|[eat]
|-activate|p2a: Exeggutor|item: Custap Berry|[consumed]
|
|t:|1776067892
|move|p2a: Exeggutor|Energy Ball|p1a: Slowbro
|-supereffective|p1a: Slowbro
|-damage|p1a: Slowbro|0 fnt
|faint|p1a: Slowbro
|
|win|StarShotBrady
|raw|PoopAndFard's rating: 1128 &rarr; <strong>1106</strong><br />(-22 for losing)
|raw|StarShotBrady's rating: 1173 &rarr; <strong>1195</strong><br />(+22 for winning)
|l|☆PoopAndFard
|player|p1|
|c|☆StarShotBrady|gg
|l|☆StarShotBrady
|player|p2|
