|html|<div class="broadcast-blue"><strong>[Gen 9] OU is currently suspecting Volcarona! For information on how to participate check out the <a href="https://www.smogon.com/tools/suspects/view/208">suspect thread</a>.</strong></div>
|j|☆Walletinspector62
|j|☆bombalder
|t:|1778517170
|gametype|singles
|player|p1|Walletinspector62|2|1403
|player|p2|bombalder|barry|1400
|gen|9
|tier|[Gen 9] OU
|rated|
|rule|HP Percentage Mod: HP is shown in percentages
|rule|Endless Battle Clause: Forcing endless battles is banned
|rule|Species Clause: Limit one of each Pokémon
|rule|OHKO Clause: OHKO moves are banned
|rule|Evasion Items Clause: Evasion items are banned
|rule|Evasion Moves Clause: Evasion moves are banned
|rule|Evasion Abilities Clause: Evasion abilities are banned
|rule|Sleep Moves Clause: Sleep-inducing moves are banned
|clearpoke
|poke|p1|Emboar, M|
|poke|p1|Landorus-Therian, M|
|poke|p1|Rotom-Wash|
|poke|p1|Dragapult, M|
|poke|p1|Hatterene, F|
|poke|p1|Kingambit, F|
|poke|p2|Ninetales, M|
|poke|p2|Walking Wake|
|poke|p2|Volcarona, F|
|poke|p2|Great Tusk|
|poke|p2|Hatterene, F|
|poke|p2|Kingambit, M|
|teampreview
|
|t:|1778517180
|teamsize|p1|6
|teamsize|p2|6
|start
|switch|p1a: Rotom|Rotom-Wash|100/100
|switch|p2a: Ninetales|Ninetales, M|100/100
|-weather|SunnyDay|[from] ability: Drought|[of] p2a: Ninetales
|turn|1
|inactive|Battle timer is ON: inactive players will automatically lose when time's up. (requested by Walletinspector62)
|
|t:|1778517222
|move|p1a: Rotom|Volt Switch|p2a: Ninetales
|-damage|p2a: Ninetales|67/100
|
|t:|1778517237
|switch|p1a: Dragapult|Dragapult, M|100/100|[from] Volt Switch
|move|p2a: Ninetales|Overheat|p1a: Dragapult
|-resisted|p1a: Dragapult
|-damage|p1a: Dragapult|60/100
|-unboost|p2a: Ninetales|spa|2
|
|-weather|SunnyDay|[upkeep]
|upkeep
|turn|2
|inactive|bombalder has 120 seconds left.
|
|t:|1778517272
|move|p1a: Dragapult|Phantom Force||[still]
|-prepare|p1a: Dragapult|Phantom Force
|move|p2a: Ninetales|Encore|p1a: Dragapult|[miss]
|-miss|p2a: Ninetales|p1a: Dragapult
|
|-weather|SunnyDay|[upkeep]
|upkeep
|turn|3
|
|t:|1778517292
|move|p1a: Dragapult|Phantom Force|p2a: Ninetales|[from] lockedmove
|-damage|p2a: Ninetales|0 fnt
|faint|p2a: Ninetales
|
|-weather|SunnyDay|[upkeep]
|upkeep
|inactive|bombalder has 120 seconds left.
|
|t:|1778517318
|switch|p2a: Great Tusk|Great Tusk|100/100
|-activate|p2a: Great Tusk|ability: Protosynthesis
|-start|p2a: Great Tusk|protosynthesisatk
|turn|4
|
|t:|1778517326
|switch|p1a: Rotom|Rotom-Wash|100/100
|move|p2a: Great Tusk|Ice Spinner|p1a: Rotom
|-resisted|p1a: Rotom
|-damage|p1a: Rotom|78/100
|
|-weather|SunnyDay|[upkeep]
|upkeep
|turn|5
|l|☆Walletinspector62
|inactive|Walletinspector62 disconnected and has a minute to reconnect!
|player|p1|
|
|t:|1778517354
|-end|p2a: Great Tusk|Protosynthesis|[silent]
|switch|p2a: Hatterene|Hatterene, F|100/100
|move|p1a: Rotom|Will-O-Wisp|p2a: Hatterene
|move|p2a: Hatterene|Will-O-Wisp|p1a: Rotom|[from] ability: Magic Bounce|[miss]
|-miss|p2a: Hatterene|p1a: Rotom
|
|-weather|SunnyDay|[upkeep]
|upkeep
|turn|6
|j|☆Walletinspector62
|inactive|Walletinspector62 reconnected and has 145 seconds left.
|player|p1|Walletinspector62|2|
|inactive|bombalder has 90 seconds left.
|
|t:|1778517376
|switch|p1a: Emboar|Emboar, M|100/100
|move|p2a: Hatterene|Draining Kiss|p1a: Emboar
|-damage|p1a: Emboar|73/100
|
|-weather|SunnyDay|[upkeep]
|-heal|p1a: Emboar|79/100|[from] item: Leftovers
|upkeep
|turn|7
|inactive|bombalder has 90 seconds left.
|
|t:|1778517387
|move|p1a: Emboar|Flare Blitz|p2a: Hatterene
|-damage|p2a: Hatterene|0 fnt
|faint|p2a: Hatterene
|-damage|p1a: Emboar|52/100|[from] Recoil
|
|-weather|SunnyDay|[upkeep]
|-heal|p1a: Emboar|58/100|[from] item: Leftovers
|upkeep
|
|t:|1778517395
|switch|p2a: Walking Wake|Walking Wake|100/100
|-activate|p2a: Walking Wake|ability: Protosynthesis
|-start|p2a: Walking Wake|protosynthesisspe
|turn|8
|inactive|Walletinspector62 has 120 seconds left.
|
|t:|1778517429
|switch|p1a: Hatterene|Hatterene, F|100/100
|move|p2a: Walking Wake|Hydro Steam|p1a: Hatterene
|-damage|p1a: Hatterene|13/100
|
|-weather|none
|-end|p2a: Walking Wake|Protosynthesis
|-heal|p1a: Hatterene|19/100|[from] item: Leftovers
|upkeep
|turn|9
|inactive|bombalder has 90 seconds left.
|l|☆bombalder
|inactive|bombalder disconnected and has a minute to reconnect!
|player|p2|
|j|☆bombalder
|inactive|bombalder reconnected and has 50 seconds left.
|player|p2|bombalder|barry|
|
|t:|1778517490
|switch|p1a: Dragapult|Dragapult, M|60/100
|move|p2a: Walking Wake|Hydro Steam|p1a: Dragapult
|-resisted|p1a: Dragapult
|-damage|p1a: Dragapult|17/100
|
|upkeep
|turn|10
|
|t:|1778517507
|move|p1a: Dragapult|Dragon Darts|p2a: Walking Wake
|-supereffective|p2a: Walking Wake
|-damage|p2a: Walking Wake|14/100
|-anim|p1a: Dragapult|Dragon Darts|p2a: Walking Wake
|-supereffective|p2a: Walking Wake
|-damage|p2a: Walking Wake|0 fnt
|faint|p2a: Walking Wake
|-end|p2a: Walking Wake|Protosynthesis|[silent]
|
|upkeep
|
|t:|1778517518
|switch|p2a: Great Tusk|Great Tusk|100/100
|turn|11
|
|t:|1778517525
|move|p1a: Dragapult|Dragon Darts|p2a: Great Tusk
|-damage|p2a: Great Tusk|74/100
|-anim|p1a: Dragapult|Dragon Darts|p2a: Great Tusk
|-damage|p2a: Great Tusk|45/100
|move|p2a: Great Tusk|Ice Spinner|p1a: Dragapult
|-supereffective|p1a: Dragapult
|-damage|p1a: Dragapult|0 fnt
|faint|p1a: Dragapult
|
|upkeep
|
|t:|1778517532
|switch|p1a: Landorus|Landorus-Therian, M|100/100
|-ability|p1a: Landorus|Intimidate|boost
|-unboost|p2a: Great Tusk|atk|1
|turn|12
|inactive|bombalder has 60 seconds left.
|
|t:|1778517537
|move|p1a: Landorus|Grass Knot|p2a: Great Tusk
|-supereffective|p2a: Great Tusk
|-damage|p2a: Great Tusk|4/100
|move|p2a: Great Tusk|Ice Spinner|p1a: Landorus
|-supereffective|p1a: Landorus
|-damage|p1a: Landorus|27/100
|-damage|p2a: Great Tusk|0 fnt|[from] item: Rocky Helmet|[of] p1a: Landorus
|faint|p2a: Great Tusk
|-end|p2a: Great Tusk|Protosynthesis|[silent]
|
|upkeep
|inactive|bombalder has 60 seconds left.
|
|t:|1778517551
|switch|p2a: Kingambit|Kingambit, M|100/100
|-activate|p2a: Kingambit|ability: Supreme Overlord
|-start|p2a: Kingambit|fallen4|[silent]
|-item|p2a: Kingambit|Air Balloon
|turn|13
|inactive|bombalder has 60 seconds left.
|
|t:|1778517560
|move|p2a: Kingambit|Sucker Punch|p1a: Landorus
|-damage|p1a: Landorus|0 fnt
|-damage|p2a: Kingambit|84/100|[from] item: Rocky Helmet|[of] p1a: Landorus
|faint|p1a: Landorus
|
|upkeep
|
|t:|1778517562
|switch|p1a: Emboar|Emboar, M|58/100
|turn|14
|inactive|bombalder has 60 seconds left.
|
|t:|1778517585
|-terastallize|p2a: Kingambit|Ghost
|move|p1a: Emboar|Close Combat|p2a: Kingambit
|-immune|p2a: Kingambit
|move|p2a: Kingambit|Low Kick|p1a: Emboar
|-damage|p1a: Emboar|0 fnt
|faint|p1a: Emboar
|
|upkeep
|
|t:|1778517592
|switch|p1a: Rotom|Rotom-Wash|78/100
|turn|15
|
|t:|1778517599
|move|p2a: Kingambit|Sucker Punch||[still]
|-fail|p2a: Kingambit
|move|p1a: Rotom|Trick|p2a: Kingambit
|-activate|p1a: Rotom|move: Trick|[of] p2a: Kingambit
|-item|p2a: Kingambit|Choice Scarf|[from] move: Trick
|-item|p1a: Rotom|Air Balloon
|-item|p1a: Rotom|Air Balloon|[from] move: Trick
|
|upkeep
|turn|16
|inactive|bombalder has 60 seconds left.
|
|t:|1778517620
|switch|p1a: Kingambit|Kingambit, F|100/100
|-activate|p1a: Kingambit|ability: Supreme Overlord
|-start|p1a: Kingambit|fallen3|[silent]
|move|p2a: Kingambit|Low Kick|p1a: Kingambit
|-supereffective|p1a: Kingambit
|-damage|p1a: Kingambit|0 fnt
|faint|p1a: Kingambit
|-end|p1a: Kingambit|fallen3|[silent]
|
|upkeep
|
|t:|1778517637
|switch|p1a: Rotom|Rotom-Wash|78/100
|-item|p1a: Rotom|Air Balloon
|turn|17
|
|t:|1778517641
|move|p1a: Rotom|Will-O-Wisp|p2a: Kingambit
|-status|p2a: Kingambit|brn
|move|p2a: Kingambit|Low Kick|p1a: Rotom
|-damage|p1a: Rotom|71/100
|-enditem|p1a: Rotom|Air Balloon
|
|-damage|p2a: Kingambit|78/100 brn|[from] brn
|upkeep
|turn|18
|
|t:|1778517659
|switch|p1a: Hatterene|Hatterene, F|19/100
|move|p2a: Kingambit|Low Kick|p1a: Hatterene
|-resisted|p1a: Hatterene
|-damage|p1a: Hatterene|17/100
|
|-heal|p1a: Hatterene|23/100|[from] item: Leftovers
|-damage|p2a: Kingambit|72/100 brn|[from] brn
|upkeep
|turn|19
|
|t:|1778517668
|-end|p2a: Kingambit|fallen4|[silent]
|switch|p2a: Volcarona|Volcarona, F|100/100
|move|p1a: Hatterene|Draining Kiss|p2a: Volcarona
|-resisted|p2a: Volcarona
|-damage|p2a: Volcarona|86/100
|-heal|p1a: Hatterene|34/100|[from] drain|[of] p2a: Volcarona
|
|-heal|p1a: Hatterene|40/100|[from] item: Leftovers
|upkeep
|turn|20
|
|t:|1778517678
|move|p2a: Volcarona|Quiver Dance|p2a: Volcarona
|-boost|p2a: Volcarona|spa|1
|-boost|p2a: Volcarona|spd|1
|-boost|p2a: Volcarona|spe|1
|move|p1a: Hatterene|Nuzzle|p2a: Volcarona
|-crit|p2a: Volcarona
|-damage|p2a: Volcarona|76/100
|-status|p2a: Volcarona|par
|
|-heal|p1a: Hatterene|46/100|[from] item: Leftovers
|upkeep
|turn|21
|
|t:|1778517688
|move|p2a: Volcarona|Quiver Dance|p2a: Volcarona
|-boost|p2a: Volcarona|spa|1
|-boost|p2a: Volcarona|spd|1
|-boost|p2a: Volcarona|spe|1
|move|p1a: Hatterene|Calm Mind|p1a: Hatterene
|-boost|p1a: Hatterene|spa|1
|-boost|p1a: Hatterene|spd|1
|
|-heal|p1a: Hatterene|52/100|[from] item: Leftovers
|upkeep
|turn|22
|
|t:|1778517701
|move|p2a: Volcarona|Flamethrower|p1a: Hatterene
|-crit|p1a: Hatterene
|-damage|p1a: Hatterene|0 fnt
|faint|p1a: Hatterene
|-damage|p2a: Volcarona|66/100 par|[from] item: Life Orb
|
|upkeep
|
|t:|1778517707
|switch|p1a: Rotom|Rotom-Wash|71/100
|turn|23
|
|t:|1778517710
|cant|p2a: Volcarona|par
|move|p1a: Rotom|Hydro Pump|p2a: Volcarona
|-supereffective|p2a: Volcarona
|-damage|p2a: Volcarona|15/100 par
|
|upkeep
|turn|24
|inactive|bombalder has 90 seconds left.
|
|t:|1778517723
|-terastallize|p1a: Rotom|Steel
|move|p2a: Volcarona|Overheat|p1a: Rotom
|-supereffective|p1a: Rotom
|-damage|p1a: Rotom|0 fnt
|-unboost|p2a: Volcarona|spa|2
|faint|p1a: Rotom
|-damage|p2a: Volcarona|5/100 par|[from] item: Life Orb
|
|win|bombalder
|raw|Walletinspector62's rating: 1403 &rarr; <strong>1383</strong><br />(-20 for losing)
|raw|bombalder's rating: 1400 &rarr; <strong>1420</strong><br />(+20 for winning)
|l|☆bombalder
|player|p2|
|l|☆Walletinspector62
|player|p1|
