|html|<div class="broadcast-blue"><strong>[Gen 9] OU is currently suspecting Tera Blast! For information on how to participate check out the <a href="https://www.smogon.com/tools/suspects/view/200">suspect thread</a>.</strong></div>
|j|☆asurai
|j|☆SaiyanSage
|t:|1776053338
|gametype|singles
|player|p1|asurai|volkner|1109
|player|p2|SaiyanSage|hoopster|1141
|gen|9
|tier|[Gen 9] OU
|rated|
|rule|HP Percentage Mod: HP is shown in percentages
|rule|Endless Battle Clause: Forcing endless battles is banned
|rule|Species Clause: Limit one of each Pokémon
|rule|OHKO Clause: OHKO moves are banned
|rule|Evasion Items Clause: Evasion items are banned
|rule|Evasion Moves Clause: Evasion moves are banned
|rule|Evasion Abilities Clause: Evasion abilities are banned
|rule|Sleep Moves Clause: Sleep-inducing moves are banned
|clearpoke
|poke|p1|Zamazenta-*|
|poke|p1|Orthworm, F|
|poke|p1|Toxapex, M|
|poke|p1|Iron Valiant|
|poke|p1|Alomomola, M|
|poke|p1|Whimsicott, F|
|poke|p2|Latias, F|
|poke|p2|Kingambit, F|
|poke|p2|Darkrai|
|poke|p2|Iron Hands|
|poke|p2|Grafaiai, M|
|poke|p2|Landorus-Therian, M|
|teampreview
|
|t:|1776053348
|teamsize|p1|6
|teamsize|p2|6
|start
|switch|p1a: Toxapex|Toxapex, M|100/100
|switch|p2a: Landorus|Landorus-Therian, M|100/100
|-ability|p2a: Landorus|Intimidate|boost
|-unboost|p1a: Toxapex|atk|1
|turn|1
|
|t:|1776053354
|move|p2a: Landorus|Taunt|p1a: Toxapex
|-start|p1a: Toxapex|move: Taunt
|cant|p1a: Toxapex|move: Taunt|Toxic Spikes
|
|upkeep
|turn|2
|inactive|Battle timer is ON: inactive players will automatically lose when time's up. (requested by SaiyanSage)
|
|t:|1776053384
|switch|p1a: Zamazenta|Zamazenta|100/100
|-ability|p1a: Zamazenta|Dauntless Shield|boost
|-boost|p1a: Zamazenta|def|1
|move|p2a: Landorus|Swords Dance|p2a: Landorus
|-boost|p2a: Landorus|atk|2
|
|upkeep
|turn|3
|
|t:|1776053397
|move|p1a: Zamazenta|Iron Defense|p1a: Zamazenta
|-boost|p1a: Zamazenta|def|2
|move|p2a: Landorus|Earthquake|p1a: Zamazenta
|-damage|p1a: Zamazenta|65/100
|
|-heal|p1a: Zamazenta|72/100|[from] item: Leftovers
|upkeep
|turn|4
|
|t:|1776053405
|switch|p2a: Grafaiai|Grafaiai, M|100/100
|move|p1a: Zamazenta|Body Press|p2a: Grafaiai
|-enditem|p2a: Grafaiai|Focus Sash
|-damage|p2a: Grafaiai|1/100
|
|-heal|p1a: Zamazenta|78/100|[from] item: Leftovers
|upkeep
|turn|5
|
|t:|1776053417
|move|p1a: Zamazenta|Protect|p1a: Zamazenta
|-singleturn|p1a: Zamazenta|Protect
|move|p2a: Grafaiai|Encore|p1a: Zamazenta
|-activate|p1a: Zamazenta|move: Protect
|
|-heal|p1a: Zamazenta|84/100|[from] item: Leftovers
|upkeep
|turn|6
|
|t:|1776053437
|switch|p1a: Toxapex|Toxapex, M|100/100
|move|p2a: Grafaiai|Encore||[still]
|-fail|p2a: Grafaiai
|
|upkeep
|turn|7
|
|t:|1776053447
|switch|p2a: Kingambit|Kingambit, F|100/100
|move|p1a: Toxapex|Toxic Spikes|p2a: Kingambit
|-sidestart|p2: SaiyanSage|move: Toxic Spikes
|
|upkeep
|turn|8
|
|t:|1776053460
|-end|p2a: Kingambit|fallenundefined|[silent]
|switch|p2a: Grafaiai|Grafaiai, M|1/100
|-sideend|p2: SaiyanSage|move: Toxic Spikes|[of] p2a: Grafaiai
|move|p1a: Toxapex|Toxic Spikes|p2a: Grafaiai
|-sidestart|p2: SaiyanSage|move: Toxic Spikes
|
|upkeep
|turn|9
|
|t:|1776053470
|switch|p2a: Kingambit|Kingambit, F|100/100
|move|p1a: Toxapex|Baneful Bunker||[still]
|-fail|p1a: Toxapex
|
|upkeep
|turn|10
|
|t:|1776053478
|move|p2a: Kingambit|Swords Dance|p2a: Kingambit
|-boost|p2a: Kingambit|atk|2
|move|p1a: Toxapex|Toxic Spikes|p2a: Kingambit
|-sidestart|p2: SaiyanSage|move: Toxic Spikes
|
|upkeep
|turn|11
|
|t:|1776053488
|move|p2a: Kingambit|Kowtow Cleave|p1a: Toxapex
|-damage|p1a: Toxapex|9/100
|move|p1a: Toxapex|Venoshock|p2a: Kingambit
|-immune|p2a: Kingambit
|
|-heal|p1a: Toxapex|16/100|[from] item: Black Sludge
|upkeep
|turn|12
|
|t:|1776053508
|move|p1a: Toxapex|Baneful Bunker|p1a: Toxapex
|-singleturn|p1a: Toxapex|move: Protect
|move|p2a: Kingambit|Swords Dance|p2a: Kingambit
|-boost|p2a: Kingambit|atk|2
|
|-heal|p1a: Toxapex|22/100|[from] item: Black Sludge
|upkeep
|turn|13
|
|t:|1776053518
|switch|p1a: Orthworm|Orthworm, F|100/100
|move|p2a: Kingambit|Kowtow Cleave|p1a: Orthworm
|-damage|p1a: Orthworm|0 fnt
|faint|p1a: Orthworm
|
|upkeep
|
|t:|1776053529
|switch|p1a: Iron Valiant|Iron Valiant|100/100
|-enditem|p1a: Iron Valiant|Booster Energy
|-activate|p1a: Iron Valiant|ability: Quark Drive|[fromitem]
|-start|p1a: Iron Valiant|quarkdrivespe
|turn|14
|
|t:|1776053538
|-terastallize|p2a: Kingambit|Fairy
|move|p1a: Iron Valiant|Close Combat|p2a: Kingambit
|-resisted|p2a: Kingambit
|-damage|p2a: Kingambit|80/100
|-unboost|p1a: Iron Valiant|def|1
|-unboost|p1a: Iron Valiant|spd|1
|move|p2a: Kingambit|Tera Blast|p1a: Iron Valiant|[anim] Tera Blast Fairy
|-supereffective|p1a: Iron Valiant
|-damage|p1a: Iron Valiant|0 fnt
|faint|p1a: Iron Valiant
|-end|p1a: Iron Valiant|Quark Drive|[silent]
|
|upkeep
|
|t:|1776053548
|switch|p1a: Zamazenta|Zamazenta|84/100
|turn|15
|
|t:|1776053563
|move|p1a: Zamazenta|Iron Defense|p1a: Zamazenta
|-boost|p1a: Zamazenta|def|2
|move|p2a: Kingambit|Tera Blast|p1a: Zamazenta|[anim] Tera Blast Fairy
|-supereffective|p1a: Zamazenta
|-damage|p1a: Zamazenta|3/100
|
|-heal|p1a: Zamazenta|9/100|[from] item: Leftovers
|upkeep
|turn|16
|
|t:|1776053591
|move|p2a: Kingambit|Sucker Punch|p1a: Zamazenta
|-resisted|p1a: Zamazenta
|-damage|p1a: Zamazenta|0 fnt
|faint|p1a: Zamazenta
|
|upkeep
|
|t:|1776053596
|switch|p1a: Whimsicott|Whimsicott, F|100/100
|turn|17
|
|t:|1776053612
|move|p1a: Whimsicott|Leech Seed|p2a: Kingambit
|-start|p2a: Kingambit|move: Leech Seed
|move|p2a: Kingambit|Tera Blast|p1a: Whimsicott|[anim] Tera Blast Fairy
|-damage|p1a: Whimsicott|0 fnt
|faint|p1a: Whimsicott
|
|upkeep
|
|t:|1776053618
|switch|p1a: Alomomola|Alomomola, M|100/100
|turn|18
|
|t:|1776053628
|move|p2a: Kingambit|Kowtow Cleave|p1a: Alomomola
|-damage|p1a: Alomomola|19/100
|move|p1a: Alomomola|Mirror Coat||[still]
|-fail|p1a: Alomomola
|
|-damage|p2a: Kingambit|67/100|[from] Leech Seed|[of] p1a: Alomomola
|-heal|p1a: Alomomola|27/100|[silent]
|upkeep
|turn|19
|
|t:|1776053637
|move|p1a: Alomomola|Protect|p1a: Alomomola
|-singleturn|p1a: Alomomola|Protect
|move|p2a: Kingambit|Kowtow Cleave|p1a: Alomomola
|-activate|p1a: Alomomola|move: Protect
|
|-damage|p2a: Kingambit|55/100|[from] Leech Seed|[of] p1a: Alomomola
|-heal|p1a: Alomomola|35/100|[silent]
|upkeep
|turn|20
|
|t:|1776053645
|move|p1a: Alomomola|Protect||[still]
|-fail|p1a: Alomomola
|move|p2a: Kingambit|Kowtow Cleave|p1a: Alomomola
|-damage|p1a: Alomomola|0 fnt
|faint|p1a: Alomomola
|
|upkeep
|
|t:|1776053651
|switch|p1a: Toxapex|Toxapex, M|22/100
|turn|21
|
|t:|1776053666
|move|p2a: Kingambit|Kowtow Cleave|p1a: Toxapex
|-damage|p1a: Toxapex|0 fnt
|faint|p1a: Toxapex
|
|win|SaiyanSage
|raw|asurai's rating: 1109 &rarr; <strong>1086</strong><br />(-23 for losing)
|raw|SaiyanSage's rating: 1141 &rarr; <strong>1164</strong><br />(+23 for winning)
|l|☆asurai
|player|p1|
|l|☆SaiyanSage
|player|p2|
