|html|<div class="broadcast-blue"><strong>[Gen 9] OU is currently suspecting Tera Blast! For information on how to participate check out the <a href="https://www.smogon.com/tools/suspects/view/200">suspect thread</a>.</strong></div>
|j|☆MikhailIsPog
|j|☆ZarrHaka
|t:|1776089486
|gametype|singles
|player|p1|MikhailIsPog|iono|1267
|player|p2|ZarrHaka|pokemaniac|1216
|gen|9
|tier|[Gen 9] OU
|rated|
|rule|HP Percentage Mod: HP is shown in percentages
|rule|Endless Battle Clause: Forcing endless battles is banned
|rule|Species Clause: Limit one of each Pokémon
|rule|OHKO Clause: OHKO moves are banned
|rule|Evasion Items Clause: Evasion items are banned
|rule|Evasion Moves Clause: Evasion moves are banned
|rule|Evasion Abilities Clause: Evasion abilities are banned
|rule|Sleep Moves Clause: Sleep-inducing moves are banned
|clearpoke
|poke|p1|Hoopa-Unbound|
|poke|p1|Slowking-Galar, F|
|poke|p1|Alomomola, F|
|poke|p1|Zamazenta-*|
|poke|p1|Great Tusk|
|poke|p1|Kingambit, F|
|poke|p2|Iron Crown|
|poke|p2|Lycanroc-Midnight, M|
|poke|p2|Talonflame, M|
|poke|p2|Dragapult, F|
|poke|p2|Polteageist-Antique|
|poke|p2|Raichu, M|
|teampreview
|
|t:|1776089504
|teamsize|p1|6
|teamsize|p2|6
|start
|switch|p1a: Hoopa|Hoopa-Unbound|100/100
|switch|p2a: Polteageist|Polteageist-Antique|100/100
|turn|1
|
|t:|1776089511
|move|p1a: Hoopa|Knock Off|p2a: Polteageist
|-supereffective|p2a: Polteageist
|-damage|p2a: Polteageist|0 fnt
|-start|p1a: Hoopa|Disable|Knock Off|[from] ability: Cursed Body|[of] p2a: Polteageist
|-enditem|p2a: Polteageist|White Herb|[from] move: Knock Off|[of] p1a: Hoopa
|faint|p2a: Polteageist
|
|upkeep
|
|t:|1776089516
|switch|p2a: Iron Crown|Iron Crown|100/100
|-enditem|p2a: Iron Crown|Booster Energy
|-activate|p2a: Iron Crown|ability: Quark Drive|[fromitem]
|-start|p2a: Iron Crown|quarkdrivedef
|turn|2
|
|t:|1776089526
|switch|p1a: Kingambit|Kingambit, F, shiny|100/100
|move|p2a: Iron Crown|Calm Mind|p2a: Iron Crown
|-boost|p2a: Iron Crown|spa|1
|-boost|p2a: Iron Crown|spd|1
|
|upkeep
|turn|3
|
|t:|1776089533
|move|p2a: Iron Crown|Calm Mind|p2a: Iron Crown
|-boost|p2a: Iron Crown|spa|1
|-boost|p2a: Iron Crown|spd|1
|move|p1a: Kingambit|Kowtow Cleave|p2a: Iron Crown
|-supereffective|p2a: Iron Crown
|-damage|p2a: Iron Crown|47/100
|
|upkeep
|turn|4
|
|t:|1776089541
|move|p1a: Kingambit|Sucker Punch|p2a: Iron Crown
|-supereffective|p2a: Iron Crown
|-damage|p2a: Iron Crown|0 fnt
|faint|p2a: Iron Crown
|-end|p2a: Iron Crown|Quark Drive|[silent]
|
|upkeep
|
|t:|1776089544
|switch|p2a: Talonflame|Talonflame, M|100/100
|turn|5
|
|t:|1776089551
|-end|p1a: Kingambit|fallenundefined|[silent]
|switch|p1a: Luvdlsc|Alomomola, F, shiny|100/100
|move|p2a: Talonflame|Will-O-Wisp|p1a: Luvdlsc
|-status|p1a: Luvdlsc|brn
|
|-damage|p1a: Luvdlsc|94/100 brn|[from] brn
|upkeep
|turn|6
|
|t:|1776089561
|move|p2a: Talonflame|Fire Spin|p1a: Luvdlsc
|-resisted|p1a: Luvdlsc
|-damage|p1a: Luvdlsc|91/100 brn
|-activate|p1a: Luvdlsc|move: Fire Spin|[of] p2a: Talonflame
|move|p1a: Luvdlsc|Tickle|p2a: Talonflame
|-unboost|p2a: Talonflame|atk|1
|-unboost|p2a: Talonflame|def|1
|
|-damage|p1a: Luvdlsc|84/100 brn|[from] brn
|-damage|p1a: Luvdlsc|72/100 brn|[from] move: Fire Spin|[partiallytrapped]
|upkeep
|turn|7
|
|t:|1776089575
|move|p2a: Talonflame|Fire Spin|p1a: Luvdlsc
|-resisted|p1a: Luvdlsc
|-damage|p1a: Luvdlsc|68/100 brn
|move|p1a: Luvdlsc|Tickle|p2a: Talonflame
|-unboost|p2a: Talonflame|atk|1
|-unboost|p2a: Talonflame|def|1
|
|-damage|p1a: Luvdlsc|62/100 brn|[from] brn
|-damage|p1a: Luvdlsc|50/100 brn|[from] move: Fire Spin|[partiallytrapped]
|upkeep
|turn|8
|
|t:|1776089588
|move|p2a: Talonflame|Fire Spin|p1a: Luvdlsc
|-resisted|p1a: Luvdlsc
|-damage|p1a: Luvdlsc|46/100 brn
|move|p1a: Luvdlsc|Wish|p1a: Luvdlsc
|
|-damage|p1a: Luvdlsc|40/100 brn|[from] brn
|-damage|p1a: Luvdlsc|28/100 brn|[from] move: Fire Spin|[partiallytrapped]
|upkeep
|turn|9
|
|t:|1776089597
|move|p1a: Luvdlsc|Protect|p1a: Luvdlsc
|-singleturn|p1a: Luvdlsc|Protect
|move|p2a: Talonflame|U-turn|p1a: Luvdlsc
|-activate|p1a: Luvdlsc|move: Protect
|
|-heal|p1a: Luvdlsc|78/100 brn|[from] move: Wish|[wisher] Luvdlsc
|-damage|p1a: Luvdlsc|71/100 brn|[from] brn
|-damage|p1a: Luvdlsc|59/100 brn|[from] move: Fire Spin|[partiallytrapped]
|upkeep
|turn|10
|
|t:|1776089607
|move|p2a: Talonflame|U-turn|p1a: Luvdlsc
|-damage|p1a: Luvdlsc|55/100 brn
|
|t:|1776089613
|switch|p2a: Raichu|Raichu, M, shiny|100/100|[from] U-turn
|move|p1a: Luvdlsc|Flip Turn|p2a: Raichu
|-damage|p2a: Raichu|84/100
|
|t:|1776089623
|switch|p1a: Great Tusk|Great Tusk, shiny|100/100|[from] Flip Turn
|
|upkeep
|turn|11
|
|t:|1776089629
|move|p2a: Raichu|Grass Knot|p1a: Great Tusk
|-supereffective|p1a: Great Tusk
|-damage|p1a: Great Tusk|2/100
|move|p1a: Great Tusk|Stealth Rock|p2a: Raichu
|-sidestart|p2: ZarrHaka|move: Stealth Rock
|
|upkeep
|turn|12
|
|t:|1776089637
|move|p2a: Raichu|Grass Knot|p1a: Great Tusk
|-supereffective|p1a: Great Tusk
|-damage|p1a: Great Tusk|0 fnt
|faint|p1a: Great Tusk
|-end|p1a: Great Tusk|Protosynthesis|[silent]
|
|upkeep
|
|t:|1776089650
|switch|p1a: Slowking|Slowking-Galar, F, shiny|100/100
|turn|13
|
|t:|1776089655
|move|p2a: Raichu|Nuzzle|p1a: Slowking
|-damage|p1a: Slowking|94/100
|-status|p1a: Slowking|par
|move|p1a: Slowking|Sludge Bomb|p2a: Raichu
|-damage|p2a: Raichu|27/100
|-status|p2a: Raichu|psn
|
|-damage|p2a: Raichu|15/100 psn|[from] psn
|upkeep
|turn|14
|
|t:|1776089676
|move|p2a: Raichu|Endeavor|p1a: Slowking
|-damage|p1a: Slowking|10/100 par
|move|p1a: Slowking|Sludge Bomb|p2a: Raichu
|-damage|p2a: Raichu|0 fnt
|faint|p2a: Raichu
|
|upkeep
|
|t:|1776089682
|switch|p2a: Talonflame|Talonflame, M|100/100
|turn|15
|
|t:|1776089691
|switch|p1a: Luvdlsc|Alomomola, F, shiny|88/100 brn
|move|p2a: Talonflame|Defog|p1a: Luvdlsc
|-unboost|p1a: Luvdlsc|evasion|1
|-sideend|p2: ZarrHaka|Stealth Rock|[from] move: Defog|[of] p2a: Talonflame
|
|-damage|p1a: Luvdlsc|82/100 brn|[from] brn
|upkeep
|turn|16
|
|t:|1776089699
|move|p2a: Talonflame|U-turn|p1a: Luvdlsc
|-damage|p1a: Luvdlsc|74/100 brn
|
|t:|1776089701
|switch|p2a: Dragapult|Dragapult, F|100/100|[from] U-turn
|move|p1a: Luvdlsc|Wish|p1a: Luvdlsc
|
|-damage|p1a: Luvdlsc|67/100 brn|[from] brn
|upkeep
|turn|17
|
|t:|1776089708
|move|p2a: Dragapult|Draco Meteor|p1a: Luvdlsc
|-damage|p1a: Luvdlsc|12/100 brn
|-unboost|p2a: Dragapult|spa|2
|move|p1a: Luvdlsc|Tickle|p2a: Dragapult
|-unboost|p2a: Dragapult|atk|1
|-unboost|p2a: Dragapult|def|1
|
|-heal|p1a: Luvdlsc|62/100 brn|[from] move: Wish|[wisher] Luvdlsc
|-damage|p1a: Luvdlsc|56/100 brn|[from] brn
|upkeep
|turn|18
|
|t:|1776089719
|move|p2a: Dragapult|Dragon Darts|p1a: Luvdlsc
|-damage|p1a: Luvdlsc|47/100 brn
|-anim|p2a: Dragapult|Dragon Darts|p1a: Luvdlsc
|-damage|p1a: Luvdlsc|39/100 brn
|move|p1a: Luvdlsc|Wish|p1a: Luvdlsc
|
|-damage|p1a: Luvdlsc|33/100 brn|[from] brn
|upkeep
|turn|19
|
|t:|1776089731
|switch|p2a: Lycanroc|Lycanroc-Midnight, M, shiny|100/100
|move|p1a: Luvdlsc|Tickle|p2a: Lycanroc
|-unboost|p2a: Lycanroc|atk|1
|-unboost|p2a: Lycanroc|def|1
|
|-heal|p1a: Luvdlsc|83/100 brn|[from] move: Wish|[wisher] Luvdlsc
|-damage|p1a: Luvdlsc|77/100 brn|[from] brn
|upkeep
|turn|20
|
|t:|1776089740
|move|p1a: Luvdlsc|Flip Turn|p2a: Lycanroc
|-supereffective|p2a: Lycanroc
|-damage|p2a: Lycanroc|82/100
|
|t:|1776089745
|switch|p1a: Slowking|Slowking-Galar, F, shiny|43/100 par|[from] Flip Turn
|move|p2a: Lycanroc|Counter|p1a: Slowking
|-damage|p1a: Slowking|8/100 par
|
|upkeep
|turn|21
|
|t:|1776089753
|move|p2a: Lycanroc|Stone Edge|p1a: Slowking
|-crit|p1a: Slowking
|-damage|p1a: Slowking|0 fnt
|faint|p1a: Slowking
|
|upkeep
|
|t:|1776089760
|switch|p1a: Hoopa|Hoopa-Unbound|100/100
|turn|22
|
|t:|1776089767
|-terastallize|p2a: Lycanroc|Bug
|move|p1a: Hoopa|Knock Off|p2a: Lycanroc
|-damage|p2a: Lycanroc|0 fnt
|-enditem|p2a: Lycanroc|Babiri Berry|[from] move: Knock Off|[of] p1a: Hoopa
|faint|p2a: Lycanroc
|
|upkeep
|
|t:|1776089776
|switch|p2a: Talonflame|Talonflame, M|100/100
|turn|23
|
|t:|1776089780
|switch|p1a: Luvdlsc|Alomomola, F, shiny|100/100 brn
|move|p2a: Talonflame|U-turn|p1a: Luvdlsc
|-damage|p1a: Luvdlsc|92/100 brn
|
|t:|1776089790
|switch|p2a: Dragapult|Dragapult, F|100/100|[from] U-turn
|
|-damage|p1a: Luvdlsc|86/100 brn|[from] brn
|upkeep
|turn|24
|
|t:|1776089796
|move|p2a: Dragapult|Draco Meteor|p1a: Luvdlsc
|-damage|p1a: Luvdlsc|36/100 brn
|-unboost|p2a: Dragapult|spa|2
|move|p1a: Luvdlsc|Tickle|p2a: Dragapult
|-unboost|p2a: Dragapult|atk|1
|-unboost|p2a: Dragapult|def|1
|
|-damage|p1a: Luvdlsc|30/100 brn|[from] brn
|upkeep
|turn|25
|
|t:|1776089806
|switch|p2a: Talonflame|Talonflame, M|100/100
|move|p1a: Luvdlsc|Wish|p1a: Luvdlsc
|
|-damage|p1a: Luvdlsc|24/100 brn|[from] brn
|upkeep
|turn|26
|
|t:|1776089815
|move|p1a: Luvdlsc|Protect|p1a: Luvdlsc
|-singleturn|p1a: Luvdlsc|Protect
|move|p2a: Talonflame|Fire Spin|p1a: Luvdlsc
|-activate|p1a: Luvdlsc|move: Protect
|
|-heal|p1a: Luvdlsc|74/100 brn|[from] move: Wish|[wisher] Luvdlsc
|-damage|p1a: Luvdlsc|68/100 brn|[from] brn
|upkeep
|turn|27
|
|t:|1776089826
|move|p2a: Talonflame|U-turn|p1a: Luvdlsc
|-damage|p1a: Luvdlsc|60/100 brn
|
|t:|1776089830
|switch|p2a: Dragapult|Dragapult, F|100/100|[from] U-turn
|move|p1a: Luvdlsc|Flip Turn|p2a: Dragapult
|-resisted|p2a: Dragapult
|-damage|p2a: Dragapult|95/100
|
|t:|1776089836
|switch|p1a: Kingambit|Kingambit, F, shiny|100/100|[from] Flip Turn
|-activate|p1a: Kingambit|ability: Supreme Overlord
|-start|p1a: Kingambit|fallen2|[silent]
|
|upkeep
|turn|28
|-message|ZarrHaka forfeited.
|
|win|MikhailIsPog
|raw|MikhailIsPog's rating: 1267 &rarr; <strong>1288</strong><br />(+21 for winning)
|raw|ZarrHaka's rating: 1216 &rarr; <strong>1195</strong><br />(-21 for losing)
|l|☆ZarrHaka
|player|p2|
