|html|<div class="broadcast-blue"><strong>[Gen 9] OU is currently suspecting Tera Blast! For information on how to participate check out the <a href="https://www.smogon.com/tools/suspects/view/200">suspect thread</a>.</strong></div>
|j|☆fuckdhelmis000
|j|☆zjhhhh
|t:|1776278911
|gametype|singles
|player|p1|fuckdhelmis000|dawn|1232
|player|p2|zjhhhh|101|1236
|gen|9
|tier|[Gen 9] OU
|rated|
|rule|HP Percentage Mod: HP is shown in percentages
|rule|Endless Battle Clause: Forcing endless battles is banned
|rule|Species Clause: Limit one of each Pokémon
|rule|OHKO Clause: OHKO moves are banned
|rule|Evasion Items Clause: Evasion items are banned
|rule|Evasion Moves Clause: Evasion moves are banned
|rule|Evasion Abilities Clause: Evasion abilities are banned
|rule|Sleep Moves Clause: Sleep-inducing moves are banned
|clearpoke
|poke|p1|Ceruledge, M|
|poke|p1|Indeedee, M|
|poke|p1|Hatterene, F|
|poke|p1|Great Tusk|
|poke|p1|Dragonite, F|
|poke|p1|Deoxys-Speed|
|poke|p2|Ogerpon-Wellspring, F|
|poke|p2|Pecharunt|
|poke|p2|Great Tusk|
|poke|p2|Iron Crown|
|poke|p2|Landorus-Therian, M|
|poke|p2|Samurott-Hisui, F|
|teampreview
|inactive|Battle timer is ON: inactive players will automatically lose when time's up. (requested by zjhhhh)
|
|t:|1776278918
|teamsize|p1|6
|teamsize|p2|6
|start
|switch|p1a: Great Tusk|Great Tusk|100/100
|switch|p2a: Samurott|Samurott-Hisui, F|100/100
|turn|1
|
|t:|1776278922
|move|p1a: Great Tusk|Headlong Rush|p2a: Samurott
|-damage|p2a: Samurott|24/100
|-unboost|p1a: Great Tusk|def|1
|-unboost|p1a: Great Tusk|spd|1
|move|p2a: Samurott|Ceaseless Edge|p1a: Great Tusk
|-resisted|p1a: Great Tusk
|-damage|p1a: Great Tusk|75/100
|-sidestart|p1: fuckdhelmis000|Spikes
|
|upkeep
|turn|2
|
|t:|1776278930
|switch|p2a: Landorus|Landorus-Therian, M|100/100
|-ability|p2a: Landorus|Intimidate|boost
|-unboost|p1a: Great Tusk|atk|1
|move|p1a: Great Tusk|Rapid Spin|p2a: Landorus
|-damage|p2a: Landorus|86/100
|-boost|p1a: Great Tusk|spe|1
|-sideend|p1: fuckdhelmis000|Spikes|[from] move: Rapid Spin|[of] p1a: Great Tusk
|
|upkeep
|turn|3
|
|t:|1776278936
|-end|p1a: Great Tusk|Protosynthesis|[silent]
|switch|p1a: Hatterene|Hatterene, F|100/100
|move|p2a: Landorus|U-turn|p1a: Hatterene
|-damage|p1a: Hatterene|75/100
|-enditem|p1a: Hatterene|Eject Button
|
|t:|1776278940
|switch|p1a: Indeedee|Indeedee, M|100/100
|-fieldstart|move: Psychic Terrain|[from] ability: Psychic Surge|[of] p1a: Indeedee
|
|upkeep
|turn|4
|
|t:|1776278952
|move|p2a: Landorus|U-turn|p1a: Indeedee
|-supereffective|p1a: Indeedee
|-damage|p1a: Indeedee|0 fnt
|faint|p1a: Indeedee
|
|t:|1776278964
|switch|p2a: Pecharunt|Pecharunt|100/100|[from] U-turn
|
|upkeep
|
|t:|1776278975
|switch|p1a: Deoxys|Deoxys-Speed|100/100
|-ability|p1a: Deoxys|Pressure
|turn|5
|
|t:|1776278989
|move|p1a: Deoxys|Nasty Plot|p1a: Deoxys
|-boost|p1a: Deoxys|spa|2
|move|p2a: Pecharunt|Parting Shot|p1a: Deoxys
|-unboost|p1a: Deoxys|atk|1
|-unboost|p1a: Deoxys|spa|1
|
|t:|1776278997
|switch|p2a: Samurott|Samurott-Hisui, F|24/100|[from] Parting Shot
|
|upkeep
|turn|6
|
|t:|1776279001
|move|p2a: Samurott|Sucker Punch|p1a: Deoxys
|-activate|p1a: Deoxys|move: Psychic Terrain
|move|p1a: Deoxys|Thunderbolt|p2a: Samurott
|-supereffective|p2a: Samurott
|-damage|p2a: Samurott|0 fnt
|faint|p2a: Samurott
|-damage|p1a: Deoxys|91/100|[from] item: Life Orb
|
|upkeep
|
|t:|1776279008
|switch|p2a: Landorus|Landorus-Therian, M|86/100
|-ability|p2a: Landorus|Intimidate|boost
|-unboost|p1a: Deoxys|atk|1
|turn|7
|
|t:|1776279017
|move|p1a: Deoxys|Expanding Force|p2a: Landorus
|-damage|p2a: Landorus|0 fnt
|faint|p2a: Landorus
|-damage|p1a: Deoxys|81/100|[from] item: Life Orb
|
|upkeep
|
|t:|1776279025
|switch|p2a: Iron Crown|Iron Crown|100/100
|turn|8
|
|t:|1776279040
|switch|p1a: Hatterene|Hatterene, F|75/100
|move|p2a: Iron Crown|Tachyon Cutter|p1a: Hatterene
|-supereffective|p1a: Hatterene
|-damage|p1a: Hatterene|0 fnt
|faint|p1a: Hatterene
|-hitcount|p1: Hatterene|1
|
|upkeep
|
|t:|1776279042
|switch|p1a: Ceruledge|Ceruledge, M|100/100
|turn|9
|
|t:|1776279048
|-end|p2a: Iron Crown|Quark Drive|[silent]
|switch|p2a: Ogerpon|Ogerpon-Wellspring, F|100/100
|move|p1a: Ceruledge|Poltergeist|p2a: Ogerpon
|-activate|p2a: Ogerpon|move: Poltergeist|Wellspring Mask
|-damage|p2a: Ogerpon|49/100
|
|upkeep
|turn|10
|
|t:|1776279060
|-terastallize|p2a: Ogerpon|Water
|detailschange|p2a: Ogerpon|Ogerpon-Wellspring-Tera, F, tera:Water
|-ability|p2a: Ogerpon|Embody Aspect (Wellspring)|boost
|-boost|p2a: Ogerpon|spd|1
|move|p1a: Ceruledge|Swords Dance|p1a: Ceruledge
|-boost|p1a: Ceruledge|atk|2
|move|p2a: Ogerpon|Synthesis|p2a: Ogerpon
|-heal|p2a: Ogerpon|99/100
|
|-fieldend|move: Psychic Terrain
|upkeep
|turn|11
|
|t:|1776279067
|move|p1a: Ceruledge|Swords Dance|p1a: Ceruledge
|-boost|p1a: Ceruledge|atk|2
|move|p2a: Ogerpon|Ivy Cudgel|p1a: Ceruledge|[anim] Ivy Cudgel Water
|-supereffective|p1a: Ceruledge
|-enditem|p1a: Ceruledge|Focus Sash
|-damage|p1a: Ceruledge|1/100
|-ability|p1a: Ceruledge|Weak Armor|boost
|-unboost|p1a: Ceruledge|def|1
|-boost|p1a: Ceruledge|spe|2
|
|upkeep
|turn|12
|
|t:|1776279075
|switch|p2a: Pecharunt|Pecharunt|100/100
|-terastallize|p1a: Ceruledge|Fairy
|move|p1a: Ceruledge|Tera Blast|p2a: Pecharunt|[anim] Tera Blast Fairy
|-resisted|p2a: Pecharunt
|-damage|p2a: Pecharunt|75/100
|
|upkeep
|turn|13
|
|t:|1776279094
|move|p1a: Ceruledge|Poltergeist|p2a: Pecharunt
|-activate|p2a: Pecharunt|move: Poltergeist|Rocky Helmet
|-supereffective|p2a: Pecharunt
|-damage|p2a: Pecharunt|0 fnt
|faint|p2a: Pecharunt
|
|upkeep
|
|t:|1776279102
|switch|p2a: Great Tusk|Great Tusk|100/100
|-enditem|p2a: Great Tusk|Booster Energy
|-activate|p2a: Great Tusk|ability: Protosynthesis|[fromitem]
|-start|p2a: Great Tusk|protosynthesisspe
|turn|14
|
|t:|1776279106
|move|p1a: Ceruledge|Tera Blast|p2a: Great Tusk|[anim] Tera Blast Fairy
|-supereffective|p2a: Great Tusk
|-damage|p2a: Great Tusk|0 fnt
|faint|p2a: Great Tusk
|-end|p2a: Great Tusk|Protosynthesis|[silent]
|
|upkeep
|
|t:|1776279113
|switch|p2a: Iron Crown|Iron Crown|100/100
|turn|15
|
|t:|1776279120
|move|p1a: Ceruledge|Bitter Blade|p2a: Iron Crown
|-supereffective|p2a: Iron Crown
|-damage|p2a: Iron Crown|0 fnt
|-heal|p1a: Ceruledge|56/100|[from] drain|[of] p2a: Iron Crown
|faint|p2a: Iron Crown
|-end|p2a: Iron Crown|Quark Drive|[silent]
|
|upkeep
|
|t:|1776279123
|switch|p2a: Ogerpon|Ogerpon-Wellspring-Tera, F, tera:Water|99/100
|-ability|p2a: Ogerpon|Embody Aspect (Wellspring)|boost
|-boost|p2a: Ogerpon|spd|1
|turn|16
|
|t:|1776279125
|move|p1a: Ceruledge|Tera Blast|p2a: Ogerpon|[anim] Tera Blast Fairy
|-damage|p2a: Ogerpon|0 fnt
|faint|p2a: Ogerpon
|detailschange|p2: Ogerpon|Ogerpon-Wellspring, F|[silent]
|
|win|fuckdhelmis000
|raw|fuckdhelmis000's rating: 1232 &rarr; <strong>1257</strong><br />(+25 for winning)
|raw|zjhhhh's rating: 1236 &rarr; <strong>1211</strong><br />(-25 for losing)
|l|☆zjhhhh
|player|p2|
