|html|<div class="broadcast-blue"><strong>[Gen 9] OU is currently suspecting Tera Blast! For information on how to participate check out the <a href="https://www.smogon.com/tools/suspects/view/200">suspect thread</a>.</strong></div>
|j|☆minecerv2
|j|☆SpartysBro
|t:|1776207106
|gametype|singles
|player|p1|minecerv2|crasherwake|1317
|player|p2|SpartysBro|will|1260
|gen|9
|tier|[Gen 9] OU
|rated|
|rule|HP Percentage Mod: HP is shown in percentages
|rule|Endless Battle Clause: Forcing endless battles is banned
|rule|Species Clause: Limit one of each Pokémon
|rule|OHKO Clause: OHKO moves are banned
|rule|Evasion Items Clause: Evasion items are banned
|rule|Evasion Moves Clause: Evasion moves are banned
|rule|Evasion Abilities Clause: Evasion abilities are banned
|rule|Sleep Moves Clause: Sleep-inducing moves are banned
|clearpoke
|poke|p1|Rillaboom, F|
|poke|p1|Serperior, F|
|poke|p1|Heatran, M|
|poke|p1|Gholdengo|
|poke|p1|Zamazenta-*|
|poke|p1|Great Tusk|
|poke|p2|Araquanid, F|
|poke|p2|Iron Moth|
|poke|p2|Gholdengo|
|poke|p2|Kingambit, F|
|poke|p2|Enamorus, F|
|poke|p2|Raging Bolt|
|teampreview
|inactive|Battle timer is ON: inactive players will automatically lose when time's up. (requested by minecerv2)
|inactive|SpartysBro has 120 seconds left.
|
|t:|1776207168
|teamsize|p1|6
|teamsize|p2|6
|start
|switch|p1a: Heatran|Heatran, M|100/100
|switch|p2a: Iron Moth|Iron Moth, shiny|100/100
|-item|p1a: Heatran|Air Balloon
|-enditem|p2a: Iron Moth|Booster Energy
|-activate|p2a: Iron Moth|ability: Quark Drive|[fromitem]
|-start|p2a: Iron Moth|quarkdrivespa
|turn|1
|inactive|SpartysBro has 120 seconds left.
|
|t:|1776207203
|-end|p2a: Iron Moth|Quark Drive|[silent]
|switch|p2a: Araquanid|Araquanid, F, shiny|100/100
|move|p1a: Heatran|Stealth Rock|p2a: Araquanid
|-sidestart|p2: SpartysBro|move: Stealth Rock
|
|upkeep
|turn|2
|inactive|SpartysBro has 120 seconds left.
|inactive|minecerv2 has 120 seconds left.
|
|t:|1776207254
|switch|p1a: Serperior|Serperior, F|100/100
|move|p2a: Araquanid|Sticky Web|p1a: Serperior
|-sidestart|p1: minecerv2|move: Sticky Web
|
|upkeep
|turn|3
|inactive|SpartysBro has 120 seconds left.
|
|t:|1776207279
|move|p1a: Serperior|Substitute|p1a: Serperior
|-start|p1a: Serperior|Substitute
|-damage|p1a: Serperior|75/100
|move|p2a: Araquanid|Surf|p1a: Serperior
|-resisted|p1a: Serperior
|-end|p1a: Serperior|Substitute
|
|-heal|p1a: Serperior|82/100|[from] item: Leftovers
|upkeep
|turn|4
|
|t:|1776207297
|move|p1a: Serperior|Glare|p2a: Araquanid
|-status|p2a: Araquanid|par
|move|p2a: Araquanid|Surf|p1a: Serperior
|-resisted|p1a: Serperior
|-damage|p1a: Serperior|48/100
|
|-heal|p1a: Serperior|54/100|[from] item: Leftovers
|upkeep
|turn|5
|
|t:|1776207310
|switch|p1a: Great Tusk|Great Tusk|100/100
|-activate|p1a: Great Tusk|move: Sticky Web
|-unboost|p1a: Great Tusk|spe|1
|move|p2a: Araquanid|Surf|p1a: Great Tusk
|-supereffective|p1a: Great Tusk
|-damage|p1a: Great Tusk|1/100
|
|upkeep
|turn|6
|
|t:|1776207325
|move|p1a: Great Tusk|Rapid Spin|p2a: Araquanid
|-damage|p2a: Araquanid|83/100 par
|-boost|p1a: Great Tusk|spe|1
|-sideend|p1: minecerv2|Sticky Web|[from] move: Rapid Spin|[of] p1a: Great Tusk
|move|p2a: Araquanid|Surf|p1a: Great Tusk
|-supereffective|p1a: Great Tusk
|-damage|p1a: Great Tusk|0 fnt
|faint|p1a: Great Tusk
|-end|p1a: Great Tusk|Protosynthesis|[silent]
|
|upkeep
|
|t:|1776207349
|switch|p1a: Zamazenta|Zamazenta|100/100
|-ability|p1a: Zamazenta|Dauntless Shield|boost
|-boost|p1a: Zamazenta|def|1
|turn|7
|
|t:|1776207353
|move|p1a: Zamazenta|Psychic Fangs|p2a: Araquanid
|-damage|p2a: Araquanid|43/100 par
|-damage|p1a: Zamazenta|91/100|[from] item: Life Orb
|move|p2a: Araquanid|Sticky Web|p1a: Zamazenta
|-sidestart|p1: minecerv2|move: Sticky Web
|
|upkeep
|turn|8
|
|t:|1776207366
|move|p1a: Zamazenta|Psychic Fangs|p2a: Araquanid
|-damage|p2a: Araquanid|2/100 par
|-damage|p1a: Zamazenta|81/100|[from] item: Life Orb
|cant|p2a: Araquanid|par
|
|upkeep
|turn|9
|-enditem|p2a: Araquanid|Custap Berry|[eat]
|-activate|p2a: Araquanid|item: Custap Berry|[consumed]
|
|t:|1776207375
|move|p2a: Araquanid|Endeavor|p1a: Zamazenta
|-damage|p1a: Zamazenta|2/100
|move|p1a: Zamazenta|Crunch|p2a: Araquanid
|-damage|p2a: Araquanid|0 fnt
|faint|p2a: Araquanid
|-damage|p1a: Zamazenta|0 fnt|[from] item: Life Orb
|faint|p1a: Zamazenta
|
|upkeep
|
|t:|1776207401
|switch|p1a: Rillaboom|Rillaboom, F|100/100
|switch|p2a: Raging Bolt|Raging Bolt|100/100
|-activate|p1a: Rillaboom|move: Sticky Web
|-unboost|p1a: Rillaboom|spe|1
|-fieldstart|move: Grassy Terrain|[from] ability: Grassy Surge|[of] p1a: Rillaboom
|-damage|p2a: Raging Bolt|88/100|[from] Stealth Rock
|-enditem|p2a: Raging Bolt|Booster Energy
|-activate|p2a: Raging Bolt|ability: Protosynthesis|[fromitem]
|-start|p2a: Raging Bolt|protosynthesisspa
|turn|10
|inactive|SpartysBro has 90 seconds left.
|
|t:|1776207423
|move|p2a: Raging Bolt|Calm Mind|p2a: Raging Bolt
|-boost|p2a: Raging Bolt|spa|1
|-boost|p2a: Raging Bolt|spd|1
|move|p1a: Rillaboom|High Horsepower|p2a: Raging Bolt
|-supereffective|p2a: Raging Bolt
|-damage|p2a: Raging Bolt|0 fnt
|faint|p2a: Raging Bolt
|-end|p2a: Raging Bolt|Protosynthesis|[silent]
|
|upkeep
|inactive|SpartysBro has 60 seconds left.
|
|t:|1776207482
|switch|p2a: Enamorus|Enamorus, F, shiny|100/100
|-damage|p2a: Enamorus|76/100|[from] Stealth Rock
|turn|11
|inactive|SpartysBro has 30 seconds left.
|inactive|SpartysBro has 20 seconds left.
|inactive|SpartysBro has 15 seconds left.
|inactive|SpartysBro has 10 seconds left.
|
|t:|1776207518
|switch|p1a: Heatran|Heatran, M|100/100
|-item|p1a: Heatran|Air Balloon
|-terastallize|p2a: Enamorus|Fairy
|move|p2a: Enamorus|Moonblast|p1a: Heatran
|-resisted|p1a: Heatran
|-damage|p1a: Heatran|84/100
|-enditem|p1a: Heatran|Air Balloon
|
|-heal|p2a: Enamorus|82/100|[from] Grassy Terrain
|-heal|p1a: Heatran|90/100|[from] Grassy Terrain
|upkeep
|turn|12
|inactive|SpartysBro has 20 seconds left this turn.
|inactive|SpartysBro has 15 seconds left.
|inactive|SpartysBro has 10 seconds left.
|inactive|SpartysBro has 5 seconds left.
|
|t:|1776207538
|move|p2a: Enamorus|Moonblast|p1a: Heatran
|-resisted|p1a: Heatran
|-damage|p1a: Heatran|73/100
|move|p1a: Heatran|Heavy Slam|p2a: Enamorus
|-supereffective|p2a: Enamorus
|-damage|p2a: Enamorus|0 fnt
|faint|p2a: Enamorus
|
|-heal|p1a: Heatran|79/100|[from] Grassy Terrain
|upkeep
|inactive|SpartysBro has 10 seconds left this turn.
|inactive|SpartysBro has 5 seconds left.
|-message|SpartysBro lost due to inactivity.
|
|win|minecerv2
|raw|minecerv2's rating: 1317 &rarr; <strong>1334</strong><br />(+17 for winning)
|raw|SpartysBro's rating: 1260 &rarr; <strong>1239</strong><br />(-21 for losing)
|c|☆SpartysBro|gg
