|html|<div class="broadcast-blue"><strong>[Gen 9] OU is currently suspecting Tera Blast! For information on how to participate check out the <a href="https://www.smogon.com/tools/suspects/view/200">suspect thread</a>.</strong></div>
|j|☆Mangareader14
|j|☆aurora.raw
|t:|1776058236
|gametype|singles
|player|p1|Mangareader14|acetrainer|1110
|player|p2|aurora.raw|roxie|1158
|gen|9
|tier|[Gen 9] OU
|rated|
|rule|HP Percentage Mod: HP is shown in percentages
|rule|Endless Battle Clause: Forcing endless battles is banned
|rule|Species Clause: Limit one of each Pokémon
|rule|OHKO Clause: OHKO moves are banned
|rule|Evasion Items Clause: Evasion items are banned
|rule|Evasion Moves Clause: Evasion moves are banned
|rule|Evasion Abilities Clause: Evasion abilities are banned
|rule|Sleep Moves Clause: Sleep-inducing moves are banned
|clearpoke
|poke|p1|Dragapult, M|
|poke|p1|Gliscor, M|
|poke|p1|Iron Crown|
|poke|p1|Iron Valiant|
|poke|p1|Primarina, M|
|poke|p1|Cinderace, F|
|poke|p2|Ninetales, F|
|poke|p2|Cresselia, F|
|poke|p2|Raging Bolt|
|poke|p2|Iron Moth|
|poke|p2|Great Tusk|
|poke|p2|Walking Wake|
|teampreview
|inactive|Battle timer is ON: inactive players will automatically lose when time's up. (requested by aurora.raw)
|
|t:|1776058250
|teamsize|p1|6
|teamsize|p2|6
|start
|switch|p1a: Primarina|Primarina, M|100/100
|switch|p2a: Ahri|Ninetales, F, shiny|100/100
|-weather|SunnyDay|[from] ability: Drought|[of] p2a: Ahri
|turn|1
|
|t:|1776058269
|switch|p2a: Raging Bolt|Raging Bolt|100/100
|-activate|p2a: Raging Bolt|ability: Protosynthesis
|-start|p2a: Raging Bolt|protosynthesisspa
|move|p1a: Primarina|Calm Mind|p1a: Primarina
|-boost|p1a: Primarina|spa|1
|-boost|p1a: Primarina|spd|1
|
|-weather|SunnyDay|[upkeep]
|upkeep
|turn|2
|
|t:|1776058290
|move|p2a: Raging Bolt|Thunderbolt|p1a: Primarina
|-supereffective|p1a: Primarina
|-damage|p1a: Primarina|0 fnt
|faint|p1a: Primarina
|-damage|p2a: Raging Bolt|91/100|[from] item: Life Orb
|
|-weather|SunnyDay|[upkeep]
|upkeep
|
|t:|1776058296
|switch|p1a: Gliscor|Gliscor, M|100/100
|turn|3
|
|t:|1776058314
|-end|p2a: Raging Bolt|Protosynthesis|[silent]
|switch|p2a: Ahri|Ninetales, F, shiny|100/100
|move|p1a: Gliscor|Toxic|p2a: Ahri
|-status|p2a: Ahri|tox
|
|-weather|SunnyDay|[upkeep]
|-damage|p2a: Ahri|94/100 tox|[from] psn
|-status|p1a: Gliscor|tox|[from] item: Toxic Orb
|upkeep
|turn|4
|
|t:|1776058329
|move|p2a: Ahri|Encore|p1a: Gliscor
|-start|p1a: Gliscor|Encore
|move|p1a: Gliscor|Toxic|p2a: Ahri
|-fail|p2a: Ahri|tox
|
|-weather|SunnyDay|[upkeep]
|-damage|p2a: Ahri|82/100 tox|[from] psn
|upkeep
|turn|5
|
|t:|1776058342
|switch|p2a: Cresselia|Cresselia, F|100/100
|switch|p1a: Iron Valiant|Iron Valiant|100/100
|-enditem|p1a: Iron Valiant|Booster Energy
|-activate|p1a: Iron Valiant|ability: Quark Drive|[fromitem]
|-start|p1a: Iron Valiant|quarkdriveatk
|
|-weather|SunnyDay|[upkeep]
|upkeep
|turn|6
|
|t:|1776058362
|switch|p2a: Iron Moth|Iron Moth|100/100
|-enditem|p2a: Iron Moth|Booster Energy
|-activate|p2a: Iron Moth|ability: Quark Drive|[fromitem]
|-start|p2a: Iron Moth|quarkdrivespe
|-terastallize|p1a: Iron Valiant|Steel
|move|p1a: Iron Valiant|Knock Off|p2a: Iron Moth
|-damage|p2a: Iron Moth|55/100
|
|-weather|SunnyDay|[upkeep]
|upkeep
|turn|7
|inactive|Mangareader14 has 120 seconds left.
|
|t:|1776058387
|move|p2a: Iron Moth|Fiery Dance|p1a: Iron Valiant
|-supereffective|p1a: Iron Valiant
|-crit|p1a: Iron Valiant
|-damage|p1a: Iron Valiant|0 fnt
|faint|p1a: Iron Valiant
|-end|p1a: Iron Valiant|Quark Drive|[silent]
|
|-weather|SunnyDay|[upkeep]
|upkeep
|inactive|Mangareader14 has 120 seconds left.
|
|t:|1776058395
|switch|p1a: Gliscor|Gliscor, M|100/100 tox
|turn|8
|
|t:|1776058406
|move|p2a: Iron Moth|Morning Sun|p2a: Iron Moth
|-heal|p2a: Iron Moth|100/100
|move|p1a: Gliscor|Earthquake|p2a: Iron Moth
|-supereffective|p2a: Iron Moth
|-damage|p2a: Iron Moth|0 fnt
|faint|p2a: Iron Moth
|-end|p2a: Iron Moth|Quark Drive|[silent]
|
|-weather|none
|upkeep
|
|t:|1776058412
|switch|p2a: Ahri|Ninetales, F, shiny|82/100 tox
|-weather|SunnyDay|[from] ability: Drought|[of] p2a: Ahri
|turn|9
|
|t:|1776058419
|switch|p2a: Cresselia|Cresselia, F|100/100
|move|p1a: Gliscor|Earthquake|p2a: Cresselia
|-immune|p2a: Cresselia|[from] ability: Levitate
|
|-weather|SunnyDay|[upkeep]
|upkeep
|turn|10
|
|t:|1776058422
|move|p1a: Gliscor|Toxic|p2a: Cresselia|[miss]
|-miss|p1a: Gliscor|p2a: Cresselia
|move|p2a: Cresselia|Ice Beam|p1a: Gliscor
|-supereffective|p1a: Gliscor
|-damage|p1a: Gliscor|12/100 tox
|
|-weather|SunnyDay|[upkeep]
|-heal|p1a: Gliscor|25/100 tox|[from] ability: Poison Heal
|upkeep
|turn|11
|
|t:|1776058429
|move|p1a: Gliscor|U-turn|p2a: Cresselia
|-supereffective|p2a: Cresselia
|-damage|p2a: Cresselia|84/100
|-enditem|p2a: Cresselia|Eject Button
|
|t:|1776058438
|switch|p2a: Walking Wake|Walking Wake|100/100
|-activate|p2a: Walking Wake|ability: Protosynthesis
|-start|p2a: Walking Wake|protosynthesisspa
|
|-weather|SunnyDay|[upkeep]
|-heal|p1a: Gliscor|37/100 tox|[from] ability: Poison Heal
|upkeep
|turn|12
|
|t:|1776058451
|move|p2a: Walking Wake|Hydro Steam|p1a: Gliscor
|-supereffective|p1a: Gliscor
|-crit|p1a: Gliscor
|-damage|p1a: Gliscor|0 fnt
|faint|p1a: Gliscor
|
|-weather|SunnyDay|[upkeep]
|upkeep
|
|t:|1776058455
|switch|p1a: Iron Crown|Iron Crown|100/100
|-enditem|p1a: Iron Crown|Booster Energy
|-activate|p1a: Iron Crown|ability: Quark Drive|[fromitem]
|-start|p1a: Iron Crown|quarkdrivespa
|turn|13
|
|t:|1776058463
|move|p2a: Walking Wake|Hydro Steam|p1a: Iron Crown
|-damage|p1a: Iron Crown|0 fnt
|faint|p1a: Iron Crown
|-end|p1a: Iron Crown|Quark Drive|[silent]
|
|-weather|SunnyDay|[upkeep]
|upkeep
|
|t:|1776058472
|switch|p1a: Dragapult|Dragapult, M|100/100
|-item|p1a: Dragapult|Air Balloon
|turn|14
|
|t:|1776058488
|move|p1a: Dragapult|Dragon Claw|p2a: Walking Wake
|-supereffective|p2a: Walking Wake
|-damage|p2a: Walking Wake|10/100
|move|p2a: Walking Wake|Hydro Steam|p1a: Dragapult
|-resisted|p1a: Dragapult
|-damage|p1a: Dragapult|6/100
|-enditem|p1a: Dragapult|Air Balloon
|
|-weather|SunnyDay|[upkeep]
|upkeep
|turn|15
|
|t:|1776058500
|move|p1a: Dragapult|Dragon Claw|p2a: Walking Wake
|-supereffective|p2a: Walking Wake
|-damage|p2a: Walking Wake|0 fnt
|faint|p2a: Walking Wake
|-end|p2a: Walking Wake|Protosynthesis|[silent]
|
|-weather|SunnyDay|[upkeep]
|upkeep
|
|t:|1776058502
|switch|p2a: Raging Bolt|Raging Bolt|91/100
|-activate|p2a: Raging Bolt|ability: Protosynthesis
|-start|p2a: Raging Bolt|protosynthesisspa
|turn|16
|
|t:|1776058511
|move|p2a: Raging Bolt|Thunderclap|p1a: Dragapult
|-resisted|p1a: Dragapult
|-damage|p1a: Dragapult|0 fnt
|faint|p1a: Dragapult
|-damage|p2a: Raging Bolt|81/100|[from] item: Life Orb
|
|-weather|none
|-end|p2a: Raging Bolt|Protosynthesis
|upkeep
|
|t:|1776058515
|switch|p1a: Cinderace|Cinderace, F|100/100
|turn|17
|-message|Mangareader14 forfeited.
|
|win|aurora.raw
|raw|Mangareader14's rating: 1110 &rarr; <strong>1088</strong><br />(-22 for losing)
|raw|aurora.raw's rating: 1158 &rarr; <strong>1180</strong><br />(+22 for winning)
|l|☆Mangareader14
|player|p1|
|l|☆aurora.raw
|player|p2|
