|html|<div class="broadcast-blue"><strong>[Gen 9] OU is currently suspecting Tera Blast! For information on how to participate check out the <a href="https://www.smogon.com/tools/suspects/view/200">suspect thread</a>.</strong></div>
|badge|p2|bronze|gen9ou|100-9
|uhtml|medal-msg|<div class="broadcast-blue">Curious what those medals under the avatar are? PS now has Ladder Seasons! For more information, check out the <a href="https://www.smogon.com/forums/threads/3740067/">thread on Smogon.</a></div>
|j|☆Goodnight Yubi
|j|‽LT_Alt1
|t:|1776309085
|gametype|singles
|player|p1|Goodnight Yubi|brycenman|1822
|player|p2|LT_Alt1|2|1854
|gen|9
|tier|[Gen 9] OU
|rated|
|rule|HP Percentage Mod: HP is shown in percentages
|rule|Endless Battle Clause: Forcing endless battles is banned
|rule|Species Clause: Limit one of each Pokémon
|rule|OHKO Clause: OHKO moves are banned
|rule|Evasion Items Clause: Evasion items are banned
|rule|Evasion Moves Clause: Evasion moves are banned
|rule|Evasion Abilities Clause: Evasion abilities are banned
|rule|Sleep Moves Clause: Sleep-inducing moves are banned
|clearpoke
|poke|p1|Weavile, F|
|poke|p1|Raging Bolt|
|poke|p1|Hatterene, F|
|poke|p1|Zamazenta-*|
|poke|p1|Iron Treads|
|poke|p1|Moltres|
|poke|p2|Garganacl, F|
|poke|p2|Slowking-Galar, F|
|poke|p2|Kyurem|
|poke|p2|Weezing-Galar, F|
|poke|p2|Moltres|
|poke|p2|Iron Treads|
|teampreview
|inactive|Battle timer is ON: inactive players will automatically lose when time's up. (requested by Goodnight Yubi)
|j| Dhoom Again
|l| dhoomagain
|
|t:|1776309115
|teamsize|p1|6
|teamsize|p2|6
|start
|switch|p1a: Iron Treads|Iron Treads|100/100
|switch|p2a: Moltres|Moltres|100/100
|turn|1
|
|t:|1776309120
|-end|p1a: Iron Treads|Quark Drive|[silent]
|switch|p1a: Raging Bolt|Raging Bolt|100/100
|move|p2a: Moltres|Flamethrower|p1a: Raging Bolt
|-resisted|p1a: Raging Bolt
|-damage|p1a: Raging Bolt|85/100
|
|upkeep
|turn|2
|
|t:|1776309125
|switch|p2a: Slowking|Slowking-Galar, F|100/100
|move|p1a: Raging Bolt|Thunderbolt|p2a: Slowking
|-crit|p2a: Slowking
|-damage|p2a: Slowking|35/100
|
|upkeep
|turn|3
|
|t:|1776309134
|-end|p1a: Raging Bolt|Protosynthesis|[silent]
|switch|p1a: Moltres|Moltres|100/100
|switch|p2a: Iron Treads|Iron Treads|100/100
|
|upkeep
|turn|4
|inactive|LT_Alt1 has 120 seconds left.
|inactive|LT_Alt1 has 90 seconds left.
|n|‽LT_Alt1|ltalt1
|n|‽LT_Alt1|ltalt1
|inactive|Goodnight Yubi has 120 seconds left.
|
|t:|1776309227
|-end|p2a: Iron Treads|Quark Drive|[silent]
|switch|p2a: Slowking|Slowking-Galar, F|68/100
|move|p1a: Moltres|U-turn|p2a: Slowking
|-damage|p2a: Slowking|53/100
|inactive|Goodnight Yubi has 120 seconds left.
|
|t:|1776309262
|switch|p1a: Weavile|Weavile, F|100/100|[from] U-turn
|-ability|p1a: Weavile|Pressure
|
|upkeep
|turn|5
|
|t:|1776309268
|switch|p2a: Moltres|Moltres|100/100
|move|p1a: Weavile|Knock Off|p2a: Moltres
|-damage|p2a: Moltres|59/100
|-enditem|p2a: Moltres|Heavy-Duty Boots|[from] move: Knock Off|[of] p1a: Weavile
|-damage|p1a: Weavile|91/100|[from] item: Life Orb
|
|upkeep
|turn|6
|inactive|LT_Alt1 has 90 seconds left.
|inactive|Goodnight Yubi has 90 seconds left.
|
|t:|1776309293
|switch|p1a: Hatterene|Hatterene, F|100/100
|move|p2a: Moltres|Roost|p2a: Moltres
|-heal|p2a: Moltres|100/100
|-singleturn|p2a: Moltres|move: Roost
|
|upkeep
|turn|7
|j| CxAxRxLxOxS
|inactive|LT_Alt1 has 90 seconds left.
|
|t:|1776309299
|move|p2a: Moltres|U-turn|p1a: Hatterene
|-damage|p1a: Hatterene|89/100
|
|t:|1776309301
|switch|p2a: Slowking|Slowking-Galar, F|86/100|[from] U-turn
|move|p1a: Hatterene|Future Sight|p2a: Slowking
|-start|p1a: Hatterene|move: Future Sight
|
|upkeep
|turn|8
|
|t:|1776309312
|switch|p1a: Iron Treads|Iron Treads|100/100
|-prepare|p2a: Slowking|Chilly Reception|[premajor]
|move|p2a: Slowking|Chilly Reception|p2a: Slowking
|-weather|Snowscape
|
|t:|1776309322
|switch|p2a: Moltres|Moltres|100/100|[from] Chilly Reception
|
|-weather|Snowscape|[upkeep]
|upkeep
|turn|9
|
|t:|1776309326
|move|p1a: Iron Treads|Stealth Rock|p2a: Moltres
|-sidestart|p2: LT_Alt1|move: Stealth Rock
|move|p2a: Moltres|U-turn|p1a: Iron Treads
|-resisted|p1a: Iron Treads
|-damage|p1a: Iron Treads|94/100
|
|t:|1776309330
|switch|p2a: Iron Treads|Iron Treads|100/100|[from] U-turn
|-damage|p2a: Iron Treads|97/100|[from] Stealth Rock
|
|-weather|Snowscape|[upkeep]
|-end|p2a: Iron Treads|move: Future Sight
|-resisted|p2a: Iron Treads
|-damage|p2a: Iron Treads|66/100
|-heal|p2a: Iron Treads|72/100|[from] item: Leftovers
|upkeep
|turn|10
|
|t:|1776309339
|move|p2a: Iron Treads|Earthquake|p1a: Iron Treads
|-supereffective|p1a: Iron Treads
|-damage|p1a: Iron Treads|24/100
|move|p1a: Iron Treads|Earthquake|p2a: Iron Treads
|-supereffective|p2a: Iron Treads
|-damage|p2a: Iron Treads|0 fnt
|faint|p2a: Iron Treads
|-end|p2a: Iron Treads|Quark Drive|[silent]
|
|-weather|Snowscape|[upkeep]
|upkeep
|-message|LT_Alt1 forfeited.
|
|win|Goodnight Yubi
|raw|Goodnight Yubi's rating: 1822 &rarr; <strong>1843</strong><br />(+21 for winning)
|raw|LT_Alt1's rating: 1833 &rarr; <strong>1812</strong><br />(-21 for losing)
