|html|<div class="broadcast-blue"><strong>[Gen 9] OU is currently suspecting Tera Blast! For information on how to participate check out the <a href="https://www.smogon.com/tools/suspects/view/200">suspect thread</a>.</strong></div>
|j|☆GoldenJoe777
|j|☆mastermar22
|t:|1776102938
|gametype|singles
|player|p1|GoldenJoe777|artist-gen4|1557
|player|p2|mastermar22|volkner|1503
|gen|9
|tier|[Gen 9] OU
|rated|
|rule|HP Percentage Mod: HP is shown in percentages
|rule|Endless Battle Clause: Forcing endless battles is banned
|rule|Species Clause: Limit one of each Pokémon
|rule|OHKO Clause: OHKO moves are banned
|rule|Evasion Items Clause: Evasion items are banned
|rule|Evasion Moves Clause: Evasion moves are banned
|rule|Evasion Abilities Clause: Evasion abilities are banned
|rule|Sleep Moves Clause: Sleep-inducing moves are banned
|clearpoke
|poke|p1|Muk-Alola, M|
|poke|p1|Magnezone|
|poke|p1|Rillaboom, M|
|poke|p1|Landorus-Therian, M|
|poke|p1|Quaquaval, F|
|poke|p1|Heatran, F|
|poke|p2|Dragonite, M|
|poke|p2|Samurott-Hisui, M|
|poke|p2|Clefable, F|
|poke|p2|Gliscor, M|
|poke|p2|Gholdengo|
|poke|p2|Zamazenta-*|
|teampreview
|inactive|Battle timer is ON: inactive players will automatically lose when time's up. (requested by GoldenJoe777)
|j| ohko_smeargle
|
|t:|1776102961
|teamsize|p1|6
|teamsize|p2|6
|start
|switch|p1a: Rillaboom|Rillaboom, M|100/100
|switch|p2a: Gholdengo|Gholdengo|100/100
|-fieldstart|move: Grassy Terrain|[from] ability: Grassy Surge|[of] p1a: Rillaboom
|turn|1
|
|t:|1776102971
|switch|p2a: Clefable|Clefable, F|100/100
|move|p1a: Rillaboom|High Horsepower|p2a: Clefable
|-damage|p2a: Clefable|62/100
|-damage|p1a: Rillaboom|84/100|[from] item: Rocky Helmet|[of] p2a: Clefable
|
|-heal|p1a: Rillaboom|90/100|[from] Grassy Terrain
|-heal|p2a: Clefable|68/100|[from] Grassy Terrain
|upkeep
|turn|2
|
|t:|1776102979
|switch|p1a: Heatran|Heatran, F|100/100
|move|p2a: Clefable|Moonlight|p2a: Clefable
|-heal|p2a: Clefable|100/100
|
|upkeep
|turn|3
|
|t:|1776102985
|switch|p2a: Samurott|Samurott-Hisui, M|100/100
|move|p1a: Heatran|Magma Storm|p2a: Samurott|[miss]
|-miss|p1a: Heatran|p2a: Samurott
|
|upkeep
|turn|4
|
|t:|1776102994
|switch|p1a: Rillaboom|Rillaboom, M|90/100
|move|p2a: Samurott|Ceaseless Edge|p1a: Rillaboom
|-damage|p1a: Rillaboom|40/100
|-sidestart|p1: GoldenJoe777|Spikes
|
|-heal|p1a: Rillaboom|46/100|[from] Grassy Terrain
|upkeep
|turn|5
|
|t:|1776103008
|switch|p2a: Clefable|Clefable, F|100/100
|move|p1a: Rillaboom|Grassy Glide|p2a: Clefable
|-damage|p2a: Clefable|53/100
|-damage|p1a: Rillaboom|30/100|[from] item: Rocky Helmet|[of] p2a: Clefable
|
|-heal|p1a: Rillaboom|36/100|[from] Grassy Terrain
|-heal|p2a: Clefable|59/100|[from] Grassy Terrain
|-fieldend|move: Grassy Terrain
|upkeep
|turn|6
|
|t:|1776103018
|switch|p1a: Muk|Muk-Alola, M|100/100
|-damage|p1a: Muk|88/100|[from] Spikes
|move|p2a: Clefable|Moonlight|p2a: Clefable
|-heal|p2a: Clefable|100/100
|
|-heal|p1a: Muk|94/100|[from] item: Leftovers
|upkeep
|turn|7
|
|t:|1776103027
|move|p2a: Clefable|Stealth Rock|p1a: Muk
|-sidestart|p1: GoldenJoe777|move: Stealth Rock
|move|p1a: Muk|Knock Off|p2a: Clefable
|-resisted|p2a: Clefable
|-damage|p2a: Clefable|88/100
|-damage|p1a: Muk|78/100|[from] item: Rocky Helmet|[of] p2a: Clefable
|-status|p2a: Clefable|psn|[from] ability: Poison Touch|[of] p1a: Muk
|-enditem|p2a: Clefable|Rocky Helmet|[from] move: Knock Off|[of] p1a: Muk
|
|-heal|p1a: Muk|84/100|[from] item: Leftovers
|upkeep
|turn|8
|
|t:|1776103037
|switch|p2a: Samurott|Samurott-Hisui, M|100/100
|move|p1a: Muk|Curse|p1a: Muk
|-unboost|p1a: Muk|spe|1
|-boost|p1a: Muk|atk|1
|-boost|p1a: Muk|def|1
|
|-heal|p1a: Muk|90/100|[from] item: Leftovers
|upkeep
|turn|9
|
|t:|1776103048
|move|p2a: Samurott|Knock Off|p1a: Muk
|-resisted|p1a: Muk
|-damage|p1a: Muk|73/100
|-enditem|p1a: Muk|Leftovers|[from] move: Knock Off|[of] p2a: Samurott
|move|p1a: Muk|Poison Jab|p2a: Samurott
|-damage|p2a: Samurott|52/100
|-status|p2a: Samurott|psn|[from] ability: Poison Touch|[of] p1a: Muk
|
|-damage|p2a: Samurott|40/100 psn|[from] psn
|upkeep
|turn|10
|
|t:|1776103059
|move|p2a: Samurott|Razor Shell|p1a: Muk
|-damage|p1a: Muk|40/100
|move|p1a: Muk|Poison Jab|p2a: Samurott
|-damage|p2a: Samurott|0 fnt
|faint|p2a: Samurott
|
|upkeep
|
|t:|1776103072
|switch|p2a: Gholdengo|Gholdengo|100/100
|turn|11
|
|t:|1776103076
|move|p2a: Gholdengo|Make It Rain|p1a: Muk
|-damage|p1a: Muk|1/100
|-unboost|p2a: Gholdengo|spa|1
|move|p1a: Muk|Knock Off|p2a: Gholdengo
|-supereffective|p2a: Gholdengo
|-damage|p2a: Gholdengo|0 fnt
|-enditem|p2a: Gholdengo|Choice Scarf|[from] move: Knock Off|[of] p1a: Muk
|faint|p2a: Gholdengo
|
|upkeep
|
|t:|1776103085
|switch|p2a: Gliscor|Gliscor, M|100/100
|turn|12
|
|t:|1776103093
|move|p2a: Gliscor|Knock Off|p1a: Muk
|-resisted|p1a: Muk
|-damage|p1a: Muk|0 fnt
|faint|p1a: Muk
|
|-status|p2a: Gliscor|tox|[from] item: Toxic Orb
|upkeep
|
|t:|1776103097
|switch|p1a: Quaquaval|Quaquaval, F|100/100
|turn|13
|
|t:|1776103106
|switch|p2a: Zamazenta|Zamazenta|100/100
|-ability|p2a: Zamazenta|Dauntless Shield|boost
|-boost|p2a: Zamazenta|def|1
|move|p1a: Quaquaval|Rapid Spin|p2a: Zamazenta
|-damage|p2a: Zamazenta|91/100
|-boost|p1a: Quaquaval|spe|1
|-sideend|p1: GoldenJoe777|Spikes|[from] move: Rapid Spin|[of] p1a: Quaquaval
|-sideend|p1: GoldenJoe777|Stealth Rock|[from] move: Rapid Spin|[of] p1a: Quaquaval
|
|-heal|p2a: Zamazenta|97/100|[from] item: Leftovers
|upkeep
|turn|14
|
|t:|1776103115
|move|p2a: Zamazenta|Iron Defense|p2a: Zamazenta
|-boost|p2a: Zamazenta|def|2
|move|p1a: Quaquaval|Aqua Step|p2a: Zamazenta
|-damage|p2a: Zamazenta|83/100
|-boost|p1a: Quaquaval|spe|1
|
|-heal|p2a: Zamazenta|89/100|[from] item: Leftovers
|upkeep
|turn|15
|
|t:|1776103122
|move|p1a: Quaquaval|Encore|p2a: Zamazenta
|-start|p2a: Zamazenta|Encore
|move|p2a: Zamazenta|Iron Defense|p2a: Zamazenta
|-boost|p2a: Zamazenta|def|2
|
|-heal|p2a: Zamazenta|95/100|[from] item: Leftovers
|upkeep
|turn|16
|
|t:|1776103125
|move|p1a: Quaquaval|Aqua Step|p2a: Zamazenta
|-damage|p2a: Zamazenta|86/100
|-boost|p1a: Quaquaval|spe|1
|move|p2a: Zamazenta|Iron Defense|p2a: Zamazenta
|-boost|p2a: Zamazenta|def|1
|
|-heal|p2a: Zamazenta|92/100|[from] item: Leftovers
|upkeep
|turn|17
|
|t:|1776103133
|move|p1a: Quaquaval|Aqua Step|p2a: Zamazenta
|-damage|p2a: Zamazenta|83/100
|-boost|p1a: Quaquaval|spe|1
|move|p2a: Zamazenta|Iron Defense|p2a: Zamazenta
|-boost|p2a: Zamazenta|def|0
|
|-heal|p2a: Zamazenta|89/100|[from] item: Leftovers
|-end|p2a: Zamazenta|Encore
|upkeep
|turn|18
|
|t:|1776103137
|switch|p2a: Clefable|Clefable, F|88/100 psn
|move|p1a: Quaquaval|Encore||[still]
|-fail|p1a: Quaquaval
|
|upkeep
|turn|19
|
|t:|1776103153
|move|p1a: Quaquaval|Aqua Step|p2a: Clefable
|-damage|p2a: Clefable|54/100 psn
|-boost|p1a: Quaquaval|spe|1
|move|p2a: Clefable|Moonblast|p1a: Quaquaval
|-supereffective|p1a: Quaquaval
|-damage|p1a: Quaquaval|12/100
|
|upkeep
|turn|20
|
|t:|1776103163
|move|p1a: Quaquaval|Aqua Step|p2a: Clefable
|-damage|p2a: Clefable|19/100 psn
|-boost|p1a: Quaquaval|spe|1
|move|p2a: Clefable|Moonblast|p1a: Quaquaval
|-supereffective|p1a: Quaquaval
|-damage|p1a: Quaquaval|0 fnt
|faint|p1a: Quaquaval
|
|upkeep
|
|t:|1776103175
|switch|p1a: Heatran|Heatran, F|100/100
|turn|21
|
|t:|1776103179
|move|p1a: Heatran|Flash Cannon|p2a: Clefable
|-supereffective|p2a: Clefable
|-damage|p2a: Clefable|0 fnt
|faint|p2a: Clefable
|
|upkeep
|
|t:|1776103200
|switch|p2a: Gliscor|Gliscor, M|100/100 tox
|turn|22
|
|t:|1776103207
|switch|p1a: Rillaboom|Rillaboom, M|36/100
|-fieldstart|move: Grassy Terrain|[from] ability: Grassy Surge|[of] p1a: Rillaboom
|move|p2a: Gliscor|Swords Dance|p2a: Gliscor
|-boost|p2a: Gliscor|atk|2
|
|-heal|p1a: Rillaboom|42/100|[from] Grassy Terrain
|upkeep
|turn|23
|
|t:|1776103219
|move|p1a: Rillaboom|Grassy Glide|p2a: Gliscor
|-damage|p2a: Gliscor|52/100 tox
|move|p2a: Gliscor|Facade|p1a: Rillaboom
|-damage|p1a: Rillaboom|0 fnt
|faint|p1a: Rillaboom
|
|-heal|p2a: Gliscor|65/100 tox|[from] ability: Poison Heal
|upkeep
|
|t:|1776103242
|switch|p1a: Heatran|Heatran, F|100/100
|turn|24
|
|t:|1776103249
|move|p2a: Gliscor|Knock Off|p1a: Heatran
|-damage|p1a: Heatran|63/100
|-enditem|p1a: Heatran|Leftovers|[from] move: Knock Off|[of] p2a: Gliscor
|move|p1a: Heatran|Magma Storm|p2a: Gliscor|[miss]
|-miss|p1a: Heatran|p2a: Gliscor
|
|-heal|p1a: Heatran|69/100|[from] Grassy Terrain
|-heal|p2a: Gliscor|77/100 tox|[from] ability: Poison Heal
|upkeep
|turn|25
|
|t:|1776103260
|move|p2a: Gliscor|Facade|p1a: Heatran
|-resisted|p1a: Heatran
|-damage|p1a: Heatran|42/100
|move|p1a: Heatran|Magma Storm|p2a: Gliscor|[miss]
|-miss|p1a: Heatran|p2a: Gliscor
|
|-heal|p1a: Heatran|48/100|[from] Grassy Terrain
|-heal|p2a: Gliscor|90/100 tox|[from] ability: Poison Heal
|upkeep
|turn|26
|
|t:|1776103267
|move|p2a: Gliscor|Facade|p1a: Heatran
|-resisted|p1a: Heatran
|-damage|p1a: Heatran|22/100
|move|p1a: Heatran|Magma Storm|p2a: Gliscor
|-damage|p2a: Gliscor|51/100 tox
|-activate|p2a: Gliscor|move: Magma Storm|[of] p1a: Heatran
|
|-heal|p1a: Heatran|28/100|[from] Grassy Terrain
|-heal|p2a: Gliscor|64/100 tox|[from] ability: Poison Heal
|-damage|p2a: Gliscor|51/100 tox|[from] move: Magma Storm|[partiallytrapped]
|-fieldend|move: Grassy Terrain
|upkeep
|turn|27
|
|t:|1776103280
|move|p2a: Gliscor|Facade|p1a: Heatran
|-resisted|p1a: Heatran
|-damage|p1a: Heatran|4/100
|move|p1a: Heatran|Magma Storm|p2a: Gliscor
|-damage|p2a: Gliscor|10/100 tox
|
|-heal|p2a: Gliscor|22/100 tox|[from] ability: Poison Heal
|-damage|p2a: Gliscor|10/100 tox|[from] move: Magma Storm|[partiallytrapped]
|upkeep
|turn|28
|
|t:|1776103293
|move|p2a: Gliscor|Facade|p1a: Heatran
|-resisted|p1a: Heatran
|-damage|p1a: Heatran|0 fnt
|faint|p1a: Heatran
|
|-heal|p2a: Gliscor|22/100 tox|[from] ability: Poison Heal
|-end|p2a: Gliscor|Magma Storm|[partiallytrapped]|[silent]
|upkeep
|
|t:|1776103298
|switch|p1a: Magnezone|Magnezone|100/100
|turn|29
|
|t:|1776103303
|move|p2a: Gliscor|Protect|p2a: Gliscor
|-singleturn|p2a: Gliscor|Protect
|move|p1a: Magnezone|Flash Cannon|p2a: Gliscor
|-activate|p2a: Gliscor|move: Protect
|
|-heal|p2a: Gliscor|35/100 tox|[from] ability: Poison Heal
|upkeep
|turn|30
|
|t:|1776103310
|move|p2a: Gliscor|Knock Off|p1a: Magnezone
|-damage|p1a: Magnezone|57/100
|-enditem|p1a: Magnezone|Choice Specs|[from] move: Knock Off|[of] p2a: Gliscor
|move|p1a: Magnezone|Flash Cannon|p2a: Gliscor
|-damage|p2a: Gliscor|0 fnt
|faint|p2a: Gliscor
|
|upkeep
|
|t:|1776103332
|switch|p2a: Zamazenta|Zamazenta|89/100
|turn|31
|
|t:|1776103349
|-terastallize|p1a: Magnezone|Flying
|move|p2a: Zamazenta|Iron Defense|p2a: Zamazenta
|-boost|p2a: Zamazenta|def|2
|move|p1a: Magnezone|Thunderbolt|p2a: Zamazenta
|-damage|p2a: Zamazenta|46/100
|
|-heal|p2a: Zamazenta|52/100|[from] item: Leftovers
|upkeep
|turn|32
|
|t:|1776103361
|move|p2a: Zamazenta|Body Press|p1a: Magnezone
|-resisted|p1a: Magnezone
|-damage|p1a: Magnezone|19/100
|move|p1a: Magnezone|Thunderbolt|p2a: Zamazenta
|-damage|p2a: Zamazenta|8/100
|
|-heal|p2a: Zamazenta|14/100|[from] item: Leftovers
|upkeep
|turn|33
|
|t:|1776103367
|move|p2a: Zamazenta|Body Press|p1a: Magnezone
|-resisted|p1a: Magnezone
|-damage|p1a: Magnezone|0 fnt
|faint|p1a: Magnezone
|
|-heal|p2a: Zamazenta|20/100|[from] item: Leftovers
|upkeep
|
|t:|1776103372
|switch|p1a: Landorus|Landorus-Therian, M|100/100
|-ability|p1a: Landorus|Intimidate|boost
|-unboost|p2a: Zamazenta|atk|1
|turn|34
|
|t:|1776103375
|move|p1a: Landorus|Stone Edge|p2a: Zamazenta
|-resisted|p2a: Zamazenta
|-damage|p2a: Zamazenta|12/100
|move|p2a: Zamazenta|Body Press|p1a: Landorus
|-resisted|p1a: Landorus
|-damage|p1a: Landorus|57/100
|
|-heal|p2a: Zamazenta|18/100|[from] item: Leftovers
|upkeep
|turn|35
|
|t:|1776103383
|move|p1a: Landorus|Stone Edge|p2a: Zamazenta
|-resisted|p2a: Zamazenta
|-damage|p2a: Zamazenta|11/100
|move|p2a: Zamazenta|Body Press|p1a: Landorus
|-resisted|p1a: Landorus
|-damage|p1a: Landorus|18/100
|
|-heal|p2a: Zamazenta|17/100|[from] item: Leftovers
|upkeep
|turn|36
|
|t:|1776103386
|move|p1a: Landorus|Stone Edge|p2a: Zamazenta|[miss]
|-miss|p1a: Landorus|p2a: Zamazenta
|move|p2a: Zamazenta|Body Press|p1a: Landorus
|-resisted|p1a: Landorus
|-damage|p1a: Landorus|0 fnt
|faint|p1a: Landorus
|
|win|mastermar22
|raw|GoldenJoe777's rating: 1557 &rarr; <strong>1534</strong><br />(-23 for losing)
|raw|mastermar22's rating: 1503 &rarr; <strong>1526</strong><br />(+23 for winning)
|l| ohko_smeargle
|l|☆GoldenJoe777
|player|p1|
|l|☆mastermar22
|player|p2|
