|html|<div class="broadcast-blue"><strong>[Gen 9] OU is currently suspecting Tera Blast! For information on how to participate check out the <a href="https://www.smogon.com/tools/suspects/view/200">suspect thread</a>.</strong></div>
|j|☆BFromTheMFBay
|j|☆iusebadmons1994
|t:|1776056665
|gametype|singles
|player|p1|BFromTheMFBay|265|1396
|player|p2|iusebadmons1994|265|1372
|gen|9
|tier|[Gen 9] OU
|rated|
|rule|HP Percentage Mod: HP is shown in percentages
|rule|Endless Battle Clause: Forcing endless battles is banned
|rule|Species Clause: Limit one of each Pokémon
|rule|OHKO Clause: OHKO moves are banned
|rule|Evasion Items Clause: Evasion items are banned
|rule|Evasion Moves Clause: Evasion moves are banned
|rule|Evasion Abilities Clause: Evasion abilities are banned
|rule|Sleep Moves Clause: Sleep-inducing moves are banned
|clearpoke
|poke|p1|Zamazenta-*|
|poke|p1|Kyurem|
|poke|p1|Iron Treads|
|poke|p1|Tornadus-Therian, M|
|poke|p1|Pecharunt|
|poke|p1|Ting-Lu|
|poke|p2|Toxapex, F|
|poke|p2|Ogerpon, F|
|poke|p2|Gyarados, M|
|poke|p2|Avalugg, M|
|poke|p2|Regidrago|
|poke|p2|Skarmory, F|
|teampreview
|inactive|Battle timer is ON: inactive players will automatically lose when time's up. (requested by iusebadmons1994)
|
|t:|1776056683
|teamsize|p1|6
|teamsize|p2|6
|start
|switch|p1a: Ting-Lu|Ting-Lu|100/100
|switch|p2a: Regidrago|Regidrago|100/100
|-ability|p1a: Ting-Lu|Vessel of Ruin
|turn|1
|c|☆BFromTheMFBay|hf
|inactive|BFromTheMFBay also wants the timer to be on.
|
|t:|1776056699
|-terastallize|p2a: Regidrago|Dragon
|move|p2a: Regidrago|Dragon Energy|p1a: Ting-Lu
|-damage|p1a: Ting-Lu|2/100
|move|p1a: Ting-Lu|Ruination|p2a: Regidrago
|-damage|p2a: Regidrago|50/100
|
|-heal|p1a: Ting-Lu|8/100|[from] item: Leftovers
|upkeep
|turn|2
|
|t:|1776056716
|move|p2a: Regidrago|Dragon Energy|p1a: Ting-Lu
|-damage|p1a: Ting-Lu|0 fnt
|faint|p1a: Ting-Lu
|
|upkeep
|inactive|BFromTheMFBay has 120 seconds left.
|
|t:|1776056733
|switch|p1a: Iron Treads|Iron Treads|100/100
|turn|3
|inactive|BFromTheMFBay has 120 seconds left.
|
|t:|1776056749
|switch|p2a: Skarmory|Skarmory, F|100/100
|move|p1a: Iron Treads|Stealth Rock|p2a: Skarmory
|-sidestart|p2: iusebadmons1994|move: Stealth Rock
|
|upkeep
|turn|4
|inactive|BFromTheMFBay has 120 seconds left.
|
|t:|1776056766
|-end|p1a: Iron Treads|Quark Drive|[silent]
|switch|p1a: Tornadus|Tornadus-Therian, M|100/100
|move|p2a: Skarmory|Stealth Rock|p1a: Tornadus
|-sidestart|p1: BFromTheMFBay|move: Stealth Rock
|
|upkeep
|turn|5
|
|t:|1776056782
|switch|p2a: Toxapex|Toxapex, F|100/100
|move|p1a: Tornadus|Nasty Plot|p1a: Tornadus
|-boost|p1a: Tornadus|spa|2
|
|upkeep
|turn|6
|
|t:|1776056799
|move|p1a: Tornadus|Bleakwind Storm|p2a: Toxapex
|-damage|p2a: Toxapex|56/100
|move|p2a: Toxapex|Haze|p2a: Toxapex
|-clearallboost
|
|upkeep
|turn|7
|
|t:|1776056817
|switch|p1a: Iron Treads|Iron Treads|100/100
|-damage|p1a: Iron Treads|97/100|[from] Stealth Rock
|move|p2a: Toxapex|Recover|p2a: Toxapex
|-heal|p2a: Toxapex|100/100
|
|-heal|p1a: Iron Treads|100/100|[from] item: Leftovers
|upkeep
|turn|8
|inactive|BFromTheMFBay has 90 seconds left.
|
|t:|1776056833
|move|p1a: Iron Treads|Rapid Spin|p2a: Toxapex
|-damage|p2a: Toxapex|88/100
|-boost|p1a: Iron Treads|spe|1
|-sideend|p1: BFromTheMFBay|Stealth Rock|[from] move: Rapid Spin|[of] p1a: Iron Treads
|move|p2a: Toxapex|Lunge|p1a: Iron Treads
|-resisted|p1a: Iron Treads
|-damage|p1a: Iron Treads|96/100
|-unboost|p1a: Iron Treads|atk|1
|
|-heal|p1a: Iron Treads|100/100|[from] item: Leftovers
|upkeep
|turn|9
|
|t:|1776056847
|switch|p2a: Regidrago|Regidrago, tera:Dragon|50/100
|-damage|p2a: Regidrago|38/100|[from] Stealth Rock
|move|p1a: Iron Treads|Earthquake|p2a: Regidrago
|-damage|p2a: Regidrago|9/100
|
|upkeep
|turn|10
|inactive|BFromTheMFBay has 90 seconds left.
|
|t:|1776056863
|move|p1a: Iron Treads|Earthquake|p2a: Regidrago
|-damage|p2a: Regidrago|0 fnt
|faint|p2a: Regidrago
|
|upkeep
|
|t:|1776056869
|switch|p2a: Avalugg|Avalugg, M|100/100
|turn|11
|inactive|BFromTheMFBay has 90 seconds left.
|
|t:|1776056885
|-end|p1a: Iron Treads|Quark Drive|[silent]
|switch|p1a: Pecharunt|Pecharunt|100/100
|move|p2a: Avalugg|Body Press|p1a: Pecharunt
|-immune|p1a: Pecharunt
|
|upkeep
|turn|12
|inactive|BFromTheMFBay has 90 seconds left.
|
|t:|1776056902
|switch|p2a: Toxapex|Toxapex, F|100/100
|move|p1a: Pecharunt|Nasty Plot|p1a: Pecharunt
|-boost|p1a: Pecharunt|spa|2
|
|upkeep
|turn|13
|inactive|BFromTheMFBay has 90 seconds left.
|
|t:|1776056910
|move|p1a: Pecharunt|Shadow Ball|p2a: Toxapex
|-damage|p2a: Toxapex|69/100
|move|p2a: Toxapex|Haze|p2a: Toxapex
|-clearallboost
|
|upkeep
|turn|14
|
|t:|1776056919
|move|p1a: Pecharunt|Nasty Plot|p1a: Pecharunt
|-boost|p1a: Pecharunt|spa|2
|move|p2a: Toxapex|Lunge|p1a: Pecharunt
|-resisted|p1a: Pecharunt
|-damage|p1a: Pecharunt|99/100
|
|upkeep
|turn|15
|
|t:|1776056928
|move|p1a: Pecharunt|Shadow Ball|p2a: Toxapex
|-damage|p2a: Toxapex|35/100
|move|p2a: Toxapex|Haze|p2a: Toxapex
|-clearallboost
|
|upkeep
|turn|16
|
|t:|1776056940
|switch|p1a: Kyurem|Kyurem|100/100
|-ability|p1a: Kyurem|Pressure
|switch|p2a: Gyarados|Gyarados, M|100/100
|
|upkeep
|turn|17
|
|t:|1776056957
|move|p2a: Gyarados|Dragon Dance|p2a: Gyarados
|-boost|p2a: Gyarados|atk|1
|-boost|p2a: Gyarados|spe|1
|move|p1a: Kyurem|Freeze-Dry|p2a: Gyarados
|-supereffective|p2a: Gyarados
|-damage|p2a: Gyarados|0 fnt
|faint|p2a: Gyarados
|
|upkeep
|-message|iusebadmons1994 forfeited.
|
|win|BFromTheMFBay
|raw|BFromTheMFBay's rating: 1396 &rarr; <strong>1415</strong><br />(+19 for winning)
|raw|iusebadmons1994's rating: 1372 &rarr; <strong>1353</strong><br />(-19 for losing)
|c|☆BFromTheMFBay|gg
|l|☆iusebadmons1994
|player|p2|
|l|☆BFromTheMFBay
|player|p1|
