|html|<div class="broadcast-blue"><strong>[Gen 9] OU is currently suspecting Tera Blast! For information on how to participate check out the <a href="https://www.smogon.com/tools/suspects/view/200">suspect thread</a>.</strong></div>
|j|☆pedro124134
|j|☆sarcrisp
|t:|1776134514
|gametype|singles
|player|p1|pedro124134|169|1000
|player|p2|sarcrisp|265|1037
|gen|9
|tier|[Gen 9] OU
|rated|
|rule|HP Percentage Mod: HP is shown in percentages
|rule|Endless Battle Clause: Forcing endless battles is banned
|rule|Species Clause: Limit one of each Pokémon
|rule|OHKO Clause: OHKO moves are banned
|rule|Evasion Items Clause: Evasion items are banned
|rule|Evasion Moves Clause: Evasion moves are banned
|rule|Evasion Abilities Clause: Evasion abilities are banned
|rule|Sleep Moves Clause: Sleep-inducing moves are banned
|clearpoke
|poke|p1|Dragapult, F|
|poke|p1|Heatran, M|
|poke|p1|Great Tusk|
|poke|p1|Gholdengo|
|poke|p1|Kingambit, F|
|poke|p1|Dragonite, F|
|poke|p2|Dragapult, M|
|poke|p2|Excadrill, F|
|poke|p2|Sceptile, M|
|poke|p2|Gholdengo|
|poke|p2|Corviknight, F|
|poke|p2|Heatran, M|
|teampreview
|inactive|Battle timer is ON: inactive players will automatically lose when time's up. (requested by sarcrisp)
|
|t:|1776134552
|teamsize|p1|6
|teamsize|p2|6
|start
|switch|p1a: Great Tusk|Great Tusk|100/100
|switch|p2a: Excadrill|Excadrill, F|100/100
|turn|1
|
|t:|1776134581
|switch|p2a: Corviknight|Corviknight, F|100/100
|-ability|p2a: Corviknight|Pressure
|move|p1a: Great Tusk|Close Combat|p2a: Corviknight
|-damage|p2a: Corviknight|66/100
|-unboost|p1a: Great Tusk|def|1
|-unboost|p1a: Great Tusk|spd|1
|-damage|p1a: Great Tusk|84/100|[from] item: Rocky Helmet|[of] p2a: Corviknight
|
|-heal|p1a: Great Tusk|90/100|[from] item: Leftovers
|upkeep
|turn|2
|inactive|pedro124134 has 120 seconds left.
|
|t:|1776134619
|move|p1a: Great Tusk|Close Combat|p2a: Corviknight
|-damage|p2a: Corviknight|33/100
|-unboost|p1a: Great Tusk|def|1
|-unboost|p1a: Great Tusk|spd|1
|-damage|p1a: Great Tusk|74/100|[from] item: Rocky Helmet|[of] p2a: Corviknight
|move|p2a: Corviknight|Brave Bird|p1a: Great Tusk
|-supereffective|p1a: Great Tusk
|-damage|p1a: Great Tusk|11/100
|-damage|p2a: Corviknight|11/100|[from] Recoil
|
|-heal|p1a: Great Tusk|17/100|[from] item: Leftovers
|upkeep
|turn|3
|
|t:|1776134635
|switch|p2a: Gholdengo|Gholdengo|100/100
|move|p1a: Great Tusk|Knock Off|p2a: Gholdengo
|-supereffective|p2a: Gholdengo
|-damage|p2a: Gholdengo|56/100
|-enditem|p2a: Gholdengo|Leftovers|[from] move: Knock Off|[of] p1a: Great Tusk
|
|-heal|p1a: Great Tusk|23/100|[from] item: Leftovers
|upkeep
|turn|4
|inactive|pedro124134 has 90 seconds left.
|
|t:|1776134659
|move|p2a: Gholdengo|Shadow Ball|p1a: Great Tusk
|-damage|p1a: Great Tusk|0 fnt
|faint|p1a: Great Tusk
|-end|p1a: Great Tusk|Protosynthesis|[silent]
|
|upkeep
|inactive|pedro124134 has 90 seconds left.
|
|t:|1776134683
|switch|p1a: Kingambit|Kingambit, F|100/100
|-activate|p1a: Kingambit|ability: Supreme Overlord
|-start|p1a: Kingambit|fallen1|[silent]
|turn|5
|
|t:|1776134694
|switch|p2a: Heatran|Heatran, M|100/100
|move|p1a: Kingambit|Sucker Punch||[still]
|-fail|p1a: Kingambit
|
|upkeep
|turn|6
|
|t:|1776134702
|move|p2a: Heatran|Heat Wave|p1a: Kingambit
|-supereffective|p1a: Kingambit
|-damage|p1a: Kingambit|14/100
|move|p1a: Kingambit|Swords Dance|p1a: Kingambit
|-boost|p1a: Kingambit|atk|2
|
|upkeep
|turn|7
|inactive|pedro124134 has 90 seconds left.
|
|t:|1776134721
|-end|p1a: Kingambit|fallen1|[silent]
|switch|p1a: Dragonite|Dragonite, F|100/100
|move|p2a: Heatran|Heat Wave|p1a: Dragonite
|-resisted|p1a: Dragonite
|-damage|p1a: Dragonite|90/100
|
|upkeep
|turn|8
|
|t:|1776134738
|switch|p2a: Gholdengo|Gholdengo|56/100
|move|p1a: Dragonite|Earthquake|p2a: Gholdengo
|-supereffective|p2a: Gholdengo
|-damage|p2a: Gholdengo|0 fnt
|faint|p2a: Gholdengo
|
|upkeep
|
|t:|1776134747
|switch|p2a: Dragapult|Dragapult, M|100/100
|turn|9
|inactive|pedro124134 has 90 seconds left.
|
|t:|1776134768
|move|p2a: Dragapult|Dragon Darts|p1a: Dragonite
|-supereffective|p1a: Dragonite
|-damage|p1a: Dragonite|35/100
|-anim|p2a: Dragapult|Dragon Darts|p1a: Dragonite
|-supereffective|p1a: Dragonite
|-damage|p1a: Dragonite|0 fnt
|faint|p1a: Dragonite
|
|upkeep
|
|t:|1776134782
|switch|p1a: Kingambit|Kingambit, F|14/100
|-activate|p1a: Kingambit|ability: Supreme Overlord
|-start|p1a: Kingambit|fallen2|[silent]
|turn|10
|
|t:|1776134800
|move|p2a: Dragapult|Sucker Punch|p1a: Kingambit
|-resisted|p1a: Kingambit
|-damage|p1a: Kingambit|3/100
|move|p1a: Kingambit|Kowtow Cleave|p2a: Dragapult
|-supereffective|p2a: Dragapult
|-enditem|p2a: Dragapult|Focus Sash
|-damage|p2a: Dragapult|1/100
|
|upkeep
|turn|11
|
|t:|1776134812
|move|p2a: Dragapult|Sucker Punch|p1a: Kingambit
|-resisted|p1a: Kingambit
|-damage|p1a: Kingambit|0 fnt
|faint|p1a: Kingambit
|-end|p1a: Kingambit|fallen2|[silent]
|
|upkeep
|
|t:|1776134833
|switch|p1a: Gholdengo|Gholdengo|100/100
|turn|12
|
|t:|1776134855
|move|p1a: Gholdengo|Shadow Ball|p2a: Dragapult
|-supereffective|p2a: Dragapult
|-damage|p2a: Dragapult|0 fnt
|faint|p2a: Dragapult
|
|upkeep
|
|t:|1776134866
|switch|p2a: Heatran|Heatran, M|100/100
|turn|13
|
|t:|1776134873
|move|p1a: Gholdengo|Shadow Ball|p2a: Heatran
|-damage|p2a: Heatran|59/100
|move|p2a: Heatran|Heat Wave|p1a: Gholdengo
|-supereffective|p1a: Gholdengo
|-damage|p1a: Gholdengo|5/100
|
|upkeep
|turn|14
|
|t:|1776134881
|move|p1a: Gholdengo|Shadow Ball|p2a: Heatran
|-damage|p2a: Heatran|19/100
|-enditem|p2a: Heatran|Sitrus Berry|[eat]
|-heal|p2a: Heatran|44/100|[from] item: Sitrus Berry
|move|p2a: Heatran|Earth Power|p1a: Gholdengo
|-supereffective|p1a: Gholdengo
|-damage|p1a: Gholdengo|0 fnt
|faint|p1a: Gholdengo
|
|upkeep
|
|t:|1776134890
|switch|p1a: Dragapult|Dragapult, F|100/100
|turn|15
|
|t:|1776134903
|move|p1a: Dragapult|Draco Meteor|p2a: Heatran
|-resisted|p2a: Heatran
|-damage|p2a: Heatran|1/100
|-unboost|p1a: Dragapult|spa|2
|move|p2a: Heatran|Earth Power|p1a: Dragapult
|-damage|p1a: Dragapult|62/100
|
|upkeep
|turn|16
|
|t:|1776134913
|move|p2a: Heatran|Protect|p2a: Heatran
|-singleturn|p2a: Heatran|Protect
|move|p1a: Dragapult|Draco Meteor|p2a: Heatran
|-activate|p2a: Heatran|move: Protect
|
|upkeep
|turn|17
|
|t:|1776134930
|move|p1a: Dragapult|Draco Meteor|p2a: Heatran
|-resisted|p2a: Heatran
|-damage|p2a: Heatran|0 fnt
|-unboost|p1a: Dragapult|spa|2
|faint|p2a: Heatran
|
|upkeep
|
|t:|1776134941
|switch|p2a: Sceptile|Sceptile, M|100/100
|turn|18
|
|t:|1776134945
|switch|p1a: Heatran|Heatran, M|100/100
|move|p2a: Sceptile|Dragon Pulse|p1a: Heatran
|-resisted|p1a: Heatran
|-damage|p1a: Heatran|93/100
|
|-heal|p1a: Heatran|99/100|[from] item: Leftovers
|upkeep
|turn|19
|
|t:|1776134967
|switch|p2a: Excadrill|Excadrill, F|100/100
|move|p1a: Heatran|Lava Plume|p2a: Excadrill
|-supereffective|p2a: Excadrill
|-damage|p2a: Excadrill|15/100
|-status|p2a: Excadrill|brn
|
|-heal|p1a: Heatran|100/100|[from] item: Leftovers
|-damage|p2a: Excadrill|9/100 brn|[from] brn
|upkeep
|turn|20
|
|t:|1776134983
|move|p2a: Excadrill|Earthquake|p1a: Heatran
|-supereffective|p1a: Heatran
|-damage|p1a: Heatran|0 fnt
|faint|p1a: Heatran
|-damage|p2a: Excadrill|0 fnt|[from] item: Life Orb
|faint|p2a: Excadrill
|
|upkeep
|
|t:|1776134990
|switch|p2a: Sceptile|Sceptile, M|100/100
|switch|p1a: Dragapult|Dragapult, F|62/100
|turn|21
|
|t:|1776134999
|move|p1a: Dragapult|Flamethrower|p2a: Sceptile
|-supereffective|p2a: Sceptile
|-enditem|p2a: Sceptile|Focus Sash
|-damage|p2a: Sceptile|1/100
|-status|p2a: Sceptile|brn
|move|p2a: Sceptile|Dragon Pulse|p1a: Dragapult
|-supereffective|p1a: Dragapult
|-damage|p1a: Dragapult|0 fnt
|faint|p1a: Dragapult
|
|win|sarcrisp
|raw|pedro124134's rating: 1000 &rarr; <strong>1000</strong><br />(+0 for losing)
|raw|sarcrisp's rating: 1037 &rarr; <strong>1068</strong><br />(+31 for winning)
