|html|<div class="broadcast-blue"><strong>[Gen 9] OU is currently suspecting Tera Blast! For information on how to participate check out the <a href="https://www.smogon.com/tools/suspects/view/200">suspect thread</a>.</strong></div>
|j|☆champ bogar
|j|☆zogcattle
|t:|1776183392
|gametype|singles
|player|p1|champ bogar|cynthia-masters3|1701
|player|p2|zogcattle|266|1694
|gen|9
|tier|[Gen 9] OU
|rated|
|rule|HP Percentage Mod: HP is shown in percentages
|rule|Endless Battle Clause: Forcing endless battles is banned
|rule|Species Clause: Limit one of each Pokémon
|rule|OHKO Clause: OHKO moves are banned
|rule|Evasion Items Clause: Evasion items are banned
|rule|Evasion Moves Clause: Evasion moves are banned
|rule|Evasion Abilities Clause: Evasion abilities are banned
|rule|Sleep Moves Clause: Sleep-inducing moves are banned
|clearpoke
|poke|p1|Garchomp, F|
|poke|p1|Darkrai|
|poke|p1|Deoxys-Speed|
|poke|p1|Clodsire, F|
|poke|p1|Corviknight, M|
|poke|p1|Cinderace, F|
|poke|p2|Kyurem|
|poke|p2|Cinderace, M|
|poke|p2|Tornadus-Therian, M|
|poke|p2|Hatterene, F|
|poke|p2|Great Tusk|
|poke|p2|Kingambit, F|
|teampreview
|inactive|Battle timer is ON: inactive players will automatically lose when time's up. (requested by champ bogar)
|
|t:|1776183412
|teamsize|p1|6
|teamsize|p2|6
|start
|switch|p1a: Clodsire|Clodsire, F|100/100
|switch|p2a: Tornadus|Tornadus-Therian, M, shiny|100/100
|turn|1
|
|t:|1776183421
|move|p2a: Tornadus|Knock Off|p1a: Clodsire
|-damage|p1a: Clodsire|79/100
|-enditem|p1a: Clodsire|Leftovers|[from] move: Knock Off|[of] p2a: Tornadus
|move|p1a: Clodsire|Toxic|p2a: Tornadus
|-status|p2a: Tornadus|tox
|
|-damage|p2a: Tornadus|94/100 tox|[from] psn
|upkeep
|turn|2
|
|t:|1776183427
|move|p2a: Tornadus|U-turn|p1a: Clodsire
|-resisted|p1a: Clodsire
|-damage|p1a: Clodsire|71/100
|
|t:|1776183429
|switch|p2a: Hatterene|Hatterene, F, shiny|100/100|[from] U-turn
|move|p1a: Clodsire|Poison Jab|p2a: Hatterene
|-supereffective|p2a: Hatterene
|-damage|p2a: Hatterene|65/100
|
|-heal|p2a: Hatterene|71/100|[from] item: Leftovers
|upkeep
|turn|3
|inactive|champ bogar has 120 seconds left.
|
|t:|1776183477
|move|p2a: Hatterene|Draining Kiss|p1a: Clodsire
|-resisted|p1a: Clodsire
|-damage|p1a: Clodsire|65/100
|-heal|p2a: Hatterene|77/100|[from] drain|[of] p1a: Clodsire
|move|p1a: Clodsire|Poison Jab|p2a: Hatterene
|-supereffective|p2a: Hatterene
|-damage|p2a: Hatterene|39/100
|-status|p2a: Hatterene|psn
|
|-heal|p2a: Hatterene|45/100 psn|[from] item: Leftovers
|-damage|p2a: Hatterene|33/100 psn|[from] psn
|upkeep
|turn|4
|inactive|zogcattle has 120 seconds left.
|
|t:|1776183508
|move|p2a: Hatterene|Psychic Noise|p1a: Clodsire
|-supereffective|p1a: Clodsire
|-damage|p1a: Clodsire|27/100
|-start|p1a: Clodsire|move: Heal Block
|move|p1a: Clodsire|Poison Jab|p2a: Hatterene
|-supereffective|p2a: Hatterene
|-damage|p2a: Hatterene|0 fnt
|faint|p2a: Hatterene
|
|upkeep
|
|t:|1776183511
|switch|p2a: Cinderace|Cinderace, M, shiny|100/100
|turn|5
|inactive|champ bogar has 120 seconds left.
|
|t:|1776183523
|switch|p1a: Garchomp|Garchomp, F|100/100
|move|p2a: Cinderace|Pyro Ball|p1a: Garchomp
|-resisted|p1a: Garchomp
|-damage|p1a: Garchomp|80/100
|-status|p1a: Garchomp|brn
|
|-damage|p1a: Garchomp|73/100 brn|[from] brn
|upkeep
|turn|6
|
|t:|1776183528
|switch|p2a: Great Tusk|Great Tusk|100/100
|move|p1a: Garchomp|Dragon Tail|p2a: Great Tusk
|-damage|p2a: Great Tusk|92/100
|-damage|p1a: Garchomp|57/100 brn|[from] item: Rocky Helmet|[of] p2a: Great Tusk
|-end|p2a: Great Tusk|Protosynthesis|[silent]
|drag|p2a: Tornadus|Tornadus-Therian, M, shiny|100/100 tox
|
|-damage|p2a: Tornadus|94/100 tox|[from] psn
|-damage|p1a: Garchomp|50/100 brn|[from] brn
|upkeep
|turn|7
|
|t:|1776183532
|switch|p2a: Great Tusk|Great Tusk|92/100
|move|p1a: Garchomp|Stealth Rock|p2a: Great Tusk
|-sidestart|p2: zogcattle|move: Stealth Rock
|
|-damage|p1a: Garchomp|44/100 brn|[from] brn
|upkeep
|turn|8
|
|t:|1776183537
|move|p2a: Great Tusk|Rapid Spin|p1a: Garchomp
|-damage|p1a: Garchomp|35/100 brn
|-boost|p2a: Great Tusk|spe|1
|-damage|p2a: Great Tusk|80/100|[from] ability: Rough Skin|[of] p1a: Garchomp
|-damage|p2a: Great Tusk|63/100|[from] item: Rocky Helmet|[of] p1a: Garchomp
|-sideend|p2: zogcattle|Stealth Rock|[from] move: Rapid Spin|[of] p2a: Great Tusk
|move|p1a: Garchomp|Dragon Tail|p2a: Great Tusk
|-damage|p2a: Great Tusk|56/100
|-damage|p1a: Garchomp|18/100 brn|[from] item: Rocky Helmet|[of] p2a: Great Tusk
|-end|p2a: Great Tusk|Protosynthesis|[silent]
|drag|p2a: Kingambit|Kingambit, F, shiny|100/100
|-activate|p2a: Kingambit|ability: Supreme Overlord
|-start|p2a: Kingambit|fallen1|[silent]
|
|-damage|p1a: Garchomp|12/100 brn|[from] brn
|upkeep
|turn|9
|
|t:|1776183543
|-end|p2a: Kingambit|fallen1|[silent]
|switch|p2a: Great Tusk|Great Tusk|56/100
|move|p1a: Garchomp|Stealth Rock|p2a: Great Tusk
|-sidestart|p2: zogcattle|move: Stealth Rock
|
|-damage|p1a: Garchomp|5/100 brn|[from] brn
|upkeep
|turn|10
|
|t:|1776183552
|move|p2a: Great Tusk|Rapid Spin|p1a: Garchomp
|-damage|p1a: Garchomp|0 fnt
|-boost|p2a: Great Tusk|spe|1
|-damage|p2a: Great Tusk|43/100|[from] ability: Rough Skin|[of] p1a: Garchomp
|-damage|p2a: Great Tusk|27/100|[from] item: Rocky Helmet|[of] p1a: Garchomp
|-sideend|p2: zogcattle|Stealth Rock|[from] move: Rapid Spin|[of] p2a: Great Tusk
|faint|p1a: Garchomp
|
|upkeep
|
|t:|1776183555
|switch|p1a: Deoxys|Deoxys-Speed, shiny|100/100
|-ability|p1a: Deoxys|Pressure
|turn|11
|
|t:|1776183559
|move|p1a: Deoxys|Ice Beam|p2a: Great Tusk
|-supereffective|p2a: Great Tusk
|-damage|p2a: Great Tusk|0 fnt
|faint|p2a: Great Tusk
|-end|p2a: Great Tusk|Protosynthesis|[silent]
|-damage|p1a: Deoxys|91/100|[from] item: Life Orb
|
|upkeep
|
|t:|1776183563
|switch|p2a: Tornadus|Tornadus-Therian, M, shiny|100/100 tox
|turn|12
|
|t:|1776183568
|switch|p1a: Clodsire|Clodsire, F|27/100
|move|p2a: Tornadus|U-turn|p1a: Clodsire
|-resisted|p1a: Clodsire
|-damage|p1a: Clodsire|19/100
|
|t:|1776183571
|switch|p2a: Cinderace|Cinderace, M, shiny|100/100|[from] U-turn
|
|upkeep
|turn|13
|
|t:|1776183574
|move|p2a: Cinderace|Pyro Ball|p1a: Clodsire|[miss]
|-miss|p2a: Cinderace|p1a: Clodsire
|move|p1a: Clodsire|Earthquake|p2a: Cinderace
|-supereffective|p2a: Cinderace
|-damage|p2a: Cinderace|21/100
|
|upkeep
|turn|14
|
|t:|1776183576
|move|p2a: Cinderace|Pyro Ball|p1a: Clodsire
|-damage|p1a: Clodsire|0 fnt
|faint|p1a: Clodsire
|
|upkeep
|
|t:|1776183580
|switch|p1a: Darkrai|Darkrai|100/100
|turn|15
|
|t:|1776183586
|move|p1a: Darkrai|Dark Pulse|p2a: Cinderace
|-damage|p2a: Cinderace|0 fnt
|faint|p2a: Cinderace
|
|upkeep
|
|t:|1776183587
|switch|p2a: Kyurem|Kyurem, shiny|100/100
|-ability|p2a: Kyurem|Pressure
|turn|16
|
|t:|1776183590
|-terastallize|p1a: Darkrai|Dark
|move|p1a: Darkrai|Dark Pulse|p2a: Kyurem
|-damage|p2a: Kyurem|17/100
|move|p2a: Kyurem|Draco Meteor|p1a: Darkrai|[miss]
|-miss|p2a: Kyurem|p1a: Darkrai
|
|upkeep
|turn|17
|
|t:|1776183596
|move|p1a: Darkrai|Dark Pulse|p2a: Kyurem
|-damage|p2a: Kyurem|0 fnt
|faint|p2a: Kyurem
|
|upkeep
|
|t:|1776183597
|switch|p2a: Kingambit|Kingambit, F, shiny|100/100
|-activate|p2a: Kingambit|ability: Supreme Overlord
|-start|p2a: Kingambit|fallen4|[silent]
|turn|18
|
|t:|1776183600
|move|p1a: Darkrai|Dark Pulse|p2a: Kingambit
|-resisted|p2a: Kingambit
|-damage|p2a: Kingambit|58/100
|move|p2a: Kingambit|Swords Dance|p2a: Kingambit
|-boost|p2a: Kingambit|atk|2
|
|-heal|p2a: Kingambit|64/100|[from] item: Leftovers
|upkeep
|turn|19
|
|t:|1776183606
|move|p2a: Kingambit|Sucker Punch|p1a: Darkrai
|-resisted|p1a: Darkrai
|-damage|p1a: Darkrai|20/100
|move|p1a: Darkrai|Dark Pulse|p2a: Kingambit
|-resisted|p2a: Kingambit
|-damage|p2a: Kingambit|26/100
|
|-heal|p2a: Kingambit|32/100|[from] item: Leftovers
|upkeep
|turn|20
|
|t:|1776183609
|switch|p1a: Corviknight|Corviknight, M|100/100
|-ability|p1a: Corviknight|Pressure
|move|p2a: Kingambit|Sucker Punch||[still]
|-fail|p2a: Kingambit
|
|-heal|p2a: Kingambit|38/100|[from] item: Leftovers
|upkeep
|turn|21
|
|t:|1776183611
|-terastallize|p2a: Kingambit|Fairy
|move|p2a: Kingambit|Kowtow Cleave|p1a: Corviknight
|-damage|p1a: Corviknight|18/100
|-damage|p2a: Kingambit|22/100|[from] item: Rocky Helmet|[of] p1a: Corviknight
|move|p1a: Corviknight|Body Press|p2a: Kingambit
|-resisted|p2a: Kingambit
|-damage|p2a: Kingambit|12/100
|
|-heal|p2a: Kingambit|18/100|[from] item: Leftovers
|upkeep
|turn|22
|
|t:|1776183615
|move|p2a: Kingambit|Kowtow Cleave|p1a: Corviknight
|-damage|p1a: Corviknight|0 fnt
|-damage|p2a: Kingambit|1/100|[from] item: Rocky Helmet|[of] p1a: Corviknight
|faint|p1a: Corviknight
|
|-heal|p2a: Kingambit|8/100|[from] item: Leftovers
|upkeep
|
|t:|1776183617
|switch|p1a: Cinderace|Cinderace, F|100/100
|turn|23
|
|t:|1776183622
|move|p2a: Kingambit|Sucker Punch|p1a: Cinderace
|-damage|p1a: Cinderace|0 fnt
|faint|p1a: Cinderace
|
|-heal|p2a: Kingambit|14/100|[from] item: Leftovers
|upkeep
|
|t:|1776183627
|switch|p1a: Deoxys|Deoxys-Speed, shiny|91/100
|-ability|p1a: Deoxys|Pressure
|turn|24
|
|t:|1776183634
|move|p2a: Kingambit|Sucker Punch||[still]
|-fail|p2a: Kingambit
|move|p1a: Deoxys|Substitute|p1a: Deoxys
|-start|p1a: Deoxys|Substitute
|-damage|p1a: Deoxys|66/100
|
|-heal|p2a: Kingambit|20/100|[from] item: Leftovers
|upkeep
|turn|25
|
|t:|1776183637
|move|p2a: Kingambit|Sucker Punch|p1a: Deoxys
|-supereffective|p1a: Deoxys
|-end|p1a: Deoxys|Substitute
|move|p1a: Deoxys|Ice Beam|p2a: Kingambit
|-damage|p2a: Kingambit|0 fnt
|faint|p2a: Kingambit
|-end|p2a: Kingambit|fallen4|[silent]
|-damage|p1a: Deoxys|56/100|[from] item: Life Orb
|
|upkeep
|
|t:|1776183638
|switch|p2a: Tornadus|Tornadus-Therian, M, shiny|100/100 tox
|turn|26
|
|t:|1776183641
|move|p1a: Deoxys|Ice Beam|p2a: Tornadus
|-supereffective|p2a: Tornadus
|-damage|p2a: Tornadus|57/100 tox
|-damage|p1a: Deoxys|46/100|[from] item: Life Orb
|move|p2a: Tornadus|Knock Off|p1a: Deoxys
|-supereffective|p1a: Deoxys
|-damage|p1a: Deoxys|0 fnt
|-enditem|p1a: Deoxys|Life Orb|[from] move: Knock Off|[of] p2a: Tornadus
|faint|p1a: Deoxys
|
|-damage|p2a: Tornadus|51/100 tox|[from] psn
|upkeep
|
|t:|1776183644
|switch|p1a: Darkrai|Darkrai, tera:Dark|20/100
|turn|27
|
|t:|1776183649
|move|p1a: Darkrai|Ice Beam|p2a: Tornadus
|-supereffective|p2a: Tornadus
|-damage|p2a: Tornadus|0 fnt
|faint|p2a: Tornadus
|
|win|champ bogar
|raw|champ bogar's rating: 1701 &rarr; <strong>1721</strong><br />(+20 for winning)
|raw|zogcattle's rating: 1694 &rarr; <strong>1674</strong><br />(-20 for losing)
|l|☆zogcattle
|player|p2|
