|html|<div class="broadcast-blue"><strong>[Gen 9] OU is currently suspecting Tera Blast! For information on how to participate check out the <a href="https://www.smogon.com/tools/suspects/view/200">suspect thread</a>.</strong></div>
|j|☆thunderbluder777
|j|☆digiwayne003
|t:|1776238234
|gametype|singles
|player|p1|thunderbluder777|266|1403
|player|p2|digiwayne003|beauty|1401
|gen|9
|tier|[Gen 9] OU
|rated|
|rule|HP Percentage Mod: HP is shown in percentages
|rule|Endless Battle Clause: Forcing endless battles is banned
|rule|Species Clause: Limit one of each Pokémon
|rule|OHKO Clause: OHKO moves are banned
|rule|Evasion Items Clause: Evasion items are banned
|rule|Evasion Moves Clause: Evasion moves are banned
|rule|Evasion Abilities Clause: Evasion abilities are banned
|rule|Sleep Moves Clause: Sleep-inducing moves are banned
|clearpoke
|poke|p1|Ting-Lu|
|poke|p1|Darkrai|
|poke|p1|Corviknight, M|
|poke|p1|Fezandipiti, M|
|poke|p1|Pecharunt|
|poke|p1|Latios, M|
|poke|p2|Ninetales, F|
|poke|p2|Raging Bolt|
|poke|p2|Walking Wake|
|poke|p2|Hatterene, F|
|poke|p2|Great Tusk|
|poke|p2|Venusaur, M|
|teampreview
|inactive|Battle timer is ON: inactive players will automatically lose when time's up. (requested by digiwayne003)
|inactive|thunderbluder777 has 120 seconds left.
|
|t:|1776238299
|teamsize|p1|6
|teamsize|p2|6
|start
|switch|p1a: Goliath|Ting-Lu|100/100
|switch|p2a: Ninetales|Ninetales, F|100/100
|-weather|SunnyDay|[from] ability: Drought|[of] p2a: Ninetales
|-ability|p1a: Goliath|Vessel of Ruin
|turn|1
|
|t:|1776238306
|move|p2a: Ninetales|Will-O-Wisp|p1a: Goliath
|-status|p1a: Goliath|brn
|move|p1a: Goliath|Stealth Rock|p2a: Ninetales
|-sidestart|p2: digiwayne003|move: Stealth Rock
|
|-weather|SunnyDay|[upkeep]
|-damage|p1a: Goliath|94/100 brn|[from] brn
|upkeep
|turn|2
|
|t:|1776238317
|move|p2a: Ninetales|Encore|p1a: Goliath
|-start|p1a: Goliath|Encore
|move|p1a: Goliath|Stealth Rock||[still]
|-fail|p1a: Goliath
|
|-weather|SunnyDay|[upkeep]
|-heal|p1a: Goliath|100/100 brn|[from] item: Leftovers
|-damage|p1a: Goliath|94/100 brn|[from] brn
|upkeep
|turn|3
|
|t:|1776238332
|switch|p2a: Walking Wake|Walking Wake|100/100
|-damage|p2a: Walking Wake|88/100|[from] Stealth Rock
|-activate|p2a: Walking Wake|ability: Protosynthesis
|-start|p2a: Walking Wake|protosynthesisspe
|switch|p1a: Avalon|Latios, M, shiny|100/100
|
|-weather|SunnyDay|[upkeep]
|upkeep
|turn|4
|
|t:|1776238355
|-terastallize|p2a: Walking Wake|Water
|-terastallize|p1a: Avalon|Steel
|move|p2a: Walking Wake|Hydro Steam|p1a: Avalon
|-damage|p1a: Avalon|0 fnt
|faint|p1a: Avalon
|-damage|p2a: Walking Wake|78/100|[from] item: Life Orb
|
|-weather|SunnyDay|[upkeep]
|upkeep
|inactive|thunderbluder777 has 120 seconds left.
|
|t:|1776238378
|switch|p1a: Cosmic Owl|Fezandipiti, M|100/100
|turn|5
|
|t:|1776238382
|move|p2a: Walking Wake|Hydro Steam|p1a: Cosmic Owl
|-damage|p1a: Cosmic Owl|37/100
|-damage|p2a: Walking Wake|68/100|[from] item: Life Orb
|move|p1a: Cosmic Owl|Sludge Bomb|p2a: Walking Wake
|-damage|p2a: Walking Wake|39/100
|
|-weather|SunnyDay|[upkeep]
|upkeep
|turn|6
|inactive|thunderbluder777 has 120 seconds left.
|
|t:|1776238394
|move|p2a: Walking Wake|Hydro Steam|p1a: Cosmic Owl
|-damage|p1a: Cosmic Owl|0 fnt
|faint|p1a: Cosmic Owl
|-damage|p2a: Walking Wake|29/100|[from] item: Life Orb
|
|-weather|SunnyDay|[upkeep]
|upkeep
|inactive|thunderbluder777 has 120 seconds left.
|
|t:|1776238402
|switch|p1a: Yagami|Darkrai, shiny|100/100
|turn|7
|
|t:|1776238407
|move|p2a: Walking Wake|Hydro Steam|p1a: Yagami
|-damage|p1a: Yagami|0 fnt
|faint|p1a: Yagami
|-damage|p2a: Walking Wake|20/100|[from] item: Life Orb
|
|-weather|SunnyDay|[upkeep]
|upkeep
|-message|thunderbluder777 forfeited.
|
|win|digiwayne003
|raw|thunderbluder777's rating: 1403 &rarr; <strong>1383</strong><br />(-20 for losing)
|raw|digiwayne003's rating: 1401 &rarr; <strong>1421</strong><br />(+20 for winning)
|l|☆thunderbluder777
|player|p1|
