|html|<div class="broadcast-blue"><strong>[Gen 9] OU is currently suspecting Tera Blast! For information on how to participate check out the <a href="https://www.smogon.com/tools/suspects/view/200">suspect thread</a>.</strong></div>
|j|☆James4411
|j|☆LLCDoubleOG
|t:|1776285989
|gametype|singles
|player|p1|James4411|102|1369
|player|p2|LLCDoubleOG|dancer|1406
|gen|9
|tier|[Gen 9] OU
|rated|
|rule|HP Percentage Mod: HP is shown in percentages
|rule|Endless Battle Clause: Forcing endless battles is banned
|rule|Species Clause: Limit one of each Pokémon
|rule|OHKO Clause: OHKO moves are banned
|rule|Evasion Items Clause: Evasion items are banned
|rule|Evasion Moves Clause: Evasion moves are banned
|rule|Evasion Abilities Clause: Evasion abilities are banned
|rule|Sleep Moves Clause: Sleep-inducing moves are banned
|clearpoke
|poke|p1|Comfey, F|
|poke|p1|Iron Crown|
|poke|p1|Rillaboom, F|
|poke|p1|Muk-Alola, F|
|poke|p1|Corviknight, F|
|poke|p1|Iron Boulder|
|poke|p2|Cinderace, M|
|poke|p2|Meowscarada, M|
|poke|p2|Alomomola, F|
|poke|p2|Garganacl, M|
|poke|p2|Dragapult, M|
|poke|p2|Weezing-Galar, M|
|teampreview
|inactive|Battle timer is ON: inactive players will automatically lose when time's up. (requested by LLCDoubleOG)
|
|t:|1776286023
|teamsize|p1|6
|teamsize|p2|6
|start
|switch|p1a: Muk|Muk-Alola, F|100/100
|switch|p2a: Garganacl|Garganacl, M|100/100
|turn|1
|
|t:|1776286033
|move|p1a: Muk|Knock Off|p2a: Garganacl
|-damage|p2a: Garganacl|77/100
|-enditem|p2a: Garganacl|Leftovers|[from] move: Knock Off|[of] p1a: Muk
|move|p2a: Garganacl|Stealth Rock|p1a: Muk
|-sidestart|p1: James4411|move: Stealth Rock
|
|upkeep
|turn|2
|inactive|James4411 has 120 seconds left.
|
|t:|1776286065
|switch|p1a: Corviknight|Corviknight, F|100/100
|-damage|p1a: Corviknight|88/100|[from] Stealth Rock
|-ability|p1a: Corviknight|Pressure
|move|p2a: Garganacl|Salt Cure|p1a: Corviknight
|-damage|p1a: Corviknight|79/100
|-start|p1a: Corviknight|Salt Cure
|
|-heal|p1a: Corviknight|85/100|[from] item: Leftovers
|-damage|p1a: Corviknight|60/100|[from] Salt Cure
|upkeep
|turn|3
|inactive|James4411 has 120 seconds left.
|
|t:|1776286083
|move|p2a: Garganacl|Protect|p2a: Garganacl
|-singleturn|p2a: Garganacl|Protect
|move|p1a: Corviknight|Defog|p2a: Garganacl
|-activate|p2a: Garganacl|move: Protect
|
|-heal|p1a: Corviknight|66/100|[from] item: Leftovers
|-damage|p1a: Corviknight|41/100|[from] Salt Cure
|upkeep
|turn|4
|inactive|James4411 has 120 seconds left.
|
|t:|1776286097
|move|p1a: Corviknight|Roost|p1a: Corviknight
|-heal|p1a: Corviknight|91/100
|-singleturn|p1a: Corviknight|move: Roost
|move|p2a: Garganacl|Stealth Rock||[still]
|-fail|p2a: Garganacl
|
|-heal|p1a: Corviknight|98/100|[from] item: Leftovers
|-damage|p1a: Corviknight|73/100|[from] Salt Cure
|upkeep
|turn|5
|
|t:|1776286102
|move|p1a: Corviknight|Body Press|p2a: Garganacl
|-supereffective|p2a: Garganacl
|-damage|p2a: Garganacl|52/100
|move|p2a: Garganacl|Salt Cure|p1a: Corviknight
|-damage|p1a: Corviknight|63/100
|
|-heal|p1a: Corviknight|70/100|[from] item: Leftovers
|-damage|p1a: Corviknight|45/100|[from] Salt Cure
|upkeep
|turn|6
|
|t:|1776286110
|move|p1a: Corviknight|Roost|p1a: Corviknight
|-heal|p1a: Corviknight|95/100
|-singleturn|p1a: Corviknight|move: Roost
|move|p2a: Garganacl|Salt Cure|p1a: Corviknight
|-resisted|p1a: Corviknight
|-damage|p1a: Corviknight|90/100
|
|-heal|p1a: Corviknight|97/100|[from] item: Leftovers
|-damage|p1a: Corviknight|72/100|[from] Salt Cure
|upkeep
|turn|7
|
|t:|1776286117
|move|p2a: Garganacl|Protect|p2a: Garganacl
|-singleturn|p2a: Garganacl|Protect
|move|p1a: Corviknight|Defog|p2a: Garganacl
|-activate|p2a: Garganacl|move: Protect
|
|-heal|p1a: Corviknight|78/100|[from] item: Leftovers
|-damage|p1a: Corviknight|53/100|[from] Salt Cure
|upkeep
|turn|8
|
|t:|1776286123
|switch|p2a: Dragapult|Dragapult, M|100/100
|-item|p2a: Dragapult|Air Balloon
|move|p1a: Corviknight|Defog|p2a: Dragapult
|-unboost|p2a: Dragapult|evasion|1
|-sideend|p1: James4411|Stealth Rock|[from] move: Defog|[of] p1a: Corviknight
|
|-heal|p1a: Corviknight|59/100|[from] item: Leftovers
|-damage|p1a: Corviknight|34/100|[from] Salt Cure
|upkeep
|turn|9
|
|t:|1776286133
|switch|p1a: Muk|Muk-Alola, F|100/100
|move|p2a: Dragapult|Will-O-Wisp|p1a: Muk
|-status|p1a: Muk|brn
|
|-damage|p1a: Muk|94/100 brn|[from] brn
|upkeep
|turn|10
|
|t:|1776286140
|switch|p2a: Garganacl|Garganacl, M|52/100
|move|p1a: Muk|Knock Off|p2a: Garganacl
|-damage|p2a: Garganacl|45/100
|
|-damage|p1a: Muk|88/100 brn|[from] brn
|upkeep
|turn|11
|
|t:|1776286149
|switch|p1a: Iron Crown|Iron Crown|100/100
|move|p2a: Garganacl|Salt Cure|p1a: Iron Crown
|-resisted|p1a: Iron Crown
|-damage|p1a: Iron Crown|93/100
|-start|p1a: Iron Crown|Salt Cure
|
|-damage|p1a: Iron Crown|68/100|[from] Salt Cure
|upkeep
|turn|12
|
|t:|1776286168
|-end|p1a: Iron Crown|Quark Drive|[silent]
|switch|p1a: Rillaboom|Rillaboom, F|100/100
|-fieldstart|move: Grassy Terrain|[from] ability: Grassy Surge|[of] p1a: Rillaboom
|move|p2a: Garganacl|Stealth Rock|p1a: Rillaboom
|-sidestart|p1: James4411|move: Stealth Rock
|
|-heal|p2a: Garganacl|51/100|[from] Grassy Terrain
|upkeep
|turn|13
|
|t:|1776286177
|switch|p2a: Weezing|Weezing-Galar, M|100/100
|move|p1a: Rillaboom|Low Kick|p2a: Weezing
|-resisted|p2a: Weezing
|-damage|p2a: Weezing|97/100
|
|-heal|p2a: Weezing|100/100|[from] item: Black Sludge
|upkeep
|turn|14
|
|t:|1776286184
|switch|p1a: Muk|Muk-Alola, F|88/100 brn
|-damage|p1a: Muk|76/100 brn|[from] Stealth Rock
|move|p2a: Weezing|Overheat|p1a: Muk
|-damage|p1a: Muk|57/100 brn
|-unboost|p2a: Weezing|spa|2
|
|-heal|p1a: Muk|63/100 brn|[from] Grassy Terrain
|-damage|p1a: Muk|57/100 brn|[from] brn
|upkeep
|turn|15
|
|t:|1776286189
|switch|p2a: Garganacl|Garganacl, M|51/100
|move|p1a: Muk|Knock Off|p2a: Garganacl
|-crit|p2a: Garganacl
|-damage|p2a: Garganacl|39/100
|
|-heal|p1a: Muk|63/100 brn|[from] Grassy Terrain
|-heal|p2a: Garganacl|45/100|[from] Grassy Terrain
|-damage|p1a: Muk|57/100 brn|[from] brn
|upkeep
|turn|16
|
|t:|1776286207
|move|p1a: Muk|Drain Punch|p2a: Garganacl
|-supereffective|p2a: Garganacl
|-damage|p2a: Garganacl|32/100
|-heal|p1a: Muk|64/100 brn|[from] drain|[of] p2a: Garganacl
|move|p2a: Garganacl|Salt Cure|p1a: Muk
|-damage|p1a: Muk|50/100 brn
|-start|p1a: Muk|Salt Cure
|
|-heal|p1a: Muk|56/100 brn|[from] Grassy Terrain
|-heal|p2a: Garganacl|38/100|[from] Grassy Terrain
|-damage|p1a: Muk|50/100 brn|[from] brn
|-damage|p1a: Muk|37/100 brn|[from] Salt Cure
|upkeep
|turn|17
|
|t:|1776286228
|move|p2a: Garganacl|Protect|p2a: Garganacl
|-singleturn|p2a: Garganacl|Protect
|move|p1a: Muk|Drain Punch|p2a: Garganacl
|-activate|p2a: Garganacl|move: Protect
|
|-heal|p1a: Muk|43/100 brn|[from] Grassy Terrain
|-heal|p2a: Garganacl|45/100|[from] Grassy Terrain
|-damage|p1a: Muk|37/100 brn|[from] brn
|-damage|p1a: Muk|25/100 brn|[from] Salt Cure
|upkeep
|turn|18
|
|t:|1776286234
|move|p1a: Muk|Drain Punch|p2a: Garganacl
|-supereffective|p2a: Garganacl
|-damage|p2a: Garganacl|33/100
|-heal|p1a: Muk|31/100 brn|[from] drain|[of] p2a: Garganacl
|move|p2a: Garganacl|Salt Cure|p1a: Muk
|-damage|p1a: Muk|16/100 brn
|
|-heal|p1a: Muk|22/100 brn|[from] Grassy Terrain
|-heal|p2a: Garganacl|39/100|[from] Grassy Terrain
|-damage|p1a: Muk|16/100 brn|[from] brn
|-damage|p1a: Muk|4/100 brn|[from] Salt Cure
|upkeep
|turn|19
|
|t:|1776286246
|move|p1a: Muk|Drain Punch|p2a: Garganacl
|-supereffective|p2a: Garganacl
|-crit|p2a: Garganacl
|-damage|p2a: Garganacl|20/100
|-heal|p1a: Muk|13/100 brn|[from] drain|[of] p2a: Garganacl
|move|p2a: Garganacl|Salt Cure|p1a: Muk
|-damage|p1a: Muk|0 fnt
|faint|p1a: Muk
|
|-heal|p2a: Garganacl|26/100|[from] Grassy Terrain
|-fieldend|move: Grassy Terrain
|upkeep
|
|t:|1776286256
|switch|p1a: Iron Crown|Iron Crown|68/100
|-damage|p1a: Iron Crown|62/100|[from] Stealth Rock
|turn|20
|
|t:|1776286260
|switch|p2a: Alomomola|Alomomola, F|100/100
|move|p1a: Iron Crown|Tachyon Cutter|p2a: Alomomola
|-resisted|p2a: Alomomola
|-damage|p2a: Alomomola|92/100
|-resisted|p2a: Alomomola
|-crit|p2a: Alomomola
|-damage|p2a: Alomomola|78/100
|-hitcount|p2a: Alomomola|2
|
|upkeep
|turn|21
|
|t:|1776286272
|-end|p1a: Iron Crown|Quark Drive|[silent]
|switch|p1a: Corviknight|Corviknight, F|34/100
|-damage|p1a: Corviknight|22/100|[from] Stealth Rock
|-ability|p1a: Corviknight|Pressure
|move|p2a: Alomomola|Wish|p2a: Alomomola
|
|-heal|p1a: Corviknight|28/100|[from] item: Leftovers
|upkeep
|turn|22
|
|t:|1776286276
|move|p1a: Corviknight|Defog|p2a: Alomomola
|-unboost|p2a: Alomomola|evasion|1
|-sideend|p1: James4411|Stealth Rock|[from] move: Defog|[of] p1a: Corviknight
|move|p2a: Alomomola|Flip Turn|p1a: Corviknight
|-damage|p1a: Corviknight|19/100
|
|t:|1776286279
|switch|p2a: Garganacl|Garganacl, M|26/100|[from] Flip Turn
|
|-heal|p2a: Garganacl|92/100|[from] move: Wish|[wisher] Alomomola
|-heal|p1a: Corviknight|25/100|[from] item: Leftovers
|upkeep
|turn|23
|
|t:|1776286287
|switch|p1a: Rillaboom|Rillaboom, F|100/100
|-fieldstart|move: Grassy Terrain|[from] ability: Grassy Surge|[of] p1a: Rillaboom
|move|p2a: Garganacl|Salt Cure|p1a: Rillaboom
|-damage|p1a: Rillaboom|87/100
|-start|p1a: Rillaboom|Salt Cure
|
|-heal|p1a: Rillaboom|93/100|[from] Grassy Terrain
|-heal|p2a: Garganacl|98/100|[from] Grassy Terrain
|-damage|p1a: Rillaboom|81/100|[from] Salt Cure
|upkeep
|turn|24
|
|t:|1776286291
|move|p2a: Garganacl|Protect|p2a: Garganacl
|-singleturn|p2a: Garganacl|Protect
|move|p1a: Rillaboom|Low Kick|p2a: Garganacl
|-activate|p2a: Garganacl|move: Protect
|
|-heal|p1a: Rillaboom|87/100|[from] Grassy Terrain
|-heal|p2a: Garganacl|100/100|[from] Grassy Terrain
|-damage|p1a: Rillaboom|74/100|[from] Salt Cure
|upkeep
|turn|25
|
|t:|1776286297
|switch|p2a: Weezing|Weezing-Galar, M|100/100
|move|p1a: Rillaboom|U-turn|p2a: Weezing
|-resisted|p2a: Weezing
|-damage|p2a: Weezing|94/100
|
|t:|1776286306
|switch|p1a: Iron Crown|Iron Crown|62/100|[from] U-turn
|
|-heal|p1a: Iron Crown|68/100|[from] Grassy Terrain
|-heal|p2a: Weezing|100/100|[from] item: Black Sludge
|upkeep
|turn|26
|
|t:|1776286313
|switch|p2a: Alomomola|Alomomola, F|100/100
|move|p1a: Iron Crown|Future Sight|p2a: Alomomola
|-start|p1a: Iron Crown|move: Future Sight
|
|-heal|p1a: Iron Crown|75/100|[from] Grassy Terrain
|upkeep
|turn|27
|
|t:|1776286318
|move|p1a: Iron Crown|Volt Switch|p2a: Alomomola
|-supereffective|p2a: Alomomola
|-damage|p2a: Alomomola|68/100
|
|t:|1776286324
|-end|p1a: Iron Crown|Quark Drive|[silent]
|switch|p1a: Corviknight|Corviknight, F|25/100|[from] Volt Switch
|-ability|p1a: Corviknight|Pressure
|move|p2a: Alomomola|Wish|p2a: Alomomola
|
|-heal|p1a: Corviknight|31/100|[from] item: Leftovers
|-heal|p2a: Alomomola|74/100|[from] Grassy Terrain
|upkeep
|turn|28
|
|t:|1776286333
|move|p1a: Corviknight|Roost|p1a: Corviknight
|-heal|p1a: Corviknight|81/100
|-singleturn|p1a: Corviknight|move: Roost
|move|p2a: Alomomola|Flip Turn|p1a: Corviknight
|-damage|p1a: Corviknight|72/100
|
|t:|1776286336
|switch|p2a: Cinderace|Cinderace, M|100/100|[from] Flip Turn
|
|-end|p2a: Cinderace|move: Future Sight
|-damage|p2a: Cinderace|20/100
|-heal|p2a: Cinderace|100/100|[from] move: Wish|[wisher] Alomomola
|-heal|p1a: Corviknight|78/100|[from] Grassy Terrain
|-heal|p1a: Corviknight|84/100|[from] item: Leftovers
|upkeep
|turn|29
|
|t:|1776286356
|-terastallize|p1a: Corviknight|Dragon
|move|p2a: Cinderace|Pyro Ball|p1a: Corviknight
|-resisted|p1a: Corviknight
|-damage|p1a: Corviknight|57/100
|move|p1a: Corviknight|Iron Defense|p1a: Corviknight
|-boost|p1a: Corviknight|def|2
|
|-heal|p1a: Corviknight|63/100|[from] Grassy Terrain
|-heal|p1a: Corviknight|69/100|[from] item: Leftovers
|upkeep
|turn|30
|
|t:|1776286374
|switch|p2a: Dragapult|Dragapult, M|100/100
|-item|p2a: Dragapult|Air Balloon
|move|p1a: Corviknight|Body Press|p2a: Dragapult
|-immune|p2a: Dragapult
|
|-heal|p1a: Corviknight|75/100|[from] Grassy Terrain
|-heal|p1a: Corviknight|82/100|[from] item: Leftovers
|-fieldend|move: Grassy Terrain
|upkeep
|turn|31
|
|t:|1776286382
|switch|p1a: Rillaboom|Rillaboom, F|74/100
|-fieldstart|move: Grassy Terrain|[from] ability: Grassy Surge|[of] p1a: Rillaboom
|move|p2a: Dragapult|Will-O-Wisp|p1a: Rillaboom|[miss]
|-miss|p2a: Dragapult|p1a: Rillaboom
|
|-heal|p1a: Rillaboom|81/100|[from] Grassy Terrain
|upkeep
|turn|32
|
|t:|1776286390
|move|p2a: Dragapult|Will-O-Wisp|p1a: Rillaboom
|-status|p1a: Rillaboom|brn
|move|p1a: Rillaboom|Knock Off|p2a: Dragapult
|-supereffective|p2a: Dragapult
|-damage|p2a: Dragapult|55/100
|-start|p1a: Rillaboom|Disable|Knock Off|[from] ability: Cursed Body|[of] p2a: Dragapult
|-enditem|p2a: Dragapult|Air Balloon
|
|-heal|p2a: Dragapult|61/100|[from] Grassy Terrain
|-heal|p1a: Rillaboom|87/100 brn|[from] Grassy Terrain
|-damage|p1a: Rillaboom|81/100 brn|[from] brn
|upkeep
|turn|33
|
|t:|1776286397
|move|p1a: Rillaboom|Grassy Glide|p2a: Dragapult
|-resisted|p2a: Dragapult
|-damage|p2a: Dragapult|46/100
|move|p2a: Dragapult|Hex|p1a: Rillaboom
|-crit|p1a: Rillaboom
|-damage|p1a: Rillaboom|0 fnt
|faint|p1a: Rillaboom
|
|-heal|p2a: Dragapult|52/100|[from] Grassy Terrain
|upkeep
|
|t:|1776286421
|switch|p1a: Comfey|Comfey, F|100/100
|turn|34
|
|t:|1776286425
|switch|p2a: Garganacl|Garganacl, M|100/100
|move|p1a: Comfey|Calm Mind|p1a: Comfey
|-boost|p1a: Comfey|spa|1
|-boost|p1a: Comfey|spd|1
|
|upkeep
|turn|35
|
|t:|1776286434
|move|p1a: Comfey|Giga Drain|p2a: Garganacl
|-supereffective|p2a: Garganacl
|-damage|p2a: Garganacl|4/100
|-damage|p1a: Comfey|91/100|[from] item: Life Orb
|move|p2a: Garganacl|Salt Cure|p1a: Comfey
|-damage|p1a: Comfey|75/100
|-start|p1a: Comfey|Salt Cure
|
|-heal|p1a: Comfey|81/100|[from] Grassy Terrain
|-heal|p2a: Garganacl|10/100|[from] Grassy Terrain
|-damage|p1a: Comfey|68/100|[from] Salt Cure
|upkeep
|turn|36
|
|t:|1776286440
|switch|p2a: Cinderace|Cinderace, M|100/100
|move|p1a: Comfey|Calm Mind|p1a: Comfey
|-boost|p1a: Comfey|spa|1
|-boost|p1a: Comfey|spd|1
|
|-heal|p1a: Comfey|75/100|[from] Grassy Terrain
|-damage|p1a: Comfey|62/100|[from] Salt Cure
|upkeep
|turn|37
|
|t:|1776286451
|move|p1a: Comfey|Draining Kiss|p2a: Cinderace
|-resisted|p2a: Cinderace
|-damage|p2a: Cinderace|60/100
|-heal|p1a: Comfey|92/100|[from] drain|[of] p2a: Cinderace
|-damage|p1a: Comfey|82/100|[from] item: Life Orb
|move|p2a: Cinderace|Pyro Ball|p1a: Comfey
|-damage|p1a: Comfey|0 fnt
|faint|p1a: Comfey
|
|-heal|p2a: Cinderace|66/100|[from] Grassy Terrain
|upkeep
|
|t:|1776286461
|switch|p1a: Iron Boulder|Iron Boulder|100/100
|-enditem|p1a: Iron Boulder|Booster Energy
|-activate|p1a: Iron Boulder|ability: Quark Drive|[fromitem]
|-start|p1a: Iron Boulder|quarkdrivespe
|turn|38
|
|t:|1776286469
|switch|p2a: Weezing|Weezing-Galar, M|100/100
|move|p1a: Iron Boulder|Swords Dance|p1a: Iron Boulder
|-boost|p1a: Iron Boulder|atk|2
|
|-fieldend|move: Grassy Terrain
|upkeep
|turn|39
|
|t:|1776286476
|-terastallize|p2a: Weezing|Steel
|move|p1a: Iron Boulder|Mighty Cleave|p2a: Weezing
|-resisted|p2a: Weezing
|-damage|p2a: Weezing|55/100
|move|p2a: Weezing|Strange Steam|p1a: Iron Boulder
|-damage|p1a: Iron Boulder|69/100
|
|-damage|p2a: Weezing|43/100|[from] item: Black Sludge
|upkeep
|turn|40
|
|t:|1776286486
|move|p1a: Iron Boulder|Close Combat|p2a: Weezing
|-supereffective|p2a: Weezing
|-damage|p2a: Weezing|0 fnt
|-unboost|p1a: Iron Boulder|def|1
|-unboost|p1a: Iron Boulder|spd|1
|faint|p2a: Weezing
|
|upkeep
|
|t:|1776286492
|switch|p2a: Cinderace|Cinderace, M|66/100
|turn|41
|
|t:|1776286494
|move|p2a: Cinderace|Sucker Punch|p1a: Iron Boulder
|-start|p2a: Cinderace|typechange|Dark|[from] ability: Libero
|-supereffective|p1a: Iron Boulder
|-damage|p1a: Iron Boulder|0 fnt
|faint|p1a: Iron Boulder
|-end|p1a: Iron Boulder|Quark Drive|[silent]
|
|upkeep
|-message|James4411 forfeited.
|
|win|LLCDoubleOG
|raw|James4411's rating: 1369 &rarr; <strong>1351</strong><br />(-18 for losing)
|raw|LLCDoubleOG's rating: 1406 &rarr; <strong>1424</strong><br />(+18 for winning)
|l|☆James4411
|player|p1|
