|html|<div class="broadcast-blue"><strong>[Gen 9] OU is currently suspecting Tera Blast! For information on how to participate check out the <a href="https://www.smogon.com/tools/suspects/view/200">suspect thread</a>.</strong></div>
|j|☆backtoeden
|j|☆THESWIMMER974
|t:|1776060042
|gametype|singles
|player|p1|backtoeden|pokefan-gen4|1207
|player|p2|THESWIMMER974|swimmer|1209
|gen|9
|tier|[Gen 9] OU
|rated|
|rule|HP Percentage Mod: HP is shown in percentages
|rule|Endless Battle Clause: Forcing endless battles is banned
|rule|Species Clause: Limit one of each Pokémon
|rule|OHKO Clause: OHKO moves are banned
|rule|Evasion Items Clause: Evasion items are banned
|rule|Evasion Moves Clause: Evasion moves are banned
|rule|Evasion Abilities Clause: Evasion abilities are banned
|rule|Sleep Moves Clause: Sleep-inducing moves are banned
|clearpoke
|poke|p1|Ninetales, F|
|poke|p1|Cresselia, F|
|poke|p1|Raging Bolt|
|poke|p1|Iron Moth|
|poke|p1|Great Tusk|
|poke|p1|Walking Wake|
|poke|p2|Bronzong|
|poke|p2|Ursaluna, M|
|poke|p2|Hatterene, F|
|poke|p2|Cresselia, F|
|poke|p2|Glastrier|
|poke|p2|Iron Hands|
|teampreview
|inactive|Battle timer is ON: inactive players will automatically lose when time's up. (requested by backtoeden)
|inactive|THESWIMMER974 has 120 seconds left.
|
|t:|1776060094
|teamsize|p1|6
|teamsize|p2|6
|start
|switch|p1a: Ninetales|Ninetales, F|100/100
|switch|p2a: DING-DONG|Bronzong|100/100
|-weather|SunnyDay|[from] ability: Drought|[of] p1a: Ninetales
|turn|1
|
|t:|1776060106
|move|p1a: Ninetales|Overheat|p2a: DING-DONG
|-supereffective|p2a: DING-DONG
|-enditem|p2a: DING-DONG|Focus Sash
|-damage|p2a: DING-DONG|1/100
|-unboost|p1a: Ninetales|spa|2
|move|p2a: DING-DONG|Trick Room|p2a: DING-DONG
|-fieldstart|move: Trick Room|[of] p2a: DING-DONG
|
|-weather|SunnyDay|[upkeep]
|upkeep
|turn|2
|
|t:|1776060118
|move|p2a: DING-DONG|Psychic|p1a: Ninetales
|-crit|p1a: Ninetales
|-damage|p1a: Ninetales|49/100
|move|p1a: Ninetales|Overheat|p2a: DING-DONG|[miss]
|-miss|p1a: Ninetales|p2a: DING-DONG
|
|-weather|SunnyDay|[upkeep]
|upkeep
|turn|3
|
|t:|1776060126
|switch|p1a: Cresselia|Cresselia, F|100/100
|move|p2a: DING-DONG|Stealth Rock|p1a: Cresselia
|-sidestart|p1: backtoeden|move: Stealth Rock
|
|-weather|SunnyDay|[upkeep]
|upkeep
|turn|4
|
|t:|1776060133
|move|p2a: DING-DONG|Steel Beam|p1a: Cresselia
|-crit|p1a: Cresselia
|-damage|p1a: Cresselia|46/100
|-damage|p2a: DING-DONG|0 fnt|[from] steelbeam
|faint|p2a: DING-DONG
|-enditem|p1a: Cresselia|Eject Button
|
|t:|1776060144
|switch|p1a: Great Tusk|Great Tusk|100/100
|-damage|p1a: Great Tusk|97/100|[from] Stealth Rock
|-activate|p1a: Great Tusk|ability: Protosynthesis
|-start|p1a: Great Tusk|protosynthesisspe
|
|-weather|SunnyDay|[upkeep]
|upkeep
|inactive|THESWIMMER974 has 120 seconds left.
|
|t:|1776060203
|switch|p2a: TYSON|Iron Hands|100/100
|-enditem|p2a: TYSON|Booster Energy
|-activate|p2a: TYSON|ability: Quark Drive|[fromitem]
|-start|p2a: TYSON|quarkdriveatk
|turn|5
|
|t:|1776060217
|move|p2a: TYSON|Swords Dance|p2a: TYSON
|-boost|p2a: TYSON|atk|2
|move|p1a: Great Tusk|Headlong Rush|p2a: TYSON
|-supereffective|p2a: TYSON
|-damage|p2a: TYSON|44/100
|-unboost|p1a: Great Tusk|def|1
|-unboost|p1a: Great Tusk|spd|1
|
|-weather|SunnyDay|[upkeep]
|-fieldend|move: Trick Room
|upkeep
|turn|6
|
|t:|1776060228
|move|p1a: Great Tusk|Headlong Rush|p2a: TYSON
|-supereffective|p2a: TYSON
|-damage|p2a: TYSON|0 fnt
|-unboost|p1a: Great Tusk|def|1
|-unboost|p1a: Great Tusk|spd|1
|faint|p2a: TYSON
|-end|p2a: TYSON|Quark Drive|[silent]
|
|-weather|SunnyDay|[upkeep]
|upkeep
|
|t:|1776060237
|switch|p2a: MARSHMALLOW|Hatterene, F|100/100
|turn|7
|
|t:|1776060246
|-terastallize|p1a: Great Tusk|Ground
|move|p1a: Great Tusk|Rapid Spin|p2a: MARSHMALLOW
|-damage|p2a: MARSHMALLOW|84/100
|-boost|p1a: Great Tusk|spe|1
|-sideend|p1: backtoeden|Stealth Rock|[from] move: Rapid Spin|[of] p1a: Great Tusk
|move|p2a: MARSHMALLOW|Trick Room|p2a: MARSHMALLOW
|-fieldstart|move: Trick Room|[of] p2a: MARSHMALLOW
|
|-weather|SunnyDay|[upkeep]
|upkeep
|turn|8
|inactive|THESWIMMER974 has 120 seconds left.
|
|t:|1776060262
|-end|p1a: Great Tusk|Protosynthesis|[silent]
|switch|p1a: Cresselia|Cresselia, F|46/100
|move|p2a: MARSHMALLOW|Misty Explosion|p1a: Cresselia
|-damage|p1a: Cresselia|0 fnt
|faint|p2a: MARSHMALLOW
|faint|p1a: Cresselia
|
|-weather|none
|upkeep
|
|t:|1776060277
|switch|p2a: GRIZZLY|Ursaluna, M|100/100
|switch|p1a: Ninetales|Ninetales, F|49/100
|-weather|SunnyDay|[from] ability: Drought|[of] p1a: Ninetales
|turn|9
|inactive|THESWIMMER974 has 120 seconds left.
|
|t:|1776060286
|move|p2a: GRIZZLY|Earthquake|p1a: Ninetales
|-supereffective|p1a: Ninetales
|-damage|p1a: Ninetales|0 fnt
|faint|p1a: Ninetales
|
|-weather|SunnyDay|[upkeep]
|-status|p2a: GRIZZLY|brn|[from] item: Flame Orb
|upkeep
|
|t:|1776060296
|switch|p1a: Walking Wake|Walking Wake|100/100
|-activate|p1a: Walking Wake|ability: Protosynthesis
|-start|p1a: Walking Wake|protosynthesisspa
|turn|10
|
|t:|1776060305
|move|p2a: GRIZZLY|Facade|p1a: Walking Wake
|-damage|p1a: Walking Wake|0 fnt
|faint|p1a: Walking Wake
|-end|p1a: Walking Wake|Protosynthesis|[silent]
|
|-weather|SunnyDay|[upkeep]
|-damage|p2a: GRIZZLY|94/100 brn|[from] brn
|upkeep
|-message|backtoeden forfeited.
|
|win|THESWIMMER974
|raw|backtoeden's rating: 1207 &rarr; <strong>1182</strong><br />(-25 for losing)
|raw|THESWIMMER974's rating: 1209 &rarr; <strong>1234</strong><br />(+25 for winning)
|l|☆backtoeden
|player|p1|
|c|☆THESWIMMER974|Rip
|l|☆THESWIMMER974
|player|p2|
