|html|<div class="broadcast-blue"><strong>[Gen 9] OU is currently suspecting Tera Blast! For information on how to participate check out the <a href="https://www.smogon.com/tools/suspects/view/200">suspect thread</a>.</strong></div>
|j|☆Cid_Kage16
|j|☆bjarnevp
|t:|1776091928
|gametype|singles
|player|p1|Cid_Kage16|101|1239
|player|p2|bjarnevp|steven|1234
|gen|9
|tier|[Gen 9] OU
|rated|
|rule|HP Percentage Mod: HP is shown in percentages
|rule|Endless Battle Clause: Forcing endless battles is banned
|rule|Species Clause: Limit one of each Pokémon
|rule|OHKO Clause: OHKO moves are banned
|rule|Evasion Items Clause: Evasion items are banned
|rule|Evasion Moves Clause: Evasion moves are banned
|rule|Evasion Abilities Clause: Evasion abilities are banned
|rule|Sleep Moves Clause: Sleep-inducing moves are banned
|clearpoke
|poke|p1|Dragapult, F|
|poke|p1|Primarina, F|
|poke|p1|Darkrai|
|poke|p1|Iron Treads|
|poke|p1|Ceruledge, M|
|poke|p1|Landorus-Therian, M|
|poke|p2|Dragapult, M|
|poke|p2|Iron Moth|
|poke|p2|Ambipom, M|
|poke|p2|Ceruledge, M|
|poke|p2|Moltres-Galar|
|poke|p2|Klefki, F|
|teampreview
|inactive|Battle timer is ON: inactive players will automatically lose when time's up. (requested by bjarnevp)
|
|t:|1776091933
|teamsize|p1|6
|teamsize|p2|6
|start
|switch|p1a: Landorus|Landorus-Therian, M, shiny|100/100
|switch|p2a: Ambipom|Ambipom, M, shiny|100/100
|-ability|p1a: Landorus|Intimidate|boost
|-unboost|p2a: Ambipom|atk|1
|turn|1
|
|t:|1776091944
|switch|p1a: Dragapult|Dragapult, F, shiny|100/100
|move|p2a: Ambipom|Triple Axel|p1a: Dragapult
|-supereffective|p1a: Dragapult
|-damage|p1a: Dragapult|79/100
|-supereffective|p1a: Dragapult
|-damage|p1a: Dragapult|42/100
|-supereffective|p1a: Dragapult
|-damage|p1a: Dragapult|0 fnt
|faint|p1a: Dragapult
|-hitcount|p1: Dragapult|3
|
|upkeep
|
|t:|1776091954
|switch|p1a: Landorus|Landorus-Therian, M, shiny|100/100
|-ability|p1a: Landorus|Intimidate|boost
|-unboost|p2a: Ambipom|atk|1
|turn|2
|
|t:|1776091964
|switch|p2a: Moltres|Moltres-Galar|100/100
|move|p1a: Landorus|Stealth Rock|p2a: Moltres
|-sidestart|p2: bjarnevp|move: Stealth Rock
|
|upkeep
|turn|3
|
|t:|1776091970
|move|p1a: Landorus|Stone Edge|p2a: Moltres
|-supereffective|p2a: Moltres
|-damage|p2a: Moltres|20/100
|-ability|p2a: Moltres|Berserk|boost
|-boost|p2a: Moltres|spa|1
|move|p2a: Moltres|Tailwind|p2a: Moltres
|-sidestart|p2: bjarnevp|move: Tailwind
|
|upkeep
|turn|4
|
|t:|1776091981
|move|p2a: Moltres|Fiery Wrath|p1a: Landorus
|-damage|p1a: Landorus|37/100
|move|p1a: Landorus|U-turn|p2a: Moltres
|-damage|p2a: Moltres|0 fnt
|faint|p2a: Moltres
|
|t:|1776091994
|switch|p1a: Ceruledge|Ceruledge, M, shiny|100/100|[from] U-turn
|
|upkeep
|
|t:|1776092007
|switch|p2a: Dragapult|Dragapult, M, shiny|100/100
|-damage|p2a: Dragapult|88/100|[from] Stealth Rock
|turn|5
|
|t:|1776092016
|-terastallize|p1a: Ceruledge|Fairy
|move|p2a: Dragapult|Shadow Ball|p1a: Ceruledge
|-damage|p1a: Ceruledge|59/100
|move|p1a: Ceruledge|Swords Dance|p1a: Ceruledge
|-boost|p1a: Ceruledge|atk|2
|
|upkeep
|turn|6
|
|t:|1776092024
|move|p1a: Ceruledge|Shadow Sneak|p2a: Dragapult
|-supereffective|p2a: Dragapult
|-damage|p2a: Dragapult|0 fnt
|faint|p2a: Dragapult
|
|-sideend|p2: bjarnevp|move: Tailwind
|upkeep
|
|t:|1776092033
|switch|p2a: Klefki|Klefki, F, shiny|100/100
|-damage|p2a: Klefki|94/100|[from] Stealth Rock
|turn|7
|
|t:|1776092037
|move|p2a: Klefki|Reflect|p2a: Klefki
|-sidestart|p2: bjarnevp|Reflect
|move|p1a: Ceruledge|Bitter Blade|p2a: Klefki
|-supereffective|p2a: Klefki
|-damage|p2a: Klefki|0 fnt
|-heal|p1a: Ceruledge|100/100|[from] drain|[of] p2a: Klefki
|faint|p2a: Klefki
|
|upkeep
|
|t:|1776092044
|switch|p2a: Iron Moth|Iron Moth|100/100
|-damage|p2a: Iron Moth|76/100|[from] Stealth Rock
|-item|p2a: Iron Moth|Air Balloon
|turn|8
|
|t:|1776092053
|move|p1a: Ceruledge|Shadow Sneak|p2a: Iron Moth
|-damage|p2a: Iron Moth|39/100
|-enditem|p2a: Iron Moth|Air Balloon
|move|p2a: Iron Moth|Sludge Wave|p1a: Ceruledge
|-supereffective|p1a: Ceruledge
|-enditem|p1a: Ceruledge|Focus Sash
|-damage|p1a: Ceruledge|1/100
|
|upkeep
|turn|9
|
|t:|1776092066
|move|p2a: Iron Moth|Fiery Dance|p1a: Ceruledge
|-damage|p1a: Ceruledge|0 fnt
|faint|p1a: Ceruledge
|
|upkeep
|
|t:|1776092075
|switch|p1a: Darkrai|Darkrai|100/100
|turn|10
|
|t:|1776092079
|move|p1a: Darkrai|Dark Pulse|p2a: Iron Moth
|-damage|p2a: Iron Moth|0 fnt
|faint|p2a: Iron Moth
|-end|p2a: Iron Moth|Quark Drive|[silent]
|
|upkeep
|
|t:|1776092083
|switch|p2a: Ambipom|Ambipom, M, shiny|100/100
|-damage|p2a: Ambipom|88/100|[from] Stealth Rock
|turn|11
|
|t:|1776092087
|switch|p1a: Landorus|Landorus-Therian, M, shiny|37/100
|-ability|p1a: Landorus|Intimidate|boost
|-unboost|p2a: Ambipom|atk|1
|move|p2a: Ambipom|Fake Out|p1a: Landorus
|-damage|p1a: Landorus|21/100
|
|-heal|p1a: Landorus|27/100|[from] item: Leftovers
|upkeep
|turn|12
|
|t:|1776092096
|switch|p1a: Primarina|Primarina, F, shiny|100/100
|move|p2a: Ambipom|Triple Axel|p1a: Primarina|[miss]
|-miss|p2a: Ambipom|p1a: Primarina
|
|upkeep
|turn|13
|
|t:|1776092102
|move|p2a: Ambipom|Covet|p1a: Primarina
|-damage|p1a: Primarina|60/100
|move|p1a: Primarina|Moonblast|p2a: Ambipom
|-damage|p2a: Ambipom|10/100
|
|-heal|p1a: Primarina|66/100|[from] item: Leftovers
|upkeep
|turn|14
|
|t:|1776092110
|move|p2a: Ambipom|Covet|p1a: Primarina
|-damage|p1a: Primarina|25/100
|move|p1a: Primarina|Hyper Voice|p2a: Ambipom
|-damage|p2a: Ambipom|0 fnt
|faint|p2a: Ambipom
|
|-heal|p1a: Primarina|31/100|[from] item: Leftovers
|-sideend|p2: bjarnevp|Reflect
|upkeep
|
|t:|1776092114
|switch|p2a: Ceruledge|Ceruledge, M, shiny|100/100
|-damage|p2a: Ceruledge|75/100|[from] Stealth Rock
|turn|15
|
|t:|1776092125
|switch|p1a: Landorus|Landorus-Therian, M, shiny|27/100
|-ability|p1a: Landorus|Intimidate|boost
|-unboost|p2a: Ceruledge|atk|1
|move|p2a: Ceruledge|Poltergeist|p1a: Landorus
|-activate|p1a: Landorus|move: Poltergeist|Leftovers
|-damage|p1a: Landorus|0 fnt
|faint|p1a: Landorus
|
|upkeep
|
|t:|1776092134
|switch|p1a: Iron Treads|Iron Treads|100/100
|-enditem|p1a: Iron Treads|Booster Energy
|-activate|p1a: Iron Treads|ability: Quark Drive|[fromitem]
|-start|p1a: Iron Treads|quarkdriveatk
|turn|16
|
|t:|1776092141
|-terastallize|p2a: Ceruledge|Fire
|move|p1a: Iron Treads|Earthquake|p2a: Ceruledge
|-supereffective|p2a: Ceruledge
|-damage|p2a: Ceruledge|0 fnt
|faint|p2a: Ceruledge
|
|win|Cid_Kage16
|raw|Cid_Kage16's rating: 1239 &rarr; <strong>1264</strong><br />(+25 for winning)
|raw|bjarnevp's rating: 1234 &rarr; <strong>1209</strong><br />(-25 for losing)
|l|☆Cid_Kage16
|player|p1|
|l|☆bjarnevp
|player|p2|
