|html|<div class="broadcast-blue"><strong>[Gen 9] OU is currently suspecting Tera Blast! For information on how to participate check out the <a href="https://www.smogon.com/tools/suspects/view/200">suspect thread</a>.</strong></div>
|j|‽rank 1 greninja
|j|☆kageno yuhada
|t:|1776257428
|gametype|singles
|player|p1|rank 1 greninja|265|1439
|player|p2|kageno yuhada|hanbei-conquest|1474
|gen|9
|tier|[Gen 9] OU
|rated|
|rule|HP Percentage Mod: HP is shown in percentages
|rule|Endless Battle Clause: Forcing endless battles is banned
|rule|Species Clause: Limit one of each Pokémon
|rule|OHKO Clause: OHKO moves are banned
|rule|Evasion Items Clause: Evasion items are banned
|rule|Evasion Moves Clause: Evasion moves are banned
|rule|Evasion Abilities Clause: Evasion abilities are banned
|rule|Sleep Moves Clause: Sleep-inducing moves are banned
|clearpoke
|poke|p1|Pelipper, F|
|poke|p1|Tornadus-Therian, M|
|poke|p1|Barraskewda, F|
|poke|p1|Iron Treads|
|poke|p1|Ludicolo, M|
|poke|p1|Poliwrath, F|
|poke|p2|Raging Bolt|
|poke|p2|Glimmora, F|
|poke|p2|Iron Valiant|
|poke|p2|Tornadus-Therian, M|
|poke|p2|Dragapult, M|
|poke|p2|Kingambit, M|
|teampreview
|inactive|Battle timer is ON: inactive players will automatically lose when time's up. (requested by kageno yuhada)
|
|t:|1776257437
|teamsize|p1|6
|teamsize|p2|6
|start
|switch|p1a: Pelipper|Pelipper, F|100/100
|switch|p2a: Simon|Glimmora, F, shiny|100/100
|-weather|RainDance|[from] ability: Drizzle|[of] p1a: Pelipper
|turn|1
|
|t:|1776257444
|switch|p1a: Iron Treads|Iron Treads|100/100
|move|p2a: Simon|Stealth Rock|p1a: Iron Treads
|-sidestart|p1: rank 1 greninja|move: Stealth Rock
|
|-weather|RainDance|[upkeep]
|upkeep
|turn|2
|
|t:|1776257450
|move|p2a: Simon|Earth Power|p1a: Iron Treads
|-supereffective|p1a: Iron Treads
|-damage|p1a: Iron Treads|70/100
|move|p1a: Iron Treads|Volt Switch|p2a: Simon
|-damage|p2a: Simon|88/100
|
|t:|1776257459
|-end|p1a: Iron Treads|Quark Drive|[silent]
|switch|p1a: Ludicolo|Ludicolo, M|100/100|[from] Volt Switch
|-damage|p1a: Ludicolo|88/100|[from] Stealth Rock
|
|-weather|RainDance|[upkeep]
|upkeep
|turn|3
|
|t:|1776257465
|move|p1a: Ludicolo|Hydro Pump|p2a: Simon
|-supereffective|p2a: Simon
|-damage|p2a: Simon|0 fnt
|faint|p2a: Simon
|-damage|p1a: Ludicolo|78/100|[from] item: Life Orb
|
|-weather|RainDance|[upkeep]
|upkeep
|
|t:|1776257479
|switch|p2a: Terminator|Iron Valiant, shiny|100/100
|-enditem|p2a: Terminator|Booster Energy
|-activate|p2a: Terminator|ability: Quark Drive|[fromitem]
|-start|p2a: Terminator|quarkdrivespe
|turn|4
|
|t:|1776257487
|move|p2a: Terminator|Close Combat|p1a: Ludicolo
|-damage|p1a: Ludicolo|0 fnt
|-unboost|p2a: Terminator|def|1
|-unboost|p2a: Terminator|spd|1
|faint|p1a: Ludicolo
|
|-weather|RainDance|[upkeep]
|upkeep
|
|t:|1776257489
|switch|p1a: Barraskewda|Barraskewda, F|100/100
|-damage|p1a: Barraskewda|88/100|[from] Stealth Rock
|turn|5
|
|t:|1776257514
|-end|p2a: Terminator|Quark Drive|[silent]
|switch|p2a: Cui-cui|Tornadus-Therian, M|100/100
|move|p1a: Barraskewda|Flip Turn|p2a: Cui-cui
|-damage|p2a: Cui-cui|0 fnt
|faint|p2a: Cui-cui
|
|t:|1776257521
|switch|p1a: Tornadus|Tornadus-Therian, M|100/100|[from] Flip Turn
|-damage|p1a: Tornadus|76/100|[from] Stealth Rock
|
|-weather|RainDance|[upkeep]
|upkeep
|
|t:|1776257535
|switch|p2a: Naoya|Dragapult, M, shiny|100/100
|turn|6
|
|t:|1776257544
|-terastallize|p1a: Tornadus|Steel
|move|p2a: Naoya|U-turn|p1a: Tornadus
|-resisted|p1a: Tornadus
|-damage|p1a: Tornadus|64/100
|
|t:|1776257554
|switch|p2a: Terminator|Iron Valiant, shiny|100/100|[from] U-turn
|move|p1a: Tornadus|Hurricane|p2a: Terminator
|-supereffective|p2a: Terminator
|-damage|p2a: Terminator|0 fnt
|faint|p2a: Terminator
|-end|p2a: Terminator|Quark Drive|[silent]
|-damage|p1a: Tornadus|54/100|[from] item: Life Orb
|
|-weather|RainDance|[upkeep]
|upkeep
|
|t:|1776257562
|switch|p2a: Raydao|Raging Bolt|100/100
|-enditem|p2a: Raydao|Booster Energy
|-activate|p2a: Raydao|ability: Protosynthesis|[fromitem]
|-start|p2a: Raydao|protosynthesisspa
|turn|7
|
|t:|1776257568
|switch|p1a: Iron Treads|Iron Treads|70/100
|-damage|p1a: Iron Treads|67/100|[from] Stealth Rock
|move|p2a: Raydao|Calm Mind|p2a: Raydao
|-boost|p2a: Raydao|spa|1
|-boost|p2a: Raydao|spd|1
|
|-weather|RainDance|[upkeep]
|upkeep
|turn|8
|
|t:|1776257577
|move|p2a: Raydao|Dragon Pulse|p1a: Iron Treads
|-resisted|p1a: Iron Treads
|-damage|p1a: Iron Treads|43/100
|move|p1a: Iron Treads|Rapid Spin|p2a: Raydao
|-damage|p2a: Raydao|88/100
|-boost|p1a: Iron Treads|spe|1
|-sideend|p1: rank 1 greninja|Stealth Rock|[from] move: Rapid Spin|[of] p1a: Iron Treads
|
|-weather|none
|upkeep
|turn|9
|
|t:|1776257586
|move|p1a: Iron Treads|Earthquake|p2a: Raydao
|-supereffective|p2a: Raydao
|-damage|p2a: Raydao|11/100
|move|p2a: Raydao|Calm Mind|p2a: Raydao
|-boost|p2a: Raydao|spa|1
|-boost|p2a: Raydao|spd|1
|
|upkeep
|turn|10
|
|t:|1776257592
|move|p1a: Iron Treads|Earthquake|p2a: Raydao
|-supereffective|p2a: Raydao
|-damage|p2a: Raydao|0 fnt
|faint|p2a: Raydao
|-end|p2a: Raydao|Protosynthesis|[silent]
|
|upkeep
|
|t:|1776257597
|switch|p2a: Kaiser|Kingambit, M|100/100
|-activate|p2a: Kaiser|ability: Supreme Overlord
|-start|p2a: Kaiser|fallen4|[silent]
|turn|11
|
|t:|1776257602
|move|p1a: Iron Treads|Earthquake|p2a: Kaiser
|-supereffective|p2a: Kaiser
|-damage|p2a: Kaiser|31/100
|move|p2a: Kaiser|Swords Dance|p2a: Kaiser
|-boost|p2a: Kaiser|atk|2
|
|upkeep
|turn|12
|
|t:|1776257609
|-end|p1a: Iron Treads|Quark Drive|[silent]
|switch|p1a: Poliwrath|Poliwrath, F|100/100
|move|p2a: Kaiser|Kowtow Cleave|p1a: Poliwrath
|-resisted|p1a: Poliwrath
|-damage|p1a: Poliwrath|6/100
|-enditem|p1a: Poliwrath|Sitrus Berry|[eat]
|-heal|p1a: Poliwrath|31/100|[from] item: Sitrus Berry
|
|upkeep
|turn|13
|
|t:|1776257617
|move|p2a: Kaiser|Sucker Punch||[still]
|-fail|p2a: Kaiser
|move|p1a: Poliwrath|Encore|p2a: Kaiser
|-start|p2a: Kaiser|Encore
|
|upkeep
|turn|14
|
|t:|1776257622
|switch|p1a: Pelipper|Pelipper, F|100/100
|-weather|RainDance|[from] ability: Drizzle|[of] p1a: Pelipper
|move|p2a: Kaiser|Sucker Punch||[still]
|-fail|p2a: Kaiser
|
|-weather|RainDance|[upkeep]
|upkeep
|turn|15
|
|t:|1776257629
|-end|p2a: Kaiser|fallen4|[silent]
|switch|p2a: Naoya|Dragapult, M, shiny|100/100
|move|p1a: Pelipper|U-turn|p2a: Naoya
|-resisted|p2a: Naoya
|-damage|p2a: Naoya|94/100
|
|t:|1776257633
|switch|p1a: Barraskewda|Barraskewda, F|88/100|[from] U-turn
|
|-weather|RainDance|[upkeep]
|upkeep
|turn|16
|
|t:|1776257642
|move|p1a: Barraskewda|Liquidation|p2a: Naoya
|-resisted|p2a: Naoya
|-damage|p2a: Naoya|25/100
|move|p2a: Naoya|Hex|p1a: Barraskewda
|-damage|p1a: Barraskewda|0 fnt
|faint|p1a: Barraskewda
|
|-weather|RainDance|[upkeep]
|upkeep
|
|t:|1776257646
|switch|p1a: Poliwrath|Poliwrath, F|31/100
|turn|17
|
|t:|1776257653
|move|p1a: Poliwrath|Liquidation|p2a: Naoya
|-resisted|p2a: Naoya
|-damage|p2a: Naoya|0 fnt
|faint|p2a: Naoya
|
|-weather|RainDance|[upkeep]
|upkeep
|
|t:|1776257658
|switch|p2a: Kaiser|Kingambit, M|31/100
|-activate|p2a: Kaiser|ability: Supreme Overlord
|-start|p2a: Kaiser|fallen5|[silent]
|turn|18
|
|t:|1776257664
|switch|p1a: Iron Treads|Iron Treads|43/100
|-terastallize|p2a: Kaiser|Dark
|move|p2a: Kaiser|Kowtow Cleave|p1a: Iron Treads
|-damage|p1a: Iron Treads|0 fnt
|faint|p1a: Iron Treads
|-end|p1a: Iron Treads|Quark Drive|[silent]
|
|-weather|RainDance|[upkeep]
|upkeep
|
|t:|1776257669
|switch|p1a: Tornadus|Tornadus-Therian, M, tera:Steel|87/100
|turn|19
|
|t:|1776257684
|move|p2a: Kaiser|Sucker Punch|p1a: Tornadus
|-damage|p1a: Tornadus|0 fnt
|faint|p1a: Tornadus
|
|-weather|RainDance|[upkeep]
|upkeep
|
|t:|1776257688
|switch|p1a: Poliwrath|Poliwrath, F|31/100
|turn|20
|
|t:|1776257694
|move|p1a: Poliwrath|Encore|p2a: Kaiser
|-start|p2a: Kaiser|Encore
|move|p2a: Kaiser|Sucker Punch||[still]
|-fail|p2a: Kaiser
|
|-weather|RainDance|[upkeep]
|upkeep
|turn|21
|
|t:|1776257703
|move|p2a: Kaiser|Sucker Punch||[still]
|-fail|p2a: Kaiser
|move|p1a: Poliwrath|Encore||[still]
|-fail|p1a: Poliwrath
|
|-weather|none
|upkeep
|turn|22
|
|t:|1776257710
|move|p2a: Kaiser|Sucker Punch||[still]
|-fail|p2a: Kaiser
|move|p1a: Poliwrath|Encore||[still]
|-fail|p1a: Poliwrath
|
|-end|p2a: Kaiser|Encore
|upkeep
|turn|23
|
|t:|1776257716
|move|p1a: Poliwrath|Encore|p2a: Kaiser
|-start|p2a: Kaiser|Encore
|move|p2a: Kaiser|Sucker Punch||[still]
|-fail|p2a: Kaiser
|
|upkeep
|turn|24
|
|t:|1776257722
|switch|p1a: Pelipper|Pelipper, F|100/100
|-weather|RainDance|[from] ability: Drizzle|[of] p1a: Pelipper
|move|p2a: Kaiser|Sucker Punch||[still]
|-fail|p2a: Kaiser
|
|-weather|RainDance|[upkeep]
|-end|p2a: Kaiser|Encore
|upkeep
|turn|25
|
|t:|1776257731
|move|p2a: Kaiser|Kowtow Cleave|p1a: Pelipper
|-damage|p1a: Pelipper|14/100
|move|p1a: Pelipper|Hurricane|p2a: Kaiser
|-damage|p2a: Kaiser|0 fnt
|faint|p2a: Kaiser
|-end|p2a: Kaiser|fallen5|[silent]
|
|win|rank 1 greninja
|raw|rank 1 greninja's rating: 1439 &rarr; <strong>1461</strong><br />(+22 for winning)
|raw|kageno yuhada's rating: 1474 &rarr; <strong>1452</strong><br />(-22 for losing)
