|html|<div class="broadcast-blue"><strong>[Gen 9] OU is currently suspecting Tera Blast! For information on how to participate check out the <a href="https://www.smogon.com/tools/suspects/view/200">suspect thread</a>.</strong></div>
|j|☆Blastoise_Choice
|j|☆RogerBuster
|t:|1776127253
|gametype|singles
|player|p1|Blastoise_Choice|101|1565
|player|p2|RogerBuster|winona|1626
|gen|9
|tier|[Gen 9] OU
|rated|
|rule|HP Percentage Mod: HP is shown in percentages
|rule|Endless Battle Clause: Forcing endless battles is banned
|rule|Species Clause: Limit one of each Pokémon
|rule|OHKO Clause: OHKO moves are banned
|rule|Evasion Items Clause: Evasion items are banned
|rule|Evasion Moves Clause: Evasion moves are banned
|rule|Evasion Abilities Clause: Evasion abilities are banned
|rule|Sleep Moves Clause: Sleep-inducing moves are banned
|clearpoke
|poke|p1|Garganacl, F|
|poke|p1|Darkrai|
|poke|p1|Great Tusk|
|poke|p1|Hatterene, F|
|poke|p1|Tornadus-Therian, M|
|poke|p1|Dragonite, M|
|poke|p2|Abomasnow, M|
|poke|p2|Cloyster, F|
|poke|p2|Krookodile, M|
|poke|p2|Blastoise, M|
|poke|p2|Munkidori, M|
|poke|p2|Thundurus-Therian, M|
|teampreview
|inactive|Battle timer is ON: inactive players will automatically lose when time's up. (requested by RogerBuster)
|j| ohko_smeargle
|c|☆Blastoise_Choice|hf
|inactive|Blastoise_Choice also wants the timer to be on.
|c|☆RogerBuster|Same!
|
|t:|1776127274
|teamsize|p1|6
|teamsize|p2|6
|start
|switch|p1a: Darkrai|Darkrai|100/100
|switch|p2a: Munkidori|Munkidori, M|100/100
|turn|1
|
|t:|1776127281
|move|p2a: Munkidori|Parting Shot|p1a: Darkrai
|-unboost|p1a: Darkrai|atk|1
|-unboost|p1a: Darkrai|spa|1
|
|t:|1776127284
|switch|p2a: Krookodile|Krookodile, M|100/100|[from] Parting Shot
|-ability|p2a: Krookodile|Intimidate|boost
|-unboost|p1a: Darkrai|atk|1
|move|p1a: Darkrai|Dark Pulse|p2a: Krookodile
|-resisted|p2a: Krookodile
|-damage|p2a: Krookodile|77/100
|
|-heal|p2a: Krookodile|83/100|[from] item: Leftovers
|upkeep
|turn|2
|
|t:|1776127294
|move|p1a: Darkrai|Dark Pulse|p2a: Krookodile
|-resisted|p2a: Krookodile
|-damage|p2a: Krookodile|59/100
|cant|p2a: Krookodile|flinch
|
|-heal|p2a: Krookodile|65/100|[from] item: Leftovers
|upkeep
|turn|3
|
|t:|1776127302
|move|p1a: Darkrai|Dark Pulse|p2a: Krookodile
|-resisted|p2a: Krookodile
|-damage|p2a: Krookodile|42/100
|cant|p2a: Krookodile|flinch
|
|-heal|p2a: Krookodile|48/100|[from] item: Leftovers
|upkeep
|turn|4
|
|t:|1776127309
|switch|p1a: Great Tusk|Great Tusk|100/100
|-enditem|p1a: Great Tusk|Booster Energy
|-activate|p1a: Great Tusk|ability: Protosynthesis|[fromitem]
|-start|p1a: Great Tusk|protosynthesisatk
|move|p2a: Krookodile|Stealth Rock|p1a: Great Tusk
|-sidestart|p1: Blastoise_Choice|move: Stealth Rock
|
|-heal|p2a: Krookodile|54/100|[from] item: Leftovers
|upkeep
|turn|5
|
|t:|1776127320
|switch|p2a: Blastoise|Blastoise, M|100/100
|move|p1a: Great Tusk|Rapid Spin|p2a: Blastoise
|-damage|p2a: Blastoise|78/100
|-boost|p1a: Great Tusk|spe|1
|-sideend|p1: Blastoise_Choice|Stealth Rock|[from] move: Rapid Spin|[of] p1a: Great Tusk
|
|upkeep
|turn|6
|
|t:|1776127328
|move|p1a: Great Tusk|Ice Spinner|p2a: Blastoise
|-resisted|p2a: Blastoise
|-damage|p2a: Blastoise|59/100
|move|p2a: Blastoise|Surf|p1a: Great Tusk
|-supereffective|p1a: Great Tusk
|-damage|p1a: Great Tusk|0 fnt
|faint|p1a: Great Tusk
|-end|p1a: Great Tusk|Protosynthesis|[silent]
|
|upkeep
|
|t:|1776127336
|switch|p1a: Darkrai|Darkrai|100/100
|turn|7
|
|t:|1776127345
|move|p1a: Darkrai|Dark Pulse|p2a: Blastoise
|-damage|p2a: Blastoise|0 fnt
|faint|p2a: Blastoise
|
|upkeep
|
|t:|1776127353
|switch|p2a: Krookodile|Krookodile, M|54/100
|-ability|p2a: Krookodile|Intimidate|boost
|-unboost|p1a: Darkrai|atk|1
|turn|8
|
|t:|1776127360
|move|p1a: Darkrai|Dark Pulse|p2a: Krookodile
|-resisted|p2a: Krookodile
|-damage|p2a: Krookodile|15/100
|move|p2a: Krookodile|Earthquake|p1a: Darkrai
|-damage|p1a: Darkrai|42/100
|
|-heal|p2a: Krookodile|21/100|[from] item: Leftovers
|upkeep
|turn|9
|
|t:|1776127367
|move|p1a: Darkrai|Dark Pulse|p2a: Krookodile
|-resisted|p2a: Krookodile
|-damage|p2a: Krookodile|0 fnt
|faint|p2a: Krookodile
|
|upkeep
|
|t:|1776127372
|switch|p2a: Munkidori|Munkidori, M|100/100
|turn|10
|
|t:|1776127378
|move|p2a: Munkidori|Sludge Wave|p1a: Darkrai
|-damage|p1a: Darkrai|0 fnt
|faint|p1a: Darkrai
|
|upkeep
|
|t:|1776127386
|switch|p1a: Dragonite|Dragonite, M|100/100
|turn|11
|
|t:|1776127393
|move|p2a: Munkidori|Sludge Wave|p1a: Dragonite
|-damage|p1a: Dragonite|76/100
|move|p1a: Dragonite|Dragon Dance|p1a: Dragonite
|-boost|p1a: Dragonite|atk|1
|-boost|p1a: Dragonite|spe|1
|
|upkeep
|turn|12
|
|t:|1776127400
|switch|p2a: Abomasnow|Abomasnow, M|100/100
|-weather|Snowscape|[from] ability: Snow Warning|[of] p2a: Abomasnow
|-terastallize|p1a: Dragonite|Normal
|move|p1a: Dragonite|Extreme Speed|p2a: Abomasnow
|-damage|p2a: Abomasnow|37/100
|
|-weather|Snowscape|[upkeep]
|upkeep
|turn|13
|
|t:|1776127409
|move|p1a: Dragonite|Roost|p1a: Dragonite
|-heal|p1a: Dragonite|100/100
|move|p2a: Abomasnow|Aurora Veil|p2a: Abomasnow
|-sidestart|p2: RogerBuster|move: Aurora Veil
|
|-weather|Snowscape|[upkeep]
|upkeep
|turn|14
|
|t:|1776127416
|move|p1a: Dragonite|Dragon Dance|p1a: Dragonite
|-boost|p1a: Dragonite|atk|1
|-boost|p1a: Dragonite|spe|1
|move|p2a: Abomasnow|Blizzard|p1a: Dragonite
|-damage|p1a: Dragonite|78/100
|
|-weather|Snowscape|[upkeep]
|upkeep
|turn|15
|
|t:|1776127423
|move|p1a: Dragonite|Roost|p1a: Dragonite
|-heal|p1a: Dragonite|100/100
|move|p2a: Abomasnow|Blizzard|p1a: Dragonite
|-damage|p1a: Dragonite|79/100
|-status|p1a: Dragonite|frz
|
|-weather|Snowscape|[upkeep]
|upkeep
|turn|16
|
|t:|1776127430
|switch|p2a: Cloyster|Cloyster, F|100/100
|cant|p1a: Dragonite|frz
|
|-weather|none
|upkeep
|turn|17
|
|t:|1776127437
|cant|p1a: Dragonite|frz
|move|p2a: Cloyster|Shell Smash|p2a: Cloyster
|-unboost|p2a: Cloyster|def|1
|-unboost|p2a: Cloyster|spd|1
|-boost|p2a: Cloyster|atk|2
|-boost|p2a: Cloyster|spa|2
|-boost|p2a: Cloyster|spe|2
|-enditem|p2a: Cloyster|White Herb
|-clearnegativeboost|p2a: Cloyster|[silent]
|
|upkeep
|turn|18
|
|t:|1776127445
|-terastallize|p2a: Cloyster|Ice
|cant|p1a: Dragonite|frz
|move|p2a: Cloyster|Icicle Spear|p1a: Dragonite
|-damage|p1a: Dragonite|51/100 frz
|-damage|p1a: Dragonite|19/100 frz
|-damage|p1a: Dragonite|0 fnt
|faint|p1a: Dragonite
|-hitcount|p1: Dragonite|3
|
|upkeep
|
|t:|1776127453
|switch|p1a: Hatterene|Hatterene, F|100/100
|turn|19
|
|t:|1776127459
|move|p2a: Cloyster|Icicle Spear|p1a: Hatterene
|-damage|p1a: Hatterene|76/100
|-damage|p1a: Hatterene|52/100
|-damage|p1a: Hatterene|29/100
|-damage|p1a: Hatterene|1/100
|-damage|p1a: Hatterene|0 fnt
|faint|p1a: Hatterene
|-hitcount|p1: Hatterene|5
|
|upkeep
|
|t:|1776127466
|switch|p1a: Garganacl|Garganacl, F|100/100
|turn|20
|
|t:|1776127472
|move|p1a: Garganacl|Protect|p1a: Garganacl
|-singleturn|p1a: Garganacl|Protect
|move|p2a: Cloyster|Icicle Spear|p1a: Garganacl
|-activate|p1a: Garganacl|move: Protect
|
|-sideend|p2: RogerBuster|move: Aurora Veil
|upkeep
|turn|21
|
|t:|1776127478
|move|p2a: Cloyster|Icicle Spear|p1a: Garganacl
|-damage|p1a: Garganacl|81/100
|-crit|p1a: Garganacl
|-damage|p1a: Garganacl|47/100
|-damage|p1a: Garganacl|28/100
|-damage|p1a: Garganacl|8/100
|-crit|p1a: Garganacl
|-damage|p1a: Garganacl|0 fnt
|faint|p1a: Garganacl
|-hitcount|p1: Garganacl|5
|
|upkeep
|
|t:|1776127485
|switch|p1a: Tornadus|Tornadus-Therian, M, shiny|100/100
|turn|22
|
|t:|1776127491
|move|p2a: Cloyster|Icicle Spear|p1a: Tornadus
|-supereffective|p1a: Tornadus
|-damage|p1a: Tornadus|33/100
|-supereffective|p1a: Tornadus
|-damage|p1a: Tornadus|0 fnt
|faint|p1a: Tornadus
|-hitcount|p1: Tornadus|2
|
|win|RogerBuster
|raw|Blastoise_Choice's rating: 1565 &rarr; <strong>1548</strong><br />(-17 for losing)
|raw|RogerBuster's rating: 1626 &rarr; <strong>1643</strong><br />(+17 for winning)
|c|☆Blastoise_Choice|gg
