|html|<div class="broadcast-blue"><strong>[Gen 9] OU is currently suspecting Tera Blast! For information on how to participate check out the <a href="https://www.smogon.com/tools/suspects/view/200">suspect thread</a>.</strong></div>
|j|☆thebambi1234
|j|☆hammerfallgcc
|t:|1776315032
|gametype|singles
|player|p1|thebambi1234|blackbelt-gen4dp|1443
|player|p2|hammerfallgcc|blaine|1374
|gen|9
|tier|[Gen 9] OU
|rated|
|rule|HP Percentage Mod: HP is shown in percentages
|rule|Endless Battle Clause: Forcing endless battles is banned
|rule|Species Clause: Limit one of each Pokémon
|rule|OHKO Clause: OHKO moves are banned
|rule|Evasion Items Clause: Evasion items are banned
|rule|Evasion Moves Clause: Evasion moves are banned
|rule|Evasion Abilities Clause: Evasion abilities are banned
|rule|Sleep Moves Clause: Sleep-inducing moves are banned
|clearpoke
|poke|p1|Gliscor, M|
|poke|p1|Dondozo, M|
|poke|p1|Corviknight, M|
|poke|p1|Blissey, F|
|poke|p1|Weezing-Galar, M|
|poke|p1|Garganacl, M|
|poke|p2|Great Tusk|
|poke|p2|Pecharunt|
|poke|p2|Alomomola, M|
|poke|p2|Hydreigon, M|
|poke|p2|Ogerpon, F|
|poke|p2|Tinkaton, F|
|teampreview
|inactive|Battle timer is ON: inactive players will automatically lose when time's up. (requested by thebambi1234)
|c|☆hammerfallgcc|glhf
|
|t:|1776315054
|teamsize|p1|6
|teamsize|p2|6
|start
|switch|p1a: Weezing|Weezing-Galar, M|100/100
|switch|p2a: Tinkaton|Tinkaton, F|100/100
|-ability|p1a: Weezing|Neutralizing Gas
|-item|p2a: Tinkaton|Air Balloon
|turn|1
|
|t:|1776315068
|-terastallize|p1a: Weezing|Fire
|move|p2a: Tinkaton|Gigaton Hammer|p1a: Weezing
|-resisted|p1a: Weezing
|-damage|p1a: Weezing|77/100
|move|p1a: Weezing|Will-O-Wisp|p2a: Tinkaton
|-status|p2a: Tinkaton|brn
|
|-damage|p2a: Tinkaton|94/100 brn|[from] brn
|upkeep
|turn|2
|
|t:|1776315078
|move|p2a: Tinkaton|Stealth Rock|p1a: Weezing
|-sidestart|p1: thebambi1234|move: Stealth Rock
|move|p1a: Weezing|Overheat|p2a: Tinkaton
|-supereffective|p2a: Tinkaton
|-damage|p2a: Tinkaton|0 fnt
|-unboost|p1a: Weezing|spa|2
|-enditem|p2a: Tinkaton|Air Balloon
|faint|p2a: Tinkaton
|
|upkeep
|
|t:|1776315106
|switch|p2a: Hydreigon|Hydreigon, M, shiny|100/100
|turn|3
|
|t:|1776315124
|switch|p2a: Ogerpon|Ogerpon, F|100/100
|-end|p1a: Weezing|ability: Neutralizing Gas
|switch|p1a: Blissey|Blissey, F|100/100
|-damage|p1a: Blissey|88/100|[from] Stealth Rock
|
|-heal|p1a: Blissey|94/100|[from] item: Leftovers
|upkeep
|turn|4
|
|t:|1776315135
|switch|p1a: Corviknight|Corviknight, M|100/100
|-damage|p1a: Corviknight|88/100|[from] Stealth Rock
|-ability|p1a: Corviknight|Pressure
|move|p2a: Ogerpon|Knock Off|p1a: Corviknight
|-damage|p1a: Corviknight|62/100
|-enditem|p1a: Corviknight|Leftovers|[from] move: Knock Off|[of] p2a: Ogerpon
|
|upkeep
|turn|5
|inactive|hammerfallgcc has 120 seconds left.
|
|t:|1776315153
|switch|p2a: Alomomola|Alomomola, M, shiny|100/100
|move|p1a: Corviknight|Defog|p2a: Alomomola
|-unboost|p2a: Alomomola|evasion|1
|-sideend|p1: thebambi1234|Stealth Rock|[from] move: Defog|[of] p1a: Corviknight
|
|upkeep
|turn|6
|
|t:|1776315158
|move|p1a: Corviknight|Roost|p1a: Corviknight
|-heal|p1a: Corviknight|100/100
|-singleturn|p1a: Corviknight|move: Roost
|move|p2a: Alomomola|Flip Turn|p1a: Corviknight
|-damage|p1a: Corviknight|91/100
|
|t:|1776315171
|switch|p2a: Hydreigon|Hydreigon, M, shiny|100/100|[from] Flip Turn
|
|upkeep
|turn|7
|
|t:|1776315176
|switch|p2a: Ogerpon|Ogerpon, F|100/100
|switch|p1a: Blissey|Blissey, F|94/100
|
|-heal|p1a: Blissey|99/100|[from] item: Leftovers
|upkeep
|turn|8
|
|t:|1776315183
|switch|p1a: Corviknight|Corviknight, M|91/100
|-ability|p1a: Corviknight|Pressure
|move|p2a: Ogerpon|U-turn|p1a: Corviknight
|-resisted|p1a: Corviknight
|-damage|p1a: Corviknight|86/100
|
|t:|1776315190
|switch|p2a: Hydreigon|Hydreigon, M, shiny|100/100|[from] U-turn
|
|upkeep
|turn|9
|
|t:|1776315194
|switch|p2a: Ogerpon|Ogerpon, F|100/100
|switch|p1a: Blissey|Blissey, F|99/100
|
|-heal|p1a: Blissey|100/100|[from] item: Leftovers
|upkeep
|turn|10
|c|☆thebambi1234|wtf
|inactive|hammerfallgcc has 120 seconds left.
|
|t:|1776315226
|switch|p1a: Corviknight|Corviknight, M|86/100
|-ability|p1a: Corviknight|Pressure
|move|p2a: Ogerpon|U-turn|p1a: Corviknight
|-resisted|p1a: Corviknight
|-damage|p1a: Corviknight|82/100
|
|t:|1776315230
|switch|p2a: Hydreigon|Hydreigon, M, shiny|100/100|[from] U-turn
|
|upkeep
|turn|11
|
|t:|1776315233
|move|p2a: Hydreigon|Dark Pulse|p1a: Corviknight
|-crit|p1a: Corviknight
|-damage|p1a: Corviknight|0 fnt
|faint|p1a: Corviknight
|
|upkeep
|c|☆thebambi1234|thats so unfortunate
|inactive|thebambi1234 has 120 seconds left.
|
|t:|1776315267
|switch|p1a: Gliscor|Gliscor, M, shiny|100/100
|turn|12
|
|t:|1776315281
|switch|p2a: Great Tusk|Great Tusk|100/100
|move|p1a: Gliscor|Knock Off|p2a: Great Tusk
|-resisted|p2a: Great Tusk
|-damage|p2a: Great Tusk|92/100
|-enditem|p2a: Great Tusk|Heavy-Duty Boots|[from] move: Knock Off|[of] p1a: Gliscor
|
|-status|p1a: Gliscor|tox|[from] item: Toxic Orb
|upkeep
|turn|13
|
|t:|1776315296
|move|p2a: Great Tusk|Ice Spinner|p1a: Gliscor
|-supereffective|p1a: Gliscor
|-damage|p1a: Gliscor|26/100 tox
|move|p1a: Gliscor|Toxic|p2a: Great Tusk
|-status|p2a: Great Tusk|tox
|
|-damage|p2a: Great Tusk|86/100 tox|[from] psn
|-heal|p1a: Gliscor|38/100 tox|[from] ability: Poison Heal
|upkeep
|turn|14
|
|t:|1776315305
|-end|p2a: Great Tusk|Protosynthesis|[silent]
|switch|p2a: Ogerpon|Ogerpon, F|100/100
|move|p1a: Gliscor|Protect||[still]
|-fail|p1a: Gliscor
|
|-heal|p1a: Gliscor|51/100 tox|[from] ability: Poison Heal
|upkeep
|turn|15
|
|t:|1776315312
|move|p1a: Gliscor|Protect|p1a: Gliscor
|-singleturn|p1a: Gliscor|Protect
|move|p2a: Ogerpon|Ivy Cudgel|p1a: Gliscor
|-activate|p1a: Gliscor|move: Protect
|
|-heal|p1a: Gliscor|63/100 tox|[from] ability: Poison Heal
|upkeep
|turn|16
|
|t:|1776315322
|-terastallize|p2a: Ogerpon|Grass
|detailschange|p2a: Ogerpon|Ogerpon-Teal-Tera, F, tera:Grass
|-ability|p2a: Ogerpon|Embody Aspect (Teal)|boost
|-boost|p2a: Ogerpon|spe|1
|move|p2a: Ogerpon|Ivy Cudgel|p1a: Gliscor
|-damage|p1a: Gliscor|0 fnt
|faint|p1a: Gliscor
|
|upkeep
|
|t:|1776315327
|switch|p1a: Weezing|Weezing-Galar, M, tera:Fire|77/100
|-ability|p1a: Weezing|Neutralizing Gas
|turn|17
|
|t:|1776315333
|switch|p2a: Alomomola|Alomomola, M, shiny|100/100
|move|p1a: Weezing|Will-O-Wisp|p2a: Alomomola
|-status|p2a: Alomomola|brn
|
|-damage|p2a: Alomomola|94/100 brn|[from] brn
|upkeep
|turn|18
|
|t:|1776315340
|move|p1a: Weezing|Pain Split|p2a: Alomomola
|-sethp|p2a: Alomomola|71/100 brn|[from] move: Pain Split|[silent]
|-sethp|p1a: Weezing|100/100|[from] move: Pain Split
|move|p2a: Alomomola|Flip Turn|p1a: Weezing
|-supereffective|p1a: Weezing
|-crit|p1a: Weezing
|-damage|p1a: Weezing|78/100
|
|t:|1776315346
|switch|p2a: Great Tusk|Great Tusk|86/100 tox|[from] Flip Turn
|
|-damage|p2a: Great Tusk|80/100 tox|[from] psn
|upkeep
|turn|19
|
|t:|1776315350
|-end|p2a: Great Tusk|Protosynthesis|[silent]
|switch|p2a: Ogerpon|Ogerpon-Teal-Tera, F, tera:Grass|100/100
|-end|p1a: Weezing|ability: Neutralizing Gas
|-ability|p2a: Ogerpon|Embody Aspect (Teal)|boost
|-boost|p2a: Ogerpon|spe|1
|switch|p1a: Dondozo|Dondozo, M|100/100
|
|upkeep
|turn|20
|
|t:|1776315359
|switch|p1a: Weezing|Weezing-Galar, M, tera:Fire|78/100
|-ability|p1a: Weezing|Neutralizing Gas
|move|p2a: Ogerpon|Ivy Cudgel|p1a: Weezing
|-resisted|p1a: Weezing
|-damage|p1a: Weezing|31/100
|
|upkeep
|turn|21
|-message|thebambi1234 forfeited.
|
|win|hammerfallgcc
|raw|thebambi1234's rating: 1443 &rarr; <strong>1419</strong><br />(-24 for losing)
|raw|hammerfallgcc's rating: 1374 &rarr; <strong>1398</strong><br />(+24 for winning)
|l|☆thebambi1234
|player|p1|
