|html|<div class="broadcast-blue"><strong>[Gen 9] OU is currently suspecting Tera Blast! For information on how to participate check out the <a href="https://www.smogon.com/tools/suspects/view/200">suspect thread</a>.</strong></div>
|j|☆oddummm
|j|☆mothfox
|t:|1776189176
|gametype|singles
|player|p1|oddummm|shelly|1329
|player|p2|mothfox|colress|1293
|gen|9
|tier|[Gen 9] OU
|rated|
|rule|HP Percentage Mod: HP is shown in percentages
|rule|Endless Battle Clause: Forcing endless battles is banned
|rule|Species Clause: Limit one of each Pokémon
|rule|OHKO Clause: OHKO moves are banned
|rule|Evasion Items Clause: Evasion items are banned
|rule|Evasion Moves Clause: Evasion moves are banned
|rule|Evasion Abilities Clause: Evasion abilities are banned
|rule|Sleep Moves Clause: Sleep-inducing moves are banned
|clearpoke
|poke|p1|Dragapult, F|
|poke|p1|Cinderace, F|
|poke|p1|Hatterene, F|
|poke|p1|Kingambit, F|
|poke|p1|Alomomola, F|
|poke|p1|Tornadus-Therian, M|
|poke|p2|Corviknight, F|
|poke|p2|Gliscor, M|
|poke|p2|Blissey, F|
|poke|p2|Dondozo, M|
|poke|p2|Toxapex, M|
|poke|p2|Weezing-Galar, F|
|teampreview
|inactive|Battle timer is ON: inactive players will automatically lose when time's up. (requested by mothfox)
|inactive|oddummm also wants the timer to be on.
|c|☆mothfox|glhf
|
|t:|1776189192
|teamsize|p1|6
|teamsize|p2|6
|start
|switch|p1a: Dragapult|Dragapult, F|100/100
|switch|p2a: Gliscor|Gliscor, M|100/100
|turn|1
|
|t:|1776189196
|move|p2a: Gliscor|Protect|p2a: Gliscor
|-singleturn|p2a: Gliscor|Protect
|move|p1a: Dragapult|Shadow Ball|p2a: Gliscor
|-activate|p2a: Gliscor|move: Protect
|
|-status|p2a: Gliscor|tox|[from] item: Toxic Orb
|upkeep
|turn|2
|
|t:|1776189210
|move|p1a: Dragapult|Shadow Ball|p2a: Gliscor
|-damage|p2a: Gliscor|54/100 tox
|move|p2a: Gliscor|Knock Off|p1a: Dragapult
|-supereffective|p1a: Dragapult
|-damage|p1a: Dragapult|42/100
|-enditem|p1a: Dragapult|Choice Specs|[from] move: Knock Off|[of] p2a: Gliscor
|
|-heal|p2a: Gliscor|67/100 tox|[from] ability: Poison Heal
|upkeep
|turn|3
|
|t:|1776189220
|move|p1a: Dragapult|Shadow Ball|p2a: Gliscor
|-damage|p2a: Gliscor|39/100 tox
|move|p2a: Gliscor|Spikes|p1a: Dragapult
|-sidestart|p1: oddummm|Spikes
|
|-heal|p2a: Gliscor|52/100 tox|[from] ability: Poison Heal
|upkeep
|turn|4
|
|t:|1776189227
|move|p1a: Dragapult|Shadow Ball|p2a: Gliscor
|-damage|p2a: Gliscor|23/100 tox
|move|p2a: Gliscor|Spikes|p1a: Dragapult
|-sidestart|p1: oddummm|Spikes
|
|-heal|p2a: Gliscor|35/100 tox|[from] ability: Poison Heal
|upkeep
|turn|5
|
|t:|1776189235
|move|p2a: Gliscor|Protect|p2a: Gliscor
|-singleturn|p2a: Gliscor|Protect
|move|p1a: Dragapult|Draco Meteor|p2a: Gliscor
|-activate|p2a: Gliscor|move: Protect
|
|-heal|p2a: Gliscor|48/100 tox|[from] ability: Poison Heal
|upkeep
|turn|6
|
|t:|1776189243
|switch|p2a: Blob|Blissey, F|100/100
|move|p1a: Dragapult|Shadow Ball|p2a: Blob
|-immune|p2a: Blob
|
|upkeep
|turn|7
|
|t:|1776189253
|move|p1a: Dragapult|U-turn|p2a: Blob
|-damage|p2a: Blob|85/100
|
|t:|1776189258
|switch|p1a: Hatterene|Hatterene, F|100/100|[from] U-turn
|-damage|p1a: Hatterene|84/100|[from] Spikes
|move|p2a: Blob|Stealth Rock|p1a: Hatterene
|move|p1a: Hatterene|Stealth Rock|p2a: Blob|[from] ability: Magic Bounce
|-sidestart|p2: mothfox|move: Stealth Rock
|
|upkeep
|turn|8
|
|t:|1776189268
|move|p2a: Blob|Shadow Ball|p1a: Hatterene
|-supereffective|p1a: Hatterene
|-damage|p1a: Hatterene|52/100
|move|p1a: Hatterene|Pain Split|p2a: Blob
|-sethp|p2a: Blob|55/100|[from] move: Pain Split|[silent]
|-sethp|p1a: Hatterene|100/100|[from] move: Pain Split
|
|upkeep
|turn|9
|
|t:|1776189275
|move|p2a: Blob|Soft-Boiled|p2a: Blob
|-heal|p2a: Blob|100/100
|move|p1a: Hatterene|Psychic Noise|p2a: Blob
|-damage|p2a: Blob|90/100
|-start|p2a: Blob|move: Heal Block
|
|upkeep
|turn|10
|
|t:|1776189294
|switch|p2a: Smokestack|Weezing-Galar, F|100/100
|-ability|p2a: Smokestack|Neutralizing Gas
|move|p1a: Hatterene|Psychic Noise|p2a: Smokestack
|-supereffective|p2a: Smokestack
|-damage|p2a: Smokestack|8/100
|-start|p2a: Smokestack|move: Heal Block
|
|upkeep
|turn|11
|c|☆mothfox|that was stupid
|inactive|mothfox has 120 seconds left.
|
|t:|1776189324
|-end|p2a: Smokestack|ability: Neutralizing Gas
|switch|p2a: Blob|Blissey, F|90/100
|move|p1a: Hatterene|Psychic Noise|p2a: Blob
|-damage|p2a: Blob|79/100
|-start|p2a: Blob|move: Heal Block
|
|upkeep
|turn|12
|
|t:|1776189332
|move|p2a: Blob|Calm Mind|p2a: Blob
|-boost|p2a: Blob|spa|1
|-boost|p2a: Blob|spd|1
|move|p1a: Hatterene|Pain Split|p2a: Blob
|-sethp|p2a: Blob|64/100|[from] move: Pain Split|[silent]
|-sethp|p1a: Hatterene|100/100|[from] move: Pain Split
|
|-end|p2a: Blob|move: Heal Block
|upkeep
|turn|13
|
|t:|1776189344
|switch|p1a: Kingambit|Kingambit, F|100/100
|-damage|p1a: Kingambit|84/100|[from] Spikes
|move|p2a: Blob|Calm Mind|p2a: Blob
|-boost|p2a: Blob|spa|1
|-boost|p2a: Blob|spd|1
|
|-heal|p1a: Kingambit|90/100|[from] item: Leftovers
|upkeep
|turn|14
|
|t:|1776189360
|switch|p2a: Dondozo|Dondozo, M|100/100
|move|p1a: Kingambit|Kowtow Cleave|p2a: Dondozo
|-damage|p2a: Dondozo|80/100
|
|-heal|p1a: Kingambit|96/100|[from] item: Leftovers
|upkeep
|turn|15
|
|t:|1776189372
|-end|p1a: Kingambit|fallenundefined|[silent]
|switch|p1a: Dragapult|Dragapult, F|42/100
|-damage|p1a: Dragapult|25/100|[from] Spikes
|move|p2a: Dondozo|Avalanche|p1a: Dragapult
|-supereffective|p1a: Dragapult
|-damage|p1a: Dragapult|0 fnt
|faint|p1a: Dragapult
|
|upkeep
|
|t:|1776189380
|switch|p1a: Tornadus|Tornadus-Therian, M|100/100
|turn|16
|
|t:|1776189395
|move|p1a: Tornadus|Grass Knot|p2a: Dondozo
|-supereffective|p2a: Dondozo
|-damage|p2a: Dondozo|0 fnt
|faint|p2a: Dondozo
|-damage|p1a: Tornadus|91/100|[from] item: Life Orb
|
|upkeep
|
|t:|1776189402
|switch|p2a: Corviknight|Corviknight, F|100/100
|-damage|p2a: Corviknight|88/100|[from] Stealth Rock
|-ability|p2a: Corviknight|Pressure
|turn|17
|
|t:|1776189412
|move|p1a: Tornadus|Heat Wave|p2a: Corviknight
|-supereffective|p2a: Corviknight
|-damage|p2a: Corviknight|39/100
|-damage|p1a: Tornadus|81/100|[from] item: Life Orb
|move|p2a: Corviknight|Defog|p1a: Tornadus
|-unboost|p1a: Tornadus|evasion|1
|-sideend|p1: oddummm|Spikes|[from] move: Defog|[of] p2a: Corviknight
|-sideend|p2: mothfox|Stealth Rock|[from] move: Defog|[of] p2a: Corviknight
|
|upkeep
|turn|18
|
|t:|1776189421
|switch|p2a: Blob|Blissey, F|64/100
|move|p1a: Tornadus|Nasty Plot|p1a: Tornadus
|-boost|p1a: Tornadus|spa|2
|
|upkeep
|turn|19
|
|t:|1776189428
|move|p1a: Tornadus|Bleakwind Storm|p2a: Blob
|-damage|p2a: Blob|26/100
|-unboost|p2a: Blob|spe|1
|-damage|p1a: Tornadus|71/100|[from] item: Life Orb
|move|p2a: Blob|Calm Mind|p2a: Blob
|-boost|p2a: Blob|spa|1
|-boost|p2a: Blob|spd|1
|
|upkeep
|turn|20
|
|t:|1776189443
|switch|p1a: Hatterene|Hatterene, F|100/100
|move|p2a: Blob|Soft-Boiled|p2a: Blob
|-heal|p2a: Blob|76/100
|
|upkeep
|turn|21
|
|t:|1776189461
|switch|p2a: Smokestack|Weezing-Galar, F|8/100
|-ability|p2a: Smokestack|Neutralizing Gas
|move|p1a: Hatterene|Psychic Noise|p2a: Smokestack
|-supereffective|p2a: Smokestack
|-damage|p2a: Smokestack|0 fnt
|faint|p2a: Smokestack
|-end|p2a: Smokestack|ability: Neutralizing Gas
|
|upkeep
|
|t:|1776189472
|switch|p2a: Gliscor|Gliscor, M|48/100 tox
|turn|22
|
|t:|1776189478
|move|p2a: Gliscor|Protect|p2a: Gliscor
|-singleturn|p2a: Gliscor|Protect
|move|p1a: Hatterene|Psychic Noise|p2a: Gliscor
|-activate|p2a: Gliscor|move: Protect
|
|-heal|p2a: Gliscor|60/100 tox|[from] ability: Poison Heal
|upkeep
|turn|23
|
|t:|1776189486
|move|p2a: Gliscor|Knock Off|p1a: Hatterene
|-damage|p1a: Hatterene|82/100
|-damage|p2a: Gliscor|44/100 tox|[from] item: Rocky Helmet|[of] p1a: Hatterene
|-enditem|p1a: Hatterene|Rocky Helmet|[from] move: Knock Off|[of] p2a: Gliscor
|move|p1a: Hatterene|Psychic Noise|p2a: Gliscor
|-damage|p2a: Gliscor|14/100 tox
|-start|p2a: Gliscor|move: Heal Block
|
|upkeep
|turn|24
|
|t:|1776189499
|switch|p2a: Blob|Blissey, F|76/100
|move|p1a: Hatterene|Draining Kiss|p2a: Blob
|-damage|p2a: Blob|69/100
|-heal|p1a: Hatterene|94/100|[from] drain|[of] p2a: Blob
|
|upkeep
|turn|25
|
|t:|1776189511
|switch|p1a: Kingambit|Kingambit, F|96/100
|-activate|p1a: Kingambit|ability: Supreme Overlord
|-start|p1a: Kingambit|fallen1|[silent]
|-terastallize|p2a: Blob|Dark
|move|p2a: Blob|Calm Mind|p2a: Blob
|-boost|p2a: Blob|spa|1
|-boost|p2a: Blob|spd|1
|
|-heal|p1a: Kingambit|100/100|[from] item: Leftovers
|upkeep
|turn|26
|
|t:|1776189522
|switch|p2a: Corviknight|Corviknight, F|39/100
|-ability|p2a: Corviknight|Pressure
|move|p1a: Kingambit|Swords Dance|p1a: Kingambit
|-boost|p1a: Kingambit|atk|2
|
|upkeep
|turn|27
|
|t:|1776189534
|move|p1a: Kingambit|Kowtow Cleave|p2a: Corviknight
|-damage|p2a: Corviknight|0 fnt
|-damage|p1a: Kingambit|84/100|[from] item: Rocky Helmet|[of] p2a: Corviknight
|faint|p2a: Corviknight
|
|-heal|p1a: Kingambit|90/100|[from] item: Leftovers
|upkeep
|c|☆mothfox|gg
|c|☆oddummm|gg
|-message|mothfox forfeited.
|
|win|oddummm
|raw|oddummm's rating: 1329 &rarr; <strong>1347</strong><br />(+18 for winning)
|raw|mothfox's rating: 1293 &rarr; <strong>1271</strong><br />(-22 for losing)
