|html|<div class="broadcast-blue"><strong>[Gen 9] OU is currently suspecting Tera Blast! For information on how to participate check out the <a href="https://www.smogon.com/tools/suspects/view/200">suspect thread</a>.</strong></div>
|j|☆absolsfists
|j|☆Aeroneoooo
|t:|1776105419
|gametype|singles
|player|p1|absolsfists|266|1074
|player|p2|Aeroneoooo|266|1092
|gen|9
|tier|[Gen 9] OU
|rated|
|rule|HP Percentage Mod: HP is shown in percentages
|rule|Endless Battle Clause: Forcing endless battles is banned
|rule|Species Clause: Limit one of each Pokémon
|rule|OHKO Clause: OHKO moves are banned
|rule|Evasion Items Clause: Evasion items are banned
|rule|Evasion Moves Clause: Evasion moves are banned
|rule|Evasion Abilities Clause: Evasion abilities are banned
|rule|Sleep Moves Clause: Sleep-inducing moves are banned
|clearpoke
|poke|p1|Slither Wing|
|poke|p1|Zamazenta-*|
|poke|p1|Ting-Lu|
|poke|p1|Alomomola, F|
|poke|p1|Iron Valiant|
|poke|p1|Corviknight, F|
|poke|p2|Vivillon-Fancy, M|
|poke|p2|Corviknight, F|
|poke|p2|Cinderace, M|
|poke|p2|Dragapult, F|
|poke|p2|Samurott-Hisui, F|
|poke|p2|Great Tusk|
|teampreview
|
|t:|1776105444
|teamsize|p1|6
|teamsize|p2|6
|start
|switch|p1a: Slither Wing|Slither Wing|100/100
|switch|p2a: Vivillon|Vivillon-Fancy, M|100/100
|-enditem|p1a: Slither Wing|Booster Energy
|-activate|p1a: Slither Wing|ability: Protosynthesis|[fromitem]
|-start|p1a: Slither Wing|protosynthesisatk
|turn|1
|
|t:|1776105451
|move|p1a: Slither Wing|Wild Charge|p2a: Vivillon
|-supereffective|p2a: Vivillon
|-damage|p2a: Vivillon|0 fnt
|faint|p2a: Vivillon
|-damage|p1a: Slither Wing|76/100|[from] Recoil
|
|upkeep
|
|t:|1776105457
|switch|p2a: Great Tusk|Great Tusk|100/100
|turn|2
|
|t:|1776105489
|move|p1a: Slither Wing|U-turn|p2a: Great Tusk
|-resisted|p2a: Great Tusk
|-crit|p2a: Great Tusk
|-damage|p2a: Great Tusk|78/100
|
|t:|1776105499
|-end|p1a: Slither Wing|Protosynthesis|[silent]
|switch|p1a: Alomomola|Alomomola, F|100/100|[from] U-turn
|move|p2a: Great Tusk|Stealth Rock|p1a: Alomomola
|-sidestart|p1: absolsfists|move: Stealth Rock
|
|-heal|p2a: Great Tusk|84/100|[from] item: Leftovers
|upkeep
|turn|3
|
|t:|1776105515
|-end|p2a: Great Tusk|Protosynthesis|[silent]
|switch|p2a: Samurott|Samurott-Hisui, F|100/100
|move|p1a: Alomomola|Scald|p2a: Samurott
|-resisted|p2a: Samurott
|-damage|p2a: Samurott|96/100
|
|upkeep
|turn|4
|
|t:|1776105526
|switch|p1a: Zamazenta|Zamazenta|100/100
|-damage|p1a: Zamazenta|94/100|[from] Stealth Rock
|-ability|p1a: Zamazenta|Dauntless Shield|boost
|-boost|p1a: Zamazenta|def|1
|move|p2a: Samurott|Ceaseless Edge|p1a: Zamazenta
|-resisted|p1a: Zamazenta
|-damage|p1a: Zamazenta|81/100
|-sidestart|p1: absolsfists|Spikes
|
|-heal|p1a: Zamazenta|87/100|[from] item: Leftovers
|upkeep
|turn|5
|
|t:|1776105533
|move|p1a: Zamazenta|Crunch|p2a: Samurott
|-resisted|p2a: Samurott
|-damage|p2a: Samurott|81/100
|move|p2a: Samurott|Aqua Cutter|p1a: Zamazenta
|-damage|p1a: Zamazenta|60/100
|
|-heal|p1a: Zamazenta|66/100|[from] item: Leftovers
|upkeep
|turn|6
|
|t:|1776105540
|switch|p2a: Corviknight|Corviknight, F|100/100
|move|p1a: Zamazenta|Close Combat|p2a: Corviknight
|-damage|p2a: Corviknight|52/100
|-unboost|p1a: Zamazenta|def|1
|-unboost|p1a: Zamazenta|spd|1
|
|-heal|p1a: Zamazenta|73/100|[from] item: Leftovers
|-heal|p2a: Corviknight|58/100|[from] item: Leftovers
|upkeep
|turn|7
|
|t:|1776105547
|move|p1a: Zamazenta|Stone Edge|p2a: Corviknight|[miss]
|-miss|p1a: Zamazenta|p2a: Corviknight
|move|p2a: Corviknight|Iron Defense|p2a: Corviknight
|-boost|p2a: Corviknight|def|2
|
|-heal|p1a: Zamazenta|79/100|[from] item: Leftovers
|-heal|p2a: Corviknight|65/100|[from] item: Leftovers
|upkeep
|turn|8
|
|t:|1776105558
|move|p1a: Zamazenta|Stone Edge|p2a: Corviknight
|-crit|p2a: Corviknight
|-damage|p2a: Corviknight|25/100
|move|p2a: Corviknight|Body Press|p1a: Zamazenta
|-damage|p1a: Zamazenta|40/100
|
|-heal|p1a: Zamazenta|46/100|[from] item: Leftovers
|-heal|p2a: Corviknight|31/100|[from] item: Leftovers
|upkeep
|turn|9
|
|t:|1776105573
|move|p1a: Zamazenta|Ice Fang|p2a: Corviknight
|-damage|p2a: Corviknight|23/100
|move|p2a: Corviknight|Brave Bird|p1a: Zamazenta
|-supereffective|p1a: Zamazenta
|-damage|p1a: Zamazenta|0 fnt
|faint|p1a: Zamazenta
|-damage|p2a: Corviknight|8/100|[from] Recoil
|
|-heal|p2a: Corviknight|14/100|[from] item: Leftovers
|upkeep
|
|t:|1776105592
|switch|p1a: Slither Wing|Slither Wing|76/100
|-damage|p1a: Slither Wing|64/100|[from] Stealth Rock
|-damage|p1a: Slither Wing|51/100|[from] Spikes
|turn|10
|
|t:|1776105597
|move|p1a: Slither Wing|U-turn|p2a: Corviknight
|-resisted|p2a: Corviknight
|-damage|p2a: Corviknight|11/100
|
|t:|1776105600
|-end|p1a: Slither Wing|Protosynthesis|[silent]
|switch|p1a: Alomomola|Alomomola, F|100/100|[from] U-turn
|-damage|p1a: Alomomola|88/100|[from] Stealth Rock
|-damage|p1a: Alomomola|76/100|[from] Spikes
|move|p2a: Corviknight|Brave Bird|p1a: Alomomola
|-damage|p1a: Alomomola|38/100
|-damage|p2a: Corviknight|0 fnt|[from] item: Rocky Helmet|[of] p1a: Alomomola
|faint|p2a: Corviknight
|
|upkeep
|
|t:|1776105613
|switch|p2a: Samurott|Samurott-Hisui, F|81/100
|turn|11
|
|t:|1776105647
|switch|p1a: Slither Wing|Slither Wing|51/100
|-damage|p1a: Slither Wing|39/100|[from] Stealth Rock
|-damage|p1a: Slither Wing|26/100|[from] Spikes
|move|p2a: Samurott|Ceaseless Edge|p1a: Slither Wing
|-resisted|p1a: Slither Wing
|-damage|p1a: Slither Wing|0 fnt
|-sidestart|p1: absolsfists|Spikes
|faint|p1a: Slither Wing
|-end|p1a: Slither Wing|Protosynthesis|[silent]
|
|upkeep
|
|t:|1776105667
|switch|p1a: Iron Valiant|Iron Valiant|100/100
|-damage|p1a: Iron Valiant|94/100|[from] Stealth Rock
|-damage|p1a: Iron Valiant|78/100|[from] Spikes
|turn|12
|
|t:|1776105672
|move|p2a: Samurott|Aqua Jet|p1a: Iron Valiant
|-damage|p1a: Iron Valiant|55/100
|move|p1a: Iron Valiant|Aura Sphere|p2a: Samurott
|-supereffective|p2a: Samurott
|-damage|p2a: Samurott|11/100
|-damage|p1a: Iron Valiant|45/100|[from] item: Life Orb
|
|upkeep
|turn|13
|
|t:|1776105697
|move|p2a: Samurott|Aqua Jet|p1a: Iron Valiant
|-damage|p1a: Iron Valiant|23/100
|move|p1a: Iron Valiant|Aura Sphere|p2a: Samurott
|-supereffective|p2a: Samurott
|-damage|p2a: Samurott|0 fnt
|faint|p2a: Samurott
|-damage|p1a: Iron Valiant|13/100|[from] item: Life Orb
|
|upkeep
|
|t:|1776105706
|switch|p2a: Cinderace|Cinderace, M|100/100
|turn|14
|
|t:|1776105711
|move|p2a: Cinderace|Sucker Punch||[still]
|-fail|p2a: Cinderace
|move|p1a: Iron Valiant|Destiny Bond|p1a: Iron Valiant
|-singlemove|p1a: Iron Valiant|Destiny Bond
|
|upkeep
|turn|15
|
|t:|1776105718
|move|p2a: Cinderace|Sucker Punch||[still]
|-fail|p2a: Cinderace
|move|p1a: Iron Valiant|Encore|p2a: Cinderace
|-start|p2a: Cinderace|Encore
|
|upkeep
|turn|16
|
|t:|1776105724
|switch|p2a: Great Tusk|Great Tusk|84/100
|-end|p1a: Iron Valiant|Quark Drive|[silent]
|switch|p1a: Alomomola|Alomomola, F|71/100
|-damage|p1a: Alomomola|59/100|[from] Stealth Rock
|-damage|p1a: Alomomola|42/100|[from] Spikes
|
|-heal|p2a: Great Tusk|90/100|[from] item: Leftovers
|upkeep
|turn|17
|
|t:|1776105730
|switch|p1a: Ting-Lu|Ting-Lu|100/100
|-damage|p1a: Ting-Lu|94/100|[from] Stealth Rock
|-damage|p1a: Ting-Lu|78/100|[from] Spikes
|-ability|p1a: Ting-Lu|Vessel of Ruin
|move|p2a: Great Tusk|Earthquake|p1a: Ting-Lu
|-damage|p1a: Ting-Lu|56/100
|-enditem|p1a: Ting-Lu|Red Card|[of] p2a: Great Tusk
|-end|p2a: Great Tusk|Protosynthesis|[silent]
|drag|p2a: Dragapult|Dragapult, F|100/100
|
|upkeep
|turn|18
|
|t:|1776105735
|move|p2a: Dragapult|Substitute|p2a: Dragapult
|-start|p2a: Dragapult|Substitute
|-damage|p2a: Dragapult|76/100
|move|p1a: Ting-Lu|Ruination|p2a: Dragapult
|-end|p2a: Dragapult|Substitute
|
|-heal|p2a: Dragapult|82/100|[from] item: Leftovers
|upkeep
|turn|19
|
|t:|1776105826
|move|p2a: Dragapult|Dragon Dance|p2a: Dragapult
|-boost|p2a: Dragapult|atk|1
|-boost|p2a: Dragapult|spe|1
|move|p1a: Ting-Lu|Ruination|p2a: Dragapult
|-damage|p2a: Dragapult|41/100
|
|-heal|p2a: Dragapult|47/100|[from] item: Leftovers
|upkeep
|turn|20
|
|t:|1776105831
|move|p2a: Dragapult|Dragon Darts|p1a: Ting-Lu
|-damage|p1a: Ting-Lu|39/100
|-anim|p2a: Dragapult|Dragon Darts|p1a: Ting-Lu
|-damage|p1a: Ting-Lu|20/100
|move|p1a: Ting-Lu|Whirlwind|p2a: Dragapult
|drag|p2a: Great Tusk|Great Tusk|90/100
|
|-heal|p2a: Great Tusk|96/100|[from] item: Leftovers
|upkeep
|turn|21
|
|t:|1776105844
|move|p2a: Great Tusk|Close Combat|p1a: Ting-Lu
|-supereffective|p1a: Ting-Lu
|-damage|p1a: Ting-Lu|0 fnt
|-unboost|p2a: Great Tusk|def|1
|-unboost|p2a: Great Tusk|spd|1
|faint|p1a: Ting-Lu
|
|-heal|p2a: Great Tusk|100/100|[from] item: Leftovers
|upkeep
|
|t:|1776105848
|switch|p1a: Alomomola|Alomomola, F|76/100
|-damage|p1a: Alomomola|63/100|[from] Stealth Rock
|-damage|p1a: Alomomola|47/100|[from] Spikes
|turn|22
|
|t:|1776105864
|move|p2a: Great Tusk|Close Combat|p1a: Alomomola
|-damage|p1a: Alomomola|6/100
|-unboost|p2a: Great Tusk|def|1
|-unboost|p2a: Great Tusk|spd|1
|-damage|p2a: Great Tusk|84/100|[from] item: Rocky Helmet|[of] p1a: Alomomola
|move|p1a: Alomomola|Wish|p1a: Alomomola
|
|-heal|p2a: Great Tusk|90/100|[from] item: Leftovers
|upkeep
|turn|23
|
|t:|1776105873
|move|p1a: Alomomola|Protect|p1a: Alomomola
|-singleturn|p1a: Alomomola|Protect
|move|p2a: Great Tusk|Earthquake|p1a: Alomomola
|-activate|p1a: Alomomola|move: Protect
|
|-heal|p1a: Alomomola|56/100|[from] move: Wish|[wisher] Alomomola
|-heal|p2a: Great Tusk|96/100|[from] item: Leftovers
|upkeep
|turn|24
|
|t:|1776105915
|-end|p2a: Great Tusk|Protosynthesis|[silent]
|switch|p2a: Cinderace|Cinderace, M|100/100
|move|p1a: Alomomola|Wish|p1a: Alomomola
|
|upkeep
|turn|25
|
|t:|1776105926
|move|p1a: Alomomola|Protect|p1a: Alomomola
|-singleturn|p1a: Alomomola|Protect
|move|p2a: Cinderace|Electro Ball|p1a: Alomomola
|-start|p2a: Cinderace|typechange|Electric|[from] ability: Libero
|-activate|p1a: Alomomola|move: Protect
|
|-heal|p1a: Alomomola|100/100|[from] move: Wish|[wisher] Alomomola
|upkeep
|turn|26
|
|t:|1776105982
|-terastallize|p1a: Alomomola|Bug
|move|p2a: Cinderace|Electro Ball|p1a: Alomomola
|-damage|p1a: Alomomola|80/100
|move|p1a: Alomomola|Wish|p1a: Alomomola
|
|upkeep
|turn|27
|
|t:|1776105997
|switch|p2a: Dragapult|Dragapult, F|47/100
|move|p1a: Alomomola|Scald|p2a: Dragapult
|-resisted|p2a: Dragapult
|-damage|p2a: Dragapult|39/100
|
|-heal|p1a: Alomomola|100/100|[from] move: Wish|[wisher] Alomomola
|-heal|p2a: Dragapult|45/100|[from] item: Leftovers
|upkeep
|turn|28
|
|t:|1776106003
|move|p2a: Dragapult|Substitute|p2a: Dragapult
|-start|p2a: Dragapult|Substitute
|-damage|p2a: Dragapult|20/100
|move|p1a: Alomomola|Wish|p1a: Alomomola
|
|-heal|p2a: Dragapult|26/100|[from] item: Leftovers
|upkeep
|turn|29
|
|t:|1776106006
|move|p2a: Dragapult|Dragon Dance|p2a: Dragapult
|-boost|p2a: Dragapult|atk|1
|-boost|p2a: Dragapult|spe|1
|move|p1a: Alomomola|Scald|p2a: Dragapult
|-resisted|p2a: Dragapult
|-activate|p2a: Dragapult|move: Substitute|[damage]
|
|-heal|p2a: Dragapult|32/100|[from] item: Leftovers
|upkeep
|turn|30
|
|t:|1776106013
|move|p2a: Dragapult|Dragon Dance|p2a: Dragapult
|-boost|p2a: Dragapult|atk|1
|-boost|p2a: Dragapult|spe|1
|move|p1a: Alomomola|Scald|p2a: Dragapult
|-resisted|p2a: Dragapult
|-activate|p2a: Dragapult|move: Substitute|[damage]
|
|-heal|p2a: Dragapult|38/100|[from] item: Leftovers
|upkeep
|turn|31
|
|t:|1776106019
|move|p2a: Dragapult|Dragon Darts|p1a: Alomomola
|-damage|p1a: Alomomola|66/100
|-anim|p2a: Dragapult|Dragon Darts|p1a: Alomomola
|-damage|p1a: Alomomola|30/100
|move|p1a: Alomomola|Scald|p2a: Dragapult
|-resisted|p2a: Dragapult
|-end|p2a: Dragapult|Substitute
|
|-heal|p2a: Dragapult|44/100|[from] item: Leftovers
|upkeep
|turn|32
|-message|absolsfists forfeited.
|
|win|Aeroneoooo
|raw|absolsfists's rating: 1074 &rarr; <strong>1054</strong><br />(-20 for losing)
|raw|Aeroneoooo's rating: 1092 &rarr; <strong>1117</strong><br />(+25 for winning)
|l|☆absolsfists
|player|p1|
|l|☆Aeroneoooo
|player|p2|
