|html|<div class="broadcast-blue"><strong>[Gen 9] OU is currently suspecting Tera Blast! For information on how to participate check out the <a href="https://www.smogon.com/tools/suspects/view/200">suspect thread</a>.</strong></div>
|j|☆Chrisnwobu
|j|☆instanticetea
|t:|1776205663
|gametype|singles
|player|p1|Chrisnwobu|skier|1420
|player|p2|instanticetea|102|1379
|gen|9
|tier|[Gen 9] OU
|rated|
|rule|HP Percentage Mod: HP is shown in percentages
|rule|Endless Battle Clause: Forcing endless battles is banned
|rule|Species Clause: Limit one of each Pokémon
|rule|OHKO Clause: OHKO moves are banned
|rule|Evasion Items Clause: Evasion items are banned
|rule|Evasion Moves Clause: Evasion moves are banned
|rule|Evasion Abilities Clause: Evasion abilities are banned
|rule|Sleep Moves Clause: Sleep-inducing moves are banned
|clearpoke
|poke|p1|Torkoal, F|
|poke|p1|Great Tusk|
|poke|p1|Walking Wake|
|poke|p1|Venusaur, F|
|poke|p1|Ceruledge, F|
|poke|p1|Hatterene, F|
|poke|p2|Torkoal, M|
|poke|p2|Sandy Shocks|
|poke|p2|Ninetales, M|
|poke|p2|Raging Bolt|
|poke|p2|Walking Wake|
|poke|p2|Venusaur, M|
|teampreview
|
|t:|1776205689
|teamsize|p1|6
|teamsize|p2|6
|start
|switch|p1a: Walking Wake|Walking Wake|100/100
|switch|p2a: Walking Wake|Walking Wake|100/100
|turn|1
|
|t:|1776205699
|move|p2a: Walking Wake|Dragon Pulse|p1a: Walking Wake
|-supereffective|p1a: Walking Wake
|-damage|p1a: Walking Wake|0 fnt
|faint|p1a: Walking Wake
|-end|p1a: Walking Wake|Protosynthesis|[silent]
|-damage|p2a: Walking Wake|91/100|[from] item: Life Orb
|
|upkeep
|
|t:|1776205705
|switch|p1a: Hatterene|Hatterene, F|100/100
|turn|2
|inactive|Battle timer is ON: inactive players will automatically lose when time's up. (requested by Chrisnwobu)
|
|t:|1776205729
|-end|p2a: Walking Wake|Protosynthesis|[silent]
|switch|p2a: Torkoal|Torkoal, M|100/100
|-weather|SunnyDay|[from] ability: Drought|[of] p2a: Torkoal
|move|p1a: Hatterene|Nuzzle|p2a: Torkoal
|-damage|p2a: Torkoal|98/100
|-status|p2a: Torkoal|par
|
|-weather|SunnyDay|[upkeep]
|upkeep
|turn|3
|
|t:|1776205745
|switch|p1a: Torkoal|Torkoal, F|100/100
|move|p2a: Torkoal|Weather Ball|p1a: Torkoal
|-resisted|p1a: Torkoal
|-damage|p1a: Torkoal|81/100
|
|-weather|SunnyDay|[upkeep]
|upkeep
|turn|4
|
|t:|1776205751
|move|p1a: Torkoal|Stealth Rock|p2a: Torkoal
|-sidestart|p2: instanticetea|move: Stealth Rock
|cant|p2a: Torkoal|par
|
|-weather|SunnyDay|[upkeep]
|upkeep
|turn|5
|
|t:|1776205757
|switch|p1a: Hatterene|Hatterene, F|100/100
|move|p2a: Torkoal|Rapid Spin|p1a: Hatterene
|-damage|p1a: Hatterene|92/100
|-boost|p2a: Torkoal|spe|1
|-damage|p2a: Torkoal|81/100 par|[from] item: Rocky Helmet|[of] p1a: Hatterene
|-sideend|p2: instanticetea|Stealth Rock|[from] move: Rapid Spin|[of] p2a: Torkoal
|
|-weather|SunnyDay|[upkeep]
|upkeep
|turn|6
|
|t:|1776205770
|move|p1a: Hatterene|Psychic Noise|p2a: Torkoal
|-damage|p2a: Torkoal|37/100 par
|-start|p2a: Torkoal|move: Heal Block
|move|p2a: Torkoal|Stealth Rock|p1a: Hatterene
|move|p1a: Hatterene|Stealth Rock|p2a: Torkoal|[from] ability: Magic Bounce
|-sidestart|p2: instanticetea|move: Stealth Rock
|
|-weather|SunnyDay|[upkeep]
|upkeep
|turn|7
|
|t:|1776205780
|switch|p1a: Ceruledge|Ceruledge, F|100/100
|move|p2a: Torkoal|Rapid Spin|p1a: Ceruledge
|-immune|p1a: Ceruledge
|
|-weather|SunnyDay|[upkeep]
|-end|p2a: Torkoal|move: Heal Block
|upkeep
|turn|8
|
|t:|1776205794
|move|p1a: Ceruledge|Swords Dance|p1a: Ceruledge
|-boost|p1a: Ceruledge|atk|2
|move|p2a: Torkoal|Rapid Spin|p1a: Ceruledge
|-immune|p1a: Ceruledge
|
|-weather|SunnyDay|[upkeep]
|upkeep
|turn|9
|
|t:|1776205801
|move|p1a: Ceruledge|Bitter Blade|p2a: Torkoal
|-resisted|p2a: Torkoal
|-damage|p2a: Torkoal|2/100 par
|move|p2a: Torkoal|Stealth Rock|p1a: Ceruledge
|-sidestart|p1: Chrisnwobu|move: Stealth Rock
|
|-weather|none
|upkeep
|turn|10
|
|t:|1776205813
|move|p1a: Ceruledge|Bitter Blade|p2a: Torkoal
|-resisted|p2a: Torkoal
|-damage|p2a: Torkoal|0 fnt
|faint|p2a: Torkoal
|
|upkeep
|
|t:|1776205826
|switch|p2a: Raging Bolt|Raging Bolt|100/100
|-damage|p2a: Raging Bolt|88/100|[from] Stealth Rock
|turn|11
|
|t:|1776205835
|move|p1a: Ceruledge|Poltergeist|p2a: Raging Bolt|[miss]
|-miss|p1a: Ceruledge|p2a: Raging Bolt
|move|p2a: Raging Bolt|Discharge|p1a: Ceruledge
|-damage|p1a: Ceruledge|54/100
|-status|p1a: Ceruledge|par
|
|upkeep
|turn|12
|
|t:|1776205844
|move|p2a: Raging Bolt|Discharge|p1a: Ceruledge
|-damage|p1a: Ceruledge|0 fnt
|faint|p1a: Ceruledge
|
|upkeep
|
|t:|1776205855
|switch|p1a: Hatterene|Hatterene, F|92/100
|-damage|p1a: Hatterene|80/100|[from] Stealth Rock
|turn|13
|
|t:|1776205862
|move|p2a: Raging Bolt|Discharge|p1a: Hatterene
|-damage|p1a: Hatterene|34/100
|-status|p1a: Hatterene|par
|cant|p1a: Hatterene|par
|
|upkeep
|turn|14
|
|t:|1776205867
|move|p2a: Raging Bolt|Discharge|p1a: Hatterene
|-damage|p1a: Hatterene|0 fnt
|faint|p1a: Hatterene
|
|upkeep
|
|t:|1776205871
|switch|p1a: Great Tusk|Great Tusk|100/100
|-damage|p1a: Great Tusk|98/100|[from] Stealth Rock
|turn|15
|
|t:|1776205877
|-terastallize|p2a: Raging Bolt|Bug
|move|p1a: Great Tusk|Rapid Spin|p2a: Raging Bolt
|-damage|p2a: Raging Bolt|73/100
|-boost|p1a: Great Tusk|spe|1
|-sideend|p1: Chrisnwobu|Stealth Rock|[from] move: Rapid Spin|[of] p1a: Great Tusk
|move|p2a: Raging Bolt|Dragon Pulse|p1a: Great Tusk
|-damage|p1a: Great Tusk|46/100
|
|-heal|p1a: Great Tusk|53/100|[from] item: Leftovers
|upkeep
|turn|16
|
|t:|1776205890
|-end|p1a: Great Tusk|Protosynthesis|[silent]
|switch|p1a: Torkoal|Torkoal, F|81/100
|-weather|SunnyDay|[from] ability: Drought|[of] p1a: Torkoal
|-activate|p2a: Raging Bolt|ability: Protosynthesis
|-start|p2a: Raging Bolt|protosynthesisspa
|move|p2a: Raging Bolt|Dragon Pulse|p1a: Torkoal
|-damage|p1a: Torkoal|22/100
|
|-weather|SunnyDay|[upkeep]
|upkeep
|turn|17
|
|t:|1776205897
|move|p2a: Raging Bolt|Dragon Pulse|p1a: Torkoal
|-damage|p1a: Torkoal|0 fnt
|faint|p1a: Torkoal
|
|-weather|SunnyDay|[upkeep]
|upkeep
|
|t:|1776205899
|switch|p1a: Venusaur|Venusaur, F|100/100
|turn|18
|
|t:|1776205903
|move|p1a: Venusaur|Weather Ball|p2a: Raging Bolt
|-supereffective|p2a: Raging Bolt
|-damage|p2a: Raging Bolt|15/100
|move|p2a: Raging Bolt|Dragon Pulse|p1a: Venusaur
|-damage|p1a: Venusaur|38/100
|
|-weather|SunnyDay|[upkeep]
|-heal|p1a: Venusaur|44/100|[from] item: Leftovers
|upkeep
|turn|19
|
|t:|1776205908
|move|p2a: Raging Bolt|Thunderclap|p1a: Venusaur
|-resisted|p1a: Venusaur
|-crit|p1a: Venusaur
|-damage|p1a: Venusaur|6/100
|move|p1a: Venusaur|Weather Ball|p2a: Raging Bolt
|-supereffective|p2a: Raging Bolt
|-crit|p2a: Raging Bolt
|-damage|p2a: Raging Bolt|0 fnt
|faint|p2a: Raging Bolt
|-end|p2a: Raging Bolt|Protosynthesis|[silent]
|
|-weather|SunnyDay|[upkeep]
|-heal|p1a: Venusaur|12/100|[from] item: Leftovers
|upkeep
|
|t:|1776205924
|switch|p2a: Ninetales|Ninetales, M|100/100
|-damage|p2a: Ninetales|75/100|[from] Stealth Rock
|turn|20
|
|t:|1776205936
|move|p1a: Venusaur|Sludge Bomb|p2a: Ninetales
|-damage|p2a: Ninetales|26/100
|-status|p2a: Ninetales|psn
|move|p2a: Ninetales|Weather Ball|p1a: Venusaur
|-supereffective|p1a: Venusaur
|-damage|p1a: Venusaur|0 fnt
|faint|p1a: Venusaur
|
|-weather|SunnyDay|[upkeep]
|-damage|p2a: Ninetales|14/100 psn|[from] psn
|upkeep
|
|t:|1776205941
|switch|p1a: Great Tusk|Great Tusk|53/100
|-activate|p1a: Great Tusk|ability: Protosynthesis
|-start|p1a: Great Tusk|protosynthesisspe
|turn|21
|
|t:|1776205945
|move|p1a: Great Tusk|Rapid Spin|p2a: Ninetales
|-damage|p2a: Ninetales|0 fnt
|-boost|p1a: Great Tusk|spe|1
|faint|p2a: Ninetales
|
|-weather|SunnyDay|[upkeep]
|-heal|p1a: Great Tusk|59/100|[from] item: Leftovers
|upkeep
|
|t:|1776205949
|switch|p2a: Venusaur|Venusaur, M|100/100
|-damage|p2a: Venusaur|88/100|[from] Stealth Rock
|turn|22
|
|t:|1776205958
|-terastallize|p1a: Great Tusk|Ice
|move|p1a: Great Tusk|Bulk Up|p1a: Great Tusk
|-boost|p1a: Great Tusk|atk|1
|-boost|p1a: Great Tusk|def|1
|move|p2a: Venusaur|Giga Drain|p1a: Great Tusk
|-damage|p1a: Great Tusk|9/100
|-heal|p2a: Venusaur|100/100|[from] drain|[of] p1a: Great Tusk
|-damage|p2a: Venusaur|91/100|[from] item: Life Orb
|
|-weather|SunnyDay|[upkeep]
|-heal|p1a: Great Tusk|15/100|[from] item: Leftovers
|upkeep
|turn|23
|
|t:|1776205972
|move|p1a: Great Tusk|Ice Spinner|p2a: Venusaur
|-supereffective|p2a: Venusaur
|-damage|p2a: Venusaur|0 fnt
|faint|p2a: Venusaur
|
|-weather|none
|-end|p1a: Great Tusk|Protosynthesis
|-heal|p1a: Great Tusk|21/100|[from] item: Leftovers
|upkeep
|
|t:|1776205980
|switch|p2a: Walking Wake|Walking Wake|91/100
|-damage|p2a: Walking Wake|78/100|[from] Stealth Rock
|turn|24
|
|t:|1776205987
|move|p1a: Great Tusk|Headlong Rush|p2a: Walking Wake
|-damage|p2a: Walking Wake|0 fnt
|-unboost|p1a: Great Tusk|def|1
|-unboost|p1a: Great Tusk|spd|1
|faint|p2a: Walking Wake
|-end|p2a: Walking Wake|Protosynthesis|[silent]
|
|-heal|p1a: Great Tusk|27/100|[from] item: Leftovers
|upkeep
|
|t:|1776205992
|switch|p2a: Sandy Shocks|Sandy Shocks|100/100
|-damage|p2a: Sandy Shocks|94/100|[from] Stealth Rock
|-item|p2a: Sandy Shocks|Air Balloon
|turn|25
|
|t:|1776205996
|move|p1a: Great Tusk|Ice Spinner|p2a: Sandy Shocks
|-supereffective|p2a: Sandy Shocks
|-damage|p2a: Sandy Shocks|0 fnt
|-enditem|p2a: Sandy Shocks|Air Balloon
|faint|p2a: Sandy Shocks
|-end|p2a: Sandy Shocks|Protosynthesis|[silent]
|
|win|Chrisnwobu
|raw|Chrisnwobu's rating: 1420 &rarr; <strong>1438</strong><br />(+18 for winning)
|raw|instanticetea's rating: 1379 &rarr; <strong>1361</strong><br />(-18 for losing)
|c|☆instanticetea|nice comeback
|c|☆instanticetea|gg
|c|☆Chrisnwobu|thanks gg
|l|☆instanticetea
|player|p2|
