|j|☆encore21768768
|j|☆Abyssal Bot
|t:|1776335221
|gametype|singles
|player|p1|encore21768768|265|
|player|p2|Abyssal Bot|supernerd|
|teamsize|p1|6
|teamsize|p2|6
|gen|9
|tier|[Gen 9] OU
|rule|Species Clause: Limit one of each Pokémon
|rule|OHKO Clause: OHKO moves are banned
|rule|Evasion Items Clause: Evasion items are banned
|rule|Evasion Moves Clause: Evasion moves are banned
|rule|Endless Battle Clause: Forcing endless battles is banned
|rule|HP Percentage Mod: HP is shown in percentages
|rule|Sleep Moves Clause: Sleep-inducing moves are banned
|clearpoke
|poke|p1|Volcanion|
|poke|p1|Polteageist|
|poke|p1|Kingdra, F|
|poke|p1|Scrafty, M|
|poke|p1|Raging Bolt|
|poke|p1|Great Tusk|
|poke|p2|Kingambit, F|
|poke|p2|Cinderace, F|
|poke|p2|Landorus-Therian, M|
|poke|p2|Iron Valiant|
|poke|p2|Kyurem|
|poke|p2|Slowking-Galar, M|
|teampreview
|c|☆Abyssal Bot|**WARNING**: Expect much hax.
|inactive|Battle timer is ON: inactive players will automatically lose when time's up. (requested by Abyssal Bot)
|j|*Turbo Bottttt
|
|t:|1776335230
|start
|switch|p1a: Scrafty|Scrafty, M|100/100
|switch|p2a: Homelandor|Landorus-Therian, M, shiny|100/100
|-ability|p2a: Homelandor|Intimidate|boost
|-unboost|p1a: Scrafty|atk|1
|turn|1
|
|t:|1776335232
|move|p2a: Homelandor|Earth Power|p1a: Scrafty
|-damage|p1a: Scrafty|78/100
|move|p1a: Scrafty|Rain Dance|p1a: Scrafty
|-weather|Rain Dance
|
|-weather|Rain Dance|[upkeep]
|upkeep
|turn|2
|
|t:|1776335234
|switch|p1a: Kingdra|Kingdra, F|100/100
|move|p2a: Homelandor|Taunt|p1a: Kingdra
|-start|p1a: Kingdra|move: Taunt
|
|-weather|Rain Dance|[upkeep]
|upkeep
|turn|3
|
|t:|1776335237
|switch|p2a: WALL-Y|Iron Valiant|100/100
|-enditem|p2a: WALL-Y|Booster Energy
|-activate|p2a: WALL-Y|ability: Quark Drive|[fromitem]
|-start|p2a: WALL-Y|quarkdrivespe
|move|p1a: Kingdra|Scald|p2a: WALL-Y
|-damage|p2a: WALL-Y|0
|faint|p2a: WALL-Y
|-end|p2a: WALL-Y|Quark Drive|[silent]
|
|-weather|Rain Dance|[upkeep]
|upkeep
|
|t:|1776335237
|switch|p2a: Daenerys|Kingambit, F|100/100
|-activate|p2a: Daenerys|ability: Supreme Overlord
|-start|p2a: Daenerys|fallen1|[silent]
|turn|4
|
|t:|1776335241
|move|p1a: Kingdra|Scald|p2a: Daenerys
|-damage|p2a: Daenerys|46/100
|-status|p2a: Daenerys|brn
|move|p2a: Daenerys|Kowtow Cleave|p1a: Kingdra
|-damage|p1a: Kingdra|70/100
|
|-weather|Rain Dance|[upkeep]
|-heal|p2a: Daenerys|52/100 brn|[from] item: Leftovers
|-damage|p2a: Daenerys|46/100 brn|[from] brn|[of] p1a: Kingdra
|-end|p1a: Kingdra|move: Taunt
|upkeep
|turn|5
|
|t:|1776335245
|move|p1a: Kingdra|Focus Energy|p1a: Kingdra
|-start|p1a: Kingdra|move: Focus Energy
|move|p2a: Daenerys|Kowtow Cleave|p1a: Kingdra
|-damage|p1a: Kingdra|39/100
|
|-weather|Rain Dance|[upkeep]
|-heal|p2a: Daenerys|52/100 brn|[from] item: Leftovers
|-damage|p2a: Daenerys|46/100 brn|[from] brn|[of] p1a: Kingdra
|upkeep
|turn|6
|
|t:|1776335246
|move|p2a: Daenerys|Sucker Punch|p1a: Kingdra
|-damage|p1a: Kingdra|13/100
|move|p1a: Kingdra|Scald|p2a: Daenerys
|-crit|p2a: Daenerys
|-damage|p2a: Daenerys|0 brn
|faint|p2a: Daenerys
|-end|p2a: Daenerys|fallen1|[silent]
|
|-weather|Rain Dance|[upkeep]
|upkeep
|c|☆Abyssal Bot|Oh crap, that crit...
|
|t:|1776335246
|switch|p2a: SlodogChillionaire|Slowking-Galar, M, shiny|100/100
|turn|7
|
|t:|1776335251
|move|p1a: Kingdra|Draco Meteor|p2a: SlodogChillionaire
|-crit|p2a: SlodogChillionaire
|-damage|p2a: SlodogChillionaire|49/100
|-unboost|p1a: Kingdra|spa|2
|move|p2a: SlodogChillionaire|Future Sight|p1a: Kingdra
|-start|p2a: SlodogChillionaire|move: Future Sight
|
|-weather|Rain Dance|[upkeep]
|upkeep
|turn|8
|c|☆Abyssal Bot|Oh crap, that crit...
|
|t:|1776335253
|move|p1a: Kingdra|Draco Meteor|p2a: SlodogChillionaire
|-crit|p2a: SlodogChillionaire
|-damage|p2a: SlodogChillionaire|0
|-unboost|p1a: Kingdra|spa|2
|faint|p2a: SlodogChillionaire
|
|-weather|none
|upkeep
|c|☆Abyssal Bot|I should be the one who gets hax ;-;
|
|t:|1776335254
|switch|p2a: Mr. Freeze|Kyurem, shiny|100/100
|-ability|p2a: Mr. Freeze|Pressure
|turn|9
|
|t:|1776335267
|move|p2a: Mr. Freeze|Blizzard|p1a: Kingdra
|-damage|p1a: Kingdra|0
|faint|p1a: Kingdra
|
|-hint|Future Sight did not hit because the target is fainted.
|upkeep
|
|t:|1776335281
|switch|p1a: Scrafty|Scrafty, M|78/100
|turn|10
|
|t:|1776335283
|move|p2a: Mr. Freeze|Blizzard|p1a: Scrafty|[miss]
|-miss|p2a: Mr. Freeze|p1a: Scrafty
|move|p1a: Scrafty|Drain Punch|p2a: Mr. Freeze
|-supereffective|p2a: Mr. Freeze
|-damage|p2a: Mr. Freeze|54/100
|-heal|p1a: Scrafty|100/100|[from] drain|[of] p2a: Mr. Freeze
|
|upkeep
|turn|11
|c|☆Abyssal Bot|Uh Mr. Freeze, you're as blind as Deino...
|
|t:|1776335287
|move|p2a: Mr. Freeze|Blizzard|p1a: Scrafty|[miss]
|-miss|p2a: Mr. Freeze|p1a: Scrafty
|move|p1a: Scrafty|Drain Punch|p2a: Mr. Freeze
|-supereffective|p2a: Mr. Freeze
|-damage|p2a: Mr. Freeze|7/100
|
|upkeep
|turn|12
|c|☆Abyssal Bot|Uh Mr. Freeze, you're as blind as Deino...
|
|t:|1776335292
|move|p2a: Mr. Freeze|Blizzard|p1a: Scrafty
|-damage|p1a: Scrafty|47/100
|move|p1a: Scrafty|Drain Punch|p2a: Mr. Freeze
|-supereffective|p2a: Mr. Freeze
|-damage|p2a: Mr. Freeze|0
|-heal|p1a: Scrafty|50/100|[from] drain|[of] p2a: Mr. Freeze
|faint|p2a: Mr. Freeze
|
|upkeep
|
|t:|1776335292
|switch|p2a: Homelandor|Landorus-Therian, M, shiny|100/100
|-ability|p2a: Homelandor|Intimidate|boost
|-unboost|p1a: Scrafty|atk|1
|turn|13
|
|t:|1776335296
|move|p2a: Homelandor|Earth Power|p1a: Scrafty
|-damage|p1a: Scrafty|29/100
|move|p1a: Scrafty|Rain Dance|p1a: Scrafty
|-weather|Rain Dance
|
|-weather|Rain Dance|[upkeep]
|upkeep
|turn|14
|
|t:|1776335302
|move|p2a: Homelandor|Earth Power|p1a: Scrafty
|-damage|p1a: Scrafty|8/100
|move|p1a: Scrafty|Crunch|p2a: Homelandor
|-damage|p2a: Homelandor|89/100
|-damage|p1a: Scrafty|0|[from] item: Rocky Helmet|[of] p2a: Homelandor
|faint|p1a: Scrafty
|
|-weather|Rain Dance|[upkeep]
|upkeep
|
|t:|1776335309
|switch|p1a: Polteageist|Polteageist|100/100
|turn|15
|
|t:|1776335311
|move|p1a: Polteageist|Shell Smash|p1a: Polteageist
|-unboost|p1a: Polteageist|def|1
|-unboost|p1a: Polteageist|spd|1
|-boost|p1a: Polteageist|atk|2
|-boost|p1a: Polteageist|spa|2
|-boost|p1a: Polteageist|spe|2
|move|p2a: Homelandor|Earth Power|p1a: Polteageist
|-damage|p1a: Polteageist|59/100
|-unboost|p1a: Polteageist|spd|1
|
|-weather|Rain Dance|[upkeep]
|upkeep
|turn|16
|
|t:|1776335321
|move|p1a: Polteageist|Hyper Beam|p2a: Homelandor|[miss]
|-miss|p1a: Polteageist|p2a: Homelandor
|move|p2a: Homelandor|Earth Power|p1a: Polteageist
|-damage|p1a: Polteageist|0
|faint|p1a: Polteageist
|
|-weather|Rain Dance|[upkeep]
|upkeep
|c|☆Abyssal Bot|That thing needs an eye doctor
|
|t:|1776335323
|switch|p1a: Volcanion|Volcanion|100/100
|turn|17
|
|t:|1776335324
|move|p2a: Homelandor|Taunt|p1a: Volcanion
|-start|p1a: Volcanion|move: Taunt
|move|p1a: Volcanion|Steam Eruption|p2a: Homelandor
|-supereffective|p2a: Homelandor
|-damage|p2a: Homelandor|0
|faint|p2a: Homelandor
|
|-weather|Rain Dance|[upkeep]
|upkeep
|
|t:|1776335325
|switch|p2a: Kristine|Cinderace, F, shiny|100/100
|turn|18
|
|t:|1776335326
|move|p2a: Kristine|U-turn|p1a: Volcanion
|-resisted|p1a: Volcanion
|-damage|p1a: Volcanion|95/100
|move|p1a: Volcanion|Steam Eruption|p2a: Kristine|[miss]
|-miss|p1a: Volcanion|p2a: Kristine
|
|-weather|Rain Dance|[upkeep]
|upkeep
|turn|19
|c|☆Abyssal Bot|I had warned you about hax!! HAHAHA
|
|t:|1776335329
|move|p2a: Kristine|Court Change||[still]
|-swapsideconditions
|-fail|p2a: Kristine
|move|p1a: Volcanion|Steam Eruption|p2a: Kristine
|-supereffective|p2a: Kristine
|-damage|p2a: Kristine|0
|faint|p2a: Kristine
|
|win|encore21768768
|c|☆Abyssal Bot|This loss doesn't matter, because I'm just a bot.
|l|☆Abyssal Bot
|player|p2|
|l|*Turbo Bottttt
