|html|<div class="broadcast-blue"><strong>[Gen 9] OU is currently suspecting Tera Blast! For information on how to participate check out the <a href="https://www.smogon.com/tools/suspects/view/200">suspect thread</a>.</strong></div>
|j|☆no1 fun haver
|j|☆TeraBlastGardevoir
|t:|1776106929
|gametype|singles
|player|p1|no1 fun haver|170|1491
|player|p2|TeraBlastGardevoir|giovanni|1498
|gen|9
|tier|[Gen 9] OU
|rated|
|rule|HP Percentage Mod: HP is shown in percentages
|rule|Endless Battle Clause: Forcing endless battles is banned
|rule|Species Clause: Limit one of each Pokémon
|rule|OHKO Clause: OHKO moves are banned
|rule|Evasion Items Clause: Evasion items are banned
|rule|Evasion Moves Clause: Evasion moves are banned
|rule|Evasion Abilities Clause: Evasion abilities are banned
|rule|Sleep Moves Clause: Sleep-inducing moves are banned
|clearpoke
|poke|p1|Lokix, F|
|poke|p1|Alomomola, F|
|poke|p1|Pecharunt|
|poke|p1|Zapdos|
|poke|p1|Great Tusk|
|poke|p1|Kyurem|
|poke|p2|Gardevoir, F|
|poke|p2|Rillaboom, F|
|poke|p2|Hawlucha, F|
|poke|p2|Iron Moth|
|poke|p2|Landorus-Therian, M|
|poke|p2|Kingambit, F|
|teampreview
|j| ohko_smeargle
|
|t:|1776106970
|teamsize|p1|6
|teamsize|p2|6
|start
|switch|p1a: Kyurem|Kyurem|100/100
|switch|p2a: Kingambitch|Kingambit, F|100/100
|-ability|p1a: Kyurem|Pressure
|turn|1
|
|t:|1776106980
|switch|p1a: Great Tusk|Great Tusk|100/100
|move|p2a: Kingambitch|Iron Head|p1a: Great Tusk
|-crit|p1a: Great Tusk
|-damage|p1a: Great Tusk|44/100
|-damage|p2a: Kingambitch|84/100|[from] item: Rocky Helmet|[of] p1a: Great Tusk
|
|upkeep
|turn|2
|
|t:|1776106989
|-end|p2a: Kingambitch|fallenundefined|[silent]
|switch|p2a: Landorus|Landorus-Therian, M|100/100
|-ability|p2a: Landorus|Intimidate|boost
|-unboost|p1a: Great Tusk|atk|1
|move|p1a: Great Tusk|Stealth Rock|p2a: Landorus
|-sidestart|p2: TeraBlastGardevoir|move: Stealth Rock
|
|upkeep
|turn|3
|
|t:|1776106997
|move|p2a: Landorus|Earth Power|p1a: Great Tusk
|-crit|p1a: Great Tusk
|-damage|p1a: Great Tusk|0 fnt
|faint|p1a: Great Tusk
|-end|p1a: Great Tusk|Protosynthesis|[silent]
|
|upkeep
|
|t:|1776107001
|switch|p1a: Kyurem|Kyurem|100/100
|-ability|p1a: Kyurem|Pressure
|turn|4
|
|t:|1776107016
|switch|p2a: Kingambitch|Kingambit, F|84/100
|-damage|p2a: Kingambitch|78/100|[from] Stealth Rock
|move|p1a: Kyurem|Substitute|p1a: Kyurem
|-start|p1a: Kyurem|Substitute
|-damage|p1a: Kyurem|76/100
|
|-heal|p1a: Kyurem|82/100|[from] item: Leftovers
|upkeep
|turn|5
|
|t:|1776107033
|move|p1a: Kyurem|Earth Power|p2a: Kingambitch
|-supereffective|p2a: Kingambitch
|-damage|p2a: Kingambitch|10/100
|move|p2a: Kingambitch|Kowtow Cleave|p1a: Kyurem
|-end|p1a: Kyurem|Substitute
|
|-heal|p1a: Kyurem|88/100|[from] item: Leftovers
|upkeep
|turn|6
|
|t:|1776107042
|move|p1a: Kyurem|Substitute|p1a: Kyurem
|-start|p1a: Kyurem|Substitute
|-damage|p1a: Kyurem|63/100
|move|p2a: Kingambitch|Kowtow Cleave|p1a: Kyurem
|-end|p1a: Kyurem|Substitute
|
|-heal|p1a: Kyurem|69/100|[from] item: Leftovers
|upkeep
|turn|7
|
|t:|1776107049
|move|p1a: Kyurem|Protect|p1a: Kyurem
|-singleturn|p1a: Kyurem|Protect
|move|p2a: Kingambitch|Sucker Punch||[still]
|-fail|p2a: Kingambitch
|
|-heal|p1a: Kyurem|75/100|[from] item: Leftovers
|upkeep
|turn|8
|
|t:|1776107052
|move|p1a: Kyurem|Freeze-Dry|p2a: Kingambitch
|-resisted|p2a: Kingambitch
|-damage|p2a: Kingambitch|0 fnt
|faint|p2a: Kingambitch
|-end|p2a: Kingambitch|fallenundefined|[silent]
|
|-heal|p1a: Kyurem|82/100|[from] item: Leftovers
|upkeep
|
|t:|1776107065
|switch|p2a: Rillaboom|Rillaboom, F|100/100
|-damage|p2a: Rillaboom|88/100|[from] Stealth Rock
|-fieldstart|move: Grassy Terrain|[from] ability: Grassy Surge|[of] p2a: Rillaboom
|turn|9
|
|t:|1776107071
|switch|p1a: Pecharunt|Pecharunt|100/100
|move|p2a: Rillaboom|U-turn|p1a: Pecharunt
|-resisted|p1a: Pecharunt
|-damage|p1a: Pecharunt|98/100
|
|t:|1776107089
|switch|p2a: Landorus|Landorus-Therian, M|100/100|[from] U-turn
|-damage|p2a: Landorus|88/100|[from] Stealth Rock
|-ability|p2a: Landorus|Intimidate|boost
|-unboost|p1a: Pecharunt|atk|1
|
|-heal|p1a: Pecharunt|100/100|[from] Grassy Terrain
|upkeep
|turn|10
|
|t:|1776107103
|switch|p1a: Zapdos|Zapdos|100/100
|move|p2a: Landorus|Stealth Rock|p1a: Zapdos
|-sidestart|p1: no1 fun haver|move: Stealth Rock
|
|upkeep
|turn|11
|
|t:|1776107109
|move|p1a: Zapdos|Hurricane|p2a: Landorus|[miss]
|-miss|p1a: Zapdos|p2a: Landorus
|move|p2a: Landorus|Stone Edge|p1a: Zapdos|[miss]
|-miss|p2a: Landorus|p1a: Zapdos
|
|upkeep
|turn|12
|
|t:|1776107113
|move|p1a: Zapdos|Hurricane|p2a: Landorus|[miss]
|-miss|p1a: Zapdos|p2a: Landorus
|move|p2a: Landorus|Stone Edge|p1a: Zapdos
|-supereffective|p1a: Zapdos
|-damage|p1a: Zapdos|29/100
|
|upkeep
|turn|13
|
|t:|1776107124
|move|p1a: Zapdos|Hurricane|p2a: Landorus
|-damage|p2a: Landorus|21/100
|move|p2a: Landorus|Earth Power|p1a: Zapdos
|-immune|p1a: Zapdos
|
|-fieldend|move: Grassy Terrain
|upkeep
|turn|14
|
|t:|1776107132
|move|p1a: Zapdos|Hurricane|p2a: Landorus
|-damage|p2a: Landorus|0 fnt
|faint|p2a: Landorus
|
|upkeep
|
|t:|1776107141
|switch|p2a: Dopamine Dorito|Iron Moth|100/100
|-damage|p2a: Dopamine Dorito|76/100|[from] Stealth Rock
|-enditem|p2a: Dopamine Dorito|Booster Energy
|-activate|p2a: Dopamine Dorito|ability: Quark Drive|[fromitem]
|-start|p2a: Dopamine Dorito|quarkdrivespe
|turn|15
|
|t:|1776107147
|switch|p1a: Alomomola|Alomomola, F|100/100
|-damage|p1a: Alomomola|88/100|[from] Stealth Rock
|move|p2a: Dopamine Dorito|Fiery Dance|p1a: Alomomola
|-resisted|p1a: Alomomola
|-damage|p1a: Alomomola|78/100
|-boost|p2a: Dopamine Dorito|spa|1
|
|upkeep
|turn|16
|
|t:|1776107155
|move|p2a: Dopamine Dorito|Substitute|p2a: Dopamine Dorito
|-start|p2a: Dopamine Dorito|Substitute
|-damage|p2a: Dopamine Dorito|51/100
|move|p1a: Alomomola|Mirror Coat||[still]
|-fail|p1a: Alomomola
|
|upkeep
|turn|17
|
|t:|1776107161
|move|p2a: Dopamine Dorito|Sludge Wave|p1a: Alomomola
|-damage|p1a: Alomomola|42/100
|move|p1a: Alomomola|Scald|p2a: Dopamine Dorito
|-supereffective|p2a: Dopamine Dorito
|-end|p2a: Dopamine Dorito|Substitute
|
|upkeep
|turn|18
|
|t:|1776107172
|move|p2a: Dopamine Dorito|Fiery Dance|p1a: Alomomola
|-resisted|p1a: Alomomola
|-damage|p1a: Alomomola|28/100
|-boost|p2a: Dopamine Dorito|spa|1
|move|p1a: Alomomola|Flip Turn|p2a: Dopamine Dorito
|-supereffective|p2a: Dopamine Dorito
|-damage|p2a: Dopamine Dorito|2/100
|
|t:|1776107177
|switch|p1a: Lokix|Lokix, F|100/100|[from] Flip Turn
|-damage|p1a: Lokix|76/100|[from] Stealth Rock
|
|upkeep
|turn|19
|
|t:|1776107188
|move|p1a: Lokix|First Impression|p2a: Dopamine Dorito
|-resisted|p2a: Dopamine Dorito
|-damage|p2a: Dopamine Dorito|0 fnt
|faint|p2a: Dopamine Dorito
|-end|p2a: Dopamine Dorito|Quark Drive|[silent]
|
|upkeep
|
|t:|1776107214
|switch|p2a: Rillaboom|Rillaboom, F|88/100
|-damage|p2a: Rillaboom|76/100|[from] Stealth Rock
|-fieldstart|move: Grassy Terrain|[from] ability: Grassy Surge|[of] p2a: Rillaboom
|turn|20
|
|t:|1776107221
|move|p1a: Lokix|First Impression||[still]
|-hint|First Impression only works on your first turn out.
|-fail|p1a: Lokix
|move|p2a: Rillaboom|Knock Off|p1a: Lokix
|-resisted|p1a: Lokix
|-damage|p1a: Lokix|47/100
|-enditem|p1a: Lokix|Choice Band|[from] move: Knock Off|[of] p2a: Rillaboom
|
|-heal|p1a: Lokix|53/100|[from] Grassy Terrain
|-heal|p2a: Rillaboom|82/100|[from] Grassy Terrain
|upkeep
|turn|21
|
|t:|1776107243
|switch|p2a: El Contrabandista|Hawlucha, F|100/100
|-damage|p2a: El Contrabandista|88/100|[from] Stealth Rock
|-enditem|p2a: El Contrabandista|Grassy Seed
|-boost|p2a: El Contrabandista|def|1|[from] item: Grassy Seed
|move|p1a: Lokix|Leech Life|p2a: El Contrabandista
|-resisted|p2a: El Contrabandista
|-damage|p2a: El Contrabandista|69/100
|-heal|p1a: Lokix|63/100|[from] drain|[of] p2a: El Contrabandista
|
|-heal|p1a: Lokix|69/100|[from] Grassy Terrain
|upkeep
|turn|22
|
|t:|1776107257
|move|p2a: El Contrabandista|Swords Dance|p2a: El Contrabandista
|-boost|p2a: El Contrabandista|atk|2
|move|p1a: Lokix|U-turn|p2a: El Contrabandista
|-resisted|p2a: El Contrabandista
|-damage|p2a: El Contrabandista|52/100
|
|t:|1776107260
|switch|p1a: Pecharunt|Pecharunt|100/100|[from] U-turn
|
|upkeep
|turn|23
|
|t:|1776107268
|move|p2a: El Contrabandista|Acrobatics|p1a: Pecharunt
|-damage|p1a: Pecharunt|56/100
|move|p1a: Pecharunt|Malignant Chain|p2a: El Contrabandista
|-damage|p2a: El Contrabandista|13/100
|
|-heal|p1a: Pecharunt|62/100|[from] Grassy Terrain
|upkeep
|turn|24
|
|t:|1776107273
|move|p2a: El Contrabandista|Acrobatics|p1a: Pecharunt
|-damage|p1a: Pecharunt|15/100
|move|p1a: Pecharunt|Malignant Chain|p2a: El Contrabandista
|-damage|p2a: El Contrabandista|0 fnt
|faint|p2a: El Contrabandista
|
|-heal|p1a: Pecharunt|22/100|[from] Grassy Terrain
|-fieldend|move: Grassy Terrain
|upkeep
|
|t:|1776107285
|switch|p2a: Rillaboom|Rillaboom, F|82/100
|-damage|p2a: Rillaboom|70/100|[from] Stealth Rock
|-fieldstart|move: Grassy Terrain|[from] ability: Grassy Surge|[of] p2a: Rillaboom
|turn|25
|
|t:|1776107292
|move|p2a: Rillaboom|Knock Off|p1a: Pecharunt
|-supereffective|p1a: Pecharunt
|-damage|p1a: Pecharunt|0 fnt
|-enditem|p1a: Pecharunt|Heavy-Duty Boots|[from] move: Knock Off|[of] p2a: Rillaboom
|faint|p1a: Pecharunt
|
|-heal|p2a: Rillaboom|76/100|[from] Grassy Terrain
|upkeep
|
|t:|1776107299
|switch|p1a: Kyurem|Kyurem|82/100
|-damage|p1a: Kyurem|57/100|[from] Stealth Rock
|-ability|p1a: Kyurem|Pressure
|turn|26
|
|t:|1776107307
|move|p1a: Kyurem|Protect|p1a: Kyurem
|-singleturn|p1a: Kyurem|Protect
|move|p2a: Rillaboom|U-turn|p1a: Kyurem
|-activate|p1a: Kyurem|move: Protect
|
|-heal|p1a: Kyurem|63/100|[from] Grassy Terrain
|-heal|p1a: Kyurem|69/100|[from] item: Leftovers
|-heal|p2a: Rillaboom|82/100|[from] Grassy Terrain
|upkeep
|turn|27
|
|t:|1776107317
|move|p1a: Kyurem|Freeze-Dry|p2a: Rillaboom
|-supereffective|p2a: Rillaboom
|-damage|p2a: Rillaboom|25/100
|move|p2a: Rillaboom|U-turn|p1a: Kyurem
|-damage|p1a: Kyurem|43/100
|
|t:|1776107322
|switch|p2a: Rhapsodie|Gardevoir, F, shiny|100/100|[from] U-turn
|-damage|p2a: Rhapsodie|88/100|[from] Stealth Rock
|-ability|p2a: Rhapsodie|Pressure|Trace|[from] ability: Trace|[of] p1a: Kyurem
|-ability|p2a: Rhapsodie|Pressure
|-enditem|p2a: Rhapsodie|Grassy Seed
|-boost|p2a: Rhapsodie|def|1|[from] item: Grassy Seed
|
|-heal|p1a: Kyurem|50/100|[from] Grassy Terrain
|-heal|p1a: Kyurem|56/100|[from] item: Leftovers
|-heal|p2a: Rhapsodie|94/100|[from] Grassy Terrain
|upkeep
|turn|28
|
|t:|1776107330
|move|p1a: Kyurem|Freeze-Dry|p2a: Rhapsodie
|-damage|p2a: Rhapsodie|57/100
|move|p2a: Rhapsodie|Calm Mind|p2a: Rhapsodie
|-boost|p2a: Rhapsodie|spa|1
|-boost|p2a: Rhapsodie|spd|1
|
|-heal|p1a: Kyurem|62/100|[from] Grassy Terrain
|-heal|p1a: Kyurem|68/100|[from] item: Leftovers
|-heal|p2a: Rhapsodie|64/100|[from] Grassy Terrain
|upkeep
|turn|29
|
|t:|1776107335
|move|p1a: Kyurem|Freeze-Dry|p2a: Rhapsodie
|-damage|p2a: Rhapsodie|39/100
|move|p2a: Rhapsodie|Draining Kiss|p1a: Kyurem
|-supereffective|p1a: Kyurem
|-damage|p1a: Kyurem|10/100
|-heal|p2a: Rhapsodie|95/100|[from] drain|[of] p1a: Kyurem
|
|-heal|p1a: Kyurem|16/100|[from] Grassy Terrain
|-heal|p1a: Kyurem|22/100|[from] item: Leftovers
|-heal|p2a: Rhapsodie|100/100|[from] Grassy Terrain
|-fieldend|move: Grassy Terrain
|upkeep
|turn|30
|
|t:|1776107343
|move|p1a: Kyurem|Freeze-Dry|p2a: Rhapsodie
|-damage|p2a: Rhapsodie|77/100
|-status|p2a: Rhapsodie|frz
|cant|p2a: Rhapsodie|frz
|
|-heal|p1a: Kyurem|28/100|[from] item: Leftovers
|upkeep
|turn|31
|c|☆no1 fun haver|i'll protect until thaw out
|
|t:|1776107362
|move|p1a: Kyurem|Protect|p1a: Kyurem
|-singleturn|p1a: Kyurem|Protect
|cant|p2a: Rhapsodie|frz
|
|-heal|p1a: Kyurem|34/100|[from] item: Leftovers
|upkeep
|turn|32
|
|t:|1776107366
|move|p1a: Kyurem|Protect||[still]
|-fail|p1a: Kyurem
|-curestatus|p2a: Rhapsodie|frz|[msg]
|move|p2a: Rhapsodie|Draining Kiss|p1a: Kyurem
|-supereffective|p1a: Kyurem
|-damage|p1a: Kyurem|0 fnt
|-heal|p2a: Rhapsodie|100/100|[from] drain|[of] p1a: Kyurem
|faint|p1a: Kyurem
|
|upkeep
|
|t:|1776107370
|switch|p1a: Alomomola|Alomomola, F|62/100
|-damage|p1a: Alomomola|49/100|[from] Stealth Rock
|turn|33
|c|☆TeraBlastGardevoir|you didnt have to do that
|
|t:|1776107377
|move|p2a: Rhapsodie|Calm Mind|p2a: Rhapsodie
|-boost|p2a: Rhapsodie|spa|1
|-boost|p2a: Rhapsodie|spd|1
|move|p1a: Alomomola|Mirror Coat||[still]
|-fail|p1a: Alomomola
|
|upkeep
|turn|34
|
|t:|1776107383
|move|p2a: Rhapsodie|Calm Mind|p2a: Rhapsodie
|-boost|p2a: Rhapsodie|spa|1
|-boost|p2a: Rhapsodie|spd|1
|move|p1a: Alomomola|Body Slam|p2a: Rhapsodie
|-damage|p2a: Rhapsodie|89/100
|-status|p2a: Rhapsodie|par
|
|upkeep
|turn|35
|
|t:|1776107397
|move|p2a: Rhapsodie|Stored Power|p1a: Alomomola
|-crit|p1a: Alomomola
|-damage|p1a: Alomomola|0 fnt
|faint|p1a: Alomomola
|
|upkeep
|
|t:|1776107400
|switch|p1a: Lokix|Lokix, F|69/100
|-damage|p1a: Lokix|44/100|[from] Stealth Rock
|turn|36
|
|t:|1776107405
|-terastallize|p1a: Lokix|Bug
|move|p1a: Lokix|First Impression|p2a: Rhapsodie
|-damage|p2a: Rhapsodie|44/100 par
|move|p2a: Rhapsodie|Draining Kiss|p1a: Lokix
|-damage|p1a: Lokix|0 fnt
|-heal|p2a: Rhapsodie|74/100 par|[from] drain|[of] p1a: Lokix
|faint|p1a: Lokix
|
|upkeep
|
|t:|1776107409
|switch|p1a: Zapdos|Zapdos|29/100
|turn|37
|
|t:|1776107413
|move|p1a: Zapdos|Hurricane|p2a: Rhapsodie
|-damage|p2a: Rhapsodie|52/100 par
|move|p2a: Rhapsodie|Draining Kiss|p1a: Zapdos
|-damage|p1a: Zapdos|0 fnt
|-heal|p2a: Rhapsodie|74/100 par|[from] drain|[of] p1a: Zapdos
|faint|p1a: Zapdos
|
|win|TeraBlastGardevoir
|raw|no1 fun haver's rating: 1491 &rarr; <strong>1471</strong><br />(-20 for losing)
|raw|TeraBlastGardevoir's rating: 1498 &rarr; <strong>1518</strong><br />(+20 for winning)
|l| ohko_smeargle
|c|☆no1 fun haver|gg
|l|☆no1 fun haver
|player|p1|
|l|☆TeraBlastGardevoir
|player|p2|
|j|☆TeraBlastGardevoir
|player|p2|TeraBlastGardevoir|giovanni|
