|html|<div class="broadcast-blue"><strong>[Gen 9] OU is currently suspecting Tera Blast! For information on how to participate check out the <a href="https://www.smogon.com/tools/suspects/view/200">suspect thread</a>.</strong></div>
|j|☆Geyserg
|j|☆vmaurox
|t:|1776033270
|gametype|singles
|player|p1|Geyserg|170|1208
|player|p2|vmaurox|lucas|1275
|gen|9
|tier|[Gen 9] OU
|rated|
|rule|HP Percentage Mod: HP is shown in percentages
|rule|Endless Battle Clause: Forcing endless battles is banned
|rule|Species Clause: Limit one of each Pokémon
|rule|OHKO Clause: OHKO moves are banned
|rule|Evasion Items Clause: Evasion items are banned
|rule|Evasion Moves Clause: Evasion moves are banned
|rule|Evasion Abilities Clause: Evasion abilities are banned
|rule|Sleep Moves Clause: Sleep-inducing moves are banned
|clearpoke
|poke|p1|Blaziken, M|
|poke|p1|Greninja-*, F|
|poke|p1|Garganacl, F|
|poke|p1|Noivern, M|
|poke|p1|Scizor, M|
|poke|p1|Dusclops, F|
|poke|p2|Primarina, M|
|poke|p2|Cinderace, M|
|poke|p2|Conkeldurr, M|
|poke|p2|Latios, M|
|poke|p2|Great Tusk|
|poke|p2|Mandibuzz, F|
|teampreview
|inactive|Battle timer is ON: inactive players will automatically lose when time's up. (requested by vmaurox)
|
|t:|1776033286
|teamsize|p1|6
|teamsize|p2|6
|start
|switch|p1a: Dusclops|Dusclops, F|100/100
|switch|p2a: Primarina|Primarina, M|100/100
|-item|p2a: Primarina|Sitrus Berry|[from] ability: Frisk|[of] p1a: Dusclops
|turn|1
|
|t:|1776033294
|switch|p2a: Conkeldurr|Conkeldurr, M|100/100
|move|p1a: Dusclops|Will-O-Wisp|p2a: Conkeldurr
|-status|p2a: Conkeldurr|brn
|
|-damage|p2a: Conkeldurr|95/100 brn|[from] brn
|upkeep
|turn|2
|
|t:|1776033307
|move|p2a: Conkeldurr|Knock Off|p1a: Dusclops
|-supereffective|p1a: Dusclops
|-damage|p1a: Dusclops|24/100
|-enditem|p1a: Dusclops|Eviolite|[from] move: Knock Off|[of] p2a: Conkeldurr
|move|p1a: Dusclops|Hex|p2a: Conkeldurr
|-damage|p2a: Conkeldurr|55/100 brn
|
|-damage|p2a: Conkeldurr|49/100 brn|[from] brn
|upkeep
|turn|3
|
|t:|1776033324
|move|p2a: Conkeldurr|Knock Off|p1a: Dusclops
|-supereffective|p1a: Dusclops
|-damage|p1a: Dusclops|0 fnt
|faint|p1a: Dusclops
|
|-damage|p2a: Conkeldurr|43/100 brn|[from] brn
|upkeep
|
|t:|1776033328
|switch|p1a: Noivern|Noivern, M|100/100
|turn|4
|
|t:|1776033334
|move|p1a: Noivern|Air Slash|p2a: Conkeldurr
|-supereffective|p2a: Conkeldurr
|-damage|p2a: Conkeldurr|0 fnt
|faint|p2a: Conkeldurr
|
|upkeep
|
|t:|1776033338
|switch|p2a: Primarina|Primarina, M|100/100
|turn|5
|
|t:|1776033348
|switch|p1a: Scizor|Scizor, M|100/100
|move|p2a: Primarina|Calm Mind|p2a: Primarina
|-boost|p2a: Primarina|spa|1
|-boost|p2a: Primarina|spd|1
|
|upkeep
|turn|6
|
|t:|1776033353
|move|p2a: Primarina|Surf|p1a: Scizor
|-damage|p1a: Scizor|23/100
|move|p1a: Scizor|Swords Dance|p1a: Scizor
|-boost|p1a: Scizor|atk|2
|
|upkeep
|turn|7
|
|t:|1776033361
|switch|p2a: Mandibuzz|Mandibuzz, F|100/100
|-terastallize|p1a: Scizor|Steel
|move|p1a: Scizor|Bullet Punch|p2a: Mandibuzz
|-damage|p2a: Mandibuzz|29/100
|-damage|p1a: Scizor|7/100|[from] item: Rocky Helmet|[of] p2a: Mandibuzz
|-damage|p1a: Scizor|0 fnt|[from] item: Life Orb
|faint|p1a: Scizor
|
|upkeep
|
|t:|1776033370
|switch|p1a: Greninja|Greninja, F, shiny|100/100
|turn|8
|
|t:|1776033375
|move|p1a: Greninja|Ice Beam|p2a: Mandibuzz
|-start|p1a: Greninja|typechange|Ice|[from] ability: Protean
|-supereffective|p2a: Mandibuzz
|-damage|p2a: Mandibuzz|0 fnt
|faint|p2a: Mandibuzz
|
|upkeep
|
|t:|1776033380
|switch|p2a: Primarina|Primarina, M|100/100
|turn|9
|
|t:|1776033387
|switch|p1a: Garganacl|Garganacl, F|100/100
|move|p2a: Primarina|Calm Mind|p2a: Primarina
|-boost|p2a: Primarina|spa|1
|-boost|p2a: Primarina|spd|1
|
|upkeep
|turn|10
|
|t:|1776033397
|move|p2a: Primarina|Calm Mind|p2a: Primarina
|-boost|p2a: Primarina|spa|1
|-boost|p2a: Primarina|spd|1
|move|p1a: Garganacl|Salt Cure|p2a: Primarina
|-damage|p2a: Primarina|80/100
|-start|p2a: Primarina|Salt Cure
|
|-damage|p2a: Primarina|55/100|[from] Salt Cure
|upkeep
|turn|11
|
|t:|1776033409
|move|p2a: Primarina|Draining Kiss|p1a: Garganacl
|-damage|p1a: Garganacl|57/100
|-heal|p2a: Primarina|95/100|[from] drain|[of] p1a: Garganacl
|move|p1a: Garganacl|Earthquake|p2a: Primarina
|-damage|p2a: Primarina|67/100
|
|-heal|p1a: Garganacl|64/100|[from] item: Leftovers
|-damage|p2a: Primarina|42/100|[from] Salt Cure
|upkeep
|-enditem|p2a: Primarina|Sitrus Berry|[eat]
|-heal|p2a: Primarina|67/100|[from] item: Sitrus Berry
|turn|12
|
|t:|1776033424
|move|p2a: Primarina|Draining Kiss|p1a: Garganacl
|-damage|p1a: Garganacl|16/100
|-heal|p2a: Primarina|100/100|[from] drain|[of] p1a: Garganacl
|move|p1a: Garganacl|Salt Cure|p2a: Primarina
|-damage|p2a: Primarina|83/100
|
|-heal|p1a: Garganacl|22/100|[from] item: Leftovers
|-damage|p2a: Primarina|58/100|[from] Salt Cure
|upkeep
|turn|13
|
|t:|1776033435
|move|p2a: Primarina|Draining Kiss|p1a: Garganacl
|-damage|p1a: Garganacl|0 fnt
|-heal|p2a: Primarina|78/100|[from] drain|[of] p1a: Garganacl
|faint|p1a: Garganacl
|
|-damage|p2a: Primarina|53/100|[from] Salt Cure
|upkeep
|
|t:|1776033443
|switch|p1a: Greninja|Greninja, F, shiny|100/100
|turn|14
|
|t:|1776033446
|move|p1a: Greninja|Sludge Wave|p2a: Primarina
|-start|p1a: Greninja|typechange|Poison|[from] ability: Protean
|-supereffective|p2a: Primarina
|-damage|p2a: Primarina|14/100
|move|p2a: Primarina|Draining Kiss|p1a: Greninja
|-resisted|p1a: Greninja
|-damage|p1a: Greninja|64/100
|-heal|p2a: Primarina|38/100|[from] drain|[of] p1a: Greninja
|
|-damage|p2a: Primarina|13/100|[from] Salt Cure
|upkeep
|turn|15
|
|t:|1776033463
|move|p1a: Greninja|Sludge Wave|p2a: Primarina
|-supereffective|p2a: Primarina
|-damage|p2a: Primarina|0 fnt
|faint|p2a: Primarina
|
|upkeep
|
|t:|1776033474
|switch|p2a: Great Tusk|Great Tusk|100/100
|turn|16
|
|t:|1776033480
|switch|p1a: Blaziken|Blaziken, M|100/100
|move|p2a: Great Tusk|Rapid Spin|p1a: Blaziken
|-damage|p1a: Blaziken|69/100
|-boost|p2a: Great Tusk|spe|1
|
|upkeep
|turn|17
|
|t:|1776033496
|move|p2a: Great Tusk|Earthquake|p1a: Blaziken
|-supereffective|p1a: Blaziken
|-damage|p1a: Blaziken|0 fnt
|faint|p1a: Blaziken
|
|upkeep
|inactive|Geyserg has 120 seconds left.
|
|t:|1776033517
|switch|p1a: Greninja|Greninja, F, shiny|64/100
|turn|18
|
|t:|1776033523
|move|p1a: Greninja|Water Shuriken|p2a: Great Tusk
|-start|p1a: Greninja|typechange|Water|[from] ability: Protean
|-supereffective|p2a: Great Tusk
|-damage|p2a: Great Tusk|83/100
|-supereffective|p2a: Great Tusk
|-damage|p2a: Great Tusk|64/100
|-supereffective|p2a: Great Tusk
|-damage|p2a: Great Tusk|45/100
|-supereffective|p2a: Great Tusk
|-damage|p2a: Great Tusk|27/100
|-hitcount|p2a: Great Tusk|4
|move|p2a: Great Tusk|Earthquake|p1a: Greninja
|-damage|p1a: Greninja|0 fnt
|faint|p1a: Greninja
|
|-heal|p2a: Great Tusk|33/100|[from] item: Leftovers
|upkeep
|
|t:|1776033535
|switch|p1a: Noivern|Noivern, M|100/100
|turn|19
|
|t:|1776033541
|move|p1a: Noivern|Boomburst|p2a: Great Tusk
|-damage|p2a: Great Tusk|0 fnt
|faint|p2a: Great Tusk
|-end|p2a: Great Tusk|Protosynthesis|[silent]
|
|upkeep
|
|t:|1776033545
|switch|p2a: Latios|Latios, M|100/100
|turn|20
|
|t:|1776033549
|-terastallize|p2a: Latios|Steel
|move|p1a: Noivern|Boomburst|p2a: Latios
|-resisted|p2a: Latios
|-damage|p2a: Latios|72/100
|move|p2a: Latios|Draco Meteor|p1a: Noivern
|-supereffective|p1a: Noivern
|-damage|p1a: Noivern|0 fnt
|-unboost|p2a: Latios|spa|2
|faint|p1a: Noivern
|
|win|vmaurox
|raw|Geyserg's rating: 1208 &rarr; <strong>1188</strong><br />(-20 for losing)
|raw|vmaurox's rating: 1275 &rarr; <strong>1295</strong><br />(+20 for winning)
|l|☆vmaurox
|player|p2|
|l|☆Geyserg
|player|p1|
