|html|<div class="broadcast-blue"><strong>[Gen 9] OU is currently suspecting Tera Blast! For information on how to participate check out the <a href="https://www.smogon.com/tools/suspects/view/200">suspect thread</a>.</strong></div>
|j|☆Astylos
|j|☆eserraba
|t:|1776031609
|gametype|singles
|player|p1|Astylos|cynthia|1152
|player|p2|eserraba|2|1155
|gen|9
|tier|[Gen 9] OU
|rated|
|rule|HP Percentage Mod: HP is shown in percentages
|rule|Endless Battle Clause: Forcing endless battles is banned
|rule|Species Clause: Limit one of each Pokémon
|rule|OHKO Clause: OHKO moves are banned
|rule|Evasion Items Clause: Evasion items are banned
|rule|Evasion Moves Clause: Evasion moves are banned
|rule|Evasion Abilities Clause: Evasion abilities are banned
|rule|Sleep Moves Clause: Sleep-inducing moves are banned
|clearpoke
|poke|p1|Tornadus-Therian, M|
|poke|p1|Haxorus, M|
|poke|p1|Ogerpon-Wellspring, F|
|poke|p1|Alomomola, M|
|poke|p1|Raging Bolt|
|poke|p1|Pelipper, F|
|poke|p2|Masquerain, F|
|poke|p2|Eelektross, M|
|poke|p2|Shiftry, F|
|poke|p2|Volbeat, M|
|poke|p2|Seviper, F|
|poke|p2|Golduck, F|
|teampreview
|inactive|Battle timer is ON: inactive players will automatically lose when time's up. (requested by eserraba)
|
|t:|1776031625
|teamsize|p1|6
|teamsize|p2|6
|start
|switch|p1a: Haxorus|Haxorus, M, shiny|100/100
|switch|p2a: Eelektross|Eelektross, M|100/100
|-ability|p1a: Haxorus|Mold Breaker
|turn|1
|
|t:|1776031635
|move|p1a: Haxorus|Earthquake|p2a: Eelektross
|-supereffective|p2a: Eelektross
|-damage|p2a: Eelektross|0 fnt
|faint|p2a: Eelektross
|
|upkeep
|
|t:|1776031640
|switch|p2a: Masquerain|Masquerain, F|100/100
|-ability|p2a: Masquerain|Intimidate|boost
|-unboost|p1a: Haxorus|atk|1
|turn|2
|
|t:|1776031647
|switch|p1a: Raging Bolt|Raging Bolt|100/100
|-enditem|p1a: Raging Bolt|Booster Energy
|-activate|p1a: Raging Bolt|ability: Protosynthesis|[fromitem]
|-start|p1a: Raging Bolt|protosynthesisspa
|move|p2a: Masquerain|Quiver Dance|p2a: Masquerain
|-boost|p2a: Masquerain|spa|1
|-boost|p2a: Masquerain|spd|1
|-boost|p2a: Masquerain|spe|1
|
|upkeep
|turn|3
|
|t:|1776031656
|-terastallize|p2a: Masquerain|Ground
|move|p2a: Masquerain|Quiver Dance|p2a: Masquerain
|-boost|p2a: Masquerain|spa|1
|-boost|p2a: Masquerain|spd|1
|-boost|p2a: Masquerain|spe|1
|move|p1a: Raging Bolt|Calm Mind|p1a: Raging Bolt
|-boost|p1a: Raging Bolt|spa|1
|-boost|p1a: Raging Bolt|spd|1
|
|upkeep
|turn|4
|
|t:|1776031671
|move|p2a: Masquerain|Quiver Dance|p2a: Masquerain
|-boost|p2a: Masquerain|spa|1
|-boost|p2a: Masquerain|spd|1
|-boost|p2a: Masquerain|spe|1
|move|p1a: Raging Bolt|Draco Meteor|p2a: Masquerain
|-damage|p2a: Masquerain|18/100
|-unboost|p1a: Raging Bolt|spa|2
|
|upkeep
|turn|5
|
|t:|1776031680
|move|p2a: Masquerain|Mud Shot|p1a: Raging Bolt
|-supereffective|p1a: Raging Bolt
|-damage|p1a: Raging Bolt|11/100
|-unboost|p1a: Raging Bolt|spe|1
|move|p1a: Raging Bolt|Draco Meteor|p2a: Masquerain
|-damage|p2a: Masquerain|0 fnt
|-unboost|p1a: Raging Bolt|spa|2
|faint|p2a: Masquerain
|
|upkeep
|
|t:|1776031704
|switch|p2a: Shiftry|Shiftry, F|100/100
|turn|6
|
|t:|1776031712
|move|p2a: Shiftry|Sucker Punch|p1a: Raging Bolt
|-damage|p1a: Raging Bolt|0 fnt
|faint|p1a: Raging Bolt
|-end|p1a: Raging Bolt|Protosynthesis|[silent]
|
|upkeep
|
|t:|1776031716
|switch|p1a: Pelipper|Pelipper, F|100/100
|-weather|RainDance|[from] ability: Drizzle|[of] p1a: Pelipper
|turn|7
|
|t:|1776031728
|switch|p2a: Volbeat|Volbeat, M|100/100
|move|p1a: Pelipper|Hurricane|p2a: Volbeat
|-supereffective|p2a: Volbeat
|-damage|p2a: Volbeat|21/100
|-start|p2a: Volbeat|confusion
|-enditem|p2a: Volbeat|Red Card|[of] p1a: Pelipper
|drag|p1a: Tornadus|Tornadus-Therian, M|100/100
|
|-weather|RainDance|[upkeep]
|upkeep
|turn|8
|
|t:|1776031743
|-activate|p2a: Volbeat|confusion
|-damage|p2a: Volbeat|16/100|[from] confusion
|move|p1a: Tornadus|Hurricane|p2a: Volbeat
|-supereffective|p2a: Volbeat
|-damage|p2a: Volbeat|0 fnt
|faint|p2a: Volbeat
|
|-weather|RainDance|[upkeep]
|upkeep
|
|t:|1776031749
|switch|p2a: Shiftry|Shiftry, F|100/100
|turn|9
|
|t:|1776031752
|move|p1a: Tornadus|Hurricane|p2a: Shiftry
|-ability|p2a: Shiftry|Wind Rider|boost
|-boost|p2a: Shiftry|atk|1
|move|p2a: Shiftry|Swords Dance|p2a: Shiftry
|-boost|p2a: Shiftry|atk|2
|
|-weather|RainDance|[upkeep]
|upkeep
|turn|10
|
|t:|1776031759
|move|p2a: Shiftry|Sucker Punch|p1a: Tornadus
|-damage|p1a: Tornadus|22/100
|-damage|p2a: Shiftry|84/100|[from] item: Rocky Helmet|[of] p1a: Tornadus
|move|p1a: Tornadus|Heat Wave|p2a: Shiftry
|-ability|p2a: Shiftry|Wind Rider|boost
|-boost|p2a: Shiftry|atk|1
|
|-weather|RainDance|[upkeep]
|upkeep
|turn|11
|
|t:|1776031770
|move|p1a: Tornadus|U-turn|p2a: Shiftry
|-supereffective|p2a: Shiftry
|-damage|p2a: Shiftry|0 fnt
|faint|p2a: Shiftry
|
|t:|1776031776
|switch|p1a: Ogerpon|Ogerpon-Wellspring, F|100/100|[from] U-turn
|
|-weather|RainDance|[upkeep]
|upkeep
|-message|eserraba forfeited.
|
|win|Astylos
|raw|Astylos's rating: 1152 &rarr; <strong>1177</strong><br />(+25 for winning)
|raw|eserraba's rating: 1155 &rarr; <strong>1130</strong><br />(-25 for losing)
|l|☆eserraba
|player|p2|
|l|☆Astylos
|player|p1|
