|html|<div class="broadcast-blue"><strong>[Gen 9] OU is currently suspecting Tera Blast! For information on how to participate check out the <a href="https://www.smogon.com/tools/suspects/view/200">suspect thread</a>.</strong></div>
|j|☆Mrweston
|j|☆RedVersion643
|t:|1776090247
|gametype|singles
|player|p1|Mrweston|ghetsis-gen5bw|1210
|player|p2|RedVersion643|blue-masters2|1206
|gen|9
|tier|[Gen 9] OU
|rated|
|rule|HP Percentage Mod: HP is shown in percentages
|rule|Endless Battle Clause: Forcing endless battles is banned
|rule|Species Clause: Limit one of each Pokémon
|rule|OHKO Clause: OHKO moves are banned
|rule|Evasion Items Clause: Evasion items are banned
|rule|Evasion Moves Clause: Evasion moves are banned
|rule|Evasion Abilities Clause: Evasion abilities are banned
|rule|Sleep Moves Clause: Sleep-inducing moves are banned
|clearpoke
|poke|p1|Hawlucha, M|
|poke|p1|Blaziken, F|
|poke|p1|Magnezone|
|poke|p1|Haunter, M|
|poke|p1|Donphan, F|
|poke|p1|Haxorus, M|
|poke|p2|Suicune|
|poke|p2|Ceruledge, M|
|poke|p2|Rillaboom, M|
|poke|p2|Mimikyu, M|
|poke|p2|Glimmora, M|
|poke|p2|Zapdos-Galar|
|teampreview
|inactive|Battle timer is ON: inactive players will automatically lose when time's up. (requested by Mrweston)
|inactive|RedVersion643 also wants the timer to be on.
|
|t:|1776090275
|teamsize|p1|6
|teamsize|p2|6
|start
|switch|p1a: Haunter|Haunter, M|100/100
|switch|p2a: Zapdos|Zapdos-Galar|100/100
|turn|1
|
|t:|1776090281
|move|p2a: Zapdos|Knock Off|p1a: Haunter
|-supereffective|p1a: Haunter
|-enditem|p1a: Haunter|Focus Sash
|-damage|p1a: Haunter|1/100
|move|p1a: Haunter|Will-O-Wisp|p2a: Zapdos|[miss]
|-miss|p1a: Haunter|p2a: Zapdos
|
|upkeep
|turn|2
|c|☆Mrweston|Nice lum berry
|c|☆RedVersion643|?
|inactive|Mrweston has 120 seconds left.
|c|☆RedVersion643|U wish hehe
|
|t:|1776090318
|switch|p1a: Donphan|Donphan, F|100/100
|move|p2a: Zapdos|Knock Off|p1a: Donphan
|-damage|p1a: Donphan|75/100
|-enditem|p1a: Donphan|Heavy-Duty Boots|[from] move: Knock Off|[of] p2a: Zapdos
|
|upkeep
|turn|3
|
|t:|1776090327
|move|p2a: Zapdos|Thunderous Kick|p1a: Donphan
|-damage|p1a: Donphan|39/100
|-unboost|p1a: Donphan|def|1
|move|p1a: Donphan|Knock Off|p2a: Zapdos
|-resisted|p2a: Zapdos
|-damage|p2a: Zapdos|82/100
|-enditem|p2a: Zapdos|Expert Belt|[from] move: Knock Off|[of] p1a: Donphan
|
|upkeep
|turn|4
|
|t:|1776090337
|move|p1a: Donphan|Ice Shard|p2a: Zapdos
|-supereffective|p2a: Zapdos
|-damage|p2a: Zapdos|46/100
|move|p2a: Zapdos|Thunderous Kick|p1a: Donphan
|-damage|p1a: Donphan|0 fnt
|faint|p1a: Donphan
|
|upkeep
|
|t:|1776090347
|switch|p1a: Hawlucha|Hawlucha, M, shiny|100/100
|-ability|p1a: Hawlucha|Mold Breaker
|turn|5
|
|t:|1776090353
|move|p1a: Hawlucha|Brave Bird|p2a: Zapdos
|-supereffective|p2a: Zapdos
|-damage|p2a: Zapdos|0 fnt
|faint|p2a: Zapdos
|-damage|p1a: Hawlucha|84/100|[from] Recoil
|
|upkeep
|
|t:|1776090359
|switch|p2a: Glimmora|Glimmora, M|100/100
|-item|p2a: Glimmora|Air Balloon
|turn|6
|
|t:|1776090372
|switch|p1a: Magnezone|Magnezone, shiny|100/100
|move|p2a: Glimmora|Stealth Rock|p1a: Magnezone
|-sidestart|p1: Mrweston|move: Stealth Rock
|
|upkeep
|turn|7
|
|t:|1776090379
|move|p2a: Glimmora|Spiky Shield|p2a: Glimmora
|-singleturn|p2a: Glimmora|move: Protect
|move|p1a: Magnezone|Flash Cannon|p2a: Glimmora
|-activate|p2a: Glimmora|move: Protect
|
|upkeep
|turn|8
|
|t:|1776090388
|switch|p2a: Ceruledge|Ceruledge, M|100/100
|move|p1a: Magnezone|Volt Switch|p2a: Ceruledge
|-damage|p2a: Ceruledge|59/100
|
|t:|1776090394
|switch|p1a: Hawlucha|Hawlucha, M, shiny|84/100|[from] Volt Switch
|-damage|p1a: Hawlucha|72/100|[from] Stealth Rock
|-ability|p1a: Hawlucha|Mold Breaker
|
|upkeep
|turn|9
|
|t:|1776090401
|move|p1a: Hawlucha|Brave Bird|p2a: Ceruledge
|-damage|p2a: Ceruledge|0 fnt
|faint|p2a: Ceruledge
|-damage|p1a: Hawlucha|53/100|[from] Recoil
|
|upkeep
|
|t:|1776090407
|switch|p2a: Glimmora|Glimmora, M|100/100
|-item|p2a: Glimmora|Air Balloon
|turn|10
|
|t:|1776090411
|switch|p1a: Magnezone|Magnezone, shiny|100/100
|-damage|p1a: Magnezone|94/100|[from] Stealth Rock
|move|p2a: Glimmora|Mortal Spin|p1a: Magnezone
|-immune|p1a: Magnezone
|
|upkeep
|turn|11
|
|t:|1776090423
|switch|p2a: Suicune|Suicune|100/100
|-ability|p2a: Suicune|Pressure
|move|p1a: Magnezone|Volt Switch|p2a: Suicune
|-supereffective|p2a: Suicune
|-damage|p2a: Suicune|49/100
|
|t:|1776090428
|switch|p1a: Hawlucha|Hawlucha, M, shiny|53/100|[from] Volt Switch
|-damage|p1a: Hawlucha|40/100|[from] Stealth Rock
|-ability|p1a: Hawlucha|Mold Breaker
|
|-heal|p2a: Suicune|55/100|[from] item: Leftovers
|upkeep
|turn|12
|
|t:|1776090437
|switch|p2a: Glimmora|Glimmora, M|100/100
|-item|p2a: Glimmora|Air Balloon
|move|p1a: Hawlucha|Defog|p2a: Glimmora
|-unboost|p2a: Glimmora|evasion|1
|-sideend|p1: Mrweston|Stealth Rock|[from] move: Defog|[of] p1a: Hawlucha
|
|upkeep
|turn|13
|
|t:|1776090445
|switch|p1a: Magnezone|Magnezone, shiny|94/100
|move|p2a: Glimmora|Stealth Rock|p1a: Magnezone
|-sidestart|p1: Mrweston|move: Stealth Rock
|
|upkeep
|turn|14
|
|t:|1776090452
|switch|p2a: Rillaboom|Rillaboom, M|100/100
|-fieldstart|move: Grassy Terrain|[from] ability: Grassy Surge|[of] p2a: Rillaboom
|-enditem|p2a: Rillaboom|Grassy Seed
|-boost|p2a: Rillaboom|def|1|[from] item: Grassy Seed
|move|p1a: Magnezone|Flash Cannon|p2a: Rillaboom
|-damage|p2a: Rillaboom|48/100
|
|-heal|p2a: Rillaboom|54/100|[from] Grassy Terrain
|-heal|p1a: Magnezone|100/100|[from] Grassy Terrain
|upkeep
|turn|15
|
|t:|1776090469
|move|p2a: Rillaboom|Grassy Glide|p1a: Magnezone
|-resisted|p1a: Magnezone
|-damage|p1a: Magnezone|85/100
|move|p1a: Magnezone|Volt Switch|p2a: Rillaboom
|-resisted|p2a: Rillaboom
|-damage|p2a: Rillaboom|31/100
|
|t:|1776090472
|switch|p1a: Hawlucha|Hawlucha, M, shiny|40/100|[from] Volt Switch
|-damage|p1a: Hawlucha|28/100|[from] Stealth Rock
|-ability|p1a: Hawlucha|Mold Breaker
|
|-heal|p2a: Rillaboom|37/100|[from] Grassy Terrain
|upkeep
|turn|16
|
|t:|1776090481
|move|p2a: Rillaboom|Grassy Glide|p1a: Hawlucha
|-resisted|p1a: Hawlucha
|-damage|p1a: Hawlucha|3/100
|move|p1a: Hawlucha|Defog|p2a: Rillaboom
|-unboost|p2a: Rillaboom|evasion|1
|-sideend|p1: Mrweston|Stealth Rock|[from] move: Defog|[of] p1a: Hawlucha
|-fieldend|move: Grassy Terrain
|
|upkeep
|turn|17
|
|t:|1776090488
|switch|p1a: Magnezone|Magnezone, shiny|85/100
|move|p2a: Rillaboom|Grassy Glide|p1a: Magnezone
|-resisted|p1a: Magnezone
|-damage|p1a: Magnezone|74/100
|
|upkeep
|turn|18
|
|t:|1776090498
|move|p2a: Rillaboom|Knock Off|p1a: Magnezone
|-damage|p1a: Magnezone|47/100
|-enditem|p1a: Magnezone|Assault Vest|[from] move: Knock Off|[of] p2a: Rillaboom
|move|p1a: Magnezone|Flash Cannon|p2a: Rillaboom
|-damage|p2a: Rillaboom|0 fnt
|faint|p2a: Rillaboom
|
|upkeep
|
|t:|1776090508
|switch|p2a: Mimikyu|Mimikyu, M|100/100
|turn|19
|
|t:|1776090518
|move|p2a: Mimikyu|Swords Dance|p2a: Mimikyu
|-boost|p2a: Mimikyu|atk|2
|move|p1a: Magnezone|Volt Switch|p2a: Mimikyu
|-activate|p2a: Mimikyu|ability: Disguise
|-damage|p2a: Mimikyu|100/100
|detailschange|p2a: Mimikyu|Mimikyu-Busted, M
|-damage|p2a: Mimikyu|88/100|[from] pokemon: Mimikyu-Busted
|
|t:|1776090527
|switch|p1a: Haxorus|Haxorus, M, shiny|100/100|[from] Volt Switch
|-ability|p1a: Haxorus|Mold Breaker
|
|upkeep
|turn|20
|
|t:|1776090535
|move|p2a: Mimikyu|Phantom Force||[still]
|-prepare|p2a: Mimikyu|Phantom Force
|move|p1a: Haxorus|Iron Head|p2a: Mimikyu|[miss]
|-miss|p1a: Haxorus|p2a: Mimikyu
|
|upkeep
|turn|21
|
|t:|1776090539
|move|p2a: Mimikyu|Phantom Force|p1a: Haxorus|[from] lockedmove
|-enditem|p1a: Haxorus|Focus Sash
|-damage|p1a: Haxorus|1/100
|-damage|p2a: Mimikyu|78/100|[from] item: Life Orb
|move|p1a: Haxorus|Iron Head|p2a: Mimikyu
|-supereffective|p2a: Mimikyu
|-damage|p2a: Mimikyu|0 fnt
|faint|p2a: Mimikyu
|
|upkeep
|-message|RedVersion643 forfeited.
|
|win|Mrweston
|raw|Mrweston's rating: 1210 &rarr; <strong>1235</strong><br />(+25 for winning)
|raw|RedVersion643's rating: 1206 &rarr; <strong>1181</strong><br />(-25 for losing)
|l|☆RedVersion643
|player|p2|
|l|☆Mrweston
|player|p1|
