|html|<div class="broadcast-blue"><strong>[Gen 9] OU is currently suspecting Tera Blast! For information on how to participate check out the <a href="https://www.smogon.com/tools/suspects/view/200">suspect thread</a>.</strong></div>
|j|☆Yothas
|j|☆Valar morghulis
|t:|1776042357
|gametype|singles
|player|p1|Yothas|101|1371
|player|p2|Valar morghulis|265|1332
|gen|9
|tier|[Gen 9] OU
|rated|
|rule|HP Percentage Mod: HP is shown in percentages
|rule|Endless Battle Clause: Forcing endless battles is banned
|rule|Species Clause: Limit one of each Pokémon
|rule|OHKO Clause: OHKO moves are banned
|rule|Evasion Items Clause: Evasion items are banned
|rule|Evasion Moves Clause: Evasion moves are banned
|rule|Evasion Abilities Clause: Evasion abilities are banned
|rule|Sleep Moves Clause: Sleep-inducing moves are banned
|clearpoke
|poke|p1|Decidueye-Hisui, F|
|poke|p1|Zapdos|
|poke|p1|Slowking-Galar, F|
|poke|p1|Iron Treads|
|poke|p1|Dondozo, F|
|poke|p1|Weavile, F|
|poke|p2|Gliscor, M|
|poke|p2|Alomomola, M|
|poke|p2|Corviknight, M|
|poke|p2|Tyranitar, M|
|poke|p2|Cinderace, F|
|poke|p2|Slowking-Galar, M|
|teampreview
|inactive|Battle timer is ON: inactive players will automatically lose when time's up. (requested by Yothas)
|
|t:|1776042380
|teamsize|p1|6
|teamsize|p2|6
|start
|switch|p1a: Weavile|Weavile, F|100/100
|switch|p2a: Tyranitar|Tyranitar, M|100/100
|-ability|p1a: Weavile|Pressure
|-weather|Sandstorm|[from] ability: Sand Stream|[of] p2a: Tyranitar
|turn|1
|
|t:|1776042389
|switch|p1a: Dondozo|Dondozo, F|100/100
|switch|p2a: Corviknight|Corviknight, M|100/100
|
|-weather|Sandstorm|[upkeep]
|-damage|p1a: Dondozo|94/100|[from] Sandstorm
|upkeep
|turn|2
|
|t:|1776042403
|move|p2a: Corviknight|U-turn|p1a: Dondozo
|-damage|p1a: Dondozo|88/100
|-damage|p2a: Corviknight|84/100|[from] item: Rocky Helmet|[of] p1a: Dondozo
|
|t:|1776042414
|switch|p2a: Tyranitar|Tyranitar, M|100/100|[from] U-turn
|move|p1a: Dondozo|Liquidation|p2a: Tyranitar
|-supereffective|p2a: Tyranitar
|-damage|p2a: Tyranitar|57/100
|
|-weather|Sandstorm|[upkeep]
|-damage|p1a: Dondozo|82/100|[from] Sandstorm
|-heal|p2a: Tyranitar|63/100|[from] item: Leftovers
|upkeep
|turn|3
|
|t:|1776042428
|switch|p2a: Alomomola|Alomomola, M|100/100
|move|p1a: Dondozo|Body Press|p2a: Alomomola
|-damage|p2a: Alomomola|84/100
|-damage|p1a: Dondozo|66/100|[from] item: Rocky Helmet|[of] p2a: Alomomola
|
|-weather|Sandstorm|[upkeep]
|-damage|p2a: Alomomola|78/100|[from] Sandstorm
|-damage|p1a: Dondozo|59/100|[from] Sandstorm
|upkeep
|turn|4
|
|t:|1776042433
|switch|p1a: Slowking|Slowking-Galar, F|100/100
|move|p2a: Alomomola|Wish|p2a: Alomomola
|
|-weather|Sandstorm|[upkeep]
|-damage|p2a: Alomomola|72/100|[from] Sandstorm
|-damage|p1a: Slowking|94/100|[from] Sandstorm
|upkeep
|turn|5
|
|t:|1776042440
|move|p2a: Alomomola|Flip Turn|p1a: Slowking
|-damage|p1a: Slowking|78/100
|
|t:|1776042444
|switch|p2a: Tyranitar|Tyranitar, M|63/100|[from] Flip Turn
|move|p1a: Slowking|Thunder Wave|p2a: Tyranitar|[miss]
|-miss|p1a: Slowking|p2a: Tyranitar
|
|-weather|none
|-heal|p2a: Tyranitar|100/100|[from] move: Wish|[wisher] Alomomola
|upkeep
|turn|6
|
|t:|1776042457
|switch|p1a: Dondozo|Dondozo, F|59/100
|move|p2a: Tyranitar|Knock Off|p1a: Dondozo
|-damage|p1a: Dondozo|40/100
|-damage|p2a: Tyranitar|84/100|[from] item: Rocky Helmet|[of] p1a: Dondozo
|-enditem|p1a: Dondozo|Rocky Helmet|[from] move: Knock Off|[of] p2a: Tyranitar
|
|-heal|p2a: Tyranitar|90/100|[from] item: Leftovers
|upkeep
|turn|7
|
|t:|1776042471
|switch|p2a: Alomomola|Alomomola, M|100/100
|move|p1a: Dondozo|Rest|p1a: Dondozo
|-status|p1a: Dondozo|slp|[from] move: Rest
|-heal|p1a: Dondozo|100/100 slp|[silent]
|
|upkeep
|turn|8
|
|t:|1776042494
|switch|p1a: Slowking|Slowking-Galar, F|100/100
|move|p2a: Alomomola|Wish|p2a: Alomomola
|
|upkeep
|turn|9
|
|t:|1776042504
|move|p2a: Alomomola|Flip Turn|p1a: Slowking
|-damage|p1a: Slowking|86/100
|
|t:|1776042511
|switch|p2a: Tyranitar|Tyranitar, M|90/100|[from] Flip Turn
|-weather|Sandstorm|[from] ability: Sand Stream|[of] p2a: Tyranitar
|move|p1a: Slowking|Surf|p2a: Tyranitar
|-supereffective|p2a: Tyranitar
|-damage|p2a: Tyranitar|71/100
|
|-weather|Sandstorm|[upkeep]
|-damage|p1a: Slowking|80/100|[from] Sandstorm
|-heal|p2a: Tyranitar|100/100|[from] move: Wish|[wisher] Alomomola
|upkeep
|turn|10
|
|t:|1776042528
|switch|p1a: Dondozo|Dondozo, F|100/100 slp
|move|p2a: Tyranitar|Stealth Rock|p1a: Dondozo
|-sidestart|p1: Yothas|move: Stealth Rock
|
|-weather|Sandstorm|[upkeep]
|-damage|p1a: Dondozo|94/100 slp|[from] Sandstorm
|upkeep
|turn|11
|
|t:|1776042538
|switch|p2a: Slowking|Slowking-Galar, M|100/100
|switch|p1a: Decidueye|Decidueye-Hisui, F|100/100
|-damage|p1a: Decidueye|95/100|[from] Stealth Rock
|
|-weather|Sandstorm|[upkeep]
|-damage|p1a: Decidueye|89/100|[from] Sandstorm
|-damage|p2a: Slowking|94/100|[from] Sandstorm
|upkeep
|turn|12
|
|t:|1776042549
|switch|p2a: Corviknight|Corviknight, M|84/100
|move|p1a: Decidueye|Knock Off|p2a: Corviknight
|-damage|p2a: Corviknight|52/100
|-damage|p1a: Decidueye|72/100|[from] item: Rocky Helmet|[of] p2a: Corviknight
|-enditem|p2a: Corviknight|Rocky Helmet|[from] move: Knock Off|[of] p1a: Decidueye
|
|-weather|Sandstorm|[upkeep]
|-damage|p1a: Decidueye|66/100|[from] Sandstorm
|upkeep
|turn|13
|
|t:|1776042564
|switch|p1a: Slowking|Slowking-Galar, F|100/100
|move|p2a: Corviknight|Roost|p2a: Corviknight
|-heal|p2a: Corviknight|100/100
|-singleturn|p2a: Corviknight|move: Roost
|
|-weather|none
|upkeep
|turn|14
|
|t:|1776042574
|move|p2a: Corviknight|U-turn|p1a: Slowking
|-damage|p1a: Slowking|85/100
|
|t:|1776042577
|switch|p2a: Tyranitar|Tyranitar, M|100/100|[from] U-turn
|-weather|Sandstorm|[from] ability: Sand Stream|[of] p2a: Tyranitar
|move|p1a: Slowking|Thunder Wave|p2a: Tyranitar
|-status|p2a: Tyranitar|par
|
|-weather|Sandstorm|[upkeep]
|-damage|p1a: Slowking|79/100|[from] Sandstorm
|upkeep
|turn|15
|
|t:|1776042590
|switch|p1a: Dondozo|Dondozo, F|94/100 slp
|-damage|p1a: Dondozo|82/100 slp|[from] Stealth Rock
|move|p2a: Tyranitar|Dragon Tail|p1a: Dondozo
|-damage|p1a: Dondozo|73/100 slp
|drag|p1a: Weavile|Weavile, F|100/100
|-ability|p1a: Weavile|Pressure
|
|-weather|Sandstorm|[upkeep]
|-damage|p1a: Weavile|94/100|[from] Sandstorm
|upkeep
|turn|16
|
|t:|1776042606
|switch|p2a: Alomomola|Alomomola, M|100/100
|move|p1a: Weavile|Swords Dance|p1a: Weavile
|-boost|p1a: Weavile|atk|2
|
|-weather|Sandstorm|[upkeep]
|-damage|p1a: Weavile|88/100|[from] Sandstorm
|-damage|p2a: Alomomola|94/100|[from] Sandstorm
|upkeep
|turn|17
|
|t:|1776042612
|move|p1a: Weavile|Knock Off|p2a: Alomomola
|-damage|p2a: Alomomola|43/100
|-damage|p1a: Weavile|72/100|[from] item: Rocky Helmet|[of] p2a: Alomomola
|-enditem|p2a: Alomomola|Rocky Helmet|[from] move: Knock Off|[of] p1a: Weavile
|move|p2a: Alomomola|Scald|p1a: Weavile
|-damage|p1a: Weavile|51/100
|
|-weather|Sandstorm|[upkeep]
|-damage|p1a: Weavile|45/100|[from] Sandstorm
|-damage|p2a: Alomomola|36/100|[from] Sandstorm
|upkeep
|turn|18
|
|t:|1776042626
|switch|p2a: Corviknight|Corviknight, M|100/100
|move|p1a: Weavile|Swords Dance|p1a: Weavile
|-boost|p1a: Weavile|atk|2
|
|-weather|none
|upkeep
|turn|19
|
|t:|1776042639
|-terastallize|p2a: Corviknight|Fighting
|move|p1a: Weavile|Triple Axel|p2a: Corviknight
|-damage|p2a: Corviknight|83/100
|-damage|p2a: Corviknight|46/100
|-damage|p2a: Corviknight|0 fnt
|faint|p2a: Corviknight
|-hitcount|p2: Corviknight|3
|
|upkeep
|
|t:|1776042657
|switch|p2a: Cinderace|Cinderace, F|100/100
|turn|20
|
|t:|1776042663
|move|p1a: Weavile|Knock Off|p2a: Cinderace
|-damage|p2a: Cinderace|0 fnt
|-enditem|p2a: Cinderace|Heavy-Duty Boots|[from] move: Knock Off|[of] p1a: Weavile
|faint|p2a: Cinderace
|
|upkeep
|-message|Valar morghulis forfeited.
|
|win|Yothas
|raw|Yothas's rating: 1371 &rarr; <strong>1389</strong><br />(+18 for winning)
|raw|Valar morghulis's rating: 1332 &rarr; <strong>1314</strong><br />(-18 for losing)
|l|☆Valar morghulis
|player|p2|
|l|☆Yothas
|player|p1|
