|html|<div class="broadcast-blue"><strong>[Gen 9] OU is currently suspecting Tera Blast! For information on how to participate check out the <a href="https://www.smogon.com/tools/suspects/view/200">suspect thread</a>.</strong></div>
|j|☆czh20100601
|j|☆grgrgrggrgr
|t:|1776065076
|gametype|singles
|player|p1|czh20100601|266|1151
|player|p2|grgrgrggrgr|bugcatcher-gen4dp|1217
|gen|9
|tier|[Gen 9] OU
|rated|
|rule|HP Percentage Mod: HP is shown in percentages
|rule|Endless Battle Clause: Forcing endless battles is banned
|rule|Species Clause: Limit one of each Pokémon
|rule|OHKO Clause: OHKO moves are banned
|rule|Evasion Items Clause: Evasion items are banned
|rule|Evasion Moves Clause: Evasion moves are banned
|rule|Evasion Abilities Clause: Evasion abilities are banned
|rule|Sleep Moves Clause: Sleep-inducing moves are banned
|clearpoke
|poke|p1|Greninja-*, M|
|poke|p1|Sceptile, F|
|poke|p1|Infernape, F|
|poke|p1|Blaziken, M|
|poke|p1|Decidueye, F|
|poke|p1|Blastoise, F|
|poke|p2|Mimikyu, M|
|poke|p2|Gliscor, M|
|poke|p2|Great Tusk|
|poke|p2|Ogerpon-Wellspring, F|
|poke|p2|Corviknight, M|
|poke|p2|Iron Moth|
|teampreview
|
|t:|1776065090
|teamsize|p1|6
|teamsize|p2|6
|start
|switch|p1a: Blaziken|Blaziken, M|100/100
|switch|p2a: Gliscor|Gliscor, M|100/100
|turn|1
|
|t:|1776065095
|move|p2a: Gliscor|Protect|p2a: Gliscor
|-singleturn|p2a: Gliscor|Protect
|move|p1a: Blaziken|Flamethrower|p2a: Gliscor
|-activate|p2a: Gliscor|move: Protect
|
|-ability|p1a: Blaziken|Speed Boost|boost
|-boost|p1a: Blaziken|spe|1
|-status|p2a: Gliscor|tox|[from] item: Toxic Orb
|upkeep
|turn|2
|
|t:|1776065111
|move|p1a: Blaziken|Flamethrower|p2a: Gliscor
|-damage|p2a: Gliscor|49/100 tox
|move|p2a: Gliscor|Earthquake|p1a: Blaziken
|-supereffective|p1a: Blaziken
|-damage|p1a: Blaziken|3/100
|
|-heal|p2a: Gliscor|61/100 tox|[from] ability: Poison Heal
|-ability|p1a: Blaziken|Speed Boost|boost
|-boost|p1a: Blaziken|spe|1
|upkeep
|turn|3
|
|t:|1776065120
|move|p2a: Gliscor|Protect|p2a: Gliscor
|-singleturn|p2a: Gliscor|Protect
|move|p1a: Blaziken|Solar Beam||[still]
|-prepare|p1a: Blaziken|Solar Beam
|-enditem|p1a: Blaziken|Power Herb
|-anim|p1a: Blaziken|Solar Beam|p2a: Gliscor
|-activate|p2a: Gliscor|move: Protect
|
|-heal|p2a: Gliscor|74/100 tox|[from] ability: Poison Heal
|-ability|p1a: Blaziken|Speed Boost|boost
|-boost|p1a: Blaziken|spe|1
|upkeep
|turn|4
|
|t:|1776065132
|move|p1a: Blaziken|Flamethrower|p2a: Gliscor
|-damage|p2a: Gliscor|16/100 tox
|move|p2a: Gliscor|Earthquake|p1a: Blaziken
|-supereffective|p1a: Blaziken
|-damage|p1a: Blaziken|0 fnt
|faint|p1a: Blaziken
|
|-heal|p2a: Gliscor|29/100 tox|[from] ability: Poison Heal
|upkeep
|
|t:|1776065139
|switch|p1a: Sceptile|Sceptile, F|100/100
|turn|5
|
|t:|1776065145
|move|p2a: Gliscor|Protect|p2a: Gliscor
|-singleturn|p2a: Gliscor|Protect
|move|p1a: Sceptile|Swords Dance|p1a: Sceptile
|-boost|p1a: Sceptile|atk|2
|
|-heal|p2a: Gliscor|41/100 tox|[from] ability: Poison Heal
|upkeep
|turn|6
|
|t:|1776065153
|switch|p2a: Corviknight|Corviknight, M|100/100
|-ability|p2a: Corviknight|Pressure
|move|p1a: Sceptile|Leaf Blade|p2a: Corviknight
|-resisted|p2a: Corviknight
|-damage|p2a: Corviknight|90/100
|-damage|p1a: Sceptile|84/100|[from] item: Rocky Helmet|[of] p2a: Corviknight
|
|upkeep
|turn|7
|
|t:|1776065161
|move|p1a: Sceptile|Low Kick|p2a: Corviknight
|-damage|p2a: Corviknight|62/100
|-damage|p1a: Sceptile|68/100|[from] item: Rocky Helmet|[of] p2a: Corviknight
|move|p2a: Corviknight|Brave Bird|p1a: Sceptile
|-supereffective|p1a: Sceptile
|-damage|p1a: Sceptile|0 fnt
|faint|p1a: Sceptile
|-damage|p2a: Corviknight|48/100|[from] Recoil
|
|upkeep
|
|t:|1776065166
|switch|p1a: Infernape|Infernape, F|100/100
|turn|8
|
|t:|1776065178
|switch|p2a: Ogerpon|Ogerpon-Wellspring, F|100/100
|move|p1a: Infernape|Fire Blast|p2a: Ogerpon
|-damage|p2a: Ogerpon|28/100
|-damage|p1a: Infernape|91/100|[from] item: Life Orb
|
|upkeep
|turn|9
|
|t:|1776065186
|move|p1a: Infernape|Vacuum Wave|p2a: Ogerpon
|-damage|p2a: Ogerpon|0 fnt
|faint|p2a: Ogerpon
|-damage|p1a: Infernape|81/100|[from] item: Life Orb
|
|upkeep
|
|t:|1776065191
|switch|p2a: Great Tusk|Great Tusk|100/100
|turn|10
|
|t:|1776065200
|move|p1a: Infernape|Focus Blast|p2a: Great Tusk
|-damage|p2a: Great Tusk|15/100
|-damage|p1a: Infernape|71/100|[from] item: Life Orb
|move|p2a: Great Tusk|Headlong Rush|p1a: Infernape
|-supereffective|p1a: Infernape
|-damage|p1a: Infernape|0 fnt
|-unboost|p2a: Great Tusk|def|1
|-unboost|p2a: Great Tusk|spd|1
|faint|p1a: Infernape
|
|-heal|p2a: Great Tusk|21/100|[from] item: Leftovers
|upkeep
|
|t:|1776065206
|switch|p1a: Greninja|Greninja, M|100/100
|turn|11
|
|t:|1776065218
|-end|p2a: Great Tusk|Protosynthesis|[silent]
|switch|p2a: Corviknight|Corviknight, M|48/100
|-ability|p2a: Corviknight|Pressure
|move|p1a: Greninja|U-turn|p2a: Corviknight
|-start|p1a: Greninja|typechange|Bug|[from] ability: Protean
|-resisted|p2a: Corviknight
|-damage|p2a: Corviknight|42/100
|-damage|p1a: Greninja|84/100|[from] item: Rocky Helmet|[of] p2a: Corviknight
|
|t:|1776065224
|switch|p1a: Decidueye|Decidueye, F|100/100|[from] U-turn
|
|upkeep
|turn|12
|
|t:|1776065230
|move|p1a: Decidueye|Nasty Plot|p1a: Decidueye
|-boost|p1a: Decidueye|spa|2
|move|p2a: Corviknight|Roost|p2a: Corviknight
|-heal|p2a: Corviknight|92/100
|-singleturn|p2a: Corviknight|move: Roost
|
|upkeep
|turn|13
|
|t:|1776065238
|move|p1a: Decidueye|Shadow Ball|p2a: Corviknight
|-damage|p2a: Corviknight|28/100
|move|p2a: Corviknight|Brave Bird|p1a: Decidueye
|-supereffective|p1a: Decidueye
|-damage|p1a: Decidueye|2/100
|-enditem|p1a: Decidueye|Salac Berry|[eat]
|-boost|p1a: Decidueye|spe|1|[from] item: Salac Berry
|-damage|p2a: Corviknight|3/100|[from] Recoil
|
|upkeep
|turn|14
|
|t:|1776065249
|move|p1a: Decidueye|Shadow Ball|p2a: Corviknight
|-damage|p2a: Corviknight|0 fnt
|faint|p2a: Corviknight
|
|upkeep
|
|t:|1776065256
|switch|p2a: Mimikyu|Mimikyu, M|100/100
|turn|15
|
|t:|1776065260
|move|p2a: Mimikyu|Shadow Sneak|p1a: Decidueye
|-supereffective|p1a: Decidueye
|-crit|p1a: Decidueye
|-damage|p1a: Decidueye|0 fnt
|faint|p1a: Decidueye
|-damage|p2a: Mimikyu|91/100|[from] item: Life Orb
|
|upkeep
|
|t:|1776065262
|switch|p1a: Greninja|Greninja, M|84/100
|turn|16
|
|t:|1776065268
|move|p1a: Greninja|Liquidation|p2a: Mimikyu
|-start|p1a: Greninja|typechange|Water|[from] ability: Protean
|-activate|p2a: Mimikyu|ability: Disguise
|-damage|p2a: Mimikyu|91/100
|detailschange|p2a: Mimikyu|Mimikyu-Busted, M
|-damage|p2a: Mimikyu|78/100|[from] pokemon: Mimikyu-Busted
|move|p2a: Mimikyu|Play Rough|p1a: Greninja
|-damage|p1a: Greninja|2/100
|-damage|p2a: Mimikyu|68/100|[from] item: Life Orb
|
|upkeep
|turn|17
|
|t:|1776065280
|move|p2a: Mimikyu|Shadow Sneak|p1a: Greninja
|-damage|p1a: Greninja|0 fnt
|faint|p1a: Greninja
|-damage|p2a: Mimikyu|58/100|[from] item: Life Orb
|
|upkeep
|
|t:|1776065282
|switch|p1a: Blastoise|Blastoise, F|100/100
|turn|18
|
|t:|1776065293
|move|p2a: Mimikyu|Play Rough|p1a: Blastoise|[miss]
|-miss|p2a: Mimikyu|p1a: Blastoise
|move|p1a: Blastoise|Shell Smash|p1a: Blastoise
|-unboost|p1a: Blastoise|def|1
|-unboost|p1a: Blastoise|spd|1
|-boost|p1a: Blastoise|atk|2
|-boost|p1a: Blastoise|spa|2
|-boost|p1a: Blastoise|spe|2
|-enditem|p1a: Blastoise|White Herb
|-clearnegativeboost|p1a: Blastoise|[silent]
|
|upkeep
|turn|19
|
|t:|1776065304
|move|p2a: Mimikyu|Shadow Sneak|p1a: Blastoise
|-damage|p1a: Blastoise|73/100
|-damage|p2a: Mimikyu|48/100|[from] item: Life Orb
|move|p1a: Blastoise|Earthquake|p2a: Mimikyu
|-crit|p2a: Mimikyu
|-damage|p2a: Mimikyu|0 fnt
|faint|p2a: Mimikyu
|
|upkeep
|
|t:|1776065318
|switch|p2a: Gliscor|Gliscor, M|41/100 tox
|turn|20
|
|t:|1776065329
|-terastallize|p2a: Gliscor|Water
|move|p1a: Blastoise|Wave Crash|p2a: Gliscor
|-resisted|p2a: Gliscor
|-damage|p2a: Gliscor|12/100 tox
|-damage|p1a: Blastoise|62/100|[from] Recoil
|move|p2a: Gliscor|Toxic|p1a: Blastoise
|-status|p1a: Blastoise|tox
|
|-damage|p1a: Blastoise|56/100 tox|[from] psn
|-heal|p2a: Gliscor|25/100 tox|[from] ability: Poison Heal
|upkeep
|turn|21
|
|t:|1776065340
|move|p2a: Gliscor|Protect|p2a: Gliscor
|-singleturn|p2a: Gliscor|Protect
|move|p1a: Blastoise|Shell Smash|p1a: Blastoise
|-unboost|p1a: Blastoise|def|1
|-unboost|p1a: Blastoise|spd|1
|-boost|p1a: Blastoise|atk|2
|-boost|p1a: Blastoise|spa|2
|-boost|p1a: Blastoise|spe|2
|
|-damage|p1a: Blastoise|44/100 tox|[from] psn
|-heal|p2a: Gliscor|37/100 tox|[from] ability: Poison Heal
|upkeep
|turn|22
|
|t:|1776065359
|switch|p2a: Great Tusk|Great Tusk|21/100
|-terastallize|p1a: Blastoise|Ground
|move|p1a: Blastoise|Earthquake|p2a: Great Tusk
|-damage|p2a: Great Tusk|0 fnt
|faint|p2a: Great Tusk
|-end|p2a: Great Tusk|Protosynthesis|[silent]
|
|-damage|p1a: Blastoise|26/100 tox|[from] psn
|upkeep
|
|t:|1776065368
|switch|p2a: Gliscor|Gliscor, M, tera:Water|37/100 tox
|turn|23
|
|t:|1776065371
|move|p2a: Gliscor|Protect|p2a: Gliscor
|-singleturn|p2a: Gliscor|Protect
|move|p1a: Blastoise|Earthquake|p2a: Gliscor
|-activate|p2a: Gliscor|move: Protect
|
|-damage|p1a: Blastoise|2/100 tox|[from] psn
|-heal|p2a: Gliscor|50/100 tox|[from] ability: Poison Heal
|upkeep
|turn|24
|
|t:|1776065380
|switch|p2a: Iron Moth|Iron Moth|100/100
|-enditem|p2a: Iron Moth|Booster Energy
|-activate|p2a: Iron Moth|ability: Quark Drive|[fromitem]
|-start|p2a: Iron Moth|quarkdrivespe
|move|p1a: Blastoise|Earthquake|p2a: Iron Moth
|-supereffective|p2a: Iron Moth
|-damage|p2a: Iron Moth|0 fnt
|faint|p2a: Iron Moth
|-end|p2a: Iron Moth|Quark Drive|[silent]
|
|-damage|p1a: Blastoise|0 fnt|[from] psn
|faint|p1a: Blastoise
|
|win|grgrgrggrgr
|raw|czh20100601's rating: 1151 &rarr; <strong>1131</strong><br />(-20 for losing)
|raw|grgrgrggrgr's rating: 1217 &rarr; <strong>1237</strong><br />(+20 for winning)
|l|☆czh20100601
|player|p1|
|l|☆grgrgrggrgr
|player|p2|
