|html|<div class="broadcast-blue"><strong>[Gen 9] OU is currently suspecting Tera Blast! For information on how to participate check out the <a href="https://www.smogon.com/tools/suspects/view/200">suspect thread</a>.</strong></div>
|j|☆kopv18
|j|☆Albret
|t:|1776285628
|gametype|singles
|player|p1|kopv18|bugcatcher-gen4dp|1516
|player|p2|Albret|266|1531
|gen|9
|tier|[Gen 9] OU
|rated|
|rule|HP Percentage Mod: HP is shown in percentages
|rule|Endless Battle Clause: Forcing endless battles is banned
|rule|Species Clause: Limit one of each Pokémon
|rule|OHKO Clause: OHKO moves are banned
|rule|Evasion Items Clause: Evasion items are banned
|rule|Evasion Moves Clause: Evasion moves are banned
|rule|Evasion Abilities Clause: Evasion abilities are banned
|rule|Sleep Moves Clause: Sleep-inducing moves are banned
|clearpoke
|poke|p1|Tyranitar, M|
|poke|p1|Chimecho, M|
|poke|p1|Excadrill, M|
|poke|p1|Weezing-Galar, M|
|poke|p1|Zamazenta-*|
|poke|p1|Kyurem|
|poke|p2|Pelipper, F|
|poke|p2|Iron Treads|
|poke|p2|Raging Bolt|
|poke|p2|Overqwil, F|
|poke|p2|Greninja-*, M|
|poke|p2|Kingambit, M|
|teampreview
|inactive|Battle timer is ON: inactive players will automatically lose when time's up. (requested by Albret)
|j| ModernMedusa
|
|t:|1776285656
|teamsize|p1|6
|teamsize|p2|6
|start
|switch|p1a: Tyranitar|Tyranitar, M|100/100
|switch|p2a: Pelipper|Pelipper, F|100/100
|-weather|Sandstorm|[from] ability: Sand Stream|[of] p1a: Tyranitar
|-weather|RainDance|[from] ability: Drizzle|[of] p2a: Pelipper
|turn|1
|l| ModernMedusa
|
|t:|1776285668
|move|p1a: Tyranitar|Knock Off|p2a: Pelipper
|-damage|p2a: Pelipper|32/100
|-enditem|p2a: Pelipper|Damp Rock|[from] move: Knock Off|[of] p1a: Tyranitar
|move|p2a: Pelipper|U-turn|p1a: Tyranitar
|-supereffective|p1a: Tyranitar
|-damage|p1a: Tyranitar|84/100
|
|t:|1776285675
|switch|p2a: Greninja|Greninja, M|100/100|[from] U-turn
|
|-weather|RainDance|[upkeep]
|upkeep
|turn|2
|
|t:|1776285682
|switch|p1a: Kyurem|Kyurem|100/100
|-ability|p1a: Kyurem|Pressure
|move|p2a: Greninja|Hydro Pump|p1a: Kyurem
|-resisted|p1a: Kyurem
|-damage|p1a: Kyurem|76/100
|-damage|p2a: Greninja|91/100|[from] item: Life Orb
|
|-weather|RainDance|[upkeep]
|upkeep
|turn|3
|
|t:|1776285689
|move|p2a: Greninja|Hydro Pump|p1a: Kyurem
|-resisted|p1a: Kyurem
|-damage|p1a: Kyurem|50/100
|-damage|p2a: Greninja|81/100|[from] item: Life Orb
|move|p1a: Kyurem|Freeze-Dry|p2a: Greninja
|-supereffective|p2a: Greninja
|-damage|p2a: Greninja|0 fnt
|faint|p2a: Greninja
|
|-weather|RainDance|[upkeep]
|upkeep
|
|t:|1776285697
|switch|p2a: Iron Treads|Iron Treads|100/100
|turn|4
|
|t:|1776285713
|switch|p1a: Zamazenta|Zamazenta|100/100
|-ability|p1a: Zamazenta|Dauntless Shield|boost
|-boost|p1a: Zamazenta|def|1
|move|p2a: Iron Treads|Stealth Rock|p1a: Zamazenta
|-sidestart|p1: kopv18|move: Stealth Rock
|
|-weather|RainDance|[upkeep]
|upkeep
|turn|5
|
|t:|1776285723
|-end|p2a: Iron Treads|Quark Drive|[silent]
|switch|p2a: Raging Bolt|Raging Bolt|100/100
|move|p1a: Zamazenta|Iron Defense|p1a: Zamazenta
|-boost|p1a: Zamazenta|def|2
|
|-weather|RainDance|[upkeep]
|upkeep
|turn|6
|
|t:|1776285733
|move|p1a: Zamazenta|Body Press|p2a: Raging Bolt
|-damage|p2a: Raging Bolt|32/100
|move|p2a: Raging Bolt|Thunder|p1a: Zamazenta
|-damage|p1a: Zamazenta|47/100
|
|-weather|RainDance|[upkeep]
|-heal|p1a: Zamazenta|53/100|[from] item: Leftovers
|upkeep
|turn|7
|
|t:|1776285746
|move|p1a: Zamazenta|Body Press|p2a: Raging Bolt
|-damage|p2a: Raging Bolt|0 fnt
|faint|p2a: Raging Bolt
|-end|p2a: Raging Bolt|Protosynthesis|[silent]
|
|-weather|RainDance|[upkeep]
|-heal|p1a: Zamazenta|59/100|[from] item: Leftovers
|upkeep
|
|t:|1776285758
|switch|p2a: Iron Treads|Iron Treads|100/100
|turn|8
|
|t:|1776285765
|-terastallize|p2a: Iron Treads|Ghost
|move|p1a: Zamazenta|Body Press|p2a: Iron Treads
|-immune|p2a: Iron Treads
|move|p2a: Iron Treads|Knock Off|p1a: Zamazenta
|-resisted|p1a: Zamazenta
|-damage|p1a: Zamazenta|56/100
|-enditem|p1a: Zamazenta|Leftovers|[from] move: Knock Off|[of] p2a: Iron Treads
|
|-weather|none
|upkeep
|turn|9
|
|t:|1776285769
|move|p1a: Zamazenta|Crunch|p2a: Iron Treads
|-supereffective|p2a: Iron Treads
|-damage|p2a: Iron Treads|67/100
|-enditem|p2a: Iron Treads|Red Card|[of] p1a: Zamazenta
|drag|p1a: Tyranitar|Tyranitar, M|84/100
|-damage|p1a: Tyranitar|72/100|[from] Stealth Rock
|-weather|Sandstorm|[from] ability: Sand Stream|[of] p1a: Tyranitar
|move|p2a: Iron Treads|Rapid Spin|p1a: Tyranitar
|-resisted|p1a: Tyranitar
|-damage|p1a: Tyranitar|66/100
|-boost|p2a: Iron Treads|spe|1
|
|-weather|Sandstorm|[upkeep]
|-damage|p2a: Iron Treads|60/100|[from] Sandstorm
|upkeep
|turn|10
|
|t:|1776285776
|move|p2a: Iron Treads|Earthquake|p1a: Tyranitar
|-supereffective|p1a: Tyranitar
|-damage|p1a: Tyranitar|0 fnt
|faint|p1a: Tyranitar
|
|-weather|Sandstorm|[upkeep]
|-damage|p2a: Iron Treads|54/100|[from] Sandstorm
|upkeep
|
|t:|1776285787
|switch|p1a: Excadrill|Excadrill, M|100/100
|-damage|p1a: Excadrill|97/100|[from] Stealth Rock
|turn|11
|
|t:|1776285791
|move|p1a: Excadrill|Earthquake|p2a: Iron Treads
|-damage|p2a: Iron Treads|11/100
|move|p2a: Iron Treads|Earthquake|p1a: Excadrill
|-supereffective|p1a: Excadrill
|-damage|p1a: Excadrill|0 fnt
|faint|p1a: Excadrill
|
|-weather|Sandstorm|[upkeep]
|-damage|p2a: Iron Treads|5/100|[from] Sandstorm
|upkeep
|
|t:|1776285797
|switch|p1a: Chimecho|Chimecho, M|100/100
|-damage|p1a: Chimecho|88/100|[from] Stealth Rock
|turn|12
|
|t:|1776285802
|move|p2a: Iron Treads|Knock Off|p1a: Chimecho
|-supereffective|p1a: Chimecho
|-damage|p1a: Chimecho|49/100
|-damage|p2a: Iron Treads|0 fnt|[from] item: Rocky Helmet|[of] p1a: Chimecho
|faint|p2a: Iron Treads
|-end|p2a: Iron Treads|Quark Drive|[silent]
|move|p1a: Chimecho|Future Sight|p2: Iron Treads
|-start|p1a: Chimecho|move: Future Sight
|
|-weather|Sandstorm|[upkeep]
|-damage|p1a: Chimecho|43/100|[from] Sandstorm
|upkeep
|
|t:|1776285807
|switch|p2a: Pelipper|Pelipper, F|32/100
|-weather|RainDance|[from] ability: Drizzle|[of] p2a: Pelipper
|turn|13
|
|t:|1776285814
|move|p1a: Chimecho|Icy Wind|p2a: Pelipper
|-damage|p2a: Pelipper|16/100
|-unboost|p2a: Pelipper|spe|1
|move|p2a: Pelipper|Weather Ball|p1a: Chimecho
|-damage|p1a: Chimecho|0 fnt
|faint|p1a: Chimecho
|
|-weather|RainDance|[upkeep]
|upkeep
|
|t:|1776285818
|switch|p1a: Weezing|Weezing-Galar, M|100/100
|-ability|p1a: Weezing|Neutralizing Gas
|turn|14
|
|t:|1776285826
|move|p1a: Weezing|Defog|p2a: Pelipper
|-unboost|p2a: Pelipper|evasion|1
|-sideend|p1: kopv18|Stealth Rock|[from] move: Defog|[of] p1a: Weezing
|move|p2a: Pelipper|Roost|p2a: Pelipper
|-heal|p2a: Pelipper|66/100
|-singleturn|p2a: Pelipper|move: Roost
|
|-weather|RainDance|[upkeep]
|-end|p2a: Pelipper|move: Future Sight
|-damage|p2a: Pelipper|6/100
|upkeep
|turn|15
|
|t:|1776285833
|switch|p2a: Overqwil|Overqwil, F|100/100
|move|p1a: Weezing|Sludge Bomb|p2a: Overqwil
|-resisted|p2a: Overqwil
|-damage|p2a: Overqwil|81/100
|
|-weather|RainDance|[upkeep]
|upkeep
|turn|16
|
|t:|1776285844
|move|p2a: Overqwil|Gunk Shot|p1a: Weezing|[miss]
|-miss|p2a: Overqwil|p1a: Weezing
|move|p1a: Weezing|Will-O-Wisp|p2a: Overqwil|[miss]
|-miss|p1a: Weezing|p2a: Overqwil
|
|-weather|RainDance|[upkeep]
|upkeep
|turn|17
|
|t:|1776285851
|move|p2a: Overqwil|Gunk Shot|p1a: Weezing|[miss]
|-miss|p2a: Overqwil|p1a: Weezing
|move|p1a: Weezing|Will-O-Wisp|p2a: Overqwil
|-status|p2a: Overqwil|brn
|
|-weather|none
|-damage|p2a: Overqwil|75/100 brn|[from] brn
|upkeep
|turn|18
|
|t:|1776285858
|move|p2a: Overqwil|Swords Dance|p2a: Overqwil
|-boost|p2a: Overqwil|atk|2
|move|p1a: Weezing|Sludge Bomb|p2a: Overqwil
|-resisted|p2a: Overqwil
|-damage|p2a: Overqwil|55/100 brn
|
|-damage|p2a: Overqwil|49/100 brn|[from] brn
|upkeep
|turn|19
|
|t:|1776285862
|move|p2a: Overqwil|Gunk Shot|p1a: Weezing
|-damage|p1a: Weezing|49/100
|-damage|p2a: Overqwil|39/100 brn|[from] item: Life Orb
|move|p1a: Weezing|Sludge Bomb|p2a: Overqwil
|-resisted|p2a: Overqwil
|-damage|p2a: Overqwil|17/100 brn
|
|-damage|p2a: Overqwil|11/100 brn|[from] brn
|upkeep
|turn|20
|
|t:|1776285872
|move|p2a: Overqwil|Destiny Bond|p2a: Overqwil
|-singlemove|p2a: Overqwil|Destiny Bond
|move|p1a: Weezing|Sludge Bomb|p2a: Overqwil
|-resisted|p2a: Overqwil
|-damage|p2a: Overqwil|0 fnt
|faint|p2a: Overqwil
|-activate|p2a: Overqwil|move: Destiny Bond
|faint|p1a: Weezing
|-end|p1a: Weezing|ability: Neutralizing Gas
|
|upkeep
|
|t:|1776285877
|switch|p2a: Pelipper|Pelipper, F|6/100
|switch|p1a: Zamazenta|Zamazenta|56/100
|-weather|RainDance|[from] ability: Drizzle|[of] p2a: Pelipper
|turn|21
|
|t:|1776285883
|move|p1a: Zamazenta|Crunch|p2a: Pelipper
|-damage|p2a: Pelipper|0 fnt
|faint|p2a: Pelipper
|
|-weather|RainDance|[upkeep]
|upkeep
|
|t:|1776285886
|switch|p2a: Kingambit|Kingambit, M|100/100
|-activate|p2a: Kingambit|ability: Supreme Overlord
|-start|p2a: Kingambit|fallen5|[silent]
|turn|22
|
|t:|1776285895
|move|p1a: Zamazenta|Body Press|p2a: Kingambit
|-supereffective|p2a: Kingambit
|-damage|p2a: Kingambit|0 fnt
|faint|p2a: Kingambit
|-end|p2a: Kingambit|fallen5|[silent]
|
|win|kopv18
|raw|kopv18's rating: 1516 &rarr; <strong>1537</strong><br />(+21 for winning)
|raw|Albret's rating: 1531 &rarr; <strong>1510</strong><br />(-21 for losing)
