|html|<div class="broadcast-blue"><strong>[Gen 9] OU is currently suspecting Tera Blast! For information on how to participate check out the <a href="https://www.smogon.com/tools/suspects/view/200">suspect thread</a>.</strong></div>
|j|☆doughbly
|j|☆The ZU Wanderer
|t:|1776050778
|gametype|singles
|player|p1|doughbly|whitney|1195
|player|p2|The ZU Wanderer|roughneck|1266
|gen|9
|tier|[Gen 9] OU
|rated|
|rule|HP Percentage Mod: HP is shown in percentages
|rule|Endless Battle Clause: Forcing endless battles is banned
|rule|Species Clause: Limit one of each Pokémon
|rule|OHKO Clause: OHKO moves are banned
|rule|Evasion Items Clause: Evasion items are banned
|rule|Evasion Moves Clause: Evasion moves are banned
|rule|Evasion Abilities Clause: Evasion abilities are banned
|rule|Sleep Moves Clause: Sleep-inducing moves are banned
|clearpoke
|poke|p1|Ninetales, F|
|poke|p1|Venusaur, M|
|poke|p1|Walking Wake|
|poke|p1|Great Tusk|
|poke|p1|Thundurus-Therian, M|
|poke|p1|Kingambit, M|
|poke|p2|Golduck, M|
|poke|p2|Morpeko, F|
|poke|p2|Cryogonal|
|poke|p2|Piloswine, M|
|poke|p2|Toxicroak, M|
|poke|p2|Crocalor, M|
|teampreview
|inactive|Battle timer is ON: inactive players will automatically lose when time's up. (requested by The ZU Wanderer)
|
|t:|1776050790
|teamsize|p1|6
|teamsize|p2|6
|start
|switch|p1a: Ninetales|Ninetales, F, shiny|100/100
|switch|p2a: Golduck|Golduck, M, shiny|100/100
|-weather|SunnyDay|[from] ability: Drought|[of] p1a: Ninetales
|-ability|p2a: Golduck|Cloud Nine
|turn|1
|
|t:|1776050797
|switch|p1a: Venusaur|Venusaur, M|100/100
|move|p2a: Golduck|Calm Mind|p2a: Golduck
|-boost|p2a: Golduck|spa|1
|-boost|p2a: Golduck|spd|1
|
|-weather|SunnyDay|[upkeep]
|upkeep
|turn|2
|
|t:|1776050811
|-terastallize|p2a: Golduck|Electric
|move|p1a: Venusaur|Giga Drain|p2a: Golduck
|-damage|p2a: Golduck|68/100
|-damage|p1a: Venusaur|91/100|[from] item: Life Orb
|move|p2a: Golduck|Ice Beam|p1a: Venusaur
|-supereffective|p1a: Venusaur
|-damage|p1a: Venusaur|23/100
|
|-weather|SunnyDay|[upkeep]
|-heal|p2a: Golduck|74/100|[from] item: Leftovers
|upkeep
|turn|3
|
|t:|1776050824
|move|p1a: Venusaur|Earth Power|p2a: Golduck
|-supereffective|p2a: Golduck
|-crit|p2a: Golduck
|-damage|p2a: Golduck|0 fnt
|faint|p2a: Golduck
|-damage|p1a: Venusaur|13/100|[from] item: Life Orb
|
|-weather|SunnyDay|[upkeep]
|upkeep
|
|t:|1776050839
|switch|p2a: Piloswine|Piloswine, M, shiny|100/100
|turn|4
|
|t:|1776050842
|move|p2a: Piloswine|Ice Shard|p1a: Venusaur
|-supereffective|p1a: Venusaur
|-damage|p1a: Venusaur|0 fnt
|faint|p1a: Venusaur
|
|-weather|SunnyDay|[upkeep]
|upkeep
|
|t:|1776050848
|switch|p1a: Walking Wake|Walking Wake|100/100
|-activate|p1a: Walking Wake|ability: Protosynthesis
|-start|p1a: Walking Wake|protosynthesisspe
|turn|5
|
|t:|1776050853
|switch|p2a: Toxicroak|Toxicroak, M, shiny|100/100
|move|p1a: Walking Wake|Hydro Steam|p2a: Toxicroak
|-immune|p2a: Toxicroak|[from] ability: Dry Skin
|
|-weather|SunnyDay|[upkeep]
|-damage|p2a: Toxicroak|88/100|[from] ability: Dry Skin|[of] p2a: Toxicroak
|upkeep
|turn|6
|
|t:|1776050862
|-end|p1a: Walking Wake|Protosynthesis|[silent]
|switch|p1a: Thundurus|Thundurus-Therian, M|100/100
|move|p2a: Toxicroak|Close Combat|p1a: Thundurus
|-resisted|p1a: Thundurus
|-damage|p1a: Thundurus|49/100
|-unboost|p2a: Toxicroak|def|1
|-unboost|p2a: Toxicroak|spd|1
|-damage|p2a: Toxicroak|78/100|[from] item: Life Orb
|
|-weather|SunnyDay|[upkeep]
|-damage|p2a: Toxicroak|66/100|[from] ability: Dry Skin|[of] p2a: Toxicroak
|upkeep
|turn|7
|
|t:|1776050876
|switch|p2a: Piloswine|Piloswine, M, shiny|100/100
|move|p1a: Thundurus|Thunderbolt|p2a: Piloswine
|-immune|p2a: Piloswine
|
|-weather|SunnyDay|[upkeep]
|upkeep
|turn|8
|
|t:|1776050892
|move|p1a: Thundurus|Grass Knot|p2a: Piloswine
|-supereffective|p2a: Piloswine
|-damage|p2a: Piloswine|70/100
|move|p2a: Piloswine|Earthquake|p1a: Thundurus
|-immune|p1a: Thundurus
|
|-weather|none
|upkeep
|turn|9
|
|t:|1776050899
|move|p2a: Piloswine|Ice Shard|p1a: Thundurus
|-supereffective|p1a: Thundurus
|-damage|p1a: Thundurus|7/100
|move|p1a: Thundurus|Grass Knot|p2a: Piloswine
|-supereffective|p2a: Piloswine
|-damage|p2a: Piloswine|34/100
|
|upkeep
|turn|10
|
|t:|1776050907
|switch|p1a: Ninetales|Ninetales, F, shiny|100/100
|-weather|SunnyDay|[from] ability: Drought|[of] p1a: Ninetales
|move|p2a: Piloswine|Ice Shard|p1a: Ninetales
|-resisted|p1a: Ninetales
|-damage|p1a: Ninetales|93/100
|
|-weather|SunnyDay|[upkeep]
|upkeep
|turn|11
|
|t:|1776050915
|move|p1a: Ninetales|Weather Ball|p2a: Piloswine
|-supereffective|p2a: Piloswine
|-damage|p2a: Piloswine|10/100
|move|p2a: Piloswine|Earthquake|p1a: Ninetales
|-supereffective|p1a: Ninetales
|-damage|p1a: Ninetales|9/100
|
|-weather|SunnyDay|[upkeep]
|upkeep
|turn|12
|
|t:|1776050926
|move|p2a: Piloswine|Ice Shard|p1a: Ninetales
|-resisted|p1a: Ninetales
|-damage|p1a: Ninetales|1/100
|move|p1a: Ninetales|Weather Ball|p2a: Piloswine
|-supereffective|p2a: Piloswine
|-damage|p2a: Piloswine|0 fnt
|faint|p2a: Piloswine
|
|-weather|SunnyDay|[upkeep]
|upkeep
|c|☆doughbly|eviolite fun
|
|t:|1776050936
|switch|p2a: Cryogonal|Cryogonal|100/100
|turn|13
|
|t:|1776050941
|switch|p1a: Kingambit|Kingambit, M|100/100
|-activate|p1a: Kingambit|ability: Supreme Overlord
|-start|p1a: Kingambit|fallen1|[silent]
|-item|p1a: Kingambit|Air Balloon
|move|p2a: Cryogonal|Rapid Spin|p1a: Kingambit
|-resisted|p1a: Kingambit
|-damage|p1a: Kingambit|98/100
|-boost|p2a: Cryogonal|spe|1
|-enditem|p1a: Kingambit|Air Balloon
|-damage|p2a: Cryogonal|91/100|[from] item: Life Orb
|
|-weather|SunnyDay|[upkeep]
|upkeep
|turn|14
|
|t:|1776050953
|switch|p2a: Crocalor|Crocalor, M|100/100
|move|p1a: Kingambit|Swords Dance|p1a: Kingambit
|-boost|p1a: Kingambit|atk|2
|
|-weather|SunnyDay|[upkeep]
|upkeep
|turn|15
|
|t:|1776050959
|-terastallize|p1a: Kingambit|Ghost
|move|p1a: Kingambit|Kowtow Cleave|p2a: Crocalor
|-damage|p2a: Crocalor|72/100
|move|p2a: Crocalor|Flamethrower|p1a: Kingambit
|-damage|p1a: Kingambit|55/100
|
|-weather|SunnyDay|[upkeep]
|upkeep
|turn|16
|
|t:|1776050968
|move|p1a: Kingambit|Kowtow Cleave|p2a: Crocalor
|-damage|p2a: Crocalor|47/100
|move|p2a: Crocalor|Flamethrower|p1a: Kingambit
|-damage|p1a: Kingambit|10/100
|
|-weather|SunnyDay|[upkeep]
|upkeep
|turn|17
|
|t:|1776050975
|move|p1a: Kingambit|Kowtow Cleave|p2a: Crocalor
|-damage|p2a: Crocalor|21/100
|move|p2a: Crocalor|Slack Off|p2a: Crocalor
|-heal|p2a: Crocalor|71/100
|
|-weather|none
|upkeep
|turn|18
|
|t:|1776050986
|move|p1a: Kingambit|Kowtow Cleave|p2a: Crocalor
|-damage|p2a: Crocalor|45/100
|move|p2a: Crocalor|Flamethrower|p1a: Kingambit
|-damage|p1a: Kingambit|0 fnt
|faint|p1a: Kingambit
|-end|p1a: Kingambit|fallen1|[silent]
|
|upkeep
|
|t:|1776051002
|switch|p1a: Walking Wake|Walking Wake|100/100
|turn|19
|
|t:|1776051008
|move|p1a: Walking Wake|Draco Meteor|p2a: Crocalor
|-damage|p2a: Crocalor|0 fnt
|-unboost|p1a: Walking Wake|spa|2
|faint|p2a: Crocalor
|
|upkeep
|
|t:|1776051013
|switch|p2a: Cryogonal|Cryogonal|91/100
|turn|20
|
|t:|1776051019
|-end|p1a: Walking Wake|Protosynthesis|[silent]
|switch|p1a: Ninetales|Ninetales, F, shiny|1/100
|-weather|SunnyDay|[from] ability: Drought|[of] p1a: Ninetales
|move|p2a: Cryogonal|Rapid Spin|p1a: Ninetales
|-damage|p1a: Ninetales|0 fnt
|-boost|p2a: Cryogonal|spe|1
|faint|p1a: Ninetales
|-damage|p2a: Cryogonal|81/100|[from] item: Life Orb
|
|-weather|SunnyDay|[upkeep]
|upkeep
|
|t:|1776051026
|switch|p1a: Walking Wake|Walking Wake|100/100
|-activate|p1a: Walking Wake|ability: Protosynthesis
|-start|p1a: Walking Wake|protosynthesisspe
|turn|21
|
|t:|1776051032
|move|p1a: Walking Wake|Flamethrower|p2a: Cryogonal
|-supereffective|p2a: Cryogonal
|-damage|p2a: Cryogonal|0 fnt
|faint|p2a: Cryogonal
|
|-weather|SunnyDay|[upkeep]
|upkeep
|-message|The ZU Wanderer forfeited.
|
|win|doughbly
|raw|doughbly's rating: 1195 &rarr; <strong>1225</strong><br />(+30 for winning)
|raw|The ZU Wanderer's rating: 1266 &rarr; <strong>1236</strong><br />(-30 for losing)
|l|☆The ZU Wanderer
|player|p2|
|l|☆doughbly
|player|p1|
