|html|<div class="broadcast-blue"><strong>[Gen 9] OU is currently suspecting Tera Blast! For information on how to participate check out the <a href="https://www.smogon.com/tools/suspects/view/200">suspect thread</a>.</strong></div>
|j|☆American_Snail
|j|☆AndrewF462
|t:|1776054566
|gametype|singles
|player|p1|American_Snail|1|1460
|player|p2|AndrewF462|2|1407
|gen|9
|tier|[Gen 9] OU
|rated|
|rule|HP Percentage Mod: HP is shown in percentages
|rule|Endless Battle Clause: Forcing endless battles is banned
|rule|Species Clause: Limit one of each Pokémon
|rule|OHKO Clause: OHKO moves are banned
|rule|Evasion Items Clause: Evasion items are banned
|rule|Evasion Moves Clause: Evasion moves are banned
|rule|Evasion Abilities Clause: Evasion abilities are banned
|rule|Sleep Moves Clause: Sleep-inducing moves are banned
|clearpoke
|poke|p1|Ribombee, M|
|poke|p1|Kingambit, M|
|poke|p1|Cloyster, F|
|poke|p1|Raging Bolt|
|poke|p1|Gholdengo|
|poke|p1|Dragonite, M|
|poke|p2|Infernape, F|
|poke|p2|Rotom-Wash|
|poke|p2|Corviknight, M|
|poke|p2|Ogerpon-Wellspring, F|
|poke|p2|Tyranitar, M|
|poke|p2|Scizor, F|
|teampreview
|inactive|Battle timer is ON: inactive players will automatically lose when time's up. (requested by AndrewF462)
|
|t:|1776054573
|teamsize|p1|6
|teamsize|p2|6
|start
|switch|p1a: Ribombee|Ribombee, M, shiny|100/100
|switch|p2a: Corviknight|Corviknight, M|100/100
|turn|1
|
|t:|1776054579
|move|p1a: Ribombee|Sticky Web|p2a: Corviknight
|-sidestart|p2: AndrewF462|move: Sticky Web
|move|p2a: Corviknight|Brave Bird|p1a: Ribombee
|-supereffective|p1a: Ribombee
|-enditem|p1a: Ribombee|Focus Sash
|-damage|p1a: Ribombee|1/100
|-damage|p2a: Corviknight|79/100|[from] Recoil
|
|upkeep
|turn|2
|
|t:|1776054585
|move|p1a: Ribombee|Stun Spore|p2a: Corviknight
|-status|p2a: Corviknight|par
|cant|p2a: Corviknight|par
|
|upkeep
|turn|3
|
|t:|1776054592
|move|p1a: Ribombee|Moonblast|p2a: Corviknight
|-resisted|p2a: Corviknight
|-damage|p2a: Corviknight|59/100 par
|cant|p2a: Corviknight|par
|
|upkeep
|turn|4
|
|t:|1776054597
|move|p1a: Ribombee|Moonblast|p2a: Corviknight
|-resisted|p2a: Corviknight
|-damage|p2a: Corviknight|41/100 par
|move|p2a: Corviknight|Roost|p2a: Corviknight
|-heal|p2a: Corviknight|91/100 par
|-singleturn|p2a: Corviknight|move: Roost
|
|upkeep
|turn|5
|
|t:|1776054604
|switch|p1a: Cloyster|Cloyster, F, shiny|100/100
|move|p2a: Corviknight|U-turn|p1a: Cloyster
|-damage|p1a: Cloyster|89/100
|j| NotFun=ThisGame
|
|t:|1776054615
|switch|p2a: Rotom|Rotom-Wash|100/100|[from] U-turn
|
|upkeep
|turn|6
|
|t:|1776054623
|switch|p1a: Raging Bolt|Raging Bolt|100/100
|-enditem|p1a: Raging Bolt|Booster Energy
|-activate|p1a: Raging Bolt|ability: Protosynthesis|[fromitem]
|-start|p1a: Raging Bolt|protosynthesisspa
|move|p2a: Rotom|Volt Switch|p1a: Raging Bolt
|-resisted|p1a: Raging Bolt
|-damage|p1a: Raging Bolt|95/100
|
|t:|1776054630
|switch|p2a: Tyranitar|Tyranitar, M|100/100|[from] Volt Switch
|-activate|p2a: Tyranitar|move: Sticky Web
|-unboost|p2a: Tyranitar|spe|1
|-weather|Sandstorm|[from] ability: Sand Stream|[of] p2a: Tyranitar
|
|-weather|Sandstorm|[upkeep]
|-damage|p1a: Raging Bolt|89/100|[from] Sandstorm
|upkeep
|turn|7
|
|t:|1776054636
|move|p1a: Raging Bolt|Calm Mind|p1a: Raging Bolt
|-boost|p1a: Raging Bolt|spa|1
|-boost|p1a: Raging Bolt|spd|1
|move|p2a: Tyranitar|Stone Edge|p1a: Raging Bolt
|-damage|p1a: Raging Bolt|47/100
|
|-weather|Sandstorm|[upkeep]
|-damage|p1a: Raging Bolt|41/100|[from] Sandstorm
|upkeep
|turn|8
|
|t:|1776054643
|move|p1a: Raging Bolt|Thunderbolt|p2a: Tyranitar
|-crit|p2a: Tyranitar
|-damage|p2a: Tyranitar|35/100
|move|p2a: Tyranitar|Stone Edge|p1a: Raging Bolt
|-damage|p1a: Raging Bolt|0 fnt
|faint|p1a: Raging Bolt
|-end|p1a: Raging Bolt|Protosynthesis|[silent]
|
|-weather|Sandstorm|[upkeep]
|-heal|p2a: Tyranitar|41/100|[from] item: Leftovers
|upkeep
|
|t:|1776054655
|switch|p1a: Kingambit|Kingambit, M, shiny|100/100
|-activate|p1a: Kingambit|ability: Supreme Overlord
|-start|p1a: Kingambit|fallen1|[silent]
|turn|9
|
|t:|1776054659
|switch|p2a: Rotom|Rotom-Wash|100/100
|move|p1a: Kingambit|Swords Dance|p1a: Kingambit
|-boost|p1a: Kingambit|atk|2
|
|-weather|Sandstorm|[upkeep]
|-damage|p2a: Rotom|94/100|[from] Sandstorm
|-heal|p2a: Rotom|100/100|[from] item: Leftovers
|upkeep
|turn|10
|
|t:|1776054667
|move|p2a: Rotom|Will-O-Wisp|p1a: Kingambit
|-status|p1a: Kingambit|brn
|move|p1a: Kingambit|Kowtow Cleave|p2a: Rotom
|-damage|p2a: Rotom|48/100
|-damage|p1a: Kingambit|91/100 brn|[from] item: Life Orb
|
|-weather|none
|-heal|p2a: Rotom|54/100|[from] item: Leftovers
|-damage|p1a: Kingambit|84/100 brn|[from] brn
|upkeep
|turn|11
|
|t:|1776054676
|move|p2a: Rotom|Pain Split|p1a: Kingambit
|-sethp|p1a: Kingambit|66/100 brn|[from] move: Pain Split|[silent]
|-sethp|p2a: Rotom|74/100|[from] move: Pain Split
|move|p1a: Kingambit|Kowtow Cleave|p2a: Rotom
|-damage|p2a: Rotom|12/100
|-damage|p1a: Kingambit|56/100 brn|[from] item: Life Orb
|
|-heal|p2a: Rotom|19/100|[from] item: Leftovers
|-damage|p1a: Kingambit|50/100 brn|[from] brn
|upkeep
|turn|12
|
|t:|1776054685
|move|p2a: Rotom|Pain Split|p1a: Kingambit
|-sethp|p1a: Kingambit|33/100 brn|[from] move: Pain Split|[silent]
|-sethp|p2a: Rotom|37/100|[from] move: Pain Split
|move|p1a: Kingambit|Kowtow Cleave|p2a: Rotom
|-damage|p2a: Rotom|0 fnt
|faint|p2a: Rotom
|-damage|p1a: Kingambit|23/100 brn|[from] item: Life Orb
|
|-damage|p1a: Kingambit|17/100 brn|[from] brn
|upkeep
|
|t:|1776054699
|switch|p2a: Corviknight|Corviknight, M|91/100 par
|turn|13
|
|t:|1776054708
|move|p1a: Kingambit|Kowtow Cleave|p2a: Corviknight
|-damage|p2a: Corviknight|48/100 par
|-damage|p1a: Kingambit|1/100 brn|[from] item: Rocky Helmet|[of] p2a: Corviknight
|-damage|p1a: Kingambit|0 fnt|[from] item: Life Orb
|faint|p1a: Kingambit
|-end|p1a: Kingambit|fallen1|[silent]
|cant|p2a: Corviknight|par
|
|upkeep
|
|t:|1776054716
|switch|p1a: Cloyster|Cloyster, F, shiny|89/100
|turn|14
|
|t:|1776054724
|move|p1a: Cloyster|Shell Smash|p1a: Cloyster
|-unboost|p1a: Cloyster|def|1
|-unboost|p1a: Cloyster|spd|1
|-boost|p1a: Cloyster|atk|2
|-boost|p1a: Cloyster|spa|2
|-boost|p1a: Cloyster|spe|2
|move|p2a: Corviknight|Defog|p1a: Cloyster
|-unboost|p1a: Cloyster|evasion|1
|-sideend|p2: AndrewF462|Sticky Web|[from] move: Defog|[of] p2a: Corviknight
|
|upkeep
|turn|15
|
|t:|1776054733
|move|p1a: Cloyster|Icicle Spear|p2a: Corviknight
|-damage|p2a: Corviknight|29/100 par
|-crit|p2a: Corviknight
|-damage|p2a: Corviknight|0 fnt
|faint|p2a: Corviknight
|-hitcount|p2: Corviknight|2
|-damage|p1a: Cloyster|79/100|[from] item: Life Orb
|
|upkeep
|
|t:|1776054738
|switch|p2a: Infernape|Infernape, F|100/100
|turn|16
|
|t:|1776054746
|move|p2a: Infernape|Mach Punch|p1a: Cloyster
|-supereffective|p1a: Cloyster
|-damage|p1a: Cloyster|8/100
|move|p1a: Cloyster|Rock Blast|p2a: Infernape
|-damage|p2a: Infernape|70/100
|-damage|p2a: Infernape|40/100
|-damage|p2a: Infernape|9/100
|-damage|p2a: Infernape|0 fnt
|faint|p2a: Infernape
|-hitcount|p2: Infernape|4
|-damage|p1a: Cloyster|0 fnt|[from] item: Life Orb
|faint|p1a: Cloyster
|
|upkeep
|
|t:|1776054761
|switch|p2a: Tyranitar|Tyranitar, M|41/100
|switch|p1a: Gholdengo|Gholdengo, shiny|100/100
|-item|p1a: Gholdengo|Air Balloon
|-weather|Sandstorm|[from] ability: Sand Stream|[of] p2a: Tyranitar
|turn|17
|
|t:|1776054767
|move|p1a: Gholdengo|Focus Blast|p2a: Tyranitar
|-supereffective|p2a: Tyranitar
|-damage|p2a: Tyranitar|0 fnt
|faint|p2a: Tyranitar
|
|-weather|Sandstorm|[upkeep]
|upkeep
|
|t:|1776054779
|switch|p2a: Scizor|Scizor, F|100/100
|turn|18
|
|t:|1776054785
|move|p1a: Gholdengo|Shadow Ball|p2a: Scizor
|-damage|p2a: Scizor|47/100
|move|p2a: Scizor|Knock Off|p1a: Gholdengo
|-supereffective|p1a: Gholdengo
|-damage|p1a: Gholdengo|0 fnt
|-enditem|p1a: Gholdengo|Air Balloon
|faint|p1a: Gholdengo
|
|-weather|Sandstorm|[upkeep]
|upkeep
|
|t:|1776054795
|switch|p1a: Dragonite|Dragonite, M, shiny|100/100
|turn|19
|
|t:|1776054799
|move|p1a: Dragonite|Dragon Dance|p1a: Dragonite
|-boost|p1a: Dragonite|atk|1
|-boost|p1a: Dragonite|spe|1
|move|p2a: Scizor|Knock Off|p1a: Dragonite
|-damage|p1a: Dragonite|72/100
|-enditem|p1a: Dragonite|Heavy-Duty Boots|[from] move: Knock Off|[of] p2a: Scizor
|
|-weather|Sandstorm|[upkeep]
|-damage|p1a: Dragonite|66/100|[from] Sandstorm
|upkeep
|turn|20
|
|t:|1776054811
|switch|p2a: Ogerpon|Ogerpon-Wellspring, F|100/100
|move|p1a: Dragonite|Earthquake|p2a: Ogerpon
|-resisted|p2a: Ogerpon
|-damage|p2a: Ogerpon|63/100
|
|-weather|Sandstorm|[upkeep]
|-damage|p1a: Dragonite|60/100|[from] Sandstorm
|-damage|p2a: Ogerpon|57/100|[from] Sandstorm
|upkeep
|turn|21
|
|t:|1776054823
|move|p1a: Dragonite|Ice Spinner|p2a: Ogerpon
|-damage|p2a: Ogerpon|0 fnt
|faint|p2a: Ogerpon
|
|-weather|none
|upkeep
|
|t:|1776054825
|switch|p2a: Scizor|Scizor, F|47/100
|turn|22
|
|t:|1776054829
|-terastallize|p2a: Scizor|Steel
|move|p2a: Scizor|Bullet Punch|p1a: Dragonite
|-damage|p1a: Dragonite|0 fnt
|faint|p1a: Dragonite
|
|upkeep
|-message|American_Snail forfeited.
|
|win|AndrewF462
|raw|American_Snail's rating: 1460 &rarr; <strong>1437</strong><br />(-23 for losing)
|raw|AndrewF462's rating: 1407 &rarr; <strong>1430</strong><br />(+23 for winning)
|l|☆American_Snail
|player|p1|
|c|☆AndrewF462|Gg
|l|☆AndrewF462
|player|p2|
