|html|<div class="broadcast-blue"><strong>[Gen 9] OU is currently suspecting Tera Blast! For information on how to participate check out the <a href="https://www.smogon.com/tools/suspects/view/200">suspect thread</a>.</strong></div>
|j|☆Nanashi ID
|j|☆hoovyneeds999k
|t:|1776087181
|gametype|singles
|player|p1|Nanashi ID|lance-gen2|1230
|player|p2|hoovyneeds999k|supernerd|1247
|gen|9
|tier|[Gen 9] OU
|rated|
|rule|HP Percentage Mod: HP is shown in percentages
|rule|Endless Battle Clause: Forcing endless battles is banned
|rule|Species Clause: Limit one of each Pokémon
|rule|OHKO Clause: OHKO moves are banned
|rule|Evasion Items Clause: Evasion items are banned
|rule|Evasion Moves Clause: Evasion moves are banned
|rule|Evasion Abilities Clause: Evasion abilities are banned
|rule|Sleep Moves Clause: Sleep-inducing moves are banned
|clearpoke
|poke|p1|Grimmsnarl, M|
|poke|p1|Great Tusk|
|poke|p1|Tyranitar, M|
|poke|p1|Mamoswine, M|
|poke|p1|Scizor, M|
|poke|p1|Sableye, M|
|poke|p2|Ceruledge, F|
|poke|p2|Darkrai|
|poke|p2|Landorus-Therian, M|
|poke|p2|Alomomola, F|
|poke|p2|Weezing-Galar, M|
|poke|p2|Raging Bolt|
|teampreview
|j| ohko_smeargle
|
|t:|1776087194
|teamsize|p1|6
|teamsize|p2|6
|start
|switch|p1a: MAMOGIGAS|Mamoswine, M, shiny|100/100
|switch|p2a: Landorus|Landorus-Therian, M|100/100
|-ability|p2a: Landorus|Intimidate|boost
|-fail|p1a: MAMOGIGAS|unboost|Attack|[from] ability: Oblivious|[of] p1a: MAMOGIGAS
|turn|1
|
|t:|1776087202
|switch|p2a: Weezing|Weezing-Galar, M|100/100
|move|p1a: MAMOGIGAS|Ice Shard|p2a: Weezing
|-damage|p2a: Weezing|86/100
|
|-heal|p2a: Weezing|92/100|[from] item: Leftovers
|upkeep
|turn|2
|
|t:|1776087211
|switch|p1a: IKKITRON|Scizor, M, shiny|100/100
|move|p2a: Weezing|Will-O-Wisp|p1a: IKKITRON
|-status|p1a: IKKITRON|brn
|
|-heal|p2a: Weezing|98/100|[from] item: Leftovers
|-damage|p1a: IKKITRON|94/100 brn|[from] brn
|upkeep
|turn|3
|
|t:|1776087217
|switch|p2a: Landorus|Landorus-Therian, M|100/100
|-ability|p2a: Landorus|Intimidate|boost
|-unboost|p1a: IKKITRON|atk|1
|move|p1a: IKKITRON|Bullet Punch|p2a: Landorus
|-damage|p2a: Landorus|89/100
|-damage|p1a: IKKITRON|78/100 brn|[from] item: Rocky Helmet|[of] p2a: Landorus
|
|-damage|p1a: IKKITRON|72/100 brn|[from] brn
|upkeep
|turn|4
|
|t:|1776087221
|switch|p1a: GORM|Sableye, M|100/100
|move|p2a: Landorus|Stealth Rock|p1a: GORM
|-sidestart|p1: Nanashi ID|move: Stealth Rock
|
|upkeep
|turn|5
|
|t:|1776087226
|switch|p2a: Darkrai|Darkrai|100/100
|move|p1a: GORM|Will-O-Wisp|p2a: Darkrai
|-hint|Since gen 7, Dark is immune to Prankster moves.
|-immune|p2a: Darkrai
|
|upkeep
|turn|6
|
|t:|1776087230
|switch|p1a: GEMSNARL|Grimmsnarl, M|100/100
|-damage|p1a: GEMSNARL|88/100|[from] Stealth Rock
|move|p2a: Darkrai|Trick|p1a: GEMSNARL
|-activate|p2a: Darkrai|move: Trick|[of] p1a: GEMSNARL
|-item|p1a: GEMSNARL|Choice Scarf|[from] move: Trick
|-item|p2a: Darkrai|Light Clay|[from] move: Trick
|
|upkeep
|turn|7
|
|t:|1776087236
|move|p1a: GEMSNARL|Light Screen|p1a: GEMSNARL
|-sidestart|p1: Nanashi ID|move: Light Screen
|move|p2a: Darkrai|Sludge Bomb|p1a: GEMSNARL
|-supereffective|p1a: GEMSNARL
|-damage|p1a: GEMSNARL|64/100
|
|upkeep
|turn|8
|
|t:|1776087243
|switch|p2a: Landorus|Landorus-Therian, M|89/100
|-ability|p2a: Landorus|Intimidate|boost
|-unboost|p1a: GEMSNARL|atk|1
|switch|p1a: IKKITRON|Scizor, M, shiny|72/100 brn
|
|-damage|p1a: IKKITRON|66/100 brn|[from] brn
|upkeep
|turn|9
|
|t:|1776087249
|move|p2a: Landorus|Taunt|p1a: IKKITRON
|-start|p1a: IKKITRON|move: Taunt
|cant|p1a: IKKITRON|move: Taunt|Defog
|
|-damage|p1a: IKKITRON|59/100 brn|[from] brn
|upkeep
|turn|10
|
|t:|1776087254
|switch|p1a: GEMSNARL|Grimmsnarl, M|64/100
|-damage|p1a: GEMSNARL|51/100|[from] Stealth Rock
|move|p2a: Landorus|U-turn|p1a: GEMSNARL
|-damage|p1a: GEMSNARL|23/100
|
|t:|1776087260
|switch|p2a: Darkrai|Darkrai|100/100|[from] U-turn
|
|upkeep
|turn|11
|
|t:|1776087265
|move|p2a: Darkrai|Sludge Bomb|p1a: GEMSNARL
|-supereffective|p1a: GEMSNARL
|-damage|p1a: GEMSNARL|0 fnt
|faint|p1a: GEMSNARL
|
|-sideend|p1: Nanashi ID|move: Light Screen
|upkeep
|
|t:|1776087274
|switch|p1a: IKKITRON|Scizor, M, shiny|59/100 brn
|turn|12
|
|t:|1776087276
|switch|p2a: Landorus|Landorus-Therian, M|89/100
|-ability|p2a: Landorus|Intimidate|boost
|-unboost|p1a: IKKITRON|atk|1
|move|p1a: IKKITRON|Defog|p2a: Landorus
|-unboost|p2a: Landorus|evasion|1
|-sideend|p1: Nanashi ID|Stealth Rock|[from] move: Defog|[of] p1a: IKKITRON
|
|-damage|p1a: IKKITRON|53/100 brn|[from] brn
|upkeep
|turn|13
|
|t:|1776087287
|move|p2a: Landorus|Stealth Rock|p1a: IKKITRON
|-sidestart|p1: Nanashi ID|move: Stealth Rock
|move|p1a: IKKITRON|Swords Dance|p1a: IKKITRON
|-boost|p1a: IKKITRON|atk|2
|
|-damage|p1a: IKKITRON|47/100 brn|[from] brn
|upkeep
|turn|14
|
|t:|1776087291
|move|p2a: Landorus|Earthquake|p1a: IKKITRON
|-damage|p1a: IKKITRON|3/100 brn
|move|p1a: IKKITRON|Defog|p2a: Landorus
|-unboost|p2a: Landorus|evasion|1
|-sideend|p1: Nanashi ID|Stealth Rock|[from] move: Defog|[of] p1a: IKKITRON
|
|-damage|p1a: IKKITRON|0 fnt|[from] brn
|faint|p1a: IKKITRON
|upkeep
|
|t:|1776087298
|switch|p1a: MAMOGIGAS|Mamoswine, M, shiny|100/100
|turn|15
|
|t:|1776087301
|switch|p2a: Weezing|Weezing-Galar, M|98/100
|move|p1a: MAMOGIGAS|Icicle Crash|p2a: Weezing
|-damage|p2a: Weezing|71/100
|
|-heal|p2a: Weezing|77/100|[from] item: Leftovers
|upkeep
|turn|16
|
|t:|1776087309
|switch|p1a: TAIRANICHI|Tyranitar, M|100/100
|-weather|Sandstorm|[from] ability: Sand Stream|[of] p1a: TAIRANICHI
|move|p2a: Weezing|Will-O-Wisp|p1a: TAIRANICHI
|-status|p1a: TAIRANICHI|brn
|
|-weather|Sandstorm|[upkeep]
|-damage|p2a: Weezing|71/100|[from] Sandstorm
|-heal|p2a: Weezing|77/100|[from] item: Leftovers
|-damage|p1a: TAIRANICHI|94/100 brn|[from] brn
|upkeep
|turn|17
|-message|Nanashi ID forfeited.
|
|win|hoovyneeds999k
|raw|Nanashi ID's rating: 1230 &rarr; <strong>1206</strong><br />(-24 for losing)
|raw|hoovyneeds999k's rating: 1247 &rarr; <strong>1271</strong><br />(+24 for winning)
|l|☆Nanashi ID
|player|p1|
|l|☆hoovyneeds999k
|player|p2|
|l| ohko_smeargle
