|html|<div class="broadcast-blue"><strong>[Gen 9] OU is currently suspecting Tera Blast! For information on how to participate check out the <a href="https://www.smogon.com/tools/suspects/view/200">suspect thread</a>.</strong></div>
|j|☆PHX SUNS
|j|☆dk10993
|t:|1776090067
|gametype|singles
|player|p1|PHX SUNS|170|1119
|player|p2|dk10993|1|1072
|gen|9
|tier|[Gen 9] OU
|rated|
|rule|HP Percentage Mod: HP is shown in percentages
|rule|Endless Battle Clause: Forcing endless battles is banned
|rule|Species Clause: Limit one of each Pokémon
|rule|OHKO Clause: OHKO moves are banned
|rule|Evasion Items Clause: Evasion items are banned
|rule|Evasion Moves Clause: Evasion moves are banned
|rule|Evasion Abilities Clause: Evasion abilities are banned
|rule|Sleep Moves Clause: Sleep-inducing moves are banned
|clearpoke
|poke|p1|Meowscarada, M|
|poke|p1|Arcanine-Hisui, M|
|poke|p1|Umbreon, F|
|poke|p1|Vaporeon, F|
|poke|p1|Salamence, M|
|poke|p1|Scizor, F|
|poke|p2|Gastrodon, M|
|poke|p2|Haxorus, M|
|poke|p2|Scizor, M|
|poke|p2|Slowking-Galar, M|
|poke|p2|Corviknight, M|
|poke|p2|Arcanine, M|
|teampreview
|j| ohko_smeargle
|
|t:|1776090095
|teamsize|p1|6
|teamsize|p2|6
|start
|switch|p1a: Arcanine|Arcanine-Hisui, M|100/100
|switch|p2a: Gastrodon|Gastrodon, M|100/100
|-ability|p1a: Arcanine|Intimidate|boost
|-unboost|p2a: Gastrodon|atk|1
|-item|p1a: Arcanine|Air Balloon
|turn|1
|inactive|Battle timer is ON: inactive players will automatically lose when time's up. (requested by PHX SUNS)
|
|t:|1776090106
|move|p1a: Arcanine|Stealth Rock|p2a: Gastrodon
|-sidestart|p2: dk10993|move: Stealth Rock
|move|p2a: Gastrodon|Stealth Rock|p1a: Arcanine
|-sidestart|p1: PHX SUNS|move: Stealth Rock
|
|upkeep
|turn|2
|
|t:|1776090115
|switch|p1a: Scizor|Scizor, F|100/100
|-damage|p1a: Scizor|88/100|[from] Stealth Rock
|move|p2a: Gastrodon|Ice Beam|p1a: Scizor
|-resisted|p1a: Scizor
|-damage|p1a: Scizor|75/100
|-status|p1a: Scizor|frz
|
|upkeep
|turn|3
|
|t:|1776090127
|switch|p2a: Corviknight|Corviknight, M|100/100
|-damage|p2a: Corviknight|88/100|[from] Stealth Rock
|-ability|p2a: Corviknight|Pressure
|cant|p1a: Scizor|frz
|
|-heal|p2a: Corviknight|94/100|[from] item: Leftovers
|upkeep
|turn|4
|
|t:|1776090143
|switch|p1a: Vaporeon|Vaporeon, F|100/100
|-damage|p1a: Vaporeon|88/100|[from] Stealth Rock
|move|p2a: Corviknight|Defog|p1a: Vaporeon
|-unboost|p1a: Vaporeon|evasion|1
|-sideend|p1: PHX SUNS|Stealth Rock|[from] move: Defog|[of] p2a: Corviknight
|-sideend|p2: dk10993|Stealth Rock|[from] move: Defog|[of] p2a: Corviknight
|
|-heal|p2a: Corviknight|100/100|[from] item: Leftovers
|-heal|p1a: Vaporeon|94/100|[from] item: Leftovers
|upkeep
|turn|5
|
|t:|1776090157
|move|p2a: Corviknight|Body Press|p1a: Vaporeon
|-damage|p1a: Vaporeon|75/100
|move|p1a: Vaporeon|Scald|p2a: Corviknight
|-damage|p2a: Corviknight|74/100
|-status|p2a: Corviknight|brn
|
|-heal|p2a: Corviknight|80/100 brn|[from] item: Leftovers
|-heal|p1a: Vaporeon|81/100|[from] item: Leftovers
|-damage|p2a: Corviknight|74/100 brn|[from] brn
|upkeep
|turn|6
|
|t:|1776090167
|switch|p2a: Gastrodon|Gastrodon, M|100/100
|move|p1a: Vaporeon|Wish|p1a: Vaporeon
|
|-heal|p1a: Vaporeon|87/100|[from] item: Leftovers
|upkeep
|turn|7
|
|t:|1776090176
|switch|p1a: Scizor|Scizor, F|75/100 frz
|move|p2a: Gastrodon|Stealth Rock|p1a: Scizor
|-sidestart|p1: PHX SUNS|move: Stealth Rock
|
|-heal|p1a: Scizor|100/100 frz|[from] move: Wish|[wisher] Vaporeon
|upkeep
|turn|8
|
|t:|1776090186
|cant|p1a: Scizor|frz
|move|p2a: Gastrodon|Earth Power|p1a: Scizor
|-damage|p1a: Scizor|57/100 frz
|
|upkeep
|turn|9
|
|t:|1776090195
|switch|p1a: Arcanine|Arcanine-Hisui, M|100/100
|-damage|p1a: Arcanine|75/100|[from] Stealth Rock
|-ability|p1a: Arcanine|Intimidate|boost
|-unboost|p2a: Gastrodon|atk|1
|-item|p1a: Arcanine|Air Balloon
|move|p2a: Gastrodon|Earth Power|p1a: Arcanine
|-immune|p1a: Arcanine
|
|upkeep
|turn|10
|
|t:|1776090205
|move|p1a: Arcanine|Stealth Rock|p2a: Gastrodon
|-sidestart|p2: dk10993|move: Stealth Rock
|move|p2a: Gastrodon|Ice Beam|p1a: Arcanine
|-resisted|p1a: Arcanine
|-damage|p1a: Arcanine|64/100
|-enditem|p1a: Arcanine|Air Balloon
|
|upkeep
|turn|11
|
|t:|1776090218
|switch|p1a: Vaporeon|Vaporeon, F|87/100
|-damage|p1a: Vaporeon|75/100|[from] Stealth Rock
|move|p2a: Gastrodon|Ice Beam|p1a: Vaporeon
|-resisted|p1a: Vaporeon
|-damage|p1a: Vaporeon|68/100
|-status|p1a: Vaporeon|frz
|
|-heal|p1a: Vaporeon|74/100 frz|[from] item: Leftovers
|upkeep
|turn|12
|
|t:|1776090228
|switch|p2a: Slowking|Slowking-Galar, M|100/100
|-damage|p2a: Slowking|88/100|[from] Stealth Rock
|cant|p1a: Vaporeon|frz
|
|-heal|p1a: Vaporeon|80/100 frz|[from] item: Leftovers
|-heal|p2a: Slowking|94/100|[from] item: Black Sludge
|upkeep
|turn|13
|
|t:|1776090238
|cant|p1a: Vaporeon|frz
|move|p2a: Slowking|Thunder Punch|p1a: Vaporeon
|-supereffective|p1a: Vaporeon
|-damage|p1a: Vaporeon|65/100 frz
|
|-heal|p1a: Vaporeon|71/100 frz|[from] item: Leftovers
|-heal|p2a: Slowking|99/100|[from] item: Black Sludge
|upkeep
|turn|14
|
|t:|1776090247
|-curestatus|p1a: Vaporeon|frz|[msg]
|move|p1a: Vaporeon|Wish|p1a: Vaporeon
|move|p2a: Slowking|Future Sight|p1a: Vaporeon
|-start|p2a: Slowking|move: Future Sight
|
|-heal|p1a: Vaporeon|77/100|[from] item: Leftovers
|-heal|p2a: Slowking|100/100|[from] item: Black Sludge
|upkeep
|turn|15
|
|t:|1776090257
|move|p1a: Vaporeon|Scald|p2a: Slowking
|-damage|p2a: Slowking|83/100
|move|p2a: Slowking|Thunder Punch|p1a: Vaporeon
|-supereffective|p1a: Vaporeon
|-damage|p1a: Vaporeon|61/100
|
|-heal|p1a: Vaporeon|100/100|[from] move: Wish|[wisher] Vaporeon
|-heal|p2a: Slowking|90/100|[from] item: Black Sludge
|upkeep
|turn|16
|
|t:|1776090271
|switch|p1a: Umbreon|Umbreon, F|100/100
|-damage|p1a: Umbreon|88/100|[from] Stealth Rock
|move|p2a: Slowking|Thunder Punch|p1a: Umbreon
|-damage|p1a: Umbreon|80/100
|
|-end|p1a: Umbreon|move: Future Sight
|-immune|p1a: Umbreon
|-heal|p1a: Umbreon|86/100|[from] item: Leftovers
|-heal|p2a: Slowking|96/100|[from] item: Black Sludge
|upkeep
|turn|17
|
|t:|1776090284
|switch|p2a: Corviknight|Corviknight, M|74/100 brn
|-damage|p2a: Corviknight|62/100 brn|[from] Stealth Rock
|-ability|p2a: Corviknight|Pressure
|move|p1a: Umbreon|Wish|p1a: Umbreon
|
|-heal|p2a: Corviknight|68/100 brn|[from] item: Leftovers
|-heal|p1a: Umbreon|92/100|[from] item: Leftovers
|-damage|p2a: Corviknight|62/100 brn|[from] brn
|upkeep
|turn|18
|
|t:|1776090299
|switch|p1a: Arcanine|Arcanine-Hisui, M|64/100
|-damage|p1a: Arcanine|39/100|[from] Stealth Rock
|-ability|p1a: Arcanine|Intimidate|boost
|-unboost|p2a: Corviknight|atk|1
|move|p2a: Corviknight|Body Press|p1a: Arcanine
|-supereffective|p1a: Arcanine
|-damage|p1a: Arcanine|9/100
|
|-heal|p1a: Arcanine|68/100|[from] move: Wish|[wisher] Umbreon
|-heal|p2a: Corviknight|68/100 brn|[from] item: Leftovers
|-damage|p2a: Corviknight|62/100 brn|[from] brn
|upkeep
|turn|19
|
|t:|1776090314
|move|p1a: Arcanine|Flare Blitz|p2a: Corviknight
|-supereffective|p2a: Corviknight
|-crit|p2a: Corviknight
|-damage|p2a: Corviknight|0 fnt
|faint|p2a: Corviknight
|-damage|p1a: Arcanine|44/100|[from] Recoil
|
|upkeep
|
|t:|1776090330
|switch|p2a: Scizor|Scizor, M|100/100
|-damage|p2a: Scizor|88/100|[from] Stealth Rock
|turn|20
|
|t:|1776090337
|switch|p1a: Salamence|Salamence, M|100/100
|-damage|p1a: Salamence|75/100|[from] Stealth Rock
|-ability|p1a: Salamence|Intimidate|boost
|-unboost|p2a: Scizor|atk|1
|switch|p2a: Arcanine|Arcanine, M|100/100
|-damage|p2a: Arcanine|75/100|[from] Stealth Rock
|
|upkeep
|turn|21
|
|t:|1776090346
|move|p1a: Salamence|Draco Meteor|p2a: Arcanine
|-damage|p2a: Arcanine|0 fnt
|-unboost|p1a: Salamence|spa|2
|faint|p2a: Arcanine
|
|upkeep
|
|t:|1776090356
|switch|p2a: Gastrodon|Gastrodon, M|100/100
|-damage|p2a: Gastrodon|94/100|[from] Stealth Rock
|turn|22
|
|t:|1776090364
|switch|p1a: Vaporeon|Vaporeon, F|100/100
|-damage|p1a: Vaporeon|88/100|[from] Stealth Rock
|move|p2a: Gastrodon|Ice Beam|p1a: Vaporeon
|-resisted|p1a: Vaporeon
|-damage|p1a: Vaporeon|81/100
|
|-heal|p1a: Vaporeon|87/100|[from] item: Leftovers
|-heal|p2a: Gastrodon|100/100|[from] item: Leftovers
|upkeep
|turn|23
|
|t:|1776090377
|move|p1a: Vaporeon|Wish|p1a: Vaporeon
|move|p2a: Gastrodon|Earth Power|p1a: Vaporeon
|-damage|p1a: Vaporeon|65/100
|
|-heal|p1a: Vaporeon|71/100|[from] item: Leftovers
|upkeep
|turn|24
|inactive|PHX SUNS has 120 seconds left.
|
|t:|1776090424
|move|p1a: Vaporeon|Scald|p2a: Gastrodon
|-ability|p2a: Gastrodon|Storm Drain|boost
|-boost|p2a: Gastrodon|spa|1
|move|p2a: Gastrodon|Ice Beam|p1a: Vaporeon
|-resisted|p1a: Vaporeon
|-damage|p1a: Vaporeon|60/100
|
|-heal|p1a: Vaporeon|100/100|[from] move: Wish|[wisher] Vaporeon
|upkeep
|turn|25
|
|t:|1776090433
|move|p1a: Vaporeon|Wish|p1a: Vaporeon
|move|p2a: Gastrodon|Earth Power|p1a: Vaporeon
|-damage|p1a: Vaporeon|68/100
|-unboost|p1a: Vaporeon|spd|1
|
|-heal|p1a: Vaporeon|74/100|[from] item: Leftovers
|upkeep
|turn|26
|
|t:|1776090450
|switch|p1a: Meowscarada|Meowscarada, M|100/100
|-damage|p1a: Meowscarada|88/100|[from] Stealth Rock
|move|p2a: Gastrodon|Ice Beam|p1a: Meowscarada
|-supereffective|p1a: Meowscarada
|-damage|p1a: Meowscarada|0 fnt
|faint|p1a: Meowscarada
|
|upkeep
|
|t:|1776090463
|switch|p1a: Salamence|Salamence, M|75/100
|-damage|p1a: Salamence|50/100|[from] Stealth Rock
|-ability|p1a: Salamence|Intimidate|boost
|-unboost|p2a: Gastrodon|atk|1
|turn|27
|
|t:|1776090471
|move|p1a: Salamence|Draco Meteor|p2a: Gastrodon
|-damage|p2a: Gastrodon|34/100
|-unboost|p1a: Salamence|spa|2
|move|p2a: Gastrodon|Ice Beam|p1a: Salamence
|-supereffective|p1a: Salamence
|-damage|p1a: Salamence|0 fnt
|faint|p1a: Salamence
|
|-heal|p2a: Gastrodon|40/100|[from] item: Leftovers
|upkeep
|
|t:|1776090487
|switch|p1a: Umbreon|Umbreon, F|92/100
|-damage|p1a: Umbreon|80/100|[from] Stealth Rock
|turn|28
|
|t:|1776090496
|switch|p2a: Scizor|Scizor, M|88/100
|-damage|p2a: Scizor|76/100|[from] Stealth Rock
|move|p1a: Umbreon|Toxic|p2a: Scizor
|-immune|p2a: Scizor
|
|-heal|p1a: Umbreon|86/100|[from] item: Leftovers
|upkeep
|turn|29
|inactive|PHX SUNS has 90 seconds left.
|c|☆dk10993|you need to wish to be better at the game broski
|
|t:|1776090536
|move|p1a: Umbreon|Protect|p1a: Umbreon
|-singleturn|p1a: Umbreon|Protect
|move|p2a: Scizor|Brick Break|p1a: Umbreon
|-activate|p1a: Umbreon|move: Protect
|
|-heal|p1a: Umbreon|92/100|[from] item: Leftovers
|upkeep
|turn|30
|
|t:|1776090550
|switch|p1a: Vaporeon|Vaporeon, F|74/100
|-damage|p1a: Vaporeon|62/100|[from] Stealth Rock
|move|p2a: Scizor|Brick Break|p1a: Vaporeon
|-damage|p1a: Vaporeon|35/100
|
|-heal|p1a: Vaporeon|41/100|[from] item: Leftovers
|upkeep
|turn|31
|
|t:|1776090559
|move|p1a: Vaporeon|Protect|p1a: Vaporeon
|-singleturn|p1a: Vaporeon|Protect
|move|p2a: Scizor|Brick Break|p1a: Vaporeon
|-activate|p1a: Vaporeon|move: Protect
|
|-heal|p1a: Vaporeon|48/100|[from] item: Leftovers
|upkeep
|turn|32
|
|t:|1776090567
|move|p1a: Vaporeon|Wish|p1a: Vaporeon
|move|p2a: Scizor|Brick Break|p1a: Vaporeon
|-damage|p1a: Vaporeon|21/100
|
|-heal|p1a: Vaporeon|27/100|[from] item: Leftovers
|upkeep
|turn|33
|inactive|PHX SUNS has 90 seconds left.
|
|t:|1776090577
|move|p1a: Vaporeon|Protect|p1a: Vaporeon
|-singleturn|p1a: Vaporeon|Protect
|move|p2a: Scizor|Brick Break|p1a: Vaporeon
|-activate|p1a: Vaporeon|move: Protect
|
|-heal|p1a: Vaporeon|77/100|[from] move: Wish|[wisher] Vaporeon
|-heal|p1a: Vaporeon|84/100|[from] item: Leftovers
|upkeep
|turn|34
|
|t:|1776090585
|move|p1a: Vaporeon|Scald|p2a: Scizor
|-damage|p2a: Scizor|46/100
|move|p2a: Scizor|Brick Break|p1a: Vaporeon
|-crit|p1a: Vaporeon
|-damage|p1a: Vaporeon|43/100
|
|-heal|p1a: Vaporeon|49/100|[from] item: Leftovers
|upkeep
|turn|35
|
|t:|1776090594
|switch|p2a: Gastrodon|Gastrodon, M|40/100
|-damage|p2a: Gastrodon|34/100|[from] Stealth Rock
|move|p1a: Vaporeon|Wish|p1a: Vaporeon
|
|-heal|p1a: Vaporeon|56/100|[from] item: Leftovers
|-heal|p2a: Gastrodon|40/100|[from] item: Leftovers
|upkeep
|turn|36
|
|t:|1776090602
|move|p1a: Vaporeon|Ice Beam|p2a: Gastrodon
|-damage|p2a: Gastrodon|25/100
|move|p2a: Gastrodon|Earth Power|p1a: Vaporeon
|-damage|p1a: Vaporeon|33/100
|
|-heal|p1a: Vaporeon|83/100|[from] move: Wish|[wisher] Vaporeon
|-heal|p1a: Vaporeon|90/100|[from] item: Leftovers
|-heal|p2a: Gastrodon|31/100|[from] item: Leftovers
|upkeep
|turn|37
|
|t:|1776090612
|move|p1a: Vaporeon|Ice Beam|p2a: Gastrodon
|-damage|p2a: Gastrodon|17/100
|move|p2a: Gastrodon|Earth Power|p1a: Vaporeon
|-crit|p1a: Vaporeon
|-damage|p1a: Vaporeon|55/100
|
|-heal|p1a: Vaporeon|62/100|[from] item: Leftovers
|-heal|p2a: Gastrodon|23/100|[from] item: Leftovers
|upkeep
|turn|38
|
|t:|1776090620
|switch|p2a: Slowking|Slowking-Galar, M|100/100
|-damage|p2a: Slowking|88/100|[from] Stealth Rock
|move|p1a: Vaporeon|Ice Beam|p2a: Slowking
|-damage|p2a: Slowking|74/100
|
|-heal|p1a: Vaporeon|68/100|[from] item: Leftovers
|-heal|p2a: Slowking|80/100|[from] item: Black Sludge
|upkeep
|turn|39
|inactive|PHX SUNS has 120 seconds left.
|
|t:|1776090631
|move|p1a: Vaporeon|Scald|p2a: Slowking
|-damage|p2a: Slowking|63/100
|-status|p2a: Slowking|brn
|move|p2a: Slowking|Sludge Bomb|p1a: Vaporeon
|-damage|p1a: Vaporeon|42/100
|
|-heal|p1a: Vaporeon|48/100|[from] item: Leftovers
|-heal|p2a: Slowking|69/100 brn|[from] item: Black Sludge
|-damage|p2a: Slowking|63/100 brn|[from] brn
|upkeep
|turn|40
|inactive|PHX SUNS has 120 seconds left.
|
|t:|1776090644
|move|p1a: Vaporeon|Wish|p1a: Vaporeon
|move|p2a: Slowking|Future Sight|p1a: Vaporeon
|-start|p2a: Slowking|move: Future Sight
|
|-heal|p1a: Vaporeon|55/100|[from] item: Leftovers
|-heal|p2a: Slowking|69/100 brn|[from] item: Black Sludge
|-damage|p2a: Slowking|63/100 brn|[from] brn
|upkeep
|turn|41
|
|t:|1776090653
|switch|p1a: Umbreon|Umbreon, F|92/100
|-damage|p1a: Umbreon|79/100|[from] Stealth Rock
|move|p2a: Slowking|Sludge Bomb||[still]
|-damage|p1a: Umbreon|61/100
|-status|p1a: Umbreon|psn
|-activate|p1a: Umbreon|ability: Synchronize
|-fail|p1a: Umbreon
|
|-heal|p1a: Umbreon|100/100 psn|[from] move: Wish|[wisher] Vaporeon
|-heal|p2a: Slowking|69/100 brn|[from] item: Black Sludge
|-damage|p1a: Umbreon|88/100 psn|[from] psn
|-damage|p2a: Slowking|63/100 brn|[from] brn
|upkeep
|turn|42
|inactive|PHX SUNS has 120 seconds left.
|
|t:|1776090673
|move|p1a: Umbreon|Crunch|p2a: Slowking
|-supereffective|p2a: Slowking
|-damage|p2a: Slowking|25/100 brn
|move|p2a: Slowking|Sludge Bomb|p1a: Umbreon
|-damage|p1a: Umbreon|70/100 psn
|
|-end|p1a: Umbreon|move: Future Sight
|-immune|p1a: Umbreon
|-heal|p1a: Umbreon|76/100 psn|[from] item: Leftovers
|-heal|p2a: Slowking|31/100 brn|[from] item: Black Sludge
|-damage|p1a: Umbreon|63/100 psn|[from] psn
|-damage|p2a: Slowking|25/100 brn|[from] brn
|upkeep
|turn|43
|inactive|PHX SUNS has 120 seconds left.
|
|t:|1776090692
|switch|p2a: Haxorus|Haxorus, M, shiny|100/100
|-damage|p2a: Haxorus|88/100|[from] Stealth Rock
|-ability|p2a: Haxorus|Mold Breaker
|move|p1a: Umbreon|Wish|p1a: Umbreon
|
|-heal|p1a: Umbreon|70/100 psn|[from] item: Leftovers
|-damage|p1a: Umbreon|57/100 psn|[from] psn
|upkeep
|turn|44
|
|t:|1776090702
|move|p2a: Haxorus|Close Combat|p1a: Umbreon
|-supereffective|p1a: Umbreon
|-damage|p1a: Umbreon|0 fnt
|-unboost|p2a: Haxorus|def|1
|-unboost|p2a: Haxorus|spd|1
|faint|p1a: Umbreon
|-damage|p2a: Haxorus|78/100|[from] item: Life Orb
|
|upkeep
|inactive|PHX SUNS has 120 seconds left.
|
|t:|1776090714
|switch|p1a: Arcanine|Arcanine-Hisui, M|44/100
|-damage|p1a: Arcanine|19/100|[from] Stealth Rock
|-ability|p1a: Arcanine|Intimidate|boost
|-unboost|p2a: Haxorus|atk|1
|turn|45
|
|t:|1776090724
|-terastallize|p2a: Haxorus|Ground
|move|p1a: Arcanine|Extreme Speed|p2a: Haxorus
|-damage|p2a: Haxorus|27/100
|move|p2a: Haxorus|Close Combat|p1a: Arcanine
|-supereffective|p1a: Arcanine
|-damage|p1a: Arcanine|0 fnt
|-unboost|p2a: Haxorus|def|1
|-unboost|p2a: Haxorus|spd|1
|faint|p1a: Arcanine
|-damage|p2a: Haxorus|17/100|[from] item: Life Orb
|
|upkeep
|inactive|PHX SUNS has 120 seconds left.
|
|t:|1776090735
|switch|p1a: Vaporeon|Vaporeon, F|55/100
|-damage|p1a: Vaporeon|42/100|[from] Stealth Rock
|turn|46
|
|t:|1776090740
|move|p1a: Vaporeon|Protect|p1a: Vaporeon
|-singleturn|p1a: Vaporeon|Protect
|move|p2a: Haxorus|Dragon Dance|p2a: Haxorus
|-boost|p2a: Haxorus|atk|1
|-boost|p2a: Haxorus|spe|1
|
|-heal|p1a: Vaporeon|48/100|[from] item: Leftovers
|upkeep
|turn|47
|
|t:|1776090750
|move|p2a: Haxorus|Dragon Claw|p1a: Vaporeon
|-damage|p1a: Vaporeon|2/100
|-damage|p2a: Haxorus|7/100|[from] item: Life Orb
|move|p1a: Vaporeon|Ice Beam|p2a: Haxorus
|-supereffective|p2a: Haxorus
|-damage|p2a: Haxorus|0 fnt
|faint|p2a: Haxorus
|
|-heal|p1a: Vaporeon|8/100|[from] item: Leftovers
|upkeep
|
|t:|1776090763
|switch|p2a: Slowking|Slowking-Galar, M|58/100 brn
|-damage|p2a: Slowking|45/100 brn|[from] Stealth Rock
|turn|48
|
|t:|1776090770
|move|p1a: Vaporeon|Protect|p1a: Vaporeon
|-singleturn|p1a: Vaporeon|Protect
|move|p2a: Slowking|Future Sight|p1a: Vaporeon
|-start|p2a: Slowking|move: Future Sight
|
|-heal|p1a: Vaporeon|15/100|[from] item: Leftovers
|-heal|p2a: Slowking|52/100 brn|[from] item: Black Sludge
|-damage|p2a: Slowking|45/100 brn|[from] brn
|upkeep
|turn|49
|c|☆dk10993|lmao
|
|t:|1776090779
|move|p1a: Vaporeon|Wish|p1a: Vaporeon
|move|p2a: Slowking|Sludge Bomb|p1a: Vaporeon
|-damage|p1a: Vaporeon|0 fnt
|faint|p1a: Vaporeon
|
|-heal|p2a: Slowking|52/100 brn|[from] item: Black Sludge
|-damage|p2a: Slowking|45/100 brn|[from] brn
|upkeep
|
|t:|1776090786
|switch|p1a: Scizor|Scizor, F|57/100 frz
|-damage|p1a: Scizor|44/100 frz|[from] Stealth Rock
|turn|50
|c|☆dk10993|ur boring ass lame ass strat wont work
|c|☆dk10993|50 turns of stall
|inactive|PHX SUNS has 120 seconds left.
|
|t:|1776090818
|cant|p1a: Scizor|frz
|move|p2a: Slowking|Thunder Punch|p1a: Scizor
|-damage|p1a: Scizor|39/100 frz
|
|-end|p1a: Scizor|move: Future Sight
|-resisted|p1a: Scizor
|-damage|p1a: Scizor|5/100 frz
|-heal|p1a: Scizor|87/100 frz|[from] move: Wish|[wisher] Vaporeon
|-heal|p2a: Slowking|52/100 brn|[from] item: Black Sludge
|-damage|p2a: Slowking|45/100 brn|[from] brn
|upkeep
|turn|51
|inactive|PHX SUNS has 120 seconds left.
|
|t:|1776090840
|switch|p2a: Gastrodon|Gastrodon, M|23/100
|-damage|p2a: Gastrodon|17/100|[from] Stealth Rock
|-curestatus|p1a: Scizor|frz|[msg]
|move|p1a: Scizor|Swords Dance|p1a: Scizor
|-boost|p1a: Scizor|atk|2
|
|-heal|p2a: Gastrodon|23/100|[from] item: Leftovers
|upkeep
|turn|52
|
|t:|1776090855
|move|p1a: Scizor|Bullet Punch|p2a: Gastrodon
|-resisted|p2a: Gastrodon
|-damage|p2a: Gastrodon|0 fnt
|faint|p2a: Gastrodon
|-damage|p1a: Scizor|77/100|[from] item: Life Orb
|
|upkeep
|c|☆PHX SUNS|Looooool
|inactive|dk10993 has 120 seconds left.
|c|☆dk10993|ok nvm i forgot the wish was still there
|c|☆dk10993|that's embarrasing
|c|☆dk10993|how annoying
|c|☆PHX SUNS|you are a joke
|c|☆dk10993|u ran double wish lmfao
|c|☆dk10993|boring
|c|☆PHX SUNS|looooser
|
|t:|1776090891
|switch|p2a: Scizor|Scizor, M|46/100
|-damage|p2a: Scizor|34/100|[from] Stealth Rock
|turn|53
|c|☆PHX SUNS|cry
|
|t:|1776090897
|-terastallize|p1a: Scizor|Steel
|move|p1a: Scizor|Bullet Punch|p2a: Scizor
|-resisted|p2a: Scizor
|-damage|p2a: Scizor|0 fnt
|faint|p2a: Scizor
|-damage|p1a: Scizor|67/100|[from] item: Life Orb
|
|upkeep
|
|t:|1776090903
|switch|p2a: Slowking|Slowking-Galar, M|79/100 brn
|-damage|p2a: Slowking|66/100 brn|[from] Stealth Rock
|turn|54
|c|☆PHX SUNS|Crrrry
|
|t:|1776090910
|move|p1a: Scizor|Bullet Punch|p2a: Slowking
|-damage|p2a: Slowking|0 fnt
|faint|p2a: Slowking
|-damage|p1a: Scizor|57/100|[from] item: Life Orb
|
|win|PHX SUNS
