|html|<div class="broadcast-blue"><strong>[Gen 9] OU is currently suspecting Tera Blast! For information on how to participate check out the <a href="https://www.smogon.com/tools/suspects/view/200">suspect thread</a>.</strong></div>
|j|☆Kichimura Washuu
|j|☆Alvak
|t:|1776278898
|gametype|singles
|player|p1|Kichimura Washuu|clerk|1215
|player|p2|Alvak|burglar|1199
|gen|9
|tier|[Gen 9] OU
|rated|
|rule|HP Percentage Mod: HP is shown in percentages
|rule|Endless Battle Clause: Forcing endless battles is banned
|rule|Species Clause: Limit one of each Pokémon
|rule|OHKO Clause: OHKO moves are banned
|rule|Evasion Items Clause: Evasion items are banned
|rule|Evasion Moves Clause: Evasion moves are banned
|rule|Evasion Abilities Clause: Evasion abilities are banned
|rule|Sleep Moves Clause: Sleep-inducing moves are banned
|clearpoke
|poke|p1|Lapras, M|
|poke|p1|Gliscor, M|
|poke|p1|Toxapex, M|
|poke|p1|Dondozo, M|
|poke|p1|Chansey, F|
|poke|p1|Clefable, M|
|poke|p2|Great Tusk|
|poke|p2|Dragapult, M|
|poke|p2|Zapdos|
|poke|p2|Hatterene, F|
|poke|p2|Garganacl, M|
|poke|p2|Weavile, M|
|teampreview
|
|t:|1776278916
|teamsize|p1|6
|teamsize|p2|6
|start
|switch|p1a: Gliscor|Gliscor, M|100/100
|switch|p2a: Garganacl|Garganacl, M, shiny|100/100
|turn|1
|
|t:|1776278928
|switch|p2a: Hatterene|Hatterene, F, shiny|100/100
|move|p1a: Gliscor|Swords Dance|p1a: Gliscor
|-boost|p1a: Gliscor|atk|2
|
|-status|p1a: Gliscor|tox|[from] item: Toxic Orb
|upkeep
|turn|2
|
|t:|1776278935
|move|p1a: Gliscor|Earthquake|p2a: Hatterene
|-damage|p2a: Hatterene|26/100
|move|p2a: Hatterene|Dazzling Gleam|p1a: Gliscor
|-damage|p1a: Gliscor|38/100 tox
|
|-heal|p1a: Gliscor|50/100 tox|[from] ability: Poison Heal
|upkeep
|turn|3
|
|t:|1776278943
|switch|p2a: Zapdos|Zapdos, shiny|100/100
|move|p1a: Gliscor|Earthquake|p2a: Zapdos
|-immune|p2a: Zapdos
|
|-heal|p1a: Gliscor|62/100 tox|[from] ability: Poison Heal
|upkeep
|turn|4
|
|t:|1776278946
|move|p1a: Gliscor|Protect|p1a: Gliscor
|-singleturn|p1a: Gliscor|Protect
|move|p2a: Zapdos|Hurricane|p1a: Gliscor
|-activate|p1a: Gliscor|move: Protect
|
|-heal|p1a: Gliscor|75/100 tox|[from] ability: Poison Heal
|upkeep
|turn|5
|
|t:|1776278954
|switch|p2a: Weavile|Weavile, M, shiny|100/100
|switch|p1a: Toxapex|Toxapex, M, shiny|100/100
|
|upkeep
|turn|6
|
|t:|1776278957
|switch|p2a: Hatterene|Hatterene, F, shiny|26/100
|move|p1a: Toxapex|Toxic|p2a: Hatterene
|move|p2a: Hatterene|Toxic|p1a: Toxapex|[from] ability: Magic Bounce
|-immune|p1a: Toxapex
|
|upkeep
|turn|7
|
|t:|1776278968
|switch|p1a: Clefable|Clefable, M|100/100
|move|p2a: Hatterene|Psychic Noise|p1a: Clefable
|-damage|p1a: Clefable|69/100
|-start|p1a: Clefable|move: Heal Block
|
|upkeep
|turn|8
|
|t:|1776278974
|move|p1a: Clefable|Moonblast|p2a: Hatterene
|-damage|p2a: Hatterene|3/100
|move|p2a: Hatterene|Psyshock|p1a: Clefable
|-damage|p1a: Clefable|15/100
|
|-end|p1a: Clefable|move: Heal Block
|upkeep
|turn|9
|
|t:|1776278984
|switch|p2a: Zapdos|Zapdos, shiny|100/100
|move|p1a: Clefable|Moonlight|p1a: Clefable
|-heal|p1a: Clefable|65/100
|
|-heal|p1a: Clefable|71/100|[from] item: Leftovers
|upkeep
|turn|10
|
|t:|1776278989
|move|p2a: Zapdos|Hurricane|p1a: Clefable
|-damage|p1a: Clefable|30/100
|move|p1a: Clefable|Calm Mind|p1a: Clefable
|-boost|p1a: Clefable|spa|1
|-boost|p1a: Clefable|spd|1
|
|-heal|p1a: Clefable|36/100|[from] item: Leftovers
|upkeep
|turn|11
|
|t:|1776278996
|switch|p2a: Weavile|Weavile, M, shiny|100/100
|move|p1a: Clefable|Moonlight|p1a: Clefable
|-heal|p1a: Clefable|86/100
|
|-heal|p1a: Clefable|92/100|[from] item: Leftovers
|upkeep
|turn|12
|inactive|Battle timer is ON: inactive players will automatically lose when time's up. (requested by Alvak)
|
|t:|1776279006
|move|p2a: Weavile|Triple Axel|p1a: Clefable
|-damage|p1a: Clefable|81/100
|-damage|p1a: Clefable|60/100
|-damage|p1a: Clefable|27/100
|-hitcount|p1a: Clefable|3
|move|p1a: Clefable|Moonblast|p2a: Weavile
|-supereffective|p2a: Weavile
|-damage|p2a: Weavile|0 fnt
|faint|p2a: Weavile
|
|-heal|p1a: Clefable|33/100|[from] item: Leftovers
|upkeep
|
|t:|1776279011
|switch|p2a: Great Tusk|Great Tusk, shiny|100/100
|turn|13
|
|t:|1776279036
|switch|p1a: Gliscor|Gliscor, M|75/100 tox
|move|p2a: Great Tusk|Knock Off|p1a: Gliscor
|-damage|p1a: Gliscor|54/100 tox
|-enditem|p1a: Gliscor|Toxic Orb|[from] move: Knock Off|[of] p2a: Great Tusk
|
|-heal|p1a: Gliscor|66/100 tox|[from] ability: Poison Heal
|upkeep
|turn|14
|
|t:|1776279043
|-end|p2a: Great Tusk|Protosynthesis|[silent]
|switch|p2a: Zapdos|Zapdos, shiny|100/100
|move|p1a: Gliscor|Toxic|p2a: Zapdos
|-status|p2a: Zapdos|tox
|
|-damage|p2a: Zapdos|94/100 tox|[from] psn
|-heal|p1a: Gliscor|79/100 tox|[from] ability: Poison Heal
|upkeep
|turn|15
|
|t:|1776279049
|move|p1a: Gliscor|Protect|p1a: Gliscor
|-singleturn|p1a: Gliscor|Protect
|move|p2a: Zapdos|Hurricane|p1a: Gliscor
|-activate|p1a: Gliscor|move: Protect
|
|-damage|p2a: Zapdos|82/100 tox|[from] psn
|-heal|p1a: Gliscor|91/100 tox|[from] ability: Poison Heal
|upkeep
|turn|16
|
|t:|1776279055
|switch|p1a: Chansey|Chansey, F|100/100
|move|p2a: Zapdos|Hurricane|p1a: Chansey
|-damage|p1a: Chansey|85/100
|-start|p1a: Chansey|confusion
|
|-damage|p2a: Zapdos|63/100 tox|[from] psn
|upkeep
|turn|17
|
|t:|1776279073
|switch|p2a: Hatterene|Hatterene, F, shiny|3/100
|-activate|p1a: Chansey|confusion
|move|p1a: Chansey|Calm Mind|p1a: Chansey
|-boost|p1a: Chansey|spa|1
|-boost|p1a: Chansey|spd|1
|
|upkeep
|turn|18
|
|t:|1776279079
|-activate|p1a: Chansey|confusion
|-damage|p1a: Chansey|80/100|[from] confusion
|move|p2a: Hatterene|Psyshock|p1a: Chansey
|-damage|p1a: Chansey|0 fnt
|faint|p1a: Chansey
|
|upkeep
|
|t:|1776279088
|switch|p1a: Gliscor|Gliscor, M|91/100 tox
|turn|19
|
|t:|1776279096
|switch|p2a: Zapdos|Zapdos, shiny|63/100 tox
|move|p1a: Gliscor|Earthquake|p2a: Zapdos
|-immune|p2a: Zapdos
|
|-damage|p2a: Zapdos|57/100 tox|[from] psn
|-heal|p1a: Gliscor|100/100 tox|[from] ability: Poison Heal
|upkeep
|turn|20
|l|☆Alvak
|inactive|Alvak disconnected and has a minute to reconnect!
|player|p2|
|j|☆Alvak
|inactive|Alvak reconnected.
|player|p2|Alvak|burglar|
|
|t:|1776279122
|move|p1a: Gliscor|Protect|p1a: Gliscor
|-singleturn|p1a: Gliscor|Protect
|move|p2a: Zapdos|Roost|p2a: Zapdos
|-heal|p2a: Zapdos|100/100 tox
|-singleturn|p2a: Zapdos|move: Roost
|
|-damage|p2a: Zapdos|88/100 tox|[from] psn
|upkeep
|turn|21
|
|t:|1776279125
|move|p2a: Zapdos|Hurricane|p1a: Gliscor
|-damage|p1a: Gliscor|36/100 tox
|-start|p1a: Gliscor|confusion
|-activate|p1a: Gliscor|confusion
|-damage|p1a: Gliscor|31/100 tox|[from] confusion
|
|-damage|p2a: Zapdos|69/100 tox|[from] psn
|-heal|p1a: Gliscor|43/100 tox|[from] ability: Poison Heal
|upkeep
|turn|22
|
|t:|1776279135
|-activate|p1a: Gliscor|confusion
|move|p1a: Gliscor|Protect|p1a: Gliscor
|-singleturn|p1a: Gliscor|Protect
|move|p2a: Zapdos|Hurricane|p1a: Gliscor
|-activate|p1a: Gliscor|move: Protect
|
|-damage|p2a: Zapdos|44/100 tox|[from] psn
|-heal|p1a: Gliscor|56/100 tox|[from] ability: Poison Heal
|upkeep
|turn|23
|
|t:|1776279144
|-activate|p1a: Gliscor|confusion
|-damage|p1a: Gliscor|50/100 tox|[from] confusion
|move|p2a: Zapdos|Hurricane|p1a: Gliscor
|-damage|p1a: Gliscor|0 fnt
|faint|p1a: Gliscor
|
|-damage|p2a: Zapdos|13/100 tox|[from] psn
|upkeep
|
|t:|1776279147
|switch|p1a: Clefable|Clefable, M|33/100
|turn|24
|
|t:|1776279161
|move|p2a: Zapdos|Hurricane|p1a: Clefable
|-damage|p1a: Clefable|0 fnt
|faint|p1a: Clefable
|
|-damage|p2a: Zapdos|0 fnt|[from] psn
|faint|p2a: Zapdos
|upkeep
|
|t:|1776279166
|switch|p2a: Hatterene|Hatterene, F, shiny|3/100
|switch|p1a: Lapras|Lapras, M|100/100
|turn|25
|
|t:|1776279172
|move|p1a: Lapras|Whirlpool|p2a: Hatterene|[miss]
|-miss|p1a: Lapras|p2a: Hatterene
|move|p2a: Hatterene|Psychic Noise|p1a: Lapras
|-damage|p1a: Lapras|66/100
|-start|p1a: Lapras|move: Heal Block
|
|upkeep
|turn|26
|
|t:|1776279179
|move|p1a: Lapras|Whirlpool|p2a: Hatterene
|-damage|p2a: Hatterene|0 fnt
|faint|p2a: Hatterene
|
|-end|p1a: Lapras|move: Heal Block
|upkeep
|
|t:|1776279184
|switch|p2a: Great Tusk|Great Tusk, shiny|100/100
|turn|27
|
|t:|1776279194
|move|p2a: Great Tusk|Close Combat|p1a: Lapras
|-supereffective|p1a: Lapras
|-damage|p1a: Lapras|0 fnt
|-unboost|p2a: Great Tusk|def|1
|-unboost|p2a: Great Tusk|spd|1
|faint|p1a: Lapras
|
|upkeep
|
|t:|1776279199
|switch|p1a: Dondozo|Dondozo, M|100/100
|turn|28
|
|t:|1776279202
|-end|p2a: Great Tusk|Protosynthesis|[silent]
|switch|p2a: Dragapult|Dragapult, M, shiny|100/100
|move|p1a: Dondozo|Wave Crash|p2a: Dragapult
|-resisted|p2a: Dragapult
|-damage|p2a: Dragapult|75/100
|-damage|p1a: Dondozo|95/100|[from] Recoil
|
|-heal|p2a: Dragapult|81/100|[from] item: Leftovers
|-heal|p1a: Dondozo|100/100|[from] item: Leftovers
|upkeep
|turn|29
|
|t:|1776279205
|switch|p1a: Toxapex|Toxapex, M, shiny|100/100
|move|p2a: Dragapult|Will-O-Wisp|p1a: Toxapex
|-status|p1a: Toxapex|brn
|
|-heal|p2a: Dragapult|87/100|[from] item: Leftovers
|-damage|p1a: Toxapex|94/100 brn|[from] brn
|upkeep
|turn|30
|
|t:|1776279208
|move|p2a: Dragapult|Hex|p1a: Toxapex
|-damage|p1a: Toxapex|50/100 brn
|move|p1a: Toxapex|Toxic|p2a: Dragapult
|-status|p2a: Dragapult|tox
|
|-heal|p2a: Dragapult|93/100 tox|[from] item: Leftovers
|-heal|p1a: Toxapex|57/100 brn|[from] item: Black Sludge
|-damage|p2a: Dragapult|87/100 tox|[from] psn
|-damage|p1a: Toxapex|50/100 brn|[from] brn
|upkeep
|turn|31
|
|t:|1776279218
|switch|p2a: Garganacl|Garganacl, M, shiny|100/100
|switch|p1a: Dondozo|Dondozo, M|100/100
|
|upkeep
|turn|32
|
|t:|1776279226
|-terastallize|p2a: Garganacl|Ghost
|move|p1a: Dondozo|Curse|p1a: Dondozo
|-unboost|p1a: Dondozo|spe|1
|-boost|p1a: Dondozo|atk|1
|-boost|p1a: Dondozo|def|1
|move|p2a: Garganacl|Salt Cure|p1a: Dondozo
|-damage|p1a: Dondozo|96/100
|-start|p1a: Dondozo|Salt Cure
|
|-heal|p1a: Dondozo|100/100|[from] item: Leftovers
|-damage|p1a: Dondozo|75/100|[from] Salt Cure
|upkeep
|turn|33
|
|t:|1776279239
|switch|p2a: Dragapult|Dragapult, M, shiny|87/100 tox
|move|p1a: Dondozo|Curse|p1a: Dondozo
|-unboost|p1a: Dondozo|spe|1
|-boost|p1a: Dondozo|atk|1
|-boost|p1a: Dondozo|def|1
|
|-heal|p2a: Dragapult|93/100 tox|[from] item: Leftovers
|-heal|p1a: Dondozo|82/100|[from] item: Leftovers
|-damage|p2a: Dragapult|87/100 tox|[from] psn
|-damage|p1a: Dondozo|57/100|[from] Salt Cure
|upkeep
|turn|34
|
|t:|1776279245
|switch|p1a: Toxapex|Toxapex, M, shiny|84/100 brn
|move|p2a: Dragapult|Thunder Wave||[still]
|-fail|p2a: Dragapult
|
|-heal|p2a: Dragapult|93/100 tox|[from] item: Leftovers
|-heal|p1a: Toxapex|90/100 brn|[from] item: Black Sludge
|-damage|p2a: Dragapult|81/100 tox|[from] psn
|-damage|p1a: Toxapex|84/100 brn|[from] brn
|upkeep
|turn|35
|
|t:|1776279259
|switch|p2a: Garganacl|Garganacl, M, shiny, tera:Ghost|100/100
|move|p1a: Toxapex|Recover|p1a: Toxapex
|-heal|p1a: Toxapex|100/100 brn
|
|-damage|p1a: Toxapex|94/100 brn|[from] brn
|upkeep
|turn|36
|
|t:|1776279263
|switch|p1a: Dondozo|Dondozo, M|57/100
|move|p2a: Garganacl|Salt Cure|p1a: Dondozo
|-damage|p1a: Dondozo|51/100
|-start|p1a: Dondozo|Salt Cure
|
|-heal|p1a: Dondozo|57/100|[from] item: Leftovers
|-damage|p1a: Dondozo|32/100|[from] Salt Cure
|upkeep
|turn|37
|
|t:|1776279267
|move|p1a: Dondozo|Rest|p1a: Dondozo
|-status|p1a: Dondozo|slp|[from] move: Rest
|-heal|p1a: Dondozo|100/100 slp|[silent]
|move|p2a: Garganacl|Body Press|p1a: Dondozo
|-damage|p1a: Dondozo|86/100 slp
|
|-heal|p1a: Dondozo|92/100 slp|[from] item: Leftovers
|-damage|p1a: Dondozo|67/100 slp|[from] Salt Cure
|upkeep
|turn|38
|
|t:|1776279276
|switch|p1a: Toxapex|Toxapex, M, shiny|100/100 brn
|move|p2a: Garganacl|Salt Cure|p1a: Toxapex
|-damage|p1a: Toxapex|92/100 brn
|-start|p1a: Toxapex|Salt Cure
|
|-heal|p1a: Toxapex|99/100 brn|[from] item: Black Sludge
|-damage|p1a: Toxapex|92/100 brn|[from] brn
|-damage|p1a: Toxapex|67/100 brn|[from] Salt Cure
|upkeep
|turn|39
|
|t:|1776279281
|switch|p1a: Dondozo|Dondozo, M|67/100 slp
|move|p2a: Garganacl|Salt Cure|p1a: Dondozo
|-damage|p1a: Dondozo|61/100 slp
|-start|p1a: Dondozo|Salt Cure
|
|-heal|p1a: Dondozo|67/100 slp|[from] item: Leftovers
|-damage|p1a: Dondozo|42/100 slp|[from] Salt Cure
|upkeep
|turn|40
|
|t:|1776279284
|cant|p1a: Dondozo|slp
|move|p2a: Garganacl|Body Press|p1a: Dondozo
|-damage|p1a: Dondozo|28/100 slp
|
|-heal|p1a: Dondozo|35/100 slp|[from] item: Leftovers
|-damage|p1a: Dondozo|10/100 slp|[from] Salt Cure
|upkeep
|turn|41
|
|t:|1776279289
|cant|p1a: Dondozo|slp
|move|p2a: Garganacl|Salt Cure|p1a: Dondozo
|-damage|p1a: Dondozo|3/100 slp
|
|-heal|p1a: Dondozo|9/100 slp|[from] item: Leftovers
|-damage|p1a: Dondozo|0 fnt|[from] Salt Cure
|faint|p1a: Dondozo
|upkeep
|-message|Kichimura Washuu forfeited.
|
|win|Alvak
|raw|Kichimura Washuu's rating: 1215 &rarr; <strong>1189</strong><br />(-26 for losing)
|raw|Alvak's rating: 1199 &rarr; <strong>1225</strong><br />(+26 for winning)
|l|☆Kichimura Washuu
|player|p1|
|l|☆Alvak
|player|p2|
|j|☆Alvak
|player|p2|Alvak|burglar|
