|html|<div class="broadcast-blue"><strong>[Gen 9] OU is currently suspecting Volcarona! For information on how to participate check out the <a href="https://www.smogon.com/tools/suspects/view/208">suspect thread</a>.</strong></div>
|j|☆Volga123
|j|☆Panurome
|t:|1778505624
|gametype|singles
|player|p1|Volga123|cynthia|1363
|player|p2|Panurome|gambler|1417
|gen|9
|tier|[Gen 9] OU
|rated|
|rule|HP Percentage Mod: HP is shown in percentages
|rule|Endless Battle Clause: Forcing endless battles is banned
|rule|Species Clause: Limit one of each Pokémon
|rule|OHKO Clause: OHKO moves are banned
|rule|Evasion Items Clause: Evasion items are banned
|rule|Evasion Moves Clause: Evasion moves are banned
|rule|Evasion Abilities Clause: Evasion abilities are banned
|rule|Sleep Moves Clause: Sleep-inducing moves are banned
|clearpoke
|poke|p1|Brambleghast, M|
|poke|p1|Cloyster, F|
|poke|p1|Clodsire, M|
|poke|p1|Salazzle, F|
|poke|p1|Slither Wing|
|poke|p1|Moltres-Galar|
|poke|p2|Regieleki|
|poke|p2|Slowking-Galar, F|
|poke|p2|Hatterene, F|
|poke|p2|Mamoswine, M|
|poke|p2|Alomomola, M|
|poke|p2|Iron Treads|
|teampreview
|inactive|Battle timer is ON: inactive players will automatically lose when time's up. (requested by Panurome)
|inactive|Panurome has 120 seconds left.
|
|t:|1778505681
|teamsize|p1|6
|teamsize|p2|6
|start
|switch|p1a: Slither Wing|Slither Wing|100/100
|switch|p2a: Hatterene|Hatterene, F|100/100
|turn|1
|
|t:|1778505687
|move|p1a: Slither Wing|U-turn|p2a: Hatterene
|-damage|p2a: Hatterene|51/100
|-damage|p1a: Slither Wing|84/100|[from] item: Rocky Helmet|[of] p2a: Hatterene
|
|t:|1778505692
|-end|p1a: Slither Wing|Protosynthesis|[silent]
|switch|p1a: Clodsire|Clodsire, M|100/100|[from] U-turn
|move|p2a: Hatterene|Nuzzle|p1a: Clodsire
|-immune|p1a: Clodsire
|
|upkeep
|turn|2
|
|t:|1778505697
|move|p2a: Hatterene|Psychic Noise|p1a: Clodsire
|-supereffective|p1a: Clodsire
|-damage|p1a: Clodsire|59/100
|-start|p1a: Clodsire|move: Heal Block
|move|p1a: Clodsire|Gunk Shot|p2a: Hatterene
|-supereffective|p2a: Hatterene
|-damage|p2a: Hatterene|0 fnt
|faint|p2a: Hatterene
|
|upkeep
|
|t:|1778505719
|switch|p2a: Mamoswine|Mamoswine, M|100/100
|turn|3
|
|t:|1778505728
|switch|p1a: Cloyster|Cloyster, F|100/100
|move|p2a: Mamoswine|Knock Off|p1a: Cloyster
|-damage|p1a: Cloyster|58/100
|-enditem|p1a: Cloyster|Choice Band|[from] move: Knock Off|[of] p2a: Mamoswine
|
|upkeep
|turn|4
|
|t:|1778505748
|switch|p2a: Alomomomola|Alomomola, M|100/100
|move|p1a: Cloyster|Icicle Spear|p2a: Alomomomola
|-resisted|p2a: Alomomomola
|-damage|p2a: Alomomomola|98/100
|-resisted|p2a: Alomomomola
|-damage|p2a: Alomomomola|94/100
|-resisted|p2a: Alomomomola
|-damage|p2a: Alomomomola|91/100
|-resisted|p2a: Alomomomola
|-damage|p2a: Alomomomola|88/100
|-resisted|p2a: Alomomomola
|-damage|p2a: Alomomomola|85/100
|-hitcount|p2a: Alomomomola|5
|
|upkeep
|turn|5
|
|t:|1778505752
|switch|p1a: Clodsire|Clodsire, M|59/100
|move|p2a: Alomomomola|Flip Turn|p1a: Clodsire
|-heal|p1a: Clodsire|84/100|[from] ability: Water Absorb|[of] p2a: Alomomomola
|
|-heal|p1a: Clodsire|90/100|[from] item: Black Sludge
|upkeep
|turn|6
|
|t:|1778505763
|switch|p2a: Mamoswine|Mamoswine, M|100/100
|move|p1a: Clodsire|Stealth Rock|p2a: Mamoswine
|-sidestart|p2: Panurome|move: Stealth Rock
|
|-heal|p1a: Clodsire|96/100|[from] item: Black Sludge
|upkeep
|turn|7
|
|t:|1778505774
|switch|p1a: Cloyster|Cloyster, F|58/100
|move|p2a: Mamoswine|Icicle Crash|p1a: Cloyster
|-resisted|p1a: Cloyster
|-damage|p1a: Cloyster|44/100
|
|upkeep
|turn|8
|
|t:|1778505786
|switch|p2a: Alomomomola|Alomomola, M|100/100
|move|p1a: Cloyster|Rock Blast|p2a: Alomomomola
|-damage|p2a: Alomomomola|96/100
|-crit|p2a: Alomomomola
|-damage|p2a: Alomomomola|90/100
|-damage|p2a: Alomomomola|86/100
|-damage|p2a: Alomomomola|81/100
|-damage|p2a: Alomomomola|77/100
|-hitcount|p2a: Alomomomola|5
|
|upkeep
|turn|9
|
|t:|1778505802
|switch|p1a: Clodsire|Clodsire, M|96/100
|move|p2a: Alomomomola|Wish|p2a: Alomomomola
|
|-heal|p1a: Clodsire|100/100|[from] item: Black Sludge
|upkeep
|turn|10
|
|t:|1778505808
|switch|p2a: Iron Treads|Iron Treads|100/100
|-damage|p2a: Iron Treads|97/100|[from] Stealth Rock
|move|p1a: Clodsire|Earthquake|p2a: Iron Treads
|-supereffective|p2a: Iron Treads
|-damage|p2a: Iron Treads|52/100
|
|-heal|p2a: Iron Treads|100/100|[from] move: Wish|[wisher] Alomomomola
|upkeep
|turn|11
|
|t:|1778505819
|switch|p1a: Brambleghast|Brambleghast, M|100/100
|move|p2a: Iron Treads|Rapid Spin|p1a: Brambleghast
|-immune|p1a: Brambleghast
|
|upkeep
|turn|12
|
|t:|1778505827
|move|p1a: Brambleghast|Poltergeist|p2a: Iron Treads
|-activate|p2a: Iron Treads|move: Poltergeist|Assault Vest
|-damage|p2a: Iron Treads|58/100
|move|p2a: Iron Treads|Knock Off|p1a: Brambleghast
|-supereffective|p1a: Brambleghast
|-damage|p1a: Brambleghast|6/100
|-enditem|p1a: Brambleghast|Heavy-Duty Boots|[from] move: Knock Off|[of] p2a: Iron Treads
|
|upkeep
|turn|13
|
|t:|1778505840
|move|p1a: Brambleghast|Strength Sap|p2a: Iron Treads
|-unboost|p2a: Iron Treads|atk|1
|-heal|p1a: Brambleghast|100/100
|move|p2a: Iron Treads|Volt Switch|p1a: Brambleghast
|-resisted|p1a: Brambleghast
|-damage|p1a: Brambleghast|90/100
|
|t:|1778505848
|-end|p2a: Iron Treads|Quark Drive|[silent]
|switch|p2a: Mamoswine|Mamoswine, M|100/100|[from] Volt Switch
|-damage|p2a: Mamoswine|88/100|[from] Stealth Rock
|
|upkeep
|turn|14
|
|t:|1778505854
|switch|p1a: Cloyster|Cloyster, F|44/100
|move|p2a: Mamoswine|Icicle Crash|p1a: Cloyster|[miss]
|-miss|p2a: Mamoswine|p1a: Cloyster
|
|upkeep
|turn|15
|
|t:|1778505864
|switch|p2a: Alomomomola|Alomomola, M|100/100
|switch|p1a: Slither Wing|Slither Wing|84/100
|
|upkeep
|turn|16
|
|t:|1778505869
|move|p1a: Slither Wing|U-turn|p2a: Alomomomola
|-crit|p2a: Alomomomola
|-damage|p2a: Alomomomola|55/100
|
|t:|1778505879
|-end|p1a: Slither Wing|Protosynthesis|[silent]
|switch|p1a: Brambleghast|Brambleghast, M|90/100|[from] U-turn
|move|p2a: Alomomomola|Wish|p2a: Alomomomola
|
|upkeep
|turn|17
|
|t:|1778505887
|switch|p2a: Mamoswine|Mamoswine, M|88/100
|-damage|p2a: Mamoswine|76/100|[from] Stealth Rock
|move|p1a: Brambleghast|Power Whip|p2a: Mamoswine
|-supereffective|p2a: Mamoswine
|-damage|p2a: Mamoswine|0 fnt
|faint|p2a: Mamoswine
|
|upkeep
|-message|Panurome forfeited.
|
|win|Volga123
|raw|Volga123's rating: 1363 &rarr; <strong>1386</strong><br />(+23 for winning)
|raw|Panurome's rating: 1417 &rarr; <strong>1394</strong><br />(-23 for losing)
|l|☆Panurome
|player|p2|
|l|☆Volga123
|player|p1|
