|html|<div class="broadcast-blue"><strong>[Gen 9] OU is currently suspecting Volcarona! For information on how to participate check out the <a href="https://www.smogon.com/tools/suspects/view/208">suspect thread</a>.</strong></div>
|j|☆bygbyrd
|j|☆guerrero105
|t:|1778501710
|gametype|singles
|player|p1|bygbyrd|2|1313
|player|p2|guerrero105|ltsurge|1362
|gen|9
|tier|[Gen 9] OU
|rated|
|rule|HP Percentage Mod: HP is shown in percentages
|rule|Endless Battle Clause: Forcing endless battles is banned
|rule|Species Clause: Limit one of each Pokémon
|rule|OHKO Clause: OHKO moves are banned
|rule|Evasion Items Clause: Evasion items are banned
|rule|Evasion Moves Clause: Evasion moves are banned
|rule|Evasion Abilities Clause: Evasion abilities are banned
|rule|Sleep Moves Clause: Sleep-inducing moves are banned
|clearpoke
|poke|p1|Hatterene, F|
|poke|p1|Pelipper, F|
|poke|p1|Hariyama, F|
|poke|p1|Cresselia, F|
|poke|p1|Ursaluna, M|
|poke|p1|Porygon2|
|poke|p2|Clefable, F|
|poke|p2|Corviknight, M|
|poke|p2|Garchomp, M|
|poke|p2|Sinistcha-Masterpiece|
|poke|p2|Greninja-*, M|
|poke|p2|Arcanine-Hisui, M|
|teampreview
|inactive|Battle timer is ON: inactive players will automatically lose when time's up. (requested by bygbyrd)
|
|t:|1778501726
|teamsize|p1|6
|teamsize|p2|6
|start
|switch|p1a: Porygon2|Porygon2|100/100
|switch|p2a: Arcanine|Arcanine-Hisui, M|100/100
|-ability|p2a: Arcanine|Intimidate|boost
|-unboost|p1a: Porygon2|atk|1
|-ability|p1a: Porygon2|Download|boost
|-boost|p1a: Porygon2|spa|1
|turn|1
|
|t:|1778501738
|move|p2a: Arcanine|Will-O-Wisp|p1a: Porygon2|[miss]
|-miss|p2a: Arcanine|p1a: Porygon2
|move|p1a: Porygon2|Thunder|p2a: Arcanine
|-damage|p2a: Arcanine|43/100
|
|-heal|p2a: Arcanine|49/100|[from] item: Leftovers
|upkeep
|turn|2
|
|t:|1778501746
|switch|p2a: Clefable|Clefable, F|100/100
|move|p1a: Porygon2|Trick Room|p1a: Porygon2
|-fieldstart|move: Trick Room|[of] p1a: Porygon2
|
|upkeep
|turn|3
|
|t:|1778501753
|switch|p1a: Ursaluna|Ursaluna, M|100/100
|move|p2a: Clefable|Moonblast|p1a: Ursaluna
|-damage|p1a: Ursaluna|74/100
|-unboost|p1a: Ursaluna|spa|1
|
|-status|p1a: Ursaluna|brn|[from] item: Flame Orb
|upkeep
|turn|4
|
|t:|1778501759
|switch|p2a: Corviknight|Corviknight, M|100/100
|-ability|p2a: Corviknight|Pressure
|move|p1a: Ursaluna|Swords Dance|p1a: Ursaluna
|-boost|p1a: Ursaluna|atk|2
|
|-damage|p1a: Ursaluna|68/100 brn|[from] brn
|upkeep
|turn|5
|
|t:|1778501768
|switch|p2a: Arcanine|Arcanine-Hisui, M|49/100
|-ability|p2a: Arcanine|Intimidate|boost
|-unboost|p1a: Ursaluna|atk|1
|move|p1a: Ursaluna|Fire Punch|p2a: Arcanine
|-resisted|p2a: Arcanine
|-damage|p2a: Arcanine|31/100
|
|-heal|p2a: Arcanine|37/100|[from] item: Leftovers
|-damage|p1a: Ursaluna|62/100 brn|[from] brn
|upkeep
|turn|6
|
|t:|1778501778
|move|p1a: Ursaluna|Fire Punch|p2a: Arcanine
|-resisted|p2a: Arcanine
|-damage|p2a: Arcanine|17/100
|move|p2a: Arcanine|Flare Blitz|p1a: Ursaluna
|-damage|p1a: Ursaluna|27/100 brn
|-damage|p2a: Arcanine|2/100|[from] Recoil
|
|-heal|p2a: Arcanine|8/100|[from] item: Leftovers
|-damage|p1a: Ursaluna|21/100 brn|[from] brn
|-fieldend|move: Trick Room
|upkeep
|turn|7
|
|t:|1778501789
|switch|p1a: Pelipper|Pelipper, F|100/100
|-weather|RainDance|[from] ability: Drizzle|[of] p1a: Pelipper
|move|p2a: Arcanine|Flare Blitz|p1a: Pelipper
|-resisted|p1a: Pelipper
|-damage|p1a: Pelipper|88/100
|-damage|p2a: Arcanine|4/100|[from] Recoil
|
|-weather|RainDance|[upkeep]
|-heal|p2a: Arcanine|10/100|[from] item: Leftovers
|upkeep
|turn|8
|
|t:|1778501795
|switch|p1a: Porygon2|Porygon2|100/100
|-ability|p1a: Porygon2|Download|boost
|-boost|p1a: Porygon2|spa|1
|move|p2a: Arcanine|Rock Tomb|p1a: Porygon2
|-damage|p1a: Porygon2|82/100
|-unboost|p1a: Porygon2|spe|1
|
|-weather|RainDance|[upkeep]
|-heal|p2a: Arcanine|16/100|[from] item: Leftovers
|upkeep
|turn|9
|
|t:|1778501809
|switch|p2a: Clefable|Clefable, F|100/100
|move|p1a: Porygon2|Thunder|p2a: Clefable
|-damage|p2a: Clefable|77/100
|
|-weather|RainDance|[upkeep]
|-heal|p2a: Clefable|83/100|[from] item: Leftovers
|upkeep
|turn|10
|
|t:|1778501815
|move|p2a: Clefable|Moonblast|p1a: Porygon2
|-crit|p1a: Porygon2
|-damage|p1a: Porygon2|51/100
|move|p1a: Porygon2|Trick Room|p1a: Porygon2
|-fieldstart|move: Trick Room|[of] p1a: Porygon2
|
|-weather|RainDance|[upkeep]
|-heal|p2a: Clefable|89/100|[from] item: Leftovers
|upkeep
|turn|11
|
|t:|1778501823
|move|p1a: Porygon2|Tri Attack|p2a: Clefable
|-damage|p2a: Clefable|62/100
|move|p2a: Clefable|Stealth Rock|p1a: Porygon2
|-sidestart|p1: bygbyrd|move: Stealth Rock
|
|-weather|none
|-heal|p2a: Clefable|68/100|[from] item: Leftovers
|upkeep
|turn|12
|
|t:|1778501832
|move|p1a: Porygon2|Tri Attack|p2a: Clefable
|-damage|p2a: Clefable|43/100
|-status|p2a: Clefable|par
|cant|p2a: Clefable|par
|
|-heal|p2a: Clefable|49/100 par|[from] item: Leftovers
|upkeep
|turn|13
|
|t:|1778501839
|move|p1a: Porygon2|Tri Attack|p2a: Clefable
|-damage|p2a: Clefable|24/100 par
|move|p2a: Clefable|Moonlight|p2a: Clefable
|-heal|p2a: Clefable|74/100 par
|
|-heal|p2a: Clefable|80/100 par|[from] item: Leftovers
|upkeep
|turn|14
|
|t:|1778501844
|move|p1a: Porygon2|Tri Attack|p2a: Clefable
|-damage|p2a: Clefable|51/100 par
|cant|p2a: Clefable|par
|
|-heal|p2a: Clefable|57/100 par|[from] item: Leftovers
|-fieldend|move: Trick Room
|upkeep
|turn|15
|
|t:|1778501849
|move|p2a: Clefable|Thunder Wave|p1a: Porygon2
|-status|p1a: Porygon2|par
|move|p1a: Porygon2|Trick Room|p1a: Porygon2
|-fieldstart|move: Trick Room|[of] p1a: Porygon2
|
|-heal|p2a: Clefable|63/100 par|[from] item: Leftovers
|upkeep
|turn|16
|
|t:|1778501861
|switch|p1a: Ursaluna|Ursaluna, M|21/100 brn
|-damage|p1a: Ursaluna|15/100 brn|[from] Stealth Rock
|move|p2a: Clefable|Moonblast|p1a: Ursaluna
|-damage|p1a: Ursaluna|0 fnt
|faint|p1a: Ursaluna
|
|-heal|p2a: Clefable|69/100 par|[from] item: Leftovers
|upkeep
|
|t:|1778501865
|switch|p1a: Pelipper|Pelipper, F|88/100
|-damage|p1a: Pelipper|63/100|[from] Stealth Rock
|-weather|RainDance|[from] ability: Drizzle|[of] p1a: Pelipper
|turn|17
|
|t:|1778501880
|cant|p2a: Clefable|par
|move|p1a: Pelipper|Weather Ball|p2a: Clefable
|-damage|p2a: Clefable|0 fnt
|faint|p2a: Clefable
|
|-weather|RainDance|[upkeep]
|upkeep
|
|t:|1778501891
|switch|p2a: Sinistcha|Sinistcha-Masterpiece|100/100
|turn|18
|
|t:|1778501893
|move|p1a: Pelipper|Weather Ball|p2a: Sinistcha
|-resisted|p2a: Sinistcha
|-damage|p2a: Sinistcha|31/100
|move|p2a: Sinistcha|Calm Mind|p2a: Sinistcha
|-boost|p2a: Sinistcha|spa|1
|-boost|p2a: Sinistcha|spd|1
|
|-weather|RainDance|[upkeep]
|upkeep
|turn|19
|
|t:|1778501905
|move|p1a: Pelipper|Weather Ball|p2a: Sinistcha
|-resisted|p2a: Sinistcha
|-damage|p2a: Sinistcha|0 fnt
|faint|p2a: Sinistcha
|
|-weather|RainDance|[upkeep]
|-fieldend|move: Trick Room
|upkeep
|
|t:|1778501915
|switch|p2a: Garchomp|Garchomp, M|100/100
|turn|20
|
|t:|1778501920
|-terastallize|p2a: Garchomp|Water
|move|p2a: Garchomp|Swords Dance|p2a: Garchomp
|-boost|p2a: Garchomp|atk|2
|move|p1a: Pelipper|Weather Ball|p2a: Garchomp
|-resisted|p2a: Garchomp
|-damage|p2a: Garchomp|46/100
|
|-weather|RainDance|[upkeep]
|upkeep
|turn|21
|
|t:|1778501930
|move|p2a: Garchomp|Scale Shot|p1a: Pelipper
|-damage|p1a: Pelipper|34/100
|-damage|p1a: Pelipper|7/100
|-damage|p1a: Pelipper|0 fnt
|faint|p1a: Pelipper
|-hitcount|p1: Pelipper|3
|-unboost|p2a: Garchomp|def|1
|-boost|p2a: Garchomp|spe|1
|
|-weather|none
|upkeep
|
|t:|1778501936
|switch|p1a: Hatterene|Hatterene, F|100/100
|-damage|p1a: Hatterene|88/100|[from] Stealth Rock
|turn|22
|
|t:|1778501940
|move|p2a: Garchomp|Earthquake|p1a: Hatterene
|-damage|p1a: Hatterene|0 fnt
|faint|p1a: Hatterene
|
|upkeep
|
|t:|1778501943
|switch|p1a: Cresselia|Cresselia, F|100/100
|-damage|p1a: Cresselia|88/100|[from] Stealth Rock
|turn|23
|
|t:|1778501947
|move|p2a: Garchomp|Scale Shot|p1a: Cresselia
|-damage|p1a: Cresselia|73/100
|-damage|p1a: Cresselia|57/100
|-damage|p1a: Cresselia|44/100
|-damage|p1a: Cresselia|30/100
|-damage|p1a: Cresselia|16/100
|-hitcount|p1a: Cresselia|5
|-unboost|p2a: Garchomp|def|1
|-boost|p2a: Garchomp|spe|1
|move|p1a: Cresselia|Trick Room|p1a: Cresselia
|-fieldstart|move: Trick Room|[of] p1a: Cresselia
|
|upkeep
|turn|24
|
|t:|1778501968
|move|p1a: Cresselia|Psychic|p2a: Garchomp
|-damage|p2a: Garchomp|20/100
|move|p2a: Garchomp|Scale Shot|p1a: Cresselia
|-damage|p1a: Cresselia|3/100
|-damage|p1a: Cresselia|0 fnt
|faint|p1a: Cresselia
|-hitcount|p1: Cresselia|2
|-unboost|p2a: Garchomp|def|1
|-boost|p2a: Garchomp|spe|1
|
|upkeep
|
|t:|1778501972
|switch|p1a: Hariyama|Hariyama, F|100/100
|-damage|p1a: Hariyama|94/100|[from] Stealth Rock
|turn|25
|
|t:|1778501976
|move|p1a: Hariyama|Drain Punch|p2a: Garchomp
|-damage|p2a: Garchomp|0 fnt
|-heal|p1a: Hariyama|100/100|[from] drain|[of] p2a: Garchomp
|-damage|p1a: Hariyama|88/100|[from] ability: Rough Skin|[of] p2a: Garchomp
|faint|p2a: Garchomp
|
|upkeep
|
|t:|1778501981
|switch|p2a: Arcanine|Arcanine-Hisui, M|16/100
|-ability|p2a: Arcanine|Intimidate|boost
|-unboost|p1a: Hariyama|atk|1
|turn|26
|
|t:|1778501985
|switch|p2a: Corviknight|Corviknight, M|100/100
|-ability|p2a: Corviknight|Pressure
|move|p1a: Hariyama|Drain Punch|p2a: Corviknight
|-damage|p2a: Corviknight|81/100
|-heal|p1a: Hariyama|97/100|[from] drain|[of] p2a: Corviknight
|-damage|p1a: Hariyama|80/100|[from] item: Rocky Helmet|[of] p2a: Corviknight
|
|upkeep
|turn|27
|
|t:|1778501991
|switch|p1a: Porygon2|Porygon2|51/100 par
|-damage|p1a: Porygon2|39/100 par|[from] Stealth Rock
|-ability|p1a: Porygon2|Download|boost
|-boost|p1a: Porygon2|spa|1
|move|p2a: Corviknight|Iron Defense|p2a: Corviknight
|-boost|p2a: Corviknight|def|2
|
|-fieldend|move: Trick Room
|upkeep
|turn|28
|
|t:|1778501998
|move|p2a: Corviknight|Body Press|p1a: Porygon2
|-supereffective|p1a: Porygon2
|-damage|p1a: Porygon2|0 fnt
|faint|p1a: Porygon2
|
|upkeep
|-message|bygbyrd forfeited.
|
|win|guerrero105
|raw|bygbyrd's rating: 1313 &rarr; <strong>1296</strong><br />(-17 for losing)
|raw|guerrero105's rating: 1362 &rarr; <strong>1379</strong><br />(+17 for winning)
|l|☆bygbyrd
|player|p1|
|l|☆guerrero105
|player|p2|
