|html|<div class="broadcast-blue"><strong>[Gen 9] OU is currently suspecting Tera Blast! For information on how to participate check out the <a href="https://www.smogon.com/tools/suspects/view/200">suspect thread</a>.</strong></div>
|j|☆vzn.exe
|j|☆MariozzzzVGC
|t:|1776093840
|gametype|singles
|player|p1|vzn.exe|lusamine-nihilego|1470
|player|p2|MariozzzzVGC|170|1447
|gen|9
|tier|[Gen 9] OU
|rated|
|rule|HP Percentage Mod: HP is shown in percentages
|rule|Endless Battle Clause: Forcing endless battles is banned
|rule|Species Clause: Limit one of each Pokémon
|rule|OHKO Clause: OHKO moves are banned
|rule|Evasion Items Clause: Evasion items are banned
|rule|Evasion Moves Clause: Evasion moves are banned
|rule|Evasion Abilities Clause: Evasion abilities are banned
|rule|Sleep Moves Clause: Sleep-inducing moves are banned
|clearpoke
|poke|p1|Kyurem|
|poke|p1|Cinderace, F|
|poke|p1|Tornadus-Therian, M|
|poke|p1|Hatterene, F|
|poke|p1|Great Tusk|
|poke|p1|Kingambit, F|
|poke|p2|Deoxys-Defense|
|poke|p2|Cloyster, M|
|poke|p2|Regidrago|
|poke|p2|Lucario, M|
|poke|p2|Azelf|
|poke|p2|Lycanroc-Dusk, M|
|teampreview
|inactive|Battle timer is ON: inactive players will automatically lose when time's up. (requested by MariozzzzVGC)
|
|t:|1776093858
|teamsize|p1|6
|teamsize|p2|6
|start
|switch|p1a: Cinderace|Cinderace, F|100/100
|switch|p2a: Azelf|Azelf|100/100
|turn|1
|inactive|vzn.exe also wants the timer to be on.
|
|t:|1776093875
|move|p1a: Cinderace|U-turn|p2a: Azelf
|-start|p1a: Cinderace|typechange|Bug|[from] ability: Libero
|-supereffective|p2a: Azelf
|-enditem|p2a: Azelf|Focus Sash
|-damage|p2a: Azelf|1/100
|
|t:|1776093892
|switch|p1a: Tornadus|Tornadus-Therian, M|100/100|[from] U-turn
|move|p2a: Azelf|Psychic|p1a: Tornadus
|-damage|p1a: Tornadus|70/100
|
|upkeep
|turn|2
|inactive|vzn.exe has 120 seconds left.
|
|t:|1776093909
|move|p1a: Tornadus|U-turn|p2a: Azelf
|-supereffective|p2a: Azelf
|-damage|p2a: Azelf|0 fnt
|faint|p2a: Azelf
|inactive|vzn.exe has 120 seconds left.
|
|t:|1776093926
|switch|p1a: Kyurem|Kyurem|100/100|[from] U-turn
|-ability|p1a: Kyurem|Pressure
|
|upkeep
|
|t:|1776093938
|switch|p2a: Lucario|Lucario, M|100/100
|turn|3
|inactive|vzn.exe has 120 seconds left.
|
|t:|1776093955
|move|p1a: Kyurem|Earth Power|p2a: Lucario
|-supereffective|p2a: Lucario
|-damage|p2a: Lucario|0 fnt
|faint|p2a: Lucario
|
|upkeep
|
|t:|1776093966
|switch|p2a: Deoxys|Deoxys-Defense|100/100
|-ability|p2a: Deoxys|Pressure
|turn|4
|inactive|vzn.exe has 120 seconds left.
|
|t:|1776093983
|switch|p1a: Hatterene|Hatterene, F|100/100
|move|p2a: Deoxys|Trick Room|p2a: Deoxys
|-fieldstart|move: Trick Room|[of] p2a: Deoxys
|
|upkeep
|turn|5
|
|t:|1776094000
|move|p1a: Hatterene|Nuzzle|p2a: Deoxys
|-damage|p2a: Deoxys|98/100
|-status|p2a: Deoxys|par
|move|p2a: Deoxys|Teleport|p2a: Deoxys
|
|t:|1776094006
|switch|p2a: Regidrago|Regidrago|100/100|[from] Teleport
|
|upkeep
|turn|6
|
|t:|1776094023
|-terastallize|p2a: Regidrago|Steel
|move|p1a: Hatterene|Draining Kiss|p2a: Regidrago
|-resisted|p2a: Regidrago
|-damage|p2a: Regidrago|90/100
|move|p2a: Regidrago|Tera Blast|p1a: Hatterene|[anim] Tera Blast Steel
|-supereffective|p1a: Hatterene
|-damage|p1a: Hatterene|0 fnt
|faint|p1a: Hatterene
|-damage|p2a: Regidrago|80/100|[from] item: Life Orb
|
|upkeep
|
|t:|1776094040
|switch|p1a: Kingambit|Kingambit, F|100/100
|-activate|p1a: Kingambit|ability: Supreme Overlord
|-start|p1a: Kingambit|fallen1|[silent]
|turn|7
|inactive|vzn.exe has 90 seconds left.
|
|t:|1776094057
|move|p1a: Kingambit|Swords Dance|p1a: Kingambit
|-boost|p1a: Kingambit|atk|2
|move|p2a: Regidrago|Earth Power|p1a: Kingambit
|-supereffective|p1a: Kingambit
|-damage|p1a: Kingambit|26/100
|-unboost|p1a: Kingambit|spd|1
|-damage|p2a: Regidrago|70/100|[from] item: Life Orb
|
|-heal|p1a: Kingambit|33/100|[from] item: Leftovers
|upkeep
|turn|8
|inactive|vzn.exe has 90 seconds left.
|
|t:|1776094074
|switch|p2a: Deoxys|Deoxys-Defense|98/100 par
|-ability|p2a: Deoxys|Pressure
|move|p1a: Kingambit|Kowtow Cleave|p2a: Deoxys
|-supereffective|p2a: Deoxys
|-damage|p2a: Deoxys|0 fnt
|faint|p2a: Deoxys
|
|-heal|p1a: Kingambit|39/100|[from] item: Leftovers
|-fieldend|move: Trick Room
|upkeep
|
|t:|1776094076
|switch|p2a: Lycanroc|Lycanroc-Dusk, M|100/100
|turn|9
|inactive|vzn.exe has 90 seconds left.
|-message|MariozzzzVGC forfeited.
|
|win|vzn.exe
|raw|vzn.exe's rating: 1470 &rarr; <strong>1489</strong><br />(+19 for winning)
|raw|MariozzzzVGC's rating: 1447 &rarr; <strong>1428</strong><br />(-19 for losing)
|l|☆MariozzzzVGC
|player|p2|
|l|☆vzn.exe
|player|p1|
