|html|<div class="broadcast-blue"><strong>[Gen 9] OU is currently suspecting Tera Blast! For information on how to participate check out the <a href="https://www.smogon.com/tools/suspects/view/200">suspect thread</a>.</strong></div>
|j|☆roncg
|j|☆Lumaxi
|t:|1776056634
|gametype|singles
|player|p1|roncg|101|1141
|player|p2|Lumaxi|ghetsis-gen5bw|1191
|gen|9
|tier|[Gen 9] OU
|rated|
|rule|HP Percentage Mod: HP is shown in percentages
|rule|Endless Battle Clause: Forcing endless battles is banned
|rule|Species Clause: Limit one of each Pokémon
|rule|OHKO Clause: OHKO moves are banned
|rule|Evasion Items Clause: Evasion items are banned
|rule|Evasion Moves Clause: Evasion moves are banned
|rule|Evasion Abilities Clause: Evasion abilities are banned
|rule|Sleep Moves Clause: Sleep-inducing moves are banned
|clearpoke
|poke|p1|Ceruledge, F|
|poke|p1|Dragapult, M|
|poke|p1|Barraskewda, M|
|poke|p1|Malamar, M|
|poke|p1|Rillaboom, F|
|poke|p1|Maushold-Four|
|poke|p2|Garchomp, F|
|poke|p2|Iron Valiant|
|poke|p2|Zapdos|
|poke|p2|Meowscarada, M|
|poke|p2|Greninja-*, M|
|poke|p2|Gengar, F|
|teampreview
|j| ohko_smeargle
|
|t:|1776056661
|teamsize|p1|6
|teamsize|p2|6
|start
|switch|p1a: Rillaboom|Rillaboom, F|100/100
|switch|p2a: Gengar|Gengar, F|100/100
|-fieldstart|move: Grassy Terrain|[from] ability: Grassy Surge|[of] p1a: Rillaboom
|-enditem|p1a: Rillaboom|Grassy Seed
|-boost|p1a: Rillaboom|def|1|[from] item: Grassy Seed
|turn|1
|
|t:|1776056674
|move|p2a: Gengar|Sludge Wave|p1a: Rillaboom
|-supereffective|p1a: Rillaboom
|-damage|p1a: Rillaboom|0 fnt
|faint|p1a: Rillaboom
|
|upkeep
|
|t:|1776056683
|switch|p1a: Dragapult|Dragapult, M, shiny|100/100
|turn|2
|
|t:|1776056691
|move|p1a: Dragapult|Phantom Force||[still]
|-prepare|p1a: Dragapult|Phantom Force
|move|p2a: Gengar|Shadow Ball|p1a: Dragapult|[miss]
|-miss|p2a: Gengar|p1a: Dragapult
|
|upkeep
|turn|3
|
|t:|1776056700
|switch|p2a: Garchomp|Garchomp, F|100/100
|move|p1a: Dragapult|Phantom Force|p2a: Garchomp|[from] lockedmove
|-damage|p2a: Garchomp|41/100
|-damage|p1a: Dragapult|88/100|[from] ability: Rough Skin|[of] p2a: Garchomp
|-damage|p1a: Dragapult|72/100|[from] item: Rocky Helmet|[of] p2a: Garchomp
|-damage|p1a: Dragapult|62/100|[from] item: Life Orb
|
|-heal|p1a: Dragapult|68/100|[from] Grassy Terrain
|-heal|p2a: Garchomp|47/100|[from] Grassy Terrain
|upkeep
|turn|4
|
|t:|1776056714
|switch|p2a: Iron Valiant|Iron Valiant|100/100
|move|p1a: Dragapult|Dragon Darts|p2a: Iron Valiant
|-immune|p2a: Iron Valiant
|
|-heal|p1a: Dragapult|74/100|[from] Grassy Terrain
|upkeep
|turn|5
|
|t:|1776056735
|switch|p1a: Malamar|Malamar, M, shiny|100/100
|move|p2a: Iron Valiant|Moonblast|p1a: Malamar
|-supereffective|p1a: Malamar
|-damage|p1a: Malamar|0 fnt
|faint|p1a: Malamar
|
|-fieldend|move: Grassy Terrain
|upkeep
|-message|roncg forfeited.
|
|win|Lumaxi
|raw|roncg's rating: 1141 &rarr; <strong>1120</strong><br />(-21 for losing)
|raw|Lumaxi's rating: 1191 &rarr; <strong>1212</strong><br />(+21 for winning)
|l|☆roncg
|player|p1|
|l| ohko_smeargle
|l|☆Lumaxi
|player|p2|
