|html|<div class="broadcast-blue"><strong>[Gen 9] OU is currently suspecting Tera Blast! For information on how to participate check out the <a href="https://www.smogon.com/tools/suspects/view/200">suspect thread</a>.</strong></div>
|j|☆Brozac2
|j|☆Princessjosie1001!
|t:|1776034091
|gametype|singles
|player|p1|Brozac2|pokemonbreederf-gen4|1585
|player|p2|Princessjosie1001!|nurse|1532
|gen|9
|tier|[Gen 9] OU
|rated|
|rule|HP Percentage Mod: HP is shown in percentages
|rule|Endless Battle Clause: Forcing endless battles is banned
|rule|Species Clause: Limit one of each Pokémon
|rule|OHKO Clause: OHKO moves are banned
|rule|Evasion Items Clause: Evasion items are banned
|rule|Evasion Moves Clause: Evasion moves are banned
|rule|Evasion Abilities Clause: Evasion abilities are banned
|rule|Sleep Moves Clause: Sleep-inducing moves are banned
|clearpoke
|poke|p1|Zapdos|
|poke|p1|Great Tusk|
|poke|p1|Kyurem|
|poke|p1|Slowking-Galar, M|
|poke|p1|Gholdengo|
|poke|p1|Zamazenta-*|
|poke|p2|Grimmsnarl, M|
|poke|p2|Cloyster, M|
|poke|p2|Salazzle, F|
|poke|p2|Espeon, M|
|poke|p2|Jirachi|
|poke|p2|Dragonite, F|
|teampreview
|inactive|Battle timer is ON: inactive players will automatically lose when time's up. (requested by Brozac2)
|
|t:|1776034103
|teamsize|p1|6
|teamsize|p2|6
|start
|switch|p1a: Gholdengo|Gholdengo|100/100
|switch|p2a: Jirachi|Jirachi|100/100
|-item|p1a: Gholdengo|Air Balloon
|turn|1
|
|t:|1776034111
|switch|p1a: Zapdos|Zapdos|100/100
|move|p2a: Jirachi|U-turn|p1a: Zapdos
|-resisted|p1a: Zapdos
|-damage|p1a: Zapdos|86/100
|
|t:|1776034118
|switch|p2a: Salazzle|Salazzle, F|100/100|[from] U-turn
|
|upkeep
|turn|2
|
|t:|1776034123
|move|p2a: Salazzle|Sludge Wave|p1a: Zapdos
|-damage|p1a: Zapdos|32/100
|move|p1a: Zapdos|Volt Switch|p2a: Salazzle
|-damage|p2a: Salazzle|31/100
|inactive|Brozac2 has 120 seconds left.
|
|t:|1776034163
|switch|p1a: Zamazenta|Zamazenta|100/100|[from] Volt Switch
|-ability|p1a: Zamazenta|Dauntless Shield|boost
|-boost|p1a: Zamazenta|def|1
|
|upkeep
|turn|3
|
|t:|1776034168
|move|p1a: Zamazenta|Crunch|p2a: Salazzle
|-damage|p2a: Salazzle|0 fnt
|faint|p2a: Salazzle
|
|upkeep
|
|t:|1776034173
|switch|p2a: Grimmsnarl|Grimmsnarl, M|100/100
|turn|4
|
|t:|1776034178
|move|p2a: Grimmsnarl|Trick|p1a: Zamazenta
|-activate|p2a: Grimmsnarl|move: Trick|[of] p1a: Zamazenta
|-item|p1a: Zamazenta|Choice Scarf|[from] move: Trick
|-item|p2a: Grimmsnarl|Heavy-Duty Boots|[from] move: Trick
|move|p1a: Zamazenta|Play Rough|p2a: Grimmsnarl
|-supereffective|p2a: Grimmsnarl
|-damage|p2a: Grimmsnarl|18/100
|
|upkeep
|turn|5
|
|t:|1776034188
|switch|p1a: Zapdos|Zapdos|32/100
|move|p2a: Grimmsnarl|Play Rough|p1a: Zapdos
|-damage|p1a: Zapdos|0 fnt
|faint|p1a: Zapdos
|
|upkeep
|
|t:|1776034195
|switch|p1a: Zamazenta|Zamazenta|100/100
|turn|6
|
|t:|1776034199
|move|p1a: Zamazenta|Close Combat|p2a: Grimmsnarl
|-damage|p2a: Grimmsnarl|0 fnt
|-unboost|p1a: Zamazenta|def|1
|-unboost|p1a: Zamazenta|spd|1
|faint|p2a: Grimmsnarl
|
|upkeep
|
|t:|1776034206
|switch|p2a: Jirachi|Jirachi|100/100
|turn|7
|
|t:|1776034215
|move|p1a: Zamazenta|Close Combat|p2a: Jirachi
|-damage|p2a: Jirachi|43/100
|-unboost|p1a: Zamazenta|def|1
|-unboost|p1a: Zamazenta|spd|1
|move|p2a: Jirachi|Body Slam|p1a: Zamazenta
|-damage|p1a: Zamazenta|55/100
|
|upkeep
|turn|8
|
|t:|1776034223
|move|p1a: Zamazenta|Close Combat|p2a: Jirachi
|-damage|p2a: Jirachi|0 fnt
|-unboost|p1a: Zamazenta|def|1
|-unboost|p1a: Zamazenta|spd|1
|faint|p2a: Jirachi
|
|upkeep
|
|t:|1776034233
|switch|p2a: Dragonite|Dragonite, F|100/100
|turn|9
|
|t:|1776034237
|switch|p1a: Great Tusk|Great Tusk|100/100
|move|p2a: Dragonite|Dragon Dance|p2a: Dragonite
|-boost|p2a: Dragonite|atk|1
|-boost|p2a: Dragonite|spe|1
|
|upkeep
|turn|10
|
|t:|1776034243
|switch|p2a: No hazard allowed|Espeon, M|100/100
|move|p1a: Great Tusk|Ice Spinner|p2a: No hazard allowed
|-damage|p2a: No hazard allowed|48/100
|
|upkeep
|turn|11
|
|t:|1776034249
|-end|p1a: Great Tusk|Protosynthesis|[silent]
|switch|p1a: Slowking|Slowking-Galar, M|100/100
|move|p2a: No hazard allowed|Trick|p1a: Slowking
|-activate|p2a: No hazard allowed|move: Trick|[of] p1a: Slowking
|-item|p1a: Slowking|Choice Scarf|[from] move: Trick
|-item|p2a: No hazard allowed|Black Sludge|[from] move: Trick
|
|-damage|p2a: No hazard allowed|36/100|[from] item: Black Sludge
|upkeep
|turn|12
|
|t:|1776034256
|move|p2a: No hazard allowed|Thunder Wave|p1a: Slowking
|-status|p1a: Slowking|par
|-prepare|p1a: Slowking|Chilly Reception|[premajor]
|move|p1a: Slowking|Chilly Reception|p1a: Slowking
|-weather|Snowscape
|
|t:|1776034265
|switch|p1a: Zamazenta|Zamazenta|55/100|[from] Chilly Reception
|
|-weather|Snowscape|[upkeep]
|-damage|p2a: No hazard allowed|24/100|[from] item: Black Sludge
|upkeep
|turn|13
|
|t:|1776034272
|move|p1a: Zamazenta|Close Combat|p2a: No hazard allowed
|-resisted|p2a: No hazard allowed
|-damage|p2a: No hazard allowed|0 fnt
|-unboost|p1a: Zamazenta|def|1
|-unboost|p1a: Zamazenta|spd|1
|faint|p2a: No hazard allowed
|
|-weather|Snowscape|[upkeep]
|upkeep
|
|t:|1776034281
|switch|p2a: Dragonite|Dragonite, F|100/100
|turn|14
|
|t:|1776034285
|switch|p1a: Great Tusk|Great Tusk|100/100
|move|p2a: Dragonite|Dragon Dance|p2a: Dragonite
|-boost|p2a: Dragonite|atk|1
|-boost|p2a: Dragonite|spe|1
|
|-weather|Snowscape|[upkeep]
|upkeep
|turn|15
|
|t:|1776034296
|move|p2a: Dragonite|Dragon Claw|p1a: Great Tusk
|-damage|p1a: Great Tusk|52/100
|move|p1a: Great Tusk|Ice Spinner|p2a: Dragonite
|-supereffective|p2a: Dragonite
|-damage|p2a: Dragonite|36/100
|-enditem|p2a: Dragonite|Weakness Policy
|-boost|p2a: Dragonite|atk|2|[from] item: Weakness Policy
|-boost|p2a: Dragonite|spa|2|[from] item: Weakness Policy
|
|-weather|Snowscape|[upkeep]
|upkeep
|turn|16
|
|t:|1776034305
|move|p2a: Dragonite|Dragon Claw|p1a: Great Tusk
|-damage|p1a: Great Tusk|0 fnt
|faint|p1a: Great Tusk
|-end|p1a: Great Tusk|Protosynthesis|[silent]
|
|-weather|none
|upkeep
|
|t:|1776034315
|switch|p1a: Gholdengo|Gholdengo|100/100
|-item|p1a: Gholdengo|Air Balloon
|turn|17
|
|t:|1776034319
|move|p2a: Dragonite|Dragon Claw|p1a: Gholdengo
|-resisted|p1a: Gholdengo
|-damage|p1a: Gholdengo|59/100
|-enditem|p1a: Gholdengo|Air Balloon
|move|p1a: Gholdengo|Shadow Ball|p2a: Dragonite
|-damage|p2a: Dragonite|1/100
|-unboost|p2a: Dragonite|spd|1
|
|upkeep
|turn|18
|
|t:|1776034330
|move|p2a: Dragonite|Earthquake|p1a: Gholdengo
|-supereffective|p1a: Gholdengo
|-damage|p1a: Gholdengo|0 fnt
|faint|p1a: Gholdengo
|
|upkeep
|
|t:|1776034333
|switch|p1a: Zamazenta|Zamazenta|55/100
|turn|19
|
|t:|1776034338
|move|p2a: Dragonite|Extreme Speed|p1a: Zamazenta
|-damage|p1a: Zamazenta|0 fnt
|faint|p1a: Zamazenta
|
|upkeep
|
|t:|1776034341
|switch|p1a: Kyurem|Kyurem|100/100
|-ability|p1a: Kyurem|Pressure
|turn|20
|
|t:|1776034346
|-terastallize|p1a: Kyurem|Fire
|move|p2a: Dragonite|Extreme Speed|p1a: Kyurem
|-damage|p1a: Kyurem|27/100
|move|p1a: Kyurem|Icicle Spear|p2a: Dragonite
|-supereffective|p2a: Dragonite
|-damage|p2a: Dragonite|0 fnt
|faint|p2a: Dragonite
|-hitcount|p2: Dragonite|1
|
|upkeep
|
|t:|1776034354
|switch|p2a: Cloyster|Cloyster, M|100/100
|turn|21
|j| Vicillo03
|
|t:|1776034363
|move|p1a: Kyurem|Scale Shot|p2a: Cloyster
|-damage|p2a: Cloyster|89/100
|-damage|p2a: Cloyster|76/100
|-damage|p2a: Cloyster|63/100
|-damage|p2a: Cloyster|52/100
|-hitcount|p2a: Cloyster|4
|-unboost|p1a: Kyurem|def|1
|-boost|p1a: Kyurem|spe|1
|move|p2a: Cloyster|Shell Smash|p2a: Cloyster
|-unboost|p2a: Cloyster|def|1
|-unboost|p2a: Cloyster|spd|1
|-boost|p2a: Cloyster|atk|2
|-boost|p2a: Cloyster|spa|2
|-boost|p2a: Cloyster|spe|2
|
|upkeep
|turn|22
|
|t:|1776034377
|move|p2a: Cloyster|Icicle Spear|p1a: Kyurem
|-resisted|p1a: Kyurem
|-damage|p1a: Kyurem|11/100
|-resisted|p1a: Kyurem
|-damage|p1a: Kyurem|0 fnt
|faint|p1a: Kyurem
|-hitcount|p1: Kyurem|2
|
|upkeep
|
|t:|1776034381
|switch|p1a: Slowking|Slowking-Galar, M|100/100 par
|turn|23
|
|t:|1776034384
|move|p2a: Cloyster|Icicle Spear|p1a: Slowking
|-damage|p1a: Slowking|76/100 par
|-damage|p1a: Slowking|51/100 par
|-damage|p1a: Slowking|27/100 par
|-damage|p1a: Slowking|4/100 par
|-damage|p1a: Slowking|0 fnt
|faint|p1a: Slowking
|-hitcount|p1: Slowking|5
|
|win|Princessjosie1001!
|raw|Brozac2's rating: 1585 &rarr; <strong>1562</strong><br />(-23 for losing)
|raw|Princessjosie1001!'s rating: 1532 &rarr; <strong>1555</strong><br />(+23 for winning)
|l|☆Brozac2
|player|p1|
|l|☆Princessjosie1001!
|player|p2|
|l| Vicillo03
