|html|<div class="broadcast-blue"><strong>[Gen 9] OU is currently suspecting Tera Blast! For information on how to participate check out the <a href="https://www.smogon.com/tools/suspects/view/200">suspect thread</a>.</strong></div>
|j|☆ItsLuminenn
|j|☆wasdethen
|t:|1776055092
|gametype|singles
|player|p1|ItsLuminenn|iris-gen5bw2|1064
|player|p2|wasdethen|gardenia|1097
|gen|9
|tier|[Gen 9] OU
|rated|
|rule|HP Percentage Mod: HP is shown in percentages
|rule|Endless Battle Clause: Forcing endless battles is banned
|rule|Species Clause: Limit one of each Pokémon
|rule|OHKO Clause: OHKO moves are banned
|rule|Evasion Items Clause: Evasion items are banned
|rule|Evasion Moves Clause: Evasion moves are banned
|rule|Evasion Abilities Clause: Evasion abilities are banned
|rule|Sleep Moves Clause: Sleep-inducing moves are banned
|clearpoke
|poke|p1|Iron Valiant|
|poke|p1|Rotom-Wash|
|poke|p1|Great Tusk|
|poke|p1|Gholdengo|
|poke|p1|Ogerpon-Wellspring, F|
|poke|p1|Tornadus-Therian, M|
|poke|p2|Slowbro, F|
|poke|p2|Pelipper, M|
|poke|p2|Toxicroak, F|
|poke|p2|Basculegion-F, F|
|poke|p2|Ludicolo, M|
|poke|p2|Raging Bolt|
|teampreview
|
|t:|1776055095
|teamsize|p1|6
|teamsize|p2|6
|start
|switch|p1a: Iron Valiant|Iron Valiant|100/100
|switch|p2a: Pelipper|Pelipper, M|100/100
|-weather|RainDance|[from] ability: Drizzle|[of] p2a: Pelipper
|-enditem|p1a: Iron Valiant|Booster Energy
|-activate|p1a: Iron Valiant|ability: Quark Drive|[fromitem]
|-start|p1a: Iron Valiant|quarkdrivespe
|turn|1
|
|t:|1776055098
|move|p1a: Iron Valiant|Swords Dance|p1a: Iron Valiant
|-boost|p1a: Iron Valiant|atk|2
|move|p2a: Pelipper|Hurricane|p1a: Iron Valiant
|-supereffective|p1a: Iron Valiant
|-damage|p1a: Iron Valiant|0 fnt
|faint|p1a: Iron Valiant
|-end|p1a: Iron Valiant|Quark Drive|[silent]
|
|-weather|RainDance|[upkeep]
|upkeep
|j| Latari
|
|t:|1776055105
|switch|p1a: Gholdengo|Gholdengo|100/100
|-item|p1a: Gholdengo|Air Balloon
|turn|2
|
|t:|1776055107
|move|p1a: Gholdengo|Nasty Plot|p1a: Gholdengo
|-boost|p1a: Gholdengo|spa|2
|move|p2a: Pelipper|Knock Off|p1a: Gholdengo
|-supereffective|p1a: Gholdengo
|-damage|p1a: Gholdengo|73/100
|-enditem|p1a: Gholdengo|Air Balloon
|
|-weather|RainDance|[upkeep]
|upkeep
|turn|3
|
|t:|1776055114
|move|p1a: Gholdengo|Thunderbolt|p2a: Pelipper
|-supereffective|p2a: Pelipper
|-damage|p2a: Pelipper|0 fnt
|faint|p2a: Pelipper
|
|-weather|RainDance|[upkeep]
|upkeep
|
|t:|1776055116
|switch|p2a: Ludicolo|Ludicolo, M|100/100
|turn|4
|
|t:|1776055124
|move|p2a: Ludicolo|Weather Ball|p1a: Gholdengo
|-damage|p1a: Gholdengo|0 fnt
|faint|p1a: Gholdengo
|-damage|p2a: Ludicolo|91/100|[from] item: Life Orb
|
|-weather|RainDance|[upkeep]
|upkeep
|
|t:|1776055128
|switch|p1a: Tornadus|Tornadus-Therian, M, shiny|100/100
|turn|5
|
|t:|1776055135
|move|p2a: Ludicolo|Weather Ball|p1a: Tornadus
|-damage|p1a: Tornadus|15/100
|-damage|p2a: Ludicolo|81/100|[from] item: Life Orb
|move|p1a: Tornadus|Bleakwind Storm|p2a: Ludicolo
|-supereffective|p2a: Ludicolo
|-damage|p2a: Ludicolo|1/100
|-unboost|p2a: Ludicolo|spe|1
|
|-weather|RainDance|[upkeep]
|upkeep
|turn|6
|
|t:|1776055150
|move|p1a: Tornadus|U-turn|p2a: Ludicolo
|-supereffective|p2a: Ludicolo
|-damage|p2a: Ludicolo|0 fnt
|faint|p2a: Ludicolo
|
|t:|1776055155
|switch|p1a: Ogerpon|Ogerpon-Wellspring, F|100/100|[from] U-turn
|
|-weather|RainDance|[upkeep]
|upkeep
|
|t:|1776055161
|switch|p2a: toxigoat|Toxicroak, F|100/100
|turn|7
|
|t:|1776055165
|move|p1a: Ogerpon|Swords Dance|p1a: Ogerpon
|-boost|p1a: Ogerpon|atk|2
|move|p2a: toxigoat|Poison Jab|p1a: Ogerpon
|-supereffective|p1a: Ogerpon
|-damage|p1a: Ogerpon|7/100
|
|-weather|RainDance|[upkeep]
|upkeep
|turn|8
|
|t:|1776055177
|move|p1a: Ogerpon|Ivy Cudgel|p2a: toxigoat|[anim] Ivy Cudgel Water
|-immune|p2a: toxigoat|[from] ability: Dry Skin
|move|p2a: toxigoat|Ice Punch|p1a: Ogerpon
|-damage|p1a: Ogerpon|0 fnt
|faint|p1a: Ogerpon
|
|-weather|none
|upkeep
|
|t:|1776055183
|switch|p1a: Rotom|Rotom-Wash|100/100
|turn|9
|
|t:|1776055191
|switch|p2a: Raging Bolt|Raging Bolt|100/100
|-enditem|p2a: Raging Bolt|Booster Energy
|-activate|p2a: Raging Bolt|ability: Protosynthesis|[fromitem]
|-start|p2a: Raging Bolt|protosynthesisspa
|move|p1a: Rotom|Thunder Wave|p2a: Raging Bolt
|-immune|p2a: Raging Bolt
|
|upkeep
|turn|10
|
|t:|1776055198
|-terastallize|p1a: Rotom|Grass
|move|p2a: Raging Bolt|Calm Mind|p2a: Raging Bolt
|-boost|p2a: Raging Bolt|spa|1
|-boost|p2a: Raging Bolt|spd|1
|move|p1a: Rotom|Volt Switch|p2a: Raging Bolt
|-resisted|p2a: Raging Bolt
|-damage|p2a: Raging Bolt|97/100
|
|t:|1776055202
|switch|p1a: Great Tusk|Great Tusk|100/100|[from] Volt Switch
|-enditem|p1a: Great Tusk|Booster Energy
|-activate|p1a: Great Tusk|ability: Protosynthesis|[fromitem]
|-start|p1a: Great Tusk|protosynthesisatk
|
|upkeep
|turn|11
|
|t:|1776055210
|-terastallize|p2a: Raging Bolt|Dragon
|move|p1a: Great Tusk|Headlong Rush|p2a: Raging Bolt
|-damage|p2a: Raging Bolt|27/100
|-unboost|p1a: Great Tusk|def|1
|-unboost|p1a: Great Tusk|spd|1
|move|p2a: Raging Bolt|Draco Meteor|p1a: Great Tusk
|-damage|p1a: Great Tusk|0 fnt
|-unboost|p2a: Raging Bolt|spa|2
|faint|p1a: Great Tusk
|-end|p1a: Great Tusk|Protosynthesis|[silent]
|
|upkeep
|inactive|Battle timer is ON: inactive players will automatically lose when time's up. (requested by ItsLuminenn)
|
|t:|1776055219
|switch|p1a: Tornadus|Tornadus-Therian, M, shiny|49/100
|turn|12
|
|t:|1776055227
|move|p2a: Raging Bolt|Thunderclap|p1a: Tornadus
|-supereffective|p1a: Tornadus
|-damage|p1a: Tornadus|0 fnt
|faint|p1a: Tornadus
|
|upkeep
|
|t:|1776055229
|switch|p1a: Rotom|Rotom-Wash, tera:Grass|100/100
|turn|13
|
|t:|1776055235
|move|p2a: Raging Bolt|Draco Meteor|p1a: Rotom
|-damage|p1a: Rotom|23/100
|-unboost|p2a: Raging Bolt|spa|2
|move|p1a: Rotom|Hydro Pump|p2a: Raging Bolt|[miss]
|-miss|p1a: Rotom|p2a: Raging Bolt
|
|-heal|p1a: Rotom|29/100|[from] item: Leftovers
|upkeep
|turn|14
|
|t:|1776055243
|move|p2a: Raging Bolt|Draco Meteor|p1a: Rotom
|-damage|p1a: Rotom|0 fnt
|-unboost|p2a: Raging Bolt|spa|2
|faint|p1a: Rotom
|
|win|wasdethen
|raw|ItsLuminenn's rating: 1064 &rarr; <strong>1046</strong><br />(-18 for losing)
|raw|wasdethen's rating: 1097 &rarr; <strong>1120</strong><br />(+23 for winning)
|l|☆ItsLuminenn
|player|p1|
|l| Latari
