|html|<div class="broadcast-blue"><strong>[Gen 9] OU is currently suspecting Tera Blast! For information on how to participate check out the <a href="https://www.smogon.com/tools/suspects/view/200">suspect thread</a>.</strong></div>
|j|☆smokey19
|j|☆alex12381723898
|t:|1776102220
|gametype|singles
|player|p1|smokey19|2|1670
|player|p2|alex12381723898|265|1712
|gen|9
|tier|[Gen 9] OU
|rated|
|rule|HP Percentage Mod: HP is shown in percentages
|rule|Endless Battle Clause: Forcing endless battles is banned
|rule|Species Clause: Limit one of each Pokémon
|rule|OHKO Clause: OHKO moves are banned
|rule|Evasion Items Clause: Evasion items are banned
|rule|Evasion Moves Clause: Evasion moves are banned
|rule|Evasion Abilities Clause: Evasion abilities are banned
|rule|Sleep Moves Clause: Sleep-inducing moves are banned
|clearpoke
|poke|p1|Iron Moth|
|poke|p1|Landorus-Therian, M|
|poke|p1|Samurott-Hisui, F|
|poke|p1|Slowking-Galar, M|
|poke|p1|Ogerpon, F|
|poke|p1|Enamorus, F|
|poke|p2|Landorus-Therian, M|
|poke|p2|Sinistcha|
|poke|p2|Tinkaton, F|
|poke|p2|Moltres|
|poke|p2|Samurott-Hisui, M|
|poke|p2|Hydreigon, M|
|teampreview
|inactive|Battle timer is ON: inactive players will automatically lose when time's up. (requested by alex12381723898)
|
|t:|1776102241
|teamsize|p1|6
|teamsize|p2|6
|start
|switch|p1a: Landorus|Landorus-Therian, M|100/100
|switch|p2a: Smile.exe|Tinkaton, F, shiny|100/100
|-item|p2a: Smile.exe|Air Balloon
|-ability|p1a: Landorus|Intimidate|boost
|-unboost|p2a: Smile.exe|atk|1
|turn|1
|
|t:|1776102246
|move|p2a: Smile.exe|Stealth Rock|p1a: Landorus
|-sidestart|p1: smokey19|move: Stealth Rock
|move|p1a: Landorus|Taunt|p2a: Smile.exe
|-start|p2a: Smile.exe|move: Taunt
|
|upkeep
|turn|2
|
|t:|1776102253
|move|p2a: Smile.exe|Ice Hammer|p1a: Landorus
|-supereffective|p1a: Landorus
|-damage|p1a: Landorus|42/100
|-unboost|p2a: Smile.exe|spe|1
|-damage|p2a: Smile.exe|84/100|[from] item: Rocky Helmet|[of] p1a: Landorus
|move|p1a: Landorus|Stealth Rock|p2a: Smile.exe
|-sidestart|p2: alex12381723898|move: Stealth Rock
|
|upkeep
|turn|3
|
|t:|1776102263
|switch|p1a: Samurott|Samurott-Hisui, F|100/100
|-damage|p1a: Samurott|88/100|[from] Stealth Rock
|move|p2a: Smile.exe|Ice Hammer|p1a: Samurott
|-resisted|p1a: Samurott
|-damage|p1a: Samurott|78/100
|-unboost|p2a: Smile.exe|spe|1
|
|upkeep
|turn|4
|
|t:|1776102271
|move|p1a: Samurott|Ceaseless Edge|p2a: Smile.exe|[miss]
|-miss|p1a: Samurott|p2a: Smile.exe
|move|p2a: Smile.exe|Gigaton Hammer|p1a: Samurott
|-resisted|p1a: Samurott
|-damage|p1a: Samurott|54/100
|
|-end|p2a: Smile.exe|move: Taunt
|upkeep
|turn|5
|
|t:|1776102281
|switch|p2a: Hybrid|Hydreigon, M, shiny|100/100
|-damage|p2a: Hybrid|88/100|[from] Stealth Rock
|move|p1a: Samurott|Ceaseless Edge|p2a: Hybrid
|-resisted|p2a: Hybrid
|-damage|p2a: Hybrid|64/100
|-sidestart|p2: alex12381723898|Spikes
|
|upkeep
|turn|6
|
|t:|1776102285
|move|p2a: Hybrid|Draco Meteor|p1a: Samurott
|-damage|p1a: Samurott|0 fnt
|-unboost|p2a: Hybrid|spa|2
|faint|p1a: Samurott
|
|upkeep
|
|t:|1776102302
|switch|p1a: Ogerpon|Ogerpon, F|100/100
|-damage|p1a: Ogerpon|88/100|[from] Stealth Rock
|turn|7
|
|t:|1776102317
|switch|p2a: Sagittarius|Sinistcha, shiny|100/100
|move|p1a: Ogerpon|U-turn|p2a: Sagittarius
|-crit|p2a: Sagittarius
|-damage|p2a: Sagittarius|63/100
|j| amimec
|inactive|smokey19 has 120 seconds left.
|inactive|smokey19 has 90 seconds left.
|
|t:|1776102383
|switch|p1a: Enamorus|Enamorus, F, shiny|100/100|[from] U-turn
|-damage|p1a: Enamorus|76/100|[from] Stealth Rock
|
|upkeep
|turn|8
|
|t:|1776102401
|switch|p2a: Phoenix|Moltres, shiny|100/100
|move|p1a: Enamorus|Moonblast|p2a: Phoenix
|-resisted|p2a: Phoenix
|-damage|p2a: Phoenix|77/100
|-unboost|p2a: Phoenix|spa|1
|
|upkeep
|turn|9
|inactive|smokey19 has 60 seconds left.
|inactive|alex12381723898 has 120 seconds left.
|
|t:|1776102438
|move|p1a: Enamorus|Moonblast|p2a: Phoenix
|-resisted|p2a: Phoenix
|-damage|p2a: Phoenix|52/100
|move|p2a: Phoenix|Roost|p2a: Phoenix
|-heal|p2a: Phoenix|100/100
|-singleturn|p2a: Phoenix|move: Roost
|
|upkeep
|turn|10
|
|t:|1776102456
|switch|p1a: Slowking|Slowking-Galar, M, shiny|100/100
|-damage|p1a: Slowking|88/100|[from] Stealth Rock
|move|p2a: Phoenix|U-turn|p1a: Slowking
|-damage|p1a: Slowking|78/100
|inactive|alex12381723898 has 120 seconds left.
|
|t:|1776102480
|switch|p2a: Jack Sparrow|Samurott-Hisui, M, shiny|100/100|[from] U-turn
|
|upkeep
|turn|11
|
|t:|1776102488
|switch|p1a: Landorus|Landorus-Therian, M|42/100
|-damage|p1a: Landorus|30/100|[from] Stealth Rock
|-ability|p1a: Landorus|Intimidate|boost
|-unboost|p2a: Jack Sparrow|atk|1
|move|p2a: Jack Sparrow|Ceaseless Edge|p1a: Landorus
|-damage|p1a: Landorus|0 fnt
|-damage|p2a: Jack Sparrow|84/100|[from] item: Rocky Helmet|[of] p1a: Landorus
|-sidestart|p1: smokey19|Spikes
|faint|p1a: Landorus
|
|upkeep
|
|t:|1776102503
|switch|p1a: Ogerpon|Ogerpon, F|88/100
|-damage|p1a: Ogerpon|76/100|[from] Stealth Rock
|-damage|p1a: Ogerpon|64/100|[from] Spikes
|turn|12
|
|t:|1776102516
|switch|p2a: Sagittarius|Sinistcha, shiny|63/100
|move|p1a: Ogerpon|Knock Off|p2a: Sagittarius
|-supereffective|p2a: Sagittarius
|-damage|p2a: Sagittarius|0 fnt
|-enditem|p2a: Sagittarius|Heavy-Duty Boots|[from] move: Knock Off|[of] p1a: Ogerpon
|faint|p2a: Sagittarius
|
|upkeep
|inactive|alex12381723898 has 120 seconds left.
|
|t:|1776102534
|switch|p2a: Jack Sparrow|Samurott-Hisui, M, shiny|84/100
|turn|13
|inactive|smokey19 has 60 seconds left.
|
|t:|1776102558
|switch|p1a: Enamorus|Enamorus, F, shiny|76/100
|-damage|p1a: Enamorus|51/100|[from] Stealth Rock
|move|p2a: Jack Sparrow|Ceaseless Edge|p1a: Enamorus
|-resisted|p1a: Enamorus
|-damage|p1a: Enamorus|13/100
|-sidestart|p1: smokey19|Spikes
|
|upkeep
|turn|14
|
|t:|1776102574
|move|p2a: Jack Sparrow|Sucker Punch||[still]
|-fail|p2a: Jack Sparrow
|move|p1a: Enamorus|Healing Wish|p1a: Enamorus
|faint|p1a: Enamorus
|
|upkeep
|
|t:|1776102578
|switch|p1a: Ogerpon|Ogerpon, F|64/100
|-heal|p1a: Ogerpon|100/100|[from] move: Healing Wish
|-damage|p1a: Ogerpon|88/100|[from] Stealth Rock
|-damage|p1a: Ogerpon|72/100|[from] Spikes
|turn|15
|
|t:|1776102591
|switch|p2a: Smile.exe|Tinkaton, F, shiny|84/100
|-damage|p2a: Smile.exe|78/100|[from] Stealth Rock
|-item|p2a: Smile.exe|Air Balloon
|move|p1a: Ogerpon|U-turn|p2a: Smile.exe
|-resisted|p2a: Smile.exe
|-crit|p2a: Smile.exe
|-damage|p2a: Smile.exe|61/100
|-enditem|p2a: Smile.exe|Air Balloon
|-enditem|p1a: Ogerpon|Choice Band|[silent]|[from] ability: Pickpocket|[of] p1a: Ogerpon
|-item|p2a: Smile.exe|Choice Band|[from] ability: Pickpocket|[of] p1a: Ogerpon
|
|t:|1776102598
|switch|p1a: Slowking|Slowking-Galar, M, shiny|100/100|[from] U-turn
|-damage|p1a: Slowking|88/100|[from] Stealth Rock
|-damage|p1a: Slowking|71/100|[from] Spikes
|
|upkeep
|turn|16
|
|t:|1776102605
|move|p2a: Smile.exe|Gigaton Hammer|p1a: Slowking
|-damage|p1a: Slowking|10/100
|move|p1a: Slowking|Flamethrower|p2a: Smile.exe
|-supereffective|p2a: Smile.exe
|-damage|p2a: Smile.exe|15/100
|
|upkeep
|turn|17
|inactive|smokey19 has 60 seconds left.
|
|t:|1776102610
|-activate|p2a: Smile.exe|move: Struggle
|move|p2a: Smile.exe|Struggle|p1a: Slowking
|-damage|p1a: Slowking|0 fnt
|faint|p1a: Slowking
|-damage|p2a: Smile.exe|0 fnt|[from] recoil
|faint|p2a: Smile.exe
|
|upkeep
|inactive|smokey19 has 60 seconds left.
|
|t:|1776102621
|switch|p2a: Jack Sparrow|Samurott-Hisui, M, shiny|84/100
|switch|p1a: Ogerpon|Ogerpon, F|72/100
|-damage|p1a: Ogerpon|59/100|[from] Stealth Rock
|-damage|p1a: Ogerpon|43/100|[from] Spikes
|turn|18
|
|t:|1776102627
|move|p2a: Jack Sparrow|Sucker Punch|p1a: Ogerpon
|-damage|p1a: Ogerpon|0 fnt
|faint|p1a: Ogerpon
|
|upkeep
|
|t:|1776102629
|switch|p1a: Iron Moth|Iron Moth|100/100
|-damage|p1a: Iron Moth|76/100|[from] Stealth Rock
|-damage|p1a: Iron Moth|59/100|[from] Spikes
|-enditem|p1a: Iron Moth|Booster Energy
|-activate|p1a: Iron Moth|ability: Quark Drive|[fromitem]
|-start|p1a: Iron Moth|quarkdrivespe
|turn|19
|
|t:|1776102632
|move|p1a: Iron Moth|Dazzling Gleam|p2a: Jack Sparrow
|-supereffective|p2a: Jack Sparrow
|-damage|p2a: Jack Sparrow|6/100
|move|p2a: Jack Sparrow|Ceaseless Edge|p1a: Iron Moth
|-damage|p1a: Iron Moth|0 fnt
|-sidestart|p1: smokey19|Spikes
|faint|p1a: Iron Moth
|-end|p1a: Iron Moth|Quark Drive|[silent]
|
|win|alex12381723898
|raw|smokey19's rating: 1670 &rarr; <strong>1652</strong><br />(-18 for losing)
|raw|alex12381723898's rating: 1712 &rarr; <strong>1730</strong><br />(+18 for winning)
|l|☆smokey19
|player|p1|
|l|☆alex12381723898
|player|p2|
