|html|<div class="broadcast-blue"><strong>[Gen 9] OU is currently suspecting Tera Blast! For information on how to participate check out the <a href="https://www.smogon.com/tools/suspects/view/200">suspect thread</a>.</strong></div>
|j|☆Blastoise_Choice
|j|☆ceo o wo chien
|t:|1776058876
|gametype|singles
|player|p1|Blastoise_Choice|benga|1585
|player|p2|ceo o wo chien|fisherman-gen4|1716
|gen|9
|tier|[Gen 9] OU
|rated|
|rule|HP Percentage Mod: HP is shown in percentages
|rule|Endless Battle Clause: Forcing endless battles is banned
|rule|Species Clause: Limit one of each Pokémon
|rule|OHKO Clause: OHKO moves are banned
|rule|Evasion Items Clause: Evasion items are banned
|rule|Evasion Moves Clause: Evasion moves are banned
|rule|Evasion Abilities Clause: Evasion abilities are banned
|rule|Sleep Moves Clause: Sleep-inducing moves are banned
|clearpoke
|poke|p1|Hydrapple, M|
|poke|p1|Tyranitar, F|
|poke|p1|Moltres|
|poke|p1|Zamazenta-*|
|poke|p1|Slowking-Galar, M|
|poke|p1|Excadrill, F|
|poke|p2|Wo-Chien|
|poke|p2|Clefable, M|
|poke|p2|Gholdengo|
|poke|p2|Great Tusk|
|poke|p2|Dragonite, F|
|poke|p2|Garganacl, M|
|teampreview
|inactive|Battle timer is ON: inactive players will automatically lose when time's up. (requested by ceo o wo chien)
|c|☆Blastoise_Choice|hf
|inactive|Blastoise_Choice also wants the timer to be on.
|c|☆ceo o wo chien|hf!
|
|t:|1776058891
|teamsize|p1|6
|teamsize|p2|6
|start
|switch|p1a: Excadrill|Excadrill, F|100/100
|switch|p2a: Garganacl|Garganacl, M|100/100
|-item|p1a: Excadrill|Air Balloon
|turn|1
|
|t:|1776058898
|move|p1a: Excadrill|Iron Head|p2a: Garganacl
|-supereffective|p2a: Garganacl
|-damage|p2a: Garganacl|38/100
|move|p2a: Garganacl|Salt Cure|p1a: Excadrill
|-resisted|p1a: Excadrill
|-damage|p1a: Excadrill|96/100
|-start|p1a: Excadrill|Salt Cure
|-enditem|p1a: Excadrill|Air Balloon
|
|-heal|p2a: Garganacl|44/100|[from] item: Leftovers
|-damage|p1a: Excadrill|71/100|[from] Salt Cure
|upkeep
|turn|2
|
|t:|1776058907
|move|p2a: Garganacl|Protect|p2a: Garganacl
|-singleturn|p2a: Garganacl|Protect
|move|p1a: Excadrill|Iron Head|p2a: Garganacl
|-activate|p2a: Garganacl|move: Protect
|
|-heal|p2a: Garganacl|50/100|[from] item: Leftovers
|-damage|p1a: Excadrill|46/100|[from] Salt Cure
|upkeep
|turn|3
|
|t:|1776058913
|switch|p1a: Hydrapple|Hydrapple, M|100/100
|switch|p2a: Escargoat|Wo-Chien|100/100
|-ability|p2a: Escargoat|Tablets of Ruin
|
|upkeep
|turn|4
|
|t:|1776058919
|switch|p2a: Clefable|Clefable, M|100/100
|move|p1a: Hydrapple|Nasty Plot|p1a: Hydrapple
|-boost|p1a: Hydrapple|spa|2
|
|upkeep
|turn|5
|
|t:|1776058926
|-terastallize|p1a: Hydrapple|Poison
|move|p2a: Clefable|Calm Mind|p2a: Clefable
|-boost|p2a: Clefable|spa|1
|-boost|p2a: Clefable|spd|1
|move|p1a: Hydrapple|Nasty Plot|p1a: Hydrapple
|-boost|p1a: Hydrapple|spa|2
|
|upkeep
|turn|6
|
|t:|1776058933
|switch|p1a: Excadrill|Excadrill, F|46/100
|move|p2a: Clefable|Flamethrower|p1a: Excadrill
|-supereffective|p1a: Excadrill
|-damage|p1a: Excadrill|0 fnt
|faint|p1a: Excadrill
|
|upkeep
|
|t:|1776058940
|switch|p1a: Moltres|Moltres|100/100
|turn|7
|
|t:|1776058947
|move|p2a: Clefable|Moonblast|p1a: Moltres
|-resisted|p1a: Moltres
|-damage|p1a: Moltres|65/100
|move|p1a: Moltres|Roar|p2a: Clefable
|drag|p2a: Garganacl|Garganacl, M|50/100
|
|-heal|p2a: Garganacl|56/100|[from] item: Leftovers
|upkeep
|turn|8
|
|t:|1776058954
|switch|p1a: Hydrapple|Hydrapple, M, tera:Poison|100/100
|move|p2a: Garganacl|Salt Cure|p1a: Hydrapple
|-damage|p1a: Hydrapple|92/100
|-start|p1a: Hydrapple|Salt Cure
|
|-heal|p2a: Garganacl|62/100|[from] item: Leftovers
|-damage|p1a: Hydrapple|80/100|[from] Salt Cure
|upkeep
|turn|9
|
|t:|1776058961
|move|p1a: Hydrapple|Nasty Plot|p1a: Hydrapple
|-boost|p1a: Hydrapple|spa|2
|move|p2a: Garganacl|Stealth Rock|p1a: Hydrapple
|-sidestart|p1: Blastoise_Choice|move: Stealth Rock
|
|-heal|p2a: Garganacl|69/100|[from] item: Leftovers
|-damage|p1a: Hydrapple|68/100|[from] Salt Cure
|upkeep
|turn|10
|
|t:|1776058966
|switch|p2a: Young Money|Gholdengo|100/100
|move|p1a: Hydrapple|Fickle Beam|p2a: Young Money
|-resisted|p2a: Young Money
|-damage|p2a: Young Money|57/100
|
|-damage|p1a: Hydrapple|55/100|[from] Salt Cure
|upkeep
|turn|11
|
|t:|1776058973
|switch|p1a: Slowking|Slowking-Galar, M|100/100
|-damage|p1a: Slowking|88/100|[from] Stealth Rock
|move|p2a: Young Money|Make It Rain|p1a: Slowking
|-damage|p1a: Slowking|52/100
|-unboost|p2a: Young Money|spa|1
|
|upkeep
|turn|12
|
|t:|1776058980
|switch|p2a: Garganacl|Garganacl, M|69/100
|move|p1a: Slowking|Flamethrower|p2a: Garganacl
|-resisted|p2a: Garganacl
|-damage|p2a: Garganacl|61/100
|
|-heal|p2a: Garganacl|67/100|[from] item: Leftovers
|upkeep
|turn|13
|
|t:|1776058984
|switch|p1a: Hydrapple|Hydrapple, M, tera:Poison|89/100
|move|p2a: Garganacl|Salt Cure|p1a: Hydrapple
|-damage|p1a: Hydrapple|80/100
|-start|p1a: Hydrapple|Salt Cure
|
|-heal|p2a: Garganacl|74/100|[from] item: Leftovers
|-damage|p1a: Hydrapple|67/100|[from] Salt Cure
|upkeep
|turn|14
|
|t:|1776058988
|switch|p1a: Slowking|Slowking-Galar, M|85/100
|-damage|p1a: Slowking|73/100|[from] Stealth Rock
|switch|p2a: Clefable|Clefable, M|100/100
|
|upkeep
|turn|15
|
|t:|1776058993
|switch|p2a: Garganacl|Garganacl, M|74/100
|move|p1a: Slowking|Sludge Bomb|p2a: Garganacl
|-resisted|p2a: Garganacl
|-damage|p2a: Garganacl|62/100
|
|-heal|p2a: Garganacl|68/100|[from] item: Leftovers
|upkeep
|turn|16
|
|t:|1776058997
|switch|p1a: Hydrapple|Hydrapple, M, tera:Poison|100/100
|move|p2a: Garganacl|Salt Cure|p1a: Hydrapple
|-damage|p1a: Hydrapple|92/100
|-start|p1a: Hydrapple|Salt Cure
|
|-heal|p2a: Garganacl|74/100|[from] item: Leftovers
|-damage|p1a: Hydrapple|80/100|[from] Salt Cure
|upkeep
|turn|17
|
|t:|1776059002
|switch|p2a: Clefable|Clefable, M|100/100
|move|p1a: Hydrapple|Giga Drain|p2a: Clefable
|-damage|p2a: Clefable|71/100
|-heal|p1a: Hydrapple|95/100|[from] drain|[of] p2a: Clefable
|
|-damage|p1a: Hydrapple|82/100|[from] Salt Cure
|upkeep
|turn|18
|
|t:|1776059005
|switch|p1a: Moltres|Moltres|65/100
|move|p2a: Clefable|Calm Mind|p2a: Clefable
|-boost|p2a: Clefable|spa|1
|-boost|p2a: Clefable|spd|1
|
|upkeep
|turn|19
|
|t:|1776059009
|move|p2a: Clefable|Moonblast|p1a: Moltres
|-resisted|p1a: Moltres
|-damage|p1a: Moltres|29/100
|move|p1a: Moltres|Roar|p2a: Clefable
|drag|p2a: Garganacl|Garganacl, M|74/100
|
|-heal|p2a: Garganacl|80/100|[from] item: Leftovers
|upkeep
|turn|20
|
|t:|1776059013
|move|p1a: Moltres|Roost|p1a: Moltres
|-heal|p1a: Moltres|79/100
|-singleturn|p1a: Moltres|move: Roost
|move|p2a: Garganacl|Salt Cure|p1a: Moltres
|-supereffective|p1a: Moltres
|-damage|p1a: Moltres|60/100
|-start|p1a: Moltres|Salt Cure
|
|-heal|p2a: Garganacl|86/100|[from] item: Leftovers
|-damage|p1a: Moltres|47/100|[from] Salt Cure
|upkeep
|turn|21
|
|t:|1776059017
|switch|p2a: Clefable|Clefable, M|71/100
|move|p1a: Moltres|Roost|p1a: Moltres
|-heal|p1a: Moltres|97/100
|-singleturn|p1a: Moltres|move: Roost
|
|-damage|p1a: Moltres|85/100|[from] Salt Cure
|upkeep
|turn|22
|
|t:|1776059021
|switch|p1a: Slowking|Slowking-Galar, M|100/100
|-damage|p1a: Slowking|88/100|[from] Stealth Rock
|move|p2a: Clefable|Moonblast|p1a: Slowking
|-resisted|p1a: Slowking
|-damage|p1a: Slowking|75/100
|-unboost|p1a: Slowking|spa|1
|
|upkeep
|turn|23
|
|t:|1776059025
|move|p2a: Clefable|Moonlight|p2a: Clefable
|-heal|p2a: Clefable|100/100
|move|p1a: Slowking|Sludge Bomb|p2a: Clefable
|-supereffective|p2a: Clefable
|-damage|p2a: Clefable|58/100
|-status|p2a: Clefable|psn
|
|upkeep
|turn|24
|
|t:|1776059028
|switch|p2a: Garganacl|Garganacl, M|86/100
|switch|p1a: Moltres|Moltres|85/100
|
|-heal|p2a: Garganacl|93/100|[from] item: Leftovers
|upkeep
|turn|25
|
|t:|1776059032
|switch|p1a: Hydrapple|Hydrapple, M, tera:Poison|100/100
|move|p2a: Garganacl|Salt Cure|p1a: Hydrapple
|-damage|p1a: Hydrapple|92/100
|-start|p1a: Hydrapple|Salt Cure
|
|-heal|p2a: Garganacl|99/100|[from] item: Leftovers
|-damage|p1a: Hydrapple|80/100|[from] Salt Cure
|upkeep
|turn|26
|
|t:|1776059036
|switch|p2a: Young Money|Gholdengo|57/100
|move|p1a: Hydrapple|Earth Power|p2a: Young Money
|-supereffective|p2a: Young Money
|-damage|p2a: Young Money|0 fnt
|faint|p2a: Young Money
|
|-damage|p1a: Hydrapple|67/100|[from] Salt Cure
|upkeep
|
|t:|1776059040
|switch|p2a: Great Tusk|Great Tusk|100/100
|turn|27
|
|t:|1776059047
|switch|p1a: Moltres|Moltres|85/100
|move|p2a: Great Tusk|Headlong Rush|p1a: Moltres
|-immune|p1a: Moltres
|
|upkeep
|turn|28
|
|t:|1776059053
|move|p2a: Great Tusk|Knock Off|p1a: Moltres
|-damage|p1a: Moltres|61/100
|-enditem|p1a: Moltres|Heavy-Duty Boots|[from] move: Knock Off|[of] p2a: Great Tusk
|move|p1a: Moltres|U-turn|p2a: Great Tusk
|-resisted|p2a: Great Tusk
|-damage|p2a: Great Tusk|95/100
|
|t:|1776059060
|switch|p1a: Zamazenta|Zamazenta|100/100|[from] U-turn
|-damage|p1a: Zamazenta|94/100|[from] Stealth Rock
|-ability|p1a: Zamazenta|Dauntless Shield|boost
|-boost|p1a: Zamazenta|def|1
|
|-heal|p1a: Zamazenta|100/100|[from] item: Leftovers
|upkeep
|turn|29
|
|t:|1776059066
|move|p1a: Zamazenta|Body Press|p2a: Great Tusk
|-damage|p2a: Great Tusk|54/100
|move|p2a: Great Tusk|Knock Off|p1a: Zamazenta
|-resisted|p1a: Zamazenta
|-damage|p1a: Zamazenta|92/100
|-enditem|p1a: Zamazenta|Leftovers|[from] move: Knock Off|[of] p2a: Great Tusk
|
|upkeep
|turn|30
|
|t:|1776059077
|-end|p2a: Great Tusk|Protosynthesis|[silent]
|switch|p2a: Clefable|Clefable, M|58/100 psn
|move|p1a: Zamazenta|Body Press|p2a: Clefable
|-resisted|p2a: Clefable
|-damage|p2a: Clefable|30/100 psn
|
|upkeep
|turn|31
|
|t:|1776059081
|move|p1a: Zamazenta|Body Press|p2a: Clefable
|-resisted|p2a: Clefable
|-damage|p2a: Clefable|2/100 psn
|move|p2a: Clefable|Moonlight|p2a: Clefable
|-heal|p2a: Clefable|52/100 psn
|
|upkeep
|turn|32
|
|t:|1776059085
|switch|p1a: Slowking|Slowking-Galar, M|100/100
|-damage|p1a: Slowking|88/100|[from] Stealth Rock
|move|p2a: Clefable|Moonblast|p1a: Slowking
|-resisted|p1a: Slowking
|-damage|p1a: Slowking|75/100
|-unboost|p1a: Slowking|spa|1
|
|upkeep
|turn|33
|
|t:|1776059089
|switch|p2a: Garganacl|Garganacl, M|99/100
|switch|p1a: Moltres|Moltres|61/100
|-damage|p1a: Moltres|11/100|[from] Stealth Rock
|
|-heal|p2a: Garganacl|100/100|[from] item: Leftovers
|upkeep
|turn|34
|
|t:|1776059092
|move|p1a: Moltres|Roost|p1a: Moltres
|-heal|p1a: Moltres|61/100
|-singleturn|p1a: Moltres|move: Roost
|move|p2a: Garganacl|Salt Cure|p1a: Moltres
|-supereffective|p1a: Moltres
|-damage|p1a: Moltres|42/100
|-start|p1a: Moltres|Salt Cure
|
|-damage|p1a: Moltres|29/100|[from] Salt Cure
|upkeep
|turn|35
|
|t:|1776059098
|move|p1a: Moltres|Roost|p1a: Moltres
|-heal|p1a: Moltres|80/100
|-singleturn|p1a: Moltres|move: Roost
|move|p2a: Garganacl|Salt Cure|p1a: Moltres
|-supereffective|p1a: Moltres
|-damage|p1a: Moltres|62/100
|
|-damage|p1a: Moltres|50/100|[from] Salt Cure
|upkeep
|turn|36
|
|t:|1776059102
|move|p1a: Moltres|Roost|p1a: Moltres
|-heal|p1a: Moltres|99/100
|-singleturn|p1a: Moltres|move: Roost
|move|p2a: Garganacl|Salt Cure|p1a: Moltres
|-supereffective|p1a: Moltres
|-damage|p1a: Moltres|80/100
|
|-damage|p1a: Moltres|68/100|[from] Salt Cure
|upkeep
|turn|37
|
|t:|1776059106
|switch|p1a: Hydrapple|Hydrapple, M, tera:Poison|100/100
|move|p2a: Garganacl|Salt Cure|p1a: Hydrapple
|-damage|p1a: Hydrapple|91/100
|-start|p1a: Hydrapple|Salt Cure
|
|-damage|p1a: Hydrapple|79/100|[from] Salt Cure
|upkeep
|turn|38
|
|t:|1776059111
|switch|p1a: Slowking|Slowking-Galar, M|100/100
|-damage|p1a: Slowking|88/100|[from] Stealth Rock
|switch|p2a: Escargoat|Wo-Chien|100/100
|-ability|p2a: Escargoat|Tablets of Ruin
|
|upkeep
|turn|39
|
|t:|1776059120
|-terastallize|p2a: Escargoat|Poison
|move|p2a: Escargoat|Stun Spore|p1a: Slowking|[miss]
|-miss|p2a: Escargoat|p1a: Slowking
|move|p1a: Slowking|Sludge Bomb|p2a: Escargoat
|-resisted|p2a: Escargoat
|-crit|p2a: Escargoat
|-damage|p2a: Escargoat|83/100
|
|-heal|p2a: Escargoat|89/100|[from] item: Leftovers
|upkeep
|turn|40
|
|t:|1776059126
|move|p2a: Escargoat|Stun Spore|p1a: Slowking
|-status|p1a: Slowking|par
|move|p1a: Slowking|Psyshock|p2a: Escargoat
|-supereffective|p2a: Escargoat
|-damage|p2a: Escargoat|47/100
|
|-heal|p2a: Escargoat|53/100|[from] item: Leftovers
|upkeep
|turn|41
|
|t:|1776059133
|move|p2a: Escargoat|Protect|p2a: Escargoat
|-singleturn|p2a: Escargoat|Protect
|move|p1a: Slowking|Psyshock|p2a: Escargoat
|-activate|p2a: Escargoat|move: Protect
|
|-heal|p2a: Escargoat|59/100|[from] item: Leftovers
|upkeep
|turn|42
|
|t:|1776059141
|switch|p2a: Garganacl|Garganacl, M|100/100
|move|p1a: Slowking|Psyshock|p2a: Garganacl
|-damage|p2a: Garganacl|81/100
|
|-heal|p2a: Garganacl|87/100|[from] item: Leftovers
|upkeep
|turn|43
|
|t:|1776059145
|switch|p1a: Hydrapple|Hydrapple, M, tera:Poison|100/100
|move|p2a: Garganacl|Salt Cure|p1a: Hydrapple
|-damage|p1a: Hydrapple|91/100
|-start|p1a: Hydrapple|Salt Cure
|
|-heal|p2a: Garganacl|93/100|[from] item: Leftovers
|-damage|p1a: Hydrapple|79/100|[from] Salt Cure
|upkeep
|turn|44
|
|t:|1776059149
|switch|p2a: Dragonite|Dragonite, F|100/100
|move|p1a: Hydrapple|Nasty Plot|p1a: Hydrapple
|-boost|p1a: Hydrapple|spa|2
|
|-damage|p1a: Hydrapple|67/100|[from] Salt Cure
|upkeep
|turn|45
|
|t:|1776059155
|switch|p2a: Clefable|Clefable, M|52/100 psn
|move|p1a: Hydrapple|Fickle Beam|p2a: Clefable
|-immune|p2a: Clefable
|
|-damage|p1a: Hydrapple|54/100|[from] Salt Cure
|upkeep
|turn|46
|
|t:|1776059162
|move|p2a: Clefable|Calm Mind|p2a: Clefable
|-boost|p2a: Clefable|spa|1
|-boost|p2a: Clefable|spd|1
|move|p1a: Hydrapple|Giga Drain|p2a: Clefable
|-damage|p2a: Clefable|8/100 psn
|-heal|p1a: Hydrapple|76/100|[from] drain|[of] p2a: Clefable
|
|-damage|p1a: Hydrapple|63/100|[from] Salt Cure
|upkeep
|turn|47
|
|t:|1776059167
|move|p2a: Clefable|Moonlight|p2a: Clefable
|-heal|p2a: Clefable|58/100 psn
|move|p1a: Hydrapple|Giga Drain|p2a: Clefable
|-damage|p2a: Clefable|18/100 psn
|-heal|p1a: Hydrapple|83/100|[from] drain|[of] p2a: Clefable
|
|-damage|p1a: Hydrapple|71/100|[from] Salt Cure
|upkeep
|turn|48
|
|t:|1776059172
|move|p2a: Clefable|Flamethrower|p1a: Hydrapple
|-damage|p1a: Hydrapple|25/100
|move|p1a: Hydrapple|Giga Drain|p2a: Clefable
|-damage|p2a: Clefable|0 fnt
|-heal|p1a: Hydrapple|34/100|[from] drain|[of] p2a: Clefable
|faint|p2a: Clefable
|
|-damage|p1a: Hydrapple|22/100|[from] Salt Cure
|upkeep
|
|t:|1776059176
|switch|p2a: Dragonite|Dragonite, F|100/100
|turn|49
|
|t:|1776059182
|switch|p1a: Slowking|Slowking-Galar, M|100/100 par
|-damage|p1a: Slowking|88/100 par|[from] Stealth Rock
|move|p2a: Dragonite|Earthquake|p1a: Slowking
|-supereffective|p1a: Slowking
|-damage|p1a: Slowking|28/100 par
|
|upkeep
|turn|50
|
|t:|1776059190
|switch|p1a: Zamazenta|Zamazenta|92/100
|-damage|p1a: Zamazenta|86/100|[from] Stealth Rock
|move|p2a: Dragonite|Extreme Speed|p1a: Zamazenta
|-damage|p1a: Zamazenta|63/100
|
|upkeep
|turn|51
|
|t:|1776059196
|move|p1a: Zamazenta|Iron Defense|p1a: Zamazenta
|-boost|p1a: Zamazenta|def|2
|move|p2a: Dragonite|Dragon Dance|p2a: Dragonite
|-boost|p2a: Dragonite|atk|1
|-boost|p2a: Dragonite|spe|1
|
|upkeep
|turn|52
|
|t:|1776059200
|switch|p2a: Escargoat|Wo-Chien, tera:Poison|59/100
|-ability|p2a: Escargoat|Tablets of Ruin
|move|p1a: Zamazenta|Iron Defense|p1a: Zamazenta
|-boost|p1a: Zamazenta|def|2
|
|-heal|p2a: Escargoat|65/100|[from] item: Leftovers
|upkeep
|turn|53
|
|t:|1776059206
|move|p2a: Escargoat|Leech Seed|p1a: Zamazenta|[miss]
|-miss|p2a: Escargoat|p1a: Zamazenta
|move|p1a: Zamazenta|Roar|p2a: Escargoat
|drag|p2a: Dragonite|Dragonite, F|100/100
|
|upkeep
|turn|54
|
|t:|1776059211
|switch|p2a: Escargoat|Wo-Chien, tera:Poison|65/100
|-ability|p2a: Escargoat|Tablets of Ruin
|move|p1a: Zamazenta|Roar|p2a: Escargoat
|drag|p2a: Great Tusk|Great Tusk|54/100
|
|upkeep
|turn|55
|
|t:|1776059218
|-end|p2a: Great Tusk|Protosynthesis|[silent]
|switch|p2a: Escargoat|Wo-Chien, tera:Poison|65/100
|-ability|p2a: Escargoat|Tablets of Ruin
|move|p1a: Zamazenta|Roar|p2a: Escargoat
|drag|p2a: Dragonite|Dragonite, F|100/100
|
|upkeep
|turn|56
|
|t:|1776059222
|switch|p2a: Escargoat|Wo-Chien, tera:Poison|65/100
|-ability|p2a: Escargoat|Tablets of Ruin
|move|p1a: Zamazenta|Roar|p2a: Escargoat
|drag|p2a: Garganacl|Garganacl, M|93/100
|
|-heal|p2a: Garganacl|99/100|[from] item: Leftovers
|upkeep
|turn|57
|
|t:|1776059227
|switch|p2a: Escargoat|Wo-Chien, tera:Poison|65/100
|-ability|p2a: Escargoat|Tablets of Ruin
|move|p1a: Zamazenta|Roar|p2a: Escargoat
|drag|p2a: Garganacl|Garganacl, M|99/100
|
|-heal|p2a: Garganacl|100/100|[from] item: Leftovers
|upkeep
|turn|58
|
|t:|1776059230
|switch|p2a: Escargoat|Wo-Chien, tera:Poison|65/100
|-ability|p2a: Escargoat|Tablets of Ruin
|move|p1a: Zamazenta|Roar|p2a: Escargoat
|drag|p2a: Garganacl|Garganacl, M|100/100
|
|upkeep
|turn|59
|
|t:|1776059235
|switch|p2a: Escargoat|Wo-Chien, tera:Poison|65/100
|-ability|p2a: Escargoat|Tablets of Ruin
|move|p1a: Zamazenta|Roar|p2a: Escargoat
|drag|p2a: Garganacl|Garganacl, M|100/100
|
|upkeep
|turn|60
|
|t:|1776059238
|switch|p2a: Escargoat|Wo-Chien, tera:Poison|65/100
|-ability|p2a: Escargoat|Tablets of Ruin
|move|p1a: Zamazenta|Roar|p2a: Escargoat
|drag|p2a: Garganacl|Garganacl, M|100/100
|
|upkeep
|turn|61
|
|t:|1776059242
|switch|p2a: Escargoat|Wo-Chien, tera:Poison|65/100
|-ability|p2a: Escargoat|Tablets of Ruin
|move|p1a: Zamazenta|Roar|p2a: Escargoat
|drag|p2a: Great Tusk|Great Tusk|54/100
|
|upkeep
|turn|62
|
|t:|1776059248
|-end|p2a: Great Tusk|Protosynthesis|[silent]
|switch|p2a: Escargoat|Wo-Chien, tera:Poison|65/100
|-ability|p2a: Escargoat|Tablets of Ruin
|move|p1a: Zamazenta|Roar|p2a: Escargoat
|drag|p2a: Great Tusk|Great Tusk|54/100
|
|upkeep
|turn|63
|
|t:|1776059254
|-end|p2a: Great Tusk|Protosynthesis|[silent]
|switch|p2a: Escargoat|Wo-Chien, tera:Poison|65/100
|-ability|p2a: Escargoat|Tablets of Ruin
|move|p1a: Zamazenta|Roar|p2a: Escargoat
|drag|p2a: Dragonite|Dragonite, F|100/100
|
|upkeep
|turn|64
|
|t:|1776059261
|move|p2a: Dragonite|Earthquake|p1a: Zamazenta
|-damage|p1a: Zamazenta|54/100
|move|p1a: Zamazenta|Roar|p2a: Dragonite
|drag|p2a: Garganacl|Garganacl, M|100/100
|
|upkeep
|turn|65
|
|t:|1776059265
|switch|p2a: Escargoat|Wo-Chien, tera:Poison|65/100
|-ability|p2a: Escargoat|Tablets of Ruin
|move|p1a: Zamazenta|Roar|p2a: Escargoat
|drag|p2a: Garganacl|Garganacl, M|100/100
|
|upkeep
|turn|66
|
|t:|1776059270
|switch|p2a: Escargoat|Wo-Chien, tera:Poison|65/100
|-ability|p2a: Escargoat|Tablets of Ruin
|move|p1a: Zamazenta|Roar|p2a: Escargoat
|drag|p2a: Garganacl|Garganacl, M|100/100
|
|upkeep
|turn|67
|
|t:|1776059273
|switch|p2a: Escargoat|Wo-Chien, tera:Poison|65/100
|-ability|p2a: Escargoat|Tablets of Ruin
|move|p1a: Zamazenta|Roar|p2a: Escargoat
|drag|p2a: Garganacl|Garganacl, M|100/100
|
|upkeep
|turn|68
|
|t:|1776059277
|move|p2a: Garganacl|Protect|p2a: Garganacl
|-singleturn|p2a: Garganacl|Protect
|move|p1a: Zamazenta|Roar|p2a: Garganacl
|drag|p2a: Dragonite|Dragonite, F|100/100
|
|upkeep
|turn|69
|
|t:|1776059281
|switch|p2a: Escargoat|Wo-Chien, tera:Poison|65/100
|-ability|p2a: Escargoat|Tablets of Ruin
|move|p1a: Zamazenta|Roar|p2a: Escargoat
|drag|p2a: Garganacl|Garganacl, M|100/100
|
|upkeep
|turn|70
|
|t:|1776059284
|switch|p2a: Escargoat|Wo-Chien, tera:Poison|65/100
|-ability|p2a: Escargoat|Tablets of Ruin
|move|p1a: Zamazenta|Roar|p2a: Escargoat
|drag|p2a: Garganacl|Garganacl, M|100/100
|
|upkeep
|turn|71
|
|t:|1776059288
|switch|p2a: Escargoat|Wo-Chien, tera:Poison|65/100
|-ability|p2a: Escargoat|Tablets of Ruin
|move|p1a: Zamazenta|Roar|p2a: Escargoat
|drag|p2a: Dragonite|Dragonite, F|100/100
|
|upkeep
|turn|72
|
|t:|1776059291
|move|p2a: Dragonite|Earthquake|p1a: Zamazenta
|-damage|p1a: Zamazenta|44/100
|move|p1a: Zamazenta|Roar|p2a: Dragonite
|drag|p2a: Garganacl|Garganacl, M|100/100
|
|upkeep
|turn|73
|
|t:|1776059295
|switch|p2a: Escargoat|Wo-Chien, tera:Poison|65/100
|-ability|p2a: Escargoat|Tablets of Ruin
|move|p1a: Zamazenta|Roar|p2a: Escargoat
|drag|p2a: Great Tusk|Great Tusk|54/100
|
|upkeep
|turn|74
|
|t:|1776059301
|-end|p2a: Great Tusk|Protosynthesis|[silent]
|switch|p2a: Escargoat|Wo-Chien, tera:Poison|65/100
|-ability|p2a: Escargoat|Tablets of Ruin
|move|p1a: Zamazenta|Roar|p2a: Escargoat
|drag|p2a: Garganacl|Garganacl, M|100/100
|
|upkeep
|turn|75
|
|t:|1776059305
|switch|p2a: Escargoat|Wo-Chien, tera:Poison|65/100
|-ability|p2a: Escargoat|Tablets of Ruin
|move|p1a: Zamazenta|Roar|p2a: Escargoat
|drag|p2a: Dragonite|Dragonite, F|100/100
|
|upkeep
|turn|76
|
|t:|1776059308
|switch|p2a: Escargoat|Wo-Chien, tera:Poison|65/100
|-ability|p2a: Escargoat|Tablets of Ruin
|move|p1a: Zamazenta|Roar|p2a: Escargoat
|drag|p2a: Great Tusk|Great Tusk|54/100
|
|upkeep
|turn|77
|
|t:|1776059315
|-end|p2a: Great Tusk|Protosynthesis|[silent]
|switch|p2a: Escargoat|Wo-Chien, tera:Poison|65/100
|-ability|p2a: Escargoat|Tablets of Ruin
|move|p1a: Zamazenta|Roar|p2a: Escargoat
|drag|p2a: Garganacl|Garganacl, M|100/100
|
|upkeep
|turn|78
|
|t:|1776059318
|switch|p2a: Escargoat|Wo-Chien, tera:Poison|65/100
|-ability|p2a: Escargoat|Tablets of Ruin
|move|p1a: Zamazenta|Roar|p2a: Escargoat
|drag|p2a: Dragonite|Dragonite, F|100/100
|
|upkeep
|turn|79
|
|t:|1776059325
|switch|p2a: Escargoat|Wo-Chien, tera:Poison|65/100
|-ability|p2a: Escargoat|Tablets of Ruin
|move|p1a: Zamazenta|Body Press|p2a: Escargoat
|-resisted|p2a: Escargoat
|-damage|p2a: Escargoat|32/100
|
|-heal|p2a: Escargoat|38/100|[from] item: Leftovers
|upkeep
|turn|80
|
|t:|1776059328
|move|p1a: Zamazenta|Body Press|p2a: Escargoat
|-resisted|p2a: Escargoat
|-damage|p2a: Escargoat|10/100
|move|p2a: Escargoat|Leech Seed|p1a: Zamazenta
|-start|p1a: Zamazenta|move: Leech Seed
|
|-heal|p2a: Escargoat|16/100|[from] item: Leftovers
|-damage|p1a: Zamazenta|31/100|[from] Leech Seed|[of] p2a: Escargoat
|-heal|p2a: Escargoat|27/100|[silent]
|upkeep
|turn|81
|
|t:|1776059335
|switch|p1a: Tyranitar|Tyranitar, F|100/100
|-damage|p1a: Tyranitar|88/100|[from] Stealth Rock
|-weather|Sandstorm|[from] ability: Sand Stream|[of] p1a: Tyranitar
|move|p2a: Escargoat|Protect||[still]
|-fail|p2a: Escargoat
|
|-weather|Sandstorm|[upkeep]
|-damage|p2a: Escargoat|21/100|[from] Sandstorm
|-heal|p2a: Escargoat|27/100|[from] item: Leftovers
|upkeep
|turn|82
|
|t:|1776059339
|move|p2a: Escargoat|Stun Spore|p1a: Tyranitar
|-status|p1a: Tyranitar|par
|move|p1a: Tyranitar|Knock Off|p2a: Escargoat
|-damage|p2a: Escargoat|4/100
|-enditem|p2a: Escargoat|Leftovers|[from] move: Knock Off|[of] p1a: Tyranitar
|
|-weather|Sandstorm|[upkeep]
|-damage|p2a: Escargoat|0 fnt|[from] Sandstorm
|faint|p2a: Escargoat
|upkeep
|
|t:|1776059342
|switch|p2a: Great Tusk|Great Tusk|54/100
|turn|83
|
|t:|1776059348
|switch|p1a: Slowking|Slowking-Galar, M|61/100 par
|-damage|p1a: Slowking|49/100 par|[from] Stealth Rock
|move|p2a: Great Tusk|Headlong Rush|p1a: Slowking
|-supereffective|p1a: Slowking
|-damage|p1a: Slowking|0 fnt
|-unboost|p2a: Great Tusk|def|1
|-unboost|p2a: Great Tusk|spd|1
|faint|p1a: Slowking
|
|-weather|Sandstorm|[upkeep]
|upkeep
|
|t:|1776059355
|switch|p1a: Zamazenta|Zamazenta|31/100
|-damage|p1a: Zamazenta|25/100|[from] Stealth Rock
|turn|84
|
|t:|1776059362
|move|p1a: Zamazenta|Body Press|p2a: Great Tusk
|-damage|p2a: Great Tusk|14/100
|move|p2a: Great Tusk|Headlong Rush|p1a: Zamazenta
|-damage|p1a: Zamazenta|0 fnt
|-unboost|p2a: Great Tusk|def|1
|-unboost|p2a: Great Tusk|spd|1
|faint|p1a: Zamazenta
|
|-weather|Sandstorm|[upkeep]
|upkeep
|
|t:|1776059368
|switch|p1a: Hydrapple|Hydrapple, M, tera:Poison|55/100
|turn|85
|
|t:|1776059375
|switch|p1a: Moltres|Moltres|68/100
|-damage|p1a: Moltres|18/100|[from] Stealth Rock
|move|p2a: Great Tusk|Ice Spinner|p1a: Moltres
|-crit|p1a: Moltres
|-damage|p1a: Moltres|0 fnt
|faint|p1a: Moltres
|
|-weather|Sandstorm|[upkeep]
|upkeep
|
|t:|1776059378
|switch|p1a: Hydrapple|Hydrapple, M, tera:Poison|88/100
|turn|86
|
|t:|1776059382
|move|p2a: Great Tusk|Headlong Rush|p1a: Hydrapple
|-supereffective|p1a: Hydrapple
|-damage|p1a: Hydrapple|15/100
|-unboost|p2a: Great Tusk|def|1
|-unboost|p2a: Great Tusk|spd|1
|move|p1a: Hydrapple|Giga Drain|p2a: Great Tusk
|-supereffective|p2a: Great Tusk
|-damage|p2a: Great Tusk|0 fnt
|-heal|p1a: Hydrapple|22/100|[from] drain|[of] p2a: Great Tusk
|faint|p2a: Great Tusk
|-end|p2a: Great Tusk|Protosynthesis|[silent]
|
|-weather|Sandstorm|[upkeep]
|-damage|p1a: Hydrapple|16/100|[from] Sandstorm
|upkeep
|
|t:|1776059384
|switch|p2a: Dragonite|Dragonite, F|100/100
|turn|87
|
|t:|1776059387
|move|p2a: Dragonite|Earthquake|p1a: Hydrapple
|-supereffective|p1a: Hydrapple
|-damage|p1a: Hydrapple|0 fnt
|faint|p1a: Hydrapple
|
|-weather|Sandstorm|[upkeep]
|-damage|p2a: Dragonite|94/100|[from] Sandstorm
|upkeep
|
|t:|1776059391
|switch|p1a: Tyranitar|Tyranitar, F|88/100 par
|-damage|p1a: Tyranitar|76/100 par|[from] Stealth Rock
|turn|88
|
|t:|1776059394
|move|p2a: Dragonite|Earthquake|p1a: Tyranitar
|-supereffective|p1a: Tyranitar
|-damage|p1a: Tyranitar|12/100 par
|move|p1a: Tyranitar|Thunder Wave|p2a: Dragonite|[miss]
|-miss|p1a: Tyranitar|p2a: Dragonite
|
|-weather|none
|upkeep
|turn|89
|
|t:|1776059398
|move|p2a: Dragonite|Earthquake|p1a: Tyranitar
|-supereffective|p1a: Tyranitar
|-damage|p1a: Tyranitar|0 fnt
|faint|p1a: Tyranitar
|
|win|ceo o wo chien
|raw|Blastoise_Choice's rating: 1585 &rarr; <strong>1572</strong><br />(-13 for losing)
|raw|ceo o wo chien's rating: 1716 &rarr; <strong>1729</strong><br />(+13 for winning)
|c|☆Blastoise_Choice|gg
