|html|<div class="broadcast-blue"><strong>[Gen 9] OU is currently suspecting Tera Blast! For information on how to participate check out the <a href="https://www.smogon.com/tools/suspects/view/200">suspect thread</a>.</strong></div>
|j|☆vanllesco
|j|☆kidanime3
|t:|1776034424
|gametype|singles
|player|p1|vanllesco|hilbert|1363
|player|p2|kidanime3|brock|1397
|gen|9
|tier|[Gen 9] OU
|rated|
|rule|HP Percentage Mod: HP is shown in percentages
|rule|Endless Battle Clause: Forcing endless battles is banned
|rule|Species Clause: Limit one of each Pokémon
|rule|OHKO Clause: OHKO moves are banned
|rule|Evasion Items Clause: Evasion items are banned
|rule|Evasion Moves Clause: Evasion moves are banned
|rule|Evasion Abilities Clause: Evasion abilities are banned
|rule|Sleep Moves Clause: Sleep-inducing moves are banned
|clearpoke
|poke|p1|Samurott-Hisui, M|
|poke|p1|Corviknight, M|
|poke|p1|Hatterene, F|
|poke|p1|Umbreon, F|
|poke|p1|Toxtricity-Low-Key, M|
|poke|p1|Garchomp, M|
|poke|p2|Kingambit, M|
|poke|p2|Dragapult, M|
|poke|p2|Grimmsnarl, M|
|poke|p2|Ogerpon-Wellspring, F|
|poke|p2|Raging Bolt|
|poke|p2|Darkrai|
|teampreview
|inactive|Battle timer is ON: inactive players will automatically lose when time's up. (requested by kidanime3)
|
|t:|1776034434
|teamsize|p1|6
|teamsize|p2|6
|start
|switch|p1a: My name is mud|Toxtricity-Low-Key, M|100/100
|switch|p2a: Ogerpon|Ogerpon-Wellspring, F|100/100
|turn|1
|
|t:|1776034440
|switch|p2a: Grimmsnarl|Grimmsnarl, M, shiny|100/100
|move|p1a: My name is mud|Sludge Wave|p2a: Grimmsnarl
|-supereffective|p2a: Grimmsnarl
|-damage|p2a: Grimmsnarl|0 fnt
|faint|p2a: Grimmsnarl
|
|upkeep
|
|t:|1776034452
|switch|p2a: Darkrai|Darkrai|100/100
|turn|2
|
|t:|1776034458
|switch|p1a: Morin|Umbreon, F, shiny|100/100
|move|p2a: Darkrai|Nasty Plot|p2a: Darkrai
|-boost|p2a: Darkrai|spa|2
|
|upkeep
|turn|3
|
|t:|1776034465
|move|p2a: Darkrai|Focus Blast|p1a: Morin
|-supereffective|p1a: Morin
|-damage|p1a: Morin|0 fnt
|faint|p1a: Morin
|
|upkeep
|
|t:|1776034471
|switch|p1a: Doe Deer|Hatterene, F|100/100
|turn|4
|
|t:|1776034480
|move|p2a: Darkrai|Dark Pulse|p1a: Doe Deer
|-damage|p1a: Doe Deer|0 fnt
|faint|p1a: Doe Deer
|
|upkeep
|
|t:|1776034483
|switch|p1a: MC Ride|Samurott-Hisui, M|100/100
|turn|5
|
|t:|1776034491
|-terastallize|p1a: MC Ride|Ground
|move|p2a: Darkrai|Focus Blast|p1a: MC Ride|[miss]
|-miss|p2a: Darkrai|p1a: MC Ride
|move|p1a: MC Ride|Sacred Sword|p2a: Darkrai
|-supereffective|p2a: Darkrai
|-damage|p2a: Darkrai|0 fnt
|faint|p2a: Darkrai
|
|upkeep
|
|t:|1776034520
|switch|p2a: Ogerpon|Ogerpon-Wellspring, F|100/100
|turn|6
|
|t:|1776034531
|switch|p1a: BIRD|Corviknight, M|100/100
|move|p2a: Ogerpon|Swords Dance|p2a: Ogerpon
|-boost|p2a: Ogerpon|atk|2
|
|upkeep
|turn|7
|
|t:|1776034541
|move|p2a: Ogerpon|Ivy Cudgel|p1a: BIRD|[anim] Ivy Cudgel Water
|-damage|p1a: BIRD|19/100
|move|p1a: BIRD|Brave Bird|p2a: Ogerpon
|-supereffective|p2a: Ogerpon
|-damage|p2a: Ogerpon|0 fnt
|faint|p2a: Ogerpon
|-damage|p1a: BIRD|0 fnt|[from] Recoil
|faint|p1a: BIRD
|
|upkeep
|
|t:|1776034556
|switch|p2a: Raging Bolt|Raging Bolt|100/100
|switch|p1a: Zachill|Garchomp, M|100/100
|-enditem|p2a: Raging Bolt|Booster Energy
|-activate|p2a: Raging Bolt|ability: Protosynthesis|[fromitem]
|-start|p2a: Raging Bolt|protosynthesisspa
|turn|8
|
|t:|1776034562
|-terastallize|p2a: Raging Bolt|Bug
|move|p1a: Zachill|Iron Head|p2a: Raging Bolt
|-damage|p2a: Raging Bolt|79/100
|move|p2a: Raging Bolt|Dragon Pulse|p1a: Zachill
|-supereffective|p1a: Zachill
|-damage|p1a: Zachill|0 fnt
|faint|p1a: Zachill
|
|upkeep
|
|t:|1776034571
|switch|p1a: My name is mud|Toxtricity-Low-Key, M|100/100
|turn|9
|inactive|vanllesco has 120 seconds left.
|c|☆vanllesco|ok i predicted the tera just urbgirafe is different
|
|t:|1776034625
|move|p1a: My name is mud|Boomburst|p2a: Raging Bolt
|-damage|p2a: Raging Bolt|22/100
|move|p2a: Raging Bolt|Dragon Pulse|p1a: My name is mud
|-damage|p1a: My name is mud|0 fnt
|faint|p1a: My name is mud
|
|upkeep
|
|t:|1776034630
|switch|p1a: MC Ride|Samurott-Hisui, M, tera:Ground|100/100
|turn|10
|
|t:|1776034636
|move|p1a: MC Ride|Ceaseless Edge|p2a: Raging Bolt
|-damage|p2a: Raging Bolt|0 fnt
|-sidestart|p2: kidanime3|Spikes
|faint|p2a: Raging Bolt
|-end|p2a: Raging Bolt|Protosynthesis|[silent]
|
|upkeep
|
|t:|1776034642
|switch|p2a: Dragapult|Dragapult, M|100/100
|-damage|p2a: Dragapult|88/100|[from] Spikes
|turn|11
|
|t:|1776034652
|move|p2a: Dragapult|Draco Meteor|p1a: MC Ride
|-damage|p1a: MC Ride|0 fnt
|-unboost|p2a: Dragapult|spa|2
|faint|p1a: MC Ride
|-damage|p2a: Dragapult|78/100|[from] item: Life Orb
|
|win|kidanime3
|raw|vanllesco's rating: 1363 &rarr; <strong>1345</strong><br />(-18 for losing)
|raw|kidanime3's rating: 1397 &rarr; <strong>1415</strong><br />(+18 for winning)
|l|☆vanllesco
|player|p1|
|l|☆kidanime3
|player|p2|
