|html|<div class="broadcast-blue"><strong>[Gen 9] OU is currently suspecting Tera Blast! For information on how to participate check out the <a href="https://www.smogon.com/tools/suspects/view/200">suspect thread</a>.</strong></div>
|j|☆synergeticenergy
|j|☆DragonHunter994
|t:|1776058144
|gametype|singles
|player|p1|synergeticenergy|unknown|1330
|player|p2|DragonHunter994|burglar|1340
|gen|9
|tier|[Gen 9] OU
|rated|
|rule|HP Percentage Mod: HP is shown in percentages
|rule|Endless Battle Clause: Forcing endless battles is banned
|rule|Species Clause: Limit one of each Pokémon
|rule|OHKO Clause: OHKO moves are banned
|rule|Evasion Items Clause: Evasion items are banned
|rule|Evasion Moves Clause: Evasion moves are banned
|rule|Evasion Abilities Clause: Evasion abilities are banned
|rule|Sleep Moves Clause: Sleep-inducing moves are banned
|clearpoke
|poke|p1|Zoroark-Hisui, M|
|poke|p1|Great Tusk|
|poke|p1|Slowking-Galar, M|
|poke|p1|Kingambit, M|
|poke|p1|Darkrai|
|poke|p1|Gliscor, M|
|poke|p2|Iron Hands|
|poke|p2|Primarina, M|
|poke|p2|Dragapult, F|
|poke|p2|Iron Valiant|
|poke|p2|Tyranitar, F|
|poke|p2|Iron Crown|
|teampreview
|inactive|Battle timer is ON: inactive players will automatically lose when time's up. (requested by synergeticenergy)
|
|t:|1776058155
|teamsize|p1|6
|teamsize|p2|6
|start
|switch|p1a: Gliscor|Gliscor, M|100/100
|switch|p2a: Tyranitar|Tyranitar, F|100/100
|-weather|Sandstorm|[from] ability: Sand Stream|[of] p2a: Tyranitar
|turn|1
|
|t:|1776058164
|move|p1a: Gliscor|Protect|p1a: Gliscor
|-singleturn|p1a: Gliscor|Protect
|move|p2a: Tyranitar|Ice Punch|p1a: Gliscor
|-activate|p1a: Gliscor|move: Protect
|
|-weather|Sandstorm|[upkeep]
|-status|p1a: Gliscor|tox|[from] item: Toxic Orb
|upkeep
|turn|2
|
|t:|1776058177
|switch|p1a: Kingambit|Kingambit, M|100/100
|move|p2a: Tyranitar|Ice Punch|p1a: Kingambit
|-resisted|p1a: Kingambit
|-damage|p1a: Kingambit|84/100
|
|-weather|Sandstorm|[upkeep]
|upkeep
|turn|3
|
|t:|1776058181
|switch|p2a: Iron Hands|Iron Hands|100/100
|move|p1a: Kingambit|Iron Head|p2a: Iron Hands
|-resisted|p2a: Iron Hands
|-damage|p2a: Iron Hands|86/100
|
|-weather|Sandstorm|[upkeep]
|-damage|p2a: Iron Hands|80/100|[from] Sandstorm
|upkeep
|turn|4
|
|t:|1776058190
|-end|p1a: Kingambit|fallenundefined|[silent]
|switch|p1a: Gliscor|Gliscor, M|100/100 tox
|move|p2a: Iron Hands|Ice Punch|p1a: Gliscor
|-supereffective|p1a: Gliscor
|-damage|p1a: Gliscor|25/100 tox
|
|-weather|Sandstorm|[upkeep]
|-damage|p2a: Iron Hands|74/100|[from] Sandstorm
|-heal|p1a: Gliscor|37/100 tox|[from] ability: Poison Heal
|upkeep
|turn|5
|
|t:|1776058195
|move|p1a: Gliscor|Protect|p1a: Gliscor
|-singleturn|p1a: Gliscor|Protect
|move|p2a: Iron Hands|Ice Punch|p1a: Gliscor
|-activate|p1a: Gliscor|move: Protect
|
|-weather|none
|-heal|p1a: Gliscor|50/100 tox|[from] ability: Poison Heal
|upkeep
|turn|6
|
|t:|1776058204
|switch|p1a: Kingambit|Kingambit, M|84/100
|move|p2a: Iron Hands|Drain Punch|p1a: Kingambit
|-supereffective|p1a: Kingambit
|-damage|p1a: Kingambit|0 fnt
|-heal|p2a: Iron Hands|100/100|[from] drain|[of] p1a: Kingambit
|faint|p1a: Kingambit
|-end|p1a: Kingambit|fallenundefined|[silent]
|
|upkeep
|
|t:|1776058210
|switch|p1a: Slowking|Slowking-Galar, M|100/100
|turn|7
|
|t:|1776058212
|move|p2a: Iron Hands|Earthquake|p1a: Slowking
|-supereffective|p1a: Slowking
|-damage|p1a: Slowking|19/100
|-prepare|p1a: Slowking|Chilly Reception|[premajor]
|move|p1a: Slowking|Chilly Reception|p1a: Slowking
|-weather|Snowscape
|
|t:|1776058217
|switch|p1a: Darkrai|Darkrai|100/100|[from] Chilly Reception
|
|-weather|Snowscape|[upkeep]
|upkeep
|turn|8
|
|t:|1776058222
|-end|p2a: Iron Hands|Quark Drive|[silent]
|switch|p2a: Iron Crown|Iron Crown|100/100
|move|p1a: Darkrai|Nasty Plot|p1a: Darkrai
|-boost|p1a: Darkrai|spa|2
|
|-weather|Snowscape|[upkeep]
|upkeep
|turn|9
|
|t:|1776058228
|-terastallize|p2a: Iron Crown|Fighting
|move|p2a: Iron Crown|Focus Blast|p1a: Darkrai
|-immune|p1a: Darkrai
|move|p1a: Darkrai|Shadow Ball|p2a: Iron Crown
|-damage|p2a: Iron Crown|20/100
|
|-weather|Snowscape|[upkeep]
|upkeep
|turn|10
|c|☆DragonHunter994|you gto me shit
|
|t:|1776058242
|move|p2a: Iron Crown|Focus Blast|p1a: Darkrai
|-immune|p1a: Darkrai
|move|p1a: Darkrai|Focus Blast|p2a: Iron Crown|[miss]
|-miss|p1a: Darkrai|p2a: Iron Crown
|
|-weather|Snowscape|[upkeep]
|upkeep
|turn|11
|
|t:|1776058251
|-end|p2a: Iron Crown|Quark Drive|[silent]
|switch|p2a: Dragapult|Dragapult, F|100/100
|move|p1a: Darkrai|Focus Blast|p2a: Dragapult
|-immune|p2a: Dragapult
|
|-weather|none
|upkeep
|turn|12
|
|t:|1776058260
|move|p2a: Dragapult|Substitute|p2a: Dragapult
|-start|p2a: Dragapult|Substitute
|-damage|p2a: Dragapult|76/100
|move|p1a: Darkrai|Shadow Ball|p2a: Dragapult
|-supereffective|p2a: Dragapult
|-end|p2a: Dragapult|Substitute
|
|-heal|p2a: Dragapult|82/100|[from] item: Leftovers
|upkeep
|turn|13
|
|t:|1776058262
|move|p2a: Dragapult|Dragon Darts|p1a: Darkrai
|-damage|p1a: Darkrai|63/100
|replace|p1a: Zoroark|Zoroark-Hisui, M
|-end|p1a: Zoroark|Illusion
|-anim|p2a: Dragapult|Dragon Darts|p1a: Zoroark
|-damage|p1a: Zoroark|24/100
|move|p1a: Zoroark|Shadow Ball|p2a: Dragapult
|-supereffective|p2a: Dragapult
|-damage|p2a: Dragapult|0 fnt
|faint|p2a: Dragapult
|
|upkeep
|
|t:|1776058266
|switch|p2a: Iron Valiant|Iron Valiant|100/100
|-enditem|p2a: Iron Valiant|Booster Energy
|-activate|p2a: Iron Valiant|ability: Quark Drive|[fromitem]
|-start|p2a: Iron Valiant|quarkdrivespe
|turn|14
|
|t:|1776058271
|move|p2a: Iron Valiant|Calm Mind|p2a: Iron Valiant
|-boost|p2a: Iron Valiant|spa|1
|-boost|p2a: Iron Valiant|spd|1
|move|p1a: Zoroark|Shadow Ball|p2a: Iron Valiant
|-damage|p2a: Iron Valiant|0 fnt
|faint|p2a: Iron Valiant
|-end|p2a: Iron Valiant|Quark Drive|[silent]
|
|upkeep
|
|t:|1776058275
|switch|p2a: Iron Crown|Iron Crown, tera:Fighting|20/100
|turn|15
|
|t:|1776058281
|switch|p1a: Slowking|Slowking-Galar, M|52/100
|move|p2a: Iron Crown|Tachyon Cutter|p1a: Slowking
|-damage|p1a: Slowking|38/100
|-damage|p1a: Slowking|24/100
|-hitcount|p1a: Slowking|2
|
|upkeep
|turn|16
|
|t:|1776058291
|switch|p1a: Gliscor|Gliscor, M|50/100 tox
|move|p2a: Iron Crown|Tachyon Cutter|p1a: Gliscor
|-damage|p1a: Gliscor|17/100 tox
|-damage|p1a: Gliscor|0 fnt
|faint|p1a: Gliscor
|-hitcount|p1: Gliscor|2
|
|upkeep
|
|t:|1776058294
|switch|p1a: Great Tusk|Great Tusk|100/100
|-enditem|p1a: Great Tusk|Booster Energy
|-activate|p1a: Great Tusk|ability: Protosynthesis|[fromitem]
|-start|p1a: Great Tusk|protosynthesisspe
|turn|17
|
|t:|1776058298
|move|p2a: Iron Crown|Tachyon Cutter|p1a: Great Tusk
|-damage|p1a: Great Tusk|67/100
|-damage|p1a: Great Tusk|37/100
|-hitcount|p1a: Great Tusk|2
|move|p1a: Great Tusk|Stealth Rock|p2a: Iron Crown
|-sidestart|p2: DragonHunter994|move: Stealth Rock
|
|upkeep
|turn|18
|
|t:|1776058302
|move|p2a: Iron Crown|Tachyon Cutter|p1a: Great Tusk
|-damage|p1a: Great Tusk|7/100
|-damage|p1a: Great Tusk|0 fnt
|faint|p1a: Great Tusk
|-end|p1a: Great Tusk|Protosynthesis|[silent]
|-hitcount|p1: Great Tusk|2
|
|upkeep
|c|☆synergeticenergy|yo wait I forgot you were scarf bro
|
|t:|1776058320
|switch|p1a: Slowking|Slowking-Galar, M|57/100
|turn|19
|c|☆DragonHunter994|real
|
|t:|1776058324
|-end|p2a: Iron Crown|Quark Drive|[silent]
|switch|p2a: Tyranitar|Tyranitar, F|100/100
|-damage|p2a: Tyranitar|88/100|[from] Stealth Rock
|-weather|Sandstorm|[from] ability: Sand Stream|[of] p2a: Tyranitar
|move|p1a: Slowking|Sludge Bomb|p2a: Tyranitar
|-resisted|p2a: Tyranitar
|-damage|p2a: Tyranitar|79/100
|
|-weather|Sandstorm|[upkeep]
|-damage|p1a: Slowking|51/100|[from] Sandstorm
|upkeep
|turn|20
|
|t:|1776058334
|move|p2a: Tyranitar|Earthquake|p1a: Slowking
|-supereffective|p1a: Slowking
|-damage|p1a: Slowking|0 fnt
|faint|p1a: Slowking
|
|-weather|Sandstorm|[upkeep]
|upkeep
|
|t:|1776058338
|switch|p1a: Darkrai|Darkrai|24/100
|turn|21
|
|t:|1776058340
|move|p1a: Darkrai|Focus Blast|p2a: Tyranitar
|-supereffective|p2a: Tyranitar
|-damage|p2a: Tyranitar|0 fnt
|faint|p2a: Tyranitar
|
|-weather|Sandstorm|[upkeep]
|-damage|p1a: Darkrai|18/100|[from] Sandstorm
|upkeep
|
|t:|1776058345
|switch|p2a: Iron Crown|Iron Crown, tera:Fighting|20/100
|-damage|p2a: Iron Crown|14/100|[from] Stealth Rock
|turn|22
|
|t:|1776058348
|move|p2a: Iron Crown|Tachyon Cutter|p1a: Darkrai
|-damage|p1a: Darkrai|0 fnt
|replace|p1a: Zoroark|Zoroark-Hisui, M
|-end|p1a: Zoroark|Illusion
|faint|p1a: Zoroark
|-hitcount|p1: Zoroark|1
|
|-weather|Sandstorm|[upkeep]
|-damage|p2a: Iron Crown|8/100|[from] Sandstorm
|upkeep
|
|t:|1776058351
|switch|p1a: Darkrai|Darkrai|100/100
|turn|23
|
|t:|1776058356
|move|p2a: Iron Crown|Tachyon Cutter|p1a: Darkrai
|-damage|p1a: Darkrai|67/100
|-damage|p1a: Darkrai|34/100
|-hitcount|p1a: Darkrai|2
|move|p1a: Darkrai|Sludge Bomb|p2a: Iron Crown
|-damage|p2a: Iron Crown|0 fnt
|faint|p2a: Iron Crown
|-end|p2a: Iron Crown|Quark Drive|[silent]
|
|-weather|none
|upkeep
|
|t:|1776058359
|switch|p2a: Primarina|Primarina, M|100/100
|-damage|p2a: Primarina|88/100|[from] Stealth Rock
|turn|24
|
|t:|1776058363
|-terastallize|p1a: Darkrai|Fairy
|move|p1a: Darkrai|Sludge Bomb|p2a: Primarina
|-supereffective|p2a: Primarina
|-damage|p2a: Primarina|34/100
|move|p2a: Primarina|Hyper Voice|p1a: Darkrai
|-damage|p1a: Darkrai|0 fnt
|faint|p1a: Darkrai
|
|win|DragonHunter994
|raw|synergeticenergy's rating: 1330 &rarr; <strong>1311</strong><br />(-19 for losing)
|raw|DragonHunter994's rating: 1340 &rarr; <strong>1359</strong><br />(+19 for winning)
|c|☆DragonHunter994|gg
|l|☆synergeticenergy
|player|p1|
|l|☆DragonHunter994
|player|p2|
