|html|<div class="broadcast-blue"><strong>[Gen 9] OU is currently suspecting Tera Blast! For information on how to participate check out the <a href="https://www.smogon.com/tools/suspects/view/200">suspect thread</a>.</strong></div>
|j|☆phreshoatmeal
|j|☆greedman456
|t:|1776093016
|gametype|singles
|player|p1|phreshoatmeal|265|1621
|player|p2|greedman456|brock|1642
|gen|9
|tier|[Gen 9] OU
|rated|
|rule|HP Percentage Mod: HP is shown in percentages
|rule|Endless Battle Clause: Forcing endless battles is banned
|rule|Species Clause: Limit one of each Pokémon
|rule|OHKO Clause: OHKO moves are banned
|rule|Evasion Items Clause: Evasion items are banned
|rule|Evasion Moves Clause: Evasion moves are banned
|rule|Evasion Abilities Clause: Evasion abilities are banned
|rule|Sleep Moves Clause: Sleep-inducing moves are banned
|clearpoke
|poke|p1|Rotom-Heat|
|poke|p1|Kingambit, F|
|poke|p1|Dragapult, F|
|poke|p1|Conkeldurr, M|
|poke|p1|Hatterene, F|
|poke|p1|Ogerpon-Wellspring, F|
|poke|p2|Torkoal, M|
|poke|p2|Charizard, F|
|poke|p2|Walking Wake|
|poke|p2|Slither Wing|
|poke|p2|Zapdos|
|poke|p2|Scizor, F|
|teampreview
|inactive|Battle timer is ON: inactive players will automatically lose when time's up. (requested by greedman456)
|
|t:|1776093040
|teamsize|p1|6
|teamsize|p2|6
|start
|switch|p1a: Rotom|Rotom-Heat|100/100
|switch|p2a: Scizor|Scizor, F|100/100
|turn|1
|
|t:|1776093046
|switch|p2a: Torkoal|Torkoal, M|100/100
|-weather|SunnyDay|[from] ability: Drought|[of] p2a: Torkoal
|move|p1a: Rotom|Overheat|p2a: Torkoal
|-resisted|p2a: Torkoal
|-damage|p2a: Torkoal|33/100
|-unboost|p1a: Rotom|spa|2
|
|-weather|SunnyDay|[upkeep]
|upkeep
|turn|2
|
|t:|1776093071
|switch|p1a: Hatterene|Hatterene, F|100/100
|switch|p2a: Charizard|Charizard, F|100/100
|
|-weather|SunnyDay|[upkeep]
|-damage|p2a: Charizard|88/100|[from] ability: Solar Power|[of] p2a: Charizard
|upkeep
|turn|3
|
|t:|1776093088
|switch|p1a: Dragapult|Dragapult, F|100/100
|move|p2a: Charizard|Flamethrower|p1a: Dragapult
|-resisted|p1a: Dragapult
|-damage|p1a: Dragapult|37/100
|
|-weather|SunnyDay|[upkeep]
|-damage|p2a: Charizard|76/100|[from] ability: Solar Power|[of] p2a: Charizard
|upkeep
|turn|4
|
|t:|1776093097
|move|p2a: Charizard|Flamethrower|p1a: Dragapult
|-resisted|p1a: Dragapult
|-damage|p1a: Dragapult|0 fnt
|faint|p1a: Dragapult
|
|-weather|SunnyDay|[upkeep]
|-damage|p2a: Charizard|63/100|[from] ability: Solar Power|[of] p2a: Charizard
|upkeep
|
|t:|1776093103
|switch|p1a: Rotom|Rotom-Heat|100/100
|turn|5
|
|t:|1776093108
|switch|p2a: Slither Wing|Slither Wing|100/100
|-activate|p2a: Slither Wing|ability: Protosynthesis
|-start|p2a: Slither Wing|protosynthesisatk
|move|p1a: Rotom|Thunderbolt|p2a: Slither Wing
|-damage|p2a: Slither Wing|75/100
|
|-weather|SunnyDay|[upkeep]
|upkeep
|turn|6
|
|t:|1776093123
|switch|p1a: Hatterene|Hatterene, F|100/100
|-terastallize|p2a: Slither Wing|Fighting
|move|p2a: Slither Wing|Close Combat|p1a: Hatterene
|-resisted|p1a: Hatterene
|-damage|p1a: Hatterene|77/100
|-unboost|p2a: Slither Wing|def|1
|-unboost|p2a: Slither Wing|spd|1
|
|-weather|SunnyDay|[upkeep]
|-heal|p1a: Hatterene|83/100|[from] item: Leftovers
|upkeep
|turn|7
|
|t:|1776093134
|move|p2a: Slither Wing|U-turn|p1a: Hatterene
|-damage|p1a: Hatterene|43/100
|
|t:|1776093137
|-end|p2a: Slither Wing|Protosynthesis|[silent]
|switch|p2a: Scizor|Scizor, F|100/100|[from] U-turn
|move|p1a: Hatterene|Nuzzle|p2a: Scizor
|-damage|p2a: Scizor|96/100
|-status|p2a: Scizor|par
|
|-weather|SunnyDay|[upkeep]
|-heal|p1a: Hatterene|49/100|[from] item: Leftovers
|upkeep
|turn|8
|j| el alcachofas xdxd
|
|t:|1776093144
|move|p2a: Scizor|Bullet Punch|p1a: Hatterene
|-supereffective|p1a: Hatterene
|-damage|p1a: Hatterene|0 fnt
|faint|p1a: Hatterene
|
|-weather|none
|upkeep
|
|t:|1776093152
|switch|p1a: Rotom|Rotom-Heat|100/100
|turn|9
|
|t:|1776093156
|switch|p2a: Torkoal|Torkoal, M|33/100
|-weather|SunnyDay|[from] ability: Drought|[of] p2a: Torkoal
|move|p1a: Rotom|Thunderbolt|p2a: Torkoal
|-damage|p2a: Torkoal|0 fnt
|faint|p2a: Torkoal
|
|-weather|SunnyDay|[upkeep]
|upkeep
|
|t:|1776093169
|switch|p2a: Walking Wake|Walking Wake|100/100
|-activate|p2a: Walking Wake|ability: Protosynthesis
|-start|p2a: Walking Wake|protosynthesisspa
|turn|10
|l| el alcachofas xdxd
|
|t:|1776093178
|switch|p1a: Kingambit|Kingambit, F|100/100
|-activate|p1a: Kingambit|ability: Supreme Overlord
|-start|p1a: Kingambit|fallen2|[silent]
|move|p2a: Walking Wake|Flamethrower|p1a: Kingambit
|-supereffective|p1a: Kingambit
|-damage|p1a: Kingambit|0 fnt
|faint|p1a: Kingambit
|-end|p1a: Kingambit|fallen2|[silent]
|
|-weather|SunnyDay|[upkeep]
|upkeep
|
|t:|1776093188
|switch|p1a: Conkeldurr|Conkeldurr, M|100/100
|turn|11
|
|t:|1776093201
|switch|p1a: Rotom|Rotom-Heat|100/100
|move|p2a: Walking Wake|Flamethrower|p1a: Rotom
|-resisted|p1a: Rotom
|-damage|p1a: Rotom|66/100
|
|-weather|SunnyDay|[upkeep]
|upkeep
|turn|12
|
|t:|1776093208
|move|p2a: Walking Wake|Flamethrower|p1a: Rotom
|-resisted|p1a: Rotom
|-damage|p1a: Rotom|28/100
|move|p1a: Rotom|Pain Split|p2a: Walking Wake
|-sethp|p2a: Walking Wake|62/100|[from] move: Pain Split|[silent]
|-sethp|p1a: Rotom|72/100|[from] move: Pain Split
|
|-weather|SunnyDay|[upkeep]
|upkeep
|turn|13
|
|t:|1776093221
|move|p2a: Walking Wake|Flamethrower|p1a: Rotom
|-resisted|p1a: Rotom
|-damage|p1a: Rotom|35/100
|move|p1a: Rotom|Pain Split|p2a: Walking Wake
|-sethp|p2a: Walking Wake|46/100|[from] move: Pain Split|[silent]
|-sethp|p1a: Rotom|53/100|[from] move: Pain Split
|
|-weather|SunnyDay|[upkeep]
|upkeep
|turn|14
|
|t:|1776093227
|move|p2a: Walking Wake|Flamethrower|p1a: Rotom
|-resisted|p1a: Rotom
|-damage|p1a: Rotom|17/100
|move|p1a: Rotom|Thunderbolt|p2a: Walking Wake
|-damage|p2a: Walking Wake|0 fnt
|faint|p2a: Walking Wake
|-end|p2a: Walking Wake|Protosynthesis|[silent]
|
|-weather|SunnyDay|[upkeep]
|upkeep
|
|t:|1776093235
|switch|p2a: Charizard|Charizard, F|63/100
|turn|15
|
|t:|1776093243
|switch|p1a: Conkeldurr|Conkeldurr, M|100/100
|move|p2a: Charizard|Flamethrower|p1a: Conkeldurr
|-damage|p1a: Conkeldurr|5/100
|
|-weather|SunnyDay|[upkeep]
|-damage|p2a: Charizard|51/100|[from] ability: Solar Power|[of] p2a: Charizard
|upkeep
|turn|16
|
|t:|1776093255
|move|p1a: Conkeldurr|Mach Punch|p2a: Charizard
|-resisted|p2a: Charizard
|-damage|p2a: Charizard|25/100
|move|p2a: Charizard|Flamethrower|p1a: Conkeldurr
|-damage|p1a: Conkeldurr|0 fnt
|faint|p1a: Conkeldurr
|
|-weather|none
|upkeep
|
|t:|1776093260
|switch|p1a: Ogerpon|Ogerpon-Wellspring, F|100/100
|turn|17
|
|t:|1776093279
|-terastallize|p1a: Ogerpon|Water
|detailschange|p1a: Ogerpon|Ogerpon-Wellspring-Tera, F, tera:Water
|-ability|p1a: Ogerpon|Embody Aspect (Wellspring)|boost
|-boost|p1a: Ogerpon|spd|1
|move|p2a: Charizard|Flamethrower|p1a: Ogerpon
|-resisted|p1a: Ogerpon
|-damage|p1a: Ogerpon|84/100
|move|p1a: Ogerpon|Ivy Cudgel|p2a: Charizard|[anim] Ivy Cudgel Water
|-supereffective|p2a: Charizard
|-damage|p2a: Charizard|0 fnt
|faint|p2a: Charizard
|
|upkeep
|
|t:|1776093295
|switch|p2a: Zapdos|Zapdos|100/100
|turn|18
|
|t:|1776093306
|switch|p1a: Rotom|Rotom-Heat|17/100
|move|p2a: Zapdos|Tailwind|p2a: Zapdos
|-sidestart|p2: greedman456|move: Tailwind
|
|upkeep
|turn|19
|
|t:|1776093313
|move|p2a: Zapdos|Volt Switch|p1a: Rotom
|-resisted|p1a: Rotom
|-damage|p1a: Rotom|1/100
|
|t:|1776093321
|switch|p2a: Scizor|Scizor, F|96/100 par|[from] Volt Switch
|move|p1a: Rotom|Pain Split|p2a: Scizor
|-sethp|p2a: Scizor|49/100 par|[from] move: Pain Split|[silent]
|-sethp|p1a: Rotom|58/100|[from] move: Pain Split
|
|upkeep
|turn|20
|
|t:|1776093331
|move|p1a: Rotom|Overheat|p2a: Scizor
|-supereffective|p2a: Scizor
|-crit|p2a: Scizor
|-damage|p2a: Scizor|0 fnt
|-unboost|p1a: Rotom|spa|2
|faint|p2a: Scizor
|
|upkeep
|
|t:|1776093333
|switch|p2a: Slither Wing|Slither Wing, tera:Fighting|75/100
|turn|21
|
|t:|1776093351
|move|p2a: Slither Wing|U-turn|p1a: Rotom
|-resisted|p1a: Rotom
|-damage|p1a: Rotom|34/100
|
|t:|1776093354
|-end|p2a: Slither Wing|Protosynthesis|[silent]
|switch|p2a: Zapdos|Zapdos|100/100|[from] U-turn
|move|p1a: Rotom|Pain Split|p2a: Zapdos
|-sethp|p2a: Zapdos|63/100|[from] move: Pain Split|[silent]
|-sethp|p1a: Rotom|83/100|[from] move: Pain Split
|
|-sideend|p2: greedman456|move: Tailwind
|upkeep
|turn|22
|
|t:|1776093362
|switch|p1a: Ogerpon|Ogerpon-Wellspring-Tera, F, tera:Water|84/100
|-ability|p1a: Ogerpon|Embody Aspect (Wellspring)|boost
|-boost|p1a: Ogerpon|spd|1
|move|p2a: Zapdos|Tailwind|p2a: Zapdos
|-sidestart|p2: greedman456|move: Tailwind
|
|upkeep
|turn|23
|
|t:|1776093370
|switch|p1a: Rotom|Rotom-Heat|83/100
|move|p2a: Zapdos|Volt Switch|p1a: Rotom
|-resisted|p1a: Rotom
|-damage|p1a: Rotom|65/100
|
|t:|1776093375
|switch|p2a: Slither Wing|Slither Wing, tera:Fighting|75/100|[from] Volt Switch
|
|upkeep
|turn|24
|
|t:|1776093381
|move|p2a: Slither Wing|Close Combat|p1a: Rotom
|-damage|p1a: Rotom|0 fnt
|-unboost|p2a: Slither Wing|def|1
|-unboost|p2a: Slither Wing|spd|1
|faint|p1a: Rotom
|
|upkeep
|
|t:|1776093383
|switch|p1a: Ogerpon|Ogerpon-Wellspring-Tera, F, tera:Water|84/100
|-ability|p1a: Ogerpon|Embody Aspect (Wellspring)|boost
|-boost|p1a: Ogerpon|spd|1
|turn|25
|
|t:|1776093387
|move|p2a: Slither Wing|Close Combat|p1a: Ogerpon
|-damage|p1a: Ogerpon|0 fnt
|-unboost|p2a: Slither Wing|def|1
|-unboost|p2a: Slither Wing|spd|1
|faint|p1a: Ogerpon
|detailschange|p1: Ogerpon|Ogerpon-Wellspring, F|[silent]
|
|win|greedman456
|raw|phreshoatmeal's rating: 1621 &rarr; <strong>1602</strong><br />(-19 for losing)
|raw|greedman456's rating: 1642 &rarr; <strong>1661</strong><br />(+19 for winning)
|l|☆phreshoatmeal
|player|p1|
|l|☆greedman456
|player|p2|
