|html|<div class="broadcast-blue"><strong>[Gen 9] OU is currently suspecting Tera Blast! For information on how to participate check out the <a href="https://www.smogon.com/tools/suspects/view/200">suspect thread</a>.</strong></div>
|j|☆Otiplay
|j|☆qw2360713096
|t:|1776113012
|gametype|singles
|player|p1|Otiplay|101|1411
|player|p2|qw2360713096|steven|1438
|gen|9
|tier|[Gen 9] OU
|rated|
|rule|HP Percentage Mod: HP is shown in percentages
|rule|Endless Battle Clause: Forcing endless battles is banned
|rule|Species Clause: Limit one of each Pokémon
|rule|OHKO Clause: OHKO moves are banned
|rule|Evasion Items Clause: Evasion items are banned
|rule|Evasion Moves Clause: Evasion moves are banned
|rule|Evasion Abilities Clause: Evasion abilities are banned
|rule|Sleep Moves Clause: Sleep-inducing moves are banned
|clearpoke
|poke|p1|Thundurus-Therian, M|
|poke|p1|Tauros-Paldea-Blaze, M|
|poke|p1|Araquanid, F|
|poke|p1|Dragapult, F|
|poke|p1|Landorus-Therian, M|
|poke|p1|Kingambit, F|
|poke|p2|Gliscor, M|
|poke|p2|Heatran, M|
|poke|p2|Sinistcha|
|poke|p2|Corviknight, M|
|poke|p2|Tentacruel, M|
|poke|p2|Darkrai|
|teampreview
|
|t:|1776113037
|teamsize|p1|6
|teamsize|p2|6
|start
|switch|p1a: Sticky Wote|Araquanid, F|100/100
|switch|p2a: Sinistcha|Sinistcha|100/100
|turn|1
|
|t:|1776113042
|move|p2a: Sinistcha|Calm Mind|p2a: Sinistcha
|-boost|p2a: Sinistcha|spa|1
|-boost|p2a: Sinistcha|spd|1
|move|p1a: Sticky Wote|Sticky Web|p2a: Sinistcha
|-sidestart|p2: qw2360713096|move: Sticky Web
|
|upkeep
|turn|2
|
|t:|1776113061
|move|p2a: Sinistcha|Calm Mind|p2a: Sinistcha
|-boost|p2a: Sinistcha|spa|1
|-boost|p2a: Sinistcha|spd|1
|move|p1a: Sticky Wote|Lunge|p2a: Sinistcha
|-damage|p2a: Sinistcha|85/100
|-unboost|p2a: Sinistcha|atk|1
|
|upkeep
|turn|3
|
|t:|1776113072
|move|p2a: Sinistcha|Matcha Gotcha|p1a: Sticky Wote
|-damage|p1a: Sticky Wote|47/100
|-heal|p2a: Sinistcha|100/100|[from] drain|[of] p1a: Sticky Wote
|move|p1a: Sticky Wote|Lunge|p2a: Sinistcha
|-damage|p2a: Sinistcha|85/100
|-unboost|p2a: Sinistcha|atk|1
|
|upkeep
|turn|4
|
|t:|1776113082
|move|p2a: Sinistcha|Matcha Gotcha|p1a: Sticky Wote
|-crit|p1a: Sticky Wote
|-damage|p1a: Sticky Wote|0 fnt
|-heal|p2a: Sinistcha|100/100|[from] drain|[of] p1a: Sticky Wote
|faint|p1a: Sticky Wote
|
|upkeep
|
|t:|1776113109
|switch|p1a: Red Bull|Tauros-Paldea-Blaze, M|100/100
|-ability|p1a: Red Bull|Intimidate|boost
|-unboost|p2a: Sinistcha|atk|1
|turn|5
|
|t:|1776113117
|-terastallize|p2a: Sinistcha|Fairy
|move|p1a: Red Bull|Flare Blitz|p2a: Sinistcha
|-damage|p2a: Sinistcha|81/100
|-damage|p1a: Red Bull|93/100|[from] Recoil
|move|p2a: Sinistcha|Shadow Ball|p1a: Red Bull
|-damage|p1a: Red Bull|0 fnt
|faint|p1a: Red Bull
|
|upkeep
|
|t:|1776113121
|switch|p1a: Belladonna|Kingambit, F, shiny|100/100
|-activate|p1a: Belladonna|ability: Supreme Overlord
|-start|p1a: Belladonna|fallen2|[silent]
|turn|6
|
|t:|1776113130
|move|p1a: Belladonna|Iron Head|p2a: Sinistcha
|-supereffective|p2a: Sinistcha
|-damage|p2a: Sinistcha|4/100
|cant|p2a: Sinistcha|flinch
|
|upkeep
|turn|7
|
|t:|1776113135
|move|p1a: Belladonna|Iron Head|p2a: Sinistcha
|-supereffective|p2a: Sinistcha
|-damage|p2a: Sinistcha|0 fnt
|faint|p2a: Sinistcha
|
|upkeep
|
|t:|1776113141
|switch|p2a: Heatran|Heatran, M|100/100
|-activate|p2a: Heatran|move: Sticky Web
|-unboost|p2a: Heatran|spe|1
|turn|8
|
|t:|1776113147
|-end|p1a: Belladonna|fallen2|[silent]
|switch|p1a: Chudorus-Therian|Landorus-Therian, M|100/100
|-ability|p1a: Chudorus-Therian|Intimidate|boost
|-unboost|p2a: Heatran|atk|1
|move|p2a: Heatran|Stealth Rock|p1a: Chudorus-Therian
|-sidestart|p1: Otiplay|move: Stealth Rock
|
|upkeep
|turn|9
|
|t:|1776113157
|switch|p2a: Gliscor|Gliscor, M|100/100
|move|p1a: Chudorus-Therian|Stealth Rock|p2a: Gliscor
|-sidestart|p2: qw2360713096|move: Stealth Rock
|
|-status|p2a: Gliscor|tox|[from] item: Toxic Orb
|upkeep
|turn|10
|
|t:|1776113175
|move|p1a: Chudorus-Therian|U-turn|p2a: Gliscor
|-resisted|p2a: Gliscor
|-damage|p2a: Gliscor|90/100 tox
|
|t:|1776113192
|switch|p1a: Belladonna|Kingambit, F, shiny|100/100|[from] U-turn
|-damage|p1a: Belladonna|94/100|[from] Stealth Rock
|-activate|p1a: Belladonna|ability: Supreme Overlord
|-start|p1a: Belladonna|fallen2|[silent]
|move|p2a: Gliscor|Knock Off|p1a: Belladonna
|-resisted|p1a: Belladonna
|-damage|p1a: Belladonna|85/100
|-enditem|p1a: Belladonna|Black Glasses|[from] move: Knock Off|[of] p2a: Gliscor
|
|-heal|p2a: Gliscor|100/100 tox|[from] ability: Poison Heal
|upkeep
|turn|11
|
|t:|1776113204
|-terastallize|p1a: Belladonna|Flying
|move|p2a: Gliscor|Spikes|p1a: Belladonna
|-sidestart|p1: Otiplay|Spikes
|move|p1a: Belladonna|Swords Dance|p1a: Belladonna
|-boost|p1a: Belladonna|atk|2
|
|upkeep
|turn|12
|
|t:|1776113227
|move|p2a: Gliscor|Spikes|p1a: Belladonna
|-sidestart|p1: Otiplay|Spikes
|move|p1a: Belladonna|Swords Dance|p1a: Belladonna
|-boost|p1a: Belladonna|atk|2
|
|upkeep
|turn|13
|
|t:|1776113234
|move|p2a: Gliscor|Spikes|p1a: Belladonna
|-sidestart|p1: Otiplay|Spikes
|move|p1a: Belladonna|Iron Head|p2a: Gliscor
|-damage|p2a: Gliscor|0 fnt
|faint|p2a: Gliscor
|
|upkeep
|
|t:|1776113242
|switch|p2a: Corviknight|Corviknight, M|100/100
|-damage|p2a: Corviknight|88/100|[from] Stealth Rock
|-ability|p2a: Corviknight|Pressure
|turn|14
|
|t:|1776113249
|move|p1a: Belladonna|Kowtow Cleave|p2a: Corviknight
|-damage|p2a: Corviknight|0 fnt
|-damage|p1a: Belladonna|68/100|[from] item: Rocky Helmet|[of] p2a: Corviknight
|faint|p2a: Corviknight
|
|upkeep
|
|t:|1776113254
|switch|p2a: Heatran|Heatran, M|100/100
|-activate|p2a: Heatran|move: Sticky Web
|-unboost|p2a: Heatran|spe|1
|-damage|p2a: Heatran|88/100|[from] Stealth Rock
|turn|15
|c|☆Otiplay|big boi
|
|t:|1776113262
|move|p1a: Belladonna|Sucker Punch|p2a: Heatran
|-damage|p2a: Heatran|0 fnt
|faint|p2a: Heatran
|
|upkeep
|
|t:|1776113270
|switch|p2a: Darkrai|Darkrai|100/100
|-activate|p2a: Darkrai|move: Sticky Web
|-unboost|p2a: Darkrai|spe|1
|-damage|p2a: Darkrai|88/100|[from] Stealth Rock
|turn|16
|c|☆Otiplay|gigachad
|
|t:|1776113280
|move|p2a: Darkrai|Sucker Punch|p1a: Belladonna
|-damage|p1a: Belladonna|47/100
|move|p1a: Belladonna|Kowtow Cleave|p2a: Darkrai
|-resisted|p2a: Darkrai
|-crit|p2a: Darkrai
|-damage|p2a: Darkrai|0 fnt
|faint|p2a: Darkrai
|
|upkeep
|
|t:|1776113285
|switch|p2a: Tentacruel|Tentacruel, M, shiny|100/100
|turn|17
|c|☆Otiplay|gg
|
|t:|1776113293
|move|p2a: Tentacruel|Surf|p1a: Belladonna
|-crit|p1a: Belladonna
|-damage|p1a: Belladonna|0 fnt
|faint|p1a: Belladonna
|-end|p1a: Belladonna|fallen2|[silent]
|
|upkeep
|
|t:|1776113296
|switch|p1a: Blunderus-Therian|Thundurus-Therian, M|100/100
|-damage|p1a: Blunderus-Therian|76/100|[from] Stealth Rock
|turn|18
|
|t:|1776113302
|move|p1a: Blunderus-Therian|Thunderbolt|p2a: Tentacruel
|-supereffective|p2a: Tentacruel
|-damage|p2a: Tentacruel|0 fnt
|faint|p2a: Tentacruel
|
|win|Otiplay
|raw|Otiplay's rating: 1411 &rarr; <strong>1433</strong><br />(+22 for winning)
|raw|qw2360713096's rating: 1438 &rarr; <strong>1416</strong><br />(-22 for losing)
|l|☆qw2360713096
|player|p2|
|l|☆Otiplay
|player|p1|
