|html|<div class="broadcast-blue"><strong>[Gen 9] OU is currently suspecting Tera Blast! For information on how to participate check out the <a href="https://www.smogon.com/tools/suspects/view/200">suspect thread</a>.</strong></div>
|j|☆mastersannin
|j|☆Jean-Terablast
|t:|1776256136
|gametype|singles
|player|p1|mastersannin|102|1727
|player|p2|Jean-Terablast|blaine|1740
|gen|9
|tier|[Gen 9] OU
|rated|
|rule|HP Percentage Mod: HP is shown in percentages
|rule|Endless Battle Clause: Forcing endless battles is banned
|rule|Species Clause: Limit one of each Pokémon
|rule|OHKO Clause: OHKO moves are banned
|rule|Evasion Items Clause: Evasion items are banned
|rule|Evasion Moves Clause: Evasion moves are banned
|rule|Evasion Abilities Clause: Evasion abilities are banned
|rule|Sleep Moves Clause: Sleep-inducing moves are banned
|clearpoke
|poke|p1|Samurott-Hisui, F|
|poke|p1|Zapdos|
|poke|p1|Iron Treads|
|poke|p1|Ceruledge, M|
|poke|p1|Gholdengo|
|poke|p1|Kingambit, M|
|poke|p2|Hatterene, F|
|poke|p2|Farigiraf, F|
|poke|p2|Mimikyu, F|
|poke|p2|Ursaluna, M|
|poke|p2|Slither Wing|
|poke|p2|Torkoal, F|
|teampreview
|j| Foxi4
|
|t:|1776256145
|teamsize|p1|6
|teamsize|p2|6
|start
|switch|p1a: Samurott|Samurott-Hisui, F|100/100
|switch|p2a: Grosse Mite|Slither Wing|100/100
|turn|1
|l| Foxi4
|
|t:|1776256156
|-terastallize|p1a: Samurott|Poison
|move|p1a: Samurott|Razor Shell|p2a: Grosse Mite
|-damage|p2a: Grosse Mite|51/100
|-unboost|p2a: Grosse Mite|def|1
|move|p2a: Grosse Mite|U-turn|p1a: Samurott
|-resisted|p1a: Samurott
|-damage|p1a: Samurott|68/100
|
|t:|1776256164
|-end|p2a: Grosse Mite|Protosynthesis|[silent]
|switch|p2a: Chapi Chapo|Hatterene, F|100/100|[from] U-turn
|
|upkeep
|turn|2
|
|t:|1776256167
|move|p1a: Samurott|Ceaseless Edge|p2a: Chapi Chapo
|-damage|p2a: Chapi Chapo|51/100
|-sidestart|p2: Jean-Terablast|Spikes
|move|p2a: Chapi Chapo|Trick Room|p2a: Chapi Chapo
|-fieldstart|move: Trick Room|[of] p2a: Chapi Chapo
|
|upkeep
|turn|3
|
|t:|1776256177
|move|p2a: Chapi Chapo|Healing Wish|p2a: Chapi Chapo
|faint|p2a: Chapi Chapo
|move|p1a: Samurott|Ceaseless Edge|p2: Chapi Chapo|[notarget]
|-fail|p1a: Samurott
|
|upkeep
|
|t:|1776256181
|switch|p2a: Petit Ours Brun|Ursaluna, M|100/100
|-damage|p2a: Petit Ours Brun|88/100|[from] Spikes
|turn|4
|
|t:|1776256186
|move|p2a: Petit Ours Brun|Swords Dance|p2a: Petit Ours Brun
|-boost|p2a: Petit Ours Brun|atk|2
|move|p1a: Samurott|Knock Off|p2a: Petit Ours Brun
|-damage|p2a: Petit Ours Brun|57/100
|-enditem|p2a: Petit Ours Brun|Flame Orb|[from] move: Knock Off|[of] p1a: Samurott
|
|upkeep
|turn|5
|
|t:|1776256194
|switch|p1a: Zapdos|Zapdos|100/100
|move|p2a: Petit Ours Brun|Crunch|p1a: Zapdos
|-damage|p1a: Zapdos|53/100
|-status|p2a: Petit Ours Brun|par|[from] ability: Static|[of] p1a: Zapdos
|
|upkeep
|turn|6
|
|t:|1776256201
|cant|p2a: Petit Ours Brun|par
|move|p1a: Zapdos|Roost|p1a: Zapdos
|-heal|p1a: Zapdos|100/100
|-singleturn|p1a: Zapdos|move: Roost
|
|-fieldend|move: Trick Room
|upkeep
|turn|7
|
|t:|1776256207
|move|p1a: Zapdos|Hurricane|p2a: Petit Ours Brun|[miss]
|-miss|p1a: Zapdos|p2a: Petit Ours Brun
|move|p2a: Petit Ours Brun|Facade|p1a: Zapdos
|-damage|p1a: Zapdos|0 fnt
|faint|p1a: Zapdos
|
|upkeep
|
|t:|1776256216
|switch|p1a: Kingambit|Kingambit, M|100/100
|-activate|p1a: Kingambit|ability: Supreme Overlord
|-start|p1a: Kingambit|fallen1|[silent]
|turn|8
|
|t:|1776256222
|move|p1a: Kingambit|Low Kick|p2a: Petit Ours Brun
|-supereffective|p2a: Petit Ours Brun
|-damage|p2a: Petit Ours Brun|0 fnt
|faint|p2a: Petit Ours Brun
|
|upkeep
|
|t:|1776256227
|switch|p2a: Grosse Mite|Slither Wing|51/100
|-heal|p2a: Grosse Mite|100/100|[from] move: Healing Wish
|-damage|p2a: Grosse Mite|88/100|[from] Spikes
|turn|9
|
|t:|1776256236
|-end|p1a: Kingambit|fallen1|[silent]
|switch|p1a: Samurott|Samurott-Hisui, F, tera:Poison|68/100
|move|p2a: Grosse Mite|U-turn|p1a: Samurott
|-resisted|p1a: Samurott
|-damage|p1a: Samurott|33/100
|
|t:|1776256244
|-end|p2a: Grosse Mite|Protosynthesis|[silent]
|switch|p2a: Mimie Mathy|Mimikyu, F|100/100|[from] U-turn
|-damage|p2a: Mimie Mathy|88/100|[from] Spikes
|
|upkeep
|turn|10
|
|t:|1776256254
|move|p2a: Mimie Mathy|Shadow Sneak|p1a: Samurott
|-damage|p1a: Samurott|7/100
|-damage|p2a: Mimie Mathy|78/100|[from] item: Life Orb
|move|p1a: Samurott|Knock Off|p2a: Mimie Mathy
|-activate|p2a: Mimie Mathy|ability: Disguise
|-damage|p2a: Mimie Mathy|78/100
|-enditem|p2a: Mimie Mathy|Life Orb|[from] move: Knock Off|[of] p1a: Samurott
|detailschange|p2a: Mimie Mathy|Mimikyu-Busted, F
|-damage|p2a: Mimie Mathy|66/100|[from] pokemon: Mimikyu-Busted
|
|upkeep
|turn|11
|
|t:|1776256264
|move|p1a: Samurott|Sucker Punch||[still]
|-fail|p1a: Samurott
|move|p2a: Mimie Mathy|Trick Room|p2a: Mimie Mathy
|-fieldstart|move: Trick Room|[of] p2a: Mimie Mathy
|
|upkeep
|turn|12
|j| Copoy
|
|t:|1776256271
|move|p2a: Mimie Mathy|Shadow Sneak|p1a: Samurott
|-damage|p1a: Samurott|0 fnt
|faint|p1a: Samurott
|
|upkeep
|j| Cameltony000
|
|t:|1776256302
|switch|p1a: Iron Treads|Iron Treads|100/100
|turn|13
|
|t:|1776256309
|move|p2a: Mimie Mathy|Curse|p1a: Iron Treads
|-start|p1a: Iron Treads|Curse|[of] p2a: Mimie Mathy
|-damage|p2a: Mimie Mathy|16/100
|move|p1a: Iron Treads|Earthquake|p2a: Mimie Mathy
|-damage|p2a: Mimie Mathy|0 fnt
|faint|p2a: Mimie Mathy
|
|-damage|p1a: Iron Treads|76/100|[from] Curse
|upkeep
|
|t:|1776256318
|switch|p2a: Etna|Torkoal, F|100/100
|-damage|p2a: Etna|88/100|[from] Spikes
|-weather|SunnyDay|[from] ability: Drought|[of] p2a: Etna
|turn|14
|
|t:|1776256340
|move|p2a: Etna|Earth Power|p1a: Iron Treads
|-supereffective|p1a: Iron Treads
|-damage|p1a: Iron Treads|0 fnt
|faint|p1a: Iron Treads
|-end|p1a: Iron Treads|Quark Drive|[silent]
|
|-weather|SunnyDay|[upkeep]
|upkeep
|
|t:|1776256346
|switch|p1a: Ceruledge|Ceruledge, M|100/100
|turn|15
|
|t:|1776256349
|move|p2a: Etna|Earth Power|p1a: Ceruledge
|-supereffective|p1a: Ceruledge
|-damage|p1a: Ceruledge|19/100
|-unboost|p1a: Ceruledge|spd|1
|move|p1a: Ceruledge|Swords Dance|p1a: Ceruledge
|-boost|p1a: Ceruledge|atk|2
|
|-weather|SunnyDay|[upkeep]
|-fieldend|move: Trick Room
|upkeep
|turn|16
|
|t:|1776256359
|move|p1a: Ceruledge|Poltergeist|p2a: Etna|[miss]
|-miss|p1a: Ceruledge|p2a: Etna
|move|p2a: Etna|Earth Power|p1a: Ceruledge
|-supereffective|p1a: Ceruledge
|-damage|p1a: Ceruledge|0 fnt
|faint|p1a: Ceruledge
|
|-weather|SunnyDay|[upkeep]
|upkeep
|
|t:|1776256365
|switch|p1a: Gholdengo|Gholdengo|100/100
|-item|p1a: Gholdengo|Air Balloon
|turn|17
|
|t:|1776256371
|switch|p2a: Grosse Mite|Slither Wing|88/100
|-damage|p2a: Grosse Mite|76/100|[from] Spikes
|-activate|p2a: Grosse Mite|ability: Protosynthesis
|-start|p2a: Grosse Mite|protosynthesisatk
|move|p1a: Gholdengo|Thunder Wave|p2a: Grosse Mite
|-status|p2a: Grosse Mite|par
|
|-weather|SunnyDay|[upkeep]
|upkeep
|turn|18
|
|t:|1776256381
|move|p1a: Gholdengo|Hex|p2a: Grosse Mite
|-damage|p2a: Grosse Mite|18/100 par
|cant|p2a: Grosse Mite|par
|
|-weather|none
|-end|p2a: Grosse Mite|Protosynthesis
|upkeep
|turn|19
|
|t:|1776256390
|-end|p2a: Grosse Mite|Protosynthesis|[silent]
|switch|p2a: Sophie|Farigiraf, F|100/100
|-damage|p2a: Sophie|88/100|[from] Spikes
|move|p1a: Gholdengo|Hex|p2a: Sophie
|-immune|p2a: Sophie
|
|upkeep
|turn|20
|
|t:|1776256397
|move|p1a: Gholdengo|Thunder Wave|p2a: Sophie|[miss]
|-miss|p1a: Gholdengo|p2a: Sophie
|move|p2a: Sophie|Trick Room|p2a: Sophie
|-fieldstart|move: Trick Room|[of] p2a: Sophie
|
|upkeep
|turn|21
|j| Dogedgr8
|
|t:|1776256402
|switch|p2a: Grosse Mite|Slither Wing|18/100 par
|-damage|p2a: Grosse Mite|6/100 par|[from] Spikes
|move|p1a: Gholdengo|Thunder Wave|p2a: Grosse Mite
|-fail|p2a: Grosse Mite|par
|
|upkeep
|turn|22
|
|t:|1776256411
|move|p2a: Grosse Mite|Flare Blitz|p1a: Gholdengo
|-supereffective|p1a: Gholdengo
|-damage|p1a: Gholdengo|0 fnt
|-enditem|p1a: Gholdengo|Air Balloon
|faint|p1a: Gholdengo
|-damage|p2a: Grosse Mite|0 fnt|[from] Recoil
|faint|p2a: Grosse Mite
|-end|p2a: Grosse Mite|Protosynthesis|[silent]
|
|upkeep
|
|t:|1776256418
|switch|p2a: Etna|Torkoal, F|88/100
|switch|p1a: Kingambit|Kingambit, M|100/100
|-damage|p2a: Etna|75/100|[from] Spikes
|-weather|SunnyDay|[from] ability: Drought|[of] p2a: Etna
|-activate|p1a: Kingambit|ability: Supreme Overlord
|-start|p1a: Kingambit|fallen5|[silent]
|turn|23
|
|t:|1776256426
|-terastallize|p2a: Etna|Fire
|move|p1a: Kingambit|Sucker Punch|p2a: Etna
|-damage|p2a: Etna|32/100
|move|p2a: Etna|Flamethrower|p1a: Kingambit
|-supereffective|p1a: Kingambit
|-damage|p1a: Kingambit|0 fnt
|faint|p1a: Kingambit
|-end|p1a: Kingambit|fallen5|[silent]
|
|win|Jean-Terablast
|raw|mastersannin's rating: 1727 &rarr; <strong>1708</strong><br />(-19 for losing)
|raw|Jean-Terablast's rating: 1740 &rarr; <strong>1759</strong><br />(+19 for winning)
|l|☆mastersannin
|player|p1|
