|html|<div class="broadcast-blue"><strong>[Gen 9] OU is currently suspecting Tera Blast! For information on how to participate check out the <a href="https://www.smogon.com/tools/suspects/view/200">suspect thread</a>.</strong></div>
|j|☆findamental
|j|☆ash_ketchum_10293
|t:|1776072238
|gametype|singles
|player|p1|findamental|plasmagrunt|1188
|player|p2|ash_ketchum_10293|lucas|1180
|gen|9
|tier|[Gen 9] OU
|rated|
|rule|HP Percentage Mod: HP is shown in percentages
|rule|Endless Battle Clause: Forcing endless battles is banned
|rule|Species Clause: Limit one of each Pokémon
|rule|OHKO Clause: OHKO moves are banned
|rule|Evasion Items Clause: Evasion items are banned
|rule|Evasion Moves Clause: Evasion moves are banned
|rule|Evasion Abilities Clause: Evasion abilities are banned
|rule|Sleep Moves Clause: Sleep-inducing moves are banned
|clearpoke
|poke|p1|Raikou|
|poke|p1|Entei|
|poke|p1|Regirock|
|poke|p1|Registeel|
|poke|p1|Regice|
|poke|p1|Suicune|
|poke|p2|Charizard, M|
|poke|p2|Rillaboom, M|
|poke|p2|Greninja-*, M|
|poke|p2|Clodsire, M|
|poke|p2|Gardevoir, F|
|poke|p2|Lucario, M|
|teampreview
|inactive|Battle timer is ON: inactive players will automatically lose when time's up. (requested by ash_ketchum_10293)
|c|☆findamental|glhgf
|
|t:|1776072249
|teamsize|p1|6
|teamsize|p2|6
|start
|switch|p1a: Entei|Entei|100/100
|switch|p2a: Greninja|Greninja, M|100/100
|turn|1
|
|t:|1776072264
|switch|p1a: Registeel|Registeel|100/100
|move|p2a: Greninja|Surf|p1a: Registeel
|-crit|p1a: Registeel
|-damage|p1a: Registeel|69/100
|-damage|p2a: Greninja|91/100|[from] item: Life Orb
|
|upkeep
|turn|2
|
|t:|1776072277
|move|p2a: Greninja|Surf|p1a: Registeel
|-damage|p1a: Registeel|44/100
|-damage|p2a: Greninja|81/100|[from] item: Life Orb
|move|p1a: Registeel|Charge Beam|p2a: Greninja
|-supereffective|p2a: Greninja
|-damage|p2a: Greninja|53/100
|-boost|p1a: Registeel|spa|1
|
|upkeep
|turn|3
|
|t:|1776072285
|move|p2a: Greninja|Dark Pulse|p1a: Registeel
|-damage|p1a: Registeel|25/100
|-damage|p2a: Greninja|44/100|[from] item: Life Orb
|move|p1a: Registeel|Body Press|p2a: Greninja
|-supereffective|p2a: Greninja
|-damage|p2a: Greninja|0 fnt
|faint|p2a: Greninja
|
|upkeep
|
|t:|1776072291
|switch|p2a: Charizard|Charizard, M|100/100
|turn|4
|
|t:|1776072296
|-terastallize|p1a: Registeel|Water
|move|p2a: Charizard|Flamethrower|p1a: Registeel
|-resisted|p1a: Registeel
|-damage|p1a: Registeel|16/100
|move|p1a: Registeel|Charge Beam|p2a: Charizard
|-supereffective|p2a: Charizard
|-damage|p2a: Charizard|63/100
|
|upkeep
|turn|5
|
|t:|1776072304
|move|p2a: Charizard|Air Slash|p1a: Registeel
|-damage|p1a: Registeel|0 fnt
|faint|p1a: Registeel
|
|upkeep
|
|t:|1776072308
|switch|p1a: Suicune|Suicune|100/100
|-ability|p1a: Suicune|Pressure
|turn|6
|
|t:|1776072318
|switch|p2a: Rillaboom|Rillaboom, M|100/100
|-fieldstart|move: Grassy Terrain|[from] ability: Grassy Surge|[of] p2a: Rillaboom
|move|p1a: Suicune|Ice Beam|p2a: Rillaboom
|-supereffective|p2a: Rillaboom
|-damage|p2a: Rillaboom|43/100
|
|-heal|p2a: Rillaboom|49/100|[from] Grassy Terrain
|-heal|p2a: Rillaboom|55/100|[from] item: Leftovers
|upkeep
|turn|7
|
|t:|1776072329
|move|p2a: Rillaboom|Grassy Glide|p1a: Suicune
|-supereffective|p1a: Suicune
|-damage|p1a: Suicune|55/100
|move|p1a: Suicune|Ice Beam|p2a: Rillaboom
|-supereffective|p2a: Rillaboom
|-damage|p2a: Rillaboom|0 fnt
|faint|p2a: Rillaboom
|
|-heal|p1a: Suicune|62/100|[from] Grassy Terrain
|-heal|p1a: Suicune|68/100|[from] item: Leftovers
|upkeep
|
|t:|1776072339
|switch|p2a: Lucario|Lucario, M|100/100
|turn|8
|
|t:|1776072344
|move|p2a: Lucario|Thunder Punch|p1a: Suicune
|-supereffective|p1a: Suicune
|-damage|p1a: Suicune|21/100
|-damage|p2a: Lucario|91/100|[from] item: Life Orb
|move|p1a: Suicune|Scald|p2a: Lucario
|-damage|p2a: Lucario|35/100
|
|-heal|p2a: Lucario|41/100|[from] Grassy Terrain
|-heal|p1a: Suicune|27/100|[from] Grassy Terrain
|-heal|p1a: Suicune|33/100|[from] item: Leftovers
|upkeep
|turn|9
|
|t:|1776072355
|switch|p1a: Diego|Raikou|100/100
|move|p2a: Lucario|Thunder Punch|p1a: Diego
|-resisted|p1a: Diego
|-damage|p1a: Diego|78/100
|-damage|p2a: Lucario|31/100|[from] item: Life Orb
|
|-heal|p1a: Diego|85/100|[from] Grassy Terrain
|-heal|p2a: Lucario|37/100|[from] Grassy Terrain
|upkeep
|turn|10
|
|t:|1776072363
|switch|p1a: UN UN UN UN|Regirock|100/100
|switch|p2a: Clodsire|Clodsire, M|100/100
|
|-fieldend|move: Grassy Terrain
|upkeep
|turn|11
|
|t:|1776072371
|move|p1a: UN UN UN UN|Earthquake|p2a: Clodsire
|-supereffective|p2a: Clodsire
|-damage|p2a: Clodsire|29/100
|move|p2a: Clodsire|Stealth Rock|p1a: UN UN UN UN
|-sidestart|p1: findamental|move: Stealth Rock
|
|-heal|p2a: Clodsire|36/100|[from] item: Black Sludge
|upkeep
|turn|12
|
|t:|1776072378
|switch|p2a: Charizard|Charizard, M|63/100
|move|p1a: UN UN UN UN|Stone Edge|p2a: Charizard
|-supereffective|p2a: Charizard
|-crit|p2a: Charizard
|-damage|p2a: Charizard|0 fnt
|faint|p2a: Charizard
|
|upkeep
|
|t:|1776072385
|switch|p2a: Gardevoir|Gardevoir, F|100/100
|-ability|p2a: Gardevoir|Clear Body|Trace|[from] ability: Trace|[of] p1a: UN UN UN UN
|turn|13
|
|t:|1776072389
|move|p2a: Gardevoir|Psychic|p1a: UN UN UN UN
|-damage|p1a: UN UN UN UN|61/100
|move|p1a: UN UN UN UN|Earthquake|p2a: Gardevoir
|-damage|p2a: Gardevoir|48/100
|
|-heal|p1a: UN UN UN UN|67/100|[from] item: Leftovers
|upkeep
|turn|14
|
|t:|1776072394
|move|p2a: Gardevoir|Psychic|p1a: UN UN UN UN
|-damage|p1a: UN UN UN UN|20/100
|move|p1a: UN UN UN UN|Earthquake|p2a: Gardevoir
|-damage|p2a: Gardevoir|0 fnt
|faint|p2a: Gardevoir
|
|-heal|p1a: UN UN UN UN|26/100|[from] item: Leftovers
|upkeep
|
|t:|1776072397
|switch|p2a: Lucario|Lucario, M|37/100
|turn|15
|
|t:|1776072401
|move|p2a: Lucario|Close Combat|p1a: UN UN UN UN
|-supereffective|p1a: UN UN UN UN
|-damage|p1a: UN UN UN UN|0 fnt
|-unboost|p2a: Lucario|def|1
|-unboost|p2a: Lucario|spd|1
|faint|p1a: UN UN UN UN
|-damage|p2a: Lucario|27/100|[from] item: Life Orb
|
|upkeep
|
|t:|1776072402
|switch|p1a: Entei|Entei|100/100
|-damage|p1a: Entei|75/100|[from] Stealth Rock
|turn|16
|
|t:|1776072412
|move|p1a: Entei|Sacred Fire|p2a: Lucario
|-supereffective|p2a: Lucario
|-damage|p2a: Lucario|0 fnt
|faint|p2a: Lucario
|
|upkeep
|
|t:|1776072416
|switch|p2a: Clodsire|Clodsire, M|36/100
|turn|17
|
|t:|1776072421
|move|p1a: Entei|Sacred Fire|p2a: Clodsire
|-damage|p2a: Clodsire|0 fnt
|faint|p2a: Clodsire
|
|win|findamental
|raw|findamental's rating: 1188 &rarr; <strong>1212</strong><br />(+24 for winning)
|raw|ash_ketchum_10293's rating: 1180 &rarr; <strong>1156</strong><br />(-24 for losing)
|l|☆ash_ketchum_10293
|player|p2|
|l|☆findamental
|player|p1|
