|html|<div class="broadcast-blue"><strong>[Gen 9] OU is currently suspecting Tera Blast! For information on how to participate check out the <a href="https://www.smogon.com/tools/suspects/view/200">suspect thread</a>.</strong></div>
|j|☆boss30gamer
|j|☆capricolt
|t:|1776192870
|gametype|singles
|player|p1|boss30gamer|skier|1077
|player|p2|capricolt|fantina|1068
|gen|9
|tier|[Gen 9] OU
|rated|
|rule|HP Percentage Mod: HP is shown in percentages
|rule|Endless Battle Clause: Forcing endless battles is banned
|rule|Species Clause: Limit one of each Pokémon
|rule|OHKO Clause: OHKO moves are banned
|rule|Evasion Items Clause: Evasion items are banned
|rule|Evasion Moves Clause: Evasion moves are banned
|rule|Evasion Abilities Clause: Evasion abilities are banned
|rule|Sleep Moves Clause: Sleep-inducing moves are banned
|clearpoke
|poke|p1|Kingambit, F|
|poke|p1|Iron Moth|
|poke|p1|Maushold-Four|
|poke|p1|Rillaboom, M|
|poke|p1|Basculegion, M|
|poke|p1|Necrozma|
|poke|p2|Cinderace, M|
|poke|p2|Meowscarada, M|
|poke|p2|Goodra-Hisui, M|
|poke|p2|Kingambit, F|
|poke|p2|Corviknight, F|
|poke|p2|Mamoswine, M|
|teampreview
|inactive|Battle timer is ON: inactive players will automatically lose when time's up. (requested by capricolt)
|
|t:|1776192879
|teamsize|p1|6
|teamsize|p2|6
|start
|switch|p1a: Necrozma|Necrozma, shiny|100/100
|switch|p2a: Goodra|Goodra-Hisui, M|100/100
|turn|1
|inactive|boss30gamer has 120 seconds left.
|
|t:|1776192918
|move|p1a: Necrozma|Dragon Dance|p1a: Necrozma
|-boost|p1a: Necrozma|atk|1
|-boost|p1a: Necrozma|spe|1
|move|p2a: Goodra|Dragon Tail|p1a: Necrozma
|-damage|p1a: Necrozma|81/100
|drag|p1a: Fantastic Four|Maushold-Four|100/100
|
|upkeep
|turn|2
|inactive|boss30gamer has 120 seconds left.
|
|t:|1776192927
|move|p1a: Fantastic Four|Encore|p2a: Goodra
|-start|p2a: Goodra|Encore
|move|p2a: Goodra|Dragon Tail|p1a: Fantastic Four
|-damage|p1a: Fantastic Four|69/100
|drag|p1a: Fireball|Iron Moth|100/100
|-enditem|p1a: Fireball|Booster Energy
|-activate|p1a: Fireball|ability: Quark Drive|[fromitem]
|-start|p1a: Fireball|quarkdrivespe
|
|upkeep
|turn|3
|inactive|boss30gamer has 120 seconds left.
|
|t:|1776192938
|move|p1a: Fireball|Whirlwind|p2a: Goodra
|drag|p2a: Corviknight|Corviknight, F|100/100
|
|upkeep
|turn|4
|
|t:|1776192949
|switch|p2a: Goodra|Goodra-Hisui, M|100/100
|move|p1a: Fireball|Fiery Dance|p2a: Goodra
|-damage|p2a: Goodra|73/100
|-boost|p1a: Fireball|spa|1
|
|upkeep
|turn|5
|
|t:|1776192958
|move|p1a: Fireball|Fiery Dance|p2a: Goodra
|-damage|p2a: Goodra|34/100
|-boost|p1a: Fireball|spa|1
|move|p2a: Goodra|Dragon Tail|p1a: Fireball
|-crit|p1a: Fireball
|-damage|p1a: Fireball|48/100
|-end|p1a: Fireball|Quark Drive|[silent]
|drag|p1a: Necrozma|Necrozma, shiny|81/100
|
|upkeep
|turn|6
|
|t:|1776192980
|move|p1a: Necrozma|Dragon Pulse|p2a: Goodra
|-damage|p2a: Goodra|17/100
|move|p2a: Goodra|Blizzard|p1a: Necrozma
|-damage|p1a: Necrozma|48/100
|-status|p1a: Necrozma|frz
|
|upkeep
|turn|7
|
|t:|1776192995
|cant|p1a: Necrozma|frz
|move|p2a: Goodra|Hydro Pump|p1a: Necrozma
|-damage|p1a: Necrozma|15/100 frz
|
|upkeep
|turn|8
|
|t:|1776193000
|-curestatus|p1a: Necrozma|frz|[msg]
|move|p1a: Necrozma|Photon Geyser|p2a: Goodra
|-resisted|p2a: Goodra
|-damage|p2a: Goodra|4/100
|move|p2a: Goodra|Hydro Pump|p1a: Necrozma
|-damage|p1a: Necrozma|0 fnt
|faint|p1a: Necrozma
|
|upkeep
|
|t:|1776193005
|switch|p1a: Fireball|Iron Moth|48/100
|turn|9
|
|t:|1776193021
|move|p1a: Fireball|Flame Charge|p2a: Goodra
|-damage|p2a: Goodra|0 fnt
|-boost|p1a: Fireball|spe|1
|faint|p2a: Goodra
|
|upkeep
|inactive|capricolt has 120 seconds left.
|
|t:|1776193052
|switch|p2a: Mamoswine|Mamoswine, M|100/100
|turn|10
|
|t:|1776193059
|move|p1a: Fireball|Fiery Dance|p2a: Mamoswine
|-supereffective|p2a: Mamoswine
|-crit|p2a: Mamoswine
|-damage|p2a: Mamoswine|48/100
|-boost|p1a: Fireball|spa|1
|move|p2a: Mamoswine|Earthquake|p1a: Fireball
|-supereffective|p1a: Fireball
|-damage|p1a: Fireball|0 fnt
|faint|p1a: Fireball
|-end|p1a: Fireball|Quark Drive|[silent]
|
|upkeep
|
|t:|1776193063
|switch|p1a: Rillaboom|Rillaboom, M|100/100
|-fieldstart|move: Grassy Terrain|[from] ability: Grassy Surge|[of] p1a: Rillaboom
|turn|11
|inactive|capricolt has 120 seconds left.
|
|t:|1776193079
|move|p2a: Mamoswine|Ice Shard|p1a: Rillaboom
|-supereffective|p1a: Rillaboom
|-damage|p1a: Rillaboom|47/100
|move|p1a: Rillaboom|Drum Beating|p2a: Mamoswine
|-supereffective|p2a: Mamoswine
|-damage|p2a: Mamoswine|0 fnt
|faint|p2a: Mamoswine
|
|-heal|p1a: Rillaboom|53/100|[from] Grassy Terrain
|upkeep
|
|t:|1776193086
|switch|p2a: Corviknight|Corviknight, F|100/100
|turn|12
|inactive|capricolt has 120 seconds left.
|
|t:|1776193098
|switch|p1a: Magic Missile|Basculegion, M, shiny|100/100
|move|p2a: Corviknight|Brave Bird|p1a: Magic Missile
|-damage|p1a: Magic Missile|53/100
|-damage|p2a: Corviknight|85/100|[from] Recoil
|
|-heal|p1a: Magic Missile|59/100|[from] Grassy Terrain
|-heal|p2a: Corviknight|92/100|[from] item: Leftovers
|upkeep
|turn|13
|inactive|capricolt has 120 seconds left.
|
|t:|1776193107
|move|p1a: Magic Missile|Head Smash|p2a: Corviknight
|-damage|p2a: Corviknight|63/100
|-damage|p1a: Magic Missile|44/100|[from] Recoil
|move|p2a: Corviknight|Bulk Up|p2a: Corviknight
|-boost|p2a: Corviknight|atk|1
|-boost|p2a: Corviknight|def|1
|
|-heal|p1a: Magic Missile|50/100|[from] Grassy Terrain
|-heal|p2a: Corviknight|70/100|[from] item: Leftovers
|upkeep
|turn|14
|
|t:|1776193131
|switch|p1a: Fantastic Four|Maushold-Four|69/100
|move|p2a: Corviknight|Bulk Up|p2a: Corviknight
|-boost|p2a: Corviknight|atk|1
|-boost|p2a: Corviknight|def|1
|
|-heal|p1a: Fantastic Four|75/100|[from] Grassy Terrain
|-heal|p2a: Corviknight|76/100|[from] item: Leftovers
|upkeep
|turn|15
|
|t:|1776193137
|move|p1a: Fantastic Four|Encore|p2a: Corviknight
|-start|p2a: Corviknight|Encore
|move|p2a: Corviknight|Bulk Up|p2a: Corviknight
|-boost|p2a: Corviknight|atk|1
|-boost|p2a: Corviknight|def|1
|
|-heal|p1a: Fantastic Four|82/100|[from] Grassy Terrain
|-heal|p2a: Corviknight|82/100|[from] item: Leftovers
|-fieldend|move: Grassy Terrain
|upkeep
|turn|16
|
|t:|1776193140
|move|p1a: Fantastic Four|Tidy Up|p1a: Fantastic Four
|-boost|p1a: Fantastic Four|atk|1
|-boost|p1a: Fantastic Four|spe|1
|move|p2a: Corviknight|Bulk Up|p2a: Corviknight
|-boost|p2a: Corviknight|atk|1
|-boost|p2a: Corviknight|def|1
|
|-heal|p2a: Corviknight|88/100|[from] item: Leftovers
|upkeep
|turn|17
|
|t:|1776193145
|move|p1a: Fantastic Four|Tidy Up|p1a: Fantastic Four
|-boost|p1a: Fantastic Four|atk|1
|-boost|p1a: Fantastic Four|spe|1
|move|p2a: Corviknight|Bulk Up|p2a: Corviknight
|-boost|p2a: Corviknight|atk|1
|-boost|p2a: Corviknight|def|1
|
|-heal|p2a: Corviknight|95/100|[from] item: Leftovers
|-end|p2a: Corviknight|Encore
|upkeep
|turn|18
|
|t:|1776193152
|move|p1a: Fantastic Four|Encore|p2a: Corviknight
|-start|p2a: Corviknight|Encore
|move|p2a: Corviknight|Bulk Up|p2a: Corviknight
|-boost|p2a: Corviknight|atk|1
|-boost|p2a: Corviknight|def|1
|
|-heal|p2a: Corviknight|100/100|[from] item: Leftovers
|upkeep
|turn|19
|
|t:|1776193159
|move|p1a: Fantastic Four|Tidy Up|p1a: Fantastic Four
|-boost|p1a: Fantastic Four|atk|1
|-boost|p1a: Fantastic Four|spe|1
|move|p2a: Corviknight|Bulk Up|p2a: Corviknight
|-boost|p2a: Corviknight|atk|0
|-boost|p2a: Corviknight|def|0
|
|upkeep
|turn|20
|
|t:|1776193171
|move|p1a: Fantastic Four|Tidy Up|p1a: Fantastic Four
|-boost|p1a: Fantastic Four|atk|1
|-boost|p1a: Fantastic Four|spe|1
|move|p2a: Corviknight|Bulk Up|p2a: Corviknight
|-boost|p2a: Corviknight|atk|0
|-boost|p2a: Corviknight|def|0
|
|-end|p2a: Corviknight|Encore
|upkeep
|turn|21
|
|t:|1776193176
|move|p1a: Fantastic Four|Encore|p2a: Corviknight
|-start|p2a: Corviknight|Encore
|move|p2a: Corviknight|Bulk Up|p2a: Corviknight
|-boost|p2a: Corviknight|atk|0
|-boost|p2a: Corviknight|def|0
|
|upkeep
|turn|22
|
|t:|1776193179
|move|p1a: Fantastic Four|Tidy Up|p1a: Fantastic Four
|-boost|p1a: Fantastic Four|atk|1
|-boost|p1a: Fantastic Four|spe|1
|move|p2a: Corviknight|Bulk Up|p2a: Corviknight
|-boost|p2a: Corviknight|atk|0
|-boost|p2a: Corviknight|def|0
|
|upkeep
|turn|23
|
|t:|1776193181
|move|p1a: Fantastic Four|Tidy Up|p1a: Fantastic Four
|-boost|p1a: Fantastic Four|atk|1
|-boost|p1a: Fantastic Four|spe|1
|move|p2a: Corviknight|Bulk Up|p2a: Corviknight
|-boost|p2a: Corviknight|atk|0
|-boost|p2a: Corviknight|def|0
|
|-end|p2a: Corviknight|Encore
|upkeep
|turn|24
|
|t:|1776193183
|move|p1a: Fantastic Four|Encore|p2a: Corviknight
|-start|p2a: Corviknight|Encore
|move|p2a: Corviknight|Bulk Up|p2a: Corviknight
|-boost|p2a: Corviknight|atk|0
|-boost|p2a: Corviknight|def|0
|
|upkeep
|turn|25
|
|t:|1776193186
|move|p1a: Fantastic Four|Population Bomb|p2a: Corviknight
|-resisted|p2a: Corviknight
|-damage|p2a: Corviknight|97/100
|-resisted|p2a: Corviknight
|-damage|p2a: Corviknight|93/100
|-resisted|p2a: Corviknight
|-damage|p2a: Corviknight|89/100
|-resisted|p2a: Corviknight
|-damage|p2a: Corviknight|86/100
|-resisted|p2a: Corviknight
|-damage|p2a: Corviknight|82/100
|-resisted|p2a: Corviknight
|-damage|p2a: Corviknight|78/100
|-resisted|p2a: Corviknight
|-damage|p2a: Corviknight|74/100
|-resisted|p2a: Corviknight
|-damage|p2a: Corviknight|71/100
|-resisted|p2a: Corviknight
|-damage|p2a: Corviknight|67/100
|-resisted|p2a: Corviknight
|-damage|p2a: Corviknight|63/100
|-hitcount|p2a: Corviknight|10
|move|p2a: Corviknight|Bulk Up|p2a: Corviknight
|-boost|p2a: Corviknight|atk|0
|-boost|p2a: Corviknight|def|0
|
|-heal|p2a: Corviknight|70/100|[from] item: Leftovers
|upkeep
|turn|26
|
|t:|1776193190
|move|p1a: Fantastic Four|Population Bomb|p2a: Corviknight
|-resisted|p2a: Corviknight
|-damage|p2a: Corviknight|66/100
|-resisted|p2a: Corviknight
|-crit|p2a: Corviknight
|-damage|p2a: Corviknight|45/100
|-resisted|p2a: Corviknight
|-damage|p2a: Corviknight|42/100
|-resisted|p2a: Corviknight
|-damage|p2a: Corviknight|38/100
|-resisted|p2a: Corviknight
|-damage|p2a: Corviknight|34/100
|-resisted|p2a: Corviknight
|-damage|p2a: Corviknight|31/100
|-resisted|p2a: Corviknight
|-damage|p2a: Corviknight|27/100
|-resisted|p2a: Corviknight
|-damage|p2a: Corviknight|23/100
|-resisted|p2a: Corviknight
|-damage|p2a: Corviknight|19/100
|-resisted|p2a: Corviknight
|-damage|p2a: Corviknight|16/100
|-hitcount|p2a: Corviknight|10
|move|p2a: Corviknight|Bulk Up|p2a: Corviknight
|-boost|p2a: Corviknight|atk|0
|-boost|p2a: Corviknight|def|0
|
|-heal|p2a: Corviknight|22/100|[from] item: Leftovers
|-end|p2a: Corviknight|Encore
|upkeep
|turn|27
|
|t:|1776193192
|move|p1a: Fantastic Four|Population Bomb|p2a: Corviknight
|-resisted|p2a: Corviknight
|-damage|p2a: Corviknight|18/100
|-resisted|p2a: Corviknight
|-damage|p2a: Corviknight|14/100
|-resisted|p2a: Corviknight
|-damage|p2a: Corviknight|11/100
|-resisted|p2a: Corviknight
|-damage|p2a: Corviknight|7/100
|-resisted|p2a: Corviknight
|-damage|p2a: Corviknight|3/100
|-resisted|p2a: Corviknight
|-damage|p2a: Corviknight|0 fnt
|faint|p2a: Corviknight
|-hitcount|p2: Corviknight|6
|
|upkeep
|
|t:|1776193206
|switch|p2a: Meowscarada|Meowscarada, M|100/100
|turn|28
|
|t:|1776193227
|move|p1a: Fantastic Four|Population Bomb|p2a: Meowscarada
|-damage|p2a: Meowscarada|33/100
|-damage|p2a: Meowscarada|0 fnt
|faint|p2a: Meowscarada
|-hitcount|p2: Meowscarada|2
|
|upkeep
|
|t:|1776193231
|switch|p2a: Cinderace|Cinderace, M|100/100
|turn|29
|
|t:|1776193235
|move|p1a: Fantastic Four|Population Bomb|p2a: Cinderace
|-damage|p2a: Cinderace|42/100
|-damage|p2a: Cinderace|0 fnt
|faint|p2a: Cinderace
|-hitcount|p2: Cinderace|2
|
|upkeep
|
|t:|1776193236
|switch|p2a: Kingambit|Kingambit, F|100/100
|-item|p2a: Kingambit|Air Balloon
|turn|30
|
|t:|1776193248
|-terastallize|p2a: Kingambit|Dark
|move|p1a: Fantastic Four|Encore||[still]
|-fail|p1a: Fantastic Four
|move|p2a: Kingambit|Kowtow Cleave|p1a: Fantastic Four
|-damage|p1a: Fantastic Four|0 fnt
|faint|p1a: Fantastic Four
|
|upkeep
|
|t:|1776193252
|switch|p1a: Magic Missile|Basculegion, M, shiny|50/100
|turn|31
|
|t:|1776193256
|move|p2a: Kingambit|Sucker Punch|p1a: Magic Missile
|-supereffective|p1a: Magic Missile
|-damage|p1a: Magic Missile|0 fnt
|faint|p1a: Magic Missile
|
|upkeep
|
|t:|1776193258
|switch|p1a: Rillaboom|Rillaboom, M|53/100
|-fieldstart|move: Grassy Terrain|[from] ability: Grassy Surge|[of] p1a: Rillaboom
|turn|32
|
|t:|1776193263
|move|p2a: Kingambit|Sucker Punch|p1a: Rillaboom
|-damage|p1a: Rillaboom|0 fnt
|faint|p1a: Rillaboom
|
|upkeep
|
|t:|1776193265
|switch|p1a: Rome|Kingambit, F|100/100
|-activate|p1a: Rome|ability: Supreme Overlord
|-start|p1a: Rome|fallen5|[silent]
|turn|33
|c|☆boss30gamer|bread tastes better than key
|inactive|capricolt has 120 seconds left.
|
|t:|1776193325
|-terastallize|p1a: Rome|Ghost
|move|p1a: Rome|Low Kick|p2a: Kingambit
|-supereffective|p2a: Kingambit
|-damage|p2a: Kingambit|14/100
|-enditem|p2a: Kingambit|Air Balloon
|move|p2a: Kingambit|Swords Dance|p2a: Kingambit
|-boost|p2a: Kingambit|atk|2
|-enditem|p1a: Rome|Mirror Herb
|-boost|p1a: Rome|atk|2|[from] item: Mirror Herb
|
|-heal|p2a: Kingambit|21/100|[from] Grassy Terrain
|upkeep
|turn|34
|
|t:|1776193338
|move|p1a: Rome|Sucker Punch|p2a: Kingambit
|-resisted|p2a: Kingambit
|-damage|p2a: Kingambit|0 fnt
|faint|p2a: Kingambit
|
|win|boss30gamer
|raw|boss30gamer's rating: 1077 &rarr; <strong>1105</strong><br />(+28 for winning)
|raw|capricolt's rating: 1068 &rarr; <strong>1048</strong><br />(-20 for losing)
