|html|<div class="broadcast-blue"><strong>[Gen 9] OU is currently suspecting Tera Blast! For information on how to participate check out the <a href="https://www.smogon.com/tools/suspects/view/200">suspect thread</a>.</strong></div>
|j|☆SnowieSoul
|j|☆Yaraquiel
|t:|1776307485
|gametype|singles
|player|p1|SnowieSoul|266|1028
|player|p2|Yaraquiel|brassius|1040
|gen|9
|tier|[Gen 9] OU
|rated|
|rule|HP Percentage Mod: HP is shown in percentages
|rule|Endless Battle Clause: Forcing endless battles is banned
|rule|Species Clause: Limit one of each Pokémon
|rule|OHKO Clause: OHKO moves are banned
|rule|Evasion Items Clause: Evasion items are banned
|rule|Evasion Moves Clause: Evasion moves are banned
|rule|Evasion Abilities Clause: Evasion abilities are banned
|rule|Sleep Moves Clause: Sleep-inducing moves are banned
|clearpoke
|poke|p1|Pelipper, F|
|poke|p1|Grimmsnarl, M|
|poke|p1|Blaziken, F|
|poke|p1|Cyclizar, F|
|poke|p1|Sylveon, F|
|poke|p1|Pikachu-World, M|
|poke|p2|Breloom, M|
|poke|p2|Tsareena, F|
|poke|p2|Trevenant, F|
|poke|p2|Arboliva, M|
|poke|p2|Scovillain, F|
|poke|p2|Sudowoodo, M|
|teampreview
|
|t:|1776307496
|teamsize|p1|6
|teamsize|p2|6
|start
|switch|p1a: Grimmsnarl|Grimmsnarl, M|100/100
|switch|p2a: Tsareena|Tsareena, F|100/100
|turn|1
|
|t:|1776307506
|move|p1a: Grimmsnarl|Reflect|p1a: Grimmsnarl
|-sidestart|p1: SnowieSoul|Reflect
|move|p2a: Tsareena|Trailblaze|p1a: Grimmsnarl
|-damage|p1a: Grimmsnarl|87/100
|-boost|p2a: Tsareena|spe|1
|
|-heal|p1a: Grimmsnarl|93/100|[from] item: Leftovers
|upkeep
|turn|2
|
|t:|1776307519
|move|p1a: Grimmsnarl|Light Screen|p1a: Grimmsnarl
|-sidestart|p1: SnowieSoul|move: Light Screen
|move|p2a: Tsareena|High Jump Kick|p1a: Grimmsnarl|[miss]
|-miss|p2a: Tsareena|p1a: Grimmsnarl
|-damage|p2a: Tsareena|51/100|[from] highjumpkick
|
|-heal|p1a: Grimmsnarl|99/100|[from] item: Leftovers
|upkeep
|turn|3
|
|t:|1776307529
|move|p1a: Grimmsnarl|Parting Shot||[still]
|cant|p2a: Tsareena|ability: Queenly Majesty|Parting Shot|[of] p1a: Grimmsnarl
|move|p2a: Tsareena|U-turn|p1a: Grimmsnarl
|-damage|p1a: Grimmsnarl|84/100
|
|t:|1776307532
|switch|p2a: Breloom|Breloom, M|100/100|[from] U-turn
|
|-heal|p1a: Grimmsnarl|90/100|[from] item: Leftovers
|upkeep
|turn|4
|
|t:|1776307540
|move|p2a: Breloom|Thunder Punch|p1a: Grimmsnarl
|-damage|p1a: Grimmsnarl|73/100
|move|p1a: Grimmsnarl|Spirit Break|p2a: Breloom
|-supereffective|p2a: Breloom
|-damage|p2a: Breloom|27/100
|-unboost|p2a: Breloom|spa|1
|
|-heal|p1a: Grimmsnarl|79/100|[from] item: Leftovers
|upkeep
|turn|5
|
|t:|1776307553
|move|p2a: Breloom|Thunder Punch|p1a: Grimmsnarl
|-damage|p1a: Grimmsnarl|64/100
|move|p1a: Grimmsnarl|Spirit Break|p2a: Breloom
|-supereffective|p2a: Breloom
|-damage|p2a: Breloom|0 fnt
|faint|p2a: Breloom
|
|-heal|p1a: Grimmsnarl|70/100|[from] item: Leftovers
|-sideend|p1: SnowieSoul|Reflect
|upkeep
|
|t:|1776307564
|switch|p2a: Brais|Arboliva, M|100/100
|turn|6
|
|t:|1776307568
|move|p1a: Grimmsnarl|Reflect|p1a: Grimmsnarl
|-sidestart|p1: SnowieSoul|Reflect
|move|p2a: Brais|Dazzling Gleam|p1a: Grimmsnarl
|-supereffective|p1a: Grimmsnarl
|-damage|p1a: Grimmsnarl|48/100
|
|-heal|p1a: Grimmsnarl|54/100|[from] item: Leftovers
|-sideend|p1: SnowieSoul|move: Light Screen
|upkeep
|turn|7
|
|t:|1776307576
|move|p1a: Grimmsnarl|Light Screen|p1a: Grimmsnarl
|-sidestart|p1: SnowieSoul|move: Light Screen
|move|p2a: Brais|Dazzling Gleam|p1a: Grimmsnarl
|-supereffective|p1a: Grimmsnarl
|-damage|p1a: Grimmsnarl|35/100
|
|-heal|p1a: Grimmsnarl|41/100|[from] item: Leftovers
|upkeep
|turn|8
|
|t:|1776307584
|move|p1a: Grimmsnarl|Parting Shot|p2a: Brais
|-unboost|p2a: Brais|atk|1
|-unboost|p2a: Brais|spa|1
|
|t:|1776307588
|switch|p1a: Blaziken|Blaziken, F|100/100|[from] Parting Shot
|move|p2a: Brais|Dazzling Gleam|p1a: Blaziken
|-damage|p1a: Blaziken|87/100
|
|upkeep
|turn|9
|
|t:|1776307598
|move|p1a: Blaziken|Swords Dance|p1a: Blaziken
|-boost|p1a: Blaziken|atk|2
|move|p2a: Brais|Earth Power|p1a: Blaziken
|-supereffective|p1a: Blaziken
|-damage|p1a: Blaziken|54/100
|
|-ability|p1a: Blaziken|Speed Boost|boost
|-boost|p1a: Blaziken|spe|1
|upkeep
|turn|10
|
|t:|1776307609
|move|p1a: Blaziken|Flare Blitz|p2a: Brais
|-supereffective|p2a: Brais
|-damage|p2a: Brais|0 fnt
|-fieldstart|move: Grassy Terrain|[from] ability: Seed Sower|[of] p2a: Brais
|faint|p2a: Brais
|-damage|p1a: Blaziken|19/100|[from] Recoil
|
|-heal|p1a: Blaziken|25/100|[from] Grassy Terrain
|-sideend|p1: SnowieSoul|Reflect
|-ability|p1a: Blaziken|Speed Boost|boost
|-boost|p1a: Blaziken|spe|1
|upkeep
|
|t:|1776307611
|switch|p2a: Sudowoodo|Sudowoodo, M|100/100
|turn|11
|
|t:|1776307622
|-terastallize|p2a: Sudowoodo|Ground
|move|p1a: Blaziken|Close Combat|p2a: Sudowoodo
|-enditem|p2a: Sudowoodo|Focus Sash
|-damage|p2a: Sudowoodo|1/100
|-unboost|p1a: Blaziken|def|1
|-unboost|p1a: Blaziken|spd|1
|move|p2a: Sudowoodo|Earthquake|p1a: Blaziken
|-supereffective|p1a: Blaziken
|-damage|p1a: Blaziken|0 fnt
|faint|p1a: Blaziken
|
|-heal|p2a: Sudowoodo|7/100|[from] Grassy Terrain
|-sideend|p1: SnowieSoul|move: Light Screen
|upkeep
|
|t:|1776307639
|switch|p1a: Grimmsnarl|Grimmsnarl, M|41/100
|turn|12
|
|t:|1776307649
|move|p1a: Grimmsnarl|Reflect|p1a: Grimmsnarl
|-sidestart|p1: SnowieSoul|Reflect
|move|p2a: Sudowoodo|Wood Hammer|p1a: Grimmsnarl
|-damage|p1a: Grimmsnarl|11/100
|
|-heal|p1a: Grimmsnarl|18/100|[from] Grassy Terrain
|-heal|p1a: Grimmsnarl|24/100|[from] item: Leftovers
|-heal|p2a: Sudowoodo|13/100|[from] Grassy Terrain
|upkeep
|turn|13
|
|t:|1776307664
|move|p1a: Grimmsnarl|Parting Shot|p2a: Sudowoodo
|-unboost|p2a: Sudowoodo|atk|1
|-unboost|p2a: Sudowoodo|spa|1
|
|t:|1776307668
|switch|p1a: Pelipper|Pelipper, F|100/100|[from] Parting Shot
|-weather|RainDance|[from] ability: Drizzle|[of] p1a: Pelipper
|move|p2a: Sudowoodo|Wood Hammer|p1a: Pelipper
|-damage|p1a: Pelipper|89/100
|
|-weather|RainDance|[upkeep]
|-heal|p2a: Sudowoodo|19/100|[from] Grassy Terrain
|upkeep
|turn|14
|
|t:|1776307680
|move|p1a: Pelipper|Weather Ball|p2a: Sudowoodo
|-supereffective|p2a: Sudowoodo
|-damage|p2a: Sudowoodo|0 fnt
|faint|p2a: Sudowoodo
|
|-weather|RainDance|[upkeep]
|-fieldend|move: Grassy Terrain
|upkeep
|
|t:|1776307685
|switch|p2a: Tsareena|Tsareena, F|51/100
|turn|15
|
|t:|1776307691
|move|p2a: Tsareena|Protect|p2a: Tsareena
|-singleturn|p2a: Tsareena|Protect
|move|p1a: Pelipper|Hurricane|p2a: Tsareena
|-activate|p2a: Tsareena|move: Protect
|
|-weather|RainDance|[upkeep]
|upkeep
|turn|16
|
|t:|1776307699
|move|p2a: Tsareena|Trailblaze|p1a: Pelipper
|-damage|p1a: Pelipper|80/100
|-boost|p2a: Tsareena|spe|1
|move|p1a: Pelipper|Hurricane|p2a: Tsareena
|-supereffective|p2a: Tsareena
|-damage|p2a: Tsareena|0 fnt
|faint|p2a: Tsareena
|
|-weather|RainDance|[upkeep]
|-sideend|p1: SnowieSoul|Reflect
|upkeep
|
|t:|1776307705
|switch|p2a: Scovillain|Scovillain, F|100/100
|turn|17
|
|t:|1776307713
|move|p2a: Scovillain|Crunch|p1a: Pelipper
|-crit|p1a: Pelipper
|-damage|p1a: Pelipper|53/100
|move|p1a: Pelipper|Hurricane|p2a: Scovillain
|-supereffective|p2a: Scovillain
|-damage|p2a: Scovillain|1/100
|-start|p2a: Scovillain|confusion
|
|-weather|RainDance|[upkeep]
|upkeep
|turn|18
|
|t:|1776307728
|-activate|p2a: Scovillain|confusion
|move|p2a: Scovillain|Crunch|p1a: Pelipper
|-damage|p1a: Pelipper|36/100
|move|p1a: Pelipper|Tailwind|p1a: Pelipper
|-sidestart|p1: SnowieSoul|move: Tailwind
|
|-weather|RainDance|[upkeep]
|upkeep
|turn|19
|
|t:|1776307737
|move|p1a: Pelipper|Hurricane|p2a: Scovillain
|-supereffective|p2a: Scovillain
|-damage|p2a: Scovillain|0 fnt
|faint|p2a: Scovillain
|
|-weather|RainDance|[upkeep]
|upkeep
|
|t:|1776307743
|switch|p2a: Trevenant|Trevenant, F|100/100
|turn|20
|
|t:|1776307747
|move|p1a: Pelipper|Hurricane|p2a: Trevenant
|-supereffective|p2a: Trevenant
|-damage|p2a: Trevenant|27/100
|move|p2a: Trevenant|Phantom Force||[still]
|-prepare|p2a: Trevenant|Phantom Force
|
|-weather|none
|upkeep
|turn|21
|
|t:|1776307756
|switch|p1a: Cyclizar|Cyclizar, F|100/100
|move|p2a: Trevenant|Phantom Force|p1a: Cyclizar|[from] lockedmove
|-immune|p1a: Cyclizar
|
|-sideend|p1: SnowieSoul|move: Tailwind
|upkeep
|turn|22
|
|t:|1776307773
|move|p1a: Cyclizar|Outrage|p2a: Trevenant
|-damage|p2a: Trevenant|0 fnt
|faint|p2a: Trevenant
|
|win|SnowieSoul
|raw|SnowieSoul's rating: 1028 &rarr; <strong>1065</strong><br />(+37 for winning)
|raw|Yaraquiel's rating: 1040 &rarr; <strong>1023</strong><br />(-17 for losing)
