|html|<div class="broadcast-blue"><strong>[Gen 9] OU is currently suspecting Tera Blast! For information on how to participate check out the <a href="https://www.smogon.com/tools/suspects/view/200">suspect thread</a>.</strong></div>
|j|☆CouchCog
|j|☆hodgepodge
|t:|1776050799
|gametype|singles
|player|p1|CouchCog|102|1271
|player|p2|hodgepodge|266|1227
|gen|9
|tier|[Gen 9] OU
|rated|
|rule|HP Percentage Mod: HP is shown in percentages
|rule|Endless Battle Clause: Forcing endless battles is banned
|rule|Species Clause: Limit one of each Pokémon
|rule|OHKO Clause: OHKO moves are banned
|rule|Evasion Items Clause: Evasion items are banned
|rule|Evasion Moves Clause: Evasion moves are banned
|rule|Evasion Abilities Clause: Evasion abilities are banned
|rule|Sleep Moves Clause: Sleep-inducing moves are banned
|clearpoke
|poke|p1|Mimikyu, F|
|poke|p1|Ting-Lu|
|poke|p1|Ursaluna, M|
|poke|p1|Slither Wing|
|poke|p1|Hatterene, F|
|poke|p1|Kingambit, M|
|poke|p2|Tyranitar, M|
|poke|p2|Great Tusk|
|poke|p2|Gholdengo|
|poke|p2|Hydrapple, F|
|poke|p2|Scizor, F|
|poke|p2|Iron Crown|
|teampreview
|inactive|Battle timer is ON: inactive players will automatically lose when time's up. (requested by CouchCog)
|
|t:|1776050812
|teamsize|p1|6
|teamsize|p2|6
|start
|switch|p1a: Mimikyu|Mimikyu, F|100/100
|switch|p2a: Scizor|Scizor, F|100/100
|turn|1
|
|t:|1776050817
|move|p2a: Scizor|U-turn|p1a: Mimikyu
|-activate|p1a: Mimikyu|ability: Disguise
|-damage|p1a: Mimikyu|100/100
|detailschange|p1a: Mimikyu|Mimikyu-Busted, F
|-damage|p1a: Mimikyu|88/100|[from] pokemon: Mimikyu-Busted
|
|t:|1776050827
|switch|p2a: Tyranitar|Tyranitar, M|100/100|[from] U-turn
|-weather|Sandstorm|[from] ability: Sand Stream|[of] p2a: Tyranitar
|move|p1a: Mimikyu|Trick Room|p1a: Mimikyu
|-fieldstart|move: Trick Room|[of] p1a: Mimikyu
|
|-weather|Sandstorm|[upkeep]
|-damage|p1a: Mimikyu|82/100|[from] Sandstorm
|upkeep
|turn|2
|
|t:|1776050832
|move|p2a: Tyranitar|Knock Off|p1a: Mimikyu
|-damage|p1a: Mimikyu|1/100
|-enditem|p1a: Mimikyu|Life Orb|[from] move: Knock Off|[of] p2a: Tyranitar
|move|p1a: Mimikyu|Play Rough|p2a: Tyranitar
|-supereffective|p2a: Tyranitar
|-damage|p2a: Tyranitar|38/100
|
|-weather|Sandstorm|[upkeep]
|-damage|p1a: Mimikyu|0 fnt|[from] Sandstorm
|faint|p1a: Mimikyu
|upkeep
|
|t:|1776050839
|switch|p1a: Ursaluna|Ursaluna, M|100/100
|turn|3
|
|t:|1776050848
|switch|p2a: Hydrapple|Hydrapple, F|100/100
|move|p1a: Ursaluna|Swords Dance|p1a: Ursaluna
|-boost|p1a: Ursaluna|atk|2
|
|-weather|Sandstorm|[upkeep]
|-damage|p2a: Hydrapple|94/100|[from] Sandstorm
|-status|p1a: Ursaluna|brn|[from] item: Flame Orb
|upkeep
|turn|4
|
|t:|1776050852
|-terastallize|p2a: Hydrapple|Grass
|move|p1a: Ursaluna|Ice Punch|p2a: Hydrapple
|-supereffective|p2a: Hydrapple
|-damage|p2a: Hydrapple|0 fnt
|-damage|p1a: Ursaluna|84/100 brn|[from] item: Rocky Helmet|[of] p2a: Hydrapple
|faint|p2a: Hydrapple
|
|-weather|Sandstorm|[upkeep]
|-damage|p1a: Ursaluna|78/100 brn|[from] brn
|upkeep
|
|t:|1776050866
|switch|p2a: Scizor|Scizor, F|100/100
|turn|5
|
|t:|1776050871
|move|p2a: Scizor|Bullet Punch|p1a: Ursaluna
|-damage|p1a: Ursaluna|40/100 brn
|move|p1a: Ursaluna|Headlong Rush|p2a: Scizor
|-damage|p2a: Scizor|0 fnt
|-unboost|p1a: Ursaluna|def|1
|-unboost|p1a: Ursaluna|spd|1
|faint|p2a: Scizor
|
|-weather|none
|-damage|p1a: Ursaluna|34/100 brn|[from] brn
|-fieldend|move: Trick Room
|upkeep
|
|t:|1776050875
|switch|p2a: Iron Crown|Iron Crown|100/100
|turn|6
|
|t:|1776050878
|switch|p1a: Kingambit|Kingambit, M|100/100
|-activate|p1a: Kingambit|ability: Supreme Overlord
|-start|p1a: Kingambit|fallen1|[silent]
|-item|p1a: Kingambit|Air Balloon
|move|p2a: Iron Crown|Tachyon Cutter|p1a: Kingambit
|-resisted|p1a: Kingambit
|-damage|p1a: Kingambit|80/100
|-enditem|p1a: Kingambit|Air Balloon
|-resisted|p1a: Kingambit
|-damage|p1a: Kingambit|59/100
|-hitcount|p1a: Kingambit|2
|
|upkeep
|turn|7
|
|t:|1776050882
|-end|p2a: Iron Crown|Quark Drive|[silent]
|switch|p2a: Great Tusk|Great Tusk|100/100
|-end|p1a: Kingambit|fallen1|[silent]
|switch|p1a: Hatterene|Hatterene, F|100/100
|
|upkeep
|turn|8
|
|t:|1776050887
|-end|p2a: Great Tusk|Protosynthesis|[silent]
|switch|p2a: Iron Crown|Iron Crown|100/100
|move|p1a: Hatterene|Trick Room|p1a: Hatterene
|-fieldstart|move: Trick Room|[of] p1a: Hatterene
|
|upkeep
|turn|9
|
|t:|1776050891
|move|p1a: Hatterene|Healing Wish|p1a: Hatterene
|faint|p1a: Hatterene
|move|p2a: Iron Crown|Tachyon Cutter|p1: Hatterene|[notarget]
|-fail|p2a: Iron Crown
|
|upkeep
|
|t:|1776050892
|switch|p1a: Kingambit|Kingambit, M|59/100
|-heal|p1a: Kingambit|100/100|[from] move: Healing Wish
|-activate|p1a: Kingambit|ability: Supreme Overlord
|-start|p1a: Kingambit|fallen2|[silent]
|turn|10
|
|t:|1776050897
|-end|p2a: Iron Crown|Quark Drive|[silent]
|switch|p2a: Tyranitar|Tyranitar, M|38/100
|-weather|Sandstorm|[from] ability: Sand Stream|[of] p2a: Tyranitar
|move|p1a: Kingambit|Swords Dance|p1a: Kingambit
|-boost|p1a: Kingambit|atk|2
|
|-weather|Sandstorm|[upkeep]
|upkeep
|turn|11
|
|t:|1776050900
|move|p1a: Kingambit|Iron Head|p2a: Tyranitar
|-supereffective|p2a: Tyranitar
|-damage|p2a: Tyranitar|0 fnt
|faint|p2a: Tyranitar
|
|-weather|Sandstorm|[upkeep]
|upkeep
|
|t:|1776050903
|switch|p2a: Great Tusk|Great Tusk|100/100
|turn|12
|
|t:|1776050908
|-terastallize|p1a: Kingambit|Flying
|move|p1a: Kingambit|Iron Head|p2a: Great Tusk
|-damage|p2a: Great Tusk|52/100
|move|p2a: Great Tusk|Rapid Spin|p1a: Kingambit
|-damage|p1a: Kingambit|90/100
|-boost|p2a: Great Tusk|spe|1
|
|-weather|Sandstorm|[upkeep]
|-damage|p1a: Kingambit|84/100|[from] Sandstorm
|-heal|p2a: Great Tusk|58/100|[from] item: Leftovers
|-fieldend|move: Trick Room
|upkeep
|turn|13
|
|t:|1776050922
|-end|p1a: Kingambit|fallen2|[silent]
|switch|p1a: Ting-Lu|Ting-Lu|100/100
|-ability|p1a: Ting-Lu|Vessel of Ruin
|move|p2a: Great Tusk|Ice Spinner|p1a: Ting-Lu
|-supereffective|p1a: Ting-Lu
|-damage|p1a: Ting-Lu|76/100
|
|-weather|Sandstorm|[upkeep]
|-heal|p2a: Great Tusk|64/100|[from] item: Leftovers
|-heal|p1a: Ting-Lu|82/100|[from] item: Leftovers
|upkeep
|turn|14
|
|t:|1776050928
|move|p2a: Great Tusk|Stealth Rock|p1a: Ting-Lu
|-sidestart|p1: CouchCog|move: Stealth Rock
|move|p1a: Ting-Lu|Ruination|p2a: Great Tusk
|-damage|p2a: Great Tusk|33/100
|
|-weather|none
|-heal|p2a: Great Tusk|39/100|[from] item: Leftovers
|-heal|p1a: Ting-Lu|88/100|[from] item: Leftovers
|upkeep
|turn|15
|
|t:|1776050934
|move|p2a: Great Tusk|Headlong Rush|p1a: Ting-Lu
|-damage|p1a: Ting-Lu|61/100
|-unboost|p2a: Great Tusk|def|1
|-unboost|p2a: Great Tusk|spd|1
|move|p1a: Ting-Lu|Stealth Rock|p2a: Great Tusk
|-sidestart|p2: hodgepodge|move: Stealth Rock
|
|-heal|p2a: Great Tusk|45/100|[from] item: Leftovers
|-heal|p1a: Ting-Lu|67/100|[from] item: Leftovers
|upkeep
|turn|16
|
|t:|1776050938
|move|p2a: Great Tusk|Rapid Spin|p1a: Ting-Lu
|-damage|p1a: Ting-Lu|59/100
|-boost|p2a: Great Tusk|spe|1
|-sideend|p2: hodgepodge|Stealth Rock|[from] move: Rapid Spin|[of] p2a: Great Tusk
|move|p1a: Ting-Lu|Earthquake|p2a: Great Tusk
|-crit|p2a: Great Tusk
|-damage|p2a: Great Tusk|8/100
|
|-heal|p2a: Great Tusk|15/100|[from] item: Leftovers
|-heal|p1a: Ting-Lu|65/100|[from] item: Leftovers
|upkeep
|turn|17
|
|t:|1776050941
|move|p2a: Great Tusk|Ice Spinner|p1a: Ting-Lu
|-supereffective|p1a: Ting-Lu
|-damage|p1a: Ting-Lu|40/100
|move|p1a: Ting-Lu|Stealth Rock|p2a: Great Tusk
|-sidestart|p2: hodgepodge|move: Stealth Rock
|
|-heal|p2a: Great Tusk|21/100|[from] item: Leftovers
|-heal|p1a: Ting-Lu|46/100|[from] item: Leftovers
|upkeep
|turn|18
|
|t:|1776050951
|move|p2a: Great Tusk|Rapid Spin|p1a: Ting-Lu
|-damage|p1a: Ting-Lu|38/100
|-boost|p2a: Great Tusk|spe|1
|-sideend|p2: hodgepodge|Stealth Rock|[from] move: Rapid Spin|[of] p2a: Great Tusk
|move|p1a: Ting-Lu|Earthquake|p2a: Great Tusk
|-damage|p2a: Great Tusk|0 fnt
|faint|p2a: Great Tusk
|-end|p2a: Great Tusk|Protosynthesis|[silent]
|
|-heal|p1a: Ting-Lu|44/100|[from] item: Leftovers
|upkeep
|
|t:|1776050953
|switch|p2a: Iron Crown|Iron Crown|100/100
|turn|19
|
|t:|1776050960
|move|p2a: Iron Crown|Tachyon Cutter|p1a: Ting-Lu
|-damage|p1a: Ting-Lu|27/100
|-damage|p1a: Ting-Lu|11/100
|-hitcount|p1a: Ting-Lu|2
|move|p1a: Ting-Lu|Earthquake|p2a: Iron Crown
|-supereffective|p2a: Iron Crown
|-damage|p2a: Iron Crown|18/100
|
|-heal|p1a: Ting-Lu|18/100|[from] item: Leftovers
|upkeep
|turn|20
|
|t:|1776050966
|move|p2a: Iron Crown|Tachyon Cutter|p1a: Ting-Lu
|-damage|p1a: Ting-Lu|3/100
|-damage|p1a: Ting-Lu|0 fnt
|faint|p1a: Ting-Lu
|-hitcount|p1: Ting-Lu|2
|
|upkeep
|
|t:|1776050975
|switch|p1a: Kingambit|Kingambit, M, tera:Flying|84/100
|-damage|p1a: Kingambit|59/100|[from] Stealth Rock
|-activate|p1a: Kingambit|ability: Supreme Overlord
|-start|p1a: Kingambit|fallen3|[silent]
|turn|21
|
|t:|1776050978
|-end|p2a: Iron Crown|Quark Drive|[silent]
|switch|p2a: Gholdengo|Gholdengo|100/100
|move|p1a: Kingambit|Sucker Punch||[still]
|-fail|p1a: Kingambit
|
|upkeep
|turn|22
|
|t:|1776050981
|move|p2a: Gholdengo|Trick|p1a: Kingambit
|-activate|p2a: Gholdengo|move: Trick|[of] p1a: Kingambit
|-item|p1a: Kingambit|Choice Scarf|[from] move: Trick
|-enditem|p2a: Gholdengo|Choice Scarf|[silent]|[from] move: Trick
|move|p1a: Kingambit|Kowtow Cleave|p2a: Gholdengo
|-supereffective|p2a: Gholdengo
|-damage|p2a: Gholdengo|0 fnt
|faint|p2a: Gholdengo
|
|upkeep
|
|t:|1776050987
|switch|p2a: Iron Crown|Iron Crown|18/100
|turn|23
|
|t:|1776050989
|move|p2a: Iron Crown|Tachyon Cutter|p1a: Kingambit
|-damage|p1a: Kingambit|17/100
|-damage|p1a: Kingambit|0 fnt
|faint|p1a: Kingambit
|-end|p1a: Kingambit|fallen3|[silent]
|-hitcount|p1: Kingambit|2
|
|upkeep
|
|t:|1776050992
|switch|p1a: Slither Wing|Slither Wing|100/100
|-damage|p1a: Slither Wing|88/100|[from] Stealth Rock
|turn|24
|
|t:|1776050994
|move|p1a: Slither Wing|First Impression|p2a: Iron Crown
|-damage|p2a: Iron Crown|0 fnt
|faint|p2a: Iron Crown
|-end|p2a: Iron Crown|Quark Drive|[silent]
|
|win|CouchCog
|raw|CouchCog's rating: 1271 &rarr; <strong>1293</strong><br />(+22 for winning)
|raw|hodgepodge's rating: 1227 &rarr; <strong>1205</strong><br />(-22 for losing)
|c|☆CouchCog|gg
