|html|<div class="broadcast-blue"><strong>[Gen 9] OU is currently suspecting Tera Blast! For information on how to participate check out the <a href="https://www.smogon.com/tools/suspects/view/200">suspect thread</a>.</strong></div>
|j|☆Skiddris
|j|☆tbiscool
|t:|1776070208
|gametype|singles
|player|p1|Skiddris|artist|1483
|player|p2|tbiscool|chuck|1432
|gen|9
|tier|[Gen 9] OU
|rated|
|rule|HP Percentage Mod: HP is shown in percentages
|rule|Endless Battle Clause: Forcing endless battles is banned
|rule|Species Clause: Limit one of each Pokémon
|rule|OHKO Clause: OHKO moves are banned
|rule|Evasion Items Clause: Evasion items are banned
|rule|Evasion Moves Clause: Evasion moves are banned
|rule|Evasion Abilities Clause: Evasion abilities are banned
|rule|Sleep Moves Clause: Sleep-inducing moves are banned
|clearpoke
|poke|p1|Ribombee, F|
|poke|p1|Cinderace, F|
|poke|p1|Serperior, F|
|poke|p1|Mimikyu, F|
|poke|p1|Dragapult, F|
|poke|p1|Bisharp, F|
|poke|p2|Indeedee, M|
|poke|p2|Hoopa-Unbound|
|poke|p2|Ceruledge, M|
|poke|p2|Polteageist-Antique|
|poke|p2|Cinderace, M|
|poke|p2|Iron Valiant|
|teampreview
|inactive|Battle timer is ON: inactive players will automatically lose when time's up. (requested by tbiscool)
|inactive|Skiddris also wants the timer to be on.
|
|t:|1776070224
|teamsize|p1|6
|teamsize|p2|6
|start
|switch|p1a: Sticky goes Brrr|Ribombee, F, shiny|100/100
|switch|p2a: Cinderace|Cinderace, M|100/100
|turn|1
|
|t:|1776070231
|move|p2a: Cinderace|Pyro Ball|p1a: Sticky goes Brrr
|-supereffective|p1a: Sticky goes Brrr
|-enditem|p1a: Sticky goes Brrr|Focus Sash
|-damage|p1a: Sticky goes Brrr|1/100
|move|p1a: Sticky goes Brrr|Sticky Web|p2a: Cinderace
|-sidestart|p2: tbiscool|move: Sticky Web
|
|upkeep
|turn|2
|
|t:|1776070245
|move|p2a: Cinderace|Pyro Ball|p1a: Sticky goes Brrr
|-supereffective|p1a: Sticky goes Brrr
|-damage|p1a: Sticky goes Brrr|0 fnt
|faint|p1a: Sticky goes Brrr
|
|upkeep
|
|t:|1776070251
|switch|p1a: B-2 Spirit|Dragapult, F|100/100
|turn|3
|
|t:|1776070257
|switch|p2a: Indeedee|Indeedee, M|100/100
|-activate|p2a: Indeedee|move: Sticky Web
|-unboost|p2a: Indeedee|spe|1
|-fieldstart|move: Psychic Terrain|[from] ability: Psychic Surge|[of] p2a: Indeedee
|move|p1a: B-2 Spirit|Hydro Pump|p2a: Indeedee|[miss]
|-miss|p1a: B-2 Spirit|p2a: Indeedee
|
|upkeep
|turn|4
|
|t:|1776070267
|switch|p1a: VendVoiture|Cinderace, F|100/100
|move|p2a: Indeedee|Expanding Force|p1a: VendVoiture
|-damage|p1a: VendVoiture|6/100
|
|upkeep
|turn|5
|
|t:|1776070276
|switch|p2a: Cinderace|Cinderace, M|100/100
|-activate|p2a: Cinderace|move: Sticky Web
|-unboost|p2a: Cinderace|spe|1
|move|p1a: VendVoiture|U-turn|p2a: Cinderace
|-resisted|p2a: Cinderace
|-crit|p2a: Cinderace
|-damage|p2a: Cinderace|78/100
|
|t:|1776070284
|switch|p1a: B-2 Spirit|Dragapult, F|100/100|[from] U-turn
|
|upkeep
|turn|6
|
|t:|1776070292
|move|p1a: B-2 Spirit|Hydro Pump|p2a: Cinderace
|-supereffective|p2a: Cinderace
|-damage|p2a: Cinderace|0 fnt
|faint|p2a: Cinderace
|-damage|p1a: B-2 Spirit|91/100|[from] item: Life Orb
|
|upkeep
|
|t:|1776070297
|switch|p2a: Hoopa|Hoopa-Unbound|100/100
|-activate|p2a: Hoopa|move: Sticky Web
|-unboost|p2a: Hoopa|spe|1
|turn|7
|
|t:|1776070305
|switch|p1a: why no kingambit?|Bisharp, F|100/100
|move|p2a: Hoopa|Expanding Force|p1a: why no kingambit?
|-immune|p1a: why no kingambit?
|
|upkeep
|turn|8
|
|t:|1776070313
|switch|p2a: Iron Valiant|Iron Valiant|100/100
|-activate|p2a: Iron Valiant|move: Sticky Web
|-unboost|p2a: Iron Valiant|spe|1
|-enditem|p2a: Iron Valiant|Booster Energy
|-activate|p2a: Iron Valiant|ability: Quark Drive|[fromitem]
|-start|p2a: Iron Valiant|quarkdrivespa
|move|p1a: why no kingambit?|Throat Chop|p2a: Iron Valiant
|-resisted|p2a: Iron Valiant
|-damage|p2a: Iron Valiant|87/100
|-start|p2a: Iron Valiant|Throat Chop|[silent]
|
|upkeep
|turn|9
|
|t:|1776070320
|switch|p1a: Introvert boy|Mimikyu, F|100/100
|move|p2a: Iron Valiant|Moonblast|p1a: Introvert boy
|-activate|p1a: Introvert boy|ability: Disguise
|-damage|p1a: Introvert boy|100/100
|-unboost|p1a: Introvert boy|spa|1
|detailschange|p1a: Introvert boy|Mimikyu-Busted, F
|-damage|p1a: Introvert boy|88/100|[from] pokemon: Mimikyu-Busted
|-enditem|p1a: Introvert boy|Red Card|[of] p2a: Iron Valiant
|-end|p2a: Iron Valiant|Quark Drive|[silent]
|drag|p2a: Polteageist|Polteageist-Antique|100/100
|-activate|p2a: Polteageist|move: Sticky Web
|-unboost|p2a: Polteageist|spe|1
|
|upkeep
|turn|10
|
|t:|1776070325
|move|p1a: Introvert boy|Shadow Claw|p2a: Polteageist
|-supereffective|p2a: Polteageist
|-enditem|p2a: Polteageist|Focus Sash
|-damage|p2a: Polteageist|1/100
|-ability|p2a: Polteageist|Weak Armor|boost
|-unboost|p2a: Polteageist|def|1
|-boost|p2a: Polteageist|spe|2
|move|p2a: Polteageist|Shell Smash|p2a: Polteageist
|-unboost|p2a: Polteageist|def|1
|-unboost|p2a: Polteageist|spd|1
|-boost|p2a: Polteageist|atk|2
|-boost|p2a: Polteageist|spa|2
|-boost|p2a: Polteageist|spe|2
|
|-fieldend|move: Psychic Terrain
|upkeep
|turn|11
|
|t:|1776070332
|switch|p2a: Indeedee|Indeedee, M|100/100
|-activate|p2a: Indeedee|move: Sticky Web
|-unboost|p2a: Indeedee|spe|1
|-fieldstart|move: Psychic Terrain|[from] ability: Psychic Surge|[of] p2a: Indeedee
|move|p1a: Introvert boy|Shadow Claw|p2a: Indeedee
|-immune|p2a: Indeedee
|
|upkeep
|turn|12
|
|t:|1776070346
|switch|p1a: why no kingambit?|Bisharp, F|100/100
|-terastallize|p2a: Indeedee|Fire
|move|p2a: Indeedee|Tera Blast|p1a: why no kingambit?|[anim] Tera Blast Fire
|-supereffective|p1a: why no kingambit?
|-damage|p1a: why no kingambit?|31/100
|
|upkeep
|turn|13
|
|t:|1776070354
|switch|p2a: Polteageist|Polteageist-Antique|1/100
|-activate|p2a: Polteageist|move: Sticky Web
|-unboost|p2a: Polteageist|spe|1
|switch|p1a: B-2 Spirit|Dragapult, F|91/100
|
|upkeep
|turn|14
|
|t:|1776070365
|move|p1a: B-2 Spirit|Thunderbolt|p2a: Polteageist
|-damage|p2a: Polteageist|0 fnt
|faint|p2a: Polteageist
|-damage|p1a: B-2 Spirit|81/100|[from] item: Life Orb
|
|upkeep
|
|t:|1776070367
|switch|p2a: Hoopa|Hoopa-Unbound|100/100
|-activate|p2a: Hoopa|move: Sticky Web
|-unboost|p2a: Hoopa|spe|1
|turn|15
|
|t:|1776070372
|switch|p1a: why no kingambit?|Bisharp, F|31/100
|move|p2a: Hoopa|Dark Pulse|p1a: why no kingambit?
|-resisted|p1a: why no kingambit?
|-damage|p1a: why no kingambit?|4/100
|
|upkeep
|turn|16
|
|t:|1776070376
|move|p2a: Hoopa|Dark Pulse|p1a: why no kingambit?
|-resisted|p1a: why no kingambit?
|-damage|p1a: why no kingambit?|0 fnt
|faint|p1a: why no kingambit?
|
|upkeep
|
|t:|1776070382
|switch|p1a: VendVoiture|Cinderace, F|6/100
|turn|17
|
|t:|1776070388
|switch|p2a: Iron Valiant|Iron Valiant|87/100
|-activate|p2a: Iron Valiant|move: Sticky Web
|-unboost|p2a: Iron Valiant|spe|1
|move|p1a: VendVoiture|U-turn|p2a: Iron Valiant
|-resisted|p2a: Iron Valiant
|-damage|p2a: Iron Valiant|79/100
|
|t:|1776070396
|switch|p1a: Introvert boy|Mimikyu-Busted, F|88/100|[from] U-turn
|
|upkeep
|turn|18
|
|t:|1776070401
|move|p1a: Introvert boy|Play Rough|p2a: Iron Valiant
|-supereffective|p2a: Iron Valiant
|-damage|p2a: Iron Valiant|0 fnt
|faint|p2a: Iron Valiant
|-end|p2a: Iron Valiant|Quark Drive|[silent]
|
|-fieldend|move: Psychic Terrain
|upkeep
|
|t:|1776070407
|switch|p2a: Indeedee|Indeedee, M, tera:Fire|100/100
|-activate|p2a: Indeedee|move: Sticky Web
|-unboost|p2a: Indeedee|spe|1
|-fieldstart|move: Psychic Terrain|[from] ability: Psychic Surge|[of] p2a: Indeedee
|turn|19
|
|t:|1776070410
|switch|p1a: B-2 Spirit|Dragapult, F|81/100
|move|p2a: Indeedee|Expanding Force|p1a: B-2 Spirit
|-damage|p1a: B-2 Spirit|0 fnt
|faint|p1a: B-2 Spirit
|
|upkeep
|
|t:|1776070417
|switch|p1a: VendVoiture|Cinderace, F|6/100
|turn|20
|
|t:|1776070421
|move|p1a: VendVoiture|Pyro Ball|p2a: Indeedee
|-resisted|p2a: Indeedee
|-damage|p2a: Indeedee|12/100
|move|p2a: Indeedee|Expanding Force|p1a: VendVoiture
|-crit|p1a: VendVoiture
|-damage|p1a: VendVoiture|0 fnt
|faint|p1a: VendVoiture
|
|upkeep
|
|t:|1776070424
|switch|p1a: Hmmm so cozy|Serperior, F|100/100
|turn|21
|
|t:|1776070428
|move|p1a: Hmmm so cozy|Leaf Storm|p2a: Indeedee
|-resisted|p2a: Indeedee
|-damage|p2a: Indeedee|0 fnt
|-boost|p1a: Hmmm so cozy|spa|2
|faint|p2a: Indeedee
|
|upkeep
|
|t:|1776070430
|switch|p2a: Hoopa|Hoopa-Unbound|100/100
|-activate|p2a: Hoopa|move: Sticky Web
|-unboost|p2a: Hoopa|spe|1
|turn|22
|
|t:|1776070437
|move|p1a: Hmmm so cozy|Leaf Storm|p2a: Hoopa
|-damage|p2a: Hoopa|17/100
|-boost|p1a: Hmmm so cozy|spa|2
|move|p2a: Hoopa|Expanding Force|p1a: Hmmm so cozy
|-damage|p1a: Hmmm so cozy|0 fnt
|faint|p1a: Hmmm so cozy
|
|upkeep
|
|t:|1776070440
|switch|p1a: Introvert boy|Mimikyu-Busted, F|88/100
|turn|23
|
|t:|1776070448
|move|p1a: Introvert boy|Play Rough|p2a: Hoopa
|-supereffective|p2a: Hoopa
|-damage|p2a: Hoopa|0 fnt
|faint|p2a: Hoopa
|
|upkeep
|
|t:|1776070455
|switch|p2a: Ceruledge|Ceruledge, M|100/100
|-activate|p2a: Ceruledge|move: Sticky Web
|-unboost|p2a: Ceruledge|spe|1
|turn|24
|
|t:|1776070462
|move|p1a: Introvert boy|Shadow Claw|p2a: Ceruledge
|-supereffective|p2a: Ceruledge
|-damage|p2a: Ceruledge|17/100
|-ability|p2a: Ceruledge|Weak Armor|boost
|-unboost|p2a: Ceruledge|def|1
|-boost|p2a: Ceruledge|spe|2
|move|p2a: Ceruledge|Bitter Blade|p1a: Introvert boy
|-damage|p1a: Introvert boy|2/100
|-heal|p2a: Ceruledge|54/100|[from] drain|[of] p1a: Introvert boy
|
|upkeep
|turn|25
|c|☆tbiscool|Ggs
|c|☆Skiddris|gg
|
|t:|1776070472
|move|p2a: Ceruledge|Bitter Blade|p1a: Introvert boy
|-damage|p1a: Introvert boy|0 fnt
|-heal|p2a: Ceruledge|55/100|[from] drain|[of] p1a: Introvert boy
|faint|p1a: Introvert boy
|
|win|tbiscool
|raw|Skiddris's rating: 1483 &rarr; <strong>1460</strong><br />(-23 for losing)
|raw|tbiscool's rating: 1432 &rarr; <strong>1455</strong><br />(+23 for winning)
|l|☆Skiddris
|player|p1|
|l|☆tbiscool
|player|p2|
