|html|<div class="broadcast-blue"><strong>[Gen 9] OU is currently suspecting Tera Blast! For information on how to participate check out the <a href="https://www.smogon.com/tools/suspects/view/200">suspect thread</a>.</strong></div>
|j|☆zahtoo
|j|☆64wasian
|t:|1776090193
|gametype|singles
|player|p1|zahtoo|red|1301
|player|p2|64wasian|170|1330
|gen|9
|tier|[Gen 9] OU
|rated|
|rule|HP Percentage Mod: HP is shown in percentages
|rule|Endless Battle Clause: Forcing endless battles is banned
|rule|Species Clause: Limit one of each Pokémon
|rule|OHKO Clause: OHKO moves are banned
|rule|Evasion Items Clause: Evasion items are banned
|rule|Evasion Moves Clause: Evasion moves are banned
|rule|Evasion Abilities Clause: Evasion abilities are banned
|rule|Sleep Moves Clause: Sleep-inducing moves are banned
|clearpoke
|poke|p1|Regice|
|poke|p1|Hoopa-Unbound|
|poke|p1|Slither Wing|
|poke|p1|Dragapult, M|
|poke|p1|Iron Valiant|
|poke|p1|Great Tusk|
|poke|p2|Mew|
|poke|p2|Ceruledge, F|
|poke|p2|Glimmora, M|
|poke|p2|Raging Bolt|
|poke|p2|Goodra-Hisui, M|
|poke|p2|Donphan, F|
|teampreview
|inactive|Battle timer is ON: inactive players will automatically lose when time's up. (requested by zahtoo)
|
|t:|1776090202
|teamsize|p1|6
|teamsize|p2|6
|start
|switch|p1a: Fraudpult|Dragapult, M|100/100
|switch|p2a: Glimmora|Glimmora, M|100/100
|turn|1
|
|t:|1776090207
|move|p1a: Fraudpult|Shadow Ball|p2a: Glimmora
|-damage|p2a: Glimmora|28/100
|move|p2a: Glimmora|Mortal Spin|p1a: Fraudpult
|-resisted|p1a: Fraudpult
|-damage|p1a: Fraudpult|96/100
|-status|p1a: Fraudpult|psn
|
|-damage|p1a: Fraudpult|84/100 psn|[from] psn
|upkeep
|turn|2
|
|t:|1776090222
|switch|p2a: Goodra|Goodra-Hisui, M|100/100
|move|p1a: Fraudpult|Shadow Ball|p2a: Goodra
|-damage|p2a: Goodra|75/100
|
|-heal|p2a: Goodra|81/100|[from] item: Leftovers
|-damage|p1a: Fraudpult|72/100 psn|[from] psn
|upkeep
|turn|3
|
|t:|1776090229
|switch|p1a: Tusk Act IV|Great Tusk|100/100
|move|p2a: Goodra|Protect||[still]
|-fail|p2a: Goodra
|
|-heal|p2a: Goodra|87/100|[from] item: Leftovers
|upkeep
|turn|4
|
|t:|1776090239
|switch|p2a: Glimmora|Glimmora, M|28/100
|move|p1a: Tusk Act IV|Headlong Rush|p2a: Glimmora
|-supereffective|p2a: Glimmora
|-damage|p2a: Glimmora|0 fnt
|-unboost|p1a: Tusk Act IV|def|1
|-unboost|p1a: Tusk Act IV|spd|1
|-activate|p2a: Glimmora|ability: Toxic Debris
|-sidestart|p1: zahtoo|move: Toxic Spikes
|faint|p2a: Glimmora
|
|upkeep
|
|t:|1776090253
|switch|p2a: Donphan|Donphan, F|100/100
|turn|5
|
|t:|1776090258
|move|p1a: Tusk Act IV|Rapid Spin|p2a: Donphan
|-damage|p2a: Donphan|92/100
|-boost|p1a: Tusk Act IV|spe|1
|-sideend|p1: zahtoo|Toxic Spikes|[from] move: Rapid Spin|[of] p1a: Tusk Act IV
|move|p2a: Donphan|Stealth Rock|p1a: Tusk Act IV
|-sidestart|p1: zahtoo|move: Stealth Rock
|
|-heal|p2a: Donphan|98/100|[from] item: Leftovers
|upkeep
|turn|6
|
|t:|1776090267
|move|p1a: Tusk Act IV|Rapid Spin|p2a: Donphan
|-damage|p2a: Donphan|90/100
|-boost|p1a: Tusk Act IV|spe|1
|-sideend|p1: zahtoo|Stealth Rock|[from] move: Rapid Spin|[of] p1a: Tusk Act IV
|move|p2a: Donphan|Earthquake|p1a: Tusk Act IV
|-damage|p1a: Tusk Act IV|71/100
|
|-heal|p2a: Donphan|96/100|[from] item: Leftovers
|upkeep
|turn|7
|
|t:|1776090276
|move|p1a: Tusk Act IV|Ice Spinner|p2a: Donphan
|-supereffective|p2a: Donphan
|-damage|p2a: Donphan|69/100
|move|p2a: Donphan|Knock Off|p1a: Tusk Act IV
|-resisted|p1a: Tusk Act IV
|-damage|p1a: Tusk Act IV|62/100
|-damage|p2a: Donphan|53/100|[from] item: Rocky Helmet|[of] p1a: Tusk Act IV
|-enditem|p1a: Tusk Act IV|Rocky Helmet|[from] move: Knock Off|[of] p2a: Donphan
|
|-heal|p2a: Donphan|59/100|[from] item: Leftovers
|upkeep
|turn|8
|
|t:|1776090287
|move|p1a: Tusk Act IV|Ice Spinner|p2a: Donphan
|-supereffective|p2a: Donphan
|-damage|p2a: Donphan|32/100
|move|p2a: Donphan|Rapid Spin|p1a: Tusk Act IV
|-damage|p1a: Tusk Act IV|53/100
|-boost|p2a: Donphan|spe|1
|
|-heal|p2a: Donphan|38/100|[from] item: Leftovers
|upkeep
|turn|9
|
|t:|1776090296
|move|p1a: Tusk Act IV|Headlong Rush|p2a: Donphan
|-damage|p2a: Donphan|9/100
|-unboost|p1a: Tusk Act IV|def|1
|-unboost|p1a: Tusk Act IV|spd|1
|move|p2a: Donphan|Earthquake|p1a: Tusk Act IV
|-crit|p1a: Tusk Act IV
|-damage|p1a: Tusk Act IV|0 fnt
|faint|p1a: Tusk Act IV
|-end|p1a: Tusk Act IV|Protosynthesis|[silent]
|
|-heal|p2a: Donphan|15/100|[from] item: Leftovers
|upkeep
|
|t:|1776090304
|switch|p1a: Valorant|Iron Valiant|100/100
|-enditem|p1a: Valorant|Booster Energy
|-activate|p1a: Valorant|ability: Quark Drive|[fromitem]
|-start|p1a: Valorant|quarkdrivespe
|turn|10
|
|t:|1776090315
|move|p1a: Valorant|Moonblast|p2a: Donphan
|-damage|p2a: Donphan|0 fnt
|faint|p2a: Donphan
|
|upkeep
|
|t:|1776090323
|switch|p2a: Goodra|Goodra-Hisui, M|87/100
|turn|11
|
|t:|1776090329
|move|p1a: Valorant|Calm Mind|p1a: Valorant
|-boost|p1a: Valorant|spa|1
|-boost|p1a: Valorant|spd|1
|move|p2a: Goodra|Heavy Slam|p1a: Valorant
|-supereffective|p1a: Valorant
|-damage|p1a: Valorant|0 fnt
|faint|p1a: Valorant
|-end|p1a: Valorant|Quark Drive|[silent]
|
|-heal|p2a: Goodra|93/100|[from] item: Leftovers
|upkeep
|
|t:|1776090335
|switch|p1a: OPM BABI|Hoopa-Unbound|100/100
|turn|12
|
|t:|1776090340
|-terastallize|p1a: OPM BABI|Dark
|move|p1a: OPM BABI|Hyperspace Fury|p2a: Goodra
|-damage|p2a: Goodra|0 fnt
|-unboost|p1a: OPM BABI|def|1
|faint|p2a: Goodra
|
|upkeep
|
|t:|1776090349
|switch|p2a: Mew|Mew|100/100
|turn|13
|
|t:|1776090354
|-terastallize|p2a: Mew|Fighting
|move|p2a: Mew|Dragon Dance|p2a: Mew
|-boost|p2a: Mew|atk|1
|-boost|p2a: Mew|spe|1
|move|p1a: OPM BABI|Hyperspace Fury|p2a: Mew
|-resisted|p2a: Mew
|-damage|p2a: Mew|33/100
|-unboost|p1a: OPM BABI|def|1
|
|upkeep
|turn|14
|
|t:|1776090362
|switch|p1a: MOTHMAN|Slither Wing|100/100
|move|p2a: Mew|Drain Punch|p1a: MOTHMAN
|-resisted|p1a: MOTHMAN
|-damage|p1a: MOTHMAN|81/100
|-heal|p2a: Mew|44/100|[from] drain|[of] p1a: MOTHMAN
|
|upkeep
|turn|15
|
|t:|1776090370
|move|p2a: Mew|Psychic Fangs|p1a: MOTHMAN
|-supereffective|p1a: MOTHMAN
|-damage|p1a: MOTHMAN|0 fnt
|faint|p1a: MOTHMAN
|-end|p1a: MOTHMAN|Protosynthesis|[silent]
|
|upkeep
|
|t:|1776090373
|switch|p1a: Y2K|Regice|100/100
|turn|16
|
|t:|1776090375
|move|p2a: Mew|Drain Punch|p1a: Y2K
|-supereffective|p1a: Y2K
|-damage|p1a: Y2K|2/100
|-heal|p2a: Mew|96/100|[from] drain|[of] p1a: Y2K
|move|p1a: Y2K|Explosion|p2a: Mew
|-damage|p2a: Mew|17/100
|faint|p1a: Y2K
|
|upkeep
|
|t:|1776090383
|switch|p1a: Fraudpult|Dragapult, M|72/100 psn
|turn|17
|
|t:|1776090387
|move|p2a: Mew|Psychic Fangs|p1a: Fraudpult
|-damage|p1a: Fraudpult|0 fnt
|faint|p1a: Fraudpult
|
|upkeep
|-message|zahtoo forfeited.
|
|win|64wasian
|raw|zahtoo's rating: 1301 &rarr; <strong>1283</strong><br />(-18 for losing)
|raw|64wasian's rating: 1330 &rarr; <strong>1348</strong><br />(+18 for winning)
|l|☆zahtoo
|player|p1|
|l|☆64wasian
|player|p2|
