|html|<div class="broadcast-blue"><strong>[Gen 9] OU is currently suspecting Tera Blast! For information on how to participate check out the <a href="https://www.smogon.com/tools/suspects/view/200">suspect thread</a>.</strong></div>
|j|☆kuuuwu
|j|☆Alpha1Tango88888
|t:|1776068113
|gametype|singles
|player|p1|kuuuwu|misty|1075
|player|p2|Alpha1Tango88888|fisherman-gen4|1109
|gen|9
|tier|[Gen 9] OU
|rated|
|rule|HP Percentage Mod: HP is shown in percentages
|rule|Endless Battle Clause: Forcing endless battles is banned
|rule|Species Clause: Limit one of each Pokémon
|rule|OHKO Clause: OHKO moves are banned
|rule|Evasion Items Clause: Evasion items are banned
|rule|Evasion Moves Clause: Evasion moves are banned
|rule|Evasion Abilities Clause: Evasion abilities are banned
|rule|Sleep Moves Clause: Sleep-inducing moves are banned
|clearpoke
|poke|p1|Pelipper, M|
|poke|p1|Zapdos|
|poke|p1|Ninetales, F|
|poke|p1|Overqwil, M|
|poke|p1|Ogerpon-Wellspring, F|
|poke|p1|Altaria, F|
|poke|p2|Great Tusk|
|poke|p2|Polteageist|
|poke|p2|Landorus-Therian, M|
|poke|p2|Deoxys-Defense|
|poke|p2|Gholdengo|
|poke|p2|Kyurem|
|teampreview
|
|t:|1776068119
|teamsize|p1|6
|teamsize|p2|6
|start
|switch|p1a: Pelipper|Pelipper, M|100/100
|switch|p2a: Gholdengo|Gholdengo|100/100
|-weather|RainDance|[from] ability: Drizzle|[of] p1a: Pelipper
|turn|1
|inactive|Battle timer is ON: inactive players will automatically lose when time's up. (requested by kuuuwu)
|
|t:|1776068129
|move|p2a: Gholdengo|Thunderbolt|p1a: Pelipper
|-supereffective|p1a: Pelipper
|-damage|p1a: Pelipper|0 fnt
|faint|p1a: Pelipper
|
|-weather|RainDance|[upkeep]
|upkeep
|
|t:|1776068136
|switch|p1a: Zapdos|Zapdos|100/100
|turn|2
|
|t:|1776068156
|switch|p2a: Kyurem|Kyurem|100/100
|-ability|p2a: Kyurem|Pressure
|-terastallize|p1a: Zapdos|Electric
|move|p1a: Zapdos|Weather Ball|p2a: Kyurem
|-resisted|p2a: Kyurem
|-damage|p2a: Kyurem|73/100
|
|-weather|RainDance|[upkeep]
|-heal|p2a: Kyurem|79/100|[from] item: Leftovers
|upkeep
|turn|3
|
|t:|1776068169
|move|p2a: Kyurem|Protect|p2a: Kyurem
|-singleturn|p2a: Kyurem|Protect
|move|p1a: Zapdos|Volt Switch|p2a: Kyurem
|-activate|p2a: Kyurem|move: Protect
|
|-weather|RainDance|[upkeep]
|-heal|p2a: Kyurem|85/100|[from] item: Leftovers
|upkeep
|turn|4
|
|t:|1776068180
|move|p2a: Kyurem|Freeze-Dry|p1a: Zapdos
|-damage|p1a: Zapdos|66/100
|move|p1a: Zapdos|Volt Switch|p2a: Kyurem
|-resisted|p2a: Kyurem
|-crit|p2a: Kyurem
|-damage|p2a: Kyurem|48/100
|
|t:|1776068192
|switch|p1a: Ninetales|Ninetales, F|100/100|[from] Volt Switch
|-weather|SunnyDay|[from] ability: Drought|[of] p1a: Ninetales
|-item|p1a: Ninetales|Air Balloon
|
|-weather|SunnyDay|[upkeep]
|-heal|p2a: Kyurem|54/100|[from] item: Leftovers
|upkeep
|turn|5
|inactive|Alpha1Tango88888 has 120 seconds left.
|
|t:|1776068218
|switch|p2a: Deoxys|Deoxys-Defense|100/100
|-ability|p2a: Deoxys|Pressure
|move|p1a: Ninetales|Will-O-Wisp|p2a: Deoxys
|-status|p2a: Deoxys|brn
|
|-weather|SunnyDay|[upkeep]
|-damage|p2a: Deoxys|94/100 brn|[from] brn
|upkeep
|turn|6
|inactive|Alpha1Tango88888 has 120 seconds left.
|
|t:|1776068229
|move|p1a: Ninetales|Hex|p2a: Deoxys
|-supereffective|p2a: Deoxys
|-damage|p2a: Deoxys|56/100 brn
|move|p2a: Deoxys|Calm Mind|p2a: Deoxys
|-boost|p2a: Deoxys|spa|1
|-boost|p2a: Deoxys|spd|1
|
|-weather|SunnyDay|[upkeep]
|-heal|p2a: Deoxys|62/100 brn|[from] item: Leftovers
|-damage|p2a: Deoxys|56/100 brn|[from] brn
|upkeep
|turn|7
|inactive|Alpha1Tango88888 has 120 seconds left.
|
|t:|1776068247
|move|p2a: Deoxys|Protect|p2a: Deoxys
|-singleturn|p2a: Deoxys|Protect
|move|p1a: Ninetales|Hex|p2a: Deoxys
|-activate|p2a: Deoxys|move: Protect
|
|-weather|SunnyDay|[upkeep]
|-heal|p2a: Deoxys|62/100 brn|[from] item: Leftovers
|-damage|p2a: Deoxys|56/100 brn|[from] brn
|upkeep
|turn|8
|inactive|Alpha1Tango88888 has 120 seconds left.
|
|t:|1776068261
|move|p2a: Deoxys|Protect||[still]
|-fail|p2a: Deoxys
|move|p1a: Ninetales|Hex|p2a: Deoxys
|-supereffective|p2a: Deoxys
|-damage|p2a: Deoxys|28/100 brn
|
|-weather|none
|-heal|p2a: Deoxys|34/100 brn|[from] item: Leftovers
|-damage|p2a: Deoxys|28/100 brn|[from] brn
|upkeep
|turn|9
|inactive|Alpha1Tango88888 has 120 seconds left.
|
|t:|1776068273
|switch|p1a: Overqwil|Overqwil, M|100/100
|move|p2a: Deoxys|Protect||[still]
|-fail|p2a: Deoxys
|
|-heal|p2a: Deoxys|34/100 brn|[from] item: Leftovers
|-damage|p2a: Deoxys|28/100 brn|[from] brn
|upkeep
|turn|10
|inactive|Alpha1Tango88888 has 120 seconds left.
|
|t:|1776068293
|switch|p2a: Landorus|Landorus-Therian, M|100/100
|-ability|p2a: Landorus|Intimidate|boost
|-unboost|p1a: Overqwil|atk|1
|move|p1a: Overqwil|Crunch|p2a: Landorus
|-damage|p2a: Landorus|76/100
|
|-heal|p2a: Landorus|82/100|[from] item: Leftovers
|upkeep
|turn|11
|inactive|Alpha1Tango88888 has 120 seconds left.
|
|t:|1776068302
|move|p1a: Overqwil|Liquidation|p2a: Landorus
|-supereffective|p2a: Landorus
|-damage|p2a: Landorus|43/100
|move|p2a: Landorus|Bulk Up|p2a: Landorus
|-boost|p2a: Landorus|atk|1
|-boost|p2a: Landorus|def|1
|
|-heal|p2a: Landorus|49/100|[from] item: Leftovers
|upkeep
|turn|12
|
|t:|1776068312
|move|p2a: Landorus|Protect|p2a: Landorus
|-singleturn|p2a: Landorus|Protect
|move|p1a: Overqwil|Liquidation|p2a: Landorus
|-activate|p2a: Landorus|move: Protect
|
|-heal|p2a: Landorus|55/100|[from] item: Leftovers
|upkeep
|turn|13
|inactive|Alpha1Tango88888 has 120 seconds left.
|
|t:|1776068333
|switch|p1a: Ogerpon|Ogerpon-Wellspring, F|100/100
|move|p2a: Landorus|Earthquake|p1a: Ogerpon
|-resisted|p1a: Ogerpon
|-damage|p1a: Ogerpon|53/100
|
|-heal|p2a: Landorus|61/100|[from] item: Leftovers
|upkeep
|turn|14
|inactive|Alpha1Tango88888 has 120 seconds left.
|
|t:|1776068348
|move|p1a: Ogerpon|Ivy Cudgel|p2a: Landorus|[anim] Ivy Cudgel Water
|-supereffective|p2a: Landorus
|-damage|p2a: Landorus|0 fnt
|faint|p2a: Landorus
|
|upkeep
|inactive|Alpha1Tango88888 has 120 seconds left.
|
|t:|1776068359
|switch|p2a: Gholdengo|Gholdengo|100/100
|turn|15
|inactive|Alpha1Tango88888 has 120 seconds left.
|
|t:|1776068383
|-singleturn|p2a: Gholdengo|move: Focus Punch
|move|p1a: Ogerpon|Synthesis|p1a: Ogerpon
|-heal|p1a: Ogerpon|100/100
|move|p2a: Gholdengo|Focus Punch|p1a: Ogerpon
|-damage|p1a: Ogerpon|73/100
|
|upkeep
|turn|16
|
|t:|1776068392
|switch|p2a: Deoxys|Deoxys-Defense|28/100 brn
|-ability|p2a: Deoxys|Pressure
|move|p1a: Ogerpon|Swords Dance|p1a: Ogerpon
|-boost|p1a: Ogerpon|atk|2
|
|-heal|p2a: Deoxys|34/100 brn|[from] item: Leftovers
|-damage|p2a: Deoxys|28/100 brn|[from] brn
|upkeep
|turn|17
|
|t:|1776068406
|move|p1a: Ogerpon|Play Rough|p2a: Deoxys
|-damage|p2a: Deoxys|0 fnt
|faint|p2a: Deoxys
|
|upkeep
|
|t:|1776068412
|switch|p2a: Gholdengo|Gholdengo|100/100
|turn|18
|
|t:|1776068417
|move|p2a: Gholdengo|Shadow Ball|p1a: Ogerpon
|-damage|p1a: Ogerpon|19/100
|move|p1a: Ogerpon|Ivy Cudgel|p2a: Gholdengo|[anim] Ivy Cudgel Water
|-damage|p2a: Gholdengo|0 fnt
|faint|p2a: Gholdengo
|
|upkeep
|
|t:|1776068439
|switch|p2a: Great Tusk|Great Tusk|100/100
|-enditem|p2a: Great Tusk|Booster Energy
|-activate|p2a: Great Tusk|ability: Protosynthesis|[fromitem]
|-start|p2a: Great Tusk|protosynthesisspe
|turn|19
|inactive|Alpha1Tango88888 has 90 seconds left.
|inactive|kuuuwu has 120 seconds left.
|
|t:|1776068471
|switch|p1a: Altaria|Altaria, F|100/100
|move|p2a: Great Tusk|Close Combat|p1a: Altaria
|-resisted|p1a: Altaria
|-damage|p1a: Altaria|73/100
|-unboost|p2a: Great Tusk|def|1
|-unboost|p2a: Great Tusk|spd|1
|
|-heal|p1a: Altaria|80/100|[from] item: Leftovers
|upkeep
|turn|20
|inactive|Alpha1Tango88888 has 90 seconds left.
|inactive|kuuuwu has 120 seconds left.
|
|t:|1776068483
|move|p2a: Great Tusk|Ice Spinner|p1a: Altaria
|-supereffective|p1a: Altaria
|-damage|p1a: Altaria|0 fnt
|faint|p1a: Altaria
|
|upkeep
|inactive|kuuuwu has 120 seconds left.
|
|t:|1776068494
|switch|p1a: Ninetales|Ninetales, F|100/100
|-weather|SunnyDay|[from] ability: Drought|[of] p1a: Ninetales
|-item|p1a: Ninetales|Air Balloon
|turn|21
|inactive|kuuuwu has 120 seconds left.
|inactive|Alpha1Tango88888 has 90 seconds left.
|
|t:|1776068515
|move|p2a: Great Tusk|Headlong Rush|p1a: Ninetales
|-immune|p1a: Ninetales
|move|p1a: Ninetales|Solar Beam||[still]
|-prepare|p1a: Ninetales|Solar Beam
|-anim|p1a: Ninetales|Solar Beam|p2a: Great Tusk
|-supereffective|p2a: Great Tusk
|-damage|p2a: Great Tusk|30/100
|
|-weather|SunnyDay|[upkeep]
|upkeep
|turn|22
|c|☆Alpha1Tango88888|how does a rock move not affect a fire pokemon?
|
|t:|1776068544
|move|p2a: Great Tusk|Close Combat|p1a: Ninetales
|-damage|p1a: Ninetales|43/100
|-unboost|p2a: Great Tusk|def|1
|-unboost|p2a: Great Tusk|spd|1
|-enditem|p1a: Ninetales|Air Balloon
|move|p1a: Ninetales|Solar Beam||[still]
|-prepare|p1a: Ninetales|Solar Beam
|-anim|p1a: Ninetales|Solar Beam|p2a: Great Tusk
|-supereffective|p2a: Great Tusk
|-damage|p2a: Great Tusk|0 fnt
|faint|p2a: Great Tusk
|-end|p2a: Great Tusk|Protosynthesis|[silent]
|
|-weather|SunnyDay|[upkeep]
|upkeep
|c|☆kuuuwu|it has a balloon
|inactive|Alpha1Tango88888 has 60 seconds left.
|c|☆Alpha1Tango88888|rock not affected by baloon.
|
|t:|1776068574
|switch|p2a: Polteageist|Polteageist|100/100
|turn|23
|c|☆kuuuwu|i dont know then
|
|t:|1776068591
|switch|p1a: Overqwil|Overqwil, M|100/100
|move|p2a: Polteageist|Shell Smash|p2a: Polteageist
|-unboost|p2a: Polteageist|def|1
|-unboost|p2a: Polteageist|spd|1
|-boost|p2a: Polteageist|atk|2
|-boost|p2a: Polteageist|spa|2
|-boost|p2a: Polteageist|spe|2
|
|-weather|SunnyDay|[upkeep]
|upkeep
|turn|24
|c|☆Alpha1Tango88888|i wish the report button worked. this is jank
|inactive|Alpha1Tango88888 has 60 seconds left.
|inactive|kuuuwu has 120 seconds left.
|c|☆kuuuwu|headlong rush is ground type, just checked.
|
|t:|1776068636
|move|p2a: Polteageist|Shell Smash|p2a: Polteageist
|-unboost|p2a: Polteageist|def|1
|-unboost|p2a: Polteageist|spd|1
|-boost|p2a: Polteageist|atk|2
|-boost|p2a: Polteageist|spa|2
|-boost|p2a: Polteageist|spe|2
|move|p1a: Overqwil|Crunch|p2a: Polteageist
|-supereffective|p2a: Polteageist
|-enditem|p2a: Polteageist|Focus Sash
|-damage|p2a: Polteageist|1/100
|-ability|p2a: Polteageist|Weak Armor|boost
|-unboost|p2a: Polteageist|def|1
|-boost|p2a: Polteageist|spe|2
|
|-weather|SunnyDay|[upkeep]
|upkeep
|turn|25
|inactive|Alpha1Tango88888 has 30 seconds left.
|
|t:|1776068653
|move|p2a: Polteageist|Dark Pulse|p1a: Overqwil
|-resisted|p1a: Overqwil
|-damage|p1a: Overqwil|54/100
|move|p1a: Overqwil|Crunch|p2a: Polteageist
|-supereffective|p2a: Polteageist
|-damage|p2a: Polteageist|0 fnt
|faint|p2a: Polteageist
|
|-weather|none
|upkeep
|inactive|Alpha1Tango88888 has 30 seconds left.
|
|t:|1776068662
|switch|p2a: Kyurem|Kyurem|54/100
|-ability|p2a: Kyurem|Pressure
|turn|26
|
|t:|1776068670
|move|p2a: Kyurem|Freeze-Dry|p1a: Overqwil
|-damage|p1a: Overqwil|15/100
|move|p1a: Overqwil|Barb Barrage|p2a: Kyurem
|-crit|p2a: Kyurem
|-damage|p2a: Kyurem|8/100
|-status|p2a: Kyurem|psn
|
|-heal|p2a: Kyurem|14/100 psn|[from] item: Leftovers
|-damage|p2a: Kyurem|2/100 psn|[from] psn
|upkeep
|turn|27
|inactive|Alpha1Tango88888 has 30 seconds left.
|-message|Alpha1Tango88888 forfeited.
|
|win|kuuuwu
|raw|kuuuwu's rating: 1075 &rarr; <strong>1107</strong><br />(+32 for winning)
|raw|Alpha1Tango88888's rating: 1109 &rarr; <strong>1082</strong><br />(-27 for losing)
|l|☆Alpha1Tango88888
|player|p2|
|l|☆kuuuwu
|player|p1|
