|html|<div class="broadcast-blue"><strong>[Gen 9] OU is currently suspecting Tera Blast! For information on how to participate check out the <a href="https://www.smogon.com/tools/suspects/view/200">suspect thread</a>.</strong></div>
|j|☆Pokeoscar35
|j|☆tcyvu
|t:|1776122898
|gametype|singles
|player|p1|Pokeoscar35|102|1333
|player|p2|tcyvu|101|1376
|gen|9
|tier|[Gen 9] OU
|rated|
|rule|HP Percentage Mod: HP is shown in percentages
|rule|Endless Battle Clause: Forcing endless battles is banned
|rule|Species Clause: Limit one of each Pokémon
|rule|OHKO Clause: OHKO moves are banned
|rule|Evasion Items Clause: Evasion items are banned
|rule|Evasion Moves Clause: Evasion moves are banned
|rule|Evasion Abilities Clause: Evasion abilities are banned
|rule|Sleep Moves Clause: Sleep-inducing moves are banned
|clearpoke
|poke|p1|Gholdengo|
|poke|p1|Iron Valiant|
|poke|p1|Slowking-Galar, M|
|poke|p1|Samurott-Hisui, M|
|poke|p1|Gliscor, M|
|poke|p1|Dragonite, F|
|poke|p2|Lokix, M|
|poke|p2|Pecharunt|
|poke|p2|Zamazenta-*|
|poke|p2|Ting-Lu|
|poke|p2|Latios, M|
|poke|p2|Gliscor, F|
|teampreview
|inactive|Battle timer is ON: inactive players will automatically lose when time's up. (requested by Pokeoscar35)
|
|t:|1776122932
|teamsize|p1|6
|teamsize|p2|6
|start
|switch|p1a: Gliscor|Gliscor, M|100/100
|switch|p2a: Gliscor|Gliscor, F|100/100
|turn|1
|
|t:|1776122944
|move|p1a: Gliscor|Substitute|p1a: Gliscor
|-start|p1a: Gliscor|Substitute
|-damage|p1a: Gliscor|76/100
|move|p2a: Gliscor|Knock Off|p1a: Gliscor
|-crit|p1a: Gliscor
|-activate|p1a: Gliscor|move: Substitute|[damage]
|
|-status|p1a: Gliscor|tox|[from] item: Toxic Orb
|-status|p2a: Gliscor|tox|[from] item: Toxic Orb
|upkeep
|turn|2
|
|t:|1776122950
|switch|p1a: Samurott|Samurott-Hisui, M|100/100
|move|p2a: Gliscor|Spikes|p1a: Samurott
|-sidestart|p1: Pokeoscar35|Spikes
|
|upkeep
|turn|3
|
|t:|1776122961
|move|p2a: Gliscor|U-turn|p1a: Samurott
|-supereffective|p1a: Samurott
|-damage|p1a: Samurott|66/100
|
|t:|1776122980
|switch|p2a: Zamazenta|Zamazenta|100/100|[from] U-turn
|-ability|p2a: Zamazenta|Dauntless Shield|boost
|-boost|p2a: Zamazenta|def|1
|move|p1a: Samurott|Ceaseless Edge|p2a: Zamazenta|[miss]
|-miss|p1a: Samurott|p2a: Zamazenta
|
|upkeep
|turn|4
|
|t:|1776122992
|switch|p1a: Gliscor|Gliscor, M|76/100 tox
|move|p2a: Zamazenta|Close Combat|p1a: Gliscor
|-resisted|p1a: Gliscor
|-damage|p1a: Gliscor|52/100 tox
|-unboost|p2a: Zamazenta|def|1
|-unboost|p2a: Zamazenta|spd|1
|
|-heal|p1a: Gliscor|64/100 tox|[from] ability: Poison Heal
|upkeep
|turn|5
|
|t:|1776122995
|move|p2a: Zamazenta|Ice Fang|p1a: Gliscor
|-supereffective|p1a: Gliscor
|-damage|p1a: Gliscor|4/100 tox
|move|p1a: Gliscor|Toxic|p2a: Zamazenta
|-status|p2a: Zamazenta|tox
|
|-damage|p2a: Zamazenta|94/100 tox|[from] psn
|-heal|p1a: Gliscor|17/100 tox|[from] ability: Poison Heal
|upkeep
|turn|6
|
|t:|1776123000
|switch|p2a: Latios|Latios, M|100/100
|move|p1a: Gliscor|Protect||[still]
|-fail|p1a: Gliscor
|
|-heal|p1a: Gliscor|29/100 tox|[from] ability: Poison Heal
|upkeep
|turn|7
|
|t:|1776123004
|move|p1a: Gliscor|Protect|p1a: Gliscor
|-singleturn|p1a: Gliscor|Protect
|move|p2a: Latios|Draco Meteor|p1a: Gliscor
|-activate|p1a: Gliscor|move: Protect
|
|-heal|p1a: Gliscor|42/100 tox|[from] ability: Poison Heal
|upkeep
|turn|8
|
|t:|1776123010
|switch|p1a: Slowking|Slowking-Galar, M|100/100
|-damage|p1a: Slowking|88/100|[from] Spikes
|move|p2a: Latios|Draco Meteor|p1a: Slowking
|-crit|p1a: Slowking
|-damage|p1a: Slowking|43/100
|-unboost|p2a: Latios|spa|2
|
|upkeep
|turn|9
|
|t:|1776123012
|switch|p1a: Samurott|Samurott-Hisui, M|66/100
|-damage|p1a: Samurott|54/100|[from] Spikes
|move|p2a: Latios|Flip Turn|p1a: Samurott
|-resisted|p1a: Samurott
|-damage|p1a: Samurott|47/100
|
|t:|1776123017
|switch|p2a: Lokix|Lokix, M|100/100|[from] Flip Turn
|
|upkeep
|turn|10
|inactive|Pokeoscar35 has 120 seconds left.
|
|t:|1776123067
|move|p2a: Lokix|U-turn|p1a: Samurott
|-supereffective|p1a: Samurott
|-damage|p1a: Samurott|0 fnt
|faint|p1a: Samurott
|
|t:|1776123073
|switch|p2a: Ting-Lu|Ting-Lu|100/100|[from] U-turn
|-ability|p2a: Ting-Lu|Vessel of Ruin
|
|upkeep
|l|☆Pokeoscar35
|inactive|Pokeoscar35 disconnected and has a minute to reconnect!
|player|p1|
|inactive|Pokeoscar35 has 30 seconds to reconnect!
|inactive|Pokeoscar35 has 20 seconds to reconnect!
|inactive|Pokeoscar35 has 15 seconds to reconnect!
|inactive|Pokeoscar35 has 10 seconds to reconnect!
|inactive|Pokeoscar35 has 5 seconds to reconnect!
|-message|Pokeoscar35 lost due to inactivity.
|
|win|tcyvu
|raw|Pokeoscar35's rating: 1333 &rarr; <strong>1315</strong><br />(-18 for losing)
|raw|tcyvu's rating: 1376 &rarr; <strong>1394</strong><br />(+18 for winning)
