|html|<div class="broadcast-blue"><strong>[Gen 9] OU is currently suspecting Volcarona! For information on how to participate check out the <a href="https://www.smogon.com/tools/suspects/view/208">suspect thread</a>.</strong></div>
|j|☆Jona64962
|j|☆miruredflere
|t:|1778517567
|gametype|singles
|player|p1|Jona64962|unknown|1233
|player|p2|miruredflere|ash|1195
|gen|9
|tier|[Gen 9] OU
|rated|
|rule|HP Percentage Mod: HP is shown in percentages
|rule|Endless Battle Clause: Forcing endless battles is banned
|rule|Species Clause: Limit one of each Pokémon
|rule|OHKO Clause: OHKO moves are banned
|rule|Evasion Items Clause: Evasion items are banned
|rule|Evasion Moves Clause: Evasion moves are banned
|rule|Evasion Abilities Clause: Evasion abilities are banned
|rule|Sleep Moves Clause: Sleep-inducing moves are banned
|clearpoke
|poke|p1|Regigigas|
|poke|p1|Gholdengo|
|poke|p1|Kommo-o, M|
|poke|p1|Wo-Chien|
|poke|p1|Gliscor, M|
|poke|p1|Kingambit, F|
|poke|p2|Meowscarada, F|
|poke|p2|Raging Bolt|
|poke|p2|Iron Valiant|
|poke|p2|Zoroark-Hisui, M|
|poke|p2|Great Tusk|
|poke|p2|Jirachi|
|teampreview
|inactive|Battle timer is ON: inactive players will automatically lose when time's up. (requested by Jona64962)
|
|t:|1778517594
|teamsize|p1|6
|teamsize|p2|6
|start
|switch|p1a: Wo-Chien|Wo-Chien|100/100
|switch|p2a: Not great|Great Tusk, shiny|100/100
|-ability|p1a: Wo-Chien|Tablets of Ruin
|turn|1
|
|t:|1778517607
|move|p2a: Not great|Bulk Up|p2a: Not great
|-boost|p2a: Not great|atk|1
|-boost|p2a: Not great|def|1
|move|p1a: Wo-Chien|Ruination|p2a: Not great
|-damage|p2a: Not great|50/100
|
|upkeep
|turn|2
|
|t:|1778517616
|move|p2a: Not great|Body Press|p1a: Wo-Chien
|-supereffective|p1a: Wo-Chien
|-damage|p1a: Wo-Chien|14/100
|move|p1a: Wo-Chien|Giga Drain|p2a: Not great
|-supereffective|p2a: Not great
|-damage|p2a: Not great|0 fnt
|-heal|p1a: Wo-Chien|39/100|[from] drain|[of] p2a: Not great
|faint|p2a: Not great
|-end|p2a: Not great|Protosynthesis|[silent]
|
|upkeep
|
|t:|1778517623
|switch|p2a: Not valiant|Iron Valiant, shiny|100/100
|turn|3
|
|t:|1778517627
|move|p2a: Not valiant|Vacuum Wave|p1a: Wo-Chien
|-supereffective|p1a: Wo-Chien
|-damage|p1a: Wo-Chien|18/100
|move|p1a: Wo-Chien|Leech Seed|p2a: Not valiant
|-start|p2a: Not valiant|move: Leech Seed
|
|-damage|p2a: Not valiant|88/100|[from] Leech Seed|[of] p1a: Wo-Chien
|-heal|p1a: Wo-Chien|28/100|[silent]
|upkeep
|turn|4
|
|t:|1778517634
|move|p2a: Not valiant|Vacuum Wave|p1a: Wo-Chien
|-supereffective|p1a: Wo-Chien
|-damage|p1a: Wo-Chien|3/100
|move|p1a: Wo-Chien|Ruination|p2a: Not valiant
|-damage|p2a: Not valiant|44/100
|
|-damage|p2a: Not valiant|32/100|[from] Leech Seed|[of] p1a: Wo-Chien
|-heal|p1a: Wo-Chien|13/100|[silent]
|upkeep
|turn|5
|
|t:|1778517640
|move|p1a: Wo-Chien|Protect|p1a: Wo-Chien
|-singleturn|p1a: Wo-Chien|Protect
|move|p2a: Not valiant|Vacuum Wave|p1a: Wo-Chien
|-activate|p1a: Wo-Chien|move: Protect
|
|-damage|p2a: Not valiant|20/100|[from] Leech Seed|[of] p1a: Wo-Chien
|-heal|p1a: Wo-Chien|23/100|[silent]
|upkeep
|turn|6
|
|t:|1778517649
|switch|p1a: Regigigas|Regigigas|100/100
|-start|p1a: Regigigas|ability: Slow Start
|move|p2a: Not valiant|Vacuum Wave|p1a: Regigigas
|-supereffective|p1a: Regigigas
|-damage|p1a: Regigigas|64/100
|
|-heal|p1a: Regigigas|70/100|[from] item: Leftovers
|-damage|p2a: Not valiant|7/100|[from] Leech Seed|[of] p1a: Regigigas
|-heal|p1a: Regigigas|80/100|[silent]
|upkeep
|turn|7
|
|t:|1778517658
|move|p2a: Not valiant|Close Combat|p1a: Regigigas
|-supereffective|p1a: Regigigas
|-damage|p1a: Regigigas|0 fnt
|-unboost|p2a: Not valiant|def|1
|-unboost|p2a: Not valiant|spd|1
|faint|p1a: Regigigas
|-end|p1a: Regigigas|Slow Start|[silent]
|
|upkeep
|
|t:|1778517666
|switch|p1a: Kommo-o|Kommo-o, M|100/100
|turn|8
|
|t:|1778517675
|move|p2a: Not valiant|Moonblast|p1a: Kommo-o
|-supereffective|p1a: Kommo-o
|-damage|p1a: Kommo-o|0 fnt
|faint|p1a: Kommo-o
|
|upkeep
|
|t:|1778517680
|switch|p1a: Wo-Chien|Wo-Chien|23/100
|-ability|p1a: Wo-Chien|Tablets of Ruin
|turn|9
|
|t:|1778517692
|move|p1a: Wo-Chien|Protect|p1a: Wo-Chien
|-singleturn|p1a: Wo-Chien|Protect
|move|p2a: Not valiant|Moonblast|p1a: Wo-Chien
|-activate|p1a: Wo-Chien|move: Protect
|
|-damage|p2a: Not valiant|0 fnt|[from] Leech Seed|[of] p1a: Wo-Chien
|-heal|p1a: Wo-Chien|28/100|[silent]
|faint|p2a: Not valiant
|-end|p2a: Not valiant|Quark Drive|[silent]
|upkeep
|
|t:|1778517699
|switch|p2a: NOPLAY NO FUN|Jirachi|100/100
|turn|10
|
|t:|1778517706
|move|p2a: NOPLAY NO FUN|Burning Jealousy|p1a: Wo-Chien
|-supereffective|p1a: Wo-Chien
|-damage|p1a: Wo-Chien|0 fnt
|faint|p1a: Wo-Chien
|
|upkeep
|
|t:|1778517718
|switch|p1a: Gliscor|Gliscor, M|100/100
|turn|11
|
|t:|1778517730
|move|p2a: NOPLAY NO FUN|Bitter Malice|p1a: Gliscor
|-damage|p1a: Gliscor|36/100
|-unboost|p1a: Gliscor|atk|1
|move|p1a: Gliscor|Stealth Rock|p2a: NOPLAY NO FUN
|-sidestart|p2: miruredflere|move: Stealth Rock
|
|-status|p1a: Gliscor|tox|[from] item: Toxic Orb
|upkeep
|turn|12
|
|t:|1778517738
|move|p2a: NOPLAY NO FUN|Bitter Malice|p1a: Gliscor
|-damage|p1a: Gliscor|0 fnt
|faint|p1a: Gliscor
|
|upkeep
|
|t:|1778517741
|switch|p1a: Kingambit|Kingambit, F|100/100
|-activate|p1a: Kingambit|ability: Supreme Overlord
|-start|p1a: Kingambit|fallen4|[silent]
|turn|13
|
|t:|1778517749
|move|p2a: NOPLAY NO FUN|Burning Jealousy|p1a: Kingambit
|-supereffective|p1a: Kingambit
|-damage|p1a: Kingambit|52/100
|move|p1a: Kingambit|Swords Dance|p1a: Kingambit
|-boost|p1a: Kingambit|atk|2
|
|upkeep
|turn|14
|
|t:|1778517755
|move|p1a: Kingambit|Sucker Punch|p2a: NOPLAY NO FUN
|-supereffective|p2a: NOPLAY NO FUN
|-enditem|p2a: NOPLAY NO FUN|Focus Sash
|-damage|p2a: NOPLAY NO FUN|1/100
|replace|p2a: Surprise 🤡|Zoroark-Hisui, M, shiny
|-end|p2a: Surprise 🤡|Illusion
|-damage|p1a: Kingambit|43/100|[from] item: Life Orb
|move|p2a: Surprise 🤡|Burning Jealousy|p1a: Kingambit
|-supereffective|p1a: Kingambit
|-damage|p1a: Kingambit|0 fnt
|faint|p1a: Kingambit
|-end|p1a: Kingambit|fallen4|[silent]
|
|upkeep
|
|t:|1778517759
|switch|p1a: Gholdengo|Gholdengo|100/100
|-item|p1a: Gholdengo|Air Balloon
|turn|15
|-message|Jona64962 forfeited.
|
|win|miruredflere
|raw|Jona64962's rating: 1233 &rarr; <strong>1205</strong><br />(-28 for losing)
|raw|miruredflere's rating: 1195 &rarr; <strong>1223</strong><br />(+28 for winning)
|l|☆Jona64962
|player|p1|
|c|☆miruredflere|Gg
|l|☆miruredflere
|player|p2|
