|html|<div class="broadcast-blue"><strong>[Gen 9] OU is currently suspecting Tera Blast! For information on how to participate check out the <a href="https://www.smogon.com/tools/suspects/view/200">suspect thread</a>.</strong></div>
|j|☆Yep c moi
|j|☆nerdy_head
|t:|1776069514
|gametype|singles
|player|p1|Yep c moi|aaron|1544
|player|p2|nerdy_head|swimmer-gen4|1545
|gen|9
|tier|[Gen 9] OU
|rated|
|rule|HP Percentage Mod: HP is shown in percentages
|rule|Endless Battle Clause: Forcing endless battles is banned
|rule|Species Clause: Limit one of each Pokémon
|rule|OHKO Clause: OHKO moves are banned
|rule|Evasion Items Clause: Evasion items are banned
|rule|Evasion Moves Clause: Evasion moves are banned
|rule|Evasion Abilities Clause: Evasion abilities are banned
|rule|Sleep Moves Clause: Sleep-inducing moves are banned
|clearpoke
|poke|p1|Kyurem|
|poke|p1|Corviknight, F|
|poke|p1|Ting-Lu|
|poke|p1|Dondozo, F|
|poke|p1|Slowking-Galar, M|
|poke|p1|Cinderace, F|
|poke|p2|Deoxys-Speed|
|poke|p2|Ceruledge, F|
|poke|p2|Zamazenta-*|
|poke|p2|Glimmora, F|
|poke|p2|Kommo-o, F|
|poke|p2|Ogerpon-Wellspring, F|
|teampreview
|j| ohko_smeargle
|inactive|Battle timer is ON: inactive players will automatically lose when time's up. (requested by nerdy_head)
|
|t:|1776069530
|teamsize|p1|6
|teamsize|p2|6
|start
|switch|p1a: Kyurem|Kyurem|100/100
|switch|p2a: Glimmora|Glimmora, F|100/100
|-ability|p1a: Kyurem|Pressure
|turn|1
|
|t:|1776069537
|move|p1a: Kyurem|Earth Power|p2a: Glimmora
|-supereffective|p2a: Glimmora
|-enditem|p2a: Glimmora|Focus Sash
|-damage|p2a: Glimmora|1/100
|move|p2a: Glimmora|Stealth Rock|p1a: Kyurem
|-sidestart|p1: Yep c moi|move: Stealth Rock
|
|upkeep
|turn|2
|
|t:|1776069545
|move|p1a: Kyurem|Earth Power|p2a: Glimmora
|-supereffective|p2a: Glimmora
|-damage|p2a: Glimmora|0 fnt
|faint|p2a: Glimmora
|
|upkeep
|
|t:|1776069575
|switch|p2a: Deoxys|Deoxys-Speed|100/100
|-ability|p2a: Deoxys|Pressure
|turn|3
|
|t:|1776069588
|move|p2a: Deoxys|Taunt|p1a: Kyurem
|-start|p1a: Kyurem|move: Taunt
|cant|p1a: Kyurem|move: Taunt|Substitute
|
|upkeep
|turn|4
|
|t:|1776069595
|switch|p1a: Ting-Lu|Ting-Lu|100/100
|-damage|p1a: Ting-Lu|94/100|[from] Stealth Rock
|-ability|p1a: Ting-Lu|Vessel of Ruin
|move|p2a: Deoxys|Light Screen|p2a: Deoxys
|-sidestart|p2: nerdy_head|move: Light Screen
|
|-heal|p1a: Ting-Lu|100/100|[from] item: Leftovers
|upkeep
|turn|5
|
|t:|1776069605
|move|p2a: Deoxys|Reflect|p2a: Deoxys
|-sidestart|p2: nerdy_head|Reflect
|move|p1a: Ting-Lu|Payback|p2a: Deoxys
|-supereffective|p2a: Deoxys
|-damage|p2a: Deoxys|56/100
|
|upkeep
|turn|6
|
|t:|1776069610
|move|p2a: Deoxys|Taunt|p1a: Ting-Lu
|-start|p1a: Ting-Lu|move: Taunt
|move|p1a: Ting-Lu|Payback|p2a: Deoxys
|-supereffective|p2a: Deoxys
|-damage|p2a: Deoxys|11/100
|
|upkeep
|turn|7
|
|t:|1776069622
|move|p2a: Deoxys|Light Screen||[still]
|-fail|p2a: Deoxys
|move|p1a: Ting-Lu|Earthquake|p2a: Deoxys
|-crit|p2a: Deoxys
|-damage|p2a: Deoxys|0 fnt
|faint|p2a: Deoxys
|
|upkeep
|
|t:|1776069642
|switch|p2a: Kommo-o|Kommo-o, F|100/100
|turn|8
|
|t:|1776069649
|switch|p1a: Dondozo|Dondozo, F|100/100
|-damage|p1a: Dondozo|88/100|[from] Stealth Rock
|move|p2a: Kommo-o|Clangorous Soul|p2a: Kommo-o
|-boost|p2a: Kommo-o|atk|1
|-boost|p2a: Kommo-o|def|1
|-boost|p2a: Kommo-o|spa|1
|-boost|p2a: Kommo-o|spd|1
|-boost|p2a: Kommo-o|spe|1
|-damage|p2a: Kommo-o|68/100
|-enditem|p2a: Kommo-o|Throat Spray
|-boost|p2a: Kommo-o|spa|1|[from] item: Throat Spray
|
|-heal|p1a: Dondozo|94/100|[from] item: Leftovers
|upkeep
|turn|9
|
|t:|1776069663
|-terastallize|p2a: Kommo-o|Normal
|move|p2a: Kommo-o|Boomburst|p1a: Dondozo
|-damage|p1a: Dondozo|58/100
|move|p1a: Dondozo|Curse|p1a: Dondozo
|-unboost|p1a: Dondozo|spe|1
|-boost|p1a: Dondozo|atk|1
|-boost|p1a: Dondozo|def|1
|
|-heal|p1a: Dondozo|64/100|[from] item: Leftovers
|upkeep
|turn|10
|
|t:|1776069674
|move|p2a: Kommo-o|Boomburst|p1a: Dondozo
|-damage|p1a: Dondozo|27/100
|move|p1a: Dondozo|Rest|p1a: Dondozo
|-status|p1a: Dondozo|slp|[from] move: Rest
|-heal|p1a: Dondozo|100/100 slp|[silent]
|
|upkeep
|turn|11
|
|t:|1776069683
|move|p2a: Kommo-o|Boomburst|p1a: Dondozo
|-damage|p1a: Dondozo|60/100 slp
|cant|p1a: Dondozo|slp
|
|-heal|p1a: Dondozo|66/100 slp|[from] item: Leftovers
|-sideend|p2: nerdy_head|move: Light Screen
|upkeep
|turn|12
|
|t:|1776069690
|move|p2a: Kommo-o|Boomburst|p1a: Dondozo
|-damage|p1a: Dondozo|28/100 slp
|cant|p1a: Dondozo|slp
|
|-heal|p1a: Dondozo|34/100 slp|[from] item: Leftovers
|-sideend|p2: nerdy_head|Reflect
|upkeep
|turn|13
|
|t:|1776069699
|switch|p1a: Corviknight|Corviknight, F|100/100
|-damage|p1a: Corviknight|88/100|[from] Stealth Rock
|-ability|p1a: Corviknight|Pressure
|move|p2a: Kommo-o|Boomburst|p1a: Corviknight
|-resisted|p1a: Corviknight
|-damage|p1a: Corviknight|34/100
|
|upkeep
|turn|14
|
|t:|1776069710
|move|p2a: Kommo-o|Boomburst|p1a: Corviknight
|-resisted|p1a: Corviknight
|-damage|p1a: Corviknight|0 fnt
|faint|p1a: Corviknight
|
|upkeep
|
|t:|1776069713
|switch|p1a: Kyurem|Kyurem|100/100
|-damage|p1a: Kyurem|75/100|[from] Stealth Rock
|-ability|p1a: Kyurem|Pressure
|turn|15
|
|t:|1776069728
|move|p1a: Kyurem|Protect|p1a: Kyurem
|-singleturn|p1a: Kyurem|Protect
|move|p2a: Kommo-o|Boomburst|p1a: Kyurem
|-activate|p1a: Kyurem|move: Protect
|
|-heal|p1a: Kyurem|82/100|[from] item: Leftovers
|upkeep
|turn|16
|
|t:|1776069734
|move|p1a: Kyurem|Protect||[still]
|-fail|p1a: Kyurem
|move|p2a: Kommo-o|Boomburst|p1a: Kyurem
|-damage|p1a: Kyurem|0 fnt
|faint|p1a: Kyurem
|
|upkeep
|
|t:|1776069741
|switch|p1a: Slowking|Slowking-Galar, M|100/100
|-damage|p1a: Slowking|88/100|[from] Stealth Rock
|turn|17
|-message|Yep c moi forfeited.
|
|win|nerdy_head
|raw|Yep c moi's rating: 1544 &rarr; <strong>1524</strong><br />(-20 for losing)
|raw|nerdy_head's rating: 1545 &rarr; <strong>1565</strong><br />(+20 for winning)
|l|☆Yep c moi
|player|p1|
|l| ohko_smeargle
