|html|<div class="broadcast-blue"><strong>[Gen 9] OU is currently suspecting Tera Blast! For information on how to participate check out the <a href="https://www.smogon.com/tools/suspects/view/200">suspect thread</a>.</strong></div>
|badge|p2|bronze|gen9ou|100-9
|uhtml|medal-msg|<div class="broadcast-blue">Curious what those medals under the avatar are? PS now has Ladder Seasons! For more information, check out the <a href="https://www.smogon.com/forums/threads/3740067/">thread on Smogon.</a></div>
|j|☆Dr. Drake6782
|j|☆miaoTV-青
|t:|1776040152
|gametype|singles
|player|p1|Dr. Drake6782|hilbert-masters|1706
|player|p2|miaoTV-青|elesa|1864
|gen|9
|tier|[Gen 9] OU
|rated|
|rule|HP Percentage Mod: HP is shown in percentages
|rule|Endless Battle Clause: Forcing endless battles is banned
|rule|Species Clause: Limit one of each Pokémon
|rule|OHKO Clause: OHKO moves are banned
|rule|Evasion Items Clause: Evasion items are banned
|rule|Evasion Moves Clause: Evasion moves are banned
|rule|Evasion Abilities Clause: Evasion abilities are banned
|rule|Sleep Moves Clause: Sleep-inducing moves are banned
|clearpoke
|poke|p1|Slowking-Galar, M|
|poke|p1|Ting-Lu|
|poke|p1|Hydrapple, M|
|poke|p1|Corviknight, M|
|poke|p1|Cinderace, F|
|poke|p1|Dondozo, M|
|poke|p2|Ogerpon-Wellspring, F|
|poke|p2|Dondozo, F|
|poke|p2|Cinderace, F|
|poke|p2|Landorus-Therian, M|
|poke|p2|Slowking-Galar, L99, M|
|poke|p2|Tyranitar, M|
|teampreview
|inactive|Battle timer is ON: inactive players will automatically lose when time's up. (requested by Dr. Drake6782)
|inactive|Dr. Drake6782 has 120 seconds left.
|inactive|Dr. Drake6782 has 90 seconds left.
|
|t:|1776040217
|teamsize|p1|6
|teamsize|p2|6
|start
|switch|p1a: Slowking|Slowking-Galar, M, shiny|100/100
|switch|p2a: 红小将|Cinderace, F|100/100
|turn|1
|
|t:|1776040225
|move|p2a: 红小将|U-turn|p1a: Slowking
|-start|p2a: 红小将|typechange|Bug|[from] ability: Libero
|-damage|p1a: Slowking|72/100
|
|t:|1776040237
|switch|p2a: 庆丰帝|Slowking-Galar, L99, M, shiny|100/100|[from] U-turn
|move|p1a: Slowking|Sludge Bomb|p2a: 庆丰帝
|-resisted|p2a: 庆丰帝
|-damage|p2a: 庆丰帝|87/100
|
|-heal|p1a: Slowking|78/100|[from] item: Black Sludge
|upkeep
|turn|2
|
|t:|1776040253
|move|p1a: Slowking|Trick|p2a: 庆丰帝
|-activate|p1a: Slowking|move: Trick|[of] p2a: 庆丰帝
|-item|p2a: 庆丰帝|Black Sludge|[from] move: Trick
|-item|p1a: Slowking|Rocky Helmet|[from] move: Trick
|-prepare|p2a: 庆丰帝|Chilly Reception|[premajor]
|move|p2a: 庆丰帝|Chilly Reception|p2a: 庆丰帝
|-weather|Snowscape
|j| Palletclown
|l|☆miaoTV-青
|inactive|miaoTV-青 disconnected and has a minute to reconnect!
|player|p2|
|inactive|miaoTV-青 has 30 seconds to reconnect!
|j|☆miaoTV-青
|inactive|miaoTV-青 reconnected and has 100 seconds left.
|player|p2|miaoTV-青|elesa|
|
|t:|1776040299
|switch|p2a: 毛腊肉|Tyranitar, M|100/100|[from] Chilly Reception
|-weather|Sandstorm|[from] ability: Sand Stream|[of] p2a: 毛腊肉
|
|-weather|Sandstorm|[upkeep]
|-damage|p1a: Slowking|72/100|[from] Sandstorm
|upkeep
|turn|3
|inactive|Dr. Drake6782 has 120 seconds left.
|l| Palletclown
|
|t:|1776040346
|switch|p1a: Hydrapple|Hydrapple, M, shiny|100/100
|move|p2a: 毛腊肉|Thunderbolt|p1a: Hydrapple
|-resisted|p1a: Hydrapple
|-damage|p1a: Hydrapple|94/100
|
|-weather|Sandstorm|[upkeep]
|-damage|p1a: Hydrapple|88/100|[from] Sandstorm
|-heal|p1a: Hydrapple|94/100|[from] item: Leftovers
|upkeep
|turn|4
|
|t:|1776040352
|move|p2a: 毛腊肉|Ice Beam|p1a: Hydrapple
|-supereffective|p1a: Hydrapple
|-damage|p1a: Hydrapple|0 fnt
|faint|p1a: Hydrapple
|
|-weather|Sandstorm|[upkeep]
|upkeep
|
|t:|1776040359
|switch|p1a: Ting-Lu|Ting-Lu|100/100
|-ability|p1a: Ting-Lu|Vessel of Ruin
|turn|5
|
|t:|1776040362
|switch|p2a: 江母狗|Ogerpon-Wellspring, F|100/100
|move|p1a: Ting-Lu|Payback|p2a: 江母狗
|-damage|p2a: 江母狗|75/100
|
|-weather|Sandstorm|[upkeep]
|-damage|p2a: 江母狗|69/100|[from] Sandstorm
|upkeep
|turn|6
|
|t:|1776040370
|switch|p1a: Slowking|Slowking-Galar, M, shiny|100/100
|move|p2a: 江母狗|Ivy Cudgel|p1a: Slowking|[anim] Ivy Cudgel Water
|-damage|p1a: Slowking|53/100
|
|-weather|none
|upkeep
|turn|7
|
|t:|1776040374
|-terastallize|p2a: 江母狗|Water
|detailschange|p2a: 江母狗|Ogerpon-Wellspring-Tera, F, tera:Water
|-ability|p2a: 江母狗|Embody Aspect (Wellspring)|boost
|-boost|p2a: 江母狗|spd|1
|move|p2a: 江母狗|Ivy Cudgel|p1a: Slowking|[anim] Ivy Cudgel Water
|-crit|p1a: Slowking
|-damage|p1a: Slowking|0 fnt
|faint|p1a: Slowking
|
|upkeep
|
|t:|1776040377
|switch|p1a: Cinderace|Cinderace, F|100/100
|turn|8
|
|t:|1776040382
|switch|p2a: 庆丰帝|Slowking-Galar, L99, M, shiny|100/100
|move|p1a: Cinderace|Will-O-Wisp|p2a: 庆丰帝
|-status|p2a: 庆丰帝|brn
|
|-damage|p2a: 庆丰帝|94/100 brn|[from] brn
|upkeep
|turn|9
|c|☆miaoTV-青|hi
|c|☆miaoTV-青|ruok
|
|t:|1776040411
|move|p1a: Cinderace|U-turn|p2a: 庆丰帝
|-damage|p2a: 庆丰帝|78/100 brn
|c|☆Dr. Drake6782|no
|
|t:|1776040417
|switch|p1a: Ting-Lu|Ting-Lu|100/100|[from] U-turn
|-ability|p1a: Ting-Lu|Vessel of Ruin
|-prepare|p2a: 庆丰帝|Chilly Reception|[premajor]
|move|p2a: 庆丰帝|Chilly Reception|p2a: 庆丰帝
|-weather|Snowscape
|
|t:|1776040420
|switch|p2a: 江母狗|Ogerpon-Wellspring-Tera, F, tera:Water|69/100|[from] Chilly Reception
|-ability|p2a: 江母狗|Embody Aspect (Wellspring)|boost
|-boost|p2a: 江母狗|spd|1
|
|-weather|Snowscape|[upkeep]
|upkeep
|turn|10
|
|t:|1776040427
|switch|p1a: Dondozo|Dondozo, M|100/100
|move|p2a: 江母狗|Ivy Cudgel|p1a: Dondozo|[anim] Ivy Cudgel Water
|-resisted|p1a: Dondozo
|-damage|p1a: Dondozo|75/100
|
|-weather|Snowscape|[upkeep]
|-heal|p1a: Dondozo|81/100|[from] item: Leftovers
|upkeep
|turn|11
|
|t:|1776040430
|move|p2a: 江母狗|Horn Leech|p1a: Dondozo
|-supereffective|p1a: Dondozo
|-damage|p1a: Dondozo|30/100
|-heal|p2a: 江母狗|100/100|[from] drain|[of] p1a: Dondozo
|move|p1a: Dondozo|Curse|p1a: Dondozo
|-unboost|p1a: Dondozo|spe|1
|-boost|p1a: Dondozo|atk|1
|-boost|p1a: Dondozo|def|1
|
|-weather|Snowscape|[upkeep]
|-heal|p1a: Dondozo|36/100|[from] item: Leftovers
|upkeep
|turn|12
|
|t:|1776040443
|-terastallize|p1a: Dondozo|Dark
|move|p2a: 江母狗|U-turn|p1a: Dondozo
|-supereffective|p1a: Dondozo
|-damage|p1a: Dondozo|13/100
|
|t:|1776040450
|switch|p2a: 毛腊肉|Tyranitar, M|100/100|[from] U-turn
|-weather|Sandstorm|[from] ability: Sand Stream|[of] p2a: 毛腊肉
|move|p1a: Dondozo|Rest|p1a: Dondozo
|-status|p1a: Dondozo|slp|[from] move: Rest
|-heal|p1a: Dondozo|100/100 slp|[silent]
|
|-weather|Sandstorm|[upkeep]
|-damage|p1a: Dondozo|94/100 slp|[from] Sandstorm
|-heal|p1a: Dondozo|100/100 slp|[from] item: Leftovers
|upkeep
|turn|13
|
|t:|1776040454
|move|p2a: 毛腊肉|Knock Off|p1a: Dondozo
|-resisted|p1a: Dondozo
|-damage|p1a: Dondozo|93/100 slp
|-enditem|p1a: Dondozo|Leftovers|[from] move: Knock Off|[of] p2a: 毛腊肉
|cant|p1a: Dondozo|slp
|move|p1a: Dondozo|Sleep Talk|p1a: Dondozo
|move|p1a: Dondozo|Curse|p1a: Dondozo|[from] move: Sleep Talk
|-unboost|p1a: Dondozo|spe|1
|-boost|p1a: Dondozo|atk|1
|-boost|p1a: Dondozo|def|1
|
|-weather|Sandstorm|[upkeep]
|-damage|p1a: Dondozo|87/100 slp|[from] Sandstorm
|upkeep
|turn|14
|
|t:|1776040461
|switch|p2a: 水晶棺|Dondozo, F|100/100
|cant|p1a: Dondozo|slp
|move|p1a: Dondozo|Sleep Talk|p1a: Dondozo
|move|p1a: Dondozo|Curse|p1a: Dondozo|[from] move: Sleep Talk
|-unboost|p1a: Dondozo|spe|1
|-boost|p1a: Dondozo|atk|1
|-boost|p1a: Dondozo|def|1
|
|-weather|Sandstorm|[upkeep]
|-damage|p2a: 水晶棺|94/100|[from] Sandstorm
|-damage|p1a: Dondozo|81/100 slp|[from] Sandstorm
|upkeep
|turn|15
|
|t:|1776040474
|move|p2a: 水晶棺|Body Press|p1a: Dondozo
|-supereffective|p1a: Dondozo
|-damage|p1a: Dondozo|47/100 slp
|-curestatus|p1a: Dondozo|slp|[msg]
|move|p1a: Dondozo|Liquidation|p2a: 水晶棺
|-resisted|p2a: 水晶棺
|-damage|p2a: 水晶棺|87/100
|
|-weather|Sandstorm|[upkeep]
|-damage|p2a: 水晶棺|81/100|[from] Sandstorm
|-damage|p1a: Dondozo|40/100|[from] Sandstorm
|upkeep
|turn|16
|
|t:|1776040482
|switch|p2a: 庆丰帝|Slowking-Galar, L99, M, shiny|100/100 brn
|move|p1a: Dondozo|Rest|p1a: Dondozo
|-status|p1a: Dondozo|slp|[from] move: Rest
|-heal|p1a: Dondozo|100/100 slp|[silent]
|
|-weather|none
|-damage|p2a: 庆丰帝|94/100 brn|[from] brn
|upkeep
|turn|17
|
|t:|1776040488
|switch|p2a: 水晶棺|Dondozo, F|81/100
|cant|p1a: Dondozo|slp
|move|p1a: Dondozo|Sleep Talk|p1a: Dondozo
|move|p1a: Dondozo|Liquidation|p2a: 水晶棺|[from] move: Sleep Talk
|-resisted|p2a: 水晶棺
|-damage|p2a: 水晶棺|75/100
|
|upkeep
|turn|18
|
|t:|1776040499
|move|p2a: 水晶棺|Body Press|p1a: Dondozo
|-supereffective|p1a: Dondozo
|-damage|p1a: Dondozo|67/100 slp
|cant|p1a: Dondozo|slp
|
|upkeep
|turn|19
|
|t:|1776040505
|move|p2a: 水晶棺|Curse|p2a: 水晶棺
|-unboost|p2a: 水晶棺|spe|1
|-boost|p2a: 水晶棺|atk|1
|-boost|p2a: 水晶棺|def|1
|-curestatus|p1a: Dondozo|slp|[msg]
|move|p1a: Dondozo|Liquidation|p2a: 水晶棺
|-resisted|p2a: 水晶棺
|-damage|p2a: 水晶棺|68/100
|
|upkeep
|turn|20
|
|t:|1776040509
|move|p2a: 水晶棺|Curse|p2a: 水晶棺
|-unboost|p2a: 水晶棺|spe|1
|-boost|p2a: 水晶棺|atk|1
|-boost|p2a: 水晶棺|def|1
|move|p1a: Dondozo|Liquidation|p2a: 水晶棺
|-resisted|p2a: 水晶棺
|-damage|p2a: 水晶棺|61/100
|
|upkeep
|turn|21
|-message|Dr. Drake6782 forfeited.
|
|win|miaoTV-青
|raw|Dr. Drake6782's rating: 1706 &rarr; <strong>1695</strong><br />(-11 for losing)
|raw|miaoTV-青's rating: 1864 &rarr; <strong>1875</strong><br />(+11 for winning)
|l|☆Dr. Drake6782
|player|p1|
|l|☆miaoTV-青
|player|p2|
