|html|<div class="broadcast-blue"><strong>[Gen 9] OU is currently suspecting Tera Blast! For information on how to participate check out the <a href="https://www.smogon.com/tools/suspects/view/200">suspect thread</a>.</strong></div>
|j|☆Badaboom07
|j|☆Tihvdggv
|t:|1776057837
|gametype|singles
|player|p1|Badaboom07|burglar|1127
|player|p2|Tihvdggv|170|1128
|gen|9
|tier|[Gen 9] OU
|rated|
|rule|HP Percentage Mod: HP is shown in percentages
|rule|Endless Battle Clause: Forcing endless battles is banned
|rule|Species Clause: Limit one of each Pokémon
|rule|OHKO Clause: OHKO moves are banned
|rule|Evasion Items Clause: Evasion items are banned
|rule|Evasion Moves Clause: Evasion moves are banned
|rule|Evasion Abilities Clause: Evasion abilities are banned
|rule|Sleep Moves Clause: Sleep-inducing moves are banned
|clearpoke
|poke|p1|Ceruledge, M|
|poke|p1|Golurk|
|poke|p1|Meowscarada, M|
|poke|p1|Kyurem|
|poke|p1|Dragapult, M|
|poke|p1|Enamorus, F|
|poke|p2|Samurott-Hisui, M|
|poke|p2|Great Tusk|
|poke|p2|Dragapult, F|
|poke|p2|Dragonite, M|
|poke|p2|Kingambit, M|
|poke|p2|Raging Bolt|
|teampreview
|inactive|Battle timer is ON: inactive players will automatically lose when time's up. (requested by Tihvdggv)
|
|t:|1776057841
|teamsize|p1|6
|teamsize|p2|6
|start
|switch|p1a: Femboyus|Enamorus, F|100/100
|switch|p2a: Samurott|Samurott-Hisui, M|100/100
|turn|1
|
|t:|1776057851
|switch|p2a: Kingambit|Kingambit, M|100/100
|move|p1a: Femboyus|Tailwind|p1a: Femboyus
|-sidestart|p1: Badaboom07|move: Tailwind
|
|upkeep
|turn|2
|
|t:|1776057860
|move|p1a: Femboyus|Superpower|p2a: Kingambit
|-supereffective|p2a: Kingambit
|-damage|p2a: Kingambit|17/100
|-boost|p1a: Femboyus|atk|1
|-boost|p1a: Femboyus|def|1
|move|p2a: Kingambit|Swords Dance|p2a: Kingambit
|-boost|p2a: Kingambit|atk|2
|
|upkeep
|turn|3
|
|t:|1776057869
|move|p2a: Kingambit|Sucker Punch|p1a: Femboyus
|-resisted|p1a: Femboyus
|-damage|p1a: Femboyus|54/100
|move|p1a: Femboyus|Superpower|p2a: Kingambit
|-supereffective|p2a: Kingambit
|-damage|p2a: Kingambit|0 fnt
|-boost|p1a: Femboyus|atk|1
|-boost|p1a: Femboyus|def|1
|faint|p2a: Kingambit
|-end|p2a: Kingambit|fallenundefined|[silent]
|
|-heal|p1a: Femboyus|60/100|[from] item: Leftovers
|upkeep
|
|t:|1776057881
|switch|p2a: Raging Bolt|Raging Bolt|100/100
|-enditem|p2a: Raging Bolt|Booster Energy
|-activate|p2a: Raging Bolt|ability: Protosynthesis|[fromitem]
|-start|p2a: Raging Bolt|protosynthesisspa
|turn|4
|
|t:|1776057887
|move|p2a: Raging Bolt|Thunderclap|p1a: Femboyus
|-supereffective|p1a: Femboyus
|-damage|p1a: Femboyus|0 fnt
|faint|p1a: Femboyus
|
|-sideend|p1: Badaboom07|move: Tailwind
|upkeep
|
|t:|1776057899
|switch|p1a: Dragapult|Dragapult, M|100/100
|turn|5
|
|t:|1776057911
|-end|p2a: Raging Bolt|Protosynthesis|[silent]
|switch|p2a: Great Tusk|Great Tusk|100/100
|-enditem|p2a: Great Tusk|Booster Energy
|-activate|p2a: Great Tusk|ability: Protosynthesis|[fromitem]
|-start|p2a: Great Tusk|protosynthesisatk
|move|p1a: Dragapult|Dragon Dance|p1a: Dragapult
|-boost|p1a: Dragapult|atk|1
|-boost|p1a: Dragapult|spe|1
|
|upkeep
|turn|6
|
|t:|1776057922
|move|p1a: Dragapult|Dragon Dance|p1a: Dragapult
|-boost|p1a: Dragapult|atk|1
|-boost|p1a: Dragapult|spe|1
|move|p2a: Great Tusk|Bulk Up|p2a: Great Tusk
|-boost|p2a: Great Tusk|atk|1
|-boost|p2a: Great Tusk|def|1
|
|upkeep
|turn|7
|
|t:|1776057929
|move|p1a: Dragapult|Dragon Dance|p1a: Dragapult
|-boost|p1a: Dragapult|atk|1
|-boost|p1a: Dragapult|spe|1
|move|p2a: Great Tusk|Headlong Rush|p1a: Dragapult
|-enditem|p1a: Dragapult|Focus Sash
|-damage|p1a: Dragapult|1/100
|-unboost|p2a: Great Tusk|def|1
|-unboost|p2a: Great Tusk|spd|1
|
|upkeep
|turn|8
|
|t:|1776057940
|move|p1a: Dragapult|Acrobatics|p2a: Great Tusk
|-supereffective|p2a: Great Tusk
|-damage|p2a: Great Tusk|0 fnt
|faint|p2a: Great Tusk
|-end|p2a: Great Tusk|Protosynthesis|[silent]
|
|upkeep
|
|t:|1776057947
|switch|p2a: Samurott|Samurott-Hisui, M|100/100
|turn|9
|
|t:|1776057955
|move|p2a: Samurott|Sucker Punch|p1a: Dragapult
|-supereffective|p1a: Dragapult
|-crit|p1a: Dragapult
|-damage|p1a: Dragapult|0 fnt
|faint|p1a: Dragapult
|
|upkeep
|
|t:|1776057960
|switch|p1a: Rada|Meowscarada, M|100/100
|turn|10
|
|t:|1776057967
|switch|p2a: Dragapult|Dragapult, F|100/100
|move|p1a: Rada|Flower Trick|p2a: Dragapult
|-start|p1a: Rada|typechange|Grass|[from] ability: Protean
|-resisted|p2a: Dragapult
|-crit|p2a: Dragapult
|-damage|p2a: Dragapult|66/100
|
|upkeep
|turn|11
|
|t:|1776057984
|-terastallize|p1a: Rada|Ice
|move|p2a: Dragapult|Dragon Dance|p2a: Dragapult
|-boost|p2a: Dragapult|atk|1
|-boost|p2a: Dragapult|spe|1
|move|p1a: Rada|Triple Axel|p2a: Dragapult
|-supereffective|p2a: Dragapult
|-crit|p2a: Dragapult
|-damage|p2a: Dragapult|24/100
|-supereffective|p2a: Dragapult
|-damage|p2a: Dragapult|0 fnt
|faint|p2a: Dragapult
|-hitcount|p2: Dragapult|2
|
|upkeep
|
|t:|1776058002
|switch|p2a: Samurott|Samurott-Hisui, M|100/100
|turn|12
|
|t:|1776058006
|move|p1a: Rada|Flower Trick|p2a: Samurott
|-supereffective|p2a: Samurott
|-crit|p2a: Samurott
|-enditem|p2a: Samurott|Focus Sash
|-damage|p2a: Samurott|1/100
|move|p2a: Samurott|Swords Dance|p2a: Samurott
|-boost|p2a: Samurott|atk|2
|
|upkeep
|turn|13
|
|t:|1776058015
|move|p2a: Samurott|Sucker Punch|p1a: Rada
|-damage|p1a: Rada|0 fnt
|faint|p1a: Rada
|
|upkeep
|
|t:|1776058019
|switch|p1a: Loaded|Kyurem, shiny|100/100
|-ability|p1a: Loaded|Pressure
|turn|14
|
|t:|1776058025
|move|p2a: Samurott|Sucker Punch||[still]
|-fail|p2a: Samurott
|move|p1a: Loaded|Dragon Dance|p1a: Loaded
|-boost|p1a: Loaded|atk|1
|-boost|p1a: Loaded|spe|1
|
|upkeep
|turn|15
|
|t:|1776058031
|move|p2a: Samurott|Sucker Punch||[still]
|-fail|p2a: Samurott
|move|p1a: Loaded|Dragon Dance|p1a: Loaded
|-boost|p1a: Loaded|atk|1
|-boost|p1a: Loaded|spe|1
|
|upkeep
|turn|16
|
|t:|1776058037
|move|p2a: Samurott|Sucker Punch||[still]
|-fail|p2a: Samurott
|move|p1a: Loaded|Dragon Dance|p1a: Loaded
|-boost|p1a: Loaded|atk|1
|-boost|p1a: Loaded|spe|1
|
|upkeep
|turn|17
|
|t:|1776058043
|move|p1a: Loaded|Dragon Dance|p1a: Loaded
|-boost|p1a: Loaded|atk|1
|-boost|p1a: Loaded|spe|1
|move|p2a: Samurott|Ceaseless Edge|p1a: Loaded|[miss]
|-miss|p2a: Samurott|p1a: Loaded
|
|upkeep
|turn|18
|
|t:|1776058051
|move|p1a: Loaded|Dragon Dance|p1a: Loaded
|-boost|p1a: Loaded|atk|1
|-boost|p1a: Loaded|spe|1
|move|p2a: Samurott|Ceaseless Edge|p1a: Loaded
|-crit|p1a: Loaded
|-damage|p1a: Loaded|0 fnt
|-sidestart|p1: Badaboom07|Spikes
|faint|p1a: Loaded
|
|upkeep
|
|t:|1776058057
|switch|p1a: Honorable|Golurk, shiny|100/100
|turn|19
|
|t:|1776058067
|move|p2a: Samurott|Aqua Cutter|p1a: Honorable
|-supereffective|p1a: Honorable
|-damage|p1a: Honorable|0 fnt
|faint|p1a: Honorable
|
|upkeep
|
|t:|1776058069
|switch|p1a: Shadow|Ceruledge, M, shiny|100/100
|-damage|p1a: Shadow|88/100|[from] Spikes
|turn|20
|
|t:|1776058076
|move|p2a: Samurott|Aqua Cutter|p1a: Shadow
|-supereffective|p1a: Shadow
|-damage|p1a: Shadow|0 fnt
|faint|p1a: Shadow
|
|win|Tihvdggv
|raw|Badaboom07's rating: 1127 &rarr; <strong>1102</strong><br />(-25 for losing)
|raw|Tihvdggv's rating: 1128 &rarr; <strong>1153</strong><br />(+25 for winning)
|l|☆Tihvdggv
|player|p2|
|l|☆Badaboom07
|player|p1|
