|html|<div class="broadcast-blue"><strong>[Gen 9] OU is currently suspecting Tera Blast! For information on how to participate check out the <a href="https://www.smogon.com/tools/suspects/view/200">suspect thread</a>.</strong></div>
|j|☆DcBaker
|j|‽Agentpiku
|t:|1776135317
|gametype|singles
|player|p1|DcBaker|pokemonrangerf|1187
|player|p2|Agentpiku|101|1135
|gen|9
|tier|[Gen 9] OU
|rated|
|rule|HP Percentage Mod: HP is shown in percentages
|rule|Endless Battle Clause: Forcing endless battles is banned
|rule|Species Clause: Limit one of each Pokémon
|rule|OHKO Clause: OHKO moves are banned
|rule|Evasion Items Clause: Evasion items are banned
|rule|Evasion Moves Clause: Evasion moves are banned
|rule|Evasion Abilities Clause: Evasion abilities are banned
|rule|Sleep Moves Clause: Sleep-inducing moves are banned
|clearpoke
|poke|p1|Deoxys-Speed|
|poke|p1|Ceruledge, F|
|poke|p1|Zamazenta-*|
|poke|p1|Ogerpon-Wellspring, F|
|poke|p1|Glimmora, F|
|poke|p1|Moltres-Galar|
|poke|p2|Haxorus, F|
|poke|p2|Darkrai|
|poke|p2|Primarina, M|
|poke|p2|Corviknight, M|
|poke|p2|Ursaluna, M|
|poke|p2|Deoxys-Speed|
|teampreview
|inactive|Battle timer is ON: inactive players will automatically lose when time's up. (requested by DcBaker)
|
|t:|1776135340
|teamsize|p1|6
|teamsize|p2|6
|start
|switch|p1a: gimmie|Glimmora, F|100/100
|switch|p2a: Darkrai|Darkrai|100/100
|turn|1
|
|t:|1776135347
|move|p2a: Darkrai|Ice Beam|p1a: gimmie
|-damage|p1a: gimmie|58/100
|move|p1a: gimmie|Meteor Beam||[still]
|-prepare|p1a: gimmie|Meteor Beam
|-boost|p1a: gimmie|spa|1
|-enditem|p1a: gimmie|Power Herb
|-anim|p1a: gimmie|Meteor Beam|p2a: Darkrai
|-crit|p2a: Darkrai
|-damage|p2a: Darkrai|0 fnt
|faint|p2a: Darkrai
|
|upkeep
|
|t:|1776135353
|switch|p2a: Deoxys|Deoxys-Speed|100/100
|-ability|p2a: Deoxys|Pressure
|turn|2
|
|t:|1776135361
|move|p2a: Deoxys|Psycho Boost|p1a: gimmie|[miss]
|-miss|p2a: Deoxys|p1a: gimmie
|move|p1a: gimmie|Stealth Rock|p2a: Deoxys
|-sidestart|p2: Agentpiku|move: Stealth Rock
|
|upkeep
|turn|3
|
|t:|1776135373
|move|p2a: Deoxys|Psycho Boost|p1a: gimmie
|-supereffective|p1a: gimmie
|-damage|p1a: gimmie|0 fnt
|-unboost|p2a: Deoxys|spa|2
|faint|p1a: gimmie
|-damage|p2a: Deoxys|91/100|[from] item: Life Orb
|
|upkeep
|
|t:|1776135390
|switch|p1a: Sara|Ceruledge, F|100/100
|turn|4
|
|t:|1776135397
|move|p1a: Sara|Shadow Sneak|p2a: Deoxys
|-supereffective|p2a: Deoxys
|-damage|p2a: Deoxys|0 fnt
|faint|p2a: Deoxys
|-damage|p1a: Sara|91/100|[from] item: Life Orb
|
|upkeep
|
|t:|1776135401
|switch|p2a: Primarina|Primarina, M|100/100
|-damage|p2a: Primarina|88/100|[from] Stealth Rock
|turn|5
|
|t:|1776135410
|move|p1a: Sara|Poltergeist|p2a: Primarina
|-activate|p2a: Primarina|move: Poltergeist|Assault Vest
|-damage|p2a: Primarina|0 fnt
|faint|p2a: Primarina
|-damage|p1a: Sara|81/100|[from] item: Life Orb
|
|upkeep
|
|t:|1776135417
|switch|p2a: Ursaluna|Ursaluna, M|100/100
|-damage|p2a: Ursaluna|94/100|[from] Stealth Rock
|turn|6
|
|t:|1776135437
|move|p1a: Sara|Swords Dance|p1a: Sara
|-boost|p1a: Sara|atk|2
|move|p2a: Ursaluna|Headlong Rush|p1a: Sara
|-supereffective|p1a: Sara
|-damage|p1a: Sara|0 fnt
|-unboost|p2a: Ursaluna|def|1
|-unboost|p2a: Ursaluna|spd|1
|faint|p1a: Sara
|
|-status|p2a: Ursaluna|brn|[from] item: Flame Orb
|upkeep
|
|t:|1776135453
|switch|p1a: ZAHM|Zamazenta|100/100
|-ability|p1a: ZAHM|Dauntless Shield|boost
|-boost|p1a: ZAHM|def|1
|turn|7
|
|t:|1776135464
|switch|p2a: Haxorus|Haxorus, F, shiny|100/100
|-damage|p2a: Haxorus|88/100|[from] Stealth Rock
|-ability|p2a: Haxorus|Mold Breaker
|move|p1a: ZAHM|Body Press|p2a: Haxorus
|-crit|p2a: Haxorus
|-damage|p2a: Haxorus|0 fnt
|faint|p2a: Haxorus
|
|upkeep
|
|t:|1776135466
|switch|p2a: Corviknight|Corviknight, M|100/100
|-damage|p2a: Corviknight|88/100|[from] Stealth Rock
|-ability|p2a: Corviknight|Pressure
|turn|8
|
|t:|1776135476
|move|p2a: Corviknight|Brave Bird|p1a: ZAHM
|-supereffective|p1a: ZAHM
|-damage|p1a: ZAHM|65/100
|-damage|p2a: Corviknight|79/100|[from] Recoil
|move|p1a: ZAHM|Roar|p2a: Corviknight
|drag|p2a: Ursaluna|Ursaluna, M|94/100 brn
|-damage|p2a: Ursaluna|88/100 brn|[from] Stealth Rock
|
|-heal|p1a: ZAHM|71/100|[from] item: Leftovers
|-damage|p2a: Ursaluna|82/100 brn|[from] brn
|upkeep
|turn|9
|
|t:|1776135484
|switch|p2a: Corviknight|Corviknight, M|79/100
|-damage|p2a: Corviknight|66/100|[from] Stealth Rock
|-ability|p2a: Corviknight|Pressure
|move|p1a: ZAHM|Body Press|p2a: Corviknight
|-damage|p2a: Corviknight|34/100
|-damage|p1a: ZAHM|54/100|[from] item: Rocky Helmet|[of] p2a: Corviknight
|
|-heal|p1a: ZAHM|60/100|[from] item: Leftovers
|upkeep
|turn|10
|
|t:|1776135495
|move|p1a: ZAHM|Iron Defense|p1a: ZAHM
|-boost|p1a: ZAHM|def|2
|move|p2a: Corviknight|Brave Bird|p1a: ZAHM
|-supereffective|p1a: ZAHM
|-damage|p1a: ZAHM|40/100
|-damage|p2a: Corviknight|28/100|[from] Recoil
|
|-heal|p1a: ZAHM|46/100|[from] item: Leftovers
|upkeep
|turn|11
|
|t:|1776135499
|move|p1a: ZAHM|Body Press|p2a: Corviknight
|-damage|p2a: Corviknight|0 fnt
|-damage|p1a: ZAHM|29/100|[from] item: Rocky Helmet|[of] p2a: Corviknight
|faint|p2a: Corviknight
|
|-heal|p1a: ZAHM|35/100|[from] item: Leftovers
|upkeep
|
|t:|1776135502
|switch|p2a: Ursaluna|Ursaluna, M|82/100 brn
|-damage|p2a: Ursaluna|76/100 brn|[from] Stealth Rock
|turn|12
|
|t:|1776135507
|-terastallize|p2a: Ursaluna|Normal
|move|p1a: ZAHM|Body Press|p2a: Ursaluna
|-supereffective|p2a: Ursaluna
|-damage|p2a: Ursaluna|0 fnt
|faint|p2a: Ursaluna
|
|win|DcBaker
|raw|DcBaker's rating: 1187 &rarr; <strong>1208</strong><br />(+21 for winning)
|raw|Agentpiku's rating: 1135 &rarr; <strong>1114</strong><br />(-21 for losing)
