|html|<div class="broadcast-blue"><strong>[Gen 9] OU is currently suspecting Tera Blast! For information on how to participate check out the <a href="https://www.smogon.com/tools/suspects/view/200">suspect thread</a>.</strong></div>
|j|☆Hari2025
|j|☆fullmelmetal101
|t:|1776331702
|gametype|singles
|player|p1|Hari2025|2|1177
|player|p2|fullmelmetal101|plasmagrunt-gen5bw|1203
|gen|9
|tier|[Gen 9] OU
|rated|
|rule|HP Percentage Mod: HP is shown in percentages
|rule|Endless Battle Clause: Forcing endless battles is banned
|rule|Species Clause: Limit one of each Pokémon
|rule|OHKO Clause: OHKO moves are banned
|rule|Evasion Items Clause: Evasion items are banned
|rule|Evasion Moves Clause: Evasion moves are banned
|rule|Evasion Abilities Clause: Evasion abilities are banned
|rule|Sleep Moves Clause: Sleep-inducing moves are banned
|clearpoke
|poke|p1|Gliscor, M|
|poke|p1|Raging Bolt|
|poke|p1|Ogerpon, F|
|poke|p1|Dondozo, F|
|poke|p1|Primarina, M|
|poke|p1|Weezing-Galar, M|
|poke|p2|Garganacl, F|
|poke|p2|Volcanion|
|poke|p2|Weezing-Galar, F|
|poke|p2|Darkrai|
|poke|p2|Deoxys-Speed|
|poke|p2|Incineroar, M|
|teampreview
|inactive|Battle timer is ON: inactive players will automatically lose when time's up. (requested by Hari2025)
|inactive|Hari2025 has 120 seconds left.
|
|t:|1776331764
|teamsize|p1|6
|teamsize|p2|6
|start
|switch|p1a: Ogerpon|Ogerpon, F|100/100
|switch|p2a: Incineroar|Incineroar, M|100/100
|-ability|p2a: Incineroar|Intimidate|boost
|-unboost|p1a: Ogerpon|atk|1
|-ability|p1a: Ogerpon|Defiant|boost
|-boost|p1a: Ogerpon|atk|2
|-item|p2a: Incineroar|Air Balloon
|turn|1
|
|t:|1776331782
|move|p1a: Ogerpon|U-turn|p2a: Incineroar
|-damage|p2a: Incineroar|39/100
|-enditem|p2a: Incineroar|Air Balloon
|
|t:|1776331789
|switch|p1a: Dondozo|Dondozo, F|100/100|[from] U-turn
|move|p2a: Incineroar|Will-O-Wisp|p1a: Dondozo
|-status|p1a: Dondozo|brn
|
|-damage|p1a: Dondozo|94/100 brn|[from] brn
|upkeep
|turn|2
|
|t:|1776331799
|move|p2a: Incineroar|Parting Shot|p1a: Dondozo
|-unboost|p1a: Dondozo|atk|1
|-unboost|p1a: Dondozo|spa|1
|
|t:|1776331806
|switch|p2a: Volcanion|Volcanion|100/100|[from] Parting Shot
|move|p1a: Dondozo|Body Slam|p2a: Volcanion
|-damage|p2a: Volcanion|96/100
|
|-heal|p2a: Volcanion|100/100|[from] item: Leftovers
|-heal|p1a: Dondozo|100/100 brn|[from] item: Leftovers
|-damage|p1a: Dondozo|94/100 brn|[from] brn
|upkeep
|turn|3
|
|t:|1776331826
|switch|p2a: Garganacl|Garganacl, F, shiny|100/100
|move|p1a: Dondozo|Body Slam|p2a: Garganacl
|-resisted|p2a: Garganacl
|-damage|p2a: Garganacl|99/100
|
|-heal|p1a: Dondozo|100/100 brn|[from] item: Leftovers
|-heal|p2a: Garganacl|100/100|[from] item: Leftovers
|-damage|p1a: Dondozo|94/100 brn|[from] brn
|upkeep
|turn|4
|
|t:|1776331838
|move|p1a: Dondozo|Wave Crash|p2a: Garganacl
|-supereffective|p2a: Garganacl
|-damage|p2a: Garganacl|82/100
|-damage|p1a: Dondozo|90/100 brn|[from] Recoil
|move|p2a: Garganacl|Salt Cure|p1a: Dondozo
|-damage|p1a: Dondozo|83/100 brn
|-start|p1a: Dondozo|Salt Cure
|
|-heal|p1a: Dondozo|89/100 brn|[from] item: Leftovers
|-heal|p2a: Garganacl|89/100|[from] item: Leftovers
|-damage|p1a: Dondozo|83/100 brn|[from] brn
|-damage|p1a: Dondozo|58/100 brn|[from] Salt Cure
|upkeep
|turn|5
|inactive|fullmelmetal101 has 120 seconds left.
|
|t:|1776331859
|move|p1a: Dondozo|Body Slam|p2a: Garganacl
|-resisted|p2a: Garganacl
|-damage|p2a: Garganacl|87/100
|move|p2a: Garganacl|Salt Cure|p1a: Dondozo
|-damage|p1a: Dondozo|52/100 brn
|
|-heal|p1a: Dondozo|58/100 brn|[from] item: Leftovers
|-heal|p2a: Garganacl|93/100|[from] item: Leftovers
|-damage|p1a: Dondozo|52/100 brn|[from] brn
|-damage|p1a: Dondozo|27/100 brn|[from] Salt Cure
|upkeep
|turn|6
|inactive|fullmelmetal101 has 120 seconds left.
|
|t:|1776331871
|move|p1a: Dondozo|Rest|p1a: Dondozo
|-status|p1a: Dondozo|slp|[from] move: Rest
|-heal|p1a: Dondozo|100/100 slp|[silent]
|move|p2a: Garganacl|Curse|p2a: Garganacl
|-unboost|p2a: Garganacl|spe|1
|-boost|p2a: Garganacl|atk|1
|-boost|p2a: Garganacl|def|1
|
|-heal|p2a: Garganacl|99/100|[from] item: Leftovers
|-damage|p1a: Dondozo|75/100 slp|[from] Salt Cure
|upkeep
|turn|7
|inactive|fullmelmetal101 has 120 seconds left.
|
|t:|1776331889
|switch|p1a: Primarina|Primarina, M|100/100
|switch|p2a: Incineroar|Incineroar, M|39/100
|-ability|p2a: Incineroar|Intimidate|boost
|-unboost|p1a: Primarina|atk|1
|
|upkeep
|turn|8
|inactive|fullmelmetal101 has 120 seconds left.
|
|t:|1776331898
|switch|p2a: Volcanion|Volcanion|100/100
|move|p1a: Primarina|Moonblast|p2a: Volcanion
|-resisted|p2a: Volcanion
|-damage|p2a: Volcanion|79/100
|-unboost|p2a: Volcanion|spa|1
|
|-heal|p2a: Volcanion|85/100|[from] item: Leftovers
|upkeep
|turn|9
|inactive|fullmelmetal101 has 120 seconds left.
|
|t:|1776331912
|switch|p1a: Dondozo|Dondozo, F|75/100 slp
|move|p2a: Volcanion|Sludge Bomb|p1a: Dondozo
|-damage|p1a: Dondozo|49/100 slp
|
|-heal|p2a: Volcanion|91/100|[from] item: Leftovers
|-heal|p1a: Dondozo|55/100 slp|[from] item: Leftovers
|upkeep
|turn|10
|inactive|fullmelmetal101 has 120 seconds left.
|
|t:|1776331922
|move|p2a: Volcanion|Sludge Bomb|p1a: Dondozo
|-damage|p1a: Dondozo|25/100 slp
|cant|p1a: Dondozo|slp
|move|p1a: Dondozo|Sleep Talk|p1a: Dondozo
|move|p1a: Dondozo|Body Slam|p2a: Volcanion|[from] move: Sleep Talk
|-damage|p2a: Volcanion|77/100
|
|-heal|p2a: Volcanion|83/100|[from] item: Leftovers
|-heal|p1a: Dondozo|32/100 slp|[from] item: Leftovers
|upkeep
|turn|11
|inactive|fullmelmetal101 has 120 seconds left.
|
|t:|1776331936
|switch|p1a: Gliscor|Gliscor, M|100/100
|move|p2a: Volcanion|Sludge Bomb|p1a: Gliscor
|-resisted|p1a: Gliscor
|-damage|p1a: Gliscor|89/100
|
|-heal|p2a: Volcanion|89/100|[from] item: Leftovers
|-status|p1a: Gliscor|tox|[from] item: Toxic Orb
|upkeep
|turn|12
|
|t:|1776331947
|move|p1a: Gliscor|Protect|p1a: Gliscor
|-singleturn|p1a: Gliscor|Protect
|move|p2a: Volcanion|Steam Eruption|p1a: Gliscor
|-activate|p1a: Gliscor|move: Protect
|
|-heal|p2a: Volcanion|95/100|[from] item: Leftovers
|-heal|p1a: Gliscor|100/100 tox|[from] ability: Poison Heal
|upkeep
|turn|13
|
|t:|1776331958
|switch|p2a: Incineroar|Incineroar, M|39/100
|-ability|p2a: Incineroar|Intimidate|boost
|-unboost|p1a: Gliscor|atk|1
|-terastallize|p1a: Gliscor|Water
|move|p1a: Gliscor|Earthquake|p2a: Incineroar
|-supereffective|p2a: Incineroar
|-damage|p2a: Incineroar|0 fnt
|faint|p2a: Incineroar
|
|upkeep
|inactive|fullmelmetal101 has 120 seconds left.
|
|t:|1776331970
|switch|p2a: Garganacl|Garganacl, F, shiny|99/100
|turn|14
|
|t:|1776331973
|switch|p1a: Primarina|Primarina, M|100/100
|move|p2a: Garganacl|Salt Cure|p1a: Primarina
|-damage|p1a: Primarina|82/100
|-start|p1a: Primarina|Salt Cure
|
|-heal|p2a: Garganacl|100/100|[from] item: Leftovers
|-damage|p1a: Primarina|58/100|[from] Salt Cure
|upkeep
|turn|15
|
|t:|1776331983
|move|p2a: Garganacl|Protect|p2a: Garganacl
|-singleturn|p2a: Garganacl|Protect
|move|p1a: Primarina|Psychic Noise|p2a: Garganacl
|-activate|p2a: Garganacl|move: Protect
|
|-damage|p1a: Primarina|33/100|[from] Salt Cure
|upkeep
|turn|16
|
|t:|1776331995
|switch|p1a: Raging Bolt|Raging Bolt|100/100
|switch|p2a: Volcanion|Volcanion|95/100
|
|-heal|p2a: Volcanion|100/100|[from] item: Leftovers
|upkeep
|turn|17
|
|t:|1776332011
|-terastallize|p2a: Volcanion|Fire
|move|p1a: Raging Bolt|Thunderbolt|p2a: Volcanion
|-damage|p2a: Volcanion|30/100
|-status|p2a: Volcanion|par
|move|p2a: Volcanion|Earth Power|p1a: Raging Bolt
|-supereffective|p1a: Raging Bolt
|-damage|p1a: Raging Bolt|49/100
|
|-heal|p2a: Volcanion|36/100 par|[from] item: Leftovers
|upkeep
|turn|18
|
|t:|1776332030
|switch|p2a: Weezing|Weezing-Galar, F, shiny|100/100
|-ability|p2a: Weezing|Neutralizing Gas
|move|p1a: Raging Bolt|Thunderbolt|p2a: Weezing
|-crit|p2a: Weezing
|-damage|p2a: Weezing|0 fnt
|faint|p2a: Weezing
|-end|p2a: Weezing|ability: Neutralizing Gas
|
|upkeep
|inactive|fullmelmetal101 has 120 seconds left.
|
|t:|1776332044
|switch|p2a: Garganacl|Garganacl, F, shiny|100/100
|turn|19
|
|t:|1776332048
|move|p1a: Raging Bolt|Thunderbolt|p2a: Garganacl
|-damage|p2a: Garganacl|42/100
|move|p2a: Garganacl|Salt Cure|p1a: Raging Bolt
|-damage|p1a: Raging Bolt|37/100
|-start|p1a: Raging Bolt|Salt Cure
|
|-heal|p2a: Garganacl|48/100|[from] item: Leftovers
|-damage|p1a: Raging Bolt|25/100|[from] Salt Cure
|upkeep
|turn|20
|
|t:|1776332068
|-end|p1a: Raging Bolt|Protosynthesis|[silent]
|switch|p1a: Ogerpon|Ogerpon, F|100/100
|switch|p2a: Darkrai|Darkrai, shiny|100/100
|
|upkeep
|turn|21
|
|t:|1776332081
|move|p1a: Ogerpon|Ivy Cudgel|p2a: Darkrai
|-damage|p2a: Darkrai|5/100
|move|p2a: Darkrai|Ice Beam|p1a: Ogerpon
|-supereffective|p1a: Ogerpon
|-damage|p1a: Ogerpon|17/100
|
|-heal|p2a: Darkrai|11/100|[from] item: Leftovers
|upkeep
|turn|22
|
|t:|1776332095
|move|p1a: Ogerpon|Ivy Cudgel|p2a: Darkrai
|-crit|p2a: Darkrai
|-damage|p2a: Darkrai|0 fnt
|faint|p2a: Darkrai
|
|upkeep
|
|t:|1776332101
|switch|p2a: Deoxys|Deoxys-Speed, shiny|100/100
|-ability|p2a: Deoxys|Pressure
|turn|23
|inactive|fullmelmetal101 has 120 seconds left.
|
|t:|1776332118
|switch|p1a: Weezing|Weezing-Galar, M, shiny|100/100
|move|p2a: Deoxys|Cosmic Power|p2a: Deoxys
|-boost|p2a: Deoxys|def|1
|-boost|p2a: Deoxys|spd|1
|
|upkeep
|turn|24
|inactive|fullmelmetal101 has 120 seconds left.
|
|t:|1776332135
|move|p2a: Deoxys|Cosmic Power|p2a: Deoxys
|-boost|p2a: Deoxys|def|1
|-boost|p2a: Deoxys|spd|1
|move|p1a: Weezing|Toxic|p2a: Deoxys
|-status|p2a: Deoxys|tox
|
|-damage|p2a: Deoxys|94/100 tox|[from] psn
|upkeep
|turn|25
|inactive|fullmelmetal101 has 120 seconds left.
|
|t:|1776332149
|move|p2a: Deoxys|Stored Power|p1a: Weezing
|-supereffective|p1a: Weezing
|-damage|p1a: Weezing|18/100
|move|p1a: Weezing|Flamethrower|p2a: Deoxys
|-damage|p2a: Deoxys|82/100 tox
|
|-heal|p2a: Deoxys|88/100 tox|[from] item: Leftovers
|-heal|p1a: Weezing|24/100|[from] item: Leftovers
|-damage|p2a: Deoxys|76/100 tox|[from] psn
|upkeep
|turn|26
|inactive|fullmelmetal101 has 120 seconds left.
|
|t:|1776332161
|move|p2a: Deoxys|Stored Power|p1a: Weezing
|-supereffective|p1a: Weezing
|-damage|p1a: Weezing|0 fnt
|faint|p1a: Weezing
|
|-heal|p2a: Deoxys|82/100 tox|[from] item: Leftovers
|-damage|p2a: Deoxys|63/100 tox|[from] psn
|upkeep
|
|t:|1776332182
|switch|p1a: Gliscor|Gliscor, M, tera:Water|100/100 tox
|turn|27
|inactive|fullmelmetal101 has 120 seconds left.
|
|t:|1776332194
|move|p1a: Gliscor|Protect|p1a: Gliscor
|-singleturn|p1a: Gliscor|Protect
|move|p2a: Deoxys|Thunderbolt|p1a: Gliscor
|-activate|p1a: Gliscor|move: Protect
|
|-heal|p2a: Deoxys|70/100 tox|[from] item: Leftovers
|-damage|p2a: Deoxys|45/100 tox|[from] psn
|upkeep
|turn|28
|inactive|fullmelmetal101 has 120 seconds left.
|
|t:|1776332208
|move|p1a: Gliscor|Protect|p1a: Gliscor
|-singleturn|p1a: Gliscor|Protect
|move|p2a: Deoxys|Thunderbolt|p1a: Gliscor
|-activate|p1a: Gliscor|move: Protect
|
|-heal|p2a: Deoxys|51/100 tox|[from] item: Leftovers
|-damage|p2a: Deoxys|20/100 tox|[from] psn
|upkeep
|turn|29
|inactive|fullmelmetal101 has 120 seconds left.
|
|t:|1776332224
|switch|p1a: Dondozo|Dondozo, F|32/100 slp
|move|p2a: Deoxys|Thunderbolt|p1a: Dondozo
|-supereffective|p1a: Dondozo
|-damage|p1a: Dondozo|0 fnt
|faint|p1a: Dondozo
|
|-heal|p2a: Deoxys|26/100 tox|[from] item: Leftovers
|-damage|p2a: Deoxys|0 fnt|[from] psn
|faint|p2a: Deoxys
|upkeep
|inactive|fullmelmetal101 has 120 seconds left.
|inactive|Hari2025 has 120 seconds left.
|
|t:|1776332237
|switch|p2a: Garganacl|Garganacl, F, shiny|48/100
|switch|p1a: Ogerpon|Ogerpon, F|17/100
|turn|30
|inactive|fullmelmetal101 has 120 seconds left.
|
|t:|1776332247
|move|p2a: Garganacl|Protect|p2a: Garganacl
|-singleturn|p2a: Garganacl|Protect
|move|p1a: Ogerpon|Ivy Cudgel|p2a: Garganacl
|-activate|p2a: Garganacl|move: Protect
|
|-heal|p2a: Garganacl|54/100|[from] item: Leftovers
|upkeep
|turn|31
|inactive|fullmelmetal101 has 120 seconds left.
|
|t:|1776332256
|switch|p2a: Volcanion|Volcanion, tera:Fire|36/100 par
|move|p1a: Ogerpon|Ivy Cudgel|p2a: Volcanion
|-resisted|p2a: Volcanion
|-damage|p2a: Volcanion|10/100 par
|
|-heal|p2a: Volcanion|16/100 par|[from] item: Leftovers
|upkeep
|turn|32
|
|t:|1776332265
|move|p1a: Ogerpon|Ivy Cudgel|p2a: Volcanion
|-resisted|p2a: Volcanion
|-damage|p2a: Volcanion|0 fnt
|faint|p2a: Volcanion
|
|upkeep
|
|t:|1776332271
|switch|p2a: Garganacl|Garganacl, F, shiny|54/100
|turn|33
|
|t:|1776332274
|move|p2a: Garganacl|Protect|p2a: Garganacl
|-singleturn|p2a: Garganacl|Protect
|move|p1a: Ogerpon|Ivy Cudgel|p2a: Garganacl
|-activate|p2a: Garganacl|move: Protect
|
|-heal|p2a: Garganacl|60/100|[from] item: Leftovers
|upkeep
|turn|34
|
|t:|1776332283
|move|p1a: Ogerpon|Ivy Cudgel|p2a: Garganacl
|-supereffective|p2a: Garganacl
|-damage|p2a: Garganacl|0 fnt
|faint|p2a: Garganacl
|
|win|Hari2025
|raw|Hari2025's rating: 1177 &rarr; <strong>1204</strong><br />(+27 for winning)
|raw|fullmelmetal101's rating: 1203 &rarr; <strong>1176</strong><br />(-27 for losing)
|l|☆fullmelmetal101
|player|p2|
