|html|<div class="broadcast-blue"><strong>[Gen 9] OU is currently suspecting Tera Blast! For information on how to participate check out the <a href="https://www.smogon.com/tools/suspects/view/200">suspect thread</a>.</strong></div>
|j|☆kejaun
|j|☆justicerestore
|t:|1776176053
|gametype|singles
|player|p1|kejaun|roxie|1484
|player|p2|justicerestore|alder|1555
|gen|9
|tier|[Gen 9] OU
|rated|
|rule|HP Percentage Mod: HP is shown in percentages
|rule|Endless Battle Clause: Forcing endless battles is banned
|rule|Species Clause: Limit one of each Pokémon
|rule|OHKO Clause: OHKO moves are banned
|rule|Evasion Items Clause: Evasion items are banned
|rule|Evasion Moves Clause: Evasion moves are banned
|rule|Evasion Abilities Clause: Evasion abilities are banned
|rule|Sleep Moves Clause: Sleep-inducing moves are banned
|clearpoke
|poke|p1|Gliscor, F|
|poke|p1|Rotom-Wash|
|poke|p1|Tyranitar, F|
|poke|p1|Iron Moth|
|poke|p1|Zamazenta-*|
|poke|p1|Dragonite, M|
|poke|p2|Iron Moth|
|poke|p2|Gliscor, F|
|poke|p2|Hatterene, F|
|poke|p2|Ogerpon-Wellspring, F|
|poke|p2|Raging Bolt|
|poke|p2|Zamazenta-*|
|teampreview
|inactive|Battle timer is ON: inactive players will automatically lose when time's up. (requested by kejaun)
|
|t:|1776176073
|teamsize|p1|6
|teamsize|p2|6
|start
|switch|p1a: Gliscor|Gliscor, F|100/100
|switch|p2a: Zamazenta|Zamazenta|100/100
|-ability|p2a: Zamazenta|Dauntless Shield|boost
|-boost|p2a: Zamazenta|def|1
|turn|1
|
|t:|1776176081
|move|p1a: Gliscor|Protect|p1a: Gliscor
|-singleturn|p1a: Gliscor|Protect
|move|p2a: Zamazenta|Reflect|p2a: Zamazenta
|-sidestart|p2: justicerestore|Reflect
|
|-status|p1a: Gliscor|tox|[from] item: Toxic Orb
|upkeep
|turn|2
|
|t:|1776176099
|move|p2a: Zamazenta|Light Screen|p2a: Zamazenta
|-sidestart|p2: justicerestore|move: Light Screen
|move|p1a: Gliscor|U-turn|p2a: Zamazenta
|-resisted|p2a: Zamazenta
|-damage|p2a: Zamazenta|98/100
|
|t:|1776176110
|switch|p1a: Rotom|Rotom-Wash|100/100|[from] U-turn
|
|upkeep
|turn|3
|
|t:|1776176115
|switch|p2a: Hatterene|Hatterene, F|100/100
|move|p1a: Rotom|Will-O-Wisp|p2a: Hatterene
|move|p2a: Hatterene|Will-O-Wisp|p1a: Rotom|[from] ability: Magic Bounce
|-status|p1a: Rotom|brn
|
|-damage|p1a: Rotom|94/100 brn|[from] brn
|upkeep
|turn|4
|
|t:|1776176123
|move|p1a: Rotom|Volt Switch|p2a: Hatterene
|-damage|p2a: Hatterene|87/100
|
|t:|1776176126
|switch|p1a: Tyranitar|Tyranitar, F|100/100|[from] Volt Switch
|-weather|Sandstorm|[from] ability: Sand Stream|[of] p1a: Tyranitar
|move|p2a: Hatterene|Calm Mind|p2a: Hatterene
|-boost|p2a: Hatterene|spa|1
|-boost|p2a: Hatterene|spd|1
|
|-weather|Sandstorm|[upkeep]
|-damage|p2a: Hatterene|81/100|[from] Sandstorm
|-heal|p2a: Hatterene|87/100|[from] item: Leftovers
|upkeep
|turn|5
|
|t:|1776176130
|move|p1a: Tyranitar|Knock Off|p2a: Hatterene
|-damage|p2a: Hatterene|65/100
|-enditem|p2a: Hatterene|Leftovers|[from] move: Knock Off|[of] p1a: Tyranitar
|move|p2a: Hatterene|Calm Mind|p2a: Hatterene
|-boost|p2a: Hatterene|spa|1
|-boost|p2a: Hatterene|spd|1
|
|-weather|Sandstorm|[upkeep]
|-damage|p2a: Hatterene|59/100|[from] Sandstorm
|upkeep
|turn|6
|
|t:|1776176140
|switch|p1a: Iron Moth|Iron Moth|100/100
|-enditem|p1a: Iron Moth|Booster Energy
|-activate|p1a: Iron Moth|ability: Quark Drive|[fromitem]
|-start|p1a: Iron Moth|quarkdrivespa
|move|p2a: Hatterene|Draining Kiss|p1a: Iron Moth
|-resisted|p1a: Iron Moth
|-damage|p1a: Iron Moth|90/100
|-heal|p2a: Hatterene|67/100|[from] drain|[of] p1a: Iron Moth
|
|-weather|Sandstorm|[upkeep]
|-damage|p1a: Iron Moth|84/100|[from] Sandstorm
|-damage|p2a: Hatterene|61/100|[from] Sandstorm
|upkeep
|turn|7
|
|t:|1776176145
|move|p1a: Iron Moth|Sludge Wave|p2a: Hatterene
|-supereffective|p2a: Hatterene
|-damage|p2a: Hatterene|29/100
|move|p2a: Hatterene|Stored Power|p1a: Iron Moth
|-supereffective|p1a: Iron Moth
|-damage|p1a: Iron Moth|0 fnt
|faint|p1a: Iron Moth
|-end|p1a: Iron Moth|Quark Drive|[silent]
|
|-weather|Sandstorm|[upkeep]
|-damage|p2a: Hatterene|23/100|[from] Sandstorm
|upkeep
|
|t:|1776176158
|switch|p1a: Zamazenta|Zamazenta|100/100
|-ability|p1a: Zamazenta|Dauntless Shield|boost
|-boost|p1a: Zamazenta|def|1
|turn|8
|
|t:|1776176162
|move|p1a: Zamazenta|Heavy Slam|p2a: Hatterene
|-supereffective|p2a: Hatterene
|-damage|p2a: Hatterene|0 fnt
|faint|p2a: Hatterene
|-damage|p1a: Zamazenta|91/100|[from] item: Life Orb
|
|-weather|none
|-sideend|p2: justicerestore|Reflect
|upkeep
|
|t:|1776176174
|switch|p2a: Iron Moth|Iron Moth|100/100
|-enditem|p2a: Iron Moth|Booster Energy
|-activate|p2a: Iron Moth|ability: Quark Drive|[fromitem]
|-start|p2a: Iron Moth|quarkdrivespe
|turn|9
|
|t:|1776176197
|move|p2a: Iron Moth|Fiery Dance|p1a: Zamazenta
|-damage|p1a: Zamazenta|50/100
|move|p1a: Zamazenta|Stone Edge|p2a: Iron Moth|[miss]
|-miss|p1a: Zamazenta|p2a: Iron Moth
|
|-sideend|p2: justicerestore|move: Light Screen
|upkeep
|turn|10
|
|t:|1776176202
|switch|p1a: Tyranitar|Tyranitar, F|100/100
|-weather|Sandstorm|[from] ability: Sand Stream|[of] p1a: Tyranitar
|move|p2a: Iron Moth|Sludge Wave|p1a: Tyranitar
|-resisted|p1a: Tyranitar
|-damage|p1a: Tyranitar|91/100
|
|-weather|Sandstorm|[upkeep]
|-damage|p2a: Iron Moth|94/100|[from] Sandstorm
|upkeep
|turn|11
|
|t:|1776176213
|-end|p2a: Iron Moth|Quark Drive|[silent]
|switch|p2a: Zamazenta|Zamazenta|98/100
|move|p1a: Tyranitar|Earthquake|p2a: Zamazenta
|-damage|p2a: Zamazenta|66/100
|
|-weather|Sandstorm|[upkeep]
|-damage|p2a: Zamazenta|60/100|[from] Sandstorm
|upkeep
|turn|12
|
|t:|1776176218
|switch|p1a: Gliscor|Gliscor, F|100/100 tox
|move|p2a: Zamazenta|Reflect|p2a: Zamazenta
|-sidestart|p2: justicerestore|Reflect
|
|-weather|Sandstorm|[upkeep]
|-damage|p2a: Zamazenta|54/100|[from] Sandstorm
|upkeep
|turn|13
|
|t:|1776176221
|move|p2a: Zamazenta|Light Screen|p2a: Zamazenta
|-sidestart|p2: justicerestore|move: Light Screen
|move|p1a: Gliscor|Spikes|p2a: Zamazenta
|-sidestart|p2: justicerestore|Spikes
|
|-weather|Sandstorm|[upkeep]
|-damage|p2a: Zamazenta|48/100|[from] Sandstorm
|upkeep
|turn|14
|
|t:|1776176226
|move|p2a: Zamazenta|Ice Fang|p1a: Gliscor
|-supereffective|p1a: Gliscor
|-damage|p1a: Gliscor|43/100 tox
|move|p1a: Gliscor|Earthquake|p2a: Zamazenta
|-damage|p2a: Zamazenta|34/100
|
|-weather|none
|-heal|p1a: Gliscor|55/100 tox|[from] ability: Poison Heal
|upkeep
|turn|15
|
|t:|1776176238
|switch|p2a: Gliscor|Gliscor, F|100/100
|move|p1a: Gliscor|Protect||[still]
|-fail|p1a: Gliscor
|
|-heal|p1a: Gliscor|68/100 tox|[from] ability: Poison Heal
|-status|p2a: Gliscor|tox|[from] item: Toxic Orb
|upkeep
|turn|16
|
|t:|1776176252
|switch|p1a: Rotom|Rotom-Wash|94/100 brn
|move|p2a: Gliscor|Agility|p2a: Gliscor
|-boost|p2a: Gliscor|spe|2
|
|-heal|p1a: Rotom|100/100 brn|[from] item: Leftovers
|-damage|p1a: Rotom|94/100 brn|[from] brn
|upkeep
|turn|17
|
|t:|1776176262
|-terastallize|p2a: Gliscor|Normal
|move|p2a: Gliscor|Swords Dance|p2a: Gliscor
|-boost|p2a: Gliscor|atk|2
|move|p1a: Rotom|Hydro Pump|p2a: Gliscor|[miss]
|-miss|p1a: Rotom|p2a: Gliscor
|
|-heal|p1a: Rotom|100/100 brn|[from] item: Leftovers
|-damage|p1a: Rotom|94/100 brn|[from] brn
|upkeep
|turn|18
|
|t:|1776176268
|move|p2a: Gliscor|Swords Dance|p2a: Gliscor
|-boost|p2a: Gliscor|atk|2
|move|p1a: Rotom|Volt Switch|p2a: Gliscor
|-damage|p2a: Gliscor|86/100 tox
|
|t:|1776176277
|switch|p1a: Tyranitar|Tyranitar, F|91/100|[from] Volt Switch
|-weather|Sandstorm|[from] ability: Sand Stream|[of] p1a: Tyranitar
|
|-weather|Sandstorm|[upkeep]
|-damage|p2a: Gliscor|80/100 tox|[from] Sandstorm
|-heal|p2a: Gliscor|92/100 tox|[from] ability: Poison Heal
|upkeep
|turn|19
|
|t:|1776176284
|switch|p1a: Zamazenta|Zamazenta|50/100
|move|p2a: Gliscor|Earthquake|p1a: Zamazenta
|-damage|p1a: Zamazenta|0 fnt
|faint|p1a: Zamazenta
|
|-weather|Sandstorm|[upkeep]
|-damage|p2a: Gliscor|86/100 tox|[from] Sandstorm
|-heal|p2a: Gliscor|98/100 tox|[from] ability: Poison Heal
|-sideend|p2: justicerestore|Reflect
|upkeep
|-message|kejaun forfeited.
|
|win|justicerestore
|raw|kejaun's rating: 1484 &rarr; <strong>1468</strong><br />(-16 for losing)
|raw|justicerestore's rating: 1555 &rarr; <strong>1571</strong><br />(+16 for winning)
|l|☆kejaun
|player|p1|
