|html|<div class="broadcast-blue"><strong>[Gen 9] OU is currently suspecting Tera Blast! For information on how to participate check out the <a href="https://www.smogon.com/tools/suspects/view/200">suspect thread</a>.</strong></div>
|j|☆damobao
|j|‽unauthorized user
|t:|1776058092
|gametype|singles
|player|p1|damobao|170|1145
|player|p2|unauthorized user|102|1146
|gen|9
|tier|[Gen 9] OU
|rated|
|rule|HP Percentage Mod: HP is shown in percentages
|rule|Endless Battle Clause: Forcing endless battles is banned
|rule|Species Clause: Limit one of each Pokémon
|rule|OHKO Clause: OHKO moves are banned
|rule|Evasion Items Clause: Evasion items are banned
|rule|Evasion Moves Clause: Evasion moves are banned
|rule|Evasion Abilities Clause: Evasion abilities are banned
|rule|Sleep Moves Clause: Sleep-inducing moves are banned
|clearpoke
|poke|p1|Garchomp, M|
|poke|p1|Metagross|
|poke|p1|Gyarados, M|
|poke|p1|Magmortar, M|
|poke|p1|Gastrodon-East, F|
|poke|p1|Weavile, F|
|poke|p2|Meowscarada, F|
|poke|p2|Pecharunt|
|poke|p2|Enamorus, F|
|poke|p2|Iron Treads|
|poke|p2|Skarmory, M|
|poke|p2|Slowking, M|
|teampreview
|j| ohko_smeargle
|
|t:|1776058103
|teamsize|p1|6
|teamsize|p2|6
|start
|switch|p1a: Weavile|Weavile, F|100/100
|switch|p2a: Meowscarada|Meowscarada, F|100/100
|turn|1
|
|t:|1776058113
|switch|p2a: Slowking|Slowking, M|100/100
|move|p1a: Weavile|Triple Axel|p2a: Slowking
|-resisted|p2a: Slowking
|-damage|p2a: Slowking|96/100
|-resisted|p2a: Slowking
|-damage|p2a: Slowking|87/100
|-resisted|p2a: Slowking
|-damage|p2a: Slowking|73/100
|-hitcount|p2a: Slowking|3
|
|upkeep
|turn|2
|
|t:|1776058128
|-terastallize|p1a: Weavile|Dark
|move|p1a: Weavile|Knock Off|p2a: Slowking
|-supereffective|p2a: Slowking
|-damage|p2a: Slowking|0 fnt
|-enditem|p2a: Slowking|Assault Vest|[from] move: Knock Off|[of] p1a: Weavile
|faint|p2a: Slowking
|
|upkeep
|
|t:|1776058138
|switch|p2a: Skarmory|Skarmory, M|100/100
|turn|3
|
|t:|1776058143
|switch|p1a: Magmortar|Magmortar, M|100/100
|move|p2a: Skarmory|Iron Defense|p2a: Skarmory
|-boost|p2a: Skarmory|def|2
|
|upkeep
|turn|4
|
|t:|1776058152
|-terastallize|p2a: Skarmory|Dragon
|move|p1a: Magmortar|Flamethrower|p2a: Skarmory
|-resisted|p2a: Skarmory
|-damage|p2a: Skarmory|70/100
|move|p2a: Skarmory|Iron Defense|p2a: Skarmory
|-boost|p2a: Skarmory|def|2
|
|upkeep
|turn|5
|
|t:|1776058162
|move|p1a: Magmortar|Knock Off|p2a: Skarmory
|-damage|p2a: Skarmory|65/100
|-enditem|p2a: Skarmory|Covert Cloak|[from] move: Knock Off|[of] p1a: Magmortar
|move|p2a: Skarmory|Body Press|p1a: Magmortar
|-damage|p1a: Magmortar|0 fnt
|-status|p2a: Skarmory|brn|[from] ability: Flame Body|[of] p1a: Magmortar
|faint|p1a: Magmortar
|
|-damage|p2a: Skarmory|59/100 brn|[from] brn
|upkeep
|
|t:|1776058177
|switch|p1a: Gastrodon|Gastrodon-East, F|100/100
|turn|6
|
|t:|1776058180
|move|p2a: Skarmory|Body Press|p1a: Gastrodon
|-damage|p1a: Gastrodon|63/100
|-damage|p2a: Skarmory|43/100 brn|[from] item: Rocky Helmet|[of] p1a: Gastrodon
|move|p1a: Gastrodon|Ice Beam|p2a: Skarmory
|-supereffective|p2a: Skarmory
|-damage|p2a: Skarmory|0 fnt
|faint|p2a: Skarmory
|
|upkeep
|
|t:|1776058191
|switch|p2a: Meowscarada|Meowscarada, F|100/100
|turn|7
|
|t:|1776058199
|switch|p1a: Gyarados|Gyarados, M|100/100
|-ability|p1a: Gyarados|Intimidate|boost
|-unboost|p2a: Meowscarada|atk|1
|move|p2a: Meowscarada|Flower Trick|p1a: Gyarados
|-start|p2a: Meowscarada|typechange|Grass|[from] ability: Protean
|-crit|p1a: Gyarados
|-damage|p1a: Gyarados|6/100
|
|upkeep
|turn|8
|
|t:|1776058221
|switch|p1a: Metagross|Metagross|100/100
|move|p2a: Meowscarada|Flower Trick|p1a: Metagross
|-resisted|p1a: Metagross
|-crit|p1a: Metagross
|-damage|p1a: Metagross|75/100
|
|-heal|p1a: Metagross|81/100|[from] item: Leftovers
|upkeep
|turn|9
|
|t:|1776058231
|switch|p2a: Pecharunt|Pecharunt|100/100
|move|p1a: Metagross|Stealth Rock|p2a: Pecharunt
|-sidestart|p2: unauthorized user|move: Stealth Rock
|
|-heal|p1a: Metagross|87/100|[from] item: Leftovers
|upkeep
|turn|10
|
|t:|1776058239
|move|p2a: Pecharunt|Foul Play|p1a: Metagross
|-supereffective|p1a: Metagross
|-damage|p1a: Metagross|38/100
|move|p1a: Metagross|Psychic Fangs|p2a: Pecharunt
|-supereffective|p2a: Pecharunt
|-damage|p2a: Pecharunt|55/100
|-damage|p1a: Metagross|21/100|[from] item: Rocky Helmet|[of] p2a: Pecharunt
|
|-heal|p1a: Metagross|27/100|[from] item: Leftovers
|upkeep
|turn|11
|
|t:|1776058249
|switch|p1a: Gyarados|Gyarados, M|6/100
|-ability|p1a: Gyarados|Intimidate|boost
|-unboost|p2a: Pecharunt|atk|1
|move|p2a: Pecharunt|Recover|p2a: Pecharunt
|-heal|p2a: Pecharunt|100/100
|
|upkeep
|turn|12
|
|t:|1776058258
|move|p1a: Gyarados|Earthquake|p2a: Pecharunt
|-supereffective|p2a: Pecharunt
|-damage|p2a: Pecharunt|67/100
|move|p2a: Pecharunt|Foul Play|p1a: Gyarados
|-damage|p1a: Gyarados|0 fnt
|faint|p1a: Gyarados
|
|upkeep
|
|t:|1776058265
|switch|p1a: Garchomp|Garchomp, M|100/100
|turn|13
|
|t:|1776058280
|move|p1a: Garchomp|Earthquake|p2a: Pecharunt
|-supereffective|p2a: Pecharunt
|-damage|p2a: Pecharunt|17/100
|move|p2a: Pecharunt|Foul Play|p1a: Garchomp
|-damage|p1a: Garchomp|65/100
|-damage|p2a: Pecharunt|4/100|[from] ability: Rough Skin|[of] p1a: Garchomp
|
|upkeep
|turn|14
|
|t:|1776058289
|switch|p2a: Enamorus|Enamorus, F|100/100
|-damage|p2a: Enamorus|76/100|[from] Stealth Rock
|move|p1a: Garchomp|Fire Fang|p2a: Enamorus
|-damage|p2a: Enamorus|39/100
|
|upkeep
|turn|15
|
|t:|1776058301
|switch|p1a: Metagross|Metagross|27/100
|move|p2a: Enamorus|Moonblast|p1a: Metagross
|-resisted|p1a: Metagross
|-damage|p1a: Metagross|0 fnt
|faint|p1a: Metagross
|
|upkeep
|
|t:|1776058308
|switch|p1a: Weavile|Weavile, F, tera:Dark|100/100
|turn|16
|
|t:|1776058312
|move|p1a: Weavile|Ice Shard|p2a: Enamorus
|-supereffective|p2a: Enamorus
|-crit|p2a: Enamorus
|-damage|p2a: Enamorus|0 fnt
|faint|p2a: Enamorus
|
|upkeep
|
|t:|1776058322
|switch|p2a: Meowscarada|Meowscarada, F|100/100
|-damage|p2a: Meowscarada|88/100|[from] Stealth Rock
|turn|17
|
|t:|1776058335
|move|p1a: Weavile|Triple Axel|p2a: Meowscarada
|-supereffective|p2a: Meowscarada
|-damage|p2a: Meowscarada|57/100
|-supereffective|p2a: Meowscarada
|-damage|p2a: Meowscarada|0 fnt
|faint|p2a: Meowscarada
|-hitcount|p2: Meowscarada|2
|
|upkeep
|
|t:|1776058345
|switch|p2a: Iron Treads|Iron Treads|100/100
|-damage|p2a: Iron Treads|98/100|[from] Stealth Rock
|turn|18
|
|t:|1776058353
|move|p1a: Weavile|Swords Dance|p1a: Weavile
|-boost|p1a: Weavile|atk|2
|move|p2a: Iron Treads|Rapid Spin|p1a: Weavile
|-damage|p1a: Weavile|77/100
|-boost|p2a: Iron Treads|spe|1
|-sideend|p2: unauthorized user|Stealth Rock|[from] move: Rapid Spin|[of] p2a: Iron Treads
|
|-heal|p2a: Iron Treads|100/100|[from] item: Leftovers
|upkeep
|turn|19
|
|t:|1776058363
|move|p1a: Weavile|Ice Shard|p2a: Iron Treads
|-damage|p2a: Iron Treads|70/100
|move|p2a: Iron Treads|Earthquake|p1a: Weavile
|-damage|p1a: Weavile|16/100
|
|-heal|p2a: Iron Treads|76/100|[from] item: Leftovers
|upkeep
|turn|20
|
|t:|1776058372
|move|p1a: Weavile|Ice Shard|p2a: Iron Treads
|-damage|p2a: Iron Treads|47/100
|move|p2a: Iron Treads|Earthquake|p1a: Weavile
|-damage|p1a: Weavile|0 fnt
|faint|p1a: Weavile
|
|-heal|p2a: Iron Treads|54/100|[from] item: Leftovers
|upkeep
|
|t:|1776058380
|switch|p1a: Garchomp|Garchomp, M|65/100
|turn|21
|
|t:|1776058385
|move|p2a: Iron Treads|Earthquake|p1a: Garchomp
|-damage|p1a: Garchomp|30/100
|move|p1a: Garchomp|Earthquake|p2a: Iron Treads
|-supereffective|p2a: Iron Treads
|-damage|p2a: Iron Treads|0 fnt
|faint|p2a: Iron Treads
|-end|p2a: Iron Treads|Quark Drive|[silent]
|
|upkeep
|
|t:|1776058391
|switch|p2a: Pecharunt|Pecharunt|4/100
|turn|22
|-message|unauthorized user forfeited.
|
|win|damobao
|raw|damobao's rating: 1145 &rarr; <strong>1170</strong><br />(+25 for winning)
|raw|unauthorized user's rating: 1146 &rarr; <strong>1121</strong><br />(-25 for losing)
|l|‽unauthorized user
|player|p2|
|l| ohko_smeargle
|l|☆damobao
|player|p1|
