|html|<div class="broadcast-blue"><strong>[Gen 9] OU is currently suspecting Tera Blast! For information on how to participate check out the <a href="https://www.smogon.com/tools/suspects/view/200">suspect thread</a>.</strong></div>
|j|☆Bubonic121
|j|☆Banish Blanca
|t:|1776138966
|gametype|singles
|player|p1|Bubonic121|veteran|1059
|player|p2|Banish Blanca|pokemonbreederf-gen4|1082
|gen|9
|tier|[Gen 9] OU
|rated|
|rule|HP Percentage Mod: HP is shown in percentages
|rule|Endless Battle Clause: Forcing endless battles is banned
|rule|Species Clause: Limit one of each Pokémon
|rule|OHKO Clause: OHKO moves are banned
|rule|Evasion Items Clause: Evasion items are banned
|rule|Evasion Moves Clause: Evasion moves are banned
|rule|Evasion Abilities Clause: Evasion abilities are banned
|rule|Sleep Moves Clause: Sleep-inducing moves are banned
|clearpoke
|poke|p1|Hatterene, F|
|poke|p1|Ceruledge, M|
|poke|p1|Serperior, M|
|poke|p1|Malamar, M|
|poke|p1|Tyranitar, M|
|poke|p1|Gliscor, M|
|poke|p2|Hydrapple, F|
|poke|p2|Lilligant-Hisui, F|
|poke|p2|Tsareena, F|
|poke|p2|Chesnaught, M|
|poke|p2|Serperior, F|
|poke|p2|Ogerpon-Cornerstone, F|
|teampreview
|c|☆Bubonic121|grass gym leader get tf out my game vro
|
|t:|1776139010
|teamsize|p1|6
|teamsize|p2|6
|start
|switch|p1a: Hatterene|Hatterene, F, shiny|100/100
|switch|p2a: Ogerpon|Ogerpon-Cornerstone, F|100/100
|turn|1
|
|t:|1776139026
|move|p2a: Ogerpon|Knock Off|p1a: Hatterene
|-damage|p1a: Hatterene|55/100
|-enditem|p1a: Hatterene|Leftovers|[from] move: Knock Off|[of] p2a: Ogerpon
|move|p1a: Hatterene|Calm Mind|p1a: Hatterene
|-boost|p1a: Hatterene|spa|1
|-boost|p1a: Hatterene|spd|1
|
|upkeep
|turn|2
|
|t:|1776139058
|move|p2a: Ogerpon|Ivy Cudgel|p1a: Hatterene|[anim] Ivy Cudgel Rock
|-damage|p1a: Hatterene|0 fnt
|faint|p1a: Hatterene
|
|upkeep
|inactive|Battle timer is ON: inactive players will automatically lose when time's up. (requested by Banish Blanca)
|
|t:|1776139067
|switch|p1a: Malamar|Malamar, M|100/100
|turn|3
|
|t:|1776139070
|move|p2a: Ogerpon|U-turn|p1a: Malamar
|-supereffective|p1a: Malamar
|-damage|p1a: Malamar|0 fnt
|faint|p1a: Malamar
|
|t:|1776139077
|switch|p2a: Lilligant|Lilligant-Hisui, F, shiny|100/100|[from] U-turn
|
|upkeep
|inactive|Bubonic121 has 120 seconds left.
|
|t:|1776139119
|switch|p1a: Ceruledge|Ceruledge, M|100/100
|turn|4
|inactive|Bubonic121 has 120 seconds left.
|
|t:|1776139133
|switch|p2a: Hydrapple|Hydrapple, F|100/100
|move|p1a: Ceruledge|Bitter Blade|p2a: Hydrapple
|-damage|p2a: Hydrapple|68/100
|
|upkeep
|turn|5
|
|t:|1776139142
|move|p1a: Ceruledge|Bitter Blade|p2a: Hydrapple
|-damage|p2a: Hydrapple|32/100
|move|p2a: Hydrapple|Fickle Beam|p1a: Ceruledge|[anim] Fickle Beam All Out
|-activate|p2a: Hydrapple|move: Fickle Beam
|-damage|p1a: Ceruledge|22/100
|
|upkeep
|turn|6
|
|t:|1776139153
|switch|p2a: Tsareena|Tsareena, F|100/100
|move|p1a: Ceruledge|Bitter Blade|p2a: Tsareena
|-supereffective|p2a: Tsareena
|-damage|p2a: Tsareena|2/100
|-heal|p1a: Ceruledge|71/100|[from] drain|[of] p2a: Tsareena
|-damage|p1a: Ceruledge|54/100|[from] item: Rocky Helmet|[of] p2a: Tsareena
|
|upkeep
|turn|7
|
|t:|1776139162
|move|p1a: Ceruledge|Swords Dance|p1a: Ceruledge
|-boost|p1a: Ceruledge|atk|2
|move|p2a: Tsareena|Teeter Dance|p1a: Ceruledge
|-start|p1a: Ceruledge|confusion
|
|upkeep
|turn|8
|
|t:|1776139174
|-activate|p1a: Ceruledge|confusion
|-damage|p1a: Ceruledge|14/100|[from] confusion
|move|p2a: Tsareena|Power Whip|p1a: Ceruledge|[miss]
|-miss|p2a: Tsareena|p1a: Ceruledge
|
|upkeep
|turn|9
|
|t:|1776139179
|-activate|p1a: Ceruledge|confusion
|move|p1a: Ceruledge|X-Scissor|p2a: Tsareena
|-supereffective|p2a: Tsareena
|-damage|p2a: Tsareena|0 fnt
|-damage|p1a: Ceruledge|0 fnt|[from] item: Rocky Helmet|[of] p2a: Tsareena
|faint|p2a: Tsareena
|faint|p1a: Ceruledge
|
|upkeep
|
|t:|1776139204
|switch|p1a: Gliscor|Gliscor, M|100/100
|switch|p2a: Hydrapple|Hydrapple, F|65/100
|turn|10
|
|t:|1776139224
|move|p1a: Gliscor|Psychic Fangs|p2a: Hydrapple
|-damage|p2a: Hydrapple|47/100
|move|p2a: Hydrapple|Dragon Tail|p1a: Gliscor|[miss]
|-miss|p2a: Hydrapple|p1a: Gliscor
|
|-status|p1a: Gliscor|tox|[from] item: Toxic Orb
|upkeep
|turn|11
|
|t:|1776139230
|move|p1a: Gliscor|Facade|p2a: Hydrapple
|-crit|p2a: Hydrapple
|-damage|p2a: Hydrapple|3/100
|move|p2a: Hydrapple|Dragon Tail|p1a: Gliscor
|-damage|p1a: Gliscor|85/100 tox
|drag|p1a: Serperior|Serperior, M|100/100
|
|upkeep
|turn|12
|
|t:|1776139240
|switch|p2a: Chesnaught|Chesnaught, M|100/100
|move|p1a: Serperior|Glare|p2a: Chesnaught
|-status|p2a: Chesnaught|par
|
|upkeep
|turn|13
|
|t:|1776139250
|move|p1a: Serperior|Leaf Storm|p2a: Chesnaught
|-resisted|p2a: Chesnaught
|-damage|p2a: Chesnaught|74/100 par
|-boost|p1a: Serperior|spa|2
|move|p2a: Chesnaught|Body Press|p1a: Serperior
|-damage|p1a: Serperior|62/100
|
|-heal|p1a: Serperior|68/100|[from] item: Leftovers
|-heal|p2a: Chesnaught|80/100 par|[from] item: Leftovers
|upkeep
|turn|14
|
|t:|1776139259
|move|p1a: Serperior|Leaf Storm|p2a: Chesnaught
|-resisted|p2a: Chesnaught
|-damage|p2a: Chesnaught|35/100 par
|-boost|p1a: Serperior|spa|2
|cant|p2a: Chesnaught|par
|
|-heal|p1a: Serperior|74/100|[from] item: Leftovers
|-heal|p2a: Chesnaught|41/100 par|[from] item: Leftovers
|upkeep
|turn|15
|
|t:|1776139268
|move|p1a: Serperior|Leaf Storm|p2a: Chesnaught
|-resisted|p2a: Chesnaught
|-damage|p2a: Chesnaught|0 fnt
|-boost|p1a: Serperior|spa|2
|faint|p2a: Chesnaught
|
|-heal|p1a: Serperior|80/100|[from] item: Leftovers
|upkeep
|
|t:|1776139281
|switch|p2a: Ogerpon|Ogerpon-Cornerstone, F|100/100
|turn|16
|
|t:|1776139286
|move|p2a: Ogerpon|U-turn|p1a: Serperior
|-supereffective|p1a: Serperior
|-damage|p1a: Serperior|22/100
|
|t:|1776139291
|switch|p2a: Hydrapple|Hydrapple, F|36/100|[from] U-turn
|move|p1a: Serperior|Giga Drain|p2a: Hydrapple
|-resisted|p2a: Hydrapple
|-damage|p2a: Hydrapple|13/100
|-heal|p1a: Serperior|35/100|[from] drain|[of] p2a: Hydrapple
|
|-heal|p1a: Serperior|41/100|[from] item: Leftovers
|upkeep
|turn|17
|
|t:|1776139301
|switch|p2a: Serperior|Serperior, F|100/100
|move|p1a: Serperior|Giga Drain|p2a: Serperior
|-resisted|p2a: Serperior
|-damage|p2a: Serperior|27/100
|-heal|p1a: Serperior|72/100|[from] drain|[of] p2a: Serperior
|
|-heal|p1a: Serperior|78/100|[from] item: Leftovers
|upkeep
|turn|18
|
|t:|1776139310
|move|p2a: Serperior|Glare|p1a: Serperior
|-status|p1a: Serperior|par
|move|p1a: Serperior|Giga Drain|p2a: Serperior
|-resisted|p2a: Serperior
|-damage|p2a: Serperior|0 fnt
|-heal|p1a: Serperior|89/100 par|[from] drain|[of] p2a: Serperior
|faint|p2a: Serperior
|
|-heal|p1a: Serperior|95/100 par|[from] item: Leftovers
|upkeep
|
|t:|1776139321
|switch|p2a: Ogerpon|Ogerpon-Cornerstone, F|100/100
|turn|19
|
|t:|1776139327
|move|p2a: Ogerpon|U-turn|p1a: Serperior
|-supereffective|p1a: Serperior
|-damage|p1a: Serperior|38/100 par
|
|t:|1776139330
|switch|p2a: Hydrapple|Hydrapple, F|46/100|[from] U-turn
|move|p1a: Serperior|Leaf Storm|p2a: Hydrapple
|-resisted|p2a: Hydrapple
|-damage|p2a: Hydrapple|4/100
|
|-heal|p1a: Serperior|45/100 par|[from] item: Leftovers
|upkeep
|turn|20
|
|t:|1776139340
|move|p1a: Serperior|Giga Drain|p2a: Hydrapple
|-resisted|p2a: Hydrapple
|-damage|p2a: Hydrapple|0 fnt
|-heal|p1a: Serperior|47/100 par|[from] drain|[of] p2a: Hydrapple
|faint|p2a: Hydrapple
|
|-heal|p1a: Serperior|53/100 par|[from] item: Leftovers
|upkeep
|
|t:|1776139346
|switch|p2a: Ogerpon|Ogerpon-Cornerstone, F|100/100
|turn|21
|
|t:|1776139352
|move|p2a: Ogerpon|U-turn|p1a: Serperior
|-supereffective|p1a: Serperior
|-damage|p1a: Serperior|0 fnt
|faint|p1a: Serperior
|
|t:|1776139356
|switch|p2a: Lilligant|Lilligant-Hisui, F, shiny|100/100|[from] U-turn
|
|upkeep
|
|t:|1776139362
|switch|p1a: Gliscor|Gliscor, M|85/100 tox
|turn|22
|inactive|Banish Blanca has 120 seconds left.
|
|t:|1776139394
|-terastallize|p2a: Lilligant|Ice
|move|p2a: Lilligant|Ice Spinner|p1a: Gliscor
|-supereffective|p1a: Gliscor
|-damage|p1a: Gliscor|0 fnt
|faint|p1a: Gliscor
|
|upkeep
|
|t:|1776139399
|switch|p1a: Tyranitar|Tyranitar, M|100/100
|-weather|Sandstorm|[from] ability: Sand Stream|[of] p1a: Tyranitar
|turn|23
|
|t:|1776139408
|move|p2a: Lilligant|Close Combat|p1a: Tyranitar
|-supereffective|p1a: Tyranitar
|-damage|p1a: Tyranitar|0 fnt
|-unboost|p2a: Lilligant|def|1
|-unboost|p2a: Lilligant|spd|1
|faint|p1a: Tyranitar
|
|win|Banish Blanca
|raw|Bubonic121's rating: 1059 &rarr; <strong>1041</strong><br />(-18 for losing)
|raw|Banish Blanca's rating: 1082 &rarr; <strong>1108</strong><br />(+26 for winning)
|c|☆Banish Blanca|Then there's no badge for you.
