|html|<div class="broadcast-blue"><strong>[Gen 9] OU is currently suspecting Volcarona! For information on how to participate check out the <a href="https://www.smogon.com/tools/suspects/view/208">suspect thread</a>.</strong></div>
|j|☆titopr26
|j|☆kooopooolooo
|t:|1778504018
|gametype|singles
|player|p1|titopr26|2|1332
|player|p2|kooopooolooo|1|1369
|gen|9
|tier|[Gen 9] OU
|rated|
|rule|HP Percentage Mod: HP is shown in percentages
|rule|Endless Battle Clause: Forcing endless battles is banned
|rule|Species Clause: Limit one of each Pokémon
|rule|OHKO Clause: OHKO moves are banned
|rule|Evasion Items Clause: Evasion items are banned
|rule|Evasion Moves Clause: Evasion moves are banned
|rule|Evasion Abilities Clause: Evasion abilities are banned
|rule|Sleep Moves Clause: Sleep-inducing moves are banned
|clearpoke
|poke|p1|Gallade, M|
|poke|p1|Alomomola, M|
|poke|p1|Dondozo, F|
|poke|p1|Sylveon, M|
|poke|p1|Goodra, M|
|poke|p1|Great Tusk|
|poke|p2|Tyranitar, M|
|poke|p2|Alomomola, F|
|poke|p2|Pecharunt|
|poke|p2|Iron Treads|
|poke|p2|Tornadus-Therian, M|
|poke|p2|Rillaboom, M|
|teampreview
|
|t:|1778504025
|teamsize|p1|6
|teamsize|p2|6
|start
|switch|p1a: Goodra|Goodra, M|100/100
|switch|p2a: Rillaboom|Rillaboom, M|100/100
|-fieldstart|move: Grassy Terrain|[from] ability: Grassy Surge|[of] p2a: Rillaboom
|turn|1
|
|t:|1778504032
|move|p2a: Rillaboom|U-turn|p1a: Goodra
|-crit|p1a: Goodra
|-damage|p1a: Goodra|24/100
|
|t:|1778504035
|switch|p2a: OU Forever|Tyranitar, M|100/100|[from] U-turn
|-weather|Sandstorm|[from] ability: Sand Stream|[of] p2a: OU Forever
|move|p1a: Goodra|Ice Beam|p2a: OU Forever
|-damage|p2a: OU Forever|90/100
|
|-weather|Sandstorm|[upkeep]
|-damage|p1a: Goodra|18/100|[from] Sandstorm
|-heal|p1a: Goodra|24/100|[from] Grassy Terrain
|-heal|p2a: OU Forever|97/100|[from] Grassy Terrain
|upkeep
|turn|2
|
|t:|1778504050
|switch|p1a: Great Tusk|Great Tusk|100/100
|move|p2a: OU Forever|Knock Off|p1a: Great Tusk
|-resisted|p1a: Great Tusk
|-damage|p1a: Great Tusk|82/100
|-enditem|p1a: Great Tusk|Heavy-Duty Boots|[from] move: Knock Off|[of] p2a: OU Forever
|
|-weather|Sandstorm|[upkeep]
|-heal|p1a: Great Tusk|88/100|[from] Grassy Terrain
|-heal|p2a: OU Forever|100/100|[from] Grassy Terrain
|upkeep
|turn|3
|
|t:|1778504063
|switch|p2a: Hank|Alomomola, F|100/100
|move|p1a: Great Tusk|Ice Spinner|p2a: Hank
|-resisted|p2a: Hank
|-damage|p2a: Hank|92/100
|-fieldend|move: Grassy Terrain
|
|-weather|Sandstorm|[upkeep]
|-damage|p2a: Hank|85/100|[from] Sandstorm
|upkeep
|turn|4
|inactive|Battle timer is ON: inactive players will automatically lose when time's up. (requested by kooopooolooo)
|
|t:|1778504085
|-end|p1a: Great Tusk|Protosynthesis|[silent]
|switch|p1a: Goodra|Goodra, M|24/100
|move|p2a: Hank|Flip Turn|p1a: Goodra
|-resisted|p1a: Goodra
|-damage|p1a: Goodra|14/100
|
|t:|1778504095
|switch|p2a: Rillaboom|Rillaboom, M|100/100|[from] Flip Turn
|-fieldstart|move: Grassy Terrain|[from] ability: Grassy Surge|[of] p2a: Rillaboom
|
|-weather|Sandstorm|[upkeep]
|-damage|p2a: Rillaboom|94/100|[from] Sandstorm
|-damage|p1a: Goodra|8/100|[from] Sandstorm
|-heal|p2a: Rillaboom|100/100|[from] Grassy Terrain
|-heal|p1a: Goodra|14/100|[from] Grassy Terrain
|upkeep
|turn|5
|
|t:|1778504109
|move|p2a: Rillaboom|U-turn|p1a: Goodra
|-damage|p1a: Goodra|0 fnt
|faint|p1a: Goodra
|inactive|kooopooolooo has 120 seconds left.
|
|t:|1778504150
|switch|p2a: Tornadus|Tornadus-Therian, M|100/100|[from] U-turn
|
|-weather|none
|upkeep
|
|t:|1778504160
|switch|p1a: Alomomola|Alomomola, M|100/100
|turn|6
|inactive|kooopooolooo has 120 seconds left.
|
|t:|1778504176
|move|p2a: Tornadus|Bleakwind Storm|p1a: Alomomola|[miss]
|-miss|p2a: Tornadus|p1a: Alomomola
|move|p1a: Alomomola|Flip Turn|p2a: Tornadus
|-damage|p2a: Tornadus|84/100
|
|t:|1778504187
|switch|p1a: Sylveon|Sylveon, M|100/100|[from] Flip Turn
|
|upkeep
|turn|7
|inactive|kooopooolooo has 120 seconds left.
|
|t:|1778504205
|move|p2a: Tornadus|U-turn|p1a: Sylveon
|-resisted|p1a: Sylveon
|-damage|p1a: Sylveon|92/100
|
|t:|1778504207
|switch|p2a: Iron Treads|Iron Treads|100/100|[from] U-turn
|move|p1a: Sylveon|Hyper Voice|p2a: Iron Treads
|-resisted|p2a: Iron Treads
|-damage|p2a: Iron Treads|72/100
|
|-heal|p2a: Iron Treads|78/100|[from] Grassy Terrain
|-heal|p2a: Iron Treads|84/100|[from] item: Leftovers
|-heal|p1a: Sylveon|98/100|[from] Grassy Terrain
|upkeep
|turn|8
|
|t:|1778504222
|switch|p1a: Alomomola|Alomomola, M|100/100
|move|p2a: Iron Treads|Stealth Rock|p1a: Alomomola
|-sidestart|p1: titopr26|move: Stealth Rock
|
|-heal|p2a: Iron Treads|90/100|[from] Grassy Terrain
|-heal|p2a: Iron Treads|96/100|[from] item: Leftovers
|-fieldend|move: Grassy Terrain
|upkeep
|turn|9
|
|t:|1778504231
|move|p2a: Iron Treads|Volt Switch|p1a: Alomomola
|-supereffective|p1a: Alomomola
|-damage|p1a: Alomomola|89/100
|
|t:|1778504234
|-end|p2a: Iron Treads|Quark Drive|[silent]
|switch|p2a: Rillaboom|Rillaboom, M|100/100|[from] Volt Switch
|-fieldstart|move: Grassy Terrain|[from] ability: Grassy Surge|[of] p2a: Rillaboom
|move|p1a: Alomomola|Scald|p2a: Rillaboom
|-resisted|p2a: Rillaboom
|-damage|p2a: Rillaboom|91/100
|
|-heal|p2a: Rillaboom|97/100|[from] Grassy Terrain
|-heal|p1a: Alomomola|95/100|[from] Grassy Terrain
|upkeep
|turn|10
|
|t:|1778504252
|-terastallize|p1a: Alomomola|Fairy
|move|p2a: Rillaboom|Wood Hammer|p1a: Alomomola
|-damage|p1a: Alomomola|8/100
|-damage|p2a: Rillaboom|57/100|[from] Recoil
|move|p1a: Alomomola|Scald|p2a: Rillaboom
|-resisted|p2a: Rillaboom
|-damage|p2a: Rillaboom|48/100
|
|-heal|p2a: Rillaboom|54/100|[from] Grassy Terrain
|-heal|p1a: Alomomola|14/100|[from] Grassy Terrain
|upkeep
|turn|11
|
|t:|1778504268
|switch|p1a: Sylveon|Sylveon, M|98/100
|-damage|p1a: Sylveon|86/100|[from] Stealth Rock
|move|p2a: Rillaboom|Wood Hammer|p1a: Sylveon
|-damage|p1a: Sylveon|0 fnt
|faint|p1a: Sylveon
|-damage|p2a: Rillaboom|26/100|[from] Recoil
|
|-heal|p2a: Rillaboom|32/100|[from] Grassy Terrain
|upkeep
|
|t:|1778504282
|switch|p1a: Gallade|Gallade, M|100/100
|-damage|p1a: Gallade|94/100|[from] Stealth Rock
|turn|12
|
|t:|1778504293
|switch|p2a: Hank|Alomomola, F|100/100
|move|p1a: Gallade|Psycho Cut|p2a: Hank
|-damage|p2a: Hank|70/100
|
|-heal|p1a: Gallade|100/100|[from] Grassy Terrain
|-heal|p2a: Hank|76/100|[from] Grassy Terrain
|upkeep
|turn|13
|
|t:|1778504302
|switch|p1a: Alomomola|Alomomola, M, tera:Fairy|47/100
|-damage|p1a: Alomomola|35/100|[from] Stealth Rock
|move|p2a: Hank|Flip Turn|p1a: Alomomola
|-damage|p1a: Alomomola|23/100
|
|t:|1778504306
|switch|p2a: Rillaboom|Rillaboom, M|32/100|[from] Flip Turn
|
|-heal|p2a: Rillaboom|39/100|[from] Grassy Terrain
|-heal|p1a: Alomomola|29/100|[from] Grassy Terrain
|-fieldend|move: Grassy Terrain
|upkeep
|turn|14
|
|t:|1778504316
|switch|p1a: Dondozo|Dondozo, F|100/100
|-damage|p1a: Dondozo|88/100|[from] Stealth Rock
|move|p2a: Rillaboom|Wood Hammer|p1a: Dondozo
|-supereffective|p1a: Dondozo
|-damage|p1a: Dondozo|0 fnt
|faint|p1a: Dondozo
|-damage|p2a: Rillaboom|0 fnt|[from] Recoil
|faint|p2a: Rillaboom
|
|upkeep
|
|t:|1778504334
|switch|p2a: Tornadus|Tornadus-Therian, M|100/100
|switch|p1a: Great Tusk|Great Tusk|88/100
|-damage|p1a: Great Tusk|85/100|[from] Stealth Rock
|turn|15
|
|t:|1778504346
|move|p2a: Tornadus|Bleakwind Storm|p1a: Great Tusk
|-supereffective|p1a: Great Tusk
|-damage|p1a: Great Tusk|0 fnt
|faint|p1a: Great Tusk
|-end|p1a: Great Tusk|Protosynthesis|[silent]
|
|upkeep
|
|t:|1778504352
|switch|p1a: Alomomola|Alomomola, M, tera:Fairy|62/100
|-damage|p1a: Alomomola|50/100|[from] Stealth Rock
|turn|16
|
|t:|1778504357
|move|p2a: Tornadus|Bleakwind Storm|p1a: Alomomola
|-damage|p1a: Alomomola|29/100
|-unboost|p1a: Alomomola|spe|1
|move|p1a: Alomomola|Mirror Coat|p2a: Tornadus
|-damage|p2a: Tornadus|44/100
|
|upkeep
|turn|17
|-message|titopr26 forfeited.
|
|win|kooopooolooo
|raw|titopr26's rating: 1332 &rarr; <strong>1314</strong><br />(-18 for losing)
|raw|kooopooolooo's rating: 1369 &rarr; <strong>1387</strong><br />(+18 for winning)
|l|☆titopr26
|player|p1|
|l|☆kooopooolooo
|player|p2|
