|html|<div class="broadcast-blue"><strong>[Gen 9] OU is currently suspecting Tera Blast! For information on how to participate check out the <a href="https://www.smogon.com/tools/suspects/view/200">suspect thread</a>.</strong></div>
|j|☆Nezus
|j|☆californoob
|t:|1776073344
|gametype|singles
|player|p1|Nezus|bruno|1269
|player|p2|californoob|miku-flying|1320
|gen|9
|tier|[Gen 9] OU
|rated|
|rule|HP Percentage Mod: HP is shown in percentages
|rule|Endless Battle Clause: Forcing endless battles is banned
|rule|Species Clause: Limit one of each Pokémon
|rule|OHKO Clause: OHKO moves are banned
|rule|Evasion Items Clause: Evasion items are banned
|rule|Evasion Moves Clause: Evasion moves are banned
|rule|Evasion Abilities Clause: Evasion abilities are banned
|rule|Sleep Moves Clause: Sleep-inducing moves are banned
|clearpoke
|poke|p1|Tauros-Paldea-Blaze, M|
|poke|p1|Samurott-Hisui, F|
|poke|p1|Landorus-Therian, M|
|poke|p1|Goodra-Hisui, F|
|poke|p1|Dragapult, M|
|poke|p1|Kingambit, M|
|poke|p2|Toxapex, M|
|poke|p2|Gliscor, M|
|poke|p2|Blissey, F|
|poke|p2|Dondozo, F|
|poke|p2|Moltres|
|poke|p2|Cresselia, F|
|teampreview
|j| ohko_smeargle
|inactive|Battle timer is ON: inactive players will automatically lose when time's up. (requested by californoob)
|
|t:|1776073370
|teamsize|p1|6
|teamsize|p2|6
|start
|switch|p1a: Samurott|Samurott-Hisui, F|100/100
|switch|p2a: Gliscor|Gliscor, M|100/100
|turn|1
|
|t:|1776073377
|move|p2a: Gliscor|Protect|p2a: Gliscor
|-singleturn|p2a: Gliscor|Protect
|move|p1a: Samurott|Razor Shell|p2a: Gliscor
|-activate|p2a: Gliscor|move: Protect
|
|-status|p2a: Gliscor|tox|[from] item: Toxic Orb
|upkeep
|turn|2
|
|t:|1776073385
|move|p1a: Samurott|Encore|p2a: Gliscor
|-start|p2a: Gliscor|Encore
|move|p2a: Gliscor|Protect||[still]
|-fail|p2a: Gliscor
|
|upkeep
|turn|3
|
|t:|1776073389
|switch|p2a: Dondozo|Dondozo, F|100/100
|move|p1a: Samurott|Knock Off|p2a: Dondozo
|-damage|p2a: Dondozo|80/100
|-enditem|p2a: Dondozo|Heavy-Duty Boots|[from] move: Knock Off|[of] p1a: Samurott
|
|upkeep
|turn|4
|
|t:|1776073395
|move|p1a: Samurott|Ceaseless Edge|p2a: Dondozo
|-damage|p2a: Dondozo|61/100
|-sidestart|p2: californoob|Spikes
|move|p2a: Dondozo|Body Press|p1a: Samurott
|-supereffective|p1a: Samurott
|-damage|p1a: Samurott|31/100
|
|upkeep
|turn|5
|
|t:|1776073406
|-terastallize|p1a: Samurott|Ghost
|move|p1a: Samurott|Encore|p2a: Dondozo
|-start|p2a: Dondozo|Encore
|move|p2a: Dondozo|Body Press|p1a: Samurott
|-immune|p1a: Samurott
|
|upkeep
|turn|6
|
|t:|1776073410
|switch|p2a: Moltres|Moltres|100/100
|move|p1a: Samurott|Ceaseless Edge|p2a: Moltres
|-damage|p2a: Moltres|68/100
|-sidestart|p2: californoob|Spikes
|
|upkeep
|turn|7
|
|t:|1776073415
|move|p1a: Samurott|Razor Shell|p2a: Moltres
|-supereffective|p2a: Moltres
|-damage|p2a: Moltres|0 fnt
|faint|p2a: Moltres
|
|upkeep
|
|t:|1776073421
|switch|p2a: Toxapex|Toxapex, M|100/100
|turn|8
|
|t:|1776073428
|move|p1a: Samurott|Ceaseless Edge|p2a: Toxapex
|-crit|p2a: Toxapex
|-damage|p2a: Toxapex|61/100
|-sidestart|p2: californoob|Spikes
|move|p2a: Toxapex|Poison Jab|p1a: Samurott
|-resisted|p1a: Samurott
|-damage|p1a: Samurott|20/100
|-status|p1a: Samurott|psn
|
|-damage|p1a: Samurott|7/100 psn|[from] psn
|upkeep
|turn|9
|
|t:|1776073435
|move|p1a: Samurott|Encore|p2a: Toxapex
|-start|p2a: Toxapex|Encore
|move|p2a: Toxapex|Poison Jab|p1a: Samurott
|-resisted|p1a: Samurott
|-damage|p1a: Samurott|0 fnt
|faint|p1a: Samurott
|
|upkeep
|
|t:|1776073441
|switch|p1a: Kingambit|Kingambit, M|100/100
|-activate|p1a: Kingambit|ability: Supreme Overlord
|-start|p1a: Kingambit|fallen1|[silent]
|turn|10
|
|t:|1776073445
|switch|p2a: Dondozo|Dondozo, F|61/100
|-damage|p2a: Dondozo|36/100|[from] Spikes
|move|p1a: Kingambit|Swords Dance|p1a: Kingambit
|-boost|p1a: Kingambit|atk|2
|
|upkeep
|turn|11
|
|t:|1776073452
|move|p1a: Kingambit|Kowtow Cleave|p2a: Dondozo
|-damage|p2a: Dondozo|9/100
|move|p2a: Dondozo|Body Press|p1a: Kingambit
|-supereffective|p1a: Kingambit
|-damage|p1a: Kingambit|5/100
|
|-heal|p1a: Kingambit|12/100|[from] item: Leftovers
|upkeep
|turn|12
|
|t:|1776073459
|move|p1a: Kingambit|Kowtow Cleave|p2a: Dondozo
|-damage|p2a: Dondozo|0 fnt
|faint|p2a: Dondozo
|
|-heal|p1a: Kingambit|18/100|[from] item: Leftovers
|upkeep
|
|t:|1776073463
|switch|p2a: Gliscor|Gliscor, M|100/100 tox
|turn|13
|
|t:|1776073473
|move|p2a: Gliscor|Earthquake|p1a: Kingambit
|-supereffective|p1a: Kingambit
|-damage|p1a: Kingambit|0 fnt
|faint|p1a: Kingambit
|-end|p1a: Kingambit|fallen1|[silent]
|
|upkeep
|
|t:|1776073490
|switch|p1a: Landorus|Landorus-Therian, M|100/100
|-ability|p1a: Landorus|Intimidate|boost
|-unboost|p2a: Gliscor|atk|1
|turn|14
|
|t:|1776073502
|move|p2a: Gliscor|Knock Off|p1a: Landorus
|-damage|p1a: Landorus|91/100
|-damage|p2a: Gliscor|84/100 tox|[from] item: Rocky Helmet|[of] p1a: Landorus
|-enditem|p1a: Landorus|Rocky Helmet|[from] move: Knock Off|[of] p2a: Gliscor
|move|p1a: Landorus|Stealth Rock|p2a: Gliscor
|-sidestart|p2: californoob|move: Stealth Rock
|
|-heal|p2a: Gliscor|97/100 tox|[from] ability: Poison Heal
|upkeep
|turn|15
|
|t:|1776073510
|move|p2a: Gliscor|Spikes|p1a: Landorus
|-sidestart|p1: Nezus|Spikes
|move|p1a: Landorus|Grass Knot|p2a: Gliscor
|-damage|p2a: Gliscor|80/100 tox
|
|-heal|p2a: Gliscor|93/100 tox|[from] ability: Poison Heal
|upkeep
|turn|16
|
|t:|1776073514
|move|p2a: Gliscor|Spikes|p1a: Landorus
|-sidestart|p1: Nezus|Spikes
|move|p1a: Landorus|U-turn|p2a: Gliscor
|-resisted|p2a: Gliscor
|-damage|p2a: Gliscor|87/100 tox
|
|t:|1776073536
|switch|p1a: Goodra|Goodra-Hisui, F|100/100|[from] U-turn
|-damage|p1a: Goodra|84/100|[from] Spikes
|
|-heal|p1a: Goodra|90/100|[from] item: Leftovers
|-heal|p2a: Gliscor|99/100 tox|[from] ability: Poison Heal
|upkeep
|turn|17
|
|t:|1776073543
|move|p2a: Gliscor|Knock Off|p1a: Goodra
|-damage|p1a: Goodra|80/100
|-enditem|p1a: Goodra|Leftovers|[from] move: Knock Off|[of] p2a: Gliscor
|move|p1a: Goodra|Acid Armor|p1a: Goodra
|-boost|p1a: Goodra|def|2
|
|-heal|p2a: Gliscor|100/100 tox|[from] ability: Poison Heal
|upkeep
|turn|18
|
|t:|1776073553
|switch|p2a: Cresselia|Cresselia, F|100/100
|-damage|p2a: Cresselia|88/100|[from] Stealth Rock
|move|p1a: Goodra|Ice Beam|p2a: Cresselia
|-damage|p2a: Cresselia|76/100
|
|upkeep
|turn|19
|
|t:|1776073561
|move|p2a: Cresselia|Calm Mind|p2a: Cresselia
|-boost|p2a: Cresselia|spa|1
|-boost|p2a: Cresselia|spd|1
|move|p1a: Goodra|Flash Cannon|p2a: Cresselia
|-damage|p2a: Cresselia|65/100
|
|upkeep
|turn|20
|
|t:|1776073567
|move|p2a: Cresselia|Calm Mind|p2a: Cresselia
|-boost|p2a: Cresselia|spa|1
|-boost|p2a: Cresselia|spd|1
|move|p1a: Goodra|Acid Armor|p1a: Goodra
|-boost|p1a: Goodra|def|2
|
|upkeep
|turn|21
|
|t:|1776073571
|move|p2a: Cresselia|Calm Mind|p2a: Cresselia
|-boost|p2a: Cresselia|spa|1
|-boost|p2a: Cresselia|spd|1
|move|p1a: Goodra|Acid Armor|p1a: Goodra
|-boost|p1a: Goodra|def|2
|
|upkeep
|turn|22
|
|t:|1776073573
|move|p2a: Cresselia|Moonlight|p2a: Cresselia
|-heal|p2a: Cresselia|100/100
|move|p1a: Goodra|Body Press|p2a: Cresselia
|-resisted|p2a: Cresselia
|-damage|p2a: Cresselia|70/100
|
|upkeep
|turn|23
|
|t:|1776073580
|move|p2a: Cresselia|Calm Mind|p2a: Cresselia
|-boost|p2a: Cresselia|spa|1
|-boost|p2a: Cresselia|spd|1
|move|p1a: Goodra|Body Press|p2a: Cresselia
|-resisted|p2a: Cresselia
|-damage|p2a: Cresselia|42/100
|
|upkeep
|turn|24
|
|t:|1776073582
|move|p2a: Cresselia|Moonlight|p2a: Cresselia
|-heal|p2a: Cresselia|92/100
|move|p1a: Goodra|Body Press|p2a: Cresselia
|-resisted|p2a: Cresselia
|-damage|p2a: Cresselia|60/100
|
|upkeep
|turn|25
|
|t:|1776073585
|move|p2a: Cresselia|Moonblast|p1a: Goodra
|-damage|p1a: Goodra|47/100
|move|p1a: Goodra|Body Press|p2a: Cresselia
|-resisted|p2a: Cresselia
|-damage|p2a: Cresselia|27/100
|
|upkeep
|turn|26
|
|t:|1776073589
|move|p2a: Cresselia|Moonlight|p2a: Cresselia
|-heal|p2a: Cresselia|77/100
|move|p1a: Goodra|Body Press|p2a: Cresselia
|-resisted|p2a: Cresselia
|-damage|p2a: Cresselia|49/100
|
|upkeep
|turn|27
|
|t:|1776073594
|move|p2a: Cresselia|Calm Mind|p2a: Cresselia
|-boost|p2a: Cresselia|spa|1
|-boost|p2a: Cresselia|spd|1
|move|p1a: Goodra|Body Press|p2a: Cresselia
|-resisted|p2a: Cresselia
|-damage|p2a: Cresselia|17/100
|
|upkeep
|turn|28
|
|t:|1776073596
|move|p2a: Cresselia|Moonlight|p2a: Cresselia
|-heal|p2a: Cresselia|67/100
|move|p1a: Goodra|Body Press|p2a: Cresselia
|-resisted|p2a: Cresselia
|-damage|p2a: Cresselia|37/100
|
|upkeep
|turn|29
|
|t:|1776073598
|move|p2a: Cresselia|Moonlight|p2a: Cresselia
|-heal|p2a: Cresselia|87/100
|move|p1a: Goodra|Body Press|p2a: Cresselia
|-resisted|p2a: Cresselia
|-damage|p2a: Cresselia|58/100
|
|upkeep
|turn|30
|
|t:|1776073600
|move|p2a: Cresselia|Moonlight|p2a: Cresselia
|-heal|p2a: Cresselia|100/100
|move|p1a: Goodra|Body Press|p2a: Cresselia
|-resisted|p2a: Cresselia
|-damage|p2a: Cresselia|69/100
|
|upkeep
|turn|31
|
|t:|1776073603
|move|p2a: Cresselia|Calm Mind|p2a: Cresselia
|-boost|p2a: Cresselia|spa|1
|-boost|p2a: Cresselia|spd|1
|move|p1a: Goodra|Body Press|p2a: Cresselia
|-resisted|p2a: Cresselia
|-damage|p2a: Cresselia|40/100
|
|upkeep
|turn|32
|
|t:|1776073604
|move|p2a: Cresselia|Moonlight|p2a: Cresselia
|-heal|p2a: Cresselia|90/100
|move|p1a: Goodra|Body Press|p2a: Cresselia
|-resisted|p2a: Cresselia
|-damage|p2a: Cresselia|60/100
|
|upkeep
|turn|33
|
|t:|1776073607
|move|p2a: Cresselia|Moonlight|p2a: Cresselia
|-heal|p2a: Cresselia|100/100
|move|p1a: Goodra|Body Press|p2a: Cresselia
|-resisted|p2a: Cresselia
|-damage|p2a: Cresselia|69/100
|
|upkeep
|turn|34
|
|t:|1776073608
|move|p2a: Cresselia|Moonblast|p1a: Goodra
|-damage|p1a: Goodra|5/100
|-unboost|p1a: Goodra|spa|1
|move|p1a: Goodra|Body Press|p2a: Cresselia
|-resisted|p2a: Cresselia
|-damage|p2a: Cresselia|39/100
|
|upkeep
|turn|35
|
|t:|1776073612
|move|p2a: Cresselia|Moonblast|p1a: Goodra
|-damage|p1a: Goodra|0 fnt
|faint|p1a: Goodra
|
|upkeep
|
|t:|1776073619
|switch|p1a: Dragapult|Dragapult, M|100/100
|-damage|p1a: Dragapult|84/100|[from] Spikes
|turn|36
|
|t:|1776073623
|-terastallize|p2a: Cresselia|Steel
|move|p1a: Dragapult|Shadow Ball|p2a: Cresselia
|-damage|p2a: Cresselia|31/100
|move|p2a: Cresselia|Moonblast|p1a: Dragapult
|-supereffective|p1a: Dragapult
|-damage|p1a: Dragapult|0 fnt
|faint|p1a: Dragapult
|
|upkeep
|
|t:|1776073629
|switch|p1a: Tauros|Tauros-Paldea-Blaze, M|100/100
|-ability|p1a: Tauros|Intimidate|boost
|-unboost|p2a: Cresselia|atk|1
|turn|37
|
|t:|1776073633
|move|p1a: Tauros|Close Combat|p2a: Cresselia
|-supereffective|p2a: Cresselia
|-damage|p2a: Cresselia|0 fnt
|-unboost|p1a: Tauros|def|1
|-unboost|p1a: Tauros|spd|1
|faint|p2a: Cresselia
|
|upkeep
|
|t:|1776073636
|switch|p2a: Toxapex|Toxapex, M|94/100
|turn|38
|
|t:|1776073643
|switch|p1a: Landorus|Landorus-Therian, M|91/100
|-ability|p1a: Landorus|Intimidate|boost
|-unboost|p2a: Toxapex|atk|1
|move|p2a: Toxapex|Toxic|p1a: Landorus
|-status|p1a: Landorus|tox
|
|-damage|p1a: Landorus|85/100 tox|[from] psn
|upkeep
|turn|39
|
|t:|1776073647
|move|p2a: Toxapex|Baneful Bunker|p2a: Toxapex
|-singleturn|p2a: Toxapex|move: Protect
|move|p1a: Landorus|Earth Power|p2a: Toxapex
|-activate|p2a: Toxapex|move: Protect
|
|-damage|p1a: Landorus|73/100 tox|[from] psn
|upkeep
|turn|40
|
|t:|1776073651
|move|p1a: Landorus|U-turn|p2a: Toxapex
|-resisted|p2a: Toxapex
|-damage|p2a: Toxapex|88/100
|
|t:|1776073653
|switch|p1a: Tauros|Tauros-Paldea-Blaze, M|100/100|[from] U-turn
|-ability|p1a: Tauros|Intimidate|boost
|-unboost|p2a: Toxapex|atk|1
|move|p2a: Toxapex|Toxic Spikes|p1a: Tauros
|-sidestart|p1: Nezus|move: Toxic Spikes
|
|upkeep
|turn|41
|
|t:|1776073660
|move|p1a: Tauros|Stone Edge|p2a: Toxapex
|-damage|p2a: Toxapex|70/100
|move|p2a: Toxapex|Toxic|p1a: Tauros
|-status|p1a: Tauros|tox
|
|-damage|p1a: Tauros|94/100 tox|[from] psn
|upkeep
|turn|42
|
|t:|1776073664
|switch|p1a: Landorus|Landorus-Therian, M|73/100 tox
|-ability|p1a: Landorus|Intimidate|boost
|-unboost|p2a: Toxapex|atk|1
|move|p2a: Toxapex|Poison Jab|p1a: Landorus
|-resisted|p1a: Landorus
|-damage|p1a: Landorus|70/100 tox
|
|-damage|p1a: Landorus|64/100 tox|[from] psn
|upkeep
|turn|43
|
|t:|1776073670
|move|p2a: Toxapex|Baneful Bunker|p2a: Toxapex
|-singleturn|p2a: Toxapex|move: Protect
|move|p1a: Landorus|Grass Knot|p2a: Toxapex
|-activate|p2a: Toxapex|move: Protect
|
|-damage|p1a: Landorus|52/100 tox|[from] psn
|upkeep
|turn|44
|inactive|californoob has 120 seconds left.
|
|t:|1776073707
|move|p1a: Landorus|Earth Power|p2a: Toxapex
|-supereffective|p2a: Toxapex
|-damage|p2a: Toxapex|14/100
|move|p2a: Toxapex|Poison Jab|p1a: Landorus
|-resisted|p1a: Landorus
|-damage|p1a: Landorus|50/100 tox
|
|-damage|p1a: Landorus|32/100 tox|[from] psn
|upkeep
|turn|45
|
|t:|1776073716
|switch|p2a: Gliscor|Gliscor, M|100/100 tox
|-damage|p2a: Gliscor|88/100 tox|[from] Stealth Rock
|move|p1a: Landorus|Grass Knot|p2a: Gliscor
|-damage|p2a: Gliscor|72/100 tox
|
|-heal|p2a: Gliscor|85/100 tox|[from] ability: Poison Heal
|-damage|p1a: Landorus|8/100 tox|[from] psn
|upkeep
|turn|46
|
|t:|1776073723
|move|p2a: Gliscor|Spikes|p1a: Landorus
|-sidestart|p1: Nezus|Spikes
|move|p1a: Landorus|U-turn|p2a: Gliscor
|-resisted|p2a: Gliscor
|-damage|p2a: Gliscor|79/100 tox
|
|t:|1776073725
|switch|p1a: Tauros|Tauros-Paldea-Blaze, M|94/100 tox|[from] U-turn
|-ability|p1a: Tauros|Intimidate|boost
|-unboost|p2a: Gliscor|atk|1
|
|-damage|p1a: Tauros|88/100 tox|[from] psn
|-heal|p2a: Gliscor|91/100 tox|[from] ability: Poison Heal
|upkeep
|turn|47
|
|t:|1776073731
|move|p1a: Tauros|Raging Bull|p2a: Gliscor
|-damage|p2a: Gliscor|68/100 tox
|move|p2a: Gliscor|Knock Off|p1a: Tauros
|-resisted|p1a: Tauros
|-damage|p1a: Tauros|80/100 tox
|-enditem|p1a: Tauros|Heavy-Duty Boots|[from] move: Knock Off|[of] p2a: Gliscor
|
|-damage|p1a: Tauros|68/100 tox|[from] psn
|-heal|p2a: Gliscor|81/100 tox|[from] ability: Poison Heal
|upkeep
|turn|48
|
|t:|1776073737
|move|p1a: Tauros|Stone Edge|p2a: Gliscor
|-damage|p2a: Gliscor|61/100 tox
|move|p2a: Gliscor|Earthquake|p1a: Tauros
|-supereffective|p1a: Tauros
|-damage|p1a: Tauros|16/100 tox
|
|-damage|p1a: Tauros|0 fnt|[from] psn
|faint|p1a: Tauros
|-heal|p2a: Gliscor|74/100 tox|[from] ability: Poison Heal
|upkeep
|-message|Nezus forfeited.
|
|win|californoob
|raw|Nezus's rating: 1269 &rarr; <strong>1248</strong><br />(-21 for losing)
|raw|californoob's rating: 1320 &rarr; <strong>1337</strong><br />(+17 for winning)
|l|☆Nezus
|player|p1|
|l|☆californoob
|player|p2|
|l| ohko_smeargle
