|html|<div class="broadcast-blue"><strong>[Gen 9] OU is currently suspecting Tera Blast! For information on how to participate check out the <a href="https://www.smogon.com/tools/suspects/view/200">suspect thread</a>.</strong></div>
|badge|p1|bronze|gen9ou|100-9
|badge|p1|bronze|gen9randombattle|100-9
|uhtml|medal-msg|<div class="broadcast-blue">Curious what those medals under the avatar are? PS now has Ladder Seasons! For more information, check out the <a href="https://www.smogon.com/forums/threads/3740067/">thread on Smogon.</a></div>
|j|☆Ctannn
|j|☆OP Earthquakes
|t:|1776240371
|gametype|singles
|player|p1|Ctannn|101|1874
|player|p2|OP Earthquakes|giovanni-masters|1778
|gen|9
|tier|[Gen 9] OU
|rated|
|rule|HP Percentage Mod: HP is shown in percentages
|rule|Endless Battle Clause: Forcing endless battles is banned
|rule|Species Clause: Limit one of each Pokémon
|rule|OHKO Clause: OHKO moves are banned
|rule|Evasion Items Clause: Evasion items are banned
|rule|Evasion Moves Clause: Evasion moves are banned
|rule|Evasion Abilities Clause: Evasion abilities are banned
|rule|Sleep Moves Clause: Sleep-inducing moves are banned
|clearpoke
|poke|p1|Rillaboom, F|
|poke|p1|Garganacl, F|
|poke|p1|Cinderace, F|
|poke|p1|Raging Bolt|
|poke|p1|Slowking-Galar, M|
|poke|p1|Landorus-Therian, M|
|poke|p2|Excadrill, F|
|poke|p2|Tyranitar, M|
|poke|p2|Kyurem|
|poke|p2|Hawlucha, M|
|poke|p2|Pawmot, M|
|poke|p2|Armarouge, M|
|teampreview
|inactive|Battle timer is ON: inactive players will automatically lose when time's up. (requested by OP Earthquakes)
|c|☆OP Earthquakes|GLHF
|inactive|OP Earthquakes has 120 seconds left.
|
|t:|1776240424
|teamsize|p1|6
|teamsize|p2|6
|start
|switch|p1a: Cinderace|Cinderace, F|100/100
|switch|p2a: Frieza|Kyurem, shiny|100/100
|-ability|p2a: Frieza|Pressure
|turn|1
|
|t:|1776240450
|switch|p2a: Armarouge|Armarouge, M|100/100
|move|p1a: Cinderace|High Jump Kick|p2a: Armarouge
|-start|p1a: Cinderace|typechange|Fighting|[from] ability: Libero
|-resisted|p2a: Armarouge
|-damage|p2a: Armarouge|68/100
|-ability|p2a: Armarouge|Weak Armor|boost
|-unboost|p2a: Armarouge|def|1
|-boost|p2a: Armarouge|spe|2
|
|upkeep
|turn|2
|j| TeraBlastGardevoir
|j| DanielsAlt
|
|t:|1776240459
|switch|p1a: Slowking|Slowking-Galar, M|100/100
|move|p2a: Armarouge|Armor Cannon|p1a: Slowking
|-damage|p1a: Slowking|51/100
|-unboost|p2a: Armarouge|def|1
|-unboost|p2a: Armarouge|spd|1
|
|upkeep
|turn|3
|c| TeraBlastGardevoir|what's up OP Earthquakes
|
|t:|1776240466
|switch|p1a: Garganacl|Garganacl, F|100/100
|-terastallize|p2a: Armarouge|Fire
|move|p2a: Armarouge|Armor Cannon|p1a: Garganacl
|-resisted|p1a: Garganacl
|-damage|p1a: Garganacl|75/100
|-unboost|p2a: Armarouge|def|1
|-unboost|p2a: Armarouge|spd|1
|
|-heal|p1a: Garganacl|81/100|[from] item: Leftovers
|upkeep
|turn|4
|
|t:|1776240472
|move|p2a: Armarouge|Aura Sphere|p1a: Garganacl
|-supereffective|p1a: Garganacl
|-damage|p1a: Garganacl|43/100
|move|p1a: Garganacl|Salt Cure|p2a: Armarouge
|-supereffective|p2a: Armarouge
|-damage|p2a: Armarouge|0 fnt
|faint|p2a: Armarouge
|
|-heal|p1a: Garganacl|49/100|[from] item: Leftovers
|upkeep
|
|t:|1776240480
|switch|p2a: Frieza|Kyurem, shiny|100/100
|-ability|p2a: Frieza|Pressure
|turn|5
|
|t:|1776240486
|move|p1a: Garganacl|Protect|p1a: Garganacl
|-singleturn|p1a: Garganacl|Protect
|move|p2a: Frieza|Earth Power|p1a: Garganacl
|-activate|p1a: Garganacl|move: Protect
|
|-heal|p1a: Garganacl|55/100|[from] item: Leftovers
|upkeep
|turn|6
|
|t:|1776240490
|move|p2a: Frieza|Earth Power|p1a: Garganacl
|-supereffective|p1a: Garganacl
|-damage|p1a: Garganacl|4/100
|move|p1a: Garganacl|Recover|p1a: Garganacl
|-heal|p1a: Garganacl|54/100
|
|-heal|p1a: Garganacl|60/100|[from] item: Leftovers
|upkeep
|turn|7
|
|t:|1776240496
|move|p1a: Garganacl|Protect|p1a: Garganacl
|-singleturn|p1a: Garganacl|Protect
|move|p2a: Frieza|Earth Power|p1a: Garganacl
|-activate|p1a: Garganacl|move: Protect
|
|-heal|p1a: Garganacl|67/100|[from] item: Leftovers
|upkeep
|turn|8
|
|t:|1776240499
|move|p2a: Frieza|Earth Power|p1a: Garganacl
|-supereffective|p1a: Garganacl
|-damage|p1a: Garganacl|15/100
|move|p1a: Garganacl|Recover|p1a: Garganacl
|-heal|p1a: Garganacl|65/100
|
|-heal|p1a: Garganacl|71/100|[from] item: Leftovers
|upkeep
|turn|9
|
|t:|1776240502
|move|p1a: Garganacl|Protect|p1a: Garganacl
|-singleturn|p1a: Garganacl|Protect
|move|p2a: Frieza|Earth Power|p1a: Garganacl
|-activate|p1a: Garganacl|move: Protect
|
|-heal|p1a: Garganacl|77/100|[from] item: Leftovers
|upkeep
|turn|10
|
|t:|1776240504
|move|p2a: Frieza|Earth Power|p1a: Garganacl
|-supereffective|p1a: Garganacl
|-damage|p1a: Garganacl|27/100
|move|p1a: Garganacl|Recover|p1a: Garganacl
|-heal|p1a: Garganacl|77/100
|
|-heal|p1a: Garganacl|83/100|[from] item: Leftovers
|upkeep
|turn|11
|
|t:|1776240506
|move|p1a: Garganacl|Protect|p1a: Garganacl
|-singleturn|p1a: Garganacl|Protect
|move|p2a: Frieza|Earth Power|p1a: Garganacl
|-activate|p1a: Garganacl|move: Protect
|
|-heal|p1a: Garganacl|89/100|[from] item: Leftovers
|upkeep
|turn|12
|
|t:|1776240508
|move|p2a: Frieza|Earth Power|p1a: Garganacl
|-supereffective|p1a: Garganacl
|-damage|p1a: Garganacl|35/100
|move|p1a: Garganacl|Recover|p1a: Garganacl
|-heal|p1a: Garganacl|85/100
|
|-heal|p1a: Garganacl|91/100|[from] item: Leftovers
|upkeep
|turn|13
|
|t:|1776240513
|move|p1a: Garganacl|Protect|p1a: Garganacl
|-singleturn|p1a: Garganacl|Protect
|move|p2a: Frieza|Earth Power|p1a: Garganacl
|-activate|p1a: Garganacl|move: Protect
|
|-heal|p1a: Garganacl|98/100|[from] item: Leftovers
|upkeep
|turn|14
|
|t:|1776240517
|move|p2a: Frieza|Earth Power|p1a: Garganacl
|-supereffective|p1a: Garganacl
|-damage|p1a: Garganacl|45/100
|move|p1a: Garganacl|Recover|p1a: Garganacl
|-heal|p1a: Garganacl|95/100
|
|-heal|p1a: Garganacl|100/100|[from] item: Leftovers
|upkeep
|turn|15
|
|t:|1776240522
|move|p1a: Garganacl|Protect|p1a: Garganacl
|-singleturn|p1a: Garganacl|Protect
|move|p2a: Frieza|Freeze-Dry|p1a: Garganacl
|-activate|p1a: Garganacl|move: Protect
|
|upkeep
|turn|16
|
|t:|1776240527
|move|p2a: Frieza|Earth Power|p1a: Garganacl
|-supereffective|p1a: Garganacl
|-damage|p1a: Garganacl|51/100
|move|p1a: Garganacl|Salt Cure|p2a: Frieza
|-supereffective|p2a: Frieza
|-damage|p2a: Frieza|73/100
|-start|p2a: Frieza|Salt Cure
|
|-heal|p1a: Garganacl|57/100|[from] item: Leftovers
|-damage|p2a: Frieza|61/100|[from] Salt Cure
|upkeep
|turn|17
|
|t:|1776240535
|switch|p2a: The sandstorm|Tyranitar, M, shiny|100/100
|-weather|Sandstorm|[from] ability: Sand Stream|[of] p2a: The sandstorm
|move|p1a: Garganacl|Protect||[still]
|-fail|p1a: Garganacl
|
|-weather|Sandstorm|[upkeep]
|-heal|p1a: Garganacl|64/100|[from] item: Leftovers
|upkeep
|turn|18
|
|t:|1776240539
|move|p1a: Garganacl|Protect|p1a: Garganacl
|-singleturn|p1a: Garganacl|Protect
|move|p2a: The sandstorm|Stealth Rock|p1a: Garganacl
|-sidestart|p1: Ctannn|move: Stealth Rock
|
|-weather|Sandstorm|[upkeep]
|-heal|p1a: Garganacl|70/100|[from] item: Leftovers
|upkeep
|turn|19
|
|t:|1776240552
|switch|p2a: Itachi|Hawlucha, M, shiny|100/100
|-ability|p2a: Itachi|Mold Breaker
|switch|p1a: Landorus|Landorus-Therian, M|100/100
|-damage|p1a: Landorus|88/100|[from] Stealth Rock
|-ability|p1a: Landorus|Intimidate|boost
|-unboost|p2a: Itachi|atk|1
|
|-weather|Sandstorm|[upkeep]
|-damage|p2a: Itachi|94/100|[from] Sandstorm
|upkeep
|turn|20
|
|t:|1776240558
|move|p2a: Itachi|Swords Dance|p2a: Itachi
|-boost|p2a: Itachi|atk|2
|move|p1a: Landorus|Weather Ball|p2a: Itachi
|-damage|p2a: Itachi|55/100
|-enditem|p2a: Itachi|Red Card|[of] p1a: Landorus
|drag|p1a: Raging Bolt|Raging Bolt|100/100
|
|-weather|Sandstorm|[upkeep]
|-damage|p2a: Itachi|49/100|[from] Sandstorm
|-damage|p1a: Raging Bolt|94/100|[from] Sandstorm
|upkeep
|turn|21
|
|t:|1776240564
|switch|p2a: OP|Excadrill, F|100/100
|move|p1a: Raging Bolt|Volt Switch|p2a: OP
|-immune|p2a: OP
|
|-weather|Sandstorm|[upkeep]
|-damage|p1a: Raging Bolt|88/100|[from] Sandstorm
|upkeep
|turn|22
|
|t:|1776240568
|-end|p1a: Raging Bolt|Protosynthesis|[silent]
|switch|p1a: Landorus|Landorus-Therian, M|88/100
|-damage|p1a: Landorus|76/100|[from] Stealth Rock
|-ability|p1a: Landorus|Intimidate|boost
|-unboost|p2a: OP|atk|1
|move|p2a: OP|Iron Head|p1a: Landorus
|-damage|p1a: Landorus|40/100
|-damage|p2a: OP|84/100|[from] item: Rocky Helmet|[of] p1a: Landorus
|
|-weather|Sandstorm|[upkeep]
|upkeep
|turn|23
|
|t:|1776240571
|switch|p1a: Slowking|Slowking-Galar, M|84/100
|-damage|p1a: Slowking|72/100|[from] Stealth Rock
|move|p2a: OP|Iron Head|p1a: Slowking
|-damage|p1a: Slowking|39/100
|-damage|p2a: OP|67/100|[from] item: Rocky Helmet|[of] p1a: Slowking
|
|-weather|Sandstorm|[upkeep]
|-damage|p1a: Slowking|33/100|[from] Sandstorm
|upkeep
|turn|24
|
|t:|1776240575
|switch|p1a: Cinderace|Cinderace, F|100/100
|move|p2a: OP|Iron Head|p1a: Cinderace
|-resisted|p1a: Cinderace
|-damage|p1a: Cinderace|68/100
|
|-weather|none
|upkeep
|turn|25
|
|t:|1776240581
|switch|p2a: The sandstorm|Tyranitar, M, shiny|100/100
|-weather|Sandstorm|[from] ability: Sand Stream|[of] p2a: The sandstorm
|move|p1a: Cinderace|High Jump Kick|p2a: The sandstorm
|-start|p1a: Cinderace|typechange|Fighting|[from] ability: Libero
|-supereffective|p2a: The sandstorm
|-damage|p2a: The sandstorm|0 fnt
|faint|p2a: The sandstorm
|
|-weather|Sandstorm|[upkeep]
|-damage|p1a: Cinderace|62/100|[from] Sandstorm
|upkeep
|
|t:|1776240585
|switch|p2a: OP|Excadrill, F|67/100
|turn|26
|
|t:|1776240589
|switch|p1a: Slowking|Slowking-Galar, M|66/100
|-damage|p1a: Slowking|54/100|[from] Stealth Rock
|move|p2a: OP|Iron Head|p1a: Slowking
|-damage|p1a: Slowking|2/100
|-damage|p2a: OP|51/100|[from] item: Rocky Helmet|[of] p1a: Slowking
|
|-weather|Sandstorm|[upkeep]
|-damage|p1a: Slowking|0 fnt|[from] Sandstorm
|faint|p1a: Slowking
|upkeep
|
|t:|1776240594
|switch|p1a: Cinderace|Cinderace, F|62/100
|turn|27
|
|t:|1776240596
|move|p2a: OP|Iron Head|p1a: Cinderace
|-resisted|p1a: Cinderace
|-damage|p1a: Cinderace|8/100
|move|p1a: Cinderace|Pyro Ball|p2a: OP|[miss]
|-miss|p1a: Cinderace|p2a: OP
|
|-weather|Sandstorm|[upkeep]
|-damage|p1a: Cinderace|2/100|[from] Sandstorm
|upkeep
|turn|28
|
|t:|1776240601
|switch|p1a: Landorus|Landorus-Therian, M|40/100
|-damage|p1a: Landorus|27/100|[from] Stealth Rock
|-ability|p1a: Landorus|Intimidate|boost
|-unboost|p2a: OP|atk|1
|move|p2a: OP|Iron Head|p1a: Landorus
|-crit|p1a: Landorus
|-damage|p1a: Landorus|0 fnt
|-damage|p2a: OP|34/100|[from] item: Rocky Helmet|[of] p1a: Landorus
|faint|p1a: Landorus
|
|-weather|Sandstorm|[upkeep]
|upkeep
|
|t:|1776240603
|switch|p1a: Raging Bolt|Raging Bolt|88/100
|turn|29
|
|t:|1776240606
|switch|p2a: Itachi|Hawlucha, M, shiny|49/100
|-ability|p2a: Itachi|Mold Breaker
|move|p1a: Raging Bolt|Draco Meteor|p2a: Itachi
|-damage|p2a: Itachi|0 fnt
|-unboost|p1a: Raging Bolt|spa|2
|faint|p2a: Itachi
|
|-weather|Sandstorm|[upkeep]
|-damage|p1a: Raging Bolt|82/100|[from] Sandstorm
|upkeep
|
|t:|1776240608
|switch|p2a: OP|Excadrill, F|34/100
|turn|30
|
|t:|1776240615
|move|p2a: OP|Iron Head|p1a: Raging Bolt
|-resisted|p1a: Raging Bolt
|-damage|p1a: Raging Bolt|48/100
|move|p1a: Raging Bolt|Draco Meteor|p2a: OP
|-resisted|p2a: OP
|-damage|p2a: OP|9/100
|-unboost|p1a: Raging Bolt|spa|2
|
|-weather|Sandstorm|[upkeep]
|-damage|p1a: Raging Bolt|42/100|[from] Sandstorm
|upkeep
|turn|31
|c| TeraBlastGardevoir|ah good
|
|t:|1776240625
|switch|p2a: Porunga|Pawmot, M|100/100
|move|p1a: Raging Bolt|Draco Meteor|p2a: Porunga
|-damage|p2a: Porunga|65/100
|-unboost|p1a: Raging Bolt|spa|2
|
|-weather|Sandstorm|[upkeep]
|-damage|p2a: Porunga|59/100|[from] Sandstorm
|-damage|p1a: Raging Bolt|36/100|[from] Sandstorm
|upkeep
|turn|32
|
|t:|1776240629
|move|p2a: Porunga|Revival Blessing|p2a: Porunga
|-enditem|p2a: Porunga|Leppa Berry|[eat]
|-activate|p2a: Porunga|item: Leppa Berry|Revival Blessing|[consumed]
|c| TeraBlastGardevoir|a physdef glowking
|
|t:|1776240633
|-heal|p2: The sandstorm|50/100|[from] move: Revival Blessing
|move|p1a: Raging Bolt|Draco Meteor|p2a: Porunga
|-damage|p2a: Porunga|30/100
|
|-weather|none
|upkeep
|turn|33
|c| TeraBlastGardevoir|never mind lol
|
|t:|1776240644
|switch|p2a: The sandstorm|Tyranitar, M, shiny|50/100
|-weather|Sandstorm|[from] ability: Sand Stream|[of] p2a: The sandstorm
|-end|p1a: Raging Bolt|Protosynthesis|[silent]
|switch|p1a: Rillaboom|Rillaboom, F|100/100
|-damage|p1a: Rillaboom|88/100|[from] Stealth Rock
|-fieldstart|move: Grassy Terrain|[from] ability: Grassy Surge|[of] p1a: Rillaboom
|
|-weather|Sandstorm|[upkeep]
|-damage|p1a: Rillaboom|82/100|[from] Sandstorm
|-heal|p1a: Rillaboom|88/100|[from] Grassy Terrain
|-heal|p2a: The sandstorm|57/100|[from] Grassy Terrain
|upkeep
|turn|34
|
|t:|1776240653
|switch|p2a: OP|Excadrill, F|9/100
|move|p1a: Rillaboom|Grassy Glide|p2a: OP
|-damage|p2a: OP|0 fnt
|faint|p2a: OP
|
|-weather|Sandstorm|[upkeep]
|-damage|p1a: Rillaboom|82/100|[from] Sandstorm
|-heal|p1a: Rillaboom|88/100|[from] Grassy Terrain
|upkeep
|
|t:|1776240658
|switch|p2a: Frieza|Kyurem, shiny|61/100
|-ability|p2a: Frieza|Pressure
|turn|35
|j| lozano9
|
|t:|1776240663
|switch|p1a: Raging Bolt|Raging Bolt|36/100
|move|p2a: Frieza|Freeze-Dry|p1a: Raging Bolt
|-supereffective|p1a: Raging Bolt
|-damage|p1a: Raging Bolt|0 fnt
|faint|p1a: Raging Bolt
|-end|p1a: Raging Bolt|Protosynthesis|[silent]
|
|-weather|Sandstorm|[upkeep]
|-damage|p2a: Frieza|54/100|[from] Sandstorm
|-heal|p2a: Frieza|61/100|[from] Grassy Terrain
|upkeep
|
|t:|1776240666
|switch|p1a: Cinderace|Cinderace, F|2/100
|turn|36
|
|t:|1776240673
|switch|p2a: The sandstorm|Tyranitar, M, shiny|57/100
|move|p1a: Cinderace|Court Change|p1a: Cinderace
|-start|p1a: Cinderace|typechange|Normal|[from] ability: Libero
|-swapsideconditions
|-activate|p1a: Cinderace|move: Court Change
|
|-weather|Sandstorm|[upkeep]
|-damage|p1a: Cinderace|0 fnt|[from] Sandstorm
|faint|p1a: Cinderace
|-heal|p2a: The sandstorm|63/100|[from] Grassy Terrain
|upkeep
|
|t:|1776240679
|switch|p1a: Garganacl|Garganacl, F|70/100
|turn|37
|
|t:|1776240683
|move|p1a: Garganacl|Protect|p1a: Garganacl
|-singleturn|p1a: Garganacl|Protect
|move|p2a: The sandstorm|Stealth Rock|p1a: Garganacl
|-sidestart|p1: Ctannn|move: Stealth Rock
|
|-weather|Sandstorm|[upkeep]
|-heal|p2a: The sandstorm|69/100|[from] Grassy Terrain
|-heal|p1a: Garganacl|76/100|[from] Grassy Terrain
|-heal|p1a: Garganacl|82/100|[from] item: Leftovers
|-fieldend|move: Grassy Terrain
|upkeep
|turn|38
|l| lozano9
|
|t:|1776240700
|switch|p2a: Porunga|Pawmot, M|30/100
|-damage|p2a: Porunga|24/100|[from] Stealth Rock
|move|p1a: Garganacl|Curse|p1a: Garganacl
|-unboost|p1a: Garganacl|spe|1
|-boost|p1a: Garganacl|atk|1
|-boost|p1a: Garganacl|def|1
|
|-weather|Sandstorm|[upkeep]
|-damage|p2a: Porunga|18/100|[from] Sandstorm
|-heal|p1a: Garganacl|88/100|[from] item: Leftovers
|upkeep
|turn|39
|
|t:|1776240707
|move|p2a: Porunga|Revival Blessing|p2a: Porunga
|j| amimec
|inactive|OP Earthquakes has 120 seconds left.
|
|t:|1776240753
|-heal|p2: OP|50/100|[from] move: Revival Blessing
|move|p1a: Garganacl|Salt Cure|p2a: Porunga
|-resisted|p2a: Porunga
|-damage|p2a: Porunga|2/100
|-start|p2a: Porunga|Salt Cure
|
|-weather|Sandstorm|[upkeep]
|-damage|p2a: Porunga|0 fnt|[from] Sandstorm
|faint|p2a: Porunga
|-heal|p1a: Garganacl|95/100|[from] item: Leftovers
|upkeep
|
|t:|1776240761
|switch|p2a: OP|Excadrill, F|50/100
|-damage|p2a: OP|47/100|[from] Stealth Rock
|turn|40
|
|t:|1776240764
|move|p1a: Garganacl|Protect|p1a: Garganacl
|-singleturn|p1a: Garganacl|Protect
|move|p2a: OP|Earthquake|p1a: Garganacl
|-activate|p1a: Garganacl|move: Protect
|
|-weather|none
|-heal|p1a: Garganacl|100/100|[from] item: Leftovers
|upkeep
|turn|41
|
|t:|1776240775
|-terastallize|p1a: Garganacl|Water
|move|p2a: OP|Earthquake|p1a: Garganacl
|-damage|p1a: Garganacl|64/100
|move|p1a: Garganacl|Salt Cure|p2a: OP
|-resisted|p2a: OP
|-damage|p2a: OP|41/100
|-start|p2a: OP|Salt Cure
|
|-heal|p1a: Garganacl|70/100|[from] item: Leftovers
|-damage|p2a: OP|16/100|[from] Salt Cure
|upkeep
|turn|42
|c| TeraBlastGardevoir|use the force
|c| TeraBlastGardevoir|there you go
|
|t:|1776240791
|switch|p2a: The sandstorm|Tyranitar, M, shiny|69/100
|-damage|p2a: The sandstorm|56/100|[from] Stealth Rock
|-weather|Sandstorm|[from] ability: Sand Stream|[of] p2a: The sandstorm
|move|p1a: Garganacl|Recover|p1a: Garganacl
|-heal|p1a: Garganacl|100/100
|
|-weather|Sandstorm|[upkeep]
|-damage|p1a: Garganacl|94/100|[from] Sandstorm
|-heal|p1a: Garganacl|100/100|[from] item: Leftovers
|upkeep
|turn|43
|
|t:|1776240796
|move|p1a: Garganacl|Salt Cure|p2a: The sandstorm
|-damage|p2a: The sandstorm|41/100
|-start|p2a: The sandstorm|Salt Cure
|move|p2a: The sandstorm|Roar|p1a: Garganacl
|drag|p1a: Rillaboom|Rillaboom, F|88/100
|-damage|p1a: Rillaboom|76/100|[from] Stealth Rock
|-fieldstart|move: Grassy Terrain|[from] ability: Grassy Surge|[of] p1a: Rillaboom
|
|-weather|Sandstorm|[upkeep]
|-damage|p1a: Rillaboom|70/100|[from] Sandstorm
|-heal|p1a: Rillaboom|76/100|[from] Grassy Terrain
|-heal|p2a: The sandstorm|48/100|[from] Grassy Terrain
|-damage|p2a: The sandstorm|35/100|[from] Salt Cure
|upkeep
|turn|44
|
|t:|1776240803
|move|p1a: Rillaboom|Swords Dance|p1a: Rillaboom
|-boost|p1a: Rillaboom|atk|2
|move|p2a: The sandstorm|Ice Beam|p1a: Rillaboom
|-supereffective|p1a: Rillaboom
|-damage|p1a: Rillaboom|4/100
|
|-weather|Sandstorm|[upkeep]
|-damage|p1a: Rillaboom|0 fnt|[from] Sandstorm
|faint|p1a: Rillaboom
|-heal|p2a: The sandstorm|41/100|[from] Grassy Terrain
|-damage|p2a: The sandstorm|29/100|[from] Salt Cure
|upkeep
|
|t:|1776240806
|switch|p1a: Garganacl|Garganacl, F, tera:Water|100/100
|-damage|p1a: Garganacl|88/100|[from] Stealth Rock
|turn|45
|
|t:|1776240811
|switch|p2a: OP|Excadrill, F|16/100
|-damage|p2a: OP|13/100|[from] Stealth Rock
|move|p1a: Garganacl|Curse|p1a: Garganacl
|-unboost|p1a: Garganacl|spe|1
|-boost|p1a: Garganacl|atk|1
|-boost|p1a: Garganacl|def|1
|
|-weather|Sandstorm|[upkeep]
|-damage|p1a: Garganacl|82/100|[from] Sandstorm
|-heal|p2a: OP|19/100|[from] Grassy Terrain
|-heal|p1a: Garganacl|88/100|[from] Grassy Terrain
|-heal|p1a: Garganacl|94/100|[from] item: Leftovers
|upkeep
|turn|46
|
|t:|1776240818
|move|p2a: OP|Earthquake|p1a: Garganacl
|-damage|p1a: Garganacl|73/100
|move|p1a: Garganacl|Curse|p1a: Garganacl
|-unboost|p1a: Garganacl|spe|1
|-boost|p1a: Garganacl|atk|1
|-boost|p1a: Garganacl|def|1
|
|-weather|Sandstorm|[upkeep]
|-damage|p1a: Garganacl|66/100|[from] Sandstorm
|-heal|p2a: OP|25/100|[from] Grassy Terrain
|-heal|p1a: Garganacl|73/100|[from] Grassy Terrain
|-heal|p1a: Garganacl|79/100|[from] item: Leftovers
|upkeep
|turn|47
|
|t:|1776240824
|move|p2a: OP|Earthquake|p1a: Garganacl
|-damage|p1a: Garganacl|63/100
|move|p1a: Garganacl|Curse|p1a: Garganacl
|-unboost|p1a: Garganacl|spe|1
|-boost|p1a: Garganacl|atk|1
|-boost|p1a: Garganacl|def|1
|
|-weather|Sandstorm|[upkeep]
|-damage|p1a: Garganacl|57/100|[from] Sandstorm
|-heal|p2a: OP|31/100|[from] Grassy Terrain
|-heal|p1a: Garganacl|63/100|[from] Grassy Terrain
|-heal|p1a: Garganacl|69/100|[from] item: Leftovers
|-fieldend|move: Grassy Terrain
|upkeep
|turn|48
|
|t:|1776240829
|move|p1a: Garganacl|Protect|p1a: Garganacl
|-singleturn|p1a: Garganacl|Protect
|move|p2a: OP|Earthquake|p1a: Garganacl
|-activate|p1a: Garganacl|move: Protect
|
|-weather|Sandstorm|[upkeep]
|-damage|p1a: Garganacl|63/100|[from] Sandstorm
|-heal|p1a: Garganacl|69/100|[from] item: Leftovers
|upkeep
|turn|49
|
|t:|1776240835
|move|p2a: OP|Earthquake|p1a: Garganacl
|-damage|p1a: Garganacl|46/100
|move|p1a: Garganacl|Recover|p1a: Garganacl
|-heal|p1a: Garganacl|96/100
|
|-weather|none
|-heal|p1a: Garganacl|100/100|[from] item: Leftovers
|upkeep
|turn|50
|
|t:|1776240840
|switch|p2a: The sandstorm|Tyranitar, M, shiny|29/100
|-damage|p2a: The sandstorm|16/100|[from] Stealth Rock
|-weather|Sandstorm|[from] ability: Sand Stream|[of] p2a: The sandstorm
|move|p1a: Garganacl|Salt Cure|p2a: The sandstorm
|-damage|p2a: The sandstorm|0 fnt
|faint|p2a: The sandstorm
|
|-weather|Sandstorm|[upkeep]
|-damage|p1a: Garganacl|94/100|[from] Sandstorm
|-heal|p1a: Garganacl|100/100|[from] item: Leftovers
|upkeep
|c|☆Ctannn|Sorry for stalling
|
|t:|1776240855
|switch|p2a: OP|Excadrill, F|31/100
|-damage|p2a: OP|28/100|[from] Stealth Rock
|turn|51
|c| TeraBlastGardevoir|this looks pretty over to me, sadly
|c|☆Ctannn|I could have won it another way
|c|☆Ctannn|but flinch sucks ass
|c|☆Ctannn|hate relying on not flinching
|
|t:|1776240879
|move|p1a: Garganacl|Protect|p1a: Garganacl
|-singleturn|p1a: Garganacl|Protect
|move|p2a: OP|Earthquake|p1a: Garganacl
|-activate|p1a: Garganacl|move: Protect
|
|-weather|Sandstorm|[upkeep]
|-damage|p1a: Garganacl|94/100|[from] Sandstorm
|-heal|p1a: Garganacl|100/100|[from] item: Leftovers
|upkeep
|turn|52
|c|☆OP Earthquakes|Sorry was focused
|c| TeraBlastGardevoir|u need crit
|c|☆OP Earthquakes|just noticed chat
|c|☆OP Earthquakes|wsg peeps
|c|☆Ctannn|Crit you win
|inactive|OP Earthquakes has 120 seconds left.
|c|☆OP Earthquakes|yeah I was trying to pull one
|c|☆OP Earthquakes|but
|c|☆OP Earthquakes|I might just idk
|c|☆Ctannn|I can pull another curse
|c|☆OP Earthquakes|lol
|c|☆Ctannn|for insurance from freeze dry or meteor
|inactive|OP Earthquakes has 90 seconds left.
|c|☆Ctannn|but I risk crit
|c|☆OP Earthquakes|im def freeze drying bro
|c|☆OP Earthquakes|lol
|
|t:|1776240956
|move|p2a: OP|Earthquake|p1a: Garganacl
|-damage|p1a: Garganacl|75/100
|move|p1a: Garganacl|Salt Cure|p2a: OP
|-resisted|p2a: OP
|-damage|p2a: OP|15/100
|-start|p2a: OP|Salt Cure
|
|-weather|Sandstorm|[upkeep]
|-damage|p1a: Garganacl|69/100|[from] Sandstorm
|-heal|p1a: Garganacl|75/100|[from] item: Leftovers
|-damage|p2a: OP|0 fnt|[from] Salt Cure
|faint|p2a: OP
|upkeep
|
|t:|1776240962
|switch|p2a: Frieza|Kyurem, shiny|61/100
|-damage|p2a: Frieza|36/100|[from] Stealth Rock
|-ability|p2a: Frieza|Pressure
|turn|53
|c|☆Ctannn|Freeze dry Ko if you kept tera
|c|☆Ctannn|is it Tera ice?
|c| TeraBlastGardevoir|no
|
|t:|1776240979
|move|p2a: Frieza|Freeze-Dry|p1a: Garganacl
|-supereffective|p1a: Garganacl
|-damage|p1a: Garganacl|18/100
|move|p1a: Garganacl|Salt Cure|p2a: Frieza
|-supereffective|p2a: Frieza
|-damage|p2a: Frieza|0 fnt
|faint|p2a: Frieza
|
|win|Ctannn
|raw|Ctannn's rating: 1874 &rarr; <strong>1889</strong><br />(+15 for winning)
|raw|OP Earthquakes's rating: 1778 &rarr; <strong>1763</strong><br />(-15 for losing)
|c|☆Ctannn|Gg
|c|☆OP Earthquakes|Gg
|c| TeraBlastGardevoir|damn crit would have won
|c| TeraBlastGardevoir|oh well gg
|l| DanielsAlt
|c| TeraBlastGardevoir|really close game
|l|☆OP Earthquakes
|player|p2|
|l| TeraBlastGardevoir
