|html|<div class="broadcast-blue"><strong>[Gen 9] OU is currently suspecting Tera Blast! For information on how to participate check out the <a href="https://www.smogon.com/tools/suspects/view/200">suspect thread</a>.</strong></div>
|j|☆Billythekid95
|j|☆JoeZomB
|t:|1776088940
|gametype|singles
|player|p1|Billythekid95|1|1619
|player|p2|JoeZomB|102|1595
|gen|9
|tier|[Gen 9] OU
|rated|
|rule|HP Percentage Mod: HP is shown in percentages
|rule|Endless Battle Clause: Forcing endless battles is banned
|rule|Species Clause: Limit one of each Pokémon
|rule|OHKO Clause: OHKO moves are banned
|rule|Evasion Items Clause: Evasion items are banned
|rule|Evasion Moves Clause: Evasion moves are banned
|rule|Evasion Abilities Clause: Evasion abilities are banned
|rule|Sleep Moves Clause: Sleep-inducing moves are banned
|clearpoke
|poke|p1|Walking Wake|
|poke|p1|Ribombee, M|
|poke|p1|Gholdengo|
|poke|p1|Torkoal, F|
|poke|p1|Ogerpon, F|
|poke|p1|Great Tusk|
|poke|p2|Empoleon, M|
|poke|p2|Gliscor, M|
|poke|p2|Meowscarada, M|
|poke|p2|Dragapult, M|
|poke|p2|Moltres|
|poke|p2|Great Tusk|
|teampreview
|inactive|Battle timer is ON: inactive players will automatically lose when time's up. (requested by JoeZomB)
|inactive|Billythekid95 has 120 seconds left.
|inactive|Billythekid95 has 90 seconds left.
|
|t:|1776089023
|teamsize|p1|6
|teamsize|p2|6
|start
|switch|p1a: Ribombee|Ribombee, M|100/100
|switch|p2a: Empoleon|Empoleon, M|100/100
|turn|1
|
|t:|1776089032
|move|p1a: Ribombee|Stun Spore|p2a: Empoleon
|-status|p2a: Empoleon|par
|move|p2a: Empoleon|Stealth Rock|p1a: Ribombee
|-sidestart|p1: Billythekid95|move: Stealth Rock
|
|upkeep
|turn|2
|
|t:|1776089038
|move|p1a: Ribombee|Sticky Web|p2a: Empoleon
|-sidestart|p2: JoeZomB|move: Sticky Web
|move|p2a: Empoleon|Surf|p1a: Ribombee
|-damage|p1a: Ribombee|38/100
|
|upkeep
|turn|3
|
|t:|1776089043
|move|p1a: Ribombee|Moonblast|p2a: Empoleon
|-resisted|p2a: Empoleon
|-damage|p2a: Empoleon|88/100 par
|cant|p2a: Empoleon|par
|
|-heal|p2a: Empoleon|94/100 par|[from] item: Leftovers
|upkeep
|turn|4
|
|t:|1776089054
|switch|p1a: Ogerpon|Ogerpon, F|100/100
|move|p2a: Empoleon|Surf|p1a: Ogerpon
|-resisted|p1a: Ogerpon
|-damage|p1a: Ogerpon|82/100
|
|-heal|p2a: Empoleon|99/100 par|[from] item: Leftovers
|upkeep
|turn|5
|
|t:|1776089060
|switch|p2a: Moltres|Moltres|100/100
|move|p1a: Ogerpon|Swords Dance|p1a: Ogerpon
|-boost|p1a: Ogerpon|atk|2
|
|upkeep
|turn|6
|
|t:|1776089068
|move|p1a: Ogerpon|Knock Off|p2a: Moltres
|-damage|p2a: Moltres|58/100
|-status|p1a: Ogerpon|brn|[from] ability: Flame Body|[of] p2a: Moltres
|-enditem|p2a: Moltres|Heavy-Duty Boots|[from] move: Knock Off|[of] p1a: Ogerpon
|move|p2a: Moltres|Flamethrower|p1a: Ogerpon
|-supereffective|p1a: Ogerpon
|-damage|p1a: Ogerpon|0 fnt
|faint|p1a: Ogerpon
|
|upkeep
|
|t:|1776089079
|switch|p1a: Torkoal|Torkoal, F|100/100
|-damage|p1a: Torkoal|76/100|[from] Stealth Rock
|-weather|SunnyDay|[from] ability: Drought|[of] p1a: Torkoal
|turn|7
|
|t:|1776089084
|switch|p2a: Dragapult|Dragapult, M|100/100
|-activate|p2a: Dragapult|move: Sticky Web
|-fail|p2a: Dragapult|unboost|[from] ability: Clear Body|[of] p2a: Dragapult
|move|p1a: Torkoal|Stealth Rock|p2a: Dragapult
|-sidestart|p2: JoeZomB|move: Stealth Rock
|
|-weather|SunnyDay|[upkeep]
|upkeep
|turn|8
|
|t:|1776089091
|switch|p1a: Ribombee|Ribombee, M|38/100
|-damage|p1a: Ribombee|13/100|[from] Stealth Rock
|move|p2a: Dragapult|Thunder Wave|p1a: Ribombee
|-status|p1a: Ribombee|par
|
|-weather|SunnyDay|[upkeep]
|upkeep
|turn|9
|
|t:|1776089098
|move|p2a: Dragapult|Hex|p1a: Ribombee
|-damage|p1a: Ribombee|0 fnt
|faint|p1a: Ribombee
|
|-weather|SunnyDay|[upkeep]
|upkeep
|
|t:|1776089104
|switch|p1a: Gholdengo|Gholdengo|100/100
|-damage|p1a: Gholdengo|94/100|[from] Stealth Rock
|turn|10
|
|t:|1776089111
|switch|p2a: Gliscor|Gliscor, M|100/100
|-damage|p2a: Gliscor|88/100|[from] Stealth Rock
|move|p1a: Gholdengo|Shadow Ball|p2a: Gliscor
|-damage|p2a: Gliscor|50/100
|
|-weather|SunnyDay|[upkeep]
|-status|p2a: Gliscor|tox|[from] item: Toxic Orb
|upkeep
|turn|11
|
|t:|1776089123
|switch|p1a: Great Tusk|Great Tusk|100/100
|-damage|p1a: Great Tusk|97/100|[from] Stealth Rock
|-activate|p1a: Great Tusk|ability: Protosynthesis
|-start|p1a: Great Tusk|protosynthesisatk
|move|p2a: Gliscor|Earthquake|p1a: Great Tusk
|-damage|p1a: Great Tusk|78/100
|
|-weather|SunnyDay|[upkeep]
|-heal|p2a: Gliscor|63/100 tox|[from] ability: Poison Heal
|upkeep
|turn|12
|
|t:|1776089134
|move|p2a: Gliscor|Protect|p2a: Gliscor
|-singleturn|p2a: Gliscor|Protect
|move|p1a: Great Tusk|Ice Spinner|p2a: Gliscor
|-activate|p2a: Gliscor|move: Protect
|
|-weather|SunnyDay|[upkeep]
|-heal|p2a: Gliscor|75/100 tox|[from] ability: Poison Heal
|upkeep
|turn|13
|
|t:|1776089146
|switch|p2a: Great Tusk|Great Tusk|100/100
|-activate|p2a: Great Tusk|ability: Protosynthesis
|-start|p2a: Great Tusk|protosynthesisatk
|move|p1a: Great Tusk|Rapid Spin|p2a: Great Tusk
|-damage|p2a: Great Tusk|86/100
|-boost|p1a: Great Tusk|spe|1
|-sideend|p1: Billythekid95|Stealth Rock|[from] move: Rapid Spin|[of] p1a: Great Tusk
|
|-weather|SunnyDay|[upkeep]
|upkeep
|turn|14
|
|t:|1776089163
|-end|p1a: Great Tusk|Protosynthesis|[silent]
|switch|p1a: Gholdengo|Gholdengo|94/100
|move|p2a: Great Tusk|Headlong Rush|p1a: Gholdengo
|-supereffective|p1a: Gholdengo
|-damage|p1a: Gholdengo|0 fnt
|-unboost|p2a: Great Tusk|def|1
|-unboost|p2a: Great Tusk|spd|1
|faint|p1a: Gholdengo
|
|-weather|none
|-end|p2a: Great Tusk|Protosynthesis
|upkeep
|
|t:|1776089173
|switch|p1a: Walking Wake|Walking Wake|100/100
|turn|15
|
|t:|1776089181
|-end|p2a: Great Tusk|Protosynthesis|[silent]
|switch|p2a: Gliscor|Gliscor, M|75/100 tox
|-damage|p2a: Gliscor|63/100 tox|[from] Stealth Rock
|move|p1a: Walking Wake|Hydro Steam|p2a: Gliscor
|-supereffective|p2a: Gliscor
|-damage|p2a: Gliscor|0 fnt
|faint|p2a: Gliscor
|
|upkeep
|
|t:|1776089184
|switch|p2a: Empoleon|Empoleon, M|99/100 par
|-activate|p2a: Empoleon|move: Sticky Web
|-unboost|p2a: Empoleon|spe|1
|-ability|p2a: Empoleon|Competitive|boost
|-boost|p2a: Empoleon|spa|2
|-damage|p2a: Empoleon|94/100 par|[from] Stealth Rock
|turn|16
|
|t:|1776089195
|-end|p1a: Walking Wake|Protosynthesis|[silent]
|switch|p1a: Torkoal|Torkoal, F|76/100
|-weather|SunnyDay|[from] ability: Drought|[of] p1a: Torkoal
|cant|p2a: Empoleon|par
|
|-weather|SunnyDay|[upkeep]
|-heal|p2a: Empoleon|99/100 par|[from] item: Leftovers
|upkeep
|turn|17
|
|t:|1776089203
|switch|p1a: Great Tusk|Great Tusk|78/100
|-activate|p1a: Great Tusk|ability: Protosynthesis
|-start|p1a: Great Tusk|protosynthesisatk
|move|p2a: Empoleon|Surf|p1a: Great Tusk
|-supereffective|p1a: Great Tusk
|-damage|p1a: Great Tusk|42/100
|
|-weather|SunnyDay|[upkeep]
|-heal|p2a: Empoleon|100/100 par|[from] item: Leftovers
|upkeep
|turn|18
|
|t:|1776089224
|switch|p2a: Great Tusk|Great Tusk|86/100
|-activate|p2a: Great Tusk|ability: Protosynthesis
|-start|p2a: Great Tusk|protosynthesisatk
|move|p1a: Great Tusk|Close Combat|p2a: Great Tusk
|-damage|p2a: Great Tusk|35/100
|-unboost|p1a: Great Tusk|def|1
|-unboost|p1a: Great Tusk|spd|1
|
|-weather|SunnyDay|[upkeep]
|upkeep
|turn|19
|
|t:|1776089234
|-terastallize|p1a: Great Tusk|Ghost
|move|p2a: Great Tusk|Rapid Spin|p1a: Great Tusk
|-immune|p1a: Great Tusk
|move|p1a: Great Tusk|Close Combat|p2a: Great Tusk
|-damage|p2a: Great Tusk|0 fnt
|-unboost|p1a: Great Tusk|def|1
|-unboost|p1a: Great Tusk|spd|1
|faint|p2a: Great Tusk
|-end|p2a: Great Tusk|Protosynthesis|[silent]
|
|-weather|SunnyDay|[upkeep]
|upkeep
|
|t:|1776089239
|switch|p2a: Dragapult|Dragapult, M|100/100
|-activate|p2a: Dragapult|move: Sticky Web
|-fail|p2a: Dragapult|unboost|[from] ability: Clear Body|[of] p2a: Dragapult
|-damage|p2a: Dragapult|88/100|[from] Stealth Rock
|turn|20
|
|t:|1776089247
|-end|p1a: Great Tusk|Protosynthesis|[silent]
|switch|p1a: Torkoal|Torkoal, F|76/100
|move|p2a: Dragapult|Hex|p1a: Torkoal
|-damage|p1a: Torkoal|50/100
|
|-weather|SunnyDay|[upkeep]
|upkeep
|turn|21
|
|t:|1776089254
|move|p2a: Dragapult|Thunder Wave|p1a: Torkoal
|-status|p1a: Torkoal|par
|move|p1a: Torkoal|Lava Plume|p2a: Dragapult
|-resisted|p2a: Dragapult
|-damage|p2a: Dragapult|62/100
|
|-weather|SunnyDay|[upkeep]
|upkeep
|turn|22
|
|t:|1776089261
|move|p2a: Dragapult|Hex|p1a: Torkoal
|-damage|p1a: Torkoal|0 fnt
|faint|p1a: Torkoal
|
|-weather|SunnyDay|[upkeep]
|upkeep
|
|t:|1776089268
|switch|p1a: Walking Wake|Walking Wake|100/100
|-activate|p1a: Walking Wake|ability: Protosynthesis
|-start|p1a: Walking Wake|protosynthesisspa
|turn|23
|
|t:|1776089276
|move|p2a: Dragapult|Dragon Darts|p1a: Walking Wake
|-supereffective|p1a: Walking Wake
|-damage|p1a: Walking Wake|58/100
|-anim|p2a: Dragapult|Dragon Darts|p1a: Walking Wake
|-supereffective|p1a: Walking Wake
|-damage|p1a: Walking Wake|10/100
|move|p1a: Walking Wake|Hydro Steam|p2a: Dragapult
|-resisted|p2a: Dragapult
|-damage|p2a: Dragapult|0 fnt
|faint|p2a: Dragapult
|
|-weather|none
|-end|p1a: Walking Wake|Protosynthesis
|upkeep
|
|t:|1776089280
|switch|p2a: Meowscarada|Meowscarada, M|100/100
|-activate|p2a: Meowscarada|move: Sticky Web
|-unboost|p2a: Meowscarada|spe|1
|-damage|p2a: Meowscarada|88/100|[from] Stealth Rock
|turn|24
|
|t:|1776089290
|move|p1a: Walking Wake|Hydro Steam|p2a: Meowscarada
|-resisted|p2a: Meowscarada
|-damage|p2a: Meowscarada|35/100
|move|p2a: Meowscarada|Knock Off|p1a: Walking Wake
|-start|p2a: Meowscarada|typechange|Dark|[from] ability: Protean
|-damage|p1a: Walking Wake|0 fnt
|-enditem|p1a: Walking Wake|Choice Specs|[from] move: Knock Off|[of] p2a: Meowscarada
|faint|p1a: Walking Wake
|-end|p1a: Walking Wake|Protosynthesis|[silent]
|
|upkeep
|
|t:|1776089300
|switch|p1a: Great Tusk|Great Tusk, tera:Ghost|42/100
|turn|25
|
|t:|1776089303
|move|p2a: Meowscarada|Knock Off|p1a: Great Tusk
|-supereffective|p1a: Great Tusk
|-damage|p1a: Great Tusk|0 fnt
|-enditem|p1a: Great Tusk|Assault Vest|[from] move: Knock Off|[of] p2a: Meowscarada
|faint|p1a: Great Tusk
|-end|p1a: Great Tusk|Protosynthesis|[silent]
|
|win|JoeZomB
|raw|Billythekid95's rating: 1619 &rarr; <strong>1598</strong><br />(-21 for losing)
|raw|JoeZomB's rating: 1595 &rarr; <strong>1616</strong><br />(+21 for winning)
|l|☆JoeZomB
|player|p2|
|l|☆Billythekid95
|player|p1|
