|html|<div class="broadcast-blue"><strong>[Gen 9] OU is currently suspecting Tera Blast! For information on how to participate check out the <a href="https://www.smogon.com/tools/suspects/view/200">suspect thread</a>.</strong></div>
|j|‽rank 1 greninja
|j|☆gnome.jpg
|t:|1776273061
|gametype|singles
|player|p1|rank 1 greninja|170|1386
|player|p2|gnome.jpg|camper|1340
|gen|9
|tier|[Gen 9] OU
|rated|
|rule|HP Percentage Mod: HP is shown in percentages
|rule|Endless Battle Clause: Forcing endless battles is banned
|rule|Species Clause: Limit one of each Pokémon
|rule|OHKO Clause: OHKO moves are banned
|rule|Evasion Items Clause: Evasion items are banned
|rule|Evasion Moves Clause: Evasion moves are banned
|rule|Evasion Abilities Clause: Evasion abilities are banned
|rule|Sleep Moves Clause: Sleep-inducing moves are banned
|clearpoke
|poke|p1|Pelipper, M|
|poke|p1|Tornadus-Therian, M|
|poke|p1|Barraskewda, M|
|poke|p1|Iron Treads|
|poke|p1|Iron Crown|
|poke|p1|Drifblim, M|
|poke|p2|Ceruledge, M|
|poke|p2|Hatterene, F|
|poke|p2|Corviknight, M|
|poke|p2|Garganacl, F|
|poke|p2|Kyurem|
|poke|p2|Tyranitar, M|
|teampreview
|inactive|Battle timer is ON: inactive players will automatically lose when time's up. (requested by rank 1 greninja)
|
|t:|1776273067
|teamsize|p1|6
|teamsize|p2|6
|start
|switch|p1a: Iron Crown|Iron Crown|100/100
|switch|p2a: Hatterene|Hatterene, F|100/100
|turn|1
|
|t:|1776273084
|move|p1a: Iron Crown|Tachyon Cutter|p2a: Hatterene
|-supereffective|p2a: Hatterene
|-damage|p2a: Hatterene|55/100
|-supereffective|p2a: Hatterene
|-damage|p2a: Hatterene|16/100
|-hitcount|p2a: Hatterene|2
|move|p2a: Hatterene|Nuzzle|p1a: Iron Crown
|-damage|p1a: Iron Crown|96/100
|-status|p1a: Iron Crown|par
|
|upkeep
|turn|2
|
|t:|1776273094
|switch|p2a: Corviknight|Corviknight, M|100/100
|move|p1a: Iron Crown|Volt Switch|p2a: Corviknight
|-supereffective|p2a: Corviknight
|-damage|p2a: Corviknight|54/100
|
|t:|1776273102
|-end|p1a: Iron Crown|Quark Drive|[silent]
|switch|p1a: Pelipper|Pelipper, M|100/100|[from] Volt Switch
|-weather|RainDance|[from] ability: Drizzle|[of] p1a: Pelipper
|
|-weather|RainDance|[upkeep]
|upkeep
|turn|3
|
|t:|1776273106
|switch|p2a: Tyranitar|Tyranitar, M|100/100
|-weather|Sandstorm|[from] ability: Sand Stream|[of] p2a: Tyranitar
|move|p1a: Pelipper|U-turn|p2a: Tyranitar
|-supereffective|p2a: Tyranitar
|-damage|p2a: Tyranitar|87/100
|
|t:|1776273108
|switch|p1a: Barraskewda|Barraskewda, M|100/100|[from] U-turn
|
|-weather|Sandstorm|[upkeep]
|-damage|p1a: Barraskewda|94/100|[from] Sandstorm
|upkeep
|turn|4
|
|t:|1776273114
|switch|p2a: Corviknight|Corviknight, M|54/100
|-terastallize|p1a: Barraskewda|Water
|move|p1a: Barraskewda|Flip Turn|p2a: Corviknight
|-damage|p2a: Corviknight|15/100
|-damage|p1a: Barraskewda|78/100|[from] item: Rocky Helmet|[of] p2a: Corviknight
|
|t:|1776273118
|switch|p1a: Tornadus|Tornadus-Therian, M|100/100|[from] Flip Turn
|
|-weather|Sandstorm|[upkeep]
|-damage|p1a: Tornadus|94/100|[from] Sandstorm
|upkeep
|turn|5
|
|t:|1776273122
|switch|p2a: Tyranitar|Tyranitar, M|87/100
|move|p1a: Tornadus|Weather Ball|p2a: Tyranitar
|-damage|p2a: Tyranitar|71/100
|-damage|p1a: Tornadus|85/100|[from] item: Life Orb
|
|-weather|Sandstorm|[upkeep]
|-damage|p1a: Tornadus|79/100|[from] Sandstorm
|upkeep
|turn|6
|
|t:|1776273126
|switch|p1a: Iron Treads|Iron Treads|100/100
|move|p2a: Tyranitar|Knock Off|p1a: Iron Treads
|-damage|p1a: Iron Treads|58/100
|-enditem|p1a: Iron Treads|Assault Vest|[from] move: Knock Off|[of] p2a: Tyranitar
|
|-weather|Sandstorm|[upkeep]
|upkeep
|turn|7
|
|t:|1776273138
|move|p1a: Iron Treads|Volt Switch|p2a: Tyranitar
|-damage|p2a: Tyranitar|66/100
|
|t:|1776273141
|-end|p1a: Iron Treads|Quark Drive|[silent]
|switch|p1a: Pelipper|Pelipper, M|100/100|[from] Volt Switch
|-weather|RainDance|[from] ability: Drizzle|[of] p1a: Pelipper
|move|p2a: Tyranitar|Earthquake|p1a: Pelipper
|-immune|p1a: Pelipper
|
|-weather|RainDance|[upkeep]
|upkeep
|turn|8
|
|t:|1776273149
|switch|p2a: Kyurem|Kyurem|100/100
|-ability|p2a: Kyurem|Pressure
|switch|p1a: Iron Treads|Iron Treads|58/100
|
|-weather|RainDance|[upkeep]
|upkeep
|turn|9
|
|t:|1776273161
|-terastallize|p2a: Kyurem|Ground
|move|p2a: Kyurem|Dragon Dance|p2a: Kyurem
|-boost|p2a: Kyurem|atk|1
|-boost|p2a: Kyurem|spe|1
|move|p1a: Iron Treads|Earthquake|p2a: Kyurem
|-damage|p2a: Kyurem|63/100
|
|-weather|RainDance|[upkeep]
|upkeep
|turn|10
|
|t:|1776273168
|move|p2a: Kyurem|Earth Power|p1a: Iron Treads
|-supereffective|p1a: Iron Treads
|-damage|p1a: Iron Treads|0 fnt
|faint|p1a: Iron Treads
|-end|p1a: Iron Treads|Quark Drive|[silent]
|
|-weather|RainDance|[upkeep]
|upkeep
|
|t:|1776273172
|switch|p1a: Barraskewda|Barraskewda, M, tera:Water|78/100
|turn|11
|
|t:|1776273185
|switch|p2a: Hatterene|Hatterene, F|16/100
|move|p1a: Barraskewda|Liquidation|p2a: Hatterene
|-damage|p2a: Hatterene|0 fnt
|faint|p2a: Hatterene
|
|-weather|RainDance|[upkeep]
|upkeep
|
|t:|1776273194
|switch|p2a: Ceruledge|Ceruledge, M|100/100
|turn|12
|
|t:|1776273197
|switch|p1a: Drifblim|Drifblim, M|100/100
|move|p2a: Ceruledge|Poltergeist|p1a: Drifblim|[miss]
|-miss|p2a: Ceruledge|p1a: Drifblim
|
|-weather|RainDance|[upkeep]
|upkeep
|turn|13
|
|t:|1776273205
|switch|p2a: Tyranitar|Tyranitar, M|66/100
|-weather|Sandstorm|[from] ability: Sand Stream|[of] p2a: Tyranitar
|move|p1a: Drifblim|Curse|p2a: Tyranitar
|-start|p2a: Tyranitar|Curse|[of] p1a: Drifblim
|-damage|p1a: Drifblim|51/100
|
|-weather|Sandstorm|[upkeep]
|-damage|p1a: Drifblim|44/100|[from] Sandstorm
|-damage|p2a: Tyranitar|41/100|[from] Curse
|upkeep
|turn|14
|
|t:|1776273215
|switch|p2a: Garganacl|Garganacl, F|100/100
|move|p1a: Drifblim|Strength Sap|p2a: Garganacl
|-unboost|p2a: Garganacl|atk|1
|-heal|p1a: Drifblim|98/100
|
|-weather|Sandstorm|[upkeep]
|-damage|p1a: Drifblim|92/100|[from] Sandstorm
|upkeep
|turn|15
|
|t:|1776273222
|move|p1a: Drifblim|Curse|p2a: Garganacl
|-start|p2a: Garganacl|Curse|[of] p1a: Drifblim
|-damage|p1a: Drifblim|42/100
|move|p2a: Garganacl|Salt Cure|p1a: Drifblim
|-supereffective|p1a: Drifblim
|-damage|p1a: Drifblim|16/100
|-start|p1a: Drifblim|Salt Cure
|
|-weather|Sandstorm|[upkeep]
|-damage|p1a: Drifblim|10/100|[from] Sandstorm
|-damage|p2a: Garganacl|76/100|[from] Curse
|-damage|p1a: Drifblim|0 fnt|[from] Salt Cure
|faint|p1a: Drifblim
|upkeep
|
|t:|1776273228
|switch|p1a: Pelipper|Pelipper, M|100/100
|-weather|RainDance|[from] ability: Drizzle|[of] p1a: Pelipper
|turn|16
|
|t:|1776273232
|move|p1a: Pelipper|U-turn|p2a: Garganacl
|-damage|p2a: Garganacl|70/100
|
|t:|1776273234
|switch|p1a: Iron Crown|Iron Crown|96/100 par|[from] U-turn
|move|p2a: Garganacl|Stealth Rock|p1a: Iron Crown
|-sidestart|p1: rank 1 greninja|move: Stealth Rock
|
|-weather|RainDance|[upkeep]
|-heal|p2a: Garganacl|76/100|[from] item: Leftovers
|-damage|p2a: Garganacl|51/100|[from] Curse
|upkeep
|turn|17
|
|t:|1776273248
|cant|p1a: Iron Crown|par
|move|p2a: Garganacl|Recover|p2a: Garganacl
|-heal|p2a: Garganacl|100/100
|
|-weather|RainDance|[upkeep]
|-damage|p2a: Garganacl|76/100|[from] Curse
|upkeep
|turn|18
|
|t:|1776273256
|switch|p2a: Kyurem|Kyurem, tera:Ground|63/100
|-ability|p2a: Kyurem|Pressure
|move|p1a: Iron Crown|Future Sight|p2a: Kyurem
|-start|p1a: Iron Crown|move: Future Sight
|
|-weather|RainDance|[upkeep]
|upkeep
|turn|19
|
|t:|1776273272
|move|p2a: Kyurem|Freeze-Dry|p1a: Iron Crown
|-resisted|p1a: Iron Crown
|-damage|p1a: Iron Crown|81/100 par
|move|p1a: Iron Crown|Tachyon Cutter|p2a: Kyurem
|-damage|p2a: Kyurem|41/100
|-damage|p2a: Kyurem|18/100
|-hitcount|p2a: Kyurem|2
|
|-weather|RainDance|[upkeep]
|upkeep
|turn|20
|
|t:|1776273288
|move|p2a: Kyurem|Earth Power|p1a: Iron Crown
|-supereffective|p1a: Iron Crown
|-damage|p1a: Iron Crown|12/100 par
|move|p1a: Iron Crown|Tachyon Cutter|p2a: Kyurem
|-damage|p2a: Kyurem|0 fnt
|faint|p2a: Kyurem
|-hitcount|p2: Kyurem|1
|
|-weather|RainDance|[upkeep]
|-hint|Future Sight did not hit because the target is fainted.
|upkeep
|
|t:|1776273293
|switch|p2a: Ceruledge|Ceruledge, M|100/100
|turn|21
|
|t:|1776273296
|move|p2a: Ceruledge|Shadow Sneak|p1a: Iron Crown
|-supereffective|p1a: Iron Crown
|-damage|p1a: Iron Crown|0 fnt
|faint|p1a: Iron Crown
|-end|p1a: Iron Crown|Quark Drive|[silent]
|
|-weather|RainDance|[upkeep]
|upkeep
|
|t:|1776273300
|switch|p1a: Tornadus|Tornadus-Therian, M|100/100
|-damage|p1a: Tornadus|76/100|[from] Stealth Rock
|turn|22
|
|t:|1776273307
|switch|p2a: Tyranitar|Tyranitar, M|41/100
|-weather|Sandstorm|[from] ability: Sand Stream|[of] p2a: Tyranitar
|move|p1a: Tornadus|Weather Ball|p2a: Tyranitar
|-damage|p2a: Tyranitar|26/100
|-damage|p1a: Tornadus|66/100|[from] item: Life Orb
|
|-weather|Sandstorm|[upkeep]
|-damage|p1a: Tornadus|60/100|[from] Sandstorm
|upkeep
|turn|23
|
|t:|1776273323
|move|p1a: Tornadus|Hurricane|p2a: Tyranitar|[miss]
|-miss|p1a: Tornadus|p2a: Tyranitar
|move|p2a: Tyranitar|Stone Edge|p1a: Tornadus|[miss]
|-miss|p2a: Tyranitar|p1a: Tornadus
|
|-weather|Sandstorm|[upkeep]
|-damage|p1a: Tornadus|54/100|[from] Sandstorm
|upkeep
|turn|24
|
|t:|1776273331
|move|p1a: Tornadus|Hurricane|p2a: Tyranitar
|-resisted|p2a: Tyranitar
|-damage|p2a: Tyranitar|14/100
|-damage|p1a: Tornadus|44/100|[from] item: Life Orb
|move|p2a: Tyranitar|Stone Edge|p1a: Tornadus
|-supereffective|p1a: Tornadus
|-damage|p1a: Tornadus|0 fnt
|faint|p1a: Tornadus
|
|-weather|Sandstorm|[upkeep]
|upkeep
|
|t:|1776273343
|switch|p1a: Pelipper|Pelipper, M|100/100
|-damage|p1a: Pelipper|76/100|[from] Stealth Rock
|-weather|RainDance|[from] ability: Drizzle|[of] p1a: Pelipper
|turn|25
|
|t:|1776273348
|switch|p2a: Corviknight|Corviknight, M|15/100
|move|p1a: Pelipper|U-turn|p2a: Corviknight
|-resisted|p2a: Corviknight
|-damage|p2a: Corviknight|13/100
|-damage|p1a: Pelipper|59/100|[from] item: Rocky Helmet|[of] p2a: Corviknight
|
|t:|1776273350
|switch|p1a: Barraskewda|Barraskewda, M, tera:Water|78/100|[from] U-turn
|-damage|p1a: Barraskewda|66/100|[from] Stealth Rock
|
|-weather|RainDance|[upkeep]
|upkeep
|turn|26
|
|t:|1776273357
|move|p1a: Barraskewda|Liquidation|p2a: Corviknight
|-damage|p2a: Corviknight|0 fnt
|-damage|p1a: Barraskewda|50/100|[from] item: Rocky Helmet|[of] p2a: Corviknight
|faint|p2a: Corviknight
|
|-weather|RainDance|[upkeep]
|upkeep
|
|t:|1776273365
|switch|p2a: Tyranitar|Tyranitar, M|14/100
|-weather|Sandstorm|[from] ability: Sand Stream|[of] p2a: Tyranitar
|turn|27
|
|t:|1776273370
|move|p1a: Barraskewda|Liquidation|p2a: Tyranitar
|-supereffective|p2a: Tyranitar
|-damage|p2a: Tyranitar|0 fnt
|faint|p2a: Tyranitar
|
|-weather|Sandstorm|[upkeep]
|-damage|p1a: Barraskewda|43/100|[from] Sandstorm
|upkeep
|
|t:|1776273373
|switch|p2a: Ceruledge|Ceruledge, M|100/100
|turn|28
|
|t:|1776273379
|move|p1a: Barraskewda|Liquidation|p2a: Ceruledge
|-supereffective|p2a: Ceruledge
|-enditem|p2a: Ceruledge|Focus Sash
|-damage|p2a: Ceruledge|1/100
|-unboost|p2a: Ceruledge|def|1
|-ability|p2a: Ceruledge|Weak Armor|boost
|-unboost|p2a: Ceruledge|def|1
|-boost|p2a: Ceruledge|spe|2
|move|p2a: Ceruledge|Swords Dance|p2a: Ceruledge
|-boost|p2a: Ceruledge|atk|2
|
|-weather|Sandstorm|[upkeep]
|-damage|p2a: Ceruledge|0 fnt|[from] Sandstorm
|-damage|p1a: Barraskewda|37/100|[from] Sandstorm
|faint|p2a: Ceruledge
|upkeep
|
|t:|1776273384
|switch|p2a: Garganacl|Garganacl, F|76/100
|turn|29
|
|t:|1776273387
|move|p1a: Barraskewda|Liquidation|p2a: Garganacl
|-supereffective|p2a: Garganacl
|-damage|p2a: Garganacl|0 fnt
|faint|p2a: Garganacl
|
|win|rank 1 greninja
|raw|rank 1 greninja's rating: 1386 &rarr; <strong>1403</strong><br />(+17 for winning)
|raw|gnome.jpg's rating: 1340 &rarr; <strong>1323</strong><br />(-17 for losing)
|l|☆gnome.jpg
|player|p2|
