|html|<div class="broadcast-blue"><strong>[Gen 9] OU is currently suspecting Tera Blast! For information on how to participate check out the <a href="https://www.smogon.com/tools/suspects/view/200">suspect thread</a>.</strong></div>
|j|☆rraindancerr
|j|☆Knotinger
|t:|1776063853
|gametype|singles
|player|p1|rraindancerr|wallace|1530
|player|p2|Knotinger|265|1524
|gen|9
|tier|[Gen 9] OU
|rated|
|rule|HP Percentage Mod: HP is shown in percentages
|rule|Endless Battle Clause: Forcing endless battles is banned
|rule|Species Clause: Limit one of each Pokémon
|rule|OHKO Clause: OHKO moves are banned
|rule|Evasion Items Clause: Evasion items are banned
|rule|Evasion Moves Clause: Evasion moves are banned
|rule|Evasion Abilities Clause: Evasion abilities are banned
|rule|Sleep Moves Clause: Sleep-inducing moves are banned
|clearpoke
|poke|p1|Pelipper, M|
|poke|p1|Manaphy|
|poke|p1|Barraskewda, F|
|poke|p1|Raging Bolt|
|poke|p1|Tornadus-Therian, M|
|poke|p1|Iron Treads|
|poke|p2|Jirachi|
|poke|p2|Garganacl, M|
|poke|p2|Quaquaval, M|
|poke|p2|Iron Valiant|
|poke|p2|Weezing-Galar, M|
|poke|p2|Meowscarada, M|
|teampreview
|inactive|Battle timer is ON: inactive players will automatically lose when time's up. (requested by rraindancerr)
|
|t:|1776063860
|teamsize|p1|6
|teamsize|p2|6
|start
|switch|p1a: Pelipper|Pelipper, M, shiny|100/100
|switch|p2a: Iron Valiant|Iron Valiant|100/100
|-weather|RainDance|[from] ability: Drizzle|[of] p1a: Pelipper
|turn|1
|
|t:|1776063863
|switch|p1a: Iron Treads|Iron Treads, shiny|100/100
|move|p2a: Iron Valiant|Thunderbolt|p1a: Iron Treads
|-immune|p1a: Iron Treads
|
|-weather|RainDance|[upkeep]
|upkeep
|turn|2
|
|t:|1776063868
|move|p2a: Iron Valiant|Aura Sphere|p1a: Iron Treads
|-supereffective|p1a: Iron Treads
|-damage|p1a: Iron Treads|0 fnt
|faint|p1a: Iron Treads
|-end|p1a: Iron Treads|Quark Drive|[silent]
|
|-weather|RainDance|[upkeep]
|upkeep
|
|t:|1776063870
|switch|p1a: Barraskewda|Barraskewda, F, shiny|100/100
|turn|3
|
|t:|1776063887
|-end|p2a: Iron Valiant|Quark Drive|[silent]
|switch|p2a: Meowscarada|Meowscarada, M|100/100
|move|p1a: Barraskewda|Liquidation|p2a: Meowscarada
|-resisted|p2a: Meowscarada
|-damage|p2a: Meowscarada|22/100
|
|-weather|RainDance|[upkeep]
|upkeep
|turn|4
|
|t:|1776063895
|move|p1a: Barraskewda|Liquidation|p2a: Meowscarada
|-resisted|p2a: Meowscarada
|-damage|p2a: Meowscarada|0 fnt
|faint|p2a: Meowscarada
|
|-weather|RainDance|[upkeep]
|upkeep
|
|t:|1776063902
|switch|p2a: Weezing|Weezing-Galar, M|100/100
|-ability|p2a: Weezing|Neutralizing Gas
|turn|5
|
|t:|1776063907
|switch|p1a: Manaphy|Manaphy, shiny|100/100
|move|p2a: Weezing|Will-O-Wisp|p1a: Manaphy
|-status|p1a: Manaphy|brn
|
|-weather|RainDance|[upkeep]
|-damage|p1a: Manaphy|94/100 brn|[from] brn
|upkeep
|turn|6
|
|t:|1776063910
|-end|p2a: Weezing|ability: Neutralizing Gas
|switch|p2a: Quaquaval|Quaquaval, M|100/100
|move|p1a: Manaphy|Tail Glow|p1a: Manaphy
|-boost|p1a: Manaphy|spa|3
|
|-weather|RainDance|[upkeep]
|-activate|p1a: Manaphy|ability: Hydration
|-curestatus|p1a: Manaphy|brn|[msg]
|upkeep
|turn|7
|
|t:|1776063913
|move|p1a: Manaphy|Alluring Voice|p2a: Quaquaval
|-supereffective|p2a: Quaquaval
|-damage|p2a: Quaquaval|39/100
|move|p2a: Quaquaval|Knock Off|p1a: Manaphy
|-damage|p1a: Manaphy|68/100
|-enditem|p1a: Manaphy|Mental Herb|[from] move: Knock Off|[of] p2a: Quaquaval
|
|-weather|RainDance|[upkeep]
|upkeep
|turn|8
|
|t:|1776063917
|move|p1a: Manaphy|Alluring Voice|p2a: Quaquaval
|-supereffective|p2a: Quaquaval
|-damage|p2a: Quaquaval|0 fnt
|faint|p2a: Quaquaval
|
|-weather|none
|upkeep
|
|t:|1776063921
|switch|p2a: Iron Valiant|Iron Valiant|100/100
|turn|9
|
|t:|1776063927
|switch|p1a: Pelipper|Pelipper, M, shiny|100/100
|-weather|RainDance|[from] ability: Drizzle|[of] p1a: Pelipper
|move|p2a: Iron Valiant|Thunderbolt|p1a: Pelipper
|-supereffective|p1a: Pelipper
|-crit|p1a: Pelipper
|-damage|p1a: Pelipper|0 fnt
|faint|p1a: Pelipper
|
|-weather|RainDance|[upkeep]
|upkeep
|
|t:|1776063930
|switch|p1a: Barraskewda|Barraskewda, F, shiny|100/100
|turn|10
|
|t:|1776063943
|move|p1a: Barraskewda|Liquidation|p2a: Iron Valiant
|-damage|p2a: Iron Valiant|0 fnt
|faint|p2a: Iron Valiant
|-end|p2a: Iron Valiant|Quark Drive|[silent]
|
|-weather|RainDance|[upkeep]
|upkeep
|
|t:|1776063951
|switch|p2a: Garganacl|Garganacl, M|100/100
|turn|11
|
|t:|1776063953
|switch|p1a: Raging Bolt|Raging Bolt|100/100
|-enditem|p1a: Raging Bolt|Booster Energy
|-activate|p1a: Raging Bolt|ability: Protosynthesis|[fromitem]
|-start|p1a: Raging Bolt|protosynthesisspa
|-terastallize|p2a: Garganacl|Ghost
|move|p2a: Garganacl|Iron Defense|p2a: Garganacl
|-boost|p2a: Garganacl|def|2
|
|-weather|RainDance|[upkeep]
|upkeep
|turn|12
|
|t:|1776063957
|move|p1a: Raging Bolt|Thunder|p2a: Garganacl
|-damage|p2a: Garganacl|25/100
|move|p2a: Garganacl|Salt Cure|p1a: Raging Bolt
|-damage|p1a: Raging Bolt|88/100
|-start|p1a: Raging Bolt|Salt Cure
|
|-weather|RainDance|[upkeep]
|-heal|p2a: Garganacl|32/100|[from] item: Leftovers
|-damage|p1a: Raging Bolt|75/100|[from] Salt Cure
|upkeep
|turn|13
|
|t:|1776063967
|-end|p1a: Raging Bolt|Protosynthesis|[silent]
|switch|p1a: Manaphy|Manaphy, shiny|68/100
|switch|p2a: Jirachi|Jirachi|100/100
|
|-weather|RainDance|[upkeep]
|upkeep
|turn|14
|
|t:|1776063970
|move|p2a: Jirachi|Thunder Wave|p1a: Manaphy
|-status|p1a: Manaphy|par
|move|p1a: Manaphy|Tail Glow|p1a: Manaphy
|-boost|p1a: Manaphy|spa|3
|
|-weather|RainDance|[upkeep]
|-activate|p1a: Manaphy|ability: Hydration
|-curestatus|p1a: Manaphy|par|[msg]
|upkeep
|turn|15
|
|t:|1776063978
|move|p2a: Jirachi|Iron Head|p1a: Manaphy
|-resisted|p1a: Manaphy
|-damage|p1a: Manaphy|54/100
|cant|p1a: Manaphy|flinch
|
|-weather|RainDance|[upkeep]
|upkeep
|turn|16
|
|t:|1776063982
|move|p2a: Jirachi|Iron Head|p1a: Manaphy
|-resisted|p1a: Manaphy
|-damage|p1a: Manaphy|41/100
|cant|p1a: Manaphy|flinch
|
|-weather|none
|upkeep
|turn|17
|
|t:|1776063987
|move|p2a: Jirachi|Iron Head|p1a: Manaphy
|-resisted|p1a: Manaphy
|-damage|p1a: Manaphy|27/100
|cant|p1a: Manaphy|flinch
|
|upkeep
|turn|18
|
|t:|1776063990
|move|p2a: Jirachi|Iron Head|p1a: Manaphy
|-resisted|p1a: Manaphy
|-damage|p1a: Manaphy|12/100
|move|p1a: Manaphy|Surf|p2a: Jirachi
|-damage|p2a: Jirachi|23/100
|
|-heal|p2a: Jirachi|29/100|[from] item: Leftovers
|upkeep
|turn|19
|
|t:|1776063994
|move|p2a: Jirachi|Iron Head|p1a: Manaphy
|-resisted|p1a: Manaphy
|-damage|p1a: Manaphy|0 fnt
|faint|p1a: Manaphy
|
|-heal|p2a: Jirachi|36/100|[from] item: Leftovers
|upkeep
|
|t:|1776063997
|switch|p1a: Barraskewda|Barraskewda, F, shiny|100/100
|turn|20
|
|t:|1776064005
|switch|p2a: Weezing|Weezing-Galar, M|100/100
|-ability|p2a: Weezing|Neutralizing Gas
|-terastallize|p1a: Barraskewda|Water
|move|p1a: Barraskewda|Liquidation|p2a: Weezing
|-damage|p2a: Weezing|36/100
|
|-heal|p2a: Weezing|42/100|[from] item: Leftovers
|upkeep
|turn|21
|
|t:|1776064010
|move|p1a: Barraskewda|Liquidation|p2a: Weezing
|-damage|p2a: Weezing|0 fnt
|faint|p2a: Weezing
|-end|p2a: Weezing|ability: Neutralizing Gas
|
|upkeep
|
|t:|1776064013
|switch|p2a: Garganacl|Garganacl, M, tera:Ghost|32/100
|turn|22
|
|t:|1776064014
|move|p1a: Barraskewda|Liquidation|p2a: Garganacl
|-damage|p2a: Garganacl|0 fnt
|faint|p2a: Garganacl
|
|upkeep
|-message|Knotinger forfeited.
|
|win|rraindancerr
|raw|rraindancerr's rating: 1530 &rarr; <strong>1550</strong><br />(+20 for winning)
|raw|Knotinger's rating: 1524 &rarr; <strong>1504</strong><br />(-20 for losing)
|l|☆Knotinger
|player|p2|
|l|☆rraindancerr
|player|p1|
