|html|<div class="broadcast-blue"><strong>[Gen 9] OU is currently suspecting Tera Blast! For information on how to participate check out the <a href="https://www.smogon.com/tools/suspects/view/200">suspect thread</a>.</strong></div>
|j|☆regi's fanatic
|j|☆Flemastar
|t:|1776074822
|gametype|singles
|player|p1|regi's fanatic|plasmagrunt-gen5bw|1331
|player|p2|Flemastar|brock|1308
|gen|9
|tier|[Gen 9] OU
|rated|
|rule|HP Percentage Mod: HP is shown in percentages
|rule|Endless Battle Clause: Forcing endless battles is banned
|rule|Species Clause: Limit one of each Pokémon
|rule|OHKO Clause: OHKO moves are banned
|rule|Evasion Items Clause: Evasion items are banned
|rule|Evasion Moves Clause: Evasion moves are banned
|rule|Evasion Abilities Clause: Evasion abilities are banned
|rule|Sleep Moves Clause: Sleep-inducing moves are banned
|clearpoke
|poke|p1|Corviknight, M|
|poke|p1|Skeledirge, M|
|poke|p1|Weavile, F|
|poke|p1|Gastrodon-East, F|
|poke|p1|Blaziken, M|
|poke|p1|Hatterene, F|
|poke|p2|Iron Valiant|
|poke|p2|Excadrill, M|
|poke|p2|Tyranitar, M|
|poke|p2|Tornadus-Therian, M|
|poke|p2|Ogerpon-Cornerstone, F|
|poke|p2|Toxapex, M|
|teampreview
|
|t:|1776074840
|teamsize|p1|6
|teamsize|p2|6
|start
|switch|p1a: Blaziken|Blaziken, M|100/100
|switch|p2a: Toxapex|Toxapex, M, shiny|100/100
|turn|1
|
|t:|1776074851
|move|p1a: Blaziken|U-turn|p2a: Toxapex
|-resisted|p2a: Toxapex
|-damage|p2a: Toxapex|90/100
|-enditem|p2a: Toxapex|Eject Button
|-damage|p1a: Blaziken|91/100|[from] item: Life Orb
|
|t:|1776074859
|switch|p2a: Tyranitar|Tyranitar, M, shiny|100/100
|-weather|Sandstorm|[from] ability: Sand Stream|[of] p2a: Tyranitar
|
|-weather|Sandstorm|[upkeep]
|-damage|p1a: Blaziken|85/100|[from] Sandstorm
|-ability|p1a: Blaziken|Speed Boost|boost
|-boost|p1a: Blaziken|spe|1
|upkeep
|turn|2
|
|t:|1776074876
|switch|p2a: Toxapex|Toxapex, M, shiny|100/100
|move|p1a: Blaziken|U-turn|p2a: Toxapex
|-resisted|p2a: Toxapex
|-damage|p2a: Toxapex|89/100
|-damage|p1a: Blaziken|75/100|[from] item: Life Orb
|
|t:|1776074885
|switch|p1a: Hatterene|Hatterene, F|100/100|[from] U-turn
|
|-weather|Sandstorm|[upkeep]
|-damage|p2a: Toxapex|83/100|[from] Sandstorm
|-damage|p1a: Hatterene|95/100|[from] Sandstorm
|upkeep
|turn|3
|
|t:|1776074897
|switch|p2a: Tornadus|Tornadus-Therian, M, shiny|100/100
|move|p1a: Hatterene|Light Screen|p1a: Hatterene
|-sidestart|p1: regi's fanatic|move: Light Screen
|
|-weather|Sandstorm|[upkeep]
|-damage|p2a: Tornadus|94/100|[from] Sandstorm
|-damage|p1a: Hatterene|89/100|[from] Sandstorm
|upkeep
|turn|4
|
|t:|1776074905
|move|p2a: Tornadus|Weather Ball|p1a: Hatterene
|-damage|p1a: Hatterene|69/100
|move|p1a: Hatterene|Reflect|p1a: Hatterene
|-sidestart|p1: regi's fanatic|Reflect
|
|-weather|Sandstorm|[upkeep]
|-damage|p2a: Tornadus|88/100|[from] Sandstorm
|-damage|p1a: Hatterene|63/100|[from] Sandstorm
|upkeep
|turn|5
|
|t:|1776074911
|move|p2a: Tornadus|Weather Ball|p1a: Hatterene
|-damage|p1a: Hatterene|45/100
|move|p1a: Hatterene|Psychic Noise|p2a: Tornadus
|-damage|p2a: Tornadus|46/100
|-start|p2a: Tornadus|move: Heal Block
|
|-weather|Sandstorm|[upkeep]
|-damage|p2a: Tornadus|40/100|[from] Sandstorm
|-damage|p1a: Hatterene|39/100|[from] Sandstorm
|upkeep
|turn|6
|
|t:|1776074928
|switch|p2a: Tyranitar|Tyranitar, M, shiny|100/100
|switch|p1a: Gastrodon|Gastrodon-East, F|100/100
|
|-weather|Sandstorm|[upkeep]
|upkeep
|turn|7
|
|t:|1776074938
|move|p2a: Tyranitar|Knock Off|p1a: Gastrodon
|-damage|p1a: Gastrodon|69/100
|-enditem|p1a: Gastrodon|Leftovers|[from] move: Knock Off|[of] p2a: Tyranitar
|move|p1a: Gastrodon|Stealth Rock|p2a: Tyranitar
|-sidestart|p2: Flemastar|move: Stealth Rock
|
|-weather|Sandstorm|[upkeep]
|upkeep
|turn|8
|
|t:|1776074948
|switch|p2a: Toxapex|Toxapex, M, shiny|100/100
|-damage|p2a: Toxapex|88/100|[from] Stealth Rock
|move|p1a: Gastrodon|Hydro Pump|p2a: Toxapex
|-resisted|p2a: Toxapex
|-damage|p2a: Toxapex|70/100
|
|-weather|none
|upkeep
|turn|9
|
|t:|1776074956
|move|p1a: Gastrodon|Earth Power|p2a: Toxapex
|-supereffective|p2a: Toxapex
|-damage|p2a: Toxapex|13/100
|move|p2a: Toxapex|Toxic|p1a: Gastrodon
|-status|p1a: Gastrodon|tox
|
|-damage|p1a: Gastrodon|63/100 tox|[from] psn
|upkeep
|turn|10
|
|t:|1776074968
|switch|p2a: Tornadus|Tornadus-Therian, M, shiny|73/100
|-damage|p2a: Tornadus|48/100|[from] Stealth Rock
|move|p1a: Gastrodon|Hydro Pump|p2a: Tornadus
|-damage|p2a: Tornadus|0 fnt
|faint|p2a: Tornadus
|
|-damage|p1a: Gastrodon|51/100 tox|[from] psn
|-sideend|p1: regi's fanatic|move: Light Screen
|upkeep
|
|t:|1776074983
|switch|p2a: Ogerpon|Ogerpon-Cornerstone, F|100/100
|-damage|p2a: Ogerpon|88/100|[from] Stealth Rock
|turn|11
|
|t:|1776074990
|switch|p1a: Corviknight|Corviknight, M|100/100
|move|p2a: Ogerpon|Ivy Cudgel|p1a: Corviknight|[anim] Ivy Cudgel Rock
|-damage|p1a: Corviknight|80/100
|
|-sideend|p1: regi's fanatic|Reflect
|upkeep
|turn|12
|
|t:|1776075000
|switch|p2a: Tyranitar|Tyranitar, M, shiny|100/100
|-damage|p2a: Tyranitar|88/100|[from] Stealth Rock
|-weather|Sandstorm|[from] ability: Sand Stream|[of] p2a: Tyranitar
|move|p1a: Corviknight|U-turn|p2a: Tyranitar
|-supereffective|p2a: Tyranitar
|-damage|p2a: Tyranitar|60/100
|
|t:|1776075008
|switch|p1a: Weavile|Weavile, F|100/100|[from] U-turn
|
|-weather|Sandstorm|[upkeep]
|-damage|p1a: Weavile|94/100|[from] Sandstorm
|upkeep
|turn|13
|
|t:|1776075011
|move|p1a: Weavile|Low Kick|p2a: Tyranitar
|-supereffective|p2a: Tyranitar
|-damage|p2a: Tyranitar|0 fnt
|faint|p2a: Tyranitar
|
|-weather|Sandstorm|[upkeep]
|-damage|p1a: Weavile|88/100|[from] Sandstorm
|upkeep
|
|t:|1776075015
|switch|p2a: Excadrill|Excadrill, M, shiny|100/100
|-damage|p2a: Excadrill|97/100|[from] Stealth Rock
|turn|14
|
|t:|1776075023
|switch|p1a: Gastrodon|Gastrodon-East, F|51/100 tox
|move|p2a: Excadrill|Substitute|p2a: Excadrill
|-start|p2a: Excadrill|Substitute
|-damage|p2a: Excadrill|73/100
|
|-weather|Sandstorm|[upkeep]
|-heal|p2a: Excadrill|79/100|[from] item: Leftovers
|-damage|p1a: Gastrodon|45/100 tox|[from] psn
|upkeep
|turn|15
|
|t:|1776075033
|move|p2a: Excadrill|Rapid Spin|p1a: Gastrodon
|-damage|p1a: Gastrodon|23/100 tox
|-boost|p2a: Excadrill|spe|1
|-sideend|p2: Flemastar|Stealth Rock|[from] move: Rapid Spin|[of] p2a: Excadrill
|move|p1a: Gastrodon|Earth Power|p2a: Excadrill
|-supereffective|p2a: Excadrill
|-end|p2a: Excadrill|Substitute
|
|-weather|Sandstorm|[upkeep]
|-heal|p2a: Excadrill|85/100|[from] item: Leftovers
|-damage|p1a: Gastrodon|11/100 tox|[from] psn
|upkeep
|turn|16
|
|t:|1776075046
|move|p2a: Excadrill|Rapid Spin|p1a: Gastrodon
|-damage|p1a: Gastrodon|0 fnt
|-boost|p2a: Excadrill|spe|1
|faint|p1a: Gastrodon
|
|-weather|Sandstorm|[upkeep]
|-heal|p2a: Excadrill|91/100|[from] item: Leftovers
|upkeep
|
|t:|1776075049
|switch|p1a: Corviknight|Corviknight, M|80/100
|turn|17
|
|t:|1776075055
|move|p2a: Excadrill|Rock Slide|p1a: Corviknight
|-damage|p1a: Corviknight|62/100
|cant|p1a: Corviknight|flinch
|
|-weather|Sandstorm|[upkeep]
|-heal|p2a: Excadrill|97/100|[from] item: Leftovers
|upkeep
|turn|18
|
|t:|1776075065
|switch|p2a: Iron Valiant|Iron Valiant, shiny|100/100
|move|p1a: Corviknight|U-turn|p2a: Iron Valiant
|-resisted|p2a: Iron Valiant
|-damage|p2a: Iron Valiant|96/100
|
|t:|1776075089
|switch|p1a: Skeledirge|Skeledirge, M|100/100|[from] U-turn
|
|-weather|Sandstorm|[upkeep]
|-damage|p2a: Iron Valiant|90/100|[from] Sandstorm
|-damage|p1a: Skeledirge|94/100|[from] Sandstorm
|upkeep
|turn|19
|
|t:|1776075094
|move|p2a: Iron Valiant|Shadow Ball|p1a: Skeledirge
|-supereffective|p1a: Skeledirge
|-damage|p1a: Skeledirge|13/100
|move|p1a: Skeledirge|Torch Song|p2a: Iron Valiant
|-damage|p2a: Iron Valiant|12/100
|-boost|p1a: Skeledirge|spa|1
|
|-weather|none
|upkeep
|turn|20
|
|t:|1776075105
|switch|p1a: Corviknight|Corviknight, M|62/100
|move|p2a: Iron Valiant|Shadow Ball|p1a: Corviknight
|-crit|p1a: Corviknight
|-damage|p1a: Corviknight|12/100
|-ability|p1a: Corviknight|Mirror Armor
|-unboost|p2a: Iron Valiant|spd|1
|
|upkeep
|turn|21
|
|t:|1776075142
|switch|p1a: Weavile|Weavile, F|88/100
|move|p2a: Iron Valiant|Shadow Ball|p1a: Weavile
|-resisted|p1a: Weavile
|-damage|p1a: Weavile|62/100
|
|upkeep
|turn|22
|
|t:|1776075149
|-end|p2a: Iron Valiant|Quark Drive|[silent]
|switch|p2a: Toxapex|Toxapex, M, shiny|46/100
|move|p1a: Weavile|Knock Off|p2a: Toxapex
|-damage|p2a: Toxapex|11/100
|
|upkeep
|turn|23
|
|t:|1776075156
|move|p1a: Weavile|Knock Off|p2a: Toxapex
|-damage|p2a: Toxapex|0 fnt
|faint|p2a: Toxapex
|
|upkeep
|
|t:|1776075162
|switch|p2a: Excadrill|Excadrill, M, shiny|97/100
|turn|24
|
|t:|1776075179
|move|p1a: Weavile|Knock Off|p2a: Excadrill
|-damage|p2a: Excadrill|0 fnt
|-enditem|p2a: Excadrill|Leftovers|[from] move: Knock Off|[of] p1a: Weavile
|faint|p2a: Excadrill
|
|upkeep
|
|t:|1776075183
|switch|p2a: Ogerpon|Ogerpon-Cornerstone, F|88/100
|turn|25
|
|t:|1776075187
|move|p1a: Weavile|Knock Off|p2a: Ogerpon
|-damage|p2a: Ogerpon|23/100
|move|p2a: Ogerpon|Ivy Cudgel|p1a: Weavile|[anim] Ivy Cudgel Rock
|-supereffective|p1a: Weavile
|-damage|p1a: Weavile|0 fnt
|faint|p1a: Weavile
|
|upkeep
|
|t:|1776075193
|switch|p1a: Blaziken|Blaziken, M|75/100
|turn|26
|
|t:|1776075202
|move|p1a: Blaziken|Protect|p1a: Blaziken
|-singleturn|p1a: Blaziken|Protect
|move|p2a: Ogerpon|Ivy Cudgel|p1a: Blaziken|[anim] Ivy Cudgel Rock
|-activate|p1a: Blaziken|move: Protect
|
|-ability|p1a: Blaziken|Speed Boost|boost
|-boost|p1a: Blaziken|spe|1
|upkeep
|turn|27
|
|t:|1776075206
|move|p1a: Blaziken|Close Combat|p2a: Ogerpon
|-supereffective|p2a: Ogerpon
|-damage|p2a: Ogerpon|0 fnt
|-unboost|p1a: Blaziken|def|1
|-unboost|p1a: Blaziken|spd|1
|faint|p2a: Ogerpon
|-damage|p1a: Blaziken|65/100|[from] item: Life Orb
|
|-ability|p1a: Blaziken|Speed Boost|boost
|-boost|p1a: Blaziken|spe|1
|upkeep
|-message|Flemastar forfeited.
|
|win|regi's fanatic
|raw|regi&apos;s fanatic's rating: 1331 &rarr; <strong>1350</strong><br />(+19 for winning)
|raw|Flemastar's rating: 1308 &rarr; <strong>1289</strong><br />(-19 for losing)
|l|☆Flemastar
|player|p2|
|l|☆regi's fanatic
|player|p1|
