|html|<div class="broadcast-blue"><strong>[Gen 9] OU is currently suspecting Tera Blast! For information on how to participate check out the <a href="https://www.smogon.com/tools/suspects/view/200">suspect thread</a>.</strong></div>
|j|☆shukingle
|j|☆exosc2
|t:|1776035901
|gametype|singles
|player|p1|shukingle|pokemonbreeder|1107
|player|p2|exosc2|twins-gen4|1083
|gen|9
|tier|[Gen 9] OU
|rated|
|rule|HP Percentage Mod: HP is shown in percentages
|rule|Endless Battle Clause: Forcing endless battles is banned
|rule|Species Clause: Limit one of each Pokémon
|rule|OHKO Clause: OHKO moves are banned
|rule|Evasion Items Clause: Evasion items are banned
|rule|Evasion Moves Clause: Evasion moves are banned
|rule|Evasion Abilities Clause: Evasion abilities are banned
|rule|Sleep Moves Clause: Sleep-inducing moves are banned
|clearpoke
|poke|p1|Minun, F|
|poke|p1|Weavile, F|
|poke|p1|Dragonite, F|
|poke|p1|Moltres|
|poke|p1|Great Tusk|
|poke|p1|Glimmora, F|
|poke|p2|Dondozo, M|
|poke|p2|Gliscor, M|
|poke|p2|Corviknight, M|
|poke|p2|Clodsire, F|
|poke|p2|Shaymin|
|poke|p2|Garganacl, F|
|teampreview
|inactive|Battle timer is ON: inactive players will automatically lose when time's up. (requested by exosc2)
|j| ohko_smeargle
|
|t:|1776035923
|teamsize|p1|6
|teamsize|p2|6
|start
|switch|p1a: Weavile|Weavile, F, shiny|100/100
|switch|p2a: Gliscor|Gliscor, M|100/100
|-ability|p1a: Weavile|Pressure
|turn|1
|
|t:|1776035931
|move|p2a: Gliscor|Protect|p2a: Gliscor
|-singleturn|p2a: Gliscor|Protect
|move|p1a: Weavile|Triple Axel|p2a: Gliscor
|-activate|p2a: Gliscor|move: Protect
|
|-status|p2a: Gliscor|tox|[from] item: Toxic Orb
|upkeep
|turn|2
|
|t:|1776035939
|-terastallize|p2a: Gliscor|Ghost
|move|p1a: Weavile|Triple Axel|p2a: Gliscor
|-damage|p2a: Gliscor|90/100 tox
|-hitcount|p2a: Gliscor|1
|move|p2a: Gliscor|Toxic|p1a: Weavile|[miss]
|-miss|p2a: Gliscor|p1a: Weavile
|
|-heal|p2a: Gliscor|100/100 tox|[from] ability: Poison Heal
|upkeep
|turn|3
|
|t:|1776035947
|switch|p1a: Glimmora|Glimmora, F|100/100
|move|p2a: Gliscor|Toxic|p1a: Glimmora
|-immune|p1a: Glimmora
|
|upkeep
|turn|4
|
|t:|1776035954
|move|p2a: Gliscor|Substitute|p2a: Gliscor
|-start|p2a: Gliscor|Substitute
|-damage|p2a: Gliscor|75/100 tox
|move|p1a: Glimmora|Stealth Rock|p2a: Gliscor
|-sidestart|p2: exosc2|move: Stealth Rock
|
|-heal|p2a: Gliscor|88/100 tox|[from] ability: Poison Heal
|upkeep
|turn|5
|
|t:|1776035960
|move|p2a: Gliscor|Earthquake|p1a: Glimmora
|-supereffective|p1a: Glimmora
|-crit|p1a: Glimmora
|-enditem|p1a: Glimmora|Focus Sash
|-damage|p1a: Glimmora|1/100
|-activate|p1a: Glimmora|ability: Toxic Debris
|-sidestart|p2: exosc2|move: Toxic Spikes
|move|p1a: Glimmora|Power Gem|p2a: Gliscor
|-end|p2a: Gliscor|Substitute
|
|-heal|p2a: Gliscor|100/100 tox|[from] ability: Poison Heal
|upkeep
|turn|6
|
|t:|1776035972
|move|p2a: Gliscor|Earthquake|p1a: Glimmora
|-supereffective|p1a: Glimmora
|-damage|p1a: Glimmora|0 fnt
|-activate|p1a: Glimmora|ability: Toxic Debris
|-sidestart|p2: exosc2|move: Toxic Spikes
|faint|p1a: Glimmora
|
|upkeep
|
|t:|1776035976
|switch|p1a: Weavile|Weavile, F, shiny|100/100
|-ability|p1a: Weavile|Pressure
|turn|7
|
|t:|1776035980
|move|p1a: Weavile|Knock Off|p2a: Gliscor
|-supereffective|p2a: Gliscor
|-damage|p2a: Gliscor|0 fnt
|-enditem|p2a: Gliscor|Toxic Orb|[from] move: Knock Off|[of] p1a: Weavile
|faint|p2a: Gliscor
|
|upkeep
|
|t:|1776035985
|switch|p2a: Corviknight|Corviknight, M|100/100
|-damage|p2a: Corviknight|88/100|[from] Stealth Rock
|-ability|p2a: Corviknight|Pressure
|turn|8
|
|t:|1776035999
|switch|p1a: Moltres|Moltres|100/100
|move|p2a: Corviknight|Defog|p1a: Moltres
|-unboost|p1a: Moltres|evasion|1
|-sideend|p2: exosc2|Toxic Spikes|[from] move: Defog|[of] p2a: Corviknight
|-sideend|p2: exosc2|Stealth Rock|[from] move: Defog|[of] p2a: Corviknight
|
|upkeep
|turn|9
|
|t:|1776036008
|switch|p2a: Dondozo|Dondozo, M|100/100
|move|p1a: Moltres|Flamethrower|p2a: Dondozo
|-resisted|p2a: Dondozo
|-damage|p2a: Dondozo|81/100
|
|-heal|p2a: Dondozo|87/100|[from] item: Leftovers
|upkeep
|turn|10
|
|t:|1776036016
|move|p1a: Moltres|U-turn|p2a: Dondozo
|-damage|p2a: Dondozo|80/100
|
|t:|1776036022
|switch|p1a: Minun|Minun, F, shiny|100/100|[from] U-turn
|move|p2a: Dondozo|Curse|p2a: Dondozo
|-unboost|p2a: Dondozo|spe|1
|-boost|p2a: Dondozo|atk|1
|-boost|p2a: Dondozo|def|1
|
|-heal|p2a: Dondozo|86/100|[from] item: Leftovers
|upkeep
|turn|11
|
|t:|1776036032
|switch|p2a: Shaymin|Shaymin|100/100
|move|p1a: Minun|Super Fang|p2a: Shaymin
|-damage|p2a: Shaymin|50/100
|
|-heal|p2a: Shaymin|57/100|[from] item: Leftovers
|upkeep
|turn|12
|
|t:|1776036057
|switch|p1a: Moltres|Moltres|100/100
|move|p2a: Shaymin|Leech Seed|p1a: Moltres
|-start|p1a: Moltres|move: Leech Seed
|
|-heal|p2a: Shaymin|63/100|[from] item: Leftovers
|-damage|p1a: Moltres|88/100|[from] Leech Seed|[of] p2a: Shaymin
|-heal|p2a: Shaymin|74/100|[silent]
|upkeep
|turn|13
|
|t:|1776036064
|move|p2a: Shaymin|Protect|p2a: Shaymin
|-singleturn|p2a: Shaymin|Protect
|move|p1a: Moltres|U-turn|p2a: Shaymin
|-activate|p2a: Shaymin|move: Protect
|
|-heal|p2a: Shaymin|80/100|[from] item: Leftovers
|-damage|p1a: Moltres|76/100|[from] Leech Seed|[of] p2a: Shaymin
|-heal|p2a: Shaymin|92/100|[silent]
|upkeep
|turn|14
|
|t:|1776036073
|move|p2a: Shaymin|Substitute|p2a: Shaymin
|-start|p2a: Shaymin|Substitute
|-damage|p2a: Shaymin|67/100
|move|p1a: Moltres|Flamethrower|p2a: Shaymin
|-supereffective|p2a: Shaymin
|-end|p2a: Shaymin|Substitute
|
|-heal|p2a: Shaymin|73/100|[from] item: Leftovers
|-damage|p1a: Moltres|64/100|[from] Leech Seed|[of] p2a: Shaymin
|-heal|p2a: Shaymin|85/100|[silent]
|upkeep
|turn|15
|
|t:|1776036081
|move|p2a: Shaymin|Protect|p2a: Shaymin
|-singleturn|p2a: Shaymin|Protect
|move|p1a: Moltres|Flamethrower|p2a: Shaymin
|-activate|p2a: Shaymin|move: Protect
|
|-heal|p2a: Shaymin|91/100|[from] item: Leftovers
|-damage|p1a: Moltres|51/100|[from] Leech Seed|[of] p2a: Shaymin
|-heal|p2a: Shaymin|100/100|[silent]
|upkeep
|turn|16
|
|t:|1776036089
|move|p2a: Shaymin|Substitute|p2a: Shaymin
|-start|p2a: Shaymin|Substitute
|-damage|p2a: Shaymin|76/100
|move|p1a: Moltres|U-turn|p2a: Shaymin
|-supereffective|p2a: Shaymin
|-activate|p2a: Shaymin|move: Substitute|[damage]
|
|t:|1776036093
|switch|p1a: Weavile|Weavile, F, shiny|100/100|[from] U-turn
|-ability|p1a: Weavile|Pressure
|
|-heal|p2a: Shaymin|82/100|[from] item: Leftovers
|upkeep
|turn|17
|
|t:|1776036100
|move|p1a: Weavile|Triple Axel|p2a: Shaymin
|-supereffective|p2a: Shaymin
|-end|p2a: Shaymin|Substitute
|-supereffective|p2a: Shaymin
|-damage|p2a: Shaymin|35/100
|-supereffective|p2a: Shaymin
|-damage|p2a: Shaymin|0 fnt
|faint|p2a: Shaymin
|-hitcount|p2: Shaymin|3
|
|upkeep
|
|t:|1776036107
|switch|p2a: Garganacl|Garganacl, F|100/100
|turn|18
|
|t:|1776036111
|switch|p1a: Minun|Minun, F, shiny|100/100
|move|p2a: Garganacl|Salt Cure|p1a: Minun
|-damage|p1a: Minun|75/100
|-start|p1a: Minun|Salt Cure
|
|-heal|p1a: Minun|81/100|[from] item: Leftovers
|-damage|p1a: Minun|69/100|[from] Salt Cure
|upkeep
|turn|19
|
|t:|1776036120
|move|p1a: Minun|Super Fang|p2a: Garganacl
|-damage|p2a: Garganacl|50/100
|move|p2a: Garganacl|Recover|p2a: Garganacl
|-heal|p2a: Garganacl|100/100
|
|-heal|p1a: Minun|75/100|[from] item: Leftovers
|-damage|p1a: Minun|63/100|[from] Salt Cure
|upkeep
|turn|20
|
|t:|1776036128
|move|p1a: Minun|Super Fang|p2a: Garganacl
|-damage|p2a: Garganacl|50/100
|move|p2a: Garganacl|Recover|p2a: Garganacl
|-heal|p2a: Garganacl|100/100
|
|-heal|p1a: Minun|69/100|[from] item: Leftovers
|-damage|p1a: Minun|57/100|[from] Salt Cure
|upkeep
|turn|21
|
|t:|1776036135
|move|p1a: Minun|Super Fang|p2a: Garganacl
|-damage|p2a: Garganacl|50/100
|move|p2a: Garganacl|Recover|p2a: Garganacl
|-heal|p2a: Garganacl|100/100
|
|-heal|p1a: Minun|63/100|[from] item: Leftovers
|-damage|p1a: Minun|50/100|[from] Salt Cure
|upkeep
|turn|22
|
|t:|1776036147
|move|p1a: Minun|Wish|p1a: Minun
|move|p2a: Garganacl|Salt Cure|p1a: Minun
|-damage|p1a: Minun|25/100
|
|-heal|p1a: Minun|31/100|[from] item: Leftovers
|-damage|p1a: Minun|19/100|[from] Salt Cure
|upkeep
|turn|23
|
|t:|1776036154
|move|p1a: Minun|Protect|p1a: Minun
|-singleturn|p1a: Minun|Protect
|move|p2a: Garganacl|Salt Cure|p1a: Minun
|-activate|p1a: Minun|move: Protect
|
|-heal|p1a: Minun|69/100|[from] move: Wish|[wisher] Minun
|-heal|p1a: Minun|75/100|[from] item: Leftovers
|-damage|p1a: Minun|63/100|[from] Salt Cure
|upkeep
|turn|24
|
|t:|1776036166
|move|p1a: Minun|Wish|p1a: Minun
|move|p2a: Garganacl|Fire Punch|p1a: Minun
|-damage|p1a: Minun|32/100
|
|-heal|p1a: Minun|38/100|[from] item: Leftovers
|-damage|p1a: Minun|25/100|[from] Salt Cure
|upkeep
|turn|25
|
|t:|1776036175
|switch|p2a: Clodsire|Clodsire, F|100/100
|move|p1a: Minun|Protect||[still]
|-fail|p1a: Minun
|
|-heal|p1a: Minun|75/100|[from] move: Wish|[wisher] Minun
|-heal|p1a: Minun|82/100|[from] item: Leftovers
|-damage|p1a: Minun|69/100|[from] Salt Cure
|upkeep
|turn|26
|
|t:|1776036186
|switch|p1a: Great Tusk|Great Tusk|100/100
|move|p2a: Clodsire|Toxic|p1a: Great Tusk
|-status|p1a: Great Tusk|tox
|
|-damage|p1a: Great Tusk|94/100 tox|[from] psn
|upkeep
|turn|27
|
|t:|1776036195
|switch|p2a: Dondozo|Dondozo, M|86/100
|move|p1a: Great Tusk|Headlong Rush|p2a: Dondozo
|-damage|p2a: Dondozo|60/100
|-unboost|p1a: Great Tusk|def|1
|-unboost|p1a: Great Tusk|spd|1
|
|-heal|p2a: Dondozo|67/100|[from] item: Leftovers
|-damage|p1a: Great Tusk|82/100 tox|[from] psn
|upkeep
|turn|28
|
|t:|1776036206
|move|p1a: Great Tusk|Stealth Rock|p2a: Dondozo
|-sidestart|p2: exosc2|move: Stealth Rock
|move|p2a: Dondozo|Rest|p2a: Dondozo
|-status|p2a: Dondozo|slp|[from] move: Rest
|-heal|p2a: Dondozo|100/100 slp|[silent]
|
|-damage|p1a: Great Tusk|63/100 tox|[from] psn
|upkeep
|turn|29
|
|t:|1776036213
|-end|p1a: Great Tusk|Protosynthesis|[silent]
|switch|p1a: Minun|Minun, F, shiny|69/100
|cant|p2a: Dondozo|slp
|move|p2a: Dondozo|Sleep Talk|p2a: Dondozo
|move|p2a: Dondozo|Rest||[from] move: Sleep Talk|[still]
|-fail|p2a: Dondozo
|
|-heal|p1a: Minun|75/100|[from] item: Leftovers
|upkeep
|turn|30
|
|t:|1776036223
|switch|p2a: Clodsire|Clodsire, F|100/100
|-damage|p2a: Clodsire|94/100|[from] Stealth Rock
|move|p1a: Minun|Wish|p1a: Minun
|
|-heal|p1a: Minun|82/100|[from] item: Leftovers
|-heal|p2a: Clodsire|100/100|[from] item: Leftovers
|upkeep
|turn|31
|
|t:|1776036229
|switch|p1a: Moltres|Moltres|51/100
|move|p2a: Clodsire|Toxic|p1a: Moltres
|-status|p1a: Moltres|tox
|
|-heal|p1a: Moltres|95/100 tox|[from] move: Wish|[wisher] Minun
|-damage|p1a: Moltres|88/100 tox|[from] psn
|upkeep
|turn|32
|
|t:|1776036242
|move|p1a: Moltres|U-turn|p2a: Clodsire
|-resisted|p2a: Clodsire
|-damage|p2a: Clodsire|93/100
|
|t:|1776036243
|switch|p1a: Great Tusk|Great Tusk|63/100 tox|[from] U-turn
|move|p2a: Clodsire|Stealth Rock|p1a: Great Tusk
|-sidestart|p1: shukingle|move: Stealth Rock
|
|-heal|p2a: Clodsire|99/100|[from] item: Leftovers
|-damage|p1a: Great Tusk|57/100 tox|[from] psn
|upkeep
|turn|33
|
|t:|1776036251
|switch|p2a: Dondozo|Dondozo, M|100/100 slp
|-damage|p2a: Dondozo|88/100 slp|[from] Stealth Rock
|move|p1a: Great Tusk|Headlong Rush|p2a: Dondozo
|-damage|p2a: Dondozo|61/100 slp
|-unboost|p1a: Great Tusk|def|1
|-unboost|p1a: Great Tusk|spd|1
|
|-heal|p2a: Dondozo|67/100 slp|[from] item: Leftovers
|-damage|p1a: Great Tusk|45/100 tox|[from] psn
|upkeep
|turn|34
|
|t:|1776036263
|switch|p2a: Clodsire|Clodsire, F|99/100
|-damage|p2a: Clodsire|93/100|[from] Stealth Rock
|move|p1a: Great Tusk|Headlong Rush|p2a: Clodsire
|-supereffective|p2a: Clodsire
|-damage|p2a: Clodsire|0 fnt
|-unboost|p1a: Great Tusk|def|1
|-unboost|p1a: Great Tusk|spd|1
|faint|p2a: Clodsire
|
|-damage|p1a: Great Tusk|26/100 tox|[from] psn
|upkeep
|
|t:|1776036274
|switch|p2a: Dondozo|Dondozo, M|67/100 slp
|-damage|p2a: Dondozo|54/100 slp|[from] Stealth Rock
|turn|35
|
|t:|1776036286
|move|p1a: Great Tusk|Headlong Rush|p2a: Dondozo
|-damage|p2a: Dondozo|25/100 slp
|-unboost|p1a: Great Tusk|def|1
|-unboost|p1a: Great Tusk|spd|1
|cant|p2a: Dondozo|slp
|move|p2a: Dondozo|Sleep Talk|p2a: Dondozo
|move|p2a: Dondozo|Liquidation|p1a: Great Tusk|[from] move: Sleep Talk
|-supereffective|p1a: Great Tusk
|-damage|p1a: Great Tusk|0 fnt
|faint|p1a: Great Tusk
|-end|p1a: Great Tusk|Protosynthesis|[silent]
|
|-heal|p2a: Dondozo|31/100 slp|[from] item: Leftovers
|upkeep
|
|t:|1776036294
|switch|p1a: Dragonite|Dragonite, F, shiny|100/100
|turn|36
|
|t:|1776036301
|move|p1a: Dragonite|Dragon Dance|p1a: Dragonite
|-boost|p1a: Dragonite|atk|1
|-boost|p1a: Dragonite|spe|1
|-curestatus|p2a: Dondozo|slp|[msg]
|move|p2a: Dondozo|Rest|p2a: Dondozo
|-status|p2a: Dondozo|slp|[from] move: Rest
|-heal|p2a: Dondozo|100/100 slp|[silent]
|
|upkeep
|turn|37
|
|t:|1776036310
|switch|p1a: Minun|Minun, F, shiny|82/100
|-damage|p1a: Minun|69/100|[from] Stealth Rock
|cant|p2a: Dondozo|slp
|move|p2a: Dondozo|Sleep Talk|p2a: Dondozo
|move|p2a: Dondozo|Rest||[from] move: Sleep Talk|[still]
|-fail|p2a: Dondozo
|
|-heal|p1a: Minun|75/100|[from] item: Leftovers
|upkeep
|turn|38
|
|t:|1776036320
|switch|p2a: Garganacl|Garganacl, F|100/100
|-damage|p2a: Garganacl|88/100|[from] Stealth Rock
|move|p1a: Minun|Super Fang|p2a: Garganacl|[miss]
|-miss|p1a: Minun|p2a: Garganacl
|
|-heal|p1a: Minun|82/100|[from] item: Leftovers
|-heal|p2a: Garganacl|94/100|[from] item: Leftovers
|upkeep
|turn|39
|
|t:|1776036328
|move|p1a: Minun|Wish|p1a: Minun
|move|p2a: Garganacl|Salt Cure|p1a: Minun
|-damage|p1a: Minun|58/100
|-start|p1a: Minun|Salt Cure
|
|-heal|p1a: Minun|64/100|[from] item: Leftovers
|-heal|p2a: Garganacl|100/100|[from] item: Leftovers
|-damage|p1a: Minun|51/100|[from] Salt Cure
|upkeep
|turn|40
|
|t:|1776036335
|move|p1a: Minun|Super Fang|p2a: Garganacl
|-damage|p2a: Garganacl|50/100
|move|p2a: Garganacl|Fire Punch|p1a: Minun
|-damage|p1a: Minun|18/100
|
|-heal|p1a: Minun|68/100|[from] move: Wish|[wisher] Minun
|-heal|p1a: Minun|75/100|[from] item: Leftovers
|-heal|p2a: Garganacl|57/100|[from] item: Leftovers
|-damage|p1a: Minun|62/100|[from] Salt Cure
|upkeep
|turn|41
|
|t:|1776036345
|move|p1a: Minun|Volt Switch|p2a: Garganacl
|-damage|p2a: Garganacl|43/100
|
|t:|1776036348
|switch|p1a: Weavile|Weavile, F, shiny|100/100|[from] Volt Switch
|-damage|p1a: Weavile|76/100|[from] Stealth Rock
|-ability|p1a: Weavile|Pressure
|move|p2a: Garganacl|Recover|p2a: Garganacl
|-heal|p2a: Garganacl|93/100
|
|-heal|p2a: Garganacl|99/100|[from] item: Leftovers
|upkeep
|turn|42
|
|t:|1776036357
|move|p1a: Weavile|Low Kick|p2a: Garganacl
|-supereffective|p2a: Garganacl
|-damage|p2a: Garganacl|28/100
|move|p2a: Garganacl|Salt Cure|p1a: Weavile
|-supereffective|p1a: Weavile
|-damage|p1a: Weavile|24/100
|-start|p1a: Weavile|Salt Cure
|
|-heal|p2a: Garganacl|35/100|[from] item: Leftovers
|-damage|p1a: Weavile|11/100|[from] Salt Cure
|upkeep
|turn|43
|
|t:|1776036368
|switch|p2a: Corviknight|Corviknight, M|88/100
|-damage|p2a: Corviknight|76/100|[from] Stealth Rock
|-ability|p2a: Corviknight|Pressure
|move|p1a: Weavile|Low Kick|p2a: Corviknight
|-damage|p2a: Corviknight|53/100
|-damage|p1a: Weavile|0 fnt|[from] item: Rocky Helmet|[of] p2a: Corviknight
|faint|p1a: Weavile
|
|upkeep
|
|t:|1776036374
|switch|p1a: Moltres|Moltres|88/100 tox
|turn|44
|
|t:|1776036380
|move|p1a: Moltres|Flamethrower|p2a: Corviknight
|-supereffective|p2a: Corviknight
|-damage|p2a: Corviknight|0 fnt
|faint|p2a: Corviknight
|
|-damage|p1a: Moltres|82/100 tox|[from] psn
|upkeep
|
|t:|1776036389
|switch|p2a: Garganacl|Garganacl, F|35/100
|-damage|p2a: Garganacl|22/100|[from] Stealth Rock
|turn|45
|
|t:|1776036397
|move|p1a: Moltres|Flamethrower|p2a: Garganacl
|-resisted|p2a: Garganacl
|-damage|p2a: Garganacl|10/100
|move|p2a: Garganacl|Recover|p2a: Garganacl
|-heal|p2a: Garganacl|60/100
|
|-heal|p2a: Garganacl|66/100|[from] item: Leftovers
|-damage|p1a: Moltres|70/100 tox|[from] psn
|upkeep
|turn|46
|
|t:|1776036406
|move|p1a: Moltres|U-turn|p2a: Garganacl
|-damage|p2a: Garganacl|56/100
|
|t:|1776036408
|switch|p1a: Dragonite|Dragonite, F, shiny|100/100|[from] U-turn
|move|p2a: Garganacl|Salt Cure|p1a: Dragonite
|-supereffective|p1a: Dragonite
|-damage|p1a: Dragonite|89/100
|-start|p1a: Dragonite|Salt Cure
|
|-heal|p2a: Garganacl|62/100|[from] item: Leftovers
|-damage|p1a: Dragonite|76/100|[from] Salt Cure
|upkeep
|turn|47
|
|t:|1776036417
|move|p1a: Dragonite|Dragon Dance|p1a: Dragonite
|-boost|p1a: Dragonite|atk|1
|-boost|p1a: Dragonite|spe|1
|move|p2a: Garganacl|Recover|p2a: Garganacl
|-heal|p2a: Garganacl|100/100
|
|-damage|p1a: Dragonite|64/100|[from] Salt Cure
|upkeep
|turn|48
|
|t:|1776036424
|switch|p2a: Dondozo|Dondozo, M|100/100 slp
|-damage|p2a: Dondozo|88/100 slp|[from] Stealth Rock
|move|p1a: Dragonite|Dragon Dance|p1a: Dragonite
|-boost|p1a: Dragonite|atk|1
|-boost|p1a: Dragonite|spe|1
|
|-heal|p2a: Dondozo|94/100 slp|[from] item: Leftovers
|-damage|p1a: Dragonite|51/100|[from] Salt Cure
|upkeep
|turn|49
|
|t:|1776036433
|move|p1a: Dragonite|Roost|p1a: Dragonite
|-heal|p1a: Dragonite|100/100
|-singleturn|p1a: Dragonite|move: Roost
|cant|p2a: Dondozo|slp
|move|p2a: Dondozo|Sleep Talk|p2a: Dondozo
|move|p2a: Dondozo|Rest||[from] move: Sleep Talk|[still]
|-fail|p2a: Dondozo
|
|-heal|p2a: Dondozo|99/100 slp|[from] item: Leftovers
|-damage|p1a: Dragonite|88/100|[from] Salt Cure
|upkeep
|turn|50
|-message|shukingle forfeited.
|
|win|exosc2
|raw|shukingle's rating: 1107 &rarr; <strong>1080</strong><br />(-27 for losing)
|raw|exosc2's rating: 1083 &rarr; <strong>1112</strong><br />(+29 for winning)
|l|☆shukingle
|player|p1|
|l| ohko_smeargle
|l|☆exosc2
|player|p2|
