|html|<div class="broadcast-blue"><strong>[Gen 9] OU is currently suspecting Tera Blast! For information on how to participate check out the <a href="https://www.smogon.com/tools/suspects/view/200">suspect thread</a>.</strong></div>
|j|☆Jediuser
|j|☆sam2077
|t:|1776337714
|gametype|singles
|player|p1|Jediuser|101|1186
|player|p2|sam2077|red|1210
|gen|9
|tier|[Gen 9] OU
|rated|
|rule|HP Percentage Mod: HP is shown in percentages
|rule|Endless Battle Clause: Forcing endless battles is banned
|rule|Species Clause: Limit one of each Pokémon
|rule|OHKO Clause: OHKO moves are banned
|rule|Evasion Items Clause: Evasion items are banned
|rule|Evasion Moves Clause: Evasion moves are banned
|rule|Evasion Abilities Clause: Evasion abilities are banned
|rule|Sleep Moves Clause: Sleep-inducing moves are banned
|clearpoke
|poke|p1|Ogerpon-Cornerstone, F|
|poke|p1|Cinderace, F|
|poke|p1|Corviknight, F|
|poke|p1|Primarina, F|
|poke|p1|Zamazenta-*|
|poke|p1|Kingambit, F|
|poke|p2|Kingambit, M|
|poke|p2|Dragapult, M|
|poke|p2|Garganacl, M|
|poke|p2|Incineroar, M|
|poke|p2|Dragonite, M|
|poke|p2|Iron Treads|
|teampreview
|inactive|Battle timer is ON: inactive players will automatically lose when time's up. (requested by sam2077)
|
|t:|1776337743
|teamsize|p1|6
|teamsize|p2|6
|start
|switch|p1a: Smackdown|Ogerpon-Cornerstone, F|100/100
|switch|p2a: Garganacl|Garganacl, M, shiny|100/100
|turn|1
|
|t:|1776337757
|move|p1a: Smackdown|Swords Dance|p1a: Smackdown
|-boost|p1a: Smackdown|atk|2
|move|p2a: Garganacl|Iron Defense|p2a: Garganacl
|-boost|p2a: Garganacl|def|2
|
|upkeep
|turn|2
|
|t:|1776337764
|switch|p1a: Aria|Primarina, F, shiny|100/100
|move|p2a: Garganacl|Iron Defense|p2a: Garganacl
|-boost|p2a: Garganacl|def|2
|
|upkeep
|turn|3
|
|t:|1776337773
|move|p1a: Aria|Surf|p2a: Garganacl
|-supereffective|p2a: Garganacl
|-damage|p2a: Garganacl|27/100
|move|p2a: Garganacl|Salt Cure|p1a: Aria
|-damage|p1a: Aria|81/100
|-start|p1a: Aria|Salt Cure
|
|-heal|p2a: Garganacl|33/100|[from] item: Leftovers
|-damage|p1a: Aria|57/100|[from] Salt Cure
|upkeep
|turn|4
|
|t:|1776337803
|switch|p2a: Incineroar|Incineroar, M, shiny|100/100
|-ability|p2a: Incineroar|Intimidate|boost
|-unboost|p1a: Aria|atk|1
|move|p1a: Aria|Flip Turn|p2a: Incineroar
|-supereffective|p2a: Incineroar
|-damage|p2a: Incineroar|82/100
|
|t:|1776337811
|switch|p1a: Bastion|Zamazenta|100/100|[from] Flip Turn
|-ability|p1a: Bastion|Dauntless Shield|boost
|-boost|p1a: Bastion|def|1
|
|upkeep
|turn|5
|inactive|Jediuser has 120 seconds left.
|
|t:|1776337833
|move|p1a: Bastion|Body Press|p2a: Incineroar
|-supereffective|p2a: Incineroar
|-damage|p2a: Incineroar|0 fnt
|faint|p2a: Incineroar
|
|upkeep
|inactive|sam2077 has 120 seconds left.
|
|t:|1776337866
|switch|p2a: Dragonite|Dragonite, M|100/100
|turn|6
|inactive|Jediuser has 120 seconds left.
|
|t:|1776337884
|switch|p1a: Smackdown|Ogerpon-Cornerstone, F|100/100
|move|p2a: Dragonite|Dragon Dance|p2a: Dragonite
|-boost|p2a: Dragonite|atk|1
|-boost|p2a: Dragonite|spe|1
|
|upkeep
|turn|7
|
|t:|1776337896
|move|p2a: Dragonite|Scale Shot|p1a: Smackdown
|-damage|p1a: Smackdown|72/100
|-damage|p1a: Smackdown|44/100
|-damage|p1a: Smackdown|15/100
|-hitcount|p1a: Smackdown|3
|-unboost|p2a: Dragonite|def|1
|-boost|p2a: Dragonite|spe|1
|move|p1a: Smackdown|Ivy Cudgel|p2a: Dragonite|[anim] Ivy Cudgel Rock
|-supereffective|p2a: Dragonite
|-damage|p2a: Dragonite|6/100
|
|-heal|p2a: Dragonite|13/100|[from] item: Leftovers
|upkeep
|turn|8
|inactive|Jediuser has 120 seconds left.
|
|t:|1776337914
|move|p2a: Dragonite|Extreme Speed|p1a: Smackdown
|-resisted|p1a: Smackdown
|-damage|p1a: Smackdown|0 fnt
|faint|p1a: Smackdown
|
|-heal|p2a: Dragonite|19/100|[from] item: Leftovers
|upkeep
|inactive|Jediuser has 120 seconds left.
|
|t:|1776337925
|switch|p1a: Bulwark|Corviknight, F, shiny|100/100
|-ability|p1a: Bulwark|Pressure
|turn|9
|inactive|Jediuser has 120 seconds left.
|
|t:|1776337931
|move|p2a: Dragonite|Roost|p2a: Dragonite
|-heal|p2a: Dragonite|69/100
|-singleturn|p2a: Dragonite|move: Roost
|move|p1a: Bulwark|Brave Bird|p2a: Dragonite
|-damage|p2a: Dragonite|5/100
|-damage|p1a: Bulwark|83/100|[from] Recoil
|
|-heal|p2a: Dragonite|11/100|[from] item: Leftovers
|upkeep
|turn|10
|inactive|sam2077 has 120 seconds left.
|inactive|Jediuser has 120 seconds left.
|
|t:|1776337948
|move|p2a: Dragonite|Roost|p2a: Dragonite
|-heal|p2a: Dragonite|61/100
|-singleturn|p2a: Dragonite|move: Roost
|move|p1a: Bulwark|Brave Bird|p2a: Dragonite
|-damage|p2a: Dragonite|4/100
|-damage|p1a: Bulwark|68/100|[from] Recoil
|
|-heal|p2a: Dragonite|10/100|[from] item: Leftovers
|upkeep
|turn|11
|inactive|Jediuser has 120 seconds left.
|inactive|sam2077 has 120 seconds left.
|
|t:|1776337962
|move|p2a: Dragonite|Roost|p2a: Dragonite
|-heal|p2a: Dragonite|60/100
|-singleturn|p2a: Dragonite|move: Roost
|move|p1a: Bulwark|Brave Bird|p2a: Dragonite
|-damage|p2a: Dragonite|2/100
|-damage|p1a: Bulwark|53/100|[from] Recoil
|
|-heal|p2a: Dragonite|9/100|[from] item: Leftovers
|upkeep
|turn|12
|inactive|Jediuser has 120 seconds left.
|inactive|sam2077 has 120 seconds left.
|
|t:|1776337973
|move|p2a: Dragonite|Roost|p2a: Dragonite
|-heal|p2a: Dragonite|59/100
|-singleturn|p2a: Dragonite|move: Roost
|move|p1a: Bulwark|Brave Bird|p2a: Dragonite
|-damage|p2a: Dragonite|0 fnt
|faint|p2a: Dragonite
|-damage|p1a: Bulwark|37/100|[from] Recoil
|
|upkeep
|
|t:|1776337996
|switch|p2a: Garganacl|Garganacl, M, shiny|33/100
|turn|13
|
|t:|1776338010
|move|p1a: Bulwark|U-turn|p2a: Garganacl
|-damage|p2a: Garganacl|25/100
|inactive|Jediuser has 120 seconds left.
|
|t:|1776338022
|switch|p1a: Aria|Primarina, F, shiny|57/100|[from] U-turn
|move|p2a: Garganacl|Recover|p2a: Garganacl
|-heal|p2a: Garganacl|75/100
|
|-heal|p2a: Garganacl|81/100|[from] item: Leftovers
|upkeep
|turn|14
|
|t:|1776338031
|move|p1a: Aria|Surf|p2a: Garganacl
|-supereffective|p2a: Garganacl
|-damage|p2a: Garganacl|4/100
|move|p2a: Garganacl|Salt Cure|p1a: Aria
|-damage|p1a: Aria|36/100
|-start|p1a: Aria|Salt Cure
|
|-heal|p2a: Garganacl|10/100|[from] item: Leftovers
|-damage|p1a: Aria|11/100|[from] Salt Cure
|upkeep
|turn|15
|inactive|sam2077 has 120 seconds left.
|
|t:|1776338047
|switch|p2a: Iron Treads|Iron Treads|100/100
|-enditem|p2a: Iron Treads|Booster Energy
|-activate|p2a: Iron Treads|ability: Quark Drive|[fromitem]
|-start|p2a: Iron Treads|quarkdrivespe
|move|p1a: Aria|Flip Turn|p2a: Iron Treads
|-supereffective|p2a: Iron Treads
|-damage|p2a: Iron Treads|63/100
|
|t:|1776338057
|switch|p1a: Bastion|Zamazenta|100/100|[from] Flip Turn
|
|upkeep
|turn|16
|inactive|sam2077 has 120 seconds left.
|
|t:|1776338074
|move|p2a: Iron Treads|Earthquake|p1a: Bastion
|-damage|p1a: Bastion|57/100
|move|p1a: Bastion|Body Press|p2a: Iron Treads
|-supereffective|p2a: Iron Treads
|-damage|p2a: Iron Treads|8/100
|
|upkeep
|turn|17
|
|t:|1776338100
|-terastallize|p2a: Iron Treads|Ground
|move|p2a: Iron Treads|Earthquake|p1a: Bastion
|-damage|p1a: Bastion|0 fnt
|faint|p1a: Bastion
|
|upkeep
|
|t:|1776338110
|switch|p1a: Fisk|Kingambit, F, shiny|100/100
|-activate|p1a: Fisk|ability: Supreme Overlord
|-start|p1a: Fisk|fallen2|[silent]
|turn|18
|
|t:|1776338118
|move|p1a: Fisk|Sucker Punch|p2a: Iron Treads
|-damage|p2a: Iron Treads|0 fnt
|faint|p2a: Iron Treads
|-end|p2a: Iron Treads|Quark Drive|[silent]
|
|upkeep
|
|t:|1776338130
|switch|p2a: Garganacl|Garganacl, M, shiny|10/100
|turn|19
|
|t:|1776338137
|move|p1a: Fisk|Iron Head|p2a: Garganacl
|-supereffective|p2a: Garganacl
|-damage|p2a: Garganacl|0 fnt
|faint|p2a: Garganacl
|
|upkeep
|
|t:|1776338145
|switch|p2a: Kingambit|Kingambit, M, shiny|100/100
|-activate|p2a: Kingambit|ability: Supreme Overlord
|-start|p2a: Kingambit|fallen4|[silent]
|turn|20
|
|t:|1776338153
|move|p1a: Fisk|Swords Dance|p1a: Fisk
|-boost|p1a: Fisk|atk|2
|move|p2a: Kingambit|Iron Head|p1a: Fisk
|-resisted|p1a: Fisk
|-damage|p1a: Fisk|74/100
|
|upkeep
|turn|21
|inactive|sam2077 has 120 seconds left.
|
|t:|1776338164
|move|p1a: Fisk|Kowtow Cleave|p2a: Kingambit
|-resisted|p2a: Kingambit
|-damage|p2a: Kingambit|60/100
|move|p2a: Kingambit|Kowtow Cleave|p1a: Fisk
|-resisted|p1a: Fisk
|-damage|p1a: Fisk|42/100
|
|upkeep
|turn|22
|
|t:|1776338173
|move|p1a: Fisk|Kowtow Cleave|p2a: Kingambit
|-resisted|p2a: Kingambit
|-damage|p2a: Kingambit|14/100
|move|p2a: Kingambit|Iron Head|p1a: Fisk
|-resisted|p1a: Fisk
|-damage|p1a: Fisk|15/100
|
|upkeep
|turn|23
|
|t:|1776338180
|move|p1a: Fisk|Sucker Punch|p2a: Kingambit
|-resisted|p2a: Kingambit
|-damage|p2a: Kingambit|0 fnt
|faint|p2a: Kingambit
|-end|p2a: Kingambit|fallen4|[silent]
|
|upkeep
|-message|sam2077 forfeited.
|
|win|Jediuser
|raw|Jediuser's rating: 1186 &rarr; <strong>1213</strong><br />(+27 for winning)
|raw|sam2077's rating: 1210 &rarr; <strong>1183</strong><br />(-27 for losing)
|l|☆sam2077
|player|p2|
