|html|<div class="broadcast-blue"><strong>[Gen 9] OU is currently suspecting Tera Blast! For information on how to participate check out the <a href="https://www.smogon.com/tools/suspects/view/200">suspect thread</a>.</strong></div>
|j|☆Oniongal
|j|☆washed is generous
|t:|1776285105
|gametype|singles
|player|p1|Oniongal|madame|1610
|player|p2|washed is generous|blue|1724
|gen|9
|tier|[Gen 9] OU
|rated|
|rule|HP Percentage Mod: HP is shown in percentages
|rule|Endless Battle Clause: Forcing endless battles is banned
|rule|Species Clause: Limit one of each Pokémon
|rule|OHKO Clause: OHKO moves are banned
|rule|Evasion Items Clause: Evasion items are banned
|rule|Evasion Moves Clause: Evasion moves are banned
|rule|Evasion Abilities Clause: Evasion abilities are banned
|rule|Sleep Moves Clause: Sleep-inducing moves are banned
|clearpoke
|poke|p1|Rillaboom, M|
|poke|p1|Zapdos|
|poke|p1|Alomomola, M|
|poke|p1|Hoopa-Unbound|
|poke|p1|Great Tusk|
|poke|p1|Porygon2|
|poke|p2|Samurott-Hisui, M|
|poke|p2|Great Tusk|
|poke|p2|Gholdengo|
|poke|p2|Iron Valiant|
|poke|p2|Dragonite, F|
|poke|p2|Enamorus, F|
|teampreview
|j| ModernMedusa
|l| ModernMedusa
|
|t:|1776285159
|teamsize|p1|6
|teamsize|p2|6
|start
|switch|p1a: Zapdos|Zapdos|100/100
|switch|p2a: Dragonite|Dragonite, F|100/100
|turn|1
|
|t:|1776285166
|move|p1a: Zapdos|Volt Switch|p2a: Dragonite
|-damage|p2a: Dragonite|87/100
|j| ModernMedusa
|c|☆Oniongal|huh
|
|t:|1776285174
|switch|p1a: my beloved|Porygon2|100/100|[from] Volt Switch
|-ability|p1a: my beloved|Multiscale|Trace|[from] ability: Trace|[of] p2a: Dragonite
|move|p2a: Dragonite|Ice Spinner|p1a: my beloved
|-damage|p1a: my beloved|94/100
|
|upkeep
|turn|2
|
|t:|1776285179
|switch|p2a: Samurott|Samurott-Hisui, M|100/100
|move|p1a: my beloved|Ice Beam|p2a: Samurott
|-resisted|p2a: Samurott
|-damage|p2a: Samurott|93/100
|
|upkeep
|turn|3
|
|t:|1776285182
|switch|p1a: Zapdos|Zapdos|100/100
|move|p2a: Samurott|Ceaseless Edge|p1a: Zapdos
|-damage|p1a: Zapdos|70/100
|-status|p2a: Samurott|par|[from] ability: Static|[of] p1a: Zapdos
|-sidestart|p1: Oniongal|Spikes
|
|upkeep
|turn|4
|
|t:|1776285186
|move|p1a: Zapdos|Volt Switch|p2a: Samurott
|-supereffective|p2a: Samurott
|-damage|p2a: Samurott|48/100 par
|
|t:|1776285192
|switch|p1a: Great Tusk|Great Tusk|100/100|[from] Volt Switch
|move|p2a: Samurott|Knock Off|p1a: Great Tusk
|-resisted|p1a: Great Tusk
|-damage|p1a: Great Tusk|84/100
|-enditem|p1a: Great Tusk|Heavy-Duty Boots|[from] move: Knock Off|[of] p2a: Samurott
|
|upkeep
|turn|5
|
|t:|1776285198
|move|p1a: Great Tusk|Rapid Spin|p2a: Samurott
|-damage|p2a: Samurott|29/100 par
|-boost|p1a: Great Tusk|spe|1
|-sideend|p1: Oniongal|Spikes|[from] move: Rapid Spin|[of] p1a: Great Tusk
|cant|p2a: Samurott|par
|
|upkeep
|turn|6
|
|t:|1776285206
|switch|p2a: Enamorus|Enamorus, F|100/100
|move|p1a: Great Tusk|Headlong Rush|p2a: Enamorus
|-immune|p2a: Enamorus
|
|upkeep
|turn|7
|
|t:|1776285213
|-terastallize|p1a: Great Tusk|Steel
|move|p1a: Great Tusk|Ice Spinner|p2a: Enamorus
|-supereffective|p2a: Enamorus
|-damage|p2a: Enamorus|12/100
|move|p2a: Enamorus|Moonblast|p1a: Great Tusk
|-resisted|p1a: Great Tusk
|-damage|p1a: Great Tusk|42/100
|-unboost|p1a: Great Tusk|spa|1
|
|upkeep
|turn|8
|
|t:|1776285217
|switch|p2a: Great Tusk|Great Tusk|100/100
|move|p1a: Great Tusk|Ice Spinner|p2a: Great Tusk
|-supereffective|p2a: Great Tusk
|-damage|p2a: Great Tusk|64/100
|-damage|p1a: Great Tusk|26/100|[from] item: Rocky Helmet|[of] p2a: Great Tusk
|
|upkeep
|turn|9
|
|t:|1776285223
|-end|p1a: Great Tusk|Protosynthesis|[silent]
|switch|p1a: Zapdos|Zapdos|70/100
|move|p2a: Great Tusk|Stealth Rock|p1a: Zapdos
|-sidestart|p1: Oniongal|move: Stealth Rock
|
|upkeep
|turn|10
|
|t:|1776285227
|move|p2a: Great Tusk|Ice Spinner|p1a: Zapdos
|-supereffective|p1a: Zapdos
|-damage|p1a: Zapdos|38/100
|move|p1a: Zapdos|Hurricane|p2a: Great Tusk
|-supereffective|p2a: Great Tusk
|-damage|p2a: Great Tusk|0 fnt
|faint|p2a: Great Tusk
|-end|p2a: Great Tusk|Protosynthesis|[silent]
|
|upkeep
|
|t:|1776285234
|switch|p2a: Enamorus|Enamorus, F|12/100
|turn|11
|
|t:|1776285239
|switch|p1a: Alomomola|Alomomola, M|100/100
|-damage|p1a: Alomomola|88/100|[from] Stealth Rock
|move|p2a: Enamorus|Moonblast|p1a: Alomomola
|-damage|p1a: Alomomola|56/100
|-unboost|p1a: Alomomola|spa|1
|
|upkeep
|turn|12
|
|t:|1776285243
|move|p2a: Enamorus|Taunt|p1a: Alomomola
|-start|p1a: Alomomola|move: Taunt
|move|p1a: Alomomola|Scald|p2a: Enamorus
|-damage|p2a: Enamorus|0 fnt
|faint|p2a: Enamorus
|
|upkeep
|
|t:|1776285250
|switch|p2a: Samurott|Samurott-Hisui, M|29/100 par
|turn|13
|
|t:|1776285258
|move|p1a: Alomomola|Body Slam|p2a: Samurott
|-damage|p2a: Samurott|14/100 par
|move|p2a: Samurott|Ceaseless Edge|p1a: Alomomola
|-damage|p1a: Alomomola|30/100
|-sidestart|p1: Oniongal|Spikes
|
|upkeep
|turn|14
|
|t:|1776285265
|move|p1a: Alomomola|Body Slam|p2a: Samurott
|-damage|p2a: Samurott|0 fnt
|faint|p2a: Samurott
|
|-end|p1a: Alomomola|move: Taunt
|upkeep
|
|t:|1776285269
|switch|p2a: Iron Valiant|Iron Valiant|100/100
|-enditem|p2a: Iron Valiant|Booster Energy
|-activate|p2a: Iron Valiant|ability: Quark Drive|[fromitem]
|-start|p2a: Iron Valiant|quarkdrivespe
|turn|15
|
|t:|1776285275
|switch|p1a: Zapdos|Zapdos|38/100
|move|p2a: Iron Valiant|Moonblast|p1a: Zapdos
|-damage|p1a: Zapdos|0 fnt
|faint|p1a: Zapdos
|
|upkeep
|
|t:|1776285280
|switch|p1a: Alomomola|Alomomola, M|63/100
|-damage|p1a: Alomomola|51/100|[from] Stealth Rock
|-damage|p1a: Alomomola|38/100|[from] Spikes
|turn|16
|
|t:|1776285283
|move|p2a: Iron Valiant|Moonblast|p1a: Alomomola
|-damage|p1a: Alomomola|16/100
|move|p1a: Alomomola|Mirror Coat|p2a: Iron Valiant
|-damage|p2a: Iron Valiant|26/100
|
|upkeep
|turn|17
|
|t:|1776285289
|move|p2a: Iron Valiant|Moonblast|p1a: Alomomola
|-damage|p1a: Alomomola|0 fnt
|faint|p1a: Alomomola
|
|upkeep
|
|t:|1776285291
|switch|p1a: Rillaboom|Rillaboom, M|100/100
|-damage|p1a: Rillaboom|88/100|[from] Stealth Rock
|-damage|p1a: Rillaboom|76/100|[from] Spikes
|-fieldstart|move: Grassy Terrain|[from] ability: Grassy Surge|[of] p1a: Rillaboom
|turn|18
|
|t:|1776285294
|-end|p2a: Iron Valiant|Quark Drive|[silent]
|switch|p2a: Dragonite|Dragonite, F|87/100
|move|p1a: Rillaboom|Wood Hammer|p2a: Dragonite
|-resisted|p2a: Dragonite
|-damage|p2a: Dragonite|59/100
|-damage|p1a: Rillaboom|66/100|[from] Recoil
|
|-heal|p1a: Rillaboom|72/100|[from] Grassy Terrain
|upkeep
|turn|19
|
|t:|1776285298
|switch|p1a: my beloved|Porygon2|94/100
|-damage|p1a: my beloved|81/100|[from] Stealth Rock
|-damage|p1a: my beloved|69/100|[from] Spikes
|-ability|p1a: my beloved|Multiscale|Trace|[from] ability: Trace|[of] p2a: Dragonite
|move|p2a: Dragonite|Roost|p2a: Dragonite
|-heal|p2a: Dragonite|100/100
|-singleturn|p2a: Dragonite|move: Roost
|
|-heal|p1a: my beloved|75/100|[from] Grassy Terrain
|upkeep
|turn|20
|
|t:|1776285303
|switch|p2a: Gholdengo|Gholdengo|100/100
|move|p1a: my beloved|Recover|p1a: my beloved
|-heal|p1a: my beloved|100/100
|
|upkeep
|turn|21
|
|t:|1776285313
|switch|p1a: Hoopa|Hoopa-Unbound|100/100
|-damage|p1a: Hoopa|88/100|[from] Stealth Rock
|-damage|p1a: Hoopa|76/100|[from] Spikes
|move|p2a: Gholdengo|Trick|p1a: Hoopa
|-activate|p2a: Gholdengo|move: Trick|[of] p1a: Hoopa
|-item|p1a: Hoopa|Choice Scarf|[from] move: Trick
|-item|p2a: Gholdengo|Choice Band|[from] move: Trick
|
|-heal|p1a: Hoopa|82/100|[from] Grassy Terrain
|upkeep
|turn|22
|
|t:|1776285321
|switch|p2a: Iron Valiant|Iron Valiant|26/100
|move|p1a: Hoopa|Hyperspace Fury|p2a: Iron Valiant
|-resisted|p2a: Iron Valiant
|-crit|p2a: Iron Valiant
|-damage|p2a: Iron Valiant|0 fnt
|-unboost|p1a: Hoopa|def|1
|faint|p2a: Iron Valiant
|-end|p2a: Iron Valiant|Quark Drive|[silent]
|
|-heal|p1a: Hoopa|88/100|[from] Grassy Terrain
|-fieldend|move: Grassy Terrain
|upkeep
|
|t:|1776285324
|switch|p2a: Dragonite|Dragonite, F|100/100
|turn|23
|
|t:|1776285327
|move|p1a: Hoopa|Hyperspace Fury|p2a: Dragonite
|-damage|p2a: Dragonite|77/100
|-unboost|p1a: Hoopa|def|1
|move|p2a: Dragonite|Earthquake|p1a: Hoopa
|-damage|p1a: Hoopa|0 fnt
|faint|p1a: Hoopa
|
|upkeep
|
|t:|1776285335
|switch|p1a: Great Tusk|Great Tusk, tera:Steel|26/100
|-damage|p1a: Great Tusk|20/100|[from] Stealth Rock
|-damage|p1a: Great Tusk|7/100|[from] Spikes
|turn|24
|
|t:|1776285338
|switch|p2a: Gholdengo|Gholdengo|100/100
|move|p1a: Great Tusk|Ice Spinner|p2a: Gholdengo
|-resisted|p2a: Gholdengo
|-damage|p2a: Gholdengo|84/100
|
|upkeep
|turn|25
|
|t:|1776285353
|switch|p2a: Dragonite|Dragonite, F|77/100
|move|p1a: Great Tusk|Headlong Rush|p2a: Dragonite
|-immune|p2a: Dragonite
|
|upkeep
|turn|26
|
|t:|1776285357
|-terastallize|p2a: Dragonite|Ground
|move|p1a: Great Tusk|Ice Spinner|p2a: Dragonite
|-supereffective|p2a: Dragonite
|-damage|p2a: Dragonite|29/100
|move|p2a: Dragonite|Dragon Dance|p2a: Dragonite
|-boost|p2a: Dragonite|atk|1
|-boost|p2a: Dragonite|spe|1
|
|upkeep
|turn|27
|
|t:|1776285366
|move|p2a: Dragonite|Earthquake|p1a: Great Tusk
|-supereffective|p1a: Great Tusk
|-damage|p1a: Great Tusk|0 fnt
|faint|p1a: Great Tusk
|-end|p1a: Great Tusk|Protosynthesis|[silent]
|
|upkeep
|
|t:|1776285370
|switch|p1a: Rillaboom|Rillaboom, M|72/100
|-damage|p1a: Rillaboom|59/100|[from] Stealth Rock
|-damage|p1a: Rillaboom|47/100|[from] Spikes
|-fieldstart|move: Grassy Terrain|[from] ability: Grassy Surge|[of] p1a: Rillaboom
|turn|28
|
|t:|1776285373
|switch|p2a: Gholdengo|Gholdengo|84/100
|move|p1a: Rillaboom|Grassy Glide|p2a: Gholdengo
|-resisted|p2a: Gholdengo
|-damage|p2a: Gholdengo|51/100
|
|-heal|p2a: Gholdengo|57/100|[from] Grassy Terrain
|-heal|p1a: Rillaboom|53/100|[from] Grassy Terrain
|upkeep
|turn|29
|
|t:|1776285379
|switch|p1a: my beloved|Porygon2|100/100
|-damage|p1a: my beloved|88/100|[from] Stealth Rock
|-damage|p1a: my beloved|76/100|[from] Spikes
|-ability|p1a: my beloved|Good as Gold|Trace|[from] ability: Trace|[of] p2a: Gholdengo
|move|p2a: Gholdengo|Make It Rain|p1a: my beloved
|-damage|p1a: my beloved|36/100
|-unboost|p2a: Gholdengo|spa|1
|
|-heal|p2a: Gholdengo|63/100|[from] Grassy Terrain
|-heal|p1a: my beloved|42/100|[from] Grassy Terrain
|upkeep
|turn|30
|
|t:|1776285383
|switch|p2a: Dragonite|Dragonite, F, tera:Ground|29/100
|move|p1a: my beloved|Recover|p1a: my beloved
|-heal|p1a: my beloved|92/100
|
|-heal|p2a: Dragonite|35/100|[from] Grassy Terrain
|-heal|p1a: my beloved|98/100|[from] Grassy Terrain
|upkeep
|turn|31
|
|t:|1776285386
|switch|p2a: Gholdengo|Gholdengo|63/100
|move|p1a: my beloved|Ice Beam|p2a: Gholdengo
|-resisted|p2a: Gholdengo
|-damage|p2a: Gholdengo|51/100
|
|-heal|p2a: Gholdengo|57/100|[from] Grassy Terrain
|-heal|p1a: my beloved|100/100|[from] Grassy Terrain
|upkeep
|turn|32
|
|t:|1776285399
|switch|p1a: Rillaboom|Rillaboom, M|53/100
|-damage|p1a: Rillaboom|41/100|[from] Stealth Rock
|-damage|p1a: Rillaboom|29/100|[from] Spikes
|move|p2a: Gholdengo|Trick|p1a: Rillaboom
|-activate|p2a: Gholdengo|move: Trick|[of] p1a: Rillaboom
|-item|p1a: Rillaboom|Choice Band|[from] move: Trick
|-item|p2a: Gholdengo|Choice Band|[from] move: Trick
|
|-heal|p2a: Gholdengo|63/100|[from] Grassy Terrain
|-heal|p1a: Rillaboom|35/100|[from] Grassy Terrain
|-fieldend|move: Grassy Terrain
|upkeep
|turn|33
|
|t:|1776285405
|move|p2a: Gholdengo|Make It Rain|p1a: Rillaboom
|-damage|p1a: Rillaboom|0 fnt
|-unboost|p2a: Gholdengo|spa|1
|faint|p1a: Rillaboom
|
|upkeep
|l|☆Oniongal
|player|p1|
|inactive|Battle timer is ON: inactive players will automatically lose when time's up. (requested by washed is generous)
|c| ModernMedusa|lol
|inactive|Oniongal has 30 seconds to reconnect!
|l| ModernMedusa
|inactive|Oniongal has 20 seconds to reconnect!
|inactive|Oniongal has 15 seconds to reconnect!
|inactive|Oniongal has 10 seconds to reconnect!
|inactive|Oniongal has 5 seconds to reconnect!
|-message|Oniongal lost due to inactivity.
|
|win|washed is generous
|raw|Oniongal's rating: 1610 &rarr; <strong>1596</strong><br />(-14 for losing)
|raw|washed is generous's rating: 1724 &rarr; <strong>1738</strong><br />(+14 for winning)
