|html|<div class="broadcast-blue"><strong>[Gen 9] OU is currently suspecting Tera Blast! For information on how to participate check out the <a href="https://www.smogon.com/tools/suspects/view/200">suspect thread</a>.</strong></div>
|j|☆kalefe
|j|☆SuperSpicyRamen
|t:|1776134419
|gametype|singles
|player|p1|kalefe|169|1075
|player|p2|SuperSpicyRamen|colress|1109
|gen|9
|tier|[Gen 9] OU
|rated|
|rule|HP Percentage Mod: HP is shown in percentages
|rule|Endless Battle Clause: Forcing endless battles is banned
|rule|Species Clause: Limit one of each Pokémon
|rule|OHKO Clause: OHKO moves are banned
|rule|Evasion Items Clause: Evasion items are banned
|rule|Evasion Moves Clause: Evasion moves are banned
|rule|Evasion Abilities Clause: Evasion abilities are banned
|rule|Sleep Moves Clause: Sleep-inducing moves are banned
|clearpoke
|poke|p1|Morpeko, M|
|poke|p1|Tyranitar, M|
|poke|p1|Darkrai|
|poke|p1|Sableye, M|
|poke|p1|Ting-Lu|
|poke|p1|Umbreon, F|
|poke|p2|Torkoal, F|
|poke|p2|Rotom-Wash|
|poke|p2|Delphox, F|
|poke|p2|Lilligant-Hisui, F|
|poke|p2|Garganacl, F|
|poke|p2|Mienshao, M|
|teampreview
|inactive|Battle timer is ON: inactive players will automatically lose when time's up. (requested by SuperSpicyRamen)
|c|☆SuperSpicyRamen|ugh
|c|☆SuperSpicyRamen|that ohko spectator is still here
|inactive|SuperSpicyRamen has 120 seconds left.
|
|t:|1776134459
|teamsize|p1|6
|teamsize|p2|6
|start
|switch|p1a: Sableye|Sableye, M|100/100
|switch|p2a: Rotom|Rotom-Wash|100/100
|turn|1
|
|t:|1776134468
|move|p2a: Rotom|Thunder Wave|p1a: Sableye
|-status|p1a: Sableye|par
|move|p1a: Sableye|Knock Off|p2a: Rotom
|-damage|p2a: Rotom|56/100
|-enditem|p2a: Rotom|Leftovers|[from] move: Knock Off|[of] p1a: Sableye
|
|upkeep
|turn|2
|
|t:|1776134480
|switch|p2a: Torkoal|Torkoal, F|100/100
|-weather|SunnyDay|[from] ability: Drought|[of] p2a: Torkoal
|move|p1a: Sableye|Bulk Up|p1a: Sableye
|-boost|p1a: Sableye|atk|1
|-boost|p1a: Sableye|def|1
|
|-weather|SunnyDay|[upkeep]
|upkeep
|turn|3
|
|t:|1776134495
|switch|p1a: Ting-Lu|Ting-Lu|100/100
|-ability|p1a: Ting-Lu|Vessel of Ruin
|move|p2a: Torkoal|Shell Smash|p2a: Torkoal
|-unboost|p2a: Torkoal|def|1
|-unboost|p2a: Torkoal|spd|1
|-boost|p2a: Torkoal|atk|2
|-boost|p2a: Torkoal|spa|2
|-boost|p2a: Torkoal|spe|2
|-enditem|p2a: Torkoal|Eject Pack
|
|t:|1776134507
|switch|p2a: Delphox|Delphox, F|100/100
|
|-weather|SunnyDay|[upkeep]
|upkeep
|turn|4
|
|t:|1776134522
|move|p2a: Delphox|Copycat|p2a: Delphox
|move|p2a: Delphox|Shell Smash|p2a: Delphox|[from] move: Copycat
|-unboost|p2a: Delphox|def|1
|-unboost|p2a: Delphox|spd|1
|-boost|p2a: Delphox|atk|2
|-boost|p2a: Delphox|spa|2
|-boost|p2a: Delphox|spe|2
|-enditem|p2a: Delphox|White Herb
|-clearnegativeboost|p2a: Delphox|[silent]
|move|p1a: Ting-Lu|Stealth Rock|p2a: Delphox
|-sidestart|p2: SuperSpicyRamen|move: Stealth Rock
|
|-weather|SunnyDay|[upkeep]
|upkeep
|turn|5
|
|t:|1776134538
|move|p2a: Delphox|Grass Knot|p1a: Ting-Lu
|-supereffective|p1a: Ting-Lu
|-crit|p1a: Ting-Lu
|-damage|p1a: Ting-Lu|0 fnt
|faint|p1a: Ting-Lu
|-item|p2a: Delphox|Earth Plate|[from] ability: Magician|[of] p1: Ting-Lu
|
|-weather|SunnyDay|[upkeep]
|upkeep
|inactive|kalefe has 120 seconds left.
|
|t:|1776134567
|switch|p1a: Tyranitar|Tyranitar, M|100/100
|-weather|Sandstorm|[from] ability: Sand Stream|[of] p1a: Tyranitar
|turn|6
|inactive|kalefe has 120 seconds left.
|
|t:|1776134575
|move|p2a: Delphox|Grass Knot|p1a: Tyranitar
|-supereffective|p1a: Tyranitar
|-damage|p1a: Tyranitar|0 fnt
|faint|p1a: Tyranitar
|
|-weather|Sandstorm|[upkeep]
|-damage|p2a: Delphox|94/100|[from] Sandstorm
|upkeep
|inactive|kalefe has 120 seconds left.
|
|t:|1776134587
|switch|p1a: Umbreon|Umbreon, F|100/100
|turn|7
|
|t:|1776134596
|move|p2a: Delphox|Flamethrower|p1a: Umbreon
|-damage|p1a: Umbreon|30/100
|move|p1a: Umbreon|Crunch|p2a: Delphox
|-supereffective|p2a: Delphox
|-damage|p2a: Delphox|6/100
|
|-weather|Sandstorm|[upkeep]
|-damage|p2a: Delphox|0 fnt|[from] Sandstorm
|-damage|p1a: Umbreon|24/100|[from] Sandstorm
|faint|p2a: Delphox
|upkeep
|
|t:|1776134606
|switch|p2a: Torkoal|Torkoal, F|100/100
|-damage|p2a: Torkoal|76/100|[from] Stealth Rock
|-weather|SunnyDay|[from] ability: Drought|[of] p2a: Torkoal
|turn|8
|
|t:|1776134619
|move|p1a: Umbreon|Wish|p1a: Umbreon
|move|p2a: Torkoal|Stealth Rock|p1a: Umbreon
|-sidestart|p1: kalefe|move: Stealth Rock
|
|-weather|SunnyDay|[upkeep]
|upkeep
|turn|9
|
|t:|1776134629
|move|p1a: Umbreon|Crunch|p2a: Torkoal
|-damage|p2a: Torkoal|58/100
|move|p2a: Torkoal|Rapid Spin|p1a: Umbreon
|-damage|p1a: Umbreon|16/100
|-boost|p2a: Torkoal|spe|1
|-damage|p2a: Torkoal|41/100|[from] item: Rocky Helmet|[of] p1a: Umbreon
|-sideend|p2: SuperSpicyRamen|Stealth Rock|[from] move: Rapid Spin|[of] p2a: Torkoal
|
|-weather|SunnyDay|[upkeep]
|-heal|p1a: Umbreon|66/100|[from] move: Wish|[wisher] Umbreon
|upkeep
|turn|10
|
|t:|1776134645
|switch|p2a: Lilligant|Lilligant-Hisui, F|100/100
|move|p1a: Umbreon|Wish|p1a: Umbreon
|
|-weather|SunnyDay|[upkeep]
|upkeep
|turn|11
|
|t:|1776134656
|switch|p1a: Sableye|Sableye, M|100/100 par
|-damage|p1a: Sableye|88/100 par|[from] Stealth Rock
|move|p2a: Lilligant|Victory Dance|p2a: Lilligant
|-boost|p2a: Lilligant|atk|1
|-boost|p2a: Lilligant|def|1
|-boost|p2a: Lilligant|spe|1
|
|-weather|SunnyDay|[upkeep]
|-heal|p1a: Sableye|100/100 par|[from] move: Wish|[wisher] Umbreon
|upkeep
|turn|12
|
|t:|1776134668
|cant|p1a: Sableye|par
|move|p2a: Lilligant|Leaf Blade|p1a: Sableye
|-damage|p1a: Sableye|0 fnt
|faint|p1a: Sableye
|
|-weather|none
|upkeep
|
|t:|1776134679
|switch|p1a: Darkrai|Darkrai|100/100
|-damage|p1a: Darkrai|88/100|[from] Stealth Rock
|turn|13
|
|t:|1776134690
|move|p2a: Lilligant|Axe Kick|p1a: Darkrai
|-supereffective|p1a: Darkrai
|-damage|p1a: Darkrai|0 fnt
|faint|p1a: Darkrai
|
|upkeep
|
|t:|1776134696
|switch|p1a: Morpeko|Morpeko, M|100/100
|-damage|p1a: Morpeko|88/100|[from] Stealth Rock
|turn|14
|
|t:|1776134701
|move|p2a: Lilligant|Leaf Blade|p1a: Morpeko
|-damage|p1a: Morpeko|0 fnt
|faint|p1a: Morpeko
|
|upkeep
|
|t:|1776134706
|switch|p1a: Umbreon|Umbreon, F|66/100
|-damage|p1a: Umbreon|53/100|[from] Stealth Rock
|turn|15
|
|t:|1776134713
|move|p2a: Lilligant|Axe Kick|p1a: Umbreon|[miss]
|-miss|p2a: Lilligant|p1a: Umbreon
|-damage|p2a: Lilligant|51/100|[from] highjumpkick
|move|p1a: Umbreon|Crunch|p2a: Lilligant
|-resisted|p2a: Lilligant
|-damage|p2a: Lilligant|35/100
|
|upkeep
|turn|16
|
|t:|1776134722
|move|p2a: Lilligant|Axe Kick|p1a: Umbreon
|-supereffective|p1a: Umbreon
|-damage|p1a: Umbreon|0 fnt
|-damage|p2a: Lilligant|19/100|[from] item: Rocky Helmet|[of] p1a: Umbreon
|faint|p1a: Umbreon
|
|win|SuperSpicyRamen
|raw|kalefe's rating: 1075 &rarr; <strong>1056</strong><br />(-19 for losing)
|raw|SuperSpicyRamen's rating: 1109 &rarr; <strong>1132</strong><br />(+23 for winning)
|c|☆SuperSpicyRamen|gg
|l|☆kalefe
|player|p1|
