|html|<div class="broadcast-blue"><strong>[Gen 9] OU is currently suspecting Tera Blast! For information on how to participate check out the <a href="https://www.smogon.com/tools/suspects/view/200">suspect thread</a>.</strong></div>
|j|☆BeefStewDude
|j|☆magistermilitum420
|t:|1776100937
|gametype|singles
|player|p1|BeefStewDude|dancer|1199
|player|p2|magistermilitum420|blue|1150
|gen|9
|tier|[Gen 9] OU
|rated|
|rule|HP Percentage Mod: HP is shown in percentages
|rule|Endless Battle Clause: Forcing endless battles is banned
|rule|Species Clause: Limit one of each Pokémon
|rule|OHKO Clause: OHKO moves are banned
|rule|Evasion Items Clause: Evasion items are banned
|rule|Evasion Moves Clause: Evasion moves are banned
|rule|Evasion Abilities Clause: Evasion abilities are banned
|rule|Sleep Moves Clause: Sleep-inducing moves are banned
|clearpoke
|poke|p1|Bisharp, M|
|poke|p1|Goodra-Hisui, F|
|poke|p1|Pawmot, F|
|poke|p1|Clawitzer, M|
|poke|p1|Ursaluna, F|
|poke|p1|Moltres-Galar|
|poke|p2|Meowscarada, F|
|poke|p2|Great Tusk|
|poke|p2|Alomomola, M|
|poke|p2|Slowking-Galar, M|
|poke|p2|Dragonite, M|
|poke|p2|Heatran, M|
|teampreview
|
|t:|1776100947
|teamsize|p1|6
|teamsize|p2|6
|start
|switch|p1a: Clawitzer|Clawitzer, M|100/100
|switch|p2a: Barca|Great Tusk|100/100
|turn|1
|
|t:|1776100965
|-terastallize|p2a: Barca|Water
|move|p2a: Barca|Stealth Rock|p1a: Clawitzer
|-sidestart|p1: BeefStewDude|move: Stealth Rock
|move|p1a: Clawitzer|Water Pulse|p2a: Barca
|-resisted|p2a: Barca
|-damage|p2a: Barca|50/100
|-damage|p1a: Clawitzer|91/100|[from] item: Life Orb
|
|upkeep
|turn|2
|
|t:|1776100982
|-end|p2a: Barca|Protosynthesis|[silent]
|switch|p2a: Mithridates|Slowking-Galar, M|100/100
|move|p1a: Clawitzer|Dragon Pulse|p2a: Mithridates
|-damage|p2a: Mithridates|71/100
|-damage|p1a: Clawitzer|81/100|[from] item: Life Orb
|
|upkeep
|turn|3
|
|t:|1776100995
|move|p1a: Clawitzer|Dark Pulse|p2a: Mithridates
|-supereffective|p2a: Mithridates
|-damage|p2a: Mithridates|13/100
|-damage|p1a: Clawitzer|71/100|[from] item: Life Orb
|move|p2a: Mithridates|Sludge Bomb|p1a: Clawitzer
|-damage|p1a: Clawitzer|23/100
|
|upkeep
|turn|4
|
|t:|1776101015
|switch|p2a: Charybdis|Alomomola, M, shiny|100/100
|move|p1a: Clawitzer|Water Pulse|p2a: Charybdis
|-resisted|p2a: Charybdis
|-damage|p2a: Charybdis|60/100
|-damage|p1a: Clawitzer|14/100|[from] item: Life Orb
|
|upkeep
|turn|5
|
|t:|1776101024
|move|p2a: Charybdis|Protect|p2a: Charybdis
|-singleturn|p2a: Charybdis|Protect
|move|p1a: Clawitzer|Dragon Pulse|p2a: Charybdis
|-activate|p2a: Charybdis|move: Protect
|
|upkeep
|turn|6
|
|t:|1776101043
|switch|p2a: Mithridates|Slowking-Galar, M|46/100
|move|p1a: Clawitzer|Dragon Pulse|p2a: Mithridates
|-damage|p2a: Mithridates|15/100
|-damage|p1a: Clawitzer|4/100|[from] item: Life Orb
|
|upkeep
|turn|7
|
|t:|1776101052
|switch|p2a: Charybdis|Alomomola, M, shiny|93/100
|move|p1a: Clawitzer|Dark Pulse|p2a: Charybdis
|-damage|p2a: Charybdis|27/100
|-damage|p1a: Clawitzer|0 fnt|[from] item: Life Orb
|faint|p1a: Clawitzer
|
|upkeep
|
|t:|1776101057
|switch|p1a: Pawmot|Pawmot, F|100/100
|-damage|p1a: Pawmot|94/100|[from] Stealth Rock
|turn|8
|
|t:|1776101070
|switch|p2a: Mahad|Meowscarada, F, shiny|100/100
|move|p1a: Pawmot|Fake Out|p2a: Mahad
|-damage|p2a: Mahad|76/100
|-damage|p1a: Pawmot|84/100|[from] item: Life Orb
|
|upkeep
|turn|9
|
|t:|1776101087
|switch|p1a: Goodra|Goodra-Hisui, F|100/100
|-damage|p1a: Goodra|95/100|[from] Stealth Rock
|move|p2a: Mahad|U-turn|p1a: Goodra
|-start|p2a: Mahad|typechange|Bug|[from] ability: Protean
|-resisted|p1a: Goodra
|-damage|p1a: Goodra|76/100
|
|t:|1776101096
|switch|p2a: Barca|Great Tusk, tera:Water|50/100|[from] U-turn
|
|upkeep
|turn|10
|
|t:|1776101110
|move|p2a: Barca|Close Combat|p1a: Goodra
|-supereffective|p1a: Goodra
|-damage|p1a: Goodra|0 fnt
|-unboost|p2a: Barca|def|1
|-unboost|p2a: Barca|spd|1
|faint|p1a: Goodra
|
|upkeep
|
|t:|1776101116
|switch|p1a: Pawmot|Pawmot, F|84/100
|-damage|p1a: Pawmot|78/100|[from] Stealth Rock
|turn|11
|
|t:|1776101134
|-end|p2a: Barca|Protosynthesis|[silent]
|switch|p2a: Vulcanus|Heatran, M, shiny|100/100
|move|p1a: Pawmot|Fake Out|p2a: Vulcanus
|-resisted|p2a: Vulcanus
|-damage|p2a: Vulcanus|92/100
|-damage|p1a: Pawmot|68/100|[from] item: Life Orb
|
|upkeep
|turn|12
|
|t:|1776101160
|switch|p2a: Mithridates|Slowking-Galar, M|48/100
|move|p1a: Pawmot|Close Combat|p2a: Mithridates
|-resisted|p2a: Mithridates
|-damage|p2a: Mithridates|30/100
|-unboost|p1a: Pawmot|def|1
|-unboost|p1a: Pawmot|spd|1
|-damage|p1a: Pawmot|59/100|[from] item: Life Orb
|
|upkeep
|turn|13
|
|t:|1776101184
|switch|p2a: Mahad|Meowscarada, F, shiny|76/100
|move|p1a: Pawmot|Thunder Punch|p2a: Mahad
|-resisted|p2a: Mahad
|-damage|p2a: Mahad|33/100
|-damage|p1a: Pawmot|49/100|[from] item: Life Orb
|
|upkeep
|turn|14
|
|t:|1776101199
|move|p1a: Pawmot|Mach Punch|p2a: Mahad
|-supereffective|p2a: Mahad
|-damage|p2a: Mahad|0 fnt
|faint|p2a: Mahad
|-damage|p1a: Pawmot|39/100|[from] item: Life Orb
|
|upkeep
|
|t:|1776101228
|switch|p2a: Mithridates|Slowking-Galar, M|63/100
|turn|15
|
|t:|1776101239
|move|p1a: Pawmot|Thunder Punch|p2a: Mithridates
|-damage|p2a: Mithridates|2/100
|-damage|p1a: Pawmot|29/100|[from] item: Life Orb
|move|p2a: Mithridates|Psychic Noise|p1a: Pawmot
|-supereffective|p1a: Pawmot
|-damage|p1a: Pawmot|0 fnt
|faint|p1a: Pawmot
|
|upkeep
|
|t:|1776101253
|switch|p1a: Bisharp|Bisharp, M, shiny|100/100
|-damage|p1a: Bisharp|95/100|[from] Stealth Rock
|turn|16
|
|t:|1776101266
|switch|p2a: Vulcanus|Heatran, M, shiny|92/100
|move|p1a: Bisharp|Swords Dance|p1a: Bisharp
|-boost|p1a: Bisharp|atk|2
|
|upkeep
|turn|17
|
|t:|1776101274
|move|p2a: Vulcanus|Overheat|p1a: Bisharp
|-supereffective|p1a: Bisharp
|-damage|p1a: Bisharp|0 fnt
|-unboost|p2a: Vulcanus|spa|2
|faint|p1a: Bisharp
|
|upkeep
|-message|BeefStewDude forfeited.
|
|win|magistermilitum420
|raw|BeefStewDude's rating: 1199 &rarr; <strong>1170</strong><br />(-29 for losing)
|raw|magistermilitum420's rating: 1150 &rarr; <strong>1179</strong><br />(+29 for winning)
|l|☆BeefStewDude
|player|p1|
