|html|<div class="broadcast-blue"><strong>[Gen 9] OU is currently suspecting Tera Blast! For information on how to participate check out the <a href="https://www.smogon.com/tools/suspects/view/200">suspect thread</a>.</strong></div>
|j|☆Vibingtacocat
|j|☆Glihdr
|t:|1776060772
|gametype|singles
|player|p1|Vibingtacocat|169|1068
|player|p2|Glihdr|1|1109
|gen|9
|tier|[Gen 9] OU
|rated|
|rule|HP Percentage Mod: HP is shown in percentages
|rule|Endless Battle Clause: Forcing endless battles is banned
|rule|Species Clause: Limit one of each Pokémon
|rule|OHKO Clause: OHKO moves are banned
|rule|Evasion Items Clause: Evasion items are banned
|rule|Evasion Moves Clause: Evasion moves are banned
|rule|Evasion Abilities Clause: Evasion abilities are banned
|rule|Sleep Moves Clause: Sleep-inducing moves are banned
|clearpoke
|poke|p1|Gliscor, F|
|poke|p1|Toxapex, M|
|poke|p1|Blissey, F|
|poke|p1|Tropius, M|
|poke|p1|Alomomola, F|
|poke|p1|Talonflame, F|
|poke|p2|Hatterene, F|
|poke|p2|Ursaluna, M|
|poke|p2|Porygon2|
|poke|p2|Cresselia, F|
|poke|p2|Iron Hands|
|poke|p2|Volcanion|
|teampreview
|
|t:|1776060776
|teamsize|p1|6
|teamsize|p2|6
|start
|switch|p1a: Tropius|Tropius, M|100/100
|switch|p2a: TARS|Porygon2|100/100
|-ability|p2a: TARS|Download|boost
|-boost|p2a: TARS|atk|1
|turn|1
|inactive|Battle timer is ON: inactive players will automatically lose when time's up. (requested by Vibingtacocat)
|
|t:|1776060788
|-terastallize|p2a: TARS|Ground
|move|p1a: Tropius|Leech Seed|p2a: TARS
|-start|p2a: TARS|move: Leech Seed
|move|p2a: TARS|Tera Blast|p1a: Tropius|[anim] Tera Blast Ground
|-immune|p1a: Tropius
|
|-damage|p2a: TARS|88/100|[from] Leech Seed|[of] p1a: Tropius
|upkeep
|turn|2
|j| Squallskip
|
|t:|1776060801
|move|p1a: Tropius|Substitute|p1a: Tropius
|-start|p1a: Tropius|Substitute
|-damage|p1a: Tropius|76/100
|move|p2a: TARS|Ice Beam|p1a: Tropius
|-supereffective|p1a: Tropius
|-end|p1a: Tropius|Substitute
|
|-damage|p2a: TARS|76/100|[from] Leech Seed|[of] p1a: Tropius
|-heal|p1a: Tropius|87/100|[silent]
|upkeep
|turn|3
|
|t:|1776060812
|move|p1a: Tropius|Protect|p1a: Tropius
|-singleturn|p1a: Tropius|Protect
|move|p2a: TARS|Ice Beam|p1a: Tropius
|-activate|p1a: Tropius|move: Protect
|
|-damage|p2a: TARS|64/100|[from] Leech Seed|[of] p1a: Tropius
|-heal|p1a: Tropius|99/100|[silent]
|upkeep
|turn|4
|
|t:|1776060821
|move|p1a: Tropius|Substitute|p1a: Tropius
|-start|p1a: Tropius|Substitute
|-damage|p1a: Tropius|74/100
|move|p2a: TARS|Ice Beam|p1a: Tropius
|-supereffective|p1a: Tropius
|-end|p1a: Tropius|Substitute
|
|-damage|p2a: TARS|51/100|[from] Leech Seed|[of] p1a: Tropius
|-heal|p1a: Tropius|85/100|[silent]
|upkeep
|turn|5
|
|t:|1776060831
|move|p1a: Tropius|Protect|p1a: Tropius
|-singleturn|p1a: Tropius|Protect
|move|p2a: TARS|Trick Room|p2a: TARS
|-fieldstart|move: Trick Room|[of] p2a: TARS
|
|-damage|p2a: TARS|39/100|[from] Leech Seed|[of] p1a: Tropius
|-heal|p1a: Tropius|97/100|[silent]
|upkeep
|turn|6
|
|t:|1776060842
|move|p2a: TARS|Ice Beam|p1a: Tropius
|-supereffective|p1a: Tropius
|-damage|p1a: Tropius|10/100
|-enditem|p1a: Tropius|Sitrus Berry|[eat]
|-heal|p1a: Tropius|35/100|[from] item: Sitrus Berry
|move|p1a: Tropius|Substitute|p1a: Tropius
|-start|p1a: Tropius|Substitute
|-damage|p1a: Tropius|10/100
|
|-damage|p2a: TARS|27/100|[from] Leech Seed|[of] p1a: Tropius
|-heal|p1a: Tropius|21/100|[silent]
|upkeep
|turn|7
|
|t:|1776060853
|move|p1a: Tropius|Protect|p1a: Tropius
|-singleturn|p1a: Tropius|Protect
|move|p2a: TARS|Ice Beam|p1a: Tropius
|-activate|p1a: Tropius|move: Protect
|
|-damage|p2a: TARS|14/100|[from] Leech Seed|[of] p1a: Tropius
|-heal|p1a: Tropius|33/100|[silent]
|-item|p1a: Tropius|Sitrus Berry|[from] ability: Harvest
|upkeep
|-enditem|p1a: Tropius|Sitrus Berry|[eat]
|-heal|p1a: Tropius|58/100|[from] item: Sitrus Berry
|turn|8
|
|t:|1776060865
|move|p2a: TARS|Hyper Beam|p1a: Tropius
|-end|p1a: Tropius|Substitute
|-mustrecharge|p2a: TARS
|move|p1a: Tropius|Substitute|p1a: Tropius
|-start|p1a: Tropius|Substitute
|-damage|p1a: Tropius|33/100
|
|-damage|p2a: TARS|2/100|[from] Leech Seed|[of] p1a: Tropius
|-heal|p1a: Tropius|44/100|[silent]
|-item|p1a: Tropius|Sitrus Berry|[from] ability: Harvest
|upkeep
|-enditem|p1a: Tropius|Sitrus Berry|[eat]
|-heal|p1a: Tropius|69/100|[from] item: Sitrus Berry
|turn|9
|c|☆Vibingtacocat|bye bye
|
|t:|1776060878
|move|p1a: Tropius|Protect|p1a: Tropius
|-singleturn|p1a: Tropius|Protect
|cant|p2a: TARS|recharge
|
|-damage|p2a: TARS|0 fnt|[from] Leech Seed|[of] p1a: Tropius
|-heal|p1a: Tropius|70/100|[silent]
|faint|p2a: TARS
|-fieldend|move: Trick Room
|upkeep
|
|t:|1776060888
|switch|p2a: Brand|Hatterene, F, shiny|100/100
|turn|10
|
|t:|1776060900
|switch|p1a: Toxapex|Toxapex, M|100/100
|move|p2a: Brand|Trick Room|p2a: Brand
|-fieldstart|move: Trick Room|[of] p2a: Brand
|
|upkeep
|turn|11
|
|t:|1776060908
|move|p2a: Brand|Psychic Noise|p1a: Toxapex
|-supereffective|p1a: Toxapex
|-damage|p1a: Toxapex|41/100
|-start|p1a: Toxapex|move: Heal Block
|move|p1a: Toxapex|Poison Jab|p2a: Brand
|-supereffective|p2a: Brand
|-damage|p2a: Brand|62/100
|-status|p2a: Brand|psn
|
|-damage|p2a: Brand|50/100 psn|[from] psn
|upkeep
|turn|12
|
|t:|1776060922
|switch|p1a: Alomomola|Alomomola, F|100/100
|move|p2a: Brand|Psychic Noise|p1a: Alomomola
|-damage|p1a: Alomomola|45/100
|-start|p1a: Alomomola|move: Heal Block
|
|-damage|p2a: Brand|37/100 psn|[from] psn
|upkeep
|turn|13
|
|t:|1776060934
|switch|p2a: Saturn|Volcanion|100/100
|move|p1a: Alomomola|Protect||[still]
|-fail|p1a: Alomomola
|
|-end|p1a: Alomomola|move: Heal Block
|upkeep
|turn|14
|
|t:|1776060947
|move|p2a: Saturn|Sludge Bomb|p1a: Alomomola
|-damage|p1a: Alomomola|0 fnt
|faint|p1a: Alomomola
|
|-fieldend|move: Trick Room
|upkeep
|
|t:|1776060961
|switch|p1a: Gliscor|Gliscor, F|100/100
|turn|15
|
|t:|1776060968
|switch|p2a: Miller|Cresselia, F, shiny|100/100
|move|p1a: Gliscor|Toxic|p2a: Miller
|-status|p2a: Miller|tox
|
|-damage|p2a: Miller|94/100 tox|[from] psn
|-status|p1a: Gliscor|tox|[from] item: Toxic Orb
|upkeep
|turn|16
|
|t:|1776060979
|move|p1a: Gliscor|Protect|p1a: Gliscor
|-singleturn|p1a: Gliscor|Protect
|move|p2a: Miller|Trick Room|p2a: Miller
|-fieldstart|move: Trick Room|[of] p2a: Miller
|
|-damage|p2a: Miller|82/100 tox|[from] psn
|upkeep
|turn|17
|
|t:|1776060998
|move|p2a: Miller|Moonblast|p1a: Gliscor
|-damage|p1a: Gliscor|81/100 tox
|move|p1a: Gliscor|Substitute|p1a: Gliscor
|-start|p1a: Gliscor|Substitute
|-damage|p1a: Gliscor|56/100 tox
|
|-damage|p2a: Miller|64/100 tox|[from] psn
|-heal|p1a: Gliscor|69/100 tox|[from] ability: Poison Heal
|upkeep
|turn|18
|l| Squallskip
|
|t:|1776061009
|switch|p2a: Mann|Ursaluna, M|100/100
|move|p1a: Gliscor|Protect||[still]
|-fail|p1a: Gliscor
|
|-heal|p1a: Gliscor|81/100 tox|[from] ability: Poison Heal
|-status|p2a: Mann|brn|[from] item: Flame Orb
|upkeep
|turn|19
|
|t:|1776061027
|move|p1a: Gliscor|Protect|p1a: Gliscor
|-singleturn|p1a: Gliscor|Protect
|move|p2a: Mann|Fire Punch|p1a: Gliscor
|-activate|p1a: Gliscor|move: Protect
|
|-heal|p1a: Gliscor|94/100 tox|[from] ability: Poison Heal
|-damage|p2a: Mann|94/100 brn|[from] brn
|upkeep
|turn|20
|-message|Vibingtacocat forfeited.
|
|win|Glihdr
|raw|Vibingtacocat's rating: 1068 &rarr; <strong>1050</strong><br />(-18 for losing)
|raw|Glihdr's rating: 1109 &rarr; <strong>1131</strong><br />(+22 for winning)
|l|☆Vibingtacocat
|player|p1|
|l|☆Glihdr
|player|p2|
