|html|<div class="broadcast-blue"><strong>[Gen 9] OU is currently suspecting Tera Blast! For information on how to participate check out the <a href="https://www.smogon.com/tools/suspects/view/200">suspect thread</a>.</strong></div>
|j|☆Laidbackgamer4
|j|☆maxiboon
|t:|1776141684
|gametype|singles
|player|p1|Laidbackgamer4|boarder|1065
|player|p2|maxiboon|ninjaboy|1030
|gen|9
|tier|[Gen 9] OU
|rated|
|rule|HP Percentage Mod: HP is shown in percentages
|rule|Endless Battle Clause: Forcing endless battles is banned
|rule|Species Clause: Limit one of each Pokémon
|rule|OHKO Clause: OHKO moves are banned
|rule|Evasion Items Clause: Evasion items are banned
|rule|Evasion Moves Clause: Evasion moves are banned
|rule|Evasion Abilities Clause: Evasion abilities are banned
|rule|Sleep Moves Clause: Sleep-inducing moves are banned
|clearpoke
|poke|p1|Slowking-Galar, F|
|poke|p1|Dragapult, M|
|poke|p1|Dragonite, F|
|poke|p1|Suicune|
|poke|p1|Iron Moth|
|poke|p1|Deoxys-Speed|
|poke|p2|Latias, F|
|poke|p2|Suicune|
|poke|p2|Greninja-*, M|
|poke|p2|Abomasnow, M|
|poke|p2|Ceruledge, F|
|poke|p2|Okidogi, M|
|teampreview
|inactive|Battle timer is ON: inactive players will automatically lose when time's up. (requested by maxiboon)
|
|t:|1776141697
|teamsize|p1|6
|teamsize|p2|6
|start
|switch|p1a: Dragonite|Dragonite, F|100/100
|switch|p2a: Abomasnow|Abomasnow, M|100/100
|-weather|Snowscape|[from] ability: Snow Warning|[of] p2a: Abomasnow
|turn|1
|
|t:|1776141711
|move|p1a: Dragonite|Dragon Dance|p1a: Dragonite
|-boost|p1a: Dragonite|atk|1
|-boost|p1a: Dragonite|spe|1
|move|p2a: Abomasnow|Avalanche|p1a: Dragonite
|-supereffective|p1a: Dragonite
|-damage|p1a: Dragonite|58/100
|
|-weather|Snowscape|[upkeep]
|-heal|p1a: Dragonite|64/100|[from] item: Leftovers
|upkeep
|turn|2
|
|t:|1776141722
|move|p1a: Dragonite|Thunder Punch|p2a: Abomasnow
|-resisted|p2a: Abomasnow
|-damage|p2a: Abomasnow|81/100
|move|p2a: Abomasnow|Avalanche|p1a: Dragonite
|-supereffective|p1a: Dragonite
|-damage|p1a: Dragonite|0 fnt
|faint|p1a: Dragonite
|
|-weather|Snowscape|[upkeep]
|upkeep
|
|t:|1776141735
|switch|p1a: Iron Moth|Iron Moth|100/100
|-enditem|p1a: Iron Moth|Booster Energy
|-activate|p1a: Iron Moth|ability: Quark Drive|[fromitem]
|-start|p1a: Iron Moth|quarkdrivespa
|turn|3
|
|t:|1776141757
|switch|p2a: Greninja|Greninja, M|100/100
|move|p1a: Iron Moth|Heat Wave|p2a: Greninja|[miss]
|-miss|p1a: Iron Moth|p2a: Greninja
|
|-weather|Snowscape|[upkeep]
|upkeep
|turn|4
|
|t:|1776141777
|-end|p1a: Iron Moth|Quark Drive|[silent]
|switch|p1a: Slowking|Slowking-Galar, F|100/100
|move|p2a: Greninja|Hydro Pump|p1a: Slowking
|-damage|p1a: Slowking|67/100
|
|-weather|Snowscape|[upkeep]
|-heal|p1a: Slowking|73/100|[from] item: Leftovers
|upkeep
|turn|5
|
|t:|1776141789
|move|p2a: Greninja|Blizzard|p1a: Slowking
|-damage|p1a: Slowking|53/100
|move|p1a: Slowking|Hex|p2a: Greninja
|-resisted|p2a: Greninja
|-damage|p2a: Greninja|86/100
|
|-weather|none
|-heal|p1a: Slowking|59/100|[from] item: Leftovers
|upkeep
|turn|6
|
|t:|1776141800
|move|p2a: Greninja|Hydro Pump|p1a: Slowking
|-crit|p1a: Slowking
|-damage|p1a: Slowking|7/100
|move|p1a: Slowking|Toxic|p2a: Greninja
|-status|p2a: Greninja|tox
|
|-heal|p1a: Slowking|13/100|[from] item: Leftovers
|-damage|p2a: Greninja|80/100 tox|[from] psn
|upkeep
|turn|7
|
|t:|1776141813
|move|p2a: Greninja|Water Shuriken|p1a: Slowking
|-damage|p1a: Slowking|9/100
|-damage|p1a: Slowking|4/100
|-damage|p1a: Slowking|0 fnt
|faint|p1a: Slowking
|-ability|p2a: Greninja|Battle Bond|boost
|-boost|p2a: Greninja|atk|1
|-boost|p2a: Greninja|spa|1
|-boost|p2a: Greninja|spe|1
|-activate|p2a: Greninja|ability: Battle Bond
|-hitcount|p1: Slowking|3
|
|-damage|p2a: Greninja|68/100 tox|[from] psn
|upkeep
|
|t:|1776141832
|switch|p1a: Dragapult|Dragapult, M|100/100
|turn|8
|
|t:|1776141840
|move|p2a: Greninja|Blizzard|p1a: Dragapult
|-supereffective|p1a: Dragapult
|-damage|p1a: Dragapult|0 fnt
|faint|p1a: Dragapult
|
|-damage|p2a: Greninja|51/100 tox|[from] psn
|upkeep
|
|t:|1776141849
|switch|p1a: Deoxys|Deoxys-Speed|100/100
|-ability|p1a: Deoxys|Pressure
|turn|9
|
|t:|1776141861
|move|p2a: Greninja|Water Shuriken|p1a: Deoxys
|-damage|p1a: Deoxys|89/100
|-damage|p1a: Deoxys|79/100
|-damage|p1a: Deoxys|68/100
|-damage|p1a: Deoxys|57/100
|-hitcount|p1a: Deoxys|4
|move|p1a: Deoxys|Focus Blast|p2a: Greninja|[miss]
|-miss|p1a: Deoxys|p2a: Greninja
|
|-heal|p1a: Deoxys|63/100|[from] item: Leftovers
|-damage|p2a: Greninja|27/100 tox|[from] psn
|upkeep
|turn|10
|
|t:|1776141875
|move|p2a: Greninja|Hydro Pump|p1a: Deoxys
|-damage|p1a: Deoxys|0 fnt
|faint|p1a: Deoxys
|
|-damage|p2a: Greninja|0 fnt|[from] psn
|faint|p2a: Greninja
|upkeep
|
|t:|1776141889
|switch|p1a: Suicune|Suicune|100/100
|switch|p2a: Suicune|Suicune|100/100
|-ability|p1a: Suicune|Pressure
|turn|11
|
|t:|1776141903
|move|p2a: Suicune|Extrasensory|p1a: Suicune
|-damage|p1a: Suicune|89/100
|move|p1a: Suicune|Blizzard|p2a: Suicune
|-resisted|p2a: Suicune
|-damage|p2a: Suicune|91/100
|-status|p2a: Suicune|frz
|
|-heal|p1a: Suicune|96/100|[from] item: Leftovers
|upkeep
|turn|12
|
|t:|1776141917
|cant|p2a: Suicune|frz
|move|p1a: Suicune|Facade|p2a: Suicune
|-damage|p2a: Suicune|80/100 frz
|
|-heal|p1a: Suicune|100/100|[from] item: Leftovers
|upkeep
|turn|13
|
|t:|1776141926
|switch|p1a: Iron Moth|Iron Moth|100/100
|cant|p2a: Suicune|frz
|
|upkeep
|turn|14
|
|t:|1776141935
|move|p1a: Iron Moth|Sludge Wave|p2a: Suicune
|-damage|p2a: Suicune|39/100 frz
|-curestatus|p2a: Suicune|frz|[msg]
|move|p2a: Suicune|Hydro Pump|p1a: Iron Moth
|-supereffective|p1a: Iron Moth
|-damage|p1a: Iron Moth|0 fnt
|faint|p1a: Iron Moth
|-end|p1a: Iron Moth|Quark Drive|[silent]
|
|upkeep
|
|t:|1776141944
|switch|p1a: Suicune|Suicune|100/100
|-ability|p1a: Suicune|Pressure
|turn|15
|
|t:|1776141952
|move|p2a: Suicune|Extrasensory|p1a: Suicune
|-damage|p1a: Suicune|88/100
|move|p1a: Suicune|Blizzard|p2a: Suicune
|-resisted|p2a: Suicune
|-damage|p2a: Suicune|31/100
|
|-heal|p1a: Suicune|94/100|[from] item: Leftovers
|upkeep
|turn|16
|
|t:|1776141963
|move|p2a: Suicune|Extrasensory|p1a: Suicune
|-damage|p1a: Suicune|82/100
|move|p1a: Suicune|Blizzard|p2a: Suicune|[miss]
|-miss|p1a: Suicune|p2a: Suicune
|
|-heal|p1a: Suicune|88/100|[from] item: Leftovers
|upkeep
|turn|17
|
|t:|1776141977
|move|p2a: Suicune|Extrasensory|p1a: Suicune
|-damage|p1a: Suicune|76/100
|move|p1a: Suicune|Facade|p2a: Suicune
|-damage|p2a: Suicune|20/100
|
|-heal|p1a: Suicune|82/100|[from] item: Leftovers
|upkeep
|turn|18
|
|t:|1776141992
|move|p2a: Suicune|Extrasensory|p1a: Suicune
|-damage|p1a: Suicune|69/100
|move|p1a: Suicune|Facade|p2a: Suicune
|-damage|p2a: Suicune|8/100
|
|-heal|p1a: Suicune|75/100|[from] item: Leftovers
|upkeep
|turn|19
|
|t:|1776142001
|move|p2a: Suicune|Extrasensory|p1a: Suicune
|-damage|p1a: Suicune|62/100
|move|p1a: Suicune|Hydro Pump|p2a: Suicune
|-resisted|p2a: Suicune
|-damage|p2a: Suicune|0 fnt
|faint|p2a: Suicune
|
|-heal|p1a: Suicune|69/100|[from] item: Leftovers
|upkeep
|
|t:|1776142023
|switch|p2a: Abomasnow|Abomasnow, M|81/100
|-weather|Snowscape|[from] ability: Snow Warning|[of] p2a: Abomasnow
|turn|20
|
|t:|1776142036
|move|p2a: Abomasnow|Energy Ball|p1a: Suicune
|-supereffective|p1a: Suicune
|-damage|p1a: Suicune|31/100
|move|p1a: Suicune|Blizzard|p2a: Abomasnow
|-damage|p2a: Abomasnow|57/100
|
|-weather|Snowscape|[upkeep]
|-heal|p1a: Suicune|37/100|[from] item: Leftovers
|upkeep
|turn|21
|
|t:|1776142050
|move|p2a: Abomasnow|Energy Ball|p1a: Suicune
|-supereffective|p1a: Suicune
|-damage|p1a: Suicune|2/100
|move|p1a: Suicune|Blizzard|p2a: Abomasnow
|-damage|p2a: Abomasnow|29/100
|
|-weather|Snowscape|[upkeep]
|-heal|p1a: Suicune|9/100|[from] item: Leftovers
|upkeep
|turn|22
|
|t:|1776142065
|-terastallize|p1a: Suicune|Water
|move|p2a: Abomasnow|Energy Ball|p1a: Suicune
|-supereffective|p1a: Suicune
|-damage|p1a: Suicune|0 fnt
|faint|p1a: Suicune
|
|win|maxiboon
|raw|Laidbackgamer4's rating: 1065 &rarr; <strong>1043</strong><br />(-22 for losing)
|raw|maxiboon's rating: 1030 &rarr; <strong>1069</strong><br />(+39 for winning)
|l|☆maxiboon
|player|p2|
|l|☆Laidbackgamer4
|player|p1|
|j|☆maxiboon
|player|p2|maxiboon|ninjaboy|
