|html|<div class="broadcast-blue"><strong>[Gen 9] OU is currently suspecting Tera Blast! For information on how to participate check out the <a href="https://www.smogon.com/tools/suspects/view/200">suspect thread</a>.</strong></div>
|j|☆the Gastroman
|j|☆Treeeeeman
|t:|1776298801
|gametype|singles
|player|p1|the Gastroman|cress|
|player|p2|Treeeeeman|pokemaniac|
|gen|9
|tier|[Gen 9] OU
|rule|HP Percentage Mod: HP is shown in percentages
|rule|Endless Battle Clause: Forcing endless battles is banned
|rule|Species Clause: Limit one of each Pokémon
|rule|OHKO Clause: OHKO moves are banned
|rule|Evasion Items Clause: Evasion items are banned
|rule|Evasion Moves Clause: Evasion moves are banned
|rule|Evasion Abilities Clause: Evasion abilities are banned
|rule|Sleep Moves Clause: Sleep-inducing moves are banned
|clearpoke
|poke|p1|Gastrodon-East, M|
|poke|p1|Vaporeon, F|
|poke|p1|Quagsire, M|
|poke|p1|Pelipper, M|
|poke|p1|Barraskewda, M|
|poke|p1|Milotic, F|
|poke|p2|Gholdengo|
|poke|p2|Ogerpon-Wellspring, F|
|poke|p2|Gliscor, M|
|poke|p2|Samurott-Hisui, M|
|poke|p2|Cinderace, F|
|poke|p2|Zamazenta-*|
|teampreview
|inactive|Battle timer is ON: inactive players will automatically lose when time's up. (requested by the Gastroman)
|
|t:|1776298807
|teamsize|p1|6
|teamsize|p2|6
|start
|switch|p1a: Pelipper|Pelipper, M|100/100
|switch|p2a: Samurott|Samurott-Hisui, M|100/100
|-weather|RainDance|[from] ability: Drizzle|[of] p1a: Pelipper
|turn|1
|
|t:|1776298818
|move|p2a: Samurott|Ceaseless Edge|p1a: Pelipper
|-damage|p1a: Pelipper|56/100
|-sidestart|p1: the Gastroman|Spikes
|move|p1a: Pelipper|Hurricane|p2a: Samurott
|-damage|p2a: Samurott|42/100
|
|-weather|RainDance|[upkeep]
|upkeep
|turn|2
|
|t:|1776298827
|move|p2a: Samurott|Ceaseless Edge|p1a: Pelipper
|-damage|p1a: Pelipper|13/100
|-sidestart|p1: the Gastroman|Spikes
|move|p1a: Pelipper|Hurricane|p2a: Samurott
|-damage|p2a: Samurott|0 fnt
|faint|p2a: Samurott
|
|-weather|RainDance|[upkeep]
|upkeep
|
|t:|1776298841
|switch|p2a: Ogerpon|Ogerpon-Wellspring, F|100/100
|turn|3
|
|t:|1776298856
|switch|p1a: Vaporeon|Vaporeon, F|100/100
|-damage|p1a: Vaporeon|84/100|[from] Spikes
|move|p2a: Ogerpon|Swords Dance|p2a: Ogerpon
|-boost|p2a: Ogerpon|atk|2
|
|-weather|RainDance|[upkeep]
|-heal|p1a: Vaporeon|90/100|[from] item: Leftovers
|upkeep
|turn|4
|
|t:|1776298869
|move|p2a: Ogerpon|Wood Hammer|p1a: Vaporeon
|-supereffective|p1a: Vaporeon
|-damage|p1a: Vaporeon|0 fnt
|faint|p1a: Vaporeon
|-damage|p2a: Ogerpon|55/100|[from] Recoil
|
|-weather|RainDance|[upkeep]
|upkeep
|
|t:|1776298876
|switch|p1a: Barraskewda|Barraskewda, M|100/100
|-damage|p1a: Barraskewda|84/100|[from] Spikes
|turn|5
|
|t:|1776298889
|move|p1a: Barraskewda|Poison Jab|p2a: Ogerpon
|-supereffective|p2a: Ogerpon
|-damage|p2a: Ogerpon|0 fnt
|faint|p2a: Ogerpon
|
|-weather|RainDance|[upkeep]
|upkeep
|
|t:|1776298894
|switch|p2a: Gholdengo|Gholdengo|100/100
|turn|6
|
|t:|1776298901
|switch|p1a: Gastrodon|Gastrodon-East, M|100/100
|-damage|p1a: Gastrodon|84/100|[from] Spikes
|move|p2a: Gholdengo|Nasty Plot|p2a: Gholdengo
|-boost|p2a: Gholdengo|spa|2
|
|-weather|RainDance|[upkeep]
|upkeep
|turn|7
|
|t:|1776298911
|move|p2a: Gholdengo|Shadow Ball|p1a: Gastrodon
|-crit|p1a: Gastrodon
|-damage|p1a: Gastrodon|0 fnt
|faint|p1a: Gastrodon
|
|-weather|RainDance|[upkeep]
|upkeep
|
|t:|1776298918
|switch|p1a: Barraskewda|Barraskewda, M|84/100
|-damage|p1a: Barraskewda|68/100|[from] Spikes
|turn|8
|
|t:|1776298924
|-terastallize|p1a: Barraskewda|Water
|move|p1a: Barraskewda|Waterfall|p2a: Gholdengo
|-damage|p2a: Gholdengo|0 fnt
|faint|p2a: Gholdengo
|
|-weather|none
|upkeep
|
|t:|1776298933
|switch|p2a: Cinderace|Cinderace, F|100/100
|turn|9
|
|t:|1776298942
|switch|p1a: Pelipper|Pelipper, M|13/100
|-weather|RainDance|[from] ability: Drizzle|[of] p1a: Pelipper
|move|p2a: Cinderace|Iron Head|p1a: Pelipper
|-start|p2a: Cinderace|typechange|Steel|[from] ability: Libero
|-resisted|p1a: Pelipper
|-damage|p1a: Pelipper|0 fnt
|faint|p1a: Pelipper
|
|-weather|RainDance|[upkeep]
|upkeep
|
|t:|1776298954
|switch|p1a: Quagsire|Quagsire, M|100/100
|-damage|p1a: Quagsire|84/100|[from] Spikes
|turn|10
|
|t:|1776298960
|move|p2a: Cinderace|High Jump Kick|p1a: Quagsire
|-damage|p1a: Quagsire|49/100
|move|p1a: Quagsire|Liquidation|p2a: Cinderace
|-damage|p2a: Cinderace|44/100
|-unboost|p2a: Cinderace|def|1
|
|-weather|RainDance|[upkeep]
|-heal|p1a: Quagsire|55/100|[from] item: Leftovers
|upkeep
|turn|11
|
|t:|1776298971
|switch|p2a: Zamazenta|Zamazenta|100/100
|-ability|p2a: Zamazenta|Dauntless Shield|boost
|-boost|p2a: Zamazenta|def|1
|move|p1a: Quagsire|Liquidation|p2a: Zamazenta
|-damage|p2a: Zamazenta|77/100
|
|-weather|RainDance|[upkeep]
|-heal|p2a: Zamazenta|83/100|[from] item: Leftovers
|-heal|p1a: Quagsire|61/100|[from] item: Leftovers
|upkeep
|turn|12
|
|t:|1776298983
|-terastallize|p2a: Zamazenta|Fighting
|move|p2a: Zamazenta|Body Press|p1a: Quagsire
|-damage|p1a: Quagsire|9/100
|move|p1a: Quagsire|Toxic|p2a: Zamazenta
|-status|p2a: Zamazenta|tox
|
|-weather|RainDance|[upkeep]
|-heal|p2a: Zamazenta|89/100 tox|[from] item: Leftovers
|-heal|p1a: Quagsire|15/100|[from] item: Leftovers
|-damage|p2a: Zamazenta|83/100 tox|[from] psn
|upkeep
|turn|13
|
|t:|1776298995
|move|p2a: Zamazenta|Body Press|p1a: Quagsire
|-damage|p1a: Quagsire|0 fnt
|faint|p1a: Quagsire
|
|-weather|RainDance|[upkeep]
|-heal|p2a: Zamazenta|89/100 tox|[from] item: Leftovers
|-damage|p2a: Zamazenta|77/100 tox|[from] psn
|upkeep
|
|t:|1776299004
|switch|p1a: Milotic|Milotic, F|100/100
|-damage|p1a: Milotic|84/100|[from] Spikes
|turn|14
|
|t:|1776299011
|move|p2a: Zamazenta|Body Press|p1a: Milotic
|-damage|p1a: Milotic|0 fnt
|faint|p1a: Milotic
|
|-weather|RainDance|[upkeep]
|-heal|p2a: Zamazenta|83/100 tox|[from] item: Leftovers
|-damage|p2a: Zamazenta|65/100 tox|[from] psn
|upkeep
|
|t:|1776299020
|switch|p1a: Barraskewda|Barraskewda, M, tera:Water|68/100
|-damage|p1a: Barraskewda|51/100|[from] Spikes
|turn|15
|
|t:|1776299026
|move|p1a: Barraskewda|Waterfall|p2a: Zamazenta
|-damage|p2a: Zamazenta|10/100 tox
|move|p2a: Zamazenta|Body Press|p1a: Barraskewda
|-damage|p1a: Barraskewda|0 fnt
|faint|p1a: Barraskewda
|
|win|Treeeeeman
