|html|<div class="broadcast-blue"><strong>[Gen 9] OU is currently suspecting Tera Blast! For information on how to participate check out the <a href="https://www.smogon.com/tools/suspects/view/200">suspect thread</a>.</strong></div>
|j|☆Rank Acc
|j|☆dfsdhf
|t:|1776090438
|gametype|singles
|player|p1|Rank Acc|265|1369
|player|p2|dfsdhf|169|1439
|gen|9
|tier|[Gen 9] OU
|rated|
|rule|HP Percentage Mod: HP is shown in percentages
|rule|Endless Battle Clause: Forcing endless battles is banned
|rule|Species Clause: Limit one of each Pokémon
|rule|OHKO Clause: OHKO moves are banned
|rule|Evasion Items Clause: Evasion items are banned
|rule|Evasion Moves Clause: Evasion moves are banned
|rule|Evasion Abilities Clause: Evasion abilities are banned
|rule|Sleep Moves Clause: Sleep-inducing moves are banned
|clearpoke
|poke|p1|Iron Crown|
|poke|p1|Cobalion|
|poke|p1|Alomomola, F|
|poke|p1|Tyranitar, F|
|poke|p1|Excadrill, M|
|poke|p1|Gliscor, F|
|poke|p2|Serperior, F|
|poke|p2|Skeledirge, M|
|poke|p2|Ting-Lu|
|poke|p2|Gholdengo|
|poke|p2|Rotom-Wash|
|poke|p2|Weavile, M|
|teampreview
|inactive|Battle timer is ON: inactive players will automatically lose when time's up. (requested by Rank Acc)
|j| ohko_smeargle
|
|t:|1776090460
|teamsize|p1|6
|teamsize|p2|6
|start
|switch|p1a: Alomomola|Alomomola, F|100/100
|switch|p2a: Weavile|Weavile, M|100/100
|turn|1
|
|t:|1776090463
|move|p2a: Weavile|Knock Off|p1a: Alomomola
|-damage|p1a: Alomomola|74/100
|-damage|p2a: Weavile|84/100|[from] item: Rocky Helmet|[of] p1a: Alomomola
|-enditem|p1a: Alomomola|Rocky Helmet|[from] move: Knock Off|[of] p2a: Weavile
|move|p1a: Alomomola|Flip Turn|p2a: Weavile
|-damage|p2a: Weavile|56/100
|
|t:|1776090478
|switch|p1a: Gliscor|Gliscor, F|100/100|[from] Flip Turn
|
|-status|p1a: Gliscor|tox|[from] item: Toxic Orb
|upkeep
|turn|2
|
|t:|1776090485
|switch|p1a: Cobalion|Cobalion|100/100
|move|p2a: Weavile|Icicle Crash|p1a: Cobalion
|-resisted|p1a: Cobalion
|-damage|p1a: Cobalion|87/100
|
|-heal|p1a: Cobalion|93/100|[from] item: Leftovers
|upkeep
|turn|3
|
|t:|1776090492
|switch|p2a: slow cycle|Rotom-Wash|100/100
|move|p1a: Cobalion|Volt Switch|p2a: slow cycle
|-damage|p2a: slow cycle|85/100
|
|t:|1776090517
|switch|p1a: Tyranitar|Tyranitar, F|100/100|[from] Volt Switch
|-weather|Sandstorm|[from] ability: Sand Stream|[of] p1a: Tyranitar
|
|-weather|Sandstorm|[upkeep]
|-damage|p2a: slow cycle|79/100|[from] Sandstorm
|upkeep
|turn|4
|
|t:|1776090524
|switch|p1a: Alomomola|Alomomola, F|100/100
|move|p2a: slow cycle|Will-O-Wisp|p1a: Alomomola
|-status|p1a: Alomomola|brn
|
|-weather|Sandstorm|[upkeep]
|-damage|p2a: slow cycle|73/100|[from] Sandstorm
|-damage|p1a: Alomomola|94/100 brn|[from] Sandstorm
|-damage|p1a: Alomomola|88/100 brn|[from] brn
|upkeep
|turn|5
|
|t:|1776090530
|move|p1a: Alomomola|Protect|p1a: Alomomola
|-singleturn|p1a: Alomomola|Protect
|move|p2a: slow cycle|Pain Split|p1a: Alomomola
|-activate|p1a: Alomomola|move: Protect
|
|-weather|Sandstorm|[upkeep]
|-damage|p2a: slow cycle|66/100|[from] Sandstorm
|-damage|p1a: Alomomola|82/100 brn|[from] Sandstorm
|-damage|p1a: Alomomola|76/100 brn|[from] brn
|upkeep
|turn|6
|
|t:|1776090546
|move|p2a: slow cycle|Volt Switch|p1a: Alomomola
|-supereffective|p1a: Alomomola
|-damage|p1a: Alomomola|17/100 brn
|
|t:|1776090550
|switch|p2a: Amascut's Promise|Gholdengo|100/100|[from] Volt Switch
|move|p1a: Alomomola|Wish|p1a: Alomomola
|
|-weather|Sandstorm|[upkeep]
|-damage|p1a: Alomomola|11/100 brn|[from] Sandstorm
|-damage|p1a: Alomomola|5/100 brn|[from] brn
|upkeep
|turn|7
|
|t:|1776090558
|switch|p2a: Ting-Lu|Ting-Lu|100/100
|-ability|p2a: Ting-Lu|Vessel of Ruin
|switch|p1a: Cobalion|Cobalion|93/100
|
|-weather|Sandstorm|[upkeep]
|-heal|p1a: Cobalion|100/100|[from] move: Wish|[wisher] Alomomola
|upkeep
|turn|8
|
|t:|1776090563
|move|p1a: Cobalion|Iron Defense|p1a: Cobalion
|-boost|p1a: Cobalion|def|2
|move|p2a: Ting-Lu|Stealth Rock|p1a: Cobalion
|-sidestart|p1: Rank Acc|move: Stealth Rock
|
|-weather|Sandstorm|[upkeep]
|upkeep
|turn|9
|
|t:|1776090565
|switch|p2a: Skeledirge|Skeledirge, M|100/100
|move|p1a: Cobalion|Body Press|p2a: Skeledirge
|-immune|p2a: Skeledirge
|
|-weather|Sandstorm|[upkeep]
|-damage|p2a: Skeledirge|94/100|[from] Sandstorm
|upkeep
|turn|10
|
|t:|1776090569
|move|p1a: Cobalion|Volt Switch|p2a: Skeledirge
|-damage|p2a: Skeledirge|85/100
|
|t:|1776090573
|switch|p1a: Gliscor|Gliscor, F|100/100 tox|[from] Volt Switch
|-damage|p1a: Gliscor|88/100 tox|[from] Stealth Rock
|move|p2a: Skeledirge|Torch Song|p1a: Gliscor
|-damage|p1a: Gliscor|50/100 tox
|-boost|p2a: Skeledirge|spa|1
|
|-weather|none
|-heal|p1a: Gliscor|62/100 tox|[from] ability: Poison Heal
|upkeep
|turn|11
|
|t:|1776090579
|move|p1a: Gliscor|Toxic|p2a: Skeledirge
|-status|p2a: Skeledirge|tox
|move|p2a: Skeledirge|Hex|p1a: Gliscor
|-damage|p1a: Gliscor|0 fnt
|faint|p1a: Gliscor
|
|-damage|p2a: Skeledirge|79/100 tox|[from] psn
|upkeep
|
|t:|1776090585
|switch|p1a: Tyranitar|Tyranitar, F|100/100
|-damage|p1a: Tyranitar|88/100|[from] Stealth Rock
|-weather|Sandstorm|[from] ability: Sand Stream|[of] p1a: Tyranitar
|turn|12
|
|t:|1776090588
|switch|p2a: Ting-Lu|Ting-Lu|100/100
|-ability|p2a: Ting-Lu|Vessel of Ruin
|move|p1a: Tyranitar|Knock Off|p2a: Ting-Lu
|-resisted|p2a: Ting-Lu
|-damage|p2a: Ting-Lu|88/100
|-enditem|p2a: Ting-Lu|Leftovers|[from] move: Knock Off|[of] p1a: Tyranitar
|
|-weather|Sandstorm|[upkeep]
|upkeep
|turn|13
|
|t:|1776090593
|move|p1a: Tyranitar|Low Kick|p2a: Ting-Lu
|-supereffective|p2a: Ting-Lu
|-damage|p2a: Ting-Lu|51/100
|move|p2a: Ting-Lu|Spikes|p1a: Tyranitar
|-sidestart|p1: Rank Acc|Spikes
|
|-weather|Sandstorm|[upkeep]
|upkeep
|turn|14
|
|t:|1776090596
|switch|p2a: slow cycle|Rotom-Wash|66/100
|move|p1a: Tyranitar|Low Kick|p2a: slow cycle
|-damage|p2a: slow cycle|61/100
|-damage|p1a: Tyranitar|72/100|[from] item: Rocky Helmet|[of] p2a: slow cycle
|
|-weather|Sandstorm|[upkeep]
|-damage|p2a: slow cycle|55/100|[from] Sandstorm
|upkeep
|turn|15
|
|t:|1776090603
|switch|p1a: Cobalion|Cobalion|100/100
|-damage|p1a: Cobalion|97/100|[from] Stealth Rock
|-damage|p1a: Cobalion|85/100|[from] Spikes
|move|p2a: slow cycle|Will-O-Wisp|p1a: Cobalion
|-status|p1a: Cobalion|brn
|
|-weather|Sandstorm|[upkeep]
|-damage|p2a: slow cycle|49/100|[from] Sandstorm
|-heal|p1a: Cobalion|91/100 brn|[from] item: Leftovers
|-damage|p1a: Cobalion|85/100 brn|[from] brn
|upkeep
|turn|16
|
|t:|1776090608
|move|p1a: Cobalion|Volt Switch|p2a: slow cycle
|-damage|p2a: slow cycle|35/100
|
|t:|1776090611
|switch|p1a: Iron Crown|Iron Crown|100/100|[from] Volt Switch
|-damage|p1a: Iron Crown|94/100|[from] Stealth Rock
|-damage|p1a: Iron Crown|82/100|[from] Spikes
|move|p2a: slow cycle|Pain Split|p1a: Iron Crown
|-sethp|p1a: Iron Crown|58/100|[from] move: Pain Split|[silent]
|-sethp|p2a: slow cycle|61/100|[from] move: Pain Split
|
|-weather|Sandstorm|[upkeep]
|-damage|p2a: slow cycle|54/100|[from] Sandstorm
|upkeep
|turn|17
|
|t:|1776090620
|switch|p2a: Ting-Lu|Ting-Lu|51/100
|-ability|p2a: Ting-Lu|Vessel of Ruin
|move|p1a: Iron Crown|Future Sight|p2a: Ting-Lu
|-start|p1a: Iron Crown|move: Future Sight
|
|-weather|Sandstorm|[upkeep]
|upkeep
|turn|18
|
|t:|1776090626
|-end|p1a: Iron Crown|Quark Drive|[silent]
|switch|p1a: Alomomola|Alomomola, F|38/100 brn
|-damage|p1a: Alomomola|26/100 brn|[from] Stealth Rock
|-damage|p1a: Alomomola|14/100 brn|[from] Spikes
|move|p2a: Ting-Lu|Spikes|p1a: Alomomola
|-sidestart|p1: Rank Acc|Spikes
|
|-weather|Sandstorm|[upkeep]
|-damage|p1a: Alomomola|7/100 brn|[from] Sandstorm
|-damage|p1a: Alomomola|1/100 brn|[from] brn
|upkeep
|turn|19
|
|t:|1776090634
|move|p1a: Alomomola|Wish|p1a: Alomomola
|move|p2a: Ting-Lu|Whirlwind|p1a: Alomomola
|drag|p1a: Excadrill|Excadrill, M|100/100
|-damage|p1a: Excadrill|97/100|[from] Stealth Rock
|-item|p1a: Excadrill|Air Balloon
|
|-weather|none
|-end|p2a: Ting-Lu|move: Future Sight
|-immune|p2a: Ting-Lu
|upkeep
|turn|20
|
|t:|1776090646
|switch|p2a: Skeledirge|Skeledirge, M|79/100 tox
|move|p1a: Excadrill|Rapid Spin|p2a: Skeledirge
|-immune|p2a: Skeledirge
|
|-heal|p1a: Excadrill|100/100|[from] move: Wish|[wisher] Alomomola
|-damage|p2a: Skeledirge|73/100 tox|[from] psn
|upkeep
|turn|21
|
|t:|1776090650
|switch|p2a: slow cycle|Rotom-Wash|54/100
|-terastallize|p1a: Excadrill|Ground
|move|p1a: Excadrill|Earthquake|p2a: slow cycle
|-immune|p2a: slow cycle|[from] ability: Levitate
|
|upkeep
|turn|22
|
|t:|1776090655
|move|p1a: Excadrill|Rapid Spin|p2a: slow cycle
|-damage|p2a: slow cycle|40/100
|-boost|p1a: Excadrill|spe|1
|-damage|p1a: Excadrill|84/100|[from] item: Rocky Helmet|[of] p2a: slow cycle
|-sideend|p1: Rank Acc|Spikes|[from] move: Rapid Spin|[of] p1a: Excadrill
|-sideend|p1: Rank Acc|Stealth Rock|[from] move: Rapid Spin|[of] p1a: Excadrill
|move|p2a: slow cycle|Hydro Pump|p1a: Excadrill
|-supereffective|p1a: Excadrill
|-damage|p1a: Excadrill|0 fnt
|-enditem|p1a: Excadrill|Air Balloon
|faint|p1a: Excadrill
|
|upkeep
|
|t:|1776090664
|switch|p1a: Iron Crown|Iron Crown|58/100
|turn|23
|
|t:|1776090670
|move|p1a: Iron Crown|Tachyon Cutter|p2a: slow cycle
|-resisted|p2a: slow cycle
|-damage|p2a: slow cycle|30/100
|-resisted|p2a: slow cycle
|-damage|p2a: slow cycle|21/100
|-hitcount|p2a: slow cycle|2
|move|p2a: slow cycle|Pain Split|p1a: Iron Crown
|-sethp|p1a: Iron Crown|39/100|[from] move: Pain Split|[silent]
|-sethp|p2a: slow cycle|41/100|[from] move: Pain Split
|
|upkeep
|turn|24
|-message|Rank Acc forfeited.
|
|win|dfsdhf
|raw|Rank Acc's rating: 1369 &rarr; <strong>1353</strong><br />(-16 for losing)
|raw|dfsdhf's rating: 1439 &rarr; <strong>1455</strong><br />(+16 for winning)
|l| ohko_smeargle
|l|☆Rank Acc
|player|p1|
|l|☆dfsdhf
|player|p2|
