|html|<div class="broadcast-blue"><strong>[Gen 9] OU is currently suspecting Tera Blast! For information on how to participate check out the <a href="https://www.smogon.com/tools/suspects/view/200">suspect thread</a>.</strong></div>
|j|☆alexis dipoalo
|j|☆TAMMOHATER
|t:|1776040028
|gametype|singles
|player|p1|alexis dipoalo|pokemonbreederf|1431
|player|p2|TAMMOHATER|firebreather|1452
|gen|9
|tier|[Gen 9] OU
|rated|
|rule|HP Percentage Mod: HP is shown in percentages
|rule|Endless Battle Clause: Forcing endless battles is banned
|rule|Species Clause: Limit one of each Pokémon
|rule|OHKO Clause: OHKO moves are banned
|rule|Evasion Items Clause: Evasion items are banned
|rule|Evasion Moves Clause: Evasion moves are banned
|rule|Evasion Abilities Clause: Evasion abilities are banned
|rule|Sleep Moves Clause: Sleep-inducing moves are banned
|clearpoke
|poke|p1|Dondozo, M|
|poke|p1|Blissey, F|
|poke|p1|Gliscor, F|
|poke|p1|Toxapex, F|
|poke|p1|Mandibuzz, F|
|poke|p1|Talonflame, M|
|poke|p2|Rotom-Wash|
|poke|p2|Tinkaton, F|
|poke|p2|Latios, M|
|poke|p2|Ting-Lu|
|poke|p2|Pecharunt|
|poke|p2|Zamazenta-*|
|teampreview
|inactive|Battle timer is ON: inactive players will automatically lose when time's up. (requested by alexis dipoalo)
|
|t:|1776040036
|teamsize|p1|6
|teamsize|p2|6
|start
|switch|p1a: Talonflame|Talonflame, M|100/100
|switch|p2a: Rotom|Rotom-Wash|100/100
|turn|1
|
|t:|1776040050
|switch|p1a: Toxapex|Toxapex, F|100/100
|move|p2a: Rotom|Will-O-Wisp|p1a: Toxapex
|-status|p1a: Toxapex|brn
|
|-damage|p1a: Toxapex|94/100 brn|[from] brn
|upkeep
|turn|2
|
|t:|1776040057
|switch|p1a: Gliscor|Gliscor, F|100/100
|move|p2a: Rotom|Volt Switch|p1a: Gliscor
|-immune|p1a: Gliscor
|
|-status|p1a: Gliscor|tox|[from] item: Toxic Orb
|upkeep
|turn|3
|
|t:|1776040066
|move|p1a: Gliscor|Knock Off|p2a: Rotom
|-crit|p2a: Rotom
|-damage|p2a: Rotom|74/100
|-enditem|p2a: Rotom|Leftovers|[from] move: Knock Off|[of] p1a: Gliscor
|move|p2a: Rotom|Hydro Pump|p1a: Gliscor|[miss]
|-miss|p2a: Rotom|p1a: Gliscor
|
|upkeep
|turn|4
|
|t:|1776040080
|switch|p1a: Blissey|Blissey, F|100/100
|move|p2a: Rotom|Pain Split|p1a: Blissey
|-sethp|p1a: Blissey|68/100|[from] move: Pain Split|[silent]
|-sethp|p2a: Rotom|100/100|[from] move: Pain Split
|
|-heal|p1a: Blissey|74/100|[from] item: Leftovers
|upkeep
|turn|5
|
|t:|1776040085
|switch|p2a: Tinkaton|Tinkaton, F|100/100
|-ability|p2a: Tinkaton|Mold Breaker
|move|p1a: Blissey|Stealth Rock|p2a: Tinkaton
|-sidestart|p2: TAMMOHATER|move: Stealth Rock
|
|-heal|p1a: Blissey|80/100|[from] item: Leftovers
|upkeep
|turn|6
|
|t:|1776040094
|switch|p1a: Talonflame|Talonflame, M|100/100
|move|p2a: Tinkaton|Knock Off|p1a: Talonflame
|-crit|p1a: Talonflame
|-damage|p1a: Talonflame|78/100
|-enditem|p1a: Talonflame|Heavy-Duty Boots|[from] move: Knock Off|[of] p2a: Tinkaton
|
|upkeep
|turn|7
|
|t:|1776040101
|switch|p2a: Rotom|Rotom-Wash|100/100
|-damage|p2a: Rotom|88/100|[from] Stealth Rock
|move|p1a: Talonflame|Will-O-Wisp|p2a: Rotom
|-status|p2a: Rotom|brn
|
|-damage|p2a: Rotom|82/100 brn|[from] brn
|upkeep
|turn|8
|
|t:|1776040106
|switch|p1a: Blissey|Blissey, F|80/100
|move|p2a: Rotom|Volt Switch|p1a: Blissey
|-damage|p1a: Blissey|72/100
|
|t:|1776040109
|switch|p2a: Tinkaton|Tinkaton, F|100/100|[from] Volt Switch
|-damage|p2a: Tinkaton|94/100|[from] Stealth Rock
|-ability|p2a: Tinkaton|Mold Breaker
|
|-heal|p2a: Tinkaton|100/100|[from] item: Leftovers
|-heal|p1a: Blissey|78/100|[from] item: Leftovers
|upkeep
|turn|9
|
|t:|1776040113
|switch|p1a: Talonflame|Talonflame, M|78/100
|move|p2a: Tinkaton|Stealth Rock|p1a: Talonflame
|-sidestart|p1: alexis dipoalo|move: Stealth Rock
|
|upkeep
|turn|10
|
|t:|1776040118
|switch|p2a: Rotom|Rotom-Wash|82/100 brn
|-damage|p2a: Rotom|69/100 brn|[from] Stealth Rock
|move|p1a: Talonflame|Defog|p2a: Rotom
|-unboost|p2a: Rotom|evasion|1
|-sideend|p2: TAMMOHATER|Stealth Rock|[from] move: Defog|[of] p1a: Talonflame
|-sideend|p1: alexis dipoalo|Stealth Rock|[from] move: Defog|[of] p1a: Talonflame
|
|-damage|p2a: Rotom|63/100 brn|[from] brn
|upkeep
|turn|11
|
|t:|1776040125
|switch|p1a: Blissey|Blissey, F|78/100
|move|p2a: Rotom|Volt Switch|p1a: Blissey
|-damage|p1a: Blissey|70/100
|
|t:|1776040127
|switch|p2a: Tinkaton|Tinkaton, F|100/100|[from] Volt Switch
|-ability|p2a: Tinkaton|Mold Breaker
|
|-heal|p1a: Blissey|76/100|[from] item: Leftovers
|upkeep
|turn|12
|
|t:|1776040131
|switch|p1a: Talonflame|Talonflame, M|78/100
|move|p2a: Tinkaton|Stealth Rock|p1a: Talonflame
|-sidestart|p1: alexis dipoalo|move: Stealth Rock
|
|upkeep
|turn|13
|
|t:|1776040138
|switch|p2a: Rotom|Rotom-Wash|63/100 brn
|move|p1a: Talonflame|Defog|p2a: Rotom
|-unboost|p2a: Rotom|evasion|1
|-sideend|p1: alexis dipoalo|Stealth Rock|[from] move: Defog|[of] p1a: Talonflame
|
|-damage|p2a: Rotom|57/100 brn|[from] brn
|upkeep
|turn|14
|
|t:|1776040148
|switch|p1a: Blissey|Blissey, F|76/100
|move|p2a: Rotom|Volt Switch|p1a: Blissey
|-damage|p1a: Blissey|69/100
|
|t:|1776040150
|switch|p2a: Tinkaton|Tinkaton, F|100/100|[from] Volt Switch
|-ability|p2a: Tinkaton|Mold Breaker
|
|-heal|p1a: Blissey|75/100|[from] item: Leftovers
|upkeep
|turn|15
|
|t:|1776040154
|switch|p1a: Talonflame|Talonflame, M|78/100
|move|p2a: Tinkaton|Stealth Rock|p1a: Talonflame
|-sidestart|p1: alexis dipoalo|move: Stealth Rock
|
|upkeep
|turn|16
|
|t:|1776040158
|switch|p2a: Latios|Latios, M|100/100
|move|p1a: Talonflame|Defog|p2a: Latios
|-unboost|p2a: Latios|evasion|1
|-sideend|p1: alexis dipoalo|Stealth Rock|[from] move: Defog|[of] p1a: Talonflame
|
|upkeep
|turn|17
|
|t:|1776040165
|switch|p1a: Mandibuzz|Mandibuzz, F|100/100
|move|p2a: Latios|Surf|p1a: Mandibuzz
|-damage|p1a: Mandibuzz|75/100
|-damage|p2a: Latios|91/100|[from] item: Life Orb
|
|upkeep
|turn|18
|
|t:|1776040171
|switch|p2a: Tinkaton|Tinkaton, F|100/100
|-ability|p2a: Tinkaton|Mold Breaker
|move|p1a: Mandibuzz|Knock Off|p2a: Tinkaton
|-resisted|p2a: Tinkaton
|-crit|p2a: Tinkaton
|-damage|p2a: Tinkaton|81/100
|-enditem|p2a: Tinkaton|Leftovers|[from] move: Knock Off|[of] p1a: Mandibuzz
|
|upkeep
|turn|19
|
|t:|1776040183
|switch|p1a: Talonflame|Talonflame, M|78/100
|move|p2a: Tinkaton|Stealth Rock|p1a: Talonflame
|-sidestart|p1: alexis dipoalo|move: Stealth Rock
|
|upkeep
|turn|20
|
|t:|1776040189
|move|p2a: Tinkaton|Encore||[still]
|-fail|p2a: Tinkaton
|move|p1a: Talonflame|Defog|p2a: Tinkaton
|-unboost|p2a: Tinkaton|evasion|1
|-sideend|p1: alexis dipoalo|Stealth Rock|[from] move: Defog|[of] p1a: Talonflame
|
|upkeep
|turn|21
|
|t:|1776040197
|switch|p1a: Mandibuzz|Mandibuzz, F|75/100
|move|p2a: Tinkaton|Encore||[still]
|-fail|p2a: Tinkaton
|
|upkeep
|turn|22
|
|t:|1776040201
|switch|p1a: Talonflame|Talonflame, M|78/100
|move|p2a: Tinkaton|Stealth Rock|p1a: Talonflame
|-sidestart|p1: alexis dipoalo|move: Stealth Rock
|
|upkeep
|turn|23
|
|t:|1776040208
|switch|p2a: Latios|Latios, M|91/100
|move|p1a: Talonflame|Defog|p2a: Latios
|-unboost|p2a: Latios|evasion|1
|-sideend|p1: alexis dipoalo|Stealth Rock|[from] move: Defog|[of] p1a: Talonflame
|
|upkeep
|turn|24
|
|t:|1776040215
|switch|p2a: Tinkaton|Tinkaton, F|81/100
|-ability|p2a: Tinkaton|Mold Breaker
|switch|p1a: Blissey|Blissey, F|75/100
|
|-heal|p1a: Blissey|81/100|[from] item: Leftovers
|upkeep
|turn|25
|
|t:|1776040221
|switch|p2a: Latios|Latios, M|91/100
|switch|p1a: Talonflame|Talonflame, M|78/100
|
|upkeep
|turn|26
|
|t:|1776040224
|switch|p2a: Tinkaton|Tinkaton, F|81/100
|-ability|p2a: Tinkaton|Mold Breaker
|switch|p1a: Blissey|Blissey, F|81/100
|
|-heal|p1a: Blissey|87/100|[from] item: Leftovers
|upkeep
|turn|27
|
|t:|1776040229
|switch|p1a: Talonflame|Talonflame, M|78/100
|move|p2a: Tinkaton|Stealth Rock|p1a: Talonflame
|-sidestart|p1: alexis dipoalo|move: Stealth Rock
|
|upkeep
|turn|28
|
|t:|1776040236
|switch|p2a: Rotom|Rotom-Wash|57/100 brn
|move|p1a: Talonflame|Defog|p2a: Rotom
|-unboost|p2a: Rotom|evasion|1
|-sideend|p1: alexis dipoalo|Stealth Rock|[from] move: Defog|[of] p1a: Talonflame
|
|-damage|p2a: Rotom|50/100 brn|[from] brn
|upkeep
|turn|29
|
|t:|1776040249
|switch|p1a: Toxapex|Toxapex, F|100/100 brn
|move|p2a: Rotom|Pain Split|p1a: Toxapex
|-sethp|p1a: Toxapex|75/100 brn|[from] move: Pain Split|[silent]
|-sethp|p2a: Rotom|75/100 brn|[from] move: Pain Split
|
|-heal|p1a: Toxapex|82/100 brn|[from] item: Black Sludge
|-damage|p2a: Rotom|69/100 brn|[from] brn
|-damage|p1a: Toxapex|75/100 brn|[from] brn
|upkeep
|turn|30
|
|t:|1776040259
|switch|p1a: Gliscor|Gliscor, F|100/100 tox
|move|p2a: Rotom|Volt Switch|p1a: Gliscor
|-immune|p1a: Gliscor
|
|-damage|p2a: Rotom|63/100 brn|[from] brn
|upkeep
|turn|31
|
|t:|1776040265
|move|p1a: Gliscor|Protect|p1a: Gliscor
|-singleturn|p1a: Gliscor|Protect
|move|p2a: Rotom|Pain Split|p1a: Gliscor
|-activate|p1a: Gliscor|move: Protect
|
|-damage|p2a: Rotom|57/100 brn|[from] brn
|upkeep
|turn|32
|
|t:|1776040271
|move|p1a: Gliscor|Spikes|p2a: Rotom
|-sidestart|p2: TAMMOHATER|Spikes
|move|p2a: Rotom|Volt Switch|p1a: Gliscor
|-immune|p1a: Gliscor
|
|-damage|p2a: Rotom|50/100 brn|[from] brn
|upkeep
|turn|33
|
|t:|1776040296
|move|p1a: Gliscor|Spikes|p2a: Rotom
|-sidestart|p2: TAMMOHATER|Spikes
|move|p2a: Rotom|Hydro Pump|p1a: Gliscor|[miss]
|-miss|p2a: Rotom|p1a: Gliscor
|
|-damage|p2a: Rotom|44/100 brn|[from] brn
|upkeep
|turn|34
|-message|TAMMOHATER forfeited.
|
|win|alexis dipoalo
|raw|alexis dipoalo's rating: 1431 &rarr; <strong>1452</strong><br />(+21 for winning)
|raw|TAMMOHATER's rating: 1452 &rarr; <strong>1431</strong><br />(-21 for losing)
|l|☆TAMMOHATER
|player|p2|
|l|☆alexis dipoalo
|player|p1|
