|html|<div class="broadcast-blue"><strong>[Gen 9] OU is currently suspecting Tera Blast! For information on how to participate check out the <a href="https://www.smogon.com/tools/suspects/view/200">suspect thread</a>.</strong></div>
|j|☆mathismathin
|j|☆11thtiergbone
|t:|1776124412
|gametype|singles
|player|p1|mathismathin|bugsy-masters|1620
|player|p2|11thtiergbone|clerkf-gen8|1585
|gen|9
|tier|[Gen 9] OU
|rated|
|rule|HP Percentage Mod: HP is shown in percentages
|rule|Endless Battle Clause: Forcing endless battles is banned
|rule|Species Clause: Limit one of each Pokémon
|rule|OHKO Clause: OHKO moves are banned
|rule|Evasion Items Clause: Evasion items are banned
|rule|Evasion Moves Clause: Evasion moves are banned
|rule|Evasion Abilities Clause: Evasion abilities are banned
|rule|Sleep Moves Clause: Sleep-inducing moves are banned
|clearpoke
|poke|p1|Ribombee, M|
|poke|p1|Zarude-Dada|
|poke|p1|Lycanroc-Dusk, F|
|poke|p1|Gholdengo|
|poke|p1|Blaziken, M|
|poke|p1|Glimmora, M|
|poke|p2|Dragonite, M|
|poke|p2|Hatterene, F|
|poke|p2|Deoxys-Speed|
|poke|p2|Ting-Lu|
|poke|p2|Iron Valiant|
|poke|p2|Iron Treads|
|teampreview
|inactive|Battle timer is ON: inactive players will automatically lose when time's up. (requested by 11thtiergbone)
|
|t:|1776124431
|teamsize|p1|6
|teamsize|p2|6
|start
|switch|p1a: Gholdengo|Gholdengo|100/100
|switch|p2a: Deoxys|Deoxys-Speed|100/100
|-ability|p2a: Deoxys|Pressure
|-item|p1a: Gholdengo|Air Balloon
|turn|1
|
|t:|1776124438
|move|p2a: Deoxys|Shadow Ball|p1a: Gholdengo
|-supereffective|p1a: Gholdengo
|-damage|p1a: Gholdengo|38/100
|-enditem|p1a: Gholdengo|Air Balloon
|move|p1a: Gholdengo|Shadow Ball|p2a: Deoxys
|-supereffective|p2a: Deoxys
|-damage|p2a: Deoxys|0 fnt
|faint|p2a: Deoxys
|
|upkeep
|
|t:|1776124451
|switch|p2a: Iron Treads|Iron Treads|100/100
|turn|2
|inactive|mathismathin has 120 seconds left.
|
|t:|1776124484
|move|p2a: Iron Treads|Earthquake|p1a: Gholdengo
|-supereffective|p1a: Gholdengo
|-damage|p1a: Gholdengo|0 fnt
|faint|p1a: Gholdengo
|
|upkeep
|
|t:|1776124487
|switch|p1a: Blaziken|Blaziken, M|100/100
|turn|3
|
|t:|1776124493
|-end|p2a: Iron Treads|Quark Drive|[silent]
|switch|p2a: Ting-Lu|Ting-Lu|100/100
|-ability|p2a: Ting-Lu|Vessel of Ruin
|move|p1a: Blaziken|Protect||[still]
|-fail|p1a: Blaziken
|
|-ability|p1a: Blaziken|Speed Boost|boost
|-boost|p1a: Blaziken|spe|1
|upkeep
|turn|4
|
|t:|1776124500
|move|p1a: Blaziken|Close Combat|p2a: Ting-Lu
|-supereffective|p2a: Ting-Lu
|-damage|p2a: Ting-Lu|24/100
|-unboost|p1a: Blaziken|def|1
|-unboost|p1a: Blaziken|spd|1
|-enditem|p2a: Ting-Lu|Red Card|[of] p1a: Blaziken
|drag|p1a: Zarude|Zarude-Dada|100/100
|move|p2a: Ting-Lu|Stealth Rock|p1a: Zarude
|-sidestart|p1: mathismathin|move: Stealth Rock
|
|upkeep
|turn|5
|inactive|mathismathin has 120 seconds left.
|
|t:|1776124534
|move|p1a: Zarude|Power Whip|p2a: Ting-Lu
|-supereffective|p2a: Ting-Lu
|-damage|p2a: Ting-Lu|0 fnt
|faint|p2a: Ting-Lu
|-damage|p1a: Zarude|91/100|[from] item: Life Orb
|
|upkeep
|
|t:|1776124538
|switch|p2a: Hatterene|Hatterene, F|100/100
|turn|6
|
|t:|1776124545
|move|p1a: Zarude|Swords Dance|p1a: Zarude
|-boost|p1a: Zarude|atk|2
|move|p2a: Hatterene|Draining Kiss|p1a: Zarude
|-supereffective|p1a: Zarude
|-crit|p1a: Zarude
|-damage|p1a: Zarude|13/100
|
|upkeep
|turn|7
|
|t:|1776124552
|move|p1a: Zarude|Power Whip|p2a: Hatterene
|-damage|p2a: Hatterene|0 fnt
|faint|p2a: Hatterene
|-damage|p1a: Zarude|3/100|[from] item: Life Orb
|
|upkeep
|
|t:|1776124557
|switch|p2a: Iron Valiant|Iron Valiant|100/100
|-enditem|p2a: Iron Valiant|Booster Energy
|-activate|p2a: Iron Valiant|ability: Quark Drive|[fromitem]
|-start|p2a: Iron Valiant|quarkdrivespe
|turn|8
|inactive|mathismathin has 120 seconds left.
|
|t:|1776124589
|move|p2a: Iron Valiant|Moonblast|p1a: Zarude
|-supereffective|p1a: Zarude
|-damage|p1a: Zarude|0 fnt
|faint|p1a: Zarude
|
|upkeep
|inactive|mathismathin has 120 seconds left.
|
|t:|1776124594
|switch|p1a: Blaziken|Blaziken, M|100/100
|-damage|p1a: Blaziken|88/100|[from] Stealth Rock
|turn|9
|
|t:|1776124602
|move|p2a: Iron Valiant|Moonblast|p1a: Blaziken
|-damage|p1a: Blaziken|28/100
|-unboost|p1a: Blaziken|spa|1
|move|p1a: Blaziken|Flare Blitz|p2a: Iron Valiant
|-damage|p2a: Iron Valiant|0 fnt
|faint|p2a: Iron Valiant
|-end|p2a: Iron Valiant|Quark Drive|[silent]
|-damage|p1a: Blaziken|0 fnt|[from] Recoil
|faint|p1a: Blaziken
|
|upkeep
|inactive|mathismathin has 120 seconds left.
|
|t:|1776124625
|switch|p2a: Iron Treads|Iron Treads|100/100
|switch|p1a: Lycanroc|Lycanroc-Dusk, F|100/100
|-damage|p1a: Lycanroc|88/100|[from] Stealth Rock
|turn|10
|
|t:|1776124631
|move|p1a: Lycanroc|Close Combat|p2a: Iron Treads
|-supereffective|p2a: Iron Treads
|-damage|p2a: Iron Treads|0 fnt
|-unboost|p1a: Lycanroc|def|1
|-unboost|p1a: Lycanroc|spd|1
|faint|p2a: Iron Treads
|-end|p2a: Iron Treads|Quark Drive|[silent]
|-damage|p1a: Lycanroc|78/100|[from] item: Life Orb
|
|upkeep
|
|t:|1776124635
|switch|p2a: Dragonite|Dragonite, M|100/100
|turn|11
|inactive|mathismathin has 120 seconds left.
|
|t:|1776124679
|move|p1a: Lycanroc|Accelerock|p2a: Dragonite
|-supereffective|p2a: Dragonite
|-damage|p2a: Dragonite|62/100
|-damage|p1a: Lycanroc|68/100|[from] item: Life Orb
|move|p2a: Dragonite|Earthquake|p1a: Lycanroc
|-supereffective|p1a: Lycanroc
|-damage|p1a: Lycanroc|0 fnt
|faint|p1a: Lycanroc
|
|upkeep
|
|t:|1776124681
|switch|p1a: Glimmora|Glimmora, M|100/100
|-damage|p1a: Glimmora|88/100|[from] Stealth Rock
|turn|12
|
|t:|1776124690
|-terastallize|p1a: Glimmora|Ghost
|-terastallize|p2a: Dragonite|Flying
|move|p1a: Glimmora|Meteor Beam||[still]
|-prepare|p1a: Glimmora|Meteor Beam
|-boost|p1a: Glimmora|spa|1
|-enditem|p1a: Glimmora|Power Herb
|-anim|p1a: Glimmora|Meteor Beam|p2a: Dragonite
|-supereffective|p2a: Dragonite
|-damage|p2a: Dragonite|0 fnt
|faint|p2a: Dragonite
|
|win|mathismathin
|raw|mathismathin's rating: 1577 &rarr; <strong>1597</strong><br />(+20 for winning)
|raw|11thtiergbone's rating: 1585 &rarr; <strong>1565</strong><br />(-20 for losing)
|l|☆11thtiergbone
|player|p2|
