|html|<div class="broadcast-blue"><strong>[Gen 9] OU is currently suspecting Tera Blast! For information on how to participate check out the <a href="https://www.smogon.com/tools/suspects/view/200">suspect thread</a>.</strong></div>
|j|☆ledealerderamoloss
|j|☆maxezzz
|t:|1776197719
|gametype|singles
|player|p1|ledealerderamoloss|lance-gen2|1427
|player|p2|maxezzz|waitress|1449
|gen|9
|tier|[Gen 9] OU
|rated|
|rule|HP Percentage Mod: HP is shown in percentages
|rule|Endless Battle Clause: Forcing endless battles is banned
|rule|Species Clause: Limit one of each Pokémon
|rule|OHKO Clause: OHKO moves are banned
|rule|Evasion Items Clause: Evasion items are banned
|rule|Evasion Moves Clause: Evasion moves are banned
|rule|Evasion Abilities Clause: Evasion abilities are banned
|rule|Sleep Moves Clause: Sleep-inducing moves are banned
|clearpoke
|poke|p1|Sinistcha|
|poke|p1|Rillaboom, F|
|poke|p1|Great Tusk|
|poke|p1|Ting-Lu|
|poke|p1|Tornadus-Therian, M|
|poke|p1|Scizor, F|
|poke|p2|Hydreigon, F|
|poke|p2|Ogerpon, F|
|poke|p2|Tinkaton, F|
|poke|p2|Great Tusk|
|poke|p2|Alomomola, M|
|poke|p2|Pecharunt|
|teampreview
|inactive|Battle timer is ON: inactive players will automatically lose when time's up. (requested by maxezzz)
|
|t:|1776197743
|teamsize|p1|6
|teamsize|p2|6
|start
|switch|p1a: Ting-Lu|Ting-Lu|100/100
|switch|p2a: Ogerpon|Ogerpon, F|100/100
|-ability|p1a: Ting-Lu|Vessel of Ruin
|turn|1
|
|t:|1776197748
|switch|p1a: Sinistcha|Sinistcha|100/100
|move|p2a: Ogerpon|U-turn|p1a: Sinistcha
|-damage|p1a: Sinistcha|77/100
|
|t:|1776197757
|switch|p2a: Hydreigon|Hydreigon, F, shiny|100/100|[from] U-turn
|
|upkeep
|turn|2
|
|t:|1776197760
|switch|p1a: Ting-Lu|Ting-Lu|100/100
|-ability|p1a: Ting-Lu|Vessel of Ruin
|move|p2a: Hydreigon|Draco Meteor|p1a: Ting-Lu
|-damage|p1a: Ting-Lu|61/100
|-unboost|p2a: Hydreigon|spa|2
|
|-heal|p1a: Ting-Lu|67/100|[from] item: Leftovers
|upkeep
|turn|3
|inactive|maxezzz has 120 seconds left.
|inactive|maxezzz has 90 seconds left.
|
|t:|1776197823
|switch|p2a: Great Tusk|Great Tusk, shiny|100/100
|move|p1a: Ting-Lu|Spikes|p2a: Great Tusk
|-sidestart|p2: maxezzz|Spikes
|
|-heal|p1a: Ting-Lu|73/100|[from] item: Leftovers
|upkeep
|turn|4
|inactive|maxezzz has 90 seconds left.
|
|t:|1776197834
|switch|p1a: Sinistcha|Sinistcha|77/100
|move|p2a: Great Tusk|Ice Spinner|p1a: Sinistcha
|-supereffective|p1a: Sinistcha
|-damage|p1a: Sinistcha|37/100
|
|upkeep
|turn|5
|inactive|maxezzz has 90 seconds left.
|
|t:|1776197850
|switch|p1a: Tornadus|Tornadus-Therian, M|100/100
|move|p2a: Great Tusk|Ice Spinner|p1a: Tornadus
|-supereffective|p1a: Tornadus
|-damage|p1a: Tornadus|34/100
|
|upkeep
|turn|6
|inactive|maxezzz has 90 seconds left.
|
|t:|1776197858
|-end|p2a: Great Tusk|Protosynthesis|[silent]
|switch|p2a: Alomomola|Alomomola, M, shiny|100/100
|-damage|p2a: Alomomola|88/100|[from] Spikes
|move|p1a: Tornadus|Bleakwind Storm|p2a: Alomomola
|-damage|p2a: Alomomola|66/100
|
|upkeep
|turn|7
|
|t:|1776197863
|move|p1a: Tornadus|U-turn|p2a: Alomomola
|-damage|p2a: Alomomola|56/100
|
|t:|1776197867
|switch|p1a: Rillaboom|Rillaboom, F|100/100|[from] U-turn
|-fieldstart|move: Grassy Terrain|[from] ability: Grassy Surge|[of] p1a: Rillaboom
|move|p2a: Alomomola|Flip Turn|p1a: Rillaboom
|-resisted|p1a: Rillaboom
|-damage|p1a: Rillaboom|91/100
|inactive|maxezzz has 90 seconds left.
|
|t:|1776197902
|switch|p2a: Ogerpon|Ogerpon, F|100/100|[from] Flip Turn
|-damage|p2a: Ogerpon|88/100|[from] Spikes
|
|-heal|p2a: Ogerpon|94/100|[from] Grassy Terrain
|-heal|p1a: Rillaboom|97/100|[from] Grassy Terrain
|upkeep
|turn|8
|
|t:|1776197916
|switch|p1a: Tornadus|Tornadus-Therian, M|67/100
|move|p2a: Ogerpon|U-turn|p1a: Tornadus
|-resisted|p1a: Tornadus
|-damage|p1a: Tornadus|47/100
|
|t:|1776197942
|switch|p2a: Hydreigon|Hydreigon, F, shiny|100/100|[from] U-turn
|
|upkeep
|turn|9
|
|t:|1776197953
|move|p1a: Tornadus|U-turn|p2a: Hydreigon
|-supereffective|p2a: Hydreigon
|-damage|p2a: Hydreigon|64/100
|
|t:|1776197956
|switch|p1a: Ting-Lu|Ting-Lu|73/100|[from] U-turn
|-ability|p1a: Ting-Lu|Vessel of Ruin
|move|p2a: Hydreigon|Draco Meteor|p1a: Ting-Lu
|-damage|p1a: Ting-Lu|35/100
|-unboost|p2a: Hydreigon|spa|2
|
|-heal|p1a: Ting-Lu|41/100|[from] Grassy Terrain
|-heal|p1a: Ting-Lu|47/100|[from] item: Leftovers
|upkeep
|turn|10
|inactive|maxezzz has 60 seconds left.
|
|t:|1776197996
|move|p2a: Hydreigon|Draco Meteor|p1a: Ting-Lu
|-damage|p1a: Ting-Lu|26/100
|-unboost|p2a: Hydreigon|spa|2
|move|p1a: Ting-Lu|Spikes|p2a: Hydreigon
|-sidestart|p2: maxezzz|Spikes
|
|-heal|p1a: Ting-Lu|32/100|[from] Grassy Terrain
|-heal|p1a: Ting-Lu|38/100|[from] item: Leftovers
|upkeep
|turn|11
|
|t:|1776198005
|switch|p2a: Great Tusk|Great Tusk, shiny|100/100
|move|p1a: Ting-Lu|Spikes|p2a: Great Tusk
|-sidestart|p2: maxezzz|Spikes
|
|-heal|p1a: Ting-Lu|44/100|[from] Grassy Terrain
|-heal|p1a: Ting-Lu|51/100|[from] item: Leftovers
|-fieldend|move: Grassy Terrain
|upkeep
|turn|12
|
|t:|1776198012
|switch|p1a: Sinistcha|Sinistcha|37/100
|move|p2a: Great Tusk|Ice Spinner|p1a: Sinistcha
|-supereffective|p1a: Sinistcha
|-damage|p1a: Sinistcha|0 fnt
|faint|p1a: Sinistcha
|
|upkeep
|
|t:|1776198017
|switch|p1a: Rillaboom|Rillaboom, F|97/100
|-fieldstart|move: Grassy Terrain|[from] ability: Grassy Surge|[of] p1a: Rillaboom
|turn|13
|
|t:|1776198022
|-end|p2a: Great Tusk|Protosynthesis|[silent]
|switch|p2a: Pecharunt|Pecharunt|100/100
|move|p1a: Rillaboom|Wood Hammer|p2a: Pecharunt
|-resisted|p2a: Pecharunt
|-damage|p2a: Pecharunt|72/100
|-damage|p1a: Rillaboom|86/100|[from] Recoil
|
|-heal|p1a: Rillaboom|93/100|[from] Grassy Terrain
|-heal|p2a: Pecharunt|78/100|[from] Grassy Terrain
|upkeep
|turn|14
|
|t:|1776198035
|move|p1a: Rillaboom|Wood Hammer|p2a: Pecharunt
|-resisted|p2a: Pecharunt
|-damage|p2a: Pecharunt|47/100
|-damage|p1a: Rillaboom|81/100|[from] Recoil
|move|p2a: Pecharunt|Parting Shot|p1a: Rillaboom
|-unboost|p1a: Rillaboom|atk|1
|-unboost|p1a: Rillaboom|spa|1
|inactive|maxezzz has 60 seconds left.
|
|t:|1776198071
|switch|p2a: Tinkaton|Tinkaton, F|100/100|[from] Parting Shot
|-ability|p2a: Tinkaton|Mold Breaker
|-item|p2a: Tinkaton|Air Balloon
|
|-heal|p1a: Rillaboom|87/100|[from] Grassy Terrain
|upkeep
|turn|15
|
|t:|1776198078
|switch|p1a: Great Tusk|Great Tusk|100/100
|move|p2a: Tinkaton|Stealth Rock|p1a: Great Tusk
|-sidestart|p1: ledealerderamoloss|move: Stealth Rock
|
|upkeep
|turn|16
|
|t:|1776198096
|switch|p2a: Pecharunt|Pecharunt|47/100
|-end|p1a: Great Tusk|Protosynthesis|[silent]
|switch|p1a: Tornadus|Tornadus-Therian, M|80/100
|
|-heal|p2a: Pecharunt|53/100|[from] Grassy Terrain
|upkeep
|turn|17
|
|t:|1776198112
|move|p1a: Tornadus|Knock Off|p2a: Pecharunt
|-supereffective|p2a: Pecharunt
|-damage|p2a: Pecharunt|34/100
|-enditem|p2a: Pecharunt|Heavy-Duty Boots|[from] move: Knock Off|[of] p1a: Tornadus
|move|p2a: Pecharunt|Toxic|p1a: Tornadus
|-status|p1a: Tornadus|tox
|-start|p1a: Tornadus|confusion|[from] ability: Poison Puppeteer|[of] p2a: Pecharunt
|
|-heal|p2a: Pecharunt|40/100|[from] Grassy Terrain
|-damage|p1a: Tornadus|74/100 tox|[from] psn
|-fieldend|move: Grassy Terrain
|upkeep
|turn|18
|
|t:|1776198124
|-activate|p1a: Tornadus|confusion
|move|p1a: Tornadus|U-turn|p2a: Pecharunt
|-resisted|p2a: Pecharunt
|-damage|p2a: Pecharunt|38/100
|
|t:|1776198132
|switch|p1a: Scizor|Scizor, F|100/100|[from] U-turn
|-damage|p1a: Scizor|88/100|[from] Stealth Rock
|move|p2a: Pecharunt|Recover|p2a: Pecharunt
|-heal|p2a: Pecharunt|88/100
|
|upkeep
|turn|19
|inactive|maxezzz has 60 seconds left.
|
|t:|1776198150
|move|p2a: Pecharunt|Parting Shot|p1a: Scizor
|-unboost|p1a: Scizor|atk|1
|-unboost|p1a: Scizor|spa|1
|
|t:|1776198153
|switch|p2a: Great Tusk|Great Tusk, shiny|100/100|[from] Parting Shot
|move|p1a: Scizor|U-turn|p2a: Great Tusk
|-resisted|p2a: Great Tusk
|-damage|p2a: Great Tusk|87/100
|
|t:|1776198157
|switch|p1a: Rillaboom|Rillaboom, F|87/100|[from] U-turn
|-damage|p1a: Rillaboom|75/100|[from] Stealth Rock
|-fieldstart|move: Grassy Terrain|[from] ability: Grassy Surge|[of] p1a: Rillaboom
|
|-heal|p2a: Great Tusk|93/100|[from] Grassy Terrain
|-heal|p1a: Rillaboom|81/100|[from] Grassy Terrain
|upkeep
|turn|20
|
|t:|1776198167
|-end|p2a: Great Tusk|Protosynthesis|[silent]
|switch|p2a: Pecharunt|Pecharunt|88/100
|-damage|p2a: Pecharunt|63/100|[from] Spikes
|move|p1a: Rillaboom|Grassy Glide|p2a: Pecharunt
|-resisted|p2a: Pecharunt
|-damage|p2a: Pecharunt|49/100
|
|-heal|p1a: Rillaboom|87/100|[from] Grassy Terrain
|-heal|p2a: Pecharunt|55/100|[from] Grassy Terrain
|upkeep
|turn|21
|
|t:|1776198178
|switch|p1a: Scizor|Scizor, F|88/100
|-damage|p1a: Scizor|76/100|[from] Stealth Rock
|move|p2a: Pecharunt|Recover|p2a: Pecharunt
|-heal|p2a: Pecharunt|100/100
|
|-heal|p1a: Scizor|82/100|[from] Grassy Terrain
|upkeep
|turn|22
|
|t:|1776198187
|move|p2a: Pecharunt|Foul Play|p1a: Scizor
|-damage|p1a: Scizor|39/100
|move|p1a: Scizor|U-turn|p2a: Pecharunt
|-resisted|p2a: Pecharunt
|-damage|p2a: Pecharunt|94/100
|
|t:|1776198191
|switch|p1a: Great Tusk|Great Tusk|100/100|[from] U-turn
|
|-heal|p2a: Pecharunt|99/100|[from] Grassy Terrain
|upkeep
|turn|23
|inactive|maxezzz has 90 seconds left.
|
|t:|1776198197
|move|p1a: Great Tusk|Headlong Rush|p2a: Pecharunt
|-supereffective|p2a: Pecharunt
|-damage|p2a: Pecharunt|52/100
|-unboost|p1a: Great Tusk|def|1
|-unboost|p1a: Great Tusk|spd|1
|move|p2a: Pecharunt|Toxic|p1a: Great Tusk
|-status|p1a: Great Tusk|tox
|-start|p1a: Great Tusk|confusion|[from] ability: Poison Puppeteer|[of] p2a: Pecharunt
|
|-heal|p2a: Pecharunt|58/100|[from] Grassy Terrain
|-damage|p1a: Great Tusk|94/100 tox|[from] psn
|-fieldend|move: Grassy Terrain
|upkeep
|turn|24
|
|t:|1776198205
|-activate|p1a: Great Tusk|confusion
|move|p1a: Great Tusk|Stealth Rock|p2a: Pecharunt
|-sidestart|p2: maxezzz|move: Stealth Rock
|move|p2a: Pecharunt|Recover|p2a: Pecharunt
|-heal|p2a: Pecharunt|100/100
|
|-damage|p1a: Great Tusk|82/100 tox|[from] psn
|upkeep
|turn|25
|
|t:|1776198223
|-end|p1a: Great Tusk|Protosynthesis|[silent]
|switch|p1a: Ting-Lu|Ting-Lu|51/100
|-damage|p1a: Ting-Lu|44/100|[from] Stealth Rock
|-ability|p1a: Ting-Lu|Vessel of Ruin
|switch|p2a: Tinkaton|Tinkaton, F|100/100
|-damage|p2a: Tinkaton|94/100|[from] Stealth Rock
|-ability|p2a: Tinkaton|Mold Breaker
|-item|p2a: Tinkaton|Air Balloon
|
|-heal|p1a: Ting-Lu|51/100|[from] item: Leftovers
|upkeep
|turn|26
|
|t:|1776198231
|move|p2a: Tinkaton|Gigaton Hammer|p1a: Ting-Lu
|-damage|p1a: Ting-Lu|18/100
|move|p1a: Ting-Lu|Whirlwind|p2a: Tinkaton
|drag|p2a: Hydreigon|Hydreigon, F, shiny|64/100
|-damage|p2a: Hydreigon|52/100|[from] Stealth Rock
|
|-heal|p1a: Ting-Lu|24/100|[from] item: Leftovers
|upkeep
|turn|27
|
|t:|1776198239
|move|p2a: Hydreigon|Draco Meteor|p1a: Ting-Lu
|-damage|p1a: Ting-Lu|0 fnt
|-unboost|p2a: Hydreigon|spa|2
|faint|p1a: Ting-Lu
|
|upkeep
|
|t:|1776198243
|switch|p1a: Scizor|Scizor, F|39/100
|-damage|p1a: Scizor|27/100|[from] Stealth Rock
|turn|28
|inactive|maxezzz has 120 seconds left.
|
|t:|1776198252
|move|p1a: Scizor|Bullet Punch|p2a: Hydreigon
|-damage|p2a: Hydreigon|0 fnt
|faint|p2a: Hydreigon
|
|upkeep
|
|t:|1776198257
|switch|p2a: Great Tusk|Great Tusk, shiny|93/100
|turn|29
|
|t:|1776198264
|switch|p1a: Tornadus|Tornadus-Therian, M|100/100 tox
|move|p2a: Great Tusk|Rapid Spin|p1a: Tornadus
|-damage|p1a: Tornadus|80/100 tox
|-boost|p2a: Great Tusk|spe|1
|-sideend|p2: maxezzz|Spikes|[from] move: Rapid Spin|[of] p2a: Great Tusk
|-sideend|p2: maxezzz|Stealth Rock|[from] move: Rapid Spin|[of] p2a: Great Tusk
|
|-damage|p1a: Tornadus|74/100 tox|[from] psn
|upkeep
|turn|30
|
|t:|1776198284
|-end|p2a: Great Tusk|Protosynthesis|[silent]
|switch|p2a: Alomomola|Alomomola, M, shiny|90/100
|move|p1a: Tornadus|U-turn|p2a: Alomomola
|-damage|p2a: Alomomola|80/100
|
|t:|1776198286
|switch|p1a: Rillaboom|Rillaboom, F|87/100|[from] U-turn
|-damage|p1a: Rillaboom|75/100|[from] Stealth Rock
|-fieldstart|move: Grassy Terrain|[from] ability: Grassy Surge|[of] p1a: Rillaboom
|
|-heal|p1a: Rillaboom|81/100|[from] Grassy Terrain
|-heal|p2a: Alomomola|86/100|[from] Grassy Terrain
|upkeep
|turn|31
|
|t:|1776198295
|switch|p2a: Tinkaton|Tinkaton, F|94/100
|-ability|p2a: Tinkaton|Mold Breaker
|-item|p2a: Tinkaton|Air Balloon
|move|p1a: Rillaboom|Knock Off|p2a: Tinkaton
|-resisted|p2a: Tinkaton
|-damage|p2a: Tinkaton|55/100
|-enditem|p2a: Tinkaton|Air Balloon
|
|-heal|p2a: Tinkaton|62/100|[from] Grassy Terrain
|-heal|p1a: Rillaboom|87/100|[from] Grassy Terrain
|upkeep
|turn|32
|
|t:|1776198306
|switch|p1a: Great Tusk|Great Tusk|82/100 tox
|move|p2a: Tinkaton|Gigaton Hammer|p1a: Great Tusk
|-damage|p1a: Great Tusk|46/100 tox
|
|-heal|p2a: Tinkaton|68/100|[from] Grassy Terrain
|-heal|p1a: Great Tusk|52/100 tox|[from] Grassy Terrain
|-damage|p1a: Great Tusk|46/100 tox|[from] psn
|upkeep
|turn|33
|inactive|maxezzz has 120 seconds left.
|
|t:|1776198351
|switch|p2a: Alomomola|Alomomola, M, shiny|100/100
|move|p1a: Great Tusk|Rapid Spin|p2a: Alomomola
|-damage|p2a: Alomomola|91/100
|-boost|p1a: Great Tusk|spe|1
|-sideend|p1: ledealerderamoloss|Stealth Rock|[from] move: Rapid Spin|[of] p1a: Great Tusk
|
|-heal|p1a: Great Tusk|52/100 tox|[from] Grassy Terrain
|-heal|p2a: Alomomola|97/100|[from] Grassy Terrain
|-damage|p1a: Great Tusk|40/100 tox|[from] psn
|upkeep
|turn|34
|
|t:|1776198356
|-end|p1a: Great Tusk|Protosynthesis|[silent]
|switch|p1a: Rillaboom|Rillaboom, F|87/100
|move|p2a: Alomomola|Flip Turn|p1a: Rillaboom
|-resisted|p1a: Rillaboom
|-damage|p1a: Rillaboom|79/100
|inactive|maxezzz has 120 seconds left.
|
|t:|1776198363
|switch|p2a: Pecharunt|Pecharunt|100/100|[from] Flip Turn
|
|-heal|p1a: Rillaboom|85/100|[from] Grassy Terrain
|-fieldend|move: Grassy Terrain
|upkeep
|turn|35
|
|t:|1776198367
|move|p1a: Rillaboom|Knock Off|p2a: Pecharunt
|-supereffective|p2a: Pecharunt
|-damage|p2a: Pecharunt|66/100
|move|p2a: Pecharunt|Parting Shot|p1a: Rillaboom
|-unboost|p1a: Rillaboom|atk|1
|-unboost|p1a: Rillaboom|spa|1
|
|t:|1776198377
|switch|p2a: Ogerpon|Ogerpon, F|94/100|[from] Parting Shot
|
|upkeep
|turn|36
|
|t:|1776198381
|switch|p1a: Tornadus|Tornadus-Therian, M|100/100 tox
|move|p2a: Ogerpon|U-turn|p1a: Tornadus
|-resisted|p1a: Tornadus
|-damage|p1a: Tornadus|82/100 tox
|inactive|maxezzz has 120 seconds left.
|
|t:|1776198410
|switch|p2a: Alomomola|Alomomola, M, shiny|100/100|[from] U-turn
|
|-damage|p1a: Tornadus|76/100 tox|[from] psn
|upkeep
|turn|37
|
|t:|1776198414
|move|p1a: Tornadus|Bleakwind Storm|p2a: Alomomola
|-damage|p2a: Alomomola|82/100
|move|p2a: Alomomola|Flip Turn|p1a: Tornadus
|-damage|p1a: Tornadus|59/100 tox
|inactive|maxezzz has 120 seconds left.
|
|t:|1776198436
|switch|p2a: Ogerpon|Ogerpon, F|94/100|[from] Flip Turn
|
|-damage|p1a: Tornadus|47/100 tox|[from] psn
|upkeep
|turn|38
|
|t:|1776198447
|-terastallize|p2a: Ogerpon|Grass
|detailschange|p2a: Ogerpon|Ogerpon-Teal-Tera, F, tera:Grass
|-ability|p2a: Ogerpon|Embody Aspect (Teal)|boost
|-boost|p2a: Ogerpon|spe|1
|move|p2a: Ogerpon|Ivy Cudgel|p1a: Tornadus
|-resisted|p1a: Tornadus
|-damage|p1a: Tornadus|0 fnt
|faint|p1a: Tornadus
|
|upkeep
|
|t:|1776198451
|switch|p1a: Scizor|Scizor, F|27/100
|turn|39
|
|t:|1776198454
|move|p1a: Scizor|Bullet Punch|p2a: Ogerpon
|-damage|p2a: Ogerpon|26/100
|move|p2a: Ogerpon|Ivy Cudgel|p1a: Scizor
|-resisted|p1a: Scizor
|-damage|p1a: Scizor|1/100
|
|upkeep
|turn|40
|
|t:|1776198459
|switch|p2a: Alomomola|Alomomola, M, shiny|100/100
|move|p1a: Scizor|Bullet Punch|p2a: Alomomola
|-resisted|p2a: Alomomola
|-damage|p2a: Alomomola|84/100
|
|upkeep
|turn|41
|
|t:|1776198464
|switch|p1a: Rillaboom|Rillaboom, F|85/100
|-fieldstart|move: Grassy Terrain|[from] ability: Grassy Surge|[of] p1a: Rillaboom
|move|p2a: Alomomola|Flip Turn|p1a: Rillaboom
|-resisted|p1a: Rillaboom
|-damage|p1a: Rillaboom|76/100
|
|t:|1776198474
|switch|p2a: Tinkaton|Tinkaton, F|68/100|[from] Flip Turn
|-ability|p2a: Tinkaton|Mold Breaker
|
|-heal|p2a: Tinkaton|74/100|[from] Grassy Terrain
|-heal|p1a: Rillaboom|82/100|[from] Grassy Terrain
|upkeep
|turn|42
|
|t:|1776198478
|move|p2a: Tinkaton|Thunder Wave|p1a: Rillaboom
|-status|p1a: Rillaboom|par
|move|p1a: Rillaboom|Wood Hammer|p2a: Tinkaton
|-resisted|p2a: Tinkaton
|-damage|p2a: Tinkaton|0 fnt
|faint|p2a: Tinkaton
|-damage|p1a: Rillaboom|60/100 par|[from] Recoil
|
|-heal|p1a: Rillaboom|66/100 par|[from] Grassy Terrain
|upkeep
|
|t:|1776198488
|switch|p2a: Ogerpon|Ogerpon-Teal-Tera, F, tera:Grass|26/100
|-ability|p2a: Ogerpon|Embody Aspect (Teal)|boost
|-boost|p2a: Ogerpon|spe|1
|turn|43
|
|t:|1776198492
|move|p2a: Ogerpon|U-turn|p1a: Rillaboom
|-supereffective|p1a: Rillaboom
|-damage|p1a: Rillaboom|0 fnt
|faint|p1a: Rillaboom
|
|t:|1776198499
|switch|p2a: Alomomola|Alomomola, M, shiny|100/100|[from] U-turn
|
|upkeep
|
|t:|1776198504
|switch|p1a: Scizor|Scizor, F|1/100
|turn|44
|
|t:|1776198507
|move|p1a: Scizor|U-turn|p2a: Alomomola
|-damage|p2a: Alomomola|64/100
|
|t:|1776198514
|switch|p1a: Great Tusk|Great Tusk|40/100 tox|[from] U-turn
|move|p2a: Alomomola|Flip Turn|p1a: Great Tusk
|-supereffective|p1a: Great Tusk
|-damage|p1a: Great Tusk|18/100 tox
|
|t:|1776198519
|switch|p2a: Ogerpon|Ogerpon-Teal-Tera, F, tera:Grass|26/100|[from] Flip Turn
|-ability|p2a: Ogerpon|Embody Aspect (Teal)|boost
|-boost|p2a: Ogerpon|spe|1
|
|-heal|p2a: Ogerpon|32/100|[from] Grassy Terrain
|-heal|p1a: Great Tusk|24/100 tox|[from] Grassy Terrain
|-damage|p1a: Great Tusk|18/100 tox|[from] psn
|upkeep
|turn|45
|
|t:|1776198531
|move|p2a: Ogerpon|Ivy Cudgel|p1a: Great Tusk
|-supereffective|p1a: Great Tusk
|-damage|p1a: Great Tusk|0 fnt
|faint|p1a: Great Tusk
|-end|p1a: Great Tusk|Protosynthesis|[silent]
|
|-heal|p2a: Ogerpon|38/100|[from] Grassy Terrain
|-fieldend|move: Grassy Terrain
|upkeep
|
|t:|1776198534
|switch|p1a: Scizor|Scizor, F|1/100
|turn|46
|
|t:|1776198537
|switch|p2a: Alomomola|Alomomola, M, shiny|97/100
|-terastallize|p1a: Scizor|Steel
|move|p1a: Scizor|Bullet Punch|p2a: Alomomola
|-resisted|p2a: Alomomola
|-damage|p2a: Alomomola|75/100
|
|upkeep
|turn|47
|
|t:|1776198541
|move|p1a: Scizor|Bullet Punch|p2a: Alomomola
|-resisted|p2a: Alomomola
|-damage|p2a: Alomomola|52/100
|move|p2a: Alomomola|Aqua Jet|p1a: Scizor
|-damage|p1a: Scizor|0 fnt
|faint|p1a: Scizor
|
|win|maxezzz
|raw|ledealerderamoloss's rating: 1427 &rarr; <strong>1408</strong><br />(-19 for losing)
|raw|maxezzz's rating: 1449 &rarr; <strong>1468</strong><br />(+19 for winning)
|c|☆ledealerderamoloss|gg
|c|☆maxezzz|Ggs
