|html|<div class="broadcast-blue"><strong>[Gen 9] OU is currently suspecting Tera Blast! For information on how to participate check out the <a href="https://www.smogon.com/tools/suspects/view/200">suspect thread</a>.</strong></div>
|j|☆PinkPanther080129
|j|☆Gameboyrob
|t:|1776064324
|gametype|singles
|player|p1|PinkPanther080129|teamrocket|1491
|player|p2|Gameboyrob|petrel|1490
|gen|9
|tier|[Gen 9] OU
|rated|
|rule|HP Percentage Mod: HP is shown in percentages
|rule|Endless Battle Clause: Forcing endless battles is banned
|rule|Species Clause: Limit one of each Pokémon
|rule|OHKO Clause: OHKO moves are banned
|rule|Evasion Items Clause: Evasion items are banned
|rule|Evasion Moves Clause: Evasion moves are banned
|rule|Evasion Abilities Clause: Evasion abilities are banned
|rule|Sleep Moves Clause: Sleep-inducing moves are banned
|clearpoke
|poke|p1|Slowking-Galar, M|
|poke|p1|Ogerpon-Wellspring, F|
|poke|p1|Dragapult, M|
|poke|p1|Iron Valiant|
|poke|p1|Corviknight, M|
|poke|p1|Ting-Lu|
|poke|p2|Ninetales, F|
|poke|p2|Ceruledge, F|
|poke|p2|Venusaur, F|
|poke|p2|Hatterene, F|
|poke|p2|Great Tusk|
|poke|p2|Walking Wake|
|teampreview
|inactive|Battle timer is ON: inactive players will automatically lose when time's up. (requested by Gameboyrob)
|inactive|PinkPanther080129 also wants the timer to be on.
|
|t:|1776064330
|teamsize|p1|6
|teamsize|p2|6
|start
|switch|p1a: Slowking|Slowking-Galar, M|100/100
|switch|p2a: Kurama Chakra Mode|Ninetales, F|100/100
|-weather|SunnyDay|[from] ability: Drought|[of] p2a: Kurama Chakra Mode
|turn|1
|
|t:|1776064338
|switch|p2a: Lynrd Spynrd|Great Tusk|100/100
|-activate|p2a: Lynrd Spynrd|ability: Protosynthesis
|-start|p2a: Lynrd Spynrd|protosynthesisspe
|-prepare|p1a: Slowking|Chilly Reception|[premajor]
|move|p1a: Slowking|Chilly Reception|p1a: Slowking
|-weather|Snowscape
|-end|p2a: Lynrd Spynrd|Protosynthesis
|
|t:|1776064349
|switch|p1a: Ogerpon|Ogerpon-Wellspring, F|100/100|[from] Chilly Reception
|
|-weather|Snowscape|[upkeep]
|upkeep
|turn|2
|
|t:|1776064366
|-end|p2a: Lynrd Spynrd|Protosynthesis|[silent]
|switch|p2a: Die w A Smile|Hatterene, F|100/100
|move|p1a: Ogerpon|U-turn|p2a: Die w A Smile
|-damage|p2a: Die w A Smile|78/100
|-enditem|p2a: Die w A Smile|Eject Button
|
|t:|1776064371
|switch|p2a: Kurama Chakra Mode|Ninetales, F|100/100
|-weather|SunnyDay|[from] ability: Drought|[of] p2a: Kurama Chakra Mode
|
|-weather|SunnyDay|[upkeep]
|upkeep
|turn|3
|
|t:|1776064384
|switch|p2a: Lynrd Spynrd|Great Tusk|100/100
|-activate|p2a: Lynrd Spynrd|ability: Protosynthesis
|-start|p2a: Lynrd Spynrd|protosynthesisspe
|move|p1a: Ogerpon|U-turn|p2a: Lynrd Spynrd
|-resisted|p2a: Lynrd Spynrd
|-damage|p2a: Lynrd Spynrd|92/100
|-damage|p1a: Ogerpon|84/100|[from] item: Rocky Helmet|[of] p2a: Lynrd Spynrd
|
|t:|1776064400
|switch|p1a: Corviknight|Corviknight, M|100/100|[from] U-turn
|-ability|p1a: Corviknight|Pressure
|
|-weather|SunnyDay|[upkeep]
|upkeep
|turn|4
|
|t:|1776064408
|move|p2a: Lynrd Spynrd|Stealth Rock|p1a: Corviknight
|-sidestart|p1: PinkPanther080129|move: Stealth Rock
|move|p1a: Corviknight|U-turn|p2a: Lynrd Spynrd
|-resisted|p2a: Lynrd Spynrd
|-damage|p2a: Lynrd Spynrd|88/100
|-damage|p1a: Corviknight|84/100|[from] item: Rocky Helmet|[of] p2a: Lynrd Spynrd
|
|t:|1776064420
|switch|p1a: Ting-Lu|Ting-Lu|100/100|[from] U-turn
|-damage|p1a: Ting-Lu|94/100|[from] Stealth Rock
|-ability|p1a: Ting-Lu|Vessel of Ruin
|
|-weather|SunnyDay|[upkeep]
|-heal|p1a: Ting-Lu|100/100|[from] item: Leftovers
|upkeep
|turn|5
|
|t:|1776064430
|move|p2a: Lynrd Spynrd|Knock Off|p1a: Ting-Lu
|-resisted|p1a: Ting-Lu
|-damage|p1a: Ting-Lu|93/100
|-enditem|p1a: Ting-Lu|Leftovers|[from] move: Knock Off|[of] p2a: Lynrd Spynrd
|move|p1a: Ting-Lu|Ruination|p2a: Lynrd Spynrd
|-damage|p2a: Lynrd Spynrd|44/100
|
|-weather|SunnyDay|[upkeep]
|upkeep
|turn|6
|
|t:|1776064452
|-end|p2a: Lynrd Spynrd|Protosynthesis|[silent]
|switch|p2a: Slayboi Carti|Ceruledge, F|100/100
|move|p1a: Ting-Lu|Earthquake|p2a: Slayboi Carti
|-supereffective|p2a: Slayboi Carti
|-enditem|p2a: Slayboi Carti|Focus Sash
|-damage|p2a: Slayboi Carti|1/100
|-ability|p2a: Slayboi Carti|Weak Armor|boost
|-unboost|p2a: Slayboi Carti|def|1
|-boost|p2a: Slayboi Carti|spe|2
|
|-weather|SunnyDay|[upkeep]
|upkeep
|turn|7
|
|t:|1776064462
|move|p2a: Slayboi Carti|Solar Blade||[still]
|-prepare|p2a: Slayboi Carti|Solar Blade
|-anim|p2a: Slayboi Carti|Solar Blade|p1a: Ting-Lu
|-supereffective|p1a: Ting-Lu
|-damage|p1a: Ting-Lu|48/100
|move|p1a: Ting-Lu|Earthquake|p2a: Slayboi Carti
|-supereffective|p2a: Slayboi Carti
|-damage|p2a: Slayboi Carti|0 fnt
|faint|p2a: Slayboi Carti
|
|-weather|SunnyDay|[upkeep]
|upkeep
|
|t:|1776064467
|switch|p2a: Venu Vidi Vici|Venusaur, F|100/100
|turn|8
|
|t:|1776064478
|move|p2a: Venu Vidi Vici|Giga Drain|p1a: Ting-Lu
|-supereffective|p1a: Ting-Lu
|-damage|p1a: Ting-Lu|7/100
|-damage|p2a: Venu Vidi Vici|91/100|[from] item: Life Orb
|move|p1a: Ting-Lu|Whirlwind|p2a: Venu Vidi Vici
|drag|p2a: Dubya|Walking Wake|100/100
|-activate|p2a: Dubya|ability: Protosynthesis
|-start|p2a: Dubya|protosynthesisspa
|
|-weather|SunnyDay|[upkeep]
|upkeep
|turn|9
|
|t:|1776064506
|-end|p2a: Dubya|Protosynthesis|[silent]
|switch|p2a: Lynrd Spynrd|Great Tusk|44/100
|-activate|p2a: Lynrd Spynrd|ability: Protosynthesis
|-start|p2a: Lynrd Spynrd|protosynthesisspe
|move|p1a: Ting-Lu|Ruination|p2a: Lynrd Spynrd
|-damage|p2a: Lynrd Spynrd|22/100
|
|-weather|none
|-end|p2a: Lynrd Spynrd|Protosynthesis
|upkeep
|turn|10
|
|t:|1776064518
|move|p2a: Lynrd Spynrd|Rapid Spin|p1a: Ting-Lu
|-damage|p1a: Ting-Lu|0 fnt
|-boost|p2a: Lynrd Spynrd|spe|1
|faint|p1a: Ting-Lu
|
|upkeep
|
|t:|1776064522
|switch|p1a: Corviknight|Corviknight, M|84/100
|-damage|p1a: Corviknight|71/100|[from] Stealth Rock
|-ability|p1a: Corviknight|Pressure
|turn|11
|
|t:|1776064529
|-end|p2a: Lynrd Spynrd|Protosynthesis|[silent]
|switch|p2a: Kurama Chakra Mode|Ninetales, F|100/100
|-weather|SunnyDay|[from] ability: Drought|[of] p2a: Kurama Chakra Mode
|move|p1a: Corviknight|Defog|p2a: Kurama Chakra Mode
|-unboost|p2a: Kurama Chakra Mode|evasion|1
|-sideend|p1: PinkPanther080129|Stealth Rock|[from] move: Defog|[of] p1a: Corviknight
|
|-weather|SunnyDay|[upkeep]
|upkeep
|turn|12
|
|t:|1776064551
|switch|p2a: Venu Vidi Vici|Venusaur, F|91/100
|switch|p1a: Slowking|Slowking-Galar, M|100/100
|
|-weather|SunnyDay|[upkeep]
|upkeep
|turn|13
|
|t:|1776064563
|move|p2a: Venu Vidi Vici|Growth|p2a: Venu Vidi Vici
|-boost|p2a: Venu Vidi Vici|atk|2
|-boost|p2a: Venu Vidi Vici|spa|2
|-prepare|p1a: Slowking|Chilly Reception|[premajor]
|move|p1a: Slowking|Chilly Reception|p1a: Slowking
|-weather|Snowscape
|
|t:|1776064574
|switch|p1a: Dragapult|Dragapult, M|100/100|[from] Chilly Reception
|
|-weather|Snowscape|[upkeep]
|upkeep
|turn|14
|
|t:|1776064583
|move|p1a: Dragapult|Flamethrower|p2a: Venu Vidi Vici
|-supereffective|p2a: Venu Vidi Vici
|-damage|p2a: Venu Vidi Vici|0 fnt
|faint|p2a: Venu Vidi Vici
|
|-weather|Snowscape|[upkeep]
|upkeep
|
|t:|1776064590
|switch|p2a: Dubya|Walking Wake|100/100
|turn|15
|
|t:|1776064605
|switch|p1a: Corviknight|Corviknight, M|71/100
|-ability|p1a: Corviknight|Pressure
|move|p2a: Dubya|Flamethrower|p1a: Corviknight
|-supereffective|p1a: Corviknight
|-damage|p1a: Corviknight|0 fnt
|faint|p1a: Corviknight
|
|-weather|Snowscape|[upkeep]
|upkeep
|
|t:|1776064613
|switch|p1a: Slowking|Slowking-Galar, M|100/100
|turn|16
|
|t:|1776064624
|-end|p2a: Dubya|Protosynthesis|[silent]
|switch|p2a: Die w A Smile|Hatterene, F|78/100
|move|p1a: Slowking|Psychic Noise|p2a: Die w A Smile
|-resisted|p2a: Die w A Smile
|-damage|p2a: Die w A Smile|65/100
|-start|p2a: Die w A Smile|move: Heal Block
|
|-weather|Snowscape|[upkeep]
|upkeep
|turn|17
|
|t:|1776064632
|move|p2a: Die w A Smile|Trick|p1a: Slowking
|-activate|p2a: Die w A Smile|move: Trick|[of] p1a: Slowking
|-enditem|p1a: Slowking|Heavy-Duty Boots|[silent]|[from] move: Trick
|-item|p2a: Die w A Smile|Heavy-Duty Boots|[from] move: Trick
|move|p1a: Slowking|Future Sight|p2a: Die w A Smile
|-start|p1a: Slowking|move: Future Sight
|
|-weather|none
|-end|p2a: Die w A Smile|move: Heal Block
|upkeep
|turn|18
|
|t:|1776064645
|move|p2a: Die w A Smile|Psychic Noise|p1a: Slowking
|-damage|p1a: Slowking|82/100
|-start|p1a: Slowking|move: Heal Block
|move|p1a: Slowking|Psychic Noise|p2a: Die w A Smile
|-resisted|p2a: Die w A Smile
|-damage|p2a: Die w A Smile|50/100
|-start|p2a: Die w A Smile|move: Heal Block
|
|upkeep
|turn|19
|
|t:|1776064656
|move|p2a: Die w A Smile|Psychic Noise|p1a: Slowking
|-damage|p1a: Slowking|61/100
|move|p1a: Slowking|Psychic Noise|p2a: Die w A Smile
|-resisted|p2a: Die w A Smile
|-damage|p2a: Die w A Smile|37/100
|
|-end|p2a: Die w A Smile|move: Future Sight
|-resisted|p2a: Die w A Smile
|-damage|p2a: Die w A Smile|16/100
|-end|p2a: Die w A Smile|move: Heal Block
|-end|p1a: Slowking|move: Heal Block
|upkeep
|turn|20
|
|t:|1776064662
|move|p2a: Die w A Smile|Healing Wish|p2a: Die w A Smile
|faint|p2a: Die w A Smile
|move|p1a: Slowking|Psychic Noise|p2: Die w A Smile|[notarget]
|-fail|p1a: Slowking
|
|upkeep
|
|t:|1776064676
|switch|p2a: Lynrd Spynrd|Great Tusk|22/100
|-heal|p2a: Lynrd Spynrd|100/100|[from] move: Healing Wish
|turn|21
|
|t:|1776064691
|switch|p1a: Dragapult|Dragapult, M|100/100
|move|p2a: Lynrd Spynrd|Stealth Rock|p1a: Dragapult
|-sidestart|p1: PinkPanther080129|move: Stealth Rock
|
|upkeep
|turn|22
|
|t:|1776064707
|-end|p2a: Lynrd Spynrd|Protosynthesis|[silent]
|switch|p2a: Kurama Chakra Mode|Ninetales, F|100/100
|-weather|SunnyDay|[from] ability: Drought|[of] p2a: Kurama Chakra Mode
|move|p1a: Dragapult|Draco Meteor|p2a: Kurama Chakra Mode
|-damage|p2a: Kurama Chakra Mode|18/100
|-unboost|p1a: Dragapult|spa|2
|
|-weather|SunnyDay|[upkeep]
|upkeep
|turn|23
|
|t:|1776064717
|switch|p2a: Lynrd Spynrd|Great Tusk|100/100
|-activate|p2a: Lynrd Spynrd|ability: Protosynthesis
|-start|p2a: Lynrd Spynrd|protosynthesisspe
|move|p1a: Dragapult|Draco Meteor|p2a: Lynrd Spynrd
|-damage|p2a: Lynrd Spynrd|43/100
|-unboost|p1a: Dragapult|spa|2
|
|-weather|SunnyDay|[upkeep]
|upkeep
|turn|24
|
|t:|1776064735
|switch|p1a: Slowking|Slowking-Galar, M|94/100
|-damage|p1a: Slowking|81/100|[from] Stealth Rock
|move|p2a: Lynrd Spynrd|Knock Off|p1a: Slowking
|-supereffective|p1a: Slowking
|-damage|p1a: Slowking|39/100
|
|-weather|SunnyDay|[upkeep]
|upkeep
|turn|25
|
|t:|1776064742
|move|p2a: Lynrd Spynrd|Knock Off|p1a: Slowking
|-supereffective|p1a: Slowking
|-damage|p1a: Slowking|1/100
|move|p1a: Slowking|Psychic Noise|p2a: Lynrd Spynrd
|-supereffective|p2a: Lynrd Spynrd
|-damage|p2a: Lynrd Spynrd|0 fnt
|faint|p2a: Lynrd Spynrd
|-end|p2a: Lynrd Spynrd|Protosynthesis|[silent]
|
|-weather|SunnyDay|[upkeep]
|upkeep
|
|t:|1776064752
|switch|p2a: Dubya|Walking Wake|100/100
|-activate|p2a: Dubya|ability: Protosynthesis
|-start|p2a: Dubya|protosynthesisspa
|turn|26
|
|t:|1776064757
|move|p2a: Dubya|Flamethrower|p1a: Slowking
|-damage|p1a: Slowking|0 fnt
|faint|p1a: Slowking
|
|-weather|SunnyDay|[upkeep]
|upkeep
|
|t:|1776064760
|switch|p1a: Dragapult|Dragapult, M|100/100
|-damage|p1a: Dragapult|88/100|[from] Stealth Rock
|turn|27
|
|t:|1776064769
|move|p1a: Dragapult|Draco Meteor|p2a: Dubya
|-supereffective|p2a: Dubya
|-damage|p2a: Dubya|0 fnt
|-unboost|p1a: Dragapult|spa|2
|faint|p2a: Dubya
|-end|p2a: Dubya|Protosynthesis|[silent]
|
|-weather|SunnyDay|[upkeep]
|upkeep
|c|☆PinkPanther080129|gg
|-message|Gameboyrob forfeited.
|
|win|PinkPanther080129
|raw|PinkPanther080129's rating: 1491 &rarr; <strong>1511</strong><br />(+20 for winning)
|raw|Gameboyrob's rating: 1490 &rarr; <strong>1470</strong><br />(-20 for losing)
|l|☆Gameboyrob
|player|p2|
|c|☆PinkPanther080129|no scarf?
|l|☆PinkPanther080129
|player|p1|
