|html|<div class="broadcast-blue"><strong>[Gen 9] OU is currently suspecting Tera Blast! For information on how to participate check out the <a href="https://www.smogon.com/tools/suspects/view/200">suspect thread</a>.</strong></div>
|j|☆Veteran Kiryu
|j|☆inigo143
|t:|1776247840
|gametype|singles
|player|p1|Veteran Kiryu|red|1084
|player|p2|inigo143|pokemaniac|1073
|gen|9
|tier|[Gen 9] OU
|rated|
|rule|HP Percentage Mod: HP is shown in percentages
|rule|Endless Battle Clause: Forcing endless battles is banned
|rule|Species Clause: Limit one of each Pokémon
|rule|OHKO Clause: OHKO moves are banned
|rule|Evasion Items Clause: Evasion items are banned
|rule|Evasion Moves Clause: Evasion moves are banned
|rule|Evasion Abilities Clause: Evasion abilities are banned
|rule|Sleep Moves Clause: Sleep-inducing moves are banned
|clearpoke
|poke|p1|Hatterene, F|
|poke|p1|Corviknight, M|
|poke|p1|Dragapult, F|
|poke|p1|Tyranitar, F|
|poke|p1|Dondozo, F|
|poke|p1|Landorus-Therian, M|
|poke|p2|Maushold-Four|
|poke|p2|Serperior, M|
|poke|p2|Pecharunt|
|poke|p2|Malamar, M|
|poke|p2|Kingambit, F|
|poke|p2|Goodra-Hisui, F|
|teampreview
|
|t:|1776247860
|teamsize|p1|6
|teamsize|p2|6
|start
|switch|p1a: Salem Witch|Hatterene, F, shiny|100/100
|switch|p2a: Maushold|Maushold-Four|100/100
|turn|1
|
|t:|1776247869
|move|p2a: Maushold|Population Bomb|p1a: Salem Witch
|-damage|p1a: Salem Witch|87/100
|-damage|p1a: Salem Witch|76/100
|-damage|p1a: Salem Witch|64/100
|-damage|p1a: Salem Witch|51/100
|-damage|p1a: Salem Witch|39/100
|-damage|p1a: Salem Witch|26/100
|-damage|p1a: Salem Witch|15/100
|-crit|p1a: Salem Witch
|-damage|p1a: Salem Witch|0 fnt
|faint|p1a: Salem Witch
|-hitcount|p1: Salem Witch|8
|
|upkeep
|c|☆Veteran Kiryu|WHAT
|c|☆inigo143|bomber kills witch
|c|☆Veteran Kiryu|SALEM WITCH TRIALS WASN'T ENOUGH?
|
|t:|1776247923
|switch|p1a: Don Don Dooooon|Dondozo, F|100/100
|turn|2
|c|☆inigo143|this mouse family is aggressive
|
|t:|1776247935
|move|p2a: Maushold|Bullet Seed|p1a: Don Don Dooooon
|-supereffective|p1a: Don Don Dooooon
|-damage|p1a: Don Don Dooooon|89/100
|-supereffective|p1a: Don Don Dooooon
|-damage|p1a: Don Don Dooooon|78/100
|-supereffective|p1a: Don Don Dooooon
|-damage|p1a: Don Don Dooooon|68/100
|-supereffective|p1a: Don Don Dooooon
|-damage|p1a: Don Don Dooooon|56/100
|-supereffective|p1a: Don Don Dooooon
|-damage|p1a: Don Don Dooooon|44/100
|-hitcount|p1a: Don Don Dooooon|5
|move|p1a: Don Don Dooooon|Body Press|p2a: Maushold
|-supereffective|p2a: Maushold
|-damage|p2a: Maushold|32/100
|
|upkeep
|turn|3
|c|☆Veteran Kiryu|owwwwwwwwwwww
|
|t:|1776247951
|switch|p1a: Corvus|Corviknight, M|100/100
|move|p2a: Maushold|Bullet Seed|p1a: Corvus
|-resisted|p1a: Corvus
|-damage|p1a: Corvus|99/100
|-resisted|p1a: Corvus
|-damage|p1a: Corvus|98/100
|-resisted|p1a: Corvus
|-damage|p1a: Corvus|97/100
|-resisted|p1a: Corvus
|-damage|p1a: Corvus|95/100
|-hitcount|p1a: Corvus|4
|
|upkeep
|turn|4
|c|☆Veteran Kiryu|I'm new to pokemon showdown so that caught me off guardd
|
|t:|1776247987
|switch|p2a: Malamar|Malamar, M|100/100
|move|p1a: Corvus|Brave Bird|p2a: Malamar
|-damage|p2a: Malamar|59/100
|-damage|p1a: Corvus|84/100|[from] Recoil
|
|upkeep
|turn|5
|c|☆Veteran Kiryu|hahahaha
|c|☆inigo143|same lol
|c|☆inigo143|that fuckass family of mice
|
|t:|1776248018
|move|p2a: Malamar|Superpower|p1a: Corvus
|-damage|p1a: Corvus|64/100
|-boost|p2a: Malamar|atk|1
|-boost|p2a: Malamar|def|1
|-damage|p2a: Malamar|42/100|[from] item: Rocky Helmet|[of] p1a: Corvus
|move|p1a: Corvus|Brave Bird|p2a: Malamar
|-damage|p2a: Malamar|16/100
|-damage|p1a: Corvus|57/100|[from] Recoil
|
|upkeep
|turn|6
|
|t:|1776248041
|move|p2a: Malamar|Knock Off|p1a: Corvus
|-damage|p1a: Corvus|22/100
|-damage|p2a: Malamar|0 fnt|[from] item: Rocky Helmet|[of] p1a: Corvus
|faint|p2a: Malamar
|move|p1a: Corvus|U-turn|p2: Malamar|[notarget]
|-fail|p1a: Corvus
|
|upkeep
|
|t:|1776248048
|switch|p2a: Maushold|Maushold-Four|32/100
|turn|7
|c|☆inigo143|hello again family of terrorists
|
|t:|1776248061
|move|p2a: Maushold|Population Bomb|p1a: Corvus
|-resisted|p1a: Corvus
|-damage|p1a: Corvus|19/100
|-damage|p2a: Maushold|15/100|[from] item: Rocky Helmet|[of] p1a: Corvus
|-resisted|p1a: Corvus
|-damage|p1a: Corvus|15/100
|-damage|p2a: Maushold|0 fnt|[from] item: Rocky Helmet|[of] p1a: Corvus
|faint|p2a: Maushold
|-hitcount|p1a: Corvus|2
|move|p1a: Corvus|Roost|p1a: Corvus
|-heal|p1a: Corvus|65/100
|-singleturn|p1a: Corvus|move: Roost
|
|upkeep
|c|☆Veteran Kiryu|No its the al qaeda team again!
|c|☆inigo143|fuck i thought the helmet was knocked off
|c|☆Veteran Kiryu|curious question
|
|t:|1776248095
|switch|p2a: Kingambit|Kingambit, F|100/100
|-activate|p2a: Kingambit|ability: Supreme Overlord
|-start|p2a: Kingambit|fallen2|[silent]
|turn|8
|c|☆Veteran Kiryu|u from the Philippines?
|c|☆inigo143|yes
|c|☆Veteran Kiryu|pangalan pa lang eh
|c|☆Veteran Kiryu|HAHAHAHAHHAA
|c|☆Veteran Kiryu|wasup
|c|☆inigo143|AHQHWGA EY PHILIPINNES
|
|t:|1776248125
|move|p1a: Corvus|U-turn|p2a: Kingambit
|-damage|p2a: Kingambit|91/100
|
|t:|1776248128
|switch|p1a: Don Don Dooooon|Dondozo, F|44/100|[from] U-turn
|move|p2a: Kingambit|Swords Dance|p2a: Kingambit
|-boost|p2a: Kingambit|atk|2
|
|upkeep
|turn|9
|c|☆inigo143|pangalan ng bf ko yan
|c|☆Veteran Kiryu|eyyy
|
|t:|1776248140
|-terastallize|p2a: Kingambit|Dark
|-terastallize|p1a: Don Don Dooooon|Water
|move|p2a: Kingambit|Sucker Punch|p1a: Don Don Dooooon
|-damage|p1a: Don Don Dooooon|0 fnt
|faint|p1a: Don Don Dooooon
|-damage|p2a: Kingambit|81/100|[from] item: Life Orb
|
|upkeep
|
|t:|1776248154
|switch|p1a: Corvus|Corviknight, M|65/100
|turn|10
|
|t:|1776248160
|move|p1a: Corvus|Roost|p1a: Corvus
|-heal|p1a: Corvus|100/100
|-singleturn|p1a: Corvus|move: Roost
|move|p2a: Kingambit|Kowtow Cleave|p1a: Corvus
|-damage|p1a: Corvus|0 fnt
|-damage|p2a: Kingambit|64/100|[from] item: Rocky Helmet|[of] p1a: Corvus
|faint|p1a: Corvus
|-damage|p2a: Kingambit|54/100|[from] item: Life Orb
|
|upkeep
|c|☆Veteran Kiryu|ANSAKIT
|c|☆inigo143|oo kupal yan si kingambit
|
|t:|1776248181
|switch|p1a: Tyrone|Tyranitar, F|100/100
|-weather|Sandstorm|[from] ability: Sand Stream|[of] p1a: Tyrone
|turn|11
|c|☆Veteran Kiryu|isang beses palang ako nakakatalo nyan HAHAHA
|
|t:|1776248200
|-end|p2a: Kingambit|fallen2|[silent]
|switch|p2a: Serperior|Serperior, M|100/100
|move|p1a: Tyrone|Dragon Dance|p1a: Tyrone
|-boost|p1a: Tyrone|atk|1
|-boost|p1a: Tyrone|spe|1
|
|-weather|Sandstorm|[upkeep]
|-damage|p2a: Serperior|94/100|[from] Sandstorm
|-heal|p2a: Serperior|100/100|[from] item: Leftovers
|upkeep
|turn|12
|c|☆inigo143|d ka ba naglalaro champions?
|c|☆Veteran Kiryu|nooo
|
|t:|1776248219
|move|p2a: Serperior|Leech Seed|p1a: Tyrone
|-start|p1a: Tyrone|move: Leech Seed
|move|p1a: Tyrone|Crunch|p2a: Serperior
|-damage|p2a: Serperior|37/100
|-boost|p2a: Serperior|def|1
|
|-weather|Sandstorm|[upkeep]
|-damage|p2a: Serperior|31/100|[from] Sandstorm
|-heal|p2a: Serperior|37/100|[from] item: Leftovers
|-damage|p1a: Tyrone|88/100|[from] Leech Seed|[of] p2a: Serperior
|-heal|p2a: Serperior|55/100|[silent]
|upkeep
|turn|13
|c|☆Veteran Kiryu|I don't have pokemon switch
|c|☆Veteran Kiryu|HAHAHA
|
|t:|1776248236
|move|p2a: Serperior|Protect|p2a: Serperior
|-singleturn|p2a: Serperior|Protect
|move|p1a: Tyrone|Stone Edge|p2a: Serperior
|-activate|p2a: Serperior|move: Protect
|
|-weather|Sandstorm|[upkeep]
|-damage|p2a: Serperior|48/100|[from] Sandstorm
|-heal|p2a: Serperior|55/100|[from] item: Leftovers
|-damage|p1a: Tyrone|76/100|[from] Leech Seed|[of] p2a: Serperior
|-heal|p2a: Serperior|72/100|[silent]
|upkeep
|turn|14
|c|☆inigo143|same
|c|☆inigo143|kaya showdown nalang
|c|☆Veteran Kiryu|naka Ryujinx lang ako ngayon for mainline games
|c|☆inigo143|champions is releasing on mobile next year though
|c|☆inigo143|kaya nagppractice
|c|☆Veteran Kiryu|Yuhh I've heardd
|
|t:|1776248282
|move|p2a: Serperior|Leaf Storm|p1a: Tyrone
|-supereffective|p1a: Tyrone
|-damage|p1a: Tyrone|36/100
|-boost|p2a: Serperior|spa|2
|-enditem|p1a: Tyrone|Weakness Policy
|-boost|p1a: Tyrone|atk|2|[from] item: Weakness Policy
|-boost|p1a: Tyrone|spa|2|[from] item: Weakness Policy
|move|p1a: Tyrone|Stone Edge|p2a: Serperior
|-damage|p2a: Serperior|0 fnt
|faint|p2a: Serperior
|
|-weather|Sandstorm|[upkeep]
|upkeep
|
|t:|1776248296
|switch|p2a: Kingambit|Kingambit, F, tera:Dark|54/100
|-activate|p2a: Kingambit|ability: Supreme Overlord
|-start|p2a: Kingambit|fallen3|[silent]
|turn|15
|
|t:|1776248312
|move|p2a: Kingambit|Sucker Punch||[still]
|-fail|p2a: Kingambit
|move|p1a: Tyrone|Dragon Dance|p1a: Tyrone
|-boost|p1a: Tyrone|atk|1
|-boost|p1a: Tyrone|spe|1
|
|-weather|none
|-damage|p1a: Tyrone|23/100|[from] Leech Seed|[of] p2a: Kingambit
|-heal|p2a: Kingambit|67/100|[silent]
|upkeep
|turn|16
|
|t:|1776248322
|move|p2a: Kingambit|Sucker Punch|p1a: Tyrone
|-resisted|p1a: Tyrone
|-damage|p1a: Tyrone|0 fnt
|faint|p1a: Tyrone
|-damage|p2a: Kingambit|57/100|[from] item: Life Orb
|
|upkeep
|
|t:|1776248327
|switch|p1a: Lander|Landorus-Therian, M|100/100
|-ability|p1a: Lander|Intimidate|boost
|-unboost|p2a: Kingambit|atk|1
|turn|17
|
|t:|1776248339
|move|p1a: Lander|Brick Break|p2a: Kingambit
|-supereffective|p2a: Kingambit
|-damage|p2a: Kingambit|8/100
|move|p2a: Kingambit|Lash Out|p1a: Lander
|-damage|p1a: Lander|35/100
|-damage|p2a: Kingambit|0 fnt|[from] item: Rocky Helmet|[of] p1a: Lander
|faint|p2a: Kingambit
|-end|p2a: Kingambit|fallen3|[silent]
|
|upkeep
|
|t:|1776248351
|switch|p2a: Pecharunt|Pecharunt|100/100
|turn|18
|
|t:|1776248361
|move|p1a: Lander|Earthquake|p2a: Pecharunt
|-supereffective|p2a: Pecharunt
|-damage|p2a: Pecharunt|4/100
|move|p2a: Pecharunt|Toxic|p1a: Lander
|-status|p1a: Lander|tox
|-start|p1a: Lander|confusion|[from] ability: Poison Puppeteer|[of] p2a: Pecharunt
|
|-heal|p2a: Pecharunt|10/100|[from] item: Leftovers
|-damage|p1a: Lander|29/100 tox|[from] psn
|upkeep
|turn|19
|c|☆inigo143|fuck im losing
|c|☆Veteran Kiryu|ang katiii
|
|t:|1776248384
|switch|p2a: Goodra|Goodra-Hisui, F|100/100
|-activate|p1a: Lander|confusion
|move|p1a: Lander|Earthquake|p2a: Goodra
|-supereffective|p2a: Goodra
|-damage|p2a: Goodra|0 fnt
|faint|p2a: Goodra
|
|-damage|p1a: Lander|17/100 tox|[from] psn
|upkeep
|c|☆Veteran Kiryu|halaaa mananalo pa ata ako
|c|☆inigo143|AHAHWGAHA
|
|t:|1776248401
|switch|p2a: Pecharunt|Pecharunt|10/100
|turn|20
|
|t:|1776248409
|move|p2a: Pecharunt|Protect|p2a: Pecharunt
|-singleturn|p2a: Pecharunt|Protect
|-activate|p1a: Lander|confusion
|-damage|p1a: Lander|0 fnt|[from] confusion
|faint|p1a: Lander
|
|-heal|p2a: Pecharunt|16/100|[from] item: Leftovers
|upkeep
|c|☆inigo143|fuckkk
|
|t:|1776248416
|switch|p1a: Draconius the II|Dragapult, F|100/100
|turn|21
|c|☆inigo143|gg
|
|t:|1776248425
|move|p1a: Draconius the II|Flamethrower|p2a: Pecharunt
|-damage|p2a: Pecharunt|0 fnt
|faint|p2a: Pecharunt
|-damage|p1a: Draconius the II|91/100|[from] item: Life Orb
|
|win|Veteran Kiryu
