|html|<div class="broadcast-blue"><strong>[Gen 9] OU is currently suspecting Tera Blast! For information on how to participate check out the <a href="https://www.smogon.com/tools/suspects/view/200">suspect thread</a>.</strong></div>
|j|☆WoolooShocked
|j|☆wallahi brobini
|t:|1776132019
|gametype|singles
|player|p1|WoolooShocked|170|1397
|player|p2|wallahi brobini|101|1315
|gen|9
|tier|[Gen 9] OU
|rated|
|rule|HP Percentage Mod: HP is shown in percentages
|rule|Endless Battle Clause: Forcing endless battles is banned
|rule|Species Clause: Limit one of each Pokémon
|rule|OHKO Clause: OHKO moves are banned
|rule|Evasion Items Clause: Evasion items are banned
|rule|Evasion Moves Clause: Evasion moves are banned
|rule|Evasion Abilities Clause: Evasion abilities are banned
|rule|Sleep Moves Clause: Sleep-inducing moves are banned
|clearpoke
|poke|p1|Rillaboom, F|
|poke|p1|Moltres|
|poke|p1|Zamazenta-*|
|poke|p1|Alomomola, F|
|poke|p1|Iron Treads|
|poke|p1|Kyurem|
|poke|p2|Scizor, F|
|poke|p2|Great Tusk|
|poke|p2|Eelektross, M|
|poke|p2|Dragapult, M|
|poke|p2|Hatterene, F|
|poke|p2|Ogerpon-Wellspring, F|
|teampreview
|c|☆wallahi brobini|annihalites void
|c|☆WoolooShocked|a man of culture I see
|c|☆WoolooShocked|hm?
|c|☆wallahi brobini|foid
|inactive|Battle timer is ON: inactive players will automatically lose when time's up. (requested by WoolooShocked)
|c|☆wallahi brobini|!!!
|c|☆wallahi brobini|!!!
|
|t:|1776132047
|teamsize|p1|6
|teamsize|p2|6
|start
|switch|p1a: Kyurem|Kyurem|100/100
|switch|p2a: Dragapult|Dragapult, M|100/100
|-ability|p1a: Kyurem|Pressure
|turn|1
|c|☆wallahi brobini|kyuerem with
|c|☆wallahi brobini|choice scarf
|c|☆wallahi brobini|silence
|c|☆wallahi brobini|foid
|c|☆WoolooShocked|yeah something like that
|
|t:|1776132064
|switch|p2a: Scizor|Scizor, F|100/100
|move|p1a: Kyurem|Freeze-Dry|p2a: Scizor
|-resisted|p2a: Scizor
|-damage|p2a: Scizor|65/100
|
|upkeep
|turn|2
|
|t:|1776132075
|switch|p1a: Moltres|Moltres|100/100
|move|p2a: Scizor|U-turn|p1a: Moltres
|-resisted|p1a: Moltres
|-damage|p1a: Moltres|90/100
|-status|p2a: Scizor|brn|[from] ability: Flame Body|[of] p1a: Moltres
|c|☆wallahi brobini|or tera blast fire
|c|☆wallahi brobini|</3
|c|☆wallahi brobini|dude
|
|t:|1776132086
|switch|p2a: Ogerpon|Ogerpon-Wellspring, F|100/100|[from] U-turn
|
|upkeep
|turn|3
|
|t:|1776132101
|switch|p1a: Zamazenta|Zamazenta|100/100
|-ability|p1a: Zamazenta|Dauntless Shield|boost
|-boost|p1a: Zamazenta|def|1
|move|p2a: Ogerpon|Ivy Cudgel|p1a: Zamazenta|[anim] Ivy Cudgel Water
|-damage|p1a: Zamazenta|72/100
|
|upkeep
|turn|4
|c|☆wallahi brobini|kyurem HELP
|c|☆WoolooShocked|what are you saying bro..?
|
|t:|1776132115
|switch|p2a: Great Tusk|Great Tusk|100/100
|-enditem|p2a: Great Tusk|Booster Energy
|-activate|p2a: Great Tusk|ability: Protosynthesis|[fromitem]
|-start|p2a: Great Tusk|protosynthesisspe
|move|p1a: Zamazenta|Iron Defense|p1a: Zamazenta
|-boost|p1a: Zamazenta|def|2
|
|upkeep
|turn|5
|c|☆WoolooShocked|like i'm just confused
|c|☆wallahi brobini|genius
|c|☆wallahi brobini|dude
|c|☆wallahi brobini|bulk up
|c|☆wallahi brobini|peep this
|c|☆wallahi brobini|yo
|c|☆WoolooShocked|ight sure
|
|t:|1776132138
|-end|p2a: Great Tusk|Protosynthesis|[silent]
|switch|p2a: Hatterene|Hatterene, F|100/100
|move|p1a: Zamazenta|Iron Defense|p1a: Zamazenta
|-boost|p1a: Zamazenta|def|2
|
|upkeep
|turn|6
|c|☆WoolooShocked|yeah I should've read that
|c|☆wallahi brobini|SONION
|c|☆WoolooShocked|BRU WHAT ARE YOU SAYING LET ME JUST PLAY THE GAME
|inactive|WoolooShocked has 120 seconds left.
|c|☆wallahi brobini|sub human thinking he can play the game
|
|t:|1776132178
|move|p1a: Zamazenta|Body Press|p2a: Hatterene
|-resisted|p2a: Hatterene
|-damage|p2a: Hatterene|69/100
|move|p2a: Hatterene|Trick Room|p2a: Hatterene
|-fieldstart|move: Trick Room|[of] p2a: Hatterene
|
|upkeep
|turn|7
|c|☆wallahi brobini|SONION
|c|☆WoolooShocked|yeah there we go
|
|t:|1776132188
|switch|p1a: Alomomola|Alomomola, F|100/100
|move|p2a: Hatterene|Psychic Noise|p1a: Alomomola
|-damage|p1a: Alomomola|80/100
|-start|p1a: Alomomola|move: Heal Block
|
|upkeep
|turn|8
|
|t:|1776132200
|switch|p2a: Eelektross|Eelektross, M|100/100
|move|p1a: Alomomola|Flip Turn|p2a: Eelektross
|-damage|p2a: Eelektross|83/100
|c|☆wallahi brobini|just be slow
|c|☆wallahi brobini|brutal
|
|t:|1776132216
|switch|p1a: Kyurem|Kyurem|100/100|[from] Flip Turn
|-ability|p1a: Kyurem|Pressure
|
|upkeep
|turn|9
|c|☆WoolooShocked|yeah something like that
|
|t:|1776132229
|move|p2a: Eelektross|Volt Switch|p1a: Kyurem
|-resisted|p1a: Kyurem
|-damage|p1a: Kyurem|89/100
|
|t:|1776132231
|switch|p2a: Scizor|Scizor, F|65/100 brn|[from] Volt Switch
|move|p1a: Kyurem|Draco Meteor|p2a: Scizor
|-resisted|p2a: Scizor
|-damage|p2a: Scizor|0 fnt
|-unboost|p1a: Kyurem|spa|2
|faint|p2a: Scizor
|
|upkeep
|
|t:|1776132241
|switch|p2a: Dragapult|Dragapult, M|100/100
|turn|10
|c|☆wallahi brobini|scarf
|c|☆wallahi brobini|DIE
|inactive|WoolooShocked has 120 seconds left.
|
|t:|1776132254
|switch|p1a: Iron Treads|Iron Treads|100/100
|-enditem|p1a: Iron Treads|Booster Energy
|-activate|p1a: Iron Treads|ability: Quark Drive|[fromitem]
|-start|p1a: Iron Treads|quarkdrivespe
|move|p2a: Dragapult|Draco Meteor|p1a: Iron Treads
|-resisted|p1a: Iron Treads
|-damage|p1a: Iron Treads|39/100
|-unboost|p2a: Dragapult|spa|2
|
|-fieldend|move: Trick Room
|upkeep
|turn|11
|inactive|WoolooShocked has 120 seconds left.
|
|t:|1776132264
|switch|p2a: Great Tusk|Great Tusk|100/100
|move|p1a: Iron Treads|Stealth Rock|p2a: Great Tusk
|-sidestart|p2: wallahi brobini|move: Stealth Rock
|
|upkeep
|turn|12
|inactive|WoolooShocked has 120 seconds left.
|
|t:|1776132276
|-end|p1a: Iron Treads|Quark Drive|[silent]
|switch|p1a: Rillaboom|Rillaboom, F|100/100
|-fieldstart|move: Grassy Terrain|[from] ability: Grassy Surge|[of] p1a: Rillaboom
|move|p2a: Great Tusk|Bulk Up|p2a: Great Tusk
|-boost|p2a: Great Tusk|atk|1
|-boost|p2a: Great Tusk|def|1
|
|upkeep
|turn|13
|c|☆WoolooShocked|oh nice
|
|t:|1776132283
|-terastallize|p2a: Great Tusk|Ice
|move|p2a: Great Tusk|Ice Spinner|p1a: Rillaboom
|-supereffective|p1a: Rillaboom
|-damage|p1a: Rillaboom|0 fnt
|-fieldend|move: Grassy Terrain
|faint|p1a: Rillaboom
|
|upkeep
|
|t:|1776132289
|switch|p1a: Moltres|Moltres|90/100
|turn|14
|c|☆wallahi brobini|sub human rillaboom
|
|t:|1776132298
|-end|p2a: Great Tusk|Protosynthesis|[silent]
|switch|p2a: Eelektross|Eelektross, M|83/100
|-damage|p2a: Eelektross|71/100|[from] Stealth Rock
|move|p1a: Moltres|Flamethrower|p2a: Eelektross
|-damage|p2a: Eelektross|52/100
|-status|p2a: Eelektross|brn
|
|-damage|p2a: Eelektross|46/100 brn|[from] brn
|upkeep
|turn|15
|c|☆WoolooShocked|Yeah something like that bru
|
|t:|1776132311
|move|p1a: Moltres|U-turn|p2a: Eelektross
|-damage|p2a: Eelektross|29/100 brn
|
|t:|1776132319
|switch|p1a: Iron Treads|Iron Treads|39/100|[from] U-turn
|move|p2a: Eelektross|Knock Off|p1a: Iron Treads
|-damage|p1a: Iron Treads|31/100
|
|-damage|p2a: Eelektross|22/100 brn|[from] brn
|upkeep
|turn|16
|c|☆wallahi brobini|predicting iron treads
|c|☆WoolooShocked|nice
|c|☆wallahi brobini|mb
|
|t:|1776132332
|move|p1a: Iron Treads|Ice Spinner|p2a: Eelektross
|-damage|p2a: Eelektross|0 fnt
|faint|p2a: Eelektross
|
|upkeep
|
|t:|1776132340
|switch|p2a: Dragapult|Dragapult, M|100/100
|-damage|p2a: Dragapult|88/100|[from] Stealth Rock
|turn|17
|
|t:|1776132347
|move|p2a: Dragapult|Shadow Ball|p1a: Iron Treads
|-damage|p1a: Iron Treads|0 fnt
|faint|p1a: Iron Treads
|-end|p1a: Iron Treads|Quark Drive|[silent]
|
|upkeep
|
|t:|1776132355
|switch|p1a: Kyurem|Kyurem|89/100
|-ability|p1a: Kyurem|Pressure
|turn|18
|c|☆wallahi brobini|ur dead bud
|c|☆wallahi brobini|NO
|
|t:|1776132376
|switch|p2a: Great Tusk|Great Tusk, tera:Ice|100/100
|-damage|p2a: Great Tusk|76/100|[from] Stealth Rock
|move|p1a: Kyurem|Freeze-Dry|p2a: Great Tusk
|-resisted|p2a: Great Tusk
|-damage|p2a: Great Tusk|41/100
|
|upkeep
|turn|19
|
|t:|1776132390
|-end|p2a: Great Tusk|Protosynthesis|[silent]
|switch|p2a: Dragapult|Dragapult, M|88/100
|-damage|p2a: Dragapult|76/100|[from] Stealth Rock
|-terastallize|p1a: Kyurem|Ice
|move|p1a: Kyurem|Freeze-Dry|p2a: Dragapult
|-supereffective|p2a: Dragapult
|-damage|p2a: Dragapult|0 fnt
|faint|p2a: Dragapult
|
|upkeep
|c|☆WoolooShocked|gg
|c|☆WoolooShocked|btw I was specs LOL
|
|t:|1776132400
|switch|p2a: Hatterene|Hatterene, F|69/100
|-damage|p2a: Hatterene|57/100|[from] Stealth Rock
|turn|20
|c|☆WoolooShocked|Thanks for telling me you thought I was scarf
|c|☆wallahi brobini|deadass
|c|☆WoolooShocked|let me play around that
|c|☆WoolooShocked|yeah i'm specs
|c|☆wallahi brobini|not tuff btw
|c|☆wallahi brobini|run scarf
|c|☆WoolooShocked|you weren't tuff with your spamming of words
|c|☆WoolooShocked|oh I know
|c|☆wallahi brobini|a lot more threatening
|inactive|wallahi brobini has 120 seconds left.
|c|☆wallahi brobini|specs does nothing btw
|c|☆WoolooShocked|but specs isn't bad at all and lets me play around the assumptions
|c|☆wallahi brobini|im just so ahead of you
|c|☆wallahi brobini|stfu
|c|☆WoolooShocked|it lets me 2 tap everything in the tier bru lol
|
|t:|1776132448
|switch|p2a: Ogerpon|Ogerpon-Wellspring, F|100/100
|-damage|p2a: Ogerpon|88/100|[from] Stealth Rock
|move|p1a: Kyurem|Freeze-Dry|p2a: Ogerpon
|-supereffective|p2a: Ogerpon
|-damage|p2a: Ogerpon|0 fnt
|faint|p2a: Ogerpon
|
|upkeep
|
|t:|1776132454
|switch|p2a: Great Tusk|Great Tusk, tera:Ice|41/100
|-damage|p2a: Great Tusk|16/100|[from] Stealth Rock
|turn|21
|c|☆WoolooShocked|you need me to shut up because you lost after trash talking?
|c|☆WoolooShocked|okay sure
|
|t:|1776132462
|move|p1a: Kyurem|Freeze-Dry|p2a: Great Tusk
|-resisted|p2a: Great Tusk
|-damage|p2a: Great Tusk|0 fnt
|faint|p2a: Great Tusk
|-end|p2a: Great Tusk|Protosynthesis|[silent]
|
|upkeep
|c|☆WoolooShocked|gg, fairly easy tbh
|c|☆wallahi brobini|silence foid
|
|t:|1776132473
|switch|p2a: Hatterene|Hatterene, F|57/100
|-damage|p2a: Hatterene|45/100|[from] Stealth Rock
|turn|22
|c|☆WoolooShocked|goodluck yo lmao
|c|☆wallahi brobini|foids are people too
|c|☆wallahi brobini|they arent
|c|☆wallahi brobini|u arent a person
|c|☆WoolooShocked|Oh okay
|c|☆WoolooShocked|I guess i'm not king!
|c|☆wallahi brobini|ill anihilate everyone of you
|c|☆WoolooShocked|oh shoot
|c|☆wallahi brobini|kin
|inactive|wallahi brobini has 90 seconds left.
|c|☆WoolooShocked|... i'm quivering...
|c|☆wallahi brobini|what?
|c|☆WoolooShocked|i'm scared yo
|c|☆wallahi brobini|ur so unfunny
|c|☆wallahi brobini|stop
|c|☆WoolooShocked|Thanks
|
|t:|1776132518
|move|p1a: Kyurem|Freeze-Dry|p2a: Hatterene
|-damage|p2a: Hatterene|0 fnt
|faint|p2a: Hatterene
|
|win|WoolooShocked
|raw|WoolooShocked's rating: 1397 &rarr; <strong>1412</strong><br />(+15 for winning)
|raw|wallahi brobini's rating: 1315 &rarr; <strong>1300</strong><br />(-15 for losing)
|c|☆WoolooShocked|:p
|l|☆wallahi brobini
|player|p2|
|c|☆WoolooShocked|see you
|l|☆WoolooShocked
|player|p1|
|j|☆WoolooShocked
|player|p1|WoolooShocked|170|
