|html|<div class="broadcast-blue"><strong>[Gen 9] OU is currently suspecting Tera Blast! For information on how to participate check out the <a href="https://www.smogon.com/tools/suspects/view/200">suspect thread</a>.</strong></div>
|j|☆sminey
|j|☆icylikedecember
|t:|1776046227
|gametype|singles
|player|p1|sminey|palmer|1715
|player|p2|icylikedecember|skierf|1689
|gen|9
|tier|[Gen 9] OU
|rated|
|rule|HP Percentage Mod: HP is shown in percentages
|rule|Endless Battle Clause: Forcing endless battles is banned
|rule|Species Clause: Limit one of each Pokémon
|rule|OHKO Clause: OHKO moves are banned
|rule|Evasion Items Clause: Evasion items are banned
|rule|Evasion Moves Clause: Evasion moves are banned
|rule|Evasion Abilities Clause: Evasion abilities are banned
|rule|Sleep Moves Clause: Sleep-inducing moves are banned
|clearpoke
|poke|p1|Cinderace, M|
|poke|p1|Zapdos|
|poke|p1|Latios, M|
|poke|p1|Weavile, F|
|poke|p1|Clefable, M|
|poke|p1|Slowking-Galar, M|
|poke|p2|Landorus-Therian, M|
|poke|p2|Corviknight, F|
|poke|p2|Slowking-Galar, M|
|poke|p2|Crawdaunt, F|
|poke|p2|Darkrai|
|poke|p2|Gholdengo|
|teampreview
|
|t:|1776046248
|teamsize|p1|6
|teamsize|p2|6
|start
|switch|p1a: Zapdos|Zapdos|100/100
|switch|p2a: Slowking|Slowking-Galar, M, shiny|100/100
|turn|1
|
|t:|1776046252
|move|p1a: Zapdos|Thunder Wave|p2a: Slowking
|-status|p2a: Slowking|par
|move|p2a: Slowking|Sludge Bomb|p1a: Zapdos
|-damage|p1a: Zapdos|60/100
|
|upkeep
|turn|2
|
|t:|1776046258
|move|p1a: Zapdos|Roost|p1a: Zapdos
|-heal|p1a: Zapdos|100/100
|-singleturn|p1a: Zapdos|move: Roost
|move|p2a: Slowking|Sludge Bomb|p1a: Zapdos
|-damage|p1a: Zapdos|57/100
|
|upkeep
|turn|3
|
|t:|1776046264
|move|p1a: Zapdos|Roost|p1a: Zapdos
|-heal|p1a: Zapdos|100/100
|-singleturn|p1a: Zapdos|move: Roost
|move|p2a: Slowking|Sludge Bomb|p1a: Zapdos
|-damage|p1a: Zapdos|61/100
|
|upkeep
|turn|4
|
|t:|1776046266
|move|p1a: Zapdos|Volt Switch|p2a: Slowking
|-damage|p2a: Slowking|87/100 par
|
|t:|1776046267
|switch|p1a: Slowking|Slowking-Galar, M|100/100|[from] Volt Switch
|move|p2a: Slowking|Sludge Bomb|p1a: Slowking
|-resisted|p1a: Slowking
|-damage|p1a: Slowking|91/100
|
|upkeep
|turn|5
|
|t:|1776046274
|switch|p1a: Zapdos|Zapdos|61/100
|cant|p2a: Slowking|par
|
|upkeep
|turn|6
|
|t:|1776046278
|move|p1a: Zapdos|Roost|p1a: Zapdos
|-heal|p1a: Zapdos|100/100
|-singleturn|p1a: Zapdos|move: Roost
|move|p2a: Slowking|Sludge Bomb|p1a: Zapdos
|-damage|p1a: Zapdos|60/100
|
|upkeep
|turn|7
|
|t:|1776046281
|move|p1a: Zapdos|Volt Switch|p2a: Slowking
|-damage|p2a: Slowking|72/100 par
|
|t:|1776046283
|switch|p1a: Slowking|Slowking-Galar, M|100/100|[from] Volt Switch
|move|p2a: Slowking|Sludge Bomb|p1a: Slowking
|-resisted|p1a: Slowking
|-damage|p1a: Slowking|92/100
|
|upkeep
|turn|8
|
|t:|1776046285
|switch|p2a: Crawdaunt|Crawdaunt, F|100/100
|move|p1a: Slowking|Psyshock|p2a: Crawdaunt
|-immune|p2a: Crawdaunt
|
|upkeep
|turn|9
|
|t:|1776046290
|-terastallize|p1a: Slowking|Dark
|move|p2a: Crawdaunt|Knock Off|p1a: Slowking
|-resisted|p1a: Slowking
|-damage|p1a: Slowking|42/100
|-enditem|p1a: Slowking|Assault Vest|[from] move: Knock Off|[of] p2a: Crawdaunt
|move|p1a: Slowking|Sludge Bomb|p2a: Crawdaunt
|-damage|p2a: Crawdaunt|33/100
|
|upkeep
|turn|10
|
|t:|1776046301
|switch|p2a: Slowking|Slowking-Galar, M, shiny|100/100 par
|switch|p1a: Zapdos|Zapdos|60/100
|
|upkeep
|turn|11
|
|t:|1776046305
|move|p1a: Zapdos|Roost|p1a: Zapdos
|-heal|p1a: Zapdos|100/100
|-singleturn|p1a: Zapdos|move: Roost
|move|p2a: Slowking|Sludge Bomb|p1a: Zapdos
|-damage|p1a: Zapdos|63/100
|
|upkeep
|turn|12
|
|t:|1776046308
|move|p1a: Zapdos|Volt Switch|p2a: Slowking
|-damage|p2a: Slowking|87/100 par
|
|t:|1776046309
|switch|p1a: Slowking|Slowking-Galar, M, tera:Dark|75/100|[from] Volt Switch
|cant|p2a: Slowking|par
|
|upkeep
|turn|13
|
|t:|1776046317
|move|p1a: Slowking|Psyshock|p2a: Slowking
|-damage|p2a: Slowking|52/100 par
|move|p2a: Slowking|Sludge Bomb|p1a: Slowking
|-crit|p1a: Slowking
|-damage|p1a: Slowking|36/100
|
|upkeep
|turn|14
|
|t:|1776046324
|move|p1a: Slowking|Psyshock|p2a: Slowking
|-damage|p2a: Slowking|21/100 par
|cant|p2a: Slowking|par
|
|upkeep
|turn|15
|
|t:|1776046328
|switch|p1a: Zapdos|Zapdos|63/100
|switch|p2a: Darkrai|Darkrai|100/100
|
|upkeep
|turn|16
|
|t:|1776046334
|switch|p1a: Slowking|Slowking-Galar, M, tera:Dark|69/100
|move|p2a: Darkrai|Ice Beam|p1a: Slowking
|-damage|p1a: Slowking|51/100
|
|upkeep
|turn|17
|
|t:|1776046339
|move|p2a: Darkrai|Focus Blast|p1a: Slowking|[miss]
|-miss|p2a: Darkrai|p1a: Slowking
|move|p1a: Slowking|Sludge Bomb|p2a: Darkrai
|-damage|p2a: Darkrai|55/100
|
|upkeep
|turn|18
|
|t:|1776046345
|move|p2a: Darkrai|Focus Blast|p1a: Slowking
|-supereffective|p1a: Slowking
|-damage|p1a: Slowking|0 fnt
|faint|p1a: Slowking
|
|upkeep
|
|t:|1776046352
|switch|p1a: Weavile|Weavile, F|100/100
|-ability|p1a: Weavile|Pressure
|turn|19
|
|t:|1776046359
|move|p1a: Weavile|Triple Axel|p2a: Darkrai
|-damage|p2a: Darkrai|40/100
|-damage|p2a: Darkrai|13/100
|-damage|p2a: Darkrai|0 fnt
|faint|p2a: Darkrai
|-hitcount|p2: Darkrai|3
|
|upkeep
|
|t:|1776046364
|switch|p2a: Corviknight|Corviknight, F, shiny|100/100
|-ability|p2a: Corviknight|Pressure
|turn|20
|
|t:|1776046368
|switch|p1a: Zapdos|Zapdos|63/100
|move|p2a: Corviknight|U-turn|p1a: Zapdos
|-resisted|p1a: Zapdos
|-damage|p1a: Zapdos|57/100
|
|t:|1776046372
|switch|p2a: Landorus|Landorus-Therian, M|100/100|[from] U-turn
|-ability|p2a: Landorus|Intimidate|boost
|-unboost|p1a: Zapdos|atk|1
|
|upkeep
|turn|21
|
|t:|1776046377
|move|p2a: Landorus|Stone Edge|p1a: Zapdos
|-supereffective|p1a: Zapdos
|-damage|p1a: Zapdos|6/100
|move|p1a: Zapdos|Hurricane|p2a: Landorus
|-damage|p2a: Landorus|49/100
|
|upkeep
|turn|22
|
|t:|1776046383
|switch|p1a: Clefable|Clefable, M|100/100
|move|p2a: Landorus|U-turn|p1a: Clefable
|-resisted|p1a: Clefable
|-damage|p1a: Clefable|93/100
|
|t:|1776046388
|switch|p2a: Slowking|Slowking-Galar, M, shiny|54/100 par|[from] U-turn
|
|upkeep
|turn|23
|
|t:|1776046391
|move|p1a: Clefable|Knock Off|p2a: Slowking
|-supereffective|p2a: Slowking
|-damage|p2a: Slowking|23/100 par
|-enditem|p2a: Slowking|Assault Vest|[from] move: Knock Off|[of] p1a: Clefable
|cant|p2a: Slowking|par
|
|upkeep
|turn|24
|
|t:|1776046399
|switch|p2a: Gholdengo|Gholdengo|100/100
|move|p1a: Clefable|Knock Off|p2a: Gholdengo
|-supereffective|p2a: Gholdengo
|-damage|p2a: Gholdengo|66/100
|-enditem|p2a: Gholdengo|Choice Scarf|[from] move: Knock Off|[of] p1a: Clefable
|
|upkeep
|turn|25
|
|t:|1776046408
|switch|p1a: Cinderace|Cinderace, M|100/100
|move|p2a: Gholdengo|Trick|p1a: Cinderace
|-activate|p2a: Gholdengo|move: Trick|[of] p1a: Cinderace
|-enditem|p1a: Cinderace|Heavy-Duty Boots|[silent]|[from] move: Trick
|-item|p2a: Gholdengo|Heavy-Duty Boots|[from] move: Trick
|
|upkeep
|turn|26
|
|t:|1776046415
|switch|p2a: Landorus|Landorus-Therian, M|49/100
|-ability|p2a: Landorus|Intimidate|boost
|-unboost|p1a: Cinderace|atk|1
|move|p1a: Cinderace|Pyro Ball|p2a: Landorus
|-damage|p2a: Landorus|9/100
|
|upkeep
|turn|27
|
|t:|1776046423
|move|p1a: Cinderace|Pyro Ball|p2a: Landorus
|-damage|p2a: Landorus|0 fnt
|faint|p2a: Landorus
|
|upkeep
|
|t:|1776046426
|switch|p2a: Corviknight|Corviknight, F, shiny|100/100
|-ability|p2a: Corviknight|Pressure
|turn|28
|
|t:|1776046430
|-terastallize|p2a: Corviknight|Dragon
|move|p1a: Cinderace|Pyro Ball|p2a: Corviknight
|-resisted|p2a: Corviknight
|-damage|p2a: Corviknight|89/100
|-status|p2a: Corviknight|brn
|move|p2a: Corviknight|Body Press|p1a: Cinderace
|-damage|p1a: Cinderace|83/100
|
|-heal|p2a: Corviknight|95/100 brn|[from] item: Leftovers
|-damage|p2a: Corviknight|89/100 brn|[from] brn
|upkeep
|turn|29
|
|t:|1776046441
|switch|p1a: Clefable|Clefable, M|93/100
|move|p2a: Corviknight|U-turn|p1a: Clefable
|-resisted|p1a: Clefable
|-damage|p1a: Clefable|90/100
|
|t:|1776046445
|switch|p2a: Crawdaunt|Crawdaunt, F|33/100|[from] U-turn
|
|upkeep
|turn|30
|
|t:|1776046478
|switch|p2a: Slowking|Slowking-Galar, M, shiny|56/100 par
|move|p1a: Clefable|Moonblast|p2a: Slowking
|-resisted|p2a: Slowking
|-damage|p2a: Slowking|44/100 par
|
|upkeep
|turn|31
|
|t:|1776046484
|move|p1a: Clefable|Knock Off|p2a: Slowking
|-supereffective|p2a: Slowking
|-damage|p2a: Slowking|24/100 par
|cant|p2a: Slowking|par
|
|upkeep
|turn|32
|
|t:|1776046489
|switch|p1a: Latios|Latios, M|100/100
|move|p2a: Slowking|Sludge Bomb|p1a: Latios
|-damage|p1a: Latios|52/100
|
|upkeep
|turn|33
|
|t:|1776046496
|switch|p2a: Corviknight|Corviknight, F, shiny, tera:Dragon|89/100 brn
|-ability|p2a: Corviknight|Pressure
|move|p1a: Latios|Draco Meteor|p2a: Corviknight|[miss]
|-miss|p1a: Latios|p2a: Corviknight
|
|-heal|p2a: Corviknight|95/100 brn|[from] item: Leftovers
|-damage|p2a: Corviknight|89/100 brn|[from] brn
|upkeep
|turn|34
|
|t:|1776046506
|switch|p2a: Gholdengo|Gholdengo|66/100
|move|p1a: Latios|Draco Meteor|p2a: Gholdengo
|-resisted|p2a: Gholdengo
|-damage|p2a: Gholdengo|28/100
|-unboost|p1a: Latios|spa|2
|
|upkeep
|turn|35
|
|t:|1776046512
|switch|p1a: Zapdos|Zapdos|6/100
|move|p2a: Gholdengo|Shadow Ball|p1a: Zapdos
|-damage|p1a: Zapdos|0 fnt
|faint|p1a: Zapdos
|
|upkeep
|
|t:|1776046521
|switch|p1a: Weavile|Weavile, F|100/100
|-ability|p1a: Weavile|Pressure
|turn|36
|
|t:|1776046525
|switch|p2a: Corviknight|Corviknight, F, shiny, tera:Dragon|89/100 brn
|-ability|p2a: Corviknight|Pressure
|move|p1a: Weavile|Knock Off|p2a: Corviknight
|-damage|p2a: Corviknight|58/100 brn
|-enditem|p2a: Corviknight|Leftovers|[from] move: Knock Off|[of] p1a: Weavile
|
|-damage|p2a: Corviknight|52/100 brn|[from] brn
|upkeep
|turn|37
|
|t:|1776046532
|move|p1a: Weavile|Triple Axel|p2a: Corviknight
|-supereffective|p2a: Corviknight
|-damage|p2a: Corviknight|39/100 brn
|-supereffective|p2a: Corviknight
|-crit|p2a: Corviknight
|-damage|p2a: Corviknight|1/100 brn
|-supereffective|p2a: Corviknight
|-damage|p2a: Corviknight|0 fnt
|faint|p2a: Corviknight
|-hitcount|p2: Corviknight|3
|
|upkeep
|
|t:|1776046539
|switch|p2a: Crawdaunt|Crawdaunt, F|33/100
|turn|38
|
|t:|1776046551
|move|p2a: Crawdaunt|Aqua Jet|p1a: Weavile
|-damage|p1a: Weavile|19/100
|move|p1a: Weavile|Knock Off|p2a: Crawdaunt
|-resisted|p2a: Crawdaunt
|-damage|p2a: Crawdaunt|0 fnt
|-enditem|p2a: Crawdaunt|Choice Band|[from] move: Knock Off|[of] p1a: Weavile
|faint|p2a: Crawdaunt
|
|upkeep
|
|t:|1776046557
|switch|p2a: Slowking|Slowking-Galar, M, shiny|57/100 par
|turn|39
|
|t:|1776046559
|switch|p2a: Gholdengo|Gholdengo|28/100
|move|p1a: Weavile|Knock Off|p2a: Gholdengo
|-supereffective|p2a: Gholdengo
|-damage|p2a: Gholdengo|0 fnt
|-enditem|p2a: Gholdengo|Heavy-Duty Boots|[from] move: Knock Off|[of] p1a: Weavile
|faint|p2a: Gholdengo
|
|upkeep
|
|t:|1776046560
|switch|p2a: Slowking|Slowking-Galar, M, shiny|91/100 par
|turn|40
|
|t:|1776046562
|move|p1a: Weavile|Knock Off|p2a: Slowking
|-supereffective|p2a: Slowking
|-damage|p2a: Slowking|29/100 par
|move|p2a: Slowking|Flamethrower|p1a: Weavile
|-supereffective|p1a: Weavile
|-damage|p1a: Weavile|0 fnt
|faint|p1a: Weavile
|
|upkeep
|
|t:|1776046565
|switch|p1a: Cinderace|Cinderace, M|83/100
|turn|41
|-message|icylikedecember forfeited.
|
|win|sminey
|raw|sminey's rating: 1715 &rarr; <strong>1734</strong><br />(+19 for winning)
|raw|icylikedecember's rating: 1689 &rarr; <strong>1670</strong><br />(-19 for losing)
|c|☆sminey|gg
|l|☆icylikedecember
|player|p2|
|l|☆sminey
|player|p1|
