|html|<div class="broadcast-blue"><strong>[Gen 9] OU is currently suspecting Tera Blast! For information on how to participate check out the <a href="https://www.smogon.com/tools/suspects/view/200">suspect thread</a>.</strong></div>
|j|☆TOXICccccccccccccc
|j|☆saint246
|t:|1776297820
|gametype|singles
|player|p1|TOXICccccccccccccc|preschooler|1136
|player|p2|saint246|169|1121
|gen|9
|tier|[Gen 9] OU
|rated|
|rule|HP Percentage Mod: HP is shown in percentages
|rule|Endless Battle Clause: Forcing endless battles is banned
|rule|Species Clause: Limit one of each Pokémon
|rule|OHKO Clause: OHKO moves are banned
|rule|Evasion Items Clause: Evasion items are banned
|rule|Evasion Moves Clause: Evasion moves are banned
|rule|Evasion Abilities Clause: Evasion abilities are banned
|rule|Sleep Moves Clause: Sleep-inducing moves are banned
|clearpoke
|poke|p1|Glimmora, M|
|poke|p1|Salazzle, F|
|poke|p1|Pecharunt|
|poke|p1|Alomomola, F|
|poke|p1|Samurott-Hisui, M|
|poke|p1|Garchomp, M|
|poke|p2|Grimmsnarl, M|
|poke|p2|Iron Treads|
|poke|p2|Ninetales-Alola, F|
|poke|p2|Galvantula, M|
|poke|p2|Greninja-*, M|
|poke|p2|Dragapult, M|
|teampreview
|inactive|Battle timer is ON: inactive players will automatically lose when time's up. (requested by TOXICccccccccccccc)
|inactive|saint246 has 120 seconds left.
|inactive|saint246 has 90 seconds left.
|c|☆TOXICccccccccccccc|🌿
|inactive|saint246 has 60 seconds left.
|
|t:|1776297919
|teamsize|p1|6
|teamsize|p2|6
|start
|switch|p1a: Glimmora|Glimmora, M|100/100
|switch|p2a: Dragapult|Dragapult, M|100/100
|turn|1
|
|t:|1776297927
|switch|p1a: Alomomola|Alomomola, F|100/100
|move|p2a: Dragapult|Thunder Wave|p1a: Alomomola
|-status|p1a: Alomomola|par
|
|upkeep
|turn|2
|
|t:|1776297933
|move|p2a: Dragapult|Hex|p1a: Alomomola
|-damage|p1a: Alomomola|31/100 par
|cant|p1a: Alomomola|par
|
|upkeep
|turn|3
|
|t:|1776297938
|switch|p1a: Samurott|Samurott-Hisui, M|100/100
|move|p2a: Dragapult|Hex|p1a: Samurott
|-resisted|p1a: Samurott
|-damage|p1a: Samurott|79/100
|
|upkeep
|turn|4
|
|t:|1776297948
|move|p1a: Samurott|Ceaseless Edge|p2a: Dragapult
|-supereffective|p2a: Dragapult
|-enditem|p2a: Dragapult|Focus Sash
|-damage|p2a: Dragapult|1/100
|-sidestart|p2: saint246|Spikes
|move|p2a: Dragapult|Will-O-Wisp|p1a: Samurott
|-status|p1a: Samurott|brn
|
|-damage|p1a: Samurott|73/100 brn|[from] brn
|upkeep
|turn|5
|
|t:|1776297957
|move|p1a: Samurott|Ceaseless Edge|p2a: Dragapult
|-supereffective|p2a: Dragapult
|-damage|p2a: Dragapult|0 fnt
|-sidestart|p2: saint246|Spikes
|faint|p2a: Dragapult
|
|-damage|p1a: Samurott|67/100 brn|[from] brn
|upkeep
|
|t:|1776297964
|switch|p2a: Grimmsnarl|Grimmsnarl, M|100/100
|-damage|p2a: Grimmsnarl|84/100|[from] Spikes
|turn|6
|
|t:|1776297967
|switch|p1a: Glimmora|Glimmora, M|100/100
|move|p2a: Grimmsnarl|Substitute|p2a: Grimmsnarl
|-start|p2a: Grimmsnarl|Substitute
|-damage|p2a: Grimmsnarl|59/100
|
|-heal|p2a: Grimmsnarl|65/100|[from] item: Leftovers
|upkeep
|turn|7
|
|t:|1776297977
|move|p1a: Glimmora|Toxic Spikes|p2a: Grimmsnarl
|-sidestart|p2: saint246|move: Toxic Spikes
|move|p2a: Grimmsnarl|Spirit Break|p1a: Glimmora
|-resisted|p1a: Glimmora
|-damage|p1a: Glimmora|82/100
|-unboost|p1a: Glimmora|spa|1
|
|-heal|p1a: Glimmora|88/100|[from] item: Leftovers
|-heal|p2a: Grimmsnarl|71/100|[from] item: Leftovers
|upkeep
|turn|8
|
|t:|1776297985
|move|p2a: Grimmsnarl|Bulk Up|p2a: Grimmsnarl
|-boost|p2a: Grimmsnarl|atk|1
|-boost|p2a: Grimmsnarl|def|1
|move|p1a: Glimmora|Toxic Spikes|p2a: Grimmsnarl
|-sidestart|p2: saint246|move: Toxic Spikes
|
|-heal|p1a: Glimmora|94/100|[from] item: Leftovers
|-heal|p2a: Grimmsnarl|77/100|[from] item: Leftovers
|upkeep
|turn|9
|
|t:|1776297996
|switch|p1a: Salazzle|Salazzle, F|100/100
|move|p2a: Grimmsnarl|Spirit Break|p1a: Salazzle
|-resisted|p1a: Salazzle
|-damage|p1a: Salazzle|78/100
|-unboost|p1a: Salazzle|spa|1
|
|-heal|p1a: Salazzle|85/100|[from] item: Leftovers
|-heal|p2a: Grimmsnarl|83/100|[from] item: Leftovers
|upkeep
|turn|10
|
|t:|1776298005
|move|p1a: Salazzle|Protect|p1a: Salazzle
|-singleturn|p1a: Salazzle|Protect
|move|p2a: Grimmsnarl|Sucker Punch||[still]
|-fail|p2a: Grimmsnarl
|
|-heal|p1a: Salazzle|91/100|[from] item: Leftovers
|-heal|p2a: Grimmsnarl|89/100|[from] item: Leftovers
|upkeep
|turn|11
|
|t:|1776298011
|move|p2a: Grimmsnarl|Bulk Up|p2a: Grimmsnarl
|-boost|p2a: Grimmsnarl|atk|1
|-boost|p2a: Grimmsnarl|def|1
|move|p1a: Salazzle|Encore|p2a: Grimmsnarl
|-start|p2a: Grimmsnarl|Encore
|
|-heal|p1a: Salazzle|97/100|[from] item: Leftovers
|-heal|p2a: Grimmsnarl|95/100|[from] item: Leftovers
|upkeep
|turn|12
|
|t:|1776298019
|switch|p1a: Pecharunt|Pecharunt|100/100
|-item|p1a: Pecharunt|Air Balloon
|move|p2a: Grimmsnarl|Bulk Up|p2a: Grimmsnarl
|-boost|p2a: Grimmsnarl|atk|1
|-boost|p2a: Grimmsnarl|def|1
|
|-heal|p2a: Grimmsnarl|100/100|[from] item: Leftovers
|upkeep
|turn|13
|
|t:|1776298027
|move|p2a: Grimmsnarl|Bulk Up|p2a: Grimmsnarl
|-boost|p2a: Grimmsnarl|atk|1
|-boost|p2a: Grimmsnarl|def|1
|move|p1a: Pecharunt|Malignant Chain|p2a: Grimmsnarl
|-supereffective|p2a: Grimmsnarl
|-end|p2a: Grimmsnarl|Substitute
|
|upkeep
|turn|14
|
|t:|1776298042
|switch|p2a: Iron Treads|Iron Treads|100/100
|-damage|p2a: Iron Treads|84/100|[from] Spikes
|-enditem|p2a: Iron Treads|Booster Energy
|-activate|p2a: Iron Treads|ability: Quark Drive|[fromitem]
|-start|p2a: Iron Treads|quarkdrivespe
|-terastallize|p1a: Pecharunt|Normal
|move|p1a: Pecharunt|Malignant Chain|p2a: Iron Treads
|-immune|p2a: Iron Treads
|
|upkeep
|turn|15
|
|t:|1776298055
|move|p2a: Iron Treads|Rapid Spin|p1a: Pecharunt
|-damage|p1a: Pecharunt|90/100
|-boost|p2a: Iron Treads|spe|1
|-enditem|p1a: Pecharunt|Air Balloon
|-sideend|p2: saint246|Spikes|[from] move: Rapid Spin|[of] p2a: Iron Treads
|-sideend|p2: saint246|Toxic Spikes|[from] move: Rapid Spin|[of] p2a: Iron Treads
|move|p1a: Pecharunt|Parting Shot|p2a: Iron Treads
|-unboost|p2a: Iron Treads|atk|1
|-unboost|p2a: Iron Treads|spa|1
|
|t:|1776298058
|switch|p1a: Glimmora|Glimmora, M|94/100|[from] Parting Shot
|
|-heal|p1a: Glimmora|100/100|[from] item: Leftovers
|upkeep
|turn|16
|
|t:|1776298067
|switch|p1a: Alomomola|Alomomola, F|65/100 par
|move|p2a: Iron Treads|Earthquake|p1a: Alomomola
|-damage|p1a: Alomomola|48/100 par
|
|upkeep
|turn|17
|
|t:|1776298072
|move|p2a: Iron Treads|Stealth Rock|p1a: Alomomola
|-sidestart|p1: TOXICccccccccccccc|move: Stealth Rock
|move|p1a: Alomomola|Flip Turn|p2a: Iron Treads
|-supereffective|p2a: Iron Treads
|-damage|p2a: Iron Treads|56/100
|
|t:|1776298076
|switch|p1a: Samurott|Samurott-Hisui, M|67/100 brn|[from] Flip Turn
|-damage|p1a: Samurott|54/100 brn|[from] Stealth Rock
|
|-damage|p1a: Samurott|48/100 brn|[from] brn
|upkeep
|turn|18
|
|t:|1776298082
|move|p2a: Iron Treads|Earthquake|p1a: Samurott
|-damage|p1a: Samurott|9/100 brn
|move|p1a: Samurott|Flip Turn|p2a: Iron Treads
|-supereffective|p2a: Iron Treads
|-damage|p2a: Iron Treads|32/100
|
|t:|1776298085
|switch|p1a: Alomomola|Alomomola, F|81/100 par|[from] Flip Turn
|
|upkeep
|turn|19
|
|t:|1776298092
|-end|p2a: Iron Treads|Quark Drive|[silent]
|switch|p2a: Ninetales|Ninetales-Alola, F|100/100
|-weather|Snowscape|[from] ability: Snow Warning|[of] p2a: Ninetales
|move|p1a: Alomomola|Flip Turn|p2a: Ninetales
|-damage|p2a: Ninetales|85/100
|
|t:|1776298095
|switch|p1a: Glimmora|Glimmora, M|100/100|[from] Flip Turn
|-damage|p1a: Glimmora|88/100|[from] Stealth Rock
|
|-weather|Snowscape|[upkeep]
|-heal|p1a: Glimmora|94/100|[from] item: Leftovers
|upkeep
|turn|20
|
|t:|1776298106
|move|p2a: Ninetales|Aurora Veil|p2a: Ninetales
|-sidestart|p2: saint246|move: Aurora Veil
|move|p1a: Glimmora|Toxic|p2a: Ninetales
|-status|p2a: Ninetales|tox
|
|-weather|Snowscape|[upkeep]
|-heal|p1a: Glimmora|100/100|[from] item: Leftovers
|-damage|p2a: Ninetales|78/100 tox|[from] psn
|upkeep
|turn|21
|
|t:|1776298113
|move|p2a: Ninetales|Encore|p1a: Glimmora
|-start|p1a: Glimmora|Encore
|move|p1a: Glimmora|Toxic|p2a: Ninetales
|-fail|p2a: Ninetales|tox
|
|-weather|Snowscape|[upkeep]
|-damage|p2a: Ninetales|66/100 tox|[from] psn
|upkeep
|turn|22
|
|t:|1776298120
|switch|p2a: Iron Treads|Iron Treads|32/100
|move|p1a: Glimmora|Toxic|p2a: Iron Treads
|-status|p2a: Iron Treads|tox
|
|-weather|Snowscape|[upkeep]
|-damage|p2a: Iron Treads|26/100 tox|[from] psn
|upkeep
|turn|23
|
|t:|1776298127
|switch|p1a: Alomomola|Alomomola, F|100/100 par
|move|p2a: Iron Treads|Earthquake|p1a: Alomomola
|-damage|p1a: Alomomola|77/100 par
|
|-weather|none
|-damage|p2a: Iron Treads|14/100 tox|[from] psn
|upkeep
|turn|24
|
|t:|1776298134
|move|p2a: Iron Treads|Earthquake|p1a: Alomomola
|-damage|p1a: Alomomola|54/100 par
|move|p1a: Alomomola|Flip Turn|p2a: Iron Treads
|-supereffective|p2a: Iron Treads
|-damage|p2a: Iron Treads|0 fnt
|faint|p2a: Iron Treads
|-end|p2a: Iron Treads|Quark Drive|[silent]
|
|t:|1776298151
|switch|p1a: Pecharunt|Pecharunt, tera:Normal|90/100|[from] Flip Turn
|-damage|p1a: Pecharunt|78/100|[from] Stealth Rock
|
|upkeep
|
|t:|1776298155
|switch|p2a: Galvantula|Galvantula, M|100/100
|turn|25
|
|t:|1776298159
|move|p2a: Galvantula|Thunder Wave|p1a: Pecharunt
|-status|p1a: Pecharunt|par
|cant|p1a: Pecharunt|par
|
|upkeep
|turn|26
|
|t:|1776298164
|move|p2a: Galvantula|Sticky Web|p1a: Pecharunt
|-sidestart|p1: TOXICccccccccccccc|move: Sticky Web
|move|p1a: Pecharunt|Parting Shot|p2a: Galvantula
|-unboost|p2a: Galvantula|atk|1
|-unboost|p2a: Galvantula|spa|1
|
|t:|1776298167
|switch|p1a: Glimmora|Glimmora, M|100/100|[from] Parting Shot
|-damage|p1a: Glimmora|88/100|[from] Stealth Rock
|-activate|p1a: Glimmora|move: Sticky Web
|-unboost|p1a: Glimmora|spe|1
|
|-heal|p1a: Glimmora|94/100|[from] item: Leftovers
|upkeep
|turn|27
|
|t:|1776298180
|move|p2a: Galvantula|Thunder|p1a: Glimmora|[miss]
|-miss|p2a: Galvantula|p1a: Glimmora
|move|p1a: Glimmora|Mortal Spin|p2a: Galvantula
|-damage|p2a: Galvantula|95/100
|-status|p2a: Galvantula|psn
|-sideend|p1: TOXICccccccccccccc|Stealth Rock|[from] move: Mortal Spin|[of] p1a: Glimmora
|-sideend|p1: TOXICccccccccccccc|Sticky Web|[from] move: Mortal Spin|[of] p1a: Glimmora
|
|-heal|p1a: Glimmora|100/100|[from] item: Leftovers
|-damage|p2a: Galvantula|83/100 psn|[from] psn
|-sideend|p2: saint246|move: Aurora Veil
|upkeep
|turn|28
|
|t:|1776298191
|move|p2a: Galvantula|Thunder Wave|p1a: Glimmora
|-status|p1a: Glimmora|par
|cant|p1a: Glimmora|par
|
|-damage|p2a: Galvantula|70/100 psn|[from] psn
|upkeep
|turn|29
|
|t:|1776298198
|switch|p2a: Greninja|Greninja, M|100/100
|move|p1a: Glimmora|Toxic Spikes|p2a: Greninja
|-sidestart|p2: saint246|move: Toxic Spikes
|
|upkeep
|turn|30
|
|t:|1776298204
|switch|p1a: Samurott|Samurott-Hisui, M|9/100 brn
|move|p2a: Greninja|Dark Pulse|p1a: Samurott
|-resisted|p1a: Samurott
|-damage|p1a: Samurott|0 fnt
|faint|p1a: Samurott
|-ability|p2a: Greninja|Battle Bond|boost
|-boost|p2a: Greninja|atk|1
|-boost|p2a: Greninja|spa|1
|-boost|p2a: Greninja|spe|1
|-activate|p2a: Greninja|ability: Battle Bond
|-damage|p2a: Greninja|91/100|[from] item: Life Orb
|
|upkeep
|
|t:|1776298217
|switch|p1a: Pecharunt|Pecharunt, tera:Normal|78/100 par
|turn|31
|
|t:|1776298222
|move|p2a: Greninja|Brick Break|p1a: Pecharunt
|-supereffective|p1a: Pecharunt
|-damage|p1a: Pecharunt|40/100 par
|-damage|p2a: Greninja|81/100|[from] item: Life Orb
|move|p1a: Pecharunt|Malignant Chain|p2a: Greninja
|-damage|p2a: Greninja|30/100
|
|upkeep
|turn|32
|
|t:|1776298233
|move|p2a: Greninja|Dark Pulse|p1a: Pecharunt
|-damage|p1a: Pecharunt|0 fnt
|faint|p1a: Pecharunt
|-damage|p2a: Greninja|20/100|[from] item: Life Orb
|
|upkeep
|
|t:|1776298236
|switch|p1a: Alomomola|Alomomola, F|87/100 par
|turn|33
|
|t:|1776298241
|move|p2a: Greninja|Dark Pulse|p1a: Alomomola
|-damage|p1a: Alomomola|8/100 par
|-damage|p2a: Greninja|10/100|[from] item: Life Orb
|move|p1a: Alomomola|Wish|p1a: Alomomola
|
|upkeep
|turn|34
|
|t:|1776298247
|move|p1a: Alomomola|Protect|p1a: Alomomola
|-singleturn|p1a: Alomomola|Protect
|move|p2a: Greninja|Dark Pulse|p1a: Alomomola
|-activate|p1a: Alomomola|move: Protect
|
|-heal|p1a: Alomomola|58/100 par|[from] move: Wish|[wisher] Alomomola
|upkeep
|turn|35
|
|t:|1776298255
|move|p2a: Greninja|Dark Pulse|p1a: Alomomola
|-damage|p1a: Alomomola|0 fnt
|faint|p1a: Alomomola
|-damage|p2a: Greninja|0 fnt|[from] item: Life Orb
|faint|p2a: Greninja
|
|upkeep
|
|t:|1776298275
|switch|p2a: Galvantula|Galvantula, M|70/100 psn
|switch|p1a: Glimmora|Glimmora, M|100/100 par
|turn|36
|
|t:|1776298280
|move|p2a: Galvantula|Thunder|p1a: Glimmora
|-damage|p1a: Glimmora|59/100 par
|move|p1a: Glimmora|Toxic Spikes|p2a: Galvantula
|-sidestart|p2: saint246|move: Toxic Spikes
|
|-heal|p1a: Glimmora|65/100 par|[from] item: Leftovers
|-damage|p2a: Galvantula|58/100 psn|[from] psn
|upkeep
|turn|37
|
|t:|1776298306
|switch|p1a: Garchomp|Garchomp, M|100/100
|move|p2a: Galvantula|Sticky Web|p1a: Garchomp
|-sidestart|p1: TOXICccccccccccccc|move: Sticky Web
|
|-damage|p2a: Galvantula|45/100 psn|[from] psn
|upkeep
|turn|38
|inactive|TOXICccccccccccccc has 120 seconds left.
|
|t:|1776298321
|-terastallize|p2a: Galvantula|Grass
|move|p2a: Galvantula|Energy Ball|p1a: Garchomp
|-damage|p1a: Garchomp|62/100
|move|p1a: Garchomp|Scale Shot|p2a: Galvantula
|-damage|p2a: Galvantula|21/100 psn
|-damage|p2a: Galvantula|0 fnt
|faint|p2a: Galvantula
|-hitcount|p2: Galvantula|2
|-unboost|p1a: Garchomp|def|1
|-boost|p1a: Garchomp|spe|1
|
|upkeep
|-message|saint246 forfeited.
|
|win|TOXICccccccccccccc
|raw|TOXICccccccccccccc's rating: 1136 &rarr; <strong>1160</strong><br />(+24 for winning)
|raw|saint246's rating: 1121 &rarr; <strong>1097</strong><br />(-24 for losing)
|l|☆saint246
|player|p2|
