|html|<div class="broadcast-blue"><strong>[Gen 9] OU is currently suspecting Tera Blast! For information on how to participate check out the <a href="https://www.smogon.com/tools/suspects/view/200">suspect thread</a>.</strong></div>
|j|☆TMK7771
|j|☆diglett101
|t:|1776090442
|gametype|singles
|player|p1|TMK7771|unknown|1267
|player|p2|diglett101|101|1220
|gen|9
|tier|[Gen 9] OU
|rated|
|rule|HP Percentage Mod: HP is shown in percentages
|rule|Endless Battle Clause: Forcing endless battles is banned
|rule|Species Clause: Limit one of each Pokémon
|rule|OHKO Clause: OHKO moves are banned
|rule|Evasion Items Clause: Evasion items are banned
|rule|Evasion Moves Clause: Evasion moves are banned
|rule|Evasion Abilities Clause: Evasion abilities are banned
|rule|Sleep Moves Clause: Sleep-inducing moves are banned
|clearpoke
|poke|p1|Hatterene, F|
|poke|p1|Kyurem|
|poke|p1|Ursaluna, F|
|poke|p1|Heatran, F|
|poke|p1|Quaquaval, M|
|poke|p1|Meowscarada, M|
|poke|p2|Lycanroc-Dusk, F|
|poke|p2|Heracross, F|
|poke|p2|Torterra, F|
|poke|p2|Armarouge, F|
|poke|p2|Noivern, F|
|poke|p2|Primarina, M|
|teampreview
|inactive|Battle timer is ON: inactive players will automatically lose when time's up. (requested by diglett101)
|
|t:|1776090464
|teamsize|p1|6
|teamsize|p2|6
|start
|switch|p1a: Kyurem|Kyurem|100/100
|switch|p2a: Lycanroc|Lycanroc-Dusk, F|100/100
|-ability|p1a: Kyurem|Pressure
|turn|1
|
|t:|1776090481
|-terastallize|p1a: Kyurem|Ground
|move|p2a: Lycanroc|Close Combat|p1a: Kyurem
|-damage|p1a: Kyurem|42/100
|-unboost|p2a: Lycanroc|def|1
|-unboost|p2a: Lycanroc|spd|1
|-damage|p2a: Lycanroc|91/100|[from] item: Life Orb
|move|p1a: Kyurem|Earth Power|p2a: Lycanroc
|-supereffective|p2a: Lycanroc
|-damage|p2a: Lycanroc|0 fnt
|faint|p2a: Lycanroc
|
|upkeep
|
|t:|1776090496
|switch|p2a: Primarina|Primarina, M|100/100
|turn|2
|
|t:|1776090510
|switch|p1a: Hatterene|Hatterene, F, shiny|100/100
|move|p2a: Primarina|Hyper Voice|p1a: Hatterene
|-damage|p1a: Hatterene|44/100
|
|-heal|p1a: Hatterene|50/100|[from] item: Leftovers
|upkeep
|turn|3
|
|t:|1776090525
|switch|p1a: Meowscarada|Meowscarada, M|100/100
|move|p2a: Primarina|Hyper Voice|p1a: Meowscarada
|-resisted|p1a: Meowscarada
|-damage|p1a: Meowscarada|60/100
|
|upkeep
|turn|4
|
|t:|1776090535
|switch|p2a: Heracross|Heracross, F|100/100
|move|p1a: Meowscarada|Flower Trick|p2a: Heracross
|-start|p1a: Meowscarada|typechange|Grass|[from] ability: Protean
|-resisted|p2a: Heracross
|-crit|p2a: Heracross
|-damage|p2a: Heracross|63/100
|
|-status|p2a: Heracross|brn|[from] item: Flame Orb
|upkeep
|turn|5
|
|t:|1776090548
|switch|p1a: Heatran|Heatran, F|100/100
|move|p2a: Heracross|Facade|p1a: Heatran
|-resisted|p1a: Heatran
|-damage|p1a: Heatran|65/100
|
|-damage|p2a: Heracross|57/100 brn|[from] brn
|upkeep
|turn|6
|
|t:|1776090564
|switch|p2a: Armarouge|Armarouge, F|100/100
|move|p1a: Heatran|Magma Storm|p2a: Armarouge
|-start|p2a: Armarouge|ability: Flash Fire
|
|upkeep
|turn|7
|
|t:|1776090571
|move|p1a: Heatran|Earth Power|p2a: Armarouge
|-supereffective|p2a: Armarouge
|-damage|p2a: Armarouge|47/100
|move|p2a: Armarouge|Meteor Beam||[still]
|-prepare|p2a: Armarouge|Meteor Beam
|-boost|p2a: Armarouge|spa|1
|-enditem|p2a: Armarouge|Power Herb
|-anim|p2a: Armarouge|Meteor Beam|p1a: Heatran
|-damage|p1a: Heatran|21/100
|
|upkeep
|turn|8
|
|t:|1776090586
|-terastallize|p2a: Armarouge|Grass
|move|p1a: Heatran|Earth Power|p2a: Armarouge
|-resisted|p2a: Armarouge
|-damage|p2a: Armarouge|32/100
|move|p2a: Armarouge|Psychic|p1a: Heatran
|-resisted|p1a: Heatran
|-damage|p1a: Heatran|0 fnt
|faint|p1a: Heatran
|
|upkeep
|
|t:|1776090595
|switch|p1a: Meowscarada|Meowscarada, M|60/100
|turn|9
|
|t:|1776090599
|move|p1a: Meowscarada|U-turn|p2a: Armarouge
|-start|p1a: Meowscarada|typechange|Bug|[from] ability: Protean
|-supereffective|p2a: Armarouge
|-damage|p2a: Armarouge|0 fnt
|faint|p2a: Armarouge
|
|t:|1776090607
|switch|p1a: Ursaluna|Ursaluna, F|100/100|[from] U-turn
|
|-status|p1a: Ursaluna|brn|[from] item: Flame Orb
|upkeep
|
|t:|1776090613
|switch|p2a: Heracross|Heracross, F|57/100 brn
|turn|10
|
|t:|1776090621
|move|p2a: Heracross|Close Combat|p1a: Ursaluna
|-supereffective|p1a: Ursaluna
|-damage|p1a: Ursaluna|0 fnt
|-unboost|p2a: Heracross|def|1
|-unboost|p2a: Heracross|spd|1
|faint|p1a: Ursaluna
|
|-damage|p2a: Heracross|51/100 brn|[from] brn
|upkeep
|
|t:|1776090631
|switch|p1a: Kyurem|Kyurem, tera:Ground|42/100
|-ability|p1a: Kyurem|Pressure
|turn|11
|
|t:|1776090640
|switch|p2a: Noivern|Noivern, F|100/100
|move|p1a: Kyurem|Freeze-Dry|p2a: Noivern
|-supereffective|p2a: Noivern
|-damage|p2a: Noivern|0 fnt
|faint|p2a: Noivern
|
|upkeep
|
|t:|1776090654
|switch|p2a: Heracross|Heracross, F|51/100 brn
|turn|12
|
|t:|1776090658
|move|p1a: Kyurem|Freeze-Dry|p2a: Heracross
|-damage|p2a: Heracross|0 fnt
|faint|p2a: Heracross
|
|upkeep
|
|t:|1776090663
|switch|p2a: Primarina|Primarina, M|100/100
|turn|13
|
|t:|1776090668
|move|p1a: Kyurem|Freeze-Dry|p2a: Primarina
|-supereffective|p2a: Primarina
|-damage|p2a: Primarina|0 fnt
|faint|p2a: Primarina
|
|upkeep
|
|t:|1776090671
|switch|p2a: Torterra|Torterra, F|100/100
|turn|14
|
|t:|1776090677
|move|p1a: Kyurem|Freeze-Dry|p2a: Torterra
|-supereffective|p2a: Torterra
|-damage|p2a: Torterra|0 fnt
|faint|p2a: Torterra
|
|win|TMK7771
|raw|TMK7771's rating: 1267 &rarr; <strong>1289</strong><br />(+22 for winning)
|raw|diglett101's rating: 1220 &rarr; <strong>1198</strong><br />(-22 for losing)
|l|☆diglett101
|player|p2|
|l|☆TMK7771
|player|p1|
