|html|<div class="broadcast-blue"><strong>[Gen 9] OU is currently suspecting Tera Blast! For information on how to participate check out the <a href="https://www.smogon.com/tools/suspects/view/200">suspect thread</a>.</strong></div>
|j|☆yeetoo
|j|☆ilnhae
|t:|1776032457
|gametype|singles
|player|p1|yeetoo|ethan|1312
|player|p2|ilnhae|battlegirl-gen4|1295
|gen|9
|tier|[Gen 9] OU
|rated|
|rule|HP Percentage Mod: HP is shown in percentages
|rule|Endless Battle Clause: Forcing endless battles is banned
|rule|Species Clause: Limit one of each Pokémon
|rule|OHKO Clause: OHKO moves are banned
|rule|Evasion Items Clause: Evasion items are banned
|rule|Evasion Moves Clause: Evasion moves are banned
|rule|Evasion Abilities Clause: Evasion abilities are banned
|rule|Sleep Moves Clause: Sleep-inducing moves are banned
|clearpoke
|poke|p1|Electrode-Hisui|
|poke|p1|Scizor, M|
|poke|p1|Entei|
|poke|p1|Swampert, F|
|poke|p1|Goodra, M|
|poke|p1|Necrozma|
|poke|p2|Iron Valiant|
|poke|p2|Staraptor, F|
|poke|p2|Great Tusk|
|poke|p2|Glimmora, F|
|poke|p2|Dragapult, M|
|poke|p2|Gholdengo|
|teampreview
|inactive|Battle timer is ON: inactive players will automatically lose when time's up. (requested by ilnhae)
|
|t:|1776032491
|teamsize|p1|6
|teamsize|p2|6
|start
|switch|p1a: Swampert|Swampert, F|100/100
|switch|p2a: Grimm Aura|Glimmora, F|100/100
|turn|1
|
|t:|1776032501
|move|p2a: Grimm Aura|Stealth Rock|p1a: Swampert
|-sidestart|p1: yeetoo|move: Stealth Rock
|move|p1a: Swampert|Earthquake|p2a: Grimm Aura
|-supereffective|p2a: Grimm Aura
|-enditem|p2a: Grimm Aura|Focus Sash
|-damage|p2a: Grimm Aura|1/100
|-activate|p2a: Grimm Aura|ability: Toxic Debris
|-sidestart|p1: yeetoo|move: Toxic Spikes
|
|upkeep
|turn|2
|
|t:|1776032515
|move|p2a: Grimm Aura|Spikes|p1a: Swampert
|-sidestart|p1: yeetoo|Spikes
|move|p1a: Swampert|Knock Off|p2a: Grimm Aura
|-damage|p2a: Grimm Aura|0 fnt
|-activate|p2a: Grimm Aura|ability: Toxic Debris
|-sidestart|p1: yeetoo|move: Toxic Spikes
|faint|p2a: Grimm Aura
|
|upkeep
|
|t:|1776032538
|switch|p2a: The Normal Bird|Staraptor, F, shiny|100/100
|turn|3
|
|t:|1776032548
|switch|p1a: Scizor|Scizor, M|100/100
|move|p2a: The Normal Bird|Brave Bird|p1a: Scizor
|-damage|p1a: Scizor|36/100
|-damage|p2a: The Normal Bird|77/100|[from] Recoil
|
|upkeep
|turn|4
|
|t:|1776032554
|move|p1a: Scizor|Bullet Punch|p2a: The Normal Bird
|-damage|p2a: The Normal Bird|28/100
|move|p2a: The Normal Bird|Brave Bird|p1a: Scizor
|-damage|p1a: Scizor|0 fnt
|faint|p1a: Scizor
|-damage|p2a: The Normal Bird|15/100|[from] Recoil
|
|upkeep
|
|t:|1776032566
|switch|p1a: Entei|Entei|100/100
|turn|5
|
|t:|1776032572
|switch|p2a: PhantoRyu|Dragapult, M|100/100
|move|p1a: Entei|Extreme Speed|p2a: PhantoRyu
|-immune|p2a: PhantoRyu
|
|upkeep
|turn|6
|
|t:|1776032584
|-terastallize|p1a: Entei|Normal
|move|p2a: PhantoRyu|Shadow Ball|p1a: Entei
|-immune|p1a: Entei
|move|p1a: Entei|Sacred Fire|p2a: PhantoRyu
|-resisted|p2a: PhantoRyu
|-damage|p2a: PhantoRyu|66/100
|
|upkeep
|turn|7
|
|t:|1776032594
|switch|p1a: Necrozma|Necrozma|100/100
|move|p2a: PhantoRyu|Draco Meteor|p1a: Necrozma
|-damage|p1a: Necrozma|31/100
|-unboost|p2a: PhantoRyu|spa|2
|-damage|p2a: PhantoRyu|57/100|[from] item: Life Orb
|
|upkeep
|turn|8
|
|t:|1776032601
|move|p2a: PhantoRyu|U-turn|p1a: Necrozma
|-supereffective|p1a: Necrozma
|-crit|p1a: Necrozma
|-damage|p1a: Necrozma|0 fnt
|faint|p1a: Necrozma
|-damage|p2a: PhantoRyu|47/100|[from] item: Life Orb
|
|t:|1776032617
|switch|p2a: Mammouth|Great Tusk|100/100|[from] U-turn
|
|upkeep
|
|t:|1776032621
|switch|p1a: Entei|Entei, tera:Normal|100/100
|turn|9
|
|t:|1776032632
|move|p1a: Entei|Sacred Fire|p2a: Mammouth
|-damage|p2a: Mammouth|65/100
|move|p2a: Mammouth|Rapid Spin|p1a: Entei
|-damage|p1a: Entei|81/100
|-boost|p2a: Mammouth|spe|1
|
|upkeep
|turn|10
|
|t:|1776032639
|switch|p1a: Goodra|Goodra, M|100/100
|-damage|p1a: Goodra|88/100|[from] Stealth Rock
|-status|p1a: Goodra|tox
|-damage|p1a: Goodra|75/100 tox|[from] Spikes
|move|p2a: Mammouth|Headlong Rush|p1a: Goodra
|-damage|p1a: Goodra|0 fnt
|-unboost|p2a: Mammouth|def|1
|-unboost|p2a: Mammouth|spd|1
|-damage|p2a: Mammouth|48/100|[from] item: Rocky Helmet|[of] p1a: Goodra
|-ability|p1a: Goodra|Gooey
|-unboost|p2a: Mammouth|spe|1
|faint|p1a: Goodra
|
|upkeep
|
|t:|1776032653
|switch|p1a: Entei|Entei, tera:Normal|81/100
|turn|11
|
|t:|1776032658
|-end|p2a: Mammouth|Protosynthesis|[silent]
|switch|p2a: PhantoRyu|Dragapult, M|47/100
|move|p1a: Entei|Sacred Fire|p2a: PhantoRyu
|-resisted|p2a: PhantoRyu
|-damage|p2a: PhantoRyu|14/100
|
|upkeep
|turn|12
|
|t:|1776032669
|switch|p1a: Swampert|Swampert, F|100/100
|-damage|p1a: Swampert|94/100|[from] Stealth Rock
|-status|p1a: Swampert|tox
|-damage|p1a: Swampert|82/100 tox|[from] Spikes
|move|p2a: PhantoRyu|Draco Meteor|p1a: Swampert
|-damage|p1a: Swampert|35/100 tox
|-unboost|p2a: PhantoRyu|spa|2
|-damage|p2a: PhantoRyu|4/100|[from] item: Life Orb
|
|-damage|p1a: Swampert|28/100 tox|[from] psn
|upkeep
|turn|13
|
|t:|1776032686
|move|p2a: PhantoRyu|U-turn|p1a: Swampert
|-damage|p1a: Swampert|8/100 tox
|-damage|p2a: PhantoRyu|0 fnt|[from] item: Life Orb
|faint|p2a: PhantoRyu
|move|p1a: Swampert|Liquidation|p2: PhantoRyu|[notarget]
|-fail|p1a: Swampert
|
|-damage|p1a: Swampert|0 fnt|[from] psn
|faint|p1a: Swampert
|upkeep
|
|t:|1776032703
|switch|p2a: Like a J|Gholdengo|100/100
|switch|p1a: Entei|Entei, tera:Normal|81/100
|turn|14
|
|t:|1776032717
|-terastallize|p2a: Like a J|Water
|move|p1a: Entei|Sacred Fire|p2a: Like a J
|-resisted|p2a: Like a J
|-damage|p2a: Like a J|77/100
|move|p2a: Like a J|Nasty Plot|p2a: Like a J
|-boost|p2a: Like a J|spa|2
|
|-heal|p2a: Like a J|83/100|[from] item: Leftovers
|upkeep
|turn|15
|
|t:|1776032726
|move|p1a: Entei|Extreme Speed|p2a: Like a J
|-damage|p2a: Like a J|46/100
|move|p2a: Like a J|Make It Rain|p1a: Entei
|-damage|p1a: Entei|0 fnt
|-unboost|p2a: Like a J|spa|1
|faint|p1a: Entei
|
|-heal|p2a: Like a J|52/100|[from] item: Leftovers
|upkeep
|
|t:|1776032737
|switch|p1a: Electrode|Electrode-Hisui|100/100
|turn|16
|
|t:|1776032746
|move|p1a: Electrode|Energy Ball|p2a: Like a J
|-supereffective|p2a: Like a J
|-damage|p2a: Like a J|0 fnt
|faint|p2a: Like a J
|
|upkeep
|
|t:|1776032750
|switch|p2a: The Normal Bird|Staraptor, F, shiny|15/100
|turn|17
|
|t:|1776032758
|move|p2a: The Normal Bird|Brave Bird|p1a: Electrode
|-damage|p1a: Electrode|0 fnt
|-damage|p2a: The Normal Bird|0 fnt|[from] ability: Aftermath|[of] p1a: Electrode
|faint|p1a: Electrode
|faint|p2a: The Normal Bird
|
|win|ilnhae
|raw|yeetoo's rating: 1312 &rarr; <strong>1291</strong><br />(-21 for losing)
|raw|ilnhae's rating: 1295 &rarr; <strong>1321</strong><br />(+26 for winning)
|l|☆ilnhae
|player|p2|
|c|☆yeetoo|ggs
|l|☆yeetoo
|player|p1|
