|html|<div class="broadcast-blue"><strong>[Gen 9] OU is currently suspecting Tera Blast! For information on how to participate check out the <a href="https://www.smogon.com/tools/suspects/view/200">suspect thread</a>.</strong></div>
|j|‽Dkdnsnznsnssn
|j|☆SoundSavant
|t:|1776267082
|gametype|singles
|player|p1|Dkdnsnznsnssn|266|1000
|player|p2|SoundSavant|falkner|1048
|gen|9
|tier|[Gen 9] OU
|rated|
|rule|HP Percentage Mod: HP is shown in percentages
|rule|Endless Battle Clause: Forcing endless battles is banned
|rule|Species Clause: Limit one of each Pokémon
|rule|OHKO Clause: OHKO moves are banned
|rule|Evasion Items Clause: Evasion items are banned
|rule|Evasion Moves Clause: Evasion moves are banned
|rule|Evasion Abilities Clause: Evasion abilities are banned
|rule|Sleep Moves Clause: Sleep-inducing moves are banned
|clearpoke
|poke|p1|Deoxys-Speed|
|poke|p1|Glimmora, F|
|poke|p1|Dragonite, F|
|poke|p1|Ceruledge, F|
|poke|p1|Zamazenta-*|
|poke|p1|Darkrai|
|poke|p2|Kingambit, M|
|poke|p2|Garganacl, F|
|poke|p2|Primarina, M|
|poke|p2|Tyranitar, F|
|poke|p2|Corviknight, F|
|poke|p2|Pecharunt|
|teampreview
|inactive|Battle timer is ON: inactive players will automatically lose when time's up. (requested by SoundSavant)
|inactive|Dkdnsnznsnssn also wants the timer to be on.
|inactive|Dkdnsnznsnssn no longer wants the timer on, but the timer is staying on because soundsavant still does.
|
|t:|1776267098
|teamsize|p1|6
|teamsize|p2|6
|start
|switch|p1a: Glimmora|Glimmora, F|100/100
|switch|p2a: Tyranitar|Tyranitar, F|100/100
|-weather|Sandstorm|[from] ability: Sand Stream|[of] p2a: Tyranitar
|turn|1
|
|t:|1776267104
|move|p1a: Glimmora|Stealth Rock|p2a: Tyranitar
|-sidestart|p2: SoundSavant|move: Stealth Rock
|move|p2a: Tyranitar|Stealth Rock|p1a: Glimmora
|-sidestart|p1: Dkdnsnznsnssn|move: Stealth Rock
|
|-weather|Sandstorm|[upkeep]
|upkeep
|turn|2
|
|t:|1776267110
|move|p1a: Glimmora|Mortal Spin|p2a: Tyranitar
|-resisted|p2a: Tyranitar
|-damage|p2a: Tyranitar|98/100
|-status|p2a: Tyranitar|psn
|-sideend|p1: Dkdnsnznsnssn|Stealth Rock|[from] move: Mortal Spin|[of] p1a: Glimmora
|move|p2a: Tyranitar|Roar|p1a: Glimmora
|drag|p1a: Darkrai|Darkrai|100/100
|
|-weather|Sandstorm|[upkeep]
|-damage|p1a: Darkrai|94/100|[from] Sandstorm
|-heal|p1a: Darkrai|100/100|[from] item: Leftovers
|-damage|p2a: Tyranitar|86/100 psn|[from] psn
|upkeep
|turn|3
|
|t:|1776267130
|switch|p1a: Glimmora|Glimmora, F|100/100
|move|p2a: Tyranitar|Knock Off|p1a: Glimmora
|-damage|p1a: Glimmora|45/100
|-activate|p1a: Glimmora|ability: Toxic Debris
|-sidestart|p2: SoundSavant|move: Toxic Spikes
|-enditem|p1a: Glimmora|Power Herb|[from] move: Knock Off|[of] p2a: Tyranitar
|
|-weather|Sandstorm|[upkeep]
|-damage|p2a: Tyranitar|74/100 psn|[from] psn
|upkeep
|turn|4
|
|t:|1776267135
|move|p1a: Glimmora|Earth Power|p2a: Tyranitar
|-supereffective|p2a: Tyranitar
|-damage|p2a: Tyranitar|47/100 psn
|move|p2a: Tyranitar|Knock Off|p1a: Glimmora
|-damage|p1a: Glimmora|11/100
|-activate|p1a: Glimmora|ability: Toxic Debris
|-sidestart|p2: SoundSavant|move: Toxic Spikes
|
|-weather|Sandstorm|[upkeep]
|-damage|p2a: Tyranitar|35/100 psn|[from] psn
|upkeep
|turn|5
|
|t:|1776267147
|move|p1a: Glimmora|Meteor Beam||[still]
|-prepare|p1a: Glimmora|Meteor Beam
|-boost|p1a: Glimmora|spa|1
|move|p2a: Tyranitar|Knock Off|p1a: Glimmora
|-damage|p1a: Glimmora|0 fnt
|faint|p1a: Glimmora
|
|-weather|Sandstorm|[upkeep]
|-damage|p2a: Tyranitar|23/100 psn|[from] psn
|upkeep
|inactive|Dkdnsnznsnssn has 120 seconds left.
|
|t:|1776267174
|switch|p1a: Darkrai|Darkrai|100/100
|turn|6
|inactive|Dkdnsnznsnssn has 120 seconds left.
|
|t:|1776267186
|move|p1a: Darkrai|Nasty Plot|p1a: Darkrai
|-boost|p1a: Darkrai|spa|2
|move|p2a: Tyranitar|Knock Off|p1a: Darkrai
|-resisted|p1a: Darkrai
|-damage|p1a: Darkrai|71/100
|-enditem|p1a: Darkrai|Leftovers|[from] move: Knock Off|[of] p2a: Tyranitar
|
|-weather|Sandstorm|[upkeep]
|-damage|p1a: Darkrai|65/100|[from] Sandstorm
|-damage|p2a: Tyranitar|10/100 psn|[from] psn
|upkeep
|turn|7
|
|t:|1776267194
|move|p1a: Darkrai|Ice Beam|p2a: Tyranitar
|-damage|p2a: Tyranitar|0 fnt
|faint|p2a: Tyranitar
|
|-weather|Sandstorm|[upkeep]
|-damage|p1a: Darkrai|59/100|[from] Sandstorm
|upkeep
|
|t:|1776267202
|switch|p2a: Kingambit|Kingambit, M|100/100
|-damage|p2a: Kingambit|94/100|[from] Stealth Rock
|turn|8
|
|t:|1776267207
|move|p1a: Darkrai|Will-O-Wisp|p2a: Kingambit
|-status|p2a: Kingambit|brn
|move|p2a: Kingambit|Brick Break|p1a: Darkrai
|-supereffective|p1a: Darkrai
|-damage|p1a: Darkrai|4/100
|
|-weather|none
|-damage|p2a: Kingambit|88/100 brn|[from] brn
|upkeep
|turn|9
|
|t:|1776267214
|move|p1a: Darkrai|Dark Pulse|p2a: Kingambit
|-resisted|p2a: Kingambit
|-damage|p2a: Kingambit|35/100 brn
|cant|p2a: Kingambit|flinch
|
|-damage|p2a: Kingambit|29/100 brn|[from] brn
|upkeep
|turn|10
|
|t:|1776267220
|move|p1a: Darkrai|Dark Pulse|p2a: Kingambit
|-resisted|p2a: Kingambit
|-damage|p2a: Kingambit|0 fnt
|faint|p2a: Kingambit
|
|upkeep
|
|t:|1776267226
|switch|p2a: Corviknight|Corviknight, F|100/100
|-damage|p2a: Corviknight|88/100|[from] Stealth Rock
|-ability|p2a: Corviknight|Pressure
|turn|11
|
|t:|1776267231
|move|p1a: Darkrai|Dark Pulse|p2a: Corviknight
|-damage|p2a: Corviknight|12/100
|move|p2a: Corviknight|U-turn|p1a: Darkrai
|-supereffective|p1a: Darkrai
|-damage|p1a: Darkrai|0 fnt
|faint|p1a: Darkrai
|
|t:|1776267236
|switch|p2a: Pecharunt|Pecharunt|100/100|[from] U-turn
|-sideend|p2: SoundSavant|move: Toxic Spikes|[of] p2a: Pecharunt
|
|upkeep
|
|t:|1776267240
|switch|p1a: Deoxys|Deoxys-Speed|100/100
|-ability|p1a: Deoxys|Pressure
|turn|12
|
|t:|1776267250
|move|p1a: Deoxys|Light Screen|p1a: Deoxys
|-sidestart|p1: Dkdnsnznsnssn|move: Light Screen
|move|p2a: Pecharunt|Foul Play|p1a: Deoxys
|-supereffective|p1a: Deoxys
|-damage|p1a: Deoxys|58/100
|
|upkeep
|turn|13
|
|t:|1776267255
|move|p1a: Deoxys|Reflect|p1a: Deoxys
|-sidestart|p1: Dkdnsnznsnssn|Reflect
|move|p2a: Pecharunt|Foul Play|p1a: Deoxys
|-supereffective|p1a: Deoxys
|-damage|p1a: Deoxys|39/100
|
|upkeep
|turn|14
|
|t:|1776267261
|move|p1a: Deoxys|Psycho Boost|p2a: Pecharunt
|-supereffective|p2a: Pecharunt
|-crit|p2a: Pecharunt
|-damage|p2a: Pecharunt|0 fnt
|-unboost|p1a: Deoxys|spa|2
|faint|p2a: Pecharunt
|
|upkeep
|-message|SoundSavant forfeited.
|
|win|Dkdnsnznsnssn
|raw|Dkdnsnznsnssn's rating: 1000 &rarr; <strong>1045</strong><br />(+45 for winning)
|raw|SoundSavant's rating: 1048 &rarr; <strong>1028</strong><br />(-20 for losing)
|l|☆SoundSavant
|player|p2|
