|html|<div class="broadcast-blue"><strong>[Gen 9] OU is currently suspecting Tera Blast! For information on how to participate check out the <a href="https://www.smogon.com/tools/suspects/view/200">suspect thread</a>.</strong></div>
|j|☆skopergmamer
|j|☆Ramiro95
|t:|1776040263
|gametype|singles
|player|p1|skopergmamer|102|1265
|player|p2|Ramiro95|266|1334
|gen|9
|tier|[Gen 9] OU
|rated|
|rule|HP Percentage Mod: HP is shown in percentages
|rule|Endless Battle Clause: Forcing endless battles is banned
|rule|Species Clause: Limit one of each Pokémon
|rule|OHKO Clause: OHKO moves are banned
|rule|Evasion Items Clause: Evasion items are banned
|rule|Evasion Moves Clause: Evasion moves are banned
|rule|Evasion Abilities Clause: Evasion abilities are banned
|rule|Sleep Moves Clause: Sleep-inducing moves are banned
|clearpoke
|poke|p1|Heatran, M|
|poke|p1|Toxapex, F|
|poke|p1|Dragapult, F|
|poke|p1|Clefable, F|
|poke|p1|Quaquaval, M|
|poke|p1|Meowscarada, F|
|poke|p2|Great Tusk|
|poke|p2|Iron Valiant|
|poke|p2|Scrafty, M|
|poke|p2|Conkeldurr, F|
|poke|p2|Cobalion|
|poke|p2|Iron Hands|
|teampreview
|
|t:|1776040282
|teamsize|p1|6
|teamsize|p2|6
|start
|switch|p1a: Heatran|Heatran, M|100/100
|switch|p2a: Cobalion|Cobalion|100/100
|turn|1
|
|t:|1776040296
|-terastallize|p2a: Cobalion|Ghost
|move|p2a: Cobalion|Taunt|p1a: Heatran
|-start|p1a: Heatran|move: Taunt
|cant|p1a: Heatran|move: Taunt|Stealth Rock
|
|upkeep
|turn|2
|
|t:|1776040303
|switch|p1a: Meowscarada|Meowscarada, F|100/100
|move|p2a: Cobalion|Stealth Rock|p1a: Meowscarada
|-sidestart|p1: skopergmamer|move: Stealth Rock
|
|upkeep
|turn|3
|
|t:|1776040313
|switch|p2a: Iron Hands|Iron Hands|100/100
|move|p1a: Meowscarada|Knock Off|p2a: Iron Hands
|-start|p1a: Meowscarada|typechange|Dark|[from] ability: Protean
|-resisted|p2a: Iron Hands
|-damage|p2a: Iron Hands|86/100
|-enditem|p2a: Iron Hands|Protective Pads|[from] move: Knock Off|[of] p1a: Meowscarada
|
|upkeep
|turn|4
|
|t:|1776040322
|switch|p1a: Clefable|Clefable, F|100/100
|-damage|p1a: Clefable|88/100|[from] Stealth Rock
|move|p2a: Iron Hands|Ice Punch|p1a: Clefable
|-damage|p1a: Clefable|62/100
|
|-heal|p1a: Clefable|69/100|[from] item: Leftovers
|upkeep
|turn|5
|
|t:|1776040329
|-end|p2a: Iron Hands|Quark Drive|[silent]
|switch|p2a: Cobalion|Cobalion, tera:Ghost|100/100
|move|p1a: Clefable|Wish|p1a: Clefable
|
|-heal|p1a: Clefable|75/100|[from] item: Leftovers
|upkeep
|turn|6
|
|t:|1776040334
|-terastallize|p1a: Clefable|Steel
|move|p2a: Cobalion|Taunt|p1a: Clefable
|-start|p1a: Clefable|move: Taunt
|cant|p1a: Clefable|move: Taunt|Thunder Wave
|
|-heal|p1a: Clefable|100/100|[from] move: Wish|[wisher] Clefable
|upkeep
|turn|7
|
|t:|1776040340
|move|p2a: Cobalion|Thunder Wave|p1a: Clefable
|-status|p1a: Clefable|par
|move|p1a: Clefable|Moonblast|p2a: Cobalion
|-damage|p2a: Cobalion|61/100
|
|-heal|p2a: Cobalion|68/100|[from] item: Leftovers
|upkeep
|turn|8
|
|t:|1776040351
|move|p2a: Cobalion|Iron Head|p1a: Clefable
|-resisted|p1a: Clefable
|-damage|p1a: Clefable|89/100 par
|move|p1a: Clefable|Moonblast|p2a: Cobalion
|-damage|p2a: Cobalion|25/100
|
|-heal|p2a: Cobalion|32/100|[from] item: Leftovers
|-heal|p1a: Clefable|95/100 par|[from] item: Leftovers
|-end|p1a: Clefable|move: Taunt
|upkeep
|turn|9
|
|t:|1776040366
|switch|p2a: Conkeldurr|Conkeldurr, F|100/100
|move|p1a: Clefable|Thunder Wave|p2a: Conkeldurr
|-status|p2a: Conkeldurr|par
|
|-heal|p1a: Clefable|100/100 par|[from] item: Leftovers
|upkeep
|turn|10
|
|t:|1776040374
|move|p1a: Clefable|Moonblast|p2a: Conkeldurr
|-supereffective|p2a: Conkeldurr
|-damage|p2a: Conkeldurr|44/100 par
|-unboost|p2a: Conkeldurr|spa|1
|cant|p2a: Conkeldurr|par
|
|upkeep
|turn|11
|
|t:|1776040386
|move|p1a: Clefable|Moonblast|p2a: Conkeldurr
|-supereffective|p2a: Conkeldurr
|-damage|p2a: Conkeldurr|0 fnt
|faint|p2a: Conkeldurr
|
|upkeep
|
|t:|1776040390
|switch|p2a: Iron Hands|Iron Hands|86/100
|turn|12
|
|t:|1776040396
|switch|p1a: Toxapex|Toxapex, F|100/100
|-damage|p1a: Toxapex|88/100|[from] Stealth Rock
|move|p2a: Iron Hands|Drain Punch|p1a: Toxapex
|-resisted|p1a: Toxapex
|-damage|p1a: Toxapex|72/100
|-heal|p2a: Iron Hands|91/100|[from] drain|[of] p1a: Toxapex
|
|-heal|p1a: Toxapex|78/100|[from] item: Black Sludge
|upkeep
|turn|13
|
|t:|1776040399
|move|p1a: Toxapex|Baneful Bunker|p1a: Toxapex
|-singleturn|p1a: Toxapex|move: Protect
|move|p2a: Iron Hands|Supercell Slam|p1a: Toxapex
|-activate|p1a: Toxapex|move: Protect
|-status|p2a: Iron Hands|psn
|-damage|p2a: Iron Hands|41/100 psn|[from] supercellslam
|
|-heal|p1a: Toxapex|84/100|[from] item: Black Sludge
|-damage|p2a: Iron Hands|29/100 psn|[from] psn
|upkeep
|turn|14
|
|t:|1776040410
|switch|p1a: Meowscarada|Meowscarada, F|100/100
|-damage|p1a: Meowscarada|88/100|[from] Stealth Rock
|move|p2a: Iron Hands|Supercell Slam|p1a: Meowscarada
|-resisted|p1a: Meowscarada
|-damage|p1a: Meowscarada|43/100
|
|-damage|p2a: Iron Hands|16/100 psn|[from] psn
|upkeep
|turn|15
|
|t:|1776040421
|move|p1a: Meowscarada|Flower Trick|p2a: Iron Hands
|-start|p1a: Meowscarada|typechange|Grass|[from] ability: Protean
|-crit|p2a: Iron Hands
|-damage|p2a: Iron Hands|0 fnt
|faint|p2a: Iron Hands
|-end|p2a: Iron Hands|Quark Drive|[silent]
|
|upkeep
|
|t:|1776040428
|switch|p2a: Scrafty|Scrafty, M|100/100
|turn|16
|
|t:|1776040434
|switch|p1a: Toxapex|Toxapex, F|100/100
|-damage|p1a: Toxapex|88/100|[from] Stealth Rock
|move|p2a: Scrafty|Bulk Up|p2a: Scrafty
|-boost|p2a: Scrafty|atk|1
|-boost|p2a: Scrafty|def|1
|
|-heal|p1a: Toxapex|94/100|[from] item: Black Sludge
|upkeep
|turn|17
|
|t:|1776040440
|move|p2a: Scrafty|Bulk Up|p2a: Scrafty
|-boost|p2a: Scrafty|atk|1
|-boost|p2a: Scrafty|def|1
|move|p1a: Toxapex|Toxic|p2a: Scrafty
|-status|p2a: Scrafty|tox
|
|-heal|p1a: Toxapex|100/100|[from] item: Black Sludge
|-damage|p2a: Scrafty|95/100 tox|[from] psn
|upkeep
|turn|18
|
|t:|1776040444
|move|p2a: Scrafty|Bulk Up|p2a: Scrafty
|-boost|p2a: Scrafty|atk|1
|-boost|p2a: Scrafty|def|1
|move|p1a: Toxapex|Toxic Spikes|p2a: Scrafty
|-sidestart|p2: Ramiro95|move: Toxic Spikes
|
|-activate|p2a: Scrafty|ability: Shed Skin
|-curestatus|p2a: Scrafty|tox|[msg]
|-heal|p2a: Scrafty|100/100|[from] item: Leftovers
|upkeep
|turn|19
|
|t:|1776040449
|move|p2a: Scrafty|Bulk Up|p2a: Scrafty
|-boost|p2a: Scrafty|atk|1
|-boost|p2a: Scrafty|def|1
|move|p1a: Toxapex|Toxic Spikes|p2a: Scrafty
|-sidestart|p2: Ramiro95|move: Toxic Spikes
|
|upkeep
|turn|20
|
|t:|1776040455
|move|p2a: Scrafty|Knock Off|p1a: Toxapex
|-damage|p1a: Toxapex|36/100
|-enditem|p1a: Toxapex|Black Sludge|[from] move: Knock Off|[of] p2a: Scrafty
|move|p1a: Toxapex|Toxic|p2a: Scrafty
|-status|p2a: Scrafty|tox
|
|-activate|p2a: Scrafty|ability: Shed Skin
|-curestatus|p2a: Scrafty|tox|[msg]
|upkeep
|turn|21
|
|t:|1776040462
|move|p1a: Toxapex|Baneful Bunker|p1a: Toxapex
|-singleturn|p1a: Toxapex|move: Protect
|move|p2a: Scrafty|Bulk Up|p2a: Scrafty
|-boost|p2a: Scrafty|atk|1
|-boost|p2a: Scrafty|def|1
|
|upkeep
|turn|22
|
|t:|1776040468
|move|p2a: Scrafty|Knock Off|p1a: Toxapex
|-damage|p1a: Toxapex|0 fnt
|faint|p1a: Toxapex
|
|upkeep
|
|t:|1776040472
|switch|p1a: Meowscarada|Meowscarada, F|43/100
|-damage|p1a: Meowscarada|31/100|[from] Stealth Rock
|turn|23
|
|t:|1776040476
|move|p1a: Meowscarada|Trick|p2a: Scrafty
|-start|p1a: Meowscarada|typechange|Psychic|[from] ability: Protean
|-activate|p1a: Meowscarada|move: Trick|[of] p2a: Scrafty
|-item|p2a: Scrafty|Choice Scarf|[from] move: Trick
|-item|p1a: Meowscarada|Leftovers|[from] move: Trick
|move|p2a: Scrafty|Drain Punch|p1a: Meowscarada
|-resisted|p1a: Meowscarada
|-damage|p1a: Meowscarada|0 fnt
|faint|p1a: Meowscarada
|
|upkeep
|
|t:|1776040484
|switch|p1a: Dragapult|Dragapult, F|100/100
|-damage|p1a: Dragapult|88/100|[from] Stealth Rock
|turn|24
|
|t:|1776040497
|switch|p2a: Cobalion|Cobalion, tera:Ghost|32/100
|-status|p2a: Cobalion|tox
|move|p1a: Dragapult|Flamethrower|p2a: Cobalion
|-damage|p2a: Cobalion|0 fnt
|faint|p2a: Cobalion
|
|upkeep
|
|t:|1776040501
|switch|p2a: Iron Valiant|Iron Valiant|100/100
|-status|p2a: Iron Valiant|tox
|-enditem|p2a: Iron Valiant|Booster Energy
|-activate|p2a: Iron Valiant|ability: Quark Drive|[fromitem]
|-start|p2a: Iron Valiant|quarkdrivespe
|turn|25
|
|t:|1776040511
|move|p2a: Iron Valiant|Moonblast|p1a: Dragapult
|-supereffective|p1a: Dragapult
|-damage|p1a: Dragapult|0 fnt
|faint|p1a: Dragapult
|
|-damage|p2a: Iron Valiant|94/100 tox|[from] psn
|upkeep
|
|t:|1776040516
|switch|p1a: Clefable|Clefable, F, tera:Steel|100/100 par
|-damage|p1a: Clefable|94/100 par|[from] Stealth Rock
|turn|26
|
|t:|1776040519
|move|p2a: Iron Valiant|Aura Sphere|p1a: Clefable
|-supereffective|p1a: Clefable
|-damage|p1a: Clefable|20/100 par
|move|p1a: Clefable|Moonblast|p2a: Iron Valiant
|-supereffective|p2a: Iron Valiant
|-damage|p2a: Iron Valiant|0 fnt
|faint|p2a: Iron Valiant
|-end|p2a: Iron Valiant|Quark Drive|[silent]
|
|-heal|p1a: Clefable|26/100 par|[from] item: Leftovers
|upkeep
|
|t:|1776040525
|switch|p2a: Scrafty|Scrafty, M|100/100
|-status|p2a: Scrafty|tox
|turn|27
|
|t:|1776040529
|move|p2a: Scrafty|Drain Punch|p1a: Clefable
|-supereffective|p1a: Clefable
|-damage|p1a: Clefable|0 fnt
|faint|p1a: Clefable
|
|-damage|p2a: Scrafty|95/100 tox|[from] psn
|upkeep
|
|t:|1776040536
|switch|p1a: Quaquaval|Quaquaval, M|100/100
|turn|28
|
|t:|1776040539
|move|p1a: Quaquaval|Aqua Step|p2a: Scrafty
|-damage|p2a: Scrafty|59/100 tox
|-boost|p1a: Quaquaval|spe|1
|move|p2a: Scrafty|Drain Punch|p1a: Quaquaval
|-damage|p1a: Quaquaval|71/100
|-heal|p2a: Scrafty|73/100 tox|[from] drain|[of] p1a: Quaquaval
|
|-damage|p2a: Scrafty|61/100 tox|[from] psn
|upkeep
|turn|29
|
|t:|1776040547
|move|p1a: Quaquaval|Aqua Step|p2a: Scrafty
|-damage|p2a: Scrafty|22/100 tox
|-boost|p1a: Quaquaval|spe|1
|move|p2a: Scrafty|Drain Punch|p1a: Quaquaval
|-damage|p1a: Quaquaval|38/100
|-heal|p2a: Scrafty|37/100 tox|[from] drain|[of] p1a: Quaquaval
|
|-activate|p2a: Scrafty|ability: Shed Skin
|-curestatus|p2a: Scrafty|tox|[msg]
|upkeep
|turn|30
|
|t:|1776040553
|switch|p2a: Great Tusk|Great Tusk|100/100
|-status|p2a: Great Tusk|tox
|move|p1a: Quaquaval|Aqua Step|p2a: Great Tusk
|-supereffective|p2a: Great Tusk
|-damage|p2a: Great Tusk|62/100 tox
|-boost|p1a: Quaquaval|spe|1
|
|-heal|p2a: Great Tusk|68/100 tox|[from] item: Leftovers
|-damage|p2a: Great Tusk|62/100 tox|[from] psn
|upkeep
|turn|31
|
|t:|1776040568
|move|p1a: Quaquaval|Aqua Step|p2a: Great Tusk
|-supereffective|p2a: Great Tusk
|-damage|p2a: Great Tusk|22/100 tox
|-boost|p1a: Quaquaval|spe|1
|move|p2a: Great Tusk|Earthquake|p1a: Quaquaval
|-damage|p1a: Quaquaval|0 fnt
|faint|p1a: Quaquaval
|
|-heal|p2a: Great Tusk|28/100 tox|[from] item: Leftovers
|-damage|p2a: Great Tusk|15/100 tox|[from] psn
|upkeep
|
|t:|1776040576
|switch|p1a: Heatran|Heatran, M|100/100
|-damage|p1a: Heatran|88/100|[from] Stealth Rock
|turn|32
|
|t:|1776040579
|move|p1a: Heatran|Flamethrower|p2a: Great Tusk
|-damage|p2a: Great Tusk|0 fnt
|faint|p2a: Great Tusk
|-end|p2a: Great Tusk|Protosynthesis|[silent]
|
|-heal|p1a: Heatran|94/100|[from] item: Leftovers
|upkeep
|
|t:|1776040582
|switch|p2a: Scrafty|Scrafty, M|37/100
|-status|p2a: Scrafty|tox
|turn|33
|
|t:|1776040590
|move|p1a: Heatran|Flamethrower|p2a: Scrafty
|-damage|p2a: Scrafty|9/100 tox
|move|p2a: Scrafty|Drain Punch|p1a: Heatran
|-supereffective|p1a: Heatran
|-damage|p1a: Heatran|54/100
|-heal|p2a: Scrafty|31/100 tox|[from] drain|[of] p1a: Heatran
|
|-heal|p1a: Heatran|60/100|[from] item: Leftovers
|-activate|p2a: Scrafty|ability: Shed Skin
|-curestatus|p2a: Scrafty|tox|[msg]
|upkeep
|turn|34
|
|t:|1776040596
|move|p1a: Heatran|Flamethrower|p2a: Scrafty
|-damage|p2a: Scrafty|2/100
|move|p2a: Scrafty|Drain Punch|p1a: Heatran
|-supereffective|p1a: Heatran
|-damage|p1a: Heatran|20/100
|-heal|p2a: Scrafty|25/100|[from] drain|[of] p1a: Heatran
|
|-heal|p1a: Heatran|26/100|[from] item: Leftovers
|upkeep
|turn|35
|
|t:|1776040598
|move|p1a: Heatran|Flamethrower|p2a: Scrafty
|-damage|p2a: Scrafty|0 fnt
|faint|p2a: Scrafty
|
|win|skopergmamer
|raw|skopergmamer's rating: 1265 &rarr; <strong>1295</strong><br />(+30 for winning)
|raw|Ramiro95's rating: 1334 &rarr; <strong>1310</strong><br />(-24 for losing)
|l|☆skopergmamer
|player|p1|
|l|☆Ramiro95
|player|p2|
