|html|<div class="broadcast-blue"><strong>[Gen 9] OU is currently suspecting Tera Blast! For information on how to participate check out the <a href="https://www.smogon.com/tools/suspects/view/200">suspect thread</a>.</strong></div>
|j|☆jparmesan
|j|☆abate fabs
|t:|1776105561
|gametype|singles
|player|p1|jparmesan|acetrainer|1311
|player|p2|abate fabs|touristf|1334
|gen|9
|tier|[Gen 9] OU
|rated|
|rule|HP Percentage Mod: HP is shown in percentages
|rule|Endless Battle Clause: Forcing endless battles is banned
|rule|Species Clause: Limit one of each Pokémon
|rule|OHKO Clause: OHKO moves are banned
|rule|Evasion Items Clause: Evasion items are banned
|rule|Evasion Moves Clause: Evasion moves are banned
|rule|Evasion Abilities Clause: Evasion abilities are banned
|rule|Sleep Moves Clause: Sleep-inducing moves are banned
|clearpoke
|poke|p1|Landorus-Therian, M|
|poke|p1|Raging Bolt|
|poke|p1|Gholdengo|
|poke|p1|Primarina, M|
|poke|p1|Ogerpon, F|
|poke|p1|Iron Treads|
|poke|p2|Umbreon, F|
|poke|p2|Mandibuzz, F|
|poke|p2|Clodsire, F|
|poke|p2|Hatterene, F|
|poke|p2|Slowking, F|
|poke|p2|Crocalor, M|
|teampreview
|inactive|Battle timer is ON: inactive players will automatically lose when time's up. (requested by abate fabs)
|
|t:|1776105591
|teamsize|p1|6
|teamsize|p2|6
|start
|switch|p1a: Landorus|Landorus-Therian, M|100/100
|switch|p2a: Checktung|Slowking, F|100/100
|-ability|p1a: Landorus|Intimidate|boost
|-unboost|p2a: Checktung|atk|1
|turn|1
|
|t:|1776105597
|move|p1a: Landorus|U-turn|p2a: Checktung
|-supereffective|p2a: Checktung
|-crit|p2a: Checktung
|-damage|p2a: Checktung|35/100
|
|t:|1776105604
|switch|p1a: Primarina|Primarina, M|100/100|[from] U-turn
|move|p2a: Checktung|Scald|p1a: Primarina
|-resisted|p1a: Primarina
|-damage|p1a: Primarina|89/100
|
|upkeep
|turn|2
|
|t:|1776105610
|switch|p2a: Checkelung|Clodsire, F|100/100
|move|p1a: Primarina|Moonblast|p2a: Checkelung
|-resisted|p2a: Checkelung
|-damage|p2a: Checkelung|84/100
|-unboost|p2a: Checkelung|spa|1
|
|-heal|p2a: Checkelung|90/100|[from] item: Leftovers
|upkeep
|turn|3
|
|t:|1776105616
|switch|p1a: Landorus|Landorus-Therian, M|100/100
|-ability|p1a: Landorus|Intimidate|boost
|-unboost|p2a: Checkelung|atk|1
|move|p2a: Checkelung|Stealth Rock|p1a: Landorus
|-sidestart|p1: jparmesan|move: Stealth Rock
|
|-heal|p2a: Checkelung|96/100|[from] item: Leftovers
|upkeep
|turn|4
|
|t:|1776105620
|switch|p2a: Checking|Mandibuzz, F|100/100
|move|p1a: Landorus|Earthquake|p2a: Checking
|-immune|p2a: Checking
|
|upkeep
|turn|5
|
|t:|1776105626
|switch|p1a: Iron Treads|Iron Treads|100/100
|-damage|p1a: Iron Treads|97/100|[from] Stealth Rock
|move|p2a: Checking|Foul Play|p1a: Iron Treads
|-damage|p1a: Iron Treads|61/100
|
|-heal|p1a: Iron Treads|67/100|[from] item: Leftovers
|upkeep
|turn|6
|
|t:|1776105631
|move|p1a: Iron Treads|Stealth Rock|p2a: Checking
|-sidestart|p2: abate fabs|move: Stealth Rock
|move|p2a: Checking|Foul Play|p1a: Iron Treads
|-damage|p1a: Iron Treads|28/100
|
|-heal|p1a: Iron Treads|34/100|[from] item: Leftovers
|upkeep
|turn|7
|
|t:|1776105637
|move|p1a: Iron Treads|Volt Switch|p2a: Checking
|-supereffective|p2a: Checking
|-damage|p2a: Checking|79/100
|
|t:|1776105642
|-end|p1a: Iron Treads|Quark Drive|[silent]
|switch|p1a: Primarina|Primarina, M|89/100|[from] Volt Switch
|-damage|p1a: Primarina|76/100|[from] Stealth Rock
|move|p2a: Checking|Foul Play|p1a: Primarina
|-resisted|p1a: Primarina
|-damage|p1a: Primarina|61/100
|
|upkeep
|turn|8
|
|t:|1776105648
|switch|p2a: Checkelung|Clodsire, F|96/100
|-damage|p2a: Checkelung|90/100|[from] Stealth Rock
|move|p1a: Primarina|Psychic Noise|p2a: Checkelung
|-heal|p2a: Checkelung|100/100|[from] ability: Water Absorb|[of] p1a: Primarina
|
|upkeep
|turn|9
|
|t:|1776105657
|switch|p1a: Iron Treads|Iron Treads|34/100
|-damage|p1a: Iron Treads|31/100|[from] Stealth Rock
|move|p2a: Checkelung|Gunk Shot|p1a: Iron Treads
|-immune|p1a: Iron Treads
|
|-heal|p1a: Iron Treads|37/100|[from] item: Leftovers
|upkeep
|turn|10
|
|t:|1776105659
|move|p1a: Iron Treads|Rapid Spin|p2a: Checkelung
|-damage|p2a: Checkelung|82/100
|-boost|p1a: Iron Treads|spe|1
|-sideend|p1: jparmesan|Stealth Rock|[from] move: Rapid Spin|[of] p1a: Iron Treads
|move|p2a: Checkelung|Earthquake|p1a: Iron Treads
|-supereffective|p1a: Iron Treads
|-damage|p1a: Iron Treads|0 fnt
|faint|p1a: Iron Treads
|-end|p1a: Iron Treads|Quark Drive|[silent]
|
|-heal|p2a: Checkelung|88/100|[from] item: Leftovers
|upkeep
|
|t:|1776105661
|switch|p1a: Landorus|Landorus-Therian, M|100/100
|-ability|p1a: Landorus|Intimidate|boost
|-unboost|p2a: Checkelung|atk|1
|turn|11
|
|t:|1776105664
|switch|p2a: Checking|Mandibuzz, F|79/100
|move|p1a: Landorus|Earthquake|p2a: Checking
|-immune|p2a: Checking
|
|upkeep
|turn|12
|
|t:|1776105672
|switch|p1a: Raging Bolt|Raging Bolt|100/100
|move|p2a: Checking|Defog|p1a: Raging Bolt
|-unboost|p1a: Raging Bolt|evasion|1
|-sideend|p2: abate fabs|Stealth Rock|[from] move: Defog|[of] p2a: Checking
|
|upkeep
|turn|13
|
|t:|1776105677
|switch|p2a: Checker|Umbreon, F|100/100
|move|p1a: Raging Bolt|Thunderbolt|p2a: Checker
|-crit|p2a: Checker
|-damage|p2a: Checker|58/100
|
|-heal|p2a: Checker|64/100|[from] item: Leftovers
|upkeep
|turn|14
|
|t:|1776105684
|-end|p1a: Raging Bolt|Protosynthesis|[silent]
|switch|p1a: Landorus|Landorus-Therian, M|100/100
|-ability|p1a: Landorus|Intimidate|boost
|-unboost|p2a: Checker|atk|1
|move|p2a: Checker|Wish|p2a: Checker
|
|-heal|p2a: Checker|70/100|[from] item: Leftovers
|upkeep
|turn|15
|
|t:|1776105692
|move|p2a: Checker|Protect|p2a: Checker
|-singleturn|p2a: Checker|Protect
|move|p1a: Landorus|U-turn|p2a: Checker
|-activate|p2a: Checker|move: Protect
|
|-heal|p2a: Checker|100/100|[from] move: Wish|[wisher] Checker
|upkeep
|turn|16
|
|t:|1776105695
|switch|p2a: Checking|Mandibuzz, F|79/100
|move|p1a: Landorus|U-turn|p2a: Checking
|-damage|p2a: Checking|62/100
|
|t:|1776105700
|switch|p1a: Raging Bolt|Raging Bolt|100/100|[from] U-turn
|
|upkeep
|turn|17
|
|t:|1776105703
|switch|p2a: Checker|Umbreon, F|100/100
|move|p1a: Raging Bolt|Thunderbolt|p2a: Checker
|-damage|p2a: Checker|74/100
|
|-heal|p2a: Checker|80/100|[from] item: Leftovers
|upkeep
|turn|18
|
|t:|1776105706
|move|p1a: Raging Bolt|Calm Mind|p1a: Raging Bolt
|-boost|p1a: Raging Bolt|spa|1
|-boost|p1a: Raging Bolt|spd|1
|move|p2a: Checker|Toxic|p1a: Raging Bolt
|-status|p1a: Raging Bolt|tox
|
|-heal|p2a: Checker|87/100|[from] item: Leftovers
|-damage|p1a: Raging Bolt|94/100 tox|[from] psn
|upkeep
|turn|19
|
|t:|1776105709
|move|p1a: Raging Bolt|Calm Mind|p1a: Raging Bolt
|-boost|p1a: Raging Bolt|spa|1
|-boost|p1a: Raging Bolt|spd|1
|move|p2a: Checker|Wish|p2a: Checker
|
|-heal|p1a: Raging Bolt|100/100 tox|[from] item: Leftovers
|-heal|p2a: Checker|93/100|[from] item: Leftovers
|-damage|p1a: Raging Bolt|88/100 tox|[from] psn
|upkeep
|turn|20
|
|t:|1776105711
|move|p1a: Raging Bolt|Calm Mind|p1a: Raging Bolt
|-boost|p1a: Raging Bolt|spa|1
|-boost|p1a: Raging Bolt|spd|1
|move|p2a: Checker|Foul Play|p1a: Raging Bolt
|-damage|p1a: Raging Bolt|67/100 tox
|
|-heal|p2a: Checker|100/100|[from] move: Wish|[wisher] Checker
|-heal|p1a: Raging Bolt|73/100 tox|[from] item: Leftovers
|-damage|p1a: Raging Bolt|55/100 tox|[from] psn
|upkeep
|turn|21
|
|t:|1776105713
|move|p1a: Raging Bolt|Thunderbolt|p2a: Checker
|-damage|p2a: Checker|26/100
|move|p2a: Checker|Wish|p2a: Checker
|
|-heal|p1a: Raging Bolt|61/100 tox|[from] item: Leftovers
|-heal|p2a: Checker|32/100|[from] item: Leftovers
|-damage|p1a: Raging Bolt|37/100 tox|[from] psn
|upkeep
|turn|22
|
|t:|1776105722
|-end|p1a: Raging Bolt|Protosynthesis|[silent]
|switch|p1a: Ogerpon|Ogerpon, F|100/100
|move|p2a: Checker|Protect||[still]
|-fail|p2a: Checker
|
|-heal|p2a: Checker|82/100|[from] move: Wish|[wisher] Checker
|-heal|p2a: Checker|88/100|[from] item: Leftovers
|upkeep
|turn|23
|
|t:|1776105728
|-terastallize|p1a: Ogerpon|Grass
|detailschange|p1a: Ogerpon|Ogerpon-Teal-Tera, F, tera:Grass
|-ability|p1a: Ogerpon|Embody Aspect (Teal)|boost
|-boost|p1a: Ogerpon|spe|1
|move|p1a: Ogerpon|Ivy Cudgel|p2a: Checker
|-damage|p2a: Checker|4/100
|move|p2a: Checker|Wish|p2a: Checker
|
|-heal|p2a: Checker|10/100|[from] item: Leftovers
|upkeep
|turn|24
|
|t:|1776105734
|switch|p2a: Checking|Mandibuzz, F|62/100
|move|p1a: Ogerpon|Ivy Cudgel|p2a: Checking
|-resisted|p2a: Checking
|-damage|p2a: Checking|31/100
|
|-heal|p2a: Checking|80/100|[from] move: Wish|[wisher] Checker
|upkeep
|turn|25
|
|t:|1776105740
|switch|p1a: Landorus|Landorus-Therian, M|100/100
|-ability|p1a: Landorus|Intimidate|boost
|-unboost|p2a: Checking|atk|1
|move|p2a: Checking|Roost|p2a: Checking
|-heal|p2a: Checking|100/100
|-singleturn|p2a: Checking|move: Roost
|
|upkeep
|turn|26
|
|t:|1776105742
|move|p1a: Landorus|Stone Edge|p2a: Checking|[miss]
|-miss|p1a: Landorus|p2a: Checking
|move|p2a: Checking|Foul Play|p1a: Landorus
|-damage|p1a: Landorus|33/100
|
|upkeep
|turn|27
|
|t:|1776105745
|switch|p2a: Checker|Umbreon, F|10/100
|move|p1a: Landorus|Stone Edge|p2a: Checker
|-damage|p2a: Checker|0 fnt
|faint|p2a: Checker
|
|upkeep
|
|t:|1776105748
|switch|p2a: Checktung|Slowking, F|68/100
|turn|28
|
|t:|1776105754
|switch|p1a: Primarina|Primarina, M|61/100
|-prepare|p2a: Checktung|Chilly Reception|[premajor]
|move|p2a: Checktung|Chilly Reception|p2a: Checktung
|-weather|Snowscape
|
|t:|1776105756
|switch|p2a: Checkelung|Clodsire, F|88/100|[from] Chilly Reception
|
|-weather|Snowscape|[upkeep]
|-heal|p2a: Checkelung|94/100|[from] item: Leftovers
|upkeep
|turn|29
|
|t:|1776105760
|switch|p1a: Gholdengo|Gholdengo|100/100
|move|p2a: Checkelung|Stealth Rock|p1a: Gholdengo
|-sidestart|p1: jparmesan|move: Stealth Rock
|
|-weather|Snowscape|[upkeep]
|-heal|p2a: Checkelung|99/100|[from] item: Leftovers
|upkeep
|turn|30
|
|t:|1776105764
|move|p1a: Gholdengo|Make It Rain|p2a: Checkelung
|-damage|p2a: Checkelung|62/100
|-unboost|p1a: Gholdengo|spa|1
|move|p2a: Checkelung|Earthquake|p1a: Gholdengo
|-supereffective|p1a: Gholdengo
|-damage|p1a: Gholdengo|48/100
|
|-weather|Snowscape|[upkeep]
|-heal|p1a: Gholdengo|54/100|[from] item: Leftovers
|-heal|p2a: Checkelung|69/100|[from] item: Leftovers
|upkeep
|turn|31
|
|t:|1776105769
|switch|p1a: Landorus|Landorus-Therian, M|33/100
|-damage|p1a: Landorus|21/100|[from] Stealth Rock
|-ability|p1a: Landorus|Intimidate|boost
|-unboost|p2a: Checkelung|atk|1
|move|p2a: Checkelung|Gunk Shot|p1a: Landorus
|-resisted|p1a: Landorus
|-damage|p1a: Landorus|3/100
|-status|p1a: Landorus|psn
|
|-weather|Snowscape|[upkeep]
|-heal|p2a: Checkelung|75/100|[from] item: Leftovers
|-damage|p1a: Landorus|0 fnt|[from] psn
|faint|p1a: Landorus
|upkeep
|
|t:|1776105773
|switch|p1a: Ogerpon|Ogerpon-Teal-Tera, F, tera:Grass|100/100
|-damage|p1a: Ogerpon|88/100|[from] Stealth Rock
|-ability|p1a: Ogerpon|Embody Aspect (Teal)|boost
|-boost|p1a: Ogerpon|spe|1
|turn|32
|
|t:|1776105776
|move|p1a: Ogerpon|Ivy Cudgel|p2a: Checkelung
|-damage|p2a: Checkelung|0 fnt
|faint|p2a: Checkelung
|
|-weather|none
|upkeep
|
|t:|1776105778
|switch|p2a: Checking|Mandibuzz, F|100/100
|turn|33
|
|t:|1776105782
|switch|p1a: Gholdengo|Gholdengo|54/100
|-damage|p1a: Gholdengo|48/100|[from] Stealth Rock
|move|p2a: Checking|Foul Play|p1a: Gholdengo
|-supereffective|p1a: Gholdengo
|-damage|p1a: Gholdengo|23/100
|
|-heal|p1a: Gholdengo|29/100|[from] item: Leftovers
|upkeep
|turn|34
|
|t:|1776105788
|switch|p2a: Checkaloo|Crocalor, M|100/100
|move|p1a: Gholdengo|Thunder Wave|p2a: Checkaloo
|-status|p2a: Checkaloo|par
|
|-heal|p1a: Gholdengo|35/100|[from] item: Leftovers
|upkeep
|turn|35
|
|t:|1776105793
|move|p1a: Gholdengo|Hex|p2a: Checkaloo
|-damage|p2a: Checkaloo|66/100 par
|cant|p2a: Checkaloo|par
|
|-heal|p1a: Gholdengo|41/100|[from] item: Leftovers
|upkeep
|turn|36
|
|t:|1776105798
|move|p1a: Gholdengo|Recover|p1a: Gholdengo
|-heal|p1a: Gholdengo|91/100
|move|p2a: Checkaloo|Slack Off|p2a: Checkaloo
|-heal|p2a: Checkaloo|100/100 par
|
|-heal|p1a: Gholdengo|97/100|[from] item: Leftovers
|upkeep
|turn|37
|
|t:|1776105801
|move|p1a: Gholdengo|Hex|p2a: Checkaloo
|-crit|p2a: Checkaloo
|-damage|p2a: Checkaloo|45/100 par
|move|p2a: Checkaloo|Fire Spin|p1a: Gholdengo
|-supereffective|p1a: Gholdengo
|-damage|p1a: Gholdengo|76/100
|-activate|p1a: Gholdengo|move: Fire Spin|[of] p2a: Checkaloo
|
|-heal|p1a: Gholdengo|83/100|[from] item: Leftovers
|-damage|p1a: Gholdengo|70/100|[from] move: Fire Spin|[partiallytrapped]
|upkeep
|turn|38
|
|t:|1776105805
|move|p1a: Gholdengo|Hex|p2a: Checkaloo
|-damage|p2a: Checkaloo|11/100 par
|move|p2a: Checkaloo|Slack Off|p2a: Checkaloo
|-heal|p2a: Checkaloo|61/100 par
|
|-heal|p1a: Gholdengo|76/100|[from] item: Leftovers
|-damage|p1a: Gholdengo|64/100|[from] move: Fire Spin|[partiallytrapped]
|upkeep
|turn|39
|
|t:|1776105807
|move|p1a: Gholdengo|Hex|p2a: Checkaloo
|-damage|p2a: Checkaloo|26/100 par
|move|p2a: Checkaloo|Slack Off|p2a: Checkaloo
|-heal|p2a: Checkaloo|76/100 par
|
|-heal|p1a: Gholdengo|70/100|[from] item: Leftovers
|-damage|p1a: Gholdengo|57/100|[from] move: Fire Spin|[partiallytrapped]
|upkeep
|turn|40
|
|t:|1776105811
|move|p1a: Gholdengo|Hex|p2a: Checkaloo
|-damage|p2a: Checkaloo|37/100 par
|move|p2a: Checkaloo|Flamethrower|p1a: Gholdengo
|-supereffective|p1a: Gholdengo
|-damage|p1a: Gholdengo|1/100
|
|-heal|p1a: Gholdengo|7/100|[from] item: Leftovers
|-damage|p1a: Gholdengo|0 fnt|[from] move: Fire Spin|[partiallytrapped]
|faint|p1a: Gholdengo
|upkeep
|
|t:|1776105815
|switch|p1a: Ogerpon|Ogerpon-Teal-Tera, F, tera:Grass|88/100
|-damage|p1a: Ogerpon|76/100|[from] Stealth Rock
|-ability|p1a: Ogerpon|Embody Aspect (Teal)|boost
|-boost|p1a: Ogerpon|spe|1
|turn|41
|
|t:|1776105818
|move|p1a: Ogerpon|Knock Off|p2a: Checkaloo
|-damage|p2a: Checkaloo|3/100 par
|-enditem|p2a: Checkaloo|Eviolite|[from] move: Knock Off|[of] p1a: Ogerpon
|move|p2a: Checkaloo|Flamethrower|p1a: Ogerpon
|-supereffective|p1a: Ogerpon
|-crit|p1a: Ogerpon
|-damage|p1a: Ogerpon|0 fnt
|faint|p1a: Ogerpon
|detailschange|p1: Ogerpon|Ogerpon, F|[silent]
|
|upkeep
|-message|jparmesan forfeited.
|
|win|abate fabs
|raw|jparmesan's rating: 1311 &rarr; <strong>1292</strong><br />(-19 for losing)
|raw|abate fabs's rating: 1334 &rarr; <strong>1353</strong><br />(+19 for winning)
|l|☆jparmesan
|player|p1|
|l|☆abate fabs
|player|p2|
