|html|<div class="broadcast-blue"><strong>[Gen 9] OU is currently suspecting Volcarona! For information on how to participate check out the <a href="https://www.smogon.com/tools/suspects/view/208">suspect thread</a>.</strong></div>
|j|☆sigm4
|j|☆SWAGGER_W2F
|t:|1778511808
|gametype|singles
|player|p1|sigm4|giovanni|1510
|player|p2|SWAGGER_W2F|flint|1558
|gen|9
|tier|[Gen 9] OU
|rated|
|rule|HP Percentage Mod: HP is shown in percentages
|rule|Endless Battle Clause: Forcing endless battles is banned
|rule|Species Clause: Limit one of each Pokémon
|rule|OHKO Clause: OHKO moves are banned
|rule|Evasion Items Clause: Evasion items are banned
|rule|Evasion Moves Clause: Evasion moves are banned
|rule|Evasion Abilities Clause: Evasion abilities are banned
|rule|Sleep Moves Clause: Sleep-inducing moves are banned
|clearpoke
|poke|p1|Raging Bolt|
|poke|p1|Primarina, F|
|poke|p1|Darkrai|
|poke|p1|Ogerpon-Wellspring, F|
|poke|p1|Great Tusk|
|poke|p1|Corviknight, F|
|poke|p2|Raging Bolt|
|poke|p2|Iron Valiant|
|poke|p2|Ceruledge, F|
|poke|p2|Iron Boulder|
|poke|p2|Ogerpon-Wellspring, F|
|poke|p2|Corviknight, M|
|teampreview
|inactive|Battle timer is ON: inactive players will automatically lose when time's up. (requested by sigm4)
|
|t:|1778511827
|teamsize|p1|6
|teamsize|p2|6
|start
|switch|p1a: Burj Khalifa|Raging Bolt|100/100
|switch|p2a: Iron Valiant|Iron Valiant|100/100
|turn|1
|
|t:|1778511833
|-terastallize|p1a: Burj Khalifa|Electric
|move|p2a: Iron Valiant|Moonblast|p1a: Burj Khalifa
|-crit|p1a: Burj Khalifa
|-damage|p1a: Burj Khalifa|42/100
|move|p1a: Burj Khalifa|Volt Switch|p2a: Iron Valiant
|-damage|p2a: Iron Valiant|0 fnt
|faint|p2a: Iron Valiant
|-end|p2a: Iron Valiant|Quark Drive|[silent]
|
|t:|1778511852
|-end|p1a: Burj Khalifa|Protosynthesis|[silent]
|switch|p1a: Brenda|Primarina, F|100/100|[from] Volt Switch
|
|upkeep
|
|t:|1778511856
|switch|p2a: Ogerpon|Ogerpon-Wellspring, F|100/100
|turn|2
|
|t:|1778511862
|switch|p1a: Lancelot|Corviknight, F|100/100
|-ability|p1a: Lancelot|Pressure
|move|p2a: Ogerpon|Trailblaze|p1a: Lancelot
|-resisted|p1a: Lancelot
|-damage|p1a: Lancelot|96/100
|-boost|p2a: Ogerpon|spe|1
|-damage|p2a: Ogerpon|84/100|[from] item: Rocky Helmet|[of] p1a: Lancelot
|
|upkeep
|turn|3
|
|t:|1778511875
|switch|p2a: Raging Bolt|Raging Bolt|100/100
|move|p1a: Lancelot|Iron Defense|p1a: Lancelot
|-boost|p1a: Lancelot|def|2
|
|upkeep
|turn|4
|
|t:|1778511902
|switch|p1a: The Great Tusk|Great Tusk|100/100
|move|p2a: Raging Bolt|Volt Switch|p1a: The Great Tusk
|-immune|p1a: The Great Tusk
|
|upkeep
|turn|5
|
|t:|1778511909
|-end|p1a: The Great Tusk|Protosynthesis|[silent]
|switch|p1a: Overlord|Darkrai|100/100
|-end|p2a: Raging Bolt|Protosynthesis|[silent]
|switch|p2a: Corviknight|Corviknight, M|100/100
|-ability|p2a: Corviknight|Pressure
|
|upkeep
|turn|6
|
|t:|1778511917
|move|p1a: Overlord|Nasty Plot|p1a: Overlord
|-boost|p1a: Overlord|spa|2
|move|p2a: Corviknight|U-turn|p1a: Overlord
|-supereffective|p1a: Overlord
|-damage|p1a: Overlord|61/100
|
|t:|1778511925
|switch|p2a: Ceruledge|Ceruledge, F|100/100|[from] U-turn
|
|upkeep
|turn|7
|
|t:|1778511931
|-terastallize|p2a: Ceruledge|Fighting
|move|p1a: Overlord|Dark Pulse|p2a: Ceruledge
|-resisted|p2a: Ceruledge
|-damage|p2a: Ceruledge|63/100
|-damage|p1a: Overlord|51/100|[from] item: Life Orb
|cant|p2a: Ceruledge|flinch
|
|upkeep
|turn|8
|
|t:|1778511940
|move|p1a: Overlord|Sludge Bomb|p2a: Ceruledge
|-damage|p2a: Ceruledge|6/100
|-damage|p1a: Overlord|41/100|[from] item: Life Orb
|move|p2a: Ceruledge|Bitter Blade|p1a: Overlord
|-damage|p1a: Overlord|0 fnt
|-heal|p2a: Ceruledge|22/100|[from] drain|[of] p1a: Overlord
|faint|p1a: Overlord
|
|upkeep
|
|t:|1778511949
|switch|p1a: Jack|Ogerpon-Wellspring, F|100/100
|turn|9
|
|t:|1778511955
|switch|p2a: Corviknight|Corviknight, M|100/100
|-ability|p2a: Corviknight|Pressure
|move|p1a: Jack|Horn Leech|p2a: Corviknight
|-resisted|p2a: Corviknight
|-damage|p2a: Corviknight|93/100
|
|-heal|p2a: Corviknight|99/100|[from] item: Leftovers
|upkeep
|turn|10
|j| Fat_Yogi
|
|t:|1778511965
|switch|p1a: Lancelot|Corviknight, F|96/100
|-ability|p1a: Lancelot|Pressure
|move|p2a: Corviknight|U-turn|p1a: Lancelot
|-resisted|p1a: Lancelot
|-damage|p1a: Lancelot|94/100
|-damage|p2a: Corviknight|82/100|[from] item: Rocky Helmet|[of] p1a: Lancelot
|
|t:|1778511973
|switch|p2a: Raging Bolt|Raging Bolt|100/100|[from] U-turn
|
|upkeep
|turn|11
|
|t:|1778511979
|switch|p1a: The Great Tusk|Great Tusk|100/100
|move|p2a: Raging Bolt|Dragon Pulse|p1a: The Great Tusk
|-damage|p1a: The Great Tusk|59/100
|
|upkeep
|turn|12
|j| I registered this
|
|t:|1778511991
|-end|p2a: Raging Bolt|Protosynthesis|[silent]
|switch|p2a: Corviknight|Corviknight, M|82/100
|-ability|p2a: Corviknight|Pressure
|move|p1a: The Great Tusk|Close Combat|p2a: Corviknight
|-damage|p2a: Corviknight|39/100
|-unboost|p1a: The Great Tusk|def|1
|-unboost|p1a: The Great Tusk|spd|1
|
|-heal|p2a: Corviknight|45/100|[from] item: Leftovers
|upkeep
|turn|13
|l| I registered this
|
|t:|1778512002
|move|p1a: The Great Tusk|Close Combat|p2a: Corviknight
|-damage|p2a: Corviknight|0 fnt
|-unboost|p1a: The Great Tusk|def|1
|-unboost|p1a: The Great Tusk|spd|1
|faint|p2a: Corviknight
|
|upkeep
|
|t:|1778512011
|switch|p2a: Iron Boulder|Iron Boulder|100/100
|turn|14
|
|t:|1778512037
|-end|p1a: The Great Tusk|Protosynthesis|[silent]
|switch|p1a: Lancelot|Corviknight, F|94/100
|-ability|p1a: Lancelot|Pressure
|move|p2a: Iron Boulder|Mighty Cleave|p1a: Lancelot
|-damage|p1a: Lancelot|51/100
|-damage|p2a: Iron Boulder|84/100|[from] item: Rocky Helmet|[of] p1a: Lancelot
|
|upkeep
|turn|15
|
|t:|1778512049
|-end|p2a: Iron Boulder|Quark Drive|[silent]
|switch|p2a: Raging Bolt|Raging Bolt|100/100
|move|p1a: Lancelot|Roost|p1a: Lancelot
|-heal|p1a: Lancelot|100/100
|-singleturn|p1a: Lancelot|move: Roost
|
|upkeep
|turn|16
|
|t:|1778512057
|switch|p1a: The Great Tusk|Great Tusk|59/100
|move|p2a: Raging Bolt|Dragon Pulse|p1a: The Great Tusk
|-damage|p1a: The Great Tusk|16/100
|
|upkeep
|turn|17
|
|t:|1778512063
|move|p1a: The Great Tusk|Headlong Rush|p2a: Raging Bolt
|-supereffective|p2a: Raging Bolt
|-damage|p2a: Raging Bolt|18/100
|-unboost|p1a: The Great Tusk|def|1
|-unboost|p1a: The Great Tusk|spd|1
|move|p2a: Raging Bolt|Dragon Pulse|p1a: The Great Tusk
|-damage|p1a: The Great Tusk|0 fnt
|faint|p1a: The Great Tusk
|-end|p1a: The Great Tusk|Protosynthesis|[silent]
|
|-heal|p2a: Raging Bolt|24/100|[from] item: Leftovers
|upkeep
|
|t:|1778512070
|switch|p1a: Jack|Ogerpon-Wellspring, F|100/100
|turn|18
|
|t:|1778512091
|move|p1a: Jack|U-turn|p2a: Raging Bolt
|-damage|p2a: Raging Bolt|6/100
|
|t:|1778512097
|switch|p1a: Burj Khalifa|Raging Bolt, tera:Electric|42/100|[from] U-turn
|move|p2a: Raging Bolt|Rest|p2a: Raging Bolt
|-status|p2a: Raging Bolt|slp|[from] move: Rest
|-heal|p2a: Raging Bolt|100/100 slp|[silent]
|
|upkeep
|turn|19
|
|t:|1778512106
|cant|p2a: Raging Bolt|slp
|move|p2a: Raging Bolt|Sleep Talk|p2a: Raging Bolt
|move|p2a: Raging Bolt|Volt Switch|p1a: Burj Khalifa|[from] move: Sleep Talk
|-resisted|p1a: Burj Khalifa
|-damage|p1a: Burj Khalifa|27/100
|
|t:|1778512114
|-end|p2a: Raging Bolt|Protosynthesis|[silent]
|switch|p2a: Ceruledge|Ceruledge, F, tera:Fighting|22/100|[from] Volt Switch
|move|p1a: Burj Khalifa|Draco Meteor|p2a: Ceruledge
|-damage|p2a: Ceruledge|0 fnt
|-unboost|p1a: Burj Khalifa|spa|2
|faint|p2a: Ceruledge
|
|upkeep
|
|t:|1778512127
|switch|p2a: Iron Boulder|Iron Boulder|84/100
|turn|20
|
|t:|1778512138
|-end|p1a: Burj Khalifa|Protosynthesis|[silent]
|switch|p1a: Jack|Ogerpon-Wellspring, F|100/100
|move|p2a: Iron Boulder|Mighty Cleave|p1a: Jack
|-damage|p1a: Jack|3/100
|
|upkeep
|turn|21
|
|t:|1778512145
|move|p2a: Iron Boulder|Mighty Cleave|p1a: Jack
|-damage|p1a: Jack|0 fnt
|faint|p1a: Jack
|
|upkeep
|
|t:|1778512149
|switch|p1a: Brenda|Primarina, F|100/100
|turn|22
|
|t:|1778512164
|-end|p2a: Iron Boulder|Quark Drive|[silent]
|switch|p2a: Ogerpon|Ogerpon-Wellspring, F|84/100
|move|p1a: Brenda|Moonblast|p2a: Ogerpon
|-damage|p2a: Ogerpon|21/100
|
|upkeep
|turn|23
|
|t:|1778512175
|switch|p1a: Lancelot|Corviknight, F|100/100
|-ability|p1a: Lancelot|Pressure
|move|p2a: Ogerpon|Trailblaze|p1a: Lancelot
|-resisted|p1a: Lancelot
|-damage|p1a: Lancelot|96/100
|-boost|p2a: Ogerpon|spe|1
|-damage|p2a: Ogerpon|4/100|[from] item: Rocky Helmet|[of] p1a: Lancelot
|
|upkeep
|turn|24
|
|t:|1778512186
|switch|p2a: Raging Bolt|Raging Bolt|100/100 slp
|move|p1a: Lancelot|Body Press|p2a: Raging Bolt
|-damage|p2a: Raging Bolt|83/100 slp
|
|-heal|p2a: Raging Bolt|89/100 slp|[from] item: Leftovers
|upkeep
|turn|25
|
|t:|1778512195
|switch|p1a: Burj Khalifa|Raging Bolt, tera:Electric|27/100
|cant|p2a: Raging Bolt|slp
|move|p2a: Raging Bolt|Sleep Talk|p2a: Raging Bolt
|move|p2a: Raging Bolt|Rest||[from] move: Sleep Talk|[still]
|-fail|p2a: Raging Bolt
|
|-heal|p2a: Raging Bolt|96/100 slp|[from] item: Leftovers
|upkeep
|turn|26
|
|t:|1778512205
|-curestatus|p2a: Raging Bolt|slp|[msg]
|move|p2a: Raging Bolt|Dragon Pulse|p1a: Burj Khalifa
|-damage|p1a: Burj Khalifa|0 fnt
|faint|p1a: Burj Khalifa
|-end|p1a: Burj Khalifa|Protosynthesis|[silent]
|
|-heal|p2a: Raging Bolt|100/100|[from] item: Leftovers
|upkeep
|
|t:|1778512210
|switch|p1a: Brenda|Primarina, F|100/100
|turn|27
|
|t:|1778512217
|move|p2a: Raging Bolt|Volt Switch|p1a: Brenda
|-supereffective|p1a: Brenda
|-damage|p1a: Brenda|62/100
|
|t:|1778512221
|-end|p2a: Raging Bolt|Protosynthesis|[silent]
|switch|p2a: Ogerpon|Ogerpon-Wellspring, F|4/100|[from] Volt Switch
|move|p1a: Brenda|Moonblast|p2a: Ogerpon
|-damage|p2a: Ogerpon|0 fnt
|faint|p2a: Ogerpon
|
|upkeep
|
|t:|1778512229
|switch|p2a: Iron Boulder|Iron Boulder|84/100
|turn|28
|
|t:|1778512233
|switch|p1a: Lancelot|Corviknight, F|96/100
|-ability|p1a: Lancelot|Pressure
|move|p2a: Iron Boulder|Mighty Cleave|p1a: Lancelot
|-damage|p1a: Lancelot|54/100
|-damage|p2a: Iron Boulder|67/100|[from] item: Rocky Helmet|[of] p1a: Lancelot
|
|upkeep
|turn|29
|
|t:|1778512242
|-end|p2a: Iron Boulder|Quark Drive|[silent]
|switch|p2a: Raging Bolt|Raging Bolt|100/100
|switch|p1a: Brenda|Primarina, F|62/100
|
|upkeep
|turn|30
|
|t:|1778512249
|move|p2a: Raging Bolt|Volt Switch|p1a: Brenda
|-supereffective|p1a: Brenda
|-damage|p1a: Brenda|22/100
|
|t:|1778512252
|-end|p2a: Raging Bolt|Protosynthesis|[silent]
|switch|p2a: Iron Boulder|Iron Boulder|67/100|[from] Volt Switch
|move|p1a: Brenda|Surf|p2a: Iron Boulder
|-supereffective|p2a: Iron Boulder
|-damage|p2a: Iron Boulder|0 fnt
|faint|p2a: Iron Boulder
|-end|p2a: Iron Boulder|Quark Drive|[silent]
|
|upkeep
|
|t:|1778512261
|switch|p2a: Raging Bolt|Raging Bolt|100/100
|turn|31
|
|t:|1778512264
|move|p2a: Raging Bolt|Volt Switch|p1a: Brenda
|-supereffective|p1a: Brenda
|-damage|p1a: Brenda|0 fnt
|faint|p1a: Brenda
|
|upkeep
|-message|sigm4 forfeited.
|
|win|SWAGGER_W2F
|raw|sigm4's rating: 1510 &rarr; <strong>1493</strong><br />(-17 for losing)
|raw|SWAGGER_W2F's rating: 1558 &rarr; <strong>1575</strong><br />(+17 for winning)
|l|☆sigm4
|player|p1|
|l|☆SWAGGER_W2F
|player|p2|
