|html|<div class="broadcast-blue"><strong>[Gen 9] OU is currently suspecting Tera Blast! For information on how to participate check out the <a href="https://www.smogon.com/tools/suspects/view/200">suspect thread</a>.</strong></div>
|j|☆Malexrocks
|j|‽Mr. Kream
|t:|1776070258
|gametype|singles
|player|p1|Malexrocks|1|1456
|player|p2|Mr. Kream|lucian|1386
|gen|9
|tier|[Gen 9] OU
|rated|
|rule|HP Percentage Mod: HP is shown in percentages
|rule|Endless Battle Clause: Forcing endless battles is banned
|rule|Species Clause: Limit one of each Pokémon
|rule|OHKO Clause: OHKO moves are banned
|rule|Evasion Items Clause: Evasion items are banned
|rule|Evasion Moves Clause: Evasion moves are banned
|rule|Evasion Abilities Clause: Evasion abilities are banned
|rule|Sleep Moves Clause: Sleep-inducing moves are banned
|clearpoke
|poke|p1|Raging Bolt|
|poke|p1|Rillaboom, M|
|poke|p1|Hawlucha, M|
|poke|p1|Primarina, M|
|poke|p1|Great Tusk|
|poke|p1|Heatran, F|
|poke|p2|Primarina, F|
|poke|p2|Goodra-Hisui, M|
|poke|p2|Weezing-Galar, F|
|poke|p2|Iron Hands|
|poke|p2|Gliscor, F|
|poke|p2|Arcanine-Hisui, F|
|teampreview
|inactive|Battle timer is ON: inactive players will automatically lose when time's up. (requested by Malexrocks)
|
|t:|1776070291
|teamsize|p1|6
|teamsize|p2|6
|start
|switch|p1a: Rillaboom|Rillaboom, M|100/100
|switch|p2a: Iron Hands|Iron Hands|100/100
|-fieldstart|move: Grassy Terrain|[from] ability: Grassy Surge|[of] p1a: Rillaboom
|turn|1
|
|t:|1776070303
|move|p2a: Iron Hands|Fake Out|p1a: Rillaboom
|-damage|p1a: Rillaboom|89/100
|cant|p1a: Rillaboom|flinch
|
|-heal|p1a: Rillaboom|95/100|[from] Grassy Terrain
|upkeep
|turn|2
|
|t:|1776070316
|move|p1a: Rillaboom|U-turn|p2a: Iron Hands
|-resisted|p2a: Iron Hands
|-damage|p2a: Iron Hands|94/100
|-damage|p1a: Rillaboom|79/100|[from] item: Rocky Helmet|[of] p2a: Iron Hands
|
|t:|1776070319
|switch|p1a: Great Tusk|Great Tusk|100/100|[from] U-turn
|-enditem|p1a: Great Tusk|Booster Energy
|-activate|p1a: Great Tusk|ability: Protosynthesis|[fromitem]
|-start|p1a: Great Tusk|protosynthesisspe
|move|p2a: Iron Hands|Body Press|p1a: Great Tusk
|-damage|p1a: Great Tusk|74/100
|
|-heal|p1a: Great Tusk|80/100|[from] Grassy Terrain
|-heal|p2a: Iron Hands|99/100|[from] Grassy Terrain
|upkeep
|turn|3
|
|t:|1776070332
|-end|p2a: Iron Hands|Quark Drive|[silent]
|switch|p2a: Weezing|Weezing-Galar, F|100/100
|move|p1a: Great Tusk|Bulk Up|p1a: Great Tusk
|-boost|p1a: Great Tusk|atk|1
|-boost|p1a: Great Tusk|def|1
|
|-heal|p1a: Great Tusk|87/100|[from] Grassy Terrain
|upkeep
|turn|4
|
|t:|1776070346
|-end|p1a: Great Tusk|Protosynthesis|[silent]
|switch|p1a: Heatran|Heatran, F|100/100
|move|p2a: Weezing|Strange Steam|p1a: Heatran
|-resisted|p1a: Heatran
|-damage|p1a: Heatran|97/100
|
|-heal|p1a: Heatran|100/100|[from] Grassy Terrain
|upkeep
|turn|5
|
|t:|1776070359
|switch|p2a: Gliscor|Gliscor, F, shiny|100/100
|move|p1a: Heatran|Stealth Rock|p2a: Gliscor
|-sidestart|p2: Mr. Kream|move: Stealth Rock
|
|-status|p2a: Gliscor|tox|[from] item: Toxic Orb
|upkeep
|turn|6
|
|t:|1776070379
|switch|p1a: Primarina|Primarina, M|100/100
|-enditem|p1a: Primarina|Grassy Seed
|-boost|p1a: Primarina|def|1|[from] item: Grassy Seed
|move|p2a: Gliscor|Swords Dance|p2a: Gliscor
|-boost|p2a: Gliscor|atk|2
|
|upkeep
|turn|7
|
|t:|1776070391
|move|p2a: Gliscor|Protect|p2a: Gliscor
|-singleturn|p2a: Gliscor|Protect
|move|p1a: Primarina|Substitute|p1a: Primarina
|-start|p1a: Primarina|Substitute
|-damage|p1a: Primarina|76/100
|
|-heal|p1a: Primarina|82/100|[from] Grassy Terrain
|upkeep
|turn|8
|
|t:|1776070405
|move|p2a: Gliscor|Facade|p1a: Primarina
|-end|p1a: Primarina|Substitute
|move|p1a: Primarina|Surf|p2a: Gliscor
|-supereffective|p2a: Gliscor
|-damage|p2a: Gliscor|20/100 tox
|
|-heal|p1a: Primarina|88/100|[from] Grassy Terrain
|-heal|p2a: Gliscor|33/100 tox|[from] ability: Poison Heal
|-fieldend|move: Grassy Terrain
|upkeep
|turn|9
|
|t:|1776070414
|-terastallize|p1a: Primarina|Ghost
|move|p2a: Gliscor|Earthquake|p1a: Primarina
|-damage|p1a: Primarina|26/100
|move|p1a: Primarina|Substitute|p1a: Primarina
|-start|p1a: Primarina|Substitute
|-damage|p1a: Primarina|1/100
|
|-heal|p2a: Gliscor|45/100 tox|[from] ability: Poison Heal
|upkeep
|turn|10
|
|t:|1776070423
|move|p2a: Gliscor|Protect|p2a: Gliscor
|-singleturn|p2a: Gliscor|Protect
|move|p1a: Primarina|Surf|p2a: Gliscor
|-activate|p2a: Gliscor|move: Protect
|
|-heal|p2a: Gliscor|58/100 tox|[from] ability: Poison Heal
|upkeep
|turn|11
|
|t:|1776070431
|switch|p2a: Primarina|Primarina, F|100/100
|-damage|p2a: Primarina|88/100|[from] Stealth Rock
|move|p1a: Primarina|Surf|p2a: Primarina
|-resisted|p2a: Primarina
|-damage|p2a: Primarina|55/100
|
|-heal|p2a: Primarina|61/100|[from] item: Leftovers
|upkeep
|turn|12
|
|t:|1776070438
|move|p1a: Primarina|Moonblast|p2a: Primarina
|-damage|p2a: Primarina|17/100
|-unboost|p2a: Primarina|spa|1
|move|p2a: Primarina|Alluring Voice|p1a: Primarina
|-damage|p1a: Primarina|0 fnt
|faint|p1a: Primarina
|
|-heal|p2a: Primarina|23/100|[from] item: Leftovers
|upkeep
|
|t:|1776070450
|switch|p1a: Rillaboom|Rillaboom, M|79/100
|-fieldstart|move: Grassy Terrain|[from] ability: Grassy Surge|[of] p1a: Rillaboom
|turn|13
|
|t:|1776070458
|switch|p2a: Weezing|Weezing-Galar, F|100/100
|-damage|p2a: Weezing|88/100|[from] Stealth Rock
|move|p1a: Rillaboom|U-turn|p2a: Weezing
|-resisted|p2a: Weezing
|-damage|p2a: Weezing|83/100
|
|t:|1776070461
|switch|p1a: Heatran|Heatran, F|100/100|[from] U-turn
|
|-heal|p2a: Weezing|89/100|[from] item: Leftovers
|upkeep
|turn|14
|
|t:|1776070470
|move|p1a: Heatran|Magma Storm|p2a: Weezing
|-damage|p2a: Weezing|40/100
|-activate|p2a: Weezing|move: Magma Storm|[of] p1a: Heatran
|move|p2a: Weezing|Defog|p1a: Heatran
|-unboost|p1a: Heatran|evasion|1
|-sideend|p2: Mr. Kream|Stealth Rock|[from] move: Defog|[of] p2a: Weezing
|-fieldend|move: Grassy Terrain
|
|-heal|p2a: Weezing|46/100|[from] item: Leftovers
|-damage|p2a: Weezing|33/100|[from] move: Magma Storm|[partiallytrapped]
|upkeep
|turn|15
|
|t:|1776070481
|move|p1a: Heatran|Stealth Rock|p2a: Weezing
|-sidestart|p2: Mr. Kream|move: Stealth Rock
|move|p2a: Weezing|Toxic Spikes|p1a: Heatran
|-sidestart|p1: Malexrocks|move: Toxic Spikes
|
|-heal|p2a: Weezing|39/100|[from] item: Leftovers
|-damage|p2a: Weezing|27/100|[from] move: Magma Storm|[partiallytrapped]
|upkeep
|turn|16
|
|t:|1776070490
|move|p1a: Heatran|Magma Storm|p2a: Weezing
|-damage|p2a: Weezing|0 fnt
|faint|p2a: Weezing
|
|upkeep
|
|t:|1776070500
|switch|p2a: Gliscor|Gliscor, F, shiny|58/100 tox
|-damage|p2a: Gliscor|45/100 tox|[from] Stealth Rock
|turn|17
|
|t:|1776070506
|switch|p1a: Great Tusk|Great Tusk|87/100
|-status|p1a: Great Tusk|psn
|move|p2a: Gliscor|Earthquake|p1a: Great Tusk
|-crit|p1a: Great Tusk
|-damage|p1a: Great Tusk|55/100 psn
|
|-damage|p1a: Great Tusk|43/100 psn|[from] psn
|-heal|p2a: Gliscor|58/100 tox|[from] ability: Poison Heal
|upkeep
|turn|18
|
|t:|1776070515
|move|p2a: Gliscor|Protect|p2a: Gliscor
|-singleturn|p2a: Gliscor|Protect
|move|p1a: Great Tusk|Rapid Spin|p2a: Gliscor
|-activate|p2a: Gliscor|move: Protect
|
|-damage|p1a: Great Tusk|30/100 psn|[from] psn
|-heal|p2a: Gliscor|70/100 tox|[from] ability: Poison Heal
|upkeep
|turn|19
|
|t:|1776070534
|move|p1a: Great Tusk|Rapid Spin|p2a: Gliscor
|-damage|p2a: Gliscor|59/100 tox
|-boost|p1a: Great Tusk|spe|1
|-sideend|p1: Malexrocks|Toxic Spikes|[from] move: Rapid Spin|[of] p1a: Great Tusk
|move|p2a: Gliscor|Earthquake|p1a: Great Tusk
|-damage|p1a: Great Tusk|9/100 psn
|
|-damage|p1a: Great Tusk|0 fnt|[from] psn
|faint|p1a: Great Tusk
|-end|p1a: Great Tusk|Protosynthesis|[silent]
|-heal|p2a: Gliscor|71/100 tox|[from] ability: Poison Heal
|upkeep
|
|t:|1776070542
|switch|p1a: Rillaboom|Rillaboom, M|79/100
|-fieldstart|move: Grassy Terrain|[from] ability: Grassy Surge|[of] p1a: Rillaboom
|turn|20
|
|t:|1776070551
|move|p2a: Gliscor|Protect|p2a: Gliscor
|-singleturn|p2a: Gliscor|Protect
|move|p1a: Rillaboom|Swords Dance|p1a: Rillaboom
|-boost|p1a: Rillaboom|atk|2
|
|-heal|p1a: Rillaboom|85/100|[from] Grassy Terrain
|-heal|p2a: Gliscor|84/100 tox|[from] ability: Poison Heal
|upkeep
|turn|21
|
|t:|1776070561
|switch|p2a: Goodra|Goodra-Hisui, M|100/100
|-damage|p2a: Goodra|94/100|[from] Stealth Rock
|move|p1a: Rillaboom|Grassy Glide|p2a: Goodra
|-ability|p2a: Goodra|Sap Sipper|boost
|-boost|p2a: Goodra|atk|1
|
|-heal|p1a: Rillaboom|91/100|[from] Grassy Terrain
|-heal|p2a: Goodra|100/100|[from] Grassy Terrain
|upkeep
|turn|22
|
|t:|1776070571
|move|p1a: Rillaboom|U-turn|p2a: Goodra
|-resisted|p2a: Goodra
|-damage|p2a: Goodra|78/100
|
|t:|1776070582
|switch|p1a: Raging Bolt|Raging Bolt|100/100|[from] U-turn
|move|p2a: Goodra|Knock Off|p1a: Raging Bolt
|-damage|p1a: Raging Bolt|74/100
|-enditem|p1a: Raging Bolt|Life Orb|[from] move: Knock Off|[of] p2a: Goodra
|
|-heal|p1a: Raging Bolt|80/100|[from] Grassy Terrain
|-heal|p2a: Goodra|84/100|[from] Grassy Terrain
|upkeep
|turn|23
|
|t:|1776070594
|move|p1a: Raging Bolt|Draco Meteor|p2a: Goodra
|-damage|p2a: Goodra|57/100
|-unboost|p1a: Raging Bolt|spa|2
|move|p2a: Goodra|Earthquake|p1a: Raging Bolt
|-supereffective|p1a: Raging Bolt
|-damage|p1a: Raging Bolt|51/100
|
|-heal|p1a: Raging Bolt|57/100|[from] Grassy Terrain
|-heal|p2a: Goodra|63/100|[from] Grassy Terrain
|upkeep
|turn|24
|
|t:|1776070604
|move|p1a: Raging Bolt|Volt Switch|p2a: Goodra
|-resisted|p2a: Goodra
|-damage|p2a: Goodra|58/100
|
|t:|1776070621
|-end|p1a: Raging Bolt|Protosynthesis|[silent]
|switch|p1a: Rillaboom|Rillaboom, M|91/100|[from] Volt Switch
|move|p2a: Goodra|Draco Meteor|p1a: Rillaboom
|-damage|p1a: Rillaboom|38/100
|-unboost|p2a: Goodra|spa|2
|
|-heal|p1a: Rillaboom|45/100|[from] Grassy Terrain
|-heal|p2a: Goodra|65/100|[from] Grassy Terrain
|upkeep
|turn|25
|
|t:|1776070632
|move|p1a: Rillaboom|Knock Off|p2a: Goodra
|-damage|p2a: Goodra|30/100
|-enditem|p2a: Goodra|Assault Vest|[from] move: Knock Off|[of] p1a: Rillaboom
|move|p2a: Goodra|Knock Off|p1a: Rillaboom
|-damage|p1a: Rillaboom|15/100
|-enditem|p1a: Rillaboom|Terrain Extender|[from] move: Knock Off|[of] p2a: Goodra
|
|-heal|p1a: Rillaboom|22/100|[from] Grassy Terrain
|-heal|p2a: Goodra|36/100|[from] Grassy Terrain
|upkeep
|turn|26
|
|t:|1776070644
|move|p1a: Rillaboom|Knock Off|p2a: Goodra
|-damage|p2a: Goodra|13/100
|move|p2a: Goodra|Draco Meteor|p1a: Rillaboom
|-damage|p1a: Rillaboom|0 fnt
|-unboost|p2a: Goodra|spa|2
|faint|p1a: Rillaboom
|
|-heal|p2a: Goodra|19/100|[from] Grassy Terrain
|upkeep
|
|t:|1776070645
|switch|p1a: Hawlucha|Hawlucha, M|100/100
|-enditem|p1a: Hawlucha|Grassy Seed
|-boost|p1a: Hawlucha|def|1|[from] item: Grassy Seed
|turn|27
|
|t:|1776070667
|move|p1a: Hawlucha|Swords Dance|p1a: Hawlucha
|-boost|p1a: Hawlucha|atk|2
|move|p2a: Goodra|Draco Meteor|p1a: Hawlucha
|-damage|p1a: Hawlucha|76/100
|-unboost|p2a: Goodra|spa|2
|
|-heal|p2a: Goodra|25/100|[from] Grassy Terrain
|-fieldend|move: Grassy Terrain
|upkeep
|turn|28
|inactive|Mr. Kream has 120 seconds left.
|
|t:|1776070688
|switch|p2a: Primarina|Primarina, F|23/100
|-damage|p2a: Primarina|11/100|[from] Stealth Rock
|move|p1a: Hawlucha|Acrobatics|p2a: Primarina
|-damage|p2a: Primarina|0 fnt
|faint|p2a: Primarina
|
|upkeep
|inactive|Mr. Kream has 120 seconds left.
|
|t:|1776070700
|switch|p2a: Iron Hands|Iron Hands|99/100
|-damage|p2a: Iron Hands|94/100|[from] Stealth Rock
|turn|29
|
|t:|1776070720
|move|p2a: Iron Hands|Fake Out|p1a: Hawlucha
|-damage|p1a: Hawlucha|66/100
|cant|p1a: Hawlucha|flinch
|
|upkeep
|turn|30
|
|t:|1776070726
|move|p1a: Hawlucha|Encore|p2a: Iron Hands
|-start|p2a: Iron Hands|Encore
|move|p2a: Iron Hands|Fake Out||[still]
|-hint|Fake Out only works on your first turn out.
|-fail|p2a: Iron Hands
|
|upkeep
|turn|31
|
|t:|1776070746
|-end|p2a: Iron Hands|Quark Drive|[silent]
|switch|p2a: Goodra|Goodra-Hisui, M|25/100
|-damage|p2a: Goodra|19/100|[from] Stealth Rock
|move|p1a: Hawlucha|Swords Dance|p1a: Hawlucha
|-boost|p1a: Hawlucha|atk|2
|
|upkeep
|turn|32
|
|t:|1776070754
|move|p1a: Hawlucha|Acrobatics|p2a: Goodra
|-resisted|p2a: Goodra
|-damage|p2a: Goodra|0 fnt
|faint|p2a: Goodra
|
|upkeep
|
|t:|1776070759
|switch|p2a: Iron Hands|Iron Hands|94/100
|-damage|p2a: Iron Hands|88/100|[from] Stealth Rock
|turn|33
|
|t:|1776070764
|move|p1a: Hawlucha|Acrobatics|p2a: Iron Hands
|-damage|p2a: Iron Hands|23/100
|-damage|p1a: Hawlucha|49/100|[from] item: Rocky Helmet|[of] p2a: Iron Hands
|move|p2a: Iron Hands|Supercell Slam|p1a: Hawlucha
|-supereffective|p1a: Hawlucha
|-damage|p1a: Hawlucha|0 fnt
|faint|p1a: Hawlucha
|
|upkeep
|
|t:|1776070791
|switch|p1a: Raging Bolt|Raging Bolt|57/100
|turn|34
|
|t:|1776070807
|move|p1a: Raging Bolt|Thunderbolt|p2a: Iron Hands
|-resisted|p2a: Iron Hands
|-damage|p2a: Iron Hands|0 fnt
|faint|p2a: Iron Hands
|-end|p2a: Iron Hands|Quark Drive|[silent]
|
|upkeep
|
|t:|1776070810
|switch|p2a: Gliscor|Gliscor, F, shiny|84/100 tox
|-damage|p2a: Gliscor|71/100 tox|[from] Stealth Rock
|turn|35
|
|t:|1776070817
|move|p2a: Gliscor|Protect|p2a: Gliscor
|-singleturn|p2a: Gliscor|Protect
|move|p1a: Raging Bolt|Draco Meteor|p2a: Gliscor
|-activate|p2a: Gliscor|move: Protect
|
|-heal|p2a: Gliscor|84/100 tox|[from] ability: Poison Heal
|upkeep
|turn|36
|
|t:|1776070822
|move|p1a: Raging Bolt|Draco Meteor|p2a: Gliscor
|-damage|p2a: Gliscor|17/100 tox
|-unboost|p1a: Raging Bolt|spa|2
|move|p2a: Gliscor|Earthquake|p1a: Raging Bolt
|-supereffective|p1a: Raging Bolt
|-damage|p1a: Raging Bolt|0 fnt
|faint|p1a: Raging Bolt
|-end|p1a: Raging Bolt|Protosynthesis|[silent]
|
|-heal|p2a: Gliscor|30/100 tox|[from] ability: Poison Heal
|upkeep
|
|t:|1776070825
|switch|p1a: Heatran|Heatran, F|100/100
|turn|37
|
|t:|1776070828
|move|p2a: Gliscor|Protect|p2a: Gliscor
|-singleturn|p2a: Gliscor|Protect
|move|p1a: Heatran|Magma Storm|p2a: Gliscor
|-activate|p2a: Gliscor|move: Protect
|
|-heal|p2a: Gliscor|42/100 tox|[from] ability: Poison Heal
|upkeep
|turn|38
|
|t:|1776070833
|move|p2a: Gliscor|Earthquake|p1a: Heatran
|-supereffective|p1a: Heatran
|-damage|p1a: Heatran|0 fnt
|faint|p1a: Heatran
|
|win|Mr. Kream
|raw|Malexrocks's rating: 1456 &rarr; <strong>1432</strong><br />(-24 for losing)
|raw|Mr. Kream's rating: 1386 &rarr; <strong>1410</strong><br />(+24 for winning)
|l|☆Malexrocks
|player|p1|
|l|‽Mr. Kream
|player|p2|
