|html|<div class="broadcast-blue"><strong>[Gen 9] OU is currently suspecting Tera Blast! For information on how to participate check out the <a href="https://www.smogon.com/tools/suspects/view/200">suspect thread</a>.</strong></div>
|j|☆The Quaggie Boys
|j|☆upa-002
|t:|1776143399
|gametype|singles
|player|p1|The Quaggie Boys|ingo|1173
|player|p2|upa-002|biker|1157
|gen|9
|tier|[Gen 9] OU
|rated|
|rule|HP Percentage Mod: HP is shown in percentages
|rule|Endless Battle Clause: Forcing endless battles is banned
|rule|Species Clause: Limit one of each Pokémon
|rule|OHKO Clause: OHKO moves are banned
|rule|Evasion Items Clause: Evasion items are banned
|rule|Evasion Moves Clause: Evasion moves are banned
|rule|Evasion Abilities Clause: Evasion abilities are banned
|rule|Sleep Moves Clause: Sleep-inducing moves are banned
|clearpoke
|poke|p1|Quagsire, F|
|poke|p1|Camerupt, M|
|poke|p1|Hatterene, F|
|poke|p1|Hoopa-Unbound|
|poke|p1|Diancie|
|poke|p1|Necrozma|
|poke|p2|Ninetales, F|
|poke|p2|Iron Moth|
|poke|p2|Serperior, F|
|poke|p2|Ceruledge, M|
|poke|p2|Walking Wake|
|poke|p2|Great Tusk|
|teampreview
|inactive|Battle timer is ON: inactive players will automatically lose when time's up. (requested by The Quaggie Boys)
|inactive|upa-002 has 120 seconds left.
|
|t:|1776143444
|teamsize|p1|6
|teamsize|p2|6
|start
|switch|p1a: Necrozma|Necrozma|100/100
|switch|p2a: Ceruledge|Ceruledge, M|100/100
|turn|1
|
|t:|1776143467
|move|p2a: Ceruledge|Swords Dance|p2a: Ceruledge
|-boost|p2a: Ceruledge|atk|2
|move|p1a: Necrozma|Trick Room|p1a: Necrozma
|-fieldstart|move: Trick Room|[of] p1a: Necrozma
|
|upkeep
|turn|2
|
|t:|1776143476
|move|p1a: Necrozma|Meteor Beam||[still]
|-prepare|p1a: Necrozma|Meteor Beam
|-boost|p1a: Necrozma|spa|1
|-enditem|p1a: Necrozma|Power Herb
|-anim|p1a: Necrozma|Meteor Beam|p2a: Ceruledge
|-supereffective|p2a: Ceruledge
|-crit|p2a: Ceruledge
|-enditem|p2a: Ceruledge|Focus Sash
|-damage|p2a: Ceruledge|1/100
|move|p2a: Ceruledge|Swords Dance|p2a: Ceruledge
|-boost|p2a: Ceruledge|atk|2
|
|upkeep
|turn|3
|
|t:|1776143491
|switch|p1a: Quagsire|Quagsire, F, shiny|100/100
|move|p2a: Ceruledge|Shadow Sneak|p1a: Quagsire
|-damage|p1a: Quagsire|79/100
|
|upkeep
|turn|4
|
|t:|1776143504
|switch|p2a: Serperior|Serperior, F|100/100
|move|p1a: Quagsire|Earthquake|p2a: Serperior
|-resisted|p2a: Serperior
|-damage|p2a: Serperior|63/100
|
|upkeep
|turn|5
|
|t:|1776143526
|move|p1a: Quagsire|Earthquake|p2a: Serperior
|-resisted|p2a: Serperior
|-damage|p2a: Serperior|25/100
|move|p2a: Serperior|Giga Drain|p1a: Quagsire
|-supereffective|p1a: Quagsire
|-damage|p1a: Quagsire|0 fnt
|-heal|p2a: Serperior|78/100|[from] drain|[of] p1a: Quagsire
|faint|p1a: Quagsire
|
|-fieldend|move: Trick Room
|upkeep
|
|t:|1776143538
|switch|p1a: Necrozma|Necrozma|100/100
|turn|6
|inactive|upa-002 has 120 seconds left.
|
|t:|1776143582
|switch|p2a: Ceruledge|Ceruledge, M|1/100
|move|p1a: Necrozma|Trick Room|p1a: Necrozma
|-fieldstart|move: Trick Room|[of] p1a: Necrozma
|
|upkeep
|turn|7
|
|t:|1776143595
|switch|p2a: Ninetales|Ninetales, F|100/100
|-weather|SunnyDay|[from] ability: Drought|[of] p2a: Ninetales
|move|p1a: Necrozma|Photon Geyser|p2a: Ninetales
|-damage|p2a: Ninetales|36/100
|
|-weather|SunnyDay|[upkeep]
|upkeep
|turn|8
|inactive|upa-002 has 90 seconds left.
|
|t:|1776143635
|move|p1a: Necrozma|Photon Geyser|p2a: Ninetales
|-damage|p2a: Ninetales|0 fnt
|faint|p2a: Ninetales
|
|-weather|SunnyDay|[upkeep]
|upkeep
|
|t:|1776143648
|switch|p2a: Ceruledge|Ceruledge, M|1/100
|turn|9
|inactive|The Quaggie Boys has 120 seconds left.
|
|t:|1776143696
|move|p2a: Ceruledge|Shadow Sneak|p1a: Necrozma
|-supereffective|p1a: Necrozma
|-damage|p1a: Necrozma|73/100
|move|p1a: Necrozma|Photon Geyser|p2a: Ceruledge
|-damage|p2a: Ceruledge|0 fnt
|faint|p2a: Ceruledge
|
|-weather|SunnyDay|[upkeep]
|upkeep
|
|t:|1776143711
|switch|p2a: Serperior|Serperior, F|78/100
|turn|10
|
|t:|1776143735
|move|p1a: Necrozma|Heat Wave|p2a: Serperior
|-supereffective|p2a: Serperior
|-damage|p2a: Serperior|0 fnt
|faint|p2a: Serperior
|
|-weather|SunnyDay|[upkeep]
|-fieldend|move: Trick Room
|upkeep
|
|t:|1776143748
|switch|p2a: Iron Moth|Iron Moth|100/100
|-enditem|p2a: Iron Moth|Booster Energy
|-activate|p2a: Iron Moth|ability: Quark Drive|[fromitem]
|-start|p2a: Iron Moth|quarkdrivespe
|turn|11
|
|t:|1776143774
|move|p2a: Iron Moth|Fiery Dance|p1a: Necrozma
|-damage|p1a: Necrozma|19/100
|-boost|p2a: Iron Moth|spa|1
|move|p1a: Necrozma|Trick Room|p1a: Necrozma
|-fieldstart|move: Trick Room|[of] p1a: Necrozma
|
|-weather|SunnyDay|[upkeep]
|upkeep
|turn|12
|
|t:|1776143784
|-terastallize|p2a: Iron Moth|Ground
|move|p1a: Necrozma|Photon Geyser|p2a: Iron Moth
|-damage|p2a: Iron Moth|42/100
|move|p2a: Iron Moth|Fiery Dance|p1a: Necrozma
|-damage|p1a: Necrozma|0 fnt
|faint|p1a: Necrozma
|
|-weather|SunnyDay|[upkeep]
|upkeep
|inactive|The Quaggie Boys has 90 seconds left.
|
|t:|1776143812
|switch|p1a: Hatterene|Hatterene, F|100/100
|turn|13
|
|t:|1776143822
|move|p1a: Hatterene|Psyshock|p2a: Iron Moth
|-damage|p2a: Iron Moth|0 fnt
|faint|p2a: Iron Moth
|-end|p2a: Iron Moth|Quark Drive|[silent]
|-damage|p1a: Hatterene|91/100|[from] item: Life Orb
|
|-weather|SunnyDay|[upkeep]
|upkeep
|-message|upa-002 forfeited.
|
|win|The Quaggie Boys
|raw|The Quaggie Boys's rating: 1200 &rarr; <strong>1222</strong><br />(+22 for winning)
|raw|upa-002's rating: 1157 &rarr; <strong>1135</strong><br />(-22 for losing)
|l|☆upa-002
|player|p2|
