|html|<div class="broadcast-blue"><strong>[Gen 9] OU is currently suspecting Tera Blast! For information on how to participate check out the <a href="https://www.smogon.com/tools/suspects/view/200">suspect thread</a>.</strong></div>
|j|☆meikh_neiht
|j|☆zam0rak
|t:|1776064534
|gametype|singles
|player|p1|meikh_neiht|lucas|1254
|player|p2|zam0rak|n|1273
|gen|9
|tier|[Gen 9] OU
|rated|
|rule|HP Percentage Mod: HP is shown in percentages
|rule|Endless Battle Clause: Forcing endless battles is banned
|rule|Species Clause: Limit one of each Pokémon
|rule|OHKO Clause: OHKO moves are banned
|rule|Evasion Items Clause: Evasion items are banned
|rule|Evasion Moves Clause: Evasion moves are banned
|rule|Evasion Abilities Clause: Evasion abilities are banned
|rule|Sleep Moves Clause: Sleep-inducing moves are banned
|clearpoke
|poke|p1|Gholdengo|
|poke|p1|Darkrai|
|poke|p1|Clefable, F|
|poke|p1|Ting-Lu|
|poke|p1|Dragonite, F|
|poke|p1|Pecharunt|
|poke|p2|Thundurus, M|
|poke|p2|Darkrai|
|poke|p2|Rotom-Wash|
|poke|p2|Ursaring, M|
|poke|p2|Cresselia, F|
|poke|p2|Great Tusk|
|teampreview
|inactive|Battle timer is ON: inactive players will automatically lose when time's up. (requested by zam0rak)
|inactive|zam0rak has 120 seconds left.
|
|t:|1776064574
|teamsize|p1|6
|teamsize|p2|6
|start
|switch|p1a: Ting-Lu|Ting-Lu|100/100
|switch|p2a: Great Tusk|Great Tusk|100/100
|-ability|p1a: Ting-Lu|Vessel of Ruin
|turn|1
|
|t:|1776064582
|move|p2a: Great Tusk|Close Combat|p1a: Ting-Lu
|-supereffective|p1a: Ting-Lu
|-damage|p1a: Ting-Lu|28/100
|-unboost|p2a: Great Tusk|def|1
|-unboost|p2a: Great Tusk|spd|1
|-enditem|p1a: Ting-Lu|Red Card|[of] p2a: Great Tusk
|-end|p2a: Great Tusk|Protosynthesis|[silent]
|drag|p2a: Cresselia|Cresselia, F|100/100
|move|p1a: Ting-Lu|Stealth Rock|p2a: Cresselia
|-sidestart|p2: zam0rak|move: Stealth Rock
|
|upkeep
|turn|2
|
|t:|1776064593
|move|p2a: Cresselia|Moonblast|p1a: Ting-Lu
|-supereffective|p1a: Ting-Lu
|-damage|p1a: Ting-Lu|5/100
|move|p1a: Ting-Lu|Spikes|p2a: Cresselia
|-sidestart|p2: zam0rak|Spikes
|
|upkeep
|turn|3
|
|t:|1776064604
|switch|p1a: Pecharunt|Pecharunt|100/100
|move|p2a: Cresselia|Moonblast|p1a: Pecharunt
|-resisted|p1a: Pecharunt
|-damage|p1a: Pecharunt|88/100
|-unboost|p1a: Pecharunt|spa|1
|
|upkeep
|turn|4
|
|t:|1776064619
|switch|p1a: Darkrai|Darkrai|100/100
|-terastallize|p2a: Cresselia|Poison
|move|p2a: Cresselia|Calm Mind|p2a: Cresselia
|-boost|p2a: Cresselia|spa|1
|-boost|p2a: Cresselia|spd|1
|
|upkeep
|turn|5
|
|t:|1776064632
|move|p1a: Darkrai|Knock Off|p2a: Cresselia
|-crit|p2a: Cresselia
|-damage|p2a: Cresselia|71/100
|-enditem|p2a: Cresselia|Leftovers|[from] move: Knock Off|[of] p1a: Darkrai
|move|p2a: Cresselia|Moonblast|p1a: Darkrai
|-supereffective|p1a: Darkrai
|-damage|p1a: Darkrai|3/100
|-unboost|p1a: Darkrai|spa|1
|
|upkeep
|turn|6
|
|t:|1776064643
|switch|p1a: Gholdengo|Gholdengo|100/100
|move|p2a: Cresselia|Moonblast|p1a: Gholdengo
|-resisted|p1a: Gholdengo
|-damage|p1a: Gholdengo|78/100
|-unboost|p1a: Gholdengo|spa|1
|
|upkeep
|turn|7
|c|☆meikh_neiht|how do you keep getting those
|
|t:|1776064665
|switch|p1a: Pecharunt|Pecharunt|88/100
|move|p2a: Cresselia|Stored Power|p1a: Pecharunt
|-supereffective|p1a: Pecharunt
|-damage|p1a: Pecharunt|10/100
|
|upkeep
|turn|8
|c|☆zam0rak|It doesnt matter
|
|t:|1776064673
|move|p1a: Pecharunt|Shadow Ball|p2a: Cresselia
|-damage|p2a: Cresselia|60/100
|move|p2a: Cresselia|Calm Mind|p2a: Cresselia
|-boost|p2a: Cresselia|spa|1
|-boost|p2a: Cresselia|spd|1
|
|upkeep
|turn|9
|c|☆meikh_neiht|lowk it does
|c|☆meikh_neiht|cmon js kill the peach
|c|☆zam0rak|Nah, you are doing the wrong approach for a cress
|inactive|meikh_neiht has 120 seconds left.
|c|☆meikh_neiht|i had a roll to ohko with specs mir lmao
|inactive|meikh_neiht has 90 seconds left.
|
|t:|1776064723
|move|p1a: Pecharunt|Shadow Ball|p2a: Cresselia
|-damage|p2a: Cresselia|52/100
|move|p2a: Cresselia|Moonlight|p2a: Cresselia
|-heal|p2a: Cresselia|100/100
|
|upkeep
|turn|10
|inactive|meikh_neiht has 90 seconds left.
|
|t:|1776064736
|move|p1a: Pecharunt|Shadow Ball|p2a: Cresselia
|-damage|p2a: Cresselia|91/100
|move|p2a: Cresselia|Moonblast|p1a: Pecharunt
|-resisted|p1a: Pecharunt
|-damage|p1a: Pecharunt|0 fnt
|faint|p1a: Pecharunt
|
|upkeep
|inactive|meikh_neiht has 90 seconds left.
|
|t:|1776064741
|switch|p1a: Dragonite|Dragonite, F|100/100
|turn|11
|
|t:|1776064748
|-terastallize|p1a: Dragonite|Normal
|move|p1a: Dragonite|Dragon Dance|p1a: Dragonite
|-boost|p1a: Dragonite|atk|1
|-boost|p1a: Dragonite|spe|1
|move|p2a: Cresselia|Moonblast|p1a: Dragonite
|-damage|p1a: Dragonite|76/100
|
|upkeep
|turn|12
|inactive|meikh_neiht has 90 seconds left.
|
|t:|1776064766
|move|p1a: Dragonite|Roost|p1a: Dragonite
|-heal|p1a: Dragonite|100/100
|move|p2a: Cresselia|Moonblast|p1a: Dragonite
|-damage|p1a: Dragonite|74/100
|
|upkeep
|turn|13
|
|t:|1776064774
|switch|p2a: Great Tusk|Great Tusk|100/100
|-damage|p2a: Great Tusk|98/100|[from] Stealth Rock
|-damage|p2a: Great Tusk|85/100|[from] Spikes
|move|p1a: Dragonite|Extreme Speed|p2a: Great Tusk
|-damage|p2a: Great Tusk|44/100
|
|upkeep
|turn|14
|
|t:|1776064783
|move|p1a: Dragonite|Extreme Speed|p2a: Great Tusk
|-crit|p2a: Great Tusk
|-damage|p2a: Great Tusk|0 fnt
|faint|p2a: Great Tusk
|-end|p2a: Great Tusk|Protosynthesis|[silent]
|
|upkeep
|
|t:|1776064792
|switch|p2a: Thundurus|Thundurus, M|100/100
|-damage|p2a: Thundurus|76/100|[from] Stealth Rock
|turn|15
|
|t:|1776064796
|move|p1a: Dragonite|Extreme Speed|p2a: Thundurus
|-damage|p2a: Thundurus|0 fnt
|faint|p2a: Thundurus
|
|upkeep
|
|t:|1776064803
|switch|p2a: Ursaring|Ursaring, M|100/100
|-damage|p2a: Ursaring|88/100|[from] Stealth Rock
|-damage|p2a: Ursaring|76/100|[from] Spikes
|turn|16
|inactive|meikh_neiht has 120 seconds left.
|
|t:|1776064814
|move|p1a: Dragonite|Extreme Speed|p2a: Ursaring
|-damage|p2a: Ursaring|25/100
|move|p2a: Ursaring|Body Slam|p1a: Dragonite
|-damage|p1a: Dragonite|21/100
|
|upkeep
|turn|17
|c|☆zam0rak|I could have went all the way with calm mind, I win every game like that
|c|☆zam0rak|I dont want to
|c|☆zam0rak|GG end it
|
|t:|1776064831
|move|p1a: Dragonite|Extreme Speed|p2a: Ursaring
|-damage|p2a: Ursaring|0 fnt
|faint|p2a: Ursaring
|
|upkeep
|
|t:|1776064836
|switch|p2a: Rotom|Rotom-Wash|100/100
|-damage|p2a: Rotom|88/100|[from] Stealth Rock
|turn|18
|
|t:|1776064843
|move|p2a: Rotom|Volt Switch|p1a: Dragonite
|-damage|p1a: Dragonite|0 fnt
|faint|p1a: Dragonite
|c|☆meikh_neiht|damn
|c|☆meikh_neiht|scarf?
|
|t:|1776064856
|switch|p2a: Cresselia|Cresselia, F, tera:Poison|91/100|[from] Volt Switch
|-damage|p2a: Cresselia|79/100|[from] Stealth Rock
|
|upkeep
|
|t:|1776064881
|switch|p1a: Ting-Lu|Ting-Lu|5/100
|-ability|p1a: Ting-Lu|Vessel of Ruin
|turn|19
|c|☆zam0rak|I wanted to sweep with thundurus swagger mirror herb, losing or winning doesnt mean anything now
|
|t:|1776064907
|move|p2a: Cresselia|Moonblast|p1a: Ting-Lu
|-supereffective|p1a: Ting-Lu
|-damage|p1a: Ting-Lu|0 fnt
|faint|p1a: Ting-Lu
|
|upkeep
|c|☆meikh_neiht|nice nice
|c|☆meikh_neiht|lowk im cooked
|-message|meikh_neiht forfeited.
|
|win|zam0rak
|raw|meikh_neiht's rating: 1254 &rarr; <strong>1230</strong><br />(-24 for losing)
|raw|zam0rak's rating: 1273 &rarr; <strong>1297</strong><br />(+24 for winning)
|l|☆meikh_neiht
|player|p1|
