|html|<div class="broadcast-blue"><strong>[Gen 9] OU is currently suspecting Tera Blast! For information on how to participate check out the <a href="https://www.smogon.com/tools/suspects/view/200">suspect thread</a>.</strong></div>
|j|☆Imrlly99
|j|☆ambylamby
|t:|1776069423
|gametype|singles
|player|p1|Imrlly99|102|1109
|player|p2|ambylamby|265|1120
|gen|9
|tier|[Gen 9] OU
|rated|
|rule|HP Percentage Mod: HP is shown in percentages
|rule|Endless Battle Clause: Forcing endless battles is banned
|rule|Species Clause: Limit one of each Pokémon
|rule|OHKO Clause: OHKO moves are banned
|rule|Evasion Items Clause: Evasion items are banned
|rule|Evasion Moves Clause: Evasion moves are banned
|rule|Evasion Abilities Clause: Evasion abilities are banned
|rule|Sleep Moves Clause: Sleep-inducing moves are banned
|clearpoke
|poke|p1|Dragapult, F|
|poke|p1|Umbreon, F|
|poke|p1|Excadrill, F|
|poke|p1|Quaquaval, M|
|poke|p1|Raichu-Alola, F|
|poke|p1|Chandelure, M|
|poke|p2|Darkrai|
|poke|p2|Hawlucha, F|
|poke|p2|Gliscor, M|
|poke|p2|Abomasnow, M|
|poke|p2|Glimmora, M|
|poke|p2|Murkrow, M|
|teampreview
|
|t:|1776069443
|teamsize|p1|6
|teamsize|p2|6
|start
|switch|p1a: Leafeon mogs|Umbreon, F|100/100
|switch|p2a: Glimmora|Glimmora, M|100/100
|turn|1
|
|t:|1776069451
|switch|p1a: Isekai coal miner|Excadrill, F|100/100
|-ability|p1a: Isekai coal miner|Mold Breaker
|move|p2a: Glimmora|Stealth Rock|p1a: Isekai coal miner
|-sidestart|p1: Imrlly99|move: Stealth Rock
|
|upkeep
|turn|2
|
|t:|1776069464
|move|p1a: Isekai coal miner|Rapid Spin|p2a: Glimmora
|-resisted|p2a: Glimmora
|-damage|p2a: Glimmora|91/100
|-boost|p1a: Isekai coal miner|spe|1
|-damage|p1a: Isekai coal miner|84/100|[from] item: Rocky Helmet|[of] p2a: Glimmora
|-activate|p2a: Glimmora|ability: Toxic Debris
|-sidestart|p1: Imrlly99|move: Toxic Spikes
|-sideend|p1: Imrlly99|Toxic Spikes|[from] move: Rapid Spin|[of] p1a: Isekai coal miner
|-sideend|p1: Imrlly99|Stealth Rock|[from] move: Rapid Spin|[of] p1a: Isekai coal miner
|move|p2a: Glimmora|Spikes|p1a: Isekai coal miner
|-sidestart|p1: Imrlly99|Spikes
|
|upkeep
|turn|3
|
|t:|1776069478
|move|p1a: Isekai coal miner|Earthquake|p2a: Glimmora
|-supereffective|p2a: Glimmora
|-damage|p2a: Glimmora|0 fnt
|-activate|p2a: Glimmora|ability: Toxic Debris
|-sidestart|p1: Imrlly99|move: Toxic Spikes
|faint|p2a: Glimmora
|
|upkeep
|
|t:|1776069485
|switch|p2a: Murkrow|Murkrow, M, shiny|100/100
|turn|4
|
|t:|1776069497
|move|p2a: Murkrow|Haze|p2a: Murkrow
|-clearallboost
|move|p1a: Isekai coal miner|Rapid Spin|p2a: Murkrow
|-damage|p2a: Murkrow|70/100
|-boost|p1a: Isekai coal miner|spe|1
|-sideend|p1: Imrlly99|Spikes|[from] move: Rapid Spin|[of] p1a: Isekai coal miner
|-sideend|p1: Imrlly99|Toxic Spikes|[from] move: Rapid Spin|[of] p1a: Isekai coal miner
|
|upkeep
|turn|5
|
|t:|1776069507
|move|p2a: Murkrow|Tailwind|p2a: Murkrow
|-sidestart|p2: ambylamby|move: Tailwind
|move|p1a: Isekai coal miner|Iron Head|p2a: Murkrow
|-damage|p2a: Murkrow|0 fnt
|faint|p2a: Murkrow
|
|upkeep
|
|t:|1776069515
|switch|p2a: Hawlucha|Hawlucha, F, shiny|100/100
|turn|6
|
|t:|1776069521
|move|p2a: Hawlucha|Close Combat|p1a: Isekai coal miner
|-supereffective|p1a: Isekai coal miner
|-damage|p1a: Isekai coal miner|0 fnt
|-unboost|p2a: Hawlucha|def|1
|-unboost|p2a: Hawlucha|spd|1
|faint|p1a: Isekai coal miner
|
|upkeep
|
|t:|1776069532
|switch|p1a: Leafeon mogs|Umbreon, F|100/100
|turn|7
|
|t:|1776069544
|-terastallize|p1a: Leafeon mogs|Fairy
|move|p2a: Hawlucha|Close Combat|p1a: Leafeon mogs
|-resisted|p1a: Leafeon mogs
|-damage|p1a: Leafeon mogs|83/100
|-unboost|p2a: Hawlucha|def|1
|-unboost|p2a: Hawlucha|spd|1
|move|p1a: Leafeon mogs|Toxic|p2a: Hawlucha
|-status|p2a: Hawlucha|tox
|
|-heal|p1a: Leafeon mogs|89/100|[from] item: Leftovers
|-damage|p2a: Hawlucha|94/100 tox|[from] psn
|upkeep
|turn|8
|
|t:|1776069557
|move|p2a: Hawlucha|Poison Jab|p1a: Leafeon mogs
|-supereffective|p1a: Leafeon mogs
|-damage|p1a: Leafeon mogs|60/100
|move|p1a: Leafeon mogs|Substitute|p1a: Leafeon mogs
|-start|p1a: Leafeon mogs|Substitute
|-damage|p1a: Leafeon mogs|36/100
|
|-heal|p1a: Leafeon mogs|42/100|[from] item: Leftovers
|-damage|p2a: Hawlucha|82/100 tox|[from] psn
|-sideend|p2: ambylamby|move: Tailwind
|upkeep
|turn|9
|
|t:|1776069574
|move|p2a: Hawlucha|U-turn|p1a: Leafeon mogs
|-resisted|p1a: Leafeon mogs
|-activate|p1a: Leafeon mogs|move: Substitute|[damage]
|
|t:|1776069582
|switch|p2a: Gliscor|Gliscor, M, shiny|100/100|[from] U-turn
|move|p1a: Leafeon mogs|Wish|p1a: Leafeon mogs
|
|-heal|p1a: Leafeon mogs|48/100|[from] item: Leftovers
|-status|p2a: Gliscor|tox|[from] item: Toxic Orb
|upkeep
|turn|10
|
|t:|1776069596
|switch|p1a: Femboy|Quaquaval, M|100/100
|-terastallize|p2a: Gliscor|Normal
|move|p2a: Gliscor|Dual Wingbeat|p1a: Femboy
|-supereffective|p1a: Femboy
|-damage|p1a: Femboy|52/100
|-supereffective|p1a: Femboy
|-damage|p1a: Femboy|7/100
|-hitcount|p1a: Femboy|2
|
|-heal|p1a: Femboy|70/100|[from] move: Wish|[wisher] Leafeon mogs
|upkeep
|turn|11
|
|t:|1776069671
|switch|p1a: Best furniture|Chandelure, M|100/100
|-item|p1a: Best furniture|Air Balloon
|move|p2a: Gliscor|Facade|p1a: Best furniture
|-immune|p1a: Best furniture
|
|upkeep
|turn|12
|
|t:|1776069684
|move|p2a: Gliscor|U-turn|p1a: Best furniture
|-resisted|p1a: Best furniture
|-damage|p1a: Best furniture|94/100
|-enditem|p1a: Best furniture|Air Balloon
|
|t:|1776069690
|switch|p2a: Darkrai|Darkrai, shiny|100/100|[from] U-turn
|move|p1a: Best furniture|Substitute|p1a: Best furniture
|-start|p1a: Best furniture|Substitute
|-damage|p1a: Best furniture|69/100
|
|upkeep
|turn|13
|
|t:|1776069703
|move|p2a: Darkrai|Dark Pulse|p1a: Best furniture
|-supereffective|p1a: Best furniture
|-end|p1a: Best furniture|Substitute
|move|p1a: Best furniture|Will-O-Wisp|p2a: Darkrai
|-status|p2a: Darkrai|brn
|
|-damage|p2a: Darkrai|94/100 brn|[from] brn
|upkeep
|turn|14
|
|t:|1776069738
|switch|p1a: Femboy|Quaquaval, M|70/100
|move|p2a: Darkrai|Dark Pulse|p1a: Femboy
|-resisted|p1a: Femboy
|-damage|p1a: Femboy|35/100
|
|-heal|p2a: Darkrai|100/100 brn|[from] item: Leftovers
|-damage|p2a: Darkrai|94/100 brn|[from] brn
|upkeep
|turn|15
|
|t:|1776069750
|move|p2a: Darkrai|Dark Pulse|p1a: Femboy
|-resisted|p1a: Femboy
|-damage|p1a: Femboy|3/100
|move|p1a: Femboy|Close Combat|p2a: Darkrai
|-supereffective|p2a: Darkrai
|-damage|p2a: Darkrai|0 fnt
|-unboost|p1a: Femboy|def|1
|-unboost|p1a: Femboy|spd|1
|faint|p2a: Darkrai
|-ability|p1a: Femboy|Moxie|boost
|-boost|p1a: Femboy|atk|1
|-damage|p1a: Femboy|0 fnt|[from] item: Life Orb
|faint|p1a: Femboy
|
|upkeep
|
|t:|1776069763
|switch|p2a: Abomasnow|Abomasnow, M, shiny|100/100
|switch|p1a: Leafeon mogs|Umbreon, F, tera:Fairy|48/100
|-weather|Snowscape|[from] ability: Snow Warning|[of] p2a: Abomasnow
|turn|16
|
|t:|1776069774
|move|p1a: Leafeon mogs|Protect|p1a: Leafeon mogs
|-singleturn|p1a: Leafeon mogs|Protect
|move|p2a: Abomasnow|Blizzard|p1a: Leafeon mogs
|-activate|p1a: Leafeon mogs|move: Protect
|
|-weather|Snowscape|[upkeep]
|-heal|p1a: Leafeon mogs|54/100|[from] item: Leftovers
|upkeep
|turn|17
|
|t:|1776069783
|move|p1a: Leafeon mogs|Toxic|p2a: Abomasnow
|-status|p2a: Abomasnow|tox
|move|p2a: Abomasnow|Blizzard|p1a: Leafeon mogs
|-damage|p1a: Leafeon mogs|22/100
|
|-weather|Snowscape|[upkeep]
|-heal|p1a: Leafeon mogs|28/100|[from] item: Leftovers
|-damage|p2a: Abomasnow|94/100 tox|[from] psn
|upkeep
|turn|18
|
|t:|1776069792
|move|p1a: Leafeon mogs|Substitute|p1a: Leafeon mogs
|-start|p1a: Leafeon mogs|Substitute
|-damage|p1a: Leafeon mogs|3/100
|move|p2a: Abomasnow|Aurora Veil|p2a: Abomasnow
|-sidestart|p2: ambylamby|move: Aurora Veil
|
|-weather|Snowscape|[upkeep]
|-heal|p1a: Leafeon mogs|9/100|[from] item: Leftovers
|-damage|p2a: Abomasnow|82/100 tox|[from] psn
|upkeep
|turn|19
|
|t:|1776069802
|move|p1a: Leafeon mogs|Wish|p1a: Leafeon mogs
|move|p2a: Abomasnow|Blizzard|p1a: Leafeon mogs
|-end|p1a: Leafeon mogs|Substitute
|
|-weather|Snowscape|[upkeep]
|-heal|p1a: Leafeon mogs|15/100|[from] item: Leftovers
|-damage|p2a: Abomasnow|63/100 tox|[from] psn
|upkeep
|turn|20
|
|t:|1776069811
|move|p1a: Leafeon mogs|Protect|p1a: Leafeon mogs
|-singleturn|p1a: Leafeon mogs|Protect
|move|p2a: Abomasnow|Blizzard|p1a: Leafeon mogs
|-activate|p1a: Leafeon mogs|move: Protect
|
|-weather|none
|-heal|p1a: Leafeon mogs|65/100|[from] move: Wish|[wisher] Leafeon mogs
|-heal|p1a: Leafeon mogs|71/100|[from] item: Leftovers
|-damage|p2a: Abomasnow|38/100 tox|[from] psn
|upkeep
|turn|21
|
|t:|1776069838
|move|p1a: Leafeon mogs|Substitute|p1a: Leafeon mogs
|-start|p1a: Leafeon mogs|Substitute
|-damage|p1a: Leafeon mogs|46/100
|move|p2a: Abomasnow|Blizzard|p1a: Leafeon mogs
|-end|p1a: Leafeon mogs|Substitute
|
|-heal|p1a: Leafeon mogs|52/100|[from] item: Leftovers
|-damage|p2a: Abomasnow|7/100 tox|[from] psn
|upkeep
|turn|22
|inactive|Battle timer is ON: inactive players will automatically lose when time's up. (requested by Imrlly99)
|inactive|ambylamby has 120 seconds left.
|inactive|ambylamby has 90 seconds left.
|inactive|ambylamby has 60 seconds left.
|inactive|ambylamby has 30 seconds left.
|j| ohko_smeargle
|inactive|ambylamby has 20 seconds left.
|inactive|ambylamby has 15 seconds left.
|inactive|ambylamby has 10 seconds left.
|inactive|ambylamby has 5 seconds left.
|-message|ambylamby lost due to inactivity.
|
|win|Imrlly99
|raw|Imrlly99's rating: 1109 &rarr; <strong>1135</strong><br />(+26 for winning)
|raw|ambylamby's rating: 1120 &rarr; <strong>1094</strong><br />(-26 for losing)
|l| ohko_smeargle
