|html|<div class="broadcast-blue"><strong>[Gen 9] OU is currently suspecting Tera Blast! For information on how to participate check out the <a href="https://www.smogon.com/tools/suspects/view/200">suspect thread</a>.</strong></div>
|j|☆hupagi
|j|☆mothfox
|t:|1776181858
|gametype|singles
|player|p1|hupagi|266|1191
|player|p2|mothfox|colress|1223
|gen|9
|tier|[Gen 9] OU
|rated|
|rule|HP Percentage Mod: HP is shown in percentages
|rule|Endless Battle Clause: Forcing endless battles is banned
|rule|Species Clause: Limit one of each Pokémon
|rule|OHKO Clause: OHKO moves are banned
|rule|Evasion Items Clause: Evasion items are banned
|rule|Evasion Moves Clause: Evasion moves are banned
|rule|Evasion Abilities Clause: Evasion abilities are banned
|rule|Sleep Moves Clause: Sleep-inducing moves are banned
|clearpoke
|poke|p1|Dewpider, F|
|poke|p1|Dragonite, F|
|poke|p1|Chandelure, M|
|poke|p1|Iron Treads|
|poke|p1|Samurott-Hisui, M|
|poke|p1|Gholdengo|
|poke|p2|Gliscor, F|
|poke|p2|Garganacl, F|
|poke|p2|Hydrapple, M|
|poke|p2|Great Tusk|
|poke|p2|Dragapult, F|
|poke|p2|Iron Moth|
|teampreview
|inactive|Battle timer is ON: inactive players will automatically lose when time's up. (requested by mothfox)
|inactive|hupagi has 120 seconds left.
|
|t:|1776181910
|teamsize|p1|6
|teamsize|p2|6
|start
|switch|p1a: Samurott|Samurott-Hisui, M|100/100
|switch|p2a: Gliscor|Gliscor, F|100/100
|turn|1
|
|t:|1776181936
|switch|p1a: Iron Treads|Iron Treads|100/100
|-enditem|p1a: Iron Treads|Booster Energy
|-activate|p1a: Iron Treads|ability: Quark Drive|[fromitem]
|-start|p1a: Iron Treads|quarkdrivespe
|move|p2a: Gliscor|Protect||[still]
|-fail|p2a: Gliscor
|
|-status|p2a: Gliscor|tox|[from] item: Toxic Orb
|upkeep
|turn|2
|
|t:|1776181949
|move|p1a: Iron Treads|Ice Spinner|p2a: Gliscor
|-supereffective|p2a: Gliscor
|-damage|p2a: Gliscor|28/100 tox
|move|p2a: Gliscor|Spikes|p1a: Iron Treads
|-sidestart|p1: hupagi|Spikes
|
|-heal|p2a: Gliscor|40/100 tox|[from] ability: Poison Heal
|upkeep
|turn|3
|
|t:|1776181967
|switch|p2a: Garganacl|Garganacl, F|100/100
|move|p1a: Iron Treads|Ice Spinner|p2a: Garganacl
|-damage|p2a: Garganacl|88/100
|
|-heal|p2a: Garganacl|94/100|[from] item: Leftovers
|upkeep
|turn|4
|
|t:|1776181983
|move|p1a: Iron Treads|Rapid Spin|p2a: Garganacl
|-resisted|p2a: Garganacl
|-damage|p2a: Garganacl|90/100
|-boost|p1a: Iron Treads|spe|1
|-sideend|p1: hupagi|Spikes|[from] move: Rapid Spin|[of] p1a: Iron Treads
|move|p2a: Garganacl|Salt Cure|p1a: Iron Treads
|-resisted|p1a: Iron Treads
|-damage|p1a: Iron Treads|97/100
|-start|p1a: Iron Treads|Salt Cure
|
|-heal|p2a: Garganacl|96/100|[from] item: Leftovers
|-damage|p1a: Iron Treads|72/100|[from] Salt Cure
|upkeep
|turn|5
|
|t:|1776181995
|move|p1a: Iron Treads|Earthquake|p2a: Garganacl
|-supereffective|p2a: Garganacl
|-damage|p2a: Garganacl|45/100
|move|p2a: Garganacl|Stealth Rock|p1a: Iron Treads
|-sidestart|p1: hupagi|move: Stealth Rock
|
|-heal|p2a: Garganacl|51/100|[from] item: Leftovers
|-damage|p1a: Iron Treads|48/100|[from] Salt Cure
|upkeep
|turn|6
|
|t:|1776182002
|move|p2a: Garganacl|Protect|p2a: Garganacl
|-singleturn|p2a: Garganacl|Protect
|move|p1a: Iron Treads|Earthquake|p2a: Garganacl
|-activate|p2a: Garganacl|move: Protect
|
|-heal|p2a: Garganacl|57/100|[from] item: Leftovers
|-damage|p1a: Iron Treads|23/100|[from] Salt Cure
|upkeep
|turn|7
|inactive|mothfox has 120 seconds left.
|
|t:|1776182026
|switch|p2a: Gliscor|Gliscor, F|40/100 tox
|move|p1a: Iron Treads|Rapid Spin|p2a: Gliscor
|-damage|p2a: Gliscor|28/100 tox
|-boost|p1a: Iron Treads|spe|1
|-sideend|p1: hupagi|Stealth Rock|[from] move: Rapid Spin|[of] p1a: Iron Treads
|
|-heal|p2a: Gliscor|41/100 tox|[from] ability: Poison Heal
|-damage|p1a: Iron Treads|0 fnt|[from] Salt Cure
|faint|p1a: Iron Treads
|-end|p1a: Iron Treads|Quark Drive|[silent]
|upkeep
|
|t:|1776182038
|switch|p1a: Dragonite|Dragonite, F|100/100
|turn|8
|
|t:|1776182043
|move|p1a: Dragonite|Ice Spinner|p2a: Gliscor
|-supereffective|p2a: Gliscor
|-damage|p2a: Gliscor|0 fnt
|faint|p2a: Gliscor
|
|upkeep
|
|t:|1776182048
|switch|p2a: Zentreya|Dragapult, F|100/100
|turn|9
|
|t:|1776182079
|-terastallize|p1a: Dragonite|Normal
|move|p2a: Zentreya|Will-O-Wisp|p1a: Dragonite|[miss]
|-miss|p2a: Zentreya|p1a: Dragonite
|move|p1a: Dragonite|Dragon Dance|p1a: Dragonite
|-boost|p1a: Dragonite|atk|1
|-boost|p1a: Dragonite|spe|1
|
|upkeep
|turn|10
|inactive|hupagi has 120 seconds left.
|
|t:|1776182103
|switch|p1a: Gholdengo|Gholdengo|100/100
|-item|p1a: Gholdengo|Air Balloon
|move|p2a: Zentreya|Will-O-Wisp|p1a: Gholdengo
|-immune|p1a: Gholdengo|[from] ability: Good as Gold
|
|upkeep
|turn|11
|inactive|hupagi has 120 seconds left.
|
|t:|1776182113
|move|p2a: Zentreya|U-turn|p1a: Gholdengo
|-resisted|p1a: Gholdengo
|-damage|p1a: Gholdengo|95/100
|-enditem|p1a: Gholdengo|Air Balloon
|
|t:|1776182123
|switch|p2a: Appa|Hydrapple, M|100/100|[from] U-turn
|move|p1a: Gholdengo|Shadow Ball|p2a: Appa
|-damage|p2a: Appa|61/100
|
|upkeep
|turn|12
|inactive|hupagi has 120 seconds left.
|
|t:|1776182145
|move|p1a: Gholdengo|Nasty Plot|p1a: Gholdengo
|-boost|p1a: Gholdengo|spa|2
|move|p2a: Appa|Draco Meteor|p1a: Gholdengo
|-resisted|p1a: Gholdengo
|-damage|p1a: Gholdengo|37/100
|-unboost|p2a: Appa|spa|2
|
|upkeep
|turn|13
|inactive|hupagi has 120 seconds left.
|
|t:|1776182158
|switch|p2a: Great Tusk|Great Tusk|100/100
|move|p1a: Gholdengo|Make It Rain|p2a: Great Tusk
|-damage|p2a: Great Tusk|0 fnt
|-unboost|p1a: Gholdengo|spa|1
|faint|p2a: Great Tusk
|-end|p2a: Great Tusk|Protosynthesis|[silent]
|
|upkeep
|
|t:|1776182166
|switch|p2a: Zentreya|Dragapult, F|100/100
|turn|14
|
|t:|1776182173
|move|p2a: Zentreya|Hex|p1a: Gholdengo
|-supereffective|p1a: Gholdengo
|-damage|p1a: Gholdengo|0 fnt
|faint|p1a: Gholdengo
|
|upkeep
|
|t:|1776182182
|switch|p1a: Dewpider|Dewpider, F|100/100
|turn|15
|
|t:|1776182188
|move|p1a: Dewpider|Endure|p1a: Dewpider
|-singleturn|p1a: Dewpider|move: Endure
|move|p2a: Zentreya|Dragon Darts|p1a: Dewpider
|-damage|p1a: Dewpider|46/100
|-anim|p2a: Zentreya|Dragon Darts|p1a: Dewpider
|-activate|p1a: Dewpider|move: Endure
|-damage|p1a: Dewpider|1/100
|
|upkeep
|turn|16
|-enditem|p1a: Dewpider|Custap Berry|[eat]
|-activate|p1a: Dewpider|item: Custap Berry|[consumed]
|
|t:|1776182209
|move|p1a: Dewpider|Soak|p2a: Zentreya
|-start|p2a: Zentreya|typechange|Water
|move|p2a: Zentreya|Dragon Darts|p1a: Dewpider
|-damage|p1a: Dewpider|0 fnt
|faint|p1a: Dewpider
|
|upkeep
|
|t:|1776182230
|switch|p1a: Dragonite|Dragonite, F, tera:Normal|100/100
|turn|17
|
|t:|1776182240
|move|p2a: Zentreya|Will-O-Wisp|p1a: Dragonite
|-status|p1a: Dragonite|brn
|move|p1a: Dragonite|Dragon Dance|p1a: Dragonite
|-boost|p1a: Dragonite|atk|1
|-boost|p1a: Dragonite|spe|1
|
|-damage|p1a: Dragonite|94/100 brn|[from] brn
|upkeep
|turn|18
|
|t:|1776182251
|switch|p2a: Garganacl|Garganacl, F|57/100
|move|p1a: Dragonite|Dragon Dance|p1a: Dragonite
|-boost|p1a: Dragonite|atk|1
|-boost|p1a: Dragonite|spe|1
|
|-heal|p2a: Garganacl|64/100|[from] item: Leftovers
|-damage|p1a: Dragonite|88/100 brn|[from] brn
|upkeep
|turn|19
|
|t:|1776182262
|move|p1a: Dragonite|Ice Spinner|p2a: Garganacl
|-damage|p2a: Garganacl|48/100
|move|p2a: Garganacl|Salt Cure|p1a: Dragonite
|-damage|p1a: Dragonite|73/100 brn
|-start|p1a: Dragonite|Salt Cure
|
|-heal|p2a: Garganacl|54/100|[from] item: Leftovers
|-damage|p1a: Dragonite|67/100 brn|[from] brn
|-damage|p1a: Dragonite|55/100 brn|[from] Salt Cure
|upkeep
|turn|20
|
|t:|1776182272
|switch|p1a: Chandelure|Chandelure, M|100/100
|-item|p1a: Chandelure|Air Balloon
|move|p2a: Garganacl|Recover|p2a: Garganacl
|-heal|p2a: Garganacl|100/100
|
|upkeep
|turn|21
|
|t:|1776182282
|move|p1a: Chandelure|Energy Ball|p2a: Garganacl
|-supereffective|p2a: Garganacl
|-damage|p2a: Garganacl|33/100
|-unboost|p2a: Garganacl|spd|1
|move|p2a: Garganacl|Salt Cure|p1a: Chandelure
|-supereffective|p1a: Chandelure
|-damage|p1a: Chandelure|59/100
|-start|p1a: Chandelure|Salt Cure
|-enditem|p1a: Chandelure|Air Balloon
|
|-heal|p2a: Garganacl|39/100|[from] item: Leftovers
|-damage|p1a: Chandelure|47/100|[from] Salt Cure
|upkeep
|turn|22
|
|t:|1776182295
|switch|p1a: Samurott|Samurott-Hisui, M|100/100
|move|p2a: Garganacl|Protect||[still]
|-fail|p2a: Garganacl
|
|-heal|p2a: Garganacl|46/100|[from] item: Leftovers
|upkeep
|turn|23
|
|t:|1776182303
|switch|p2a: Appa|Hydrapple, M|95/100
|move|p1a: Samurott|Razor Shell|p2a: Appa
|-resisted|p2a: Appa
|-damage|p2a: Appa|85/100
|-unboost|p2a: Appa|def|1
|
|upkeep
|turn|24
|
|t:|1776182316
|move|p1a: Samurott|Ceaseless Edge|p2a: Appa
|-damage|p2a: Appa|34/100
|-sidestart|p2: mothfox|Spikes
|move|p2a: Appa|Draco Meteor|p1a: Samurott
|-enditem|p1a: Samurott|Focus Sash
|-damage|p1a: Samurott|1/100
|-unboost|p2a: Appa|spa|2
|
|upkeep
|turn|25
|
|t:|1776182329
|switch|p2a: Garganacl|Garganacl, F|46/100
|-damage|p2a: Garganacl|33/100|[from] Spikes
|move|p1a: Samurott|Ceaseless Edge|p2a: Garganacl
|-damage|p2a: Garganacl|11/100
|-sidestart|p2: mothfox|Spikes
|
|-heal|p2a: Garganacl|18/100|[from] item: Leftovers
|upkeep
|turn|26
|
|t:|1776182342
|move|p2a: Garganacl|Protect|p2a: Garganacl
|-singleturn|p2a: Garganacl|Protect
|move|p1a: Samurott|Razor Shell|p2a: Garganacl
|-activate|p2a: Garganacl|move: Protect
|
|-heal|p2a: Garganacl|24/100|[from] item: Leftovers
|upkeep
|turn|27
|
|t:|1776182371
|switch|p2a: Zentreya|Dragapult, F|100/100
|move|p1a: Samurott|Razor Shell|p2a: Zentreya
|-resisted|p2a: Zentreya
|-damage|p2a: Zentreya|64/100
|-unboost|p2a: Zentreya|def|1
|
|upkeep
|turn|28
|
|t:|1776182385
|move|p1a: Samurott|Aqua Jet|p2a: Zentreya
|-resisted|p2a: Zentreya
|-damage|p2a: Zentreya|47/100
|move|p2a: Zentreya|U-turn|p1a: Samurott
|-supereffective|p1a: Samurott
|-damage|p1a: Samurott|0 fnt
|faint|p1a: Samurott
|
|t:|1776182392
|switch|p2a: Juniper|Iron Moth|100/100|[from] U-turn
|-damage|p2a: Juniper|84/100|[from] Spikes
|
|-heal|p2a: Juniper|90/100|[from] item: Leftovers
|upkeep
|
|t:|1776182398
|switch|p1a: Dragonite|Dragonite, F, tera:Normal|55/100 brn
|turn|29
|
|t:|1776182417
|move|p2a: Juniper|Substitute|p2a: Juniper
|-start|p2a: Juniper|Substitute
|-damage|p2a: Juniper|65/100
|move|p1a: Dragonite|Earthquake|p2a: Juniper
|-supereffective|p2a: Juniper
|-end|p2a: Juniper|Substitute
|
|-heal|p2a: Juniper|71/100|[from] item: Leftovers
|-damage|p1a: Dragonite|48/100 brn|[from] brn
|upkeep
|turn|30
|inactive|mothfox has 120 seconds left.
|
|t:|1776182436
|move|p2a: Juniper|Substitute|p2a: Juniper
|-start|p2a: Juniper|Substitute
|-damage|p2a: Juniper|46/100
|move|p1a: Dragonite|Earthquake|p2a: Juniper
|-supereffective|p2a: Juniper
|-end|p2a: Juniper|Substitute
|
|-heal|p2a: Juniper|52/100|[from] item: Leftovers
|-damage|p1a: Dragonite|42/100 brn|[from] brn
|upkeep
|turn|31
|inactive|mothfox has 120 seconds left.
|
|t:|1776182447
|move|p2a: Juniper|Fiery Dance|p1a: Dragonite
|-damage|p1a: Dragonite|0 fnt
|-boost|p2a: Juniper|spa|1
|faint|p1a: Dragonite
|
|-heal|p2a: Juniper|58/100|[from] item: Leftovers
|upkeep
|
|t:|1776182451
|switch|p1a: Chandelure|Chandelure, M|47/100
|turn|32
|
|t:|1776182463
|move|p2a: Juniper|Sludge Wave|p1a: Chandelure
|-resisted|p1a: Chandelure
|-damage|p1a: Chandelure|0 fnt
|faint|p1a: Chandelure
|
|win|mothfox
|raw|hupagi's rating: 1191 &rarr; <strong>1168</strong><br />(-23 for losing)
|raw|mothfox's rating: 1223 &rarr; <strong>1246</strong><br />(+23 for winning)
