|html|<div class="broadcast-blue"><strong>[Gen 9] OU is currently suspecting Tera Blast! For information on how to participate check out the <a href="https://www.smogon.com/tools/suspects/view/200">suspect thread</a>.</strong></div>
|j|☆Imrlly99
|j|☆Khvaradona
|t:|1776071388
|gametype|singles
|player|p1|Imrlly99|102|1179
|player|p2|Khvaradona|102|1174
|gen|9
|tier|[Gen 9] OU
|rated|
|rule|HP Percentage Mod: HP is shown in percentages
|rule|Endless Battle Clause: Forcing endless battles is banned
|rule|Species Clause: Limit one of each Pokémon
|rule|OHKO Clause: OHKO moves are banned
|rule|Evasion Items Clause: Evasion items are banned
|rule|Evasion Moves Clause: Evasion moves are banned
|rule|Evasion Abilities Clause: Evasion abilities are banned
|rule|Sleep Moves Clause: Sleep-inducing moves are banned
|clearpoke
|poke|p1|Dragapult, F|
|poke|p1|Umbreon, F|
|poke|p1|Excadrill, F|
|poke|p1|Quaquaval, M|
|poke|p1|Raichu-Alola, M|
|poke|p1|Chandelure, F|
|poke|p2|Hatterene, F|
|poke|p2|Iron Hands|
|poke|p2|Slowking-Galar, M|
|poke|p2|Ursaluna, M|
|poke|p2|Dragonite, F|
|poke|p2|Porygon2|
|teampreview
|
|t:|1776071400
|teamsize|p1|6
|teamsize|p2|6
|start
|switch|p1a: Leafeon mogs|Umbreon, F|100/100
|switch|p2a: Porygon2|Porygon2|100/100
|turn|1
|
|t:|1776071408
|move|p1a: Leafeon mogs|Toxic|p2a: Porygon2
|-status|p2a: Porygon2|tox
|move|p2a: Porygon2|Thunderbolt|p1a: Leafeon mogs
|-damage|p1a: Leafeon mogs|73/100
|
|-heal|p1a: Leafeon mogs|79/100|[from] item: Leftovers
|-damage|p2a: Porygon2|94/100 tox|[from] psn
|upkeep
|turn|2
|
|t:|1776071418
|move|p1a: Leafeon mogs|Protect|p1a: Leafeon mogs
|-singleturn|p1a: Leafeon mogs|Protect
|move|p2a: Porygon2|Thunderbolt|p1a: Leafeon mogs
|-activate|p1a: Leafeon mogs|move: Protect
|
|-heal|p1a: Leafeon mogs|85/100|[from] item: Leftovers
|-damage|p2a: Porygon2|82/100 tox|[from] psn
|upkeep
|turn|3
|
|t:|1776071427
|move|p1a: Leafeon mogs|Substitute|p1a: Leafeon mogs
|-start|p1a: Leafeon mogs|Substitute
|-damage|p1a: Leafeon mogs|60/100
|move|p2a: Porygon2|Thunderbolt|p1a: Leafeon mogs
|-end|p1a: Leafeon mogs|Substitute
|
|-heal|p1a: Leafeon mogs|66/100|[from] item: Leftovers
|-damage|p2a: Porygon2|63/100 tox|[from] psn
|upkeep
|turn|4
|
|t:|1776071437
|move|p1a: Leafeon mogs|Protect|p1a: Leafeon mogs
|-singleturn|p1a: Leafeon mogs|Protect
|move|p2a: Porygon2|Recover|p2a: Porygon2
|-heal|p2a: Porygon2|100/100 tox
|
|-heal|p1a: Leafeon mogs|72/100|[from] item: Leftovers
|-damage|p2a: Porygon2|76/100 tox|[from] psn
|upkeep
|turn|5
|
|t:|1776071452
|switch|p2a: Hatterene|Hatterene, F, shiny|100/100
|move|p1a: Leafeon mogs|Wish|p1a: Leafeon mogs
|
|-heal|p1a: Leafeon mogs|78/100|[from] item: Leftovers
|upkeep
|turn|6
|
|t:|1776071459
|-terastallize|p1a: Leafeon mogs|Fairy
|move|p1a: Leafeon mogs|Toxic|p2a: Hatterene
|move|p2a: Hatterene|Toxic|p1a: Leafeon mogs|[from] ability: Magic Bounce
|-status|p1a: Leafeon mogs|tox
|-activate|p1a: Leafeon mogs|ability: Synchronize
|-status|p2a: Hatterene|tox
|move|p2a: Hatterene|Trick Room|p2a: Hatterene
|-fieldstart|move: Trick Room|[of] p2a: Hatterene
|
|-heal|p1a: Leafeon mogs|100/100 tox|[from] move: Wish|[wisher] Leafeon mogs
|-damage|p2a: Hatterene|95/100 tox|[from] psn
|-damage|p1a: Leafeon mogs|94/100 tox|[from] psn
|upkeep
|turn|7
|l|☆Khvaradona
|player|p2|
|j|☆Khvaradona
|player|p2|Khvaradona|102|
|
|t:|1776071483
|switch|p2a: Slowking|Slowking-Galar, M, shiny|100/100
|move|p1a: Leafeon mogs|Protect||[still]
|-fail|p1a: Leafeon mogs
|
|-heal|p1a: Leafeon mogs|100/100 tox|[from] item: Leftovers
|-damage|p1a: Leafeon mogs|88/100 tox|[from] psn
|upkeep
|turn|8
|
|t:|1776071499
|switch|p1a: Isekai coal miner|Excadrill, F|100/100
|-ability|p1a: Isekai coal miner|Mold Breaker
|move|p2a: Slowking|Sludge Wave|p1a: Isekai coal miner
|-immune|p1a: Isekai coal miner
|
|upkeep
|turn|9
|
|t:|1776071506
|switch|p2a: Ursaluna|Ursaluna, M|100/100
|move|p1a: Isekai coal miner|Stealth Rock|p2a: Ursaluna
|-sidestart|p2: Khvaradona|move: Stealth Rock
|
|-status|p2a: Ursaluna|brn|[from] item: Flame Orb
|upkeep
|turn|10
|
|t:|1776071528
|switch|p1a: Best furniture|Chandelure, F|100/100
|-item|p1a: Best furniture|Air Balloon
|move|p2a: Ursaluna|Facade|p1a: Best furniture
|-immune|p1a: Best furniture
|
|-damage|p2a: Ursaluna|94/100 brn|[from] brn
|-fieldend|move: Trick Room
|upkeep
|turn|11
|
|t:|1776071538
|move|p1a: Best furniture|Substitute|p1a: Best furniture
|-start|p1a: Best furniture|Substitute
|-damage|p1a: Best furniture|76/100
|move|p2a: Ursaluna|Crunch|p1a: Best furniture
|-supereffective|p1a: Best furniture
|-end|p1a: Best furniture|Substitute
|-enditem|p1a: Best furniture|Air Balloon
|
|-damage|p2a: Ursaluna|88/100 brn|[from] brn
|upkeep
|turn|12
|
|t:|1776071553
|switch|p2a: Porygon2|Porygon2|76/100 tox
|-damage|p2a: Porygon2|63/100 tox|[from] Stealth Rock
|move|p1a: Best furniture|Substitute|p1a: Best furniture
|-start|p1a: Best furniture|Substitute
|-damage|p1a: Best furniture|51/100
|
|-damage|p2a: Porygon2|57/100 tox|[from] psn
|upkeep
|turn|13
|
|t:|1776071562
|move|p1a: Best furniture|Flamethrower|p2a: Porygon2
|-damage|p2a: Porygon2|22/100 tox
|move|p2a: Porygon2|Recover|p2a: Porygon2
|-heal|p2a: Porygon2|72/100 tox
|
|-damage|p2a: Porygon2|59/100 tox|[from] psn
|upkeep
|turn|14
|
|t:|1776071575
|move|p1a: Best furniture|Flamethrower|p2a: Porygon2
|-damage|p2a: Porygon2|25/100 tox
|move|p2a: Porygon2|Recover|p2a: Porygon2
|-heal|p2a: Porygon2|75/100 tox
|
|-damage|p2a: Porygon2|56/100 tox|[from] psn
|upkeep
|turn|15
|
|t:|1776071590
|switch|p2a: Slowking|Slowking-Galar, M, shiny|100/100
|-damage|p2a: Slowking|88/100|[from] Stealth Rock
|move|p1a: Best furniture|Flamethrower|p2a: Slowking
|-damage|p2a: Slowking|47/100
|
|upkeep
|turn|16
|
|t:|1776071601
|move|p1a: Best furniture|Will-O-Wisp|p2a: Slowking|[miss]
|-miss|p1a: Best furniture|p2a: Slowking
|move|p2a: Slowking|Trick Room|p2a: Slowking
|-fieldstart|move: Trick Room|[of] p2a: Slowking
|
|upkeep
|turn|17
|
|t:|1776071608
|switch|p2a: Ursaluna|Ursaluna, M|88/100 brn
|-damage|p2a: Ursaluna|82/100 brn|[from] Stealth Rock
|move|p1a: Best furniture|Will-O-Wisp|p2a: Ursaluna
|-fail|p2a: Ursaluna|brn
|
|-damage|p2a: Ursaluna|75/100 brn|[from] brn
|upkeep
|turn|18
|
|t:|1776071618
|move|p2a: Ursaluna|Crunch|p1a: Best furniture
|-supereffective|p1a: Best furniture
|-end|p1a: Best furniture|Substitute
|move|p1a: Best furniture|Flamethrower|p2a: Ursaluna
|-damage|p2a: Ursaluna|30/100 brn
|
|-damage|p2a: Ursaluna|24/100 brn|[from] brn
|upkeep
|turn|19
|
|t:|1776071628
|move|p2a: Ursaluna|Crunch|p1a: Best furniture
|-supereffective|p1a: Best furniture
|-damage|p1a: Best furniture|0 fnt
|faint|p1a: Best furniture
|
|-damage|p2a: Ursaluna|18/100 brn|[from] brn
|upkeep
|
|t:|1776071636
|switch|p1a: Leafeon mogs|Umbreon, F, tera:Fairy|88/100 tox
|turn|20
|
|t:|1776071642
|move|p1a: Leafeon mogs|Protect|p1a: Leafeon mogs
|-singleturn|p1a: Leafeon mogs|Protect
|move|p2a: Ursaluna|Facade|p1a: Leafeon mogs
|-activate|p1a: Leafeon mogs|move: Protect
|
|-heal|p1a: Leafeon mogs|94/100 tox|[from] item: Leftovers
|-damage|p1a: Leafeon mogs|88/100 tox|[from] psn
|-damage|p2a: Ursaluna|11/100 brn|[from] brn
|-fieldend|move: Trick Room
|upkeep
|turn|21
|
|t:|1776071656
|move|p1a: Leafeon mogs|Substitute|p1a: Leafeon mogs
|-start|p1a: Leafeon mogs|Substitute
|-damage|p1a: Leafeon mogs|63/100 tox
|move|p2a: Ursaluna|Facade|p1a: Leafeon mogs
|-end|p1a: Leafeon mogs|Substitute
|
|-heal|p1a: Leafeon mogs|70/100 tox|[from] item: Leftovers
|-damage|p1a: Leafeon mogs|57/100 tox|[from] psn
|-damage|p2a: Ursaluna|5/100 brn|[from] brn
|upkeep
|turn|22
|
|t:|1776071670
|move|p1a: Leafeon mogs|Protect|p1a: Leafeon mogs
|-singleturn|p1a: Leafeon mogs|Protect
|move|p2a: Ursaluna|Headlong Rush|p1a: Leafeon mogs
|-activate|p1a: Leafeon mogs|move: Protect
|
|-heal|p1a: Leafeon mogs|63/100 tox|[from] item: Leftovers
|-damage|p1a: Leafeon mogs|45/100 tox|[from] psn
|-damage|p2a: Ursaluna|0 fnt|[from] brn
|faint|p2a: Ursaluna
|upkeep
|
|t:|1776071682
|switch|p2a: Slowking|Slowking-Galar, M, shiny|80/100
|-damage|p2a: Slowking|68/100|[from] Stealth Rock
|turn|23
|
|t:|1776071688
|switch|p1a: Isekai coal miner|Excadrill, F|100/100
|-ability|p1a: Isekai coal miner|Mold Breaker
|move|p2a: Slowking|Trick Room|p2a: Slowking
|-fieldstart|move: Trick Room|[of] p2a: Slowking
|
|upkeep
|turn|24
|
|t:|1776071707
|switch|p2a: Iron Hands|Iron Hands|100/100
|-damage|p2a: Iron Hands|94/100|[from] Stealth Rock
|move|p1a: Isekai coal miner|Earthquake|p2a: Iron Hands
|-supereffective|p2a: Iron Hands
|-damage|p2a: Iron Hands|11/100
|
|upkeep
|turn|25
|
|t:|1776071718
|move|p2a: Iron Hands|Drain Punch|p1a: Isekai coal miner
|-supereffective|p1a: Isekai coal miner
|-damage|p1a: Isekai coal miner|0 fnt
|-heal|p2a: Iron Hands|49/100|[from] drain|[of] p1a: Isekai coal miner
|faint|p1a: Isekai coal miner
|
|upkeep
|
|t:|1776071730
|switch|p1a: Leafeon mogs|Umbreon, F, tera:Fairy|45/100 tox
|turn|26
|
|t:|1776071739
|move|p1a: Leafeon mogs|Protect|p1a: Leafeon mogs
|-singleturn|p1a: Leafeon mogs|Protect
|move|p2a: Iron Hands|Drain Punch|p1a: Leafeon mogs
|-activate|p1a: Leafeon mogs|move: Protect
|
|-heal|p1a: Leafeon mogs|51/100 tox|[from] item: Leftovers
|-damage|p1a: Leafeon mogs|45/100 tox|[from] psn
|upkeep
|turn|27
|
|t:|1776071749
|switch|p1a: Tomboy|Dragapult, F, shiny|100/100
|move|p2a: Iron Hands|Wild Charge|p1a: Tomboy
|-resisted|p1a: Tomboy
|-damage|p1a: Tomboy|62/100
|-start|p2a: Iron Hands|Disable|Wild Charge|[from] ability: Cursed Body|[of] p1a: Tomboy
|-damage|p2a: Iron Hands|43/100|[from] Recoil
|
|-fieldend|move: Trick Room
|upkeep
|turn|28
|
|t:|1776071762
|move|p1a: Tomboy|Psychic Fangs|p2a: Iron Hands
|-supereffective|p2a: Iron Hands
|-damage|p2a: Iron Hands|0 fnt
|faint|p2a: Iron Hands
|-end|p2a: Iron Hands|Quark Drive|[silent]
|
|upkeep
|
|t:|1776071771
|switch|p2a: Dragonite|Dragonite, F|100/100
|-damage|p2a: Dragonite|75/100|[from] Stealth Rock
|turn|29
|
|t:|1776071777
|move|p1a: Tomboy|Psychic Fangs|p2a: Dragonite
|-damage|p2a: Dragonite|44/100
|move|p2a: Dragonite|Outrage|p1a: Tomboy
|-supereffective|p1a: Tomboy
|-damage|p1a: Tomboy|0 fnt
|faint|p1a: Tomboy
|
|upkeep
|
|t:|1776071786
|switch|p1a: Leafeon mogs|Umbreon, F, tera:Fairy|45/100 tox
|turn|30
|
|t:|1776071792
|move|p2a: Dragonite|Outrage|p1a: Leafeon mogs|[from] lockedmove
|-immune|p1a: Leafeon mogs
|-start|p2a: Dragonite|confusion|[fatigue]
|move|p1a: Leafeon mogs|Toxic|p2a: Dragonite
|-status|p2a: Dragonite|tox
|
|-heal|p1a: Leafeon mogs|51/100 tox|[from] item: Leftovers
|-damage|p2a: Dragonite|38/100 tox|[from] psn
|-damage|p1a: Leafeon mogs|45/100 tox|[from] psn
|upkeep
|turn|31
|
|t:|1776071804
|switch|p2a: Porygon2|Porygon2|56/100 tox
|-damage|p2a: Porygon2|44/100 tox|[from] Stealth Rock
|move|p1a: Leafeon mogs|Protect||[still]
|-fail|p1a: Leafeon mogs
|
|-heal|p1a: Leafeon mogs|51/100 tox|[from] item: Leftovers
|-damage|p1a: Leafeon mogs|39/100 tox|[from] psn
|-damage|p2a: Porygon2|38/100 tox|[from] psn
|upkeep
|turn|32
|
|t:|1776071814
|move|p1a: Leafeon mogs|Substitute|p1a: Leafeon mogs
|-start|p1a: Leafeon mogs|Substitute
|-damage|p1a: Leafeon mogs|14/100 tox
|move|p2a: Porygon2|Recover|p2a: Porygon2
|-heal|p2a: Porygon2|88/100 tox
|
|-heal|p1a: Leafeon mogs|20/100 tox|[from] item: Leftovers
|-damage|p1a: Leafeon mogs|2/100 tox|[from] psn
|-damage|p2a: Porygon2|75/100 tox|[from] psn
|upkeep
|turn|33
|
|t:|1776071825
|move|p1a: Leafeon mogs|Wish|p1a: Leafeon mogs
|move|p2a: Porygon2|Thunderbolt|p1a: Leafeon mogs
|-end|p1a: Leafeon mogs|Substitute
|
|-heal|p1a: Leafeon mogs|8/100 tox|[from] item: Leftovers
|-damage|p1a: Leafeon mogs|0 fnt|[from] psn
|faint|p1a: Leafeon mogs
|-damage|p2a: Porygon2|57/100 tox|[from] psn
|upkeep
|
|t:|1776071833
|switch|p1a: Femboy|Quaquaval, M|100/100
|turn|34
|
|t:|1776071839
|move|p1a: Femboy|Close Combat|p2a: Porygon2
|-supereffective|p2a: Porygon2
|-damage|p2a: Porygon2|0 fnt
|-unboost|p1a: Femboy|def|1
|-unboost|p1a: Femboy|spd|1
|faint|p2a: Porygon2
|-ability|p1a: Femboy|Moxie|boost
|-boost|p1a: Femboy|atk|1
|-damage|p1a: Femboy|91/100|[from] item: Life Orb
|
|-heal|p1a: Femboy|100/100|[from] move: Wish|[wisher] Leafeon mogs
|upkeep
|
|t:|1776071853
|switch|p2a: Hatterene|Hatterene, F, shiny|95/100 tox
|-damage|p2a: Hatterene|82/100 tox|[from] Stealth Rock
|turn|35
|
|t:|1776071859
|move|p1a: Femboy|Aqua Step|p2a: Hatterene
|-damage|p2a: Hatterene|0 fnt
|-boost|p1a: Femboy|spe|1
|faint|p2a: Hatterene
|-ability|p1a: Femboy|Moxie|boost
|-boost|p1a: Femboy|atk|1
|-damage|p1a: Femboy|91/100|[from] item: Life Orb
|
|upkeep
|
|t:|1776071864
|switch|p2a: Dragonite|Dragonite, F|38/100 tox
|-damage|p2a: Dragonite|13/100 tox|[from] Stealth Rock
|turn|36
|
|t:|1776071871
|-terastallize|p2a: Dragonite|Normal
|move|p2a: Dragonite|Extreme Speed|p1a: Femboy
|-damage|p1a: Femboy|0 fnt
|faint|p1a: Femboy
|
|-damage|p2a: Dragonite|7/100 tox|[from] psn
|upkeep
|
|t:|1776071878
|switch|p1a: Sunshine Lolipops|Raichu-Alola, M|100/100
|turn|37
|
|t:|1776071885
|move|p2a: Dragonite|Extreme Speed|p1a: Sunshine Lolipops
|-enditem|p1a: Sunshine Lolipops|Focus Sash
|-damage|p1a: Sunshine Lolipops|1/100
|move|p1a: Sunshine Lolipops|Psychic|p2a: Dragonite
|-damage|p2a: Dragonite|0 fnt
|faint|p2a: Dragonite
|
|upkeep
|
|t:|1776071891
|switch|p2a: Slowking|Slowking-Galar, M, shiny|100/100
|-damage|p2a: Slowking|88/100|[from] Stealth Rock
|turn|38
|
|t:|1776071900
|move|p1a: Sunshine Lolipops|Nuzzle|p2a: Slowking
|-damage|p2a: Slowking|82/100
|-status|p2a: Slowking|par
|move|p2a: Slowking|Sludge Wave|p1a: Sunshine Lolipops
|-crit|p1a: Sunshine Lolipops
|-damage|p1a: Sunshine Lolipops|0 fnt
|faint|p1a: Sunshine Lolipops
|-damage|p2a: Slowking|73/100 par|[from] item: Life Orb
|
|win|Khvaradona
|raw|Imrlly99's rating: 1179 &rarr; <strong>1154</strong><br />(-25 for losing)
|raw|Khvaradona's rating: 1174 &rarr; <strong>1199</strong><br />(+25 for winning)
|l|☆Imrlly99
|player|p1|
|l|☆Khvaradona
|player|p2|
