|html|<div class="broadcast-blue"><strong>[Gen 9] OU is currently suspecting Tera Blast! For information on how to participate check out the <a href="https://www.smogon.com/tools/suspects/view/200">suspect thread</a>.</strong></div>
|j|☆nicknicola
|j|☆lukaeeee
|t:|1776035556
|gametype|singles
|player|p1|nicknicola|266|1241
|player|p2|lukaeeee|1|1222
|gen|9
|tier|[Gen 9] OU
|rated|
|rule|HP Percentage Mod: HP is shown in percentages
|rule|Endless Battle Clause: Forcing endless battles is banned
|rule|Species Clause: Limit one of each Pokémon
|rule|OHKO Clause: OHKO moves are banned
|rule|Evasion Items Clause: Evasion items are banned
|rule|Evasion Moves Clause: Evasion moves are banned
|rule|Evasion Abilities Clause: Evasion abilities are banned
|rule|Sleep Moves Clause: Sleep-inducing moves are banned
|clearpoke
|poke|p1|Porygon2|
|poke|p1|Hatterene, F|
|poke|p1|Cresselia, F|
|poke|p1|Iron Hands|
|poke|p1|Ursaluna, F|
|poke|p1|Volcanion|
|poke|p2|Primarina, M|
|poke|p2|Iron Valiant|
|poke|p2|Clefable, M|
|poke|p2|Hatterene, F|
|poke|p2|Weezing-Galar, F|
|poke|p2|Comfey, M|
|teampreview
|
|t:|1776035572
|teamsize|p1|6
|teamsize|p2|6
|start
|switch|p1a: Porygon2|Porygon2|100/100
|switch|p2a: Hatterene|Hatterene, F|100/100
|-ability|p1a: Porygon2|Download|boost
|-boost|p1a: Porygon2|atk|1
|turn|1
|
|t:|1776035579
|move|p2a: Hatterene|Nuzzle|p1a: Porygon2
|-damage|p1a: Porygon2|98/100
|-status|p1a: Porygon2|par
|cant|p1a: Porygon2|par
|
|upkeep
|turn|2
|
|t:|1776035589
|move|p2a: Hatterene|Mystical Fire|p1a: Porygon2
|-damage|p1a: Porygon2|80/100 par
|-unboost|p1a: Porygon2|spa|1
|move|p1a: Porygon2|Trick Room|p1a: Porygon2
|-fieldstart|move: Trick Room|[of] p1a: Porygon2
|
|upkeep
|turn|3
|
|t:|1776035602
|switch|p1a: Ursaluna|Ursaluna, F|100/100
|move|p2a: Hatterene|Mystical Fire|p1a: Ursaluna
|-damage|p1a: Ursaluna|77/100
|-unboost|p1a: Ursaluna|spa|1
|
|-status|p1a: Ursaluna|brn|[from] item: Flame Orb
|upkeep
|turn|4
|
|t:|1776035615
|switch|p2a: Weezing|Weezing-Galar, F|100/100
|move|p1a: Ursaluna|Facade|p2a: Weezing
|-damage|p2a: Weezing|21/100
|-damage|p1a: Ursaluna|60/100 brn|[from] item: Rocky Helmet|[of] p2a: Weezing
|
|-damage|p1a: Ursaluna|54/100 brn|[from] brn
|upkeep
|turn|5
|
|t:|1776035628
|move|p1a: Ursaluna|Facade|p2a: Weezing
|-crit|p2a: Weezing
|-damage|p2a: Weezing|0 fnt
|-damage|p1a: Ursaluna|38/100 brn|[from] item: Rocky Helmet|[of] p2a: Weezing
|faint|p2a: Weezing
|
|-damage|p1a: Ursaluna|32/100 brn|[from] brn
|upkeep
|
|t:|1776035638
|switch|p2a: Comfey|Comfey, M, shiny|100/100
|turn|6
|
|t:|1776035648
|switch|p1a: Cresselia|Cresselia, F|100/100
|move|p2a: Comfey|Giga Drain|p1a: Cresselia
|-damage|p1a: Cresselia|83/100
|-enditem|p1a: Cresselia|Red Card|[of] p2a: Comfey
|drag|p2a: Clefable|Clefable, M|100/100
|
|-fieldend|move: Trick Room
|upkeep
|turn|7
|
|t:|1776035657
|move|p2a: Clefable|Moonblast|p1a: Cresselia
|-damage|p1a: Cresselia|49/100
|move|p1a: Cresselia|Trick Room|p1a: Cresselia
|-fieldstart|move: Trick Room|[of] p1a: Cresselia
|
|upkeep
|turn|8
|
|t:|1776035669
|move|p2a: Clefable|Moonblast|p1a: Cresselia
|-damage|p1a: Cresselia|15/100
|-unboost|p1a: Cresselia|spa|1
|move|p1a: Cresselia|Lunar Dance|p1a: Cresselia
|faint|p1a: Cresselia
|
|upkeep
|
|t:|1776035695
|switch|p1a: Volcanion|Volcanion|100/100
|turn|9
|
|t:|1776035698
|move|p1a: Volcanion|Sludge Bomb|p2a: Clefable
|-supereffective|p2a: Clefable
|-damage|p2a: Clefable|0 fnt
|faint|p2a: Clefable
|
|upkeep
|
|t:|1776035708
|switch|p2a: Primarina|Primarina, M|100/100
|turn|10
|
|t:|1776035722
|-terastallize|p2a: Primarina|Steel
|move|p1a: Volcanion|Sludge Bomb|p2a: Primarina
|-immune|p2a: Primarina
|move|p2a: Primarina|Calm Mind|p2a: Primarina
|-boost|p2a: Primarina|spa|1
|-boost|p2a: Primarina|spd|1
|
|upkeep
|turn|11
|
|t:|1776035735
|switch|p1a: Ursaluna|Ursaluna, F|32/100 brn
|-heal|p1a: Ursaluna|100/100|[from] move: Lunar Dance
|move|p2a: Primarina|Calm Mind|p2a: Primarina
|-boost|p2a: Primarina|spa|1
|-boost|p2a: Primarina|spd|1
|
|-fieldend|move: Trick Room
|-status|p1a: Ursaluna|brn|[from] item: Flame Orb
|upkeep
|turn|12
|
|t:|1776035747
|-terastallize|p1a: Ursaluna|Normal
|move|p2a: Primarina|Surf|p1a: Ursaluna
|-damage|p1a: Ursaluna|14/100 brn
|move|p1a: Ursaluna|Facade|p2a: Primarina
|-resisted|p2a: Primarina
|-crit|p2a: Primarina
|-damage|p2a: Primarina|0 fnt
|faint|p2a: Primarina
|
|-damage|p1a: Ursaluna|8/100 brn|[from] brn
|upkeep
|
|t:|1776035760
|switch|p2a: Comfey|Comfey, M, shiny|100/100
|turn|13
|
|t:|1776035778
|switch|p1a: Volcanion|Volcanion|100/100
|move|p2a: Comfey|Draining Kiss|p1a: Volcanion
|-resisted|p1a: Volcanion
|-damage|p1a: Volcanion|85/100
|-damage|p2a: Comfey|91/100|[from] item: Life Orb
|
|upkeep
|turn|14
|
|t:|1776035787
|move|p2a: Comfey|Giga Drain|p1a: Volcanion
|-damage|p1a: Volcanion|58/100
|-heal|p2a: Comfey|100/100|[from] drain|[of] p1a: Volcanion
|-damage|p2a: Comfey|91/100|[from] item: Life Orb
|move|p1a: Volcanion|Sludge Bomb|p2a: Comfey
|-supereffective|p2a: Comfey
|-damage|p2a: Comfey|0 fnt
|faint|p2a: Comfey
|
|upkeep
|
|t:|1776035796
|switch|p2a: Iron Valiant|Iron Valiant, shiny|100/100
|turn|15
|
|t:|1776035800
|move|p2a: Iron Valiant|Thunderbolt|p1a: Volcanion
|-supereffective|p1a: Volcanion
|-damage|p1a: Volcanion|0 fnt
|faint|p1a: Volcanion
|
|upkeep
|
|t:|1776035816
|switch|p1a: Hatterene|Hatterene, F|100/100
|turn|16
|
|t:|1776035846
|move|p2a: Iron Valiant|Thunderbolt|p1a: Hatterene
|-damage|p1a: Hatterene|53/100
|move|p1a: Hatterene|Trick Room|p1a: Hatterene
|-fieldstart|move: Trick Room|[of] p1a: Hatterene
|
|upkeep
|turn|17
|inactive|Battle timer is ON: inactive players will automatically lose when time's up. (requested by nicknicola)
|
|t:|1776035852
|-end|p2a: Iron Valiant|Quark Drive|[silent]
|switch|p2a: Hatterene|Hatterene, F|100/100
|move|p1a: Hatterene|Dazzling Gleam|p2a: Hatterene
|-damage|p2a: Hatterene|72/100
|
|upkeep
|turn|18
|
|t:|1776035861
|move|p1a: Hatterene|Healing Wish|p1a: Hatterene
|faint|p1a: Hatterene
|move|p2a: Hatterene|Nuzzle|p1: Hatterene|[notarget]
|-fail|p2a: Hatterene
|
|upkeep
|
|t:|1776035868
|switch|p1a: Ursaluna|Ursaluna, F, tera:Normal|8/100 brn
|-heal|p1a: Ursaluna|100/100|[from] move: Healing Wish
|turn|19
|
|t:|1776035878
|move|p2a: Hatterene|Nuzzle|p1a: Ursaluna
|-damage|p1a: Ursaluna|98/100
|-status|p1a: Ursaluna|par
|cant|p1a: Ursaluna|par
|
|upkeep
|turn|20
|
|t:|1776035885
|move|p1a: Ursaluna|Facade|p2a: Hatterene
|-damage|p2a: Hatterene|0 fnt
|faint|p2a: Hatterene
|
|-fieldend|move: Trick Room
|upkeep
|
|t:|1776035890
|switch|p2a: Iron Valiant|Iron Valiant, shiny|100/100
|turn|21
|
|t:|1776035897
|move|p2a: Iron Valiant|Moonblast|p1a: Ursaluna
|-damage|p1a: Ursaluna|33/100 par
|-unboost|p1a: Ursaluna|spa|1
|move|p1a: Ursaluna|Facade|p2a: Iron Valiant
|-damage|p2a: Iron Valiant|0 fnt
|faint|p2a: Iron Valiant
|-end|p2a: Iron Valiant|Quark Drive|[silent]
|
|win|nicknicola
|raw|nicknicola's rating: 1241 &rarr; <strong>1265</strong><br />(+24 for winning)
|raw|lukaeeee's rating: 1222 &rarr; <strong>1198</strong><br />(-24 for losing)
|l|☆lukaeeee
|player|p2|
|c|☆nicknicola|gg
