|html|<div class="broadcast-blue"><strong>[Gen 9] OU is currently suspecting Tera Blast! For information on how to participate check out the <a href="https://www.smogon.com/tools/suspects/view/200">suspect thread</a>.</strong></div>
|j|☆iblamecigar
|j|☆reluctanttest
|t:|1776323209
|gametype|singles
|player|p1|iblamecigar|gambler|1256
|player|p2|reluctanttest|170|1178
|gen|9
|tier|[Gen 9] OU
|rated|
|rule|HP Percentage Mod: HP is shown in percentages
|rule|Endless Battle Clause: Forcing endless battles is banned
|rule|Species Clause: Limit one of each Pokémon
|rule|OHKO Clause: OHKO moves are banned
|rule|Evasion Items Clause: Evasion items are banned
|rule|Evasion Moves Clause: Evasion moves are banned
|rule|Evasion Abilities Clause: Evasion abilities are banned
|rule|Sleep Moves Clause: Sleep-inducing moves are banned
|clearpoke
|poke|p1|Mienshao, M|
|poke|p1|Lokix, F|
|poke|p1|Pawmot, F|
|poke|p1|Maushold|
|poke|p1|Necrozma|
|poke|p1|Regidrago|
|poke|p2|Glimmora, M|
|poke|p2|Moltres|
|poke|p2|Ditto|
|poke|p2|Dragonite, F|
|poke|p2|Gholdengo|
|poke|p2|Okidogi, M|
|teampreview
|inactive|Battle timer is ON: inactive players will automatically lose when time's up. (requested by iblamecigar)
|
|t:|1776323218
|teamsize|p1|6
|teamsize|p2|6
|start
|switch|p1a: Pawmot|Pawmot, F|100/100
|switch|p2a: Glimmora|Glimmora, M|100/100
|turn|1
|
|t:|1776323225
|move|p1a: Pawmot|Fake Out|p2a: Glimmora
|-resisted|p2a: Glimmora
|-damage|p2a: Glimmora|93/100
|-activate|p2a: Glimmora|ability: Toxic Debris
|-sidestart|p1: iblamecigar|move: Toxic Spikes
|cant|p2a: Glimmora|flinch
|
|upkeep
|turn|2
|
|t:|1776323233
|move|p1a: Pawmot|Close Combat|p2a: Glimmora
|-damage|p2a: Glimmora|38/100
|-unboost|p1a: Pawmot|def|1
|-unboost|p1a: Pawmot|spd|1
|-activate|p2a: Glimmora|ability: Toxic Debris
|-sidestart|p1: iblamecigar|move: Toxic Spikes
|move|p2a: Glimmora|Mortal Spin|p1a: Pawmot
|-damage|p1a: Pawmot|84/100
|-status|p1a: Pawmot|psn
|
|-damage|p1a: Pawmot|72/100 psn|[from] psn
|upkeep
|turn|3
|
|t:|1776323244
|switch|p2a: Okidogi|Okidogi, M|100/100
|move|p1a: Pawmot|Thunder Punch|p2a: Okidogi
|-damage|p2a: Okidogi|69/100
|
|-damage|p1a: Pawmot|60/100 psn|[from] psn
|upkeep
|turn|4
|
|t:|1776323270
|switch|p1a: Mienshao|Mienshao, M|100/100
|-status|p1a: Mienshao|tox
|move|p2a: Okidogi|Drain Punch|p1a: Mienshao
|-damage|p1a: Mienshao|15/100 tox
|-heal|p2a: Okidogi|99/100|[from] drain|[of] p1a: Mienshao
|
|-damage|p1a: Mienshao|9/100 tox|[from] psn
|upkeep
|turn|5
|
|t:|1776323281
|switch|p2a: Glimmora|Glimmora, M|38/100
|move|p1a: Mienshao|Double-Edge|p2a: Glimmora
|-resisted|p2a: Glimmora
|-damage|p2a: Glimmora|4/100
|-damage|p1a: Mienshao|0 fnt|[from] Recoil
|faint|p1a: Mienshao
|
|upkeep
|
|t:|1776323290
|switch|p1a: Maushold|Maushold|100/100
|-status|p1a: Maushold|tox
|turn|6
|
|t:|1776323303
|move|p1a: Maushold|Bullet Seed|p2a: Glimmora
|-damage|p2a: Glimmora|0 fnt
|faint|p2a: Glimmora
|-hitcount|p2: Glimmora|1
|
|-damage|p1a: Maushold|94/100 tox|[from] psn
|upkeep
|
|t:|1776323308
|switch|p2a: Okidogi|Okidogi, M|99/100
|turn|7
|
|t:|1776323321
|move|p1a: Maushold|Tidy Up|p1a: Maushold
|-sideend|p1: iblamecigar|Toxic Spikes
|-activate|p1a: Maushold|move: Tidy Up
|-boost|p1a: Maushold|atk|1
|-boost|p1a: Maushold|spe|1
|move|p2a: Okidogi|Knock Off|p1a: Maushold
|-damage|p1a: Maushold|37/100 tox
|-enditem|p1a: Maushold|Wide Lens|[from] move: Knock Off|[of] p2a: Okidogi
|
|-damage|p1a: Maushold|25/100 tox|[from] psn
|upkeep
|turn|8
|
|t:|1776323333
|move|p1a: Maushold|Population Bomb|p2a: Okidogi
|-damage|p2a: Okidogi|85/100
|-damage|p2a: Okidogi|70/100
|-damage|p2a: Okidogi|57/100
|-damage|p2a: Okidogi|44/100
|-damage|p2a: Okidogi|30/100
|-damage|p2a: Okidogi|18/100
|-damage|p2a: Okidogi|3/100
|-damage|p2a: Okidogi|0 fnt
|faint|p2a: Okidogi
|-hitcount|p2: Okidogi|8
|
|-damage|p1a: Maushold|6/100 tox|[from] psn
|upkeep
|
|t:|1776323347
|switch|p2a: Ditto|Ditto|100/100
|-transform|p2a: Ditto|p1a: Maushold|[from] ability: Imposter
|turn|9
|
|t:|1776323360
|move|p2a: Ditto|Population Bomb|p1a: Maushold
|-crit|p1a: Maushold
|-damage|p1a: Maushold|0 fnt
|faint|p1a: Maushold
|-hitcount|p1: Maushold|1
|
|upkeep
|
|t:|1776323366
|switch|p1a: Lokix|Lokix, F|100/100
|turn|10
|
|t:|1776323369
|switch|p2a: Moltres|Moltres|100/100
|move|p1a: Lokix|First Impression|p2a: Moltres
|-resisted|p2a: Moltres
|-damage|p2a: Moltres|67/100
|
|upkeep
|turn|11
|
|t:|1776323382
|switch|p1a: Necrozma|Necrozma|100/100
|move|p2a: Moltres|Ancient Power|p1a: Necrozma
|-damage|p1a: Necrozma|83/100
|
|upkeep
|turn|12
|
|t:|1776323392
|switch|p2a: Gholdengo|Gholdengo|100/100
|-item|p2a: Gholdengo|Air Balloon
|move|p1a: Necrozma|Meteor Beam||[still]
|-prepare|p1a: Necrozma|Meteor Beam
|-boost|p1a: Necrozma|spa|1
|-enditem|p1a: Necrozma|Power Herb
|-anim|p1a: Necrozma|Meteor Beam|p2a: Gholdengo
|-resisted|p2a: Gholdengo
|-damage|p2a: Gholdengo|61/100
|-enditem|p2a: Gholdengo|Air Balloon
|
|upkeep
|turn|13
|
|t:|1776323410
|-terastallize|p2a: Gholdengo|Fairy
|-terastallize|p1a: Necrozma|Dark
|move|p2a: Gholdengo|Nasty Plot|p2a: Gholdengo
|-boost|p2a: Gholdengo|spa|2
|move|p1a: Necrozma|Calm Mind|p1a: Necrozma
|-boost|p1a: Necrozma|spa|1
|-boost|p1a: Necrozma|spd|1
|
|upkeep
|turn|14
|
|t:|1776323422
|switch|p2a: Moltres|Moltres|67/100
|move|p1a: Necrozma|Psychic|p2a: Moltres
|-damage|p2a: Moltres|0 fnt
|faint|p2a: Moltres
|
|upkeep
|
|t:|1776323428
|switch|p2a: Ditto|Ditto|100/100
|-transform|p2a: Ditto|p1a: Necrozma|[from] ability: Imposter
|-start|p2a: Ditto|typechange|Psychic|[silent]
|turn|15
|
|t:|1776323444
|switch|p2a: Gholdengo|Gholdengo, tera:Fairy|61/100
|move|p1a: Necrozma|Calm Mind|p1a: Necrozma
|-boost|p1a: Necrozma|spa|1
|-boost|p1a: Necrozma|spd|1
|
|upkeep
|turn|16
|-message|reluctanttest forfeited.
|
|win|iblamecigar
|raw|iblamecigar's rating: 1256 &rarr; <strong>1275</strong><br />(+19 for winning)
|raw|reluctanttest's rating: 1178 &rarr; <strong>1159</strong><br />(-19 for losing)
|l|☆reluctanttest
|player|p2|
