|html|<div class="broadcast-blue"><strong>[Gen 9] OU is currently suspecting Tera Blast! For information on how to participate check out the <a href="https://www.smogon.com/tools/suspects/view/200">suspect thread</a>.</strong></div>
|j|☆Gordon Gorbon
|j|☆kefflonie
|t:|1776040237
|gametype|singles
|player|p1|Gordon Gorbon|1|1170
|player|p2|kefflonie|policeman|1126
|gen|9
|tier|[Gen 9] OU
|rated|
|rule|HP Percentage Mod: HP is shown in percentages
|rule|Endless Battle Clause: Forcing endless battles is banned
|rule|Species Clause: Limit one of each Pokémon
|rule|OHKO Clause: OHKO moves are banned
|rule|Evasion Items Clause: Evasion items are banned
|rule|Evasion Moves Clause: Evasion moves are banned
|rule|Evasion Abilities Clause: Evasion abilities are banned
|rule|Sleep Moves Clause: Sleep-inducing moves are banned
|clearpoke
|poke|p1|Torkoal, M|
|poke|p1|Venusaur, F|
|poke|p1|Walking Wake|
|poke|p1|Ceruledge, M|
|poke|p1|Great Tusk|
|poke|p1|Moltres|
|poke|p2|Toucannon, M|
|poke|p2|Scovillain, M|
|poke|p2|Ninetales, F|
|poke|p2|Gliscor, M|
|poke|p2|Brambleghast, M|
|poke|p2|Dewgong, M|
|teampreview
|
|t:|1776040250
|teamsize|p1|6
|teamsize|p2|6
|start
|switch|p1a: Moltres|Moltres|100/100
|switch|p2a: Toucannon|Toucannon, M|100/100
|turn|1
|
|t:|1776040260
|move|p1a: Moltres|U-turn|p2a: Toucannon
|-resisted|p2a: Toucannon
|-damage|p2a: Toucannon|92/100
|
|t:|1776040267
|switch|p1a: Torkoal|Torkoal, M|100/100|[from] U-turn
|-weather|SunnyDay|[from] ability: Drought|[of] p1a: Torkoal
|move|p2a: Toucannon|Rock Blast|p1a: Torkoal
|-supereffective|p1a: Torkoal
|-damage|p1a: Torkoal|82/100
|-supereffective|p1a: Torkoal
|-damage|p1a: Torkoal|65/100
|-supereffective|p1a: Torkoal
|-crit|p1a: Torkoal
|-damage|p1a: Torkoal|39/100
|-supereffective|p1a: Torkoal
|-damage|p1a: Torkoal|21/100
|-supereffective|p1a: Torkoal
|-damage|p1a: Torkoal|2/100
|-hitcount|p1a: Torkoal|5
|-damage|p2a: Toucannon|82/100|[from] item: Life Orb
|
|-weather|SunnyDay|[upkeep]
|upkeep
|turn|2
|
|t:|1776040298
|switch|p1a: Great Tusk|Great Tusk|100/100
|-activate|p1a: Great Tusk|ability: Protosynthesis
|-start|p1a: Great Tusk|protosynthesisspe
|move|p2a: Toucannon|Bullet Seed|p1a: Great Tusk
|-supereffective|p1a: Great Tusk
|-crit|p1a: Great Tusk
|-damage|p1a: Great Tusk|79/100
|-supereffective|p1a: Great Tusk
|-damage|p1a: Great Tusk|64/100
|-supereffective|p1a: Great Tusk
|-damage|p1a: Great Tusk|48/100
|-supereffective|p1a: Great Tusk
|-crit|p1a: Great Tusk
|-damage|p1a: Great Tusk|26/100
|-supereffective|p1a: Great Tusk
|-damage|p1a: Great Tusk|12/100
|-hitcount|p1a: Great Tusk|5
|-damage|p2a: Toucannon|72/100|[from] item: Life Orb
|
|-weather|SunnyDay|[upkeep]
|upkeep
|turn|3
|
|t:|1776040321
|-singleturn|p2a: Toucannon|move: Beak Blast
|move|p1a: Great Tusk|Ice Spinner|p2a: Toucannon
|-supereffective|p2a: Toucannon
|-damage|p2a: Toucannon|4/100
|-status|p1a: Great Tusk|brn
|-damage|p1a: Great Tusk|2/100 brn|[from] item: Life Orb
|move|p2a: Toucannon|Beak Blast|p1a: Great Tusk
|-supereffective|p1a: Great Tusk
|-damage|p1a: Great Tusk|0 fnt
|faint|p1a: Great Tusk
|-end|p1a: Great Tusk|Protosynthesis|[silent]
|-damage|p2a: Toucannon|0 fnt|[from] item: Life Orb
|faint|p2a: Toucannon
|
|-weather|SunnyDay|[upkeep]
|upkeep
|
|t:|1776040363
|switch|p1a: Walking Wake|Walking Wake|100/100
|switch|p2a: Scovillain|Scovillain, M|100/100
|-activate|p1a: Walking Wake|ability: Protosynthesis
|-start|p1a: Walking Wake|protosynthesisspe
|turn|4
|
|t:|1776040375
|move|p1a: Walking Wake|Draco Meteor|p2a: Scovillain
|-enditem|p2a: Scovillain|Focus Sash
|-damage|p2a: Scovillain|1/100
|-unboost|p1a: Walking Wake|spa|2
|move|p2a: Scovillain|Growth|p2a: Scovillain
|-boost|p2a: Scovillain|atk|2
|-boost|p2a: Scovillain|spa|2
|
|-weather|SunnyDay|[upkeep]
|upkeep
|turn|5
|
|t:|1776040401
|move|p1a: Walking Wake|Flip Turn|p2a: Scovillain
|-damage|p2a: Scovillain|0 fnt
|faint|p2a: Scovillain
|-message|kefflonie forfeited.
|
|win|Gordon Gorbon
|raw|Gordon Gorbon's rating: 1195 &rarr; <strong>1215</strong><br />(+20 for winning)
|raw|kefflonie's rating: 1126 &rarr; <strong>1106</strong><br />(-20 for losing)
|l|☆kefflonie
|player|p2|
|l|☆Gordon Gorbon
|player|p1|
