|html|<div class="broadcast-blue"><strong>[Gen 9] OU is currently suspecting Tera Blast! For information on how to participate check out the <a href="https://www.smogon.com/tools/suspects/view/200">suspect thread</a>.</strong></div>
|j|☆Botswanaslimm
|j|‽jermaineishandsome
|t:|1776096236
|gametype|singles
|player|p1|Botswanaslimm|giovanni|1059
|player|p2|jermaineishandsome|266|1078
|gen|9
|tier|[Gen 9] OU
|rated|
|rule|HP Percentage Mod: HP is shown in percentages
|rule|Endless Battle Clause: Forcing endless battles is banned
|rule|Species Clause: Limit one of each Pokémon
|rule|OHKO Clause: OHKO moves are banned
|rule|Evasion Items Clause: Evasion items are banned
|rule|Evasion Moves Clause: Evasion moves are banned
|rule|Evasion Abilities Clause: Evasion abilities are banned
|rule|Sleep Moves Clause: Sleep-inducing moves are banned
|clearpoke
|poke|p1|Ambipom, M|
|poke|p1|Ampharos, F|
|poke|p1|Braviary-Hisui, M|
|poke|p1|Mudsdale, F|
|poke|p1|Ninetales-Alola, M|
|poke|p1|Scrafty, F|
|poke|p2|Corviknight, M|
|poke|p2|Meowscarada, M|
|poke|p2|Tinkaton, F|
|poke|p2|Blaziken, F|
|poke|p2|Garchomp, F|
|poke|p2|Dondozo, M|
|teampreview
|inactive|Battle timer is ON: inactive players will automatically lose when time's up. (requested by Botswanaslimm)
|j| ohko_smeargle
|
|t:|1776096250
|teamsize|p1|6
|teamsize|p2|6
|start
|switch|p1a: Clair|Mudsdale, F|100/100
|switch|p2a: Garchomp|Garchomp, F, shiny|100/100
|turn|1
|
|t:|1776096259
|move|p2a: Garchomp|Stealth Rock|p1a: Clair
|-sidestart|p1: Botswanaslimm|move: Stealth Rock
|move|p1a: Clair|Iron Defense|p1a: Clair
|-boost|p1a: Clair|def|2
|
|upkeep
|turn|2
|
|t:|1776096262
|move|p2a: Garchomp|Earthquake|p1a: Clair
|-damage|p1a: Clair|86/100
|move|p1a: Clair|Iron Defense|p1a: Clair
|-boost|p1a: Clair|def|2
|
|upkeep
|turn|3
|
|t:|1776096266
|move|p1a: Clair|Iron Defense|p1a: Clair
|-boost|p1a: Clair|def|2
|move|p2a: Garchomp|Dragon Tail|p1a: Clair|[miss]
|-miss|p2a: Garchomp|p1a: Clair
|
|upkeep
|turn|4
|
|t:|1776096271
|switch|p2a: Dondozo|Dondozo, M|100/100
|move|p1a: Clair|Body Press|p2a: Dondozo
|-damage|p2a: Dondozo|89/100
|
|-heal|p2a: Dondozo|95/100|[from] item: Leftovers
|upkeep
|turn|5
|
|t:|1776096282
|switch|p1a: Shimmer|Ampharos, F, shiny|100/100
|move|p2a: Dondozo|Waterfall|p1a: Shimmer
|-damage|p1a: Shimmer|75/100
|
|-heal|p2a: Dondozo|100/100|[from] item: Leftovers
|upkeep
|turn|6
|
|t:|1776096292
|switch|p2a: Meowscarada|Meowscarada, M, shiny|100/100
|move|p1a: Shimmer|Discharge|p2a: Meowscarada
|-resisted|p2a: Meowscarada
|-damage|p2a: Meowscarada|78/100
|-status|p2a: Meowscarada|par
|
|upkeep
|turn|7
|
|t:|1776096303
|move|p2a: Meowscarada|Knock Off|p1a: Shimmer
|-start|p2a: Meowscarada|typechange|Dark|[from] ability: Protean
|-damage|p1a: Shimmer|22/100
|-enditem|p1a: Shimmer|Heavy-Duty Boots|[from] move: Knock Off|[of] p2a: Meowscarada
|move|p1a: Shimmer|Dazzling Gleam|p2a: Meowscarada
|-supereffective|p2a: Meowscarada
|-damage|p2a: Meowscarada|14/100 par
|
|upkeep
|turn|8
|
|t:|1776096316
|move|p2a: Meowscarada|Knock Off|p1a: Shimmer
|-damage|p1a: Shimmer|0 fnt
|faint|p1a: Shimmer
|
|upkeep
|
|t:|1776096320
|switch|p1a: Big-Beak|Braviary-Hisui, M, shiny|100/100
|-damage|p1a: Big-Beak|76/100|[from] Stealth Rock
|turn|9
|
|t:|1776096324
|move|p1a: Big-Beak|Tailwind|p1a: Big-Beak
|-sidestart|p1: Botswanaslimm|move: Tailwind
|cant|p2a: Meowscarada|par
|
|-heal|p1a: Big-Beak|82/100|[from] item: Leftovers
|upkeep
|turn|10
|
|t:|1776096328
|move|p1a: Big-Beak|Air Slash|p2a: Meowscarada
|-damage|p2a: Meowscarada|0 fnt
|faint|p2a: Meowscarada
|
|-heal|p1a: Big-Beak|88/100|[from] item: Leftovers
|upkeep
|
|t:|1776096335
|switch|p2a: Corviknight|Corviknight, M, shiny|100/100
|-ability|p2a: Corviknight|Pressure
|turn|11
|
|t:|1776096345
|switch|p1a: Clair|Mudsdale, F|86/100
|-damage|p1a: Clair|80/100|[from] Stealth Rock
|move|p2a: Corviknight|Brave Bird|p1a: Clair
|-damage|p1a: Clair|58/100
|-damage|p2a: Corviknight|84/100|[from] item: Rocky Helmet|[of] p1a: Clair
|-damage|p2a: Corviknight|76/100|[from] Recoil
|
|upkeep
|turn|12
|
|t:|1776096353
|switch|p2a: Garchomp|Garchomp, F, shiny|100/100
|move|p1a: Clair|Iron Defense|p1a: Clair
|-boost|p1a: Clair|def|2
|
|-sideend|p1: Botswanaslimm|move: Tailwind
|upkeep
|turn|13
|
|t:|1776096356
|move|p1a: Clair|Iron Defense|p1a: Clair
|-boost|p1a: Clair|def|2
|move|p2a: Garchomp|Dragon Tail|p1a: Clair
|-damage|p1a: Clair|52/100
|-damage|p2a: Garchomp|84/100|[from] item: Rocky Helmet|[of] p1a: Clair
|drag|p1a: Big-Beak|Braviary-Hisui, M, shiny|88/100
|-damage|p1a: Big-Beak|63/100|[from] Stealth Rock
|
|-heal|p1a: Big-Beak|69/100|[from] item: Leftovers
|upkeep
|turn|14
|
|t:|1776096363
|move|p1a: Big-Beak|Dazzling Gleam|p2a: Garchomp
|-supereffective|p2a: Garchomp
|-damage|p2a: Garchomp|41/100
|move|p2a: Garchomp|Spikes|p1a: Big-Beak
|-sidestart|p1: Botswanaslimm|Spikes
|
|-heal|p1a: Big-Beak|75/100|[from] item: Leftovers
|upkeep
|turn|15
|
|t:|1776096367
|move|p1a: Big-Beak|Dazzling Gleam|p2a: Garchomp
|-supereffective|p2a: Garchomp
|-damage|p2a: Garchomp|0 fnt
|faint|p2a: Garchomp
|
|-heal|p1a: Big-Beak|81/100|[from] item: Leftovers
|upkeep
|
|t:|1776096373
|switch|p2a: Tinkaton|Tinkaton, F, shiny|100/100
|-ability|p2a: Tinkaton|Mold Breaker
|-item|p2a: Tinkaton|Air Balloon
|turn|16
|inactive|Botswanaslimm has 120 seconds left.
|
|t:|1776096429
|move|p2a: Tinkaton|Gigaton Hammer|p1a: Big-Beak
|-damage|p1a: Big-Beak|28/100
|move|p1a: Big-Beak|Air Slash|p2a: Tinkaton
|-resisted|p2a: Tinkaton
|-damage|p2a: Tinkaton|72/100
|-enditem|p2a: Tinkaton|Air Balloon
|
|-heal|p1a: Big-Beak|34/100|[from] item: Leftovers
|upkeep
|turn|17
|inactive|jermaineishandsome has 120 seconds left.
|inactive|jermaineishandsome has 90 seconds left.
|inactive|jermaineishandsome has 60 seconds left.
|
|t:|1776096521
|move|p2a: Tinkaton|Thunder Wave|p1a: Big-Beak
|-status|p1a: Big-Beak|par
|move|p1a: Big-Beak|Tailwind|p1a: Big-Beak
|-sidestart|p1: Botswanaslimm|move: Tailwind
|
|-heal|p1a: Big-Beak|40/100 par|[from] item: Leftovers
|upkeep
|turn|18
|
|t:|1776096530
|move|p2a: Tinkaton|Gigaton Hammer|p1a: Big-Beak
|-damage|p1a: Big-Beak|0 fnt
|faint|p1a: Big-Beak
|
|upkeep
|
|t:|1776096535
|switch|p1a: Clair|Mudsdale, F|52/100
|-damage|p1a: Clair|46/100|[from] Stealth Rock
|-damage|p1a: Clair|34/100|[from] Spikes
|turn|19
|
|t:|1776096540
|switch|p2a: Dondozo|Dondozo, M|100/100
|move|p1a: Clair|Iron Defense|p1a: Clair
|-boost|p1a: Clair|def|2
|
|upkeep
|turn|20
|
|t:|1776096544
|move|p1a: Clair|Body Slam|p2a: Dondozo
|-damage|p2a: Dondozo|91/100
|move|p2a: Dondozo|Waterfall|p1a: Clair
|-supereffective|p1a: Clair
|-damage|p1a: Clair|0 fnt
|-damage|p2a: Dondozo|74/100|[from] item: Rocky Helmet|[of] p1a: Clair
|faint|p1a: Clair
|
|-heal|p2a: Dondozo|80/100|[from] item: Leftovers
|-sideend|p1: Botswanaslimm|move: Tailwind
|upkeep
|
|t:|1776096557
|switch|p1a: Doublefisto|Ambipom, M, shiny|100/100
|-damage|p1a: Doublefisto|88/100|[from] Stealth Rock
|-damage|p1a: Doublefisto|76/100|[from] Spikes
|turn|21
|
|t:|1776096561
|move|p1a: Doublefisto|Trailblaze|p2a: Dondozo
|-supereffective|p2a: Dondozo
|-crit|p2a: Dondozo
|-damage|p2a: Dondozo|50/100
|-boost|p1a: Doublefisto|spe|1
|move|p2a: Dondozo|Waterfall|p1a: Doublefisto
|-damage|p1a: Doublefisto|28/100
|
|-heal|p2a: Dondozo|56/100|[from] item: Leftovers
|upkeep
|turn|22
|
|t:|1776096569
|move|p1a: Doublefisto|Trailblaze|p2a: Dondozo
|-supereffective|p2a: Dondozo
|-damage|p2a: Dondozo|35/100
|-boost|p1a: Doublefisto|spe|1
|move|p2a: Dondozo|Waterfall|p1a: Doublefisto
|-damage|p1a: Doublefisto|0 fnt
|faint|p1a: Doublefisto
|
|-heal|p2a: Dondozo|41/100|[from] item: Leftovers
|upkeep
|
|t:|1776096573
|switch|p1a: Alissa|Scrafty, F|100/100
|-damage|p1a: Alissa|94/100|[from] Stealth Rock
|-damage|p1a: Alissa|82/100|[from] Spikes
|turn|23
|inactive|jermaineishandsome has 120 seconds left.
|
|t:|1776096581
|move|p1a: Alissa|Dragon Dance|p1a: Alissa
|-boost|p1a: Alissa|atk|1
|-boost|p1a: Alissa|spe|1
|move|p2a: Dondozo|Rest|p2a: Dondozo
|-status|p2a: Dondozo|slp|[from] move: Rest
|-heal|p2a: Dondozo|100/100 slp|[silent]
|
|upkeep
|turn|24
|
|t:|1776096587
|move|p1a: Alissa|Dragon Dance|p1a: Alissa
|-boost|p1a: Alissa|atk|1
|-boost|p1a: Alissa|spe|1
|cant|p2a: Dondozo|slp
|move|p2a: Dondozo|Sleep Talk|p2a: Dondozo
|move|p2a: Dondozo|Waterfall|p1a: Alissa|[from] move: Sleep Talk
|-damage|p1a: Alissa|57/100
|
|upkeep
|turn|25
|
|t:|1776096589
|move|p1a: Alissa|Dragon Dance|p1a: Alissa
|-boost|p1a: Alissa|atk|1
|-boost|p1a: Alissa|spe|1
|cant|p2a: Dondozo|slp
|move|p2a: Dondozo|Sleep Talk|p2a: Dondozo
|move|p2a: Dondozo|Rest||[from] move: Sleep Talk|[still]
|-fail|p2a: Dondozo
|
|upkeep
|turn|26
|
|t:|1776096592
|move|p1a: Alissa|Dragon Dance|p1a: Alissa
|-boost|p1a: Alissa|atk|1
|-boost|p1a: Alissa|spe|1
|-curestatus|p2a: Dondozo|slp|[msg]
|move|p2a: Dondozo|Waterfall|p1a: Alissa
|-damage|p1a: Alissa|33/100
|
|upkeep
|turn|27
|
|t:|1776096598
|move|p1a: Alissa|Drain Punch|p2a: Dondozo
|-damage|p2a: Dondozo|87/100
|-heal|p1a: Alissa|46/100|[from] drain|[of] p2a: Dondozo
|-damage|p1a: Alissa|36/100|[from] item: Life Orb
|move|p2a: Dondozo|Waterfall|p1a: Alissa
|-damage|p1a: Alissa|12/100
|
|-heal|p2a: Dondozo|93/100|[from] item: Leftovers
|upkeep
|turn|28
|
|t:|1776096606
|move|p1a: Alissa|Stone Edge|p2a: Dondozo
|-damage|p2a: Dondozo|81/100
|-damage|p1a: Alissa|2/100|[from] item: Life Orb
|move|p2a: Dondozo|Waterfall|p1a: Alissa
|-damage|p1a: Alissa|0 fnt
|faint|p1a: Alissa
|
|-heal|p2a: Dondozo|87/100|[from] item: Leftovers
|upkeep
|
|t:|1776096608
|switch|p1a: Kit|Ninetales-Alola, M, shiny|100/100
|-damage|p1a: Kit|75/100|[from] Stealth Rock
|-damage|p1a: Kit|63/100|[from] Spikes
|-weather|Snowscape|[from] ability: Snow Warning|[of] p1a: Kit
|turn|29
|
|t:|1776096613
|move|p1a: Kit|Freeze-Dry|p2a: Dondozo
|-supereffective|p2a: Dondozo
|-damage|p2a: Dondozo|38/100
|move|p2a: Dondozo|Waterfall|p1a: Kit
|-damage|p1a: Kit|36/100
|
|-weather|Snowscape|[upkeep]
|-heal|p2a: Dondozo|44/100|[from] item: Leftovers
|upkeep
|turn|30
|
|t:|1776096619
|move|p1a: Kit|Freeze-Dry|p2a: Dondozo
|-supereffective|p2a: Dondozo
|-damage|p2a: Dondozo|0 fnt
|faint|p2a: Dondozo
|
|-weather|Snowscape|[upkeep]
|upkeep
|-message|Botswanaslimm forfeited.
|
|win|jermaineishandsome
|raw|Botswanaslimm's rating: 1059 &rarr; <strong>1041</strong><br />(-18 for losing)
|raw|jermaineishandsome's rating: 1078 &rarr; <strong>1105</strong><br />(+27 for winning)
|l|☆Botswanaslimm
|player|p1|
|l| ohko_smeargle
