|html|<div class="broadcast-blue"><strong>[Gen 9] OU is currently suspecting Tera Blast! For information on how to participate check out the <a href="https://www.smogon.com/tools/suspects/view/200">suspect thread</a>.</strong></div>
|j|☆MADMANWHO
|j|☆belacquaaa
|t:|1776067823
|gametype|singles
|player|p1|MADMANWHO|hiker-gen4|1283
|player|p2|belacquaaa|bruno|1262
|gen|9
|tier|[Gen 9] OU
|rated|
|rule|HP Percentage Mod: HP is shown in percentages
|rule|Endless Battle Clause: Forcing endless battles is banned
|rule|Species Clause: Limit one of each Pokémon
|rule|OHKO Clause: OHKO moves are banned
|rule|Evasion Items Clause: Evasion items are banned
|rule|Evasion Moves Clause: Evasion moves are banned
|rule|Evasion Abilities Clause: Evasion abilities are banned
|rule|Sleep Moves Clause: Sleep-inducing moves are banned
|clearpoke
|poke|p1|Tyranitar, M|
|poke|p1|Corviknight, F|
|poke|p1|Clodsire, F|
|poke|p1|Slowking, M|
|poke|p1|Iron Valiant|
|poke|p1|Scizor, F|
|poke|p2|Deoxys-Speed|
|poke|p2|Dragonite, M|
|poke|p2|Darkrai|
|poke|p2|Cresselia, F|
|poke|p2|Ceruledge, F|
|poke|p2|Hatterene, F|
|teampreview
|inactive|Battle timer is ON: inactive players will automatically lose when time's up. (requested by belacquaaa)
|inactive|MADMANWHO also wants the timer to be on.
|
|t:|1776067836
|teamsize|p1|6
|teamsize|p2|6
|start
|switch|p1a: Tyranitar|Tyranitar, M|100/100
|switch|p2a: Ceruledge|Ceruledge, F|100/100
|-weather|Sandstorm|[from] ability: Sand Stream|[of] p1a: Tyranitar
|turn|1
|
|t:|1776067857
|switch|p2a: Darkrai|Darkrai|100/100
|switch|p1a: Clodsire|Clodsire, F|100/100
|
|-weather|Sandstorm|[upkeep]
|-damage|p2a: Darkrai|94/100|[from] Sandstorm
|upkeep
|turn|2
|
|t:|1776067867
|move|p2a: Darkrai|Nasty Plot|p2a: Darkrai
|-boost|p2a: Darkrai|spa|2
|move|p1a: Clodsire|Toxic|p2a: Darkrai
|-status|p2a: Darkrai|tox
|
|-weather|Sandstorm|[upkeep]
|-damage|p2a: Darkrai|88/100 tox|[from] Sandstorm
|-damage|p2a: Darkrai|82/100 tox|[from] psn
|upkeep
|turn|3
|
|t:|1776067875
|move|p2a: Darkrai|Ice Beam|p1a: Clodsire
|-supereffective|p1a: Clodsire
|-damage|p1a: Clodsire|55/100
|-damage|p2a: Darkrai|72/100 tox|[from] item: Life Orb
|move|p1a: Clodsire|Stealth Rock|p2a: Darkrai
|-sidestart|p2: belacquaaa|move: Stealth Rock
|
|-weather|Sandstorm|[upkeep]
|-damage|p2a: Darkrai|66/100 tox|[from] Sandstorm
|-heal|p1a: Clodsire|61/100|[from] item: Black Sludge
|-damage|p2a: Darkrai|54/100 tox|[from] psn
|upkeep
|turn|4
|
|t:|1776067886
|switch|p2a: Cresselia|Cresselia, F|100/100
|-damage|p2a: Cresselia|88/100|[from] Stealth Rock
|move|p1a: Clodsire|Recover|p1a: Clodsire
|-heal|p1a: Clodsire|100/100
|
|-weather|Sandstorm|[upkeep]
|-damage|p2a: Cresselia|82/100|[from] Sandstorm
|upkeep
|turn|5
|
|t:|1776067897
|switch|p1a: Slowking|Slowking, M|100/100
|move|p2a: Cresselia|Ice Beam|p1a: Slowking
|-resisted|p1a: Slowking
|-damage|p1a: Slowking|95/100
|
|-weather|none
|upkeep
|turn|6
|
|t:|1776067906
|move|p2a: Cresselia|Thunder Wave|p1a: Slowking
|-status|p1a: Slowking|par
|move|p1a: Slowking|Future Sight|p2a: Cresselia
|-start|p1a: Slowking|move: Future Sight
|
|upkeep
|turn|7
|
|t:|1776067912
|move|p2a: Cresselia|Ice Beam|p1a: Slowking
|-resisted|p1a: Slowking
|-damage|p1a: Slowking|90/100 par
|-prepare|p1a: Slowking|Chilly Reception|[premajor]
|move|p1a: Slowking|Chilly Reception|p1a: Slowking
|-weather|Snowscape
|
|t:|1776067921
|switch|p1a: Tyranitar|Tyranitar, M|100/100|[from] Chilly Reception
|-weather|Sandstorm|[from] ability: Sand Stream|[of] p1a: Tyranitar
|
|-weather|Sandstorm|[upkeep]
|-damage|p2a: Cresselia|76/100|[from] Sandstorm
|upkeep
|turn|8
|
|t:|1776067930
|move|p1a: Tyranitar|Knock Off|p2a: Cresselia
|-supereffective|p2a: Cresselia
|-damage|p2a: Cresselia|16/100
|-damage|p1a: Tyranitar|84/100|[from] item: Rocky Helmet|[of] p2a: Cresselia
|-enditem|p2a: Cresselia|Rocky Helmet|[from] move: Knock Off|[of] p1a: Tyranitar
|move|p2a: Cresselia|Thunder Wave|p1a: Tyranitar
|-status|p1a: Tyranitar|par
|
|-weather|Sandstorm|[upkeep]
|-damage|p2a: Cresselia|10/100|[from] Sandstorm
|-end|p2a: Cresselia|move: Future Sight
|-resisted|p2a: Cresselia
|-damage|p2a: Cresselia|0 fnt
|faint|p2a: Cresselia
|upkeep
|
|t:|1776067948
|switch|p2a: Darkrai|Darkrai|54/100 tox
|-damage|p2a: Darkrai|42/100 tox|[from] Stealth Rock
|turn|9
|
|t:|1776067956
|move|p2a: Darkrai|Focus Blast|p1a: Tyranitar|[miss]
|-miss|p2a: Darkrai|p1a: Tyranitar
|move|p1a: Tyranitar|Rock Tomb|p2a: Darkrai
|-damage|p2a: Darkrai|0 fnt
|faint|p2a: Darkrai
|
|-weather|Sandstorm|[upkeep]
|upkeep
|-message|belacquaaa forfeited.
|
|win|MADMANWHO
|raw|MADMANWHO's rating: 1283 &rarr; <strong>1306</strong><br />(+23 for winning)
|raw|belacquaaa's rating: 1262 &rarr; <strong>1239</strong><br />(-23 for losing)
|l|☆belacquaaa
|player|p2|
|l|☆MADMANWHO
|player|p1|
