|html|<div class="broadcast-blue"><strong>[Gen 9] OU is currently suspecting Tera Blast! For information on how to participate check out the <a href="https://www.smogon.com/tools/suspects/view/200">suspect thread</a>.</strong></div>
|j|☆Allama2112
|j|☆chillncurry
|t:|1776137638
|gametype|singles
|player|p1|Allama2112|169|1334
|player|p2|chillncurry|aromalady|1295
|gen|9
|tier|[Gen 9] OU
|rated|
|rule|HP Percentage Mod: HP is shown in percentages
|rule|Endless Battle Clause: Forcing endless battles is banned
|rule|Species Clause: Limit one of each Pokémon
|rule|OHKO Clause: OHKO moves are banned
|rule|Evasion Items Clause: Evasion items are banned
|rule|Evasion Moves Clause: Evasion moves are banned
|rule|Evasion Abilities Clause: Evasion abilities are banned
|rule|Sleep Moves Clause: Sleep-inducing moves are banned
|clearpoke
|poke|p1|Zamazenta-*|
|poke|p1|Glimmora, F|
|poke|p1|Corviknight, M|
|poke|p1|Ting-Lu|
|poke|p1|Pecharunt|
|poke|p1|Ogerpon, F|
|poke|p2|Darkrai|
|poke|p2|Iron Valiant|
|poke|p2|Dragapult, M|
|poke|p2|Kyurem|
|poke|p2|Garganacl, F|
|poke|p2|Corviknight, M|
|teampreview
|inactive|Battle timer is ON: inactive players will automatically lose when time's up. (requested by chillncurry)
|j| MisfortuneSeven
|
|t:|1776137657
|teamsize|p1|6
|teamsize|p2|6
|start
|switch|p1a: Glimmora|Glimmora, F|100/100
|switch|p2a: Kyurem|Kyurem|100/100
|-ability|p2a: Kyurem|Pressure
|turn|1
|
|t:|1776137666
|switch|p1a: Corviknight|Corviknight, M|100/100
|-ability|p1a: Corviknight|Pressure
|move|p2a: Kyurem|Earth Power|p1a: Corviknight
|-immune|p1a: Corviknight
|
|upkeep
|turn|2
|
|t:|1776137674
|switch|p2a: Garganacl|Garganacl, F|100/100
|move|p1a: Corviknight|U-turn|p2a: Garganacl
|-damage|p2a: Garganacl|92/100
|
|t:|1776137698
|switch|p1a: Ogerpon|Ogerpon, F|100/100|[from] U-turn
|
|-heal|p2a: Garganacl|98/100|[from] item: Leftovers
|upkeep
|turn|3
|
|t:|1776137709
|switch|p2a: Corviknight|Corviknight, M|100/100
|-ability|p2a: Corviknight|Pressure
|move|p1a: Ogerpon|Taunt|p2a: Corviknight
|-start|p2a: Corviknight|move: Taunt
|
|upkeep
|turn|4
|
|t:|1776137719
|switch|p1a: Glimmora|Glimmora, F|100/100
|move|p2a: Corviknight|U-turn|p1a: Glimmora
|-resisted|p1a: Glimmora
|-damage|p1a: Glimmora|92/100
|-activate|p1a: Glimmora|ability: Toxic Debris
|-sidestart|p2: chillncurry|move: Toxic Spikes
|
|t:|1776137732
|switch|p2a: Dragapult|Dragapult, M|100/100|[from] U-turn
|-status|p2a: Dragapult|psn
|
|-damage|p2a: Dragapult|88/100 psn|[from] psn
|upkeep
|turn|5
|
|t:|1776137740
|move|p2a: Dragapult|Draco Meteor|p1a: Glimmora
|-damage|p1a: Glimmora|0 fnt
|-unboost|p2a: Dragapult|spa|2
|faint|p1a: Glimmora
|-damage|p2a: Dragapult|78/100 psn|[from] item: Life Orb
|
|-damage|p2a: Dragapult|66/100 psn|[from] psn
|upkeep
|
|t:|1776137748
|switch|p1a: Ting-Lu|Ting-Lu|100/100
|-ability|p1a: Ting-Lu|Vessel of Ruin
|turn|6
|
|t:|1776137756
|switch|p2a: Corviknight|Corviknight, M|100/100
|-ability|p2a: Corviknight|Pressure
|move|p1a: Ting-Lu|Stealth Rock|p2a: Corviknight
|-sidestart|p2: chillncurry|move: Stealth Rock
|
|upkeep
|turn|7
|
|t:|1776137759
|switch|p1a: Ogerpon|Ogerpon, F|100/100
|move|p2a: Corviknight|Defog|p1a: Ogerpon
|-unboost|p1a: Ogerpon|evasion|1
|-ability|p1a: Ogerpon|Defiant|boost
|-boost|p1a: Ogerpon|atk|2
|-sideend|p2: chillncurry|Toxic Spikes|[from] move: Defog|[of] p2a: Corviknight
|-sideend|p2: chillncurry|Stealth Rock|[from] move: Defog|[of] p2a: Corviknight
|
|upkeep
|turn|8
|
|t:|1776137769
|move|p1a: Ogerpon|Knock Off|p2a: Corviknight
|-damage|p2a: Corviknight|55/100
|-damage|p1a: Ogerpon|84/100|[from] item: Rocky Helmet|[of] p2a: Corviknight
|-enditem|p2a: Corviknight|Rocky Helmet|[from] move: Knock Off|[of] p1a: Ogerpon
|-damage|p1a: Ogerpon|74/100|[from] item: Life Orb
|move|p2a: Corviknight|Brave Bird|p1a: Ogerpon
|-supereffective|p1a: Ogerpon
|-damage|p1a: Ogerpon|0 fnt
|faint|p1a: Ogerpon
|-damage|p2a: Corviknight|36/100|[from] Recoil
|
|upkeep
|
|t:|1776137787
|switch|p1a: Zamazenta|Zamazenta|100/100
|-ability|p1a: Zamazenta|Dauntless Shield|boost
|-boost|p1a: Zamazenta|def|1
|turn|9
|
|t:|1776137791
|move|p1a: Zamazenta|Iron Defense|p1a: Zamazenta
|-boost|p1a: Zamazenta|def|2
|move|p2a: Corviknight|Brave Bird|p1a: Zamazenta
|-supereffective|p1a: Zamazenta
|-damage|p1a: Zamazenta|80/100
|-damage|p2a: Corviknight|30/100|[from] Recoil
|
|-heal|p1a: Zamazenta|86/100|[from] item: Leftovers
|upkeep
|turn|10
|
|t:|1776137797
|move|p1a: Zamazenta|Body Press|p2a: Corviknight
|-damage|p2a: Corviknight|0 fnt
|faint|p2a: Corviknight
|
|-heal|p1a: Zamazenta|93/100|[from] item: Leftovers
|upkeep
|
|t:|1776137802
|switch|p2a: Iron Valiant|Iron Valiant|100/100
|-enditem|p2a: Iron Valiant|Booster Energy
|-activate|p2a: Iron Valiant|ability: Quark Drive|[fromitem]
|-start|p2a: Iron Valiant|quarkdrivespe
|turn|11
|
|t:|1776137815
|switch|p1a: Pecharunt|Pecharunt|100/100
|move|p2a: Iron Valiant|Moonblast|p1a: Pecharunt
|-resisted|p1a: Pecharunt
|-damage|p1a: Pecharunt|82/100
|
|upkeep
|turn|12
|
|t:|1776137833
|-terastallize|p2a: Iron Valiant|Steel
|move|p2a: Iron Valiant|Knock Off|p1a: Pecharunt
|-supereffective|p1a: Pecharunt
|-enditem|p1a: Pecharunt|Colbur Berry|[eat]
|-enditem|p1a: Pecharunt|Colbur Berry|[weaken]
|-damage|p1a: Pecharunt|67/100
|move|p1a: Pecharunt|Parting Shot|p2a: Iron Valiant
|-unboost|p2a: Iron Valiant|atk|1
|-unboost|p2a: Iron Valiant|spa|1
|
|t:|1776137844
|switch|p1a: Corviknight|Corviknight, M|100/100|[from] Parting Shot
|-ability|p1a: Corviknight|Pressure
|
|upkeep
|turn|13
|
|t:|1776137851
|move|p2a: Iron Valiant|Knock Off|p1a: Corviknight
|-damage|p1a: Corviknight|88/100
|-enditem|p1a: Corviknight|Damp Rock|[from] move: Knock Off|[of] p2a: Iron Valiant
|move|p1a: Corviknight|U-turn|p2a: Iron Valiant
|-resisted|p2a: Iron Valiant
|-damage|p2a: Iron Valiant|91/100
|inactive|Allama2112 has 120 seconds left.
|c|☆chillncurry|why damp rock on corv?
|
|t:|1776137893
|switch|p1a: Pecharunt|Pecharunt|67/100|[from] U-turn
|
|upkeep
|turn|14
|
|t:|1776137900
|-end|p2a: Iron Valiant|Quark Drive|[silent]
|switch|p2a: Garganacl|Garganacl, F|98/100
|move|p1a: Pecharunt|Recover|p1a: Pecharunt
|-heal|p1a: Pecharunt|100/100
|
|-heal|p2a: Garganacl|100/100|[from] item: Leftovers
|upkeep
|turn|15
|
|t:|1776137907
|move|p1a: Pecharunt|Parting Shot|p2a: Garganacl
|-unboost|p2a: Garganacl|atk|1
|-unboost|p2a: Garganacl|spa|1
|inactive|Allama2112 has 120 seconds left.
|
|t:|1776137918
|switch|p1a: Zamazenta|Zamazenta|93/100|[from] Parting Shot
|move|p2a: Garganacl|Salt Cure|p1a: Zamazenta
|-resisted|p1a: Zamazenta
|-damage|p1a: Zamazenta|90/100
|-start|p1a: Zamazenta|Salt Cure
|
|-heal|p1a: Zamazenta|96/100|[from] item: Leftovers
|-damage|p1a: Zamazenta|84/100|[from] Salt Cure
|upkeep
|turn|16
|inactive|Allama2112 has 120 seconds left.
|
|t:|1776137933
|switch|p2a: Iron Valiant|Iron Valiant, tera:Steel|91/100
|move|p1a: Zamazenta|Iron Defense|p1a: Zamazenta
|-boost|p1a: Zamazenta|def|2
|
|-heal|p1a: Zamazenta|90/100|[from] item: Leftovers
|-damage|p1a: Zamazenta|77/100|[from] Salt Cure
|upkeep
|turn|17
|
|t:|1776137945
|-end|p2a: Iron Valiant|Quark Drive|[silent]
|switch|p2a: Dragapult|Dragapult, M|66/100 psn
|-terastallize|p1a: Zamazenta|Fairy
|move|p1a: Zamazenta|Body Press|p2a: Dragapult
|-immune|p2a: Dragapult
|
|-heal|p1a: Zamazenta|84/100|[from] item: Leftovers
|-damage|p2a: Dragapult|54/100 psn|[from] psn
|-damage|p1a: Zamazenta|71/100|[from] Salt Cure
|upkeep
|turn|18
|
|t:|1776137959
|switch|p1a: Ting-Lu|Ting-Lu|100/100
|-ability|p1a: Ting-Lu|Vessel of Ruin
|move|p2a: Dragapult|Shadow Ball|p1a: Ting-Lu
|-resisted|p1a: Ting-Lu
|-damage|p1a: Ting-Lu|87/100
|-damage|p2a: Dragapult|44/100 psn|[from] item: Life Orb
|
|-heal|p1a: Ting-Lu|93/100|[from] item: Leftovers
|-damage|p2a: Dragapult|32/100 psn|[from] psn
|upkeep
|turn|19
|
|t:|1776137966
|switch|p2a: Garganacl|Garganacl, F|100/100
|move|p1a: Ting-Lu|Stealth Rock|p2a: Garganacl
|-sidestart|p2: chillncurry|move: Stealth Rock
|
|-heal|p1a: Ting-Lu|99/100|[from] item: Leftovers
|upkeep
|turn|20
|
|t:|1776137969
|move|p1a: Ting-Lu|Earthquake|p2a: Garganacl
|-supereffective|p2a: Garganacl
|-damage|p2a: Garganacl|54/100
|move|p2a: Garganacl|Stealth Rock|p1a: Ting-Lu
|-sidestart|p1: Allama2112|move: Stealth Rock
|
|-heal|p1a: Ting-Lu|100/100|[from] item: Leftovers
|-heal|p2a: Garganacl|60/100|[from] item: Leftovers
|upkeep
|turn|21
|
|t:|1776137978
|move|p2a: Garganacl|Protect|p2a: Garganacl
|-singleturn|p2a: Garganacl|Protect
|move|p1a: Ting-Lu|Earthquake|p2a: Garganacl
|-activate|p2a: Garganacl|move: Protect
|
|-heal|p2a: Garganacl|66/100|[from] item: Leftovers
|upkeep
|turn|22
|
|t:|1776137986
|move|p1a: Ting-Lu|Earthquake|p2a: Garganacl
|-supereffective|p2a: Garganacl
|-damage|p2a: Garganacl|14/100
|move|p2a: Garganacl|Salt Cure|p1a: Ting-Lu
|-resisted|p1a: Ting-Lu
|-damage|p1a: Ting-Lu|98/100
|-start|p1a: Ting-Lu|Salt Cure
|
|-heal|p1a: Ting-Lu|100/100|[from] item: Leftovers
|-heal|p2a: Garganacl|20/100|[from] item: Leftovers
|-damage|p1a: Ting-Lu|88/100|[from] Salt Cure
|upkeep
|turn|23
|
|t:|1776137997
|move|p2a: Garganacl|Protect|p2a: Garganacl
|-singleturn|p2a: Garganacl|Protect
|move|p1a: Ting-Lu|Earthquake|p2a: Garganacl
|-activate|p2a: Garganacl|move: Protect
|
|-heal|p1a: Ting-Lu|94/100|[from] item: Leftovers
|-heal|p2a: Garganacl|26/100|[from] item: Leftovers
|-damage|p1a: Ting-Lu|82/100|[from] Salt Cure
|upkeep
|turn|24
|-message|chillncurry forfeited.
|
|win|Allama2112
|raw|Allama2112's rating: 1334 &rarr; <strong>1352</strong><br />(+18 for winning)
|raw|chillncurry's rating: 1295 &rarr; <strong>1273</strong><br />(-22 for losing)
|l|☆chillncurry
|player|p2|
|l| MisfortuneSeven
