|html|<div class="broadcast-blue"><strong>[Gen 9] OU is currently suspecting Volcarona! For information on how to participate check out the <a href="https://www.smogon.com/tools/suspects/view/208">suspect thread</a>.</strong></div>
|j|☆duli2010
|j|☆marcodeso
|t:|1778498894
|gametype|singles
|player|p1|duli2010|bugcatcher-gen4dp|1142
|player|p2|marcodeso|n|1110
|gen|9
|tier|[Gen 9] OU
|rated|
|rule|HP Percentage Mod: HP is shown in percentages
|rule|Endless Battle Clause: Forcing endless battles is banned
|rule|Species Clause: Limit one of each Pokémon
|rule|OHKO Clause: OHKO moves are banned
|rule|Evasion Items Clause: Evasion items are banned
|rule|Evasion Moves Clause: Evasion moves are banned
|rule|Evasion Abilities Clause: Evasion abilities are banned
|rule|Sleep Moves Clause: Sleep-inducing moves are banned
|clearpoke
|poke|p1|Spiritomb, M|
|poke|p1|Toxapex, M|
|poke|p1|Hydrapple, M|
|poke|p1|Quagsire, F|
|poke|p1|Decidueye-Hisui, F|
|poke|p1|Milotic, F|
|poke|p2|Ribombee, F|
|poke|p2|Zapdos|
|poke|p2|Zoroark-Hisui, F|
|poke|p2|Kommo-o, M|
|poke|p2|Munkidori, M|
|poke|p2|Cloyster, F|
|teampreview
|inactive|Battle timer is ON: inactive players will automatically lose when time's up. (requested by marcodeso)
|
|t:|1778498905
|teamsize|p1|6
|teamsize|p2|6
|start
|switch|p1a: Toxapex|Toxapex, M|100/100
|switch|p2a: Ribombee|Ribombee, F, shiny|100/100
|turn|1
|
|t:|1778498910
|move|p2a: Ribombee|Sticky Web|p1a: Toxapex
|-sidestart|p1: duli2010|move: Sticky Web
|move|p1a: Toxapex|Toxic|p2a: Ribombee
|-status|p2a: Ribombee|tox
|
|-damage|p2a: Ribombee|94/100 tox|[from] psn
|upkeep
|turn|2
|
|t:|1778498916
|move|p2a: Ribombee|Quiver Dance|p2a: Ribombee
|-boost|p2a: Ribombee|spa|1
|-boost|p2a: Ribombee|spd|1
|-boost|p2a: Ribombee|spe|1
|move|p1a: Toxapex|Infestation|p2a: Ribombee
|-resisted|p2a: Ribombee
|-damage|p2a: Ribombee|93/100 tox
|-activate|p2a: Ribombee|move: Infestation|[of] p1a: Toxapex
|
|-damage|p2a: Ribombee|81/100 tox|[from] psn
|-damage|p2a: Ribombee|68/100 tox|[from] move: Infestation|[partiallytrapped]
|upkeep
|turn|3
|
|t:|1778498937
|move|p1a: Toxapex|Baneful Bunker|p1a: Toxapex
|-singleturn|p1a: Toxapex|move: Protect
|move|p2a: Ribombee|Moonblast|p1a: Toxapex
|-activate|p1a: Toxapex|move: Protect
|
|-damage|p2a: Ribombee|50/100 tox|[from] psn
|-damage|p2a: Ribombee|38/100 tox|[from] move: Infestation|[partiallytrapped]
|upkeep
|turn|4
|
|t:|1778498946
|move|p2a: Ribombee|Moonblast|p1a: Toxapex
|-resisted|p1a: Toxapex
|-damage|p1a: Toxapex|78/100
|-unboost|p1a: Toxapex|spa|1
|move|p1a: Toxapex|Recover|p1a: Toxapex
|-heal|p1a: Toxapex|100/100
|
|-damage|p2a: Ribombee|13/100 tox|[from] psn
|-damage|p2a: Ribombee|1/100 tox|[from] move: Infestation|[partiallytrapped]
|upkeep
|turn|5
|
|t:|1778498956
|move|p2a: Ribombee|Moonblast|p1a: Toxapex
|-resisted|p1a: Toxapex
|-crit|p1a: Toxapex
|-damage|p1a: Toxapex|69/100
|move|p1a: Toxapex|Infestation|p2a: Ribombee
|-resisted|p2a: Ribombee
|-damage|p2a: Ribombee|0 fnt
|faint|p2a: Ribombee
|
|-heal|p1a: Toxapex|75/100|[from] item: Black Sludge
|upkeep
|
|t:|1778498962
|switch|p2a: Zapdos|Zapdos|100/100
|turn|6
|
|t:|1778498967
|switch|p2a: Munkidori|Munkidori, M|100/100
|-item|p2a: Munkidori|Air Balloon
|move|p1a: Toxapex|Toxic|p2a: Munkidori
|-immune|p2a: Munkidori
|
|-heal|p1a: Toxapex|81/100|[from] item: Black Sludge
|upkeep
|turn|7
|
|t:|1778498976
|switch|p1a: Spiritomb|Spiritomb, M|100/100
|-activate|p1a: Spiritomb|move: Sticky Web
|-unboost|p1a: Spiritomb|spe|1
|move|p2a: Munkidori|Psychic|p1a: Spiritomb
|-immune|p1a: Spiritomb
|
|upkeep
|turn|8
|
|t:|1778498983
|move|p2a: Munkidori|Protect|p2a: Munkidori
|-singleturn|p2a: Munkidori|Protect
|move|p1a: Spiritomb|Trick|p2a: Munkidori
|-activate|p2a: Munkidori|move: Protect
|
|upkeep
|turn|9
|inactive|marcodeso has 120 seconds left.
|
|t:|1778499019
|move|p2a: Munkidori|Sludge Bomb|p1a: Spiritomb
|-resisted|p1a: Spiritomb
|-damage|p1a: Spiritomb|76/100
|move|p1a: Spiritomb|Trick|p2a: Munkidori
|-activate|p1a: Spiritomb|move: Trick|[of] p2a: Munkidori
|-item|p2a: Munkidori|Choice Scarf|[from] move: Trick
|-item|p1a: Spiritomb|Air Balloon
|-item|p1a: Spiritomb|Air Balloon|[from] move: Trick
|
|upkeep
|turn|10
|inactive|marcodeso has 120 seconds left.
|
|t:|1778499033
|move|p2a: Munkidori|Sludge Bomb|p1a: Spiritomb
|-resisted|p1a: Spiritomb
|-damage|p1a: Spiritomb|53/100
|-enditem|p1a: Spiritomb|Air Balloon
|move|p1a: Spiritomb|Will-O-Wisp|p2a: Munkidori
|-status|p2a: Munkidori|brn
|
|-damage|p2a: Munkidori|95/100 brn|[from] brn
|upkeep
|turn|11
|
|t:|1778499043
|move|p2a: Munkidori|Sludge Bomb|p1a: Spiritomb
|-resisted|p1a: Spiritomb
|-damage|p1a: Spiritomb|29/100
|move|p1a: Spiritomb|Pain Split|p2a: Munkidori
|-sethp|p2a: Munkidori|61/100 brn|[from] move: Pain Split|[silent]
|-sethp|p1a: Spiritomb|64/100|[from] move: Pain Split
|
|-damage|p2a: Munkidori|55/100 brn|[from] brn
|upkeep
|turn|12
|
|t:|1778499057
|move|p2a: Munkidori|Sludge Bomb|p1a: Spiritomb
|-resisted|p1a: Spiritomb
|-damage|p1a: Spiritomb|39/100
|-status|p1a: Spiritomb|psn
|move|p1a: Spiritomb|Foul Play|p2a: Munkidori
|-supereffective|p2a: Munkidori
|-damage|p2a: Munkidori|0 fnt
|faint|p2a: Munkidori
|
|-damage|p1a: Spiritomb|26/100 psn|[from] psn
|upkeep
|inactive|marcodeso has 120 seconds left.
|
|t:|1778499072
|switch|p2a: Cloyster|Cloyster, F, shiny|100/100
|turn|13
|
|t:|1778499078
|move|p2a: Cloyster|Hex|p1a: Spiritomb
|-damage|p1a: Spiritomb|0 fnt
|faint|p1a: Spiritomb
|
|upkeep
|
|t:|1778499084
|switch|p1a: Milotic|Milotic, F|100/100
|-activate|p1a: Milotic|move: Sticky Web
|-unboost|p1a: Milotic|spe|1
|-ability|p1a: Milotic|Competitive|boost
|-boost|p1a: Milotic|spa|2
|turn|14
|
|t:|1778499092
|move|p2a: Cloyster|Hyper Voice|p1a: Milotic
|-damage|p1a: Milotic|80/100
|-enditem|p2a: Cloyster|Throat Spray
|-boost|p2a: Cloyster|spa|1|[from] item: Throat Spray
|move|p1a: Milotic|Scald|p2a: Cloyster
|-damage|p2a: Cloyster|0 fnt
|replace|p2a: Zoroark|Zoroark-Hisui, F, shiny
|-end|p2a: Zoroark|Illusion
|faint|p2a: Zoroark
|
|upkeep
|
|t:|1778499101
|switch|p2a: Kommo-o|Kommo-o, M|100/100
|turn|15
|
|t:|1778499107
|-terastallize|p1a: Milotic|Fairy
|move|p2a: Kommo-o|Clangorous Soul|p2a: Kommo-o
|-boost|p2a: Kommo-o|atk|1
|-boost|p2a: Kommo-o|def|1
|-boost|p2a: Kommo-o|spa|1
|-boost|p2a: Kommo-o|spd|1
|-boost|p2a: Kommo-o|spe|1
|-damage|p2a: Kommo-o|68/100
|move|p1a: Milotic|Alluring Voice|p2a: Kommo-o
|-supereffective|p2a: Kommo-o
|-damage|p2a: Kommo-o|0 fnt
|faint|p2a: Kommo-o
|
|upkeep
|
|t:|1778499114
|switch|p2a: Cloyster|Cloyster, F, shiny|100/100
|turn|16
|
|t:|1778499122
|move|p2a: Cloyster|Shell Smash|p2a: Cloyster
|-unboost|p2a: Cloyster|def|1
|-unboost|p2a: Cloyster|spd|1
|-boost|p2a: Cloyster|atk|2
|-boost|p2a: Cloyster|spa|2
|-boost|p2a: Cloyster|spe|2
|move|p1a: Milotic|Alluring Voice|p2a: Cloyster
|-enditem|p2a: Cloyster|Focus Sash
|-damage|p2a: Cloyster|1/100
|-start|p2a: Cloyster|confusion
|
|upkeep
|turn|17
|
|t:|1778499136
|-activate|p2a: Cloyster|confusion
|move|p2a: Cloyster|Icicle Spear|p1a: Milotic
|-damage|p1a: Milotic|57/100
|-damage|p1a: Milotic|33/100
|-damage|p1a: Milotic|9/100
|-damage|p1a: Milotic|0 fnt
|faint|p1a: Milotic
|-hitcount|p1: Milotic|4
|
|upkeep
|
|t:|1778499144
|switch|p1a: Decidueye|Decidueye-Hisui, F|100/100
|-activate|p1a: Decidueye|move: Sticky Web
|-unboost|p1a: Decidueye|spe|1
|turn|18
|
|t:|1778499149
|move|p1a: Decidueye|Sucker Punch||[still]
|-fail|p1a: Decidueye
|-activate|p2a: Cloyster|confusion
|move|p2a: Cloyster|Shell Smash|p2a: Cloyster
|-unboost|p2a: Cloyster|def|1
|-unboost|p2a: Cloyster|spd|1
|-boost|p2a: Cloyster|atk|2
|-boost|p2a: Cloyster|spa|2
|-boost|p2a: Cloyster|spe|2
|
|upkeep
|turn|19
|
|t:|1778499157
|move|p1a: Decidueye|Sucker Punch||[still]
|-fail|p1a: Decidueye
|-activate|p2a: Cloyster|confusion
|move|p2a: Cloyster|Shell Smash|p2a: Cloyster
|-unboost|p2a: Cloyster|def|1
|-unboost|p2a: Cloyster|spd|1
|-boost|p2a: Cloyster|atk|2
|-boost|p2a: Cloyster|spa|2
|-boost|p2a: Cloyster|spe|2
|
|upkeep
|turn|20
|
|t:|1778499164
|move|p1a: Decidueye|Sucker Punch||[still]
|-fail|p1a: Decidueye
|-end|p2a: Cloyster|confusion
|move|p2a: Cloyster|Shell Smash|p2a: Cloyster
|-unboost|p2a: Cloyster|def|1
|-unboost|p2a: Cloyster|spd|1
|-boost|p2a: Cloyster|atk|0
|-boost|p2a: Cloyster|spa|0
|-boost|p2a: Cloyster|spe|0
|
|upkeep
|turn|21
|
|t:|1778499175
|move|p1a: Decidueye|Sucker Punch|p2a: Cloyster
|-crit|p2a: Cloyster
|-damage|p2a: Cloyster|0 fnt
|faint|p2a: Cloyster
|
|upkeep
|
|t:|1778499177
|switch|p2a: Zapdos|Zapdos|100/100
|turn|22
|
|t:|1778499184
|move|p2a: Zapdos|Rain Dance|p2a: Zapdos
|-weather|RainDance
|move|p1a: Decidueye|Defog|p2a: Zapdos
|-unboost|p2a: Zapdos|evasion|1
|-sideend|p1: duli2010|Sticky Web|[from] move: Defog|[of] p1a: Decidueye
|
|-weather|RainDance|[upkeep]
|upkeep
|turn|23
|
|t:|1778499192
|move|p1a: Decidueye|Sucker Punch|p2a: Zapdos
|-damage|p2a: Zapdos|76/100
|-status|p1a: Decidueye|par|[from] ability: Static|[of] p2a: Zapdos
|move|p2a: Zapdos|Hurricane|p1a: Decidueye
|-supereffective|p1a: Decidueye
|-damage|p1a: Decidueye|0 fnt
|faint|p1a: Decidueye
|
|-weather|RainDance|[upkeep]
|upkeep
|
|t:|1778499201
|switch|p1a: Toxapex|Toxapex, M|100/100
|turn|24
|
|t:|1778499204
|move|p1a: Toxapex|Baneful Bunker|p1a: Toxapex
|-singleturn|p1a: Toxapex|move: Protect
|move|p2a: Zapdos|Thunder|p1a: Toxapex
|-activate|p1a: Toxapex|move: Protect
|
|-weather|RainDance|[upkeep]
|upkeep
|turn|25
|
|t:|1778499211
|move|p2a: Zapdos|Thunder|p1a: Toxapex
|-supereffective|p1a: Toxapex
|-damage|p1a: Toxapex|27/100
|move|p1a: Toxapex|Toxic|p2a: Zapdos
|-status|p2a: Zapdos|tox
|
|-weather|RainDance|[upkeep]
|-heal|p1a: Toxapex|33/100|[from] item: Black Sludge
|-damage|p2a: Zapdos|69/100 tox|[from] psn
|upkeep
|turn|26
|
|t:|1778499219
|move|p1a: Toxapex|Baneful Bunker|p1a: Toxapex
|-singleturn|p1a: Toxapex|move: Protect
|move|p2a: Zapdos|Thunder|p1a: Toxapex
|-activate|p1a: Toxapex|move: Protect
|
|-weather|none
|-heal|p1a: Toxapex|39/100|[from] item: Black Sludge
|-damage|p2a: Zapdos|57/100 tox|[from] psn
|upkeep
|turn|27
|
|t:|1778499228
|move|p2a: Zapdos|Thunder|p1a: Toxapex
|-supereffective|p1a: Toxapex
|-crit|p1a: Toxapex
|-damage|p1a: Toxapex|0 fnt
|faint|p1a: Toxapex
|
|-damage|p2a: Zapdos|38/100 tox|[from] psn
|upkeep
|
|t:|1778499235
|switch|p1a: Quagsire|Quagsire, F|100/100
|turn|28
|
|t:|1778499240
|move|p2a: Zapdos|Hurricane|p1a: Quagsire
|-damage|p1a: Quagsire|27/100
|move|p1a: Quagsire|Whirlpool|p2a: Zapdos
|-damage|p2a: Zapdos|28/100 tox
|-activate|p2a: Zapdos|move: Whirlpool|[of] p1a: Quagsire
|
|-heal|p1a: Quagsire|33/100|[from] item: Leftovers
|-damage|p2a: Zapdos|3/100 tox|[from] psn
|-damage|p2a: Zapdos|0 fnt|[from] move: Whirlpool|[partiallytrapped]
|faint|p2a: Zapdos
|
|win|duli2010
|raw|duli2010's rating: 1142 &rarr; <strong>1165</strong><br />(+23 for winning)
|raw|marcodeso's rating: 1110 &rarr; <strong>1087</strong><br />(-23 for losing)
|l|☆marcodeso
|player|p2|
|l|☆duli2010
|player|p1|
