|html|<div class="broadcast-blue"><strong>[Gen 9] OU is currently suspecting Volcarona! For information on how to participate check out the <a href="https://www.smogon.com/tools/suspects/view/208">suspect thread</a>.</strong></div>
|j|☆DrgFlyKng
|j|☆MrPr1ce
|t:|1778503494
|gametype|singles
|player|p1|DrgFlyKng|101|1338
|player|p2|MrPr1ce|lance|1401
|gen|9
|tier|[Gen 9] OU
|rated|
|rule|HP Percentage Mod: HP is shown in percentages
|rule|Endless Battle Clause: Forcing endless battles is banned
|rule|Species Clause: Limit one of each Pokémon
|rule|OHKO Clause: OHKO moves are banned
|rule|Evasion Items Clause: Evasion items are banned
|rule|Evasion Moves Clause: Evasion moves are banned
|rule|Evasion Abilities Clause: Evasion abilities are banned
|rule|Sleep Moves Clause: Sleep-inducing moves are banned
|clearpoke
|poke|p1|Iron Crown|
|poke|p1|Weezing-Galar, F|
|poke|p1|Iron Valiant|
|poke|p1|Gastrodon-East, F|
|poke|p1|Meowscarada, F|
|poke|p1|Skeledirge, F|
|poke|p2|Gliscor, M|
|poke|p2|Corviknight, F|
|poke|p2|Slowking-Galar, M|
|poke|p2|Regieleki|
|poke|p2|Kyurem|
|poke|p2|Dragonite, M|
|teampreview
|inactive|Battle timer is ON: inactive players will automatically lose when time's up. (requested by MrPr1ce)
|
|t:|1778503506
|teamsize|p1|6
|teamsize|p2|6
|start
|switch|p1a: Weezing|Weezing-Galar, F, shiny|100/100
|switch|p2a: One shot ?|Kyurem, shiny|100/100
|-ability|p2a: One shot ?|Pressure
|turn|1
|
|t:|1778503510
|switch|p2a: Boom|Slowking-Galar, M, shiny|100/100
|switch|p1a: Iron Crown|Iron Crown|100/100
|
|upkeep
|turn|2
|
|t:|1778503517
|move|p1a: Iron Crown|Volt Switch|p2a: Boom
|-damage|p2a: Boom|92/100
|
|t:|1778503519
|-end|p1a: Iron Crown|Quark Drive|[silent]
|switch|p1a: Meowscarada|Meowscarada, F, shiny|100/100|[from] Volt Switch
|move|p2a: Boom|Flamethrower|p1a: Meowscarada
|-supereffective|p1a: Meowscarada
|-damage|p1a: Meowscarada|36/100
|
|upkeep
|turn|3
|
|t:|1778503527
|switch|p2a: Unkillable|Corviknight, F, shiny|100/100
|-ability|p2a: Unkillable|Pressure
|move|p1a: Meowscarada|Knock Off|p2a: Unkillable
|-start|p1a: Meowscarada|typechange|Dark|[from] ability: Protean
|-damage|p2a: Unkillable|55/100
|-damage|p1a: Meowscarada|20/100|[from] item: Rocky Helmet|[of] p2a: Unkillable
|-enditem|p2a: Unkillable|Rocky Helmet|[from] move: Knock Off|[of] p1a: Meowscarada
|
|upkeep
|turn|4
|
|t:|1778503537
|switch|p1a: Weezing|Weezing-Galar, F, shiny|100/100
|move|p2a: Unkillable|Brave Bird|p1a: Weezing
|-damage|p1a: Weezing|77/100
|-damage|p2a: Unkillable|49/100|[from] Recoil
|
|-heal|p1a: Weezing|83/100|[from] item: Black Sludge
|upkeep
|turn|5
|
|t:|1778503548
|move|p2a: Unkillable|Roost|p2a: Unkillable
|-heal|p2a: Unkillable|99/100
|-singleturn|p2a: Unkillable|move: Roost
|move|p1a: Weezing|Will-O-Wisp|p2a: Unkillable
|-status|p2a: Unkillable|brn
|
|-heal|p1a: Weezing|89/100|[from] item: Black Sludge
|-damage|p2a: Unkillable|93/100 brn|[from] brn
|upkeep
|turn|6
|
|t:|1778503556
|switch|p2a: Boom|Slowking-Galar, M, shiny|100/100
|switch|p1a: Skeledirge|Skeledirge, F, shiny|100/100
|
|upkeep
|turn|7
|
|t:|1778503561
|switch|p1a: Iron Crown|Iron Crown|100/100
|move|p2a: Boom|Surf|p1a: Iron Crown
|-damage|p1a: Iron Crown|77/100
|
|upkeep
|turn|8
|
|t:|1778503567
|move|p1a: Iron Crown|Volt Switch|p2a: Boom
|-damage|p2a: Boom|91/100
|
|t:|1778503569
|-end|p1a: Iron Crown|Quark Drive|[silent]
|switch|p1a: Gastrodon|Gastrodon-East, F, shiny|100/100|[from] Volt Switch
|move|p2a: Boom|Flamethrower|p1a: Gastrodon
|-resisted|p1a: Gastrodon
|-damage|p1a: Gastrodon|93/100
|
|-heal|p1a: Gastrodon|99/100|[from] item: Leftovers
|upkeep
|turn|9
|
|t:|1778503578
|move|p1a: Gastrodon|Stealth Rock|p2a: Boom
|-sidestart|p2: MrPr1ce|move: Stealth Rock
|move|p2a: Boom|Psyshock|p1a: Gastrodon
|-damage|p1a: Gastrodon|68/100
|
|-heal|p1a: Gastrodon|74/100|[from] item: Leftovers
|upkeep
|turn|10
|
|t:|1778503586
|move|p1a: Gastrodon|Earth Power|p2a: Boom
|-supereffective|p2a: Boom
|-damage|p2a: Boom|69/100
|-unboost|p2a: Boom|spd|1
|move|p2a: Boom|Psyshock|p1a: Gastrodon
|-damage|p1a: Gastrodon|42/100
|
|-heal|p1a: Gastrodon|48/100|[from] item: Leftovers
|upkeep
|turn|11
|
|t:|1778503597
|move|p1a: Gastrodon|Recover|p1a: Gastrodon
|-heal|p1a: Gastrodon|98/100
|move|p2a: Boom|Psyshock|p1a: Gastrodon
|-damage|p1a: Gastrodon|68/100
|
|-heal|p1a: Gastrodon|74/100|[from] item: Leftovers
|upkeep
|turn|12
|
|t:|1778503602
|switch|p1a: Meowscarada|Meowscarada, F, shiny|20/100
|move|p2a: Boom|Psyshock|p1a: Meowscarada
|-immune|p1a: Meowscarada
|
|upkeep
|turn|13
|
|t:|1778503605
|switch|p2a: Unkillable|Corviknight, F, shiny|93/100 brn
|-damage|p2a: Unkillable|81/100 brn|[from] Stealth Rock
|-ability|p2a: Unkillable|Pressure
|move|p1a: Meowscarada|Knock Off|p2a: Unkillable
|-start|p1a: Meowscarada|typechange|Dark|[from] ability: Protean
|-damage|p2a: Unkillable|50/100 brn
|
|-damage|p2a: Unkillable|44/100 brn|[from] brn
|upkeep
|turn|14
|
|t:|1778503619
|switch|p1a: Skeledirge|Skeledirge, F, shiny|100/100
|move|p2a: Unkillable|Brave Bird|p1a: Skeledirge
|-damage|p1a: Skeledirge|91/100
|-damage|p2a: Unkillable|40/100 brn|[from] Recoil
|
|-damage|p2a: Unkillable|34/100 brn|[from] brn
|upkeep
|turn|15
|
|t:|1778503629
|switch|p2a: Boom|Slowking-Galar, M, shiny|100/100
|-damage|p2a: Boom|88/100|[from] Stealth Rock
|move|p1a: Skeledirge|Torch Song|p2a: Boom
|-damage|p2a: Boom|76/100
|-boost|p1a: Skeledirge|spa|1
|
|upkeep
|turn|16
|
|t:|1778503637
|move|p1a: Skeledirge|Will-O-Wisp|p2a: Boom
|-status|p2a: Boom|brn
|move|p2a: Boom|Sludge Bomb|p1a: Skeledirge
|-resisted|p1a: Skeledirge
|-damage|p1a: Skeledirge|72/100
|-status|p1a: Skeledirge|psn
|
|-damage|p1a: Skeledirge|60/100 psn|[from] psn
|-damage|p2a: Boom|70/100 brn|[from] brn
|upkeep
|turn|17
|
|t:|1778503643
|move|p1a: Skeledirge|Hex|p2a: Boom
|-supereffective|p2a: Boom
|-damage|p2a: Boom|17/100 brn
|move|p2a: Boom|Psyshock|p1a: Skeledirge
|-damage|p1a: Skeledirge|42/100 psn
|
|-damage|p1a: Skeledirge|29/100 psn|[from] psn
|-damage|p2a: Boom|11/100 brn|[from] brn
|upkeep
|turn|18
|
|t:|1778503649
|move|p1a: Skeledirge|Torch Song|p2a: Boom
|-damage|p2a: Boom|0 fnt
|-boost|p1a: Skeledirge|spa|1
|faint|p2a: Boom
|
|-damage|p1a: Skeledirge|17/100 psn|[from] psn
|upkeep
|
|t:|1778503656
|switch|p2a: One shot ?|Kyurem, shiny|100/100
|-damage|p2a: One shot ?|76/100|[from] Stealth Rock
|-ability|p2a: One shot ?|Pressure
|turn|19
|
|t:|1778503662
|move|p2a: One shot ?|Freeze-Dry|p1a: Skeledirge
|-resisted|p1a: Skeledirge
|-damage|p1a: Skeledirge|0 fnt
|faint|p1a: Skeledirge
|
|upkeep
|
|t:|1778503665
|switch|p1a: Iron Crown|Iron Crown|77/100
|turn|20
|
|t:|1778503670
|switch|p2a: Unkillable|Corviknight, F, shiny|34/100 brn
|-damage|p2a: Unkillable|22/100 brn|[from] Stealth Rock
|-ability|p2a: Unkillable|Pressure
|move|p1a: Iron Crown|Tachyon Cutter|p2a: Unkillable
|-resisted|p2a: Unkillable
|-damage|p2a: Unkillable|9/100 brn
|-resisted|p2a: Unkillable
|-damage|p2a: Unkillable|0 fnt
|faint|p2a: Unkillable
|-hitcount|p2: Unkillable|2
|
|upkeep
|
|t:|1778503673
|switch|p2a: Wait|Gliscor, M, shiny|100/100
|-damage|p2a: Wait|88/100|[from] Stealth Rock
|turn|21
|
|t:|1778503687
|-end|p1a: Iron Crown|Quark Drive|[silent]
|switch|p1a: Weezing|Weezing-Galar, F, shiny|89/100
|move|p2a: Wait|Stealth Rock|p1a: Weezing
|-sidestart|p1: DrgFlyKng|move: Stealth Rock
|
|-heal|p1a: Weezing|95/100|[from] item: Black Sludge
|-status|p2a: Wait|tox|[from] item: Toxic Orb
|upkeep
|turn|22
|
|t:|1778503716
|move|p2a: Wait|Protect|p2a: Wait
|-singleturn|p2a: Wait|Protect
|move|p1a: Weezing|Dazzling Gleam|p2a: Wait
|-activate|p2a: Wait|move: Protect
|
|-heal|p1a: Weezing|100/100|[from] item: Black Sludge
|-heal|p2a: Wait|100/100 tox|[from] ability: Poison Heal
|upkeep
|turn|23
|inactive|MrPr1ce has 120 seconds left.
|
|t:|1778503745
|move|p2a: Wait|Earthquake|p1a: Weezing
|-immune|p1a: Weezing|[from] ability: Levitate
|move|p1a: Weezing|Dazzling Gleam|p2a: Wait
|-damage|p2a: Wait|71/100 tox
|
|-heal|p2a: Wait|83/100 tox|[from] ability: Poison Heal
|upkeep
|turn|24
|
|t:|1778503760
|switch|p2a: The "Savior"|Dragonite, M, shiny|100/100
|move|p1a: Weezing|Defog|p2a: The "Savior"
|-unboost|p2a: The "Savior"|evasion|1
|-sideend|p2: MrPr1ce|Stealth Rock|[from] move: Defog|[of] p1a: Weezing
|-sideend|p1: DrgFlyKng|Stealth Rock|[from] move: Defog|[of] p1a: Weezing
|
|upkeep
|turn|25
|
|t:|1778503766
|-terastallize|p2a: The "Savior"|Normal
|move|p2a: The "Savior"|Dragon Dance|p2a: The "Savior"
|-boost|p2a: The "Savior"|atk|1
|-boost|p2a: The "Savior"|spe|1
|move|p1a: Weezing|Will-O-Wisp|p2a: The "Savior"
|-status|p2a: The "Savior"|brn
|
|-damage|p2a: The "Savior"|94/100 brn|[from] brn
|upkeep
|turn|26
|
|t:|1778503773
|move|p2a: The "Savior"|Extreme Speed|p1a: Weezing
|-damage|p1a: Weezing|80/100
|move|p1a: Weezing|Clear Smog|p2a: The "Savior"
|-damage|p2a: The "Savior"|77/100 brn
|-clearboost|p2a: The "Savior"
|
|-heal|p1a: Weezing|86/100|[from] item: Black Sludge
|-damage|p2a: The "Savior"|71/100 brn|[from] brn
|upkeep
|turn|27
|
|t:|1778503778
|move|p2a: The "Savior"|Extreme Speed|p1a: Weezing
|-damage|p1a: Weezing|70/100
|move|p1a: Weezing|Dazzling Gleam|p2a: The "Savior"
|-damage|p2a: The "Savior"|44/100 brn
|
|-heal|p1a: Weezing|76/100|[from] item: Black Sludge
|-damage|p2a: The "Savior"|38/100 brn|[from] brn
|upkeep
|turn|28
|
|t:|1778503785
|move|p2a: The "Savior"|Ice Spinner|p1a: Weezing
|-damage|p1a: Weezing|65/100
|move|p1a: Weezing|Dazzling Gleam|p2a: The "Savior"
|-damage|p2a: The "Savior"|14/100 brn
|
|-heal|p1a: Weezing|71/100|[from] item: Black Sludge
|-damage|p2a: The "Savior"|8/100 brn|[from] brn
|upkeep
|turn|29
|
|t:|1778503790
|move|p2a: The "Savior"|Extreme Speed|p1a: Weezing
|-damage|p1a: Weezing|56/100
|move|p1a: Weezing|Dazzling Gleam|p2a: The "Savior"
|-damage|p2a: The "Savior"|0 fnt
|faint|p2a: The "Savior"
|
|-heal|p1a: Weezing|62/100|[from] item: Black Sludge
|upkeep
|
|t:|1778503797
|switch|p2a: One shot ?|Kyurem, shiny|76/100
|-ability|p2a: One shot ?|Pressure
|turn|30
|
|t:|1778503803
|switch|p1a: Iron Crown|Iron Crown|77/100
|move|p2a: One shot ?|Ice Beam|p1a: Iron Crown
|-resisted|p1a: Iron Crown
|-damage|p1a: Iron Crown|53/100
|
|upkeep
|turn|31
|
|t:|1778503811
|switch|p2a: Wait|Gliscor, M, shiny|83/100 tox
|move|p1a: Iron Crown|Tachyon Cutter|p2a: Wait
|-damage|p2a: Wait|52/100 tox
|-crit|p2a: Wait
|-damage|p2a: Wait|6/100 tox
|-hitcount|p2a: Wait|2
|
|-heal|p2a: Wait|19/100 tox|[from] ability: Poison Heal
|upkeep
|turn|32
|
|t:|1778503817
|move|p1a: Iron Crown|Tachyon Cutter|p2a: Wait
|-damage|p2a: Wait|0 fnt
|faint|p2a: Wait
|-hitcount|p2: Wait|1
|
|upkeep
|
|t:|1778503824
|switch|p2a: One shot ?|Kyurem, shiny|76/100
|-ability|p2a: One shot ?|Pressure
|turn|33
|
|t:|1778503828
|move|p1a: Iron Crown|Tachyon Cutter|p2a: One shot ?
|-supereffective|p2a: One shot ?
|-damage|p2a: One shot ?|32/100
|-supereffective|p2a: One shot ?
|-damage|p2a: One shot ?|0 fnt
|faint|p2a: One shot ?
|-hitcount|p2: One shot ?|2
|
|upkeep
|
|t:|1778503834
|switch|p2a: Hehehehe|Regieleki, shiny|100/100
|turn|34
|
|t:|1778503838
|-end|p1a: Iron Crown|Quark Drive|[silent]
|switch|p1a: Gastrodon|Gastrodon-East, F, shiny|74/100
|move|p2a: Hehehehe|Ancient Power|p1a: Gastrodon
|-resisted|p1a: Gastrodon
|-damage|p1a: Gastrodon|65/100
|
|-heal|p1a: Gastrodon|71/100|[from] item: Leftovers
|upkeep
|turn|35
|
|t:|1778503844
|move|p2a: Hehehehe|Ancient Power|p1a: Gastrodon
|-resisted|p1a: Gastrodon
|-damage|p1a: Gastrodon|62/100
|-boost|p2a: Hehehehe|atk|1
|-boost|p2a: Hehehehe|def|1
|-boost|p2a: Hehehehe|spa|1
|-boost|p2a: Hehehehe|spd|1
|-boost|p2a: Hehehehe|spe|1
|move|p1a: Gastrodon|Earth Power|p2a: Hehehehe
|-supereffective|p2a: Hehehehe
|-damage|p2a: Hehehehe|28/100
|
|-heal|p1a: Gastrodon|68/100|[from] item: Leftovers
|upkeep
|turn|36
|
|t:|1778503846
|move|p2a: Hehehehe|Ancient Power|p1a: Gastrodon
|-resisted|p1a: Gastrodon
|-damage|p1a: Gastrodon|56/100
|move|p1a: Gastrodon|Earth Power|p2a: Hehehehe
|-supereffective|p2a: Hehehehe
|-crit|p2a: Hehehehe
|-damage|p2a: Hehehehe|0 fnt
|faint|p2a: Hehehehe
|
|win|DrgFlyKng
|raw|DrgFlyKng's rating: 1338 &rarr; <strong>1362</strong><br />(+24 for winning)
|raw|MrPr1ce's rating: 1401 &rarr; <strong>1377</strong><br />(-24 for losing)
|l|☆MrPr1ce
|player|p2|
