|html|<div class="broadcast-blue"><strong>[Gen 9] OU is currently suspecting Tera Blast! For information on how to participate check out the <a href="https://www.smogon.com/tools/suspects/view/200">suspect thread</a>.</strong></div>
|j|☆willothewisper
|j|☆magistermilitum420
|t:|1776210835
|gametype|singles
|player|p1|willothewisper|n|1226
|player|p2|magistermilitum420|blue|1267
|gen|9
|tier|[Gen 9] OU
|rated|
|rule|HP Percentage Mod: HP is shown in percentages
|rule|Endless Battle Clause: Forcing endless battles is banned
|rule|Species Clause: Limit one of each Pokémon
|rule|OHKO Clause: OHKO moves are banned
|rule|Evasion Items Clause: Evasion items are banned
|rule|Evasion Moves Clause: Evasion moves are banned
|rule|Evasion Abilities Clause: Evasion abilities are banned
|rule|Sleep Moves Clause: Sleep-inducing moves are banned
|clearpoke
|poke|p1|Landorus-Therian, M|
|poke|p1|Great Tusk|
|poke|p1|Gholdengo|
|poke|p1|Dragapult, M|
|poke|p1|Iron Valiant|
|poke|p1|Raging Bolt|
|poke|p2|Meowscarada, M|
|poke|p2|Great Tusk|
|poke|p2|Alomomola, F|
|poke|p2|Slowking-Galar, M|
|poke|p2|Iron Valiant|
|poke|p2|Heatran, F|
|teampreview
|inactive|Battle timer is ON: inactive players will automatically lose when time's up. (requested by willothewisper)
|
|t:|1776210852
|teamsize|p1|6
|teamsize|p2|6
|start
|switch|p1a: freak|Great Tusk|100/100
|switch|p2a: Barca|Great Tusk|100/100
|turn|1
|
|t:|1776210859
|move|p1a: freak|Rapid Spin|p2a: Barca
|-damage|p2a: Barca|92/100
|-boost|p1a: freak|spe|1
|move|p2a: Barca|Knock Off|p1a: freak
|-resisted|p1a: freak
|-damage|p1a: freak|89/100
|-enditem|p1a: freak|Heavy-Duty Boots|[from] move: Knock Off|[of] p2a: Barca
|
|-heal|p2a: Barca|98/100|[from] item: Leftovers
|upkeep
|turn|2
|
|t:|1776210870
|move|p1a: freak|Ice Spinner|p2a: Barca
|-supereffective|p2a: Barca
|-damage|p2a: Barca|71/100
|move|p2a: Barca|Stealth Rock|p1a: freak
|-sidestart|p1: willothewisper|move: Stealth Rock
|
|-heal|p2a: Barca|77/100|[from] item: Leftovers
|upkeep
|turn|3
|
|t:|1776210882
|move|p1a: freak|Rapid Spin|p2a: Barca
|-damage|p2a: Barca|69/100
|-boost|p1a: freak|spe|1
|-sideend|p1: willothewisper|Stealth Rock|[from] move: Rapid Spin|[of] p1a: freak
|move|p2a: Barca|Earthquake|p1a: freak
|-damage|p1a: freak|58/100
|
|-heal|p2a: Barca|75/100|[from] item: Leftovers
|upkeep
|turn|4
|
|t:|1776210892
|move|p1a: freak|Headlong Rush|p2a: Barca
|-crit|p2a: Barca
|-damage|p2a: Barca|32/100
|-unboost|p1a: freak|def|1
|-unboost|p1a: freak|spd|1
|move|p2a: Barca|Stealth Rock|p1a: freak
|-sidestart|p1: willothewisper|move: Stealth Rock
|
|-heal|p2a: Barca|38/100|[from] item: Leftovers
|upkeep
|turn|5
|
|t:|1776210902
|-end|p2a: Barca|Protosynthesis|[silent]
|switch|p2a: Charybdis|Alomomola, F, shiny|100/100
|move|p1a: freak|Headlong Rush|p2a: Charybdis
|-damage|p2a: Charybdis|68/100
|-unboost|p1a: freak|def|1
|-unboost|p1a: freak|spd|1
|-damage|p1a: freak|41/100|[from] item: Rocky Helmet|[of] p2a: Charybdis
|
|upkeep
|turn|6
|
|t:|1776210911
|-terastallize|p2a: Charybdis|Ghost
|move|p1a: freak|Rapid Spin|p2a: Charybdis
|-immune|p2a: Charybdis
|move|p2a: Charybdis|Scald|p1a: freak
|-supereffective|p1a: freak
|-damage|p1a: freak|0 fnt
|faint|p1a: freak
|-end|p1a: freak|Protosynthesis|[silent]
|
|upkeep
|
|t:|1776210922
|switch|p1a: cheese string|Gholdengo|100/100
|-damage|p1a: cheese string|94/100|[from] Stealth Rock
|turn|7
|
|t:|1776210928
|switch|p2a: Mahad|Meowscarada, M, shiny|100/100
|move|p1a: cheese string|Shadow Ball|p2a: Mahad
|-resisted|p2a: Mahad
|-damage|p2a: Mahad|65/100
|
|-heal|p1a: cheese string|100/100|[from] item: Leftovers
|upkeep
|turn|8
|inactive|willothewisper has 120 seconds left.
|inactive|willothewisper has 90 seconds left.
|inactive|willothewisper has 60 seconds left.
|l|☆willothewisper
|inactive|willothewisper disconnected and has a minute to reconnect!
|player|p1|
|inactive|willothewisper has 30 seconds left.
|inactive|willothewisper has 20 seconds left.
|inactive|willothewisper has 15 seconds left.
|inactive|willothewisper has 10 seconds left.
|inactive|willothewisper has 5 seconds left.
|-message|willothewisper lost due to inactivity.
|
|win|magistermilitum420
|raw|willothewisper's rating: 1226 &rarr; <strong>1204</strong><br />(-22 for losing)
|raw|magistermilitum420's rating: 1267 &rarr; <strong>1289</strong><br />(+22 for winning)
