|html|<div class="broadcast-blue"><strong>[Gen 9] OU is currently suspecting Tera Blast! For information on how to participate check out the <a href="https://www.smogon.com/tools/suspects/view/200">suspect thread</a>.</strong></div>
|j|☆tucsday
|j|☆Wen-juckt's?
|t:|1776069654
|gametype|singles
|player|p1|tucsday|1|1222
|player|p2|Wen-juckt's?|169|1252
|gen|9
|tier|[Gen 9] OU
|rated|
|rule|HP Percentage Mod: HP is shown in percentages
|rule|Endless Battle Clause: Forcing endless battles is banned
|rule|Species Clause: Limit one of each Pokémon
|rule|OHKO Clause: OHKO moves are banned
|rule|Evasion Items Clause: Evasion items are banned
|rule|Evasion Moves Clause: Evasion moves are banned
|rule|Evasion Abilities Clause: Evasion abilities are banned
|rule|Sleep Moves Clause: Sleep-inducing moves are banned
|clearpoke
|poke|p1|Porygon-Z|
|poke|p1|Ribombee, F|
|poke|p1|Gholdengo|
|poke|p1|Pecharunt|
|poke|p1|Excadrill, F|
|poke|p1|Dragonite, M|
|poke|p2|Ogerpon-Wellspring, F|
|poke|p2|Gholdengo|
|poke|p2|Ninetales-Alola, M|
|poke|p2|Rillaboom, M|
|poke|p2|Great Tusk|
|poke|p2|Iron Moth|
|teampreview
|inactive|Battle timer is ON: inactive players will automatically lose when time's up. (requested by Wen-juckt's?)
|
|t:|1776069675
|teamsize|p1|6
|teamsize|p2|6
|start
|switch|p1a: Ribombee|Ribombee, F|100/100
|switch|p2a: Iron Moth|Iron Moth|100/100
|-enditem|p2a: Iron Moth|Booster Energy
|-activate|p2a: Iron Moth|ability: Quark Drive|[fromitem]
|-start|p2a: Iron Moth|quarkdrivespe
|turn|1
|
|t:|1776069695
|move|p2a: Iron Moth|Fiery Dance|p1a: Ribombee
|-supereffective|p1a: Ribombee
|-damage|p1a: Ribombee|0 fnt
|-boost|p2a: Iron Moth|spa|1
|faint|p1a: Ribombee
|
|upkeep
|
|t:|1776069703
|switch|p1a: Excadrill|Excadrill, F|100/100
|-ability|p1a: Excadrill|Mold Breaker
|turn|2
|
|t:|1776069712
|move|p2a: Iron Moth|Substitute|p2a: Iron Moth
|-start|p2a: Iron Moth|Substitute
|-damage|p2a: Iron Moth|76/100
|move|p1a: Excadrill|Rapid Spin|p2a: Iron Moth
|-end|p2a: Iron Moth|Substitute
|-boost|p1a: Excadrill|spe|1
|
|upkeep
|turn|3
|inactive|tucsday has 120 seconds left.
|inactive|tucsday has 90 seconds left.
|inactive|tucsday has 60 seconds left.
|
|t:|1776069818
|move|p2a: Iron Moth|Fiery Dance|p1a: Excadrill
|-supereffective|p1a: Excadrill
|-enditem|p1a: Excadrill|Focus Sash
|-damage|p1a: Excadrill|1/100
|move|p1a: Excadrill|Earthquake|p2a: Iron Moth
|-supereffective|p2a: Iron Moth
|-damage|p2a: Iron Moth|0 fnt
|faint|p2a: Iron Moth
|-end|p2a: Iron Moth|Quark Drive|[silent]
|
|upkeep
|
|t:|1776069834
|switch|p2a: Rillaboom|Rillaboom, M|100/100
|-fieldstart|move: Grassy Terrain|[from] ability: Grassy Surge|[of] p2a: Rillaboom
|turn|4
|
|t:|1776069841
|move|p2a: Rillaboom|Grassy Glide|p1a: Excadrill
|-damage|p1a: Excadrill|0 fnt
|faint|p1a: Excadrill
|
|upkeep
|inactive|tucsday has 60 seconds left.
|
|t:|1776069846
|switch|p1a: Porygon-Z|Porygon-Z|100/100
|turn|5
|
|t:|1776069859
|switch|p2a: Ninetales|Ninetales-Alola, M|100/100
|-weather|Snowscape|[from] ability: Snow Warning|[of] p2a: Ninetales
|move|p1a: Porygon-Z|Ice Beam|p2a: Ninetales
|-resisted|p2a: Ninetales
|-damage|p2a: Ninetales|81/100
|-damage|p1a: Porygon-Z|91/100|[from] item: Life Orb
|
|-weather|Snowscape|[upkeep]
|-heal|p2a: Ninetales|87/100|[from] Grassy Terrain
|-heal|p1a: Porygon-Z|97/100|[from] Grassy Terrain
|upkeep
|turn|6
|
|t:|1776069869
|move|p2a: Ninetales|Aurora Veil|p2a: Ninetales
|-sidestart|p2: Wen-juckt's?|move: Aurora Veil
|move|p1a: Porygon-Z|Tera Blast|p2a: Ninetales
|-damage|p2a: Ninetales|48/100
|-damage|p1a: Porygon-Z|87/100|[from] item: Life Orb
|
|-weather|Snowscape|[upkeep]
|-heal|p2a: Ninetales|54/100|[from] Grassy Terrain
|-heal|p1a: Porygon-Z|93/100|[from] Grassy Terrain
|upkeep
|turn|7
|
|t:|1776069893
|switch|p2a: Gholdengo|Gholdengo|100/100
|move|p1a: Porygon-Z|Nasty Plot|p1a: Porygon-Z
|-boost|p1a: Porygon-Z|spa|2
|
|-weather|Snowscape|[upkeep]
|-heal|p1a: Porygon-Z|99/100|[from] Grassy Terrain
|upkeep
|turn|8
|
|t:|1776069907
|move|p1a: Porygon-Z|Shadow Ball|p2a: Gholdengo
|-supereffective|p2a: Gholdengo
|-damage|p2a: Gholdengo|12/100
|-damage|p1a: Porygon-Z|89/100|[from] item: Life Orb
|move|p2a: Gholdengo|Make It Rain|p1a: Porygon-Z
|-damage|p1a: Porygon-Z|0 fnt
|-unboost|p2a: Gholdengo|spa|1
|faint|p1a: Porygon-Z
|
|-weather|Snowscape|[upkeep]
|-heal|p2a: Gholdengo|18/100|[from] Grassy Terrain
|upkeep
|
|t:|1776069915
|switch|p1a: Dragonite|Dragonite, M|100/100
|turn|9
|
|t:|1776069925
|switch|p2a: Great Tusk|Great Tusk|100/100
|-enditem|p2a: Great Tusk|Booster Energy
|-activate|p2a: Great Tusk|ability: Protosynthesis|[fromitem]
|-start|p2a: Great Tusk|protosynthesisspe
|move|p1a: Dragonite|Dragon Dance|p1a: Dragonite
|-boost|p1a: Dragonite|atk|1
|-boost|p1a: Dragonite|spe|1
|
|-weather|none
|upkeep
|turn|10
|inactive|tucsday has 90 seconds left.
|
|t:|1776069935
|move|p2a: Great Tusk|Rapid Spin|p1a: Dragonite
|-damage|p1a: Dragonite|92/100
|-boost|p2a: Great Tusk|spe|1
|move|p1a: Dragonite|Dragon Dance|p1a: Dragonite
|-boost|p1a: Dragonite|atk|1
|-boost|p1a: Dragonite|spe|1
|
|upkeep
|turn|11
|
|t:|1776069940
|move|p2a: Great Tusk|Ice Spinner|p1a: Dragonite
|-supereffective|p1a: Dragonite
|-damage|p1a: Dragonite|0 fnt
|-fieldend|move: Grassy Terrain
|faint|p1a: Dragonite
|
|upkeep
|
|t:|1776069947
|switch|p1a: Gholdengo|Gholdengo|100/100
|turn|12
|-message|tucsday forfeited.
|
|win|Wen-juckt's?
|raw|tucsday's rating: 1222 &rarr; <strong>1199</strong><br />(-23 for losing)
|raw|Wen-juckt&apos;s?'s rating: 1252 &rarr; <strong>1275</strong><br />(+23 for winning)
|l|☆tucsday
|player|p1|
|l|☆Wen-juckt's?
|player|p2|
