|html|<div class="broadcast-blue"><strong>[Gen 9] OU is currently suspecting Tera Blast! For information on how to participate check out the <a href="https://www.smogon.com/tools/suspects/view/200">suspect thread</a>.</strong></div>
|j|☆loudclouds103
|j|☆Bridgealudon
|t:|1776103450
|gametype|singles
|player|p1|loudclouds103|1|1179
|player|p2|Bridgealudon|youngster-gen4dp|1204
|gen|9
|tier|[Gen 9] OU
|rated|
|rule|HP Percentage Mod: HP is shown in percentages
|rule|Endless Battle Clause: Forcing endless battles is banned
|rule|Species Clause: Limit one of each Pokémon
|rule|OHKO Clause: OHKO moves are banned
|rule|Evasion Items Clause: Evasion items are banned
|rule|Evasion Moves Clause: Evasion moves are banned
|rule|Evasion Abilities Clause: Evasion abilities are banned
|rule|Sleep Moves Clause: Sleep-inducing moves are banned
|clearpoke
|poke|p1|Hydrapple, F|
|poke|p1|Venomoth, F|
|poke|p1|Zapdos-Galar|
|poke|p1|Ogerpon-Cornerstone, F|
|poke|p1|Greninja-*, M|
|poke|p1|Corviknight, F|
|poke|p2|Garganacl, M|
|poke|p2|Darkrai|
|poke|p2|Serperior, F|
|poke|p2|Armarouge, M|
|poke|p2|Scizor, M|
|poke|p2|Iron Treads|
|teampreview
|inactive|Battle timer is ON: inactive players will automatically lose when time's up. (requested by Bridgealudon)
|
|t:|1776103461
|teamsize|p1|6
|teamsize|p2|6
|start
|switch|p1a: Hydrapple|Hydrapple, F|100/100
|switch|p2a: Garganacl|Garganacl, M, shiny|100/100
|turn|1
|
|t:|1776103470
|switch|p2a: Scizor|Scizor, M|100/100
|move|p1a: Hydrapple|Giga Drain|p2a: Scizor
|-resisted|p2a: Scizor
|-damage|p2a: Scizor|88/100
|
|-heal|p2a: Scizor|94/100|[from] item: Leftovers
|upkeep
|turn|2
|
|t:|1776103477
|switch|p1a: Corviknight|Corviknight, F|100/100
|-ability|p1a: Corviknight|Pressure
|move|p2a: Scizor|Swords Dance|p2a: Scizor
|-boost|p2a: Scizor|atk|2
|
|-heal|p2a: Scizor|99/100|[from] item: Leftovers
|upkeep
|turn|3
|
|t:|1776103486
|move|p1a: Corviknight|Brave Bird|p2a: Scizor
|-damage|p2a: Scizor|65/100
|-damage|p1a: Corviknight|90/100|[from] Recoil
|move|p2a: Scizor|Dual Wingbeat|p1a: Corviknight
|-resisted|p1a: Corviknight
|-damage|p1a: Corviknight|77/100
|-resisted|p1a: Corviknight
|-damage|p1a: Corviknight|63/100
|-hitcount|p1a: Corviknight|2
|
|-heal|p1a: Corviknight|69/100|[from] item: Leftovers
|-heal|p2a: Scizor|71/100|[from] item: Leftovers
|upkeep
|turn|4
|
|t:|1776103497
|move|p1a: Corviknight|Brave Bird|p2a: Scizor
|-damage|p2a: Scizor|33/100
|-damage|p1a: Corviknight|58/100|[from] Recoil
|move|p2a: Scizor|U-turn|p1a: Corviknight
|-resisted|p1a: Corviknight
|-damage|p1a: Corviknight|47/100
|
|t:|1776103510
|switch|p2a: Armarouge|Armarouge, M|100/100|[from] U-turn
|
|-heal|p1a: Corviknight|53/100|[from] item: Leftovers
|upkeep
|turn|5
|
|t:|1776103521
|switch|p1a: Greninja|Greninja, M|100/100
|move|p2a: Armarouge|Flame Charge|p1a: Greninja
|-resisted|p1a: Greninja
|-damage|p1a: Greninja|92/100
|-boost|p2a: Armarouge|spe|1
|
|upkeep
|turn|6
|
|t:|1776103539
|switch|p2a: Garganacl|Garganacl, M, shiny|100/100
|move|p1a: Greninja|Dark Pulse|p2a: Garganacl
|-damage|p2a: Garganacl|57/100
|-damage|p1a: Greninja|82/100|[from] item: Life Orb
|
|upkeep
|turn|7
|
|t:|1776103545
|move|p1a: Greninja|Surf|p2a: Garganacl
|-supereffective|p2a: Garganacl
|-damage|p2a: Garganacl|0 fnt
|faint|p2a: Garganacl
|-ability|p1a: Greninja|Battle Bond|boost
|-boost|p1a: Greninja|atk|1
|-boost|p1a: Greninja|spa|1
|-boost|p1a: Greninja|spe|1
|-activate|p1a: Greninja|ability: Battle Bond
|-damage|p1a: Greninja|72/100|[from] item: Life Orb
|
|upkeep
|
|t:|1776103553
|switch|p2a: Darkrai|Darkrai|100/100
|turn|8
|
|t:|1776103557
|move|p1a: Greninja|Surf|p2a: Darkrai
|-damage|p2a: Darkrai|3/100
|-damage|p1a: Greninja|63/100|[from] item: Life Orb
|move|p2a: Darkrai|Focus Blast|p1a: Greninja
|-supereffective|p1a: Greninja
|-damage|p1a: Greninja|0 fnt
|faint|p1a: Greninja
|
|upkeep
|
|t:|1776103564
|switch|p1a: Zapdos|Zapdos-Galar|100/100
|turn|9
|
|t:|1776103577
|move|p1a: Zapdos|Knock Off|p2a: Darkrai
|-resisted|p2a: Darkrai
|-damage|p2a: Darkrai|0 fnt
|-enditem|p2a: Darkrai|Choice Specs|[from] move: Knock Off|[of] p1a: Zapdos
|faint|p2a: Darkrai
|
|upkeep
|
|t:|1776103580
|switch|p2a: Armarouge|Armarouge, M|100/100
|turn|10
|
|t:|1776103582
|move|p1a: Zapdos|Knock Off|p2a: Armarouge
|-supereffective|p2a: Armarouge
|-crit|p2a: Armarouge
|-damage|p2a: Armarouge|11/100
|-ability|p2a: Armarouge|Weak Armor|boost
|-unboost|p2a: Armarouge|def|1
|-boost|p2a: Armarouge|spe|2
|-enditem|p2a: Armarouge|Weakness Policy
|-boost|p2a: Armarouge|atk|2|[from] item: Weakness Policy
|-boost|p2a: Armarouge|spa|2|[from] item: Weakness Policy
|move|p2a: Armarouge|Flame Charge|p1a: Zapdos
|-damage|p1a: Zapdos|74/100
|-boost|p2a: Armarouge|spe|1
|
|upkeep
|turn|11
|
|t:|1776103599
|switch|p1a: Corviknight|Corviknight, F|53/100
|-ability|p1a: Corviknight|Pressure
|move|p2a: Armarouge|Stored Power|p1a: Corviknight
|-resisted|p1a: Corviknight
|-damage|p1a: Corviknight|0 fnt
|faint|p1a: Corviknight
|
|upkeep
|
|t:|1776103605
|switch|p1a: Venomoth|Venomoth, F|100/100
|turn|12
|
|t:|1776103609
|move|p2a: Armarouge|Stored Power|p1a: Venomoth
|-supereffective|p1a: Venomoth
|-enditem|p1a: Venomoth|Focus Sash
|-damage|p1a: Venomoth|1/100
|move|p1a: Venomoth|Bug Buzz|p2a: Armarouge
|-damage|p2a: Armarouge|0 fnt
|faint|p2a: Armarouge
|
|upkeep
|
|t:|1776103614
|switch|p2a: Scizor|Scizor, M|33/100
|turn|13
|
|t:|1776103621
|move|p2a: Scizor|Bullet Punch|p1a: Venomoth
|-damage|p1a: Venomoth|0 fnt
|faint|p1a: Venomoth
|
|-heal|p2a: Scizor|39/100|[from] item: Leftovers
|upkeep
|
|t:|1776103633
|switch|p1a: Hydrapple|Hydrapple, F|100/100
|turn|14
|-activate|p1a: Hydrapple|item: Quick Claw
|
|t:|1776103637
|move|p1a: Hydrapple|Body Press|p2a: Scizor
|-damage|p2a: Scizor|19/100
|move|p2a: Scizor|Dual Wingbeat|p1a: Hydrapple
|-supereffective|p1a: Hydrapple
|-damage|p1a: Hydrapple|64/100
|-supereffective|p1a: Hydrapple
|-damage|p1a: Hydrapple|30/100
|-hitcount|p1a: Hydrapple|2
|
|-heal|p2a: Scizor|25/100|[from] item: Leftovers
|upkeep
|turn|15
|
|t:|1776103647
|-terastallize|p1a: Hydrapple|Steel
|move|p2a: Scizor|Dual Wingbeat|p1a: Hydrapple
|-resisted|p1a: Hydrapple
|-damage|p1a: Hydrapple|22/100
|-resisted|p1a: Hydrapple
|-damage|p1a: Hydrapple|13/100
|-hitcount|p1a: Hydrapple|2
|move|p1a: Hydrapple|Fickle Beam|p2a: Scizor
|-resisted|p2a: Scizor
|-damage|p2a: Scizor|0 fnt
|faint|p2a: Scizor
|
|upkeep
|
|t:|1776103654
|switch|p2a: Iron Treads|Iron Treads|100/100
|turn|16
|
|t:|1776103662
|move|p2a: Iron Treads|Earthquake|p1a: Hydrapple
|-supereffective|p1a: Hydrapple
|-damage|p1a: Hydrapple|0 fnt
|faint|p1a: Hydrapple
|
|upkeep
|
|t:|1776103673
|switch|p1a: Zapdos|Zapdos-Galar|74/100
|turn|17
|
|t:|1776103678
|move|p1a: Zapdos|Close Combat|p2a: Iron Treads
|-supereffective|p2a: Iron Treads
|-damage|p2a: Iron Treads|0 fnt
|-unboost|p1a: Zapdos|def|1
|-unboost|p1a: Zapdos|spd|1
|faint|p2a: Iron Treads
|-end|p2a: Iron Treads|Quark Drive|[silent]
|
|upkeep
|
|t:|1776103681
|switch|p2a: Serperior|Serperior, F, shiny|100/100
|turn|18
|
|t:|1776103687
|switch|p1a: Ogerpon|Ogerpon-Cornerstone, F|100/100
|-terastallize|p2a: Serperior|Water
|move|p2a: Serperior|Leaf Storm|p1a: Ogerpon
|-damage|p1a: Ogerpon|27/100
|-boost|p2a: Serperior|spa|2
|-damage|p2a: Serperior|91/100|[from] item: Life Orb
|
|upkeep
|turn|19
|
|t:|1776103694
|move|p2a: Serperior|Leaf Storm|p1a: Ogerpon
|-damage|p1a: Ogerpon|0 fnt
|-boost|p2a: Serperior|spa|2
|faint|p1a: Ogerpon
|-damage|p2a: Serperior|81/100|[from] item: Life Orb
|
|upkeep
|
|t:|1776103696
|switch|p1a: Zapdos|Zapdos-Galar|74/100
|turn|20
|
|t:|1776103699
|move|p1a: Zapdos|Brave Bird|p2a: Serperior
|-crit|p2a: Serperior
|-damage|p2a: Serperior|0 fnt
|faint|p2a: Serperior
|-damage|p1a: Zapdos|50/100|[from] Recoil
|
|win|loudclouds103
|raw|loudclouds103's rating: 1179 &rarr; <strong>1206</strong><br />(+27 for winning)
|raw|Bridgealudon's rating: 1204 &rarr; <strong>1177</strong><br />(-27 for losing)
|l|☆Bridgealudon
|player|p2|
|l|☆loudclouds103
|player|p1|
