|html|<div class="broadcast-blue"><strong>[Gen 9] OU is currently suspecting Volcarona! For information on how to participate check out the <a href="https://www.smogon.com/tools/suspects/view/208">suspect thread</a>.</strong></div>
|j|☆Abigcamel
|j|☆takeyouout
|t:|1778510382
|gametype|singles
|player|p1|Abigcamel|morty|1616
|player|p2|takeyouout|richboy|1670
|gen|9
|tier|[Gen 9] OU
|rated|
|rule|HP Percentage Mod: HP is shown in percentages
|rule|Endless Battle Clause: Forcing endless battles is banned
|rule|Species Clause: Limit one of each Pokémon
|rule|OHKO Clause: OHKO moves are banned
|rule|Evasion Items Clause: Evasion items are banned
|rule|Evasion Moves Clause: Evasion moves are banned
|rule|Evasion Abilities Clause: Evasion abilities are banned
|rule|Sleep Moves Clause: Sleep-inducing moves are banned
|clearpoke
|poke|p1|Weezing-Galar, M|
|poke|p1|Ogerpon, F|
|poke|p1|Skarmory, M|
|poke|p1|Alomomola, M|
|poke|p1|Clodsire, M|
|poke|p1|Hydreigon, M|
|poke|p2|Tyranitar, F|
|poke|p2|Alomomola, F|
|poke|p2|Tornadus-Therian, M|
|poke|p2|Excadrill, M|
|poke|p2|Amoonguss, M|
|poke|p2|Keldeo-Resolute|
|teampreview
|inactive|Battle timer is ON: inactive players will automatically lose when time's up. (requested by Abigcamel)
|
|t:|1778510406
|teamsize|p1|6
|teamsize|p2|6
|start
|switch|p1a: Pisces|Alomomola, M, shiny|100/100
|switch|p2a: 77|Tornadus-Therian, M|100/100
|turn|1
|
|t:|1778510410
|move|p2a: 77|Nasty Plot|p2a: 77
|-boost|p2a: 77|spa|2
|move|p1a: Pisces|Flip Turn|p2a: 77
|-damage|p2a: 77|77/100
|
|t:|1778510414
|switch|p1a: Endless Nameless|Clodsire, M, shiny|100/100|[from] Flip Turn
|
|upkeep
|turn|2
|
|t:|1778510417
|move|p2a: 77|Bleakwind Storm|p1a: Endless Nameless
|-damage|p1a: Endless Nameless|69/100
|-damage|p2a: 77|67/100|[from] item: Life Orb
|move|p1a: Endless Nameless|Toxic|p2a: 77
|-status|p2a: 77|tox
|
|-damage|p2a: 77|61/100 tox|[from] psn
|upkeep
|turn|3
|
|t:|1778510427
|switch|p2a: PinkCannon|Alomomola, F, shiny|100/100
|move|p1a: Endless Nameless|Stealth Rock|p2a: PinkCannon
|-sidestart|p2: takeyouout|move: Stealth Rock
|
|upkeep
|turn|4
|
|t:|1778510430
|move|p2a: PinkCannon|Flip Turn|p1a: Endless Nameless
|-supereffective|p1a: Endless Nameless
|-damage|p1a: Endless Nameless|30/100
|
|t:|1778510434
|switch|p2a: 77|Tornadus-Therian, M|94/100 tox|[from] Flip Turn
|-damage|p2a: 77|69/100 tox|[from] Stealth Rock
|move|p1a: Endless Nameless|Toxic|p2a: 77
|-fail|p2a: 77|tox
|
|-damage|p2a: 77|63/100 tox|[from] psn
|upkeep
|turn|5
|
|t:|1778510439
|move|p2a: 77|Bleakwind Storm|p1a: Endless Nameless
|-damage|p1a: Endless Nameless|0 fnt
|faint|p1a: Endless Nameless
|-damage|p2a: 77|53/100 tox|[from] item: Life Orb
|
|-damage|p2a: 77|41/100 tox|[from] psn
|upkeep
|
|t:|1778510449
|switch|p1a: Hybrid|Hydreigon, M, shiny|100/100
|turn|6
|
|t:|1778510455
|move|p2a: 77|Focus Blast|p1a: Hybrid
|-supereffective|p1a: Hybrid
|-damage|p1a: Hybrid|0 fnt
|faint|p1a: Hybrid
|-damage|p2a: 77|31/100 tox|[from] item: Life Orb
|
|-damage|p2a: 77|13/100 tox|[from] psn
|upkeep
|
|t:|1778510458
|switch|p1a: Anonymous|Ogerpon, F|100/100
|turn|7
|
|t:|1778510463
|switch|p2a: 66|Amoonguss, M|100/100
|-damage|p2a: 66|88/100|[from] Stealth Rock
|-terastallize|p1a: Anonymous|Grass
|detailschange|p1a: Anonymous|Ogerpon-Teal-Tera, F, tera:Grass
|-ability|p1a: Anonymous|Embody Aspect (Teal)|boost
|-boost|p1a: Anonymous|spe|1
|move|p1a: Anonymous|Knock Off|p2a: 66
|-damage|p2a: 66|54/100
|-damage|p1a: Anonymous|84/100|[from] item: Rocky Helmet|[of] p2a: 66
|-enditem|p2a: 66|Rocky Helmet|[from] move: Knock Off|[of] p1a: Anonymous
|
|upkeep
|turn|8
|
|t:|1778510468
|switch|p1a: Sentinel|Weezing-Galar, M, shiny|100/100
|-ability|p1a: Sentinel|Neutralizing Gas
|move|p2a: 66|Foul Play|p1a: Sentinel
|-resisted|p1a: Sentinel
|-damage|p1a: Sentinel|96/100
|
|upkeep
|turn|9
|
|t:|1778510474
|switch|p2a: Starscream|Excadrill, M|100/100
|-damage|p2a: Starscream|97/100|[from] Stealth Rock
|move|p1a: Sentinel|Will-O-Wisp|p2a: Starscream|[miss]
|-miss|p1a: Sentinel|p2a: Starscream
|
|upkeep
|turn|10
|
|t:|1778510480
|move|p2a: Starscream|Rapid Spin|p1a: Sentinel
|-damage|p1a: Sentinel|81/100
|-boost|p2a: Starscream|spe|1
|-sideend|p2: takeyouout|Stealth Rock|[from] move: Rapid Spin|[of] p2a: Starscream
|-damage|p2a: Starscream|87/100|[from] item: Life Orb
|move|p1a: Sentinel|Will-O-Wisp|p2a: Starscream
|-status|p2a: Starscream|brn
|
|-damage|p2a: Starscream|81/100 brn|[from] brn
|upkeep
|turn|11
|
|t:|1778510485
|-end|p1a: Sentinel|ability: Neutralizing Gas
|switch|p1a: Raptor|Skarmory, M, shiny|100/100
|move|p2a: Starscream|Earthquake|p1a: Raptor
|-immune|p1a: Raptor
|
|-damage|p2a: Starscream|75/100 brn|[from] brn
|upkeep
|turn|12
|
|t:|1778510495
|switch|p2a: 99|Keldeo-Resolute|100/100
|move|p1a: Raptor|Spikes|p2a: 99
|-sidestart|p2: takeyouout|Spikes
|
|upkeep
|turn|13
|
|t:|1778510499
|switch|p1a: Pisces|Alomomola, M, shiny|100/100
|move|p2a: 99|Secret Sword|p1a: Pisces
|-damage|p1a: Pisces|46/100
|
|upkeep
|turn|14
|
|t:|1778510509
|switch|p1a: Anonymous|Ogerpon-Teal-Tera, F, tera:Grass|84/100
|-ability|p1a: Anonymous|Embody Aspect (Teal)|boost
|-boost|p1a: Anonymous|spe|1
|move|p2a: 99|Secret Sword|p1a: Anonymous
|-damage|p1a: Anonymous|0 fnt
|faint|p1a: Anonymous
|detailschange|p1: Anonymous|Ogerpon, F|[silent]
|
|upkeep
|-message|Abigcamel forfeited.
|
|win|takeyouout
|raw|Abigcamel's rating: 1616 &rarr; <strong>1599</strong><br />(-17 for losing)
|raw|takeyouout's rating: 1670 &rarr; <strong>1687</strong><br />(+17 for winning)
|l|☆Abigcamel
|player|p1|
|l|☆takeyouout
|player|p2|
