|html|<div class="broadcast-blue"><strong>[Gen 9] OU is currently suspecting Tera Blast! For information on how to participate check out the <a href="https://www.smogon.com/tools/suspects/view/200">suspect thread</a>.</strong></div>
|j|☆StaiNthaNieL
|j|☆leegonzalez91
|t:|1776054968
|gametype|singles
|player|p1|StaiNthaNieL|dawn|1165
|player|p2|leegonzalez91|ghetsis|1101
|gen|9
|tier|[Gen 9] OU
|rated|
|rule|HP Percentage Mod: HP is shown in percentages
|rule|Endless Battle Clause: Forcing endless battles is banned
|rule|Species Clause: Limit one of each Pokémon
|rule|OHKO Clause: OHKO moves are banned
|rule|Evasion Items Clause: Evasion items are banned
|rule|Evasion Moves Clause: Evasion moves are banned
|rule|Evasion Abilities Clause: Evasion abilities are banned
|rule|Sleep Moves Clause: Sleep-inducing moves are banned
|clearpoke
|poke|p1|Ogerpon-Wellspring, F|
|poke|p1|Raging Bolt|
|poke|p1|Tornadus-Therian, M|
|poke|p1|Pelipper, F|
|poke|p1|Barraskewda, M|
|poke|p1|Iron Treads|
|poke|p2|Scizor, F|
|poke|p2|Gyarados, M|
|poke|p2|Cinderace, M|
|poke|p2|Azumarill, M|
|poke|p2|Pelipper, M|
|poke|p2|Serperior, F|
|teampreview
|
|t:|1776054973
|teamsize|p1|6
|teamsize|p2|6
|start
|switch|p1a: Raging Bolt|Raging Bolt|100/100
|switch|p2a: Gyarados|Gyarados, M|100/100
|turn|1
|
|t:|1776054977
|-terastallize|p2a: Gyarados|Ground
|move|p2a: Gyarados|Substitute|p2a: Gyarados
|-start|p2a: Gyarados|Substitute
|-damage|p2a: Gyarados|76/100
|move|p1a: Raging Bolt|Thunder|p2a: Gyarados
|-immune|p2a: Gyarados
|
|-heal|p2a: Gyarados|82/100|[from] item: Leftovers
|upkeep
|turn|2
|inactive|Battle timer is ON: inactive players will automatically lose when time's up. (requested by leegonzalez91)
|
|t:|1776054994
|-end|p1a: Raging Bolt|Protosynthesis|[silent]
|switch|p1a: Tornadus|Tornadus-Therian, M|100/100
|move|p2a: Gyarados|Dragon Dance|p2a: Gyarados
|-boost|p2a: Gyarados|atk|1
|-boost|p2a: Gyarados|spe|1
|
|-heal|p2a: Gyarados|88/100|[from] item: Leftovers
|upkeep
|turn|3
|
|t:|1776055004
|move|p2a: Gyarados|Waterfall|p1a: Tornadus
|-damage|p1a: Tornadus|6/100
|move|p1a: Tornadus|Hurricane|p2a: Gyarados
|-end|p2a: Gyarados|Substitute
|
|-heal|p2a: Gyarados|94/100|[from] item: Leftovers
|upkeep
|turn|4
|
|t:|1776055016
|switch|p1a: Pelipper|Pelipper, F|100/100
|-weather|RainDance|[from] ability: Drizzle|[of] p1a: Pelipper
|move|p2a: Gyarados|Temper Flare|p1a: Pelipper
|-resisted|p1a: Pelipper
|-damage|p1a: Pelipper|92/100
|
|-weather|RainDance|[upkeep]
|-heal|p2a: Gyarados|99/100|[from] item: Leftovers
|upkeep
|turn|5
|
|t:|1776055029
|move|p2a: Gyarados|Substitute|p2a: Gyarados
|-start|p2a: Gyarados|Substitute
|-damage|p2a: Gyarados|75/100
|move|p1a: Pelipper|Hurricane|p2a: Gyarados
|-end|p2a: Gyarados|Substitute
|
|-weather|RainDance|[upkeep]
|-heal|p2a: Gyarados|81/100|[from] item: Leftovers
|upkeep
|turn|6
|
|t:|1776055036
|move|p2a: Gyarados|Waterfall|p1a: Pelipper
|-resisted|p1a: Pelipper
|-damage|p1a: Pelipper|49/100
|move|p1a: Pelipper|Hurricane|p2a: Gyarados
|-damage|p2a: Gyarados|38/100
|
|-weather|RainDance|[upkeep]
|-heal|p2a: Gyarados|44/100|[from] item: Leftovers
|upkeep
|turn|7
|
|t:|1776055046
|move|p2a: Gyarados|Temper Flare|p1a: Pelipper
|-resisted|p1a: Pelipper
|-damage|p1a: Pelipper|40/100
|move|p1a: Pelipper|Roost|p1a: Pelipper
|-heal|p1a: Pelipper|90/100
|-singleturn|p1a: Pelipper|move: Roost
|
|-weather|RainDance|[upkeep]
|-heal|p2a: Gyarados|50/100|[from] item: Leftovers
|upkeep
|turn|8
|
|t:|1776055056
|move|p2a: Gyarados|Waterfall|p1a: Pelipper
|-resisted|p1a: Pelipper
|-damage|p1a: Pelipper|47/100
|move|p1a: Pelipper|Hurricane|p2a: Gyarados
|-damage|p2a: Gyarados|10/100
|-start|p2a: Gyarados|confusion
|
|-weather|RainDance|[upkeep]
|-heal|p2a: Gyarados|16/100|[from] item: Leftovers
|upkeep
|turn|9
|
|t:|1776055071
|-activate|p2a: Gyarados|confusion
|-damage|p2a: Gyarados|0 fnt|[from] confusion
|faint|p2a: Gyarados
|move|p1a: Pelipper|Roost|p1a: Pelipper
|-heal|p1a: Pelipper|97/100
|-singleturn|p1a: Pelipper|move: Roost
|
|-weather|RainDance|[upkeep]
|upkeep
|
|t:|1776055081
|switch|p2a: Pelipper|Pelipper, M|100/100
|turn|10
|
|t:|1776055084
|move|p2a: Pelipper|Hurricane|p1a: Pelipper
|-damage|p1a: Pelipper|0 fnt
|faint|p1a: Pelipper
|-damage|p2a: Pelipper|91/100|[from] item: Life Orb
|
|-weather|RainDance|[upkeep]
|upkeep
|
|t:|1776055093
|switch|p1a: Ogerpon|Ogerpon-Wellspring, F|100/100
|turn|11
|
|t:|1776055097
|-terastallize|p1a: Ogerpon|Water
|detailschange|p1a: Ogerpon|Ogerpon-Wellspring-Tera, F, tera:Water
|-ability|p1a: Ogerpon|Embody Aspect (Wellspring)|boost
|-boost|p1a: Ogerpon|spd|1
|move|p1a: Ogerpon|Swords Dance|p1a: Ogerpon
|-boost|p1a: Ogerpon|atk|2
|move|p2a: Pelipper|Hurricane|p1a: Ogerpon
|-damage|p1a: Ogerpon|48/100
|-damage|p2a: Pelipper|81/100|[from] item: Life Orb
|
|-weather|none
|upkeep
|turn|12
|
|t:|1776055110
|move|p1a: Ogerpon|Horn Leech|p2a: Pelipper
|-damage|p2a: Pelipper|0 fnt
|-heal|p1a: Ogerpon|83/100|[from] drain|[of] p2a: Pelipper
|faint|p2a: Pelipper
|
|upkeep
|
|t:|1776055114
|switch|p2a: Scizor|Scizor, F|100/100
|turn|13
|
|t:|1776055120
|move|p1a: Ogerpon|Ivy Cudgel|p2a: Scizor|[anim] Ivy Cudgel Water
|-damage|p2a: Scizor|0 fnt
|faint|p2a: Scizor
|
|upkeep
|
|t:|1776055122
|switch|p2a: Serperior|Serperior, F|100/100
|turn|14
|
|t:|1776055127
|move|p2a: Serperior|Leaf Storm|p1a: Ogerpon
|-supereffective|p1a: Ogerpon
|-damage|p1a: Ogerpon|5/100
|-boost|p2a: Serperior|spa|2
|move|p1a: Ogerpon|Ivy Cudgel|p2a: Serperior|[anim] Ivy Cudgel Water
|-resisted|p2a: Serperior
|-damage|p2a: Serperior|2/100
|
|-heal|p2a: Serperior|8/100|[from] item: Leftovers
|upkeep
|turn|15
|
|t:|1776055139
|move|p2a: Serperior|Dragon Pulse|p1a: Ogerpon
|-damage|p1a: Ogerpon|0 fnt
|faint|p1a: Ogerpon
|detailschange|p1: Ogerpon|Ogerpon-Wellspring, F|[silent]
|
|-heal|p2a: Serperior|14/100|[from] item: Leftovers
|upkeep
|
|t:|1776055146
|switch|p1a: Raging Bolt|Raging Bolt|100/100
|turn|16
|
|t:|1776055150
|move|p1a: Raging Bolt|Thunderclap|p2a: Serperior
|-resisted|p2a: Serperior
|-damage|p2a: Serperior|0 fnt
|faint|p2a: Serperior
|
|upkeep
|
|t:|1776055153
|switch|p2a: Cinderace|Cinderace, M|100/100
|turn|17
|
|t:|1776055157
|move|p2a: Cinderace|Gunk Shot|p1a: Raging Bolt
|-start|p2a: Cinderace|typechange|Poison|[from] ability: Libero
|-damage|p1a: Raging Bolt|49/100
|move|p1a: Raging Bolt|Thunder|p2a: Cinderace
|-damage|p2a: Cinderace|37/100
|-status|p2a: Cinderace|par
|
|upkeep
|turn|18
|
|t:|1776055166
|move|p1a: Raging Bolt|Thunder|p2a: Cinderace
|-damage|p2a: Cinderace|0 fnt
|faint|p2a: Cinderace
|
|upkeep
|
|t:|1776055169
|switch|p2a: Azumarill|Azumarill, M|100/100
|turn|19
|
|t:|1776055173
|move|p1a: Raging Bolt|Thunder|p2a: Azumarill
|-supereffective|p2a: Azumarill
|-damage|p2a: Azumarill|0 fnt
|faint|p2a: Azumarill
|
|win|StaiNthaNieL
|raw|StaiNthaNieL's rating: 1165 &rarr; <strong>1185</strong><br />(+20 for winning)
|raw|leegonzalez91's rating: 1101 &rarr; <strong>1081</strong><br />(-20 for losing)
|l|☆leegonzalez91
|player|p2|
|l|☆StaiNthaNieL
|player|p1|
