|html|<div class="broadcast-blue"><strong>[Gen 9] OU is currently suspecting Tera Blast! For information on how to participate check out the <a href="https://www.smogon.com/tools/suspects/view/200">suspect thread</a>.</strong></div>
|j|‽KAHALL
|j|☆SoupTM
|t:|1776084606
|gametype|singles
|player|p1|KAHALL|265|1166
|player|p2|SoupTM|170|1205
|gen|9
|tier|[Gen 9] OU
|rated|
|rule|HP Percentage Mod: HP is shown in percentages
|rule|Endless Battle Clause: Forcing endless battles is banned
|rule|Species Clause: Limit one of each Pokémon
|rule|OHKO Clause: OHKO moves are banned
|rule|Evasion Items Clause: Evasion items are banned
|rule|Evasion Moves Clause: Evasion moves are banned
|rule|Evasion Abilities Clause: Evasion abilities are banned
|rule|Sleep Moves Clause: Sleep-inducing moves are banned
|clearpoke
|poke|p1|Bisharp, M|
|poke|p1|Swampert, F|
|poke|p1|Ribombee, M|
|poke|p1|Cryogonal|
|poke|p1|Dachsbun, F|
|poke|p1|Weezing, F|
|poke|p2|Kingambit, F|
|poke|p2|Rillaboom, M|
|poke|p2|Slowking-Galar, M|
|poke|p2|Kyurem|
|poke|p2|Great Tusk|
|poke|p2|Rotom-Wash|
|teampreview
|inactive|Battle timer is ON: inactive players will automatically lose when time's up. (requested by SoupTM)
|
|t:|1776084621
|teamsize|p1|6
|teamsize|p2|6
|start
|switch|p1a: Swampert|Swampert, F|100/100
|switch|p2a: Slowking|Slowking-Galar, M|100/100
|turn|1
|
|t:|1776084626
|switch|p2a: Rillaboom|Rillaboom, M|100/100
|-fieldstart|move: Grassy Terrain|[from] ability: Grassy Surge|[of] p2a: Rillaboom
|move|p1a: Swampert|Knock Off|p2a: Rillaboom
|-damage|p2a: Rillaboom|63/100
|-enditem|p2a: Rillaboom|Choice Band|[from] move: Knock Off|[of] p1a: Swampert
|
|-heal|p2a: Rillaboom|69/100|[from] Grassy Terrain
|upkeep
|turn|2
|
|t:|1776084637
|switch|p1a: Weezing|Weezing, F, shiny|100/100
|move|p2a: Rillaboom|U-turn|p1a: Weezing
|-resisted|p1a: Weezing
|-damage|p1a: Weezing|90/100
|
|t:|1776084643
|switch|p2a: Slowking|Slowking-Galar, M|100/100|[from] U-turn
|
|upkeep
|turn|3
|
|t:|1776084664
|-terastallize|p1a: Weezing|Dark
|move|p1a: Weezing|Dark Pulse|p2a: Slowking
|-supereffective|p2a: Slowking
|-damage|p2a: Slowking|44/100
|move|p2a: Slowking|Future Sight|p1a: Weezing
|-start|p2a: Slowking|move: Future Sight
|
|-heal|p2a: Slowking|50/100|[from] Grassy Terrain
|upkeep
|turn|4
|
|t:|1776084673
|switch|p2a: Great Tusk|Great Tusk|100/100
|-enditem|p2a: Great Tusk|Booster Energy
|-activate|p2a: Great Tusk|ability: Protosynthesis|[fromitem]
|-start|p2a: Great Tusk|protosynthesisatk
|move|p1a: Weezing|Dark Pulse|p2a: Great Tusk
|-resisted|p2a: Great Tusk
|-damage|p2a: Great Tusk|60/100
|
|-heal|p2a: Great Tusk|66/100|[from] Grassy Terrain
|upkeep
|turn|5
|
|t:|1776084686
|switch|p1a: Swampert|Swampert, F|100/100
|move|p2a: Great Tusk|Rapid Spin|p1a: Swampert
|-damage|p1a: Swampert|77/100
|-boost|p2a: Great Tusk|spe|1
|
|-end|p1a: Swampert|move: Future Sight
|-damage|p1a: Swampert|39/100
|-heal|p2a: Great Tusk|72/100|[from] Grassy Terrain
|-heal|p1a: Swampert|45/100|[from] Grassy Terrain
|-heal|p1a: Swampert|51/100|[from] item: Leftovers
|-fieldend|move: Grassy Terrain
|upkeep
|turn|6
|
|t:|1776084703
|move|p2a: Great Tusk|Close Combat|p1a: Swampert
|-damage|p1a: Swampert|0 fnt
|-unboost|p2a: Great Tusk|def|1
|-unboost|p2a: Great Tusk|spd|1
|faint|p1a: Swampert
|
|upkeep
|
|t:|1776084710
|switch|p1a: Ribombee|Ribombee, M|100/100
|turn|7
|
|t:|1776084717
|move|p2a: Great Tusk|Headlong Rush|p1a: Ribombee
|-resisted|p1a: Ribombee
|-damage|p1a: Ribombee|13/100
|-unboost|p2a: Great Tusk|def|1
|-unboost|p2a: Great Tusk|spd|1
|move|p1a: Ribombee|Quiver Dance|p1a: Ribombee
|-boost|p1a: Ribombee|spa|1
|-boost|p1a: Ribombee|spd|1
|-boost|p1a: Ribombee|spe|1
|
|upkeep
|turn|8
|
|t:|1776084725
|move|p1a: Ribombee|Moonblast|p2a: Great Tusk
|-supereffective|p2a: Great Tusk
|-damage|p2a: Great Tusk|0 fnt
|faint|p2a: Great Tusk
|-end|p2a: Great Tusk|Protosynthesis|[silent]
|
|upkeep
|
|t:|1776084729
|switch|p2a: Rillaboom|Rillaboom, M|69/100
|-fieldstart|move: Grassy Terrain|[from] ability: Grassy Surge|[of] p2a: Rillaboom
|turn|9
|
|t:|1776084736
|switch|p1a: Dachsbun|Dachsbun, F|100/100
|move|p2a: Rillaboom|Grassy Glide|p1a: Dachsbun
|-damage|p1a: Dachsbun|64/100
|
|-heal|p2a: Rillaboom|76/100|[from] Grassy Terrain
|-heal|p1a: Dachsbun|70/100|[from] Grassy Terrain
|-heal|p1a: Dachsbun|76/100|[from] item: Leftovers
|upkeep
|turn|10
|
|t:|1776084745
|move|p2a: Rillaboom|Wood Hammer|p1a: Dachsbun
|-damage|p1a: Dachsbun|0 fnt
|faint|p1a: Dachsbun
|-damage|p2a: Rillaboom|52/100|[from] Recoil
|
|-heal|p2a: Rillaboom|59/100|[from] Grassy Terrain
|upkeep
|
|t:|1776084756
|switch|p1a: Cryogonal|Cryogonal|100/100
|turn|11
|
|t:|1776084760
|switch|p2a: Slowking|Slowking-Galar, M|83/100
|move|p1a: Cryogonal|Freeze-Dry|p2a: Slowking
|-damage|p2a: Slowking|62/100
|-damage|p1a: Cryogonal|91/100|[from] item: Life Orb
|
|-heal|p2a: Slowking|68/100|[from] Grassy Terrain
|upkeep
|turn|12
|
|t:|1776084774
|switch|p1a: Bisharp|Bisharp, M|100/100
|move|p2a: Slowking|Thunder Wave|p1a: Bisharp|[miss]
|-miss|p2a: Slowking|p1a: Bisharp
|
|-heal|p2a: Slowking|74/100|[from] Grassy Terrain
|upkeep
|turn|13
|
|t:|1776084783
|switch|p2a: Rotom|Rotom-Wash|100/100
|move|p1a: Bisharp|Swords Dance|p1a: Bisharp
|-boost|p1a: Bisharp|atk|2
|
|-fieldend|move: Grassy Terrain
|upkeep
|turn|14
|
|t:|1776084789
|move|p1a: Bisharp|Throat Chop|p2a: Rotom
|-damage|p2a: Rotom|27/100
|-start|p2a: Rotom|Throat Chop|[silent]
|move|p2a: Rotom|Will-O-Wisp|p1a: Bisharp
|-status|p1a: Bisharp|brn
|
|-heal|p2a: Rotom|33/100|[from] item: Leftovers
|-damage|p1a: Bisharp|94/100 brn|[from] brn
|upkeep
|turn|15
|
|t:|1776084798
|move|p1a: Bisharp|Swords Dance|p1a: Bisharp
|-boost|p1a: Bisharp|atk|2
|move|p2a: Rotom|Pain Split|p1a: Bisharp
|-sethp|p1a: Bisharp|64/100 brn|[from] move: Pain Split|[silent]
|-sethp|p2a: Rotom|62/100|[from] move: Pain Split
|
|-heal|p2a: Rotom|68/100|[from] item: Leftovers
|-damage|p1a: Bisharp|58/100 brn|[from] brn
|-end|p2a: Rotom|Throat Chop|[silent]
|upkeep
|turn|16
|
|t:|1776084806
|move|p1a: Bisharp|Throat Chop|p2a: Rotom
|-damage|p2a: Rotom|20/100
|-start|p2a: Rotom|Throat Chop|[silent]
|move|p2a: Rotom|Hydro Pump|p1a: Bisharp|[miss]
|-miss|p2a: Rotom|p1a: Bisharp
|
|-heal|p2a: Rotom|26/100|[from] item: Leftovers
|-damage|p1a: Bisharp|52/100 brn|[from] brn
|upkeep
|turn|17
|
|t:|1776084814
|move|p1a: Bisharp|Throat Chop|p2a: Rotom
|-damage|p2a: Rotom|0 fnt
|faint|p2a: Rotom
|
|-damage|p1a: Bisharp|46/100 brn|[from] brn
|upkeep
|
|t:|1776084820
|switch|p2a: Slowking|Slowking-Galar, M|100/100
|turn|18
|
|t:|1776084829
|switch|p2a: Kyurem|Kyurem, shiny|100/100
|-ability|p2a: Kyurem|Pressure
|move|p1a: Bisharp|Throat Chop|p2a: Kyurem
|-damage|p2a: Kyurem|35/100
|-start|p2a: Kyurem|Throat Chop|[silent]
|
|-damage|p1a: Bisharp|40/100 brn|[from] brn
|upkeep
|turn|19
|
|t:|1776084838
|move|p1a: Bisharp|Sucker Punch|p2a: Kyurem
|-damage|p2a: Kyurem|0 fnt
|faint|p2a: Kyurem
|
|-damage|p1a: Bisharp|33/100 brn|[from] brn
|upkeep
|
|t:|1776084843
|switch|p2a: Rillaboom|Rillaboom, M|59/100
|-fieldstart|move: Grassy Terrain|[from] ability: Grassy Surge|[of] p2a: Rillaboom
|turn|20
|
|t:|1776084847
|move|p2a: Rillaboom|Grassy Glide|p1a: Bisharp
|-resisted|p1a: Bisharp
|-damage|p1a: Bisharp|16/100 brn
|move|p1a: Bisharp|Throat Chop|p2a: Rillaboom
|-damage|p2a: Rillaboom|0 fnt
|faint|p2a: Rillaboom
|
|-heal|p1a: Bisharp|22/100 brn|[from] Grassy Terrain
|-damage|p1a: Bisharp|16/100 brn|[from] brn
|upkeep
|
|t:|1776084856
|switch|p2a: Kingambit|Kingambit, F, shiny|100/100
|-activate|p2a: Kingambit|ability: Supreme Overlord
|-start|p2a: Kingambit|fallen4|[silent]
|turn|21
|
|t:|1776084862
|move|p1a: Bisharp|Iron Head|p2a: Kingambit
|-resisted|p2a: Kingambit
|-damage|p2a: Kingambit|77/100
|cant|p2a: Kingambit|flinch
|
|-heal|p1a: Bisharp|22/100 brn|[from] Grassy Terrain
|-heal|p2a: Kingambit|83/100|[from] Grassy Terrain
|-heal|p2a: Kingambit|89/100|[from] item: Leftovers
|-damage|p1a: Bisharp|16/100 brn|[from] brn
|upkeep
|turn|22
|
|t:|1776084871
|move|p1a: Bisharp|Throat Chop|p2a: Kingambit
|-resisted|p2a: Kingambit
|-damage|p2a: Kingambit|66/100
|-start|p2a: Kingambit|Throat Chop|[silent]
|move|p2a: Kingambit|Kowtow Cleave|p1a: Bisharp
|-resisted|p1a: Bisharp
|-damage|p1a: Bisharp|0 fnt
|faint|p1a: Bisharp
|
|-heal|p2a: Kingambit|72/100|[from] Grassy Terrain
|-heal|p2a: Kingambit|78/100|[from] item: Leftovers
|upkeep
|
|t:|1776084875
|switch|p1a: Weezing|Weezing, F, shiny, tera:Dark|90/100
|turn|23
|
|t:|1776084885
|-terastallize|p2a: Kingambit|Fairy
|move|p1a: Weezing|Fire Blast|p2a: Kingambit
|-damage|p2a: Kingambit|33/100
|move|p2a: Kingambit|Tera Blast|p1a: Weezing|[anim] Tera Blast Fairy
|-supereffective|p1a: Weezing
|-damage|p1a: Weezing|0 fnt
|faint|p1a: Weezing
|
|-heal|p2a: Kingambit|40/100|[from] Grassy Terrain
|-heal|p2a: Kingambit|46/100|[from] item: Leftovers
|-end|p2a: Kingambit|Throat Chop|[silent]
|upkeep
|
|t:|1776084890
|switch|p1a: Cryogonal|Cryogonal|91/100
|turn|24
|
|t:|1776084897
|move|p2a: Kingambit|Sucker Punch|p1a: Cryogonal
|-damage|p1a: Cryogonal|0 fnt
|faint|p1a: Cryogonal
|
|-heal|p2a: Kingambit|52/100|[from] Grassy Terrain
|-heal|p2a: Kingambit|58/100|[from] item: Leftovers
|-fieldend|move: Grassy Terrain
|upkeep
|
|t:|1776084899
|switch|p1a: Ribombee|Ribombee, M|13/100
|turn|25
|
|t:|1776084905
|move|p1a: Ribombee|Quiver Dance|p1a: Ribombee
|-boost|p1a: Ribombee|spa|1
|-boost|p1a: Ribombee|spd|1
|-boost|p1a: Ribombee|spe|1
|move|p2a: Kingambit|Kowtow Cleave|p1a: Ribombee
|-resisted|p1a: Ribombee
|-damage|p1a: Ribombee|0 fnt
|faint|p1a: Ribombee
|
|win|SoupTM
|raw|KAHALL's rating: 1188 &rarr; <strong>1164</strong><br />(-24 for losing)
|raw|SoupTM's rating: 1205 &rarr; <strong>1229</strong><br />(+24 for winning)
|l|‽KAHALL
|player|p1|
|l|☆SoupTM
|player|p2|
