|html|<div class="broadcast-blue"><strong>[Gen 9] OU is currently suspecting Tera Blast! For information on how to participate check out the <a href="https://www.smogon.com/tools/suspects/view/200">suspect thread</a>.</strong></div>
|j|☆M3XG3N54 real
|j|☆nicknicola
|t:|1776037647
|gametype|singles
|player|p1|M3XG3N54 real|102|1252
|player|p2|nicknicola|266|1293
|gen|9
|tier|[Gen 9] OU
|rated|
|rule|HP Percentage Mod: HP is shown in percentages
|rule|Endless Battle Clause: Forcing endless battles is banned
|rule|Species Clause: Limit one of each Pokémon
|rule|OHKO Clause: OHKO moves are banned
|rule|Evasion Items Clause: Evasion items are banned
|rule|Evasion Moves Clause: Evasion moves are banned
|rule|Evasion Abilities Clause: Evasion abilities are banned
|rule|Sleep Moves Clause: Sleep-inducing moves are banned
|clearpoke
|poke|p1|Hatterene, F|
|poke|p1|Uxie|
|poke|p1|Ursaluna, F|
|poke|p1|Torkoal, M|
|poke|p1|Kingambit, M|
|poke|p1|Dragapult, M|
|poke|p2|Porygon2|
|poke|p2|Hatterene, F|
|poke|p2|Cresselia, F|
|poke|p2|Iron Hands|
|poke|p2|Ursaluna, F|
|poke|p2|Volcanion|
|teampreview
|inactive|Battle timer is ON: inactive players will automatically lose when time's up. (requested by M3XG3N54 real)
|
|t:|1776037653
|teamsize|p1|6
|teamsize|p2|6
|start
|switch|p1a: Uxie|Uxie|100/100
|switch|p2a: Porygon2|Porygon2|100/100
|-ability|p2a: Porygon2|Download|boost
|-boost|p2a: Porygon2|atk|1
|turn|1
|
|t:|1776037662
|move|p1a: Uxie|Encore||[still]
|-fail|p1a: Uxie
|move|p2a: Porygon2|Trick Room|p2a: Porygon2
|-fieldstart|move: Trick Room|[of] p2a: Porygon2
|
|upkeep
|turn|2
|
|t:|1776037674
|switch|p2a: Ursaluna|Ursaluna, F|100/100
|move|p1a: Uxie|Encore||[still]
|-fail|p1a: Uxie
|
|-status|p2a: Ursaluna|brn|[from] item: Flame Orb
|upkeep
|turn|3
|
|t:|1776037686
|-terastallize|p2a: Ursaluna|Normal
|move|p2a: Ursaluna|Facade|p1a: Uxie
|-damage|p1a: Uxie|0 fnt
|faint|p1a: Uxie
|
|-damage|p2a: Ursaluna|94/100 brn|[from] brn
|upkeep
|
|t:|1776037691
|switch|p1a: Torkoal|Torkoal, M|100/100
|-weather|SunnyDay|[from] ability: Drought|[of] p1a: Torkoal
|turn|4
|
|t:|1776037697
|move|p1a: Torkoal|Eruption|p2a: Ursaluna
|-damage|p2a: Ursaluna|0 fnt
|faint|p2a: Ursaluna
|
|-weather|SunnyDay|[upkeep]
|upkeep
|
|t:|1776037709
|switch|p2a: Hatterene|Hatterene, F|100/100
|turn|5
|
|t:|1776037714
|move|p1a: Torkoal|Eruption|p2a: Hatterene
|-damage|p2a: Hatterene|0 fnt
|faint|p2a: Hatterene
|
|-weather|SunnyDay|[upkeep]
|-fieldend|move: Trick Room
|upkeep
|
|t:|1776037730
|switch|p2a: Volcanion|Volcanion|100/100
|turn|6
|
|t:|1776037738
|switch|p1a: Dragapult|Dragapult, M|100/100
|move|p2a: Volcanion|Earth Power|p1a: Dragapult
|-damage|p1a: Dragapult|26/100
|
|-weather|SunnyDay|[upkeep]
|upkeep
|turn|7
|
|t:|1776037745
|move|p1a: Dragapult|Shadow Ball|p2a: Volcanion
|-damage|p2a: Volcanion|48/100
|move|p2a: Volcanion|Earth Power|p1a: Dragapult
|-damage|p1a: Dragapult|0 fnt
|faint|p1a: Dragapult
|
|-weather|SunnyDay|[upkeep]
|upkeep
|
|t:|1776037752
|switch|p1a: Hatterene|Hatterene, F|100/100
|turn|8
|
|t:|1776037780
|switch|p2a: Porygon2|Porygon2|100/100
|-ability|p2a: Porygon2|Download|boost
|-boost|p2a: Porygon2|spa|1
|move|p1a: Hatterene|Trick Room|p1a: Hatterene
|-fieldstart|move: Trick Room|[of] p1a: Hatterene
|
|-weather|none
|upkeep
|turn|9
|
|t:|1776037790
|switch|p1a: Ursaluna|Ursaluna, F|100/100
|move|p2a: Porygon2|Tera Blast|p1a: Ursaluna
|-damage|p1a: Ursaluna|48/100
|
|-status|p1a: Ursaluna|brn|[from] item: Flame Orb
|upkeep
|turn|10
|
|t:|1776037799
|move|p1a: Ursaluna|Facade|p2a: Porygon2
|-damage|p2a: Porygon2|19/100
|move|p2a: Porygon2|Tera Blast|p1a: Ursaluna
|-damage|p1a: Ursaluna|0 fnt
|faint|p1a: Ursaluna
|
|upkeep
|
|t:|1776037802
|switch|p1a: Torkoal|Torkoal, M|100/100
|-weather|SunnyDay|[from] ability: Drought|[of] p1a: Torkoal
|turn|11
|
|t:|1776037815
|move|p1a: Torkoal|Solar Beam||[still]
|-prepare|p1a: Torkoal|Solar Beam
|-anim|p1a: Torkoal|Solar Beam|p2a: Porygon2
|-damage|p2a: Porygon2|0 fnt
|faint|p2a: Porygon2
|
|-weather|SunnyDay|[upkeep]
|upkeep
|
|t:|1776037823
|switch|p2a: Cresselia|Cresselia, F|100/100
|turn|12
|
|t:|1776037828
|move|p1a: Torkoal|Solar Beam||[still]
|-prepare|p1a: Torkoal|Solar Beam
|-anim|p1a: Torkoal|Solar Beam|p2a: Cresselia
|-damage|p2a: Cresselia|71/100
|-enditem|p2a: Cresselia|Red Card|[of] p1a: Torkoal
|drag|p1a: Kingambit|Kingambit, M|100/100
|-activate|p1a: Kingambit|ability: Supreme Overlord
|-start|p1a: Kingambit|fallen3|[silent]
|move|p2a: Cresselia|Lunar Dance|p2a: Cresselia
|faint|p2a: Cresselia
|
|-weather|SunnyDay|[upkeep]
|-fieldend|move: Trick Room
|upkeep
|
|t:|1776037840
|switch|p2a: Volcanion|Volcanion|48/100
|-heal|p2a: Volcanion|100/100|[from] move: Lunar Dance
|turn|13
|
|t:|1776037848
|move|p1a: Kingambit|Sucker Punch|p2a: Volcanion
|-crit|p2a: Volcanion
|-damage|p2a: Volcanion|41/100
|move|p2a: Volcanion|Earth Power|p1a: Kingambit
|-supereffective|p1a: Kingambit
|-damage|p1a: Kingambit|3/100
|
|-weather|SunnyDay|[upkeep]
|upkeep
|turn|14
|
|t:|1776037857
|switch|p2a: Iron Hands|Iron Hands|100/100
|-enditem|p2a: Iron Hands|Booster Energy
|-activate|p2a: Iron Hands|ability: Quark Drive|[fromitem]
|-start|p2a: Iron Hands|quarkdriveatk
|move|p1a: Kingambit|Sucker Punch||[still]
|-fail|p1a: Kingambit
|
|-weather|SunnyDay|[upkeep]
|upkeep
|turn|15
|
|t:|1776037868
|move|p1a: Kingambit|Low Kick|p2a: Iron Hands
|-damage|p2a: Iron Hands|61/100
|move|p2a: Iron Hands|Swords Dance|p2a: Iron Hands
|-boost|p2a: Iron Hands|atk|2
|
|-weather|none
|upkeep
|turn|16
|
|t:|1776037876
|move|p1a: Kingambit|Sucker Punch|p2a: Iron Hands
|-resisted|p2a: Iron Hands
|-damage|p2a: Iron Hands|45/100
|move|p2a: Iron Hands|Drain Punch|p1a: Kingambit
|-supereffective|p1a: Kingambit
|-damage|p1a: Kingambit|0 fnt
|-heal|p2a: Iron Hands|46/100|[from] drain|[of] p1a: Kingambit
|faint|p1a: Kingambit
|-end|p1a: Kingambit|fallen3|[silent]
|
|upkeep
|
|t:|1776037878
|switch|p1a: Hatterene|Hatterene, F|100/100
|turn|17
|
|t:|1776037886
|move|p2a: Iron Hands|Wild Charge|p1a: Hatterene
|-enditem|p1a: Hatterene|Focus Sash
|-damage|p1a: Hatterene|1/100
|-damage|p2a: Iron Hands|30/100|[from] Recoil
|move|p1a: Hatterene|Trick Room|p1a: Hatterene
|-fieldstart|move: Trick Room|[of] p1a: Hatterene
|
|upkeep
|turn|18
|
|t:|1776037898
|move|p1a: Hatterene|Psychic|p2a: Iron Hands
|-supereffective|p2a: Iron Hands
|-damage|p2a: Iron Hands|0 fnt
|faint|p2a: Iron Hands
|-end|p2a: Iron Hands|Quark Drive|[silent]
|
|upkeep
|
|t:|1776037903
|switch|p2a: Volcanion|Volcanion|41/100
|turn|19
|
|t:|1776037905
|move|p1a: Hatterene|Psychic|p2a: Volcanion
|-damage|p2a: Volcanion|0 fnt
|faint|p2a: Volcanion
|
|win|M3XG3N54 real
|raw|M3XG3N54 real's rating: 1252 &rarr; <strong>1280</strong><br />(+28 for winning)
|raw|nicknicola's rating: 1293 &rarr; <strong>1265</strong><br />(-28 for losing)
|l|☆M3XG3N54 real
|player|p1|
