|html|<div class="broadcast-blue"><strong>[Gen 9] OU is currently suspecting Tera Blast! For information on how to participate check out the <a href="https://www.smogon.com/tools/suspects/view/200">suspect thread</a>.</strong></div>
|j|☆N3oCC
|j|☆Top3tap300
|t:|1776273752
|gametype|singles
|player|p1|N3oCC|camper|1061
|player|p2|Top3tap300|1|1029
|gen|9
|tier|[Gen 9] OU
|rated|
|rule|HP Percentage Mod: HP is shown in percentages
|rule|Endless Battle Clause: Forcing endless battles is banned
|rule|Species Clause: Limit one of each Pokémon
|rule|OHKO Clause: OHKO moves are banned
|rule|Evasion Items Clause: Evasion items are banned
|rule|Evasion Moves Clause: Evasion moves are banned
|rule|Evasion Abilities Clause: Evasion abilities are banned
|rule|Sleep Moves Clause: Sleep-inducing moves are banned
|clearpoke
|poke|p1|Torkoal, F|
|poke|p1|Trevenant, M|
|poke|p1|Gliscor, M|
|poke|p1|Lucario, F|
|poke|p1|Cryogonal|
|poke|p1|Grimmsnarl, M|
|poke|p2|Corviknight, M|
|poke|p2|Weavile, M|
|poke|p2|Meowstic-F, F|
|poke|p2|Rotom-Heat|
|poke|p2|Whimsicott, F|
|poke|p2|Mudsdale, F|
|teampreview
|
|t:|1776273768
|teamsize|p1|6
|teamsize|p2|6
|start
|switch|p1a: Cryogonal|Cryogonal, shiny|100/100
|switch|p2a: Pixie|Whimsicott, F, shiny|100/100
|turn|1
|
|t:|1776273775
|switch|p2a: Cooktop|Rotom-Heat, shiny|100/100
|move|p1a: Cryogonal|Rapid Spin|p2a: Cooktop
|-damage|p2a: Cooktop|94/100
|-boost|p1a: Cryogonal|spe|1
|
|-heal|p2a: Cooktop|100/100|[from] item: Leftovers
|upkeep
|turn|2
|
|t:|1776273789
|switch|p1a: S U N|Torkoal, F|100/100
|-weather|SunnyDay|[from] ability: Drought|[of] p1a: S U N
|move|p2a: Cooktop|Volt Switch|p1a: S U N
|-crit|p1a: S U N
|-damage|p1a: S U N|34/100
|
|t:|1776273797
|switch|p2a: Nyx|Meowstic-F, F, shiny|100/100|[from] Volt Switch
|
|-weather|SunnyDay|[upkeep]
|-heal|p1a: S U N|40/100|[from] item: Leftovers
|upkeep
|turn|3
|
|t:|1776273804
|switch|p1a: My baby boy :3|Trevenant, M, shiny|100/100
|move|p2a: Nyx|Shadow Ball|p1a: My baby boy :3
|-supereffective|p1a: My baby boy :3
|-damage|p1a: My baby boy :3|38/100
|-unboost|p1a: My baby boy :3|spd|1
|-enditem|p1a: My baby boy :3|Sitrus Berry|[eat]
|-heal|p1a: My baby boy :3|63/100|[from] item: Sitrus Berry
|
|-weather|SunnyDay|[upkeep]
|-item|p1a: My baby boy :3|Sitrus Berry|[from] ability: Harvest
|upkeep
|turn|4
|
|t:|1776273820
|move|p1a: My baby boy :3|Sucker Punch|p2a: Nyx
|-supereffective|p2a: Nyx
|-damage|p2a: Nyx|35/100
|move|p2a: Nyx|Shadow Ball|p1a: My baby boy :3
|-supereffective|p1a: My baby boy :3
|-damage|p1a: My baby boy :3|0 fnt
|faint|p1a: My baby boy :3
|
|-weather|SunnyDay|[upkeep]
|upkeep
|
|t:|1776273832
|switch|p1a: Cryogonal|Cryogonal, shiny|100/100
|turn|5
|
|t:|1776273839
|switch|p2a: Cooktop|Rotom-Heat, shiny|100/100
|move|p1a: Cryogonal|Rapid Spin|p2a: Cooktop
|-damage|p2a: Cooktop|94/100
|-boost|p1a: Cryogonal|spe|1
|
|-weather|SunnyDay|[upkeep]
|-heal|p2a: Cooktop|99/100|[from] item: Leftovers
|upkeep
|turn|6
|
|t:|1776273851
|switch|p1a: Le sweeper|Gliscor, M, shiny|100/100
|move|p2a: Cooktop|Volt Switch|p1a: Le sweeper
|-immune|p1a: Le sweeper
|
|-weather|none
|-heal|p2a: Cooktop|100/100|[from] item: Leftovers
|-status|p1a: Le sweeper|tox|[from] item: Toxic Orb
|upkeep
|turn|7
|
|t:|1776273872
|switch|p2a: Erebus|Weavile, M|100/100
|-ability|p2a: Erebus|Pressure
|move|p1a: Le sweeper|Swords Dance|p1a: Le sweeper
|-boost|p1a: Le sweeper|atk|2
|
|upkeep
|turn|8
|
|t:|1776273880
|-terastallize|p1a: Le sweeper|Normal
|move|p2a: Erebus|Swords Dance|p2a: Erebus
|-boost|p2a: Erebus|atk|2
|move|p1a: Le sweeper|Facade|p2a: Erebus
|-damage|p2a: Erebus|0 fnt
|faint|p2a: Erebus
|
|upkeep
|
|t:|1776273893
|switch|p2a: Iron knight|Corviknight, M, shiny|100/100
|-ability|p2a: Iron knight|Pressure
|turn|9
|
|t:|1776273902
|move|p1a: Le sweeper|Swords Dance|p1a: Le sweeper
|-boost|p1a: Le sweeper|atk|2
|move|p2a: Iron knight|Brave Bird|p1a: Le sweeper
|-damage|p1a: Le sweeper|67/100 tox
|-damage|p2a: Iron knight|91/100|[from] Recoil
|
|-heal|p1a: Le sweeper|80/100 tox|[from] ability: Poison Heal
|upkeep
|turn|10
|
|t:|1776273912
|move|p1a: Le sweeper|Swords Dance|p1a: Le sweeper
|-boost|p1a: Le sweeper|atk|2
|move|p2a: Iron knight|Brave Bird|p1a: Le sweeper
|-damage|p1a: Le sweeper|47/100 tox
|-damage|p2a: Iron knight|82/100|[from] Recoil
|
|-heal|p1a: Le sweeper|60/100 tox|[from] ability: Poison Heal
|upkeep
|turn|11
|
|t:|1776273923
|move|p1a: Le sweeper|Protect|p1a: Le sweeper
|-singleturn|p1a: Le sweeper|Protect
|move|p2a: Iron knight|Brave Bird|p1a: Le sweeper
|-activate|p1a: Le sweeper|move: Protect
|
|-heal|p1a: Le sweeper|72/100 tox|[from] ability: Poison Heal
|upkeep
|turn|12
|c|☆N3oCC|:3
|inactive|Battle timer is ON: inactive players will automatically lose when time's up. (requested by N3oCC)
|inactive|Top3tap300 has 120 seconds left.
|c|☆N3oCC|Faster~
|inactive|Top3tap300 has 90 seconds left.
|inactive|Top3tap300 has 60 seconds left.
|c|☆N3oCC|Nevah mess with da femboy team!!
|inactive|Top3tap300 has 30 seconds left.
|inactive|Top3tap300 has 20 seconds left.
|inactive|Top3tap300 has 15 seconds left.
|inactive|Top3tap300 has 10 seconds left.
|l|☆N3oCC
|inactive|N3oCC disconnected and has a minute to reconnect!
|player|p1|
|inactive|Top3tap300 has 5 seconds left.
|-message|Top3tap300 lost due to inactivity.
|
|win|N3oCC
|raw|N3oCC's rating: 1061 &rarr; <strong>1089</strong><br />(+28 for winning)
|raw|Top3tap300's rating: 1029 &rarr; <strong>1016</strong><br />(-13 for losing)
|j|☆N3oCC
|player|p1|N3oCC|camper|
|l|☆Top3tap300
|player|p2|
|l|☆N3oCC
|player|p1|
|j|☆N3oCC
|player|p1|N3oCC|camper|
