|html|<div class="broadcast-blue"><strong>[Gen 9] OU is currently suspecting Tera Blast! For information on how to participate check out the <a href="https://www.smogon.com/tools/suspects/view/200">suspect thread</a>.</strong></div>
|j|☆kclh
|j|☆kjojon
|t:|1776265681
|gametype|singles
|player|p1|kclh|1|1202
|player|p2|kjojon|brock|1225
|gen|9
|tier|[Gen 9] OU
|rated|
|rule|HP Percentage Mod: HP is shown in percentages
|rule|Endless Battle Clause: Forcing endless battles is banned
|rule|Species Clause: Limit one of each Pokémon
|rule|OHKO Clause: OHKO moves are banned
|rule|Evasion Items Clause: Evasion items are banned
|rule|Evasion Moves Clause: Evasion moves are banned
|rule|Evasion Abilities Clause: Evasion abilities are banned
|rule|Sleep Moves Clause: Sleep-inducing moves are banned
|clearpoke
|poke|p1|Darkrai|
|poke|p1|Alomomola, F|
|poke|p1|Ogerpon-Cornerstone, F|
|poke|p1|Iron Treads|
|poke|p1|Ceruledge, F|
|poke|p1|Iron Valiant|
|poke|p2|Weezing-Galar, F|
|poke|p2|Cinderace, F|
|poke|p2|Duraludon, M|
|poke|p2|Hitmontop, M|
|poke|p2|Necrozma|
|poke|p2|Porygon-Z|
|teampreview
|
|t:|1776265697
|teamsize|p1|6
|teamsize|p2|6
|start
|switch|p1a: thehole|Darkrai, shiny|100/100
|switch|p2a: PoyPee|Porygon-Z, shiny|100/100
|turn|1
|
|t:|1776265700
|move|p1a: thehole|Dark Pulse|p2a: PoyPee
|-damage|p2a: PoyPee|40/100
|move|p2a: PoyPee|Tri Attack|p1a: thehole
|-damage|p1a: thehole|19/100
|
|-heal|p1a: thehole|25/100|[from] item: Leftovers
|upkeep
|turn|2
|
|t:|1776265708
|move|p1a: thehole|Dark Pulse|p2a: PoyPee
|-crit|p2a: PoyPee
|-damage|p2a: PoyPee|0 fnt
|faint|p2a: PoyPee
|
|-heal|p1a: thehole|31/100|[from] item: Leftovers
|upkeep
|
|t:|1776265709
|switch|p2a: Garfiel|Hitmontop, M|100/100
|turn|3
|
|t:|1776265714
|-terastallize|p1a: thehole|Psychic
|move|p2a: Garfiel|Mach Punch|p1a: thehole
|-resisted|p1a: thehole
|-damage|p1a: thehole|12/100
|move|p1a: thehole|Psyshock|p2a: Garfiel
|-supereffective|p2a: Garfiel
|-damage|p2a: Garfiel|0 fnt
|faint|p2a: Garfiel
|
|-heal|p1a: thehole|18/100|[from] item: Leftovers
|upkeep
|
|t:|1776265737
|switch|p2a: R-Pyrite|Necrozma, shiny|100/100
|turn|4
|
|t:|1776265746
|move|p1a: thehole|Dark Pulse|p2a: R-Pyrite
|-supereffective|p2a: R-Pyrite
|-damage|p2a: R-Pyrite|29/100
|-enditem|p2a: R-Pyrite|Weakness Policy
|-boost|p2a: R-Pyrite|atk|2|[from] item: Weakness Policy
|-boost|p2a: R-Pyrite|spa|2|[from] item: Weakness Policy
|move|p2a: R-Pyrite|Dragon Dance|p2a: R-Pyrite
|-boost|p2a: R-Pyrite|atk|1
|-boost|p2a: R-Pyrite|spe|1
|
|-heal|p1a: thehole|24/100|[from] item: Leftovers
|upkeep
|turn|5
|
|t:|1776265755
|move|p2a: R-Pyrite|Shadow Claw|p1a: thehole
|-supereffective|p1a: thehole
|-damage|p1a: thehole|0 fnt
|faint|p1a: thehole
|
|upkeep
|
|t:|1776265760
|switch|p1a: shadow|Ceruledge, F|100/100
|turn|6
|
|t:|1776265763
|-terastallize|p2a: R-Pyrite|Normal
|move|p2a: R-Pyrite|Shadow Claw|p1a: shadow
|-supereffective|p1a: shadow
|-enditem|p1a: shadow|Focus Sash
|-damage|p1a: shadow|1/100
|-ability|p1a: shadow|Weak Armor|boost
|-unboost|p1a: shadow|def|1
|-boost|p1a: shadow|spe|2
|move|p1a: shadow|Bitter Blade|p2a: R-Pyrite
|-damage|p2a: R-Pyrite|0 fnt
|-heal|p1a: shadow|17/100|[from] drain|[of] p2a: R-Pyrite
|faint|p2a: R-Pyrite
|
|upkeep
|
|t:|1776265792
|switch|p2a: Joao|Cinderace, F, shiny|100/100
|turn|7
|
|t:|1776265808
|move|p2a: Joao|Sucker Punch|p1a: shadow
|-start|p2a: Joao|typechange|Dark|[from] ability: Libero
|-supereffective|p1a: shadow
|-damage|p1a: shadow|0 fnt
|faint|p1a: shadow
|
|upkeep
|
|t:|1776265817
|switch|p1a: beyonce|Iron Valiant, shiny|100/100
|-enditem|p1a: beyonce|Booster Energy
|-activate|p1a: beyonce|ability: Quark Drive|[fromitem]
|-start|p1a: beyonce|quarkdrivespe
|turn|8
|
|t:|1776265823
|switch|p2a: Babylon|Duraludon, M, shiny|100/100
|move|p1a: beyonce|Moonblast|p2a: Babylon
|-crit|p2a: Babylon
|-damage|p2a: Babylon|21/100
|
|upkeep
|turn|9
|
|t:|1776265829
|move|p1a: beyonce|Moonblast|p2a: Babylon
|-damage|p2a: Babylon|0 fnt
|faint|p2a: Babylon
|
|upkeep
|
|t:|1776265833
|switch|p2a: Weezing|Weezing-Galar, F|100/100
|-ability|p2a: Weezing|Neutralizing Gas
|turn|10
|
|t:|1776265848
|-end|p1a: beyonce|Quark Drive|[silent]
|switch|p1a: oompa|Iron Treads|100/100
|move|p2a: Weezing|Sludge Bomb|p1a: oompa
|-immune|p1a: oompa
|
|upkeep
|turn|11
|
|t:|1776265858
|move|p1a: oompa|Earthquake|p2a: Weezing
|-supereffective|p2a: Weezing
|-damage|p2a: Weezing|9/100
|move|p2a: Weezing|Stockpile|p2a: Weezing
|-start|p2a: Weezing|stockpile1
|-boost|p2a: Weezing|def|1
|-boost|p2a: Weezing|spd|1
|
|-heal|p2a: Weezing|15/100|[from] item: Black Sludge
|upkeep
|turn|12
|
|t:|1776265863
|move|p1a: oompa|Earthquake|p2a: Weezing
|-supereffective|p2a: Weezing
|-damage|p2a: Weezing|0 fnt
|faint|p2a: Weezing
|-end|p2a: Weezing|ability: Neutralizing Gas
|-enditem|p1a: oompa|Booster Energy
|-activate|p1a: oompa|ability: Quark Drive|[fromitem]
|-start|p1a: oompa|quarkdrivespe
|
|upkeep
|
|t:|1776265866
|switch|p2a: Joao|Cinderace, F, shiny|100/100
|turn|13
|
|t:|1776265871
|move|p1a: oompa|Rapid Spin|p2a: Joao
|-damage|p2a: Joao|78/100
|-boost|p1a: oompa|spe|1
|move|p2a: Joao|Pyro Ball|p1a: oompa|[miss]
|-miss|p2a: Joao|p1a: oompa
|
|upkeep
|turn|14
|c|☆kjojon|gg's
|
|t:|1776265878
|move|p1a: oompa|Earthquake|p2a: Joao
|-supereffective|p2a: Joao
|-damage|p2a: Joao|0 fnt
|faint|p2a: Joao
|
|win|kclh
|raw|kclh's rating: 1202 &rarr; <strong>1229</strong><br />(+27 for winning)
|raw|kjojon's rating: 1225 &rarr; <strong>1198</strong><br />(-27 for losing)
