|html|<div class="broadcast-blue"><strong>[Gen 9] OU is currently suspecting Tera Blast! For information on how to participate check out the <a href="https://www.smogon.com/tools/suspects/view/200">suspect thread</a>.</strong></div>
|j|☆ashurabocchi
|j|☆WhiteBug
|t:|1776034041
|gametype|singles
|player|p1|ashurabocchi|170|1085
|player|p2|WhiteBug|shauntal|1079
|gen|9
|tier|[Gen 9] OU
|rated|
|rule|HP Percentage Mod: HP is shown in percentages
|rule|Endless Battle Clause: Forcing endless battles is banned
|rule|Species Clause: Limit one of each Pokémon
|rule|OHKO Clause: OHKO moves are banned
|rule|Evasion Items Clause: Evasion items are banned
|rule|Evasion Moves Clause: Evasion moves are banned
|rule|Evasion Abilities Clause: Evasion abilities are banned
|rule|Sleep Moves Clause: Sleep-inducing moves are banned
|clearpoke
|poke|p1|Garganacl, M|
|poke|p1|Umbreon, F|
|poke|p1|Quaquaval, M|
|poke|p1|Articuno-Galar|
|poke|p1|Tsareena, F|
|poke|p1|Clawitzer, M|
|poke|p2|Golurk|
|poke|p2|Ninetales-Alola, F|
|poke|p2|Furret, M|
|poke|p2|Lucario, M|
|poke|p2|Gyarados, M|
|poke|p2|Darkrai|
|teampreview
|
|t:|1776034056
|teamsize|p1|6
|teamsize|p2|6
|start
|switch|p1a: Garganacl|Garganacl, M, shiny|100/100
|switch|p2a: Ninetales|Ninetales-Alola, F, shiny|100/100
|-weather|Snowscape|[from] ability: Snow Warning|[of] p2a: Ninetales
|turn|1
|inactive|Battle timer is ON: inactive players will automatically lose when time's up. (requested by ashurabocchi)
|
|t:|1776034069
|move|p2a: Ninetales|Aurora Veil|p2a: Ninetales
|-sidestart|p2: WhiteBug|move: Aurora Veil
|move|p1a: Garganacl|Salt Cure|p2a: Ninetales
|-supereffective|p2a: Ninetales
|-damage|p2a: Ninetales|87/100
|-start|p2a: Ninetales|Salt Cure
|
|-weather|Snowscape|[upkeep]
|-damage|p2a: Ninetales|75/100|[from] Salt Cure
|upkeep
|turn|2
|
|t:|1776034082
|switch|p2a: Lucario|Lucario, M|100/100
|move|p1a: Garganacl|Stealth Rock|p2a: Lucario
|-sidestart|p2: WhiteBug|move: Stealth Rock
|
|-weather|Snowscape|[upkeep]
|upkeep
|turn|3
|
|t:|1776034089
|-terastallize|p1a: Garganacl|Ghost
|move|p2a: Lucario|High Jump Kick|p1a: Garganacl
|-immune|p1a: Garganacl
|-damage|p2a: Lucario|51/100|[from] highjumpkick
|move|p1a: Garganacl|Salt Cure|p2a: Lucario
|-resisted|p2a: Lucario
|-damage|p2a: Lucario|48/100
|-start|p2a: Lucario|Salt Cure
|
|-weather|Snowscape|[upkeep]
|-damage|p2a: Lucario|23/100|[from] Salt Cure
|upkeep
|turn|4
|
|t:|1776034105
|move|p2a: Lucario|Ice Punch|p1a: Garganacl
|-damage|p1a: Garganacl|88/100
|move|p1a: Garganacl|Salt Cure|p2a: Lucario
|-resisted|p2a: Lucario
|-damage|p2a: Lucario|20/100
|
|-weather|Snowscape|[upkeep]
|-heal|p1a: Garganacl|94/100|[from] item: Leftovers
|-damage|p2a: Lucario|0 fnt|[from] Salt Cure
|faint|p2a: Lucario
|upkeep
|
|t:|1776034122
|switch|p2a: Golurk|Golurk, shiny|100/100
|-damage|p2a: Golurk|94/100|[from] Stealth Rock
|turn|5
|
|t:|1776034128
|move|p2a: Golurk|Shadow Punch|p1a: Garganacl
|-supereffective|p1a: Garganacl
|-damage|p1a: Garganacl|72/100
|move|p1a: Garganacl|Salt Cure|p2a: Golurk
|-resisted|p2a: Golurk
|-damage|p2a: Golurk|91/100
|-start|p2a: Golurk|Salt Cure
|
|-weather|Snowscape|[upkeep]
|-heal|p1a: Garganacl|78/100|[from] item: Leftovers
|-damage|p2a: Golurk|78/100|[from] Salt Cure
|-sideend|p2: WhiteBug|move: Aurora Veil
|upkeep
|turn|6
|
|t:|1776034140
|switch|p1a: Quaquaval|Quaquaval, M, shiny|100/100
|move|p2a: Golurk|Shadow Punch|p1a: Quaquaval
|-damage|p1a: Quaquaval|43/100
|
|-weather|Snowscape|[upkeep]
|-damage|p2a: Golurk|66/100|[from] Salt Cure
|upkeep
|turn|7
|inactive|WhiteBug has 120 seconds left.
|
|t:|1776034163
|move|p1a: Quaquaval|Knock Off|p2a: Golurk
|-supereffective|p2a: Golurk
|-damage|p2a: Golurk|0 fnt
|-enditem|p2a: Golurk|Assault Vest|[from] move: Knock Off|[of] p1a: Quaquaval
|faint|p2a: Golurk
|-ability|p1a: Quaquaval|Moxie|boost
|-boost|p1a: Quaquaval|atk|1
|
|-weather|Snowscape|[upkeep]
|upkeep
|
|t:|1776034167
|switch|p2a: Darkrai|Darkrai|100/100
|-damage|p2a: Darkrai|88/100|[from] Stealth Rock
|turn|8
|
|t:|1776034175
|switch|p1a: Umbreon|Umbreon, F, shiny|100/100
|move|p2a: Darkrai|Focus Blast|p1a: Umbreon|[miss]
|-miss|p2a: Darkrai|p1a: Umbreon
|
|-weather|none
|upkeep
|turn|9
|
|t:|1776034182
|move|p2a: Darkrai|Focus Blast|p1a: Umbreon
|-supereffective|p1a: Umbreon
|-damage|p1a: Umbreon|38/100
|move|p1a: Umbreon|Toxic|p2a: Darkrai
|-status|p2a: Darkrai|tox
|
|-heal|p1a: Umbreon|44/100|[from] item: Leftovers
|-damage|p2a: Darkrai|82/100 tox|[from] psn
|upkeep
|turn|10
|
|t:|1776034190
|move|p1a: Umbreon|Protect|p1a: Umbreon
|-singleturn|p1a: Umbreon|Protect
|move|p2a: Darkrai|Focus Blast|p1a: Umbreon
|-activate|p1a: Umbreon|move: Protect
|
|-heal|p1a: Umbreon|50/100|[from] item: Leftovers
|-damage|p2a: Darkrai|70/100 tox|[from] psn
|upkeep
|turn|11
|
|t:|1776034196
|switch|p1a: Garganacl|Garganacl, M, shiny, tera:Ghost|78/100
|move|p2a: Darkrai|Focus Blast|p1a: Garganacl
|-immune|p1a: Garganacl
|
|-heal|p1a: Garganacl|84/100|[from] item: Leftovers
|-damage|p2a: Darkrai|52/100 tox|[from] psn
|upkeep
|turn|12
|
|t:|1776034212
|switch|p2a: Furret|Furret, M|100/100
|-damage|p2a: Furret|88/100|[from] Stealth Rock
|-item|p1a: Garganacl|Leftovers|[from] ability: Frisk|[of] p2a: Furret
|move|p1a: Garganacl|Salt Cure|p2a: Furret
|-damage|p2a: Furret|67/100
|-start|p2a: Furret|Salt Cure
|
|-heal|p1a: Garganacl|90/100|[from] item: Leftovers
|-damage|p2a: Furret|55/100|[from] Salt Cure
|upkeep
|turn|13
|
|t:|1776034229
|move|p2a: Furret|Trick|p1a: Garganacl
|-activate|p2a: Furret|move: Trick|[of] p1a: Garganacl
|-item|p1a: Garganacl|Choice Band|[from] move: Trick
|-item|p2a: Furret|Leftovers|[from] move: Trick
|move|p1a: Garganacl|Body Press|p2a: Furret
|-supereffective|p2a: Furret
|-damage|p2a: Furret|0 fnt
|faint|p2a: Furret
|
|upkeep
|
|t:|1776034241
|switch|p2a: Gyarados|Gyarados, M, shiny|100/100
|-damage|p2a: Gyarados|76/100|[from] Stealth Rock
|turn|14
|
|t:|1776034251
|switch|p1a: Umbreon|Umbreon, F, shiny|50/100
|-terastallize|p2a: Gyarados|Flying
|move|p2a: Gyarados|Dragon Dance|p2a: Gyarados
|-boost|p2a: Gyarados|atk|1
|-boost|p2a: Gyarados|spe|1
|
|-heal|p2a: Gyarados|82/100|[from] item: Leftovers
|-heal|p1a: Umbreon|56/100|[from] item: Leftovers
|upkeep
|turn|15
|
|t:|1776034266
|move|p2a: Gyarados|Earthquake|p1a: Umbreon
|-damage|p1a: Umbreon|12/100
|move|p1a: Umbreon|Foul Play|p2a: Gyarados
|-damage|p2a: Gyarados|0 fnt
|faint|p2a: Gyarados
|
|-heal|p1a: Umbreon|19/100|[from] item: Leftovers
|upkeep
|inactive|WhiteBug has 120 seconds left.
|
|t:|1776034281
|switch|p2a: Darkrai|Darkrai|52/100 tox
|-damage|p2a: Darkrai|39/100 tox|[from] Stealth Rock
|turn|16
|
|t:|1776034287
|move|p1a: Umbreon|Protect|p1a: Umbreon
|-singleturn|p1a: Umbreon|Protect
|move|p2a: Darkrai|Ice Beam|p1a: Umbreon
|-activate|p1a: Umbreon|move: Protect
|
|-heal|p1a: Umbreon|25/100|[from] item: Leftovers
|-damage|p2a: Darkrai|33/100 tox|[from] psn
|upkeep
|turn|17
|
|t:|1776034295
|move|p2a: Darkrai|Ice Beam|p1a: Umbreon
|-damage|p1a: Umbreon|0 fnt
|faint|p1a: Umbreon
|
|-damage|p2a: Darkrai|21/100 tox|[from] psn
|upkeep
|
|t:|1776034300
|switch|p1a: Quaquaval|Quaquaval, M, shiny|43/100
|turn|18
|
|t:|1776034306
|switch|p2a: Ninetales|Ninetales-Alola, F, shiny|75/100
|-damage|p2a: Ninetales|50/100|[from] Stealth Rock
|-weather|Snowscape|[from] ability: Snow Warning|[of] p2a: Ninetales
|move|p1a: Quaquaval|Aqua Step|p2a: Ninetales
|-damage|p2a: Ninetales|6/100
|-boost|p1a: Quaquaval|spe|1
|
|-weather|Snowscape|[upkeep]
|upkeep
|turn|19
|
|t:|1776034315
|move|p1a: Quaquaval|Aqua Step|p2a: Ninetales
|-damage|p2a: Ninetales|0 fnt
|-boost|p1a: Quaquaval|spe|1
|faint|p2a: Ninetales
|-ability|p1a: Quaquaval|Moxie|boost
|-boost|p1a: Quaquaval|atk|1
|
|-weather|Snowscape|[upkeep]
|upkeep
|
|t:|1776034318
|switch|p2a: Darkrai|Darkrai|21/100 tox
|-damage|p2a: Darkrai|9/100 tox|[from] Stealth Rock
|turn|20
|
|t:|1776034326
|move|p1a: Quaquaval|Aqua Step|p2a: Darkrai
|-damage|p2a: Darkrai|0 fnt
|-boost|p1a: Quaquaval|spe|1
|faint|p2a: Darkrai
|
|win|ashurabocchi
|raw|ashurabocchi's rating: 1085 &rarr; <strong>1112</strong><br />(+27 for winning)
|raw|WhiteBug's rating: 1079 &rarr; <strong>1058</strong><br />(-21 for losing)
|l|☆WhiteBug
|player|p2|
|l|☆ashurabocchi
|player|p1|
