|html|<div class="broadcast-blue"><strong>[Gen 9] OU is currently suspecting Tera Blast! For information on how to participate check out the <a href="https://www.smogon.com/tools/suspects/view/200">suspect thread</a>.</strong></div>
|j|‽squid3011
|j|☆Zip By
|t:|1776124970
|gametype|singles
|player|p1|squid3011|benga|1273
|player|p2|Zip By|acetrainer-gen4dp|1326
|gen|9
|tier|[Gen 9] OU
|rated|
|rule|HP Percentage Mod: HP is shown in percentages
|rule|Endless Battle Clause: Forcing endless battles is banned
|rule|Species Clause: Limit one of each Pokémon
|rule|OHKO Clause: OHKO moves are banned
|rule|Evasion Items Clause: Evasion items are banned
|rule|Evasion Moves Clause: Evasion moves are banned
|rule|Evasion Abilities Clause: Evasion abilities are banned
|rule|Sleep Moves Clause: Sleep-inducing moves are banned
|clearpoke
|poke|p1|Hydrapple, M|
|poke|p1|Tyranitar, F|
|poke|p1|Moltres|
|poke|p1|Zamazenta-*|
|poke|p1|Slowking-Galar, F|
|poke|p1|Excadrill, F|
|poke|p2|Thundurus-Therian, M|
|poke|p2|Pelipper, M|
|poke|p2|Barraskewda, M|
|poke|p2|Iron Treads|
|poke|p2|Kingambit, M|
|poke|p2|Serperior, M|
|teampreview
|inactive|Battle timer is ON: inactive players will automatically lose when time's up. (requested by squid3011)
|
|t:|1776124982
|teamsize|p1|6
|teamsize|p2|6
|start
|switch|p1a: Tyranitar|Tyranitar, F|100/100
|switch|p2a: Legalize Nukes|Thundurus-Therian, M, shiny|100/100
|-weather|Sandstorm|[from] ability: Sand Stream|[of] p1a: Tyranitar
|turn|1
|
|t:|1776124993
|move|p2a: Legalize Nukes|Focus Blast|p1a: Tyranitar
|-supereffective|p1a: Tyranitar
|-damage|p1a: Tyranitar|0 fnt
|faint|p1a: Tyranitar
|
|-weather|Sandstorm|[upkeep]
|-damage|p2a: Legalize Nukes|94/100|[from] Sandstorm
|upkeep
|c|☆Zip By|Nukes are now legal
|
|t:|1776125001
|switch|p1a: Slowking|Slowking-Galar, F|100/100
|turn|2
|
|t:|1776125005
|switch|p2a: Iron Treads|Iron Treads, shiny|100/100
|move|p1a: Slowking|Ice Beam|p2a: Iron Treads
|-damage|p2a: Iron Treads|69/100
|
|-weather|Sandstorm|[upkeep]
|-damage|p1a: Slowking|94/100|[from] Sandstorm
|-heal|p2a: Iron Treads|75/100|[from] item: Leftovers
|upkeep
|turn|3
|
|t:|1776125012
|move|p2a: Iron Treads|Knock Off|p1a: Slowking
|-supereffective|p1a: Slowking
|-damage|p1a: Slowking|46/100
|-enditem|p1a: Slowking|Assault Vest|[from] move: Knock Off|[of] p2a: Iron Treads
|move|p1a: Slowking|Flamethrower|p2a: Iron Treads
|-supereffective|p2a: Iron Treads
|-damage|p2a: Iron Treads|14/100
|
|-weather|Sandstorm|[upkeep]
|-damage|p1a: Slowking|39/100|[from] Sandstorm
|-heal|p2a: Iron Treads|20/100|[from] item: Leftovers
|upkeep
|turn|4
|
|t:|1776125020
|switch|p1a: Moltres|Moltres|100/100
|move|p2a: Iron Treads|Earthquake|p1a: Moltres
|-immune|p1a: Moltres
|
|-weather|Sandstorm|[upkeep]
|-damage|p1a: Moltres|94/100|[from] Sandstorm
|-heal|p2a: Iron Treads|26/100|[from] item: Leftovers
|upkeep
|turn|5
|
|t:|1776125028
|move|p2a: Iron Treads|Knock Off|p1a: Moltres
|-damage|p1a: Moltres|75/100
|-enditem|p1a: Moltres|Heavy-Duty Boots|[from] move: Knock Off|[of] p2a: Iron Treads
|move|p1a: Moltres|Flamethrower|p2a: Iron Treads
|-supereffective|p2a: Iron Treads
|-damage|p2a: Iron Treads|0 fnt
|faint|p2a: Iron Treads
|-end|p2a: Iron Treads|Quark Drive|[silent]
|
|-weather|Sandstorm|[upkeep]
|-damage|p1a: Moltres|69/100|[from] Sandstorm
|upkeep
|
|t:|1776125031
|switch|p2a: Legalize Nukes|Thundurus-Therian, M, shiny|94/100
|turn|6
|
|t:|1776125040
|switch|p1a: Excadrill|Excadrill, F|100/100
|-item|p1a: Excadrill|Air Balloon
|move|p2a: Legalize Nukes|Focus Blast|p1a: Excadrill
|-supereffective|p1a: Excadrill
|-damage|p1a: Excadrill|0 fnt
|-enditem|p1a: Excadrill|Air Balloon
|faint|p1a: Excadrill
|
|-weather|Sandstorm|[upkeep]
|-damage|p2a: Legalize Nukes|88/100|[from] Sandstorm
|upkeep
|-message|squid3011 forfeited.
|
|win|Zip By
|raw|squid3011's rating: 1273 &rarr; <strong>1252</strong><br />(-21 for losing)
|raw|Zip By's rating: 1326 &rarr; <strong>1343</strong><br />(+17 for winning)
|l|‽squid3011
|player|p1|
