|html|<div class="broadcast-blue"><strong>[Gen 9] OU is currently suspecting Tera Blast! For information on how to participate check out the <a href="https://www.smogon.com/tools/suspects/view/200">suspect thread</a>.</strong></div>
|j|☆kopv18
|j|☆Samarand
|t:|1776187149
|gametype|singles
|player|p1|kopv18|bugcatcher-gen4dp|1546
|player|p2|Samarand|birdkeeper-gen4dp|1486
|gen|9
|tier|[Gen 9] OU
|rated|
|rule|HP Percentage Mod: HP is shown in percentages
|rule|Endless Battle Clause: Forcing endless battles is banned
|rule|Species Clause: Limit one of each Pokémon
|rule|OHKO Clause: OHKO moves are banned
|rule|Evasion Items Clause: Evasion items are banned
|rule|Evasion Moves Clause: Evasion moves are banned
|rule|Evasion Abilities Clause: Evasion abilities are banned
|rule|Sleep Moves Clause: Sleep-inducing moves are banned
|clearpoke
|poke|p1|Tyranitar, M|
|poke|p1|Kingambit, F|
|poke|p1|Excadrill, M|
|poke|p1|Chimecho, M|
|poke|p1|Cinderace, M|
|poke|p1|Hydrapple, F|
|poke|p2|Infernape, M|
|poke|p2|Delphox, F|
|poke|p2|Zapdos|
|poke|p2|Leafeon, M|
|poke|p2|Ninetales, F|
|poke|p2|Great Tusk|
|teampreview
|
|t:|1776187206
|teamsize|p1|6
|teamsize|p2|6
|start
|switch|p1a: Tyranitar|Tyranitar, M|100/100
|switch|p2a: Dave|Infernape, M|100/100
|-weather|Sandstorm|[from] ability: Sand Stream|[of] p1a: Tyranitar
|turn|1
|
|t:|1776187216
|switch|p1a: Chimecho|Chimecho, M|100/100
|move|p2a: Dave|Close Combat|p1a: Chimecho
|-resisted|p1a: Chimecho
|-damage|p1a: Chimecho|78/100
|-unboost|p2a: Dave|def|1
|-unboost|p2a: Dave|spd|1
|
|-weather|Sandstorm|[upkeep]
|-damage|p2a: Dave|94/100|[from] Sandstorm
|-damage|p1a: Chimecho|71/100|[from] Sandstorm
|-heal|p1a: Chimecho|78/100|[from] item: Leftovers
|upkeep
|turn|2
|
|t:|1776187222
|switch|p2a: Eleya|Ninetales, F|100/100
|-weather|SunnyDay|[from] ability: Drought|[of] p2a: Eleya
|move|p1a: Chimecho|Future Sight|p2a: Eleya
|-start|p1a: Chimecho|move: Future Sight
|
|-weather|SunnyDay|[upkeep]
|-heal|p1a: Chimecho|84/100|[from] item: Leftovers
|upkeep
|turn|3
|
|t:|1776187229
|switch|p1a: Tyranitar|Tyranitar, M|100/100
|-weather|Sandstorm|[from] ability: Sand Stream|[of] p1a: Tyranitar
|move|p2a: Eleya|Encore||[still]
|-fail|p2a: Eleya
|
|-weather|Sandstorm|[upkeep]
|-damage|p2a: Eleya|94/100|[from] Sandstorm
|upkeep
|turn|4
|
|t:|1776187233
|switch|p2a: Turbo Genius|Great Tusk|100/100
|move|p1a: Tyranitar|Stone Edge|p2a: Turbo Genius
|-resisted|p2a: Turbo Genius
|-damage|p2a: Turbo Genius|86/100
|
|-weather|Sandstorm|[upkeep]
|-end|p2a: Turbo Genius|move: Future Sight
|-supereffective|p2a: Turbo Genius
|-crit|p2a: Turbo Genius
|-damage|p2a: Turbo Genius|0 fnt
|faint|p2a: Turbo Genius
|-end|p2a: Turbo Genius|Protosynthesis|[silent]
|upkeep
|
|t:|1776187246
|switch|p2a: Eleya|Ninetales, F|94/100
|-weather|SunnyDay|[from] ability: Drought|[of] p2a: Eleya
|turn|5
|
|t:|1776187254
|move|p2a: Eleya|Will-O-Wisp|p1a: Tyranitar
|-status|p1a: Tyranitar|brn
|move|p1a: Tyranitar|Stone Edge|p2a: Eleya
|-supereffective|p2a: Eleya
|-damage|p2a: Eleya|0 fnt
|faint|p2a: Eleya
|
|-weather|SunnyDay|[upkeep]
|-damage|p1a: Tyranitar|94/100 brn|[from] brn
|upkeep
|
|t:|1776187261
|switch|p2a: Hans|Leafeon, M|100/100
|turn|6
|
|t:|1776187273
|switch|p1a: Hydrapple|Hydrapple, F|100/100
|move|p2a: Hans|Solar Blade||[still]
|-prepare|p2a: Hans|Solar Blade
|-anim|p2a: Hans|Solar Blade|p1a: Hydrapple
|-resisted|p1a: Hydrapple
|-damage|p1a: Hydrapple|85/100
|-damage|p2a: Hans|91/100|[from] item: Life Orb
|
|-weather|SunnyDay|[upkeep]
|upkeep
|turn|7
|
|t:|1776187284
|-terastallize|p2a: Hans|Fire
|move|p2a: Hans|Tera Blast|p1a: Hydrapple|[anim] Tera Blast Fire
|-damage|p1a: Hydrapple|21/100
|-damage|p2a: Hans|81/100|[from] item: Life Orb
|move|p1a: Hydrapple|Fickle Beam|p2a: Hans|[anim] Fickle Beam All Out
|-activate|p1a: Hydrapple|move: Fickle Beam
|-damage|p2a: Hans|0 fnt
|faint|p2a: Hans
|-damage|p1a: Hydrapple|11/100|[from] item: Life Orb
|
|-weather|SunnyDay|[upkeep]
|upkeep
|
|t:|1776187287
|switch|p2a: Hecate|Delphox, F|100/100
|turn|8
|
|t:|1776187295
|move|p2a: Hecate|Flamethrower|p1a: Hydrapple
|-damage|p1a: Hydrapple|0 fnt
|faint|p1a: Hydrapple
|
|-weather|SunnyDay|[upkeep]
|upkeep
|
|t:|1776187297
|switch|p1a: Tyranitar|Tyranitar, M|94/100 brn
|-weather|Sandstorm|[from] ability: Sand Stream|[of] p1a: Tyranitar
|turn|9
|
|t:|1776187304
|switch|p2a: Dusty|Zapdos|100/100
|switch|p1a: Excadrill|Excadrill, M|100/100
|
|-weather|Sandstorm|[upkeep]
|-damage|p2a: Dusty|94/100|[from] Sandstorm
|upkeep
|turn|10
|
|t:|1776187316
|switch|p1a: Tyranitar|Tyranitar, M|94/100 brn
|move|p2a: Dusty|Roost|p2a: Dusty
|-heal|p2a: Dusty|100/100
|-singleturn|p2a: Dusty|move: Roost
|
|-weather|Sandstorm|[upkeep]
|-damage|p2a: Dusty|94/100|[from] Sandstorm
|-damage|p1a: Tyranitar|88/100 brn|[from] brn
|upkeep
|turn|11
|
|t:|1776187322
|move|p2a: Dusty|Thunderbolt|p1a: Tyranitar
|-damage|p1a: Tyranitar|47/100 brn
|move|p1a: Tyranitar|Stone Edge|p2a: Dusty
|-supereffective|p2a: Dusty
|-damage|p2a: Dusty|4/100
|
|-weather|Sandstorm|[upkeep]
|-damage|p2a: Dusty|0 fnt|[from] Sandstorm
|faint|p2a: Dusty
|-damage|p1a: Tyranitar|41/100 brn|[from] brn
|upkeep
|
|t:|1776187329
|switch|p2a: Dave|Infernape, M|94/100
|turn|12
|
|t:|1776187333
|switch|p1a: Chimecho|Chimecho, M|84/100
|move|p2a: Dave|Close Combat|p1a: Chimecho
|-resisted|p1a: Chimecho
|-damage|p1a: Chimecho|61/100
|-unboost|p2a: Dave|def|1
|-unboost|p2a: Dave|spd|1
|
|-weather|Sandstorm|[upkeep]
|-damage|p2a: Dave|88/100|[from] Sandstorm
|-damage|p1a: Chimecho|55/100|[from] Sandstorm
|-heal|p1a: Chimecho|61/100|[from] item: Leftovers
|upkeep
|turn|13
|
|t:|1776187340
|move|p2a: Dave|Flare Blitz|p1a: Chimecho
|-damage|p1a: Chimecho|13/100
|-damage|p2a: Dave|69/100|[from] Recoil
|move|p1a: Chimecho|Heal Bell|p1a: Chimecho
|-activate|p1a: Chimecho|move: Heal Bell
|-curestatus|p1: Tyranitar|brn|[msg]
|
|-weather|none
|-heal|p1a: Chimecho|20/100|[from] item: Leftovers
|upkeep
|turn|14
|
|t:|1776187347
|move|p2a: Dave|Flare Blitz|p1a: Chimecho
|-damage|p1a: Chimecho|0 fnt
|faint|p1a: Chimecho
|-damage|p2a: Dave|62/100|[from] Recoil
|
|upkeep
|
|t:|1776187351
|switch|p1a: Tyranitar|Tyranitar, M|41/100
|-weather|Sandstorm|[from] ability: Sand Stream|[of] p1a: Tyranitar
|turn|15
|
|t:|1776187355
|move|p2a: Dave|Close Combat|p1a: Tyranitar
|-supereffective|p1a: Tyranitar
|-damage|p1a: Tyranitar|0 fnt
|-unboost|p2a: Dave|def|1
|-unboost|p2a: Dave|spd|1
|faint|p1a: Tyranitar
|
|-weather|Sandstorm|[upkeep]
|-damage|p2a: Dave|55/100|[from] Sandstorm
|upkeep
|
|t:|1776187358
|switch|p1a: Excadrill|Excadrill, M|100/100
|turn|16
|
|t:|1776187362
|switch|p2a: Hecate|Delphox, F|100/100
|move|p1a: Excadrill|Earthquake|p2a: Hecate
|-supereffective|p2a: Hecate
|-damage|p2a: Hecate|0 fnt
|faint|p2a: Hecate
|
|-weather|Sandstorm|[upkeep]
|upkeep
|
|t:|1776187364
|switch|p2a: Dave|Infernape, M|55/100
|turn|17
|
|t:|1776187368
|move|p1a: Excadrill|Earthquake|p2a: Dave
|-supereffective|p2a: Dave
|-damage|p2a: Dave|0 fnt
|faint|p2a: Dave
|
|win|kopv18
|raw|kopv18's rating: 1546 &rarr; <strong>1563</strong><br />(+17 for winning)
|raw|Samarand's rating: 1486 &rarr; <strong>1469</strong><br />(-17 for losing)
|l|☆Samarand
|player|p2|
