|html|<div class="broadcast-blue"><strong>[Gen 9] OU is currently suspecting Tera Blast! For information on how to participate check out the <a href="https://www.smogon.com/tools/suspects/view/200">suspect thread</a>.</strong></div>
|j|☆FaZe_staln
|j|☆Yokuuwayne
|t:|1776087808
|gametype|singles
|player|p1|FaZe_staln|170|1157
|player|p2|Yokuuwayne|waiter|1099
|gen|9
|tier|[Gen 9] OU
|rated|
|rule|HP Percentage Mod: HP is shown in percentages
|rule|Endless Battle Clause: Forcing endless battles is banned
|rule|Species Clause: Limit one of each Pokémon
|rule|OHKO Clause: OHKO moves are banned
|rule|Evasion Items Clause: Evasion items are banned
|rule|Evasion Moves Clause: Evasion moves are banned
|rule|Evasion Abilities Clause: Evasion abilities are banned
|rule|Sleep Moves Clause: Sleep-inducing moves are banned
|clearpoke
|poke|p1|Glimmora, F|
|poke|p1|Ting-Lu|
|poke|p1|Dragapult, F|
|poke|p1|Primarina, F|
|poke|p1|Arcanine-Hisui, F|
|poke|p1|Ogerpon, F|
|poke|p2|Scizor, M|
|poke|p2|Azumarill, F|
|poke|p2|Hippowdon, F|
|poke|p2|Cinderace, M|
|poke|p2|Cloyster, F|
|poke|p2|Zarude-Dada|
|teampreview
|j| ohko_smeargle
|inactive|Battle timer is ON: inactive players will automatically lose when time's up. (requested by FaZe_staln)
|
|t:|1776087823
|teamsize|p1|6
|teamsize|p2|6
|start
|switch|p1a: Glimmora|Glimmora, F|100/100
|switch|p2a: Zup4dan|Cloyster, F, shiny|100/100
|-item|p1a: Glimmora|Air Balloon
|turn|1
|
|t:|1776087833
|move|p1a: Glimmora|Stealth Rock|p2a: Zup4dan
|-sidestart|p2: Yokuuwayne|move: Stealth Rock
|move|p2a: Zup4dan|Shell Smash|p2a: Zup4dan
|-unboost|p2a: Zup4dan|def|1
|-unboost|p2a: Zup4dan|spd|1
|-boost|p2a: Zup4dan|atk|2
|-boost|p2a: Zup4dan|spa|2
|-boost|p2a: Zup4dan|spe|2
|
|upkeep
|turn|2
|
|t:|1776087843
|move|p2a: Zup4dan|Shell Smash|p2a: Zup4dan
|-unboost|p2a: Zup4dan|def|1
|-unboost|p2a: Zup4dan|spd|1
|-boost|p2a: Zup4dan|atk|2
|-boost|p2a: Zup4dan|spa|2
|-boost|p2a: Zup4dan|spe|2
|move|p1a: Glimmora|Sludge Bomb|p2a: Zup4dan
|-enditem|p2a: Zup4dan|Focus Sash
|-damage|p2a: Zup4dan|1/100
|
|upkeep
|turn|3
|
|t:|1776087854
|move|p1a: Glimmora|Spiky Shield|p1a: Glimmora
|-singleturn|p1a: Glimmora|move: Protect
|move|p2a: Zup4dan|Razor Shell|p1a: Glimmora
|-activate|p1a: Glimmora|move: Protect
|-damage|p2a: Zup4dan|0 fnt|[from] Spiky Shield|[of] p1a: Glimmora
|faint|p2a: Zup4dan
|
|upkeep
|
|t:|1776087868
|switch|p2a: Cadbury|Azumarill, F, shiny|100/100
|-damage|p2a: Cadbury|88/100|[from] Stealth Rock
|turn|4
|
|t:|1776087887
|move|p1a: Glimmora|Sludge Bomb|p2a: Cadbury
|-supereffective|p2a: Cadbury
|-damage|p2a: Cadbury|5/100
|-status|p2a: Cadbury|psn
|-enditem|p2a: Cadbury|Sitrus Berry|[eat]
|-heal|p2a: Cadbury|30/100 psn|[from] item: Sitrus Berry
|move|p2a: Cadbury|Play Rough|p1a: Glimmora
|-resisted|p1a: Glimmora
|-damage|p1a: Glimmora|73/100
|-activate|p1a: Glimmora|ability: Toxic Debris
|-sidestart|p2: Yokuuwayne|move: Toxic Spikes
|-enditem|p1a: Glimmora|Air Balloon
|
|-damage|p2a: Cadbury|18/100 psn|[from] psn
|upkeep
|turn|5
|
|t:|1776087902
|move|p1a: Glimmora|Sludge Bomb|p2a: Cadbury
|-supereffective|p2a: Cadbury
|-damage|p2a: Cadbury|0 fnt
|faint|p2a: Cadbury
|
|upkeep
|inactive|Yokuuwayne has 120 seconds left.
|
|t:|1776087917
|switch|p2a: Cool Whwip|Zarude-Dada|100/100
|turn|6
|
|t:|1776087923
|move|p2a: Cool Whwip|Power Whip|p1a: Glimmora
|-crit|p1a: Glimmora
|-damage|p1a: Glimmora|0 fnt
|-activate|p1a: Glimmora|ability: Toxic Debris
|-sidestart|p2: Yokuuwayne|move: Toxic Spikes
|faint|p1a: Glimmora
|
|upkeep
|
|t:|1776087938
|switch|p1a: Primarina|Primarina, F|100/100
|turn|7
|
|t:|1776087949
|move|p2a: Cool Whwip|Power Whip|p1a: Primarina
|-supereffective|p1a: Primarina
|-damage|p1a: Primarina|0 fnt
|faint|p1a: Primarina
|
|upkeep
|
|t:|1776087956
|switch|p1a: Ogerpon|Ogerpon, F|100/100
|turn|8
|
|t:|1776087961
|move|p2a: Cool Whwip|Knock Off|p1a: Ogerpon
|-damage|p1a: Ogerpon|48/100
|-damage|p2a: Cool Whwip|84/100|[from] item: Rocky Helmet|[of] p1a: Ogerpon
|-enditem|p1a: Ogerpon|Rocky Helmet|[from] move: Knock Off|[of] p2a: Cool Whwip
|move|p1a: Ogerpon|Swords Dance|p1a: Ogerpon
|-boost|p1a: Ogerpon|atk|2
|
|upkeep
|turn|9
|
|t:|1776087969
|move|p2a: Cool Whwip|Knock Off|p1a: Ogerpon
|-crit|p1a: Ogerpon
|-damage|p1a: Ogerpon|0 fnt
|faint|p1a: Ogerpon
|
|upkeep
|c|☆FaZe_staln|ofc the crit
|c|☆FaZe_staln|lcuky
|c|☆FaZe_staln|lucky*
|
|t:|1776087984
|switch|p1a: Arcanine|Arcanine-Hisui, F|100/100
|turn|10
|c|☆Yokuuwayne|thanks
|
|t:|1776087993
|move|p2a: Cool Whwip|Knock Off|p1a: Arcanine
|-damage|p1a: Arcanine|63/100
|move|p1a: Arcanine|Flare Blitz|p2a: Cool Whwip
|-supereffective|p2a: Cool Whwip
|-damage|p2a: Cool Whwip|0 fnt
|faint|p2a: Cool Whwip
|
|upkeep
|c|☆Yokuuwayne|ah no items
|
|t:|1776088003
|switch|p2a: Bigmama|Hippowdon, F, shiny|100/100
|-damage|p2a: Bigmama|94/100|[from] Stealth Rock
|-status|p2a: Bigmama|tox
|-weather|Sandstorm|[from] ability: Sand Stream|[of] p2a: Bigmama
|turn|11
|
|t:|1776088012
|-terastallize|p1a: Arcanine|Normal
|move|p1a: Arcanine|Double-Edge|p2a: Bigmama
|-damage|p2a: Bigmama|48/100 tox
|-damage|p1a: Arcanine|46/100|[from] item: Rocky Helmet|[of] p2a: Bigmama
|move|p2a: Bigmama|Earthquake|p1a: Arcanine
|-damage|p1a: Arcanine|0 fnt
|faint|p1a: Arcanine
|
|-weather|Sandstorm|[upkeep]
|-damage|p2a: Bigmama|42/100 tox|[from] psn
|upkeep
|
|t:|1776088021
|switch|p1a: Dragapult|Dragapult, F|100/100
|turn|12
|
|t:|1776088032
|move|p1a: Dragapult|Dragon Darts|p2a: Bigmama
|-damage|p2a: Bigmama|15/100 tox
|-anim|p1a: Dragapult|Dragon Darts|p2a: Bigmama
|-damage|p2a: Bigmama|0 fnt
|faint|p2a: Bigmama
|
|-weather|Sandstorm|[upkeep]
|-damage|p1a: Dragapult|95/100|[from] Sandstorm
|upkeep
|
|t:|1776088042
|switch|p2a: Cinderace|Cinderace, M|100/100
|-damage|p2a: Cinderace|76/100|[from] Stealth Rock
|-status|p2a: Cinderace|tox
|turn|13
|
|t:|1776088052
|move|p2a: Cinderace|U-turn|p1a: Dragapult
|-start|p2a: Cinderace|typechange|Bug|[from] ability: Libero
|-resisted|p1a: Dragapult
|-damage|p1a: Dragapult|63/100
|
|t:|1776088057
|switch|p2a: Champ|Scizor, M|100/100|[from] U-turn
|-damage|p2a: Champ|88/100|[from] Stealth Rock
|move|p1a: Dragapult|Dragon Darts|p2a: Champ
|-resisted|p2a: Champ
|-damage|p2a: Champ|69/100
|-anim|p1a: Dragapult|Dragon Darts|p2a: Champ
|-resisted|p2a: Champ
|-damage|p2a: Champ|51/100
|
|-weather|Sandstorm|[upkeep]
|-damage|p1a: Dragapult|57/100|[from] Sandstorm
|-heal|p2a: Champ|57/100|[from] item: Leftovers
|upkeep
|turn|14
|
|t:|1776088072
|switch|p1a: Ting-Lu|Ting-Lu|100/100
|-ability|p1a: Ting-Lu|Vessel of Ruin
|move|p2a: Champ|Bullet Punch|p1a: Ting-Lu
|-damage|p1a: Ting-Lu|80/100
|
|-weather|Sandstorm|[upkeep]
|-heal|p2a: Champ|63/100|[from] item: Leftovers
|upkeep
|turn|15
|
|t:|1776088092
|move|p2a: Champ|Bug Bite|p1a: Ting-Lu
|-supereffective|p1a: Ting-Lu
|-damage|p1a: Ting-Lu|22/100
|move|p1a: Ting-Lu|Earthquake|p2a: Champ
|-damage|p2a: Champ|18/100
|
|-weather|none
|-heal|p2a: Champ|24/100|[from] item: Leftovers
|upkeep
|turn|16
|
|t:|1776088100
|move|p2a: Champ|Bug Bite|p1a: Ting-Lu
|-supereffective|p1a: Ting-Lu
|-damage|p1a: Ting-Lu|0 fnt
|faint|p1a: Ting-Lu
|
|-heal|p2a: Champ|30/100|[from] item: Leftovers
|upkeep
|
|t:|1776088103
|switch|p1a: Dragapult|Dragapult, F|57/100
|turn|17
|
|t:|1776088117
|move|p2a: Champ|Bullet Punch|p1a: Dragapult
|-damage|p1a: Dragapult|17/100
|move|p1a: Dragapult|Dragon Darts|p2a: Champ
|-resisted|p2a: Champ
|-damage|p2a: Champ|12/100
|-anim|p1a: Dragapult|Dragon Darts|p2a: Champ
|-resisted|p2a: Champ
|-damage|p2a: Champ|0 fnt
|faint|p2a: Champ
|
|upkeep
|c|☆FaZe_staln|ggs
|
|t:|1776088126
|switch|p2a: Cinderace|Cinderace, M|76/100 tox
|-damage|p2a: Cinderace|51/100 tox|[from] Stealth Rock
|turn|18
|c|☆FaZe_staln|i lose this
|c|☆Yokuuwayne|i have no effective moves, wym
|
|t:|1776088147
|move|p2a: Cinderace|Gunk Shot|p1a: Dragapult
|-start|p2a: Cinderace|typechange|Poison|[from] ability: Libero
|-resisted|p1a: Dragapult
|-damage|p1a: Dragapult|0 fnt
|faint|p1a: Dragapult
|
|win|Yokuuwayne
|raw|FaZe_staln's rating: 1157 &rarr; <strong>1128</strong><br />(-29 for losing)
|raw|Yokuuwayne's rating: 1099 &rarr; <strong>1128</strong><br />(+29 for winning)
|l| ohko_smeargle
|c|☆Yokuuwayne|oh ggs
|c|☆FaZe_staln|u turn wouldve done it too
|l|☆Yokuuwayne
|player|p2|
|l|☆FaZe_staln
|player|p1|
