|html|<div class="broadcast-blue"><strong>[Gen 9] OU is currently suspecting Tera Blast! For information on how to participate check out the <a href="https://www.smogon.com/tools/suspects/view/200">suspect thread</a>.</strong></div>
|j|☆typhoon9
|j|☆xrr and
|t:|1776135196
|gametype|singles
|player|p1|typhoon9|169|1425
|player|p2|xrr and|1|1390
|gen|9
|tier|[Gen 9] OU
|rated|
|rule|HP Percentage Mod: HP is shown in percentages
|rule|Endless Battle Clause: Forcing endless battles is banned
|rule|Species Clause: Limit one of each Pokémon
|rule|OHKO Clause: OHKO moves are banned
|rule|Evasion Items Clause: Evasion items are banned
|rule|Evasion Moves Clause: Evasion moves are banned
|rule|Evasion Abilities Clause: Evasion abilities are banned
|rule|Sleep Moves Clause: Sleep-inducing moves are banned
|clearpoke
|poke|p1|Hatterene, F|
|poke|p1|Ursaluna, M|
|poke|p1|Porygon2|
|poke|p1|Cresselia, F|
|poke|p1|Iron Hands|
|poke|p1|Volcanion|
|poke|p2|Ogerpon-Wellspring, F|
|poke|p2|Pecharunt|
|poke|p2|Great Tusk|
|poke|p2|Iron Crown|
|poke|p2|Landorus-Therian, M|
|poke|p2|Samurott-Hisui, M|
|teampreview
|
|t:|1776135216
|teamsize|p1|6
|teamsize|p2|6
|start
|switch|p1a: Brand|Hatterene, F, shiny|100/100
|switch|p2a: Iron Crown|Iron Crown|100/100
|turn|1
|
|t:|1776135228
|switch|p1a: Saturn|Volcanion|100/100
|move|p2a: Iron Crown|Tachyon Cutter|p1a: Saturn
|-resisted|p1a: Saturn
|-damage|p1a: Saturn|92/100
|-resisted|p1a: Saturn
|-damage|p1a: Saturn|82/100
|-hitcount|p1a: Saturn|2
|
|upkeep
|turn|2
|
|t:|1776135238
|-end|p2a: Iron Crown|Quark Drive|[silent]
|switch|p2a: Samurott|Samurott-Hisui, M|100/100
|move|p1a: Saturn|Flamethrower|p2a: Samurott
|-resisted|p2a: Samurott
|-damage|p2a: Samurott|66/100
|
|upkeep
|turn|3
|
|t:|1776135247
|move|p2a: Samurott|Ceaseless Edge|p1a: Saturn
|-damage|p1a: Saturn|42/100
|-sidestart|p1: typhoon9|Spikes
|move|p1a: Saturn|Flamethrower|p2a: Samurott
|-resisted|p2a: Samurott
|-damage|p2a: Samurott|30/100
|
|upkeep
|turn|4
|
|t:|1776135252
|move|p2a: Samurott|Ceaseless Edge|p1a: Saturn
|-damage|p1a: Saturn|1/100
|-sidestart|p1: typhoon9|Spikes
|move|p1a: Saturn|Flamethrower|p2a: Samurott
|-resisted|p2a: Samurott
|-damage|p2a: Samurott|0 fnt
|faint|p2a: Samurott
|
|upkeep
|inactive|Battle timer is ON: inactive players will automatically lose when time's up. (requested by typhoon9)
|
|t:|1776135262
|switch|p2a: Iron Crown|Iron Crown|100/100
|turn|5
|
|t:|1776135266
|switch|p1a: Miller|Cresselia, F, shiny|100/100
|move|p2a: Iron Crown|Tachyon Cutter|p1a: Miller
|-damage|p1a: Miller|77/100
|-damage|p1a: Miller|52/100
|-hitcount|p1a: Miller|2
|
|upkeep
|turn|6
|
|t:|1776135275
|-terastallize|p2a: Iron Crown|Steel
|move|p2a: Iron Crown|Tachyon Cutter|p1a: Miller
|-crit|p1a: Miller
|-damage|p1a: Miller|5/100
|-damage|p1a: Miller|0 fnt
|faint|p1a: Miller
|-hitcount|p1: Miller|2
|
|upkeep
|
|t:|1776135290
|switch|p1a: CASE|Iron Hands|100/100
|-damage|p1a: CASE|84/100|[from] Spikes
|-enditem|p1a: CASE|Booster Energy
|-activate|p1a: CASE|ability: Quark Drive|[fromitem]
|-start|p1a: CASE|quarkdriveatk
|turn|7
|
|t:|1776135295
|-end|p2a: Iron Crown|Quark Drive|[silent]
|switch|p2a: Pecharunt|Pecharunt|100/100
|move|p1a: CASE|Drain Punch|p2a: Pecharunt
|-immune|p2a: Pecharunt
|
|upkeep
|turn|8
|
|t:|1776135313
|move|p2a: Pecharunt|Parting Shot|p1a: CASE
|-unboost|p1a: CASE|atk|1
|-unboost|p1a: CASE|spa|1
|
|t:|1776135317
|switch|p2a: Landorus|Landorus-Therian, M|100/100|[from] Parting Shot
|-ability|p2a: Landorus|Intimidate|boost
|-unboost|p1a: CASE|atk|1
|move|p1a: CASE|Swords Dance|p1a: CASE
|-boost|p1a: CASE|atk|2
|
|upkeep
|turn|9
|
|t:|1776135326
|move|p2a: Landorus|Earthquake|p1a: CASE
|-supereffective|p1a: CASE
|-crit|p1a: CASE
|-damage|p1a: CASE|0 fnt
|faint|p1a: CASE
|-end|p1a: CASE|Quark Drive|[silent]
|
|upkeep
|
|t:|1776135335
|switch|p1a: TARS|Porygon2|100/100
|-damage|p1a: TARS|84/100|[from] Spikes
|-ability|p1a: TARS|Download|boost
|-boost|p1a: TARS|spa|1
|turn|10
|
|t:|1776135339
|move|p2a: Landorus|Earthquake|p1a: TARS
|-damage|p1a: TARS|46/100
|move|p1a: TARS|Trick Room|p1a: TARS
|-fieldstart|move: Trick Room|[of] p1a: TARS
|
|upkeep
|turn|11
|
|t:|1776135346
|switch|p2a: Iron Crown|Iron Crown, tera:Steel|100/100
|move|p1a: TARS|Ice Beam|p2a: Iron Crown
|-resisted|p2a: Iron Crown
|-damage|p2a: Iron Crown|78/100
|
|upkeep
|turn|12
|
|t:|1776135351
|-terastallize|p1a: TARS|Ground
|move|p1a: TARS|Tera Blast|p2a: Iron Crown|[anim] Tera Blast Ground
|-supereffective|p2a: Iron Crown
|-damage|p2a: Iron Crown|0 fnt
|faint|p2a: Iron Crown
|-end|p2a: Iron Crown|Quark Drive|[silent]
|
|upkeep
|
|t:|1776135359
|switch|p2a: Ogerpon|Ogerpon-Wellspring, F|100/100
|turn|13
|
|t:|1776135367
|move|p1a: TARS|Hyper Beam|p2a: Ogerpon
|-damage|p2a: Ogerpon|2/100
|-mustrecharge|p1a: TARS
|move|p2a: Ogerpon|Swords Dance|p2a: Ogerpon
|-boost|p2a: Ogerpon|atk|2
|
|upkeep
|turn|14
|
|t:|1776135373
|cant|p1a: TARS|recharge
|move|p2a: Ogerpon|Synthesis|p2a: Ogerpon
|-heal|p2a: Ogerpon|52/100
|
|-fieldend|move: Trick Room
|upkeep
|turn|15
|c|☆typhoon9|thats gotta be a roll
|
|t:|1776135380
|move|p2a: Ogerpon|Ivy Cudgel|p1a: TARS|[anim] Ivy Cudgel Water
|-supereffective|p1a: TARS
|-damage|p1a: TARS|0 fnt
|faint|p1a: TARS
|
|upkeep
|
|t:|1776135387
|switch|p1a: Brand|Hatterene, F, shiny|100/100
|-damage|p1a: Brand|84/100|[from] Spikes
|turn|16
|
|t:|1776135391
|move|p2a: Ogerpon|Ivy Cudgel|p1a: Brand|[anim] Ivy Cudgel Water
|-crit|p1a: Brand
|-damage|p1a: Brand|0 fnt
|faint|p1a: Brand
|
|upkeep
|c|☆typhoon9|ggs
|
|t:|1776135396
|switch|p1a: Mann|Ursaluna, M|100/100
|-damage|p1a: Mann|84/100|[from] Spikes
|turn|17
|
|t:|1776135400
|switch|p1a: Saturn|Volcanion|1/100
|-damage|p1a: Saturn|0 fnt|[from] Spikes
|faint|p1a: Saturn
|move|p2a: Ogerpon|Ivy Cudgel|p1: Saturn|[notarget]
|-fail|p2a: Ogerpon
|
|upkeep
|-message|typhoon9 forfeited.
|
|win|xrr and
|raw|typhoon9's rating: 1425 &rarr; <strong>1403</strong><br />(-22 for losing)
|raw|xrr and's rating: 1390 &rarr; <strong>1412</strong><br />(+22 for winning)
|l|☆typhoon9
|player|p1|
