|html|<div class="broadcast-blue"><strong>[Gen 9] OU is currently suspecting Tera Blast! For information on how to participate check out the <a href="https://www.smogon.com/tools/suspects/view/200">suspect thread</a>.</strong></div>
|j|☆okbomber
|j|☆Silksong FC
|t:|1776054455
|gametype|singles
|player|p1|okbomber|1|1596
|player|p2|Silksong FC|shadowtriad|1556
|gen|9
|tier|[Gen 9] OU
|rated|
|rule|HP Percentage Mod: HP is shown in percentages
|rule|Endless Battle Clause: Forcing endless battles is banned
|rule|Species Clause: Limit one of each Pokémon
|rule|OHKO Clause: OHKO moves are banned
|rule|Evasion Items Clause: Evasion items are banned
|rule|Evasion Moves Clause: Evasion moves are banned
|rule|Evasion Abilities Clause: Evasion abilities are banned
|rule|Sleep Moves Clause: Sleep-inducing moves are banned
|clearpoke
|poke|p1|Iron Moth|
|poke|p1|Gliscor, F|
|poke|p1|Hatterene, F|
|poke|p1|Ogerpon-Wellspring, F|
|poke|p1|Raging Bolt|
|poke|p1|Zamazenta-*|
|poke|p2|Zamazenta-*|
|poke|p2|Corviknight, M|
|poke|p2|Cinderace, F|
|poke|p2|Ninetales-Alola, F|
|poke|p2|Raging Bolt|
|poke|p2|Garganacl, M|
|teampreview
|inactive|Battle timer is ON: inactive players will automatically lose when time's up. (requested by Silksong FC)
|inactive|Silksong FC has 120 seconds left.
|
|t:|1776054499
|teamsize|p1|6
|teamsize|p2|6
|start
|switch|p1a: Iron Moth|Iron Moth|100/100
|switch|p2a: Raging Bolt|Raging Bolt|100/100
|-enditem|p1a: Iron Moth|Booster Energy
|-activate|p1a: Iron Moth|ability: Quark Drive|[fromitem]
|-start|p1a: Iron Moth|quarkdrivespe
|turn|1
|
|t:|1776054511
|move|p1a: Iron Moth|Toxic Spikes|p2a: Raging Bolt
|-sidestart|p2: Silksong FC|move: Toxic Spikes
|move|p2a: Raging Bolt|Draco Meteor|p1a: Iron Moth
|-damage|p1a: Iron Moth|0 fnt
|-unboost|p2a: Raging Bolt|spa|2
|faint|p1a: Iron Moth
|-end|p1a: Iron Moth|Quark Drive|[silent]
|
|upkeep
|
|t:|1776054530
|switch|p1a: Hatterene|Hatterene, F|100/100
|turn|2
|
|t:|1776054534
|-end|p2a: Raging Bolt|Protosynthesis|[silent]
|switch|p2a: Corviknight|Corviknight, M, shiny|100/100
|-ability|p2a: Corviknight|Pressure
|move|p1a: Hatterene|Calm Mind|p1a: Hatterene
|-boost|p1a: Hatterene|spa|1
|-boost|p1a: Hatterene|spd|1
|
|upkeep
|turn|3
|
|t:|1776054539
|move|p2a: Corviknight|Defog|p1a: Hatterene
|move|p1a: Hatterene|Defog|p2a: Corviknight|[from] ability: Magic Bounce
|-unboost|p2a: Corviknight|evasion|1
|-sideend|p2: Silksong FC|Toxic Spikes|[from] move: Defog|[of] p1a: Hatterene
|move|p1a: Hatterene|Calm Mind|p1a: Hatterene
|-boost|p1a: Hatterene|spa|1
|-boost|p1a: Hatterene|spd|1
|
|upkeep
|turn|4
|
|t:|1776054546
|move|p2a: Corviknight|U-turn|p1a: Hatterene
|-damage|p1a: Hatterene|88/100
|
|t:|1776054548
|switch|p2a: Ninetales|Ninetales-Alola, F, shiny|100/100|[from] U-turn
|-weather|Snowscape|[from] ability: Snow Warning|[of] p2a: Ninetales
|move|p1a: Hatterene|Calm Mind|p1a: Hatterene
|-boost|p1a: Hatterene|spa|1
|-boost|p1a: Hatterene|spd|1
|
|-weather|Snowscape|[upkeep]
|-heal|p1a: Hatterene|94/100|[from] item: Leftovers
|upkeep
|turn|5
|
|t:|1776054557
|move|p2a: Ninetales|Aurora Veil|p2a: Ninetales
|-sidestart|p2: Silksong FC|move: Aurora Veil
|move|p1a: Hatterene|Calm Mind|p1a: Hatterene
|-boost|p1a: Hatterene|spa|1
|-boost|p1a: Hatterene|spd|1
|
|-weather|Snowscape|[upkeep]
|-heal|p1a: Hatterene|99/100|[from] item: Leftovers
|upkeep
|turn|6
|
|t:|1776054561
|switch|p2a: Zamazenta|Zamazenta|100/100
|-ability|p2a: Zamazenta|Dauntless Shield|boost
|-boost|p2a: Zamazenta|def|1
|move|p1a: Hatterene|Stored Power|p2a: Zamazenta
|-supereffective|p2a: Zamazenta
|-damage|p2a: Zamazenta|0 fnt
|faint|p2a: Zamazenta
|
|-weather|Snowscape|[upkeep]
|-heal|p1a: Hatterene|100/100|[from] item: Leftovers
|upkeep
|j| samurajen
|
|t:|1776054566
|switch|p2a: Cinderace|Cinderace, F|100/100
|turn|7
|
|t:|1776054569
|move|p2a: Cinderace|Pyro Ball|p1a: Hatterene
|-damage|p1a: Hatterene|54/100
|move|p1a: Hatterene|Stored Power|p2a: Cinderace
|-damage|p2a: Cinderace|0 fnt
|faint|p2a: Cinderace
|
|-weather|Snowscape|[upkeep]
|-heal|p1a: Hatterene|60/100|[from] item: Leftovers
|upkeep
|
|t:|1776054575
|switch|p2a: Garganacl|Garganacl, M|100/100
|turn|8
|
|t:|1776054577
|move|p2a: Garganacl|Salt Cure|p1a: Hatterene
|-damage|p1a: Hatterene|48/100
|-start|p1a: Hatterene|Salt Cure
|move|p1a: Hatterene|Stored Power|p2a: Garganacl
|-damage|p2a: Garganacl|3/100
|
|-weather|none
|-heal|p2a: Garganacl|9/100|[from] item: Leftovers
|-heal|p1a: Hatterene|54/100|[from] item: Leftovers
|-damage|p1a: Hatterene|42/100|[from] Salt Cure
|upkeep
|turn|9
|
|t:|1776054580
|move|p2a: Garganacl|Earthquake|p1a: Hatterene
|-damage|p1a: Hatterene|23/100
|move|p1a: Hatterene|Draining Kiss|p2a: Garganacl
|-damage|p2a: Garganacl|0 fnt
|-heal|p1a: Hatterene|30/100|[from] drain|[of] p2a: Garganacl
|faint|p2a: Garganacl
|
|-heal|p1a: Hatterene|36/100|[from] item: Leftovers
|-damage|p1a: Hatterene|23/100|[from] Salt Cure
|upkeep
|
|t:|1776054585
|switch|p2a: Raging Bolt|Raging Bolt|100/100
|turn|10
|
|t:|1776054588
|move|p2a: Raging Bolt|Thunderbolt|p1a: Hatterene
|-crit|p1a: Hatterene
|-damage|p1a: Hatterene|0 fnt
|faint|p1a: Hatterene
|
|upkeep
|
|t:|1776054596
|switch|p1a: Ogerpon|Ogerpon-Wellspring, F|100/100
|turn|11
|
|t:|1776054600
|move|p1a: Ogerpon|Encore|p2a: Raging Bolt
|-start|p2a: Raging Bolt|Encore
|move|p2a: Raging Bolt|Thunderbolt|p1a: Ogerpon
|-damage|p1a: Ogerpon|3/100
|
|upkeep
|turn|12
|
|t:|1776054605
|switch|p1a: Gliscor|Gliscor, F|100/100
|-end|p2a: Raging Bolt|Protosynthesis|[silent]
|switch|p2a: Corviknight|Corviknight, M, shiny|100/100
|-ability|p2a: Corviknight|Pressure
|
|-sideend|p2: Silksong FC|move: Aurora Veil
|-status|p1a: Gliscor|tox|[from] item: Toxic Orb
|upkeep
|turn|13
|
|t:|1776054609
|move|p1a: Gliscor|Swords Dance|p1a: Gliscor
|-boost|p1a: Gliscor|atk|2
|move|p2a: Corviknight|U-turn|p1a: Gliscor
|-resisted|p1a: Gliscor
|-damage|p1a: Gliscor|95/100 tox
|
|t:|1776054611
|switch|p2a: Ninetales|Ninetales-Alola, F, shiny|100/100|[from] U-turn
|-weather|Snowscape|[from] ability: Snow Warning|[of] p2a: Ninetales
|
|-weather|Snowscape|[upkeep]
|-heal|p1a: Gliscor|100/100 tox|[from] ability: Poison Heal
|upkeep
|turn|14
|
|t:|1776054618
|move|p2a: Ninetales|Encore|p1a: Gliscor
|-start|p1a: Gliscor|Encore
|move|p1a: Gliscor|Swords Dance|p1a: Gliscor
|-boost|p1a: Gliscor|atk|2
|
|-weather|Snowscape|[upkeep]
|upkeep
|turn|15
|
|t:|1776054623
|switch|p1a: Zamazenta|Zamazenta|100/100
|-ability|p1a: Zamazenta|Dauntless Shield|boost
|-boost|p1a: Zamazenta|def|1
|move|p2a: Ninetales|Aurora Veil|p2a: Ninetales
|-sidestart|p2: Silksong FC|move: Aurora Veil
|
|-weather|Snowscape|[upkeep]
|upkeep
|turn|16
|
|t:|1776054625
|move|p1a: Zamazenta|Light Screen|p1a: Zamazenta
|-sidestart|p1: okbomber|move: Light Screen
|move|p2a: Ninetales|Moonblast|p1a: Zamazenta
|-supereffective|p1a: Zamazenta
|-crit|p1a: Zamazenta
|-damage|p1a: Zamazenta|32/100
|
|-weather|Snowscape|[upkeep]
|upkeep
|turn|17
|
|t:|1776054630
|move|p1a: Zamazenta|Reflect|p1a: Zamazenta
|-sidestart|p1: okbomber|Reflect
|move|p2a: Ninetales|Moonblast|p1a: Zamazenta
|-supereffective|p1a: Zamazenta
|-damage|p1a: Zamazenta|10/100
|-unboost|p1a: Zamazenta|spa|1
|
|-weather|none
|upkeep
|turn|18
|
|t:|1776054635
|switch|p2a: Corviknight|Corviknight, M, shiny|100/100
|-ability|p2a: Corviknight|Pressure
|move|p1a: Zamazenta|Close Combat|p2a: Corviknight
|-damage|p2a: Corviknight|84/100
|-unboost|p1a: Zamazenta|def|1
|-unboost|p1a: Zamazenta|spd|1
|-damage|p1a: Zamazenta|0 fnt|[from] item: Rocky Helmet|[of] p2a: Corviknight
|faint|p1a: Zamazenta
|
|upkeep
|
|t:|1776054638
|switch|p1a: Raging Bolt|Raging Bolt|100/100
|-enditem|p1a: Raging Bolt|Booster Energy
|-activate|p1a: Raging Bolt|ability: Protosynthesis|[fromitem]
|-start|p1a: Raging Bolt|protosynthesisspa
|turn|19
|
|t:|1776054640
|move|p1a: Raging Bolt|Calm Mind|p1a: Raging Bolt
|-boost|p1a: Raging Bolt|spa|1
|-boost|p1a: Raging Bolt|spd|1
|move|p2a: Corviknight|Defog|p1a: Raging Bolt
|-unboost|p1a: Raging Bolt|evasion|1
|-sideend|p1: okbomber|Reflect
|-sideend|p1: okbomber|move: Light Screen
|
|upkeep
|turn|20
|
|t:|1776054654
|move|p1a: Raging Bolt|Thunderbolt|p2a: Corviknight
|-supereffective|p2a: Corviknight
|-damage|p2a: Corviknight|0 fnt
|faint|p2a: Corviknight
|
|upkeep
|
|t:|1776054666
|switch|p2a: Ninetales|Ninetales-Alola, F, shiny|100/100
|-weather|Snowscape|[from] ability: Snow Warning|[of] p2a: Ninetales
|turn|21
|
|t:|1776054680
|-terastallize|p2a: Ninetales|Ice
|move|p2a: Ninetales|Freeze-Dry|p1a: Raging Bolt
|-supereffective|p1a: Raging Bolt
|-damage|p1a: Raging Bolt|66/100
|move|p1a: Raging Bolt|Thunderbolt|p2a: Ninetales
|-damage|p2a: Ninetales|52/100
|
|-weather|Snowscape|[upkeep]
|upkeep
|turn|22
|
|t:|1776054685
|move|p2a: Ninetales|Freeze-Dry|p1a: Raging Bolt
|-supereffective|p1a: Raging Bolt
|-crit|p1a: Raging Bolt
|-damage|p1a: Raging Bolt|0 fnt
|faint|p1a: Raging Bolt
|-end|p1a: Raging Bolt|Protosynthesis|[silent]
|
|-weather|Snowscape|[upkeep]
|-sideend|p2: Silksong FC|move: Aurora Veil
|upkeep
|
|t:|1776054695
|switch|p1a: Gliscor|Gliscor, F|100/100 tox
|turn|23
|
|t:|1776054705
|-terastallize|p1a: Gliscor|Normal
|move|p2a: Ninetales|Aurora Veil|p2a: Ninetales
|-sidestart|p2: Silksong FC|move: Aurora Veil
|move|p1a: Gliscor|Facade|p2a: Ninetales
|-damage|p2a: Ninetales|18/100
|
|-weather|Snowscape|[upkeep]
|upkeep
|turn|24
|
|t:|1776054709
|move|p2a: Ninetales|Freeze-Dry|p1a: Gliscor
|-damage|p1a: Gliscor|63/100 tox
|move|p1a: Gliscor|Facade|p2a: Ninetales
|-crit|p2a: Ninetales
|-damage|p2a: Ninetales|0 fnt
|faint|p2a: Ninetales
|
|-weather|Snowscape|[upkeep]
|-heal|p1a: Gliscor|76/100 tox|[from] ability: Poison Heal
|upkeep
|
|t:|1776054711
|switch|p2a: Raging Bolt|Raging Bolt|100/100
|turn|25
|
|t:|1776054714
|move|p1a: Gliscor|Earthquake|p2a: Raging Bolt
|-supereffective|p2a: Raging Bolt
|-damage|p2a: Raging Bolt|62/100
|move|p2a: Raging Bolt|Thunderbolt|p1a: Gliscor
|-damage|p1a: Gliscor|0 fnt
|faint|p1a: Gliscor
|
|-weather|none
|upkeep
|
|t:|1776054716
|switch|p1a: Ogerpon|Ogerpon-Wellspring, F|3/100
|turn|26
|
|t:|1776054720
|move|p1a: Ogerpon|Ivy Cudgel|p2a: Raging Bolt|[anim] Ivy Cudgel Water
|-resisted|p2a: Raging Bolt
|-damage|p2a: Raging Bolt|50/100
|move|p2a: Raging Bolt|Thunderbolt|p1a: Ogerpon
|-damage|p1a: Ogerpon|0 fnt
|faint|p1a: Ogerpon
|
|win|Silksong FC
|raw|okbomber's rating: 1596 &rarr; <strong>1574</strong><br />(-22 for losing)
|raw|Silksong FC's rating: 1556 &rarr; <strong>1578</strong><br />(+22 for winning)
|l|☆Silksong FC
|player|p2|
|l|☆okbomber
|player|p1|
