|html|<div class="broadcast-blue"><strong>[Gen 9] OU is currently suspecting Volcarona! For information on how to participate check out the <a href="https://www.smogon.com/tools/suspects/view/208">suspect thread</a>.</strong></div>
|j|☆cometeestax2
|j|☆Apprentice Dogwood
|t:|1778505610
|gametype|singles
|player|p1|cometeestax2|cyclist-gen4|1104
|player|p2|Apprentice Dogwood|brock|1087
|gen|9
|tier|[Gen 9] OU
|rated|
|rule|HP Percentage Mod: HP is shown in percentages
|rule|Endless Battle Clause: Forcing endless battles is banned
|rule|Species Clause: Limit one of each Pokémon
|rule|OHKO Clause: OHKO moves are banned
|rule|Evasion Items Clause: Evasion items are banned
|rule|Evasion Moves Clause: Evasion moves are banned
|rule|Evasion Abilities Clause: Evasion abilities are banned
|rule|Sleep Moves Clause: Sleep-inducing moves are banned
|clearpoke
|poke|p1|Toxicroak, F|
|poke|p1|Gliscor, F|
|poke|p1|Blissey, F|
|poke|p1|Scizor, F|
|poke|p1|Azelf|
|poke|p1|Dragapult, F|
|poke|p2|Infernape, M|
|poke|p2|Blaziken, M|
|poke|p2|Emboar, M|
|poke|p2|Charizard, F|
|poke|p2|Cinderace, M|
|poke|p2|Incineroar, F|
|teampreview
|inactive|Battle timer is ON: inactive players will automatically lose when time's up. (requested by cometeestax2)
|
|t:|1778505626
|teamsize|p1|6
|teamsize|p2|6
|start
|switch|p1a: Scizor|Scizor, F, shiny|100/100
|switch|p2a: Incineroar|Incineroar, F, shiny|100/100
|-ability|p2a: Incineroar|Intimidate|boost
|-unboost|p1a: Scizor|atk|1
|turn|1
|
|t:|1778505635
|move|p1a: Scizor|U-turn|p2a: Incineroar
|-damage|p2a: Incineroar|65/100
|-damage|p1a: Scizor|91/100|[from] item: Life Orb
|
|t:|1778505641
|switch|p1a: Gliscor|Gliscor, F, shiny|100/100|[from] U-turn
|move|p2a: Incineroar|Flame Charge|p1a: Gliscor
|-damage|p1a: Gliscor|68/100
|-boost|p2a: Incineroar|spe|1
|-damage|p2a: Incineroar|56/100|[from] item: Life Orb
|
|-status|p1a: Gliscor|tox|[from] item: Toxic Orb
|upkeep
|turn|2
|
|t:|1778505653
|switch|p2a: Charizard|Charizard, F|100/100
|move|p1a: Gliscor|Earthquake|p2a: Charizard
|-immune|p2a: Charizard
|
|-heal|p1a: Gliscor|81/100 tox|[from] ability: Poison Heal
|upkeep
|turn|3
|
|t:|1778505662
|switch|p1a: Blissey|Blissey, F, shiny|100/100
|move|p2a: Charizard|Heat Wave|p1a: Blissey
|-damage|p1a: Blissey|83/100
|
|-heal|p1a: Blissey|89/100|[from] item: Leftovers
|upkeep
|turn|4
|
|t:|1778505671
|switch|p2a: Emboar|Emboar, M|100/100
|move|p1a: Blissey|Stealth Rock|p2a: Emboar
|-sidestart|p2: Apprentice Dogwood|move: Stealth Rock
|
|-heal|p1a: Blissey|95/100|[from] item: Leftovers
|upkeep
|turn|5
|
|t:|1778505681
|-terastallize|p1a: Blissey|Ghost
|move|p2a: Emboar|Sunny Day|p2a: Emboar
|-weather|SunnyDay
|move|p1a: Blissey|Thunder Wave|p2a: Emboar|[miss]
|-miss|p1a: Blissey|p2a: Emboar
|
|-weather|SunnyDay|[upkeep]
|-heal|p1a: Blissey|100/100|[from] item: Leftovers
|upkeep
|turn|6
|
|t:|1778505691
|move|p2a: Emboar|Flare Blitz|p1a: Blissey
|-damage|p1a: Blissey|0 fnt
|faint|p1a: Blissey
|-damage|p2a: Emboar|45/100|[from] Recoil
|
|-weather|SunnyDay|[upkeep]
|upkeep
|
|t:|1778505702
|switch|p1a: Azelf|Azelf, shiny|100/100
|turn|7
|
|t:|1778505707
|move|p1a: Azelf|Zen Headbutt|p2a: Emboar
|-supereffective|p2a: Emboar
|-damage|p2a: Emboar|0 fnt
|faint|p2a: Emboar
|
|-weather|SunnyDay|[upkeep]
|upkeep
|
|t:|1778505714
|switch|p2a: Infernape|Infernape, M|100/100
|-damage|p2a: Infernape|88/100|[from] Stealth Rock
|turn|8
|
|t:|1778505720
|switch|p2a: Incineroar|Incineroar, F, shiny|56/100
|-damage|p2a: Incineroar|31/100|[from] Stealth Rock
|-ability|p2a: Incineroar|Intimidate|boost
|-unboost|p1a: Azelf|atk|1
|move|p1a: Azelf|Zen Headbutt|p2a: Incineroar
|-immune|p2a: Incineroar
|
|-weather|SunnyDay|[upkeep]
|upkeep
|turn|9
|
|t:|1778505732
|switch|p1a: Gliscor|Gliscor, F, shiny|81/100 tox
|move|p2a: Incineroar|Bulk Up|p2a: Incineroar
|-boost|p2a: Incineroar|atk|1
|-boost|p2a: Incineroar|def|1
|
|-weather|SunnyDay|[upkeep]
|-heal|p1a: Gliscor|93/100 tox|[from] ability: Poison Heal
|upkeep
|turn|10
|
|t:|1778505742
|move|p1a: Gliscor|Earthquake|p2a: Incineroar
|-supereffective|p2a: Incineroar
|-damage|p2a: Incineroar|0 fnt
|faint|p2a: Incineroar
|
|-weather|SunnyDay|[upkeep]
|-heal|p1a: Gliscor|100/100 tox|[from] ability: Poison Heal
|upkeep
|
|t:|1778505747
|switch|p2a: Infernape|Infernape, M|88/100
|-damage|p2a: Infernape|76/100|[from] Stealth Rock
|turn|11
|
|t:|1778505753
|move|p2a: Infernape|Knock Off|p1a: Gliscor
|-crit|p1a: Gliscor
|-damage|p1a: Gliscor|60/100 tox
|-enditem|p1a: Gliscor|Toxic Orb|[from] move: Knock Off|[of] p2a: Infernape
|-damage|p2a: Infernape|66/100|[from] item: Life Orb
|move|p1a: Gliscor|Earthquake|p2a: Infernape
|-supereffective|p2a: Infernape
|-damage|p2a: Infernape|0 fnt
|faint|p2a: Infernape
|
|-weather|SunnyDay|[upkeep]
|-heal|p1a: Gliscor|72/100 tox|[from] ability: Poison Heal
|upkeep
|
|t:|1778505758
|switch|p2a: Charizard|Charizard, F|100/100
|turn|12
|
|t:|1778505773
|move|p2a: Charizard|Heat Wave|p1a: Gliscor
|-damage|p1a: Gliscor|0 fnt
|faint|p1a: Gliscor
|
|-weather|none
|upkeep
|
|t:|1778505785
|switch|p1a: Azelf|Azelf, shiny|100/100
|turn|13
|
|t:|1778505789
|move|p1a: Azelf|Trick|p2a: Charizard
|-activate|p1a: Azelf|move: Trick|[of] p2a: Charizard
|-item|p2a: Charizard|Choice Scarf|[from] move: Trick
|-item|p1a: Azelf|Heavy-Duty Boots|[from] move: Trick
|move|p2a: Charizard|Heat Wave|p1a: Azelf
|-damage|p1a: Azelf|20/100
|
|upkeep
|turn|14
|
|t:|1778505797
|move|p2a: Charizard|Heat Wave|p1a: Azelf|[miss]
|-miss|p2a: Charizard|p1a: Azelf
|move|p1a: Azelf|Zen Headbutt|p2a: Charizard
|-damage|p2a: Charizard|43/100
|
|upkeep
|turn|15
|
|t:|1778505806
|switch|p1a: Dragapult|Dragapult, F, shiny|100/100
|move|p2a: Charizard|Heat Wave|p1a: Dragapult
|-resisted|p1a: Dragapult
|-damage|p1a: Dragapult|78/100
|
|-heal|p1a: Dragapult|84/100|[from] item: Leftovers
|upkeep
|turn|16
|
|t:|1778505818
|switch|p2a: Cinderace|Cinderace, M|100/100
|move|p1a: Dragapult|Dragon Breath|p2a: Cinderace
|-damage|p2a: Cinderace|72/100
|
|-heal|p1a: Dragapult|90/100|[from] item: Leftovers
|upkeep
|turn|17
|
|t:|1778505829
|move|p2a: Cinderace|Sucker Punch|p1a: Dragapult
|-start|p2a: Cinderace|typechange|Dark|[from] ability: Libero
|-supereffective|p1a: Dragapult
|-damage|p1a: Dragapult|10/100
|move|p1a: Dragapult|Dragon Breath|p2a: Cinderace
|-damage|p2a: Cinderace|39/100
|
|-heal|p1a: Dragapult|16/100|[from] item: Leftovers
|upkeep
|turn|18
|
|t:|1778505841
|move|p1a: Dragapult|Dragon Breath|p2a: Cinderace
|-crit|p2a: Cinderace
|-damage|p2a: Cinderace|0 fnt
|faint|p2a: Cinderace
|
|-heal|p1a: Dragapult|22/100|[from] item: Leftovers
|upkeep
|
|t:|1778505844
|switch|p2a: Blaziken|Blaziken, M|100/100
|-damage|p2a: Blaziken|88/100|[from] Stealth Rock
|turn|19
|
|t:|1778505852
|move|p2a: Blaziken|Protect|p2a: Blaziken
|-singleturn|p2a: Blaziken|Protect
|move|p1a: Dragapult|Dragon Breath|p2a: Blaziken
|-activate|p2a: Blaziken|move: Protect
|
|-heal|p1a: Dragapult|28/100|[from] item: Leftovers
|-heal|p2a: Blaziken|94/100|[from] item: Leftovers
|-ability|p2a: Blaziken|Speed Boost|boost
|-boost|p2a: Blaziken|spe|1
|upkeep
|turn|20
|
|t:|1778505863
|move|p1a: Dragapult|Dragon Breath|p2a: Blaziken
|-damage|p2a: Blaziken|65/100
|move|p2a: Blaziken|Flare Blitz|p1a: Dragapult
|-resisted|p1a: Dragapult
|-damage|p1a: Dragapult|0 fnt
|faint|p1a: Dragapult
|-damage|p2a: Blaziken|53/100|[from] Recoil
|
|-heal|p2a: Blaziken|59/100|[from] item: Leftovers
|-ability|p2a: Blaziken|Speed Boost|boost
|-boost|p2a: Blaziken|spe|1
|upkeep
|
|t:|1778505876
|switch|p1a: Toxicroak|Toxicroak, F, shiny|100/100
|turn|21
|
|t:|1778505880
|move|p2a: Blaziken|Flare Blitz|p1a: Toxicroak
|-damage|p1a: Toxicroak|0 fnt
|faint|p1a: Toxicroak
|-damage|p2a: Blaziken|26/100|[from] Recoil
|
|-heal|p2a: Blaziken|32/100|[from] item: Leftovers
|-ability|p2a: Blaziken|Speed Boost|boost
|-boost|p2a: Blaziken|spe|1
|upkeep
|
|t:|1778505890
|switch|p1a: Scizor|Scizor, F, shiny|91/100
|turn|22
|
|t:|1778505894
|move|p2a: Blaziken|Protect|p2a: Blaziken
|-singleturn|p2a: Blaziken|Protect
|move|p1a: Scizor|Bullet Punch|p2a: Blaziken
|-activate|p2a: Blaziken|move: Protect
|
|-heal|p2a: Blaziken|38/100|[from] item: Leftovers
|-ability|p2a: Blaziken|Speed Boost|boost
|-boost|p2a: Blaziken|spe|1
|upkeep
|turn|23
|
|t:|1778505903
|move|p1a: Scizor|Bullet Punch|p2a: Blaziken
|-resisted|p2a: Blaziken
|-damage|p2a: Blaziken|2/100
|-damage|p1a: Scizor|81/100|[from] item: Life Orb
|move|p2a: Blaziken|Flare Blitz|p1a: Scizor
|-supereffective|p1a: Scizor
|-damage|p1a: Scizor|0 fnt
|faint|p1a: Scizor
|-damage|p2a: Blaziken|0 fnt|[from] Recoil
|faint|p2a: Blaziken
|
|upkeep
|
|t:|1778505915
|switch|p2a: Charizard|Charizard, F|43/100
|switch|p1a: Azelf|Azelf, shiny|20/100
|-damage|p2a: Charizard|0 fnt|[from] Stealth Rock
|faint|p2a: Charizard
|
|win|cometeestax2
|raw|cometeestax2's rating: 1104 &rarr; <strong>1128</strong><br />(+24 for winning)
|raw|Apprentice Dogwood's rating: 1087 &rarr; <strong>1065</strong><br />(-22 for losing)
|l|☆Apprentice Dogwood
|player|p2|
|l|☆cometeestax2
|player|p1|
