|html|<div class="broadcast-blue"><strong>[Gen 9] OU is currently suspecting Tera Blast! For information on how to participate check out the <a href="https://www.smogon.com/tools/suspects/view/200">suspect thread</a>.</strong></div>
|j|☆enigma96
|j|☆Dogg25hunna
|t:|1776033665
|gametype|singles
|player|p1|enigma96|jogger|1107
|player|p2|Dogg25hunna|265|1130
|gen|9
|tier|[Gen 9] OU
|rated|
|rule|HP Percentage Mod: HP is shown in percentages
|rule|Endless Battle Clause: Forcing endless battles is banned
|rule|Species Clause: Limit one of each Pokémon
|rule|OHKO Clause: OHKO moves are banned
|rule|Evasion Items Clause: Evasion items are banned
|rule|Evasion Moves Clause: Evasion moves are banned
|rule|Evasion Abilities Clause: Evasion abilities are banned
|rule|Sleep Moves Clause: Sleep-inducing moves are banned
|clearpoke
|poke|p1|Incineroar, M|
|poke|p1|Meowscarada, M|
|poke|p1|Luxray, M|
|poke|p1|Espeon, M|
|poke|p1|Pyroar, M|
|poke|p1|Persian-Alola, M|
|poke|p2|Gliscor, M|
|poke|p2|Heatran, M|
|poke|p2|Ogerpon-Wellspring, F|
|poke|p2|Ceruledge, M|
|poke|p2|Mandibuzz, F|
|poke|p2|Iron Moth|
|teampreview
|inactive|Battle timer is ON: inactive players will automatically lose when time's up. (requested by Dogg25hunna)
|
|t:|1776033673
|teamsize|p1|6
|teamsize|p2|6
|start
|switch|p1a: Meowscarada|Meowscarada, M, shiny|100/100
|switch|p2a: Ogerpon|Ogerpon-Wellspring, F|100/100
|turn|1
|
|t:|1776033682
|move|p1a: Meowscarada|U-turn|p2a: Ogerpon
|-start|p1a: Meowscarada|typechange|Bug|[from] ability: Protean
|-supereffective|p2a: Ogerpon
|-damage|p2a: Ogerpon|19/100
|
|t:|1776033686
|switch|p1a: Persian|Persian-Alola, M, shiny|100/100|[from] U-turn
|move|p2a: Ogerpon|U-turn|p1a: Persian
|-supereffective|p1a: Persian
|-damage|p1a: Persian|49/100
|-damage|p2a: Ogerpon|2/100|[from] item: Rocky Helmet|[of] p1a: Persian
|
|t:|1776033694
|switch|p2a: Iron Moth|Iron Moth, shiny|100/100|[from] U-turn
|-enditem|p2a: Iron Moth|Booster Energy
|-activate|p2a: Iron Moth|ability: Quark Drive|[fromitem]
|-start|p2a: Iron Moth|quarkdrivespe
|
|upkeep
|turn|2
|
|t:|1776033701
|switch|p1a: Pyroar|Pyroar, M|100/100
|-ability|p1a: Pyroar|Unnerve
|move|p2a: Iron Moth|Bug Buzz|p1a: Pyroar
|-resisted|p1a: Pyroar
|-damage|p1a: Pyroar|84/100
|
|upkeep
|turn|3
|
|t:|1776033710
|move|p2a: Iron Moth|Sludge Wave|p1a: Pyroar
|-damage|p1a: Pyroar|31/100
|move|p1a: Pyroar|Hyper Voice|p2a: Iron Moth
|-damage|p2a: Iron Moth|58/100
|
|upkeep
|turn|4
|
|t:|1776033726
|move|p2a: Iron Moth|Sludge Wave|p1a: Pyroar
|-damage|p1a: Pyroar|0 fnt
|faint|p1a: Pyroar
|
|upkeep
|
|t:|1776033745
|switch|p1a: Espeon|Espeon, M|100/100
|turn|5
|
|t:|1776033749
|move|p2a: Iron Moth|Bug Buzz|p1a: Espeon
|-supereffective|p1a: Espeon
|-damage|p1a: Espeon|27/100
|move|p1a: Espeon|Psychic|p2a: Iron Moth
|-supereffective|p2a: Iron Moth
|-damage|p2a: Iron Moth|0 fnt
|faint|p2a: Iron Moth
|-end|p2a: Iron Moth|Quark Drive|[silent]
|
|upkeep
|
|t:|1776033761
|switch|p2a: Ogerpon|Ogerpon-Wellspring, F|2/100
|turn|6
|
|t:|1776033766
|switch|p1a: Persian|Persian-Alola, M, shiny|49/100
|move|p2a: Ogerpon|U-turn|p1a: Persian
|-supereffective|p1a: Persian
|-damage|p1a: Persian|0 fnt
|-damage|p2a: Ogerpon|0 fnt|[from] item: Rocky Helmet|[of] p1a: Persian
|faint|p1a: Persian
|faint|p2a: Ogerpon
|
|upkeep
|
|t:|1776033777
|switch|p1a: Meowscarada|Meowscarada, M, shiny|100/100
|switch|p2a: Ceruledge|Ceruledge, M|100/100
|turn|7
|
|t:|1776033785
|switch|p1a: Luxray|Luxray, M|100/100
|move|p2a: Ceruledge|Swords Dance|p2a: Ceruledge
|-boost|p2a: Ceruledge|atk|2
|
|-status|p1a: Luxray|brn|[from] item: Flame Orb
|upkeep
|turn|8
|
|t:|1776033800
|move|p2a: Ceruledge|Bitter Blade|p1a: Luxray
|-damage|p1a: Luxray|0 fnt
|faint|p1a: Luxray
|
|upkeep
|
|t:|1776033805
|switch|p1a: Incineroar|Incineroar, M, shiny|100/100
|-ability|p1a: Incineroar|Intimidate|boost
|-unboost|p2a: Ceruledge|atk|1
|turn|9
|
|t:|1776033813
|move|p2a: Ceruledge|Substitute|p2a: Ceruledge
|-start|p2a: Ceruledge|Substitute
|-damage|p2a: Ceruledge|75/100
|move|p1a: Incineroar|Bulk Up|p1a: Incineroar
|-boost|p1a: Incineroar|atk|1
|-boost|p1a: Incineroar|def|1
|
|upkeep
|turn|10
|
|t:|1776033820
|move|p2a: Ceruledge|Bitter Blade|p1a: Incineroar
|-resisted|p1a: Incineroar
|-damage|p1a: Incineroar|74/100
|-heal|p2a: Ceruledge|91/100|[from] drain|[of] p1a: Incineroar
|move|p1a: Incineroar|Bulk Up|p1a: Incineroar
|-boost|p1a: Incineroar|atk|1
|-boost|p1a: Incineroar|def|1
|
|upkeep
|turn|11
|
|t:|1776033831
|move|p2a: Ceruledge|Bitter Blade|p1a: Incineroar
|-resisted|p1a: Incineroar
|-damage|p1a: Incineroar|51/100
|-heal|p2a: Ceruledge|100/100|[from] drain|[of] p1a: Incineroar
|move|p1a: Incineroar|Bulk Up|p1a: Incineroar
|-boost|p1a: Incineroar|atk|1
|-boost|p1a: Incineroar|def|1
|
|upkeep
|turn|12
|
|t:|1776033840
|move|p2a: Ceruledge|Bitter Blade|p1a: Incineroar
|-resisted|p1a: Incineroar
|-damage|p1a: Incineroar|34/100
|move|p1a: Incineroar|Power Trip|p2a: Ceruledge
|-supereffective|p2a: Ceruledge
|-end|p2a: Ceruledge|Substitute
|
|upkeep
|turn|13
|
|t:|1776033853
|move|p2a: Ceruledge|Bitter Blade|p1a: Incineroar
|-resisted|p1a: Incineroar
|-damage|p1a: Incineroar|18/100
|move|p1a: Incineroar|Power Trip|p2a: Ceruledge
|-supereffective|p2a: Ceruledge
|-enditem|p2a: Ceruledge|Focus Sash
|-damage|p2a: Ceruledge|1/100
|-ability|p2a: Ceruledge|Weak Armor|boost
|-unboost|p2a: Ceruledge|def|1
|-boost|p2a: Ceruledge|spe|2
|
|upkeep
|turn|14
|
|t:|1776033865
|move|p2a: Ceruledge|Bitter Blade|p1a: Incineroar
|-resisted|p1a: Incineroar
|-crit|p1a: Incineroar
|-damage|p1a: Incineroar|0 fnt
|-heal|p2a: Ceruledge|11/100|[from] drain|[of] p1a: Incineroar
|faint|p1a: Incineroar
|
|upkeep
|
|t:|1776033873
|switch|p1a: Meowscarada|Meowscarada, M, shiny|100/100
|turn|15
|
|t:|1776033877
|move|p1a: Meowscarada|U-turn|p2a: Ceruledge
|-start|p1a: Meowscarada|typechange|Bug|[from] ability: Protean
|-resisted|p2a: Ceruledge
|-damage|p2a: Ceruledge|0 fnt
|faint|p2a: Ceruledge
|
|t:|1776033883
|switch|p1a: Espeon|Espeon, M|27/100|[from] U-turn
|
|upkeep
|
|t:|1776033891
|switch|p2a: Mandibuzz|Mandibuzz, F|100/100
|turn|16
|
|t:|1776033900
|move|p1a: Espeon|Alluring Voice|p2a: Mandibuzz
|-supereffective|p2a: Mandibuzz
|-damage|p2a: Mandibuzz|40/100
|move|p2a: Mandibuzz|U-turn|p1a: Espeon
|-supereffective|p1a: Espeon
|-damage|p1a: Espeon|0 fnt
|faint|p1a: Espeon
|
|t:|1776033913
|switch|p2a: Heatran|Heatran, M|100/100|[from] U-turn
|
|upkeep
|
|t:|1776033917
|switch|p1a: Meowscarada|Meowscarada, M, shiny|100/100
|turn|17
|
|t:|1776033921
|move|p1a: Meowscarada|Knock Off|p2a: Heatran
|-start|p1a: Meowscarada|typechange|Dark|[from] ability: Protean
|-damage|p2a: Heatran|62/100
|-enditem|p2a: Heatran|Leftovers|[from] move: Knock Off|[of] p1a: Meowscarada
|move|p2a: Heatran|Flamethrower|p1a: Meowscarada
|-crit|p1a: Meowscarada
|-damage|p1a: Meowscarada|0 fnt
|faint|p1a: Meowscarada
|
|win|Dogg25hunna
|raw|enigma96's rating: 1107 &rarr; <strong>1084</strong><br />(-23 for losing)
|raw|Dogg25hunna's rating: 1130 &rarr; <strong>1153</strong><br />(+23 for winning)
|l|☆Dogg25hunna
|player|p2|
|l|☆enigma96
|player|p1|
