|html|<div class="broadcast-blue"><strong>[Gen 9] OU is currently suspecting Tera Blast! For information on how to participate check out the <a href="https://www.smogon.com/tools/suspects/view/200">suspect thread</a>.</strong></div>
|j|☆swagswag234
|j|☆phreshoatmeal
|t:|1776111311
|gametype|singles
|player|p1|swagswag234|cyclist|1525
|player|p2|phreshoatmeal|266|1524
|gen|9
|tier|[Gen 9] OU
|rated|
|rule|HP Percentage Mod: HP is shown in percentages
|rule|Endless Battle Clause: Forcing endless battles is banned
|rule|Species Clause: Limit one of each Pokémon
|rule|OHKO Clause: OHKO moves are banned
|rule|Evasion Items Clause: Evasion items are banned
|rule|Evasion Moves Clause: Evasion moves are banned
|rule|Evasion Abilities Clause: Evasion abilities are banned
|rule|Sleep Moves Clause: Sleep-inducing moves are banned
|clearpoke
|poke|p1|Ninetales, M|
|poke|p1|Ceruledge, F|
|poke|p1|Venusaur, F|
|poke|p1|Hatterene, F|
|poke|p1|Great Tusk|
|poke|p1|Walking Wake|
|poke|p2|Donphan, L1, F|
|poke|p2|Hawlucha, M|
|poke|p2|Vileplume, M|
|poke|p2|Kingambit, M|
|poke|p2|Hatterene, F|
|poke|p2|Dragapult, F|
|teampreview
|inactive|Battle timer is ON: inactive players will automatically lose when time's up. (requested by swagswag234)
|inactive|phreshoatmeal has 120 seconds left.
|
|t:|1776111343
|teamsize|p1|6
|teamsize|p2|6
|start
|switch|p1a: Ninetales|Ninetales, M|100/100
|switch|p2a: Donphan|Donphan, L1, F|100/100
|-weather|SunnyDay|[from] ability: Drought|[of] p1a: Ninetales
|turn|1
|
|t:|1776111353
|switch|p2a: Dragapult|Dragapult, F|100/100
|move|p1a: Ninetales|Will-O-Wisp|p2a: Dragapult
|-status|p2a: Dragapult|brn
|
|-weather|SunnyDay|[upkeep]
|-damage|p2a: Dragapult|95/100 brn|[from] brn
|upkeep
|turn|2
|
|t:|1776111362
|switch|p1a: Hatterene|Hatterene, F|100/100
|move|p2a: Dragapult|U-turn|p1a: Hatterene
|-damage|p1a: Hatterene|86/100
|-enditem|p1a: Hatterene|Eject Button
|c|☆phreshoatmeal|You'd let your Ninetales die?
|
|t:|1776111369
|switch|p1a: Ceruledge|Ceruledge, F|100/100
|
|-weather|SunnyDay|[upkeep]
|-damage|p2a: Dragapult|89/100 brn|[from] brn
|upkeep
|turn|3
|
|t:|1776111394
|-terastallize|p1a: Ceruledge|Fairy
|move|p2a: Dragapult|U-turn|p1a: Ceruledge
|-resisted|p1a: Ceruledge
|-damage|p1a: Ceruledge|88/100
|-ability|p1a: Ceruledge|Weak Armor|boost
|-unboost|p1a: Ceruledge|def|1
|-boost|p1a: Ceruledge|spe|2
|
|t:|1776111408
|switch|p2a: Hawlucha|Hawlucha, M|100/100|[from] U-turn
|-ability|p2a: Hawlucha|Mold Breaker
|move|p1a: Ceruledge|Swords Dance|p1a: Ceruledge
|-boost|p1a: Ceruledge|atk|2
|
|-weather|SunnyDay|[upkeep]
|upkeep
|turn|4
|
|t:|1776111412
|move|p1a: Ceruledge|Bitter Blade|p2a: Hawlucha
|-damage|p2a: Hawlucha|0 fnt
|-heal|p1a: Ceruledge|100/100|[from] drain|[of] p2a: Hawlucha
|-damage|p1a: Ceruledge|84/100|[from] item: Rocky Helmet|[of] p2a: Hawlucha
|faint|p2a: Hawlucha
|
|-weather|SunnyDay|[upkeep]
|upkeep
|
|t:|1776111418
|switch|p2a: Donphan|Donphan, L1, F|100/100
|turn|5
|
|t:|1776111422
|move|p1a: Ceruledge|Solar Blade||[still]
|-prepare|p1a: Ceruledge|Solar Blade
|-anim|p1a: Ceruledge|Solar Blade|p2a: Donphan
|-supereffective|p2a: Donphan
|-ability|p2a: Donphan|Sturdy
|-damage|p2a: Donphan|9/100
|move|p2a: Donphan|Endeavor|p1a: Ceruledge
|-damage|p1a: Ceruledge|1/100
|-ability|p1a: Ceruledge|Weak Armor|boost
|-unboost|p1a: Ceruledge|def|1
|-boost|p1a: Ceruledge|spe|2
|-heal|p2a: Donphan|100/100|[from] item: Shell Bell|[of] p1a: Ceruledge
|
|-weather|SunnyDay|[upkeep]
|upkeep
|turn|6
|
|t:|1776111437
|move|p2a: Donphan|Ice Shard|p1a: Ceruledge
|-damage|p1a: Ceruledge|0 fnt
|faint|p1a: Ceruledge
|
|-weather|SunnyDay|[upkeep]
|upkeep
|
|t:|1776111445
|switch|p1a: Ninetales|Ninetales, M|100/100
|turn|7
|
|t:|1776111450
|move|p1a: Ninetales|Will-O-Wisp|p2a: Donphan
|-status|p2a: Donphan|brn
|move|p2a: Donphan|Endeavor|p1a: Ninetales
|-damage|p1a: Ninetales|4/100
|
|-weather|SunnyDay|[upkeep]
|-damage|p2a: Donphan|92/100 brn|[from] brn
|upkeep
|turn|8
|
|t:|1776111460
|switch|p1a: Hatterene|Hatterene, F|86/100
|switch|p2a: Hatterene|Hatterene, F|100/100
|
|-weather|none
|upkeep
|turn|9
|
|t:|1776111471
|move|p2a: Hatterene|Psychic Noise|p1a: Hatterene
|-resisted|p1a: Hatterene
|-crit|p1a: Hatterene
|-damage|p1a: Hatterene|60/100
|-start|p1a: Hatterene|move: Heal Block
|move|p1a: Hatterene|Nuzzle|p2a: Hatterene
|-damage|p2a: Hatterene|97/100
|-status|p2a: Hatterene|par
|
|-heal|p2a: Hatterene|100/100 par|[from] item: Leftovers
|upkeep
|turn|10
|
|t:|1776111500
|move|p1a: Hatterene|Psychic Noise|p2a: Hatterene
|-resisted|p2a: Hatterene
|-damage|p2a: Hatterene|82/100 par
|-start|p2a: Hatterene|move: Heal Block
|cant|p2a: Hatterene|move: Heal Block|Healing Wish
|
|-end|p1a: Hatterene|move: Heal Block
|upkeep
|turn|11
|
|t:|1776111515
|switch|p2a: Vileplume|Vileplume, M|100/100
|move|p1a: Hatterene|Healing Wish|p1a: Hatterene
|faint|p1a: Hatterene
|
|upkeep
|
|t:|1776111518
|switch|p1a: Ninetales|Ninetales, M|4/100
|-heal|p1a: Ninetales|100/100|[from] move: Healing Wish
|-weather|SunnyDay|[from] ability: Drought|[of] p1a: Ninetales
|turn|12
|
|t:|1776111528
|move|p1a: Ninetales|Flamethrower|p2a: Vileplume
|-supereffective|p2a: Vileplume
|-damage|p2a: Vileplume|15/100
|move|p2a: Vileplume|Moonlight|p2a: Vileplume
|-heal|p2a: Vileplume|82/100
|
|-weather|SunnyDay|[upkeep]
|upkeep
|turn|13
|
|t:|1776111534
|switch|p1a: Walking Wake|Walking Wake|100/100
|-activate|p1a: Walking Wake|ability: Protosynthesis
|-start|p1a: Walking Wake|protosynthesisspa
|switch|p2a: Dragapult|Dragapult, F|89/100 brn
|
|-weather|SunnyDay|[upkeep]
|-damage|p2a: Dragapult|83/100 brn|[from] brn
|upkeep
|turn|14
|
|t:|1776111540
|-end|p1a: Walking Wake|Protosynthesis|[silent]
|switch|p1a: Great Tusk|Great Tusk|100/100
|-activate|p1a: Great Tusk|ability: Protosynthesis
|-start|p1a: Great Tusk|protosynthesisspe
|move|p2a: Dragapult|Dragon Darts|p1a: Great Tusk
|-damage|p1a: Great Tusk|89/100
|-anim|p2a: Dragapult|Dragon Darts|p1a: Great Tusk
|-damage|p1a: Great Tusk|78/100
|
|-weather|SunnyDay|[upkeep]
|-damage|p2a: Dragapult|77/100 brn|[from] brn
|upkeep
|turn|15
|
|t:|1776111546
|switch|p2a: Vileplume|Vileplume, M|82/100
|move|p1a: Great Tusk|Stealth Rock|p2a: Vileplume
|-sidestart|p2: phreshoatmeal|move: Stealth Rock
|
|-weather|SunnyDay|[upkeep]
|upkeep
|turn|16
|
|t:|1776111554
|-end|p1a: Great Tusk|Protosynthesis|[silent]
|switch|p1a: Ninetales|Ninetales, M|100/100
|move|p2a: Vileplume|Grass Knot|p1a: Ninetales
|-resisted|p1a: Ninetales
|-damage|p1a: Ninetales|93/100
|
|-weather|SunnyDay|[upkeep]
|upkeep
|turn|17
|
|t:|1776111561
|switch|p2a: Donphan|Donphan, L1, F|92/100 brn
|-damage|p2a: Donphan|84/100 brn|[from] Stealth Rock
|move|p1a: Ninetales|Flamethrower|p2a: Donphan
|-damage|p2a: Donphan|0 fnt
|faint|p2a: Donphan
|
|-weather|SunnyDay|[upkeep]
|upkeep
|
|t:|1776111567
|switch|p2a: Hatterene|Hatterene, F|82/100 par
|-damage|p2a: Hatterene|69/100 par|[from] Stealth Rock
|turn|18
|
|t:|1776111576
|move|p1a: Ninetales|Flamethrower|p2a: Hatterene
|-damage|p2a: Hatterene|31/100 par
|move|p2a: Hatterene|Healing Wish|p2a: Hatterene
|faint|p2a: Hatterene
|
|-weather|SunnyDay|[upkeep]
|upkeep
|
|t:|1776111580
|switch|p2a: Dragapult|Dragapult, F|77/100 brn
|-heal|p2a: Dragapult|100/100|[from] move: Healing Wish
|-damage|p2a: Dragapult|88/100|[from] Stealth Rock
|turn|19
|
|t:|1776111587
|switch|p1a: Great Tusk|Great Tusk|78/100
|-activate|p1a: Great Tusk|ability: Protosynthesis
|-start|p1a: Great Tusk|protosynthesisspe
|move|p2a: Dragapult|Dragon Darts|p1a: Great Tusk
|-damage|p1a: Great Tusk|54/100
|-anim|p2a: Dragapult|Dragon Darts|p1a: Great Tusk
|-damage|p1a: Great Tusk|29/100
|
|-weather|none
|-end|p1a: Great Tusk|Protosynthesis
|upkeep
|turn|20
|
|t:|1776111597
|-end|p1a: Great Tusk|Protosynthesis|[silent]
|switch|p1a: Ninetales|Ninetales, M|93/100
|-weather|SunnyDay|[from] ability: Drought|[of] p1a: Ninetales
|move|p2a: Dragapult|Dragon Darts|p1a: Ninetales
|-damage|p1a: Ninetales|45/100
|-anim|p2a: Dragapult|Dragon Darts|p1a: Ninetales
|-damage|p1a: Ninetales|1/100
|
|-weather|SunnyDay|[upkeep]
|upkeep
|turn|21
|
|t:|1776111602
|move|p2a: Dragapult|Dragon Darts|p1a: Ninetales
|-damage|p1a: Ninetales|0 fnt
|faint|p1a: Ninetales
|
|-weather|SunnyDay|[upkeep]
|upkeep
|
|t:|1776111604
|switch|p1a: Great Tusk|Great Tusk|29/100
|-activate|p1a: Great Tusk|ability: Protosynthesis
|-start|p1a: Great Tusk|protosynthesisspe
|turn|22
|
|t:|1776111613
|switch|p2a: Vileplume|Vileplume, M|82/100
|-damage|p2a: Vileplume|69/100|[from] Stealth Rock
|move|p1a: Great Tusk|Headlong Rush|p2a: Vileplume
|-damage|p2a: Vileplume|27/100
|-unboost|p1a: Great Tusk|def|1
|-unboost|p1a: Great Tusk|spd|1
|-damage|p1a: Great Tusk|12/100|[from] item: Rocky Helmet|[of] p2a: Vileplume
|-status|p1a: Great Tusk|psn|[from] ability: Effect Spore|[of] p2a: Vileplume
|
|-weather|SunnyDay|[upkeep]
|-damage|p1a: Great Tusk|0 fnt|[from] psn
|faint|p1a: Great Tusk
|-end|p1a: Great Tusk|Protosynthesis|[silent]
|upkeep
|
|t:|1776111618
|switch|p1a: Venusaur|Venusaur, F|100/100
|turn|23
|
|t:|1776111626
|move|p1a: Venusaur|Growth|p1a: Venusaur
|-boost|p1a: Venusaur|atk|2
|-boost|p1a: Venusaur|spa|2
|move|p2a: Vileplume|Moonlight|p2a: Vileplume
|-heal|p2a: Vileplume|93/100
|
|-weather|SunnyDay|[upkeep]
|upkeep
|turn|24
|
|t:|1776111633
|move|p1a: Venusaur|Weather Ball|p2a: Vileplume
|-supereffective|p2a: Vileplume
|-damage|p2a: Vileplume|0 fnt
|faint|p2a: Vileplume
|-damage|p1a: Venusaur|91/100|[from] item: Life Orb
|
|-weather|SunnyDay|[upkeep]
|upkeep
|
|t:|1776111643
|switch|p2a: Dragapult|Dragapult, F|88/100
|-damage|p2a: Dragapult|76/100|[from] Stealth Rock
|turn|25
|j| bbrread
|
|t:|1776111663
|move|p2a: Dragapult|Sucker Punch|p1a: Venusaur
|-damage|p1a: Venusaur|44/100
|move|p1a: Venusaur|Sludge Bomb|p2a: Dragapult
|-resisted|p2a: Dragapult
|-damage|p2a: Dragapult|0 fnt
|faint|p2a: Dragapult
|-damage|p1a: Venusaur|34/100|[from] item: Life Orb
|
|-weather|SunnyDay|[upkeep]
|upkeep
|
|t:|1776111667
|switch|p2a: Kingambit|Kingambit, M|100/100
|-damage|p2a: Kingambit|94/100|[from] Stealth Rock
|-activate|p2a: Kingambit|ability: Supreme Overlord
|-start|p2a: Kingambit|fallen5|[silent]
|turn|26
|
|t:|1776111671
|move|p2a: Kingambit|Sucker Punch|p1a: Venusaur
|-damage|p1a: Venusaur|0 fnt
|faint|p1a: Venusaur
|
|-weather|SunnyDay|[upkeep]
|upkeep
|
|t:|1776111673
|switch|p1a: Walking Wake|Walking Wake|100/100
|-activate|p1a: Walking Wake|ability: Protosynthesis
|-start|p1a: Walking Wake|protosynthesisspa
|turn|27
|
|t:|1776111681
|move|p1a: Walking Wake|Hydro Steam|p2a: Kingambit
|-damage|p2a: Kingambit|9/100
|move|p2a: Kingambit|Kowtow Cleave|p1a: Walking Wake
|-damage|p1a: Walking Wake|23/100
|
|-weather|none
|-end|p1a: Walking Wake|Protosynthesis
|upkeep
|turn|28
|l| bbrread
|
|t:|1776111698
|move|p2a: Kingambit|Sucker Punch|p1a: Walking Wake
|-crit|p1a: Walking Wake
|-damage|p1a: Walking Wake|0 fnt
|faint|p1a: Walking Wake
|-end|p1a: Walking Wake|Protosynthesis|[silent]
|
|win|phreshoatmeal
|raw|swagswag234's rating: 1525 &rarr; <strong>1505</strong><br />(-20 for losing)
|raw|phreshoatmeal's rating: 1524 &rarr; <strong>1544</strong><br />(+20 for winning)
|l|☆phreshoatmeal
|player|p2|
|l|☆swagswag234
|player|p1|
