|html|<div class="broadcast-blue"><strong>[Gen 9] OU is currently suspecting Volcarona! For information on how to participate check out the <a href="https://www.smogon.com/tools/suspects/view/208">suspect thread</a>.</strong></div>
|j|☆NotSoFunnyAnymore
|j|☆icewizardlair☃
|t:|1778504147
|gametype|singles
|player|p1|NotSoFunnyAnymore|2|1117
|player|p2|icewizardlair☃|lorelei-lgpe|1139
|gen|9
|tier|[Gen 9] OU
|rated|
|rule|HP Percentage Mod: HP is shown in percentages
|rule|Endless Battle Clause: Forcing endless battles is banned
|rule|Species Clause: Limit one of each Pokémon
|rule|OHKO Clause: OHKO moves are banned
|rule|Evasion Items Clause: Evasion items are banned
|rule|Evasion Moves Clause: Evasion moves are banned
|rule|Evasion Abilities Clause: Evasion abilities are banned
|rule|Sleep Moves Clause: Sleep-inducing moves are banned
|clearpoke
|poke|p1|Pelipper, M|
|poke|p1|Barraskewda, F|
|poke|p1|Hydrapple, F|
|poke|p1|Ogerpon-Wellspring, F|
|poke|p1|Toxapex, F|
|poke|p1|Regieleki|
|poke|p2|Froslass, F|
|poke|p2|Arcanine-Hisui, M|
|poke|p2|Yanmega, F|
|poke|p2|Cetitan, M|
|poke|p2|Azumarill, M|
|poke|p2|Kilowattrel, F|
|teampreview
|inactive|Battle timer is ON: inactive players will automatically lose when time's up. (requested by icewizardlair☃)
|
|t:|1778504173
|teamsize|p1|6
|teamsize|p2|6
|start
|switch|p1a: "Lip Service"|Pelipper, M|100/100
|switch|p2a: Arcannon|Arcanine-Hisui, M, shiny|100/100
|-item|p2a: Arcannon|Air Balloon
|-weather|RainDance|[from] ability: Drizzle|[of] p1a: "Lip Service"
|turn|1
|
|t:|1778504186
|switch|p1a: The Scrubs|Toxapex, F|100/100
|move|p2a: Arcannon|Head Smash|p1a: The Scrubs|[miss]
|-miss|p2a: Arcannon|p1a: The Scrubs
|
|-weather|RainDance|[upkeep]
|upkeep
|turn|2
|
|t:|1778504199
|switch|p2a: Snowcrow|Froslass, F|100/100
|move|p1a: The Scrubs|Stockpile|p1a: The Scrubs
|-start|p1a: The Scrubs|stockpile1
|-boost|p1a: The Scrubs|def|1
|-boost|p1a: The Scrubs|spd|1
|
|-weather|RainDance|[upkeep]
|upkeep
|turn|3
|
|t:|1778504208
|move|p2a: Snowcrow|Will-O-Wisp|p1a: The Scrubs
|-status|p1a: The Scrubs|brn
|move|p1a: The Scrubs|Toxic|p2a: Snowcrow
|-status|p2a: Snowcrow|tox
|
|-weather|RainDance|[upkeep]
|-damage|p2a: Snowcrow|94/100 tox|[from] psn
|-damage|p1a: The Scrubs|94/100 brn|[from] brn
|upkeep
|turn|4
|
|t:|1778504220
|move|p2a: Snowcrow|Hex|p1a: The Scrubs
|-damage|p1a: The Scrubs|70/100 brn
|move|p1a: The Scrubs|Stockpile|p1a: The Scrubs
|-start|p1a: The Scrubs|stockpile2
|-boost|p1a: The Scrubs|def|1
|-boost|p1a: The Scrubs|spd|1
|
|-weather|RainDance|[upkeep]
|-heal|p1a: The Scrubs|76/100 brn|[from] item: Leftovers
|-damage|p2a: Snowcrow|82/100 tox|[from] psn
|-damage|p1a: The Scrubs|70/100 brn|[from] brn
|upkeep
|turn|5
|
|t:|1778504231
|move|p2a: Snowcrow|Hex|p1a: The Scrubs
|-damage|p1a: The Scrubs|53/100 brn
|move|p1a: The Scrubs|Stockpile|p1a: The Scrubs
|-start|p1a: The Scrubs|stockpile3
|-boost|p1a: The Scrubs|def|1
|-boost|p1a: The Scrubs|spd|1
|
|-weather|none
|-heal|p1a: The Scrubs|59/100 brn|[from] item: Leftovers
|-damage|p2a: Snowcrow|64/100 tox|[from] psn
|-damage|p1a: The Scrubs|53/100 brn|[from] brn
|upkeep
|turn|6
|
|t:|1778504243
|move|p2a: Snowcrow|Hex|p1a: The Scrubs
|-damage|p1a: The Scrubs|36/100 brn
|move|p1a: The Scrubs|Recover|p1a: The Scrubs
|-heal|p1a: The Scrubs|86/100 brn
|
|-heal|p1a: The Scrubs|92/100 brn|[from] item: Leftovers
|-damage|p2a: Snowcrow|40/100 tox|[from] psn
|-damage|p1a: The Scrubs|86/100 brn|[from] brn
|upkeep
|turn|7
|
|t:|1778504253
|move|p2a: Snowcrow|Hex|p1a: The Scrubs
|-damage|p1a: The Scrubs|71/100 brn
|move|p1a: The Scrubs|Hydro Pump|p2a: Snowcrow
|-damage|p2a: Snowcrow|5/100 tox
|
|-heal|p1a: The Scrubs|77/100 brn|[from] item: Leftovers
|-damage|p2a: Snowcrow|0 fnt|[from] psn
|faint|p2a: Snowcrow
|-damage|p1a: The Scrubs|71/100 brn|[from] brn
|upkeep
|
|t:|1778504265
|switch|p2a: Thunder Child|Kilowattrel, F|100/100
|turn|8
|
|t:|1778504271
|move|p2a: Thunder Child|Electro Ball|p1a: The Scrubs
|-supereffective|p1a: The Scrubs
|-damage|p1a: The Scrubs|32/100 brn
|move|p1a: The Scrubs|Recover|p1a: The Scrubs
|-heal|p1a: The Scrubs|82/100 brn
|
|-heal|p1a: The Scrubs|88/100 brn|[from] item: Leftovers
|-damage|p1a: The Scrubs|82/100 brn|[from] brn
|upkeep
|turn|9
|
|t:|1778504281
|move|p2a: Thunder Child|Electro Ball|p1a: The Scrubs
|-supereffective|p1a: The Scrubs
|-damage|p1a: The Scrubs|41/100 brn
|move|p1a: The Scrubs|Toxic|p2a: Thunder Child
|-status|p2a: Thunder Child|tox
|
|-heal|p1a: The Scrubs|47/100 brn|[from] item: Leftovers
|-damage|p2a: Thunder Child|94/100 tox|[from] psn
|-damage|p1a: The Scrubs|41/100 brn|[from] brn
|upkeep
|turn|10
|
|t:|1778504293
|switch|p1a: Bouncy Regichurro|Regieleki|100/100
|move|p2a: Thunder Child|Electro Ball|p1a: Bouncy Regichurro
|-resisted|p1a: Bouncy Regichurro
|-damage|p1a: Bouncy Regichurro|83/100
|
|-damage|p2a: Thunder Child|82/100 tox|[from] psn
|upkeep
|turn|11
|l|☆NotSoFunnyAnymore
|inactive|NotSoFunnyAnymore disconnected and has a minute to reconnect!
|player|p1|
|j|☆NotSoFunnyAnymore
|inactive|NotSoFunnyAnymore reconnected and has 125 seconds left.
|player|p1|NotSoFunnyAnymore|2|
|inactive|NotSoFunnyAnymore has 120 seconds left.
|
|t:|1778504326
|move|p1a: Bouncy Regichurro|Volt Switch|p2a: Thunder Child
|-heal|p2a: Thunder Child|100/100 tox|[from] ability: Volt Absorb|[of] p1a: Bouncy Regichurro
|move|p2a: Thunder Child|Air Slash|p1a: Bouncy Regichurro
|-resisted|p1a: Bouncy Regichurro
|-damage|p1a: Bouncy Regichurro|52/100
|
|-damage|p2a: Thunder Child|82/100 tox|[from] psn
|upkeep
|turn|12
|inactive|NotSoFunnyAnymore has 120 seconds left.
|
|t:|1778504342
|switch|p1a: "Lip Service"|Pelipper, M|100/100
|-weather|RainDance|[from] ability: Drizzle|[of] p1a: "Lip Service"
|move|p2a: Thunder Child|Air Slash|p1a: "Lip Service"
|-damage|p1a: "Lip Service"|55/100
|
|-weather|RainDance|[upkeep]
|-damage|p2a: Thunder Child|58/100 tox|[from] psn
|upkeep
|turn|13
|inactive|NotSoFunnyAnymore has 120 seconds left.
|
|t:|1778504351
|switch|p1a: Worm in Apple|Hydrapple, F, shiny|100/100
|move|p2a: Thunder Child|Electro Ball|p1a: Worm in Apple
|-resisted|p1a: Worm in Apple
|-damage|p1a: Worm in Apple|87/100
|
|-weather|RainDance|[upkeep]
|-heal|p1a: Worm in Apple|93/100|[from] item: Leftovers
|-damage|p2a: Thunder Child|28/100 tox|[from] psn
|upkeep
|turn|14
|inactive|NotSoFunnyAnymore has 120 seconds left.
|
|t:|1778504365
|switch|p2a: Kixxarth|Yanmega, F|100/100
|move|p1a: Worm in Apple|Energy Ball|p2a: Kixxarth
|-resisted|p2a: Kixxarth
|-damage|p2a: Kixxarth|88/100
|
|-weather|RainDance|[upkeep]
|-heal|p1a: Worm in Apple|99/100|[from] item: Leftovers
|upkeep
|turn|15
|inactive|NotSoFunnyAnymore has 120 seconds left.
|
|t:|1778504382
|switch|p1a: Bouncy Regichurro|Regieleki|52/100
|move|p2a: Kixxarth|Air Slash|p1a: Bouncy Regichurro
|-resisted|p1a: Bouncy Regichurro
|-damage|p1a: Bouncy Regichurro|15/100
|
|-weather|RainDance|[upkeep]
|-ability|p2a: Kixxarth|Speed Boost|boost
|-boost|p2a: Kixxarth|spe|1
|upkeep
|turn|16
|inactive|NotSoFunnyAnymore has 120 seconds left.
|
|t:|1778504390
|move|p2a: Kixxarth|Detect|p2a: Kixxarth
|-singleturn|p2a: Kixxarth|Protect
|move|p1a: Bouncy Regichurro|Extreme Speed|p2a: Kixxarth
|-activate|p2a: Kixxarth|move: Protect
|
|-weather|none
|-ability|p2a: Kixxarth|Speed Boost|boost
|-boost|p2a: Kixxarth|spe|1
|upkeep
|turn|17
|inactive|NotSoFunnyAnymore has 120 seconds left.
|
|t:|1778504405
|switch|p1a: The Mop|Ogerpon-Wellspring, F|100/100
|-terastallize|p2a: Kixxarth|Ghost
|move|p2a: Kixxarth|Shadow Ball|p1a: The Mop
|-damage|p1a: The Mop|44/100
|
|-ability|p2a: Kixxarth|Speed Boost|boost
|-boost|p2a: Kixxarth|spe|1
|upkeep
|turn|18
|inactive|NotSoFunnyAnymore has 120 seconds left.
|
|t:|1778504416
|move|p2a: Kixxarth|Air Slash|p1a: The Mop
|-supereffective|p1a: The Mop
|-damage|p1a: The Mop|0 fnt
|faint|p1a: The Mop
|
|-ability|p2a: Kixxarth|Speed Boost|boost
|-boost|p2a: Kixxarth|spe|1
|upkeep
|inactive|NotSoFunnyAnymore has 120 seconds left.
|
|t:|1778504427
|switch|p1a: The Scrubs|Toxapex, F|74/100 brn
|turn|19
|
|t:|1778504441
|switch|p2a: Thunder Child|Kilowattrel, F|28/100 tox
|move|p1a: The Scrubs|Toxic|p2a: Thunder Child
|-fail|p2a: Thunder Child|tox
|
|-heal|p1a: The Scrubs|80/100 brn|[from] item: Leftovers
|-damage|p2a: Thunder Child|22/100 tox|[from] psn
|-damage|p1a: The Scrubs|74/100 brn|[from] brn
|upkeep
|turn|20
|
|t:|1778504454
|switch|p1a: Bouncy Regichurro|Regieleki|15/100
|move|p2a: Thunder Child|Air Slash|p1a: Bouncy Regichurro
|-resisted|p1a: Bouncy Regichurro
|-damage|p1a: Bouncy Regichurro|0 fnt
|faint|p1a: Bouncy Regichurro
|
|-damage|p2a: Thunder Child|10/100 tox|[from] psn
|upkeep
|
|t:|1778504464
|switch|p1a: "Lip Service"|Pelipper, M|55/100
|-weather|RainDance|[from] ability: Drizzle|[of] p1a: "Lip Service"
|turn|21
|
|t:|1778504480
|switch|p2a: Dr. Cool|Cetitan, M|100/100
|switch|p1a: Worm in Apple|Hydrapple, F, shiny|100/100
|
|-weather|RainDance|[upkeep]
|upkeep
|turn|22
|
|t:|1778504495
|switch|p1a: The Scrubs|Toxapex, F|100/100 brn
|move|p2a: Dr. Cool|Icicle Spear|p1a: The Scrubs
|-resisted|p1a: The Scrubs
|-damage|p1a: The Scrubs|96/100 brn
|-resisted|p1a: The Scrubs
|-damage|p1a: The Scrubs|91/100 brn
|-resisted|p1a: The Scrubs
|-damage|p1a: The Scrubs|86/100 brn
|-resisted|p1a: The Scrubs
|-damage|p1a: The Scrubs|82/100 brn
|-hitcount|p1a: The Scrubs|4
|
|-weather|RainDance|[upkeep]
|-heal|p1a: The Scrubs|88/100 brn|[from] item: Leftovers
|-damage|p1a: The Scrubs|82/100 brn|[from] brn
|upkeep
|turn|23
|
|t:|1778504511
|switch|p2a: Thunder Child|Kilowattrel, F|10/100 tox
|move|p1a: The Scrubs|Stockpile|p1a: The Scrubs
|-start|p1a: The Scrubs|stockpile1
|-boost|p1a: The Scrubs|def|1
|-boost|p1a: The Scrubs|spd|1
|
|-weather|RainDance|[upkeep]
|-heal|p1a: The Scrubs|88/100 brn|[from] item: Leftovers
|-damage|p2a: Thunder Child|4/100 tox|[from] psn
|-damage|p1a: The Scrubs|82/100 brn|[from] brn
|upkeep
|turn|24
|inactive|NotSoFunnyAnymore has 120 seconds left.
|
|t:|1778504534
|switch|p1a: Worm in Apple|Hydrapple, F, shiny|100/100
|move|p2a: Thunder Child|Endeavor|p1a: Worm in Apple
|-damage|p1a: Worm in Apple|3/100
|
|-weather|RainDance|[upkeep]
|-heal|p1a: Worm in Apple|9/100|[from] item: Leftovers
|-damage|p2a: Thunder Child|0 fnt|[from] psn
|faint|p2a: Thunder Child
|upkeep
|
|t:|1778504553
|switch|p2a: BMO|Azumarill, M|100/100
|turn|25
|
|t:|1778504561
|move|p2a: BMO|Aqua Jet|p1a: Worm in Apple
|-resisted|p1a: Worm in Apple
|-damage|p1a: Worm in Apple|4/100
|move|p1a: Worm in Apple|Energy Ball|p2a: BMO
|-supereffective|p2a: BMO
|-damage|p2a: BMO|52/100
|
|-weather|none
|-heal|p1a: Worm in Apple|10/100|[from] item: Leftovers
|upkeep
|turn|26
|
|t:|1778504574
|move|p2a: BMO|Play Rough|p1a: Worm in Apple
|-supereffective|p1a: Worm in Apple
|-damage|p1a: Worm in Apple|0 fnt
|faint|p1a: Worm in Apple
|
|upkeep
|
|t:|1778504581
|switch|p1a: The Scrubs|Toxapex, F|100/100 brn
|turn|27
|
|t:|1778504590
|move|p2a: BMO|Play Rough|p1a: The Scrubs
|-resisted|p1a: The Scrubs
|-damage|p1a: The Scrubs|79/100 brn
|move|p1a: The Scrubs|Toxic|p2a: BMO
|-status|p2a: BMO|tox
|
|-heal|p1a: The Scrubs|85/100 brn|[from] item: Leftovers
|-damage|p2a: BMO|46/100 tox|[from] psn
|-damage|p1a: The Scrubs|79/100 brn|[from] brn
|upkeep
|turn|28
|
|t:|1778504601
|move|p2a: BMO|Play Rough|p1a: The Scrubs
|-resisted|p1a: The Scrubs
|-damage|p1a: The Scrubs|58/100 brn
|move|p1a: The Scrubs|Stockpile|p1a: The Scrubs
|-start|p1a: The Scrubs|stockpile1
|-boost|p1a: The Scrubs|def|1
|-boost|p1a: The Scrubs|spd|1
|
|-heal|p1a: The Scrubs|65/100 brn|[from] item: Leftovers
|-damage|p2a: BMO|34/100 tox|[from] psn
|-damage|p1a: The Scrubs|58/100 brn|[from] brn
|upkeep
|turn|29
|
|t:|1778504614
|move|p2a: BMO|Play Rough|p1a: The Scrubs
|-resisted|p1a: The Scrubs
|-damage|p1a: The Scrubs|45/100 brn
|move|p1a: The Scrubs|Stockpile|p1a: The Scrubs
|-start|p1a: The Scrubs|stockpile2
|-boost|p1a: The Scrubs|def|1
|-boost|p1a: The Scrubs|spd|1
|
|-heal|p1a: The Scrubs|51/100 brn|[from] item: Leftovers
|-damage|p2a: BMO|15/100 tox|[from] psn
|-damage|p1a: The Scrubs|45/100 brn|[from] brn
|upkeep
|turn|30
|
|t:|1778504625
|move|p2a: BMO|Play Rough|p1a: The Scrubs
|-resisted|p1a: The Scrubs
|-damage|p1a: The Scrubs|35/100 brn
|move|p1a: The Scrubs|Recover|p1a: The Scrubs
|-heal|p1a: The Scrubs|85/100 brn
|
|-heal|p1a: The Scrubs|91/100 brn|[from] item: Leftovers
|-damage|p2a: BMO|0 fnt|[from] psn
|faint|p2a: BMO
|-damage|p1a: The Scrubs|85/100 brn|[from] brn
|upkeep
|
|t:|1778504632
|switch|p2a: Arcannon|Arcanine-Hisui, M, shiny|100/100
|-item|p2a: Arcannon|Air Balloon
|turn|31
|
|t:|1778504639
|move|p2a: Arcannon|Head Smash|p1a: The Scrubs|[miss]
|-miss|p2a: Arcannon|p1a: The Scrubs
|move|p1a: The Scrubs|Stockpile|p1a: The Scrubs
|-start|p1a: The Scrubs|stockpile3
|-boost|p1a: The Scrubs|def|1
|-boost|p1a: The Scrubs|spd|1
|
|-heal|p1a: The Scrubs|91/100 brn|[from] item: Leftovers
|-damage|p1a: The Scrubs|85/100 brn|[from] brn
|upkeep
|turn|32
|
|t:|1778504649
|move|p2a: Arcannon|Head Smash|p1a: The Scrubs
|-damage|p1a: The Scrubs|65/100 brn
|move|p1a: The Scrubs|Hydro Pump|p2a: Arcannon
|-supereffective|p2a: Arcannon
|-damage|p2a: Arcannon|0 fnt
|-enditem|p2a: Arcannon|Air Balloon
|faint|p2a: Arcannon
|
|-heal|p1a: The Scrubs|71/100 brn|[from] item: Leftovers
|-damage|p1a: The Scrubs|65/100 brn|[from] brn
|upkeep
|
|t:|1778504652
|switch|p2a: Kixxarth|Yanmega, F, tera:Ghost|88/100
|turn|33
|
|t:|1778504662
|move|p2a: Kixxarth|Air Slash|p1a: The Scrubs
|-damage|p1a: The Scrubs|54/100 brn
|move|p1a: The Scrubs|Toxic|p2a: Kixxarth
|-status|p2a: Kixxarth|tox
|
|-heal|p1a: The Scrubs|61/100 brn|[from] item: Leftovers
|-damage|p2a: Kixxarth|82/100 tox|[from] psn
|-damage|p1a: The Scrubs|54/100 brn|[from] brn
|-ability|p2a: Kixxarth|Speed Boost|boost
|-boost|p2a: Kixxarth|spe|1
|upkeep
|turn|34
|
|t:|1778504673
|move|p2a: Kixxarth|Air Slash|p1a: The Scrubs
|-damage|p1a: The Scrubs|44/100 brn
|move|p1a: The Scrubs|Recover|p1a: The Scrubs
|-heal|p1a: The Scrubs|94/100 brn
|
|-heal|p1a: The Scrubs|99/100 brn|[from] item: Leftovers
|-damage|p2a: Kixxarth|70/100 tox|[from] psn
|-damage|p1a: The Scrubs|94/100 brn|[from] brn
|-ability|p2a: Kixxarth|Speed Boost|boost
|-boost|p2a: Kixxarth|spe|1
|upkeep
|turn|35
|
|t:|1778504684
|move|p2a: Kixxarth|Shadow Ball|p1a: The Scrubs
|-damage|p1a: The Scrubs|79/100 brn
|move|p1a: The Scrubs|Hydro Pump|p2a: Kixxarth
|-damage|p2a: Kixxarth|37/100 tox
|
|-heal|p1a: The Scrubs|85/100 brn|[from] item: Leftovers
|-damage|p2a: Kixxarth|19/100 tox|[from] psn
|-damage|p1a: The Scrubs|79/100 brn|[from] brn
|-ability|p2a: Kixxarth|Speed Boost|boost
|-boost|p2a: Kixxarth|spe|1
|upkeep
|turn|36
|-message|icewizardlair☃ forfeited.
|
|win|NotSoFunnyAnymore
|raw|NotSoFunnyAnymore's rating: 1117 &rarr; <strong>1144</strong><br />(+27 for winning)
|raw|icewizardlair☃'s rating: 1139 &rarr; <strong>1112</strong><br />(-27 for losing)
|l|☆icewizardlair☃
|player|p2|
|l|☆NotSoFunnyAnymore
|player|p1|
