|html|<div class="broadcast-blue"><strong>[Gen 9] OU is currently suspecting Volcarona! For information on how to participate check out the <a href="https://www.smogon.com/tools/suspects/view/208">suspect thread</a>.</strong></div>
|j|☆pigperfect9831
|j|☆kingteth1991
|t:|1778513038
|gametype|singles
|player|p1|pigperfect9831|workerice|1573
|player|p2|kingteth1991|265|1592
|gen|9
|tier|[Gen 9] OU
|rated|
|rule|HP Percentage Mod: HP is shown in percentages
|rule|Endless Battle Clause: Forcing endless battles is banned
|rule|Species Clause: Limit one of each Pokémon
|rule|OHKO Clause: OHKO moves are banned
|rule|Evasion Items Clause: Evasion items are banned
|rule|Evasion Moves Clause: Evasion moves are banned
|rule|Evasion Abilities Clause: Evasion abilities are banned
|rule|Sleep Moves Clause: Sleep-inducing moves are banned
|clearpoke
|poke|p1|Kyurem|
|poke|p1|Moltres|
|poke|p1|Sandslash-Alola, M|
|poke|p1|Slowking-Galar, F|
|poke|p1|Ting-Lu|
|poke|p1|Zamazenta-*|
|poke|p2|Gliscor, M|
|poke|p2|Slowking-Galar, M|
|poke|p2|Cinderace, F|
|poke|p2|Hydrapple, F|
|poke|p2|Salazzle, F|
|poke|p2|Pecharunt|
|teampreview
|inactive|Battle timer is ON: inactive players will automatically lose when time's up. (requested by kingteth1991)
|inactive|pigperfect9831 has 120 seconds left.
|
|t:|1778513090
|teamsize|p1|6
|teamsize|p2|6
|start
|switch|p1a: Deer God|Ting-Lu|100/100
|switch|p2a: Gliscor|Gliscor, M|100/100
|-ability|p1a: Deer God|Vessel of Ruin
|turn|1
|
|t:|1778513114
|switch|p1a: Runs & Goses|Sandslash-Alola, M|100/100
|move|p2a: Gliscor|Toxic|p1a: Runs & Goses|[miss]
|-miss|p2a: Gliscor|p1a: Runs & Goses
|
|-status|p2a: Gliscor|tox|[from] item: Toxic Orb
|upkeep
|turn|2
|
|t:|1778513121
|move|p2a: Gliscor|Substitute|p2a: Gliscor
|-start|p2a: Gliscor|Substitute
|-damage|p2a: Gliscor|76/100 tox
|move|p1a: Runs & Goses|Triple Axel|p2a: Gliscor
|-supereffective|p2a: Gliscor
|-end|p2a: Gliscor|Substitute
|-hitcount|p2a: Gliscor|1
|
|-heal|p2a: Gliscor|88/100 tox|[from] ability: Poison Heal
|upkeep
|turn|3
|
|t:|1778513141
|switch|p2a: Pecharunt|Pecharunt|100/100
|move|p1a: Runs & Goses|Knock Off|p2a: Pecharunt
|-supereffective|p2a: Pecharunt
|-damage|p2a: Pecharunt|70/100
|-enditem|p2a: Pecharunt|Heavy-Duty Boots|[from] move: Knock Off|[of] p1a: Runs & Goses
|
|upkeep
|turn|4
|
|t:|1778513149
|move|p1a: Runs & Goses|Earthquake|p2a: Pecharunt
|-supereffective|p2a: Pecharunt
|-damage|p2a: Pecharunt|43/100
|move|p2a: Pecharunt|Recover|p2a: Pecharunt
|-heal|p2a: Pecharunt|93/100
|
|upkeep
|turn|5
|inactive|kingteth1991 has 120 seconds left.
|
|t:|1778513179
|-terastallize|p2a: Pecharunt|Ghost
|move|p1a: Runs & Goses|Earthquake|p2a: Pecharunt
|-damage|p2a: Pecharunt|78/100
|move|p2a: Pecharunt|Hex|p1a: Runs & Goses
|-damage|p1a: Runs & Goses|59/100
|
|upkeep
|turn|6
|
|t:|1778513187
|switch|p1a: Intellectual Eric|Slowking-Galar, F|100/100
|move|p2a: Pecharunt|Hex|p1a: Intellectual Eric
|-supereffective|p1a: Intellectual Eric
|-damage|p1a: Intellectual Eric|69/100
|
|upkeep
|turn|7
|
|t:|1778513193
|move|p2a: Pecharunt|Parting Shot|p1a: Intellectual Eric
|-unboost|p1a: Intellectual Eric|atk|1
|-unboost|p1a: Intellectual Eric|spa|1
|
|t:|1778513201
|switch|p2a: Salazzle|Salazzle, F|100/100|[from] Parting Shot
|-item|p2a: Salazzle|Air Balloon
|-prepare|p1a: Intellectual Eric|Chilly Reception|[premajor]
|move|p1a: Intellectual Eric|Chilly Reception|p1a: Intellectual Eric
|-weather|Snowscape
|
|t:|1778513209
|switch|p1a: Cuck Zoris|Zamazenta|100/100|[from] Chilly Reception
|-ability|p1a: Cuck Zoris|Dauntless Shield|boost
|-boost|p1a: Cuck Zoris|def|1
|
|-weather|Snowscape|[upkeep]
|upkeep
|turn|8
|
|t:|1778513224
|switch|p2a: Pecharunt|Pecharunt, tera:Ghost|78/100
|move|p1a: Cuck Zoris|Stone Edge|p2a: Pecharunt|[miss]
|-miss|p1a: Cuck Zoris|p2a: Pecharunt
|
|-weather|Snowscape|[upkeep]
|upkeep
|turn|9
|
|t:|1778513236
|move|p1a: Cuck Zoris|Crunch|p2a: Pecharunt
|-supereffective|p2a: Pecharunt
|-damage|p2a: Pecharunt|47/100
|-unboost|p2a: Pecharunt|def|1
|move|p2a: Pecharunt|Malignant Chain|p1a: Cuck Zoris
|-damage|p1a: Cuck Zoris|71/100
|-status|p1a: Cuck Zoris|tox
|-start|p1a: Cuck Zoris|confusion|[from] ability: Poison Puppeteer|[of] p2a: Pecharunt
|
|-weather|Snowscape|[upkeep]
|-damage|p1a: Cuck Zoris|64/100 tox|[from] psn
|upkeep
|turn|10
|
|t:|1778513242
|-activate|p1a: Cuck Zoris|confusion
|-damage|p1a: Cuck Zoris|56/100 tox|[from] confusion
|move|p2a: Pecharunt|Recover|p2a: Pecharunt
|-heal|p2a: Pecharunt|97/100
|
|-weather|Snowscape|[upkeep]
|-damage|p1a: Cuck Zoris|44/100 tox|[from] psn
|upkeep
|turn|11
|
|t:|1778513246
|switch|p2a: Hydrapple|Hydrapple, F|100/100
|-end|p1a: Cuck Zoris|confusion
|move|p1a: Cuck Zoris|Crunch|p2a: Hydrapple
|-damage|p2a: Hydrapple|81/100
|
|-weather|none
|-damage|p1a: Cuck Zoris|25/100 tox|[from] psn
|upkeep
|turn|12
|
|t:|1778513256
|switch|p1a: Intellectual Eric|Slowking-Galar, F|100/100
|move|p2a: Hydrapple|Giga Drain|p1a: Intellectual Eric
|-resisted|p1a: Intellectual Eric
|-damage|p1a: Intellectual Eric|88/100
|-heal|p2a: Hydrapple|87/100|[from] drain|[of] p1a: Intellectual Eric
|
|upkeep
|turn|13
|
|t:|1778513270
|switch|p2a: Slowking|Slowking-Galar, M|100/100
|move|p1a: Intellectual Eric|Sludge Bomb|p2a: Slowking
|-resisted|p2a: Slowking
|-damage|p2a: Slowking|92/100
|
|upkeep
|turn|14
|
|t:|1778513276
|move|p2a: Slowking|Future Sight|p1a: Intellectual Eric
|-start|p2a: Slowking|move: Future Sight
|move|p1a: Intellectual Eric|Future Sight|p2a: Slowking
|-start|p1a: Intellectual Eric|move: Future Sight
|
|upkeep
|turn|15
|
|t:|1778513304
|switch|p2a: Gliscor|Gliscor, M|88/100 tox
|-prepare|p1a: Intellectual Eric|Chilly Reception|[premajor]
|move|p1a: Intellectual Eric|Chilly Reception|p1a: Intellectual Eric
|-weather|Snowscape
|j| Favorite lovestory
|
|t:|1778513323
|switch|p1a: Snoddy Batcher|Kyurem|100/100|[from] Chilly Reception
|-ability|p1a: Snoddy Batcher|Pressure
|
|-weather|Snowscape|[upkeep]
|-heal|p2a: Gliscor|100/100 tox|[from] ability: Poison Heal
|upkeep
|turn|16
|
|t:|1778513342
|switch|p2a: Slowking|Slowking-Galar, M|100/100
|move|p1a: Snoddy Batcher|Dragon Dance|p1a: Snoddy Batcher
|-boost|p1a: Snoddy Batcher|atk|1
|-boost|p1a: Snoddy Batcher|spe|1
|
|-weather|Snowscape|[upkeep]
|-end|p1a: Snoddy Batcher|move: Future Sight
|-damage|p1a: Snoddy Batcher|42/100
|-end|p2a: Slowking|move: Future Sight
|-damage|p2a: Slowking|77/100
|upkeep
|turn|17
|j| spooky harry
|
|t:|1778513351
|move|p1a: Snoddy Batcher|Icicle Spear|p2a: Slowking
|-damage|p2a: Slowking|57/100
|-damage|p2a: Slowking|39/100
|-damage|p2a: Slowking|20/100
|-damage|p2a: Slowking|2/100
|-hitcount|p2a: Slowking|4
|move|p2a: Slowking|Sludge Bomb|p1a: Snoddy Batcher
|-damage|p1a: Snoddy Batcher|0 fnt
|faint|p1a: Snoddy Batcher
|
|-weather|Snowscape|[upkeep]
|upkeep
|
|t:|1778513362
|switch|p1a: Runs & Goses|Sandslash-Alola, M|59/100
|turn|18
|
|t:|1778513367
|switch|p2a: Pecharunt|Pecharunt, tera:Ghost|97/100
|move|p1a: Runs & Goses|Triple Axel|p2a: Pecharunt
|-damage|p2a: Pecharunt|93/100
|-damage|p2a: Pecharunt|83/100
|-damage|p2a: Pecharunt|69/100
|-hitcount|p2a: Pecharunt|3
|
|-weather|Snowscape|[upkeep]
|upkeep
|turn|19
|
|t:|1778513378
|switch|p1a: Intellectual Eric|Slowking-Galar, F|100/100
|move|p2a: Pecharunt|Hex|p1a: Intellectual Eric
|-supereffective|p1a: Intellectual Eric
|-damage|p1a: Intellectual Eric|66/100
|
|-weather|none
|upkeep
|turn|20
|
|t:|1778513381
|move|p2a: Pecharunt|Parting Shot|p1a: Intellectual Eric
|-unboost|p1a: Intellectual Eric|atk|1
|-unboost|p1a: Intellectual Eric|spa|1
|
|t:|1778513385
|switch|p2a: Slowking|Slowking-Galar, M|35/100|[from] Parting Shot
|move|p1a: Intellectual Eric|Future Sight|p2a: Slowking
|-start|p1a: Intellectual Eric|move: Future Sight
|
|upkeep
|turn|21
|j| asdfsadfsffsdfsdf
|
|t:|1778513395
|switch|p2a: Gliscor|Gliscor, M|100/100 tox
|-prepare|p1a: Intellectual Eric|Chilly Reception|[premajor]
|move|p1a: Intellectual Eric|Chilly Reception|p1a: Intellectual Eric
|-weather|Snowscape
|
|t:|1778513397
|switch|p1a: Runs & Goses|Sandslash-Alola, M|59/100|[from] Chilly Reception
|
|-weather|Snowscape|[upkeep]
|upkeep
|turn|22
|
|t:|1778513416
|move|p2a: Gliscor|Protect|p2a: Gliscor
|-singleturn|p2a: Gliscor|Protect
|move|p1a: Runs & Goses|Triple Axel|p2a: Gliscor
|-activate|p2a: Gliscor|move: Protect
|
|-weather|Snowscape|[upkeep]
|-end|p2a: Gliscor|move: Future Sight
|-damage|p2a: Gliscor|49/100 tox
|-heal|p2a: Gliscor|61/100 tox|[from] ability: Poison Heal
|upkeep
|turn|23
|
|t:|1778513426
|switch|p2a: Pecharunt|Pecharunt, tera:Ghost|69/100
|move|p1a: Runs & Goses|Triple Axel|p2a: Pecharunt
|-damage|p2a: Pecharunt|64/100
|-damage|p2a: Pecharunt|55/100
|-damage|p2a: Pecharunt|41/100
|-hitcount|p2a: Pecharunt|3
|
|-weather|Snowscape|[upkeep]
|upkeep
|turn|24
|
|t:|1778513435
|switch|p1a: Intellectual Eric|Slowking-Galar, F|99/100
|move|p2a: Pecharunt|Recover|p2a: Pecharunt
|-heal|p2a: Pecharunt|91/100
|
|-weather|Snowscape|[upkeep]
|upkeep
|turn|25
|
|t:|1778513440
|switch|p2a: Salazzle|Salazzle, F|100/100
|-item|p2a: Salazzle|Air Balloon
|move|p1a: Intellectual Eric|Future Sight|p2a: Salazzle
|-start|p1a: Intellectual Eric|move: Future Sight
|
|-weather|none
|upkeep
|turn|26
|
|t:|1778513446
|switch|p1a: Cuck Zoris|Zamazenta|25/100 tox
|move|p2a: Salazzle|Toxic|p1a: Cuck Zoris
|-fail|p1a: Cuck Zoris|tox
|
|-damage|p1a: Cuck Zoris|19/100 tox|[from] psn
|upkeep
|turn|27
|
|t:|1778513460
|switch|p2a: Hydrapple|Hydrapple, F|100/100
|move|p1a: Cuck Zoris|Crunch|p2a: Hydrapple
|-damage|p2a: Hydrapple|82/100
|-unboost|p2a: Hydrapple|def|1
|
|-end|p2a: Hydrapple|move: Future Sight
|-damage|p2a: Hydrapple|39/100
|-damage|p1a: Cuck Zoris|7/100 tox|[from] psn
|upkeep
|turn|28
|j| NoirShaadow
|
|t:|1778513478
|switch|p2a: Gliscor|Gliscor, M|61/100 tox
|move|p1a: Cuck Zoris|Crunch|p2a: Gliscor
|-damage|p2a: Gliscor|41/100 tox
|
|-damage|p1a: Cuck Zoris|0 fnt|[from] psn
|faint|p1a: Cuck Zoris
|-heal|p2a: Gliscor|54/100 tox|[from] ability: Poison Heal
|upkeep
|
|t:|1778513488
|switch|p1a: Runs & Goses|Sandslash-Alola, M|59/100
|turn|29
|
|t:|1778513491
|move|p2a: Gliscor|Protect|p2a: Gliscor
|-singleturn|p2a: Gliscor|Protect
|move|p1a: Runs & Goses|Triple Axel|p2a: Gliscor
|-activate|p2a: Gliscor|move: Protect
|
|-heal|p2a: Gliscor|66/100 tox|[from] ability: Poison Heal
|upkeep
|turn|30
|
|t:|1778513498
|switch|p2a: Pecharunt|Pecharunt, tera:Ghost|91/100
|switch|p1a: Intellectual Eric|Slowking-Galar, F|100/100
|
|upkeep
|turn|31
|
|t:|1778513502
|move|p2a: Pecharunt|Parting Shot|p1a: Intellectual Eric
|-unboost|p1a: Intellectual Eric|atk|1
|-unboost|p1a: Intellectual Eric|spa|1
|
|t:|1778513506
|switch|p2a: Salazzle|Salazzle, F|100/100|[from] Parting Shot
|-item|p2a: Salazzle|Air Balloon
|move|p1a: Intellectual Eric|Future Sight|p2a: Salazzle
|-start|p1a: Intellectual Eric|move: Future Sight
|
|upkeep
|turn|32
|
|t:|1778513512
|move|p2a: Salazzle|Toxic|p1a: Intellectual Eric
|-status|p1a: Intellectual Eric|tox
|-prepare|p1a: Intellectual Eric|Chilly Reception|[premajor]
|move|p1a: Intellectual Eric|Chilly Reception|p1a: Intellectual Eric
|-weather|Snowscape
|
|t:|1778513514
|switch|p1a: Runs & Goses|Sandslash-Alola, M|59/100|[from] Chilly Reception
|
|-weather|Snowscape|[upkeep]
|upkeep
|turn|33
|
|t:|1778513521
|switch|p1a: Intellectual Eric|Slowking-Galar, F|100/100 tox
|move|p2a: Salazzle|Flamethrower|p1a: Intellectual Eric
|-damage|p1a: Intellectual Eric|77/100 tox
|
|-weather|Snowscape|[upkeep]
|-end|p2a: Salazzle|move: Future Sight
|-supereffective|p2a: Salazzle
|-damage|p2a: Salazzle|0 fnt
|-enditem|p2a: Salazzle|Air Balloon
|faint|p2a: Salazzle
|-damage|p1a: Intellectual Eric|71/100 tox|[from] psn
|upkeep
|
|t:|1778513536
|switch|p2a: Gliscor|Gliscor, M|66/100 tox
|turn|34
|
|t:|1778513541
|switch|p1a: Runs & Goses|Sandslash-Alola, M|59/100
|move|p2a: Gliscor|Substitute|p2a: Gliscor
|-start|p2a: Gliscor|Substitute
|-damage|p2a: Gliscor|41/100 tox
|
|-weather|Snowscape|[upkeep]
|-heal|p2a: Gliscor|54/100 tox|[from] ability: Poison Heal
|upkeep
|turn|35
|
|t:|1778513544
|move|p2a: Gliscor|Protect|p2a: Gliscor
|-singleturn|p2a: Gliscor|Protect
|move|p1a: Runs & Goses|Triple Axel|p2a: Gliscor
|-activate|p2a: Gliscor|move: Protect
|
|-weather|Snowscape|[upkeep]
|-heal|p2a: Gliscor|66/100 tox|[from] ability: Poison Heal
|upkeep
|turn|36
|
|t:|1778513546
|move|p1a: Runs & Goses|Triple Axel|p2a: Gliscor
|-supereffective|p2a: Gliscor
|-end|p2a: Gliscor|Substitute
|-supereffective|p2a: Gliscor
|-damage|p2a: Gliscor|0 fnt
|faint|p2a: Gliscor
|-hitcount|p2: Gliscor|2
|
|-weather|none
|upkeep
|
|t:|1778513550
|switch|p2a: Cinderace|Cinderace, F|100/100
|turn|37
|
|t:|1778513555
|switch|p1a: Boyd Flamefeather|Moltres|100/100
|move|p2a: Cinderace|Pyro Ball|p1a: Boyd Flamefeather
|-resisted|p1a: Boyd Flamefeather
|-damage|p1a: Boyd Flamefeather|80/100
|
|upkeep
|turn|38
|
|t:|1778513561
|switch|p2a: Slowking|Slowking-Galar, M|68/100
|move|p1a: Boyd Flamefeather|U-turn|p2a: Slowking
|-damage|p2a: Slowking|52/100
|j| Gardevoir to 1800s
|
|t:|1778513564
|switch|p1a: Runs & Goses|Sandslash-Alola, M|59/100|[from] U-turn
|
|upkeep
|turn|39
|j| Heliophete
|l| NoirShaadow
|
|t:|1778513586
|switch|p1a: Intellectual Eric|Slowking-Galar, F|100/100 tox
|switch|p2a: Pecharunt|Pecharunt, tera:Ghost|91/100
|
|-damage|p1a: Intellectual Eric|94/100 tox|[from] psn
|upkeep
|turn|40
|j| Ting-Lu1234
|
|t:|1778513597
|move|p2a: Pecharunt|Parting Shot|p1a: Intellectual Eric
|-unboost|p1a: Intellectual Eric|atk|1
|-unboost|p1a: Intellectual Eric|spa|1
|
|t:|1778513601
|switch|p2a: Slowking|Slowking-Galar, M|85/100|[from] Parting Shot
|-prepare|p1a: Intellectual Eric|Chilly Reception|[premajor]
|move|p1a: Intellectual Eric|Chilly Reception|p1a: Intellectual Eric
|-weather|Snowscape
|
|t:|1778513610
|switch|p1a: Runs & Goses|Sandslash-Alola, M|59/100|[from] Chilly Reception
|
|-weather|Snowscape|[upkeep]
|upkeep
|turn|41
|c| Gardevoir to 1800s|wtf these nicknames are hilarious
|
|t:|1778513615
|move|p1a: Runs & Goses|Triple Axel|p2a: Slowking
|-damage|p2a: Slowking|74/100
|-damage|p2a: Slowking|55/100
|-damage|p2a: Slowking|23/100
|-hitcount|p2a: Slowking|3
|move|p2a: Slowking|Flamethrower|p1a: Runs & Goses
|-supereffective|p1a: Runs & Goses
|-damage|p1a: Runs & Goses|0 fnt
|faint|p1a: Runs & Goses
|
|-weather|Snowscape|[upkeep]
|upkeep
|
|t:|1778513620
|switch|p1a: Deer God|Ting-Lu|100/100
|-ability|p1a: Deer God|Vessel of Ruin
|turn|42
|
|t:|1778513629
|switch|p2a: Hydrapple|Hydrapple, F|72/100
|move|p1a: Deer God|Stealth Rock|p2a: Hydrapple
|-sidestart|p2: kingteth1991|move: Stealth Rock
|
|-weather|Snowscape|[upkeep]
|upkeep
|turn|43
|
|t:|1778513636
|switch|p1a: Boyd Flamefeather|Moltres|80/100
|move|p2a: Hydrapple|Nasty Plot|p2a: Hydrapple
|-boost|p2a: Hydrapple|spa|2
|
|-weather|Snowscape|[upkeep]
|upkeep
|turn|44
|
|t:|1778513639
|move|p2a: Hydrapple|Fickle Beam|p1a: Boyd Flamefeather|[anim] Fickle Beam All Out
|-activate|p2a: Hydrapple|move: Fickle Beam
|-damage|p1a: Boyd Flamefeather|0 fnt
|faint|p1a: Boyd Flamefeather
|
|-weather|none
|upkeep
|
|t:|1778513642
|switch|p1a: Intellectual Eric|Slowking-Galar, F|100/100 tox
|turn|45
|
|t:|1778513645
|move|p2a: Hydrapple|Earth Power|p1a: Intellectual Eric
|-supereffective|p1a: Intellectual Eric
|-damage|p1a: Intellectual Eric|26/100 tox
|move|p1a: Intellectual Eric|Sludge Bomb|p2a: Hydrapple
|-supereffective|p2a: Hydrapple
|-damage|p2a: Hydrapple|1/100
|-status|p2a: Hydrapple|psn
|
|-damage|p2a: Hydrapple|0 fnt|[from] psn
|faint|p2a: Hydrapple
|-damage|p1a: Intellectual Eric|20/100 tox|[from] psn
|upkeep
|
|t:|1778513655
|switch|p2a: Pecharunt|Pecharunt, tera:Ghost|91/100
|-damage|p2a: Pecharunt|79/100|[from] Stealth Rock
|turn|46
|-message|pigperfect9831 forfeited.
|
|win|kingteth1991
|raw|pigperfect9831's rating: 1573 &rarr; <strong>1554</strong><br />(-19 for losing)
|raw|kingteth1991's rating: 1592 &rarr; <strong>1611</strong><br />(+19 for winning)
|l|☆pigperfect9831
|player|p1|
|l| Ting-Lu1234
|j| dilf huntr
|l| asdfsadfsffsdfsdf
|l| dilf huntr
|l| Gardevoir to 1800s
|j| Ting-Lu1234
|l| Favorite lovestory
|l|☆kingteth1991
|player|p2|
|l| Ting-Lu1234
