|html|<div class="broadcast-blue"><strong>[Gen 9] OU is currently suspecting Tera Blast! For information on how to participate check out the <a href="https://www.smogon.com/tools/suspects/view/200">suspect thread</a>.</strong></div>
|j|☆ChokingOnMatcha
|j|☆phreshoatmeal
|t:|1776270024
|gametype|singles
|player|p1|ChokingOnMatcha|170|1579
|player|p2|phreshoatmeal|266|1670
|gen|9
|tier|[Gen 9] OU
|rated|
|rule|HP Percentage Mod: HP is shown in percentages
|rule|Endless Battle Clause: Forcing endless battles is banned
|rule|Species Clause: Limit one of each Pokémon
|rule|OHKO Clause: OHKO moves are banned
|rule|Evasion Items Clause: Evasion items are banned
|rule|Evasion Moves Clause: Evasion moves are banned
|rule|Evasion Abilities Clause: Evasion abilities are banned
|rule|Sleep Moves Clause: Sleep-inducing moves are banned
|clearpoke
|poke|p1|Hippowdon, M|
|poke|p1|Excadrill, M|
|poke|p1|Garganacl, M|
|poke|p1|Skarmory, F|
|poke|p1|Sinistcha|
|poke|p1|Weavile, M|
|poke|p2|Jolteon, F|
|poke|p2|Hawlucha, F|
|poke|p2|Rotom-Heat|
|poke|p2|Alomomola, F|
|poke|p2|Slowking-Galar, M|
|poke|p2|Lokix, F|
|teampreview
|inactive|Battle timer is ON: inactive players will automatically lose when time's up. (requested by phreshoatmeal)
|
|t:|1776270110
|teamsize|p1|6
|teamsize|p2|6
|start
|switch|p1a: Hippowdon|Hippowdon, M|100/100
|switch|p2a: Lokix|Lokix, F|100/100
|-weather|Sandstorm|[from] ability: Sand Stream|[of] p1a: Hippowdon
|turn|1
|inactive|phreshoatmeal has 120 seconds left.
|
|t:|1776270163
|move|p2a: Lokix|Knock Off|p1a: Hippowdon
|-damage|p1a: Hippowdon|65/100
|-enditem|p1a: Hippowdon|Smooth Rock|[from] move: Knock Off|[of] p2a: Lokix
|move|p1a: Hippowdon|Stealth Rock|p2a: Lokix
|-sidestart|p2: phreshoatmeal|move: Stealth Rock
|
|-weather|Sandstorm|[upkeep]
|-damage|p2a: Lokix|94/100|[from] Sandstorm
|upkeep
|turn|2
|
|t:|1776270171
|move|p2a: Lokix|U-turn|p1a: Hippowdon
|-damage|p1a: Hippowdon|34/100
|
|t:|1776270173
|switch|p2a: Hawlucha|Hawlucha, F|100/100|[from] U-turn
|-damage|p2a: Hawlucha|88/100|[from] Stealth Rock
|-ability|p2a: Hawlucha|Mold Breaker
|move|p1a: Hippowdon|Slack Off|p1a: Hippowdon
|-heal|p1a: Hippowdon|85/100
|
|-weather|Sandstorm|[upkeep]
|-damage|p2a: Hawlucha|82/100|[from] Sandstorm
|upkeep
|turn|3
|
|t:|1776270186
|switch|p1a: Garganacl|Garganacl, M, shiny|100/100
|move|p2a: Hawlucha|Defog|p1a: Garganacl
|-unboost|p1a: Garganacl|evasion|1
|-sideend|p2: phreshoatmeal|Stealth Rock|[from] move: Defog|[of] p2a: Hawlucha
|
|-weather|Sandstorm|[upkeep]
|-damage|p2a: Hawlucha|76/100|[from] Sandstorm
|upkeep
|turn|4
|inactive|phreshoatmeal has 120 seconds left.
|
|t:|1776270211
|switch|p2a: Rotom|Rotom-Heat|100/100
|switch|p1a: Sinistcha|Sinistcha, shiny|100/100
|
|-weather|Sandstorm|[upkeep]
|-damage|p2a: Rotom|94/100|[from] Sandstorm
|-damage|p1a: Sinistcha|94/100|[from] Sandstorm
|upkeep
|turn|5
|inactive|phreshoatmeal has 120 seconds left.
|
|t:|1776270224
|switch|p1a: Hippowdon|Hippowdon, M|85/100
|move|p2a: Rotom|Volt Switch|p1a: Hippowdon
|-immune|p1a: Hippowdon
|
|-weather|Sandstorm|[upkeep]
|-damage|p2a: Rotom|88/100|[from] Sandstorm
|upkeep
|turn|6
|j| TeraBlastGardevoir
|
|t:|1776270230
|move|p2a: Rotom|Overheat|p1a: Hippowdon
|-damage|p1a: Hippowdon|37/100
|-unboost|p2a: Rotom|spa|2
|move|p1a: Hippowdon|Stealth Rock|p2a: Rotom
|-sidestart|p2: phreshoatmeal|move: Stealth Rock
|
|-weather|Sandstorm|[upkeep]
|-damage|p2a: Rotom|82/100|[from] Sandstorm
|upkeep
|turn|7
|
|t:|1776270244
|switch|p2a: Hawlucha|Hawlucha, F|76/100
|-damage|p2a: Hawlucha|64/100|[from] Stealth Rock
|-ability|p2a: Hawlucha|Mold Breaker
|move|p1a: Hippowdon|Slack Off|p1a: Hippowdon
|-heal|p1a: Hippowdon|87/100
|
|-weather|Sandstorm|[upkeep]
|-damage|p2a: Hawlucha|58/100|[from] Sandstorm
|upkeep
|turn|8
|
|t:|1776270249
|switch|p1a: Weavile|Weavile, M, shiny|100/100
|-ability|p1a: Weavile|Pressure
|move|p2a: Hawlucha|Defog|p1a: Weavile
|-unboost|p1a: Weavile|evasion|1
|-sideend|p2: phreshoatmeal|Stealth Rock|[from] move: Defog|[of] p2a: Hawlucha
|
|-weather|none
|upkeep
|turn|9
|
|t:|1776270255
|switch|p2a: Alomomola|Alomomola, F|100/100
|move|p1a: Weavile|Knock Off|p2a: Alomomola
|-damage|p2a: Alomomola|69/100
|-enditem|p2a: Alomomola|Eject Button|[from] move: Knock Off|[of] p1a: Weavile
|
|upkeep
|turn|10
|
|t:|1776270260
|switch|p1a: Skarmory|Skarmory, F|100/100
|move|p2a: Alomomola|Flip Turn|p1a: Skarmory
|-damage|p1a: Skarmory|91/100
|-damage|p2a: Alomomola|53/100|[from] item: Rocky Helmet|[of] p1a: Skarmory
|
|t:|1776270275
|switch|p2a: Rotom|Rotom-Heat|82/100|[from] Flip Turn
|
|upkeep
|turn|11
|
|t:|1776270278
|switch|p1a: Garganacl|Garganacl, M, shiny|100/100
|move|p2a: Rotom|Nasty Plot|p2a: Rotom
|-boost|p2a: Rotom|spa|2
|
|upkeep
|turn|12
|
|t:|1776270281
|move|p2a: Rotom|Volt Switch|p1a: Garganacl
|-damage|p1a: Garganacl|49/100
|
|t:|1776270290
|switch|p2a: Slowking|Slowking-Galar, M|100/100|[from] Volt Switch
|move|p1a: Garganacl|Salt Cure|p2a: Slowking
|-damage|p2a: Slowking|87/100
|-start|p2a: Slowking|Salt Cure
|-enditem|p2a: Slowking|Eject Button
|c| TeraBlastGardevoir|[[Liszt - S.100]]
|
|t:|1776270312
|switch|p2a: Lokix|Lokix, F|94/100
|
|-heal|p1a: Garganacl|55/100|[from] item: Leftovers
|upkeep
|turn|13
|
|t:|1776270318
|switch|p1a: Skarmory|Skarmory, F|91/100
|move|p2a: Lokix|U-turn|p1a: Skarmory
|-resisted|p1a: Skarmory
|-damage|p1a: Skarmory|77/100
|-damage|p2a: Lokix|78/100|[from] item: Rocky Helmet|[of] p1a: Skarmory
|
|t:|1776270328
|switch|p2a: Rotom|Rotom-Heat|82/100|[from] U-turn
|
|upkeep
|turn|14
|
|t:|1776270335
|switch|p1a: Hippowdon|Hippowdon, M|87/100
|-weather|Sandstorm|[from] ability: Sand Stream|[of] p1a: Hippowdon
|move|p2a: Rotom|Nasty Plot|p2a: Rotom
|-boost|p2a: Rotom|spa|2
|
|-weather|Sandstorm|[upkeep]
|-damage|p2a: Rotom|76/100|[from] Sandstorm
|upkeep
|turn|15
|
|t:|1776270338
|switch|p1a: Garganacl|Garganacl, M, shiny|55/100
|move|p2a: Rotom|Overheat|p1a: Garganacl|[miss]
|-miss|p2a: Rotom|p1a: Garganacl
|
|-weather|Sandstorm|[upkeep]
|-damage|p2a: Rotom|70/100|[from] Sandstorm
|-heal|p1a: Garganacl|62/100|[from] item: Leftovers
|upkeep
|turn|16
|
|t:|1776270342
|move|p2a: Rotom|Volt Switch|p1a: Garganacl
|-damage|p1a: Garganacl|30/100
|
|t:|1776270346
|switch|p2a: Slowking|Slowking-Galar, M|100/100|[from] Volt Switch
|move|p1a: Garganacl|Recover|p1a: Garganacl
|-heal|p1a: Garganacl|80/100
|
|-weather|Sandstorm|[upkeep]
|-damage|p2a: Slowking|94/100|[from] Sandstorm
|-heal|p1a: Garganacl|86/100|[from] item: Leftovers
|upkeep
|turn|17
|
|t:|1776270350
|move|p1a: Garganacl|Salt Cure|p2a: Slowking
|-damage|p2a: Slowking|81/100
|-start|p2a: Slowking|Salt Cure
|-prepare|p2a: Slowking|Chilly Reception|[premajor]
|move|p2a: Slowking|Chilly Reception|p2a: Slowking
|-weather|Snowscape
|
|t:|1776270355
|switch|p2a: Rotom|Rotom-Heat|70/100|[from] Chilly Reception
|
|-weather|Snowscape|[upkeep]
|-heal|p1a: Garganacl|92/100|[from] item: Leftovers
|upkeep
|turn|18
|
|t:|1776270360
|move|p2a: Rotom|Volt Switch|p1a: Garganacl
|-damage|p1a: Garganacl|67/100
|
|t:|1776270363
|switch|p2a: Slowking|Slowking-Galar, M|100/100|[from] Volt Switch
|move|p1a: Garganacl|Salt Cure|p2a: Slowking
|-crit|p2a: Slowking
|-damage|p2a: Slowking|79/100
|-start|p2a: Slowking|Salt Cure
|
|-weather|Snowscape|[upkeep]
|-heal|p1a: Garganacl|73/100|[from] item: Leftovers
|-damage|p2a: Slowking|67/100|[from] Salt Cure
|upkeep
|turn|19
|
|t:|1776270367
|move|p1a: Garganacl|Curse|p1a: Garganacl
|-unboost|p1a: Garganacl|spe|1
|-boost|p1a: Garganacl|atk|1
|-boost|p1a: Garganacl|def|1
|-prepare|p2a: Slowking|Chilly Reception|[premajor]
|move|p2a: Slowking|Chilly Reception|p2a: Slowking
|
|t:|1776270379
|switch|p2a: Hawlucha|Hawlucha, F|58/100|[from] Chilly Reception
|-ability|p2a: Hawlucha|Mold Breaker
|
|-weather|Snowscape|[upkeep]
|-heal|p1a: Garganacl|79/100|[from] item: Leftovers
|upkeep
|turn|20
|
|t:|1776270382
|switch|p1a: Weavile|Weavile, M, shiny|100/100
|-ability|p1a: Weavile|Pressure
|move|p2a: Hawlucha|Encore||[still]
|-fail|p2a: Hawlucha
|
|-weather|Snowscape|[upkeep]
|upkeep
|turn|21
|
|t:|1776270392
|switch|p1a: Hippowdon|Hippowdon, M|87/100
|-weather|Sandstorm|[from] ability: Sand Stream|[of] p1a: Hippowdon
|switch|p2a: Alomomola|Alomomola, F|86/100
|
|-weather|Sandstorm|[upkeep]
|-damage|p2a: Alomomola|80/100|[from] Sandstorm
|upkeep
|turn|22
|
|t:|1776270401
|switch|p2a: Hawlucha|Hawlucha, F|58/100
|-ability|p2a: Hawlucha|Mold Breaker
|move|p1a: Hippowdon|Stealth Rock|p2a: Hawlucha
|-sidestart|p2: phreshoatmeal|move: Stealth Rock
|
|-weather|Sandstorm|[upkeep]
|-damage|p2a: Hawlucha|52/100|[from] Sandstorm
|upkeep
|turn|23
|
|t:|1776270404
|switch|p1a: Weavile|Weavile, M, shiny|100/100
|-ability|p1a: Weavile|Pressure
|move|p2a: Hawlucha|Defog|p1a: Weavile
|-unboost|p1a: Weavile|evasion|1
|-sideend|p2: phreshoatmeal|Stealth Rock|[from] move: Defog|[of] p2a: Hawlucha
|
|-weather|Sandstorm|[upkeep]
|-damage|p1a: Weavile|94/100|[from] Sandstorm
|-damage|p2a: Hawlucha|46/100|[from] Sandstorm
|upkeep
|turn|24
|
|t:|1776270410
|switch|p2a: Alomomola|Alomomola, F|100/100
|move|p1a: Weavile|Triple Axel|p2a: Alomomola
|-resisted|p2a: Alomomola
|-damage|p2a: Alomomola|97/100
|-resisted|p2a: Alomomola
|-damage|p2a: Alomomola|92/100
|-resisted|p2a: Alomomola
|-damage|p2a: Alomomola|83/100
|-hitcount|p2a: Alomomola|3
|
|-weather|Sandstorm|[upkeep]
|-damage|p1a: Weavile|88/100|[from] Sandstorm
|-damage|p2a: Alomomola|77/100|[from] Sandstorm
|upkeep
|turn|25
|
|t:|1776270415
|switch|p1a: Skarmory|Skarmory, F|77/100
|move|p2a: Alomomola|Flip Turn|p1a: Skarmory
|-damage|p1a: Skarmory|67/100
|-damage|p2a: Alomomola|60/100|[from] item: Rocky Helmet|[of] p1a: Skarmory
|
|t:|1776270417
|switch|p2a: Hawlucha|Hawlucha, F|46/100|[from] Flip Turn
|-ability|p2a: Hawlucha|Mold Breaker
|
|-weather|none
|upkeep
|turn|26
|
|t:|1776270420
|move|p2a: Hawlucha|Roost|p2a: Hawlucha
|-heal|p2a: Hawlucha|96/100
|-singleturn|p2a: Hawlucha|move: Roost
|move|p1a: Skarmory|Spikes|p2a: Hawlucha
|-sidestart|p2: phreshoatmeal|Spikes
|
|upkeep
|turn|27
|
|t:|1776270425
|switch|p1a: Sinistcha|Sinistcha, shiny|94/100
|move|p2a: Hawlucha|Encore||[still]
|-fail|p2a: Hawlucha
|
|upkeep
|turn|28
|
|t:|1776270434
|switch|p2a: Rotom|Rotom-Heat|70/100
|move|p1a: Sinistcha|Shadow Ball|p2a: Rotom
|-damage|p2a: Rotom|33/100
|
|upkeep
|turn|29
|
|t:|1776270438
|move|p2a: Rotom|Pain Split|p1a: Sinistcha
|-sethp|p1a: Sinistcha|61/100|[from] move: Pain Split|[silent]
|-sethp|p2a: Rotom|72/100|[from] move: Pain Split
|move|p1a: Sinistcha|Shadow Ball|p2a: Rotom
|-damage|p2a: Rotom|33/100
|
|upkeep
|turn|30
|c| TeraBlastGardevoir|wow that triple axel did 0
|
|t:|1776270457
|move|p2a: Rotom|Volt Switch|p1a: Sinistcha
|-resisted|p1a: Sinistcha
|-damage|p1a: Sinistcha|40/100
|
|t:|1776270466
|switch|p2a: Slowking|Slowking-Galar, M|99/100|[from] Volt Switch
|-damage|p2a: Slowking|88/100|[from] Spikes
|move|p1a: Sinistcha|Shadow Ball|p2a: Slowking
|-supereffective|p2a: Slowking
|-damage|p2a: Slowking|49/100
|-unboost|p2a: Slowking|spd|1
|
|upkeep
|turn|31
|
|t:|1776270473
|switch|p2a: Hawlucha|Hawlucha, F|96/100
|-ability|p2a: Hawlucha|Mold Breaker
|move|p1a: Sinistcha|Shadow Ball|p2a: Hawlucha
|-damage|p2a: Hawlucha|49/100
|
|upkeep
|turn|32
|
|t:|1776270479
|move|p2a: Hawlucha|Roost|p2a: Hawlucha
|-heal|p2a: Hawlucha|99/100
|-singleturn|p2a: Hawlucha|move: Roost
|move|p1a: Sinistcha|Shadow Ball|p2a: Hawlucha
|-damage|p2a: Hawlucha|55/100
|
|upkeep
|turn|33
|
|t:|1776270483
|move|p2a: Hawlucha|Defog|p1a: Sinistcha
|-unboost|p1a: Sinistcha|evasion|1
|-sideend|p2: phreshoatmeal|Spikes|[from] move: Defog|[of] p2a: Hawlucha
|move|p1a: Sinistcha|Shadow Ball|p2a: Hawlucha
|-damage|p2a: Hawlucha|8/100
|
|upkeep
|turn|34
|
|t:|1776270489
|move|p2a: Hawlucha|Roost|p2a: Hawlucha
|-heal|p2a: Hawlucha|58/100
|-singleturn|p2a: Hawlucha|move: Roost
|move|p1a: Sinistcha|Shadow Ball|p2a: Hawlucha
|-damage|p2a: Hawlucha|10/100
|-unboost|p2a: Hawlucha|spd|1
|
|upkeep
|turn|35
|
|t:|1776270498
|switch|p2a: Lokix|Lokix, F|78/100
|move|p1a: Sinistcha|Matcha Gotcha|p2a: Lokix
|-resisted|p2a: Lokix
|-damage|p2a: Lokix|49/100
|-heal|p1a: Sinistcha|52/100|[from] drain|[of] p2a: Lokix
|
|upkeep
|turn|36
|
|t:|1776270503
|switch|p1a: Skarmory|Skarmory, F|67/100
|move|p2a: Lokix|Knock Off|p1a: Skarmory
|-damage|p1a: Skarmory|38/100
|-damage|p2a: Lokix|32/100|[from] item: Rocky Helmet|[of] p1a: Skarmory
|-enditem|p1a: Skarmory|Rocky Helmet|[from] move: Knock Off|[of] p2a: Lokix
|
|upkeep
|turn|37
|
|t:|1776270506
|move|p2a: Lokix|U-turn|p1a: Skarmory
|-resisted|p1a: Skarmory
|-damage|p1a: Skarmory|26/100
|
|t:|1776270511
|switch|p2a: Hawlucha|Hawlucha, F|10/100|[from] U-turn
|-ability|p2a: Hawlucha|Mold Breaker
|move|p1a: Skarmory|Roost|p1a: Skarmory
|-heal|p1a: Skarmory|76/100
|-singleturn|p1a: Skarmory|move: Roost
|
|upkeep
|turn|38
|
|t:|1776270516
|switch|p1a: Sinistcha|Sinistcha, shiny|52/100
|move|p2a: Hawlucha|Roost|p2a: Hawlucha
|-heal|p2a: Hawlucha|60/100
|-singleturn|p2a: Hawlucha|move: Roost
|
|upkeep
|turn|39
|
|t:|1776270523
|switch|p2a: Slowking|Slowking-Galar, M|82/100
|move|p1a: Sinistcha|Strength Sap|p2a: Slowking
|-unboost|p2a: Slowking|atk|1
|-heal|p1a: Sinistcha|91/100
|
|upkeep
|turn|40
|
|t:|1776270531
|switch|p1a: Garganacl|Garganacl, M, shiny|79/100
|move|p2a: Slowking|Toxic|p1a: Garganacl
|-immune|p1a: Garganacl|[from] ability: Purifying Salt
|
|-heal|p1a: Garganacl|85/100|[from] item: Leftovers
|upkeep
|turn|41
|
|t:|1776270538
|move|p1a: Garganacl|Curse|p1a: Garganacl
|-unboost|p1a: Garganacl|spe|1
|-boost|p1a: Garganacl|atk|1
|-boost|p1a: Garganacl|def|1
|-prepare|p2a: Slowking|Chilly Reception|[premajor]
|move|p2a: Slowking|Chilly Reception|p2a: Slowking
|-weather|Snowscape
|
|t:|1776270542
|switch|p2a: Hawlucha|Hawlucha, F|60/100|[from] Chilly Reception
|-ability|p2a: Hawlucha|Mold Breaker
|
|-weather|Snowscape|[upkeep]
|-heal|p1a: Garganacl|91/100|[from] item: Leftovers
|upkeep
|turn|42
|
|t:|1776270546
|move|p2a: Hawlucha|Roost|p2a: Hawlucha
|-heal|p2a: Hawlucha|100/100
|-singleturn|p2a: Hawlucha|move: Roost
|move|p1a: Garganacl|Salt Cure|p2a: Hawlucha
|-resisted|p2a: Hawlucha
|-damage|p2a: Hawlucha|90/100
|-start|p2a: Hawlucha|Salt Cure
|
|-weather|Snowscape|[upkeep]
|-heal|p1a: Garganacl|98/100|[from] item: Leftovers
|-damage|p2a: Hawlucha|78/100|[from] Salt Cure
|upkeep
|turn|43
|
|t:|1776270551
|switch|p2a: Slowking|Slowking-Galar, M|100/100
|move|p1a: Garganacl|Salt Cure|p2a: Slowking
|-crit|p2a: Slowking
|-damage|p2a: Slowking|69/100
|-start|p2a: Slowking|Salt Cure
|
|-weather|Snowscape|[upkeep]
|-heal|p1a: Garganacl|100/100|[from] item: Leftovers
|-damage|p2a: Slowking|57/100|[from] Salt Cure
|upkeep
|turn|44
|
|t:|1776270560
|switch|p2a: Alomomola|Alomomola, F|93/100
|move|p1a: Garganacl|Salt Cure|p2a: Alomomola
|-damage|p2a: Alomomola|81/100
|-start|p2a: Alomomola|Salt Cure
|
|-weather|Snowscape|[upkeep]
|-damage|p2a: Alomomola|56/100|[from] Salt Cure
|upkeep
|turn|45
|
|t:|1776270564
|move|p2a: Alomomola|Flip Turn|p1a: Garganacl
|-supereffective|p1a: Garganacl
|-damage|p1a: Garganacl|87/100
|
|t:|1776270569
|switch|p2a: Hawlucha|Hawlucha, F|78/100|[from] Flip Turn
|-ability|p2a: Hawlucha|Mold Breaker
|move|p1a: Garganacl|Salt Cure|p2a: Hawlucha
|-damage|p2a: Hawlucha|58/100
|-start|p2a: Hawlucha|Salt Cure
|
|-weather|none
|-heal|p1a: Garganacl|93/100|[from] item: Leftovers
|-damage|p2a: Hawlucha|46/100|[from] Salt Cure
|upkeep
|turn|46
|
|t:|1776270572
|move|p2a: Hawlucha|Roost|p2a: Hawlucha
|-heal|p2a: Hawlucha|96/100
|-singleturn|p2a: Hawlucha|move: Roost
|move|p1a: Garganacl|Salt Cure|p2a: Hawlucha
|-resisted|p2a: Hawlucha
|-damage|p2a: Hawlucha|85/100
|
|-heal|p1a: Garganacl|99/100|[from] item: Leftovers
|-damage|p2a: Hawlucha|73/100|[from] Salt Cure
|upkeep
|turn|47
|
|t:|1776270578
|switch|p2a: Slowking|Slowking-Galar, M|90/100
|move|p1a: Garganacl|Salt Cure|p2a: Slowking
|-damage|p2a: Slowking|69/100
|-start|p2a: Slowking|Salt Cure
|
|-heal|p1a: Garganacl|100/100|[from] item: Leftovers
|-damage|p2a: Slowking|56/100|[from] Salt Cure
|upkeep
|turn|48
|
|t:|1776270581
|-prepare|p2a: Slowking|Chilly Reception|[premajor]
|move|p2a: Slowking|Chilly Reception|p2a: Slowking
|-weather|Snowscape
|
|t:|1776270585
|switch|p2a: Alomomola|Alomomola, F|89/100|[from] Chilly Reception
|move|p1a: Garganacl|Curse|p1a: Garganacl
|-unboost|p1a: Garganacl|spe|1
|-boost|p1a: Garganacl|atk|1
|-boost|p1a: Garganacl|def|1
|
|-weather|Snowscape|[upkeep]
|upkeep
|turn|49
|
|t:|1776270592
|move|p2a: Alomomola|Wish|p2a: Alomomola
|move|p1a: Garganacl|Salt Cure|p2a: Alomomola
|-damage|p2a: Alomomola|72/100
|-start|p2a: Alomomola|Salt Cure
|
|-weather|Snowscape|[upkeep]
|-damage|p2a: Alomomola|47/100|[from] Salt Cure
|upkeep
|turn|50
|
|t:|1776270599
|move|p2a: Alomomola|Flip Turn|p1a: Garganacl
|-supereffective|p1a: Garganacl
|-damage|p1a: Garganacl|89/100
|
|t:|1776270606
|switch|p2a: Hawlucha|Hawlucha, F|73/100|[from] Flip Turn
|-ability|p2a: Hawlucha|Mold Breaker
|move|p1a: Garganacl|Ice Punch|p2a: Hawlucha
|-supereffective|p2a: Hawlucha
|-damage|p2a: Hawlucha|7/100
|-damage|p1a: Garganacl|72/100|[from] item: Rocky Helmet|[of] p2a: Hawlucha
|
|-weather|Snowscape|[upkeep]
|-heal|p2a: Hawlucha|74/100|[from] move: Wish|[wisher] Alomomola
|-heal|p1a: Garganacl|78/100|[from] item: Leftovers
|upkeep
|turn|51
|inactive|phreshoatmeal has 120 seconds left.
|
|t:|1776270639
|switch|p2a: Slowking|Slowking-Galar, M|89/100
|move|p1a: Garganacl|Salt Cure|p2a: Slowking
|-damage|p2a: Slowking|58/100
|-start|p2a: Slowking|Salt Cure
|
|-weather|Snowscape|[upkeep]
|-heal|p1a: Garganacl|84/100|[from] item: Leftovers
|-damage|p2a: Slowking|46/100|[from] Salt Cure
|upkeep
|turn|52
|
|t:|1776270641
|switch|p2a: Alomomola|Alomomola, F|81/100
|move|p1a: Garganacl|Salt Cure|p2a: Alomomola
|-damage|p2a: Alomomola|64/100
|-start|p2a: Alomomola|Salt Cure
|
|-weather|none
|-heal|p1a: Garganacl|91/100|[from] item: Leftovers
|-damage|p2a: Alomomola|40/100|[from] Salt Cure
|upkeep
|turn|53
|
|t:|1776270646
|move|p2a: Alomomola|Flip Turn|p1a: Garganacl
|-supereffective|p1a: Garganacl
|-damage|p1a: Garganacl|80/100
|
|t:|1776270651
|switch|p2a: Slowking|Slowking-Galar, M|79/100|[from] Flip Turn
|move|p1a: Garganacl|Salt Cure|p2a: Slowking
|-damage|p2a: Slowking|48/100
|-start|p2a: Slowking|Salt Cure
|
|-heal|p1a: Garganacl|86/100|[from] item: Leftovers
|-damage|p2a: Slowking|35/100|[from] Salt Cure
|upkeep
|turn|54
|
|t:|1776270656
|-prepare|p2a: Slowking|Chilly Reception|[premajor]
|move|p2a: Slowking|Chilly Reception|p2a: Slowking
|-weather|Snowscape
|
|t:|1776270662
|switch|p2a: Alomomola|Alomomola, F|73/100|[from] Chilly Reception
|move|p1a: Garganacl|Curse|p1a: Garganacl
|-unboost|p1a: Garganacl|spe|1
|-boost|p1a: Garganacl|atk|1
|-boost|p1a: Garganacl|def|1
|
|-weather|Snowscape|[upkeep]
|-heal|p1a: Garganacl|92/100|[from] item: Leftovers
|upkeep
|turn|55
|
|t:|1776270665
|move|p2a: Alomomola|Tickle|p1a: Garganacl
|-unboost|p1a: Garganacl|atk|1
|-unboost|p1a: Garganacl|def|1
|move|p1a: Garganacl|Salt Cure|p2a: Alomomola
|-crit|p2a: Alomomola
|-damage|p2a: Alomomola|47/100
|-start|p2a: Alomomola|Salt Cure
|
|-weather|Snowscape|[upkeep]
|-heal|p1a: Garganacl|98/100|[from] item: Leftovers
|-damage|p2a: Alomomola|22/100|[from] Salt Cure
|upkeep
|turn|56
|
|t:|1776270671
|move|p2a: Alomomola|Flip Turn|p1a: Garganacl
|-supereffective|p1a: Garganacl
|-damage|p1a: Garganacl|86/100
|
|t:|1776270676
|switch|p2a: Slowking|Slowking-Galar, M|69/100|[from] Flip Turn
|move|p1a: Garganacl|Salt Cure|p2a: Slowking
|-damage|p2a: Slowking|39/100
|-start|p2a: Slowking|Salt Cure
|
|-weather|Snowscape|[upkeep]
|-heal|p1a: Garganacl|93/100|[from] item: Leftovers
|-damage|p2a: Slowking|27/100|[from] Salt Cure
|upkeep
|turn|57
|
|t:|1776270683
|-prepare|p2a: Slowking|Chilly Reception|[premajor]
|move|p2a: Slowking|Chilly Reception|p2a: Slowking
|
|t:|1776270690
|switch|p2a: Hawlucha|Hawlucha, F|74/100|[from] Chilly Reception
|-ability|p2a: Hawlucha|Mold Breaker
|move|p1a: Garganacl|Salt Cure|p2a: Hawlucha
|-damage|p2a: Hawlucha|46/100
|-start|p2a: Hawlucha|Salt Cure
|
|-weather|Snowscape|[upkeep]
|-heal|p1a: Garganacl|99/100|[from] item: Leftovers
|-damage|p2a: Hawlucha|34/100|[from] Salt Cure
|upkeep
|turn|58
|
|t:|1776270697
|move|p2a: Hawlucha|Roost|p2a: Hawlucha
|-heal|p2a: Hawlucha|84/100
|-singleturn|p2a: Hawlucha|move: Roost
|move|p1a: Garganacl|Salt Cure|p2a: Hawlucha
|-resisted|p2a: Hawlucha
|-damage|p2a: Hawlucha|71/100
|
|-weather|none
|-heal|p1a: Garganacl|100/100|[from] item: Leftovers
|-damage|p2a: Hawlucha|59/100|[from] Salt Cure
|upkeep
|turn|59
|
|t:|1776270706
|switch|p2a: Alomomola|Alomomola, F|56/100
|move|p1a: Garganacl|Salt Cure|p2a: Alomomola
|-damage|p2a: Alomomola|39/100
|-start|p2a: Alomomola|Salt Cure
|
|-damage|p2a: Alomomola|14/100|[from] Salt Cure
|upkeep
|turn|60
|
|t:|1776270711
|move|p2a: Alomomola|Flip Turn|p1a: Garganacl
|-supereffective|p1a: Garganacl
|-damage|p1a: Garganacl|90/100
|
|t:|1776270715
|switch|p2a: Slowking|Slowking-Galar, M|60/100|[from] Flip Turn
|move|p1a: Garganacl|Salt Cure|p2a: Slowking
|-damage|p2a: Slowking|30/100
|-start|p2a: Slowking|Salt Cure
|
|-heal|p1a: Garganacl|96/100|[from] item: Leftovers
|-damage|p2a: Slowking|18/100|[from] Salt Cure
|upkeep
|turn|61
|
|t:|1776270723
|-prepare|p2a: Slowking|Chilly Reception|[premajor]
|move|p2a: Slowking|Chilly Reception|p2a: Slowking
|-weather|Snowscape
|
|t:|1776270726
|switch|p2a: Alomomola|Alomomola, F|47/100|[from] Chilly Reception
|move|p1a: Garganacl|Salt Cure|p2a: Alomomola
|-damage|p2a: Alomomola|30/100
|-start|p2a: Alomomola|Salt Cure
|
|-weather|Snowscape|[upkeep]
|-heal|p1a: Garganacl|100/100|[from] item: Leftovers
|-damage|p2a: Alomomola|5/100|[from] Salt Cure
|upkeep
|turn|62
|
|t:|1776270738
|move|p2a: Alomomola|Flip Turn|p1a: Garganacl
|-supereffective|p1a: Garganacl
|-damage|p1a: Garganacl|90/100
|
|t:|1776270742
|switch|p2a: Hawlucha|Hawlucha, F|59/100|[from] Flip Turn
|-ability|p2a: Hawlucha|Mold Breaker
|move|p1a: Garganacl|Salt Cure|p2a: Hawlucha
|-damage|p2a: Hawlucha|32/100
|-start|p2a: Hawlucha|Salt Cure
|
|-weather|Snowscape|[upkeep]
|-heal|p1a: Garganacl|96/100|[from] item: Leftovers
|-damage|p2a: Hawlucha|20/100|[from] Salt Cure
|upkeep
|turn|63
|
|t:|1776270748
|move|p2a: Hawlucha|Roost|p2a: Hawlucha
|-heal|p2a: Hawlucha|70/100
|-singleturn|p2a: Hawlucha|move: Roost
|move|p1a: Garganacl|Salt Cure|p2a: Hawlucha
|-resisted|p2a: Hawlucha
|-damage|p2a: Hawlucha|56/100
|
|-weather|Snowscape|[upkeep]
|-heal|p1a: Garganacl|100/100|[from] item: Leftovers
|-damage|p2a: Hawlucha|44/100|[from] Salt Cure
|upkeep
|turn|64
|
|t:|1776270757
|move|p2a: Hawlucha|Encore|p1a: Garganacl
|-start|p1a: Garganacl|Encore
|move|p1a: Garganacl|Salt Cure|p2a: Hawlucha
|-damage|p2a: Hawlucha|19/100
|
|-weather|Snowscape|[upkeep]
|-damage|p2a: Hawlucha|7/100|[from] Salt Cure
|upkeep
|turn|65
|
|t:|1776270771
|move|p2a: Hawlucha|Flying Press|p1a: Garganacl|[miss]
|-miss|p2a: Hawlucha|p1a: Garganacl
|move|p1a: Garganacl|Salt Cure|p2a: Hawlucha
|-damage|p2a: Hawlucha|0 fnt
|faint|p2a: Hawlucha
|
|-weather|none
|-end|p1a: Garganacl|Encore
|upkeep
|
|t:|1776270782
|switch|p2a: Alomomola|Alomomola, F|38/100
|turn|66
|
|t:|1776270787
|move|p2a: Alomomola|Wish|p2a: Alomomola
|move|p1a: Garganacl|Ice Punch|p2a: Alomomola
|-resisted|p2a: Alomomola
|-damage|p2a: Alomomola|29/100
|
|upkeep
|turn|67
|
|t:|1776270793
|move|p2a: Alomomola|Tickle|p1a: Garganacl
|-unboost|p1a: Garganacl|atk|1
|-unboost|p1a: Garganacl|def|1
|move|p1a: Garganacl|Ice Punch|p2a: Alomomola
|-resisted|p2a: Alomomola
|-damage|p2a: Alomomola|21/100
|
|-heal|p2a: Alomomola|71/100|[from] move: Wish|[wisher] Alomomola
|upkeep
|turn|68
|
|t:|1776270797
|switch|p1a: Hippowdon|Hippowdon, M|87/100
|-weather|Sandstorm|[from] ability: Sand Stream|[of] p1a: Hippowdon
|move|p2a: Alomomola|Wish|p2a: Alomomola
|
|-weather|Sandstorm|[upkeep]
|-damage|p2a: Alomomola|65/100|[from] Sandstorm
|upkeep
|turn|69
|
|t:|1776270805
|move|p1a: Hippowdon|Earthquake|p2a: Alomomola
|-damage|p2a: Alomomola|42/100
|move|p2a: Alomomola|Flip Turn|p1a: Hippowdon
|-supereffective|p1a: Hippowdon
|-damage|p1a: Hippowdon|62/100
|
|t:|1776270808
|switch|p2a: Rotom|Rotom-Heat|33/100|[from] Flip Turn
|
|-weather|Sandstorm|[upkeep]
|-damage|p2a: Rotom|27/100|[from] Sandstorm
|-heal|p2a: Rotom|100/100|[from] move: Wish|[wisher] Alomomola
|upkeep
|turn|70
|
|t:|1776270820
|move|p2a: Rotom|Nasty Plot|p2a: Rotom
|-boost|p2a: Rotom|spa|2
|move|p1a: Hippowdon|Whirlwind|p2a: Rotom
|drag|p2a: Slowking|Slowking-Galar, M|51/100
|
|-weather|Sandstorm|[upkeep]
|-damage|p2a: Slowking|45/100|[from] Sandstorm
|upkeep
|turn|71
|
|t:|1776270838
|switch|p2a: Alomomola|Alomomola, F|76/100
|move|p1a: Hippowdon|Stealth Rock|p2a: Alomomola
|-sidestart|p2: phreshoatmeal|move: Stealth Rock
|
|-weather|Sandstorm|[upkeep]
|-damage|p2a: Alomomola|70/100|[from] Sandstorm
|upkeep
|turn|72
|
|t:|1776270851
|switch|p1a: Sinistcha|Sinistcha, shiny|91/100
|move|p2a: Alomomola|Flip Turn|p1a: Sinistcha
|-resisted|p1a: Sinistcha
|-damage|p1a: Sinistcha|85/100
|
|t:|1776270857
|switch|p2a: Rotom|Rotom-Heat|100/100|[from] Flip Turn
|-damage|p2a: Rotom|75/100|[from] Stealth Rock
|
|-weather|none
|upkeep
|turn|73
|
|t:|1776270862
|move|p2a: Rotom|Nasty Plot|p2a: Rotom
|-boost|p2a: Rotom|spa|2
|move|p1a: Sinistcha|Calm Mind|p1a: Sinistcha
|-boost|p1a: Sinistcha|spa|1
|-boost|p1a: Sinistcha|spd|1
|
|upkeep
|turn|74
|
|t:|1776270873
|move|p2a: Rotom|Nasty Plot|p2a: Rotom
|-boost|p2a: Rotom|spa|2
|move|p1a: Sinistcha|Shadow Ball|p2a: Rotom
|-damage|p2a: Rotom|26/100
|
|upkeep
|turn|75
|
|t:|1776270891
|switch|p1a: Hippowdon|Hippowdon, M|62/100
|-weather|Sandstorm|[from] ability: Sand Stream|[of] p1a: Hippowdon
|move|p2a: Rotom|Overheat|p1a: Hippowdon
|-damage|p1a: Hippowdon|0 fnt
|-unboost|p2a: Rotom|spa|2
|faint|p1a: Hippowdon
|
|-weather|Sandstorm|[upkeep]
|-damage|p2a: Rotom|20/100|[from] Sandstorm
|upkeep
|
|t:|1776270895
|switch|p1a: Weavile|Weavile, M, shiny|88/100
|-ability|p1a: Weavile|Pressure
|turn|76
|
|t:|1776270906
|move|p1a: Weavile|Knock Off|p2a: Rotom
|-damage|p2a: Rotom|0 fnt
|-enditem|p2a: Rotom|Covert Cloak|[from] move: Knock Off|[of] p1a: Weavile
|faint|p2a: Rotom
|
|-weather|Sandstorm|[upkeep]
|-damage|p1a: Weavile|82/100|[from] Sandstorm
|upkeep
|c| TeraBlastGardevoir|I think sinistcha wins this, right?
|inactive|phreshoatmeal has 120 seconds left.
|
|t:|1776270941
|switch|p2a: Alomomola|Alomomola, F|100/100
|-damage|p2a: Alomomola|88/100|[from] Stealth Rock
|turn|77
|
|t:|1776270946
|move|p1a: Weavile|Swords Dance|p1a: Weavile
|-boost|p1a: Weavile|atk|2
|move|p2a: Alomomola|Wish|p2a: Alomomola
|
|-weather|Sandstorm|[upkeep]
|-damage|p1a: Weavile|76/100|[from] Sandstorm
|-damage|p2a: Alomomola|82/100|[from] Sandstorm
|upkeep
|turn|78
|
|t:|1776270949
|move|p1a: Weavile|Knock Off|p2a: Alomomola
|-damage|p2a: Alomomola|44/100
|move|p2a: Alomomola|Flip Turn|p1a: Weavile
|-damage|p1a: Weavile|49/100
|
|t:|1776270952
|switch|p2a: Lokix|Lokix, F|32/100|[from] Flip Turn
|-damage|p2a: Lokix|8/100|[from] Stealth Rock
|
|-weather|Sandstorm|[upkeep]
|-damage|p1a: Weavile|43/100|[from] Sandstorm
|-damage|p2a: Lokix|2/100|[from] Sandstorm
|-heal|p2a: Lokix|85/100|[from] move: Wish|[wisher] Alomomola
|upkeep
|turn|79
|
|t:|1776270956
|switch|p1a: Skarmory|Skarmory, F|76/100
|move|p2a: Lokix|First Impression|p1a: Skarmory
|-resisted|p1a: Skarmory
|-damage|p1a: Skarmory|61/100
|
|-weather|none
|upkeep
|turn|80
|
|t:|1776270962
|move|p2a: Lokix|U-turn|p1a: Skarmory
|-resisted|p1a: Skarmory
|-damage|p1a: Skarmory|48/100
|
|t:|1776270964
|switch|p2a: Jolteon|Jolteon, F|100/100|[from] U-turn
|-damage|p2a: Jolteon|88/100|[from] Stealth Rock
|move|p1a: Skarmory|Spikes|p2a: Jolteon
|-sidestart|p2: phreshoatmeal|Spikes
|
|-status|p2a: Jolteon|brn|[from] item: Flame Orb
|upkeep
|turn|81
|
|t:|1776270970
|switch|p1a: Garganacl|Garganacl, M, shiny|100/100
|move|p2a: Jolteon|Electro Ball|p1a: Garganacl
|-damage|p1a: Garganacl|51/100
|
|-heal|p1a: Garganacl|58/100|[from] item: Leftovers
|-damage|p2a: Jolteon|82/100 brn|[from] brn
|upkeep
|turn|82
|
|t:|1776270975
|move|p2a: Jolteon|Volt Switch|p1a: Garganacl
|-damage|p1a: Garganacl|32/100
|
|t:|1776270982
|switch|p2a: Alomomola|Alomomola, F|77/100|[from] Volt Switch
|-damage|p2a: Alomomola|65/100|[from] Stealth Rock
|-damage|p2a: Alomomola|53/100|[from] Spikes
|move|p1a: Garganacl|Ice Punch|p2a: Alomomola
|-resisted|p2a: Alomomola
|-damage|p2a: Alomomola|47/100
|
|-heal|p1a: Garganacl|38/100|[from] item: Leftovers
|upkeep
|turn|83
|
|t:|1776270990
|move|p2a: Alomomola|Flip Turn|p1a: Garganacl
|-supereffective|p1a: Garganacl
|-damage|p1a: Garganacl|17/100
|
|t:|1776270993
|switch|p2a: Slowking|Slowking-Galar, M|78/100|[from] Flip Turn
|-damage|p2a: Slowking|66/100|[from] Stealth Rock
|-damage|p2a: Slowking|53/100|[from] Spikes
|move|p1a: Garganacl|Recover|p1a: Garganacl
|-heal|p1a: Garganacl|67/100
|
|-heal|p1a: Garganacl|73/100|[from] item: Leftovers
|upkeep
|turn|84
|
|t:|1776270997
|switch|p1a: Skarmory|Skarmory, F|48/100
|move|p2a: Slowking|Psychic Noise|p1a: Skarmory
|-resisted|p1a: Skarmory
|-damage|p1a: Skarmory|30/100
|-start|p1a: Skarmory|move: Heal Block
|
|upkeep
|turn|85
|
|t:|1776271004
|move|p1a: Skarmory|Spikes|p2a: Slowking
|-sidestart|p2: phreshoatmeal|Spikes
|move|p2a: Slowking|Flamethrower|p1a: Skarmory
|-supereffective|p1a: Skarmory
|-damage|p1a: Skarmory|0 fnt
|faint|p1a: Skarmory
|
|upkeep
|
|t:|1776271007
|switch|p1a: Weavile|Weavile, M, shiny|43/100
|-ability|p1a: Weavile|Pressure
|turn|86
|
|t:|1776271010
|switch|p2a: Alomomola|Alomomola, F|81/100
|-damage|p2a: Alomomola|68/100|[from] Stealth Rock
|-damage|p2a: Alomomola|52/100|[from] Spikes
|move|p1a: Weavile|Knock Off|p2a: Alomomola
|-damage|p2a: Alomomola|33/100
|
|upkeep
|turn|87
|c| TeraBlastGardevoir|oof not good
|
|t:|1776271017
|move|p1a: Weavile|Swords Dance|p1a: Weavile
|-boost|p1a: Weavile|atk|2
|move|p2a: Alomomola|Flip Turn|p1a: Weavile
|-damage|p1a: Weavile|16/100
|
|t:|1776271024
|switch|p2a: Lokix|Lokix, F|85/100|[from] Flip Turn
|-damage|p2a: Lokix|60/100|[from] Stealth Rock
|-damage|p2a: Lokix|43/100|[from] Spikes
|
|upkeep
|turn|88
|
|t:|1776271027
|move|p2a: Lokix|First Impression|p1a: Weavile
|-supereffective|p1a: Weavile
|-damage|p1a: Weavile|0 fnt
|faint|p1a: Weavile
|
|upkeep
|
|t:|1776271030
|switch|p1a: Excadrill|Excadrill, M|100/100
|-item|p1a: Excadrill|Air Balloon
|turn|89
|inactive|phreshoatmeal has 120 seconds left.
|
|t:|1776271070
|switch|p2a: Slowking|Slowking-Galar, M|87/100
|-damage|p2a: Slowking|74/100|[from] Stealth Rock
|-damage|p2a: Slowking|58/100|[from] Spikes
|move|p1a: Excadrill|Rapid Spin|p2a: Slowking
|-damage|p2a: Slowking|36/100
|-boost|p1a: Excadrill|spe|1
|
|upkeep
|turn|90
|inactive|phreshoatmeal has 120 seconds left.
|
|t:|1776271084
|move|p1a: Excadrill|Earthquake|p2a: Slowking
|-supereffective|p2a: Slowking
|-damage|p2a: Slowking|0 fnt
|faint|p2a: Slowking
|
|upkeep
|
|t:|1776271089
|switch|p2a: Lokix|Lokix, F|43/100
|-damage|p2a: Lokix|19/100|[from] Stealth Rock
|-damage|p2a: Lokix|2/100|[from] Spikes
|turn|91
|
|t:|1776271104
|switch|p1a: Garganacl|Garganacl, M, shiny|73/100
|move|p2a: Lokix|First Impression|p1a: Garganacl
|-damage|p1a: Garganacl|38/100
|
|-heal|p1a: Garganacl|44/100|[from] item: Leftovers
|upkeep
|turn|92
|
|t:|1776271116
|move|p2a: Lokix|Leech Life|p1a: Garganacl
|-damage|p1a: Garganacl|16/100
|-heal|p2a: Lokix|22/100|[from] drain|[of] p1a: Garganacl
|move|p1a: Garganacl|Recover|p1a: Garganacl
|-heal|p1a: Garganacl|66/100
|
|-heal|p1a: Garganacl|73/100|[from] item: Leftovers
|upkeep
|turn|93
|c| TeraBlastGardevoir|what are you doing?
|
|t:|1776271136
|move|p2a: Lokix|Knock Off|p1a: Garganacl
|-damage|p1a: Garganacl|44/100
|-enditem|p1a: Garganacl|Leftovers|[from] move: Knock Off|[of] p2a: Lokix
|move|p1a: Garganacl|Ice Punch|p2a: Lokix
|-damage|p2a: Lokix|0 fnt
|faint|p2a: Lokix
|
|upkeep
|inactive|phreshoatmeal has 120 seconds left.
|
|t:|1776271154
|switch|p2a: Alomomola|Alomomola, F|66/100
|-damage|p2a: Alomomola|54/100|[from] Stealth Rock
|-damage|p2a: Alomomola|37/100|[from] Spikes
|turn|94
|inactive|phreshoatmeal has 120 seconds left.
|
|t:|1776271163
|switch|p1a: Sinistcha|Sinistcha, shiny|85/100
|move|p2a: Alomomola|Tickle|p1a: Sinistcha
|-unboost|p1a: Sinistcha|atk|1
|-unboost|p1a: Sinistcha|def|1
|
|upkeep
|turn|95
|inactive|phreshoatmeal has 120 seconds left.
|
|t:|1776271175
|move|p1a: Sinistcha|Matcha Gotcha|p2a: Alomomola
|-supereffective|p2a: Alomomola
|-damage|p2a: Alomomola|0 fnt
|-heal|p1a: Sinistcha|100/100|[from] drain|[of] p2a: Alomomola
|faint|p2a: Alomomola
|
|upkeep
|
|t:|1776271176
|switch|p2a: Jolteon|Jolteon, F|82/100 brn
|-damage|p2a: Jolteon|70/100 brn|[from] Stealth Rock
|-damage|p2a: Jolteon|54/100 brn|[from] Spikes
|turn|96
|
|t:|1776271179
|switch|p1a: Garganacl|Garganacl, M, shiny|44/100
|-terastallize|p2a: Jolteon|Ice
|move|p2a: Jolteon|Tera Blast|p1a: Garganacl|[anim] Tera Blast Ice
|-damage|p1a: Garganacl|15/100
|
|-damage|p2a: Jolteon|48/100 brn|[from] brn
|upkeep
|turn|97
|
|t:|1776271181
|move|p2a: Jolteon|Tera Blast|p1a: Garganacl|[anim] Tera Blast Ice
|-damage|p1a: Garganacl|0 fnt
|faint|p1a: Garganacl
|
|-damage|p2a: Jolteon|42/100 brn|[from] brn
|upkeep
|
|t:|1776271183
|switch|p1a: Excadrill|Excadrill, M|100/100
|-item|p1a: Excadrill|Air Balloon
|turn|98
|c|☆phreshoatmeal|oh well
|c|☆phreshoatmeal|gg
|
|t:|1776271188
|move|p2a: Jolteon|Tera Blast|p1a: Excadrill|[anim] Tera Blast Ice
|-damage|p1a: Excadrill|46/100
|-enditem|p1a: Excadrill|Air Balloon
|move|p1a: Excadrill|Earthquake|p2a: Jolteon
|-damage|p2a: Jolteon|0 fnt
|faint|p2a: Jolteon
|
|win|ChokingOnMatcha
|raw|ChokingOnMatcha's rating: 1579 &rarr; <strong>1604</strong><br />(+25 for winning)
|raw|phreshoatmeal's rating: 1670 &rarr; <strong>1645</strong><br />(-25 for losing)
|l|☆phreshoatmeal
|player|p2|
|j| Foxi4
|l| Foxi4
