|html|<div class="broadcast-blue"><strong>[Gen 9] OU is currently suspecting Tera Blast! For information on how to participate check out the <a href="https://www.smogon.com/tools/suspects/view/200">suspect thread</a>.</strong></div>
|j|☆vzn.exe
|j|☆AirYz
|t:|1776071433
|gametype|singles
|player|p1|vzn.exe|lusamine-nihilego|1147
|player|p2|AirYz|1|1197
|gen|9
|tier|[Gen 9] OU
|rated|
|rule|HP Percentage Mod: HP is shown in percentages
|rule|Endless Battle Clause: Forcing endless battles is banned
|rule|Species Clause: Limit one of each Pokémon
|rule|OHKO Clause: OHKO moves are banned
|rule|Evasion Items Clause: Evasion items are banned
|rule|Evasion Moves Clause: Evasion moves are banned
|rule|Evasion Abilities Clause: Evasion abilities are banned
|rule|Sleep Moves Clause: Sleep-inducing moves are banned
|clearpoke
|poke|p1|Primarina, M|
|poke|p1|Great Tusk|
|poke|p1|Enamorus, F|
|poke|p1|Slowking-Galar, M|
|poke|p1|Ogerpon, F|
|poke|p1|Kingambit, M|
|poke|p2|Greninja-*, M|
|poke|p2|Iron Valiant|
|poke|p2|Kingambit, M|
|poke|p2|Iron Moth|
|poke|p2|Alomomola, F|
|poke|p2|Slither Wing|
|teampreview
|inactive|Battle timer is ON: inactive players will automatically lose when time's up. (requested by AirYz)
|
|t:|1776071451
|teamsize|p1|6
|teamsize|p2|6
|start
|switch|p1a: Behemoth|Great Tusk, shiny|100/100
|switch|p2a: Iron Moth|Iron Moth|100/100
|-enditem|p2a: Iron Moth|Booster Energy
|-activate|p2a: Iron Moth|ability: Quark Drive|[fromitem]
|-start|p2a: Iron Moth|quarkdrivespe
|turn|1
|inactive|vzn.exe also wants the timer to be on.
|
|t:|1776071468
|move|p2a: Iron Moth|Dazzling Gleam|p1a: Behemoth
|-supereffective|p1a: Behemoth
|-damage|p1a: Behemoth|19/100
|move|p1a: Behemoth|Headlong Rush|p2a: Iron Moth
|-supereffective|p2a: Iron Moth
|-damage|p2a: Iron Moth|0 fnt
|-unboost|p1a: Behemoth|def|1
|-unboost|p1a: Behemoth|spd|1
|faint|p2a: Iron Moth
|-end|p2a: Iron Moth|Quark Drive|[silent]
|
|upkeep
|
|t:|1776071479
|switch|p2a: Greninja|Greninja, M|100/100
|turn|2
|
|t:|1776071496
|-end|p1a: Behemoth|Protosynthesis|[silent]
|switch|p1a: Celestine|Primarina, M, shiny|100/100
|move|p2a: Greninja|Liquidation|p1a: Celestine
|-resisted|p1a: Celestine
|-damage|p1a: Celestine|66/100
|-damage|p2a: Greninja|91/100|[from] item: Life Orb
|
|-heal|p1a: Celestine|72/100|[from] item: Leftovers
|upkeep
|turn|3
|
|t:|1776071514
|switch|p2a: Alomomola|Alomomola, F|100/100
|move|p1a: Celestine|Moonblast|p2a: Alomomola
|-damage|p2a: Alomomola|28/100
|
|-heal|p1a: Celestine|78/100|[from] item: Leftovers
|-heal|p2a: Alomomola|34/100|[from] item: Leftovers
|upkeep
|turn|4
|
|t:|1776071532
|move|p2a: Alomomola|Protect|p2a: Alomomola
|-singleturn|p2a: Alomomola|Protect
|move|p1a: Celestine|Moonblast|p2a: Alomomola
|-activate|p2a: Alomomola|move: Protect
|
|-heal|p1a: Celestine|84/100|[from] item: Leftovers
|-heal|p2a: Alomomola|40/100|[from] item: Leftovers
|upkeep
|turn|5
|inactive|vzn.exe has 120 seconds left.
|
|t:|1776071548
|move|p1a: Celestine|Moonblast|p2a: Alomomola
|-damage|p2a: Alomomola|0 fnt
|faint|p2a: Alomomola
|
|-heal|p1a: Celestine|90/100|[from] item: Leftovers
|upkeep
|
|t:|1776071556
|switch|p2a: Iron Valiant|Iron Valiant|100/100
|-enditem|p2a: Iron Valiant|Booster Energy
|-activate|p2a: Iron Valiant|ability: Quark Drive|[fromitem]
|-start|p2a: Iron Valiant|quarkdrivespe
|turn|6
|inactive|vzn.exe has 120 seconds left.
|
|t:|1776071572
|move|p2a: Iron Valiant|Destiny Bond|p2a: Iron Valiant
|-singlemove|p2a: Iron Valiant|Destiny Bond
|move|p1a: Celestine|Moonblast|p2a: Iron Valiant
|-supereffective|p2a: Iron Valiant
|-damage|p2a: Iron Valiant|0 fnt
|faint|p2a: Iron Valiant
|-activate|p2a: Iron Valiant|move: Destiny Bond
|-end|p2a: Iron Valiant|Quark Drive|[silent]
|faint|p1a: Celestine
|
|upkeep
|inactive|vzn.exe has 120 seconds left.
|
|t:|1776071589
|switch|p2a: Slither Wing|Slither Wing|100/100
|switch|p1a: Behemoth|Great Tusk, shiny|19/100
|-enditem|p2a: Slither Wing|Booster Energy
|-activate|p2a: Slither Wing|ability: Protosynthesis|[fromitem]
|-start|p2a: Slither Wing|protosynthesisatk
|turn|7
|
|t:|1776071605
|move|p1a: Behemoth|Stealth Rock|p2a: Slither Wing
|-sidestart|p2: AirYz|move: Stealth Rock
|move|p2a: Slither Wing|Acrobatics|p1a: Behemoth
|-supereffective|p1a: Behemoth
|-damage|p1a: Behemoth|0 fnt
|-damage|p2a: Slither Wing|84/100|[from] item: Rocky Helmet|[of] p1a: Behemoth
|faint|p1a: Behemoth
|-end|p1a: Behemoth|Protosynthesis|[silent]
|
|upkeep
|
|t:|1776071622
|switch|p1a: Gin|Enamorus, F, shiny|100/100
|turn|8
|inactive|vzn.exe has 90 seconds left.
|
|t:|1776071639
|move|p1a: Gin|Moonblast|p2a: Slither Wing
|-supereffective|p2a: Slither Wing
|-damage|p2a: Slither Wing|0 fnt
|faint|p2a: Slither Wing
|-end|p2a: Slither Wing|Protosynthesis|[silent]
|
|upkeep
|
|t:|1776071644
|switch|p2a: Greninja|Greninja, M|91/100
|-damage|p2a: Greninja|78/100|[from] Stealth Rock
|turn|9
|inactive|vzn.exe has 90 seconds left.
|
|t:|1776071660
|-terastallize|p2a: Greninja|Fairy
|move|p1a: Gin|Moonblast|p2a: Greninja
|-damage|p2a: Greninja|0 fnt
|faint|p2a: Greninja
|
|upkeep
|-message|AirYz forfeited.
|
|win|vzn.exe
|raw|vzn.exe's rating: 1147 &rarr; <strong>1176</strong><br />(+29 for winning)
|raw|AirYz's rating: 1197 &rarr; <strong>1168</strong><br />(-29 for losing)
|l|☆AirYz
|player|p2|
