|html|<div class="broadcast-blue"><strong>[Gen 9] OU is currently suspecting Tera Blast! For information on how to participate check out the <a href="https://www.smogon.com/tools/suspects/view/200">suspect thread</a>.</strong></div>
|j|☆GreninjaMyFav
|j|☆bsmcreeper
|t:|1776054848
|gametype|singles
|player|p1|GreninjaMyFav|skyla|1535
|player|p2|bsmcreeper|169|1500
|gen|9
|tier|[Gen 9] OU
|rated|
|rule|HP Percentage Mod: HP is shown in percentages
|rule|Endless Battle Clause: Forcing endless battles is banned
|rule|Species Clause: Limit one of each Pokémon
|rule|OHKO Clause: OHKO moves are banned
|rule|Evasion Items Clause: Evasion items are banned
|rule|Evasion Moves Clause: Evasion moves are banned
|rule|Evasion Abilities Clause: Evasion abilities are banned
|rule|Sleep Moves Clause: Sleep-inducing moves are banned
|clearpoke
|poke|p1|Greninja-*, F|
|poke|p1|Slowking-Galar, M|
|poke|p1|Alomomola, F|
|poke|p1|Great Tusk|
|poke|p1|Dragapult, F|
|poke|p1|Heatran, F|
|poke|p2|Zamazenta-*|
|poke|p2|Ceruledge, M|
|poke|p2|Corviknight, M|
|poke|p2|Slowking-Galar, F|
|poke|p2|Raging Bolt|
|poke|p2|Meowscarada, M|
|teampreview
|j| Latari
|j| Dripakuma
|inactive|Battle timer is ON: inactive players will automatically lose when time's up. (requested by bsmcreeper)
|
|t:|1776054872
|teamsize|p1|6
|teamsize|p2|6
|start
|switch|p1a: Alomomola|Alomomola, F|100/100
|switch|p2a: Meowscarada|Meowscarada, M|100/100
|turn|1
|
|t:|1776054875
|move|p1a: Alomomola|Protect|p1a: Alomomola
|-singleturn|p1a: Alomomola|Protect
|move|p2a: Meowscarada|Flower Trick|p1a: Alomomola
|-start|p2a: Meowscarada|typechange|Grass|[from] ability: Protean
|-activate|p1a: Alomomola|move: Protect
|
|upkeep
|turn|2
|
|t:|1776054880
|switch|p1a: Heatran|Heatran, F|100/100
|move|p2a: Meowscarada|Flower Trick|p1a: Heatran
|-resisted|p1a: Heatran
|-crit|p1a: Heatran
|-damage|p1a: Heatran|90/100
|
|-heal|p1a: Heatran|96/100|[from] item: Leftovers
|upkeep
|turn|3
|
|t:|1776054885
|switch|p2a: Slowking|Slowking-Galar, F|100/100
|move|p1a: Heatran|Stealth Rock|p2a: Slowking
|-sidestart|p2: bsmcreeper|move: Stealth Rock
|
|-heal|p1a: Heatran|100/100|[from] item: Leftovers
|upkeep
|turn|4
|
|t:|1776054893
|move|p1a: Heatran|Taunt|p2a: Slowking
|-start|p2a: Slowking|move: Taunt
|cant|p2a: Slowking|move: Taunt|Thunder Wave
|
|upkeep
|turn|5
|
|t:|1776054904
|switch|p2a: Zamazenta|Zamazenta|100/100
|-damage|p2a: Zamazenta|94/100|[from] Stealth Rock
|-ability|p2a: Zamazenta|Dauntless Shield|boost
|-boost|p2a: Zamazenta|def|1
|move|p1a: Heatran|Lava Plume|p2a: Zamazenta
|-damage|p2a: Zamazenta|67/100
|-status|p2a: Zamazenta|brn
|
|-damage|p2a: Zamazenta|61/100 brn|[from] brn
|upkeep
|turn|6
|
|t:|1776054912
|switch|p1a: Slowking|Slowking-Galar, M|100/100
|move|p2a: Zamazenta|Crunch|p1a: Slowking
|-supereffective|p1a: Slowking
|-damage|p1a: Slowking|58/100
|
|-damage|p2a: Zamazenta|55/100 brn|[from] brn
|upkeep
|turn|7
|
|t:|1776054915
|move|p2a: Zamazenta|Crunch|p1a: Slowking
|-supereffective|p1a: Slowking
|-damage|p1a: Slowking|20/100
|move|p1a: Slowking|Psychic Noise|p2a: Zamazenta
|-supereffective|p2a: Zamazenta
|-damage|p2a: Zamazenta|10/100 brn
|-start|p2a: Zamazenta|move: Heal Block
|
|-damage|p2a: Zamazenta|4/100 brn|[from] brn
|upkeep
|turn|8
|
|t:|1776054919
|switch|p1a: Greninja|Greninja, F|100/100
|move|p2a: Zamazenta|Crunch|p1a: Greninja
|-resisted|p1a: Greninja
|-damage|p1a: Greninja|83/100
|
|-damage|p2a: Zamazenta|0 fnt|[from] brn
|faint|p2a: Zamazenta
|upkeep
|
|t:|1776054927
|switch|p2a: Meowscarada|Meowscarada, M|100/100
|-damage|p2a: Meowscarada|88/100|[from] Stealth Rock
|turn|9
|inactive|GreninjaMyFav has 120 seconds left.
|
|t:|1776054960
|switch|p2a: Raging Bolt|Raging Bolt|100/100
|-damage|p2a: Raging Bolt|88/100|[from] Stealth Rock
|-enditem|p2a: Raging Bolt|Booster Energy
|-activate|p2a: Raging Bolt|ability: Protosynthesis|[fromitem]
|-start|p2a: Raging Bolt|protosynthesisspa
|switch|p1a: Heatran|Heatran, F|100/100
|
|upkeep
|turn|10
|
|t:|1776054967
|switch|p1a: Dragapult|Dragapult, F|100/100
|-terastallize|p2a: Raging Bolt|Ground
|move|p2a: Raging Bolt|Tera Blast|p1a: Dragapult|[anim] Tera Blast Ground
|-crit|p1a: Dragapult
|-damage|p1a: Dragapult|0 fnt
|faint|p1a: Dragapult
|
|upkeep
|inactive|GreninjaMyFav has 120 seconds left.
|
|t:|1776054983
|switch|p1a: Great Tusk|Great Tusk|100/100
|turn|11
|inactive|bsmcreeper has 120 seconds left.
|
|t:|1776055014
|-end|p2a: Raging Bolt|Protosynthesis|[silent]
|switch|p2a: Corviknight|Corviknight, M|100/100
|-damage|p2a: Corviknight|88/100|[from] Stealth Rock
|-ability|p2a: Corviknight|Pressure
|move|p1a: Great Tusk|Ice Spinner|p2a: Corviknight
|-damage|p2a: Corviknight|70/100
|-damage|p1a: Great Tusk|84/100|[from] item: Rocky Helmet|[of] p2a: Corviknight
|
|upkeep
|turn|12
|
|t:|1776055018
|-end|p1a: Great Tusk|Protosynthesis|[silent]
|switch|p1a: Heatran|Heatran, F|100/100
|move|p2a: Corviknight|Defog|p1a: Heatran
|-unboost|p1a: Heatran|evasion|1
|-sideend|p2: bsmcreeper|Stealth Rock|[from] move: Defog|[of] p2a: Corviknight
|
|upkeep
|turn|13
|
|t:|1776055023
|move|p1a: Heatran|Stealth Rock|p2a: Corviknight
|-sidestart|p2: bsmcreeper|move: Stealth Rock
|move|p2a: Corviknight|U-turn|p1a: Heatran
|-resisted|p1a: Heatran
|-damage|p1a: Heatran|97/100
|
|t:|1776055026
|switch|p2a: Raging Bolt|Raging Bolt, tera:Ground|88/100|[from] U-turn
|-damage|p2a: Raging Bolt|82/100|[from] Stealth Rock
|
|-heal|p1a: Heatran|100/100|[from] item: Leftovers
|upkeep
|turn|14
|
|t:|1776055029
|switch|p1a: Alomomola|Alomomola, F|100/100
|move|p2a: Raging Bolt|Tera Blast|p1a: Alomomola|[anim] Tera Blast Ground
|-damage|p1a: Alomomola|49/100
|
|upkeep
|turn|15
|
|t:|1776055035
|switch|p1a: Great Tusk|Great Tusk|84/100
|move|p2a: Raging Bolt|Calm Mind|p2a: Raging Bolt
|-boost|p2a: Raging Bolt|spa|1
|-boost|p2a: Raging Bolt|spd|1
|
|upkeep
|turn|16
|
|t:|1776055039
|move|p1a: Great Tusk|Ice Spinner|p2a: Raging Bolt
|-supereffective|p2a: Raging Bolt
|-damage|p2a: Raging Bolt|34/100
|move|p2a: Raging Bolt|Tera Blast|p1a: Great Tusk|[anim] Tera Blast Ground
|-damage|p1a: Great Tusk|0 fnt
|faint|p1a: Great Tusk
|-end|p1a: Great Tusk|Protosynthesis|[silent]
|
|upkeep
|
|t:|1776055043
|switch|p1a: Slowking|Slowking-Galar, M|54/100
|turn|17
|
|t:|1776055046
|-terastallize|p1a: Slowking|Water
|move|p2a: Raging Bolt|Tera Blast|p1a: Slowking|[anim] Tera Blast Ground
|-damage|p1a: Slowking|11/100
|move|p1a: Slowking|Psychic Noise|p2a: Raging Bolt
|-damage|p2a: Raging Bolt|18/100
|-start|p2a: Raging Bolt|move: Heal Block
|
|upkeep
|turn|18
|-message|GreninjaMyFav forfeited.
|
|win|bsmcreeper
|raw|GreninjaMyFav's rating: 1535 &rarr; <strong>1513</strong><br />(-22 for losing)
|raw|bsmcreeper's rating: 1500 &rarr; <strong>1522</strong><br />(+22 for winning)
|l|☆GreninjaMyFav
|player|p1|
|l|☆bsmcreeper
|player|p2|
|l| Dripakuma
|l| Latari
