|html|<div class="broadcast-blue"><strong>[Gen 9] OU is currently suspecting Tera Blast! For information on how to participate check out the <a href="https://www.smogon.com/tools/suspects/view/200">suspect thread</a>.</strong></div>
|j|☆brogre35
|j|☆CyberH3
|t:|1776105359
|gametype|singles
|player|p1|brogre35|swimmer-gen4dp|1627
|player|p2|CyberH3|169|1586
|gen|9
|tier|[Gen 9] OU
|rated|
|rule|HP Percentage Mod: HP is shown in percentages
|rule|Endless Battle Clause: Forcing endless battles is banned
|rule|Species Clause: Limit one of each Pokémon
|rule|OHKO Clause: OHKO moves are banned
|rule|Evasion Items Clause: Evasion items are banned
|rule|Evasion Moves Clause: Evasion moves are banned
|rule|Evasion Abilities Clause: Evasion abilities are banned
|rule|Sleep Moves Clause: Sleep-inducing moves are banned
|clearpoke
|poke|p1|Ninetales-Alola, M|
|poke|p1|Kyurem|
|poke|p1|Ursaluna, F|
|poke|p1|Farigiraf, M|
|poke|p1|Hatterene, F|
|poke|p1|Cresselia, F|
|poke|p2|Pecharunt|
|poke|p2|Zapdos|
|poke|p2|Araquanid, F|
|poke|p2|Ogerpon-Wellspring, F|
|poke|p2|Iron Treads|
|poke|p2|Cinderace, F|
|teampreview
|inactive|Battle timer is ON: inactive players will automatically lose when time's up. (requested by brogre35)
|
|t:|1776105368
|teamsize|p1|6
|teamsize|p2|6
|start
|switch|p1a: Pink Triangle|Hatterene, F|100/100
|switch|p2a: Cinderace|Cinderace, F|100/100
|turn|1
|
|t:|1776105372
|move|p2a: Cinderace|Gunk Shot|p1a: Pink Triangle
|-start|p2a: Cinderace|typechange|Poison|[from] ability: Libero
|-supereffective|p1a: Pink Triangle
|-enditem|p1a: Pink Triangle|Focus Sash
|-damage|p1a: Pink Triangle|1/100
|-damage|p2a: Cinderace|91/100|[from] item: Life Orb
|move|p1a: Pink Triangle|Trick Room|p1a: Pink Triangle
|-fieldstart|move: Trick Room|[of] p1a: Pink Triangle
|
|upkeep
|turn|2
|
|t:|1776105381
|switch|p2a: Araquanid|Araquanid, F|100/100
|move|p1a: Pink Triangle|Psychic Noise|p2a: Araquanid
|-damage|p2a: Araquanid|63/100
|-start|p2a: Araquanid|move: Heal Block
|
|upkeep
|turn|3
|
|t:|1776105385
|move|p1a: Pink Triangle|Psychic Noise|p2a: Araquanid
|-damage|p2a: Araquanid|28/100
|move|p2a: Araquanid|Liquidation|p1a: Pink Triangle
|-damage|p1a: Pink Triangle|0 fnt
|faint|p1a: Pink Triangle
|
|-end|p2a: Araquanid|move: Heal Block
|upkeep
|
|t:|1776105389
|switch|p1a: Across The Sea|Farigiraf, M|100/100
|turn|4
|
|t:|1776105395
|move|p1a: Across The Sea|Tera Blast|p2a: Araquanid
|-damage|p2a: Araquanid|0 fnt
|faint|p2a: Araquanid
|
|upkeep
|
|t:|1776105399
|switch|p2a: Iron Treads|Iron Treads|100/100
|turn|5
|
|t:|1776105405
|move|p1a: Across The Sea|Nasty Plot|p1a: Across The Sea
|-boost|p1a: Across The Sea|spa|2
|move|p2a: Iron Treads|Knock Off|p1a: Across The Sea
|-supereffective|p1a: Across The Sea
|-damage|p1a: Across The Sea|49/100
|-enditem|p1a: Across The Sea|Leftovers|[from] move: Knock Off|[of] p2a: Iron Treads
|
|-fieldend|move: Trick Room
|upkeep
|turn|6
|
|t:|1776105411
|move|p2a: Iron Treads|Volt Switch|p1a: Across The Sea
|-damage|p1a: Across The Sea|33/100
|
|t:|1776105413
|-end|p2a: Iron Treads|Quark Drive|[silent]
|switch|p2a: Ogerpon|Ogerpon-Wellspring, F|100/100|[from] Volt Switch
|move|p1a: Across The Sea|Trick Room|p1a: Across The Sea
|-fieldstart|move: Trick Room|[of] p1a: Across The Sea
|
|upkeep
|turn|7
|
|t:|1776105419
|move|p1a: Across The Sea|Tera Blast|p2a: Ogerpon
|-damage|p2a: Ogerpon|4/100
|move|p2a: Ogerpon|Ivy Cudgel|p1a: Across The Sea|[anim] Ivy Cudgel Water
|-damage|p1a: Across The Sea|0 fnt
|faint|p1a: Across The Sea
|
|upkeep
|
|t:|1776105424
|switch|p1a: El Scorcho|Ursaluna, F|100/100
|turn|8
|
|t:|1776105427
|switch|p2a: Zapdos|Zapdos|100/100
|move|p1a: El Scorcho|Fire Punch|p2a: Zapdos
|-damage|p2a: Zapdos|68/100
|-damage|p1a: El Scorcho|84/100|[from] item: Rocky Helmet|[of] p2a: Zapdos
|-status|p1a: El Scorcho|par|[from] ability: Static|[of] p2a: Zapdos
|
|upkeep
|turn|9
|
|t:|1776105438
|switch|p2a: Pecharunt|Pecharunt|100/100
|cant|p1a: El Scorcho|par
|
|upkeep
|turn|10
|
|t:|1776105446
|move|p1a: El Scorcho|Facade|p2a: Pecharunt
|-immune|p2a: Pecharunt
|move|p2a: Pecharunt|Malignant Chain|p1a: El Scorcho
|-resisted|p1a: El Scorcho
|-damage|p1a: El Scorcho|65/100 par
|
|-fieldend|move: Trick Room
|upkeep
|turn|11
|j| Metallic Symphony
|l| Metallic Symphony
|
|t:|1776105452
|switch|p2a: Zapdos|Zapdos|68/100
|move|p1a: El Scorcho|Headlong Rush|p2a: Zapdos
|-immune|p2a: Zapdos
|
|upkeep
|turn|12
|
|t:|1776105455
|move|p2a: Zapdos|Hurricane|p1a: El Scorcho|[miss]
|-miss|p2a: Zapdos|p1a: El Scorcho
|cant|p1a: El Scorcho|par
|
|upkeep
|turn|13
|
|t:|1776105459
|move|p2a: Zapdos|Hurricane|p1a: El Scorcho
|-damage|p1a: El Scorcho|9/100 par
|move|p1a: El Scorcho|Facade|p2a: Zapdos
|-damage|p2a: Zapdos|0 fnt
|-damage|p1a: El Scorcho|0 fnt|[from] item: Rocky Helmet|[of] p2a: Zapdos
|faint|p2a: Zapdos
|faint|p1a: El Scorcho
|
|upkeep
|
|t:|1776105468
|switch|p2a: Pecharunt|Pecharunt|100/100
|switch|p1a: The Good Life|Ninetales-Alola, M|100/100
|-weather|Snowscape|[from] ability: Snow Warning|[of] p1a: The Good Life
|turn|14
|
|t:|1776105471
|move|p1a: The Good Life|Aurora Veil|p1a: The Good Life
|-sidestart|p1: brogre35|move: Aurora Veil
|move|p2a: Pecharunt|Malignant Chain|p1a: The Good Life
|-supereffective|p1a: The Good Life
|-damage|p1a: The Good Life|60/100
|
|-weather|Snowscape|[upkeep]
|upkeep
|turn|15
|
|t:|1776105475
|switch|p1a: Getchoo|Kyurem|100/100
|-ability|p1a: Getchoo|Pressure
|move|p2a: Pecharunt|Malignant Chain|p1a: Getchoo
|-damage|p1a: Getchoo|79/100
|
|-weather|Snowscape|[upkeep]
|upkeep
|turn|16
|
|t:|1776105478
|move|p1a: Getchoo|Dragon Dance|p1a: Getchoo
|-boost|p1a: Getchoo|atk|1
|-boost|p1a: Getchoo|spe|1
|move|p2a: Pecharunt|Malignant Chain|p1a: Getchoo
|-damage|p1a: Getchoo|58/100
|-status|p1a: Getchoo|tox
|-start|p1a: Getchoo|confusion|[from] ability: Poison Puppeteer|[of] p2a: Pecharunt
|
|-weather|Snowscape|[upkeep]
|-damage|p1a: Getchoo|52/100 tox|[from] psn
|upkeep
|turn|17
|
|t:|1776105483
|-terastallize|p2a: Pecharunt|Water
|-activate|p1a: Getchoo|confusion
|move|p1a: Getchoo|Dragon Dance|p1a: Getchoo
|-boost|p1a: Getchoo|atk|1
|-boost|p1a: Getchoo|spe|1
|move|p2a: Pecharunt|Hex|p1a: Getchoo
|-damage|p1a: Getchoo|25/100 tox
|
|-weather|Snowscape|[upkeep]
|-damage|p1a: Getchoo|13/100 tox|[from] psn
|upkeep
|turn|18
|
|t:|1776105487
|switch|p2a: Ogerpon|Ogerpon-Wellspring, F|4/100
|-terastallize|p1a: Getchoo|Electric
|-activate|p1a: Getchoo|confusion
|move|p1a: Getchoo|Tera Blast|p2a: Ogerpon|[anim] Tera Blast Electric
|-damage|p2a: Ogerpon|0 fnt
|faint|p2a: Ogerpon
|
|-weather|none
|-damage|p1a: Getchoo|0 fnt|[from] psn
|faint|p1a: Getchoo
|upkeep
|-message|brogre35 forfeited.
|
|win|CyberH3
|raw|brogre35's rating: 1627 &rarr; <strong>1605</strong><br />(-22 for losing)
|raw|CyberH3's rating: 1586 &rarr; <strong>1608</strong><br />(+22 for winning)
|l|☆brogre35
|player|p1|
