|html|<div class="broadcast-blue"><strong>[Gen 9] OU is currently suspecting Tera Blast! For information on how to participate check out the <a href="https://www.smogon.com/tools/suspects/view/200">suspect thread</a>.</strong></div>
|j|☆Vitoomanuel
|j|☆breadnan
|t:|1776038928
|gametype|singles
|player|p1|Vitoomanuel|pokekid|1116
|player|p2|breadnan|170|1156
|gen|9
|tier|[Gen 9] OU
|rated|
|rule|HP Percentage Mod: HP is shown in percentages
|rule|Endless Battle Clause: Forcing endless battles is banned
|rule|Species Clause: Limit one of each Pokémon
|rule|OHKO Clause: OHKO moves are banned
|rule|Evasion Items Clause: Evasion items are banned
|rule|Evasion Moves Clause: Evasion moves are banned
|rule|Evasion Abilities Clause: Evasion abilities are banned
|rule|Sleep Moves Clause: Sleep-inducing moves are banned
|clearpoke
|poke|p1|Manaphy|
|poke|p1|Sableye, F|
|poke|p1|Dragonite, F|
|poke|p1|Scizor, M|
|poke|p1|Mew|
|poke|p1|Flareon, M|
|poke|p2|Dragapult, M|
|poke|p2|Moltres|
|poke|p2|Enamorus, F|
|poke|p2|Gholdengo|
|poke|p2|Ogerpon-Wellspring, F|
|poke|p2|Great Tusk|
|teampreview
|
|t:|1776038933
|teamsize|p1|6
|teamsize|p2|6
|start
|switch|p1a: Flareon|Flareon, M|100/100
|switch|p2a: Gholdengo|Gholdengo|100/100
|turn|1
|
|t:|1776038941
|switch|p2a: Dragapult|Dragapult, M|100/100
|move|p1a: Flareon|Protect||[still]
|-fail|p1a: Flareon
|
|upkeep
|turn|2
|
|t:|1776038950
|move|p1a: Flareon|Protect|p1a: Flareon
|-singleturn|p1a: Flareon|Protect
|move|p2a: Dragapult|Dragon Darts|p1a: Flareon
|-activate|p1a: Flareon|move: Protect
|
|upkeep
|turn|3
|
|t:|1776038959
|move|p2a: Dragapult|Dragon Darts|p1a: Flareon
|-damage|p1a: Flareon|49/100
|-anim|p2a: Dragapult|Dragon Darts|p1a: Flareon
|-damage|p1a: Flareon|0 fnt
|faint|p1a: Flareon
|-damage|p2a: Dragapult|91/100|[from] item: Life Orb
|
|upkeep
|
|t:|1776038970
|switch|p1a: Manaphy|Manaphy|100/100
|turn|4
|
|t:|1776038979
|move|p2a: Dragapult|Dragon Darts|p1a: Manaphy
|-damage|p1a: Manaphy|66/100
|-anim|p2a: Dragapult|Dragon Darts|p1a: Manaphy
|-damage|p1a: Manaphy|32/100
|-damage|p2a: Dragapult|81/100|[from] item: Life Orb
|move|p1a: Manaphy|Ice Beam|p2a: Dragapult
|-supereffective|p2a: Dragapult
|-damage|p2a: Dragapult|9/100
|
|-heal|p1a: Manaphy|38/100|[from] item: Leftovers
|upkeep
|turn|5
|
|t:|1776038994
|move|p2a: Dragapult|Dragon Darts|p1a: Manaphy
|-damage|p1a: Manaphy|5/100
|-anim|p2a: Dragapult|Dragon Darts|p1a: Manaphy
|-damage|p1a: Manaphy|0 fnt
|faint|p1a: Manaphy
|-damage|p2a: Dragapult|0 fnt|[from] item: Life Orb
|faint|p2a: Dragapult
|
|upkeep
|inactive|Battle timer is ON: inactive players will automatically lose when time's up. (requested by Vitoomanuel)
|
|t:|1776039008
|switch|p2a: Gholdengo|Gholdengo|100/100
|switch|p1a: Scizor|Scizor, M|100/100
|turn|6
|
|t:|1776039022
|switch|p1a: Sableye|Sableye, F|100/100
|move|p2a: Gholdengo|Trick|p1a: Sableye
|-activate|p2a: Gholdengo|move: Trick|[of] p1a: Sableye
|-item|p1a: Sableye|Choice Scarf|[from] move: Trick
|-item|p2a: Gholdengo|Choice Scarf|[from] move: Trick
|
|upkeep
|turn|7
|
|t:|1776039035
|move|p1a: Sableye|Thunder Wave|p2a: Gholdengo
|-immune|p2a: Gholdengo|[from] ability: Good as Gold
|move|p2a: Gholdengo|Make It Rain|p1a: Sableye
|-damage|p1a: Sableye|14/100
|-unboost|p2a: Gholdengo|spa|1
|
|upkeep
|turn|8
|
|t:|1776039055
|switch|p1a: Mew|Mew|100/100
|move|p2a: Gholdengo|Make It Rain|p1a: Mew
|-damage|p1a: Mew|61/100
|-unboost|p2a: Gholdengo|spa|1
|
|-heal|p1a: Mew|67/100|[from] item: Leftovers
|upkeep
|turn|9
|
|t:|1776039064
|switch|p2a: Ogerpon|Ogerpon-Wellspring, F|100/100
|move|p1a: Mew|Nasty Plot|p1a: Mew
|-boost|p1a: Mew|spa|2
|
|-heal|p1a: Mew|73/100|[from] item: Leftovers
|upkeep
|turn|10
|
|t:|1776039075
|move|p2a: Ogerpon|Encore|p1a: Mew
|-start|p1a: Mew|Encore
|move|p1a: Mew|Nasty Plot|p1a: Mew
|-boost|p1a: Mew|spa|2
|
|-heal|p1a: Mew|79/100|[from] item: Leftovers
|upkeep
|turn|11
|
|t:|1776039082
|move|p2a: Ogerpon|Ivy Cudgel|p1a: Mew|[anim] Ivy Cudgel Water
|-damage|p1a: Mew|20/100
|move|p1a: Mew|Nasty Plot|p1a: Mew
|-boost|p1a: Mew|spa|2
|
|-heal|p1a: Mew|26/100|[from] item: Leftovers
|upkeep
|turn|12
|
|t:|1776039095
|move|p2a: Ogerpon|Ivy Cudgel|p1a: Mew|[anim] Ivy Cudgel Water
|-damage|p1a: Mew|0 fnt
|faint|p1a: Mew
|
|upkeep
|
|t:|1776039115
|switch|p1a: Sableye|Sableye, F|14/100
|turn|13
|
|t:|1776039140
|move|p1a: Sableye|Will-O-Wisp|p2a: Ogerpon
|-status|p2a: Ogerpon|brn
|move|p2a: Ogerpon|Ivy Cudgel|p1a: Sableye|[anim] Ivy Cudgel Water
|-crit|p1a: Sableye
|-damage|p1a: Sableye|0 fnt
|faint|p1a: Sableye
|
|-damage|p2a: Ogerpon|95/100 brn|[from] brn
|upkeep
|
|t:|1776039158
|switch|p1a: Scizor|Scizor, M|100/100
|turn|14
|
|t:|1776039163
|move|p2a: Ogerpon|Knock Off|p1a: Scizor
|-damage|p1a: Scizor|82/100
|-enditem|p1a: Scizor|Leftovers|[from] move: Knock Off|[of] p2a: Ogerpon
|move|p1a: Scizor|Swords Dance|p1a: Scizor
|-boost|p1a: Scizor|atk|2
|
|-damage|p2a: Ogerpon|89/100 brn|[from] brn
|upkeep
|turn|15
|
|t:|1776039175
|move|p2a: Ogerpon|Encore|p1a: Scizor
|-start|p1a: Scizor|Encore
|move|p1a: Scizor|Swords Dance|p1a: Scizor
|-boost|p1a: Scizor|atk|2
|
|-damage|p2a: Ogerpon|83/100 brn|[from] brn
|upkeep
|turn|16
|
|t:|1776039179
|switch|p2a: Enamorus|Enamorus, F|100/100
|move|p1a: Scizor|Swords Dance|p1a: Scizor
|-boost|p1a: Scizor|atk|2
|
|upkeep
|turn|17
|
|t:|1776039184
|move|p2a: Enamorus|Mystical Fire|p1a: Scizor
|-supereffective|p1a: Scizor
|-damage|p1a: Scizor|0 fnt
|faint|p1a: Scizor
|
|upkeep
|
|t:|1776039187
|switch|p1a: Dragonite|Dragonite, F|100/100
|turn|18
|
|t:|1776039191
|switch|p2a: Ogerpon|Ogerpon-Wellspring, F|83/100 brn
|move|p1a: Dragonite|Iron Head|p2a: Ogerpon
|-resisted|p2a: Ogerpon
|-damage|p2a: Ogerpon|61/100 brn
|
|-damage|p2a: Ogerpon|55/100 brn|[from] brn
|upkeep
|turn|19
|
|t:|1776039201
|move|p1a: Dragonite|Extreme Speed|p2a: Ogerpon
|-damage|p2a: Ogerpon|11/100 brn
|move|p2a: Ogerpon|Knock Off|p1a: Dragonite
|-damage|p1a: Dragonite|89/100
|-enditem|p1a: Dragonite|Leftovers|[from] move: Knock Off|[of] p2a: Ogerpon
|
|-damage|p2a: Ogerpon|5/100 brn|[from] brn
|upkeep
|turn|20
|
|t:|1776039210
|move|p2a: Ogerpon|Encore|p1a: Dragonite
|-start|p1a: Dragonite|Encore
|move|p1a: Dragonite|Extreme Speed|p2a: Ogerpon
|-damage|p2a: Ogerpon|0 fnt
|faint|p2a: Ogerpon
|
|upkeep
|
|t:|1776039216
|switch|p2a: Enamorus|Enamorus, F|100/100
|turn|21
|
|t:|1776039217
|move|p1a: Dragonite|Extreme Speed|p2a: Enamorus
|-damage|p2a: Enamorus|50/100
|move|p2a: Enamorus|Moonblast|p1a: Dragonite
|-supereffective|p1a: Dragonite
|-damage|p1a: Dragonite|0 fnt
|faint|p1a: Dragonite
|
|win|breadnan
|raw|Vitoomanuel's rating: 1116 &rarr; <strong>1094</strong><br />(-22 for losing)
|raw|breadnan's rating: 1156 &rarr; <strong>1178</strong><br />(+22 for winning)
|l|☆Vitoomanuel
|player|p1|
