|html|<div class="broadcast-blue"><strong>[Gen 9] OU is currently suspecting Tera Blast! For information on how to participate check out the <a href="https://www.smogon.com/tools/suspects/view/200">suspect thread</a>.</strong></div>
|j|☆doomge
|j|☆Gochan
|t:|1776200612
|gametype|singles
|player|p1|doomge|cynthia|
|player|p2|Gochan|cynthia-masters3|
|gen|9
|tier|[Gen 9] OU
|rule|HP Percentage Mod: HP is shown in percentages
|rule|Endless Battle Clause: Forcing endless battles is banned
|rule|Species Clause: Limit one of each Pokémon
|rule|OHKO Clause: OHKO moves are banned
|rule|Evasion Items Clause: Evasion items are banned
|rule|Evasion Moves Clause: Evasion moves are banned
|rule|Evasion Abilities Clause: Evasion abilities are banned
|rule|Sleep Moves Clause: Sleep-inducing moves are banned
|clearpoke
|poke|p1|Ogerpon-Wellspring, F|
|poke|p1|Pecharunt|
|poke|p1|Kingambit, M|
|poke|p1|Kyurem|
|poke|p1|Iron Valiant|
|poke|p1|Landorus-Therian, M|
|poke|p2|Glimmora, F|
|poke|p2|Dragonite, F|
|poke|p2|Iron Moth|
|poke|p2|Gholdengo|
|poke|p2|Great Tusk|
|poke|p2|Ogerpon-Wellspring, F|
|teampreview
|inactive|Battle timer is ON: inactive players will automatically lose when time's up. (requested by doomge)
|c|☆Gochan|glhf
|c|☆doomge|hf
|c|☆doomge|this is bo1?
|inactive|doomge has 270 seconds left.
|inactive|Gochan has 270 seconds left.
|j| nasir1
|c|☆Gochan|yes
|c|☆doomge|okay
|c|☆doomge|what up nasir
|j| BannedList
|inactive|doomge has 240 seconds left.
|inactive|Gochan has 240 seconds left.
|c| nasir1|Yo doomge, crush this guy
|inactive|doomge has 210 seconds left.
|j| baganha
|
|t:|1776200710
|teamsize|p1|6
|teamsize|p2|6
|start
|switch|p1a: Ogerpon|Ogerpon-Wellspring, F|100/100
|switch|p2a: Ogerpon|Ogerpon-Wellspring, F|100/100
|turn|1
|j| hpless
|inactive|doomge has 270 seconds left.
|inactive|Gochan has 270 seconds left.
|
|t:|1776200751
|switch|p1a: Landorus|Landorus-Therian, M|100/100
|-ability|p1a: Landorus|Intimidate|boost
|-unboost|p2a: Ogerpon|atk|1
|switch|p2a: Glimmora|Glimmora, F|100/100
|
|upkeep
|turn|2
|
|t:|1776200764
|switch|p2a: Dragonite|Dragonite, F|100/100
|move|p1a: Landorus|Taunt|p2a: Dragonite
|-start|p2a: Dragonite|move: Taunt
|
|upkeep
|turn|3
|
|t:|1776200780
|switch|p2a: Glimmora|Glimmora, F|100/100
|move|p1a: Landorus|U-turn|p2a: Glimmora
|-resisted|p2a: Glimmora
|-damage|p2a: Glimmora|92/100
|-activate|p2a: Glimmora|ability: Toxic Debris
|-sidestart|p1: doomge|move: Toxic Spikes
|-enditem|p2a: Glimmora|Red Card|[of] p1a: Landorus
|drag|p1a: Kingambit|Kingambit, M|100/100
|
|upkeep
|turn|4
|
|t:|1776200802
|move|p2a: Glimmora|Stealth Rock|p1a: Kingambit
|-sidestart|p1: doomge|move: Stealth Rock
|move|p1a: Kingambit|Iron Head|p2a: Glimmora
|-supereffective|p2a: Glimmora
|-damage|p2a: Glimmora|18/100
|-activate|p2a: Glimmora|ability: Toxic Debris
|-sidestart|p1: doomge|move: Toxic Spikes
|
|upkeep
|turn|5
|inactive|doomge has 240 seconds left.
|inactive|Gochan has 240 seconds left.
|j| proszz
|
|t:|1776200846
|move|p2a: Glimmora|Spikes|p1a: Kingambit
|-sidestart|p1: doomge|Spikes
|move|p1a: Kingambit|Iron Head|p2a: Glimmora
|-supereffective|p2a: Glimmora
|-damage|p2a: Glimmora|0 fnt
|faint|p2a: Glimmora
|
|upkeep
|inactive|Gochan has 240 seconds left.
|
|t:|1776200857
|switch|p2a: Iron Moth|Iron Moth|100/100
|-enditem|p2a: Iron Moth|Booster Energy
|-activate|p2a: Iron Moth|ability: Quark Drive|[fromitem]
|-start|p2a: Iron Moth|quarkdrivespe
|turn|6
|
|t:|1776200868
|move|p2a: Iron Moth|Fiery Dance|p1a: Kingambit
|-supereffective|p1a: Kingambit
|-damage|p1a: Kingambit|24/100
|move|p1a: Kingambit|Kowtow Cleave|p2a: Iron Moth
|-damage|p2a: Iron Moth|33/100
|
|-heal|p1a: Kingambit|30/100|[from] item: Leftovers
|upkeep
|turn|7
|
|t:|1776200878
|move|p2a: Iron Moth|Substitute|p2a: Iron Moth
|-start|p2a: Iron Moth|Substitute
|-damage|p2a: Iron Moth|8/100
|move|p1a: Kingambit|Kowtow Cleave|p2a: Iron Moth
|-end|p2a: Iron Moth|Substitute
|
|-heal|p1a: Kingambit|36/100|[from] item: Leftovers
|upkeep
|turn|8
|
|t:|1776200890
|move|p1a: Kingambit|Sucker Punch|p2a: Iron Moth
|-damage|p2a: Iron Moth|0 fnt
|faint|p2a: Iron Moth
|-end|p2a: Iron Moth|Quark Drive|[silent]
|
|-heal|p1a: Kingambit|42/100|[from] item: Leftovers
|upkeep
|
|t:|1776200900
|switch|p2a: Dragonite|Dragonite, F|100/100
|turn|9
|inactive|doomge has 240 seconds left.
|
|t:|1776200921
|-end|p1a: Kingambit|fallenundefined|[silent]
|switch|p1a: Pecharunt|Pecharunt|100/100
|-sideend|p1: doomge|move: Toxic Spikes|[of] p1a: Pecharunt
|move|p2a: Dragonite|Dragon Dance|p2a: Dragonite
|-boost|p2a: Dragonite|atk|1
|-boost|p2a: Dragonite|spe|1
|
|upkeep
|turn|10
|
|t:|1776200946
|-terastallize|p2a: Dragonite|Ground
|move|p2a: Dragonite|Earthquake|p1a: Pecharunt
|-supereffective|p1a: Pecharunt
|-crit|p1a: Pecharunt
|-damage|p1a: Pecharunt|0 fnt
|faint|p1a: Pecharunt
|
|upkeep
|c|☆Gochan|sorry
|inactive|doomge has 210 seconds left.
|c|☆doomge|yeah that mattered a lil bit
|j| JesusGP
|inactive|doomge has 180 seconds left.
|inactive|doomge has 150 seconds left.
|
|t:|1776201030
|switch|p1a: Ogerpon|Ogerpon-Wellspring, F|100/100
|-damage|p1a: Ogerpon|88/100|[from] Stealth Rock
|-damage|p1a: Ogerpon|76/100|[from] Spikes
|turn|11
|
|t:|1776201051
|switch|p2a: Ogerpon|Ogerpon-Wellspring, F|100/100
|-terastallize|p1a: Ogerpon|Water
|detailschange|p1a: Ogerpon|Ogerpon-Wellspring-Tera, F, tera:Water
|-ability|p1a: Ogerpon|Embody Aspect (Wellspring)|boost
|-boost|p1a: Ogerpon|spd|1
|move|p1a: Ogerpon|Ivy Cudgel|p2a: Ogerpon|[anim] Ivy Cudgel Water
|-immune|p2a: Ogerpon|[from] ability: Water Absorb
|
|upkeep
|turn|12
|inactive|Gochan has 270 seconds left.
|inactive|doomge has 120 seconds left.
|
|t:|1776201075
|switch|p1a: Landorus|Landorus-Therian, M|100/100
|-damage|p1a: Landorus|88/100|[from] Stealth Rock
|-ability|p1a: Landorus|Intimidate|boost
|-unboost|p2a: Ogerpon|atk|1
|move|p2a: Ogerpon|Power Whip|p1a: Landorus
|-damage|p1a: Landorus|41/100
|-damage|p2a: Ogerpon|84/100|[from] item: Rocky Helmet|[of] p1a: Landorus
|
|upkeep
|turn|13
|inactive|doomge has 120 seconds left.
|
|t:|1776201091
|move|p2a: Ogerpon|Ivy Cudgel|p1a: Landorus|[anim] Ivy Cudgel Water
|-supereffective|p1a: Landorus
|-damage|p1a: Landorus|0 fnt
|faint|p1a: Landorus
|
|upkeep
|
|t:|1776201115
|switch|p1a: Kyurem|Kyurem|100/100
|-damage|p1a: Kyurem|76/100|[from] Stealth Rock
|-damage|p1a: Kyurem|63/100|[from] Spikes
|-ability|p1a: Kyurem|Pressure
|turn|14
|
|t:|1776201121
|switch|p2a: Gholdengo|Gholdengo|100/100
|-item|p2a: Gholdengo|Air Balloon
|move|p1a: Kyurem|Scale Shot|p2a: Gholdengo
|-resisted|p2a: Gholdengo
|-damage|p2a: Gholdengo|95/100
|-enditem|p2a: Gholdengo|Air Balloon
|-resisted|p2a: Gholdengo
|-damage|p2a: Gholdengo|89/100
|-resisted|p2a: Gholdengo
|-damage|p2a: Gholdengo|83/100
|-resisted|p2a: Gholdengo
|-damage|p2a: Gholdengo|78/100
|-resisted|p2a: Gholdengo
|-damage|p2a: Gholdengo|71/100
|-hitcount|p2a: Gholdengo|5
|-unboost|p1a: Kyurem|def|1
|-boost|p1a: Kyurem|spe|1
|
|upkeep
|turn|15
|
|t:|1776201130
|move|p1a: Kyurem|Earth Power|p2a: Gholdengo
|-supereffective|p2a: Gholdengo
|-damage|p2a: Gholdengo|4/100
|move|p2a: Gholdengo|Make It Rain|p1a: Kyurem
|-supereffective|p1a: Kyurem
|-damage|p1a: Kyurem|0 fnt
|-unboost|p2a: Gholdengo|spa|1
|faint|p1a: Kyurem
|
|upkeep
|
|t:|1776201143
|switch|p1a: Ogerpon|Ogerpon-Wellspring-Tera, F, tera:Water|76/100
|-damage|p1a: Ogerpon|64/100|[from] Stealth Rock
|-damage|p1a: Ogerpon|51/100|[from] Spikes
|-ability|p1a: Ogerpon|Embody Aspect (Wellspring)|boost
|-boost|p1a: Ogerpon|spd|1
|turn|16
|j| Viisamba
|
|t:|1776201167
|move|p1a: Ogerpon|Swords Dance|p1a: Ogerpon
|-boost|p1a: Ogerpon|atk|2
|move|p2a: Gholdengo|Thunderbolt|p1a: Ogerpon
|-supereffective|p1a: Ogerpon
|-damage|p1a: Ogerpon|13/100
|
|upkeep
|turn|17
|
|t:|1776201176
|move|p1a: Ogerpon|Trailblaze|p2a: Gholdengo
|-resisted|p2a: Gholdengo
|-damage|p2a: Gholdengo|0 fnt
|-boost|p1a: Ogerpon|spe|1
|faint|p2a: Gholdengo
|
|upkeep
|inactive|Gochan has 270 seconds left.
|
|t:|1776201206
|switch|p2a: Ogerpon|Ogerpon-Wellspring, F|84/100
|turn|18
|inactive|doomge has 120 seconds left.
|
|t:|1776201211
|move|p1a: Ogerpon|Play Rough|p2a: Ogerpon
|-damage|p2a: Ogerpon|0 fnt
|faint|p2a: Ogerpon
|
|upkeep
|
|t:|1776201216
|switch|p2a: Dragonite|Dragonite, F, tera:Ground|100/100
|turn|19
|c|☆Gochan|wp
|c|☆doomge|no es?
|
|t:|1776201231
|move|p1a: Ogerpon|Ivy Cudgel|p2a: Dragonite|[anim] Ivy Cudgel Water
|-supereffective|p2a: Dragonite
|-damage|p2a: Dragonite|0 fnt
|faint|p2a: Dragonite
|
|upkeep
|
|t:|1776201235
|switch|p2a: Great Tusk|Great Tusk|100/100
|-enditem|p2a: Great Tusk|Booster Energy
|-activate|p2a: Great Tusk|ability: Protosynthesis|[fromitem]
|-start|p2a: Great Tusk|protosynthesisspe
|turn|20
|
|t:|1776201239
|move|p1a: Ogerpon|Ivy Cudgel|p2a: Great Tusk|[anim] Ivy Cudgel Water
|-supereffective|p2a: Great Tusk
|-damage|p2a: Great Tusk|0 fnt
|faint|p2a: Great Tusk
|-end|p2a: Great Tusk|Protosynthesis|[silent]
|
|win|doomge
|c|☆doomge|gg
