|html|<div class="broadcast-blue"><strong>[Gen 9] OU is currently suspecting Tera Blast! For information on how to participate check out the <a href="https://www.smogon.com/tools/suspects/view/200">suspect thread</a>.</strong></div>
|j|☆Regina dei Fiori
|j|☆Flinch Burninand
|t:|1776088231
|gametype|singles
|player|p1|Regina dei Fiori|roxanne-masters|1380
|player|p2|Flinch Burninand|veteran|1357
|gen|9
|tier|[Gen 9] OU
|rated|
|rule|HP Percentage Mod: HP is shown in percentages
|rule|Endless Battle Clause: Forcing endless battles is banned
|rule|Species Clause: Limit one of each Pokémon
|rule|OHKO Clause: OHKO moves are banned
|rule|Evasion Items Clause: Evasion items are banned
|rule|Evasion Moves Clause: Evasion moves are banned
|rule|Evasion Abilities Clause: Evasion abilities are banned
|rule|Sleep Moves Clause: Sleep-inducing moves are banned
|clearpoke
|poke|p1|Cinderace, M|
|poke|p1|Kyurem|
|poke|p1|Gholdengo|
|poke|p1|Slither Wing|
|poke|p1|Zamazenta-*|
|poke|p1|Darkrai|
|poke|p2|Dragonite, M|
|poke|p2|Samurott-Hisui, M|
|poke|p2|Clefable, M|
|poke|p2|Gliscor, M|
|poke|p2|Gholdengo|
|poke|p2|Zamazenta-*|
|teampreview
|
|t:|1776088260
|teamsize|p1|6
|teamsize|p2|6
|start
|switch|p1a: Darkrai|Darkrai|100/100
|switch|p2a: Samurott|Samurott-Hisui, M|100/100
|turn|1
|
|t:|1776088265
|-terastallize|p1a: Darkrai|Poison
|move|p1a: Darkrai|Nasty Plot|p1a: Darkrai
|-boost|p1a: Darkrai|spa|2
|move|p2a: Samurott|Razor Shell|p1a: Darkrai
|-damage|p1a: Darkrai|31/100
|-enditem|p1a: Darkrai|Red Card|[of] p2a: Samurott
|drag|p2a: Dragonite|Dragonite, M|100/100
|
|upkeep
|turn|2
|inactive|Battle timer is ON: inactive players will automatically lose when time's up. (requested by Flinch Burninand)
|
|t:|1776088274
|move|p2a: Dragonite|Extreme Speed|p1a: Darkrai
|-damage|p1a: Darkrai|0 fnt
|faint|p1a: Darkrai
|
|upkeep
|
|t:|1776088278
|switch|p1a: Cinderace|Cinderace, M|100/100
|turn|3
|c|☆Flinch Burninand|wtf is wrong with you lol
|
|t:|1776088288
|switch|p2a: Zamazenta|Zamazenta|100/100
|-ability|p2a: Zamazenta|Dauntless Shield|boost
|-boost|p2a: Zamazenta|def|1
|move|p1a: Cinderace|Will-O-Wisp|p2a: Zamazenta
|-status|p2a: Zamazenta|brn
|
|-damage|p2a: Zamazenta|94/100 brn|[from] brn
|upkeep
|turn|4
|
|t:|1776088295
|move|p2a: Zamazenta|Iron Defense|p2a: Zamazenta
|-boost|p2a: Zamazenta|def|2
|move|p1a: Cinderace|U-turn|p2a: Zamazenta
|-resisted|p2a: Zamazenta
|-damage|p2a: Zamazenta|90/100 brn
|
|t:|1776088300
|switch|p1a: Gholdengo|Gholdengo|100/100|[from] U-turn
|-item|p1a: Gholdengo|Air Balloon
|
|-heal|p2a: Zamazenta|96/100 brn|[from] item: Leftovers
|-damage|p2a: Zamazenta|90/100 brn|[from] brn
|upkeep
|turn|5
|
|t:|1776088306
|switch|p2a: Samurott|Samurott-Hisui, M|100/100
|move|p1a: Gholdengo|Hex|p2a: Samurott
|-resisted|p2a: Samurott
|-damage|p2a: Samurott|90/100
|
|upkeep
|turn|6
|
|t:|1776088313
|move|p2a: Samurott|Ceaseless Edge|p1a: Gholdengo
|-supereffective|p1a: Gholdengo
|-crit|p1a: Gholdengo
|-damage|p1a: Gholdengo|10/100
|-enditem|p1a: Gholdengo|Air Balloon
|-sidestart|p1: Regina dei Fiori|Spikes
|move|p1a: Gholdengo|Thunder Wave|p2a: Samurott
|-status|p2a: Samurott|par
|
|upkeep
|turn|7
|
|t:|1776088320
|move|p1a: Gholdengo|Recover|p1a: Gholdengo
|-heal|p1a: Gholdengo|60/100
|move|p2a: Samurott|Knock Off|p1a: Gholdengo
|-supereffective|p1a: Gholdengo
|-damage|p1a: Gholdengo|17/100
|
|upkeep
|turn|8
|
|t:|1776088324
|move|p1a: Gholdengo|Recover|p1a: Gholdengo
|-heal|p1a: Gholdengo|67/100
|move|p2a: Samurott|Ceaseless Edge|p1a: Gholdengo
|-supereffective|p1a: Gholdengo
|-damage|p1a: Gholdengo|4/100
|-sidestart|p1: Regina dei Fiori|Spikes
|
|upkeep
|turn|9
|
|t:|1776088332
|move|p1a: Gholdengo|Recover|p1a: Gholdengo
|-heal|p1a: Gholdengo|55/100
|move|p2a: Samurott|Ceaseless Edge|p1a: Gholdengo
|-supereffective|p1a: Gholdengo
|-damage|p1a: Gholdengo|0 fnt
|-sidestart|p1: Regina dei Fiori|Spikes
|faint|p1a: Gholdengo
|
|upkeep
|
|t:|1776088335
|switch|p1a: Cinderace|Cinderace, M|100/100
|turn|10
|
|t:|1776088342
|move|p1a: Cinderace|Court Change|p1a: Cinderace
|-swapsideconditions
|-activate|p1a: Cinderace|move: Court Change
|cant|p2a: Samurott|par
|
|upkeep
|turn|11
|
|t:|1776088345
|move|p1a: Cinderace|U-turn|p2a: Samurott
|-supereffective|p2a: Samurott
|-damage|p2a: Samurott|41/100 par
|
|t:|1776088350
|switch|p1a: Slither Wing|Slither Wing, shiny|100/100|[from] U-turn
|-enditem|p1a: Slither Wing|Booster Energy
|-activate|p1a: Slither Wing|ability: Protosynthesis|[fromitem]
|-start|p1a: Slither Wing|protosynthesisatk
|move|p2a: Samurott|Ceaseless Edge|p1a: Slither Wing
|-resisted|p1a: Slither Wing
|-damage|p1a: Slither Wing|73/100
|-sidestart|p1: Regina dei Fiori|Spikes
|
|upkeep
|turn|12
|
|t:|1776088363
|move|p1a: Slither Wing|First Impression|p2a: Samurott
|-supereffective|p2a: Samurott
|-damage|p2a: Samurott|0 fnt
|faint|p2a: Samurott
|
|upkeep
|
|t:|1776088368
|switch|p2a: Clefable|Clefable, M|100/100
|turn|13
|
|t:|1776088371
|move|p1a: Slither Wing|U-turn|p2a: Clefable
|-resisted|p2a: Clefable
|-damage|p2a: Clefable|81/100
|-damage|p1a: Slither Wing|57/100|[from] item: Rocky Helmet|[of] p2a: Clefable
|
|t:|1776088375
|-end|p1a: Slither Wing|Protosynthesis|[silent]
|switch|p1a: Cinderace|Cinderace, M|100/100|[from] U-turn
|move|p2a: Clefable|Stealth Rock|p1a: Cinderace
|-sidestart|p1: Regina dei Fiori|move: Stealth Rock
|
|upkeep
|turn|14
|
|t:|1776088380
|move|p1a: Cinderace|Pyro Ball|p2a: Clefable
|-damage|p2a: Clefable|41/100
|move|p2a: Clefable|Knock Off|p1a: Cinderace
|-damage|p1a: Cinderace|81/100
|-enditem|p1a: Cinderace|Heavy-Duty Boots|[from] move: Knock Off|[of] p2a: Clefable
|
|upkeep
|turn|15
|
|t:|1776088393
|switch|p2a: Zamazenta|Zamazenta|90/100 brn
|-damage|p2a: Zamazenta|65/100 brn|[from] Spikes
|move|p1a: Cinderace|Pyro Ball|p2a: Zamazenta
|-damage|p2a: Zamazenta|16/100 brn
|
|-heal|p2a: Zamazenta|22/100 brn|[from] item: Leftovers
|-damage|p2a: Zamazenta|16/100 brn|[from] brn
|upkeep
|turn|16
|
|t:|1776088399
|move|p1a: Cinderace|Pyro Ball|p2a: Zamazenta
|-damage|p2a: Zamazenta|0 fnt
|faint|p2a: Zamazenta
|
|upkeep
|
|t:|1776088407
|switch|p2a: Dragonite|Dragonite, M|100/100
|turn|17
|
|t:|1776088410
|move|p1a: Cinderace|Will-O-Wisp|p2a: Dragonite|[miss]
|-miss|p1a: Cinderace|p2a: Dragonite
|move|p2a: Dragonite|Dragon Dance|p2a: Dragonite
|-boost|p2a: Dragonite|atk|1
|-boost|p2a: Dragonite|spe|1
|
|upkeep
|turn|18
|
|t:|1776088416
|-terastallize|p2a: Dragonite|Normal
|move|p2a: Dragonite|Extreme Speed|p1a: Cinderace
|-damage|p1a: Cinderace|0 fnt
|faint|p1a: Cinderace
|
|upkeep
|
|t:|1776088421
|switch|p1a: Zamazenta|Zamazenta, shiny|100/100
|-damage|p1a: Zamazenta|88/100|[from] Spikes
|-damage|p1a: Zamazenta|82/100|[from] Stealth Rock
|-ability|p1a: Zamazenta|Dauntless Shield|boost
|-boost|p1a: Zamazenta|def|1
|turn|19
|
|t:|1776088426
|move|p2a: Dragonite|Extreme Speed|p1a: Zamazenta
|-damage|p1a: Zamazenta|35/100
|move|p1a: Zamazenta|Close Combat|p2a: Dragonite
|-supereffective|p2a: Dragonite
|-damage|p2a: Dragonite|15/100
|-unboost|p1a: Zamazenta|def|1
|-unboost|p1a: Zamazenta|spd|1
|-damage|p1a: Zamazenta|25/100|[from] item: Life Orb
|
|upkeep
|turn|20
|
|t:|1776088432
|move|p2a: Dragonite|Extreme Speed|p1a: Zamazenta
|-damage|p1a: Zamazenta|0 fnt
|faint|p1a: Zamazenta
|
|upkeep
|
|t:|1776088434
|switch|p1a: Slither Wing|Slither Wing, shiny|57/100
|-damage|p1a: Slither Wing|44/100|[from] Spikes
|-damage|p1a: Slither Wing|32/100|[from] Stealth Rock
|turn|21
|c|☆Flinch Burninand|!dt first impression
|c|☆Flinch Burninand|/raw <ul class="utilichart"><li class="result"><span class="col movenamecol"><a href="https://dex.pokemonshowdown.com/moves/firstimpression">First Impression</a></span> <span class="col typecol"><img src="//play.pokemonshowdown.com/sprites/types/Bug.png" alt="Bug" width="32" height="14"><img src="//play.pokemonshowdown.com/sprites/categories/Physical.png" alt="Physical" width="32" height="14"></span> <span class="col labelcol"><em>Power</em><br>90</span> <span class="col widelabelcol"><em>Accuracy</em><br>100%</span> <span class="col pplabelcol"><em>PP</em><br>16</span> <span class="col movedesccol">Nearly always goes first. First turn out only.</span> </li><li style="clear:both"></li></ul>
|c|☆Flinch Burninand|/raw <font size="1"><font color="#686868">Priority:</font> 2&nbsp;|&ThickSpace;<font color="#686868">Gen:</font> 7&nbsp;|&ThickSpace;&#10003; Contact&nbsp;|&ThickSpace;<font color="#686868">Z-Power:</font> 175&nbsp;|&ThickSpace;<font color="#686868">Target:</font> One Adjacent Pokémon</font>

|
|t:|1776088446
|move|p2a: Dragonite|Extreme Speed|p1a: Slither Wing
|-damage|p1a: Slither Wing|0 fnt
|faint|p1a: Slither Wing
|-end|p1a: Slither Wing|Protosynthesis|[silent]
|
|upkeep
|
|t:|1776088448
|switch|p1a: Kyurem|Kyurem, shiny|100/100
|-damage|p1a: Kyurem|88/100|[from] Spikes
|-damage|p1a: Kyurem|63/100|[from] Stealth Rock
|-ability|p1a: Kyurem|Pressure
|turn|22
|c|☆Flinch Burninand|get fucked
|
|t:|1776088453
|move|p2a: Dragonite|Extreme Speed|p1a: Kyurem
|-damage|p1a: Kyurem|0 fnt
|faint|p1a: Kyurem
|
|win|Flinch Burninand
