|html|<div class="broadcast-blue"><strong>[Gen 9] OU is currently suspecting Tera Blast! For information on how to participate check out the <a href="https://www.smogon.com/tools/suspects/view/200">suspect thread</a>.</strong></div>
|j|☆TheCornerCryr
|j|☆fautser
|t:|1776334346
|gametype|singles
|player|p1|TheCornerCryr|101|1147
|player|p2|fautser|kimonogirl|1142
|gen|9
|tier|[Gen 9] OU
|rated|
|rule|HP Percentage Mod: HP is shown in percentages
|rule|Endless Battle Clause: Forcing endless battles is banned
|rule|Species Clause: Limit one of each Pokémon
|rule|OHKO Clause: OHKO moves are banned
|rule|Evasion Items Clause: Evasion items are banned
|rule|Evasion Moves Clause: Evasion moves are banned
|rule|Evasion Abilities Clause: Evasion abilities are banned
|rule|Sleep Moves Clause: Sleep-inducing moves are banned
|clearpoke
|poke|p1|Landorus-Therian, M|
|poke|p1|Blaziken, M|
|poke|p1|Meowscarada, F|
|poke|p1|Dragapult, M|
|poke|p1|Walking Wake|
|poke|p1|Iron Moth|
|poke|p2|Zamazenta-*|
|poke|p2|Darkrai|
|poke|p2|Landorus-Therian, M|
|poke|p2|Glimmora, F|
|poke|p2|Rillaboom, F|
|poke|p2|Dragonite, F|
|teampreview
|
|t:|1776334368
|teamsize|p1|6
|teamsize|p2|6
|start
|switch|p1a: Landorus|Landorus-Therian, M|100/100
|switch|p2a: Glimmora|Glimmora, F|100/100
|-item|p2a: Glimmora|Air Balloon
|-ability|p1a: Landorus|Intimidate|boost
|-unboost|p2a: Glimmora|atk|1
|turn|1
|
|t:|1776334378
|move|p2a: Glimmora|Stealth Rock|p1a: Landorus
|-sidestart|p1: TheCornerCryr|move: Stealth Rock
|move|p1a: Landorus|Sunny Day|p1a: Landorus
|-weather|SunnyDay
|
|-weather|SunnyDay|[upkeep]
|upkeep
|turn|2
|
|t:|1776334391
|move|p2a: Glimmora|Mortal Spin|p1a: Landorus
|-resisted|p1a: Landorus
|-damage|p1a: Landorus|98/100
|-status|p1a: Landorus|psn
|move|p1a: Landorus|Stone Edge|p2a: Glimmora
|-damage|p2a: Glimmora|56/100
|-activate|p2a: Glimmora|ability: Toxic Debris
|-sidestart|p1: TheCornerCryr|move: Toxic Spikes
|-enditem|p2a: Glimmora|Air Balloon
|
|-weather|SunnyDay|[upkeep]
|-damage|p1a: Landorus|86/100 psn|[from] psn
|upkeep
|turn|3
|
|t:|1776334415
|switch|p2a: Rillaboom|Rillaboom, F|100/100
|-fieldstart|move: Grassy Terrain|[from] ability: Grassy Surge|[of] p2a: Rillaboom
|move|p1a: Landorus|Earthquake|p2a: Rillaboom
|-resisted|p2a: Rillaboom
|-damage|p2a: Rillaboom|86/100
|
|-weather|SunnyDay|[upkeep]
|-heal|p2a: Rillaboom|92/100|[from] Grassy Terrain
|-damage|p1a: Landorus|74/100 psn|[from] psn
|upkeep
|turn|4
|
|t:|1776334428
|move|p1a: Landorus|U-turn|p2a: Rillaboom
|-supereffective|p2a: Rillaboom
|-damage|p2a: Rillaboom|37/100
|inactive|Battle timer is ON: inactive players will automatically lose when time's up. (requested by fautser)
|
|t:|1776334470
|switch|p1a: Iron Moth|Iron Moth|100/100|[from] U-turn
|-damage|p1a: Iron Moth|76/100|[from] Stealth Rock
|-item|p1a: Iron Moth|Air Balloon
|move|p2a: Rillaboom|Wood Hammer|p1a: Iron Moth
|-resisted|p1a: Iron Moth
|-damage|p1a: Iron Moth|25/100
|-enditem|p1a: Iron Moth|Air Balloon
|-damage|p2a: Rillaboom|23/100|[from] Recoil
|
|-weather|SunnyDay|[upkeep]
|-heal|p1a: Iron Moth|31/100|[from] Grassy Terrain
|-heal|p2a: Rillaboom|29/100|[from] Grassy Terrain
|upkeep
|turn|5
|inactive|TheCornerCryr has 120 seconds left.
|inactive|fautser has 120 seconds left.
|
|t:|1776334522
|switch|p2a: Glimmora|Glimmora, F|56/100
|move|p1a: Iron Moth|Fiery Dance|p2a: Glimmora
|-resisted|p2a: Glimmora
|-damage|p2a: Glimmora|16/100
|
|-weather|SunnyDay|[upkeep]
|-heal|p1a: Iron Moth|37/100|[from] Grassy Terrain
|-heal|p2a: Glimmora|23/100|[from] Grassy Terrain
|upkeep
|turn|6
|inactive|fautser has 120 seconds left.
|
|t:|1776334540
|switch|p2a: Dragonite|Dragonite, F|100/100
|move|p1a: Iron Moth|Fiery Dance|p2a: Dragonite
|-resisted|p2a: Dragonite
|-damage|p2a: Dragonite|82/100
|
|-weather|SunnyDay|[upkeep]
|-heal|p1a: Iron Moth|43/100|[from] Grassy Terrain
|upkeep
|turn|7
|inactive|fautser has 120 seconds left.
|inactive|TheCornerCryr has 90 seconds left.
|
|t:|1776334576
|move|p1a: Iron Moth|Fiery Dance|p2a: Dragonite
|-resisted|p2a: Dragonite
|-damage|p2a: Dragonite|42/100
|-boost|p1a: Iron Moth|spa|1
|move|p2a: Dragonite|Earthquake|p1a: Iron Moth
|-supereffective|p1a: Iron Moth
|-damage|p1a: Iron Moth|0 fnt
|faint|p1a: Iron Moth
|-end|p1a: Iron Moth|Quark Drive|[silent]
|
|-weather|SunnyDay|[upkeep]
|-fieldend|move: Grassy Terrain
|upkeep
|
|t:|1776334584
|switch|p1a: Walking Wake|Walking Wake|100/100
|-damage|p1a: Walking Wake|88/100|[from] Stealth Rock
|-item|p1a: Walking Wake|Air Balloon
|-activate|p1a: Walking Wake|ability: Protosynthesis
|-start|p1a: Walking Wake|protosynthesisspa
|turn|8
|inactive|fautser has 120 seconds left.
|inactive|fautser has 90 seconds left.
|c|☆TheCornerCryr|mb im in bio
|
|t:|1776334641
|move|p1a: Walking Wake|Weather Ball|p2a: Dragonite
|-resisted|p2a: Dragonite
|-damage|p2a: Dragonite|6/100
|move|p2a: Dragonite|Encore|p1a: Walking Wake
|-start|p1a: Walking Wake|Encore
|
|-weather|none
|-end|p1a: Walking Wake|Protosynthesis
|upkeep
|turn|9
|
|t:|1776334665
|move|p1a: Walking Wake|Weather Ball|p2a: Dragonite
|-damage|p2a: Dragonite|0 fnt
|faint|p2a: Dragonite
|
|upkeep
|inactive|fautser has 60 seconds left.
|
|t:|1776334687
|switch|p2a: Zamazenta|Zamazenta|100/100
|-ability|p2a: Zamazenta|Dauntless Shield|boost
|-boost|p2a: Zamazenta|def|1
|turn|10
|inactive|TheCornerCryr has 60 seconds left.
|
|t:|1776334715
|-end|p1a: Walking Wake|Protosynthesis|[silent]
|switch|p1a: Dragapult|Dragapult, M|100/100
|-damage|p1a: Dragapult|88/100|[from] Stealth Rock
|-status|p1a: Dragapult|psn
|move|p2a: Zamazenta|Body Press|p1a: Dragapult
|-immune|p1a: Dragapult
|
|-damage|p1a: Dragapult|76/100 psn|[from] psn
|upkeep
|turn|11
|inactive|TheCornerCryr has 60 seconds left.
|inactive|fautser has 60 seconds left.
|
|t:|1776334735
|-terastallize|p2a: Zamazenta|Steel
|move|p1a: Dragapult|Dragon Dance|p1a: Dragapult
|-boost|p1a: Dragapult|atk|1
|-boost|p1a: Dragapult|spe|1
|move|p2a: Zamazenta|Heavy Slam|p1a: Dragapult
|-damage|p1a: Dragapult|25/100 psn
|
|-damage|p1a: Dragapult|13/100 psn|[from] psn
|upkeep
|turn|12
|inactive|TheCornerCryr has 30 seconds left.
|
|t:|1776334761
|move|p1a: Dragapult|Dragon Darts|p2a: Zamazenta
|-resisted|p2a: Zamazenta
|-damage|p2a: Zamazenta|90/100
|-anim|p1a: Dragapult|Dragon Darts|p2a: Zamazenta
|-resisted|p2a: Zamazenta
|-damage|p2a: Zamazenta|81/100
|move|p2a: Zamazenta|Heavy Slam|p1a: Dragapult
|-damage|p1a: Dragapult|0 fnt
|faint|p1a: Dragapult
|
|-heal|p2a: Zamazenta|87/100|[from] item: Leftovers
|upkeep
|inactive|TheCornerCryr has 30 seconds left.
|inactive|TheCornerCryr has 20 seconds left.
|inactive|TheCornerCryr has 15 seconds left.
|inactive|TheCornerCryr has 10 seconds left.
|inactive|TheCornerCryr has 5 seconds left.
|
|t:|1776334794
|switch|p1a: Landorus|Landorus-Therian, M|74/100 psn
|-damage|p1a: Landorus|62/100 psn|[from] Stealth Rock
|-ability|p1a: Landorus|Intimidate|boost
|-unboost|p2a: Zamazenta|atk|1
|turn|13
|inactive|TheCornerCryr has 15 seconds left this turn.
|
|t:|1776334808
|move|p1a: Landorus|Sunny Day|p1a: Landorus
|-weather|SunnyDay
|move|p2a: Zamazenta|Roar|p1a: Landorus
|drag|p1a: Walking Wake|Walking Wake|88/100
|-damage|p1a: Walking Wake|76/100|[from] Stealth Rock
|-item|p1a: Walking Wake|Air Balloon
|-activate|p1a: Walking Wake|ability: Protosynthesis
|-start|p1a: Walking Wake|protosynthesisspa
|
|-weather|SunnyDay|[upkeep]
|-heal|p2a: Zamazenta|93/100|[from] item: Leftovers
|upkeep
|turn|14
|inactive|TheCornerCryr has 25 seconds left this turn.
|inactive|TheCornerCryr has 20 seconds left.
|inactive|fautser has 60 seconds left.
|
|t:|1776334844
|switch|p2a: Glimmora|Glimmora, F|23/100
|move|p1a: Walking Wake|Weather Ball|p2a: Glimmora
|-resisted|p2a: Glimmora
|-damage|p2a: Glimmora|0 fnt
|faint|p2a: Glimmora
|
|-weather|SunnyDay|[upkeep]
|upkeep
|
|t:|1776334855
|switch|p2a: Landorus|Landorus-Therian, M|100/100
|-ability|p2a: Landorus|Intimidate|boost
|-unboost|p1a: Walking Wake|atk|1
|turn|15
|inactive|TheCornerCryr has 30 seconds left.
|
|t:|1776334867
|move|p1a: Walking Wake|Hydro Steam|p2a: Landorus
|-supereffective|p2a: Landorus
|-damage|p2a: Landorus|0 fnt
|faint|p2a: Landorus
|
|-weather|SunnyDay|[upkeep]
|upkeep
|
|t:|1776334873
|switch|p2a: Darkrai|Darkrai|100/100
|turn|16
|inactive|TheCornerCryr has 30 seconds left.
|
|t:|1776334885
|move|p2a: Darkrai|Dark Pulse|p1a: Walking Wake
|-damage|p1a: Walking Wake|33/100
|-enditem|p1a: Walking Wake|Air Balloon
|cant|p1a: Walking Wake|flinch
|
|-weather|SunnyDay|[upkeep]
|upkeep
|turn|17
|inactive|TheCornerCryr has 30 seconds left.
|
|t:|1776334900
|move|p2a: Darkrai|Dark Pulse|p1a: Walking Wake
|-damage|p1a: Walking Wake|0 fnt
|faint|p1a: Walking Wake
|-end|p1a: Walking Wake|Protosynthesis|[silent]
|
|-weather|SunnyDay|[upkeep]
|upkeep
|inactive|TheCornerCryr has 30 seconds left this turn.
|
|t:|1776334908
|switch|p1a: Blaziken|Blaziken, M|100/100
|-damage|p1a: Blaziken|88/100|[from] Stealth Rock
|-status|p1a: Blaziken|psn
|turn|18
|inactive|fautser has 60 seconds left.
|
|t:|1776334928
|move|p2a: Darkrai|Focus Blast|p1a: Blaziken
|-damage|p1a: Blaziken|37/100 psn
|move|p1a: Blaziken|Close Combat|p2a: Darkrai
|-supereffective|p2a: Darkrai
|-damage|p2a: Darkrai|0 fnt
|-unboost|p1a: Blaziken|def|1
|-unboost|p1a: Blaziken|spd|1
|faint|p2a: Darkrai
|-damage|p1a: Blaziken|27/100 psn|[from] item: Life Orb
|
|-weather|SunnyDay|[upkeep]
|-damage|p1a: Blaziken|15/100 psn|[from] psn
|-ability|p1a: Blaziken|Speed Boost|boost
|-boost|p1a: Blaziken|spe|1
|upkeep
|
|t:|1776334944
|switch|p2a: Rillaboom|Rillaboom, F|29/100
|-fieldstart|move: Grassy Terrain|[from] ability: Grassy Surge|[of] p2a: Rillaboom
|turn|19
|inactive|TheCornerCryr has 30 seconds left.
|
|t:|1776334965
|move|p2a: Rillaboom|Grassy Glide|p1a: Blaziken
|-resisted|p1a: Blaziken
|-damage|p1a: Blaziken|0 fnt
|faint|p1a: Blaziken
|
|-weather|SunnyDay|[upkeep]
|-heal|p2a: Rillaboom|35/100|[from] Grassy Terrain
|upkeep
|inactive|TheCornerCryr has 30 seconds left.
|
|t:|1776334973
|switch|p1a: Landorus|Landorus-Therian, M|62/100 psn
|-damage|p1a: Landorus|49/100 psn|[from] Stealth Rock
|-ability|p1a: Landorus|Intimidate|boost
|-unboost|p2a: Rillaboom|atk|1
|turn|20
|inactive|fautser has 60 seconds left.
|
|t:|1776334992
|move|p2a: Rillaboom|Grassy Glide|p1a: Landorus
|-damage|p1a: Landorus|5/100 psn
|move|p1a: Landorus|U-turn|p2a: Rillaboom
|-supereffective|p2a: Rillaboom
|-damage|p2a: Rillaboom|0 fnt
|faint|p2a: Rillaboom
|
|t:|1776334998
|switch|p1a: Meowscarada|Meowscarada, F|100/100|[from] U-turn
|-damage|p1a: Meowscarada|88/100|[from] Stealth Rock
|-status|p1a: Meowscarada|psn
|
|-weather|none
|-heal|p1a: Meowscarada|94/100 psn|[from] Grassy Terrain
|-damage|p1a: Meowscarada|82/100 psn|[from] psn
|upkeep
|
|t:|1776335007
|switch|p2a: Zamazenta|Zamazenta, tera:Steel|93/100
|turn|21
|inactive|fautser has 60 seconds left.
|
|t:|1776335020
|move|p2a: Zamazenta|Body Press|p1a: Meowscarada
|-supereffective|p1a: Meowscarada
|-damage|p1a: Meowscarada|0 fnt
|faint|p1a: Meowscarada
|
|-heal|p2a: Zamazenta|99/100|[from] Grassy Terrain
|-heal|p2a: Zamazenta|100/100|[from] item: Leftovers
|upkeep
|
|t:|1776335031
|switch|p1a: Landorus|Landorus-Therian, M|5/100 psn
|-damage|p1a: Landorus|0 fnt|[from] Stealth Rock
|faint|p1a: Landorus
|
|win|fautser
|raw|TheCornerCryr's rating: 1147 &rarr; <strong>1122</strong><br />(-25 for losing)
|raw|fautser's rating: 1142 &rarr; <strong>1167</strong><br />(+25 for winning)
|c|☆TheCornerCryr|gg
|l|☆TheCornerCryr
|player|p1|
