|html|<div class="broadcast-blue"><strong>[Gen 9] OU is currently suspecting Tera Blast! For information on how to participate check out the <a href="https://www.smogon.com/tools/suspects/view/200">suspect thread</a>.</strong></div>
|j|☆zoiks
|j|☆wasp_dalek
|t:|1776103280
|gametype|singles
|player|p1|zoiks|2|1261
|player|p2|wasp_dalek|101|1304
|gen|9
|tier|[Gen 9] OU
|rated|
|rule|HP Percentage Mod: HP is shown in percentages
|rule|Endless Battle Clause: Forcing endless battles is banned
|rule|Species Clause: Limit one of each Pokémon
|rule|OHKO Clause: OHKO moves are banned
|rule|Evasion Items Clause: Evasion items are banned
|rule|Evasion Moves Clause: Evasion moves are banned
|rule|Evasion Abilities Clause: Evasion abilities are banned
|rule|Sleep Moves Clause: Sleep-inducing moves are banned
|clearpoke
|poke|p1|Ting-Lu|
|poke|p1|Zamazenta-*|
|poke|p1|Ogerpon-Wellspring, F|
|poke|p1|Dragonite, F|
|poke|p1|Gholdengo|
|poke|p1|Iron Treads|
|poke|p2|Dragonite, M|
|poke|p2|Lapras, F|
|poke|p2|Primeape, F|
|poke|p2|Snorlax, F|
|poke|p2|Mew|
|poke|p2|Venusaur, F|
|teampreview
|inactive|Battle timer is ON: inactive players will automatically lose when time's up. (requested by zoiks)
|c|☆zoiks|glhf
|
|t:|1776103288
|teamsize|p1|6
|teamsize|p2|6
|start
|switch|p1a: Ting-Lu|Ting-Lu|100/100
|switch|p2a: Mew|Mew|100/100
|-ability|p1a: Ting-Lu|Vessel of Ruin
|turn|1
|
|t:|1776103295
|move|p2a: Mew|Trick|p1a: Ting-Lu
|-activate|p2a: Mew|move: Trick|[of] p1a: Ting-Lu
|-item|p1a: Ting-Lu|Choice Scarf|[from] move: Trick
|-item|p2a: Mew|Red Card|[from] move: Trick
|move|p1a: Ting-Lu|Stealth Rock|p2a: Mew
|-sidestart|p2: wasp_dalek|move: Stealth Rock
|
|upkeep
|turn|2
|
|t:|1776103306
|switch|p1a: Gholdengo|Gholdengo|100/100
|move|p2a: Mew|Stealth Rock|p1a: Gholdengo
|-sidestart|p1: zoiks|move: Stealth Rock
|
|upkeep
|turn|3
|
|t:|1776103318
|move|p1a: Gholdengo|Shadow Ball|p2a: Mew
|-supereffective|p2a: Mew
|-damage|p2a: Mew|28/100
|-enditem|p2a: Mew|Red Card|[of] p1a: Gholdengo
|drag|p1a: Zamazenta|Zamazenta|100/100
|-damage|p1a: Zamazenta|94/100|[from] Stealth Rock
|-ability|p1a: Zamazenta|Dauntless Shield|boost
|-boost|p1a: Zamazenta|def|1
|move|p2a: Mew|Roar|p1a: Zamazenta
|drag|p1a: Ting-Lu|Ting-Lu|100/100
|-damage|p1a: Ting-Lu|94/100|[from] Stealth Rock
|-ability|p1a: Ting-Lu|Vessel of Ruin
|
|upkeep
|turn|4
|
|t:|1776103331
|move|p2a: Mew|Transform|p1a: Ting-Lu
|-transform|p2a: Mew|p1a: Ting-Lu
|-ability|p2a: Mew|Vessel of Ruin
|move|p1a: Ting-Lu|Spikes|p2a: Mew
|-sidestart|p2: wasp_dalek|Spikes
|
|upkeep
|turn|5
|
|t:|1776103355
|move|p1a: Ting-Lu|Spikes|p2a: Mew
|-sidestart|p2: wasp_dalek|Spikes
|move|p2a: Mew|Ruination|p1a: Ting-Lu
|-damage|p1a: Ting-Lu|48/100
|
|upkeep
|turn|6
|
|t:|1776103361
|move|p1a: Ting-Lu|Spikes|p2a: Mew
|-sidestart|p2: wasp_dalek|Spikes
|move|p2a: Mew|Whirlwind|p1a: Ting-Lu
|drag|p1a: Zamazenta|Zamazenta|94/100
|-damage|p1a: Zamazenta|88/100|[from] Stealth Rock
|
|-heal|p1a: Zamazenta|94/100|[from] item: Leftovers
|upkeep
|turn|7
|
|t:|1776103368
|move|p1a: Zamazenta|Body Press|p2a: Mew
|-supereffective|p2a: Mew
|-crit|p2a: Mew
|-damage|p2a: Mew|0 fnt
|faint|p2a: Mew
|
|-heal|p1a: Zamazenta|100/100|[from] item: Leftovers
|upkeep
|
|t:|1776103374
|switch|p2a: Primeape|Primeape, F|100/100
|-damage|p2a: Primeape|95/100|[from] Stealth Rock
|-damage|p2a: Primeape|70/100|[from] Spikes
|turn|8
|
|t:|1776103384
|move|p1a: Zamazenta|Iron Defense|p1a: Zamazenta
|-boost|p1a: Zamazenta|def|2
|move|p2a: Primeape|Bulk Up|p2a: Primeape
|-boost|p2a: Primeape|atk|1
|-boost|p2a: Primeape|def|1
|
|upkeep
|turn|9
|
|t:|1776103391
|-terastallize|p2a: Primeape|Ghost
|move|p1a: Zamazenta|Iron Defense|p1a: Zamazenta
|-boost|p1a: Zamazenta|def|2
|move|p2a: Primeape|Bulk Up|p2a: Primeape
|-boost|p2a: Primeape|atk|1
|-boost|p2a: Primeape|def|1
|
|upkeep
|turn|10
|
|t:|1776103399
|move|p1a: Zamazenta|Iron Defense|p1a: Zamazenta
|-boost|p1a: Zamazenta|def|2
|move|p2a: Primeape|Taunt|p1a: Zamazenta
|-start|p1a: Zamazenta|move: Taunt
|
|upkeep
|turn|11
|
|t:|1776103404
|move|p1a: Zamazenta|Crunch|p2a: Primeape
|-supereffective|p2a: Primeape
|-damage|p2a: Primeape|55/100
|move|p2a: Primeape|Bulk Up|p2a: Primeape
|-boost|p2a: Primeape|atk|1
|-boost|p2a: Primeape|def|1
|
|upkeep
|turn|12
|
|t:|1776103412
|move|p1a: Zamazenta|Crunch|p2a: Primeape
|-supereffective|p2a: Primeape
|-damage|p2a: Primeape|43/100
|move|p2a: Primeape|Drain Punch|p1a: Zamazenta
|-damage|p1a: Zamazenta|87/100
|-heal|p2a: Primeape|50/100|[from] drain|[of] p1a: Zamazenta
|
|-heal|p1a: Zamazenta|93/100|[from] item: Leftovers
|upkeep
|turn|13
|
|t:|1776103420
|move|p1a: Zamazenta|Crunch|p2a: Primeape
|-supereffective|p2a: Primeape
|-damage|p2a: Primeape|38/100
|move|p2a: Primeape|Bulk Up|p2a: Primeape
|-boost|p2a: Primeape|atk|1
|-boost|p2a: Primeape|def|1
|
|-heal|p1a: Zamazenta|99/100|[from] item: Leftovers
|-end|p1a: Zamazenta|move: Taunt
|upkeep
|turn|14
|
|t:|1776103429
|move|p2a: Primeape|Taunt|p1a: Zamazenta
|-start|p1a: Zamazenta|move: Taunt
|cant|p1a: Zamazenta|move: Taunt|Roar
|
|-heal|p1a: Zamazenta|100/100|[from] item: Leftovers
|upkeep
|turn|15
|
|t:|1776103434
|move|p1a: Zamazenta|Crunch|p2a: Primeape
|-supereffective|p2a: Primeape
|-damage|p2a: Primeape|27/100
|move|p2a: Primeape|Bulk Up|p2a: Primeape
|-boost|p2a: Primeape|atk|1
|-boost|p2a: Primeape|def|1
|
|upkeep
|turn|16
|
|t:|1776103441
|move|p1a: Zamazenta|Crunch|p2a: Primeape
|-supereffective|p2a: Primeape
|-damage|p2a: Primeape|19/100
|-unboost|p2a: Primeape|def|1
|-ability|p2a: Primeape|Defiant|boost
|-boost|p2a: Primeape|atk|1
|move|p2a: Primeape|Drain Punch|p1a: Zamazenta
|-damage|p1a: Zamazenta|79/100
|-heal|p2a: Primeape|30/100|[from] drain|[of] p1a: Zamazenta
|
|-heal|p1a: Zamazenta|85/100|[from] item: Leftovers
|-end|p1a: Zamazenta|move: Taunt
|upkeep
|turn|17
|
|t:|1776103454
|move|p1a: Zamazenta|Crunch|p2a: Primeape
|-supereffective|p2a: Primeape
|-damage|p2a: Primeape|19/100
|move|p2a: Primeape|Taunt|p1a: Zamazenta
|-start|p1a: Zamazenta|move: Taunt
|
|-heal|p1a: Zamazenta|91/100|[from] item: Leftovers
|upkeep
|turn|18
|c|☆wasp_dalek|Want to see a magic trick?
|c|☆zoiks|rage fist...
|
|t:|1776103475
|move|p1a: Zamazenta|Crunch|p2a: Primeape
|-supereffective|p2a: Primeape
|-damage|p2a: Primeape|8/100
|move|p2a: Primeape|Rage Fist|p1a: Zamazenta
|-damage|p1a: Zamazenta|0 fnt
|faint|p1a: Zamazenta
|
|upkeep
|
|t:|1776103485
|switch|p1a: Gholdengo|Gholdengo|100/100
|-damage|p1a: Gholdengo|94/100|[from] Stealth Rock
|turn|19
|
|t:|1776103489
|move|p1a: Gholdengo|Shadow Ball|p2a: Primeape
|-supereffective|p2a: Primeape
|-damage|p2a: Primeape|0 fnt
|faint|p2a: Primeape
|
|upkeep
|
|t:|1776103496
|switch|p2a: Snorlax|Snorlax, F|100/100
|-damage|p2a: Snorlax|88/100|[from] Stealth Rock
|-damage|p2a: Snorlax|63/100|[from] Spikes
|turn|20
|
|t:|1776103500
|switch|p1a: Iron Treads|Iron Treads|100/100
|-damage|p1a: Iron Treads|97/100|[from] Stealth Rock
|-item|p1a: Iron Treads|Air Balloon
|move|p2a: Snorlax|Crunch|p1a: Iron Treads
|-damage|p1a: Iron Treads|74/100
|-enditem|p1a: Iron Treads|Air Balloon
|
|upkeep
|turn|21
|
|t:|1776103509
|move|p1a: Iron Treads|Rapid Spin|p2a: Snorlax
|-damage|p2a: Snorlax|50/100
|-boost|p1a: Iron Treads|spe|1
|-sideend|p1: zoiks|Stealth Rock|[from] move: Rapid Spin|[of] p1a: Iron Treads
|move|p2a: Snorlax|Earthquake|p1a: Iron Treads
|-supereffective|p1a: Iron Treads
|-damage|p1a: Iron Treads|10/100
|
|upkeep
|turn|22
|
|t:|1776103519
|-end|p1a: Iron Treads|Quark Drive|[silent]
|switch|p1a: Dragonite|Dragonite, F|100/100
|move|p2a: Snorlax|Earthquake|p1a: Dragonite
|-immune|p1a: Dragonite
|
|upkeep
|turn|23
|
|t:|1776103529
|switch|p2a: Lapras|Lapras, F|100/100
|-damage|p2a: Lapras|76/100|[from] Stealth Rock
|-damage|p2a: Lapras|51/100|[from] Spikes
|move|p1a: Dragonite|Dragon Dance|p1a: Dragonite
|-boost|p1a: Dragonite|atk|1
|-boost|p1a: Dragonite|spe|1
|
|upkeep
|turn|24
|
|t:|1776103542
|-terastallize|p1a: Dragonite|Fairy
|move|p1a: Dragonite|Dragon Dance|p1a: Dragonite
|-boost|p1a: Dragonite|atk|1
|-boost|p1a: Dragonite|spe|1
|move|p2a: Lapras|Icicle Spear|p1a: Dragonite
|-damage|p1a: Dragonite|97/100
|-damage|p1a: Dragonite|89/100
|-damage|p1a: Dragonite|81/100
|-damage|p1a: Dragonite|73/100
|-hitcount|p1a: Dragonite|4
|
|upkeep
|turn|25
|
|t:|1776103553
|move|p1a: Dragonite|Tera Blast|p2a: Lapras|[anim] Tera Blast Fairy
|-damage|p2a: Lapras|0 fnt
|faint|p2a: Lapras
|
|upkeep
|
|t:|1776103558
|switch|p2a: Snorlax|Snorlax, F|50/100
|-damage|p2a: Snorlax|38/100|[from] Stealth Rock
|-damage|p2a: Snorlax|13/100|[from] Spikes
|turn|26
|-message|wasp_dalek forfeited.
|
|win|zoiks
|raw|zoiks's rating: 1261 &rarr; <strong>1289</strong><br />(+28 for winning)
|raw|wasp_dalek's rating: 1304 &rarr; <strong>1282</strong><br />(-22 for losing)
|l|☆wasp_dalek
|player|p2|
|c|☆zoiks|gg
|l|☆zoiks
|player|p1|
