|html|<div class="broadcast-blue"><strong>[Gen 9] OU is currently suspecting Volcarona! For information on how to participate check out the <a href="https://www.smogon.com/tools/suspects/view/208">suspect thread</a>.</strong></div>
|j|☆MassholeFlatlander
|j|☆crankyghost
|t:|1778498066
|gametype|singles
|player|p1|MassholeFlatlander|n|1124
|player|p2|crankyghost|2|1183
|gen|9
|tier|[Gen 9] OU
|rated|
|rule|HP Percentage Mod: HP is shown in percentages
|rule|Endless Battle Clause: Forcing endless battles is banned
|rule|Species Clause: Limit one of each Pokémon
|rule|OHKO Clause: OHKO moves are banned
|rule|Evasion Items Clause: Evasion items are banned
|rule|Evasion Moves Clause: Evasion moves are banned
|rule|Evasion Abilities Clause: Evasion abilities are banned
|rule|Sleep Moves Clause: Sleep-inducing moves are banned
|clearpoke
|poke|p1|Avalugg, M|
|poke|p1|Basculegion-F, F|
|poke|p1|Wo-Chien|
|poke|p1|Minior-Blue|
|poke|p1|Poliwrath, M|
|poke|p1|Flamigo, F|
|poke|p2|Kingambit, M|
|poke|p2|Walking Wake|
|poke|p2|Cinderace, F|
|poke|p2|Grimmsnarl, M|
|poke|p2|Enamorus, F|
|poke|p2|Zamazenta-*|
|teampreview
|inactive|Battle timer is ON: inactive players will automatically lose when time's up. (requested by crankyghost)
|
|t:|1778498076
|teamsize|p1|6
|teamsize|p2|6
|start
|switch|p1a: Flamigo|Flamigo, F|100/100
|switch|p2a: Grimmsnarl|Grimmsnarl, M|100/100
|turn|1
|
|t:|1778498085
|move|p2a: Grimmsnarl|Reflect|p2a: Grimmsnarl
|-sidestart|p2: crankyghost|Reflect
|move|p1a: Flamigo|U-turn|p2a: Grimmsnarl
|-damage|p2a: Grimmsnarl|86/100
|
|t:|1778498093
|switch|p1a: Yellow Snow|Avalugg, M, shiny|100/100|[from] U-turn
|
|upkeep
|turn|2
|
|t:|1778498098
|move|p2a: Grimmsnarl|Light Screen|p2a: Grimmsnarl
|-sidestart|p2: crankyghost|move: Light Screen
|move|p1a: Yellow Snow|Iron Defense|p1a: Yellow Snow
|-boost|p1a: Yellow Snow|def|2
|
|upkeep
|turn|3
|
|t:|1778498106
|move|p2a: Grimmsnarl|Parting Shot|p1a: Yellow Snow
|-unboost|p1a: Yellow Snow|atk|1
|-unboost|p1a: Yellow Snow|spa|1
|
|t:|1778498109
|switch|p2a: Cinderace|Cinderace, F|100/100|[from] Parting Shot
|move|p1a: Yellow Snow|Body Press|p2a: Cinderace
|-damage|p2a: Cinderace|39/100
|
|upkeep
|turn|4
|
|t:|1778498118
|move|p2a: Cinderace|Flare Blitz|p1a: Yellow Snow
|-supereffective|p1a: Yellow Snow
|-damage|p1a: Yellow Snow|78/100
|-damage|p2a: Cinderace|29/100|[from] Recoil
|move|p1a: Yellow Snow|Iron Defense|p1a: Yellow Snow
|-boost|p1a: Yellow Snow|def|2
|
|-heal|p1a: Yellow Snow|84/100|[from] item: Leftovers
|upkeep
|turn|5
|
|t:|1778498129
|move|p2a: Cinderace|Flare Blitz|p1a: Yellow Snow
|-supereffective|p1a: Yellow Snow
|-damage|p1a: Yellow Snow|69/100
|-status|p1a: Yellow Snow|brn
|-damage|p2a: Cinderace|23/100|[from] Recoil
|move|p1a: Yellow Snow|Body Press|p2a: Cinderace
|-damage|p2a: Cinderace|0 fnt
|faint|p2a: Cinderace
|
|-heal|p1a: Yellow Snow|75/100 brn|[from] item: Leftovers
|-damage|p1a: Yellow Snow|69/100 brn|[from] brn
|upkeep
|
|t:|1778498133
|switch|p2a: Walking Wake|Walking Wake|100/100
|-enditem|p2a: Walking Wake|Booster Energy
|-activate|p2a: Walking Wake|ability: Protosynthesis|[fromitem]
|-start|p2a: Walking Wake|protosynthesisspa
|turn|6
|
|t:|1778498147
|move|p2a: Walking Wake|Flamethrower|p1a: Yellow Snow
|-supereffective|p1a: Yellow Snow
|-damage|p1a: Yellow Snow|0 fnt
|faint|p1a: Yellow Snow
|
|upkeep
|
|t:|1778498162
|switch|p1a: Basculegion|Basculegion-F, F|100/100
|turn|7
|
|t:|1778498171
|move|p2a: Walking Wake|Draco Meteor|p1a: Basculegion
|-damage|p1a: Basculegion|55/100
|-unboost|p2a: Walking Wake|spa|2
|move|p1a: Basculegion|Shadow Ball|p2a: Walking Wake
|-damage|p2a: Walking Wake|69/100
|-unboost|p2a: Walking Wake|spd|1
|
|upkeep
|turn|8
|
|t:|1778498189
|-end|p2a: Walking Wake|Protosynthesis|[silent]
|switch|p2a: Grimmsnarl|Grimmsnarl, M|86/100
|move|p1a: Basculegion|Ice Beam|p2a: Grimmsnarl
|-damage|p2a: Grimmsnarl|76/100
|
|-sideend|p2: crankyghost|Reflect
|upkeep
|turn|9
|
|t:|1778498196
|move|p2a: Grimmsnarl|Reflect|p2a: Grimmsnarl
|-sidestart|p2: crankyghost|Reflect
|move|p1a: Basculegion|Surf|p2a: Grimmsnarl
|-damage|p2a: Grimmsnarl|53/100
|
|-sideend|p2: crankyghost|move: Light Screen
|upkeep
|turn|10
|
|t:|1778498203
|move|p2a: Grimmsnarl|Light Screen|p2a: Grimmsnarl
|-sidestart|p2: crankyghost|move: Light Screen
|move|p1a: Basculegion|Surf|p2a: Grimmsnarl
|-damage|p2a: Grimmsnarl|30/100
|
|upkeep
|turn|11
|
|t:|1778498209
|switch|p1a: Wo-Chien|Wo-Chien|100/100
|-ability|p1a: Wo-Chien|Tablets of Ruin
|move|p2a: Grimmsnarl|Parting Shot|p1a: Wo-Chien
|-hint|Since gen 7, Dark is immune to Prankster moves.
|-immune|p1a: Wo-Chien
|
|upkeep
|turn|12
|
|t:|1778498217
|move|p1a: Wo-Chien|Leech Seed|p2a: Grimmsnarl
|-start|p2a: Grimmsnarl|move: Leech Seed
|move|p2a: Grimmsnarl|Dazzling Gleam|p1a: Wo-Chien
|-supereffective|p1a: Wo-Chien
|-damage|p1a: Wo-Chien|72/100
|
|-heal|p1a: Wo-Chien|78/100|[from] item: Leftovers
|-damage|p2a: Grimmsnarl|18/100|[from] Leech Seed|[of] p1a: Wo-Chien
|-heal|p1a: Wo-Chien|91/100|[silent]
|upkeep
|turn|13
|
|t:|1778498227
|switch|p2a: Walking Wake|Walking Wake|69/100
|move|p1a: Wo-Chien|Stun Spore|p2a: Walking Wake
|-status|p2a: Walking Wake|par
|
|-heal|p1a: Wo-Chien|97/100|[from] item: Leftovers
|upkeep
|turn|14
|
|t:|1778498236
|move|p1a: Wo-Chien|Leech Seed|p2a: Walking Wake
|-start|p2a: Walking Wake|move: Leech Seed
|move|p2a: Walking Wake|Flamethrower|p1a: Wo-Chien
|-supereffective|p1a: Wo-Chien
|-damage|p1a: Wo-Chien|64/100
|
|-heal|p1a: Wo-Chien|71/100|[from] item: Leftovers
|-damage|p2a: Walking Wake|57/100 par|[from] Leech Seed|[of] p1a: Wo-Chien
|-heal|p1a: Wo-Chien|82/100|[silent]
|upkeep
|turn|15
|
|t:|1778498246
|move|p1a: Wo-Chien|Protect|p1a: Wo-Chien
|-singleturn|p1a: Wo-Chien|Protect
|move|p2a: Walking Wake|Flamethrower|p1a: Wo-Chien
|-activate|p1a: Wo-Chien|move: Protect
|
|-heal|p1a: Wo-Chien|88/100|[from] item: Leftovers
|-damage|p2a: Walking Wake|44/100 par|[from] Leech Seed|[of] p1a: Wo-Chien
|-heal|p1a: Wo-Chien|99/100|[silent]
|upkeep
|turn|16
|
|t:|1778498257
|move|p1a: Wo-Chien|Ruination|p2a: Walking Wake|[miss]
|-miss|p1a: Wo-Chien|p2a: Walking Wake
|move|p2a: Walking Wake|Flamethrower|p1a: Wo-Chien
|-supereffective|p1a: Wo-Chien
|-damage|p1a: Wo-Chien|68/100
|
|-heal|p1a: Wo-Chien|74/100|[from] item: Leftovers
|-damage|p2a: Walking Wake|32/100 par|[from] Leech Seed|[of] p1a: Wo-Chien
|-heal|p1a: Wo-Chien|86/100|[silent]
|-sideend|p2: crankyghost|Reflect
|upkeep
|turn|17
|
|t:|1778498267
|move|p1a: Wo-Chien|Protect|p1a: Wo-Chien
|-singleturn|p1a: Wo-Chien|Protect
|move|p2a: Walking Wake|Flamethrower|p1a: Wo-Chien
|-activate|p1a: Wo-Chien|move: Protect
|
|-heal|p1a: Wo-Chien|92/100|[from] item: Leftovers
|-damage|p2a: Walking Wake|20/100 par|[from] Leech Seed|[of] p1a: Wo-Chien
|-heal|p1a: Wo-Chien|100/100|[silent]
|-sideend|p2: crankyghost|move: Light Screen
|upkeep
|turn|18
|
|t:|1778498278
|move|p1a: Wo-Chien|Ruination|p2a: Walking Wake
|-damage|p2a: Walking Wake|10/100 par
|cant|p2a: Walking Wake|par
|
|-damage|p2a: Walking Wake|0 fnt|[from] Leech Seed|[of] p1a: Wo-Chien
|faint|p2a: Walking Wake
|-end|p2a: Walking Wake|Protosynthesis|[silent]
|upkeep
|
|t:|1778498284
|switch|p2a: Grimmsnarl|Grimmsnarl, M|18/100
|turn|19
|
|t:|1778498289
|move|p2a: Grimmsnarl|Reflect|p2a: Grimmsnarl
|-sidestart|p2: crankyghost|Reflect
|move|p1a: Wo-Chien|Leech Seed|p2a: Grimmsnarl
|-start|p2a: Grimmsnarl|move: Leech Seed
|
|-damage|p2a: Grimmsnarl|6/100|[from] Leech Seed|[of] p1a: Wo-Chien
|upkeep
|turn|20
|
|t:|1778498295
|move|p2a: Grimmsnarl|Light Screen|p2a: Grimmsnarl
|-sidestart|p2: crankyghost|move: Light Screen
|move|p1a: Wo-Chien|Stun Spore|p2a: Grimmsnarl
|-status|p2a: Grimmsnarl|par
|
|-damage|p2a: Grimmsnarl|0 fnt|[from] Leech Seed|[of] p1a: Wo-Chien
|faint|p2a: Grimmsnarl
|upkeep
|
|t:|1778498303
|switch|p2a: Enamorus|Enamorus, F|100/100
|turn|21
|
|t:|1778498311
|-terastallize|p2a: Enamorus|Fairy
|move|p2a: Enamorus|Moonblast|p1a: Wo-Chien
|-supereffective|p1a: Wo-Chien
|-damage|p1a: Wo-Chien|0 fnt
|faint|p1a: Wo-Chien
|
|upkeep
|
|t:|1778498320
|switch|p1a: Basculegion|Basculegion-F, F|55/100
|turn|22
|
|t:|1778498326
|move|p2a: Enamorus|Moonblast|p1a: Basculegion
|-damage|p1a: Basculegion|0 fnt
|faint|p1a: Basculegion
|
|upkeep
|
|t:|1778498335
|switch|p1a: Minior|Minior-Blue, shiny|100/100
|-formechange|p1a: Minior|Minior-Meteor||[from] ability: Shields Down
|turn|23
|
|t:|1778498341
|move|p2a: Enamorus|Moonblast|p1a: Minior
|-damage|p1a: Minior|0 fnt
|faint|p1a: Minior
|
|upkeep
|
|t:|1778498348
|switch|p1a: Flamigo|Flamigo, F|100/100
|turn|24
|
|t:|1778498355
|-terastallize|p1a: Flamigo|Flying
|move|p1a: Flamigo|Brave Bird|p2a: Enamorus
|-damage|p2a: Enamorus|32/100
|-damage|p1a: Flamigo|79/100|[from] Recoil
|move|p2a: Enamorus|Moonblast|p1a: Flamigo
|-damage|p1a: Flamigo|0 fnt
|faint|p1a: Flamigo
|
|upkeep
|-message|MassholeFlatlander forfeited.
|
|win|crankyghost
|raw|MassholeFlatlander's rating: 1124 &rarr; <strong>1103</strong><br />(-21 for losing)
|raw|crankyghost's rating: 1183 &rarr; <strong>1204</strong><br />(+21 for winning)
|l|☆MassholeFlatlander
|player|p1|
|l|☆crankyghost
|player|p2|
