|html|<div class="broadcast-blue"><strong>[Gen 9] OU is currently suspecting Tera Blast! For information on how to participate check out the <a href="https://www.smogon.com/tools/suspects/view/200">suspect thread</a>.</strong></div>
|j|☆shinzro
|j|☆Minhtri0712
|t:|1776071928
|gametype|singles
|player|p1|shinzro|cynthia-gen4|1081
|player|p2|Minhtri0712|265|1075
|gen|9
|tier|[Gen 9] OU
|rated|
|rule|HP Percentage Mod: HP is shown in percentages
|rule|Endless Battle Clause: Forcing endless battles is banned
|rule|Species Clause: Limit one of each Pokémon
|rule|OHKO Clause: OHKO moves are banned
|rule|Evasion Items Clause: Evasion items are banned
|rule|Evasion Moves Clause: Evasion moves are banned
|rule|Evasion Abilities Clause: Evasion abilities are banned
|rule|Sleep Moves Clause: Sleep-inducing moves are banned
|clearpoke
|poke|p1|Lucario, M|
|poke|p1|Garchomp, M|
|poke|p1|Galvantula, M|
|poke|p1|Gallade, M|
|poke|p1|Hatterene, F|
|poke|p1|Greninja-*, M|
|poke|p2|Pincurchin, M|
|poke|p2|Iron Hands|
|poke|p2|Raichu-Alola, M|
|poke|p2|Iron Leaves|
|poke|p2|Oricorio-Pom-Pom, M|
|poke|p2|Iron Valiant|
|teampreview
|inactive|Battle timer is ON: inactive players will automatically lose when time's up. (requested by Minhtri0712)
|
|t:|1776071939
|teamsize|p1|6
|teamsize|p2|6
|start
|switch|p1a: Kaido|Garchomp, M|100/100
|switch|p2a: Lego|Pincurchin, M|100/100
|-fieldstart|move: Electric Terrain|[from] ability: Electric Surge|[of] p2a: Lego
|turn|1
|
|t:|1776071951
|move|p1a: Kaido|Swords Dance|p1a: Kaido
|-boost|p1a: Kaido|atk|2
|move|p2a: Lego|Toxic Spikes|p1a: Kaido
|-sidestart|p1: shinzro|move: Toxic Spikes
|
|upkeep
|turn|2
|
|t:|1776071962
|move|p1a: Kaido|Earthquake|p2a: Lego
|-supereffective|p2a: Lego
|-damage|p2a: Lego|0 fnt
|faint|p2a: Lego
|
|upkeep
|
|t:|1776071971
|switch|p2a: Netsurfer|Raichu-Alola, M|100/100
|turn|3
|
|t:|1776071984
|-terastallize|p1a: Kaido|Fire
|move|p2a: Netsurfer|Alluring Voice|p1a: Kaido
|-resisted|p1a: Kaido
|-damage|p1a: Kaido|83/100
|-damage|p2a: Netsurfer|91/100|[from] item: Life Orb
|move|p1a: Kaido|Earthquake|p2a: Netsurfer
|-supereffective|p2a: Netsurfer
|-damage|p2a: Netsurfer|0 fnt
|faint|p2a: Netsurfer
|
|upkeep
|
|t:|1776072005
|switch|p2a: Cheerleader|Oricorio-Pom-Pom, M, shiny|100/100
|turn|4
|
|t:|1776072015
|move|p1a: Kaido|Scale Shot|p2a: Cheerleader
|-damage|p2a: Cheerleader|56/100
|-damage|p2a: Cheerleader|12/100
|-damage|p2a: Cheerleader|0 fnt
|faint|p2a: Cheerleader
|-hitcount|p2: Cheerleader|3
|-unboost|p1a: Kaido|def|1
|-boost|p1a: Kaido|spe|1
|
|upkeep
|
|t:|1776072033
|switch|p2a: Cut em more|Iron Leaves|100/100
|-activate|p2a: Cut em more|ability: Quark Drive
|-start|p2a: Cut em more|quarkdrivespe
|turn|5
|
|t:|1776072038
|move|p2a: Cut em more|Psyblade|p1a: Kaido
|-damage|p1a: Kaido|1/100
|-damage|p2a: Cut em more|88/100|[from] ability: Rough Skin|[of] p1a: Kaido
|move|p1a: Kaido|Fire Fang|p2a: Cut em more
|-supereffective|p2a: Cut em more
|-damage|p2a: Cut em more|0 fnt
|-damage|p1a: Kaido|0 fnt|[from] item: Rocky Helmet|[of] p2a: Cut em more
|faint|p2a: Cut em more
|-end|p2a: Cut em more|Quark Drive|[silent]
|faint|p1a: Kaido
|
|upkeep
|
|t:|1776072058
|switch|p2a: Cut em all|Iron Valiant, shiny|100/100
|switch|p1a: Ace|Lucario, M|100/100
|-activate|p2a: Cut em all|ability: Quark Drive
|-start|p2a: Cut em all|quarkdrivespe
|turn|6
|
|t:|1776072068
|move|p2a: Cut em all|Drain Punch|p1a: Ace
|-supereffective|p1a: Ace
|-damage|p1a: Ace|0 fnt
|faint|p1a: Ace
|
|upkeep
|
|t:|1776072083
|switch|p1a: Circe|Hatterene, F|100/100
|-status|p1a: Circe|psn
|turn|7
|
|t:|1776072096
|-terastallize|p2a: Cut em all|Fairy
|move|p2a: Cut em all|Spirit Break|p1a: Circe
|-damage|p1a: Circe|46/100 psn
|-unboost|p1a: Circe|spa|1
|move|p1a: Circe|Draining Kiss|p2a: Cut em all
|-damage|p2a: Cut em all|69/100
|-heal|p1a: Circe|70/100 psn|[from] drain|[of] p2a: Cut em all
|
|-heal|p1a: Circe|76/100 psn|[from] item: Leftovers
|-damage|p1a: Circe|64/100 psn|[from] psn
|upkeep
|turn|8
|
|t:|1776072110
|move|p2a: Cut em all|Spirit Break|p1a: Circe
|-damage|p1a: Circe|2/100 psn
|-unboost|p1a: Circe|spa|1
|move|p1a: Circe|Psyshock|p2a: Cut em all
|-damage|p2a: Cut em all|44/100
|
|-heal|p1a: Circe|8/100 psn|[from] item: Leftovers
|-damage|p1a: Circe|0 fnt|[from] psn
|faint|p1a: Circe
|-fieldend|move: Electric Terrain
|-end|p2a: Cut em all|Quark Drive
|upkeep
|
|t:|1776072127
|switch|p1a: Minato|Galvantula, M, shiny|100/100
|-status|p1a: Minato|psn
|turn|9
|
|t:|1776072137
|move|p2a: Cut em all|Spirit Break|p1a: Minato
|-damage|p1a: Minato|2/100 psn
|-unboost|p1a: Minato|spa|1
|move|p1a: Minato|Thunder|p2a: Cut em all
|-damage|p2a: Cut em all|0 fnt
|faint|p2a: Cut em all
|-end|p2a: Cut em all|Quark Drive|[silent]
|
|-damage|p1a: Minato|0 fnt|[from] psn
|faint|p1a: Minato
|upkeep
|inactive|shinzro has 120 seconds left.
|
|t:|1776072151
|switch|p2a: Bigboy|Iron Hands, shiny|100/100
|switch|p1a: Oden|Gallade, M|100/100
|-status|p1a: Oden|psn
|-enditem|p1a: Oden|Lum Berry|[eat]
|-curestatus|p1a: Oden|psn|[msg]
|turn|10
|
|t:|1776072175
|move|p1a: Oden|Sacred Sword|p2a: Bigboy
|-damage|p2a: Bigboy|54/100
|move|p2a: Bigboy|Thunder Punch|p1a: Oden
|-damage|p1a: Oden|26/100
|
|upkeep
|turn|11
|
|t:|1776072182
|move|p1a: Oden|Sacred Sword|p2a: Bigboy
|-damage|p2a: Bigboy|2/100
|-enditem|p2a: Bigboy|Sitrus Berry|[eat]
|-heal|p2a: Bigboy|27/100|[from] item: Sitrus Berry
|move|p2a: Bigboy|Thunder Punch|p1a: Oden
|-damage|p1a: Oden|0 fnt
|faint|p1a: Oden
|
|upkeep
|
|t:|1776072192
|switch|p1a: Jiraya|Greninja, M|100/100
|-status|p1a: Jiraya|psn
|turn|12
|
|t:|1776072199
|move|p1a: Jiraya|Water Shuriken|p2a: Bigboy
|-damage|p2a: Bigboy|21/100
|-damage|p2a: Bigboy|14/100
|-hitcount|p2a: Bigboy|2
|move|p2a: Bigboy|Drain Punch|p1a: Jiraya
|-supereffective|p1a: Jiraya
|-damage|p1a: Jiraya|0 fnt
|-heal|p2a: Bigboy|42/100|[from] drain|[of] p1a: Jiraya
|faint|p1a: Jiraya
|
|win|Minhtri0712
|raw|shinzro's rating: 1081 &rarr; <strong>1058</strong><br />(-23 for losing)
|raw|Minhtri0712's rating: 1075 &rarr; <strong>1104</strong><br />(+29 for winning)
|l|☆shinzro
|player|p1|
|l|☆Minhtri0712
|player|p2|
