|html|<div class="broadcast-blue"><strong>[Gen 9] OU is currently suspecting Tera Blast! For information on how to participate check out the <a href="https://www.smogon.com/tools/suspects/view/200">suspect thread</a>.</strong></div>
|badge|p2|bronze|gen9randombattle|100-9
|uhtml|medal-msg|<div class="broadcast-blue">Curious what those medals under the avatar are? PS now has Ladder Seasons! For more information, check out the <a href="https://www.smogon.com/forums/threads/3740067/">thread on Smogon.</a></div>
|j|☆Pikamon333
|j|‽LT_Alt1
|t:|1776065078
|gametype|singles
|player|p1|Pikamon333|102|1499
|player|p2|LT_Alt1|101|1688
|gen|9
|tier|[Gen 9] OU
|rated|
|rule|HP Percentage Mod: HP is shown in percentages
|rule|Endless Battle Clause: Forcing endless battles is banned
|rule|Species Clause: Limit one of each Pokémon
|rule|OHKO Clause: OHKO moves are banned
|rule|Evasion Items Clause: Evasion items are banned
|rule|Evasion Moves Clause: Evasion moves are banned
|rule|Evasion Abilities Clause: Evasion abilities are banned
|rule|Sleep Moves Clause: Sleep-inducing moves are banned
|clearpoke
|poke|p1|Hoopa-Unbound|
|poke|p1|Zamazenta-*|
|poke|p1|Iron Moth|
|poke|p1|Kyurem|
|poke|p1|Dragonite, F|
|poke|p1|Great Tusk|
|poke|p2|Garganacl, F|
|poke|p2|Slowking-Galar, F|
|poke|p2|Kyurem|
|poke|p2|Weezing-Galar, F|
|poke|p2|Moltres|
|poke|p2|Iron Treads|
|teampreview
|
|t:|1776065090
|teamsize|p1|6
|teamsize|p2|6
|start
|switch|p1a: Kyurem|Kyurem|100/100
|switch|p2a: Moltres|Moltres|100/100
|-ability|p1a: Kyurem|Pressure
|turn|1
|
|t:|1776065095
|switch|p2a: Slowking|Slowking-Galar, F|100/100
|move|p1a: Kyurem|Ice Beam|p2a: Slowking
|-damage|p2a: Slowking|72/100
|
|upkeep
|turn|2
|
|t:|1776065100
|move|p1a: Kyurem|Earth Power|p2a: Slowking
|-supereffective|p2a: Slowking
|-damage|p2a: Slowking|33/100
|move|p2a: Slowking|Thunder Wave|p1a: Kyurem
|-status|p1a: Kyurem|par
|
|upkeep
|turn|3
|
|t:|1776065106
|switch|p2a: Garganacl|Garganacl, F|100/100
|move|p1a: Kyurem|Ice Beam|p2a: Garganacl
|-damage|p2a: Garganacl|66/100
|
|-heal|p2a: Garganacl|72/100|[from] item: Leftovers
|upkeep
|turn|4
|
|t:|1776065112
|move|p1a: Kyurem|Flash Cannon|p2a: Garganacl
|-supereffective|p2a: Garganacl
|-damage|p2a: Garganacl|29/100
|move|p2a: Garganacl|Salt Cure|p1a: Kyurem
|-supereffective|p1a: Kyurem
|-damage|p1a: Kyurem|74/100 par
|-start|p1a: Kyurem|Salt Cure
|
|-heal|p2a: Garganacl|35/100|[from] item: Leftovers
|-damage|p1a: Kyurem|62/100 par|[from] Salt Cure
|upkeep
|turn|5
|
|t:|1776065126
|switch|p2a: Slowking|Slowking-Galar, F|66/100
|cant|p1a: Kyurem|par
|
|-damage|p1a: Kyurem|50/100 par|[from] Salt Cure
|upkeep
|turn|6
|
|t:|1776065131
|move|p1a: Kyurem|Earth Power|p2a: Slowking
|-supereffective|p2a: Slowking
|-damage|p2a: Slowking|29/100
|-prepare|p2a: Slowking|Chilly Reception|[premajor]
|move|p2a: Slowking|Chilly Reception|p2a: Slowking
|-weather|Snowscape
|
|t:|1776065136
|switch|p2a: Moltres|Moltres|100/100|[from] Chilly Reception
|
|-weather|Snowscape|[upkeep]
|-damage|p1a: Kyurem|38/100 par|[from] Salt Cure
|upkeep
|turn|7
|
|t:|1776065142
|move|p2a: Moltres|U-turn|p1a: Kyurem
|-damage|p1a: Kyurem|29/100 par
|
|t:|1776065144
|switch|p2a: Slowking|Slowking-Galar, F|62/100|[from] U-turn
|move|p1a: Kyurem|Ice Beam|p2a: Slowking
|-damage|p2a: Slowking|34/100
|
|-weather|Snowscape|[upkeep]
|-damage|p1a: Kyurem|17/100 par|[from] Salt Cure
|upkeep
|turn|8
|
|t:|1776065150
|switch|p2a: Moltres|Moltres|100/100
|move|p1a: Kyurem|Ice Beam|p2a: Moltres
|-damage|p2a: Moltres|58/100
|
|-weather|Snowscape|[upkeep]
|-damage|p1a: Kyurem|4/100 par|[from] Salt Cure
|upkeep
|turn|9
|
|t:|1776065156
|switch|p1a: Great Tusk|Great Tusk|100/100
|-enditem|p1a: Great Tusk|Booster Energy
|-activate|p1a: Great Tusk|ability: Protosynthesis|[fromitem]
|-start|p1a: Great Tusk|protosynthesisatk
|move|p2a: Moltres|Roost|p2a: Moltres
|-heal|p2a: Moltres|100/100
|-singleturn|p2a: Moltres|move: Roost
|
|-weather|Snowscape|[upkeep]
|upkeep
|turn|10
|
|t:|1776065160
|-terastallize|p2a: Moltres|Dragon
|move|p1a: Great Tusk|Head Smash|p2a: Moltres
|-damage|p2a: Moltres|54/100
|-damage|p1a: Great Tusk|77/100|[from] Recoil
|move|p2a: Moltres|Will-O-Wisp|p1a: Great Tusk
|-status|p1a: Great Tusk|brn
|
|-weather|none
|-damage|p1a: Great Tusk|70/100 brn|[from] brn
|upkeep
|turn|11
|
|t:|1776065166
|move|p1a: Great Tusk|Stealth Rock|p2a: Moltres
|-sidestart|p2: LT_Alt1|move: Stealth Rock
|move|p2a: Moltres|Roost|p2a: Moltres
|-heal|p2a: Moltres|100/100
|
|-damage|p1a: Great Tusk|64/100 brn|[from] brn
|upkeep
|turn|12
|
|t:|1776065174
|move|p1a: Great Tusk|Headlong Rush|p2a: Moltres
|-damage|p2a: Moltres|68/100
|-unboost|p1a: Great Tusk|def|1
|-unboost|p1a: Great Tusk|spd|1
|move|p2a: Moltres|Flamethrower|p1a: Great Tusk
|-damage|p1a: Great Tusk|0 fnt
|faint|p1a: Great Tusk
|-end|p1a: Great Tusk|Protosynthesis|[silent]
|
|upkeep
|
|t:|1776065183
|switch|p1a: Iron Moth|Iron Moth|100/100
|-enditem|p1a: Iron Moth|Booster Energy
|-activate|p1a: Iron Moth|ability: Quark Drive|[fromitem]
|-start|p1a: Iron Moth|quarkdrivespe
|turn|13
|
|t:|1776065191
|move|p1a: Iron Moth|Dazzling Gleam|p2a: Moltres
|-supereffective|p2a: Moltres
|-damage|p2a: Moltres|13/100
|move|p2a: Moltres|U-turn|p1a: Iron Moth
|-resisted|p1a: Iron Moth
|-damage|p1a: Iron Moth|96/100
|
|t:|1776065202
|switch|p2a: Slowking|Slowking-Galar, F|67/100|[from] U-turn
|-damage|p2a: Slowking|55/100|[from] Stealth Rock
|
|upkeep
|turn|14
|
|t:|1776065211
|move|p1a: Iron Moth|Fiery Dance|p2a: Slowking
|-damage|p2a: Slowking|30/100
|move|p2a: Slowking|Thunder Wave|p1a: Iron Moth|[miss]
|-miss|p2a: Slowking|p1a: Iron Moth
|
|upkeep
|turn|15
|
|t:|1776065216
|move|p1a: Iron Moth|Fiery Dance|p2a: Slowking
|-damage|p2a: Slowking|4/100
|move|p2a: Slowking|Thunder Wave|p1a: Iron Moth
|-status|p1a: Iron Moth|par
|
|upkeep
|turn|16
|
|t:|1776065223
|switch|p2a: Garganacl|Garganacl, F|35/100
|-damage|p2a: Garganacl|23/100|[from] Stealth Rock
|move|p1a: Iron Moth|Fiery Dance|p2a: Garganacl
|-resisted|p2a: Garganacl
|-damage|p2a: Garganacl|8/100
|-boost|p1a: Iron Moth|spa|1
|
|-heal|p2a: Garganacl|14/100|[from] item: Leftovers
|upkeep
|turn|17
|
|t:|1776065232
|move|p1a: Iron Moth|Fiery Dance|p2a: Garganacl
|-resisted|p2a: Garganacl
|-damage|p2a: Garganacl|0 fnt
|faint|p2a: Garganacl
|
|upkeep
|
|t:|1776065234
|switch|p2a: Iron Treads|Iron Treads|100/100
|-damage|p2a: Iron Treads|97/100|[from] Stealth Rock
|turn|18
|
|t:|1776065237
|move|p2a: Iron Treads|Earthquake|p1a: Iron Moth
|-supereffective|p1a: Iron Moth
|-damage|p1a: Iron Moth|0 fnt
|faint|p1a: Iron Moth
|-end|p1a: Iron Moth|Quark Drive|[silent]
|
|-heal|p2a: Iron Treads|100/100|[from] item: Leftovers
|upkeep
|
|t:|1776065244
|switch|p1a: Zamazenta|Zamazenta|100/100
|-ability|p1a: Zamazenta|Dauntless Shield|boost
|-boost|p1a: Zamazenta|def|1
|turn|19
|
|t:|1776065250
|-end|p2a: Iron Treads|Quark Drive|[silent]
|switch|p2a: Moltres|Moltres, tera:Dragon|13/100
|move|p1a: Zamazenta|Iron Defense|p1a: Zamazenta
|-boost|p1a: Zamazenta|def|2
|
|upkeep
|turn|20
|
|t:|1776065254
|switch|p2a: Weezing|Weezing-Galar, F|100/100
|-ability|p2a: Weezing|Neutralizing Gas
|-damage|p2a: Weezing|88/100|[from] Stealth Rock
|move|p1a: Zamazenta|Body Press|p2a: Weezing
|-resisted|p2a: Weezing
|-damage|p2a: Weezing|71/100
|
|-heal|p2a: Weezing|77/100|[from] item: Leftovers
|upkeep
|turn|21
|
|t:|1776065256
|move|p1a: Zamazenta|Heavy Slam|p2a: Weezing
|-supereffective|p2a: Weezing
|-damage|p2a: Weezing|31/100
|move|p2a: Weezing|Will-O-Wisp|p1a: Zamazenta
|-status|p1a: Zamazenta|brn
|
|-heal|p2a: Weezing|37/100|[from] item: Leftovers
|-damage|p1a: Zamazenta|94/100 brn|[from] brn
|upkeep
|turn|22
|
|t:|1776065260
|move|p1a: Zamazenta|Heavy Slam|p2a: Weezing
|-supereffective|p2a: Weezing
|-damage|p2a: Weezing|14/100
|move|p2a: Weezing|Pain Split|p1a: Zamazenta
|-sethp|p1a: Zamazenta|53/100 brn|[from] move: Pain Split|[silent]
|-sethp|p2a: Weezing|59/100|[from] move: Pain Split
|
|-heal|p1a: Zamazenta|59/100 brn|[from] item: Leftovers
|-heal|p2a: Weezing|65/100|[from] item: Leftovers
|-damage|p1a: Zamazenta|53/100 brn|[from] brn
|upkeep
|turn|23
|
|t:|1776065264
|move|p1a: Zamazenta|Heavy Slam|p2a: Weezing
|-supereffective|p2a: Weezing
|-damage|p2a: Weezing|41/100
|move|p2a: Weezing|Defog|p1a: Zamazenta
|-unboost|p1a: Zamazenta|evasion|1
|-sideend|p2: LT_Alt1|Stealth Rock|[from] move: Defog|[of] p2a: Weezing
|
|-heal|p1a: Zamazenta|59/100 brn|[from] item: Leftovers
|-heal|p2a: Weezing|47/100|[from] item: Leftovers
|-damage|p1a: Zamazenta|53/100 brn|[from] brn
|upkeep
|turn|24
|
|t:|1776065268
|switch|p1a: Hoopa|Hoopa-Unbound|100/100
|move|p2a: Weezing|Strange Steam|p1a: Hoopa
|-supereffective|p1a: Hoopa
|-damage|p1a: Hoopa|52/100
|
|-heal|p2a: Weezing|53/100|[from] item: Leftovers
|upkeep
|turn|25
|
|t:|1776065277
|-end|p2a: Weezing|ability: Neutralizing Gas
|switch|p2a: Moltres|Moltres, tera:Dragon|13/100
|move|p1a: Hoopa|Psychic Noise|p2a: Moltres
|-damage|p2a: Moltres|0 fnt
|faint|p2a: Moltres
|
|upkeep
|
|t:|1776065279
|switch|p2a: Iron Treads|Iron Treads|100/100
|turn|26
|
|t:|1776065289
|switch|p1a: Zamazenta|Zamazenta|53/100 brn
|move|p2a: Iron Treads|Knock Off|p1a: Zamazenta
|-resisted|p1a: Zamazenta
|-damage|p1a: Zamazenta|43/100 brn
|-enditem|p1a: Zamazenta|Leftovers|[from] move: Knock Off|[of] p2a: Iron Treads
|
|-damage|p1a: Zamazenta|37/100 brn|[from] brn
|upkeep
|turn|27
|
|t:|1776065303
|switch|p1a: Kyurem|Kyurem|4/100 par
|-ability|p1a: Kyurem|Pressure
|move|p2a: Iron Treads|Rapid Spin|p1a: Kyurem
|-damage|p1a: Kyurem|0 fnt
|-boost|p2a: Iron Treads|spe|1
|faint|p1a: Kyurem
|
|upkeep
|
|t:|1776065308
|switch|p1a: Dragonite|Dragonite, F|100/100
|turn|28
|
|t:|1776065323
|-end|p2a: Iron Treads|Quark Drive|[silent]
|switch|p2a: Kyurem|Kyurem|100/100
|-ability|p2a: Kyurem|Pressure
|move|p1a: Dragonite|Dragon Dance|p1a: Dragonite
|-boost|p1a: Dragonite|atk|1
|-boost|p1a: Dragonite|spe|1
|
|upkeep
|turn|29
|
|t:|1776065329
|-terastallize|p1a: Dragonite|Flying
|move|p1a: Dragonite|Tera Blast|p2a: Kyurem|[anim] Tera Blast Flying
|-damage|p2a: Kyurem|5/100
|move|p2a: Kyurem|Ice Beam|p1a: Dragonite
|-supereffective|p1a: Dragonite
|-damage|p1a: Dragonite|46/100
|
|upkeep
|turn|30
|
|t:|1776065334
|move|p1a: Dragonite|Extreme Speed|p2a: Kyurem
|-damage|p2a: Kyurem|0 fnt
|faint|p2a: Kyurem
|
|upkeep
|
|t:|1776065338
|switch|p2a: Iron Treads|Iron Treads|100/100
|turn|31
|
|t:|1776065340
|move|p1a: Dragonite|Earthquake|p2a: Iron Treads
|-supereffective|p2a: Iron Treads
|-damage|p2a: Iron Treads|5/100
|move|p2a: Iron Treads|Rapid Spin|p1a: Dragonite
|-damage|p1a: Dragonite|32/100
|-boost|p2a: Iron Treads|spe|1
|
|-heal|p2a: Iron Treads|11/100|[from] item: Leftovers
|upkeep
|turn|32
|
|t:|1776065345
|move|p1a: Dragonite|Extreme Speed|p2a: Iron Treads
|-resisted|p2a: Iron Treads
|-damage|p2a: Iron Treads|0 fnt
|faint|p2a: Iron Treads
|-end|p2a: Iron Treads|Quark Drive|[silent]
|
|upkeep
|-message|LT_Alt1 forfeited.
|
|win|Pikamon333
|raw|Pikamon333's rating: 1499 &rarr; <strong>1529</strong><br />(+30 for winning)
|raw|LT_Alt1's rating: 1688 &rarr; <strong>1658</strong><br />(-30 for losing)
|l|‽LT_Alt1
|player|p2|
|l|☆Pikamon333
|player|p1|
