|html|<div class="broadcast-blue"><strong>[Gen 9] OU is currently suspecting Tera Blast! For information on how to participate check out the <a href="https://www.smogon.com/tools/suspects/view/200">suspect thread</a>.</strong></div>
|j|☆Udiggwhatimsayin
|j|☆Pachirisu28
|t:|1776215932
|gametype|singles
|player|p1|Udiggwhatimsayin|fantina|1164
|player|p2|Pachirisu28|preschooler|1180
|gen|9
|tier|[Gen 9] OU
|rated|
|rule|HP Percentage Mod: HP is shown in percentages
|rule|Endless Battle Clause: Forcing endless battles is banned
|rule|Species Clause: Limit one of each Pokémon
|rule|OHKO Clause: OHKO moves are banned
|rule|Evasion Items Clause: Evasion items are banned
|rule|Evasion Moves Clause: Evasion moves are banned
|rule|Evasion Abilities Clause: Evasion abilities are banned
|rule|Sleep Moves Clause: Sleep-inducing moves are banned
|clearpoke
|poke|p1|Hoopa-Unbound|
|poke|p1|Zamazenta-*|
|poke|p1|Slowking-Galar, F|
|poke|p1|Cinderace, M|
|poke|p1|Landorus-Therian, M|
|poke|p1|Dragonite, F|
|poke|p2|Landorus-Therian, M|
|poke|p2|Grimmsnarl, M|
|poke|p2|Torkoal, M|
|poke|p2|Walking Wake|
|poke|p2|Gengar, M|
|poke|p2|Dragonite, M|
|teampreview
|inactive|Battle timer is ON: inactive players will automatically lose when time's up. (requested by Udiggwhatimsayin)
|
|t:|1776215948
|teamsize|p1|6
|teamsize|p2|6
|start
|switch|p1a: Landorus|Landorus-Therian, M|100/100
|switch|p2a: Landorus|Landorus-Therian, M|100/100
|-ability|p1a: Landorus|Intimidate|boost
|-unboost|p2a: Landorus|atk|1
|-ability|p2a: Landorus|Intimidate|boost
|-unboost|p1a: Landorus|atk|1
|turn|1
|
|t:|1776215964
|switch|p1a: Cinderace|Cinderace, M|100/100
|move|p2a: Landorus|U-turn|p1a: Cinderace
|-resisted|p1a: Cinderace
|-damage|p1a: Cinderace|89/100
|
|t:|1776215978
|switch|p2a: Torkoal|Torkoal, M|100/100|[from] U-turn
|-weather|SunnyDay|[from] ability: Drought|[of] p2a: Torkoal
|
|-weather|SunnyDay|[upkeep]
|upkeep
|turn|2
|
|t:|1776215986
|move|p1a: Cinderace|U-turn|p2a: Torkoal
|-resisted|p2a: Torkoal
|-damage|p2a: Torkoal|95/100
|
|t:|1776215993
|switch|p1a: Slowking|Slowking-Galar, F|100/100|[from] U-turn
|move|p2a: Torkoal|Stealth Rock|p1a: Slowking
|-sidestart|p1: Udiggwhatimsayin|move: Stealth Rock
|
|-weather|SunnyDay|[upkeep]
|upkeep
|turn|3
|
|t:|1776216012
|move|p2a: Torkoal|Will-O-Wisp|p1a: Slowking
|-status|p1a: Slowking|brn
|move|p1a: Slowking|Future Sight|p2a: Torkoal
|-start|p1a: Slowking|move: Future Sight
|
|-weather|SunnyDay|[upkeep]
|-damage|p1a: Slowking|94/100 brn|[from] brn
|upkeep
|turn|4
|
|t:|1776216020
|switch|p2a: Grimmsnarl|Grimmsnarl, M|100/100
|move|p1a: Slowking|Sludge Bomb|p2a: Grimmsnarl
|-supereffective|p2a: Grimmsnarl
|-damage|p2a: Grimmsnarl|27/100
|-status|p2a: Grimmsnarl|psn
|
|-weather|SunnyDay|[upkeep]
|-damage|p2a: Grimmsnarl|15/100 psn|[from] psn
|-damage|p1a: Slowking|88/100 brn|[from] brn
|upkeep
|turn|5
|
|t:|1776216027
|move|p2a: Grimmsnarl|Light Screen|p2a: Grimmsnarl
|-sidestart|p2: Pachirisu28|move: Light Screen
|-prepare|p1a: Slowking|Chilly Reception|[premajor]
|move|p1a: Slowking|Chilly Reception|p1a: Slowking
|-weather|Snowscape
|
|t:|1776216031
|switch|p1a: Cinderace|Cinderace, M|89/100|[from] Chilly Reception
|
|-weather|Snowscape|[upkeep]
|-end|p2a: Grimmsnarl|move: Future Sight
|-immune|p2a: Grimmsnarl
|-damage|p2a: Grimmsnarl|3/100 psn|[from] psn
|upkeep
|turn|6
|
|t:|1776216041
|move|p2a: Grimmsnarl|Reflect|p2a: Grimmsnarl
|-sidestart|p2: Pachirisu28|Reflect
|move|p1a: Cinderace|Court Change|p1a: Cinderace
|-swapsideconditions
|-activate|p1a: Cinderace|move: Court Change
|
|-weather|Snowscape|[upkeep]
|-damage|p2a: Grimmsnarl|0 fnt|[from] psn
|faint|p2a: Grimmsnarl
|upkeep
|
|t:|1776216053
|switch|p2a: Torkoal|Torkoal, M|95/100
|-damage|p2a: Torkoal|70/100|[from] Stealth Rock
|-weather|SunnyDay|[from] ability: Drought|[of] p2a: Torkoal
|turn|7
|
|t:|1776216059
|move|p1a: Cinderace|U-turn|p2a: Torkoal
|-resisted|p2a: Torkoal
|-damage|p2a: Torkoal|64/100
|
|t:|1776216061
|switch|p1a: Dragonite|Dragonite, F|100/100|[from] U-turn
|move|p2a: Torkoal|Rapid Spin|p1a: Dragonite
|-crit|p1a: Dragonite
|-damage|p1a: Dragonite|92/100
|-boost|p2a: Torkoal|spe|1
|-sideend|p2: Pachirisu28|Stealth Rock|[from] move: Rapid Spin|[of] p2a: Torkoal
|
|-weather|SunnyDay|[upkeep]
|upkeep
|turn|8
|
|t:|1776216072
|-terastallize|p1a: Dragonite|Fire
|move|p1a: Dragonite|Dragon Dance|p1a: Dragonite
|-boost|p1a: Dragonite|atk|1
|-boost|p1a: Dragonite|spe|1
|move|p2a: Torkoal|Will-O-Wisp|p1a: Dragonite
|-immune|p1a: Dragonite
|
|-weather|SunnyDay|[upkeep]
|upkeep
|turn|9
|
|t:|1776216080
|move|p1a: Dragonite|Dragon Dance|p1a: Dragonite
|-boost|p1a: Dragonite|atk|1
|-boost|p1a: Dragonite|spe|1
|move|p2a: Torkoal|Stealth Rock|p1a: Dragonite
|-sidestart|p1: Udiggwhatimsayin|move: Stealth Rock
|
|-weather|SunnyDay|[upkeep]
|upkeep
|turn|10
|
|t:|1776216090
|switch|p2a: Landorus|Landorus-Therian, M|100/100
|-ability|p2a: Landorus|Intimidate|boost
|-unboost|p1a: Dragonite|atk|1
|move|p1a: Dragonite|Dragon Dance|p1a: Dragonite
|-boost|p1a: Dragonite|atk|1
|-boost|p1a: Dragonite|spe|1
|
|-weather|SunnyDay|[upkeep]
|upkeep
|turn|11
|
|t:|1776216098
|move|p1a: Dragonite|Fire Punch|p2a: Landorus
|-damage|p2a: Landorus|0 fnt
|faint|p2a: Landorus
|
|-weather|SunnyDay|[upkeep]
|upkeep
|
|t:|1776216103
|switch|p2a: Walking Wake|Walking Wake|100/100
|-activate|p2a: Walking Wake|ability: Protosynthesis
|-start|p2a: Walking Wake|protosynthesisspa
|turn|12
|
|t:|1776216110
|move|p1a: Dragonite|Scale Shot|p2a: Walking Wake|[miss]
|-miss|p1a: Dragonite|p2a: Walking Wake
|move|p2a: Walking Wake|Hydro Steam|p1a: Dragonite
|-supereffective|p1a: Dragonite
|-crit|p1a: Dragonite
|-damage|p1a: Dragonite|0 fnt
|faint|p1a: Dragonite
|
|-weather|SunnyDay|[upkeep]
|-sideend|p1: Udiggwhatimsayin|move: Light Screen
|upkeep
|
|t:|1776216127
|switch|p1a: Hoopa|Hoopa-Unbound|100/100
|-damage|p1a: Hoopa|88/100|[from] Stealth Rock
|turn|13
|
|t:|1776216145
|move|p2a: Walking Wake|Hydro Steam|p1a: Hoopa
|-crit|p1a: Hoopa
|-damage|p1a: Hoopa|23/100
|move|p1a: Hoopa|Knock Off|p2a: Walking Wake
|-damage|p2a: Walking Wake|64/100
|
|-weather|SunnyDay|[upkeep]
|-sideend|p1: Udiggwhatimsayin|Reflect
|upkeep
|turn|14
|
|t:|1776216157
|move|p2a: Walking Wake|Hydro Steam|p1a: Hoopa
|-damage|p1a: Hoopa|0 fnt
|faint|p1a: Hoopa
|
|-weather|none
|-end|p2a: Walking Wake|Protosynthesis
|upkeep
|-enditem|p2a: Walking Wake|Booster Energy
|-activate|p2a: Walking Wake|ability: Protosynthesis|[fromitem]
|-start|p2a: Walking Wake|protosynthesisspa
|
|t:|1776216169
|switch|p1a: Zamazenta|Zamazenta|100/100
|-damage|p1a: Zamazenta|94/100|[from] Stealth Rock
|-ability|p1a: Zamazenta|Dauntless Shield|boost
|-boost|p1a: Zamazenta|def|1
|turn|15
|
|t:|1776216192
|move|p1a: Zamazenta|Close Combat|p2a: Walking Wake
|-damage|p2a: Walking Wake|0 fnt
|-unboost|p1a: Zamazenta|def|1
|-unboost|p1a: Zamazenta|spd|1
|faint|p2a: Walking Wake
|-end|p2a: Walking Wake|Protosynthesis|[silent]
|-damage|p1a: Zamazenta|84/100|[from] item: Life Orb
|
|upkeep
|inactive|Pachirisu28 has 120 seconds left.
|
|t:|1776216214
|switch|p2a: Gengar|Gengar, M|100/100
|turn|16
|inactive|Pachirisu28 has 120 seconds left.
|inactive|Pachirisu28 has 90 seconds left.
|
|t:|1776216258
|-terastallize|p2a: Gengar|Fairy
|move|p1a: Zamazenta|Crunch|p2a: Gengar
|-resisted|p2a: Gengar
|-damage|p2a: Gengar|66/100
|-damage|p1a: Zamazenta|75/100|[from] item: Life Orb
|move|p2a: Gengar|Dazzling Gleam|p1a: Zamazenta
|-supereffective|p1a: Zamazenta
|-damage|p1a: Zamazenta|0 fnt
|faint|p1a: Zamazenta
|
|upkeep
|
|t:|1776216266
|switch|p1a: Cinderace|Cinderace, M|89/100
|turn|17
|
|t:|1776216273
|switch|p2a: Torkoal|Torkoal, M|64/100
|-weather|SunnyDay|[from] ability: Drought|[of] p2a: Torkoal
|move|p1a: Cinderace|Pyro Ball|p2a: Torkoal
|-resisted|p2a: Torkoal
|-damage|p2a: Torkoal|44/100
|
|-weather|SunnyDay|[upkeep]
|upkeep
|turn|18
|
|t:|1776216285
|move|p1a: Cinderace|Court Change|p1a: Cinderace
|-swapsideconditions
|-activate|p1a: Cinderace|move: Court Change
|move|p2a: Torkoal|Lava Plume|p1a: Cinderace
|-resisted|p1a: Cinderace
|-damage|p1a: Cinderace|67/100
|
|-weather|SunnyDay|[upkeep]
|upkeep
|turn|19
|
|t:|1776216290
|move|p1a: Cinderace|Pyro Ball|p2a: Torkoal
|-resisted|p2a: Torkoal
|-damage|p2a: Torkoal|22/100
|move|p2a: Torkoal|Rapid Spin|p1a: Cinderace
|-damage|p1a: Cinderace|55/100
|-boost|p2a: Torkoal|spe|1
|-sideend|p2: Pachirisu28|Stealth Rock|[from] move: Rapid Spin|[of] p2a: Torkoal
|
|-weather|SunnyDay|[upkeep]
|upkeep
|turn|20
|
|t:|1776216297
|move|p1a: Cinderace|Pyro Ball|p2a: Torkoal
|-resisted|p2a: Torkoal
|-damage|p2a: Torkoal|2/100
|move|p2a: Torkoal|Stealth Rock|p1a: Cinderace
|-sidestart|p1: Udiggwhatimsayin|move: Stealth Rock
|
|-weather|SunnyDay|[upkeep]
|upkeep
|turn|21
|
|t:|1776216306
|move|p1a: Cinderace|Pyro Ball|p2a: Torkoal
|-resisted|p2a: Torkoal
|-damage|p2a: Torkoal|0 fnt
|faint|p2a: Torkoal
|
|-weather|SunnyDay|[upkeep]
|upkeep
|
|t:|1776216325
|switch|p2a: Dragonite|Dragonite, M, shiny|100/100
|turn|22
|
|t:|1776216331
|move|p1a: Cinderace|Will-O-Wisp|p2a: Dragonite
|-status|p2a: Dragonite|brn
|move|p2a: Dragonite|Dragon Dance|p2a: Dragonite
|-boost|p2a: Dragonite|atk|1
|-boost|p2a: Dragonite|spe|1
|
|-weather|SunnyDay|[upkeep]
|-damage|p2a: Dragonite|94/100 brn|[from] brn
|upkeep
|turn|23
|
|t:|1776216352
|switch|p1a: Landorus|Landorus-Therian, M|100/100
|-damage|p1a: Landorus|88/100|[from] Stealth Rock
|-ability|p1a: Landorus|Intimidate|boost
|-unboost|p2a: Dragonite|atk|1
|move|p2a: Dragonite|Earthquake|p1a: Landorus
|-immune|p1a: Landorus
|
|-weather|SunnyDay|[upkeep]
|-damage|p2a: Dragonite|88/100 brn|[from] brn
|upkeep
|turn|24
|
|t:|1776216359
|move|p1a: Landorus|Stone Edge|p2a: Dragonite
|-supereffective|p2a: Dragonite
|-damage|p2a: Dragonite|17/100 brn
|move|p2a: Dragonite|Ice Spinner|p1a: Landorus
|-supereffective|p1a: Landorus
|-damage|p1a: Landorus|15/100
|
|-weather|none
|-damage|p2a: Dragonite|11/100 brn|[from] brn
|upkeep
|turn|25
|
|t:|1776216369
|switch|p1a: Slowking|Slowking-Galar, F|100/100 brn
|move|p2a: Dragonite|Extreme Speed|p1a: Slowking
|-damage|p1a: Slowking|84/100 brn
|
|-damage|p2a: Dragonite|5/100 brn|[from] brn
|-damage|p1a: Slowking|78/100 brn|[from] brn
|upkeep
|turn|26
|
|t:|1776216376
|switch|p1a: Landorus|Landorus-Therian, M|15/100
|-damage|p1a: Landorus|3/100|[from] Stealth Rock
|-ability|p1a: Landorus|Intimidate|boost
|-unboost|p2a: Dragonite|atk|1
|move|p2a: Dragonite|Extreme Speed|p1a: Landorus
|-damage|p1a: Landorus|0 fnt
|faint|p1a: Landorus
|
|-damage|p2a: Dragonite|0 fnt|[from] brn
|faint|p2a: Dragonite
|upkeep
|
|t:|1776216387
|switch|p1a: Slowking|Slowking-Galar, F|100/100 brn
|switch|p2a: Gengar|Gengar, M, tera:Fairy|66/100
|turn|27
|c|☆Udiggwhatimsayin|gg
|
|t:|1776216396
|move|p2a: Gengar|Shadow Ball|p1a: Slowking
|-supereffective|p1a: Slowking
|-damage|p1a: Slowking|22/100 brn
|move|p1a: Slowking|Sludge Bomb|p2a: Gengar
|-supereffective|p2a: Gengar
|-damage|p2a: Gengar|0 fnt
|faint|p2a: Gengar
|
|win|Udiggwhatimsayin
|raw|Udiggwhatimsayin's rating: 1164 &rarr; <strong>1190</strong><br />(+26 for winning)
|raw|Pachirisu28's rating: 1180 &rarr; <strong>1154</strong><br />(-26 for losing)
