|j|☆ZekromIsHeat
|j|☆Cheesepuff123
|inactive|Battle timer is ON: inactive players will automatically lose when time's up.
|t:|1776257054
|gametype|singles
|player|p1|ZekromIsHeat|170|
|player|p2|Cheesepuff123|guitarist|
|gen|9
|tier|[Gen 9] OU
|rated|Tournament battle
|rule|HP Percentage Mod: HP is shown in percentages
|rule|Endless Battle Clause: Forcing endless battles is banned
|rule|Species Clause: Limit one of each Pokémon
|rule|OHKO Clause: OHKO moves are banned
|rule|Evasion Items Clause: Evasion items are banned
|rule|Evasion Moves Clause: Evasion moves are banned
|rule|Evasion Abilities Clause: Evasion abilities are banned
|rule|Sleep Moves Clause: Sleep-inducing moves are banned
|raw|<div class="infobox"><details class="readmore" open><summary><strong>3 custom rules:</strong></summary> -blissey, -wailord, -wobbuffet</details></div>
|clearpoke
|poke|p1|Houndstone, M|
|poke|p1|Ogerpon, F|
|poke|p1|Bruxish, M|
|poke|p1|Froslass, F|
|poke|p1|Cinccino, F|
|poke|p1|Iron Jugulis|
|poke|p2|Houndstone, F|
|poke|p2|Ogerpon-Cornerstone, F|
|poke|p2|Bruxish, M|
|poke|p2|Froslass, F|
|poke|p2|Cinccino, M|
|poke|p2|Iron Jugulis|
|teampreview
|j|*Lady Monita 
|inactive|ZekromIsHeat also wants the timer to be on.
|
|t:|1776257063
|teamsize|p1|6
|teamsize|p2|6
|start
|switch|p1a: Froslass|Froslass, F|100/100
|switch|p2a: Froslussy|Froslass, F|100/100
|turn|1
|
|t:|1776257078
|move|p1a: Froslass|Icy Wind|p2a: Froslussy
|-resisted|p2a: Froslussy
|-damage|p2a: Froslussy|86/100
|-unboost|p2a: Froslussy|spe|1
|move|p2a: Froslussy|Spikes|p1a: Froslass
|-sidestart|p1: ZekromIsHeat|Spikes
|
|upkeep
|turn|2
|
|t:|1776257087
|move|p1a: Froslass|Shadow Ball|p2a: Froslussy
|-supereffective|p2a: Froslussy
|-damage|p2a: Froslussy|10/100
|-start|p1a: Froslass|Disable|Shadow Ball|[from] ability: Cursed Body|[of] p2a: Froslussy
|move|p2a: Froslussy|Spikes|p1a: Froslass
|-sidestart|p1: ZekromIsHeat|Spikes
|
|upkeep
|turn|3
|
|t:|1776257098
|move|p1a: Froslass|Icy Wind|p2a: Froslussy
|-resisted|p2a: Froslussy
|-damage|p2a: Froslussy|0 fnt
|faint|p2a: Froslussy
|
|upkeep
|
|t:|1776257104
|switch|p2a: Bruxussy|Bruxish, M|100/100
|turn|4
|
|t:|1776257111
|move|p1a: Froslass|Spikes|p2a: Bruxussy
|-sidestart|p2: Cheesepuff123|Spikes
|move|p2a: Bruxussy|Crunch|p1a: Froslass
|-supereffective|p1a: Froslass
|-enditem|p1a: Froslass|Focus Sash
|-damage|p1a: Froslass|1/100
|-damage|p2a: Bruxussy|91/100|[from] item: Life Orb
|
|upkeep
|turn|5
|
|t:|1776257136
|move|p1a: Froslass|Spikes|p2a: Bruxussy
|-sidestart|p2: Cheesepuff123|Spikes
|move|p2a: Bruxussy|Crunch|p1a: Froslass
|-supereffective|p1a: Froslass
|-damage|p1a: Froslass|0 fnt
|faint|p1a: Froslass
|-damage|p2a: Bruxussy|81/100|[from] item: Life Orb
|
|upkeep
|j| chulbule
|
|t:|1776257152
|switch|p1a: Iron Jugulis|Iron Jugulis|100/100
|-enditem|p1a: Iron Jugulis|Booster Energy
|-activate|p1a: Iron Jugulis|ability: Quark Drive|[fromitem]
|-start|p1a: Iron Jugulis|quarkdrivespe
|turn|6
|
|t:|1776257175
|move|p1a: Iron Jugulis|Dark Pulse|p2a: Bruxussy
|-supereffective|p2a: Bruxussy
|-damage|p2a: Bruxussy|0 fnt
|faint|p2a: Bruxussy
|
|upkeep
|inactive|Cheesepuff123 has 120 seconds left.
|
|t:|1776257196
|switch|p2a: Ogerponussy|Ogerpon-Cornerstone, F|100/100
|-damage|p2a: Ogerponussy|84/100|[from] Spikes
|turn|7
|
|t:|1776257218
|-terastallize|p2a: Ogerponussy|Rock
|detailschange|p2a: Ogerponussy|Ogerpon-Cornerstone-Tera, F, tera:Rock
|-ability|p2a: Ogerponussy|Embody Aspect (Cornerstone)|boost
|-boost|p2a: Ogerponussy|def|1
|move|p1a: Iron Jugulis|Dark Pulse|p2a: Ogerponussy
|-damage|p2a: Ogerponussy|38/100
|move|p2a: Ogerponussy|Ivy Cudgel|p1a: Iron Jugulis|[anim] Ivy Cudgel Rock
|-supereffective|p1a: Iron Jugulis
|-damage|p1a: Iron Jugulis|0 fnt
|faint|p1a: Iron Jugulis
|-end|p1a: Iron Jugulis|Quark Drive|[silent]
|
|upkeep
|
|t:|1776257229
|switch|p1a: Bruxish|Bruxish, M|100/100
|-damage|p1a: Bruxish|84/100|[from] Spikes
|turn|8
|
|t:|1776257239
|move|p1a: Bruxish|Wave Crash|p2a: Ogerponussy
|-supereffective|p2a: Ogerponussy
|-damage|p2a: Ogerponussy|0 fnt
|faint|p2a: Ogerponussy
|detailschange|p2: Ogerponussy|Ogerpon-Cornerstone, F|[silent]
|-damage|p1a: Bruxish|71/100|[from] Recoil
|
|upkeep
|
|t:|1776257246
|switch|p2a: Cincinussy|Cinccino, M|100/100
|-damage|p2a: Cincinussy|84/100|[from] Spikes
|turn|9
|
|t:|1776257248
|move|p1a: Bruxish|Wave Crash|p2a: Cincinussy
|-damage|p2a: Cincinussy|0 fnt
|faint|p2a: Cincinussy
|-damage|p1a: Bruxish|42/100|[from] Recoil
|
|upkeep
|
|t:|1776257251
|switch|p2a: Houndstussy|Houndstone, F|100/100
|-damage|p2a: Houndstussy|84/100|[from] Spikes
|turn|10
|
|t:|1776257258
|move|p1a: Bruxish|Wave Crash|p2a: Houndstussy
|-damage|p2a: Houndstussy|58/100
|-damage|p1a: Bruxish|31/100|[from] Recoil
|move|p2a: Houndstussy|Crunch|p1a: Bruxish
|-supereffective|p1a: Bruxish
|-damage|p1a: Bruxish|0 fnt
|faint|p1a: Bruxish
|
|-heal|p2a: Houndstussy|64/100|[from] item: Leftovers
|upkeep
|
|t:|1776257265
|switch|p1a: Ogerpon|Ogerpon, F|100/100
|-damage|p1a: Ogerpon|84/100|[from] Spikes
|turn|11
|
|t:|1776257270
|move|p1a: Ogerpon|Swords Dance|p1a: Ogerpon
|-boost|p1a: Ogerpon|atk|2
|move|p2a: Houndstussy|Will-O-Wisp|p1a: Ogerpon
|-status|p1a: Ogerpon|brn
|-enditem|p1a: Ogerpon|Lum Berry|[eat]
|-curestatus|p1a: Ogerpon|brn|[msg]
|
|-heal|p2a: Houndstussy|70/100|[from] item: Leftovers
|upkeep
|turn|12
|
|t:|1776257298
|-terastallize|p1a: Ogerpon|Grass
|detailschange|p1a: Ogerpon|Ogerpon-Teal-Tera, F, tera:Grass
|-ability|p1a: Ogerpon|Embody Aspect (Teal)|boost
|-boost|p1a: Ogerpon|spe|1
|move|p1a: Ogerpon|Ivy Cudgel|p2a: Houndstussy
|-damage|p2a: Houndstussy|0 fnt
|faint|p2a: Houndstussy
|
|upkeep
|
|t:|1776257303
|switch|p2a: Iron Juglussy|Iron Jugulis|100/100
|-enditem|p2a: Iron Juglussy|Booster Energy
|-activate|p2a: Iron Juglussy|ability: Quark Drive|[fromitem]
|-start|p2a: Iron Juglussy|quarkdrivespe
|turn|13
|
|t:|1776257306
|move|p1a: Ogerpon|Play Rough|p2a: Iron Juglussy
|-supereffective|p2a: Iron Juglussy
|-damage|p2a: Iron Juglussy|0 fnt
|faint|p2a: Iron Juglussy
|-end|p2a: Iron Juglussy|Quark Drive|[silent]
|
|win|ZekromIsHeat
|n|☆ZekromIsHeat|zekromisheat
|n|☆Cheesepuff123|cheesepuff123
|n|*Lady Monita |ladymonita
|n| chulbule|chulbule
