|html|<div class="broadcast-blue"><strong>[Gen 9] OU is currently suspecting Tera Blast! For information on how to participate check out the <a href="https://www.smogon.com/tools/suspects/view/200">suspect thread</a>.</strong></div>
|j|☆sharkerthantheteal
|j|☆BrenBrenlol
|t:|1776212517
|gametype|singles
|player|p1|sharkerthantheteal|cynthia-gen4|1139
|player|p2|BrenBrenlol|265|1181
|gen|9
|tier|[Gen 9] OU
|rated|
|rule|HP Percentage Mod: HP is shown in percentages
|rule|Endless Battle Clause: Forcing endless battles is banned
|rule|Species Clause: Limit one of each Pokémon
|rule|OHKO Clause: OHKO moves are banned
|rule|Evasion Items Clause: Evasion items are banned
|rule|Evasion Moves Clause: Evasion moves are banned
|rule|Evasion Abilities Clause: Evasion abilities are banned
|rule|Sleep Moves Clause: Sleep-inducing moves are banned
|clearpoke
|poke|p1|Hatterene, F|
|poke|p1|Diancie|
|poke|p1|Ursaluna, M|
|poke|p1|Iron Hands|
|poke|p1|Azumarill, M|
|poke|p1|Armarouge, M|
|poke|p2|Clefable, F|
|poke|p2|Dragapult, M|
|poke|p2|Corviknight, M|
|poke|p2|Zamazenta-*|
|poke|p2|Greninja-*, M|
|poke|p2|Goodra-Hisui, F|
|teampreview
|
|t:|1776212538
|teamsize|p1|6
|teamsize|p2|6
|start
|switch|p1a: Hatterene|Hatterene, F|100/100
|switch|p2a: Dragapult|Dragapult, M|100/100
|turn|1
|
|t:|1776212544
|move|p2a: Dragapult|U-turn|p1a: Hatterene
|-damage|p1a: Hatterene|62/100
|
|t:|1776212548
|switch|p2a: Goodra|Goodra-Hisui, F, shiny|100/100|[from] U-turn
|move|p1a: Hatterene|Trick Room|p1a: Hatterene
|-fieldstart|move: Trick Room|[of] p1a: Hatterene
|
|upkeep
|turn|2
|
|t:|1776212563
|move|p1a: Hatterene|Psychic Terrain|p1a: Hatterene
|-fieldstart|move: Psychic Terrain
|move|p2a: Goodra|Flash Cannon|p1a: Hatterene
|-supereffective|p1a: Hatterene
|-crit|p1a: Hatterene
|-damage|p1a: Hatterene|0 fnt
|faint|p1a: Hatterene
|
|upkeep
|
|t:|1776212570
|switch|p1a: Armarouge|Armarouge, M|100/100
|turn|3
|
|t:|1776212612
|switch|p2a: Corviknight|Corviknight, M, shiny|100/100
|move|p1a: Armarouge|Armor Cannon|p2a: Corviknight
|-supereffective|p2a: Corviknight
|-damage|p2a: Corviknight|0 fnt
|-unboost|p1a: Armarouge|def|1
|-unboost|p1a: Armarouge|spd|1
|faint|p2a: Corviknight
|
|upkeep
|
|t:|1776212630
|switch|p2a: Clefable|Clefable, F|100/100
|turn|4
|
|t:|1776212636
|-terastallize|p1a: Armarouge|Psychic
|move|p1a: Armarouge|Expanding Force|p2a: Clefable
|-damage|p2a: Clefable|0 fnt
|faint|p2a: Clefable
|
|upkeep
|
|t:|1776212641
|switch|p2a: Greninja|Greninja, M|100/100
|turn|5
|
|t:|1776212645
|move|p1a: Armarouge|Armor Cannon|p2a: Greninja
|-resisted|p2a: Greninja
|-damage|p2a: Greninja|52/100
|-unboost|p1a: Armarouge|def|1
|-unboost|p1a: Armarouge|spd|1
|move|p2a: Greninja|Extrasensory|p1a: Armarouge
|-start|p2a: Greninja|typechange|Psychic|[from] ability: Protean
|-resisted|p1a: Armarouge
|-damage|p1a: Armarouge|52/100
|
|-fieldend|move: Trick Room
|upkeep
|turn|6
|
|t:|1776212659
|switch|p1a: Diancie|Diancie|100/100
|move|p2a: Greninja|Extrasensory|p1a: Diancie
|-damage|p1a: Diancie|62/100
|
|-fieldend|move: Psychic Terrain
|upkeep
|turn|7
|
|t:|1776212665
|move|p2a: Greninja|Surf|p1a: Diancie
|-supereffective|p1a: Diancie
|-damage|p1a: Diancie|16/100
|move|p1a: Diancie|Trick Room|p1a: Diancie
|-fieldstart|move: Trick Room|[of] p1a: Diancie
|
|upkeep
|turn|8
|
|t:|1776212673
|switch|p1a: Azumarill|Azumarill, M|100/100
|switch|p2a: Goodra|Goodra-Hisui, F, shiny|100/100
|
|upkeep
|turn|9
|
|t:|1776212695
|move|p1a: Azumarill|Belly Drum|p1a: Azumarill
|-damage|p1a: Azumarill|50/100
|-setboost|p1a: Azumarill|atk|6|[from] move: Belly Drum
|move|p2a: Goodra|Flash Cannon|p1a: Azumarill
|-damage|p1a: Azumarill|9/100
|
|upkeep
|turn|10
|
|t:|1776212702
|move|p1a: Azumarill|Liquidation|p2a: Goodra
|-resisted|p2a: Goodra
|-damage|p2a: Goodra|0 fnt
|-ability|p2a: Goodra|Gooey
|-unboost|p1a: Azumarill|spe|1
|faint|p2a: Goodra
|
|upkeep
|
|t:|1776212706
|switch|p2a: Dragapult|Dragapult, M|100/100
|turn|11
|
|t:|1776212712
|move|p2a: Dragapult|Sucker Punch|p1a: Azumarill
|-resisted|p1a: Azumarill
|-damage|p1a: Azumarill|0 fnt
|faint|p1a: Azumarill
|
|-fieldend|move: Trick Room
|upkeep
|
|t:|1776212718
|switch|p1a: Diancie|Diancie|16/100
|turn|12
|
|t:|1776212722
|switch|p2a: Greninja|Greninja, M|52/100
|move|p1a: Diancie|Trick Room|p1a: Diancie
|-fieldstart|move: Trick Room|[of] p1a: Diancie
|
|upkeep
|turn|13
|
|t:|1776212728
|move|p1a: Diancie|Body Press|p2a: Greninja
|-supereffective|p2a: Greninja
|-damage|p2a: Greninja|0 fnt
|faint|p2a: Greninja
|
|upkeep
|
|t:|1776212731
|switch|p2a: Dragapult|Dragapult, M|100/100
|turn|14
|
|t:|1776212737
|move|p2a: Dragapult|Sucker Punch||[still]
|-fail|p2a: Dragapult
|move|p1a: Diancie|Amnesia|p1a: Diancie
|-boost|p1a: Diancie|spd|2
|
|upkeep
|turn|15
|
|t:|1776212742
|move|p2a: Dragapult|Sucker Punch||[still]
|-fail|p2a: Dragapult
|move|p1a: Diancie|Amnesia|p1a: Diancie
|-boost|p1a: Diancie|spd|2
|
|upkeep
|turn|16
|
|t:|1776212748
|switch|p2a: Zamazenta|Zamazenta, shiny|100/100
|-ability|p2a: Zamazenta|Dauntless Shield|boost
|-boost|p2a: Zamazenta|def|1
|move|p1a: Diancie|Amnesia|p1a: Diancie
|-boost|p1a: Diancie|spd|2
|
|-fieldend|move: Trick Room
|upkeep
|turn|17
|
|t:|1776212759
|move|p2a: Zamazenta|Heavy Slam|p1a: Diancie
|-supereffective|p1a: Diancie
|-damage|p1a: Diancie|0 fnt
|faint|p1a: Diancie
|
|upkeep
|
|t:|1776212766
|switch|p1a: Armarouge|Armarouge, M, tera:Psychic|52/100
|turn|18
|
|t:|1776212772
|move|p2a: Zamazenta|Crunch|p1a: Armarouge
|-supereffective|p1a: Armarouge
|-damage|p1a: Armarouge|9/100
|-enditem|p1a: Armarouge|Weakness Policy
|-boost|p1a: Armarouge|atk|2|[from] item: Weakness Policy
|-boost|p1a: Armarouge|spa|2|[from] item: Weakness Policy
|move|p1a: Armarouge|Trick Room|p1a: Armarouge
|-fieldstart|move: Trick Room|[of] p1a: Armarouge
|
|upkeep
|turn|19
|
|t:|1776212783
|-terastallize|p2a: Zamazenta|Steel
|move|p1a: Armarouge|Expanding Force|p2a: Zamazenta
|-resisted|p2a: Zamazenta
|-crit|p2a: Zamazenta
|-damage|p2a: Zamazenta|43/100
|move|p2a: Zamazenta|Crunch|p1a: Armarouge
|-supereffective|p1a: Armarouge
|-damage|p1a: Armarouge|0 fnt
|faint|p1a: Armarouge
|
|upkeep
|
|t:|1776212791
|switch|p1a: Ursaluna|Ursaluna, M|100/100
|turn|20
|
|t:|1776212807
|switch|p2a: Dragapult|Dragapult, M|100/100
|move|p1a: Ursaluna|Earthquake|p2a: Dragapult
|-damage|p2a: Dragapult|40/100
|
|-status|p1a: Ursaluna|brn|[from] item: Flame Orb
|upkeep
|turn|21
|c|☆sharkerthantheteal|gg
|
|t:|1776212819
|move|p1a: Ursaluna|Earthquake|p2a: Dragapult
|-damage|p2a: Dragapult|0 fnt
|faint|p2a: Dragapult
|
|-damage|p1a: Ursaluna|94/100 brn|[from] brn
|upkeep
|
|t:|1776212823
|switch|p2a: Zamazenta|Zamazenta, shiny, tera:Steel|43/100
|turn|22
|
|t:|1776212826
|move|p1a: Ursaluna|Earthquake|p2a: Zamazenta
|-supereffective|p2a: Zamazenta
|-damage|p2a: Zamazenta|0 fnt
|faint|p2a: Zamazenta
|
|win|sharkerthantheteal
|raw|sharkerthantheteal's rating: 1139 &rarr; <strong>1167</strong><br />(+28 for winning)
|raw|BrenBrenlol's rating: 1181 &rarr; <strong>1153</strong><br />(-28 for losing)
