|html|<div class="broadcast-blue"><strong>[Gen 9] OU is currently suspecting Tera Blast! For information on how to participate check out the <a href="https://www.smogon.com/tools/suspects/view/200">suspect thread</a>.</strong></div>
|j|☆GreninjaMyFav
|j|☆lapsesd
|t:|1776097551
|gametype|singles
|player|p1|GreninjaMyFav|101|1389
|player|p2|lapsesd|sada-ai|1416
|gen|9
|tier|[Gen 9] OU
|rated|
|rule|HP Percentage Mod: HP is shown in percentages
|rule|Endless Battle Clause: Forcing endless battles is banned
|rule|Species Clause: Limit one of each Pokémon
|rule|OHKO Clause: OHKO moves are banned
|rule|Evasion Items Clause: Evasion items are banned
|rule|Evasion Moves Clause: Evasion moves are banned
|rule|Evasion Abilities Clause: Evasion abilities are banned
|rule|Sleep Moves Clause: Sleep-inducing moves are banned
|clearpoke
|poke|p1|Greninja-*, F|
|poke|p1|Moltres|
|poke|p1|Hatterene, F|
|poke|p1|Great Tusk|
|poke|p1|Dragapult, F|
|poke|p1|Garganacl, F|
|poke|p2|Landorus-Therian, M|
|poke|p2|Ribombee, M|
|poke|p2|Gholdengo|
|poke|p2|Ogerpon-Wellspring, F|
|poke|p2|Iron Treads|
|poke|p2|Darkrai|
|teampreview
|
|t:|1776097573
|teamsize|p1|6
|teamsize|p2|6
|start
|switch|p1a: Hatterene|Hatterene, F|100/100
|switch|p2a: Ribombee|Ribombee, M, shiny|100/100
|turn|1
|
|t:|1776097578
|switch|p2a: Gholdengo|Gholdengo|100/100
|-item|p2a: Gholdengo|Air Balloon
|move|p1a: Hatterene|Nuzzle|p2a: Gholdengo
|-damage|p2a: Gholdengo|96/100
|-status|p2a: Gholdengo|par
|-enditem|p2a: Gholdengo|Air Balloon
|
|upkeep
|turn|2
|
|t:|1776097583
|switch|p1a: Greninja|Greninja, F|100/100
|cant|p2a: Gholdengo|par
|
|upkeep
|turn|3
|
|t:|1776097598
|switch|p1a: Hatterene|Hatterene, F|100/100
|switch|p2a: Ribombee|Ribombee, M, shiny|100/100
|
|upkeep
|turn|4
|
|t:|1776097601
|switch|p2a: Gholdengo|Gholdengo|96/100 par
|move|p1a: Hatterene|Nuzzle|p2a: Gholdengo
|-damage|p2a: Gholdengo|93/100 par
|
|upkeep
|turn|5
|
|t:|1776097604
|switch|p1a: Moltres|Moltres|100/100
|move|p2a: Gholdengo|Make It Rain|p1a: Moltres
|-resisted|p1a: Moltres
|-damage|p1a: Moltres|78/100
|-unboost|p2a: Gholdengo|spa|1
|
|upkeep
|turn|6
|
|t:|1776097611
|switch|p2a: Landorus|Landorus-Therian, M, shiny|100/100
|-ability|p2a: Landorus|Intimidate|boost
|-unboost|p1a: Moltres|atk|1
|move|p1a: Moltres|U-turn|p2a: Landorus
|-resisted|p2a: Landorus
|-damage|p2a: Landorus|95/100
|
|t:|1776097614
|switch|p1a: Greninja|Greninja, F|100/100|[from] U-turn
|
|-heal|p2a: Landorus|100/100|[from] item: Leftovers
|upkeep
|turn|7
|inactive|Battle timer is ON: inactive players will automatically lose when time's up. (requested by lapsesd)
|
|t:|1776097629
|switch|p2a: Ribombee|Ribombee, M, shiny|100/100
|move|p1a: Greninja|Sludge Wave|p2a: Ribombee
|-start|p1a: Greninja|typechange|Poison|[from] ability: Protean
|-supereffective|p2a: Ribombee
|-enditem|p2a: Ribombee|Focus Sash
|-damage|p2a: Ribombee|1/100
|
|upkeep
|turn|8
|
|t:|1776097643
|switch|p2a: Landorus|Landorus-Therian, M, shiny|100/100
|-ability|p2a: Landorus|Intimidate|boost
|-unboost|p1a: Greninja|atk|1
|switch|p1a: Hatterene|Hatterene, F|100/100
|
|upkeep
|turn|9
|
|t:|1776097650
|move|p2a: Landorus|Substitute|p2a: Landorus
|-start|p2a: Landorus|Substitute
|-damage|p2a: Landorus|76/100
|move|p1a: Hatterene|Nuzzle|p2a: Landorus
|-immune|p2a: Landorus
|
|-heal|p2a: Landorus|82/100|[from] item: Leftovers
|upkeep
|turn|10
|
|t:|1776097653
|move|p2a: Landorus|Swords Dance|p2a: Landorus
|-boost|p2a: Landorus|atk|2
|move|p1a: Hatterene|Draining Kiss|p2a: Landorus
|-end|p2a: Landorus|Substitute
|
|-heal|p2a: Landorus|88/100|[from] item: Leftovers
|upkeep
|turn|11
|
|t:|1776097660
|switch|p1a: Great Tusk|Great Tusk|100/100
|move|p2a: Landorus|Substitute|p2a: Landorus
|-start|p2a: Landorus|Substitute
|-damage|p2a: Landorus|63/100
|
|-heal|p2a: Landorus|69/100|[from] item: Leftovers
|upkeep
|turn|12
|
|t:|1776097673
|move|p2a: Landorus|Earthquake|p1a: Great Tusk
|-damage|p1a: Great Tusk|23/100
|move|p1a: Great Tusk|Ice Spinner|p2a: Landorus
|-supereffective|p2a: Landorus
|-end|p2a: Landorus|Substitute
|
|-heal|p2a: Landorus|75/100|[from] item: Leftovers
|upkeep
|turn|13
|
|t:|1776097681
|move|p2a: Landorus|Earthquake|p1a: Great Tusk
|-damage|p1a: Great Tusk|0 fnt
|faint|p1a: Great Tusk
|-end|p1a: Great Tusk|Protosynthesis|[silent]
|
|-heal|p2a: Landorus|81/100|[from] item: Leftovers
|upkeep
|
|t:|1776097685
|switch|p1a: Greninja|Greninja, F|100/100
|turn|14
|
|t:|1776097693
|switch|p2a: Gholdengo|Gholdengo|93/100 par
|move|p1a: Greninja|Grass Knot|p2a: Gholdengo
|-start|p1a: Greninja|typechange|Grass|[from] ability: Protean
|-resisted|p2a: Gholdengo
|-damage|p2a: Gholdengo|67/100 par
|
|upkeep
|turn|15
|
|t:|1776097697
|switch|p1a: Moltres|Moltres|78/100
|cant|p2a: Gholdengo|par
|
|upkeep
|turn|16
|
|t:|1776097700
|move|p1a: Moltres|U-turn|p2a: Gholdengo
|-resisted|p2a: Gholdengo
|-damage|p2a: Gholdengo|62/100 par
|
|t:|1776097701
|switch|p1a: Dragapult|Dragapult, F|100/100|[from] U-turn
|move|p2a: Gholdengo|Shadow Ball|p1a: Dragapult
|-supereffective|p1a: Dragapult
|-damage|p1a: Dragapult|0 fnt
|faint|p1a: Dragapult
|
|upkeep
|
|t:|1776097703
|switch|p1a: Greninja|Greninja, F|100/100
|turn|17
|-message|GreninjaMyFav forfeited.
|
|win|lapsesd
|raw|GreninjaMyFav's rating: 1389 &rarr; <strong>1371</strong><br />(-18 for losing)
|raw|lapsesd's rating: 1416 &rarr; <strong>1434</strong><br />(+18 for winning)
|l|☆GreninjaMyFav
|player|p1|
