|html|<div class="broadcast-blue"><strong>[Gen 9] OU is currently suspecting Tera Blast! For information on how to participate check out the <a href="https://www.smogon.com/tools/suspects/view/200">suspect thread</a>.</strong></div>
|j|☆Arabesque No.1
|j|☆summerise
|t:|1776236275
|gametype|singles
|player|p1|Arabesque No.1|bea|1464
|player|p2|summerise|bugcatcher-gen4dp|1388
|gen|9
|tier|[Gen 9] OU
|rated|
|rule|HP Percentage Mod: HP is shown in percentages
|rule|Endless Battle Clause: Forcing endless battles is banned
|rule|Species Clause: Limit one of each Pokémon
|rule|OHKO Clause: OHKO moves are banned
|rule|Evasion Items Clause: Evasion items are banned
|rule|Evasion Moves Clause: Evasion moves are banned
|rule|Evasion Abilities Clause: Evasion abilities are banned
|rule|Sleep Moves Clause: Sleep-inducing moves are banned
|clearpoke
|poke|p1|Ogerpon-Cornerstone, F|
|poke|p1|Iron Moth|
|poke|p1|Ceruledge, M|
|poke|p1|Rillaboom, M|
|poke|p1|Iron Hands|
|poke|p1|Kingambit, M|
|poke|p2|Thundurus-Therian, M|
|poke|p2|Chandelure, M|
|poke|p2|Ogerpon-Wellspring, F|
|poke|p2|Zamazenta-*|
|poke|p2|Kingambit, M|
|poke|p2|Deoxys-Speed|
|teampreview
|inactive|Battle timer is ON: inactive players will automatically lose when time's up. (requested by Arabesque No.1)
|inactive|summerise also wants the timer to be on.
|
|t:|1776236297
|teamsize|p1|6
|teamsize|p2|6
|start
|switch|p1a: Ogerpon|Ogerpon-Cornerstone, F|100/100
|switch|p2a: Thundurus|Thundurus-Therian, M|100/100
|turn|1
|
|t:|1776236304
|move|p1a: Ogerpon|Taunt|p2a: Thundurus
|-start|p2a: Thundurus|move: Taunt
|move|p2a: Thundurus|Volt Switch|p1a: Ogerpon
|-resisted|p1a: Ogerpon
|-damage|p1a: Ogerpon|77/100
|
|t:|1776236315
|switch|p2a: Deoxys|Deoxys-Speed|100/100|[from] Volt Switch
|-ability|p2a: Deoxys|Pressure
|
|upkeep
|turn|2
|
|t:|1776236323
|move|p2a: Deoxys|Stealth Rock|p1a: Ogerpon
|-sidestart|p1: Arabesque No.1|move: Stealth Rock
|move|p1a: Ogerpon|Taunt|p2a: Deoxys
|-start|p2a: Deoxys|move: Taunt
|
|upkeep
|turn|3
|
|t:|1776236326
|move|p2a: Deoxys|Superpower|p1a: Ogerpon
|-supereffective|p1a: Ogerpon
|-damage|p1a: Ogerpon|0 fnt
|-unboost|p2a: Deoxys|atk|1
|-unboost|p2a: Deoxys|def|1
|faint|p1a: Ogerpon
|-enditem|p2a: Deoxys|Eject Pack
|
|t:|1776236336
|switch|p2a: Chandelure|Chandelure, M|100/100
|-item|p2a: Chandelure|Air Balloon
|
|upkeep
|
|t:|1776236358
|switch|p1a: Iron Hands|Iron Hands|100/100
|-damage|p1a: Iron Hands|94/100|[from] Stealth Rock
|turn|4
|
|t:|1776236370
|move|p2a: Chandelure|Fire Blast|p1a: Iron Hands
|-damage|p1a: Iron Hands|21/100
|move|p1a: Iron Hands|Wild Charge|p2a: Chandelure
|-damage|p2a: Chandelure|41/100
|-enditem|p2a: Chandelure|Air Balloon
|-damage|p1a: Iron Hands|11/100|[from] Recoil
|
|-heal|p1a: Iron Hands|17/100|[from] item: Leftovers
|upkeep
|turn|5
|
|t:|1776236375
|move|p2a: Chandelure|Fire Blast|p1a: Iron Hands
|-damage|p1a: Iron Hands|0 fnt
|faint|p1a: Iron Hands
|-end|p1a: Iron Hands|Quark Drive|[silent]
|
|upkeep
|
|t:|1776236383
|switch|p1a: Ceruledge|Ceruledge, M, shiny|100/100
|-damage|p1a: Ceruledge|76/100|[from] Stealth Rock
|turn|6
|
|t:|1776236388
|move|p1a: Ceruledge|Swords Dance|p1a: Ceruledge
|-boost|p1a: Ceruledge|atk|2
|move|p2a: Chandelure|Shadow Ball|p1a: Ceruledge
|-supereffective|p1a: Ceruledge
|-damage|p1a: Ceruledge|0 fnt
|faint|p1a: Ceruledge
|
|upkeep
|
|t:|1776236392
|switch|p1a: Iron Moth|Iron Moth|100/100
|-damage|p1a: Iron Moth|76/100|[from] Stealth Rock
|-enditem|p1a: Iron Moth|Booster Energy
|-activate|p1a: Iron Moth|ability: Quark Drive|[fromitem]
|-start|p1a: Iron Moth|quarkdrivespe
|turn|7
|
|t:|1776236398
|move|p1a: Iron Moth|Sludge Wave|p2a: Chandelure
|-resisted|p2a: Chandelure
|-damage|p2a: Chandelure|11/100
|move|p2a: Chandelure|Shadow Ball|p1a: Iron Moth
|-damage|p1a: Iron Moth|21/100
|
|upkeep
|turn|8
|
|t:|1776236402
|move|p1a: Iron Moth|Sludge Wave|p2a: Chandelure
|-resisted|p2a: Chandelure
|-damage|p2a: Chandelure|0 fnt
|faint|p2a: Chandelure
|
|upkeep
|
|t:|1776236405
|switch|p2a: Deoxys|Deoxys-Speed|100/100
|-ability|p2a: Deoxys|Pressure
|turn|9
|
|t:|1776236410
|move|p1a: Iron Moth|Sludge Wave|p2a: Deoxys
|-damage|p2a: Deoxys|26/100
|-status|p2a: Deoxys|psn
|move|p2a: Deoxys|Psycho Boost|p1a: Iron Moth
|-supereffective|p1a: Iron Moth
|-damage|p1a: Iron Moth|0 fnt
|-unboost|p2a: Deoxys|spa|2
|faint|p1a: Iron Moth
|-end|p1a: Iron Moth|Quark Drive|[silent]
|
|-damage|p2a: Deoxys|13/100 psn|[from] psn
|upkeep
|
|t:|1776236421
|switch|p1a: Guts|Kingambit, M|100/100
|-damage|p1a: Guts|94/100|[from] Stealth Rock
|-activate|p1a: Guts|ability: Supreme Overlord
|-start|p1a: Guts|fallen4|[silent]
|turn|10
|
|t:|1776236434
|-terastallize|p1a: Guts|Fairy
|move|p2a: Deoxys|Superpower|p1a: Guts
|-resisted|p1a: Guts
|-damage|p1a: Guts|79/100
|-unboost|p2a: Deoxys|atk|1
|-unboost|p2a: Deoxys|def|1
|move|p1a: Guts|Swords Dance|p1a: Guts
|-boost|p1a: Guts|atk|2
|
|-damage|p2a: Deoxys|1/100 psn|[from] psn
|upkeep
|turn|11
|
|t:|1776236441
|switch|p2a: Zamazenta|Zamazenta|100/100
|-ability|p2a: Zamazenta|Dauntless Shield|boost
|-boost|p2a: Zamazenta|def|1
|move|p1a: Guts|Swords Dance|p1a: Guts
|-boost|p1a: Guts|atk|2
|
|upkeep
|turn|12
|
|t:|1776236444
|move|p2a: Zamazenta|Heavy Slam|p1a: Guts
|-supereffective|p1a: Guts
|-damage|p1a: Guts|42/100
|move|p1a: Guts|Tera Blast|p2a: Zamazenta|[anim] Tera Blast Fairy
|-supereffective|p2a: Zamazenta
|-damage|p2a: Zamazenta|0 fnt
|faint|p2a: Zamazenta
|
|upkeep
|
|t:|1776236453
|switch|p2a: Kingambit|Kingambit, M|100/100
|-activate|p2a: Kingambit|ability: Supreme Overlord
|-start|p2a: Kingambit|fallen2|[silent]
|turn|13
|
|t:|1776236458
|move|p1a: Guts|Kowtow Cleave|p2a: Kingambit
|-resisted|p2a: Kingambit
|-damage|p2a: Kingambit|12/100
|move|p2a: Kingambit|Iron Head|p1a: Guts
|-supereffective|p1a: Guts
|-damage|p1a: Guts|0 fnt
|faint|p1a: Guts
|-end|p1a: Guts|fallen4|[silent]
|
|-heal|p2a: Kingambit|18/100|[from] item: Leftovers
|upkeep
|
|t:|1776236463
|switch|p1a: Rillaboom|Rillaboom, M|100/100
|-damage|p1a: Rillaboom|88/100|[from] Stealth Rock
|-fieldstart|move: Grassy Terrain|[from] ability: Grassy Surge|[of] p1a: Rillaboom
|turn|14
|c|☆summerise|何意味
|
|t:|1776236468
|-end|p2a: Kingambit|fallen2|[silent]
|switch|p2a: Deoxys|Deoxys-Speed|1/100 psn
|-ability|p2a: Deoxys|Pressure
|move|p1a: Rillaboom|Swords Dance|p1a: Rillaboom
|-boost|p1a: Rillaboom|atk|2
|
|-heal|p2a: Deoxys|7/100 psn|[from] Grassy Terrain
|-heal|p1a: Rillaboom|94/100|[from] Grassy Terrain
|-damage|p2a: Deoxys|0 fnt|[from] psn
|faint|p2a: Deoxys
|upkeep
|
|t:|1776236472
|switch|p2a: Thundurus|Thundurus-Therian, M|100/100
|turn|15
|
|t:|1776236477
|move|p2a: Thundurus|Volt Switch|p1a: Rillaboom
|-resisted|p1a: Rillaboom
|-damage|p1a: Rillaboom|69/100
|
|t:|1776236480
|switch|p2a: Ogerpon|Ogerpon-Wellspring, F|100/100|[from] Volt Switch
|move|p1a: Rillaboom|Knock Off|p2a: Ogerpon
|-damage|p2a: Ogerpon|34/100
|-damage|p1a: Rillaboom|59/100|[from] item: Life Orb
|
|-heal|p2a: Ogerpon|40/100|[from] Grassy Terrain
|-heal|p1a: Rillaboom|65/100|[from] Grassy Terrain
|upkeep
|turn|16
|
|t:|1776236485
|move|p1a: Rillaboom|Grassy Glide|p2a: Ogerpon
|-damage|p2a: Ogerpon|0 fnt
|faint|p2a: Ogerpon
|-damage|p1a: Rillaboom|55/100|[from] item: Life Orb
|
|-heal|p1a: Rillaboom|61/100|[from] Grassy Terrain
|upkeep
|
|t:|1776236490
|switch|p2a: Kingambit|Kingambit, M|18/100
|-activate|p2a: Kingambit|ability: Supreme Overlord
|-start|p2a: Kingambit|fallen4|[silent]
|turn|17
|
|t:|1776236493
|move|p1a: Rillaboom|Drain Punch|p2a: Kingambit
|-supereffective|p2a: Kingambit
|-damage|p2a: Kingambit|0 fnt
|-heal|p1a: Rillaboom|70/100|[from] drain|[of] p2a: Kingambit
|faint|p2a: Kingambit
|-end|p2a: Kingambit|fallen4|[silent]
|-damage|p1a: Rillaboom|60/100|[from] item: Life Orb
|
|-heal|p1a: Rillaboom|66/100|[from] Grassy Terrain
|upkeep
|
|t:|1776236496
|switch|p2a: Thundurus|Thundurus-Therian, M|100/100
|turn|18
|
|t:|1776236503
|move|p2a: Thundurus|Discharge|p1a: Rillaboom
|-resisted|p1a: Rillaboom
|-damage|p1a: Rillaboom|36/100
|move|p1a: Rillaboom|Knock Off|p2a: Thundurus
|-damage|p2a: Thundurus|0 fnt
|-enditem|p2a: Thundurus|Heavy-Duty Boots|[from] move: Knock Off|[of] p1a: Rillaboom
|faint|p2a: Thundurus
|-damage|p1a: Rillaboom|26/100|[from] item: Life Orb
|
|win|Arabesque No.1
|raw|Arabesque No.1's rating: 1464 &rarr; <strong>1480</strong><br />(+16 for winning)
|raw|summerise's rating: 1388 &rarr; <strong>1372</strong><br />(-16 for losing)
|l|☆summerise
|player|p2|
