|html|<div class="broadcast-blue"><strong>[Gen 9] OU is currently suspecting Tera Blast! For information on how to participate check out the <a href="https://www.smogon.com/tools/suspects/view/200">suspect thread</a>.</strong></div>
|j|☆kjojon
|j|☆Danphibia
|t:|1776270440
|gametype|singles
|player|p1|kjojon|brock|1140
|player|p2|Danphibia|ethan|1131
|gen|9
|tier|[Gen 9] OU
|rated|
|rule|HP Percentage Mod: HP is shown in percentages
|rule|Endless Battle Clause: Forcing endless battles is banned
|rule|Species Clause: Limit one of each Pokémon
|rule|OHKO Clause: OHKO moves are banned
|rule|Evasion Items Clause: Evasion items are banned
|rule|Evasion Moves Clause: Evasion moves are banned
|rule|Evasion Abilities Clause: Evasion abilities are banned
|rule|Sleep Moves Clause: Sleep-inducing moves are banned
|clearpoke
|poke|p1|Gardevoir, F|
|poke|p1|Cinderace, F|
|poke|p1|Duraludon, M|
|poke|p1|Hitmontop, M|
|poke|p1|Necrozma|
|poke|p1|Porygon-Z|
|poke|p2|Iron Valiant|
|poke|p2|Great Tusk|
|poke|p2|Dragonite, M|
|poke|p2|Deoxys-Speed|
|poke|p2|Glimmora, M|
|poke|p2|Kingambit, F|
|teampreview
|
|t:|1776270447
|teamsize|p1|6
|teamsize|p2|6
|start
|switch|p1a: PoyPee|Porygon-Z, shiny|100/100
|switch|p2a: Deoxys|Deoxys-Speed|100/100
|-ability|p2a: Deoxys|Pressure
|turn|1
|
|t:|1776270452
|move|p2a: Deoxys|Light Screen|p2a: Deoxys
|-sidestart|p2: Danphibia|move: Light Screen
|move|p1a: PoyPee|Tri Attack|p2a: Deoxys
|-damage|p2a: Deoxys|59/100
|
|upkeep
|turn|2
|
|t:|1776270459
|move|p2a: Deoxys|Reflect|p2a: Deoxys
|-sidestart|p2: Danphibia|Reflect
|move|p1a: PoyPee|Tri Attack|p2a: Deoxys
|-damage|p2a: Deoxys|23/100
|
|upkeep
|turn|3
|inactive|Battle timer is ON: inactive players will automatically lose when time's up. (requested by kjojon)
|
|t:|1776270502
|move|p2a: Deoxys|Psycho Boost|p1a: PoyPee
|-damage|p1a: PoyPee|33/100
|-unboost|p2a: Deoxys|spa|2
|move|p1a: PoyPee|Tri Attack|p2a: Deoxys
|-damage|p2a: Deoxys|0 fnt
|faint|p2a: Deoxys
|
|upkeep
|
|t:|1776270505
|switch|p2a: Glimmora|Glimmora, M|100/100
|turn|4
|
|t:|1776270522
|move|p2a: Glimmora|Earth Power|p1a: PoyPee
|-damage|p1a: PoyPee|0 fnt
|faint|p1a: PoyPee
|
|upkeep
|
|t:|1776270525
|switch|p1a: Joao|Cinderace, F, shiny|100/100
|turn|5
|
|t:|1776270530
|move|p1a: Joao|Court Change|p1a: Joao
|-start|p1a: Joao|typechange|Normal|[from] ability: Libero
|-swapsideconditions
|-activate|p1a: Joao|move: Court Change
|move|p2a: Glimmora|Meteor Beam||[still]
|-prepare|p2a: Glimmora|Meteor Beam
|-boost|p2a: Glimmora|spa|1
|-enditem|p2a: Glimmora|Power Herb
|-anim|p2a: Glimmora|Meteor Beam|p1a: Joao
|-damage|p1a: Joao|21/100
|
|upkeep
|turn|6
|
|t:|1776270546
|switch|p1a: R-Pyrite|Necrozma, shiny|100/100
|move|p2a: Glimmora|Earth Power|p1a: R-Pyrite
|-damage|p1a: R-Pyrite|72/100
|
|upkeep
|turn|7
|
|t:|1776270559
|switch|p2a: Kingambit|Kingambit, F|100/100
|-activate|p2a: Kingambit|ability: Supreme Overlord
|-start|p2a: Kingambit|fallen1|[silent]
|move|p1a: R-Pyrite|Dragon Dance|p1a: R-Pyrite
|-boost|p1a: R-Pyrite|atk|1
|-boost|p1a: R-Pyrite|spe|1
|
|upkeep
|turn|8
|
|t:|1776270568
|move|p2a: Kingambit|Sucker Punch||[still]
|-fail|p2a: Kingambit
|move|p1a: R-Pyrite|Dragon Dance|p1a: R-Pyrite
|-boost|p1a: R-Pyrite|atk|1
|-boost|p1a: R-Pyrite|spe|1
|
|-sideend|p1: kjojon|move: Light Screen
|upkeep
|turn|9
|
|t:|1776270582
|-terastallize|p1a: R-Pyrite|Normal
|move|p2a: Kingambit|Sucker Punch|p1a: R-Pyrite
|-damage|p1a: R-Pyrite|49/100
|move|p1a: R-Pyrite|Brick Break|p2a: Kingambit
|-supereffective|p2a: Kingambit
|-damage|p2a: Kingambit|0 fnt
|faint|p2a: Kingambit
|-end|p2a: Kingambit|fallen1|[silent]
|
|-sideend|p1: kjojon|Reflect
|upkeep
|inactive|Danphibia has 120 seconds left.
|
|t:|1776270614
|switch|p2a: Dragonite|Dragonite, M|100/100
|turn|10
|
|t:|1776270622
|-terastallize|p2a: Dragonite|Flying
|move|p1a: R-Pyrite|Photon Geyser|p2a: Dragonite
|-damage|p2a: Dragonite|0 fnt
|faint|p2a: Dragonite
|
|upkeep
|-message|Danphibia forfeited.
|
|win|kjojon
|raw|kjojon's rating: 1140 &rarr; <strong>1164</strong><br />(+24 for winning)
|raw|Danphibia's rating: 1131 &rarr; <strong>1107</strong><br />(-24 for losing)
|l|☆Danphibia
|player|p2|
