|html|<div class="broadcast-blue"><strong>[Gen 9] OU is currently suspecting Tera Blast! For information on how to participate check out the <a href="https://www.smogon.com/tools/suspects/view/200">suspect thread</a>.</strong></div>
|j|☆z3r0cool
|j|☆phreshoatmeal
|t:|1776054466
|gametype|singles
|player|p1|z3r0cool|lorelei-gen1|1550
|player|p2|phreshoatmeal|170|1571
|gen|9
|tier|[Gen 9] OU
|rated|
|rule|HP Percentage Mod: HP is shown in percentages
|rule|Endless Battle Clause: Forcing endless battles is banned
|rule|Species Clause: Limit one of each Pokémon
|rule|OHKO Clause: OHKO moves are banned
|rule|Evasion Items Clause: Evasion items are banned
|rule|Evasion Moves Clause: Evasion moves are banned
|rule|Evasion Abilities Clause: Evasion abilities are banned
|rule|Sleep Moves Clause: Sleep-inducing moves are banned
|clearpoke
|poke|p1|Iron Crown|
|poke|p1|Samurott-Hisui, F|
|poke|p1|Landorus-Therian, M|
|poke|p1|Ogerpon-Wellspring, F|
|poke|p1|Pecharunt|
|poke|p1|Great Tusk|
|poke|p2|Rotom-Heat|
|poke|p2|Mamoswine, M|
|poke|p2|Gholdengo|
|poke|p2|Chesnaught, M|
|poke|p2|Dragonite, M|
|poke|p2|Clefable, F|
|teampreview
|inactive|Battle timer is ON: inactive players will automatically lose when time's up. (requested by z3r0cool)
|
|t:|1776054512
|teamsize|p1|6
|teamsize|p2|6
|start
|switch|p1a: Iron Crown|Iron Crown|100/100
|switch|p2a: Chesnaught|Chesnaught, M|100/100
|turn|1
|
|t:|1776054524
|switch|p2a: Gholdengo|Gholdengo|100/100
|move|p1a: Iron Crown|Volt Switch|p2a: Gholdengo
|-damage|p2a: Gholdengo|58/100
|
|t:|1776054535
|-end|p1a: Iron Crown|Quark Drive|[silent]
|switch|p1a: Samurott|Samurott-Hisui, F|100/100|[from] Volt Switch
|
|upkeep
|turn|2
|
|t:|1776054541
|switch|p2a: Chesnaught|Chesnaught, M|100/100
|move|p1a: Samurott|Ceaseless Edge|p2a: Chesnaught
|-resisted|p2a: Chesnaught
|-damage|p2a: Chesnaught|86/100
|-damage|p1a: Samurott|84/100|[from] item: Rocky Helmet|[of] p2a: Chesnaught
|-sidestart|p2: phreshoatmeal|Spikes
|
|upkeep
|turn|3
|j| samurajen
|inactive|z3r0cool has 120 seconds left.
|
|t:|1776054572
|switch|p1a: Pecharunt|Pecharunt|100/100
|move|p2a: Chesnaught|Knock Off|p1a: Pecharunt
|-supereffective|p1a: Pecharunt
|-damage|p1a: Pecharunt|77/100
|-damage|p2a: Chesnaught|69/100|[from] item: Rocky Helmet|[of] p1a: Pecharunt
|-enditem|p1a: Pecharunt|Rocky Helmet|[from] move: Knock Off|[of] p2a: Chesnaught
|
|upkeep
|turn|4
|inactive|z3r0cool has 120 seconds left.
|
|t:|1776054595
|switch|p1a: Landorus|Landorus-Therian, M, shiny|100/100
|-ability|p1a: Landorus|Intimidate|boost
|-unboost|p2a: Chesnaught|atk|1
|switch|p2a: Gholdengo|Gholdengo|58/100
|-damage|p2a: Gholdengo|46/100|[from] Spikes
|
|upkeep
|turn|5
|inactive|z3r0cool has 120 seconds left.
|
|t:|1776054605
|move|p1a: Landorus|Earthquake|p2a: Gholdengo
|-supereffective|p2a: Gholdengo
|-damage|p2a: Gholdengo|0 fnt
|faint|p2a: Gholdengo
|
|upkeep
|inactive|phreshoatmeal has 120 seconds left.
|
|t:|1776054631
|switch|p2a: Rotom|Rotom-Heat|100/100
|turn|6
|inactive|phreshoatmeal has 120 seconds left.
|
|t:|1776054639
|switch|p1a: Samurott|Samurott-Hisui, F|84/100
|move|p2a: Rotom|Thunderbolt|p1a: Samurott
|-supereffective|p1a: Samurott
|-damage|p1a: Samurott|17/100
|
|upkeep
|turn|7
|
|t:|1776054650
|switch|p1a: Great Tusk|Great Tusk, shiny|100/100
|-enditem|p1a: Great Tusk|Booster Energy
|-activate|p1a: Great Tusk|ability: Protosynthesis|[fromitem]
|-start|p1a: Great Tusk|protosynthesisspe
|switch|p2a: Chesnaught|Chesnaught, M|69/100
|-damage|p2a: Chesnaught|57/100|[from] Spikes
|
|upkeep
|turn|8
|
|t:|1776054670
|-end|p1a: Great Tusk|Protosynthesis|[silent]
|switch|p1a: Pecharunt|Pecharunt|77/100
|move|p2a: Chesnaught|Synthesis|p2a: Chesnaught
|-heal|p2a: Chesnaught|100/100
|
|upkeep
|turn|9
|inactive|phreshoatmeal has 120 seconds left.
|
|t:|1776054702
|switch|p2a: Clefable|Clefable, F|100/100
|move|p1a: Pecharunt|Malignant Chain|p2a: Clefable
|-supereffective|p2a: Clefable
|-damage|p2a: Clefable|57/100
|
|-heal|p2a: Clefable|63/100|[from] item: Leftovers
|upkeep
|turn|10
|inactive|phreshoatmeal has 120 seconds left.
|
|t:|1776054721
|switch|p1a: Iron Crown|Iron Crown|100/100
|move|p2a: Clefable|Moonlight|p2a: Clefable
|-heal|p2a: Clefable|100/100
|
|upkeep
|turn|11
|inactive|phreshoatmeal has 120 seconds left.
|
|t:|1776054733
|switch|p2a: Rotom|Rotom-Heat|100/100
|move|p1a: Iron Crown|Volt Switch|p2a: Rotom
|-resisted|p2a: Rotom
|-damage|p2a: Rotom|83/100
|inactive|z3r0cool has 120 seconds left.
|
|t:|1776054759
|-end|p1a: Iron Crown|Quark Drive|[silent]
|switch|p1a: Great Tusk|Great Tusk, shiny|100/100|[from] Volt Switch
|
|upkeep
|turn|12
|inactive|phreshoatmeal has 120 seconds left.
|
|t:|1776054776
|move|p1a: Great Tusk|Stealth Rock|p2a: Rotom
|-sidestart|p2: phreshoatmeal|move: Stealth Rock
|move|p2a: Rotom|Pain Split|p1a: Great Tusk
|-sethp|p1a: Great Tusk|78/100|[from] move: Pain Split|[silent]
|-sethp|p2a: Rotom|100/100|[from] move: Pain Split
|
|upkeep
|turn|13
|inactive|z3r0cool has 120 seconds left.
|
|t:|1776054783
|move|p1a: Great Tusk|Knock Off|p2a: Rotom
|-damage|p2a: Rotom|68/100
|-enditem|p2a: Rotom|Heavy-Duty Boots|[from] move: Knock Off|[of] p1a: Great Tusk
|move|p2a: Rotom|Overheat|p1a: Great Tusk
|-damage|p1a: Great Tusk|0 fnt
|-unboost|p2a: Rotom|spa|2
|faint|p1a: Great Tusk
|-end|p1a: Great Tusk|Protosynthesis|[silent]
|
|upkeep
|inactive|z3r0cool has 120 seconds left.
|
|t:|1776054802
|switch|p1a: Ogerpon|Ogerpon-Wellspring, F|100/100
|turn|14
|
|t:|1776054822
|switch|p1a: Iron Crown|Iron Crown|100/100
|switch|p2a: Dragonite|Dragonite, M|100/100
|
|upkeep
|turn|15
|inactive|z3r0cool has 120 seconds left.
|
|t:|1776054841
|-end|p1a: Iron Crown|Quark Drive|[silent]
|switch|p1a: Landorus|Landorus-Therian, M, shiny|100/100
|-ability|p1a: Landorus|Intimidate|boost
|-unboost|p2a: Dragonite|atk|1
|move|p2a: Dragonite|Earthquake|p1a: Landorus
|-immune|p1a: Landorus
|
|upkeep
|turn|16
|
|t:|1776054848
|move|p1a: Landorus|U-turn|p2a: Dragonite
|-resisted|p2a: Dragonite
|-damage|p2a: Dragonite|93/100
|
|t:|1776054851
|switch|p1a: Pecharunt|Pecharunt|77/100|[from] U-turn
|move|p2a: Dragonite|Roost|p2a: Dragonite
|-heal|p2a: Dragonite|100/100
|-singleturn|p2a: Dragonite|move: Roost
|
|upkeep
|turn|17
|
|t:|1776054858
|switch|p2a: Clefable|Clefable, F|100/100
|move|p1a: Pecharunt|Malignant Chain|p2a: Clefable
|-supereffective|p2a: Clefable
|-damage|p2a: Clefable|58/100
|-status|p2a: Clefable|tox
|-start|p2a: Clefable|confusion|[from] ability: Poison Puppeteer|[of] p1a: Pecharunt
|
|-heal|p2a: Clefable|64/100 tox|[from] item: Leftovers
|upkeep
|turn|18
|
|t:|1776054870
|move|p1a: Pecharunt|Parting Shot|p2a: Clefable
|-unboost|p2a: Clefable|atk|1
|-unboost|p2a: Clefable|spa|1
|
|t:|1776054874
|switch|p1a: Iron Crown|Iron Crown|100/100|[from] Parting Shot
|-activate|p2a: Clefable|confusion
|move|p2a: Clefable|Stealth Rock|p1a: Iron Crown
|-sidestart|p1: z3r0cool|move: Stealth Rock
|
|-heal|p2a: Clefable|70/100 tox|[from] item: Leftovers
|upkeep
|turn|19
|inactive|z3r0cool has 120 seconds left.
|inactive|phreshoatmeal has 120 seconds left.
|inactive|z3r0cool has 90 seconds left.
|
|t:|1776054925
|move|p1a: Iron Crown|Tachyon Cutter|p2a: Clefable
|-supereffective|p2a: Clefable
|-damage|p2a: Clefable|20/100 tox
|-supereffective|p2a: Clefable
|-damage|p2a: Clefable|0 fnt
|faint|p2a: Clefable
|-hitcount|p2: Clefable|2
|
|upkeep
|inactive|phreshoatmeal has 120 seconds left.
|
|t:|1776054944
|switch|p2a: Rotom|Rotom-Heat|68/100
|-damage|p2a: Rotom|43/100|[from] Stealth Rock
|turn|20
|
|t:|1776054962
|-end|p1a: Iron Crown|Quark Drive|[silent]
|switch|p1a: Samurott|Samurott-Hisui, F|17/100
|-damage|p1a: Samurott|4/100|[from] Stealth Rock
|move|p2a: Rotom|Thunderbolt|p1a: Samurott
|-supereffective|p1a: Samurott
|-damage|p1a: Samurott|0 fnt
|faint|p1a: Samurott
|
|upkeep
|inactive|z3r0cool has 90 seconds left.
|
|t:|1776054977
|switch|p1a: Ogerpon|Ogerpon-Wellspring, F|100/100
|-damage|p1a: Ogerpon|88/100|[from] Stealth Rock
|turn|21
|inactive|z3r0cool has 90 seconds left.
|inactive|phreshoatmeal has 90 seconds left.
|
|t:|1776055026
|-terastallize|p2a: Rotom|Steel
|move|p1a: Ogerpon|Ivy Cudgel|p2a: Rotom|[anim] Ivy Cudgel Water
|-damage|p2a: Rotom|0 fnt
|faint|p2a: Rotom
|
|upkeep
|
|t:|1776055036
|switch|p2a: Chesnaught|Chesnaught, M|100/100
|-damage|p2a: Chesnaught|88/100|[from] Spikes
|-damage|p2a: Chesnaught|82/100|[from] Stealth Rock
|turn|22
|
|t:|1776055042
|switch|p1a: Pecharunt|Pecharunt|77/100
|-damage|p1a: Pecharunt|65/100|[from] Stealth Rock
|move|p2a: Chesnaught|Spikes|p1a: Pecharunt
|-sidestart|p1: z3r0cool|Spikes
|
|upkeep
|turn|23
|
|t:|1776055057
|move|p1a: Pecharunt|Recover|p1a: Pecharunt
|-heal|p1a: Pecharunt|100/100
|move|p2a: Chesnaught|Spikes|p1a: Pecharunt
|-sidestart|p1: z3r0cool|Spikes
|
|upkeep
|turn|24
|inactive|z3r0cool has 90 seconds left.
|
|t:|1776055063
|move|p1a: Pecharunt|Malignant Chain|p2a: Chesnaught
|-supereffective|p2a: Chesnaught
|-damage|p2a: Chesnaught|17/100
|move|p2a: Chesnaught|Spikes|p1a: Pecharunt
|-sidestart|p1: z3r0cool|Spikes
|
|upkeep
|turn|25
|inactive|phreshoatmeal has 90 seconds left.
|inactive|z3r0cool has 90 seconds left.
|
|t:|1776055076
|move|p1a: Pecharunt|Malignant Chain|p2a: Chesnaught
|-supereffective|p2a: Chesnaught
|-damage|p2a: Chesnaught|0 fnt
|faint|p2a: Chesnaught
|
|upkeep
|
|t:|1776055080
|switch|p2a: Mamoswine|Mamoswine, M|100/100
|turn|26
|inactive|phreshoatmeal has 90 seconds left.
|inactive|z3r0cool has 90 seconds left.
|
|t:|1776055096
|-terastallize|p1a: Pecharunt|Dark
|move|p2a: Mamoswine|Icicle Crash|p1a: Pecharunt
|-damage|p1a: Pecharunt|77/100
|move|p1a: Pecharunt|Malignant Chain|p2a: Mamoswine
|-resisted|p2a: Mamoswine
|-damage|p2a: Mamoswine|80/100
|-status|p2a: Mamoswine|tox
|-start|p2a: Mamoswine|confusion|[from] ability: Poison Puppeteer|[of] p1a: Pecharunt
|
|-damage|p2a: Mamoswine|74/100 tox|[from] psn
|upkeep
|turn|27
|inactive|z3r0cool has 90 seconds left.
|inactive|phreshoatmeal has 90 seconds left.
|
|t:|1776055108
|-activate|p2a: Mamoswine|confusion
|-damage|p2a: Mamoswine|56/100 tox|[from] confusion
|move|p1a: Pecharunt|Foul Play|p2a: Mamoswine
|-damage|p2a: Mamoswine|0 fnt
|faint|p2a: Mamoswine
|
|upkeep
|
|t:|1776055112
|switch|p2a: Dragonite|Dragonite, M|100/100
|turn|28
|
|t:|1776055118
|move|p2a: Dragonite|Dragon Dance|p2a: Dragonite
|-boost|p2a: Dragonite|atk|1
|-boost|p2a: Dragonite|spe|1
|move|p1a: Pecharunt|Malignant Chain|p2a: Dragonite
|-damage|p2a: Dragonite|85/100
|
|upkeep
|turn|29
|
|t:|1776055125
|move|p2a: Dragonite|Earthquake|p1a: Pecharunt
|-damage|p1a: Pecharunt|49/100
|move|p1a: Pecharunt|Malignant Chain|p2a: Dragonite
|-damage|p2a: Dragonite|52/100
|-status|p2a: Dragonite|tox
|-start|p2a: Dragonite|confusion|[from] ability: Poison Puppeteer|[of] p1a: Pecharunt
|
|-damage|p2a: Dragonite|46/100 tox|[from] psn
|upkeep
|turn|30
|inactive|phreshoatmeal has 120 seconds left.
|-message|phreshoatmeal forfeited.
|
|win|z3r0cool
|raw|z3r0cool's rating: 1550 &rarr; <strong>1571</strong><br />(+21 for winning)
|raw|phreshoatmeal's rating: 1571 &rarr; <strong>1550</strong><br />(-21 for losing)
|l|☆phreshoatmeal
|player|p2|
|c|☆z3r0cool|gg
|l|☆z3r0cool
|player|p1|
|l| samurajen
