|html|<div class="broadcast-blue"><strong>[Gen 9] OU is currently suspecting Tera Blast! For information on how to participate check out the <a href="https://www.smogon.com/tools/suspects/view/200">suspect thread</a>.</strong></div>
|j|☆zehntimes
|j|☆yukideee
|t:|1776045449
|gametype|singles
|player|p1|zehntimes|n|1357
|player|p2|yukideee|cynthia-masters4|1295
|gen|9
|tier|[Gen 9] OU
|rated|
|rule|HP Percentage Mod: HP is shown in percentages
|rule|Endless Battle Clause: Forcing endless battles is banned
|rule|Species Clause: Limit one of each Pokémon
|rule|OHKO Clause: OHKO moves are banned
|rule|Evasion Items Clause: Evasion items are banned
|rule|Evasion Moves Clause: Evasion moves are banned
|rule|Evasion Abilities Clause: Evasion abilities are banned
|rule|Sleep Moves Clause: Sleep-inducing moves are banned
|clearpoke
|poke|p1|Ogerpon-Wellspring, F|
|poke|p1|Moltres|
|poke|p1|Slowking-Galar, F|
|poke|p1|Iron Treads|
|poke|p1|Darkrai|
|poke|p1|Iron Valiant|
|poke|p2|Greninja-*, M|
|poke|p2|Pelipper, M|
|poke|p2|Overqwil, F|
|poke|p2|Kyurem|
|poke|p2|Moltres|
|poke|p2|Ogerpon-Wellspring, F|
|teampreview
|inactive|Battle timer is ON: inactive players will automatically lose when time's up. (requested by yukideee)
|
|t:|1776045456
|teamsize|p1|6
|teamsize|p2|6
|start
|switch|p1a: Slowking|Slowking-Galar, F, shiny|100/100
|switch|p2a: Pelipper|Pelipper, M, shiny|100/100
|-weather|RainDance|[from] ability: Drizzle|[of] p2a: Pelipper
|turn|1
|
|t:|1776045463
|move|p2a: Pelipper|Knock Off|p1a: Slowking
|-supereffective|p1a: Slowking
|-damage|p1a: Slowking|75/100
|-enditem|p1a: Slowking|Leftovers|[from] move: Knock Off|[of] p2a: Pelipper
|-prepare|p1a: Slowking|Chilly Reception|[premajor]
|move|p1a: Slowking|Chilly Reception|p1a: Slowking
|-weather|Snowscape
|
|t:|1776045477
|switch|p1a: Ogerpon|Ogerpon-Wellspring, F|100/100|[from] Chilly Reception
|
|-weather|Snowscape|[upkeep]
|upkeep
|turn|2
|
|t:|1776045494
|switch|p2a: Moltres|Moltres, shiny|100/100
|move|p1a: Ogerpon|Knock Off|p2a: Moltres
|-damage|p2a: Moltres|70/100
|-enditem|p2a: Moltres|Heavy-Duty Boots|[from] move: Knock Off|[of] p1a: Ogerpon
|
|-weather|Snowscape|[upkeep]
|upkeep
|turn|3
|
|t:|1776045502
|move|p1a: Ogerpon|Ivy Cudgel|p2a: Moltres|[anim] Ivy Cudgel Water
|-supereffective|p2a: Moltres
|-damage|p2a: Moltres|0 fnt
|faint|p2a: Moltres
|
|-weather|Snowscape|[upkeep]
|upkeep
|
|t:|1776045508
|switch|p2a: Kyurem|Kyurem, shiny|100/100
|-ability|p2a: Kyurem|Pressure
|turn|4
|
|t:|1776045517
|move|p1a: Ogerpon|U-turn|p2a: Kyurem
|-damage|p2a: Kyurem|87/100
|
|t:|1776045522
|switch|p1a: Iron Treads|Iron Treads|100/100|[from] U-turn
|-item|p1a: Iron Treads|Air Balloon
|move|p2a: Kyurem|Ice Beam|p1a: Iron Treads
|-damage|p1a: Iron Treads|0 fnt
|-enditem|p1a: Iron Treads|Air Balloon
|faint|p1a: Iron Treads
|-end|p1a: Iron Treads|Quark Drive|[silent]
|
|-weather|Snowscape|[upkeep]
|upkeep
|
|t:|1776045526
|switch|p1a: Slowking|Slowking-Galar, F, shiny|100/100
|turn|5
|
|t:|1776045531
|switch|p2a: Pelipper|Pelipper, M, shiny|100/100
|-weather|RainDance|[from] ability: Drizzle|[of] p2a: Pelipper
|-prepare|p1a: Slowking|Chilly Reception|[premajor]
|move|p1a: Slowking|Chilly Reception|p1a: Slowking
|-weather|Snowscape
|
|t:|1776045544
|switch|p1a: Darkrai|Darkrai|100/100|[from] Chilly Reception
|
|-weather|Snowscape|[upkeep]
|upkeep
|turn|6
|
|t:|1776045549
|move|p1a: Darkrai|Dark Pulse|p2a: Pelipper
|-damage|p2a: Pelipper|26/100
|move|p2a: Pelipper|U-turn|p1a: Darkrai
|-supereffective|p1a: Darkrai
|-damage|p1a: Darkrai|78/100
|
|t:|1776045557
|switch|p2a: Kyurem|Kyurem, shiny|87/100|[from] U-turn
|-ability|p2a: Kyurem|Pressure
|
|-weather|Snowscape|[upkeep]
|upkeep
|turn|7
|
|t:|1776045570
|move|p1a: Darkrai|Dark Pulse|p2a: Kyurem
|-damage|p2a: Kyurem|44/100
|move|p2a: Kyurem|Ice Beam|p1a: Darkrai
|-damage|p1a: Darkrai|0 fnt
|faint|p1a: Darkrai
|
|-weather|Snowscape|[upkeep]
|upkeep
|
|t:|1776045578
|switch|p1a: Ogerpon|Ogerpon-Wellspring, F|100/100
|turn|8
|
|t:|1776045581
|move|p1a: Ogerpon|Knock Off|p2a: Kyurem
|-damage|p2a: Kyurem|25/100
|-enditem|p2a: Kyurem|Choice Specs|[from] move: Knock Off|[of] p1a: Ogerpon
|move|p2a: Kyurem|Ice Beam|p1a: Ogerpon
|-damage|p1a: Ogerpon|47/100
|
|-weather|Snowscape|[upkeep]
|upkeep
|turn|9
|
|t:|1776045590
|move|p1a: Ogerpon|Ivy Cudgel|p2a: Kyurem|[anim] Ivy Cudgel Water
|-resisted|p2a: Kyurem
|-damage|p2a: Kyurem|11/100
|move|p2a: Kyurem|Ice Beam|p1a: Ogerpon
|-damage|p1a: Ogerpon|0 fnt
|faint|p1a: Ogerpon
|
|-weather|none
|upkeep
|
|t:|1776045592
|switch|p1a: Moltres|Moltres, shiny|100/100
|turn|10
|-message|zehntimes forfeited.
|
|win|yukideee
|raw|zehntimes's rating: 1357 &rarr; <strong>1333</strong><br />(-24 for losing)
|raw|yukideee's rating: 1295 &rarr; <strong>1324</strong><br />(+29 for winning)
|l|☆zehntimes
|player|p1|
