|html|<div class="broadcast-blue"><strong>[Gen 9] OU is currently suspecting Tera Blast! For information on how to participate check out the <a href="https://www.smogon.com/tools/suspects/view/200">suspect thread</a>.</strong></div>
|j|☆Flei
|j|☆Xoky_Jose Ale 55
|t:|1776040395
|gametype|singles
|player|p1|Flei|giovanni|
|player|p2|Xoky_Jose Ale 55|102|
|gen|9
|tier|[Gen 9] OU
|rule|HP Percentage Mod: HP is shown in percentages
|rule|Endless Battle Clause: Forcing endless battles is banned
|rule|Species Clause: Limit one of each Pokémon
|rule|OHKO Clause: OHKO moves are banned
|rule|Evasion Items Clause: Evasion items are banned
|rule|Evasion Moves Clause: Evasion moves are banned
|rule|Evasion Abilities Clause: Evasion abilities are banned
|rule|Sleep Moves Clause: Sleep-inducing moves are banned
|clearpoke
|poke|p1|Froslass, F|
|poke|p1|Appletun, M|
|poke|p1|Raichu-Alola, F|
|poke|p1|Seviper, M|
|poke|p1|Vivillon-Monsoon, F|
|poke|p1|Poliwrath, M|
|poke|p2|Froslass, F|
|poke|p2|Houndoom, M|
|poke|p2|Wigglytuff, F|
|poke|p2|Raichu-Alola, M|
|poke|p2|Poliwrath, F|
|poke|p2|Sandslash, M|
|teampreview
|c|☆Flei|suerte (me suena que me ganas la verdad pero igual tiro el suerte XD
|
|t:|1776040445
|teamsize|p1|6
|teamsize|p2|6
|start
|switch|p1a: Seviper|Seviper, M|100/100
|switch|p2a: Wigglytuff|Wigglytuff, F|100/100
|turn|1
|c|☆Xoky_Jose Ale 55|Igual
|
|t:|1776040457
|move|p1a: Seviper|Gunk Shot|p2a: Wigglytuff
|-supereffective|p2a: Wigglytuff
|-damage|p2a: Wigglytuff|0 fnt
|faint|p2a: Wigglytuff
|-damage|p1a: Seviper|90/100|[from] item: Life Orb
|
|upkeep
|
|t:|1776040476
|switch|p2a: Raichu|Raichu-Alola, M|100/100
|turn|2
|
|t:|1776040480
|-terastallize|p1a: Seviper|Dark
|move|p2a: Raichu|Volt Switch|p1a: Seviper
|-damage|p1a: Seviper|41/100
|
|t:|1776040488
|switch|p2a: Houndoom|Houndoom, M|100/100|[from] Volt Switch
|move|p1a: Seviper|Knock Off|p2a: Houndoom
|-resisted|p2a: Houndoom
|-damage|p2a: Houndoom|40/100
|-enditem|p2a: Houndoom|Choice Scarf|[from] move: Knock Off|[of] p1a: Seviper
|-damage|p1a: Seviper|31/100|[from] item: Life Orb
|
|upkeep
|turn|3
|c|☆Xoky_Jose Ale 55|Como pega tanto
|
|t:|1776040506
|move|p2a: Houndoom|Flamethrower|p1a: Seviper
|-damage|p1a: Seviper|0 fnt
|faint|p1a: Seviper
|
|upkeep
|
|t:|1776040511
|switch|p1a: Poliwrath|Poliwrath, M|100/100
|turn|4
|
|t:|1776040521
|-terastallize|p2a: Houndoom|Grass
|move|p2a: Houndoom|Tera Blast|p1a: Poliwrath|[anim] Tera Blast Grass
|-supereffective|p1a: Poliwrath
|-damage|p1a: Poliwrath|26/100
|move|p1a: Poliwrath|Bulk Up|p1a: Poliwrath
|-boost|p1a: Poliwrath|atk|1
|-boost|p1a: Poliwrath|def|1
|
|-heal|p1a: Poliwrath|32/100|[from] item: Leftovers
|upkeep
|turn|5
|
|t:|1776040532
|switch|p1a: Appletun|Appletun, M|100/100
|move|p2a: Houndoom|Tera Blast|p1a: Appletun|[anim] Tera Blast Grass
|-resisted|p1a: Appletun
|-damage|p1a: Appletun|94/100
|
|upkeep
|turn|6
|
|t:|1776040543
|switch|p2a: Sandslash|Sandslash, M|100/100
|move|p1a: Appletun|Apple Acid|p2a: Sandslash
|-supereffective|p2a: Sandslash
|-damage|p2a: Sandslash|10/100
|-unboost|p2a: Sandslash|spd|1
|
|upkeep
|turn|7
|
|t:|1776040556
|switch|p1a: Poliwrath|Poliwrath, M|32/100
|move|p2a: Sandslash|Stealth Rock|p1a: Poliwrath
|-sidestart|p1: Flei|move: Stealth Rock
|
|-heal|p1a: Poliwrath|38/100|[from] item: Leftovers
|upkeep
|turn|8
|
|t:|1776040574
|move|p1a: Poliwrath|Drain Punch|p2a: Sandslash
|-damage|p2a: Sandslash|0 fnt
|-heal|p1a: Poliwrath|43/100|[from] drain|[of] p2a: Sandslash
|faint|p2a: Sandslash
|
|-heal|p1a: Poliwrath|49/100|[from] item: Leftovers
|upkeep
|
|t:|1776040581
|switch|p2a: Raichu|Raichu-Alola, M|100/100
|turn|9
|
|t:|1776040591
|switch|p1a: Raichu|Raichu-Alola, F|100/100
|-damage|p1a: Raichu|88/100|[from] Stealth Rock
|move|p2a: Raichu|Volt Switch|p1a: Raichu
|-resisted|p1a: Raichu
|-damage|p1a: Raichu|65/100
|
|t:|1776040597
|switch|p2a: Froslass|Froslass, F|100/100|[from] Volt Switch
|
|upkeep
|turn|10
|
|t:|1776040612
|move|p1a: Raichu|Thunderbolt|p2a: Froslass
|-damage|p2a: Froslass|4/100
|move|p2a: Froslass|Shadow Ball|p1a: Raichu
|-supereffective|p1a: Raichu
|-damage|p1a: Raichu|0 fnt
|faint|p1a: Raichu
|
|upkeep
|
|t:|1776040624
|switch|p1a: Froslass|Froslass, F|100/100
|-damage|p1a: Froslass|76/100|[from] Stealth Rock
|turn|11
|
|t:|1776040632
|move|p1a: Froslass|Poltergeist|p2a: Froslass|[miss]
|-miss|p1a: Froslass|p2a: Froslass
|move|p2a: Froslass|Shadow Ball|p1a: Froslass
|-supereffective|p1a: Froslass
|-damage|p1a: Froslass|0 fnt
|faint|p1a: Froslass
|
|upkeep
|c|☆Flei|...
|c|☆Flei|XD
|c|☆Xoky_Jose Ale 55|Ni modo bro
|c|☆Flei|era meter algo con mas precision si
|c|☆Flei|XD
|
|t:|1776040664
|switch|p1a: Vivillon|Vivillon-Monsoon, F|100/100
|turn|12
|c|☆Xoky_Jose Ale 55|La verdad con un soplido moría
|
|t:|1776040688
|move|p2a: Froslass|Shadow Ball|p1a: Vivillon
|-crit|p1a: Vivillon
|-damage|p1a: Vivillon|0 fnt
|faint|p1a: Vivillon
|
|upkeep
|c|☆Flei|igual mis 2 ataques eran de 90
|c|☆Flei|joder
|c|☆Flei|XD
|c|☆Flei|crit
|c|☆Flei|ya gg
|
|t:|1776040702
|switch|p1a: Appletun|Appletun, M|94/100
|-damage|p1a: Appletun|82/100|[from] Stealth Rock
|turn|13
|
|t:|1776040728
|switch|p2a: Poliwrath|Poliwrath, F|100/100
|move|p1a: Appletun|Apple Acid|p2a: Poliwrath
|-supereffective|p2a: Poliwrath
|-damage|p2a: Poliwrath|65/100
|-unboost|p2a: Poliwrath|spd|1
|
|upkeep
|turn|14
|
|t:|1776040738
|switch|p1a: Poliwrath|Poliwrath, M|49/100
|-damage|p1a: Poliwrath|43/100|[from] Stealth Rock
|move|p2a: Poliwrath|Ice Punch|p1a: Poliwrath
|-resisted|p1a: Poliwrath
|-damage|p1a: Poliwrath|32/100
|
|-heal|p1a: Poliwrath|38/100|[from] item: Leftovers
|upkeep
|turn|15
|
|t:|1776040745
|move|p1a: Poliwrath|Drain Punch|p2a: Poliwrath
|-damage|p2a: Poliwrath|33/100
|-heal|p1a: Poliwrath|54/100|[from] drain|[of] p2a: Poliwrath
|move|p2a: Poliwrath|Close Combat|p1a: Poliwrath
|-damage|p1a: Poliwrath|5/100
|-unboost|p2a: Poliwrath|def|1
|-unboost|p2a: Poliwrath|spd|1
|
|-heal|p1a: Poliwrath|11/100|[from] item: Leftovers
|upkeep
|turn|16
|
|t:|1776040759
|move|p1a: Poliwrath|Drain Punch|p2a: Poliwrath
|-damage|p2a: Poliwrath|0 fnt
|-heal|p1a: Poliwrath|27/100|[from] drain|[of] p2a: Poliwrath
|faint|p2a: Poliwrath
|
|-heal|p1a: Poliwrath|33/100|[from] item: Leftovers
|upkeep
|
|t:|1776040763
|switch|p2a: Froslass|Froslass, F|4/100
|turn|17
|
|t:|1776040770
|move|p2a: Froslass|Psychic|p1a: Poliwrath
|-supereffective|p1a: Poliwrath
|-damage|p1a: Poliwrath|0 fnt
|faint|p1a: Poliwrath
|
|upkeep
|
|t:|1776040774
|switch|p1a: Appletun|Appletun, M|82/100
|-damage|p1a: Appletun|70/100|[from] Stealth Rock
|turn|18
|
|t:|1776040782
|switch|p2a: Houndoom|Houndoom, M, tera:Grass|40/100
|move|p1a: Appletun|Apple Acid|p2a: Houndoom
|-resisted|p2a: Houndoom
|-damage|p2a: Houndoom|22/100
|-unboost|p2a: Houndoom|spd|1
|
|upkeep
|turn|19
|
|t:|1776040789
|move|p2a: Houndoom|Sludge Bomb|p1a: Appletun
|-supereffective|p1a: Appletun
|-damage|p1a: Appletun|27/100
|-enditem|p1a: Appletun|Sitrus Berry|[eat]
|-heal|p1a: Appletun|51/100|[from] item: Sitrus Berry
|move|p1a: Appletun|Recover|p1a: Appletun
|-heal|p1a: Appletun|100/100
|
|upkeep
|turn|20
|
|t:|1776040794
|move|p2a: Houndoom|Sludge Bomb|p1a: Appletun
|-supereffective|p1a: Appletun
|-damage|p1a: Appletun|56/100
|move|p1a: Appletun|Dragon Pulse|p2a: Houndoom
|-damage|p2a: Houndoom|0 fnt
|faint|p2a: Houndoom
|
|upkeep
|
|t:|1776040799
|switch|p2a: Froslass|Froslass, F|4/100
|turn|21
|
|t:|1776040801
|move|p2a: Froslass|Ice Beam|p1a: Appletun
|-supereffective|p1a: Appletun
|-damage|p1a: Appletun|0 fnt
|faint|p1a: Appletun
|
|win|Xoky_Jose Ale 55
|c|☆Xoky_Jose Ale 55|gg
