|html|<div class="broadcast-blue"><strong>[Gen 9] OU is currently suspecting Tera Blast! For information on how to participate check out the <a href="https://www.smogon.com/tools/suspects/view/200">suspect thread</a>.</strong></div>
|j|☆Blastoise_Choice
|j|☆kshuaib734
|t:|1776107576
|gametype|singles
|player|p1|Blastoise_Choice|benga|1734
|player|p2|kshuaib734|steven|1682
|gen|9
|tier|[Gen 9] OU
|rated|
|rule|HP Percentage Mod: HP is shown in percentages
|rule|Endless Battle Clause: Forcing endless battles is banned
|rule|Species Clause: Limit one of each Pokémon
|rule|OHKO Clause: OHKO moves are banned
|rule|Evasion Items Clause: Evasion items are banned
|rule|Evasion Moves Clause: Evasion moves are banned
|rule|Evasion Abilities Clause: Evasion abilities are banned
|rule|Sleep Moves Clause: Sleep-inducing moves are banned
|clearpoke
|poke|p1|Garganacl, F|
|poke|p1|Darkrai|
|poke|p1|Great Tusk|
|poke|p1|Hatterene, F|
|poke|p1|Tornadus-Therian, M|
|poke|p1|Dragonite, M|
|poke|p2|Tyranitar, M|
|poke|p2|Zapdos|
|poke|p2|Pelipper, M|
|poke|p2|Quaquaval, F|
|poke|p2|Kingdra, M|
|poke|p2|Excadrill, M|
|teampreview
|inactive|Battle timer is ON: inactive players will automatically lose when time's up. (requested by kshuaib734)
|
|t:|1776107585
|teamsize|p1|6
|teamsize|p2|6
|start
|switch|p1a: Darkrai|Darkrai|100/100
|switch|p2a: Tyrant's Downpour|Pelipper, M|100/100
|-weather|RainDance|[from] ability: Drizzle|[of] p2a: Tyrant's Downpour
|turn|1
|c|☆Blastoise_Choice|hf
|inactive|Blastoise_Choice also wants the timer to be on.
|c|☆kshuaib734|u2
|
|t:|1776107593
|move|p1a: Darkrai|Dark Pulse|p2a: Tyrant's Downpour
|-damage|p2a: Tyrant's Downpour|6/100
|cant|p2a: Tyrant's Downpour|flinch
|
|-weather|RainDance|[upkeep]
|upkeep
|turn|2
|
|t:|1776107601
|switch|p2a: Tyrant's Vengeance|Kingdra, M|100/100
|move|p1a: Darkrai|Dark Pulse|p2a: Tyrant's Vengeance
|-damage|p2a: Tyrant's Vengeance|17/100
|
|-weather|RainDance|[upkeep]
|upkeep
|turn|3
|
|t:|1776107609
|switch|p1a: Tornadus|Tornadus-Therian, M, shiny|100/100
|move|p2a: Tyrant's Vengeance|Weather Ball|p1a: Tornadus
|-damage|p1a: Tornadus|41/100
|
|-weather|RainDance|[upkeep]
|upkeep
|turn|4
|
|t:|1776107616
|switch|p1a: Dragonite|Dragonite, M|100/100
|move|p2a: Tyrant's Vengeance|Weather Ball|p1a: Dragonite
|-resisted|p1a: Dragonite
|-damage|p1a: Dragonite|80/100
|
|-weather|RainDance|[upkeep]
|upkeep
|turn|5
|
|t:|1776107626
|switch|p2a: Tyrant's Enforcer|Zapdos|100/100
|move|p1a: Dragonite|Dragon Dance|p1a: Dragonite
|-boost|p1a: Dragonite|atk|1
|-boost|p1a: Dragonite|spe|1
|
|-weather|RainDance|[upkeep]
|upkeep
|turn|6
|
|t:|1776107632
|move|p1a: Dragonite|Extreme Speed|p2a: Tyrant's Enforcer
|-damage|p2a: Tyrant's Enforcer|33/100
|move|p2a: Tyrant's Enforcer|Hurricane|p1a: Dragonite
|-damage|p1a: Dragonite|1/100
|
|-weather|RainDance|[upkeep]
|upkeep
|turn|7
|
|t:|1776107640
|switch|p2a: King Tyrant|Tyranitar, M|100/100
|-weather|Sandstorm|[from] ability: Sand Stream|[of] p2a: King Tyrant
|move|p1a: Dragonite|Earthquake|p2a: King Tyrant
|-supereffective|p2a: King Tyrant
|-crit|p2a: King Tyrant
|-damage|p2a: King Tyrant|0 fnt
|faint|p2a: King Tyrant
|
|-weather|Sandstorm|[upkeep]
|-damage|p1a: Dragonite|0 fnt|[from] Sandstorm
|faint|p1a: Dragonite
|upkeep
|
|t:|1776107651
|switch|p1a: Tornadus|Tornadus-Therian, M, shiny|74/100
|switch|p2a: Tyrant's Legacy|Excadrill, M|100/100
|turn|8
|
|t:|1776107658
|switch|p1a: Great Tusk|Great Tusk|100/100
|-enditem|p1a: Great Tusk|Booster Energy
|-activate|p1a: Great Tusk|ability: Protosynthesis|[fromitem]
|-start|p1a: Great Tusk|protosynthesisatk
|move|p2a: Tyrant's Legacy|Iron Head|p1a: Great Tusk
|-damage|p1a: Great Tusk|53/100
|-damage|p2a: Tyrant's Legacy|91/100|[from] item: Life Orb
|
|-weather|Sandstorm|[upkeep]
|upkeep
|turn|9
|
|t:|1776107667
|-end|p1a: Great Tusk|Protosynthesis|[silent]
|switch|p1a: Tornadus|Tornadus-Therian, M, shiny|100/100
|move|p2a: Tyrant's Legacy|Earthquake|p1a: Tornadus
|-immune|p1a: Tornadus
|
|-weather|Sandstorm|[upkeep]
|-damage|p1a: Tornadus|94/100|[from] Sandstorm
|upkeep
|turn|10
|
|t:|1776107674
|move|p2a: Tyrant's Legacy|Iron Head|p1a: Tornadus
|-damage|p1a: Tornadus|23/100
|-damage|p2a: Tyrant's Legacy|81/100|[from] item: Life Orb
|move|p1a: Tornadus|Heat Wave|p2a: Tyrant's Legacy
|-supereffective|p2a: Tyrant's Legacy
|-damage|p2a: Tyrant's Legacy|19/100
|
|-weather|Sandstorm|[upkeep]
|-damage|p1a: Tornadus|17/100|[from] Sandstorm
|upkeep
|turn|11
|
|t:|1776107683
|switch|p1a: Great Tusk|Great Tusk|53/100
|move|p2a: Tyrant's Legacy|Rapid Spin|p1a: Great Tusk
|-damage|p1a: Great Tusk|35/100
|-boost|p2a: Tyrant's Legacy|spe|1
|-damage|p2a: Tyrant's Legacy|9/100|[from] item: Life Orb
|
|-weather|none
|upkeep
|turn|12
|
|t:|1776107697
|move|p2a: Tyrant's Legacy|Iron Head|p1a: Great Tusk
|-damage|p1a: Great Tusk|0 fnt
|faint|p1a: Great Tusk
|-end|p1a: Great Tusk|Protosynthesis|[silent]
|-damage|p2a: Tyrant's Legacy|0 fnt|[from] item: Life Orb
|faint|p2a: Tyrant's Legacy
|
|upkeep
|
|t:|1776107703
|switch|p1a: Tornadus|Tornadus-Therian, M, shiny|50/100
|switch|p2a: Tyrant's Downpour|Pelipper, M|6/100
|-weather|RainDance|[from] ability: Drizzle|[of] p2a: Tyrant's Downpour
|turn|13
|
|t:|1776107709
|move|p1a: Tornadus|U-turn|p2a: Tyrant's Downpour
|-resisted|p2a: Tyrant's Downpour
|-damage|p2a: Tyrant's Downpour|0 fnt
|faint|p2a: Tyrant's Downpour
|
|t:|1776107716
|switch|p1a: Garganacl|Garganacl, F|100/100|[from] U-turn
|
|-weather|RainDance|[upkeep]
|upkeep
|
|t:|1776107723
|switch|p2a: Tyrant's Endgame|Quaquaval, F|100/100
|turn|14
|
|t:|1776107730
|-terastallize|p1a: Garganacl|Water
|move|p2a: Tyrant's Endgame|Wave Crash|p1a: Garganacl
|-resisted|p1a: Garganacl
|-damage|p1a: Garganacl|62/100
|-damage|p2a: Tyrant's Endgame|84/100|[from] Recoil
|-damage|p2a: Tyrant's Endgame|74/100|[from] item: Life Orb
|move|p1a: Garganacl|Salt Cure|p2a: Tyrant's Endgame
|-resisted|p2a: Tyrant's Endgame
|-damage|p2a: Tyrant's Endgame|64/100
|-start|p2a: Tyrant's Endgame|Salt Cure
|
|-weather|RainDance|[upkeep]
|-heal|p1a: Garganacl|68/100|[from] item: Leftovers
|-damage|p2a: Tyrant's Endgame|39/100|[from] Salt Cure
|upkeep
|turn|15
|
|t:|1776107745
|move|p2a: Tyrant's Endgame|Close Combat|p1a: Garganacl
|-damage|p1a: Garganacl|13/100
|-unboost|p2a: Tyrant's Endgame|def|1
|-unboost|p2a: Tyrant's Endgame|spd|1
|-damage|p2a: Tyrant's Endgame|29/100|[from] item: Life Orb
|move|p1a: Garganacl|Stealth Rock|p2a: Tyrant's Endgame
|-sidestart|p2: kshuaib734|move: Stealth Rock
|
|-weather|RainDance|[upkeep]
|-heal|p1a: Garganacl|20/100|[from] item: Leftovers
|-damage|p2a: Tyrant's Endgame|4/100|[from] Salt Cure
|upkeep
|turn|16
|
|t:|1776107757
|move|p2a: Tyrant's Endgame|Wave Crash|p1a: Garganacl
|-resisted|p1a: Garganacl
|-damage|p1a: Garganacl|0 fnt
|faint|p1a: Garganacl
|-ability|p2a: Tyrant's Endgame|Moxie|boost
|-boost|p2a: Tyrant's Endgame|atk|1
|-damage|p2a: Tyrant's Endgame|0 fnt|[from] Recoil
|faint|p2a: Tyrant's Endgame
|
|-weather|RainDance|[upkeep]
|upkeep
|
|t:|1776107768
|switch|p2a: Tyrant's Vengeance|Kingdra, M|17/100
|switch|p1a: Tornadus|Tornadus-Therian, M, shiny|84/100
|-damage|p2a: Tyrant's Vengeance|5/100|[from] Stealth Rock
|turn|17
|
|t:|1776107775
|switch|p1a: Hatterene|Hatterene, F|100/100
|-terastallize|p2a: Tyrant's Vengeance|Water
|move|p2a: Tyrant's Vengeance|Weather Ball|p1a: Hatterene
|-damage|p1a: Hatterene|0 fnt
|faint|p1a: Hatterene
|
|-weather|RainDance|[upkeep]
|upkeep
|
|t:|1776107780
|switch|p1a: Tornadus|Tornadus-Therian, M, shiny|100/100
|turn|18
|
|t:|1776107786
|switch|p1a: Darkrai|Darkrai|100/100
|move|p2a: Tyrant's Vengeance|Weather Ball|p1a: Darkrai
|-damage|p1a: Darkrai|0 fnt
|faint|p1a: Darkrai
|
|-weather|RainDance|[upkeep]
|upkeep
|
|t:|1776107792
|switch|p1a: Tornadus|Tornadus-Therian, M, shiny|100/100
|turn|19
|
|t:|1776107798
|move|p2a: Tyrant's Vengeance|Weather Ball|p1a: Tornadus
|-damage|p1a: Tornadus|20/100
|move|p1a: Tornadus|U-turn|p2a: Tyrant's Vengeance
|-damage|p2a: Tyrant's Vengeance|0 fnt
|faint|p2a: Tyrant's Vengeance
|
|-weather|RainDance|[upkeep]
|upkeep
|
|t:|1776107805
|switch|p2a: Tyrant's Enforcer|Zapdos|33/100
|-damage|p2a: Tyrant's Enforcer|9/100|[from] Stealth Rock
|turn|20
|
|t:|1776107810
|move|p1a: Tornadus|Knock Off|p2a: Tyrant's Enforcer
|-damage|p2a: Tyrant's Enforcer|0 fnt
|-enditem|p2a: Tyrant's Enforcer|Choice Specs|[from] move: Knock Off|[of] p1a: Tornadus
|faint|p2a: Tyrant's Enforcer
|
|win|Blastoise_Choice
|raw|Blastoise_Choice's rating: 1734 &rarr; <strong>1751</strong><br />(+17 for winning)
|raw|kshuaib734's rating: 1682 &rarr; <strong>1665</strong><br />(-17 for losing)
|c|☆Blastoise_Choice|gg
|l|☆kshuaib734
|player|p2|
