|html|<div class="broadcast-blue"><strong>[Gen 9] OU is currently suspecting Tera Blast! For information on how to participate check out the <a href="https://www.smogon.com/tools/suspects/view/200">suspect thread</a>.</strong></div>
|j|☆ZJ2725
|j|☆gulp1
|t:|1776075750
|gametype|singles
|player|p1|ZJ2725|camper|1141
|player|p2|gulp1|pokemonbreeder-gen4|1133
|gen|9
|tier|[Gen 9] OU
|rated|
|rule|HP Percentage Mod: HP is shown in percentages
|rule|Endless Battle Clause: Forcing endless battles is banned
|rule|Species Clause: Limit one of each Pokémon
|rule|OHKO Clause: OHKO moves are banned
|rule|Evasion Items Clause: Evasion items are banned
|rule|Evasion Moves Clause: Evasion moves are banned
|rule|Evasion Abilities Clause: Evasion abilities are banned
|rule|Sleep Moves Clause: Sleep-inducing moves are banned
|clearpoke
|poke|p1|Alomomola, M|
|poke|p1|Tyranitar, F|
|poke|p1|Landorus-Therian, M|
|poke|p1|Scizor, M|
|poke|p1|Iron Moth|
|poke|p1|Iron Treads|
|poke|p2|Snorlax, F|
|poke|p2|Serperior, M|
|poke|p2|Golurk|
|poke|p2|Lanturn, M|
|poke|p2|Ceruledge, M|
|poke|p2|Clefable, M|
|teampreview
|j| Coolgamer069
|l| Coolgamer069
|
|t:|1776075820
|teamsize|p1|6
|teamsize|p2|6
|start
|switch|p1a: Landorus|Landorus-Therian, M|100/100
|switch|p2a: Golurk|Golurk, shiny|100/100
|-ability|p1a: Landorus|Intimidate|boost
|-unboost|p2a: Golurk|atk|1
|turn|1
|
|t:|1776075832
|move|p1a: Landorus|Earthquake|p2a: Golurk
|-damage|p2a: Golurk|50/100
|move|p2a: Golurk|Trick|p1a: Landorus
|-activate|p2a: Golurk|move: Trick|[of] p1a: Landorus
|-item|p1a: Landorus|Sticky Barb|[from] move: Trick
|-item|p2a: Golurk|Leftovers|[from] move: Trick
|
|-heal|p2a: Golurk|56/100|[from] item: Leftovers
|-damage|p1a: Landorus|88/100|[from] item: Sticky Barb
|upkeep
|turn|2
|
|t:|1776075850
|switch|p2a: Snorlax|Snorlax, F|100/100
|move|p1a: Landorus|Earthquake|p2a: Snorlax
|-damage|p2a: Snorlax|56/100
|
|-damage|p1a: Landorus|76/100|[from] item: Sticky Barb
|upkeep
|turn|3
|
|t:|1776075872
|move|p1a: Landorus|Stealth Rock|p2a: Snorlax
|-sidestart|p2: gulp1|move: Stealth Rock
|move|p2a: Snorlax|Rest|p2a: Snorlax
|-status|p2a: Snorlax|slp|[from] move: Rest
|-heal|p2a: Snorlax|100/100 slp|[silent]
|-enditem|p2a: Snorlax|Chesto Berry|[eat]
|-curestatus|p2a: Snorlax|slp|[msg]
|
|-damage|p1a: Landorus|64/100|[from] item: Sticky Barb
|upkeep
|turn|4
|
|t:|1776075885
|move|p1a: Landorus|Earthquake|p2a: Snorlax
|-damage|p2a: Snorlax|56/100
|move|p2a: Snorlax|Curse|p2a: Snorlax
|-unboost|p2a: Snorlax|spe|1
|-boost|p2a: Snorlax|atk|1
|-boost|p2a: Snorlax|def|1
|
|-damage|p1a: Landorus|52/100|[from] item: Sticky Barb
|upkeep
|turn|5
|
|t:|1776075895
|move|p1a: Landorus|U-turn|p2a: Snorlax
|-damage|p2a: Snorlax|42/100
|
|t:|1776075901
|switch|p1a: Scizor|Scizor, M|100/100|[from] U-turn
|move|p2a: Snorlax|Rest|p2a: Snorlax
|-status|p2a: Snorlax|slp|[from] move: Rest
|-heal|p2a: Snorlax|100/100 slp|[silent]
|
|upkeep
|turn|6
|
|t:|1776075911
|move|p1a: Scizor|Close Combat|p2a: Snorlax
|-supereffective|p2a: Snorlax
|-damage|p2a: Snorlax|28/100 slp
|-unboost|p1a: Scizor|def|1
|-unboost|p1a: Scizor|spd|1
|cant|p2a: Snorlax|slp
|
|upkeep
|turn|7
|
|t:|1776075919
|switch|p2a: Ceruledge|Ceruledge, M|100/100
|-damage|p2a: Ceruledge|76/100|[from] Stealth Rock
|move|p1a: Scizor|Close Combat|p2a: Ceruledge
|-immune|p2a: Ceruledge
|
|upkeep
|turn|8
|
|t:|1776075942
|switch|p1a: Alomomola|Alomomola, M|100/100
|move|p2a: Ceruledge|Reflect|p2a: Ceruledge
|-sidestart|p2: gulp1|Reflect
|
|upkeep
|turn|9
|
|t:|1776075950
|switch|p2a: Lanturn|Lanturn, M|100/100
|move|p1a: Alomomola|Flip Turn|p2a: Lanturn
|-immune|p2a: Lanturn|[from] ability: Water Absorb
|
|upkeep
|turn|10
|
|t:|1776075992
|switch|p1a: Tyranitar|Tyranitar, F, shiny|100/100
|-weather|Sandstorm|[from] ability: Sand Stream|[of] p1a: Tyranitar
|move|p2a: Lanturn|Ice Beam|p1a: Tyranitar
|-damage|p1a: Tyranitar|92/100
|-status|p1a: Tyranitar|frz
|
|-weather|Sandstorm|[upkeep]
|-damage|p2a: Lanturn|94/100|[from] Sandstorm
|upkeep
|turn|11
|
|t:|1776076019
|move|p2a: Lanturn|Scald|p1a: Tyranitar
|-supereffective|p1a: Tyranitar
|-damage|p1a: Tyranitar|66/100 frz
|-curestatus|p1a: Tyranitar|frz|[msg]
|move|p1a: Tyranitar|Crunch|p2a: Lanturn
|-damage|p2a: Lanturn|58/100
|
|-weather|Sandstorm|[upkeep]
|-damage|p2a: Lanturn|52/100|[from] Sandstorm
|upkeep
|turn|12
|
|t:|1776076044
|switch|p2a: Serperior|Serperior, M|100/100
|-damage|p2a: Serperior|88/100|[from] Stealth Rock
|move|p1a: Tyranitar|Thunder Punch|p2a: Serperior
|-resisted|p2a: Serperior
|-damage|p2a: Serperior|79/100
|
|-weather|Sandstorm|[upkeep]
|-damage|p2a: Serperior|73/100|[from] Sandstorm
|-heal|p2a: Serperior|79/100|[from] item: Leftovers
|-sideend|p2: gulp1|Reflect
|upkeep
|turn|13
|
|t:|1776076056
|move|p2a: Serperior|Leech Seed|p1a: Tyranitar
|-start|p1a: Tyranitar|move: Leech Seed
|move|p1a: Tyranitar|Ice Punch|p2a: Serperior
|-supereffective|p2a: Serperior
|-damage|p2a: Serperior|0 fnt
|faint|p2a: Serperior
|
|-weather|Sandstorm|[upkeep]
|upkeep
|
|t:|1776076062
|switch|p2a: Clefable|Clefable, M, shiny|100/100
|turn|14
|inactive|Battle timer is ON: inactive players will automatically lose when time's up. (requested by gulp1)
|
|t:|1776076089
|switch|p1a: Iron Moth|Iron Moth|100/100
|-enditem|p1a: Iron Moth|Booster Energy
|-activate|p1a: Iron Moth|ability: Quark Drive|[fromitem]
|-start|p1a: Iron Moth|quarkdrivespa
|move|p2a: Clefable|Stealth Rock|p1a: Iron Moth
|-sidestart|p1: ZJ2725|move: Stealth Rock
|
|-weather|none
|upkeep
|turn|15
|
|t:|1776076108
|move|p1a: Iron Moth|Overheat|p2a: Clefable
|-damage|p2a: Clefable|6/100
|-unboost|p1a: Iron Moth|spa|2
|move|p2a: Clefable|Calm Mind|p2a: Clefable
|-boost|p2a: Clefable|spa|1
|-boost|p2a: Clefable|spd|1
|
|upkeep
|turn|16
|
|t:|1776076119
|move|p1a: Iron Moth|Overheat|p2a: Clefable
|-damage|p2a: Clefable|0 fnt
|-unboost|p1a: Iron Moth|spa|2
|faint|p2a: Clefable
|
|upkeep
|
|t:|1776076133
|switch|p2a: Ceruledge|Ceruledge, M|76/100
|-damage|p2a: Ceruledge|51/100|[from] Stealth Rock
|turn|17
|
|t:|1776076141
|-end|p1a: Iron Moth|Quark Drive|[silent]
|switch|p1a: Alomomola|Alomomola, M|100/100
|-damage|p1a: Alomomola|88/100|[from] Stealth Rock
|move|p2a: Ceruledge|Bitter Blade|p1a: Alomomola
|-resisted|p1a: Alomomola
|-damage|p1a: Alomomola|74/100
|-heal|p2a: Ceruledge|62/100|[from] drain|[of] p1a: Alomomola
|-damage|p2a: Ceruledge|46/100|[from] item: Rocky Helmet|[of] p1a: Alomomola
|
|upkeep
|turn|18
|
|t:|1776076154
|switch|p2a: Lanturn|Lanturn, M|52/100
|move|p1a: Alomomola|Wish|p1a: Alomomola
|
|upkeep
|turn|19
|
|t:|1776076183
|switch|p1a: Tyranitar|Tyranitar, F, shiny|66/100
|-damage|p1a: Tyranitar|54/100|[from] Stealth Rock
|-weather|Sandstorm|[from] ability: Sand Stream|[of] p1a: Tyranitar
|move|p2a: Lanturn|Thunder Wave|p1a: Tyranitar
|-status|p1a: Tyranitar|par
|
|-weather|Sandstorm|[upkeep]
|-damage|p2a: Lanturn|46/100|[from] Sandstorm
|-heal|p1a: Tyranitar|100/100 par|[from] move: Wish|[wisher] Alomomola
|upkeep
|turn|20
|inactive|ZJ2725 has 120 seconds left.
|
|t:|1776076209
|switch|p2a: Snorlax|Snorlax, F|28/100 slp
|-damage|p2a: Snorlax|15/100 slp|[from] Stealth Rock
|move|p1a: Tyranitar|Stone Edge|p2a: Snorlax
|-damage|p2a: Snorlax|0 fnt
|faint|p2a: Snorlax
|
|-weather|Sandstorm|[upkeep]
|upkeep
|
|t:|1776076216
|switch|p2a: Golurk|Golurk, shiny|56/100
|-damage|p2a: Golurk|50/100|[from] Stealth Rock
|turn|21
|inactive|ZJ2725 has 120 seconds left.
|
|t:|1776076235
|switch|p1a: Landorus|Landorus-Therian, M|52/100
|-damage|p1a: Landorus|39/100|[from] Stealth Rock
|-ability|p1a: Landorus|Intimidate|boost
|-unboost|p2a: Golurk|atk|1
|move|p2a: Golurk|Drain Punch|p1a: Landorus
|-resisted|p1a: Landorus
|-damage|p1a: Landorus|29/100
|-heal|p2a: Golurk|55/100|[from] drain|[of] p1a: Landorus
|
|-weather|Sandstorm|[upkeep]
|-heal|p2a: Golurk|61/100|[from] item: Leftovers
|-damage|p1a: Landorus|17/100|[from] item: Sticky Barb
|upkeep
|turn|22
|inactive|ZJ2725 has 120 seconds left.
|
|t:|1776076262
|move|p1a: Landorus|Earthquake|p2a: Golurk
|-damage|p2a: Golurk|11/100
|move|p2a: Golurk|Poltergeist|p1a: Landorus
|-activate|p1a: Landorus|move: Poltergeist|Sticky Barb
|-crit|p1a: Landorus
|-damage|p1a: Landorus|0 fnt
|faint|p1a: Landorus
|
|-weather|Sandstorm|[upkeep]
|-heal|p2a: Golurk|17/100|[from] item: Leftovers
|upkeep
|inactive|ZJ2725 has 90 seconds left.
|
|t:|1776076293
|switch|p1a: Tyranitar|Tyranitar, F, shiny|100/100 par
|-damage|p1a: Tyranitar|88/100 par|[from] Stealth Rock
|turn|23
|inactive|ZJ2725 has 90 seconds left.
|
|t:|1776076302
|move|p2a: Golurk|Drain Punch|p1a: Tyranitar
|-supereffective|p1a: Tyranitar
|-damage|p1a: Tyranitar|32/100 par
|-heal|p2a: Golurk|50/100|[from] drain|[of] p1a: Tyranitar
|cant|p1a: Tyranitar|par
|
|-weather|none
|-heal|p2a: Golurk|57/100|[from] item: Leftovers
|upkeep
|turn|24
|inactive|ZJ2725 has 90 seconds left.
|
|t:|1776076321
|switch|p1a: Alomomola|Alomomola, M|100/100
|-damage|p1a: Alomomola|88/100|[from] Stealth Rock
|move|p2a: Golurk|Drain Punch|p1a: Alomomola
|-damage|p1a: Alomomola|76/100
|-heal|p2a: Golurk|65/100|[from] drain|[of] p1a: Alomomola
|-damage|p2a: Golurk|48/100|[from] item: Rocky Helmet|[of] p1a: Alomomola
|
|-heal|p2a: Golurk|55/100|[from] item: Leftovers
|upkeep
|turn|25
|inactive|ZJ2725 has 90 seconds left.
|
|t:|1776076336
|move|p2a: Golurk|Poltergeist|p1a: Alomomola
|-activate|p1a: Alomomola|move: Poltergeist|Rocky Helmet
|-damage|p1a: Alomomola|54/100
|move|p1a: Alomomola|Wish|p1a: Alomomola
|
|-heal|p2a: Golurk|61/100|[from] item: Leftovers
|upkeep
|turn|26
|inactive|ZJ2725 has 90 seconds left.
|inactive|ZJ2725 has 60 seconds left.
|
|t:|1776076378
|switch|p1a: Iron Moth|Iron Moth|100/100
|-damage|p1a: Iron Moth|76/100|[from] Stealth Rock
|move|p2a: Golurk|Poltergeist||[still]
|-fail|p2a: Golurk
|
|-heal|p1a: Iron Moth|100/100|[from] move: Wish|[wisher] Alomomola
|-heal|p2a: Golurk|67/100|[from] item: Leftovers
|upkeep
|turn|27
|inactive|ZJ2725 has 60 seconds left.
|
|t:|1776076402
|move|p1a: Iron Moth|Energy Ball|p2a: Golurk
|-supereffective|p2a: Golurk
|-damage|p2a: Golurk|0 fnt
|faint|p2a: Golurk
|
|upkeep
|
|t:|1776076408
|switch|p2a: Ceruledge|Ceruledge, M|46/100
|-damage|p2a: Ceruledge|21/100|[from] Stealth Rock
|turn|28
|
|t:|1776076432
|move|p2a: Ceruledge|Shadow Sneak|p1a: Iron Moth
|-damage|p1a: Iron Moth|66/100
|move|p1a: Iron Moth|Sludge Wave|p2a: Ceruledge
|-resisted|p2a: Ceruledge
|-damage|p2a: Ceruledge|0 fnt
|faint|p2a: Ceruledge
|
|upkeep
|
|t:|1776076438
|switch|p2a: Lanturn|Lanturn, M|46/100
|turn|29
|
|t:|1776076443
|move|p1a: Iron Moth|Energy Ball|p2a: Lanturn
|-supereffective|p2a: Lanturn
|-damage|p2a: Lanturn|0 fnt
|faint|p2a: Lanturn
|
|win|ZJ2725
|raw|ZJ2725's rating: 1141 &rarr; <strong>1165</strong><br />(+24 for winning)
|raw|gulp1's rating: 1133 &rarr; <strong>1109</strong><br />(-24 for losing)
|l|☆gulp1
|player|p2|
|l|☆ZJ2725
|player|p1|
