|html|<div class="broadcast-blue"><strong>[Gen 9] OU is currently suspecting Tera Blast! For information on how to participate check out the <a href="https://www.smogon.com/tools/suspects/view/200">suspect thread</a>.</strong></div>
|j|☆koreanbreakfast
|j|☆IceBear_77
|t:|1776036717
|gametype|singles
|player|p1|koreanbreakfast|wallace|1286
|player|p2|IceBear_77|marlon|1319
|gen|9
|tier|[Gen 9] OU
|rated|
|rule|HP Percentage Mod: HP is shown in percentages
|rule|Endless Battle Clause: Forcing endless battles is banned
|rule|Species Clause: Limit one of each Pokémon
|rule|OHKO Clause: OHKO moves are banned
|rule|Evasion Items Clause: Evasion items are banned
|rule|Evasion Moves Clause: Evasion moves are banned
|rule|Evasion Abilities Clause: Evasion abilities are banned
|rule|Sleep Moves Clause: Sleep-inducing moves are banned
|clearpoke
|poke|p1|Primarina, M|
|poke|p1|Great Tusk|
|poke|p1|Kingambit, M|
|poke|p1|Slowking-Galar, M|
|poke|p1|Ogerpon, F|
|poke|p1|Enamorus, F|
|poke|p2|Enamorus, F|
|poke|p2|Garchomp, F|
|poke|p2|Iron Treads|
|poke|p2|Rillaboom, F|
|poke|p2|Ceruledge, M|
|poke|p2|Gyarados, M|
|teampreview
|inactive|Battle timer is ON: inactive players will automatically lose when time's up. (requested by IceBear_77)
|
|t:|1776036738
|teamsize|p1|6
|teamsize|p2|6
|start
|switch|p1a: Enamorus|Enamorus, F, shiny|100/100
|switch|p2a: Iron Treads|Iron Treads|100/100
|-item|p2a: Iron Treads|Air Balloon
|turn|1
|
|t:|1776036755
|move|p1a: Enamorus|Mystical Fire|p2a: Iron Treads
|-supereffective|p2a: Iron Treads
|-damage|p2a: Iron Treads|13/100
|-unboost|p2a: Iron Treads|spa|1
|-enditem|p2a: Iron Treads|Air Balloon
|move|p2a: Iron Treads|Steel Beam|p1a: Enamorus
|-supereffective|p1a: Enamorus
|-damage|p1a: Enamorus|26/100
|-damage|p2a: Iron Treads|0 fnt|[from] steelbeam
|faint|p2a: Iron Treads
|-end|p2a: Iron Treads|Quark Drive|[silent]
|
|upkeep
|
|t:|1776036768
|switch|p2a: Enamorus|Enamorus, F|100/100
|turn|2
|
|t:|1776036771
|switch|p1a: Slowking|Slowking-Galar, M, shiny|100/100
|-terastallize|p2a: Enamorus|Stellar
|move|p2a: Enamorus|Tera Blast|p1a: Slowking|[anim] Tera Blast Stellar
|-damage|p1a: Slowking|76/100
|-boost|p2a: Enamorus|atk|1
|-boost|p2a: Enamorus|spa|1
|
|upkeep
|turn|3
|
|t:|1776036778
|switch|p2a: Garchomp|Garchomp, F|100/100
|move|p1a: Slowking|Sludge Bomb|p2a: Garchomp
|-resisted|p2a: Garchomp
|-damage|p2a: Garchomp|81/100
|
|upkeep
|turn|4
|
|t:|1776036797
|move|p2a: Garchomp|Swords Dance|p2a: Garchomp
|-boost|p2a: Garchomp|atk|2
|move|p1a: Slowking|Ice Beam|p2a: Garchomp
|-supereffective|p2a: Garchomp
|-damage|p2a: Garchomp|0 fnt
|faint|p2a: Garchomp
|
|upkeep
|
|t:|1776036808
|switch|p2a: Ceruledge|Ceruledge, M|100/100
|turn|5
|
|t:|1776036822
|switch|p1a: Great Tusk|Great Tusk, shiny|100/100
|move|p2a: Ceruledge|Poltergeist|p1a: Great Tusk
|-activate|p1a: Great Tusk|move: Poltergeist|Rocky Helmet
|-damage|p1a: Great Tusk|50/100
|
|upkeep
|turn|6
|
|t:|1776036830
|switch|p2a: Gyarados|Gyarados, M|100/100
|-ability|p2a: Gyarados|Intimidate|boost
|-unboost|p1a: Great Tusk|atk|1
|move|p1a: Great Tusk|Headlong Rush|p2a: Gyarados
|-immune|p2a: Gyarados
|
|upkeep
|turn|7
|
|t:|1776036839
|-end|p1a: Great Tusk|Protosynthesis|[silent]
|switch|p1a: Primarina|Primarina, M, shiny|100/100
|move|p2a: Gyarados|Waterfall|p1a: Primarina
|-resisted|p1a: Primarina
|-damage|p1a: Primarina|68/100
|
|-heal|p1a: Primarina|74/100|[from] item: Leftovers
|upkeep
|turn|8
|
|t:|1776036842
|switch|p2a: Rillaboom|Rillaboom, F|100/100
|-fieldstart|move: Grassy Terrain|[from] ability: Grassy Surge|[of] p2a: Rillaboom
|-enditem|p2a: Rillaboom|Grassy Seed
|-boost|p2a: Rillaboom|def|1|[from] item: Grassy Seed
|move|p1a: Primarina|Whirlpool|p2a: Rillaboom
|-resisted|p2a: Rillaboom
|-damage|p2a: Rillaboom|86/100
|-activate|p2a: Rillaboom|move: Whirlpool|[of] p1a: Primarina
|
|-heal|p2a: Rillaboom|93/100|[from] Grassy Terrain
|-heal|p1a: Primarina|80/100|[from] Grassy Terrain
|-heal|p1a: Primarina|86/100|[from] item: Leftovers
|-damage|p2a: Rillaboom|80/100|[from] move: Whirlpool|[partiallytrapped]
|upkeep
|turn|9
|
|t:|1776036846
|switch|p1a: Kingambit|Kingambit, M, shiny|100/100
|move|p2a: Rillaboom|Wood Hammer|p1a: Kingambit
|-resisted|p1a: Kingambit
|-damage|p1a: Kingambit|67/100
|-damage|p2a: Rillaboom|67/100|[from] Recoil
|
|-heal|p2a: Rillaboom|73/100|[from] Grassy Terrain
|-heal|p1a: Kingambit|73/100|[from] Grassy Terrain
|-heal|p1a: Kingambit|79/100|[from] item: Leftovers
|-end|p2a: Rillaboom|Whirlpool|[partiallytrapped]|[silent]
|upkeep
|turn|10
|
|t:|1776036864
|switch|p2a: Gyarados|Gyarados, M|100/100
|-ability|p2a: Gyarados|Intimidate|boost
|-unboost|p1a: Kingambit|atk|1
|move|p1a: Kingambit|Kowtow Cleave|p2a: Gyarados
|-damage|p2a: Gyarados|64/100
|
|-heal|p1a: Kingambit|85/100|[from] Grassy Terrain
|-heal|p1a: Kingambit|92/100|[from] item: Leftovers
|upkeep
|turn|11
|
|t:|1776036872
|move|p1a: Kingambit|Swords Dance|p1a: Kingambit
|-boost|p1a: Kingambit|atk|2
|move|p2a: Gyarados|Dragon Tail|p1a: Kingambit
|-resisted|p1a: Kingambit
|-damage|p1a: Kingambit|84/100
|-end|p1a: Kingambit|fallenundefined|[silent]
|drag|p1a: Slowking|Slowking-Galar, M, shiny|100/100
|
|upkeep
|turn|12
|
|t:|1776036882
|move|p1a: Slowking|Sludge Bomb|p2a: Gyarados
|-damage|p2a: Gyarados|38/100
|move|p2a: Gyarados|Dragon Tail|p1a: Slowking
|-damage|p1a: Slowking|84/100
|drag|p1a: Kingambit|Kingambit, M, shiny|84/100
|
|-heal|p1a: Kingambit|90/100|[from] Grassy Terrain
|-heal|p1a: Kingambit|97/100|[from] item: Leftovers
|-fieldend|move: Grassy Terrain
|upkeep
|turn|13
|
|t:|1776036886
|move|p1a: Kingambit|Kowtow Cleave|p2a: Gyarados
|-damage|p2a: Gyarados|0 fnt
|faint|p2a: Gyarados
|
|-heal|p1a: Kingambit|100/100|[from] item: Leftovers
|upkeep
|
|t:|1776036901
|switch|p2a: Ceruledge|Ceruledge, M|100/100
|turn|14
|
|t:|1776036907
|move|p2a: Ceruledge|Bitter Blade|p1a: Kingambit
|-supereffective|p1a: Kingambit
|-damage|p1a: Kingambit|29/100
|move|p1a: Kingambit|Kowtow Cleave|p2a: Ceruledge
|-supereffective|p2a: Ceruledge
|-damage|p2a: Ceruledge|0 fnt
|faint|p2a: Ceruledge
|
|-heal|p1a: Kingambit|35/100|[from] item: Leftovers
|upkeep
|
|t:|1776036910
|switch|p2a: Enamorus|Enamorus, F, tera:Stellar|100/100
|turn|15
|
|t:|1776036915
|move|p1a: Kingambit|Sucker Punch|p2a: Enamorus
|-resisted|p2a: Enamorus
|-damage|p2a: Enamorus|66/100
|move|p2a: Enamorus|Tera Blast|p1a: Kingambit|[anim] Tera Blast Stellar
|-damage|p1a: Kingambit|2/100
|-boost|p2a: Enamorus|atk|1
|-boost|p2a: Enamorus|spa|1
|
|-heal|p1a: Kingambit|8/100|[from] item: Leftovers
|upkeep
|turn|16
|
|t:|1776036931
|move|p1a: Kingambit|Sucker Punch|p2a: Enamorus
|-resisted|p2a: Enamorus
|-damage|p2a: Enamorus|33/100
|move|p2a: Enamorus|Tera Blast|p1a: Kingambit|[anim] Tera Blast Stellar
|-damage|p1a: Kingambit|0 fnt
|-boost|p2a: Enamorus|atk|1
|-boost|p2a: Enamorus|spa|1
|faint|p1a: Kingambit
|-end|p1a: Kingambit|fallenundefined|[silent]
|
|upkeep
|
|t:|1776036934
|switch|p1a: Slowking|Slowking-Galar, M, shiny|100/100
|turn|17
|
|t:|1776036937
|move|p2a: Enamorus|Tera Blast|p1a: Slowking|[anim] Tera Blast Stellar
|-crit|p1a: Slowking
|-damage|p1a: Slowking|41/100
|-boost|p2a: Enamorus|atk|1
|-boost|p2a: Enamorus|spa|1
|move|p1a: Slowking|Sludge Bomb|p2a: Enamorus
|-supereffective|p2a: Enamorus
|-damage|p2a: Enamorus|0 fnt
|faint|p2a: Enamorus
|
|upkeep
|-message|IceBear_77 forfeited.
|
|win|koreanbreakfast
|raw|koreanbreakfast's rating: 1286 &rarr; <strong>1313</strong><br />(+27 for winning)
|raw|IceBear_77's rating: 1319 &rarr; <strong>1297</strong><br />(-22 for losing)
|l|☆IceBear_77
|player|p2|
|l|☆koreanbreakfast
|player|p1|
