|html|<div class="broadcast-blue"><strong>[Gen 9] OU is currently suspecting Tera Blast! For information on how to participate check out the <a href="https://www.smogon.com/tools/suspects/view/200">suspect thread</a>.</strong></div>
|j|☆meikh_neiht
|j|☆jtchad
|t:|1776059667
|gametype|singles
|player|p1|meikh_neiht|lucas|1307
|player|p2|jtchad|ethan|1224
|gen|9
|tier|[Gen 9] OU
|rated|
|rule|HP Percentage Mod: HP is shown in percentages
|rule|Endless Battle Clause: Forcing endless battles is banned
|rule|Species Clause: Limit one of each Pokémon
|rule|OHKO Clause: OHKO moves are banned
|rule|Evasion Items Clause: Evasion items are banned
|rule|Evasion Moves Clause: Evasion moves are banned
|rule|Evasion Abilities Clause: Evasion abilities are banned
|rule|Sleep Moves Clause: Sleep-inducing moves are banned
|clearpoke
|poke|p1|Gholdengo|
|poke|p1|Darkrai|
|poke|p1|Clefable, F|
|poke|p1|Ting-Lu|
|poke|p1|Dragonite, F|
|poke|p1|Pecharunt|
|poke|p2|Ninetales, F|
|poke|p2|Cinderace, M|
|poke|p2|Venusaur, F|
|poke|p2|Garchomp, M|
|poke|p2|Grimmsnarl, M|
|poke|p2|Polteageist-Antique|
|teampreview
|inactive|Battle timer is ON: inactive players will automatically lose when time's up. (requested by jtchad)
|
|t:|1776059680
|teamsize|p1|6
|teamsize|p2|6
|start
|switch|p1a: Darkrai|Darkrai|100/100
|switch|p2a: Polteageist|Polteageist-Antique|100/100
|turn|1
|
|t:|1776059702
|move|p1a: Darkrai|Knock Off|p2a: Polteageist
|-supereffective|p2a: Polteageist
|-enditem|p2a: Polteageist|Focus Sash
|-damage|p2a: Polteageist|1/100
|-ability|p2a: Polteageist|Weak Armor|boost
|-unboost|p2a: Polteageist|def|1
|-boost|p2a: Polteageist|spe|2
|move|p2a: Polteageist|Shell Smash|p2a: Polteageist
|-unboost|p2a: Polteageist|def|1
|-unboost|p2a: Polteageist|spd|1
|-boost|p2a: Polteageist|atk|2
|-boost|p2a: Polteageist|spa|2
|-boost|p2a: Polteageist|spe|2
|
|upkeep
|turn|2
|inactive|meikh_neiht has 120 seconds left.
|
|t:|1776059724
|-terastallize|p2a: Polteageist|Fighting
|move|p2a: Polteageist|Tera Blast|p1a: Darkrai|[anim] Tera Blast Fighting
|-supereffective|p1a: Darkrai
|-damage|p1a: Darkrai|0 fnt
|faint|p1a: Darkrai
|
|upkeep
|inactive|meikh_neiht has 120 seconds left.
|
|t:|1776059730
|switch|p1a: Dragonite|Dragonite, F|100/100
|turn|3
|
|t:|1776059735
|move|p1a: Dragonite|Extreme Speed|p2a: Polteageist
|-damage|p2a: Polteageist|0 fnt
|faint|p2a: Polteageist
|
|upkeep
|
|t:|1776059744
|switch|p2a: Garchomp|Garchomp, M, shiny|100/100
|turn|4
|
|t:|1776059757
|switch|p1a: Clefable|Clefable, F|100/100
|move|p2a: Garchomp|Swords Dance|p2a: Garchomp
|-boost|p2a: Garchomp|atk|2
|
|upkeep
|turn|5
|
|t:|1776059765
|move|p2a: Garchomp|Iron Head|p1a: Clefable
|-supereffective|p1a: Clefable
|-damage|p1a: Clefable|0 fnt
|faint|p1a: Clefable
|
|upkeep
|
|t:|1776059772
|switch|p1a: Ting-Lu|Ting-Lu|100/100
|-ability|p1a: Ting-Lu|Vessel of Ruin
|turn|6
|
|t:|1776059778
|move|p2a: Garchomp|Scale Shot|p1a: Ting-Lu
|-damage|p1a: Ting-Lu|87/100
|-damage|p1a: Ting-Lu|75/100
|-damage|p1a: Ting-Lu|61/100
|-damage|p1a: Ting-Lu|48/100
|-hitcount|p1a: Ting-Lu|4
|-enditem|p1a: Ting-Lu|Red Card|[of] p2a: Garchomp
|-unboost|p2a: Garchomp|def|1
|-boost|p2a: Garchomp|spe|1
|drag|p2a: Venusaur|Venusaur, F|100/100
|move|p1a: Ting-Lu|Stealth Rock|p2a: Venusaur
|-sidestart|p2: jtchad|move: Stealth Rock
|
|upkeep
|turn|7
|
|t:|1776059793
|move|p2a: Venusaur|Giga Drain|p1a: Ting-Lu
|-supereffective|p1a: Ting-Lu
|-damage|p1a: Ting-Lu|13/100
|move|p1a: Ting-Lu|Spikes|p2a: Venusaur
|-sidestart|p2: jtchad|Spikes
|
|upkeep
|turn|8
|
|t:|1776059806
|switch|p1a: Gholdengo|Gholdengo|100/100
|move|p2a: Venusaur|Earth Power|p1a: Gholdengo
|-supereffective|p1a: Gholdengo
|-damage|p1a: Gholdengo|33/100
|
|upkeep
|turn|9
|
|t:|1776059821
|-terastallize|p1a: Gholdengo|Steel
|move|p1a: Gholdengo|Make It Rain|p2a: Venusaur
|-damage|p2a: Venusaur|5/100
|-unboost|p1a: Gholdengo|spa|1
|move|p2a: Venusaur|Earth Power|p1a: Gholdengo
|-supereffective|p1a: Gholdengo
|-damage|p1a: Gholdengo|0 fnt
|faint|p1a: Gholdengo
|
|-heal|p2a: Venusaur|11/100|[from] item: Leftovers
|upkeep
|
|t:|1776059829
|switch|p1a: Dragonite|Dragonite, F|100/100
|turn|10
|
|t:|1776059840
|switch|p2a: Grimmsnarl|Grimmsnarl, M, shiny|100/100
|-damage|p2a: Grimmsnarl|88/100|[from] Stealth Rock
|-damage|p2a: Grimmsnarl|76/100|[from] Spikes
|move|p1a: Dragonite|Dragon Dance|p1a: Dragonite
|-boost|p1a: Dragonite|atk|1
|-boost|p1a: Dragonite|spe|1
|
|-heal|p2a: Grimmsnarl|82/100|[from] item: Leftovers
|upkeep
|turn|11
|
|t:|1776059851
|move|p2a: Grimmsnarl|Fake Out|p1a: Dragonite
|-damage|p1a: Dragonite|92/100
|cant|p1a: Dragonite|flinch
|
|-heal|p2a: Grimmsnarl|88/100|[from] item: Leftovers
|upkeep
|turn|12
|
|t:|1776059862
|move|p1a: Dragonite|Extreme Speed|p2a: Grimmsnarl
|-damage|p2a: Grimmsnarl|27/100
|move|p2a: Grimmsnarl|Thunder Wave|p1a: Dragonite
|-status|p1a: Dragonite|par
|
|-heal|p2a: Grimmsnarl|33/100|[from] item: Leftovers
|upkeep
|turn|13
|
|t:|1776059873
|move|p1a: Dragonite|Extreme Speed|p2a: Grimmsnarl
|-damage|p2a: Grimmsnarl|0 fnt
|faint|p2a: Grimmsnarl
|
|upkeep
|
|t:|1776059878
|switch|p2a: Cinderace|Cinderace, M|100/100
|turn|14
|
|t:|1776059882
|move|p2a: Cinderace|Court Change|p2a: Cinderace
|-swapsideconditions
|-activate|p2a: Cinderace|move: Court Change
|move|p1a: Dragonite|Earthquake|p2a: Cinderace
|-supereffective|p2a: Cinderace
|-damage|p2a: Cinderace|0 fnt
|faint|p2a: Cinderace
|
|upkeep
|
|t:|1776059893
|switch|p2a: Garchomp|Garchomp, M, shiny|100/100
|turn|15
|
|t:|1776059909
|move|p1a: Dragonite|Extreme Speed|p2a: Garchomp
|-damage|p2a: Garchomp|50/100
|-damage|p1a: Dragonite|80/100 par|[from] ability: Rough Skin|[of] p2a: Garchomp
|move|p2a: Garchomp|Scale Shot|p1a: Dragonite
|-supereffective|p1a: Dragonite
|-damage|p1a: Dragonite|52/100 par
|-supereffective|p1a: Dragonite
|-damage|p1a: Dragonite|23/100 par
|-supereffective|p1a: Dragonite
|-damage|p1a: Dragonite|0 fnt
|faint|p1a: Dragonite
|-hitcount|p1: Dragonite|3
|-unboost|p2a: Garchomp|def|1
|-boost|p2a: Garchomp|spe|1
|
|upkeep
|-message|meikh_neiht forfeited.
|
|win|jtchad
|raw|meikh_neiht's rating: 1307 &rarr; <strong>1282</strong><br />(-25 for losing)
|raw|jtchad's rating: 1224 &rarr; <strong>1255</strong><br />(+31 for winning)
|l|☆meikh_neiht
|player|p1|
