|html|<div class="broadcast-blue"><strong>[Gen 9] OU is currently suspecting Volcarona! For information on how to participate check out the <a href="https://www.smogon.com/tools/suspects/view/208">suspect thread</a>.</strong></div>
|j|☆Dreadblaze
|j|☆ur doggo
|t:|1778510322
|gametype|singles
|player|p1|Dreadblaze|burglar|1538
|player|p2|ur doggo|265|1569
|gen|9
|tier|[Gen 9] OU
|rated|
|rule|HP Percentage Mod: HP is shown in percentages
|rule|Endless Battle Clause: Forcing endless battles is banned
|rule|Species Clause: Limit one of each Pokémon
|rule|OHKO Clause: OHKO moves are banned
|rule|Evasion Items Clause: Evasion items are banned
|rule|Evasion Moves Clause: Evasion moves are banned
|rule|Evasion Abilities Clause: Evasion abilities are banned
|rule|Sleep Moves Clause: Sleep-inducing moves are banned
|clearpoke
|poke|p1|Zamazenta-*|
|poke|p1|Meowscarada, M|
|poke|p1|Cinderace, M|
|poke|p1|Garganacl, M|
|poke|p1|Regieleki|
|poke|p1|Toxapex, M|
|poke|p2|Zamazenta-*|
|poke|p2|Iron Treads|
|poke|p2|Rillaboom, M|
|poke|p2|Ceruledge, M|
|poke|p2|Hawlucha, F|
|poke|p2|Gholdengo|
|teampreview
|
|t:|1778510332
|teamsize|p1|6
|teamsize|p2|6
|start
|switch|p1a: Meowscarada|Meowscarada, M|100/100
|switch|p2a: Zamazenta|Zamazenta|100/100
|-ability|p2a: Zamazenta|Dauntless Shield|boost
|-boost|p2a: Zamazenta|def|1
|turn|1
|
|t:|1778510340
|move|p1a: Meowscarada|Trick|p2a: Zamazenta
|-start|p1a: Meowscarada|typechange|Psychic|[from] ability: Protean
|-activate|p1a: Meowscarada|move: Trick|[of] p2a: Zamazenta
|-item|p2a: Zamazenta|Choice Scarf|[from] move: Trick
|-item|p1a: Meowscarada|Light Clay|[from] move: Trick
|move|p2a: Zamazenta|Reflect|p2a: Zamazenta
|-sidestart|p2: ur doggo|Reflect
|
|upkeep
|turn|2
|
|t:|1778510358
|switch|p2a: Rillaboom|Rillaboom, M|100/100
|-fieldstart|move: Grassy Terrain|[from] ability: Grassy Surge|[of] p2a: Rillaboom
|move|p1a: Meowscarada|U-turn|p2a: Rillaboom
|-supereffective|p2a: Rillaboom
|-damage|p2a: Rillaboom|75/100
|
|t:|1778510372
|switch|p1a: Cinderace|Cinderace, M|100/100|[from] U-turn
|
|-heal|p2a: Rillaboom|81/100|[from] Grassy Terrain
|upkeep
|turn|3
|
|t:|1778510376
|switch|p2a: Ceruledge|Ceruledge, M|100/100
|move|p1a: Cinderace|Court Change|p1a: Cinderace
|-start|p1a: Cinderace|typechange|Normal|[from] ability: Libero
|-swapsideconditions
|-activate|p1a: Cinderace|move: Court Change
|
|upkeep
|turn|4
|
|t:|1778510387
|move|p1a: Cinderace|U-turn|p2a: Ceruledge
|-resisted|p2a: Ceruledge
|-damage|p2a: Ceruledge|93/100
|-ability|p2a: Ceruledge|Weak Armor|boost
|-unboost|p2a: Ceruledge|def|1
|-boost|p2a: Ceruledge|spe|2
|
|t:|1778510395
|switch|p1a: Garganacl|Garganacl, M|100/100|[from] U-turn
|move|p2a: Ceruledge|Swords Dance|p2a: Ceruledge
|-boost|p2a: Ceruledge|atk|2
|
|-heal|p2a: Ceruledge|99/100|[from] Grassy Terrain
|upkeep
|turn|5
|
|t:|1778510402
|switch|p2a: Rillaboom|Rillaboom, M|81/100
|-terastallize|p1a: Garganacl|Ghost
|move|p1a: Garganacl|Salt Cure|p2a: Rillaboom
|-damage|p2a: Rillaboom|66/100
|-start|p2a: Rillaboom|Salt Cure
|
|-heal|p2a: Rillaboom|72/100|[from] Grassy Terrain
|-damage|p2a: Rillaboom|60/100|[from] Salt Cure
|-sideend|p1: Dreadblaze|Reflect
|upkeep
|turn|6
|
|t:|1778510418
|move|p2a: Rillaboom|Knock Off|p1a: Garganacl
|-supereffective|p1a: Garganacl
|-damage|p1a: Garganacl|60/100
|-damage|p2a: Rillaboom|44/100|[from] item: Rocky Helmet|[of] p1a: Garganacl
|-enditem|p1a: Garganacl|Rocky Helmet|[from] move: Knock Off|[of] p2a: Rillaboom
|move|p1a: Garganacl|Salt Cure|p2a: Rillaboom
|-damage|p2a: Rillaboom|28/100
|
|-heal|p2a: Rillaboom|34/100|[from] Grassy Terrain
|-heal|p1a: Garganacl|66/100|[from] Grassy Terrain
|-damage|p2a: Rillaboom|22/100|[from] Salt Cure
|upkeep
|turn|7
|
|t:|1778510430
|move|p2a: Rillaboom|U-turn|p1a: Garganacl
|-resisted|p1a: Garganacl
|-damage|p1a: Garganacl|59/100
|
|t:|1778510433
|switch|p2a: Gholdengo|Gholdengo|100/100|[from] U-turn
|move|p1a: Garganacl|Recover|p1a: Garganacl
|-heal|p1a: Garganacl|100/100
|
|upkeep
|turn|8
|
|t:|1778510441
|move|p2a: Gholdengo|Make It Rain|p1a: Garganacl
|-damage|p1a: Garganacl|18/100
|-unboost|p2a: Gholdengo|spa|1
|move|p1a: Garganacl|Salt Cure|p2a: Gholdengo
|-resisted|p2a: Gholdengo
|-damage|p2a: Gholdengo|93/100
|-start|p2a: Gholdengo|Salt Cure
|
|-heal|p2a: Gholdengo|99/100|[from] Grassy Terrain
|-heal|p1a: Garganacl|24/100|[from] Grassy Terrain
|-damage|p2a: Gholdengo|74/100|[from] Salt Cure
|upkeep
|turn|9
|
|t:|1778510453
|move|p1a: Garganacl|Protect|p1a: Garganacl
|-singleturn|p1a: Garganacl|Protect
|move|p2a: Gholdengo|Make It Rain|p1a: Garganacl
|-activate|p1a: Garganacl|move: Protect
|
|-heal|p2a: Gholdengo|80/100|[from] Grassy Terrain
|-heal|p1a: Garganacl|30/100|[from] Grassy Terrain
|-damage|p2a: Gholdengo|55/100|[from] Salt Cure
|-fieldend|move: Grassy Terrain
|upkeep
|turn|10
|
|t:|1778510464
|switch|p1a: Toxapex|Toxapex, M|100/100
|move|p2a: Gholdengo|Recover|p2a: Gholdengo
|-heal|p2a: Gholdengo|100/100
|
|-damage|p2a: Gholdengo|76/100|[from] Salt Cure
|upkeep
|turn|11
|
|t:|1778510477
|switch|p2a: Rillaboom|Rillaboom, M|22/100
|-fieldstart|move: Grassy Terrain|[from] ability: Grassy Surge|[of] p2a: Rillaboom
|move|p1a: Toxapex|Chilling Water|p2a: Rillaboom
|-resisted|p2a: Rillaboom
|-damage|p2a: Rillaboom|10/100
|-unboost|p2a: Rillaboom|atk|1
|
|-heal|p2a: Rillaboom|16/100|[from] Grassy Terrain
|upkeep
|turn|12
|
|t:|1778510488
|move|p2a: Rillaboom|Knock Off|p1a: Toxapex
|-damage|p1a: Toxapex|83/100
|-enditem|p1a: Toxapex|Assault Vest|[from] move: Knock Off|[of] p2a: Rillaboom
|move|p1a: Toxapex|Ice Beam|p2a: Rillaboom
|-supereffective|p2a: Rillaboom
|-damage|p2a: Rillaboom|0 fnt
|faint|p2a: Rillaboom
|
|-heal|p1a: Toxapex|89/100|[from] Grassy Terrain
|upkeep
|
|t:|1778510498
|switch|p2a: Gholdengo|Gholdengo|76/100
|turn|13
|
|t:|1778510504
|move|p2a: Gholdengo|Nasty Plot|p2a: Gholdengo
|-boost|p2a: Gholdengo|spa|2
|move|p1a: Toxapex|Mud Shot|p2a: Gholdengo
|-supereffective|p2a: Gholdengo
|-damage|p2a: Gholdengo|49/100
|-unboost|p2a: Gholdengo|spe|1
|
|-heal|p2a: Gholdengo|55/100|[from] Grassy Terrain
|-heal|p1a: Toxapex|95/100|[from] Grassy Terrain
|upkeep
|turn|14
|
|t:|1778510522
|move|p2a: Gholdengo|Thunderbolt|p1a: Toxapex
|-supereffective|p1a: Toxapex
|-damage|p1a: Toxapex|0 fnt
|faint|p1a: Toxapex
|
|-heal|p2a: Gholdengo|61/100|[from] Grassy Terrain
|upkeep
|
|t:|1778510533
|switch|p1a: Zamazenta|Zamazenta|100/100
|-ability|p1a: Zamazenta|Dauntless Shield|boost
|-boost|p1a: Zamazenta|def|1
|turn|15
|
|t:|1778510542
|move|p1a: Zamazenta|Crunch|p2a: Gholdengo
|-supereffective|p2a: Gholdengo
|-damage|p2a: Gholdengo|0 fnt
|faint|p2a: Gholdengo
|-damage|p1a: Zamazenta|91/100|[from] item: Life Orb
|
|-heal|p1a: Zamazenta|97/100|[from] Grassy Terrain
|upkeep
|
|t:|1778510546
|switch|p2a: Hawlucha|Hawlucha, F|100/100
|-enditem|p2a: Hawlucha|Grassy Seed
|-boost|p2a: Hawlucha|def|1|[from] item: Grassy Seed
|turn|16
|
|t:|1778510560
|move|p2a: Hawlucha|Swords Dance|p2a: Hawlucha
|-boost|p2a: Hawlucha|atk|2
|move|p1a: Zamazenta|Stone Edge|p2a: Hawlucha|[miss]
|-miss|p1a: Zamazenta|p2a: Hawlucha
|
|-heal|p1a: Zamazenta|100/100|[from] Grassy Terrain
|upkeep
|turn|17
|
|t:|1778510565
|switch|p1a: Garganacl|Garganacl, M, tera:Ghost|30/100
|move|p2a: Hawlucha|Acrobatics|p1a: Garganacl
|-damage|p1a: Garganacl|0 fnt
|faint|p1a: Garganacl
|
|upkeep
|
|t:|1778510609
|switch|p1a: Regieleki|Regieleki|100/100
|turn|18
|inactive|Battle timer is ON: inactive players will automatically lose when time's up. (requested by ur doggo)
|
|t:|1778510617
|switch|p1a: Zamazenta|Zamazenta|100/100
|move|p2a: Hawlucha|Close Combat|p1a: Zamazenta
|-damage|p1a: Zamazenta|0 fnt
|-unboost|p2a: Hawlucha|def|1
|-unboost|p2a: Hawlucha|spd|1
|faint|p1a: Zamazenta
|
|-fieldend|move: Grassy Terrain
|upkeep
|inactive|Dreadblaze has 120 seconds left.
|
|t:|1778510647
|switch|p1a: Meowscarada|Meowscarada, M|100/100
|turn|19
|
|t:|1778510652
|move|p2a: Hawlucha|Acrobatics|p1a: Meowscarada
|-supereffective|p1a: Meowscarada
|-damage|p1a: Meowscarada|0 fnt
|faint|p1a: Meowscarada
|
|upkeep
|
|t:|1778510654
|switch|p1a: Cinderace|Cinderace, M|100/100
|turn|20
|
|t:|1778510657
|move|p1a: Cinderace|Sucker Punch|p2a: Hawlucha
|-start|p1a: Cinderace|typechange|Dark|[from] ability: Libero
|-resisted|p2a: Hawlucha
|-damage|p2a: Hawlucha|80/100
|move|p2a: Hawlucha|Acrobatics|p1a: Cinderace
|-damage|p1a: Cinderace|0 fnt
|faint|p1a: Cinderace
|
|upkeep
|
|t:|1778510665
|switch|p1a: Regieleki|Regieleki|100/100
|turn|21
|
|t:|1778510670
|move|p2a: Hawlucha|Close Combat|p1a: Regieleki
|-damage|p1a: Regieleki|0 fnt
|-unboost|p2a: Hawlucha|def|1
|-unboost|p2a: Hawlucha|spd|1
|faint|p1a: Regieleki
|
|win|ur doggo
|raw|Dreadblaze's rating: 1538 &rarr; <strong>1520</strong><br />(-18 for losing)
|raw|ur doggo's rating: 1569 &rarr; <strong>1587</strong><br />(+18 for winning)
|l|☆Dreadblaze
|player|p1|
|l|☆ur doggo
|player|p2|
