|html|<div class="broadcast-blue"><strong>[Gen 9] OU is currently suspecting Tera Blast! For information on how to participate check out the <a href="https://www.smogon.com/tools/suspects/view/200">suspect thread</a>.</strong></div>
|j|☆TOXICccccccccccccc
|j|☆Mr.D.1622
|t:|1776296148
|gametype|singles
|player|p1|TOXICccccccccccccc|preschooler|1294
|player|p2|Mr.D.1622|n|1230
|gen|9
|tier|[Gen 9] OU
|rated|
|rule|HP Percentage Mod: HP is shown in percentages
|rule|Endless Battle Clause: Forcing endless battles is banned
|rule|Species Clause: Limit one of each Pokémon
|rule|OHKO Clause: OHKO moves are banned
|rule|Evasion Items Clause: Evasion items are banned
|rule|Evasion Moves Clause: Evasion moves are banned
|rule|Evasion Abilities Clause: Evasion abilities are banned
|rule|Sleep Moves Clause: Sleep-inducing moves are banned
|clearpoke
|poke|p1|Hatterene, F|
|poke|p1|Slowking-Galar, M|
|poke|p1|Araquanid, M|
|poke|p1|Kingambit, M|
|poke|p1|Deoxys-Defense|
|poke|p1|Hoopa-Unbound|
|poke|p2|Garganacl, F|
|poke|p2|Hydrapple, F|
|poke|p2|Skeledirge, F|
|poke|p2|Slowking-Galar, M|
|poke|p2|Umbreon, M|
|poke|p2|Great Tusk|
|teampreview
|inactive|Battle timer is ON: inactive players will automatically lose when time's up. (requested by Mr.D.1622)
|inactive|TOXICccccccccccccc also wants the timer to be on.
|
|t:|1776296160
|teamsize|p1|6
|teamsize|p2|6
|start
|switch|p1a: Hoopa|Hoopa-Unbound|100/100
|switch|p2a: Hydrapple|Hydrapple, F|100/100
|turn|1
|
|t:|1776296176
|switch|p2a: Umbreon|Umbreon, M, shiny|100/100
|move|p1a: Hoopa|Hyperspace Fury|p2a: Umbreon
|-resisted|p2a: Umbreon
|-damage|p2a: Umbreon|65/100
|-unboost|p1a: Hoopa|def|1
|-damage|p1a: Hoopa|91/100|[from] item: Life Orb
|
|-heal|p2a: Umbreon|72/100|[from] item: Leftovers
|upkeep
|turn|2
|
|t:|1776296183
|switch|p1a: Hatterene|Hatterene, F, shiny|100/100
|move|p2a: Umbreon|Wish|p2a: Umbreon
|
|-heal|p2a: Umbreon|78/100|[from] item: Leftovers
|upkeep
|turn|3
|
|t:|1776296201
|switch|p2a: Slowking|Slowking-Galar, M|100/100
|move|p1a: Hatterene|Mystical Fire|p2a: Slowking
|-damage|p2a: Slowking|87/100
|-unboost|p2a: Slowking|spa|1
|
|-heal|p2a: Slowking|100/100|[from] move: Wish|[wisher] Umbreon
|upkeep
|turn|4
|inactive|Mr.D.1622 has 120 seconds left.
|inactive|Mr.D.1622 has 90 seconds left.
|
|t:|1776296264
|switch|p2a: Skeledirge|Skeledirge, F|100/100
|switch|p1a: Kingambit|Kingambit, M|100/100
|
|upkeep
|turn|5
|
|t:|1776296272
|-end|p1a: Kingambit|fallenundefined|[silent]
|switch|p1a: Araquanid|Araquanid, M|100/100
|move|p2a: Skeledirge|Will-O-Wisp|p1a: Araquanid
|-immune|p1a: Araquanid|[from] ability: Water Bubble
|
|upkeep
|turn|6
|
|t:|1776296282
|switch|p2a: Hydrapple|Hydrapple, F|100/100
|move|p1a: Araquanid|Leech Life|p2a: Hydrapple
|-supereffective|p2a: Hydrapple
|-damage|p2a: Hydrapple|47/100
|-damage|p1a: Araquanid|84/100|[from] item: Rocky Helmet|[of] p2a: Hydrapple
|
|upkeep
|turn|7
|inactive|Mr.D.1622 has 90 seconds left.
|inactive|Mr.D.1622 has 60 seconds left.
|
|t:|1776296333
|switch|p2a: Great Tusk|Great Tusk|100/100
|move|p1a: Araquanid|Leech Life|p2a: Great Tusk
|-resisted|p2a: Great Tusk
|-damage|p2a: Great Tusk|86/100
|-heal|p1a: Araquanid|93/100|[from] drain|[of] p2a: Great Tusk
|-damage|p1a: Araquanid|77/100|[from] item: Rocky Helmet|[of] p2a: Great Tusk
|
|upkeep
|turn|8
|inactive|Mr.D.1622 has 60 seconds left.
|
|t:|1776296344
|-end|p2a: Great Tusk|Protosynthesis|[silent]
|switch|p2a: Hydrapple|Hydrapple, F|80/100
|switch|p1a: Hatterene|Hatterene, F, shiny|100/100
|
|upkeep
|turn|9
|
|t:|1776296350
|switch|p2a: Slowking|Slowking-Galar, M|100/100
|move|p1a: Hatterene|Mystical Fire|p2a: Slowking
|-damage|p2a: Slowking|86/100
|-unboost|p2a: Slowking|spa|1
|
|upkeep
|turn|10
|inactive|Mr.D.1622 has 60 seconds left.
|
|t:|1776296366
|switch|p1a: Kingambit|Kingambit, M|100/100
|move|p2a: Slowking|Sludge Bomb|p1a: Kingambit
|-immune|p1a: Kingambit
|
|upkeep
|turn|11
|
|t:|1776296374
|move|p2a: Slowking|Flamethrower|p1a: Kingambit
|-supereffective|p1a: Kingambit
|-damage|p1a: Kingambit|63/100
|move|p1a: Kingambit|Iron Head|p2a: Slowking
|-damage|p2a: Slowking|36/100
|
|upkeep
|turn|12
|
|t:|1776296385
|switch|p2a: Great Tusk|Great Tusk|86/100
|move|p1a: Kingambit|Iron Head|p2a: Great Tusk
|-damage|p2a: Great Tusk|57/100
|-damage|p1a: Kingambit|47/100|[from] item: Rocky Helmet|[of] p2a: Great Tusk
|
|upkeep
|turn|13
|
|t:|1776296392
|-end|p1a: Kingambit|fallenundefined|[silent]
|switch|p1a: Deoxys|Deoxys-Defense|100/100
|-ability|p1a: Deoxys|Pressure
|move|p2a: Great Tusk|Rapid Spin|p1a: Deoxys
|-damage|p1a: Deoxys|92/100
|-boost|p2a: Great Tusk|spe|1
|
|upkeep
|turn|14
|
|t:|1776296400
|-end|p2a: Great Tusk|Protosynthesis|[silent]
|switch|p2a: Umbreon|Umbreon, M, shiny|78/100
|move|p1a: Deoxys|Trick Room|p1a: Deoxys
|-fieldstart|move: Trick Room|[of] p1a: Deoxys
|
|-heal|p2a: Umbreon|84/100|[from] item: Leftovers
|upkeep
|turn|15
|
|t:|1776296406
|move|p2a: Umbreon|Wish|p2a: Umbreon
|move|p1a: Deoxys|Teleport|p1a: Deoxys
|
|t:|1776296414
|switch|p1a: Araquanid|Araquanid, M|77/100|[from] Teleport
|
|-heal|p2a: Umbreon|90/100|[from] item: Leftovers
|upkeep
|turn|16
|
|t:|1776296421
|switch|p2a: Garganacl|Garganacl, F|100/100
|-terastallize|p1a: Araquanid|Water
|move|p1a: Araquanid|Liquidation|p2a: Garganacl
|-supereffective|p2a: Garganacl
|-damage|p2a: Garganacl|0 fnt
|faint|p2a: Garganacl
|
|upkeep
|-message|Mr.D.1622 forfeited.
|
|win|TOXICccccccccccccc
|raw|TOXICccccccccccccc's rating: 1294 &rarr; <strong>1314</strong><br />(+20 for winning)
|raw|Mr.D.1622's rating: 1230 &rarr; <strong>1210</strong><br />(-20 for losing)
|l|☆Mr.D.1622
|player|p2|
