|html|<div class="broadcast-blue"><strong>[Gen 9] OU is currently suspecting Tera Blast! For information on how to participate check out the <a href="https://www.smogon.com/tools/suspects/view/200">suspect thread</a>.</strong></div>
|j|☆animejat
|j|☆benz_2302
|t:|1776043439
|gametype|singles
|player|p1|animejat|lucian|1396
|player|p2|benz_2302|blue|1417
|gen|9
|tier|[Gen 9] OU
|rated|
|rule|HP Percentage Mod: HP is shown in percentages
|rule|Endless Battle Clause: Forcing endless battles is banned
|rule|Species Clause: Limit one of each Pokémon
|rule|OHKO Clause: OHKO moves are banned
|rule|Evasion Items Clause: Evasion items are banned
|rule|Evasion Moves Clause: Evasion moves are banned
|rule|Evasion Abilities Clause: Evasion abilities are banned
|rule|Sleep Moves Clause: Sleep-inducing moves are banned
|clearpoke
|poke|p1|Dondozo, F|
|poke|p1|Blissey, F|
|poke|p1|Corviknight, M|
|poke|p1|Weezing-Galar, M|
|poke|p1|Gliscor, F|
|poke|p1|Toxapex, F|
|poke|p2|Pelipper, F|
|poke|p2|Raging Bolt|
|poke|p2|Overqwil, F|
|poke|p2|Barraskewda, M|
|poke|p2|Iron Treads|
|poke|p2|Kingambit, F|
|teampreview
|inactive|Battle timer is ON: inactive players will automatically lose when time's up. (requested by benz_2302)
|inactive|benz_2302 has 120 seconds left.
|inactive|benz_2302 has 90 seconds left.
|
|t:|1776043518
|teamsize|p1|6
|teamsize|p2|6
|start
|switch|p1a: Blissey|Blissey, F|100/100
|switch|p2a: Pelipper|Pelipper, F|100/100
|-weather|RainDance|[from] ability: Drizzle|[of] p2a: Pelipper
|turn|1
|
|t:|1776043539
|move|p1a: Blissey|Stealth Rock|p2a: Pelipper
|-sidestart|p2: benz_2302|move: Stealth Rock
|move|p2a: Pelipper|U-turn|p1a: Blissey
|-damage|p1a: Blissey|90/100
|inactive|benz_2302 has 120 seconds left.
|
|t:|1776043564
|switch|p2a: Overqwil|Overqwil, F|100/100|[from] U-turn
|-damage|p2a: Overqwil|88/100|[from] Stealth Rock
|
|-weather|RainDance|[upkeep]
|-heal|p1a: Blissey|96/100|[from] item: Leftovers
|upkeep
|turn|2
|inactive|animejat has 120 seconds left.
|
|t:|1776043599
|switch|p1a: Toxapex|Toxapex, F|100/100
|move|p2a: Overqwil|Swords Dance|p2a: Overqwil
|-boost|p2a: Overqwil|atk|2
|
|-weather|RainDance|[upkeep]
|upkeep
|turn|3
|inactive|animejat has 120 seconds left.
|inactive|benz_2302 has 120 seconds left.
|
|t:|1776043624
|switch|p2a: Raging Bolt|Raging Bolt|100/100
|-damage|p2a: Raging Bolt|88/100|[from] Stealth Rock
|-enditem|p2a: Raging Bolt|Booster Energy
|-activate|p2a: Raging Bolt|ability: Protosynthesis|[fromitem]
|-start|p2a: Raging Bolt|protosynthesisspa
|switch|p1a: Dondozo|Dondozo, F|100/100
|
|-weather|RainDance|[upkeep]
|upkeep
|turn|4
|
|t:|1776043644
|switch|p1a: Gliscor|Gliscor, F|100/100
|move|p2a: Raging Bolt|Thunder|p1a: Gliscor
|-immune|p1a: Gliscor
|
|-weather|RainDance|[upkeep]
|-status|p1a: Gliscor|tox|[from] item: Toxic Orb
|upkeep
|turn|5
|inactive|animejat has 90 seconds left.
|
|t:|1776043666
|move|p2a: Raging Bolt|Weather Ball|p1a: Gliscor
|-supereffective|p1a: Gliscor
|-damage|p1a: Gliscor|0 fnt
|faint|p1a: Gliscor
|
|-weather|RainDance|[upkeep]
|upkeep
|c|☆animejat|???
|c|☆animejat|damn mb
|
|t:|1776043695
|switch|p1a: Blissey|Blissey, F|96/100
|turn|6
|
|t:|1776043708
|-end|p2a: Raging Bolt|Protosynthesis|[silent]
|switch|p2a: Overqwil|Overqwil, F|88/100
|-damage|p2a: Overqwil|76/100|[from] Stealth Rock
|move|p1a: Blissey|Calm Mind|p1a: Blissey
|-boost|p1a: Blissey|spa|1
|-boost|p1a: Blissey|spd|1
|
|-weather|RainDance|[upkeep]
|-heal|p1a: Blissey|100/100|[from] item: Leftovers
|upkeep
|turn|7
|inactive|animejat has 60 seconds left.
|
|t:|1776043757
|switch|p1a: Dondozo|Dondozo, F|100/100
|move|p2a: Overqwil|Swords Dance|p2a: Overqwil
|-boost|p2a: Overqwil|atk|2
|
|-weather|RainDance|[upkeep]
|upkeep
|turn|8
|inactive|animejat has 30 seconds left.
|
|t:|1776043778
|move|p2a: Overqwil|Gunk Shot|p1a: Dondozo
|-damage|p1a: Dondozo|66/100
|-status|p1a: Dondozo|psn
|-damage|p2a: Overqwil|66/100|[from] item: Life Orb
|move|p1a: Dondozo|Body Press|p2a: Overqwil
|-damage|p2a: Overqwil|34/100
|
|-weather|none
|-heal|p1a: Dondozo|72/100 psn|[from] item: Leftovers
|-damage|p1a: Dondozo|60/100 psn|[from] psn
|upkeep
|turn|9
|inactive|benz_2302 has 120 seconds left.
|
|t:|1776043788
|switch|p2a: Pelipper|Pelipper, F|100/100
|-damage|p2a: Pelipper|76/100|[from] Stealth Rock
|-weather|RainDance|[from] ability: Drizzle|[of] p2a: Pelipper
|move|p1a: Dondozo|Rest|p1a: Dondozo
|-status|p1a: Dondozo|slp|[from] move: Rest
|-heal|p1a: Dondozo|100/100 slp|[silent]
|
|-weather|RainDance|[upkeep]
|upkeep
|turn|10
|inactive|animejat has 30 seconds left.
|
|t:|1776043814
|move|p2a: Pelipper|Hurricane|p1a: Dondozo
|-damage|p1a: Dondozo|68/100 slp
|cant|p1a: Dondozo|slp
|move|p1a: Dondozo|Sleep Talk|p1a: Dondozo
|move|p1a: Dondozo|Body Press|p2a: Pelipper|[from] move: Sleep Talk
|-resisted|p2a: Pelipper
|-damage|p2a: Pelipper|66/100
|
|-weather|RainDance|[upkeep]
|-heal|p1a: Dondozo|74/100 slp|[from] item: Leftovers
|upkeep
|turn|11
|inactive|animejat has 30 seconds left.
|inactive|animejat has 20 seconds left.
|
|t:|1776043829
|move|p2a: Pelipper|U-turn|p1a: Dondozo
|-damage|p1a: Dondozo|70/100 slp
|
|t:|1776043831
|switch|p2a: Iron Treads|Iron Treads|100/100|[from] U-turn
|-damage|p2a: Iron Treads|97/100|[from] Stealth Rock
|-enditem|p2a: Iron Treads|Booster Energy
|-activate|p2a: Iron Treads|ability: Quark Drive|[fromitem]
|-start|p2a: Iron Treads|quarkdrivespe
|cant|p1a: Dondozo|slp
|move|p1a: Dondozo|Sleep Talk|p1a: Dondozo
|move|p1a: Dondozo|Rest||[from] move: Sleep Talk|[still]
|-fail|p1a: Dondozo
|
|-weather|RainDance|[upkeep]
|-heal|p1a: Dondozo|76/100 slp|[from] item: Leftovers
|upkeep
|turn|12
|inactive|animejat has 30 seconds left.
|
|t:|1776043846
|move|p2a: Iron Treads|Stealth Rock|p1a: Dondozo
|-sidestart|p1: animejat|move: Stealth Rock
|-curestatus|p1a: Dondozo|slp|[msg]
|move|p1a: Dondozo|Body Press|p2a: Iron Treads
|-supereffective|p2a: Iron Treads
|-damage|p2a: Iron Treads|51/100
|
|-weather|RainDance|[upkeep]
|-heal|p1a: Dondozo|82/100|[from] item: Leftovers
|upkeep
|turn|13
|inactive|animejat has 30 seconds left.
|
|t:|1776043863
|-end|p2a: Iron Treads|Quark Drive|[silent]
|switch|p2a: Raging Bolt|Raging Bolt|88/100
|-damage|p2a: Raging Bolt|76/100|[from] Stealth Rock
|move|p1a: Dondozo|Body Press|p2a: Raging Bolt
|-damage|p2a: Raging Bolt|52/100
|
|-weather|RainDance|[upkeep]
|-heal|p1a: Dondozo|88/100|[from] item: Leftovers
|upkeep
|turn|14
|inactive|animejat has 30 seconds left.
|
|t:|1776043876
|switch|p1a: Blissey|Blissey, F|100/100
|-damage|p1a: Blissey|88/100|[from] Stealth Rock
|move|p2a: Raging Bolt|Thunder|p1a: Blissey
|-damage|p1a: Blissey|67/100
|
|-weather|RainDance|[upkeep]
|-heal|p1a: Blissey|74/100|[from] item: Leftovers
|upkeep
|turn|15
|inactive|animejat has 30 seconds left.
|inactive|animejat has 20 seconds left.
|inactive|animejat has 15 seconds left.
|
|t:|1776043904
|-end|p2a: Raging Bolt|Protosynthesis|[silent]
|switch|p2a: Overqwil|Overqwil, F|34/100
|-damage|p2a: Overqwil|22/100|[from] Stealth Rock
|move|p1a: Blissey|Calm Mind|p1a: Blissey
|-boost|p1a: Blissey|spa|1
|-boost|p1a: Blissey|spd|1
|
|-weather|RainDance|[upkeep]
|-heal|p1a: Blissey|80/100|[from] item: Leftovers
|upkeep
|turn|16
|inactive|animejat has 25 seconds left this turn.
|inactive|animejat has 20 seconds left.
|
|t:|1776043913
|switch|p1a: Dondozo|Dondozo, F|88/100
|-damage|p1a: Dondozo|76/100|[from] Stealth Rock
|move|p2a: Overqwil|Gunk Shot|p1a: Dondozo
|-damage|p1a: Dondozo|41/100
|-damage|p2a: Overqwil|12/100|[from] item: Life Orb
|
|-weather|none
|-heal|p1a: Dondozo|47/100|[from] item: Leftovers
|upkeep
|turn|17
|inactive|animejat has 30 seconds left this turn.
|
|t:|1776043920
|switch|p2a: Iron Treads|Iron Treads|51/100
|-damage|p2a: Iron Treads|48/100|[from] Stealth Rock
|move|p1a: Dondozo|Rest|p1a: Dondozo
|-status|p1a: Dondozo|slp|[from] move: Rest
|-heal|p1a: Dondozo|100/100 slp|[silent]
|
|upkeep
|turn|18
|inactive|animejat has 30 seconds left.
|
|t:|1776043926
|move|p2a: Iron Treads|Rapid Spin|p1a: Dondozo
|-damage|p1a: Dondozo|96/100 slp
|-boost|p2a: Iron Treads|spe|1
|-sideend|p2: benz_2302|Stealth Rock|[from] move: Rapid Spin|[of] p2a: Iron Treads
|cant|p1a: Dondozo|slp
|move|p1a: Dondozo|Sleep Talk|p1a: Dondozo
|move|p1a: Dondozo|Avalanche|p2a: Iron Treads|[from] move: Sleep Talk
|-damage|p2a: Iron Treads|23/100
|
|-heal|p1a: Dondozo|100/100 slp|[from] item: Leftovers
|upkeep
|turn|19
|
|t:|1776043934
|move|p2a: Iron Treads|Earth Power|p1a: Dondozo
|-damage|p1a: Dondozo|66/100 slp
|cant|p1a: Dondozo|slp
|move|p1a: Dondozo|Sleep Talk|p1a: Dondozo
|move|p1a: Dondozo|Avalanche|p2a: Iron Treads|[from] move: Sleep Talk
|-crit|p2a: Iron Treads
|-damage|p2a: Iron Treads|0 fnt
|faint|p2a: Iron Treads
|-end|p2a: Iron Treads|Quark Drive|[silent]
|
|-heal|p1a: Dondozo|72/100 slp|[from] item: Leftovers
|upkeep
|
|t:|1776043940
|switch|p2a: Pelipper|Pelipper, F|66/100
|-weather|RainDance|[from] ability: Drizzle|[of] p2a: Pelipper
|turn|20
|
|t:|1776043948
|switch|p1a: Blissey|Blissey, F|80/100
|-damage|p1a: Blissey|67/100|[from] Stealth Rock
|move|p2a: Pelipper|U-turn|p1a: Blissey
|-damage|p1a: Blissey|58/100
|
|t:|1776043951
|switch|p2a: Barraskewda|Barraskewda, M|100/100|[from] U-turn
|
|-weather|RainDance|[upkeep]
|-heal|p1a: Blissey|64/100|[from] item: Leftovers
|upkeep
|turn|21
|inactive|animejat has 30 seconds left.
|
|t:|1776043982
|switch|p1a: Dondozo|Dondozo, F|72/100 slp
|-damage|p1a: Dondozo|60/100 slp|[from] Stealth Rock
|-terastallize|p2a: Barraskewda|Water
|move|p2a: Barraskewda|Liquidation|p1a: Dondozo
|-resisted|p1a: Dondozo
|-damage|p1a: Dondozo|31/100 slp
|
|-weather|RainDance|[upkeep]
|-heal|p1a: Dondozo|37/100 slp|[from] item: Leftovers
|upkeep
|turn|22
|inactive|animejat has 30 seconds left.
|
|t:|1776043993
|move|p2a: Barraskewda|Liquidation|p1a: Dondozo
|-resisted|p1a: Dondozo
|-damage|p1a: Dondozo|7/100 slp
|-curestatus|p1a: Dondozo|slp|[msg]
|move|p1a: Dondozo|Rest|p1a: Dondozo
|-status|p1a: Dondozo|slp|[from] move: Rest
|-heal|p1a: Dondozo|100/100 slp|[silent]
|
|-weather|RainDance|[upkeep]
|upkeep
|turn|23
|
|t:|1776044002
|switch|p2a: Raging Bolt|Raging Bolt|52/100
|cant|p1a: Dondozo|slp
|move|p1a: Dondozo|Sleep Talk|p1a: Dondozo
|move|p1a: Dondozo|Body Press|p2a: Raging Bolt|[from] move: Sleep Talk
|-damage|p2a: Raging Bolt|30/100
|
|-weather|RainDance|[upkeep]
|upkeep
|turn|24
|
|t:|1776044015
|-end|p2a: Raging Bolt|Protosynthesis|[silent]
|switch|p2a: Overqwil|Overqwil, F|12/100
|switch|p1a: Blissey|Blissey, F|64/100
|-damage|p1a: Blissey|51/100|[from] Stealth Rock
|
|-weather|RainDance|[upkeep]
|-heal|p1a: Blissey|58/100|[from] item: Leftovers
|upkeep
|turn|25
|inactive|animejat has 30 seconds left.
|
|t:|1776044030
|switch|p1a: Corviknight|Corviknight, M|100/100
|-damage|p1a: Corviknight|88/100|[from] Stealth Rock
|-ability|p1a: Corviknight|Pressure
|move|p2a: Overqwil|Crunch|p1a: Corviknight
|-damage|p1a: Corviknight|57/100
|-unboost|p1a: Corviknight|def|1
|-damage|p2a: Overqwil|3/100|[from] item: Life Orb
|
|-weather|RainDance|[upkeep]
|-heal|p1a: Corviknight|64/100|[from] item: Leftovers
|upkeep
|turn|26
|
|t:|1776044038
|move|p2a: Overqwil|Crunch|p1a: Corviknight
|-damage|p1a: Corviknight|17/100
|-damage|p2a: Overqwil|0 fnt|[from] item: Life Orb
|faint|p2a: Overqwil
|move|p1a: Corviknight|Defog|p2: Overqwil|[notarget]
|-fail|p1a: Corviknight
|
|-weather|RainDance|[upkeep]
|-heal|p1a: Corviknight|24/100|[from] item: Leftovers
|upkeep
|
|t:|1776044047
|switch|p2a: Barraskewda|Barraskewda, M, tera:Water|100/100
|turn|27
|
|t:|1776044057
|switch|p1a: Dondozo|Dondozo, F|100/100 slp
|-damage|p1a: Dondozo|88/100 slp|[from] Stealth Rock
|move|p2a: Barraskewda|Flip Turn|p1a: Dondozo
|-resisted|p1a: Dondozo
|-damage|p1a: Dondozo|66/100 slp
|
|t:|1776044062
|switch|p2a: Raging Bolt|Raging Bolt|30/100|[from] Flip Turn
|
|-weather|none
|-heal|p1a: Dondozo|72/100 slp|[from] item: Leftovers
|upkeep
|turn|28
|inactive|animejat has 30 seconds left.
|inactive|animejat has 20 seconds left.
|inactive|animejat has 15 seconds left.
|
|t:|1776044111
|-end|p2a: Raging Bolt|Protosynthesis|[silent]
|switch|p2a: Pelipper|Pelipper, F|66/100
|-weather|RainDance|[from] ability: Drizzle|[of] p2a: Pelipper
|switch|p1a: Blissey|Blissey, F|58/100
|-damage|p1a: Blissey|45/100|[from] Stealth Rock
|
|-weather|RainDance|[upkeep]
|-heal|p1a: Blissey|51/100|[from] item: Leftovers
|upkeep
|turn|29
|inactive|animejat has 25 seconds left this turn.
|
|t:|1776044121
|move|p1a: Blissey|Stealth Rock|p2a: Pelipper
|-sidestart|p2: benz_2302|move: Stealth Rock
|move|p2a: Pelipper|Hurricane|p1a: Blissey
|-damage|p1a: Blissey|40/100
|
|-weather|RainDance|[upkeep]
|-heal|p1a: Blissey|46/100|[from] item: Leftovers
|upkeep
|turn|30
|
|t:|1776044126
|move|p1a: Blissey|Soft-Boiled|p1a: Blissey
|-heal|p1a: Blissey|96/100
|move|p2a: Pelipper|U-turn|p1a: Blissey
|-damage|p1a: Blissey|87/100
|
|t:|1776044130
|switch|p2a: Kingambit|Kingambit, F|100/100|[from] U-turn
|-damage|p2a: Kingambit|94/100|[from] Stealth Rock
|-activate|p2a: Kingambit|ability: Supreme Overlord
|-start|p2a: Kingambit|fallen2|[silent]
|
|-weather|RainDance|[upkeep]
|-heal|p1a: Blissey|93/100|[from] item: Leftovers
|-heal|p2a: Kingambit|100/100|[from] item: Leftovers
|upkeep
|turn|31
|inactive|animejat has 30 seconds left.
|
|t:|1776044150
|switch|p1a: Dondozo|Dondozo, F|72/100 slp
|-damage|p1a: Dondozo|60/100 slp|[from] Stealth Rock
|move|p2a: Kingambit|Swords Dance|p2a: Kingambit
|-boost|p2a: Kingambit|atk|2
|
|-weather|RainDance|[upkeep]
|-heal|p1a: Dondozo|66/100 slp|[from] item: Leftovers
|upkeep
|turn|32
|
|t:|1776044158
|move|p2a: Kingambit|Swords Dance|p2a: Kingambit
|-boost|p2a: Kingambit|atk|2
|cant|p1a: Dondozo|slp
|move|p1a: Dondozo|Sleep Talk|p1a: Dondozo
|move|p1a: Dondozo|Rest||[from] move: Sleep Talk|[still]
|-fail|p1a: Dondozo
|
|-weather|RainDance|[upkeep]
|-heal|p1a: Dondozo|72/100 slp|[from] item: Leftovers
|upkeep
|turn|33
|
|t:|1776044173
|move|p2a: Kingambit|Kowtow Cleave|p1a: Dondozo
|-damage|p1a: Dondozo|43/100 slp
|-curestatus|p1a: Dondozo|slp|[msg]
|move|p1a: Dondozo|Body Press|p2a: Kingambit
|-supereffective|p2a: Kingambit
|-damage|p2a: Kingambit|22/100
|
|-weather|RainDance|[upkeep]
|-heal|p2a: Kingambit|28/100|[from] item: Leftovers
|-heal|p1a: Dondozo|49/100|[from] item: Leftovers
|upkeep
|turn|34
|inactive|animejat has 30 seconds left.
|
|t:|1776044199
|move|p2a: Kingambit|Kowtow Cleave|p1a: Dondozo
|-damage|p1a: Dondozo|21/100
|move|p1a: Dondozo|Rest|p1a: Dondozo
|-status|p1a: Dondozo|slp|[from] move: Rest
|-heal|p1a: Dondozo|100/100 slp|[silent]
|
|-weather|RainDance|[upkeep]
|-heal|p2a: Kingambit|34/100|[from] item: Leftovers
|upkeep
|turn|35
|
|t:|1776044203
|move|p2a: Kingambit|Swords Dance|p2a: Kingambit
|-boost|p2a: Kingambit|atk|2
|cant|p1a: Dondozo|slp
|move|p1a: Dondozo|Sleep Talk|p1a: Dondozo
|move|p1a: Dondozo|Rest||[from] move: Sleep Talk|[still]
|-fail|p1a: Dondozo
|
|-weather|none
|-heal|p2a: Kingambit|40/100|[from] item: Leftovers
|upkeep
|turn|36
|
|t:|1776044207
|move|p2a: Kingambit|Kowtow Cleave|p1a: Dondozo
|-damage|p1a: Dondozo|75/100 slp
|cant|p1a: Dondozo|slp
|move|p1a: Dondozo|Sleep Talk|p1a: Dondozo
|move|p1a: Dondozo|Avalanche|p2a: Kingambit|[from] move: Sleep Talk
|-resisted|p2a: Kingambit
|-damage|p2a: Kingambit|30/100
|
|-heal|p2a: Kingambit|36/100|[from] item: Leftovers
|-heal|p1a: Dondozo|81/100 slp|[from] item: Leftovers
|upkeep
|turn|37
|
|t:|1776044214
|move|p2a: Kingambit|Iron Head|p1a: Dondozo
|-resisted|p1a: Dondozo
|-damage|p1a: Dondozo|68/100 slp
|-curestatus|p1a: Dondozo|slp|[msg]
|move|p1a: Dondozo|Body Press|p2a: Kingambit
|-supereffective|p2a: Kingambit
|-damage|p2a: Kingambit|0 fnt
|faint|p2a: Kingambit
|-end|p2a: Kingambit|fallen2|[silent]
|
|-heal|p1a: Dondozo|74/100|[from] item: Leftovers
|upkeep
|
|t:|1776044219
|switch|p2a: Pelipper|Pelipper, F|66/100
|-damage|p2a: Pelipper|41/100|[from] Stealth Rock
|-weather|RainDance|[from] ability: Drizzle|[of] p2a: Pelipper
|turn|38
|inactive|animejat has 60 seconds left.
|c|☆benz_2302|this is a nightmare bro
|
|t:|1776044231
|move|p2a: Pelipper|Hurricane|p1a: Dondozo
|-damage|p1a: Dondozo|40/100
|move|p1a: Dondozo|Body Press|p2a: Pelipper
|-resisted|p2a: Pelipper
|-damage|p2a: Pelipper|29/100
|
|-weather|RainDance|[upkeep]
|-heal|p1a: Dondozo|46/100|[from] item: Leftovers
|upkeep
|turn|39
|inactive|animejat has 60 seconds left.
|c|☆benz_2302|what does that team strugle against?
|
|t:|1776044255
|move|p2a: Pelipper|Hurricane|p1a: Dondozo
|-crit|p1a: Dondozo
|-damage|p1a: Dondozo|0 fnt
|faint|p1a: Dondozo
|
|-weather|RainDance|[upkeep]
|upkeep
|c|☆animejat|taunt
|inactive|animejat has 30 seconds left.
|
|t:|1776044286
|switch|p1a: Blissey|Blissey, F|93/100
|-damage|p1a: Blissey|81/100|[from] Stealth Rock
|turn|40
|c|☆benz_2302|oh right
|inactive|animejat has 30 seconds left.
|
|t:|1776044293
|move|p1a: Blissey|Seismic Toss|p2a: Pelipper
|-damage|p2a: Pelipper|0 fnt
|faint|p2a: Pelipper
|
|-weather|RainDance|[upkeep]
|-heal|p1a: Blissey|87/100|[from] item: Leftovers
|upkeep
|
|t:|1776044296
|switch|p2a: Barraskewda|Barraskewda, M, tera:Water|100/100
|-damage|p2a: Barraskewda|88/100|[from] Stealth Rock
|turn|41
|inactive|animejat has 30 seconds left.
|inactive|animejat has 20 seconds left.
|inactive|animejat has 15 seconds left.
|inactive|animejat has 10 seconds left.
|
|t:|1776044334
|switch|p1a: Corviknight|Corviknight, M|24/100
|-damage|p1a: Corviknight|11/100|[from] Stealth Rock
|-ability|p1a: Corviknight|Pressure
|move|p2a: Barraskewda|Liquidation|p1a: Corviknight
|-damage|p1a: Corviknight|0 fnt
|faint|p1a: Corviknight
|
|-weather|RainDance|[upkeep]
|upkeep
|inactive|animejat has 15 seconds left this turn.
|inactive|animejat has 10 seconds left.
|inactive|animejat has 5 seconds left.
|
|t:|1776044347
|switch|p1a: Toxapex|Toxapex, F|100/100
|-damage|p1a: Toxapex|88/100|[from] Stealth Rock
|turn|42
|inactive|animejat has 15 seconds left this turn.
|inactive|animejat has 10 seconds left.
|
|t:|1776044352
|switch|p2a: Raging Bolt|Raging Bolt|30/100
|-damage|p2a: Raging Bolt|17/100|[from] Stealth Rock
|move|p1a: Toxapex|Toxic|p2a: Raging Bolt
|-status|p2a: Raging Bolt|tox
|
|-weather|RainDance|[upkeep]
|-heal|p1a: Toxapex|94/100|[from] item: Leftovers
|-damage|p2a: Raging Bolt|11/100 tox|[from] psn
|upkeep
|turn|43
|inactive|animejat has 20 seconds left this turn.
|inactive|animejat has 15 seconds left.
|
|t:|1776044360
|move|p2a: Raging Bolt|Thunder|p1a: Toxapex
|-supereffective|p1a: Toxapex
|-damage|p1a: Toxapex|7/100
|move|p1a: Toxapex|Recover|p1a: Toxapex
|-heal|p1a: Toxapex|57/100
|
|-weather|RainDance|[upkeep]
|-heal|p1a: Toxapex|63/100|[from] item: Leftovers
|-damage|p2a: Raging Bolt|0 fnt|[from] psn
|faint|p2a: Raging Bolt
|-end|p2a: Raging Bolt|Protosynthesis|[silent]
|upkeep
|
|t:|1776044363
|switch|p2a: Barraskewda|Barraskewda, M, tera:Water|88/100
|-damage|p2a: Barraskewda|75/100|[from] Stealth Rock
|turn|44
|inactive|animejat has 30 seconds left this turn.
|inactive|animejat has 20 seconds left.
|inactive|animejat has 15 seconds left.
|
|t:|1776044381
|move|p2a: Barraskewda|Liquidation|p1a: Toxapex
|-resisted|p1a: Toxapex
|-damage|p1a: Toxapex|10/100
|-unboost|p1a: Toxapex|def|1
|move|p1a: Toxapex|Toxic|p2a: Barraskewda
|-status|p2a: Barraskewda|tox
|
|-weather|RainDance|[upkeep]
|-heal|p1a: Toxapex|16/100|[from] item: Leftovers
|-damage|p2a: Barraskewda|69/100 tox|[from] psn
|upkeep
|turn|45
|inactive|animejat has 25 seconds left this turn.
|inactive|animejat has 20 seconds left.
|
|t:|1776044387
|move|p2a: Barraskewda|Liquidation|p1a: Toxapex
|-resisted|p1a: Toxapex
|-crit|p1a: Toxapex
|-damage|p1a: Toxapex|0 fnt
|faint|p1a: Toxapex
|
|-weather|none
|-damage|p2a: Barraskewda|57/100 tox|[from] psn
|upkeep
|inactive|animejat has 25 seconds left this turn.
|inactive|animejat has 20 seconds left.
|
|t:|1776044396
|switch|p1a: Weezing|Weezing-Galar, M|100/100
|-ability|p1a: Weezing|Neutralizing Gas
|turn|46
|inactive|animejat has 30 seconds left this turn.
|inactive|animejat has 20 seconds left.
|inactive|animejat has 15 seconds left.
|
|t:|1776044411
|move|p2a: Barraskewda|Liquidation|p1a: Weezing
|-damage|p1a: Weezing|41/100
|-unboost|p1a: Weezing|def|1
|move|p1a: Weezing|Defog|p2a: Barraskewda
|-unboost|p2a: Barraskewda|evasion|1
|-sideend|p2: benz_2302|Stealth Rock|[from] move: Defog|[of] p1a: Weezing
|-sideend|p1: animejat|Stealth Rock|[from] move: Defog|[of] p1a: Weezing
|
|-damage|p2a: Barraskewda|39/100 tox|[from] psn
|upkeep
|turn|47
|inactive|animejat has 25 seconds left this turn.
|inactive|animejat has 20 seconds left.
|inactive|animejat has 15 seconds left.
|inactive|animejat has 10 seconds left.
|inactive|animejat has 5 seconds left.
|
|t:|1776044432
|move|p2a: Barraskewda|Liquidation|p1a: Weezing
|-damage|p1a: Weezing|0 fnt
|faint|p1a: Weezing
|-end|p1a: Weezing|ability: Neutralizing Gas
|
|-damage|p2a: Barraskewda|15/100 tox|[from] psn
|upkeep
|inactive|animejat has 10 seconds left this turn.
|
|t:|1776044436
|switch|p1a: Blissey|Blissey, F|87/100
|turn|48
|inactive|animejat has 20 seconds left this turn.
|c|☆benz_2302|i need a crit
|inactive|animejat has 15 seconds left.
|inactive|animejat has 10 seconds left.
|
|t:|1776044451
|move|p2a: Barraskewda|Liquidation|p1a: Blissey
|-damage|p1a: Blissey|0 fnt
|faint|p1a: Blissey
|
|win|benz_2302
|raw|animejat's rating: 1396 &rarr; <strong>1377</strong><br />(-19 for losing)
|raw|benz_2302's rating: 1417 &rarr; <strong>1436</strong><br />(+19 for winning)
|c|☆benz_2302|gg
|c|☆animejat|ggwp
|c|☆animejat|that crit actually lost me the game
