|html|<div class="broadcast-blue"><strong>[Gen 9] OU is currently suspecting Tera Blast! For information on how to participate check out the <a href="https://www.smogon.com/tools/suspects/view/200">suspect thread</a>.</strong></div>
|j|☆Blastoise_Choice
|j|☆GoyEmpereor
|t:|1776080845
|gametype|singles
|player|p1|Blastoise_Choice|benga|1645
|player|p2|GoyEmpereor|101|1672
|gen|9
|tier|[Gen 9] OU
|rated|
|rule|HP Percentage Mod: HP is shown in percentages
|rule|Endless Battle Clause: Forcing endless battles is banned
|rule|Species Clause: Limit one of each Pokémon
|rule|OHKO Clause: OHKO moves are banned
|rule|Evasion Items Clause: Evasion items are banned
|rule|Evasion Moves Clause: Evasion moves are banned
|rule|Evasion Abilities Clause: Evasion abilities are banned
|rule|Sleep Moves Clause: Sleep-inducing moves are banned
|clearpoke
|poke|p1|Hydrapple, M|
|poke|p1|Tyranitar, F|
|poke|p1|Moltres|
|poke|p1|Zamazenta-*|
|poke|p1|Slowking-Galar, M|
|poke|p1|Excadrill, F|
|poke|p2|Kyurem|
|poke|p2|Ceruledge, M|
|poke|p2|Landorus-Therian, M|
|poke|p2|Hatterene, F|
|poke|p2|Zamazenta-*|
|poke|p2|Kingambit, M|
|teampreview
|inactive|Battle timer is ON: inactive players will automatically lose when time's up. (requested by GoyEmpereor)
|c|☆Blastoise_Choice|hf
|inactive|Blastoise_Choice also wants the timer to be on.
|c|☆GoyEmpereor|u2
|
|t:|1776080868
|teamsize|p1|6
|teamsize|p2|6
|start
|switch|p1a: Zamazenta|Zamazenta|100/100
|switch|p2a: Landorus|Landorus-Therian, M|100/100
|-ability|p1a: Zamazenta|Dauntless Shield|boost
|-boost|p1a: Zamazenta|def|1
|-ability|p2a: Landorus|Intimidate|boost
|-unboost|p1a: Zamazenta|atk|1
|turn|1
|
|t:|1776080874
|switch|p2a: Hatterene|Hatterene, F|100/100
|move|p1a: Zamazenta|Body Press|p2a: Hatterene
|-resisted|p2a: Hatterene
|-damage|p2a: Hatterene|88/100
|-damage|p1a: Zamazenta|84/100|[from] item: Rocky Helmet|[of] p2a: Hatterene
|
|-heal|p1a: Zamazenta|90/100|[from] item: Leftovers
|upkeep
|turn|2
|
|t:|1776080882
|switch|p1a: Slowking|Slowking-Galar, M|100/100
|switch|p2a: Ceruledge|Ceruledge, M|100/100
|
|upkeep
|turn|3
|
|t:|1776080889
|switch|p1a: Tyranitar|Tyranitar, F|100/100
|-weather|Sandstorm|[from] ability: Sand Stream|[of] p1a: Tyranitar
|move|p2a: Ceruledge|Poltergeist|p1a: Tyranitar|[miss]
|-miss|p2a: Ceruledge|p1a: Tyranitar
|
|-weather|Sandstorm|[upkeep]
|-damage|p2a: Ceruledge|94/100|[from] Sandstorm
|upkeep
|turn|4
|j| Monkey D MinMin
|
|t:|1776080895
|switch|p2a: Landorus|Landorus-Therian, M|100/100
|-ability|p2a: Landorus|Intimidate|boost
|-unboost|p1a: Tyranitar|atk|1
|move|p1a: Tyranitar|Knock Off|p2a: Landorus
|-damage|p2a: Landorus|71/100
|-damage|p1a: Tyranitar|84/100|[from] item: Rocky Helmet|[of] p2a: Landorus
|-enditem|p2a: Landorus|Rocky Helmet|[from] move: Knock Off|[of] p1a: Tyranitar
|
|-weather|Sandstorm|[upkeep]
|upkeep
|turn|5
|
|t:|1776080902
|move|p2a: Landorus|U-turn|p1a: Tyranitar
|-supereffective|p1a: Tyranitar
|-damage|p1a: Tyranitar|51/100
|
|t:|1776080904
|switch|p2a: Hatterene|Hatterene, F|88/100|[from] U-turn
|move|p1a: Tyranitar|Ice Beam|p2a: Hatterene
|-damage|p2a: Hatterene|65/100
|
|-weather|Sandstorm|[upkeep]
|-damage|p2a: Hatterene|59/100|[from] Sandstorm
|upkeep
|turn|6
|
|t:|1776080912
|switch|p2a: Landorus|Landorus-Therian, M|71/100
|-ability|p2a: Landorus|Intimidate|boost
|-unboost|p1a: Tyranitar|atk|1
|move|p1a: Tyranitar|Ice Beam|p2a: Landorus
|-supereffective|p2a: Landorus
|-damage|p2a: Landorus|0 fnt
|faint|p2a: Landorus
|
|-weather|Sandstorm|[upkeep]
|upkeep
|
|t:|1776080917
|switch|p2a: Zamazenta|Zamazenta|100/100
|-ability|p2a: Zamazenta|Dauntless Shield|boost
|-boost|p2a: Zamazenta|def|1
|turn|7
|
|t:|1776080924
|switch|p2a: Ceruledge|Ceruledge, M|94/100
|switch|p1a: Moltres|Moltres|100/100
|
|-weather|Sandstorm|[upkeep]
|-damage|p2a: Ceruledge|88/100|[from] Sandstorm
|-damage|p1a: Moltres|94/100|[from] Sandstorm
|upkeep
|turn|8
|
|t:|1776080930
|move|p2a: Ceruledge|Swords Dance|p2a: Ceruledge
|-boost|p2a: Ceruledge|atk|2
|move|p1a: Moltres|U-turn|p2a: Ceruledge
|-resisted|p2a: Ceruledge
|-damage|p2a: Ceruledge|83/100
|-ability|p2a: Ceruledge|Weak Armor|boost
|-unboost|p2a: Ceruledge|def|1
|-boost|p2a: Ceruledge|spe|2
|
|t:|1776080937
|switch|p1a: Tyranitar|Tyranitar, F|51/100|[from] U-turn
|
|-weather|Sandstorm|[upkeep]
|-damage|p2a: Ceruledge|77/100|[from] Sandstorm
|upkeep
|turn|9
|
|t:|1776080944
|move|p2a: Ceruledge|Poltergeist|p1a: Tyranitar
|-activate|p1a: Tyranitar|move: Poltergeist|Smooth Rock
|-resisted|p1a: Tyranitar
|-damage|p1a: Tyranitar|0 fnt
|faint|p1a: Tyranitar
|-damage|p2a: Ceruledge|67/100|[from] item: Life Orb
|
|-weather|Sandstorm|[upkeep]
|-damage|p2a: Ceruledge|61/100|[from] Sandstorm
|upkeep
|
|t:|1776080951
|switch|p1a: Excadrill|Excadrill, F|100/100
|-item|p1a: Excadrill|Air Balloon
|turn|10
|
|t:|1776080958
|-terastallize|p2a: Ceruledge|Ghost
|move|p2a: Ceruledge|Shadow Sneak|p1a: Excadrill
|-damage|p1a: Excadrill|0 fnt
|-enditem|p1a: Excadrill|Air Balloon
|faint|p1a: Excadrill
|-damage|p2a: Ceruledge|51/100|[from] item: Life Orb
|
|-weather|none
|upkeep
|
|t:|1776080962
|switch|p1a: Zamazenta|Zamazenta|90/100
|turn|11
|
|t:|1776080966
|move|p2a: Ceruledge|Poltergeist|p1a: Zamazenta
|-activate|p1a: Zamazenta|move: Poltergeist|Leftovers
|-damage|p1a: Zamazenta|0 fnt
|faint|p1a: Zamazenta
|-damage|p2a: Ceruledge|41/100|[from] item: Life Orb
|
|upkeep
|
|t:|1776080970
|switch|p1a: Slowking|Slowking-Galar, M|100/100
|turn|12
|c|☆GoyEmpereor|gg
|
|t:|1776080974
|move|p2a: Ceruledge|Bitter Blade|p1a: Slowking
|-damage|p1a: Slowking|5/100
|-heal|p2a: Ceruledge|100/100|[from] drain|[of] p1a: Slowking
|-damage|p2a: Ceruledge|91/100|[from] item: Life Orb
|move|p1a: Slowking|Psyshock|p2a: Ceruledge
|-damage|p2a: Ceruledge|21/100
|
|upkeep
|turn|13
|
|t:|1776080979
|switch|p1a: Moltres|Moltres|94/100
|move|p2a: Ceruledge|Bitter Blade|p1a: Moltres
|-resisted|p1a: Moltres
|-damage|p1a: Moltres|51/100
|-heal|p2a: Ceruledge|50/100|[from] drain|[of] p1a: Moltres
|-damage|p2a: Ceruledge|40/100|[from] item: Life Orb
|
|upkeep
|turn|14
|
|t:|1776080984
|move|p2a: Ceruledge|Poltergeist|p1a: Moltres
|-activate|p1a: Moltres|move: Poltergeist|Heavy-Duty Boots
|-crit|p1a: Moltres
|-damage|p1a: Moltres|0 fnt
|faint|p1a: Moltres
|-damage|p2a: Ceruledge|30/100|[from] item: Life Orb
|
|upkeep
|
|t:|1776080988
|switch|p1a: Hydrapple|Hydrapple, M|100/100
|turn|15
|
|t:|1776080991
|move|p2a: Ceruledge|Poltergeist|p1a: Hydrapple
|-activate|p1a: Hydrapple|move: Poltergeist|Heavy-Duty Boots
|-damage|p1a: Hydrapple|0 fnt
|faint|p1a: Hydrapple
|-damage|p2a: Ceruledge|20/100|[from] item: Life Orb
|
|upkeep
|
|t:|1776080995
|switch|p1a: Slowking|Slowking-Galar, M|39/100
|turn|16
|
|t:|1776080998
|move|p2a: Ceruledge|Bitter Blade|p1a: Slowking
|-damage|p1a: Slowking|0 fnt
|-heal|p2a: Ceruledge|46/100|[from] drain|[of] p1a: Slowking
|faint|p1a: Slowking
|-damage|p2a: Ceruledge|36/100|[from] item: Life Orb
|
|win|GoyEmpereor
|raw|Blastoise_Choice's rating: 1645 &rarr; <strong>1627</strong><br />(-18 for losing)
|raw|GoyEmpereor's rating: 1672 &rarr; <strong>1690</strong><br />(+18 for winning)
|c|☆Blastoise_Choice|gg
