|html|<div class="broadcast-blue"><strong>[Gen 9] OU is currently suspecting Tera Blast! For information on how to participate check out the <a href="https://www.smogon.com/tools/suspects/view/200">suspect thread</a>.</strong></div>
|j|☆Bhloader
|j|☆dkslfsd
|t:|1776042417
|gametype|singles
|player|p1|Bhloader|2|1756
|player|p2|dkslfsd|swimmerf-gen4dp|1714
|gen|9
|tier|[Gen 9] OU
|rated|
|rule|HP Percentage Mod: HP is shown in percentages
|rule|Endless Battle Clause: Forcing endless battles is banned
|rule|Species Clause: Limit one of each Pokémon
|rule|OHKO Clause: OHKO moves are banned
|rule|Evasion Items Clause: Evasion items are banned
|rule|Evasion Moves Clause: Evasion moves are banned
|rule|Evasion Abilities Clause: Evasion abilities are banned
|rule|Sleep Moves Clause: Sleep-inducing moves are banned
|clearpoke
|poke|p1|Hydrapple, M|
|poke|p1|Alomomola, F|
|poke|p1|Gliscor, M|
|poke|p1|Heatran, M|
|poke|p1|Cinderace, F|
|poke|p1|Dondozo, F|
|poke|p2|Kingambit, F|
|poke|p2|Ursaluna, F|
|poke|p2|Dragapult, F|
|poke|p2|Manaphy|
|poke|p2|Great Tusk|
|poke|p2|Zamazenta-*|
|teampreview
|inactive|Battle timer is ON: inactive players will automatically lose when time's up. (requested by dkslfsd)
|inactive|Bhloader has 120 seconds left.
|
|t:|1776042459
|teamsize|p1|6
|teamsize|p2|6
|start
|switch|p1a: Gliscor|Gliscor, M|100/100
|switch|p2a: Great Tusk|Great Tusk|100/100
|turn|1
|
|t:|1776042463
|move|p2a: Great Tusk|Stealth Rock|p1a: Gliscor
|-sidestart|p1: Bhloader|move: Stealth Rock
|move|p1a: Gliscor|Toxic|p2a: Great Tusk
|-status|p2a: Great Tusk|tox
|
|-damage|p2a: Great Tusk|94/100 tox|[from] psn
|-status|p1a: Gliscor|tox|[from] item: Toxic Orb
|upkeep
|turn|2
|
|t:|1776042466
|-end|p2a: Great Tusk|Protosynthesis|[silent]
|switch|p2a: Manaphy|Manaphy|100/100
|switch|p1a: Alomomola|Alomomola, F|100/100
|-damage|p1a: Alomomola|88/100|[from] Stealth Rock
|
|-heal|p1a: Alomomola|94/100|[from] item: Leftovers
|upkeep
|turn|3
|
|t:|1776042468
|move|p2a: Manaphy|Substitute|p2a: Manaphy
|-start|p2a: Manaphy|Substitute
|-damage|p2a: Manaphy|76/100
|move|p1a: Alomomola|Flip Turn|p2a: Manaphy
|-resisted|p2a: Manaphy
|-activate|p2a: Manaphy|move: Substitute|[damage]
|
|t:|1776042481
|switch|p1a: Hydrapple|Hydrapple, M|100/100|[from] Flip Turn
|-damage|p1a: Hydrapple|88/100|[from] Stealth Rock
|
|-heal|p2a: Manaphy|82/100|[from] item: Leftovers
|upkeep
|turn|4
|
|t:|1776042484
|move|p2a: Manaphy|Tail Glow|p2a: Manaphy
|-boost|p2a: Manaphy|spa|3
|move|p1a: Hydrapple|Earth Power|p2a: Manaphy
|-end|p2a: Manaphy|Substitute
|
|-heal|p2a: Manaphy|88/100|[from] item: Leftovers
|upkeep
|turn|5
|
|t:|1776042498
|move|p2a: Manaphy|Alluring Voice|p1a: Hydrapple
|-supereffective|p1a: Hydrapple
|-damage|p1a: Hydrapple|38/100
|move|p1a: Hydrapple|Fickle Beam|p2a: Manaphy
|-damage|p2a: Manaphy|53/100
|
|-heal|p2a: Manaphy|59/100|[from] item: Leftovers
|upkeep
|turn|6
|
|t:|1776042511
|-terastallize|p1a: Hydrapple|Steel
|move|p2a: Manaphy|Alluring Voice|p1a: Hydrapple
|-resisted|p1a: Hydrapple
|-damage|p1a: Hydrapple|26/100
|move|p1a: Hydrapple|Fickle Beam|p2a: Manaphy|[anim] Fickle Beam All Out
|-activate|p1a: Hydrapple|move: Fickle Beam
|-damage|p2a: Manaphy|0 fnt
|faint|p2a: Manaphy
|
|upkeep
|c|☆dkslfsd|jesus lmao
|j| raditzisthebest
|c|☆dkslfsd|good thing my manaphy is useless anyway
|
|t:|1776042535
|switch|p2a: Kingambit|Kingambit, F|100/100
|-activate|p2a: Kingambit|ability: Supreme Overlord
|-start|p2a: Kingambit|fallen1|[silent]
|turn|7
|
|t:|1776042546
|switch|p1a: Heatran|Heatran, M|100/100
|-damage|p1a: Heatran|88/100|[from] Stealth Rock
|move|p2a: Kingambit|Kowtow Cleave|p1a: Heatran
|-damage|p1a: Heatran|42/100
|
|-heal|p1a: Heatran|48/100|[from] item: Leftovers
|upkeep
|turn|8
|
|t:|1776042553
|-end|p2a: Kingambit|fallen1|[silent]
|switch|p2a: Great Tusk|Great Tusk|94/100 tox
|move|p1a: Heatran|Will-O-Wisp||[still]
|-fail|p1a: Heatran
|
|-heal|p1a: Heatran|55/100|[from] item: Leftovers
|-damage|p2a: Great Tusk|88/100 tox|[from] psn
|upkeep
|turn|9
|
|t:|1776042557
|switch|p1a: Alomomola|Alomomola, F|100/100
|-damage|p1a: Alomomola|88/100|[from] Stealth Rock
|move|p2a: Great Tusk|Close Combat|p1a: Alomomola
|-damage|p1a: Alomomola|56/100
|-unboost|p2a: Great Tusk|def|1
|-unboost|p2a: Great Tusk|spd|1
|
|-heal|p1a: Alomomola|62/100|[from] item: Leftovers
|-damage|p2a: Great Tusk|76/100 tox|[from] psn
|upkeep
|turn|10
|
|t:|1776042563
|-end|p2a: Great Tusk|Protosynthesis|[silent]
|switch|p2a: Zamazenta|Zamazenta|100/100
|-ability|p2a: Zamazenta|Dauntless Shield|boost
|-boost|p2a: Zamazenta|def|1
|move|p1a: Alomomola|Wish|p1a: Alomomola
|
|-heal|p1a: Alomomola|68/100|[from] item: Leftovers
|upkeep
|turn|11
|
|t:|1776042569
|move|p2a: Zamazenta|Reflect|p2a: Zamazenta
|-sidestart|p2: dkslfsd|Reflect
|move|p1a: Alomomola|Whirlpool|p2a: Zamazenta
|-damage|p2a: Zamazenta|95/100
|-activate|p2a: Zamazenta|move: Whirlpool|[of] p1a: Alomomola
|
|-heal|p1a: Alomomola|100/100|[from] move: Wish|[wisher] Alomomola
|-damage|p2a: Zamazenta|83/100|[from] move: Whirlpool|[partiallytrapped]
|upkeep
|turn|12
|
|t:|1776042577
|move|p2a: Zamazenta|Light Screen|p2a: Zamazenta
|-sidestart|p2: dkslfsd|move: Light Screen
|move|p1a: Alomomola|Whirlpool|p2a: Zamazenta
|-damage|p2a: Zamazenta|80/100
|
|-damage|p2a: Zamazenta|68/100|[from] move: Whirlpool|[partiallytrapped]
|upkeep
|turn|13
|
|t:|1776042579
|move|p2a: Zamazenta|Close Combat|p1a: Alomomola
|-damage|p1a: Alomomola|67/100
|-unboost|p2a: Zamazenta|def|1
|-unboost|p2a: Zamazenta|spd|1
|move|p1a: Alomomola|Wish|p1a: Alomomola
|
|-heal|p1a: Alomomola|73/100|[from] item: Leftovers
|-damage|p2a: Zamazenta|55/100|[from] move: Whirlpool|[partiallytrapped]
|upkeep
|turn|14
|
|t:|1776042585
|move|p2a: Zamazenta|Close Combat|p1a: Alomomola
|-damage|p1a: Alomomola|39/100
|-unboost|p2a: Zamazenta|def|1
|-unboost|p2a: Zamazenta|spd|1
|move|p1a: Alomomola|Whirlpool|p2a: Zamazenta
|-damage|p2a: Zamazenta|50/100
|
|-heal|p1a: Alomomola|89/100|[from] move: Wish|[wisher] Alomomola
|-heal|p1a: Alomomola|96/100|[from] item: Leftovers
|-damage|p2a: Zamazenta|37/100|[from] move: Whirlpool|[partiallytrapped]
|upkeep
|turn|15
|
|t:|1776042587
|move|p2a: Zamazenta|Close Combat|p1a: Alomomola
|-damage|p1a: Alomomola|64/100
|-unboost|p2a: Zamazenta|def|1
|-unboost|p2a: Zamazenta|spd|1
|move|p1a: Alomomola|Wish|p1a: Alomomola
|
|-heal|p1a: Alomomola|70/100|[from] item: Leftovers
|-end|p2a: Zamazenta|Whirlpool|[partiallytrapped]
|upkeep
|turn|16
|
|t:|1776042595
|switch|p2a: Ursaluna|Ursaluna, F|100/100
|move|p1a: Alomomola|Flip Turn|p2a: Ursaluna
|-supereffective|p2a: Ursaluna
|-damage|p2a: Ursaluna|88/100
|
|t:|1776042615
|switch|p1a: Gliscor|Gliscor, M|100/100 tox|[from] Flip Turn
|-damage|p1a: Gliscor|88/100 tox|[from] Stealth Rock
|
|-heal|p1a: Gliscor|100/100 tox|[from] move: Wish|[wisher] Alomomola
|-status|p2a: Ursaluna|brn|[from] item: Flame Orb
|upkeep
|turn|17
|
|t:|1776042624
|switch|p1a: Alomomola|Alomomola, F|100/100
|-damage|p1a: Alomomola|88/100|[from] Stealth Rock
|move|p2a: Ursaluna|Trailblaze|p1a: Alomomola
|-supereffective|p1a: Alomomola
|-damage|p1a: Alomomola|60/100
|-boost|p2a: Ursaluna|spe|1
|
|-heal|p1a: Alomomola|66/100|[from] item: Leftovers
|-damage|p2a: Ursaluna|81/100 brn|[from] brn
|upkeep
|turn|18
|
|t:|1776042632
|move|p1a: Alomomola|Protect|p1a: Alomomola
|-singleturn|p1a: Alomomola|Protect
|move|p2a: Ursaluna|Trailblaze|p1a: Alomomola
|-activate|p1a: Alomomola|move: Protect
|
|-heal|p1a: Alomomola|72/100|[from] item: Leftovers
|-damage|p2a: Ursaluna|75/100 brn|[from] brn
|-sideend|p2: dkslfsd|Reflect
|upkeep
|turn|19
|
|t:|1776042637
|move|p2a: Ursaluna|Trailblaze|p1a: Alomomola
|-supereffective|p1a: Alomomola
|-damage|p1a: Alomomola|43/100
|-boost|p2a: Ursaluna|spe|1
|move|p1a: Alomomola|Wish|p1a: Alomomola
|
|-heal|p1a: Alomomola|49/100|[from] item: Leftovers
|-damage|p2a: Ursaluna|69/100 brn|[from] brn
|-sideend|p2: dkslfsd|move: Light Screen
|upkeep
|turn|20
|
|t:|1776042641
|move|p1a: Alomomola|Protect|p1a: Alomomola
|-singleturn|p1a: Alomomola|Protect
|move|p2a: Ursaluna|Swords Dance|p2a: Ursaluna
|-boost|p2a: Ursaluna|atk|2
|
|-heal|p1a: Alomomola|99/100|[from] move: Wish|[wisher] Alomomola
|-heal|p1a: Alomomola|100/100|[from] item: Leftovers
|-damage|p2a: Ursaluna|63/100 brn|[from] brn
|upkeep
|turn|21
|
|t:|1776042664
|move|p2a: Ursaluna|Facade|p1a: Alomomola
|-damage|p1a: Alomomola|0 fnt
|faint|p1a: Alomomola
|
|-damage|p2a: Ursaluna|56/100 brn|[from] brn
|upkeep
|
|t:|1776042666
|switch|p1a: Dondozo|Dondozo, F|100/100
|-damage|p1a: Dondozo|88/100|[from] Stealth Rock
|turn|22
|
|t:|1776042670
|-terastallize|p2a: Ursaluna|Normal
|move|p2a: Ursaluna|Facade|p1a: Dondozo
|-crit|p1a: Dondozo
|-damage|p1a: Dondozo|0 fnt
|faint|p1a: Dondozo
|
|-damage|p2a: Ursaluna|50/100 brn|[from] brn
|upkeep
|
|t:|1776042672
|switch|p1a: Cinderace|Cinderace, F|100/100
|turn|23
|
|t:|1776042675
|move|p2a: Ursaluna|Facade|p1a: Cinderace
|-damage|p1a: Cinderace|0 fnt
|faint|p1a: Cinderace
|
|-damage|p2a: Ursaluna|44/100 brn|[from] brn
|upkeep
|
|t:|1776042680
|switch|p1a: Gliscor|Gliscor, M|100/100 tox
|-damage|p1a: Gliscor|88/100 tox|[from] Stealth Rock
|turn|24
|
|t:|1776042682
|move|p1a: Gliscor|Protect|p1a: Gliscor
|-singleturn|p1a: Gliscor|Protect
|move|p2a: Ursaluna|Facade|p1a: Gliscor
|-activate|p1a: Gliscor|move: Protect
|
|-heal|p1a: Gliscor|100/100 tox|[from] ability: Poison Heal
|-damage|p2a: Ursaluna|38/100 brn|[from] brn
|upkeep
|turn|25
|
|t:|1776042686
|move|p2a: Ursaluna|Facade|p1a: Gliscor
|-damage|p1a: Gliscor|0 fnt
|faint|p1a: Gliscor
|
|-damage|p2a: Ursaluna|31/100 brn|[from] brn
|upkeep
|j| North Ryder
|-message|Bhloader forfeited.
|
|win|dkslfsd
|raw|Bhloader's rating: 1756 &rarr; <strong>1734</strong><br />(-22 for losing)
|raw|dkslfsd's rating: 1714 &rarr; <strong>1736</strong><br />(+22 for winning)
|l|☆Bhloader
|player|p1|
|l|☆dkslfsd
|player|p2|
|l| North Ryder
|j| North Ryder
|l| North Ryder
|j| North Ryder
|l| North Ryder
|l| raditzisthebest
