|html|<div class="broadcast-blue"><strong>[Gen 9] OU is currently suspecting Tera Blast! For information on how to participate check out the <a href="https://www.smogon.com/tools/suspects/view/200">suspect thread</a>.</strong></div>
|j|☆animejat
|j|☆abichuel4
|t:|1776039732
|gametype|singles
|player|p1|animejat|lucian|1436
|player|p2|abichuel4|acetrainerf-gen4dp|1409
|gen|9
|tier|[Gen 9] OU
|rated|
|rule|HP Percentage Mod: HP is shown in percentages
|rule|Endless Battle Clause: Forcing endless battles is banned
|rule|Species Clause: Limit one of each Pokémon
|rule|OHKO Clause: OHKO moves are banned
|rule|Evasion Items Clause: Evasion items are banned
|rule|Evasion Moves Clause: Evasion moves are banned
|rule|Evasion Abilities Clause: Evasion abilities are banned
|rule|Sleep Moves Clause: Sleep-inducing moves are banned
|clearpoke
|poke|p1|Tyranitar, M|
|poke|p1|Gholdengo|
|poke|p1|Zamazenta-*|
|poke|p1|Rillaboom, M|
|poke|p1|Garchomp, F|
|poke|p1|Zapdos|
|poke|p2|Gholdengo|
|poke|p2|Glimmora, F|
|poke|p2|Zamazenta-*|
|poke|p2|Grimmsnarl, M|
|poke|p2|Polteageist|
|poke|p2|Ogerpon-Wellspring, F|
|teampreview
|inactive|Battle timer is ON: inactive players will automatically lose when time's up. (requested by abichuel4)
|j| ohko_smeargle
|inactive|animejat has 120 seconds left.
|
|t:|1776039777
|teamsize|p1|6
|teamsize|p2|6
|start
|switch|p1a: Zapdos|Zapdos|100/100
|switch|p2a: Ogerpon|Ogerpon-Wellspring, F|100/100
|turn|1
|inactive|animejat has 120 seconds left.
|
|t:|1776039819
|move|p2a: Ogerpon|Ivy Cudgel|p1a: Zapdos|[anim] Ivy Cudgel Water
|-damage|p1a: Zapdos|28/100
|move|p1a: Zapdos|Volt Switch|p2a: Ogerpon
|-damage|p2a: Ogerpon|58/100
|inactive|animejat has 90 seconds left.
|
|t:|1776039854
|switch|p1a: Rillaboom|Rillaboom, M|100/100|[from] Volt Switch
|-fieldstart|move: Grassy Terrain|[from] ability: Grassy Surge|[of] p1a: Rillaboom
|
|-heal|p2a: Ogerpon|64/100|[from] Grassy Terrain
|upkeep
|turn|2
|
|t:|1776039861
|switch|p2a: Glimmora|Glimmora, F, shiny|100/100
|switch|p1a: Garchomp|Garchomp, F|100/100
|
|upkeep
|turn|3
|inactive|animejat has 90 seconds left.
|
|t:|1776039876
|move|p1a: Garchomp|Earthquake|p2a: Glimmora
|-supereffective|p2a: Glimmora
|-damage|p2a: Glimmora|29/100
|-activate|p2a: Glimmora|ability: Toxic Debris
|-sidestart|p1: animejat|move: Toxic Spikes
|-enditem|p2a: Glimmora|Red Card|[of] p1a: Garchomp
|drag|p1a: Rillaboom|Rillaboom, M|100/100
|move|p2a: Glimmora|Mortal Spin|p1a: Rillaboom
|-supereffective|p1a: Rillaboom
|-damage|p1a: Rillaboom|88/100
|-status|p1a: Rillaboom|psn
|
|-heal|p1a: Rillaboom|94/100 psn|[from] Grassy Terrain
|-heal|p2a: Glimmora|35/100|[from] Grassy Terrain
|-damage|p1a: Rillaboom|81/100 psn|[from] psn
|upkeep
|turn|4
|
|t:|1776039902
|move|p1a: Rillaboom|Grassy Glide|p2a: Glimmora
|-damage|p2a: Glimmora|3/100
|-activate|p2a: Glimmora|ability: Toxic Debris
|-sidestart|p1: animejat|move: Toxic Spikes
|move|p2a: Glimmora|Stealth Rock|p1a: Rillaboom
|-sidestart|p1: animejat|move: Stealth Rock
|
|-heal|p1a: Rillaboom|88/100 psn|[from] Grassy Terrain
|-heal|p2a: Glimmora|9/100|[from] Grassy Terrain
|-damage|p1a: Rillaboom|75/100 psn|[from] psn
|upkeep
|turn|5
|
|t:|1776039909
|move|p1a: Rillaboom|Grassy Glide|p2a: Glimmora
|-damage|p2a: Glimmora|0 fnt
|faint|p2a: Glimmora
|
|-heal|p1a: Rillaboom|81/100 psn|[from] Grassy Terrain
|-damage|p1a: Rillaboom|69/100 psn|[from] psn
|-fieldend|move: Grassy Terrain
|upkeep
|
|t:|1776039918
|switch|p2a: Grimmsnarl|Grimmsnarl, M|100/100
|turn|6
|
|t:|1776039935
|move|p2a: Grimmsnarl|Reflect|p2a: Grimmsnarl
|-sidestart|p2: abichuel4|Reflect
|move|p1a: Rillaboom|Knock Off|p2a: Grimmsnarl
|-resisted|p2a: Grimmsnarl
|-damage|p2a: Grimmsnarl|94/100
|-enditem|p2a: Grimmsnarl|Light Clay|[from] move: Knock Off|[of] p1a: Rillaboom
|
|-damage|p1a: Rillaboom|57/100 psn|[from] psn
|upkeep
|turn|7
|
|t:|1776039944
|move|p2a: Grimmsnarl|Light Screen|p2a: Grimmsnarl
|-sidestart|p2: abichuel4|move: Light Screen
|move|p1a: Rillaboom|U-turn|p2a: Grimmsnarl
|-damage|p2a: Grimmsnarl|75/100
|
|t:|1776039963
|switch|p1a: Gholdengo|Gholdengo|100/100|[from] U-turn
|-damage|p1a: Gholdengo|94/100|[from] Stealth Rock
|-item|p1a: Gholdengo|Air Balloon
|
|upkeep
|turn|8
|inactive|animejat has 60 seconds left.
|
|t:|1776039980
|move|p2a: Grimmsnarl|Spirit Break|p1a: Gholdengo
|-resisted|p1a: Gholdengo
|-damage|p1a: Gholdengo|81/100
|-unboost|p1a: Gholdengo|spa|1
|-enditem|p1a: Gholdengo|Air Balloon
|move|p1a: Gholdengo|Thunder Wave|p2a: Grimmsnarl
|-status|p2a: Grimmsnarl|par
|
|upkeep
|turn|9
|inactive|animejat has 60 seconds left.
|
|t:|1776040013
|move|p1a: Gholdengo|Thunder Wave|p2a: Grimmsnarl
|-fail|p2a: Grimmsnarl|par
|move|p2a: Grimmsnarl|Spirit Break|p1a: Gholdengo
|-resisted|p1a: Gholdengo
|-damage|p1a: Gholdengo|68/100
|-unboost|p1a: Gholdengo|spa|1
|
|upkeep
|turn|10
|inactive|animejat has 30 seconds left.
|inactive|animejat has 20 seconds left.
|
|t:|1776040043
|switch|p1a: Garchomp|Garchomp, F|100/100
|-status|p1a: Garchomp|tox
|-damage|p1a: Garchomp|94/100 tox|[from] Stealth Rock
|switch|p2a: Ogerpon|Ogerpon-Wellspring, F|64/100
|
|-damage|p1a: Garchomp|88/100 tox|[from] psn
|upkeep
|turn|11
|inactive|animejat has 30 seconds left this turn.
|inactive|animejat has 20 seconds left.
|inactive|animejat has 15 seconds left.
|inactive|animejat has 10 seconds left.
|
|t:|1776040066
|move|p2a: Ogerpon|Taunt|p1a: Garchomp
|-start|p1a: Garchomp|move: Taunt
|cant|p1a: Garchomp|move: Taunt|Stealth Rock
|
|-damage|p1a: Garchomp|76/100 tox|[from] psn
|-sideend|p2: abichuel4|move: Light Screen
|upkeep
|turn|12
|inactive|animejat has 20 seconds left this turn.
|
|t:|1776040071
|move|p2a: Ogerpon|Ivy Cudgel|p1a: Garchomp|[anim] Ivy Cudgel Water
|-damage|p1a: Garchomp|42/100 tox
|move|p1a: Garchomp|Dragon Tail|p2a: Ogerpon
|-damage|p2a: Ogerpon|47/100
|drag|p2a: Gholdengo|Gholdengo|100/100
|-item|p2a: Gholdengo|Air Balloon
|
|-damage|p1a: Garchomp|23/100 tox|[from] psn
|upkeep
|turn|13
|inactive|animejat has 30 seconds left this turn.
|
|t:|1776040080
|move|p2a: Gholdengo|Shadow Ball|p1a: Garchomp
|-damage|p1a: Garchomp|0 fnt
|faint|p1a: Garchomp
|
|-sideend|p2: abichuel4|Reflect
|upkeep
|inactive|animejat has 30 seconds left this turn.
|inactive|animejat has 20 seconds left.
|inactive|animejat has 15 seconds left.
|
|t:|1776040096
|switch|p1a: Tyranitar|Tyranitar, M|100/100
|-weather|Sandstorm|[from] ability: Sand Stream|[of] p1a: Tyranitar
|turn|14
|inactive|animejat has 25 seconds left this turn.
|inactive|animejat has 20 seconds left.
|
|t:|1776040104
|switch|p2a: Grimmsnarl|Grimmsnarl, M|75/100 par
|move|p1a: Tyranitar|Knock Off|p2a: Grimmsnarl
|-resisted|p2a: Grimmsnarl
|-damage|p2a: Grimmsnarl|63/100 par
|
|-weather|Sandstorm|[upkeep]
|-damage|p2a: Grimmsnarl|57/100 par|[from] Sandstorm
|upkeep
|turn|15
|inactive|animejat has 30 seconds left this turn.
|
|t:|1776040114
|move|p2a: Grimmsnarl|Reflect|p2a: Grimmsnarl
|-sidestart|p2: abichuel4|Reflect
|move|p1a: Tyranitar|Stone Edge|p2a: Grimmsnarl|[miss]
|-miss|p1a: Tyranitar|p2a: Grimmsnarl
|
|-weather|Sandstorm|[upkeep]
|-damage|p2a: Grimmsnarl|51/100 par|[from] Sandstorm
|upkeep
|turn|16
|
|t:|1776040118
|move|p1a: Tyranitar|Stone Edge|p2a: Grimmsnarl
|-damage|p2a: Grimmsnarl|10/100 par
|move|p2a: Grimmsnarl|Spirit Break|p1a: Tyranitar
|-supereffective|p1a: Tyranitar
|-damage|p1a: Tyranitar|29/100
|-unboost|p1a: Tyranitar|spa|1
|
|-weather|Sandstorm|[upkeep]
|-damage|p2a: Grimmsnarl|4/100 par|[from] Sandstorm
|upkeep
|turn|17
|
|t:|1776040128
|cant|p2a: Grimmsnarl|par
|move|p1a: Tyranitar|Knock Off|p2a: Grimmsnarl
|-resisted|p2a: Grimmsnarl
|-damage|p2a: Grimmsnarl|0 fnt
|faint|p2a: Grimmsnarl
|
|-weather|Sandstorm|[upkeep]
|upkeep
|
|t:|1776040131
|switch|p2a: Polteageist|Polteageist, shiny|100/100
|turn|18
|inactive|animejat has 30 seconds left.
|inactive|animejat has 20 seconds left.
|inactive|animejat has 15 seconds left.
|
|t:|1776040176
|switch|p1a: Zamazenta|Zamazenta|100/100
|-ability|p1a: Zamazenta|Dauntless Shield|boost
|-boost|p1a: Zamazenta|def|1
|-terastallize|p2a: Polteageist|Fighting
|move|p2a: Polteageist|Shell Smash|p2a: Polteageist
|-unboost|p2a: Polteageist|def|1
|-unboost|p2a: Polteageist|spd|1
|-boost|p2a: Polteageist|atk|2
|-boost|p2a: Polteageist|spa|2
|-boost|p2a: Polteageist|spe|2
|-enditem|p2a: Polteageist|White Herb
|-clearnegativeboost|p2a: Polteageist|[silent]
|
|-weather|none
|upkeep
|turn|19
|inactive|animejat has 25 seconds left this turn.
|inactive|animejat has 20 seconds left.
|inactive|animejat has 15 seconds left.
|
|t:|1776040189
|move|p2a: Polteageist|Tera Blast|p1a: Zamazenta|[anim] Tera Blast Fighting
|-damage|p1a: Zamazenta|12/100
|move|p1a: Zamazenta|Roar|p2a: Polteageist
|drag|p2a: Zamazenta|Zamazenta, shiny|100/100
|-ability|p2a: Zamazenta|Dauntless Shield|boost
|-boost|p2a: Zamazenta|def|1
|
|-sideend|p2: abichuel4|Reflect
|upkeep
|turn|20
|inactive|animejat has 25 seconds left this turn.
|inactive|animejat has 20 seconds left.
|inactive|animejat has 15 seconds left.
|inactive|animejat has 10 seconds left.
|
|t:|1776040209
|move|p1a: Zamazenta|Close Combat|p2a: Zamazenta
|-damage|p2a: Zamazenta|69/100
|-unboost|p1a: Zamazenta|def|1
|-unboost|p1a: Zamazenta|spd|1
|move|p2a: Zamazenta|Body Press|p1a: Zamazenta
|-damage|p1a: Zamazenta|0 fnt
|faint|p1a: Zamazenta
|
|-heal|p2a: Zamazenta|76/100|[from] item: Leftovers
|upkeep
|inactive|animejat has 15 seconds left this turn.
|inactive|animejat has 10 seconds left.
|
|t:|1776040218
|switch|p1a: Gholdengo|Gholdengo|68/100
|-damage|p1a: Gholdengo|62/100|[from] Stealth Rock
|turn|21
|inactive|animejat has 20 seconds left this turn.
|
|t:|1776040222
|move|p2a: Zamazenta|Substitute|p2a: Zamazenta
|-start|p2a: Zamazenta|Substitute
|-damage|p2a: Zamazenta|51/100
|move|p1a: Gholdengo|Thunder Wave||[still]
|-fail|p1a: Gholdengo
|
|-heal|p2a: Zamazenta|57/100|[from] item: Leftovers
|upkeep
|turn|22
|inactive|animejat has 30 seconds left this turn.
|
|t:|1776040224
|move|p2a: Zamazenta|Crunch|p1a: Gholdengo
|-supereffective|p1a: Gholdengo
|-damage|p1a: Gholdengo|35/100
|move|p1a: Gholdengo|Recover|p1a: Gholdengo
|-heal|p1a: Gholdengo|85/100
|
|-heal|p2a: Zamazenta|63/100|[from] item: Leftovers
|upkeep
|turn|23
|
|t:|1776040233
|switch|p1a: Tyranitar|Tyranitar, M|29/100
|-weather|Sandstorm|[from] ability: Sand Stream|[of] p1a: Tyranitar
|move|p2a: Zamazenta|Crunch|p1a: Tyranitar
|-resisted|p1a: Tyranitar
|-damage|p1a: Tyranitar|18/100
|-unboost|p1a: Tyranitar|def|1
|
|-weather|Sandstorm|[upkeep]
|-damage|p2a: Zamazenta|57/100|[from] Sandstorm
|-heal|p2a: Zamazenta|63/100|[from] item: Leftovers
|upkeep
|turn|24
|
|t:|1776040243
|switch|p1a: Gholdengo|Gholdengo|85/100
|-damage|p1a: Gholdengo|79/100|[from] Stealth Rock
|move|p2a: Zamazenta|Iron Defense|p2a: Zamazenta
|-boost|p2a: Zamazenta|def|2
|
|-weather|Sandstorm|[upkeep]
|-damage|p2a: Zamazenta|57/100|[from] Sandstorm
|-heal|p2a: Zamazenta|63/100|[from] item: Leftovers
|upkeep
|turn|25
|inactive|animejat has 30 seconds left.
|
|t:|1776040272
|move|p2a: Zamazenta|Crunch|p1a: Gholdengo
|-supereffective|p1a: Gholdengo
|-damage|p1a: Gholdengo|50/100
|move|p1a: Gholdengo|Make It Rain|p2a: Zamazenta
|-end|p2a: Zamazenta|Substitute
|-unboost|p1a: Gholdengo|spa|1
|
|-weather|Sandstorm|[upkeep]
|-damage|p2a: Zamazenta|57/100|[from] Sandstorm
|-heal|p2a: Zamazenta|63/100|[from] item: Leftovers
|upkeep
|turn|26
|inactive|animejat has 30 seconds left.
|
|t:|1776040283
|move|p2a: Zamazenta|Substitute|p2a: Zamazenta
|-start|p2a: Zamazenta|Substitute
|-damage|p2a: Zamazenta|38/100
|move|p1a: Gholdengo|Thunder Wave||[still]
|-fail|p1a: Gholdengo
|
|-weather|Sandstorm|[upkeep]
|-damage|p2a: Zamazenta|32/100|[from] Sandstorm
|-heal|p2a: Zamazenta|38/100|[from] item: Leftovers
|upkeep
|turn|27
|
|t:|1776040286
|move|p2a: Zamazenta|Crunch|p1a: Gholdengo
|-supereffective|p1a: Gholdengo
|-damage|p1a: Gholdengo|21/100
|-unboost|p1a: Gholdengo|def|1
|move|p1a: Gholdengo|Make It Rain|p2a: Zamazenta
|-end|p2a: Zamazenta|Substitute
|-unboost|p1a: Gholdengo|spa|1
|
|-weather|none
|-heal|p2a: Zamazenta|45/100|[from] item: Leftovers
|upkeep
|turn|28
|
|t:|1776040291
|move|p2a: Zamazenta|Crunch|p1a: Gholdengo
|-supereffective|p1a: Gholdengo
|-damage|p1a: Gholdengo|0 fnt
|faint|p1a: Gholdengo
|
|-heal|p2a: Zamazenta|51/100|[from] item: Leftovers
|upkeep
|c|☆abichuel4|gg
|
|t:|1776040307
|switch|p1a: Zapdos|Zapdos|28/100
|turn|29
|
|t:|1776040318
|move|p2a: Zamazenta|Body Press|p1a: Zapdos
|-resisted|p1a: Zapdos
|-damage|p1a: Zapdos|0 fnt
|faint|p1a: Zapdos
|
|-heal|p2a: Zamazenta|57/100|[from] item: Leftovers
|upkeep
|inactive|animejat has 30 seconds left.
|c|☆animejat|ggwp
|inactive|animejat has 20 seconds left.
|-message|animejat forfeited.
|
|win|abichuel4
|raw|animejat's rating: 1436 &rarr; <strong>1414</strong><br />(-22 for losing)
|raw|abichuel4's rating: 1409 &rarr; <strong>1431</strong><br />(+22 for winning)
|l|☆animejat
|player|p1|
|l| ohko_smeargle
|l|☆abichuel4
|player|p2|
|j|☆animejat
|player|p1|animejat|lucian|
|l|☆animejat
|player|p1|
