|html|<div class="broadcast-blue"><strong>[Gen 9] OU is currently suspecting Tera Blast! For information on how to participate check out the <a href="https://www.smogon.com/tools/suspects/view/200">suspect thread</a>.</strong></div>
|j|☆clownscythe
|j|☆LaercioSL7
|t:|1776167050
|gametype|singles
|player|p1|clownscythe|riley|1105
|player|p2|LaercioSL7|266|1086
|gen|9
|tier|[Gen 9] OU
|rated|
|rule|HP Percentage Mod: HP is shown in percentages
|rule|Endless Battle Clause: Forcing endless battles is banned
|rule|Species Clause: Limit one of each Pokémon
|rule|OHKO Clause: OHKO moves are banned
|rule|Evasion Items Clause: Evasion items are banned
|rule|Evasion Moves Clause: Evasion moves are banned
|rule|Evasion Abilities Clause: Evasion abilities are banned
|rule|Sleep Moves Clause: Sleep-inducing moves are banned
|clearpoke
|poke|p1|Rillaboom, F|
|poke|p1|Forretress, M|
|poke|p1|Sceptile, M|
|poke|p1|Cinderace, F|
|poke|p1|Dragapult, F|
|poke|p1|Quaquaval, F|
|poke|p2|Garganacl, F|
|poke|p2|Heatran, M|
|poke|p2|Glastrier|
|poke|p2|Thundurus-Therian, M|
|poke|p2|Volcanion|
|poke|p2|Clodsire, M|
|teampreview
|inactive|Battle timer is ON: inactive players will automatically lose when time's up. (requested by clownscythe)
|inactive|LaercioSL7 has 120 seconds left.
|
|t:|1776167086
|teamsize|p1|6
|teamsize|p2|6
|start
|switch|p1a: Forretress|Forretress, M|100/100
|switch|p2a: Heatran|Heatran, M|100/100
|-item|p2a: Heatran|Air Balloon
|turn|1
|
|t:|1776167103
|move|p2a: Heatran|Heat Wave|p1a: Forretress
|-supereffective|p1a: Forretress
|-ability|p1a: Forretress|Sturdy
|-damage|p1a: Forretress|1/100
|-enditem|p1a: Forretress|Red Card|[of] p2a: Heatran
|drag|p2a: Clodsire|Clodsire, M|100/100
|move|p1a: Forretress|Stealth Rock|p2a: Clodsire
|-sidestart|p2: LaercioSL7|move: Stealth Rock
|
|upkeep
|turn|2
|
|t:|1776167121
|move|p1a: Forretress|Rapid Spin|p2a: Clodsire
|-damage|p2a: Clodsire|91/100
|-boost|p1a: Forretress|spe|1
|move|p2a: Clodsire|Toxic Spikes|p1a: Forretress
|-sidestart|p1: clownscythe|move: Toxic Spikes
|
|-heal|p2a: Clodsire|97/100|[from] item: Leftovers
|upkeep
|turn|3
|
|t:|1776167137
|move|p1a: Forretress|Rapid Spin|p2a: Clodsire
|-crit|p2a: Clodsire
|-damage|p2a: Clodsire|81/100
|-boost|p1a: Forretress|spe|1
|-sideend|p1: clownscythe|Toxic Spikes|[from] move: Rapid Spin|[of] p1a: Forretress
|move|p2a: Clodsire|Toxic Spikes|p1a: Forretress
|-sidestart|p1: clownscythe|move: Toxic Spikes
|
|-heal|p2a: Clodsire|87/100|[from] item: Leftovers
|upkeep
|turn|4
|
|t:|1776167151
|move|p1a: Forretress|Rapid Spin|p2a: Clodsire
|-damage|p2a: Clodsire|78/100
|-boost|p1a: Forretress|spe|1
|-sideend|p1: clownscythe|Toxic Spikes|[from] move: Rapid Spin|[of] p1a: Forretress
|move|p2a: Clodsire|Toxic Spikes|p1a: Forretress
|-sidestart|p1: clownscythe|move: Toxic Spikes
|
|-heal|p2a: Clodsire|84/100|[from] item: Leftovers
|upkeep
|turn|5
|
|t:|1776167162
|move|p1a: Forretress|Rapid Spin|p2a: Clodsire
|-damage|p2a: Clodsire|73/100
|-boost|p1a: Forretress|spe|1
|-sideend|p1: clownscythe|Toxic Spikes|[from] move: Rapid Spin|[of] p1a: Forretress
|move|p2a: Clodsire|Haze|p2a: Clodsire
|-clearallboost
|
|-heal|p2a: Clodsire|79/100|[from] item: Leftovers
|upkeep
|turn|6
|
|t:|1776167176
|switch|p2a: Garganacl|Garganacl, F|100/100
|move|p1a: Forretress|Rapid Spin|p2a: Garganacl
|-resisted|p2a: Garganacl
|-damage|p2a: Garganacl|96/100
|-boost|p1a: Forretress|spe|1
|
|upkeep
|turn|7
|
|t:|1776167185
|move|p1a: Forretress|Volt Switch|p2a: Garganacl
|-damage|p2a: Garganacl|88/100
|
|t:|1776167193
|switch|p1a: Rillaboom|Rillaboom, F|100/100|[from] Volt Switch
|-fieldstart|move: Grassy Terrain|[from] ability: Grassy Surge|[of] p1a: Rillaboom
|move|p2a: Garganacl|Salt Cure|p1a: Rillaboom
|-damage|p1a: Rillaboom|90/100
|-start|p1a: Rillaboom|Salt Cure
|
|-heal|p1a: Rillaboom|96/100|[from] Grassy Terrain
|-heal|p2a: Garganacl|94/100|[from] Grassy Terrain
|-damage|p1a: Rillaboom|84/100|[from] Salt Cure
|upkeep
|turn|8
|
|t:|1776167214
|-terastallize|p2a: Garganacl|Flying
|move|p1a: Rillaboom|U-turn|p2a: Garganacl
|-resisted|p2a: Garganacl
|-damage|p2a: Garganacl|83/100
|
|t:|1776167231
|switch|p1a: Cinderace|Cinderace, F|100/100|[from] U-turn
|move|p2a: Garganacl|Body Press|p1a: Cinderace
|-damage|p1a: Cinderace|62/100
|
|-heal|p1a: Cinderace|68/100|[from] Grassy Terrain
|upkeep
|turn|9
|
|t:|1776167245
|move|p1a: Cinderace|Pyro Ball|p2a: Garganacl
|-damage|p2a: Garganacl|47/100
|move|p2a: Garganacl|Salt Cure|p1a: Cinderace
|-supereffective|p1a: Cinderace
|-damage|p1a: Cinderace|28/100
|-start|p1a: Cinderace|Salt Cure
|
|-heal|p1a: Cinderace|34/100|[from] Grassy Terrain
|-damage|p1a: Cinderace|22/100|[from] Salt Cure
|upkeep
|turn|10
|
|t:|1776167260
|move|p2a: Garganacl|Protect|p2a: Garganacl
|-singleturn|p2a: Garganacl|Protect
|move|p1a: Cinderace|U-turn|p2a: Garganacl
|-start|p1a: Cinderace|typechange|Bug|[from] ability: Libero
|-activate|p2a: Garganacl|move: Protect
|
|-heal|p1a: Cinderace|28/100|[from] Grassy Terrain
|-damage|p1a: Cinderace|16/100|[from] Salt Cure
|upkeep
|turn|11
|
|t:|1776167274
|move|p1a: Cinderace|Pyro Ball|p2a: Garganacl
|-damage|p2a: Garganacl|19/100
|move|p2a: Garganacl|Recover|p2a: Garganacl
|-heal|p2a: Garganacl|69/100
|
|-heal|p1a: Cinderace|22/100|[from] Grassy Terrain
|-damage|p1a: Cinderace|9/100|[from] Salt Cure
|-fieldend|move: Grassy Terrain
|upkeep
|turn|12
|
|t:|1776167288
|switch|p1a: Rillaboom|Rillaboom, F|84/100
|-fieldstart|move: Grassy Terrain|[from] ability: Grassy Surge|[of] p1a: Rillaboom
|move|p2a: Garganacl|Protect||[still]
|-fail|p2a: Garganacl
|
|-heal|p1a: Rillaboom|90/100|[from] Grassy Terrain
|upkeep
|turn|13
|inactive|clownscythe has 120 seconds left.
|
|t:|1776167309
|move|p1a: Rillaboom|Wood Hammer|p2a: Garganacl
|-resisted|p2a: Garganacl
|-damage|p2a: Garganacl|30/100
|-damage|p1a: Rillaboom|78/100|[from] Recoil
|move|p2a: Garganacl|Salt Cure|p1a: Rillaboom
|-damage|p1a: Rillaboom|67/100
|-start|p1a: Rillaboom|Salt Cure
|
|-heal|p1a: Rillaboom|73/100|[from] Grassy Terrain
|-damage|p1a: Rillaboom|61/100|[from] Salt Cure
|upkeep
|turn|14
|inactive|clownscythe has 120 seconds left.
|
|t:|1776167324
|move|p2a: Garganacl|Protect|p2a: Garganacl
|-singleturn|p2a: Garganacl|Protect
|move|p1a: Rillaboom|Wood Hammer|p2a: Garganacl
|-activate|p2a: Garganacl|move: Protect
|
|-heal|p1a: Rillaboom|67/100|[from] Grassy Terrain
|-damage|p1a: Rillaboom|54/100|[from] Salt Cure
|upkeep
|turn|15
|inactive|clownscythe has 120 seconds left.
|inactive|LaercioSL7 has 120 seconds left.
|
|t:|1776167352
|switch|p1a: Sceptile|Sceptile, M|100/100
|-enditem|p1a: Sceptile|Grassy Seed
|-boost|p1a: Sceptile|def|1|[from] item: Grassy Seed
|switch|p2a: Heatran|Heatran, M|100/100
|-damage|p2a: Heatran|88/100|[from] Stealth Rock
|-item|p2a: Heatran|Air Balloon
|
|upkeep
|turn|16
|inactive|clownscythe has 120 seconds left.
|
|t:|1776167368
|-terastallize|p1a: Sceptile|Flying
|move|p1a: Sceptile|Swords Dance|p1a: Sceptile
|-boost|p1a: Sceptile|atk|2
|move|p2a: Heatran|Heat Wave|p1a: Sceptile|[miss]
|-miss|p2a: Heatran|p1a: Sceptile
|
|-fieldend|move: Grassy Terrain
|upkeep
|turn|17
|
|t:|1776167392
|move|p1a: Sceptile|Acrobatics|p2a: Heatran
|-resisted|p2a: Heatran
|-damage|p2a: Heatran|49/100
|-enditem|p2a: Heatran|Air Balloon
|move|p2a: Heatran|Heat Wave|p1a: Sceptile
|-damage|p1a: Sceptile|27/100
|-status|p1a: Sceptile|brn
|
|-damage|p1a: Sceptile|21/100 brn|[from] brn
|upkeep
|turn|18
|
|t:|1776167406
|move|p2a: Heatran|Protect|p2a: Heatran
|-singleturn|p2a: Heatran|Protect
|move|p1a: Sceptile|Earthquake|p2a: Heatran
|-activate|p2a: Heatran|move: Protect
|
|-damage|p1a: Sceptile|15/100 brn|[from] brn
|upkeep
|turn|19
|
|t:|1776167423
|switch|p2a: Thundurus|Thundurus-Therian, M|100/100
|move|p1a: Sceptile|Acrobatics|p2a: Thundurus
|-resisted|p2a: Thundurus
|-damage|p2a: Thundurus|66/100
|
|-damage|p1a: Sceptile|9/100 brn|[from] brn
|upkeep
|turn|20
|inactive|LaercioSL7 has 90 seconds left.
|
|t:|1776167445
|move|p1a: Sceptile|Acrobatics|p2a: Thundurus
|-resisted|p2a: Thundurus
|-damage|p2a: Thundurus|30/100
|move|p2a: Thundurus|Psychic|p1a: Sceptile
|-damage|p1a: Sceptile|0 fnt
|faint|p1a: Sceptile
|
|upkeep
|
|t:|1776167453
|switch|p1a: Quaquaval|Quaquaval, F|100/100
|turn|21
|
|t:|1776167463
|move|p2a: Thundurus|Psychic|p1a: Quaquaval
|-supereffective|p1a: Quaquaval
|-damage|p1a: Quaquaval|13/100
|move|p1a: Quaquaval|Aqua Step|p2a: Thundurus
|-damage|p2a: Thundurus|0 fnt
|-boost|p1a: Quaquaval|spe|1
|faint|p2a: Thundurus
|-ability|p1a: Quaquaval|Moxie|boost
|-boost|p1a: Quaquaval|atk|1
|
|upkeep
|
|t:|1776167475
|switch|p2a: Volcanion|Volcanion|100/100
|turn|22
|
|t:|1776167483
|move|p1a: Quaquaval|Close Combat|p2a: Volcanion
|-damage|p2a: Volcanion|40/100
|-unboost|p1a: Quaquaval|def|1
|-unboost|p1a: Quaquaval|spd|1
|move|p2a: Volcanion|Body Press|p1a: Quaquaval
|-crit|p1a: Quaquaval
|-damage|p1a: Quaquaval|0 fnt
|faint|p1a: Quaquaval
|
|upkeep
|inactive|clownscythe has 120 seconds left.
|
|t:|1776167494
|switch|p1a: Cinderace|Cinderace, F|9/100
|turn|23
|inactive|clownscythe has 120 seconds left.
|
|t:|1776167501
|switch|p2a: Heatran|Heatran, M|49/100
|-damage|p2a: Heatran|37/100|[from] Stealth Rock
|move|p1a: Cinderace|High Jump Kick|p2a: Heatran|[miss]
|-start|p1a: Cinderace|typechange|Fighting|[from] ability: Libero
|-miss|p1a: Cinderace|p2a: Heatran
|-damage|p1a: Cinderace|0 fnt|[from] highjumpkick
|faint|p1a: Cinderace
|
|upkeep
|inactive|clownscythe has 120 seconds left.
|
|t:|1776167515
|switch|p1a: Dragapult|Dragapult, F|100/100
|turn|24
|inactive|LaercioSL7 has 120 seconds left.
|
|t:|1776167521
|move|p2a: Heatran|Protect|p2a: Heatran
|-singleturn|p2a: Heatran|Protect
|move|p1a: Dragapult|Dragon Dance|p1a: Dragapult
|-boost|p1a: Dragapult|atk|1
|-boost|p1a: Dragapult|spe|1
|
|upkeep
|turn|25
|inactive|LaercioSL7 has 120 seconds left.
|inactive|clownscythe has 120 seconds left.
|
|t:|1776167540
|switch|p2a: Garganacl|Garganacl, F, tera:Flying|30/100
|move|p1a: Dragapult|Phantom Force||[still]
|-prepare|p1a: Dragapult|Phantom Force
|
|upkeep
|turn|26
|
|t:|1776167549
|move|p2a: Garganacl|Protect|p2a: Garganacl
|-singleturn|p2a: Garganacl|Protect
|move|p1a: Dragapult|Phantom Force|p2a: Garganacl|[from] lockedmove
|-activate|p2a: Garganacl|move: Phantom Force|[broken]
|-damage|p2a: Garganacl|5/100
|
|upkeep
|turn|27
|
|t:|1776167561
|move|p1a: Dragapult|Dragon Darts|p2a: Garganacl
|-damage|p2a: Garganacl|0 fnt
|faint|p2a: Garganacl
|
|upkeep
|
|t:|1776167568
|switch|p2a: Clodsire|Clodsire, M|79/100
|-damage|p2a: Clodsire|73/100|[from] Stealth Rock
|turn|28
|
|t:|1776167577
|move|p1a: Dragapult|Psychic Fangs|p2a: Clodsire
|-supereffective|p2a: Clodsire
|-damage|p2a: Clodsire|24/100
|move|p2a: Clodsire|Haze|p2a: Clodsire
|-clearallboost
|
|-heal|p2a: Clodsire|30/100|[from] item: Leftovers
|upkeep
|turn|29
|
|t:|1776167586
|move|p1a: Dragapult|Dragon Dance|p1a: Dragapult
|-boost|p1a: Dragapult|atk|1
|-boost|p1a: Dragapult|spe|1
|move|p2a: Clodsire|Recover|p2a: Clodsire
|-heal|p2a: Clodsire|81/100
|
|-heal|p2a: Clodsire|87/100|[from] item: Leftovers
|upkeep
|turn|30
|
|t:|1776167608
|move|p1a: Dragapult|Phantom Force||[still]
|-prepare|p1a: Dragapult|Phantom Force
|move|p2a: Clodsire|Toxic Spikes|p1a: Dragapult
|-sidestart|p1: clownscythe|move: Toxic Spikes
|
|-heal|p2a: Clodsire|93/100|[from] item: Leftovers
|upkeep
|turn|31
|
|t:|1776167623
|move|p1a: Dragapult|Phantom Force|p2a: Clodsire|[from] lockedmove
|-damage|p2a: Clodsire|55/100
|move|p2a: Clodsire|Recover|p2a: Clodsire
|-heal|p2a: Clodsire|100/100
|
|upkeep
|turn|32
|
|t:|1776167632
|move|p1a: Dragapult|Dragon Dance|p1a: Dragapult
|-boost|p1a: Dragapult|atk|1
|-boost|p1a: Dragapult|spe|1
|move|p2a: Clodsire|Toxic Spikes|p1a: Dragapult
|-sidestart|p1: clownscythe|move: Toxic Spikes
|
|upkeep
|turn|33
|
|t:|1776167643
|move|p1a: Dragapult|Dragon Darts|p2a: Clodsire
|-damage|p2a: Clodsire|81/100
|-anim|p1a: Dragapult|Dragon Darts|p2a: Clodsire
|-damage|p2a: Clodsire|60/100
|move|p2a: Clodsire|Haze|p2a: Clodsire
|-clearallboost
|
|-heal|p2a: Clodsire|66/100|[from] item: Leftovers
|upkeep
|turn|34
|
|t:|1776167660
|switch|p2a: Heatran|Heatran, M|37/100
|-damage|p2a: Heatran|24/100|[from] Stealth Rock
|move|p1a: Dragapult|Psychic Fangs|p2a: Heatran
|-resisted|p2a: Heatran
|-damage|p2a: Heatran|12/100
|
|upkeep
|turn|35
|
|t:|1776167673
|move|p1a: Dragapult|Phantom Force||[still]
|-prepare|p1a: Dragapult|Phantom Force
|move|p2a: Heatran|Flash Cannon|p1a: Dragapult|[miss]
|-miss|p2a: Heatran|p1a: Dragapult
|
|upkeep
|turn|36
|
|t:|1776167680
|move|p2a: Heatran|Protect|p2a: Heatran
|-singleturn|p2a: Heatran|Protect
|move|p1a: Dragapult|Phantom Force|p2a: Heatran|[from] lockedmove
|-activate|p2a: Heatran|move: Phantom Force|[broken]
|-damage|p2a: Heatran|0 fnt
|faint|p2a: Heatran
|
|upkeep
|
|t:|1776167691
|switch|p2a: Glastrier|Glastrier|100/100
|turn|37
|
|t:|1776167698
|move|p1a: Dragapult|Dragon Dance|p1a: Dragapult
|-boost|p1a: Dragapult|atk|1
|-boost|p1a: Dragapult|spe|1
|move|p2a: Glastrier|Avalanche|p1a: Dragapult
|-supereffective|p1a: Dragapult
|-damage|p1a: Dragapult|12/100
|
|upkeep
|turn|38
|
|t:|1776167712
|move|p1a: Dragapult|Dragon Darts|p2a: Glastrier
|-damage|p2a: Glastrier|72/100
|-anim|p1a: Dragapult|Dragon Darts|p2a: Glastrier
|-damage|p2a: Glastrier|41/100
|move|p2a: Glastrier|Avalanche|p1a: Dragapult
|-supereffective|p1a: Dragapult
|-damage|p1a: Dragapult|0 fnt
|faint|p1a: Dragapult
|-ability|p2a: Glastrier|Chilling Neigh|boost
|-boost|p2a: Glastrier|atk|1
|
|upkeep
|
|t:|1776167725
|switch|p1a: Rillaboom|Rillaboom, F|54/100
|-status|p1a: Rillaboom|tox
|-fieldstart|move: Grassy Terrain|[from] ability: Grassy Surge|[of] p1a: Rillaboom
|turn|39
|
|t:|1776167740
|move|p1a: Rillaboom|Wood Hammer|p2a: Glastrier
|-damage|p2a: Glastrier|0 fnt
|faint|p2a: Glastrier
|-damage|p1a: Rillaboom|42/100 tox|[from] Recoil
|
|-heal|p1a: Rillaboom|48/100 tox|[from] Grassy Terrain
|-damage|p1a: Rillaboom|42/100 tox|[from] psn
|upkeep
|l|☆LaercioSL7
|inactive|LaercioSL7 disconnected and has a minute to reconnect!
|player|p2|
|j|☆LaercioSL7
|inactive|LaercioSL7 reconnected and has 110 seconds left.
|player|p2|LaercioSL7|266|
|
|t:|1776167792
|switch|p2a: Volcanion|Volcanion|40/100
|turn|40
|
|t:|1776167798
|move|p1a: Rillaboom|Wood Hammer|p2a: Volcanion
|-damage|p2a: Volcanion|0 fnt
|faint|p2a: Volcanion
|-damage|p1a: Rillaboom|32/100 tox|[from] Recoil
|
|-heal|p1a: Rillaboom|38/100 tox|[from] Grassy Terrain
|-damage|p1a: Rillaboom|26/100 tox|[from] psn
|upkeep
|
|t:|1776167808
|switch|p2a: Clodsire|Clodsire, M|66/100
|-damage|p2a: Clodsire|60/100|[from] Stealth Rock
|turn|41
|
|t:|1776167817
|move|p2a: Clodsire|Protect|p2a: Clodsire
|-singleturn|p2a: Clodsire|Protect
|move|p1a: Rillaboom|Wood Hammer|p2a: Clodsire
|-activate|p2a: Clodsire|move: Protect
|
|-heal|p1a: Rillaboom|32/100 tox|[from] Grassy Terrain
|-heal|p2a: Clodsire|66/100|[from] Grassy Terrain
|-heal|p2a: Clodsire|72/100|[from] item: Leftovers
|-damage|p1a: Rillaboom|13/100 tox|[from] psn
|upkeep
|turn|42
|
|t:|1776167831
|move|p1a: Rillaboom|Wood Hammer|p2a: Clodsire
|-damage|p2a: Clodsire|0 fnt
|faint|p2a: Clodsire
|-damage|p1a: Rillaboom|0 fnt|[from] Recoil
|faint|p1a: Rillaboom
|
|win|clownscythe
|raw|clownscythe's rating: 1105 &rarr; <strong>1129</strong><br />(+24 for winning)
|raw|LaercioSL7's rating: 1086 &rarr; <strong>1064</strong><br />(-22 for losing)
|l|☆LaercioSL7
|player|p2|
