|html|<div class="broadcast-blue"><strong>[Gen 9] OU is currently suspecting Tera Blast! For information on how to participate check out the <a href="https://www.smogon.com/tools/suspects/view/200">suspect thread</a>.</strong></div>
|j|☆Efrain.9
|j|☆smoldracovish
|t:|1776054398
|gametype|singles
|player|p1|Efrain.9|hilbert-wonderlauncher|1529
|player|p2|smoldracovish|170|1572
|gen|9
|tier|[Gen 9] OU
|rated|
|rule|HP Percentage Mod: HP is shown in percentages
|rule|Endless Battle Clause: Forcing endless battles is banned
|rule|Species Clause: Limit one of each Pokémon
|rule|OHKO Clause: OHKO moves are banned
|rule|Evasion Items Clause: Evasion items are banned
|rule|Evasion Moves Clause: Evasion moves are banned
|rule|Evasion Abilities Clause: Evasion abilities are banned
|rule|Sleep Moves Clause: Sleep-inducing moves are banned
|clearpoke
|poke|p1|Pelipper, F|
|poke|p1|Kingambit, M|
|poke|p1|Weezing-Galar, F|
|poke|p1|Great Tusk|
|poke|p1|Raging Bolt|
|poke|p1|Ogerpon-Wellspring, F|
|poke|p2|Tinkaton, F|
|poke|p2|Ogerpon, F|
|poke|p2|Great Tusk|
|poke|p2|Pecharunt|
|poke|p2|Alomomola, F|
|poke|p2|Hydreigon, M|
|teampreview
|
|t:|1776054410
|teamsize|p1|6
|teamsize|p2|6
|start
|switch|p1a: Pelipper|Pelipper, F|100/100
|switch|p2a: Ogerpon|Ogerpon, F|100/100
|-weather|RainDance|[from] ability: Drizzle|[of] p1a: Pelipper
|turn|1
|
|t:|1776054416
|move|p2a: Ogerpon|U-turn|p1a: Pelipper
|-resisted|p1a: Pelipper
|-damage|p1a: Pelipper|81/100
|
|t:|1776054417
|switch|p2a: Alomomola|Alomomola, F|100/100|[from] U-turn
|move|p1a: Pelipper|Hurricane|p2a: Alomomola
|-damage|p2a: Alomomola|77/100
|
|-weather|RainDance|[upkeep]
|upkeep
|turn|2
|
|t:|1776054426
|switch|p1a: Ogerpon|Ogerpon-Wellspring, F|100/100
|switch|p2a: Pecharunt|Pecharunt|100/100
|
|-weather|RainDance|[upkeep]
|upkeep
|turn|3
|
|t:|1776054438
|switch|p1a: Kingambit|Kingambit, M|100/100
|move|p2a: Pecharunt|Parting Shot|p1a: Kingambit
|-unboost|p1a: Kingambit|atk|1
|-ability|p1a: Kingambit|Defiant|boost
|-boost|p1a: Kingambit|atk|2
|-unboost|p1a: Kingambit|spa|1
|-ability|p1a: Kingambit|Defiant|boost
|-boost|p1a: Kingambit|atk|2
|
|t:|1776054448
|switch|p2a: Great Tusk|Great Tusk|100/100|[from] Parting Shot
|
|-weather|RainDance|[upkeep]
|upkeep
|turn|4
|
|t:|1776054459
|-terastallize|p1a: Kingambit|Flying
|move|p2a: Great Tusk|Close Combat|p1a: Kingambit
|-resisted|p1a: Kingambit
|-damage|p1a: Kingambit|77/100
|-unboost|p2a: Great Tusk|def|1
|-unboost|p2a: Great Tusk|spd|1
|move|p1a: Kingambit|Swords Dance|p1a: Kingambit
|-boost|p1a: Kingambit|atk|2
|
|-weather|RainDance|[upkeep]
|upkeep
|turn|5
|
|t:|1776054470
|move|p2a: Great Tusk|Ice Spinner|p1a: Kingambit
|-supereffective|p1a: Kingambit
|-damage|p1a: Kingambit|32/100
|move|p1a: Kingambit|Tera Blast|p2a: Great Tusk|[anim] Tera Blast Flying
|-supereffective|p2a: Great Tusk
|-damage|p2a: Great Tusk|0 fnt
|faint|p2a: Great Tusk
|-end|p2a: Great Tusk|Protosynthesis|[silent]
|
|-weather|RainDance|[upkeep]
|upkeep
|
|t:|1776054477
|switch|p2a: Ogerpon|Ogerpon, F|100/100
|turn|6
|
|t:|1776054491
|switch|p2a: Tinkaton|Tinkaton, F|100/100
|-item|p2a: Tinkaton|Air Balloon
|move|p1a: Kingambit|Sucker Punch||[still]
|-fail|p1a: Kingambit
|
|-weather|RainDance|[upkeep]
|upkeep
|turn|7
|
|t:|1776054497
|move|p2a: Tinkaton|Encore|p1a: Kingambit
|-start|p1a: Kingambit|Encore
|move|p1a: Kingambit|Sucker Punch||[still]
|-fail|p1a: Kingambit
|
|-weather|RainDance|[upkeep]
|upkeep
|turn|8
|
|t:|1776054503
|switch|p1a: Ogerpon|Ogerpon-Wellspring, F|100/100
|move|p2a: Tinkaton|Stealth Rock|p1a: Ogerpon
|-sidestart|p1: Efrain.9|move: Stealth Rock
|
|-weather|none
|upkeep
|turn|9
|
|t:|1776054509
|switch|p2a: Pecharunt|Pecharunt|100/100
|move|p1a: Ogerpon|Ivy Cudgel|p2a: Pecharunt|[anim] Ivy Cudgel Water
|-damage|p2a: Pecharunt|71/100
|
|upkeep
|turn|10
|
|t:|1776054524
|switch|p1a: Weezing|Weezing-Galar, F|100/100
|-damage|p1a: Weezing|88/100|[from] Stealth Rock
|move|p2a: Pecharunt|Malignant Chain|p1a: Weezing
|-damage|p1a: Weezing|44/100
|
|-heal|p1a: Weezing|50/100|[from] item: Leftovers
|upkeep
|turn|11
|
|t:|1776054545
|move|p2a: Pecharunt|Malignant Chain|p1a: Weezing
|-damage|p1a: Weezing|7/100
|move|p1a: Weezing|Pain Split|p2a: Pecharunt
|-sethp|p2a: Pecharunt|38/100|[from] move: Pain Split|[silent]
|-sethp|p1a: Weezing|44/100|[from] move: Pain Split
|
|-heal|p1a: Weezing|50/100|[from] item: Leftovers
|upkeep
|turn|12
|
|t:|1776054560
|switch|p1a: Pelipper|Pelipper, F|81/100
|-damage|p1a: Pelipper|56/100|[from] Stealth Rock
|-weather|RainDance|[from] ability: Drizzle|[of] p1a: Pelipper
|move|p2a: Pecharunt|Malignant Chain|p1a: Pelipper
|-damage|p1a: Pelipper|14/100
|-status|p1a: Pelipper|tox
|-start|p1a: Pelipper|confusion|[from] ability: Poison Puppeteer|[of] p2a: Pecharunt
|
|-weather|RainDance|[upkeep]
|-damage|p1a: Pelipper|8/100 tox|[from] psn
|upkeep
|turn|13
|
|t:|1776054577
|switch|p2a: Alomomola|Alomomola, F|100/100
|-activate|p1a: Pelipper|confusion
|-damage|p1a: Pelipper|4/100 tox|[from] confusion
|
|-weather|RainDance|[upkeep]
|-damage|p1a: Pelipper|0 fnt|[from] psn
|faint|p1a: Pelipper
|upkeep
|j| samurajen
|
|t:|1776054589
|switch|p1a: Raging Bolt|Raging Bolt|100/100
|-damage|p1a: Raging Bolt|88/100|[from] Stealth Rock
|turn|14
|
|t:|1776054594
|move|p1a: Raging Bolt|Thunderbolt|p2a: Alomomola
|-supereffective|p2a: Alomomola
|-damage|p2a: Alomomola|51/100
|move|p2a: Alomomola|Play Rough|p1a: Raging Bolt
|-supereffective|p1a: Raging Bolt
|-damage|p1a: Raging Bolt|57/100
|
|-weather|RainDance|[upkeep]
|upkeep
|turn|15
|
|t:|1776054602
|move|p1a: Raging Bolt|Thunderbolt|p2a: Alomomola
|-supereffective|p2a: Alomomola
|-damage|p2a: Alomomola|0 fnt
|faint|p2a: Alomomola
|
|-weather|RainDance|[upkeep]
|upkeep
|
|t:|1776054620
|switch|p2a: Hydreigon|Hydreigon, M|100/100
|turn|16
|
|t:|1776054633
|-end|p1a: Raging Bolt|Protosynthesis|[silent]
|switch|p1a: Weezing|Weezing-Galar, F|50/100
|-damage|p1a: Weezing|37/100|[from] Stealth Rock
|move|p2a: Hydreigon|Dark Pulse|p1a: Weezing
|-resisted|p1a: Weezing
|-damage|p1a: Weezing|0 fnt
|faint|p1a: Weezing
|
|-weather|RainDance|[upkeep]
|upkeep
|
|t:|1776054642
|switch|p1a: Great Tusk|Great Tusk|100/100
|turn|17
|
|t:|1776054646
|switch|p2a: Tinkaton|Tinkaton, F|100/100
|-item|p2a: Tinkaton|Air Balloon
|move|p1a: Great Tusk|Rapid Spin|p2a: Tinkaton
|-resisted|p2a: Tinkaton
|-damage|p2a: Tinkaton|87/100
|-boost|p1a: Great Tusk|spe|1
|-enditem|p2a: Tinkaton|Air Balloon
|-sideend|p1: Efrain.9|Stealth Rock|[from] move: Rapid Spin|[of] p1a: Great Tusk
|-enditem|p1a: Great Tusk|Heavy-Duty Boots|[silent]|[from] ability: Pickpocket|[of] p1a: Great Tusk
|-item|p2a: Tinkaton|Heavy-Duty Boots|[from] ability: Pickpocket|[of] p1a: Great Tusk
|
|-weather|RainDance|[upkeep]
|upkeep
|turn|18
|
|t:|1776054660
|move|p1a: Great Tusk|Headlong Rush|p2a: Tinkaton
|-supereffective|p2a: Tinkaton
|-damage|p2a: Tinkaton|0 fnt
|-unboost|p1a: Great Tusk|def|1
|-unboost|p1a: Great Tusk|spd|1
|faint|p2a: Tinkaton
|
|-weather|RainDance|[upkeep]
|upkeep
|
|t:|1776054663
|switch|p2a: Pecharunt|Pecharunt|38/100
|turn|19
|
|t:|1776054668
|-terastallize|p2a: Pecharunt|Ghost
|move|p1a: Great Tusk|Headlong Rush|p2a: Pecharunt
|-damage|p2a: Pecharunt|7/100
|-unboost|p1a: Great Tusk|def|1
|-unboost|p1a: Great Tusk|spd|1
|-damage|p1a: Great Tusk|84/100|[from] item: Rocky Helmet|[of] p2a: Pecharunt
|move|p2a: Pecharunt|Recover|p2a: Pecharunt
|-heal|p2a: Pecharunt|57/100
|
|-weather|none
|upkeep
|turn|20
|
|t:|1776054690
|-end|p1a: Great Tusk|Protosynthesis|[silent]
|switch|p1a: Kingambit|Kingambit, M, tera:Flying|32/100
|move|p2a: Pecharunt|Recover|p2a: Pecharunt
|-heal|p2a: Pecharunt|100/100
|
|upkeep
|turn|21
|
|t:|1776054697
|move|p2a: Pecharunt|Malignant Chain|p1a: Kingambit
|-damage|p1a: Kingambit|0 fnt
|faint|p1a: Kingambit
|
|upkeep
|
|t:|1776054702
|switch|p1a: Raging Bolt|Raging Bolt|57/100
|turn|22
|
|t:|1776054707
|move|p1a: Raging Bolt|Draco Meteor|p2a: Pecharunt
|-damage|p2a: Pecharunt|25/100
|-unboost|p1a: Raging Bolt|spa|2
|move|p2a: Pecharunt|Parting Shot|p1a: Raging Bolt
|-unboost|p1a: Raging Bolt|atk|1
|-unboost|p1a: Raging Bolt|spa|1
|
|t:|1776054710
|switch|p2a: Hydreigon|Hydreigon, M|100/100|[from] Parting Shot
|
|upkeep
|turn|23
|
|t:|1776054720
|move|p2a: Hydreigon|Dark Pulse|p1a: Raging Bolt
|-damage|p1a: Raging Bolt|0 fnt
|faint|p1a: Raging Bolt
|-end|p1a: Raging Bolt|Protosynthesis|[silent]
|
|upkeep
|
|t:|1776054726
|switch|p1a: Great Tusk|Great Tusk|84/100
|turn|24
|
|t:|1776054735
|switch|p2a: Pecharunt|Pecharunt, tera:Ghost|25/100
|move|p1a: Great Tusk|Close Combat|p2a: Pecharunt
|-immune|p2a: Pecharunt
|
|upkeep
|turn|25
|
|t:|1776054740
|move|p1a: Great Tusk|Headlong Rush|p2a: Pecharunt
|-damage|p2a: Pecharunt|0 fnt
|-unboost|p1a: Great Tusk|def|1
|-unboost|p1a: Great Tusk|spd|1
|-damage|p1a: Great Tusk|67/100|[from] item: Rocky Helmet|[of] p2a: Pecharunt
|faint|p2a: Pecharunt
|
|upkeep
|
|t:|1776054743
|switch|p2a: Ogerpon|Ogerpon, F|100/100
|turn|26
|
|t:|1776054753
|move|p2a: Ogerpon|Ivy Cudgel|p1a: Great Tusk
|-supereffective|p1a: Great Tusk
|-damage|p1a: Great Tusk|0 fnt
|faint|p1a: Great Tusk
|-end|p1a: Great Tusk|Protosynthesis|[silent]
|
|upkeep
|
|t:|1776054758
|switch|p1a: Ogerpon|Ogerpon-Wellspring, F|100/100
|turn|27
|
|t:|1776054761
|move|p2a: Ogerpon|Ivy Cudgel|p1a: Ogerpon
|-damage|p1a: Ogerpon|4/100
|move|p1a: Ogerpon|Ivy Cudgel|p2a: Ogerpon|[anim] Ivy Cudgel Water
|-resisted|p2a: Ogerpon
|-damage|p2a: Ogerpon|61/100
|
|upkeep
|turn|28
|-message|Efrain.9 forfeited.
|
|win|smoldracovish
|raw|Efrain.9's rating: 1529 &rarr; <strong>1511</strong><br />(-18 for losing)
|raw|smoldracovish's rating: 1572 &rarr; <strong>1590</strong><br />(+18 for winning)
|l|☆Efrain.9
|player|p1|
|c|☆smoldracovish|Gg
|l|☆smoldracovish
|player|p2|
