|html|<div class="broadcast-blue"><strong>[Gen 9] OU is currently suspecting Tera Blast! For information on how to participate check out the <a href="https://www.smogon.com/tools/suspects/view/200">suspect thread</a>.</strong></div>
|j|☆StallMyWayTo1700s
|j|☆kkekrez
|t:|1776288658
|gametype|singles
|player|p1|StallMyWayTo1700s|wallace|1405
|player|p2|kkekrez|170|1468
|gen|9
|tier|[Gen 9] OU
|rated|
|rule|HP Percentage Mod: HP is shown in percentages
|rule|Endless Battle Clause: Forcing endless battles is banned
|rule|Species Clause: Limit one of each Pokémon
|rule|OHKO Clause: OHKO moves are banned
|rule|Evasion Items Clause: Evasion items are banned
|rule|Evasion Moves Clause: Evasion moves are banned
|rule|Evasion Abilities Clause: Evasion abilities are banned
|rule|Sleep Moves Clause: Sleep-inducing moves are banned
|clearpoke
|poke|p1|Toxapex, F|
|poke|p1|Gliscor, F|
|poke|p1|Alomomola, F|
|poke|p1|Blissey, F|
|poke|p1|Clodsire, F|
|poke|p1|Dondozo, F|
|poke|p2|Clodsire, M|
|poke|p2|Gliscor, M|
|poke|p2|Alomomola, M|
|poke|p2|Dondozo, M|
|poke|p2|Amoonguss, M|
|poke|p2|Bronzong|
|teampreview
|inactive|Battle timer is ON: inactive players will automatically lose when time's up. (requested by kkekrez)
|inactive|StallMyWayTo1700s also wants the timer to be on.
|j| couchthulhu
|
|t:|1776288675
|teamsize|p1|6
|teamsize|p2|6
|start
|switch|p1a: Let's Try.|Gliscor, F, shiny|100/100
|switch|p2a: Gliscor|Gliscor, M|100/100
|turn|1
|
|t:|1776288684
|move|p1a: Let's Try.|Protect|p1a: Let's Try.
|-singleturn|p1a: Let's Try.|Protect
|move|p2a: Gliscor|Knock Off|p1a: Let's Try.
|-activate|p1a: Let's Try.|move: Protect
|
|-status|p2a: Gliscor|tox|[from] item: Toxic Orb
|-status|p1a: Let's Try.|tox|[from] item: Toxic Orb
|upkeep
|turn|2
|
|t:|1776288691
|move|p2a: Gliscor|Spikes|p1a: Let's Try.
|-sidestart|p1: StallMyWayTo1700s|Spikes
|move|p1a: Let's Try.|Knock Off|p2a: Gliscor
|-damage|p2a: Gliscor|86/100 tox
|-enditem|p2a: Gliscor|Toxic Orb|[from] move: Knock Off|[of] p1a: Let's Try.
|
|-heal|p2a: Gliscor|99/100 tox|[from] ability: Poison Heal
|upkeep
|turn|3
|
|t:|1776288695
|move|p2a: Gliscor|Spikes|p1a: Let's Try.
|-sidestart|p1: StallMyWayTo1700s|Spikes
|move|p1a: Let's Try.|Spikes|p2a: Gliscor
|-sidestart|p2: kkekrez|Spikes
|
|-heal|p2a: Gliscor|100/100 tox|[from] ability: Poison Heal
|upkeep
|turn|4
|
|t:|1776288699
|move|p2a: Gliscor|Spikes|p1a: Let's Try.
|-sidestart|p1: StallMyWayTo1700s|Spikes
|move|p1a: Let's Try.|Spikes|p2a: Gliscor
|-sidestart|p2: kkekrez|Spikes
|
|upkeep
|turn|5
|
|t:|1776288704
|move|p2a: Gliscor|Knock Off|p1a: Let's Try.
|-damage|p1a: Let's Try.|88/100 tox
|-enditem|p1a: Let's Try.|Toxic Orb|[from] move: Knock Off|[of] p2a: Gliscor
|move|p1a: Let's Try.|Knock Off|p2a: Gliscor
|-damage|p2a: Gliscor|91/100 tox
|
|-heal|p2a: Gliscor|100/100 tox|[from] ability: Poison Heal
|-heal|p1a: Let's Try.|99/100 tox|[from] ability: Poison Heal
|upkeep
|turn|6
|
|t:|1776288713
|move|p2a: Gliscor|Spikes||[still]
|-fail|p2a: Gliscor
|move|p1a: Let's Try.|Knock Off|p2a: Gliscor
|-damage|p2a: Gliscor|92/100 tox
|
|-heal|p2a: Gliscor|100/100 tox|[from] ability: Poison Heal
|-heal|p1a: Let's Try.|100/100 tox|[from] ability: Poison Heal
|upkeep
|turn|7
|
|t:|1776288718
|move|p2a: Gliscor|Spikes||[still]
|-fail|p2a: Gliscor
|move|p1a: Let's Try.|Spikes|p2a: Gliscor
|-sidestart|p2: kkekrez|Spikes
|
|upkeep
|turn|8
|
|t:|1776288724
|move|p2a: Gliscor|Spikes||[still]
|-fail|p2a: Gliscor
|move|p1a: Let's Try.|Spikes||[still]
|-fail|p1a: Let's Try.
|
|upkeep
|turn|9
|
|t:|1776288731
|move|p2a: Gliscor|Knock Off|p1a: Let's Try.
|-damage|p1a: Let's Try.|91/100 tox
|move|p1a: Let's Try.|Spikes||[still]
|-fail|p1a: Let's Try.
|
|-heal|p1a: Let's Try.|100/100 tox|[from] ability: Poison Heal
|upkeep
|turn|10
|
|t:|1776288734
|move|p2a: Gliscor|Spikes||[still]
|-fail|p2a: Gliscor
|move|p1a: Let's Try.|Spikes||[still]
|-fail|p1a: Let's Try.
|
|upkeep
|turn|11
|
|t:|1776288738
|move|p2a: Gliscor|Spikes||[still]
|-fail|p2a: Gliscor
|move|p1a: Let's Try.|Spikes||[still]
|-fail|p1a: Let's Try.
|
|upkeep
|turn|12
|
|t:|1776288743
|move|p2a: Gliscor|Spikes||[still]
|-fail|p2a: Gliscor
|move|p1a: Let's Try.|Spikes||[still]
|-fail|p1a: Let's Try.
|
|upkeep
|turn|13
|
|t:|1776288746
|move|p2a: Gliscor|Knock Off|p1a: Let's Try.
|-damage|p1a: Let's Try.|92/100 tox
|move|p1a: Let's Try.|Spikes||[still]
|-fail|p1a: Let's Try.
|
|-heal|p1a: Let's Try.|100/100 tox|[from] ability: Poison Heal
|upkeep
|turn|14
|
|t:|1776288749
|move|p2a: Gliscor|Knock Off|p1a: Let's Try.
|-damage|p1a: Let's Try.|91/100 tox
|move|p1a: Let's Try.|Spikes||[still]
|-fail|p1a: Let's Try.
|
|-heal|p1a: Let's Try.|100/100 tox|[from] ability: Poison Heal
|upkeep
|turn|15
|
|t:|1776288755
|move|p2a: Gliscor|Spikes||[still]
|-fail|p2a: Gliscor
|move|p1a: Let's Try.|Knock Off|p2a: Gliscor
|-damage|p2a: Gliscor|93/100 tox
|
|-heal|p2a: Gliscor|100/100 tox|[from] ability: Poison Heal
|upkeep
|turn|16
|
|t:|1776288764
|switch|p2a: Bronzong|Bronzong|100/100
|move|p1a: Let's Try.|Knock Off|p2a: Bronzong
|-supereffective|p2a: Bronzong
|-damage|p2a: Bronzong|61/100
|-enditem|p2a: Bronzong|Leftovers|[from] move: Knock Off|[of] p1a: Let's Try.
|
|upkeep
|turn|17
|
|t:|1776288772
|switch|p1a: Still Trying?|Blissey, F, shiny|100/100
|move|p2a: Bronzong|Skill Swap|p1a: Still Trying?
|-activate|p2a: Bronzong|Skill Swap|Natural Cure|Levitate|[of] p1a: Still Trying?
|
|upkeep
|turn|18
|
|t:|1776288778
|move|p1a: Still Trying?|Stealth Rock|p2a: Bronzong
|-sidestart|p2: kkekrez|move: Stealth Rock
|move|p2a: Bronzong|Stealth Rock|p1a: Still Trying?
|-sidestart|p1: StallMyWayTo1700s|move: Stealth Rock
|
|upkeep
|turn|19
|
|t:|1776288784
|switch|p1a: Let's Try.|Gliscor, F, shiny|100/100 tox
|-damage|p1a: Let's Try.|88/100 tox|[from] Stealth Rock
|switch|p2a: Alomomola|Alomomola, M|100/100
|
|-heal|p1a: Let's Try.|100/100 tox|[from] ability: Poison Heal
|upkeep
|turn|20
|
|t:|1776288789
|move|p2a: Alomomola|Protect|p2a: Alomomola
|-singleturn|p2a: Alomomola|Protect
|move|p1a: Let's Try.|Knock Off|p2a: Alomomola
|-activate|p2a: Alomomola|move: Protect
|
|upkeep
|turn|21
|
|t:|1776288796
|switch|p2a: Gliscor|Gliscor, M|100/100 tox
|-damage|p2a: Gliscor|88/100 tox|[from] Stealth Rock
|move|p1a: Let's Try.|Knock Off|p2a: Gliscor
|-damage|p2a: Gliscor|80/100 tox
|
|-heal|p2a: Gliscor|93/100 tox|[from] ability: Poison Heal
|upkeep
|turn|22
|
|t:|1776288804
|move|p2a: Gliscor|Spikes||[still]
|-fail|p2a: Gliscor
|move|p1a: Let's Try.|Spikes||[still]
|-fail|p1a: Let's Try.
|
|-heal|p2a: Gliscor|100/100 tox|[from] ability: Poison Heal
|upkeep
|turn|23
|
|t:|1776288808
|move|p2a: Gliscor|Knock Off|p1a: Let's Try.
|-damage|p1a: Let's Try.|92/100 tox
|move|p1a: Let's Try.|Spikes||[still]
|-fail|p1a: Let's Try.
|
|-heal|p1a: Let's Try.|100/100 tox|[from] ability: Poison Heal
|upkeep
|turn|24
|
|t:|1776288816
|move|p2a: Gliscor|Spikes||[still]
|-fail|p2a: Gliscor
|move|p1a: Let's Try.|Spikes||[still]
|-fail|p1a: Let's Try.
|
|upkeep
|turn|25
|
|t:|1776288822
|move|p2a: Gliscor|Spikes||[still]
|-fail|p2a: Gliscor
|move|p1a: Let's Try.|Toxic|p2a: Gliscor
|-fail|p2a: Gliscor|tox
|
|upkeep
|turn|26
|
|t:|1776288828
|switch|p2a: Bronzong|Bronzong|61/100
|-damage|p2a: Bronzong|55/100|[from] Stealth Rock
|move|p1a: Let's Try.|Spikes||[still]
|-fail|p1a: Let's Try.
|
|upkeep
|turn|27
|
|t:|1776288835
|switch|p1a: Keep Trying.|Toxapex, F|100/100
|switch|p2a: Alomomola|Alomomola, M|100/100
|
|upkeep
|turn|28
|
|t:|1776288840
|move|p2a: Alomomola|Whirlpool|p1a: Keep Trying.
|-resisted|p1a: Keep Trying.
|-damage|p1a: Keep Trying.|98/100
|-activate|p1a: Keep Trying.|move: Whirlpool|[of] p2a: Alomomola
|move|p1a: Keep Trying.|Toxic|p2a: Alomomola
|-status|p2a: Alomomola|tox
|
|-damage|p2a: Alomomola|94/100 tox|[from] psn
|-damage|p1a: Keep Trying.|86/100|[from] move: Whirlpool|[partiallytrapped]
|upkeep
|turn|29
|
|t:|1776288846
|move|p2a: Alomomola|Scald|p1a: Keep Trying.
|-resisted|p1a: Keep Trying.
|-damage|p1a: Keep Trying.|80/100
|move|p1a: Keep Trying.|Infestation|p2a: Alomomola
|-damage|p2a: Alomomola|92/100 tox
|-activate|p2a: Alomomola|move: Infestation|[of] p1a: Keep Trying.
|
|-damage|p2a: Alomomola|79/100 tox|[from] psn
|-damage|p2a: Alomomola|67/100 tox|[from] move: Infestation|[partiallytrapped]
|-damage|p1a: Keep Trying.|68/100|[from] move: Whirlpool|[partiallytrapped]
|upkeep
|turn|30
|
|t:|1776288851
|move|p1a: Keep Trying.|Baneful Bunker|p1a: Keep Trying.
|-singleturn|p1a: Keep Trying.|move: Protect
|move|p2a: Alomomola|Wish|p2a: Alomomola
|
|-damage|p2a: Alomomola|48/100 tox|[from] psn
|-damage|p2a: Alomomola|36/100 tox|[from] move: Infestation|[partiallytrapped]
|-damage|p1a: Keep Trying.|56/100|[from] move: Whirlpool|[partiallytrapped]
|upkeep
|turn|31
|
|t:|1776288855
|move|p2a: Alomomola|Protect|p2a: Alomomola
|-singleturn|p2a: Alomomola|Protect
|move|p1a: Keep Trying.|Infestation|p2a: Alomomola
|-activate|p2a: Alomomola|move: Protect
|
|-heal|p2a: Alomomola|86/100 tox|[from] move: Wish|[wisher] Alomomola
|-damage|p2a: Alomomola|61/100 tox|[from] psn
|-damage|p2a: Alomomola|49/100 tox|[from] move: Infestation|[partiallytrapped]
|-damage|p1a: Keep Trying.|44/100|[from] move: Whirlpool|[partiallytrapped]
|upkeep
|turn|32
|
|t:|1776288862
|move|p1a: Keep Trying.|Baneful Bunker|p1a: Keep Trying.
|-singleturn|p1a: Keep Trying.|move: Protect
|move|p2a: Alomomola|Wish|p2a: Alomomola
|
|-damage|p2a: Alomomola|18/100 tox|[from] psn
|-damage|p2a: Alomomola|6/100 tox|[from] move: Infestation|[partiallytrapped]
|-end|p1a: Keep Trying.|Whirlpool|[partiallytrapped]
|upkeep
|turn|33
|
|t:|1776288871
|move|p2a: Alomomola|Protect|p2a: Alomomola
|-singleturn|p2a: Alomomola|Protect
|move|p1a: Keep Trying.|Infestation|p2a: Alomomola
|-activate|p2a: Alomomola|move: Protect
|
|-heal|p2a: Alomomola|56/100 tox|[from] move: Wish|[wisher] Alomomola
|-damage|p2a: Alomomola|19/100 tox|[from] psn
|-damage|p2a: Alomomola|6/100 tox|[from] move: Infestation|[partiallytrapped]
|upkeep
|turn|34
|
|t:|1776288879
|move|p2a: Alomomola|Scald|p1a: Keep Trying.
|-resisted|p1a: Keep Trying.
|-damage|p1a: Keep Trying.|37/100
|move|p1a: Keep Trying.|Infestation|p2a: Alomomola
|-damage|p2a: Alomomola|4/100 tox
|
|-damage|p2a: Alomomola|0 fnt|[from] psn
|faint|p2a: Alomomola
|upkeep
|
|t:|1776288889
|switch|p2a: Bronzong|Bronzong|55/100
|-damage|p2a: Bronzong|49/100|[from] Stealth Rock
|turn|35
|
|t:|1776288894
|switch|p1a: Try Harder.|Alomomola, F, shiny|100/100
|move|p2a: Bronzong|Skill Swap|p1a: Try Harder.
|-activate|p2a: Bronzong|Skill Swap|Regenerator|Levitate|[of] p1a: Try Harder.
|
|upkeep
|turn|36
|
|t:|1776288899
|switch|p1a: Keep Trying.|Toxapex, F|71/100
|switch|p2a: Gliscor|Gliscor, M|100/100 tox
|-damage|p2a: Gliscor|88/100 tox|[from] Stealth Rock
|
|-heal|p2a: Gliscor|100/100 tox|[from] ability: Poison Heal
|upkeep
|turn|37
|
|t:|1776288905
|switch|p1a: Let's Try.|Gliscor, F, shiny|100/100 tox
|-damage|p1a: Let's Try.|88/100 tox|[from] Stealth Rock
|move|p2a: Gliscor|Knock Off|p1a: Let's Try.
|-damage|p1a: Let's Try.|78/100 tox
|
|-heal|p1a: Let's Try.|91/100 tox|[from] ability: Poison Heal
|upkeep
|turn|38
|
|t:|1776288910
|move|p2a: Gliscor|Spikes||[still]
|-fail|p2a: Gliscor
|move|p1a: Let's Try.|Toxic|p2a: Gliscor
|-fail|p2a: Gliscor|tox
|
|-heal|p1a: Let's Try.|100/100 tox|[from] ability: Poison Heal
|upkeep
|turn|39
|
|t:|1776288915
|move|p2a: Gliscor|Spikes||[still]
|-fail|p2a: Gliscor
|move|p1a: Let's Try.|Spikes||[still]
|-fail|p1a: Let's Try.
|
|upkeep
|turn|40
|
|t:|1776288924
|move|p2a: Gliscor|Spikes||[still]
|-fail|p2a: Gliscor
|move|p1a: Let's Try.|Toxic|p2a: Gliscor
|-fail|p2a: Gliscor|tox
|
|upkeep
|turn|41
|
|t:|1776288930
|move|p2a: Gliscor|Knock Off|p1a: Let's Try.
|-damage|p1a: Let's Try.|93/100 tox
|move|p1a: Let's Try.|Spikes||[still]
|-fail|p1a: Let's Try.
|
|-heal|p1a: Let's Try.|100/100 tox|[from] ability: Poison Heal
|upkeep
|turn|42
|
|t:|1776288937
|move|p2a: Gliscor|Spikes||[still]
|-fail|p2a: Gliscor
|move|p1a: Let's Try.|Toxic|p2a: Gliscor
|-fail|p2a: Gliscor|tox
|
|upkeep
|turn|43
|
|t:|1776288944
|move|p2a: Gliscor|Spikes||[still]
|-fail|p2a: Gliscor
|move|p1a: Let's Try.|Toxic|p2a: Gliscor
|-fail|p2a: Gliscor|tox
|
|upkeep
|turn|44
|
|t:|1776288949
|move|p2a: Gliscor|Spikes||[still]
|-fail|p2a: Gliscor
|move|p1a: Let's Try.|Toxic|p2a: Gliscor
|-fail|p2a: Gliscor|tox
|
|upkeep
|turn|45
|
|t:|1776288954
|move|p2a: Gliscor|Knock Off|p1a: Let's Try.
|-damage|p1a: Let's Try.|92/100 tox
|move|p1a: Let's Try.|Toxic|p2a: Gliscor
|-fail|p2a: Gliscor|tox
|
|-heal|p1a: Let's Try.|100/100 tox|[from] ability: Poison Heal
|upkeep
|turn|46
|
|t:|1776288960
|move|p2a: Gliscor|Spikes||[still]
|-fail|p2a: Gliscor
|move|p1a: Let's Try.|Spikes||[still]
|-fail|p1a: Let's Try.
|
|upkeep
|turn|47
|
|t:|1776288963
|move|p2a: Gliscor|Spikes||[still]
|-fail|p2a: Gliscor
|move|p1a: Let's Try.|Toxic|p2a: Gliscor|[miss]
|-miss|p1a: Let's Try.|p2a: Gliscor
|
|upkeep
|turn|48
|
|t:|1776288970
|move|p2a: Gliscor|Spikes||[still]
|-fail|p2a: Gliscor
|move|p1a: Let's Try.|Toxic|p2a: Gliscor
|-fail|p2a: Gliscor|tox
|
|upkeep
|turn|49
|
|t:|1776288975
|move|p2a: Gliscor|Spikes||[still]
|-fail|p2a: Gliscor
|move|p1a: Let's Try.|Toxic|p2a: Gliscor
|-fail|p2a: Gliscor|tox
|
|upkeep
|turn|50
|
|t:|1776288979
|move|p2a: Gliscor|Spikes||[still]
|-fail|p2a: Gliscor
|move|p1a: Let's Try.|Toxic|p2a: Gliscor
|-fail|p2a: Gliscor|tox
|
|upkeep
|turn|51
|
|t:|1776288985
|move|p2a: Gliscor|Spikes||[still]
|-fail|p2a: Gliscor
|move|p1a: Let's Try.|Toxic|p2a: Gliscor|[miss]
|-miss|p1a: Let's Try.|p2a: Gliscor
|
|upkeep
|turn|52
|
|t:|1776288990
|move|p2a: Gliscor|Spikes||[still]
|-fail|p2a: Gliscor
|move|p1a: Let's Try.|Spikes||[still]
|-fail|p1a: Let's Try.
|
|upkeep
|turn|53
|
|t:|1776288996
|move|p2a: Gliscor|Spikes||[still]
|-fail|p2a: Gliscor
|move|p1a: Let's Try.|Spikes||[still]
|-fail|p1a: Let's Try.
|
|upkeep
|turn|54
|
|t:|1776289000
|move|p2a: Gliscor|Spikes||[still]
|-fail|p2a: Gliscor
|move|p1a: Let's Try.|Spikes||[still]
|-fail|p1a: Let's Try.
|
|upkeep
|turn|55
|
|t:|1776289005
|move|p2a: Gliscor|Spikes||[still]
|-fail|p2a: Gliscor
|move|p1a: Let's Try.|Spikes||[still]
|-fail|p1a: Let's Try.
|
|upkeep
|turn|56
|
|t:|1776289011
|switch|p2a: Bronzong|Bronzong|82/100
|-damage|p2a: Bronzong|76/100|[from] Stealth Rock
|move|p1a: Let's Try.|Spikes||[still]
|-fail|p1a: Let's Try.
|
|upkeep
|turn|57
|
|t:|1776289017
|switch|p1a: Keep Trying.|Toxapex, F|100/100
|move|p2a: Bronzong|Skill Swap|p1a: Keep Trying.
|-activate|p2a: Bronzong|Skill Swap|Regenerator|Levitate|[of] p1a: Keep Trying.
|
|upkeep
|turn|58
|
|t:|1776289026
|switch|p1a: Let's Try.|Gliscor, F, shiny|100/100 tox
|-damage|p1a: Let's Try.|88/100 tox|[from] Stealth Rock
|move|p2a: Bronzong|Protect||[still]
|-fail|p2a: Bronzong
|
|-heal|p1a: Let's Try.|100/100 tox|[from] ability: Poison Heal
|upkeep
|turn|59
|
|t:|1776289034
|switch|p1a: Keep Trying.|Toxapex, F|100/100
|switch|p2a: Gliscor|Gliscor, M|100/100 tox
|-damage|p2a: Gliscor|88/100 tox|[from] Stealth Rock
|
|-heal|p2a: Gliscor|100/100 tox|[from] ability: Poison Heal
|upkeep
|turn|60
|
|t:|1776289040
|switch|p1a: Let's Try.|Gliscor, F, shiny|100/100 tox
|-damage|p1a: Let's Try.|88/100 tox|[from] Stealth Rock
|move|p2a: Gliscor|Knock Off|p1a: Let's Try.
|-crit|p1a: Let's Try.
|-damage|p1a: Let's Try.|76/100 tox
|
|-heal|p1a: Let's Try.|88/100 tox|[from] ability: Poison Heal
|upkeep
|turn|61
|
|t:|1776289049
|move|p2a: Gliscor|Spikes||[still]
|-fail|p2a: Gliscor
|move|p1a: Let's Try.|Spikes||[still]
|-fail|p1a: Let's Try.
|
|-heal|p1a: Let's Try.|100/100 tox|[from] ability: Poison Heal
|upkeep
|turn|62
|
|t:|1776289054
|move|p2a: Gliscor|Spikes||[still]
|-fail|p2a: Gliscor
|move|p1a: Let's Try.|Spikes||[still]
|-fail|p1a: Let's Try.
|
|upkeep
|turn|63
|
|t:|1776289058
|move|p2a: Gliscor|Spikes||[still]
|-fail|p2a: Gliscor
|move|p1a: Let's Try.|Spikes||[still]
|-fail|p1a: Let's Try.
|
|upkeep
|turn|64
|
|t:|1776289061
|move|p2a: Gliscor|Protect|p2a: Gliscor
|-singleturn|p2a: Gliscor|Protect
|move|p1a: Let's Try.|Knock Off|p2a: Gliscor
|-activate|p2a: Gliscor|move: Protect
|
|upkeep
|turn|65
|
|t:|1776289064
|move|p2a: Gliscor|Protect||[still]
|-fail|p2a: Gliscor
|move|p1a: Let's Try.|Protect||[still]
|-fail|p1a: Let's Try.
|
|upkeep
|turn|66
|
|t:|1776289069
|move|p2a: Gliscor|Protect|p2a: Gliscor
|-singleturn|p2a: Gliscor|Protect
|move|p1a: Let's Try.|Spikes||[still]
|-fail|p1a: Let's Try.
|
|upkeep
|turn|67
|
|t:|1776289074
|move|p2a: Gliscor|Protect||[still]
|-fail|p2a: Gliscor
|move|p1a: Let's Try.|Spikes||[still]
|-fail|p1a: Let's Try.
|
|upkeep
|turn|68
|
|t:|1776289082
|move|p2a: Gliscor|Knock Off|p1a: Let's Try.
|-damage|p1a: Let's Try.|92/100 tox
|move|p1a: Let's Try.|Spikes||[still]
|-fail|p1a: Let's Try.
|
|-heal|p1a: Let's Try.|100/100 tox|[from] ability: Poison Heal
|upkeep
|turn|69
|
|t:|1776289090
|move|p2a: Gliscor|Toxic|p1a: Let's Try.
|-fail|p1a: Let's Try.|tox
|move|p1a: Let's Try.|Spikes||[still]
|-fail|p1a: Let's Try.
|
|upkeep
|turn|70
|
|t:|1776289095
|move|p2a: Gliscor|Toxic|p1a: Let's Try.
|-fail|p1a: Let's Try.|tox
|move|p1a: Let's Try.|Toxic|p2a: Gliscor
|-fail|p2a: Gliscor|tox
|
|upkeep
|turn|71
|
|t:|1776289099
|move|p2a: Gliscor|Protect|p2a: Gliscor
|-singleturn|p2a: Gliscor|Protect
|move|p1a: Let's Try.|Protect||[still]
|-fail|p1a: Let's Try.
|
|upkeep
|turn|72
|
|t:|1776289106
|move|p2a: Gliscor|Knock Off|p1a: Let's Try.
|-damage|p1a: Let's Try.|92/100 tox
|move|p1a: Let's Try.|Spikes||[still]
|-fail|p1a: Let's Try.
|
|-heal|p1a: Let's Try.|100/100 tox|[from] ability: Poison Heal
|upkeep
|turn|73
|
|t:|1776289112
|move|p2a: Gliscor|Knock Off|p1a: Let's Try.
|-damage|p1a: Let's Try.|91/100 tox
|move|p1a: Let's Try.|Spikes||[still]
|-fail|p1a: Let's Try.
|
|-heal|p1a: Let's Try.|100/100 tox|[from] ability: Poison Heal
|upkeep
|turn|74
|
|t:|1776289116
|move|p2a: Gliscor|Toxic|p1a: Let's Try.
|-fail|p1a: Let's Try.|tox
|move|p1a: Let's Try.|Spikes||[still]
|-fail|p1a: Let's Try.
|
|upkeep
|turn|75
|
|t:|1776289123
|switch|p2a: Bronzong|Bronzong|100/100
|-damage|p2a: Bronzong|94/100|[from] Stealth Rock
|move|p1a: Let's Try.|Toxic|p2a: Bronzong
|-immune|p2a: Bronzong
|
|upkeep
|turn|76
|
|t:|1776289132
|switch|p1a: Try Harder.|Alomomola, F, shiny|100/100
|move|p2a: Bronzong|Night Shade|p1a: Try Harder.
|-damage|p1a: Try Harder.|79/100
|
|upkeep
|turn|77
|
|t:|1776289138
|move|p2a: Bronzong|Protect|p2a: Bronzong
|-singleturn|p2a: Bronzong|Protect
|move|p1a: Try Harder.|Scald|p2a: Bronzong
|-activate|p2a: Bronzong|move: Protect
|
|upkeep
|turn|78
|
|t:|1776289145
|switch|p2a: Gliscor|Gliscor, M|100/100 tox
|-damage|p2a: Gliscor|88/100 tox|[from] Stealth Rock
|move|p1a: Try Harder.|Scald|p2a: Gliscor
|-supereffective|p2a: Gliscor
|-damage|p2a: Gliscor|55/100 tox
|
|-heal|p2a: Gliscor|68/100 tox|[from] ability: Poison Heal
|upkeep
|turn|79
|
|t:|1776289152
|switch|p1a: Let's Try.|Gliscor, F, shiny|100/100 tox
|-damage|p1a: Let's Try.|88/100 tox|[from] Stealth Rock
|move|p2a: Gliscor|Knock Off|p1a: Let's Try.
|-damage|p1a: Let's Try.|80/100 tox
|
|-heal|p2a: Gliscor|80/100 tox|[from] ability: Poison Heal
|-heal|p1a: Let's Try.|92/100 tox|[from] ability: Poison Heal
|upkeep
|turn|80
|
|t:|1776289168
|move|p1a: Let's Try.|Protect|p1a: Let's Try.
|-singleturn|p1a: Let's Try.|Protect
|move|p2a: Gliscor|Knock Off|p1a: Let's Try.
|-activate|p1a: Let's Try.|move: Protect
|
|-heal|p2a: Gliscor|93/100 tox|[from] ability: Poison Heal
|-heal|p1a: Let's Try.|100/100 tox|[from] ability: Poison Heal
|upkeep
|turn|81
|
|t:|1776289171
|move|p2a: Gliscor|Protect|p2a: Gliscor
|-singleturn|p2a: Gliscor|Protect
|move|p1a: Let's Try.|Toxic|p2a: Gliscor
|-activate|p2a: Gliscor|move: Protect
|
|-heal|p2a: Gliscor|100/100 tox|[from] ability: Poison Heal
|upkeep
|turn|82
|
|t:|1776289174
|move|p2a: Gliscor|Toxic|p1a: Let's Try.|[miss]
|-miss|p2a: Gliscor|p1a: Let's Try.
|move|p1a: Let's Try.|Toxic|p2a: Gliscor
|-fail|p2a: Gliscor|tox
|
|upkeep
|turn|83
|
|t:|1776289180
|move|p1a: Let's Try.|Protect|p1a: Let's Try.
|-singleturn|p1a: Let's Try.|Protect
|move|p2a: Gliscor|Toxic|p1a: Let's Try.
|-activate|p1a: Let's Try.|move: Protect
|
|upkeep
|turn|84
|
|t:|1776289183
|move|p2a: Gliscor|Toxic|p1a: Let's Try.
|-fail|p1a: Let's Try.|tox
|move|p1a: Let's Try.|Knock Off|p2a: Gliscor
|-damage|p2a: Gliscor|92/100 tox
|
|-heal|p2a: Gliscor|100/100 tox|[from] ability: Poison Heal
|upkeep
|turn|85
|
|t:|1776289189
|move|p2a: Gliscor|Toxic|p1a: Let's Try.|[miss]
|-miss|p2a: Gliscor|p1a: Let's Try.
|move|p1a: Let's Try.|Knock Off|p2a: Gliscor
|-damage|p2a: Gliscor|92/100 tox
|
|-heal|p2a: Gliscor|100/100 tox|[from] ability: Poison Heal
|upkeep
|turn|86
|
|t:|1776289194
|switch|p1a: Keep Trying.|Toxapex, F|100/100
|move|p2a: Gliscor|Knock Off|p1a: Keep Trying.
|-damage|p1a: Keep Trying.|86/100
|-enditem|p1a: Keep Trying.|Heavy-Duty Boots|[from] move: Knock Off|[of] p2a: Gliscor
|
|upkeep
|turn|87
|
|t:|1776289198
|move|p2a: Gliscor|Protect|p2a: Gliscor
|-singleturn|p2a: Gliscor|Protect
|move|p1a: Keep Trying.|Infestation|p2a: Gliscor
|-activate|p2a: Gliscor|move: Protect
|
|upkeep
|turn|88
|
|t:|1776289209
|switch|p2a: Clodsire|Clodsire, M|100/100
|move|p1a: Keep Trying.|Infestation|p2a: Clodsire
|-resisted|p2a: Clodsire
|-damage|p2a: Clodsire|99/100
|-activate|p2a: Clodsire|move: Infestation|[of] p1a: Keep Trying.
|
|-damage|p2a: Clodsire|87/100|[from] move: Infestation|[partiallytrapped]
|upkeep
|turn|89
|
|t:|1776289219
|switch|p1a: Let's Try.|Gliscor, F, shiny|100/100 tox
|-damage|p1a: Let's Try.|88/100 tox|[from] Stealth Rock
|move|p2a: Clodsire|Earthquake|p1a: Let's Try.
|-immune|p1a: Let's Try.
|
|-heal|p1a: Let's Try.|100/100 tox|[from] ability: Poison Heal
|-end|p2a: Clodsire|Infestation|[partiallytrapped]|[silent]
|upkeep
|turn|90
|
|t:|1776289228
|switch|p1a: Keep Trying.|Toxapex, F|100/100
|-damage|p1a: Keep Trying.|76/100|[from] Spikes
|-damage|p1a: Keep Trying.|64/100|[from] Stealth Rock
|switch|p2a: Gliscor|Gliscor, M|100/100 tox
|-damage|p2a: Gliscor|88/100 tox|[from] Stealth Rock
|
|-heal|p2a: Gliscor|100/100 tox|[from] ability: Poison Heal
|upkeep
|turn|91
|
|t:|1776289234
|move|p2a: Gliscor|Protect|p2a: Gliscor
|-singleturn|p2a: Gliscor|Protect
|move|p1a: Keep Trying.|Infestation|p2a: Gliscor
|-activate|p2a: Gliscor|move: Protect
|
|upkeep
|turn|92
|
|t:|1776289245
|switch|p2a: Bronzong|Bronzong|94/100
|-damage|p2a: Bronzong|88/100|[from] Stealth Rock
|move|p1a: Keep Trying.|Infestation|p2a: Bronzong
|-damage|p2a: Bronzong|86/100
|-activate|p2a: Bronzong|move: Infestation|[of] p1a: Keep Trying.
|
|-damage|p2a: Bronzong|74/100|[from] move: Infestation|[partiallytrapped]
|upkeep
|turn|93
|
|t:|1776289264
|move|p1a: Keep Trying.|Infestation|p2a: Bronzong
|-damage|p2a: Bronzong|72/100
|move|p2a: Bronzong|Night Shade|p1a: Keep Trying.
|-damage|p1a: Keep Trying.|31/100
|
|-damage|p2a: Bronzong|59/100|[from] move: Infestation|[partiallytrapped]
|upkeep
|turn|94
|
|t:|1776289273
|move|p1a: Keep Trying.|Recover|p1a: Keep Trying.
|-heal|p1a: Keep Trying.|81/100
|move|p2a: Bronzong|Skill Swap|p1a: Keep Trying.
|-activate|p2a: Bronzong|Skill Swap|Regenerator|Levitate|[of] p1a: Keep Trying.
|
|-damage|p2a: Bronzong|47/100|[from] move: Infestation|[partiallytrapped]
|upkeep
|turn|95
|
|t:|1776289279
|move|p1a: Keep Trying.|Infestation|p2a: Bronzong
|-damage|p2a: Bronzong|45/100
|move|p2a: Bronzong|Night Shade|p1a: Keep Trying.
|-damage|p1a: Keep Trying.|48/100
|
|-damage|p2a: Bronzong|32/100|[from] move: Infestation|[partiallytrapped]
|upkeep
|turn|96
|
|t:|1776289286
|move|p1a: Keep Trying.|Recover|p1a: Keep Trying.
|-heal|p1a: Keep Trying.|98/100
|move|p2a: Bronzong|Night Shade|p1a: Keep Trying.
|-damage|p1a: Keep Trying.|65/100
|
|-damage|p2a: Bronzong|20/100|[from] move: Infestation|[partiallytrapped]
|upkeep
|turn|97
|
|t:|1776289293
|move|p1a: Keep Trying.|Baneful Bunker|p1a: Keep Trying.
|-singleturn|p1a: Keep Trying.|move: Protect
|move|p2a: Bronzong|Night Shade|p1a: Keep Trying.
|-activate|p1a: Keep Trying.|move: Protect
|
|-end|p2a: Bronzong|Infestation|[partiallytrapped]
|upkeep
|turn|98
|
|t:|1776289297
|move|p2a: Bronzong|Protect|p2a: Bronzong
|-singleturn|p2a: Bronzong|Protect
|move|p1a: Keep Trying.|Infestation|p2a: Bronzong
|-activate|p2a: Bronzong|move: Protect
|
|upkeep
|turn|99
|
|t:|1776289303
|switch|p2a: Gliscor|Gliscor, M|100/100 tox
|-damage|p2a: Gliscor|88/100 tox|[from] Stealth Rock
|move|p1a: Keep Trying.|Infestation|p2a: Gliscor
|-resisted|p2a: Gliscor
|-damage|p2a: Gliscor|87/100 tox
|-activate|p2a: Gliscor|move: Infestation|[of] p1a: Keep Trying.
|
|-heal|p2a: Gliscor|99/100 tox|[from] ability: Poison Heal
|-damage|p2a: Gliscor|87/100 tox|[from] move: Infestation|[partiallytrapped]
|upkeep
|turn|100
|
|t:|1776289308
|switch|p1a: Let's Try.|Gliscor, F, shiny|100/100 tox
|-damage|p1a: Let's Try.|88/100 tox|[from] Stealth Rock
|move|p2a: Gliscor|Protect||[still]
|-fail|p2a: Gliscor
|
|-heal|p2a: Gliscor|99/100 tox|[from] ability: Poison Heal
|-heal|p1a: Let's Try.|100/100 tox|[from] ability: Poison Heal
|-end|p2a: Gliscor|Infestation|[partiallytrapped]|[silent]
|upkeep
|turn|101
|
|t:|1776289320
|move|p2a: Gliscor|Knock Off|p1a: Let's Try.
|-damage|p1a: Let's Try.|92/100 tox
|move|p1a: Let's Try.|Knock Off|p2a: Gliscor
|-damage|p2a: Gliscor|91/100 tox
|
|-heal|p2a: Gliscor|100/100 tox|[from] ability: Poison Heal
|-heal|p1a: Let's Try.|100/100 tox|[from] ability: Poison Heal
|upkeep
|turn|102
|
|t:|1776289327
|move|p1a: Let's Try.|Protect|p1a: Let's Try.
|-singleturn|p1a: Let's Try.|Protect
|move|p2a: Gliscor|Toxic|p1a: Let's Try.
|-activate|p1a: Let's Try.|move: Protect
|
|upkeep
|turn|103
|
|t:|1776289332
|move|p2a: Gliscor|Toxic|p1a: Let's Try.
|-fail|p1a: Let's Try.|tox
|move|p1a: Let's Try.|Knock Off|p2a: Gliscor
|-crit|p2a: Gliscor
|-damage|p2a: Gliscor|88/100 tox
|
|-heal|p2a: Gliscor|99/100 tox|[from] ability: Poison Heal
|upkeep
|turn|104
|
|t:|1776289336
|move|p2a: Gliscor|Protect|p2a: Gliscor
|-singleturn|p2a: Gliscor|Protect
|move|p1a: Let's Try.|Knock Off|p2a: Gliscor
|-activate|p2a: Gliscor|move: Protect
|
|-heal|p2a: Gliscor|100/100 tox|[from] ability: Poison Heal
|upkeep
|turn|105
|
|t:|1776289338
|move|p2a: Gliscor|Toxic|p1a: Let's Try.
|-fail|p1a: Let's Try.|tox
|move|p1a: Let's Try.|Knock Off|p2a: Gliscor
|-damage|p2a: Gliscor|91/100 tox
|
|-heal|p2a: Gliscor|100/100 tox|[from] ability: Poison Heal
|upkeep
|turn|106
|
|t:|1776289342
|switch|p1a: Keep Trying.|Toxapex, F|65/100
|-damage|p1a: Keep Trying.|40/100|[from] Spikes
|-damage|p1a: Keep Trying.|28/100|[from] Stealth Rock
|move|p2a: Gliscor|Protect||[still]
|-fail|p2a: Gliscor
|
|upkeep
|turn|107
|
|t:|1776289351
|move|p2a: Gliscor|Knock Off|p1a: Keep Trying.
|-damage|p1a: Keep Trying.|18/100
|move|p1a: Keep Trying.|Recover|p1a: Keep Trying.
|-heal|p1a: Keep Trying.|68/100
|
|upkeep
|turn|108
|
|t:|1776289358
|switch|p2a: Amoonguss|Amoonguss, M|100/100
|move|p1a: Keep Trying.|Infestation|p2a: Amoonguss
|-damage|p2a: Amoonguss|97/100
|-activate|p2a: Amoonguss|move: Infestation|[of] p1a: Keep Trying.
|
|-damage|p2a: Amoonguss|85/100|[from] move: Infestation|[partiallytrapped]
|upkeep
|turn|109
|
|t:|1776289366
|move|p1a: Keep Trying.|Baneful Bunker|p1a: Keep Trying.
|-singleturn|p1a: Keep Trying.|move: Protect
|move|p2a: Amoonguss|Giga Drain|p1a: Keep Trying.
|-activate|p1a: Keep Trying.|move: Protect
|
|-damage|p2a: Amoonguss|72/100|[from] move: Infestation|[partiallytrapped]
|upkeep
|turn|110
|
|t:|1776289374
|switch|p1a: Still Trying?|Blissey, F, shiny|100/100
|move|p2a: Amoonguss|Giga Drain|p1a: Still Trying?
|-damage|p1a: Still Trying?|94/100
|-heal|p2a: Amoonguss|77/100|[from] drain|[of] p1a: Still Trying?
|
|-end|p2a: Amoonguss|Infestation|[partiallytrapped]|[silent]
|upkeep
|turn|111
|
|t:|1776289382
|switch|p2a: Dondozo|Dondozo, M|100/100
|move|p1a: Still Trying?|Seismic Toss|p2a: Dondozo
|-damage|p2a: Dondozo|81/100
|
|upkeep
|turn|112
|
|t:|1776289389
|switch|p1a: Try Harder.|Alomomola, F, shiny|100/100
|move|p2a: Dondozo|Waterfall|p1a: Try Harder.
|-resisted|p1a: Try Harder.
|-damage|p1a: Try Harder.|92/100
|
|upkeep
|turn|113
|
|t:|1776289396
|move|p1a: Try Harder.|Scald|p2a: Dondozo
|-resisted|p2a: Dondozo
|-damage|p2a: Dondozo|74/100
|move|p2a: Dondozo|Body Press|p1a: Try Harder.
|-damage|p1a: Try Harder.|75/100
|
|upkeep
|turn|114
|
|t:|1776289412
|move|p1a: Try Harder.|Scald|p2a: Dondozo
|-resisted|p2a: Dondozo
|-damage|p2a: Dondozo|68/100
|move|p2a: Dondozo|Waterfall|p1a: Try Harder.
|-resisted|p1a: Try Harder.
|-damage|p1a: Try Harder.|66/100
|
|upkeep
|turn|115
|
|t:|1776289426
|switch|p2a: Bronzong|Bronzong|53/100
|-damage|p2a: Bronzong|47/100|[from] Stealth Rock
|move|p1a: Try Harder.|Flip Turn|p2a: Bronzong
|-damage|p2a: Bronzong|32/100
|
|t:|1776289437
|switch|p1a: Still Trying?|Blissey, F, shiny|94/100|[from] Flip Turn
|
|upkeep
|turn|116
|
|t:|1776289445
|move|p2a: Bronzong|Protect|p2a: Bronzong
|-singleturn|p2a: Bronzong|Protect
|move|p1a: Still Trying?|Seismic Toss|p2a: Bronzong
|-activate|p2a: Bronzong|move: Protect
|
|upkeep
|turn|117
|
|t:|1776289450
|switch|p2a: Gliscor|Gliscor, M|100/100 tox
|-damage|p2a: Gliscor|88/100 tox|[from] Stealth Rock
|move|p1a: Still Trying?|Seismic Toss|p2a: Gliscor
|-damage|p2a: Gliscor|60/100 tox
|
|-heal|p2a: Gliscor|72/100 tox|[from] ability: Poison Heal
|upkeep
|turn|118
|
|t:|1776289456
|switch|p1a: Let's Try.|Gliscor, F, shiny|100/100 tox
|-damage|p1a: Let's Try.|88/100 tox|[from] Stealth Rock
|move|p2a: Gliscor|Knock Off|p1a: Let's Try.
|-damage|p1a: Let's Try.|80/100 tox
|
|-heal|p2a: Gliscor|85/100 tox|[from] ability: Poison Heal
|-heal|p1a: Let's Try.|93/100 tox|[from] ability: Poison Heal
|upkeep
|turn|119
|
|t:|1776289462
|switch|p1a: Keep Trying.|Toxapex, F|100/100
|-damage|p1a: Keep Trying.|76/100|[from] Spikes
|-damage|p1a: Keep Trying.|64/100|[from] Stealth Rock
|move|p2a: Gliscor|Toxic|p1a: Keep Trying.
|-immune|p1a: Keep Trying.
|
|-heal|p2a: Gliscor|97/100 tox|[from] ability: Poison Heal
|upkeep
|turn|120
|
|t:|1776289470
|switch|p2a: Amoonguss|Amoonguss, M|100/100
|switch|p1a: Let's Try.|Gliscor, F, shiny|93/100 tox
|-damage|p1a: Let's Try.|80/100 tox|[from] Stealth Rock
|
|-heal|p1a: Let's Try.|93/100 tox|[from] ability: Poison Heal
|upkeep
|turn|121
|
|t:|1776289476
|switch|p2a: Gliscor|Gliscor, M|97/100 tox
|-damage|p2a: Gliscor|85/100 tox|[from] Stealth Rock
|move|p1a: Let's Try.|Knock Off|p2a: Gliscor
|-damage|p2a: Gliscor|76/100 tox
|
|-heal|p2a: Gliscor|89/100 tox|[from] ability: Poison Heal
|-heal|p1a: Let's Try.|100/100 tox|[from] ability: Poison Heal
|upkeep
|turn|122
|
|t:|1776289481
|move|p2a: Gliscor|Toxic|p1a: Let's Try.|[miss]
|-miss|p2a: Gliscor|p1a: Let's Try.
|move|p1a: Let's Try.|Knock Off|p2a: Gliscor
|-damage|p2a: Gliscor|79/100 tox
|
|-heal|p2a: Gliscor|92/100 tox|[from] ability: Poison Heal
|upkeep
|turn|123
|
|t:|1776289485
|switch|p1a: Keep Trying.|Toxapex, F|97/100
|-damage|p1a: Keep Trying.|72/100|[from] Spikes
|-damage|p1a: Keep Trying.|60/100|[from] Stealth Rock
|move|p2a: Gliscor|Toxic|p1a: Keep Trying.
|-immune|p1a: Keep Trying.
|
|-heal|p2a: Gliscor|100/100 tox|[from] ability: Poison Heal
|upkeep
|turn|124
|
|t:|1776289493
|switch|p2a: Clodsire|Clodsire, M|87/100
|switch|p1a: Let's Try.|Gliscor, F, shiny|100/100 tox
|-damage|p1a: Let's Try.|88/100 tox|[from] Stealth Rock
|
|-heal|p1a: Let's Try.|100/100 tox|[from] ability: Poison Heal
|upkeep
|turn|125
|
|t:|1776289497
|switch|p2a: Gliscor|Gliscor, M|100/100 tox
|-damage|p2a: Gliscor|88/100 tox|[from] Stealth Rock
|move|p1a: Let's Try.|Knock Off|p2a: Gliscor
|-damage|p2a: Gliscor|80/100 tox
|
|-heal|p2a: Gliscor|92/100 tox|[from] ability: Poison Heal
|upkeep
|turn|126
|
|t:|1776289505
|switch|p2a: Amoonguss|Amoonguss, M|100/100
|move|p1a: Let's Try.|Knock Off|p2a: Amoonguss
|-damage|p2a: Amoonguss|84/100
|-enditem|p2a: Amoonguss|Heavy-Duty Boots|[from] move: Knock Off|[of] p1a: Let's Try.
|
|upkeep
|turn|127
|
|t:|1776289510
|switch|p1a: Still Trying?|Blissey, F, shiny|94/100
|move|p2a: Amoonguss|Giga Drain|p1a: Still Trying?
|-damage|p1a: Still Trying?|87/100
|-heal|p2a: Amoonguss|89/100|[from] drain|[of] p1a: Still Trying?
|
|upkeep
|turn|128
|
|t:|1776289514
|move|p1a: Still Trying?|Stealth Rock||[still]
|-fail|p1a: Still Trying?
|move|p2a: Amoonguss|Foul Play|p1a: Still Trying?
|-damage|p1a: Still Trying?|85/100
|
|upkeep
|turn|129
|
|t:|1776289520
|move|p1a: Still Trying?|Stealth Rock||[still]
|-fail|p1a: Still Trying?
|move|p2a: Amoonguss|Clear Smog|p1a: Still Trying?
|-damage|p1a: Still Trying?|80/100
|-clearboost|p1a: Still Trying?
|
|upkeep
|turn|130
|
|t:|1776289523
|switch|p2a: Dondozo|Dondozo, M|68/100
|move|p1a: Still Trying?|Stealth Rock||[still]
|-fail|p1a: Still Trying?
|
|upkeep
|turn|131
|
|t:|1776289527
|switch|p1a: Try Harder.|Alomomola, F, shiny|99/100
|move|p2a: Dondozo|Waterfall|p1a: Try Harder.
|-resisted|p1a: Try Harder.
|-damage|p1a: Try Harder.|92/100
|
|upkeep
|turn|132
|
|t:|1776289535
|switch|p2a: Amoonguss|Amoonguss, M|100/100
|-damage|p2a: Amoonguss|75/100|[from] Spikes
|-damage|p2a: Amoonguss|63/100|[from] Stealth Rock
|move|p1a: Try Harder.|Flip Turn|p2a: Amoonguss
|-resisted|p2a: Amoonguss
|-damage|p2a: Amoonguss|57/100
|
|t:|1776289549
|switch|p1a: Still Trying?|Blissey, F, shiny|80/100|[from] Flip Turn
|
|upkeep
|turn|133
|
|t:|1776289557
|move|p1a: Still Trying?|Seismic Toss|p2a: Amoonguss
|-damage|p2a: Amoonguss|34/100
|move|p2a: Amoonguss|Giga Drain|p1a: Still Trying?
|-damage|p1a: Still Trying?|72/100
|-heal|p2a: Amoonguss|40/100|[from] drain|[of] p1a: Still Trying?
|
|upkeep
|turn|134
|
|t:|1776289566
|move|p1a: Still Trying?|Seismic Toss|p2a: Amoonguss
|-damage|p2a: Amoonguss|17/100
|move|p2a: Amoonguss|Synthesis|p2a: Amoonguss
|-heal|p2a: Amoonguss|67/100
|
|upkeep
|turn|135
|
|t:|1776289572
|switch|p2a: Dondozo|Dondozo, M|68/100
|move|p1a: Still Trying?|Seismic Toss|p2a: Dondozo
|-damage|p2a: Dondozo|49/100
|
|upkeep
|turn|136
|
|t:|1776289580
|switch|p1a: Try Harder.|Alomomola, F, shiny|100/100
|switch|p2a: Gliscor|Gliscor, M|92/100 tox
|-damage|p2a: Gliscor|80/100 tox|[from] Stealth Rock
|
|-heal|p2a: Gliscor|92/100 tox|[from] ability: Poison Heal
|upkeep
|turn|137
|
|t:|1776289587
|switch|p1a: Let's Try.|Gliscor, F, shiny|100/100 tox
|-damage|p1a: Let's Try.|88/100 tox|[from] Stealth Rock
|move|p2a: Gliscor|Knock Off|p1a: Let's Try.
|-damage|p1a: Let's Try.|80/100 tox
|
|-heal|p2a: Gliscor|100/100 tox|[from] ability: Poison Heal
|-heal|p1a: Let's Try.|92/100 tox|[from] ability: Poison Heal
|upkeep
|turn|138
|
|t:|1776289594
|switch|p1a: Keep Trying.|Toxapex, F|93/100
|-damage|p1a: Keep Trying.|68/100|[from] Spikes
|-damage|p1a: Keep Trying.|56/100|[from] Stealth Rock
|move|p2a: Gliscor|Toxic|p1a: Keep Trying.
|-immune|p1a: Keep Trying.
|
|upkeep
|turn|139
|-message|kkekrez forfeited.
|
|win|StallMyWayTo1700s
|raw|StallMyWayTo1700s's rating: 1405 &rarr; <strong>1429</strong><br />(+24 for winning)
|raw|kkekrez's rating: 1468 &rarr; <strong>1444</strong><br />(-24 for losing)
|l|☆kkekrez
|player|p2|
