|html|<div class="broadcast-blue"><strong>[Gen 9] OU is currently suspecting Tera Blast! For information on how to participate check out the <a href="https://www.smogon.com/tools/suspects/view/200">suspect thread</a>.</strong></div>
|j|☆one_angry_jew
|j|☆Blastoise_Choice
|t:|1776069682
|gametype|singles
|player|p1|one_angry_jew|101|1435
|player|p2|Blastoise_Choice|benga|1505
|gen|9
|tier|[Gen 9] OU
|rated|
|rule|HP Percentage Mod: HP is shown in percentages
|rule|Endless Battle Clause: Forcing endless battles is banned
|rule|Species Clause: Limit one of each Pokémon
|rule|OHKO Clause: OHKO moves are banned
|rule|Evasion Items Clause: Evasion items are banned
|rule|Evasion Moves Clause: Evasion moves are banned
|rule|Evasion Abilities Clause: Evasion abilities are banned
|rule|Sleep Moves Clause: Sleep-inducing moves are banned
|clearpoke
|poke|p1|Jolteon, F|
|poke|p1|Espeon, M|
|poke|p1|Glaceon, M|
|poke|p1|Vaporeon, F|
|poke|p1|Sylveon, M|
|poke|p1|Umbreon, M|
|poke|p2|Garganacl, F|
|poke|p2|Darkrai|
|poke|p2|Great Tusk|
|poke|p2|Hatterene, F|
|poke|p2|Tornadus-Therian, M|
|poke|p2|Dragonite, M|
|teampreview
|c|☆Blastoise_Choice|hf
|inactive|Battle timer is ON: inactive players will automatically lose when time's up. (requested by Blastoise_Choice)
|
|t:|1776069695
|teamsize|p1|6
|teamsize|p2|6
|start
|switch|p1a: Vaporeon|Vaporeon, F|100/100
|switch|p2a: Darkrai|Darkrai|100/100
|turn|1
|
|t:|1776069702
|move|p2a: Darkrai|Dark Pulse|p1a: Vaporeon
|-damage|p1a: Vaporeon|49/100
|move|p1a: Vaporeon|Alluring Voice|p2a: Darkrai
|-supereffective|p2a: Darkrai
|-damage|p2a: Darkrai|0 fnt
|faint|p2a: Darkrai
|
|upkeep
|
|t:|1776069710
|switch|p2a: Great Tusk|Great Tusk|100/100
|-enditem|p2a: Great Tusk|Booster Energy
|-activate|p2a: Great Tusk|ability: Protosynthesis|[fromitem]
|-start|p2a: Great Tusk|protosynthesisatk
|turn|2
|
|t:|1776069716
|switch|p1a: Glaceon|Glaceon, M|100/100
|move|p2a: Great Tusk|Headlong Rush|p1a: Glaceon
|-damage|p1a: Glaceon|21/100
|-unboost|p2a: Great Tusk|def|1
|-unboost|p2a: Great Tusk|spd|1
|-damage|p2a: Great Tusk|84/100|[from] item: Rocky Helmet|[of] p1a: Glaceon
|
|upkeep
|turn|3
|
|t:|1776069723
|move|p1a: Glaceon|Endure|p1a: Glaceon
|-singleturn|p1a: Glaceon|move: Endure
|move|p2a: Great Tusk|Rapid Spin|p1a: Glaceon
|-activate|p1a: Glaceon|move: Endure
|-damage|p1a: Glaceon|1/100
|-boost|p2a: Great Tusk|spe|1
|-damage|p2a: Great Tusk|68/100|[from] item: Rocky Helmet|[of] p1a: Glaceon
|
|upkeep
|turn|4
|
|t:|1776069730
|move|p1a: Glaceon|Ice Shard|p2a: Great Tusk
|-supereffective|p2a: Great Tusk
|-damage|p2a: Great Tusk|49/100
|move|p2a: Great Tusk|Rapid Spin|p1a: Glaceon
|-damage|p1a: Glaceon|0 fnt
|-boost|p2a: Great Tusk|spe|1
|-damage|p2a: Great Tusk|33/100|[from] item: Rocky Helmet|[of] p1a: Glaceon
|faint|p1a: Glaceon
|
|upkeep
|inactive|one_angry_jew has 120 seconds left.
|
|t:|1776069771
|switch|p1a: Espeon|Espeon, M|100/100
|turn|5
|
|t:|1776069777
|move|p2a: Great Tusk|Headlong Rush|p1a: Espeon
|-damage|p1a: Espeon|0 fnt
|-unboost|p2a: Great Tusk|def|1
|-unboost|p2a: Great Tusk|spd|1
|faint|p1a: Espeon
|
|upkeep
|
|t:|1776069781
|switch|p1a: Sylveon|Sylveon, M|100/100
|turn|6
|
|t:|1776069787
|move|p1a: Sylveon|Quick Attack|p2a: Great Tusk
|-supereffective|p2a: Great Tusk
|-damage|p2a: Great Tusk|0 fnt
|faint|p2a: Great Tusk
|-end|p2a: Great Tusk|Protosynthesis|[silent]
|
|upkeep
|
|t:|1776069795
|switch|p2a: Garganacl|Garganacl, F|100/100
|turn|7
|
|t:|1776069801
|move|p1a: Sylveon|Hyper Voice|p2a: Garganacl
|-damage|p2a: Garganacl|62/100
|move|p2a: Garganacl|Salt Cure|p1a: Sylveon
|-damage|p1a: Sylveon|84/100
|-start|p1a: Sylveon|Salt Cure
|
|-heal|p2a: Garganacl|68/100|[from] item: Leftovers
|-damage|p1a: Sylveon|72/100|[from] Salt Cure
|upkeep
|turn|8
|
|t:|1776069808
|switch|p1a: Vaporeon|Vaporeon, F|49/100
|move|p2a: Garganacl|Stealth Rock|p1a: Vaporeon
|-sidestart|p1: one_angry_jew|move: Stealth Rock
|
|-heal|p2a: Garganacl|74/100|[from] item: Leftovers
|upkeep
|turn|9
|
|t:|1776069814
|-terastallize|p2a: Garganacl|Water
|move|p1a: Vaporeon|Scald|p2a: Garganacl
|-resisted|p2a: Garganacl
|-damage|p2a: Garganacl|54/100
|move|p2a: Garganacl|Salt Cure|p1a: Vaporeon
|-damage|p1a: Vaporeon|35/100
|-start|p1a: Vaporeon|Salt Cure
|
|-heal|p2a: Garganacl|60/100|[from] item: Leftovers
|-damage|p1a: Vaporeon|10/100|[from] Salt Cure
|upkeep
|turn|10
|
|t:|1776069821
|move|p1a: Vaporeon|Scald|p2a: Garganacl
|-resisted|p2a: Garganacl
|-damage|p2a: Garganacl|40/100
|move|p2a: Garganacl|Recover|p2a: Garganacl
|-heal|p2a: Garganacl|90/100
|
|-heal|p2a: Garganacl|96/100|[from] item: Leftovers
|-damage|p1a: Vaporeon|0 fnt|[from] Salt Cure
|faint|p1a: Vaporeon
|upkeep
|
|t:|1776069824
|switch|p1a: Jolteon|Jolteon, F|100/100
|-damage|p1a: Jolteon|88/100|[from] Stealth Rock
|turn|11
|
|t:|1776069830
|move|p1a: Jolteon|Thunderbolt|p2a: Garganacl
|-supereffective|p2a: Garganacl
|-damage|p2a: Garganacl|14/100
|move|p2a: Garganacl|Salt Cure|p1a: Jolteon
|-damage|p1a: Jolteon|60/100
|-start|p1a: Jolteon|Salt Cure
|
|-heal|p2a: Garganacl|20/100|[from] item: Leftovers
|-damage|p1a: Jolteon|48/100|[from] Salt Cure
|upkeep
|turn|12
|
|t:|1776069842
|move|p2a: Garganacl|Protect|p2a: Garganacl
|-singleturn|p2a: Garganacl|Protect
|move|p1a: Jolteon|Thunderbolt|p2a: Garganacl
|-activate|p2a: Garganacl|move: Protect
|
|-heal|p2a: Garganacl|26/100|[from] item: Leftovers
|-damage|p1a: Jolteon|35/100|[from] Salt Cure
|upkeep
|turn|13
|
|t:|1776069849
|switch|p1a: Sylveon|Sylveon, M|72/100
|-damage|p1a: Sylveon|59/100|[from] Stealth Rock
|switch|p2a: Dragonite|Dragonite, M|100/100
|
|upkeep
|turn|14
|
|t:|1776069855
|move|p2a: Dragonite|Earthquake|p1a: Sylveon
|-damage|p1a: Sylveon|13/100
|move|p1a: Sylveon|Hyper Voice|p2a: Dragonite
|-supereffective|p2a: Dragonite
|-damage|p2a: Dragonite|45/100
|
|upkeep
|turn|15
|
|t:|1776069862
|move|p2a: Dragonite|Extreme Speed|p1a: Sylveon
|-damage|p1a: Sylveon|0 fnt
|faint|p1a: Sylveon
|
|upkeep
|
|t:|1776069864
|switch|p1a: Umbreon|Umbreon, M|100/100
|-damage|p1a: Umbreon|88/100|[from] Stealth Rock
|turn|16
|
|t:|1776069872
|switch|p2a: Hatterene|Hatterene, F|100/100
|move|p1a: Umbreon|Foul Play|p2a: Hatterene
|-damage|p2a: Hatterene|75/100
|-damage|p1a: Umbreon|72/100|[from] item: Rocky Helmet|[of] p2a: Hatterene
|
|-heal|p1a: Umbreon|78/100|[from] item: Leftovers
|upkeep
|turn|17
|
|t:|1776069879
|move|p1a: Umbreon|Wish|p1a: Umbreon
|move|p2a: Hatterene|Dazzling Gleam|p1a: Umbreon
|-supereffective|p1a: Umbreon
|-damage|p1a: Umbreon|29/100
|
|-heal|p1a: Umbreon|35/100|[from] item: Leftovers
|upkeep
|turn|18
|
|t:|1776069887
|move|p1a: Umbreon|Protect|p1a: Umbreon
|-singleturn|p1a: Umbreon|Protect
|move|p2a: Hatterene|Dazzling Gleam|p1a: Umbreon
|-activate|p1a: Umbreon|move: Protect
|
|-heal|p1a: Umbreon|85/100|[from] move: Wish|[wisher] Umbreon
|-heal|p1a: Umbreon|91/100|[from] item: Leftovers
|upkeep
|turn|19
|
|t:|1776069892
|move|p1a: Umbreon|Wish|p1a: Umbreon
|move|p2a: Hatterene|Dazzling Gleam|p1a: Umbreon
|-supereffective|p1a: Umbreon
|-damage|p1a: Umbreon|45/100
|
|-heal|p1a: Umbreon|51/100|[from] item: Leftovers
|upkeep
|turn|20
|
|t:|1776069900
|move|p1a: Umbreon|Protect|p1a: Umbreon
|-singleturn|p1a: Umbreon|Protect
|move|p2a: Hatterene|Dazzling Gleam|p1a: Umbreon
|-activate|p1a: Umbreon|move: Protect
|
|-heal|p1a: Umbreon|100/100|[from] move: Wish|[wisher] Umbreon
|upkeep
|turn|21
|
|t:|1776069903
|move|p1a: Umbreon|Wish|p1a: Umbreon
|move|p2a: Hatterene|Dazzling Gleam|p1a: Umbreon
|-supereffective|p1a: Umbreon
|-damage|p1a: Umbreon|46/100
|
|-heal|p1a: Umbreon|52/100|[from] item: Leftovers
|upkeep
|turn|22
|
|t:|1776069908
|move|p1a: Umbreon|Protect|p1a: Umbreon
|-singleturn|p1a: Umbreon|Protect
|move|p2a: Hatterene|Dazzling Gleam|p1a: Umbreon
|-activate|p1a: Umbreon|move: Protect
|
|-heal|p1a: Umbreon|100/100|[from] move: Wish|[wisher] Umbreon
|upkeep
|turn|23
|
|t:|1776069912
|move|p1a: Umbreon|Wish|p1a: Umbreon
|move|p2a: Hatterene|Dazzling Gleam|p1a: Umbreon
|-supereffective|p1a: Umbreon
|-damage|p1a: Umbreon|51/100
|
|-heal|p1a: Umbreon|57/100|[from] item: Leftovers
|upkeep
|turn|24
|
|t:|1776069917
|move|p1a: Umbreon|Protect|p1a: Umbreon
|-singleturn|p1a: Umbreon|Protect
|move|p2a: Hatterene|Dazzling Gleam|p1a: Umbreon
|-activate|p1a: Umbreon|move: Protect
|
|-heal|p1a: Umbreon|100/100|[from] move: Wish|[wisher] Umbreon
|upkeep
|turn|25
|
|t:|1776069920
|move|p1a: Umbreon|Wish|p1a: Umbreon
|move|p2a: Hatterene|Dazzling Gleam|p1a: Umbreon
|-supereffective|p1a: Umbreon
|-damage|p1a: Umbreon|47/100
|
|-heal|p1a: Umbreon|53/100|[from] item: Leftovers
|upkeep
|turn|26
|
|t:|1776069924
|move|p1a: Umbreon|Protect|p1a: Umbreon
|-singleturn|p1a: Umbreon|Protect
|move|p2a: Hatterene|Dazzling Gleam|p1a: Umbreon
|-activate|p1a: Umbreon|move: Protect
|
|-heal|p1a: Umbreon|100/100|[from] move: Wish|[wisher] Umbreon
|upkeep
|turn|27
|
|t:|1776069928
|move|p1a: Umbreon|Wish|p1a: Umbreon
|move|p2a: Hatterene|Dazzling Gleam|p1a: Umbreon
|-supereffective|p1a: Umbreon
|-damage|p1a: Umbreon|49/100
|
|-heal|p1a: Umbreon|55/100|[from] item: Leftovers
|upkeep
|turn|28
|
|t:|1776069932
|move|p1a: Umbreon|Protect|p1a: Umbreon
|-singleturn|p1a: Umbreon|Protect
|move|p2a: Hatterene|Dazzling Gleam|p1a: Umbreon
|-activate|p1a: Umbreon|move: Protect
|
|-heal|p1a: Umbreon|100/100|[from] move: Wish|[wisher] Umbreon
|upkeep
|turn|29
|
|t:|1776069935
|move|p1a: Umbreon|Wish|p1a: Umbreon
|move|p2a: Hatterene|Dazzling Gleam|p1a: Umbreon
|-supereffective|p1a: Umbreon
|-damage|p1a: Umbreon|47/100
|
|-heal|p1a: Umbreon|53/100|[from] item: Leftovers
|upkeep
|turn|30
|
|t:|1776069939
|move|p1a: Umbreon|Protect|p1a: Umbreon
|-singleturn|p1a: Umbreon|Protect
|move|p2a: Hatterene|Dazzling Gleam|p1a: Umbreon
|-activate|p1a: Umbreon|move: Protect
|
|-heal|p1a: Umbreon|100/100|[from] move: Wish|[wisher] Umbreon
|upkeep
|turn|31
|
|t:|1776069943
|move|p1a: Umbreon|Wish|p1a: Umbreon
|move|p2a: Hatterene|Dazzling Gleam|p1a: Umbreon
|-supereffective|p1a: Umbreon
|-damage|p1a: Umbreon|53/100
|
|-heal|p1a: Umbreon|59/100|[from] item: Leftovers
|upkeep
|turn|32
|
|t:|1776069947
|move|p1a: Umbreon|Protect|p1a: Umbreon
|-singleturn|p1a: Umbreon|Protect
|move|p2a: Hatterene|Future Sight|p1a: Umbreon
|-start|p2a: Hatterene|move: Future Sight
|
|-heal|p1a: Umbreon|100/100|[from] move: Wish|[wisher] Umbreon
|upkeep
|turn|33
|
|t:|1776069952
|move|p1a: Umbreon|Wish|p1a: Umbreon
|move|p2a: Hatterene|Nuzzle|p1a: Umbreon
|-damage|p1a: Umbreon|98/100
|-status|p1a: Umbreon|par
|-activate|p1a: Umbreon|ability: Synchronize
|-status|p2a: Hatterene|par
|
|-heal|p1a: Umbreon|100/100 par|[from] item: Leftovers
|upkeep
|turn|34
|c|☆one_angry_jew|YOU HAD THAT ALL ALONG
|c|☆one_angry_jew|jeez
|
|t:|1776069968
|move|p1a: Umbreon|Foul Play|p2a: Hatterene
|-damage|p2a: Hatterene|52/100 par
|-damage|p1a: Umbreon|84/100 par|[from] item: Rocky Helmet|[of] p2a: Hatterene
|move|p2a: Hatterene|Pain Split|p1a: Umbreon
|-sethp|p1a: Umbreon|63/100 par|[from] move: Pain Split|[silent]
|-sethp|p2a: Hatterene|78/100 par|[from] move: Pain Split
|
|-end|p1a: Umbreon|move: Future Sight
|-immune|p1a: Umbreon
|-heal|p1a: Umbreon|100/100 par|[from] move: Wish|[wisher] Umbreon
|upkeep
|turn|35
|
|t:|1776069978
|switch|p2a: Tornadus|Tornadus-Therian, M, shiny|100/100
|move|p1a: Umbreon|Foul Play|p2a: Tornadus
|-damage|p2a: Tornadus|69/100
|
|upkeep
|turn|36
|
|t:|1776069982
|move|p2a: Tornadus|U-turn|p1a: Umbreon
|-supereffective|p1a: Umbreon
|-damage|p1a: Umbreon|84/100 par
|
|t:|1776069986
|switch|p2a: Garganacl|Garganacl, F, tera:Water|26/100|[from] U-turn
|move|p1a: Umbreon|Foul Play|p2a: Garganacl
|-damage|p2a: Garganacl|3/100
|
|-heal|p2a: Garganacl|9/100|[from] item: Leftovers
|-heal|p1a: Umbreon|90/100 par|[from] item: Leftovers
|upkeep
|turn|37
|
|t:|1776069995
|switch|p1a: Jolteon|Jolteon, F|35/100
|-damage|p1a: Jolteon|23/100|[from] Stealth Rock
|move|p2a: Garganacl|Salt Cure|p1a: Jolteon
|-damage|p1a: Jolteon|0 fnt
|faint|p1a: Jolteon
|
|-heal|p2a: Garganacl|16/100|[from] item: Leftovers
|upkeep
|
|t:|1776069997
|switch|p1a: Umbreon|Umbreon, M|90/100 par
|-damage|p1a: Umbreon|77/100 par|[from] Stealth Rock
|turn|38
|-message|one_angry_jew forfeited.
|
|win|Blastoise_Choice
|raw|one_angry_jew's rating: 1435 &rarr; <strong>1419</strong><br />(-16 for losing)
|raw|Blastoise_Choice's rating: 1505 &rarr; <strong>1521</strong><br />(+16 for winning)
|l|☆one_angry_jew
|player|p1|
|c|☆Blastoise_Choice|gg
