|html|<div class="broadcast-blue"><strong>[Gen 9] OU is currently suspecting Tera Blast! For information on how to participate check out the <a href="https://www.smogon.com/tools/suspects/view/200">suspect thread</a>.</strong></div>
|j|☆Redwing99
|j|☆blisteringbigfoot
|t:|1776053291
|gametype|singles
|player|p1|Redwing99|archer|1330
|player|p2|blisteringbigfoot|roxie-masters|1341
|gen|9
|tier|[Gen 9] OU
|rated|
|rule|HP Percentage Mod: HP is shown in percentages
|rule|Endless Battle Clause: Forcing endless battles is banned
|rule|Species Clause: Limit one of each Pokémon
|rule|OHKO Clause: OHKO moves are banned
|rule|Evasion Items Clause: Evasion items are banned
|rule|Evasion Moves Clause: Evasion moves are banned
|rule|Evasion Abilities Clause: Evasion abilities are banned
|rule|Sleep Moves Clause: Sleep-inducing moves are banned
|clearpoke
|poke|p1|Arcanine-Hisui, F|
|poke|p1|Scizor, F|
|poke|p1|Greninja-*, M|
|poke|p1|Sinistcha-Masterpiece|
|poke|p1|Tinkaton, F|
|poke|p1|Landorus-Therian, M|
|poke|p2|Deoxys-Speed|
|poke|p2|Ceruledge, F|
|poke|p2|Zamazenta-*|
|poke|p2|Ogerpon-Wellspring, F|
|poke|p2|Glimmora, F|
|poke|p2|Moltres-Galar|
|teampreview
|j| ohko_smeargle
|inactive|Battle timer is ON: inactive players will automatically lose when time's up. (requested by Redwing99)
|
|t:|1776053337
|teamsize|p1|6
|teamsize|p2|6
|start
|switch|p1a: Scizor|Scizor, F|100/100
|switch|p2a: Deoxys|Deoxys-Speed|100/100
|-ability|p2a: Deoxys|Pressure
|turn|1
|
|t:|1776053342
|move|p2a: Deoxys|Reflect|p2a: Deoxys
|-sidestart|p2: blisteringbigfoot|Reflect
|move|p1a: Scizor|U-turn|p2a: Deoxys
|-supereffective|p2a: Deoxys
|-damage|p2a: Deoxys|51/100
|
|t:|1776053363
|switch|p1a: Greninja|Greninja, M|100/100|[from] U-turn
|
|upkeep
|turn|2
|
|t:|1776053369
|move|p2a: Deoxys|Light Screen|p2a: Deoxys
|-sidestart|p2: blisteringbigfoot|move: Light Screen
|move|p1a: Greninja|Dark Pulse|p2a: Deoxys
|-supereffective|p2a: Deoxys
|-damage|p2a: Deoxys|0 fnt
|faint|p2a: Deoxys
|-ability|p1a: Greninja|Battle Bond|boost
|-boost|p1a: Greninja|atk|1
|-boost|p1a: Greninja|spa|1
|-boost|p1a: Greninja|spe|1
|-activate|p1a: Greninja|ability: Battle Bond
|-damage|p1a: Greninja|91/100|[from] item: Life Orb
|
|upkeep
|
|t:|1776053384
|switch|p2a: Ogerpon|Ogerpon-Wellspring, F|100/100
|turn|3
|
|t:|1776053399
|switch|p1a: Sinistcha|Sinistcha-Masterpiece|100/100
|move|p2a: Ogerpon|Horn Leech|p1a: Sinistcha
|-resisted|p1a: Sinistcha
|-crit|p1a: Sinistcha
|-damage|p1a: Sinistcha|68/100
|
|-heal|p1a: Sinistcha|74/100|[from] item: Leftovers
|upkeep
|turn|4
|
|t:|1776053409
|move|p2a: Ogerpon|Swords Dance|p2a: Ogerpon
|-boost|p2a: Ogerpon|atk|2
|move|p1a: Sinistcha|Strength Sap|p2a: Ogerpon
|-unboost|p2a: Ogerpon|atk|1
|-heal|p1a: Sinistcha|100/100
|
|upkeep
|turn|5
|
|t:|1776053416
|move|p2a: Ogerpon|Swords Dance|p2a: Ogerpon
|-boost|p2a: Ogerpon|atk|2
|move|p1a: Sinistcha|Matcha Gotcha|p2a: Ogerpon
|-damage|p2a: Ogerpon|77/100
|
|upkeep
|turn|6
|inactive|Redwing99 has 120 seconds left.
|inactive|blisteringbigfoot has 120 seconds left.
|
|t:|1776053477
|switch|p1a: Arcanine|Arcanine-Hisui, F, shiny|100/100
|move|p2a: Ogerpon|Ivy Cudgel|p1a: Arcanine|[anim] Ivy Cudgel Water
|-supereffective|p1a: Arcanine
|-damage|p1a: Arcanine|0 fnt
|faint|p1a: Arcanine
|
|upkeep
|
|t:|1776053495
|switch|p1a: Tinkaton|Tinkaton, F|100/100
|-item|p1a: Tinkaton|Air Balloon
|turn|7
|
|t:|1776053509
|move|p2a: Ogerpon|Ivy Cudgel|p1a: Tinkaton|[anim] Ivy Cudgel Water
|-damage|p1a: Tinkaton|0 fnt
|-enditem|p1a: Tinkaton|Air Balloon
|faint|p1a: Tinkaton
|
|upkeep
|
|t:|1776053522
|switch|p1a: Greninja|Greninja, M|91/100
|turn|8
|
|t:|1776053528
|move|p1a: Greninja|Dark Pulse|p2a: Ogerpon
|-crit|p2a: Ogerpon
|-damage|p2a: Ogerpon|1/100
|-damage|p1a: Greninja|81/100|[from] item: Life Orb
|move|p2a: Ogerpon|Horn Leech|p1a: Greninja
|-supereffective|p1a: Greninja
|-damage|p1a: Greninja|0 fnt
|-heal|p2a: Ogerpon|40/100|[from] drain|[of] p1a: Greninja
|faint|p1a: Greninja
|
|-sideend|p2: blisteringbigfoot|Reflect
|upkeep
|
|t:|1776053536
|switch|p1a: Landorus|Landorus-Therian, M, shiny|100/100
|-ability|p1a: Landorus|Intimidate|boost
|-unboost|p2a: Ogerpon|atk|1
|turn|9
|
|t:|1776053554
|-terastallize|p1a: Landorus|Flying
|move|p1a: Landorus|Tera Blast|p2a: Ogerpon|[anim] Tera Blast Flying
|-supereffective|p2a: Ogerpon
|-damage|p2a: Ogerpon|0 fnt
|faint|p2a: Ogerpon
|
|-sideend|p2: blisteringbigfoot|move: Light Screen
|upkeep
|
|t:|1776053567
|switch|p2a: Glimmora|Glimmora, F|100/100
|turn|10
|
|t:|1776053571
|switch|p1a: Scizor|Scizor, F|100/100
|move|p2a: Glimmora|Meteor Beam||[still]
|-prepare|p2a: Glimmora|Meteor Beam
|-boost|p2a: Glimmora|spa|1
|-enditem|p2a: Glimmora|Power Herb
|-anim|p2a: Glimmora|Meteor Beam|p1a: Scizor
|-damage|p1a: Scizor|0 fnt
|faint|p1a: Scizor
|
|upkeep
|
|t:|1776053579
|switch|p1a: Landorus|Landorus-Therian, M, shiny, tera:Flying|100/100
|-ability|p1a: Landorus|Intimidate|boost
|-unboost|p2a: Glimmora|atk|1
|turn|11
|
|t:|1776053585
|move|p1a: Landorus|Earthquake|p2a: Glimmora
|-supereffective|p2a: Glimmora
|-damage|p2a: Glimmora|0 fnt
|-activate|p2a: Glimmora|ability: Toxic Debris
|-sidestart|p1: Redwing99|move: Toxic Spikes
|faint|p2a: Glimmora
|
|upkeep
|
|t:|1776053586
|switch|p2a: Moltres|Moltres-Galar|100/100
|turn|12
|
|t:|1776053593
|switch|p1a: Sinistcha|Sinistcha-Masterpiece|100/100
|-status|p1a: Sinistcha|psn
|move|p2a: Moltres|Nasty Plot|p2a: Moltres
|-boost|p2a: Moltres|spa|2
|
|-damage|p1a: Sinistcha|88/100 psn|[from] psn
|upkeep
|turn|13
|
|t:|1776053597
|switch|p1a: Landorus|Landorus-Therian, M, shiny, tera:Flying|100/100
|-ability|p1a: Landorus|Intimidate|boost
|-unboost|p2a: Moltres|atk|1
|move|p2a: Moltres|Fiery Wrath|p1a: Landorus
|-damage|p1a: Landorus|0 fnt
|faint|p1a: Landorus
|
|upkeep
|-message|Redwing99 forfeited.
|
|win|blisteringbigfoot
|raw|Redwing99's rating: 1330 &rarr; <strong>1311</strong><br />(-19 for losing)
|raw|blisteringbigfoot's rating: 1341 &rarr; <strong>1360</strong><br />(+19 for winning)
|l|☆Redwing99
|player|p1|
|l| ohko_smeargle
|l|☆blisteringbigfoot
|player|p2|
