|html|<div class="broadcast-blue"><strong>[Gen 9] OU is currently suspecting Tera Blast! For information on how to participate check out the <a href="https://www.smogon.com/tools/suspects/view/200">suspect thread</a>.</strong></div>
|j|☆Clodsire1258
|j|☆Vitoomanuel
|t:|1776038735
|gametype|singles
|player|p1|Clodsire1258|266|1059
|player|p2|Vitoomanuel|pokekid|1092
|gen|9
|tier|[Gen 9] OU
|rated|
|rule|HP Percentage Mod: HP is shown in percentages
|rule|Endless Battle Clause: Forcing endless battles is banned
|rule|Species Clause: Limit one of each Pokémon
|rule|OHKO Clause: OHKO moves are banned
|rule|Evasion Items Clause: Evasion items are banned
|rule|Evasion Moves Clause: Evasion moves are banned
|rule|Evasion Abilities Clause: Evasion abilities are banned
|rule|Sleep Moves Clause: Sleep-inducing moves are banned
|clearpoke
|poke|p1|Glimmora, M|
|poke|p1|Raging Bolt|
|poke|p1|Garchomp, M|
|poke|p1|Ceruledge, F|
|poke|p1|Arcanine-Hisui, M|
|poke|p1|Skeledirge, M|
|poke|p2|Manaphy|
|poke|p2|Sableye, M|
|poke|p2|Dragonite, F|
|poke|p2|Scizor, M|
|poke|p2|Mew|
|poke|p2|Flareon, F|
|teampreview
|
|t:|1776038741
|teamsize|p1|6
|teamsize|p2|6
|start
|switch|p1a: Glimmora|Glimmora, M|100/100
|switch|p2a: Flareon|Flareon, F|100/100
|turn|1
|
|t:|1776038750
|move|p1a: Glimmora|Toxic|p2a: Flareon
|-status|p2a: Flareon|tox
|move|p2a: Flareon|Trailblaze|p1a: Glimmora
|-damage|p1a: Glimmora|72/100
|-boost|p2a: Flareon|spe|1
|-activate|p1a: Glimmora|ability: Toxic Debris
|-sidestart|p2: Vitoomanuel|move: Toxic Spikes
|
|-heal|p1a: Glimmora|78/100|[from] item: Leftovers
|-damage|p2a: Flareon|95/100 tox|[from] psn
|upkeep
|turn|2
|
|t:|1776038763
|move|p1a: Glimmora|Toxic Spikes|p2a: Flareon
|-sidestart|p2: Vitoomanuel|move: Toxic Spikes
|move|p2a: Flareon|Trailblaze|p1a: Glimmora
|-crit|p1a: Glimmora
|-damage|p1a: Glimmora|34/100
|-boost|p2a: Flareon|spe|1
|
|-heal|p1a: Glimmora|40/100|[from] item: Leftovers
|-damage|p2a: Flareon|83/100 tox|[from] psn
|upkeep
|turn|3
|
|t:|1776038786
|switch|p1a: Ceruledge|Ceruledge, F|100/100
|move|p2a: Flareon|Trailblaze|p1a: Ceruledge
|-resisted|p1a: Ceruledge
|-damage|p1a: Ceruledge|81/100
|-boost|p2a: Flareon|spe|1
|-ability|p1a: Ceruledge|Weak Armor|boost
|-unboost|p1a: Ceruledge|def|1
|-boost|p1a: Ceruledge|spe|2
|
|-damage|p2a: Flareon|65/100 tox|[from] psn
|upkeep
|turn|4
|
|t:|1776038801
|move|p1a: Ceruledge|Swords Dance|p1a: Ceruledge
|-boost|p1a: Ceruledge|atk|2
|move|p2a: Flareon|Flare Blitz|p1a: Ceruledge
|-resisted|p1a: Ceruledge
|-damage|p1a: Ceruledge|0 fnt
|faint|p1a: Ceruledge
|-damage|p2a: Flareon|39/100 tox|[from] Recoil
|
|-damage|p2a: Flareon|15/100 tox|[from] psn
|upkeep
|
|t:|1776038813
|switch|p1a: Raging Bolt|Raging Bolt|100/100
|turn|5
|
|t:|1776038820
|move|p2a: Flareon|Facade|p1a: Raging Bolt
|-damage|p1a: Raging Bolt|37/100
|move|p1a: Raging Bolt|Calm Mind|p1a: Raging Bolt
|-boost|p1a: Raging Bolt|spa|1
|-boost|p1a: Raging Bolt|spd|1
|
|-damage|p2a: Flareon|0 fnt|[from] psn
|faint|p2a: Flareon
|upkeep
|
|t:|1776038827
|switch|p2a: Dragonite|Dragonite, F|100/100
|turn|6
|
|t:|1776038842
|move|p2a: Dragonite|Dragon Dance|p2a: Dragonite
|-boost|p2a: Dragonite|atk|1
|-boost|p2a: Dragonite|spe|1
|move|p1a: Raging Bolt|Thunderbolt|p2a: Dragonite
|-damage|p2a: Dragonite|56/100
|
|-heal|p2a: Dragonite|62/100|[from] item: Leftovers
|upkeep
|turn|7
|
|t:|1776038856
|move|p2a: Dragonite|Outrage|p1a: Raging Bolt
|-supereffective|p1a: Raging Bolt
|-damage|p1a: Raging Bolt|0 fnt
|faint|p1a: Raging Bolt
|-end|p1a: Raging Bolt|Protosynthesis|[silent]
|
|-heal|p2a: Dragonite|68/100|[from] item: Leftovers
|upkeep
|
|t:|1776038868
|switch|p1a: Garchomp|Garchomp, M|100/100
|turn|8
|
|t:|1776038875
|move|p2a: Dragonite|Outrage|p1a: Garchomp|[from] lockedmove
|-supereffective|p1a: Garchomp
|-damage|p1a: Garchomp|0 fnt
|-damage|p2a: Dragonite|56/100|[from] ability: Rough Skin|[of] p1a: Garchomp
|faint|p1a: Garchomp
|
|-heal|p2a: Dragonite|62/100|[from] item: Leftovers
|upkeep
|
|t:|1776038884
|switch|p1a: Arcanine|Arcanine-Hisui, M|100/100
|turn|9
|
|t:|1776038890
|move|p2a: Dragonite|Outrage|p1a: Arcanine|[from] lockedmove
|-damage|p1a: Arcanine|0 fnt
|faint|p1a: Arcanine
|-start|p2a: Dragonite|confusion|[fatigue]
|
|-heal|p2a: Dragonite|68/100|[from] item: Leftovers
|upkeep
|
|t:|1776038898
|switch|p1a: Skeledirge|Skeledirge, M|100/100
|turn|10
|
|t:|1776038904
|-activate|p2a: Dragonite|confusion
|move|p2a: Dragonite|Outrage|p1a: Skeledirge
|-damage|p1a: Skeledirge|0 fnt
|faint|p1a: Skeledirge
|
|-heal|p2a: Dragonite|74/100|[from] item: Leftovers
|upkeep
|
|t:|1776038911
|switch|p1a: Glimmora|Glimmora, M|40/100
|turn|11
|
|t:|1776038919
|-activate|p2a: Dragonite|confusion
|move|p2a: Dragonite|Outrage|p1a: Glimmora|[from] lockedmove
|-damage|p1a: Glimmora|0 fnt
|faint|p1a: Glimmora
|
|win|Vitoomanuel
|raw|Clodsire1258's rating: 1059 &rarr; <strong>1042</strong><br />(-17 for losing)
|raw|Vitoomanuel's rating: 1092 &rarr; <strong>1116</strong><br />(+24 for winning)
|l|☆Vitoomanuel
|player|p2|
|l|☆Clodsire1258
|player|p1|
