|html|<div class="broadcast-blue"><strong>[Gen 9] OU is currently suspecting Tera Blast! For information on how to participate check out the <a href="https://www.smogon.com/tools/suspects/view/200">suspect thread</a>.</strong></div>
|j|☆senseless rain
|j|☆Marnie_ra
|t:|1776134036
|gametype|singles
|player|p1|senseless rain|ingo|1295
|player|p2|Marnie_ra|marnie|1255
|gen|9
|tier|[Gen 9] OU
|rated|
|rule|HP Percentage Mod: HP is shown in percentages
|rule|Endless Battle Clause: Forcing endless battles is banned
|rule|Species Clause: Limit one of each Pokémon
|rule|OHKO Clause: OHKO moves are banned
|rule|Evasion Items Clause: Evasion items are banned
|rule|Evasion Moves Clause: Evasion moves are banned
|rule|Evasion Abilities Clause: Evasion abilities are banned
|rule|Sleep Moves Clause: Sleep-inducing moves are banned
|clearpoke
|poke|p1|Iron Treads|
|poke|p1|Raging Bolt|
|poke|p1|Pelipper, L99, F|
|poke|p1|Rillaboom, M|
|poke|p1|Basculegion, M|
|poke|p1|Enamorus, F|
|poke|p2|Ninetales, F|
|poke|p2|Hatterene, F|
|poke|p2|Walking Wake|
|poke|p2|Leafeon, M|
|poke|p2|Great Tusk|
|poke|p2|Raging Bolt|
|teampreview
|inactive|Battle timer is ON: inactive players will automatically lose when time's up. (requested by senseless rain)
|inactiveoff|Battle timer is now OFF.
|inactive|Battle timer is ON: inactive players will automatically lose when time's up. (requested by Marnie_ra)
|
|t:|1776134103
|teamsize|p1|6
|teamsize|p2|6
|start
|switch|p1a: Iron Treads|Iron Treads|100/100
|switch|p2a: Walking Wake|Walking Wake|100/100
|turn|1
|
|t:|1776134129
|-end|p1a: Iron Treads|Quark Drive|[silent]
|switch|p1a: Basculegion|Basculegion, M|100/100
|move|p2a: Walking Wake|Hydro Steam|p1a: Basculegion
|-resisted|p1a: Basculegion
|-damage|p1a: Basculegion|61/100
|
|upkeep
|turn|2
|inactive|senseless rain has 120 seconds left.
|inactive|Marnie_ra has 120 seconds left.
|inactive|senseless rain has 90 seconds left.
|
|t:|1776134188
|move|p2a: Walking Wake|Hydro Steam|p1a: Basculegion
|-resisted|p1a: Basculegion
|-damage|p1a: Basculegion|24/100
|move|p1a: Basculegion|Outrage|p2a: Walking Wake
|-supereffective|p2a: Walking Wake
|-damage|p2a: Walking Wake|0 fnt
|faint|p2a: Walking Wake
|-end|p2a: Walking Wake|Protosynthesis|[silent]
|-damage|p1a: Basculegion|14/100|[from] item: Life Orb
|
|upkeep
|
|t:|1776134199
|switch|p2a: Great Tusk|Great Tusk, shiny|100/100
|turn|3
|inactive|senseless rain has 90 seconds left.
|inactive|Marnie_ra has 90 seconds left.
|
|t:|1776134221
|move|p2a: Great Tusk|Rapid Spin|p1a: Basculegion
|-immune|p1a: Basculegion
|move|p1a: Basculegion|Outrage|p2a: Great Tusk|[from] lockedmove
|-damage|p2a: Great Tusk|65/100
|-damage|p1a: Basculegion|0 fnt|[from] item: Rocky Helmet|[of] p2a: Great Tusk
|faint|p1a: Basculegion
|
|upkeep
|inactive|senseless rain has 90 seconds left.
|c|☆senseless rain|mis click?
|
|t:|1776134247
|switch|p1a: Enamorus|Enamorus, F, shiny|100/100
|turn|4
|inactive|Marnie_ra has 90 seconds left.
|
|t:|1776134257
|-end|p2a: Great Tusk|Protosynthesis|[silent]
|switch|p2a: Ninetales|Ninetales, F, shiny|100/100
|-weather|SunnyDay|[from] ability: Drought|[of] p2a: Ninetales
|move|p1a: Enamorus|Moonblast|p2a: Ninetales
|-resisted|p2a: Ninetales
|-damage|p2a: Ninetales|78/100
|
|-weather|SunnyDay|[upkeep]
|upkeep
|turn|5
|inactive|senseless rain has 60 seconds left.
|
|t:|1776134287
|move|p2a: Ninetales|Will-O-Wisp|p1a: Enamorus
|-status|p1a: Enamorus|brn
|move|p1a: Enamorus|Moonblast|p2a: Ninetales
|-resisted|p2a: Ninetales
|-damage|p2a: Ninetales|57/100
|
|-weather|SunnyDay|[upkeep]
|-damage|p1a: Enamorus|94/100 brn|[from] brn
|upkeep
|turn|6
|inactive|senseless rain has 60 seconds left.
|inactive|Marnie_ra has 90 seconds left.
|
|t:|1776134308
|move|p2a: Ninetales|Flamethrower|p1a: Enamorus
|-damage|p1a: Enamorus|34/100 brn
|move|p1a: Enamorus|Sludge Bomb|p2a: Ninetales
|-damage|p2a: Ninetales|29/100
|-status|p2a: Ninetales|psn
|
|-weather|SunnyDay|[upkeep]
|-damage|p2a: Ninetales|17/100 psn|[from] psn
|-damage|p1a: Enamorus|27/100 brn|[from] brn
|upkeep
|turn|7
|inactive|Marnie_ra has 90 seconds left.
|
|t:|1776134343
|switch|p2a: Raging Bolt|Raging Bolt|100/100
|-activate|p2a: Raging Bolt|ability: Protosynthesis
|-start|p2a: Raging Bolt|protosynthesisspa
|move|p1a: Enamorus|Moonblast|p2a: Raging Bolt
|-supereffective|p2a: Raging Bolt
|-damage|p2a: Raging Bolt|3/100
|
|-weather|SunnyDay|[upkeep]
|-damage|p1a: Enamorus|21/100 brn|[from] brn
|upkeep
|turn|8
|inactive|senseless rain has 30 seconds left.
|inactive|senseless rain has 20 seconds left.
|inactive|senseless rain has 15 seconds left.
|inactive|senseless rain has 10 seconds left.
|
|t:|1776134391
|switch|p1a: Pelipper|Pelipper, L99, F|100/100
|-weather|RainDance|[from] ability: Drizzle|[of] p1a: Pelipper
|-end|p2a: Raging Bolt|Protosynthesis
|move|p2a: Raging Bolt|Weather Ball|p1a: Pelipper
|-resisted|p1a: Pelipper
|-damage|p1a: Pelipper|63/100
|
|-weather|RainDance|[upkeep]
|upkeep
|turn|9
|inactive|senseless rain has 20 seconds left this turn.
|inactive|senseless rain has 15 seconds left.
|inactive|senseless rain has 10 seconds left.
|inactive|senseless rain has 5 seconds left.
|inactive|Marnie_ra has 60 seconds left.
|
|t:|1776134415
|-end|p2a: Raging Bolt|Protosynthesis|[silent]
|switch|p2a: Hatterene|Hatterene, F, shiny|100/100
|switch|p1a: Raging Bolt|Raging Bolt|100/100
|-enditem|p1a: Raging Bolt|Booster Energy
|-activate|p1a: Raging Bolt|ability: Protosynthesis|[fromitem]
|-start|p1a: Raging Bolt|protosynthesisspa
|
|-weather|RainDance|[upkeep]
|upkeep
|turn|10
|inactive|senseless rain has 15 seconds left this turn.
|inactive|senseless rain has 10 seconds left.
|inactive|senseless rain has 5 seconds left.
|inactive|Marnie_ra has 60 seconds left.
|
|t:|1776134431
|-end|p1a: Raging Bolt|Protosynthesis|[silent]
|switch|p1a: Iron Treads|Iron Treads|100/100
|move|p2a: Hatterene|Draining Kiss|p1a: Iron Treads
|-resisted|p1a: Iron Treads
|-damage|p1a: Iron Treads|92/100
|
|-weather|RainDance|[upkeep]
|-heal|p1a: Iron Treads|98/100|[from] item: Leftovers
|upkeep
|turn|11
|inactive|senseless rain has 15 seconds left this turn.
|inactive|Marnie_ra has 60 seconds left.
|inactive|senseless rain has 10 seconds left.
|
|t:|1776134446
|switch|p2a: Great Tusk|Great Tusk, shiny|65/100
|move|p1a: Iron Treads|Stealth Rock|p2a: Great Tusk
|-sidestart|p2: Marnie_ra|move: Stealth Rock
|
|-weather|RainDance|[upkeep]
|-heal|p1a: Iron Treads|100/100|[from] item: Leftovers
|upkeep
|turn|12
|inactive|senseless rain has 20 seconds left this turn.
|inactive|senseless rain has 15 seconds left.
|inactive|Marnie_ra has 60 seconds left.
|
|t:|1776134456
|-end|p1a: Iron Treads|Quark Drive|[silent]
|switch|p1a: Enamorus|Enamorus, F, shiny|21/100 brn
|move|p2a: Great Tusk|Rapid Spin|p1a: Enamorus
|-damage|p1a: Enamorus|0 fnt
|-boost|p2a: Great Tusk|spe|1
|-sideend|p2: Marnie_ra|Stealth Rock|[from] move: Rapid Spin|[of] p2a: Great Tusk
|faint|p1a: Enamorus
|
|-weather|RainDance|[upkeep]
|upkeep
|inactive|senseless rain has 20 seconds left this turn.
|inactive|senseless rain has 15 seconds left.
|
|t:|1776134465
|switch|p1a: Rillaboom|Rillaboom, M|100/100
|-fieldstart|move: Grassy Terrain|[from] ability: Grassy Surge|[of] p1a: Rillaboom
|turn|13
|inactive|senseless rain has 25 seconds left this turn.
|inactive|senseless rain has 20 seconds left.
|inactive|senseless rain has 15 seconds left.
|
|t:|1776134480
|-terastallize|p2a: Great Tusk|Steel
|move|p2a: Great Tusk|Ice Spinner|p1a: Rillaboom
|-supereffective|p1a: Rillaboom
|-crit|p1a: Rillaboom
|-damage|p1a: Rillaboom|4/100
|-fieldend|move: Grassy Terrain
|move|p1a: Rillaboom|Wood Hammer|p2a: Great Tusk
|-resisted|p2a: Great Tusk
|-damage|p2a: Great Tusk|27/100
|-damage|p1a: Rillaboom|0 fnt|[from] item: Rocky Helmet|[of] p2a: Great Tusk
|faint|p1a: Rillaboom
|
|-weather|RainDance|[upkeep]
|upkeep
|inactive|senseless rain has 20 seconds left this turn.
|inactive|senseless rain has 15 seconds left.
|inactive|senseless rain has 10 seconds left.
|
|t:|1776134494
|switch|p1a: Pelipper|Pelipper, L99, F|63/100
|turn|14
|inactive|senseless rain has 20 seconds left this turn.
|inactive|senseless rain has 15 seconds left.
|
|t:|1776134506
|-end|p2a: Great Tusk|Protosynthesis|[silent]
|switch|p2a: Hatterene|Hatterene, F, shiny|100/100
|move|p1a: Pelipper|Surf|p2a: Hatterene
|-damage|p2a: Hatterene|53/100
|-enditem|p2a: Hatterene|Eject Button
|
|t:|1776134514
|switch|p2a: Leafeon|Leafeon, M|100/100
|
|-weather|RainDance|[upkeep]
|upkeep
|turn|15
|inactive|senseless rain has 30 seconds left this turn.
|
|t:|1776134530
|switch|p2a: Ninetales|Ninetales, F, shiny|17/100 psn
|-weather|SunnyDay|[from] ability: Drought|[of] p2a: Ninetales
|move|p1a: Pelipper|U-turn|p2a: Ninetales
|-resisted|p2a: Ninetales
|-damage|p2a: Ninetales|12/100 psn
|inactive|senseless rain has 30 seconds left this turn.
|
|t:|1776134537
|switch|p1a: Raging Bolt|Raging Bolt|100/100|[from] U-turn
|-activate|p1a: Raging Bolt|ability: Protosynthesis
|-start|p1a: Raging Bolt|protosynthesisspa
|
|-weather|SunnyDay|[upkeep]
|-damage|p2a: Ninetales|0 fnt|[from] psn
|faint|p2a: Ninetales
|upkeep
|
|t:|1776134543
|switch|p2a: Raging Bolt|Raging Bolt|3/100
|-activate|p2a: Raging Bolt|ability: Protosynthesis
|-start|p2a: Raging Bolt|protosynthesisspa
|turn|16
|inactive|Marnie_ra has 60 seconds left.
|
|t:|1776134576
|-end|p2a: Raging Bolt|Protosynthesis|[silent]
|switch|p2a: Hatterene|Hatterene, F, shiny|53/100
|move|p1a: Raging Bolt|Thunderclap||[still]
|-fail|p1a: Raging Bolt
|
|-weather|SunnyDay|[upkeep]
|upkeep
|turn|17
|
|t:|1776134590
|-end|p1a: Raging Bolt|Protosynthesis|[silent]
|switch|p1a: Iron Treads|Iron Treads|100/100
|move|p2a: Hatterene|Draining Kiss|p1a: Iron Treads
|-resisted|p1a: Iron Treads
|-damage|p1a: Iron Treads|92/100
|-heal|p2a: Hatterene|61/100|[from] drain|[of] p1a: Iron Treads
|
|-weather|SunnyDay|[upkeep]
|-heal|p1a: Iron Treads|98/100|[from] item: Leftovers
|upkeep
|turn|18
|inactive|Marnie_ra has 60 seconds left.
|
|t:|1776134605
|switch|p2a: Great Tusk|Great Tusk, shiny, tera:Steel|27/100
|-activate|p2a: Great Tusk|ability: Protosynthesis
|-start|p2a: Great Tusk|protosynthesisatk
|move|p1a: Iron Treads|Stealth Rock|p2a: Great Tusk
|-sidestart|p2: Marnie_ra|move: Stealth Rock
|
|-weather|SunnyDay|[upkeep]
|-heal|p1a: Iron Treads|100/100|[from] item: Leftovers
|upkeep
|turn|19
|inactive|Marnie_ra has 60 seconds left.
|
|t:|1776134616
|-end|p1a: Iron Treads|Quark Drive|[silent]
|switch|p1a: Pelipper|Pelipper, L99, F|63/100
|-weather|RainDance|[from] ability: Drizzle|[of] p1a: Pelipper
|-end|p2a: Great Tusk|Protosynthesis
|move|p2a: Great Tusk|Rapid Spin|p1a: Pelipper
|-damage|p1a: Pelipper|48/100
|-boost|p2a: Great Tusk|spe|1
|-sideend|p2: Marnie_ra|Stealth Rock|[from] move: Rapid Spin|[of] p2a: Great Tusk
|
|-weather|RainDance|[upkeep]
|upkeep
|turn|20
|inactive|Marnie_ra has 60 seconds left.
|
|t:|1776134639
|move|p2a: Great Tusk|Ice Spinner|p1a: Pelipper
|-damage|p1a: Pelipper|24/100
|move|p1a: Pelipper|Roost|p1a: Pelipper
|-heal|p1a: Pelipper|74/100
|-singleturn|p1a: Pelipper|move: Roost
|
|-weather|RainDance|[upkeep]
|upkeep
|turn|21
|j| ohko_smeargle
|
|t:|1776134662
|-end|p2a: Great Tusk|Protosynthesis|[silent]
|switch|p2a: Leafeon|Leafeon, M|100/100
|move|p1a: Pelipper|Surf|p2a: Leafeon
|-resisted|p2a: Leafeon
|-damage|p2a: Leafeon|62/100
|
|-weather|RainDance|[upkeep]
|upkeep
|turn|22
|
|t:|1776134669
|move|p2a: Leafeon|Solar Blade||[still]
|-prepare|p2a: Leafeon|Solar Blade
|-enditem|p2a: Leafeon|Power Herb
|-anim|p2a: Leafeon|Solar Blade|p1a: Pelipper
|-damage|p1a: Pelipper|46/100
|move|p1a: Pelipper|U-turn|p2a: Leafeon
|-supereffective|p2a: Leafeon
|-damage|p2a: Leafeon|45/100
|
|t:|1776134682
|switch|p1a: Raging Bolt|Raging Bolt|100/100|[from] U-turn
|
|-weather|RainDance|[upkeep]
|upkeep
|turn|23
|
|t:|1776134704
|move|p1a: Raging Bolt|Thunderclap|p2a: Leafeon
|-resisted|p2a: Leafeon
|-damage|p2a: Leafeon|10/100
|move|p2a: Leafeon|Dig||[still]
|-prepare|p2a: Leafeon|Dig
|
|-weather|RainDance|[upkeep]
|upkeep
|turn|24
|
|t:|1776134712
|-end|p1a: Raging Bolt|Protosynthesis|[silent]
|switch|p1a: Pelipper|Pelipper, L99, F|46/100
|move|p2a: Leafeon|Dig|p1a: Pelipper|[from] lockedmove
|-immune|p1a: Pelipper
|
|-weather|RainDance|[upkeep]
|upkeep
|turn|25
|
|t:|1776134740
|move|p2a: Leafeon|Tera Blast|p1a: Pelipper
|-damage|p1a: Pelipper|31/100
|move|p1a: Pelipper|Roost|p1a: Pelipper
|-heal|p1a: Pelipper|81/100
|-singleturn|p1a: Pelipper|move: Roost
|
|-weather|RainDance|[upkeep]
|upkeep
|turn|26
|
|t:|1776134752
|switch|p2a: Raging Bolt|Raging Bolt|3/100
|move|p1a: Pelipper|U-turn|p2a: Raging Bolt
|-damage|p2a: Raging Bolt|0 fnt
|faint|p2a: Raging Bolt
|-end|p2a: Raging Bolt|Protosynthesis|[silent]
|
|t:|1776134759
|switch|p1a: Iron Treads|Iron Treads|100/100|[from] U-turn
|
|-weather|none
|upkeep
|
|t:|1776134772
|switch|p2a: Great Tusk|Great Tusk, shiny, tera:Steel|27/100
|turn|27
|
|t:|1776134781
|-end|p1a: Iron Treads|Quark Drive|[silent]
|switch|p1a: Pelipper|Pelipper, L99, F|81/100
|-weather|RainDance|[from] ability: Drizzle|[of] p1a: Pelipper
|move|p2a: Great Tusk|Temper Flare|p1a: Pelipper
|-resisted|p1a: Pelipper
|-damage|p1a: Pelipper|76/100
|
|-weather|RainDance|[upkeep]
|upkeep
|turn|28
|inactive|senseless rain has 60 seconds left.
|-message|Marnie_ra forfeited.
|
|win|senseless rain
|raw|senseless rain's rating: 1295 &rarr; <strong>1317</strong><br />(+22 for winning)
|raw|Marnie_ra's rating: 1255 &rarr; <strong>1233</strong><br />(-22 for losing)
|l|☆Marnie_ra
|player|p2|
|l| ohko_smeargle
