|html|<div class="broadcast-blue"><strong>[Gen 9] OU is currently suspecting Volcarona! For information on how to participate check out the <a href="https://www.smogon.com/tools/suspects/view/208">suspect thread</a>.</strong></div>
|j|‽SWAGGER_W2F
|j|☆brievenbuspoeper
|t:|1778498379
|gametype|singles
|player|p1|SWAGGER_W2F|flint|1622
|player|p2|brievenbuspoeper|chuck|1601
|gen|9
|tier|[Gen 9] OU
|rated|
|rule|HP Percentage Mod: HP is shown in percentages
|rule|Endless Battle Clause: Forcing endless battles is banned
|rule|Species Clause: Limit one of each Pokémon
|rule|OHKO Clause: OHKO moves are banned
|rule|Evasion Items Clause: Evasion items are banned
|rule|Evasion Moves Clause: Evasion moves are banned
|rule|Evasion Abilities Clause: Evasion abilities are banned
|rule|Sleep Moves Clause: Sleep-inducing moves are banned
|clearpoke
|poke|p1|Ceruledge, M|
|poke|p1|Scizor, M|
|poke|p1|Raging Bolt|
|poke|p1|Primarina, F|
|poke|p1|Mandibuzz, F|
|poke|p1|Great Tusk|
|poke|p2|Indeedee, M|
|poke|p2|Hoopa-Unbound|
|poke|p2|Ceruledge, M|
|poke|p2|Polteageist-Antique|
|poke|p2|Cinderace, F|
|poke|p2|Iron Valiant|
|teampreview
|inactive|Battle timer is ON: inactive players will automatically lose when time's up. (requested by brievenbuspoeper)
|
|t:|1778498400
|teamsize|p1|6
|teamsize|p2|6
|start
|switch|p1a: Ceruledge|Ceruledge, M|100/100
|switch|p2a: Cinderace|Cinderace, F|100/100
|turn|1
|
|t:|1778498406
|switch|p2a: Indeedee|Indeedee, M|100/100
|-fieldstart|move: Psychic Terrain|[from] ability: Psychic Surge|[of] p2a: Indeedee
|switch|p1a: Mandibuzz|Mandibuzz, F|100/100
|
|upkeep
|turn|2
|
|t:|1778498420
|move|p2a: Indeedee|Dazzling Gleam|p1a: Mandibuzz
|-supereffective|p1a: Mandibuzz
|-damage|p1a: Mandibuzz|62/100
|move|p1a: Mandibuzz|U-turn|p2a: Indeedee
|-supereffective|p2a: Indeedee
|-damage|p2a: Indeedee|51/100
|
|t:|1778498427
|switch|p1a: Ceruledge|Ceruledge, M|100/100|[from] U-turn
|
|upkeep
|turn|3
|j| Soumya Ukil
|j| hopppvy
|
|t:|1778498452
|move|p2a: Indeedee|Expanding Force|p1a: Ceruledge
|-damage|p1a: Ceruledge|57/100
|move|p1a: Ceruledge|Bitter Blade|p2a: Indeedee
|-damage|p2a: Indeedee|0 fnt
|-heal|p1a: Ceruledge|76/100|[from] drain|[of] p2a: Indeedee
|faint|p2a: Indeedee
|
|upkeep
|
|t:|1778498462
|switch|p2a: Ceruledge|Ceruledge, M|100/100
|turn|4
|
|t:|1778498465
|switch|p1a: Mandibuzz|Mandibuzz, F|62/100
|move|p2a: Ceruledge|Swords Dance|p2a: Ceruledge
|-boost|p2a: Ceruledge|atk|2
|
|upkeep
|turn|5
|c| hopppvy|Is this ceruledge assault vest?
|
|t:|1778498474
|-terastallize|p2a: Ceruledge|Fighting
|-terastallize|p1a: Mandibuzz|Water
|move|p2a: Ceruledge|Close Combat|p1a: Mandibuzz
|-damage|p1a: Mandibuzz|0 fnt
|-unboost|p2a: Ceruledge|def|1
|-unboost|p2a: Ceruledge|spd|1
|faint|p1a: Mandibuzz
|
|upkeep
|inactive|SWAGGER_W2F has 120 seconds left.
|
|t:|1778498506
|switch|p1a: Great Tusk|Great Tusk|100/100
|turn|6
|
|t:|1778498517
|move|p1a: Great Tusk|Headlong Rush|p2a: Ceruledge
|-crit|p2a: Ceruledge
|-enditem|p2a: Ceruledge|Focus Sash
|-damage|p2a: Ceruledge|1/100
|-unboost|p1a: Great Tusk|def|1
|-unboost|p1a: Great Tusk|spd|1
|-ability|p2a: Ceruledge|Weak Armor|boost
|-unboost|p2a: Ceruledge|def|1
|-boost|p2a: Ceruledge|spe|2
|move|p2a: Ceruledge|Swords Dance|p2a: Ceruledge
|-boost|p2a: Ceruledge|atk|2
|
|upkeep
|turn|7
|
|t:|1778498528
|move|p2a: Ceruledge|Bitter Blade|p1a: Great Tusk
|-damage|p1a: Great Tusk|0 fnt
|-heal|p2a: Ceruledge|65/100|[from] drain|[of] p1a: Great Tusk
|faint|p1a: Great Tusk
|-end|p1a: Great Tusk|Protosynthesis|[silent]
|
|upkeep
|
|t:|1778498536
|switch|p1a: Raging Bolt|Raging Bolt|100/100
|turn|8
|
|t:|1778498540
|move|p1a: Raging Bolt|Thunderclap|p2a: Ceruledge
|-activate|p2a: Ceruledge|move: Psychic Terrain
|move|p2a: Ceruledge|Poltergeist|p1a: Raging Bolt|[miss]
|-miss|p2a: Ceruledge|p1a: Raging Bolt
|
|-fieldend|move: Psychic Terrain
|upkeep
|turn|9
|c|☆brievenbuspoeper|💔
|
|t:|1778498553
|switch|p2a: Hoopa|Hoopa-Unbound|100/100
|move|p1a: Raging Bolt|Thunderclap||[still]
|-fail|p1a: Raging Bolt
|
|upkeep
|turn|10
|
|t:|1778498572
|-end|p1a: Raging Bolt|Protosynthesis|[silent]
|switch|p1a: Primarina|Primarina, F|100/100
|move|p2a: Hoopa|Trick|p1a: Primarina
|-activate|p2a: Hoopa|move: Trick|[of] p1a: Primarina
|-item|p1a: Primarina|Choice Scarf|[from] move: Trick
|-item|p2a: Hoopa|Leftovers|[from] move: Trick
|
|upkeep
|turn|11
|
|t:|1778498583
|switch|p2a: Ceruledge|Ceruledge, M, tera:Fighting|65/100
|move|p1a: Primarina|Draining Kiss|p2a: Ceruledge
|-supereffective|p2a: Ceruledge
|-damage|p2a: Ceruledge|17/100
|
|upkeep
|turn|12
|
|t:|1778498589
|switch|p2a: Cinderace|Cinderace, F|100/100
|move|p1a: Primarina|Draining Kiss|p2a: Cinderace
|-resisted|p2a: Cinderace
|-damage|p2a: Cinderace|87/100
|
|upkeep
|turn|13
|
|t:|1778498598
|switch|p2a: Hoopa|Hoopa-Unbound|100/100
|switch|p1a: Raging Bolt|Raging Bolt|100/100
|
|upkeep
|turn|14
|
|t:|1778498606
|move|p2a: Hoopa|Dark Pulse|p1a: Raging Bolt
|-damage|p1a: Raging Bolt|51/100
|move|p1a: Raging Bolt|Thunderbolt|p2a: Hoopa
|-damage|p2a: Hoopa|32/100
|
|-heal|p2a: Hoopa|38/100|[from] item: Leftovers
|upkeep
|turn|15
|
|t:|1778498615
|move|p2a: Hoopa|Dark Pulse|p1a: Raging Bolt
|-damage|p1a: Raging Bolt|3/100
|move|p1a: Raging Bolt|Thunderbolt|p2a: Hoopa
|-damage|p2a: Hoopa|0 fnt
|faint|p2a: Hoopa
|
|upkeep
|
|t:|1778498619
|switch|p2a: Cinderace|Cinderace, F|87/100
|turn|16
|
|t:|1778498623
|-end|p1a: Raging Bolt|Protosynthesis|[silent]
|switch|p1a: Primarina|Primarina, F|100/100
|move|p2a: Cinderace|U-turn|p1a: Primarina
|-start|p2a: Cinderace|typechange|Bug|[from] ability: Libero
|-resisted|p1a: Primarina
|-damage|p1a: Primarina|86/100
|
|t:|1778498628
|switch|p2a: Ceruledge|Ceruledge, M, tera:Fighting|17/100|[from] U-turn
|
|upkeep
|turn|17
|
|t:|1778498638
|move|p2a: Ceruledge|Poltergeist|p1a: Primarina
|-activate|p1a: Primarina|move: Poltergeist|Choice Scarf
|-crit|p1a: Primarina
|-damage|p1a: Primarina|11/100
|move|p1a: Primarina|Psychic Noise|p2a: Ceruledge
|-damage|p2a: Ceruledge|0 fnt
|faint|p2a: Ceruledge
|
|upkeep
|
|t:|1778498655
|switch|p2a: Cinderace|Cinderace, F|87/100
|turn|18
|
|t:|1778498666
|move|p2a: Cinderace|Pyro Ball|p1a: Primarina
|-resisted|p1a: Primarina
|-damage|p1a: Primarina|0 fnt
|faint|p1a: Primarina
|
|upkeep
|
|t:|1778498672
|switch|p1a: Ceruledge|Ceruledge, M|76/100
|turn|19
|
|t:|1778498675
|switch|p2a: Iron Valiant|Iron Valiant|100/100
|-enditem|p2a: Iron Valiant|Booster Energy
|-activate|p2a: Iron Valiant|ability: Quark Drive|[fromitem]
|-start|p2a: Iron Valiant|quarkdrivespe
|move|p1a: Ceruledge|Bitter Blade|p2a: Iron Valiant
|-damage|p2a: Iron Valiant|36/100
|-heal|p1a: Ceruledge|100/100|[from] drain|[of] p2a: Iron Valiant
|
|upkeep
|turn|20
|
|t:|1778498684
|move|p2a: Iron Valiant|Destiny Bond|p2a: Iron Valiant
|-singlemove|p2a: Iron Valiant|Destiny Bond
|move|p1a: Ceruledge|Bitter Blade|p2a: Iron Valiant
|-damage|p2a: Iron Valiant|0 fnt
|faint|p2a: Iron Valiant
|-activate|p2a: Iron Valiant|move: Destiny Bond
|-end|p2a: Iron Valiant|Quark Drive|[silent]
|faint|p1a: Ceruledge
|
|upkeep
|
|t:|1778498697
|switch|p2a: Cinderace|Cinderace, F|87/100
|switch|p1a: Raging Bolt|Raging Bolt|3/100
|turn|21
|
|t:|1778498701
|switch|p2a: Polteageist|Polteageist-Antique|100/100
|move|p1a: Raging Bolt|Thunderclap||[still]
|-fail|p1a: Raging Bolt
|
|upkeep
|turn|22
|
|t:|1778498708
|-end|p1a: Raging Bolt|Protosynthesis|[silent]
|switch|p1a: Scizor|Scizor, M|100/100
|move|p2a: Polteageist|Shadow Ball|p1a: Scizor
|-damage|p1a: Scizor|36/100
|
|upkeep
|turn|23
|j| flamewing_phoenix
|
|t:|1778498714
|move|p2a: Polteageist|Shadow Ball|p1a: Scizor
|-damage|p1a: Scizor|0 fnt
|faint|p1a: Scizor
|
|upkeep
|
|t:|1778498719
|switch|p1a: Raging Bolt|Raging Bolt|3/100
|turn|24
|c|☆brievenbuspoeper|Ggs
|
|t:|1778498724
|move|p1a: Raging Bolt|Thunderclap|p2a: Polteageist
|-damage|p2a: Polteageist|24/100
|move|p2a: Polteageist|Shadow Ball|p1a: Raging Bolt
|-damage|p1a: Raging Bolt|0 fnt
|faint|p1a: Raging Bolt
|-end|p1a: Raging Bolt|Protosynthesis|[silent]
|
|win|brievenbuspoeper
|raw|SWAGGER_W2F's rating: 1622 &rarr; <strong>1601</strong><br />(-21 for losing)
|raw|brievenbuspoeper's rating: 1601 &rarr; <strong>1622</strong><br />(+21 for winning)
|l|‽SWAGGER_W2F
|player|p1|
|l| flamewing_phoenix
|l|☆brievenbuspoeper
|player|p2|
|j|☆brievenbuspoeper
|player|p2|brievenbuspoeper|chuck|
