|html|<div class="broadcast-blue"><strong>[Gen 9] OU is currently suspecting Tera Blast! For information on how to participate check out the <a href="https://www.smogon.com/tools/suspects/view/200">suspect thread</a>.</strong></div>
|j|☆pikmin_men200
|j|☆keo209
|t:|1776198631
|gametype|singles
|player|p1|pikmin_men200|flint|1069
|player|p2|keo209|170|1078
|gen|9
|tier|[Gen 9] OU
|rated|
|rule|HP Percentage Mod: HP is shown in percentages
|rule|Endless Battle Clause: Forcing endless battles is banned
|rule|Species Clause: Limit one of each Pokémon
|rule|OHKO Clause: OHKO moves are banned
|rule|Evasion Items Clause: Evasion items are banned
|rule|Evasion Moves Clause: Evasion moves are banned
|rule|Evasion Abilities Clause: Evasion abilities are banned
|rule|Sleep Moves Clause: Sleep-inducing moves are banned
|clearpoke
|poke|p1|Gliscor, M|
|poke|p1|Quaquaval, F|
|poke|p1|Inteleon, M|
|poke|p1|Reuniclus, F|
|poke|p1|Chandelure, M|
|poke|p1|Sandy Shocks|
|poke|p2|Maushold-Four|
|poke|p2|Azumarill, M|
|poke|p2|Zamazenta-*|
|poke|p2|Gholdengo|
|poke|p2|Pecharunt|
|poke|p2|Lokix, F|
|teampreview
|
|t:|1776198645
|teamsize|p1|6
|teamsize|p2|6
|start
|switch|p1a: Chandelure|Chandelure, M|100/100
|switch|p2a: Money man|Gholdengo|100/100
|turn|1
|
|t:|1776198665
|move|p1a: Chandelure|Flamethrower|p2a: Money man
|-supereffective|p2a: Money man
|-damage|p2a: Money man|0 fnt
|faint|p2a: Money man
|
|upkeep
|
|t:|1776198682
|switch|p2a: Feartheeggrabbit|Azumarill, M, shiny|100/100
|turn|2
|inactive|Battle timer is ON: inactive players will automatically lose when time's up. (requested by keo209)
|
|t:|1776198707
|switch|p1a: Sandy Shocks|Sandy Shocks|100/100
|-enditem|p1a: Sandy Shocks|Booster Energy
|-activate|p1a: Sandy Shocks|ability: Protosynthesis|[fromitem]
|-start|p1a: Sandy Shocks|protosynthesisspe
|move|p2a: Feartheeggrabbit|Belly Drum|p2a: Feartheeggrabbit
|-damage|p2a: Feartheeggrabbit|50/100
|-setboost|p2a: Feartheeggrabbit|atk|6|[from] move: Belly Drum
|-enditem|p2a: Feartheeggrabbit|Sitrus Berry|[eat]
|-heal|p2a: Feartheeggrabbit|75/100|[from] item: Sitrus Berry
|
|upkeep
|turn|3
|
|t:|1776198722
|move|p2a: Feartheeggrabbit|Aqua Jet|p1a: Sandy Shocks
|-supereffective|p1a: Sandy Shocks
|-damage|p1a: Sandy Shocks|0 fnt
|faint|p1a: Sandy Shocks
|-end|p1a: Sandy Shocks|Protosynthesis|[silent]
|
|upkeep
|
|t:|1776198730
|switch|p1a: Reuniclus|Reuniclus, F, shiny|100/100
|turn|4
|
|t:|1776198737
|move|p2a: Feartheeggrabbit|Knock Off|p1a: Reuniclus
|-supereffective|p1a: Reuniclus
|-crit|p1a: Reuniclus
|-damage|p1a: Reuniclus|0 fnt
|-enditem|p1a: Reuniclus|Leftovers|[from] move: Knock Off|[of] p2a: Feartheeggrabbit
|faint|p1a: Reuniclus
|
|upkeep
|
|t:|1776198746
|switch|p1a: Chandelure|Chandelure, M|100/100
|turn|5
|
|t:|1776198750
|move|p2a: Feartheeggrabbit|Aqua Jet|p1a: Chandelure
|-supereffective|p1a: Chandelure
|-damage|p1a: Chandelure|0 fnt
|faint|p1a: Chandelure
|
|upkeep
|
|t:|1776198756
|switch|p1a: Quaquaval|Quaquaval, F|100/100
|turn|6
|
|t:|1776198766
|-terastallize|p1a: Quaquaval|Electric
|move|p2a: Feartheeggrabbit|Aqua Jet|p1a: Quaquaval
|-damage|p1a: Quaquaval|0 fnt
|faint|p1a: Quaquaval
|
|upkeep
|
|t:|1776198775
|switch|p1a: Inteleon|Inteleon, M|100/100
|turn|7
|
|t:|1776198783
|move|p2a: Feartheeggrabbit|Aqua Jet|p1a: Inteleon
|-resisted|p1a: Inteleon
|-damage|p1a: Inteleon|15/100
|move|p1a: Inteleon|Scald|p2a: Feartheeggrabbit
|-resisted|p2a: Feartheeggrabbit
|-crit|p2a: Feartheeggrabbit
|-damage|p2a: Feartheeggrabbit|17/100
|
|upkeep
|turn|8
|
|t:|1776198793
|move|p2a: Feartheeggrabbit|Aqua Jet|p1a: Inteleon
|-resisted|p1a: Inteleon
|-damage|p1a: Inteleon|0 fnt
|faint|p1a: Inteleon
|
|upkeep
|
|t:|1776198795
|switch|p1a: Ecks|Gliscor, M|100/100
|turn|9
|
|t:|1776198800
|move|p2a: Feartheeggrabbit|Aqua Jet|p1a: Ecks
|-supereffective|p1a: Ecks
|-damage|p1a: Ecks|0 fnt
|faint|p1a: Ecks
|
|win|keo209
|raw|pikmin_men200's rating: 1069 &rarr; <strong>1049</strong><br />(-20 for losing)
|raw|keo209's rating: 1078 &rarr; <strong>1106</strong><br />(+28 for winning)
|c|☆pikmin_men200|gg
|l|☆pikmin_men200
|player|p1|
