|html|<div class="broadcast-blue"><strong>[Gen 9] OU is currently suspecting Tera Blast! For information on how to participate check out the <a href="https://www.smogon.com/tools/suspects/view/200">suspect thread</a>.</strong></div>
|j|☆Ares_1997
|j|☆avocadoseller
|t:|1776291413
|gametype|singles
|player|p1|Ares_1997|2|1554
|player|p2|avocadoseller|102|1508
|gen|9
|tier|[Gen 9] OU
|rated|
|rule|HP Percentage Mod: HP is shown in percentages
|rule|Endless Battle Clause: Forcing endless battles is banned
|rule|Species Clause: Limit one of each Pokémon
|rule|OHKO Clause: OHKO moves are banned
|rule|Evasion Items Clause: Evasion items are banned
|rule|Evasion Moves Clause: Evasion moves are banned
|rule|Evasion Abilities Clause: Evasion abilities are banned
|rule|Sleep Moves Clause: Sleep-inducing moves are banned
|clearpoke
|poke|p1|Iron Crown|
|poke|p1|Enamorus, F|
|poke|p1|Great Tusk|
|poke|p1|Probopass, M|
|poke|p1|Deoxys-Speed|
|poke|p1|Dragapult, M|
|poke|p2|Dragonite, M|
|poke|p2|Great Tusk|
|poke|p2|Samurott-Hisui, M|
|poke|p2|Gholdengo|
|poke|p2|Pecharunt|
|poke|p2|Darkrai|
|teampreview
|inactive|Battle timer is ON: inactive players will automatically lose when time's up. (requested by avocadoseller)
|j| Foxi4
|
|t:|1776291431
|teamsize|p1|6
|teamsize|p2|6
|start
|switch|p1a: Deoxys|Deoxys-Speed|100/100
|switch|p2a: Samurott|Samurott-Hisui, M, shiny|100/100
|-ability|p1a: Deoxys|Pressure
|turn|1
|
|t:|1776291437
|move|p1a: Deoxys|Superpower|p2a: Samurott
|-supereffective|p2a: Samurott
|-damage|p2a: Samurott|33/100
|-unboost|p1a: Deoxys|atk|1
|-unboost|p1a: Deoxys|def|1
|-enditem|p1a: Deoxys|Eject Pack
|
|t:|1776291441
|switch|p1a: Probopass|Probopass, M|100/100
|move|p2a: Samurott|Ceaseless Edge|p1a: Probopass
|-damage|p1a: Probopass|79/100
|-damage|p2a: Samurott|17/100|[from] item: Rocky Helmet|[of] p1a: Probopass
|-sidestart|p1: Ares_1997|Spikes
|
|upkeep
|turn|2
|
|t:|1776291448
|move|p2a: Samurott|Sacred Sword|p1a: Probopass
|-supereffective|p1a: Probopass
|-damage|p1a: Probopass|0 fnt
|-damage|p2a: Samurott|0 fnt|[from] item: Rocky Helmet|[of] p1a: Probopass
|faint|p1a: Probopass
|faint|p2a: Samurott
|
|upkeep
|
|t:|1776291456
|switch|p2a: Darkrai|Darkrai, shiny|100/100
|switch|p1a: Deoxys|Deoxys-Speed|100/100
|-damage|p1a: Deoxys|88/100|[from] Spikes
|-ability|p1a: Deoxys|Pressure
|turn|3
|
|t:|1776291462
|move|p2a: Darkrai|Sucker Punch|p1a: Deoxys
|-supereffective|p1a: Deoxys
|-damage|p1a: Deoxys|0 fnt
|faint|p1a: Deoxys
|
|upkeep
|
|t:|1776291466
|switch|p1a: Enamorus|Enamorus, F|100/100
|turn|4
|
|t:|1776291472
|switch|p2a: Pecharunt|Pecharunt|100/100
|move|p1a: Enamorus|Moonblast|p2a: Pecharunt
|-resisted|p2a: Pecharunt
|-damage|p2a: Pecharunt|66/100
|
|upkeep
|turn|5
|
|t:|1776291477
|move|p1a: Enamorus|Earth Power|p2a: Pecharunt
|-supereffective|p2a: Pecharunt
|-damage|p2a: Pecharunt|0 fnt
|faint|p2a: Pecharunt
|
|upkeep
|
|t:|1776291480
|switch|p2a: Darkrai|Darkrai, shiny|100/100
|turn|6
|c|☆avocadoseller|worst
|c|☆avocadoseller|misclick
|c|☆avocadoseller|ever
|
|t:|1776291495
|-terastallize|p1a: Enamorus|Ground
|move|p2a: Darkrai|Ice Beam|p1a: Enamorus
|-supereffective|p1a: Enamorus
|-damage|p1a: Enamorus|7/100
|move|p1a: Enamorus|Moonblast|p2a: Darkrai
|-supereffective|p2a: Darkrai
|-damage|p2a: Darkrai|0 fnt
|faint|p2a: Darkrai
|
|upkeep
|
|t:|1776291512
|switch|p2a: Great Tusk|Great Tusk, shiny|100/100
|turn|7
|
|t:|1776291519
|-terastallize|p2a: Great Tusk|Ice
|move|p1a: Enamorus|Moonblast|p2a: Great Tusk
|-damage|p2a: Great Tusk|0 fnt
|faint|p2a: Great Tusk
|-end|p2a: Great Tusk|Protosynthesis|[silent]
|
|upkeep
|
|t:|1776291524
|switch|p2a: Dragonite|Dragonite, M, shiny|100/100
|turn|8
|
|t:|1776291528
|move|p2a: Dragonite|Extreme Speed|p1a: Enamorus
|-damage|p1a: Enamorus|0 fnt
|faint|p1a: Enamorus
|
|upkeep
|
|t:|1776291542
|switch|p1a: Dragapult|Dragapult, M|100/100
|-damage|p1a: Dragapult|88/100|[from] Spikes
|turn|9
|
|t:|1776291549
|move|p1a: Dragapult|Dragon Dance|p1a: Dragapult
|-boost|p1a: Dragapult|atk|1
|-boost|p1a: Dragapult|spe|1
|move|p2a: Dragonite|Dragon Dance|p2a: Dragonite
|-boost|p2a: Dragonite|atk|1
|-boost|p2a: Dragonite|spe|1
|
|-heal|p1a: Dragapult|94/100|[from] item: Leftovers
|upkeep
|turn|10
|
|t:|1776291554
|move|p1a: Dragapult|Dragon Darts|p2a: Dragonite
|-supereffective|p2a: Dragonite
|-damage|p2a: Dragonite|65/100
|-anim|p1a: Dragapult|Dragon Darts|p2a: Dragonite
|-supereffective|p2a: Dragonite
|-damage|p2a: Dragonite|0 fnt
|faint|p2a: Dragonite
|
|-heal|p1a: Dragapult|99/100|[from] item: Leftovers
|upkeep
|
|t:|1776291565
|switch|p2a: Gholdengo|Gholdengo, shiny|100/100
|turn|11
|
|t:|1776291567
|move|p1a: Dragapult|Phantom Force||[still]
|-prepare|p1a: Dragapult|Phantom Force
|move|p2a: Gholdengo|Shadow Ball|p1a: Dragapult|[miss]
|-miss|p2a: Gholdengo|p1a: Dragapult
|
|-heal|p1a: Dragapult|100/100|[from] item: Leftovers
|upkeep
|turn|12
|
|t:|1776291571
|move|p1a: Dragapult|Phantom Force|p2a: Gholdengo|[from] lockedmove
|-supereffective|p2a: Gholdengo
|-damage|p2a: Gholdengo|0 fnt
|faint|p2a: Gholdengo
|
|win|Ares_1997
|raw|Ares_1997's rating: 1554 &rarr; <strong>1571</strong><br />(+17 for winning)
|raw|avocadoseller's rating: 1508 &rarr; <strong>1491</strong><br />(-17 for losing)
|l|☆avocadoseller
|player|p2|
