|html|<div class="broadcast-blue"><strong>[Gen 9] OU is currently suspecting Tera Blast! For information on how to participate check out the <a href="https://www.smogon.com/tools/suspects/view/200">suspect thread</a>.</strong></div>
|j|‽abat489
|j|☆abate fabs
|t:|1776101348
|gametype|singles
|player|p1|abat489|backpacker|1292
|player|p2|abate fabs|touristf|1319
|gen|9
|tier|[Gen 9] OU
|rated|
|rule|HP Percentage Mod: HP is shown in percentages
|rule|Endless Battle Clause: Forcing endless battles is banned
|rule|Species Clause: Limit one of each Pokémon
|rule|OHKO Clause: OHKO moves are banned
|rule|Evasion Items Clause: Evasion items are banned
|rule|Evasion Moves Clause: Evasion moves are banned
|rule|Evasion Abilities Clause: Evasion abilities are banned
|rule|Sleep Moves Clause: Sleep-inducing moves are banned
|clearpoke
|poke|p1|Araquanid, F|
|poke|p1|Zapdos|
|poke|p1|Meowscarada, F|
|poke|p1|Great Tusk|
|poke|p1|Dragonite, F|
|poke|p1|Heatran, M|
|poke|p2|Umbreon, F|
|poke|p2|Mandibuzz, F|
|poke|p2|Clodsire, M|
|poke|p2|Hatterene, F|
|poke|p2|Slowking, F|
|poke|p2|Crocalor, M|
|teampreview
|inactive|Battle timer is ON: inactive players will automatically lose when time's up. (requested by abate fabs)
|inactive|abat489 also wants the timer to be on.
|inactive|abat489 has 120 seconds left.
|inactive|abat489 has 90 seconds left.
|
|t:|1776101420
|teamsize|p1|6
|teamsize|p2|6
|start
|switch|p1a: Meowscarada|Meowscarada, F|100/100
|switch|p2a: Checktung|Slowking, F|100/100
|turn|1
|
|t:|1776101427
|switch|p2a: Checking|Mandibuzz, F|100/100
|move|p1a: Meowscarada|Knock Off|p2a: Checking
|-start|p1a: Meowscarada|typechange|Dark|[from] ability: Protean
|-resisted|p2a: Checking
|-damage|p2a: Checking|82/100
|-enditem|p2a: Checking|Heavy-Duty Boots|[from] move: Knock Off|[of] p1a: Meowscarada
|
|upkeep
|turn|2
|
|t:|1776101435
|switch|p1a: Zapdos|Zapdos|100/100
|move|p2a: Checking|Toxic|p1a: Zapdos
|-status|p1a: Zapdos|tox
|
|-damage|p1a: Zapdos|94/100 tox|[from] psn
|upkeep
|turn|3
|
|t:|1776101454
|switch|p1a: Heatran|Heatran, M|100/100
|switch|p2a: Checker|Umbreon, F|100/100
|
|upkeep
|turn|4
|
|t:|1776101457
|move|p2a: Checker|Protect|p2a: Checker
|-singleturn|p2a: Checker|Protect
|move|p1a: Heatran|Magma Storm|p2a: Checker
|-activate|p2a: Checker|move: Protect
|
|upkeep
|turn|5
|
|t:|1776101462
|switch|p2a: Checktung|Slowking, F|100/100
|move|p1a: Heatran|Magma Storm|p2a: Checktung|[miss]
|-miss|p1a: Heatran|p2a: Checktung
|
|upkeep
|turn|6
|
|t:|1776101466
|switch|p1a: Araquanid|Araquanid, F|100/100
|move|p2a: Checktung|Trick|p1a: Araquanid
|-activate|p2a: Checktung|move: Trick|[of] p1a: Araquanid
|-item|p1a: Araquanid|Choice Specs|[from] move: Trick
|-item|p2a: Checktung|Custap Berry|[from] move: Trick
|
|upkeep
|turn|7
|
|t:|1776101475
|move|p1a: Araquanid|Lunge|p2a: Checktung
|-supereffective|p2a: Checktung
|-damage|p2a: Checktung|64/100
|-unboost|p2a: Checktung|atk|1
|-prepare|p2a: Checktung|Chilly Reception|[premajor]
|move|p2a: Checktung|Chilly Reception|p2a: Checktung
|-weather|Snowscape
|
|t:|1776101479
|switch|p2a: Checkaloo|Crocalor, M|100/100|[from] Chilly Reception
|
|-weather|Snowscape|[upkeep]
|upkeep
|turn|8
|
|t:|1776101484
|switch|p2a: Checktung|Slowking, F|97/100
|switch|p1a: Heatran|Heatran, M|100/100
|
|-weather|Snowscape|[upkeep]
|upkeep
|turn|9
|
|t:|1776101489
|move|p1a: Heatran|Magma Storm|p2a: Checktung
|-resisted|p2a: Checktung
|-damage|p2a: Checktung|78/100
|-activate|p2a: Checktung|move: Magma Storm|[of] p1a: Heatran
|move|p2a: Checktung|Scald|p1a: Heatran
|-supereffective|p1a: Heatran
|-damage|p1a: Heatran|50/100
|
|-weather|Snowscape|[upkeep]
|-heal|p1a: Heatran|56/100|[from] item: Leftovers
|-damage|p2a: Checktung|65/100|[from] move: Magma Storm|[partiallytrapped]
|upkeep
|turn|10
|
|t:|1776101494
|switch|p1a: Meowscarada|Meowscarada, F|100/100
|move|p2a: Checktung|Scald|p1a: Meowscarada
|-resisted|p1a: Meowscarada
|-damage|p1a: Meowscarada|77/100
|-status|p1a: Meowscarada|brn
|
|-weather|Snowscape|[upkeep]
|-damage|p1a: Meowscarada|71/100 brn|[from] brn
|-end|p2a: Checktung|Magma Storm|[partiallytrapped]|[silent]
|upkeep
|turn|11
|
|t:|1776101501
|move|p1a: Meowscarada|U-turn|p2a: Checktung
|-start|p1a: Meowscarada|typechange|Bug|[from] ability: Protean
|-supereffective|p2a: Checktung
|-damage|p2a: Checktung|30/100
|
|t:|1776101504
|switch|p1a: Araquanid|Araquanid, F|100/100|[from] U-turn
|-prepare|p2a: Checktung|Chilly Reception|[premajor]
|move|p2a: Checktung|Chilly Reception|p2a: Checktung
|
|t:|1776101508
|switch|p2a: Checkaloo|Crocalor, M|100/100|[from] Chilly Reception
|
|-weather|none
|upkeep
|turn|12
|
|t:|1776101532
|switch|p2a: Checkelung|Clodsire, M|100/100
|move|p1a: Araquanid|Liquidation|p2a: Checkelung
|-immune|p2a: Checkelung|[from] ability: Water Absorb
|
|upkeep
|turn|13
|
|t:|1776101536
|switch|p1a: Meowscarada|Meowscarada, F|71/100 brn
|move|p2a: Checkelung|Stealth Rock|p1a: Meowscarada
|-sidestart|p1: abat489|move: Stealth Rock
|
|-damage|p1a: Meowscarada|65/100 brn|[from] brn
|upkeep
|turn|14
|
|t:|1776101547
|move|p1a: Meowscarada|Flower Trick|p2a: Checkelung
|-start|p1a: Meowscarada|typechange|Grass|[from] ability: Protean
|-crit|p2a: Checkelung
|-damage|p2a: Checkelung|63/100
|move|p2a: Checkelung|Gunk Shot|p1a: Meowscarada
|-supereffective|p1a: Meowscarada
|-damage|p1a: Meowscarada|0 fnt
|faint|p1a: Meowscarada
|
|-heal|p2a: Checkelung|69/100|[from] item: Leftovers
|upkeep
|
|t:|1776101551
|switch|p1a: Great Tusk|Great Tusk|100/100
|turn|15
|
|t:|1776101555
|switch|p2a: Checking|Mandibuzz, F|82/100
|move|p1a: Great Tusk|Rapid Spin|p2a: Checking
|-damage|p2a: Checking|72/100
|-boost|p1a: Great Tusk|spe|1
|-sideend|p1: abat489|Stealth Rock|[from] move: Rapid Spin|[of] p1a: Great Tusk
|
|upkeep
|turn|16
|
|t:|1776101560
|-terastallize|p1a: Great Tusk|Steel
|move|p1a: Great Tusk|Ice Spinner|p2a: Checking
|-supereffective|p2a: Checking
|-damage|p2a: Checking|37/100
|move|p2a: Checking|Roost|p2a: Checking
|-heal|p2a: Checking|87/100
|-singleturn|p2a: Checking|move: Roost
|
|upkeep
|turn|17
|
|t:|1776101567
|move|p1a: Great Tusk|Ice Spinner|p2a: Checking
|-supereffective|p2a: Checking
|-damage|p2a: Checking|52/100
|move|p2a: Checking|Foul Play|p1a: Great Tusk
|-damage|p1a: Great Tusk|61/100
|
|upkeep
|turn|18
|
|t:|1776101576
|move|p1a: Great Tusk|Close Combat|p2a: Checking
|-damage|p2a: Checking|13/100
|-unboost|p1a: Great Tusk|def|1
|-unboost|p1a: Great Tusk|spd|1
|move|p2a: Checking|Roost|p2a: Checking
|-heal|p2a: Checking|63/100
|-singleturn|p2a: Checking|move: Roost
|
|upkeep
|turn|19
|
|t:|1776101580
|move|p1a: Great Tusk|Close Combat|p2a: Checking
|-damage|p2a: Checking|26/100
|-unboost|p1a: Great Tusk|def|1
|-unboost|p1a: Great Tusk|spd|1
|move|p2a: Checking|Roost|p2a: Checking
|-heal|p2a: Checking|76/100
|-singleturn|p2a: Checking|move: Roost
|
|upkeep
|turn|20
|
|t:|1776101586
|move|p1a: Great Tusk|Close Combat|p2a: Checking
|-damage|p2a: Checking|36/100
|-unboost|p1a: Great Tusk|def|1
|-unboost|p1a: Great Tusk|spd|1
|move|p2a: Checking|Foul Play|p1a: Great Tusk
|-damage|p1a: Great Tusk|0 fnt
|faint|p1a: Great Tusk
|-end|p1a: Great Tusk|Protosynthesis|[silent]
|
|upkeep
|
|t:|1776101588
|switch|p1a: Dragonite|Dragonite, F|100/100
|turn|21
|
|t:|1776101592
|move|p1a: Dragonite|Dragon Dance|p1a: Dragonite
|-boost|p1a: Dragonite|atk|1
|-boost|p1a: Dragonite|spe|1
|move|p2a: Checking|Roost|p2a: Checking
|-heal|p2a: Checking|86/100
|-singleturn|p2a: Checking|move: Roost
|
|upkeep
|turn|22
|
|t:|1776101596
|move|p1a: Dragonite|Encore|p2a: Checking
|-start|p2a: Checking|Encore
|move|p2a: Checking|Roost|p2a: Checking
|-heal|p2a: Checking|100/100
|-singleturn|p2a: Checking|move: Roost
|
|upkeep
|turn|23
|
|t:|1776101599
|switch|p2a: Checkaloo|Crocalor, M|100/100
|move|p1a: Dragonite|Dragon Dance|p1a: Dragonite
|-boost|p1a: Dragonite|atk|1
|-boost|p1a: Dragonite|spe|1
|
|upkeep
|turn|24
|
|t:|1776101601
|move|p1a: Dragonite|Scale Shot|p2a: Checkaloo
|-damage|p2a: Checkaloo|89/100
|-damage|p2a: Checkaloo|77/100
|-damage|p2a: Checkaloo|67/100
|-damage|p2a: Checkaloo|56/100
|-damage|p2a: Checkaloo|44/100
|-hitcount|p2a: Checkaloo|5
|-unboost|p1a: Dragonite|def|1
|-boost|p1a: Dragonite|spe|1
|move|p2a: Checkaloo|Will-O-Wisp|p1a: Dragonite
|-status|p1a: Dragonite|brn
|
|-damage|p1a: Dragonite|94/100 brn|[from] brn
|upkeep
|turn|25
|-message|abat489 forfeited.
|
|win|abate fabs
|raw|abat489's rating: 1289 &rarr; <strong>1268</strong><br />(-21 for losing)
|raw|abate fabs's rating: 1338 &rarr; <strong>1355</strong><br />(+17 for winning)
|l|‽abat489
|player|p1|
|l|☆abate fabs
|player|p2|
