|html|<div class="broadcast-blue"><strong>[Gen 9] OU is currently suspecting Tera Blast! For information on how to participate check out the <a href="https://www.smogon.com/tools/suspects/view/200">suspect thread</a>.</strong></div>
|j|☆monsaurus
|j|☆imie1234
|t:|1776197881
|gametype|singles
|player|p1|monsaurus|steven|1110
|player|p2|imie1234|1|1098
|gen|9
|tier|[Gen 9] OU
|rated|
|rule|HP Percentage Mod: HP is shown in percentages
|rule|Endless Battle Clause: Forcing endless battles is banned
|rule|Species Clause: Limit one of each Pokémon
|rule|OHKO Clause: OHKO moves are banned
|rule|Evasion Items Clause: Evasion items are banned
|rule|Evasion Moves Clause: Evasion moves are banned
|rule|Evasion Abilities Clause: Evasion abilities are banned
|rule|Sleep Moves Clause: Sleep-inducing moves are banned
|clearpoke
|poke|p1|Rillaboom, M|
|poke|p1|Serperior, M|
|poke|p1|Heatran, M|
|poke|p1|Gholdengo|
|poke|p1|Zamazenta-*|
|poke|p1|Great Tusk|
|poke|p2|Alomomola, M|
|poke|p2|Dragonite, M|
|poke|p2|Corviknight, M|
|poke|p2|Gliscor, M|
|poke|p2|Glimmora, M|
|poke|p2|Gholdengo|
|teampreview
|inactive|Battle timer is ON: inactive players will automatically lose when time's up. (requested by monsaurus)
|
|t:|1776197897
|teamsize|p1|6
|teamsize|p2|6
|start
|switch|p1a: Heatran|Heatran, M|100/100
|switch|p2a: Glimmora|Glimmora, M|100/100
|-item|p1a: Heatran|Air Balloon
|turn|1
|
|t:|1776197905
|move|p2a: Glimmora|Meteor Beam||[still]
|-prepare|p2a: Glimmora|Meteor Beam
|-boost|p2a: Glimmora|spa|1
|move|p1a: Heatran|Stealth Rock|p2a: Glimmora
|-sidestart|p2: imie1234|move: Stealth Rock
|
|upkeep
|turn|2
|
|t:|1776197916
|switch|p1a: Rillaboom|Rillaboom, M|100/100
|-fieldstart|move: Grassy Terrain|[from] ability: Grassy Surge|[of] p1a: Rillaboom
|move|p2a: Glimmora|Meteor Beam|p1a: Rillaboom|[from] lockedmove
|-damage|p1a: Rillaboom|4/100
|
|-heal|p1a: Rillaboom|10/100|[from] Grassy Terrain
|upkeep
|turn|3
|
|t:|1776197931
|switch|p1a: Serperior|Serperior, M|100/100
|move|p2a: Glimmora|Spiky Shield||[still]
|-fail|p2a: Glimmora
|
|upkeep
|turn|4
|
|t:|1776197942
|move|p1a: Serperior|Glare|p2a: Glimmora
|-status|p2a: Glimmora|par
|move|p2a: Glimmora|Spikes|p1a: Serperior
|-sidestart|p1: monsaurus|Spikes
|
|upkeep
|turn|5
|
|t:|1776197951
|switch|p1a: Great Tusk|Great Tusk|100/100
|-damage|p1a: Great Tusk|88/100|[from] Spikes
|-enditem|p1a: Great Tusk|Booster Energy
|-activate|p1a: Great Tusk|ability: Protosynthesis|[fromitem]
|-start|p1a: Great Tusk|protosynthesisspe
|move|p2a: Glimmora|Stealth Rock|p1a: Great Tusk
|-sidestart|p1: monsaurus|move: Stealth Rock
|
|-heal|p1a: Great Tusk|94/100|[from] Grassy Terrain
|upkeep
|turn|6
|
|t:|1776197966
|move|p1a: Great Tusk|Headlong Rush|p2a: Glimmora
|-supereffective|p2a: Glimmora
|-enditem|p2a: Glimmora|Focus Sash
|-damage|p2a: Glimmora|1/100 par
|-unboost|p1a: Great Tusk|def|1
|-unboost|p1a: Great Tusk|spd|1
|-activate|p2a: Glimmora|ability: Toxic Debris
|-sidestart|p1: monsaurus|move: Toxic Spikes
|cant|p2a: Glimmora|par
|
|-heal|p1a: Great Tusk|100/100|[from] Grassy Terrain
|-heal|p2a: Glimmora|7/100 par|[from] Grassy Terrain
|-fieldend|move: Grassy Terrain
|upkeep
|turn|7
|
|t:|1776197983
|move|p2a: Glimmora|Spiky Shield|p2a: Glimmora
|-singleturn|p2a: Glimmora|move: Protect
|move|p1a: Great Tusk|Rapid Spin|p2a: Glimmora
|-activate|p2a: Glimmora|move: Protect
|-damage|p1a: Great Tusk|88/100|[from] Spiky Shield|[of] p2a: Glimmora
|
|upkeep
|turn|8
|
|t:|1776197991
|switch|p2a: Gholdengo|Gholdengo|100/100
|-damage|p2a: Gholdengo|94/100|[from] Stealth Rock
|-item|p2a: Gholdengo|Air Balloon
|move|p1a: Great Tusk|Rapid Spin|p2a: Gholdengo
|-immune|p2a: Gholdengo
|
|upkeep
|turn|9
|
|t:|1776198006
|-end|p1a: Great Tusk|Protosynthesis|[silent]
|switch|p1a: Heatran|Heatran, M|100/100
|-damage|p1a: Heatran|88/100|[from] Stealth Rock
|-item|p1a: Heatran|Air Balloon
|move|p2a: Gholdengo|Dazzling Gleam|p1a: Heatran
|-resisted|p1a: Heatran
|-damage|p1a: Heatran|83/100
|-enditem|p1a: Heatran|Air Balloon
|
|upkeep
|turn|10
|
|t:|1776198023
|switch|p2a: Alomomola|Alomomola, M|100/100
|-damage|p2a: Alomomola|88/100|[from] Stealth Rock
|move|p1a: Heatran|Magma Storm|p2a: Alomomola
|-resisted|p2a: Alomomola
|-damage|p2a: Alomomola|63/100
|-activate|p2a: Alomomola|move: Magma Storm|[of] p1a: Heatran
|
|-heal|p2a: Alomomola|69/100|[from] item: Leftovers
|-damage|p2a: Alomomola|57/100|[from] move: Magma Storm|[partiallytrapped]
|upkeep
|turn|11
|
|t:|1776198044
|switch|p1a: Rillaboom|Rillaboom, M|10/100
|-damage|p1a: Rillaboom|0 fnt|[from] Spikes
|faint|p1a: Rillaboom
|move|p2a: Alomomola|Wish|p2a: Alomomola
|
|-heal|p2a: Alomomola|63/100|[from] item: Leftovers
|-end|p2a: Alomomola|Magma Storm|[partiallytrapped]|[silent]
|upkeep
|
|t:|1776198053
|switch|p1a: Great Tusk|Great Tusk|88/100
|-damage|p1a: Great Tusk|76/100|[from] Spikes
|-damage|p1a: Great Tusk|73/100|[from] Stealth Rock
|-status|p1a: Great Tusk|psn
|turn|12
|
|t:|1776198062
|switch|p2a: Gholdengo|Gholdengo|94/100
|-damage|p2a: Gholdengo|88/100|[from] Stealth Rock
|-item|p2a: Gholdengo|Air Balloon
|move|p1a: Great Tusk|Rapid Spin|p2a: Gholdengo
|-immune|p2a: Gholdengo
|
|-heal|p2a: Gholdengo|100/100|[from] move: Wish|[wisher] Alomomola
|-damage|p1a: Great Tusk|60/100 psn|[from] psn
|upkeep
|turn|13
|
|t:|1776198082
|-end|p1a: Great Tusk|Protosynthesis|[silent]
|switch|p1a: Heatran|Heatran, M|83/100
|-damage|p1a: Heatran|70/100|[from] Spikes
|-damage|p1a: Heatran|58/100|[from] Stealth Rock
|move|p2a: Gholdengo|Shadow Ball|p1a: Heatran
|-damage|p1a: Heatran|26/100
|
|upkeep
|turn|14
|
|t:|1776198092
|move|p2a: Gholdengo|Shadow Ball|p1a: Heatran
|-damage|p1a: Heatran|0 fnt
|faint|p1a: Heatran
|
|upkeep
|-message|monsaurus forfeited.
|
|win|imie1234
|raw|monsaurus's rating: 1110 &rarr; <strong>1084</strong><br />(-26 for losing)
|raw|imie1234's rating: 1098 &rarr; <strong>1124</strong><br />(+26 for winning)
|l|☆monsaurus
|player|p1|
|l|☆imie1234
|player|p2|
|j|☆imie1234
|player|p2|imie1234|1|
