|html|<div class="broadcast-blue"><strong>[Gen 9] OU is currently suspecting Tera Blast! For information on how to participate check out the <a href="https://www.smogon.com/tools/suspects/view/200">suspect thread</a>.</strong></div>
|j|☆V0ldy
|j|☆mathismathin
|t:|1776106775
|gametype|singles
|player|p1|V0ldy|102|1653
|player|p2|mathismathin|bugsy-masters|1839
|gen|9
|tier|[Gen 9] OU
|rated|
|rule|HP Percentage Mod: HP is shown in percentages
|rule|Endless Battle Clause: Forcing endless battles is banned
|rule|Species Clause: Limit one of each Pokémon
|rule|OHKO Clause: OHKO moves are banned
|rule|Evasion Items Clause: Evasion items are banned
|rule|Evasion Moves Clause: Evasion moves are banned
|rule|Evasion Abilities Clause: Evasion abilities are banned
|rule|Sleep Moves Clause: Sleep-inducing moves are banned
|clearpoke
|poke|p1|Indeedee, M|
|poke|p1|Hawlucha, M|
|poke|p1|Gallade, M|
|poke|p1|Armarouge, M|
|poke|p1|Polteageist-Antique|
|poke|p1|Excadrill, M|
|poke|p2|Enamorus, F|
|poke|p2|Scizor, M|
|poke|p2|Alomomola, F|
|poke|p2|Ditto|
|poke|p2|Maushold-Four|
|poke|p2|Great Tusk|
|teampreview
|
|t:|1776106800
|teamsize|p1|6
|teamsize|p2|6
|start
|switch|p1a: Excadrill|Excadrill, M|100/100
|switch|p2a: Alomomola|Alomomola, F|100/100
|-ability|p1a: Excadrill|Mold Breaker
|turn|1
|
|t:|1776106806
|move|p1a: Excadrill|Stealth Rock|p2a: Alomomola
|-sidestart|p2: mathismathin|move: Stealth Rock
|move|p2a: Alomomola|Flip Turn|p1a: Excadrill
|-supereffective|p1a: Excadrill
|-damage|p1a: Excadrill|52/100
|
|t:|1776106812
|switch|p2a: Maushold|Maushold-Four|100/100|[from] Flip Turn
|-damage|p2a: Maushold|88/100|[from] Stealth Rock
|
|upkeep
|turn|2
|
|t:|1776106817
|switch|p1a: Polteageist|Polteageist-Antique|100/100
|move|p2a: Maushold|Population Bomb|p1a: Polteageist
|-immune|p1a: Polteageist
|
|upkeep
|turn|3
|
|t:|1776106823
|move|p2a: Maushold|Tidy Up|p2a: Maushold
|-sideend|p2: mathismathin|Stealth Rock
|-activate|p2a: Maushold|move: Tidy Up
|-boost|p2a: Maushold|atk|1
|-boost|p2a: Maushold|spe|1
|move|p1a: Polteageist|Shell Smash|p1a: Polteageist
|-unboost|p1a: Polteageist|def|1
|-unboost|p1a: Polteageist|spd|1
|-boost|p1a: Polteageist|atk|2
|-boost|p1a: Polteageist|spa|2
|-boost|p1a: Polteageist|spe|2
|
|upkeep
|turn|4
|
|t:|1776106826
|move|p2a: Maushold|Encore|p1a: Polteageist
|-start|p1a: Polteageist|Encore
|move|p1a: Polteageist|Shell Smash|p1a: Polteageist
|-unboost|p1a: Polteageist|def|1
|-unboost|p1a: Polteageist|spd|1
|-boost|p1a: Polteageist|atk|2
|-boost|p1a: Polteageist|spa|2
|-boost|p1a: Polteageist|spe|2
|
|upkeep
|turn|5
|
|t:|1776106835
|switch|p1a: Excadrill|Excadrill, M|52/100
|-ability|p1a: Excadrill|Mold Breaker
|move|p2a: Maushold|Bite|p1a: Excadrill
|-damage|p1a: Excadrill|5/100
|
|upkeep
|turn|6
|-message|V0ldy forfeited.
|
|win|mathismathin
|raw|V0ldy's rating: 1653 &rarr; <strong>1643</strong><br />(-10 for losing)
|raw|mathismathin's rating: 1839 &rarr; <strong>1849</strong><br />(+10 for winning)
|l|☆V0ldy
|player|p1|
