|html|<div class="broadcast-blue"><strong>[Gen 9] OU is currently suspecting Tera Blast! For information on how to participate check out the <a href="https://www.smogon.com/tools/suspects/view/200">suspect thread</a>.</strong></div>
|j|☆truululu
|j|☆TenkaichiBudokai4
|t:|1776053658
|gametype|singles
|player|p1|truululu|102|1079
|player|p2|TenkaichiBudokai4|steven|1093
|gen|9
|tier|[Gen 9] OU
|rated|
|rule|HP Percentage Mod: HP is shown in percentages
|rule|Endless Battle Clause: Forcing endless battles is banned
|rule|Species Clause: Limit one of each Pokémon
|rule|OHKO Clause: OHKO moves are banned
|rule|Evasion Items Clause: Evasion items are banned
|rule|Evasion Moves Clause: Evasion moves are banned
|rule|Evasion Abilities Clause: Evasion abilities are banned
|rule|Sleep Moves Clause: Sleep-inducing moves are banned
|clearpoke
|poke|p1|Ninetales, M|
|poke|p1|Garchomp, F|
|poke|p1|Goodra-Hisui, F|
|poke|p1|Gengar, F|
|poke|p1|Dragapult, M|
|poke|p1|Corviknight, F|
|poke|p2|Iron Crown|
|poke|p2|Deoxys-Speed|
|poke|p2|Armarouge, M|
|poke|p2|Ogerpon, F|
|poke|p2|Samurott-Hisui, M|
|poke|p2|Iron Valiant|
|teampreview
|inactive|Battle timer is ON: inactive players will automatically lose when time's up. (requested by TenkaichiBudokai4)
|
|t:|1776053674
|teamsize|p1|6
|teamsize|p2|6
|start
|switch|p1a: :3|Ninetales, M, shiny|100/100
|switch|p2a: Deoxys|Deoxys-Speed|100/100
|-ability|p2a: Deoxys|Pressure
|turn|1
|c|☆TenkaichiBudokai4|glhf !
|
|t:|1776053702
|move|p2a: Deoxys|Psychic Terrain|p2a: Deoxys
|-fieldstart|move: Psychic Terrain
|move|p1a: :3|Substitute|p1a: :3
|-start|p1a: :3|Substitute
|-damage|p1a: :3|76/100
|
|-heal|p1a: :3|82/100|[from] item: Leftovers
|upkeep
|turn|2
|c|☆truululu|glhf !
|
|t:|1776053710
|move|p2a: Deoxys|Taunt|p1a: :3
|-start|p1a: :3|move: Taunt
|cant|p1a: :3|move: Taunt|Nasty Plot
|
|-heal|p1a: :3|88/100|[from] item: Leftovers
|upkeep
|turn|3
|
|t:|1776053718
|switch|p2a: choicespecs|Armarouge, M, shiny|100/100
|move|p1a: :3|Flamethrower|p2a: choicespecs
|-resisted|p2a: choicespecs
|-damage|p2a: choicespecs|79/100
|
|-heal|p1a: :3|94/100|[from] item: Leftovers
|upkeep
|turn|4
|
|t:|1776053736
|switch|p1a: Garchomp|Garchomp, F|100/100
|move|p2a: choicespecs|Expanding Force|p1a: Garchomp
|-damage|p1a: Garchomp|9/100
|
|upkeep
|turn|5
|
|t:|1776053748
|move|p2a: choicespecs|Endure|p2a: choicespecs
|-singleturn|p2a: choicespecs|move: Endure
|move|p1a: Garchomp|Earthquake|p2a: choicespecs
|-supereffective|p2a: choicespecs
|-activate|p2a: choicespecs|move: Endure
|-damage|p2a: choicespecs|1/100
|-ability|p2a: choicespecs|Weak Armor|boost
|-unboost|p2a: choicespecs|def|1
|-boost|p2a: choicespecs|spe|2
|-enditem|p2a: choicespecs|Weakness Policy
|-boost|p2a: choicespecs|atk|2|[from] item: Weakness Policy
|-boost|p2a: choicespecs|spa|2|[from] item: Weakness Policy
|-damage|p1a: Garchomp|0 fnt|[from] item: Life Orb
|faint|p1a: Garchomp
|
|upkeep
|c|☆truululu|amigo soy nuevo
|c|☆truululu|q veo
|c|☆truululu|XD
|inactive|truululu has 120 seconds left.
|
|t:|1776053789
|switch|p1a: Corviknight|Corviknight, F|100/100
|-ability|p1a: Corviknight|Pressure
|turn|6
|
|t:|1776053801
|move|p2a: choicespecs|Armor Cannon|p1a: Corviknight
|-supereffective|p1a: Corviknight
|-damage|p1a: Corviknight|0 fnt
|-unboost|p2a: choicespecs|def|1
|-unboost|p2a: choicespecs|spd|1
|faint|p1a: Corviknight
|
|upkeep
|
|t:|1776053809
|switch|p1a: Dragapult|Dragapult, M, shiny|100/100
|turn|7
|
|t:|1776053824
|move|p2a: choicespecs|Expanding Force|p1a: Dragapult
|-damage|p1a: Dragapult|0 fnt
|faint|p1a: Dragapult
|
|upkeep
|
|t:|1776053827
|switch|p1a: :3|Ninetales, M, shiny|94/100
|turn|8
|
|t:|1776053837
|move|p2a: choicespecs|Expanding Force|p1a: :3
|-damage|p1a: :3|0 fnt
|faint|p1a: :3
|
|-fieldend|move: Psychic Terrain
|upkeep
|
|t:|1776053839
|switch|p1a: Goodra|Goodra-Hisui, F|100/100
|turn|9
|
|t:|1776053853
|move|p2a: choicespecs|Armor Cannon|p1a: Goodra
|-damage|p1a: Goodra|52/100
|-unboost|p2a: choicespecs|def|1
|-unboost|p2a: choicespecs|spd|1
|move|p1a: Goodra|Flamethrower|p2a: choicespecs
|-resisted|p2a: choicespecs
|-damage|p2a: choicespecs|0 fnt
|faint|p2a: choicespecs
|
|upkeep
|c|☆truululu|o.o
|
|t:|1776053877
|switch|p2a: Iron Crown|Iron Crown|100/100
|-enditem|p2a: Iron Crown|Booster Energy
|-activate|p2a: Iron Crown|ability: Quark Drive|[fromitem]
|-start|p2a: Iron Crown|quarkdrivespa
|turn|10
|inactive|TenkaichiBudokai4 has 120 seconds left.
|
|t:|1776053899
|-terastallize|p2a: Iron Crown|Fighting
|move|p2a: Iron Crown|Focus Blast|p1a: Goodra|[miss]
|-miss|p2a: Iron Crown|p1a: Goodra
|move|p1a: Goodra|Flamethrower|p2a: Iron Crown
|-damage|p2a: Iron Crown|75/100
|
|upkeep
|turn|11
|inactive|TenkaichiBudokai4 has 120 seconds left.
|c|☆TenkaichiBudokai4|bruh
|inactive|truululu has 120 seconds left.
|
|t:|1776053939
|switch|p1a: Gengar|Gengar, F|100/100
|move|p2a: Iron Crown|Focus Blast|p1a: Gengar
|-immune|p1a: Gengar
|
|upkeep
|turn|12
|inactive|TenkaichiBudokai4 has 120 seconds left.
|
|t:|1776053959
|move|p1a: Gengar|Dazzling Gleam|p2a: Iron Crown
|-supereffective|p2a: Iron Crown
|-damage|p2a: Iron Crown|18/100
|move|p2a: Iron Crown|Tachyon Cutter|p1a: Gengar
|-damage|p1a: Gengar|43/100
|-start|p2a: Iron Crown|Disable|Tachyon Cutter|[from] ability: Cursed Body|[of] p1a: Gengar
|-damage|p1a: Gengar|0 fnt
|faint|p1a: Gengar
|-hitcount|p1: Gengar|2
|
|upkeep
|
|t:|1776053962
|switch|p1a: Goodra|Goodra-Hisui, F|52/100
|turn|13
|
|t:|1776053971
|move|p2a: Iron Crown|Focus Blast|p1a: Goodra
|-supereffective|p1a: Goodra
|-damage|p1a: Goodra|0 fnt
|faint|p1a: Goodra
|
|win|TenkaichiBudokai4
|raw|truululu's rating: 1079 &rarr; <strong>1058</strong><br />(-21 for losing)
|raw|TenkaichiBudokai4's rating: 1093 &rarr; <strong>1118</strong><br />(+25 for winning)
|l|☆truululu
|player|p1|
|c|☆TenkaichiBudokai4|GG!
