|html|<div class="broadcast-blue"><strong>[Gen 9] OU is currently suspecting Tera Blast! For information on how to participate check out the <a href="https://www.smogon.com/tools/suspects/view/200">suspect thread</a>.</strong></div>
|j|☆tjz222
|j|☆Joehenderson21
|t:|1776075901
|gametype|singles
|player|p1|tjz222|266|1136
|player|p2|Joehenderson21|170|1200
|gen|9
|tier|[Gen 9] OU
|rated|
|rule|HP Percentage Mod: HP is shown in percentages
|rule|Endless Battle Clause: Forcing endless battles is banned
|rule|Species Clause: Limit one of each Pokémon
|rule|OHKO Clause: OHKO moves are banned
|rule|Evasion Items Clause: Evasion items are banned
|rule|Evasion Moves Clause: Evasion moves are banned
|rule|Evasion Abilities Clause: Evasion abilities are banned
|rule|Sleep Moves Clause: Sleep-inducing moves are banned
|clearpoke
|poke|p1|Dragonite, F|
|poke|p1|Dondozo, F|
|poke|p1|Tyranitar, M|
|poke|p1|Darkrai|
|poke|p1|Skeledirge, F|
|poke|p1|Kingambit, M|
|poke|p2|Exeggutor, F|
|poke|p2|Torkoal, F|
|poke|p2|Walking Wake|
|poke|p2|Lycanroc, F|
|poke|p2|Incineroar, F|
|poke|p2|Sandy Shocks|
|teampreview
|
|t:|1776075922
|teamsize|p1|6
|teamsize|p2|6
|start
|switch|p1a: Darkrai|Darkrai|100/100
|switch|p2a: Lycanroc|Lycanroc, F|100/100
|turn|1
|
|t:|1776075933
|move|p1a: Darkrai|Nasty Plot|p1a: Darkrai
|-boost|p1a: Darkrai|spa|2
|move|p2a: Lycanroc|Stealth Rock|p1a: Darkrai
|-sidestart|p1: tjz222|move: Stealth Rock
|
|upkeep
|turn|2
|
|t:|1776075944
|move|p1a: Darkrai|Dark Pulse|p2a: Lycanroc
|-enditem|p2a: Lycanroc|Focus Sash
|-damage|p2a: Lycanroc|1/100
|cant|p2a: Lycanroc|flinch
|-ability|p2a: Lycanroc|Steadfast|boost
|-boost|p2a: Lycanroc|spe|1
|
|upkeep
|turn|3
|
|t:|1776075953
|move|p2a: Lycanroc|Endeavor|p1a: Darkrai
|-damage|p1a: Darkrai|1/100
|move|p1a: Darkrai|Dark Pulse|p2a: Lycanroc
|-damage|p2a: Lycanroc|0 fnt
|faint|p2a: Lycanroc
|
|upkeep
|
|t:|1776075977
|switch|p2a: Walking Wake|Walking Wake|100/100
|-enditem|p2a: Walking Wake|Booster Energy
|-activate|p2a: Walking Wake|ability: Protosynthesis|[fromitem]
|-start|p2a: Walking Wake|protosynthesisspa
|turn|4
|
|t:|1776075987
|move|p2a: Walking Wake|Aqua Jet|p1a: Darkrai
|-damage|p1a: Darkrai|0 fnt
|faint|p1a: Darkrai
|
|upkeep
|
|t:|1776075997
|switch|p1a: Dondozo|Dondozo, F|100/100
|-damage|p1a: Dondozo|88/100|[from] Stealth Rock
|turn|5
|
|t:|1776076004
|-end|p2a: Walking Wake|Protosynthesis|[silent]
|switch|p2a: Torkoal|Torkoal, F|100/100
|-weather|SunnyDay|[from] ability: Drought|[of] p2a: Torkoal
|move|p1a: Dondozo|Curse|p1a: Dondozo
|-unboost|p1a: Dondozo|spe|1
|-boost|p1a: Dondozo|atk|1
|-boost|p1a: Dondozo|def|1
|
|-weather|SunnyDay|[upkeep]
|-heal|p1a: Dondozo|94/100|[from] item: Leftovers
|upkeep
|turn|6
|
|t:|1776076019
|switch|p1a: Tyranitar|Tyranitar, M|100/100
|-damage|p1a: Tyranitar|88/100|[from] Stealth Rock
|-weather|Sandstorm|[from] ability: Sand Stream|[of] p1a: Tyranitar
|move|p2a: Torkoal|Will-O-Wisp|p1a: Tyranitar
|-status|p1a: Tyranitar|brn
|
|-weather|Sandstorm|[upkeep]
|-damage|p2a: Torkoal|94/100|[from] Sandstorm
|-damage|p1a: Tyranitar|82/100 brn|[from] brn
|upkeep
|turn|7
|
|t:|1776076038
|switch|p2a: Walking Wake|Walking Wake|100/100
|move|p1a: Tyranitar|Earthquake|p2a: Walking Wake
|-damage|p2a: Walking Wake|78/100
|
|-weather|Sandstorm|[upkeep]
|-damage|p2a: Walking Wake|72/100|[from] Sandstorm
|-damage|p1a: Tyranitar|76/100 brn|[from] brn
|upkeep
|turn|8
|
|t:|1776076060
|move|p2a: Walking Wake|Hydro Steam|p1a: Tyranitar
|-supereffective|p1a: Tyranitar
|-damage|p1a: Tyranitar|49/100 brn
|move|p1a: Tyranitar|Ice Punch|p2a: Walking Wake
|-damage|p2a: Walking Wake|56/100
|
|-weather|Sandstorm|[upkeep]
|-damage|p2a: Walking Wake|50/100|[from] Sandstorm
|-damage|p1a: Tyranitar|43/100 brn|[from] brn
|upkeep
|turn|9
|
|t:|1776076076
|move|p2a: Walking Wake|Hydro Steam|p1a: Tyranitar
|-supereffective|p1a: Tyranitar
|-damage|p1a: Tyranitar|12/100 brn
|move|p1a: Tyranitar|Earthquake|p2a: Walking Wake
|-damage|p2a: Walking Wake|27/100
|
|-weather|Sandstorm|[upkeep]
|-damage|p2a: Walking Wake|20/100|[from] Sandstorm
|-damage|p1a: Tyranitar|5/100 brn|[from] brn
|upkeep
|turn|10
|
|t:|1776076088
|move|p2a: Walking Wake|Hydro Steam|p1a: Tyranitar
|-supereffective|p1a: Tyranitar
|-damage|p1a: Tyranitar|0 fnt
|faint|p1a: Tyranitar
|
|-weather|none
|upkeep
|
|t:|1776076097
|switch|p1a: Kingambit|Kingambit, M|100/100
|-damage|p1a: Kingambit|94/100|[from] Stealth Rock
|turn|11
|
|t:|1776076103
|-end|p2a: Walking Wake|Protosynthesis|[silent]
|switch|p2a: Torkoal|Torkoal, F|94/100
|-weather|SunnyDay|[from] ability: Drought|[of] p2a: Torkoal
|move|p1a: Kingambit|Swords Dance|p1a: Kingambit
|-boost|p1a: Kingambit|atk|2
|
|-weather|SunnyDay|[upkeep]
|upkeep
|turn|12
|
|t:|1776076114
|-terastallize|p1a: Kingambit|Dark
|move|p1a: Kingambit|Kowtow Cleave|p2a: Torkoal
|-damage|p2a: Torkoal|1/100
|move|p2a: Torkoal|Lava Plume|p1a: Kingambit
|-damage|p1a: Kingambit|52/100
|
|-weather|SunnyDay|[upkeep]
|upkeep
|turn|13
|
|t:|1776076126
|move|p1a: Kingambit|Kowtow Cleave|p2a: Torkoal
|-damage|p2a: Torkoal|0 fnt
|faint|p2a: Torkoal
|
|-weather|SunnyDay|[upkeep]
|upkeep
|
|t:|1776076134
|switch|p2a: Incineroar|Incineroar, F|100/100
|-ability|p2a: Incineroar|Intimidate|boost
|-unboost|p1a: Kingambit|atk|1
|-ability|p1a: Kingambit|Defiant|boost
|-boost|p1a: Kingambit|atk|2
|turn|14
|
|t:|1776076146
|move|p1a: Kingambit|Sucker Punch|p2a: Incineroar
|-resisted|p2a: Incineroar
|-damage|p2a: Incineroar|20/100
|move|p2a: Incineroar|Flare Blitz|p1a: Kingambit
|-damage|p1a: Kingambit|0 fnt
|-damage|p2a: Incineroar|3/100|[from] item: Rocky Helmet|[of] p1a: Kingambit
|faint|p1a: Kingambit
|-damage|p2a: Incineroar|0 fnt|[from] Recoil
|faint|p2a: Incineroar
|
|-weather|SunnyDay|[upkeep]
|upkeep
|
|t:|1776076162
|switch|p2a: Exeggutor|Exeggutor, F|100/100
|switch|p1a: Skeledirge|Skeledirge, F|100/100
|-damage|p1a: Skeledirge|75/100|[from] Stealth Rock
|turn|15
|
|t:|1776076172
|-terastallize|p2a: Exeggutor|Fire
|move|p2a: Exeggutor|Growth|p2a: Exeggutor
|-boost|p2a: Exeggutor|atk|2
|-boost|p2a: Exeggutor|spa|2
|move|p1a: Skeledirge|Torch Song|p2a: Exeggutor
|-resisted|p2a: Exeggutor
|-crit|p2a: Exeggutor
|-damage|p2a: Exeggutor|30/100
|-boost|p1a: Skeledirge|spa|1
|-damage|p1a: Skeledirge|66/100|[from] item: Life Orb
|
|-weather|SunnyDay|[upkeep]
|upkeep
|turn|16
|
|t:|1776076186
|move|p2a: Exeggutor|Psychic|p1a: Skeledirge
|-damage|p1a: Skeledirge|0 fnt
|faint|p1a: Skeledirge
|-damage|p2a: Exeggutor|20/100|[from] item: Life Orb
|
|-weather|SunnyDay|[upkeep]
|upkeep
|
|t:|1776076194
|switch|p1a: Dragonite|Dragonite, F|100/100
|-damage|p1a: Dragonite|76/100|[from] Stealth Rock
|turn|17
|
|t:|1776076201
|move|p2a: Exeggutor|Psychic|p1a: Dragonite
|-damage|p1a: Dragonite|0 fnt
|faint|p1a: Dragonite
|-damage|p2a: Exeggutor|10/100|[from] item: Life Orb
|
|-weather|SunnyDay|[upkeep]
|upkeep
|
|t:|1776076210
|switch|p1a: Dondozo|Dondozo, F|94/100
|-damage|p1a: Dondozo|82/100|[from] Stealth Rock
|turn|18
|
|t:|1776076215
|move|p2a: Exeggutor|Solar Beam||[still]
|-prepare|p2a: Exeggutor|Solar Beam
|-anim|p2a: Exeggutor|Solar Beam|p1a: Dondozo
|-supereffective|p1a: Dondozo
|-damage|p1a: Dondozo|0 fnt
|faint|p1a: Dondozo
|-damage|p2a: Exeggutor|0 fnt|[from] item: Life Orb
|faint|p2a: Exeggutor
|
|win|Joehenderson21
|raw|tjz222's rating: 1136 &rarr; <strong>1116</strong><br />(-20 for losing)
|raw|Joehenderson21's rating: 1200 &rarr; <strong>1220</strong><br />(+20 for winning)
|l|☆tjz222
|player|p1|
|l|☆Joehenderson21
|player|p2|
