|html|<div class="broadcast-blue"><strong>[Gen 9] OU is currently suspecting Tera Blast! For information on how to participate check out the <a href="https://www.smogon.com/tools/suspects/view/200">suspect thread</a>.</strong></div>
|j|☆Silky4SQ
|j|☆LopunnyIsMyWife0
|t:|1776032270
|gametype|singles
|player|p1|Silky4SQ|biker-gen4|1121
|player|p2|LopunnyIsMyWife0|ghetsis|1154
|gen|9
|tier|[Gen 9] OU
|rated|
|rule|HP Percentage Mod: HP is shown in percentages
|rule|Endless Battle Clause: Forcing endless battles is banned
|rule|Species Clause: Limit one of each Pokémon
|rule|OHKO Clause: OHKO moves are banned
|rule|Evasion Items Clause: Evasion items are banned
|rule|Evasion Moves Clause: Evasion moves are banned
|rule|Evasion Abilities Clause: Evasion abilities are banned
|rule|Sleep Moves Clause: Sleep-inducing moves are banned
|clearpoke
|poke|p1|Hatterene, F|
|poke|p1|Pelipper, M|
|poke|p1|Hariyama, M|
|poke|p1|Cresselia, F|
|poke|p1|Ursaluna, M|
|poke|p1|Porygon2|
|poke|p2|Kingambit, F|
|poke|p2|Cinderace, F|
|poke|p2|Landorus-Therian, M|
|poke|p2|Iron Valiant|
|poke|p2|Slowking-Galar, M|
|poke|p2|Kyurem|
|teampreview
|j| ohko_smeargle
|
|t:|1776032294
|teamsize|p1|6
|teamsize|p2|6
|start
|switch|p1a: Sydney Sipme|Hatterene, F|100/100
|switch|p2a: Loki|Slowking-Galar, M, shiny|100/100
|turn|1
|
|t:|1776032309
|-terastallize|p1a: Sydney Sipme|Steel
|move|p2a: Loki|Sludge Bomb|p1a: Sydney Sipme
|-immune|p1a: Sydney Sipme
|move|p1a: Sydney Sipme|Trick Room|p1a: Sydney Sipme
|-fieldstart|move: Trick Room|[of] p1a: Sydney Sipme
|
|upkeep
|turn|2
|
|t:|1776032329
|move|p1a: Sydney Sipme|Psychic Noise|p2a: Loki
|-damage|p2a: Loki|76/100
|-start|p2a: Loki|move: Heal Block
|-prepare|p2a: Loki|Chilly Reception|[premajor]
|move|p2a: Loki|Chilly Reception|p2a: Loki
|-weather|Snowscape
|
|t:|1776032341
|switch|p2a: Sanji|Cinderace, F|100/100|[from] Chilly Reception
|
|-weather|Snowscape|[upkeep]
|upkeep
|turn|3
|
|t:|1776032349
|switch|p1a: Late Hibernation|Ursaluna, M|100/100
|move|p2a: Sanji|Pyro Ball|p1a: Late Hibernation
|-damage|p1a: Late Hibernation|65/100
|
|-weather|Snowscape|[upkeep]
|-status|p1a: Late Hibernation|brn|[from] item: Flame Orb
|upkeep
|turn|4
|
|t:|1776032369
|switch|p2a: Chopper|Landorus-Therian, M, shiny|100/100
|-ability|p2a: Chopper|Intimidate|boost
|-unboost|p1a: Late Hibernation|atk|1
|move|p1a: Late Hibernation|Facade|p2a: Chopper
|-damage|p2a: Chopper|24/100
|-damage|p1a: Late Hibernation|49/100 brn|[from] item: Rocky Helmet|[of] p2a: Chopper
|
|-weather|Snowscape|[upkeep]
|-damage|p1a: Late Hibernation|43/100 brn|[from] brn
|upkeep
|turn|5
|
|t:|1776032386
|move|p1a: Late Hibernation|Facade|p2a: Chopper
|-damage|p2a: Chopper|0 fnt
|-damage|p1a: Late Hibernation|26/100 brn|[from] item: Rocky Helmet|[of] p2a: Chopper
|faint|p2a: Chopper
|
|-weather|Snowscape|[upkeep]
|-damage|p1a: Late Hibernation|20/100 brn|[from] brn
|-fieldend|move: Trick Room
|upkeep
|
|t:|1776032398
|switch|p2a: Sanji|Cinderace, F|100/100
|turn|6
|
|t:|1776032418
|switch|p1a: JD Dance|Pelipper, M|100/100
|-weather|RainDance|[from] ability: Drizzle|[of] p1a: JD Dance
|move|p2a: Sanji|U-turn|p1a: JD Dance
|-start|p2a: Sanji|typechange|Bug|[from] ability: Libero
|-resisted|p1a: JD Dance
|-damage|p1a: JD Dance|87/100
|
|t:|1776032430
|switch|p2a: Loki|Slowking-Galar, M, shiny|100/100|[from] U-turn
|
|-weather|RainDance|[upkeep]
|upkeep
|turn|7
|
|t:|1776032438
|move|p1a: JD Dance|Knock Off|p2a: Loki
|-supereffective|p2a: Loki
|-damage|p2a: Loki|73/100
|-enditem|p2a: Loki|Focus Sash|[from] move: Knock Off|[of] p1a: JD Dance
|move|p2a: Loki|Psyshock|p1a: JD Dance
|-damage|p1a: JD Dance|56/100
|
|-weather|RainDance|[upkeep]
|upkeep
|turn|8
|
|t:|1776032447
|switch|p1a: Better Call Stall|Cresselia, F|100/100
|-prepare|p2a: Loki|Chilly Reception|[premajor]
|move|p2a: Loki|Chilly Reception|p2a: Loki
|-weather|Snowscape
|
|t:|1776032452
|switch|p2a: Top Tao|Kyurem, shiny|100/100|[from] Chilly Reception
|-ability|p2a: Top Tao|Pressure
|
|-weather|Snowscape|[upkeep]
|upkeep
|turn|9
|
|t:|1776032461
|move|p2a: Top Tao|Blizzard|p1a: Better Call Stall
|-damage|p1a: Better Call Stall|64/100
|move|p1a: Better Call Stall|Trick Room|p1a: Better Call Stall
|-fieldstart|move: Trick Room|[of] p1a: Better Call Stall
|
|-weather|Snowscape|[upkeep]
|upkeep
|turn|10
|
|t:|1776032469
|move|p1a: Better Call Stall|Moonblast|p2a: Top Tao
|-supereffective|p2a: Top Tao
|-damage|p2a: Top Tao|79/100
|move|p2a: Top Tao|Blizzard|p1a: Better Call Stall
|-damage|p1a: Better Call Stall|25/100
|
|-weather|Snowscape|[upkeep]
|upkeep
|turn|11
|
|t:|1776032482
|move|p1a: Better Call Stall|Moonblast|p2a: Top Tao
|-supereffective|p2a: Top Tao
|-damage|p2a: Top Tao|57/100
|move|p2a: Top Tao|Blizzard|p1a: Better Call Stall
|-damage|p1a: Better Call Stall|0 fnt
|faint|p1a: Better Call Stall
|
|-weather|Snowscape|[upkeep]
|upkeep
|
|t:|1776032489
|switch|p1a: Sydney Sipme|Hatterene, F, tera:Steel|100/100
|turn|12
|
|t:|1776032493
|move|p1a: Sydney Sipme|Dazzling Gleam|p2a: Top Tao
|-supereffective|p2a: Top Tao
|-damage|p2a: Top Tao|0 fnt
|faint|p2a: Top Tao
|
|-weather|none
|upkeep
|
|t:|1776032498
|switch|p2a: Sanji|Cinderace, F|100/100
|turn|13
|
|t:|1776032505
|switch|p1a: JD Dance|Pelipper, M|56/100
|-weather|RainDance|[from] ability: Drizzle|[of] p1a: JD Dance
|move|p2a: Sanji|Pyro Ball|p1a: JD Dance
|-resisted|p1a: JD Dance
|-damage|p1a: JD Dance|42/100
|-status|p1a: JD Dance|brn
|
|-weather|RainDance|[upkeep]
|-damage|p1a: JD Dance|36/100 brn|[from] brn
|-fieldend|move: Trick Room
|upkeep
|turn|14
|
|t:|1776032517
|move|p2a: Sanji|U-turn|p1a: JD Dance
|-start|p2a: Sanji|typechange|Bug|[from] ability: Libero
|-resisted|p1a: JD Dance
|-damage|p1a: JD Dance|22/100 brn
|
|t:|1776032521
|switch|p2a: Loki|Slowking-Galar, M, shiny|100/100|[from] U-turn
|move|p1a: JD Dance|Weather Ball|p2a: Loki
|-damage|p2a: Loki|40/100
|
|-weather|RainDance|[upkeep]
|-damage|p1a: JD Dance|16/100 brn|[from] brn
|upkeep
|turn|15
|
|t:|1776032544
|switch|p2a: Zoro|Iron Valiant|100/100
|-enditem|p2a: Zoro|Booster Energy
|-activate|p2a: Zoro|ability: Quark Drive|[fromitem]
|-start|p2a: Zoro|quarkdrivespe
|move|p1a: JD Dance|Weather Ball|p2a: Zoro
|-damage|p2a: Zoro|0 fnt
|faint|p2a: Zoro
|-end|p2a: Zoro|Quark Drive|[silent]
|
|-weather|RainDance|[upkeep]
|-damage|p1a: JD Dance|10/100 brn|[from] brn
|upkeep
|
|t:|1776032554
|switch|p2a: Loki|Slowking-Galar, M, shiny|74/100
|turn|16
|
|t:|1776032577
|move|p1a: JD Dance|Weather Ball|p2a: Loki
|-crit|p2a: Loki
|-damage|p2a: Loki|0 fnt
|faint|p2a: Loki
|
|-weather|RainDance|[upkeep]
|-damage|p1a: JD Dance|4/100 brn|[from] brn
|upkeep
|
|t:|1776032584
|switch|p2a: Sanji|Cinderace, F|100/100
|turn|17
|
|t:|1776032594
|move|p2a: Sanji|U-turn|p1a: JD Dance
|-start|p2a: Sanji|typechange|Bug|[from] ability: Libero
|-resisted|p1a: JD Dance
|-damage|p1a: JD Dance|0 fnt
|faint|p1a: JD Dance
|
|t:|1776032599
|switch|p2a: My King|Kingambit, F, shiny|100/100|[from] U-turn
|-activate|p2a: My King|ability: Supreme Overlord
|-start|p2a: My King|fallen4|[silent]
|
|-weather|none
|upkeep
|
|t:|1776032605
|switch|p1a: Sydney Sipme|Hatterene, F, tera:Steel|100/100
|turn|18
|
|t:|1776032623
|-end|p2a: My King|fallen4|[silent]
|switch|p2a: Sanji|Cinderace, F|100/100
|move|p1a: Sydney Sipme|Trick Room|p1a: Sydney Sipme
|-fieldstart|move: Trick Room|[of] p1a: Sydney Sipme
|
|upkeep
|turn|19
|
|t:|1776032630
|switch|p1a: Lindsay Throwhandz|Hariyama, M|100/100
|move|p2a: Sanji|Pyro Ball|p1a: Lindsay Throwhandz
|-damage|p1a: Lindsay Throwhandz|57/100
|
|upkeep
|turn|20
|
|t:|1776032636
|move|p1a: Lindsay Throwhandz|Drain Punch|p2a: Sanji
|-damage|p2a: Sanji|56/100
|-heal|p1a: Lindsay Throwhandz|75/100|[from] drain|[of] p2a: Sanji
|move|p2a: Sanji|Will-O-Wisp|p1a: Lindsay Throwhandz
|-status|p1a: Lindsay Throwhandz|brn
|
|-damage|p1a: Lindsay Throwhandz|69/100 brn|[from] brn
|upkeep
|turn|21
|
|t:|1776032647
|move|p1a: Lindsay Throwhandz|Drain Punch|p2a: Sanji
|-damage|p2a: Sanji|0 fnt
|-heal|p1a: Lindsay Throwhandz|93/100 brn|[from] drain|[of] p2a: Sanji
|faint|p2a: Sanji
|
|-damage|p1a: Lindsay Throwhandz|87/100 brn|[from] brn
|upkeep
|
|t:|1776032653
|switch|p2a: My King|Kingambit, F, shiny|100/100
|-activate|p2a: My King|ability: Supreme Overlord
|-start|p2a: My King|fallen5|[silent]
|turn|22
|
|t:|1776032669
|-terastallize|p2a: My King|Flying
|move|p1a: Lindsay Throwhandz|Belly Drum|p1a: Lindsay Throwhandz
|-damage|p1a: Lindsay Throwhandz|37/100 brn
|-setboost|p1a: Lindsay Throwhandz|atk|6|[from] move: Belly Drum
|-enditem|p1a: Lindsay Throwhandz|Sitrus Berry|[eat]
|-heal|p1a: Lindsay Throwhandz|62/100 brn|[from] item: Sitrus Berry
|move|p2a: My King|Swords Dance|p2a: My King
|-boost|p2a: My King|atk|2
|
|-damage|p1a: Lindsay Throwhandz|56/100 brn|[from] brn
|-fieldend|move: Trick Room
|upkeep
|turn|23
|
|t:|1776032685
|move|p2a: My King|Sucker Punch|p1a: Lindsay Throwhandz
|-resisted|p1a: Lindsay Throwhandz
|-damage|p1a: Lindsay Throwhandz|0 fnt
|faint|p1a: Lindsay Throwhandz
|-damage|p2a: My King|91/100|[from] item: Life Orb
|
|upkeep
|
|t:|1776032689
|switch|p1a: Duck Duck Goobs|Porygon2|100/100
|-ability|p1a: Duck Duck Goobs|Download|boost
|-boost|p1a: Duck Duck Goobs|spa|1
|turn|24
|
|t:|1776032697
|switch|p1a: Sydney Sipme|Hatterene, F, tera:Steel|100/100
|move|p2a: My King|Swords Dance|p2a: My King
|-boost|p2a: My King|atk|2
|
|upkeep
|turn|25
|
|t:|1776032705
|move|p2a: My King|Kowtow Cleave|p1a: Sydney Sipme
|-enditem|p1a: Sydney Sipme|Focus Sash
|-damage|p1a: Sydney Sipme|1/100
|-damage|p2a: My King|81/100|[from] item: Life Orb
|move|p1a: Sydney Sipme|Trick Room|p1a: Sydney Sipme
|-fieldstart|move: Trick Room|[of] p1a: Sydney Sipme
|
|upkeep
|turn|26
|
|t:|1776032712
|move|p2a: My King|Sucker Punch|p1a: Sydney Sipme
|-damage|p1a: Sydney Sipme|0 fnt
|faint|p1a: Sydney Sipme
|-damage|p2a: My King|71/100|[from] item: Life Orb
|
|upkeep
|
|t:|1776032714
|switch|p1a: Duck Duck Goobs|Porygon2|100/100
|-ability|p1a: Duck Duck Goobs|Download|boost
|-boost|p1a: Duck Duck Goobs|spa|1
|turn|27
|
|t:|1776032725
|move|p1a: Duck Duck Goobs|Thunder|p2a: My King
|-supereffective|p2a: My King
|-damage|p2a: My King|0 fnt
|faint|p2a: My King
|-end|p2a: My King|fallen5|[silent]
|
|win|Silky4SQ
|raw|Silky4SQ's rating: 1121 &rarr; <strong>1148</strong><br />(+27 for winning)
|raw|LopunnyIsMyWife0's rating: 1154 &rarr; <strong>1127</strong><br />(-27 for losing)
|l| ohko_smeargle
|c|☆Silky4SQ|g
|l|☆LopunnyIsMyWife0
|player|p2|
