|html|<div class="broadcast-blue"><strong>[Gen 9] OU is currently suspecting Tera Blast! For information on how to participate check out the <a href="https://www.smogon.com/tools/suspects/view/200">suspect thread</a>.</strong></div>
|j|☆chrisnwobu
|j|☆Nandu-17
|t:|1776086221
|gametype|singles
|player|p1|chrisnwobu|2|1442
|player|p2|Nandu-17|101|1498
|gen|9
|tier|[Gen 9] OU
|rated|
|rule|HP Percentage Mod: HP is shown in percentages
|rule|Endless Battle Clause: Forcing endless battles is banned
|rule|Species Clause: Limit one of each Pokémon
|rule|OHKO Clause: OHKO moves are banned
|rule|Evasion Items Clause: Evasion items are banned
|rule|Evasion Moves Clause: Evasion moves are banned
|rule|Evasion Abilities Clause: Evasion abilities are banned
|rule|Sleep Moves Clause: Sleep-inducing moves are banned
|clearpoke
|poke|p1|Alomomola, F|
|poke|p1|Corviknight, F|
|poke|p1|Hawlucha, M|
|poke|p1|Indeedee, M|
|poke|p1|Farigiraf, M|
|poke|p1|Ceruledge, M|
|poke|p2|Lokix, M|
|poke|p2|Sinistcha|
|poke|p2|Ting-Lu|
|poke|p2|Gholdengo|
|poke|p2|Dragonite, M|
|poke|p2|Hatterene, F|
|teampreview
|inactive|Battle timer is ON: inactive players will automatically lose when time's up. (requested by Nandu-17)
|
|t:|1776086247
|teamsize|p1|6
|teamsize|p2|6
|start
|switch|p1a: Indeedee|Indeedee, M|100/100
|switch|p2a: Ting-Lu|Ting-Lu|100/100
|-fieldstart|move: Psychic Terrain|[from] ability: Psychic Surge|[of] p1a: Indeedee
|-ability|p2a: Ting-Lu|Vessel of Ruin
|turn|1
|
|t:|1776086274
|switch|p1a: Hawlucha|Hawlucha, M|100/100
|-enditem|p1a: Hawlucha|Psychic Seed
|-boost|p1a: Hawlucha|spd|1|[from] item: Psychic Seed
|move|p2a: Ting-Lu|Stealth Rock|p1a: Hawlucha
|-sidestart|p1: chrisnwobu|move: Stealth Rock
|
|upkeep
|turn|2
|
|t:|1776086284
|switch|p2a: Gholdengo|Gholdengo|100/100
|move|p1a: Hawlucha|Encore|p2a: Gholdengo
|-immune|p2a: Gholdengo|[from] ability: Good as Gold
|
|upkeep
|turn|3
|
|t:|1776086301
|switch|p2a: Hatterene|Hatterene, F|100/100
|move|p1a: Hawlucha|Swords Dance|p1a: Hawlucha
|-boost|p1a: Hawlucha|atk|2
|
|upkeep
|turn|4
|
|t:|1776086314
|-terastallize|p1a: Hawlucha|Flying
|move|p1a: Hawlucha|Acrobatics|p2a: Hatterene
|-damage|p2a: Hatterene|0 fnt
|faint|p2a: Hatterene
|
|upkeep
|
|t:|1776086318
|switch|p2a: Ting-Lu|Ting-Lu|100/100
|-ability|p2a: Ting-Lu|Vessel of Ruin
|turn|5
|
|t:|1776086325
|-terastallize|p2a: Ting-Lu|Ghost
|move|p1a: Hawlucha|Close Combat|p2a: Ting-Lu
|-immune|p2a: Ting-Lu
|move|p2a: Ting-Lu|Whirlwind|p1a: Hawlucha
|drag|p1a: Alomomola|Alomomola, F|100/100
|-damage|p1a: Alomomola|88/100|[from] Stealth Rock
|
|upkeep
|turn|6
|
|t:|1776086337
|move|p1a: Alomomola|Flip Turn|p2a: Ting-Lu
|-damage|p2a: Ting-Lu|94/100
|
|t:|1776086344
|switch|p1a: Hawlucha|Hawlucha, M, tera:Flying|100/100|[from] Flip Turn
|-damage|p1a: Hawlucha|76/100|[from] Stealth Rock
|move|p2a: Ting-Lu|Whirlwind|p1a: Hawlucha
|drag|p1a: Ceruledge|Ceruledge, M|100/100
|-damage|p1a: Ceruledge|76/100|[from] Stealth Rock
|
|-heal|p2a: Ting-Lu|99/100|[from] item: Leftovers
|upkeep
|turn|7
|
|t:|1776086363
|move|p1a: Ceruledge|Poltergeist|p2a: Ting-Lu
|-activate|p2a: Ting-Lu|move: Poltergeist|Leftovers
|-supereffective|p2a: Ting-Lu
|-damage|p2a: Ting-Lu|58/100
|move|p2a: Ting-Lu|Earthquake|p1a: Ceruledge
|-supereffective|p1a: Ceruledge
|-damage|p1a: Ceruledge|0 fnt
|faint|p1a: Ceruledge
|
|-heal|p2a: Ting-Lu|64/100|[from] item: Leftovers
|upkeep
|inactive|chrisnwobu has 120 seconds left.
|
|t:|1776086403
|switch|p1a: Corviknight|Corviknight, F|100/100
|-damage|p1a: Corviknight|88/100|[from] Stealth Rock
|-ability|p1a: Corviknight|Pressure
|turn|8
|
|t:|1776086407
|switch|p2a: Gholdengo|Gholdengo|100/100
|move|p1a: Corviknight|Defog|p2a: Gholdengo
|-immune|p2a: Gholdengo|[from] ability: Good as Gold
|
|-fieldend|move: Psychic Terrain
|upkeep
|turn|9
|
|t:|1776086417
|move|p2a: Gholdengo|Thunderbolt|p1a: Corviknight
|-supereffective|p1a: Corviknight
|-damage|p1a: Corviknight|27/100
|move|p1a: Corviknight|U-turn|p2a: Gholdengo
|-resisted|p2a: Gholdengo
|-damage|p2a: Gholdengo|97/100
|inactive|chrisnwobu has 120 seconds left.
|
|t:|1776086431
|switch|p1a: Indeedee|Indeedee, M|100/100|[from] U-turn
|-damage|p1a: Indeedee|88/100|[from] Stealth Rock
|-fieldstart|move: Psychic Terrain|[from] ability: Psychic Surge|[of] p1a: Indeedee
|
|upkeep
|turn|10
|inactive|chrisnwobu has 120 seconds left.
|
|t:|1776086445
|switch|p2a: Lokix|Lokix, M|100/100
|switch|p1a: Alomomola|Alomomola, F|100/100
|-damage|p1a: Alomomola|88/100|[from] Stealth Rock
|
|upkeep
|turn|11
|
|t:|1776086454
|move|p2a: Lokix|Knock Off|p1a: Alomomola
|-damage|p1a: Alomomola|40/100
|-enditem|p1a: Alomomola|Assault Vest|[from] move: Knock Off|[of] p2a: Lokix
|move|p1a: Alomomola|Flip Turn|p2a: Lokix
|-damage|p2a: Lokix|78/100
|inactive|chrisnwobu has 120 seconds left.
|
|t:|1776086475
|switch|p1a: Indeedee|Indeedee, M|88/100|[from] Flip Turn
|-damage|p1a: Indeedee|76/100|[from] Stealth Rock
|
|upkeep
|turn|12
|inactive|chrisnwobu has 120 seconds left.
|
|t:|1776086483
|move|p1a: Indeedee|Dazzling Gleam|p2a: Lokix
|-supereffective|p2a: Lokix
|-damage|p2a: Lokix|0 fnt
|faint|p2a: Lokix
|
|upkeep
|
|t:|1776086489
|switch|p2a: Gholdengo|Gholdengo|97/100
|turn|13
|
|t:|1776086504
|move|p2a: Gholdengo|Thunderbolt|p1a: Indeedee
|-damage|p1a: Indeedee|33/100
|move|p1a: Indeedee|Healing Wish|p1a: Indeedee
|faint|p1a: Indeedee
|
|upkeep
|
|t:|1776086511
|switch|p1a: Farigiraf|Farigiraf, M|100/100
|-damage|p1a: Farigiraf|88/100|[from] Stealth Rock
|turn|14
|
|t:|1776086517
|switch|p2a: Sinistcha|Sinistcha|100/100
|move|p1a: Farigiraf|Agility|p1a: Farigiraf
|-boost|p1a: Farigiraf|spe|2
|
|upkeep
|turn|15
|
|t:|1776086525
|move|p1a: Farigiraf|Expanding Force|p2a: Sinistcha
|-damage|p2a: Sinistcha|0 fnt
|faint|p2a: Sinistcha
|
|upkeep
|
|t:|1776086537
|switch|p2a: Ting-Lu|Ting-Lu, tera:Ghost|64/100
|-ability|p2a: Ting-Lu|Vessel of Ruin
|turn|16
|
|t:|1776086546
|move|p1a: Farigiraf|Expanding Force|p2a: Ting-Lu
|-damage|p2a: Ting-Lu|3/100
|move|p2a: Ting-Lu|Whirlwind|p1a: Farigiraf
|drag|p1a: Hawlucha|Hawlucha, M, tera:Flying|76/100
|-heal|p1a: Hawlucha|100/100|[from] move: Healing Wish
|-damage|p1a: Hawlucha|76/100|[from] Stealth Rock
|
|-heal|p2a: Ting-Lu|9/100|[from] item: Leftovers
|-fieldend|move: Psychic Terrain
|upkeep
|turn|17
|
|t:|1776086556
|move|p1a: Hawlucha|Acrobatics|p2a: Ting-Lu
|-damage|p2a: Ting-Lu|0 fnt
|faint|p2a: Ting-Lu
|
|upkeep
|
|t:|1776086558
|switch|p2a: Dragonite|Dragonite, M|100/100
|turn|18
|
|t:|1776086573
|move|p1a: Hawlucha|Acrobatics|p2a: Dragonite
|-damage|p2a: Dragonite|64/100
|move|p2a: Dragonite|Dragon Dance|p2a: Dragonite
|-boost|p2a: Dragonite|atk|1
|-boost|p2a: Dragonite|spe|1
|
|upkeep
|turn|19
|
|t:|1776086576
|move|p2a: Dragonite|Extreme Speed|p1a: Hawlucha
|-damage|p1a: Hawlucha|7/100
|move|p1a: Hawlucha|Encore|p2a: Dragonite
|-start|p2a: Dragonite|Encore
|
|upkeep
|turn|20
|
|t:|1776086588
|move|p2a: Dragonite|Extreme Speed|p1a: Hawlucha
|-damage|p1a: Hawlucha|0 fnt
|faint|p1a: Hawlucha
|
|upkeep
|
|t:|1776086593
|switch|p1a: Corviknight|Corviknight, F|27/100
|-damage|p1a: Corviknight|14/100|[from] Stealth Rock
|-ability|p1a: Corviknight|Pressure
|turn|21
|
|t:|1776086597
|switch|p2a: Gholdengo|Gholdengo|97/100
|move|p1a: Corviknight|Brave Bird|p2a: Gholdengo
|-resisted|p2a: Gholdengo
|-crit|p2a: Gholdengo
|-damage|p2a: Gholdengo|67/100
|-damage|p1a: Corviknight|7/100|[from] Recoil
|
|upkeep
|turn|22
|j| carl we
|
|t:|1776086613
|switch|p1a: Farigiraf|Farigiraf, M|88/100
|-damage|p1a: Farigiraf|76/100|[from] Stealth Rock
|move|p2a: Gholdengo|Thunderbolt|p1a: Farigiraf
|-damage|p1a: Farigiraf|36/100
|-status|p1a: Farigiraf|par
|
|upkeep
|turn|23
|l| carl we
|
|t:|1776086620
|move|p2a: Gholdengo|Thunderbolt|p1a: Farigiraf
|-damage|p1a: Farigiraf|0 fnt
|faint|p1a: Farigiraf
|
|upkeep
|
|t:|1776086627
|switch|p1a: Alomomola|Alomomola, F|73/100
|-damage|p1a: Alomomola|61/100|[from] Stealth Rock
|turn|24
|
|t:|1776086630
|move|p2a: Gholdengo|Thunderbolt|p1a: Alomomola
|-supereffective|p1a: Alomomola
|-damage|p1a: Alomomola|14/100
|move|p1a: Alomomola|Mirror Coat|p2a: Gholdengo
|-damage|p2a: Gholdengo|0 fnt
|faint|p2a: Gholdengo
|
|upkeep
|
|t:|1776086636
|switch|p2a: Dragonite|Dragonite, M|64/100
|turn|25
|
|t:|1776086644
|switch|p1a: Corviknight|Corviknight, F|7/100
|-damage|p1a: Corviknight|0 fnt|[from] Stealth Rock
|faint|p1a: Corviknight
|move|p2a: Dragonite|Earthquake|p1: Corviknight|[notarget]
|-fail|p2a: Dragonite
|
|upkeep
|
|t:|1776086646
|switch|p1a: Alomomola|Alomomola, F|47/100
|-damage|p1a: Alomomola|35/100|[from] Stealth Rock
|turn|26
|
|t:|1776086649
|move|p2a: Dragonite|Dragon Dance|p2a: Dragonite
|-boost|p2a: Dragonite|atk|1
|-boost|p2a: Dragonite|spe|1
|move|p1a: Alomomola|Scald|p2a: Dragonite
|-resisted|p2a: Dragonite
|-damage|p2a: Dragonite|57/100
|
|upkeep
|turn|27
|
|t:|1776086657
|move|p2a: Dragonite|Earthquake|p1a: Alomomola
|-damage|p1a: Alomomola|0 fnt
|faint|p1a: Alomomola
|
|win|Nandu-17
|raw|chrisnwobu's rating: 1442 &rarr; <strong>1425</strong><br />(-17 for losing)
|raw|Nandu-17's rating: 1498 &rarr; <strong>1515</strong><br />(+17 for winning)
|l|☆Nandu-17
|player|p2|
