|html|<div class="broadcast-blue"><strong>[Gen 9] OU is currently suspecting Volcarona! For information on how to participate check out the <a href="https://www.smogon.com/tools/suspects/view/208">suspect thread</a>.</strong></div>
|j|☆toasty-fy3
|j|☆No1ShipPoster
|t:|1778516049
|gametype|singles
|player|p1|toasty-fy3|266|1417
|player|p2|No1ShipPoster|fantina|1416
|gen|9
|tier|[Gen 9] OU
|rated|
|rule|HP Percentage Mod: HP is shown in percentages
|rule|Endless Battle Clause: Forcing endless battles is banned
|rule|Species Clause: Limit one of each Pokémon
|rule|OHKO Clause: OHKO moves are banned
|rule|Evasion Items Clause: Evasion items are banned
|rule|Evasion Moves Clause: Evasion moves are banned
|rule|Evasion Abilities Clause: Evasion abilities are banned
|rule|Sleep Moves Clause: Sleep-inducing moves are banned
|clearpoke
|poke|p1|Ceruledge, F|
|poke|p1|Ambipom, F|
|poke|p1|Great Tusk|
|poke|p1|Slowking-Galar, M|
|poke|p1|Ogerpon-Wellspring, F|
|poke|p1|Samurott-Hisui, F|
|poke|p2|Volcarona, F|
|poke|p2|Rillaboom, M|
|poke|p2|Hatterene, F|
|poke|p2|Great Tusk|
|poke|p2|Ogerpon-Wellspring, F|
|poke|p2|Glimmora, M|
|teampreview
|inactive|Battle timer is ON: inactive players will automatically lose when time's up. (requested by toasty-fy3)
|
|t:|1778516059
|teamsize|p1|6
|teamsize|p2|6
|start
|switch|p1a: Great Tusk|Great Tusk|100/100
|switch|p2a: Glimmora|Glimmora, M|100/100
|turn|1
|
|t:|1778516066
|move|p2a: Glimmora|Stealth Rock|p1a: Great Tusk
|-sidestart|p1: toasty-fy3|move: Stealth Rock
|move|p1a: Great Tusk|Stealth Rock|p2a: Glimmora
|-sidestart|p2: No1ShipPoster|move: Stealth Rock
|
|upkeep
|turn|2
|
|t:|1778516070
|move|p2a: Glimmora|Mortal Spin|p1a: Great Tusk
|-resisted|p1a: Great Tusk
|-damage|p1a: Great Tusk|99/100
|-status|p1a: Great Tusk|psn
|-sideend|p2: No1ShipPoster|Stealth Rock|[from] move: Mortal Spin|[of] p2a: Glimmora
|move|p1a: Great Tusk|Earthquake|p2a: Glimmora
|-supereffective|p2a: Glimmora
|-damage|p2a: Glimmora|0 fnt
|-activate|p2a: Glimmora|ability: Toxic Debris
|-sidestart|p1: toasty-fy3|move: Toxic Spikes
|faint|p2a: Glimmora
|
|-damage|p1a: Great Tusk|86/100 psn|[from] psn
|upkeep
|
|t:|1778516095
|switch|p2a: Ogerpon|Ogerpon-Wellspring, F|100/100
|turn|3
|
|t:|1778516102
|-end|p1a: Great Tusk|Protosynthesis|[silent]
|switch|p1a: Slowking|Slowking-Galar, M|100/100
|-damage|p1a: Slowking|88/100|[from] Stealth Rock
|-sideend|p1: toasty-fy3|move: Toxic Spikes|[of] p1a: Slowking
|move|p2a: Ogerpon|Ivy Cudgel|p1a: Slowking|[anim] Ivy Cudgel Water
|-damage|p1a: Slowking|22/100
|
|-heal|p1a: Slowking|28/100|[from] item: Leftovers
|upkeep
|turn|4
|
|t:|1778516114
|switch|p1a: Ogerpon|Ogerpon-Wellspring, F|100/100
|-damage|p1a: Ogerpon|88/100|[from] Stealth Rock
|move|p2a: Ogerpon|Ivy Cudgel|p1a: Ogerpon|[anim] Ivy Cudgel Water
|-heal|p1a: Ogerpon|100/100|[from] ability: Water Absorb|[of] p2a: Ogerpon
|
|upkeep
|turn|5
|
|t:|1778516124
|switch|p2a: Volcarona|Volcarona, F|100/100
|move|p1a: Ogerpon|Encore||[still]
|-fail|p1a: Ogerpon
|
|upkeep
|turn|6
|inactive|toasty-fy3 has 120 seconds left.
|
|t:|1778516164
|switch|p2a: Rillaboom|Rillaboom, M|100/100
|-fieldstart|move: Grassy Terrain|[from] ability: Grassy Surge|[of] p2a: Rillaboom
|-terastallize|p1a: Ogerpon|Water
|detailschange|p1a: Ogerpon|Ogerpon-Wellspring-Tera, F, tera:Water
|-ability|p1a: Ogerpon|Embody Aspect (Wellspring)|boost
|-boost|p1a: Ogerpon|spd|1
|move|p1a: Ogerpon|Ivy Cudgel|p2a: Rillaboom|[anim] Ivy Cudgel Water
|-resisted|p2a: Rillaboom
|-damage|p2a: Rillaboom|64/100
|
|-heal|p2a: Rillaboom|70/100|[from] Grassy Terrain
|upkeep
|turn|7
|
|t:|1778516178
|switch|p1a: Slowking|Slowking-Galar, M|61/100
|-damage|p1a: Slowking|48/100|[from] Stealth Rock
|move|p2a: Rillaboom|Grassy Glide|p1a: Slowking
|-resisted|p1a: Slowking
|-damage|p1a: Slowking|26/100
|
|-heal|p2a: Rillaboom|76/100|[from] Grassy Terrain
|-heal|p1a: Slowking|32/100|[from] Grassy Terrain
|-heal|p1a: Slowking|39/100|[from] item: Leftovers
|upkeep
|turn|8
|inactive|toasty-fy3 has 120 seconds left.
|
|t:|1778516195
|move|p2a: Rillaboom|Knock Off|p1a: Slowking
|-supereffective|p1a: Slowking
|-damage|p1a: Slowking|0 fnt
|-enditem|p1a: Slowking|Leftovers|[from] move: Knock Off|[of] p2a: Rillaboom
|faint|p1a: Slowking
|
|-heal|p2a: Rillaboom|82/100|[from] Grassy Terrain
|upkeep
|
|t:|1778516199
|switch|p1a: Ceruledge|Ceruledge, F|100/100
|-damage|p1a: Ceruledge|76/100|[from] Stealth Rock
|turn|9
|
|t:|1778516207
|-terastallize|p2a: Rillaboom|Fire
|move|p1a: Ceruledge|Bitter Blade|p2a: Rillaboom
|-resisted|p2a: Rillaboom
|-damage|p2a: Rillaboom|55/100
|-heal|p1a: Ceruledge|94/100|[from] drain|[of] p2a: Rillaboom
|-damage|p1a: Ceruledge|84/100|[from] item: Life Orb
|move|p2a: Rillaboom|Knock Off|p1a: Ceruledge
|-supereffective|p1a: Ceruledge
|-damage|p1a: Ceruledge|0 fnt
|-enditem|p1a: Ceruledge|Life Orb|[from] move: Knock Off|[of] p2a: Rillaboom
|faint|p1a: Ceruledge
|
|-heal|p2a: Rillaboom|61/100|[from] Grassy Terrain
|upkeep
|inactive|toasty-fy3 has 120 seconds left.
|
|t:|1778516220
|switch|p1a: Ambipom|Ambipom, F|100/100
|-damage|p1a: Ambipom|88/100|[from] Stealth Rock
|turn|10
|
|t:|1778516229
|switch|p2a: Volcarona|Volcarona, F|100/100
|-enditem|p2a: Volcarona|Grassy Seed
|-boost|p2a: Volcarona|def|1|[from] item: Grassy Seed
|move|p1a: Ambipom|Fake Out|p2a: Volcarona
|-damage|p2a: Volcarona|71/100
|
|-heal|p1a: Ambipom|94/100|[from] Grassy Terrain
|-heal|p2a: Volcarona|77/100|[from] Grassy Terrain
|upkeep
|turn|11
|
|t:|1778516240
|move|p1a: Ambipom|Double-Edge|p2a: Volcarona
|-damage|p2a: Volcarona|9/100
|-status|p1a: Ambipom|brn|[from] ability: Flame Body|[of] p2a: Volcarona
|-damage|p1a: Ambipom|70/100 brn|[from] Recoil
|move|p2a: Volcarona|Fiery Dance|p1a: Ambipom
|-damage|p1a: Ambipom|0 fnt
|faint|p1a: Ambipom
|
|-heal|p2a: Volcarona|15/100|[from] Grassy Terrain
|upkeep
|
|t:|1778516245
|switch|p1a: Great Tusk|Great Tusk|86/100 psn
|turn|12
|-message|toasty-fy3 forfeited.
|
|win|No1ShipPoster
|raw|toasty-fy3's rating: 1417 &rarr; <strong>1397</strong><br />(-20 for losing)
|raw|No1ShipPoster's rating: 1416 &rarr; <strong>1436</strong><br />(+20 for winning)
|l|☆toasty-fy3
|player|p1|
|c|☆No1ShipPoster|Gg
|l|☆No1ShipPoster
|player|p2|
