|html|<div class="broadcast-blue"><strong>[Gen 9] OU is currently suspecting Tera Blast! For information on how to participate check out the <a href="https://www.smogon.com/tools/suspects/view/200">suspect thread</a>.</strong></div>
|j|‽ijiwa
|j|☆mfgunax
|t:|1776063902
|gametype|singles
|player|p1|ijiwa|preschooler|1132
|player|p2|mfgunax|giovanni|1170
|gen|9
|tier|[Gen 9] OU
|rated|
|rule|HP Percentage Mod: HP is shown in percentages
|rule|Endless Battle Clause: Forcing endless battles is banned
|rule|Species Clause: Limit one of each Pokémon
|rule|OHKO Clause: OHKO moves are banned
|rule|Evasion Items Clause: Evasion items are banned
|rule|Evasion Moves Clause: Evasion moves are banned
|rule|Evasion Abilities Clause: Evasion abilities are banned
|rule|Sleep Moves Clause: Sleep-inducing moves are banned
|clearpoke
|poke|p1|Great Tusk|
|poke|p1|Meowscarada, F|
|poke|p1|Vikavolt, M|
|poke|p1|Espeon, F|
|poke|p1|Scizor, M|
|poke|p1|Qwilfish, M|
|poke|p2|Gliscor, F|
|poke|p2|Enamorus, F|
|poke|p2|Rotom-Heat|
|poke|p2|Glimmora, F|
|poke|p2|Duraludon, F|
|poke|p2|Samurott-Hisui, F|
|teampreview
|inactive|Battle timer is ON: inactive players will automatically lose when time's up. (requested by ijiwa)
|inactive|mfgunax also wants the timer to be on.
|
|t:|1776063915
|teamsize|p1|6
|teamsize|p2|6
|start
|switch|p1a: Espeon|Espeon, F|100/100
|switch|p2a: Gliscor|Gliscor, F|100/100
|turn|1
|
|t:|1776063926
|move|p1a: Espeon|Psychic Noise|p2a: Gliscor
|-damage|p2a: Gliscor|31/100
|-start|p2a: Gliscor|move: Heal Block
|move|p2a: Gliscor|Stealth Rock|p1a: Espeon
|move|p1a: Espeon|Stealth Rock|p2a: Gliscor|[from] ability: Magic Bounce
|-sidestart|p2: mfgunax|move: Stealth Rock
|
|-status|p2a: Gliscor|tox|[from] item: Toxic Orb
|upkeep
|turn|2
|
|t:|1776063941
|switch|p2a: Samurott|Samurott-Hisui, F|100/100
|-damage|p2a: Samurott|88/100|[from] Stealth Rock
|move|p1a: Espeon|Psychic Noise|p2a: Samurott
|-immune|p2a: Samurott
|
|upkeep
|turn|3
|
|t:|1776063952
|switch|p1a: Qwilfish|Qwilfish, M|100/100
|-ability|p1a: Qwilfish|Intimidate|boost
|-unboost|p2a: Samurott|atk|1
|move|p2a: Samurott|Ceaseless Edge|p1a: Qwilfish
|-damage|p1a: Qwilfish|73/100
|-damage|p2a: Samurott|72/100|[from] item: Rocky Helmet|[of] p1a: Qwilfish
|-sidestart|p1: ijiwa|Spikes
|
|upkeep
|turn|4
|
|t:|1776063968
|switch|p2a: Glimmora|Glimmora, F|100/100
|-damage|p2a: Glimmora|88/100|[from] Stealth Rock
|move|p1a: Qwilfish|Flip Turn|p2a: Glimmora
|-supereffective|p2a: Glimmora
|-damage|p2a: Glimmora|50/100
|-activate|p2a: Glimmora|ability: Toxic Debris
|-sidestart|p1: ijiwa|move: Toxic Spikes
|
|t:|1776063977
|switch|p1a: Great Tusk|Great Tusk|100/100|[from] Flip Turn
|-damage|p1a: Great Tusk|88/100|[from] Spikes
|-status|p1a: Great Tusk|psn
|
|-damage|p1a: Great Tusk|76/100 psn|[from] psn
|upkeep
|turn|5
|
|t:|1776063984
|move|p2a: Glimmora|Mortal Spin|p1a: Great Tusk
|-resisted|p1a: Great Tusk
|-damage|p1a: Great Tusk|74/100 psn
|-sideend|p2: mfgunax|Stealth Rock|[from] move: Mortal Spin|[of] p2a: Glimmora
|move|p1a: Great Tusk|Close Combat|p2a: Glimmora
|-damage|p2a: Glimmora|0 fnt
|-unboost|p1a: Great Tusk|def|1
|-unboost|p1a: Great Tusk|spd|1
|-activate|p2a: Glimmora|ability: Toxic Debris
|-sidestart|p1: ijiwa|move: Toxic Spikes
|faint|p2a: Glimmora
|-enditem|p1a: Great Tusk|Eject Pack
|
|t:|1776063987
|-end|p1a: Great Tusk|Protosynthesis|[silent]
|switch|p1a: Meowscarada|Meowscarada, F|100/100
|-damage|p1a: Meowscarada|88/100|[from] Spikes
|-status|p1a: Meowscarada|tox
|
|-damage|p1a: Meowscarada|82/100 tox|[from] psn
|upkeep
|
|t:|1776064011
|switch|p2a: Duraludon|Duraludon, F|100/100
|turn|6
|
|t:|1776064018
|move|p1a: Meowscarada|Copycat|p1a: Meowscarada
|move|p1a: Meowscarada|Close Combat|p2a: Duraludon|[from] move: Copycat
|-start|p1a: Meowscarada|typechange|Fighting|[from] ability: Protean
|-supereffective|p2a: Duraludon
|-damage|p2a: Duraludon|0 fnt
|-unboost|p1a: Meowscarada|def|1
|-unboost|p1a: Meowscarada|spd|1
|faint|p2a: Duraludon
|-damage|p1a: Meowscarada|72/100 tox|[from] item: Life Orb
|
|-damage|p1a: Meowscarada|60/100 tox|[from] psn
|upkeep
|
|t:|1776064027
|switch|p2a: Rotom|Rotom-Heat|100/100
|turn|7
|
|t:|1776064037
|move|p1a: Meowscarada|Knock Off|p2a: Rotom
|-damage|p2a: Rotom|54/100
|-enditem|p2a: Rotom|Life Orb|[from] move: Knock Off|[of] p1a: Meowscarada
|-damage|p1a: Meowscarada|50/100 tox|[from] item: Life Orb
|move|p2a: Rotom|Overheat|p1a: Meowscarada
|-damage|p1a: Meowscarada|0 fnt
|-unboost|p2a: Rotom|spa|2
|faint|p1a: Meowscarada
|
|upkeep
|
|t:|1776064045
|switch|p1a: Scizor|Scizor, M|100/100
|-damage|p1a: Scizor|88/100|[from] Spikes
|turn|8
|
|t:|1776064051
|-terastallize|p1a: Scizor|Dragon
|move|p2a: Rotom|Overheat|p1a: Scizor
|-resisted|p1a: Scizor
|-damage|p1a: Scizor|76/100
|-unboost|p2a: Rotom|spa|2
|move|p1a: Scizor|Swords Dance|p1a: Scizor
|-boost|p1a: Scizor|atk|2
|
|upkeep
|turn|9
|inactive|mfgunax has 120 seconds left.
|
|t:|1776064081
|move|p2a: Rotom|Thunder Wave|p1a: Scizor
|-status|p1a: Scizor|par
|move|p1a: Scizor|Swords Dance|p1a: Scizor
|-boost|p1a: Scizor|atk|2
|
|upkeep
|turn|10
|
|t:|1776064087
|move|p1a: Scizor|Bullet Punch|p2a: Rotom
|-resisted|p2a: Rotom
|-damage|p2a: Rotom|34/100
|move|p2a: Rotom|Volt Switch|p1a: Scizor
|-resisted|p1a: Scizor
|-damage|p1a: Scizor|71/100 par
|
|t:|1776064096
|switch|p2a: Enamorus|Enamorus, F|100/100|[from] Volt Switch
|
|upkeep
|turn|11
|
|t:|1776064106
|-terastallize|p2a: Enamorus|Steel
|move|p1a: Scizor|Bullet Punch|p2a: Enamorus
|-resisted|p2a: Enamorus
|-damage|p2a: Enamorus|29/100
|move|p2a: Enamorus|Moonblast|p1a: Scizor
|-supereffective|p1a: Scizor
|-damage|p1a: Scizor|0 fnt
|faint|p1a: Scizor
|
|-heal|p2a: Enamorus|35/100|[from] item: Leftovers
|upkeep
|
|t:|1776064113
|switch|p1a: Vikavolt|Vikavolt, M|100/100
|turn|12
|inactive|mfgunax has 120 seconds left.
|
|t:|1776064149
|move|p2a: Enamorus|Sludge Bomb|p1a: Vikavolt
|-damage|p1a: Vikavolt|74/100
|-status|p1a: Vikavolt|psn
|move|p1a: Vikavolt|Volt Switch|p2a: Enamorus
|-damage|p2a: Enamorus|0 fnt
|faint|p2a: Enamorus
|
|t:|1776064152
|switch|p1a: Espeon|Espeon, F|100/100|[from] Volt Switch
|-damage|p1a: Espeon|88/100|[from] Spikes
|-status|p1a: Espeon|tox
|
|-damage|p1a: Espeon|82/100 tox|[from] psn
|upkeep
|
|t:|1776064157
|switch|p2a: Gliscor|Gliscor, F|31/100 tox
|turn|13
|inactive|mfgunax has 120 seconds left.
|inactive|ijiwa has 120 seconds left.
|
|t:|1776064187
|move|p1a: Espeon|Dazzling Gleam|p2a: Gliscor
|-damage|p2a: Gliscor|0 fnt
|faint|p2a: Gliscor
|
|-damage|p1a: Espeon|71/100 tox|[from] psn
|upkeep
|
|t:|1776064192
|switch|p2a: Samurott|Samurott-Hisui, F|72/100
|turn|14
|
|t:|1776064197
|move|p1a: Espeon|Dazzling Gleam|p2a: Samurott
|-supereffective|p2a: Samurott
|-damage|p2a: Samurott|14/100
|move|p2a: Samurott|Knock Off|p1a: Espeon
|-supereffective|p1a: Espeon
|-damage|p1a: Espeon|0 fnt
|-enditem|p1a: Espeon|Choice Scarf|[from] move: Knock Off|[of] p2a: Samurott
|faint|p1a: Espeon
|
|upkeep
|
|t:|1776064203
|switch|p1a: Qwilfish|Qwilfish, M|73/100
|-damage|p1a: Qwilfish|61/100|[from] Spikes
|-sideend|p1: ijiwa|move: Toxic Spikes|[of] p1a: Qwilfish
|-ability|p1a: Qwilfish|Intimidate|boost
|-unboost|p2a: Samurott|atk|1
|turn|15
|
|t:|1776064209
|move|p1a: Qwilfish|Aqua Jet|p2a: Samurott
|-resisted|p2a: Samurott
|-crit|p2a: Samurott
|-damage|p2a: Samurott|1/100
|move|p2a: Samurott|Ceaseless Edge|p1a: Qwilfish
|-damage|p1a: Qwilfish|33/100
|-damage|p2a: Samurott|0 fnt|[from] item: Rocky Helmet|[of] p1a: Qwilfish
|faint|p2a: Samurott
|
|upkeep
|
|t:|1776064218
|switch|p2a: Rotom|Rotom-Heat|34/100
|turn|16
|
|t:|1776064221
|move|p1a: Qwilfish|Aqua Jet|p2a: Rotom
|-supereffective|p2a: Rotom
|-damage|p2a: Rotom|4/100
|move|p2a: Rotom|Volt Switch|p1a: Qwilfish
|-supereffective|p1a: Qwilfish
|-damage|p1a: Qwilfish|0 fnt
|faint|p1a: Qwilfish
|
|upkeep
|
|t:|1776064228
|switch|p1a: Vikavolt|Vikavolt, M|74/100 psn
|turn|17
|
|t:|1776064232
|move|p2a: Rotom|Protect|p2a: Rotom
|-singleturn|p2a: Rotom|Protect
|move|p1a: Vikavolt|Volt Switch|p2a: Rotom
|-activate|p2a: Rotom|move: Protect
|
|-damage|p1a: Vikavolt|62/100 psn|[from] psn
|upkeep
|turn|18
|
|t:|1776064243
|move|p2a: Rotom|Volt Switch|p1a: Vikavolt
|-resisted|p1a: Vikavolt
|-damage|p1a: Vikavolt|50/100 psn
|move|p1a: Vikavolt|Bug Buzz|p2a: Rotom
|-resisted|p2a: Rotom
|-damage|p2a: Rotom|0 fnt
|faint|p2a: Rotom
|
|win|ijiwa
|raw|ijiwa's rating: 1132 &rarr; <strong>1160</strong><br />(+28 for winning)
|raw|mfgunax's rating: 1170 &rarr; <strong>1142</strong><br />(-28 for losing)
|l|‽ijiwa
|player|p1|
|l|☆mfgunax
|player|p2|
