|html|<div class="broadcast-blue"><strong>[Gen 9] OU is currently suspecting Tera Blast! For information on how to participate check out the <a href="https://www.smogon.com/tools/suspects/view/200">suspect thread</a>.</strong></div>
|j|☆emanjuelworld
|j|☆rujjtrainer
|t:|1776235469
|gametype|singles
|player|p1|emanjuelworld|102|1111
|player|p2|rujjtrainer|twins-gen4dp|1141
|gen|9
|tier|[Gen 9] OU
|rated|
|rule|HP Percentage Mod: HP is shown in percentages
|rule|Endless Battle Clause: Forcing endless battles is banned
|rule|Species Clause: Limit one of each Pokémon
|rule|OHKO Clause: OHKO moves are banned
|rule|Evasion Items Clause: Evasion items are banned
|rule|Evasion Moves Clause: Evasion moves are banned
|rule|Evasion Abilities Clause: Evasion abilities are banned
|rule|Sleep Moves Clause: Sleep-inducing moves are banned
|clearpoke
|poke|p1|Great Tusk|
|poke|p1|Gholdengo|
|poke|p1|Dragapult, M|
|poke|p1|Kingambit, M|
|poke|p1|Ogerpon-Wellspring, F|
|poke|p1|Iron Valiant|
|poke|p2|Arcanine-Hisui, M|
|poke|p2|Toxtricity, M|
|poke|p2|Scizor, M|
|poke|p2|Lucario, M|
|poke|p2|Sinistcha-Masterpiece|
|poke|p2|Quaquaval, M|
|teampreview
|
|t:|1776235474
|teamsize|p1|6
|teamsize|p2|6
|start
|switch|p1a: Great Tusk|Great Tusk|100/100
|switch|p2a: Toxtricity|Toxtricity, M|100/100
|turn|1
|
|t:|1776235486
|-terastallize|p2a: Toxtricity|Flying
|move|p2a: Toxtricity|Psychic Noise|p1a: Great Tusk
|-supereffective|p1a: Great Tusk
|-damage|p1a: Great Tusk|18/100
|-start|p1a: Great Tusk|move: Heal Block
|-enditem|p2a: Toxtricity|Throat Spray
|-boost|p2a: Toxtricity|spa|1|[from] item: Throat Spray
|move|p1a: Great Tusk|Earthquake|p2a: Toxtricity
|-immune|p2a: Toxtricity
|
|upkeep
|turn|2
|
|t:|1776235500
|move|p2a: Toxtricity|Psychic Noise|p1a: Great Tusk
|-supereffective|p1a: Great Tusk
|-damage|p1a: Great Tusk|0 fnt
|faint|p1a: Great Tusk
|-end|p1a: Great Tusk|Protosynthesis|[silent]
|
|upkeep
|
|t:|1776235523
|switch|p1a: Gholdengo|Gholdengo|100/100
|-item|p1a: Gholdengo|Air Balloon
|turn|3
|
|t:|1776235529
|move|p1a: Gholdengo|Nasty Plot|p1a: Gholdengo
|-boost|p1a: Gholdengo|spa|2
|move|p2a: Toxtricity|Overdrive|p1a: Gholdengo
|-damage|p1a: Gholdengo|7/100
|-enditem|p1a: Gholdengo|Air Balloon
|
|upkeep
|turn|4
|
|t:|1776235539
|move|p1a: Gholdengo|Shadow Ball|p2a: Toxtricity
|-damage|p2a: Toxtricity|0 fnt
|faint|p2a: Toxtricity
|
|upkeep
|
|t:|1776235543
|switch|p2a: Scizor|Scizor, M|100/100
|turn|5
|
|t:|1776235549
|move|p2a: Scizor|Bullet Punch|p1a: Gholdengo
|-resisted|p1a: Gholdengo
|-damage|p1a: Gholdengo|0 fnt
|faint|p1a: Gholdengo
|-damage|p2a: Scizor|91/100|[from] item: Life Orb
|
|upkeep
|
|t:|1776235565
|switch|p1a: Ogerpon|Ogerpon-Wellspring, F|100/100
|turn|6
|
|t:|1776235569
|move|p1a: Ogerpon|Swords Dance|p1a: Ogerpon
|-boost|p1a: Ogerpon|atk|2
|move|p2a: Scizor|Bug Bite|p1a: Ogerpon
|-supereffective|p1a: Ogerpon
|-damage|p1a: Ogerpon|0 fnt
|faint|p1a: Ogerpon
|-damage|p2a: Scizor|81/100|[from] item: Life Orb
|
|upkeep
|
|t:|1776235581
|switch|p1a: Dragapult|Dragapult, M|100/100
|turn|7
|
|t:|1776235587
|move|p2a: Scizor|Bullet Punch|p1a: Dragapult
|-damage|p1a: Dragapult|38/100
|-damage|p2a: Scizor|71/100|[from] item: Life Orb
|move|p1a: Dragapult|Flamethrower|p2a: Scizor
|-supereffective|p2a: Scizor
|-damage|p2a: Scizor|0 fnt
|faint|p2a: Scizor
|
|upkeep
|
|t:|1776235597
|switch|p2a: Quaquaval|Quaquaval, M|100/100
|turn|8
|
|t:|1776235610
|switch|p1a: Iron Valiant|Iron Valiant|100/100
|-enditem|p1a: Iron Valiant|Booster Energy
|-activate|p1a: Iron Valiant|ability: Quark Drive|[fromitem]
|-start|p1a: Iron Valiant|quarkdrivespe
|move|p2a: Quaquaval|Aqua Step|p1a: Iron Valiant
|-damage|p1a: Iron Valiant|46/100
|-boost|p2a: Quaquaval|spe|1
|
|upkeep
|turn|9
|
|t:|1776235623
|move|p1a: Iron Valiant|Moonblast|p2a: Quaquaval
|-supereffective|p2a: Quaquaval
|-crit|p2a: Quaquaval
|-damage|p2a: Quaquaval|0 fnt
|faint|p2a: Quaquaval
|
|upkeep
|
|t:|1776235628
|switch|p2a: Sinistcha|Sinistcha-Masterpiece|100/100
|turn|10
|
|t:|1776235642
|-terastallize|p1a: Iron Valiant|Fairy
|move|p1a: Iron Valiant|Moonblast|p2a: Sinistcha
|-damage|p2a: Sinistcha|27/100
|move|p2a: Sinistcha|Shadow Ball|p1a: Iron Valiant
|-damage|p1a: Iron Valiant|0 fnt
|faint|p1a: Iron Valiant
|-end|p1a: Iron Valiant|Quark Drive|[silent]
|
|upkeep
|
|t:|1776235651
|switch|p1a: Dragapult|Dragapult, M|38/100
|turn|11
|
|t:|1776235658
|move|p1a: Dragapult|Shadow Ball|p2a: Sinistcha
|-supereffective|p2a: Sinistcha
|-damage|p2a: Sinistcha|0 fnt
|faint|p2a: Sinistcha
|
|upkeep
|
|t:|1776235663
|switch|p2a: Arcanine|Arcanine-Hisui, M|100/100
|turn|12
|
|t:|1776235670
|move|p1a: Dragapult|Shadow Ball|p2a: Arcanine
|-damage|p2a: Arcanine|39/100
|move|p2a: Arcanine|Flare Blitz|p1a: Dragapult
|-resisted|p1a: Dragapult
|-damage|p1a: Dragapult|0 fnt
|faint|p1a: Dragapult
|
|upkeep
|
|t:|1776235678
|switch|p1a: Kingambit|Kingambit, M|100/100
|-activate|p1a: Kingambit|ability: Supreme Overlord
|-start|p1a: Kingambit|fallen5|[silent]
|turn|13
|
|t:|1776235689
|move|p2a: Arcanine|Flare Blitz|p1a: Kingambit
|-supereffective|p1a: Kingambit
|-crit|p1a: Kingambit
|-damage|p1a: Kingambit|0 fnt
|faint|p1a: Kingambit
|-end|p1a: Kingambit|fallen5|[silent]
|
|win|rujjtrainer
|raw|emanjuelworld's rating: 1111 &rarr; <strong>1088</strong><br />(-23 for losing)
|raw|rujjtrainer's rating: 1141 &rarr; <strong>1164</strong><br />(+23 for winning)
