|html|<div class="broadcast-blue"><strong>[Gen 9] OU is currently suspecting Tera Blast! For information on how to participate check out the <a href="https://www.smogon.com/tools/suspects/view/200">suspect thread</a>.</strong></div>
|j|☆Rascior4
|j|☆Simace1
|t:|1776247452
|gametype|singles
|player|p1|Rascior4|rood|1091
|player|p2|Simace1|brock|1051
|gen|9
|tier|[Gen 9] OU
|rated|
|rule|HP Percentage Mod: HP is shown in percentages
|rule|Endless Battle Clause: Forcing endless battles is banned
|rule|Species Clause: Limit one of each Pokémon
|rule|OHKO Clause: OHKO moves are banned
|rule|Evasion Items Clause: Evasion items are banned
|rule|Evasion Moves Clause: Evasion moves are banned
|rule|Evasion Abilities Clause: Evasion abilities are banned
|rule|Sleep Moves Clause: Sleep-inducing moves are banned
|clearpoke
|poke|p1|Dragonite, F|
|poke|p1|Gholdengo|
|poke|p1|Gliscor, M|
|poke|p1|Hatterene, F|
|poke|p1|Dondozo, M|
|poke|p1|Alomomola, F|
|poke|p2|Ceruledge, M|
|poke|p2|Snorlax, M|
|poke|p2|Glimmora, F|
|poke|p2|Gliscor, M|
|poke|p2|Alomomola, M|
|poke|p2|Dragapult, F|
|teampreview
|inactive|Battle timer is ON: inactive players will automatically lose when time's up. (requested by Simace1)
|
|t:|1776247469
|teamsize|p1|6
|teamsize|p2|6
|start
|switch|p1a: Dondozo|Dondozo, M|100/100
|switch|p2a: last chance|Ceruledge, M|100/100
|turn|1
|
|t:|1776247479
|switch|p2a: Dragon|Dragapult, F|100/100
|move|p1a: Dondozo|Curse|p1a: Dondozo
|-unboost|p1a: Dondozo|spe|1
|-boost|p1a: Dondozo|atk|1
|-boost|p1a: Dondozo|def|1
|
|upkeep
|turn|2
|
|t:|1776247502
|switch|p1a: Hatterene|Hatterene, F|100/100
|move|p2a: Dragon|Thunderbolt|p1a: Hatterene
|-damage|p1a: Hatterene|72/100
|
|-heal|p1a: Hatterene|78/100|[from] item: Leftovers
|upkeep
|turn|3
|
|t:|1776247511
|switch|p2a: last chance|Ceruledge, M|100/100
|move|p1a: Hatterene|Draining Kiss|p2a: last chance
|-resisted|p2a: last chance
|-damage|p2a: last chance|83/100
|-heal|p1a: Hatterene|90/100|[from] drain|[of] p2a: last chance
|
|-heal|p2a: last chance|89/100|[from] item: Leftovers
|-heal|p1a: Hatterene|96/100|[from] item: Leftovers
|upkeep
|turn|4
|
|t:|1776247540
|switch|p1a: Alomomola|Alomomola, F|100/100
|move|p2a: last chance|Poltergeist|p1a: Alomomola
|-activate|p1a: Alomomola|move: Poltergeist|Leftovers
|-damage|p1a: Alomomola|73/100
|
|-heal|p2a: last chance|95/100|[from] item: Leftovers
|-heal|p1a: Alomomola|79/100|[from] item: Leftovers
|upkeep
|turn|5
|
|t:|1776247544
|-terastallize|p2a: last chance|Fighting
|move|p2a: last chance|Swords Dance|p2a: last chance
|-boost|p2a: last chance|atk|2
|move|p1a: Alomomola|Scald|p2a: last chance
|-damage|p2a: last chance|79/100
|-status|p2a: last chance|brn
|
|-heal|p2a: last chance|85/100 brn|[from] item: Leftovers
|-heal|p1a: Alomomola|85/100|[from] item: Leftovers
|-damage|p2a: last chance|79/100 brn|[from] brn
|upkeep
|turn|6
|
|t:|1776247559
|move|p2a: last chance|Bitter Blade|p1a: Alomomola
|-resisted|p1a: Alomomola
|-damage|p1a: Alomomola|73/100
|-heal|p2a: last chance|91/100 brn|[from] drain|[of] p1a: Alomomola
|move|p1a: Alomomola|Scald|p2a: last chance
|-damage|p2a: last chance|74/100 brn
|
|-heal|p2a: last chance|81/100 brn|[from] item: Leftovers
|-heal|p1a: Alomomola|79/100|[from] item: Leftovers
|-damage|p2a: last chance|74/100 brn|[from] brn
|upkeep
|turn|7
|
|t:|1776247571
|move|p2a: last chance|Poltergeist|p1a: Alomomola|[miss]
|-miss|p2a: last chance|p1a: Alomomola
|move|p1a: Alomomola|Scald|p2a: last chance
|-damage|p2a: last chance|59/100 brn
|
|-heal|p2a: last chance|65/100 brn|[from] item: Leftovers
|-heal|p1a: Alomomola|85/100|[from] item: Leftovers
|-damage|p2a: last chance|59/100 brn|[from] brn
|upkeep
|turn|8
|
|t:|1776247582
|switch|p2a: tank|Alomomola, M|100/100
|move|p1a: Alomomola|Scald|p2a: tank
|-resisted|p2a: tank
|-damage|p2a: tank|92/100
|
|-heal|p1a: Alomomola|91/100|[from] item: Leftovers
|upkeep
|turn|9
|
|t:|1776247592
|switch|p1a: Hatterene|Hatterene, F|96/100
|move|p2a: tank|Mirror Coat||[still]
|-fail|p2a: tank
|
|-heal|p1a: Hatterene|100/100|[from] item: Leftovers
|upkeep
|turn|10
|
|t:|1776247599
|move|p1a: Hatterene|Light Screen|p1a: Hatterene
|-sidestart|p1: Rascior4|move: Light Screen
|move|p2a: tank|Mirror Coat||[still]
|-fail|p2a: tank
|
|upkeep
|turn|11
|
|t:|1776247611
|move|p1a: Hatterene|Calm Mind|p1a: Hatterene
|-boost|p1a: Hatterene|spa|1
|-boost|p1a: Hatterene|spd|1
|move|p2a: tank|Mirror Coat||[still]
|-fail|p2a: tank
|
|upkeep
|turn|12
|
|t:|1776247616
|move|p2a: tank|Calm Mind|p2a: tank
|-boost|p2a: tank|spa|1
|-boost|p2a: tank|spd|1
|move|p1a: Hatterene|Calm Mind|p1a: Hatterene
|-boost|p1a: Hatterene|spa|1
|-boost|p1a: Hatterene|spd|1
|
|upkeep
|turn|13
|
|t:|1776247623
|move|p2a: tank|Wish|p2a: tank
|move|p1a: Hatterene|Calm Mind|p1a: Hatterene
|-boost|p1a: Hatterene|spa|1
|-boost|p1a: Hatterene|spd|1
|
|upkeep
|turn|14
|
|t:|1776247628
|move|p1a: Hatterene|Calm Mind|p1a: Hatterene
|-boost|p1a: Hatterene|spa|1
|-boost|p1a: Hatterene|spd|1
|move|p2a: tank|Mirror Coat||[still]
|-fail|p2a: tank
|
|-heal|p2a: tank|100/100|[from] move: Wish|[wisher] tank
|-sideend|p1: Rascior4|move: Light Screen
|upkeep
|turn|15
|
|t:|1776247630
|move|p2a: tank|Calm Mind|p2a: tank
|-boost|p2a: tank|spa|1
|-boost|p2a: tank|spd|1
|move|p1a: Hatterene|Calm Mind|p1a: Hatterene
|-boost|p1a: Hatterene|spa|1
|-boost|p1a: Hatterene|spd|1
|
|upkeep
|turn|16
|
|t:|1776247636
|move|p1a: Hatterene|Calm Mind|p1a: Hatterene
|-boost|p1a: Hatterene|spa|1
|-boost|p1a: Hatterene|spd|1
|move|p2a: tank|Mirror Coat||[still]
|-fail|p2a: tank
|
|upkeep
|turn|17
|
|t:|1776247639
|move|p1a: Hatterene|Draining Kiss|p2a: tank
|-crit|p2a: tank
|-damage|p2a: tank|0 fnt
|-damage|p1a: Hatterene|84/100|[from] item: Rocky Helmet|[of] p2a: tank
|faint|p2a: tank
|
|-heal|p1a: Hatterene|90/100|[from] item: Leftovers
|upkeep
|c|☆Rascior4|Unlucky
|-message|Simace1 forfeited.
|
|win|Rascior4
|raw|Rascior4's rating: 1091 &rarr; <strong>1114</strong><br />(+23 for winning)
|raw|Simace1's rating: 1051 &rarr; <strong>1035</strong><br />(-16 for losing)
|l|☆Simace1
|player|p2|
