|html|<div class="broadcast-blue"><strong>[Gen 9] OU is currently suspecting Tera Blast! For information on how to participate check out the <a href="https://www.smogon.com/tools/suspects/view/200">suspect thread</a>.</strong></div>
|j|☆Yep c moi
|j|☆Mrcluelessclicker
|t:|1776065005
|gametype|singles
|player|p1|Yep c moi|aaron|1526
|player|p2|Mrcluelessclicker|102|1584
|gen|9
|tier|[Gen 9] OU
|rated|
|rule|HP Percentage Mod: HP is shown in percentages
|rule|Endless Battle Clause: Forcing endless battles is banned
|rule|Species Clause: Limit one of each Pokémon
|rule|OHKO Clause: OHKO moves are banned
|rule|Evasion Items Clause: Evasion items are banned
|rule|Evasion Moves Clause: Evasion moves are banned
|rule|Evasion Abilities Clause: Evasion abilities are banned
|rule|Sleep Moves Clause: Sleep-inducing moves are banned
|clearpoke
|poke|p1|Raikou|
|poke|p1|Tornadus-Therian, M|
|poke|p1|Samurott-Hisui, M|
|poke|p1|Gholdengo|
|poke|p1|Great Tusk|
|poke|p1|Dragonite, M|
|poke|p2|Kyurem|
|poke|p2|Cinderace, M|
|poke|p2|Gholdengo|
|poke|p2|Zamazenta-*|
|poke|p2|Scizor, F|
|poke|p2|Dragonite, M|
|teampreview
|j| ohko_smeargle
|
|t:|1776065025
|teamsize|p1|6
|teamsize|p2|6
|start
|switch|p1a: Tornadus|Tornadus-Therian, M|100/100
|switch|p2a: Scizor|Scizor, F|100/100
|turn|1
|
|t:|1776065031
|move|p1a: Tornadus|Heat Wave|p2a: Scizor
|-supereffective|p2a: Scizor
|-damage|p2a: Scizor|0 fnt
|faint|p2a: Scizor
|
|upkeep
|
|t:|1776065036
|switch|p2a: Kyurem|Kyurem|100/100
|-ability|p2a: Kyurem|Pressure
|turn|2
|j| wwlolkk
|
|t:|1776065040
|move|p1a: Tornadus|U-turn|p2a: Kyurem
|-damage|p2a: Kyurem|86/100
|inactive|Battle timer is ON: inactive players will automatically lose when time's up. (requested by Mrcluelessclicker)
|l| wwlolkk
|
|t:|1776065042
|switch|p1a: Gholdengo|Gholdengo|100/100|[from] U-turn
|move|p2a: Kyurem|Freeze-Dry|p1a: Gholdengo
|-resisted|p1a: Gholdengo
|-damage|p1a: Gholdengo|81/100
|
|upkeep
|turn|3
|
|t:|1776065046
|move|p2a: Kyurem|Earth Power|p1a: Gholdengo
|-supereffective|p1a: Gholdengo
|-damage|p1a: Gholdengo|14/100
|-unboost|p1a: Gholdengo|spd|1
|move|p1a: Gholdengo|Make It Rain|p2a: Kyurem
|-supereffective|p2a: Kyurem
|-damage|p2a: Kyurem|0 fnt
|-unboost|p1a: Gholdengo|spa|1
|faint|p2a: Kyurem
|
|upkeep
|
|t:|1776065055
|switch|p2a: Dragonite|Dragonite, M|100/100
|turn|4
|
|t:|1776065058
|move|p2a: Dragonite|Dragon Dance|p2a: Dragonite
|-boost|p2a: Dragonite|atk|1
|-boost|p2a: Dragonite|spe|1
|move|p1a: Gholdengo|Make It Rain|p2a: Dragonite
|-damage|p2a: Dragonite|71/100
|-unboost|p1a: Gholdengo|spa|1
|
|upkeep
|turn|5
|
|t:|1776065059
|move|p2a: Dragonite|Dragon Dance|p2a: Dragonite
|-boost|p2a: Dragonite|atk|1
|-boost|p2a: Dragonite|spe|1
|move|p1a: Gholdengo|Make It Rain|p2a: Dragonite
|-damage|p2a: Dragonite|30/100
|-unboost|p1a: Gholdengo|spa|1
|
|upkeep
|turn|6
|
|t:|1776065062
|move|p2a: Dragonite|Earthquake|p1a: Gholdengo
|-supereffective|p1a: Gholdengo
|-damage|p1a: Gholdengo|0 fnt
|faint|p1a: Gholdengo
|
|upkeep
|
|t:|1776065064
|switch|p1a: Dragonite|Dragonite, M|100/100
|turn|7
|
|t:|1776065071
|-terastallize|p2a: Dragonite|Flying
|move|p1a: Dragonite|Extreme Speed|p2a: Dragonite
|-damage|p2a: Dragonite|0 fnt
|faint|p2a: Dragonite
|
|upkeep
|
|t:|1776065074
|switch|p2a: Cinderace|Cinderace, M|100/100
|turn|8
|
|t:|1776065080
|switch|p1a: Samurott|Samurott-Hisui, M|100/100
|move|p2a: Cinderace|Will-O-Wisp|p1a: Samurott
|-status|p1a: Samurott|brn
|
|-damage|p1a: Samurott|94/100 brn|[from] brn
|upkeep
|turn|9
|
|t:|1776065082
|move|p2a: Cinderace|U-turn|p1a: Samurott
|-supereffective|p1a: Samurott
|-damage|p1a: Samurott|45/100 brn
|
|t:|1776065085
|switch|p2a: Zamazenta|Zamazenta|100/100|[from] U-turn
|-ability|p2a: Zamazenta|Dauntless Shield|boost
|-boost|p2a: Zamazenta|def|1
|move|p1a: Samurott|Ceaseless Edge|p2a: Zamazenta
|-resisted|p2a: Zamazenta
|-damage|p2a: Zamazenta|94/100
|-sidestart|p2: Mrcluelessclicker|Spikes
|
|-damage|p1a: Samurott|39/100 brn|[from] brn
|upkeep
|turn|10
|
|t:|1776065090
|move|p2a: Zamazenta|Stone Edge|p1a: Samurott
|-damage|p1a: Samurott|0 fnt
|faint|p1a: Samurott
|-damage|p2a: Zamazenta|84/100|[from] item: Life Orb
|
|upkeep
|
|t:|1776065093
|switch|p1a: Raikou|Raikou|100/100
|-ability|p1a: Raikou|Pressure
|turn|11
|
|t:|1776065098
|switch|p2a: Gholdengo|Gholdengo|100/100
|-damage|p2a: Gholdengo|88/100|[from] Spikes
|-terastallize|p1a: Raikou|Fairy
|move|p1a: Raikou|Tera Blast|p2a: Gholdengo|[anim] Tera Blast Fairy
|-resisted|p2a: Gholdengo
|-damage|p2a: Gholdengo|57/100
|
|upkeep
|turn|12
|
|t:|1776065102
|switch|p1a: Tornadus|Tornadus-Therian, M|100/100
|move|p2a: Gholdengo|Make It Rain|p1a: Tornadus
|-damage|p1a: Tornadus|47/100
|-unboost|p2a: Gholdengo|spa|1
|
|upkeep
|turn|13
|
|t:|1776065107
|move|p1a: Tornadus|Knock Off|p2a: Gholdengo
|-supereffective|p2a: Gholdengo
|-damage|p2a: Gholdengo|13/100
|-enditem|p2a: Gholdengo|Metal Coat|[from] move: Knock Off|[of] p1a: Tornadus
|move|p2a: Gholdengo|Thunderbolt|p1a: Tornadus
|-supereffective|p1a: Tornadus
|-damage|p1a: Tornadus|20/100
|
|upkeep
|turn|14
|
|t:|1776065112
|move|p1a: Tornadus|Knock Off|p2a: Gholdengo
|-supereffective|p2a: Gholdengo
|-damage|p2a: Gholdengo|0 fnt
|faint|p2a: Gholdengo
|
|upkeep
|
|t:|1776065117
|switch|p2a: Cinderace|Cinderace, M|100/100
|turn|15
|
|t:|1776065121
|switch|p1a: Dragonite|Dragonite, M|100/100
|move|p2a: Cinderace|Pyro Ball|p1a: Dragonite
|-resisted|p1a: Dragonite
|-damage|p1a: Dragonite|87/100
|
|upkeep
|turn|16
|
|t:|1776065123
|move|p1a: Dragonite|Extreme Speed|p2a: Cinderace
|-damage|p2a: Cinderace|46/100
|move|p2a: Cinderace|Will-O-Wisp|p1a: Dragonite
|-status|p1a: Dragonite|brn
|
|-damage|p1a: Dragonite|80/100 brn|[from] brn
|upkeep
|turn|17
|
|t:|1776065129
|move|p1a: Dragonite|Extreme Speed|p2a: Cinderace
|-damage|p2a: Cinderace|17/100
|move|p2a: Cinderace|Pyro Ball|p1a: Dragonite
|-resisted|p1a: Dragonite
|-damage|p1a: Dragonite|44/100 brn
|
|-damage|p1a: Dragonite|37/100 brn|[from] brn
|upkeep
|turn|18
|
|t:|1776065135
|move|p1a: Dragonite|Extreme Speed|p2a: Cinderace
|-damage|p2a: Cinderace|0 fnt
|faint|p2a: Cinderace
|
|-damage|p1a: Dragonite|31/100 brn|[from] brn
|upkeep
|
|t:|1776065137
|switch|p2a: Zamazenta|Zamazenta|84/100
|-damage|p2a: Zamazenta|72/100|[from] Spikes
|turn|19
|
|t:|1776065140
|move|p1a: Dragonite|Extreme Speed|p2a: Zamazenta
|-damage|p2a: Zamazenta|51/100
|move|p2a: Zamazenta|Crunch|p1a: Dragonite
|-damage|p1a: Dragonite|0 fnt
|faint|p1a: Dragonite
|-damage|p2a: Zamazenta|41/100|[from] item: Life Orb
|
|upkeep
|
|t:|1776065143
|switch|p1a: Raikou|Raikou, tera:Fairy|100/100
|-ability|p1a: Raikou|Pressure
|turn|20
|
|t:|1776065145
|move|p2a: Zamazenta|Heavy Slam|p1a: Raikou
|-supereffective|p1a: Raikou
|-damage|p1a: Raikou|57/100
|-damage|p2a: Zamazenta|31/100|[from] item: Life Orb
|move|p1a: Raikou|Tera Blast|p2a: Zamazenta|[anim] Tera Blast Fairy
|-supereffective|p2a: Zamazenta
|-damage|p2a: Zamazenta|0 fnt
|faint|p2a: Zamazenta
|
|win|Yep c moi
|raw|Yep c moi's rating: 1526 &rarr; <strong>1549</strong><br />(+23 for winning)
|raw|Mrcluelessclicker's rating: 1584 &rarr; <strong>1561</strong><br />(-23 for losing)
|l| ohko_smeargle
|l|☆Yep c moi
|player|p1|
