|html|<div class="broadcast-blue"><strong>[Gen 9] OU is currently suspecting Tera Blast! For information on how to participate check out the <a href="https://www.smogon.com/tools/suspects/view/200">suspect thread</a>.</strong></div>
|j|☆jakepauler1
|j|☆PinguButGood
|t:|1776272816
|gametype|singles
|player|p1|jakepauler1|giovanni|1478
|player|p2|PinguButGood|falkner|1461
|gen|9
|tier|[Gen 9] OU
|rated|
|rule|HP Percentage Mod: HP is shown in percentages
|rule|Endless Battle Clause: Forcing endless battles is banned
|rule|Species Clause: Limit one of each Pokémon
|rule|OHKO Clause: OHKO moves are banned
|rule|Evasion Items Clause: Evasion items are banned
|rule|Evasion Moves Clause: Evasion moves are banned
|rule|Evasion Abilities Clause: Evasion abilities are banned
|rule|Sleep Moves Clause: Sleep-inducing moves are banned
|clearpoke
|poke|p1|Iron Moth|
|poke|p1|Kyurem|
|poke|p1|Hatterene, F|
|poke|p1|Ogerpon-Wellspring, F|
|poke|p1|Raging Bolt|
|poke|p1|Zamazenta-*|
|poke|p2|Zamazenta-*|
|poke|p2|Kingambit, M|
|poke|p2|Samurott-Hisui, M|
|poke|p2|Landorus-Therian, M|
|poke|p2|Iron Valiant|
|poke|p2|Iron Moth|
|teampreview
|inactive|Battle timer is ON: inactive players will automatically lose when time's up. (requested by PinguButGood)
|
|t:|1776272831
|teamsize|p1|6
|teamsize|p2|6
|start
|switch|p1a: suspicious cabbage|Zamazenta|100/100
|switch|p2a: Samurott|Samurott-Hisui, M|100/100
|-ability|p1a: suspicious cabbage|Dauntless Shield|boost
|-boost|p1a: suspicious cabbage|def|1
|turn|1
|
|t:|1776272837
|move|p1a: suspicious cabbage|Reflect|p1a: suspicious cabbage
|-sidestart|p1: jakepauler1|Reflect
|move|p2a: Samurott|Ceaseless Edge|p1a: suspicious cabbage
|-resisted|p1a: suspicious cabbage
|-damage|p1a: suspicious cabbage|94/100
|-sidestart|p1: jakepauler1|Spikes
|
|upkeep
|turn|2
|
|t:|1776272842
|move|p1a: suspicious cabbage|Light Screen|p1a: suspicious cabbage
|-sidestart|p1: jakepauler1|move: Light Screen
|move|p2a: Samurott|Ceaseless Edge|p1a: suspicious cabbage
|-resisted|p1a: suspicious cabbage
|-damage|p1a: suspicious cabbage|88/100
|-sidestart|p1: jakepauler1|Spikes
|
|upkeep
|turn|3
|
|t:|1776272852
|switch|p1a: Lebron|Kyurem|100/100
|-damage|p1a: Lebron|84/100|[from] Spikes
|-ability|p1a: Lebron|Pressure
|move|p2a: Samurott|Ceaseless Edge|p1a: Lebron
|-damage|p1a: Lebron|61/100
|-sidestart|p1: jakepauler1|Spikes
|
|upkeep
|turn|4
|
|t:|1776272868
|move|p1a: Lebron|Substitute|p1a: Lebron
|-start|p1a: Lebron|Substitute
|-damage|p1a: Lebron|36/100
|move|p2a: Samurott|Knock Off|p1a: Lebron
|-activate|p1a: Lebron|move: Substitute|[damage]
|
|upkeep
|turn|5
|
|t:|1776272877
|move|p1a: Lebron|Dragon Dance|p1a: Lebron
|-boost|p1a: Lebron|atk|1
|-boost|p1a: Lebron|spe|1
|move|p2a: Samurott|Knock Off|p1a: Lebron
|-end|p1a: Lebron|Substitute
|
|upkeep
|turn|6
|
|t:|1776272895
|move|p1a: Lebron|Substitute|p1a: Lebron
|-start|p1a: Lebron|Substitute
|-damage|p1a: Lebron|11/100
|move|p2a: Samurott|Ceaseless Edge|p1a: Lebron
|-activate|p1a: Lebron|move: Substitute|[damage]
|
|upkeep
|turn|7
|
|t:|1776272900
|move|p1a: Lebron|Dragon Dance|p1a: Lebron
|-boost|p1a: Lebron|atk|1
|-boost|p1a: Lebron|spe|1
|move|p2a: Samurott|Ceaseless Edge|p1a: Lebron
|-end|p1a: Lebron|Substitute
|
|upkeep
|turn|8
|
|t:|1776272908
|move|p1a: Lebron|Icicle Spear|p2a: Samurott
|-resisted|p2a: Samurott
|-damage|p2a: Samurott|82/100
|-resisted|p2a: Samurott
|-damage|p2a: Samurott|65/100
|-resisted|p2a: Samurott
|-damage|p2a: Samurott|47/100
|-resisted|p2a: Samurott
|-damage|p2a: Samurott|29/100
|-resisted|p2a: Samurott
|-damage|p2a: Samurott|12/100
|-hitcount|p2a: Samurott|5
|move|p2a: Samurott|Ceaseless Edge|p1a: Lebron
|-damage|p1a: Lebron|0 fnt
|faint|p1a: Lebron
|
|-sideend|p1: jakepauler1|Reflect
|upkeep
|
|t:|1776272919
|switch|p1a: chadwick|Ogerpon-Wellspring, F|100/100
|-damage|p1a: chadwick|76/100|[from] Spikes
|turn|9
|
|t:|1776272927
|move|p1a: chadwick|Trailblaze|p2a: Samurott
|-supereffective|p2a: Samurott
|-crit|p2a: Samurott
|-damage|p2a: Samurott|0 fnt
|-boost|p1a: chadwick|spe|1
|faint|p2a: Samurott
|
|-sideend|p1: jakepauler1|move: Light Screen
|upkeep
|
|t:|1776272954
|switch|p2a: Iron Moth|Iron Moth|100/100
|-enditem|p2a: Iron Moth|Booster Energy
|-activate|p2a: Iron Moth|ability: Quark Drive|[fromitem]
|-start|p2a: Iron Moth|quarkdrivespe
|turn|10
|
|t:|1776272966
|-terastallize|p1a: chadwick|Water
|detailschange|p1a: chadwick|Ogerpon-Wellspring-Tera, F, tera:Water
|-ability|p1a: chadwick|Embody Aspect (Wellspring)|boost
|-boost|p1a: chadwick|spd|1
|move|p2a: Iron Moth|Sludge Wave|p1a: chadwick
|-damage|p1a: chadwick|38/100
|move|p1a: chadwick|Ivy Cudgel|p2a: Iron Moth|[anim] Ivy Cudgel Water
|-supereffective|p2a: Iron Moth
|-damage|p2a: Iron Moth|0 fnt
|faint|p2a: Iron Moth
|-end|p2a: Iron Moth|Quark Drive|[silent]
|
|upkeep
|
|t:|1776272978
|switch|p2a: Iron Valiant|Iron Valiant|100/100
|-enditem|p2a: Iron Valiant|Booster Energy
|-activate|p2a: Iron Valiant|ability: Quark Drive|[fromitem]
|-start|p2a: Iron Valiant|quarkdrivespe
|turn|11
|
|t:|1776272986
|move|p2a: Iron Valiant|Thunderbolt|p1a: chadwick
|-supereffective|p1a: chadwick
|-damage|p1a: chadwick|0 fnt
|faint|p1a: chadwick
|detailschange|p1: chadwick|Ogerpon-Wellspring, F|[silent]
|
|upkeep
|
|t:|1776272992
|switch|p1a: suspicious cabbage|Zamazenta|88/100
|-damage|p1a: suspicious cabbage|64/100|[from] Spikes
|turn|12
|
|t:|1776272998
|move|p2a: Iron Valiant|Moonblast|p1a: suspicious cabbage
|-supereffective|p1a: suspicious cabbage
|-damage|p1a: suspicious cabbage|0 fnt
|faint|p1a: suspicious cabbage
|
|upkeep
|
|t:|1776273013
|switch|p1a: justin waller|Hatterene, F|100/100
|-damage|p1a: justin waller|76/100|[from] Spikes
|turn|13
|
|t:|1776273024
|move|p2a: Iron Valiant|Calm Mind|p2a: Iron Valiant
|-boost|p2a: Iron Valiant|spa|1
|-boost|p2a: Iron Valiant|spd|1
|move|p1a: justin waller|Calm Mind|p1a: justin waller
|-boost|p1a: justin waller|spa|1
|-boost|p1a: justin waller|spd|1
|
|-heal|p1a: justin waller|82/100|[from] item: Leftovers
|upkeep
|turn|14
|
|t:|1776273040
|move|p2a: Iron Valiant|Moonblast|p1a: justin waller
|-damage|p1a: justin waller|37/100
|-unboost|p1a: justin waller|spa|1
|move|p1a: justin waller|Stored Power|p2a: Iron Valiant
|-supereffective|p2a: Iron Valiant
|-damage|p2a: Iron Valiant|60/100
|
|-heal|p1a: justin waller|43/100|[from] item: Leftovers
|upkeep
|turn|15
|
|t:|1776273050
|move|p2a: Iron Valiant|Moonblast|p1a: justin waller
|-damage|p1a: justin waller|0 fnt
|faint|p1a: justin waller
|
|upkeep
|
|t:|1776273055
|switch|p1a: MOTHSEELIGHT|Iron Moth|100/100
|-damage|p1a: MOTHSEELIGHT|76/100|[from] Spikes
|-enditem|p1a: MOTHSEELIGHT|Booster Energy
|-activate|p1a: MOTHSEELIGHT|ability: Quark Drive|[fromitem]
|-start|p1a: MOTHSEELIGHT|quarkdrivespe
|turn|16
|
|t:|1776273061
|move|p2a: Iron Valiant|Psyshock|p1a: MOTHSEELIGHT
|-supereffective|p1a: MOTHSEELIGHT
|-damage|p1a: MOTHSEELIGHT|0 fnt
|faint|p1a: MOTHSEELIGHT
|-end|p1a: MOTHSEELIGHT|Quark Drive|[silent]
|
|upkeep
|-message|jakepauler1 forfeited.
|
|win|PinguButGood
|raw|jakepauler1's rating: 1478 &rarr; <strong>1457</strong><br />(-21 for losing)
|raw|PinguButGood's rating: 1461 &rarr; <strong>1482</strong><br />(+21 for winning)
|l|☆jakepauler1
|player|p1|
|c|☆PinguButGood|ggwp
