|html|<div class="broadcast-blue"><strong>[Gen 9] OU is currently suspecting Tera Blast! For information on how to participate check out the <a href="https://www.smogon.com/tools/suspects/view/200">suspect thread</a>.</strong></div>
|j|☆Vocklabruck
|j|☆magistermilitum420
|t:|1776099880
|gametype|singles
|player|p1|Vocklabruck|169|1180
|player|p2|magistermilitum420|blue|1170
|gen|9
|tier|[Gen 9] OU
|rated|
|rule|HP Percentage Mod: HP is shown in percentages
|rule|Endless Battle Clause: Forcing endless battles is banned
|rule|Species Clause: Limit one of each Pokémon
|rule|OHKO Clause: OHKO moves are banned
|rule|Evasion Items Clause: Evasion items are banned
|rule|Evasion Moves Clause: Evasion moves are banned
|rule|Evasion Abilities Clause: Evasion abilities are banned
|rule|Sleep Moves Clause: Sleep-inducing moves are banned
|clearpoke
|poke|p1|Tyranitar, M|
|poke|p1|Excadrill, M|
|poke|p1|Toxapex, F|
|poke|p1|Hydrapple, M|
|poke|p1|Tornadus-Therian, M|
|poke|p1|Heatran, F|
|poke|p2|Meowscarada, F|
|poke|p2|Great Tusk|
|poke|p2|Alomomola, M|
|poke|p2|Slowking-Galar, F|
|poke|p2|Dragonite, M|
|poke|p2|Heatran, M|
|teampreview
|
|t:|1776099912
|teamsize|p1|6
|teamsize|p2|6
|start
|switch|p1a: Heatran|Heatran, F|100/100
|switch|p2a: Mahad|Meowscarada, F, shiny|100/100
|-item|p1a: Heatran|Air Balloon
|turn|1
|
|t:|1776099919
|switch|p1a: Toxapex|Toxapex, F|100/100
|move|p2a: Mahad|U-turn|p1a: Toxapex
|-start|p2a: Mahad|typechange|Bug|[from] ability: Protean
|-resisted|p1a: Toxapex
|-damage|p1a: Toxapex|89/100
|-enditem|p1a: Toxapex|Eject Button
|
|t:|1776099927
|switch|p1a: Tornadus|Tornadus-Therian, M|100/100
|
|upkeep
|turn|2
|
|t:|1776099933
|move|p2a: Mahad|U-turn|p1a: Tornadus
|-resisted|p1a: Tornadus
|-damage|p1a: Tornadus|77/100
|
|t:|1776099940
|switch|p2a: Mithridates|Slowking-Galar, F|100/100|[from] U-turn
|move|p1a: Tornadus|Nasty Plot|p1a: Tornadus
|-boost|p1a: Tornadus|spa|2
|
|upkeep
|turn|3
|
|t:|1776099948
|move|p1a: Tornadus|Bleakwind Storm|p2a: Mithridates
|-crit|p2a: Mithridates
|-damage|p2a: Mithridates|5/100
|-damage|p1a: Tornadus|68/100|[from] item: Life Orb
|move|p2a: Mithridates|Sludge Bomb|p1a: Tornadus
|-damage|p1a: Tornadus|14/100
|
|upkeep
|turn|4
|
|t:|1776099962
|switch|p2a: Vulcanus|Heatran, M, shiny|100/100
|move|p1a: Tornadus|Bleakwind Storm|p2a: Vulcanus
|-resisted|p2a: Vulcanus
|-damage|p2a: Vulcanus|43/100
|-damage|p1a: Tornadus|4/100|[from] item: Life Orb
|
|upkeep
|turn|5
|
|t:|1776099983
|switch|p1a: Heatran|Heatran, F|100/100
|-item|p1a: Heatran|Air Balloon
|switch|p2a: Ladon|Dragonite, M, shiny|100/100
|
|upkeep
|turn|6
|
|t:|1776099999
|switch|p2a: Charybdis|Alomomola, M, shiny|100/100
|move|p1a: Heatran|Magma Storm|p2a: Charybdis|[miss]
|-miss|p1a: Heatran|p2a: Charybdis
|
|upkeep
|turn|7
|
|t:|1776100006
|switch|p1a: Tornadus|Tornadus-Therian, M|37/100
|move|p2a: Charybdis|Scald|p1a: Tornadus
|-damage|p1a: Tornadus|22/100
|-status|p1a: Tornadus|brn
|
|-damage|p1a: Tornadus|16/100 brn|[from] brn
|upkeep
|turn|8
|
|t:|1776100016
|switch|p1a: Toxapex|Toxapex, F|100/100
|move|p2a: Charybdis|Wish|p2a: Charybdis
|
|upkeep
|turn|9
|
|t:|1776100026
|move|p2a: Charybdis|Flip Turn|p1a: Toxapex
|-resisted|p1a: Toxapex
|-damage|p1a: Toxapex|94/100
|
|t:|1776100030
|switch|p2a: Vulcanus|Heatran, M, shiny|43/100|[from] Flip Turn
|move|p1a: Toxapex|Toxic Spikes|p2a: Vulcanus
|-sidestart|p2: magistermilitum420|move: Toxic Spikes
|
|-heal|p2a: Vulcanus|100/100|[from] move: Wish|[wisher] Charybdis
|upkeep
|turn|10
|
|t:|1776100040
|switch|p1a: Heatran|Heatran, F|100/100
|-item|p1a: Heatran|Air Balloon
|move|p2a: Vulcanus|Earth Power|p1a: Heatran
|-immune|p1a: Heatran
|
|upkeep
|turn|11
|
|t:|1776100050
|switch|p2a: Charybdis|Alomomola, M, shiny|100/100
|move|p1a: Heatran|Stealth Rock|p2a: Charybdis
|-sidestart|p2: magistermilitum420|move: Stealth Rock
|
|upkeep
|turn|12
|
|t:|1776100055
|switch|p1a: Tornadus|Tornadus-Therian, M|49/100 brn
|move|p2a: Charybdis|Scald|p1a: Tornadus
|-damage|p1a: Tornadus|31/100 brn
|
|-damage|p1a: Tornadus|25/100 brn|[from] brn
|upkeep
|turn|13
|
|t:|1776100063
|switch|p1a: Hydrapple|Hydrapple, M|100/100
|move|p2a: Charybdis|Scald|p1a: Hydrapple
|-resisted|p1a: Hydrapple
|-damage|p1a: Hydrapple|97/100
|-status|p1a: Hydrapple|brn
|
|-damage|p1a: Hydrapple|91/100 brn|[from] brn
|upkeep
|turn|14
|
|t:|1776100078
|switch|p2a: Mithridates|Slowking-Galar, F|38/100
|-sideend|p2: magistermilitum420|move: Toxic Spikes|[of] p2a: Mithridates
|-damage|p2a: Mithridates|26/100|[from] Stealth Rock
|move|p1a: Hydrapple|Nasty Plot|p1a: Hydrapple
|-boost|p1a: Hydrapple|spa|2
|
|-damage|p1a: Hydrapple|85/100 brn|[from] brn
|upkeep
|turn|15
|
|t:|1776100093
|-terastallize|p2a: Mithridates|Fairy
|move|p1a: Hydrapple|Fickle Beam|p2a: Mithridates
|-immune|p2a: Mithridates
|move|p2a: Mithridates|Sludge Bomb|p1a: Hydrapple
|-supereffective|p1a: Hydrapple
|-damage|p1a: Hydrapple|0 fnt
|faint|p1a: Hydrapple
|
|upkeep
|
|t:|1776100104
|switch|p1a: Toxapex|Toxapex, F|100/100
|turn|16
|
|t:|1776100113
|switch|p2a: Vulcanus|Heatran, M, shiny|100/100
|-damage|p2a: Vulcanus|88/100|[from] Stealth Rock
|move|p1a: Toxapex|Toxic Spikes|p2a: Vulcanus
|-sidestart|p2: magistermilitum420|move: Toxic Spikes
|
|upkeep
|turn|17
|
|t:|1776100121
|switch|p1a: Heatran|Heatran, F|100/100
|-item|p1a: Heatran|Air Balloon
|move|p2a: Vulcanus|Flash Cannon|p1a: Heatran
|-resisted|p1a: Heatran
|-damage|p1a: Heatran|87/100
|-enditem|p1a: Heatran|Air Balloon
|
|upkeep
|turn|18
|
|t:|1776100137
|switch|p2a: Charybdis|Alomomola, M, shiny|100/100
|move|p1a: Heatran|Earth Power|p2a: Charybdis
|-damage|p2a: Charybdis|64/100
|
|upkeep
|turn|19
|
|t:|1776100144
|move|p1a: Heatran|Magma Storm|p2a: Charybdis|[miss]
|-miss|p1a: Heatran|p2a: Charybdis
|move|p2a: Charybdis|Scald|p1a: Heatran
|-supereffective|p1a: Heatran
|-crit|p1a: Heatran
|-damage|p1a: Heatran|52/100
|
|upkeep
|turn|20
|
|t:|1776100153
|switch|p1a: Toxapex|Toxapex, F|100/100
|move|p2a: Charybdis|Wish|p2a: Charybdis
|
|upkeep
|turn|21
|-message|Vocklabruck forfeited.
|
|win|magistermilitum420
|raw|Vocklabruck's rating: 1180 &rarr; <strong>1154</strong><br />(-26 for losing)
|raw|magistermilitum420's rating: 1170 &rarr; <strong>1196</strong><br />(+26 for winning)
|l|☆Vocklabruck
|player|p1|
