|html|<div class="broadcast-blue"><strong>[Gen 9] OU is currently suspecting Tera Blast! For information on how to participate check out the <a href="https://www.smogon.com/tools/suspects/view/200">suspect thread</a>.</strong></div>
|j|☆fatherjackhackett
|j|☆Fermin59
|t:|1776035438
|gametype|singles
|player|p1|fatherjackhackett|170|1099
|player|p2|Fermin59|lucas|1084
|gen|9
|tier|[Gen 9] OU
|rated|
|rule|HP Percentage Mod: HP is shown in percentages
|rule|Endless Battle Clause: Forcing endless battles is banned
|rule|Species Clause: Limit one of each Pokémon
|rule|OHKO Clause: OHKO moves are banned
|rule|Evasion Items Clause: Evasion items are banned
|rule|Evasion Moves Clause: Evasion moves are banned
|rule|Evasion Abilities Clause: Evasion abilities are banned
|rule|Sleep Moves Clause: Sleep-inducing moves are banned
|clearpoke
|poke|p1|Zamazenta-*|
|poke|p1|Kingambit, M|
|poke|p1|Gliscor, M|
|poke|p1|Glimmora, M|
|poke|p1|Hatterene, F|
|poke|p1|Gholdengo|
|poke|p2|Ribombee, F|
|poke|p2|Scizor, M|
|poke|p2|Heracross, M|
|poke|p2|Vikavolt, F|
|poke|p2|Forretress, M|
|poke|p2|Araquanid, F|
|teampreview
|inactive|Battle timer is ON: inactive players will automatically lose when time's up. (requested by Fermin59)
|
|t:|1776035471
|teamsize|p1|6
|teamsize|p2|6
|start
|switch|p1a: Gliscor|Gliscor, M|100/100
|switch|p2a: Ribombee|Ribombee, F|100/100
|turn|1
|
|t:|1776035480
|move|p2a: Ribombee|U-turn|p1a: Gliscor
|-resisted|p1a: Gliscor
|-damage|p1a: Gliscor|97/100
|
|t:|1776035483
|switch|p2a: Forretress|Forretress, M, shiny|100/100|[from] U-turn
|move|p1a: Gliscor|Stealth Rock|p2a: Forretress
|-sidestart|p2: Fermin59|move: Stealth Rock
|
|-status|p1a: Gliscor|tox|[from] item: Toxic Orb
|upkeep
|turn|2
|
|t:|1776035495
|switch|p1a: Hatterene|Hatterene, F|100/100
|move|p2a: Forretress|Rapid Spin|p1a: Hatterene
|-damage|p1a: Hatterene|89/100
|-boost|p2a: Forretress|spe|1
|-sideend|p2: Fermin59|Stealth Rock|[from] move: Rapid Spin|[of] p2a: Forretress
|
|-heal|p1a: Hatterene|95/100|[from] item: Leftovers
|upkeep
|turn|3
|
|t:|1776035515
|switch|p2a: Scyth3r|Scizor, M, shiny|100/100
|move|p1a: Hatterene|Mystical Fire|p2a: Scyth3r
|-supereffective|p2a: Scyth3r
|-damage|p2a: Scyth3r|0 fnt
|faint|p2a: Scyth3r
|
|-heal|p1a: Hatterene|100/100|[from] item: Leftovers
|upkeep
|
|t:|1776035522
|switch|p2a: Araquanid|Araquanid, F|100/100
|turn|4
|
|t:|1776035529
|switch|p1a: Glimmora|Glimmora, M|100/100
|move|p2a: Araquanid|Liquidation|p1a: Glimmora
|-supereffective|p1a: Glimmora
|-damage|p1a: Glimmora|0 fnt
|-activate|p1a: Glimmora|ability: Toxic Debris
|-sidestart|p2: Fermin59|move: Toxic Spikes
|faint|p1a: Glimmora
|
|upkeep
|
|t:|1776035547
|switch|p1a: Kingambit|Kingambit, M|100/100
|-activate|p1a: Kingambit|ability: Supreme Overlord
|-start|p1a: Kingambit|fallen1|[silent]
|-item|p1a: Kingambit|Air Balloon
|turn|5
|
|t:|1776035554
|move|p1a: Kingambit|Kowtow Cleave|p2a: Araquanid
|-damage|p2a: Araquanid|39/100
|move|p2a: Araquanid|Leech Life|p1a: Kingambit
|-damage|p1a: Kingambit|73/100
|-heal|p2a: Araquanid|53/100|[from] drain|[of] p1a: Kingambit
|-enditem|p1a: Kingambit|Air Balloon
|
|upkeep
|turn|6
|
|t:|1776035566
|switch|p2a: Forretress|Forretress, M, shiny|100/100
|move|p1a: Kingambit|Kowtow Cleave|p2a: Forretress
|-damage|p2a: Forretress|69/100
|
|-heal|p2a: Forretress|75/100|[from] item: Leftovers
|upkeep
|turn|7
|
|t:|1776035575
|move|p1a: Kingambit|Swords Dance|p1a: Kingambit
|-boost|p1a: Kingambit|atk|2
|move|p2a: Forretress|Rapid Spin|p1a: Kingambit
|-resisted|p1a: Kingambit
|-damage|p1a: Kingambit|69/100
|-boost|p2a: Forretress|spe|1
|-sideend|p2: Fermin59|Toxic Spikes|[from] move: Rapid Spin|[of] p2a: Forretress
|
|-heal|p2a: Forretress|81/100|[from] item: Leftovers
|upkeep
|turn|8
|
|t:|1776035585
|move|p1a: Kingambit|Kowtow Cleave|p2a: Forretress
|-damage|p2a: Forretress|17/100
|move|p2a: Forretress|Body Press|p1a: Kingambit
|-supereffective|p1a: Kingambit
|-damage|p1a: Kingambit|0 fnt
|faint|p1a: Kingambit
|-end|p1a: Kingambit|fallen1|[silent]
|
|-heal|p2a: Forretress|23/100|[from] item: Leftovers
|upkeep
|
|t:|1776035593
|switch|p1a: Hatterene|Hatterene, F|100/100
|turn|9
|
|t:|1776035599
|move|p2a: Forretress|Volt Switch|p1a: Hatterene
|-damage|p1a: Hatterene|89/100
|
|t:|1776035608
|switch|p2a: Vikavolt|Vikavolt, F, shiny|100/100|[from] Volt Switch
|move|p1a: Hatterene|Mystical Fire|p2a: Vikavolt
|-supereffective|p2a: Vikavolt
|-damage|p2a: Vikavolt|19/100
|-unboost|p2a: Vikavolt|spa|1
|
|-heal|p1a: Hatterene|95/100|[from] item: Leftovers
|upkeep
|turn|10
|
|t:|1776035621
|move|p2a: Vikavolt|Volt Switch|p1a: Hatterene
|-damage|p1a: Hatterene|63/100
|
|t:|1776035626
|switch|p2a: Araquanid|Araquanid, F|53/100|[from] Volt Switch
|move|p1a: Hatterene|Draining Kiss|p2a: Araquanid
|-damage|p2a: Araquanid|36/100
|-heal|p1a: Hatterene|77/100|[from] drain|[of] p2a: Araquanid
|
|-heal|p1a: Hatterene|83/100|[from] item: Leftovers
|upkeep
|turn|11
|
|t:|1776035636
|switch|p1a: Gholdengo|Gholdengo|100/100
|move|p2a: Araquanid|Leech Life|p1a: Gholdengo
|-resisted|p1a: Gholdengo
|-damage|p1a: Gholdengo|92/100
|-heal|p2a: Araquanid|40/100|[from] drain|[of] p1a: Gholdengo
|
|upkeep
|turn|12
|
|t:|1776035643
|move|p1a: Gholdengo|Shadow Ball|p2a: Araquanid
|-damage|p2a: Araquanid|16/100
|move|p2a: Araquanid|Crunch|p1a: Gholdengo
|-supereffective|p1a: Gholdengo
|-damage|p1a: Gholdengo|45/100
|
|upkeep
|turn|13
|
|t:|1776035650
|move|p1a: Gholdengo|Shadow Ball|p2a: Araquanid
|-damage|p2a: Araquanid|0 fnt
|faint|p2a: Araquanid
|
|upkeep
|
|t:|1776035654
|switch|p2a: Ribombee|Ribombee, F|100/100
|turn|14
|
|t:|1776035661
|switch|p1a: Gliscor|Gliscor, M|97/100 tox
|move|p2a: Ribombee|Moonblast|p1a: Gliscor
|-damage|p1a: Gliscor|49/100 tox
|
|-heal|p1a: Gliscor|62/100 tox|[from] ability: Poison Heal
|upkeep
|turn|15
|
|t:|1776035668
|move|p2a: Ribombee|U-turn|p1a: Gliscor
|-resisted|p1a: Gliscor
|-damage|p1a: Gliscor|57/100 tox
|
|t:|1776035678
|switch|p2a: Forretress|Forretress, M, shiny|23/100|[from] U-turn
|move|p1a: Gliscor|Stealth Rock|p2a: Forretress
|-sidestart|p2: Fermin59|move: Stealth Rock
|
|-heal|p2a: Forretress|29/100|[from] item: Leftovers
|-heal|p1a: Gliscor|70/100 tox|[from] ability: Poison Heal
|upkeep
|turn|16
|
|t:|1776035686
|move|p1a: Gliscor|Earthquake|p2a: Forretress
|-damage|p2a: Forretress|12/100
|move|p2a: Forretress|Rapid Spin|p1a: Gliscor
|-damage|p1a: Gliscor|63/100 tox
|-boost|p2a: Forretress|spe|1
|-sideend|p2: Fermin59|Stealth Rock|[from] move: Rapid Spin|[of] p2a: Forretress
|
|-heal|p2a: Forretress|18/100|[from] item: Leftovers
|-heal|p1a: Gliscor|76/100 tox|[from] ability: Poison Heal
|upkeep
|turn|17
|
|t:|1776035709
|switch|p2a: Heracross|Heracross, M|100/100
|move|p1a: Gliscor|Stealth Rock|p2a: Heracross
|-sidestart|p2: Fermin59|move: Stealth Rock
|
|-heal|p1a: Gliscor|88/100 tox|[from] ability: Poison Heal
|upkeep
|turn|18
|
|t:|1776035718
|move|p2a: Heracross|Knock Off|p1a: Gliscor
|-damage|p1a: Gliscor|69/100 tox
|-enditem|p1a: Gliscor|Toxic Orb|[from] move: Knock Off|[of] p2a: Heracross
|move|p1a: Gliscor|U-turn|p2a: Heracross
|-resisted|p2a: Heracross
|-damage|p2a: Heracross|90/100
|-message|Fermin59 forfeited.
|
|win|fatherjackhackett
|raw|fatherjackhackett's rating: 1099 &rarr; <strong>1123</strong><br />(+24 for winning)
|raw|Fermin59's rating: 1084 &rarr; <strong>1062</strong><br />(-22 for losing)
|l|☆Fermin59
|player|p2|
|l|☆fatherjackhackett
|player|p1|
