|html|<div class="broadcast-blue"><strong>[Gen 9] OU is currently suspecting Tera Blast! For information on how to participate check out the <a href="https://www.smogon.com/tools/suspects/view/200">suspect thread</a>.</strong></div>
|j|☆oplita
|j|☆levi6969
|t:|1776257024
|gametype|singles
|player|p1|oplita|rood|1092
|player|p2|levi6969|101|1088
|gen|9
|tier|[Gen 9] OU
|rated|
|rule|HP Percentage Mod: HP is shown in percentages
|rule|Endless Battle Clause: Forcing endless battles is banned
|rule|Species Clause: Limit one of each Pokémon
|rule|OHKO Clause: OHKO moves are banned
|rule|Evasion Items Clause: Evasion items are banned
|rule|Evasion Moves Clause: Evasion moves are banned
|rule|Evasion Abilities Clause: Evasion abilities are banned
|rule|Sleep Moves Clause: Sleep-inducing moves are banned
|clearpoke
|poke|p1|Leavanny, M|
|poke|p1|Tentacruel, M|
|poke|p1|Landorus-Therian, M|
|poke|p1|Dunsparce, M|
|poke|p1|Haxorus, M|
|poke|p1|Heatran, F|
|poke|p2|Whiscash, F|
|poke|p2|Jirachi|
|poke|p2|Pelipper, F|
|poke|p2|Kingdra, F|
|poke|p2|Weezing-Galar, M|
|poke|p2|Slither Wing|
|teampreview
|inactive|Battle timer is ON: inactive players will automatically lose when time's up. (requested by oplita)
|
|t:|1776257035
|teamsize|p1|6
|teamsize|p2|6
|start
|switch|p1a: Tentacruel|Tentacruel, M|100/100
|switch|p2a: Whiscash|Whiscash, F|100/100
|turn|1
|
|t:|1776257039
|move|p1a: Tentacruel|Giga Drain|p2a: Whiscash
|-supereffective|p2a: Whiscash
|-damage|p2a: Whiscash|6/100
|move|p2a: Whiscash|Earthquake|p1a: Tentacruel
|-supereffective|p1a: Tentacruel
|-damage|p1a: Tentacruel|0 fnt
|faint|p1a: Tentacruel
|-damage|p2a: Whiscash|0 fnt|[from] item: Life Orb
|faint|p2a: Whiscash
|
|upkeep
|
|t:|1776257048
|switch|p1a: Leavanny|Leavanny, M|100/100
|switch|p2a: Pelipper|Pelipper, F|100/100
|-weather|RainDance|[from] ability: Drizzle|[of] p2a: Pelipper
|turn|2
|
|t:|1776257052
|move|p1a: Leavanny|Sticky Web|p2a: Pelipper
|-sidestart|p2: levi6969|move: Sticky Web
|move|p2a: Pelipper|U-turn|p1a: Leavanny
|-supereffective|p1a: Leavanny
|-damage|p1a: Leavanny|74/100
|
|t:|1776257056
|switch|p2a: Weezing|Weezing-Galar, M|100/100|[from] U-turn
|-ability|p2a: Weezing|Neutralizing Gas
|-activate|p2a: Weezing|move: Sticky Web
|-unboost|p2a: Weezing|spe|1
|
|-weather|RainDance|[upkeep]
|upkeep
|turn|3
|
|t:|1776257063
|move|p1a: Leavanny|Knock Off|p2a: Weezing
|-resisted|p2a: Weezing
|-damage|p2a: Weezing|91/100
|-damage|p1a: Leavanny|58/100|[from] item: Rocky Helmet|[of] p2a: Weezing
|-enditem|p2a: Weezing|Rocky Helmet|[from] move: Knock Off|[of] p1a: Leavanny
|move|p2a: Weezing|Defog|p1a: Leavanny
|-unboost|p1a: Leavanny|evasion|1
|-sideend|p2: levi6969|Sticky Web|[from] move: Defog|[of] p2a: Weezing
|
|-weather|RainDance|[upkeep]
|upkeep
|turn|4
|
|t:|1776257074
|move|p1a: Leavanny|Poison Jab|p2a: Weezing
|-damage|p2a: Weezing|76/100
|move|p2a: Weezing|Will-O-Wisp|p1a: Leavanny
|-status|p1a: Leavanny|brn
|
|-weather|RainDance|[upkeep]
|-damage|p1a: Leavanny|52/100 brn|[from] brn
|upkeep
|turn|5
|
|t:|1776257079
|move|p1a: Leavanny|Sticky Web|p2a: Weezing
|-sidestart|p2: levi6969|move: Sticky Web
|move|p2a: Weezing|Strange Steam|p1a: Leavanny
|-damage|p1a: Leavanny|13/100 brn
|
|-weather|RainDance|[upkeep]
|-damage|p1a: Leavanny|6/100 brn|[from] brn
|upkeep
|turn|6
|
|t:|1776257082
|move|p1a: Leavanny|Lunge|p2a: Weezing
|-resisted|p2a: Weezing
|-damage|p2a: Weezing|73/100
|-unboost|p2a: Weezing|atk|1
|move|p2a: Weezing|Defog|p1a: Leavanny
|-unboost|p1a: Leavanny|evasion|1
|-sideend|p2: levi6969|Sticky Web|[from] move: Defog|[of] p2a: Weezing
|
|-weather|RainDance|[upkeep]
|-damage|p1a: Leavanny|0 fnt|[from] brn
|faint|p1a: Leavanny
|upkeep
|
|t:|1776257091
|switch|p1a: Heatran|Heatran, F|100/100
|turn|7
|
|t:|1776257098
|-end|p2a: Weezing|ability: Neutralizing Gas
|switch|p2a: Pelipper|Pelipper, F|100/100
|move|p1a: Heatran|Flash Cannon|p2a: Pelipper
|-resisted|p2a: Pelipper
|-damage|p2a: Pelipper|60/100
|
|-weather|RainDance|[upkeep]
|upkeep
|turn|8
|
|t:|1776257103
|switch|p1a: Dunsparce|Dunsparce, M|100/100
|move|p2a: Pelipper|Roost|p2a: Pelipper
|-heal|p2a: Pelipper|100/100
|-singleturn|p2a: Pelipper|move: Roost
|
|-weather|RainDance|[upkeep]
|upkeep
|turn|9
|
|t:|1776257110
|move|p1a: Dunsparce|Coil|p1a: Dunsparce
|-boost|p1a: Dunsparce|atk|1
|-boost|p1a: Dunsparce|def|1
|-boost|p1a: Dunsparce|accuracy|1
|move|p2a: Pelipper|Knock Off|p1a: Dunsparce
|-damage|p1a: Dunsparce|94/100
|-enditem|p1a: Dunsparce|Eviolite|[from] move: Knock Off|[of] p2a: Pelipper
|
|-weather|none
|upkeep
|turn|10
|
|t:|1776257122
|move|p1a: Dunsparce|Headbutt|p2a: Pelipper
|-damage|p2a: Pelipper|77/100
|cant|p2a: Pelipper|flinch
|
|upkeep
|turn|11
|
|t:|1776257148
|switch|p2a: Jirachi|Jirachi|100/100
|move|p1a: Dunsparce|Headbutt|p2a: Jirachi
|-resisted|p2a: Jirachi
|-damage|p2a: Jirachi|86/100
|
|upkeep
|turn|12
|
|t:|1776257154
|switch|p1a: Landorus|Landorus-Therian, M|100/100
|-ability|p1a: Landorus|Intimidate|boost
|-unboost|p2a: Jirachi|atk|1
|move|p2a: Jirachi|Doom Desire|p1a: Landorus
|-start|p2a: Jirachi|Doom Desire
|
|upkeep
|turn|13
|
|t:|1776257168
|move|p2a: Jirachi|Icy Wind|p1a: Landorus
|-supereffective|p1a: Landorus
|-damage|p1a: Landorus|13/100
|-unboost|p1a: Landorus|spe|1
|move|p1a: Landorus|Stealth Rock|p2a: Jirachi
|-sidestart|p2: levi6969|move: Stealth Rock
|
|-heal|p1a: Landorus|19/100|[from] item: Leftovers
|upkeep
|turn|14
|
|t:|1776257173
|switch|p2a: Pelipper|Pelipper, F|77/100
|-damage|p2a: Pelipper|53/100|[from] Stealth Rock
|-weather|RainDance|[from] ability: Drizzle|[of] p2a: Pelipper
|move|p1a: Landorus|Hammer Arm|p2a: Pelipper
|-resisted|p2a: Pelipper
|-damage|p2a: Pelipper|35/100
|-unboost|p1a: Landorus|spe|1
|
|-weather|RainDance|[upkeep]
|-end|p1a: Landorus|move: Doom Desire
|-damage|p1a: Landorus|0 fnt
|faint|p1a: Landorus
|upkeep
|
|t:|1776257195
|switch|p1a: Heatran|Heatran, F|100/100
|turn|15
|
|t:|1776257199
|switch|p2a: Kingdra|Kingdra, F|100/100
|-damage|p2a: Kingdra|88/100|[from] Stealth Rock
|move|p1a: Heatran|Dragon Pulse|p2a: Kingdra
|-supereffective|p2a: Kingdra
|-damage|p2a: Kingdra|0 fnt
|faint|p2a: Kingdra
|
|-weather|RainDance|[upkeep]
|upkeep
|
|t:|1776257204
|switch|p2a: Slither Wing|Slither Wing|100/100
|-damage|p2a: Slither Wing|88/100|[from] Stealth Rock
|turn|16
|
|t:|1776257209
|-terastallize|p2a: Slither Wing|Ground
|move|p2a: Slither Wing|Earthquake|p1a: Heatran
|-supereffective|p1a: Heatran
|-damage|p1a: Heatran|0 fnt
|faint|p1a: Heatran
|
|-weather|RainDance|[upkeep]
|upkeep
|
|t:|1776257212
|switch|p1a: Dunsparce|Dunsparce, M|94/100
|turn|17
|
|t:|1776257216
|move|p2a: Slither Wing|Earthquake|p1a: Dunsparce
|-damage|p1a: Dunsparce|42/100
|move|p1a: Dunsparce|Coil|p1a: Dunsparce
|-boost|p1a: Dunsparce|atk|1
|-boost|p1a: Dunsparce|def|1
|-boost|p1a: Dunsparce|accuracy|1
|
|-weather|RainDance|[upkeep]
|upkeep
|turn|18
|
|t:|1776257219
|move|p2a: Slither Wing|Earthquake|p1a: Dunsparce
|-damage|p1a: Dunsparce|7/100
|move|p1a: Dunsparce|Roost|p1a: Dunsparce
|-heal|p1a: Dunsparce|57/100
|-singleturn|p1a: Dunsparce|move: Roost
|
|-weather|RainDance|[upkeep]
|upkeep
|turn|19
|
|t:|1776257223
|-end|p2a: Slither Wing|Protosynthesis|[silent]
|switch|p2a: Jirachi|Jirachi|86/100
|-damage|p2a: Jirachi|80/100|[from] Stealth Rock
|move|p1a: Dunsparce|Roost|p1a: Dunsparce
|-heal|p1a: Dunsparce|100/100
|-singleturn|p1a: Dunsparce|move: Roost
|
|-weather|RainDance|[upkeep]
|upkeep
|turn|20
|
|t:|1776257227
|move|p2a: Jirachi|Psychic Noise|p1a: Dunsparce
|-damage|p1a: Dunsparce|67/100
|-start|p1a: Dunsparce|move: Heal Block
|move|p1a: Dunsparce|Headbutt|p2a: Jirachi
|-resisted|p2a: Jirachi
|-damage|p2a: Jirachi|66/100
|
|-weather|RainDance|[upkeep]
|upkeep
|turn|21
|
|t:|1776257231
|move|p2a: Jirachi|Doom Desire|p1a: Dunsparce
|-start|p2a: Jirachi|Doom Desire
|move|p1a: Dunsparce|Coil|p1a: Dunsparce
|-boost|p1a: Dunsparce|atk|1
|-boost|p1a: Dunsparce|def|1
|-boost|p1a: Dunsparce|accuracy|1
|
|-weather|none
|-end|p1a: Dunsparce|move: Heal Block
|upkeep
|turn|22
|
|t:|1776257233
|move|p2a: Jirachi|Psychic Noise|p1a: Dunsparce
|-damage|p1a: Dunsparce|37/100
|-start|p1a: Dunsparce|move: Heal Block
|move|p1a: Dunsparce|Headbutt|p2a: Jirachi
|-resisted|p2a: Jirachi
|-damage|p2a: Jirachi|49/100
|
|upkeep
|turn|23
|
|t:|1776257241
|switch|p2a: Weezing|Weezing-Galar, M|73/100
|-ability|p2a: Weezing|Neutralizing Gas
|-damage|p2a: Weezing|61/100|[from] Stealth Rock
|move|p1a: Dunsparce|Headbutt|p2a: Weezing
|-damage|p2a: Weezing|38/100
|
|-end|p1a: Dunsparce|move: Doom Desire
|-damage|p1a: Dunsparce|0 fnt
|faint|p1a: Dunsparce
|upkeep
|
|t:|1776257244
|switch|p1a: Haxorus|Haxorus, M, shiny|100/100
|turn|24
|
|t:|1776257251
|-terastallize|p1a: Haxorus|Normal
|move|p1a: Haxorus|Double-Edge|p2a: Weezing
|-damage|p2a: Weezing|0 fnt
|faint|p2a: Weezing
|-end|p2a: Weezing|ability: Neutralizing Gas
|-damage|p1a: Haxorus|87/100|[from] Recoil
|
|upkeep
|
|t:|1776257255
|switch|p2a: Slither Wing|Slither Wing, tera:Ground|88/100
|-damage|p2a: Slither Wing|82/100|[from] Stealth Rock
|turn|25
|
|t:|1776257258
|move|p2a: Slither Wing|Close Combat|p1a: Haxorus
|-supereffective|p1a: Haxorus
|-damage|p1a: Haxorus|0 fnt
|-unboost|p2a: Slither Wing|def|1
|-unboost|p2a: Slither Wing|spd|1
|faint|p1a: Haxorus
|
|win|levi6969
|raw|oplita's rating: 1092 &rarr; <strong>1068</strong><br />(-24 for losing)
|raw|levi6969's rating: 1088 &rarr; <strong>1115</strong><br />(+27 for winning)
|l|☆oplita
|player|p1|
|c|☆levi6969|gg
