|html|<div class="broadcast-blue"><strong>[Gen 9] OU is currently suspecting Tera Blast! For information on how to participate check out the <a href="https://www.smogon.com/tools/suspects/view/200">suspect thread</a>.</strong></div>
|j|☆AKGD
|j|☆JiyuRey
|t:|1776032982
|gametype|singles
|player|p1|AKGD|hilbert|1360
|player|p2|JiyuRey|shadowtriad|1401
|gen|9
|tier|[Gen 9] OU
|rated|
|rule|HP Percentage Mod: HP is shown in percentages
|rule|Endless Battle Clause: Forcing endless battles is banned
|rule|Species Clause: Limit one of each Pokémon
|rule|OHKO Clause: OHKO moves are banned
|rule|Evasion Items Clause: Evasion items are banned
|rule|Evasion Moves Clause: Evasion moves are banned
|rule|Evasion Abilities Clause: Evasion abilities are banned
|rule|Sleep Moves Clause: Sleep-inducing moves are banned
|clearpoke
|poke|p1|Dragapult, M|
|poke|p1|Raging Bolt|
|poke|p1|Iron Moth|
|poke|p1|Great Tusk|
|poke|p1|Ogerpon-Wellspring, F|
|poke|p1|Landorus-Therian, M|
|poke|p2|Garganacl, F|
|poke|p2|Gholdengo|
|poke|p2|Dragapult, M|
|poke|p2|Great Tusk|
|poke|p2|Iron Valiant|
|poke|p2|Kingambit, F|
|teampreview
|inactive|Battle timer is ON: inactive players will automatically lose when time's up. (requested by AKGD)
|
|t:|1776033006
|teamsize|p1|6
|teamsize|p2|6
|start
|switch|p1a: Landorus|Landorus-Therian, M|100/100
|switch|p2a: Nídhögg|Dragapult, M|100/100
|-ability|p1a: Landorus|Intimidate|boost
|-fail|p2a: Nídhögg|unboost|[from] ability: Clear Body|[of] p2a: Nídhögg
|turn|1
|
|t:|1776033017
|move|p2a: Nídhögg|Dragon Darts|p1a: Landorus
|-damage|p1a: Landorus|59/100
|-anim|p2a: Nídhögg|Dragon Darts|p1a: Landorus
|-damage|p1a: Landorus|13/100
|move|p1a: Landorus|Earthquake|p2a: Nídhögg
|-damage|p2a: Nídhögg|11/100
|
|upkeep
|turn|2
|
|t:|1776033030
|move|p2a: Nídhögg|Dragon Darts|p1a: Landorus
|-damage|p1a: Landorus|0 fnt
|faint|p1a: Landorus
|
|upkeep
|
|t:|1776033035
|switch|p1a: Dragjet|Dragapult, M|100/100
|turn|3
|
|t:|1776033039
|move|p1a: Dragjet|Sucker Punch|p2a: Nídhögg
|-supereffective|p2a: Nídhögg
|-damage|p2a: Nídhögg|0 fnt
|faint|p2a: Nídhögg
|
|upkeep
|
|t:|1776033049
|switch|p2a: Mïddàs|Gholdengo|100/100
|-item|p2a: Mïddàs|Air Balloon
|turn|4
|
|t:|1776033054
|move|p1a: Dragjet|Phantom Force||[still]
|-prepare|p1a: Dragjet|Phantom Force
|move|p2a: Mïddàs|Nasty Plot|p2a: Mïddàs
|-boost|p2a: Mïddàs|spa|2
|
|upkeep
|turn|5
|
|t:|1776033066
|-terastallize|p2a: Mïddàs|Water
|move|p1a: Dragjet|Phantom Force|p2a: Mïddàs|[from] lockedmove
|-damage|p2a: Mïddàs|44/100
|-enditem|p2a: Mïddàs|Air Balloon
|move|p2a: Mïddàs|Shadow Ball|p1a: Dragjet
|-supereffective|p1a: Dragjet
|-damage|p1a: Dragjet|0 fnt
|faint|p1a: Dragjet
|
|upkeep
|
|t:|1776033080
|switch|p1a: Ogerpon|Ogerpon-Wellspring, F|100/100
|turn|6
|
|t:|1776033086
|move|p1a: Ogerpon|Horn Leech|p2a: Mïddàs
|-supereffective|p2a: Mïddàs
|-damage|p2a: Mïddàs|0 fnt
|faint|p2a: Mïddàs
|
|upkeep
|
|t:|1776033097
|switch|p2a: Àndroïdd|Iron Valiant|100/100
|-enditem|p2a: Àndroïdd|Booster Energy
|-activate|p2a: Àndroïdd|ability: Quark Drive|[fromitem]
|-start|p2a: Àndroïdd|quarkdrivespe
|turn|7
|
|t:|1776033105
|move|p2a: Àndroïdd|Calm Mind|p2a: Àndroïdd
|-boost|p2a: Àndroïdd|spa|1
|-boost|p2a: Àndroïdd|spd|1
|move|p1a: Ogerpon|Play Rough|p2a: Àndroïdd
|-supereffective|p2a: Àndroïdd
|-damage|p2a: Àndroïdd|9/100
|
|upkeep
|turn|8
|
|t:|1776033114
|move|p2a: Àndroïdd|Moonblast|p1a: Ogerpon
|-damage|p1a: Ogerpon|23/100
|move|p1a: Ogerpon|Ivy Cudgel|p2a: Àndroïdd|[anim] Ivy Cudgel Water
|-damage|p2a: Àndroïdd|0 fnt
|faint|p2a: Àndroïdd
|-end|p2a: Àndroïdd|Quark Drive|[silent]
|
|upkeep
|
|t:|1776033125
|switch|p2a: Sàmuuraï|Kingambit, F|100/100
|-activate|p2a: Sàmuuraï|ability: Supreme Overlord
|-start|p2a: Sàmuuraï|fallen3|[silent]
|turn|9
|
|t:|1776033141
|move|p1a: Ogerpon|Ivy Cudgel|p2a: Sàmuuraï|[anim] Ivy Cudgel Water
|-damage|p2a: Sàmuuraï|55/100
|move|p2a: Sàmuuraï|Swords Dance|p2a: Sàmuuraï
|-boost|p2a: Sàmuuraï|atk|2
|
|-heal|p2a: Sàmuuraï|61/100|[from] item: Leftovers
|upkeep
|turn|10
|
|t:|1776033152
|move|p2a: Sàmuuraï|Sucker Punch|p1a: Ogerpon
|-damage|p1a: Ogerpon|0 fnt
|faint|p1a: Ogerpon
|
|-heal|p2a: Sàmuuraï|67/100|[from] item: Leftovers
|upkeep
|
|t:|1776033158
|switch|p1a: Great Tusk|Great Tusk|100/100
|-enditem|p1a: Great Tusk|Booster Energy
|-activate|p1a: Great Tusk|ability: Protosynthesis|[fromitem]
|-start|p1a: Great Tusk|protosynthesisatk
|turn|11
|
|t:|1776033170
|-end|p2a: Sàmuuraï|fallen3|[silent]
|switch|p2a: Màmhoutt|Great Tusk|100/100
|move|p1a: Great Tusk|Headlong Rush|p2a: Màmhoutt
|-damage|p2a: Màmhoutt|55/100
|-unboost|p1a: Great Tusk|def|1
|-unboost|p1a: Great Tusk|spd|1
|-damage|p1a: Great Tusk|84/100|[from] item: Rocky Helmet|[of] p2a: Màmhoutt
|
|upkeep
|turn|12
|
|t:|1776033187
|move|p1a: Great Tusk|Rapid Spin|p2a: Màmhoutt
|-damage|p2a: Màmhoutt|40/100
|-boost|p1a: Great Tusk|spe|1
|-damage|p1a: Great Tusk|68/100|[from] item: Rocky Helmet|[of] p2a: Màmhoutt
|move|p2a: Màmhoutt|Rapid Spin|p1a: Great Tusk
|-damage|p1a: Great Tusk|53/100
|-boost|p2a: Màmhoutt|spe|1
|
|upkeep
|turn|13
|
|t:|1776033204
|move|p1a: Great Tusk|Headlong Rush|p2a: Màmhoutt
|-damage|p2a: Màmhoutt|0 fnt
|-unboost|p1a: Great Tusk|def|1
|-unboost|p1a: Great Tusk|spd|1
|-damage|p1a: Great Tusk|36/100|[from] item: Rocky Helmet|[of] p2a: Màmhoutt
|faint|p2a: Màmhoutt
|-end|p2a: Màmhoutt|Protosynthesis|[silent]
|
|upkeep
|
|t:|1776033213
|switch|p2a: Émètth|Garganacl, F|100/100
|turn|14
|
|t:|1776033222
|move|p1a: Great Tusk|Headlong Rush|p2a: Émètth
|-supereffective|p2a: Émètth
|-damage|p2a: Émètth|0 fnt
|-unboost|p1a: Great Tusk|def|1
|-unboost|p1a: Great Tusk|spd|1
|faint|p2a: Émètth
|
|upkeep
|
|t:|1776033230
|switch|p2a: Sàmuuraï|Kingambit, F|67/100
|-activate|p2a: Sàmuuraï|ability: Supreme Overlord
|-start|p2a: Sàmuuraï|fallen5|[silent]
|turn|15
|
|t:|1776033237
|move|p2a: Sàmuuraï|Sucker Punch|p1a: Great Tusk
|-resisted|p1a: Great Tusk
|-damage|p1a: Great Tusk|0 fnt
|faint|p1a: Great Tusk
|-end|p1a: Great Tusk|Protosynthesis|[silent]
|
|-heal|p2a: Sàmuuraï|74/100|[from] item: Leftovers
|upkeep
|
|t:|1776033244
|switch|p1a: Raging Bolt|Raging Bolt|100/100
|-enditem|p1a: Raging Bolt|Booster Energy
|-activate|p1a: Raging Bolt|ability: Protosynthesis|[fromitem]
|-start|p1a: Raging Bolt|protosynthesisspa
|turn|16
|
|t:|1776033255
|move|p1a: Raging Bolt|Thunderbolt|p2a: Sàmuuraï
|-damage|p2a: Sàmuuraï|9/100
|move|p2a: Sàmuuraï|Swords Dance|p2a: Sàmuuraï
|-boost|p2a: Sàmuuraï|atk|2
|
|-heal|p2a: Sàmuuraï|16/100|[from] item: Leftovers
|upkeep
|turn|17
|
|t:|1776033264
|move|p1a: Raging Bolt|Thunderclap|p2a: Sàmuuraï
|-crit|p2a: Sàmuuraï
|-damage|p2a: Sàmuuraï|0 fnt
|faint|p2a: Sàmuuraï
|-end|p2a: Sàmuuraï|fallen5|[silent]
|
|win|AKGD
|raw|AKGD's rating: 1360 &rarr; <strong>1382</strong><br />(+22 for winning)
|raw|JiyuRey's rating: 1401 &rarr; <strong>1379</strong><br />(-22 for losing)
|c|☆AKGD|Gg
|l|☆JiyuRey
|player|p2|
|c|☆AKGD|That was close
