|html|<div class="broadcast-blue"><strong>[Gen 9] OU is currently suspecting Tera Blast! For information on how to participate check out the <a href="https://www.smogon.com/tools/suspects/view/200">suspect thread</a>.</strong></div>
|j|☆Asa Nocturne
|j|☆SteampunkFurret
|t:|1776055853
|gametype|singles
|player|p1|Asa Nocturne|n|1128
|player|p2|SteampunkFurret|lass-gen4dp|1115
|gen|9
|tier|[Gen 9] OU
|rated|
|rule|HP Percentage Mod: HP is shown in percentages
|rule|Endless Battle Clause: Forcing endless battles is banned
|rule|Species Clause: Limit one of each Pokémon
|rule|OHKO Clause: OHKO moves are banned
|rule|Evasion Items Clause: Evasion items are banned
|rule|Evasion Moves Clause: Evasion moves are banned
|rule|Evasion Abilities Clause: Evasion abilities are banned
|rule|Sleep Moves Clause: Sleep-inducing moves are banned
|clearpoke
|poke|p1|Zoroark-Hisui, F|
|poke|p1|Darkrai|
|poke|p1|Garchomp, F|
|poke|p1|Ceruledge, F|
|poke|p1|Galvantula, F|
|poke|p1|Necrozma|
|poke|p2|Skarmory, M|
|poke|p2|Slowking, F|
|poke|p2|Zamazenta-*|
|poke|p2|Metagross|
|poke|p2|Weezing-Galar, F|
|poke|p2|Tornadus-Therian, M|
|teampreview
|
|t:|1776055873
|teamsize|p1|6
|teamsize|p2|6
|start
|switch|p1a: Necrozma|Necrozma|100/100
|switch|p2a: Zamazenta|Zamazenta|100/100
|-ability|p2a: Zamazenta|Dauntless Shield|boost
|-boost|p2a: Zamazenta|def|1
|turn|1
|
|t:|1776055889
|switch|p2a: Slowking|Slowking, F|100/100
|move|p1a: Necrozma|Photon Geyser|p2a: Slowking
|-resisted|p2a: Slowking
|-damage|p2a: Slowking|83/100
|
|upkeep
|turn|2
|
|t:|1776055897
|move|p1a: Necrozma|Meteor Beam||[still]
|-prepare|p1a: Necrozma|Meteor Beam
|-boost|p1a: Necrozma|spa|1
|-enditem|p1a: Necrozma|Power Herb
|-anim|p1a: Necrozma|Meteor Beam|p2a: Slowking|[miss]
|-miss|p1a: Necrozma|p2a: Slowking
|move|p2a: Slowking|Thunder Wave|p1a: Necrozma
|-status|p1a: Necrozma|par
|
|upkeep
|turn|3
|
|t:|1776055917
|move|p1a: Necrozma|Stealth Rock|p2a: Slowking
|-sidestart|p2: SteampunkFurret|move: Stealth Rock
|move|p2a: Slowking|Future Sight|p1a: Necrozma
|-start|p2a: Slowking|move: Future Sight
|
|upkeep
|turn|4
|
|t:|1776055930
|cant|p1a: Necrozma|par
|-prepare|p2a: Slowking|Chilly Reception|[premajor]
|move|p2a: Slowking|Chilly Reception|p2a: Slowking
|-weather|Snowscape
|
|t:|1776055946
|switch|p2a: Metagross|Metagross|100/100|[from] Chilly Reception
|-damage|p2a: Metagross|94/100|[from] Stealth Rock
|
|-weather|Snowscape|[upkeep]
|-heal|p2a: Metagross|100/100|[from] item: Leftovers
|upkeep
|turn|5
|
|t:|1776055990
|move|p2a: Metagross|Knock Off|p1a: Necrozma
|-supereffective|p1a: Necrozma
|-damage|p1a: Necrozma|63/100 par
|move|p1a: Necrozma|Earth Power|p2a: Metagross
|-supereffective|p2a: Metagross
|-damage|p2a: Metagross|0 fnt
|faint|p2a: Metagross
|
|-weather|Snowscape|[upkeep]
|-end|p1a: Necrozma|move: Future Sight
|-resisted|p1a: Necrozma
|-damage|p1a: Necrozma|40/100 par
|upkeep
|
|t:|1776056006
|switch|p2a: Tornadus|Tornadus-Therian, M|100/100
|turn|6
|
|t:|1776056017
|move|p2a: Tornadus|Nasty Plot|p2a: Tornadus
|-boost|p2a: Tornadus|spa|2
|move|p1a: Necrozma|Photon Geyser|p2a: Tornadus
|-damage|p2a: Tornadus|14/100
|
|-weather|Snowscape|[upkeep]
|upkeep
|turn|7
|
|t:|1776056048
|move|p2a: Tornadus|Dark Pulse|p1a: Necrozma
|-supereffective|p1a: Necrozma
|-damage|p1a: Necrozma|0 fnt
|faint|p1a: Necrozma
|
|-weather|Snowscape|[upkeep]
|upkeep
|
|t:|1776056054
|switch|p1a: Garchomp|Garchomp, F|100/100
|turn|8
|
|t:|1776056062
|move|p2a: Tornadus|Bleakwind Storm|p1a: Garchomp|[miss]
|-miss|p2a: Tornadus|p1a: Garchomp
|move|p1a: Garchomp|Scale Shot|p2a: Tornadus
|-damage|p2a: Tornadus|0 fnt
|faint|p2a: Tornadus
|-hitcount|p2: Tornadus|1
|-unboost|p1a: Garchomp|def|1
|-boost|p1a: Garchomp|spe|1
|
|-weather|none
|upkeep
|
|t:|1776056072
|switch|p2a: Skarmory|Skarmory, M|100/100
|-damage|p2a: Skarmory|88/100|[from] Stealth Rock
|turn|9
|
|t:|1776056078
|move|p1a: Garchomp|Fire Fang|p2a: Skarmory
|-supereffective|p2a: Skarmory
|-damage|p2a: Skarmory|51/100
|-damage|p1a: Garchomp|84/100|[from] item: Rocky Helmet|[of] p2a: Skarmory
|move|p2a: Skarmory|Iron Defense|p2a: Skarmory
|-boost|p2a: Skarmory|def|2
|
|upkeep
|turn|10
|
|t:|1776056089
|-terastallize|p1a: Garchomp|Fire
|move|p1a: Garchomp|Fire Fang|p2a: Skarmory
|-supereffective|p2a: Skarmory
|-damage|p2a: Skarmory|24/100
|-damage|p1a: Garchomp|67/100|[from] item: Rocky Helmet|[of] p2a: Skarmory
|move|p2a: Skarmory|Roost|p2a: Skarmory
|-heal|p2a: Skarmory|74/100
|-singleturn|p2a: Skarmory|move: Roost
|
|upkeep
|turn|11
|
|t:|1776056099
|move|p1a: Garchomp|Swords Dance|p1a: Garchomp
|-boost|p1a: Garchomp|atk|2
|move|p2a: Skarmory|Iron Defense|p2a: Skarmory
|-boost|p2a: Skarmory|def|2
|
|upkeep
|turn|12
|
|t:|1776056105
|move|p1a: Garchomp|Fire Fang|p2a: Skarmory
|-supereffective|p2a: Skarmory
|-damage|p2a: Skarmory|39/100
|-damage|p1a: Garchomp|51/100|[from] item: Rocky Helmet|[of] p2a: Skarmory
|move|p2a: Skarmory|Iron Defense|p2a: Skarmory
|-boost|p2a: Skarmory|def|2
|
|upkeep
|turn|13
|
|t:|1776056112
|move|p1a: Garchomp|Fire Fang|p2a: Skarmory
|-supereffective|p2a: Skarmory
|-damage|p2a: Skarmory|12/100
|-damage|p1a: Garchomp|34/100|[from] item: Rocky Helmet|[of] p2a: Skarmory
|cant|p2a: Skarmory|flinch
|
|upkeep
|turn|14
|c|☆SteampunkFurret|dang.
|
|t:|1776056123
|move|p1a: Garchomp|Fire Fang|p2a: Skarmory
|-supereffective|p2a: Skarmory
|-damage|p2a: Skarmory|0 fnt
|-damage|p1a: Garchomp|18/100|[from] item: Rocky Helmet|[of] p2a: Skarmory
|faint|p2a: Skarmory
|
|upkeep
|-message|SteampunkFurret forfeited.
|
|win|Asa Nocturne
|raw|Asa Nocturne's rating: 1128 &rarr; <strong>1152</strong><br />(+24 for winning)
|raw|SteampunkFurret's rating: 1115 &rarr; <strong>1091</strong><br />(-24 for losing)
|l|☆SteampunkFurret
|player|p2|
|j|☆SteampunkFurret
|player|p2|SteampunkFurret|lass-gen4dp|
|l|☆Asa Nocturne
|player|p1|
