|html|<div class="broadcast-blue"><strong>[Gen 9] OU is currently suspecting Tera Blast! For information on how to participate check out the <a href="https://www.smogon.com/tools/suspects/view/200">suspect thread</a>.</strong></div>
|j|☆oscar1540
|j|☆khetsis
|t:|1776068097
|gametype|singles
|player|p1|oscar1540|lucas|1170
|player|p2|khetsis|zinzolin|1130
|gen|9
|tier|[Gen 9] OU
|rated|
|rule|HP Percentage Mod: HP is shown in percentages
|rule|Endless Battle Clause: Forcing endless battles is banned
|rule|Species Clause: Limit one of each Pokémon
|rule|OHKO Clause: OHKO moves are banned
|rule|Evasion Items Clause: Evasion items are banned
|rule|Evasion Moves Clause: Evasion moves are banned
|rule|Evasion Abilities Clause: Evasion abilities are banned
|rule|Sleep Moves Clause: Sleep-inducing moves are banned
|clearpoke
|poke|p1|Metagross|
|poke|p1|Dragonite, F|
|poke|p1|Zapdos|
|poke|p1|Tentacruel, M|
|poke|p1|Incineroar, M|
|poke|p1|Iron Valiant|
|poke|p2|Fezandipiti, M|
|poke|p2|Dondozo, M|
|poke|p2|Garganacl, M|
|poke|p2|Kingambit, M|
|poke|p2|Landorus-Therian, M|
|poke|p2|Raging Bolt|
|teampreview
|
|t:|1776068107
|teamsize|p1|6
|teamsize|p2|6
|start
|switch|p1a: Incineroar|Incineroar, M, shiny|100/100
|switch|p2a: Marco|Fezandipiti, M|100/100
|-ability|p1a: Incineroar|Intimidate|boost
|-unboost|p2a: Marco|atk|1
|turn|1
|
|t:|1776068130
|move|p2a: Marco|Moonblast|p1a: Incineroar
|-damage|p1a: Incineroar|65/100
|-status|p1a: Incineroar|tox|[from] ability: Toxic Chain|[of] p2a: Marco
|move|p1a: Incineroar|Parting Shot|p2a: Marco
|-unboost|p2a: Marco|atk|1
|-unboost|p2a: Marco|spa|1
|
|t:|1776068143
|switch|p1a: Metagross|Metagross, shiny|100/100|[from] Parting Shot
|
|upkeep
|turn|2
|
|t:|1776068153
|switch|p2a: Nekomamushi|Landorus-Therian, M|100/100
|-ability|p2a: Nekomamushi|Intimidate|boost
|-fail|p1a: Metagross|unboost|[from] ability: Clear Body|[of] p1a: Metagross
|move|p1a: Metagross|Meteor Mash|p2a: Nekomamushi
|-damage|p2a: Nekomamushi|49/100
|
|-heal|p2a: Nekomamushi|55/100|[from] item: Leftovers
|upkeep
|turn|3
|
|t:|1776068170
|move|p2a: Nekomamushi|Earthquake|p1a: Metagross
|-supereffective|p1a: Metagross
|-damage|p1a: Metagross|7/100
|move|p1a: Metagross|Ice Punch|p2a: Nekomamushi
|-supereffective|p2a: Nekomamushi
|-damage|p2a: Nekomamushi|0 fnt
|faint|p2a: Nekomamushi
|
|upkeep
|
|t:|1776068180
|switch|p2a: Eneru|Raging Bolt|100/100
|-enditem|p2a: Eneru|Booster Energy
|-activate|p2a: Eneru|ability: Protosynthesis|[fromitem]
|-start|p2a: Eneru|protosynthesisspa
|turn|4
|
|t:|1776068203
|switch|p1a: Zapdos|Zapdos|100/100
|move|p2a: Eneru|Thunderclap||[still]
|-fail|p2a: Eneru
|
|upkeep
|turn|5
|
|t:|1776068227
|switch|p1a: Iron Valiant|Iron Valiant, shiny|100/100
|move|p2a: Eneru|Calm Mind|p2a: Eneru
|-boost|p2a: Eneru|spa|1
|-boost|p2a: Eneru|spd|1
|
|upkeep
|turn|6
|
|t:|1776068239
|move|p2a: Eneru|Thunderclap|p1a: Iron Valiant
|-crit|p1a: Iron Valiant
|-damage|p1a: Iron Valiant|0 fnt
|faint|p1a: Iron Valiant
|-end|p1a: Iron Valiant|Quark Drive|[silent]
|
|upkeep
|
|t:|1776068244
|switch|p1a: Dragonite|Dragonite, F|100/100
|turn|7
|
|t:|1776068258
|move|p2a: Eneru|Thunderclap||[still]
|-fail|p2a: Eneru
|move|p1a: Dragonite|Dragon Dance|p1a: Dragonite
|-boost|p1a: Dragonite|atk|1
|-boost|p1a: Dragonite|spe|1
|
|upkeep
|turn|8
|
|t:|1776068270
|move|p1a: Dragonite|Dragon Claw|p2a: Eneru
|-supereffective|p2a: Eneru
|-damage|p2a: Eneru|0 fnt
|faint|p2a: Eneru
|-end|p2a: Eneru|Protosynthesis|[silent]
|
|upkeep
|
|t:|1776068278
|switch|p2a: Pika|Garganacl, M, shiny|100/100
|turn|9
|
|t:|1776068299
|switch|p1a: Tentacruel|Tentacruel, M, shiny|100/100
|move|p2a: Pika|Rock Slide|p1a: Tentacruel
|-damage|p1a: Tentacruel|48/100
|
|-heal|p1a: Tentacruel|54/100|[from] item: Black Sludge
|upkeep
|turn|10
|
|t:|1776068310
|-terastallize|p2a: Pika|Fighting
|move|p1a: Tentacruel|Giga Drain|p2a: Pika
|-damage|p2a: Pika|84/100
|-heal|p1a: Tentacruel|65/100|[from] drain|[of] p2a: Pika
|move|p2a: Pika|Salt Cure|p1a: Tentacruel
|-damage|p1a: Tentacruel|38/100
|-start|p1a: Tentacruel|Salt Cure
|
|-heal|p1a: Tentacruel|44/100|[from] item: Black Sludge
|-heal|p2a: Pika|91/100|[from] item: Leftovers
|-damage|p1a: Tentacruel|19/100|[from] Salt Cure
|upkeep
|turn|11
|
|t:|1776068330
|move|p1a: Tentacruel|Sludge Bomb|p2a: Pika
|-damage|p2a: Pika|62/100
|move|p2a: Pika|Body Press|p1a: Tentacruel
|-resisted|p1a: Tentacruel
|-damage|p1a: Tentacruel|0 fnt
|faint|p1a: Tentacruel
|
|-heal|p2a: Pika|68/100|[from] item: Leftovers
|upkeep
|
|t:|1776068354
|switch|p1a: Incineroar|Incineroar, M, shiny|65/100 tox
|-ability|p1a: Incineroar|Intimidate|boost
|-unboost|p2a: Pika|atk|1
|turn|12
|
|t:|1776068364
|move|p1a: Incineroar|Will-O-Wisp|p2a: Pika
|-immune|p2a: Pika|[from] ability: Purifying Salt
|move|p2a: Pika|Body Press|p1a: Incineroar
|-supereffective|p1a: Incineroar
|-damage|p1a: Incineroar|14/100 tox
|
|-heal|p2a: Pika|74/100|[from] item: Leftovers
|-damage|p1a: Incineroar|8/100 tox|[from] psn
|upkeep
|turn|13
|
|t:|1776068379
|move|p1a: Incineroar|Knock Off|p2a: Pika
|-resisted|p2a: Pika
|-damage|p2a: Pika|61/100
|-enditem|p2a: Pika|Leftovers|[from] move: Knock Off|[of] p1a: Incineroar
|move|p2a: Pika|Recover|p2a: Pika
|-heal|p2a: Pika|100/100
|
|-damage|p1a: Incineroar|0 fnt|[from] psn
|faint|p1a: Incineroar
|upkeep
|
|t:|1776068394
|switch|p1a: Dragonite|Dragonite, F|100/100
|turn|14
|
|t:|1776068398
|move|p1a: Dragonite|Dragon Dance|p1a: Dragonite
|-boost|p1a: Dragonite|atk|1
|-boost|p1a: Dragonite|spe|1
|move|p2a: Pika|Rock Slide|p1a: Dragonite
|-supereffective|p1a: Dragonite
|-damage|p1a: Dragonite|76/100
|-enditem|p1a: Dragonite|Weakness Policy
|-boost|p1a: Dragonite|atk|2|[from] item: Weakness Policy
|-boost|p1a: Dragonite|spa|2|[from] item: Weakness Policy
|
|upkeep
|turn|15
|
|t:|1776068415
|move|p1a: Dragonite|Dragon Claw|p2a: Pika
|-damage|p2a: Pika|23/100
|move|p2a: Pika|Salt Cure|p1a: Dragonite
|-supereffective|p1a: Dragonite
|-damage|p1a: Dragonite|52/100
|-start|p1a: Dragonite|Salt Cure
|
|-damage|p1a: Dragonite|39/100|[from] Salt Cure
|upkeep
|turn|16
|
|t:|1776068426
|switch|p2a: #THECODFATHER|Dondozo, M, shiny|100/100
|move|p1a: Dragonite|Extreme Speed|p2a: #THECODFATHER
|-damage|p2a: #THECODFATHER|86/100
|
|-heal|p2a: #THECODFATHER|92/100|[from] item: Leftovers
|-damage|p1a: Dragonite|27/100|[from] Salt Cure
|upkeep
|turn|17
|
|t:|1776068445
|switch|p1a: Zapdos|Zapdos|100/100
|move|p2a: #THECODFATHER|Avalanche|p1a: Zapdos
|-supereffective|p1a: Zapdos
|-damage|p1a: Zapdos|80/100
|-damage|p2a: #THECODFATHER|75/100|[from] item: Rocky Helmet|[of] p1a: Zapdos
|
|-heal|p2a: #THECODFATHER|82/100|[from] item: Leftovers
|upkeep
|turn|18
|
|t:|1776068459
|switch|p2a: Kogan|Kingambit, M|100/100
|-activate|p2a: Kogan|ability: Supreme Overlord
|-start|p2a: Kogan|fallen2|[silent]
|move|p1a: Zapdos|Discharge|p2a: Kogan
|-damage|p2a: Kogan|77/100
|
|upkeep
|turn|19
|
|t:|1776068469
|move|p1a: Zapdos|Heat Wave|p2a: Kogan
|-supereffective|p2a: Kogan
|-damage|p2a: Kogan|38/100
|move|p2a: Kogan|Stone Edge|p1a: Zapdos
|-supereffective|p1a: Zapdos
|-damage|p1a: Zapdos|15/100
|
|upkeep
|turn|20
|
|t:|1776068477
|move|p2a: Kogan|Sucker Punch||[still]
|-fail|p2a: Kogan
|move|p1a: Zapdos|Roost|p1a: Zapdos
|-heal|p1a: Zapdos|66/100
|-singleturn|p1a: Zapdos|move: Roost
|
|upkeep
|turn|21
|
|t:|1776068497
|switch|p1a: Metagross|Metagross, shiny|7/100
|move|p2a: Kogan|Sucker Punch||[still]
|-fail|p2a: Kogan
|
|upkeep
|turn|22
|
|t:|1776068511
|move|p2a: Kogan|Sucker Punch|p1a: Metagross
|-supereffective|p1a: Metagross
|-damage|p1a: Metagross|0 fnt
|faint|p1a: Metagross
|
|upkeep
|
|t:|1776068517
|switch|p1a: Dragonite|Dragonite, F|27/100
|turn|23
|
|t:|1776068526
|move|p1a: Dragonite|Fire Punch|p2a: Kogan
|-supereffective|p2a: Kogan
|-damage|p2a: Kogan|0 fnt
|faint|p2a: Kogan
|-end|p2a: Kogan|fallen2|[silent]
|
|upkeep
|
|t:|1776068535
|switch|p2a: Marco|Fezandipiti, M|100/100
|turn|24
|
|t:|1776068567
|-terastallize|p1a: Dragonite|Normal
|move|p1a: Dragonite|Extreme Speed|p2a: Marco
|-damage|p2a: Marco|48/100
|move|p2a: Marco|Moonblast|p1a: Dragonite
|-damage|p1a: Dragonite|0 fnt
|faint|p1a: Dragonite
|
|-heal|p2a: Marco|54/100|[from] item: Leftovers
|upkeep
|
|t:|1776068576
|switch|p1a: Zapdos|Zapdos|66/100
|turn|25
|
|t:|1776068585
|move|p1a: Zapdos|Discharge|p2a: Marco
|-damage|p2a: Marco|29/100
|move|p2a: Marco|Sludge Bomb|p1a: Zapdos
|-damage|p1a: Zapdos|32/100
|-status|p1a: Zapdos|psn
|
|-heal|p2a: Marco|35/100|[from] item: Leftovers
|-damage|p1a: Zapdos|20/100 psn|[from] psn
|upkeep
|turn|26
|
|t:|1776068600
|move|p1a: Zapdos|Roost|p1a: Zapdos
|-heal|p1a: Zapdos|70/100 psn
|-singleturn|p1a: Zapdos|move: Roost
|move|p2a: Marco|Sludge Bomb|p1a: Zapdos
|-damage|p1a: Zapdos|36/100 psn
|
|-heal|p2a: Marco|41/100|[from] item: Leftovers
|-damage|p1a: Zapdos|23/100 psn|[from] psn
|upkeep
|turn|27
|-message|oscar1540 forfeited.
|
|win|khetsis
|raw|oscar1540's rating: 1170 &rarr; <strong>1142</strong><br />(-28 for losing)
|raw|khetsis's rating: 1130 &rarr; <strong>1158</strong><br />(+28 for winning)
|l|☆oscar1540
|player|p1|
|l|☆khetsis
|player|p2|
