|html|<div class="broadcast-blue"><strong>[Gen 9] OU is currently suspecting Tera Blast! For information on how to participate check out the <a href="https://www.smogon.com/tools/suspects/view/200">suspect thread</a>.</strong></div>
|j|☆strogonoff_67
|j|☆PHNTMXD
|t:|1776092405
|gametype|singles
|player|p1|strogonoff_67|veteran|1132
|player|p2|PHNTMXD|janine|1143
|gen|9
|tier|[Gen 9] OU
|rated|
|rule|HP Percentage Mod: HP is shown in percentages
|rule|Endless Battle Clause: Forcing endless battles is banned
|rule|Species Clause: Limit one of each Pokémon
|rule|OHKO Clause: OHKO moves are banned
|rule|Evasion Items Clause: Evasion items are banned
|rule|Evasion Moves Clause: Evasion moves are banned
|rule|Evasion Abilities Clause: Evasion abilities are banned
|rule|Sleep Moves Clause: Sleep-inducing moves are banned
|clearpoke
|poke|p1|Pecharunt|
|poke|p1|Great Tusk|
|poke|p1|Clefable, M|
|poke|p1|Haxorus, M|
|poke|p1|Garganacl, F|
|poke|p1|Entei|
|poke|p2|Pelipper, M|
|poke|p2|Talonflame, M|
|poke|p2|Iron Treads|
|poke|p2|Inteleon, F|
|poke|p2|Electivire, F|
|poke|p2|Gholdengo|
|teampreview
|
|t:|1776092416
|teamsize|p1|6
|teamsize|p2|6
|start
|switch|p1a: Garganacl|Garganacl, F|100/100
|switch|p2a: Pelipper|Pelipper, M|100/100
|-weather|RainDance|[from] ability: Drizzle|[of] p2a: Pelipper
|turn|1
|
|t:|1776092433
|switch|p1a: Clefable|Clefable, M|100/100
|-terastallize|p2a: Pelipper|Water
|move|p2a: Pelipper|Weather Ball|p1a: Clefable
|-damage|p1a: Clefable|34/100
|
|-weather|RainDance|[upkeep]
|upkeep
|turn|2
|inactive|Battle timer is ON: inactive players will automatically lose when time's up. (requested by PHNTMXD)
|
|t:|1776092443
|move|p2a: Pelipper|Weather Ball|p1a: Clefable
|-damage|p1a: Clefable|0 fnt
|faint|p1a: Clefable
|
|-weather|RainDance|[upkeep]
|upkeep
|
|t:|1776092453
|switch|p1a: Pecharunt|Pecharunt|100/100
|turn|3
|
|t:|1776092458
|move|p1a: Pecharunt|Toxic|p2a: Pelipper
|-status|p2a: Pelipper|tox
|-start|p2a: Pelipper|confusion|[from] ability: Poison Puppeteer|[of] p1a: Pecharunt
|-activate|p2a: Pelipper|confusion
|move|p2a: Pelipper|U-turn|p1a: Pecharunt
|-resisted|p1a: Pecharunt
|-damage|p1a: Pecharunt|99/100
|-enditem|p1a: Pecharunt|Eject Button
|
|t:|1776092472
|switch|p1a: Haxorus|Haxorus, M, shiny|100/100
|-ability|p1a: Haxorus|Mold Breaker
|
|-weather|RainDance|[upkeep]
|-damage|p2a: Pelipper|94/100 tox|[from] psn
|upkeep
|turn|4
|
|t:|1776092488
|move|p1a: Haxorus|First Impression|p2a: Pelipper
|-damage|p2a: Pelipper|70/100 tox
|-activate|p2a: Pelipper|confusion
|move|p2a: Pelipper|U-turn|p1a: Haxorus
|-damage|p1a: Haxorus|91/100
|
|t:|1776092500
|switch|p2a: Inteleon|Inteleon, F|100/100|[from] U-turn
|
|-weather|RainDance|[upkeep]
|upkeep
|turn|5
|
|t:|1776092509
|switch|p2a: Electivire|Electivire, F|100/100
|-item|p2a: Electivire|Air Balloon
|move|p1a: Haxorus|Dragon Dance|p1a: Haxorus
|-boost|p1a: Haxorus|atk|1
|-boost|p1a: Haxorus|spe|1
|
|-weather|RainDance|[upkeep]
|upkeep
|turn|6
|
|t:|1776092520
|move|p1a: Haxorus|Dragon Dance|p1a: Haxorus
|-boost|p1a: Haxorus|atk|1
|-boost|p1a: Haxorus|spe|1
|move|p2a: Electivire|Ice Punch|p1a: Haxorus
|-supereffective|p1a: Haxorus
|-damage|p1a: Haxorus|35/100
|
|-weather|RainDance|[upkeep]
|upkeep
|turn|7
|
|t:|1776092529
|move|p1a: Haxorus|Outrage|p2a: Electivire
|-damage|p2a: Electivire|0 fnt
|-enditem|p2a: Electivire|Air Balloon
|faint|p2a: Electivire
|
|-weather|RainDance|[upkeep]
|upkeep
|
|t:|1776092533
|switch|p2a: Gholdengo|Gholdengo|100/100
|turn|8
|
|t:|1776092540
|move|p1a: Haxorus|Outrage|p2a: Gholdengo|[from] lockedmove
|-resisted|p2a: Gholdengo
|-crit|p2a: Gholdengo
|-damage|p2a: Gholdengo|0 fnt
|faint|p2a: Gholdengo
|-start|p1a: Haxorus|confusion|[fatigue]
|
|-weather|none
|upkeep
|
|t:|1776092547
|switch|p2a: Talonflame|Talonflame, M|100/100
|turn|9
|
|t:|1776092552
|move|p2a: Talonflame|Hurricane|p1a: Haxorus
|-damage|p1a: Haxorus|0 fnt
|faint|p1a: Haxorus
|
|upkeep
|
|t:|1776092563
|switch|p1a: Pecharunt|Pecharunt|99/100
|turn|10
|
|t:|1776092567
|switch|p2a: Pelipper|Pelipper, M, tera:Water|70/100 tox
|-weather|RainDance|[from] ability: Drizzle|[of] p2a: Pelipper
|move|p1a: Pecharunt|Toxic|p2a: Pelipper
|-fail|p2a: Pelipper|tox
|
|-weather|RainDance|[upkeep]
|-damage|p2a: Pelipper|64/100 tox|[from] psn
|upkeep
|turn|11
|
|t:|1776092579
|move|p1a: Pecharunt|Malignant Chain|p2a: Pelipper
|-crit|p2a: Pelipper
|-damage|p2a: Pelipper|0 fnt
|faint|p2a: Pelipper
|
|-weather|RainDance|[upkeep]
|upkeep
|
|t:|1776092591
|switch|p2a: Inteleon|Inteleon, F|100/100
|turn|12
|
|t:|1776092595
|move|p2a: Inteleon|Weather Ball|p1a: Pecharunt
|-crit|p1a: Pecharunt
|-damage|p1a: Pecharunt|0 fnt
|faint|p1a: Pecharunt
|
|-weather|RainDance|[upkeep]
|upkeep
|
|t:|1776092604
|switch|p1a: Garganacl|Garganacl, F|100/100
|turn|13
|
|t:|1776092616
|-terastallize|p1a: Garganacl|Fighting
|move|p2a: Inteleon|Weather Ball|p1a: Garganacl
|-damage|p1a: Garganacl|13/100
|move|p1a: Garganacl|Salt Cure|p2a: Inteleon
|-damage|p2a: Inteleon|73/100
|-start|p2a: Inteleon|Salt Cure
|
|-weather|RainDance|[upkeep]
|-damage|p2a: Inteleon|48/100|[from] Salt Cure
|upkeep
|turn|14
|
|t:|1776092628
|switch|p2a: Iron Treads|Iron Treads|100/100
|-enditem|p2a: Iron Treads|Booster Energy
|-activate|p2a: Iron Treads|ability: Quark Drive|[fromitem]
|-start|p2a: Iron Treads|quarkdrivespe
|move|p1a: Garganacl|Stealth Rock|p2a: Iron Treads
|-sidestart|p2: PHNTMXD|move: Stealth Rock
|
|-weather|RainDance|[upkeep]
|upkeep
|turn|15
|
|t:|1776092640
|move|p2a: Iron Treads|Earthquake|p1a: Garganacl
|-damage|p1a: Garganacl|0 fnt
|faint|p1a: Garganacl
|
|-weather|RainDance|[upkeep]
|upkeep
|
|t:|1776092648
|switch|p1a: Great Tusk|Great Tusk|100/100
|-enditem|p1a: Great Tusk|Booster Energy
|-activate|p1a: Great Tusk|ability: Protosynthesis|[fromitem]
|-start|p1a: Great Tusk|protosynthesisatk
|turn|16
|
|t:|1776092657
|move|p2a: Iron Treads|Rapid Spin|p1a: Great Tusk
|-damage|p1a: Great Tusk|93/100
|-boost|p2a: Iron Treads|spe|1
|-sideend|p2: PHNTMXD|Stealth Rock|[from] move: Rapid Spin|[of] p2a: Iron Treads
|move|p1a: Great Tusk|Headlong Rush|p2a: Iron Treads
|-supereffective|p2a: Iron Treads
|-damage|p2a: Iron Treads|0 fnt
|-unboost|p1a: Great Tusk|def|1
|-unboost|p1a: Great Tusk|spd|1
|faint|p2a: Iron Treads
|-end|p2a: Iron Treads|Quark Drive|[silent]
|
|-weather|RainDance|[upkeep]
|upkeep
|
|t:|1776092666
|switch|p2a: Inteleon|Inteleon, F|48/100
|turn|17
|
|t:|1776092672
|move|p2a: Inteleon|Weather Ball|p1a: Great Tusk
|-supereffective|p1a: Great Tusk
|-damage|p1a: Great Tusk|0 fnt
|faint|p1a: Great Tusk
|-end|p1a: Great Tusk|Protosynthesis|[silent]
|
|-weather|none
|upkeep
|
|t:|1776092679
|switch|p1a: Entei|Entei|100/100
|-ability|p1a: Entei|Pressure
|turn|18
|
|t:|1776092684
|move|p1a: Entei|Extreme Speed|p2a: Inteleon
|-damage|p2a: Inteleon|9/100
|move|p2a: Inteleon|Rain Dance|p2a: Inteleon
|-weather|RainDance
|
|-weather|RainDance|[upkeep]
|upkeep
|turn|19
|
|t:|1776092696
|move|p1a: Entei|Extreme Speed|p2a: Inteleon
|-damage|p2a: Inteleon|0 fnt
|faint|p2a: Inteleon
|
|-weather|RainDance|[upkeep]
|upkeep
|
|t:|1776092698
|switch|p2a: Talonflame|Talonflame, M|100/100
|turn|20
|
|t:|1776092706
|move|p2a: Talonflame|Hurricane|p1a: Entei
|-damage|p1a: Entei|42/100
|move|p1a: Entei|Extrasensory|p2a: Talonflame
|-crit|p2a: Talonflame
|-damage|p2a: Talonflame|59/100
|
|-weather|RainDance|[upkeep]
|upkeep
|turn|21
|
|t:|1776092714
|move|p1a: Entei|Extreme Speed|p2a: Talonflame
|-damage|p2a: Talonflame|25/100
|move|p2a: Talonflame|Hurricane|p1a: Entei
|-damage|p1a: Entei|0 fnt
|faint|p1a: Entei
|
|win|PHNTMXD
|raw|strogonoff_67's rating: 1132 &rarr; <strong>1108</strong><br />(-24 for losing)
|raw|PHNTMXD's rating: 1143 &rarr; <strong>1167</strong><br />(+24 for winning)
|l|☆PHNTMXD
|player|p2|
|l|☆strogonoff_67
|player|p1|
