|html|<div class="broadcast-blue"><strong>[Gen 9] OU is currently suspecting Tera Blast! For information on how to participate check out the <a href="https://www.smogon.com/tools/suspects/view/200">suspect thread</a>.</strong></div>
|j|‽mantikarp2.0
|j|☆dkslfsd
|t:|1776043214
|gametype|singles
|player|p1|mantikarp2.0|medium|1549
|player|p2|dkslfsd|swimmerf-gen4dp|1747
|gen|9
|tier|[Gen 9] OU
|rated|
|rule|HP Percentage Mod: HP is shown in percentages
|rule|Endless Battle Clause: Forcing endless battles is banned
|rule|Species Clause: Limit one of each Pokémon
|rule|OHKO Clause: OHKO moves are banned
|rule|Evasion Items Clause: Evasion items are banned
|rule|Evasion Moves Clause: Evasion moves are banned
|rule|Evasion Abilities Clause: Evasion abilities are banned
|rule|Sleep Moves Clause: Sleep-inducing moves are banned
|clearpoke
|poke|p1|Reuniclus, M|
|poke|p1|Kingambit, M|
|poke|p1|Ogerpon-Wellspring, F|
|poke|p1|Landorus-Therian, M|
|poke|p1|Iron Valiant|
|poke|p1|Cinderace, F|
|poke|p2|Kingambit, F|
|poke|p2|Ursaluna, F|
|poke|p2|Dragapult, M|
|poke|p2|Manaphy|
|poke|p2|Great Tusk|
|poke|p2|Zamazenta-*|
|teampreview
|inactive|Battle timer is ON: inactive players will automatically lose when time's up. (requested by dkslfsd)
|
|t:|1776043226
|teamsize|p1|6
|teamsize|p2|6
|start
|switch|p1a: Cinderace|Cinderace, F|100/100
|switch|p2a: Great Tusk|Great Tusk|100/100
|turn|1
|
|t:|1776043234
|move|p1a: Cinderace|U-turn|p2a: Great Tusk
|-start|p1a: Cinderace|typechange|Bug|[from] ability: Libero
|-resisted|p2a: Great Tusk
|-damage|p2a: Great Tusk|88/100
|
|t:|1776043237
|switch|p1a: Landorus|Landorus-Therian, M|100/100|[from] U-turn
|-ability|p1a: Landorus|Intimidate|boost
|-unboost|p2a: Great Tusk|atk|1
|move|p2a: Great Tusk|Stealth Rock|p1a: Landorus
|-sidestart|p1: mantikarp2.0|move: Stealth Rock
|
|upkeep
|turn|2
|
|t:|1776043250
|-end|p2a: Great Tusk|Protosynthesis|[silent]
|switch|p2a: Manaphy|Manaphy|100/100
|move|p1a: Landorus|U-turn|p2a: Manaphy
|-damage|p2a: Manaphy|79/100
|
|t:|1776043253
|switch|p1a: Ogerpon|Ogerpon-Wellspring, F|100/100|[from] U-turn
|-damage|p1a: Ogerpon|88/100|[from] Stealth Rock
|
|-heal|p2a: Manaphy|86/100|[from] item: Leftovers
|upkeep
|turn|3
|
|t:|1776043257
|switch|p2a: Zamazenta|Zamazenta|100/100
|-ability|p2a: Zamazenta|Dauntless Shield|boost
|-boost|p2a: Zamazenta|def|1
|move|p1a: Ogerpon|Swords Dance|p1a: Ogerpon
|-boost|p1a: Ogerpon|atk|2
|
|upkeep
|turn|4
|
|t:|1776043259
|move|p2a: Zamazenta|Reflect|p2a: Zamazenta
|-sidestart|p2: dkslfsd|Reflect
|move|p1a: Ogerpon|Ivy Cudgel|p2a: Zamazenta|[anim] Ivy Cudgel Water
|-damage|p2a: Zamazenta|64/100
|
|upkeep
|turn|5
|
|t:|1776043264
|move|p2a: Zamazenta|Light Screen|p2a: Zamazenta
|-sidestart|p2: dkslfsd|move: Light Screen
|move|p1a: Ogerpon|Substitute|p1a: Ogerpon
|-start|p1a: Ogerpon|Substitute
|-damage|p1a: Ogerpon|63/100
|
|upkeep
|turn|6
|
|t:|1776043268
|move|p2a: Zamazenta|Close Combat|p1a: Ogerpon
|-end|p1a: Ogerpon|Substitute
|-unboost|p2a: Zamazenta|def|1
|-unboost|p2a: Zamazenta|spd|1
|move|p1a: Ogerpon|Ivy Cudgel|p2a: Zamazenta|[anim] Ivy Cudgel Water
|-damage|p2a: Zamazenta|13/100
|
|upkeep
|turn|7
|
|t:|1776043276
|move|p2a: Zamazenta|Close Combat|p1a: Ogerpon
|-damage|p1a: Ogerpon|0 fnt
|-unboost|p2a: Zamazenta|def|1
|-unboost|p2a: Zamazenta|spd|1
|faint|p1a: Ogerpon
|
|upkeep
|
|t:|1776043280
|switch|p1a: Cinderace|Cinderace, F|100/100
|turn|8
|
|t:|1776043285
|move|p2a: Zamazenta|Close Combat|p1a: Cinderace
|-damage|p1a: Cinderace|9/100
|-unboost|p2a: Zamazenta|def|1
|-unboost|p2a: Zamazenta|spd|1
|move|p1a: Cinderace|Court Change|p1a: Cinderace
|-start|p1a: Cinderace|typechange|Normal|[from] ability: Libero
|-swapsideconditions
|-activate|p1a: Cinderace|move: Court Change
|
|upkeep
|turn|9
|
|t:|1776043295
|move|p2a: Zamazenta|Close Combat|p1a: Cinderace
|-supereffective|p1a: Cinderace
|-damage|p1a: Cinderace|0 fnt
|-unboost|p2a: Zamazenta|def|1
|-unboost|p2a: Zamazenta|spd|1
|faint|p1a: Cinderace
|
|upkeep
|
|t:|1776043297
|switch|p1a: Iron Valiant|Iron Valiant|100/100
|-enditem|p1a: Iron Valiant|Booster Energy
|-activate|p1a: Iron Valiant|ability: Quark Drive|[fromitem]
|-start|p1a: Iron Valiant|quarkdrivespe
|turn|10
|
|t:|1776043301
|move|p1a: Iron Valiant|Moonblast|p2a: Zamazenta
|-supereffective|p2a: Zamazenta
|-damage|p2a: Zamazenta|0 fnt
|faint|p2a: Zamazenta
|
|upkeep
|
|t:|1776043305
|switch|p2a: Manaphy|Manaphy|86/100
|-damage|p2a: Manaphy|73/100|[from] Stealth Rock
|turn|11
|c|☆dkslfsd|gulp
|c|☆dkslfsd|maybe i should have set a light screen first
|
|t:|1776043332
|move|p1a: Iron Valiant|Knock Off|p2a: Manaphy
|-damage|p2a: Manaphy|44/100
|-enditem|p2a: Manaphy|Leftovers|[from] move: Knock Off|[of] p1a: Iron Valiant
|move|p2a: Manaphy|Surf|p1a: Iron Valiant
|-damage|p1a: Iron Valiant|58/100
|
|-sideend|p1: mantikarp2.0|Reflect
|upkeep
|turn|12
|
|t:|1776043341
|move|p1a: Iron Valiant|Moonblast|p2a: Manaphy
|-damage|p2a: Manaphy|0 fnt
|faint|p2a: Manaphy
|
|-sideend|p1: mantikarp2.0|move: Light Screen
|upkeep
|
|t:|1776043343
|switch|p2a: Kingambit|Kingambit, F|100/100
|-damage|p2a: Kingambit|94/100|[from] Stealth Rock
|-activate|p2a: Kingambit|ability: Supreme Overlord
|-start|p2a: Kingambit|fallen2|[silent]
|turn|13
|
|t:|1776043348
|-terastallize|p2a: Kingambit|Fairy
|move|p1a: Iron Valiant|Vacuum Wave|p2a: Kingambit
|-resisted|p2a: Kingambit
|-damage|p2a: Kingambit|82/100
|move|p2a: Kingambit|Tera Blast|p1a: Iron Valiant|[anim] Tera Blast Fairy
|-supereffective|p1a: Iron Valiant
|-damage|p1a: Iron Valiant|0 fnt
|faint|p1a: Iron Valiant
|-end|p1a: Iron Valiant|Quark Drive|[silent]
|
|upkeep
|
|t:|1776043356
|switch|p1a: Landorus|Landorus-Therian, M|100/100
|-ability|p1a: Landorus|Intimidate|boost
|-unboost|p2a: Kingambit|atk|1
|turn|14
|
|t:|1776043360
|-end|p2a: Kingambit|fallen2|[silent]
|switch|p2a: Ursaluna|Ursaluna, F|100/100
|-damage|p2a: Ursaluna|94/100|[from] Stealth Rock
|move|p1a: Landorus|Earthquake|p2a: Ursaluna
|-damage|p2a: Ursaluna|58/100
|
|-status|p2a: Ursaluna|brn|[from] item: Flame Orb
|upkeep
|turn|15
|
|t:|1776043370
|move|p1a: Landorus|Earthquake|p2a: Ursaluna
|-damage|p2a: Ursaluna|18/100 brn
|move|p2a: Ursaluna|Facade|p1a: Landorus
|-damage|p1a: Landorus|0 fnt
|faint|p1a: Landorus
|
|-damage|p2a: Ursaluna|12/100 brn|[from] brn
|upkeep
|
|t:|1776043374
|switch|p1a: Kingambit|Kingambit, M|100/100
|-activate|p1a: Kingambit|ability: Supreme Overlord
|-start|p1a: Kingambit|fallen4|[silent]
|turn|16
|
|t:|1776043378
|move|p2a: Ursaluna|Headlong Rush|p1a: Kingambit
|-supereffective|p1a: Kingambit
|-damage|p1a: Kingambit|0 fnt
|-unboost|p2a: Ursaluna|def|1
|-unboost|p2a: Ursaluna|spd|1
|faint|p1a: Kingambit
|-end|p1a: Kingambit|fallen4|[silent]
|
|-damage|p2a: Ursaluna|6/100 brn|[from] brn
|upkeep
|
|t:|1776043380
|switch|p1a: Reuniclus|Reuniclus, M|100/100
|turn|17
|
|t:|1776043382
|move|p2a: Ursaluna|Facade|p1a: Reuniclus
|-damage|p1a: Reuniclus|0 fnt
|faint|p1a: Reuniclus
|
|win|dkslfsd
|raw|mantikarp2.0's rating: 1549 &rarr; <strong>1539</strong><br />(-10 for losing)
|raw|dkslfsd's rating: 1747 &rarr; <strong>1757</strong><br />(+10 for winning)
|l|‽mantikarp2.0
|player|p1|
|l|☆dkslfsd
|player|p2|
