|html|<div class="broadcast-blue"><strong>[Gen 9] OU is currently suspecting Tera Blast! For information on how to participate check out the <a href="https://www.smogon.com/tools/suspects/view/200">suspect thread</a>.</strong></div>
|j|☆DumpsterDiver2025
|j|☆the real 6ix9ine
|t:|1776260302
|gametype|singles
|player|p1|DumpsterDiver2025|burglar|1219
|player|p2|the real 6ix9ine|266|1324
|gen|9
|tier|[Gen 9] OU
|rated|
|rule|HP Percentage Mod: HP is shown in percentages
|rule|Endless Battle Clause: Forcing endless battles is banned
|rule|Species Clause: Limit one of each Pokémon
|rule|OHKO Clause: OHKO moves are banned
|rule|Evasion Items Clause: Evasion items are banned
|rule|Evasion Moves Clause: Evasion moves are banned
|rule|Evasion Abilities Clause: Evasion abilities are banned
|rule|Sleep Moves Clause: Sleep-inducing moves are banned
|clearpoke
|poke|p1|Ursaluna, F|
|poke|p1|Slowbro-Galar, M|
|poke|p1|Iron Hands|
|poke|p1|Kingambit, M|
|poke|p1|Enamorus-Therian, F|
|poke|p1|Gyarados, F|
|poke|p2|Ogerpon-Wellspring, F|
|poke|p2|Kingambit, M|
|poke|p2|Landorus-Therian, M|
|poke|p2|Glimmora, M|
|poke|p2|Dragapult, M|
|poke|p2|Iron Valiant|
|teampreview
|inactive|Battle timer is ON: inactive players will automatically lose when time's up. (requested by DumpsterDiver2025)
|c|☆the real 6ix9ine|hf
|
|t:|1776260345
|teamsize|p1|6
|teamsize|p2|6
|start
|switch|p1a: fastest in da west|Slowbro-Galar, M|100/100
|switch|p2a: Glimmora|Glimmora, M|100/100
|turn|1
|-activate|p1a: fastest in da west|item: Quick Claw
|
|t:|1776260350
|move|p1a: fastest in da west|Surf|p2a: Glimmora
|-supereffective|p2a: Glimmora
|-damage|p2a: Glimmora|30/100
|move|p2a: Glimmora|Meteor Beam||[still]
|-prepare|p2a: Glimmora|Meteor Beam
|-boost|p2a: Glimmora|spa|1
|-enditem|p2a: Glimmora|Power Herb
|-anim|p2a: Glimmora|Meteor Beam|p1a: fastest in da west|[miss]
|-miss|p2a: Glimmora|p1a: fastest in da west
|
|upkeep
|turn|2
|-activate|p1a: fastest in da west|ability: Quick Draw
|
|t:|1776260361
|move|p1a: fastest in da west|Psyshock|p2a: Glimmora
|-supereffective|p2a: Glimmora
|-damage|p2a: Glimmora|0 fnt
|faint|p2a: Glimmora
|
|upkeep
|
|t:|1776260369
|switch|p2a: Landorus|Landorus-Therian, M|100/100
|-ability|p2a: Landorus|Intimidate|boost
|-unboost|p1a: fastest in da west|atk|1
|turn|3
|-activate|p1a: fastest in da west|ability: Quick Draw
|
|t:|1776260372
|move|p1a: fastest in da west|Surf|p2a: Landorus
|-supereffective|p2a: Landorus
|-damage|p2a: Landorus|35/100
|move|p2a: Landorus|Stealth Rock|p1a: fastest in da west
|-sidestart|p1: DumpsterDiver2025|move: Stealth Rock
|
|upkeep
|turn|4
|-activate|p1a: fastest in da west|ability: Quick Draw
|
|t:|1776260377
|move|p1a: fastest in da west|Surf|p2a: Landorus
|-supereffective|p2a: Landorus
|-damage|p2a: Landorus|0 fnt
|faint|p2a: Landorus
|
|upkeep
|
|t:|1776260389
|switch|p2a: Kingambit|Kingambit, M|100/100
|-activate|p2a: Kingambit|ability: Supreme Overlord
|-start|p2a: Kingambit|fallen2|[silent]
|turn|5
|-activate|p1a: fastest in da west|ability: Quick Draw
|
|t:|1776260392
|move|p1a: fastest in da west|Surf|p2a: Kingambit
|-damage|p2a: Kingambit|73/100
|move|p2a: Kingambit|Swords Dance|p2a: Kingambit
|-boost|p2a: Kingambit|atk|2
|
|-heal|p2a: Kingambit|80/100|[from] item: Leftovers
|upkeep
|turn|6
|
|t:|1776260397
|move|p2a: Kingambit|Swords Dance|p2a: Kingambit
|-boost|p2a: Kingambit|atk|2
|move|p1a: fastest in da west|Nasty Plot|p1a: fastest in da west
|-boost|p1a: fastest in da west|spa|2
|
|-heal|p2a: Kingambit|86/100|[from] item: Leftovers
|upkeep
|turn|7
|
|t:|1776260401
|move|p2a: Kingambit|Sucker Punch||[still]
|-fail|p2a: Kingambit
|move|p1a: fastest in da west|Nasty Plot|p1a: fastest in da west
|-boost|p1a: fastest in da west|spa|2
|
|-heal|p2a: Kingambit|92/100|[from] item: Leftovers
|upkeep
|turn|8
|
|t:|1776260404
|move|p2a: Kingambit|Sucker Punch||[still]
|-fail|p2a: Kingambit
|move|p1a: fastest in da west|Nasty Plot|p1a: fastest in da west
|-boost|p1a: fastest in da west|spa|2
|
|-heal|p2a: Kingambit|98/100|[from] item: Leftovers
|upkeep
|turn|9
|-activate|p1a: fastest in da west|item: Quick Claw
|
|t:|1776260406
|move|p1a: fastest in da west|Surf|p2a: Kingambit
|-damage|p2a: Kingambit|0 fnt
|faint|p2a: Kingambit
|-end|p2a: Kingambit|fallen2|[silent]
|
|upkeep
|
|t:|1776260410
|switch|p2a: Dragapult|Dragapult, M|100/100
|turn|10
|
|t:|1776260415
|-terastallize|p1a: fastest in da west|Water
|move|p2a: Dragapult|Shadow Ball|p1a: fastest in da west
|-damage|p1a: fastest in da west|44/100
|move|p1a: fastest in da west|Psyshock|p2a: Dragapult
|-damage|p2a: Dragapult|0 fnt
|faint|p2a: Dragapult
|
|upkeep
|
|t:|1776260419
|switch|p2a: Ogerpon|Ogerpon-Wellspring, F|100/100
|turn|11
|
|t:|1776260421
|move|p2a: Ogerpon|Horn Leech|p1a: fastest in da west
|-supereffective|p1a: fastest in da west
|-damage|p1a: fastest in da west|0 fnt
|faint|p1a: fastest in da west
|
|upkeep
|
|t:|1776260430
|switch|p1a: Gyarados|Gyarados, F|100/100
|-damage|p1a: Gyarados|76/100|[from] Stealth Rock
|turn|12
|
|t:|1776260433
|move|p2a: Ogerpon|Taunt|p1a: Gyarados
|-start|p1a: Gyarados|move: Taunt
|cant|p1a: Gyarados|move: Taunt|Dragon Dance
|
|upkeep
|turn|13
|
|t:|1776260438
|move|p2a: Ogerpon|Horn Leech|p1a: Gyarados
|-damage|p1a: Gyarados|22/100
|move|p1a: Gyarados|Earthquake|p2a: Ogerpon
|-resisted|p2a: Ogerpon
|-damage|p2a: Ogerpon|78/100
|
|upkeep
|turn|14
|
|t:|1776260441
|move|p2a: Ogerpon|Horn Leech|p1a: Gyarados
|-damage|p1a: Gyarados|0 fnt
|-heal|p2a: Ogerpon|90/100|[from] drain|[of] p1a: Gyarados
|faint|p1a: Gyarados
|
|upkeep
|
|t:|1776260446
|switch|p1a: turtle|Enamorus-Therian, F|100/100
|-damage|p1a: turtle|76/100|[from] Stealth Rock
|turn|15
|
|t:|1776260449
|move|p2a: Ogerpon|Taunt|p1a: turtle
|-start|p1a: turtle|move: Taunt
|move|p1a: turtle|Moonblast|p2a: Ogerpon
|-damage|p2a: Ogerpon|23/100
|-unboost|p2a: Ogerpon|spa|1
|
|upkeep
|turn|16
|-activate|p1a: turtle|item: Quick Claw
|
|t:|1776260455
|move|p1a: turtle|Moonblast|p2a: Ogerpon
|-damage|p2a: Ogerpon|0 fnt
|faint|p2a: Ogerpon
|
|upkeep
|
|t:|1776260458
|switch|p2a: Iron Valiant|Iron Valiant|100/100
|-enditem|p2a: Iron Valiant|Booster Energy
|-activate|p2a: Iron Valiant|ability: Quark Drive|[fromitem]
|-start|p2a: Iron Valiant|quarkdrivespe
|turn|17
|
|t:|1776260463
|-terastallize|p2a: Iron Valiant|Steel
|move|p2a: Iron Valiant|Swords Dance|p2a: Iron Valiant
|-boost|p2a: Iron Valiant|atk|2
|move|p1a: turtle|Moonblast|p2a: Iron Valiant
|-resisted|p2a: Iron Valiant
|-damage|p2a: Iron Valiant|51/100
|-unboost|p2a: Iron Valiant|spa|1
|
|-end|p1a: turtle|move: Taunt
|upkeep
|turn|18
|
|t:|1776260469
|move|p2a: Iron Valiant|Spirit Break|p1a: turtle
|-damage|p1a: turtle|2/100
|-unboost|p1a: turtle|spa|1
|move|p1a: turtle|Earth Power|p2a: Iron Valiant
|-supereffective|p2a: Iron Valiant
|-damage|p2a: Iron Valiant|0 fnt
|faint|p2a: Iron Valiant
|-end|p2a: Iron Valiant|Quark Drive|[silent]
|
|win|DumpsterDiver2025
|raw|DumpsterDiver2025's rating: 1219 &rarr; <strong>1251</strong><br />(+32 for winning)
|raw|the real 6ix9ine's rating: 1324 &rarr; <strong>1298</strong><br />(-26 for losing)
|c|☆DumpsterDiver2025|gg
|c|☆the real 6ix9ine|u are so lucky
|l|☆the real 6ix9ine
|player|p2|
|c|☆DumpsterDiver2025|thank you
