|html|<div class="broadcast-blue"><strong>[Gen 9] OU is currently suspecting Tera Blast! For information on how to participate check out the <a href="https://www.smogon.com/tools/suspects/view/200">suspect thread</a>.</strong></div>
|j|☆just_eg
|j|☆cryptc13
|t:|1776132200
|gametype|singles
|player|p1|just_eg|2|1066
|player|p2|cryptc13|hilbert|1055
|gen|9
|tier|[Gen 9] OU
|rated|
|rule|HP Percentage Mod: HP is shown in percentages
|rule|Endless Battle Clause: Forcing endless battles is banned
|rule|Species Clause: Limit one of each Pokémon
|rule|OHKO Clause: OHKO moves are banned
|rule|Evasion Items Clause: Evasion items are banned
|rule|Evasion Moves Clause: Evasion moves are banned
|rule|Evasion Abilities Clause: Evasion abilities are banned
|rule|Sleep Moves Clause: Sleep-inducing moves are banned
|clearpoke
|poke|p1|Hydrapple, M|
|poke|p1|Garganacl, M|
|poke|p1|Empoleon, M|
|poke|p1|Ceruledge, M|
|poke|p1|Mimikyu, M|
|poke|p1|Raichu, M|
|poke|p2|Landorus-Therian, M|
|poke|p2|Weavile, F|
|poke|p2|Clefable, F|
|poke|p2|Serperior, F|
|poke|p2|Scizor, M|
|poke|p2|Sableye, F|
|teampreview
|
|t:|1776132221
|teamsize|p1|6
|teamsize|p2|6
|start
|switch|p1a: Garganacl|Garganacl, M|100/100
|switch|p2a: Sableye|Sableye, F|100/100
|turn|1
|
|t:|1776132229
|move|p2a: Sableye|Will-O-Wisp|p1a: Garganacl
|-immune|p1a: Garganacl|[from] ability: Purifying Salt
|move|p1a: Garganacl|Stealth Rock|p2a: Sableye
|-sidestart|p2: cryptc13|move: Stealth Rock
|
|upkeep
|turn|2
|
|t:|1776132238
|move|p2a: Sableye|Foul Play|p1a: Garganacl
|-damage|p1a: Garganacl|80/100
|move|p1a: Garganacl|Salt Cure|p2a: Sableye
|-damage|p2a: Sableye|82/100
|-start|p2a: Sableye|Salt Cure
|
|-heal|p2a: Sableye|89/100|[from] item: Leftovers
|-heal|p1a: Garganacl|86/100|[from] item: Leftovers
|-damage|p2a: Sableye|76/100|[from] Salt Cure
|upkeep
|turn|3
|
|t:|1776132247
|switch|p2a: Serperior|Serperior, F|100/100
|-damage|p2a: Serperior|88/100|[from] Stealth Rock
|move|p1a: Garganacl|Stone Edge|p2a: Serperior
|-damage|p2a: Serperior|47/100
|
|-heal|p2a: Serperior|53/100|[from] item: Leftovers
|-heal|p1a: Garganacl|93/100|[from] item: Leftovers
|upkeep
|turn|4
|
|t:|1776132271
|switch|p1a: Ceruledge|Ceruledge, M|100/100
|move|p2a: Serperior|Protect||[still]
|-fail|p2a: Serperior
|
|-heal|p2a: Serperior|59/100|[from] item: Leftovers
|upkeep
|turn|5
|
|t:|1776132281
|-terastallize|p2a: Serperior|Fire
|move|p2a: Serperior|Glare|p1a: Ceruledge
|-status|p1a: Ceruledge|par
|move|p1a: Ceruledge|Bitter Blade|p2a: Serperior
|-resisted|p2a: Serperior
|-damage|p2a: Serperior|33/100
|
|-heal|p2a: Serperior|40/100|[from] item: Leftovers
|upkeep
|turn|6
|inactive|Battle timer is ON: inactive players will automatically lose when time's up. (requested by just_eg)
|
|t:|1776132343
|move|p2a: Serperior|Leaf Storm|p1a: Ceruledge
|-resisted|p1a: Ceruledge
|-damage|p1a: Ceruledge|73/100 par
|-boost|p2a: Serperior|spa|2
|cant|p1a: Ceruledge|par
|
|-heal|p2a: Serperior|46/100|[from] item: Leftovers
|upkeep
|turn|7
|
|t:|1776132355
|move|p2a: Serperior|Protect|p2a: Serperior
|-singleturn|p2a: Serperior|Protect
|move|p1a: Ceruledge|Bitter Blade|p2a: Serperior
|-activate|p2a: Serperior|move: Protect
|
|-heal|p2a: Serperior|52/100|[from] item: Leftovers
|upkeep
|turn|8
|
|t:|1776132364
|move|p2a: Serperior|Leaf Storm|p1a: Ceruledge
|-resisted|p1a: Ceruledge
|-damage|p1a: Ceruledge|19/100 par
|-boost|p2a: Serperior|spa|2
|cant|p1a: Ceruledge|par
|
|-heal|p2a: Serperior|58/100|[from] item: Leftovers
|upkeep
|turn|9
|
|t:|1776132374
|move|p2a: Serperior|Leaf Storm|p1a: Ceruledge|[miss]
|-miss|p2a: Serperior|p1a: Ceruledge
|move|p1a: Ceruledge|Bitter Blade|p2a: Serperior
|-resisted|p2a: Serperior
|-damage|p2a: Serperior|32/100
|-heal|p1a: Ceruledge|32/100 par|[from] drain|[of] p2a: Serperior
|
|-heal|p2a: Serperior|38/100|[from] item: Leftovers
|upkeep
|turn|10
|
|t:|1776132388
|move|p2a: Serperior|Protect|p2a: Serperior
|-singleturn|p2a: Serperior|Protect
|move|p1a: Ceruledge|Bitter Blade|p2a: Serperior
|-activate|p2a: Serperior|move: Protect
|
|-heal|p2a: Serperior|44/100|[from] item: Leftovers
|upkeep
|turn|11
|inactive|cryptc13 has 120 seconds left.
|
|t:|1776132419
|move|p2a: Serperior|Leaf Storm|p1a: Ceruledge
|-resisted|p1a: Ceruledge
|-damage|p1a: Ceruledge|0 fnt
|-boost|p2a: Serperior|spa|2
|faint|p1a: Ceruledge
|
|-heal|p2a: Serperior|50/100|[from] item: Leftovers
|upkeep
|
|t:|1776132441
|switch|p1a: Mimikyu|Mimikyu, M|100/100
|turn|12
|
|t:|1776132448
|move|p2a: Serperior|Glare|p1a: Mimikyu
|-status|p1a: Mimikyu|par
|cant|p1a: Mimikyu|par
|
|-heal|p2a: Serperior|57/100|[from] item: Leftovers
|upkeep
|turn|13
|
|t:|1776132453
|move|p2a: Serperior|Tera Blast|p1a: Mimikyu|[anim] Tera Blast Fire
|-activate|p1a: Mimikyu|ability: Disguise
|-damage|p1a: Mimikyu|100/100 par
|detailschange|p1a: Mimikyu|Mimikyu-Busted, M
|-damage|p1a: Mimikyu|88/100 par|[from] pokemon: Mimikyu-Busted
|move|p1a: Mimikyu|Swords Dance|p1a: Mimikyu
|-boost|p1a: Mimikyu|atk|2
|
|-heal|p2a: Serperior|63/100|[from] item: Leftovers
|-heal|p1a: Mimikyu|94/100 par|[from] item: Leftovers
|upkeep
|turn|14
|
|t:|1776132465
|move|p2a: Serperior|Tera Blast|p1a: Mimikyu|[anim] Tera Blast Fire
|-damage|p1a: Mimikyu|0 fnt
|faint|p1a: Mimikyu
|
|-heal|p2a: Serperior|69/100|[from] item: Leftovers
|upkeep
|
|t:|1776132474
|switch|p1a: Empoleon|Empoleon, M|100/100
|turn|15
|
|t:|1776132478
|move|p2a: Serperior|Leaf Storm|p1a: Empoleon
|-damage|p1a: Empoleon|0 fnt
|faint|p1a: Empoleon
|
|-heal|p2a: Serperior|75/100|[from] item: Leftovers
|upkeep
|
|t:|1776132484
|switch|p1a: Garganacl|Garganacl, M|93/100
|turn|16
|
|t:|1776132489
|move|p2a: Serperior|Leaf Storm|p1a: Garganacl
|-supereffective|p1a: Garganacl
|-damage|p1a: Garganacl|0 fnt
|faint|p1a: Garganacl
|
|-heal|p2a: Serperior|81/100|[from] item: Leftovers
|upkeep
|
|t:|1776132495
|switch|p1a: Hydrapple|Hydrapple, M|100/100
|turn|17
|
|t:|1776132502
|move|p2a: Serperior|Tera Blast|p1a: Hydrapple|[anim] Tera Blast Fire
|-damage|p1a: Hydrapple|0 fnt
|faint|p1a: Hydrapple
|
|-heal|p2a: Serperior|87/100|[from] item: Leftovers
|upkeep
|
|t:|1776132508
|switch|p1a: Raichu|Raichu, M|100/100
|-item|p1a: Raichu|Air Balloon
|turn|18
|
|t:|1776132514
|move|p2a: Serperior|Tera Blast|p1a: Raichu|[anim] Tera Blast Fire
|-damage|p1a: Raichu|0 fnt
|-enditem|p1a: Raichu|Air Balloon
|faint|p1a: Raichu
|
|win|cryptc13
|raw|just_eg's rating: 1066 &rarr; <strong>1045</strong><br />(-21 for losing)
|raw|cryptc13's rating: 1055 &rarr; <strong>1088</strong><br />(+33 for winning)
|l|☆just_eg
|player|p1|
