|html|<div class="broadcast-blue"><strong>[Gen 9] OU is currently suspecting Volcarona! For information on how to participate check out the <a href="https://www.smogon.com/tools/suspects/view/208">suspect thread</a>.</strong></div>
|j|☆madhound
|j|☆grumpycashew
|t:|1778513157
|gametype|singles
|player|p1|madhound|alder|1168
|player|p2|grumpycashew|101|1096
|gen|9
|tier|[Gen 9] OU
|rated|
|rule|HP Percentage Mod: HP is shown in percentages
|rule|Endless Battle Clause: Forcing endless battles is banned
|rule|Species Clause: Limit one of each Pokémon
|rule|OHKO Clause: OHKO moves are banned
|rule|Evasion Items Clause: Evasion items are banned
|rule|Evasion Moves Clause: Evasion moves are banned
|rule|Evasion Abilities Clause: Evasion abilities are banned
|rule|Sleep Moves Clause: Sleep-inducing moves are banned
|clearpoke
|poke|p1|Tinkaton, F|
|poke|p1|Gliscor, F|
|poke|p1|Corviknight, M|
|poke|p1|Great Tusk|
|poke|p1|Kyurem|
|poke|p1|Moltres|
|poke|p2|Uxie|
|poke|p2|Azelf|
|poke|p2|Mesprit|
|poke|p2|Manaphy|
|poke|p2|Forretress, F|
|poke|p2|Grimmsnarl, M|
|teampreview
|
|t:|1778513170
|teamsize|p1|6
|teamsize|p2|6
|start
|switch|p1a: Dont thinkaton|Tinkaton, F|100/100
|switch|p2a: Grimmsnarl|Grimmsnarl, M|100/100
|-ability|p1a: Dont thinkaton|Mold Breaker
|-item|p1a: Dont thinkaton|Air Balloon
|turn|1
|inactive|Battle timer is ON: inactive players will automatically lose when time's up. (requested by grumpycashew)
|
|t:|1778513181
|move|p2a: Grimmsnarl|Reflect|p2a: Grimmsnarl
|-sidestart|p2: grumpycashew|Reflect
|move|p1a: Dont thinkaton|Gigaton Hammer|p2a: Grimmsnarl
|-supereffective|p2a: Grimmsnarl
|-damage|p2a: Grimmsnarl|51/100
|
|upkeep
|turn|2
|
|t:|1778513187
|move|p1a: Dont thinkaton|Encore|p2a: Grimmsnarl
|-start|p2a: Grimmsnarl|Encore
|move|p2a: Grimmsnarl|Reflect||[still]
|-fail|p2a: Grimmsnarl
|
|upkeep
|turn|3
|
|t:|1778513192
|switch|p2a: Manaphy|Manaphy|100/100
|move|p1a: Dont thinkaton|Knock Off|p2a: Manaphy
|-damage|p2a: Manaphy|92/100
|-enditem|p2a: Manaphy|Leftovers|[from] move: Knock Off|[of] p1a: Dont thinkaton
|
|upkeep
|turn|4
|
|t:|1778513199
|move|p1a: Dont thinkaton|Stealth Rock|p2a: Manaphy
|-sidestart|p2: grumpycashew|move: Stealth Rock
|move|p2a: Manaphy|Tail Glow|p2a: Manaphy
|-boost|p2a: Manaphy|spa|3
|
|upkeep
|turn|5
|
|t:|1778513209
|move|p1a: Dont thinkaton|Encore|p2a: Manaphy
|-start|p2a: Manaphy|Encore
|move|p2a: Manaphy|Tail Glow|p2a: Manaphy
|-boost|p2a: Manaphy|spa|3
|
|upkeep
|turn|6
|
|t:|1778513214
|switch|p1a: Kyurem|Kyurem|100/100
|-ability|p1a: Kyurem|Pressure
|move|p2a: Manaphy|Tail Glow|p2a: Manaphy
|-boost|p2a: Manaphy|spa|0
|
|upkeep
|turn|7
|
|t:|1778513221
|-terastallize|p1a: Kyurem|Ice
|-terastallize|p2a: Manaphy|Fairy
|move|p1a: Kyurem|Freeze-Dry|p2a: Manaphy
|-damage|p2a: Manaphy|28/100
|move|p2a: Manaphy|Tail Glow|p2a: Manaphy
|-boost|p2a: Manaphy|spa|0
|
|-end|p2a: Manaphy|Encore
|upkeep
|turn|8
|
|t:|1778513232
|move|p1a: Kyurem|Freeze-Dry|p2a: Manaphy
|-damage|p2a: Manaphy|0 fnt
|faint|p2a: Manaphy
|
|-sideend|p2: grumpycashew|Reflect
|upkeep
|
|t:|1778513253
|switch|p2a: Forretress|Forretress, F|100/100
|turn|9
|
|t:|1778513264
|switch|p1a: Moltres|Moltres|100/100
|move|p2a: Forretress|Rapid Spin|p1a: Moltres
|-damage|p1a: Moltres|94/100
|-boost|p2a: Forretress|spe|1
|-sideend|p2: grumpycashew|Stealth Rock|[from] move: Rapid Spin|[of] p2a: Forretress
|
|upkeep
|turn|10
|
|t:|1778513270
|move|p1a: Moltres|Flamethrower|p2a: Forretress
|-supereffective|p2a: Forretress
|-ability|p2a: Forretress|Sturdy
|-damage|p2a: Forretress|1/100
|move|p2a: Forretress|Thunder Wave|p1a: Moltres|[miss]
|-miss|p2a: Forretress|p1a: Moltres
|
|upkeep
|turn|11
|
|t:|1778513279
|move|p1a: Moltres|Flamethrower|p2a: Forretress
|-supereffective|p2a: Forretress
|-damage|p2a: Forretress|0 fnt
|faint|p2a: Forretress
|
|upkeep
|
|t:|1778513284
|switch|p2a: Grimmsnarl|Grimmsnarl, M|51/100
|turn|12
|
|t:|1778513313
|switch|p1a: Dont thinkaton|Tinkaton, F|100/100
|-ability|p1a: Dont thinkaton|Mold Breaker
|-item|p1a: Dont thinkaton|Air Balloon
|move|p2a: Grimmsnarl|Reflect|p2a: Grimmsnarl
|-sidestart|p2: grumpycashew|Reflect
|
|upkeep
|turn|13
|
|t:|1778513323
|switch|p2a: Azelf|Azelf|100/100
|move|p1a: Dont thinkaton|Encore||[still]
|-fail|p1a: Dont thinkaton
|
|upkeep
|turn|14
|
|t:|1778513333
|move|p2a: Azelf|Flamethrower|p1a: Dont thinkaton
|-supereffective|p1a: Dont thinkaton
|-damage|p1a: Dont thinkaton|49/100
|-enditem|p1a: Dont thinkaton|Air Balloon
|move|p1a: Dont thinkaton|Knock Off|p2a: Azelf
|-supereffective|p2a: Azelf
|-damage|p2a: Azelf|75/100
|-enditem|p2a: Azelf|Choice Scarf|[from] move: Knock Off|[of] p1a: Dont thinkaton
|
|upkeep
|turn|15
|
|t:|1778513343
|switch|p1a: Gliscor|Gliscor, F|100/100
|move|p2a: Azelf|Flamethrower|p1a: Gliscor
|-damage|p1a: Gliscor|73/100
|
|-status|p1a: Gliscor|tox|[from] item: Toxic Orb
|upkeep
|turn|16
|
|t:|1778513351
|move|p2a: Azelf|Psychic|p1a: Gliscor
|-damage|p1a: Gliscor|36/100 tox
|move|p1a: Gliscor|Toxic|p2a: Azelf
|-status|p2a: Azelf|tox
|
|-damage|p2a: Azelf|69/100 tox|[from] psn
|-heal|p1a: Gliscor|49/100 tox|[from] ability: Poison Heal
|upkeep
|turn|17
|
|t:|1778513362
|switch|p2a: Grimmsnarl|Grimmsnarl, M|51/100
|move|p1a: Gliscor|Protect||[still]
|-fail|p1a: Gliscor
|
|-heal|p1a: Gliscor|61/100 tox|[from] ability: Poison Heal
|upkeep
|turn|18
|inactive|madhound has 120 seconds left.
|
|t:|1778513394
|move|p2a: Grimmsnarl|Parting Shot|p1a: Gliscor
|-unboost|p1a: Gliscor|atk|1
|-unboost|p1a: Gliscor|spa|1
|
|t:|1778513397
|switch|p2a: Azelf|Azelf|69/100 tox|[from] Parting Shot
|move|p1a: Gliscor|Toxic|p2a: Azelf
|-fail|p2a: Azelf|tox
|
|-damage|p2a: Azelf|62/100 tox|[from] psn
|-heal|p1a: Gliscor|74/100 tox|[from] ability: Poison Heal
|upkeep
|turn|19
|
|t:|1778513406
|move|p1a: Gliscor|Protect|p1a: Gliscor
|-singleturn|p1a: Gliscor|Protect
|move|p2a: Azelf|Psychic|p1a: Gliscor
|-activate|p1a: Gliscor|move: Protect
|
|-damage|p2a: Azelf|50/100 tox|[from] psn
|-heal|p1a: Gliscor|86/100 tox|[from] ability: Poison Heal
|-sideend|p2: grumpycashew|Reflect
|upkeep
|turn|20
|
|t:|1778513419
|switch|p2a: Mesprit|Mesprit|100/100
|move|p1a: Gliscor|Spikes|p2a: Mesprit
|-sidestart|p2: grumpycashew|Spikes
|
|-heal|p1a: Gliscor|99/100 tox|[from] ability: Poison Heal
|upkeep
|turn|21
|
|t:|1778513427
|move|p1a: Gliscor|Protect|p1a: Gliscor
|-singleturn|p1a: Gliscor|Protect
|move|p2a: Mesprit|Encore|p1a: Gliscor
|-activate|p1a: Gliscor|move: Protect
|
|-heal|p1a: Gliscor|100/100 tox|[from] ability: Poison Heal
|upkeep
|turn|22
|
|t:|1778513436
|switch|p1a: Dont thinkaton|Tinkaton, F|49/100
|-ability|p1a: Dont thinkaton|Mold Breaker
|move|p2a: Mesprit|Stealth Rock|p1a: Dont thinkaton
|-sidestart|p1: madhound|move: Stealth Rock
|
|upkeep
|turn|23
|
|t:|1778513445
|switch|p2a: Azelf|Azelf|50/100 tox
|move|p1a: Dont thinkaton|Knock Off|p2a: Azelf
|-supereffective|p2a: Azelf
|-damage|p2a: Azelf|14/100 tox
|
|-damage|p2a: Azelf|8/100 tox|[from] psn
|upkeep
|turn|24
|
|t:|1778513460
|switch|p1a: Gliscor|Gliscor, F|100/100 tox
|-damage|p1a: Gliscor|88/100 tox|[from] Stealth Rock
|move|p2a: Azelf|Flamethrower|p1a: Gliscor
|-damage|p1a: Gliscor|61/100 tox
|
|-damage|p2a: Azelf|0 fnt|[from] psn
|faint|p2a: Azelf
|-heal|p1a: Gliscor|74/100 tox|[from] ability: Poison Heal
|upkeep
|
|t:|1778513470
|switch|p2a: Uxie|Uxie|100/100
|turn|25
|
|t:|1778513488
|switch|p2a: Grimmsnarl|Grimmsnarl, M|51/100
|-damage|p2a: Grimmsnarl|39/100|[from] Spikes
|move|p1a: Gliscor|Protect||[still]
|-fail|p1a: Gliscor
|
|-heal|p1a: Gliscor|86/100 tox|[from] ability: Poison Heal
|upkeep
|turn|26
|
|t:|1778513498
|move|p2a: Grimmsnarl|Reflect|p2a: Grimmsnarl
|-sidestart|p2: grumpycashew|Reflect
|move|p1a: Gliscor|Earthquake|p2a: Grimmsnarl
|-damage|p2a: Grimmsnarl|20/100
|
|-heal|p1a: Gliscor|99/100 tox|[from] ability: Poison Heal
|upkeep
|turn|27
|
|t:|1778513504
|move|p2a: Grimmsnarl|Light Screen|p2a: Grimmsnarl
|-sidestart|p2: grumpycashew|move: Light Screen
|move|p1a: Gliscor|Earthquake|p2a: Grimmsnarl
|-damage|p2a: Grimmsnarl|1/100
|
|-heal|p1a: Gliscor|100/100 tox|[from] ability: Poison Heal
|upkeep
|turn|28
|
|t:|1778513511
|move|p1a: Gliscor|Toxic|p2a: Grimmsnarl
|-status|p2a: Grimmsnarl|tox
|move|p2a: Grimmsnarl|Spirit Break|p1a: Gliscor
|-damage|p1a: Gliscor|77/100 tox
|-unboost|p1a: Gliscor|spa|1
|
|-heal|p1a: Gliscor|90/100 tox|[from] ability: Poison Heal
|-damage|p2a: Grimmsnarl|0 fnt|[from] psn
|faint|p2a: Grimmsnarl
|upkeep
|
|t:|1778513521
|switch|p2a: Uxie|Uxie|100/100
|turn|29
|
|t:|1778513532
|move|p1a: Gliscor|Protect|p1a: Gliscor
|-singleturn|p1a: Gliscor|Protect
|move|p2a: Uxie|Mystical Power|p1a: Gliscor
|-activate|p1a: Gliscor|move: Protect
|
|-heal|p1a: Gliscor|100/100 tox|[from] ability: Poison Heal
|upkeep
|turn|30
|
|t:|1778513544
|move|p1a: Gliscor|Earthquake|p2a: Uxie
|-immune|p2a: Uxie|[from] ability: Levitate
|move|p2a: Uxie|Mystical Power|p1a: Gliscor
|-damage|p1a: Gliscor|75/100 tox
|-boost|p2a: Uxie|spa|1
|
|-heal|p1a: Gliscor|87/100 tox|[from] ability: Poison Heal
|upkeep
|turn|31
|
|t:|1778513555
|move|p1a: Gliscor|Toxic|p2a: Uxie
|-status|p2a: Uxie|tox
|move|p2a: Uxie|Mystical Power|p1a: Gliscor
|-damage|p1a: Gliscor|50/100 tox
|-boost|p2a: Uxie|spa|1
|
|-damage|p2a: Uxie|94/100 tox|[from] psn
|-heal|p1a: Gliscor|63/100 tox|[from] ability: Poison Heal
|upkeep
|turn|32
|
|t:|1778513564
|switch|p2a: Mesprit|Mesprit|100/100
|move|p1a: Gliscor|Protect||[still]
|-fail|p1a: Gliscor
|
|-heal|p1a: Gliscor|75/100 tox|[from] ability: Poison Heal
|upkeep
|turn|33
|
|t:|1778513571
|move|p1a: Gliscor|Toxic|p2a: Mesprit
|-status|p2a: Mesprit|tox
|move|p2a: Mesprit|Encore|p1a: Gliscor
|-start|p1a: Gliscor|Encore
|
|-heal|p1a: Gliscor|88/100 tox|[from] ability: Poison Heal
|-damage|p2a: Mesprit|94/100 tox|[from] psn
|-sideend|p2: grumpycashew|Reflect
|upkeep
|turn|34
|
|t:|1778513581
|switch|p1a: Moltres|Moltres|94/100
|move|p2a: Mesprit|Knock Off|p1a: Moltres
|-damage|p1a: Moltres|75/100
|-enditem|p1a: Moltres|Heavy-Duty Boots|[from] move: Knock Off|[of] p2a: Mesprit
|
|-damage|p2a: Mesprit|82/100 tox|[from] psn
|-sideend|p2: grumpycashew|move: Light Screen
|upkeep
|turn|35
|
|t:|1778513594
|move|p1a: Moltres|Flamethrower|p2a: Mesprit
|-damage|p2a: Mesprit|49/100 tox
|move|p2a: Mesprit|Thunder Wave|p1a: Moltres
|-status|p1a: Moltres|par
|
|-damage|p2a: Mesprit|31/100 tox|[from] psn
|upkeep
|turn|36
|
|t:|1778513603
|move|p2a: Mesprit|Stealth Rock||[still]
|-fail|p2a: Mesprit
|cant|p1a: Moltres|par
|
|-damage|p2a: Mesprit|7/100 tox|[from] psn
|upkeep
|turn|37
|
|t:|1778513609
|move|p2a: Mesprit|Knock Off|p1a: Moltres
|-damage|p1a: Moltres|64/100 par
|cant|p1a: Moltres|par
|
|-damage|p2a: Mesprit|0 fnt|[from] psn
|faint|p2a: Mesprit
|upkeep
|
|t:|1778513615
|switch|p2a: Uxie|Uxie|94/100 tox
|turn|38
|
|t:|1778513620
|move|p2a: Uxie|Mystical Power|p1a: Moltres
|-damage|p1a: Moltres|37/100 par
|-boost|p2a: Uxie|spa|1
|move|p1a: Moltres|Flamethrower|p2a: Uxie
|-damage|p2a: Uxie|65/100 tox
|
|-heal|p2a: Uxie|71/100 tox|[from] item: Leftovers
|-damage|p2a: Uxie|65/100 tox|[from] psn
|upkeep
|turn|39
|
|t:|1778513629
|move|p2a: Uxie|Mystical Power|p1a: Moltres
|-damage|p1a: Moltres|1/100 par
|-boost|p2a: Uxie|spa|1
|move|p1a: Moltres|Flamethrower|p2a: Uxie
|-damage|p2a: Uxie|37/100 tox
|
|-heal|p2a: Uxie|43/100 tox|[from] item: Leftovers
|-damage|p2a: Uxie|31/100 tox|[from] psn
|upkeep
|turn|40
|
|t:|1778513638
|move|p2a: Uxie|Draining Kiss|p1a: Moltres
|-resisted|p1a: Moltres
|-damage|p1a: Moltres|0 fnt
|-heal|p2a: Uxie|31/100 tox|[from] drain|[of] p1a: Moltres
|faint|p1a: Moltres
|
|-heal|p2a: Uxie|37/100 tox|[from] item: Leftovers
|-damage|p2a: Uxie|19/100 tox|[from] psn
|upkeep
|
|t:|1778513641
|switch|p1a: Kyurem|Kyurem, tera:Ice|100/100
|-damage|p1a: Kyurem|76/100|[from] Stealth Rock
|-ability|p1a: Kyurem|Pressure
|turn|41
|
|t:|1778513649
|move|p1a: Kyurem|Ice Beam|p2a: Uxie
|-damage|p2a: Uxie|0 fnt
|faint|p2a: Uxie
|
|win|madhound
|raw|madhound's rating: 1168 &rarr; <strong>1188</strong><br />(+20 for winning)
|raw|grumpycashew's rating: 1096 &rarr; <strong>1077</strong><br />(-19 for losing)
|l|☆grumpycashew
|player|p2|
|c|☆madhound|just surrender next time instead of wasting time
|l|☆madhound
|player|p1|
