|html|<div class="broadcast-blue"><strong>[Gen 9] OU is currently suspecting Tera Blast! For information on how to participate check out the <a href="https://www.smogon.com/tools/suspects/view/200">suspect thread</a>.</strong></div>
|j|☆t1muring
|j|☆enmin
|t:|1776323052
|gametype|singles
|player|p1|t1muring|lady|1283
|player|p2|enmin|red|1368
|gen|9
|tier|[Gen 9] OU
|rated|
|rule|HP Percentage Mod: HP is shown in percentages
|rule|Endless Battle Clause: Forcing endless battles is banned
|rule|Species Clause: Limit one of each Pokémon
|rule|OHKO Clause: OHKO moves are banned
|rule|Evasion Items Clause: Evasion items are banned
|rule|Evasion Moves Clause: Evasion moves are banned
|rule|Evasion Abilities Clause: Evasion abilities are banned
|rule|Sleep Moves Clause: Sleep-inducing moves are banned
|clearpoke
|poke|p1|Klefki, M|
|poke|p1|Mew|
|poke|p1|Manaphy|
|poke|p1|Maushold|
|poke|p1|Latias, F|
|poke|p1|Jirachi|
|poke|p2|Garchomp, F|
|poke|p2|Iron Moth|
|poke|p2|Hoopa-Unbound|
|poke|p2|Rotom-Wash|
|poke|p2|Corviknight, M|
|poke|p2|Clodsire, F|
|teampreview
|inactive|Battle timer is ON: inactive players will automatically lose when time's up. (requested by enmin)
|
|t:|1776323067
|teamsize|p1|6
|teamsize|p2|6
|start
|switch|p1a: Klefki|Klefki, M|100/100
|switch|p2a: Iron Moth|Iron Moth|100/100
|turn|1
|
|t:|1776323073
|move|p1a: Klefki|Light Screen|p1a: Klefki
|-sidestart|p1: t1muring|move: Light Screen
|move|p2a: Iron Moth|Flamethrower|p1a: Klefki
|-supereffective|p1a: Klefki
|-damage|p1a: Klefki|0 fnt
|faint|p1a: Klefki
|
|upkeep
|
|t:|1776323087
|switch|p1a: Manaphy|Manaphy|100/100
|turn|2
|
|t:|1776323096
|-end|p2a: Iron Moth|Quark Drive|[silent]
|switch|p2a: Hoopa|Hoopa-Unbound|100/100
|move|p1a: Manaphy|Tail Glow|p1a: Manaphy
|-boost|p1a: Manaphy|spa|3
|
|upkeep
|turn|3
|
|t:|1776323103
|move|p2a: Hoopa|Hyperspace Fury|p1a: Manaphy
|-damage|p1a: Manaphy|36/100
|-unboost|p2a: Hoopa|def|1
|move|p1a: Manaphy|Surf|p2a: Hoopa
|-damage|p2a: Hoopa|15/100
|
|-heal|p1a: Manaphy|42/100|[from] item: Leftovers
|upkeep
|turn|4
|
|t:|1776323112
|move|p2a: Hoopa|Hyperspace Fury|p1a: Manaphy
|-damage|p1a: Manaphy|0 fnt
|-unboost|p2a: Hoopa|def|1
|faint|p1a: Manaphy
|
|upkeep
|
|t:|1776323119
|switch|p1a: Jirachi|Jirachi|100/100
|turn|5
|
|t:|1776323121
|move|p1a: Jirachi|Iron Head|p2a: Hoopa
|-damage|p2a: Hoopa|0 fnt
|faint|p2a: Hoopa
|
|upkeep
|
|t:|1776323124
|switch|p2a: Rotom|Rotom-Wash|100/100
|turn|6
|
|t:|1776323128
|move|p1a: Jirachi|Iron Head|p2a: Rotom
|-resisted|p2a: Rotom
|-damage|p2a: Rotom|93/100
|cant|p2a: Rotom|flinch
|
|-heal|p2a: Rotom|99/100|[from] item: Leftovers
|upkeep
|turn|7
|
|t:|1776323138
|switch|p1a: Latias|Latias, F, shiny|100/100
|move|p2a: Rotom|Volt Switch|p1a: Latias
|-resisted|p1a: Latias
|-damage|p1a: Latias|97/100
|
|t:|1776323144
|switch|p2a: Clodsire|Clodsire, F|100/100|[from] Volt Switch
|
|upkeep
|turn|8
|
|t:|1776323149
|move|p1a: Latias|Calm Mind|p1a: Latias
|-boost|p1a: Latias|spa|1
|-boost|p1a: Latias|spd|1
|move|p2a: Clodsire|Toxic|p1a: Latias
|-status|p1a: Latias|tox
|
|-damage|p1a: Latias|91/100 tox|[from] psn
|-sideend|p1: t1muring|move: Light Screen
|upkeep
|turn|9
|
|t:|1776323156
|move|p1a: Latias|Dragon Pulse|p2a: Clodsire
|-damage|p2a: Clodsire|85/100
|move|p2a: Clodsire|Stealth Rock|p1a: Latias
|-sidestart|p1: t1muring|move: Stealth Rock
|
|-heal|p2a: Clodsire|91/100|[from] item: Leftovers
|-damage|p1a: Latias|79/100 tox|[from] psn
|upkeep
|turn|10
|-message|t1muring forfeited.
|
|win|enmin
|raw|t1muring's rating: 1283 &rarr; <strong>1264</strong><br />(-19 for losing)
|raw|enmin's rating: 1368 &rarr; <strong>1383</strong><br />(+15 for winning)
|l|☆t1muring
|player|p1|
