|html|<div class="broadcast-blue"><strong>[Gen 9] OU is currently suspecting Volcarona! For information on how to participate check out the <a href="https://www.smogon.com/tools/suspects/view/208">suspect thread</a>.</strong></div>
|j|☆KenjiShiguma
|j|☆NickyTheNick
|t:|1778496531
|gametype|singles
|player|p1|KenjiShiguma|pokemonbreeder-gen4|1144
|player|p2|NickyTheNick|shauntal|1184
|gen|9
|tier|[Gen 9] OU
|rated|
|rule|HP Percentage Mod: HP is shown in percentages
|rule|Endless Battle Clause: Forcing endless battles is banned
|rule|Species Clause: Limit one of each Pokémon
|rule|OHKO Clause: OHKO moves are banned
|rule|Evasion Items Clause: Evasion items are banned
|rule|Evasion Moves Clause: Evasion moves are banned
|rule|Evasion Abilities Clause: Evasion abilities are banned
|rule|Sleep Moves Clause: Sleep-inducing moves are banned
|clearpoke
|poke|p1|Exeggutor, M|
|poke|p1|Torkoal, M|
|poke|p1|Farigiraf, F|
|poke|p1|Primeape, M|
|poke|p1|Furret, F|
|poke|p1|Skuntank, F|
|poke|p2|Maushold-Four|
|poke|p2|Gliscor, M|
|poke|p2|Ceruledge, M|
|poke|p2|Clefable, F|
|poke|p2|Moltres-Galar|
|poke|p2|Deoxys-Speed|
|teampreview
|
|t:|1778496536
|teamsize|p1|6
|teamsize|p2|6
|start
|switch|p1a: Furret|Furret, F|100/100
|switch|p2a: Deoxys|Deoxys-Speed|100/100
|-item|p2a: Deoxys|Focus Sash|[from] ability: Frisk|[of] p1a: Furret
|-ability|p2a: Deoxys|Pressure
|turn|1
|
|t:|1778496545
|move|p1a: Furret|Trick|p2a: Deoxys
|-activate|p1a: Furret|move: Trick|[of] p2a: Deoxys
|-item|p2a: Deoxys|Choice Scarf|[from] move: Trick
|-item|p1a: Furret|Focus Sash|[from] move: Trick
|move|p2a: Deoxys|Psycho Boost|p1a: Furret
|-damage|p1a: Furret|7/100
|-unboost|p2a: Deoxys|spa|2
|
|upkeep
|turn|2
|
|t:|1778496556
|switch|p1a: Skuntank|Skuntank, F|100/100
|move|p2a: Deoxys|Psycho Boost|p1a: Skuntank
|-immune|p1a: Skuntank
|
|upkeep
|turn|3
|
|t:|1778496567
|switch|p2a: Maushold|Maushold-Four|100/100
|move|p1a: Skuntank|Poison Jab|p2a: Maushold
|-damage|p2a: Maushold|40/100
|
|upkeep
|turn|4
|
|t:|1778496586
|move|p2a: Maushold|Population Bomb|p1a: Skuntank
|-damage|p1a: Skuntank|90/100
|-damage|p2a: Maushold|24/100|[from] item: Rocky Helmet|[of] p1a: Skuntank
|-damage|p1a: Skuntank|78/100
|-damage|p2a: Maushold|7/100|[from] item: Rocky Helmet|[of] p1a: Skuntank
|-damage|p1a: Skuntank|68/100
|-damage|p2a: Maushold|0 fnt|[from] item: Rocky Helmet|[of] p1a: Skuntank
|faint|p2a: Maushold
|-hitcount|p1a: Skuntank|3
|move|p1a: Skuntank|Poison Jab|p2: Maushold|[notarget]
|-fail|p1a: Skuntank
|
|upkeep
|
|t:|1778496627
|switch|p2a: Gliscor|Gliscor, M|100/100
|turn|5
|
|t:|1778496636
|move|p2a: Gliscor|Substitute|p2a: Gliscor
|-start|p2a: Gliscor|Substitute
|-damage|p2a: Gliscor|76/100
|move|p1a: Skuntank|Endeavor|p2a: Gliscor
|-activate|p2a: Gliscor|move: Substitute|[damage]
|
|-status|p2a: Gliscor|tox|[from] item: Toxic Orb
|upkeep
|turn|6
|
|t:|1778496649
|switch|p1a: Primeape|Primeape, M|100/100
|move|p2a: Gliscor|Earthquake|p1a: Primeape
|-damage|p1a: Primeape|70/100
|
|-heal|p2a: Gliscor|88/100 tox|[from] ability: Poison Heal
|upkeep
|turn|7
|
|t:|1778496689
|move|p2a: Gliscor|Toxic|p1a: Primeape
|-status|p1a: Primeape|tox
|move|p1a: Primeape|Encore|p2a: Gliscor
|-start|p2a: Gliscor|Encore
|
|-heal|p2a: Gliscor|100/100 tox|[from] ability: Poison Heal
|-damage|p1a: Primeape|64/100 tox|[from] psn
|upkeep
|turn|8
|
|t:|1778496698
|switch|p2a: Deoxys|Deoxys-Speed|100/100
|-ability|p2a: Deoxys|Pressure
|move|p1a: Primeape|Ice Punch|p2a: Deoxys
|-crit|p2a: Deoxys
|-damage|p2a: Deoxys|55/100
|
|-damage|p1a: Primeape|52/100 tox|[from] psn
|upkeep
|turn|9
|
|t:|1778496746
|switch|p1a: Farigiraf|Farigiraf, F|100/100
|move|p2a: Deoxys|Thunder Wave|p1a: Farigiraf
|-status|p1a: Farigiraf|par
|
|upkeep
|turn|10
|
|t:|1778496765
|switch|p2a: Ceruledge|Ceruledge, M|100/100
|move|p1a: Farigiraf|Trick Room|p1a: Farigiraf
|-fieldstart|move: Trick Room|[of] p1a: Farigiraf
|
|upkeep
|turn|11
|
|t:|1778496773
|move|p1a: Farigiraf|Psychic Noise|p2a: Ceruledge
|-damage|p2a: Ceruledge|66/100
|-start|p2a: Ceruledge|move: Heal Block
|move|p2a: Ceruledge|Swords Dance|p2a: Ceruledge
|-boost|p2a: Ceruledge|atk|2
|
|upkeep
|turn|12
|
|t:|1778496823
|switch|p1a: Torkoal|Torkoal, M|100/100
|-weather|SunnyDay|[from] ability: Drought|[of] p1a: Torkoal
|switch|p2a: Clefable|Clefable, F|100/100
|
|-weather|SunnyDay|[upkeep]
|upkeep
|turn|13
|
|t:|1778496846
|move|p1a: Torkoal|Eruption|p2a: Clefable
|-damage|p2a: Clefable|0 fnt
|faint|p2a: Clefable
|
|-weather|SunnyDay|[upkeep]
|upkeep
|
|t:|1778496863
|switch|p2a: Moltres|Moltres-Galar|100/100
|turn|14
|
|t:|1778496865
|move|p1a: Torkoal|Eruption|p2a: Moltres
|-damage|p2a: Moltres|0 fnt
|faint|p2a: Moltres
|
|-weather|SunnyDay|[upkeep]
|-fieldend|move: Trick Room
|upkeep
|
|t:|1778496885
|switch|p2a: Gliscor|Gliscor, M|100/100 tox
|turn|15
|
|t:|1778496892
|-terastallize|p2a: Gliscor|Water
|move|p2a: Gliscor|Toxic|p1a: Torkoal
|-status|p1a: Torkoal|tox
|move|p1a: Torkoal|Eruption|p2a: Gliscor
|-resisted|p2a: Gliscor
|-damage|p2a: Gliscor|11/100 tox
|
|-weather|SunnyDay|[upkeep]
|-heal|p2a: Gliscor|23/100 tox|[from] ability: Poison Heal
|-damage|p1a: Torkoal|94/100 tox|[from] psn
|upkeep
|turn|16
|
|t:|1778496904
|move|p2a: Gliscor|Protect|p2a: Gliscor
|-singleturn|p2a: Gliscor|Protect
|move|p1a: Torkoal|Eruption|p2a: Gliscor
|-activate|p2a: Gliscor|move: Protect
|
|-weather|none
|-heal|p2a: Gliscor|36/100 tox|[from] ability: Poison Heal
|-damage|p1a: Torkoal|82/100 tox|[from] psn
|upkeep
|turn|17
|
|t:|1778496920
|switch|p1a: Furret|Furret, F|7/100
|-item|p2a: Gliscor|Toxic Orb|[from] ability: Frisk|[of] p1a: Furret
|move|p2a: Gliscor|Substitute|p2a: Gliscor
|-start|p2a: Gliscor|Substitute
|-damage|p2a: Gliscor|11/100 tox
|
|-heal|p2a: Gliscor|23/100 tox|[from] ability: Poison Heal
|upkeep
|turn|18
|
|t:|1778496942
|move|p1a: Furret|Tidy Up|p1a: Furret
|-end|p2a: Gliscor|Substitute
|-activate|p1a: Furret|move: Tidy Up
|-boost|p1a: Furret|atk|1
|-boost|p1a: Furret|spe|1
|move|p2a: Gliscor|Earthquake|p1a: Furret
|-damage|p1a: Furret|0 fnt
|faint|p1a: Furret
|
|-heal|p2a: Gliscor|36/100 tox|[from] ability: Poison Heal
|upkeep
|
|t:|1778496955
|switch|p1a: Exeggutor|Exeggutor, M|100/100
|turn|19
|
|t:|1778496968
|switch|p2a: Ceruledge|Ceruledge, M|66/100
|move|p1a: Exeggutor|Trick Room|p1a: Exeggutor
|-fieldstart|move: Trick Room|[of] p1a: Exeggutor
|
|upkeep
|turn|20
|
|t:|1778496974
|switch|p1a: Skuntank|Skuntank, F|68/100
|move|p2a: Ceruledge|Bitter Blade|p1a: Skuntank
|-damage|p1a: Skuntank|26/100
|-heal|p2a: Ceruledge|92/100|[from] drain|[of] p1a: Skuntank
|-damage|p2a: Ceruledge|75/100|[from] item: Rocky Helmet|[of] p1a: Skuntank
|
|upkeep
|turn|21
|
|t:|1778496986
|move|p1a: Skuntank|Sucker Punch|p2a: Ceruledge
|-supereffective|p2a: Ceruledge
|-damage|p2a: Ceruledge|0 fnt
|faint|p2a: Ceruledge
|
|upkeep
|
|t:|1778496991
|switch|p2a: Gliscor|Gliscor, M, tera:Water|36/100 tox
|turn|22
|
|t:|1778496997
|move|p2a: Gliscor|Protect|p2a: Gliscor
|-singleturn|p2a: Gliscor|Protect
|move|p1a: Skuntank|Poison Jab|p2a: Gliscor
|-activate|p2a: Gliscor|move: Protect
|
|-heal|p2a: Gliscor|48/100 tox|[from] ability: Poison Heal
|upkeep
|turn|23
|
|t:|1778497007
|move|p1a: Skuntank|Poison Jab|p2a: Gliscor
|-damage|p2a: Gliscor|25/100 tox
|move|p2a: Gliscor|Earthquake|p1a: Skuntank
|-supereffective|p1a: Skuntank
|-damage|p1a: Skuntank|0 fnt
|faint|p1a: Skuntank
|
|-heal|p2a: Gliscor|37/100 tox|[from] ability: Poison Heal
|-fieldend|move: Trick Room
|upkeep
|-message|NickyTheNick forfeited.
|
|win|KenjiShiguma
|raw|KenjiShiguma's rating: 1144 &rarr; <strong>1172</strong><br />(+28 for winning)
|raw|NickyTheNick's rating: 1184 &rarr; <strong>1156</strong><br />(-28 for losing)
|l|☆NickyTheNick
|player|p2|
|l|☆KenjiShiguma
|player|p1|
