|html|<div class="broadcast-blue"><strong>[Gen 9] OU is currently suspecting Tera Blast! For information on how to participate check out the <a href="https://www.smogon.com/tools/suspects/view/200">suspect thread</a>.</strong></div>
|j|☆horridhenry123
|j|☆letsgogetum
|t:|1776086854
|gametype|singles
|player|p1|horridhenry123|hoopster|1185
|player|p2|letsgogetum|gentleman-gen4|1189
|gen|9
|tier|[Gen 9] OU
|rated|
|rule|HP Percentage Mod: HP is shown in percentages
|rule|Endless Battle Clause: Forcing endless battles is banned
|rule|Species Clause: Limit one of each Pokémon
|rule|OHKO Clause: OHKO moves are banned
|rule|Evasion Items Clause: Evasion items are banned
|rule|Evasion Moves Clause: Evasion moves are banned
|rule|Evasion Abilities Clause: Evasion abilities are banned
|rule|Sleep Moves Clause: Sleep-inducing moves are banned
|clearpoke
|poke|p1|Jirachi|
|poke|p1|Sawsbuck-Winter, F|
|poke|p1|Meloetta|
|poke|p1|Great Tusk|
|poke|p1|Walking Wake|
|poke|p1|Iron Moth|
|poke|p2|Deoxys-Speed|
|poke|p2|Ogerpon-Wellspring, F|
|poke|p2|Iron Moth|
|poke|p2|Gholdengo|
|poke|p2|Great Tusk|
|poke|p2|Dragonite, F|
|teampreview
|inactive|Battle timer is ON: inactive players will automatically lose when time's up. (requested by letsgogetum)
|
|t:|1776086884
|teamsize|p1|6
|teamsize|p2|6
|start
|switch|p1a: Great Tusk|Great Tusk|100/100
|switch|p2a: Deoxys|Deoxys-Speed|100/100
|-ability|p2a: Deoxys|Pressure
|-enditem|p1a: Great Tusk|Booster Energy
|-activate|p1a: Great Tusk|ability: Protosynthesis|[fromitem]
|-start|p1a: Great Tusk|protosynthesisatk
|turn|1
|
|t:|1776086893
|move|p2a: Deoxys|Psychic|p1a: Great Tusk
|-supereffective|p1a: Great Tusk
|-damage|p1a: Great Tusk|0 fnt
|faint|p1a: Great Tusk
|-end|p1a: Great Tusk|Protosynthesis|[silent]
|
|upkeep
|
|t:|1776086900
|switch|p1a: Jirachi|Jirachi|100/100
|turn|2
|
|t:|1776086908
|move|p2a: Deoxys|Taunt|p1a: Jirachi
|-start|p1a: Jirachi|move: Taunt
|cant|p1a: Jirachi|move: Taunt|Trick
|
|upkeep
|turn|3
|
|t:|1776086918
|move|p2a: Deoxys|Stealth Rock|p1a: Jirachi
|-sidestart|p1: horridhenry123|move: Stealth Rock
|move|p1a: Jirachi|U-turn|p2a: Deoxys
|-supereffective|p2a: Deoxys
|-damage|p2a: Deoxys|35/100
|
|t:|1776086924
|switch|p1a: Meloetta|Meloetta|100/100|[from] U-turn
|-damage|p1a: Meloetta|88/100|[from] Stealth Rock
|
|-heal|p1a: Meloetta|94/100|[from] item: Leftovers
|upkeep
|turn|4
|
|t:|1776086932
|move|p2a: Deoxys|Taunt|p1a: Meloetta
|-start|p1a: Meloetta|move: Taunt
|cant|p1a: Meloetta|move: Taunt|Calm Mind
|
|-heal|p1a: Meloetta|100/100|[from] item: Leftovers
|upkeep
|turn|5
|
|t:|1776086950
|switch|p2a: Dragonite|Dragonite, F|100/100
|move|p1a: Meloetta|Hyper Voice|p2a: Dragonite
|-damage|p2a: Dragonite|73/100
|
|upkeep
|turn|6
|
|t:|1776086959
|move|p2a: Dragonite|Extreme Speed|p1a: Meloetta
|-damage|p1a: Meloetta|56/100
|move|p1a: Meloetta|Psychic|p2a: Dragonite
|-damage|p2a: Dragonite|23/100
|
|-heal|p1a: Meloetta|62/100|[from] item: Leftovers
|-end|p1a: Meloetta|move: Taunt
|upkeep
|turn|7
|inactive|letsgogetum has 120 seconds left.
|
|t:|1776087002
|move|p2a: Dragonite|Extreme Speed|p1a: Meloetta
|-damage|p1a: Meloetta|20/100
|move|p1a: Meloetta|Psychic|p2a: Dragonite
|-damage|p2a: Dragonite|0 fnt
|faint|p2a: Dragonite
|
|-heal|p1a: Meloetta|26/100|[from] item: Leftovers
|upkeep
|
|t:|1776087006
|switch|p2a: Deoxys|Deoxys-Speed|35/100
|-ability|p2a: Deoxys|Pressure
|turn|8
|
|t:|1776087010
|move|p2a: Deoxys|Ice Beam|p1a: Meloetta
|-damage|p1a: Meloetta|6/100
|move|p1a: Meloetta|Hyper Voice|p2a: Deoxys
|-damage|p2a: Deoxys|0 fnt
|faint|p2a: Deoxys
|
|-heal|p1a: Meloetta|13/100|[from] item: Leftovers
|upkeep
|inactive|letsgogetum has 120 seconds left.
|inactive|letsgogetum has 90 seconds left.
|
|t:|1776087059
|switch|p2a: Ogerpon|Ogerpon-Wellspring, F|100/100
|turn|9
|inactive|letsgogetum has 90 seconds left.
|
|t:|1776087068
|move|p2a: Ogerpon|Ivy Cudgel|p1a: Meloetta|[anim] Ivy Cudgel Water
|-damage|p1a: Meloetta|0 fnt
|faint|p1a: Meloetta
|
|upkeep
|
|t:|1776087075
|switch|p1a: Sawsbuck|Sawsbuck-Winter, F|100/100
|-damage|p1a: Sawsbuck|88/100|[from] Stealth Rock
|turn|10
|
|t:|1776087084
|move|p1a: Sawsbuck|Zen Headbutt|p2a: Ogerpon
|-damage|p2a: Ogerpon|66/100
|move|p2a: Ogerpon|Knock Off|p1a: Sawsbuck
|-crit|p1a: Sawsbuck
|-damage|p1a: Sawsbuck|10/100
|-enditem|p1a: Sawsbuck|Choice Scarf|[from] move: Knock Off|[of] p2a: Ogerpon
|
|upkeep
|turn|11
|
|t:|1776087094
|move|p2a: Ogerpon|Knock Off|p1a: Sawsbuck
|-damage|p1a: Sawsbuck|0 fnt
|faint|p1a: Sawsbuck
|
|upkeep
|
|t:|1776087100
|switch|p1a: Walking Wake|Walking Wake|100/100
|-damage|p1a: Walking Wake|88/100|[from] Stealth Rock
|-enditem|p1a: Walking Wake|Booster Energy
|-activate|p1a: Walking Wake|ability: Protosynthesis|[fromitem]
|-start|p1a: Walking Wake|protosynthesisatk
|turn|12
|inactive|letsgogetum has 120 seconds left.
|
|t:|1776087112
|move|p2a: Ogerpon|Ivy Cudgel|p1a: Walking Wake|[anim] Ivy Cudgel Water
|-resisted|p1a: Walking Wake
|-damage|p1a: Walking Wake|72/100
|move|p1a: Walking Wake|Dragon Dance|p1a: Walking Wake
|-boost|p1a: Walking Wake|atk|1
|-boost|p1a: Walking Wake|spe|1
|
|upkeep
|turn|13
|
|t:|1776087130
|move|p1a: Walking Wake|Dragon Dance|p1a: Walking Wake
|-boost|p1a: Walking Wake|atk|1
|-boost|p1a: Walking Wake|spe|1
|move|p2a: Ogerpon|Encore|p1a: Walking Wake
|-start|p1a: Walking Wake|Encore
|
|upkeep
|turn|14
|inactive|letsgogetum has 120 seconds left.
|
|t:|1776087157
|switch|p2a: Gholdengo|Gholdengo|100/100
|move|p1a: Walking Wake|Dragon Dance|p1a: Walking Wake
|-boost|p1a: Walking Wake|atk|1
|-boost|p1a: Walking Wake|spe|1
|
|upkeep
|turn|15
|
|t:|1776087169
|move|p1a: Walking Wake|Dragon Dance|p1a: Walking Wake
|-boost|p1a: Walking Wake|atk|1
|-boost|p1a: Walking Wake|spe|1
|move|p2a: Gholdengo|Trick|p1a: Walking Wake
|-activate|p2a: Gholdengo|move: Trick|[of] p1a: Walking Wake
|-item|p1a: Walking Wake|Choice Scarf|[from] move: Trick
|-enditem|p2a: Gholdengo|Choice Scarf|[silent]|[from] move: Trick
|
|upkeep
|turn|16
|inactive|letsgogetum has 120 seconds left.
|n|!horridhenry123|horridhenry123
|-message|horridhenry123 forfeited.
|
|win|letsgogetum
|raw|horridhenry123's rating: 1185 &rarr; <strong>1160</strong><br />(-25 for losing)
|raw|letsgogetum's rating: 1189 &rarr; <strong>1214</strong><br />(+25 for winning)
|l|!horridhenry123
|player|p1|
|l|☆letsgogetum
|player|p2|
