|html|<div class="broadcast-blue"><strong>[Gen 9] OU is currently suspecting Tera Blast! For information on how to participate check out the <a href="https://www.smogon.com/tools/suspects/view/200">suspect thread</a>.</strong></div>
|j|☆Bishopthesaint
|j|☆Xiph2000
|t:|1776108578
|gametype|singles
|player|p1|Bishopthesaint|169|1341
|player|p2|Xiph2000|ariana|1320
|gen|9
|tier|[Gen 9] OU
|rated|
|rule|HP Percentage Mod: HP is shown in percentages
|rule|Endless Battle Clause: Forcing endless battles is banned
|rule|Species Clause: Limit one of each Pokémon
|rule|OHKO Clause: OHKO moves are banned
|rule|Evasion Items Clause: Evasion items are banned
|rule|Evasion Moves Clause: Evasion moves are banned
|rule|Evasion Abilities Clause: Evasion abilities are banned
|rule|Sleep Moves Clause: Sleep-inducing moves are banned
|clearpoke
|poke|p1|Garchomp, M|
|poke|p1|Gholdengo|
|poke|p1|Corviknight, M|
|poke|p1|Iron Valiant|
|poke|p1|Ting-Lu|
|poke|p1|Slowking-Galar, M|
|poke|p2|Toucannon, F|
|poke|p2|Dragonite, F|
|poke|p2|Zamazenta-*|
|poke|p2|Iron Treads|
|poke|p2|Zapdos|
|poke|p2|Primarina, F|
|teampreview
|inactive|Battle timer is ON: inactive players will automatically lose when time's up. (requested by Xiph2000)
|
|t:|1776108585
|teamsize|p1|6
|teamsize|p2|6
|start
|switch|p1a: Gholdengo|Gholdengo|100/100
|switch|p2a: Toucannon|Toucannon, F|100/100
|turn|1
|
|t:|1776108591
|move|p1a: Gholdengo|Make It Rain|p2a: Toucannon
|-damage|p2a: Toucannon|47/100
|-unboost|p1a: Gholdengo|spa|1
|move|p2a: Toucannon|Knock Off|p1a: Gholdengo
|-supereffective|p1a: Gholdengo
|-damage|p1a: Gholdengo|18/100
|-enditem|p1a: Gholdengo|Choice Scarf|[from] move: Knock Off|[of] p2a: Toucannon
|
|upkeep
|turn|2
|c|☆Xiph2000|have fun
|
|t:|1776108599
|move|p1a: Gholdengo|Trick|p2a: Toucannon
|-activate|p1a: Gholdengo|move: Trick|[of] p2a: Toucannon
|-enditem|p2a: Toucannon|Assault Vest|[silent]|[from] move: Trick
|-item|p1a: Gholdengo|Assault Vest|[from] move: Trick
|move|p2a: Toucannon|Rock Blast|p1a: Gholdengo
|-resisted|p1a: Gholdengo
|-damage|p1a: Gholdengo|13/100
|-resisted|p1a: Gholdengo
|-damage|p1a: Gholdengo|7/100
|-resisted|p1a: Gholdengo
|-damage|p1a: Gholdengo|2/100
|-resisted|p1a: Gholdengo
|-damage|p1a: Gholdengo|0 fnt
|faint|p1a: Gholdengo
|-hitcount|p1: Gholdengo|4
|
|upkeep
|
|t:|1776108606
|switch|p1a: Garchomp|Garchomp, M|100/100
|turn|3
|
|t:|1776108610
|-singleturn|p2a: Toucannon|move: Beak Blast
|move|p1a: Garchomp|Swords Dance|p1a: Garchomp
|-boost|p1a: Garchomp|atk|2
|move|p2a: Toucannon|Beak Blast|p1a: Garchomp
|-damage|p1a: Garchomp|46/100
|
|upkeep
|turn|4
|
|t:|1776108617
|switch|p2a: Primarina|Primarina, F|100/100
|move|p1a: Garchomp|Scale Shot|p2a: Primarina
|-immune|p2a: Primarina
|
|upkeep
|turn|5
|
|t:|1776108625
|switch|p2a: Iron Treads|Iron Treads|100/100
|-item|p2a: Iron Treads|Air Balloon
|move|p1a: Garchomp|Earthquake|p2a: Iron Treads
|-immune|p2a: Iron Treads
|
|upkeep
|turn|6
|
|t:|1776108630
|move|p1a: Garchomp|Fire Fang|p2a: Iron Treads
|-supereffective|p2a: Iron Treads
|-damage|p2a: Iron Treads|21/100
|-enditem|p2a: Iron Treads|Air Balloon
|cant|p2a: Iron Treads|flinch
|
|upkeep
|turn|7
|
|t:|1776108640
|move|p1a: Garchomp|Scale Shot|p2a: Iron Treads
|-resisted|p2a: Iron Treads
|-crit|p2a: Iron Treads
|-damage|p2a: Iron Treads|3/100
|-resisted|p2a: Iron Treads
|-damage|p2a: Iron Treads|0 fnt
|faint|p2a: Iron Treads
|-end|p2a: Iron Treads|Quark Drive|[silent]
|-hitcount|p2: Iron Treads|2
|-unboost|p1a: Garchomp|def|1
|-boost|p1a: Garchomp|spe|1
|
|upkeep
|
|t:|1776108645
|switch|p2a: Zamazenta|Zamazenta|100/100
|-ability|p2a: Zamazenta|Dauntless Shield|boost
|-boost|p2a: Zamazenta|def|1
|turn|8
|
|t:|1776108653
|move|p1a: Garchomp|Earthquake|p2a: Zamazenta
|-damage|p2a: Zamazenta|41/100
|move|p2a: Zamazenta|Close Combat|p1a: Garchomp
|-damage|p1a: Garchomp|0 fnt
|-unboost|p2a: Zamazenta|def|1
|-unboost|p2a: Zamazenta|spd|1
|-damage|p2a: Zamazenta|29/100|[from] ability: Rough Skin|[of] p1a: Garchomp
|faint|p1a: Garchomp
|
|upkeep
|
|t:|1776108661
|switch|p1a: Iron Valiant|Iron Valiant|100/100
|-enditem|p1a: Iron Valiant|Booster Energy
|-activate|p1a: Iron Valiant|ability: Quark Drive|[fromitem]
|-start|p1a: Iron Valiant|quarkdrivespe
|turn|9
|
|t:|1776108691
|move|p1a: Iron Valiant|Moonblast|p2a: Zamazenta
|-supereffective|p2a: Zamazenta
|-damage|p2a: Zamazenta|0 fnt
|faint|p2a: Zamazenta
|
|upkeep
|
|t:|1776108696
|switch|p2a: Primarina|Primarina, F|100/100
|turn|10
|
|t:|1776108704
|-end|p1a: Iron Valiant|Quark Drive|[silent]
|switch|p1a: Slowking|Slowking-Galar, M|100/100
|move|p2a: Primarina|Shadow Ball|p1a: Slowking
|-supereffective|p1a: Slowking
|-damage|p1a: Slowking|69/100
|
|upkeep
|turn|11
|
|t:|1776108716
|move|p2a: Primarina|Flip Turn|p1a: Slowking
|-damage|p1a: Slowking|53/100
|
|t:|1776108720
|switch|p2a: Toucannon|Toucannon, F|47/100|[from] Flip Turn
|move|p1a: Slowking|Sludge Bomb|p2a: Toucannon
|-damage|p2a: Toucannon|0 fnt
|faint|p2a: Toucannon
|
|upkeep
|
|t:|1776108726
|switch|p2a: Dragonite|Dragonite, F|100/100
|turn|12
|
|t:|1776108732
|switch|p1a: Ting-Lu|Ting-Lu|100/100
|-ability|p1a: Ting-Lu|Vessel of Ruin
|move|p2a: Dragonite|Dragon Dance|p2a: Dragonite
|-boost|p2a: Dragonite|atk|1
|-boost|p2a: Dragonite|spe|1
|
|upkeep
|turn|13
|
|t:|1776108737
|move|p2a: Dragonite|Dragon Dance|p2a: Dragonite
|-boost|p2a: Dragonite|atk|1
|-boost|p2a: Dragonite|spe|1
|move|p1a: Ting-Lu|Whirlwind|p2a: Dragonite
|drag|p2a: Zapdos|Zapdos|100/100
|
|upkeep
|turn|14
|
|t:|1776108747
|switch|p2a: Primarina|Primarina, F|100/100
|move|p1a: Ting-Lu|Ruination|p2a: Primarina
|-damage|p2a: Primarina|51/100
|
|upkeep
|turn|15
|
|t:|1776108754
|switch|p1a: Slowking|Slowking-Galar, M|86/100
|move|p2a: Primarina|Psychic Noise|p1a: Slowking
|-damage|p1a: Slowking|64/100
|-start|p1a: Slowking|move: Heal Block
|
|upkeep
|turn|16
|
|t:|1776108763
|move|p2a: Primarina|Shadow Ball|p1a: Slowking
|-supereffective|p1a: Slowking
|-damage|p1a: Slowking|32/100
|move|p1a: Slowking|Sludge Bomb|p2a: Primarina
|-supereffective|p2a: Primarina
|-damage|p2a: Primarina|7/100
|
|-end|p1a: Slowking|move: Heal Block
|upkeep
|turn|17
|
|t:|1776108775
|switch|p1a: Iron Valiant|Iron Valiant|100/100
|move|p2a: Primarina|Shadow Ball|p1a: Iron Valiant
|-damage|p1a: Iron Valiant|52/100
|
|upkeep
|turn|18
|
|t:|1776108781
|move|p1a: Iron Valiant|Moonblast|p2a: Primarina
|-damage|p2a: Primarina|0 fnt
|faint|p2a: Primarina
|
|upkeep
|
|t:|1776108788
|switch|p2a: Zapdos|Zapdos|100/100
|turn|19
|
|t:|1776108793
|-end|p1a: Iron Valiant|Quark Drive|[silent]
|switch|p1a: Ting-Lu|Ting-Lu|100/100
|-ability|p1a: Ting-Lu|Vessel of Ruin
|move|p2a: Zapdos|Hurricane|p1a: Ting-Lu
|-damage|p1a: Ting-Lu|46/100
|
|-heal|p1a: Ting-Lu|52/100|[from] item: Leftovers
|upkeep
|turn|20
|
|t:|1776108798
|move|p2a: Zapdos|Hurricane|p1a: Ting-Lu
|-damage|p1a: Ting-Lu|2/100
|move|p1a: Ting-Lu|Ruination|p2a: Zapdos
|-damage|p2a: Zapdos|51/100
|
|-heal|p1a: Ting-Lu|8/100|[from] item: Leftovers
|upkeep
|turn|21
|
|t:|1776108805
|move|p2a: Zapdos|Hurricane|p1a: Ting-Lu|[miss]
|-miss|p2a: Zapdos|p1a: Ting-Lu
|move|p1a: Ting-Lu|Ruination|p2a: Zapdos|[miss]
|-miss|p1a: Ting-Lu|p2a: Zapdos
|
|-heal|p1a: Ting-Lu|14/100|[from] item: Leftovers
|upkeep
|turn|22
|
|t:|1776108811
|move|p2a: Zapdos|Hurricane|p1a: Ting-Lu
|-damage|p1a: Ting-Lu|0 fnt
|faint|p1a: Ting-Lu
|
|upkeep
|
|t:|1776108818
|switch|p1a: Slowking|Slowking-Galar, M|65/100
|turn|23
|
|t:|1776108822
|switch|p1a: Corviknight|Corviknight, M, shiny|100/100
|-ability|p1a: Corviknight|Pressure
|move|p2a: Zapdos|Hurricane|p1a: Corviknight
|-resisted|p1a: Corviknight
|-damage|p1a: Corviknight|60/100
|
|upkeep
|turn|24
|
|t:|1776108828
|move|p2a: Zapdos|Hurricane|p1a: Corviknight
|-resisted|p1a: Corviknight
|-damage|p1a: Corviknight|17/100
|move|p1a: Corviknight|Roost|p1a: Corviknight
|-heal|p1a: Corviknight|67/100
|-singleturn|p1a: Corviknight|move: Roost
|
|upkeep
|turn|25
|
|t:|1776108839
|move|p2a: Zapdos|Hurricane|p1a: Corviknight|[miss]
|-miss|p2a: Zapdos|p1a: Corviknight
|move|p1a: Corviknight|U-turn|p2a: Zapdos
|-resisted|p2a: Zapdos
|-damage|p2a: Zapdos|42/100
|
|t:|1776108847
|switch|p1a: Iron Valiant|Iron Valiant|52/100|[from] U-turn
|
|upkeep
|turn|26
|
|t:|1776108852
|move|p1a: Iron Valiant|Moonblast|p2a: Zapdos
|-crit|p2a: Zapdos
|-damage|p2a: Zapdos|0 fnt
|faint|p2a: Zapdos
|
|upkeep
|l|☆Xiph2000
|inactive|Xiph2000 disconnected and has a minute to reconnect!
|player|p2|
|inactive|Xiph2000 has 30 seconds to reconnect!
|inactive|Xiph2000 has 20 seconds to reconnect!
|inactive|Xiph2000 has 15 seconds to reconnect!
|inactive|Xiph2000 has 10 seconds to reconnect!
|j|☆Xiph2000
|inactive|Xiph2000 reconnected and has 75 seconds left.
|player|p2|Xiph2000|ariana|
|
|t:|1776108934
|switch|p2a: Dragonite|Dragonite, F|100/100
|turn|27
|
|t:|1776108948
|-terastallize|p2a: Dragonite|Fire
|move|p1a: Iron Valiant|Taunt|p2a: Dragonite
|-start|p2a: Dragonite|move: Taunt
|cant|p2a: Dragonite|move: Taunt|Dragon Dance
|
|upkeep
|turn|28
|
|t:|1776108957
|move|p1a: Iron Valiant|Moonblast|p2a: Dragonite
|-resisted|p2a: Dragonite
|-damage|p2a: Dragonite|91/100
|move|p2a: Dragonite|Fire Punch|p1a: Iron Valiant
|-damage|p1a: Iron Valiant|2/100
|
|upkeep
|turn|29
|
|t:|1776108962
|move|p2a: Dragonite|Extreme Speed|p1a: Iron Valiant
|-damage|p1a: Iron Valiant|0 fnt
|faint|p1a: Iron Valiant
|-end|p1a: Iron Valiant|Quark Drive|[silent]
|
|-end|p2a: Dragonite|move: Taunt
|upkeep
|
|t:|1776108968
|switch|p1a: Slowking|Slowking-Galar, M|98/100
|turn|30
|
|t:|1776108974
|move|p2a: Dragonite|Dragon Dance|p2a: Dragonite
|-boost|p2a: Dragonite|atk|1
|-boost|p2a: Dragonite|spe|1
|move|p1a: Slowking|Sludge Bomb|p2a: Dragonite
|-damage|p2a: Dragonite|45/100
|
|upkeep
|turn|31
|
|t:|1776108986
|-terastallize|p1a: Slowking|Grass
|move|p2a: Dragonite|Scale Shot|p1a: Slowking
|-damage|p1a: Slowking|77/100
|-damage|p1a: Slowking|52/100
|-crit|p1a: Slowking
|-damage|p1a: Slowking|16/100
|-damage|p1a: Slowking|0 fnt
|faint|p1a: Slowking
|-hitcount|p1: Slowking|4
|-unboost|p2a: Dragonite|def|1
|-boost|p2a: Dragonite|spe|1
|
|upkeep
|-message|Bishopthesaint forfeited.
|
|win|Xiph2000
|raw|Bishopthesaint's rating: 1341 &rarr; <strong>1320</strong><br />(-21 for losing)
|raw|Xiph2000's rating: 1320 &rarr; <strong>1341</strong><br />(+21 for winning)
|l|☆Bishopthesaint
|player|p1|
|l|☆Xiph2000
|player|p2|
