|html|<div class="broadcast-blue"><strong>[Gen 9] OU is currently suspecting Tera Blast! For information on how to participate check out the <a href="https://www.smogon.com/tools/suspects/view/200">suspect thread</a>.</strong></div>
|j|☆snekuji
|j|☆CuboneAwaken
|t:|1776337381
|gametype|singles
|player|p1|snekuji|red|
|player|p2|CuboneAwaken|shadowtriad|
|gen|9
|tier|[Gen 9] OU
|rated|Tournament battle
|rule|HP Percentage Mod: HP is shown in percentages
|rule|Endless Battle Clause: Forcing endless battles is banned
|rule|Species Clause: Limit one of each Pokémon
|rule|OHKO Clause: OHKO moves are banned
|rule|Evasion Items Clause: Evasion items are banned
|rule|Evasion Moves Clause: Evasion moves are banned
|rule|Evasion Abilities Clause: Evasion abilities are banned
|rule|Sleep Moves Clause: Sleep-inducing moves are banned
|clearpoke
|poke|p1|Hatterene, F|
|poke|p1|Dragonite, F|
|poke|p1|Darkrai|
|poke|p1|Great Tusk|
|poke|p1|Heatran, F|
|poke|p1|Dragapult, F|
|poke|p2|Primarina, M|
|poke|p2|Great Tusk|
|poke|p2|Enamorus, F|
|poke|p2|Slowking-Galar, M|
|poke|p2|Ogerpon, F|
|poke|p2|Kingambit, M|
|teampreview
|inactive|Battle timer is ON: inactive players will automatically lose when time's up. (requested by snekuji)
|c|☆CuboneAwaken|Gl
|c|☆snekuji|hf
|
|t:|1776337404
|teamsize|p1|6
|teamsize|p2|6
|start
|switch|p1a: Dragapult|Dragapult, F|100/100
|switch|p2a: Anonymous|Ogerpon, F|100/100
|turn|1
|
|t:|1776337412
|switch|p2a: Gin|Enamorus, F, shiny|100/100
|move|p1a: Dragapult|U-turn|p2a: Gin
|-resisted|p2a: Gin
|-damage|p2a: Gin|95/100
|
|t:|1776337437
|switch|p1a: Hatterene|Hatterene, F|100/100|[from] U-turn
|
|upkeep
|turn|2
|
|t:|1776337443
|move|p2a: Gin|Moonblast|p1a: Hatterene
|-damage|p1a: Hatterene|65/100
|move|p1a: Hatterene|Psyshock|p2a: Gin
|-damage|p2a: Gin|20/100
|
|upkeep
|turn|3
|
|t:|1776337460
|switch|p2a: Mantra|Slowking-Galar, M, shiny|100/100
|move|p1a: Hatterene|Psyshock|p2a: Mantra
|-damage|p2a: Mantra|71/100
|
|upkeep
|turn|4
|
|t:|1776337474
|switch|p2a: Behemoth|Great Tusk, shiny|100/100
|move|p1a: Hatterene|Psyshock|p2a: Behemoth
|-supereffective|p2a: Behemoth
|-damage|p2a: Behemoth|39/100
|
|upkeep
|turn|5
|
|t:|1776337494
|switch|p1a: Dragonite|Dragonite, F|100/100
|move|p2a: Behemoth|Rapid Spin|p1a: Dragonite
|-damage|p1a: Dragonite|91/100
|-boost|p2a: Behemoth|spe|1
|
|upkeep
|turn|6
|
|t:|1776337510
|-terastallize|p1a: Dragonite|Normal
|move|p1a: Dragonite|Extreme Speed|p2a: Behemoth
|-damage|p2a: Behemoth|0 fnt
|-damage|p1a: Dragonite|75/100|[from] item: Rocky Helmet|[of] p2a: Behemoth
|faint|p2a: Behemoth
|-end|p2a: Behemoth|Protosynthesis|[silent]
|
|upkeep
|inactive|CuboneAwaken has 120 seconds left.
|
|t:|1776337526
|switch|p2a: Anonymous|Ogerpon, F|100/100
|turn|7
|
|t:|1776337534
|switch|p1a: Heatran|Heatran, F|100/100
|move|p2a: Anonymous|U-turn|p1a: Heatran
|-resisted|p1a: Heatran
|-damage|p1a: Heatran|93/100
|
|t:|1776337540
|switch|p2a: Gin|Enamorus, F, shiny|20/100|[from] U-turn
|
|-heal|p1a: Heatran|99/100|[from] item: Leftovers
|upkeep
|turn|8
|
|t:|1776337566
|move|p2a: Gin|Earth Power|p1a: Heatran
|-supereffective|p1a: Heatran
|-damage|p1a: Heatran|9/100
|move|p1a: Heatran|Stealth Rock|p2a: Gin
|-sidestart|p2: CuboneAwaken|move: Stealth Rock
|
|-heal|p1a: Heatran|16/100|[from] item: Leftovers
|upkeep
|turn|9
|
|t:|1776337576
|move|p2a: Gin|Earth Power|p1a: Heatran
|-supereffective|p1a: Heatran
|-damage|p1a: Heatran|0 fnt
|faint|p1a: Heatran
|
|upkeep
|
|t:|1776337590
|switch|p1a: Dragapult|Dragapult, F|100/100
|turn|10
|
|t:|1776337605
|move|p2a: Gin|Earth Power|p1a: Dragapult
|-damage|p1a: Dragapult|49/100
|move|p1a: Dragapult|Shadow Ball|p2a: Gin
|-damage|p2a: Gin|0 fnt
|faint|p2a: Gin
|
|upkeep
|
|t:|1776337614
|switch|p2a: Celestine|Primarina, M, shiny|100/100
|-damage|p2a: Celestine|88/100|[from] Stealth Rock
|turn|11
|
|t:|1776337627
|move|p1a: Dragapult|Shadow Ball|p2a: Celestine
|-crit|p2a: Celestine
|-damage|p2a: Celestine|7/100
|move|p2a: Celestine|Substitute|p2a: Celestine
|-fail|p2a: Celestine|move: Substitute|[weak]
|
|-heal|p2a: Celestine|13/100|[from] item: Leftovers
|upkeep
|turn|12
|c|☆CuboneAwaken|Lol
|c|☆snekuji|sry
|c|☆CuboneAwaken|Ok
|-message|CuboneAwaken forfeited.
|
|win|snekuji
|n|☆snekuji|snekuji
|n|☆CuboneAwaken|cuboneawaken
|c|☆CuboneAwaken|Ça me saoule j aime pas ce tier deso
|c|☆CuboneAwaken|Gg
|l|☆CuboneAwaken
|player|p2|
|c|☆snekuji|gg
|l|☆snekuji
|player|p1|
|j| Aphynobiprime
|l| Aphynobiprime
|j| Giga㋛Chandelure-☂
