|html|<div class="broadcast-blue"><strong>[Gen 9] OU is currently suspecting Tera Blast! For information on how to participate check out the <a href="https://www.smogon.com/tools/suspects/view/200">suspect thread</a>.</strong></div>
|j|☆tagadatchointchoin
|j|☆Fzzy1
|t:|1776077152
|gametype|singles
|player|p1|tagadatchointchoin|170|1183
|player|p2|Fzzy1|pokemaniac|1165
|gen|9
|tier|[Gen 9] OU
|rated|
|rule|HP Percentage Mod: HP is shown in percentages
|rule|Endless Battle Clause: Forcing endless battles is banned
|rule|Species Clause: Limit one of each Pokémon
|rule|OHKO Clause: OHKO moves are banned
|rule|Evasion Items Clause: Evasion items are banned
|rule|Evasion Moves Clause: Evasion moves are banned
|rule|Evasion Abilities Clause: Evasion abilities are banned
|rule|Sleep Moves Clause: Sleep-inducing moves are banned
|clearpoke
|poke|p1|Sceptile, M|
|poke|p1|Weezing-Galar, M|
|poke|p1|Hawlucha, M|
|poke|p1|Gholdengo|
|poke|p1|Heatran, M|
|poke|p1|Greninja-*, M|
|poke|p2|Crawdaunt, M|
|poke|p2|Slowking-Galar, M|
|poke|p2|Ursaluna, M|
|poke|p2|Hydrapple, M|
|poke|p2|Corviknight, M|
|poke|p2|Cinderace, M|
|teampreview
|inactive|Battle timer is ON: inactive players will automatically lose when time's up. (requested by tagadatchointchoin)
|
|t:|1776077182
|teamsize|p1|6
|teamsize|p2|6
|start
|switch|p1a: Weezing|Weezing-Galar, M|100/100
|switch|p2a: Slowking|Slowking-Galar, M, shiny|100/100
|-fieldstart|move: Misty Terrain|[from] ability: Misty Surge|[of] p1a: Weezing
|turn|1
|
|t:|1776077205
|move|p1a: Weezing|Taunt|p2a: Slowking
|-start|p2a: Slowking|move: Taunt
|cant|p2a: Slowking|move: Taunt|Trick Room
|
|upkeep
|turn|2
|
|t:|1776077219
|switch|p1a: Hawlucha|Hawlucha, M|100/100
|-enditem|p1a: Hawlucha|Misty Seed
|-boost|p1a: Hawlucha|spd|1|[from] item: Misty Seed
|switch|p2a: Ursaluna|Ursaluna, M|100/100
|
|upkeep
|turn|3
|
|t:|1776077228
|switch|p2a: Corviknight|Corviknight, M|100/100
|move|p1a: Hawlucha|Swords Dance|p1a: Hawlucha
|-boost|p1a: Hawlucha|atk|2
|
|upkeep
|turn|4
|
|t:|1776077235
|move|p1a: Hawlucha|Swords Dance|p1a: Hawlucha
|-boost|p1a: Hawlucha|atk|2
|move|p2a: Corviknight|Body Press|p1a: Hawlucha
|-resisted|p1a: Hawlucha
|-damage|p1a: Hawlucha|83/100
|
|upkeep
|turn|5
|
|t:|1776077241
|move|p1a: Hawlucha|Swords Dance|p1a: Hawlucha
|-boost|p1a: Hawlucha|atk|2
|move|p2a: Corviknight|Body Press|p1a: Hawlucha
|-resisted|p1a: Hawlucha
|-damage|p1a: Hawlucha|65/100
|
|upkeep
|turn|6
|
|t:|1776077249
|move|p1a: Hawlucha|Close Combat|p2a: Corviknight
|-damage|p2a: Corviknight|0 fnt
|-unboost|p1a: Hawlucha|def|1
|-unboost|p1a: Hawlucha|spd|1
|-damage|p1a: Hawlucha|49/100|[from] item: Rocky Helmet|[of] p2a: Corviknight
|faint|p2a: Corviknight
|
|upkeep
|
|t:|1776077253
|switch|p2a: Ursaluna|Ursaluna, M|100/100
|turn|7
|
|t:|1776077259
|-terastallize|p2a: Ursaluna|Ghost
|move|p1a: Hawlucha|Close Combat|p2a: Ursaluna
|-immune|p2a: Ursaluna
|move|p2a: Ursaluna|Facade|p1a: Hawlucha
|-damage|p1a: Hawlucha|0 fnt
|faint|p1a: Hawlucha
|
|upkeep
|
|t:|1776077273
|switch|p1a: Gholdengo|Gholdengo|100/100
|turn|8
|
|t:|1776077278
|switch|p2a: Hydrapple|Hydrapple, M|100/100
|move|p1a: Gholdengo|Trick|p2a: Hydrapple
|-activate|p1a: Gholdengo|move: Trick|[of] p2a: Hydrapple
|-item|p2a: Hydrapple|Choice Specs|[from] move: Trick
|-item|p1a: Gholdengo|Assault Vest|[from] move: Trick
|
|-fieldend|Misty Terrain
|upkeep
|turn|9
|
|t:|1776077298
|switch|p1a: Weezing|Weezing-Galar, M|100/100
|-fieldstart|move: Misty Terrain|[from] ability: Misty Surge|[of] p1a: Weezing
|move|p2a: Hydrapple|Earth Power|p1a: Weezing
|-supereffective|p1a: Weezing
|-damage|p1a: Weezing|0 fnt
|faint|p1a: Weezing
|
|upkeep
|
|t:|1776077308
|switch|p1a: Greninja|Greninja, M|100/100
|turn|10
|
|t:|1776077325
|switch|p2a: Cinderace|Cinderace, M, shiny|100/100
|move|p1a: Greninja|Ice Beam|p2a: Cinderace
|-start|p1a: Greninja|typechange|Ice|[from] ability: Protean
|-resisted|p2a: Cinderace
|-damage|p2a: Cinderace|57/100
|
|upkeep
|turn|11
|
|t:|1776077334
|switch|p1a: Heatran|Heatran, M|100/100
|-item|p1a: Heatran|Air Balloon
|move|p2a: Cinderace|Pyro Ball|p1a: Heatran
|-start|p1a: Heatran|ability: Flash Fire
|
|upkeep
|turn|12
|
|t:|1776077345
|move|p2a: Cinderace|U-turn|p1a: Heatran
|-start|p2a: Cinderace|typechange|Bug|[from] ability: Libero
|-resisted|p1a: Heatran
|-damage|p1a: Heatran|93/100
|-enditem|p1a: Heatran|Air Balloon
|
|t:|1776077350
|switch|p2a: Slowking|Slowking-Galar, M, shiny|100/100|[from] U-turn
|move|p1a: Heatran|Earth Power|p2a: Slowking
|-supereffective|p2a: Slowking
|-damage|p2a: Slowking|72/100
|
|-heal|p2a: Slowking|78/100|[from] item: Black Sludge
|upkeep
|turn|13
|
|t:|1776077369
|-end|p1a: Heatran|ability: Flash Fire|[silent]
|switch|p1a: Gholdengo|Gholdengo|100/100
|move|p2a: Slowking|Trick Room|p2a: Slowking
|-fieldstart|move: Trick Room|[of] p2a: Slowking
|
|-heal|p2a: Slowking|84/100|[from] item: Black Sludge
|upkeep
|turn|14
|
|t:|1776077376
|-prepare|p2a: Slowking|Chilly Reception|[premajor]
|move|p2a: Slowking|Chilly Reception|p2a: Slowking
|-weather|Snowscape
|
|t:|1776077380
|switch|p2a: Hydrapple|Hydrapple, M|100/100|[from] Chilly Reception
|move|p1a: Gholdengo|Shadow Ball|p2a: Hydrapple
|-damage|p2a: Hydrapple|62/100
|
|-weather|Snowscape|[upkeep]
|upkeep
|turn|15
|
|t:|1776077389
|switch|p1a: Greninja|Greninja, M|100/100
|move|p2a: Hydrapple|Earth Power|p1a: Greninja
|-damage|p1a: Greninja|26/100
|
|-weather|Snowscape|[upkeep]
|upkeep
|turn|16
|
|t:|1776077407
|move|p2a: Hydrapple|Earth Power|p1a: Greninja
|-crit|p1a: Greninja
|-damage|p1a: Greninja|0 fnt
|faint|p1a: Greninja
|
|-weather|Snowscape|[upkeep]
|-fieldend|Misty Terrain
|upkeep
|inactive|tagadatchointchoin has 120 seconds left.
|
|t:|1776077429
|switch|p1a: Heatran|Heatran, M|93/100
|turn|17
|inactive|tagadatchointchoin has 120 seconds left.
|
|t:|1776077441
|-terastallize|p1a: Heatran|Ghost
|move|p2a: Hydrapple|Earth Power|p1a: Heatran
|-damage|p1a: Heatran|63/100
|move|p1a: Heatran|Magma Storm|p2a: Hydrapple
|-damage|p2a: Hydrapple|24/100
|-activate|p2a: Hydrapple|move: Magma Storm|[of] p1a: Heatran
|
|-weather|Snowscape|[upkeep]
|-damage|p2a: Hydrapple|12/100|[from] move: Magma Storm|[partiallytrapped]
|-fieldend|move: Trick Room
|upkeep
|turn|18
|inactive|tagadatchointchoin has 120 seconds left.
|
|t:|1776077454
|move|p1a: Heatran|Stealth Rock|p2a: Hydrapple
|-sidestart|p2: Fzzy1|move: Stealth Rock
|move|p2a: Hydrapple|Earth Power|p1a: Heatran
|-damage|p1a: Heatran|31/100
|
|-weather|none
|-damage|p2a: Hydrapple|0 fnt|[from] move: Magma Storm|[partiallytrapped]
|faint|p2a: Hydrapple
|upkeep
|
|t:|1776077468
|switch|p2a: Slowking|Slowking-Galar, M, shiny|100/100
|-damage|p2a: Slowking|88/100|[from] Stealth Rock
|turn|19
|
|t:|1776077476
|move|p1a: Heatran|Earth Power|p2a: Slowking
|-supereffective|p2a: Slowking
|-damage|p2a: Slowking|58/100
|move|p2a: Slowking|Trick Room|p2a: Slowking
|-fieldstart|move: Trick Room|[of] p2a: Slowking
|
|-heal|p2a: Slowking|64/100|[from] item: Black Sludge
|upkeep
|turn|20
|
|t:|1776077488
|switch|p1a: Gholdengo|Gholdengo|100/100
|-prepare|p2a: Slowking|Chilly Reception|[premajor]
|move|p2a: Slowking|Chilly Reception|p2a: Slowking
|-weather|Snowscape
|
|t:|1776077490
|switch|p2a: Crawdaunt|Crawdaunt, M|100/100|[from] Chilly Reception
|-damage|p2a: Crawdaunt|88/100|[from] Stealth Rock
|
|-weather|Snowscape|[upkeep]
|upkeep
|turn|21
|
|t:|1776077499
|move|p2a: Crawdaunt|Knock Off|p1a: Gholdengo
|-supereffective|p1a: Gholdengo
|-damage|p1a: Gholdengo|0 fnt
|-enditem|p1a: Gholdengo|Assault Vest|[from] move: Knock Off|[of] p2a: Crawdaunt
|faint|p1a: Gholdengo
|-damage|p2a: Crawdaunt|78/100|[from] item: Life Orb
|
|-weather|Snowscape|[upkeep]
|upkeep
|
|t:|1776077507
|switch|p1a: Sceptile|Sceptile, M|100/100
|turn|22
|
|t:|1776077511
|move|p2a: Crawdaunt|Knock Off|p1a: Sceptile
|-damage|p1a: Sceptile|0 fnt
|-enditem|p1a: Sceptile|Misty Seed|[from] move: Knock Off|[of] p2a: Crawdaunt
|faint|p1a: Sceptile
|-damage|p2a: Crawdaunt|68/100|[from] item: Life Orb
|
|-weather|Snowscape|[upkeep]
|upkeep
|-message|tagadatchointchoin forfeited.
|
|win|Fzzy1
|raw|tagadatchointchoin's rating: 1183 &rarr; <strong>1157</strong><br />(-26 for losing)
|raw|Fzzy1's rating: 1165 &rarr; <strong>1191</strong><br />(+26 for winning)
|l|☆tagadatchointchoin
|player|p1|
|l|☆Fzzy1
|player|p2|
