|html|<div class="broadcast-blue"><strong>[Gen 9] OU is currently suspecting Tera Blast! For information on how to participate check out the <a href="https://www.smogon.com/tools/suspects/view/200">suspect thread</a>.</strong></div>
|j|☆Underquill
|j|☆vanllesco
|t:|1776035035
|gametype|singles
|player|p1|Underquill|102|1392
|player|p2|vanllesco|hilbert|1324
|gen|9
|tier|[Gen 9] OU
|rated|
|rule|HP Percentage Mod: HP is shown in percentages
|rule|Endless Battle Clause: Forcing endless battles is banned
|rule|Species Clause: Limit one of each Pokémon
|rule|OHKO Clause: OHKO moves are banned
|rule|Evasion Items Clause: Evasion items are banned
|rule|Evasion Moves Clause: Evasion moves are banned
|rule|Evasion Abilities Clause: Evasion abilities are banned
|rule|Sleep Moves Clause: Sleep-inducing moves are banned
|clearpoke
|poke|p1|Lapras, M|
|poke|p1|Dragapult, M|
|poke|p1|Glimmora, M|
|poke|p1|Moltres|
|poke|p1|Scizor, F|
|poke|p1|Great Tusk|
|poke|p2|Samurott-Hisui, M|
|poke|p2|Corviknight, M|
|poke|p2|Hatterene, F|
|poke|p2|Umbreon, F|
|poke|p2|Toxtricity-Low-Key, M|
|poke|p2|Garchomp, M|
|teampreview
|inactive|Battle timer is ON: inactive players will automatically lose when time's up. (requested by Underquill)
|
|t:|1776035040
|teamsize|p1|6
|teamsize|p2|6
|start
|switch|p1a: Glimmora|Glimmora, M|100/100
|switch|p2a: Zachill|Garchomp, M|100/100
|turn|1
|
|t:|1776035043
|move|p2a: Zachill|Earthquake|p1a: Glimmora
|-supereffective|p1a: Glimmora
|-enditem|p1a: Glimmora|Focus Sash
|-damage|p1a: Glimmora|1/100
|-activate|p1a: Glimmora|ability: Toxic Debris
|-sidestart|p2: vanllesco|move: Toxic Spikes
|move|p1a: Glimmora|Stealth Rock|p2a: Zachill
|-sidestart|p2: vanllesco|move: Stealth Rock
|
|upkeep
|turn|2
|
|t:|1776035050
|move|p2a: Zachill|Iron Head|p1a: Glimmora
|-supereffective|p1a: Glimmora
|-damage|p1a: Glimmora|0 fnt
|-activate|p1a: Glimmora|ability: Toxic Debris
|-sidestart|p2: vanllesco|move: Toxic Spikes
|faint|p1a: Glimmora
|
|upkeep
|
|t:|1776035053
|switch|p1a: Moltres|Moltres|100/100
|turn|3
|
|t:|1776035057
|switch|p2a: My name is mud|Toxtricity-Low-Key, M|100/100
|-sideend|p2: vanllesco|move: Toxic Spikes|[of] p2a: My name is mud
|-damage|p2a: My name is mud|88/100|[from] Stealth Rock
|move|p1a: Moltres|Will-O-Wisp|p2a: My name is mud
|-status|p2a: My name is mud|brn
|
|-damage|p2a: My name is mud|82/100 brn|[from] brn
|upkeep
|turn|4
|
|t:|1776035064
|switch|p1a: Great Tusk|Great Tusk|100/100
|-enditem|p1a: Great Tusk|Booster Energy
|-activate|p1a: Great Tusk|ability: Protosynthesis|[fromitem]
|-start|p1a: Great Tusk|protosynthesisatk
|move|p2a: My name is mud|Psychic Noise|p1a: Great Tusk
|-supereffective|p1a: Great Tusk
|-damage|p1a: Great Tusk|25/100
|-start|p1a: Great Tusk|move: Heal Block
|
|-damage|p2a: My name is mud|76/100 brn|[from] brn
|upkeep
|turn|5
|
|t:|1776035072
|move|p2a: My name is mud|Psychic Noise|p1a: Great Tusk
|-supereffective|p1a: Great Tusk
|-damage|p1a: Great Tusk|0 fnt
|faint|p1a: Great Tusk
|-end|p1a: Great Tusk|Protosynthesis|[silent]
|
|-damage|p2a: My name is mud|70/100 brn|[from] brn
|upkeep
|
|t:|1776035082
|switch|p1a: Dragapult|Dragapult, M|100/100
|turn|6
|
|t:|1776035092
|switch|p2a: Morin|Umbreon, F, shiny|100/100
|-damage|p2a: Morin|88/100|[from] Stealth Rock
|move|p1a: Dragapult|Dragon Darts|p2a: Morin
|-damage|p2a: Morin|68/100
|-anim|p1a: Dragapult|Dragon Darts|p2a: Morin
|-damage|p2a: Morin|50/100
|
|-heal|p2a: Morin|56/100|[from] item: Leftovers
|upkeep
|turn|7
|
|t:|1776035097
|move|p2a: Morin|Protect|p2a: Morin
|-singleturn|p2a: Morin|Protect
|move|p1a: Dragapult|Substitute|p1a: Dragapult
|-start|p1a: Dragapult|Substitute
|-damage|p1a: Dragapult|76/100
|
|-heal|p1a: Dragapult|82/100|[from] item: Leftovers
|-heal|p2a: Morin|62/100|[from] item: Leftovers
|upkeep
|turn|8
|
|t:|1776035102
|move|p1a: Dragapult|Dragon Dance|p1a: Dragapult
|-boost|p1a: Dragapult|atk|1
|-boost|p1a: Dragapult|spe|1
|move|p2a: Morin|Foul Play|p1a: Dragapult
|-supereffective|p1a: Dragapult
|-end|p1a: Dragapult|Substitute
|
|-heal|p1a: Dragapult|88/100|[from] item: Leftovers
|-heal|p2a: Morin|68/100|[from] item: Leftovers
|upkeep
|turn|9
|
|t:|1776035106
|move|p1a: Dragapult|Substitute|p1a: Dragapult
|-start|p1a: Dragapult|Substitute
|-damage|p1a: Dragapult|63/100
|move|p2a: Morin|Foul Play|p1a: Dragapult
|-supereffective|p1a: Dragapult
|-end|p1a: Dragapult|Substitute
|
|-heal|p1a: Dragapult|69/100|[from] item: Leftovers
|-heal|p2a: Morin|74/100|[from] item: Leftovers
|upkeep
|turn|10
|
|t:|1776035112
|switch|p1a: Scizor|Scizor, F|100/100
|move|p2a: Morin|Foul Play|p1a: Scizor
|-damage|p1a: Scizor|51/100
|
|-heal|p2a: Morin|80/100|[from] item: Leftovers
|upkeep
|turn|11
|
|t:|1776035116
|switch|p2a: BIRD|Corviknight, M|100/100
|-damage|p2a: BIRD|88/100|[from] Stealth Rock
|move|p1a: Scizor|U-turn|p2a: BIRD
|-resisted|p2a: BIRD
|-damage|p2a: BIRD|78/100
|-damage|p1a: Scizor|34/100|[from] item: Rocky Helmet|[of] p2a: BIRD
|
|t:|1776035119
|switch|p1a: Moltres|Moltres|100/100|[from] U-turn
|
|upkeep
|turn|12
|
|t:|1776035136
|switch|p2a: Morin|Umbreon, F, shiny|80/100
|-damage|p2a: Morin|68/100|[from] Stealth Rock
|move|p1a: Moltres|Flamethrower|p2a: Morin
|-damage|p2a: Morin|43/100
|
|-heal|p2a: Morin|49/100|[from] item: Leftovers
|upkeep
|turn|13
|
|t:|1776035142
|move|p1a: Moltres|Flamethrower|p2a: Morin
|-damage|p2a: Morin|24/100
|move|p2a: Morin|Wish|p2a: Morin
|
|-heal|p2a: Morin|30/100|[from] item: Leftovers
|upkeep
|turn|14
|
|t:|1776035150
|switch|p1a: Scizor|Scizor, F|34/100
|move|p2a: Morin|Protect||[still]
|-fail|p2a: Morin
|
|-heal|p2a: Morin|80/100|[from] move: Wish|[wisher] Morin
|-heal|p2a: Morin|86/100|[from] item: Leftovers
|upkeep
|turn|15
|
|t:|1776035153
|switch|p2a: BIRD|Corviknight, M|78/100
|-damage|p2a: BIRD|66/100|[from] Stealth Rock
|move|p1a: Scizor|Close Combat|p2a: BIRD
|-damage|p2a: BIRD|25/100
|-unboost|p1a: Scizor|def|1
|-unboost|p1a: Scizor|spd|1
|-damage|p1a: Scizor|17/100|[from] item: Rocky Helmet|[of] p2a: BIRD
|
|upkeep
|turn|16
|
|t:|1776035159
|move|p1a: Scizor|Close Combat|p2a: BIRD
|-damage|p2a: BIRD|0 fnt
|-unboost|p1a: Scizor|def|1
|-unboost|p1a: Scizor|spd|1
|-damage|p1a: Scizor|1/100|[from] item: Rocky Helmet|[of] p2a: BIRD
|faint|p2a: BIRD
|
|upkeep
|
|t:|1776035165
|switch|p2a: Zachill|Garchomp, M|100/100
|-damage|p2a: Zachill|94/100|[from] Stealth Rock
|turn|17
|
|t:|1776035170
|switch|p1a: Moltres|Moltres|100/100
|move|p2a: Zachill|Swords Dance|p2a: Zachill
|-boost|p2a: Zachill|atk|2
|
|upkeep
|turn|18
|
|t:|1776035173
|move|p2a: Zachill|Scale Shot|p1a: Moltres
|-damage|p1a: Moltres|72/100
|-damage|p1a: Moltres|47/100
|-damage|p1a: Moltres|20/100
|-damage|p1a: Moltres|0 fnt
|faint|p1a: Moltres
|-hitcount|p1: Moltres|4
|-unboost|p2a: Zachill|def|1
|-boost|p2a: Zachill|spe|1
|
|upkeep
|
|t:|1776035178
|switch|p1a: Scizor|Scizor, F|1/100
|turn|19
|
|t:|1776035196
|-terastallize|p1a: Scizor|Steel
|move|p1a: Scizor|Bullet Punch|p2a: Zachill
|-damage|p2a: Zachill|0 fnt
|-damage|p1a: Scizor|0 fnt|[from] ability: Rough Skin|[of] p2a: Zachill
|faint|p2a: Zachill
|faint|p1a: Scizor
|
|upkeep
|
|t:|1776035207
|switch|p2a: MC Ride|Samurott-Hisui, M|100/100
|switch|p1a: Lapras|Lapras, M|100/100
|-damage|p2a: MC Ride|88/100|[from] Stealth Rock
|turn|20
|
|t:|1776035215
|move|p2a: MC Ride|Sacred Sword|p1a: Lapras
|-supereffective|p1a: Lapras
|-damage|p1a: Lapras|33/100
|move|p1a: Lapras|Thunderbolt|p2a: MC Ride
|-supereffective|p2a: MC Ride
|-damage|p2a: MC Ride|8/100
|
|-heal|p2a: MC Ride|14/100|[from] item: Leftovers
|-heal|p1a: Lapras|39/100|[from] item: Leftovers
|upkeep
|turn|21
|
|t:|1776035229
|switch|p2a: Doe Deer|Hatterene, F|100/100
|-damage|p2a: Doe Deer|88/100|[from] Stealth Rock
|move|p1a: Lapras|Substitute|p1a: Lapras
|-start|p1a: Lapras|Substitute
|-damage|p1a: Lapras|14/100
|
|-heal|p1a: Lapras|21/100|[from] item: Leftovers
|upkeep
|turn|22
|
|t:|1776035233
|move|p1a: Lapras|Hydro Pump|p2a: Doe Deer
|-damage|p2a: Doe Deer|41/100
|move|p2a: Doe Deer|Giga Drain|p1a: Lapras
|-supereffective|p1a: Lapras
|-end|p1a: Lapras|Substitute
|-heal|p2a: Doe Deer|56/100|[from] drain|[of] p1a: Lapras
|
|-heal|p1a: Lapras|27/100|[from] item: Leftovers
|upkeep
|turn|23
|
|t:|1776035240
|move|p1a: Lapras|Hydro Pump|p2a: Doe Deer
|-damage|p2a: Doe Deer|12/100
|move|p2a: Doe Deer|Giga Drain|p1a: Lapras
|-supereffective|p1a: Lapras
|-damage|p1a: Lapras|0 fnt
|-heal|p2a: Doe Deer|29/100|[from] drain|[of] p1a: Lapras
|faint|p1a: Lapras
|
|upkeep
|
|t:|1776035244
|switch|p1a: Dragapult|Dragapult, M|69/100
|turn|24
|
|t:|1776035247
|move|p1a: Dragapult|Phantom Force||[still]
|-prepare|p1a: Dragapult|Phantom Force
|move|p2a: Doe Deer|Draining Kiss|p1a: Dragapult|[miss]
|-miss|p2a: Doe Deer|p1a: Dragapult
|
|-heal|p1a: Dragapult|75/100|[from] item: Leftovers
|upkeep
|turn|25
|
|t:|1776035251
|move|p1a: Dragapult|Phantom Force|p2a: Doe Deer|[from] lockedmove
|-supereffective|p2a: Doe Deer
|-damage|p2a: Doe Deer|0 fnt
|faint|p2a: Doe Deer
|
|-heal|p1a: Dragapult|81/100|[from] item: Leftovers
|upkeep
|
|t:|1776035253
|switch|p2a: Morin|Umbreon, F, shiny|86/100
|-damage|p2a: Morin|73/100|[from] Stealth Rock
|turn|26
|
|t:|1776035260
|move|p1a: Dragapult|Dragon Darts|p2a: Morin
|-damage|p2a: Morin|56/100
|-anim|p1a: Dragapult|Dragon Darts|p2a: Morin
|-damage|p2a: Morin|39/100
|move|p2a: Morin|Foul Play|p1a: Dragapult
|-supereffective|p1a: Dragapult
|-damage|p1a: Dragapult|0 fnt
|faint|p1a: Dragapult
|
|win|vanllesco
|raw|Underquill's rating: 1392 &rarr; <strong>1368</strong><br />(-24 for losing)
|raw|vanllesco's rating: 1324 &rarr; <strong>1348</strong><br />(+24 for winning)
|l|☆Underquill
|player|p1|
