|html|<div class="broadcast-blue"><strong>[Gen 9] OU is currently suspecting Tera Blast! For information on how to participate check out the <a href="https://www.smogon.com/tools/suspects/view/200">suspect thread</a>.</strong></div>
|j|☆andyn00
|j|☆slinou
|t:|1776241854
|gametype|singles
|player|p1|andyn00|ash-kalos|1323
|player|p2|slinou|candice|1317
|gen|9
|tier|[Gen 9] OU
|rated|
|rule|HP Percentage Mod: HP is shown in percentages
|rule|Endless Battle Clause: Forcing endless battles is banned
|rule|Species Clause: Limit one of each Pokémon
|rule|OHKO Clause: OHKO moves are banned
|rule|Evasion Items Clause: Evasion items are banned
|rule|Evasion Moves Clause: Evasion moves are banned
|rule|Evasion Abilities Clause: Evasion abilities are banned
|rule|Sleep Moves Clause: Sleep-inducing moves are banned
|clearpoke
|poke|p1|Cetitan, F|
|poke|p1|Iron Treads|
|poke|p1|Corviknight, F|
|poke|p1|Heatran, F|
|poke|p1|Iron Crown|
|poke|p1|Raging Bolt|
|poke|p2|Ninetales-Alola, F|
|poke|p2|Landorus-Therian, M|
|poke|p2|Great Tusk|
|poke|p2|Frosmoth, M|
|poke|p2|Garganacl, F|
|poke|p2|Rillaboom, F|
|teampreview
|inactive|Battle timer is ON: inactive players will automatically lose when time's up. (requested by andyn00)
|
|t:|1776241891
|teamsize|p1|6
|teamsize|p2|6
|start
|switch|p1a: Heatran|Heatran, F|100/100
|switch|p2a: Garganacl|Garganacl, F|100/100
|turn|1
|
|t:|1776241898
|move|p1a: Heatran|Flash Cannon|p2a: Garganacl
|-supereffective|p2a: Garganacl
|-damage|p2a: Garganacl|37/100
|move|p2a: Garganacl|Salt Cure|p1a: Heatran
|-damage|p1a: Heatran|89/100
|-start|p1a: Heatran|Salt Cure
|
|-heal|p2a: Garganacl|43/100|[from] item: Leftovers
|-damage|p1a: Heatran|64/100|[from] Salt Cure
|upkeep
|turn|2
|
|t:|1776241912
|switch|p1a: Sukuna|Cetitan, F|100/100
|switch|p2a: Landorus|Landorus-Therian, M|100/100
|-ability|p2a: Landorus|Intimidate|boost
|-unboost|p1a: Sukuna|atk|1
|
|upkeep
|turn|3
|
|t:|1776241918
|switch|p2a: Ninetales|Ninetales-Alola, F|100/100
|-weather|Snowscape|[from] ability: Snow Warning|[of] p2a: Ninetales
|move|p1a: Sukuna|Belly Drum|p1a: Sukuna
|-damage|p1a: Sukuna|50/100
|-setboost|p1a: Sukuna|atk|6|[from] move: Belly Drum
|-enditem|p1a: Sukuna|Sitrus Berry|[eat]
|-heal|p1a: Sukuna|75/100|[from] item: Sitrus Berry
|
|-weather|Snowscape|[upkeep]
|upkeep
|turn|4
|
|t:|1776241926
|move|p2a: Ninetales|Aurora Veil|p2a: Ninetales
|-sidestart|p2: slinou|move: Aurora Veil
|move|p1a: Sukuna|Earthquake|p2a: Ninetales
|-damage|p2a: Ninetales|40/100
|
|-weather|Snowscape|[upkeep]
|upkeep
|turn|5
|
|t:|1776241934
|switch|p1a: Corviknight|Corviknight, F|100/100
|-ability|p1a: Corviknight|Pressure
|move|p2a: Ninetales|Moonblast|p1a: Corviknight
|-resisted|p1a: Corviknight
|-damage|p1a: Corviknight|86/100
|-unboost|p1a: Corviknight|spa|1
|
|-weather|Snowscape|[upkeep]
|upkeep
|turn|6
|
|t:|1776241940
|switch|p2a: Garganacl|Garganacl, F|43/100
|move|p1a: Corviknight|Defog|p2a: Garganacl
|-unboost|p2a: Garganacl|evasion|1
|-sideend|p2: slinou|move: Aurora Veil
|
|-weather|Snowscape|[upkeep]
|-heal|p2a: Garganacl|49/100|[from] item: Leftovers
|upkeep
|turn|7
|
|t:|1776241945
|move|p1a: Corviknight|U-turn|p2a: Garganacl
|-damage|p2a: Garganacl|39/100
|
|t:|1776241949
|switch|p1a: Iron Crown|Iron Crown|100/100|[from] U-turn
|move|p2a: Garganacl|Recover|p2a: Garganacl
|-heal|p2a: Garganacl|89/100
|
|-weather|none
|-heal|p2a: Garganacl|96/100|[from] item: Leftovers
|upkeep
|turn|8
|l|☆slinou
|inactive|slinou disconnected and has a minute to reconnect!
|player|p2|
|inactive|slinou has 30 seconds to reconnect!
|inactive|slinou has 20 seconds to reconnect!
|inactive|slinou has 15 seconds to reconnect!
|j|☆slinou
|inactive|slinou reconnected and has 90 seconds left.
|player|p2|slinou|candice|
|
|t:|1776242013
|switch|p2a: Landorus|Landorus-Therian, M|100/100
|-ability|p2a: Landorus|Intimidate|boost
|-unboost|p1a: Iron Crown|atk|1
|move|p1a: Iron Crown|Tachyon Cutter|p2a: Landorus
|-damage|p2a: Landorus|58/100
|-crit|p2a: Landorus
|-damage|p2a: Landorus|2/100
|-hitcount|p2a: Landorus|2
|
|upkeep
|turn|9
|c|☆andyn00|good.
|
|t:|1776242027
|-end|p1a: Iron Crown|Quark Drive|[silent]
|switch|p1a: Corviknight|Corviknight, F|86/100
|-ability|p1a: Corviknight|Pressure
|move|p2a: Landorus|Earth Power|p1a: Corviknight
|-immune|p1a: Corviknight
|
|upkeep
|turn|10
|
|t:|1776242034
|move|p2a: Landorus|Stealth Rock|p1a: Corviknight
|-sidestart|p1: andyn00|move: Stealth Rock
|move|p1a: Corviknight|U-turn|p2a: Landorus
|-resisted|p2a: Landorus
|-damage|p2a: Landorus|0 fnt
|-damage|p1a: Corviknight|70/100|[from] item: Rocky Helmet|[of] p2a: Landorus
|faint|p2a: Landorus
|
|t:|1776242037
|switch|p1a: Iron Treads|Iron Treads|100/100|[from] U-turn
|
|upkeep
|
|t:|1776242041
|switch|p2a: Great Tusk|Great Tusk|100/100
|-enditem|p2a: Great Tusk|Booster Energy
|-activate|p2a: Great Tusk|ability: Protosynthesis|[fromitem]
|-start|p2a: Great Tusk|protosynthesisatk
|turn|11
|c|☆andyn00|send ninetail
|c|☆andyn00|bet
|
|t:|1776242054
|-end|p1a: Iron Treads|Quark Drive|[silent]
|switch|p1a: Corviknight|Corviknight, F|70/100
|-damage|p1a: Corviknight|57/100|[from] Stealth Rock
|-ability|p1a: Corviknight|Pressure
|move|p2a: Great Tusk|Rapid Spin|p1a: Corviknight
|-resisted|p1a: Corviknight
|-damage|p1a: Corviknight|51/100
|-boost|p2a: Great Tusk|spe|1
|-damage|p2a: Great Tusk|84/100|[from] item: Rocky Helmet|[of] p1a: Corviknight
|
|upkeep
|turn|12
|
|t:|1776242067
|move|p2a: Great Tusk|Bulk Up|p2a: Great Tusk
|-boost|p2a: Great Tusk|atk|1
|-boost|p2a: Great Tusk|def|1
|move|p1a: Corviknight|Brave Bird|p2a: Great Tusk
|-supereffective|p2a: Great Tusk
|-damage|p2a: Great Tusk|48/100
|-damage|p1a: Corviknight|40/100|[from] Recoil
|
|upkeep
|turn|13
|
|t:|1776242081
|move|p2a: Great Tusk|Bulk Up|p2a: Great Tusk
|-boost|p2a: Great Tusk|atk|1
|-boost|p2a: Great Tusk|def|1
|move|p1a: Corviknight|Roost|p1a: Corviknight
|-heal|p1a: Corviknight|90/100
|-singleturn|p1a: Corviknight|move: Roost
|
|upkeep
|turn|14
|
|t:|1776242100
|move|p2a: Great Tusk|Bulk Up|p2a: Great Tusk
|-boost|p2a: Great Tusk|atk|1
|-boost|p2a: Great Tusk|def|1
|move|p1a: Corviknight|Defog|p2a: Great Tusk
|-unboost|p2a: Great Tusk|evasion|1
|-sideend|p1: andyn00|Stealth Rock|[from] move: Defog|[of] p1a: Corviknight
|
|upkeep
|turn|15
|
|t:|1776242108
|move|p2a: Great Tusk|Ice Spinner|p1a: Corviknight
|-damage|p1a: Corviknight|35/100
|-damage|p2a: Great Tusk|31/100|[from] item: Rocky Helmet|[of] p1a: Corviknight
|move|p1a: Corviknight|Brave Bird|p2a: Great Tusk
|-supereffective|p2a: Great Tusk
|-damage|p2a: Great Tusk|8/100
|-damage|p1a: Corviknight|28/100|[from] Recoil
|
|upkeep
|turn|16
|
|t:|1776242117
|move|p2a: Great Tusk|Ice Spinner|p1a: Corviknight
|-damage|p1a: Corviknight|0 fnt
|-damage|p2a: Great Tusk|0 fnt|[from] item: Rocky Helmet|[of] p1a: Corviknight
|faint|p1a: Corviknight
|faint|p2a: Great Tusk
|-end|p2a: Great Tusk|Protosynthesis|[silent]
|
|upkeep
|
|t:|1776242126
|switch|p2a: Rillaboom|Rillaboom, F|100/100
|switch|p1a: Iron Crown|Iron Crown|100/100
|-fieldstart|move: Grassy Terrain|[from] ability: Grassy Surge|[of] p2a: Rillaboom
|turn|17
|
|t:|1776242133
|move|p1a: Iron Crown|Air Slash|p2a: Rillaboom
|-supereffective|p2a: Rillaboom
|-damage|p2a: Rillaboom|0 fnt
|faint|p2a: Rillaboom
|
|upkeep
|
|t:|1776242137
|switch|p2a: Ninetales|Ninetales-Alola, F|40/100
|-weather|Snowscape|[from] ability: Snow Warning|[of] p2a: Ninetales
|turn|18
|
|t:|1776242150
|-end|p1a: Iron Crown|Quark Drive|[silent]
|switch|p1a: Raging Bolt|Raging Bolt|100/100
|-enditem|p1a: Raging Bolt|Booster Energy
|-activate|p1a: Raging Bolt|ability: Protosynthesis|[fromitem]
|-start|p1a: Raging Bolt|protosynthesisspa
|move|p2a: Ninetales|Aurora Veil|p2a: Ninetales
|-sidestart|p2: slinou|move: Aurora Veil
|
|-weather|Snowscape|[upkeep]
|-heal|p2a: Ninetales|46/100|[from] Grassy Terrain
|upkeep
|turn|19
|
|t:|1776242161
|-terastallize|p1a: Raging Bolt|Flying
|move|p2a: Ninetales|Moonblast|p1a: Raging Bolt
|-damage|p1a: Raging Bolt|76/100
|move|p1a: Raging Bolt|Calm Mind|p1a: Raging Bolt
|-boost|p1a: Raging Bolt|spa|1
|-boost|p1a: Raging Bolt|spd|1
|
|-weather|Snowscape|[upkeep]
|-heal|p2a: Ninetales|52/100|[from] Grassy Terrain
|upkeep
|turn|20
|
|t:|1776242167
|move|p2a: Ninetales|Encore|p1a: Raging Bolt
|-start|p1a: Raging Bolt|Encore
|move|p1a: Raging Bolt|Calm Mind|p1a: Raging Bolt
|-boost|p1a: Raging Bolt|spa|1
|-boost|p1a: Raging Bolt|spd|1
|
|-weather|Snowscape|[upkeep]
|-heal|p2a: Ninetales|58/100|[from] Grassy Terrain
|upkeep
|turn|21
|
|t:|1776242174
|move|p2a: Ninetales|Freeze-Dry|p1a: Raging Bolt
|-supereffective|p1a: Raging Bolt
|-damage|p1a: Raging Bolt|58/100
|move|p1a: Raging Bolt|Calm Mind|p1a: Raging Bolt
|-boost|p1a: Raging Bolt|spa|1
|-boost|p1a: Raging Bolt|spd|1
|
|-weather|Snowscape|[upkeep]
|-heal|p2a: Ninetales|64/100|[from] Grassy Terrain
|-fieldend|move: Grassy Terrain
|upkeep
|turn|22
|
|t:|1776242184
|move|p2a: Ninetales|Freeze-Dry|p1a: Raging Bolt
|-supereffective|p1a: Raging Bolt
|-damage|p1a: Raging Bolt|44/100
|move|p1a: Raging Bolt|Calm Mind|p1a: Raging Bolt
|-boost|p1a: Raging Bolt|spa|1
|-boost|p1a: Raging Bolt|spd|1
|
|-weather|none
|-end|p1a: Raging Bolt|Encore
|upkeep
|turn|23
|
|t:|1776242194
|move|p2a: Ninetales|Encore|p1a: Raging Bolt
|-start|p1a: Raging Bolt|Encore
|move|p1a: Raging Bolt|Calm Mind|p1a: Raging Bolt
|-boost|p1a: Raging Bolt|spa|1
|-boost|p1a: Raging Bolt|spd|1
|
|upkeep
|turn|24
|
|t:|1776242203
|move|p2a: Ninetales|Freeze-Dry|p1a: Raging Bolt
|-supereffective|p1a: Raging Bolt
|-damage|p1a: Raging Bolt|33/100
|move|p1a: Raging Bolt|Calm Mind|p1a: Raging Bolt
|-boost|p1a: Raging Bolt|spa|1
|-boost|p1a: Raging Bolt|spd|1
|
|upkeep
|turn|25
|
|t:|1776242208
|move|p2a: Ninetales|Freeze-Dry|p1a: Raging Bolt
|-supereffective|p1a: Raging Bolt
|-damage|p1a: Raging Bolt|24/100
|move|p1a: Raging Bolt|Calm Mind|p1a: Raging Bolt
|-boost|p1a: Raging Bolt|spa|0
|-boost|p1a: Raging Bolt|spd|0
|
|-end|p1a: Raging Bolt|Encore
|-sideend|p2: slinou|move: Aurora Veil
|upkeep
|turn|26
|
|t:|1776242214
|move|p1a: Raging Bolt|Thunderclap||[still]
|-fail|p1a: Raging Bolt
|move|p2a: Ninetales|Encore|p1a: Raging Bolt
|-start|p1a: Raging Bolt|Encore
|
|upkeep
|turn|27
|
|t:|1776242220
|switch|p2a: Garganacl|Garganacl, F|96/100
|move|p1a: Raging Bolt|Thunderclap||[still]
|-fail|p1a: Raging Bolt
|
|-heal|p2a: Garganacl|100/100|[from] item: Leftovers
|upkeep
|turn|28
|
|t:|1776242224
|switch|p2a: Ninetales|Ninetales-Alola, F|64/100
|-weather|Snowscape|[from] ability: Snow Warning|[of] p2a: Ninetales
|move|p1a: Raging Bolt|Thunderclap||[still]
|-fail|p1a: Raging Bolt
|
|-weather|Snowscape|[upkeep]
|upkeep
|turn|29
|
|t:|1776242236
|move|p1a: Raging Bolt|Thunderclap||[still]
|-fail|p1a: Raging Bolt
|move|p2a: Ninetales|Aurora Veil|p2a: Ninetales
|-sidestart|p2: slinou|move: Aurora Veil
|
|-weather|Snowscape|[upkeep]
|-end|p1a: Raging Bolt|Encore
|upkeep
|turn|30
|
|t:|1776242239
|move|p2a: Ninetales|Encore|p1a: Raging Bolt
|-start|p1a: Raging Bolt|Encore
|move|p1a: Raging Bolt|Thunderclap||[still]
|-fail|p1a: Raging Bolt
|
|-weather|Snowscape|[upkeep]
|upkeep
|turn|31
|c|☆andyn00|whyy no fight
|c|☆andyn00|u got veil
|
|t:|1776242261
|move|p1a: Raging Bolt|Thunderclap||[still]
|-fail|p1a: Raging Bolt
|move|p2a: Ninetales|Aurora Veil||[still]
|-fail|p2a: Ninetales
|
|-weather|Snowscape|[upkeep]
|upkeep
|turn|32
|c|☆andyn00|i probbbbb not 1hko u
|
|t:|1776242264
|move|p1a: Raging Bolt|Thunderclap||[still]
|-fail|p1a: Raging Bolt
|move|p2a: Ninetales|Aurora Veil||[still]
|-fail|p2a: Ninetales
|
|-weather|none
|-end|p1a: Raging Bolt|Encore
|upkeep
|turn|33
|
|t:|1776242269
|move|p2a: Ninetales|Encore|p1a: Raging Bolt
|-start|p1a: Raging Bolt|Encore
|move|p1a: Raging Bolt|Thunderclap||[still]
|-fail|p1a: Raging Bolt
|
|-end|p1a: Raging Bolt|Encore
|upkeep
|turn|34
|c|☆andyn00|oh yea
|
|t:|1776242274
|move|p2a: Ninetales|Freeze-Dry|p1a: Raging Bolt
|-supereffective|p1a: Raging Bolt
|-damage|p1a: Raging Bolt|15/100
|move|p1a: Raging Bolt|Thunderbolt|p2a: Ninetales
|-damage|p2a: Ninetales|0 fnt
|faint|p2a: Ninetales
|
|upkeep
|c|☆andyn00|BANGGGGG
|c|☆andyn00|DOME
|c|☆andyn00|DOME PIEACE
|c|☆andyn00|BANG BANG
|
|t:|1776242284
|switch|p2a: Garganacl|Garganacl, F|100/100
|turn|35
|c|☆andyn00|TO YOUR DOME
|
|t:|1776242292
|move|p1a: Raging Bolt|Thunderbolt|p2a: Garganacl
|-damage|p2a: Garganacl|8/100
|move|p2a: Garganacl|Salt Cure|p1a: Raging Bolt
|-supereffective|p1a: Raging Bolt
|-crit|p1a: Raging Bolt
|-damage|p1a: Raging Bolt|0 fnt
|faint|p1a: Raging Bolt
|-end|p1a: Raging Bolt|Protosynthesis|[silent]
|
|-heal|p2a: Garganacl|14/100|[from] item: Leftovers
|upkeep
|
|t:|1776242309
|switch|p1a: Iron Crown|Iron Crown|100/100
|turn|36
|
|t:|1776242312
|move|p1a: Iron Crown|Tachyon Cutter|p2a: Garganacl
|-supereffective|p2a: Garganacl
|-damage|p2a: Garganacl|0 fnt
|faint|p2a: Garganacl
|-hitcount|p2: Garganacl|1
|
|-sideend|p2: slinou|move: Aurora Veil
|upkeep
|
|t:|1776242315
|switch|p2a: Frosmoth|Frosmoth, M, shiny|100/100
|turn|37
|
|t:|1776242319
|-terastallize|p2a: Frosmoth|Water
|move|p1a: Iron Crown|Tachyon Cutter|p2a: Frosmoth
|-resisted|p2a: Frosmoth
|-damage|p2a: Frosmoth|91/100
|-resisted|p2a: Frosmoth
|-damage|p2a: Frosmoth|81/100
|-hitcount|p2a: Frosmoth|2
|move|p2a: Frosmoth|Quiver Dance|p2a: Frosmoth
|-boost|p2a: Frosmoth|spa|1
|-boost|p2a: Frosmoth|spd|1
|-boost|p2a: Frosmoth|spe|1
|
|upkeep
|turn|38
|
|t:|1776242328
|-end|p1a: Iron Crown|Quark Drive|[silent]
|switch|p1a: Iron Treads|Iron Treads|100/100
|move|p2a: Frosmoth|Quiver Dance|p2a: Frosmoth
|-boost|p2a: Frosmoth|spa|1
|-boost|p2a: Frosmoth|spd|1
|-boost|p2a: Frosmoth|spe|1
|
|upkeep
|turn|39
|
|t:|1776242332
|move|p1a: Iron Treads|Volt Switch|p2a: Frosmoth
|-supereffective|p2a: Frosmoth
|-damage|p2a: Frosmoth|75/100
|c|☆andyn00|YOOO
|
|t:|1776242345
|-end|p1a: Iron Treads|Quark Drive|[silent]
|switch|p1a: Iron Crown|Iron Crown|100/100|[from] Volt Switch
|move|p2a: Frosmoth|Quiver Dance|p2a: Frosmoth
|-boost|p2a: Frosmoth|spa|1
|-boost|p2a: Frosmoth|spd|1
|-boost|p2a: Frosmoth|spe|1
|
|upkeep
|turn|40
|
|t:|1776242355
|move|p2a: Frosmoth|Bug Buzz|p1a: Iron Crown
|-damage|p1a: Iron Crown|14/100
|move|p1a: Iron Crown|Volt Switch|p2a: Frosmoth
|-supereffective|p2a: Frosmoth
|-crit|p2a: Frosmoth
|-damage|p2a: Frosmoth|22/100
|
|t:|1776242362
|-end|p1a: Iron Crown|Quark Drive|[silent]
|switch|p1a: Iron Treads|Iron Treads|100/100|[from] Volt Switch
|
|upkeep
|turn|41
|
|t:|1776242366
|move|p2a: Frosmoth|Giga Drain|p1a: Iron Treads
|-damage|p1a: Iron Treads|24/100
|-heal|p2a: Frosmoth|57/100|[from] drain|[of] p1a: Iron Treads
|move|p1a: Iron Treads|Knock Off|p2a: Frosmoth
|-damage|p2a: Frosmoth|28/100
|-enditem|p2a: Frosmoth|Heavy-Duty Boots|[from] move: Knock Off|[of] p1a: Iron Treads
|
|upkeep
|turn|42
|
|t:|1776242371
|move|p2a: Frosmoth|Giga Drain|p1a: Iron Treads
|-damage|p1a: Iron Treads|0 fnt
|-heal|p2a: Frosmoth|39/100|[from] drain|[of] p1a: Iron Treads
|faint|p1a: Iron Treads
|-end|p1a: Iron Treads|Quark Drive|[silent]
|
|upkeep
|
|t:|1776242381
|switch|p1a: Heatran|Heatran, F|64/100
|turn|43
|
|t:|1776242394
|move|p2a: Frosmoth|Ice Beam|p1a: Heatran
|-resisted|p1a: Heatran
|-damage|p1a: Heatran|52/100
|-status|p1a: Heatran|frz
|cant|p1a: Heatran|frz
|
|upkeep
|turn|44
|c|☆andyn00|holy
|
|t:|1776242402
|move|p2a: Frosmoth|Quiver Dance|p2a: Frosmoth
|-boost|p2a: Frosmoth|spa|1
|-boost|p2a: Frosmoth|spd|1
|-boost|p2a: Frosmoth|spe|1
|cant|p1a: Heatran|frz
|
|upkeep
|turn|45
|
|t:|1776242407
|move|p2a: Frosmoth|Quiver Dance|p2a: Frosmoth
|-boost|p2a: Frosmoth|spa|1
|-boost|p2a: Frosmoth|spd|1
|-boost|p2a: Frosmoth|spe|1
|cant|p1a: Heatran|frz
|
|upkeep
|turn|46
|c|☆andyn00|what RNG IS THAT
|
|t:|1776242411
|move|p2a: Frosmoth|Quiver Dance|p2a: Frosmoth
|-boost|p2a: Frosmoth|spa|1
|-boost|p2a: Frosmoth|spd|1
|-boost|p2a: Frosmoth|spe|1
|cant|p1a: Heatran|frz
|
|upkeep
|turn|47
|
|t:|1776242420
|move|p2a: Frosmoth|Giga Drain|p1a: Heatran
|-resisted|p1a: Heatran
|-damage|p1a: Heatran|40/100 frz
|-heal|p2a: Frosmoth|46/100|[from] drain|[of] p1a: Heatran
|cant|p1a: Heatran|frz
|
|upkeep
|turn|48
|c|☆andyn00|4 TURNS + TOOO
|
|t:|1776242438
|move|p2a: Frosmoth|Bug Buzz|p1a: Heatran
|-resisted|p1a: Heatran
|-damage|p1a: Heatran|18/100 frz
|cant|p1a: Heatran|frz
|
|upkeep
|turn|49
|c|☆andyn00|5 TURNS
|
|t:|1776242446
|move|p2a: Frosmoth|Bug Buzz|p1a: Heatran
|-resisted|p1a: Heatran
|-damage|p1a: Heatran|0 fnt
|faint|p1a: Heatran
|
|upkeep
|c|☆andyn00|CRAZY RNG
|
|t:|1776242451
|switch|p1a: Iron Crown|Iron Crown|14/100
|turn|50
|
|t:|1776242459
|move|p2a: Frosmoth|Bug Buzz|p1a: Iron Crown
|-damage|p1a: Iron Crown|0 fnt
|faint|p1a: Iron Crown
|-end|p1a: Iron Crown|Quark Drive|[silent]
|
|upkeep
|
|t:|1776242462
|switch|p1a: Sukuna|Cetitan, F|75/100
|turn|51
|
|t:|1776242466
|move|p1a: Sukuna|Ice Shard|p2a: Frosmoth
|-resisted|p2a: Frosmoth
|-damage|p2a: Frosmoth|35/100
|move|p2a: Frosmoth|Bug Buzz|p1a: Sukuna
|-damage|p1a: Sukuna|0 fnt
|faint|p1a: Sukuna
|
|win|slinou
|raw|andyn00's rating: 1323 &rarr; <strong>1303</strong><br />(-20 for losing)
|raw|slinou's rating: 1317 &rarr; <strong>1337</strong><br />(+20 for winning)
|l|☆andyn00
|player|p1|
