|html|<div class="broadcast-blue"><strong>[Gen 9] OU is currently suspecting Tera Blast! For information on how to participate check out the <a href="https://www.smogon.com/tools/suspects/view/200">suspect thread</a>.</strong></div>
|j|☆gen8arc
|j|☆Lordbulbus17
|t:|1776061571
|gametype|singles
|player|p1|gen8arc|iono-masters|1547
|player|p2|Lordbulbus17|266|1590
|gen|9
|tier|[Gen 9] OU
|rated|
|rule|HP Percentage Mod: HP is shown in percentages
|rule|Endless Battle Clause: Forcing endless battles is banned
|rule|Species Clause: Limit one of each Pokémon
|rule|OHKO Clause: OHKO moves are banned
|rule|Evasion Items Clause: Evasion items are banned
|rule|Evasion Moves Clause: Evasion moves are banned
|rule|Evasion Abilities Clause: Evasion abilities are banned
|rule|Sleep Moves Clause: Sleep-inducing moves are banned
|clearpoke
|poke|p1|Tinkaton, F|
|poke|p1|Ogerpon, F|
|poke|p1|Great Tusk|
|poke|p1|Pecharunt|
|poke|p1|Alomomola, M|
|poke|p1|Hydreigon, M|
|poke|p2|Cinderace, M|
|poke|p2|Hatterene, F|
|poke|p2|Cetitan, F|
|poke|p2|Ninetales-Alola, M|
|poke|p2|Raging Bolt|
|poke|p2|Greninja-*, M|
|teampreview
|inactive|Battle timer is ON: inactive players will automatically lose when time's up. (requested by gen8arc)
|
|t:|1776061585
|teamsize|p1|6
|teamsize|p2|6
|start
|switch|p1a: Smile.exe|Tinkaton, F, shiny|100/100
|switch|p2a: Greninja|Greninja, M|100/100
|-item|p1a: Smile.exe|Air Balloon
|turn|1
|
|t:|1776061597
|switch|p1a: Pisces|Alomomola, M, shiny|100/100
|move|p2a: Greninja|Hydro Pump|p1a: Pisces
|-resisted|p1a: Pisces
|-damage|p1a: Pisces|82/100
|
|upkeep
|turn|2
|
|t:|1776061604
|switch|p2a: Raging Bolt|Raging Bolt|100/100
|move|p1a: Pisces|Flip Turn|p2a: Raging Bolt
|-resisted|p2a: Raging Bolt
|-damage|p2a: Raging Bolt|93/100
|
|t:|1776061613
|switch|p1a: Hybrid|Hydreigon, M, shiny|100/100|[from] Flip Turn
|
|-heal|p2a: Raging Bolt|99/100|[from] item: Leftovers
|upkeep
|turn|3
|
|t:|1776061618
|switch|p1a: Pisces|Alomomola, M, shiny|100/100
|-end|p2a: Raging Bolt|Protosynthesis|[silent]
|switch|p2a: Ninetales|Ninetales-Alola, M|100/100
|-weather|Snowscape|[from] ability: Snow Warning|[of] p2a: Ninetales
|
|-weather|Snowscape|[upkeep]
|upkeep
|turn|4
|
|t:|1776061625
|move|p2a: Ninetales|Aurora Veil|p2a: Ninetales
|-sidestart|p2: Lordbulbus17|move: Aurora Veil
|move|p1a: Pisces|Flip Turn|p2a: Ninetales
|-damage|p2a: Ninetales|93/100
|
|t:|1776061627
|switch|p1a: Smile.exe|Tinkaton, F, shiny|100/100|[from] Flip Turn
|-item|p1a: Smile.exe|Air Balloon
|
|-weather|Snowscape|[upkeep]
|upkeep
|turn|5
|
|t:|1776061634
|switch|p2a: Hatterene|Hatterene, F|100/100
|move|p1a: Smile.exe|Gigaton Hammer|p2a: Hatterene
|-supereffective|p2a: Hatterene
|-damage|p2a: Hatterene|35/100
|
|-weather|Snowscape|[upkeep]
|-heal|p2a: Hatterene|41/100|[from] item: Leftovers
|upkeep
|turn|6
|
|t:|1776061644
|switch|p2a: Raging Bolt|Raging Bolt|99/100
|move|p1a: Smile.exe|Ice Hammer|p2a: Raging Bolt
|-supereffective|p2a: Raging Bolt
|-damage|p2a: Raging Bolt|77/100
|-unboost|p1a: Smile.exe|spe|1
|
|-weather|Snowscape|[upkeep]
|-heal|p2a: Raging Bolt|84/100|[from] item: Leftovers
|upkeep
|turn|7
|
|t:|1776061656
|switch|p1a: Pisces|Alomomola, M, shiny|100/100
|move|p2a: Raging Bolt|Substitute|p2a: Raging Bolt
|-start|p2a: Raging Bolt|Substitute
|-damage|p2a: Raging Bolt|59/100
|
|-weather|Snowscape|[upkeep]
|-heal|p2a: Raging Bolt|65/100|[from] item: Leftovers
|upkeep
|turn|8
|
|t:|1776061663
|move|p2a: Raging Bolt|Thunderbolt|p1a: Pisces
|-supereffective|p1a: Pisces
|-damage|p1a: Pisces|45/100
|move|p1a: Pisces|Flip Turn|p2a: Raging Bolt
|-resisted|p2a: Raging Bolt
|-activate|p2a: Raging Bolt|move: Substitute|[damage]
|
|t:|1776061671
|switch|p1a: Anonymous|Ogerpon, F|100/100|[from] Flip Turn
|
|-weather|Snowscape|[upkeep]
|-heal|p2a: Raging Bolt|71/100|[from] item: Leftovers
|-sideend|p2: Lordbulbus17|move: Aurora Veil
|upkeep
|turn|9
|
|t:|1776061677
|move|p1a: Anonymous|U-turn|p2a: Raging Bolt
|-end|p2a: Raging Bolt|Substitute
|
|t:|1776061683
|switch|p1a: Smile.exe|Tinkaton, F, shiny|100/100|[from] U-turn
|-item|p1a: Smile.exe|Air Balloon
|move|p2a: Raging Bolt|Draco Meteor|p1a: Smile.exe
|-immune|p1a: Smile.exe
|
|-weather|Snowscape|[upkeep]
|-heal|p2a: Raging Bolt|77/100|[from] item: Leftovers
|upkeep
|turn|10
|
|t:|1776061693
|-end|p2a: Raging Bolt|Protosynthesis|[silent]
|switch|p2a: Cinderace|Cinderace, M|100/100
|move|p1a: Smile.exe|Encore||[still]
|-fail|p1a: Smile.exe
|
|-weather|none
|upkeep
|turn|11
|
|t:|1776061699
|switch|p1a: Overseer|Pecharunt|100/100
|move|p2a: Cinderace|U-turn|p1a: Overseer
|-start|p2a: Cinderace|typechange|Bug|[from] ability: Libero
|-resisted|p1a: Overseer
|-damage|p1a: Overseer|97/100
|-damage|p2a: Cinderace|84/100|[from] item: Rocky Helmet|[of] p1a: Overseer
|
|t:|1776061707
|switch|p2a: Greninja|Greninja, M|100/100|[from] U-turn
|
|upkeep
|turn|12
|
|t:|1776061712
|switch|p1a: Pisces|Alomomola, M, shiny|79/100
|-terastallize|p2a: Greninja|Water
|move|p2a: Greninja|Hydro Pump|p1a: Pisces|[miss]
|-miss|p2a: Greninja|p1a: Pisces
|
|upkeep
|turn|13
|
|t:|1776061721
|switch|p2a: Ninetales|Ninetales-Alola, M|93/100
|-weather|Snowscape|[from] ability: Snow Warning|[of] p2a: Ninetales
|move|p1a: Pisces|Flip Turn|p2a: Ninetales
|-damage|p2a: Ninetales|80/100
|
|t:|1776061724
|switch|p1a: Smile.exe|Tinkaton, F, shiny|100/100|[from] Flip Turn
|-item|p1a: Smile.exe|Air Balloon
|
|-weather|Snowscape|[upkeep]
|upkeep
|turn|14
|
|t:|1776061731
|move|p2a: Ninetales|Aurora Veil|p2a: Ninetales
|-sidestart|p2: Lordbulbus17|move: Aurora Veil
|move|p1a: Smile.exe|Stealth Rock|p2a: Ninetales
|-sidestart|p2: Lordbulbus17|move: Stealth Rock
|
|-weather|Snowscape|[upkeep]
|upkeep
|turn|15
|
|t:|1776061735
|move|p2a: Ninetales|Encore|p1a: Smile.exe
|-start|p1a: Smile.exe|Encore
|move|p1a: Smile.exe|Stealth Rock||[still]
|-fail|p1a: Smile.exe
|
|-weather|Snowscape|[upkeep]
|upkeep
|turn|16
|
|t:|1776061743
|switch|p2a: Greninja|Greninja, M, tera:Water|100/100
|-damage|p2a: Greninja|88/100|[from] Stealth Rock
|switch|p1a: Overseer|Pecharunt|97/100
|
|-weather|Snowscape|[upkeep]
|upkeep
|turn|17
|
|t:|1776061752
|switch|p1a: Pisces|Alomomola, M, shiny|100/100
|move|p2a: Greninja|Hydro Pump|p1a: Pisces
|-resisted|p1a: Pisces
|-damage|p1a: Pisces|79/100
|
|-weather|Snowscape|[upkeep]
|upkeep
|turn|18
|
|t:|1776061760
|switch|p2a: Cinderace|Cinderace, M|84/100
|move|p1a: Pisces|Flip Turn|p2a: Cinderace
|-supereffective|p2a: Cinderace
|-damage|p2a: Cinderace|62/100
|
|t:|1776061763
|switch|p1a: Overseer|Pecharunt|97/100|[from] Flip Turn
|
|-weather|Snowscape|[upkeep]
|-sideend|p2: Lordbulbus17|move: Aurora Veil
|upkeep
|turn|19
|
|t:|1776061768
|move|p2a: Cinderace|Court Change|p2a: Cinderace
|-start|p2a: Cinderace|typechange|Normal|[from] ability: Libero
|-swapsideconditions
|-activate|p2a: Cinderace|move: Court Change
|move|p1a: Overseer|Parting Shot|p2a: Cinderace
|-unboost|p2a: Cinderace|atk|1
|-unboost|p2a: Cinderace|spa|1
|
|t:|1776061773
|switch|p1a: Behemoth|Great Tusk, shiny|100/100|[from] Parting Shot
|
|-weather|Snowscape|[upkeep]
|upkeep
|turn|20
|
|t:|1776061783
|move|p2a: Cinderace|Pyro Ball|p1a: Behemoth
|-damage|p1a: Behemoth|83/100
|move|p1a: Behemoth|Rapid Spin|p2a: Cinderace
|-damage|p2a: Cinderace|38/100
|-boost|p1a: Behemoth|spe|1
|-sideend|p1: gen8arc|Stealth Rock|[from] move: Rapid Spin|[of] p1a: Behemoth
|
|-weather|none
|upkeep
|turn|21
|
|t:|1776061790
|switch|p2a: Ninetales|Ninetales-Alola, M|80/100
|-weather|Snowscape|[from] ability: Snow Warning|[of] p2a: Ninetales
|move|p1a: Behemoth|Headlong Rush|p2a: Ninetales
|-damage|p2a: Ninetales|30/100
|-unboost|p1a: Behemoth|def|1
|-unboost|p1a: Behemoth|spd|1
|
|-weather|Snowscape|[upkeep]
|upkeep
|turn|22
|
|t:|1776061800
|move|p1a: Behemoth|Headlong Rush|p2a: Ninetales
|-damage|p2a: Ninetales|0 fnt
|-unboost|p1a: Behemoth|def|1
|-unboost|p1a: Behemoth|spd|1
|faint|p2a: Ninetales
|
|-weather|Snowscape|[upkeep]
|upkeep
|
|t:|1776061807
|switch|p2a: Cetitan|Cetitan, F|100/100
|turn|23
|
|t:|1776061833
|move|p2a: Cetitan|Icicle Spear|p1a: Behemoth
|-supereffective|p1a: Behemoth
|-damage|p1a: Behemoth|46/100
|-supereffective|p1a: Behemoth
|-damage|p1a: Behemoth|12/100
|-supereffective|p1a: Behemoth
|-damage|p1a: Behemoth|0 fnt
|faint|p1a: Behemoth
|-end|p1a: Behemoth|Protosynthesis|[silent]
|-hitcount|p1: Behemoth|3
|
|-weather|Snowscape|[upkeep]
|upkeep
|
|t:|1776061838
|switch|p1a: Overseer|Pecharunt|97/100
|turn|24
|
|t:|1776061844
|move|p2a: Cetitan|Belly Drum|p2a: Cetitan
|-damage|p2a: Cetitan|51/100
|-setboost|p2a: Cetitan|atk|6|[from] move: Belly Drum
|move|p1a: Overseer|Malignant Chain|p2a: Cetitan
|-damage|p2a: Cetitan|14/100
|-status|p2a: Cetitan|tox
|-start|p2a: Cetitan|confusion|[from] ability: Poison Puppeteer|[of] p1a: Overseer
|
|-weather|Snowscape|[upkeep]
|-damage|p2a: Cetitan|7/100 tox|[from] psn
|upkeep
|turn|25
|
|t:|1776061855
|-activate|p2a: Cetitan|confusion
|-damage|p2a: Cetitan|0 fnt|[from] confusion
|faint|p2a: Cetitan
|move|p1a: Overseer|Recover|p1a: Overseer
|-heal|p1a: Overseer|100/100
|
|-weather|Snowscape|[upkeep]
|upkeep
|
|t:|1776061861
|switch|p2a: Greninja|Greninja, M, tera:Water|88/100
|turn|26
|
|t:|1776061870
|switch|p1a: Pisces|Alomomola, M, shiny|100/100
|move|p2a: Greninja|Switcheroo|p1a: Pisces
|-activate|p2a: Greninja|move: Trick|[of] p1a: Pisces
|-item|p1a: Pisces|Choice Specs|[from] move: Switcheroo
|-item|p2a: Greninja|Assault Vest|[from] move: Switcheroo
|
|-weather|Snowscape|[upkeep]
|upkeep
|turn|27
|
|t:|1776061879
|move|p2a: Greninja|Dark Pulse|p1a: Pisces
|-damage|p1a: Pisces|73/100
|cant|p1a: Pisces|flinch
|
|-weather|Snowscape|[upkeep]
|upkeep
|turn|28
|
|t:|1776061884
|move|p2a: Greninja|Dark Pulse|p1a: Pisces
|-damage|p1a: Pisces|49/100
|move|p1a: Pisces|Flip Turn|p2a: Greninja
|-resisted|p2a: Greninja
|-damage|p2a: Greninja|75/100
|
|t:|1776061887
|switch|p1a: Anonymous|Ogerpon, F|100/100|[from] Flip Turn
|
|-weather|none
|upkeep
|turn|29
|
|t:|1776061893
|-terastallize|p1a: Anonymous|Grass
|detailschange|p1a: Anonymous|Ogerpon-Teal-Tera, F, tera:Grass
|-ability|p1a: Anonymous|Embody Aspect (Teal)|boost
|-boost|p1a: Anonymous|spe|1
|move|p1a: Anonymous|Ivy Cudgel|p2a: Greninja
|-supereffective|p2a: Greninja
|-damage|p2a: Greninja|0 fnt
|faint|p2a: Greninja
|
|upkeep
|-message|Lordbulbus17 forfeited.
|
|win|gen8arc
|raw|gen8arc's rating: 1547 &rarr; <strong>1569</strong><br />(+22 for winning)
|raw|Lordbulbus17's rating: 1590 &rarr; <strong>1568</strong><br />(-22 for losing)
|l|☆Lordbulbus17
|player|p2|
|l|☆gen8arc
|player|p1|
