|html|<div class="broadcast-blue"><strong>[Gen 9] OU is currently suspecting Tera Blast! For information on how to participate check out the <a href="https://www.smogon.com/tools/suspects/view/200">suspect thread</a>.</strong></div>
|j|☆Anchor9
|j|☆Cheeyz13
|t:|1776101101
|gametype|singles
|player|p1|Anchor9|silver|1492
|player|p2|Cheeyz13|2|1445
|gen|9
|tier|[Gen 9] OU
|rated|
|rule|HP Percentage Mod: HP is shown in percentages
|rule|Endless Battle Clause: Forcing endless battles is banned
|rule|Species Clause: Limit one of each Pokémon
|rule|OHKO Clause: OHKO moves are banned
|rule|Evasion Items Clause: Evasion items are banned
|rule|Evasion Moves Clause: Evasion moves are banned
|rule|Evasion Abilities Clause: Evasion abilities are banned
|rule|Sleep Moves Clause: Sleep-inducing moves are banned
|clearpoke
|poke|p1|Araquanid, F|
|poke|p1|Ampharos, F|
|poke|p1|Dragonite, F|
|poke|p1|Gholdengo|
|poke|p1|Kyurem|
|poke|p1|Great Tusk|
|poke|p2|Spidops, F|
|poke|p2|Alomomola, F|
|poke|p2|Hydreigon, M|
|poke|p2|Clodsire, M|
|poke|p2|Gholdengo|
|poke|p2|Great Tusk|
|teampreview
|inactive|Battle timer is ON: inactive players will automatically lose when time's up. (requested by Anchor9)
|
|t:|1776101112
|teamsize|p1|6
|teamsize|p2|6
|start
|switch|p1a: Araquanid|Araquanid, F|100/100
|switch|p2a: Spidops|Spidops, F|100/100
|turn|1
|
|t:|1776101119
|move|p1a: Araquanid|Surf|p2a: Spidops
|-damage|p2a: Spidops|37/100
|move|p2a: Spidops|Sticky Web|p1a: Araquanid
|-sidestart|p1: Anchor9|move: Sticky Web
|
|upkeep
|turn|2
|
|t:|1776101137
|switch|p2a: Alomomola|Alomomola, F|100/100
|move|p1a: Araquanid|Surf|p2a: Alomomola
|-resisted|p2a: Alomomola
|-damage|p2a: Alomomola|71/100
|
|upkeep
|turn|3
|
|t:|1776101141
|move|p2a: Alomomola|Wish|p2a: Alomomola
|move|p1a: Araquanid|Sticky Web|p2a: Alomomola
|-sidestart|p2: Cheeyz13|move: Sticky Web
|
|upkeep
|turn|4
|
|t:|1776101144
|move|p2a: Alomomola|Flip Turn|p1a: Araquanid
|-resisted|p1a: Araquanid
|-damage|p1a: Araquanid|92/100
|
|t:|1776101161
|switch|p2a: Spidops|Spidops, F|37/100|[from] Flip Turn
|-activate|p2a: Spidops|move: Sticky Web
|-unboost|p2a: Spidops|spe|1
|move|p1a: Araquanid|Surf|p2a: Spidops
|-damage|p2a: Spidops|0 fnt
|faint|p2a: Spidops
|
|upkeep
|
|t:|1776101172
|switch|p2a: Hydreigon|Hydreigon, M|100/100
|turn|5
|
|t:|1776101175
|move|p2a: Hydreigon|Draco Meteor|p1a: Araquanid
|-damage|p1a: Araquanid|10/100
|-unboost|p2a: Hydreigon|spa|2
|move|p1a: Araquanid|Surf|p2a: Hydreigon
|-resisted|p2a: Hydreigon
|-damage|p2a: Hydreigon|67/100
|
|upkeep
|turn|6
|-enditem|p1a: Araquanid|Custap Berry|[eat]
|-activate|p1a: Araquanid|item: Custap Berry|[consumed]
|
|t:|1776101178
|move|p1a: Araquanid|Endeavor|p2a: Hydreigon
|-damage|p2a: Hydreigon|10/100
|move|p2a: Hydreigon|Draco Meteor|p1a: Araquanid|[miss]
|-miss|p2a: Hydreigon|p1a: Araquanid
|
|upkeep
|turn|7
|
|t:|1776101183
|move|p2a: Hydreigon|Draco Meteor|p1a: Araquanid
|-damage|p1a: Araquanid|0 fnt
|-unboost|p2a: Hydreigon|spa|2
|faint|p1a: Araquanid
|
|upkeep
|
|t:|1776101187
|switch|p1a: Dragonite|Dragonite, F|100/100
|turn|8
|
|t:|1776101195
|switch|p2a: Gholdengo|Gholdengo|100/100
|-activate|p2a: Gholdengo|move: Sticky Web
|-unboost|p2a: Gholdengo|spe|1
|move|p1a: Dragonite|Dragon Dance|p1a: Dragonite
|-boost|p1a: Dragonite|atk|1
|-boost|p1a: Dragonite|spe|1
|
|upkeep
|turn|9
|
|t:|1776101210
|move|p1a: Dragonite|Earthquake|p2a: Gholdengo
|-supereffective|p2a: Gholdengo
|-damage|p2a: Gholdengo|0 fnt
|faint|p2a: Gholdengo
|
|upkeep
|
|t:|1776101225
|switch|p2a: Great Tusk|Great Tusk|100/100
|-activate|p2a: Great Tusk|move: Sticky Web
|-unboost|p2a: Great Tusk|spe|1
|-enditem|p2a: Great Tusk|Booster Energy
|-activate|p2a: Great Tusk|ability: Protosynthesis|[fromitem]
|-start|p2a: Great Tusk|protosynthesisatk
|turn|10
|
|t:|1776101230
|switch|p1a: Gholdengo|Gholdengo|100/100
|-item|p1a: Gholdengo|Air Balloon
|move|p2a: Great Tusk|Rapid Spin|p1a: Gholdengo
|-immune|p1a: Gholdengo
|
|upkeep
|turn|11
|
|t:|1776101239
|-end|p2a: Great Tusk|Protosynthesis|[silent]
|switch|p2a: Clodsire|Clodsire, M|100/100
|move|p1a: Gholdengo|Make It Rain|p2a: Clodsire
|-damage|p2a: Clodsire|66/100
|-unboost|p1a: Gholdengo|spa|1
|
|upkeep
|turn|12
|
|t:|1776101249
|move|p1a: Gholdengo|Nasty Plot|p1a: Gholdengo
|-boost|p1a: Gholdengo|spa|2
|move|p2a: Clodsire|Spikes|p1a: Gholdengo
|-sidestart|p1: Anchor9|Spikes
|
|upkeep
|turn|13
|
|t:|1776101252
|switch|p2a: Hydreigon|Hydreigon, M|10/100
|move|p1a: Gholdengo|Nasty Plot|p1a: Gholdengo
|-boost|p1a: Gholdengo|spa|2
|
|upkeep
|turn|14
|
|t:|1776101258
|-terastallize|p1a: Gholdengo|Fairy
|move|p2a: Hydreigon|Draco Meteor|p1a: Gholdengo
|-immune|p1a: Gholdengo
|move|p1a: Gholdengo|Shadow Ball|p2a: Hydreigon
|-resisted|p2a: Hydreigon
|-damage|p2a: Hydreigon|0 fnt
|faint|p2a: Hydreigon
|
|upkeep
|-message|Cheeyz13 forfeited.
|
|win|Anchor9
|raw|Anchor9's rating: 1492 &rarr; <strong>1509</strong><br />(+17 for winning)
|raw|Cheeyz13's rating: 1445 &rarr; <strong>1428</strong><br />(-17 for losing)
|l|☆Cheeyz13
|player|p2|
|l|☆Anchor9
|player|p1|
