|html|<div class="broadcast-blue"><strong>[Gen 9] OU is currently suspecting Tera Blast! For information on how to participate check out the <a href="https://www.smogon.com/tools/suspects/view/200">suspect thread</a>.</strong></div>
|j|☆Lxncc
|j|☆BAzz Barge
|t:|1776269227
|gametype|singles
|player|p1|Lxncc|2|1182
|player|p2|BAzz Barge|benga|1210
|gen|9
|tier|[Gen 9] OU
|rated|
|rule|HP Percentage Mod: HP is shown in percentages
|rule|Endless Battle Clause: Forcing endless battles is banned
|rule|Species Clause: Limit one of each Pokémon
|rule|OHKO Clause: OHKO moves are banned
|rule|Evasion Items Clause: Evasion items are banned
|rule|Evasion Moves Clause: Evasion moves are banned
|rule|Evasion Abilities Clause: Evasion abilities are banned
|rule|Sleep Moves Clause: Sleep-inducing moves are banned
|clearpoke
|poke|p1|Tinkaton, F|
|poke|p1|Ogerpon, F|
|poke|p1|Great Tusk|
|poke|p1|Pecharunt|
|poke|p1|Alomomola, M|
|poke|p1|Hydreigon, M|
|poke|p2|Tyranitar, F|
|poke|p2|Excadrill, F|
|poke|p2|Ogerpon-Cornerstone, F|
|poke|p2|Dragapult, M|
|poke|p2|Moltres|
|poke|p2|Corviknight, M|
|teampreview
|
|t:|1776269249
|teamsize|p1|6
|teamsize|p2|6
|start
|switch|p1a: Pecharunt|Pecharunt|100/100
|switch|p2a: Ogerpon|Ogerpon-Cornerstone, F|100/100
|turn|1
|
|t:|1776269261
|move|p2a: Ogerpon|Swords Dance|p2a: Ogerpon
|-boost|p2a: Ogerpon|atk|2
|move|p1a: Pecharunt|Parting Shot|p2a: Ogerpon
|-unboost|p2a: Ogerpon|atk|1
|-unboost|p2a: Ogerpon|spa|1
|
|t:|1776269270
|switch|p1a: Ogerpon|Ogerpon, F|100/100|[from] Parting Shot
|
|upkeep
|turn|2
|
|t:|1776269280
|-terastallize|p1a: Ogerpon|Grass
|detailschange|p1a: Ogerpon|Ogerpon-Teal-Tera, F, tera:Grass
|-ability|p1a: Ogerpon|Embody Aspect (Teal)|boost
|-boost|p1a: Ogerpon|spe|1
|-terastallize|p2a: Ogerpon|Rock
|detailschange|p2a: Ogerpon|Ogerpon-Cornerstone-Tera, F, tera:Rock
|-ability|p2a: Ogerpon|Embody Aspect (Cornerstone)|boost
|-boost|p2a: Ogerpon|def|1
|move|p1a: Ogerpon|U-turn|p2a: Ogerpon
|-damage|p2a: Ogerpon|70/100
|
|t:|1776269291
|switch|p1a: Pecharunt|Pecharunt|100/100|[from] U-turn
|move|p2a: Ogerpon|Ivy Cudgel|p1a: Pecharunt|[anim] Ivy Cudgel Rock
|-damage|p1a: Pecharunt|45/100
|
|upkeep
|turn|3
|
|t:|1776269311
|move|p2a: Ogerpon|Swords Dance|p2a: Ogerpon
|-boost|p2a: Ogerpon|atk|2
|move|p1a: Pecharunt|Recover|p1a: Pecharunt
|-heal|p1a: Pecharunt|95/100
|
|upkeep
|turn|4
|
|t:|1776269317
|move|p2a: Ogerpon|Encore|p1a: Pecharunt
|-start|p1a: Pecharunt|Encore
|move|p1a: Pecharunt|Recover|p1a: Pecharunt
|-heal|p1a: Pecharunt|100/100
|
|upkeep
|turn|5
|
|t:|1776269325
|switch|p1a: Tinkaton|Tinkaton, F, shiny|100/100
|-item|p1a: Tinkaton|Air Balloon
|move|p2a: Ogerpon|Swords Dance|p2a: Ogerpon
|-boost|p2a: Ogerpon|atk|2
|
|upkeep
|turn|6
|
|t:|1776269335
|move|p2a: Ogerpon|Ivy Cudgel|p1a: Tinkaton|[anim] Ivy Cudgel Rock
|-resisted|p1a: Tinkaton
|-damage|p1a: Tinkaton|0 fnt
|-enditem|p1a: Tinkaton|Air Balloon
|faint|p1a: Tinkaton
|
|upkeep
|
|t:|1776269338
|switch|p1a: Ogerpon|Ogerpon-Teal-Tera, F, tera:Grass|100/100
|-ability|p1a: Ogerpon|Embody Aspect (Teal)|boost
|-boost|p1a: Ogerpon|spe|1
|turn|7
|
|t:|1776269354
|switch|p2a: Moltres|Moltres|100/100
|move|p1a: Ogerpon|Ivy Cudgel|p2a: Moltres
|-resisted|p2a: Moltres
|-damage|p2a: Moltres|83/100
|
|upkeep
|turn|8
|
|t:|1776269362
|switch|p1a: Alomomola|Alomomola, M, shiny|100/100
|move|p2a: Moltres|U-turn|p1a: Alomomola
|-damage|p1a: Alomomola|88/100
|
|t:|1776269368
|switch|p2a: Dragapult|Dragapult, M|100/100|[from] U-turn
|
|upkeep
|turn|9
|
|t:|1776269373
|move|p2a: Dragapult|Draco Meteor|p1a: Alomomola|[miss]
|-miss|p2a: Dragapult|p1a: Alomomola
|move|p1a: Alomomola|Play Rough|p2a: Dragapult
|-supereffective|p2a: Dragapult
|-damage|p2a: Dragapult|55/100
|
|upkeep
|turn|10
|
|t:|1776269381
|move|p2a: Dragapult|Draco Meteor|p1a: Alomomola
|-damage|p1a: Alomomola|44/100
|-unboost|p2a: Dragapult|spa|2
|move|p1a: Alomomola|Flip Turn|p2a: Dragapult
|-resisted|p2a: Dragapult
|-damage|p2a: Dragapult|45/100
|
|t:|1776269388
|switch|p1a: Ogerpon|Ogerpon-Teal-Tera, F, tera:Grass|100/100|[from] Flip Turn
|-ability|p1a: Ogerpon|Embody Aspect (Teal)|boost
|-boost|p1a: Ogerpon|spe|1
|
|upkeep
|turn|11
|
|t:|1776269394
|switch|p1a: Alomomola|Alomomola, M, shiny|77/100
|switch|p2a: Moltres|Moltres|83/100
|
|upkeep
|turn|12
|
|t:|1776269402
|move|p2a: Moltres|Roost|p2a: Moltres
|-heal|p2a: Moltres|100/100
|-singleturn|p2a: Moltres|move: Roost
|move|p1a: Alomomola|Flip Turn|p2a: Moltres
|-supereffective|p2a: Moltres
|-damage|p2a: Moltres|77/100
|
|t:|1776269411
|switch|p1a: Pecharunt|Pecharunt|100/100|[from] Flip Turn
|
|upkeep
|turn|13
|
|t:|1776269420
|move|p2a: Moltres|U-turn|p1a: Pecharunt
|-resisted|p1a: Pecharunt
|-damage|p1a: Pecharunt|99/100
|-damage|p2a: Moltres|61/100|[from] item: Rocky Helmet|[of] p1a: Pecharunt
|
|t:|1776269425
|switch|p2a: Excadrill|Excadrill, F|100/100|[from] U-turn
|move|p1a: Pecharunt|Parting Shot|p2a: Excadrill
|-unboost|p2a: Excadrill|atk|1
|-unboost|p2a: Excadrill|spa|1
|
|t:|1776269443
|switch|p1a: Alomomola|Alomomola, M, shiny|100/100|[from] Parting Shot
|
|upkeep
|turn|14
|
|t:|1776269448
|switch|p2a: Corviknight|Corviknight, M|100/100
|-ability|p2a: Corviknight|Pressure
|move|p1a: Alomomola|Flip Turn|p2a: Corviknight
|-damage|p2a: Corviknight|87/100
|
|t:|1776269451
|switch|p1a: Hydreigon|Hydreigon, M, shiny|100/100|[from] Flip Turn
|
|-heal|p2a: Corviknight|93/100|[from] item: Leftovers
|upkeep
|turn|15
|
|t:|1776269468
|switch|p2a: Moltres|Moltres|61/100
|move|p1a: Hydreigon|Dark Pulse|p2a: Moltres
|-damage|p2a: Moltres|0 fnt
|faint|p2a: Moltres
|
|upkeep
|
|t:|1776269485
|switch|p2a: Ogerpon|Ogerpon-Cornerstone-Tera, F, tera:Rock|70/100
|-ability|p2a: Ogerpon|Embody Aspect (Cornerstone)|boost
|-boost|p2a: Ogerpon|def|1
|turn|16
|
|t:|1776269494
|switch|p1a: Pecharunt|Pecharunt|99/100
|move|p2a: Ogerpon|Ivy Cudgel|p1a: Pecharunt|[anim] Ivy Cudgel Rock
|-damage|p1a: Pecharunt|60/100
|
|upkeep
|turn|17
|
|t:|1776269501
|move|p2a: Ogerpon|Swords Dance|p2a: Ogerpon
|-boost|p2a: Ogerpon|atk|2
|move|p1a: Pecharunt|Recover|p1a: Pecharunt
|-heal|p1a: Pecharunt|100/100
|
|upkeep
|turn|18
|
|t:|1776269507
|move|p2a: Ogerpon|Swords Dance|p2a: Ogerpon
|-boost|p2a: Ogerpon|atk|2
|move|p1a: Pecharunt|Malignant Chain|p2a: Ogerpon
|-resisted|p2a: Ogerpon
|-damage|p2a: Ogerpon|53/100
|
|upkeep
|turn|19
|
|t:|1776269514
|move|p2a: Ogerpon|Ivy Cudgel|p1a: Pecharunt|[anim] Ivy Cudgel Rock
|-damage|p1a: Pecharunt|0 fnt
|faint|p1a: Pecharunt
|
|upkeep
|
|t:|1776269518
|switch|p1a: Ogerpon|Ogerpon-Teal-Tera, F, tera:Grass|100/100
|-ability|p1a: Ogerpon|Embody Aspect (Teal)|boost
|-boost|p1a: Ogerpon|spe|1
|turn|20
|
|t:|1776269527
|move|p1a: Ogerpon|Ivy Cudgel|p2a: Ogerpon
|-supereffective|p2a: Ogerpon
|-damage|p2a: Ogerpon|0 fnt
|faint|p2a: Ogerpon
|detailschange|p2: Ogerpon|Ogerpon-Cornerstone, F|[silent]
|
|upkeep
|c|☆BAzz Barge|what Malignant Chain do?
|
|t:|1776269540
|switch|p2a: Corviknight|Corviknight, M|93/100
|-ability|p2a: Corviknight|Pressure
|turn|21
|
|t:|1776269544
|switch|p1a: Alomomola|Alomomola, M, shiny|100/100
|move|p2a: Corviknight|U-turn|p1a: Alomomola
|-damage|p1a: Alomomola|89/100
|
|t:|1776269549
|switch|p2a: Tyranitar|Tyranitar, F|100/100|[from] U-turn
|-weather|Sandstorm|[from] ability: Sand Stream|[of] p2a: Tyranitar
|
|-weather|Sandstorm|[upkeep]
|-damage|p1a: Alomomola|83/100|[from] Sandstorm
|upkeep
|turn|22
|
|t:|1776269557
|move|p2a: Tyranitar|Knock Off|p1a: Alomomola
|-damage|p1a: Alomomola|52/100
|-enditem|p1a: Alomomola|Assault Vest|[from] move: Knock Off|[of] p2a: Tyranitar
|move|p1a: Alomomola|Flip Turn|p2a: Tyranitar
|-supereffective|p2a: Tyranitar
|-damage|p2a: Tyranitar|73/100
|
|t:|1776269561
|switch|p1a: Ogerpon|Ogerpon-Teal-Tera, F, tera:Grass|100/100|[from] Flip Turn
|-ability|p1a: Ogerpon|Embody Aspect (Teal)|boost
|-boost|p1a: Ogerpon|spe|1
|
|-weather|Sandstorm|[upkeep]
|-damage|p1a: Ogerpon|95/100|[from] Sandstorm
|upkeep
|turn|23
|
|t:|1776269579
|switch|p2a: Corviknight|Corviknight, M|93/100
|-ability|p2a: Corviknight|Pressure
|move|p1a: Ogerpon|U-turn|p2a: Corviknight
|-resisted|p2a: Corviknight
|-damage|p2a: Corviknight|87/100
|
|t:|1776269581
|switch|p1a: Hydreigon|Hydreigon, M, shiny|100/100|[from] U-turn
|
|-weather|Sandstorm|[upkeep]
|-damage|p1a: Hydreigon|94/100|[from] Sandstorm
|-heal|p2a: Corviknight|93/100|[from] item: Leftovers
|upkeep
|turn|24
|
|t:|1776269591
|switch|p2a: Tyranitar|Tyranitar, F|73/100
|move|p1a: Hydreigon|Dark Pulse|p2a: Tyranitar
|-resisted|p2a: Tyranitar
|-damage|p2a: Tyranitar|60/100
|
|-weather|Sandstorm|[upkeep]
|-damage|p1a: Hydreigon|88/100|[from] Sandstorm
|upkeep
|turn|25
|
|t:|1776269607
|switch|p1a: Great Tusk|Great Tusk, shiny|100/100
|switch|p2a: Dragapult|Dragapult, M|45/100
|
|-weather|Sandstorm|[upkeep]
|-damage|p2a: Dragapult|39/100|[from] Sandstorm
|upkeep
|turn|26
|
|t:|1776269618
|move|p2a: Dragapult|Draco Meteor|p1a: Great Tusk
|-damage|p1a: Great Tusk|0 fnt
|-unboost|p2a: Dragapult|spa|2
|faint|p1a: Great Tusk
|-end|p1a: Great Tusk|Protosynthesis|[silent]
|
|-weather|Sandstorm|[upkeep]
|-damage|p2a: Dragapult|33/100|[from] Sandstorm
|upkeep
|
|t:|1776269627
|switch|p1a: Ogerpon|Ogerpon-Teal-Tera, F, tera:Grass|95/100
|-ability|p1a: Ogerpon|Embody Aspect (Teal)|boost
|-boost|p1a: Ogerpon|spe|1
|turn|27
|
|t:|1776269632
|switch|p2a: Corviknight|Corviknight, M|93/100
|-ability|p2a: Corviknight|Pressure
|move|p1a: Ogerpon|Knock Off|p2a: Corviknight
|-damage|p2a: Corviknight|57/100
|-enditem|p2a: Corviknight|Leftovers|[from] move: Knock Off|[of] p1a: Ogerpon
|
|-weather|Sandstorm|[upkeep]
|-damage|p1a: Ogerpon|89/100|[from] Sandstorm
|upkeep
|turn|28
|
|t:|1776269647
|switch|p1a: Alomomola|Alomomola, M, shiny|85/100
|move|p2a: Corviknight|Roost|p2a: Corviknight
|-heal|p2a: Corviknight|100/100
|-singleturn|p2a: Corviknight|move: Roost
|
|-weather|none
|upkeep
|turn|29
|
|t:|1776269656
|move|p2a: Corviknight|Brave Bird|p1a: Alomomola
|-damage|p1a: Alomomola|58/100
|-damage|p2a: Corviknight|88/100|[from] Recoil
|move|p1a: Alomomola|Flip Turn|p2a: Corviknight
|-damage|p2a: Corviknight|76/100
|
|t:|1776269659
|switch|p1a: Hydreigon|Hydreigon, M, shiny|88/100|[from] Flip Turn
|
|upkeep
|turn|30
|
|t:|1776269668
|move|p1a: Hydreigon|Draco Meteor|p2a: Corviknight
|-resisted|p2a: Corviknight
|-damage|p2a: Corviknight|41/100
|-unboost|p1a: Hydreigon|spa|2
|move|p2a: Corviknight|U-turn|p1a: Hydreigon
|-supereffective|p1a: Hydreigon
|-damage|p1a: Hydreigon|52/100
|
|t:|1776269676
|switch|p2a: Excadrill|Excadrill, F|100/100|[from] U-turn
|
|upkeep
|turn|31
|
|t:|1776269683
|switch|p1a: Alomomola|Alomomola, M, shiny|91/100
|move|p2a: Excadrill|Earthquake|p1a: Alomomola
|-damage|p1a: Alomomola|35/100
|-damage|p2a: Excadrill|91/100|[from] item: Life Orb
|
|upkeep
|turn|32
|
|t:|1776269692
|move|p2a: Excadrill|Iron Head|p1a: Alomomola
|-resisted|p1a: Alomomola
|-damage|p1a: Alomomola|15/100
|-damage|p2a: Excadrill|81/100|[from] item: Life Orb
|move|p1a: Alomomola|Flip Turn|p2a: Excadrill
|-supereffective|p2a: Excadrill
|-damage|p2a: Excadrill|33/100
|
|t:|1776269699
|switch|p1a: Ogerpon|Ogerpon-Teal-Tera, F, tera:Grass|89/100|[from] Flip Turn
|-ability|p1a: Ogerpon|Embody Aspect (Teal)|boost
|-boost|p1a: Ogerpon|spe|1
|
|upkeep
|turn|33
|
|t:|1776269705
|switch|p2a: Corviknight|Corviknight, M|41/100
|-ability|p2a: Corviknight|Pressure
|move|p1a: Ogerpon|Ivy Cudgel|p2a: Corviknight
|-resisted|p2a: Corviknight
|-damage|p2a: Corviknight|22/100
|
|upkeep
|turn|34
|
|t:|1776269712
|move|p1a: Ogerpon|Ivy Cudgel|p2a: Corviknight
|-resisted|p2a: Corviknight
|-damage|p2a: Corviknight|2/100
|move|p2a: Corviknight|Roost|p2a: Corviknight
|-heal|p2a: Corviknight|52/100
|-singleturn|p2a: Corviknight|move: Roost
|
|upkeep
|turn|35
|
|t:|1776269721
|switch|p1a: Hydreigon|Hydreigon, M, shiny|52/100
|move|p2a: Corviknight|U-turn|p1a: Hydreigon
|-supereffective|p1a: Hydreigon
|-damage|p1a: Hydreigon|17/100
|
|t:|1776269726
|switch|p2a: Tyranitar|Tyranitar, F|60/100|[from] U-turn
|-weather|Sandstorm|[from] ability: Sand Stream|[of] p2a: Tyranitar
|
|-weather|Sandstorm|[upkeep]
|-damage|p1a: Hydreigon|11/100|[from] Sandstorm
|upkeep
|turn|36
|
|t:|1776269735
|move|p1a: Hydreigon|Flash Cannon|p2a: Tyranitar
|-supereffective|p2a: Tyranitar
|-damage|p2a: Tyranitar|27/100
|move|p2a: Tyranitar|Stealth Rock|p1a: Hydreigon
|-sidestart|p1: Lxncc|move: Stealth Rock
|
|-weather|Sandstorm|[upkeep]
|-damage|p1a: Hydreigon|5/100|[from] Sandstorm
|upkeep
|turn|37
|
|t:|1776269744
|switch|p1a: Ogerpon|Ogerpon-Teal-Tera, F, tera:Grass|89/100
|-damage|p1a: Ogerpon|76/100|[from] Stealth Rock
|-ability|p1a: Ogerpon|Embody Aspect (Teal)|boost
|-boost|p1a: Ogerpon|spe|1
|move|p2a: Tyranitar|Knock Off|p1a: Ogerpon
|-damage|p1a: Ogerpon|20/100
|-enditem|p1a: Ogerpon|Choice Band|[from] move: Knock Off|[of] p2a: Tyranitar
|
|-weather|Sandstorm|[upkeep]
|-damage|p1a: Ogerpon|14/100|[from] Sandstorm
|upkeep
|turn|38
|
|t:|1776269755
|move|p1a: Ogerpon|Knock Off|p2a: Tyranitar
|-resisted|p2a: Tyranitar
|-damage|p2a: Tyranitar|14/100
|-enditem|p2a: Tyranitar|Smooth Rock|[from] move: Knock Off|[of] p1a: Ogerpon
|move|p2a: Tyranitar|Thunder Wave|p1a: Ogerpon
|-status|p1a: Ogerpon|par
|
|-weather|Sandstorm|[upkeep]
|-damage|p1a: Ogerpon|8/100 par|[from] Sandstorm
|upkeep
|turn|39
|-message|Lxncc forfeited.
|
|win|BAzz Barge
|raw|Lxncc's rating: 1182 &rarr; <strong>1159</strong><br />(-23 for losing)
|raw|BAzz Barge's rating: 1210 &rarr; <strong>1233</strong><br />(+23 for winning)
|l|☆Lxncc
|player|p1|
