|j|☆encore21768768
|j|☆Abyssal Bot
|t:|1776076207
|gametype|singles
|player|p1|encore21768768|265|
|player|p2|Abyssal Bot|supernerd|
|teamsize|p1|6
|teamsize|p2|6
|gen|9
|tier|[Gen 9] OU
|rule|Species Clause: Limit one of each Pokémon
|rule|OHKO Clause: OHKO moves are banned
|rule|Evasion Items Clause: Evasion items are banned
|rule|Evasion Moves Clause: Evasion moves are banned
|rule|Endless Battle Clause: Forcing endless battles is banned
|rule|HP Percentage Mod: HP is shown in percentages
|rule|Sleep Moves Clause: Sleep-inducing moves are banned
|clearpoke
|poke|p1|Metagross|
|poke|p1|Camerupt, M|
|poke|p1|Torkoal, M|
|poke|p1|Hitmontop, M|
|poke|p1|Raging Bolt|
|poke|p1|Hatterene, F|
|poke|p2|Ribombee, M|
|poke|p2|Glimmora, M|
|poke|p2|Manaphy|
|poke|p2|Zamazenta-*|
|poke|p2|Gholdengo|
|poke|p2|Roaring Moon|
|teampreview
|c|☆Abyssal Bot|**WARNING**: Expect much hax.
|inactive|Battle timer is ON: inactive players will automatically lose when time's up. (requested by Abyssal Bot)
|j|*Turbo Bottttt
|
|t:|1776076209
|start
|switch|p1a: Camerupt|Camerupt, M|100/100
|switch|p2a: Glimmora|Glimmora, M|100/100
|turn|1
|
|t:|1776076218
|move|p2a: Glimmora|Meteor Beam||[still]
|-prepare|p2a: Glimmora|Meteor Beam
|-boost|p2a: Glimmora|spa|1
|-enditem|p2a: Glimmora|Power Herb
|-anim|p2a: Glimmora|Meteor Beam|p1a: Camerupt
|-damage|p1a: Camerupt|0
|faint|p1a: Camerupt
|
|upkeep
|
|t:|1776076220
|switch|p1a: Metagross|Metagross|100/100
|turn|2
|
|t:|1776076222
|move|p2a: Glimmora|Earth Power|p1a: Metagross
|-supereffective|p1a: Metagross
|-damage|p1a: Metagross|0
|faint|p1a: Metagross
|
|upkeep
|
|t:|1776076228
|switch|p1a: Hatterene|Hatterene, F|100/100
|turn|3
|
|t:|1776076231
|move|p2a: Glimmora|Meteor Beam||[still]
|-prepare|p2a: Glimmora|Meteor Beam
|-boost|p2a: Glimmora|spa|1
|move|p1a: Hatterene|Trick Room|p1a: Hatterene
|-fieldstart|move: Trick Room|[of] p1a: Hatterene
|
|upkeep
|turn|4
|
|t:|1776076233
|move|p1a: Hatterene|Psychic Noise|p2a: Glimmora
|-supereffective|p2a: Glimmora
|-damage|p2a: Glimmora|0
|faint|p2a: Glimmora
|
|upkeep
|
|t:|1776076233
|switch|p2a: Gholdengo|Gholdengo|100/100
|-item|p2a: Gholdengo|Air Balloon
|turn|5
|
|t:|1776076241
|switch|p1a: Torkoal|Torkoal, M|100/100
|-weather|Sunny Day|[from] ability: Drought|[of] p1a: Torkoal
|move|p2a: Gholdengo|Hex|p1a: Torkoal
|-damage|p1a: Torkoal|53/100
|
|-weather|Sunny Day|[upkeep]
|upkeep
|turn|6
|
|t:|1776076245
|move|p1a: Torkoal|Lava Plume|p2a: Gholdengo
|-supereffective|p2a: Gholdengo
|-damage|p2a: Gholdengo|27/100
|-enditem|p2a: Gholdengo|Air Balloon
|move|p2a: Gholdengo|Thunder Wave|p1a: Torkoal
|-status|p1a: Torkoal|par
|
|-weather|Sunny Day|[upkeep]
|upkeep
|turn|7
|
|t:|1776076249
|switch|p1a: Raging Bolt|Raging Bolt|100/100
|-activate|p1a: Raging Bolt|ability: Protosynthesis
|-start|p1a: Raging Bolt|protosynthesisspa
|move|p2a: Gholdengo|Hex|p1a: Raging Bolt
|-damage|p1a: Raging Bolt|72/100
|
|-weather|Sunny Day|[upkeep]
|-fieldend|move: Trick Room
|upkeep
|turn|8
|
|t:|1776076251
|switch|p2a: Ribombee|Ribombee, M|100/100
|move|p1a: Raging Bolt|Weather Ball|p2a: Ribombee
|-supereffective|p2a: Ribombee
|-enditem|p2a: Ribombee|Focus Sash
|-damage|p2a: Ribombee|1/100
|-damage|p1a: Raging Bolt|62/100|[from] item: Life Orb
|
|-weather|Sunny Day|[upkeep]
|upkeep
|turn|9
|
|t:|1776076254
|move|p1a: Raging Bolt|Thunderclap|p2a: Ribombee
|-damage|p2a: Ribombee|0
|faint|p2a: Ribombee
|-damage|p1a: Raging Bolt|52/100|[from] item: Life Orb
|
|-weather|Sunny Day|[upkeep]
|upkeep
|
|t:|1776076254
|switch|p2a: Gholdengo|Gholdengo|27/100
|turn|10
|
|t:|1776076262
|move|p2a: Gholdengo|Hex|p1a: Raging Bolt
|-damage|p1a: Raging Bolt|23/100
|move|p1a: Raging Bolt|Weather Ball|p2a: Gholdengo
|-supereffective|p2a: Gholdengo
|-damage|p2a: Gholdengo|0
|faint|p2a: Gholdengo
|-damage|p1a: Raging Bolt|13/100|[from] item: Life Orb
|
|-weather|Sunny Day|[upkeep]
|upkeep
|
|t:|1776076262
|switch|p2a: Zamazenta|Zamazenta|100/100
|-ability|p2a: Zamazenta|Dauntless Shield|boost
|-boost|p2a: Zamazenta|def|1
|turn|11
|
|t:|1776076264
|move|p1a: Raging Bolt|Thunderclap|p2a: Zamazenta
|-damage|p2a: Zamazenta|54/100
|-damage|p1a: Raging Bolt|3/100|[from] item: Life Orb
|move|p2a: Zamazenta|Stone Edge|p1a: Raging Bolt
|-damage|p1a: Raging Bolt|0
|faint|p1a: Raging Bolt
|-end|p1a: Raging Bolt|Protosynthesis|[silent]
|
|-weather|Sunny Day|[upkeep]
|upkeep
|
|t:|1776076271
|switch|p1a: Hatterene|Hatterene, F|100/100
|turn|12
|
|t:|1776076274
|switch|p2a: Manaphy|Manaphy|100/100
|move|p1a: Hatterene|Trick Room|p1a: Hatterene
|-fieldstart|move: Trick Room|[of] p1a: Hatterene
|
|-weather|none
|upkeep
|turn|13
|
|t:|1776076276
|move|p1a: Hatterene|Calm Mind|p1a: Hatterene
|-boost|p1a: Hatterene|spa|1
|-boost|p1a: Hatterene|spd|1
|move|p2a: Manaphy|Tail Glow|p2a: Manaphy
|-boost|p2a: Manaphy|spa|3
|
|upkeep
|turn|14
|
|t:|1776076279
|move|p1a: Hatterene|Psychic Noise|p2a: Manaphy
|-damage|p2a: Manaphy|35/100
|-start|p2a: Manaphy|move: Heal Block
|move|p2a: Manaphy|Surf|p1a: Hatterene
|-damage|p1a: Hatterene|31/100
|
|upkeep
|turn|15
|
|t:|1776076281
|move|p1a: Hatterene|Psychic Noise|p2a: Manaphy
|-damage|p2a: Manaphy|0
|faint|p2a: Manaphy
|
|upkeep
|
|t:|1776076281
|switch|p2a: Roaring Moon|Roaring Moon|100/100
|-enditem|p2a: Roaring Moon|Booster Energy
|-activate|p2a: Roaring Moon|ability: Protosynthesis|[fromitem]
|-start|p2a: Roaring Moon|protosynthesisatk
|turn|16
|
|t:|1776076283
|move|p1a: Hatterene|Draining Kiss|p2a: Roaring Moon
|-supereffective|p2a: Roaring Moon
|-damage|p2a: Roaring Moon|0
|-heal|p1a: Hatterene|100/100|[from] drain|[of] p2a: Roaring Moon
|faint|p2a: Roaring Moon
|-end|p2a: Roaring Moon|Protosynthesis|[silent]
|
|-fieldend|move: Trick Room
|upkeep
|
|t:|1776076283
|switch|p2a: Zamazenta|Zamazenta|54/100
|turn|17
|
|t:|1776076285
|move|p2a: Zamazenta|Iron Head|p1a: Hatterene
|-supereffective|p1a: Hatterene
|-damage|p1a: Hatterene|50/100
|move|p1a: Hatterene|Psychic Noise|p2a: Zamazenta
|-supereffective|p2a: Zamazenta
|-damage|p2a: Zamazenta|0
|faint|p2a: Zamazenta
|
|win|encore21768768
|c|☆Abyssal Bot|Well Played.
|l|☆Abyssal Bot
|player|p2|
|l|*Turbo Bottttt
