|html|<div class="broadcast-blue"><strong>[Gen 9] OU is currently suspecting Volcarona! For information on how to participate check out the <a href="https://www.smogon.com/tools/suspects/view/208">suspect thread</a>.</strong></div>
|j|☆Angry dorg
|j|☆MixVB
|t:|1778510230
|gametype|singles
|player|p1|Angry dorg|caitlin|1321
|player|p2|MixVB|miku-fire|1343
|gen|9
|tier|[Gen 9] OU
|rated|
|rule|HP Percentage Mod: HP is shown in percentages
|rule|Endless Battle Clause: Forcing endless battles is banned
|rule|Species Clause: Limit one of each Pokémon
|rule|OHKO Clause: OHKO moves are banned
|rule|Evasion Items Clause: Evasion items are banned
|rule|Evasion Moves Clause: Evasion moves are banned
|rule|Evasion Abilities Clause: Evasion abilities are banned
|rule|Sleep Moves Clause: Sleep-inducing moves are banned
|clearpoke
|poke|p1|Ogerpon, F|
|poke|p1|Rotom-Heat|
|poke|p1|Alomomola, F|
|poke|p1|Dragapult, M|
|poke|p1|Weezing-Galar, M|
|poke|p1|Iron Crown|
|poke|p2|Deoxys-Speed|
|poke|p2|Gholdengo|
|poke|p2|Iron Treads|
|poke|p2|Dragonite, F|
|poke|p2|Iron Moth|
|poke|p2|Samurott-Hisui, M|
|teampreview
|inactive|Battle timer is ON: inactive players will automatically lose when time's up. (requested by MixVB)
|inactive|Angry dorg has 120 seconds left.
|
|t:|1778510275
|teamsize|p1|6
|teamsize|p2|6
|start
|switch|p1a: Ogerpon|Ogerpon, F|100/100
|switch|p2a: Iron Treads|Iron Treads|100/100
|-enditem|p2a: Iron Treads|Booster Energy
|-activate|p2a: Iron Treads|ability: Quark Drive|[fromitem]
|-start|p2a: Iron Treads|quarkdrivespe
|turn|1
|
|t:|1778510292
|move|p2a: Iron Treads|Stealth Rock|p1a: Ogerpon
|-sidestart|p1: Angry dorg|move: Stealth Rock
|move|p1a: Ogerpon|Low Kick|p2a: Iron Treads
|-supereffective|p2a: Iron Treads
|-damage|p2a: Iron Treads|11/100
|
|upkeep
|turn|2
|
|t:|1778510298
|move|p2a: Iron Treads|Knock Off|p1a: Ogerpon
|-damage|p1a: Ogerpon|70/100
|-enditem|p1a: Ogerpon|Choice Band|[from] move: Knock Off|[of] p2a: Iron Treads
|move|p1a: Ogerpon|Low Kick|p2a: Iron Treads
|-supereffective|p2a: Iron Treads
|-damage|p2a: Iron Treads|0 fnt
|faint|p2a: Iron Treads
|-end|p2a: Iron Treads|Quark Drive|[silent]
|
|upkeep
|
|t:|1778510322
|switch|p2a: Deoxys|Deoxys-Speed|100/100
|-ability|p2a: Deoxys|Pressure
|turn|3
|
|t:|1778510328
|move|p2a: Deoxys|Ice Beam|p1a: Ogerpon
|-supereffective|p1a: Ogerpon
|-damage|p1a: Ogerpon|0 fnt
|faint|p1a: Ogerpon
|-damage|p2a: Deoxys|91/100|[from] item: Life Orb
|
|upkeep
|
|t:|1778510354
|switch|p1a: Iron Crown|Iron Crown|100/100
|-damage|p1a: Iron Crown|94/100|[from] Stealth Rock
|turn|4
|inactive|MixVB has 120 seconds left.
|
|t:|1778510384
|switch|p2a: Samurott|Samurott-Hisui, M|100/100
|move|p1a: Iron Crown|Tachyon Cutter|p2a: Samurott
|-resisted|p2a: Samurott
|-damage|p2a: Samurott|82/100
|-resisted|p2a: Samurott
|-damage|p2a: Samurott|65/100
|-hitcount|p2a: Samurott|2
|
|upkeep
|turn|5
|
|t:|1778510407
|move|p1a: Iron Crown|Volt Switch|p2a: Samurott
|-supereffective|p2a: Samurott
|-damage|p2a: Samurott|0 fnt
|faint|p2a: Samurott
|
|t:|1778510412
|-end|p1a: Iron Crown|Quark Drive|[silent]
|switch|p1a: Weezing|Weezing-Galar, M|100/100|[from] Volt Switch
|-ability|p1a: Weezing|Neutralizing Gas
|
|upkeep
|
|t:|1778510420
|switch|p2a: Iron Moth|Iron Moth, shiny|100/100
|turn|6
|
|t:|1778510436
|move|p2a: Iron Moth|Fiery Dance|p1a: Weezing
|-damage|p1a: Weezing|50/100
|-boost|p2a: Iron Moth|spa|1
|move|p1a: Weezing|Defog|p2a: Iron Moth
|-unboost|p2a: Iron Moth|evasion|1
|-sideend|p1: Angry dorg|Stealth Rock|[from] move: Defog|[of] p1a: Weezing
|
|upkeep
|turn|7
|
|t:|1778510442
|-end|p1a: Weezing|ability: Neutralizing Gas
|switch|p1a: Alomomola|Alomomola, F|100/100
|-enditem|p2a: Iron Moth|Booster Energy
|-activate|p2a: Iron Moth|ability: Quark Drive|[fromitem]
|-start|p2a: Iron Moth|quarkdrivespa
|move|p2a: Iron Moth|Fiery Dance|p1a: Alomomola
|-resisted|p1a: Alomomola
|-damage|p1a: Alomomola|80/100
|
|upkeep
|turn|8
|
|t:|1778510452
|move|p2a: Iron Moth|Sludge Wave|p1a: Alomomola
|-damage|p1a: Alomomola|35/100
|-status|p1a: Alomomola|psn
|move|p1a: Alomomola|Scald|p2a: Iron Moth
|-supereffective|p2a: Iron Moth
|-damage|p2a: Iron Moth|69/100
|
|-damage|p1a: Alomomola|23/100 psn|[from] psn
|upkeep
|turn|9
|
|t:|1778510466
|switch|p1a: Rotom|Rotom-Heat|100/100
|move|p2a: Iron Moth|Sludge Wave|p1a: Rotom
|-damage|p1a: Rotom|0 fnt
|faint|p1a: Rotom
|
|upkeep
|
|t:|1778510471
|switch|p1a: Alomomola|Alomomola, F|56/100 psn
|turn|10
|
|t:|1778510475
|move|p2a: Iron Moth|Fiery Dance|p1a: Alomomola
|-resisted|p1a: Alomomola
|-damage|p1a: Alomomola|36/100 psn
|-boost|p2a: Iron Moth|spa|1
|move|p1a: Alomomola|Mirror Coat|p2a: Iron Moth
|-damage|p2a: Iron Moth|0 fnt
|faint|p2a: Iron Moth
|-end|p2a: Iron Moth|Quark Drive|[silent]
|
|-damage|p1a: Alomomola|24/100 psn|[from] psn
|upkeep
|
|t:|1778510486
|switch|p2a: Deoxys|Deoxys-Speed|91/100
|-ability|p2a: Deoxys|Pressure
|turn|11
|
|t:|1778510508
|move|p2a: Deoxys|Knock Off|p1a: Alomomola
|-damage|p1a: Alomomola|3/100 psn
|-enditem|p1a: Alomomola|Assault Vest|[from] move: Knock Off|[of] p2a: Deoxys
|-damage|p2a: Deoxys|81/100|[from] item: Life Orb
|move|p1a: Alomomola|Flip Turn|p2a: Deoxys
|-damage|p2a: Deoxys|55/100
|inactive|Angry dorg has 120 seconds left.
|
|t:|1778510529
|switch|p1a: Iron Crown|Iron Crown|94/100|[from] Flip Turn
|
|upkeep
|turn|12
|inactive|Angry dorg has 120 seconds left.
|
|t:|1778510536
|switch|p2a: Gholdengo|Gholdengo|100/100
|-item|p2a: Gholdengo|Air Balloon
|move|p1a: Iron Crown|Volt Switch|p2a: Gholdengo
|-damage|p2a: Gholdengo|77/100
|-enditem|p2a: Gholdengo|Air Balloon
|inactive|Angry dorg has 120 seconds left.
|
|t:|1778510553
|-end|p1a: Iron Crown|Quark Drive|[silent]
|switch|p1a: Dragapult|Dragapult, M|100/100|[from] Volt Switch
|
|upkeep
|turn|13
|
|t:|1778510557
|-terastallize|p1a: Dragapult|Ghost
|move|p1a: Dragapult|Hex|p2a: Gholdengo
|-supereffective|p2a: Gholdengo
|-damage|p2a: Gholdengo|4/100
|move|p2a: Gholdengo|Shadow Ball|p1a: Dragapult
|-supereffective|p1a: Dragapult
|-crit|p1a: Dragapult
|-damage|p1a: Dragapult|0 fnt
|faint|p1a: Dragapult
|
|upkeep
|inactive|Angry dorg has 120 seconds left.
|-message|Angry dorg forfeited.
|
|win|MixVB
|raw|Angry dorg's rating: 1321 &rarr; <strong>1302</strong><br />(-19 for losing)
|raw|MixVB's rating: 1343 &rarr; <strong>1362</strong><br />(+19 for winning)
|l|☆Angry dorg
|player|p1|
|l|☆MixVB
|player|p2|
