|html|<div class="broadcast-blue"><strong>[Gen 9] OU is currently suspecting Tera Blast! For information on how to participate check out the <a href="https://www.smogon.com/tools/suspects/view/200">suspect thread</a>.</strong></div>
|j|☆Jadonia
|j|☆thebacchusbraviary
|t:|1776097405
|gametype|singles
|player|p1|Jadonia|101|1312
|player|p2|thebacchusbraviary|winona|1359
|gen|9
|tier|[Gen 9] OU
|rated|
|rule|HP Percentage Mod: HP is shown in percentages
|rule|Endless Battle Clause: Forcing endless battles is banned
|rule|Species Clause: Limit one of each Pokémon
|rule|OHKO Clause: OHKO moves are banned
|rule|Evasion Items Clause: Evasion items are banned
|rule|Evasion Moves Clause: Evasion moves are banned
|rule|Evasion Abilities Clause: Evasion abilities are banned
|rule|Sleep Moves Clause: Sleep-inducing moves are banned
|clearpoke
|poke|p1|Araquanid, M|
|poke|p1|Ogerpon-Wellspring, F|
|poke|p1|Dragapult, F|
|poke|p1|Great Tusk|
|poke|p1|Iron Valiant|
|poke|p1|Kingambit, F|
|poke|p2|Talonflame, M|
|poke|p2|Latios, M|
|poke|p2|Magnezone|
|poke|p2|Regice|
|poke|p2|Tauros-Paldea-Aqua, M|
|poke|p2|Tyranitar, M|
|teampreview
|inactive|Battle timer is ON: inactive players will automatically lose when time's up. (requested by thebacchusbraviary)
|
|t:|1776097414
|teamsize|p1|6
|teamsize|p2|6
|start
|switch|p1a: Araquanid|Araquanid, M|100/100
|switch|p2a: Magnezone|Magnezone|100/100
|turn|1
|
|t:|1776097424
|move|p2a: Magnezone|Volt Switch|p1a: Araquanid
|-supereffective|p1a: Araquanid
|-damage|p1a: Araquanid|8/100
|
|t:|1776097429
|switch|p2a: Talonflame|Talonflame, M|100/100|[from] Volt Switch
|move|p1a: Araquanid|Sticky Web|p2a: Talonflame
|-sidestart|p2: thebacchusbraviary|move: Sticky Web
|
|upkeep
|turn|2
|
|t:|1776097442
|move|p2a: Talonflame|Brave Bird|p1a: Araquanid
|-supereffective|p1a: Araquanid
|-damage|p1a: Araquanid|0 fnt
|faint|p1a: Araquanid
|-damage|p2a: Talonflame|97/100|[from] Recoil
|
|upkeep
|
|t:|1776097446
|switch|p1a: Dragapult|Dragapult, F|100/100
|turn|3
|
|t:|1776097450
|switch|p2a: Regice|Regice|100/100
|-activate|p2a: Regice|move: Sticky Web
|-fail|p2a: Regice|unboost|[from] ability: Clear Body|[of] p2a: Regice
|move|p1a: Dragapult|Thunderbolt|p2a: Regice
|-damage|p2a: Regice|88/100
|
|-heal|p2a: Regice|94/100|[from] item: Leftovers
|upkeep
|turn|4
|
|t:|1776097458
|move|p1a: Dragapult|Fire Blast|p2a: Regice
|-supereffective|p2a: Regice
|-damage|p2a: Regice|61/100
|move|p2a: Regice|Focus Blast|p1a: Dragapult
|-immune|p1a: Dragapult
|
|-heal|p2a: Regice|67/100|[from] item: Leftovers
|upkeep
|turn|5
|
|t:|1776097464
|move|p1a: Dragapult|Fire Blast|p2a: Regice
|-supereffective|p2a: Regice
|-damage|p2a: Regice|33/100
|move|p2a: Regice|Ice Beam|p1a: Dragapult
|-supereffective|p1a: Dragapult
|-damage|p1a: Dragapult|20/100
|
|-heal|p2a: Regice|39/100|[from] item: Leftovers
|upkeep
|turn|6
|
|t:|1776097470
|move|p1a: Dragapult|Fire Blast|p2a: Regice
|-supereffective|p2a: Regice
|-damage|p2a: Regice|5/100
|move|p2a: Regice|Ice Beam|p1a: Dragapult
|-supereffective|p1a: Dragapult
|-damage|p1a: Dragapult|0 fnt
|faint|p1a: Dragapult
|
|-heal|p2a: Regice|11/100|[from] item: Leftovers
|upkeep
|
|t:|1776097473
|switch|p1a: Ogerpon|Ogerpon-Wellspring, F|100/100
|turn|7
|
|t:|1776097482
|move|p1a: Ogerpon|Ivy Cudgel|p2a: Regice|[anim] Ivy Cudgel Water
|-damage|p2a: Regice|0 fnt
|faint|p2a: Regice
|
|upkeep
|
|t:|1776097496
|switch|p2a: Talonflame|Talonflame, M|97/100
|turn|8
|
|t:|1776097501
|move|p2a: Talonflame|Brave Bird|p1a: Ogerpon
|-supereffective|p1a: Ogerpon
|-damage|p1a: Ogerpon|0 fnt
|faint|p1a: Ogerpon
|-damage|p2a: Talonflame|64/100|[from] Recoil
|
|upkeep
|
|t:|1776097505
|switch|p1a: Great Tusk|Great Tusk|100/100
|-enditem|p1a: Great Tusk|Booster Energy
|-activate|p1a: Great Tusk|ability: Protosynthesis|[fromitem]
|-start|p1a: Great Tusk|protosynthesisatk
|turn|9
|
|t:|1776097508
|move|p2a: Talonflame|Defog|p1a: Great Tusk
|-unboost|p1a: Great Tusk|evasion|1
|-sideend|p2: thebacchusbraviary|Sticky Web|[from] move: Defog|[of] p2a: Talonflame
|move|p1a: Great Tusk|Bulk Up|p1a: Great Tusk
|-boost|p1a: Great Tusk|atk|1
|-boost|p1a: Great Tusk|def|1
|
|upkeep
|turn|10
|
|t:|1776097513
|switch|p2a: Latios|Latios, M|100/100
|move|p1a: Great Tusk|Ice Spinner|p2a: Latios
|-supereffective|p2a: Latios
|-damage|p2a: Latios|0 fnt
|faint|p2a: Latios
|
|upkeep
|
|t:|1776097518
|switch|p2a: Magnezone|Magnezone|100/100
|turn|11
|
|t:|1776097525
|-terastallize|p2a: Magnezone|Water
|move|p2a: Magnezone|Tera Blast|p1a: Great Tusk|[anim] Tera Blast Water
|-supereffective|p1a: Great Tusk
|-damage|p1a: Great Tusk|0 fnt
|faint|p1a: Great Tusk
|-end|p1a: Great Tusk|Protosynthesis|[silent]
|
|upkeep
|
|t:|1776097530
|switch|p1a: Iron Valiant|Iron Valiant|100/100
|-enditem|p1a: Iron Valiant|Booster Energy
|-activate|p1a: Iron Valiant|ability: Quark Drive|[fromitem]
|-start|p1a: Iron Valiant|quarkdrivespe
|turn|12
|
|t:|1776097537
|switch|p2a: Talonflame|Talonflame, M|64/100
|move|p1a: Iron Valiant|Calm Mind|p1a: Iron Valiant
|-boost|p1a: Iron Valiant|spa|1
|-boost|p1a: Iron Valiant|spd|1
|
|upkeep
|turn|13
|
|t:|1776097543
|move|p1a: Iron Valiant|Psyshock|p2a: Talonflame
|-damage|p2a: Talonflame|3/100
|move|p2a: Talonflame|Brave Bird|p1a: Iron Valiant
|-supereffective|p1a: Iron Valiant
|-damage|p1a: Iron Valiant|0 fnt
|faint|p1a: Iron Valiant
|-end|p1a: Iron Valiant|Quark Drive|[silent]
|-damage|p2a: Talonflame|0 fnt|[from] Recoil
|faint|p2a: Talonflame
|
|upkeep
|
|t:|1776097546
|switch|p2a: Tauros|Tauros-Paldea-Aqua, M|100/100
|switch|p1a: Kingambit|Kingambit, F|100/100
|-ability|p2a: Tauros|Intimidate|boost
|-unboost|p1a: Kingambit|atk|1
|-activate|p1a: Kingambit|ability: Supreme Overlord
|-start|p1a: Kingambit|fallen5|[silent]
|turn|14
|
|t:|1776097554
|-terastallize|p1a: Kingambit|Fairy
|move|p2a: Tauros|Raging Bull|p1a: Kingambit
|-damage|p1a: Kingambit|51/100
|move|p1a: Kingambit|Swords Dance|p1a: Kingambit
|-boost|p1a: Kingambit|atk|2
|
|-heal|p1a: Kingambit|58/100|[from] item: Leftovers
|upkeep
|turn|15
|
|t:|1776097562
|switch|p2a: Tyranitar|Tyranitar, M|100/100
|-weather|Sandstorm|[from] ability: Sand Stream|[of] p2a: Tyranitar
|move|p1a: Kingambit|Iron Head|p2a: Tyranitar
|-supereffective|p2a: Tyranitar
|-damage|p2a: Tyranitar|0 fnt
|faint|p2a: Tyranitar
|
|-weather|Sandstorm|[upkeep]
|-damage|p1a: Kingambit|51/100|[from] Sandstorm
|-heal|p1a: Kingambit|58/100|[from] item: Leftovers
|upkeep
|
|t:|1776097565
|switch|p2a: Tauros|Tauros-Paldea-Aqua, M|100/100
|-ability|p2a: Tauros|Intimidate|boost
|-unboost|p1a: Kingambit|atk|1
|turn|16
|
|t:|1776097572
|move|p2a: Tauros|Raging Bull|p1a: Kingambit
|-damage|p1a: Kingambit|11/100
|move|p1a: Kingambit|Swords Dance|p1a: Kingambit
|-boost|p1a: Kingambit|atk|2
|
|-weather|Sandstorm|[upkeep]
|-damage|p2a: Tauros|94/100|[from] Sandstorm
|-damage|p1a: Kingambit|5/100|[from] Sandstorm
|-heal|p1a: Kingambit|11/100|[from] item: Leftovers
|upkeep
|turn|17
|
|t:|1776097574
|move|p1a: Kingambit|Sucker Punch|p2a: Tauros
|-resisted|p2a: Tauros
|-damage|p2a: Tauros|25/100
|move|p2a: Tauros|Raging Bull|p1a: Kingambit
|-damage|p1a: Kingambit|0 fnt
|faint|p1a: Kingambit
|-end|p1a: Kingambit|fallen5|[silent]
|
|win|thebacchusbraviary
|raw|Jadonia's rating: 1312 &rarr; <strong>1295</strong><br />(-17 for losing)
|raw|thebacchusbraviary's rating: 1359 &rarr; <strong>1376</strong><br />(+17 for winning)
|l|☆Jadonia
|player|p1|
|l|☆thebacchusbraviary
|player|p2|
