|html|<div class="broadcast-blue"><strong>[Gen 9] OU is currently suspecting Tera Blast! For information on how to participate check out the <a href="https://www.smogon.com/tools/suspects/view/200">suspect thread</a>.</strong></div>
|j|☆Itadori_san
|j|☆hennyhardaway1
|t:|1776302489
|gametype|singles
|player|p1|Itadori_san|2|1266
|player|p2|hennyhardaway1|morty|1274
|gen|9
|tier|[Gen 9] OU
|rated|
|rule|HP Percentage Mod: HP is shown in percentages
|rule|Endless Battle Clause: Forcing endless battles is banned
|rule|Species Clause: Limit one of each Pokémon
|rule|OHKO Clause: OHKO moves are banned
|rule|Evasion Items Clause: Evasion items are banned
|rule|Evasion Moves Clause: Evasion moves are banned
|rule|Evasion Abilities Clause: Evasion abilities are banned
|rule|Sleep Moves Clause: Sleep-inducing moves are banned
|clearpoke
|poke|p1|Manaphy|
|poke|p1|Ogerpon-Wellspring, F|
|poke|p1|Pelipper, F|
|poke|p1|Blissey, F|
|poke|p1|Pecharunt|
|poke|p1|Necrozma|
|poke|p2|Blaziken, F|
|poke|p2|Alomomola, F|
|poke|p2|Kyurem|
|poke|p2|Corviknight, F|
|poke|p2|Great Tusk|
|poke|p2|Dragapult, F|
|teampreview
|inactive|Battle timer is ON: inactive players will automatically lose when time's up. (requested by Itadori_san)
|
|t:|1776302500
|teamsize|p1|6
|teamsize|p2|6
|start
|switch|p1a: Necrozma|Necrozma|100/100
|switch|p2a: Kyurem|Kyurem|100/100
|-ability|p2a: Kyurem|Pressure
|turn|1
|
|t:|1776302505
|switch|p2a: Alomomola|Alomomola, F|100/100
|move|p1a: Necrozma|Dragon Dance|p1a: Necrozma
|-boost|p1a: Necrozma|atk|1
|-boost|p1a: Necrozma|spe|1
|
|upkeep
|turn|2
|
|t:|1776302517
|move|p1a: Necrozma|Photon Geyser|p2a: Alomomola
|-damage|p2a: Alomomola|56/100
|-damage|p1a: Necrozma|91/100|[from] item: Life Orb
|move|p2a: Alomomola|Scald|p1a: Necrozma
|-damage|p1a: Necrozma|75/100
|
|upkeep
|turn|3
|
|t:|1776302527
|move|p1a: Necrozma|Dragon Dance|p1a: Necrozma
|-boost|p1a: Necrozma|atk|1
|-boost|p1a: Necrozma|spe|1
|move|p2a: Alomomola|Flip Turn|p1a: Necrozma
|-damage|p1a: Necrozma|58/100
|
|t:|1776302530
|switch|p2a: Blaziken|Blaziken, F, shiny|100/100|[from] Flip Turn
|
|upkeep
|turn|4
|
|t:|1776302533
|-terastallize|p2a: Blaziken|Dark
|move|p1a: Necrozma|Dragon Dance|p1a: Necrozma
|-boost|p1a: Necrozma|atk|1
|-boost|p1a: Necrozma|spe|1
|move|p2a: Blaziken|Knock Off|p1a: Necrozma
|-supereffective|p1a: Necrozma
|-damage|p1a: Necrozma|0 fnt
|-enditem|p1a: Necrozma|Life Orb|[from] move: Knock Off|[of] p2a: Blaziken
|faint|p1a: Necrozma
|
|-ability|p2a: Blaziken|Speed Boost|boost
|-boost|p2a: Blaziken|spe|1
|upkeep
|
|t:|1776302539
|switch|p1a: Pelipper|Pelipper, F|100/100
|-weather|RainDance|[from] ability: Drizzle|[of] p1a: Pelipper
|turn|5
|
|t:|1776302550
|move|p2a: Blaziken|Substitute|p2a: Blaziken
|-start|p2a: Blaziken|Substitute
|-damage|p2a: Blaziken|76/100
|move|p1a: Pelipper|U-turn|p2a: Blaziken
|-supereffective|p2a: Blaziken
|-end|p2a: Blaziken|Substitute
|
|t:|1776302556
|switch|p1a: Ogerpon|Ogerpon-Wellspring, F|100/100|[from] U-turn
|
|-weather|RainDance|[upkeep]
|-heal|p2a: Blaziken|82/100|[from] item: Leftovers
|-ability|p2a: Blaziken|Speed Boost|boost
|-boost|p2a: Blaziken|spe|1
|upkeep
|turn|6
|
|t:|1776302568
|switch|p2a: Kyurem|Kyurem|100/100
|-ability|p2a: Kyurem|Pressure
|move|p1a: Ogerpon|Ivy Cudgel|p2a: Kyurem|[anim] Ivy Cudgel Water
|-resisted|p2a: Kyurem
|-damage|p2a: Kyurem|57/100
|
|-weather|RainDance|[upkeep]
|upkeep
|turn|7
|
|t:|1776302574
|-terastallize|p1a: Ogerpon|Water
|detailschange|p1a: Ogerpon|Ogerpon-Wellspring-Tera, F, tera:Water
|-ability|p1a: Ogerpon|Embody Aspect (Wellspring)|boost
|-boost|p1a: Ogerpon|spd|1
|move|p1a: Ogerpon|Ivy Cudgel|p2a: Kyurem|[anim] Ivy Cudgel Water
|-resisted|p2a: Kyurem
|-damage|p2a: Kyurem|2/100
|move|p2a: Kyurem|Freeze-Dry|p1a: Ogerpon
|-supereffective|p1a: Ogerpon
|-damage|p1a: Ogerpon|9/100
|
|-weather|RainDance|[upkeep]
|upkeep
|turn|8
|
|t:|1776302586
|move|p1a: Ogerpon|Ivy Cudgel|p2a: Kyurem|[anim] Ivy Cudgel Water
|-resisted|p2a: Kyurem
|-damage|p2a: Kyurem|0 fnt
|faint|p2a: Kyurem
|
|-weather|RainDance|[upkeep]
|upkeep
|
|t:|1776302588
|switch|p2a: Dragapult|Dragapult, F|100/100
|turn|9
|
|t:|1776302599
|switch|p1a: Manaphy|Manaphy|100/100
|move|p2a: Dragapult|Dragon Darts|p1a: Manaphy
|-damage|p1a: Manaphy|71/100
|-anim|p2a: Dragapult|Dragon Darts|p1a: Manaphy
|-damage|p1a: Manaphy|47/100
|
|-weather|RainDance|[upkeep]
|-heal|p1a: Manaphy|53/100|[from] item: Leftovers
|upkeep
|turn|10
|
|t:|1776302610
|move|p2a: Dragapult|Dragon Darts|p1a: Manaphy
|-damage|p1a: Manaphy|27/100
|-anim|p2a: Dragapult|Dragon Darts|p1a: Manaphy
|-damage|p1a: Manaphy|1/100
|move|p1a: Manaphy|Alluring Voice|p2a: Dragapult
|-supereffective|p2a: Dragapult
|-damage|p2a: Dragapult|36/100
|
|-weather|RainDance|[upkeep]
|-heal|p1a: Manaphy|7/100|[from] item: Leftovers
|upkeep
|turn|11
|
|t:|1776302614
|move|p2a: Dragapult|Dragon Darts|p1a: Manaphy
|-damage|p1a: Manaphy|0 fnt
|faint|p1a: Manaphy
|
|-weather|RainDance|[upkeep]
|upkeep
|
|t:|1776302643
|switch|p1a: Pelipper|Pelipper, F|100/100
|turn|12
|
|t:|1776302665
|move|p2a: Dragapult|U-turn|p1a: Pelipper
|-resisted|p1a: Pelipper
|-damage|p1a: Pelipper|92/100
|
|t:|1776302668
|switch|p2a: Alomomola|Alomomola, F|90/100|[from] U-turn
|move|p1a: Pelipper|Hurricane|p2a: Alomomola
|-crit|p2a: Alomomola
|-damage|p2a: Alomomola|46/100
|-start|p2a: Alomomola|confusion
|
|-weather|none
|upkeep
|turn|13
|
|t:|1776302675
|-activate|p2a: Alomomola|confusion
|-damage|p2a: Alomomola|42/100|[from] confusion
|move|p1a: Pelipper|Hurricane|p2a: Alomomola|[miss]
|-miss|p1a: Pelipper|p2a: Alomomola
|
|upkeep
|turn|14
|
|t:|1776302679
|switch|p1a: Pecharunt|Pecharunt|100/100
|-end|p2a: Alomomola|confusion
|move|p2a: Alomomola|Flip Turn|p1a: Pecharunt
|-damage|p1a: Pecharunt|93/100
|
|t:|1776302687
|switch|p2a: Blaziken|Blaziken, F, shiny, tera:Dark|82/100|[from] Flip Turn
|
|-heal|p2a: Blaziken|88/100|[from] item: Leftovers
|upkeep
|turn|15
|
|t:|1776302691
|move|p2a: Blaziken|Substitute|p2a: Blaziken
|-start|p2a: Blaziken|Substitute
|-damage|p2a: Blaziken|63/100
|move|p1a: Pecharunt|Malignant Chain|p2a: Blaziken
|-end|p2a: Blaziken|Substitute
|
|-heal|p2a: Blaziken|69/100|[from] item: Leftovers
|-ability|p2a: Blaziken|Speed Boost|boost
|-boost|p2a: Blaziken|spe|1
|upkeep
|turn|16
|
|t:|1776302697
|switch|p2a: Corviknight|Corviknight, F|100/100
|-ability|p2a: Corviknight|Pressure
|move|p1a: Pecharunt|Malignant Chain|p2a: Corviknight
|-immune|p2a: Corviknight
|
|upkeep
|turn|17
|
|t:|1776302700
|move|p1a: Pecharunt|Parting Shot|p2a: Corviknight
|-unboost|p2a: Corviknight|atk|1
|-unboost|p2a: Corviknight|spa|1
|
|t:|1776302703
|switch|p1a: Pelipper|Pelipper, F|92/100|[from] Parting Shot
|-weather|RainDance|[from] ability: Drizzle|[of] p1a: Pelipper
|move|p2a: Corviknight|U-turn|p1a: Pelipper
|-resisted|p1a: Pelipper
|-damage|p1a: Pelipper|87/100
|
|t:|1776302708
|switch|p2a: Alomomola|Alomomola, F|75/100|[from] U-turn
|
|-weather|RainDance|[upkeep]
|upkeep
|turn|18
|
|t:|1776302712
|move|p1a: Pelipper|Hurricane|p2a: Alomomola
|-damage|p2a: Alomomola|46/100
|-start|p2a: Alomomola|confusion
|-activate|p2a: Alomomola|confusion
|-damage|p2a: Alomomola|42/100|[from] confusion
|
|-weather|RainDance|[upkeep]
|upkeep
|turn|19
|
|t:|1776302721
|move|p1a: Pelipper|Knock Off|p2a: Alomomola
|-damage|p2a: Alomomola|36/100
|-enditem|p2a: Alomomola|Assault Vest|[from] move: Knock Off|[of] p1a: Pelipper
|-end|p2a: Alomomola|confusion
|move|p2a: Alomomola|Mirror Coat||[still]
|-fail|p2a: Alomomola
|
|-weather|RainDance|[upkeep]
|upkeep
|turn|20
|
|t:|1776302728
|switch|p2a: Corviknight|Corviknight, F|100/100
|-ability|p2a: Corviknight|Pressure
|move|p1a: Pelipper|Hurricane|p2a: Corviknight
|-resisted|p2a: Corviknight
|-damage|p2a: Corviknight|83/100
|
|-weather|RainDance|[upkeep]
|upkeep
|turn|21
|
|t:|1776302738
|switch|p2a: Alomomola|Alomomola, F|69/100
|switch|p1a: Pecharunt|Pecharunt|93/100
|
|-weather|RainDance|[upkeep]
|upkeep
|turn|22
|
|t:|1776302744
|move|p1a: Pecharunt|Parting Shot|p2a: Alomomola
|-unboost|p2a: Alomomola|atk|1
|-unboost|p2a: Alomomola|spa|1
|
|t:|1776302748
|switch|p1a: Blissey|Blissey, F|100/100|[from] Parting Shot
|move|p2a: Alomomola|Flip Turn|p1a: Blissey
|-damage|p1a: Blissey|83/100
|
|t:|1776302752
|switch|p2a: Blaziken|Blaziken, F, shiny, tera:Dark|69/100|[from] Flip Turn
|
|-weather|RainDance|[upkeep]
|-heal|p2a: Blaziken|75/100|[from] item: Leftovers
|-heal|p1a: Blissey|89/100|[from] item: Leftovers
|upkeep
|turn|23
|
|t:|1776302754
|move|p2a: Blaziken|Substitute|p2a: Blaziken
|-start|p2a: Blaziken|Substitute
|-damage|p2a: Blaziken|50/100
|move|p1a: Blissey|Seismic Toss|p2a: Blaziken
|-end|p2a: Blaziken|Substitute
|
|-weather|RainDance|[upkeep]
|-heal|p2a: Blaziken|56/100|[from] item: Leftovers
|-heal|p1a: Blissey|95/100|[from] item: Leftovers
|-ability|p2a: Blaziken|Speed Boost|boost
|-boost|p2a: Blaziken|spe|1
|upkeep
|turn|24
|
|t:|1776302759
|move|p2a: Blaziken|Bulk Up|p2a: Blaziken
|-boost|p2a: Blaziken|atk|1
|-boost|p2a: Blaziken|def|1
|move|p1a: Blissey|Seismic Toss|p2a: Blaziken
|-damage|p2a: Blaziken|22/100
|
|-weather|none
|-heal|p2a: Blaziken|28/100|[from] item: Leftovers
|-heal|p1a: Blissey|100/100|[from] item: Leftovers
|-ability|p2a: Blaziken|Speed Boost|boost
|-boost|p2a: Blaziken|spe|1
|upkeep
|turn|25
|
|t:|1776302760
|move|p2a: Blaziken|Knock Off|p1a: Blissey
|-damage|p1a: Blissey|25/100
|-enditem|p1a: Blissey|Leftovers|[from] move: Knock Off|[of] p2a: Blaziken
|move|p1a: Blissey|Seismic Toss|p2a: Blaziken
|-damage|p2a: Blaziken|0 fnt
|faint|p2a: Blaziken
|
|upkeep
|
|t:|1776302764
|switch|p2a: Dragapult|Dragapult, F|36/100
|turn|26
|
|t:|1776302771
|move|p2a: Dragapult|Dragon Darts|p1a: Blissey
|-damage|p1a: Blissey|0 fnt
|faint|p1a: Blissey
|
|upkeep
|
|t:|1776302774
|switch|p1a: Pelipper|Pelipper, F|87/100
|-weather|RainDance|[from] ability: Drizzle|[of] p1a: Pelipper
|turn|27
|
|t:|1776302777
|move|p2a: Dragapult|U-turn|p1a: Pelipper
|-resisted|p1a: Pelipper
|-damage|p1a: Pelipper|78/100
|
|t:|1776302779
|switch|p2a: Alomomola|Alomomola, F|100/100|[from] U-turn
|move|p1a: Pelipper|Knock Off|p2a: Alomomola
|-crit|p2a: Alomomola
|-damage|p2a: Alomomola|93/100
|
|-weather|RainDance|[upkeep]
|upkeep
|turn|28
|
|t:|1776302789
|move|p2a: Alomomola|Play Rough|p1a: Pelipper
|-damage|p1a: Pelipper|66/100
|-unboost|p1a: Pelipper|atk|1
|move|p1a: Pelipper|U-turn|p2a: Alomomola
|-damage|p2a: Alomomola|90/100
|
|t:|1776302791
|switch|p1a: Pecharunt|Pecharunt|93/100|[from] U-turn
|
|-weather|RainDance|[upkeep]
|upkeep
|turn|29
|
|t:|1776302796
|move|p1a: Pecharunt|Malignant Chain|p2a: Alomomola
|-damage|p2a: Alomomola|50/100
|move|p2a: Alomomola|Mirror Coat|p1a: Pecharunt
|-damage|p1a: Pecharunt|0 fnt
|faint|p1a: Pecharunt
|
|-weather|RainDance|[upkeep]
|upkeep
|
|t:|1776302800
|switch|p1a: Ogerpon|Ogerpon-Wellspring-Tera, F, tera:Water|9/100
|-ability|p1a: Ogerpon|Embody Aspect (Wellspring)|boost
|-boost|p1a: Ogerpon|spd|1
|turn|30
|
|t:|1776302806
|switch|p1a: Pelipper|Pelipper, F|66/100
|move|p2a: Alomomola|Play Rough|p1a: Pelipper
|-damage|p1a: Pelipper|54/100
|
|-weather|RainDance|[upkeep]
|upkeep
|turn|31
|
|t:|1776302815
|switch|p2a: Great Tusk|Great Tusk|100/100
|move|p1a: Pelipper|Hurricane|p2a: Great Tusk
|-supereffective|p2a: Great Tusk
|-damage|p2a: Great Tusk|12/100
|
|-weather|RainDance|[upkeep]
|-heal|p2a: Great Tusk|18/100|[from] item: Leftovers
|upkeep
|turn|32
|
|t:|1776302823
|move|p2a: Great Tusk|Stealth Rock|p1a: Pelipper
|-sidestart|p1: Itadori_san|move: Stealth Rock
|move|p1a: Pelipper|Roost|p1a: Pelipper
|-heal|p1a: Pelipper|100/100
|-singleturn|p1a: Pelipper|move: Roost
|
|-weather|RainDance|[upkeep]
|-heal|p2a: Great Tusk|24/100|[from] item: Leftovers
|upkeep
|turn|33
|
|t:|1776302827
|move|p2a: Great Tusk|Knock Off|p1a: Pelipper
|-damage|p1a: Pelipper|79/100
|-enditem|p1a: Pelipper|Damp Rock|[from] move: Knock Off|[of] p2a: Great Tusk
|move|p1a: Pelipper|Hurricane|p2a: Great Tusk
|-supereffective|p2a: Great Tusk
|-damage|p2a: Great Tusk|0 fnt
|faint|p2a: Great Tusk
|-end|p2a: Great Tusk|Protosynthesis|[silent]
|
|-weather|RainDance|[upkeep]
|upkeep
|
|t:|1776302834
|switch|p2a: Corviknight|Corviknight, F|83/100
|-ability|p2a: Corviknight|Pressure
|turn|34
|
|t:|1776302837
|move|p2a: Corviknight|Brave Bird|p1a: Pelipper
|-damage|p1a: Pelipper|48/100
|-damage|p2a: Corviknight|75/100|[from] Recoil
|move|p1a: Pelipper|Knock Off|p2a: Corviknight
|-damage|p2a: Corviknight|66/100
|-damage|p1a: Pelipper|32/100|[from] item: Rocky Helmet|[of] p2a: Corviknight
|-enditem|p2a: Corviknight|Rocky Helmet|[from] move: Knock Off|[of] p1a: Pelipper
|
|-weather|none
|upkeep
|turn|35
|
|t:|1776302842
|move|p2a: Corviknight|Brave Bird|p1a: Pelipper
|-damage|p1a: Pelipper|4/100
|-damage|p2a: Corviknight|59/100|[from] Recoil
|move|p1a: Pelipper|Roost|p1a: Pelipper
|-heal|p1a: Pelipper|54/100
|-singleturn|p1a: Pelipper|move: Roost
|
|upkeep
|turn|36
|
|t:|1776302846
|move|p2a: Corviknight|Roost|p2a: Corviknight
|-heal|p2a: Corviknight|100/100
|-singleturn|p2a: Corviknight|move: Roost
|move|p1a: Pelipper|Roost|p1a: Pelipper
|-heal|p1a: Pelipper|100/100
|-singleturn|p1a: Pelipper|move: Roost
|
|upkeep
|turn|37
|
|t:|1776302848
|move|p2a: Corviknight|Brave Bird|p1a: Pelipper
|-damage|p1a: Pelipper|73/100
|-damage|p2a: Corviknight|93/100|[from] Recoil
|move|p1a: Pelipper|U-turn|p2a: Corviknight
|-resisted|p2a: Corviknight
|-damage|p2a: Corviknight|91/100
|
|t:|1776302850
|switch|p1a: Ogerpon|Ogerpon-Wellspring-Tera, F, tera:Water|9/100|[from] U-turn
|-damage|p1a: Ogerpon|0 fnt|[from] Stealth Rock
|faint|p1a: Ogerpon
|detailschange|p1: Ogerpon|Ogerpon-Wellspring, F|[silent]
|
|upkeep
|
|t:|1776302851
|switch|p1a: Pelipper|Pelipper, F|73/100
|-damage|p1a: Pelipper|48/100|[from] Stealth Rock
|-weather|RainDance|[from] ability: Drizzle|[of] p1a: Pelipper
|turn|38
|
|t:|1776302854
|move|p2a: Corviknight|Brave Bird|p1a: Pelipper
|-damage|p1a: Pelipper|22/100
|-damage|p2a: Corviknight|84/100|[from] Recoil
|move|p1a: Pelipper|Roost|p1a: Pelipper
|-heal|p1a: Pelipper|72/100
|-singleturn|p1a: Pelipper|move: Roost
|
|-weather|RainDance|[upkeep]
|upkeep
|turn|39
|
|t:|1776302857
|move|p2a: Corviknight|Brave Bird|p1a: Pelipper
|-damage|p1a: Pelipper|46/100
|-damage|p2a: Corviknight|77/100|[from] Recoil
|move|p1a: Pelipper|Hurricane|p2a: Corviknight
|-resisted|p2a: Corviknight
|-damage|p2a: Corviknight|60/100
|
|-weather|RainDance|[upkeep]
|upkeep
|turn|40
|
|t:|1776302861
|move|p2a: Corviknight|Roost|p2a: Corviknight
|-heal|p2a: Corviknight|100/100
|-singleturn|p2a: Corviknight|move: Roost
|move|p1a: Pelipper|Roost|p1a: Pelipper
|-heal|p1a: Pelipper|96/100
|-singleturn|p1a: Pelipper|move: Roost
|
|-weather|RainDance|[upkeep]
|upkeep
|turn|41
|
|t:|1776302863
|move|p2a: Corviknight|Brave Bird|p1a: Pelipper
|-damage|p1a: Pelipper|67/100
|-damage|p2a: Corviknight|93/100|[from] Recoil
|move|p1a: Pelipper|Hurricane|p2a: Corviknight
|-resisted|p2a: Corviknight
|-damage|p2a: Corviknight|76/100
|
|-weather|RainDance|[upkeep]
|upkeep
|turn|42
|
|t:|1776302871
|move|p2a: Corviknight|U-turn|p1a: Pelipper
|-resisted|p1a: Pelipper
|-damage|p1a: Pelipper|61/100
|
|t:|1776302872
|switch|p2a: Dragapult|Dragapult, F|36/100|[from] U-turn
|move|p1a: Pelipper|Hurricane|p2a: Dragapult
|-damage|p2a: Dragapult|0 fnt
|faint|p2a: Dragapult
|
|-weather|none
|upkeep
|
|t:|1776302877
|switch|p2a: Corviknight|Corviknight, F|76/100
|-ability|p2a: Corviknight|Pressure
|turn|43
|
|t:|1776302879
|move|p2a: Corviknight|Brave Bird|p1a: Pelipper
|-damage|p1a: Pelipper|34/100
|-damage|p2a: Corviknight|69/100|[from] Recoil
|move|p1a: Pelipper|Roost|p1a: Pelipper
|-heal|p1a: Pelipper|84/100
|-singleturn|p1a: Pelipper|move: Roost
|
|upkeep
|turn|44
|
|t:|1776302884
|move|p2a: Corviknight|Roost|p2a: Corviknight
|-heal|p2a: Corviknight|100/100
|-singleturn|p2a: Corviknight|move: Roost
|move|p1a: Pelipper|Hurricane|p2a: Corviknight|[miss]
|-miss|p1a: Pelipper|p2a: Corviknight
|
|upkeep
|turn|45
|
|t:|1776302887
|switch|p2a: Alomomola|Alomomola, F|84/100
|move|p1a: Pelipper|Hurricane|p2a: Alomomola|[miss]
|-miss|p1a: Pelipper|p2a: Alomomola
|
|upkeep
|turn|46
|
|t:|1776302891
|move|p2a: Alomomola|Flip Turn|p1a: Pelipper
|-resisted|p1a: Pelipper
|-damage|p1a: Pelipper|78/100
|
|t:|1776302892
|switch|p2a: Corviknight|Corviknight, F|100/100|[from] Flip Turn
|-ability|p2a: Corviknight|Pressure
|move|p1a: Pelipper|Hurricane|p2a: Corviknight
|-resisted|p2a: Corviknight
|-damage|p2a: Corviknight|82/100
|-start|p2a: Corviknight|confusion
|
|upkeep
|turn|47
|
|t:|1776302894
|switch|p2a: Alomomola|Alomomola, F|100/100
|move|p1a: Pelipper|U-turn|p2a: Alomomola
|-damage|p2a: Alomomola|95/100
|
|upkeep
|turn|48
|
|t:|1776302896
|move|p2a: Alomomola|Scald|p1a: Pelipper
|-resisted|p1a: Pelipper
|-damage|p1a: Pelipper|69/100
|move|p1a: Pelipper|Knock Off|p2a: Alomomola
|-damage|p2a: Alomomola|90/100
|
|upkeep
|turn|49
|
|t:|1776302900
|move|p2a: Alomomola|Scald|p1a: Pelipper
|-resisted|p1a: Pelipper
|-damage|p1a: Pelipper|59/100
|move|p1a: Pelipper|Knock Off|p2a: Alomomola
|-damage|p2a: Alomomola|85/100
|
|upkeep
|turn|50
|
|t:|1776302901
|move|p2a: Alomomola|Scald|p1a: Pelipper
|-resisted|p1a: Pelipper
|-damage|p1a: Pelipper|49/100
|move|p1a: Pelipper|Roost|p1a: Pelipper
|-heal|p1a: Pelipper|99/100
|-singleturn|p1a: Pelipper|move: Roost
|
|upkeep
|turn|51
|
|t:|1776302905
|move|p2a: Alomomola|Scald|p1a: Pelipper
|-resisted|p1a: Pelipper
|-damage|p1a: Pelipper|90/100
|move|p1a: Pelipper|Knock Off|p2a: Alomomola
|-damage|p2a: Alomomola|80/100
|
|upkeep
|turn|52
|
|t:|1776302906
|move|p2a: Alomomola|Scald|p1a: Pelipper
|-resisted|p1a: Pelipper
|-damage|p1a: Pelipper|80/100
|-status|p1a: Pelipper|brn
|move|p1a: Pelipper|Knock Off|p2a: Alomomola
|-damage|p2a: Alomomola|78/100
|
|-damage|p1a: Pelipper|74/100 brn|[from] brn
|upkeep
|turn|53
|
|t:|1776302909
|move|p2a: Alomomola|Scald|p1a: Pelipper
|-resisted|p1a: Pelipper
|-damage|p1a: Pelipper|65/100 brn
|move|p1a: Pelipper|Knock Off|p2a: Alomomola
|-damage|p2a: Alomomola|75/100
|
|-damage|p1a: Pelipper|58/100 brn|[from] brn
|upkeep
|turn|54
|
|t:|1776302910
|move|p2a: Alomomola|Flip Turn|p1a: Pelipper
|-resisted|p1a: Pelipper
|-damage|p1a: Pelipper|53/100 brn
|
|t:|1776302911
|switch|p2a: Corviknight|Corviknight, F|82/100|[from] Flip Turn
|-ability|p2a: Corviknight|Pressure
|move|p1a: Pelipper|Knock Off|p2a: Corviknight
|-damage|p2a: Corviknight|80/100
|
|-damage|p1a: Pelipper|46/100 brn|[from] brn
|upkeep
|turn|55
|
|t:|1776302913
|move|p2a: Corviknight|Brave Bird|p1a: Pelipper
|-damage|p1a: Pelipper|15/100 brn
|-damage|p2a: Corviknight|71/100|[from] Recoil
|move|p1a: Pelipper|Knock Off|p2a: Corviknight
|-damage|p2a: Corviknight|69/100
|
|-damage|p1a: Pelipper|9/100 brn|[from] brn
|upkeep
|turn|56
|
|t:|1776302914
|move|p2a: Corviknight|Brave Bird|p1a: Pelipper
|-damage|p1a: Pelipper|0 fnt
|faint|p1a: Pelipper
|-damage|p2a: Corviknight|67/100|[from] Recoil
|
|win|hennyhardaway1
|raw|Itadori_san's rating: 1244 &rarr; <strong>1221</strong><br />(-23 for losing)
|raw|hennyhardaway1's rating: 1274 &rarr; <strong>1297</strong><br />(+23 for winning)
|l|☆Itadori_san
|player|p1|
