|html|<div class="broadcast-blue"><strong>[Gen 9] OU is currently suspecting Tera Blast! For information on how to participate check out the <a href="https://www.smogon.com/tools/suspects/view/200">suspect thread</a>.</strong></div>
|j|☆ElectivireGoat
|j|☆newmira45
|t:|1776093675
|gametype|singles
|player|p1|ElectivireGoat|volkner|1327
|player|p2|newmira45|byron|1344
|gen|9
|tier|[Gen 9] OU
|rated|
|rule|HP Percentage Mod: HP is shown in percentages
|rule|Endless Battle Clause: Forcing endless battles is banned
|rule|Species Clause: Limit one of each Pokémon
|rule|OHKO Clause: OHKO moves are banned
|rule|Evasion Items Clause: Evasion items are banned
|rule|Evasion Moves Clause: Evasion moves are banned
|rule|Evasion Abilities Clause: Evasion abilities are banned
|rule|Sleep Moves Clause: Sleep-inducing moves are banned
|clearpoke
|poke|p1|Araquanid, F|
|poke|p1|Electivire, F|
|poke|p1|Volcanion|
|poke|p1|Gholdengo|
|poke|p1|Latias, F|
|poke|p1|Great Tusk|
|poke|p2|Araquanid, M|
|poke|p2|Great Tusk|
|poke|p2|Glimmora, M|
|poke|p2|Dragonite, F|
|poke|p2|Ceruledge, F|
|poke|p2|Iron Valiant|
|teampreview
|inactive|Battle timer is ON: inactive players will automatically lose when time's up. (requested by newmira45)
|
|t:|1776093680
|teamsize|p1|6
|teamsize|p2|6
|start
|switch|p1a: Araqnuanid|Araquanid, F, shiny|100/100
|switch|p2a: Glimmora|Glimmora, M|100/100
|turn|1
|
|t:|1776093683
|move|p2a: Glimmora|Meteor Beam||[still]
|-prepare|p2a: Glimmora|Meteor Beam
|-boost|p2a: Glimmora|spa|1
|-enditem|p2a: Glimmora|Power Herb
|-anim|p2a: Glimmora|Meteor Beam|p1a: Araqnuanid
|-supereffective|p1a: Araqnuanid
|-enditem|p1a: Araqnuanid|Focus Sash
|-damage|p1a: Araqnuanid|1/100
|move|p1a: Araqnuanid|Mirror Coat|p2a: Glimmora
|-damage|p2a: Glimmora|0 fnt
|faint|p2a: Glimmora
|
|upkeep
|
|t:|1776093693
|switch|p2a: Ceruledge|Ceruledge, F|100/100
|turn|2
|
|t:|1776093700
|move|p2a: Ceruledge|Bitter Blade|p1a: Araqnuanid
|-damage|p1a: Araqnuanid|0 fnt
|faint|p1a: Araqnuanid
|
|upkeep
|
|t:|1776093703
|switch|p1a: Volcanion|Volcanion|100/100
|turn|3
|
|t:|1776093709
|move|p2a: Ceruledge|Swords Dance|p2a: Ceruledge
|-boost|p2a: Ceruledge|atk|2
|move|p1a: Volcanion|Steam Eruption|p2a: Ceruledge
|-supereffective|p2a: Ceruledge
|-crit|p2a: Ceruledge
|-enditem|p2a: Ceruledge|Focus Sash
|-damage|p2a: Ceruledge|1/100
|
|upkeep
|turn|4
|
|t:|1776093717
|move|p2a: Ceruledge|Poltergeist|p1a: Volcanion
|-activate|p1a: Volcanion|move: Poltergeist|Leftovers
|-damage|p1a: Volcanion|17/100
|move|p1a: Volcanion|Steam Eruption|p2a: Ceruledge
|-supereffective|p2a: Ceruledge
|-damage|p2a: Ceruledge|0 fnt
|faint|p2a: Ceruledge
|
|-heal|p1a: Volcanion|23/100|[from] item: Leftovers
|upkeep
|
|t:|1776093722
|switch|p2a: Araquanid|Araquanid, M|100/100
|turn|5
|
|t:|1776093731
|move|p1a: Volcanion|Steam Eruption|p2a: Araquanid
|-resisted|p2a: Araquanid
|-damage|p2a: Araquanid|79/100
|-enditem|p2a: Araquanid|Red Card|[of] p1a: Volcanion
|drag|p1a: Booster Ghold|Gholdengo|100/100
|-item|p1a: Booster Ghold|Air Balloon
|move|p2a: Araquanid|Sticky Web|p1a: Booster Ghold
|-sidestart|p1: ElectivireGoat|move: Sticky Web
|
|upkeep
|turn|6
|
|t:|1776093742
|move|p1a: Booster Ghold|Thunder Wave|p2a: Araquanid
|-status|p2a: Araquanid|par
|cant|p2a: Araquanid|par
|
|upkeep
|turn|7
|
|t:|1776093746
|move|p1a: Booster Ghold|Hex|p2a: Araquanid
|-damage|p2a: Araquanid|33/100 par
|move|p2a: Araquanid|Surf|p1a: Booster Ghold
|-damage|p1a: Booster Ghold|55/100
|-enditem|p1a: Booster Ghold|Air Balloon
|
|upkeep
|turn|8
|
|t:|1776093751
|move|p1a: Booster Ghold|Hex|p2a: Araquanid
|-damage|p2a: Araquanid|0 fnt
|faint|p2a: Araquanid
|
|upkeep
|
|t:|1776093756
|switch|p2a: Great Tusk|Great Tusk|100/100
|-enditem|p2a: Great Tusk|Booster Energy
|-activate|p2a: Great Tusk|ability: Protosynthesis|[fromitem]
|-start|p2a: Great Tusk|protosynthesisatk
|turn|9
|
|t:|1776093763
|switch|p1a: Windblade|Latias, F|100/100
|move|p2a: Great Tusk|Ice Spinner|p1a: Windblade
|-supereffective|p1a: Windblade
|-damage|p1a: Windblade|43/100
|-enditem|p1a: Windblade|Weakness Policy
|-boost|p1a: Windblade|atk|2|[from] item: Weakness Policy
|-boost|p1a: Windblade|spa|2|[from] item: Weakness Policy
|
|upkeep
|turn|10
|
|t:|1776093770
|move|p2a: Great Tusk|Ice Spinner|p1a: Windblade
|-supereffective|p1a: Windblade
|-damage|p1a: Windblade|0 fnt
|faint|p1a: Windblade
|
|upkeep
|
|t:|1776093776
|switch|p1a: Rapid Spinjitsu|Great Tusk|100/100
|-activate|p1a: Rapid Spinjitsu|move: Sticky Web
|-unboost|p1a: Rapid Spinjitsu|spe|1
|turn|11
|
|t:|1776093781
|-terastallize|p1a: Rapid Spinjitsu|Ice
|move|p1a: Rapid Spinjitsu|Ice Spinner|p2a: Great Tusk
|-supereffective|p2a: Great Tusk
|-damage|p2a: Great Tusk|39/100
|move|p2a: Great Tusk|Ice Spinner|p1a: Rapid Spinjitsu
|-resisted|p1a: Rapid Spinjitsu
|-damage|p1a: Rapid Spinjitsu|87/100
|
|upkeep
|turn|12
|
|t:|1776093786
|-end|p1a: Rapid Spinjitsu|Protosynthesis|[silent]
|switch|p1a: Booster Ghold|Gholdengo|55/100
|-activate|p1a: Booster Ghold|move: Sticky Web
|-unboost|p1a: Booster Ghold|spe|1
|move|p2a: Great Tusk|Rapid Spin|p1a: Booster Ghold
|-immune|p1a: Booster Ghold
|
|upkeep
|turn|13
|
|t:|1776093802
|move|p2a: Great Tusk|Headlong Rush|p1a: Booster Ghold
|-supereffective|p1a: Booster Ghold
|-damage|p1a: Booster Ghold|0 fnt
|-unboost|p2a: Great Tusk|def|1
|-unboost|p2a: Great Tusk|spd|1
|faint|p1a: Booster Ghold
|
|upkeep
|
|t:|1776093805
|switch|p1a: Rapid Spinjitsu|Great Tusk, tera:Ice|87/100
|-activate|p1a: Rapid Spinjitsu|move: Sticky Web
|-unboost|p1a: Rapid Spinjitsu|spe|1
|turn|14
|
|t:|1776093809
|move|p1a: Rapid Spinjitsu|Ice Spinner|p2a: Great Tusk
|-supereffective|p2a: Great Tusk
|-damage|p2a: Great Tusk|0 fnt
|faint|p2a: Great Tusk
|-end|p2a: Great Tusk|Protosynthesis|[silent]
|
|upkeep
|
|t:|1776093816
|switch|p2a: Iron Valiant|Iron Valiant|100/100
|-enditem|p2a: Iron Valiant|Booster Energy
|-activate|p2a: Iron Valiant|ability: Quark Drive|[fromitem]
|-start|p2a: Iron Valiant|quarkdrivespa
|turn|15
|
|t:|1776093819
|-end|p1a: Rapid Spinjitsu|Protosynthesis|[silent]
|switch|p1a: Volcanion|Volcanion|23/100
|-activate|p1a: Volcanion|move: Sticky Web
|-unboost|p1a: Volcanion|spe|1
|move|p2a: Iron Valiant|Aura Sphere|p1a: Volcanion
|-crit|p1a: Volcanion
|-damage|p1a: Volcanion|0 fnt
|faint|p1a: Volcanion
|
|upkeep
|
|t:|1776093821
|switch|p1a: Alex Voltanovski|Electivire, F|100/100
|-activate|p1a: Alex Voltanovski|move: Sticky Web
|-unboost|p1a: Alex Voltanovski|spe|1
|turn|16
|
|t:|1776093824
|move|p2a: Iron Valiant|Moonblast|p1a: Alex Voltanovski
|-damage|p1a: Alex Voltanovski|7/100
|move|p1a: Alex Voltanovski|Supercell Slam|p2a: Iron Valiant
|-damage|p2a: Iron Valiant|23/100
|-damage|p1a: Alex Voltanovski|0 fnt|[from] item: Life Orb
|faint|p1a: Alex Voltanovski
|
|upkeep
|
|t:|1776093827
|switch|p1a: Rapid Spinjitsu|Great Tusk, tera:Ice|87/100
|-activate|p1a: Rapid Spinjitsu|move: Sticky Web
|-unboost|p1a: Rapid Spinjitsu|spe|1
|turn|17
|
|t:|1776093830
|move|p2a: Iron Valiant|Aura Sphere|p1a: Rapid Spinjitsu
|-supereffective|p1a: Rapid Spinjitsu
|-crit|p1a: Rapid Spinjitsu
|-damage|p1a: Rapid Spinjitsu|0 fnt
|faint|p1a: Rapid Spinjitsu
|-end|p1a: Rapid Spinjitsu|Protosynthesis|[silent]
|
|win|newmira45
|raw|ElectivireGoat's rating: 1327 &rarr; <strong>1308</strong><br />(-19 for losing)
|raw|newmira45's rating: 1344 &rarr; <strong>1363</strong><br />(+19 for winning)
|l|☆ElectivireGoat
|player|p1|
|l|☆newmira45
|player|p2|
