|html|<div class="broadcast-blue"><strong>[Gen 9] OU is currently suspecting Tera Blast! For information on how to participate check out the <a href="https://www.smogon.com/tools/suspects/view/200">suspect thread</a>.</strong></div>
|j|☆toucan1997
|j|☆hat_fm
|t:|1776300975
|gametype|singles
|player|p1|toucan1997|1|
|player|p2|hat_fm|169|
|gen|9
|tier|[Gen 9] OU
|rule|HP Percentage Mod: HP is shown in percentages
|rule|Endless Battle Clause: Forcing endless battles is banned
|rule|Species Clause: Limit one of each Pokémon
|rule|OHKO Clause: OHKO moves are banned
|rule|Evasion Items Clause: Evasion items are banned
|rule|Evasion Moves Clause: Evasion moves are banned
|rule|Evasion Abilities Clause: Evasion abilities are banned
|rule|Sleep Moves Clause: Sleep-inducing moves are banned
|clearpoke
|poke|p1|Walking Wake|
|poke|p1|Pecharunt|
|poke|p1|Excadrill, M|
|poke|p1|Mandibuzz, F|
|poke|p1|Ninetales, F|
|poke|p1|Venusaur, F|
|poke|p2|Zamazenta-*|
|poke|p2|Ceruledge, F|
|poke|p2|Scizor, M|
|poke|p2|Donphan, F|
|poke|p2|Lycanroc-Dusk, F|
|poke|p2|Florges, F|
|teampreview
|
|t:|1776301077
|teamsize|p1|6
|teamsize|p2|6
|start
|switch|p1a: Ninetales|Ninetales, F|100/100
|switch|p2a: Donphan|Donphan, F|100/100
|-weather|SunnyDay|[from] ability: Drought|[of] p1a: Ninetales
|turn|1
|
|t:|1776301096
|move|p1a: Ninetales|Will-O-Wisp|p2a: Donphan
|-status|p2a: Donphan|brn
|move|p2a: Donphan|Stealth Rock|p1a: Ninetales
|-sidestart|p1: toucan1997|move: Stealth Rock
|
|-weather|SunnyDay|[upkeep]
|-damage|p2a: Donphan|94/100 brn|[from] brn
|upkeep
|turn|2
|
|t:|1776301112
|move|p1a: Ninetales|Overheat|p2a: Donphan
|-damage|p2a: Donphan|20/100 brn
|-unboost|p1a: Ninetales|spa|2
|move|p2a: Donphan|Knock Off|p1a: Ninetales
|-damage|p1a: Ninetales|81/100
|-enditem|p1a: Ninetales|Heat Rock|[from] move: Knock Off|[of] p2a: Donphan
|
|-weather|SunnyDay|[upkeep]
|-damage|p2a: Donphan|14/100 brn|[from] brn
|upkeep
|turn|3
|
|t:|1776301135
|switch|p1a: Mandibuzz|Mandibuzz, F|100/100
|move|p2a: Donphan|Rapid Spin|p1a: Mandibuzz
|-damage|p1a: Mandibuzz|96/100
|-boost|p2a: Donphan|spe|1
|
|-weather|SunnyDay|[upkeep]
|-damage|p2a: Donphan|7/100 brn|[from] brn
|upkeep
|turn|4
|
|t:|1776301149
|move|p2a: Donphan|Knock Off|p1a: Mandibuzz
|-resisted|p1a: Mandibuzz
|-damage|p1a: Mandibuzz|91/100
|-enditem|p1a: Mandibuzz|Heavy-Duty Boots|[from] move: Knock Off|[of] p2a: Donphan
|move|p1a: Mandibuzz|Defog|p2a: Donphan
|-unboost|p2a: Donphan|evasion|1
|-sideend|p1: toucan1997|Stealth Rock|[from] move: Defog|[of] p1a: Mandibuzz
|
|-weather|SunnyDay|[upkeep]
|-damage|p2a: Donphan|1/100 brn|[from] brn
|upkeep
|turn|5
|
|t:|1776301162
|move|p2a: Donphan|Stealth Rock|p1a: Mandibuzz
|-sidestart|p1: toucan1997|move: Stealth Rock
|move|p1a: Mandibuzz|Defog|p2a: Donphan
|-unboost|p2a: Donphan|evasion|1
|-sideend|p1: toucan1997|Stealth Rock|[from] move: Defog|[of] p1a: Mandibuzz
|
|-weather|SunnyDay|[upkeep]
|-damage|p2a: Donphan|0 fnt|[from] brn
|faint|p2a: Donphan
|upkeep
|
|t:|1776301184
|switch|p2a: Lycanroc|Lycanroc-Dusk, F|100/100
|turn|6
|
|t:|1776301226
|switch|p2a: Florges|Florges, F|100/100
|switch|p1a: Venusaur|Venusaur, F|100/100
|
|-weather|SunnyDay|[upkeep]
|upkeep
|turn|7
|
|t:|1776301258
|switch|p2a: Scizor|Scizor, M|100/100
|move|p1a: Venusaur|Earth Power|p2a: Scizor
|-damage|p2a: Scizor|62/100
|
|-weather|SunnyDay|[upkeep]
|upkeep
|turn|8
|
|t:|1776301302
|move|p1a: Venusaur|Earth Power|p2a: Scizor
|-damage|p2a: Scizor|24/100
|move|p2a: Scizor|U-turn|p1a: Venusaur
|-damage|p1a: Venusaur|33/100
|-damage|p2a: Scizor|14/100|[from] item: Life Orb
|
|t:|1776301324
|switch|p2a: Ceruledge|Ceruledge, F|100/100|[from] U-turn
|
|-weather|none
|upkeep
|turn|9
|
|t:|1776301346
|switch|p1a: Pecharunt|Pecharunt|100/100
|move|p2a: Ceruledge|Swords Dance|p2a: Ceruledge
|-boost|p2a: Ceruledge|atk|2
|
|upkeep
|turn|10
|
|t:|1776301383
|move|p2a: Ceruledge|Poltergeist|p1a: Pecharunt
|-activate|p1a: Pecharunt|move: Poltergeist|Rocky Helmet
|-supereffective|p1a: Pecharunt
|-damage|p1a: Pecharunt|0 fnt
|faint|p1a: Pecharunt
|
|upkeep
|
|t:|1776301414
|switch|p1a: Ninetales|Ninetales, F|81/100
|-weather|SunnyDay|[from] ability: Drought|[of] p1a: Ninetales
|turn|11
|
|t:|1776301434
|move|p1a: Ninetales|Overheat|p2a: Ceruledge
|-resisted|p2a: Ceruledge
|-damage|p2a: Ceruledge|67/100
|-unboost|p1a: Ninetales|spa|2
|move|p2a: Ceruledge|Bitter Blade|p1a: Ninetales
|-resisted|p1a: Ninetales
|-damage|p1a: Ninetales|0 fnt
|-heal|p2a: Ceruledge|100/100|[from] drain|[of] p1a: Ninetales
|faint|p1a: Ninetales
|
|-weather|SunnyDay|[upkeep]
|upkeep
|
|t:|1776301448
|switch|p1a: Venusaur|Venusaur, F|33/100
|turn|12
|
|t:|1776301459
|move|p1a: Venusaur|Earth Power|p2a: Ceruledge
|-supereffective|p2a: Ceruledge
|-damage|p2a: Ceruledge|34/100
|move|p2a: Ceruledge|Bitter Blade|p1a: Venusaur
|-supereffective|p1a: Venusaur
|-damage|p1a: Venusaur|0 fnt
|-heal|p2a: Ceruledge|51/100|[from] drain|[of] p1a: Venusaur
|faint|p1a: Venusaur
|
|-weather|SunnyDay|[upkeep]
|upkeep
|
|t:|1776301468
|switch|p1a: Walking Wake|Walking Wake|100/100
|-activate|p1a: Walking Wake|ability: Protosynthesis
|-start|p1a: Walking Wake|protosynthesisspe
|turn|13
|
|t:|1776301476
|move|p2a: Ceruledge|Shadow Sneak|p1a: Walking Wake
|-damage|p1a: Walking Wake|53/100
|move|p1a: Walking Wake|Hydro Steam|p2a: Ceruledge
|-supereffective|p2a: Ceruledge
|-damage|p2a: Ceruledge|0 fnt
|faint|p2a: Ceruledge
|
|-weather|SunnyDay|[upkeep]
|upkeep
|
|t:|1776301484
|switch|p2a: Florges|Florges, F|100/100
|turn|14
|
|t:|1776301502
|-end|p1a: Walking Wake|Protosynthesis|[silent]
|switch|p1a: Excadrill|Excadrill, M|100/100
|-ability|p1a: Excadrill|Mold Breaker
|-terastallize|p2a: Florges|Grass
|move|p2a: Florges|Moonblast|p1a: Excadrill
|-resisted|p1a: Excadrill
|-damage|p1a: Excadrill|68/100
|-unboost|p1a: Excadrill|spa|1
|
|-weather|SunnyDay|[upkeep]
|upkeep
|turn|15
|
|t:|1776301520
|move|p1a: Excadrill|Iron Head|p2a: Florges
|-damage|p2a: Florges|48/100
|move|p2a: Florges|Giga Drain|p1a: Excadrill
|-damage|p1a: Excadrill|13/100
|-heal|p2a: Florges|78/100|[from] drain|[of] p1a: Excadrill
|
|-weather|none
|-heal|p2a: Florges|84/100|[from] item: Leftovers
|upkeep
|turn|16
|
|t:|1776301530
|move|p1a: Excadrill|Iron Head|p2a: Florges
|-damage|p2a: Florges|29/100
|cant|p2a: Florges|flinch
|
|-heal|p2a: Florges|35/100|[from] item: Leftovers
|upkeep
|turn|17
|
|t:|1776301592
|switch|p2a: Zamazenta|Zamazenta|100/100
|-ability|p2a: Zamazenta|Dauntless Shield|boost
|-boost|p2a: Zamazenta|def|1
|move|p1a: Excadrill|Iron Head|p2a: Zamazenta
|-damage|p2a: Zamazenta|79/100
|
|-heal|p2a: Zamazenta|85/100|[from] item: Leftovers
|upkeep
|turn|18
|
|t:|1776301616
|switch|p1a: Walking Wake|Walking Wake|53/100
|move|p2a: Zamazenta|Iron Defense|p2a: Zamazenta
|-boost|p2a: Zamazenta|def|2
|
|-heal|p2a: Zamazenta|91/100|[from] item: Leftovers
|upkeep
|turn|19
|
|t:|1776301629
|move|p2a: Zamazenta|Body Press|p1a: Walking Wake
|-damage|p1a: Walking Wake|0 fnt
|faint|p1a: Walking Wake
|-end|p1a: Walking Wake|Protosynthesis|[silent]
|
|-heal|p2a: Zamazenta|97/100|[from] item: Leftovers
|upkeep
|
|t:|1776301635
|switch|p1a: Excadrill|Excadrill, M|13/100
|-ability|p1a: Excadrill|Mold Breaker
|turn|20
|
|t:|1776301641
|move|p1a: Excadrill|Earthquake|p2a: Zamazenta
|-damage|p2a: Zamazenta|82/100
|move|p2a: Zamazenta|Body Press|p1a: Excadrill
|-supereffective|p1a: Excadrill
|-damage|p1a: Excadrill|0 fnt
|faint|p1a: Excadrill
|
|-heal|p2a: Zamazenta|88/100|[from] item: Leftovers
|upkeep
|
|t:|1776301650
|switch|p1a: Mandibuzz|Mandibuzz, F|91/100
|turn|21
|
|t:|1776301655
|move|p2a: Zamazenta|Body Press|p1a: Mandibuzz
|-damage|p1a: Mandibuzz|30/100
|move|p1a: Mandibuzz|Knock Off|p2a: Zamazenta
|-resisted|p2a: Zamazenta
|-damage|p2a: Zamazenta|85/100
|-enditem|p2a: Zamazenta|Leftovers|[from] move: Knock Off|[of] p1a: Mandibuzz
|
|upkeep
|turn|22
|
|t:|1776301662
|move|p2a: Zamazenta|Body Press|p1a: Mandibuzz
|-crit|p1a: Mandibuzz
|-damage|p1a: Mandibuzz|0 fnt
|faint|p1a: Mandibuzz
|
|win|hat_fm
