|html|<div class="broadcast-blue"><strong>[Gen 9] OU is currently suspecting Tera Blast! For information on how to participate check out the <a href="https://www.smogon.com/tools/suspects/view/200">suspect thread</a>.</strong></div>
|j|☆partisanpizza
|j|☆hes just a keed
|t:|1776059455
|gametype|singles
|player|p1|partisanpizza|bugcatcher-gen4dp|1164
|player|p2|hes just a keed|melony|1118
|gen|9
|tier|[Gen 9] OU
|rated|
|rule|HP Percentage Mod: HP is shown in percentages
|rule|Endless Battle Clause: Forcing endless battles is banned
|rule|Species Clause: Limit one of each Pokémon
|rule|OHKO Clause: OHKO moves are banned
|rule|Evasion Items Clause: Evasion items are banned
|rule|Evasion Moves Clause: Evasion moves are banned
|rule|Evasion Abilities Clause: Evasion abilities are banned
|rule|Sleep Moves Clause: Sleep-inducing moves are banned
|clearpoke
|poke|p1|Gliscor, F|
|poke|p1|Rotom-Wash|
|poke|p1|Politoed, M|
|poke|p1|Pelipper, F|
|poke|p1|Kingdra, M|
|poke|p1|Scizor, F|
|poke|p2|Articuno-Galar|
|poke|p2|Cinderace, M|
|poke|p2|Kingambit, M|
|poke|p2|Araquanid, F|
|poke|p2|Serperior, M|
|poke|p2|Hatterene, F|
|teampreview
|j| ohko_smeargle
|
|t:|1776059461
|teamsize|p1|6
|teamsize|p2|6
|start
|switch|p1a: Gloober|Gliscor, F|100/100
|switch|p2a: Araquanid|Araquanid, F|100/100
|turn|1
|
|t:|1776059469
|move|p1a: Gloober|Toxic|p2a: Araquanid
|-status|p2a: Araquanid|tox
|move|p2a: Araquanid|Surf|p1a: Gloober
|-supereffective|p1a: Gloober
|-damage|p1a: Gloober|0 fnt
|faint|p1a: Gloober
|
|-damage|p2a: Araquanid|94/100 tox|[from] psn
|upkeep
|c|☆hes just a keed|Bro has 4 water types
|
|t:|1776059478
|switch|p1a: Bunnings|Rotom-Wash|100/100
|turn|2
|
|t:|1776059482
|move|p1a: Bunnings|Nasty Plot|p1a: Bunnings
|-boost|p1a: Bunnings|spa|2
|move|p2a: Araquanid|Sticky Web|p1a: Bunnings
|-sidestart|p1: partisanpizza|move: Sticky Web
|
|-damage|p2a: Araquanid|82/100 tox|[from] psn
|upkeep
|turn|3
|c|☆partisanpizza|yes
|
|t:|1776059490
|move|p1a: Bunnings|Thunderbolt|p2a: Araquanid
|-supereffective|p2a: Araquanid
|-damage|p2a: Araquanid|0 fnt
|faint|p2a: Araquanid
|
|upkeep
|
|t:|1776059495
|switch|p2a: Serperior|Serperior, M|100/100
|turn|4
|
|t:|1776059504
|switch|p1a: Sloober|Scizor, F|100/100
|-activate|p1a: Sloober|move: Sticky Web
|-unboost|p1a: Sloober|spe|1
|move|p2a: Serperior|Substitute|p2a: Serperior
|-start|p2a: Serperior|Substitute
|-damage|p2a: Serperior|76/100
|
|-heal|p2a: Serperior|82/100|[from] item: Leftovers
|upkeep
|turn|5
|c|☆hes just a keed|But decided "nah ill sack glicscor to poison this"
|
|t:|1776059522
|switch|p2a: Cinderace|Cinderace, M|100/100
|move|p1a: Sloober|Tailwind|p1a: Sloober
|-sidestart|p1: partisanpizza|move: Tailwind
|
|upkeep
|turn|6
|c|☆partisanpizza|indeed
|
|t:|1776059533
|switch|p1a: Goobert|Politoed, M|100/100
|-activate|p1a: Goobert|move: Sticky Web
|-unboost|p1a: Goobert|spe|1
|-weather|RainDance|[from] ability: Drizzle|[of] p1a: Goobert
|move|p2a: Cinderace|Court Change|p2a: Cinderace
|-swapsideconditions
|-activate|p2a: Cinderace|move: Court Change
|
|-weather|RainDance|[upkeep]
|upkeep
|turn|7
|
|t:|1776059545
|switch|p2a: Serperior|Serperior, M|82/100
|-activate|p2a: Serperior|move: Sticky Web
|-boost|p2a: Serperior|spe|1
|move|p1a: Goobert|Earth Power|p2a: Serperior
|-resisted|p2a: Serperior
|-damage|p2a: Serperior|69/100
|
|-weather|RainDance|[upkeep]
|-heal|p2a: Serperior|75/100|[from] item: Leftovers
|upkeep
|turn|8
|
|t:|1776059556
|-terastallize|p1a: Goobert|Grass
|move|p2a: Serperior|Leech Seed|p1a: Goobert
|-immune|p1a: Goobert
|move|p1a: Goobert|Ice Beam|p2a: Serperior
|-supereffective|p2a: Serperior
|-damage|p2a: Serperior|22/100
|
|-weather|RainDance|[upkeep]
|-heal|p2a: Serperior|28/100|[from] item: Leftovers
|-sideend|p2: hes just a keed|move: Tailwind
|upkeep
|turn|9
|
|t:|1776059567
|move|p2a: Serperior|Dragon Pulse|p1a: Goobert
|-damage|p1a: Goobert|84/100
|move|p1a: Goobert|Ice Beam|p2a: Serperior
|-supereffective|p2a: Serperior
|-damage|p2a: Serperior|0 fnt
|faint|p2a: Serperior
|
|-weather|RainDance|[upkeep]
|upkeep
|
|t:|1776059574
|switch|p2a: Articuno|Articuno-Galar|100/100
|-activate|p2a: Articuno|move: Sticky Web
|-unboost|p2a: Articuno|spe|1
|-ability|p2a: Articuno|Competitive|boost
|-boost|p2a: Articuno|spa|2
|turn|10
|
|t:|1776059580
|move|p1a: Goobert|Haze|p1a: Goobert
|-clearallboost
|move|p2a: Articuno|Trick Room|p2a: Articuno
|-fieldstart|move: Trick Room|[of] p2a: Articuno
|
|-weather|RainDance|[upkeep]
|upkeep
|turn|11
|
|t:|1776059587
|move|p2a: Articuno|Hurricane|p1a: Goobert
|-supereffective|p1a: Goobert
|-damage|p1a: Goobert|0 fnt
|faint|p1a: Goobert
|
|-weather|RainDance|[upkeep]
|upkeep
|
|t:|1776059593
|switch|p1a: Bunnings|Rotom-Wash|100/100
|turn|12
|
|t:|1776059601
|switch|p2a: Cinderace|Cinderace, M|100/100
|move|p1a: Bunnings|Thunderbolt|p2a: Cinderace
|-damage|p2a: Cinderace|47/100
|
|-weather|RainDance|[upkeep]
|upkeep
|turn|13
|
|t:|1776059607
|move|p1a: Bunnings|Thunderbolt|p2a: Cinderace
|-damage|p2a: Cinderace|0 fnt
|faint|p2a: Cinderace
|
|-weather|none
|upkeep
|
|t:|1776059609
|switch|p2a: Articuno|Articuno-Galar|100/100
|-activate|p2a: Articuno|move: Sticky Web
|-unboost|p2a: Articuno|spe|1
|-ability|p2a: Articuno|Competitive|boost
|-boost|p2a: Articuno|spa|2
|turn|14
|
|t:|1776059615
|move|p2a: Articuno|Freezing Glare|p1a: Bunnings
|-damage|p1a: Bunnings|0 fnt
|faint|p1a: Bunnings
|
|-fieldend|move: Trick Room
|upkeep
|
|t:|1776059621
|switch|p1a: Sloober|Scizor, F|100/100
|turn|15
|
|t:|1776059627
|move|p1a: Sloober|Tailwind|p1a: Sloober
|-sidestart|p1: partisanpizza|move: Tailwind
|move|p2a: Articuno|Trick Room|p2a: Articuno
|-fieldstart|move: Trick Room|[of] p2a: Articuno
|
|upkeep
|turn|16
|
|t:|1776059632
|move|p2a: Articuno|Hurricane|p1a: Sloober
|-damage|p1a: Sloober|0 fnt
|faint|p1a: Sloober
|
|upkeep
|
|t:|1776059637
|switch|p1a: Ploober|Pelipper, F|100/100
|-weather|RainDance|[from] ability: Drizzle|[of] p1a: Ploober
|turn|17
|
|t:|1776059642
|move|p2a: Articuno|Hurricane|p1a: Ploober
|-damage|p1a: Ploober|0 fnt
|faint|p1a: Ploober
|
|-weather|RainDance|[upkeep]
|upkeep
|
|t:|1776059647
|switch|p1a: Louis XVI|Kingdra, M|100/100
|turn|18
|
|t:|1776059652
|move|p2a: Articuno|Hurricane|p1a: Louis XVI
|-damage|p1a: Louis XVI|0 fnt
|faint|p1a: Louis XVI
|
|win|hes just a keed
|raw|partisanpizza's rating: 1164 &rarr; <strong>1136</strong><br />(-28 for losing)
|raw|hes just a keed's rating: 1118 &rarr; <strong>1146</strong><br />(+28 for winning)
|l|☆hes just a keed
|player|p2|
|l| ohko_smeargle
|c|☆partisanpizza|gg
|l|☆partisanpizza
|player|p1|
