|html|<div class="broadcast-blue"><strong>[Gen 9] OU is currently suspecting Tera Blast! For information on how to participate check out the <a href="https://www.smogon.com/tools/suspects/view/200">suspect thread</a>.</strong></div>
|j|☆ridleyfr
|j|☆davey scatino
|t:|1776289738
|gametype|singles
|player|p1|ridleyfr|dawn|1603
|player|p2|davey scatino|lucas|1548
|gen|9
|tier|[Gen 9] OU
|rated|
|rule|HP Percentage Mod: HP is shown in percentages
|rule|Endless Battle Clause: Forcing endless battles is banned
|rule|Species Clause: Limit one of each Pokémon
|rule|OHKO Clause: OHKO moves are banned
|rule|Evasion Items Clause: Evasion items are banned
|rule|Evasion Moves Clause: Evasion moves are banned
|rule|Evasion Abilities Clause: Evasion abilities are banned
|rule|Sleep Moves Clause: Sleep-inducing moves are banned
|clearpoke
|poke|p1|Gliscor, M|
|poke|p1|Heatran, M|
|poke|p1|Sinistcha|
|poke|p1|Corviknight, M|
|poke|p1|Tentacruel, M|
|poke|p1|Darkrai|
|poke|p2|Manaphy|
|poke|p2|Clodsire, M|
|poke|p2|Great Tusk|
|poke|p2|Zamazenta-*|
|poke|p2|Darkrai|
|poke|p2|Lokix, F|
|teampreview
|inactive|Battle timer is ON: inactive players will automatically lose when time's up. (requested by davey scatino)
|inactive|ridleyfr also wants the timer to be on.
|
|t:|1776289750
|teamsize|p1|6
|teamsize|p2|6
|start
|switch|p1a: MEGA KNIGHT|Corviknight, M|100/100
|switch|p2a: Bully|Darkrai|100/100
|-ability|p1a: MEGA KNIGHT|Pressure
|turn|1
|
|t:|1776289763
|move|p2a: Bully|Dark Pulse|p1a: MEGA KNIGHT
|-crit|p1a: MEGA KNIGHT
|-damage|p1a: MEGA KNIGHT|44/100
|move|p1a: MEGA KNIGHT|U-turn|p2a: Bully
|-supereffective|p2a: Bully
|-damage|p2a: Bully|63/100
|
|t:|1776289769
|switch|p1a: Hephaepstein|Heatran, M|100/100|[from] U-turn
|
|upkeep
|turn|2
|
|t:|1776289773
|switch|p2a: the don|Great Tusk|100/100
|move|p1a: Hephaepstein|Will-O-Wisp|p2a: the don
|-status|p2a: the don|brn
|
|-damage|p2a: the don|94/100 brn|[from] brn
|upkeep
|turn|3
|
|t:|1776289777
|switch|p1a: MEGA KNIGHT|Corviknight, M|44/100
|-ability|p1a: MEGA KNIGHT|Pressure
|move|p2a: the don|Knock Off|p1a: MEGA KNIGHT
|-crit|p1a: MEGA KNIGHT
|-damage|p1a: MEGA KNIGHT|32/100
|-damage|p2a: the don|78/100 brn|[from] item: Rocky Helmet|[of] p1a: MEGA KNIGHT
|-enditem|p1a: MEGA KNIGHT|Rocky Helmet|[from] move: Knock Off|[of] p2a: the don
|
|-heal|p2a: the don|84/100 brn|[from] item: Leftovers
|-damage|p2a: the don|78/100 brn|[from] brn
|upkeep
|turn|4
|
|t:|1776289785
|-end|p2a: the don|Protosynthesis|[silent]
|switch|p2a: Clodie|Clodsire, M|100/100
|move|p1a: MEGA KNIGHT|Roost|p1a: MEGA KNIGHT
|-heal|p1a: MEGA KNIGHT|82/100
|-singleturn|p1a: MEGA KNIGHT|move: Roost
|
|upkeep
|turn|5
|
|t:|1776289788
|move|p1a: MEGA KNIGHT|U-turn|p2a: Clodie
|-resisted|p2a: Clodie
|-damage|p2a: Clodie|92/100
|
|t:|1776289792
|switch|p1a: Gliskibidi|Gliscor, M|100/100|[from] U-turn
|move|p2a: Clodie|Stealth Rock|p1a: Gliskibidi
|-sidestart|p1: ridleyfr|move: Stealth Rock
|
|-heal|p2a: Clodie|99/100|[from] item: Leftovers
|-status|p1a: Gliskibidi|tox|[from] item: Toxic Orb
|upkeep
|turn|6
|
|t:|1776289795
|switch|p2a: Bully|Darkrai|63/100
|move|p1a: Gliskibidi|Knock Off|p2a: Bully
|-resisted|p2a: Bully
|-damage|p2a: Bully|48/100
|-enditem|p2a: Bully|Choice Scarf|[from] move: Knock Off|[of] p1a: Gliskibidi
|
|upkeep
|turn|7
|
|t:|1776289800
|switch|p1a: Hephaepstein|Heatran, M|100/100
|-damage|p1a: Hephaepstein|88/100|[from] Stealth Rock
|move|p2a: Bully|Ice Beam|p1a: Hephaepstein
|-resisted|p1a: Hephaepstein
|-damage|p1a: Hephaepstein|83/100
|
|-heal|p1a: Hephaepstein|89/100|[from] item: Leftovers
|upkeep
|turn|8
|
|t:|1776289806
|move|p2a: Bully|Trick|p1a: Hephaepstein
|-activate|p2a: Bully|move: Trick|[of] p1a: Hephaepstein
|-enditem|p1a: Hephaepstein|Leftovers|[silent]|[from] move: Trick
|-item|p2a: Bully|Leftovers|[from] move: Trick
|move|p1a: Hephaepstein|Stealth Rock|p2a: Bully
|-sidestart|p2: davey scatino|move: Stealth Rock
|
|-heal|p2a: Bully|54/100|[from] item: Leftovers
|upkeep
|turn|9
|
|t:|1776289810
|move|p2a: Bully|Dark Pulse|p1a: Hephaepstein
|-damage|p1a: Hephaepstein|62/100
|move|p1a: Hephaepstein|Magma Storm|p2a: Bully|[miss]
|-miss|p1a: Hephaepstein|p2a: Bully
|
|-heal|p2a: Bully|60/100|[from] item: Leftovers
|upkeep
|turn|10
|
|t:|1776289824
|move|p2a: Bully|Dark Pulse|p1a: Hephaepstein
|-damage|p1a: Hephaepstein|32/100
|move|p1a: Hephaepstein|Magma Storm|p2a: Bully
|-damage|p2a: Bully|3/100
|-activate|p2a: Bully|move: Magma Storm|[of] p1a: Hephaepstein
|
|-heal|p2a: Bully|9/100|[from] item: Leftovers
|-damage|p2a: Bully|0 fnt|[from] move: Magma Storm|[partiallytrapped]
|faint|p2a: Bully
|upkeep
|
|t:|1776289832
|switch|p2a: the don|Great Tusk|78/100 brn
|-damage|p2a: the don|75/100 brn|[from] Stealth Rock
|turn|11
|
|t:|1776289838
|switch|p1a: Charlie Kirsch|Sinistcha|100/100
|move|p2a: the don|Rapid Spin|p1a: Charlie Kirsch
|-immune|p1a: Charlie Kirsch
|
|-heal|p2a: the don|81/100 brn|[from] item: Leftovers
|-damage|p2a: the don|75/100 brn|[from] brn
|upkeep
|turn|12
|
|t:|1776289843
|move|p2a: the don|Knock Off|p1a: Charlie Kirsch
|-supereffective|p1a: Charlie Kirsch
|-damage|p1a: Charlie Kirsch|80/100
|-enditem|p1a: Charlie Kirsch|Heavy-Duty Boots|[from] move: Knock Off|[of] p2a: the don
|move|p1a: Charlie Kirsch|Matcha Gotcha|p2a: the don
|-supereffective|p2a: the don
|-damage|p2a: the don|0 fnt
|-heal|p1a: Charlie Kirsch|100/100|[from] drain|[of] p2a: the don
|faint|p2a: the don
|-end|p2a: the don|Protosynthesis|[silent]
|
|upkeep
|
|t:|1776289858
|switch|p2a: Clodie|Clodsire, M|99/100
|-damage|p2a: Clodie|92/100|[from] Stealth Rock
|turn|13
|
|t:|1776289861
|switch|p1a: Gliskibidi|Gliscor, M|100/100 tox
|-damage|p1a: Gliskibidi|88/100 tox|[from] Stealth Rock
|move|p2a: Clodie|Toxic|p1a: Gliskibidi
|-fail|p1a: Gliskibidi|tox
|
|-heal|p2a: Clodie|99/100|[from] item: Leftovers
|-heal|p1a: Gliskibidi|100/100 tox|[from] ability: Poison Heal
|upkeep
|turn|14
|
|t:|1776289868
|switch|p2a: ON SIGHT|Lokix, F|100/100
|-damage|p2a: ON SIGHT|76/100|[from] Stealth Rock
|move|p1a: Gliskibidi|Knock Off|p2a: ON SIGHT
|-resisted|p2a: ON SIGHT
|-damage|p2a: ON SIGHT|61/100
|-enditem|p2a: ON SIGHT|Life Orb|[from] move: Knock Off|[of] p1a: Gliskibidi
|
|upkeep
|turn|15
|
|t:|1776289873
|move|p2a: ON SIGHT|First Impression|p1a: Gliskibidi
|-resisted|p1a: Gliskibidi
|-damage|p1a: Gliskibidi|63/100 tox
|move|p1a: Gliskibidi|Spikes|p2a: ON SIGHT
|-sidestart|p2: davey scatino|Spikes
|
|-heal|p1a: Gliskibidi|75/100 tox|[from] ability: Poison Heal
|upkeep
|turn|16
|
|t:|1776289878
|move|p2a: ON SIGHT|Knock Off|p1a: Gliskibidi
|-damage|p1a: Gliskibidi|41/100 tox
|-enditem|p1a: Gliskibidi|Toxic Orb|[from] move: Knock Off|[of] p2a: ON SIGHT
|move|p1a: Gliskibidi|Spikes|p2a: ON SIGHT
|-sidestart|p2: davey scatino|Spikes
|
|-heal|p1a: Gliskibidi|53/100 tox|[from] ability: Poison Heal
|upkeep
|turn|17
|
|t:|1776289881
|move|p2a: ON SIGHT|Knock Off|p1a: Gliskibidi
|-damage|p1a: Gliskibidi|29/100 tox
|move|p1a: Gliskibidi|Spikes|p2a: ON SIGHT
|-sidestart|p2: davey scatino|Spikes
|
|-heal|p1a: Gliskibidi|41/100 tox|[from] ability: Poison Heal
|upkeep
|turn|18
|
|t:|1776289884
|move|p1a: Gliskibidi|Protect|p1a: Gliskibidi
|-singleturn|p1a: Gliskibidi|Protect
|move|p2a: ON SIGHT|Knock Off|p1a: Gliskibidi
|-activate|p1a: Gliskibidi|move: Protect
|
|-heal|p1a: Gliskibidi|54/100 tox|[from] ability: Poison Heal
|upkeep
|turn|19
|
|t:|1776289890
|move|p2a: ON SIGHT|Knock Off|p1a: Gliskibidi
|-damage|p1a: Gliskibidi|31/100 tox
|move|p1a: Gliskibidi|Earthquake|p2a: ON SIGHT
|-resisted|p2a: ON SIGHT
|-damage|p2a: ON SIGHT|36/100
|
|-heal|p1a: Gliskibidi|43/100 tox|[from] ability: Poison Heal
|upkeep
|turn|20
|
|t:|1776289893
|move|p1a: Gliskibidi|Protect|p1a: Gliskibidi
|-singleturn|p1a: Gliskibidi|Protect
|move|p2a: ON SIGHT|U-turn|p1a: Gliskibidi
|-activate|p1a: Gliskibidi|move: Protect
|
|-heal|p1a: Gliskibidi|56/100 tox|[from] ability: Poison Heal
|upkeep
|turn|21
|
|t:|1776289898
|move|p2a: ON SIGHT|U-turn|p1a: Gliskibidi
|-resisted|p1a: Gliskibidi
|-damage|p1a: Gliskibidi|29/100 tox
|
|t:|1776289899
|switch|p2a: Bubbles|Manaphy|100/100|[from] U-turn
|-damage|p2a: Bubbles|88/100|[from] Stealth Rock
|-damage|p2a: Bubbles|63/100|[from] Spikes
|move|p1a: Gliskibidi|Earthquake|p2a: Bubbles
|-damage|p2a: Bubbles|42/100
|
|-heal|p2a: Bubbles|48/100|[from] item: Leftovers
|-heal|p1a: Gliskibidi|41/100 tox|[from] ability: Poison Heal
|upkeep
|turn|22
|
|t:|1776289906
|move|p2a: Bubbles|Acid Armor|p2a: Bubbles
|-boost|p2a: Bubbles|def|2
|move|p1a: Gliskibidi|Knock Off|p2a: Bubbles
|-damage|p2a: Bubbles|40/100
|-enditem|p2a: Bubbles|Leftovers|[from] move: Knock Off|[of] p1a: Gliskibidi
|
|-heal|p1a: Gliskibidi|54/100 tox|[from] ability: Poison Heal
|upkeep
|turn|23
|
|t:|1776289910
|switch|p1a: Charlie Kirsch|Sinistcha|100/100
|-damage|p1a: Charlie Kirsch|88/100|[from] Stealth Rock
|move|p2a: Bubbles|Take Heart|p2a: Bubbles
|-boost|p2a: Bubbles|spa|1
|-boost|p2a: Bubbles|spd|1
|
|upkeep
|turn|24
|
|t:|1776289919
|move|p2a: Bubbles|Stored Power|p1a: Charlie Kirsch
|-damage|p1a: Charlie Kirsch|45/100
|move|p1a: Charlie Kirsch|Shadow Ball|p2a: Bubbles
|-damage|p2a: Bubbles|21/100
|
|upkeep
|turn|25
|
|t:|1776289927
|move|p2a: Bubbles|Stored Power|p1a: Charlie Kirsch
|-damage|p1a: Charlie Kirsch|6/100
|move|p1a: Charlie Kirsch|Matcha Gotcha|p2a: Bubbles
|-supereffective|p2a: Bubbles
|-damage|p2a: Bubbles|0 fnt
|-heal|p1a: Charlie Kirsch|18/100|[from] drain|[of] p2a: Bubbles
|faint|p2a: Bubbles
|
|upkeep
|
|t:|1776289936
|switch|p2a: BDGE|Zamazenta|100/100
|-damage|p2a: BDGE|94/100|[from] Stealth Rock
|-damage|p2a: BDGE|69/100|[from] Spikes
|-ability|p2a: BDGE|Dauntless Shield|boost
|-boost|p2a: BDGE|def|1
|turn|26
|
|t:|1776289939
|move|p2a: BDGE|Crunch|p1a: Charlie Kirsch
|-supereffective|p1a: Charlie Kirsch
|-damage|p1a: Charlie Kirsch|0 fnt
|faint|p1a: Charlie Kirsch
|
|-heal|p2a: BDGE|75/100|[from] item: Leftovers
|upkeep
|
|t:|1776289944
|switch|p1a: The Squiddler|Tentacruel, M, shiny|100/100
|turn|27
|
|t:|1776289951
|move|p2a: BDGE|Substitute|p2a: BDGE
|-start|p2a: BDGE|Substitute
|-damage|p2a: BDGE|50/100
|move|p1a: The Squiddler|Sludge Bomb|p2a: BDGE
|-crit|p2a: BDGE
|-end|p2a: BDGE|Substitute
|
|-heal|p2a: BDGE|57/100|[from] item: Leftovers
|upkeep
|turn|28
|
|t:|1776289955
|-terastallize|p2a: BDGE|Steel
|move|p2a: BDGE|Substitute|p2a: BDGE
|-start|p2a: BDGE|Substitute
|-damage|p2a: BDGE|32/100
|move|p1a: The Squiddler|Sludge Bomb|p2a: BDGE
|-immune|p2a: BDGE
|
|-heal|p2a: BDGE|38/100|[from] item: Leftovers
|upkeep
|turn|29
|
|t:|1776289957
|move|p2a: BDGE|Iron Defense|p2a: BDGE
|-boost|p2a: BDGE|def|2
|move|p1a: The Squiddler|Surf|p2a: BDGE
|-end|p2a: BDGE|Substitute
|
|-heal|p2a: BDGE|44/100|[from] item: Leftovers
|upkeep
|turn|30
|
|t:|1776289965
|move|p2a: BDGE|Body Press|p1a: The Squiddler
|-resisted|p1a: The Squiddler
|-damage|p1a: The Squiddler|35/100
|move|p1a: The Squiddler|Surf|p2a: BDGE
|-damage|p2a: BDGE|19/100
|
|-heal|p2a: BDGE|25/100|[from] item: Leftovers
|upkeep
|turn|31
|
|t:|1776289969
|move|p2a: BDGE|Body Press|p1a: The Squiddler
|-resisted|p1a: The Squiddler
|-damage|p1a: The Squiddler|0 fnt
|faint|p1a: The Squiddler
|
|-heal|p2a: BDGE|31/100|[from] item: Leftovers
|upkeep
|
|t:|1776289972
|switch|p1a: Gliskibidi|Gliscor, M|54/100 tox
|-damage|p1a: Gliskibidi|41/100 tox|[from] Stealth Rock
|turn|32
|
|t:|1776289978
|move|p2a: BDGE|Substitute|p2a: BDGE
|-start|p2a: BDGE|Substitute
|-damage|p2a: BDGE|6/100
|move|p1a: Gliskibidi|Earthquake|p2a: BDGE
|-supereffective|p2a: BDGE
|-activate|p2a: BDGE|move: Substitute|[damage]
|
|-heal|p2a: BDGE|13/100|[from] item: Leftovers
|-heal|p1a: Gliskibidi|54/100 tox|[from] ability: Poison Heal
|upkeep
|turn|33
|
|t:|1776289981
|move|p2a: BDGE|Iron Defense|p2a: BDGE
|-boost|p2a: BDGE|def|2
|move|p1a: Gliskibidi|Earthquake|p2a: BDGE
|-supereffective|p2a: BDGE
|-end|p2a: BDGE|Substitute
|
|-heal|p2a: BDGE|19/100|[from] item: Leftovers
|-heal|p1a: Gliskibidi|66/100 tox|[from] ability: Poison Heal
|upkeep
|turn|34
|
|t:|1776289985
|move|p2a: BDGE|Body Press|p1a: Gliskibidi
|-resisted|p1a: Gliskibidi
|-damage|p1a: Gliskibidi|22/100 tox
|move|p1a: Gliskibidi|Earthquake|p2a: BDGE
|-supereffective|p2a: BDGE
|-damage|p2a: BDGE|5/100
|
|-heal|p2a: BDGE|11/100|[from] item: Leftovers
|-heal|p1a: Gliskibidi|34/100 tox|[from] ability: Poison Heal
|upkeep
|turn|35
|
|t:|1776289991
|move|p2a: BDGE|Body Press|p1a: Gliskibidi
|-resisted|p1a: Gliskibidi
|-damage|p1a: Gliskibidi|0 fnt
|faint|p1a: Gliskibidi
|
|-heal|p2a: BDGE|17/100|[from] item: Leftovers
|upkeep
|
|t:|1776289993
|switch|p1a: DreamNotFound|Darkrai|100/100
|-damage|p1a: DreamNotFound|88/100|[from] Stealth Rock
|turn|36
|
|t:|1776289997
|-terastallize|p1a: DreamNotFound|Dark
|move|p1a: DreamNotFound|Sucker Punch|p2a: BDGE
|-damage|p2a: BDGE|10/100
|move|p2a: BDGE|Body Press|p1a: DreamNotFound
|-supereffective|p1a: DreamNotFound
|-damage|p1a: DreamNotFound|0 fnt
|faint|p1a: DreamNotFound
|
|-heal|p2a: BDGE|16/100|[from] item: Leftovers
|upkeep
|-message|ridleyfr forfeited.
|
|win|davey scatino
|raw|ridleyfr's rating: 1603 &rarr; <strong>1580</strong><br />(-23 for losing)
|raw|davey scatino's rating: 1548 &rarr; <strong>1571</strong><br />(+23 for winning)
|l|☆ridleyfr
|player|p1|
