|html|<div class="broadcast-blue"><strong>[Gen 9] OU is currently suspecting Tera Blast! For information on how to participate check out the <a href="https://www.smogon.com/tools/suspects/view/200">suspect thread</a>.</strong></div>
|j|☆SteampunkFurret
|j|☆yuri098
|t:|1776061612
|gametype|singles
|player|p1|SteampunkFurret|lass-gen4dp|1170
|player|p2|yuri098|266|1131
|gen|9
|tier|[Gen 9] OU
|rated|
|rule|HP Percentage Mod: HP is shown in percentages
|rule|Endless Battle Clause: Forcing endless battles is banned
|rule|Species Clause: Limit one of each Pokémon
|rule|OHKO Clause: OHKO moves are banned
|rule|Evasion Items Clause: Evasion items are banned
|rule|Evasion Moves Clause: Evasion moves are banned
|rule|Evasion Abilities Clause: Evasion abilities are banned
|rule|Sleep Moves Clause: Sleep-inducing moves are banned
|clearpoke
|poke|p1|Slowking, M|
|poke|p1|Weezing-Galar, F|
|poke|p1|Meowscarada, F|
|poke|p1|Skarmory, F|
|poke|p1|Iron Treads|
|poke|p1|Iron Moth|
|poke|p2|Dragapult, F|
|poke|p2|Heatran, F|
|poke|p2|Gyarados, M|
|poke|p2|Sylveon, M|
|poke|p2|Great Tusk|
|poke|p2|Landorus-Therian, M|
|teampreview
|j| ohko_smeargle
|inactive|Battle timer is ON: inactive players will automatically lose when time's up. (requested by SteampunkFurret)
|
|t:|1776061626
|teamsize|p1|6
|teamsize|p2|6
|start
|switch|p1a: Iron Treads|Iron Treads|100/100
|switch|p2a: Dragapult|Dragapult, F|100/100
|-enditem|p1a: Iron Treads|Booster Energy
|-activate|p1a: Iron Treads|ability: Quark Drive|[fromitem]
|-start|p1a: Iron Treads|quarkdrivespe
|turn|1
|
|t:|1776061641
|move|p1a: Iron Treads|Stealth Rock|p2a: Dragapult
|-sidestart|p2: yuri098|move: Stealth Rock
|move|p2a: Dragapult|Flamethrower|p1a: Iron Treads
|-supereffective|p1a: Iron Treads
|-damage|p1a: Iron Treads|0 fnt
|faint|p1a: Iron Treads
|-end|p1a: Iron Treads|Quark Drive|[silent]
|
|upkeep
|
|t:|1776061654
|switch|p1a: Iron Moth|Iron Moth|100/100
|-enditem|p1a: Iron Moth|Booster Energy
|-activate|p1a: Iron Moth|ability: Quark Drive|[fromitem]
|-start|p1a: Iron Moth|quarkdrivespe
|turn|2
|
|t:|1776061667
|switch|p2a: Heatran|Heatran, F|100/100
|-damage|p2a: Heatran|88/100|[from] Stealth Rock
|-item|p2a: Heatran|Air Balloon
|move|p1a: Iron Moth|Substitute|p1a: Iron Moth
|-start|p1a: Iron Moth|Substitute
|-damage|p1a: Iron Moth|76/100
|
|upkeep
|turn|3
|
|t:|1776061682
|-end|p1a: Iron Moth|Quark Drive|[silent]
|switch|p1a: Slowking|Slowking, M|100/100
|move|p2a: Heatran|Stealth Rock|p1a: Slowking
|-sidestart|p1: SteampunkFurret|move: Stealth Rock
|
|upkeep
|turn|4
|
|t:|1776061690
|move|p2a: Heatran|Earth Power|p1a: Slowking
|-damage|p1a: Slowking|82/100
|move|p1a: Slowking|Future Sight|p2a: Heatran
|-start|p1a: Slowking|move: Future Sight
|
|upkeep
|turn|5
|
|t:|1776061697
|move|p2a: Heatran|Protect|p2a: Heatran
|-singleturn|p2a: Heatran|Protect
|move|p1a: Slowking|Thunder Wave|p2a: Heatran
|-activate|p2a: Heatran|move: Protect
|
|upkeep
|turn|6
|
|t:|1776061709
|move|p2a: Heatran|Earth Power|p1a: Slowking
|-damage|p1a: Slowking|61/100
|-unboost|p1a: Slowking|spd|1
|move|p1a: Slowking|Scald|p2a: Heatran
|-supereffective|p2a: Heatran
|-damage|p2a: Heatran|46/100
|-enditem|p2a: Heatran|Air Balloon
|
|-end|p2a: Heatran|move: Future Sight
|-resisted|p2a: Heatran
|-damage|p2a: Heatran|30/100
|upkeep
|turn|7
|
|t:|1776061724
|switch|p2a: Gyarados|Gyarados, M|100/100
|move|p1a: Slowking|Thunder Wave|p2a: Gyarados
|-status|p2a: Gyarados|par
|
|upkeep
|turn|8
|
|t:|1776061747
|cant|p2a: Gyarados|par
|move|p1a: Slowking|Future Sight|p2a: Gyarados
|-start|p1a: Slowking|move: Future Sight
|
|upkeep
|turn|9
|
|t:|1776061752
|move|p2a: Gyarados|Crunch|p1a: Slowking
|-supereffective|p1a: Slowking
|-damage|p1a: Slowking|0 fnt
|faint|p1a: Slowking
|-ability|p2a: Gyarados|Moxie|boost
|-boost|p2a: Gyarados|atk|1
|
|upkeep
|
|t:|1776061765
|switch|p1a: Meowscarada|Meowscarada, F|100/100
|turn|10
|
|t:|1776061776
|switch|p2a: Great Tusk|Great Tusk|100/100
|-damage|p2a: Great Tusk|98/100|[from] Stealth Rock
|move|p1a: Meowscarada|Protect||[still]
|-fail|p1a: Meowscarada
|
|-end|p2a: Great Tusk|move: Future Sight
|-supereffective|p2a: Great Tusk
|-damage|p2a: Great Tusk|0 fnt
|faint|p2a: Great Tusk
|-end|p2a: Great Tusk|Protosynthesis|[silent]
|upkeep
|
|t:|1776061787
|switch|p2a: Dragapult|Dragapult, F|100/100
|-damage|p2a: Dragapult|88/100|[from] Stealth Rock
|turn|11
|
|t:|1776061792
|move|p1a: Meowscarada|Protect|p1a: Meowscarada
|-start|p1a: Meowscarada|typechange|Normal|[from] ability: Protean
|-singleturn|p1a: Meowscarada|Protect
|move|p2a: Dragapult|Flamethrower|p1a: Meowscarada
|-activate|p1a: Meowscarada|move: Protect
|
|upkeep
|turn|12
|
|t:|1776061800
|move|p2a: Dragapult|Flamethrower|p1a: Meowscarada
|-damage|p1a: Meowscarada|44/100
|move|p1a: Meowscarada|Knock Off|p2a: Dragapult
|-supereffective|p2a: Dragapult
|-damage|p2a: Dragapult|0 fnt
|-enditem|p2a: Dragapult|Choice Specs|[from] move: Knock Off|[of] p1a: Meowscarada
|faint|p2a: Dragapult
|
|upkeep
|
|t:|1776061810
|switch|p2a: Sylveon|Sylveon, M|100/100
|-damage|p2a: Sylveon|88/100|[from] Stealth Rock
|turn|13
|
|t:|1776061823
|switch|p1a: Iron Moth|Iron Moth|76/100
|-damage|p1a: Iron Moth|51/100|[from] Stealth Rock
|move|p2a: Sylveon|Moonblast|p1a: Iron Moth
|-resisted|p1a: Iron Moth
|-damage|p1a: Iron Moth|40/100
|-unboost|p1a: Iron Moth|spa|1
|
|upkeep
|turn|14
|
|t:|1776061838
|switch|p2a: Gyarados|Gyarados, M|100/100 par
|move|p1a: Iron Moth|Substitute|p1a: Iron Moth
|-start|p1a: Iron Moth|Substitute
|-damage|p1a: Iron Moth|15/100
|
|upkeep
|turn|15
|
|t:|1776061846
|move|p1a: Iron Moth|Sludge Wave|p2a: Gyarados
|-damage|p2a: Gyarados|64/100 par
|move|p2a: Gyarados|Taunt|p1a: Iron Moth
|-start|p1a: Iron Moth|move: Taunt
|
|upkeep
|turn|16
|
|t:|1776061853
|move|p1a: Iron Moth|Sludge Wave|p2a: Gyarados
|-damage|p2a: Gyarados|30/100 par
|move|p2a: Gyarados|Waterfall|p1a: Iron Moth
|-supereffective|p1a: Iron Moth
|-end|p1a: Iron Moth|Substitute
|
|upkeep
|turn|17
|
|t:|1776061862
|move|p1a: Iron Moth|Sludge Wave|p2a: Gyarados
|-damage|p2a: Gyarados|0 fnt
|faint|p2a: Gyarados
|
|upkeep
|
|t:|1776061866
|switch|p2a: Sylveon|Sylveon, M|88/100
|-damage|p2a: Sylveon|76/100|[from] Stealth Rock
|turn|18
|
|t:|1776061873
|move|p1a: Iron Moth|Sludge Wave|p2a: Sylveon
|-supereffective|p2a: Sylveon
|-damage|p2a: Sylveon|37/100
|move|p2a: Sylveon|Moonblast|p1a: Iron Moth
|-resisted|p1a: Iron Moth
|-damage|p1a: Iron Moth|4/100
|
|-end|p1a: Iron Moth|move: Taunt
|upkeep
|turn|19
|
|t:|1776061883
|switch|p2a: Heatran|Heatran, F|30/100
|-damage|p2a: Heatran|18/100|[from] Stealth Rock
|move|p1a: Iron Moth|Sludge Wave|p2a: Heatran
|-immune|p2a: Heatran
|
|upkeep
|turn|20
|
|t:|1776061902
|-terastallize|p1a: Iron Moth|Ground
|move|p1a: Iron Moth|Tera Blast|p2a: Heatran|[anim] Tera Blast Ground
|-supereffective|p2a: Heatran
|-damage|p2a: Heatran|0 fnt
|faint|p2a: Heatran
|
|upkeep
|
|t:|1776061907
|switch|p2a: Landorus|Landorus-Therian, M|100/100
|-damage|p2a: Landorus|88/100|[from] Stealth Rock
|-ability|p2a: Landorus|Intimidate|boost
|-unboost|p1a: Iron Moth|atk|1
|turn|21
|
|t:|1776061916
|move|p2a: Landorus|Body Slam|p1a: Iron Moth
|-damage|p1a: Iron Moth|0 fnt
|faint|p1a: Iron Moth
|-end|p1a: Iron Moth|Quark Drive|[silent]
|
|upkeep
|
|t:|1776061927
|switch|p1a: Weezing|Weezing-Galar, F|100/100
|-ability|p1a: Weezing|Neutralizing Gas
|turn|22
|
|t:|1776061933
|move|p2a: Landorus|Body Slam|p1a: Weezing
|-damage|p1a: Weezing|78/100
|move|p1a: Weezing|Will-O-Wisp|p2a: Landorus
|-status|p2a: Landorus|brn
|
|-damage|p2a: Landorus|82/100 brn|[from] brn
|upkeep
|turn|23
|
|t:|1776061941
|move|p2a: Landorus|Body Slam|p1a: Weezing
|-damage|p1a: Weezing|68/100
|move|p1a: Weezing|Sludge Bomb|p2a: Landorus
|-resisted|p2a: Landorus
|-damage|p2a: Landorus|66/100 brn
|
|-damage|p2a: Landorus|60/100 brn|[from] brn
|upkeep
|turn|24
|-message|yuri098 forfeited.
|
|win|SteampunkFurret
|raw|SteampunkFurret's rating: 1170 &rarr; <strong>1192</strong><br />(+22 for winning)
|raw|yuri098's rating: 1131 &rarr; <strong>1109</strong><br />(-22 for losing)
|l|☆yuri098
|player|p2|
|l| ohko_smeargle
|l|☆SteampunkFurret
|player|p1|
