|html|<div class="broadcast-blue"><strong>[Gen 9] OU is currently suspecting Tera Blast! For information on how to participate check out the <a href="https://www.smogon.com/tools/suspects/view/200">suspect thread</a>.</strong></div>
|j|☆fiddlediddle23
|j|☆ostus
|t:|1776071560
|gametype|singles
|player|p1|fiddlediddle23|dawn|1091
|player|p2|ostus|170|1145
|gen|9
|tier|[Gen 9] OU
|rated|
|rule|HP Percentage Mod: HP is shown in percentages
|rule|Endless Battle Clause: Forcing endless battles is banned
|rule|Species Clause: Limit one of each Pokémon
|rule|OHKO Clause: OHKO moves are banned
|rule|Evasion Items Clause: Evasion items are banned
|rule|Evasion Moves Clause: Evasion moves are banned
|rule|Evasion Abilities Clause: Evasion abilities are banned
|rule|Sleep Moves Clause: Sleep-inducing moves are banned
|clearpoke
|poke|p1|Pelipper, M|
|poke|p1|Ludicolo, M|
|poke|p1|Iron Treads|
|poke|p1|Landorus-Therian, M|
|poke|p1|Barraskewda, F|
|poke|p1|Basculegion-F, F|
|poke|p2|Dondozo, M|
|poke|p2|Blissey, F|
|poke|p2|Corviknight, M|
|poke|p2|Weezing-Galar, F|
|poke|p2|Gliscor, M|
|poke|p2|Toxapex, M|
|teampreview
|
|t:|1776071572
|teamsize|p1|6
|teamsize|p2|6
|start
|switch|p1a: Pelipper|Pelipper, M|100/100
|switch|p2a: Toxapex|Toxapex, M|100/100
|-weather|RainDance|[from] ability: Drizzle|[of] p1a: Pelipper
|turn|1
|
|t:|1776071597
|switch|p1a: Iron Treads|Iron Treads|100/100
|move|p2a: Toxapex|Toxic|p1a: Iron Treads
|-immune|p1a: Iron Treads
|
|-weather|RainDance|[upkeep]
|upkeep
|turn|2
|
|t:|1776071606
|switch|p2a: Gliscor|Gliscor, M|100/100
|move|p1a: Iron Treads|Earthquake|p2a: Gliscor
|-immune|p2a: Gliscor
|
|-weather|RainDance|[upkeep]
|-status|p2a: Gliscor|tox|[from] item: Toxic Orb
|upkeep
|turn|3
|
|t:|1776071618
|-end|p1a: Iron Treads|Quark Drive|[silent]
|switch|p1a: Ludicolo|Ludicolo, M|100/100
|move|p2a: Gliscor|Spikes|p1a: Ludicolo
|-sidestart|p1: fiddlediddle23|Spikes
|
|-weather|RainDance|[upkeep]
|upkeep
|turn|4
|
|t:|1776071628
|move|p1a: Ludicolo|Ice Beam|p2a: Gliscor
|-supereffective|p2a: Gliscor
|-damage|p2a: Gliscor|0 fnt
|faint|p2a: Gliscor
|-damage|p1a: Ludicolo|91/100|[from] item: Life Orb
|
|-weather|RainDance|[upkeep]
|upkeep
|
|t:|1776071633
|switch|p2a: Weezing|Weezing-Galar, F|100/100
|-ability|p2a: Weezing|Neutralizing Gas
|turn|5
|
|t:|1776071648
|move|p1a: Ludicolo|Hydro Pump|p2a: Weezing
|-damage|p2a: Weezing|0 fnt
|faint|p2a: Weezing
|-end|p2a: Weezing|ability: Neutralizing Gas
|-damage|p1a: Ludicolo|81/100|[from] item: Life Orb
|
|-weather|RainDance|[upkeep]
|upkeep
|
|t:|1776071658
|switch|p2a: Blissey|Blissey, F|100/100
|turn|6
|
|t:|1776071663
|move|p1a: Ludicolo|Giga Drain|p2a: Blissey
|-damage|p2a: Blissey|88/100
|-heal|p1a: Ludicolo|94/100|[from] drain|[of] p2a: Blissey
|-damage|p1a: Ludicolo|84/100|[from] item: Life Orb
|move|p2a: Blissey|Stealth Rock|p1a: Ludicolo
|-sidestart|p1: fiddlediddle23|move: Stealth Rock
|
|-weather|RainDance|[upkeep]
|-heal|p2a: Blissey|94/100|[from] item: Leftovers
|upkeep
|turn|7
|
|t:|1776071672
|switch|p1a: Iron Treads|Iron Treads|100/100
|-damage|p1a: Iron Treads|88/100|[from] Spikes
|-damage|p1a: Iron Treads|85/100|[from] Stealth Rock
|move|p2a: Blissey|Calm Mind|p2a: Blissey
|-boost|p2a: Blissey|spa|1
|-boost|p2a: Blissey|spd|1
|
|-weather|RainDance|[upkeep]
|-heal|p2a: Blissey|100/100|[from] item: Leftovers
|upkeep
|turn|8
|
|t:|1776071686
|-terastallize|p2a: Blissey|Dark
|move|p1a: Iron Treads|Rapid Spin|p2a: Blissey
|-damage|p2a: Blissey|86/100
|-boost|p1a: Iron Treads|spe|1
|-sideend|p1: fiddlediddle23|Spikes|[from] move: Rapid Spin|[of] p1a: Iron Treads
|-sideend|p1: fiddlediddle23|Stealth Rock|[from] move: Rapid Spin|[of] p1a: Iron Treads
|move|p2a: Blissey|Seismic Toss|p1a: Iron Treads
|-damage|p1a: Iron Treads|59/100
|
|-weather|none
|-heal|p2a: Blissey|92/100|[from] item: Leftovers
|upkeep
|turn|9
|inactive|Battle timer is ON: inactive players will automatically lose when time's up. (requested by fiddlediddle23)
|
|t:|1776071697
|-end|p1a: Iron Treads|Quark Drive|[silent]
|switch|p1a: Pelipper|Pelipper, M|100/100
|-weather|RainDance|[from] ability: Drizzle|[of] p1a: Pelipper
|move|p2a: Blissey|Seismic Toss|p1a: Pelipper
|-damage|p1a: Pelipper|70/100
|
|-weather|RainDance|[upkeep]
|-heal|p2a: Blissey|99/100|[from] item: Leftovers
|upkeep
|turn|10
|
|t:|1776071707
|move|p1a: Pelipper|U-turn|p2a: Blissey
|-supereffective|p2a: Blissey
|-damage|p2a: Blissey|80/100
|
|t:|1776071710
|switch|p1a: Barraskewda|Barraskewda, F|100/100|[from] U-turn
|move|p2a: Blissey|Calm Mind|p2a: Blissey
|-boost|p2a: Blissey|spa|1
|-boost|p2a: Blissey|spd|1
|
|-weather|RainDance|[upkeep]
|-heal|p2a: Blissey|86/100|[from] item: Leftovers
|upkeep
|turn|11
|
|t:|1776071721
|move|p1a: Barraskewda|Close Combat|p2a: Blissey
|-supereffective|p2a: Blissey
|-damage|p2a: Blissey|0 fnt
|-unboost|p1a: Barraskewda|def|1
|-unboost|p1a: Barraskewda|spd|1
|faint|p2a: Blissey
|
|-weather|RainDance|[upkeep]
|upkeep
|
|t:|1776071731
|switch|p2a: Corviknight|Corviknight, M|100/100
|-ability|p2a: Corviknight|Pressure
|turn|12
|
|t:|1776071745
|switch|p1a: Basculegion|Basculegion-F, F|100/100
|move|p2a: Corviknight|Iron Defense|p2a: Corviknight
|-boost|p2a: Corviknight|def|2
|
|-weather|RainDance|[upkeep]
|upkeep
|turn|13
|
|t:|1776071759
|switch|p2a: Toxapex|Toxapex, M|100/100
|-terastallize|p1a: Basculegion|Electric
|move|p1a: Basculegion|Tera Blast|p2a: Toxapex|[anim] Tera Blast Electric
|-supereffective|p2a: Toxapex
|-damage|p2a: Toxapex|33/100
|-damage|p1a: Basculegion|91/100|[from] item: Life Orb
|
|-weather|RainDance|[upkeep]
|-heal|p2a: Toxapex|39/100|[from] item: Leftovers
|upkeep
|turn|14
|-message|ostus forfeited.
|
|win|fiddlediddle23
|raw|fiddlediddle23's rating: 1091 &rarr; <strong>1121</strong><br />(+30 for winning)
|raw|ostus's rating: 1145 &rarr; <strong>1116</strong><br />(-29 for losing)
|l|☆ostus
|player|p2|
|l|☆fiddlediddle23
|player|p1|
