|html|<div class="broadcast-blue"><strong>[Gen 9] OU is currently suspecting Tera Blast! For information on how to participate check out the <a href="https://www.smogon.com/tools/suspects/view/200">suspect thread</a>.</strong></div>
|j|☆Doxiw
|j|☆lightning1908
|t:|1776053409
|gametype|singles
|player|p1|Doxiw|266|1407
|player|p2|lightning1908|unknownf|1348
|gen|9
|tier|[Gen 9] OU
|rated|
|rule|HP Percentage Mod: HP is shown in percentages
|rule|Endless Battle Clause: Forcing endless battles is banned
|rule|Species Clause: Limit one of each Pokémon
|rule|OHKO Clause: OHKO moves are banned
|rule|Evasion Items Clause: Evasion items are banned
|rule|Evasion Moves Clause: Evasion moves are banned
|rule|Evasion Abilities Clause: Evasion abilities are banned
|rule|Sleep Moves Clause: Sleep-inducing moves are banned
|clearpoke
|poke|p1|Arcanine-Hisui, M|
|poke|p1|Clefable, M|
|poke|p1|Walking Wake|
|poke|p1|Great Tusk|
|poke|p1|Blissey, F|
|poke|p1|Torkoal, M|
|poke|p2|Kingambit, M|
|poke|p2|Ogerpon-Wellspring, F|
|poke|p2|Slowking-Galar, F|
|poke|p2|Cinderace, M|
|poke|p2|Great Tusk|
|poke|p2|Zapdos|
|teampreview
|inactive|Battle timer is ON: inactive players will automatically lose when time's up. (requested by lightning1908)
|
|t:|1776053431
|teamsize|p1|6
|teamsize|p2|6
|start
|switch|p1a: Clefable|Clefable, M|100/100
|switch|p2a: Slowking|Slowking-Galar, F|100/100
|turn|1
|
|t:|1776053434
|move|p1a: Clefable|Moonblast|p2a: Slowking
|-resisted|p2a: Slowking
|-damage|p2a: Slowking|83/100
|-unboost|p2a: Slowking|spa|1
|move|p2a: Slowking|Sludge Bomb|p1a: Clefable
|-supereffective|p1a: Clefable
|-damage|p1a: Clefable|55/100
|
|upkeep
|turn|2
|
|t:|1776053446
|switch|p1a: Great Tusk|Great Tusk|100/100
|move|p2a: Slowking|Sludge Bomb|p1a: Great Tusk
|-resisted|p1a: Great Tusk
|-damage|p1a: Great Tusk|91/100
|
|upkeep
|turn|3
|
|t:|1776053451
|switch|p2a: Zapdos|Zapdos|100/100
|move|p1a: Great Tusk|Ice Spinner|p2a: Zapdos
|-supereffective|p2a: Zapdos
|-damage|p2a: Zapdos|32/100
|-status|p1a: Great Tusk|par|[from] ability: Static|[of] p2a: Zapdos
|
|upkeep
|turn|4
|
|t:|1776053457
|move|p2a: Zapdos|Hurricane|p1a: Great Tusk
|-supereffective|p1a: Great Tusk
|-damage|p1a: Great Tusk|6/100 par
|move|p1a: Great Tusk|Headlong Rush|p2a: Zapdos
|-immune|p2a: Zapdos
|
|upkeep
|turn|5
|
|t:|1776053461
|-end|p1a: Great Tusk|Protosynthesis|[silent]
|switch|p1a: Blissey|Blissey, F|100/100
|move|p2a: Zapdos|Heat Wave|p1a: Blissey
|-damage|p1a: Blissey|89/100
|
|-heal|p1a: Blissey|96/100|[from] item: Leftovers
|upkeep
|turn|6
|
|t:|1776053464
|move|p2a: Zapdos|Volt Switch|p1a: Blissey
|-damage|p1a: Blissey|83/100
|
|t:|1776053468
|switch|p2a: Slowking|Slowking-Galar, F|100/100|[from] Volt Switch
|move|p1a: Blissey|Seismic Toss|p2a: Slowking
|-damage|p2a: Slowking|75/100
|
|-heal|p1a: Blissey|90/100|[from] item: Leftovers
|upkeep
|turn|7
|
|t:|1776053472
|switch|p1a: Great Tusk|Great Tusk|6/100 par
|move|p2a: Slowking|Toxic||[still]
|-fail|p2a: Slowking
|
|upkeep
|turn|8
|
|t:|1776053478
|switch|p2a: Great Tusk|Great Tusk|100/100
|move|p1a: Great Tusk|Ice Spinner|p2a: Great Tusk
|-supereffective|p2a: Great Tusk
|-damage|p2a: Great Tusk|54/100
|-damage|p1a: Great Tusk|0 fnt|[from] item: Rocky Helmet|[of] p2a: Great Tusk
|faint|p1a: Great Tusk
|-end|p1a: Great Tusk|Protosynthesis|[silent]
|
|upkeep
|
|t:|1776053481
|switch|p1a: Clefable|Clefable, M|55/100
|turn|9
|
|t:|1776053485
|-end|p2a: Great Tusk|Protosynthesis|[silent]
|switch|p2a: Slowking|Slowking-Galar, F|100/100
|move|p1a: Clefable|Moonblast|p2a: Slowking
|-resisted|p2a: Slowking
|-damage|p2a: Slowking|85/100
|
|upkeep
|turn|10
|
|t:|1776053495
|switch|p1a: Blissey|Blissey, F|90/100
|move|p2a: Slowking|Future Sight|p1a: Blissey
|-start|p2a: Slowking|move: Future Sight
|
|-heal|p1a: Blissey|96/100|[from] item: Leftovers
|upkeep
|turn|11
|
|t:|1776053499
|move|p1a: Blissey|Thunder Wave|p2a: Slowking
|-status|p2a: Slowking|par
|-prepare|p2a: Slowking|Chilly Reception|[premajor]
|cant|p2a: Slowking|par
|
|-heal|p1a: Blissey|100/100|[from] item: Leftovers
|upkeep
|turn|12
|
|t:|1776053508
|move|p1a: Blissey|Seismic Toss|p2a: Slowking
|-damage|p2a: Slowking|60/100 par
|-prepare|p2a: Slowking|Chilly Reception|[premajor]
|move|p2a: Slowking|Chilly Reception|p2a: Slowking
|-weather|Snowscape
|
|t:|1776053510
|switch|p2a: Great Tusk|Great Tusk|54/100|[from] Chilly Reception
|
|-weather|Snowscape|[upkeep]
|-end|p1a: Blissey|move: Future Sight
|-damage|p1a: Blissey|83/100
|-heal|p1a: Blissey|89/100|[from] item: Leftovers
|upkeep
|turn|13
|
|t:|1776053516
|move|p2a: Great Tusk|Close Combat|p1a: Blissey
|-supereffective|p1a: Blissey
|-damage|p1a: Blissey|0 fnt
|-unboost|p2a: Great Tusk|def|1
|-unboost|p2a: Great Tusk|spd|1
|faint|p1a: Blissey
|
|-weather|Snowscape|[upkeep]
|upkeep
|
|t:|1776053519
|switch|p1a: Arcanine|Arcanine-Hisui, M|100/100
|turn|14
|
|t:|1776053525
|switch|p1a: Clefable|Clefable, M|55/100
|-end|p2a: Great Tusk|Protosynthesis|[silent]
|switch|p2a: Slowking|Slowking-Galar, F|93/100 par
|
|-weather|Snowscape|[upkeep]
|upkeep
|turn|15
|
|t:|1776053529
|switch|p1a: Walking Wake|Walking Wake|100/100
|move|p2a: Slowking|Future Sight|p1a: Walking Wake
|-start|p2a: Slowking|move: Future Sight
|
|-weather|Snowscape|[upkeep]
|upkeep
|turn|16
|
|t:|1776053532
|move|p1a: Walking Wake|Draco Meteor|p2a: Slowking
|-damage|p2a: Slowking|35/100 par
|-unboost|p1a: Walking Wake|spa|2
|-prepare|p2a: Slowking|Chilly Reception|[premajor]
|move|p2a: Slowking|Chilly Reception|p2a: Slowking
|
|t:|1776053539
|switch|p2a: Ogerpon|Ogerpon-Wellspring, F|100/100|[from] Chilly Reception
|
|-weather|none
|upkeep
|turn|17
|
|t:|1776053549
|-end|p1a: Walking Wake|Protosynthesis|[silent]
|switch|p1a: Torkoal|Torkoal, M|100/100
|-weather|SunnyDay|[from] ability: Drought|[of] p1a: Torkoal
|move|p2a: Ogerpon|Play Rough|p1a: Torkoal
|-resisted|p1a: Torkoal
|-damage|p1a: Torkoal|89/100
|
|-weather|SunnyDay|[upkeep]
|-end|p1a: Torkoal|move: Future Sight
|-damage|p1a: Torkoal|49/100
|upkeep
|turn|18
|
|t:|1776053552
|move|p2a: Ogerpon|Ivy Cudgel|p1a: Torkoal|[anim] Ivy Cudgel Water
|-supereffective|p1a: Torkoal
|-damage|p1a: Torkoal|8/100
|move|p1a: Torkoal|Lava Plume|p2a: Ogerpon
|-damage|p2a: Ogerpon|58/100
|
|-weather|SunnyDay|[upkeep]
|upkeep
|turn|19
|
|t:|1776053562
|move|p2a: Ogerpon|Play Rough|p1a: Torkoal
|-resisted|p1a: Torkoal
|-damage|p1a: Torkoal|0 fnt
|faint|p1a: Torkoal
|
|-weather|SunnyDay|[upkeep]
|upkeep
|
|t:|1776053564
|switch|p1a: Arcanine|Arcanine-Hisui, M|100/100
|turn|20
|
|t:|1776053569
|switch|p2a: Slowking|Slowking-Galar, F|68/100 par
|move|p1a: Arcanine|Head Smash|p2a: Slowking
|-damage|p2a: Slowking|0 fnt
|faint|p2a: Slowking
|
|-weather|SunnyDay|[upkeep]
|upkeep
|
|t:|1776053580
|switch|p2a: Great Tusk|Great Tusk|54/100
|-activate|p2a: Great Tusk|ability: Protosynthesis
|-start|p2a: Great Tusk|protosynthesisatk
|turn|21
|
|t:|1776053585
|switch|p1a: Clefable|Clefable, M|55/100
|move|p2a: Great Tusk|Headlong Rush|p1a: Clefable
|-damage|p1a: Clefable|0 fnt
|-unboost|p2a: Great Tusk|def|1
|-unboost|p2a: Great Tusk|spd|1
|faint|p1a: Clefable
|
|-weather|none
|-end|p2a: Great Tusk|Protosynthesis
|upkeep
|
|t:|1776053587
|switch|p1a: Walking Wake|Walking Wake|100/100
|turn|22
|
|t:|1776053590
|-end|p2a: Great Tusk|Protosynthesis|[silent]
|switch|p2a: Ogerpon|Ogerpon-Wellspring, F|58/100
|move|p1a: Walking Wake|Draco Meteor|p2a: Ogerpon|[miss]
|-miss|p1a: Walking Wake|p2a: Ogerpon
|
|upkeep
|turn|23
|
|t:|1776053595
|move|p2a: Ogerpon|Play Rough|p1a: Walking Wake
|-supereffective|p1a: Walking Wake
|-crit|p1a: Walking Wake
|-damage|p1a: Walking Wake|0 fnt
|faint|p1a: Walking Wake
|-end|p1a: Walking Wake|Protosynthesis|[silent]
|
|upkeep
|-message|Doxiw forfeited.
|
|win|lightning1908
|raw|Doxiw's rating: 1407 &rarr; <strong>1384</strong><br />(-23 for losing)
|raw|lightning1908's rating: 1348 &rarr; <strong>1371</strong><br />(+23 for winning)
|l|☆Doxiw
|player|p1|
|l|☆lightning1908
|player|p2|
