|html|<div class="broadcast-blue"><strong>[Gen 9] OU is currently suspecting Tera Blast! For information on how to participate check out the <a href="https://www.smogon.com/tools/suspects/view/200">suspect thread</a>.</strong></div>
|j|☆whisperingcloth
|j|☆ceo o wo chien
|t:|1776057802
|gametype|singles
|player|p1|whisperingcloth|266|1644
|player|p2|ceo o wo chien|fisherman-gen4|1663
|gen|9
|tier|[Gen 9] OU
|rated|
|rule|HP Percentage Mod: HP is shown in percentages
|rule|Endless Battle Clause: Forcing endless battles is banned
|rule|Species Clause: Limit one of each Pokémon
|rule|OHKO Clause: OHKO moves are banned
|rule|Evasion Items Clause: Evasion items are banned
|rule|Evasion Moves Clause: Evasion moves are banned
|rule|Evasion Abilities Clause: Evasion abilities are banned
|rule|Sleep Moves Clause: Sleep-inducing moves are banned
|clearpoke
|poke|p1|Kingambit, M|
|poke|p1|Hatterene, F|
|poke|p1|Kyurem|
|poke|p1|Corviknight, F|
|poke|p1|Ting-Lu|
|poke|p1|Iron Moth|
|poke|p2|Wo-Chien|
|poke|p2|Clefable, M|
|poke|p2|Gholdengo|
|poke|p2|Great Tusk|
|poke|p2|Dragonite, F|
|poke|p2|Garganacl, M|
|teampreview
|inactive|Battle timer is ON: inactive players will automatically lose when time's up. (requested by whisperingcloth)
|inactive|ceo o wo chien also wants the timer to be on.
|
|t:|1776057818
|teamsize|p1|6
|teamsize|p2|6
|start
|switch|p1a: Kyurem|Kyurem|100/100
|switch|p2a: Clefable|Clefable, M|100/100
|-ability|p1a: Kyurem|Pressure
|turn|1
|
|t:|1776057825
|move|p1a: Kyurem|Ice Beam|p2a: Clefable
|-damage|p2a: Clefable|51/100
|move|p2a: Clefable|Calm Mind|p2a: Clefable
|-boost|p2a: Clefable|spa|1
|-boost|p2a: Clefable|spd|1
|
|upkeep
|turn|2
|
|t:|1776057828
|move|p1a: Kyurem|Ice Beam|p2a: Clefable
|-damage|p2a: Clefable|20/100
|move|p2a: Clefable|Moonlight|p2a: Clefable
|-heal|p2a: Clefable|70/100
|
|upkeep
|turn|3
|
|t:|1776057836
|switch|p1a: Ting-Lu|Ting-Lu|100/100
|-ability|p1a: Ting-Lu|Vessel of Ruin
|move|p2a: Clefable|Moonblast|p1a: Ting-Lu
|-supereffective|p1a: Ting-Lu
|-damage|p1a: Ting-Lu|35/100
|
|-heal|p1a: Ting-Lu|42/100|[from] item: Leftovers
|upkeep
|turn|4
|
|t:|1776057843
|move|p2a: Clefable|Moonblast|p1a: Ting-Lu
|-supereffective|p1a: Ting-Lu
|-damage|p1a: Ting-Lu|0 fnt
|faint|p1a: Ting-Lu
|
|upkeep
|
|t:|1776057847
|switch|p1a: Kingambit|Kingambit, M|100/100
|-activate|p1a: Kingambit|ability: Supreme Overlord
|-start|p1a: Kingambit|fallen1|[silent]
|turn|5
|
|t:|1776057852
|move|p2a: Clefable|Flamethrower|p1a: Kingambit
|-supereffective|p1a: Kingambit
|-damage|p1a: Kingambit|0 fnt
|faint|p1a: Kingambit
|-end|p1a: Kingambit|fallen1|[silent]
|
|upkeep
|
|t:|1776057856
|switch|p1a: Iron Moth|Iron Moth|100/100
|-enditem|p1a: Iron Moth|Booster Energy
|-activate|p1a: Iron Moth|ability: Quark Drive|[fromitem]
|-start|p1a: Iron Moth|quarkdrivespe
|turn|6
|
|t:|1776057861
|switch|p2a: Garganacl|Garganacl, M|100/100
|move|p1a: Iron Moth|Fiery Dance|p2a: Garganacl
|-resisted|p2a: Garganacl
|-damage|p2a: Garganacl|87/100
|-boost|p1a: Iron Moth|spa|1
|
|-heal|p2a: Garganacl|93/100|[from] item: Leftovers
|upkeep
|turn|7
|
|t:|1776057868
|-terastallize|p1a: Iron Moth|Ground
|move|p1a: Iron Moth|Substitute|p1a: Iron Moth
|-start|p1a: Iron Moth|Substitute
|-damage|p1a: Iron Moth|76/100
|move|p2a: Garganacl|Salt Cure|p1a: Iron Moth
|-resisted|p1a: Iron Moth
|-activate|p1a: Iron Moth|move: Substitute|[damage]
|
|-heal|p2a: Garganacl|99/100|[from] item: Leftovers
|upkeep
|turn|8
|
|t:|1776057874
|move|p1a: Iron Moth|Fiery Dance|p2a: Garganacl
|-resisted|p2a: Garganacl
|-crit|p2a: Garganacl
|-damage|p2a: Garganacl|72/100
|move|p2a: Garganacl|Salt Cure|p1a: Iron Moth
|-resisted|p1a: Iron Moth
|-activate|p1a: Iron Moth|move: Substitute|[damage]
|
|-heal|p2a: Garganacl|78/100|[from] item: Leftovers
|upkeep
|turn|9
|
|t:|1776057877
|move|p2a: Garganacl|Protect|p2a: Garganacl
|-singleturn|p2a: Garganacl|Protect
|move|p1a: Iron Moth|Sludge Wave|p2a: Garganacl
|-activate|p2a: Garganacl|move: Protect
|
|-heal|p2a: Garganacl|84/100|[from] item: Leftovers
|upkeep
|turn|10
|
|t:|1776057881
|move|p1a: Iron Moth|Tera Blast|p2a: Garganacl|[anim] Tera Blast Ground
|-supereffective|p2a: Garganacl
|-damage|p2a: Garganacl|7/100
|move|p2a: Garganacl|Salt Cure|p1a: Iron Moth
|-resisted|p1a: Iron Moth
|-end|p1a: Iron Moth|Substitute
|
|-heal|p2a: Garganacl|13/100|[from] item: Leftovers
|upkeep
|turn|11
|
|t:|1776057885
|switch|p2a: Dragonite|Dragonite, F|100/100
|move|p1a: Iron Moth|Substitute|p1a: Iron Moth
|-start|p1a: Iron Moth|Substitute
|-damage|p1a: Iron Moth|51/100
|
|upkeep
|turn|12
|
|t:|1776057892
|move|p1a: Iron Moth|Sludge Wave|p2a: Dragonite
|-damage|p2a: Dragonite|68/100
|move|p2a: Dragonite|Earthquake|p1a: Iron Moth
|-end|p1a: Iron Moth|Substitute
|
|upkeep
|turn|13
|
|t:|1776057902
|-terastallize|p2a: Dragonite|Normal
|move|p2a: Dragonite|Extreme Speed|p1a: Iron Moth
|-damage|p1a: Iron Moth|0 fnt
|faint|p1a: Iron Moth
|-end|p1a: Iron Moth|Quark Drive|[silent]
|
|upkeep
|
|t:|1776057905
|switch|p1a: Corviknight|Corviknight, F|100/100
|-ability|p1a: Corviknight|Pressure
|turn|14
|
|t:|1776057907
|move|p2a: Dragonite|Roost|p2a: Dragonite
|-heal|p2a: Dragonite|100/100
|move|p1a: Corviknight|U-turn|p2a: Dragonite
|-damage|p2a: Dragonite|94/100
|
|t:|1776057909
|switch|p1a: Kyurem|Kyurem|100/100|[from] U-turn
|-ability|p1a: Kyurem|Pressure
|
|upkeep
|turn|15
|
|t:|1776057912
|move|p2a: Dragonite|Extreme Speed|p1a: Kyurem
|-damage|p1a: Kyurem|58/100
|move|p1a: Kyurem|Ice Beam|p2a: Dragonite
|-damage|p2a: Dragonite|47/100
|
|upkeep
|turn|16
|
|t:|1776057917
|switch|p2a: Young Money|Gholdengo|100/100
|move|p1a: Kyurem|Draco Meteor|p2a: Young Money
|-resisted|p2a: Young Money
|-damage|p2a: Young Money|57/100
|-unboost|p1a: Kyurem|spa|2
|
|upkeep
|turn|17
|
|t:|1776057920
|switch|p1a: Corviknight|Corviknight, F|100/100
|-ability|p1a: Corviknight|Pressure
|move|p2a: Young Money|Shadow Ball|p1a: Corviknight
|-damage|p1a: Corviknight|59/100
|
|upkeep
|turn|18
|
|t:|1776057922
|move|p2a: Young Money|Shadow Ball|p1a: Corviknight
|-damage|p1a: Corviknight|19/100
|move|p1a: Corviknight|U-turn|p2a: Young Money
|-resisted|p2a: Young Money
|-damage|p2a: Young Money|53/100
|
|t:|1776057924
|switch|p1a: Kyurem|Kyurem|58/100|[from] U-turn
|-ability|p1a: Kyurem|Pressure
|
|upkeep
|turn|19
|
|t:|1776057928
|move|p2a: Young Money|Shadow Ball|p1a: Kyurem
|-damage|p1a: Kyurem|35/100
|move|p1a: Kyurem|Earth Power|p2a: Young Money
|-supereffective|p2a: Young Money
|-damage|p2a: Young Money|0 fnt
|faint|p2a: Young Money
|
|upkeep
|
|t:|1776057930
|switch|p2a: Clefable|Clefable, M|70/100
|turn|20
|
|t:|1776057932
|move|p1a: Kyurem|Ice Beam|p2a: Clefable
|-damage|p2a: Clefable|21/100
|move|p2a: Clefable|Moonblast|p1a: Kyurem
|-supereffective|p1a: Kyurem
|-damage|p1a: Kyurem|0 fnt
|faint|p1a: Kyurem
|
|upkeep
|
|t:|1776057934
|switch|p1a: Hatterene|Hatterene, F|100/100
|turn|21
|
|t:|1776057935
|move|p2a: Clefable|Calm Mind|p2a: Clefable
|-boost|p2a: Clefable|spa|1
|-boost|p2a: Clefable|spd|1
|move|p1a: Hatterene|Calm Mind|p1a: Hatterene
|-boost|p1a: Hatterene|spa|1
|-boost|p1a: Hatterene|spd|1
|
|upkeep
|turn|22
|
|t:|1776057939
|move|p2a: Clefable|Moonblast|p1a: Hatterene
|-damage|p1a: Hatterene|53/100
|move|p1a: Hatterene|Calm Mind|p1a: Hatterene
|-boost|p1a: Hatterene|spa|1
|-boost|p1a: Hatterene|spd|1
|
|-heal|p1a: Hatterene|59/100|[from] item: Leftovers
|upkeep
|turn|23
|
|t:|1776057941
|move|p2a: Clefable|Moonblast|p1a: Hatterene
|-damage|p1a: Hatterene|23/100
|-unboost|p1a: Hatterene|spa|1
|move|p1a: Hatterene|Draining Kiss|p2a: Clefable
|-damage|p2a: Clefable|0 fnt
|-heal|p1a: Hatterene|43/100|[from] drain|[of] p2a: Clefable
|faint|p2a: Clefable
|
|-heal|p1a: Hatterene|49/100|[from] item: Leftovers
|upkeep
|
|t:|1776057950
|switch|p2a: Great Tusk|Great Tusk|100/100
|turn|24
|
|t:|1776057951
|move|p2a: Great Tusk|Headlong Rush|p1a: Hatterene
|-damage|p1a: Hatterene|0 fnt
|-unboost|p2a: Great Tusk|def|1
|-unboost|p2a: Great Tusk|spd|1
|faint|p1a: Hatterene
|
|upkeep
|
|t:|1776057953
|switch|p1a: Corviknight|Corviknight, F|19/100
|-ability|p1a: Corviknight|Pressure
|turn|25
|
|t:|1776057955
|move|p2a: Great Tusk|Knock Off|p1a: Corviknight
|-damage|p1a: Corviknight|0 fnt
|-damage|p2a: Great Tusk|84/100|[from] item: Rocky Helmet|[of] p1a: Corviknight
|-enditem|p1a: Corviknight|Rocky Helmet|[from] move: Knock Off|[of] p2a: Great Tusk
|faint|p1a: Corviknight
|
|win|ceo o wo chien
|raw|whisperingcloth's rating: 1644 &rarr; <strong>1625</strong><br />(-19 for losing)
|raw|ceo o wo chien's rating: 1663 &rarr; <strong>1682</strong><br />(+19 for winning)
|l|☆whisperingcloth
|player|p1|
|l|☆ceo o wo chien
|player|p2|
