|html|<div class="broadcast-blue"><strong>[Gen 9] OU is currently suspecting Tera Blast! For information on how to participate check out the <a href="https://www.smogon.com/tools/suspects/view/200">suspect thread</a>.</strong></div>
|j|☆dfsdhf
|j|☆DeathMelMetal
|t:|1776043153
|gametype|singles
|player|p1|dfsdhf|102|1424
|player|p2|DeathMelMetal|roxie|1477
|gen|9
|tier|[Gen 9] OU
|rated|
|rule|HP Percentage Mod: HP is shown in percentages
|rule|Endless Battle Clause: Forcing endless battles is banned
|rule|Species Clause: Limit one of each Pokémon
|rule|OHKO Clause: OHKO moves are banned
|rule|Evasion Items Clause: Evasion items are banned
|rule|Evasion Moves Clause: Evasion moves are banned
|rule|Evasion Abilities Clause: Evasion abilities are banned
|rule|Sleep Moves Clause: Sleep-inducing moves are banned
|clearpoke
|poke|p1|Slither Wing|
|poke|p1|Ninetales, M|
|poke|p1|Raging Bolt|
|poke|p1|Dragapult, M|
|poke|p1|Great Tusk|
|poke|p1|Fezandipiti, M|
|poke|p2|Mamoswine, F|
|poke|p2|Primarina, M|
|poke|p2|Cinderace, M|
|poke|p2|Empoleon, M|
|poke|p2|Landorus-Therian, M|
|poke|p2|Muk-Alola, F|
|teampreview
|inactive|Battle timer is ON: inactive players will automatically lose when time's up. (requested by dfsdhf)
|inactive|DeathMelMetal has 120 seconds left.
|
|t:|1776043208
|teamsize|p1|6
|teamsize|p2|6
|start
|switch|p1a: Dragapult|Dragapult, M|100/100
|switch|p2a: Primarina|Primarina, M|100/100
|turn|1
|
|t:|1776043222
|switch|p1a: Fezandipiti|Fezandipiti, M|100/100
|move|p2a: Primarina|Flip Turn|p1a: Fezandipiti
|-damage|p1a: Fezandipiti|84/100
|
|t:|1776043243
|switch|p2a: Landorus|Landorus-Therian, M|100/100|[from] Flip Turn
|-ability|p2a: Landorus|Intimidate|boost
|-unboost|p1a: Fezandipiti|atk|1
|
|upkeep
|turn|2
|
|t:|1776043249
|switch|p1a: Great Tusk|Great Tusk|100/100
|move|p2a: Landorus|Stealth Rock|p1a: Great Tusk
|-sidestart|p1: dfsdhf|move: Stealth Rock
|
|upkeep
|turn|3
|
|t:|1776043254
|move|p2a: Landorus|Scorching Sands|p1a: Great Tusk
|-damage|p1a: Great Tusk|68/100
|-status|p1a: Great Tusk|brn
|move|p1a: Great Tusk|Stealth Rock|p2a: Landorus
|-sidestart|p2: DeathMelMetal|move: Stealth Rock
|
|-damage|p1a: Great Tusk|62/100 brn|[from] brn
|upkeep
|turn|4
|
|t:|1776043264
|move|p2a: Landorus|Scorching Sands|p1a: Great Tusk
|-damage|p1a: Great Tusk|26/100 brn
|move|p1a: Great Tusk|Rapid Spin|p2a: Landorus
|-damage|p2a: Landorus|91/100
|-boost|p1a: Great Tusk|spe|1
|-damage|p1a: Great Tusk|10/100 brn|[from] item: Rocky Helmet|[of] p2a: Landorus
|-sideend|p1: dfsdhf|Stealth Rock|[from] move: Rapid Spin|[of] p1a: Great Tusk
|
|-damage|p1a: Great Tusk|4/100 brn|[from] brn
|upkeep
|turn|5
|
|t:|1776043268
|move|p1a: Great Tusk|Ice Spinner|p2a: Landorus
|-supereffective|p2a: Landorus
|-damage|p2a: Landorus|26/100
|-damage|p1a: Great Tusk|0 fnt|[from] item: Rocky Helmet|[of] p2a: Landorus
|faint|p1a: Great Tusk
|-end|p1a: Great Tusk|Protosynthesis|[silent]
|move|p2a: Landorus|U-turn|p1: Great Tusk|[notarget]
|-fail|p2a: Landorus
|
|upkeep
|
|t:|1776043275
|switch|p1a: Ninetales|Ninetales, M|100/100
|-weather|SunnyDay|[from] ability: Drought|[of] p1a: Ninetales
|turn|6
|
|t:|1776043288
|switch|p1a: Raging Bolt|Raging Bolt|100/100
|-activate|p1a: Raging Bolt|ability: Protosynthesis
|-start|p1a: Raging Bolt|protosynthesisspa
|move|p2a: Landorus|Scorching Sands|p1a: Raging Bolt
|-supereffective|p1a: Raging Bolt
|-damage|p1a: Raging Bolt|54/100
|
|-weather|SunnyDay|[upkeep]
|upkeep
|turn|7
|
|t:|1776043293
|move|p2a: Landorus|Scorching Sands|p1a: Raging Bolt
|-supereffective|p1a: Raging Bolt
|-damage|p1a: Raging Bolt|7/100
|-status|p1a: Raging Bolt|brn
|move|p1a: Raging Bolt|Weather Ball|p2a: Landorus
|-damage|p2a: Landorus|0 fnt
|faint|p2a: Landorus
|
|-weather|SunnyDay|[upkeep]
|-damage|p1a: Raging Bolt|1/100 brn|[from] brn
|upkeep
|
|t:|1776043297
|switch|p2a: Cinderace|Cinderace, M|100/100
|turn|8
|
|t:|1776043300
|move|p2a: Cinderace|Court Change|p2a: Cinderace
|-swapsideconditions
|-activate|p2a: Cinderace|move: Court Change
|move|p1a: Raging Bolt|Weather Ball|p2a: Cinderace
|-resisted|p2a: Cinderace
|-damage|p2a: Cinderace|12/100
|
|-weather|SunnyDay|[upkeep]
|-damage|p1a: Raging Bolt|0 fnt|[from] brn
|faint|p1a: Raging Bolt
|-end|p1a: Raging Bolt|Protosynthesis|[silent]
|upkeep
|
|t:|1776043303
|switch|p1a: Dragapult|Dragapult, M|100/100
|-damage|p1a: Dragapult|88/100|[from] Stealth Rock
|turn|9
|
|t:|1776043309
|switch|p2a: Muk|Muk-Alola, F|100/100
|move|p1a: Dragapult|Shadow Ball|p2a: Muk
|-resisted|p2a: Muk
|-damage|p2a: Muk|91/100
|-damage|p1a: Dragapult|78/100|[from] item: Life Orb
|
|-weather|SunnyDay|[upkeep]
|upkeep
|turn|10
|
|t:|1776043317
|switch|p1a: Fezandipiti|Fezandipiti, M|84/100
|move|p2a: Muk|Knock Off|p1a: Fezandipiti
|-resisted|p1a: Fezandipiti
|-damage|p1a: Fezandipiti|66/100
|-enditem|p1a: Fezandipiti|Heavy-Duty Boots|[from] move: Knock Off|[of] p2a: Muk
|
|-weather|SunnyDay|[upkeep]
|upkeep
|turn|11
|
|t:|1776043332
|switch|p2a: Empoleon|Empoleon, M|100/100
|move|p1a: Fezandipiti|Play Rough|p2a: Empoleon
|-resisted|p2a: Empoleon
|-damage|p2a: Empoleon|82/100
|
|-weather|SunnyDay|[upkeep]
|-heal|p2a: Empoleon|88/100|[from] item: Leftovers
|upkeep
|turn|12
|
|t:|1776043337
|move|p1a: Fezandipiti|Roost|p1a: Fezandipiti
|-heal|p1a: Fezandipiti|100/100
|-singleturn|p1a: Fezandipiti|move: Roost
|move|p2a: Empoleon|Flip Turn|p1a: Fezandipiti
|-damage|p1a: Fezandipiti|92/100
|
|t:|1776043339
|switch|p2a: Mamoswine|Mamoswine, F|100/100|[from] Flip Turn
|
|-weather|SunnyDay|[upkeep]
|upkeep
|turn|13
|
|t:|1776043343
|switch|p1a: Slither Wing|Slither Wing|100/100
|-damage|p1a: Slither Wing|88/100|[from] Stealth Rock
|-activate|p1a: Slither Wing|ability: Protosynthesis
|-start|p1a: Slither Wing|protosynthesisatk
|move|p2a: Mamoswine|Earthquake|p1a: Slither Wing
|-resisted|p1a: Slither Wing
|-damage|p1a: Slither Wing|35/100
|
|-weather|none
|-end|p1a: Slither Wing|Protosynthesis
|upkeep
|turn|14
|
|t:|1776043347
|move|p1a: Slither Wing|Close Combat|p2a: Mamoswine
|-supereffective|p2a: Mamoswine
|-damage|p2a: Mamoswine|0 fnt
|-unboost|p1a: Slither Wing|def|1
|-unboost|p1a: Slither Wing|spd|1
|faint|p2a: Mamoswine
|
|upkeep
|
|t:|1776043358
|switch|p2a: Cinderace|Cinderace, M|12/100
|turn|15
|
|t:|1776043364
|-end|p1a: Slither Wing|Protosynthesis|[silent]
|switch|p1a: Ninetales|Ninetales, M|100/100
|-damage|p1a: Ninetales|76/100|[from] Stealth Rock
|-weather|SunnyDay|[from] ability: Drought|[of] p1a: Ninetales
|move|p2a: Cinderace|Pyro Ball|p1a: Ninetales
|-resisted|p1a: Ninetales
|-damage|p1a: Ninetales|0 fnt
|faint|p1a: Ninetales
|
|-weather|SunnyDay|[upkeep]
|upkeep
|
|t:|1776043366
|switch|p1a: Dragapult|Dragapult, M|78/100
|-damage|p1a: Dragapult|66/100|[from] Stealth Rock
|turn|16
|
|t:|1776043372
|switch|p2a: Muk|Muk-Alola, F|91/100
|move|p1a: Dragapult|Shadow Ball|p2a: Muk
|-resisted|p2a: Muk
|-damage|p2a: Muk|82/100
|-damage|p1a: Dragapult|56/100|[from] item: Life Orb
|
|-weather|SunnyDay|[upkeep]
|upkeep
|turn|17
|inactive|DeathMelMetal has 120 seconds left.
|
|t:|1776043403
|switch|p2a: Empoleon|Empoleon, M|88/100
|-terastallize|p1a: Dragapult|Dragon
|move|p1a: Dragapult|Dragon Darts|p2a: Empoleon
|-resisted|p2a: Empoleon
|-damage|p2a: Empoleon|70/100
|-anim|p1a: Dragapult|Dragon Darts|p2a: Empoleon
|-resisted|p2a: Empoleon
|-damage|p2a: Empoleon|51/100
|-damage|p1a: Dragapult|47/100|[from] item: Life Orb
|
|-weather|SunnyDay|[upkeep]
|-heal|p2a: Empoleon|57/100|[from] item: Leftovers
|upkeep
|turn|18
|
|t:|1776043409
|move|p1a: Dragapult|Fire Blast|p2a: Empoleon
|-damage|p2a: Empoleon|20/100
|-damage|p1a: Dragapult|37/100|[from] item: Life Orb
|move|p2a: Empoleon|Roost|p2a: Empoleon
|-heal|p2a: Empoleon|70/100
|-singleturn|p2a: Empoleon|move: Roost
|
|-weather|SunnyDay|[upkeep]
|-heal|p2a: Empoleon|76/100|[from] item: Leftovers
|upkeep
|turn|19
|
|t:|1776043416
|switch|p1a: Slither Wing|Slither Wing|35/100
|-damage|p1a: Slither Wing|22/100|[from] Stealth Rock
|-activate|p1a: Slither Wing|ability: Protosynthesis
|-start|p1a: Slither Wing|protosynthesisatk
|move|p2a: Empoleon|Flip Turn|p1a: Slither Wing
|-damage|p1a: Slither Wing|11/100
|
|t:|1776043420
|switch|p2a: Muk|Muk-Alola, F|82/100|[from] Flip Turn
|
|-weather|SunnyDay|[upkeep]
|upkeep
|turn|20
|
|t:|1776043423
|move|p2a: Muk|Shadow Sneak|p1a: Slither Wing
|-damage|p1a: Slither Wing|0 fnt
|faint|p1a: Slither Wing
|-end|p1a: Slither Wing|Protosynthesis|[silent]
|
|-weather|SunnyDay|[upkeep]
|upkeep
|-message|dfsdhf forfeited.
|
|win|DeathMelMetal
|raw|dfsdhf's rating: 1424 &rarr; <strong>1407</strong><br />(-17 for losing)
|raw|DeathMelMetal's rating: 1477 &rarr; <strong>1494</strong><br />(+17 for winning)
|l|☆dfsdhf
|player|p1|
|l|☆DeathMelMetal
|player|p2|
|j|☆DeathMelMetal
|player|p2|DeathMelMetal|roxie|
