|html|<div class="broadcast-blue"><strong>[Gen 9] OU is currently suspecting Tera Blast! For information on how to participate check out the <a href="https://www.smogon.com/tools/suspects/view/200">suspect thread</a>.</strong></div>
|j|☆bettercalltilin
|j|☆fraaaxn
|t:|1776038506
|gametype|singles
|player|p1|bettercalltilin|101|1596
|player|p2|fraaaxn|unknownf|1598
|gen|9
|tier|[Gen 9] OU
|rated|
|rule|HP Percentage Mod: HP is shown in percentages
|rule|Endless Battle Clause: Forcing endless battles is banned
|rule|Species Clause: Limit one of each Pokémon
|rule|OHKO Clause: OHKO moves are banned
|rule|Evasion Items Clause: Evasion items are banned
|rule|Evasion Moves Clause: Evasion moves are banned
|rule|Evasion Abilities Clause: Evasion abilities are banned
|rule|Sleep Moves Clause: Sleep-inducing moves are banned
|clearpoke
|poke|p1|Maushold|
|poke|p1|Ogerpon-Wellspring, F|
|poke|p1|Kommo-o, M|
|poke|p1|Ninetales-Alola, F|
|poke|p1|Kyurem|
|poke|p1|Gholdengo|
|poke|p2|Kyurem|
|poke|p2|Weezing-Galar, M|
|poke|p2|Ting-Lu|
|poke|p2|Cresselia, F|
|poke|p2|Gliscor, M|
|poke|p2|Gholdengo|
|teampreview
|inactive|Battle timer is ON: inactive players will automatically lose when time's up. (requested by fraaaxn)
|
|t:|1776038521
|teamsize|p1|6
|teamsize|p2|6
|start
|switch|p1a: Ogerpon|Ogerpon-Wellspring, F|100/100
|switch|p2a: Weezing|Weezing-Galar, M|100/100
|-ability|p2a: Weezing|Neutralizing Gas
|turn|1
|
|t:|1776038525
|move|p1a: Ogerpon|U-turn|p2a: Weezing
|-resisted|p2a: Weezing
|-damage|p2a: Weezing|96/100
|
|t:|1776038533
|switch|p1a: Gholdengo|Gholdengo|100/100|[from] U-turn
|move|p2a: Weezing|Toxic Spikes|p1a: Gholdengo
|-sidestart|p1: bettercalltilin|move: Toxic Spikes
|
|upkeep
|turn|2
|
|t:|1776038540
|-end|p2a: Weezing|ability: Neutralizing Gas
|switch|p2a: Gholdengo|Gholdengo|100/100
|move|p1a: Gholdengo|Make It Rain|p2a: Gholdengo
|-resisted|p2a: Gholdengo
|-damage|p2a: Gholdengo|67/100
|-unboost|p1a: Gholdengo|spa|1
|
|upkeep
|turn|3
|
|t:|1776038547
|switch|p1a: Ogerpon|Ogerpon-Wellspring, F|100/100
|-status|p1a: Ogerpon|psn
|move|p2a: Gholdengo|Shadow Ball|p1a: Ogerpon
|-damage|p1a: Ogerpon|53/100 psn
|-unboost|p1a: Ogerpon|spd|1
|
|-damage|p1a: Ogerpon|41/100 psn|[from] psn
|upkeep
|turn|4
|
|t:|1776038552
|move|p2a: Gholdengo|Shadow Ball|p1a: Ogerpon
|-damage|p1a: Ogerpon|0 fnt
|faint|p1a: Ogerpon
|
|upkeep
|
|t:|1776038556
|switch|p1a: Maushold|Maushold|100/100
|-status|p1a: Maushold|psn
|turn|5
|
|t:|1776038559
|switch|p2a: Weezing|Weezing-Galar, M|96/100
|-ability|p2a: Weezing|Neutralizing Gas
|move|p1a: Maushold|Tidy Up|p1a: Maushold
|-sideend|p1: bettercalltilin|Toxic Spikes
|-activate|p1a: Maushold|move: Tidy Up
|-boost|p1a: Maushold|atk|1
|-boost|p1a: Maushold|spe|1
|
|-damage|p1a: Maushold|88/100 psn|[from] psn
|upkeep
|turn|6
|
|t:|1776038572
|-end|p2a: Weezing|ability: Neutralizing Gas
|switch|p2a: Gholdengo|Gholdengo|67/100
|move|p1a: Maushold|Population Bomb|p2a: Gholdengo
|-immune|p2a: Gholdengo
|
|-damage|p1a: Maushold|76/100 psn|[from] psn
|upkeep
|turn|7
|
|t:|1776038591
|switch|p2a: Weezing|Weezing-Galar, M|96/100
|-ability|p2a: Weezing|Neutralizing Gas
|move|p1a: Maushold|Bite|p2a: Weezing
|-resisted|p2a: Weezing
|-damage|p2a: Weezing|90/100
|
|-damage|p1a: Maushold|63/100 psn|[from] psn
|upkeep
|turn|8
|
|t:|1776038598
|move|p1a: Maushold|Population Bomb|p2a: Weezing
|-damage|p2a: Weezing|83/100
|-damage|p2a: Weezing|75/100
|-damage|p2a: Weezing|68/100
|-damage|p2a: Weezing|61/100
|-damage|p2a: Weezing|54/100
|-damage|p2a: Weezing|47/100
|-damage|p2a: Weezing|39/100
|-damage|p2a: Weezing|32/100
|-damage|p2a: Weezing|25/100
|-damage|p2a: Weezing|18/100
|-hitcount|p2a: Weezing|10
|move|p2a: Weezing|Sludge Bomb|p1a: Maushold
|-damage|p1a: Maushold|19/100 psn
|
|-damage|p1a: Maushold|7/100 psn|[from] psn
|upkeep
|turn|9
|
|t:|1776038613
|move|p1a: Maushold|Bite|p2a: Weezing
|-resisted|p2a: Weezing
|-damage|p2a: Weezing|11/100
|move|p2a: Weezing|Toxic Spikes|p1a: Maushold
|-sidestart|p1: bettercalltilin|move: Toxic Spikes
|
|-damage|p1a: Maushold|0 fnt|[from] psn
|faint|p1a: Maushold
|upkeep
|
|t:|1776038621
|switch|p1a: Gholdengo|Gholdengo|100/100
|turn|10
|
|t:|1776038625
|move|p1a: Gholdengo|Shadow Ball|p2a: Weezing
|-damage|p2a: Weezing|0 fnt
|faint|p2a: Weezing
|-end|p2a: Weezing|ability: Neutralizing Gas
|
|upkeep
|
|t:|1776038628
|switch|p2a: Ting-Lu|Ting-Lu|100/100
|-ability|p2a: Ting-Lu|Vessel of Ruin
|turn|11
|
|t:|1776038631
|switch|p1a: Ninetales|Ninetales-Alola, F|100/100
|-status|p1a: Ninetales|psn
|-weather|Snowscape|[from] ability: Snow Warning|[of] p1a: Ninetales
|move|p2a: Ting-Lu|Stealth Rock|p1a: Ninetales
|-sidestart|p1: bettercalltilin|move: Stealth Rock
|
|-weather|Snowscape|[upkeep]
|-damage|p1a: Ninetales|88/100 psn|[from] psn
|upkeep
|turn|12
|
|t:|1776038635
|move|p1a: Ninetales|Aurora Veil|p1a: Ninetales
|-sidestart|p1: bettercalltilin|move: Aurora Veil
|move|p2a: Ting-Lu|Heavy Slam|p1a: Ninetales
|-supereffective|p1a: Ninetales
|-damage|p1a: Ninetales|37/100 psn
|
|-weather|Snowscape|[upkeep]
|-damage|p1a: Ninetales|25/100 psn|[from] psn
|upkeep
|turn|13
|
|t:|1776038641
|switch|p2a: Gholdengo|Gholdengo|67/100
|move|p1a: Ninetales|Moonblast|p2a: Gholdengo
|-resisted|p2a: Gholdengo
|-crit|p2a: Gholdengo
|-damage|p2a: Gholdengo|41/100
|-unboost|p2a: Gholdengo|spa|1
|
|-weather|Snowscape|[upkeep]
|-damage|p1a: Ninetales|13/100 psn|[from] psn
|upkeep
|turn|14
|
|t:|1776038646
|switch|p2a: Ting-Lu|Ting-Lu|100/100
|-ability|p2a: Ting-Lu|Vessel of Ruin
|move|p1a: Ninetales|Moonblast|p2a: Ting-Lu
|-supereffective|p2a: Ting-Lu
|-damage|p2a: Ting-Lu|78/100
|
|-weather|Snowscape|[upkeep]
|-heal|p2a: Ting-Lu|85/100|[from] item: Leftovers
|-damage|p1a: Ninetales|0 fnt|[from] psn
|faint|p1a: Ninetales
|upkeep
|
|t:|1776038649
|switch|p1a: Kyurem|Kyurem, shiny|100/100
|-status|p1a: Kyurem|psn
|-damage|p1a: Kyurem|76/100 psn|[from] Stealth Rock
|-ability|p1a: Kyurem|Pressure
|turn|15
|
|t:|1776038652
|move|p1a: Kyurem|Icicle Spear|p2a: Ting-Lu
|-supereffective|p2a: Ting-Lu
|-damage|p2a: Ting-Lu|69/100
|-supereffective|p2a: Ting-Lu
|-damage|p2a: Ting-Lu|53/100
|-supereffective|p2a: Ting-Lu
|-damage|p2a: Ting-Lu|38/100
|-supereffective|p2a: Ting-Lu
|-damage|p2a: Ting-Lu|23/100
|-hitcount|p2a: Ting-Lu|4
|move|p2a: Ting-Lu|Whirlwind|p1a: Kyurem
|drag|p1a: Kommo-o|Kommo-o, M, shiny|100/100
|-status|p1a: Kommo-o|psn
|-damage|p1a: Kommo-o|94/100 psn|[from] Stealth Rock
|
|-weather|none
|-heal|p2a: Ting-Lu|29/100|[from] item: Leftovers
|-damage|p1a: Kommo-o|82/100 psn|[from] psn
|upkeep
|turn|16
|
|t:|1776038658
|move|p1a: Kommo-o|Clanging Scales|p2a: Ting-Lu
|-damage|p2a: Ting-Lu|9/100
|-unboost|p1a: Kommo-o|def|1
|-enditem|p1a: Kommo-o|Throat Spray
|-boost|p1a: Kommo-o|spa|1|[from] item: Throat Spray
|move|p2a: Ting-Lu|Whirlwind|p1a: Kommo-o
|drag|p1a: Kyurem|Kyurem, shiny|76/100 psn
|-damage|p1a: Kyurem|51/100 psn|[from] Stealth Rock
|-ability|p1a: Kyurem|Pressure
|
|-heal|p2a: Ting-Lu|15/100|[from] item: Leftovers
|-damage|p1a: Kyurem|39/100 psn|[from] psn
|upkeep
|turn|17
|
|t:|1776038663
|move|p1a: Kyurem|Icicle Spear|p2a: Ting-Lu
|-supereffective|p2a: Ting-Lu
|-damage|p2a: Ting-Lu|0 fnt
|faint|p2a: Ting-Lu
|-hitcount|p2: Ting-Lu|1
|
|-damage|p1a: Kyurem|26/100 psn|[from] psn
|upkeep
|
|t:|1776038666
|switch|p2a: Gholdengo|Gholdengo|41/100
|turn|18
|
|t:|1776038670
|move|p2a: Gholdengo|Shadow Ball|p1a: Kyurem
|-damage|p1a: Kyurem|5/100 psn
|move|p1a: Kyurem|Icicle Spear|p2a: Gholdengo
|-resisted|p2a: Gholdengo
|-damage|p2a: Gholdengo|34/100
|-resisted|p2a: Gholdengo
|-damage|p2a: Gholdengo|25/100
|-resisted|p2a: Gholdengo
|-damage|p2a: Gholdengo|17/100
|-resisted|p2a: Gholdengo
|-damage|p2a: Gholdengo|8/100
|-hitcount|p2a: Gholdengo|4
|
|-damage|p1a: Kyurem|0 fnt|[from] psn
|faint|p1a: Kyurem
|upkeep
|
|t:|1776038673
|switch|p1a: Kommo-o|Kommo-o, M, shiny|82/100 psn
|-damage|p1a: Kommo-o|76/100 psn|[from] Stealth Rock
|turn|19
|
|t:|1776038678
|switch|p2a: Gliscor|Gliscor, M|100/100
|move|p1a: Kommo-o|Clangorous Soul|p1a: Kommo-o
|-boost|p1a: Kommo-o|atk|1
|-boost|p1a: Kommo-o|def|1
|-boost|p1a: Kommo-o|spa|1
|-boost|p1a: Kommo-o|spd|1
|-boost|p1a: Kommo-o|spe|1
|-damage|p1a: Kommo-o|43/100 psn
|
|-damage|p1a: Kommo-o|30/100 psn|[from] psn
|-sideend|p1: bettercalltilin|move: Aurora Veil
|-status|p2a: Gliscor|tox|[from] item: Toxic Orb
|upkeep
|turn|20
|
|t:|1776038683
|move|p1a: Kommo-o|Clanging Scales|p2a: Gliscor
|-damage|p2a: Gliscor|41/100 tox
|-unboost|p1a: Kommo-o|def|1
|move|p2a: Gliscor|Spikes|p1a: Kommo-o
|-sidestart|p1: bettercalltilin|Spikes
|
|-damage|p1a: Kommo-o|18/100 psn|[from] psn
|-heal|p2a: Gliscor|53/100 tox|[from] ability: Poison Heal
|upkeep
|turn|21
|
|t:|1776038687
|move|p2a: Gliscor|Protect|p2a: Gliscor
|-singleturn|p2a: Gliscor|Protect
|move|p1a: Kommo-o|Clanging Scales|p2a: Gliscor
|-activate|p2a: Gliscor|move: Protect
|
|-damage|p1a: Kommo-o|6/100 psn|[from] psn
|-heal|p2a: Gliscor|66/100 tox|[from] ability: Poison Heal
|upkeep
|turn|22
|
|t:|1776038694
|switch|p2a: Gholdengo|Gholdengo|8/100
|move|p1a: Kommo-o|Clanging Scales|p2a: Gholdengo
|-resisted|p2a: Gholdengo
|-damage|p2a: Gholdengo|0 fnt
|faint|p2a: Gholdengo
|-unboost|p1a: Kommo-o|def|1
|
|-damage|p1a: Kommo-o|0 fnt|[from] psn
|faint|p1a: Kommo-o
|upkeep
|
|t:|1776038698
|switch|p1a: Gholdengo|Gholdengo|100/100
|switch|p2a: Gliscor|Gliscor, M|66/100 tox
|-damage|p1a: Gholdengo|94/100|[from] Stealth Rock
|-damage|p1a: Gholdengo|82/100|[from] Spikes
|turn|23
|
|t:|1776038705
|-terastallize|p1a: Gholdengo|Fairy
|move|p2a: Gliscor|Protect|p2a: Gliscor
|-singleturn|p2a: Gliscor|Protect
|move|p1a: Gholdengo|Nasty Plot|p1a: Gholdengo
|-boost|p1a: Gholdengo|spa|2
|
|-heal|p1a: Gholdengo|88/100|[from] item: Leftovers
|-heal|p2a: Gliscor|78/100 tox|[from] ability: Poison Heal
|upkeep
|turn|24
|
|t:|1776038714
|move|p2a: Gliscor|Knock Off|p1a: Gholdengo
|-resisted|p1a: Gholdengo
|-damage|p1a: Gholdengo|80/100
|-enditem|p1a: Gholdengo|Leftovers|[from] move: Knock Off|[of] p2a: Gliscor
|move|p1a: Gholdengo|Shadow Ball|p2a: Gliscor
|-crit|p2a: Gliscor
|-damage|p2a: Gliscor|0 fnt
|faint|p2a: Gliscor
|
|upkeep
|
|t:|1776038724
|switch|p2a: Kyurem|Kyurem|100/100
|-ability|p2a: Kyurem|Pressure
|turn|25
|
|t:|1776038730
|-terastallize|p2a: Kyurem|Ice
|move|p2a: Kyurem|Freeze-Dry|p1a: Gholdengo
|-damage|p1a: Gholdengo|33/100
|move|p1a: Gholdengo|Shadow Ball|p2a: Kyurem
|-damage|p2a: Kyurem|30/100
|-unboost|p2a: Kyurem|spd|1
|
|upkeep
|turn|26
|
|t:|1776038736
|move|p2a: Kyurem|Freeze-Dry|p1a: Gholdengo
|-damage|p1a: Gholdengo|0 fnt
|faint|p1a: Gholdengo
|
|win|fraaaxn
|raw|bettercalltilin's rating: 1596 &rarr; <strong>1576</strong><br />(-20 for losing)
|raw|fraaaxn's rating: 1598 &rarr; <strong>1618</strong><br />(+20 for winning)
|l|☆bettercalltilin
|player|p1|
