|html|<div class="broadcast-blue"><strong>[Gen 9] OU is currently suspecting Tera Blast! For information on how to participate check out the <a href="https://www.smogon.com/tools/suspects/view/200">suspect thread</a>.</strong></div>
|j|☆Pearl Loose
|j|☆qqmatic
|t:|1776091367
|gametype|singles
|player|p1|Pearl Loose|1|1295
|player|p2|qqmatic|cyrus|1253
|gen|9
|tier|[Gen 9] OU
|rated|
|rule|HP Percentage Mod: HP is shown in percentages
|rule|Endless Battle Clause: Forcing endless battles is banned
|rule|Species Clause: Limit one of each Pokémon
|rule|OHKO Clause: OHKO moves are banned
|rule|Evasion Items Clause: Evasion items are banned
|rule|Evasion Moves Clause: Evasion moves are banned
|rule|Evasion Abilities Clause: Evasion abilities are banned
|rule|Sleep Moves Clause: Sleep-inducing moves are banned
|clearpoke
|poke|p1|Tornadus-Therian, M|
|poke|p1|Alomomola, M|
|poke|p1|Overqwil, M|
|poke|p1|Toxicroak, M|
|poke|p1|Gliscor, F|
|poke|p1|Maushold-Four|
|poke|p2|Hydrapple, F|
|poke|p2|Lycanroc-Dusk, M|
|poke|p2|Kingambit, F|
|poke|p2|Slither Wing|
|poke|p2|Iron Crown|
|poke|p2|Heatran, F|
|teampreview
|inactive|Battle timer is ON: inactive players will automatically lose when time's up. (requested by qqmatic)
|
|t:|1776091379
|teamsize|p1|6
|teamsize|p2|6
|start
|switch|p1a: Alomomola|Alomomola, M|100/100
|switch|p2a: Iron Crown|Iron Crown|100/100
|turn|1
|
|t:|1776091387
|move|p2a: Iron Crown|Calm Mind|p2a: Iron Crown
|-boost|p2a: Iron Crown|spa|1
|-boost|p2a: Iron Crown|spd|1
|move|p1a: Alomomola|Light Screen|p1a: Alomomola
|-sidestart|p1: Pearl Loose|move: Light Screen
|
|upkeep
|turn|2
|
|t:|1776091392
|move|p2a: Iron Crown|Calm Mind|p2a: Iron Crown
|-boost|p2a: Iron Crown|spa|1
|-boost|p2a: Iron Crown|spd|1
|move|p1a: Alomomola|Flip Turn|p2a: Iron Crown
|-damage|p2a: Iron Crown|86/100
|
|t:|1776091399
|switch|p1a: Gliscor|Gliscor, F|100/100|[from] Flip Turn
|
|-status|p1a: Gliscor|tox|[from] item: Toxic Orb
|upkeep
|turn|3
|
|t:|1776091410
|-terastallize|p2a: Iron Crown|Fighting
|move|p2a: Iron Crown|Agility|p2a: Iron Crown
|-boost|p2a: Iron Crown|spe|2
|move|p1a: Gliscor|Earthquake|p2a: Iron Crown
|-damage|p2a: Iron Crown|56/100
|
|upkeep
|turn|4
|j| uno and dos
|
|t:|1776091422
|-terastallize|p1a: Gliscor|Normal
|move|p2a: Iron Crown|Stored Power|p1a: Gliscor
|-damage|p1a: Gliscor|39/100 tox
|move|p1a: Gliscor|Facade|p2a: Iron Crown
|-damage|p2a: Iron Crown|12/100
|
|-heal|p1a: Gliscor|51/100 tox|[from] ability: Poison Heal
|upkeep
|turn|5
|
|t:|1776091437
|switch|p1a: Overqwil|Overqwil, M|100/100
|move|p2a: Iron Crown|Stored Power|p1a: Overqwil
|-immune|p1a: Overqwil
|
|upkeep
|turn|6
|c| uno and dos|I'm only sorta late this time :D
|
|t:|1776091445
|move|p2a: Iron Crown|Tachyon Cutter|p1a: Overqwil
|-damage|p1a: Overqwil|75/100
|-damage|p1a: Overqwil|50/100
|-hitcount|p1a: Overqwil|2
|move|p1a: Overqwil|Aqua Tail|p2a: Iron Crown
|-damage|p2a: Iron Crown|0 fnt
|faint|p2a: Iron Crown
|-end|p2a: Iron Crown|Quark Drive|[silent]
|
|upkeep
|
|t:|1776091455
|switch|p2a: wurm|Slither Wing|100/100
|turn|7
|
|t:|1776091459
|switch|p1a: Toxicroak|Toxicroak, M|100/100
|move|p2a: wurm|U-turn|p1a: Toxicroak
|-resisted|p1a: Toxicroak
|-damage|p1a: Toxicroak|88/100
|c|☆qqmatic|lmao
|
|t:|1776091475
|-end|p2a: wurm|Protosynthesis|[silent]
|switch|p2a: Lycanroc|Lycanroc-Dusk, M|100/100|[from] U-turn
|
|-heal|p1a: Toxicroak|94/100|[from] item: Leftovers
|upkeep
|turn|8
|
|t:|1776091483
|move|p2a: Lycanroc|Swords Dance|p2a: Lycanroc
|-boost|p2a: Lycanroc|atk|2
|move|p1a: Toxicroak|Nasty Plot|p1a: Toxicroak
|-boost|p1a: Toxicroak|spa|2
|
|-heal|p1a: Toxicroak|99/100|[from] item: Leftovers
|-sideend|p1: Pearl Loose|move: Light Screen
|upkeep
|turn|9
|
|t:|1776091492
|move|p1a: Toxicroak|Vacuum Wave|p2a: Lycanroc
|-supereffective|p2a: Lycanroc
|-damage|p2a: Lycanroc|29/100
|move|p2a: Lycanroc|Play Rough|p1a: Toxicroak
|-damage|p1a: Toxicroak|10/100
|-damage|p2a: Lycanroc|19/100|[from] item: Life Orb
|
|-heal|p1a: Toxicroak|16/100|[from] item: Leftovers
|upkeep
|turn|10
|
|t:|1776091503
|move|p2a: Lycanroc|Accelerock|p1a: Toxicroak
|-resisted|p1a: Toxicroak
|-damage|p1a: Toxicroak|0 fnt
|faint|p1a: Toxicroak
|-damage|p2a: Lycanroc|9/100|[from] item: Life Orb
|
|upkeep
|
|t:|1776091510
|switch|p1a: Alomomola|Alomomola, M|100/100
|turn|11
|c| uno and dos|lycanroc dif
|c|☆qqmatic|fr
|
|t:|1776091518
|move|p2a: Lycanroc|Play Rough|p1a: Alomomola
|-damage|p1a: Alomomola|23/100
|-damage|p2a: Lycanroc|0 fnt|[from] item: Life Orb
|faint|p2a: Lycanroc
|move|p1a: Alomomola|Flip Turn|p2: Lycanroc|[notarget]
|-fail|p1a: Alomomola
|
|upkeep
|
|t:|1776091524
|switch|p2a: wurm|Slither Wing|100/100
|turn|12
|inactive|Pearl Loose has 120 seconds left.
|
|t:|1776091571
|switch|p1a: Gliscor|Gliscor, F, tera:Normal|51/100 tox
|move|p2a: wurm|U-turn|p1a: Gliscor
|-damage|p1a: Gliscor|8/100 tox
|-message|Pearl Loose forfeited.
|
|win|qqmatic
|raw|Pearl Loose's rating: 1295 &rarr; <strong>1267</strong><br />(-28 for losing)
|raw|qqmatic's rating: 1253 &rarr; <strong>1281</strong><br />(+28 for winning)
|l|☆Pearl Loose
|player|p1|
|c|☆qqmatic|gg
|l| uno and dos
