|html|<div class="broadcast-blue"><strong>[Gen 9] OU is currently suspecting Volcarona! For information on how to participate check out the <a href="https://www.smogon.com/tools/suspects/view/208">suspect thread</a>.</strong></div>
|j|☆hennyhardaway1
|j|☆tungpq2003
|t:|1778515164
|gametype|singles
|player|p1|hennyhardaway1|morty|1316
|player|p2|tungpq2003|102|1351
|gen|9
|tier|[Gen 9] OU
|rated|
|rule|HP Percentage Mod: HP is shown in percentages
|rule|Endless Battle Clause: Forcing endless battles is banned
|rule|Species Clause: Limit one of each Pokémon
|rule|OHKO Clause: OHKO moves are banned
|rule|Evasion Items Clause: Evasion items are banned
|rule|Evasion Moves Clause: Evasion moves are banned
|rule|Evasion Abilities Clause: Evasion abilities are banned
|rule|Sleep Moves Clause: Sleep-inducing moves are banned
|clearpoke
|poke|p1|Volcarona, F|
|poke|p1|Landorus-Therian, M|
|poke|p1|Corviknight, F|
|poke|p1|Ting-Lu|
|poke|p1|Primarina, F|
|poke|p1|Kyurem|
|poke|p2|Lucario, F|
|poke|p2|Haxorus, M|
|poke|p2|Grimmsnarl, M|
|poke|p2|Zapdos|
|poke|p2|Tyranitar, F|
|poke|p2|Quagsire, M|
|teampreview
|
|t:|1778515172
|teamsize|p1|6
|teamsize|p2|6
|start
|switch|p1a: Primarina|Primarina, F, shiny|100/100
|switch|p2a: Grimmsnarl|Grimmsnarl, M|100/100
|turn|1
|
|t:|1778515177
|move|p2a: Grimmsnarl|Thunder Wave|p1a: Primarina
|-status|p1a: Primarina|par
|move|p1a: Primarina|Moonblast|p2a: Grimmsnarl
|-supereffective|p2a: Grimmsnarl
|-damage|p2a: Grimmsnarl|39/100
|-unboost|p2a: Grimmsnarl|spa|1
|
|upkeep
|turn|2
|
|t:|1778515182
|move|p2a: Grimmsnarl|Light Screen|p2a: Grimmsnarl
|-sidestart|p2: tungpq2003|move: Light Screen
|move|p1a: Primarina|Flip Turn|p2a: Grimmsnarl
|-damage|p2a: Grimmsnarl|19/100
|
|t:|1778515195
|switch|p1a: Landorus|Landorus-Therian, M|100/100|[from] Flip Turn
|-ability|p1a: Landorus|Intimidate|boost
|-unboost|p2a: Grimmsnarl|atk|1
|
|upkeep
|turn|3
|
|t:|1778515200
|move|p2a: Grimmsnarl|Reflect|p2a: Grimmsnarl
|-sidestart|p2: tungpq2003|Reflect
|move|p1a: Landorus|U-turn|p2a: Grimmsnarl
|-damage|p2a: Grimmsnarl|4/100
|
|t:|1778515206
|switch|p1a: Primarina|Primarina, F, shiny|100/100 par|[from] U-turn
|
|upkeep
|turn|4
|
|t:|1778515209
|move|p2a: Grimmsnarl|Parting Shot|p1a: Primarina
|-unboost|p1a: Primarina|atk|1
|-unboost|p1a: Primarina|spa|1
|
|t:|1778515212
|switch|p2a: Lucario|Lucario, F|100/100|[from] Parting Shot
|-item|p2a: Lucario|Air Balloon
|cant|p1a: Primarina|par
|
|upkeep
|turn|5
|
|t:|1778515219
|move|p2a: Lucario|Nasty Plot|p2a: Lucario
|-boost|p2a: Lucario|spa|2
|move|p1a: Primarina|Flip Turn|p2a: Lucario
|-damage|p2a: Lucario|93/100
|-enditem|p2a: Lucario|Air Balloon
|
|t:|1778515228
|switch|p1a: Volcarona|Volcarona, F, shiny|100/100|[from] Flip Turn
|
|upkeep
|turn|6
|
|t:|1778515234
|move|p1a: Volcarona|Fiery Dance|p2a: Lucario
|-supereffective|p2a: Lucario
|-damage|p2a: Lucario|44/100
|-boost|p1a: Volcarona|spa|1
|move|p2a: Lucario|Dark Pulse|p1a: Volcarona
|-damage|p1a: Volcarona|54/100
|
|upkeep
|turn|7
|
|t:|1778515244
|switch|p2a: Tyranitar|Tyranitar, F|100/100
|-weather|Sandstorm|[from] ability: Sand Stream|[of] p2a: Tyranitar
|move|p1a: Volcarona|Fiery Dance|p2a: Tyranitar
|-resisted|p2a: Tyranitar
|-damage|p2a: Tyranitar|97/100
|
|-weather|Sandstorm|[upkeep]
|-damage|p1a: Volcarona|48/100|[from] Sandstorm
|upkeep
|turn|8
|
|t:|1778515253
|switch|p1a: Landorus|Landorus-Therian, M|100/100
|-ability|p1a: Landorus|Intimidate|boost
|-unboost|p2a: Tyranitar|atk|1
|move|p2a: Tyranitar|Knock Off|p1a: Landorus
|-damage|p1a: Landorus|69/100
|-enditem|p1a: Landorus|Choice Scarf|[from] move: Knock Off|[of] p2a: Tyranitar
|
|-weather|Sandstorm|[upkeep]
|upkeep
|turn|9
|
|t:|1778515265
|switch|p1a: Kyurem|Kyurem|100/100
|-ability|p1a: Kyurem|Pressure
|switch|p2a: Quagsire|Quagsire, M|100/100
|
|-weather|Sandstorm|[upkeep]
|-damage|p1a: Kyurem|94/100|[from] Sandstorm
|-sideend|p2: tungpq2003|move: Light Screen
|upkeep
|turn|10
|
|t:|1778515272
|switch|p2a: Tyranitar|Tyranitar, F|97/100
|move|p1a: Kyurem|Freeze-Dry|p2a: Tyranitar
|-damage|p2a: Tyranitar|87/100
|
|-weather|Sandstorm|[upkeep]
|-damage|p1a: Kyurem|88/100|[from] Sandstorm
|-sideend|p2: tungpq2003|Reflect
|upkeep
|turn|11
|
|t:|1778515281
|switch|p1a: Landorus|Landorus-Therian, M|69/100
|-ability|p1a: Landorus|Intimidate|boost
|-unboost|p2a: Tyranitar|atk|1
|move|p2a: Tyranitar|Knock Off|p1a: Landorus
|-damage|p1a: Landorus|47/100
|
|-weather|none
|upkeep
|turn|12
|
|t:|1778515286
|switch|p2a: Quagsire|Quagsire, M|100/100
|move|p1a: Landorus|Taunt|p2a: Quagsire
|-start|p2a: Quagsire|move: Taunt
|
|upkeep
|turn|13
|
|t:|1778515295
|switch|p1a: Volcarona|Volcarona, F, shiny|48/100
|move|p2a: Quagsire|Waterfall|p1a: Volcarona
|-supereffective|p1a: Volcarona
|-damage|p1a: Volcarona|10/100
|
|upkeep
|turn|14
|
|t:|1778515299
|switch|p2a: Tyranitar|Tyranitar, F|87/100
|-weather|Sandstorm|[from] ability: Sand Stream|[of] p2a: Tyranitar
|move|p1a: Volcarona|Giga Drain|p2a: Tyranitar
|-supereffective|p2a: Tyranitar
|-damage|p2a: Tyranitar|74/100
|-heal|p1a: Volcarona|17/100|[from] drain|[of] p2a: Tyranitar
|
|-weather|Sandstorm|[upkeep]
|-damage|p1a: Volcarona|11/100|[from] Sandstorm
|upkeep
|turn|15
|
|t:|1778515310
|-terastallize|p1a: Volcarona|Grass
|move|p1a: Volcarona|Morning Sun|p1a: Volcarona
|-heal|p1a: Volcarona|36/100
|move|p2a: Tyranitar|Knock Off|p1a: Volcarona
|-damage|p1a: Volcarona|0 fnt
|-enditem|p1a: Volcarona|Heavy-Duty Boots|[from] move: Knock Off|[of] p2a: Tyranitar
|faint|p1a: Volcarona
|
|-weather|Sandstorm|[upkeep]
|upkeep
|
|t:|1778515322
|switch|p1a: Ting-Lu|Ting-Lu|100/100
|-ability|p1a: Ting-Lu|Vessel of Ruin
|turn|16
|
|t:|1778515326
|move|p2a: Tyranitar|Knock Off|p1a: Ting-Lu
|-resisted|p1a: Ting-Lu
|-damage|p1a: Ting-Lu|91/100
|-enditem|p1a: Ting-Lu|Leftovers|[from] move: Knock Off|[of] p2a: Tyranitar
|move|p1a: Ting-Lu|Spikes|p2a: Tyranitar
|-sidestart|p2: tungpq2003|Spikes
|
|-weather|Sandstorm|[upkeep]
|upkeep
|turn|17
|
|t:|1778515331
|switch|p2a: Grimmsnarl|Grimmsnarl, M|4/100
|-damage|p2a: Grimmsnarl|0 fnt|[from] Spikes
|faint|p2a: Grimmsnarl
|move|p1a: Ting-Lu|Spikes|p2: Grimmsnarl
|-sidestart|p2: tungpq2003|Spikes
|
|-weather|Sandstorm|[upkeep]
|upkeep
|
|t:|1778515335
|switch|p2a: Lucario|Lucario, F|44/100
|-damage|p2a: Lucario|27/100|[from] Spikes
|turn|18
|
|t:|1778515339
|switch|p1a: Landorus|Landorus-Therian, M|47/100
|-ability|p1a: Landorus|Intimidate|boost
|-fail|p2a: Lucario|unboost|Attack|[from] ability: Inner Focus|[of] p2a: Lucario
|move|p2a: Lucario|Flash Cannon|p1a: Landorus
|-crit|p1a: Landorus
|-damage|p1a: Landorus|0 fnt
|faint|p1a: Landorus
|
|-weather|none
|upkeep
|
|t:|1778515346
|switch|p1a: Primarina|Primarina, F, shiny|100/100 par
|turn|19
|
|t:|1778515349
|move|p2a: Lucario|Flash Cannon|p1a: Primarina
|-damage|p1a: Primarina|77/100 par
|move|p1a: Primarina|Flip Turn|p2a: Lucario
|-damage|p2a: Lucario|7/100
|
|t:|1778515360
|switch|p1a: Kyurem|Kyurem|88/100|[from] Flip Turn
|-ability|p1a: Kyurem|Pressure
|
|upkeep
|turn|20
|
|t:|1778515365
|move|p2a: Lucario|Vacuum Wave|p1a: Kyurem
|-supereffective|p1a: Kyurem
|-damage|p1a: Kyurem|45/100
|move|p1a: Kyurem|Freeze-Dry|p2a: Lucario
|-resisted|p2a: Lucario
|-damage|p2a: Lucario|0 fnt
|faint|p2a: Lucario
|
|upkeep
|
|t:|1778515369
|switch|p2a: Tyranitar|Tyranitar, F|74/100
|-damage|p2a: Tyranitar|57/100|[from] Spikes
|-weather|Sandstorm|[from] ability: Sand Stream|[of] p2a: Tyranitar
|turn|21
|
|t:|1778515377
|switch|p1a: Primarina|Primarina, F, shiny|77/100 par
|move|p2a: Tyranitar|Knock Off|p1a: Primarina
|-resisted|p1a: Primarina
|-damage|p1a: Primarina|53/100 par
|-enditem|p1a: Primarina|Leftovers|[from] move: Knock Off|[of] p2a: Tyranitar
|
|-weather|Sandstorm|[upkeep]
|-damage|p1a: Primarina|47/100 par|[from] Sandstorm
|upkeep
|turn|22
|
|t:|1778515382
|move|p2a: Tyranitar|Heavy Slam|p1a: Primarina
|-damage|p1a: Primarina|13/100 par
|move|p1a: Primarina|Moonblast|p2a: Tyranitar
|-supereffective|p2a: Tyranitar
|-damage|p2a: Tyranitar|33/100
|
|-weather|Sandstorm|[upkeep]
|-damage|p1a: Primarina|7/100 par|[from] Sandstorm
|upkeep
|turn|23
|
|t:|1778515389
|move|p2a: Tyranitar|Knock Off|p1a: Primarina
|-resisted|p1a: Primarina
|-damage|p1a: Primarina|0 fnt
|faint|p1a: Primarina
|
|-weather|Sandstorm|[upkeep]
|upkeep
|
|t:|1778515395
|switch|p1a: Ting-Lu|Ting-Lu|91/100
|-ability|p1a: Ting-Lu|Vessel of Ruin
|turn|24
|
|t:|1778515401
|move|p1a: Ting-Lu|Spikes|p2a: Tyranitar
|-sidestart|p2: tungpq2003|Spikes
|move|p2a: Tyranitar|Avalanche|p1a: Ting-Lu
|-supereffective|p1a: Ting-Lu
|-damage|p1a: Ting-Lu|75/100
|
|-weather|Sandstorm|[upkeep]
|upkeep
|turn|25
|
|t:|1778515406
|move|p2a: Tyranitar|Stone Edge|p1a: Ting-Lu
|-resisted|p1a: Ting-Lu
|-damage|p1a: Ting-Lu|66/100
|move|p1a: Ting-Lu|Earthquake|p2a: Tyranitar
|-supereffective|p2a: Tyranitar
|-damage|p2a: Tyranitar|0 fnt
|faint|p2a: Tyranitar
|
|-weather|none
|upkeep
|
|t:|1778515414
|switch|p2a: Haxorus|Haxorus, M|100/100
|-damage|p2a: Haxorus|76/100|[from] Spikes
|-ability|p2a: Haxorus|Mold Breaker
|turn|26
|
|t:|1778515417
|move|p2a: Haxorus|Dragon Dance|p2a: Haxorus
|-boost|p2a: Haxorus|atk|1
|-boost|p2a: Haxorus|spe|1
|move|p1a: Ting-Lu|Whirlwind|p2a: Haxorus
|drag|p2a: Quagsire|Quagsire, M|100/100
|-damage|p2a: Quagsire|76/100|[from] Spikes
|
|upkeep
|turn|27
|
|t:|1778515420
|switch|p1a: Corviknight|Corviknight, F, shiny|100/100
|-ability|p1a: Corviknight|Pressure
|move|p2a: Quagsire|Waterfall|p1a: Corviknight
|-damage|p1a: Corviknight|87/100
|-damage|p2a: Quagsire|59/100|[from] item: Rocky Helmet|[of] p1a: Corviknight
|
|upkeep
|turn|28
|
|t:|1778515425
|move|p1a: Corviknight|U-turn|p2a: Quagsire
|-damage|p2a: Quagsire|48/100
|-damage|p1a: Corviknight|70/100|[from] item: Rocky Helmet|[of] p2a: Quagsire
|
|t:|1778515427
|switch|p1a: Kyurem|Kyurem|45/100|[from] U-turn
|-ability|p1a: Kyurem|Pressure
|move|p2a: Quagsire|Curse|p2a: Quagsire
|-unboost|p2a: Quagsire|spe|1
|-boost|p2a: Quagsire|atk|1
|-boost|p2a: Quagsire|def|1
|
|upkeep
|turn|29
|
|t:|1778515431
|move|p1a: Kyurem|Freeze-Dry|p2a: Quagsire
|-supereffective|p2a: Quagsire
|-damage|p2a: Quagsire|0 fnt
|faint|p2a: Quagsire
|
|upkeep
|
|t:|1778515434
|switch|p2a: Zapdos|Zapdos|100/100
|turn|30
|
|t:|1778515440
|switch|p1a: Ting-Lu|Ting-Lu|66/100
|-ability|p1a: Ting-Lu|Vessel of Ruin
|move|p2a: Zapdos|Hurricane|p1a: Ting-Lu|[miss]
|-miss|p2a: Zapdos|p1a: Ting-Lu
|
|upkeep
|turn|31
|
|t:|1778515446
|move|p2a: Zapdos|Hurricane|p1a: Ting-Lu|[miss]
|-miss|p2a: Zapdos|p1a: Ting-Lu
|move|p1a: Ting-Lu|Whirlwind|p2a: Zapdos
|drag|p2a: Haxorus|Haxorus, M|76/100
|-damage|p2a: Haxorus|51/100|[from] Spikes
|-ability|p2a: Haxorus|Mold Breaker
|
|upkeep
|turn|32
|
|t:|1778515453
|move|p2a: Haxorus|Dragon Claw|p1a: Ting-Lu
|-damage|p1a: Ting-Lu|47/100
|move|p1a: Ting-Lu|Whirlwind|p2a: Haxorus
|drag|p2a: Zapdos|Zapdos|100/100
|
|upkeep
|turn|33
|
|t:|1778515460
|switch|p1a: Corviknight|Corviknight, F, shiny|70/100
|-ability|p1a: Corviknight|Pressure
|move|p2a: Zapdos|Hurricane|p1a: Corviknight
|-resisted|p1a: Corviknight
|-damage|p1a: Corviknight|48/100
|
|upkeep
|turn|34
|
|t:|1778515466
|switch|p1a: Ting-Lu|Ting-Lu|47/100
|-ability|p1a: Ting-Lu|Vessel of Ruin
|move|p2a: Zapdos|Heat Wave|p1a: Ting-Lu|[miss]
|-miss|p2a: Zapdos|p1a: Ting-Lu
|
|upkeep
|turn|35
|
|t:|1778515468
|move|p2a: Zapdos|Hurricane|p1a: Ting-Lu|[miss]
|-miss|p2a: Zapdos|p1a: Ting-Lu
|move|p1a: Ting-Lu|Whirlwind|p2a: Zapdos
|drag|p2a: Haxorus|Haxorus, M|51/100
|-damage|p2a: Haxorus|26/100|[from] Spikes
|-ability|p2a: Haxorus|Mold Breaker
|
|upkeep
|turn|36
|
|t:|1778515471
|move|p2a: Haxorus|Iron Head|p1a: Ting-Lu
|-damage|p1a: Ting-Lu|35/100
|move|p1a: Ting-Lu|Earthquake|p2a: Haxorus
|-damage|p2a: Haxorus|0 fnt
|faint|p2a: Haxorus
|
|upkeep
|
|t:|1778515474
|switch|p2a: Zapdos|Zapdos|100/100
|turn|37
|
|t:|1778515478
|move|p2a: Zapdos|Hurricane|p1a: Ting-Lu
|-damage|p1a: Ting-Lu|6/100
|move|p1a: Ting-Lu|Earthquake|p2a: Zapdos
|-immune|p2a: Zapdos
|
|upkeep
|turn|38
|
|t:|1778515484
|move|p2a: Zapdos|Heat Wave|p1a: Ting-Lu
|-crit|p1a: Ting-Lu
|-damage|p1a: Ting-Lu|0 fnt
|faint|p1a: Ting-Lu
|
|upkeep
|
|t:|1778515487
|switch|p1a: Kyurem|Kyurem|45/100
|-ability|p1a: Kyurem|Pressure
|turn|39
|
|t:|1778515490
|-terastallize|p2a: Zapdos|Electric
|move|p1a: Kyurem|Ice Beam|p2a: Zapdos
|-damage|p2a: Zapdos|59/100
|move|p2a: Zapdos|Thunderbolt|p1a: Kyurem
|-resisted|p1a: Kyurem
|-damage|p1a: Kyurem|21/100
|
|-heal|p2a: Zapdos|65/100|[from] item: Leftovers
|upkeep
|turn|40
|
|t:|1778515499
|switch|p1a: Corviknight|Corviknight, F, shiny|48/100
|-ability|p1a: Corviknight|Pressure
|move|p2a: Zapdos|Heat Wave|p1a: Corviknight
|-supereffective|p1a: Corviknight
|-damage|p1a: Corviknight|0 fnt
|faint|p1a: Corviknight
|
|-heal|p2a: Zapdos|71/100|[from] item: Leftovers
|upkeep
|
|t:|1778515501
|switch|p1a: Kyurem|Kyurem|21/100
|-ability|p1a: Kyurem|Pressure
|turn|41
|
|t:|1778515502
|move|p1a: Kyurem|Earth Power|p2a: Zapdos
|-supereffective|p2a: Zapdos
|-damage|p2a: Zapdos|15/100
|move|p2a: Zapdos|Heat Wave|p1a: Kyurem
|-damage|p1a: Kyurem|0 fnt
|faint|p1a: Kyurem
|
|win|tungpq2003
|raw|hennyhardaway1's rating: 1316 &rarr; <strong>1298</strong><br />(-18 for losing)
|raw|tungpq2003's rating: 1351 &rarr; <strong>1369</strong><br />(+18 for winning)
|l|☆hennyhardaway1
|player|p1|
|l|☆tungpq2003
|player|p2|
