|html|<div class="broadcast-blue"><strong>[Gen 9] OU is currently suspecting Tera Blast! For information on how to participate check out the <a href="https://www.smogon.com/tools/suspects/view/200">suspect thread</a>.</strong></div>
|j|☆grandmasterlaw
|j|☆uknowdakine
|t:|1776052788
|gametype|singles
|player|p1|grandmasterlaw|bruno|1240
|player|p2|uknowdakine|101|1282
|gen|9
|tier|[Gen 9] OU
|rated|
|rule|HP Percentage Mod: HP is shown in percentages
|rule|Endless Battle Clause: Forcing endless battles is banned
|rule|Species Clause: Limit one of each Pokémon
|rule|OHKO Clause: OHKO moves are banned
|rule|Evasion Items Clause: Evasion items are banned
|rule|Evasion Moves Clause: Evasion moves are banned
|rule|Evasion Abilities Clause: Evasion abilities are banned
|rule|Sleep Moves Clause: Sleep-inducing moves are banned
|clearpoke
|poke|p1|Samurott-Hisui, M|
|poke|p1|Raging Bolt|
|poke|p1|Landorus-Therian, M|
|poke|p1|Iron Moth|
|poke|p1|Pelipper, F|
|poke|p1|Ogerpon-Wellspring, F|
|poke|p2|Torkoal, F|
|poke|p2|Great Tusk|
|poke|p2|Slither Wing|
|poke|p2|Venusaur, M|
|poke|p2|Walking Wake|
|poke|p2|Heatran, F|
|teampreview
|j| ohko_smeargle
|
|t:|1776052800
|teamsize|p1|6
|teamsize|p2|6
|start
|switch|p1a: Samurott|Samurott-Hisui, M|100/100
|switch|p2a: Noel|Slither Wing|100/100
|turn|1
|
|t:|1776052818
|move|p1a: Samurott|Flip Turn|p2a: Noel
|-damage|p2a: Noel|69/100
|
|t:|1776052822
|switch|p1a: Pelipper|Pelipper, F|100/100|[from] Flip Turn
|-weather|RainDance|[from] ability: Drizzle|[of] p1a: Pelipper
|move|p2a: Noel|Low Kick|p1a: Pelipper
|-resisted|p1a: Pelipper
|-damage|p1a: Pelipper|82/100
|
|-weather|RainDance|[upkeep]
|upkeep
|turn|2
|
|t:|1776052830
|move|p2a: Noel|U-turn|p1a: Pelipper
|-resisted|p1a: Pelipper
|-damage|p1a: Pelipper|61/100
|
|t:|1776052838
|-end|p2a: Noel|Protosynthesis|[silent]
|switch|p2a: Tio|Walking Wake|100/100|[from] U-turn
|move|p1a: Pelipper|U-turn|p2a: Tio
|-damage|p2a: Tio|91/100
|
|t:|1776052845
|switch|p1a: Ogerpon|Ogerpon-Wellspring, F|100/100|[from] U-turn
|
|-weather|RainDance|[upkeep]
|upkeep
|turn|3
|
|t:|1776052861
|-end|p2a: Tio|Protosynthesis|[silent]
|switch|p2a: Lloyd|Torkoal, F|100/100
|-weather|SunnyDay|[from] ability: Drought|[of] p2a: Lloyd
|move|p1a: Ogerpon|U-turn|p2a: Lloyd
|-resisted|p2a: Lloyd
|-damage|p2a: Lloyd|89/100
|
|t:|1776052872
|switch|p1a: Landorus|Landorus-Therian, M|100/100|[from] U-turn
|-ability|p1a: Landorus|Intimidate|boost
|-unboost|p2a: Lloyd|atk|1
|
|-weather|SunnyDay|[upkeep]
|upkeep
|turn|4
|
|t:|1776052885
|move|p1a: Landorus|Stealth Rock|p2a: Lloyd
|-sidestart|p2: uknowdakine|move: Stealth Rock
|move|p2a: Lloyd|Stealth Rock|p1a: Landorus
|-sidestart|p1: grandmasterlaw|move: Stealth Rock
|
|-weather|SunnyDay|[upkeep]
|upkeep
|turn|5
|
|t:|1776052892
|switch|p1a: Pelipper|Pelipper, F|61/100
|-damage|p1a: Pelipper|36/100|[from] Stealth Rock
|-weather|RainDance|[from] ability: Drizzle|[of] p1a: Pelipper
|move|p2a: Lloyd|Rapid Spin|p1a: Pelipper
|-damage|p1a: Pelipper|29/100
|-boost|p2a: Lloyd|spe|1
|-sideend|p2: uknowdakine|Stealth Rock|[from] move: Rapid Spin|[of] p2a: Lloyd
|
|-weather|RainDance|[upkeep]
|upkeep
|turn|6
|
|t:|1776052909
|switch|p2a: Wazy|Heatran, F|100/100
|-item|p2a: Wazy|Air Balloon
|move|p1a: Pelipper|Hurricane|p2a: Wazy
|-resisted|p2a: Wazy
|-damage|p2a: Wazy|79/100
|-enditem|p2a: Wazy|Air Balloon
|
|-weather|RainDance|[upkeep]
|upkeep
|turn|7
|
|t:|1776052918
|move|p2a: Wazy|Magma Storm|p1a: Pelipper
|-resisted|p1a: Pelipper
|-damage|p1a: Pelipper|11/100
|-activate|p1a: Pelipper|move: Magma Storm|[of] p2a: Wazy
|move|p1a: Pelipper|Hydro Pump|p2a: Wazy
|-supereffective|p2a: Wazy
|-damage|p2a: Wazy|0 fnt
|faint|p2a: Wazy
|
|-weather|RainDance|[upkeep]
|-end|p1a: Pelipper|Magma Storm|[partiallytrapped]|[silent]
|upkeep
|
|t:|1776052929
|switch|p2a: Lloyd|Torkoal, F|89/100
|-weather|SunnyDay|[from] ability: Drought|[of] p2a: Lloyd
|turn|8
|
|t:|1776052938
|move|p1a: Pelipper|Hydro Pump|p2a: Lloyd
|-supereffective|p2a: Lloyd
|-damage|p2a: Lloyd|26/100
|move|p2a: Lloyd|Rapid Spin|p1a: Pelipper
|-damage|p1a: Pelipper|0 fnt
|-boost|p2a: Lloyd|spe|1
|faint|p1a: Pelipper
|
|-weather|SunnyDay|[upkeep]
|upkeep
|
|t:|1776052948
|switch|p1a: Iron Moth|Iron Moth|100/100
|-damage|p1a: Iron Moth|76/100|[from] Stealth Rock
|-enditem|p1a: Iron Moth|Booster Energy
|-activate|p1a: Iron Moth|ability: Quark Drive|[fromitem]
|-start|p1a: Iron Moth|quarkdrivespa
|turn|9
|
|t:|1776052960
|switch|p2a: Randy|Great Tusk|100/100
|-activate|p2a: Randy|ability: Protosynthesis
|-start|p2a: Randy|protosynthesisspe
|move|p1a: Iron Moth|Sludge Wave|p2a: Randy
|-resisted|p2a: Randy
|-damage|p2a: Randy|58/100
|
|-weather|SunnyDay|[upkeep]
|upkeep
|turn|10
|
|t:|1776052976
|-end|p1a: Iron Moth|Quark Drive|[silent]
|switch|p1a: Landorus|Landorus-Therian, M|100/100
|-damage|p1a: Landorus|88/100|[from] Stealth Rock
|-ability|p1a: Landorus|Intimidate|boost
|-unboost|p2a: Randy|atk|1
|move|p2a: Randy|Ice Spinner|p1a: Landorus
|-supereffective|p1a: Landorus
|-crit|p1a: Landorus
|-damage|p1a: Landorus|0 fnt
|faint|p1a: Landorus
|
|-weather|SunnyDay|[upkeep]
|upkeep
|
|t:|1776052994
|switch|p1a: Samurott|Samurott-Hisui, M|100/100
|-damage|p1a: Samurott|88/100|[from] Stealth Rock
|turn|11
|
|t:|1776053015
|-end|p2a: Randy|Protosynthesis|[silent]
|switch|p2a: Elie|Venusaur, M|100/100
|move|p1a: Samurott|Razor Shell|p2a: Elie
|-resisted|p2a: Elie
|-damage|p2a: Elie|85/100
|-unboost|p2a: Elie|def|1
|
|-weather|SunnyDay|[upkeep]
|upkeep
|turn|12
|
|t:|1776053026
|switch|p1a: Iron Moth|Iron Moth|76/100
|-damage|p1a: Iron Moth|51/100|[from] Stealth Rock
|move|p2a: Elie|Giga Drain|p1a: Iron Moth
|-resisted|p1a: Iron Moth
|-damage|p1a: Iron Moth|40/100
|-heal|p2a: Elie|90/100|[from] drain|[of] p1a: Iron Moth
|-damage|p2a: Elie|81/100|[from] item: Life Orb
|
|-weather|SunnyDay|[upkeep]
|upkeep
|turn|13
|
|t:|1776053057
|switch|p2a: Randy|Great Tusk|58/100
|-activate|p2a: Randy|ability: Protosynthesis
|-start|p2a: Randy|protosynthesisspe
|move|p1a: Iron Moth|Heat Wave|p2a: Randy
|-damage|p2a: Randy|0 fnt
|faint|p2a: Randy
|-end|p2a: Randy|Protosynthesis|[silent]
|
|-weather|SunnyDay|[upkeep]
|upkeep
|
|t:|1776053064
|switch|p2a: Tio|Walking Wake|91/100
|-activate|p2a: Tio|ability: Protosynthesis
|-start|p2a: Tio|protosynthesisspe
|turn|14
|
|t:|1776053077
|move|p2a: Tio|Draco Meteor|p1a: Iron Moth
|-damage|p1a: Iron Moth|0 fnt
|-unboost|p2a: Tio|spa|2
|faint|p1a: Iron Moth
|-end|p1a: Iron Moth|Quark Drive|[silent]
|
|-weather|SunnyDay|[upkeep]
|upkeep
|
|t:|1776053083
|switch|p1a: Raging Bolt|Raging Bolt|100/100
|-damage|p1a: Raging Bolt|88/100|[from] Stealth Rock
|-activate|p1a: Raging Bolt|ability: Protosynthesis
|-start|p1a: Raging Bolt|protosynthesisspa
|turn|15
|
|t:|1776053098
|-end|p2a: Tio|Protosynthesis|[silent]
|switch|p2a: Noel|Slither Wing|69/100
|-activate|p2a: Noel|ability: Protosynthesis
|-start|p2a: Noel|protosynthesisatk
|-terastallize|p1a: Raging Bolt|Electric
|move|p1a: Raging Bolt|Draco Meteor|p2a: Noel
|-damage|p2a: Noel|4/100
|-unboost|p1a: Raging Bolt|spa|2
|
|-weather|none
|-end|p2a: Noel|Protosynthesis
|-end|p1a: Raging Bolt|Protosynthesis
|upkeep
|-enditem|p1a: Raging Bolt|Booster Energy
|-activate|p1a: Raging Bolt|ability: Protosynthesis|[fromitem]
|-start|p1a: Raging Bolt|protosynthesisdef
|turn|16
|
|t:|1776053117
|move|p2a: Noel|Earthquake|p1a: Raging Bolt
|-supereffective|p1a: Raging Bolt
|-damage|p1a: Raging Bolt|42/100
|move|p1a: Raging Bolt|Thunder|p2a: Noel
|-damage|p2a: Noel|0 fnt
|faint|p2a: Noel
|-end|p2a: Noel|Protosynthesis|[silent]
|
|upkeep
|
|t:|1776053123
|switch|p2a: Lloyd|Torkoal, F|26/100
|-weather|SunnyDay|[from] ability: Drought|[of] p2a: Lloyd
|turn|17
|
|t:|1776053131
|move|p1a: Raging Bolt|Thunder|p2a: Lloyd
|-damage|p2a: Lloyd|0 fnt
|faint|p2a: Lloyd
|
|-weather|SunnyDay|[upkeep]
|upkeep
|
|t:|1776053143
|switch|p2a: Elie|Venusaur, M|81/100
|turn|18
|
|t:|1776053149
|-terastallize|p2a: Elie|Fire
|move|p2a: Elie|Weather Ball|p1a: Raging Bolt
|-damage|p1a: Raging Bolt|0 fnt
|faint|p1a: Raging Bolt
|-end|p1a: Raging Bolt|Protosynthesis|[silent]
|-damage|p2a: Elie|71/100|[from] item: Life Orb
|
|-weather|SunnyDay|[upkeep]
|upkeep
|
|t:|1776053159
|switch|p1a: Samurott|Samurott-Hisui, M|88/100
|-damage|p1a: Samurott|76/100|[from] Stealth Rock
|turn|19
|
|t:|1776053169
|move|p2a: Elie|Giga Drain|p1a: Samurott
|-supereffective|p1a: Samurott
|-damage|p1a: Samurott|0 fnt
|-heal|p2a: Elie|100/100|[from] drain|[of] p1a: Samurott
|faint|p1a: Samurott
|-damage|p2a: Elie|91/100|[from] item: Life Orb
|
|-weather|SunnyDay|[upkeep]
|upkeep
|
|t:|1776053176
|switch|p1a: Ogerpon|Ogerpon-Wellspring, F|100/100
|-damage|p1a: Ogerpon|88/100|[from] Stealth Rock
|turn|20
|
|t:|1776053185
|move|p2a: Elie|Weather Ball|p1a: Ogerpon
|-damage|p1a: Ogerpon|0 fnt
|faint|p1a: Ogerpon
|-damage|p2a: Elie|81/100|[from] item: Life Orb
|
|win|uknowdakine
|raw|grandmasterlaw's rating: 1240 &rarr; <strong>1218</strong><br />(-22 for losing)
|raw|uknowdakine's rating: 1282 &rarr; <strong>1304</strong><br />(+22 for winning)
|l| ohko_smeargle
|l|☆grandmasterlaw
|player|p1|
