|html|<div class="broadcast-blue"><strong>[Gen 9] OU is currently suspecting Tera Blast! For information on how to participate check out the <a href="https://www.smogon.com/tools/suspects/view/200">suspect thread</a>.</strong></div>
|j|☆pirouo
|j|☆Mkutopias
|t:|1776276588
|gametype|singles
|player|p1|pirouo|265|1441
|player|p2|Mkutopias|102|1419
|gen|9
|tier|[Gen 9] OU
|rated|
|rule|HP Percentage Mod: HP is shown in percentages
|rule|Endless Battle Clause: Forcing endless battles is banned
|rule|Species Clause: Limit one of each Pokémon
|rule|OHKO Clause: OHKO moves are banned
|rule|Evasion Items Clause: Evasion items are banned
|rule|Evasion Moves Clause: Evasion moves are banned
|rule|Evasion Abilities Clause: Evasion abilities are banned
|rule|Sleep Moves Clause: Sleep-inducing moves are banned
|clearpoke
|poke|p1|Goodra-Hisui, M|
|poke|p1|Alomomola, F|
|poke|p1|Hydrapple, F|
|poke|p1|Dragapult, M|
|poke|p1|Volcanion|
|poke|p1|Great Tusk|
|poke|p2|Lokix, M|
|poke|p2|Cinderace, F|
|poke|p2|Great Tusk|
|poke|p2|Alomomola, F|
|poke|p2|Enamorus, F|
|poke|p2|Slowking-Galar, M|
|teampreview
|inactive|Battle timer is ON: inactive players will automatically lose when time's up. (requested by pirouo)
|
|t:|1776276642
|teamsize|p1|6
|teamsize|p2|6
|start
|switch|p1a: Dragapult|Dragapult, M|100/100
|switch|p2a: Cinderace|Cinderace, F|100/100
|turn|1
|
|t:|1776276652
|-terastallize|p1a: Dragapult|Ghost
|move|p1a: Dragapult|Tera Blast|p2a: Cinderace|[anim] Tera Blast Ghost
|-damage|p2a: Cinderace|13/100
|move|p2a: Cinderace|Will-O-Wisp|p1a: Dragapult
|-status|p1a: Dragapult|brn
|
|-damage|p1a: Dragapult|95/100 brn|[from] brn
|upkeep
|turn|2
|
|t:|1776276670
|switch|p1a: Volcanion|Volcanion|100/100
|switch|p2a: Alomomola|Alomomola, F|100/100
|
|upkeep
|turn|3
|
|t:|1776276675
|move|p1a: Volcanion|Fire Spin|p2a: Alomomola
|-resisted|p2a: Alomomola
|-damage|p2a: Alomomola|96/100
|-activate|p2a: Alomomola|move: Fire Spin|[of] p1a: Volcanion
|move|p2a: Alomomola|Body Slam|p1a: Volcanion
|-damage|p1a: Volcanion|87/100
|-status|p1a: Volcanion|par
|
|-damage|p2a: Alomomola|83/100|[from] move: Fire Spin|[partiallytrapped]
|upkeep
|turn|4
|
|t:|1776276682
|move|p1a: Volcanion|Will-O-Wisp|p2a: Alomomola
|-status|p2a: Alomomola|brn
|move|p2a: Alomomola|Mirror Coat||[still]
|-fail|p2a: Alomomola
|
|-damage|p2a: Alomomola|77/100 brn|[from] brn
|-damage|p2a: Alomomola|65/100 brn|[from] move: Fire Spin|[partiallytrapped]
|upkeep
|turn|5
|
|t:|1776276692
|move|p1a: Volcanion|Will-O-Wisp|p2a: Alomomola
|-fail|p2a: Alomomola|brn
|move|p2a: Alomomola|Mirror Coat||[still]
|-fail|p2a: Alomomola
|
|-damage|p2a: Alomomola|59/100 brn|[from] brn
|-damage|p2a: Alomomola|46/100 brn|[from] move: Fire Spin|[partiallytrapped]
|upkeep
|turn|6
|
|t:|1776276697
|cant|p1a: Volcanion|par
|move|p2a: Alomomola|Mirror Coat||[still]
|-fail|p2a: Alomomola
|
|-damage|p2a: Alomomola|40/100 brn|[from] brn
|-damage|p2a: Alomomola|28/100 brn|[from] move: Fire Spin|[partiallytrapped]
|upkeep
|turn|7
|
|t:|1776276701
|cant|p1a: Volcanion|par
|move|p2a: Alomomola|Mirror Coat||[still]
|-fail|p2a: Alomomola
|
|-damage|p2a: Alomomola|22/100 brn|[from] brn
|-end|p2a: Alomomola|Fire Spin|[partiallytrapped]
|upkeep
|turn|8
|
|t:|1776276707
|switch|p2a: Slowking|Slowking-Galar, M|100/100
|cant|p1a: Volcanion|par
|
|upkeep
|turn|9
|
|t:|1776276718
|switch|p1a: Alomomola|Alomomola, F|100/100
|move|p2a: Slowking|Future Sight|p1a: Alomomola
|-start|p2a: Slowking|move: Future Sight
|
|upkeep
|turn|10
|
|t:|1776276723
|move|p1a: Alomomola|Wish|p1a: Alomomola
|move|p2a: Slowking|Sludge Bomb|p1a: Alomomola
|-damage|p1a: Alomomola|71/100
|-status|p1a: Alomomola|psn
|
|-damage|p1a: Alomomola|58/100 psn|[from] psn
|upkeep
|turn|11
|
|t:|1776276728
|move|p1a: Alomomola|Flip Turn|p2a: Slowking
|-damage|p2a: Slowking|89/100
|
|t:|1776276730
|switch|p1a: Goodra|Goodra-Hisui, M|100/100|[from] Flip Turn
|-prepare|p2a: Slowking|Chilly Reception|[premajor]
|move|p2a: Slowking|Chilly Reception|p2a: Slowking
|-weather|Snowscape
|
|t:|1776276741
|switch|p2a: Great Tusk|Great Tusk|100/100|[from] Chilly Reception
|
|-weather|Snowscape|[upkeep]
|-end|p1a: Goodra|move: Future Sight
|-resisted|p1a: Goodra
|-damage|p1a: Goodra|93/100
|-heal|p1a: Goodra|100/100|[from] move: Wish|[wisher] Alomomola
|upkeep
|turn|12
|
|t:|1776276746
|switch|p1a: Alomomola|Alomomola, F|92/100 psn
|move|p2a: Great Tusk|Bulk Up|p2a: Great Tusk
|-boost|p2a: Great Tusk|atk|1
|-boost|p2a: Great Tusk|def|1
|
|-weather|Snowscape|[upkeep]
|-damage|p1a: Alomomola|79/100 psn|[from] psn
|upkeep
|turn|13
|
|t:|1776276753
|move|p2a: Great Tusk|Rapid Spin|p1a: Alomomola
|-damage|p1a: Alomomola|65/100 psn
|-boost|p2a: Great Tusk|spe|1
|-damage|p2a: Great Tusk|84/100|[from] item: Rocky Helmet|[of] p1a: Alomomola
|move|p1a: Alomomola|Flip Turn|p2a: Great Tusk
|-supereffective|p2a: Great Tusk
|-damage|p2a: Great Tusk|71/100
|
|t:|1776276766
|switch|p1a: Hydrapple|Hydrapple, F|100/100|[from] Flip Turn
|
|-weather|Snowscape|[upkeep]
|-heal|p2a: Great Tusk|77/100|[from] item: Leftovers
|upkeep
|turn|14
|
|t:|1776276790
|-end|p2a: Great Tusk|Protosynthesis|[silent]
|switch|p2a: Slowking|Slowking-Galar, M|100/100
|switch|p1a: Alomomola|Alomomola, F|98/100 psn
|
|-weather|Snowscape|[upkeep]
|-damage|p1a: Alomomola|86/100 psn|[from] psn
|upkeep
|turn|15
|
|t:|1776276794
|move|p2a: Slowking|Future Sight|p1a: Alomomola
|-start|p2a: Slowking|move: Future Sight
|move|p1a: Alomomola|Mirror Coat||[still]
|-fail|p1a: Alomomola
|
|-weather|none
|-damage|p1a: Alomomola|74/100 psn|[from] psn
|upkeep
|turn|16
|
|t:|1776276797
|move|p1a: Alomomola|Wish|p1a: Alomomola
|-prepare|p2a: Slowking|Chilly Reception|[premajor]
|move|p2a: Slowking|Chilly Reception|p2a: Slowking
|-weather|Snowscape
|
|t:|1776276801
|switch|p2a: Lokix|Lokix, M|100/100|[from] Chilly Reception
|
|-weather|Snowscape|[upkeep]
|-damage|p1a: Alomomola|61/100 psn|[from] psn
|upkeep
|turn|17
|
|t:|1776276805
|move|p2a: Lokix|Knock Off|p1a: Alomomola
|-crit|p1a: Alomomola
|-damage|p1a: Alomomola|0 fnt
|-damage|p2a: Lokix|84/100|[from] item: Rocky Helmet|[of] p1a: Alomomola
|-enditem|p1a: Alomomola|Rocky Helmet|[from] move: Knock Off|[of] p2a: Lokix
|faint|p1a: Alomomola
|
|-weather|Snowscape|[upkeep]
|-hint|Future Sight did not hit because the target is fainted.
|upkeep
|
|t:|1776276814
|switch|p1a: Volcanion|Volcanion|87/100 par
|turn|18
|
|t:|1776276819
|move|p2a: Lokix|Knock Off|p1a: Volcanion
|-damage|p1a: Volcanion|27/100 par
|-enditem|p1a: Volcanion|Heavy-Duty Boots|[from] move: Knock Off|[of] p2a: Lokix
|move|p1a: Volcanion|Fire Spin|p2a: Lokix
|-supereffective|p2a: Lokix
|-damage|p2a: Lokix|6/100
|-activate|p2a: Lokix|move: Fire Spin|[of] p1a: Volcanion
|
|-weather|Snowscape|[upkeep]
|-damage|p2a: Lokix|0 fnt|[from] move: Fire Spin|[partiallytrapped]
|faint|p2a: Lokix
|upkeep
|
|t:|1776276828
|switch|p2a: Enamorus|Enamorus, F|100/100
|turn|19
|
|t:|1776276832
|switch|p1a: Goodra|Goodra-Hisui, M|100/100
|-terastallize|p2a: Enamorus|Stellar
|move|p2a: Enamorus|Tera Blast|p1a: Goodra|[anim] Tera Blast Stellar
|-damage|p1a: Goodra|85/100
|-boost|p2a: Enamorus|atk|1
|-boost|p2a: Enamorus|spa|1
|
|-weather|Snowscape|[upkeep]
|upkeep
|turn|20
|
|t:|1776276840
|switch|p2a: Great Tusk|Great Tusk|77/100
|move|p1a: Goodra|Flash Cannon|p2a: Great Tusk
|-damage|p2a: Great Tusk|40/100
|
|-weather|none
|-heal|p2a: Great Tusk|46/100|[from] item: Leftovers
|upkeep
|turn|21
|
|t:|1776276845
|switch|p1a: Hydrapple|Hydrapple, F|100/100
|move|p2a: Great Tusk|Earthquake|p1a: Hydrapple
|-resisted|p1a: Hydrapple
|-damage|p1a: Hydrapple|88/100
|
|-heal|p2a: Great Tusk|52/100|[from] item: Leftovers
|upkeep
|turn|22
|
|t:|1776276850
|-end|p2a: Great Tusk|Protosynthesis|[silent]
|switch|p2a: Slowking|Slowking-Galar, M|100/100
|move|p1a: Hydrapple|Giga Drain|p2a: Slowking
|-resisted|p2a: Slowking
|-damage|p2a: Slowking|88/100
|-heal|p1a: Hydrapple|94/100|[from] drain|[of] p2a: Slowking
|
|upkeep
|turn|23
|
|t:|1776276857
|switch|p1a: Goodra|Goodra-Hisui, M|85/100
|move|p2a: Slowking|Future Sight|p1a: Goodra
|-start|p2a: Slowking|move: Future Sight
|
|upkeep
|turn|24
|
|t:|1776276860
|move|p1a: Goodra|Knock Off|p2a: Slowking
|-supereffective|p2a: Slowking
|-damage|p2a: Slowking|54/100
|-enditem|p2a: Slowking|Shuca Berry|[from] move: Knock Off|[of] p1a: Goodra
|-prepare|p2a: Slowking|Chilly Reception|[premajor]
|move|p2a: Slowking|Chilly Reception|p2a: Slowking
|-weather|Snowscape
|
|t:|1776276873
|switch|p2a: Cinderace|Cinderace, F|13/100|[from] Chilly Reception
|
|-weather|Snowscape|[upkeep]
|upkeep
|turn|25
|
|t:|1776276883
|move|p2a: Cinderace|Pyro Ball|p1a: Goodra
|-damage|p1a: Goodra|18/100
|move|p1a: Goodra|Knock Off|p2a: Cinderace
|-damage|p2a: Cinderace|0 fnt
|-enditem|p2a: Cinderace|Heavy-Duty Boots|[from] move: Knock Off|[of] p1a: Goodra
|faint|p2a: Cinderace
|
|-weather|Snowscape|[upkeep]
|-end|p1a: Goodra|move: Future Sight
|-resisted|p1a: Goodra
|-damage|p1a: Goodra|10/100
|upkeep
|
|t:|1776276888
|switch|p2a: Enamorus|Enamorus, F, tera:Stellar|100/100
|turn|26
|
|t:|1776276897
|move|p2a: Enamorus|Tera Blast|p1a: Goodra|[anim] Tera Blast Stellar
|-damage|p1a: Goodra|0 fnt
|-boost|p2a: Enamorus|atk|1
|-boost|p2a: Enamorus|spa|1
|faint|p1a: Goodra
|
|-weather|Snowscape|[upkeep]
|upkeep
|
|t:|1776276903
|switch|p1a: Dragapult|Dragapult, M, tera:Ghost|95/100 brn
|turn|27
|
|t:|1776276918
|move|p2a: Enamorus|Tera Blast|p1a: Dragapult|[anim] Tera Blast Stellar
|-supereffective|p1a: Dragapult
|-damage|p1a: Dragapult|0 fnt
|-boost|p2a: Enamorus|atk|1
|-boost|p2a: Enamorus|spa|1
|faint|p1a: Dragapult
|
|-weather|Snowscape|[upkeep]
|upkeep
|
|t:|1776276922
|switch|p1a: Hydrapple|Hydrapple, F|100/100
|turn|28
|
|t:|1776276927
|move|p2a: Enamorus|Tera Blast|p1a: Hydrapple|[anim] Tera Blast Stellar
|-damage|p1a: Hydrapple|27/100
|-boost|p2a: Enamorus|atk|1
|-boost|p2a: Enamorus|spa|1
|move|p1a: Hydrapple|Giga Drain|p2a: Enamorus
|-resisted|p2a: Enamorus
|-damage|p2a: Enamorus|78/100
|-heal|p1a: Hydrapple|35/100|[from] drain|[of] p2a: Enamorus
|
|-weather|none
|upkeep
|turn|29
|-message|pirouo forfeited.
|
|win|Mkutopias
|raw|pirouo's rating: 1441 &rarr; <strong>1420</strong><br />(-21 for losing)
|raw|Mkutopias's rating: 1419 &rarr; <strong>1440</strong><br />(+21 for winning)
|l|☆pirouo
|player|p1|
