|html|<div class="broadcast-blue"><strong>[Gen 9] OU is currently suspecting Tera Blast! For information on how to participate check out the <a href="https://www.smogon.com/tools/suspects/view/200">suspect thread</a>.</strong></div>
|j|☆high mage von
|j|☆BigT910
|t:|1776123951
|gametype|singles
|player|p1|high mage von|#omclihearttakers|1248
|player|p2|BigT910|pryce|1259
|gen|9
|tier|[Gen 9] OU
|rated|
|rule|HP Percentage Mod: HP is shown in percentages
|rule|Endless Battle Clause: Forcing endless battles is banned
|rule|Species Clause: Limit one of each Pokémon
|rule|OHKO Clause: OHKO moves are banned
|rule|Evasion Items Clause: Evasion items are banned
|rule|Evasion Moves Clause: Evasion moves are banned
|rule|Evasion Abilities Clause: Evasion abilities are banned
|rule|Sleep Moves Clause: Sleep-inducing moves are banned
|clearpoke
|poke|p1|Pelipper, M|
|poke|p1|Raging Bolt|
|poke|p1|Overqwil, F|
|poke|p1|Barraskewda, F|
|poke|p1|Iron Treads|
|poke|p1|Kingambit, M|
|poke|p2|Ninetales, M|
|poke|p2|Raikou|
|poke|p2|Serperior, M|
|poke|p2|Crabominable, M|
|poke|p2|Politoed, M|
|poke|p2|Tentacruel, F|
|teampreview
|inactive|Battle timer is ON: inactive players will automatically lose when time's up. (requested by BigT910)
|inactive|high mage von also wants the timer to be on.
|
|t:|1776123980
|teamsize|p1|6
|teamsize|p2|6
|start
|switch|p1a: Iron Treads|Iron Treads|100/100
|switch|p2a: Crabominable|Crabominable, M|100/100
|-enditem|p1a: Iron Treads|Booster Energy
|-activate|p1a: Iron Treads|ability: Quark Drive|[fromitem]
|-start|p1a: Iron Treads|quarkdrivespe
|turn|1
|
|t:|1776123988
|move|p1a: Iron Treads|Steel Beam|p2a: Crabominable
|-supereffective|p2a: Crabominable
|-damage|p2a: Crabominable|0 fnt
|-damage|p1a: Iron Treads|50/100|[from] steelbeam
|faint|p2a: Crabominable
|
|upkeep
|
|t:|1776123997
|switch|p2a: Serperior|Serperior, M, shiny|100/100
|turn|2
|
|t:|1776124003
|move|p1a: Iron Treads|Stealth Rock|p2a: Serperior
|-sidestart|p2: BigT910|move: Stealth Rock
|move|p2a: Serperior|Leaf Storm|p1a: Iron Treads
|-damage|p1a: Iron Treads|0 fnt
|-boost|p2a: Serperior|spa|2
|faint|p1a: Iron Treads
|-end|p1a: Iron Treads|Quark Drive|[silent]
|
|upkeep
|
|t:|1776124015
|switch|p1a: Raging Bolt|Raging Bolt|100/100
|-enditem|p1a: Raging Bolt|Booster Energy
|-activate|p1a: Raging Bolt|ability: Protosynthesis|[fromitem]
|-start|p1a: Raging Bolt|protosynthesisspa
|turn|3
|
|t:|1776124021
|move|p2a: Serperior|Leaf Storm|p1a: Raging Bolt
|-resisted|p1a: Raging Bolt
|-damage|p1a: Raging Bolt|57/100
|-boost|p2a: Serperior|spa|2
|move|p1a: Raging Bolt|Draco Meteor|p2a: Serperior
|-damage|p2a: Serperior|0 fnt
|-unboost|p1a: Raging Bolt|spa|2
|faint|p2a: Serperior
|
|upkeep
|
|t:|1776124035
|switch|p2a: Tentacruel|Tentacruel, F|100/100
|-damage|p2a: Tentacruel|88/100|[from] Stealth Rock
|turn|4
|
|t:|1776124044
|move|p2a: Tentacruel|Rapid Spin|p1a: Raging Bolt
|-damage|p1a: Raging Bolt|51/100
|-boost|p2a: Tentacruel|spe|1
|-sideend|p2: BigT910|Stealth Rock|[from] move: Rapid Spin|[of] p2a: Tentacruel
|move|p1a: Raging Bolt|Thunder|p2a: Tentacruel
|-supereffective|p2a: Tentacruel
|-damage|p2a: Tentacruel|2/100
|
|-heal|p2a: Tentacruel|8/100|[from] item: Black Sludge
|upkeep
|turn|5
|
|t:|1776124054
|move|p2a: Tentacruel|Sludge Bomb|p1a: Raging Bolt
|-crit|p1a: Raging Bolt
|-damage|p1a: Raging Bolt|14/100
|-status|p1a: Raging Bolt|psn
|move|p1a: Raging Bolt|Draco Meteor|p2a: Tentacruel
|-crit|p2a: Tentacruel
|-damage|p2a: Tentacruel|0 fnt
|-unboost|p1a: Raging Bolt|spa|2
|faint|p2a: Tentacruel
|
|-damage|p1a: Raging Bolt|1/100 psn|[from] psn
|upkeep
|
|t:|1776124079
|switch|p2a: Politoed|Politoed, M|100/100
|-weather|RainDance|[from] ability: Drizzle|[of] p2a: Politoed
|turn|6
|
|t:|1776124089
|move|p2a: Politoed|Psychic|p1a: Raging Bolt
|-damage|p1a: Raging Bolt|0 fnt
|faint|p1a: Raging Bolt
|-end|p1a: Raging Bolt|Protosynthesis|[silent]
|
|-weather|RainDance|[upkeep]
|upkeep
|
|t:|1776124095
|switch|p1a: Overqwil|Overqwil, F|100/100
|turn|7
|
|t:|1776124105
|move|p1a: Overqwil|Gunk Shot|p2a: Politoed
|-damage|p2a: Politoed|0 fnt
|faint|p2a: Politoed
|-damage|p1a: Overqwil|91/100|[from] item: Life Orb
|
|-weather|RainDance|[upkeep]
|upkeep
|
|t:|1776124115
|switch|p2a: Raikou|Raikou|100/100
|turn|8
|
|t:|1776124124
|-terastallize|p1a: Overqwil|Water
|-terastallize|p2a: Raikou|Fighting
|move|p1a: Overqwil|Liquidation|p2a: Raikou
|-damage|p2a: Raikou|0 fnt
|faint|p2a: Raikou
|-damage|p1a: Overqwil|81/100|[from] item: Life Orb
|
|-weather|RainDance|[upkeep]
|upkeep
|
|t:|1776124132
|switch|p2a: Ninetales|Ninetales, M, shiny|100/100
|-weather|SunnyDay|[from] ability: Drought|[of] p2a: Ninetales
|turn|9
|c|☆BigT910|gg
|
|t:|1776124136
|switch|p1a: Pelipper|Pelipper, M|100/100
|-weather|RainDance|[from] ability: Drizzle|[of] p1a: Pelipper
|move|p2a: Ninetales|Solar Beam||[still]
|-prepare|p2a: Ninetales|Solar Beam
|
|-weather|RainDance|[upkeep]
|upkeep
|turn|10
|c|☆high mage von|gg
|
|t:|1776124143
|move|p2a: Ninetales|Solar Beam|p1a: Pelipper|[from] lockedmove
|-damage|p1a: Pelipper|78/100
|move|p1a: Pelipper|Weather Ball|p2a: Ninetales
|-supereffective|p2a: Ninetales
|-damage|p2a: Ninetales|0 fnt
|faint|p2a: Ninetales
|
|win|high mage von
|raw|high mage von's rating: 1248 &rarr; <strong>1274</strong><br />(+26 for winning)
|raw|BigT910's rating: 1259 &rarr; <strong>1233</strong><br />(-26 for losing)
|j| storm cone
