|html|<div class="broadcast-blue"><strong>[Gen 9] OU is currently suspecting Tera Blast! For information on how to participate check out the <a href="https://www.smogon.com/tools/suspects/view/200">suspect thread</a>.</strong></div>
|j|☆kemdpw
|j|☆myteamsuczs
|t:|1776136106
|gametype|singles
|player|p1|kemdpw|170|1263
|player|p2|myteamsuczs|169|1228
|gen|9
|tier|[Gen 9] OU
|rated|
|rule|HP Percentage Mod: HP is shown in percentages
|rule|Endless Battle Clause: Forcing endless battles is banned
|rule|Species Clause: Limit one of each Pokémon
|rule|OHKO Clause: OHKO moves are banned
|rule|Evasion Items Clause: Evasion items are banned
|rule|Evasion Moves Clause: Evasion moves are banned
|rule|Evasion Abilities Clause: Evasion abilities are banned
|rule|Sleep Moves Clause: Sleep-inducing moves are banned
|clearpoke
|poke|p1|Iron Valiant|
|poke|p1|Great Tusk|
|poke|p1|Dragonite, F|
|poke|p1|Deoxys-Speed|
|poke|p1|Glimmora, M|
|poke|p1|Kingambit, F|
|poke|p2|Kingambit, M|
|poke|p2|Ursaluna, F|
|poke|p2|Porygon2|
|poke|p2|Hatterene, F|
|poke|p2|Slowking-Galar, F|
|poke|p2|Azumarill, F|
|teampreview
|
|t:|1776136117
|teamsize|p1|6
|teamsize|p2|6
|start
|switch|p1a: Deoxys|Deoxys-Speed|100/100
|switch|p2a: Porygon2|Porygon2|100/100
|-ability|p1a: Deoxys|Pressure
|-ability|p2a: Porygon2|Download|boost
|-boost|p2a: Porygon2|spa|1
|turn|1
|
|t:|1776136127
|switch|p2a: Hatterene|Hatterene, F|100/100
|move|p1a: Deoxys|Light Screen|p1a: Deoxys
|-sidestart|p1: kemdpw|move: Light Screen
|
|upkeep
|turn|2
|
|t:|1776136143
|switch|p1a: Glimmora|Glimmora, M|100/100
|move|p2a: Hatterene|Shadow Ball|p1a: Glimmora
|-crit|p1a: Glimmora
|-damage|p1a: Glimmora|41/100
|-unboost|p1a: Glimmora|spd|1
|
|upkeep
|turn|3
|
|t:|1776136159
|switch|p1a: Kingambit|Kingambit, F|100/100
|move|p2a: Hatterene|Shadow Ball|p1a: Kingambit
|-resisted|p1a: Kingambit
|-damage|p1a: Kingambit|91/100
|
|upkeep
|turn|4
|
|t:|1776136169
|switch|p2a: Azumarill|Azumarill, F|100/100
|move|p1a: Kingambit|Iron Head|p2a: Azumarill
|-damage|p2a: Azumarill|56/100
|
|upkeep
|turn|5
|
|t:|1776136185
|move|p1a: Kingambit|Iron Head|p2a: Azumarill
|-damage|p2a: Azumarill|4/100
|-enditem|p2a: Azumarill|Aguav Berry|[eat]
|-heal|p2a: Azumarill|37/100|[from] item: Aguav Berry
|move|p2a: Azumarill|Liquidation|p1a: Kingambit
|-damage|p1a: Kingambit|44/100
|
|upkeep
|turn|6
|
|t:|1776136192
|move|p2a: Azumarill|Aqua Jet|p1a: Kingambit
|-damage|p1a: Kingambit|23/100
|move|p1a: Kingambit|Iron Head|p2a: Azumarill
|-damage|p2a: Azumarill|0 fnt
|faint|p2a: Azumarill
|
|upkeep
|
|t:|1776136209
|switch|p2a: Porygon2|Porygon2|100/100
|-ability|p2a: Porygon2|Download|boost
|-boost|p2a: Porygon2|spa|1
|turn|7
|inactive|Battle timer is ON: inactive players will automatically lose when time's up. (requested by kemdpw)
|
|t:|1776136219
|move|p1a: Kingambit|Low Kick|p2a: Porygon2
|-supereffective|p2a: Porygon2
|-damage|p2a: Porygon2|61/100
|move|p2a: Porygon2|Thunderbolt|p1a: Kingambit
|-crit|p1a: Kingambit
|-damage|p1a: Kingambit|0 fnt
|faint|p1a: Kingambit
|-end|p1a: Kingambit|fallenundefined|[silent]
|
|upkeep
|
|t:|1776136232
|switch|p1a: Iron Valiant|Iron Valiant|100/100
|-enditem|p1a: Iron Valiant|Booster Energy
|-activate|p1a: Iron Valiant|ability: Quark Drive|[fromitem]
|-start|p1a: Iron Valiant|quarkdrivespe
|turn|8
|
|t:|1776136253
|switch|p2a: Slowking|Slowking-Galar, F|100/100
|move|p1a: Iron Valiant|Swords Dance|p1a: Iron Valiant
|-boost|p1a: Iron Valiant|atk|2
|
|-sideend|p1: kemdpw|move: Light Screen
|upkeep
|turn|9
|
|t:|1776136267
|-terastallize|p1a: Iron Valiant|Steel
|move|p1a: Iron Valiant|Swords Dance|p1a: Iron Valiant
|-boost|p1a: Iron Valiant|atk|2
|move|p2a: Slowking|Future Sight|p1a: Iron Valiant
|-start|p2a: Slowking|move: Future Sight
|
|upkeep
|turn|10
|
|t:|1776136274
|move|p1a: Iron Valiant|Encore|p2a: Slowking
|-start|p2a: Slowking|Encore
|move|p2a: Slowking|Future Sight||[still]
|-fail|p2a: Slowking
|
|upkeep
|turn|11
|
|t:|1776136283
|switch|p2a: Hatterene|Hatterene, F|100/100
|move|p1a: Iron Valiant|Spirit Break|p2a: Hatterene
|-damage|p2a: Hatterene|0 fnt
|faint|p2a: Hatterene
|
|-end|p1a: Iron Valiant|move: Future Sight
|-resisted|p1a: Iron Valiant
|-damage|p1a: Iron Valiant|49/100
|upkeep
|
|t:|1776136288
|switch|p2a: Slowking|Slowking-Galar, F|100/100
|turn|12
|
|t:|1776136299
|move|p1a: Iron Valiant|Spirit Break|p2a: Slowking
|-resisted|p2a: Slowking
|-damage|p2a: Slowking|22/100
|-unboost|p2a: Slowking|spa|1
|move|p2a: Slowking|Trick Room|p2a: Slowking
|-fieldstart|move: Trick Room|[of] p2a: Slowking
|
|-heal|p2a: Slowking|28/100|[from] item: Leftovers
|upkeep
|turn|13
|
|t:|1776136310
|-prepare|p2a: Slowking|Chilly Reception|[premajor]
|move|p2a: Slowking|Chilly Reception|p2a: Slowking
|-weather|Snowscape
|
|t:|1776136315
|switch|p2a: Ursaluna|Ursaluna, F|100/100|[from] Chilly Reception
|move|p1a: Iron Valiant|Encore||[still]
|-fail|p1a: Iron Valiant
|
|-weather|Snowscape|[upkeep]
|-status|p2a: Ursaluna|brn|[from] item: Flame Orb
|upkeep
|turn|14
|
|t:|1776136327
|-end|p1a: Iron Valiant|Quark Drive|[silent]
|switch|p1a: Glimmora|Glimmora, M|41/100
|move|p2a: Ursaluna|Close Combat|p1a: Glimmora
|-damage|p1a: Glimmora|0 fnt
|-unboost|p2a: Ursaluna|def|1
|-unboost|p2a: Ursaluna|spd|1
|-activate|p1a: Glimmora|ability: Toxic Debris
|-sidestart|p2: myteamsuczs|move: Toxic Spikes
|faint|p1a: Glimmora
|
|-weather|Snowscape|[upkeep]
|-damage|p2a: Ursaluna|94/100 brn|[from] brn
|upkeep
|
|t:|1776136349
|switch|p1a: Great Tusk|Great Tusk|100/100
|-enditem|p1a: Great Tusk|Booster Energy
|-activate|p1a: Great Tusk|ability: Protosynthesis|[fromitem]
|-start|p1a: Great Tusk|protosynthesisspe
|turn|15
|
|t:|1776136370
|-terastallize|p2a: Ursaluna|Normal
|move|p2a: Ursaluna|Facade|p1a: Great Tusk
|-damage|p1a: Great Tusk|0 fnt
|faint|p1a: Great Tusk
|-end|p1a: Great Tusk|Protosynthesis|[silent]
|
|-weather|Snowscape|[upkeep]
|-damage|p2a: Ursaluna|88/100 brn|[from] brn
|upkeep
|inactive|kemdpw has 120 seconds left.
|
|t:|1776136395
|switch|p1a: Deoxys|Deoxys-Speed|100/100
|-ability|p1a: Deoxys|Pressure
|turn|16
|
|t:|1776136399
|move|p2a: Ursaluna|Facade|p1a: Deoxys
|-damage|p1a: Deoxys|0 fnt
|faint|p1a: Deoxys
|
|-weather|Snowscape|[upkeep]
|-damage|p2a: Ursaluna|82/100 brn|[from] brn
|-fieldend|move: Trick Room
|upkeep
|inactive|kemdpw has 120 seconds left.
|
|t:|1776136407
|switch|p1a: Iron Valiant|Iron Valiant, tera:Steel|49/100
|turn|17
|
|t:|1776136415
|switch|p2a: Slowking|Slowking-Galar, F|61/100
|-sideend|p2: myteamsuczs|move: Toxic Spikes|[of] p2a: Slowking
|move|p1a: Iron Valiant|Close Combat|p2a: Slowking
|-resisted|p2a: Slowking
|-damage|p2a: Slowking|41/100
|-unboost|p1a: Iron Valiant|def|1
|-unboost|p1a: Iron Valiant|spd|1
|
|-weather|none
|-heal|p2a: Slowking|47/100|[from] item: Leftovers
|upkeep
|turn|18
|
|t:|1776136428
|move|p1a: Iron Valiant|Swords Dance|p1a: Iron Valiant
|-boost|p1a: Iron Valiant|atk|2
|move|p2a: Slowking|Future Sight|p1a: Iron Valiant
|-start|p2a: Slowking|move: Future Sight
|
|-heal|p2a: Slowking|53/100|[from] item: Leftovers
|upkeep
|turn|19
|
|t:|1776136435
|move|p1a: Iron Valiant|Close Combat|p2a: Slowking
|-resisted|p2a: Slowking
|-damage|p2a: Slowking|17/100
|-unboost|p1a: Iron Valiant|def|1
|-unboost|p1a: Iron Valiant|spd|1
|move|p2a: Slowking|Trick Room|p2a: Slowking
|-fieldstart|move: Trick Room|[of] p2a: Slowking
|
|-heal|p2a: Slowking|23/100|[from] item: Leftovers
|upkeep
|turn|20
|
|t:|1776136443
|move|p2a: Slowking|Future Sight||[still]
|-fail|p2a: Slowking
|move|p1a: Iron Valiant|Close Combat|p2a: Slowking
|-resisted|p2a: Slowking
|-damage|p2a: Slowking|0 fnt
|-unboost|p1a: Iron Valiant|def|1
|-unboost|p1a: Iron Valiant|spd|1
|faint|p2a: Slowking
|
|-end|p1a: Iron Valiant|move: Future Sight
|-resisted|p1a: Iron Valiant
|-damage|p1a: Iron Valiant|0 fnt
|faint|p1a: Iron Valiant
|-end|p1a: Iron Valiant|Quark Drive|[silent]
|upkeep
|
|t:|1776136448
|switch|p2a: Ursaluna|Ursaluna, F, tera:Normal|82/100 brn
|switch|p1a: Dragonite|Dragonite, F|100/100
|turn|21
|
|t:|1776136453
|move|p2a: Ursaluna|Facade|p1a: Dragonite
|-damage|p1a: Dragonite|8/100
|move|p1a: Dragonite|Outrage|p2a: Ursaluna
|-damage|p2a: Ursaluna|36/100 brn
|
|-heal|p1a: Dragonite|14/100|[from] item: Leftovers
|-damage|p2a: Ursaluna|30/100 brn|[from] brn
|upkeep
|turn|22
|c|☆myteamsuczs|ggs
|
|t:|1776136460
|move|p2a: Ursaluna|Facade|p1a: Dragonite
|-damage|p1a: Dragonite|0 fnt
|faint|p1a: Dragonite
|
|win|myteamsuczs
|raw|kemdpw's rating: 1263 &rarr; <strong>1235</strong><br />(-28 for losing)
|raw|myteamsuczs's rating: 1228 &rarr; <strong>1256</strong><br />(+28 for winning)
