|html|<div class="broadcast-blue"><strong>[Gen 9] OU is currently suspecting Tera Blast! For information on how to participate check out the <a href="https://www.smogon.com/tools/suspects/view/200">suspect thread</a>.</strong></div>
|j|☆escendol34
|j|☆adkaw
|t:|1776298071
|gametype|singles
|player|p1|escendol34|266|1080
|player|p2|adkaw|170|1073
|gen|9
|tier|[Gen 9] OU
|rated|
|rule|HP Percentage Mod: HP is shown in percentages
|rule|Endless Battle Clause: Forcing endless battles is banned
|rule|Species Clause: Limit one of each Pokémon
|rule|OHKO Clause: OHKO moves are banned
|rule|Evasion Items Clause: Evasion items are banned
|rule|Evasion Moves Clause: Evasion moves are banned
|rule|Evasion Abilities Clause: Evasion abilities are banned
|rule|Sleep Moves Clause: Sleep-inducing moves are banned
|clearpoke
|poke|p1|Gliscor, M|
|poke|p1|Hatterene, F|
|poke|p1|Dragonite, M|
|poke|p1|Ceruledge, M|
|poke|p1|Blaziken, F|
|poke|p1|Corviknight, F|
|poke|p2|Zamazenta-*|
|poke|p2|Lokix, F|
|poke|p2|Slowking-Galar, M|
|poke|p2|Primarina, M|
|poke|p2|Great Tusk|
|poke|p2|Dragonite, M|
|teampreview
|
|t:|1776298076
|teamsize|p1|6
|teamsize|p2|6
|start
|switch|p1a: Hatterene|Hatterene, F|100/100
|switch|p2a: Dragonite|Dragonite, M|100/100
|turn|1
|
|t:|1776298082
|switch|p2a: Slowking|Slowking-Galar, M|100/100
|move|p1a: Hatterene|Trick Room|p1a: Hatterene
|-fieldstart|move: Trick Room|[of] p1a: Hatterene
|
|upkeep
|turn|2
|
|t:|1776298090
|switch|p1a: Blaziken|Blaziken, F|100/100
|move|p2a: Slowking|Future Sight|p1a: Blaziken
|-start|p2a: Slowking|move: Future Sight
|
|upkeep
|turn|3
|
|t:|1776298097
|switch|p2a: Great Tusk|Great Tusk|100/100
|move|p1a: Blaziken|Swords Dance|p1a: Blaziken
|-boost|p1a: Blaziken|atk|2
|
|-ability|p1a: Blaziken|Speed Boost|boost
|-boost|p1a: Blaziken|spe|1
|upkeep
|turn|4
|
|t:|1776298112
|switch|p1a: Corviknight|Corviknight, F|100/100
|move|p2a: Great Tusk|Body Press|p1a: Corviknight
|-damage|p1a: Corviknight|68/100
|
|-end|p1a: Corviknight|move: Future Sight
|-resisted|p1a: Corviknight
|-damage|p1a: Corviknight|45/100
|-heal|p1a: Corviknight|51/100|[from] item: Leftovers
|upkeep
|turn|5
|
|t:|1776298123
|move|p1a: Corviknight|Roost|p1a: Corviknight
|-heal|p1a: Corviknight|100/100
|-singleturn|p1a: Corviknight|move: Roost
|move|p2a: Great Tusk|Stealth Rock|p1a: Corviknight
|-sidestart|p1: escendol34|move: Stealth Rock
|
|-fieldend|move: Trick Room
|upkeep
|turn|6
|
|t:|1776298131
|move|p2a: Great Tusk|Body Press|p1a: Corviknight
|-damage|p1a: Corviknight|68/100
|move|p1a: Corviknight|Bulk Up|p1a: Corviknight
|-boost|p1a: Corviknight|atk|1
|-boost|p1a: Corviknight|def|1
|
|-heal|p1a: Corviknight|74/100|[from] item: Leftovers
|upkeep
|turn|7
|
|t:|1776298140
|move|p1a: Corviknight|Defog|p2a: Great Tusk
|-unboost|p2a: Great Tusk|evasion|1
|-sideend|p1: escendol34|Stealth Rock|[from] move: Defog|[of] p1a: Corviknight
|move|p2a: Great Tusk|Roar|p1a: Corviknight
|drag|p1a: Blaziken|Blaziken, F|100/100
|
|upkeep
|turn|8
|
|t:|1776298153
|switch|p1a: Corviknight|Corviknight, F|74/100
|move|p2a: Great Tusk|Body Press|p1a: Corviknight
|-damage|p1a: Corviknight|43/100
|
|-heal|p1a: Corviknight|49/100|[from] item: Leftovers
|upkeep
|turn|9
|
|t:|1776298161
|move|p2a: Great Tusk|Stealth Rock|p1a: Corviknight
|-sidestart|p1: escendol34|move: Stealth Rock
|move|p1a: Corviknight|Roost|p1a: Corviknight
|-heal|p1a: Corviknight|99/100
|-singleturn|p1a: Corviknight|move: Roost
|
|-heal|p1a: Corviknight|100/100|[from] item: Leftovers
|upkeep
|turn|10
|
|t:|1776298170
|move|p1a: Corviknight|Defog|p2a: Great Tusk
|-unboost|p2a: Great Tusk|evasion|1
|-sideend|p1: escendol34|Stealth Rock|[from] move: Defog|[of] p1a: Corviknight
|move|p2a: Great Tusk|Roar|p1a: Corviknight
|drag|p1a: Dragonite|Dragonite, M|100/100
|
|upkeep
|turn|11
|
|t:|1776298182
|-terastallize|p1a: Dragonite|Normal
|move|p1a: Dragonite|Dragon Dance|p1a: Dragonite
|-boost|p1a: Dragonite|atk|1
|-boost|p1a: Dragonite|spe|1
|move|p2a: Great Tusk|Body Press|p1a: Dragonite
|-supereffective|p1a: Dragonite
|-damage|p1a: Dragonite|21/100
|
|-heal|p1a: Dragonite|27/100|[from] item: Leftovers
|upkeep
|turn|12
|inactive|Battle timer is ON: inactive players will automatically lose when time's up. (requested by adkaw)
|inactive|escendol34 has 120 seconds left.
|inactive|escendol34 has 90 seconds left.
|inactive|escendol34 has 60 seconds left.
|inactive|escendol34 has 30 seconds left.
|inactive|escendol34 has 20 seconds left.
|inactive|escendol34 has 15 seconds left.
|inactive|escendol34 has 10 seconds left.
|inactive|escendol34 has 5 seconds left.
|-message|escendol34 lost due to inactivity.
|
|win|adkaw
|raw|escendol34's rating: 1059 &rarr; <strong>1041</strong><br />(-18 for losing)
|raw|adkaw's rating: 1073 &rarr; <strong>1101</strong><br />(+28 for winning)
