|html|<div class="broadcast-blue"><strong>[Gen 9] OU is currently suspecting Volcarona! For information on how to participate check out the <a href="https://www.smogon.com/tools/suspects/view/208">suspect thread</a>.</strong></div>
|j|☆feeshvolc5
|j|☆akijuen
|t:|1778505706
|gametype|singles
|player|p1|feeshvolc5|101|1546
|player|p2|akijuen|lucas|1641
|gen|9
|tier|[Gen 9] OU
|rated|
|rule|HP Percentage Mod: HP is shown in percentages
|rule|Endless Battle Clause: Forcing endless battles is banned
|rule|Species Clause: Limit one of each Pokémon
|rule|OHKO Clause: OHKO moves are banned
|rule|Evasion Items Clause: Evasion items are banned
|rule|Evasion Moves Clause: Evasion moves are banned
|rule|Evasion Abilities Clause: Evasion abilities are banned
|rule|Sleep Moves Clause: Sleep-inducing moves are banned
|clearpoke
|poke|p1|Ogerpon, F|
|poke|p1|Samurott-Hisui, F|
|poke|p1|Blissey, F|
|poke|p1|Gliscor, F|
|poke|p1|Skarmory, F|
|poke|p1|Pecharunt|
|poke|p2|Heatran, M|
|poke|p2|Scream Tail|
|poke|p2|Corviknight, F|
|poke|p2|Zamazenta-*|
|poke|p2|Ting-Lu|
|poke|p2|Rillaboom, F|
|teampreview
|inactive|Battle timer is ON: inactive players will automatically lose when time's up. (requested by akijuen)
|
|t:|1778505725
|teamsize|p1|6
|teamsize|p2|6
|start
|switch|p1a: Gliscor|Gliscor, F, shiny|100/100
|switch|p2a: Rillaboom|Rillaboom, F|100/100
|-fieldstart|move: Grassy Terrain|[from] ability: Grassy Surge|[of] p2a: Rillaboom
|turn|1
|
|t:|1778505731
|move|p1a: Gliscor|Protect|p1a: Gliscor
|-singleturn|p1a: Gliscor|Protect
|move|p2a: Rillaboom|Wood Hammer|p1a: Gliscor
|-activate|p1a: Gliscor|move: Protect
|
|-status|p1a: Gliscor|tox|[from] item: Toxic Orb
|upkeep
|turn|2
|
|t:|1778505735
|switch|p2a: Heatran|Heatran, M|100/100
|switch|p1a: Skarmory|Skarmory, F|100/100
|
|upkeep
|turn|3
|
|t:|1778505739
|switch|p1a: Gliscor|Gliscor, F, shiny|100/100 tox
|move|p2a: Heatran|Lava Plume|p1a: Gliscor
|-damage|p1a: Gliscor|60/100 tox
|
|-heal|p1a: Gliscor|73/100 tox|[from] ability: Poison Heal
|upkeep
|turn|4
|
|t:|1778505743
|switch|p2a: Corviknight|Corviknight, F|100/100
|-ability|p2a: Corviknight|Pressure
|move|p1a: Gliscor|Earthquake|p2a: Corviknight
|-immune|p2a: Corviknight
|
|-heal|p1a: Gliscor|85/100 tox|[from] ability: Poison Heal
|upkeep
|turn|5
|
|t:|1778505746
|switch|p1a: Pecharunt|Pecharunt|100/100
|move|p2a: Corviknight|U-turn|p1a: Pecharunt
|-resisted|p1a: Pecharunt
|-damage|p1a: Pecharunt|99/100
|
|t:|1778505761
|switch|p2a: Scream Tail|Scream Tail|100/100|[from] U-turn
|
|-heal|p1a: Pecharunt|100/100|[from] Grassy Terrain
|-fieldend|move: Grassy Terrain
|upkeep
|turn|6
|
|t:|1778505766
|move|p2a: Scream Tail|Psychic Noise|p1a: Pecharunt
|-supereffective|p1a: Pecharunt
|-damage|p1a: Pecharunt|67/100
|-start|p1a: Pecharunt|move: Heal Block
|move|p1a: Pecharunt|Toxic|p2a: Scream Tail
|-status|p2a: Scream Tail|tox
|-start|p2a: Scream Tail|confusion|[from] ability: Poison Puppeteer|[of] p1a: Pecharunt
|
|-damage|p2a: Scream Tail|94/100 tox|[from] psn
|upkeep
|turn|7
|
|t:|1778505775
|-end|p2a: Scream Tail|Protosynthesis|[silent]
|switch|p2a: Heatran|Heatran, M|100/100
|switch|p1a: Gliscor|Gliscor, F, shiny|85/100 tox
|
|-heal|p1a: Gliscor|98/100 tox|[from] ability: Poison Heal
|upkeep
|turn|8
|
|t:|1778505780
|switch|p2a: Corviknight|Corviknight, F|100/100
|-ability|p2a: Corviknight|Pressure
|move|p1a: Gliscor|Swords Dance|p1a: Gliscor
|-boost|p1a: Gliscor|atk|2
|
|-heal|p1a: Gliscor|100/100 tox|[from] ability: Poison Heal
|upkeep
|turn|9
|
|t:|1778505792
|move|p1a: Gliscor|Facade|p2a: Corviknight
|-resisted|p2a: Corviknight
|-damage|p2a: Corviknight|82/100
|-damage|p1a: Gliscor|84/100 tox|[from] item: Rocky Helmet|[of] p2a: Corviknight
|move|p2a: Corviknight|U-turn|p1a: Gliscor
|-resisted|p1a: Gliscor
|-damage|p1a: Gliscor|78/100 tox
|
|t:|1778505801
|switch|p2a: Zamazenta|Zamazenta|100/100|[from] U-turn
|-ability|p2a: Zamazenta|Dauntless Shield|boost
|-boost|p2a: Zamazenta|def|1
|
|-heal|p1a: Gliscor|90/100 tox|[from] ability: Poison Heal
|upkeep
|turn|10
|
|t:|1778505808
|move|p2a: Zamazenta|Iron Defense|p2a: Zamazenta
|-boost|p2a: Zamazenta|def|2
|move|p1a: Gliscor|Earthquake|p2a: Zamazenta
|-damage|p2a: Zamazenta|83/100
|
|-heal|p2a: Zamazenta|89/100|[from] item: Leftovers
|-heal|p1a: Gliscor|100/100 tox|[from] ability: Poison Heal
|upkeep
|turn|11
|
|t:|1778505813
|switch|p1a: Pecharunt|Pecharunt|67/100
|move|p2a: Zamazenta|Crunch|p1a: Pecharunt
|-supereffective|p1a: Pecharunt
|-damage|p1a: Pecharunt|48/100
|
|-heal|p2a: Zamazenta|95/100|[from] item: Leftovers
|upkeep
|turn|12
|
|t:|1778505821
|switch|p2a: Heatran|Heatran, M|100/100
|move|p1a: Pecharunt|Recover|p1a: Pecharunt
|-heal|p1a: Pecharunt|98/100
|
|upkeep
|turn|13
|
|t:|1778505825
|switch|p1a: Gliscor|Gliscor, F, shiny|100/100 tox
|move|p2a: Heatran|Lava Plume|p1a: Gliscor
|-damage|p1a: Gliscor|64/100 tox
|
|-heal|p1a: Gliscor|76/100 tox|[from] ability: Poison Heal
|upkeep
|turn|14
|
|t:|1778505830
|switch|p2a: Corviknight|Corviknight, F|82/100
|-ability|p2a: Corviknight|Pressure
|move|p1a: Gliscor|Earthquake|p2a: Corviknight
|-immune|p2a: Corviknight
|
|-heal|p1a: Gliscor|89/100 tox|[from] ability: Poison Heal
|upkeep
|turn|15
|
|t:|1778505834
|switch|p1a: Skarmory|Skarmory, F|100/100
|move|p2a: Corviknight|U-turn|p1a: Skarmory
|-resisted|p1a: Skarmory
|-damage|p1a: Skarmory|99/100
|
|t:|1778505840
|switch|p2a: Ting-Lu|Ting-Lu|100/100|[from] U-turn
|-ability|p2a: Ting-Lu|Vessel of Ruin
|
|upkeep
|turn|16
|
|t:|1778505844
|move|p1a: Skarmory|Body Press|p2a: Ting-Lu
|-supereffective|p2a: Ting-Lu
|-damage|p2a: Ting-Lu|64/100
|move|p2a: Ting-Lu|Ruination|p1a: Skarmory
|-damage|p1a: Skarmory|50/100
|
|-heal|p2a: Ting-Lu|70/100|[from] item: Leftovers
|upkeep
|turn|17
|
|t:|1778505848
|move|p1a: Skarmory|Stealth Rock|p2a: Ting-Lu
|-sidestart|p2: akijuen|move: Stealth Rock
|move|p2a: Ting-Lu|Earthquake|p1a: Skarmory
|-immune|p1a: Skarmory
|
|-heal|p2a: Ting-Lu|76/100|[from] item: Leftovers
|upkeep
|turn|18
|
|t:|1778505851
|move|p1a: Skarmory|Body Press|p2a: Ting-Lu
|-supereffective|p2a: Ting-Lu
|-damage|p2a: Ting-Lu|40/100
|move|p2a: Ting-Lu|Stealth Rock|p1a: Skarmory
|-sidestart|p1: feeshvolc5|move: Stealth Rock
|
|-heal|p2a: Ting-Lu|46/100|[from] item: Leftovers
|upkeep
|turn|19
|
|t:|1778505856
|switch|p2a: Scream Tail|Scream Tail|94/100 tox
|move|p1a: Skarmory|Body Press|p2a: Scream Tail
|-resisted|p2a: Scream Tail
|-damage|p2a: Scream Tail|87/100 tox
|
|-damage|p2a: Scream Tail|81/100 tox|[from] psn
|upkeep
|turn|20
|
|t:|1778505862
|switch|p1a: Samurott|Samurott-Hisui, F, shiny|100/100
|move|p2a: Scream Tail|Wish|p2a: Scream Tail
|
|-damage|p2a: Scream Tail|69/100 tox|[from] psn
|upkeep
|turn|21
|
|t:|1778505873
|-end|p2a: Scream Tail|Protosynthesis|[silent]
|switch|p2a: Corviknight|Corviknight, F|82/100
|-damage|p2a: Corviknight|70/100|[from] Stealth Rock
|-ability|p2a: Corviknight|Pressure
|move|p1a: Samurott|Ceaseless Edge|p2a: Corviknight
|-damage|p2a: Corviknight|45/100
|-damage|p1a: Samurott|84/100|[from] item: Rocky Helmet|[of] p2a: Corviknight
|-sidestart|p2: akijuen|Spikes
|
|-heal|p2a: Corviknight|99/100|[from] move: Wish|[wisher] Scream Tail
|upkeep
|turn|22
|
|t:|1778505883
|switch|p1a: Gliscor|Gliscor, F, shiny|89/100 tox
|-damage|p1a: Gliscor|76/100 tox|[from] Stealth Rock
|move|p2a: Corviknight|Defog|p1a: Gliscor
|-unboost|p1a: Gliscor|evasion|1
|-sideend|p1: feeshvolc5|Stealth Rock|[from] move: Defog|[of] p2a: Corviknight
|-sideend|p2: akijuen|Spikes|[from] move: Defog|[of] p2a: Corviknight
|-sideend|p2: akijuen|Stealth Rock|[from] move: Defog|[of] p2a: Corviknight
|
|-heal|p1a: Gliscor|89/100 tox|[from] ability: Poison Heal
|upkeep
|turn|23
|
|t:|1778505889
|move|p1a: Gliscor|Swords Dance|p1a: Gliscor
|-boost|p1a: Gliscor|atk|2
|move|p2a: Corviknight|U-turn|p1a: Gliscor
|-resisted|p1a: Gliscor
|-damage|p1a: Gliscor|84/100 tox
|
|t:|1778505894
|switch|p2a: Zamazenta|Zamazenta|95/100|[from] U-turn
|
|-heal|p2a: Zamazenta|100/100|[from] item: Leftovers
|-heal|p1a: Gliscor|96/100 tox|[from] ability: Poison Heal
|upkeep
|turn|24
|
|t:|1778505897
|move|p2a: Zamazenta|Iron Defense|p2a: Zamazenta
|-boost|p2a: Zamazenta|def|2
|move|p1a: Gliscor|Earthquake|p2a: Zamazenta
|-damage|p2a: Zamazenta|79/100
|
|-heal|p2a: Zamazenta|85/100|[from] item: Leftovers
|-heal|p1a: Gliscor|100/100 tox|[from] ability: Poison Heal
|upkeep
|turn|25
|
|t:|1778505900
|switch|p1a: Pecharunt|Pecharunt|98/100
|move|p2a: Zamazenta|Iron Defense|p2a: Zamazenta
|-boost|p2a: Zamazenta|def|2
|
|-heal|p2a: Zamazenta|91/100|[from] item: Leftovers
|upkeep
|turn|26
|
|t:|1778505903
|switch|p2a: Heatran|Heatran, M|100/100
|move|p1a: Pecharunt|Parting Shot|p2a: Heatran
|-unboost|p2a: Heatran|atk|1
|-unboost|p2a: Heatran|spa|1
|
|t:|1778505905
|switch|p1a: Samurott|Samurott-Hisui, F, shiny|84/100|[from] Parting Shot
|
|upkeep
|turn|27
|
|t:|1778505908
|switch|p2a: Corviknight|Corviknight, F|99/100
|-ability|p2a: Corviknight|Pressure
|move|p1a: Samurott|Aqua Cutter|p2a: Corviknight
|-damage|p2a: Corviknight|71/100
|
|upkeep
|turn|28
|
|t:|1778505912
|move|p1a: Samurott|Knock Off|p2a: Corviknight
|-crit|p2a: Corviknight
|-damage|p2a: Corviknight|30/100
|-damage|p1a: Samurott|67/100|[from] item: Rocky Helmet|[of] p2a: Corviknight
|-enditem|p2a: Corviknight|Rocky Helmet|[from] move: Knock Off|[of] p1a: Samurott
|move|p2a: Corviknight|U-turn|p1a: Samurott
|-supereffective|p1a: Samurott
|-damage|p1a: Samurott|28/100
|
|t:|1778505917
|switch|p2a: Rillaboom|Rillaboom, F|100/100|[from] U-turn
|-fieldstart|move: Grassy Terrain|[from] ability: Grassy Surge|[of] p2a: Rillaboom
|
|-heal|p1a: Samurott|34/100|[from] Grassy Terrain
|upkeep
|turn|29
|
|t:|1778505924
|switch|p1a: Pecharunt|Pecharunt|98/100
|move|p2a: Rillaboom|Knock Off|p1a: Pecharunt
|-supereffective|p1a: Pecharunt
|-damage|p1a: Pecharunt|46/100
|-enditem|p1a: Pecharunt|Heavy-Duty Boots|[from] move: Knock Off|[of] p2a: Rillaboom
|
|-heal|p1a: Pecharunt|52/100|[from] Grassy Terrain
|upkeep
|turn|30
|
|t:|1778505930
|switch|p2a: Corviknight|Corviknight, F|30/100
|-ability|p2a: Corviknight|Pressure
|move|p1a: Pecharunt|Recover|p1a: Pecharunt
|-heal|p1a: Pecharunt|100/100
|
|upkeep
|turn|31
|
|t:|1778505942
|-terastallize|p1a: Pecharunt|Ghost
|move|p1a: Pecharunt|Shadow Ball|p2a: Corviknight
|-damage|p2a: Corviknight|0 fnt
|faint|p2a: Corviknight
|
|upkeep
|
|t:|1778505951
|switch|p2a: Heatran|Heatran, M|100/100
|turn|32
|
|t:|1778505957
|switch|p2a: Rillaboom|Rillaboom, F|100/100
|switch|p1a: Blissey|Blissey, F, shiny|100/100
|
|-fieldend|move: Grassy Terrain
|upkeep
|turn|33
|
|t:|1778505962
|switch|p1a: Skarmory|Skarmory, F|50/100
|move|p2a: Rillaboom|U-turn|p1a: Skarmory
|-resisted|p1a: Skarmory
|-damage|p1a: Skarmory|45/100
|
|t:|1778505966
|switch|p2a: Heatran|Heatran, M|100/100|[from] U-turn
|
|upkeep
|turn|34
|
|t:|1778505970
|switch|p1a: Blissey|Blissey, F, shiny|100/100
|move|p2a: Heatran|Lava Plume|p1a: Blissey
|-damage|p1a: Blissey|86/100
|
|upkeep
|turn|35
|
|t:|1778505978
|switch|p1a: Pecharunt|Pecharunt, tera:Ghost|100/100
|move|p2a: Heatran|Taunt|p1a: Pecharunt
|-start|p1a: Pecharunt|move: Taunt
|
|upkeep
|turn|36
|
|t:|1778505985
|switch|p2a: Ting-Lu|Ting-Lu|46/100
|-ability|p2a: Ting-Lu|Vessel of Ruin
|switch|p1a: Blissey|Blissey, F, shiny|86/100
|
|-heal|p2a: Ting-Lu|52/100|[from] item: Leftovers
|upkeep
|turn|37
|
|t:|1778505990
|switch|p1a: Ogerpon|Ogerpon, F|100/100
|move|p2a: Ting-Lu|Stealth Rock|p1a: Ogerpon
|-sidestart|p1: feeshvolc5|move: Stealth Rock
|
|-heal|p2a: Ting-Lu|58/100|[from] item: Leftovers
|upkeep
|turn|38
|
|t:|1778505993
|switch|p2a: Heatran|Heatran, M|100/100
|move|p1a: Ogerpon|Encore||[still]
|-fail|p1a: Ogerpon
|
|upkeep
|turn|39
|
|t:|1778505996
|move|p1a: Ogerpon|U-turn|p2a: Heatran
|-resisted|p2a: Heatran
|-damage|p2a: Heatran|94/100
|
|t:|1778505998
|switch|p1a: Gliscor|Gliscor, F, shiny|100/100 tox|[from] U-turn
|-damage|p1a: Gliscor|88/100 tox|[from] Stealth Rock
|move|p2a: Heatran|Lava Plume|p1a: Gliscor
|-damage|p1a: Gliscor|52/100 tox
|
|-heal|p2a: Heatran|100/100|[from] item: Leftovers
|-heal|p1a: Gliscor|65/100 tox|[from] ability: Poison Heal
|upkeep
|turn|40
|
|t:|1778506003
|switch|p2a: Rillaboom|Rillaboom, F|100/100
|-fieldstart|move: Grassy Terrain|[from] ability: Grassy Surge|[of] p2a: Rillaboom
|move|p1a: Gliscor|Earthquake|p2a: Rillaboom
|-resisted|p2a: Rillaboom
|-damage|p2a: Rillaboom|91/100
|
|-heal|p2a: Rillaboom|98/100|[from] Grassy Terrain
|-heal|p1a: Gliscor|77/100 tox|[from] ability: Poison Heal
|upkeep
|turn|41
|
|t:|1778506010
|move|p1a: Gliscor|Protect|p1a: Gliscor
|-singleturn|p1a: Gliscor|Protect
|move|p2a: Rillaboom|Wood Hammer|p1a: Gliscor
|-activate|p1a: Gliscor|move: Protect
|
|-heal|p2a: Rillaboom|100/100|[from] Grassy Terrain
|-heal|p1a: Gliscor|90/100 tox|[from] ability: Poison Heal
|upkeep
|turn|42
|
|t:|1778506031
|switch|p2a: Heatran|Heatran, M|100/100
|switch|p1a: Skarmory|Skarmory, F|45/100
|
|upkeep
|turn|43
|
|t:|1778506038
|switch|p1a: Gliscor|Gliscor, F, shiny|90/100 tox
|-damage|p1a: Gliscor|77/100 tox|[from] Stealth Rock
|move|p2a: Heatran|Lava Plume|p1a: Gliscor
|-damage|p1a: Gliscor|38/100 tox
|
|-heal|p1a: Gliscor|50/100 tox|[from] ability: Poison Heal
|upkeep
|turn|44
|
|t:|1778506047
|switch|p2a: Scream Tail|Scream Tail|69/100 tox
|move|p1a: Gliscor|Protect||[still]
|-fail|p1a: Gliscor
|
|-heal|p2a: Scream Tail|75/100 tox|[from] Grassy Terrain
|-damage|p2a: Scream Tail|69/100 tox|[from] psn
|-heal|p1a: Gliscor|62/100 tox|[from] ability: Poison Heal
|-fieldend|move: Grassy Terrain
|upkeep
|turn|45
|
|t:|1778506051
|move|p2a: Scream Tail|Psychic Noise|p1a: Gliscor
|-damage|p1a: Gliscor|46/100 tox
|-start|p1a: Gliscor|move: Heal Block
|move|p1a: Gliscor|Earthquake|p2a: Scream Tail
|-damage|p2a: Scream Tail|43/100 tox
|
|-damage|p2a: Scream Tail|30/100 tox|[from] psn
|upkeep
|turn|46
|
|t:|1778506058
|-end|p2a: Scream Tail|Protosynthesis|[silent]
|switch|p2a: Rillaboom|Rillaboom, F|100/100
|-fieldstart|move: Grassy Terrain|[from] ability: Grassy Surge|[of] p2a: Rillaboom
|move|p1a: Gliscor|Facade|p2a: Rillaboom
|-damage|p2a: Rillaboom|69/100
|
|-heal|p2a: Rillaboom|75/100|[from] Grassy Terrain
|-end|p1a: Gliscor|move: Heal Block
|upkeep
|turn|47
|
|t:|1778506064
|move|p1a: Gliscor|Protect|p1a: Gliscor
|-singleturn|p1a: Gliscor|Protect
|move|p2a: Rillaboom|Wood Hammer|p1a: Gliscor
|-activate|p1a: Gliscor|move: Protect
|
|-heal|p2a: Rillaboom|81/100|[from] Grassy Terrain
|-heal|p1a: Gliscor|58/100 tox|[from] ability: Poison Heal
|upkeep
|turn|48
|
|t:|1778506072
|switch|p1a: Pecharunt|Pecharunt, tera:Ghost|100/100
|-damage|p1a: Pecharunt|88/100|[from] Stealth Rock
|-terastallize|p2a: Rillaboom|Grass
|move|p2a: Rillaboom|Wood Hammer|p1a: Pecharunt
|-damage|p1a: Pecharunt|8/100
|-damage|p2a: Rillaboom|52/100|[from] Recoil
|
|-heal|p2a: Rillaboom|58/100|[from] Grassy Terrain
|-heal|p1a: Pecharunt|14/100|[from] Grassy Terrain
|upkeep
|turn|49
|
|t:|1778506077
|switch|p1a: Skarmory|Skarmory, F|45/100
|move|p2a: Rillaboom|Wood Hammer|p1a: Skarmory
|-resisted|p1a: Skarmory
|-damage|p1a: Skarmory|20/100
|-damage|p2a: Rillaboom|50/100|[from] Recoil
|
|-heal|p2a: Rillaboom|57/100|[from] Grassy Terrain
|upkeep
|turn|50
|
|t:|1778506081
|move|p2a: Rillaboom|Wood Hammer|p1a: Skarmory
|-resisted|p1a: Skarmory
|-damage|p1a: Skarmory|0 fnt
|faint|p1a: Skarmory
|-damage|p2a: Rillaboom|50/100|[from] Recoil
|
|-heal|p2a: Rillaboom|57/100|[from] Grassy Terrain
|-fieldend|move: Grassy Terrain
|upkeep
|
|t:|1778506092
|switch|p1a: Samurott|Samurott-Hisui, F, shiny|34/100
|turn|51
|
|t:|1778506096
|switch|p2a: Scream Tail|Scream Tail|30/100 tox
|move|p1a: Samurott|Knock Off|p2a: Scream Tail
|-damage|p2a: Scream Tail|0 fnt
|-enditem|p2a: Scream Tail|Heavy-Duty Boots|[from] move: Knock Off|[of] p1a: Samurott
|faint|p2a: Scream Tail
|-end|p2a: Scream Tail|Protosynthesis|[silent]
|
|upkeep
|
|t:|1778506103
|switch|p2a: Rillaboom|Rillaboom, F, tera:Grass|57/100
|-fieldstart|move: Grassy Terrain|[from] ability: Grassy Surge|[of] p2a: Rillaboom
|turn|52
|
|t:|1778506112
|move|p2a: Rillaboom|Grassy Glide|p1a: Samurott
|-supereffective|p1a: Samurott
|-damage|p1a: Samurott|0 fnt
|faint|p1a: Samurott
|
|-heal|p2a: Rillaboom|63/100|[from] Grassy Terrain
|upkeep
|
|t:|1778506115
|switch|p1a: Ogerpon|Ogerpon, F|100/100
|turn|53
|
|t:|1778506118
|switch|p2a: Heatran|Heatran, M|100/100
|move|p1a: Ogerpon|U-turn|p2a: Heatran
|-resisted|p2a: Heatran
|-damage|p2a: Heatran|94/100
|
|t:|1778506121
|switch|p1a: Gliscor|Gliscor, F, shiny|58/100 tox|[from] U-turn
|-damage|p1a: Gliscor|46/100 tox|[from] Stealth Rock
|
|-heal|p2a: Heatran|99/100|[from] Grassy Terrain
|-heal|p2a: Heatran|100/100|[from] item: Leftovers
|-heal|p1a: Gliscor|58/100 tox|[from] ability: Poison Heal
|upkeep
|turn|54
|
|t:|1778506124
|switch|p2a: Zamazenta|Zamazenta|91/100
|move|p1a: Gliscor|Earthquake|p2a: Zamazenta
|-damage|p2a: Zamazenta|79/100
|
|-heal|p2a: Zamazenta|86/100|[from] Grassy Terrain
|-heal|p2a: Zamazenta|92/100|[from] item: Leftovers
|-heal|p1a: Gliscor|71/100 tox|[from] ability: Poison Heal
|upkeep
|turn|55
|
|t:|1778506134
|move|p2a: Zamazenta|Iron Defense|p2a: Zamazenta
|-boost|p2a: Zamazenta|def|2
|move|p1a: Gliscor|Swords Dance|p1a: Gliscor
|-boost|p1a: Gliscor|atk|2
|
|-heal|p2a: Zamazenta|98/100|[from] Grassy Terrain
|-heal|p2a: Zamazenta|100/100|[from] item: Leftovers
|-heal|p1a: Gliscor|83/100 tox|[from] ability: Poison Heal
|upkeep
|turn|56
|
|t:|1778506137
|switch|p1a: Blissey|Blissey, F, shiny|86/100
|move|p2a: Zamazenta|Roar|p1a: Blissey
|drag|p1a: Gliscor|Gliscor, F, shiny|83/100 tox
|-damage|p1a: Gliscor|71/100 tox|[from] Stealth Rock
|
|-heal|p1a: Gliscor|83/100 tox|[from] ability: Poison Heal
|-fieldend|move: Grassy Terrain
|upkeep
|turn|57
|
|t:|1778506143
|switch|p1a: Blissey|Blissey, F, shiny|86/100
|move|p2a: Zamazenta|Iron Defense|p2a: Zamazenta
|-boost|p2a: Zamazenta|def|2
|
|upkeep
|turn|58
|
|t:|1778506146
|move|p2a: Zamazenta|Body Press|p1a: Blissey
|-supereffective|p1a: Blissey
|-damage|p1a: Blissey|0 fnt
|faint|p1a: Blissey
|
|upkeep
|
|t:|1778506148
|switch|p1a: Pecharunt|Pecharunt, tera:Ghost|14/100
|-damage|p1a: Pecharunt|2/100|[from] Stealth Rock
|turn|59
|
|t:|1778506151
|move|p2a: Zamazenta|Crunch|p1a: Pecharunt
|-supereffective|p1a: Pecharunt
|-damage|p1a: Pecharunt|0 fnt
|faint|p1a: Pecharunt
|
|upkeep
|c|☆akijuen|gg
|-message|feeshvolc5 forfeited.
|
|win|akijuen
|raw|feeshvolc5's rating: 1546 &rarr; <strong>1531</strong><br />(-15 for losing)
|raw|akijuen's rating: 1641 &rarr; <strong>1656</strong><br />(+15 for winning)
|l|☆feeshvolc5
|player|p1|
|l|☆akijuen
|player|p2|
