|html|<div class="broadcast-blue"><strong>[Gen 9] OU is currently suspecting Tera Blast! For information on how to participate check out the <a href="https://www.smogon.com/tools/suspects/view/200">suspect thread</a>.</strong></div>
|j|☆ADouglas18
|j|☆treeofoak
|t:|1776047409
|gametype|singles
|player|p1|ADouglas18|n|
|player|p2|treeofoak|1|
|gen|9
|tier|[Gen 9] OU
|rule|HP Percentage Mod: HP is shown in percentages
|rule|Endless Battle Clause: Forcing endless battles is banned
|rule|Species Clause: Limit one of each Pokémon
|rule|OHKO Clause: OHKO moves are banned
|rule|Evasion Items Clause: Evasion items are banned
|rule|Evasion Moves Clause: Evasion moves are banned
|rule|Evasion Abilities Clause: Evasion abilities are banned
|rule|Sleep Moves Clause: Sleep-inducing moves are banned
|clearpoke
|poke|p1|Tyranitar, M|
|poke|p1|Excadrill, M|
|poke|p1|Gastrodon-East, F|
|poke|p1|Hydrapple, M|
|poke|p1|Dragonite, M|
|poke|p1|Houndstone, F|
|poke|p2|Great Tusk|
|poke|p2|Torkoal, M|
|poke|p2|Walking Wake|
|poke|p2|Skeledirge, F|
|poke|p2|Maushold-Four|
|poke|p2|Mandibuzz, F|
|teampreview
|
|t:|1776047423
|teamsize|p1|6
|teamsize|p2|6
|start
|switch|p1a: Gastrodon|Gastrodon-East, F|100/100
|switch|p2a: Lucky Turtle|Torkoal, M, shiny|100/100
|-weather|SunnyDay|[from] ability: Drought|[of] p2a: Lucky Turtle
|turn|1
|
|t:|1776047450
|move|p1a: Gastrodon|Spikes|p2a: Lucky Turtle
|-sidestart|p2: treeofoak|Spikes
|move|p2a: Lucky Turtle|Iron Defense|p2a: Lucky Turtle
|-boost|p2a: Lucky Turtle|def|2
|
|-weather|SunnyDay|[upkeep]
|upkeep
|turn|2
|j| nougatbumps
|
|t:|1776047490
|move|p1a: Gastrodon|Earth Power|p2a: Lucky Turtle
|-supereffective|p2a: Lucky Turtle
|-damage|p2a: Lucky Turtle|51/100
|move|p2a: Lucky Turtle|Body Press|p1a: Gastrodon
|-damage|p1a: Gastrodon|60/100
|
|-weather|SunnyDay|[upkeep]
|upkeep
|turn|3
|
|t:|1776047509
|switch|p2a: metal vulture|Mandibuzz, F|100/100
|move|p1a: Gastrodon|Earth Power|p2a: metal vulture
|-immune|p2a: metal vulture
|
|-weather|SunnyDay|[upkeep]
|upkeep
|turn|4
|
|t:|1776047527
|move|p2a: metal vulture|Toxic|p1a: Gastrodon|[miss]
|-miss|p2a: metal vulture|p1a: Gastrodon
|move|p1a: Gastrodon|Recover|p1a: Gastrodon
|-heal|p1a: Gastrodon|100/100
|
|-weather|SunnyDay|[upkeep]
|upkeep
|turn|5
|
|t:|1776047549
|move|p2a: metal vulture|U-turn|p1a: Gastrodon
|-damage|p1a: Gastrodon|91/100
|
|t:|1776047561
|switch|p2a: He's got Horns|Great Tusk|100/100|[from] U-turn
|-activate|p2a: He's got Horns|ability: Protosynthesis
|-start|p2a: He's got Horns|protosynthesisatk
|move|p1a: Gastrodon|Sludge Bomb|p2a: He's got Horns
|-resisted|p2a: He's got Horns
|-damage|p2a: He's got Horns|87/100
|
|-weather|SunnyDay|[upkeep]
|upkeep
|turn|6
|
|t:|1776047586
|move|p2a: He's got Horns|Knock Off|p1a: Gastrodon
|-damage|p1a: Gastrodon|54/100
|-enditem|p1a: Gastrodon|Heavy-Duty Boots|[from] move: Knock Off|[of] p2a: He's got Horns
|move|p1a: Gastrodon|Earth Power|p2a: He's got Horns
|-damage|p2a: He's got Horns|43/100
|
|-weather|SunnyDay|[upkeep]
|upkeep
|turn|7
|
|t:|1776047598
|move|p2a: He's got Horns|Headlong Rush|p1a: Gastrodon
|-damage|p1a: Gastrodon|0 fnt
|-unboost|p2a: He's got Horns|def|1
|-unboost|p2a: He's got Horns|spd|1
|faint|p1a: Gastrodon
|
|-weather|SunnyDay|[upkeep]
|upkeep
|
|t:|1776047675
|switch|p1a: Tyranitar|Tyranitar, M, shiny|100/100
|-weather|Sandstorm|[from] ability: Sand Stream|[of] p1a: Tyranitar
|-end|p2a: He's got Horns|Protosynthesis
|turn|8
|
|t:|1776047697
|-terastallize|p1a: Tyranitar|Flying
|move|p2a: He's got Horns|Headlong Rush|p1a: Tyranitar
|-immune|p1a: Tyranitar
|move|p1a: Tyranitar|Ice Punch|p2a: He's got Horns
|-supereffective|p2a: He's got Horns
|-damage|p2a: He's got Horns|0 fnt
|faint|p2a: He's got Horns
|-end|p2a: He's got Horns|Protosynthesis|[silent]
|
|-weather|Sandstorm|[upkeep]
|-damage|p1a: Tyranitar|94/100|[from] Sandstorm
|upkeep
|
|t:|1776047727
|switch|p2a: Family Values|Maushold-Four|100/100
|-damage|p2a: Family Values|88/100|[from] Spikes
|turn|9
|
|t:|1776047738
|switch|p1a: Houndstone|Houndstone, F, shiny|100/100
|-terastallize|p2a: Family Values|Normal
|move|p2a: Family Values|Population Bomb|p1a: Houndstone
|-immune|p1a: Houndstone
|
|-weather|Sandstorm|[upkeep]
|-damage|p2a: Family Values|82/100|[from] Sandstorm
|upkeep
|turn|10
|
|t:|1776047761
|switch|p2a: where'd his hat go|Skeledirge, F|100/100
|move|p1a: Houndstone|Play Rough|p2a: where'd his hat go
|-resisted|p2a: where'd his hat go
|-damage|p2a: where'd his hat go|84/100
|
|-weather|Sandstorm|[upkeep]
|-damage|p2a: where'd his hat go|78/100|[from] Sandstorm
|upkeep
|turn|11
|
|t:|1776047814
|switch|p1a: Dragonite|Dragonite, M, shiny|100/100
|switch|p2a: metal vulture|Mandibuzz, F|100/100
|
|-weather|Sandstorm|[upkeep]
|-damage|p1a: Dragonite|94/100|[from] Sandstorm
|upkeep
|turn|12
|
|t:|1776047841
|move|p1a: Dragonite|Ice Spinner|p2a: metal vulture
|-supereffective|p2a: metal vulture
|-damage|p2a: metal vulture|67/100
|move|p2a: metal vulture|Toxic|p1a: Dragonite
|-status|p1a: Dragonite|tox
|
|-weather|none
|-heal|p2a: metal vulture|73/100|[from] item: Leftovers
|-damage|p1a: Dragonite|88/100 tox|[from] psn
|upkeep
|turn|13
|
|t:|1776047851
|move|p1a: Dragonite|Dragon Dance|p1a: Dragonite
|-boost|p1a: Dragonite|atk|1
|-boost|p1a: Dragonite|spe|1
|move|p2a: metal vulture|Roost|p2a: metal vulture
|-heal|p2a: metal vulture|100/100
|-singleturn|p2a: metal vulture|move: Roost
|
|-damage|p1a: Dragonite|76/100 tox|[from] psn
|upkeep
|turn|14
|
|t:|1776047858
|move|p1a: Dragonite|Ice Spinner|p2a: metal vulture
|-supereffective|p2a: metal vulture
|-damage|p2a: metal vulture|48/100
|move|p2a: metal vulture|Foul Play|p1a: Dragonite
|-damage|p1a: Dragonite|0 fnt
|faint|p1a: Dragonite
|
|-heal|p2a: metal vulture|54/100|[from] item: Leftovers
|upkeep
|
|t:|1776047867
|switch|p1a: Tyranitar|Tyranitar, M, shiny, tera:Flying|94/100
|-weather|Sandstorm|[from] ability: Sand Stream|[of] p1a: Tyranitar
|turn|15
|
|t:|1776047890
|move|p1a: Tyranitar|Stone Edge|p2a: metal vulture
|-supereffective|p2a: metal vulture
|-damage|p2a: metal vulture|0 fnt
|faint|p2a: metal vulture
|
|-weather|Sandstorm|[upkeep]
|-damage|p1a: Tyranitar|88/100|[from] Sandstorm
|upkeep
|
|t:|1776047901
|switch|p2a: Lucky Turtle|Torkoal, M, shiny|51/100
|-damage|p2a: Lucky Turtle|39/100|[from] Spikes
|-weather|SunnyDay|[from] ability: Drought|[of] p2a: Lucky Turtle
|turn|16
|
|t:|1776047924
|move|p1a: Tyranitar|Stone Edge|p2a: Lucky Turtle
|-supereffective|p2a: Lucky Turtle
|-damage|p2a: Lucky Turtle|0 fnt
|faint|p2a: Lucky Turtle
|
|-weather|SunnyDay|[upkeep]
|upkeep
|
|t:|1776047927
|switch|p2a: Walking Woke|Walking Wake|100/100
|-damage|p2a: Walking Woke|88/100|[from] Spikes
|-activate|p2a: Walking Woke|ability: Protosynthesis
|-start|p2a: Walking Woke|protosynthesisspe
|turn|17
|
|t:|1776047966
|switch|p1a: Hydrapple|Hydrapple, M, shiny|100/100
|move|p2a: Walking Woke|Hydro Steam|p1a: Hydrapple
|-resisted|p1a: Hydrapple
|-damage|p1a: Hydrapple|78/100
|
|-weather|SunnyDay|[upkeep]
|upkeep
|turn|18
|
|t:|1776047989
|-end|p2a: Walking Woke|Protosynthesis|[silent]
|switch|p2a: where'd his hat go|Skeledirge, F|78/100
|move|p1a: Hydrapple|Nasty Plot|p1a: Hydrapple
|-boost|p1a: Hydrapple|spa|2
|
|-weather|SunnyDay|[upkeep]
|upkeep
|turn|19
|
|t:|1776048009
|move|p2a: where'd his hat go|Torch Song|p1a: Hydrapple
|-damage|p1a: Hydrapple|35/100
|-boost|p2a: where'd his hat go|spa|1
|move|p1a: Hydrapple|Earth Power|p2a: where'd his hat go
|-supereffective|p2a: where'd his hat go
|-damage|p2a: where'd his hat go|37/100
|
|-weather|SunnyDay|[upkeep]
|upkeep
|turn|20
|
|t:|1776048071
|move|p2a: where'd his hat go|Slack Off|p2a: where'd his hat go
|-heal|p2a: where'd his hat go|87/100
|move|p1a: Hydrapple|Earth Power|p2a: where'd his hat go
|-supereffective|p2a: where'd his hat go
|-damage|p2a: where'd his hat go|43/100
|
|-weather|SunnyDay|[upkeep]
|upkeep
|turn|21
|
|t:|1776048079
|move|p2a: where'd his hat go|Torch Song|p1a: Hydrapple
|-damage|p1a: Hydrapple|0 fnt
|-boost|p2a: where'd his hat go|spa|1
|faint|p1a: Hydrapple
|
|-weather|SunnyDay|[upkeep]
|upkeep
|
|t:|1776048085
|switch|p1a: Tyranitar|Tyranitar, M, shiny, tera:Flying|88/100
|-weather|Sandstorm|[from] ability: Sand Stream|[of] p1a: Tyranitar
|turn|22
|
|t:|1776048118
|move|p1a: Tyranitar|Stone Edge|p2a: where'd his hat go
|-supereffective|p2a: where'd his hat go
|-damage|p2a: where'd his hat go|0 fnt
|faint|p2a: where'd his hat go
|
|-weather|Sandstorm|[upkeep]
|-damage|p1a: Tyranitar|82/100|[from] Sandstorm
|upkeep
|
|t:|1776048121
|switch|p2a: Family Values|Maushold-Four, tera:Normal|82/100
|-damage|p2a: Family Values|69/100|[from] Spikes
|turn|23
|
|t:|1776048127
|switch|p1a: Houndstone|Houndstone, F, shiny|100/100
|move|p2a: Family Values|Tidy Up|p2a: Family Values
|-sideend|p2: treeofoak|Spikes
|-activate|p2a: Family Values|move: Tidy Up
|-boost|p2a: Family Values|atk|1
|-boost|p2a: Family Values|spe|1
|
|-weather|Sandstorm|[upkeep]
|-damage|p2a: Family Values|63/100|[from] Sandstorm
|upkeep
|turn|24
|
|t:|1776048180
|switch|p2a: Walking Woke|Walking Wake|88/100
|move|p1a: Houndstone|Play Rough|p2a: Walking Woke
|-supereffective|p2a: Walking Woke
|-damage|p2a: Walking Woke|0 fnt
|faint|p2a: Walking Woke
|-end|p2a: Walking Woke|Protosynthesis|[silent]
|
|-weather|Sandstorm|[upkeep]
|upkeep
|-message|treeofoak forfeited.
|
|win|ADouglas18
|l|☆treeofoak
|player|p2|
