|html|<div class="broadcast-blue"><strong>[Gen 9] OU is currently suspecting Tera Blast! For information on how to participate check out the <a href="https://www.smogon.com/tools/suspects/view/200">suspect thread</a>.</strong></div>
|j|☆Eisen7111
|j|☆Skiddris
|t:|1776068618
|gametype|singles
|player|p1|Eisen7111|bruno|1522
|player|p2|Skiddris|artist|1493
|gen|9
|tier|[Gen 9] OU
|rated|
|rule|HP Percentage Mod: HP is shown in percentages
|rule|Endless Battle Clause: Forcing endless battles is banned
|rule|Species Clause: Limit one of each Pokémon
|rule|OHKO Clause: OHKO moves are banned
|rule|Evasion Items Clause: Evasion items are banned
|rule|Evasion Moves Clause: Evasion moves are banned
|rule|Evasion Abilities Clause: Evasion abilities are banned
|rule|Sleep Moves Clause: Sleep-inducing moves are banned
|clearpoke
|poke|p1|Garchomp, M|
|poke|p1|Gholdengo|
|poke|p1|Meowscarada, F|
|poke|p1|Landorus-Therian, M|
|poke|p1|Araquanid, M|
|poke|p1|Raging Bolt|
|poke|p2|Ribombee, M|
|poke|p2|Cinderace, F|
|poke|p2|Serperior, F|
|poke|p2|Mimikyu, F|
|poke|p2|Dragapult, F|
|poke|p2|Bisharp, M|
|teampreview
|inactive|Battle timer is ON: inactive players will automatically lose when time's up. (requested by Skiddris)
|
|t:|1776068632
|teamsize|p1|6
|teamsize|p2|6
|start
|switch|p1a: Gholdengo|Gholdengo|100/100
|switch|p2a: Sticky goes Brrr|Ribombee, M, shiny|100/100
|turn|1
|
|t:|1776068637
|move|p2a: Sticky goes Brrr|Sticky Web|p1a: Gholdengo
|-sidestart|p1: Eisen7111|move: Sticky Web
|move|p1a: Gholdengo|Substitute|p1a: Gholdengo
|-start|p1a: Gholdengo|Substitute
|-damage|p1a: Gholdengo|76/100
|
|-heal|p1a: Gholdengo|82/100|[from] item: Leftovers
|upkeep
|turn|2
|
|t:|1776068644
|move|p2a: Sticky goes Brrr|Moonblast|p1a: Gholdengo
|-resisted|p1a: Gholdengo
|-activate|p1a: Gholdengo|move: Substitute|[damage]
|move|p1a: Gholdengo|Nasty Plot|p1a: Gholdengo
|-boost|p1a: Gholdengo|spa|2
|
|-heal|p1a: Gholdengo|88/100|[from] item: Leftovers
|upkeep
|turn|3
|
|t:|1776068651
|move|p2a: Sticky goes Brrr|Psychic Noise|p1a: Gholdengo
|-resisted|p1a: Gholdengo
|-damage|p1a: Gholdengo|77/100
|-start|p1a: Gholdengo|move: Heal Block
|move|p1a: Gholdengo|Shadow Ball|p2a: Sticky goes Brrr
|-enditem|p2a: Sticky goes Brrr|Focus Sash
|-damage|p2a: Sticky goes Brrr|1/100
|
|upkeep
|turn|4
|
|t:|1776068656
|switch|p2a: Introvert boy|Mimikyu, F|100/100
|move|p1a: Gholdengo|Shadow Ball|p2a: Introvert boy
|-activate|p2a: Introvert boy|ability: Disguise
|-damage|p2a: Introvert boy|100/100
|detailschange|p2a: Introvert boy|Mimikyu-Busted, F
|-damage|p2a: Introvert boy|88/100|[from] pokemon: Mimikyu-Busted
|-enditem|p2a: Introvert boy|Red Card|[of] p1a: Gholdengo
|drag|p1a: Araquanid|Araquanid, M|100/100
|-activate|p1a: Araquanid|move: Sticky Web
|-unboost|p1a: Araquanid|spe|1
|
|upkeep
|turn|5
|
|t:|1776068682
|switch|p2a: B-2 Spirit|Dragapult, F|100/100
|move|p1a: Araquanid|Liquidation|p2a: B-2 Spirit
|-resisted|p2a: B-2 Spirit
|-damage|p2a: B-2 Spirit|73/100
|
|upkeep
|turn|6
|
|t:|1776068688
|move|p2a: B-2 Spirit|Thunderbolt|p1a: Araquanid
|-supereffective|p1a: Araquanid
|-damage|p1a: Araquanid|42/100
|-status|p1a: Araquanid|par
|-damage|p2a: B-2 Spirit|63/100|[from] item: Life Orb
|move|p1a: Araquanid|Liquidation|p2a: B-2 Spirit
|-resisted|p2a: B-2 Spirit
|-damage|p2a: B-2 Spirit|32/100
|
|-heal|p1a: Araquanid|48/100 par|[from] item: Leftovers
|upkeep
|turn|7
|
|t:|1776068694
|switch|p1a: Landorus|Landorus-Therian, M|100/100
|-ability|p1a: Landorus|Intimidate|boost
|-fail|p2a: B-2 Spirit|unboost|[from] ability: Clear Body|[of] p2a: B-2 Spirit
|move|p2a: B-2 Spirit|Thunderbolt|p1a: Landorus
|-immune|p1a: Landorus
|
|upkeep
|turn|8
|
|t:|1776068700
|move|p2a: B-2 Spirit|Hydro Pump|p1a: Landorus
|-supereffective|p1a: Landorus
|-damage|p1a: Landorus|0 fnt
|faint|p1a: Landorus
|-damage|p2a: B-2 Spirit|23/100|[from] item: Life Orb
|
|upkeep
|
|t:|1776068706
|switch|p1a: Gholdengo|Gholdengo|77/100
|-activate|p1a: Gholdengo|move: Sticky Web
|-unboost|p1a: Gholdengo|spe|1
|turn|9
|
|t:|1776068709
|move|p2a: B-2 Spirit|Fire Blast|p1a: Gholdengo
|-supereffective|p1a: Gholdengo
|-damage|p1a: Gholdengo|0 fnt
|faint|p1a: Gholdengo
|-damage|p2a: B-2 Spirit|13/100|[from] item: Life Orb
|
|upkeep
|
|t:|1776068717
|switch|p1a: Araquanid|Araquanid, M|48/100 par
|-activate|p1a: Araquanid|move: Sticky Web
|-unboost|p1a: Araquanid|spe|1
|turn|10
|
|t:|1776068720
|move|p1a: Araquanid|Protect|p1a: Araquanid
|-singleturn|p1a: Araquanid|Protect
|move|p2a: B-2 Spirit|Thunderbolt|p1a: Araquanid
|-activate|p1a: Araquanid|move: Protect
|
|-heal|p1a: Araquanid|54/100 par|[from] item: Leftovers
|upkeep
|turn|11
|
|t:|1776068729
|move|p2a: B-2 Spirit|Thunderbolt|p1a: Araquanid
|-supereffective|p1a: Araquanid
|-damage|p1a: Araquanid|1/100 par
|-damage|p2a: B-2 Spirit|3/100|[from] item: Life Orb
|move|p1a: Araquanid|Liquidation|p2a: B-2 Spirit
|-resisted|p2a: B-2 Spirit
|-damage|p2a: B-2 Spirit|0 fnt
|faint|p2a: B-2 Spirit
|
|-heal|p1a: Araquanid|8/100 par|[from] item: Leftovers
|upkeep
|
|t:|1776068735
|switch|p2a: Hmmm so cozy|Serperior, F|100/100
|turn|12
|
|t:|1776068737
|move|p2a: Hmmm so cozy|Leaf Storm|p1a: Araquanid
|-damage|p1a: Araquanid|0 fnt
|-boost|p2a: Hmmm so cozy|spa|2
|faint|p1a: Araquanid
|
|upkeep
|
|t:|1776068748
|switch|p1a: Garchomp|Garchomp, M|100/100
|-activate|p1a: Garchomp|move: Sticky Web
|-unboost|p1a: Garchomp|spe|1
|turn|13
|
|t:|1776068755
|-terastallize|p1a: Garchomp|Steel
|move|p2a: Hmmm so cozy|Dragon Pulse|p1a: Garchomp
|-resisted|p1a: Garchomp
|-damage|p1a: Garchomp|77/100
|move|p1a: Garchomp|Scale Shot|p2a: Hmmm so cozy
|-damage|p2a: Hmmm so cozy|82/100
|-damage|p2a: Hmmm so cozy|65/100
|-damage|p2a: Hmmm so cozy|47/100
|-damage|p2a: Hmmm so cozy|28/100
|-hitcount|p2a: Hmmm so cozy|4
|-unboost|p1a: Garchomp|def|1
|-boost|p1a: Garchomp|spe|1
|
|-heal|p2a: Hmmm so cozy|34/100|[from] item: Leftovers
|upkeep
|turn|14
|
|t:|1776068765
|switch|p2a: Sticky goes Brrr|Ribombee, M, shiny|1/100
|move|p1a: Garchomp|Scale Shot|p2a: Sticky goes Brrr
|-immune|p2a: Sticky goes Brrr
|
|upkeep
|turn|15
|
|t:|1776068769
|move|p2a: Sticky goes Brrr|Stun Spore|p1a: Garchomp
|-status|p1a: Garchomp|par
|move|p1a: Garchomp|Iron Head|p2a: Sticky goes Brrr
|-supereffective|p2a: Sticky goes Brrr
|-damage|p2a: Sticky goes Brrr|0 fnt
|faint|p2a: Sticky goes Brrr
|
|upkeep
|
|t:|1776068772
|switch|p2a: VendVoiture|Cinderace, F|100/100
|turn|16
|
|t:|1776068777
|switch|p1a: Raging Bolt|Raging Bolt|100/100
|-activate|p1a: Raging Bolt|move: Sticky Web
|-unboost|p1a: Raging Bolt|spe|1
|move|p2a: VendVoiture|Pyro Ball|p1a: Raging Bolt
|-resisted|p1a: Raging Bolt
|-damage|p1a: Raging Bolt|75/100
|
|-heal|p1a: Raging Bolt|81/100|[from] item: Leftovers
|upkeep
|turn|17
|
|t:|1776068794
|move|p2a: VendVoiture|U-turn|p1a: Raging Bolt
|-damage|p1a: Raging Bolt|60/100
|
|t:|1776068796
|switch|p2a: Introvert boy|Mimikyu-Busted, F|88/100|[from] U-turn
|move|p1a: Raging Bolt|Calm Mind|p1a: Raging Bolt
|-boost|p1a: Raging Bolt|spa|1
|-boost|p1a: Raging Bolt|spd|1
|
|-heal|p1a: Raging Bolt|66/100|[from] item: Leftovers
|upkeep
|turn|18
|
|t:|1776068800
|move|p2a: Introvert boy|Play Rough|p1a: Raging Bolt
|-supereffective|p1a: Raging Bolt
|-damage|p1a: Raging Bolt|3/100
|-unboost|p1a: Raging Bolt|atk|1
|move|p1a: Raging Bolt|Thunderbolt|p2a: Introvert boy
|-damage|p2a: Introvert boy|0 fnt
|faint|p2a: Introvert boy
|
|-heal|p1a: Raging Bolt|9/100|[from] item: Leftovers
|upkeep
|
|t:|1776068811
|switch|p2a: VendVoiture|Cinderace, F|100/100
|turn|19
|
|t:|1776068814
|move|p1a: Raging Bolt|Thunderclap||[still]
|-fail|p1a: Raging Bolt
|move|p2a: VendVoiture|Court Change|p2a: VendVoiture
|-swapsideconditions
|-activate|p2a: VendVoiture|move: Court Change
|
|-heal|p1a: Raging Bolt|15/100|[from] item: Leftovers
|upkeep
|turn|20
|
|t:|1776068820
|move|p1a: Raging Bolt|Thunderclap||[still]
|-fail|p1a: Raging Bolt
|move|p2a: VendVoiture|Will-O-Wisp|p1a: Raging Bolt
|-status|p1a: Raging Bolt|brn
|
|-heal|p1a: Raging Bolt|21/100 brn|[from] item: Leftovers
|-damage|p1a: Raging Bolt|15/100 brn|[from] brn
|upkeep
|turn|21
|
|t:|1776068828
|move|p2a: VendVoiture|Pyro Ball|p1a: Raging Bolt
|-resisted|p1a: Raging Bolt
|-damage|p1a: Raging Bolt|0 fnt
|faint|p1a: Raging Bolt
|-end|p1a: Raging Bolt|Protosynthesis|[silent]
|
|upkeep
|
|t:|1776068832
|switch|p1a: Meowscarada|Meowscarada, F|100/100
|turn|22
|
|t:|1776068835
|move|p1a: Meowscarada|Knock Off|p2a: VendVoiture
|-start|p1a: Meowscarada|typechange|Dark|[from] ability: Protean
|-damage|p2a: VendVoiture|0 fnt
|-enditem|p2a: VendVoiture|Heavy-Duty Boots|[from] move: Knock Off|[of] p1a: Meowscarada
|faint|p2a: VendVoiture
|
|upkeep
|
|t:|1776068839
|switch|p2a: why no kingambit?|Bisharp, M|100/100
|-activate|p2a: why no kingambit?|move: Sticky Web
|-unboost|p2a: why no kingambit?|spe|1
|-ability|p2a: why no kingambit?|Defiant|boost
|-boost|p2a: why no kingambit?|atk|2
|turn|23
|
|t:|1776068849
|switch|p1a: Garchomp|Garchomp, M, tera:Steel|77/100 par
|move|p2a: why no kingambit?|Low Kick|p1a: Garchomp
|-supereffective|p1a: Garchomp
|-damage|p1a: Garchomp|0 fnt
|-damage|p2a: why no kingambit?|88/100|[from] ability: Rough Skin|[of] p1a: Garchomp
|faint|p1a: Garchomp
|
|upkeep
|
|t:|1776068856
|switch|p1a: Meowscarada|Meowscarada, F|100/100
|turn|24
|
|t:|1776068862
|move|p1a: Meowscarada|Triple Axel|p2a: why no kingambit?|[miss]
|-start|p1a: Meowscarada|typechange|Ice|[from] ability: Protean
|-miss|p1a: Meowscarada|p2a: why no kingambit?
|move|p2a: why no kingambit?|Low Kick|p1a: Meowscarada
|-supereffective|p1a: Meowscarada
|-damage|p1a: Meowscarada|0 fnt
|faint|p1a: Meowscarada
|
|win|Skiddris
|raw|Eisen7111's rating: 1522 &rarr; <strong>1500</strong><br />(-22 for losing)
|raw|Skiddris's rating: 1493 &rarr; <strong>1515</strong><br />(+22 for winning)
|l|☆Skiddris
|player|p2|
|l|☆Eisen7111
|player|p1|
