|html|<div class="broadcast-blue"><strong>[Gen 9] OU is currently suspecting Tera Blast! For information on how to participate check out the <a href="https://www.smogon.com/tools/suspects/view/200">suspect thread</a>.</strong></div>
|j|☆Randomstuf13
|j|☆KING丶3266926956今余
|t:|1776081879
|gametype|singles
|player|p1|Randomstuf13|265|1231
|player|p2|KING丶3266926956今余|dawn|1231
|gen|9
|tier|[Gen 9] OU
|rated|
|rule|HP Percentage Mod: HP is shown in percentages
|rule|Endless Battle Clause: Forcing endless battles is banned
|rule|Species Clause: Limit one of each Pokémon
|rule|OHKO Clause: OHKO moves are banned
|rule|Evasion Items Clause: Evasion items are banned
|rule|Evasion Moves Clause: Evasion moves are banned
|rule|Evasion Abilities Clause: Evasion abilities are banned
|rule|Sleep Moves Clause: Sleep-inducing moves are banned
|clearpoke
|poke|p1|Darkrai|
|poke|p1|Rillaboom, M|
|poke|p1|Gholdengo|
|poke|p1|Zapdos|
|poke|p1|Landorus-Therian, M|
|poke|p1|Tyranitar, F|
|poke|p2|Luxray, M|
|poke|p2|Noctowl, F|
|poke|p2|Alomomola, M|
|poke|p2|Meowstic, M|
|poke|p2|Incineroar, M|
|poke|p2|Meowscarada, M|
|teampreview
|inactive|Battle timer is ON: inactive players will automatically lose when time's up. (requested by KING丶3266926956今余)
|
|t:|1776081900
|teamsize|p1|6
|teamsize|p2|6
|start
|switch|p1a: Landorus|Landorus-Therian, M|100/100
|switch|p2a: Meowstic|Meowstic, M|100/100
|-ability|p1a: Landorus|Intimidate|boost
|-unboost|p2a: Meowstic|atk|1
|turn|1
|
|t:|1776081907
|move|p2a: Meowstic|Trick|p1a: Landorus
|-activate|p2a: Meowstic|move: Trick|[of] p1a: Landorus
|-item|p1a: Landorus|Choice Specs|[from] move: Trick
|-item|p2a: Meowstic|Rocky Helmet|[from] move: Trick
|move|p1a: Landorus|Stealth Rock|p2a: Meowstic
|-sidestart|p2: KING丶3266926956今余|move: Stealth Rock
|
|upkeep
|turn|2
|
|t:|1776081917
|switch|p2a: Incineroar|Incineroar, M|100/100
|-ability|p2a: Incineroar|Intimidate|boost
|-unboost|p1a: Landorus|atk|1
|switch|p1a: Tyranitar|Tyranitar, F|100/100
|-weather|Sandstorm|[from] ability: Sand Stream|[of] p1a: Tyranitar
|
|-weather|Sandstorm|[upkeep]
|-damage|p2a: Incineroar|94/100|[from] Sandstorm
|upkeep
|turn|3
|
|t:|1776081933
|move|p1a: Tyranitar|Stone Edge|p2a: Incineroar
|-supereffective|p2a: Incineroar
|-damage|p2a: Incineroar|13/100
|move|p2a: Incineroar|Will-O-Wisp|p1a: Tyranitar
|-status|p1a: Tyranitar|brn
|
|-weather|Sandstorm|[upkeep]
|-damage|p2a: Incineroar|7/100|[from] Sandstorm
|-damage|p1a: Tyranitar|94/100 brn|[from] brn
|upkeep
|turn|4
|
|t:|1776081944
|switch|p2a: Alomomola|Alomomola, M|100/100
|-damage|p2a: Alomomola|88/100|[from] Stealth Rock
|move|p1a: Tyranitar|Earthquake|p2a: Alomomola
|-damage|p2a: Alomomola|73/100
|
|-weather|Sandstorm|[upkeep]
|-damage|p2a: Alomomola|66/100|[from] Sandstorm
|-damage|p1a: Tyranitar|88/100 brn|[from] brn
|upkeep
|turn|5
|
|t:|1776081957
|switch|p1a: Zapdos|Zapdos|100/100
|move|p2a: Alomomola|Flip Turn|p1a: Zapdos
|-damage|p1a: Zapdos|81/100
|-status|p2a: Alomomola|par|[from] ability: Static|[of] p1a: Zapdos
|
|t:|1776081976
|switch|p2a: Meowstic|Meowstic, M|100/100|[from] Flip Turn
|-damage|p2a: Meowstic|88/100|[from] Stealth Rock
|
|-weather|Sandstorm|[upkeep]
|-damage|p1a: Zapdos|75/100|[from] Sandstorm
|-damage|p2a: Meowstic|82/100|[from] Sandstorm
|upkeep
|turn|6
|
|t:|1776081984
|move|p2a: Meowstic|Light Screen|p2a: Meowstic
|-sidestart|p2: KING丶3266926956今余|move: Light Screen
|move|p1a: Zapdos|Volt Switch|p2a: Meowstic
|-damage|p2a: Meowstic|62/100
|
|t:|1776081991
|switch|p1a: Gholdengo|Gholdengo|100/100|[from] Volt Switch
|-item|p1a: Gholdengo|Air Balloon
|
|-weather|none
|upkeep
|turn|7
|
|t:|1776081997
|switch|p2a: Alomomola|Alomomola, M|99/100 par
|-damage|p2a: Alomomola|87/100 par|[from] Stealth Rock
|move|p1a: Gholdengo|Substitute|p1a: Gholdengo
|-start|p1a: Gholdengo|Substitute
|-damage|p1a: Gholdengo|76/100
|
|upkeep
|turn|8
|
|t:|1776082005
|move|p1a: Gholdengo|Nasty Plot|p1a: Gholdengo
|-boost|p1a: Gholdengo|spa|2
|move|p2a: Alomomola|Flip Turn|p1a: Gholdengo
|-activate|p1a: Gholdengo|move: Substitute|[damage]
|-enditem|p1a: Gholdengo|Air Balloon
|
|t:|1776082022
|switch|p2a: Luxray|Luxray, M|100/100|[from] Flip Turn
|-damage|p2a: Luxray|88/100|[from] Stealth Rock
|
|-status|p2a: Luxray|brn|[from] item: Flame Orb
|upkeep
|turn|9
|
|t:|1776082034
|move|p1a: Gholdengo|Shadow Ball|p2a: Luxray
|-damage|p2a: Luxray|35/100 brn
|move|p2a: Luxray|Trailblaze|p1a: Gholdengo
|-resisted|p1a: Gholdengo
|-end|p1a: Gholdengo|Substitute
|-boost|p2a: Luxray|spe|1
|
|-damage|p2a: Luxray|29/100 brn|[from] brn
|upkeep
|turn|10
|
|t:|1776082047
|switch|p1a: Landorus|Landorus-Therian, M|100/100
|-ability|p1a: Landorus|Intimidate|boost
|-unboost|p2a: Luxray|atk|1
|move|p2a: Luxray|Crunch|p1a: Landorus
|-damage|p1a: Landorus|80/100
|-unboost|p1a: Landorus|def|1
|
|-damage|p2a: Luxray|23/100 brn|[from] brn
|-sideend|p2: KING丶3266926956今余|move: Light Screen
|upkeep
|turn|11
|
|t:|1776082059
|switch|p2a: Noctowl|Noctowl, F|100/100
|move|p1a: Landorus|U-turn|p2a: Noctowl
|-resisted|p2a: Noctowl
|-damage|p2a: Noctowl|82/100
|
|t:|1776082065
|switch|p1a: Zapdos|Zapdos|75/100|[from] U-turn
|
|upkeep
|turn|12
|
|t:|1776082076
|-terastallize|p2a: Noctowl|Ground
|move|p1a: Zapdos|Volt Switch|p2a: Noctowl
|-immune|p2a: Noctowl
|move|p2a: Noctowl|Defog|p1a: Zapdos
|-unboost|p1a: Zapdos|evasion|1
|-sideend|p2: KING丶3266926956今余|Stealth Rock|[from] move: Defog|[of] p2a: Noctowl
|
|upkeep
|turn|13
|
|t:|1776082094
|switch|p1a: Landorus|Landorus-Therian, M|80/100
|-ability|p1a: Landorus|Intimidate|boost
|-unboost|p2a: Noctowl|atk|1
|move|p2a: Noctowl|Hurricane|p1a: Landorus|[miss]
|-miss|p2a: Noctowl|p1a: Landorus
|
|upkeep
|turn|14
|
|t:|1776082103
|switch|p2a: Alomomola|Alomomola, M|100/100 par
|move|p1a: Landorus|Stealth Rock|p2a: Alomomola
|-sidestart|p2: KING丶3266926956今余|move: Stealth Rock
|
|upkeep
|turn|15
|
|t:|1776082115
|switch|p1a: Zapdos|Zapdos|75/100
|cant|p2a: Alomomola|par
|
|upkeep
|turn|16
|
|t:|1776082130
|switch|p1a: Gholdengo|Gholdengo|76/100
|move|p2a: Alomomola|Mirror Coat||[still]
|-fail|p2a: Alomomola
|
|upkeep
|turn|17
|
|t:|1776082144
|move|p1a: Gholdengo|Substitute|p1a: Gholdengo
|-start|p1a: Gholdengo|Substitute
|-damage|p1a: Gholdengo|51/100
|move|p2a: Alomomola|Wish|p2a: Alomomola
|
|upkeep
|turn|18
|
|t:|1776082151
|move|p1a: Gholdengo|Nasty Plot|p1a: Gholdengo
|-boost|p1a: Gholdengo|spa|2
|move|p2a: Alomomola|Flip Turn|p1a: Gholdengo
|-activate|p1a: Gholdengo|move: Substitute|[damage]
|
|t:|1776082155
|switch|p2a: Luxray|Luxray, M|23/100 brn|[from] Flip Turn
|-damage|p2a: Luxray|10/100 brn|[from] Stealth Rock
|
|-heal|p2a: Luxray|99/100 brn|[from] move: Wish|[wisher] Alomomola
|-damage|p2a: Luxray|93/100 brn|[from] brn
|upkeep
|turn|19
|
|t:|1776082169
|switch|p2a: Meowstic|Meowstic, M|62/100
|-damage|p2a: Meowstic|50/100|[from] Stealth Rock
|move|p1a: Gholdengo|Shadow Ball|p2a: Meowstic
|-supereffective|p2a: Meowstic
|-damage|p2a: Meowstic|0 fnt
|faint|p2a: Meowstic
|
|upkeep
|
|t:|1776082180
|switch|p2a: Alomomola|Alomomola, M|100/100 par
|-damage|p2a: Alomomola|88/100 par|[from] Stealth Rock
|turn|20
|
|t:|1776082185
|move|p1a: Gholdengo|Nasty Plot|p1a: Gholdengo
|-boost|p1a: Gholdengo|spa|2
|cant|p2a: Alomomola|par
|
|upkeep
|turn|21
|
|t:|1776082192
|move|p1a: Gholdengo|Shadow Ball|p2a: Alomomola
|-damage|p2a: Alomomola|3/100 par
|move|p2a: Alomomola|Flip Turn|p1a: Gholdengo
|-end|p1a: Gholdengo|Substitute
|
|t:|1776082206
|switch|p2a: Noctowl|Noctowl, F, tera:Ground|82/100|[from] Flip Turn
|
|upkeep
|turn|22
|
|t:|1776082214
|move|p1a: Gholdengo|Substitute|p1a: Gholdengo
|-start|p1a: Gholdengo|Substitute
|-damage|p1a: Gholdengo|26/100
|move|p2a: Noctowl|Tera Blast|p1a: Gholdengo|[anim] Tera Blast Ground
|-supereffective|p1a: Gholdengo
|-end|p1a: Gholdengo|Substitute
|
|upkeep
|turn|23
|
|t:|1776082225
|move|p1a: Gholdengo|Make It Rain|p2a: Noctowl
|-damage|p2a: Noctowl|0 fnt
|-unboost|p1a: Gholdengo|spa|1
|faint|p2a: Noctowl
|
|upkeep
|
|t:|1776082230
|switch|p2a: Meowscarada|Meowscarada, M|100/100
|-damage|p2a: Meowscarada|88/100|[from] Stealth Rock
|turn|24
|
|t:|1776082239
|switch|p1a: Landorus|Landorus-Therian, M|80/100
|-ability|p1a: Landorus|Intimidate|boost
|-unboost|p2a: Meowscarada|atk|1
|move|p2a: Meowscarada|Flower Trick|p1a: Landorus
|-start|p2a: Meowscarada|typechange|Grass|[from] ability: Protean
|-crit|p1a: Landorus
|-damage|p1a: Landorus|28/100
|
|upkeep
|turn|25
|
|t:|1776082260
|move|p2a: Meowscarada|Flower Trick|p1a: Landorus
|-crit|p1a: Landorus
|-damage|p1a: Landorus|0 fnt
|faint|p1a: Landorus
|
|upkeep
|inactive|Randomstuf13 has 120 seconds left.
|
|t:|1776082282
|switch|p1a: Darkrai|Darkrai|100/100
|turn|26
|inactive|Randomstuf13 has 120 seconds left.
|
|t:|1776082287
|switch|p2a: Luxray|Luxray, M|93/100 brn
|-damage|p2a: Luxray|81/100 brn|[from] Stealth Rock
|-terastallize|p1a: Darkrai|Poison
|move|p1a: Darkrai|Sludge Bomb|p2a: Luxray
|-damage|p2a: Luxray|12/100 brn
|
|-damage|p2a: Luxray|6/100 brn|[from] brn
|upkeep
|turn|27
|inactive|Randomstuf13 has 120 seconds left.
|
|t:|1776082302
|move|p1a: Darkrai|Dark Pulse|p2a: Luxray
|-damage|p2a: Luxray|0 fnt
|faint|p2a: Luxray
|
|upkeep
|
|t:|1776082308
|switch|p2a: Meowscarada|Meowscarada, M|88/100
|-damage|p2a: Meowscarada|76/100|[from] Stealth Rock
|turn|28
|
|t:|1776082314
|move|p1a: Darkrai|Sludge Bomb|p2a: Meowscarada
|-supereffective|p2a: Meowscarada
|-damage|p2a: Meowscarada|0 fnt
|faint|p2a: Meowscarada
|
|upkeep
|-message|KING丶3266926956今余 forfeited.
|
|win|Randomstuf13
|raw|Randomstuf13's rating: 1231 &rarr; <strong>1256</strong><br />(+25 for winning)
|raw|KING丶3266926956今余's rating: 1231 &rarr; <strong>1206</strong><br />(-25 for losing)
|l|☆KING丶3266926956今余
|player|p2|
|l|☆Randomstuf13
|player|p1|
