|html|<div class="broadcast-blue"><strong>[Gen 9] OU is currently suspecting Tera Blast! For information on how to participate check out the <a href="https://www.smogon.com/tools/suspects/view/200">suspect thread</a>.</strong></div>
|j|☆dasdadawdasdad
|j|☆mojo5778
|t:|1776054255
|gametype|singles
|player|p1|dasdadawdasdad|preschooler|1202
|player|p2|mojo5778|169|1182
|gen|9
|tier|[Gen 9] OU
|rated|
|rule|HP Percentage Mod: HP is shown in percentages
|rule|Endless Battle Clause: Forcing endless battles is banned
|rule|Species Clause: Limit one of each Pokémon
|rule|OHKO Clause: OHKO moves are banned
|rule|Evasion Items Clause: Evasion items are banned
|rule|Evasion Moves Clause: Evasion moves are banned
|rule|Evasion Abilities Clause: Evasion abilities are banned
|rule|Sleep Moves Clause: Sleep-inducing moves are banned
|clearpoke
|poke|p1|Heatran, M|
|poke|p1|Alomomola, F|
|poke|p1|Gliscor, F|
|poke|p1|Corviknight, F|
|poke|p1|Garganacl, M|
|poke|p1|Clodsire, F|
|poke|p2|Primarina, M|
|poke|p2|Hydreigon, M|
|poke|p2|Incineroar, M|
|poke|p2|Sinistcha|
|poke|p2|Flygon, F|
|poke|p2|Corviknight, F|
|teampreview
|
|t:|1776054272
|teamsize|p1|6
|teamsize|p2|6
|start
|switch|p1a: Garganacl|Garganacl, M|100/100
|switch|p2a: Flygon|Flygon, F, shiny|100/100
|turn|1
|
|t:|1776054281
|move|p2a: Flygon|Stealth Rock|p1a: Garganacl
|-sidestart|p1: dasdadawdasdad|move: Stealth Rock
|move|p1a: Garganacl|Stealth Rock|p2a: Flygon
|-sidestart|p2: mojo5778|move: Stealth Rock
|
|upkeep
|turn|2
|
|t:|1776054285
|move|p2a: Flygon|Earthquake|p1a: Garganacl
|-supereffective|p1a: Garganacl
|-damage|p1a: Garganacl|58/100
|move|p1a: Garganacl|Salt Cure|p2a: Flygon
|-resisted|p2a: Flygon
|-damage|p2a: Flygon|94/100
|-start|p2a: Flygon|Salt Cure
|
|-damage|p2a: Flygon|81/100|[from] Salt Cure
|upkeep
|turn|3
|
|t:|1776054299
|move|p1a: Garganacl|Protect|p1a: Garganacl
|-singleturn|p1a: Garganacl|Protect
|move|p2a: Flygon|Earthquake|p1a: Garganacl
|-activate|p1a: Garganacl|move: Protect
|
|-damage|p2a: Flygon|69/100|[from] Salt Cure
|upkeep
|turn|4
|
|t:|1776054312
|-terastallize|p1a: Garganacl|Flying
|move|p2a: Flygon|Earthquake|p1a: Garganacl
|-immune|p1a: Garganacl
|move|p1a: Garganacl|Recover|p1a: Garganacl
|-heal|p1a: Garganacl|100/100
|
|-damage|p2a: Flygon|57/100|[from] Salt Cure
|upkeep
|turn|5
|
|t:|1776054334
|switch|p2a: Primarina|Primarina, M|100/100
|-damage|p2a: Primarina|88/100|[from] Stealth Rock
|move|p1a: Garganacl|Salt Cure|p2a: Primarina
|-damage|p2a: Primarina|71/100
|-start|p2a: Primarina|Salt Cure
|
|-damage|p2a: Primarina|46/100|[from] Salt Cure
|upkeep
|turn|6
|
|t:|1776054352
|move|p1a: Garganacl|Protect|p1a: Garganacl
|-singleturn|p1a: Garganacl|Protect
|move|p2a: Primarina|Ice Beam|p1a: Garganacl
|-activate|p1a: Garganacl|move: Protect
|
|-damage|p2a: Primarina|21/100|[from] Salt Cure
|upkeep
|turn|7
|
|t:|1776054363
|switch|p1a: Heatran|Heatran, M|100/100
|-damage|p1a: Heatran|88/100|[from] Stealth Rock
|move|p2a: Primarina|Ice Beam|p1a: Heatran
|-resisted|p1a: Heatran
|-damage|p1a: Heatran|84/100
|
|-heal|p1a: Heatran|90/100|[from] item: Leftovers
|-damage|p2a: Primarina|0 fnt|[from] Salt Cure
|faint|p2a: Primarina
|upkeep
|
|t:|1776054390
|switch|p2a: Flygon|Flygon, F, shiny|57/100
|turn|8
|
|t:|1776054411
|move|p1a: Heatran|Protect|p1a: Heatran
|-singleturn|p1a: Heatran|Protect
|move|p2a: Flygon|Earthquake|p1a: Heatran
|-activate|p1a: Heatran|move: Protect
|
|-heal|p1a: Heatran|96/100|[from] item: Leftovers
|upkeep
|turn|9
|
|t:|1776054419
|switch|p1a: Corviknight|Corviknight, F|100/100
|-damage|p1a: Corviknight|88/100|[from] Stealth Rock
|-ability|p1a: Corviknight|Pressure
|move|p2a: Flygon|Tailwind|p2a: Flygon
|-sidestart|p2: mojo5778|move: Tailwind
|
|upkeep
|turn|10
|
|t:|1776054435
|switch|p2a: Incineroar|Incineroar, M|100/100
|-damage|p2a: Incineroar|76/100|[from] Stealth Rock
|-ability|p2a: Incineroar|Intimidate|boost
|-unboost|p1a: Corviknight|atk|1
|move|p1a: Corviknight|Iron Defense|p1a: Corviknight
|-boost|p1a: Corviknight|def|2
|
|upkeep
|turn|11
|
|t:|1776054454
|move|p2a: Incineroar|Flare Blitz|p1a: Corviknight
|-supereffective|p1a: Corviknight
|-damage|p1a: Corviknight|58/100
|-damage|p2a: Incineroar|59/100|[from] item: Rocky Helmet|[of] p1a: Corviknight
|-damage|p2a: Incineroar|49/100|[from] Recoil
|move|p1a: Corviknight|Iron Defense|p1a: Corviknight
|-boost|p1a: Corviknight|def|2
|
|upkeep
|turn|12
|
|t:|1776054462
|move|p2a: Incineroar|Knock Off|p1a: Corviknight
|-damage|p1a: Corviknight|51/100
|-damage|p2a: Incineroar|32/100|[from] item: Rocky Helmet|[of] p1a: Corviknight
|-enditem|p1a: Corviknight|Rocky Helmet|[from] move: Knock Off|[of] p2a: Incineroar
|move|p1a: Corviknight|Roost|p1a: Corviknight
|-heal|p1a: Corviknight|100/100
|-singleturn|p1a: Corviknight|move: Roost
|
|-sideend|p2: mojo5778|move: Tailwind
|upkeep
|turn|13
|
|t:|1776054484
|move|p1a: Corviknight|Body Press|p2a: Incineroar
|-supereffective|p2a: Incineroar
|-damage|p2a: Incineroar|0 fnt
|faint|p2a: Incineroar
|
|upkeep
|
|t:|1776054487
|switch|p2a: Sinistcha|Sinistcha, shiny|100/100
|-damage|p2a: Sinistcha|88/100|[from] Stealth Rock
|turn|14
|
|t:|1776054499
|move|p2a: Sinistcha|Strength Sap|p1a: Corviknight
|-unboost|p1a: Corviknight|atk|1
|-heal|p2a: Sinistcha|100/100
|move|p1a: Corviknight|Defog|p2a: Sinistcha
|-unboost|p2a: Sinistcha|evasion|1
|-sideend|p2: mojo5778|Stealth Rock|[from] move: Defog|[of] p1a: Corviknight
|-sideend|p1: dasdadawdasdad|Stealth Rock|[from] move: Defog|[of] p1a: Corviknight
|
|upkeep
|turn|15
|
|t:|1776054512
|switch|p1a: Heatran|Heatran, M|96/100
|move|p2a: Sinistcha|Matcha Gotcha|p1a: Heatran
|-resisted|p1a: Heatran
|-damage|p1a: Heatran|91/100
|
|-heal|p1a: Heatran|97/100|[from] item: Leftovers
|upkeep
|turn|16
|
|t:|1776054537
|switch|p2a: Flygon|Flygon, F, shiny|57/100
|move|p1a: Heatran|Taunt|p2a: Flygon
|-start|p2a: Flygon|move: Taunt
|
|-heal|p1a: Heatran|100/100|[from] item: Leftovers
|upkeep
|turn|17
|
|t:|1776054549
|switch|p1a: Garganacl|Garganacl, M, tera:Flying|100/100
|move|p2a: Flygon|U-turn|p1a: Garganacl
|-resisted|p1a: Garganacl
|-damage|p1a: Garganacl|96/100
|
|t:|1776054562
|switch|p2a: Sinistcha|Sinistcha, shiny|100/100|[from] U-turn
|
|upkeep
|turn|18
|
|t:|1776054572
|move|p2a: Sinistcha|Strength Sap|p1a: Garganacl
|-unboost|p1a: Garganacl|atk|1
|move|p1a: Garganacl|Salt Cure|p2a: Sinistcha
|-damage|p2a: Sinistcha|91/100
|-start|p2a: Sinistcha|Salt Cure
|
|-damage|p2a: Sinistcha|79/100|[from] Salt Cure
|upkeep
|turn|19
|
|t:|1776054579
|move|p2a: Sinistcha|Strength Sap|p1a: Garganacl
|-unboost|p1a: Garganacl|atk|1
|-heal|p2a: Sinistcha|100/100
|move|p1a: Garganacl|Stealth Rock|p2a: Sinistcha
|-sidestart|p2: mojo5778|move: Stealth Rock
|
|-damage|p2a: Sinistcha|88/100|[from] Salt Cure
|upkeep
|turn|20
|
|t:|1776054594
|switch|p1a: Heatran|Heatran, M|100/100
|move|p2a: Sinistcha|Calm Mind|p2a: Sinistcha
|-boost|p2a: Sinistcha|spa|1
|-boost|p2a: Sinistcha|spd|1
|
|-damage|p2a: Sinistcha|76/100|[from] Salt Cure
|upkeep
|turn|21
|
|t:|1776054628
|move|p2a: Sinistcha|Strength Sap|p1a: Heatran
|-unboost|p1a: Heatran|atk|1
|-heal|p2a: Sinistcha|100/100
|move|p1a: Heatran|Magma Storm|p2a: Sinistcha
|-supereffective|p2a: Sinistcha
|-damage|p2a: Sinistcha|32/100
|-activate|p2a: Sinistcha|move: Magma Storm|[of] p1a: Heatran
|
|-damage|p2a: Sinistcha|20/100|[from] Salt Cure
|-damage|p2a: Sinistcha|7/100|[from] move: Magma Storm|[partiallytrapped]
|upkeep
|turn|22
|
|t:|1776054643
|switch|p2a: Flygon|Flygon, F, shiny|57/100
|move|p1a: Heatran|Taunt|p2a: Flygon
|-start|p2a: Flygon|move: Taunt
|
|upkeep
|turn|23
|
|t:|1776054651
|switch|p1a: Garganacl|Garganacl, M, tera:Flying|96/100
|move|p2a: Flygon|Earthquake|p1a: Garganacl
|-immune|p1a: Garganacl
|
|upkeep
|turn|24
|
|t:|1776054657
|move|p2a: Flygon|U-turn|p1a: Garganacl
|-resisted|p1a: Garganacl
|-damage|p1a: Garganacl|92/100
|
|t:|1776054673
|switch|p2a: Corviknight|Corviknight, F, shiny|100/100|[from] U-turn
|-damage|p2a: Corviknight|88/100|[from] Stealth Rock
|move|p1a: Garganacl|Salt Cure|p2a: Corviknight
|-damage|p2a: Corviknight|79/100
|-start|p2a: Corviknight|Salt Cure
|
|-damage|p2a: Corviknight|54/100|[from] Salt Cure
|upkeep
|turn|25
|
|t:|1776054689
|move|p2a: Corviknight|Defog|p1a: Garganacl
|-unboost|p1a: Garganacl|evasion|1
|-sideend|p2: mojo5778|Stealth Rock|[from] move: Defog|[of] p2a: Corviknight
|move|p1a: Garganacl|Stealth Rock|p2a: Corviknight
|-sidestart|p2: mojo5778|move: Stealth Rock
|
|-damage|p2a: Corviknight|29/100|[from] Salt Cure
|upkeep
|turn|26
|
|t:|1776054714
|move|p2a: Corviknight|Brave Bird|p1a: Garganacl
|-damage|p1a: Garganacl|70/100
|-damage|p2a: Corviknight|22/100|[from] Recoil
|move|p1a: Garganacl|Stealth Rock||[still]
|-fail|p1a: Garganacl
|
|-damage|p2a: Corviknight|0 fnt|[from] Salt Cure
|faint|p2a: Corviknight
|upkeep
|
|t:|1776054720
|switch|p2a: Sinistcha|Sinistcha, shiny|7/100
|-damage|p2a: Sinistcha|0 fnt|[from] Stealth Rock
|faint|p2a: Sinistcha
|-message|mojo5778 forfeited.
|
|win|dasdadawdasdad
|raw|dasdadawdasdad's rating: 1202 &rarr; <strong>1226</strong><br />(+24 for winning)
|raw|mojo5778's rating: 1182 &rarr; <strong>1158</strong><br />(-24 for losing)
|l|☆mojo5778
|player|p2|
