|html|<div class="broadcast-blue"><strong>[Gen 9] OU is currently suspecting Tera Blast! For information on how to participate check out the <a href="https://www.smogon.com/tools/suspects/view/200">suspect thread</a>.</strong></div>
|j|☆SirPaglia
|j|☆Greefie
|t:|1776116991
|gametype|singles
|player|p1|SirPaglia|steven|1358
|player|p2|Greefie|265|1355
|gen|9
|tier|[Gen 9] OU
|rated|
|rule|HP Percentage Mod: HP is shown in percentages
|rule|Endless Battle Clause: Forcing endless battles is banned
|rule|Species Clause: Limit one of each Pokémon
|rule|OHKO Clause: OHKO moves are banned
|rule|Evasion Items Clause: Evasion items are banned
|rule|Evasion Moves Clause: Evasion moves are banned
|rule|Evasion Abilities Clause: Evasion abilities are banned
|rule|Sleep Moves Clause: Sleep-inducing moves are banned
|clearpoke
|poke|p1|Grimmsnarl, M|
|poke|p1|Iron Treads|
|poke|p1|Raging Bolt|
|poke|p1|Deoxys-Speed|
|poke|p1|Ogerpon-Wellspring, F|
|poke|p1|Ceruledge, M|
|poke|p2|Samurott-Hisui, M|
|poke|p2|Arcanine, M|
|poke|p2|Noivern, F|
|poke|p2|Tyranitar, M|
|poke|p2|Scizor, F|
|poke|p2|Reuniclus, M|
|teampreview
|
|t:|1776117009
|teamsize|p1|6
|teamsize|p2|6
|start
|switch|p1a: Grimmsnarl|Grimmsnarl, M, shiny|100/100
|switch|p2a: Treya|Scizor, F|100/100
|turn|1
|
|t:|1776117028
|switch|p2a: B.O.B.|Reuniclus, M, shiny|100/100
|-terastallize|p1a: Grimmsnarl|Ghost
|move|p1a: Grimmsnarl|Taunt|p2a: B.O.B.
|-start|p2a: B.O.B.|move: Taunt
|
|upkeep
|turn|2
|
|t:|1776117043
|-terastallize|p2a: B.O.B.|Ground
|move|p1a: Grimmsnarl|Reflect|p1a: Grimmsnarl
|-sidestart|p1: SirPaglia|Reflect
|move|p2a: B.O.B.|Tera Blast|p1a: Grimmsnarl|[anim] Tera Blast Ground
|-damage|p1a: Grimmsnarl|55/100
|
|upkeep
|turn|3
|
|t:|1776117060
|move|p1a: Grimmsnarl|Light Screen|p1a: Grimmsnarl
|-sidestart|p1: SirPaglia|move: Light Screen
|move|p2a: B.O.B.|Tera Blast|p1a: Grimmsnarl|[anim] Tera Blast Ground
|-damage|p1a: Grimmsnarl|33/100
|
|-end|p2a: B.O.B.|move: Taunt
|upkeep
|turn|4
|
|t:|1776117073
|switch|p1a: Ogerpon|Ogerpon-Wellspring, F|100/100
|move|p2a: B.O.B.|Tera Blast|p1a: Ogerpon|[anim] Tera Blast Ground
|-resisted|p1a: Ogerpon
|-damage|p1a: Ogerpon|91/100
|
|upkeep
|turn|5
|
|t:|1776117084
|switch|p2a: Khanis|Arcanine, M|100/100
|-ability|p2a: Khanis|Intimidate|boost
|-unboost|p1a: Ogerpon|atk|1
|move|p1a: Ogerpon|Swords Dance|p1a: Ogerpon
|-boost|p1a: Ogerpon|atk|2
|
|upkeep
|turn|6
|
|t:|1776117091
|switch|p2a: Nyx|Noivern, F|100/100
|-item|p1a: Ogerpon|Wellspring Mask|[from] ability: Frisk|[of] p2a: Nyx
|move|p1a: Ogerpon|Ivy Cudgel|p2a: Nyx|[anim] Ivy Cudgel Water
|-resisted|p2a: Nyx
|-damage|p2a: Nyx|47/100
|
|upkeep
|turn|7
|
|t:|1776117099
|move|p2a: Nyx|U-turn|p1a: Ogerpon
|-supereffective|p1a: Ogerpon
|-damage|p1a: Ogerpon|78/100
|
|t:|1776117101
|switch|p2a: Khanis|Arcanine, M|100/100|[from] U-turn
|-ability|p2a: Khanis|Intimidate|boost
|-unboost|p1a: Ogerpon|atk|1
|move|p1a: Ogerpon|Ivy Cudgel|p2a: Khanis|[anim] Ivy Cudgel Water
|-supereffective|p2a: Khanis
|-damage|p2a: Khanis|0 fnt
|faint|p2a: Khanis
|
|upkeep
|
|t:|1776117109
|switch|p2a: Nyx|Noivern, F|47/100
|-item|p1a: Ogerpon|Wellspring Mask|[from] ability: Frisk|[of] p2a: Nyx
|turn|8
|
|t:|1776117112
|move|p2a: Nyx|Draco Meteor|p1a: Ogerpon
|-damage|p1a: Ogerpon|52/100
|-unboost|p2a: Nyx|spa|2
|move|p1a: Ogerpon|Play Rough|p2a: Nyx
|-supereffective|p2a: Nyx
|-damage|p2a: Nyx|0 fnt
|faint|p2a: Nyx
|
|upkeep
|-message|Greefie forfeited.
|
|win|SirPaglia
|raw|SirPaglia's rating: 1358 &rarr; <strong>1378</strong><br />(+20 for winning)
|raw|Greefie's rating: 1355 &rarr; <strong>1335</strong><br />(-20 for losing)
|l|☆Greefie
|player|p2|
|l|☆SirPaglia
|player|p1|
