|html|<div class="broadcast-blue"><strong>[Gen 9] OU is currently suspecting Tera Blast! For information on how to participate check out the <a href="https://www.smogon.com/tools/suspects/view/200">suspect thread</a>.</strong></div>
|j|☆DoingReqsIgTB
|j|☆Blackbelt59
|t:|1776101862
|gametype|singles
|player|p1|DoingReqsIgTB|nate|1348
|player|p2|Blackbelt59|palmer|1299
|gen|9
|tier|[Gen 9] OU
|rated|
|rule|HP Percentage Mod: HP is shown in percentages
|rule|Endless Battle Clause: Forcing endless battles is banned
|rule|Species Clause: Limit one of each Pokémon
|rule|OHKO Clause: OHKO moves are banned
|rule|Evasion Items Clause: Evasion items are banned
|rule|Evasion Moves Clause: Evasion moves are banned
|rule|Evasion Abilities Clause: Evasion abilities are banned
|rule|Sleep Moves Clause: Sleep-inducing moves are banned
|clearpoke
|poke|p1|Zapdos-Galar|
|poke|p1|Blissey, F|
|poke|p1|Pecharunt|
|poke|p1|Skarmory, F|
|poke|p1|Darkrai|
|poke|p1|Gliscor, M|
|poke|p2|Gholdengo|
|poke|p2|Raging Bolt|
|poke|p2|Pelipper, F|
|poke|p2|Dragonite, M|
|poke|p2|Slowking-Galar, F|
|poke|p2|Great Tusk|
|teampreview
|inactive|Battle timer is ON: inactive players will automatically lose when time's up. (requested by DoingReqsIgTB)
|inactive|Blackbelt59 has 120 seconds left.
|
|t:|1776101908
|teamsize|p1|6
|teamsize|p2|6
|start
|switch|p1a: Blissey|Blissey, F|100/100
|switch|p2a: Avon|Pelipper, F|100/100
|-weather|RainDance|[from] ability: Drizzle|[of] p2a: Avon
|turn|1
|
|t:|1776101918
|move|p2a: Avon|U-turn|p1a: Blissey
|-damage|p1a: Blissey|91/100
|
|t:|1776101925
|switch|p2a: Snuffleupagus|Great Tusk|100/100|[from] U-turn
|move|p1a: Blissey|Stealth Rock|p2a: Snuffleupagus
|-sidestart|p2: Blackbelt59|move: Stealth Rock
|
|-weather|RainDance|[upkeep]
|upkeep
|turn|2
|
|t:|1776101935
|switch|p1a: Pecharunt|Pecharunt|100/100
|-item|p1a: Pecharunt|Air Balloon
|move|p2a: Snuffleupagus|Rapid Spin|p1a: Pecharunt
|-immune|p1a: Pecharunt
|
|-weather|RainDance|[upkeep]
|upkeep
|turn|3
|
|t:|1776101942
|-end|p2a: Snuffleupagus|Protosynthesis|[silent]
|switch|p2a: Onion Rings|Slowking-Galar, F|100/100
|-damage|p2a: Onion Rings|88/100|[from] Stealth Rock
|move|p1a: Pecharunt|Shadow Ball|p2a: Onion Rings
|-supereffective|p2a: Onion Rings
|-damage|p2a: Onion Rings|59/100
|
|-weather|RainDance|[upkeep]
|-heal|p2a: Onion Rings|65/100|[from] item: Black Sludge
|upkeep
|turn|4
|
|t:|1776101957
|move|p2a: Onion Rings|Protect|p2a: Onion Rings
|-singleturn|p2a: Onion Rings|Protect
|move|p1a: Pecharunt|Parting Shot|p2a: Onion Rings
|-activate|p2a: Onion Rings|move: Protect
|
|-weather|RainDance|[upkeep]
|-heal|p2a: Onion Rings|71/100|[from] item: Black Sludge
|upkeep
|turn|5
|
|t:|1776101967
|switch|p1a: Darkrai|Darkrai|100/100
|move|p2a: Onion Rings|Ice Beam|p1a: Darkrai
|-damage|p1a: Darkrai|68/100
|-status|p1a: Darkrai|frz
|
|-weather|none
|-heal|p2a: Onion Rings|77/100|[from] item: Black Sludge
|upkeep
|turn|6
|
|t:|1776101979
|switch|p2a: Snuffleupagus|Great Tusk|100/100
|-damage|p2a: Snuffleupagus|98/100|[from] Stealth Rock
|cant|p1a: Darkrai|frz
|
|upkeep
|turn|7
|
|t:|1776101988
|switch|p1a: Skarmory|Skarmory, F|100/100
|move|p2a: Snuffleupagus|Rapid Spin|p1a: Skarmory
|-resisted|p1a: Skarmory
|-damage|p1a: Skarmory|95/100
|-boost|p2a: Snuffleupagus|spe|1
|-damage|p2a: Snuffleupagus|81/100|[from] item: Rocky Helmet|[of] p1a: Skarmory
|-sideend|p2: Blackbelt59|Stealth Rock|[from] move: Rapid Spin|[of] p2a: Snuffleupagus
|
|upkeep
|turn|8
|
|t:|1776101999
|move|p2a: Snuffleupagus|Protect|p2a: Snuffleupagus
|-singleturn|p2a: Snuffleupagus|Protect
|move|p1a: Skarmory|Spikes|p2a: Snuffleupagus
|-sidestart|p2: Blackbelt59|Spikes
|
|upkeep
|turn|9
|
|t:|1776102006
|switch|p1a: Pecharunt|Pecharunt|100/100
|-item|p1a: Pecharunt|Air Balloon
|move|p2a: Snuffleupagus|Close Combat|p1a: Pecharunt
|-immune|p1a: Pecharunt
|
|upkeep
|turn|10
|
|t:|1776102012
|-end|p2a: Snuffleupagus|Protosynthesis|[silent]
|switch|p2a: Onion Rings|Slowking-Galar, F|100/100
|-damage|p2a: Onion Rings|88/100|[from] Spikes
|move|p1a: Pecharunt|Shadow Ball|p2a: Onion Rings
|-supereffective|p2a: Onion Rings
|-damage|p2a: Onion Rings|59/100
|
|-heal|p2a: Onion Rings|65/100|[from] item: Black Sludge
|upkeep
|turn|11
|
|t:|1776102025
|switch|p1a: Darkrai|Darkrai|68/100 frz
|move|p2a: Onion Rings|Psychic|p1a: Darkrai
|-immune|p1a: Darkrai
|
|-heal|p2a: Onion Rings|71/100|[from] item: Black Sludge
|upkeep
|turn|12
|
|t:|1776102034
|cant|p1a: Darkrai|frz
|move|p2a: Onion Rings|Ice Beam|p1a: Darkrai
|-damage|p1a: Darkrai|37/100 frz
|
|-heal|p2a: Onion Rings|77/100|[from] item: Black Sludge
|upkeep
|turn|13
|
|t:|1776102042
|cant|p1a: Darkrai|frz
|move|p2a: Onion Rings|Toxic Spikes|p1a: Darkrai
|-sidestart|p1: DoingReqsIgTB|move: Toxic Spikes
|
|-heal|p2a: Onion Rings|83/100|[from] item: Black Sludge
|upkeep
|turn|14
|
|t:|1776102053
|switch|p2a: Draft Kings|Dragonite, M|100/100
|cant|p1a: Darkrai|frz
|
|upkeep
|turn|15
|
|t:|1776102060
|switch|p1a: Skarmory|Skarmory, F|95/100
|move|p2a: Draft Kings|Dragon Dance|p2a: Draft Kings
|-boost|p2a: Draft Kings|atk|1
|-boost|p2a: Draft Kings|spe|1
|
|upkeep
|turn|16
|
|t:|1776102077
|switch|p2a: Snuffleupagus|Great Tusk|81/100
|-damage|p2a: Snuffleupagus|69/100|[from] Spikes
|move|p1a: Skarmory|Whirlwind|p2a: Snuffleupagus
|-end|p2a: Snuffleupagus|Protosynthesis|[silent]
|drag|p2a: All In|Gholdengo|100/100
|-damage|p2a: All In|88/100|[from] Spikes
|
|upkeep
|turn|17
|
|t:|1776102090
|switch|p1a: Blissey|Blissey, F|91/100
|move|p2a: All In|Shadow Ball|p1a: Blissey
|-immune|p1a: Blissey
|
|upkeep
|turn|18
|
|t:|1776102098
|switch|p2a: Snuffleupagus|Great Tusk|69/100
|-damage|p2a: Snuffleupagus|56/100|[from] Spikes
|move|p1a: Blissey|Stealth Rock|p2a: Snuffleupagus
|-sidestart|p2: Blackbelt59|move: Stealth Rock
|
|upkeep
|turn|19
|
|t:|1776102108
|-end|p2a: Snuffleupagus|Protosynthesis|[silent]
|switch|p2a: Onion Rings|Slowking-Galar, F|100/100
|-damage|p2a: Onion Rings|88/100|[from] Spikes
|-damage|p2a: Onion Rings|76/100|[from] Stealth Rock
|switch|p1a: Pecharunt|Pecharunt|100/100
|-item|p1a: Pecharunt|Air Balloon
|
|-heal|p2a: Onion Rings|82/100|[from] item: Black Sludge
|upkeep
|turn|20
|
|t:|1776102125
|switch|p1a: Blissey|Blissey, F|91/100
|move|p2a: Onion Rings|Ice Beam|p1a: Blissey
|-damage|p1a: Blissey|85/100
|
|-heal|p2a: Onion Rings|88/100|[from] item: Black Sludge
|upkeep
|turn|21
|
|t:|1776102142
|switch|p2a: Draft Kings|Dragonite, M|100/100
|move|p1a: Blissey|Thunder Wave|p2a: Draft Kings
|-status|p2a: Draft Kings|par
|
|upkeep
|turn|22
|inactive|Blackbelt59 has 120 seconds left.
|
|t:|1776102162
|switch|p1a: Gliscor|Gliscor, M|100/100
|move|p2a: Draft Kings|Dragon Dance|p2a: Draft Kings
|-boost|p2a: Draft Kings|atk|1
|-boost|p2a: Draft Kings|spe|1
|
|-status|p1a: Gliscor|tox|[from] item: Toxic Orb
|upkeep
|turn|23
|
|t:|1776102172
|move|p1a: Gliscor|Knock Off|p2a: Draft Kings
|-damage|p2a: Draft Kings|89/100 par
|-enditem|p2a: Draft Kings|Heavy-Duty Boots|[from] move: Knock Off|[of] p1a: Gliscor
|cant|p2a: Draft Kings|par
|
|upkeep
|turn|24
|
|t:|1776102181
|switch|p1a: Skarmory|Skarmory, F|95/100
|move|p2a: Draft Kings|Dragon Claw|p1a: Skarmory
|-resisted|p1a: Skarmory
|-damage|p1a: Skarmory|75/100
|-damage|p2a: Draft Kings|73/100 par|[from] item: Rocky Helmet|[of] p1a: Skarmory
|
|upkeep
|turn|25
|
|t:|1776102187
|move|p2a: Draft Kings|Iron Head|p1a: Skarmory
|-resisted|p1a: Skarmory
|-damage|p1a: Skarmory|60/100
|-damage|p2a: Draft Kings|57/100 par|[from] item: Rocky Helmet|[of] p1a: Skarmory
|cant|p1a: Skarmory|flinch
|
|upkeep
|turn|26
|
|t:|1776102194
|move|p1a: Skarmory|Roost|p1a: Skarmory
|-heal|p1a: Skarmory|100/100
|-singleturn|p1a: Skarmory|move: Roost
|move|p2a: Draft Kings|Iron Head|p1a: Skarmory
|-resisted|p1a: Skarmory
|-damage|p1a: Skarmory|86/100
|-damage|p2a: Draft Kings|40/100 par|[from] item: Rocky Helmet|[of] p1a: Skarmory
|
|upkeep
|turn|27
|
|t:|1776102205
|move|p1a: Skarmory|Spikes|p2a: Draft Kings
|-sidestart|p2: Blackbelt59|Spikes
|move|p2a: Draft Kings|Iron Head|p1a: Skarmory
|-resisted|p1a: Skarmory
|-damage|p1a: Skarmory|72/100
|-damage|p2a: Draft Kings|24/100 par|[from] item: Rocky Helmet|[of] p1a: Skarmory
|
|upkeep
|turn|28
|
|t:|1776102213
|move|p1a: Skarmory|Spikes|p2a: Draft Kings
|-sidestart|p2: Blackbelt59|Spikes
|move|p2a: Draft Kings|Iron Head|p1a: Skarmory
|-resisted|p1a: Skarmory
|-damage|p1a: Skarmory|57/100
|-damage|p2a: Draft Kings|7/100 par|[from] item: Rocky Helmet|[of] p1a: Skarmory
|
|upkeep
|turn|29
|
|t:|1776102218
|move|p1a: Skarmory|Roost|p1a: Skarmory
|-heal|p1a: Skarmory|100/100
|-singleturn|p1a: Skarmory|move: Roost
|move|p2a: Draft Kings|Dragon Claw|p1a: Skarmory
|-resisted|p1a: Skarmory
|-damage|p1a: Skarmory|79/100
|-damage|p2a: Draft Kings|0 fnt|[from] item: Rocky Helmet|[of] p1a: Skarmory
|faint|p2a: Draft Kings
|
|upkeep
|
|t:|1776102225
|switch|p2a: Snuffleupagus|Great Tusk|56/100
|-damage|p2a: Snuffleupagus|31/100|[from] Spikes
|-damage|p2a: Snuffleupagus|29/100|[from] Stealth Rock
|turn|30
|
|t:|1776102238
|-end|p2a: Snuffleupagus|Protosynthesis|[silent]
|switch|p2a: All In|Gholdengo|88/100
|-damage|p2a: All In|63/100|[from] Spikes
|-damage|p2a: All In|57/100|[from] Stealth Rock
|switch|p1a: Pecharunt|Pecharunt|100/100
|-item|p1a: Pecharunt|Air Balloon
|
|upkeep
|turn|31
|
|t:|1776102254
|switch|p1a: Blissey|Blissey, F|85/100
|move|p2a: All In|Nasty Plot|p2a: All In
|-boost|p2a: All In|spa|2
|
|upkeep
|turn|32
|
|t:|1776102271
|switch|p1a: Skarmory|Skarmory, F|79/100
|move|p2a: All In|Make It Rain|p1a: Skarmory
|-resisted|p1a: Skarmory
|-damage|p1a: Skarmory|0 fnt
|-unboost|p2a: All In|spa|1
|faint|p1a: Skarmory
|
|upkeep
|
|t:|1776102278
|switch|p1a: Gliscor|Gliscor, M|100/100 tox
|turn|33
|
|t:|1776102287
|move|p2a: All In|Make It Rain|p1a: Gliscor
|-damage|p1a: Gliscor|15/100 tox
|-unboost|p2a: All In|spa|1
|move|p1a: Gliscor|Knock Off|p2a: All In
|-supereffective|p2a: All In
|-damage|p2a: All In|8/100
|-enditem|p2a: All In|Focus Sash|[from] move: Knock Off|[of] p1a: Gliscor
|
|-heal|p1a: Gliscor|28/100 tox|[from] ability: Poison Heal
|upkeep
|turn|34
|
|t:|1776102306
|move|p1a: Gliscor|Protect|p1a: Gliscor
|-singleturn|p1a: Gliscor|Protect
|move|p2a: All In|Shadow Ball|p1a: Gliscor
|-activate|p1a: Gliscor|move: Protect
|
|-heal|p1a: Gliscor|40/100 tox|[from] ability: Poison Heal
|upkeep
|turn|35
|
|t:|1776102312
|switch|p1a: Darkrai|Darkrai|37/100 frz
|move|p2a: All In|Make It Rain|p1a: Darkrai
|-damage|p1a: Darkrai|0 fnt
|-unboost|p2a: All In|spa|1
|faint|p1a: Darkrai
|
|upkeep
|
|t:|1776102316
|switch|p1a: Pecharunt|Pecharunt|100/100
|-item|p1a: Pecharunt|Air Balloon
|turn|36
|
|t:|1776102323
|move|p1a: Pecharunt|Shadow Ball|p2a: All In
|-supereffective|p2a: All In
|-damage|p2a: All In|0 fnt
|faint|p2a: All In
|
|upkeep
|
|t:|1776102327
|switch|p2a: Avon|Pelipper, F|100/100
|-damage|p2a: Avon|76/100|[from] Stealth Rock
|-weather|RainDance|[from] ability: Drizzle|[of] p2a: Avon
|turn|37
|
|t:|1776102338
|move|p1a: Pecharunt|Parting Shot|p2a: Avon
|-unboost|p2a: Avon|atk|1
|-unboost|p2a: Avon|spa|1
|
|t:|1776102342
|switch|p1a: Blissey|Blissey, F|85/100|[from] Parting Shot
|move|p2a: Avon|Hurricane|p1a: Blissey
|-damage|p1a: Blissey|78/100
|
|-weather|RainDance|[upkeep]
|-heal|p2a: Avon|82/100|[from] item: Leftovers
|upkeep
|turn|38
|
|t:|1776102355
|move|p2a: Avon|Hurricane|p1a: Blissey
|-damage|p1a: Blissey|71/100
|move|p1a: Blissey|Thunder Wave|p2a: Avon
|-status|p2a: Avon|par
|
|-weather|RainDance|[upkeep]
|-heal|p2a: Avon|88/100 par|[from] item: Leftovers
|upkeep
|turn|39
|
|t:|1776102363
|move|p1a: Blissey|Seismic Toss|p2a: Avon
|-damage|p2a: Avon|57/100 par
|cant|p2a: Avon|par
|
|-weather|RainDance|[upkeep]
|-heal|p2a: Avon|63/100 par|[from] item: Leftovers
|upkeep
|turn|40
|
|t:|1776102370
|move|p2a: Avon|Protect|p2a: Avon
|-singleturn|p2a: Avon|Protect
|move|p1a: Blissey|Seismic Toss|p2a: Avon
|-activate|p2a: Avon|move: Protect
|
|-weather|RainDance|[upkeep]
|-heal|p2a: Avon|70/100 par|[from] item: Leftovers
|upkeep
|turn|41
|
|t:|1776102377
|move|p1a: Blissey|Seismic Toss|p2a: Avon
|-damage|p2a: Avon|39/100 par
|move|p2a: Avon|U-turn|p1a: Blissey
|-crit|p1a: Blissey
|-damage|p1a: Blissey|58/100
|
|t:|1776102385
|switch|p2a: Snuffleupagus|Great Tusk|29/100|[from] U-turn
|-damage|p2a: Snuffleupagus|4/100|[from] Spikes
|-damage|p2a: Snuffleupagus|1/100|[from] Stealth Rock
|
|-weather|none
|upkeep
|turn|42
|
|t:|1776102395
|switch|p1a: Pecharunt|Pecharunt|100/100
|-item|p1a: Pecharunt|Air Balloon
|move|p2a: Snuffleupagus|Rapid Spin|p1a: Pecharunt
|-immune|p1a: Pecharunt
|
|upkeep
|turn|43
|
|t:|1776102400
|move|p2a: Snuffleupagus|Protect|p2a: Snuffleupagus
|-singleturn|p2a: Snuffleupagus|Protect
|move|p1a: Pecharunt|Shadow Ball|p2a: Snuffleupagus
|-activate|p2a: Snuffleupagus|move: Protect
|
|upkeep
|turn|44
|
|t:|1776102404
|move|p1a: Pecharunt|Shadow Ball|p2a: Snuffleupagus
|-damage|p2a: Snuffleupagus|0 fnt
|faint|p2a: Snuffleupagus
|-end|p2a: Snuffleupagus|Protosynthesis|[silent]
|
|upkeep
|
|t:|1776102419
|switch|p2a: Onion Rings|Slowking-Galar, F|100/100
|-damage|p2a: Onion Rings|76/100|[from] Spikes
|-damage|p2a: Onion Rings|63/100|[from] Stealth Rock
|turn|45
|
|t:|1776102431
|-terastallize|p2a: Onion Rings|Poison
|move|p1a: Pecharunt|Parting Shot|p2a: Onion Rings
|-unboost|p2a: Onion Rings|atk|1
|-unboost|p2a: Onion Rings|spa|1
|
|t:|1776102440
|switch|p1a: Blissey|Blissey, F|58/100|[from] Parting Shot
|move|p2a: Onion Rings|Psychic|p1a: Blissey
|-damage|p1a: Blissey|51/100
|
|-heal|p2a: Onion Rings|69/100|[from] item: Black Sludge
|upkeep
|turn|46
|
|t:|1776102455
|move|p2a: Onion Rings|Protect|p2a: Onion Rings
|-singleturn|p2a: Onion Rings|Protect
|move|p1a: Blissey|Soft-Boiled|p1a: Blissey
|-heal|p1a: Blissey|100/100
|
|-heal|p2a: Onion Rings|75/100|[from] item: Black Sludge
|upkeep
|turn|47
|c|☆Blackbelt59|this is so annoying
|
|t:|1776102467
|move|p1a: Blissey|Thunder Wave|p2a: Onion Rings
|-status|p2a: Onion Rings|par
|move|p2a: Onion Rings|Psychic|p1a: Blissey
|-damage|p1a: Blissey|94/100
|
|-heal|p2a: Onion Rings|81/100 par|[from] item: Black Sludge
|upkeep
|turn|48
|
|t:|1776102474
|switch|p1a: Gliscor|Gliscor, M|40/100 tox
|switch|p2a: Avon|Pelipper, F|39/100 par
|-damage|p2a: Avon|14/100 par|[from] Stealth Rock
|-weather|RainDance|[from] ability: Drizzle|[of] p2a: Avon
|
|-weather|RainDance|[upkeep]
|-heal|p2a: Avon|20/100 par|[from] item: Leftovers
|-heal|p1a: Gliscor|53/100 tox|[from] ability: Poison Heal
|upkeep
|turn|49
|
|t:|1776102487
|move|p1a: Gliscor|Facade|p2a: Avon
|-damage|p2a: Avon|0 fnt
|faint|p2a: Avon
|
|-weather|RainDance|[upkeep]
|-heal|p1a: Gliscor|65/100 tox|[from] ability: Poison Heal
|upkeep
|
|t:|1776102490
|switch|p2a: Ed|Raging Bolt|100/100
|-damage|p2a: Ed|76/100|[from] Spikes
|-damage|p2a: Ed|63/100|[from] Stealth Rock
|-enditem|p2a: Ed|Booster Energy
|-activate|p2a: Ed|ability: Protosynthesis|[fromitem]
|-start|p2a: Ed|protosynthesisspa
|turn|50
|
|t:|1776102500
|switch|p1a: Blissey|Blissey, F|94/100
|move|p2a: Ed|Weather Ball|p1a: Blissey
|-damage|p1a: Blissey|69/100
|
|-weather|RainDance|[upkeep]
|upkeep
|turn|51
|
|t:|1776102507
|move|p2a: Ed|Thunder|p1a: Blissey
|-damage|p1a: Blissey|41/100
|move|p1a: Blissey|Seismic Toss|p2a: Ed
|-damage|p2a: Ed|41/100
|
|-weather|RainDance|[upkeep]
|upkeep
|turn|52
|
|t:|1776102516
|move|p2a: Ed|Thunder|p1a: Blissey
|-damage|p1a: Blissey|17/100
|move|p1a: Blissey|Soft-Boiled|p1a: Blissey
|-heal|p1a: Blissey|67/100
|
|-weather|none
|upkeep
|turn|53
|c|☆Blackbelt59|you win
|c|☆Blackbelt59|I do not care
|-message|Blackbelt59 forfeited.
|
|win|DoingReqsIgTB
|raw|DoingReqsIgTB's rating: 1348 &rarr; <strong>1365</strong><br />(+17 for winning)
|raw|Blackbelt59's rating: 1299 &rarr; <strong>1278</strong><br />(-21 for losing)
|c|☆DoingReqsIgTB|this is 1300s bro
|c|☆DoingReqsIgTB|who gaf
|c|☆Blackbelt59|play with some actual strat "bro"
|l|☆Blackbelt59
|player|p2|
|c|☆DoingReqsIgTB|build a better team
