|html|<div class="broadcast-blue"><strong>[Gen 9] OU is currently suspecting Tera Blast! For information on how to participate check out the <a href="https://www.smogon.com/tools/suspects/view/200">suspect thread</a>.</strong></div>
|j|☆Swaglord03
|j|☆MainePines
|t:|1776049440
|gametype|singles
|player|p1|Swaglord03|2|1449
|player|p2|MainePines|wallace|1402
|gen|9
|tier|[Gen 9] OU
|rated|
|rule|HP Percentage Mod: HP is shown in percentages
|rule|Endless Battle Clause: Forcing endless battles is banned
|rule|Species Clause: Limit one of each Pokémon
|rule|OHKO Clause: OHKO moves are banned
|rule|Evasion Items Clause: Evasion items are banned
|rule|Evasion Moves Clause: Evasion moves are banned
|rule|Evasion Abilities Clause: Evasion abilities are banned
|rule|Sleep Moves Clause: Sleep-inducing moves are banned
|clearpoke
|poke|p1|Ribombee, M|
|poke|p1|Crawdaunt, M|
|poke|p1|Cyclizar, F|
|poke|p1|Gholdengo|
|poke|p1|Great Tusk|
|poke|p1|Alomomola, M|
|poke|p2|Ninetales-Alola, F|
|poke|p2|Manaphy|
|poke|p2|Kyurem|
|poke|p2|Darkrai|
|poke|p2|Iron Moth|
|poke|p2|Great Tusk|
|teampreview
|inactive|Battle timer is ON: inactive players will automatically lose when time's up. (requested by Swaglord03)
|inactive|Swaglord03 has 120 seconds left.
|
|t:|1776049496
|teamsize|p1|6
|teamsize|p2|6
|start
|switch|p1a: Cyclizar|Cyclizar, F|100/100
|switch|p2a: Ninetales|Ninetales-Alola, F|100/100
|-weather|Snowscape|[from] ability: Snow Warning|[of] p2a: Ninetales
|turn|1
|
|t:|1776049510
|move|p1a: Cyclizar|Taunt|p2a: Ninetales
|-start|p2a: Ninetales|move: Taunt
|cant|p2a: Ninetales|move: Taunt|Aurora Veil
|
|-weather|Snowscape|[upkeep]
|upkeep
|turn|2
|
|t:|1776049516
|move|p1a: Cyclizar|U-turn|p2a: Ninetales
|-resisted|p2a: Ninetales
|-damage|p2a: Ninetales|95/100
|
|t:|1776049521
|switch|p1a: Alomomola|Alomomola, M|100/100|[from] U-turn
|move|p2a: Ninetales|Moonblast|p1a: Alomomola
|-damage|p1a: Alomomola|68/100
|-unboost|p1a: Alomomola|spa|1
|
|-weather|Snowscape|[upkeep]
|upkeep
|turn|3
|
|t:|1776049533
|move|p2a: Ninetales|Freeze-Dry|p1a: Alomomola
|-supereffective|p1a: Alomomola
|-damage|p1a: Alomomola|15/100
|move|p1a: Alomomola|Mirror Coat|p2a: Ninetales
|-damage|p2a: Ninetales|0 fnt
|faint|p2a: Ninetales
|
|-weather|Snowscape|[upkeep]
|upkeep
|
|t:|1776049541
|switch|p2a: Kyurem|Kyurem|100/100
|-ability|p2a: Kyurem|Pressure
|turn|4
|
|t:|1776049569
|switch|p1a: Cyclizar|Cyclizar, F|100/100
|move|p2a: Kyurem|Dragon Dance|p2a: Kyurem
|-boost|p2a: Kyurem|atk|1
|-boost|p2a: Kyurem|spe|1
|
|-weather|Snowscape|[upkeep]
|upkeep
|turn|5
|
|t:|1776049585
|move|p2a: Kyurem|Scale Shot|p1a: Cyclizar
|-supereffective|p1a: Cyclizar
|-damage|p1a: Cyclizar|44/100
|-supereffective|p1a: Cyclizar
|-damage|p1a: Cyclizar|0 fnt
|faint|p1a: Cyclizar
|-hitcount|p1: Cyclizar|2
|-unboost|p2a: Kyurem|def|1
|-boost|p2a: Kyurem|spe|1
|
|-weather|none
|upkeep
|
|t:|1776049588
|switch|p1a: Gholdengo|Gholdengo|100/100
|-item|p1a: Gholdengo|Air Balloon
|turn|6
|
|t:|1776049604
|-terastallize|p2a: Kyurem|Fire
|move|p2a: Kyurem|Tera Blast|p1a: Gholdengo|[anim] Tera Blast Fire
|-supereffective|p1a: Gholdengo
|-damage|p1a: Gholdengo|0 fnt
|-enditem|p1a: Gholdengo|Air Balloon
|faint|p1a: Gholdengo
|
|upkeep
|
|t:|1776049612
|switch|p1a: Crawdaunt|Crawdaunt, M|100/100
|turn|7
|
|t:|1776049620
|move|p2a: Kyurem|Scale Shot|p1a: Crawdaunt
|-damage|p1a: Crawdaunt|76/100
|-damage|p1a: Crawdaunt|54/100
|-damage|p1a: Crawdaunt|29/100
|-damage|p1a: Crawdaunt|4/100
|-damage|p1a: Crawdaunt|0 fnt
|faint|p1a: Crawdaunt
|-hitcount|p1: Crawdaunt|5
|-unboost|p2a: Kyurem|def|1
|-boost|p2a: Kyurem|spe|1
|
|upkeep
|-message|Swaglord03 forfeited.
|
|win|MainePines
|raw|Swaglord03's rating: 1449 &rarr; <strong>1426</strong><br />(-23 for losing)
|raw|MainePines's rating: 1402 &rarr; <strong>1425</strong><br />(+23 for winning)
|l|☆Swaglord03
|player|p1|
|l|☆MainePines
|player|p2|
