|html|<div class="broadcast-blue"><strong>[Gen 9] OU is currently suspecting Tera Blast! For information on how to participate check out the <a href="https://www.smogon.com/tools/suspects/view/200">suspect thread</a>.</strong></div>
|j|☆FreeBob
|j|☆NiZZaYe
|t:|1776032849
|gametype|singles
|player|p1|FreeBob|hiker-gen4|1494
|player|p2|NiZZaYe|266|1545
|gen|9
|tier|[Gen 9] OU
|rated|
|rule|HP Percentage Mod: HP is shown in percentages
|rule|Endless Battle Clause: Forcing endless battles is banned
|rule|Species Clause: Limit one of each Pokémon
|rule|OHKO Clause: OHKO moves are banned
|rule|Evasion Items Clause: Evasion items are banned
|rule|Evasion Moves Clause: Evasion moves are banned
|rule|Evasion Abilities Clause: Evasion abilities are banned
|rule|Sleep Moves Clause: Sleep-inducing moves are banned
|clearpoke
|poke|p1|Garchomp, F|
|poke|p1|Slither Wing|
|poke|p1|Slowking-Galar, M|
|poke|p1|Ogerpon-Wellspring, F|
|poke|p1|Moltres|
|poke|p1|Gholdengo|
|poke|p2|Hatterene, F|
|poke|p2|Pelipper, F|
|poke|p2|Hariyama, M|
|poke|p2|Cresselia, F|
|poke|p2|Ursaluna, F|
|poke|p2|Porygon2|
|teampreview
|inactive|Battle timer is ON: inactive players will automatically lose when time's up. (requested by FreeBob)
|j| ohko_smeargle
|
|t:|1776032873
|teamsize|p1|6
|teamsize|p2|6
|start
|switch|p1a: Garchomp|Garchomp, F|100/100
|switch|p2a: Sydney Sipme|Hatterene, F|100/100
|turn|1
|
|t:|1776032882
|switch|p1a: Gholdengo|Gholdengo|100/100
|move|p2a: Sydney Sipme|Trick Room|p2a: Sydney Sipme
|-fieldstart|move: Trick Room|[of] p2a: Sydney Sipme
|
|upkeep
|turn|2
|
|t:|1776032907
|switch|p2a: Late Hibernation|Ursaluna, F|100/100
|move|p1a: Gholdengo|Make It Rain|p2a: Late Hibernation
|-damage|p2a: Late Hibernation|46/100
|-unboost|p1a: Gholdengo|spa|1
|
|-status|p2a: Late Hibernation|brn|[from] item: Flame Orb
|upkeep
|turn|3
|
|t:|1776032920
|switch|p1a: Moltres|Moltres|100/100
|move|p2a: Late Hibernation|Facade|p1a: Moltres
|-damage|p1a: Moltres|18/100
|
|-damage|p2a: Late Hibernation|40/100 brn|[from] brn
|upkeep
|turn|4
|
|t:|1776032926
|move|p2a: Late Hibernation|Headlong Rush|p1a: Moltres
|-immune|p1a: Moltres
|move|p1a: Moltres|Flamethrower|p2a: Late Hibernation
|-damage|p2a: Late Hibernation|6/100 brn
|
|-damage|p2a: Late Hibernation|0 fnt|[from] brn
|faint|p2a: Late Hibernation
|upkeep
|
|t:|1776032940
|switch|p2a: JD Dance|Pelipper, F|100/100
|-weather|RainDance|[from] ability: Drizzle|[of] p2a: JD Dance
|turn|5
|
|t:|1776032943
|switch|p1a: Slowking|Slowking-Galar, M|100/100
|move|p2a: JD Dance|Hurricane|p1a: Slowking
|-damage|p1a: Slowking|55/100
|-start|p1a: Slowking|confusion
|
|-weather|RainDance|[upkeep]
|-fieldend|move: Trick Room
|upkeep
|turn|6
|
|t:|1776032946
|move|p2a: JD Dance|Hurricane|p1a: Slowking
|-crit|p1a: Slowking
|-damage|p1a: Slowking|0 fnt
|faint|p1a: Slowking
|
|-weather|RainDance|[upkeep]
|upkeep
|inactive|FreeBob has 120 seconds left.
|
|t:|1776032978
|switch|p1a: Gholdengo|Gholdengo|100/100
|turn|7
|inactive|FreeBob has 120 seconds left.
|
|t:|1776033005
|switch|p2a: Duck Duck Goobs|Porygon2|100/100
|-ability|p2a: Duck Duck Goobs|Download|boost
|-boost|p2a: Duck Duck Goobs|spa|1
|move|p1a: Gholdengo|Shadow Ball|p2a: Duck Duck Goobs
|-immune|p2a: Duck Duck Goobs
|
|-weather|RainDance|[upkeep]
|upkeep
|turn|8
|
|t:|1776033014
|switch|p1a: Moltres|Moltres|18/100
|move|p2a: Duck Duck Goobs|Trick Room|p2a: Duck Duck Goobs
|-fieldstart|move: Trick Room|[of] p2a: Duck Duck Goobs
|
|-weather|RainDance|[upkeep]
|upkeep
|turn|9
|
|t:|1776033018
|move|p2a: Duck Duck Goobs|Thunder|p1a: Moltres
|-supereffective|p1a: Moltres
|-damage|p1a: Moltres|0 fnt
|faint|p1a: Moltres
|
|-weather|none
|upkeep
|inactive|FreeBob has 120 seconds left.
|
|t:|1776033039
|switch|p1a: Gholdengo|Gholdengo|100/100
|turn|10
|
|t:|1776033044
|move|p2a: Duck Duck Goobs|Thunder|p1a: Gholdengo
|-damage|p1a: Gholdengo|41/100
|move|p1a: Gholdengo|Trick|p2a: Duck Duck Goobs
|-activate|p1a: Gholdengo|move: Trick|[of] p2a: Duck Duck Goobs
|-item|p2a: Duck Duck Goobs|Choice Scarf|[from] move: Trick
|-item|p1a: Gholdengo|Eviolite|[from] move: Trick
|
|upkeep
|turn|11
|
|t:|1776033052
|move|p2a: Duck Duck Goobs|Thunder|p1a: Gholdengo
|-damage|p1a: Gholdengo|0 fnt
|faint|p1a: Gholdengo
|
|upkeep
|
|t:|1776033055
|switch|p1a: Slither Wing|Slither Wing|100/100
|turn|12
|
|t:|1776033058
|move|p2a: Duck Duck Goobs|Thunder|p1a: Slither Wing|[miss]
|-miss|p2a: Duck Duck Goobs|p1a: Slither Wing
|move|p1a: Slither Wing|Close Combat|p2a: Duck Duck Goobs
|-supereffective|p2a: Duck Duck Goobs
|-damage|p2a: Duck Duck Goobs|0 fnt
|-unboost|p1a: Slither Wing|def|1
|-unboost|p1a: Slither Wing|spd|1
|faint|p2a: Duck Duck Goobs
|
|-fieldend|move: Trick Room
|upkeep
|
|t:|1776033071
|switch|p2a: Better Call Stall|Cresselia, F|100/100
|turn|13
|
|t:|1776033080
|move|p1a: Slither Wing|U-turn|p2a: Better Call Stall
|-supereffective|p2a: Better Call Stall
|-damage|p2a: Better Call Stall|57/100
|
|t:|1776033083
|-end|p1a: Slither Wing|Protosynthesis|[silent]
|switch|p1a: Ogerpon|Ogerpon-Wellspring, F|100/100|[from] U-turn
|move|p2a: Better Call Stall|Trick Room|p2a: Better Call Stall
|-fieldstart|move: Trick Room|[of] p2a: Better Call Stall
|
|upkeep
|turn|14
|
|t:|1776033088
|move|p2a: Better Call Stall|Moonblast|p1a: Ogerpon
|-damage|p1a: Ogerpon|81/100
|-unboost|p1a: Ogerpon|spa|1
|move|p1a: Ogerpon|Encore|p2a: Better Call Stall
|-start|p2a: Better Call Stall|Encore
|-enditem|p2a: Better Call Stall|Mental Herb
|-end|p2a: Better Call Stall|Encore
|
|upkeep
|turn|15
|
|t:|1776033100
|move|p2a: Better Call Stall|Lunar Dance|p2a: Better Call Stall
|faint|p2a: Better Call Stall
|move|p1a: Ogerpon|Swords Dance|p1a: Ogerpon
|-boost|p1a: Ogerpon|atk|2
|
|upkeep
|
|t:|1776033104
|switch|p2a: JD Dance|Pelipper, F|100/100
|-heal|p2a: JD Dance|100/100|[from] move: Lunar Dance
|-weather|RainDance|[from] ability: Drizzle|[of] p2a: JD Dance
|turn|16
|
|t:|1776033108
|-terastallize|p1a: Ogerpon|Water
|detailschange|p1a: Ogerpon|Ogerpon-Wellspring-Tera, F, tera:Water
|-ability|p1a: Ogerpon|Embody Aspect (Wellspring)|boost
|-boost|p1a: Ogerpon|spd|1
|move|p2a: JD Dance|Hurricane|p1a: Ogerpon
|-damage|p1a: Ogerpon|23/100
|move|p1a: Ogerpon|Horn Leech|p2a: JD Dance
|-damage|p2a: JD Dance|3/100
|-heal|p1a: Ogerpon|75/100|[from] drain|[of] p2a: JD Dance
|
|-weather|RainDance|[upkeep]
|upkeep
|turn|17
|
|t:|1776033120
|move|p2a: JD Dance|Hurricane|p1a: Ogerpon
|-damage|p1a: Ogerpon|18/100
|-start|p1a: Ogerpon|confusion
|-activate|p1a: Ogerpon|confusion
|-damage|p1a: Ogerpon|0 fnt|[from] confusion
|faint|p1a: Ogerpon
|detailschange|p1: Ogerpon|Ogerpon-Wellspring, F|[silent]
|
|-weather|RainDance|[upkeep]
|-fieldend|move: Trick Room
|upkeep
|
|t:|1776033130
|switch|p1a: Slither Wing|Slither Wing|100/100
|turn|18
|
|t:|1776033133
|move|p1a: Slither Wing|First Impression|p2a: JD Dance
|-resisted|p2a: JD Dance
|-damage|p2a: JD Dance|0 fnt
|faint|p2a: JD Dance
|
|-weather|RainDance|[upkeep]
|upkeep
|
|t:|1776033139
|switch|p2a: Lindsay Throwhandz|Hariyama, M|100/100
|turn|19
|
|t:|1776033145
|move|p1a: Slither Wing|Close Combat|p2a: Lindsay Throwhandz
|-damage|p2a: Lindsay Throwhandz|33/100
|-unboost|p1a: Slither Wing|def|1
|-unboost|p1a: Slither Wing|spd|1
|-enditem|p2a: Lindsay Throwhandz|Sitrus Berry|[eat]
|-heal|p2a: Lindsay Throwhandz|57/100|[from] item: Sitrus Berry
|move|p2a: Lindsay Throwhandz|Belly Drum|p2a: Lindsay Throwhandz
|-damage|p2a: Lindsay Throwhandz|7/100
|-setboost|p2a: Lindsay Throwhandz|atk|6|[from] move: Belly Drum
|
|-weather|RainDance|[upkeep]
|upkeep
|turn|20
|inactive|FreeBob has 120 seconds left.
|
|t:|1776033184
|-end|p1a: Slither Wing|Protosynthesis|[silent]
|switch|p1a: Garchomp|Garchomp, F|100/100
|move|p2a: Lindsay Throwhandz|Bullet Punch|p1a: Garchomp
|-damage|p1a: Garchomp|41/100
|-damage|p2a: Lindsay Throwhandz|0 fnt|[from] ability: Rough Skin|[of] p1a: Garchomp
|faint|p2a: Lindsay Throwhandz
|
|-weather|none
|upkeep
|
|t:|1776033187
|switch|p2a: Sydney Sipme|Hatterene, F|100/100
|turn|21
|
|t:|1776033190
|move|p1a: Garchomp|Earthquake|p2a: Sydney Sipme
|-damage|p2a: Sydney Sipme|35/100
|-damage|p1a: Garchomp|32/100|[from] item: Life Orb
|move|p2a: Sydney Sipme|Trick Room|p2a: Sydney Sipme
|-fieldstart|move: Trick Room|[of] p2a: Sydney Sipme
|
|upkeep
|turn|22
|
|t:|1776033195
|move|p2a: Sydney Sipme|Dazzling Gleam|p1a: Garchomp
|-supereffective|p1a: Garchomp
|-damage|p1a: Garchomp|0 fnt
|faint|p1a: Garchomp
|
|upkeep
|
|t:|1776033197
|switch|p1a: Slither Wing|Slither Wing|100/100
|turn|23
|
|t:|1776033213
|-terastallize|p2a: Sydney Sipme|Steel
|move|p1a: Slither Wing|First Impression|p2a: Sydney Sipme
|-resisted|p2a: Sydney Sipme
|-damage|p2a: Sydney Sipme|5/100
|move|p2a: Sydney Sipme|Dazzling Gleam|p1a: Slither Wing
|-supereffective|p1a: Slither Wing
|-damage|p1a: Slither Wing|12/100
|
|upkeep
|turn|24
|
|t:|1776033220
|move|p2a: Sydney Sipme|Dazzling Gleam|p1a: Slither Wing
|-supereffective|p1a: Slither Wing
|-damage|p1a: Slither Wing|0 fnt
|faint|p1a: Slither Wing
|-end|p1a: Slither Wing|Protosynthesis|[silent]
|
|win|NiZZaYe
|raw|FreeBob's rating: 1494 &rarr; <strong>1477</strong><br />(-17 for losing)
|raw|NiZZaYe's rating: 1545 &rarr; <strong>1562</strong><br />(+17 for winning)
|l|☆NiZZaYe
|player|p2|
|l| ohko_smeargle
|l|☆FreeBob
|player|p1|
