|html|<div class="broadcast-blue"><strong>[Gen 9] OU is currently suspecting Tera Blast! For information on how to participate check out the <a href="https://www.smogon.com/tools/suspects/view/200">suspect thread</a>.</strong></div>
|j|☆glos lad
|j|☆ridleyfr
|t:|1776106444
|gametype|singles
|player|p1|glos lad|169|1634
|player|p2|ridleyfr|dawn|1589
|gen|9
|tier|[Gen 9] OU
|rated|
|rule|HP Percentage Mod: HP is shown in percentages
|rule|Endless Battle Clause: Forcing endless battles is banned
|rule|Species Clause: Limit one of each Pokémon
|rule|OHKO Clause: OHKO moves are banned
|rule|Evasion Items Clause: Evasion items are banned
|rule|Evasion Moves Clause: Evasion moves are banned
|rule|Evasion Abilities Clause: Evasion abilities are banned
|rule|Sleep Moves Clause: Sleep-inducing moves are banned
|clearpoke
|poke|p1|Iron Moth|
|poke|p1|Gliscor, F|
|poke|p1|Hatterene, F|
|poke|p1|Ogerpon-Wellspring, F|
|poke|p1|Raging Bolt|
|poke|p1|Zamazenta-*|
|poke|p2|Gliscor, F|
|poke|p2|Heatran, M|
|poke|p2|Sinistcha|
|poke|p2|Corviknight, F|
|poke|p2|Tentacruel, M|
|poke|p2|Darkrai|
|teampreview
|inactive|Battle timer is ON: inactive players will automatically lose when time's up. (requested by ridleyfr)
|inactive|glos lad has 120 seconds left.
|inactive|glos lad has 90 seconds left.
|inactive|glos lad has 60 seconds left.
|inactive|glos lad has 30 seconds left.
|inactive|glos lad has 20 seconds left.
|inactive|glos lad has 15 seconds left.
|
|t:|1776106583
|teamsize|p1|6
|teamsize|p2|6
|start
|switch|p1a: Ogerpon|Ogerpon-Wellspring, F|100/100
|switch|p2a: MEGA KNIGHT|Corviknight, F|100/100
|-ability|p2a: MEGA KNIGHT|Pressure
|turn|1
|
|t:|1776106598
|switch|p1a: Raging Bolt|Raging Bolt|100/100
|-enditem|p1a: Raging Bolt|Booster Energy
|-activate|p1a: Raging Bolt|ability: Protosynthesis|[fromitem]
|-start|p1a: Raging Bolt|protosynthesisspa
|move|p2a: MEGA KNIGHT|U-turn|p1a: Raging Bolt
|-damage|p1a: Raging Bolt|88/100
|
|t:|1776106605
|switch|p2a: Hephaepstein|Heatran, M|100/100|[from] U-turn
|
|upkeep
|turn|2
|inactive|glos lad has 60 seconds left.
|
|t:|1776106664
|move|p1a: Raging Bolt|Calm Mind|p1a: Raging Bolt
|-boost|p1a: Raging Bolt|spa|1
|-boost|p1a: Raging Bolt|spd|1
|move|p2a: Hephaepstein|Earth Power|p1a: Raging Bolt
|-supereffective|p1a: Raging Bolt
|-damage|p1a: Raging Bolt|57/100
|
|upkeep
|turn|3
|inactive|glos lad has 30 seconds left.
|
|t:|1776106682
|move|p1a: Raging Bolt|Thunderbolt|p2a: Hephaepstein
|-damage|p2a: Hephaepstein|35/100
|move|p2a: Hephaepstein|Magma Storm|p1a: Raging Bolt
|-resisted|p1a: Raging Bolt
|-damage|p1a: Raging Bolt|43/100
|-activate|p1a: Raging Bolt|move: Magma Storm|[of] p2a: Hephaepstein
|
|-heal|p2a: Hephaepstein|41/100|[from] item: Leftovers
|-damage|p1a: Raging Bolt|30/100|[from] move: Magma Storm|[partiallytrapped]
|upkeep
|turn|4
|
|t:|1776106691
|move|p1a: Raging Bolt|Thunderbolt|p2a: Hephaepstein
|-damage|p2a: Hephaepstein|0 fnt
|faint|p2a: Hephaepstein
|
|-end|p1a: Raging Bolt|Magma Storm|[partiallytrapped]|[silent]
|upkeep
|c|☆glos lad|this team you have
|c|☆glos lad|tried it
|c|☆glos lad|what do you reckon?
|inactive|ridleyfr has 120 seconds left.
|c|☆ridleyfr|pretty good though it does really struggle with raging bolt and iron valiant from my experiec
|inactive|ridleyfr has 90 seconds left.
|
|t:|1776106756
|switch|p2a: Gliskibidi|Gliscor, F|100/100
|turn|5
|c|☆glos lad|i found it SOOO slow
|
|t:|1776106766
|move|p2a: Gliskibidi|Earthquake|p1a: Raging Bolt
|-supereffective|p1a: Raging Bolt
|-damage|p1a: Raging Bolt|0 fnt
|faint|p1a: Raging Bolt
|-end|p1a: Raging Bolt|Protosynthesis|[silent]
|
|-status|p2a: Gliskibidi|tox|[from] item: Toxic Orb
|upkeep
|c|☆ridleyfr|idk i quite like it
|inactive|glos lad has 30 seconds left.
|c|☆ridleyfr|Not stall but not too offensive
|inactive|glos lad has 20 seconds left.
|
|t:|1776106800
|switch|p1a: Zamazenta|Zamazenta|100/100
|-ability|p1a: Zamazenta|Dauntless Shield|boost
|-boost|p1a: Zamazenta|def|1
|turn|6
|inactive|glos lad has 30 seconds left this turn.
|
|t:|1776106808
|switch|p1a: Hatterene|Hatterene, F|100/100
|switch|p2a: Charlie Kirsch|Sinistcha|100/100
|
|upkeep
|turn|7
|inactive|glos lad has 30 seconds left.
|
|t:|1776106822
|switch|p1a: Iron Moth|Iron Moth|100/100
|-enditem|p1a: Iron Moth|Booster Energy
|-activate|p1a: Iron Moth|ability: Quark Drive|[fromitem]
|-start|p1a: Iron Moth|quarkdrivespe
|move|p2a: Charlie Kirsch|Shadow Ball|p1a: Iron Moth
|-damage|p1a: Iron Moth|71/100
|
|upkeep
|turn|8
|inactive|glos lad has 30 seconds left.
|
|t:|1776106834
|switch|p2a: The Squiddler|Tentacruel, M, shiny|100/100
|move|p1a: Iron Moth|Sludge Wave|p2a: The Squiddler
|-resisted|p2a: The Squiddler
|-damage|p2a: The Squiddler|79/100
|
|upkeep
|turn|9
|inactive|glos lad has 30 seconds left.
|
|t:|1776106848
|-end|p1a: Iron Moth|Quark Drive|[silent]
|switch|p1a: Ogerpon|Ogerpon-Wellspring, F|100/100
|move|p2a: The Squiddler|Rapid Spin|p1a: Ogerpon
|-damage|p1a: Ogerpon|91/100
|-boost|p2a: The Squiddler|spe|1
|
|upkeep
|turn|10
|inactive|glos lad has 30 seconds left.
|
|t:|1776106859
|switch|p1a: Iron Moth|Iron Moth|71/100
|move|p2a: The Squiddler|Sludge Bomb|p1a: Iron Moth
|-resisted|p1a: Iron Moth
|-damage|p1a: Iron Moth|55/100
|
|upkeep
|turn|11
|inactive|glos lad has 30 seconds left.
|
|t:|1776106867
|move|p2a: The Squiddler|Surf|p1a: Iron Moth
|-supereffective|p1a: Iron Moth
|-damage|p1a: Iron Moth|0 fnt
|faint|p1a: Iron Moth
|-end|p1a: Iron Moth|Quark Drive|[silent]
|
|upkeep
|inactive|glos lad has 30 seconds left.
|
|t:|1776106879
|switch|p1a: Zamazenta|Zamazenta|100/100
|turn|12
|
|t:|1776106883
|move|p2a: The Squiddler|Knock Off|p1a: Zamazenta
|-resisted|p1a: Zamazenta
|-damage|p1a: Zamazenta|95/100
|-enditem|p1a: Zamazenta|Light Clay|[from] move: Knock Off|[of] p2a: The Squiddler
|move|p1a: Zamazenta|Light Screen|p1a: Zamazenta
|-sidestart|p1: glos lad|move: Light Screen
|
|upkeep
|turn|13
|
|t:|1776106893
|move|p2a: The Squiddler|Sludge Bomb|p1a: Zamazenta
|-damage|p1a: Zamazenta|80/100
|move|p1a: Zamazenta|Reflect|p1a: Zamazenta
|-sidestart|p1: glos lad|Reflect
|
|upkeep
|turn|14
|
|t:|1776106898
|switch|p1a: Gliscor|Gliscor, F|100/100
|move|p2a: The Squiddler|Sludge Bomb|p1a: Gliscor
|-resisted|p1a: Gliscor
|-damage|p1a: Gliscor|90/100
|
|-status|p1a: Gliscor|tox|[from] item: Toxic Orb
|upkeep
|turn|15
|inactive|glos lad has 60 seconds left.
|
|t:|1776106911
|switch|p2a: MEGA KNIGHT|Corviknight, F|100/100
|-ability|p2a: MEGA KNIGHT|Pressure
|-terastallize|p1a: Gliscor|Normal
|move|p1a: Gliscor|Swords Dance|p1a: Gliscor
|-boost|p1a: Gliscor|atk|2
|
|-heal|p1a: Gliscor|100/100 tox|[from] ability: Poison Heal
|upkeep
|turn|16
|
|t:|1776106914
|move|p1a: Gliscor|Swords Dance|p1a: Gliscor
|-boost|p1a: Gliscor|atk|2
|move|p2a: MEGA KNIGHT|Iron Defense|p2a: MEGA KNIGHT
|-boost|p2a: MEGA KNIGHT|def|2
|
|-sideend|p1: glos lad|move: Light Screen
|upkeep
|turn|17
|
|t:|1776106916
|move|p1a: Gliscor|Facade|p2a: MEGA KNIGHT
|-resisted|p2a: MEGA KNIGHT
|-damage|p2a: MEGA KNIGHT|72/100
|-damage|p1a: Gliscor|84/100 tox|[from] item: Rocky Helmet|[of] p2a: MEGA KNIGHT
|move|p2a: MEGA KNIGHT|Iron Defense|p2a: MEGA KNIGHT
|-boost|p2a: MEGA KNIGHT|def|2
|
|-heal|p1a: Gliscor|96/100 tox|[from] ability: Poison Heal
|-sideend|p1: glos lad|Reflect
|upkeep
|turn|18
|
|t:|1776106922
|move|p1a: Gliscor|Swords Dance|p1a: Gliscor
|-boost|p1a: Gliscor|atk|2
|move|p2a: MEGA KNIGHT|Iron Defense|p2a: MEGA KNIGHT
|-boost|p2a: MEGA KNIGHT|def|2
|
|-heal|p1a: Gliscor|100/100 tox|[from] ability: Poison Heal
|upkeep
|turn|19
|
|t:|1776106929
|move|p1a: Gliscor|Agility|p1a: Gliscor
|-boost|p1a: Gliscor|spe|2
|move|p2a: MEGA KNIGHT|Brave Bird|p1a: Gliscor
|-damage|p1a: Gliscor|70/100 tox
|-damage|p2a: MEGA KNIGHT|63/100|[from] Recoil
|
|-heal|p1a: Gliscor|82/100 tox|[from] ability: Poison Heal
|upkeep
|turn|20
|
|t:|1776106941
|move|p1a: Gliscor|Agility|p1a: Gliscor
|-boost|p1a: Gliscor|spe|2
|move|p2a: MEGA KNIGHT|Roost|p2a: MEGA KNIGHT
|-heal|p2a: MEGA KNIGHT|100/100
|-singleturn|p2a: MEGA KNIGHT|move: Roost
|
|-heal|p1a: Gliscor|94/100 tox|[from] ability: Poison Heal
|upkeep
|turn|21
|
|t:|1776106943
|move|p1a: Gliscor|Agility|p1a: Gliscor
|-boost|p1a: Gliscor|spe|2
|move|p2a: MEGA KNIGHT|Brave Bird|p1a: Gliscor
|-damage|p1a: Gliscor|64/100 tox
|-damage|p2a: MEGA KNIGHT|92/100|[from] Recoil
|
|-heal|p1a: Gliscor|76/100 tox|[from] ability: Poison Heal
|upkeep
|turn|22
|
|t:|1776106950
|move|p1a: Gliscor|Facade|p2a: MEGA KNIGHT
|-resisted|p2a: MEGA KNIGHT
|-damage|p2a: MEGA KNIGHT|72/100
|-damage|p1a: Gliscor|59/100 tox|[from] item: Rocky Helmet|[of] p2a: MEGA KNIGHT
|move|p2a: MEGA KNIGHT|Brave Bird|p1a: Gliscor
|-damage|p1a: Gliscor|29/100 tox
|-damage|p2a: MEGA KNIGHT|63/100|[from] Recoil
|
|-heal|p1a: Gliscor|41/100 tox|[from] ability: Poison Heal
|upkeep
|turn|23
|
|t:|1776106958
|move|p1a: Gliscor|Facade|p2a: MEGA KNIGHT
|-resisted|p2a: MEGA KNIGHT
|-damage|p2a: MEGA KNIGHT|44/100
|-damage|p1a: Gliscor|24/100 tox|[from] item: Rocky Helmet|[of] p2a: MEGA KNIGHT
|move|p2a: MEGA KNIGHT|Brave Bird|p1a: Gliscor
|-damage|p1a: Gliscor|0 fnt
|faint|p1a: Gliscor
|-damage|p2a: MEGA KNIGHT|38/100|[from] Recoil
|
|upkeep
|
|t:|1776106967
|switch|p1a: Hatterene|Hatterene, F|100/100
|turn|24
|
|t:|1776106970
|move|p2a: MEGA KNIGHT|U-turn|p1a: Hatterene
|-damage|p1a: Hatterene|88/100
|
|t:|1776106972
|switch|p2a: Gliskibidi|Gliscor, F|100/100 tox|[from] U-turn
|move|p1a: Hatterene|Mystical Fire|p2a: Gliskibidi
|-damage|p2a: Gliskibidi|81/100 tox
|-unboost|p2a: Gliskibidi|spa|1
|
|-heal|p1a: Hatterene|94/100|[from] item: Leftovers
|-heal|p2a: Gliskibidi|93/100 tox|[from] ability: Poison Heal
|upkeep
|turn|25
|
|t:|1776106977
|move|p2a: Gliskibidi|Knock Off|p1a: Hatterene
|-damage|p1a: Hatterene|77/100
|-enditem|p1a: Hatterene|Leftovers|[from] move: Knock Off|[of] p2a: Gliskibidi
|move|p1a: Hatterene|Calm Mind|p1a: Hatterene
|-boost|p1a: Hatterene|spa|1
|-boost|p1a: Hatterene|spd|1
|
|-heal|p2a: Gliskibidi|100/100 tox|[from] ability: Poison Heal
|upkeep
|turn|26
|
|t:|1776106981
|move|p2a: Gliskibidi|Earthquake|p1a: Hatterene
|-damage|p1a: Hatterene|46/100
|move|p1a: Hatterene|Calm Mind|p1a: Hatterene
|-boost|p1a: Hatterene|spa|1
|-boost|p1a: Hatterene|spd|1
|
|upkeep
|turn|27
|
|t:|1776106984
|move|p2a: Gliskibidi|Earthquake|p1a: Hatterene
|-damage|p1a: Hatterene|21/100
|move|p1a: Hatterene|Draining Kiss|p2a: Gliskibidi
|-damage|p2a: Gliskibidi|63/100 tox
|-heal|p1a: Hatterene|52/100|[from] drain|[of] p2a: Gliskibidi
|
|-heal|p2a: Gliskibidi|75/100 tox|[from] ability: Poison Heal
|upkeep
|turn|28
|
|t:|1776106988
|move|p2a: Gliskibidi|Earthquake|p1a: Hatterene
|-damage|p1a: Hatterene|25/100
|move|p1a: Hatterene|Draining Kiss|p2a: Gliskibidi
|-damage|p2a: Gliskibidi|34/100 tox
|-heal|p1a: Hatterene|59/100|[from] drain|[of] p2a: Gliskibidi
|
|-heal|p2a: Gliskibidi|47/100 tox|[from] ability: Poison Heal
|upkeep
|turn|29
|
|t:|1776106992
|switch|p2a: The Squiddler|Tentacruel, M, shiny|79/100
|move|p1a: Hatterene|Draining Kiss|p2a: The Squiddler
|-resisted|p2a: The Squiddler
|-damage|p2a: The Squiddler|58/100
|-damage|p1a: Hatterene|44/100|[from] ability: Liquid Ooze|[of] p2a: The Squiddler
|
|upkeep
|turn|30
|
|t:|1776106998
|move|p2a: The Squiddler|Sludge Bomb|p1a: Hatterene
|-supereffective|p1a: Hatterene
|-damage|p1a: Hatterene|12/100
|-status|p1a: Hatterene|psn
|move|p1a: Hatterene|Stored Power|p2a: The Squiddler
|-supereffective|p2a: The Squiddler
|-damage|p2a: The Squiddler|0 fnt
|faint|p2a: The Squiddler
|
|-damage|p1a: Hatterene|0 fnt|[from] psn
|faint|p1a: Hatterene
|upkeep
|
|t:|1776107005
|switch|p2a: MEGA KNIGHT|Corviknight, F|38/100
|switch|p1a: Zamazenta|Zamazenta|80/100
|-ability|p2a: MEGA KNIGHT|Pressure
|turn|31
|
|t:|1776107007
|move|p1a: Zamazenta|Close Combat|p2a: MEGA KNIGHT
|-damage|p2a: MEGA KNIGHT|6/100
|-unboost|p1a: Zamazenta|def|1
|-unboost|p1a: Zamazenta|spd|1
|-damage|p1a: Zamazenta|64/100|[from] item: Rocky Helmet|[of] p2a: MEGA KNIGHT
|move|p2a: MEGA KNIGHT|Roost|p2a: MEGA KNIGHT
|-heal|p2a: MEGA KNIGHT|56/100
|-singleturn|p2a: MEGA KNIGHT|move: Roost
|
|upkeep
|turn|32
|
|t:|1776107011
|switch|p1a: Ogerpon|Ogerpon-Wellspring, F|91/100
|move|p2a: MEGA KNIGHT|Iron Defense|p2a: MEGA KNIGHT
|-boost|p2a: MEGA KNIGHT|def|2
|
|upkeep
|turn|33
|
|t:|1776107018
|move|p1a: Ogerpon|Encore|p2a: MEGA KNIGHT
|-start|p2a: MEGA KNIGHT|Encore
|move|p2a: MEGA KNIGHT|Iron Defense|p2a: MEGA KNIGHT
|-boost|p2a: MEGA KNIGHT|def|2
|
|upkeep
|turn|34
|
|t:|1776107022
|switch|p2a: Charlie Kirsch|Sinistcha|100/100
|move|p1a: Ogerpon|Swords Dance|p1a: Ogerpon
|-boost|p1a: Ogerpon|atk|2
|
|upkeep
|turn|35
|
|t:|1776107028
|move|p1a: Ogerpon|Ivy Cudgel|p2a: Charlie Kirsch|[anim] Ivy Cudgel Water
|-resisted|p2a: Charlie Kirsch
|-damage|p2a: Charlie Kirsch|53/100
|move|p2a: Charlie Kirsch|Matcha Gotcha|p1a: Ogerpon
|-damage|p1a: Ogerpon|54/100
|-heal|p2a: Charlie Kirsch|69/100|[from] drain|[of] p1a: Ogerpon
|
|upkeep
|turn|36
|
|t:|1776107036
|move|p1a: Ogerpon|Ivy Cudgel|p2a: Charlie Kirsch|[anim] Ivy Cudgel Water
|-resisted|p2a: Charlie Kirsch
|-damage|p2a: Charlie Kirsch|18/100
|move|p2a: Charlie Kirsch|Matcha Gotcha|p1a: Ogerpon
|-damage|p1a: Ogerpon|18/100
|-heal|p2a: Charlie Kirsch|34/100|[from] drain|[of] p1a: Ogerpon
|
|upkeep
|turn|37
|
|t:|1776107041
|move|p1a: Ogerpon|Ivy Cudgel|p2a: Charlie Kirsch|[anim] Ivy Cudgel Water
|-resisted|p2a: Charlie Kirsch
|-damage|p2a: Charlie Kirsch|0 fnt
|faint|p2a: Charlie Kirsch
|
|upkeep
|
|t:|1776107043
|switch|p2a: DreamNotFound|Darkrai|100/100
|turn|38
|
|t:|1776107053
|move|p2a: DreamNotFound|Dark Pulse|p1a: Ogerpon
|-damage|p1a: Ogerpon|0 fnt
|faint|p1a: Ogerpon
|
|upkeep
|
|t:|1776107055
|switch|p1a: Zamazenta|Zamazenta|64/100
|turn|39
|
|t:|1776107060
|switch|p2a: Gliskibidi|Gliscor, F|47/100 tox
|move|p1a: Zamazenta|Close Combat|p2a: Gliskibidi
|-resisted|p2a: Gliskibidi
|-damage|p2a: Gliskibidi|25/100 tox
|-unboost|p1a: Zamazenta|def|1
|-unboost|p1a: Zamazenta|spd|1
|
|-heal|p2a: Gliskibidi|37/100 tox|[from] ability: Poison Heal
|upkeep
|turn|40
|
|t:|1776107064
|move|p1a: Zamazenta|Ice Fang|p2a: Gliskibidi
|-supereffective|p2a: Gliskibidi
|-damage|p2a: Gliskibidi|0 fnt
|faint|p2a: Gliskibidi
|
|upkeep
|
|t:|1776107067
|switch|p2a: MEGA KNIGHT|Corviknight, F|56/100
|-ability|p2a: MEGA KNIGHT|Pressure
|turn|41
|
|t:|1776107070
|move|p1a: Zamazenta|Close Combat|p2a: MEGA KNIGHT
|-damage|p2a: MEGA KNIGHT|27/100
|-unboost|p1a: Zamazenta|def|1
|-unboost|p1a: Zamazenta|spd|1
|-damage|p1a: Zamazenta|47/100|[from] item: Rocky Helmet|[of] p2a: MEGA KNIGHT
|move|p2a: MEGA KNIGHT|Roost|p2a: MEGA KNIGHT
|-heal|p2a: MEGA KNIGHT|77/100
|-singleturn|p2a: MEGA KNIGHT|move: Roost
|
|upkeep
|turn|42
|-message|glos lad forfeited.
|
|win|ridleyfr
|raw|glos lad's rating: 1634 &rarr; <strong>1611</strong><br />(-23 for losing)
|raw|ridleyfr's rating: 1589 &rarr; <strong>1612</strong><br />(+23 for winning)
|l|☆glos lad
|player|p1|
|c|☆ridleyfr|gg
|l|☆ridleyfr
|player|p2|
