|html|<div class="broadcast-blue"><strong>[Gen 9] OU is currently suspecting Tera Blast! For information on how to participate check out the <a href="https://www.smogon.com/tools/suspects/view/200">suspect thread</a>.</strong></div>
|j|☆iblamecigar
|j|‽MegaMHX
|t:|1776101395
|gametype|singles
|player|p1|iblamecigar|gambler|1471
|player|p2|MegaMHX|miku-ground|1424
|gen|9
|tier|[Gen 9] OU
|rated|
|rule|HP Percentage Mod: HP is shown in percentages
|rule|Endless Battle Clause: Forcing endless battles is banned
|rule|Species Clause: Limit one of each Pokémon
|rule|OHKO Clause: OHKO moves are banned
|rule|Evasion Items Clause: Evasion items are banned
|rule|Evasion Moves Clause: Evasion moves are banned
|rule|Evasion Abilities Clause: Evasion abilities are banned
|rule|Sleep Moves Clause: Sleep-inducing moves are banned
|clearpoke
|poke|p1|Deoxys-Speed|
|poke|p1|Kingambit, F|
|poke|p1|Ogerpon-Wellspring, F|
|poke|p1|Zamazenta-*|
|poke|p1|Gholdengo|
|poke|p1|Dragonite, F|
|poke|p2|Keldeo-Resolute|
|poke|p2|Ceruledge, F|
|poke|p2|Electrode-Hisui|
|poke|p2|Hydreigon, F|
|poke|p2|Iron Treads|
|poke|p2|Pecharunt|
|teampreview
|inactive|Battle timer is ON: inactive players will automatically lose when time's up. (requested by iblamecigar)
|
|t:|1776101406
|teamsize|p1|6
|teamsize|p2|6
|start
|switch|p1a: Deoxys|Deoxys-Speed|100/100
|switch|p2a: Electrode|Electrode-Hisui|100/100
|-ability|p1a: Deoxys|Pressure
|turn|1
|
|t:|1776101412
|move|p1a: Deoxys|Stealth Rock|p2a: Electrode
|-sidestart|p2: MegaMHX|move: Stealth Rock
|move|p2a: Electrode|Volt Switch|p1a: Deoxys
|-damage|p1a: Deoxys|45/100
|-damage|p2a: Electrode|91/100|[from] item: Life Orb
|
|t:|1776101421
|switch|p2a: Iron Treads|Iron Treads|100/100|[from] Volt Switch
|-damage|p2a: Iron Treads|97/100|[from] Stealth Rock
|
|upkeep
|turn|2
|
|t:|1776101426
|move|p1a: Deoxys|Focus Blast|p2a: Iron Treads
|-supereffective|p2a: Iron Treads
|-damage|p2a: Iron Treads|51/100
|move|p2a: Iron Treads|Ice Spinner|p1a: Deoxys
|-damage|p1a: Deoxys|15/100
|
|upkeep
|turn|3
|
|t:|1776101432
|move|p1a: Deoxys|Focus Blast|p2a: Iron Treads
|-supereffective|p2a: Iron Treads
|-damage|p2a: Iron Treads|6/100
|move|p2a: Iron Treads|Rapid Spin|p1a: Deoxys
|-damage|p1a: Deoxys|0 fnt
|-boost|p2a: Iron Treads|spe|1
|-sideend|p2: MegaMHX|Stealth Rock|[from] move: Rapid Spin|[of] p2a: Iron Treads
|faint|p1a: Deoxys
|
|upkeep
|
|t:|1776101439
|switch|p1a: Dragonite|Dragonite, F|100/100
|turn|4
|
|t:|1776101445
|-end|p2a: Iron Treads|Quark Drive|[silent]
|switch|p2a: Pecharunt|Pecharunt|100/100
|move|p1a: Dragonite|Extreme Speed|p2a: Pecharunt
|-immune|p2a: Pecharunt
|
|upkeep
|turn|5
|
|t:|1776101453
|switch|p1a: Gholdengo|Gholdengo|100/100
|move|p2a: Pecharunt|Foul Play|p1a: Gholdengo
|-supereffective|p1a: Gholdengo
|-damage|p1a: Gholdengo|75/100
|
|upkeep
|turn|6
|
|t:|1776101463
|switch|p2a: Hydreigon|Hydreigon, F|100/100
|move|p1a: Gholdengo|Shadow Ball|p2a: Hydreigon
|-resisted|p2a: Hydreigon
|-damage|p2a: Hydreigon|76/100
|
|upkeep
|turn|7
|
|t:|1776101475
|move|p1a: Gholdengo|Shadow Ball|p2a: Hydreigon
|-resisted|p2a: Hydreigon
|-damage|p2a: Hydreigon|54/100
|move|p2a: Hydreigon|Substitute|p2a: Hydreigon
|-start|p2a: Hydreigon|Substitute
|-damage|p2a: Hydreigon|29/100
|
|upkeep
|turn|8
|
|t:|1776101479
|switch|p1a: Zamazenta|Zamazenta|100/100
|-ability|p1a: Zamazenta|Dauntless Shield|boost
|-boost|p1a: Zamazenta|def|1
|move|p2a: Hydreigon|Flamethrower|p1a: Zamazenta
|-damage|p1a: Zamazenta|71/100
|
|upkeep
|turn|9
|
|t:|1776101487
|move|p1a: Zamazenta|Close Combat|p2a: Hydreigon
|-supereffective|p2a: Hydreigon
|-end|p2a: Hydreigon|Substitute
|-unboost|p1a: Zamazenta|def|1
|-unboost|p1a: Zamazenta|spd|1
|move|p2a: Hydreigon|Draco Meteor|p1a: Zamazenta
|-damage|p1a: Zamazenta|0 fnt
|-unboost|p2a: Hydreigon|spa|2
|faint|p1a: Zamazenta
|-enditem|p2a: Hydreigon|Eject Pack
|
|t:|1776101497
|switch|p2a: Electrode|Electrode-Hisui|91/100
|
|upkeep
|
|t:|1776101504
|switch|p1a: Gholdengo|Gholdengo|75/100
|turn|10
|
|t:|1776101520
|switch|p2a: Iron Treads|Iron Treads|6/100
|move|p1a: Gholdengo|Shadow Ball|p2a: Iron Treads
|-damage|p2a: Iron Treads|0 fnt
|faint|p2a: Iron Treads
|-end|p2a: Iron Treads|Quark Drive|[silent]
|
|upkeep
|
|t:|1776101525
|switch|p2a: Hydreigon|Hydreigon, F|29/100
|turn|11
|
|t:|1776101532
|-terastallize|p1a: Gholdengo|Fairy
|move|p1a: Gholdengo|Shadow Ball|p2a: Hydreigon
|-resisted|p2a: Hydreigon
|-damage|p2a: Hydreigon|6/100
|move|p2a: Hydreigon|Flamethrower|p1a: Gholdengo
|-damage|p1a: Gholdengo|41/100
|-status|p1a: Gholdengo|brn
|
|-damage|p1a: Gholdengo|35/100 brn|[from] brn
|upkeep
|turn|12
|
|t:|1776101542
|move|p1a: Gholdengo|Shadow Ball|p2a: Hydreigon
|-resisted|p2a: Hydreigon
|-damage|p2a: Hydreigon|0 fnt
|faint|p2a: Hydreigon
|
|-damage|p1a: Gholdengo|29/100 brn|[from] brn
|upkeep
|
|t:|1776101561
|switch|p2a: Electrode|Electrode-Hisui|91/100
|turn|13
|
|t:|1776101563
|move|p1a: Gholdengo|Shadow Ball|p2a: Electrode
|-damage|p2a: Electrode|23/100
|move|p2a: Electrode|Thunderbolt|p1a: Gholdengo
|-damage|p1a: Gholdengo|0 fnt
|faint|p1a: Gholdengo
|-damage|p2a: Electrode|13/100|[from] item: Life Orb
|
|upkeep
|
|t:|1776101567
|switch|p1a: Dragonite|Dragonite, F|100/100
|turn|14
|
|t:|1776101572
|move|p1a: Dragonite|Extreme Speed|p2a: Electrode
|-damage|p2a: Electrode|0 fnt
|-damage|p1a: Dragonite|76/100|[from] ability: Aftermath|[of] p2a: Electrode
|faint|p2a: Electrode
|
|upkeep
|
|t:|1776101590
|switch|p2a: Keldeo|Keldeo-Resolute|100/100
|turn|15
|
|t:|1776101601
|move|p2a: Keldeo|Secret Sword|p1a: Dragonite
|-resisted|p1a: Dragonite
|-damage|p1a: Dragonite|42/100
|move|p1a: Dragonite|Dragon Dance|p1a: Dragonite
|-boost|p1a: Dragonite|atk|1
|-boost|p1a: Dragonite|spe|1
|
|upkeep
|turn|16
|
|t:|1776101615
|move|p1a: Dragonite|Earthquake|p2a: Keldeo
|-damage|p2a: Keldeo|43/100
|move|p2a: Keldeo|Secret Sword|p1a: Dragonite
|-resisted|p1a: Dragonite
|-damage|p1a: Dragonite|6/100
|
|upkeep
|turn|17
|
|t:|1776101621
|switch|p2a: Pecharunt|Pecharunt|100/100
|move|p1a: Dragonite|Earthquake|p2a: Pecharunt
|-supereffective|p2a: Pecharunt
|-damage|p2a: Pecharunt|55/100
|
|upkeep
|turn|18
|
|t:|1776101627
|move|p1a: Dragonite|Earthquake|p2a: Pecharunt
|-supereffective|p2a: Pecharunt
|-damage|p2a: Pecharunt|8/100
|move|p2a: Pecharunt|Foul Play|p1a: Dragonite
|-damage|p1a: Dragonite|0 fnt
|faint|p1a: Dragonite
|
|upkeep
|
|t:|1776101631
|switch|p1a: Ogerpon|Ogerpon-Wellspring, F|100/100
|turn|19
|
|t:|1776101634
|move|p1a: Ogerpon|Trailblaze|p2a: Pecharunt
|-resisted|p2a: Pecharunt
|-damage|p2a: Pecharunt|1/100
|-boost|p1a: Ogerpon|spe|1
|-damage|p1a: Ogerpon|84/100|[from] item: Rocky Helmet|[of] p2a: Pecharunt
|move|p2a: Pecharunt|Malignant Chain|p1a: Ogerpon
|-supereffective|p1a: Ogerpon
|-crit|p1a: Ogerpon
|-damage|p1a: Ogerpon|0 fnt
|faint|p1a: Ogerpon
|
|upkeep
|c|☆iblamecigar|no
|c|☆iblamecigar|fucking
|c|☆iblamecigar|way
|
|t:|1776101644
|switch|p1a: Kingambit|Kingambit, F|100/100
|-activate|p1a: Kingambit|ability: Supreme Overlord
|-start|p1a: Kingambit|fallen5|[silent]
|turn|20
|
|t:|1776101657
|move|p2a: Pecharunt|Foul Play|p1a: Kingambit
|-resisted|p1a: Kingambit
|-damage|p1a: Kingambit|86/100
|move|p1a: Kingambit|Swords Dance|p1a: Kingambit
|-boost|p1a: Kingambit|atk|2
|
|-heal|p1a: Kingambit|92/100|[from] item: Leftovers
|upkeep
|turn|21
|
|t:|1776101662
|move|p1a: Kingambit|Sucker Punch|p2a: Pecharunt
|-supereffective|p2a: Pecharunt
|-damage|p2a: Pecharunt|0 fnt
|-damage|p1a: Kingambit|76/100|[from] item: Rocky Helmet|[of] p2a: Pecharunt
|faint|p2a: Pecharunt
|
|-heal|p1a: Kingambit|82/100|[from] item: Leftovers
|upkeep
|
|t:|1776101664
|switch|p2a: Keldeo|Keldeo-Resolute|43/100
|turn|22
|
|t:|1776101667
|move|p2a: Keldeo|Vacuum Wave|p1a: Kingambit
|-supereffective|p1a: Kingambit
|-damage|p1a: Kingambit|0 fnt
|faint|p1a: Kingambit
|-end|p1a: Kingambit|fallen5|[silent]
|
|win|MegaMHX
|raw|iblamecigar's rating: 1471 &rarr; <strong>1448</strong><br />(-23 for losing)
|raw|MegaMHX's rating: 1424 &rarr; <strong>1447</strong><br />(+23 for winning)
|l|☆iblamecigar
|player|p1|
|l|‽MegaMHX
|player|p2|
