|html|<div class="broadcast-blue"><strong>[Gen 9] OU is currently suspecting Tera Blast! For information on how to participate check out the <a href="https://www.smogon.com/tools/suspects/view/200">suspect thread</a>.</strong></div>
|j|☆Srgtcobra
|j|☆enveeXD
|t:|1776034998
|gametype|singles
|player|p1|Srgtcobra|2|1392
|player|p2|enveeXD|elesa|1348
|gen|9
|tier|[Gen 9] OU
|rated|
|rule|HP Percentage Mod: HP is shown in percentages
|rule|Endless Battle Clause: Forcing endless battles is banned
|rule|Species Clause: Limit one of each Pokémon
|rule|OHKO Clause: OHKO moves are banned
|rule|Evasion Items Clause: Evasion items are banned
|rule|Evasion Moves Clause: Evasion moves are banned
|rule|Evasion Abilities Clause: Evasion abilities are banned
|rule|Sleep Moves Clause: Sleep-inducing moves are banned
|clearpoke
|poke|p1|Munchlax, M|
|poke|p1|Incineroar, M|
|poke|p1|Gholdengo|
|poke|p1|Ogerpon-Wellspring, F|
|poke|p1|Iron Treads|
|poke|p1|Gliscor, F|
|poke|p2|Kyurem|
|poke|p2|Iron Valiant|
|poke|p2|Cinderace, F|
|poke|p2|Kingambit, F|
|poke|p2|Landorus-Therian, M|
|poke|p2|Slowking-Galar, M|
|teampreview
|inactive|Battle timer is ON: inactive players will automatically lose when time's up. (requested by Srgtcobra)
|
|t:|1776035012
|teamsize|p1|6
|teamsize|p2|6
|start
|switch|p1a: Ogerpon|Ogerpon-Wellspring, F|100/100
|switch|p2a: Landorus|Landorus-Therian, M|100/100
|-ability|p2a: Landorus|Intimidate|boost
|-unboost|p1a: Ogerpon|atk|1
|turn|1
|
|t:|1776035026
|switch|p2a: Kyurem|Kyurem, shiny|100/100
|-ability|p2a: Kyurem|Pressure
|move|p1a: Ogerpon|Ivy Cudgel|p2a: Kyurem|[anim] Ivy Cudgel Water
|-resisted|p2a: Kyurem
|-crit|p2a: Kyurem
|-damage|p2a: Kyurem|59/100
|
|-heal|p2a: Kyurem|65/100|[from] item: Leftovers
|upkeep
|turn|2
|
|t:|1776035044
|switch|p1a: Incineroar|Incineroar, M|100/100
|-ability|p1a: Incineroar|Intimidate|boost
|-unboost|p2a: Kyurem|atk|1
|move|p2a: Kyurem|Substitute|p2a: Kyurem
|-start|p2a: Kyurem|Substitute
|-damage|p2a: Kyurem|40/100
|
|-heal|p2a: Kyurem|46/100|[from] item: Leftovers
|upkeep
|turn|3
|
|t:|1776035053
|move|p2a: Kyurem|Earth Power|p1a: Incineroar
|-supereffective|p1a: Incineroar
|-damage|p1a: Incineroar|69/100
|move|p1a: Incineroar|Drain Punch|p2a: Kyurem
|-supereffective|p2a: Kyurem
|-end|p2a: Kyurem|Substitute
|-heal|p1a: Incineroar|84/100|[from] drain|[of] p2a: Kyurem
|
|-heal|p2a: Kyurem|53/100|[from] item: Leftovers
|upkeep
|turn|4
|
|t:|1776035063
|switch|p1a: Gliscor|Gliscor, F|100/100
|move|p2a: Kyurem|Protect||[still]
|-fail|p2a: Kyurem
|
|-heal|p2a: Kyurem|59/100|[from] item: Leftovers
|-status|p1a: Gliscor|tox|[from] item: Toxic Orb
|upkeep
|turn|5
|
|t:|1776035073
|switch|p1a: Incineroar|Incineroar, M|84/100
|-ability|p1a: Incineroar|Intimidate|boost
|-unboost|p2a: Kyurem|atk|1
|move|p2a: Kyurem|Freeze-Dry|p1a: Incineroar
|-resisted|p1a: Incineroar
|-damage|p1a: Incineroar|75/100
|
|-heal|p2a: Kyurem|65/100|[from] item: Leftovers
|upkeep
|turn|6
|
|t:|1776035083
|move|p2a: Kyurem|Protect|p2a: Kyurem
|-singleturn|p2a: Kyurem|Protect
|move|p1a: Incineroar|Drain Punch|p2a: Kyurem
|-activate|p2a: Kyurem|move: Protect
|
|-heal|p2a: Kyurem|71/100|[from] item: Leftovers
|upkeep
|turn|7
|
|t:|1776035090
|switch|p2a: Landorus|Landorus-Therian, M|100/100
|-ability|p2a: Landorus|Intimidate|boost
|-unboost|p1a: Incineroar|atk|1
|move|p1a: Incineroar|Knock Off|p2a: Landorus
|-damage|p2a: Landorus|77/100
|-damage|p1a: Incineroar|58/100|[from] item: Rocky Helmet|[of] p2a: Landorus
|-enditem|p2a: Landorus|Rocky Helmet|[from] move: Knock Off|[of] p1a: Incineroar
|
|upkeep
|turn|8
|
|t:|1776035100
|switch|p1a: Ogerpon|Ogerpon-Wellspring, F|100/100
|move|p2a: Landorus|U-turn|p1a: Ogerpon
|-supereffective|p1a: Ogerpon
|-damage|p1a: Ogerpon|43/100
|
|t:|1776035105
|switch|p2a: Kyurem|Kyurem, shiny|71/100|[from] U-turn
|-ability|p2a: Kyurem|Pressure
|
|-heal|p2a: Kyurem|77/100|[from] item: Leftovers
|upkeep
|turn|9
|
|t:|1776035113
|move|p1a: Ogerpon|Knock Off|p2a: Kyurem
|-damage|p2a: Kyurem|41/100
|-enditem|p2a: Kyurem|Leftovers|[from] move: Knock Off|[of] p1a: Ogerpon
|move|p2a: Kyurem|Freeze-Dry|p1a: Ogerpon
|-supereffective|p1a: Ogerpon
|-damage|p1a: Ogerpon|0 fnt
|faint|p1a: Ogerpon
|
|upkeep
|
|t:|1776035118
|switch|p1a: Munchlax|Munchlax, M, shiny|100/100
|turn|10
|c|☆enveeXD|!randbats munchlax

|error|Error: Munchlax has no Random Battle data in [Gen 9] Random Battle
|
|t:|1776035145
|switch|p2a: Slowking|Slowking-Galar, M|100/100
|move|p1a: Munchlax|Curse|p1a: Munchlax
|-unboost|p1a: Munchlax|spe|1
|-boost|p1a: Munchlax|atk|1
|-boost|p1a: Munchlax|def|1
|
|upkeep
|turn|11
|c|☆Srgtcobra|Didn’t realize we were in ranbats
|
|t:|1776035157
|move|p2a: Slowking|Sludge Bomb|p1a: Munchlax
|-damage|p1a: Munchlax|83/100
|move|p1a: Munchlax|Curse|p1a: Munchlax
|-unboost|p1a: Munchlax|spe|1
|-boost|p1a: Munchlax|atk|1
|-boost|p1a: Munchlax|def|1
|
|upkeep
|turn|12
|
|t:|1776035161
|move|p2a: Slowking|Sludge Bomb|p1a: Munchlax
|-damage|p1a: Munchlax|66/100
|-status|p1a: Munchlax|psn
|move|p1a: Munchlax|Earthquake|p2a: Slowking
|-supereffective|p2a: Slowking
|-damage|p2a: Slowking|14/100
|
|-damage|p1a: Munchlax|54/100 psn|[from] psn
|upkeep
|turn|13
|
|t:|1776035165
|switch|p2a: Landorus|Landorus-Therian, M|77/100
|-ability|p2a: Landorus|Intimidate|boost
|-unboost|p1a: Munchlax|atk|1
|move|p1a: Munchlax|Curse|p1a: Munchlax
|-unboost|p1a: Munchlax|spe|1
|-boost|p1a: Munchlax|atk|1
|-boost|p1a: Munchlax|def|1
|
|-damage|p1a: Munchlax|41/100 psn|[from] psn
|upkeep
|turn|14
|
|t:|1776035187
|move|p2a: Landorus|U-turn|p1a: Munchlax
|-damage|p1a: Munchlax|36/100 psn
|
|t:|1776035190
|switch|p2a: Slowking|Slowking-Galar, M|48/100|[from] U-turn
|move|p1a: Munchlax|Rest|p1a: Munchlax
|-status|p1a: Munchlax|slp|[from] move: Rest
|-heal|p1a: Munchlax|100/100 slp|[silent]
|
|upkeep
|turn|15
|
|t:|1776035203
|move|p2a: Slowking|Thunder Wave||[still]
|-fail|p2a: Slowking
|cant|p1a: Munchlax|slp
|
|upkeep
|turn|16
|inactive|enveeXD has 120 seconds left.
|
|t:|1776035229
|-prepare|p2a: Slowking|Chilly Reception|[premajor]
|move|p2a: Slowking|Chilly Reception|p2a: Slowking
|-weather|Snowscape
|inactive|enveeXD has 120 seconds left.
|
|t:|1776035243
|switch|p2a: Cinderace|Cinderace, F|100/100|[from] Chilly Reception
|cant|p1a: Munchlax|slp
|
|-weather|Snowscape|[upkeep]
|upkeep
|turn|17
|inactive|enveeXD has 120 seconds left.
|
|t:|1776035250
|move|p2a: Cinderace|U-turn|p1a: Munchlax
|-damage|p1a: Munchlax|96/100 slp
|
|t:|1776035253
|switch|p2a: Landorus|Landorus-Therian, M|77/100|[from] U-turn
|-ability|p2a: Landorus|Intimidate|boost
|-unboost|p1a: Munchlax|atk|1
|-curestatus|p1a: Munchlax|slp|[msg]
|move|p1a: Munchlax|Body Slam|p2a: Landorus
|-damage|p2a: Landorus|40/100
|
|-weather|Snowscape|[upkeep]
|upkeep
|turn|18
|
|t:|1776035262
|move|p2a: Landorus|Taunt|p1a: Munchlax
|-start|p1a: Munchlax|move: Taunt
|cant|p1a: Munchlax|move: Taunt|Curse
|
|-weather|Snowscape|[upkeep]
|upkeep
|turn|19
|
|t:|1776035272
|move|p2a: Landorus|Earthquake|p1a: Munchlax
|-damage|p1a: Munchlax|85/100
|move|p1a: Munchlax|Body Slam|p2a: Landorus
|-damage|p2a: Landorus|3/100
|
|-weather|Snowscape|[upkeep]
|upkeep
|turn|20
|
|t:|1776035276
|move|p2a: Landorus|U-turn|p1a: Munchlax
|-damage|p1a: Munchlax|79/100
|
|t:|1776035294
|switch|p2a: Slowking|Slowking-Galar, M|81/100|[from] U-turn
|move|p1a: Munchlax|Body Slam|p2a: Slowking
|-damage|p2a: Slowking|41/100
|-status|p2a: Slowking|par
|
|-weather|none
|-end|p1a: Munchlax|move: Taunt
|upkeep
|turn|21
|
|t:|1776035298
|-prepare|p2a: Slowking|Chilly Reception|[premajor]
|move|p2a: Slowking|Chilly Reception|p2a: Slowking
|-weather|Snowscape
|
|t:|1776035301
|switch|p2a: Iron Valiant|Iron Valiant, shiny|100/100|[from] Chilly Reception
|-enditem|p2a: Iron Valiant|Booster Energy
|-activate|p2a: Iron Valiant|ability: Quark Drive|[fromitem]
|-start|p2a: Iron Valiant|quarkdrivespe
|move|p1a: Munchlax|Curse|p1a: Munchlax
|-unboost|p1a: Munchlax|spe|1
|-boost|p1a: Munchlax|atk|1
|-boost|p1a: Munchlax|def|1
|
|-weather|Snowscape|[upkeep]
|upkeep
|turn|22
|
|t:|1776035309
|move|p2a: Iron Valiant|Encore|p1a: Munchlax
|-start|p1a: Munchlax|Encore
|move|p1a: Munchlax|Curse|p1a: Munchlax
|-unboost|p1a: Munchlax|spe|1
|-boost|p1a: Munchlax|atk|1
|-boost|p1a: Munchlax|def|1
|
|-weather|Snowscape|[upkeep]
|upkeep
|turn|23
|l|☆Srgtcobra
|inactive|Srgtcobra disconnected and has a minute to reconnect!
|player|p1|
|j|☆Srgtcobra
|inactive|Srgtcobra reconnected and has 130 seconds left.
|player|p1|Srgtcobra|2|
|
|t:|1776035337
|move|p2a: Iron Valiant|Moonblast|p1a: Munchlax
|-damage|p1a: Munchlax|54/100
|-unboost|p1a: Munchlax|spa|1
|move|p1a: Munchlax|Curse|p1a: Munchlax
|-unboost|p1a: Munchlax|spe|1
|-boost|p1a: Munchlax|atk|1
|-boost|p1a: Munchlax|def|1
|
|-weather|Snowscape|[upkeep]
|upkeep
|turn|24
|
|t:|1776035345
|switch|p1a: Incineroar|Incineroar, M|58/100
|-ability|p1a: Incineroar|Intimidate|boost
|-unboost|p2a: Iron Valiant|atk|1
|move|p2a: Iron Valiant|Moonblast|p1a: Incineroar
|-damage|p1a: Incineroar|37/100
|
|-weather|Snowscape|[upkeep]
|upkeep
|turn|25
|
|t:|1776035371
|move|p2a: Iron Valiant|Calm Mind|p2a: Iron Valiant
|-boost|p2a: Iron Valiant|spa|1
|-boost|p2a: Iron Valiant|spd|1
|move|p1a: Incineroar|Knock Off|p2a: Iron Valiant
|-resisted|p2a: Iron Valiant
|-damage|p2a: Iron Valiant|92/100
|
|-weather|none
|upkeep
|turn|26
|
|t:|1776035378
|move|p2a: Iron Valiant|Moonblast|p1a: Incineroar
|-crit|p1a: Incineroar
|-damage|p1a: Incineroar|0 fnt
|faint|p1a: Incineroar
|
|upkeep
|
|t:|1776035393
|switch|p1a: Gholdengo|Gholdengo|100/100
|turn|27
|
|t:|1776035401
|-terastallize|p2a: Iron Valiant|Ghost
|move|p2a: Iron Valiant|Shadow Ball|p1a: Gholdengo
|-supereffective|p1a: Gholdengo
|-damage|p1a: Gholdengo|0 fnt
|faint|p1a: Gholdengo
|
|upkeep
|
|t:|1776035415
|switch|p1a: Iron Treads|Iron Treads|100/100
|turn|28
|
|t:|1776035420
|move|p2a: Iron Valiant|Shadow Ball|p1a: Iron Treads
|-damage|p1a: Iron Treads|25/100
|move|p1a: Iron Treads|Earthquake|p2a: Iron Valiant
|-damage|p2a: Iron Valiant|40/100
|
|upkeep
|turn|29
|
|t:|1776035427
|move|p2a: Iron Valiant|Shadow Ball|p1a: Iron Treads
|-damage|p1a: Iron Treads|0 fnt
|faint|p1a: Iron Treads
|-end|p1a: Iron Treads|Quark Drive|[silent]
|
|upkeep
|
|t:|1776035434
|switch|p1a: Gliscor|Gliscor, F|100/100 tox
|turn|30
|
|t:|1776035442
|move|p2a: Iron Valiant|Moonblast|p1a: Gliscor
|-damage|p1a: Gliscor|32/100 tox
|move|p1a: Gliscor|Knock Off|p2a: Iron Valiant
|-supereffective|p2a: Iron Valiant
|-damage|p2a: Iron Valiant|2/100
|
|-heal|p1a: Gliscor|45/100 tox|[from] ability: Poison Heal
|upkeep
|turn|31
|c|☆Srgtcobra|Nice crit
|-message|Srgtcobra forfeited.
|
|win|enveeXD
|raw|Srgtcobra's rating: 1392 &rarr; <strong>1369</strong><br />(-23 for losing)
|raw|enveeXD's rating: 1348 &rarr; <strong>1371</strong><br />(+23 for winning)
|l|☆Srgtcobra
|player|p1|
|l|☆enveeXD
|player|p2|
