|html|<div class="broadcast-blue"><strong>[Gen 9] OU is currently suspecting Volcarona! For information on how to participate check out the <a href="https://www.smogon.com/tools/suspects/view/208">suspect thread</a>.</strong></div>
|j|☆LOUSINETCOKI
|j|☆i can be your one
|t:|1778508055
|gametype|singles
|player|p1|LOUSINETCOKI|266|1491
|player|p2|i can be your one|pokemonrangerf|1594
|gen|9
|tier|[Gen 9] OU
|rated|
|rule|HP Percentage Mod: HP is shown in percentages
|rule|Endless Battle Clause: Forcing endless battles is banned
|rule|Species Clause: Limit one of each Pokémon
|rule|OHKO Clause: OHKO moves are banned
|rule|Evasion Items Clause: Evasion items are banned
|rule|Evasion Moves Clause: Evasion moves are banned
|rule|Evasion Abilities Clause: Evasion abilities are banned
|rule|Sleep Moves Clause: Sleep-inducing moves are banned
|clearpoke
|poke|p1|Torkoal, M|
|poke|p1|Hatterene, F|
|poke|p1|Walking Wake|
|poke|p1|Great Tusk|
|poke|p1|Ceruledge, M|
|poke|p1|Volcarona, F|
|poke|p2|Thundurus-Therian, M|
|poke|p2|Cinderace, M|
|poke|p2|Latios, M|
|poke|p2|Jirachi|
|poke|p2|Mandibuzz, F|
|poke|p2|Great Tusk|
|teampreview
|inactive|Battle timer is ON: inactive players will automatically lose when time's up. (requested by LOUSINETCOKI)
|inactive|i can be your one has 120 seconds left.
|
|t:|1778508088
|teamsize|p1|6
|teamsize|p2|6
|start
|switch|p1a: Torkoal|Torkoal, M|100/100
|switch|p2a: Great Tusk|Great Tusk|100/100
|-weather|SunnyDay|[from] ability: Drought|[of] p1a: Torkoal
|-activate|p2a: Great Tusk|ability: Protosynthesis
|-start|p2a: Great Tusk|protosynthesisatk
|turn|1
|
|t:|1778508095
|switch|p1a: Hatterene|Hatterene, F|100/100
|move|p2a: Great Tusk|Headlong Rush|p1a: Hatterene
|-damage|p1a: Hatterene|8/100
|-unboost|p2a: Great Tusk|def|1
|-unboost|p2a: Great Tusk|spd|1
|-enditem|p1a: Hatterene|Eject Button
|
|t:|1778508103
|switch|p1a: Walking Wake|Walking Wake|100/100
|-activate|p1a: Walking Wake|ability: Protosynthesis
|-start|p1a: Walking Wake|protosynthesisspe
|
|-weather|SunnyDay|[upkeep]
|upkeep
|turn|2
|
|t:|1778508113
|move|p1a: Walking Wake|Hydro Steam|p2a: Great Tusk
|-supereffective|p2a: Great Tusk
|-enditem|p2a: Great Tusk|Focus Sash
|-damage|p2a: Great Tusk|1/100
|move|p2a: Great Tusk|Headlong Rush|p1a: Walking Wake
|-damage|p1a: Walking Wake|9/100
|-unboost|p2a: Great Tusk|def|1
|-unboost|p2a: Great Tusk|spd|1
|
|-weather|SunnyDay|[upkeep]
|upkeep
|turn|3
|
|t:|1778508123
|move|p1a: Walking Wake|Hydro Steam|p2a: Great Tusk
|-supereffective|p2a: Great Tusk
|-damage|p2a: Great Tusk|0 fnt
|faint|p2a: Great Tusk
|-end|p2a: Great Tusk|Protosynthesis|[silent]
|
|-weather|SunnyDay|[upkeep]
|upkeep
|
|t:|1778508125
|switch|p2a: Latios|Latios, M|100/100
|turn|4
|
|t:|1778508135
|-end|p1a: Walking Wake|Protosynthesis|[silent]
|switch|p1a: Hatterene|Hatterene, F|8/100
|move|p2a: Latios|Luster Purge|p1a: Hatterene
|-resisted|p1a: Hatterene
|-damage|p1a: Hatterene|0 fnt
|faint|p1a: Hatterene
|
|-weather|SunnyDay|[upkeep]
|upkeep
|inactive|LOUSINETCOKI has 120 seconds left.
|
|t:|1778508174
|switch|p1a: Ceruledge|Ceruledge, M|100/100
|turn|5
|inactive|i can be your one has 120 seconds left.
|
|t:|1778508221
|move|p2a: Latios|Luster Purge|p1a: Ceruledge
|-damage|p1a: Ceruledge|42/100
|move|p1a: Ceruledge|Bitter Blade|p2a: Latios
|-resisted|p2a: Latios
|-damage|p2a: Latios|49/100
|-heal|p1a: Ceruledge|69/100|[from] drain|[of] p2a: Latios
|
|-weather|SunnyDay|[upkeep]
|upkeep
|turn|6
|inactive|LOUSINETCOKI has 120 seconds left.
|
|t:|1778508248
|switch|p2a: Mandibuzz|Mandibuzz, F, shiny|100/100
|move|p1a: Ceruledge|Shadow Sneak|p2a: Mandibuzz
|-resisted|p2a: Mandibuzz
|-damage|p2a: Mandibuzz|93/100
|-damage|p1a: Ceruledge|52/100|[from] item: Rocky Helmet|[of] p2a: Mandibuzz
|
|-weather|SunnyDay|[upkeep]
|upkeep
|turn|7
|inactive|i can be your one has 120 seconds left.
|
|t:|1778508262
|move|p1a: Ceruledge|Bitter Blade|p2a: Mandibuzz
|-damage|p2a: Mandibuzz|51/100
|-heal|p1a: Ceruledge|82/100|[from] drain|[of] p2a: Mandibuzz
|-damage|p1a: Ceruledge|66/100|[from] item: Rocky Helmet|[of] p2a: Mandibuzz
|move|p2a: Mandibuzz|Foul Play|p1a: Ceruledge
|-supereffective|p1a: Ceruledge
|-damage|p1a: Ceruledge|0 fnt
|faint|p1a: Ceruledge
|
|-weather|SunnyDay|[upkeep]
|upkeep
|
|t:|1778508273
|switch|p1a: Walking Wake|Walking Wake|9/100
|-activate|p1a: Walking Wake|ability: Protosynthesis
|-start|p1a: Walking Wake|protosynthesisspe
|turn|8
|inactive|i can be your one has 120 seconds left.
|inactive|i can be your one has 90 seconds left.
|inactive|i can be your one has 60 seconds left.
|
|t:|1778508355
|switch|p2a: Jirachi|Jirachi|100/100
|move|p1a: Walking Wake|Hydro Steam|p2a: Jirachi
|-damage|p2a: Jirachi|45/100
|
|-weather|none
|-end|p1a: Walking Wake|Protosynthesis
|upkeep
|turn|9
|
|t:|1778508362
|-end|p1a: Walking Wake|Protosynthesis|[silent]
|switch|p1a: Torkoal|Torkoal, M|100/100
|-weather|SunnyDay|[from] ability: Drought|[of] p1a: Torkoal
|move|p2a: Jirachi|Doom Desire|p1a: Torkoal
|-start|p2a: Jirachi|Doom Desire
|
|-weather|SunnyDay|[upkeep]
|upkeep
|turn|10
|inactive|LOUSINETCOKI has 120 seconds left.
|inactive|LOUSINETCOKI has 90 seconds left.
|
|t:|1778508406
|move|p2a: Jirachi|Psychic Noise|p1a: Torkoal
|-damage|p1a: Torkoal|52/100
|-start|p1a: Torkoal|move: Heal Block
|move|p1a: Torkoal|Lava Plume|p2a: Jirachi
|-supereffective|p2a: Jirachi
|-damage|p2a: Jirachi|2/100
|
|-weather|SunnyDay|[upkeep]
|upkeep
|turn|11
|inactive|LOUSINETCOKI has 90 seconds left.
|
|t:|1778508416
|move|p2a: Jirachi|Psychic Noise|p1a: Torkoal
|-damage|p1a: Torkoal|9/100
|move|p1a: Torkoal|Lava Plume|p2a: Jirachi
|-supereffective|p2a: Jirachi
|-damage|p2a: Jirachi|0 fnt
|faint|p2a: Jirachi
|
|-weather|SunnyDay|[upkeep]
|-end|p1a: Torkoal|move: Doom Desire
|-resisted|p1a: Torkoal
|-damage|p1a: Torkoal|0 fnt
|faint|p1a: Torkoal
|upkeep
|inactive|LOUSINETCOKI has 90 seconds left.
|
|t:|1778508430
|switch|p2a: Latios|Latios, M|49/100
|switch|p1a: Walking Wake|Walking Wake|9/100
|-activate|p1a: Walking Wake|ability: Protosynthesis
|-start|p1a: Walking Wake|protosynthesisspe
|turn|12
|inactive|LOUSINETCOKI has 90 seconds left.
|
|t:|1778508436
|move|p2a: Latios|Luster Purge|p1a: Walking Wake
|-damage|p1a: Walking Wake|0 fnt
|faint|p1a: Walking Wake
|-end|p1a: Walking Wake|Protosynthesis|[silent]
|
|-weather|SunnyDay|[upkeep]
|upkeep
|inactive|LOUSINETCOKI has 90 seconds left.
|
|t:|1778508444
|switch|p1a: Volcarona|Volcarona, F|100/100
|turn|13
|inactive|i can be your one has 90 seconds left.
|
|t:|1778508466
|switch|p2a: Cinderace|Cinderace, M|100/100
|move|p1a: Volcarona|Quiver Dance|p1a: Volcarona
|-boost|p1a: Volcarona|spa|1
|-boost|p1a: Volcarona|spd|1
|-boost|p1a: Volcarona|spe|1
|
|-weather|SunnyDay|[upkeep]
|upkeep
|turn|14
|
|t:|1778508473
|move|p1a: Volcarona|Fiery Dance|p2a: Cinderace
|-resisted|p2a: Cinderace
|-damage|p2a: Cinderace|29/100
|-boost|p1a: Volcarona|spa|1
|move|p2a: Cinderace|Pyro Ball|p1a: Volcarona|[miss]
|-miss|p2a: Cinderace|p1a: Volcarona
|
|-weather|SunnyDay|[upkeep]
|upkeep
|turn|15
|inactive|i can be your one has 90 seconds left.
|inactive|i can be your one has 60 seconds left.
|
|t:|1778508519
|move|p1a: Volcarona|Fiery Dance|p2a: Cinderace
|-resisted|p2a: Cinderace
|-damage|p2a: Cinderace|0 fnt
|faint|p2a: Cinderace
|
|-weather|SunnyDay|[upkeep]
|upkeep
|-message|i can be your one forfeited.
|
|win|LOUSINETCOKI
|raw|LOUSINETCOKI's rating: 1491 &rarr; <strong>1517</strong><br />(+26 for winning)
|raw|i can be your one's rating: 1594 &rarr; <strong>1568</strong><br />(-26 for losing)
|l|☆i can be your one
|player|p2|
|l|☆LOUSINETCOKI
|player|p1|
