|html|<div class="broadcast-blue"><strong>[Gen 9] OU is currently suspecting Tera Blast! For information on how to participate check out the <a href="https://www.smogon.com/tools/suspects/view/200">suspect thread</a>.</strong></div>
|j|☆Tsucci Hebi
|j|☆dado9089
|t:|1776087540
|gametype|singles
|player|p1|Tsucci Hebi|backersf|1099
|player|p2|dado9089|lucas-gen4pt|1110
|gen|9
|tier|[Gen 9] OU
|rated|
|rule|HP Percentage Mod: HP is shown in percentages
|rule|Endless Battle Clause: Forcing endless battles is banned
|rule|Species Clause: Limit one of each Pokémon
|rule|OHKO Clause: OHKO moves are banned
|rule|Evasion Items Clause: Evasion items are banned
|rule|Evasion Moves Clause: Evasion moves are banned
|rule|Evasion Abilities Clause: Evasion abilities are banned
|rule|Sleep Moves Clause: Sleep-inducing moves are banned
|clearpoke
|poke|p1|Houndstone, F|
|poke|p1|Ogerpon-Wellspring, F|
|poke|p1|Meloetta|
|poke|p1|Glimmora, M|
|poke|p1|Clefable, M|
|poke|p1|Dudunsparce-*, F|
|poke|p2|Lycanroc-Dusk, M|
|poke|p2|Dragapult, M|
|poke|p2|Skeledirge, F|
|poke|p2|Great Tusk|
|poke|p2|Samurott-Hisui, M|
|poke|p2|Kingambit, F|
|teampreview
|
|t:|1776087546
|teamsize|p1|6
|teamsize|p2|6
|start
|switch|p1a: 土蛇(tsuchi hebi)|Dudunsparce-Three-Segment, F|100/100
|switch|p2a: Samurott|Samurott-Hisui, M|100/100
|turn|1
|
|t:|1776087558
|move|p2a: Samurott|Sacred Sword|p1a: 土蛇(tsuchi hebi)
|-supereffective|p1a: 土蛇(tsuchi hebi)
|-damage|p1a: 土蛇(tsuchi hebi)|27/100
|move|p1a: 土蛇(tsuchi hebi)|Boomburst|p2a: Samurott
|-crit|p2a: Samurott
|-enditem|p2a: Samurott|Focus Sash
|-damage|p2a: Samurott|1/100
|-enditem|p1a: 土蛇(tsuchi hebi)|Throat Spray
|-boost|p1a: 土蛇(tsuchi hebi)|spa|1|[from] item: Throat Spray
|
|upkeep
|turn|2
|
|t:|1776087569
|switch|p1a: Sandstorm|Houndstone, F, shiny|100/100
|move|p2a: Samurott|Ceaseless Edge|p1a: Sandstorm|[miss]
|-miss|p2a: Samurott|p1a: Sandstorm
|
|upkeep
|turn|3
|
|t:|1776087579
|move|p2a: Samurott|Ceaseless Edge|p1a: Sandstorm
|-supereffective|p1a: Sandstorm
|-enditem|p1a: Sandstorm|Colbur Berry|[eat]
|-enditem|p1a: Sandstorm|Colbur Berry|[weaken]
|-damage|p1a: Sandstorm|86/100
|-sidestart|p1: Tsucci Hebi|Spikes
|move|p1a: Sandstorm|Body Press|p2a: Samurott
|-supereffective|p2a: Samurott
|-damage|p2a: Samurott|0 fnt
|faint|p2a: Samurott
|
|upkeep
|
|t:|1776087588
|switch|p2a: Dragapult|Dragapult, M|100/100
|turn|4
|
|t:|1776087591
|switch|p1a: Mellie|Meloetta|100/100
|-damage|p1a: Mellie|88/100|[from] Spikes
|move|p2a: Dragapult|Shadow Ball|p1a: Mellie
|-immune|p1a: Mellie
|
|upkeep
|turn|5
|
|t:|1776087601
|switch|p2a: Lycanroc|Lycanroc-Dusk, M|100/100
|move|p1a: Mellie|Trick Room|p1a: Mellie
|-fieldstart|move: Trick Room|[of] p1a: Mellie
|
|upkeep
|turn|6
|
|t:|1776087610
|switch|p1a: Beam|Glimmora, M|100/100
|-damage|p1a: Beam|88/100|[from] Spikes
|move|p2a: Lycanroc|Accelerock|p1a: Beam
|-damage|p1a: Beam|66/100
|-activate|p1a: Beam|ability: Toxic Debris
|-sidestart|p2: dado9089|move: Toxic Spikes
|-damage|p2a: Lycanroc|91/100|[from] item: Life Orb
|
|upkeep
|turn|7
|
|t:|1776087621
|move|p1a: Beam|Meteor Beam||[still]
|-prepare|p1a: Beam|Meteor Beam
|-boost|p1a: Beam|spa|1
|-enditem|p1a: Beam|Power Herb
|-anim|p1a: Beam|Meteor Beam|p2a: Lycanroc
|-damage|p2a: Lycanroc|0 fnt
|faint|p2a: Lycanroc
|
|upkeep
|
|t:|1776087626
|switch|p2a: Kingambit|Kingambit, F|100/100
|-activate|p2a: Kingambit|ability: Supreme Overlord
|-start|p2a: Kingambit|fallen2|[silent]
|turn|8
|
|t:|1776087633
|move|p2a: Kingambit|Iron Head|p1a: Beam
|-supereffective|p1a: Beam
|-damage|p1a: Beam|0 fnt
|-activate|p1a: Beam|ability: Toxic Debris
|-sidestart|p2: dado9089|move: Toxic Spikes
|faint|p1a: Beam
|
|upkeep
|
|t:|1776087646
|switch|p1a: Sandstorm|Houndstone, F, shiny|86/100
|-damage|p1a: Sandstorm|73/100|[from] Spikes
|turn|9
|
|t:|1776087650
|move|p2a: Kingambit|Sucker Punch||[still]
|-fail|p2a: Kingambit
|move|p1a: Sandstorm|Will-O-Wisp|p2a: Kingambit|[miss]
|-miss|p1a: Sandstorm|p2a: Kingambit
|
|-fieldend|move: Trick Room
|upkeep
|turn|10
|
|t:|1776087659
|move|p1a: Sandstorm|Will-O-Wisp|p2a: Kingambit
|-status|p2a: Kingambit|brn
|move|p2a: Kingambit|Kowtow Cleave|p1a: Sandstorm
|-supereffective|p1a: Sandstorm
|-damage|p1a: Sandstorm|50/100
|
|-damage|p2a: Kingambit|94/100 brn|[from] brn
|upkeep
|turn|11
|
|t:|1776087669
|move|p1a: Sandstorm|Body Press|p2a: Kingambit
|-supereffective|p2a: Kingambit
|-damage|p2a: Kingambit|19/100 brn
|move|p2a: Kingambit|Swords Dance|p2a: Kingambit
|-boost|p2a: Kingambit|atk|2
|
|-damage|p2a: Kingambit|13/100 brn|[from] brn
|upkeep
|turn|12
|
|t:|1776087674
|move|p2a: Kingambit|Sucker Punch|p1a: Sandstorm
|-supereffective|p1a: Sandstorm
|-damage|p1a: Sandstorm|8/100
|move|p1a: Sandstorm|Body Press|p2a: Kingambit
|-supereffective|p2a: Kingambit
|-damage|p2a: Kingambit|0 fnt
|faint|p2a: Kingambit
|-end|p2a: Kingambit|fallen2|[silent]
|
|upkeep
|
|t:|1776087677
|switch|p2a: Dragapult|Dragapult, M|100/100
|-status|p2a: Dragapult|tox
|turn|13
|
|t:|1776087682
|move|p2a: Dragapult|Draco Meteor|p1a: Sandstorm
|-damage|p1a: Sandstorm|0 fnt
|-unboost|p2a: Dragapult|spa|2
|faint|p1a: Sandstorm
|
|-damage|p2a: Dragapult|95/100 tox|[from] psn
|upkeep
|
|t:|1776087689
|switch|p1a: Pink thing|Clefable, M|100/100
|turn|14
|
|t:|1776087694
|switch|p2a: Great Tusk|Great Tusk, shiny|100/100
|-status|p2a: Great Tusk|tox
|-enditem|p2a: Great Tusk|Booster Energy
|-activate|p2a: Great Tusk|ability: Protosynthesis|[fromitem]
|-start|p2a: Great Tusk|protosynthesisdef
|move|p1a: Pink thing|Cosmic Power|p1a: Pink thing
|-boost|p1a: Pink thing|def|1
|-boost|p1a: Pink thing|spd|1
|
|-damage|p2a: Great Tusk|94/100 tox|[from] psn
|upkeep
|turn|15
|
|t:|1776087703
|move|p2a: Great Tusk|Ice Spinner|p1a: Pink thing
|-crit|p1a: Pink thing
|-damage|p1a: Pink thing|69/100
|move|p1a: Pink thing|Cosmic Power|p1a: Pink thing
|-boost|p1a: Pink thing|def|1
|-boost|p1a: Pink thing|spd|1
|
|-damage|p2a: Great Tusk|82/100 tox|[from] psn
|upkeep
|turn|16
|
|t:|1776087713
|move|p2a: Great Tusk|Rapid Spin|p1a: Pink thing
|-damage|p1a: Pink thing|63/100
|-boost|p2a: Great Tusk|spe|1
|-sideend|p2: dado9089|Toxic Spikes|[from] move: Rapid Spin|[of] p2a: Great Tusk
|move|p1a: Pink thing|Moonlight|p1a: Pink thing
|-heal|p1a: Pink thing|100/100
|
|-damage|p2a: Great Tusk|63/100 tox|[from] psn
|upkeep
|turn|17
|
|t:|1776087731
|move|p2a: Great Tusk|Headlong Rush|p1a: Pink thing
|-damage|p1a: Pink thing|77/100
|-unboost|p2a: Great Tusk|def|1
|-unboost|p2a: Great Tusk|spd|1
|move|p1a: Pink thing|Stored Power|p2a: Great Tusk
|-supereffective|p2a: Great Tusk
|-damage|p2a: Great Tusk|0 fnt
|faint|p2a: Great Tusk
|-end|p2a: Great Tusk|Protosynthesis|[silent]
|
|upkeep
|
|t:|1776087734
|switch|p2a: Skeledirge|Skeledirge, F|100/100
|turn|18
|
|t:|1776087738
|move|p2a: Skeledirge|Torch Song|p1a: Pink thing
|-damage|p1a: Pink thing|50/100
|-boost|p2a: Skeledirge|spa|1
|move|p1a: Pink thing|Stored Power|p2a: Skeledirge
|-damage|p2a: Skeledirge|72/100
|
|upkeep
|turn|19
|
|t:|1776087742
|move|p2a: Skeledirge|Torch Song|p1a: Pink thing
|-damage|p1a: Pink thing|11/100
|-boost|p2a: Skeledirge|spa|1
|move|p1a: Pink thing|Stored Power|p2a: Skeledirge
|-damage|p2a: Skeledirge|42/100
|
|upkeep
|turn|20
|
|t:|1776087747
|move|p2a: Skeledirge|Torch Song|p1a: Pink thing
|-damage|p1a: Pink thing|0 fnt
|-boost|p2a: Skeledirge|spa|1
|faint|p1a: Pink thing
|
|upkeep
|
|t:|1776087749
|switch|p1a: Kanabō|Ogerpon-Wellspring, F|100/100
|-damage|p1a: Kanabō|88/100|[from] Spikes
|turn|21
|
|t:|1776087753
|-terastallize|p1a: Kanabō|Water
|detailschange|p1a: Kanabō|Ogerpon-Wellspring-Tera, F, tera:Water
|-ability|p1a: Kanabō|Embody Aspect (Wellspring)|boost
|-boost|p1a: Kanabō|spd|1
|move|p1a: Kanabō|Ivy Cudgel|p2a: Skeledirge|[anim] Ivy Cudgel Water
|-supereffective|p2a: Skeledirge
|-damage|p2a: Skeledirge|0 fnt
|faint|p2a: Skeledirge
|
|upkeep
|
|t:|1776087756
|switch|p2a: Dragapult|Dragapult, M|95/100 tox
|turn|22
|
|t:|1776087764
|move|p2a: Dragapult|Draco Meteor|p1a: Kanabō
|-damage|p1a: Kanabō|44/100
|-unboost|p2a: Dragapult|spa|2
|move|p1a: Kanabō|Play Rough|p2a: Dragapult
|-supereffective|p2a: Dragapult
|-damage|p2a: Dragapult|4/100 tox
|
|-damage|p2a: Dragapult|0 fnt|[from] psn
|faint|p2a: Dragapult
|
|win|Tsucci Hebi
|raw|Tsucci Hebi's rating: 1099 &rarr; <strong>1125</strong><br />(+26 for winning)
|raw|dado9089's rating: 1110 &rarr; <strong>1084</strong><br />(-26 for losing)
|l|☆dado9089
|player|p2|
|l|☆Tsucci Hebi
|player|p1|
