|html|<div class="broadcast-blue"><strong>[Gen 9] OU is currently suspecting Tera Blast! For information on how to participate check out the <a href="https://www.smogon.com/tools/suspects/view/200">suspect thread</a>.</strong></div>
|j|☆Djchsjsnsnsndndnd
|j|☆x_Anabolyc_X
|t:|1776068164
|gametype|singles
|player|p1|Djchsjsnsnsndndnd|lucas|1000
|player|p2|x_Anabolyc_X|265|1022
|gen|9
|tier|[Gen 9] OU
|rated|
|rule|HP Percentage Mod: HP is shown in percentages
|rule|Endless Battle Clause: Forcing endless battles is banned
|rule|Species Clause: Limit one of each Pokémon
|rule|OHKO Clause: OHKO moves are banned
|rule|Evasion Items Clause: Evasion items are banned
|rule|Evasion Moves Clause: Evasion moves are banned
|rule|Evasion Abilities Clause: Evasion abilities are banned
|rule|Sleep Moves Clause: Sleep-inducing moves are banned
|clearpoke
|poke|p1|Dragapult, F|
|poke|p1|Kingambit, M|
|poke|p1|Volcanion|
|poke|p1|Landorus-Therian, M|
|poke|p1|Tyranitar, F|
|poke|p1|Meowscarada, F|
|poke|p2|Alomomola, M|
|poke|p2|Eelektross, M|
|poke|p2|Gliscor, F|
|poke|p2|Polteageist|
|poke|p2|Skeledirge, F|
|poke|p2|Ogerpon-Wellspring, F|
|teampreview
|
|t:|1776068176
|teamsize|p1|6
|teamsize|p2|6
|start
|switch|p1a: Girl on Fire|Meowscarada, F|100/100
|switch|p2a: Alomomola|Alomomola, M|100/100
|turn|1
|inactive|Battle timer is ON: inactive players will automatically lose when time's up. (requested by Djchsjsnsnsndndnd)
|
|t:|1776068193
|switch|p2a: Skeledirge|Skeledirge, F|100/100
|move|p1a: Girl on Fire|Flower Trick|p2a: Skeledirge
|-start|p1a: Girl on Fire|typechange|Grass|[from] ability: Protean
|-resisted|p2a: Skeledirge
|-crit|p2a: Skeledirge
|-damage|p2a: Skeledirge|75/100
|
|upkeep
|turn|2
|
|t:|1776068207
|switch|p1a: Humanity|Volcanion|100/100
|move|p2a: Skeledirge|Will-O-Wisp|p1a: Humanity
|-immune|p1a: Humanity
|
|upkeep
|turn|3
|
|t:|1776068222
|switch|p2a: Ogerpon|Ogerpon-Wellspring, F|100/100
|move|p1a: Humanity|Steam Eruption|p2a: Ogerpon
|-immune|p2a: Ogerpon|[from] ability: Water Absorb
|
|upkeep
|turn|4
|
|t:|1776068241
|switch|p2a: Eelektross|Eelektross, M|100/100
|move|p1a: Humanity|Flamethrower|p2a: Eelektross
|-damage|p2a: Eelektross|62/100
|
|-heal|p2a: Eelektross|68/100|[from] item: Leftovers
|upkeep
|turn|5
|inactive|Djchsjsnsnsndndnd has 120 seconds left.
|
|t:|1776068271
|switch|p1a: Let you Down|Landorus-Therian, M|100/100
|-ability|p1a: Let you Down|Intimidate|boost
|-unboost|p2a: Eelektross|atk|1
|move|p2a: Eelektross|Thunder Wave|p1a: Let you Down
|-immune|p1a: Let you Down
|
|-heal|p2a: Eelektross|74/100|[from] item: Leftovers
|upkeep
|turn|6
|
|t:|1776068287
|switch|p2a: Alomomola|Alomomola, M|100/100
|move|p1a: Let you Down|Stealth Rock|p2a: Alomomola
|-sidestart|p2: x_Anabolyc_X|move: Stealth Rock
|
|upkeep
|turn|7
|
|t:|1776068292
|move|p1a: Let you Down|Taunt|p2a: Alomomola
|-start|p2a: Alomomola|move: Taunt
|cant|p2a: Alomomola|move: Taunt|Wish
|
|upkeep
|turn|8
|
|t:|1776068296
|move|p1a: Let you Down|U-turn|p2a: Alomomola
|-damage|p2a: Alomomola|89/100
|-damage|p1a: Let you Down|84/100|[from] item: Rocky Helmet|[of] p2a: Alomomola
|
|t:|1776068300
|switch|p1a: Humanity|Volcanion|100/100|[from] U-turn
|move|p2a: Alomomola|Flip Turn|p1a: Humanity
|-immune|p1a: Humanity|[from] ability: Water Absorb
|
|upkeep
|turn|9
|
|t:|1776068325
|switch|p2a: Ogerpon|Ogerpon-Wellspring, F|100/100
|-damage|p2a: Ogerpon|88/100|[from] Stealth Rock
|move|p1a: Humanity|Steam Eruption|p2a: Ogerpon
|-heal|p2a: Ogerpon|100/100|[from] ability: Water Absorb|[of] p1a: Humanity
|
|upkeep
|turn|10
|
|t:|1776068333
|move|p2a: Ogerpon|Swords Dance|p2a: Ogerpon
|-boost|p2a: Ogerpon|atk|2
|move|p1a: Humanity|Flamethrower|p2a: Ogerpon
|-crit|p2a: Ogerpon
|-damage|p2a: Ogerpon|17/100
|-status|p2a: Ogerpon|brn
|
|-damage|p2a: Ogerpon|11/100 brn|[from] brn
|upkeep
|turn|11
|
|t:|1776068343
|move|p2a: Ogerpon|Play Rough|p1a: Humanity
|-resisted|p1a: Humanity
|-damage|p1a: Humanity|85/100
|move|p1a: Humanity|Flamethrower|p2a: Ogerpon
|-damage|p2a: Ogerpon|0 fnt
|faint|p2a: Ogerpon
|
|upkeep
|
|t:|1776068366
|switch|p2a: Eelektross|Eelektross, M|74/100
|-damage|p2a: Eelektross|62/100|[from] Stealth Rock
|turn|12
|
|t:|1776068375
|switch|p2a: Gliscor|Gliscor, F|100/100
|-damage|p2a: Gliscor|88/100|[from] Stealth Rock
|move|p1a: Humanity|Steam Eruption|p2a: Gliscor
|-supereffective|p2a: Gliscor
|-damage|p2a: Gliscor|0 fnt
|faint|p2a: Gliscor
|
|upkeep
|inactive|x_Anabolyc_X has 120 seconds left.
|
|t:|1776068392
|switch|p2a: Polteageist|Polteageist|100/100
|-damage|p2a: Polteageist|88/100|[from] Stealth Rock
|turn|13
|
|t:|1776068400
|move|p2a: Polteageist|Shell Smash|p2a: Polteageist
|-unboost|p2a: Polteageist|def|1
|-unboost|p2a: Polteageist|spd|1
|-boost|p2a: Polteageist|atk|2
|-boost|p2a: Polteageist|spa|2
|-boost|p2a: Polteageist|spe|2
|-enditem|p2a: Polteageist|White Herb
|-clearnegativeboost|p2a: Polteageist|[silent]
|move|p1a: Humanity|Steam Eruption|p2a: Polteageist
|-damage|p2a: Polteageist|32/100
|-start|p1a: Humanity|Disable|Steam Eruption|[from] ability: Cursed Body|[of] p2a: Polteageist
|
|upkeep
|turn|14
|inactive|x_Anabolyc_X has 120 seconds left.
|
|t:|1776068417
|switch|p1a: My moon my Man|Kingambit, M|100/100
|move|p2a: Polteageist|Shadow Ball|p1a: My moon my Man
|-resisted|p1a: My moon my Man
|-damage|p1a: My moon my Man|58/100
|
|upkeep
|turn|15
|
|t:|1776068426
|switch|p2a: Alomomola|Alomomola, M|100/100
|-damage|p2a: Alomomola|88/100|[from] Stealth Rock
|move|p1a: My moon my Man|Sucker Punch||[still]
|-fail|p1a: My moon my Man
|
|upkeep
|turn|16
|
|t:|1776068435
|move|p1a: My moon my Man|Swords Dance|p1a: My moon my Man
|-boost|p1a: My moon my Man|atk|2
|move|p2a: Alomomola|Wish|p2a: Alomomola
|
|upkeep
|turn|17
|
|t:|1776068444
|-end|p1a: My moon my Man|fallenundefined|[silent]
|switch|p1a: Humanity|Volcanion|85/100
|switch|p2a: Skeledirge|Skeledirge, F|75/100
|-damage|p2a: Skeledirge|50/100|[from] Stealth Rock
|
|-heal|p2a: Skeledirge|100/100|[from] move: Wish|[wisher] Alomomola
|upkeep
|turn|18
|
|t:|1776068461
|switch|p2a: Alomomola|Alomomola, M|100/100
|-damage|p2a: Alomomola|88/100|[from] Stealth Rock
|move|p1a: Humanity|Steam Eruption|p2a: Alomomola
|-resisted|p2a: Alomomola
|-damage|p2a: Alomomola|50/100
|-status|p2a: Alomomola|brn
|
|-damage|p2a: Alomomola|43/100 brn|[from] brn
|upkeep
|turn|19
|
|t:|1776068471
|move|p1a: Humanity|Taunt|p2a: Alomomola
|-start|p2a: Alomomola|move: Taunt
|cant|p2a: Alomomola|move: Taunt|Wish
|
|-damage|p2a: Alomomola|37/100 brn|[from] brn
|upkeep
|turn|20
|-message|x_Anabolyc_X forfeited.
|
|win|Djchsjsnsnsndndnd
|raw|Djchsjsnsnsndndnd's rating: 1000 &rarr; <strong>1043</strong><br />(+43 for winning)
|raw|x_Anabolyc_X's rating: 1022 &rarr; <strong>1008</strong><br />(-14 for losing)
|l|☆x_Anabolyc_X
|player|p2|
