|html|<div class="broadcast-blue"><strong>[Gen 9] OU is currently suspecting Tera Blast! For information on how to participate check out the <a href="https://www.smogon.com/tools/suspects/view/200">suspect thread</a>.</strong></div>
|j|☆Yox7460
|j|☆versacis
|t:|1776078338
|gametype|singles
|player|p1|Yox7460|n|1398
|player|p2|versacis|bugcatcher-gen4dp|1349
|gen|9
|tier|[Gen 9] OU
|rated|
|rule|HP Percentage Mod: HP is shown in percentages
|rule|Endless Battle Clause: Forcing endless battles is banned
|rule|Species Clause: Limit one of each Pokémon
|rule|OHKO Clause: OHKO moves are banned
|rule|Evasion Items Clause: Evasion items are banned
|rule|Evasion Moves Clause: Evasion moves are banned
|rule|Evasion Abilities Clause: Evasion abilities are banned
|rule|Sleep Moves Clause: Sleep-inducing moves are banned
|clearpoke
|poke|p1|Landorus-Therian, M|
|poke|p1|Scizor, F|
|poke|p1|Primarina, F|
|poke|p1|Raging Bolt|
|poke|p1|Pecharunt|
|poke|p1|Iron Valiant|
|poke|p2|Hydrapple, F|
|poke|p2|Slowking, F|
|poke|p2|Ursaluna, F|
|poke|p2|Conkeldurr, M|
|poke|p2|Diancie|
|poke|p2|Iron Hands|
|teampreview
|inactive|Battle timer is ON: inactive players will automatically lose when time's up. (requested by Yox7460)
|
|t:|1776078350
|teamsize|p1|6
|teamsize|p2|6
|start
|switch|p1a: Scizor|Scizor, F|100/100
|switch|p2a: Iron Hands|Iron Hands|100/100
|turn|1
|
|t:|1776078358
|move|p1a: Scizor|Knock Off|p2a: Iron Hands
|-resisted|p2a: Iron Hands
|-damage|p2a: Iron Hands|89/100
|-enditem|p2a: Iron Hands|Life Orb|[from] move: Knock Off|[of] p1a: Scizor
|move|p2a: Iron Hands|Earthquake|p1a: Scizor
|-damage|p1a: Scizor|57/100
|
|-heal|p1a: Scizor|63/100|[from] item: Leftovers
|upkeep
|turn|2
|
|t:|1776078369
|switch|p1a: Landorus|Landorus-Therian, M|100/100
|-ability|p1a: Landorus|Intimidate|boost
|-unboost|p2a: Iron Hands|atk|1
|move|p2a: Iron Hands|Supercell Slam|p1a: Landorus
|-immune|p1a: Landorus
|-damage|p2a: Iron Hands|39/100|[from] supercellslam
|
|upkeep
|turn|3
|
|t:|1776078378
|move|p1a: Landorus|U-turn|p2a: Iron Hands
|-resisted|p2a: Iron Hands
|-damage|p2a: Iron Hands|33/100
|
|t:|1776078381
|switch|p1a: Scizor|Scizor, F|63/100|[from] U-turn
|move|p2a: Iron Hands|Ice Punch|p1a: Scizor
|-resisted|p1a: Scizor
|-damage|p1a: Scizor|52/100
|
|-heal|p1a: Scizor|58/100|[from] item: Leftovers
|upkeep
|turn|4
|
|t:|1776078396
|-end|p2a: Iron Hands|Quark Drive|[silent]
|switch|p2a: Conkeldurr|Conkeldurr, M|100/100
|move|p1a: Scizor|Close Combat|p2a: Conkeldurr
|-damage|p2a: Conkeldurr|60/100
|-unboost|p1a: Scizor|def|1
|-unboost|p1a: Scizor|spd|1
|
|-heal|p1a: Scizor|64/100|[from] item: Leftovers
|-status|p2a: Conkeldurr|brn|[from] item: Flame Orb
|upkeep
|turn|5
|
|t:|1776078412
|switch|p1a: Pecharunt|Pecharunt|100/100
|move|p2a: Conkeldurr|Mach Punch|p1a: Pecharunt
|-immune|p1a: Pecharunt
|
|-damage|p2a: Conkeldurr|54/100 brn|[from] brn
|upkeep
|turn|6
|
|t:|1776078423
|move|p1a: Pecharunt|Parting Shot|p2a: Conkeldurr
|-unboost|p2a: Conkeldurr|atk|1
|-unboost|p2a: Conkeldurr|spa|1
|
|t:|1776078426
|switch|p1a: Landorus|Landorus-Therian, M|100/100|[from] Parting Shot
|-ability|p1a: Landorus|Intimidate|boost
|-unboost|p2a: Conkeldurr|atk|1
|move|p2a: Conkeldurr|Knock Off|p1a: Landorus
|-damage|p1a: Landorus|74/100
|-enditem|p1a: Landorus|Leftovers|[from] move: Knock Off|[of] p2a: Conkeldurr
|
|-damage|p2a: Conkeldurr|48/100 brn|[from] brn
|upkeep
|turn|7
|
|t:|1776078439
|switch|p2a: Hydrapple|Hydrapple, F, shiny|100/100
|move|p1a: Landorus|Stealth Rock|p2a: Hydrapple
|-sidestart|p2: versacis|move: Stealth Rock
|
|upkeep
|turn|8
|
|t:|1776078444
|move|p1a: Landorus|U-turn|p2a: Hydrapple
|-supereffective|p2a: Hydrapple
|-damage|p2a: Hydrapple|69/100
|
|t:|1776078449
|switch|p1a: Scizor|Scizor, F|64/100|[from] U-turn
|move|p2a: Hydrapple|Giga Drain|p1a: Scizor
|-resisted|p1a: Scizor
|-damage|p1a: Scizor|50/100
|-heal|p2a: Hydrapple|75/100|[from] drain|[of] p1a: Scizor
|
|-heal|p1a: Scizor|57/100|[from] item: Leftovers
|-heal|p2a: Hydrapple|81/100|[from] item: Leftovers
|upkeep
|turn|9
|
|t:|1776078461
|move|p1a: Scizor|Knock Off|p2a: Hydrapple
|-damage|p2a: Hydrapple|56/100
|-enditem|p2a: Hydrapple|Leftovers|[from] move: Knock Off|[of] p1a: Scizor
|move|p2a: Hydrapple|Fickle Beam|p1a: Scizor|[anim] Fickle Beam All Out
|-activate|p2a: Hydrapple|move: Fickle Beam
|-resisted|p1a: Scizor
|-damage|p1a: Scizor|0 fnt
|faint|p1a: Scizor
|
|upkeep
|
|t:|1776078477
|switch|p1a: Pecharunt|Pecharunt|100/100
|turn|10
|
|t:|1776078482
|switch|p2a: Slowking|Slowking, F|100/100
|-damage|p2a: Slowking|88/100|[from] Stealth Rock
|move|p1a: Pecharunt|Malignant Chain|p2a: Slowking
|-damage|p2a: Slowking|64/100
|
|-heal|p2a: Slowking|70/100|[from] item: Leftovers
|upkeep
|turn|11
|
|t:|1776078490
|move|p1a: Pecharunt|Shadow Ball|p2a: Slowking
|-supereffective|p2a: Slowking
|-damage|p2a: Slowking|35/100
|move|p2a: Slowking|Trick Room|p2a: Slowking
|-fieldstart|move: Trick Room|[of] p2a: Slowking
|
|-heal|p2a: Slowking|41/100|[from] item: Leftovers
|upkeep
|turn|12
|
|t:|1776078498
|switch|p2a: Ursaluna|Ursaluna, F|100/100
|-damage|p2a: Ursaluna|94/100|[from] Stealth Rock
|move|p1a: Pecharunt|Malignant Chain|p2a: Ursaluna
|-resisted|p2a: Ursaluna
|-damage|p2a: Ursaluna|78/100
|-status|p2a: Ursaluna|tox
|-start|p2a: Ursaluna|confusion|[from] ability: Poison Puppeteer|[of] p1a: Pecharunt
|
|-damage|p2a: Ursaluna|72/100 tox|[from] psn
|upkeep
|turn|13
|
|t:|1776078510
|-activate|p2a: Ursaluna|confusion
|-damage|p2a: Ursaluna|61/100 tox|[from] confusion
|move|p1a: Pecharunt|Shadow Ball|p2a: Ursaluna
|-immune|p2a: Ursaluna
|
|-damage|p2a: Ursaluna|49/100 tox|[from] psn
|upkeep
|turn|14
|
|t:|1776078520
|switch|p1a: Landorus|Landorus-Therian, M|74/100
|-ability|p1a: Landorus|Intimidate|boost
|-unboost|p2a: Ursaluna|atk|1
|-activate|p2a: Ursaluna|confusion
|move|p2a: Ursaluna|Earthquake|p1a: Landorus
|-immune|p1a: Landorus
|
|-damage|p2a: Ursaluna|30/100 tox|[from] psn
|upkeep
|turn|15
|
|t:|1776078530
|switch|p1a: Pecharunt|Pecharunt|100/100
|-activate|p2a: Ursaluna|confusion
|move|p2a: Ursaluna|Ice Punch|p1a: Pecharunt
|-damage|p1a: Pecharunt|82/100
|
|-damage|p2a: Ursaluna|6/100 tox|[from] psn
|-fieldend|move: Trick Room
|upkeep
|turn|16
|-message|versacis forfeited.
|
|win|Yox7460
|raw|Yox7460's rating: 1398 &rarr; <strong>1415</strong><br />(+17 for winning)
|raw|versacis's rating: 1349 &rarr; <strong>1332</strong><br />(-17 for losing)
|l|☆versacis
|player|p2|
|c|☆Yox7460|?
|l|☆Yox7460
|player|p1|
