|html|<div class="broadcast-blue"><strong>[Gen 9] OU is currently suspecting Tera Blast! For information on how to participate check out the <a href="https://www.smogon.com/tools/suspects/view/200">suspect thread</a>.</strong></div>
|j|☆subtect kyurem
|j|☆swiggler
|t:|1776083496
|gametype|singles
|player|p1|subtect kyurem|cheren-masters|1653
|player|p2|swiggler|bugcatcher-gen4dp|1697
|gen|9
|tier|[Gen 9] OU
|rated|
|rule|HP Percentage Mod: HP is shown in percentages
|rule|Endless Battle Clause: Forcing endless battles is banned
|rule|Species Clause: Limit one of each Pokémon
|rule|OHKO Clause: OHKO moves are banned
|rule|Evasion Items Clause: Evasion items are banned
|rule|Evasion Moves Clause: Evasion moves are banned
|rule|Evasion Abilities Clause: Evasion abilities are banned
|rule|Sleep Moves Clause: Sleep-inducing moves are banned
|clearpoke
|poke|p1|Landorus-Therian, M|
|poke|p1|Samurott-Hisui, F|
|poke|p1|Iron Crown|
|poke|p1|Pecharunt|
|poke|p1|Dragapult, F|
|poke|p1|Kingambit, F|
|poke|p2|Ninetales, F|
|poke|p2|Cresselia, F|
|poke|p2|Raging Bolt|
|poke|p2|Iron Moth|
|poke|p2|Great Tusk|
|poke|p2|Walking Wake|
|teampreview
|inactive|Battle timer is ON: inactive players will automatically lose when time's up. (requested by swiggler)
|
|t:|1776083505
|teamsize|p1|6
|teamsize|p2|6
|start
|switch|p1a: Dragapult|Dragapult, F|100/100
|switch|p2a: Walking Wake|Walking Wake|100/100
|turn|1
|
|t:|1776083509
|-end|p2a: Walking Wake|Protosynthesis|[silent]
|switch|p2a: Cresselia|Cresselia, F|100/100
|move|p1a: Dragapult|Dragon Darts|p2a: Cresselia
|-damage|p2a: Cresselia|82/100
|-anim|p1a: Dragapult|Dragon Darts|p2a: Cresselia
|-damage|p2a: Cresselia|64/100
|-enditem|p2a: Cresselia|Eject Button
|
|t:|1776083525
|switch|p2a: Great Tusk|Great Tusk|100/100
|
|upkeep
|turn|2
|
|t:|1776083530
|switch|p1a: Landorus|Landorus-Therian, M|100/100
|-ability|p1a: Landorus|Intimidate|boost
|-unboost|p2a: Great Tusk|atk|1
|move|p2a: Great Tusk|Stealth Rock|p1a: Landorus
|-sidestart|p1: subtect kyurem|move: Stealth Rock
|
|upkeep
|turn|3
|
|t:|1776083537
|-end|p2a: Great Tusk|Protosynthesis|[silent]
|switch|p2a: Walking Wake|Walking Wake|100/100
|move|p1a: Landorus|Stealth Rock|p2a: Walking Wake
|-sidestart|p2: swiggler|move: Stealth Rock
|
|upkeep
|turn|4
|
|t:|1776083540
|switch|p1a: Samurott|Samurott-Hisui, F|100/100
|-damage|p1a: Samurott|88/100|[from] Stealth Rock
|move|p2a: Walking Wake|Hydro Steam|p1a: Samurott
|-resisted|p1a: Samurott
|-damage|p1a: Samurott|65/100
|
|upkeep
|turn|5
|
|t:|1776083547
|-end|p2a: Walking Wake|Protosynthesis|[silent]
|switch|p2a: Great Tusk|Great Tusk|100/100
|-damage|p2a: Great Tusk|97/100|[from] Stealth Rock
|move|p1a: Samurott|Ceaseless Edge|p2a: Great Tusk
|-resisted|p2a: Great Tusk
|-damage|p2a: Great Tusk|83/100
|-damage|p1a: Samurott|48/100|[from] item: Rocky Helmet|[of] p2a: Great Tusk
|-sidestart|p2: swiggler|Spikes
|
|upkeep
|turn|6
|
|t:|1776083558
|move|p2a: Great Tusk|Headlong Rush|p1a: Samurott
|-damage|p1a: Samurott|0 fnt
|-unboost|p2a: Great Tusk|def|1
|-unboost|p2a: Great Tusk|spd|1
|faint|p1a: Samurott
|
|upkeep
|
|t:|1776083567
|switch|p1a: Pecharunt|Pecharunt|100/100
|turn|7
|
|t:|1776083580
|-end|p2a: Great Tusk|Protosynthesis|[silent]
|switch|p2a: Ninetales|Ninetales, F|100/100
|-damage|p2a: Ninetales|76/100|[from] Stealth Rock
|-damage|p2a: Ninetales|63/100|[from] Spikes
|-weather|SunnyDay|[from] ability: Drought|[of] p2a: Ninetales
|move|p1a: Pecharunt|Malignant Chain|p2a: Ninetales
|-damage|p2a: Ninetales|25/100
|-status|p2a: Ninetales|tox
|-start|p2a: Ninetales|confusion|[from] ability: Poison Puppeteer|[of] p1a: Pecharunt
|
|-weather|SunnyDay|[upkeep]
|-damage|p2a: Ninetales|19/100 tox|[from] psn
|upkeep
|turn|8
|
|t:|1776083592
|switch|p2a: Iron Moth|Iron Moth|100/100
|-damage|p2a: Iron Moth|76/100|[from] Stealth Rock
|-damage|p2a: Iron Moth|63/100|[from] Spikes
|-enditem|p2a: Iron Moth|Booster Energy
|-activate|p2a: Iron Moth|ability: Quark Drive|[fromitem]
|-start|p2a: Iron Moth|quarkdrivespe
|move|p1a: Pecharunt|Malignant Chain|p2a: Iron Moth
|-resisted|p2a: Iron Moth
|-damage|p2a: Iron Moth|44/100
|
|-weather|SunnyDay|[upkeep]
|upkeep
|turn|9
|j| klopppool
|
|t:|1776083614
|move|p2a: Iron Moth|Fiery Dance|p1a: Pecharunt
|-damage|p1a: Pecharunt|29/100
|-boost|p2a: Iron Moth|spa|1
|move|p1a: Pecharunt|Shadow Ball|p2a: Iron Moth
|-damage|p2a: Iron Moth|12/100
|-unboost|p2a: Iron Moth|spd|1
|
|-weather|SunnyDay|[upkeep]
|upkeep
|turn|10
|
|t:|1776083624
|move|p2a: Iron Moth|Fiery Dance|p1a: Pecharunt
|-damage|p1a: Pecharunt|0 fnt
|faint|p1a: Pecharunt
|
|-weather|SunnyDay|[upkeep]
|upkeep
|inactive|subtect kyurem has 120 seconds left.
|j| Pulkatz
|
|t:|1776083674
|switch|p1a: Kingambit|Kingambit, F|100/100
|-damage|p1a: Kingambit|94/100|[from] Stealth Rock
|-activate|p1a: Kingambit|ability: Supreme Overlord
|-start|p1a: Kingambit|fallen2|[silent]
|turn|11
|
|t:|1776083676
|move|p1a: Kingambit|Sucker Punch||[still]
|-fail|p1a: Kingambit
|move|p2a: Iron Moth|Morning Sun|p2a: Iron Moth
|-heal|p2a: Iron Moth|79/100
|
|-weather|SunnyDay|[upkeep]
|-heal|p1a: Kingambit|100/100|[from] item: Leftovers
|upkeep
|turn|12
|
|t:|1776083696
|-end|p1a: Kingambit|fallen2|[silent]
|switch|p1a: Landorus|Landorus-Therian, M|100/100
|-damage|p1a: Landorus|88/100|[from] Stealth Rock
|-ability|p1a: Landorus|Intimidate|boost
|-unboost|p2a: Iron Moth|atk|1
|move|p2a: Iron Moth|Fiery Dance|p1a: Landorus
|-damage|p1a: Landorus|0 fnt
|-boost|p2a: Iron Moth|spa|1
|faint|p1a: Landorus
|
|-weather|SunnyDay|[upkeep]
|upkeep
|inactive|subtect kyurem has 90 seconds left.
|
|t:|1776083738
|switch|p1a: Dragapult|Dragapult, F|100/100
|-damage|p1a: Dragapult|88/100|[from] Stealth Rock
|turn|13
|
|t:|1776083743
|move|p2a: Iron Moth|Fiery Dance|p1a: Dragapult
|-resisted|p1a: Dragapult
|-damage|p1a: Dragapult|9/100
|-boost|p2a: Iron Moth|spa|1
|move|p1a: Dragapult|Dragon Darts|p2a: Iron Moth
|-damage|p2a: Iron Moth|22/100
|-anim|p1a: Dragapult|Dragon Darts|p2a: Iron Moth
|-damage|p2a: Iron Moth|0 fnt
|faint|p2a: Iron Moth
|-end|p2a: Iron Moth|Quark Drive|[silent]
|
|-weather|SunnyDay|[upkeep]
|upkeep
|
|t:|1776083751
|switch|p2a: Great Tusk|Great Tusk|83/100
|-damage|p2a: Great Tusk|80/100|[from] Stealth Rock
|-damage|p2a: Great Tusk|68/100|[from] Spikes
|-activate|p2a: Great Tusk|ability: Protosynthesis
|-start|p2a: Great Tusk|protosynthesisspe
|turn|14
|
|t:|1776083755
|move|p2a: Great Tusk|Headlong Rush|p1a: Dragapult
|-damage|p1a: Dragapult|0 fnt
|-unboost|p2a: Great Tusk|def|1
|-unboost|p2a: Great Tusk|spd|1
|faint|p1a: Dragapult
|
|-weather|none
|-end|p2a: Great Tusk|Protosynthesis
|upkeep
|
|t:|1776083759
|switch|p1a: Iron Crown|Iron Crown|100/100
|-damage|p1a: Iron Crown|94/100|[from] Stealth Rock
|turn|15
|j| Yupisaurus
|
|t:|1776083773
|-end|p2a: Great Tusk|Protosynthesis|[silent]
|switch|p2a: Raging Bolt|Raging Bolt|100/100
|-damage|p2a: Raging Bolt|88/100|[from] Stealth Rock
|-damage|p2a: Raging Bolt|76/100|[from] Spikes
|move|p1a: Iron Crown|Tachyon Cutter|p2a: Raging Bolt
|-resisted|p2a: Raging Bolt
|-damage|p2a: Raging Bolt|65/100
|-resisted|p2a: Raging Bolt
|-damage|p2a: Raging Bolt|53/100
|-hitcount|p2a: Raging Bolt|2
|
|upkeep
|turn|16
|
|t:|1776083780
|move|p1a: Iron Crown|Future Sight|p2a: Raging Bolt
|-start|p1a: Iron Crown|move: Future Sight
|move|p2a: Raging Bolt|Thunderbolt|p1a: Iron Crown
|-damage|p1a: Iron Crown|47/100
|-damage|p2a: Raging Bolt|43/100|[from] item: Life Orb
|
|upkeep
|turn|17
|inactive|subtect kyurem has 120 seconds left.
|
|t:|1776083789
|move|p1a: Iron Crown|Focus Blast|p2a: Raging Bolt
|-damage|p2a: Raging Bolt|2/100
|move|p2a: Raging Bolt|Thunderbolt|p1a: Iron Crown
|-damage|p1a: Iron Crown|3/100
|-damage|p2a: Raging Bolt|0 fnt|[from] item: Life Orb
|faint|p2a: Raging Bolt
|-end|p2a: Raging Bolt|Protosynthesis|[silent]
|
|upkeep
|
|t:|1776083802
|switch|p2a: Cresselia|Cresselia, F|64/100
|-damage|p2a: Cresselia|51/100|[from] Stealth Rock
|turn|18
|
|t:|1776083812
|move|p1a: Iron Crown|Tachyon Cutter|p2a: Cresselia
|-damage|p2a: Cresselia|33/100
|-damage|p2a: Cresselia|18/100
|-hitcount|p2a: Cresselia|2
|move|p2a: Cresselia|Ice Beam|p1a: Iron Crown
|-resisted|p1a: Iron Crown
|-damage|p1a: Iron Crown|0 fnt
|faint|p1a: Iron Crown
|-end|p1a: Iron Crown|Quark Drive|[silent]
|
|-end|p2a: Cresselia|move: Future Sight
|-resisted|p2a: Cresselia
|-damage|p2a: Cresselia|0 fnt
|faint|p2a: Cresselia
|upkeep
|
|t:|1776083818
|switch|p1a: Kingambit|Kingambit, F|100/100
|switch|p2a: Great Tusk|Great Tusk|68/100
|-damage|p2a: Great Tusk|65/100|[from] Stealth Rock
|-damage|p2a: Great Tusk|52/100|[from] Spikes
|-damage|p1a: Kingambit|94/100|[from] Stealth Rock
|-activate|p1a: Kingambit|ability: Supreme Overlord
|-start|p1a: Kingambit|fallen5|[silent]
|turn|19
|
|t:|1776083824
|-terastallize|p1a: Kingambit|Ghost
|move|p2a: Great Tusk|Rapid Spin|p1a: Kingambit
|-immune|p1a: Kingambit
|move|p1a: Kingambit|Iron Head|p2a: Great Tusk
|-damage|p2a: Great Tusk|6/100
|-damage|p1a: Kingambit|78/100|[from] item: Rocky Helmet|[of] p2a: Great Tusk
|
|-heal|p1a: Kingambit|84/100|[from] item: Leftovers
|upkeep
|turn|20
|
|t:|1776083832
|move|p1a: Kingambit|Sucker Punch|p2a: Great Tusk
|-resisted|p2a: Great Tusk
|-damage|p2a: Great Tusk|0 fnt
|-damage|p1a: Kingambit|68/100|[from] item: Rocky Helmet|[of] p2a: Great Tusk
|faint|p2a: Great Tusk
|-end|p2a: Great Tusk|Protosynthesis|[silent]
|
|-heal|p1a: Kingambit|74/100|[from] item: Leftovers
|upkeep
|
|t:|1776083843
|switch|p2a: Walking Wake|Walking Wake|100/100
|-damage|p2a: Walking Wake|88/100|[from] Stealth Rock
|-damage|p2a: Walking Wake|76/100|[from] Spikes
|turn|21
|
|t:|1776083847
|-terastallize|p2a: Walking Wake|Water
|move|p2a: Walking Wake|Hydro Steam|p1a: Kingambit
|-damage|p1a: Kingambit|0 fnt
|faint|p1a: Kingambit
|-end|p1a: Kingambit|fallen5|[silent]
|
|win|swiggler
|raw|subtect kyurem's rating: 1653 &rarr; <strong>1636</strong><br />(-17 for losing)
|raw|swiggler's rating: 1697 &rarr; <strong>1714</strong><br />(+17 for winning)
|l|☆swiggler
|player|p2|
|l|☆subtect kyurem
|player|p1|
|l| Yupisaurus
|l| Pulkatz
|j| Pulkatz
|l| Pulkatz
