|html|<div class="broadcast-blue"><strong>[Gen 9] OU is currently suspecting Tera Blast! For information on how to participate check out the <a href="https://www.smogon.com/tools/suspects/view/200">suspect thread</a>.</strong></div>
|j|☆DcBaker
|j|☆ruin123456
|t:|1776128623
|gametype|singles
|player|p1|DcBaker|pokemonrangerf|1266
|player|p2|ruin123456|169|1221
|gen|9
|tier|[Gen 9] OU
|rated|
|rule|HP Percentage Mod: HP is shown in percentages
|rule|Endless Battle Clause: Forcing endless battles is banned
|rule|Species Clause: Limit one of each Pokémon
|rule|OHKO Clause: OHKO moves are banned
|rule|Evasion Items Clause: Evasion items are banned
|rule|Evasion Moves Clause: Evasion moves are banned
|rule|Evasion Abilities Clause: Evasion abilities are banned
|rule|Sleep Moves Clause: Sleep-inducing moves are banned
|clearpoke
|poke|p1|Hydrapple, M|
|poke|p1|Gliscor, M|
|poke|p1|Slowking-Galar, M|
|poke|p1|Cinderace, M|
|poke|p1|Kingambit, M|
|poke|p1|Iron Valiant|
|poke|p2|Samurott-Hisui, M|
|poke|p2|Kingambit, F|
|poke|p2|Dragonite, M|
|poke|p2|Iron Valiant|
|poke|p2|Great Tusk|
|poke|p2|Skeledirge, M|
|teampreview
|inactive|Battle timer is ON: inactive players will automatically lose when time's up. (requested by DcBaker)
|
|t:|1776128641
|teamsize|p1|6
|teamsize|p2|6
|start
|switch|p1a: Ice Man|Slowking-Galar, M, shiny|100/100
|switch|p2a: Dragonite|Dragonite, M|100/100
|turn|1
|
|t:|1776128660
|move|p2a: Dragonite|Dragon Dance|p2a: Dragonite
|-boost|p2a: Dragonite|atk|1
|-boost|p2a: Dragonite|spe|1
|move|p1a: Ice Man|Whirlpool|p2a: Dragonite
|-resisted|p2a: Dragonite
|-damage|p2a: Dragonite|98/100
|-activate|p2a: Dragonite|move: Whirlpool|[of] p1a: Ice Man
|
|-damage|p2a: Dragonite|86/100|[from] move: Whirlpool|[partiallytrapped]
|upkeep
|turn|2
|
|t:|1776128669
|move|p2a: Dragonite|Earthquake|p1a: Ice Man
|-supereffective|p1a: Ice Man
|-damage|p1a: Ice Man|6/100
|move|p1a: Ice Man|Sludge Bomb|p2a: Dragonite
|-damage|p2a: Dragonite|47/100
|-status|p2a: Dragonite|psn
|
|-damage|p2a: Dragonite|35/100 psn|[from] psn
|-damage|p2a: Dragonite|22/100 psn|[from] move: Whirlpool|[partiallytrapped]
|upkeep
|turn|3
|
|t:|1776128678
|move|p2a: Dragonite|Extreme Speed|p1a: Ice Man
|-damage|p1a: Ice Man|0 fnt
|faint|p1a: Ice Man
|
|-damage|p2a: Dragonite|10/100 psn|[from] psn
|-end|p2a: Dragonite|Whirlpool|[partiallytrapped]|[silent]
|upkeep
|
|t:|1776128684
|switch|p1a: CP3|Gliscor, M, shiny|100/100
|turn|4
|
|t:|1776128687
|move|p1a: CP3|Protect|p1a: CP3
|-singleturn|p1a: CP3|Protect
|move|p2a: Dragonite|Ice Spinner|p1a: CP3
|-activate|p1a: CP3|move: Protect
|
|-damage|p2a: Dragonite|0 fnt|[from] psn
|faint|p2a: Dragonite
|-status|p1a: CP3|tox|[from] item: Toxic Orb
|upkeep
|
|t:|1776128698
|switch|p2a: Kingambit|Kingambit, F|100/100
|-activate|p2a: Kingambit|ability: Supreme Overlord
|-start|p2a: Kingambit|fallen1|[silent]
|turn|5
|
|t:|1776128726
|move|p1a: CP3|Swords Dance|p1a: CP3
|-boost|p1a: CP3|atk|2
|move|p2a: Kingambit|Swords Dance|p2a: Kingambit
|-boost|p2a: Kingambit|atk|2
|
|upkeep
|turn|6
|
|t:|1776128749
|move|p1a: CP3|Earthquake|p2a: Kingambit
|-supereffective|p2a: Kingambit
|-enditem|p2a: Kingambit|Focus Sash
|-damage|p2a: Kingambit|1/100
|move|p2a: Kingambit|Kowtow Cleave|p1a: CP3
|-damage|p1a: CP3|2/100 tox
|
|-heal|p1a: CP3|14/100 tox|[from] ability: Poison Heal
|upkeep
|turn|7
|
|t:|1776128758
|move|p1a: CP3|Protect|p1a: CP3
|-singleturn|p1a: CP3|Protect
|move|p2a: Kingambit|Sucker Punch||[still]
|-fail|p2a: Kingambit
|
|-heal|p1a: CP3|26/100 tox|[from] ability: Poison Heal
|upkeep
|turn|8
|
|t:|1776128769
|move|p1a: CP3|Swords Dance|p1a: CP3
|-boost|p1a: CP3|atk|2
|move|p2a: Kingambit|Kowtow Cleave|p1a: CP3
|-damage|p1a: CP3|0 fnt
|faint|p1a: CP3
|
|upkeep
|
|t:|1776128774
|switch|p1a: Zion|Hydrapple, M, shiny|100/100
|turn|9
|
|t:|1776128780
|move|p2a: Kingambit|Kowtow Cleave|p1a: Zion
|-damage|p1a: Zion|24/100
|move|p1a: Zion|Giga Drain|p2a: Kingambit
|-resisted|p2a: Kingambit
|-damage|p2a: Kingambit|0 fnt
|-heal|p1a: Zion|24/100|[from] drain|[of] p2a: Kingambit
|faint|p2a: Kingambit
|-end|p2a: Kingambit|fallen1|[silent]
|-damage|p1a: Zion|14/100|[from] item: Life Orb
|
|upkeep
|
|t:|1776128793
|switch|p2a: Samurott|Samurott-Hisui, M|100/100
|turn|10
|
|t:|1776128800
|move|p2a: Samurott|Ceaseless Edge|p1a: Zion
|-damage|p1a: Zion|0 fnt
|-sidestart|p1: DcBaker|Spikes
|faint|p1a: Zion
|
|upkeep
|
|t:|1776128803
|switch|p1a: Lebron|Iron Valiant, shiny|100/100
|-damage|p1a: Lebron|88/100|[from] Spikes
|-enditem|p1a: Lebron|Booster Energy
|-activate|p1a: Lebron|ability: Quark Drive|[fromitem]
|-start|p1a: Lebron|quarkdrivespe
|turn|11
|
|t:|1776128811
|move|p1a: Lebron|Moonblast|p2a: Samurott
|-supereffective|p2a: Samurott
|-enditem|p2a: Samurott|Focus Sash
|-damage|p2a: Samurott|1/100
|move|p2a: Samurott|Razor Shell|p1a: Lebron
|-damage|p1a: Lebron|21/100
|-unboost|p1a: Lebron|def|1
|
|upkeep
|turn|12
|
|t:|1776128820
|move|p2a: Samurott|Aqua Jet|p1a: Lebron
|-damage|p1a: Lebron|0 fnt
|faint|p1a: Lebron
|-end|p1a: Lebron|Quark Drive|[silent]
|
|upkeep
|
|t:|1776128823
|switch|p1a: Steve Nash|Kingambit, M, shiny|100/100
|-activate|p1a: Steve Nash|ability: Supreme Overlord
|-start|p1a: Steve Nash|fallen4|[silent]
|-item|p1a: Steve Nash|Air Balloon
|turn|13
|
|t:|1776128829
|move|p1a: Steve Nash|Sucker Punch|p2a: Samurott
|-resisted|p2a: Samurott
|-damage|p2a: Samurott|0 fnt
|faint|p2a: Samurott
|
|upkeep
|
|t:|1776128832
|switch|p2a: Skeledirge|Skeledirge, M|100/100
|turn|14
|
|t:|1776128842
|move|p1a: Steve Nash|Swords Dance|p1a: Steve Nash
|-boost|p1a: Steve Nash|atk|2
|move|p2a: Skeledirge|Will-O-Wisp|p1a: Steve Nash
|-status|p1a: Steve Nash|brn
|
|-damage|p1a: Steve Nash|94/100 brn|[from] brn
|upkeep
|turn|15
|
|t:|1776128850
|move|p1a: Steve Nash|Sucker Punch|p2a: Skeledirge
|-supereffective|p2a: Skeledirge
|-damage|p2a: Skeledirge|57/100
|move|p2a: Skeledirge|Torch Song|p1a: Steve Nash
|-supereffective|p1a: Steve Nash
|-damage|p1a: Steve Nash|27/100 brn
|-boost|p2a: Skeledirge|spa|1
|-enditem|p1a: Steve Nash|Air Balloon
|
|-heal|p2a: Skeledirge|63/100|[from] item: Leftovers
|-damage|p1a: Steve Nash|21/100 brn|[from] brn
|upkeep
|turn|16
|
|t:|1776128860
|move|p1a: Steve Nash|Sucker Punch||[still]
|-fail|p1a: Steve Nash
|move|p2a: Skeledirge|Slack Off|p2a: Skeledirge
|-heal|p2a: Skeledirge|100/100
|
|-damage|p1a: Steve Nash|15/100 brn|[from] brn
|upkeep
|turn|17
|
|t:|1776128866
|move|p1a: Steve Nash|Sucker Punch||[still]
|-fail|p1a: Steve Nash
|move|p2a: Skeledirge|Slack Off||[still]
|-fail|p2a: Skeledirge|heal
|
|-damage|p1a: Steve Nash|9/100 brn|[from] brn
|upkeep
|turn|18
|
|t:|1776128876
|move|p1a: Steve Nash|Low Kick|p2a: Skeledirge
|-immune|p2a: Skeledirge
|move|p2a: Skeledirge|Slack Off||[still]
|-fail|p2a: Skeledirge|heal
|
|-damage|p1a: Steve Nash|3/100 brn|[from] brn
|upkeep
|turn|19
|
|t:|1776128885
|move|p1a: Steve Nash|Iron Head|p2a: Skeledirge
|-resisted|p2a: Skeledirge
|-damage|p2a: Skeledirge|88/100
|cant|p2a: Skeledirge|flinch
|
|-heal|p2a: Skeledirge|94/100|[from] item: Leftovers
|-damage|p1a: Steve Nash|0 fnt|[from] brn
|faint|p1a: Steve Nash
|-end|p1a: Steve Nash|fallen4|[silent]
|upkeep
|
|t:|1776128888
|switch|p1a: Wemby|Cinderace, M, shiny|100/100
|turn|20
|
|t:|1776128896
|move|p1a: Wemby|Sucker Punch|p2a: Skeledirge
|-start|p1a: Wemby|typechange|Dark|[from] ability: Libero
|-supereffective|p2a: Skeledirge
|-damage|p2a: Skeledirge|33/100
|move|p2a: Skeledirge|Hex|p1a: Wemby
|-resisted|p1a: Wemby
|-damage|p1a: Wemby|73/100
|
|-heal|p2a: Skeledirge|39/100|[from] item: Leftovers
|upkeep
|turn|21
|
|t:|1776128907
|move|p1a: Wemby|Court Change|p1a: Wemby
|-swapsideconditions
|-activate|p1a: Wemby|move: Court Change
|move|p2a: Skeledirge|Torch Song|p1a: Wemby
|-damage|p1a: Wemby|6/100
|-boost|p2a: Skeledirge|spa|1
|
|-heal|p2a: Skeledirge|45/100|[from] item: Leftovers
|upkeep
|turn|22
|
|t:|1776128915
|move|p1a: Wemby|Sucker Punch|p2a: Skeledirge
|-supereffective|p2a: Skeledirge
|-damage|p2a: Skeledirge|0 fnt
|faint|p2a: Skeledirge
|
|upkeep
|
|t:|1776128919
|switch|p2a: Great Tusk|Great Tusk|100/100
|turn|23
|
|t:|1776128927
|move|p1a: Wemby|Pyro Ball|p2a: Great Tusk
|-damage|p2a: Great Tusk|83/100
|move|p2a: Great Tusk|Rapid Spin|p1a: Wemby
|-crit|p1a: Wemby
|-damage|p1a: Wemby|0 fnt
|-boost|p2a: Great Tusk|spe|1
|-sideend|p2: ruin123456|Spikes|[from] move: Rapid Spin|[of] p2a: Great Tusk
|faint|p1a: Wemby
|
|win|ruin123456
|raw|DcBaker's rating: 1266 &rarr; <strong>1238</strong><br />(-28 for losing)
|raw|ruin123456's rating: 1221 &rarr; <strong>1249</strong><br />(+28 for winning)
