|html|<div class="broadcast-blue"><strong>[Gen 9] OU is currently suspecting Tera Blast! For information on how to participate check out the <a href="https://www.smogon.com/tools/suspects/view/200">suspect thread</a>.</strong></div>
|j|‽pigeon_lmao
|j|☆evilpidgeon47
|t:|1776111589
|gametype|singles
|player|p1|pigeon_lmao|265|1303
|player|p2|evilpidgeon47|lance|1339
|gen|9
|tier|[Gen 9] OU
|rated|
|rule|HP Percentage Mod: HP is shown in percentages
|rule|Endless Battle Clause: Forcing endless battles is banned
|rule|Species Clause: Limit one of each Pokémon
|rule|OHKO Clause: OHKO moves are banned
|rule|Evasion Items Clause: Evasion items are banned
|rule|Evasion Moves Clause: Evasion moves are banned
|rule|Evasion Abilities Clause: Evasion abilities are banned
|rule|Sleep Moves Clause: Sleep-inducing moves are banned
|clearpoke
|poke|p1|Lilligant, F|
|poke|p1|Greninja-*, M|
|poke|p1|Sylveon, F|
|poke|p1|Gliscor, M|
|poke|p1|Dragonite, M|
|poke|p1|Tentacruel, M|
|poke|p2|Ceruledge, F|
|poke|p2|Ogerpon-Wellspring, F|
|poke|p2|Iron Treads|
|poke|p2|Rillaboom, F|
|poke|p2|Raging Bolt|
|poke|p2|Kingambit, F|
|teampreview
|inactive|Battle timer is ON: inactive players will automatically lose when time's up. (requested by pigeon_lmao)
|
|t:|1776111603
|teamsize|p1|6
|teamsize|p2|6
|start
|switch|p1a: Gliscor|Gliscor, M|100/100
|switch|p2a: Iron Treads|Iron Treads|100/100
|-enditem|p2a: Iron Treads|Booster Energy
|-activate|p2a: Iron Treads|ability: Quark Drive|[fromitem]
|-start|p2a: Iron Treads|quarkdrivespe
|turn|1
|
|t:|1776111612
|move|p2a: Iron Treads|Stealth Rock|p1a: Gliscor
|-sidestart|p1: pigeon_lmao|move: Stealth Rock
|move|p1a: Gliscor|Earthquake|p2a: Iron Treads
|-supereffective|p2a: Iron Treads
|-damage|p2a: Iron Treads|38/100
|
|-status|p1a: Gliscor|tox|[from] item: Toxic Orb
|upkeep
|turn|2
|
|t:|1776111620
|move|p2a: Iron Treads|Steel Beam|p1a: Gliscor
|-damage|p1a: Gliscor|36/100 tox
|-damage|p2a: Iron Treads|0 fnt|[from] steelbeam
|faint|p2a: Iron Treads
|-end|p2a: Iron Treads|Quark Drive|[silent]
|move|p1a: Gliscor|Earthquake|p2: Iron Treads|[notarget]
|-fail|p1a: Gliscor
|
|-heal|p1a: Gliscor|48/100 tox|[from] ability: Poison Heal
|upkeep
|
|t:|1776111622
|switch|p2a: Ogerpon|Ogerpon-Wellspring, F|100/100
|turn|3
|
|t:|1776111636
|switch|p1a: Tentacruel|Tentacruel, M|100/100
|-damage|p1a: Tentacruel|88/100|[from] Stealth Rock
|move|p2a: Ogerpon|Swords Dance|p2a: Ogerpon
|-boost|p2a: Ogerpon|atk|2
|
|upkeep
|turn|4
|
|t:|1776111643
|switch|p2a: Raging Bolt|Raging Bolt|100/100
|move|p1a: Tentacruel|Rapid Spin|p2a: Raging Bolt
|-damage|p2a: Raging Bolt|94/100
|-boost|p1a: Tentacruel|spe|1
|-sideend|p1: pigeon_lmao|Stealth Rock|[from] move: Rapid Spin|[of] p1a: Tentacruel
|
|upkeep
|turn|5
|
|t:|1776111655
|switch|p1a: Gliscor|Gliscor, M|48/100 tox
|move|p2a: Raging Bolt|Thunderbolt|p1a: Gliscor
|-immune|p1a: Gliscor
|
|-heal|p1a: Gliscor|61/100 tox|[from] ability: Poison Heal
|upkeep
|turn|6
|
|t:|1776111664
|-end|p2a: Raging Bolt|Protosynthesis|[silent]
|switch|p2a: Rillaboom|Rillaboom, F|100/100
|-fieldstart|move: Grassy Terrain|[from] ability: Grassy Surge|[of] p2a: Rillaboom
|move|p1a: Gliscor|Stealth Rock|p2a: Rillaboom
|-sidestart|p2: evilpidgeon47|move: Stealth Rock
|
|-heal|p1a: Gliscor|73/100 tox|[from] ability: Poison Heal
|upkeep
|turn|7
|
|t:|1776111674
|move|p2a: Rillaboom|U-turn|p1a: Gliscor
|-resisted|p1a: Gliscor
|-damage|p1a: Gliscor|63/100 tox
|
|t:|1776111676
|switch|p2a: Ogerpon|Ogerpon-Wellspring, F|100/100|[from] U-turn
|-damage|p2a: Ogerpon|88/100|[from] Stealth Rock
|move|p1a: Gliscor|Toxic|p2a: Ogerpon
|-status|p2a: Ogerpon|tox
|
|-heal|p2a: Ogerpon|94/100 tox|[from] Grassy Terrain
|-damage|p2a: Ogerpon|88/100 tox|[from] psn
|-heal|p1a: Gliscor|75/100 tox|[from] ability: Poison Heal
|upkeep
|turn|8
|
|t:|1776111689
|switch|p1a: Tentacruel|Tentacruel, M|88/100
|move|p2a: Ogerpon|Ivy Cudgel|p1a: Tentacruel|[anim] Ivy Cudgel Water
|-resisted|p1a: Tentacruel
|-damage|p1a: Tentacruel|45/100
|
|-heal|p2a: Ogerpon|94/100 tox|[from] Grassy Terrain
|-heal|p1a: Tentacruel|51/100|[from] Grassy Terrain
|-damage|p2a: Ogerpon|82/100 tox|[from] psn
|upkeep
|turn|9
|
|t:|1776111699
|switch|p2a: Raging Bolt|Raging Bolt|94/100
|-damage|p2a: Raging Bolt|82/100|[from] Stealth Rock
|move|p1a: Tentacruel|Knock Off|p2a: Raging Bolt
|-damage|p2a: Raging Bolt|70/100
|-enditem|p2a: Raging Bolt|Choice Specs|[from] move: Knock Off|[of] p1a: Tentacruel
|
|-heal|p1a: Tentacruel|57/100|[from] Grassy Terrain
|-heal|p2a: Raging Bolt|76/100|[from] Grassy Terrain
|upkeep
|turn|10
|
|t:|1776111710
|move|p1a: Tentacruel|Sludge Wave|p2a: Raging Bolt
|-damage|p2a: Raging Bolt|47/100
|move|p2a: Raging Bolt|Draco Meteor|p1a: Tentacruel
|-damage|p1a: Tentacruel|18/100
|-unboost|p2a: Raging Bolt|spa|2
|
|-heal|p1a: Tentacruel|24/100|[from] Grassy Terrain
|-heal|p2a: Raging Bolt|53/100|[from] Grassy Terrain
|-fieldend|move: Grassy Terrain
|upkeep
|turn|11
|
|t:|1776111721
|move|p2a: Raging Bolt|Thunderclap|p1a: Tentacruel
|-supereffective|p1a: Tentacruel
|-damage|p1a: Tentacruel|2/100
|move|p1a: Tentacruel|Sludge Wave|p2a: Raging Bolt
|-damage|p2a: Raging Bolt|23/100
|
|upkeep
|turn|12
|
|t:|1776111728
|switch|p1a: Gliscor|Gliscor, M|75/100 tox
|move|p2a: Raging Bolt|Thunderclap||[still]
|-fail|p2a: Raging Bolt
|
|-heal|p1a: Gliscor|88/100 tox|[from] ability: Poison Heal
|upkeep
|turn|13
|
|t:|1776111738
|move|p1a: Gliscor|Toxic|p2a: Raging Bolt
|-status|p2a: Raging Bolt|tox
|move|p2a: Raging Bolt|Draco Meteor|p1a: Gliscor
|-damage|p1a: Gliscor|44/100 tox
|-unboost|p2a: Raging Bolt|spa|2
|
|-heal|p1a: Gliscor|57/100 tox|[from] ability: Poison Heal
|-damage|p2a: Raging Bolt|17/100 tox|[from] psn
|upkeep
|turn|14
|
|t:|1776111749
|move|p1a: Gliscor|Protect|p1a: Gliscor
|-singleturn|p1a: Gliscor|Protect
|move|p2a: Raging Bolt|Draco Meteor|p1a: Gliscor
|-activate|p1a: Gliscor|move: Protect
|
|-heal|p1a: Gliscor|69/100 tox|[from] ability: Poison Heal
|-damage|p2a: Raging Bolt|5/100 tox|[from] psn
|upkeep
|turn|15
|
|t:|1776111760
|move|p1a: Gliscor|Earthquake|p2a: Raging Bolt
|-supereffective|p2a: Raging Bolt
|-damage|p2a: Raging Bolt|0 fnt
|faint|p2a: Raging Bolt
|-end|p2a: Raging Bolt|Protosynthesis|[silent]
|
|-heal|p1a: Gliscor|82/100 tox|[from] ability: Poison Heal
|upkeep
|
|t:|1776111762
|switch|p2a: Ogerpon|Ogerpon-Wellspring, F|82/100 tox
|-damage|p2a: Ogerpon|70/100 tox|[from] Stealth Rock
|turn|16
|
|t:|1776111771
|switch|p1a: Tentacruel|Tentacruel, M|2/100
|move|p2a: Ogerpon|Swords Dance|p2a: Ogerpon
|-boost|p2a: Ogerpon|atk|2
|
|-damage|p2a: Ogerpon|64/100 tox|[from] psn
|upkeep
|turn|17
|
|t:|1776111784
|move|p2a: Ogerpon|Trailblaze|p1a: Tentacruel
|-damage|p1a: Tentacruel|0 fnt
|-boost|p2a: Ogerpon|spe|1
|faint|p1a: Tentacruel
|
|-damage|p2a: Ogerpon|52/100 tox|[from] psn
|upkeep
|
|t:|1776111797
|switch|p1a: Dragonite|Dragonite, M|100/100
|turn|18
|
|t:|1776111801
|move|p2a: Ogerpon|Play Rough|p1a: Dragonite
|-supereffective|p1a: Dragonite
|-damage|p1a: Dragonite|21/100
|-unboost|p1a: Dragonite|atk|1
|move|p1a: Dragonite|Outrage|p2a: Ogerpon
|-damage|p2a: Ogerpon|0 fnt
|faint|p2a: Ogerpon
|
|upkeep
|
|t:|1776111816
|switch|p2a: Rillaboom|Rillaboom, F|100/100
|-damage|p2a: Rillaboom|88/100|[from] Stealth Rock
|-fieldstart|move: Grassy Terrain|[from] ability: Grassy Surge|[of] p2a: Rillaboom
|turn|19
|
|t:|1776111822
|move|p2a: Rillaboom|U-turn|p1a: Dragonite
|-resisted|p1a: Dragonite
|-damage|p1a: Dragonite|2/100
|
|t:|1776111826
|switch|p2a: Kingambit|Kingambit, F|100/100|[from] U-turn
|-damage|p2a: Kingambit|94/100|[from] Stealth Rock
|-activate|p2a: Kingambit|ability: Supreme Overlord
|-start|p2a: Kingambit|fallen3|[silent]
|move|p1a: Dragonite|Outrage|p2a: Kingambit|[from] lockedmove
|-resisted|p2a: Kingambit
|-damage|p2a: Kingambit|78/100
|-start|p1a: Dragonite|confusion|[fatigue]
|
|-heal|p2a: Kingambit|85/100|[from] Grassy Terrain
|upkeep
|turn|20
|
|t:|1776111840
|-activate|p1a: Dragonite|confusion
|move|p1a: Dragonite|Outrage|p2a: Kingambit
|-resisted|p2a: Kingambit
|-damage|p2a: Kingambit|67/100
|move|p2a: Kingambit|Swords Dance|p2a: Kingambit
|-boost|p2a: Kingambit|atk|2
|
|-heal|p2a: Kingambit|73/100|[from] Grassy Terrain
|upkeep
|turn|21
|
|t:|1776111851
|move|p2a: Kingambit|Sucker Punch|p1a: Dragonite
|-damage|p1a: Dragonite|0 fnt
|faint|p1a: Dragonite
|
|-heal|p2a: Kingambit|79/100|[from] Grassy Terrain
|upkeep
|
|t:|1776111861
|switch|p1a: Gliscor|Gliscor, M|82/100 tox
|turn|22
|
|t:|1776111869
|-terastallize|p2a: Kingambit|Flying
|move|p1a: Gliscor|Earthquake|p2a: Kingambit
|-immune|p2a: Kingambit
|move|p2a: Kingambit|Kowtow Cleave|p1a: Gliscor
|-damage|p1a: Gliscor|0 fnt
|faint|p1a: Gliscor
|
|upkeep
|
|t:|1776111881
|switch|p1a: Greninja|Greninja, M|100/100
|turn|23
|
|t:|1776111889
|move|p1a: Greninja|Ice Beam|p2a: Kingambit
|-start|p1a: Greninja|typechange|Ice|[from] ability: Protean
|-supereffective|p2a: Kingambit
|-damage|p2a: Kingambit|0 fnt
|faint|p2a: Kingambit
|-end|p2a: Kingambit|fallen3|[silent]
|
|-fieldend|move: Grassy Terrain
|upkeep
|
|t:|1776111894
|switch|p2a: Ceruledge|Ceruledge, F|100/100
|-damage|p2a: Ceruledge|76/100|[from] Stealth Rock
|turn|24
|
|t:|1776111903
|switch|p1a: Sylveon|Sylveon, F|100/100
|move|p2a: Ceruledge|Bitter Blade|p1a: Sylveon
|-damage|p1a: Sylveon|60/100
|-heal|p2a: Ceruledge|100/100|[from] drain|[of] p1a: Sylveon
|
|-heal|p1a: Sylveon|66/100|[from] item: Leftovers
|upkeep
|turn|25
|
|t:|1776111912
|move|p2a: Ceruledge|Swords Dance|p2a: Ceruledge
|-boost|p2a: Ceruledge|atk|2
|move|p1a: Sylveon|Wish|p1a: Sylveon
|
|-heal|p1a: Sylveon|72/100|[from] item: Leftovers
|upkeep
|turn|26
|
|t:|1776111920
|move|p2a: Ceruledge|Bitter Blade|p1a: Sylveon
|-damage|p1a: Sylveon|0 fnt
|faint|p1a: Sylveon
|
|upkeep
|
|t:|1776111926
|switch|p1a: Lilligant|Lilligant, F|100/100
|turn|27
|
|t:|1776111935
|-terastallize|p1a: Lilligant|Rock
|move|p1a: Lilligant|Quiver Dance|p1a: Lilligant
|-boost|p1a: Lilligant|spa|1
|-boost|p1a: Lilligant|spd|1
|-boost|p1a: Lilligant|spe|1
|move|p2a: Ceruledge|Bitter Blade|p1a: Lilligant
|-resisted|p1a: Lilligant
|-damage|p1a: Lilligant|27/100
|
|-heal|p1a: Lilligant|33/100|[from] item: Leftovers
|upkeep
|turn|28
|
|t:|1776111947
|move|p2a: Ceruledge|Shadow Sneak|p1a: Lilligant
|-damage|p1a: Lilligant|0 fnt
|faint|p1a: Lilligant
|
|upkeep
|
|t:|1776111952
|switch|p1a: Greninja|Greninja, M|100/100
|turn|29
|
|t:|1776111963
|move|p1a: Greninja|Dark Pulse|p2a: Ceruledge
|-start|p1a: Greninja|typechange|Dark|[from] ability: Protean
|-supereffective|p2a: Ceruledge
|-enditem|p2a: Ceruledge|Focus Sash
|-damage|p2a: Ceruledge|1/100
|move|p2a: Ceruledge|Poltergeist|p1a: Greninja
|-activate|p1a: Greninja|move: Poltergeist|Choice Specs
|-resisted|p1a: Greninja
|-damage|p1a: Greninja|2/100
|
|upkeep
|turn|30
|-message|pigeon_lmao forfeited.
|
|win|evilpidgeon47
|raw|pigeon_lmao's rating: 1303 &rarr; <strong>1285</strong><br />(-18 for losing)
|raw|evilpidgeon47's rating: 1339 &rarr; <strong>1357</strong><br />(+18 for winning)
|l|‽pigeon_lmao
|player|p1|
|c|☆evilpidgeon47|gg
|l|☆evilpidgeon47
|player|p2|
