|html|<div class="broadcast-blue"><strong>[Gen 9] OU is currently suspecting Tera Blast! For information on how to participate check out the <a href="https://www.smogon.com/tools/suspects/view/200">suspect thread</a>.</strong></div>
|j|☆InkyDarkPenguin
|j|☆tonightbaby
|t:|1776289644
|gametype|singles
|player|p1|InkyDarkPenguin|allister-masters|1477
|player|p2|tonightbaby|rood|1485
|gen|9
|tier|[Gen 9] OU
|rated|
|rule|HP Percentage Mod: HP is shown in percentages
|rule|Endless Battle Clause: Forcing endless battles is banned
|rule|Species Clause: Limit one of each Pokémon
|rule|OHKO Clause: OHKO moves are banned
|rule|Evasion Items Clause: Evasion items are banned
|rule|Evasion Moves Clause: Evasion moves are banned
|rule|Evasion Abilities Clause: Evasion abilities are banned
|rule|Sleep Moves Clause: Sleep-inducing moves are banned
|clearpoke
|poke|p1|Corviknight, M|
|poke|p1|Pecharunt|
|poke|p1|Ogerpon-Wellspring, F|
|poke|p1|Iron Valiant|
|poke|p1|Ting-Lu|
|poke|p1|Dragapult, F|
|poke|p2|Iron Hands|
|poke|p2|Landorus-Therian, M|
|poke|p2|Heatran, F|
|poke|p2|Slowking-Galar, F|
|poke|p2|Dragonite, M|
|poke|p2|Weavile, F|
|teampreview
|inactive|Battle timer is ON: inactive players will automatically lose when time's up. (requested by InkyDarkPenguin)
|
|t:|1776289664
|teamsize|p1|6
|teamsize|p2|6
|start
|switch|p1a: Dragapult|Dragapult, F|100/100
|switch|p2a: Landorus|Landorus-Therian, M|100/100
|-ability|p2a: Landorus|Intimidate|boost
|-unboost|p1a: Dragapult|atk|1
|turn|1
|
|t:|1776289674
|move|p2a: Landorus|Crunch|p1a: Dragapult
|-supereffective|p1a: Dragapult
|-damage|p1a: Dragapult|20/100
|move|p1a: Dragapult|Will-O-Wisp|p2a: Landorus
|-status|p2a: Landorus|brn
|
|-damage|p2a: Landorus|95/100 brn|[from] brn
|upkeep
|turn|2
|
|t:|1776289681
|switch|p2a: Heatran|Heatran, F|100/100
|-item|p2a: Heatran|Air Balloon
|switch|p1a: Pecharunt|Pecharunt|100/100
|
|upkeep
|turn|3
|
|t:|1776289692
|switch|p1a: Ting-Lu|Ting-Lu|100/100
|-ability|p1a: Ting-Lu|Vessel of Ruin
|move|p2a: Heatran|Magma Storm|p1a: Ting-Lu
|-crit|p1a: Ting-Lu
|-damage|p1a: Ting-Lu|70/100
|-activate|p1a: Ting-Lu|move: Magma Storm|[of] p2a: Heatran
|
|-heal|p1a: Ting-Lu|76/100|[from] item: Leftovers
|-damage|p1a: Ting-Lu|64/100|[from] move: Magma Storm|[partiallytrapped]
|upkeep
|turn|4
|
|t:|1776289699
|move|p2a: Heatran|Will-O-Wisp|p1a: Ting-Lu
|-status|p1a: Ting-Lu|brn
|move|p1a: Ting-Lu|Ruination|p2a: Heatran
|-damage|p2a: Heatran|50/100
|-enditem|p2a: Heatran|Air Balloon
|
|-heal|p1a: Ting-Lu|70/100 brn|[from] item: Leftovers
|-damage|p1a: Ting-Lu|64/100 brn|[from] brn
|-damage|p1a: Ting-Lu|51/100 brn|[from] move: Magma Storm|[partiallytrapped]
|upkeep
|turn|5
|
|t:|1776289711
|switch|p2a: Weavile|Weavile, F|100/100
|move|p1a: Ting-Lu|Stealth Rock|p2a: Weavile
|-sidestart|p2: tonightbaby|move: Stealth Rock
|
|-heal|p1a: Ting-Lu|58/100 brn|[from] item: Leftovers
|-damage|p1a: Ting-Lu|51/100 brn|[from] brn
|-end|p1a: Ting-Lu|Magma Storm|[partiallytrapped]|[silent]
|upkeep
|turn|6
|
|t:|1776289716
|switch|p1a: Corviknight|Corviknight, M, shiny|100/100
|-ability|p1a: Corviknight|Pressure
|move|p2a: Weavile|Swords Dance|p2a: Weavile
|-boost|p2a: Weavile|atk|2
|
|upkeep
|turn|7
|
|t:|1776289736
|-terastallize|p2a: Weavile|Ghost
|move|p2a: Weavile|Swords Dance|p2a: Weavile
|-boost|p2a: Weavile|atk|2
|move|p1a: Corviknight|Body Press|p2a: Weavile
|-immune|p2a: Weavile
|
|upkeep
|turn|8
|
|t:|1776289744
|move|p2a: Weavile|Triple Axel|p1a: Corviknight
|-damage|p1a: Corviknight|82/100
|-damage|p1a: Corviknight|46/100
|-damage|p1a: Corviknight|0 fnt
|faint|p1a: Corviknight
|-hitcount|p1: Corviknight|3
|
|upkeep
|
|t:|1776289747
|switch|p1a: Pecharunt|Pecharunt|100/100
|turn|9
|
|t:|1776289750
|-terastallize|p1a: Pecharunt|Dark
|move|p2a: Weavile|Beat Up|p1a: Pecharunt
|-resisted|p1a: Pecharunt
|-damage|p1a: Pecharunt|95/100
|-resisted|p1a: Pecharunt
|-damage|p1a: Pecharunt|89/100
|-resisted|p1a: Pecharunt
|-damage|p1a: Pecharunt|85/100
|-resisted|p1a: Pecharunt
|-damage|p1a: Pecharunt|78/100
|-resisted|p1a: Pecharunt
|-damage|p1a: Pecharunt|74/100
|-hitcount|p1a: Pecharunt|5
|move|p1a: Pecharunt|Foul Play|p2a: Weavile
|-supereffective|p2a: Weavile
|-enditem|p2a: Weavile|Focus Sash
|-damage|p2a: Weavile|1/100
|-enditem|p1a: Pecharunt|Heavy-Duty Boots|[silent]|[from] ability: Pickpocket|[of] p1a: Pecharunt
|-item|p2a: Weavile|Heavy-Duty Boots|[from] ability: Pickpocket|[of] p1a: Pecharunt
|
|upkeep
|turn|10
|
|t:|1776289756
|move|p2a: Weavile|Triple Axel|p1a: Pecharunt
|-damage|p1a: Pecharunt|59/100
|-damage|p1a: Pecharunt|32/100
|-damage|p1a: Pecharunt|0 fnt
|faint|p1a: Pecharunt
|-hitcount|p1: Pecharunt|3
|
|upkeep
|
|t:|1776289762
|switch|p1a: Dragapult|Dragapult, F|20/100
|turn|11
|
|t:|1776289765
|move|p2a: Weavile|Ice Shard|p1a: Dragapult
|-supereffective|p1a: Dragapult
|-damage|p1a: Dragapult|0 fnt
|faint|p1a: Dragapult
|
|upkeep
|
|t:|1776289773
|switch|p1a: Iron Valiant|Iron Valiant|100/100
|turn|12
|
|t:|1776289778
|move|p2a: Weavile|Triple Axel|p1a: Iron Valiant
|-damage|p1a: Iron Valiant|60/100
|-damage|p1a: Iron Valiant|0 fnt
|faint|p1a: Iron Valiant
|-end|p1a: Iron Valiant|Quark Drive|[silent]
|-hitcount|p1: Iron Valiant|2
|
|upkeep
|
|t:|1776289781
|switch|p1a: Ogerpon|Ogerpon-Wellspring, F|100/100
|turn|13
|
|t:|1776289783
|move|p2a: Weavile|Beat Up|p1a: Ogerpon
|-damage|p1a: Ogerpon|66/100
|-damage|p1a: Ogerpon|27/100
|-damage|p1a: Ogerpon|7/100
|-damage|p1a: Ogerpon|0 fnt
|faint|p1a: Ogerpon
|-hitcount|p1: Ogerpon|4
|
|upkeep
|
|t:|1776289785
|switch|p1a: Ting-Lu|Ting-Lu|51/100 brn
|-ability|p1a: Ting-Lu|Vessel of Ruin
|turn|14
|
|t:|1776289790
|move|p2a: Weavile|Beat Up|p1a: Ting-Lu
|-resisted|p1a: Ting-Lu
|-damage|p1a: Ting-Lu|45/100 brn
|-resisted|p1a: Ting-Lu
|-damage|p1a: Ting-Lu|37/100 brn
|-resisted|p1a: Ting-Lu
|-damage|p1a: Ting-Lu|33/100 brn
|-resisted|p1a: Ting-Lu
|-crit|p1a: Ting-Lu
|-damage|p1a: Ting-Lu|22/100 brn
|-resisted|p1a: Ting-Lu
|-damage|p1a: Ting-Lu|17/100 brn
|-hitcount|p1a: Ting-Lu|5
|move|p1a: Ting-Lu|Earthquake|p2a: Weavile
|-crit|p2a: Weavile
|-damage|p2a: Weavile|0 fnt
|faint|p2a: Weavile
|
|-heal|p1a: Ting-Lu|23/100 brn|[from] item: Leftovers
|-damage|p1a: Ting-Lu|17/100 brn|[from] brn
|upkeep
|
|t:|1776289802
|switch|p2a: Iron Hands|Iron Hands|100/100
|-damage|p2a: Iron Hands|94/100|[from] Stealth Rock
|turn|15
|
|t:|1776289807
|move|p2a: Iron Hands|Close Combat|p1a: Ting-Lu
|-supereffective|p1a: Ting-Lu
|-damage|p1a: Ting-Lu|0 fnt
|-unboost|p2a: Iron Hands|def|1
|-unboost|p2a: Iron Hands|spd|1
|faint|p1a: Ting-Lu
|
|win|tonightbaby
|raw|InkyDarkPenguin's rating: 1477 &rarr; <strong>1457</strong><br />(-20 for losing)
|raw|tonightbaby's rating: 1485 &rarr; <strong>1505</strong><br />(+20 for winning)
