|j|☆encore21768768
|j|☆Abyssal Bot
|t:|1776076074
|gametype|singles
|player|p1|encore21768768|265|
|player|p2|Abyssal Bot|supernerd|
|teamsize|p1|6
|teamsize|p2|6
|gen|9
|tier|[Gen 9] OU
|rule|Species Clause: Limit one of each Pokémon
|rule|OHKO Clause: OHKO moves are banned
|rule|Evasion Items Clause: Evasion items are banned
|rule|Evasion Moves Clause: Evasion moves are banned
|rule|Endless Battle Clause: Forcing endless battles is banned
|rule|HP Percentage Mod: HP is shown in percentages
|rule|Sleep Moves Clause: Sleep-inducing moves are banned
|clearpoke
|poke|p1|Metagross|
|poke|p1|Camerupt, F|
|poke|p1|Torkoal, M|
|poke|p1|Hitmontop, M|
|poke|p1|Raging Bolt|
|poke|p1|Hatterene, F|
|poke|p2|Skarmory, F|
|poke|p2|Ting-Lu|
|poke|p2|Zamazenta-*|
|poke|p2|Weavile, M|
|poke|p2|Kyurem|
|poke|p2|Slowking-Galar, F|
|teampreview
|c|☆Abyssal Bot|Good Luck and Have Fun my Friend!
|inactive|Battle timer is ON: inactive players will automatically lose when time's up. (requested by Abyssal Bot)
|j|*Turbo Bottttt
|
|t:|1776076076
|start
|switch|p1a: Camerupt|Camerupt, F|100/100
|switch|p2a: Ting-Lu|Ting-Lu|100/100
|-ability|p2a: Ting-Lu|Vessel of Ruin
|turn|1
|
|t:|1776076078
|move|p2a: Ting-Lu|Earthquake|p1a: Camerupt
|-supereffective|p1a: Camerupt
|-damage|p1a: Camerupt|19/100
|move|p1a: Camerupt|Stealth Rock|p2a: Ting-Lu
|-sidestart|p2: Abyssal Bot|move: Stealth Rock
|
|upkeep
|turn|2
|
|t:|1776076082
|switch|p1a: Hitmontop|Hitmontop, M|100/100
|-ability|p1a: Hitmontop|Intimidate|boost
|-unboost|p2a: Ting-Lu|atk|1
|move|p2a: Ting-Lu|Earthquake|p1a: Hitmontop
|-damage|p1a: Hitmontop|81/100
|
|upkeep
|turn|3
|
|t:|1776076085
|switch|p2a: Slowking|Slowking-Galar, F|100/100
|move|p1a: Hitmontop|Bulk Up|p1a: Hitmontop
|-boost|p1a: Hitmontop|atk|1
|-boost|p1a: Hitmontop|def|1
|
|upkeep
|turn|4
|
|t:|1776076090
|switch|p1a: Camerupt|Camerupt, F|19/100
|move|p2a: Slowking|Future Sight|p1a: Camerupt
|-start|p2a: Slowking|move: Future Sight
|
|upkeep
|turn|5
|
|t:|1776076092
|move|p1a: Camerupt|Earthquake|p2a: Slowking
|-supereffective|p2a: Slowking
|-damage|p2a: Slowking|7/100
|-damage|p1a: Camerupt|10/100|[from] item: Life Orb
|move|p2a: Slowking|Future Sight||[still]
|-fail|p2a: Slowking
|
|upkeep
|turn|6
|
|t:|1776076100
|move|p1a: Camerupt|Solar Beam||[still]
|-prepare|p1a: Camerupt|Solar Beam
|move|p2a: Slowking|Future Sight||[still]
|-fail|p2a: Slowking
|
|-end|p1a: Camerupt|move: Future Sight
|-damage|p1a: Camerupt|0
|faint|p1a: Camerupt
|upkeep
|
|t:|1776076111
|switch|p1a: Metagross|Metagross|100/100
|turn|7
|
|t:|1776076114
|switch|p2a: Ting-Lu|Ting-Lu|100/100
|-ability|p2a: Ting-Lu|Vessel of Ruin
|move|p1a: Metagross|Meteor Mash|p2a: Ting-Lu
|-damage|p2a: Ting-Lu|58/100
|
|upkeep
|turn|8
|
|t:|1776076125
|switch|p1a: Hitmontop|Hitmontop, M|81/100
|-ability|p1a: Hitmontop|Intimidate|boost
|-unboost|p2a: Ting-Lu|atk|1
|move|p2a: Ting-Lu|Spikes|p1a: Hitmontop
|-sidestart|p1: encore21768768|Spikes
|
|upkeep
|turn|9
|
|t:|1776076128
|switch|p2a: Slowking|Slowking-Galar, F|40/100
|move|p1a: Hitmontop|Rapid Spin|p2a: Slowking
|-damage|p2a: Slowking|28/100
|-boost|p1a: Hitmontop|spe|1
|-sideend|p1: encore21768768|Spikes|[from] move: Rapid Spin|[of] p1a: Hitmontop
|
|upkeep
|turn|10
|
|t:|1776076132
|move|p1a: Hitmontop|Bulk Up|p1a: Hitmontop
|-boost|p1a: Hitmontop|atk|1
|-boost|p1a: Hitmontop|def|1
|move|p2a: Slowking|Future Sight|p1a: Hitmontop
|-start|p2a: Slowking|move: Future Sight
|
|upkeep
|turn|11
|
|t:|1776076136
|move|p1a: Hitmontop|Rapid Spin|p2a: Slowking
|-damage|p2a: Slowking|11/100
|-boost|p1a: Hitmontop|spe|1
|move|p2a: Slowking|Future Sight||[still]
|-fail|p2a: Slowking
|
|upkeep
|turn|12
|
|t:|1776076138
|move|p1a: Hitmontop|Rapid Spin|p2a: Slowking
|-damage|p2a: Slowking|0
|-boost|p1a: Hitmontop|spe|1
|faint|p2a: Slowking
|
|-end|p1a: Hitmontop|move: Future Sight
|-supereffective|p1a: Hitmontop
|-damage|p1a: Hitmontop|0
|faint|p1a: Hitmontop
|upkeep
|
|t:|1776076141
|switch|p1a: Torkoal|Torkoal, M|100/100
|switch|p2a: Skarmory|Skarmory, F|100/100
|-damage|p2a: Skarmory|88/100|[from] Stealth Rock|[of] p1: Camerupt
|-weather|Sunny Day|[from] ability: Drought|[of] p1a: Torkoal
|turn|13
|
|t:|1776076150
|switch|p2a: Kyurem|Kyurem|100/100
|-ability|p2a: Kyurem|Pressure
|move|p1a: Torkoal|Will-O-Wisp|p2a: Kyurem
|-status|p2a: Kyurem|brn
|
|-weather|Sunny Day|[upkeep]
|-damage|p2a: Kyurem|94/100 brn|[from] brn|[of] p1a: Torkoal
|upkeep
|turn|14
|
|t:|1776076153
|move|p2a: Kyurem|Earth Power|p1a: Torkoal
|-supereffective|p1a: Torkoal
|-damage|p1a: Torkoal|20/100
|-unboost|p1a: Torkoal|spd|1
|move|p1a: Torkoal|Body Press|p2a: Kyurem
|-supereffective|p2a: Kyurem
|-damage|p2a: Kyurem|29/100 brn
|
|-weather|Sunny Day|[upkeep]
|-damage|p2a: Kyurem|23/100 brn|[from] brn|[of] p1a: Torkoal
|upkeep
|turn|15
|
|t:|1776076164
|move|p2a: Kyurem|Freeze-Dry|p1a: Torkoal
|-resisted|p1a: Torkoal
|-crit|p1a: Torkoal
|-damage|p1a: Torkoal|0
|faint|p1a: Torkoal
|
|-weather|Sunny Day|[upkeep]
|-damage|p2a: Kyurem|17/100 brn|[from] brn|[of] p1: Torkoal
|upkeep
|c|☆Abyssal Bot|YASS!
|
|t:|1776076167
|switch|p1a: Hatterene|Hatterene, F|100/100
|turn|16
|
|t:|1776076170
|move|p2a: Kyurem|Earth Power|p1a: Hatterene
|-damage|p1a: Hatterene|66/100
|move|p1a: Hatterene|Calm Mind|p1a: Hatterene
|-boost|p1a: Hatterene|spa|1
|-boost|p1a: Hatterene|spd|1
|
|-weather|Sunny Day|[upkeep]
|-damage|p2a: Kyurem|11/100 brn|[from] brn|[of] p1: Torkoal
|upkeep
|turn|17
|
|t:|1776076173
|move|p2a: Kyurem|Ice Beam|p1a: Hatterene
|-damage|p1a: Hatterene|35/100
|move|p1a: Hatterene|Trick Room|p1a: Hatterene
|-fieldstart|move: Trick Room|[of] p1a: Hatterene
|
|-weather|Sunny Day|[upkeep]
|-damage|p2a: Kyurem|5/100 brn|[from] brn|[of] p1: Torkoal
|upkeep
|turn|18
|
|t:|1776076174
|move|p1a: Hatterene|Draining Kiss|p2a: Kyurem
|-supereffective|p2a: Kyurem
|-damage|p2a: Kyurem|0 brn
|-heal|p1a: Hatterene|39/100|[from] drain|[of] p2a: Kyurem
|faint|p2a: Kyurem
|
|-weather|Sunny Day|[upkeep]
|upkeep
|
|t:|1776076174
|switch|p2a: Skarmory|Skarmory, F|88/100
|-damage|p2a: Skarmory|76/100|[from] Stealth Rock|[of] p1: Camerupt
|turn|19
|
|t:|1776076177
|move|p1a: Hatterene|Psychic Noise|p2a: Skarmory
|-resisted|p2a: Skarmory
|-damage|p2a: Skarmory|31/100
|-start|p2a: Skarmory|move: Heal Block
|move|p2a: Skarmory|Stealth Rock|p1a: Hatterene
|move|p1a: Hatterene|Stealth Rock||[from]ability: Magic Bounce|[still]
|-fail|p1a: Hatterene
|
|-weather|Sunny Day|[upkeep]
|upkeep
|turn|20
|
|t:|1776076180
|move|p1a: Hatterene|Psychic Noise|p2a: Skarmory
|-resisted|p2a: Skarmory
|-damage|p2a: Skarmory|0
|faint|p2a: Skarmory
|
|-weather|none
|upkeep
|
|t:|1776076181
|switch|p2a: Weavile|Weavile, M|100/100
|turn|21
|
|t:|1776076183
|move|p2a: Weavile|Ice Shard|p1a: Hatterene
|-damage|p1a: Hatterene|17/100
|move|p1a: Hatterene|Draining Kiss|p2a: Weavile
|-supereffective|p2a: Weavile
|-damage|p2a: Weavile|0
|-heal|p1a: Hatterene|84/100|[from] drain|[of] p2a: Weavile
|faint|p2a: Weavile
|
|-fieldend|move: Trick Room
|upkeep
|
|t:|1776076183
|switch|p2a: Ting-Lu|Ting-Lu|58/100
|-ability|p2a: Ting-Lu|Vessel of Ruin
|turn|22
|
|t:|1776076186
|move|p2a: Ting-Lu|Earthquake|p1a: Hatterene
|-damage|p1a: Hatterene|42/100
|move|p1a: Hatterene|Draining Kiss|p2a: Ting-Lu
|-supereffective|p2a: Ting-Lu
|-damage|p2a: Ting-Lu|20/100
|-heal|p1a: Hatterene|89/100|[from] drain|[of] p2a: Ting-Lu
|
|upkeep
|turn|23
|
|t:|1776076189
|move|p1a: Hatterene|Draining Kiss|p2a: Ting-Lu
|-supereffective|p2a: Ting-Lu
|-damage|p2a: Ting-Lu|0
|-heal|p1a: Hatterene|100/100|[from] drain|[of] p2a: Ting-Lu
|faint|p2a: Ting-Lu
|
|upkeep
|
|t:|1776076189
|switch|p2a: Zamazenta|Zamazenta|100/100
|-ability|p2a: Zamazenta|Dauntless Shield|boost
|-boost|p2a: Zamazenta|def|1
|turn|24
|
|t:|1776076192
|move|p2a: Zamazenta|Heavy Slam|p1a: Hatterene
|-supereffective|p1a: Hatterene
|-damage|p1a: Hatterene|2/100
|move|p1a: Hatterene|Psychic Noise|p2a: Zamazenta
|-supereffective|p2a: Zamazenta
|-damage|p2a: Zamazenta|0
|faint|p2a: Zamazenta
|
|win|encore21768768
|c|☆Abyssal Bot|Well Played.
|l|☆Abyssal Bot
|player|p2|
|l|*Turbo Bottttt
