|html|<div class="broadcast-blue"><strong>[Gen 9] OU is currently suspecting Tera Blast! For information on how to participate check out the <a href="https://www.smogon.com/tools/suspects/view/200">suspect thread</a>.</strong></div>
|j|☆alone of life
|j|☆gakk123
|t:|1776241552
|gametype|singles
|player|p1|alone of life|169|1125
|player|p2|gakk123|265|1075
|gen|9
|tier|[Gen 9] OU
|rated|
|rule|HP Percentage Mod: HP is shown in percentages
|rule|Endless Battle Clause: Forcing endless battles is banned
|rule|Species Clause: Limit one of each Pokémon
|rule|OHKO Clause: OHKO moves are banned
|rule|Evasion Items Clause: Evasion items are banned
|rule|Evasion Moves Clause: Evasion moves are banned
|rule|Evasion Abilities Clause: Evasion abilities are banned
|rule|Sleep Moves Clause: Sleep-inducing moves are banned
|clearpoke
|poke|p1|Incineroar, F|
|poke|p1|Greninja-*, M|
|poke|p1|Iron Valiant|
|poke|p1|Rillaboom, F|
|poke|p1|Great Tusk|
|poke|p1|Iron Moth|
|poke|p2|Moltres|
|poke|p2|Gholdengo|
|poke|p2|Serperior, F|
|poke|p2|Garganacl, M|
|poke|p2|Samurott-Hisui, F|
|poke|p2|Iron Treads|
|teampreview
|
|t:|1776241572
|teamsize|p1|6
|teamsize|p2|6
|start
|switch|p1a: Rillaboom|Rillaboom, F|100/100
|switch|p2a: Samurott|Samurott-Hisui, F|100/100
|-fieldstart|move: Grassy Terrain|[from] ability: Grassy Surge|[of] p1a: Rillaboom
|turn|1
|
|t:|1776241578
|switch|p2a: Moltres|Moltres|100/100
|move|p1a: Rillaboom|Grassy Glide|p2a: Moltres
|-resisted|p2a: Moltres
|-damage|p2a: Moltres|88/100
|-damage|p1a: Rillaboom|91/100|[from] item: Life Orb
|
|-heal|p1a: Rillaboom|97/100|[from] Grassy Terrain
|upkeep
|turn|2
|
|t:|1776241590
|switch|p1a: Greninja|Greninja, M|100/100
|move|p2a: Moltres|Will-O-Wisp|p1a: Greninja
|-status|p1a: Greninja|brn
|
|-damage|p1a: Greninja|95/100 brn|[from] brn
|upkeep
|turn|3
|
|t:|1776241598
|switch|p2a: Serperior|Serperior, F|100/100
|move|p1a: Greninja|Water Shuriken|p2a: Serperior
|-resisted|p2a: Serperior
|-damage|p2a: Serperior|97/100
|-resisted|p2a: Serperior
|-damage|p2a: Serperior|93/100
|-resisted|p2a: Serperior
|-damage|p2a: Serperior|89/100
|-resisted|p2a: Serperior
|-damage|p2a: Serperior|84/100
|-resisted|p2a: Serperior
|-damage|p2a: Serperior|80/100
|-hitcount|p2a: Serperior|5
|
|-heal|p2a: Serperior|86/100|[from] Grassy Terrain
|-heal|p2a: Serperior|92/100|[from] item: Leftovers
|-heal|p1a: Greninja|100/100 brn|[from] Grassy Terrain
|-damage|p1a: Greninja|95/100 brn|[from] brn
|upkeep
|turn|4
|
|t:|1776241606
|switch|p1a: Rillaboom|Rillaboom, F|97/100
|move|p2a: Serperior|Glare|p1a: Rillaboom
|-status|p1a: Rillaboom|par
|
|-heal|p2a: Serperior|98/100|[from] Grassy Terrain
|-heal|p2a: Serperior|100/100|[from] item: Leftovers
|-heal|p1a: Rillaboom|100/100 par|[from] Grassy Terrain
|upkeep
|turn|5
|
|t:|1776241611
|move|p2a: Serperior|Substitute|p2a: Serperior
|-start|p2a: Serperior|Substitute
|-damage|p2a: Serperior|76/100
|move|p1a: Rillaboom|Knock Off|p2a: Serperior
|-end|p2a: Serperior|Substitute
|-damage|p1a: Rillaboom|91/100 par|[from] item: Life Orb
|
|-heal|p2a: Serperior|82/100|[from] Grassy Terrain
|-heal|p2a: Serperior|88/100|[from] item: Leftovers
|-heal|p1a: Rillaboom|97/100 par|[from] Grassy Terrain
|-fieldend|move: Grassy Terrain
|upkeep
|turn|6
|
|t:|1776241617
|move|p2a: Serperior|Substitute|p2a: Serperior
|-start|p2a: Serperior|Substitute
|-damage|p2a: Serperior|63/100
|move|p1a: Rillaboom|U-turn|p2a: Serperior
|-supereffective|p2a: Serperior
|-end|p2a: Serperior|Substitute
|-damage|p1a: Rillaboom|87/100 par|[from] item: Life Orb
|
|t:|1776241620
|switch|p1a: Iron Moth|Iron Moth|100/100|[from] U-turn
|
|-heal|p2a: Serperior|69/100|[from] item: Leftovers
|upkeep
|turn|7
|
|t:|1776241626
|switch|p2a: Samurott|Samurott-Hisui, F|100/100
|move|p1a: Iron Moth|Fiery Dance|p2a: Samurott
|-resisted|p2a: Samurott
|-damage|p2a: Samurott|81/100
|-boost|p1a: Iron Moth|spa|1
|
|upkeep
|turn|8
|
|t:|1776241636
|-end|p1a: Iron Moth|Quark Drive|[silent]
|switch|p1a: Great Tusk|Great Tusk|100/100
|move|p2a: Samurott|Ceaseless Edge|p1a: Great Tusk
|-resisted|p1a: Great Tusk
|-damage|p1a: Great Tusk|85/100
|-sidestart|p1: alone of life|Spikes
|
|upkeep
|turn|9
|
|t:|1776241644
|switch|p2a: Moltres|Moltres|88/100
|move|p1a: Great Tusk|Close Combat|p2a: Moltres
|-resisted|p2a: Moltres
|-damage|p2a: Moltres|59/100
|-unboost|p1a: Great Tusk|def|1
|-unboost|p1a: Great Tusk|spd|1
|
|upkeep
|turn|10
|
|t:|1776241655
|move|p1a: Great Tusk|Rapid Spin|p2a: Moltres
|-damage|p2a: Moltres|42/100
|-boost|p1a: Great Tusk|spe|1
|-sideend|p1: alone of life|Spikes|[from] move: Rapid Spin|[of] p1a: Great Tusk
|move|p2a: Moltres|Hurricane|p1a: Great Tusk
|-supereffective|p1a: Great Tusk
|-damage|p1a: Great Tusk|0 fnt
|faint|p1a: Great Tusk
|-end|p1a: Great Tusk|Protosynthesis|[silent]
|
|upkeep
|
|t:|1776241665
|switch|p1a: Iron Moth|Iron Moth|100/100
|turn|11
|
|t:|1776241669
|switch|p2a: Samurott|Samurott-Hisui, F|81/100
|move|p1a: Iron Moth|Discharge|p2a: Samurott
|-supereffective|p2a: Samurott
|-damage|p2a: Samurott|34/100
|
|upkeep
|turn|12
|
|t:|1776241685
|move|p1a: Iron Moth|Discharge|p2a: Samurott
|-supereffective|p2a: Samurott
|-damage|p2a: Samurott|0 fnt
|faint|p2a: Samurott
|
|upkeep
|
|t:|1776241695
|switch|p2a: Iron Treads|Iron Treads|100/100
|-item|p2a: Iron Treads|Air Balloon
|turn|13
|
|t:|1776241705
|-end|p1a: Iron Moth|Quark Drive|[silent]
|switch|p1a: Rillaboom|Rillaboom, F|87/100 par
|-fieldstart|move: Grassy Terrain|[from] ability: Grassy Surge|[of] p1a: Rillaboom
|-terastallize|p2a: Iron Treads|Ground
|move|p2a: Iron Treads|Earthquake|p1a: Rillaboom
|-resisted|p1a: Rillaboom
|-damage|p1a: Rillaboom|67/100 par
|
|-heal|p1a: Rillaboom|74/100 par|[from] Grassy Terrain
|upkeep
|turn|14
|
|t:|1776241714
|move|p2a: Iron Treads|Ice Spinner|p1a: Rillaboom
|-supereffective|p1a: Rillaboom
|-damage|p1a: Rillaboom|23/100 par
|-fieldend|move: Grassy Terrain
|cant|p1a: Rillaboom|par
|
|upkeep
|turn|15
|
|t:|1776241722
|switch|p1a: Incineroar|Incineroar, F|100/100
|-ability|p1a: Incineroar|Intimidate|boost
|-unboost|p2a: Iron Treads|atk|1
|move|p2a: Iron Treads|Ice Spinner|p1a: Incineroar
|-resisted|p1a: Incineroar
|-damage|p1a: Incineroar|93/100
|
|-heal|p1a: Incineroar|99/100|[from] item: Leftovers
|upkeep
|turn|16
|
|t:|1776241731
|-end|p2a: Iron Treads|Quark Drive|[silent]
|switch|p2a: Garganacl|Garganacl, M|100/100
|move|p1a: Incineroar|Will-O-Wisp|p2a: Garganacl
|-immune|p2a: Garganacl|[from] ability: Purifying Salt
|
|-heal|p1a: Incineroar|100/100|[from] item: Leftovers
|upkeep
|turn|17
|
|t:|1776241737
|move|p1a: Incineroar|Knock Off|p2a: Garganacl
|-damage|p2a: Garganacl|72/100
|-enditem|p2a: Garganacl|Leftovers|[from] move: Knock Off|[of] p1a: Incineroar
|move|p2a: Garganacl|Salt Cure|p1a: Incineroar
|-supereffective|p1a: Incineroar
|-damage|p1a: Incineroar|76/100
|-start|p1a: Incineroar|Salt Cure
|
|-heal|p1a: Incineroar|82/100|[from] item: Leftovers
|-damage|p1a: Incineroar|69/100|[from] Salt Cure
|upkeep
|turn|18
|
|t:|1776241746
|move|p2a: Garganacl|Protect|p2a: Garganacl
|-singleturn|p2a: Garganacl|Protect
|move|p1a: Incineroar|Taunt|p2a: Garganacl
|-activate|p2a: Garganacl|move: Protect
|
|-heal|p1a: Incineroar|75/100|[from] item: Leftovers
|-damage|p1a: Incineroar|63/100|[from] Salt Cure
|upkeep
|turn|19
|
|t:|1776241749
|move|p1a: Incineroar|Parting Shot|p2a: Garganacl
|-unboost|p2a: Garganacl|atk|1
|-unboost|p2a: Garganacl|spa|1
|
|t:|1776241755
|switch|p1a: Rillaboom|Rillaboom, F|23/100 par|[from] Parting Shot
|-fieldstart|move: Grassy Terrain|[from] ability: Grassy Surge|[of] p1a: Rillaboom
|move|p2a: Garganacl|Recover|p2a: Garganacl
|-heal|p2a: Garganacl|100/100
|
|-heal|p1a: Rillaboom|29/100 par|[from] Grassy Terrain
|upkeep
|turn|20
|
|t:|1776241764
|move|p2a: Garganacl|Protect|p2a: Garganacl
|-singleturn|p2a: Garganacl|Protect
|move|p1a: Rillaboom|Grassy Glide|p2a: Garganacl
|-activate|p2a: Garganacl|move: Protect
|
|-heal|p1a: Rillaboom|36/100 par|[from] Grassy Terrain
|upkeep
|turn|21
|
|t:|1776241769
|cant|p1a: Rillaboom|par
|move|p2a: Garganacl|Body Press|p1a: Rillaboom
|-damage|p1a: Rillaboom|3/100 par
|
|-heal|p1a: Rillaboom|9/100 par|[from] Grassy Terrain
|upkeep
|turn|22
|
|t:|1776241777
|move|p2a: Garganacl|Protect|p2a: Garganacl
|-singleturn|p2a: Garganacl|Protect
|move|p1a: Rillaboom|Grassy Glide|p2a: Garganacl
|-activate|p2a: Garganacl|move: Protect
|
|-heal|p1a: Rillaboom|15/100 par|[from] Grassy Terrain
|upkeep
|turn|23
|
|t:|1776241783
|move|p1a: Rillaboom|Grassy Glide|p2a: Garganacl
|-supereffective|p2a: Garganacl
|-damage|p2a: Garganacl|32/100
|-damage|p1a: Rillaboom|5/100 par|[from] item: Life Orb
|move|p2a: Garganacl|Body Press|p1a: Rillaboom
|-damage|p1a: Rillaboom|0 fnt
|faint|p1a: Rillaboom
|
|-heal|p2a: Garganacl|38/100|[from] Grassy Terrain
|-fieldend|move: Grassy Terrain
|upkeep
|
|t:|1776241792
|switch|p1a: Greninja|Greninja, M|95/100 brn
|turn|24
|
|t:|1776241800
|move|p2a: Garganacl|Protect|p2a: Garganacl
|-singleturn|p2a: Garganacl|Protect
|move|p1a: Greninja|Dark Pulse|p2a: Garganacl
|-activate|p2a: Garganacl|move: Protect
|
|-damage|p1a: Greninja|89/100 brn|[from] brn
|upkeep
|turn|25
|
|t:|1776241818
|move|p1a: Greninja|Water Shuriken|p2a: Garganacl
|-supereffective|p2a: Garganacl
|-damage|p2a: Garganacl|25/100
|-supereffective|p2a: Garganacl
|-damage|p2a: Garganacl|11/100
|-supereffective|p2a: Garganacl
|-damage|p2a: Garganacl|0 fnt
|faint|p2a: Garganacl
|-ability|p1a: Greninja|Battle Bond|boost
|-boost|p1a: Greninja|atk|1
|-boost|p1a: Greninja|spa|1
|-boost|p1a: Greninja|spe|1
|-activate|p1a: Greninja|ability: Battle Bond
|-hitcount|p2: Garganacl|3
|
|-damage|p1a: Greninja|83/100 brn|[from] brn
|upkeep
|
|t:|1776241829
|switch|p2a: Gholdengo|Gholdengo|100/100
|-item|p2a: Gholdengo|Air Balloon
|turn|26
|
|t:|1776241838
|switch|p2a: Serperior|Serperior, F|69/100
|move|p1a: Greninja|Dark Pulse|p2a: Serperior
|-damage|p2a: Serperior|5/100
|
|-heal|p2a: Serperior|11/100|[from] item: Leftovers
|-damage|p1a: Greninja|77/100 brn|[from] brn
|upkeep
|turn|27
|
|t:|1776241846
|move|p1a: Greninja|Water Shuriken|p2a: Serperior
|-resisted|p2a: Serperior
|-damage|p2a: Serperior|5/100
|-resisted|p2a: Serperior
|-damage|p2a: Serperior|0 fnt
|faint|p2a: Serperior
|-hitcount|p2: Serperior|2
|
|-damage|p1a: Greninja|71/100 brn|[from] brn
|upkeep
|
|t:|1776241853
|switch|p2a: Iron Treads|Iron Treads, tera:Ground|100/100
|-item|p2a: Iron Treads|Air Balloon
|turn|28
|
|t:|1776241862
|move|p1a: Greninja|Water Shuriken|p2a: Iron Treads
|-supereffective|p2a: Iron Treads
|-damage|p2a: Iron Treads|67/100
|-enditem|p2a: Iron Treads|Air Balloon
|-supereffective|p2a: Iron Treads
|-damage|p2a: Iron Treads|34/100
|-supereffective|p2a: Iron Treads
|-damage|p2a: Iron Treads|5/100
|-supereffective|p2a: Iron Treads
|-damage|p2a: Iron Treads|0 fnt
|faint|p2a: Iron Treads
|-end|p2a: Iron Treads|Quark Drive|[silent]
|-hitcount|p2: Iron Treads|4
|
|-damage|p1a: Greninja|65/100 brn|[from] brn
|upkeep
|
|t:|1776241868
|switch|p2a: Moltres|Moltres|42/100
|turn|29
|
|t:|1776241876
|switch|p2a: Gholdengo|Gholdengo|100/100
|-item|p2a: Gholdengo|Air Balloon
|move|p1a: Greninja|Water Shuriken|p2a: Gholdengo
|-damage|p2a: Gholdengo|91/100
|-enditem|p2a: Gholdengo|Air Balloon
|-damage|p2a: Gholdengo|81/100
|-damage|p2a: Gholdengo|71/100
|-damage|p2a: Gholdengo|60/100
|-hitcount|p2a: Gholdengo|4
|
|-damage|p1a: Greninja|59/100 brn|[from] brn
|upkeep
|turn|30
|
|t:|1776241893
|switch|p2a: Moltres|Moltres|42/100
|move|p1a: Greninja|Dark Pulse|p2a: Moltres
|-damage|p2a: Moltres|0 fnt
|faint|p2a: Moltres
|
|-damage|p1a: Greninja|53/100 brn|[from] brn
|upkeep
|
|t:|1776241898
|switch|p2a: Gholdengo|Gholdengo|60/100
|turn|31
|
|t:|1776241901
|move|p1a: Greninja|Dark Pulse|p2a: Gholdengo
|-supereffective|p2a: Gholdengo
|-damage|p2a: Gholdengo|0 fnt
|faint|p2a: Gholdengo
|
|win|alone of life
|raw|alone of life's rating: 1125 &rarr; <strong>1146</strong><br />(+21 for winning)
|raw|gakk123's rating: 1075 &rarr; <strong>1057</strong><br />(-18 for losing)
|l|☆gakk123
|player|p2|
