|html|<div class="broadcast-blue"><strong>[Gen 9] OU is currently suspecting Tera Blast! For information on how to participate check out the <a href="https://www.smogon.com/tools/suspects/view/200">suspect thread</a>.</strong></div>
|j|☆TeraBlastGardevoir
|j|☆Testitify
|t:|1776090868
|gametype|singles
|player|p1|TeraBlastGardevoir|giovanni|1378
|player|p2|Testitify|ltsurge|1425
|gen|9
|tier|[Gen 9] OU
|rated|
|rule|HP Percentage Mod: HP is shown in percentages
|rule|Endless Battle Clause: Forcing endless battles is banned
|rule|Species Clause: Limit one of each Pokémon
|rule|OHKO Clause: OHKO moves are banned
|rule|Evasion Items Clause: Evasion items are banned
|rule|Evasion Moves Clause: Evasion moves are banned
|rule|Evasion Abilities Clause: Evasion abilities are banned
|rule|Sleep Moves Clause: Sleep-inducing moves are banned
|clearpoke
|poke|p1|Gardevoir, F|
|poke|p1|Rillaboom, F|
|poke|p1|Hawlucha, F|
|poke|p1|Iron Moth|
|poke|p1|Landorus-Therian, M|
|poke|p1|Kingambit, F|
|poke|p2|Ogerpon, F|
|poke|p2|Great Tusk|
|poke|p2|Dragapult, F|
|poke|p2|Primarina, F|
|poke|p2|Moltres|
|poke|p2|Gholdengo|
|teampreview
|inactive|Battle timer is ON: inactive players will automatically lose when time's up. (requested by Testitify)
|
|t:|1776090886
|teamsize|p1|6
|teamsize|p2|6
|start
|switch|p1a: Rillaboom|Rillaboom, F|100/100
|switch|p2a: Ogerpon|Ogerpon, F|100/100
|-fieldstart|move: Grassy Terrain|[from] ability: Grassy Surge|[of] p1a: Rillaboom
|turn|1
|
|t:|1776090891
|switch|p1a: Landorus|Landorus-Therian, M|100/100
|-ability|p1a: Landorus|Intimidate|boost
|-unboost|p2a: Ogerpon|atk|1
|-ability|p2a: Ogerpon|Defiant|boost
|-boost|p2a: Ogerpon|atk|2
|move|p2a: Ogerpon|U-turn|p1a: Landorus
|-resisted|p1a: Landorus
|-damage|p1a: Landorus|74/100
|-damage|p2a: Ogerpon|84/100|[from] item: Rocky Helmet|[of] p1a: Landorus
|
|t:|1776090895
|switch|p2a: Dragapult|Dragapult, F|100/100|[from] U-turn
|
|upkeep
|turn|2
|
|t:|1776090906
|switch|p1a: Kingambitch|Kingambit, F|100/100
|move|p2a: Dragapult|Draco Meteor|p1a: Kingambitch|[miss]
|-miss|p2a: Dragapult|p1a: Kingambitch
|
|upkeep
|turn|3
|
|t:|1776090915
|switch|p2a: Great Tusk|Great Tusk|100/100
|-end|p1a: Kingambitch|fallenundefined|[silent]
|switch|p1a: Landorus|Landorus-Therian, M|74/100
|-ability|p1a: Landorus|Intimidate|boost
|-unboost|p2a: Great Tusk|atk|1
|
|upkeep
|turn|4
|
|t:|1776090924
|move|p1a: Landorus|Earth Power|p2a: Great Tusk
|-damage|p2a: Great Tusk|54/100
|move|p2a: Great Tusk|Ice Spinner|p1a: Landorus
|-supereffective|p1a: Landorus
|-damage|p1a: Landorus|14/100
|-damage|p2a: Great Tusk|38/100|[from] item: Rocky Helmet|[of] p1a: Landorus
|-fieldend|move: Grassy Terrain
|
|upkeep
|turn|5
|
|t:|1776090937
|-end|p2a: Great Tusk|Protosynthesis|[silent]
|switch|p2a: Moltres|Moltres|100/100
|move|p1a: Landorus|Stealth Rock|p2a: Moltres
|-sidestart|p2: Testitify|move: Stealth Rock
|
|upkeep
|turn|6
|
|t:|1776090941
|move|p1a: Landorus|Stone Edge|p2a: Moltres
|-supereffective|p2a: Moltres
|-damage|p2a: Moltres|0 fnt
|faint|p2a: Moltres
|
|upkeep
|
|t:|1776090943
|switch|p2a: Ogerpon|Ogerpon, F|84/100
|-damage|p2a: Ogerpon|72/100|[from] Stealth Rock
|turn|7
|
|t:|1776090954
|move|p2a: Ogerpon|U-turn|p1a: Landorus
|-resisted|p1a: Landorus
|-damage|p1a: Landorus|0 fnt
|-damage|p2a: Ogerpon|55/100|[from] item: Rocky Helmet|[of] p1a: Landorus
|faint|p1a: Landorus
|
|t:|1776090960
|switch|p2a: Gholdengo|Gholdengo|100/100|[from] U-turn
|-damage|p2a: Gholdengo|94/100|[from] Stealth Rock
|
|upkeep
|inactive|TeraBlastGardevoir has 120 seconds left.
|
|t:|1776090992
|switch|p1a: Dopamine Dorito|Iron Moth|100/100
|-enditem|p1a: Dopamine Dorito|Booster Energy
|-activate|p1a: Dopamine Dorito|ability: Quark Drive|[fromitem]
|-start|p1a: Dopamine Dorito|quarkdrivespe
|turn|8
|
|t:|1776091003
|switch|p2a: Dragapult|Dragapult, F|100/100
|-damage|p2a: Dragapult|88/100|[from] Stealth Rock
|move|p1a: Dopamine Dorito|Fiery Dance|p2a: Dragapult
|-resisted|p2a: Dragapult
|-damage|p2a: Dragapult|60/100
|
|upkeep
|turn|9
|
|t:|1776091011
|move|p1a: Dopamine Dorito|Fiery Dance|p2a: Dragapult
|-resisted|p2a: Dragapult
|-damage|p2a: Dragapult|34/100
|move|p2a: Dragapult|Dragon Darts|p1a: Dopamine Dorito
|-damage|p1a: Dopamine Dorito|58/100
|-anim|p2a: Dragapult|Dragon Darts|p1a: Dopamine Dorito
|-damage|p1a: Dopamine Dorito|13/100
|-damage|p2a: Dragapult|24/100|[from] item: Life Orb
|
|upkeep
|turn|10
|
|t:|1776091022
|move|p1a: Dopamine Dorito|Fiery Dance|p2a: Dragapult
|-resisted|p2a: Dragapult
|-damage|p2a: Dragapult|0 fnt
|faint|p2a: Dragapult
|
|upkeep
|
|t:|1776091025
|switch|p2a: Primarina|Primarina, F|100/100
|-damage|p2a: Primarina|88/100|[from] Stealth Rock
|turn|11
|
|t:|1776091045
|move|p2a: Primarina|Aqua Jet|p1a: Dopamine Dorito
|-supereffective|p1a: Dopamine Dorito
|-damage|p1a: Dopamine Dorito|0 fnt
|faint|p1a: Dopamine Dorito
|-end|p1a: Dopamine Dorito|Quark Drive|[silent]
|
|upkeep
|inactive|TeraBlastGardevoir has 120 seconds left.
|
|t:|1776091065
|switch|p1a: Rillaboom|Rillaboom, F|100/100
|-fieldstart|move: Grassy Terrain|[from] ability: Grassy Surge|[of] p1a: Rillaboom
|turn|12
|
|t:|1776091069
|switch|p2a: Gholdengo|Gholdengo|94/100
|-damage|p2a: Gholdengo|88/100|[from] Stealth Rock
|move|p1a: Rillaboom|Wood Hammer|p2a: Gholdengo
|-resisted|p2a: Gholdengo
|-damage|p2a: Gholdengo|42/100
|-damage|p1a: Rillaboom|88/100|[from] Recoil
|
|-heal|p2a: Gholdengo|48/100|[from] Grassy Terrain
|-heal|p1a: Rillaboom|94/100|[from] Grassy Terrain
|upkeep
|turn|13
|
|t:|1776091079
|move|p2a: Gholdengo|Focus Blast|p1a: Rillaboom
|-damage|p1a: Rillaboom|62/100
|move|p1a: Rillaboom|Knock Off|p2a: Gholdengo
|-supereffective|p2a: Gholdengo
|-damage|p2a: Gholdengo|0 fnt
|-enditem|p2a: Gholdengo|Choice Scarf|[from] move: Knock Off|[of] p1a: Rillaboom
|faint|p2a: Gholdengo
|
|-heal|p1a: Rillaboom|68/100|[from] Grassy Terrain
|upkeep
|
|t:|1776091082
|switch|p2a: Ogerpon|Ogerpon, F|55/100
|-damage|p2a: Ogerpon|43/100|[from] Stealth Rock
|turn|14
|inactive|TeraBlastGardevoir has 120 seconds left.
|inactive|TeraBlastGardevoir has 90 seconds left.
|
|t:|1776091143
|switch|p1a: Kingambitch|Kingambit, F|100/100
|-activate|p1a: Kingambitch|ability: Supreme Overlord
|-start|p1a: Kingambitch|fallen2|[silent]
|move|p2a: Ogerpon|U-turn|p1a: Kingambitch
|-damage|p1a: Kingambitch|71/100
|
|t:|1776091149
|switch|p2a: Great Tusk|Great Tusk|38/100|[from] U-turn
|
|-heal|p2a: Great Tusk|44/100|[from] Grassy Terrain
|-heal|p1a: Kingambitch|77/100|[from] Grassy Terrain
|upkeep
|turn|15
|
|t:|1776091153
|-end|p1a: Kingambitch|fallen2|[silent]
|switch|p1a: El Contrabandista|Hawlucha, F|100/100
|-enditem|p1a: El Contrabandista|Grassy Seed
|-boost|p1a: El Contrabandista|def|1|[from] item: Grassy Seed
|move|p2a: Great Tusk|Headlong Rush|p1a: El Contrabandista
|-immune|p1a: El Contrabandista
|
|-heal|p2a: Great Tusk|50/100|[from] Grassy Terrain
|upkeep
|turn|16
|
|t:|1776091158
|move|p1a: El Contrabandista|Swords Dance|p1a: El Contrabandista
|-boost|p1a: El Contrabandista|atk|2
|move|p2a: Great Tusk|Rapid Spin|p1a: El Contrabandista
|-damage|p1a: El Contrabandista|85/100
|-boost|p2a: Great Tusk|spe|1
|-sideend|p2: Testitify|Stealth Rock|[from] move: Rapid Spin|[of] p2a: Great Tusk
|
|-heal|p2a: Great Tusk|57/100|[from] Grassy Terrain
|-fieldend|move: Grassy Terrain
|upkeep
|turn|17
|
|t:|1776091162
|move|p1a: El Contrabandista|Acrobatics|p2a: Great Tusk
|-supereffective|p2a: Great Tusk
|-damage|p2a: Great Tusk|0 fnt
|faint|p2a: Great Tusk
|-end|p2a: Great Tusk|Protosynthesis|[silent]
|
|upkeep
|
|t:|1776091164
|switch|p2a: Primarina|Primarina, F|88/100
|turn|18
|
|t:|1776091175
|move|p1a: El Contrabandista|Acrobatics|p2a: Primarina
|-damage|p2a: Primarina|0 fnt
|faint|p2a: Primarina
|
|upkeep
|-message|Testitify forfeited.
|
|win|TeraBlastGardevoir
|raw|TeraBlastGardevoir's rating: 1378 &rarr; <strong>1401</strong><br />(+23 for winning)
|raw|Testitify's rating: 1425 &rarr; <strong>1402</strong><br />(-23 for losing)
|l|☆Testitify
|player|p2|
|l|☆TeraBlastGardevoir
|player|p1|
