|html|<div class="broadcast-blue"><strong>[Gen 9] OU is currently suspecting Tera Blast! For information on how to participate check out the <a href="https://www.smogon.com/tools/suspects/view/200">suspect thread</a>.</strong></div>
|j|☆tyr585
|j|☆96 Cents
|t:|1776262921
|gametype|singles
|player|p1|tyr585|101|1532
|player|p2|96 Cents|red|1569
|gen|9
|tier|[Gen 9] OU
|rated|
|rule|HP Percentage Mod: HP is shown in percentages
|rule|Endless Battle Clause: Forcing endless battles is banned
|rule|Species Clause: Limit one of each Pokémon
|rule|OHKO Clause: OHKO moves are banned
|rule|Evasion Items Clause: Evasion items are banned
|rule|Evasion Moves Clause: Evasion moves are banned
|rule|Evasion Abilities Clause: Evasion abilities are banned
|rule|Sleep Moves Clause: Sleep-inducing moves are banned
|clearpoke
|poke|p1|Deoxys-Speed|
|poke|p1|Iron Valiant|
|poke|p1|Scizor, M|
|poke|p1|Ting-Lu|
|poke|p1|Raging Bolt|
|poke|p1|Corviknight, M|
|poke|p2|Dragonite, F|
|poke|p2|Darkrai|
|poke|p2|Samurott-Hisui, F|
|poke|p2|Ogerpon-Wellspring, F|
|poke|p2|Iron Treads|
|poke|p2|Hatterene, F|
|teampreview
|inactive|Battle timer is ON: inactive players will automatically lose when time's up. (requested by 96 Cents)
|inactive|96 Cents has 120 seconds left.
|
|t:|1776262958
|teamsize|p1|6
|teamsize|p2|6
|start
|switch|p1a: Corviknight|Corviknight, M|100/100
|switch|p2a: Doomsday|Darkrai|100/100
|-ability|p1a: Corviknight|Pressure
|turn|1
|
|t:|1776262971
|move|p2a: Doomsday|Trick|p1a: Corviknight
|-activate|p2a: Doomsday|move: Trick|[of] p1a: Corviknight
|-item|p1a: Corviknight|Choice Scarf|[from] move: Trick
|-item|p2a: Doomsday|Rocky Helmet|[from] move: Trick
|move|p1a: Corviknight|U-turn|p2a: Doomsday
|-supereffective|p2a: Doomsday
|-damage|p2a: Doomsday|63/100
|-damage|p1a: Corviknight|84/100|[from] item: Rocky Helmet|[of] p2a: Doomsday
|
|t:|1776262983
|switch|p1a: Iron Valiant|Iron Valiant|100/100|[from] U-turn
|-enditem|p1a: Iron Valiant|Booster Energy
|-activate|p1a: Iron Valiant|ability: Quark Drive|[fromitem]
|-start|p1a: Iron Valiant|quarkdrivespe
|
|upkeep
|turn|2
|
|t:|1776263013
|switch|p2a: The Mentalist|Hatterene, F|100/100
|move|p1a: Iron Valiant|Moonblast|p2a: The Mentalist
|-damage|p2a: The Mentalist|55/100
|-unboost|p2a: The Mentalist|spa|1
|
|-heal|p2a: The Mentalist|61/100|[from] item: Leftovers
|upkeep
|turn|3
|
|t:|1776263023
|move|p1a: Iron Valiant|Moonblast|p2a: The Mentalist
|-damage|p2a: The Mentalist|10/100
|move|p2a: The Mentalist|Draining Kiss|p1a: Iron Valiant
|-supereffective|p1a: Iron Valiant
|-damage|p1a: Iron Valiant|38/100
|-heal|p2a: The Mentalist|53/100|[from] drain|[of] p1a: Iron Valiant
|
|-heal|p2a: The Mentalist|59/100|[from] item: Leftovers
|upkeep
|turn|4
|
|t:|1776263034
|-terastallize|p1a: Iron Valiant|Steel
|move|p1a: Iron Valiant|Moonblast|p2a: The Mentalist
|-damage|p2a: The Mentalist|13/100
|-unboost|p2a: The Mentalist|spa|1
|move|p2a: The Mentalist|Draining Kiss|p1a: Iron Valiant
|-resisted|p1a: Iron Valiant
|-crit|p1a: Iron Valiant
|-damage|p1a: Iron Valiant|4/100
|-heal|p2a: The Mentalist|35/100|[from] drain|[of] p1a: Iron Valiant
|
|-heal|p2a: The Mentalist|41/100|[from] item: Leftovers
|upkeep
|turn|5
|inactive|96 Cents has 120 seconds left.
|
|t:|1776263066
|switch|p2a: Voyager One|Iron Treads|100/100
|-enditem|p2a: Voyager One|Booster Energy
|-activate|p2a: Voyager One|ability: Quark Drive|[fromitem]
|-start|p2a: Voyager One|quarkdrivespe
|move|p1a: Iron Valiant|Moonblast|p2a: Voyager One
|-resisted|p2a: Voyager One
|-damage|p2a: Voyager One|66/100
|-unboost|p2a: Voyager One|spa|1
|
|upkeep
|turn|6
|
|t:|1776263075
|move|p1a: Iron Valiant|Close Combat|p2a: Voyager One
|-supereffective|p2a: Voyager One
|-damage|p2a: Voyager One|0 fnt
|-unboost|p1a: Iron Valiant|def|1
|-unboost|p1a: Iron Valiant|spd|1
|faint|p2a: Voyager One
|-end|p2a: Voyager One|Quark Drive|[silent]
|
|upkeep
|
|t:|1776263089
|switch|p2a: Draconis Mons|Dragonite, F|100/100
|turn|7
|
|t:|1776263093
|move|p2a: Draconis Mons|Extreme Speed|p1a: Iron Valiant
|-resisted|p1a: Iron Valiant
|-damage|p1a: Iron Valiant|0 fnt
|faint|p1a: Iron Valiant
|-end|p1a: Iron Valiant|Quark Drive|[silent]
|
|upkeep
|
|t:|1776263099
|switch|p1a: Deoxys|Deoxys-Speed|100/100
|-ability|p1a: Deoxys|Pressure
|turn|8
|
|t:|1776263107
|switch|p2a: Rebirth|Samurott-Hisui, F, shiny|100/100
|move|p1a: Deoxys|Ice Beam|p2a: Rebirth
|-resisted|p2a: Rebirth
|-damage|p2a: Rebirth|83/100
|
|upkeep
|turn|9
|
|t:|1776263121
|switch|p1a: Corviknight|Corviknight, M|84/100
|-ability|p1a: Corviknight|Pressure
|move|p2a: Rebirth|Sucker Punch||[still]
|-fail|p2a: Rebirth
|
|upkeep
|turn|10
|
|t:|1776263136
|move|p2a: Rebirth|Swords Dance|p2a: Rebirth
|-boost|p2a: Rebirth|atk|2
|move|p1a: Corviknight|U-turn|p2a: Rebirth
|-supereffective|p2a: Rebirth
|-damage|p2a: Rebirth|43/100
|
|t:|1776263143
|switch|p1a: Scizor|Scizor, M|100/100|[from] U-turn
|
|upkeep
|turn|11
|
|t:|1776263150
|-terastallize|p2a: Rebirth|Dark
|move|p2a: Rebirth|Sucker Punch|p1a: Scizor
|-damage|p1a: Scizor|0 fnt
|faint|p1a: Scizor
|-damage|p2a: Rebirth|33/100|[from] item: Life Orb
|
|upkeep
|
|t:|1776263157
|switch|p1a: Corviknight|Corviknight, M|84/100
|-ability|p1a: Corviknight|Pressure
|turn|12
|
|t:|1776263166
|move|p2a: Rebirth|Ceaseless Edge|p1a: Corviknight
|-damage|p1a: Corviknight|0 fnt
|-sidestart|p1: tyr585|Spikes
|faint|p1a: Corviknight
|-damage|p2a: Rebirth|23/100|[from] item: Life Orb
|
|upkeep
|
|t:|1776263174
|switch|p1a: Ting-Lu|Ting-Lu|100/100
|-damage|p1a: Ting-Lu|88/100|[from] Spikes
|-ability|p1a: Ting-Lu|Vessel of Ruin
|turn|13
|
|t:|1776263181
|move|p2a: Rebirth|Aqua Cutter|p1a: Ting-Lu
|-supereffective|p1a: Ting-Lu
|-crit|p1a: Ting-Lu
|-damage|p1a: Ting-Lu|0 fnt
|faint|p1a: Ting-Lu
|-damage|p2a: Rebirth|13/100|[from] item: Life Orb
|
|upkeep
|
|t:|1776263188
|switch|p1a: Raging Bolt|Raging Bolt|100/100
|-damage|p1a: Raging Bolt|88/100|[from] Spikes
|-enditem|p1a: Raging Bolt|Booster Energy
|-activate|p1a: Raging Bolt|ability: Protosynthesis|[fromitem]
|-start|p1a: Raging Bolt|protosynthesisspa
|turn|14
|
|t:|1776263196
|move|p2a: Rebirth|Sucker Punch|p1a: Raging Bolt
|-damage|p1a: Raging Bolt|0 fnt
|faint|p1a: Raging Bolt
|-end|p1a: Raging Bolt|Protosynthesis|[silent]
|-damage|p2a: Rebirth|3/100|[from] item: Life Orb
|
|upkeep
|-message|tyr585 forfeited.
|
|win|96 Cents
|raw|tyr585's rating: 1532 &rarr; <strong>1514</strong><br />(-18 for losing)
|raw|96 Cents's rating: 1569 &rarr; <strong>1587</strong><br />(+18 for winning)
|l|☆tyr585
|player|p1|
