|html|<div class="broadcast-blue"><strong>[Gen 9] OU is currently suspecting Tera Blast! For information on how to participate check out the <a href="https://www.smogon.com/tools/suspects/view/200">suspect thread</a>.</strong></div>
|j|☆MegaJimbo
|j|☆EarlySasha
|t:|1776042060
|gametype|singles
|player|p1|MegaJimbo|ruinmaniac|1111
|player|p2|EarlySasha|unknown|1169
|gen|9
|tier|[Gen 9] OU
|rated|
|rule|HP Percentage Mod: HP is shown in percentages
|rule|Endless Battle Clause: Forcing endless battles is banned
|rule|Species Clause: Limit one of each Pokémon
|rule|OHKO Clause: OHKO moves are banned
|rule|Evasion Items Clause: Evasion items are banned
|rule|Evasion Moves Clause: Evasion moves are banned
|rule|Evasion Abilities Clause: Evasion abilities are banned
|rule|Sleep Moves Clause: Sleep-inducing moves are banned
|clearpoke
|poke|p1|Torterra, F|
|poke|p1|Sableye, M|
|poke|p1|Slowbro, M|
|poke|p1|Mamoswine, M|
|poke|p1|Heracross, F|
|poke|p1|Muk-Alola, F|
|poke|p2|Great Tusk|
|poke|p2|Zapdos|
|poke|p2|Slowking-Galar, M|
|poke|p2|Dragapult, F|
|poke|p2|Ogerpon-Wellspring, F|
|poke|p2|Kingambit, M|
|teampreview
|inactive|Battle timer is ON: inactive players will automatically lose when time's up. (requested by EarlySasha)
|inactive|MegaJimbo also wants the timer to be on.
|
|t:|1776042080
|teamsize|p1|6
|teamsize|p2|6
|start
|switch|p1a: Sableye|Sableye, M|100/100
|switch|p2a: Great Tusk|Great Tusk|100/100
|turn|1
|
|t:|1776042086
|move|p1a: Sableye|Taunt|p2a: Great Tusk
|-start|p2a: Great Tusk|move: Taunt
|move|p2a: Great Tusk|Knock Off|p1a: Sableye
|-damage|p1a: Sableye|61/100
|-enditem|p1a: Sableye|Leftovers|[from] move: Knock Off|[of] p2a: Great Tusk
|
|upkeep
|turn|2
|
|t:|1776042095
|move|p1a: Sableye|Will-O-Wisp|p2a: Great Tusk
|-status|p2a: Great Tusk|brn
|move|p2a: Great Tusk|Headlong Rush|p1a: Sableye
|-damage|p1a: Sableye|25/100
|-unboost|p2a: Great Tusk|def|1
|-unboost|p2a: Great Tusk|spd|1
|
|-damage|p2a: Great Tusk|94/100 brn|[from] brn
|upkeep
|turn|3
|
|t:|1776042107
|-end|p2a: Great Tusk|Protosynthesis|[silent]
|switch|p2a: Kingambit|Kingambit, M|100/100
|move|p1a: Sableye|Recover|p1a: Sableye
|-heal|p1a: Sableye|75/100
|
|upkeep
|turn|4
|
|t:|1776042116
|move|p2a: Kingambit|Iron Head|p1a: Sableye
|-damage|p1a: Sableye|3/100
|cant|p1a: Sableye|flinch
|
|upkeep
|turn|5
|
|t:|1776042123
|move|p2a: Kingambit|Iron Head|p1a: Sableye
|-damage|p1a: Sableye|0 fnt
|faint|p1a: Sableye
|
|upkeep
|
|t:|1776042138
|switch|p1a: Mamoswine|Mamoswine, M|100/100
|turn|6
|
|t:|1776042149
|-end|p2a: Kingambit|fallenundefined|[silent]
|switch|p2a: Zapdos|Zapdos|100/100
|move|p1a: Mamoswine|Icicle Crash|p2a: Zapdos
|-supereffective|p2a: Zapdos
|-damage|p2a: Zapdos|28/100
|
|upkeep
|turn|7
|
|t:|1776042158
|move|p1a: Mamoswine|Icicle Crash|p2a: Zapdos
|-supereffective|p2a: Zapdos
|-damage|p2a: Zapdos|0 fnt
|faint|p2a: Zapdos
|
|upkeep
|
|t:|1776042164
|switch|p2a: Great Tusk|Great Tusk|94/100 brn
|turn|8
|
|t:|1776042168
|switch|p1a: Slowbro|Slowbro, M|100/100
|move|p2a: Great Tusk|Knock Off|p1a: Slowbro
|-supereffective|p1a: Slowbro
|-damage|p1a: Slowbro|82/100
|-damage|p2a: Great Tusk|78/100 brn|[from] item: Rocky Helmet|[of] p1a: Slowbro
|-enditem|p1a: Slowbro|Rocky Helmet|[from] move: Knock Off|[of] p2a: Great Tusk
|
|-heal|p2a: Great Tusk|84/100 brn|[from] item: Leftovers
|-damage|p2a: Great Tusk|78/100 brn|[from] brn
|upkeep
|turn|9
|
|t:|1776042179
|move|p2a: Great Tusk|Stealth Rock|p1a: Slowbro
|-sidestart|p1: MegaJimbo|move: Stealth Rock
|move|p1a: Slowbro|Calm Mind|p1a: Slowbro
|-boost|p1a: Slowbro|spa|1
|-boost|p1a: Slowbro|spd|1
|
|-heal|p2a: Great Tusk|84/100 brn|[from] item: Leftovers
|-damage|p2a: Great Tusk|78/100 brn|[from] brn
|upkeep
|turn|10
|
|t:|1776042188
|move|p2a: Great Tusk|Knock Off|p1a: Slowbro
|-supereffective|p1a: Slowbro
|-damage|p1a: Slowbro|70/100
|move|p1a: Slowbro|Calm Mind|p1a: Slowbro
|-boost|p1a: Slowbro|spa|1
|-boost|p1a: Slowbro|spd|1
|
|-heal|p2a: Great Tusk|84/100 brn|[from] item: Leftovers
|-damage|p2a: Great Tusk|78/100 brn|[from] brn
|upkeep
|turn|11
|
|t:|1776042199
|-end|p2a: Great Tusk|Protosynthesis|[silent]
|switch|p2a: Ogerpon|Ogerpon-Wellspring, F|100/100
|move|p1a: Slowbro|Calm Mind|p1a: Slowbro
|-boost|p1a: Slowbro|spa|1
|-boost|p1a: Slowbro|spd|1
|
|upkeep
|turn|12
|
|t:|1776042207
|switch|p1a: Heracross|Heracross, F|100/100
|-damage|p1a: Heracross|88/100|[from] Stealth Rock
|move|p2a: Ogerpon|Horn Leech|p1a: Heracross
|-resisted|p1a: Heracross
|-damage|p1a: Heracross|59/100
|
|upkeep
|turn|13
|
|t:|1776042215
|move|p1a: Heracross|Megahorn|p2a: Ogerpon
|-supereffective|p2a: Ogerpon
|-damage|p2a: Ogerpon|0 fnt
|faint|p2a: Ogerpon
|-ability|p1a: Heracross|Moxie|boost
|-boost|p1a: Heracross|atk|1
|
|upkeep
|
|t:|1776042223
|switch|p2a: Dragapult|Dragapult, F|100/100
|turn|14
|
|t:|1776042230
|switch|p1a: Muk|Muk-Alola, F|100/100
|-damage|p1a: Muk|88/100|[from] Stealth Rock
|move|p2a: Dragapult|Flamethrower|p1a: Muk
|-damage|p1a: Muk|66/100
|-status|p1a: Muk|brn
|
|-damage|p1a: Muk|60/100 brn|[from] brn
|upkeep
|turn|15
|
|t:|1776042241
|switch|p2a: Slowking|Slowking-Galar, M|100/100
|move|p1a: Muk|Knock Off|p2a: Slowking
|-supereffective|p2a: Slowking
|-damage|p2a: Slowking|53/100
|-enditem|p2a: Slowking|Assault Vest|[from] move: Knock Off|[of] p1a: Muk
|
|-damage|p1a: Muk|54/100 brn|[from] brn
|upkeep
|turn|16
|
|t:|1776042259
|switch|p2a: Great Tusk|Great Tusk|78/100 brn
|move|p1a: Muk|Crunch|p2a: Great Tusk
|-resisted|p2a: Great Tusk
|-damage|p2a: Great Tusk|72/100 brn
|
|-heal|p2a: Great Tusk|78/100 brn|[from] item: Leftovers
|-damage|p2a: Great Tusk|72/100 brn|[from] brn
|-damage|p1a: Muk|48/100 brn|[from] brn
|upkeep
|turn|17
|
|t:|1776042271
|switch|p1a: Slowbro|Slowbro, M|100/100
|-damage|p1a: Slowbro|88/100|[from] Stealth Rock
|move|p2a: Great Tusk|Headlong Rush|p1a: Slowbro
|-damage|p1a: Slowbro|70/100
|-unboost|p2a: Great Tusk|def|1
|-unboost|p2a: Great Tusk|spd|1
|
|-heal|p2a: Great Tusk|78/100 brn|[from] item: Leftovers
|-damage|p2a: Great Tusk|72/100 brn|[from] brn
|upkeep
|turn|18
|
|t:|1776042286
|-end|p2a: Great Tusk|Protosynthesis|[silent]
|switch|p2a: Slowking|Slowking-Galar, M|86/100
|move|p1a: Slowbro|Slack Off|p1a: Slowbro
|-heal|p1a: Slowbro|100/100
|
|upkeep
|turn|19
|
|t:|1776042295
|move|p1a: Slowbro|Calm Mind|p1a: Slowbro
|-boost|p1a: Slowbro|spa|1
|-boost|p1a: Slowbro|spd|1
|move|p2a: Slowking|Sludge Bomb|p1a: Slowbro
|-damage|p1a: Slowbro|66/100
|
|upkeep
|turn|20
|
|t:|1776042305
|move|p1a: Slowbro|Calm Mind|p1a: Slowbro
|-boost|p1a: Slowbro|spa|1
|-boost|p1a: Slowbro|spd|1
|move|p2a: Slowking|Sludge Bomb|p1a: Slowbro
|-damage|p1a: Slowbro|40/100
|
|upkeep
|turn|21
|
|t:|1776042312
|move|p1a: Slowbro|Slack Off|p1a: Slowbro
|-heal|p1a: Slowbro|90/100
|move|p2a: Slowking|Sludge Bomb|p1a: Slowbro
|-damage|p1a: Slowbro|65/100
|
|upkeep
|turn|22
|
|t:|1776042319
|move|p1a: Slowbro|Psychic Noise|p2a: Slowking
|-damage|p2a: Slowking|39/100
|-start|p2a: Slowking|move: Heal Block
|move|p2a: Slowking|Sludge Bomb|p1a: Slowbro
|-damage|p1a: Slowbro|43/100
|
|upkeep
|turn|23
|
|t:|1776042331
|move|p2a: Slowking|Sludge Bomb|p1a: Slowbro
|-damage|p1a: Slowbro|17/100
|move|p1a: Slowbro|Calm Mind|p1a: Slowbro
|-boost|p1a: Slowbro|spa|1
|-boost|p1a: Slowbro|spd|1
|
|-end|p2a: Slowking|move: Heal Block
|upkeep
|turn|24
|
|t:|1776042338
|move|p2a: Slowking|Sludge Bomb|p1a: Slowbro
|-damage|p1a: Slowbro|0 fnt
|faint|p1a: Slowbro
|
|upkeep
|
|t:|1776042343
|switch|p1a: Torterra|Torterra, F|100/100
|-damage|p1a: Torterra|94/100|[from] Stealth Rock
|turn|25
|
|t:|1776042350
|switch|p2a: Great Tusk|Great Tusk|72/100 brn
|move|p1a: Torterra|Shell Smash|p1a: Torterra
|-unboost|p1a: Torterra|def|1
|-unboost|p1a: Torterra|spd|1
|-boost|p1a: Torterra|atk|2
|-boost|p1a: Torterra|spa|2
|-boost|p1a: Torterra|spe|2
|
|-heal|p2a: Great Tusk|78/100 brn|[from] item: Leftovers
|-damage|p2a: Great Tusk|72/100 brn|[from] brn
|upkeep
|turn|26
|
|t:|1776042363
|move|p1a: Torterra|Bullet Seed|p2a: Great Tusk
|-supereffective|p2a: Great Tusk
|-damage|p2a: Great Tusk|40/100 brn
|-supereffective|p2a: Great Tusk
|-damage|p2a: Great Tusk|11/100 brn
|-supereffective|p2a: Great Tusk
|-damage|p2a: Great Tusk|0 fnt
|faint|p2a: Great Tusk
|-end|p2a: Great Tusk|Protosynthesis|[silent]
|-hitcount|p2: Great Tusk|3
|
|upkeep
|
|t:|1776042371
|switch|p2a: Dragapult|Dragapult, F|100/100
|turn|27
|
|t:|1776042383
|move|p1a: Torterra|Headlong Rush|p2a: Dragapult
|-damage|p2a: Dragapult|0 fnt
|-unboost|p1a: Torterra|def|1
|-unboost|p1a: Torterra|spd|1
|faint|p2a: Dragapult
|
|upkeep
|
|t:|1776042389
|switch|p2a: Kingambit|Kingambit, M|100/100
|-activate|p2a: Kingambit|ability: Supreme Overlord
|-start|p2a: Kingambit|fallen4|[silent]
|turn|28
|
|t:|1776042400
|switch|p1a: Heracross|Heracross, F|59/100
|-damage|p1a: Heracross|47/100|[from] Stealth Rock
|move|p2a: Kingambit|Kowtow Cleave|p1a: Heracross
|-resisted|p1a: Heracross
|-damage|p1a: Heracross|0 fnt
|faint|p1a: Heracross
|
|upkeep
|
|t:|1776042408
|switch|p1a: Mamoswine|Mamoswine, M|100/100
|-damage|p1a: Mamoswine|88/100|[from] Stealth Rock
|turn|29
|
|t:|1776042414
|move|p1a: Mamoswine|Earthquake|p2a: Kingambit
|-supereffective|p2a: Kingambit
|-damage|p2a: Kingambit|8/100
|move|p2a: Kingambit|Iron Head|p1a: Mamoswine
|-supereffective|p1a: Mamoswine
|-damage|p1a: Mamoswine|0 fnt
|faint|p1a: Mamoswine
|
|upkeep
|
|t:|1776042421
|switch|p1a: Torterra|Torterra, F|94/100
|-damage|p1a: Torterra|88/100|[from] Stealth Rock
|turn|30
|
|t:|1776042442
|-end|p2a: Kingambit|fallen4|[silent]
|switch|p2a: Slowking|Slowking-Galar, M|72/100
|move|p1a: Torterra|Bullet Seed|p2a: Slowking
|-resisted|p2a: Slowking
|-damage|p2a: Slowking|66/100
|-resisted|p2a: Slowking
|-damage|p2a: Slowking|60/100
|-resisted|p2a: Slowking
|-damage|p2a: Slowking|54/100
|-resisted|p2a: Slowking
|-damage|p2a: Slowking|48/100
|-hitcount|p2a: Slowking|4
|
|upkeep
|turn|31
|
|t:|1776042454
|move|p1a: Torterra|Headlong Rush|p2a: Slowking
|-supereffective|p2a: Slowking
|-damage|p2a: Slowking|0 fnt
|-unboost|p1a: Torterra|def|1
|-unboost|p1a: Torterra|spd|1
|faint|p2a: Slowking
|
|upkeep
|
|t:|1776042460
|switch|p2a: Kingambit|Kingambit, M|8/100
|-activate|p2a: Kingambit|ability: Supreme Overlord
|-start|p2a: Kingambit|fallen5|[silent]
|turn|32
|
|t:|1776042466
|move|p2a: Kingambit|Sucker Punch|p1a: Torterra
|-damage|p1a: Torterra|0 fnt
|faint|p1a: Torterra
|
|upkeep
|
|t:|1776042470
|switch|p1a: Muk|Muk-Alola, F|48/100 brn
|-damage|p1a: Muk|36/100 brn|[from] Stealth Rock
|turn|33
|
|t:|1776042475
|move|p2a: Kingambit|Sucker Punch|p1a: Muk
|-resisted|p1a: Muk
|-damage|p1a: Muk|0 fnt
|faint|p1a: Muk
|
|win|EarlySasha
|raw|MegaJimbo's rating: 1111 &rarr; <strong>1090</strong><br />(-21 for losing)
|raw|EarlySasha's rating: 1169 &rarr; <strong>1190</strong><br />(+21 for winning)
|l|☆MegaJimbo
|player|p1|
|l|☆EarlySasha
|player|p2|
