|html|<div class="broadcast-blue"><strong>[Gen 9] OU is currently suspecting Tera Blast! For information on how to participate check out the <a href="https://www.smogon.com/tools/suspects/view/200">suspect thread</a>.</strong></div>
|j|☆JayJay750
|j|☆JohnArq
|t:|1776078790
|gametype|singles
|player|p1|JayJay750|ethan|1163
|player|p2|JohnArq|benga|1145
|gen|9
|tier|[Gen 9] OU
|rated|
|rule|HP Percentage Mod: HP is shown in percentages
|rule|Endless Battle Clause: Forcing endless battles is banned
|rule|Species Clause: Limit one of each Pokémon
|rule|OHKO Clause: OHKO moves are banned
|rule|Evasion Items Clause: Evasion items are banned
|rule|Evasion Moves Clause: Evasion moves are banned
|rule|Evasion Abilities Clause: Evasion abilities are banned
|rule|Sleep Moves Clause: Sleep-inducing moves are banned
|clearpoke
|poke|p1|Iron Moth|
|poke|p1|Rillaboom, F|
|poke|p1|Samurott-Hisui, F|
|poke|p1|Latias, F|
|poke|p1|Dragapult, F|
|poke|p1|Greninja-*, F|
|poke|p2|Empoleon, M|
|poke|p2|Primarina, F|
|poke|p2|Serperior, M|
|poke|p2|Venusaur, M|
|poke|p2|Delphox, F|
|poke|p2|Skeledirge, M|
|teampreview
|inactive|Battle timer is ON: inactive players will automatically lose when time's up. (requested by JayJay750)
|
|t:|1776078796
|teamsize|p1|6
|teamsize|p2|6
|start
|switch|p1a: Latias|Latias, F|100/100
|switch|p2a: Skeledirge|Skeledirge, M|100/100
|turn|1
|
|t:|1776078805
|move|p1a: Latias|Dragon Pulse|p2a: Skeledirge
|-damage|p2a: Skeledirge|50/100
|move|p2a: Skeledirge|Torch Song|p1a: Latias
|-resisted|p1a: Latias
|-damage|p1a: Latias|83/100
|-boost|p2a: Skeledirge|spa|1
|-enditem|p2a: Skeledirge|Throat Spray
|-boost|p2a: Skeledirge|spa|1|[from] item: Throat Spray
|
|upkeep
|turn|2
|
|t:|1776078819
|move|p1a: Latias|Dragon Pulse|p2a: Skeledirge
|-damage|p2a: Skeledirge|0 fnt
|faint|p2a: Skeledirge
|
|upkeep
|
|t:|1776078825
|switch|p2a: Empoleon|Empoleon, M|100/100
|turn|3
|
|t:|1776078829
|move|p1a: Latias|Aura Sphere|p2a: Empoleon
|-supereffective|p2a: Empoleon
|-damage|p2a: Empoleon|53/100
|move|p2a: Empoleon|Ice Beam|p1a: Latias
|-supereffective|p1a: Latias
|-damage|p1a: Latias|31/100
|
|-heal|p2a: Empoleon|59/100|[from] item: Leftovers
|upkeep
|turn|4
|
|t:|1776078835
|move|p1a: Latias|Aura Sphere|p2a: Empoleon
|-supereffective|p2a: Empoleon
|-damage|p2a: Empoleon|14/100
|move|p2a: Empoleon|Ice Beam|p1a: Latias
|-supereffective|p1a: Latias
|-damage|p1a: Latias|0 fnt
|faint|p1a: Latias
|
|-heal|p2a: Empoleon|20/100|[from] item: Leftovers
|upkeep
|
|t:|1776078841
|switch|p1a: Iron Moth|Iron Moth|100/100
|-enditem|p1a: Iron Moth|Booster Energy
|-activate|p1a: Iron Moth|ability: Quark Drive|[fromitem]
|-start|p1a: Iron Moth|quarkdrivespa
|turn|5
|
|t:|1776078846
|move|p1a: Iron Moth|Fiery Dance|p2a: Empoleon
|-damage|p2a: Empoleon|0 fnt
|-boost|p1a: Iron Moth|spa|1
|faint|p2a: Empoleon
|
|upkeep
|
|t:|1776078854
|switch|p2a: Delphox|Delphox, F|100/100
|turn|6
|
|t:|1776078863
|move|p1a: Iron Moth|Bug Buzz|p2a: Delphox
|-damage|p2a: Delphox|53/100
|move|p2a: Delphox|Mystical Fire|p1a: Iron Moth
|-resisted|p1a: Iron Moth
|-crit|p1a: Iron Moth
|-damage|p1a: Iron Moth|74/100
|-unboost|p1a: Iron Moth|spa|1
|
|upkeep
|turn|7
|
|t:|1776078872
|move|p1a: Iron Moth|Fiery Dance|p2a: Delphox
|-resisted|p2a: Delphox
|-damage|p2a: Delphox|32/100
|move|p2a: Delphox|Psychic|p1a: Iron Moth
|-supereffective|p1a: Iron Moth
|-damage|p1a: Iron Moth|0 fnt
|faint|p1a: Iron Moth
|-end|p1a: Iron Moth|Quark Drive|[silent]
|
|upkeep
|
|t:|1776078879
|switch|p1a: Greninja|Greninja, F|100/100
|turn|8
|
|t:|1776078886
|move|p1a: Greninja|Surf|p2a: Delphox
|-start|p1a: Greninja|typechange|Water|[from] ability: Protean
|-supereffective|p2a: Delphox
|-damage|p2a: Delphox|0 fnt
|faint|p2a: Delphox
|
|upkeep
|
|t:|1776078892
|switch|p2a: Venusaur|Venusaur, M|100/100
|turn|9
|
|t:|1776078896
|move|p1a: Greninja|U-turn|p2a: Venusaur
|-damage|p2a: Venusaur|83/100
|
|t:|1776078901
|switch|p1a: Rillaboom|Rillaboom, F|100/100|[from] U-turn
|-fieldstart|move: Grassy Terrain|[from] ability: Grassy Surge|[of] p1a: Rillaboom
|move|p2a: Venusaur|Toxic|p1a: Rillaboom
|-status|p1a: Rillaboom|tox
|
|-heal|p2a: Venusaur|89/100|[from] Grassy Terrain
|-heal|p2a: Venusaur|95/100|[from] item: Black Sludge
|-damage|p1a: Rillaboom|94/100 tox|[from] psn
|upkeep
|turn|10
|
|t:|1776078913
|move|p2a: Venusaur|Protect|p2a: Venusaur
|-singleturn|p2a: Venusaur|Protect
|move|p1a: Rillaboom|Fake Out|p2a: Venusaur
|-activate|p2a: Venusaur|move: Protect
|
|-heal|p1a: Rillaboom|100/100 tox|[from] Grassy Terrain
|-heal|p2a: Venusaur|100/100|[from] Grassy Terrain
|-damage|p1a: Rillaboom|88/100 tox|[from] psn
|upkeep
|turn|11
|
|t:|1776078923
|move|p1a: Rillaboom|Earthquake|p2a: Venusaur
|-damage|p2a: Venusaur|78/100
|move|p2a: Venusaur|Sludge Bomb|p1a: Rillaboom
|-supereffective|p1a: Rillaboom
|-damage|p1a: Rillaboom|13/100 tox
|
|-heal|p1a: Rillaboom|19/100 tox|[from] Grassy Terrain
|-heal|p2a: Venusaur|84/100|[from] Grassy Terrain
|-heal|p2a: Venusaur|90/100|[from] item: Black Sludge
|-damage|p1a: Rillaboom|0 fnt|[from] psn
|faint|p1a: Rillaboom
|upkeep
|
|t:|1776078927
|switch|p1a: Greninja|Greninja, F|100/100
|turn|12
|
|t:|1776078936
|move|p2a: Venusaur|Protect|p2a: Venusaur
|-singleturn|p2a: Venusaur|Protect
|move|p1a: Greninja|Ice Beam|p2a: Venusaur
|-start|p1a: Greninja|typechange|Ice|[from] ability: Protean
|-activate|p2a: Venusaur|move: Protect
|
|-heal|p2a: Venusaur|96/100|[from] Grassy Terrain
|-heal|p2a: Venusaur|100/100|[from] item: Black Sludge
|upkeep
|turn|13
|
|t:|1776078953
|move|p1a: Greninja|Ice Beam|p2a: Venusaur
|-supereffective|p2a: Venusaur
|-damage|p2a: Venusaur|6/100
|move|p2a: Venusaur|Toxic|p1a: Greninja
|-status|p1a: Greninja|tox
|
|-heal|p2a: Venusaur|12/100|[from] Grassy Terrain
|-heal|p2a: Venusaur|18/100|[from] item: Black Sludge
|-damage|p1a: Greninja|95/100 tox|[from] psn
|-fieldend|move: Grassy Terrain
|upkeep
|turn|14
|
|t:|1776078965
|move|p2a: Venusaur|Protect|p2a: Venusaur
|-singleturn|p2a: Venusaur|Protect
|move|p1a: Greninja|Ice Beam|p2a: Venusaur
|-activate|p2a: Venusaur|move: Protect
|
|-heal|p1a: Greninja|100/100 tox|[from] item: Leftovers
|-heal|p2a: Venusaur|24/100|[from] item: Black Sludge
|-damage|p1a: Greninja|89/100 tox|[from] psn
|upkeep
|turn|15
|
|t:|1776078976
|move|p2a: Venusaur|Protect||[still]
|-fail|p2a: Venusaur
|move|p1a: Greninja|Ice Beam|p2a: Venusaur
|-supereffective|p2a: Venusaur
|-damage|p2a: Venusaur|0 fnt
|faint|p2a: Venusaur
|
|-heal|p1a: Greninja|95/100 tox|[from] item: Leftovers
|-damage|p1a: Greninja|77/100 tox|[from] psn
|upkeep
|
|t:|1776078989
|switch|p2a: Serperior|Serperior, M|100/100
|turn|16
|
|t:|1776078994
|-terastallize|p2a: Serperior|Steel
|move|p1a: Greninja|Ice Beam|p2a: Serperior
|-resisted|p2a: Serperior
|-damage|p2a: Serperior|80/100
|move|p2a: Serperior|Leech Seed|p1a: Greninja
|-start|p1a: Greninja|move: Leech Seed
|
|-heal|p1a: Greninja|83/100 tox|[from] item: Leftovers
|-heal|p2a: Serperior|86/100|[from] item: Leftovers
|-damage|p1a: Greninja|70/100 tox|[from] Leech Seed|[of] p2a: Serperior
|-heal|p2a: Serperior|96/100|[silent]
|-damage|p1a: Greninja|46/100 tox|[from] psn
|upkeep
|turn|17
|
|t:|1776079007
|move|p2a: Serperior|Protect|p2a: Serperior
|-singleturn|p2a: Serperior|Protect
|move|p1a: Greninja|U-turn|p2a: Serperior
|-activate|p2a: Serperior|move: Protect
|
|-heal|p1a: Greninja|52/100 tox|[from] item: Leftovers
|-heal|p2a: Serperior|100/100|[from] item: Leftovers
|-damage|p1a: Greninja|40/100 tox|[from] Leech Seed|[of] p2a: Serperior
|-damage|p1a: Greninja|10/100 tox|[from] psn
|upkeep
|turn|18
|
|t:|1776079019
|move|p1a: Greninja|U-turn|p2a: Serperior
|-resisted|p2a: Serperior
|-damage|p2a: Serperior|94/100
|
|t:|1776079027
|switch|p1a: Dragapult|Dragapult, F|100/100|[from] U-turn
|move|p2a: Serperior|Synthesis|p2a: Serperior
|-heal|p2a: Serperior|100/100
|
|upkeep
|turn|19
|
|t:|1776079035
|move|p1a: Dragapult|Dragon Dance|p1a: Dragapult
|-boost|p1a: Dragapult|atk|1
|-boost|p1a: Dragapult|spe|1
|move|p2a: Serperior|Leech Seed|p1a: Dragapult
|-start|p1a: Dragapult|move: Leech Seed
|
|-damage|p1a: Dragapult|88/100|[from] Leech Seed|[of] p2a: Serperior
|upkeep
|turn|20
|
|t:|1776079045
|move|p1a: Dragapult|Dragon Dance|p1a: Dragapult
|-boost|p1a: Dragapult|atk|1
|-boost|p1a: Dragapult|spe|1
|move|p2a: Serperior|Leaf Storm|p1a: Dragapult
|-resisted|p1a: Dragapult
|-damage|p1a: Dragapult|65/100
|-boost|p2a: Serperior|spa|2
|
|-heal|p1a: Dragapult|71/100|[from] item: Leftovers
|-damage|p1a: Dragapult|59/100|[from] Leech Seed|[of] p2a: Serperior
|upkeep
|turn|21
|
|t:|1776079056
|move|p1a: Dragapult|Dragon Darts|p2a: Serperior
|-resisted|p2a: Serperior
|-damage|p2a: Serperior|74/100
|-anim|p1a: Dragapult|Dragon Darts|p2a: Serperior
|-resisted|p2a: Serperior
|-damage|p2a: Serperior|47/100
|move|p2a: Serperior|Leaf Storm|p1a: Dragapult
|-resisted|p1a: Dragapult
|-damage|p1a: Dragapult|8/100
|-boost|p2a: Serperior|spa|2
|
|-heal|p1a: Dragapult|14/100|[from] item: Leftovers
|-heal|p2a: Serperior|53/100|[from] item: Leftovers
|-damage|p1a: Dragapult|1/100|[from] Leech Seed|[of] p2a: Serperior
|-heal|p2a: Serperior|64/100|[silent]
|upkeep
|turn|22
|
|t:|1776079070
|move|p2a: Serperior|Protect|p2a: Serperior
|-singleturn|p2a: Serperior|Protect
|move|p1a: Dragapult|Dragon Darts|p2a: Serperior
|-activate|p2a: Serperior|move: Protect
|
|-heal|p1a: Dragapult|7/100|[from] item: Leftovers
|-heal|p2a: Serperior|70/100|[from] item: Leftovers
|-damage|p1a: Dragapult|0 fnt|[from] Leech Seed|[of] p2a: Serperior
|-heal|p2a: Serperior|76/100|[silent]
|faint|p1a: Dragapult
|upkeep
|
|t:|1776079073
|switch|p1a: Greninja|Greninja, F|10/100 tox
|turn|23
|
|t:|1776079084
|move|p1a: Greninja|Dark Pulse|p2a: Serperior
|-start|p1a: Greninja|typechange|Dark|[from] ability: Protean
|-damage|p2a: Serperior|43/100
|move|p2a: Serperior|Synthesis|p2a: Serperior
|-heal|p2a: Serperior|93/100
|
|-heal|p1a: Greninja|16/100 tox|[from] item: Leftovers
|-heal|p2a: Serperior|99/100|[from] item: Leftovers
|-damage|p1a: Greninja|10/100 tox|[from] psn
|upkeep
|turn|24
|
|t:|1776079096
|move|p2a: Serperior|Protect|p2a: Serperior
|-singleturn|p2a: Serperior|Protect
|move|p1a: Greninja|U-turn|p2a: Serperior
|-activate|p2a: Serperior|move: Protect
|
|-heal|p1a: Greninja|16/100 tox|[from] item: Leftovers
|-heal|p2a: Serperior|100/100|[from] item: Leftovers
|-damage|p1a: Greninja|4/100 tox|[from] psn
|upkeep
|turn|25
|
|t:|1776079105
|move|p1a: Greninja|U-turn|p2a: Serperior
|-resisted|p2a: Serperior
|-crit|p2a: Serperior
|-damage|p2a: Serperior|91/100
|
|t:|1776079107
|switch|p1a: Samurott|Samurott-Hisui, F|100/100|[from] U-turn
|move|p2a: Serperior|Leaf Storm|p1a: Samurott
|-supereffective|p1a: Samurott
|-damage|p1a: Samurott|0 fnt
|-boost|p2a: Serperior|spa|2
|faint|p1a: Samurott
|
|-heal|p2a: Serperior|97/100|[from] item: Leftovers
|upkeep
|
|t:|1776079109
|switch|p1a: Greninja|Greninja, F|4/100 tox
|turn|26
|
|t:|1776079121
|move|p2a: Serperior|Protect|p2a: Serperior
|-singleturn|p2a: Serperior|Protect
|move|p1a: Greninja|Surf|p2a: Serperior
|-start|p1a: Greninja|typechange|Water|[from] ability: Protean
|-activate|p2a: Serperior|move: Protect
|
|-heal|p1a: Greninja|10/100 tox|[from] item: Leftovers
|-heal|p2a: Serperior|100/100|[from] item: Leftovers
|-damage|p1a: Greninja|4/100 tox|[from] psn
|upkeep
|turn|27
|
|t:|1776079133
|move|p1a: Greninja|Surf|p2a: Serperior
|-damage|p2a: Serperior|60/100
|move|p2a: Serperior|Leech Seed|p1a: Greninja
|-start|p1a: Greninja|move: Leech Seed
|
|-heal|p1a: Greninja|10/100 tox|[from] item: Leftovers
|-heal|p2a: Serperior|67/100|[from] item: Leftovers
|-damage|p1a: Greninja|0 fnt|[from] Leech Seed|[of] p2a: Serperior
|-heal|p2a: Serperior|75/100|[silent]
|faint|p1a: Greninja
|
|win|JohnArq
|raw|JayJay750's rating: 1163 &rarr; <strong>1137</strong><br />(-26 for losing)
|raw|JohnArq's rating: 1145 &rarr; <strong>1171</strong><br />(+26 for winning)
|l|☆JayJay750
|player|p1|
|l|☆JohnArq
|player|p2|
