|html|<div class="broadcast-blue"><strong>[Gen 9] OU is currently suspecting Tera Blast! For information on how to participate check out the <a href="https://www.smogon.com/tools/suspects/view/200">suspect thread</a>.</strong></div>
|j|☆The ZU Wanderer
|j|☆Geyserg
|t:|1776047959
|gametype|singles
|player|p1|The ZU Wanderer|roughneck|1249
|player|p2|Geyserg|2|1217
|gen|9
|tier|[Gen 9] OU
|rated|
|rule|HP Percentage Mod: HP is shown in percentages
|rule|Endless Battle Clause: Forcing endless battles is banned
|rule|Species Clause: Limit one of each Pokémon
|rule|OHKO Clause: OHKO moves are banned
|rule|Evasion Items Clause: Evasion items are banned
|rule|Evasion Moves Clause: Evasion moves are banned
|rule|Evasion Abilities Clause: Evasion abilities are banned
|rule|Sleep Moves Clause: Sleep-inducing moves are banned
|clearpoke
|poke|p1|Glaceon, F|
|poke|p1|Honchkrow, M|
|poke|p1|Virizion|
|poke|p1|Komala, F|
|poke|p1|Masquerain, M|
|poke|p1|Pachirisu, F|
|poke|p2|Blaziken, F|
|poke|p2|Greninja-*, M|
|poke|p2|Garganacl, M|
|poke|p2|Noivern, F|
|poke|p2|Scizor, F|
|poke|p2|Dusclops, F|
|teampreview
|
|t:|1776047979
|teamsize|p1|6
|teamsize|p2|6
|start
|switch|p1a: Virizion|Virizion|100/100
|switch|p2a: Garganacl|Garganacl, M|100/100
|turn|1
|inactive|Battle timer is ON: inactive players will automatically lose when time's up. (requested by The ZU Wanderer)
|
|t:|1776047985
|switch|p2a: Dusclops|Dusclops, F|100/100
|-item|p1a: Virizion|Covert Cloak|[from] ability: Frisk|[of] p2a: Dusclops
|move|p1a: Virizion|Calm Mind|p1a: Virizion
|-boost|p1a: Virizion|spa|1
|-boost|p1a: Virizion|spd|1
|
|upkeep
|turn|2
|
|t:|1776047993
|switch|p1a: Pachirisu|Pachirisu, F, shiny|100/100
|move|p2a: Dusclops|Will-O-Wisp|p1a: Pachirisu
|-status|p1a: Pachirisu|brn
|
|-damage|p1a: Pachirisu|94/100 brn|[from] brn
|upkeep
|turn|3
|
|t:|1776048003
|switch|p2a: Garganacl|Garganacl, M|100/100
|move|p1a: Pachirisu|Nuzzle|p2a: Garganacl
|-damage|p2a: Garganacl|99/100
|
|-heal|p1a: Pachirisu|100/100 brn|[from] item: Leftovers
|-heal|p2a: Garganacl|100/100|[from] item: Leftovers
|-damage|p1a: Pachirisu|94/100 brn|[from] brn
|upkeep
|turn|4
|
|t:|1776048011
|move|p1a: Pachirisu|U-turn|p2a: Garganacl
|-damage|p2a: Garganacl|98/100
|
|t:|1776048014
|switch|p1a: Virizion|Virizion|100/100|[from] U-turn
|move|p2a: Garganacl|Salt Cure|p1a: Virizion
|-resisted|p1a: Virizion
|-damage|p1a: Virizion|95/100
|
|-heal|p2a: Garganacl|100/100|[from] item: Leftovers
|upkeep
|turn|5
|inactive|Geyserg has 120 seconds left.
|
|t:|1776048056
|move|p1a: Virizion|Calm Mind|p1a: Virizion
|-boost|p1a: Virizion|spa|1
|-boost|p1a: Virizion|spd|1
|move|p2a: Garganacl|Ice Punch|p1a: Virizion
|-supereffective|p1a: Virizion
|-damage|p1a: Virizion|67/100
|
|upkeep
|turn|6
|
|t:|1776048084
|switch|p2a: Scizor|Scizor, F|100/100
|move|p1a: Virizion|Giga Drain|p2a: Scizor
|-resisted|p2a: Scizor
|-damage|p2a: Scizor|90/100
|-heal|p1a: Virizion|72/100|[from] drain|[of] p2a: Scizor
|
|upkeep
|turn|7
|
|t:|1776048091
|-terastallize|p1a: Virizion|Electric
|move|p1a: Virizion|Tera Blast|p2a: Scizor|[anim] Tera Blast Electric
|-damage|p2a: Scizor|43/100
|move|p2a: Scizor|Swords Dance|p2a: Scizor
|-boost|p2a: Scizor|atk|2
|
|upkeep
|turn|8
|
|t:|1776048102
|move|p2a: Scizor|Bullet Punch|p1a: Virizion
|-resisted|p1a: Virizion
|-damage|p1a: Virizion|39/100
|-damage|p2a: Scizor|33/100|[from] item: Life Orb
|move|p1a: Virizion|Tera Blast|p2a: Scizor|[anim] Tera Blast Electric
|-damage|p2a: Scizor|0 fnt
|faint|p2a: Scizor
|
|upkeep
|
|t:|1776048113
|switch|p2a: Noivern|Noivern, F|100/100
|turn|9
|
|t:|1776048119
|move|p2a: Noivern|Draco Meteor|p1a: Virizion
|-damage|p1a: Virizion|0 fnt
|-unboost|p2a: Noivern|spa|2
|faint|p1a: Virizion
|
|upkeep
|
|t:|1776048129
|switch|p1a: Glaceon|Glaceon, F|100/100
|turn|10
|
|t:|1776048132
|switch|p2a: Dusclops|Dusclops, F|100/100
|-item|p1a: Glaceon|Covert Cloak|[from] ability: Frisk|[of] p2a: Dusclops
|move|p1a: Glaceon|Calm Mind|p1a: Glaceon
|-boost|p1a: Glaceon|spa|1
|-boost|p1a: Glaceon|spd|1
|
|upkeep
|turn|11
|
|t:|1776048139
|move|p1a: Glaceon|Calm Mind|p1a: Glaceon
|-boost|p1a: Glaceon|spa|1
|-boost|p1a: Glaceon|spd|1
|move|p2a: Dusclops|Will-O-Wisp|p1a: Glaceon
|-status|p1a: Glaceon|brn
|
|-damage|p1a: Glaceon|94/100 brn|[from] brn
|upkeep
|turn|12
|
|t:|1776048146
|move|p1a: Glaceon|Wish|p1a: Glaceon
|move|p2a: Dusclops|Hex|p1a: Glaceon
|-damage|p1a: Glaceon|78/100 brn
|
|-damage|p1a: Glaceon|72/100 brn|[from] brn
|upkeep
|turn|13
|
|t:|1776048152
|move|p1a: Glaceon|Calm Mind|p1a: Glaceon
|-boost|p1a: Glaceon|spa|1
|-boost|p1a: Glaceon|spd|1
|move|p2a: Dusclops|Haze|p2a: Dusclops
|-clearallboost
|
|-heal|p1a: Glaceon|100/100 brn|[from] move: Wish|[wisher] Glaceon
|-damage|p1a: Glaceon|94/100 brn|[from] brn
|upkeep
|turn|14
|
|t:|1776048161
|switch|p1a: Honchkrow|Honchkrow, M|100/100
|move|p2a: Dusclops|Hex|p1a: Honchkrow
|-resisted|p1a: Honchkrow
|-damage|p1a: Honchkrow|85/100
|
|upkeep
|turn|15
|
|t:|1776048167
|switch|p2a: Garganacl|Garganacl, M|100/100
|move|p1a: Honchkrow|Dark Pulse|p2a: Garganacl
|-damage|p2a: Garganacl|51/100
|-damage|p1a: Honchkrow|75/100|[from] item: Life Orb
|
|-heal|p2a: Garganacl|57/100|[from] item: Leftovers
|upkeep
|turn|16
|
|t:|1776048179
|move|p1a: Honchkrow|Dark Pulse|p2a: Garganacl
|-damage|p2a: Garganacl|11/100
|-damage|p1a: Honchkrow|65/100|[from] item: Life Orb
|move|p2a: Garganacl|Salt Cure|p1a: Honchkrow
|-supereffective|p1a: Honchkrow
|-damage|p1a: Honchkrow|20/100
|-start|p1a: Honchkrow|Salt Cure
|
|-heal|p2a: Garganacl|17/100|[from] item: Leftovers
|-damage|p1a: Honchkrow|7/100|[from] Salt Cure
|upkeep
|turn|17
|
|t:|1776048192
|move|p1a: Honchkrow|Dark Pulse|p2a: Garganacl
|-damage|p2a: Garganacl|0 fnt
|faint|p2a: Garganacl
|-ability|p1a: Honchkrow|Moxie|boost
|-boost|p1a: Honchkrow|atk|1
|-damage|p1a: Honchkrow|0 fnt|[from] item: Life Orb
|faint|p1a: Honchkrow
|
|upkeep
|
|t:|1776048199
|switch|p1a: Masquerain|Masquerain, M, shiny|100/100
|switch|p2a: Dusclops|Dusclops, F|100/100
|-ability|p1a: Masquerain|Intimidate|boost
|-unboost|p2a: Dusclops|atk|1
|-item|p1a: Masquerain|Choice Scarf|[from] ability: Frisk|[of] p2a: Dusclops
|turn|18
|
|t:|1776048205
|move|p1a: Masquerain|U-turn|p2a: Dusclops
|-resisted|p2a: Dusclops
|-damage|p2a: Dusclops|96/100
|
|t:|1776048208
|switch|p1a: Pachirisu|Pachirisu, F, shiny|94/100 brn|[from] U-turn
|move|p2a: Dusclops|Will-O-Wisp|p1a: Pachirisu
|-fail|p1a: Pachirisu|brn
|
|-heal|p1a: Pachirisu|100/100 brn|[from] item: Leftovers
|-damage|p1a: Pachirisu|94/100 brn|[from] brn
|upkeep
|turn|19
|
|t:|1776048216
|move|p1a: Pachirisu|Encore|p2a: Dusclops
|-start|p2a: Dusclops|Encore
|move|p2a: Dusclops|Will-O-Wisp|p1a: Pachirisu
|-fail|p1a: Pachirisu|brn
|
|-heal|p1a: Pachirisu|100/100 brn|[from] item: Leftovers
|-damage|p1a: Pachirisu|94/100 brn|[from] brn
|upkeep
|turn|20
|
|t:|1776048224
|switch|p2a: Blaziken|Blaziken, F|100/100
|move|p1a: Pachirisu|Nuzzle|p2a: Blaziken
|-damage|p2a: Blaziken|98/100
|-status|p2a: Blaziken|par
|
|-heal|p1a: Pachirisu|100/100 brn|[from] item: Leftovers
|-damage|p1a: Pachirisu|94/100 brn|[from] brn
|upkeep
|turn|21
|
|t:|1776048235
|move|p1a: Pachirisu|Super Fang|p2a: Blaziken
|-damage|p2a: Blaziken|49/100 par
|move|p2a: Blaziken|Swords Dance|p2a: Blaziken
|-boost|p2a: Blaziken|atk|2
|
|-heal|p1a: Pachirisu|100/100 brn|[from] item: Leftovers
|-damage|p1a: Pachirisu|94/100 brn|[from] brn
|-ability|p2a: Blaziken|Speed Boost|boost
|-boost|p2a: Blaziken|spe|1
|upkeep
|turn|22
|
|t:|1776048247
|move|p1a: Pachirisu|Encore|p2a: Blaziken
|-start|p2a: Blaziken|Encore
|cant|p2a: Blaziken|par
|
|-heal|p1a: Pachirisu|100/100 brn|[from] item: Leftovers
|-damage|p1a: Pachirisu|94/100 brn|[from] brn
|-ability|p2a: Blaziken|Speed Boost|boost
|-boost|p2a: Blaziken|spe|1
|upkeep
|turn|23
|
|t:|1776048254
|move|p2a: Blaziken|Swords Dance|p2a: Blaziken
|-boost|p2a: Blaziken|atk|2
|move|p1a: Pachirisu|U-turn|p2a: Blaziken
|-resisted|p2a: Blaziken
|-damage|p2a: Blaziken|47/100 par
|
|t:|1776048259
|switch|p1a: Komala|Komala, F, shiny|100/100|[from] U-turn
|-ability|p1a: Komala|Comatose
|
|-ability|p2a: Blaziken|Speed Boost|boost
|-boost|p2a: Blaziken|spe|1
|upkeep
|turn|24
|
|t:|1776048266
|move|p2a: Blaziken|Swords Dance|p2a: Blaziken
|-boost|p2a: Blaziken|atk|2
|move|p1a: Komala|Earthquake|p2a: Blaziken
|-supereffective|p2a: Blaziken
|-damage|p2a: Blaziken|0 fnt
|faint|p2a: Blaziken
|
|upkeep
|
|t:|1776048279
|switch|p2a: Noivern|Noivern, F|100/100
|turn|25
|
|t:|1776048282
|-terastallize|p2a: Noivern|Normal
|move|p2a: Noivern|Boomburst|p1a: Komala
|-damage|p1a: Komala|40/100
|move|p1a: Komala|Ice Spinner|p2a: Noivern
|-damage|p2a: Noivern|66/100
|
|upkeep
|turn|26
|
|t:|1776048295
|move|p2a: Noivern|Boomburst|p1a: Komala
|-damage|p1a: Komala|0 fnt
|faint|p1a: Komala
|
|upkeep
|
|t:|1776048307
|switch|p1a: Pachirisu|Pachirisu, F, shiny|94/100 brn
|turn|27
|
|t:|1776048312
|move|p2a: Noivern|Boomburst|p1a: Pachirisu
|-damage|p1a: Pachirisu|28/100 brn
|move|p1a: Pachirisu|Nuzzle|p2a: Noivern
|-damage|p2a: Noivern|63/100
|-status|p2a: Noivern|par
|
|-heal|p1a: Pachirisu|34/100 brn|[from] item: Leftovers
|-damage|p1a: Pachirisu|28/100 brn|[from] brn
|upkeep
|turn|28
|
|t:|1776048327
|move|p1a: Pachirisu|Super Fang|p2a: Noivern
|-damage|p2a: Noivern|32/100 par
|move|p2a: Noivern|Boomburst|p1a: Pachirisu
|-damage|p1a: Pachirisu|0 fnt
|faint|p1a: Pachirisu
|
|upkeep
|
|t:|1776048333
|switch|p1a: Masquerain|Masquerain, M, shiny|100/100
|-ability|p1a: Masquerain|Intimidate|boost
|-unboost|p2a: Noivern|atk|1
|turn|29
|
|t:|1776048341
|move|p1a: Masquerain|Bug Buzz|p2a: Noivern
|-damage|p2a: Noivern|0 fnt
|faint|p2a: Noivern
|
|upkeep
|
|t:|1776048346
|switch|p2a: Dusclops|Dusclops, F|96/100
|-item|p1a: Masquerain|Choice Scarf|[from] ability: Frisk|[of] p2a: Dusclops
|turn|30
|
|t:|1776048353
|switch|p1a: Glaceon|Glaceon, F|94/100 brn
|move|p2a: Dusclops|Will-O-Wisp|p1a: Glaceon
|-fail|p1a: Glaceon|brn
|
|-damage|p1a: Glaceon|88/100 brn|[from] brn
|upkeep
|turn|31
|
|t:|1776048361
|move|p1a: Glaceon|Wish|p1a: Glaceon
|move|p2a: Dusclops|Hex|p1a: Glaceon
|-damage|p1a: Glaceon|56/100 brn
|
|-damage|p1a: Glaceon|50/100 brn|[from] brn
|upkeep
|turn|32
|
|t:|1776048373
|move|p1a: Glaceon|Calm Mind|p1a: Glaceon
|-boost|p1a: Glaceon|spa|1
|-boost|p1a: Glaceon|spd|1
|move|p2a: Dusclops|Hex|p1a: Glaceon
|-damage|p1a: Glaceon|28/100 brn
|
|-heal|p1a: Glaceon|78/100 brn|[from] move: Wish|[wisher] Glaceon
|-damage|p1a: Glaceon|72/100 brn|[from] brn
|upkeep
|turn|33
|
|t:|1776048382
|move|p1a: Glaceon|Freeze-Dry|p2a: Dusclops
|-damage|p2a: Dusclops|75/100
|move|p2a: Dusclops|Haze|p2a: Dusclops
|-clearallboost
|
|-damage|p1a: Glaceon|66/100 brn|[from] brn
|upkeep
|turn|34
|
|t:|1776048391
|move|p1a: Glaceon|Wish|p1a: Glaceon
|move|p2a: Dusclops|Hex|p1a: Glaceon
|-damage|p1a: Glaceon|34/100 brn
|
|-damage|p1a: Glaceon|28/100 brn|[from] brn
|upkeep
|turn|35
|
|t:|1776048400
|move|p1a: Glaceon|Calm Mind|p1a: Glaceon
|-boost|p1a: Glaceon|spa|1
|-boost|p1a: Glaceon|spd|1
|move|p2a: Dusclops|Hex|p1a: Glaceon
|-damage|p1a: Glaceon|7/100 brn
|
|-heal|p1a: Glaceon|57/100 brn|[from] move: Wish|[wisher] Glaceon
|-damage|p1a: Glaceon|51/100 brn|[from] brn
|upkeep
|turn|36
|
|t:|1776048408
|move|p1a: Glaceon|Wish|p1a: Glaceon
|move|p2a: Dusclops|Haze|p2a: Dusclops
|-clearallboost
|
|-damage|p1a: Glaceon|45/100 brn|[from] brn
|upkeep
|turn|37
|
|t:|1776048420
|move|p1a: Glaceon|Calm Mind|p1a: Glaceon
|-boost|p1a: Glaceon|spa|1
|-boost|p1a: Glaceon|spd|1
|move|p2a: Dusclops|Hex|p1a: Glaceon
|-crit|p1a: Glaceon
|-damage|p1a: Glaceon|0 fnt
|faint|p1a: Glaceon
|
|upkeep
|-message|The ZU Wanderer forfeited.
|
|win|Geyserg
|raw|The ZU Wanderer's rating: 1249 &rarr; <strong>1222</strong><br />(-27 for losing)
|raw|Geyserg's rating: 1217 &rarr; <strong>1244</strong><br />(+27 for winning)
|l|☆The ZU Wanderer
|player|p1|
|l|☆Geyserg
|player|p2|
