|html|<div class="broadcast-blue"><strong>[Gen 9] OU is currently suspecting Tera Blast! For information on how to participate check out the <a href="https://www.smogon.com/tools/suspects/view/200">suspect thread</a>.</strong></div>
|j|☆ggasdfd
|j|☆horridhenry123
|t:|1776079356
|gametype|singles
|player|p1|ggasdfd|265|1205
|player|p2|horridhenry123|hoopster|1244
|gen|9
|tier|[Gen 9] OU
|rated|
|rule|HP Percentage Mod: HP is shown in percentages
|rule|Endless Battle Clause: Forcing endless battles is banned
|rule|Species Clause: Limit one of each Pokémon
|rule|OHKO Clause: OHKO moves are banned
|rule|Evasion Items Clause: Evasion items are banned
|rule|Evasion Moves Clause: Evasion moves are banned
|rule|Evasion Abilities Clause: Evasion abilities are banned
|rule|Sleep Moves Clause: Sleep-inducing moves are banned
|clearpoke
|poke|p1|Darkrai|
|poke|p1|Iron Moth|
|poke|p1|Scizor, F|
|poke|p1|Great Tusk|
|poke|p1|Iron Boulder|
|poke|p1|Dragapult, M|
|poke|p2|Crawdaunt, M|
|poke|p2|Zangoose, M|
|poke|p2|Araquanid, M|
|poke|p2|Glimmora, F|
|poke|p2|Darkrai|
|poke|p2|Oricorio-Sensu, M|
|teampreview
|
|t:|1776079365
|teamsize|p1|6
|teamsize|p2|6
|start
|switch|p1a: Darkrai|Darkrai|100/100
|switch|p2a: Araquanid|Araquanid, M|100/100
|turn|1
|inactive|Battle timer is ON: inactive players will automatically lose when time's up. (requested by horridhenry123)
|
|t:|1776079376
|move|p1a: Darkrai|Dark Pulse|p2a: Araquanid
|-damage|p2a: Araquanid|52/100
|-damage|p1a: Darkrai|91/100|[from] item: Life Orb
|move|p2a: Araquanid|Leech Life|p1a: Darkrai
|-supereffective|p1a: Darkrai
|-damage|p1a: Darkrai|16/100
|-heal|p2a: Araquanid|90/100|[from] drain|[of] p1a: Darkrai
|
|upkeep
|turn|2
|
|t:|1776079405
|move|p1a: Darkrai|Dark Pulse|p2a: Araquanid
|-damage|p2a: Araquanid|41/100
|-damage|p1a: Darkrai|6/100|[from] item: Life Orb
|move|p2a: Araquanid|Leech Life|p1a: Darkrai
|-supereffective|p1a: Darkrai
|-damage|p1a: Darkrai|0 fnt
|-heal|p2a: Araquanid|44/100|[from] drain|[of] p1a: Darkrai
|faint|p1a: Darkrai
|
|upkeep
|
|t:|1776079415
|switch|p1a: Dragapult|Dragapult, M|100/100
|turn|3
|
|t:|1776079433
|switch|p2a: Glimmora|Glimmora, F|100/100
|move|p1a: Dragapult|Dragon Darts|p2a: Glimmora
|-damage|p2a: Glimmora|60/100
|-activate|p2a: Glimmora|ability: Toxic Debris
|-sidestart|p1: ggasdfd|move: Toxic Spikes
|-anim|p1a: Dragapult|Dragon Darts|p2a: Glimmora
|-damage|p2a: Glimmora|15/100
|-activate|p2a: Glimmora|ability: Toxic Debris
|-sidestart|p1: ggasdfd|move: Toxic Spikes
|-damage|p1a: Dragapult|91/100|[from] item: Life Orb
|
|upkeep
|turn|4
|
|t:|1776079448
|move|p1a: Dragapult|Dragon Darts|p2a: Glimmora
|-damage|p2a: Glimmora|0 fnt
|faint|p2a: Glimmora
|-damage|p1a: Dragapult|81/100|[from] item: Life Orb
|
|upkeep
|
|t:|1776079459
|switch|p2a: Darkrai|Darkrai|100/100
|turn|5
|
|t:|1776079464
|move|p2a: Darkrai|Dark Pulse|p1a: Dragapult
|-supereffective|p1a: Dragapult
|-damage|p1a: Dragapult|0 fnt
|faint|p1a: Dragapult
|-damage|p2a: Darkrai|91/100|[from] item: Life Orb
|
|upkeep
|
|t:|1776079468
|switch|p1a: Iron Moth|Iron Moth|100/100
|-sideend|p1: ggasdfd|move: Toxic Spikes|[of] p1a: Iron Moth
|-enditem|p1a: Iron Moth|Booster Energy
|-activate|p1a: Iron Moth|ability: Quark Drive|[fromitem]
|-start|p1a: Iron Moth|quarkdrivespe
|turn|6
|
|t:|1776079476
|move|p1a: Iron Moth|Fiery Dance|p2a: Darkrai
|-damage|p2a: Darkrai|36/100
|move|p2a: Darkrai|Dark Pulse|p1a: Iron Moth
|-crit|p1a: Iron Moth
|-damage|p1a: Iron Moth|15/100
|-damage|p2a: Darkrai|26/100|[from] item: Life Orb
|
|upkeep
|turn|7
|
|t:|1776079485
|move|p1a: Iron Moth|Fiery Dance|p2a: Darkrai
|-damage|p2a: Darkrai|0 fnt
|faint|p2a: Darkrai
|
|upkeep
|
|t:|1776079487
|switch|p2a: Araquanid|Araquanid, M|44/100
|turn|8
|
|t:|1776079503
|move|p1a: Iron Moth|Fiery Dance|p2a: Araquanid
|-damage|p2a: Araquanid|27/100
|move|p2a: Araquanid|Sticky Web|p1a: Iron Moth
|-sidestart|p1: ggasdfd|move: Sticky Web
|
|upkeep
|turn|9
|
|t:|1776079510
|move|p1a: Iron Moth|Sludge Wave|p2a: Araquanid
|-damage|p2a: Araquanid|0 fnt
|faint|p2a: Araquanid
|
|upkeep
|
|t:|1776079518
|switch|p2a: Crawdaunt|Crawdaunt, M|100/100
|turn|10
|
|t:|1776079520
|move|p2a: Crawdaunt|Aqua Jet|p1a: Iron Moth
|-supereffective|p1a: Iron Moth
|-damage|p1a: Iron Moth|0 fnt
|faint|p1a: Iron Moth
|-end|p1a: Iron Moth|Quark Drive|[silent]
|-damage|p2a: Crawdaunt|91/100|[from] item: Life Orb
|
|upkeep
|
|t:|1776079526
|switch|p1a: Scizor|Scizor, F|100/100
|-activate|p1a: Scizor|move: Sticky Web
|-unboost|p1a: Scizor|spe|1
|turn|11
|
|t:|1776079541
|-terastallize|p2a: Crawdaunt|Water
|move|p2a: Crawdaunt|Liquidation|p1a: Scizor
|-damage|p1a: Scizor|7/100
|-unboost|p1a: Scizor|def|1
|-damage|p2a: Crawdaunt|81/100|[from] item: Life Orb
|move|p1a: Scizor|Close Combat|p2a: Crawdaunt
|-crit|p2a: Crawdaunt
|-damage|p2a: Crawdaunt|0 fnt
|-unboost|p1a: Scizor|def|1
|-unboost|p1a: Scizor|spd|1
|faint|p2a: Crawdaunt
|-damage|p1a: Scizor|0 fnt|[from] item: Life Orb
|faint|p1a: Scizor
|
|upkeep
|inactive|horridhenry123 has 120 seconds left.
|
|t:|1776079561
|switch|p2a: Zangoose|Zangoose, M|100/100
|switch|p1a: Great Tusk|Great Tusk|100/100
|-activate|p1a: Great Tusk|move: Sticky Web
|-unboost|p1a: Great Tusk|spe|1
|-enditem|p1a: Great Tusk|Booster Energy
|-activate|p1a: Great Tusk|ability: Protosynthesis|[fromitem]
|-start|p1a: Great Tusk|protosynthesisatk
|turn|12
|
|t:|1776079569
|switch|p2a: Oricorio|Oricorio-Sensu, M|100/100
|move|p1a: Great Tusk|Close Combat|p2a: Oricorio
|-immune|p2a: Oricorio
|
|upkeep
|turn|13
|
|t:|1776079576
|move|p2a: Oricorio|Hurricane|p1a: Great Tusk
|-supereffective|p1a: Great Tusk
|-damage|p1a: Great Tusk|0 fnt
|faint|p1a: Great Tusk
|-end|p1a: Great Tusk|Protosynthesis|[silent]
|
|upkeep
|
|t:|1776079579
|switch|p1a: Iron Boulder|Iron Boulder|100/100
|-activate|p1a: Iron Boulder|move: Sticky Web
|-unboost|p1a: Iron Boulder|spe|1
|-enditem|p1a: Iron Boulder|Booster Energy
|-activate|p1a: Iron Boulder|ability: Quark Drive|[fromitem]
|-start|p1a: Iron Boulder|quarkdriveatk
|turn|14
|
|t:|1776079584
|move|p2a: Oricorio|Revelation Dance|p1a: Iron Boulder
|-supereffective|p1a: Iron Boulder
|-damage|p1a: Iron Boulder|28/100
|move|p1a: Iron Boulder|Mighty Cleave|p2a: Oricorio
|-supereffective|p2a: Oricorio
|-damage|p2a: Oricorio|0 fnt
|faint|p2a: Oricorio
|
|upkeep
|
|t:|1776079588
|switch|p2a: Zangoose|Zangoose, M|100/100
|turn|15
|
|t:|1776079606
|-terastallize|p1a: Iron Boulder|Fighting
|move|p2a: Zangoose|Knock Off|p1a: Iron Boulder
|-resisted|p1a: Iron Boulder
|-damage|p1a: Iron Boulder|14/100
|move|p1a: Iron Boulder|Close Combat|p2a: Zangoose
|-supereffective|p2a: Zangoose
|-damage|p2a: Zangoose|0 fnt
|-unboost|p1a: Iron Boulder|def|1
|-unboost|p1a: Iron Boulder|spd|1
|faint|p2a: Zangoose
|
|win|ggasdfd
|raw|ggasdfd's rating: 1205 &rarr; <strong>1233</strong><br />(+28 for winning)
|raw|horridhenry123's rating: 1244 &rarr; <strong>1216</strong><br />(-28 for losing)
|l|☆ggasdfd
|player|p1|
|l|☆horridhenry123
|player|p2|
