|html|<div class="broadcast-blue"><strong>[Gen 9] OU is currently suspecting Tera Blast! For information on how to participate check out the <a href="https://www.smogon.com/tools/suspects/view/200">suspect thread</a>.</strong></div>
|j|☆pressacanadagoose
|j|☆swiggler
|t:|1776086921
|gametype|singles
|player|p1|pressacanadagoose|169|1673
|player|p2|swiggler|bugcatcher-gen4dp|1750
|gen|9
|tier|[Gen 9] OU
|rated|
|rule|HP Percentage Mod: HP is shown in percentages
|rule|Endless Battle Clause: Forcing endless battles is banned
|rule|Species Clause: Limit one of each Pokémon
|rule|OHKO Clause: OHKO moves are banned
|rule|Evasion Items Clause: Evasion items are banned
|rule|Evasion Moves Clause: Evasion moves are banned
|rule|Evasion Abilities Clause: Evasion abilities are banned
|rule|Sleep Moves Clause: Sleep-inducing moves are banned
|clearpoke
|poke|p1|Deoxys-Speed|
|poke|p1|Ceruledge, M|
|poke|p1|Zamazenta-*|
|poke|p1|Ogerpon-Wellspring, F|
|poke|p1|Glimmora, F|
|poke|p1|Moltres-Galar|
|poke|p2|Ninetales, F|
|poke|p2|Cresselia, F|
|poke|p2|Raging Bolt|
|poke|p2|Iron Moth|
|poke|p2|Great Tusk|
|poke|p2|Walking Wake|
|teampreview
|inactive|Battle timer is ON: inactive players will automatically lose when time's up. (requested by swiggler)
|j| ohko_smeargle
|inactive|swiggler has 120 seconds left.
|
|t:|1776086952
|teamsize|p1|6
|teamsize|p2|6
|start
|switch|p1a: Deoxys|Deoxys-Speed|100/100
|switch|p2a: Walking Wake|Walking Wake|100/100
|-ability|p1a: Deoxys|Pressure
|turn|1
|
|t:|1776086955
|-end|p2a: Walking Wake|Protosynthesis|[silent]
|switch|p2a: Cresselia|Cresselia, F|100/100
|move|p1a: Deoxys|Light Screen|p1a: Deoxys
|-sidestart|p1: pressacanadagoose|move: Light Screen
|
|upkeep
|turn|2
|
|t:|1776086959
|move|p1a: Deoxys|Taunt|p2a: Cresselia
|-start|p2a: Cresselia|move: Taunt
|move|p2a: Cresselia|Ice Beam|p1a: Deoxys
|-crit|p1a: Deoxys
|-damage|p1a: Deoxys|69/100
|
|upkeep
|turn|3
|
|t:|1776086963
|move|p1a: Deoxys|Reflect|p1a: Deoxys
|-sidestart|p1: pressacanadagoose|Reflect
|move|p2a: Cresselia|Ice Beam|p1a: Deoxys
|-damage|p1a: Deoxys|59/100
|-status|p1a: Deoxys|frz
|
|upkeep
|turn|4
|j| PESWGG
|
|t:|1776086972
|switch|p1a: Ceruledge|Ceruledge, M|100/100
|switch|p2a: Ninetales|Ninetales, F|100/100
|-weather|SunnyDay|[from] ability: Drought|[of] p2a: Ninetales
|
|-weather|SunnyDay|[upkeep]
|upkeep
|turn|5
|
|t:|1776086993
|switch|p2a: Walking Wake|Walking Wake|100/100
|-activate|p2a: Walking Wake|ability: Protosynthesis
|-start|p2a: Walking Wake|protosynthesisspa
|move|p1a: Ceruledge|Poltergeist|p2a: Walking Wake
|-activate|p2a: Walking Wake|move: Poltergeist|Choice Specs
|-damage|p2a: Walking Wake|14/100
|-damage|p1a: Ceruledge|91/100|[from] item: Life Orb
|
|-weather|SunnyDay|[upkeep]
|upkeep
|turn|6
|
|t:|1776087004
|-end|p2a: Walking Wake|Protosynthesis|[silent]
|switch|p2a: Great Tusk|Great Tusk|100/100
|-activate|p2a: Great Tusk|ability: Protosynthesis
|-start|p2a: Great Tusk|protosynthesisspe
|move|p1a: Ceruledge|Shadow Sneak|p2a: Great Tusk
|-damage|p2a: Great Tusk|82/100
|-damage|p1a: Ceruledge|74/100|[from] item: Rocky Helmet|[of] p2a: Great Tusk
|-damage|p1a: Ceruledge|64/100|[from] item: Life Orb
|
|-weather|SunnyDay|[upkeep]
|upkeep
|turn|7
|
|t:|1776087014
|switch|p1a: Ogerpon|Ogerpon-Wellspring, F|100/100
|move|p2a: Great Tusk|Stealth Rock|p1a: Ogerpon
|-sidestart|p1: pressacanadagoose|move: Stealth Rock
|
|-weather|SunnyDay|[upkeep]
|upkeep
|turn|8
|
|t:|1776087025
|-end|p2a: Great Tusk|Protosynthesis|[silent]
|switch|p2a: Cresselia|Cresselia, F|100/100
|move|p1a: Ogerpon|Power Whip|p2a: Cresselia|[miss]
|-miss|p1a: Ogerpon|p2a: Cresselia
|
|-weather|SunnyDay|[upkeep]
|-sideend|p1: pressacanadagoose|move: Light Screen
|upkeep
|turn|9
|
|t:|1776087031
|switch|p1a: Deoxys|Deoxys-Speed|59/100 frz
|-damage|p1a: Deoxys|46/100 frz|[from] Stealth Rock
|-ability|p1a: Deoxys|Pressure
|move|p2a: Cresselia|Thunder Wave||[still]
|-fail|p2a: Cresselia
|
|-weather|SunnyDay|[upkeep]
|upkeep
|turn|10
|inactive|swiggler has 120 seconds left.
|j| bollibig
|
|t:|1776087064
|cant|p1a: Deoxys|frz
|move|p2a: Cresselia|Ice Beam|p1a: Deoxys
|-damage|p1a: Deoxys|27/100 frz
|
|-weather|SunnyDay|[upkeep]
|-sideend|p1: pressacanadagoose|Reflect
|upkeep
|turn|11
|
|t:|1776087071
|cant|p1a: Deoxys|frz
|move|p2a: Cresselia|Ice Beam|p1a: Deoxys
|-damage|p1a: Deoxys|7/100 frz
|
|-weather|none
|upkeep
|turn|12
|
|t:|1776087074
|cant|p1a: Deoxys|frz
|move|p2a: Cresselia|Ice Beam|p1a: Deoxys
|-damage|p1a: Deoxys|0 fnt
|faint|p1a: Deoxys
|
|upkeep
|
|t:|1776087077
|switch|p1a: Glimmora|Glimmora, F|100/100
|-damage|p1a: Glimmora|88/100|[from] Stealth Rock
|turn|13
|
|t:|1776087084
|move|p1a: Glimmora|Mortal Spin|p2a: Cresselia
|-damage|p2a: Cresselia|97/100
|-status|p2a: Cresselia|psn
|-sideend|p1: pressacanadagoose|Stealth Rock|[from] move: Mortal Spin|[of] p1a: Glimmora
|-enditem|p2a: Cresselia|Eject Button
|
|t:|1776087090
|switch|p2a: Walking Wake|Walking Wake|14/100
|
|upkeep
|turn|14
|
|t:|1776087092
|switch|p1a: Ogerpon|Ogerpon-Wellspring, F|100/100
|move|p2a: Walking Wake|Draco Meteor|p1a: Ogerpon
|-damage|p1a: Ogerpon|0 fnt
|-unboost|p2a: Walking Wake|spa|2
|faint|p1a: Ogerpon
|
|upkeep
|
|t:|1776087099
|switch|p1a: Glimmora|Glimmora, F|88/100
|turn|15
|
|t:|1776087109
|-end|p2a: Walking Wake|Protosynthesis|[silent]
|switch|p2a: Cresselia|Cresselia, F|97/100 psn
|move|p1a: Glimmora|Earth Power|p2a: Cresselia
|-immune|p2a: Cresselia|[from] ability: Levitate
|
|-damage|p2a: Cresselia|85/100 psn|[from] psn
|upkeep
|turn|16
|
|t:|1776087113
|move|p1a: Glimmora|Stealth Rock|p2a: Cresselia
|-sidestart|p2: swiggler|move: Stealth Rock
|move|p2a: Cresselia|Thunder Wave|p1a: Glimmora
|-status|p1a: Glimmora|par
|
|-damage|p2a: Cresselia|72/100 psn|[from] psn
|upkeep
|turn|17
|
|t:|1776087119
|switch|p2a: Great Tusk|Great Tusk|82/100
|-damage|p2a: Great Tusk|79/100|[from] Stealth Rock
|move|p1a: Glimmora|Meteor Beam||[still]
|-prepare|p1a: Glimmora|Meteor Beam
|-boost|p1a: Glimmora|spa|1
|-enditem|p1a: Glimmora|Power Herb
|-anim|p1a: Glimmora|Meteor Beam|p2a: Great Tusk|[miss]
|-miss|p1a: Glimmora|p2a: Great Tusk
|
|upkeep
|turn|18
|
|t:|1776087130
|move|p2a: Great Tusk|Head Smash|p1a: Glimmora
|-damage|p1a: Glimmora|39/100 par
|-activate|p1a: Glimmora|ability: Toxic Debris
|-sidestart|p2: swiggler|move: Toxic Spikes
|-damage|p2a: Great Tusk|61/100|[from] Recoil
|move|p1a: Glimmora|Mortal Spin|p2a: Great Tusk
|-resisted|p2a: Great Tusk
|-damage|p2a: Great Tusk|59/100
|-status|p2a: Great Tusk|psn
|-damage|p1a: Glimmora|22/100 par|[from] item: Rocky Helmet|[of] p2a: Great Tusk
|
|-damage|p2a: Great Tusk|47/100 psn|[from] psn
|upkeep
|turn|19
|
|t:|1776087139
|switch|p1a: Ceruledge|Ceruledge, M|64/100
|move|p2a: Great Tusk|Stealth Rock|p1a: Ceruledge
|-sidestart|p1: pressacanadagoose|move: Stealth Rock
|
|-damage|p2a: Great Tusk|34/100 psn|[from] psn
|upkeep
|turn|20
|
|t:|1776087144
|move|p1a: Ceruledge|Shadow Sneak|p2a: Great Tusk
|-damage|p2a: Great Tusk|17/100 psn
|-damage|p1a: Ceruledge|48/100|[from] item: Rocky Helmet|[of] p2a: Great Tusk
|-damage|p1a: Ceruledge|38/100|[from] item: Life Orb
|move|p2a: Great Tusk|Headlong Rush|p1a: Ceruledge
|-supereffective|p1a: Ceruledge
|-damage|p1a: Ceruledge|0 fnt
|-unboost|p2a: Great Tusk|def|1
|-unboost|p2a: Great Tusk|spd|1
|faint|p1a: Ceruledge
|
|-damage|p2a: Great Tusk|4/100 psn|[from] psn
|upkeep
|
|t:|1776087151
|switch|p1a: Zamazenta|Zamazenta|100/100
|-damage|p1a: Zamazenta|94/100|[from] Stealth Rock
|-ability|p1a: Zamazenta|Dauntless Shield|boost
|-boost|p1a: Zamazenta|def|1
|turn|21
|
|t:|1776087156
|move|p1a: Zamazenta|Body Press|p2a: Great Tusk
|-damage|p2a: Great Tusk|0 fnt
|-damage|p1a: Zamazenta|78/100|[from] item: Rocky Helmet|[of] p2a: Great Tusk
|faint|p2a: Great Tusk
|-end|p2a: Great Tusk|Protosynthesis|[silent]
|
|-heal|p1a: Zamazenta|84/100|[from] item: Leftovers
|upkeep
|
|t:|1776087164
|switch|p2a: Cresselia|Cresselia, F|72/100 psn
|-damage|p2a: Cresselia|60/100 psn|[from] Stealth Rock
|turn|22
|
|t:|1776087169
|switch|p1a: Glimmora|Glimmora, F|22/100 par
|-damage|p1a: Glimmora|10/100 par|[from] Stealth Rock
|move|p2a: Cresselia|Thunder Wave|p1a: Glimmora|[miss]
|-miss|p2a: Cresselia|p1a: Glimmora
|
|-damage|p2a: Cresselia|47/100 psn|[from] psn
|upkeep
|turn|23
|j| Ctannn
|
|t:|1776087173
|move|p2a: Cresselia|Lunar Dance|p2a: Cresselia
|faint|p2a: Cresselia
|move|p1a: Glimmora|Mortal Spin|p2: Cresselia|[notarget]
|-fail|p1a: Glimmora
|
|upkeep
|
|t:|1776087184
|switch|p2a: Iron Moth|Iron Moth|100/100
|-damage|p2a: Iron Moth|76/100|[from] Stealth Rock
|-sideend|p2: swiggler|move: Toxic Spikes|[of] p2a: Iron Moth
|-enditem|p2a: Iron Moth|Booster Energy
|-activate|p2a: Iron Moth|ability: Quark Drive|[fromitem]
|-start|p2a: Iron Moth|quarkdrivespe
|turn|24
|
|t:|1776087189
|move|p2a: Iron Moth|Fiery Dance|p1a: Glimmora
|-resisted|p1a: Glimmora
|-damage|p1a: Glimmora|0 fnt
|-boost|p2a: Iron Moth|spa|1
|faint|p1a: Glimmora
|
|upkeep
|
|t:|1776087191
|switch|p1a: Moltres|Moltres-Galar|100/100
|-damage|p1a: Moltres|76/100|[from] Stealth Rock
|turn|25
|
|t:|1776087199
|move|p2a: Iron Moth|Energy Ball|p1a: Moltres
|-resisted|p1a: Moltres
|-damage|p1a: Moltres|55/100
|move|p1a: Moltres|Agility|p1a: Moltres
|-boost|p1a: Moltres|spe|2
|
|upkeep
|turn|26
|
|t:|1776087208
|move|p1a: Moltres|Fiery Wrath|p2a: Iron Moth
|-damage|p2a: Iron Moth|33/100
|move|p2a: Iron Moth|Sludge Wave|p1a: Moltres
|-damage|p1a: Moltres|0 fnt
|faint|p1a: Moltres
|
|upkeep
|-message|pressacanadagoose forfeited.
|
|win|swiggler
|raw|pressacanadagoose's rating: 1673 &rarr; <strong>1657</strong><br />(-16 for losing)
|raw|swiggler's rating: 1750 &rarr; <strong>1766</strong><br />(+16 for winning)
|l|☆pressacanadagoose
|player|p1|
|l| ohko_smeargle
|l|☆swiggler
|player|p2|
|l| PESWGG
|l| bollibig
