|html|<div class="broadcast-blue"><strong>[Gen 9] OU is currently suspecting Tera Blast! For information on how to participate check out the <a href="https://www.smogon.com/tools/suspects/view/200">suspect thread</a>.</strong></div>
|j|☆leguilleretsmogogo
|j|☆Lano Del Rey2
|t:|1776072375
|gametype|singles
|player|p1|leguilleretsmogogo|brendan-gen3|1235
|player|p2|Lano Del Rey2|bugcatcher-gen4dp|1193
|gen|9
|tier|[Gen 9] OU
|rated|
|rule|HP Percentage Mod: HP is shown in percentages
|rule|Endless Battle Clause: Forcing endless battles is banned
|rule|Species Clause: Limit one of each Pokémon
|rule|OHKO Clause: OHKO moves are banned
|rule|Evasion Items Clause: Evasion items are banned
|rule|Evasion Moves Clause: Evasion moves are banned
|rule|Evasion Abilities Clause: Evasion abilities are banned
|rule|Sleep Moves Clause: Sleep-inducing moves are banned
|clearpoke
|poke|p1|Sableye, M|
|poke|p1|Clodsire, F|
|poke|p1|Metagross|
|poke|p1|Weezing-Galar, M|
|poke|p1|Garganacl, M|
|poke|p1|Iron Moth|
|poke|p2|Rotom-Wash|
|poke|p2|Dragonite, M|
|poke|p2|Heatran, F|
|poke|p2|Sinistcha-Masterpiece|
|poke|p2|Clefable, M|
|poke|p2|Excadrill, F|
|teampreview
|inactive|Battle timer is ON: inactive players will automatically lose when time's up. (requested by leguilleretsmogogo)
|inactive|Lano Del Rey2 also wants the timer to be on.
|
|t:|1776072387
|teamsize|p1|6
|teamsize|p2|6
|start
|switch|p1a: Iron Moth|Iron Moth|100/100
|switch|p2a: Heatran|Heatran, F, shiny|100/100
|turn|1
|
|t:|1776072396
|-end|p1a: Iron Moth|Quark Drive|[silent]
|switch|p1a: Thérèse|Clodsire, F|100/100
|move|p2a: Heatran|Stealth Rock|p1a: Thérèse
|-sidestart|p1: leguilleretsmogogo|move: Stealth Rock
|
|upkeep
|turn|2
|
|t:|1776072404
|move|p2a: Heatran|Earth Power|p1a: Thérèse
|-supereffective|p1a: Thérèse
|-damage|p1a: Thérèse|75/100
|move|p1a: Thérèse|Toxic|p2a: Heatran
|-immune|p2a: Heatran
|
|-heal|p1a: Thérèse|81/100|[from] item: Black Sludge
|upkeep
|turn|3
|
|t:|1776072420
|switch|p2a: Excadrill|Excadrill, F, shiny|100/100
|-ability|p2a: Excadrill|Mold Breaker
|-item|p2a: Excadrill|Air Balloon
|move|p1a: Thérèse|Earthquake|p2a: Excadrill
|-immune|p2a: Excadrill
|
|-heal|p1a: Thérèse|88/100|[from] item: Black Sludge
|upkeep
|turn|4
|
|t:|1776072433
|switch|p1a: Le Petit Gobelin|Sableye, M|100/100
|-damage|p1a: Le Petit Gobelin|88/100|[from] Stealth Rock
|move|p2a: Excadrill|Swords Dance|p2a: Excadrill
|-boost|p2a: Excadrill|atk|2
|
|upkeep
|turn|5
|
|t:|1776072444
|move|p1a: Le Petit Gobelin|Encore|p2a: Excadrill
|-start|p2a: Excadrill|Encore
|move|p2a: Excadrill|Swords Dance|p2a: Excadrill
|-boost|p2a: Excadrill|atk|2
|
|upkeep
|turn|6
|
|t:|1776072450
|move|p2a: Excadrill|Swords Dance|p2a: Excadrill
|-boost|p2a: Excadrill|atk|2
|move|p1a: Le Petit Gobelin|Knock Off|p2a: Excadrill
|-damage|p2a: Excadrill|65/100
|-enditem|p2a: Excadrill|Air Balloon
|
|upkeep
|turn|7
|
|t:|1776072457
|move|p2a: Excadrill|Swords Dance|p2a: Excadrill
|-boost|p2a: Excadrill|atk|0
|move|p1a: Le Petit Gobelin|Knock Off|p2a: Excadrill
|-damage|p2a: Excadrill|39/100
|
|-end|p2a: Excadrill|Encore
|upkeep
|turn|8
|
|t:|1776072466
|move|p1a: Le Petit Gobelin|Encore|p2a: Excadrill
|-start|p2a: Excadrill|Encore
|move|p2a: Excadrill|Swords Dance|p2a: Excadrill
|-boost|p2a: Excadrill|atk|0
|
|upkeep
|turn|9
|
|t:|1776072483
|move|p2a: Excadrill|Swords Dance|p2a: Excadrill
|-boost|p2a: Excadrill|atk|0
|move|p1a: Le Petit Gobelin|Knock Off|p2a: Excadrill
|-damage|p2a: Excadrill|15/100
|
|upkeep
|turn|10
|
|t:|1776072489
|move|p2a: Excadrill|Swords Dance|p2a: Excadrill
|-boost|p2a: Excadrill|atk|0
|move|p1a: Le Petit Gobelin|Knock Off|p2a: Excadrill
|-damage|p2a: Excadrill|0 fnt
|faint|p2a: Excadrill
|
|upkeep
|
|t:|1776072502
|switch|p2a: Sinistcha|Sinistcha-Masterpiece, shiny|100/100
|turn|11
|
|t:|1776072507
|move|p1a: Le Petit Gobelin|Light Screen|p1a: Le Petit Gobelin
|-sidestart|p1: leguilleretsmogogo|move: Light Screen
|move|p2a: Sinistcha|Hex|p1a: Le Petit Gobelin
|-damage|p1a: Le Petit Gobelin|67/100
|
|upkeep
|turn|12
|
|t:|1776072516
|switch|p2a: Clefable|Clefable, M, shiny|100/100
|move|p1a: Le Petit Gobelin|Knock Off|p2a: Clefable
|-resisted|p2a: Clefable
|-damage|p2a: Clefable|90/100
|-enditem|p2a: Clefable|Leftovers|[from] move: Knock Off|[of] p1a: Le Petit Gobelin
|
|upkeep
|turn|13
|
|t:|1776072524
|switch|p1a: Mr.Monopoly|Weezing-Galar, M|100/100
|-damage|p1a: Mr.Monopoly|88/100|[from] Stealth Rock
|move|p2a: Clefable|Moonblast|p1a: Mr.Monopoly
|-resisted|p1a: Mr.Monopoly
|-damage|p1a: Mr.Monopoly|77/100
|
|upkeep
|turn|14
|
|t:|1776072536
|switch|p2a: Heatran|Heatran, F, shiny|100/100
|move|p1a: Mr.Monopoly|Defog|p2a: Heatran
|-unboost|p2a: Heatran|evasion|1
|-sideend|p1: leguilleretsmogogo|Stealth Rock|[from] move: Defog|[of] p1a: Mr.Monopoly
|
|upkeep
|turn|15
|
|t:|1776072544
|switch|p1a: Thérèse|Clodsire, F|88/100
|move|p2a: Heatran|Stealth Rock|p1a: Thérèse
|-sidestart|p1: leguilleretsmogogo|move: Stealth Rock
|
|-heal|p1a: Thérèse|94/100|[from] item: Black Sludge
|-sideend|p1: leguilleretsmogogo|move: Light Screen
|upkeep
|turn|16
|
|t:|1776072553
|switch|p2a: Sinistcha|Sinistcha-Masterpiece, shiny|100/100
|move|p1a: Thérèse|Toxic|p2a: Sinistcha
|-status|p2a: Sinistcha|tox
|
|-heal|p1a: Thérèse|99/100|[from] item: Black Sludge
|-damage|p2a: Sinistcha|94/100 tox|[from] psn
|upkeep
|turn|17
|
|t:|1776072562
|switch|p1a: Mr.Monopoly|Weezing-Galar, M|77/100
|-damage|p1a: Mr.Monopoly|65/100|[from] Stealth Rock
|move|p2a: Sinistcha|Strength Sap|p1a: Mr.Monopoly
|-unboost|p1a: Mr.Monopoly|atk|1
|-heal|p2a: Sinistcha|100/100 tox
|
|-damage|p2a: Sinistcha|88/100 tox|[from] psn
|upkeep
|turn|18
|
|t:|1776072573
|move|p2a: Sinistcha|Stun Spore|p1a: Mr.Monopoly
|-status|p1a: Mr.Monopoly|par
|move|p1a: Mr.Monopoly|Defog|p2a: Sinistcha
|-unboost|p2a: Sinistcha|evasion|1
|-sideend|p1: leguilleretsmogogo|Stealth Rock|[from] move: Defog|[of] p1a: Mr.Monopoly
|
|-heal|p2a: Sinistcha|94/100 tox|[from] item: Leftovers
|-damage|p2a: Sinistcha|76/100 tox|[from] psn
|upkeep
|turn|19
|
|t:|1776072585
|switch|p2a: Heatran|Heatran, F, shiny|100/100
|cant|p1a: Mr.Monopoly|par
|
|upkeep
|turn|20
|
|t:|1776072593
|move|p2a: Heatran|Stealth Rock|p1a: Mr.Monopoly
|-sidestart|p1: leguilleretsmogogo|move: Stealth Rock
|move|p1a: Mr.Monopoly|Defog|p2a: Heatran
|-unboost|p2a: Heatran|evasion|1
|-sideend|p1: leguilleretsmogogo|Stealth Rock|[from] move: Defog|[of] p1a: Mr.Monopoly
|
|upkeep
|turn|21
|
|t:|1776072601
|switch|p1a: Thérèse|Clodsire, F|99/100
|move|p2a: Heatran|Earth Power|p1a: Thérèse
|-supereffective|p1a: Thérèse
|-damage|p1a: Thérèse|71/100
|
|-heal|p1a: Thérèse|77/100|[from] item: Black Sludge
|upkeep
|turn|22
|
|t:|1776072611
|move|p2a: Heatran|Stealth Rock|p1a: Thérèse
|-sidestart|p1: leguilleretsmogogo|move: Stealth Rock
|move|p1a: Thérèse|Earthquake|p2a: Heatran
|-supereffective|p2a: Heatran
|-damage|p2a: Heatran|0 fnt
|faint|p2a: Heatran
|
|-heal|p1a: Thérèse|83/100|[from] item: Black Sludge
|upkeep
|
|t:|1776072619
|switch|p2a: Clefable|Clefable, M, shiny|90/100
|turn|23
|
|t:|1776072623
|switch|p1a: Mr.Monopoly|Weezing-Galar, M|65/100 par
|-damage|p1a: Mr.Monopoly|53/100 par|[from] Stealth Rock
|move|p2a: Clefable|Calm Mind|p2a: Clefable
|-boost|p2a: Clefable|spa|1
|-boost|p2a: Clefable|spd|1
|
|upkeep
|turn|24
|
|t:|1776072636
|move|p2a: Clefable|Calm Mind|p2a: Clefable
|-boost|p2a: Clefable|spa|1
|-boost|p2a: Clefable|spd|1
|move|p1a: Mr.Monopoly|Defog|p2a: Clefable
|-unboost|p2a: Clefable|evasion|1
|-sideend|p1: leguilleretsmogogo|Stealth Rock|[from] move: Defog|[of] p1a: Mr.Monopoly
|
|upkeep
|turn|25
|
|t:|1776072647
|move|p2a: Clefable|Moonblast|p1a: Mr.Monopoly
|-resisted|p1a: Mr.Monopoly
|-damage|p1a: Mr.Monopoly|13/100 par
|move|p1a: Mr.Monopoly|Pain Split|p2a: Clefable
|-sethp|p2a: Clefable|50/100|[from] move: Pain Split|[silent]
|-sethp|p1a: Mr.Monopoly|59/100 par|[from] move: Pain Split
|
|upkeep
|turn|26
|
|t:|1776072655
|move|p2a: Clefable|Moonlight|p2a: Clefable
|-heal|p2a: Clefable|100/100
|move|p1a: Mr.Monopoly|Pain Split|p2a: Clefable
|-sethp|p2a: Clefable|75/100|[from] move: Pain Split|[silent]
|-sethp|p1a: Mr.Monopoly|89/100 par|[from] move: Pain Split
|
|upkeep
|turn|27
|
|t:|1776072684
|switch|p1a: Le Petit Gobelin|Sableye, M|67/100
|move|p2a: Clefable|Calm Mind|p2a: Clefable
|-boost|p2a: Clefable|spa|1
|-boost|p2a: Clefable|spd|1
|
|upkeep
|turn|28
|-message|leguilleretsmogogo forfeited.
|
|win|Lano Del Rey2
|raw|leguilleretsmogogo's rating: 1235 &rarr; <strong>1207</strong><br />(-28 for losing)
|raw|Lano Del Rey2's rating: 1193 &rarr; <strong>1221</strong><br />(+28 for winning)
|l|☆leguilleretsmogogo
|player|p1|
|l|☆Lano Del Rey2
|player|p2|
