|html|<div class="broadcast-blue"><strong>[Gen 9] OU is currently suspecting Volcarona! For information on how to participate check out the <a href="https://www.smogon.com/tools/suspects/view/208">suspect thread</a>.</strong></div>
|j|☆brybryoski
|j|☆Draydin
|t:|1778505847
|gametype|singles
|player|p1|brybryoski|drayden|1102
|player|p2|Draydin|dahlia|1066
|gen|9
|tier|[Gen 9] OU
|rated|
|rule|HP Percentage Mod: HP is shown in percentages
|rule|Endless Battle Clause: Forcing endless battles is banned
|rule|Species Clause: Limit one of each Pokémon
|rule|OHKO Clause: OHKO moves are banned
|rule|Evasion Items Clause: Evasion items are banned
|rule|Evasion Moves Clause: Evasion moves are banned
|rule|Evasion Abilities Clause: Evasion abilities are banned
|rule|Sleep Moves Clause: Sleep-inducing moves are banned
|clearpoke
|poke|p1|Noivern, F|
|poke|p1|Clodsire, M|
|poke|p1|Iron Crown|
|poke|p1|Iron Hands|
|poke|p1|Samurott-Hisui, F|
|poke|p1|Typhlosion-Hisui, F|
|poke|p2|Hydreigon, M|
|poke|p2|Milotic, M|
|poke|p2|Gardevoir, F|
|poke|p2|Klawf, M|
|poke|p2|Conkeldurr, M|
|poke|p2|Galvantula, M|
|teampreview
|inactive|Battle timer is ON: inactive players will automatically lose when time's up. (requested by brybryoski)
|
|t:|1778505886
|teamsize|p1|6
|teamsize|p2|6
|start
|switch|p1a: Typhlosion|Typhlosion-Hisui, F|100/100
|switch|p2a: Milotic|Milotic, M, shiny|100/100
|-item|p2a: Milotic|Flame Orb|[from] ability: Frisk|[of] p1a: Typhlosion
|turn|1
|
|t:|1778505902
|-terastallize|p1a: Typhlosion|Ghost
|move|p1a: Typhlosion|Calm Mind|p1a: Typhlosion
|-boost|p1a: Typhlosion|spa|1
|-boost|p1a: Typhlosion|spd|1
|move|p2a: Milotic|Dragon Tail|p1a: Typhlosion
|-damage|p1a: Typhlosion|88/100
|drag|p1a: Iron Hands|Iron Hands, shiny|100/100
|-enditem|p1a: Iron Hands|Booster Energy
|-activate|p1a: Iron Hands|ability: Quark Drive|[fromitem]
|-start|p1a: Iron Hands|quarkdriveatk
|
|-status|p2a: Milotic|brn|[from] item: Flame Orb
|upkeep
|turn|2
|
|t:|1778505931
|switch|p2a: Conkeldurr|Conkeldurr, M|100/100
|move|p1a: Iron Hands|Supercell Slam|p2a: Conkeldurr
|-crit|p2a: Conkeldurr
|-damage|p2a: Conkeldurr|21/100
|
|-heal|p2a: Conkeldurr|27/100|[from] item: Leftovers
|upkeep
|turn|3
|inactive|Draydin has 120 seconds left.
|
|t:|1778505952
|move|p2a: Conkeldurr|Mach Punch|p1a: Iron Hands
|-damage|p1a: Iron Hands|86/100
|move|p1a: Iron Hands|Play Rough|p2a: Conkeldurr
|-supereffective|p2a: Conkeldurr
|-damage|p2a: Conkeldurr|0 fnt
|faint|p2a: Conkeldurr
|
|upkeep
|
|t:|1778505966
|switch|p2a: Gardevoir|Gardevoir, F, shiny|100/100
|turn|4
|inactive|brybryoski has 120 seconds left.
|
|t:|1778506011
|-end|p1a: Iron Hands|Quark Drive|[silent]
|switch|p1a: Iron Crown|Iron Crown|100/100
|-enditem|p1a: Iron Crown|Booster Energy
|-activate|p1a: Iron Crown|ability: Quark Drive|[fromitem]
|-start|p1a: Iron Crown|quarkdrivespd
|move|p2a: Gardevoir|Moonblast|p1a: Iron Crown
|-resisted|p1a: Iron Crown
|-damage|p1a: Iron Crown|85/100
|-unboost|p1a: Iron Crown|spa|1
|
|upkeep
|turn|5
|inactive|Draydin has 120 seconds left.
|
|t:|1778506037
|switch|p2a: Milotic|Milotic, M, shiny|100/100 brn
|move|p1a: Iron Crown|Tachyon Cutter|p2a: Milotic
|-resisted|p2a: Milotic
|-damage|p2a: Milotic|97/100 brn
|-resisted|p2a: Milotic
|-damage|p2a: Milotic|93/100 brn
|-hitcount|p2a: Milotic|2
|
|-damage|p2a: Milotic|87/100 brn|[from] brn
|upkeep
|turn|6
|
|t:|1778506048
|move|p1a: Iron Crown|Calm Mind|p1a: Iron Crown
|-boost|p1a: Iron Crown|spa|1
|-boost|p1a: Iron Crown|spd|1
|move|p2a: Milotic|Scald|p1a: Iron Crown
|-damage|p1a: Iron Crown|73/100
|
|-damage|p2a: Milotic|80/100 brn|[from] brn
|upkeep
|turn|7
|
|t:|1778506050
|move|p1a: Iron Crown|Calm Mind|p1a: Iron Crown
|-boost|p1a: Iron Crown|spa|1
|-boost|p1a: Iron Crown|spd|1
|move|p2a: Milotic|Dragon Tail|p1a: Iron Crown
|-resisted|p1a: Iron Crown
|-damage|p1a: Iron Crown|72/100
|-end|p1a: Iron Crown|Quark Drive|[silent]
|drag|p1a: Samurott|Samurott-Hisui, F|100/100
|
|-damage|p2a: Milotic|74/100 brn|[from] brn
|upkeep
|turn|8
|
|t:|1778506064
|move|p1a: Samurott|Sacred Sword|p2a: Milotic
|-damage|p2a: Milotic|40/100 brn
|move|p2a: Milotic|Recover|p2a: Milotic
|-heal|p2a: Milotic|90/100 brn
|
|-damage|p2a: Milotic|84/100 brn|[from] brn
|upkeep
|turn|9
|
|t:|1778506077
|move|p1a: Samurott|Sacred Sword|p2a: Milotic
|-damage|p2a: Milotic|50/100 brn
|move|p2a: Milotic|Flip Turn|p1a: Samurott
|-resisted|p1a: Samurott
|-damage|p1a: Samurott|97/100
|
|t:|1778506081
|switch|p2a: Galvantula|Galvantula, M, shiny|100/100|[from] Flip Turn
|
|upkeep
|turn|10
|inactive|Draydin has 120 seconds left.
|
|t:|1778506100
|switch|p1a: Iron Crown|Iron Crown|72/100
|move|p2a: Galvantula|Sticky Web|p1a: Iron Crown
|-sidestart|p1: brybryoski|move: Sticky Web
|
|upkeep
|turn|11
|inactive|Draydin has 120 seconds left.
|
|t:|1778506111
|move|p2a: Galvantula|Volt Switch|p1a: Iron Crown
|-damage|p1a: Iron Crown|48/100
|inactive|Draydin has 120 seconds left.
|
|t:|1778506129
|switch|p2a: Milotic|Milotic, M, shiny|50/100 brn|[from] Volt Switch
|move|p1a: Iron Crown|Tachyon Cutter|p2a: Milotic
|-resisted|p2a: Milotic
|-damage|p2a: Milotic|44/100 brn
|-resisted|p2a: Milotic
|-damage|p2a: Milotic|38/100 brn
|-hitcount|p2a: Milotic|2
|
|-damage|p2a: Milotic|32/100 brn|[from] brn
|upkeep
|turn|12
|
|t:|1778506138
|move|p1a: Iron Crown|Volt Switch|p2a: Milotic
|-supereffective|p2a: Milotic
|-damage|p2a: Milotic|9/100 brn
|
|t:|1778506142
|-end|p1a: Iron Crown|Quark Drive|[silent]
|switch|p1a: Clodsire|Clodsire, M, shiny|100/100|[from] Volt Switch
|-activate|p1a: Clodsire|move: Sticky Web
|-unboost|p1a: Clodsire|spe|1
|move|p2a: Milotic|Recover|p2a: Milotic
|-heal|p2a: Milotic|59/100 brn
|
|-damage|p2a: Milotic|53/100 brn|[from] brn
|upkeep
|turn|13
|inactive|Draydin has 120 seconds left.
|
|t:|1778506154
|move|p1a: Clodsire|Earthquake|p2a: Milotic
|-damage|p2a: Milotic|32/100 brn
|move|p2a: Milotic|Dragon Tail|p1a: Clodsire|[miss]
|-miss|p2a: Milotic|p1a: Clodsire
|
|-damage|p2a: Milotic|26/100 brn|[from] brn
|upkeep
|turn|14
|
|t:|1778506164
|move|p2a: Milotic|Recover|p2a: Milotic
|-heal|p2a: Milotic|76/100 brn
|move|p1a: Clodsire|Earthquake|p2a: Milotic
|-damage|p2a: Milotic|57/100 brn
|
|-damage|p2a: Milotic|51/100 brn|[from] brn
|upkeep
|turn|15
|
|t:|1778506169
|move|p2a: Milotic|Scald|p1a: Clodsire
|-immune|p1a: Clodsire|[from] ability: Water Absorb
|move|p1a: Clodsire|Earthquake|p2a: Milotic
|-damage|p2a: Milotic|33/100 brn
|
|-damage|p2a: Milotic|27/100 brn|[from] brn
|upkeep
|turn|16
|
|t:|1778506181
|move|p2a: Milotic|Recover|p2a: Milotic
|-heal|p2a: Milotic|77/100 brn
|move|p1a: Clodsire|Earthquake|p2a: Milotic
|-damage|p2a: Milotic|59/100 brn
|
|-damage|p2a: Milotic|53/100 brn|[from] brn
|upkeep
|turn|17
|
|t:|1778506191
|switch|p2a: Hydreigon|Hydreigon, M|100/100
|switch|p1a: Typhlosion|Typhlosion-Hisui, F, tera:Ghost|88/100
|-item|p2a: Hydreigon|Wise Glasses|[from] ability: Frisk|[of] p1a: Typhlosion
|
|upkeep
|turn|18
|
|t:|1778506211
|switch|p1a: Noivern|Noivern, F|100/100
|move|p2a: Hydreigon|Draco Meteor|p1a: Noivern
|-supereffective|p1a: Noivern
|-damage|p1a: Noivern|0 fnt
|-unboost|p2a: Hydreigon|spa|2
|faint|p1a: Noivern
|
|upkeep
|
|t:|1778506219
|switch|p1a: Samurott|Samurott-Hisui, F|97/100
|-activate|p1a: Samurott|move: Sticky Web
|-unboost|p1a: Samurott|spe|1
|turn|19
|
|t:|1778506227
|switch|p2a: Milotic|Milotic, M, shiny|53/100 brn
|move|p1a: Samurott|Sacred Sword|p2a: Milotic
|-damage|p2a: Milotic|21/100 brn
|
|-damage|p2a: Milotic|15/100 brn|[from] brn
|upkeep
|turn|20
|
|t:|1778506232
|move|p2a: Milotic|Recover|p2a: Milotic
|-heal|p2a: Milotic|65/100 brn
|move|p1a: Samurott|Sacred Sword|p2a: Milotic
|-damage|p2a: Milotic|34/100 brn
|
|-damage|p2a: Milotic|28/100 brn|[from] brn
|upkeep
|turn|21
|inactive|Draydin has 120 seconds left.
|
|t:|1778506273
|move|p2a: Milotic|Flip Turn|p1a: Samurott
|-resisted|p1a: Samurott
|-damage|p1a: Samurott|93/100
|
|t:|1778506285
|switch|p2a: Gardevoir|Gardevoir, F, shiny|100/100|[from] Flip Turn
|move|p1a: Samurott|Sacred Sword|p2a: Gardevoir
|-resisted|p2a: Gardevoir
|-damage|p2a: Gardevoir|82/100
|
|upkeep
|turn|22
|
|t:|1778506302
|switch|p1a: Iron Crown|Iron Crown|48/100
|-activate|p1a: Iron Crown|move: Sticky Web
|-unboost|p1a: Iron Crown|spe|1
|move|p2a: Gardevoir|Wish|p2a: Gardevoir
|
|upkeep
|turn|23
|
|t:|1778506309
|switch|p2a: Milotic|Milotic, M, shiny|28/100 brn
|move|p1a: Iron Crown|Calm Mind|p1a: Iron Crown
|-boost|p1a: Iron Crown|spa|1
|-boost|p1a: Iron Crown|spd|1
|
|-heal|p2a: Milotic|63/100 brn|[from] move: Wish|[wisher] Gardevoir
|-damage|p2a: Milotic|57/100 brn|[from] brn
|upkeep
|turn|24
|
|t:|1778506321
|move|p1a: Iron Crown|Volt Switch|p2a: Milotic
|-supereffective|p2a: Milotic
|-damage|p2a: Milotic|22/100 brn
|
|t:|1778506325
|-end|p1a: Iron Crown|Quark Drive|[silent]
|switch|p1a: Clodsire|Clodsire, M, shiny|100/100|[from] Volt Switch
|-activate|p1a: Clodsire|move: Sticky Web
|-unboost|p1a: Clodsire|spe|1
|move|p2a: Milotic|Dragon Tail|p1a: Clodsire
|-crit|p1a: Clodsire
|-damage|p1a: Clodsire|96/100
|drag|p1a: Typhlosion|Typhlosion-Hisui, F, tera:Ghost|88/100
|-item|p2a: Milotic|Flame Orb|[from] ability: Frisk|[of] p1a: Typhlosion
|
|-damage|p2a: Milotic|16/100 brn|[from] brn
|upkeep
|turn|25
|inactive|Draydin has 120 seconds left.
|
|t:|1778506342
|move|p1a: Typhlosion|Infernal Parade|p2a: Milotic
|-damage|p2a: Milotic|0 fnt
|faint|p2a: Milotic
|
|upkeep
|
|t:|1778506353
|switch|p2a: Klawf|Klawf, M, shiny|100/100
|turn|26
|
|t:|1778506358
|switch|p1a: Iron Crown|Iron Crown|48/100
|-activate|p1a: Iron Crown|move: Sticky Web
|-unboost|p1a: Iron Crown|spe|1
|move|p2a: Klawf|Stealth Rock|p1a: Iron Crown
|-sidestart|p1: brybryoski|move: Stealth Rock
|
|upkeep
|turn|27
|inactive|Draydin has 120 seconds left.
|
|t:|1778506364
|move|p2a: Klawf|Knock Off|p1a: Iron Crown
|-supereffective|p1a: Iron Crown
|-damage|p1a: Iron Crown|20/100
|move|p1a: Iron Crown|Tachyon Cutter|p2a: Klawf
|-supereffective|p2a: Klawf
|-damage|p2a: Klawf|29/100
|-supereffective|p2a: Klawf
|-damage|p2a: Klawf|0 fnt
|faint|p2a: Klawf
|-hitcount|p2: Klawf|2
|
|upkeep
|inactive|Draydin has 120 seconds left.
|inactive|Draydin has 90 seconds left.
|
|t:|1778506416
|switch|p2a: Hydreigon|Hydreigon, M|100/100
|turn|28
|inactive|brybryoski has 120 seconds left.
|
|t:|1778506461
|move|p2a: Hydreigon|Dark Pulse|p1a: Iron Crown
|-supereffective|p1a: Iron Crown
|-damage|p1a: Iron Crown|0 fnt
|faint|p1a: Iron Crown
|-end|p1a: Iron Crown|Quark Drive|[silent]
|
|upkeep
|
|t:|1778506467
|switch|p1a: Iron Hands|Iron Hands, shiny|86/100
|-activate|p1a: Iron Hands|move: Sticky Web
|-unboost|p1a: Iron Hands|spe|1
|-damage|p1a: Iron Hands|79/100|[from] Stealth Rock
|turn|29
|inactive|Draydin has 60 seconds left.
|inactive|Draydin has 30 seconds left.
|
|t:|1778506535
|switch|p2a: Galvantula|Galvantula, M, shiny|100/100
|move|p1a: Iron Hands|Play Rough|p2a: Galvantula
|-damage|p2a: Galvantula|43/100
|
|upkeep
|turn|30
|inactive|brybryoski has 120 seconds left.
|inactive|Draydin has 30 seconds left.
|
|t:|1778506542
|move|p2a: Galvantula|Thunder|p1a: Iron Hands
|-resisted|p1a: Iron Hands
|-damage|p1a: Iron Hands|57/100
|move|p1a: Iron Hands|Play Rough|p2a: Galvantula
|-damage|p2a: Galvantula|0 fnt
|faint|p2a: Galvantula
|
|upkeep
|
|t:|1778506546
|switch|p2a: Gardevoir|Gardevoir, F, shiny|82/100
|turn|31
|inactive|Draydin has 30 seconds left.
|
|t:|1778506568
|-end|p1a: Iron Hands|Quark Drive|[silent]
|switch|p1a: Clodsire|Clodsire, M, shiny|96/100
|-activate|p1a: Clodsire|move: Sticky Web
|-unboost|p1a: Clodsire|spe|1
|-damage|p1a: Clodsire|89/100|[from] Stealth Rock
|move|p2a: Gardevoir|Psychic|p1a: Clodsire
|-supereffective|p1a: Clodsire
|-damage|p1a: Clodsire|17/100
|
|-heal|p1a: Clodsire|24/100|[from] item: Black Sludge
|upkeep
|turn|32
|
|t:|1778506571
|move|p2a: Gardevoir|Psychic|p1a: Clodsire
|-supereffective|p1a: Clodsire
|-damage|p1a: Clodsire|0 fnt
|faint|p1a: Clodsire
|
|upkeep
|
|t:|1778506578
|switch|p1a: Typhlosion|Typhlosion-Hisui, F, tera:Ghost|88/100
|-item|p2a: Gardevoir|Choice Scarf|[from] ability: Frisk|[of] p1a: Typhlosion
|turn|33
|
|t:|1778506595
|switch|p2a: Hydreigon|Hydreigon, M|100/100
|move|p1a: Typhlosion|Will-O-Wisp|p2a: Hydreigon
|-status|p2a: Hydreigon|brn
|
|-damage|p2a: Hydreigon|94/100 brn|[from] brn
|upkeep
|turn|34
|
|t:|1778506605
|switch|p1a: Samurott|Samurott-Hisui, F|93/100
|-activate|p1a: Samurott|move: Sticky Web
|-unboost|p1a: Samurott|spe|1
|-damage|p1a: Samurott|80/100|[from] Stealth Rock
|move|p2a: Hydreigon|Dark Pulse|p1a: Samurott
|-resisted|p1a: Samurott
|-damage|p1a: Samurott|49/100
|
|-damage|p2a: Hydreigon|88/100 brn|[from] brn
|upkeep
|turn|35
|inactive|Draydin has 30 seconds left.
|
|t:|1778506626
|move|p2a: Hydreigon|Draco Meteor|p1a: Samurott
|-damage|p1a: Samurott|0 fnt
|-unboost|p2a: Hydreigon|spa|2
|faint|p1a: Samurott
|
|-damage|p2a: Hydreigon|82/100 brn|[from] brn
|upkeep
|
|t:|1778506636
|switch|p1a: Iron Hands|Iron Hands, shiny|57/100
|-activate|p1a: Iron Hands|move: Sticky Web
|-unboost|p1a: Iron Hands|spe|1
|-damage|p1a: Iron Hands|50/100|[from] Stealth Rock
|turn|36
|
|t:|1778506642
|move|p2a: Hydreigon|Draco Meteor|p1a: Iron Hands
|-damage|p1a: Iron Hands|14/100
|-unboost|p2a: Hydreigon|spa|2
|move|p1a: Iron Hands|Ice Punch|p2a: Hydreigon
|-supereffective|p2a: Hydreigon
|-damage|p2a: Hydreigon|28/100 brn
|
|-damage|p2a: Hydreigon|22/100 brn|[from] brn
|upkeep
|turn|37
|
|t:|1778506650
|move|p2a: Hydreigon|Draco Meteor|p1a: Iron Hands
|-damage|p1a: Iron Hands|0 fnt
|-unboost|p2a: Hydreigon|spa|2
|faint|p1a: Iron Hands
|-end|p1a: Iron Hands|Quark Drive|[silent]
|
|-damage|p2a: Hydreigon|16/100 brn|[from] brn
|upkeep
|
|t:|1778506653
|switch|p1a: Typhlosion|Typhlosion-Hisui, F, tera:Ghost|88/100
|-item|p2a: Hydreigon|Wise Glasses|[from] ability: Frisk|[of] p1a: Typhlosion
|turn|38
|
|t:|1778506655
|move|p2a: Hydreigon|Dark Pulse|p1a: Typhlosion
|-supereffective|p1a: Typhlosion
|-damage|p1a: Typhlosion|58/100
|cant|p1a: Typhlosion|flinch
|
|-damage|p2a: Hydreigon|10/100 brn|[from] brn
|upkeep
|turn|39
|
|t:|1778506660
|move|p2a: Hydreigon|Dark Pulse|p1a: Typhlosion
|-supereffective|p1a: Typhlosion
|-damage|p1a: Typhlosion|26/100
|move|p1a: Typhlosion|Infernal Parade|p2a: Hydreigon
|-resisted|p2a: Hydreigon
|-damage|p2a: Hydreigon|0 fnt
|faint|p2a: Hydreigon
|
|upkeep
|
|t:|1778506666
|switch|p2a: Gardevoir|Gardevoir, F, shiny|82/100
|turn|40
|
|t:|1778506671
|move|p2a: Gardevoir|Psychic|p1a: Typhlosion
|-damage|p1a: Typhlosion|0 fnt
|faint|p1a: Typhlosion
|
|win|Draydin
|raw|brybryoski's rating: 1102 &rarr; <strong>1074</strong><br />(-28 for losing)
|raw|Draydin's rating: 1066 &rarr; <strong>1099</strong><br />(+33 for winning)
|l|☆brybryoski
|player|p1|
|l|☆Draydin
|player|p2|
