|html|<div class="broadcast-blue"><strong>[Gen 9] OU is currently suspecting Tera Blast! For information on how to participate check out the <a href="https://www.smogon.com/tools/suspects/view/200">suspect thread</a>.</strong></div>
|j|☆goodgoodcush
|j|☆mo-ii-kai
|t:|1776052077
|gametype|singles
|player|p1|goodgoodcush|101|1418
|player|p2|mo-ii-kai|janine|1384
|gen|9
|tier|[Gen 9] OU
|rated|
|rule|HP Percentage Mod: HP is shown in percentages
|rule|Endless Battle Clause: Forcing endless battles is banned
|rule|Species Clause: Limit one of each Pokémon
|rule|OHKO Clause: OHKO moves are banned
|rule|Evasion Items Clause: Evasion items are banned
|rule|Evasion Moves Clause: Evasion moves are banned
|rule|Evasion Abilities Clause: Evasion abilities are banned
|rule|Sleep Moves Clause: Sleep-inducing moves are banned
|clearpoke
|poke|p1|Dragonite, M|
|poke|p1|Latias, F|
|poke|p1|Hatterene, F|
|poke|p1|Grimmsnarl, M|
|poke|p1|Manaphy|
|poke|p1|Kingambit, F|
|poke|p2|Ninetales, M|
|poke|p2|Walking Wake|
|poke|p2|Typhlosion-Hisui, F|
|poke|p2|Great Tusk|
|poke|p2|Rillaboom, M|
|poke|p2|Raging Bolt|
|teampreview
|inactive|Battle timer is ON: inactive players will automatically lose when time's up. (requested by mo-ii-kai)
|
|t:|1776052106
|teamsize|p1|6
|teamsize|p2|6
|start
|switch|p1a: Grimmsnarl|Grimmsnarl, M|100/100
|switch|p2a: Ninetales|Ninetales, M|100/100
|-weather|SunnyDay|[from] ability: Drought|[of] p2a: Ninetales
|turn|1
|
|t:|1776052122
|move|p1a: Grimmsnarl|Light Screen|p1a: Grimmsnarl
|-sidestart|p1: goodgoodcush|move: Light Screen
|move|p2a: Ninetales|Encore|p1a: Grimmsnarl
|-start|p1a: Grimmsnarl|Encore
|
|-weather|SunnyDay|[upkeep]
|upkeep
|turn|2
|
|t:|1776052129
|switch|p2a: Rillaboom|Rillaboom, M|100/100
|-fieldstart|move: Grassy Terrain|[from] ability: Grassy Surge|[of] p2a: Rillaboom
|switch|p1a: Hatterene|Hatterene, F|100/100
|
|-weather|SunnyDay|[upkeep]
|upkeep
|turn|3
|
|t:|1776052133
|move|p2a: Rillaboom|Wood Hammer|p1a: Hatterene
|-damage|p1a: Hatterene|0 fnt
|faint|p1a: Hatterene
|-damage|p2a: Rillaboom|70/100|[from] Recoil
|
|-weather|SunnyDay|[upkeep]
|-heal|p2a: Rillaboom|76/100|[from] Grassy Terrain
|upkeep
|
|t:|1776052141
|switch|p1a: Manaphy|Manaphy|100/100
|turn|4
|
|t:|1776052155
|switch|p1a: Dragonite|Dragonite, M|100/100
|move|p2a: Rillaboom|Wood Hammer|p1a: Dragonite
|-resisted|p1a: Dragonite
|-damage|p1a: Dragonite|83/100
|-damage|p2a: Rillaboom|71/100|[from] Recoil
|
|-weather|SunnyDay|[upkeep]
|-heal|p2a: Rillaboom|77/100|[from] Grassy Terrain
|upkeep
|turn|5
|
|t:|1776052162
|switch|p2a: Raging Bolt|Raging Bolt|100/100
|-activate|p2a: Raging Bolt|ability: Protosynthesis
|-start|p2a: Raging Bolt|protosynthesisspa
|move|p1a: Dragonite|Dragon Dance|p1a: Dragonite
|-boost|p1a: Dragonite|atk|1
|-boost|p1a: Dragonite|spe|1
|
|-weather|SunnyDay|[upkeep]
|upkeep
|turn|6
|
|t:|1776052180
|-terastallize|p1a: Dragonite|Fairy
|move|p1a: Dragonite|Tera Blast|p2a: Raging Bolt|[anim] Tera Blast Fairy
|-supereffective|p2a: Raging Bolt
|-damage|p2a: Raging Bolt|0 fnt
|faint|p2a: Raging Bolt
|-end|p2a: Raging Bolt|Protosynthesis|[silent]
|
|-weather|SunnyDay|[upkeep]
|-heal|p1a: Dragonite|90/100|[from] Grassy Terrain
|-fieldend|move: Grassy Terrain
|upkeep
|
|t:|1776052194
|switch|p2a: Walking Wake|Walking Wake|100/100
|-activate|p2a: Walking Wake|ability: Protosynthesis
|-start|p2a: Walking Wake|protosynthesisspa
|turn|7
|
|t:|1776052199
|-terastallize|p2a: Walking Wake|Water
|move|p1a: Dragonite|Tera Blast|p2a: Walking Wake|[anim] Tera Blast Fairy
|-damage|p2a: Walking Wake|31/100
|move|p2a: Walking Wake|Hydro Steam|p1a: Dragonite
|-damage|p1a: Dragonite|2/100
|
|-weather|SunnyDay|[upkeep]
|upkeep
|turn|8
|
|t:|1776052209
|-end|p2a: Walking Wake|Protosynthesis|[silent]
|switch|p2a: Rillaboom|Rillaboom, M|77/100
|-fieldstart|move: Grassy Terrain|[from] ability: Grassy Surge|[of] p2a: Rillaboom
|move|p1a: Dragonite|Tera Blast|p2a: Rillaboom|[anim] Tera Blast Fairy
|-damage|p2a: Rillaboom|10/100
|
|-weather|none
|-heal|p1a: Dragonite|9/100|[from] Grassy Terrain
|-heal|p2a: Rillaboom|17/100|[from] Grassy Terrain
|-sideend|p1: goodgoodcush|move: Light Screen
|upkeep
|turn|9
|
|t:|1776052221
|move|p2a: Rillaboom|Grassy Glide|p1a: Dragonite
|-damage|p1a: Dragonite|0 fnt
|faint|p1a: Dragonite
|
|-heal|p2a: Rillaboom|23/100|[from] Grassy Terrain
|upkeep
|
|t:|1776052224
|switch|p1a: Latias|Latias, F|100/100
|turn|10
|
|t:|1776052230
|switch|p2a: Ninetales|Ninetales, M|100/100
|-weather|SunnyDay|[from] ability: Drought|[of] p2a: Ninetales
|move|p1a: Latias|Agility|p1a: Latias
|-boost|p1a: Latias|spe|2
|
|-weather|SunnyDay|[upkeep]
|upkeep
|turn|11
|
|t:|1776052238
|switch|p1a: Grimmsnarl|Grimmsnarl, M|100/100
|move|p2a: Ninetales|Encore||[still]
|-fail|p2a: Ninetales
|
|-weather|SunnyDay|[upkeep]
|upkeep
|turn|12
|
|t:|1776052245
|move|p1a: Grimmsnarl|Reflect|p1a: Grimmsnarl
|-sidestart|p1: goodgoodcush|Reflect
|move|p2a: Ninetales|Encore|p1a: Grimmsnarl
|-start|p1a: Grimmsnarl|Encore
|
|-weather|SunnyDay|[upkeep]
|-fieldend|move: Grassy Terrain
|upkeep
|turn|13
|
|t:|1776052258
|switch|p2a: Typhlosion|Typhlosion-Hisui, F|100/100
|switch|p1a: Latias|Latias, F|100/100
|
|-weather|SunnyDay|[upkeep]
|upkeep
|turn|14
|
|t:|1776052266
|move|p2a: Typhlosion|Shadow Ball|p1a: Latias
|-supereffective|p1a: Latias
|-crit|p1a: Latias
|-damage|p1a: Latias|3/100
|-enditem|p1a: Latias|Weakness Policy
|-boost|p1a: Latias|atk|2|[from] item: Weakness Policy
|-boost|p1a: Latias|spa|2|[from] item: Weakness Policy
|move|p1a: Latias|Agility|p1a: Latias
|-boost|p1a: Latias|spe|2
|
|-weather|SunnyDay|[upkeep]
|upkeep
|turn|15
|
|t:|1776052273
|move|p1a: Latias|Stored Power|p2a: Typhlosion
|-damage|p2a: Typhlosion|0 fnt
|faint|p2a: Typhlosion
|
|-weather|SunnyDay|[upkeep]
|upkeep
|
|t:|1776052275
|switch|p2a: Rillaboom|Rillaboom, M|23/100
|-fieldstart|move: Grassy Terrain|[from] ability: Grassy Surge|[of] p2a: Rillaboom
|turn|16
|
|t:|1776052278
|switch|p1a: Kingambit|Kingambit, F|100/100
|-activate|p1a: Kingambit|ability: Supreme Overlord
|-start|p1a: Kingambit|fallen2|[silent]
|move|p2a: Rillaboom|Grassy Glide|p1a: Kingambit
|-resisted|p1a: Kingambit
|-damage|p1a: Kingambit|90/100
|
|-weather|SunnyDay|[upkeep]
|-heal|p2a: Rillaboom|29/100|[from] Grassy Terrain
|-heal|p1a: Kingambit|96/100|[from] Grassy Terrain
|upkeep
|turn|17
|
|t:|1776052288
|switch|p2a: Great Tusk|Great Tusk|100/100
|-activate|p2a: Great Tusk|ability: Protosynthesis
|-start|p2a: Great Tusk|protosynthesisspe
|-end|p1a: Kingambit|fallen2|[silent]
|switch|p1a: Grimmsnarl|Grimmsnarl, M|100/100
|
|-weather|none
|-end|p2a: Great Tusk|Protosynthesis
|upkeep
|turn|18
|
|t:|1776052294
|move|p1a: Grimmsnarl|Light Screen|p1a: Grimmsnarl
|-sidestart|p1: goodgoodcush|move: Light Screen
|move|p2a: Great Tusk|Stealth Rock|p1a: Grimmsnarl
|-sidestart|p1: goodgoodcush|move: Stealth Rock
|
|upkeep
|turn|19
|
|t:|1776052301
|move|p2a: Great Tusk|Rapid Spin|p1a: Grimmsnarl
|-damage|p1a: Grimmsnarl|92/100
|-boost|p2a: Great Tusk|spe|1
|move|p1a: Grimmsnarl|Low Kick|p2a: Great Tusk
|-damage|p2a: Great Tusk|81/100
|
|-heal|p2a: Great Tusk|87/100|[from] Grassy Terrain
|-heal|p1a: Grimmsnarl|98/100|[from] Grassy Terrain
|-sideend|p1: goodgoodcush|Reflect
|upkeep
|turn|20
|
|t:|1776052312
|move|p1a: Grimmsnarl|Parting Shot|p2a: Great Tusk
|-unboost|p2a: Great Tusk|atk|1
|-unboost|p2a: Great Tusk|spa|1
|
|t:|1776052314
|switch|p1a: Manaphy|Manaphy|100/100|[from] Parting Shot
|-damage|p1a: Manaphy|88/100|[from] Stealth Rock
|move|p2a: Great Tusk|Ice Spinner|p1a: Manaphy
|-resisted|p1a: Manaphy
|-damage|p1a: Manaphy|81/100
|-fieldend|move: Grassy Terrain
|
|-heal|p1a: Manaphy|87/100|[from] item: Leftovers
|upkeep
|turn|21
|
|t:|1776052322
|-end|p2a: Great Tusk|Protosynthesis|[silent]
|switch|p2a: Rillaboom|Rillaboom, M|29/100
|-fieldstart|move: Grassy Terrain|[from] ability: Grassy Surge|[of] p2a: Rillaboom
|move|p1a: Manaphy|Tail Glow|p1a: Manaphy
|-boost|p1a: Manaphy|spa|3
|
|-heal|p1a: Manaphy|93/100|[from] Grassy Terrain
|-heal|p1a: Manaphy|99/100|[from] item: Leftovers
|-heal|p2a: Rillaboom|35/100|[from] Grassy Terrain
|upkeep
|turn|22
|
|t:|1776052340
|switch|p1a: Latias|Latias, F|3/100
|-damage|p1a: Latias|0 fnt|[from] Stealth Rock
|faint|p1a: Latias
|move|p2a: Rillaboom|Grassy Glide|p1: Latias|[notarget]
|-fail|p2a: Rillaboom
|
|-heal|p2a: Rillaboom|41/100|[from] Grassy Terrain
|upkeep
|
|t:|1776052343
|switch|p1a: Grimmsnarl|Grimmsnarl, M|98/100
|-damage|p1a: Grimmsnarl|86/100|[from] Stealth Rock
|turn|23
|
|t:|1776052360
|switch|p2a: Ninetales|Ninetales, M|100/100
|-weather|SunnyDay|[from] ability: Drought|[of] p2a: Ninetales
|move|p1a: Grimmsnarl|Reflect|p1a: Grimmsnarl
|-sidestart|p1: goodgoodcush|Reflect
|
|-weather|SunnyDay|[upkeep]
|-heal|p1a: Grimmsnarl|92/100|[from] Grassy Terrain
|upkeep
|turn|24
|inactive|mo-ii-kai has 120 seconds left.
|
|t:|1776052405
|switch|p2a: Rillaboom|Rillaboom, M|41/100
|move|p1a: Grimmsnarl|Parting Shot|p2a: Rillaboom
|-unboost|p2a: Rillaboom|atk|1
|-unboost|p2a: Rillaboom|spa|1
|
|t:|1776052410
|switch|p1a: Kingambit|Kingambit, F|96/100|[from] Parting Shot
|-damage|p1a: Kingambit|90/100|[from] Stealth Rock
|-activate|p1a: Kingambit|ability: Supreme Overlord
|-start|p1a: Kingambit|fallen3|[silent]
|
|-weather|SunnyDay|[upkeep]
|-heal|p2a: Rillaboom|47/100|[from] Grassy Terrain
|-heal|p1a: Kingambit|96/100|[from] Grassy Terrain
|upkeep
|turn|25
|
|t:|1776052418
|switch|p2a: Great Tusk|Great Tusk|87/100
|-activate|p2a: Great Tusk|ability: Protosynthesis
|-start|p2a: Great Tusk|protosynthesisspe
|move|p1a: Kingambit|Kowtow Cleave|p2a: Great Tusk
|-resisted|p2a: Great Tusk
|-damage|p2a: Great Tusk|66/100
|
|-weather|SunnyDay|[upkeep]
|-heal|p2a: Great Tusk|72/100|[from] Grassy Terrain
|-heal|p1a: Kingambit|100/100|[from] Grassy Terrain
|-sideend|p1: goodgoodcush|move: Light Screen
|-fieldend|move: Grassy Terrain
|upkeep
|turn|26
|inactive|mo-ii-kai has 120 seconds left.
|
|t:|1776052423
|-end|p1a: Kingambit|fallen3|[silent]
|switch|p1a: Manaphy|Manaphy|99/100
|-damage|p1a: Manaphy|87/100|[from] Stealth Rock
|move|p2a: Great Tusk|Headlong Rush|p1a: Manaphy
|-damage|p1a: Manaphy|61/100
|-unboost|p2a: Great Tusk|def|1
|-unboost|p2a: Great Tusk|spd|1
|
|-weather|SunnyDay|[upkeep]
|-heal|p1a: Manaphy|67/100|[from] item: Leftovers
|upkeep
|turn|27
|
|t:|1776052437
|-end|p2a: Great Tusk|Protosynthesis|[silent]
|switch|p2a: Rillaboom|Rillaboom, M|47/100
|-fieldstart|move: Grassy Terrain|[from] ability: Grassy Surge|[of] p2a: Rillaboom
|move|p1a: Manaphy|Substitute|p1a: Manaphy
|-start|p1a: Manaphy|Substitute
|-damage|p1a: Manaphy|42/100
|
|-weather|SunnyDay|[upkeep]
|-heal|p1a: Manaphy|48/100|[from] Grassy Terrain
|-heal|p1a: Manaphy|54/100|[from] item: Leftovers
|-heal|p2a: Rillaboom|54/100|[from] Grassy Terrain
|upkeep
|turn|28
|
|t:|1776052445
|move|p2a: Rillaboom|Grassy Glide|p1a: Manaphy
|-supereffective|p1a: Manaphy
|-end|p1a: Manaphy|Substitute
|move|p1a: Manaphy|Tail Glow|p1a: Manaphy
|-boost|p1a: Manaphy|spa|3
|
|-weather|SunnyDay|[upkeep]
|-heal|p1a: Manaphy|60/100|[from] Grassy Terrain
|-heal|p1a: Manaphy|66/100|[from] item: Leftovers
|-heal|p2a: Rillaboom|60/100|[from] Grassy Terrain
|upkeep
|turn|29
|
|t:|1776052453
|move|p2a: Rillaboom|Grassy Glide|p1a: Manaphy
|-supereffective|p1a: Manaphy
|-damage|p1a: Manaphy|6/100
|move|p1a: Manaphy|Stored Power|p2a: Rillaboom
|-damage|p2a: Rillaboom|0 fnt
|faint|p2a: Rillaboom
|
|-weather|SunnyDay|[upkeep]
|-heal|p1a: Manaphy|13/100|[from] Grassy Terrain
|-heal|p1a: Manaphy|19/100|[from] item: Leftovers
|upkeep
|
|t:|1776052460
|switch|p2a: Great Tusk|Great Tusk|72/100
|-activate|p2a: Great Tusk|ability: Protosynthesis
|-start|p2a: Great Tusk|protosynthesisspe
|turn|30
|
|t:|1776052472
|switch|p1a: Grimmsnarl|Grimmsnarl, M|92/100
|-damage|p1a: Grimmsnarl|80/100|[from] Stealth Rock
|move|p2a: Great Tusk|Headlong Rush|p1a: Grimmsnarl
|-damage|p1a: Grimmsnarl|47/100
|-unboost|p2a: Great Tusk|def|1
|-unboost|p2a: Great Tusk|spd|1
|
|-weather|none
|-end|p2a: Great Tusk|Protosynthesis
|-heal|p2a: Great Tusk|78/100|[from] Grassy Terrain
|-heal|p1a: Grimmsnarl|53/100|[from] Grassy Terrain
|-sideend|p1: goodgoodcush|Reflect
|upkeep
|turn|31
|
|t:|1776052481
|move|p1a: Grimmsnarl|Reflect|p1a: Grimmsnarl
|-sidestart|p1: goodgoodcush|Reflect
|move|p2a: Great Tusk|Headlong Rush|p1a: Grimmsnarl
|-damage|p1a: Grimmsnarl|23/100
|-unboost|p2a: Great Tusk|def|1
|-unboost|p2a: Great Tusk|spd|1
|
|-heal|p2a: Great Tusk|84/100|[from] Grassy Terrain
|-heal|p1a: Grimmsnarl|29/100|[from] Grassy Terrain
|-fieldend|move: Grassy Terrain
|upkeep
|turn|32
|
|t:|1776052485
|move|p1a: Grimmsnarl|Light Screen|p1a: Grimmsnarl
|-sidestart|p1: goodgoodcush|move: Light Screen
|move|p2a: Great Tusk|Headlong Rush|p1a: Grimmsnarl
|-damage|p1a: Grimmsnarl|0 fnt
|-unboost|p2a: Great Tusk|def|1
|-unboost|p2a: Great Tusk|spd|1
|faint|p1a: Grimmsnarl
|
|upkeep
|
|t:|1776052493
|switch|p1a: Manaphy|Manaphy|19/100
|-damage|p1a: Manaphy|6/100|[from] Stealth Rock
|turn|33
|
|t:|1776052502
|-end|p2a: Great Tusk|Protosynthesis|[silent]
|switch|p2a: Ninetales|Ninetales, M|100/100
|-weather|SunnyDay|[from] ability: Drought|[of] p2a: Ninetales
|move|p1a: Manaphy|Surf|p2a: Ninetales
|-supereffective|p2a: Ninetales
|-damage|p2a: Ninetales|64/100
|
|-weather|SunnyDay|[upkeep]
|-heal|p1a: Manaphy|13/100|[from] item: Leftovers
|upkeep
|turn|34
|
|t:|1776052508
|move|p2a: Ninetales|Encore|p1a: Manaphy
|-start|p1a: Manaphy|Encore
|move|p1a: Manaphy|Surf|p2a: Ninetales
|-supereffective|p2a: Ninetales
|-damage|p2a: Ninetales|25/100
|
|-weather|SunnyDay|[upkeep]
|-heal|p1a: Manaphy|19/100|[from] item: Leftovers
|upkeep
|turn|35
|
|t:|1776052514
|switch|p2a: Walking Wake|Walking Wake, tera:Water|31/100
|-activate|p2a: Walking Wake|ability: Protosynthesis
|-start|p2a: Walking Wake|protosynthesisspa
|switch|p1a: Kingambit|Kingambit, F|100/100
|-damage|p1a: Kingambit|94/100|[from] Stealth Rock
|-activate|p1a: Kingambit|ability: Supreme Overlord
|-start|p1a: Kingambit|fallen4|[silent]
|
|-weather|SunnyDay|[upkeep]
|upkeep
|turn|36
|
|t:|1776052519
|-end|p2a: Walking Wake|Protosynthesis|[silent]
|switch|p2a: Great Tusk|Great Tusk|84/100
|-activate|p2a: Great Tusk|ability: Protosynthesis
|-start|p2a: Great Tusk|protosynthesisspe
|move|p1a: Kingambit|Iron Head|p2a: Great Tusk
|-damage|p2a: Great Tusk|40/100
|
|-weather|SunnyDay|[upkeep]
|upkeep
|turn|37
|
|t:|1776052534
|move|p2a: Great Tusk|Headlong Rush|p1a: Kingambit
|-supereffective|p1a: Kingambit
|-damage|p1a: Kingambit|53/100
|-unboost|p2a: Great Tusk|def|1
|-unboost|p2a: Great Tusk|spd|1
|move|p1a: Kingambit|Iron Head|p2a: Great Tusk
|-damage|p2a: Great Tusk|0 fnt
|faint|p2a: Great Tusk
|-end|p2a: Great Tusk|Protosynthesis|[silent]
|
|-weather|SunnyDay|[upkeep]
|upkeep
|
|t:|1776052539
|switch|p2a: Ninetales|Ninetales, M|25/100
|turn|38
|
|t:|1776052547
|move|p2a: Ninetales|Will-O-Wisp|p1a: Kingambit
|-status|p1a: Kingambit|brn
|-enditem|p1a: Kingambit|Lum Berry|[eat]
|-curestatus|p1a: Kingambit|brn|[msg]
|move|p1a: Kingambit|Kowtow Cleave|p2a: Ninetales
|-crit|p2a: Ninetales
|-damage|p2a: Ninetales|0 fnt
|faint|p2a: Ninetales
|
|-weather|SunnyDay|[upkeep]
|-sideend|p1: goodgoodcush|Reflect
|upkeep
|
|t:|1776052553
|switch|p2a: Walking Wake|Walking Wake, tera:Water|31/100
|-activate|p2a: Walking Wake|ability: Protosynthesis
|-start|p2a: Walking Wake|protosynthesisspa
|turn|39
|
|t:|1776052562
|move|p1a: Kingambit|Sucker Punch|p2a: Walking Wake
|-crit|p2a: Walking Wake
|-damage|p2a: Walking Wake|0 fnt
|faint|p2a: Walking Wake
|-end|p2a: Walking Wake|Protosynthesis|[silent]
|
|win|goodgoodcush
|raw|goodgoodcush's rating: 1418 &rarr; <strong>1436</strong><br />(+18 for winning)
|raw|mo-ii-kai's rating: 1384 &rarr; <strong>1366</strong><br />(-18 for losing)
|c|☆mo-ii-kai|gg
|c|☆goodgoodcush|gg
