|html|<div class="broadcast-blue"><strong>[Gen 9] OU is currently suspecting Volcarona! For information on how to participate check out the <a href="https://www.smogon.com/tools/suspects/view/208">suspect thread</a>.</strong></div>
|badge|p2|bronze|gen9ru|100-9
|uhtml|medal-msg|<div class="broadcast-blue">Curious what those medals under the avatar are? PS now has Ladder Seasons! For more information, check out the <a href="https://www.smogon.com/forums/threads/3740067/">thread on Smogon.</a></div>
|j|☆qwp1027
|j|☆goodnightnite
|t:|1778499182
|gametype|singles
|player|p1|qwp1027|pokemonrangerf-gen4|1459
|player|p2|goodnightnite|miku-water|1524
|gen|9
|tier|[Gen 9] OU
|rated|
|rule|HP Percentage Mod: HP is shown in percentages
|rule|Endless Battle Clause: Forcing endless battles is banned
|rule|Species Clause: Limit one of each Pokémon
|rule|OHKO Clause: OHKO moves are banned
|rule|Evasion Items Clause: Evasion items are banned
|rule|Evasion Moves Clause: Evasion moves are banned
|rule|Evasion Abilities Clause: Evasion abilities are banned
|rule|Sleep Moves Clause: Sleep-inducing moves are banned
|clearpoke
|poke|p1|Iron Jugulis|
|poke|p1|Latios, M|
|poke|p1|Ogerpon, F|
|poke|p1|Manaphy|
|poke|p1|Scizor, F|
|poke|p1|Sandy Shocks|
|poke|p2|Ogerpon, F|
|poke|p2|Samurott-Hisui, F|
|poke|p2|Blissey, F|
|poke|p2|Gliscor, F|
|poke|p2|Skarmory, F|
|poke|p2|Pecharunt|
|teampreview
|inactive|Battle timer is ON: inactive players will automatically lose when time's up. (requested by goodnightnite)
|
|t:|1778499191
|teamsize|p1|6
|teamsize|p2|6
|start
|switch|p1a: Sandy Shocks|Sandy Shocks|100/100
|switch|p2a: Samurott|Samurott-Hisui, F|100/100
|-enditem|p1a: Sandy Shocks|Booster Energy
|-activate|p1a: Sandy Shocks|ability: Protosynthesis|[fromitem]
|-start|p1a: Sandy Shocks|protosynthesisspe
|turn|1
|
|t:|1778499196
|move|p1a: Sandy Shocks|Discharge|p2a: Samurott
|-supereffective|p2a: Samurott
|-damage|p2a: Samurott|0 fnt
|faint|p2a: Samurott
|
|upkeep
|
|t:|1778499202
|switch|p2a: Ogerpon|Ogerpon, F|100/100
|turn|2
|
|t:|1778499211
|-terastallize|p2a: Ogerpon|Grass
|detailschange|p2a: Ogerpon|Ogerpon-Teal-Tera, F, tera:Grass
|-ability|p2a: Ogerpon|Embody Aspect (Teal)|boost
|-boost|p2a: Ogerpon|spe|1
|move|p1a: Sandy Shocks|Stealth Rock|p2a: Ogerpon
|-sidestart|p2: goodnightnite|move: Stealth Rock
|move|p2a: Ogerpon|Ivy Cudgel|p1a: Sandy Shocks
|-supereffective|p1a: Sandy Shocks
|-damage|p1a: Sandy Shocks|0 fnt
|faint|p1a: Sandy Shocks
|-end|p1a: Sandy Shocks|Protosynthesis|[silent]
|
|upkeep
|
|t:|1778499217
|switch|p1a: Scizor|Scizor, F|100/100
|turn|3
|
|t:|1778499226
|move|p2a: Ogerpon|U-turn|p1a: Scizor
|-resisted|p1a: Scizor
|-damage|p1a: Scizor|88/100
|
|t:|1778499230
|switch|p2a: Skarmory|Skarmory, F|100/100|[from] U-turn
|move|p1a: Scizor|Swords Dance|p1a: Scizor
|-boost|p1a: Scizor|atk|2
|
|upkeep
|turn|4
|
|t:|1778499236
|move|p2a: Skarmory|Body Press|p1a: Scizor
|-damage|p1a: Scizor|53/100
|move|p1a: Scizor|Knock Off|p2a: Skarmory
|-crit|p2a: Skarmory
|-damage|p2a: Skarmory|33/100
|-enditem|p2a: Skarmory|Heavy-Duty Boots|[from] move: Knock Off|[of] p1a: Scizor
|
|upkeep
|turn|5
|
|t:|1778499242
|move|p2a: Skarmory|Roost|p2a: Skarmory
|-heal|p2a: Skarmory|83/100
|-singleturn|p2a: Skarmory|move: Roost
|move|p1a: Scizor|Swords Dance|p1a: Scizor
|-boost|p1a: Scizor|atk|2
|
|upkeep
|turn|6
|
|t:|1778499248
|move|p2a: Skarmory|Body Press|p1a: Scizor
|-damage|p1a: Scizor|22/100
|-enditem|p1a: Scizor|Sitrus Berry|[eat]
|-heal|p1a: Scizor|47/100|[from] item: Sitrus Berry
|move|p1a: Scizor|Close Combat|p2a: Skarmory
|-damage|p2a: Skarmory|8/100
|-unboost|p1a: Scizor|def|1
|-unboost|p1a: Scizor|spd|1
|
|upkeep
|turn|7
|
|t:|1778499253
|move|p1a: Scizor|Bullet Punch|p2a: Skarmory
|-resisted|p2a: Skarmory
|-crit|p2a: Skarmory
|-damage|p2a: Skarmory|0 fnt
|faint|p2a: Skarmory
|
|upkeep
|
|t:|1778499257
|switch|p2a: Pecharunt|Pecharunt|100/100
|turn|8
|
|t:|1778499260
|move|p2a: Pecharunt|Shadow Ball|p1a: Scizor
|-damage|p1a: Scizor|7/100
|move|p1a: Scizor|Knock Off|p2a: Pecharunt
|-supereffective|p2a: Pecharunt
|-damage|p2a: Pecharunt|0 fnt
|-enditem|p2a: Pecharunt|Heavy-Duty Boots|[from] move: Knock Off|[of] p1a: Scizor
|faint|p2a: Pecharunt
|
|upkeep
|
|t:|1778499265
|switch|p2a: Gliscor|Gliscor, F|100/100
|-damage|p2a: Gliscor|88/100|[from] Stealth Rock
|turn|9
|-message|goodnightnite forfeited.
|
|win|qwp1027
|raw|qwp1027's rating: 1459 &rarr; <strong>1483</strong><br />(+24 for winning)
|raw|goodnightnite's rating: 1524 &rarr; <strong>1500</strong><br />(-24 for losing)
|l|☆goodnightnite
|player|p2|
|l|☆qwp1027
|player|p1|
