|html|<div class="broadcast-blue"><strong>[Gen 9] OU is currently suspecting Tera Blast! For information on how to participate check out the <a href="https://www.smogon.com/tools/suspects/view/200">suspect thread</a>.</strong></div>
|j|☆Digimon betta
|j|☆Pokeboomer Wetini
|t:|1776097136
|gametype|singles
|player|p1|Digimon betta|raihan-masters|1369
|player|p2|Pokeboomer Wetini|wattson|1320
|gen|9
|tier|[Gen 9] OU
|rated|
|rule|HP Percentage Mod: HP is shown in percentages
|rule|Endless Battle Clause: Forcing endless battles is banned
|rule|Species Clause: Limit one of each Pokémon
|rule|OHKO Clause: OHKO moves are banned
|rule|Evasion Items Clause: Evasion items are banned
|rule|Evasion Moves Clause: Evasion moves are banned
|rule|Evasion Abilities Clause: Evasion abilities are banned
|rule|Sleep Moves Clause: Sleep-inducing moves are banned
|clearpoke
|poke|p1|Necrozma|
|poke|p1|Zamazenta-*|
|poke|p1|Rillaboom, F|
|poke|p1|Hoopa-Unbound|
|poke|p1|Serperior, F|
|poke|p1|Thundurus-Therian, M|
|poke|p2|Glimmora, M|
|poke|p2|Gholdengo|
|poke|p2|Gliscor, M|
|poke|p2|Kleavor, M|
|poke|p2|Skarmory, F|
|poke|p2|Samurott-Hisui, M|
|teampreview
|inactive|Battle timer is ON: inactive players will automatically lose when time's up. (requested by Digimon betta)
|
|t:|1776097151
|teamsize|p1|6
|teamsize|p2|6
|start
|switch|p1a: Necrozma|Necrozma, shiny|100/100
|switch|p2a: Psycho Mantis|Kleavor, M, shiny|100/100
|turn|1
|
|t:|1776097158
|move|p2a: Psycho Mantis|Stone Axe|p1a: Necrozma
|-damage|p1a: Necrozma|56/100
|-damage|p2a: Psycho Mantis|84/100|[from] item: Rocky Helmet|[of] p1a: Necrozma
|-sidestart|p1: Digimon betta|move: Stealth Rock
|move|p1a: Necrozma|Photon Geyser|p2a: Psycho Mantis
|-damage|p2a: Psycho Mantis|0 fnt
|faint|p2a: Psycho Mantis
|
|upkeep
|
|t:|1776097168
|switch|p2a: The Blue Spirit|Samurott-Hisui, M, shiny|100/100
|turn|2
|
|t:|1776097172
|move|p2a: The Blue Spirit|Ceaseless Edge|p1a: Necrozma
|-supereffective|p1a: Necrozma
|-damage|p1a: Necrozma|0 fnt
|-damage|p2a: The Blue Spirit|84/100|[from] item: Rocky Helmet|[of] p1a: Necrozma
|-sidestart|p1: Digimon betta|Spikes
|faint|p1a: Necrozma
|
|upkeep
|
|t:|1776097176
|switch|p1a: Rillaboom|Rillaboom, F|100/100
|-damage|p1a: Rillaboom|88/100|[from] Stealth Rock
|-damage|p1a: Rillaboom|76/100|[from] Spikes
|-fieldstart|move: Grassy Terrain|[from] ability: Grassy Surge|[of] p1a: Rillaboom
|turn|3
|
|t:|1776097185
|switch|p2a: Lotus Petal|Glimmora, M|100/100
|move|p1a: Rillaboom|U-turn|p2a: Lotus Petal
|-resisted|p2a: Lotus Petal
|-damage|p2a: Lotus Petal|85/100
|-activate|p2a: Lotus Petal|ability: Toxic Debris
|-sidestart|p1: Digimon betta|move: Toxic Spikes
|
|t:|1776097189
|switch|p1a: Jane Juliet|Serperior, F|100/100|[from] U-turn
|-damage|p1a: Jane Juliet|88/100|[from] Stealth Rock
|-damage|p1a: Jane Juliet|76/100|[from] Spikes
|-status|p1a: Jane Juliet|psn
|
|-heal|p1a: Jane Juliet|82/100 psn|[from] Grassy Terrain
|-heal|p2a: Lotus Petal|92/100|[from] Grassy Terrain
|-heal|p2a: Lotus Petal|98/100|[from] item: Leftovers
|-damage|p1a: Jane Juliet|70/100 psn|[from] psn
|upkeep
|turn|4
|
|t:|1776097201
|move|p2a: Lotus Petal|Spiky Shield|p2a: Lotus Petal
|-singleturn|p2a: Lotus Petal|move: Protect
|move|p1a: Jane Juliet|Leaf Storm|p2a: Lotus Petal
|-activate|p2a: Lotus Petal|move: Protect
|
|-heal|p1a: Jane Juliet|76/100 psn|[from] Grassy Terrain
|-heal|p2a: Lotus Petal|100/100|[from] Grassy Terrain
|-damage|p1a: Jane Juliet|63/100 psn|[from] psn
|upkeep
|turn|5
|
|t:|1776097210
|switch|p2a: Twitter|Skarmory, F, shiny|100/100
|move|p1a: Jane Juliet|Leaf Storm|p2a: Twitter
|-resisted|p2a: Twitter
|-damage|p2a: Twitter|84/100
|-boost|p1a: Jane Juliet|spa|2
|
|-heal|p1a: Jane Juliet|70/100 psn|[from] Grassy Terrain
|-heal|p2a: Twitter|90/100|[from] item: Leftovers
|-damage|p1a: Jane Juliet|57/100 psn|[from] psn
|upkeep
|turn|6
|
|t:|1776097221
|move|p2a: Twitter|Protect|p2a: Twitter
|-singleturn|p2a: Twitter|Protect
|move|p1a: Jane Juliet|Leaf Storm|p2a: Twitter
|-activate|p2a: Twitter|move: Protect
|
|-heal|p1a: Jane Juliet|63/100 psn|[from] Grassy Terrain
|-heal|p2a: Twitter|96/100|[from] item: Leftovers
|-damage|p1a: Jane Juliet|51/100 psn|[from] psn
|upkeep
|turn|7
|
|t:|1776097234
|move|p1a: Jane Juliet|Leaf Storm|p2a: Twitter
|-resisted|p2a: Twitter
|-damage|p2a: Twitter|66/100
|-boost|p1a: Jane Juliet|spa|2
|move|p2a: Twitter|Roost|p2a: Twitter
|-heal|p2a: Twitter|100/100
|-singleturn|p2a: Twitter|move: Roost
|
|-heal|p1a: Jane Juliet|57/100 psn|[from] Grassy Terrain
|-damage|p1a: Jane Juliet|45/100 psn|[from] psn
|-fieldend|move: Grassy Terrain
|upkeep
|turn|8
|
|t:|1776097245
|move|p2a: Twitter|Protect|p2a: Twitter
|-singleturn|p2a: Twitter|Protect
|move|p1a: Jane Juliet|Leaf Storm|p2a: Twitter
|-activate|p2a: Twitter|move: Protect
|
|-damage|p1a: Jane Juliet|32/100 psn|[from] psn
|upkeep
|turn|9
|
|t:|1776097257
|move|p1a: Jane Juliet|Leaf Storm|p2a: Twitter
|-resisted|p2a: Twitter
|-damage|p2a: Twitter|65/100
|-boost|p1a: Jane Juliet|spa|2
|move|p2a: Twitter|Whirlwind|p1a: Jane Juliet
|drag|p1a: Zamazenta|Zamazenta|100/100
|-damage|p1a: Zamazenta|94/100|[from] Stealth Rock
|-damage|p1a: Zamazenta|82/100|[from] Spikes
|-status|p1a: Zamazenta|psn
|-ability|p1a: Zamazenta|Dauntless Shield|boost
|-boost|p1a: Zamazenta|def|1
|
|-heal|p1a: Zamazenta|88/100 psn|[from] item: Leftovers
|-heal|p2a: Twitter|71/100|[from] item: Leftovers
|-damage|p1a: Zamazenta|76/100 psn|[from] psn
|upkeep
|turn|10
|
|t:|1776097274
|move|p2a: Twitter|Spikes|p1a: Zamazenta
|-sidestart|p1: Digimon betta|Spikes
|move|p1a: Zamazenta|Roar|p2a: Twitter
|drag|p2a: Bart|Gliscor, M, shiny|100/100
|
|-heal|p1a: Zamazenta|82/100 psn|[from] item: Leftovers
|-damage|p1a: Zamazenta|70/100 psn|[from] psn
|-status|p2a: Bart|tox|[from] item: Toxic Orb
|upkeep
|turn|11
|
|t:|1776097284
|move|p1a: Zamazenta|Iron Defense|p1a: Zamazenta
|-boost|p1a: Zamazenta|def|2
|move|p2a: Bart|Toxic Spikes|p1a: Zamazenta
|-sidestart|p1: Digimon betta|move: Toxic Spikes
|
|-heal|p1a: Zamazenta|76/100 psn|[from] item: Leftovers
|-damage|p1a: Zamazenta|63/100 psn|[from] psn
|upkeep
|turn|12
|
|t:|1776097292
|switch|p2a: Twitter|Skarmory, F, shiny|71/100
|move|p1a: Zamazenta|Iron Defense|p1a: Zamazenta
|-boost|p1a: Zamazenta|def|2
|
|-heal|p1a: Zamazenta|70/100 psn|[from] item: Leftovers
|-heal|p2a: Twitter|77/100|[from] item: Leftovers
|-damage|p1a: Zamazenta|57/100 psn|[from] psn
|upkeep
|turn|13
|
|t:|1776097301
|move|p2a: Twitter|Protect|p2a: Twitter
|-singleturn|p2a: Twitter|Protect
|move|p1a: Zamazenta|Roar|p2a: Twitter
|drag|p2a: The Blue Spirit|Samurott-Hisui, M, shiny|84/100
|
|-heal|p1a: Zamazenta|63/100 psn|[from] item: Leftovers
|-damage|p1a: Zamazenta|51/100 psn|[from] psn
|upkeep
|turn|14
|
|t:|1776097313
|-terastallize|p2a: The Blue Spirit|Ghost
|move|p2a: The Blue Spirit|Ceaseless Edge|p1a: Zamazenta
|-resisted|p1a: Zamazenta
|-damage|p1a: Zamazenta|46/100 psn
|-sidestart|p1: Digimon betta|Spikes
|move|p1a: Zamazenta|Body Press|p2a: The Blue Spirit
|-immune|p2a: The Blue Spirit
|
|-heal|p1a: Zamazenta|53/100 psn|[from] item: Leftovers
|-damage|p1a: Zamazenta|40/100 psn|[from] psn
|upkeep
|turn|15
|
|t:|1776097327
|move|p2a: The Blue Spirit|Ceaseless Edge|p1a: Zamazenta|[miss]
|-miss|p2a: The Blue Spirit|p1a: Zamazenta
|move|p1a: Zamazenta|Crunch|p2a: The Blue Spirit
|-supereffective|p2a: The Blue Spirit
|-damage|p2a: The Blue Spirit|29/100
|
|-heal|p1a: Zamazenta|46/100 psn|[from] item: Leftovers
|-damage|p1a: Zamazenta|34/100 psn|[from] psn
|upkeep
|turn|16
|inactive|Pokeboomer Wetini has 120 seconds left.
|
|t:|1776097369
|switch|p2a: Say Cheese|Gholdengo|100/100
|move|p1a: Zamazenta|Crunch|p2a: Say Cheese
|-supereffective|p2a: Say Cheese
|-damage|p2a: Say Cheese|71/100
|-unboost|p2a: Say Cheese|def|1
|
|-heal|p1a: Zamazenta|40/100 psn|[from] item: Leftovers
|-heal|p2a: Say Cheese|77/100|[from] item: Leftovers
|-damage|p1a: Zamazenta|28/100 psn|[from] psn
|upkeep
|turn|17
|
|t:|1776097379
|move|p1a: Zamazenta|Crunch|p2a: Say Cheese
|-supereffective|p2a: Say Cheese
|-damage|p2a: Say Cheese|36/100
|move|p2a: Say Cheese|Recover|p2a: Say Cheese
|-heal|p2a: Say Cheese|86/100
|
|-heal|p1a: Zamazenta|34/100 psn|[from] item: Leftovers
|-heal|p2a: Say Cheese|92/100|[from] item: Leftovers
|-damage|p1a: Zamazenta|22/100 psn|[from] psn
|upkeep
|turn|18
|inactive|Pokeboomer Wetini has 120 seconds left.
|
|t:|1776097388
|move|p1a: Zamazenta|Crunch|p2a: Say Cheese
|-supereffective|p2a: Say Cheese
|-damage|p2a: Say Cheese|49/100
|move|p2a: Say Cheese|Recover|p2a: Say Cheese
|-heal|p2a: Say Cheese|99/100
|
|-heal|p1a: Zamazenta|28/100 psn|[from] item: Leftovers
|-heal|p2a: Say Cheese|100/100|[from] item: Leftovers
|-damage|p1a: Zamazenta|15/100 psn|[from] psn
|upkeep
|turn|19
|inactive|Pokeboomer Wetini has 120 seconds left.
|
|t:|1776097399
|move|p1a: Zamazenta|Crunch|p2a: Say Cheese
|-supereffective|p2a: Say Cheese
|-damage|p2a: Say Cheese|58/100
|move|p2a: Say Cheese|Recover|p2a: Say Cheese
|-heal|p2a: Say Cheese|100/100
|
|-heal|p1a: Zamazenta|22/100 psn|[from] item: Leftovers
|-damage|p1a: Zamazenta|9/100 psn|[from] psn
|upkeep
|turn|20
|inactive|Pokeboomer Wetini has 120 seconds left.
|
|t:|1776097410
|move|p1a: Zamazenta|Crunch|p2a: Say Cheese
|-supereffective|p2a: Say Cheese
|-damage|p2a: Say Cheese|54/100
|-unboost|p2a: Say Cheese|def|1
|move|p2a: Say Cheese|Recover|p2a: Say Cheese
|-heal|p2a: Say Cheese|100/100
|
|-heal|p1a: Zamazenta|15/100 psn|[from] item: Leftovers
|-damage|p1a: Zamazenta|3/100 psn|[from] psn
|upkeep
|turn|21
|inactive|Pokeboomer Wetini has 120 seconds left.
|
|t:|1776097422
|switch|p2a: The Blue Spirit|Samurott-Hisui, M, shiny, tera:Ghost|29/100
|move|p1a: Zamazenta|Body Press|p2a: The Blue Spirit
|-immune|p2a: The Blue Spirit
|
|-heal|p1a: Zamazenta|9/100 psn|[from] item: Leftovers
|-damage|p1a: Zamazenta|0 fnt|[from] psn
|faint|p1a: Zamazenta
|upkeep
|
|t:|1776097432
|switch|p1a: Thundurus|Thundurus-Therian, M|100/100
|-damage|p1a: Thundurus|76/100|[from] Stealth Rock
|turn|22
|
|t:|1776097445
|move|p2a: The Blue Spirit|Ceaseless Edge|p1a: Thundurus
|-damage|p1a: Thundurus|3/100
|move|p1a: Thundurus|Nasty Plot|p1a: Thundurus
|-boost|p1a: Thundurus|spa|2
|
|upkeep
|turn|23
|
|t:|1776097452
|move|p2a: The Blue Spirit|Ceaseless Edge|p1a: Thundurus
|-damage|p1a: Thundurus|0 fnt
|faint|p1a: Thundurus
|
|upkeep
|
|t:|1776097456
|switch|p1a: Rillaboom|Rillaboom, F|76/100
|-damage|p1a: Rillaboom|64/100|[from] Stealth Rock
|-damage|p1a: Rillaboom|39/100|[from] Spikes
|-status|p1a: Rillaboom|tox
|-fieldstart|move: Grassy Terrain|[from] ability: Grassy Surge|[of] p1a: Rillaboom
|turn|24
|
|t:|1776097463
|move|p1a: Rillaboom|Grassy Glide|p2a: The Blue Spirit
|-damage|p2a: The Blue Spirit|0 fnt
|faint|p2a: The Blue Spirit
|
|-heal|p1a: Rillaboom|45/100 tox|[from] Grassy Terrain
|-damage|p1a: Rillaboom|39/100 tox|[from] psn
|upkeep
|
|t:|1776097471
|switch|p2a: Twitter|Skarmory, F, shiny|77/100
|turn|25
|inactive|Digimon betta has 120 seconds left.
|
|t:|1776097525
|move|p1a: Rillaboom|Grassy Glide|p2a: Twitter
|-resisted|p2a: Twitter
|-damage|p2a: Twitter|65/100
|move|p2a: Twitter|Roost|p2a: Twitter
|-heal|p2a: Twitter|100/100
|-singleturn|p2a: Twitter|move: Roost
|
|-heal|p1a: Rillaboom|45/100 tox|[from] Grassy Terrain
|-damage|p1a: Rillaboom|32/100 tox|[from] psn
|upkeep
|turn|26
|
|t:|1776097543
|move|p1a: Rillaboom|Grassy Glide|p2a: Twitter
|-resisted|p2a: Twitter
|-damage|p2a: Twitter|89/100
|move|p2a: Twitter|Whirlwind|p1a: Rillaboom
|drag|p1a: Hoopa|Hoopa-Unbound|100/100
|-damage|p1a: Hoopa|88/100|[from] Stealth Rock
|-damage|p1a: Hoopa|63/100|[from] Spikes
|-status|p1a: Hoopa|tox
|
|-heal|p1a: Hoopa|69/100 tox|[from] Grassy Terrain
|-heal|p2a: Twitter|95/100|[from] item: Leftovers
|-damage|p1a: Hoopa|63/100 tox|[from] psn
|upkeep
|turn|27
|
|t:|1776097557
|move|p2a: Twitter|Protect|p2a: Twitter
|-singleturn|p2a: Twitter|Protect
|move|p1a: Hoopa|Thunderbolt|p2a: Twitter
|-activate|p2a: Twitter|move: Protect
|
|-heal|p1a: Hoopa|69/100 tox|[from] Grassy Terrain
|-heal|p2a: Twitter|100/100|[from] item: Leftovers
|-damage|p1a: Hoopa|57/100 tox|[from] psn
|upkeep
|turn|28
|
|t:|1776097566
|switch|p2a: Bart|Gliscor, M, shiny|100/100 tox
|move|p1a: Hoopa|Psychic Noise|p2a: Bart
|-damage|p2a: Bart|60/100 tox
|-start|p2a: Bart|move: Heal Block
|
|-heal|p1a: Hoopa|63/100 tox|[from] Grassy Terrain
|-damage|p1a: Hoopa|45/100 tox|[from] psn
|-fieldend|move: Grassy Terrain
|upkeep
|turn|29
|
|t:|1776097594
|move|p2a: Bart|Protect|p2a: Bart
|-singleturn|p2a: Bart|Protect
|move|p1a: Hoopa|Psychic Noise|p2a: Bart
|-activate|p2a: Bart|move: Protect
|
|-damage|p1a: Hoopa|21/100 tox|[from] psn
|-end|p2a: Bart|move: Heal Block
|upkeep
|turn|30
|
|t:|1776097607
|switch|p2a: Twitter|Skarmory, F, shiny|100/100
|move|p1a: Hoopa|Psychic Noise|p2a: Twitter
|-resisted|p2a: Twitter
|-damage|p2a: Twitter|80/100
|-start|p2a: Twitter|move: Heal Block
|
|-damage|p1a: Hoopa|0 fnt|[from] psn
|faint|p1a: Hoopa
|upkeep
|inactive|Digimon betta has 120 seconds left.
|inactive|Digimon betta has 90 seconds left.
|inactive|Digimon betta has 60 seconds left.
|inactive|Digimon betta has 30 seconds left.
|inactive|Digimon betta has 20 seconds left.
|inactive|Digimon betta has 15 seconds left.
|inactive|Digimon betta has 10 seconds left.
|inactive|Digimon betta has 5 seconds left.
|-message|Digimon betta lost due to inactivity.
|
|win|Pokeboomer Wetini
|raw|Digimon betta's rating: 1369 &rarr; <strong>1346</strong><br />(-23 for losing)
|raw|Pokeboomer Wetini's rating: 1320 &rarr; <strong>1343</strong><br />(+23 for winning)
|l|☆Pokeboomer Wetini
|player|p2|
|l|☆Digimon betta
|player|p1|
