|html|<div class="broadcast-blue"><strong>[Gen 9] OU is currently suspecting Volcarona! For information on how to participate check out the <a href="https://www.smogon.com/tools/suspects/view/208">suspect thread</a>.</strong></div>
|j|☆gez67
|j|☆DrgFlyKng
|t:|1778503206
|gametype|singles
|player|p1|gez67|cynthia-gen4|1276
|player|p2|DrgFlyKng|101|1321
|gen|9
|tier|[Gen 9] OU
|rated|
|rule|HP Percentage Mod: HP is shown in percentages
|rule|Endless Battle Clause: Forcing endless battles is banned
|rule|Species Clause: Limit one of each Pokémon
|rule|OHKO Clause: OHKO moves are banned
|rule|Evasion Items Clause: Evasion items are banned
|rule|Evasion Moves Clause: Evasion moves are banned
|rule|Evasion Abilities Clause: Evasion abilities are banned
|rule|Sleep Moves Clause: Sleep-inducing moves are banned
|clearpoke
|poke|p1|Great Tusk|
|poke|p1|Walking Wake|
|poke|p1|Kingambit, F|
|poke|p1|Charizard, F|
|poke|p1|Ninetales, M|
|poke|p1|Raging Bolt|
|poke|p2|Iron Crown|
|poke|p2|Weezing-Galar, F|
|poke|p2|Iron Valiant|
|poke|p2|Gastrodon-East, M|
|poke|p2|Meowscarada, M|
|poke|p2|Skeledirge, F|
|teampreview
|inactive|Battle timer is ON: inactive players will automatically lose when time's up. (requested by gez67)
|
|t:|1778503213
|teamsize|p1|6
|teamsize|p2|6
|start
|switch|p1a: Ninetales|Ninetales, M|100/100
|switch|p2a: Iron Crown|Iron Crown|100/100
|-weather|SunnyDay|[from] ability: Drought|[of] p1a: Ninetales
|turn|1
|
|t:|1778503221
|move|p2a: Iron Crown|Volt Switch|p1a: Ninetales
|-damage|p1a: Ninetales|78/100
|
|t:|1778503224
|-end|p2a: Iron Crown|Quark Drive|[silent]
|switch|p2a: Skeledirge|Skeledirge, F, shiny|100/100|[from] Volt Switch
|move|p1a: Ninetales|Will-O-Wisp|p2a: Skeledirge
|-immune|p2a: Skeledirge
|
|-weather|SunnyDay|[upkeep]
|upkeep
|turn|2
|
|t:|1778503233
|move|p1a: Ninetales|Hex|p2a: Skeledirge
|-supereffective|p2a: Skeledirge
|-damage|p2a: Skeledirge|72/100
|move|p2a: Skeledirge|Torch Song|p1a: Ninetales
|-resisted|p1a: Ninetales
|-damage|p1a: Ninetales|56/100
|-boost|p2a: Skeledirge|spa|1
|
|-weather|SunnyDay|[upkeep]
|upkeep
|turn|3
|
|t:|1778503240
|switch|p1a: Walking Wake|Walking Wake|100/100
|-activate|p1a: Walking Wake|ability: Protosynthesis
|-start|p1a: Walking Wake|protosynthesisspe
|move|p2a: Skeledirge|Torch Song|p1a: Walking Wake
|-resisted|p1a: Walking Wake
|-damage|p1a: Walking Wake|82/100
|-boost|p2a: Skeledirge|spa|1
|
|-weather|SunnyDay|[upkeep]
|upkeep
|turn|4
|
|t:|1778503244
|switch|p2a: Gastrodon|Gastrodon-East, M, shiny|100/100
|move|p1a: Walking Wake|Hydro Steam|p2a: Gastrodon
|-ability|p2a: Gastrodon|Storm Drain|boost
|-boost|p2a: Gastrodon|spa|1
|
|-weather|SunnyDay|[upkeep]
|upkeep
|turn|5
|
|t:|1778503248
|-terastallize|p1a: Walking Wake|Dragon
|move|p1a: Walking Wake|Draco Meteor|p2a: Gastrodon
|-damage|p2a: Gastrodon|32/100
|-unboost|p1a: Walking Wake|spa|2
|move|p2a: Gastrodon|Stealth Rock|p1a: Walking Wake
|-sidestart|p1: gez67|move: Stealth Rock
|
|-weather|SunnyDay|[upkeep]
|-heal|p2a: Gastrodon|38/100|[from] item: Leftovers
|upkeep
|turn|6
|
|t:|1778503261
|-end|p1a: Walking Wake|Protosynthesis|[silent]
|switch|p1a: Great Tusk|Great Tusk|100/100
|-damage|p1a: Great Tusk|98/100|[from] Stealth Rock
|-activate|p1a: Great Tusk|ability: Protosynthesis
|-start|p1a: Great Tusk|protosynthesisatk
|switch|p2a: Iron Valiant|Iron Valiant, shiny|100/100
|
|-weather|SunnyDay|[upkeep]
|upkeep
|turn|7
|
|t:|1778503263
|move|p2a: Iron Valiant|Moonblast|p1a: Great Tusk
|-supereffective|p1a: Great Tusk
|-damage|p1a: Great Tusk|0 fnt
|faint|p1a: Great Tusk
|-end|p1a: Great Tusk|Protosynthesis|[silent]
|-damage|p2a: Iron Valiant|91/100|[from] item: Life Orb
|
|-weather|SunnyDay|[upkeep]
|upkeep
|
|t:|1778503266
|switch|p1a: Charizard|Charizard, F|100/100
|-damage|p1a: Charizard|50/100|[from] Stealth Rock
|turn|8
|
|t:|1778503272
|move|p1a: Charizard|Weather Ball|p2a: Iron Valiant
|-damage|p2a: Iron Valiant|0 fnt
|faint|p2a: Iron Valiant
|-end|p2a: Iron Valiant|Quark Drive|[silent]
|
|-weather|none
|upkeep
|
|t:|1778503280
|switch|p2a: Iron Crown|Iron Crown|100/100
|turn|9
|
|t:|1778503284
|switch|p1a: Walking Wake|Walking Wake, tera:Dragon|82/100
|-damage|p1a: Walking Wake|70/100|[from] Stealth Rock
|move|p2a: Iron Crown|Volt Switch|p1a: Walking Wake
|-resisted|p1a: Walking Wake
|-damage|p1a: Walking Wake|56/100
|
|t:|1778503290
|-end|p2a: Iron Crown|Quark Drive|[silent]
|switch|p2a: Meowscarada|Meowscarada, M, shiny|100/100|[from] Volt Switch
|
|upkeep
|turn|10
|
|t:|1778503294
|-end|p1a: Walking Wake|Protosynthesis|[silent]
|switch|p1a: Charizard|Charizard, F|50/100
|-damage|p1a: Charizard|0 fnt|[from] Stealth Rock
|faint|p1a: Charizard
|move|p2a: Meowscarada|Triple Axel|p1: Charizard|[notarget]
|-fail|p2a: Meowscarada
|
|upkeep
|
|t:|1778503297
|switch|p1a: Ninetales|Ninetales, M|56/100
|-damage|p1a: Ninetales|31/100|[from] Stealth Rock
|-weather|SunnyDay|[from] ability: Drought|[of] p1a: Ninetales
|turn|11
|
|t:|1778503302
|switch|p2a: Skeledirge|Skeledirge, F, shiny|72/100
|move|p1a: Ninetales|Hex|p2a: Skeledirge
|-supereffective|p2a: Skeledirge
|-damage|p2a: Skeledirge|46/100
|
|-weather|SunnyDay|[upkeep]
|upkeep
|turn|12
|
|t:|1778503307
|move|p1a: Ninetales|Hex|p2a: Skeledirge
|-supereffective|p2a: Skeledirge
|-damage|p2a: Skeledirge|20/100
|move|p2a: Skeledirge|Slack Off|p2a: Skeledirge
|-heal|p2a: Skeledirge|70/100
|
|-weather|SunnyDay|[upkeep]
|upkeep
|turn|13
|
|t:|1778503313
|switch|p2a: Gastrodon|Gastrodon-East, M, shiny|38/100
|move|p1a: Ninetales|Encore||[still]
|-fail|p1a: Ninetales
|
|-weather|SunnyDay|[upkeep]
|-heal|p2a: Gastrodon|44/100|[from] item: Leftovers
|upkeep
|turn|14
|
|t:|1778503316
|move|p1a: Ninetales|Weather Ball|p2a: Gastrodon
|-resisted|p2a: Gastrodon
|-damage|p2a: Gastrodon|30/100
|move|p2a: Gastrodon|Recover|p2a: Gastrodon
|-heal|p2a: Gastrodon|80/100
|
|-weather|SunnyDay|[upkeep]
|-heal|p2a: Gastrodon|86/100|[from] item: Leftovers
|upkeep
|turn|15
|
|t:|1778503320
|switch|p1a: Walking Wake|Walking Wake, tera:Dragon|56/100
|-damage|p1a: Walking Wake|44/100|[from] Stealth Rock
|-activate|p1a: Walking Wake|ability: Protosynthesis
|-start|p1a: Walking Wake|protosynthesisspe
|move|p2a: Gastrodon|Earth Power|p1a: Walking Wake
|-damage|p1a: Walking Wake|11/100
|
|-weather|SunnyDay|[upkeep]
|-heal|p2a: Gastrodon|92/100|[from] item: Leftovers
|upkeep
|turn|16
|-message|gez67 forfeited.
|
|win|DrgFlyKng
|raw|gez67's rating: 1276 &rarr; <strong>1254</strong><br />(-22 for losing)
|raw|DrgFlyKng's rating: 1321 &rarr; <strong>1338</strong><br />(+17 for winning)
|l|☆gez67
|player|p1|
