|html|<div class="broadcast-blue"><strong>[Gen 9] OU is currently suspecting Tera Blast! For information on how to participate check out the <a href="https://www.smogon.com/tools/suspects/view/200">suspect thread</a>.</strong></div>
|j|☆Weplbt34
|j|☆kreamitt
|t:|1776205362
|gametype|singles
|player|p1|Weplbt34|bruno|1112
|player|p2|kreamitt|red|1065
|gen|9
|tier|[Gen 9] OU
|rated|
|rule|HP Percentage Mod: HP is shown in percentages
|rule|Endless Battle Clause: Forcing endless battles is banned
|rule|Species Clause: Limit one of each Pokémon
|rule|OHKO Clause: OHKO moves are banned
|rule|Evasion Items Clause: Evasion items are banned
|rule|Evasion Moves Clause: Evasion moves are banned
|rule|Evasion Abilities Clause: Evasion abilities are banned
|rule|Sleep Moves Clause: Sleep-inducing moves are banned
|clearpoke
|poke|p1|Indeedee, M|
|poke|p1|Hatterene, F|
|poke|p1|Ursaluna, F|
|poke|p1|Iron Hands|
|poke|p1|Hoopa-Unbound|
|poke|p1|Mimikyu, F|
|poke|p2|Moltres-Galar|
|poke|p2|Gholdengo|
|poke|p2|Samurott-Hisui, F|
|poke|p2|Smeargle, M|
|poke|p2|Zamazenta-*|
|poke|p2|Deoxys-Speed|
|teampreview
|inactive|Battle timer is ON: inactive players will automatically lose when time's up. (requested by Weplbt34)
|inactive|kreamitt has 120 seconds left.
|
|t:|1776205398
|teamsize|p1|6
|teamsize|p2|6
|start
|switch|p1a: Dio Brando|Indeedee, M, shiny|100/100
|switch|p2a: Zamazenta|Zamazenta|100/100
|-ability|p2a: Zamazenta|Dauntless Shield|boost
|-boost|p2a: Zamazenta|def|1
|-fieldstart|move: Psychic Terrain|[from] ability: Psychic Surge|[of] p1a: Dio Brando
|turn|1
|
|t:|1776205412
|switch|p2a: Deoxys|Deoxys-Speed|100/100
|-ability|p2a: Deoxys|Pressure
|move|p1a: Dio Brando|Expanding Force|p2a: Deoxys
|-resisted|p2a: Deoxys
|-damage|p2a: Deoxys|68/100
|
|upkeep
|turn|2
|
|t:|1776205421
|move|p2a: Deoxys|Light Screen|p2a: Deoxys
|-sidestart|p2: kreamitt|move: Light Screen
|move|p1a: Dio Brando|Trick Room|p1a: Dio Brando
|-fieldstart|move: Trick Room|[of] p1a: Dio Brando
|
|upkeep
|turn|3
|
|t:|1776205428
|move|p1a: Dio Brando|Encore|p2a: Deoxys
|-start|p2a: Deoxys|Encore
|move|p2a: Deoxys|Light Screen||[still]
|-fail|p2a: Deoxys
|
|upkeep
|turn|4
|
|t:|1776205446
|switch|p1a: Diavolo|Hoopa-Unbound|100/100
|-enditem|p1a: Diavolo|Psychic Seed
|-boost|p1a: Diavolo|spd|1|[from] item: Psychic Seed
|switch|p2a: Moltres|Moltres-Galar|100/100
|
|upkeep
|turn|5
|
|t:|1776205459
|move|p1a: Diavolo|Drain Punch|p2a: Moltres
|-damage|p2a: Moltres|72/100
|-item|p1a: Diavolo|Sitrus Berry|[from] ability: Magician|[of] p2a: Moltres
|move|p2a: Moltres|Nasty Plot|p2a: Moltres
|-boost|p2a: Moltres|spa|2
|
|upkeep
|turn|6
|
|t:|1776205476
|switch|p1a: Enrico Pucci|Mimikyu, F|100/100
|move|p2a: Moltres|Fiery Wrath|p1a: Enrico Pucci
|-activate|p1a: Enrico Pucci|ability: Disguise
|-damage|p1a: Enrico Pucci|100/100
|detailschange|p1a: Enrico Pucci|Mimikyu-Busted, F
|-damage|p1a: Enrico Pucci|88/100|[from] pokemon: Mimikyu-Busted
|-enditem|p1a: Enrico Pucci|Red Card|[of] p2a: Moltres
|drag|p2a: Smeargle|Smeargle, M|100/100
|
|-fieldend|move: Trick Room
|upkeep
|turn|7
|
|t:|1776205501
|switch|p2a: Moltres|Moltres-Galar|72/100
|move|p1a: Enrico Pucci|Trick Room|p1a: Enrico Pucci
|-fieldstart|move: Trick Room|[of] p1a: Enrico Pucci
|
|upkeep
|turn|8
|
|t:|1776205507
|move|p1a: Enrico Pucci|Play Rough|p2a: Moltres|[miss]
|-miss|p1a: Enrico Pucci|p2a: Moltres
|move|p2a: Moltres|Agility|p2a: Moltres
|-boost|p2a: Moltres|spe|2
|
|-fieldend|move: Psychic Terrain
|upkeep
|turn|9
|
|t:|1776205514
|move|p1a: Enrico Pucci|Play Rough|p2a: Moltres
|-supereffective|p2a: Moltres
|-damage|p2a: Moltres|10/100
|-ability|p2a: Moltres|Berserk|boost
|-boost|p2a: Moltres|spa|1
|move|p2a: Moltres|Fiery Wrath|p1a: Enrico Pucci
|-damage|p1a: Enrico Pucci|26/100
|
|-sideend|p2: kreamitt|move: Light Screen
|upkeep
|turn|10
|
|t:|1776205524
|move|p1a: Enrico Pucci|Play Rough|p2a: Moltres
|-supereffective|p2a: Moltres
|-damage|p2a: Moltres|0 fnt
|faint|p2a: Moltres
|
|upkeep
|
|t:|1776205529
|switch|p2a: Samurott|Samurott-Hisui, F|100/100
|turn|11
|
|t:|1776205536
|move|p1a: Enrico Pucci|Destiny Bond|p1a: Enrico Pucci
|-singlemove|p1a: Enrico Pucci|Destiny Bond
|move|p2a: Samurott|Razor Shell|p1a: Enrico Pucci
|-damage|p1a: Enrico Pucci|0 fnt
|faint|p1a: Enrico Pucci
|-activate|p1a: Enrico Pucci|move: Destiny Bond
|faint|p2a: Samurott
|
|-fieldend|move: Trick Room
|upkeep
|
|t:|1776205545
|switch|p2a: Deoxys|Deoxys-Speed|68/100
|switch|p1a: Dio Brando|Indeedee, M, shiny|100/100
|-ability|p2a: Deoxys|Pressure
|-fieldstart|move: Psychic Terrain|[from] ability: Psychic Surge|[of] p1a: Dio Brando
|turn|12
|
|t:|1776205560
|move|p2a: Deoxys|Taunt|p1a: Dio Brando
|-start|p1a: Dio Brando|move: Taunt
|cant|p1a: Dio Brando|move: Taunt|Trick Room
|
|upkeep
|turn|13
|
|t:|1776205568
|switch|p1a: Satoru Akefu|Hatterene, F, shiny|100/100
|move|p2a: Deoxys|Light Screen|p2a: Deoxys
|-sidestart|p2: kreamitt|move: Light Screen
|
|upkeep
|turn|14
|
|t:|1776205574
|move|p2a: Deoxys|Taunt|p1a: Satoru Akefu
|move|p1a: Satoru Akefu|Taunt|p2a: Deoxys|[from] ability: Magic Bounce
|-start|p2a: Deoxys|move: Taunt
|move|p1a: Satoru Akefu|Mystical Fire|p2a: Deoxys
|-damage|p2a: Deoxys|45/100
|-unboost|p2a: Deoxys|spa|1
|-damage|p1a: Satoru Akefu|91/100|[from] item: Life Orb
|
|upkeep
|turn|15
|
|t:|1776205587
|switch|p2a: Gholdengo|Gholdengo|100/100
|move|p1a: Satoru Akefu|Trick Room|p1a: Satoru Akefu
|-fieldstart|move: Trick Room|[of] p1a: Satoru Akefu
|
|upkeep
|turn|16
|
|t:|1776205596
|switch|p1a: Diavolo|Hoopa-Unbound|100/100
|move|p2a: Gholdengo|Make It Rain|p1a: Diavolo
|-damage|p1a: Diavolo|54/100
|-unboost|p2a: Gholdengo|spa|1
|
|upkeep
|turn|17
|
|t:|1776205609
|switch|p2a: Smeargle|Smeargle, M|100/100
|move|p1a: Diavolo|Hyperspace Fury|p2a: Smeargle
|-damage|p2a: Smeargle|0 fnt
|-unboost|p1a: Diavolo|def|1
|faint|p2a: Smeargle
|
|upkeep
|
|t:|1776205612
|switch|p2a: Deoxys|Deoxys-Speed|45/100
|-ability|p2a: Deoxys|Pressure
|turn|18
|
|t:|1776205619
|move|p1a: Diavolo|Hyperspace Fury|p2a: Deoxys
|-supereffective|p2a: Deoxys
|-damage|p2a: Deoxys|0 fnt
|-unboost|p1a: Diavolo|def|1
|faint|p2a: Deoxys
|
|upkeep
|
|t:|1776205624
|switch|p2a: Zamazenta|Zamazenta|100/100
|turn|19
|
|t:|1776205634
|move|p1a: Diavolo|Expanding Force|p2a: Zamazenta
|-supereffective|p2a: Zamazenta
|-damage|p2a: Zamazenta|12/100
|move|p2a: Zamazenta|Heavy Slam|p1a: Diavolo
|-damage|p1a: Diavolo|29/100
|-enditem|p1a: Diavolo|Sitrus Berry|[eat]
|-heal|p1a: Diavolo|54/100|[from] item: Sitrus Berry
|
|-heal|p2a: Zamazenta|18/100|[from] item: Leftovers
|-fieldend|move: Trick Room
|-fieldend|move: Psychic Terrain
|upkeep
|turn|20
|
|t:|1776205643
|move|p2a: Zamazenta|Roar|p1a: Diavolo
|drag|p1a: Funny Valentine|Iron Hands|100/100
|-enditem|p1a: Funny Valentine|Booster Energy
|-activate|p1a: Funny Valentine|ability: Quark Drive|[fromitem]
|-start|p1a: Funny Valentine|quarkdriveatk
|
|-heal|p2a: Zamazenta|24/100|[from] item: Leftovers
|-sideend|p2: kreamitt|move: Light Screen
|upkeep
|turn|21
|
|t:|1776205654
|move|p1a: Funny Valentine|Supercell Slam|p2a: Zamazenta
|-damage|p2a: Zamazenta|0 fnt
|faint|p2a: Zamazenta
|
|upkeep
|
|t:|1776205657
|switch|p2a: Gholdengo|Gholdengo|100/100
|turn|22
|
|t:|1776205661
|move|p2a: Gholdengo|Shadow Ball|p1a: Funny Valentine
|-crit|p1a: Funny Valentine
|-damage|p1a: Funny Valentine|52/100
|move|p1a: Funny Valentine|Supercell Slam|p2a: Gholdengo
|-damage|p2a: Gholdengo|11/100
|
|upkeep
|turn|23
|
|t:|1776205667
|move|p2a: Gholdengo|Shadow Ball|p1a: Funny Valentine
|-damage|p1a: Funny Valentine|18/100
|move|p1a: Funny Valentine|Supercell Slam|p2a: Gholdengo
|-crit|p2a: Gholdengo
|-damage|p2a: Gholdengo|0 fnt
|faint|p2a: Gholdengo
|
|win|Weplbt34
|raw|Weplbt34's rating: 1112 &rarr; <strong>1134</strong><br />(+22 for winning)
|raw|kreamitt's rating: 1065 &rarr; <strong>1048</strong><br />(-17 for losing)
|c|☆Weplbt34|gg
|l|☆kreamitt
|player|p2|
