|html|<div class="broadcast-blue"><strong>[Gen 9] OU is currently suspecting Tera Blast! For information on how to participate check out the <a href="https://www.smogon.com/tools/suspects/view/200">suspect thread</a>.</strong></div>
|j|☆Darklight914
|j|☆Lyrick
|t:|1776058900
|gametype|singles
|player|p1|Darklight914|102|1104
|player|p2|Lyrick|101|1096
|gen|9
|tier|[Gen 9] OU
|rated|
|rule|HP Percentage Mod: HP is shown in percentages
|rule|Endless Battle Clause: Forcing endless battles is banned
|rule|Species Clause: Limit one of each Pokémon
|rule|OHKO Clause: OHKO moves are banned
|rule|Evasion Items Clause: Evasion items are banned
|rule|Evasion Moves Clause: Evasion moves are banned
|rule|Evasion Abilities Clause: Evasion abilities are banned
|rule|Sleep Moves Clause: Sleep-inducing moves are banned
|clearpoke
|poke|p1|Dipplin, F|
|poke|p1|Luxray, M|
|poke|p1|Articuno-Galar|
|poke|p1|Mimikyu, F|
|poke|p1|Rotom-Fan|
|poke|p1|Crawdaunt, M|
|poke|p2|Zoroark-Hisui, F|
|poke|p2|Hoopa|
|poke|p2|Sableye, F|
|poke|p2|Tinkaton, F|
|poke|p2|Hatterene, F|
|poke|p2|Swadloon, M|
|teampreview
|inactive|Battle timer is ON: inactive players will automatically lose when time's up. (requested by Darklight914)
|
|t:|1776058932
|teamsize|p1|6
|teamsize|p2|6
|start
|switch|p1a: Rotom|Rotom-Fan|100/100
|switch|p2a: Sableye|Sableye, F|100/100
|turn|1
|
|t:|1776058941
|move|p2a: Sableye|Light Screen|p2a: Sableye
|-sidestart|p2: Lyrick|move: Light Screen
|move|p1a: Rotom|Volt Switch|p2a: Sableye
|-damage|p2a: Sableye|81/100
|-enditem|p2a: Sableye|Eject Button
|
|t:|1776058962
|switch|p2a: Hoopa|Hoopa|100/100
|
|upkeep
|turn|2
|
|t:|1776058971
|move|p1a: Rotom|Volt Switch|p2a: Hoopa
|-damage|p2a: Hoopa|85/100
|
|t:|1776058977
|switch|p1a: Dipplin|Dipplin, F|100/100|[from] Volt Switch
|move|p2a: Hoopa|Nasty Plot|p2a: Hoopa
|-boost|p2a: Hoopa|spa|2
|
|upkeep
|turn|3
|
|t:|1776058994
|-terastallize|p1a: Dipplin|Fairy
|move|p2a: Hoopa|Hyperspace Hole|p1a: Dipplin
|-damage|p1a: Dipplin|52/100
|move|p1a: Dipplin|Dragon Tail|p2a: Hoopa
|-damage|p2a: Hoopa|58/100
|drag|p2a: Sableye|Sableye, F|100/100
|
|upkeep
|turn|4
|
|t:|1776059014
|move|p2a: Sableye|Hyper Voice|p1a: Dipplin
|-damage|p1a: Dipplin|22/100
|-damage|p2a: Sableye|91/100|[from] item: Life Orb
|move|p1a: Dipplin|Recover|p1a: Dipplin
|-heal|p1a: Dipplin|72/100
|
|upkeep
|turn|5
|
|t:|1776059029
|switch|p1a: Articuno|Articuno-Galar|100/100
|move|p2a: Sableye|Bitter Malice|p1a: Articuno
|-supereffective|p1a: Articuno
|-crit|p1a: Articuno
|-damage|p1a: Articuno|0 fnt
|faint|p1a: Articuno
|-damage|p2a: Sableye|81/100|[from] item: Life Orb
|
|-sideend|p2: Lyrick|move: Light Screen
|upkeep
|
|t:|1776059044
|switch|p1a: Crawdaunt|Crawdaunt, M|100/100
|turn|6
|
|t:|1776059062
|move|p2a: Sableye|Memento|p1a: Crawdaunt
|-unboost|p1a: Crawdaunt|atk|2
|-unboost|p1a: Crawdaunt|spa|2
|faint|p2a: Sableye
|move|p1a: Crawdaunt|Dragon Dance|p1a: Crawdaunt
|-boost|p1a: Crawdaunt|atk|1
|-boost|p1a: Crawdaunt|spe|1
|
|upkeep
|
|t:|1776059072
|switch|p2a: Tinkaton|Tinkaton, F|100/100
|-ability|p2a: Tinkaton|Mold Breaker
|turn|7
|
|t:|1776059080
|move|p2a: Tinkaton|Play Rough|p1a: Crawdaunt
|-supereffective|p1a: Crawdaunt
|-enditem|p1a: Crawdaunt|Focus Sash
|-damage|p1a: Crawdaunt|1/100
|-damage|p2a: Tinkaton|91/100|[from] item: Life Orb
|move|p1a: Crawdaunt|Dragon Dance|p1a: Crawdaunt
|-boost|p1a: Crawdaunt|atk|1
|-boost|p1a: Crawdaunt|spe|1
|
|upkeep
|turn|8
|
|t:|1776059091
|move|p1a: Crawdaunt|Liquidation|p2a: Tinkaton
|-damage|p2a: Tinkaton|12/100
|move|p2a: Tinkaton|Gigaton Hammer|p1a: Crawdaunt
|-resisted|p1a: Crawdaunt
|-damage|p1a: Crawdaunt|0 fnt
|faint|p1a: Crawdaunt
|-damage|p2a: Tinkaton|2/100|[from] item: Life Orb
|
|upkeep
|
|t:|1776059103
|switch|p1a: Rotom|Rotom-Fan|100/100
|turn|9
|
|t:|1776059109
|move|p2a: Tinkaton|Play Rough|p1a: Rotom
|-damage|p1a: Rotom|42/100
|-damage|p2a: Tinkaton|0 fnt|[from] item: Life Orb
|faint|p2a: Tinkaton
|move|p1a: Rotom|Reflect|p1a: Rotom
|-sidestart|p1: Darklight914|Reflect
|
|upkeep
|
|t:|1776059135
|switch|p2a: Swadloon|Swadloon, M|100/100
|turn|10
|
|t:|1776059141
|move|p1a: Rotom|Air Slash|p2a: Swadloon
|-supereffective|p2a: Swadloon
|-damage|p2a: Swadloon|0 fnt
|faint|p2a: Swadloon
|
|upkeep
|
|t:|1776059145
|switch|p2a: Sableye|Sableye, F|81/100
|turn|11
|
|t:|1776059150
|move|p2a: Sableye|Light Screen|p2a: Sableye
|-sidestart|p2: Lyrick|move: Light Screen
|move|p1a: Rotom|Volt Switch|p2a: Sableye
|-damage|p2a: Sableye|62/100
|
|t:|1776059162
|switch|p1a: Mimikyu|Mimikyu, F|100/100|[from] Volt Switch
|
|upkeep
|turn|12
|
|t:|1776059169
|move|p2a: Sableye|Reflect|p2a: Sableye
|-sidestart|p2: Lyrick|Reflect
|move|p1a: Mimikyu|Curse|p2a: Sableye
|-start|p2a: Sableye|Curse|[of] p1a: Mimikyu
|-damage|p1a: Mimikyu|50/100
|
|-damage|p2a: Sableye|37/100|[from] Curse
|upkeep
|turn|13
|
|t:|1776059178
|move|p2a: Sableye|Encore|p1a: Mimikyu
|-start|p1a: Mimikyu|Encore
|move|p1a: Mimikyu|Curse||[still]
|-fail|p1a: Mimikyu
|
|-damage|p2a: Sableye|12/100|[from] Curse
|-sideend|p1: Darklight914|Reflect
|upkeep
|turn|14
|
|t:|1776059187
|switch|p1a: Rotom|Rotom-Fan|42/100
|move|p2a: Sableye|Skill Swap|p1a: Rotom
|-activate|p2a: Sableye|Skill Swap|Levitate|Prankster|[of] p1a: Rotom
|
|-damage|p2a: Sableye|0 fnt|[from] Curse
|faint|p2a: Sableye
|upkeep
|
|t:|1776059203
|switch|p2a: Hatterene|Hatterene, F|100/100
|turn|15
|
|t:|1776059228
|-terastallize|p2a: Hatterene|Grass
|move|p1a: Rotom|Air Slash|p2a: Hatterene|[miss]
|-miss|p1a: Rotom|p2a: Hatterene
|move|p2a: Hatterene|Trick Room|p2a: Hatterene
|-fieldstart|move: Trick Room|[of] p2a: Hatterene
|
|-sideend|p2: Lyrick|move: Light Screen
|upkeep
|turn|16
|
|t:|1776059234
|move|p2a: Hatterene|Calm Mind|p2a: Hatterene
|-boost|p2a: Hatterene|spa|1
|-boost|p2a: Hatterene|spd|1
|move|p1a: Rotom|Air Slash|p2a: Hatterene
|-supereffective|p2a: Hatterene
|-damage|p2a: Hatterene|50/100
|-enditem|p2a: Hatterene|Weakness Policy
|-boost|p2a: Hatterene|atk|2|[from] item: Weakness Policy
|-boost|p2a: Hatterene|spa|2|[from] item: Weakness Policy
|
|-sideend|p2: Lyrick|Reflect
|upkeep
|turn|17
|
|t:|1776059245
|move|p2a: Hatterene|Stored Power|p1a: Rotom
|-damage|p1a: Rotom|0 fnt
|faint|p1a: Rotom
|
|upkeep
|
|t:|1776059251
|switch|p1a: Dipplin|Dipplin, F, tera:Fairy|72/100
|turn|18
|
|t:|1776059255
|move|p2a: Hatterene|Stored Power|p1a: Dipplin
|-damage|p1a: Dipplin|0 fnt
|faint|p1a: Dipplin
|
|upkeep
|
|t:|1776059260
|switch|p1a: Mimikyu|Mimikyu, F|50/100
|turn|19
|
|t:|1776059271
|move|p2a: Hatterene|Draining Kiss|p1a: Mimikyu
|-activate|p1a: Mimikyu|ability: Disguise
|-damage|p1a: Mimikyu|50/100
|detailschange|p1a: Mimikyu|Mimikyu-Busted, F
|-damage|p1a: Mimikyu|38/100|[from] pokemon: Mimikyu-Busted
|move|p1a: Mimikyu|Pain Split|p2a: Hatterene
|-sethp|p2a: Hatterene|44/100|[from] move: Pain Split|[silent]
|-sethp|p1a: Mimikyu|44/100|[from] move: Pain Split
|
|-fieldend|move: Trick Room
|upkeep
|turn|20
|
|t:|1776059288
|move|p1a: Mimikyu|Curse|p2a: Hatterene
|-start|p2a: Hatterene|Curse|[of] p1a: Mimikyu
|-damage|p1a: Mimikyu|0 fnt
|faint|p1a: Mimikyu
|move|p2a: Hatterene|Trick Room|p2a: Hatterene
|-fieldstart|move: Trick Room|[of] p2a: Hatterene
|
|-damage|p2a: Hatterene|19/100|[from] Curse
|upkeep
|
|t:|1776059296
|switch|p1a: Luxray|Luxray, M|100/100
|-ability|p1a: Luxray|Intimidate|boost
|-unboost|p2a: Hatterene|atk|1
|turn|21
|
|t:|1776059302
|move|p2a: Hatterene|Stored Power|p1a: Luxray
|-damage|p1a: Luxray|0 fnt
|faint|p1a: Luxray
|
|win|Lyrick
|raw|Darklight914's rating: 1104 &rarr; <strong>1078</strong><br />(-26 for losing)
|raw|Lyrick's rating: 1096 &rarr; <strong>1122</strong><br />(+26 for winning)
|c|☆Lyrick|gg
|l|☆Darklight914
|player|p1|
|l|☆Lyrick
|player|p2|
