|html|<div class="broadcast-blue"><strong>[Gen 9] OU is currently suspecting Tera Blast! For information on how to participate check out the <a href="https://www.smogon.com/tools/suspects/view/200">suspect thread</a>.</strong></div>
|j|☆JIGGLYPUFF#1Mon
|j|☆curly0124
|t:|1776069042
|gametype|singles
|player|p1|JIGGLYPUFF#1Mon|caitlin|1195
|player|p2|curly0124|102|1123
|gen|9
|tier|[Gen 9] OU
|rated|
|rule|HP Percentage Mod: HP is shown in percentages
|rule|Endless Battle Clause: Forcing endless battles is banned
|rule|Species Clause: Limit one of each Pokémon
|rule|OHKO Clause: OHKO moves are banned
|rule|Evasion Items Clause: Evasion items are banned
|rule|Evasion Moves Clause: Evasion moves are banned
|rule|Evasion Abilities Clause: Evasion abilities are banned
|rule|Sleep Moves Clause: Sleep-inducing moves are banned
|clearpoke
|poke|p1|Ceruledge, M|
|poke|p1|Dragonite, F|
|poke|p1|Great Tusk|
|poke|p1|Pikachu, F|
|poke|p1|Rillaboom, M|
|poke|p1|Iron Valiant|
|poke|p2|Great Tusk|
|poke|p2|Walking Wake|
|poke|p2|Kingambit, M|
|poke|p2|Venusaur, F|
|poke|p2|Ninetales, M|
|poke|p2|Raging Bolt|
|teampreview
|inactive|Battle timer is ON: inactive players will automatically lose when time's up. (requested by JIGGLYPUFF#1Mon)
|
|t:|1776069058
|teamsize|p1|6
|teamsize|p2|6
|start
|switch|p1a: Pikachu|Pikachu, F|100/100
|switch|p2a: Ninetales|Ninetales, M|100/100
|-weather|SunnyDay|[from] ability: Drought|[of] p2a: Ninetales
|turn|1
|
|t:|1776069069
|switch|p1a: potify|Ceruledge, M|100/100
|move|p2a: Ninetales|Weather Ball|p1a: potify
|-start|p1a: potify|ability: Flash Fire
|
|-weather|SunnyDay|[upkeep]
|upkeep
|turn|2
|
|t:|1776069079
|switch|p2a: Walking Wake|Walking Wake|100/100
|-activate|p2a: Walking Wake|ability: Protosynthesis
|-start|p2a: Walking Wake|protosynthesisspe
|move|p1a: potify|Swords Dance|p1a: potify
|-boost|p1a: potify|atk|2
|
|-weather|SunnyDay|[upkeep]
|upkeep
|turn|3
|
|t:|1776069105
|move|p1a: potify|Shadow Sneak|p2a: Walking Wake
|-damage|p2a: Walking Wake|42/100
|-damage|p1a: potify|91/100|[from] item: Life Orb
|move|p2a: Walking Wake|Hydro Steam|p1a: potify
|-supereffective|p1a: potify
|-damage|p1a: potify|0 fnt
|faint|p1a: potify
|
|-weather|SunnyDay|[upkeep]
|upkeep
|
|t:|1776069117
|switch|p1a: Iron Valiant|Iron Valiant|100/100
|-enditem|p1a: Iron Valiant|Booster Energy
|-activate|p1a: Iron Valiant|ability: Quark Drive|[fromitem]
|-start|p1a: Iron Valiant|quarkdrivespe
|turn|4
|
|t:|1776069131
|move|p1a: Iron Valiant|Vacuum Wave|p2a: Walking Wake
|-damage|p2a: Walking Wake|20/100
|move|p2a: Walking Wake|Hydro Steam|p1a: Iron Valiant
|-damage|p1a: Iron Valiant|0 fnt
|faint|p1a: Iron Valiant
|-end|p1a: Iron Valiant|Quark Drive|[silent]
|
|-weather|SunnyDay|[upkeep]
|upkeep
|
|t:|1776069141
|switch|p1a: Rillaboom|Rillaboom, M|100/100
|-fieldstart|move: Grassy Terrain|[from] ability: Grassy Surge|[of] p1a: Rillaboom
|turn|5
|
|t:|1776069149
|move|p2a: Walking Wake|Flamethrower|p1a: Rillaboom
|-supereffective|p1a: Rillaboom
|-damage|p1a: Rillaboom|0 fnt
|faint|p1a: Rillaboom
|
|-weather|SunnyDay|[upkeep]
|-heal|p2a: Walking Wake|26/100|[from] Grassy Terrain
|upkeep
|inactive|JIGGLYPUFF#1Mon has 120 seconds left.
|
|t:|1776069183
|switch|p1a: Kind|Dragonite, F|100/100
|turn|6
|
|t:|1776069197
|-terastallize|p1a: Kind|Normal
|move|p2a: Walking Wake|Draco Meteor|p1a: Kind
|-damage|p1a: Kind|28/100
|-unboost|p2a: Walking Wake|spa|2
|move|p1a: Kind|Dragon Dance|p1a: Kind
|-boost|p1a: Kind|atk|1
|-boost|p1a: Kind|spe|1
|
|-weather|SunnyDay|[upkeep]
|-heal|p2a: Walking Wake|32/100|[from] Grassy Terrain
|-heal|p1a: Kind|34/100|[from] Grassy Terrain
|upkeep
|turn|7
|
|t:|1776069207
|move|p1a: Kind|Extreme Speed|p2a: Walking Wake
|-damage|p2a: Walking Wake|0 fnt
|faint|p2a: Walking Wake
|-end|p2a: Walking Wake|Protosynthesis|[silent]
|
|-weather|SunnyDay|[upkeep]
|-heal|p1a: Kind|41/100|[from] Grassy Terrain
|upkeep
|
|t:|1776069219
|switch|p2a: Great Tusk|Great Tusk|100/100
|-activate|p2a: Great Tusk|ability: Protosynthesis
|-start|p2a: Great Tusk|protosynthesisatk
|turn|8
|
|t:|1776069249
|move|p1a: Kind|Extreme Speed|p2a: Great Tusk
|-damage|p2a: Great Tusk|52/100
|move|p2a: Great Tusk|Close Combat|p1a: Kind
|-supereffective|p1a: Kind
|-damage|p1a: Kind|0 fnt
|-unboost|p2a: Great Tusk|def|1
|-unboost|p2a: Great Tusk|spd|1
|faint|p1a: Kind
|
|-weather|none
|-end|p2a: Great Tusk|Protosynthesis
|-heal|p2a: Great Tusk|58/100|[from] Grassy Terrain
|upkeep
|
|t:|1776069253
|switch|p1a: Pikachu|Pikachu, F|100/100
|turn|9
|
|t:|1776069266
|move|p1a: Pikachu|Grass Knot|p2a: Great Tusk
|-supereffective|p2a: Great Tusk
|-damage|p2a: Great Tusk|0 fnt
|faint|p2a: Great Tusk
|-end|p2a: Great Tusk|Protosynthesis|[silent]
|
|-fieldend|move: Grassy Terrain
|upkeep
|
|t:|1776069272
|switch|p2a: Kingambit|Kingambit, M|100/100
|-activate|p2a: Kingambit|ability: Supreme Overlord
|-start|p2a: Kingambit|fallen2|[silent]
|-item|p2a: Kingambit|Air Balloon
|turn|10
|
|t:|1776069278
|move|p1a: Pikachu|Nuzzle|p2a: Kingambit
|-damage|p2a: Kingambit|95/100
|-status|p2a: Kingambit|par
|-enditem|p2a: Kingambit|Air Balloon
|cant|p2a: Kingambit|par
|
|upkeep
|turn|11
|
|t:|1776069285
|switch|p1a: Great Tusk|Great Tusk|100/100
|-enditem|p1a: Great Tusk|Booster Energy
|-activate|p1a: Great Tusk|ability: Protosynthesis|[fromitem]
|-start|p1a: Great Tusk|protosynthesisatk
|move|p2a: Kingambit|Swords Dance|p2a: Kingambit
|-boost|p2a: Kingambit|atk|2
|
|upkeep
|turn|12
|
|t:|1776069294
|move|p1a: Great Tusk|Headlong Rush|p2a: Kingambit
|-supereffective|p2a: Kingambit
|-damage|p2a: Kingambit|0 fnt
|-unboost|p1a: Great Tusk|def|1
|-unboost|p1a: Great Tusk|spd|1
|faint|p2a: Kingambit
|-end|p2a: Kingambit|fallen2|[silent]
|
|upkeep
|
|t:|1776069298
|switch|p2a: Venusaur|Venusaur, F|100/100
|turn|13
|inactive|JIGGLYPUFF#1Mon has 120 seconds left.
|
|t:|1776069336
|move|p1a: Great Tusk|Ice Spinner|p2a: Venusaur
|-supereffective|p2a: Venusaur
|-damage|p2a: Venusaur|0 fnt
|faint|p2a: Venusaur
|
|upkeep
|
|t:|1776069344
|switch|p2a: Ninetales|Ninetales, M|100/100
|-weather|SunnyDay|[from] ability: Drought|[of] p2a: Ninetales
|turn|14
|
|t:|1776069350
|-end|p1a: Great Tusk|Protosynthesis|[silent]
|switch|p1a: Pikachu|Pikachu, F|100/100
|move|p2a: Ninetales|Will-O-Wisp|p1a: Pikachu
|-status|p1a: Pikachu|brn
|
|-weather|SunnyDay|[upkeep]
|-damage|p1a: Pikachu|94/100 brn|[from] brn
|upkeep
|turn|15
|
|t:|1776069370
|move|p2a: Ninetales|Weather Ball|p1a: Pikachu
|-damage|p1a: Pikachu|0 fnt
|faint|p1a: Pikachu
|
|-weather|SunnyDay|[upkeep]
|upkeep
|inactive|JIGGLYPUFF#1Mon has 120 seconds left.
|
|t:|1776069402
|switch|p1a: Great Tusk|Great Tusk|100/100
|-activate|p1a: Great Tusk|ability: Protosynthesis
|-start|p1a: Great Tusk|protosynthesisatk
|turn|16
|inactive|curly0124 has 120 seconds left.
|
|t:|1776069437
|move|p2a: Ninetales|Will-O-Wisp|p1a: Great Tusk
|-status|p1a: Great Tusk|brn
|move|p1a: Great Tusk|Headlong Rush|p2a: Ninetales
|-supereffective|p2a: Ninetales
|-damage|p2a: Ninetales|8/100
|-unboost|p1a: Great Tusk|def|1
|-unboost|p1a: Great Tusk|spd|1
|
|-weather|SunnyDay|[upkeep]
|-damage|p1a: Great Tusk|94/100 brn|[from] brn
|upkeep
|turn|17
|inactive|JIGGLYPUFF#1Mon has 120 seconds left.
|
|t:|1776069475
|move|p2a: Ninetales|Weather Ball|p1a: Great Tusk
|-damage|p1a: Great Tusk|0 fnt
|faint|p1a: Great Tusk
|-end|p1a: Great Tusk|Protosynthesis|[silent]
|
|win|curly0124
|raw|JIGGLYPUFF#1Mon's rating: 1195 &rarr; <strong>1167</strong><br />(-28 for losing)
|raw|curly0124's rating: 1147 &rarr; <strong>1175</strong><br />(+28 for winning)
|l|☆JIGGLYPUFF#1Mon
|player|p1|
