|html|<div class="broadcast-blue"><strong>[Gen 9] OU is currently suspecting Tera Blast! For information on how to participate check out the <a href="https://www.smogon.com/tools/suspects/view/200">suspect thread</a>.</strong></div>
|j|☆Randomstuf13
|j|☆aali3024
|t:|1776279707
|gametype|singles
|player|p1|Randomstuf13|266|1108
|player|p2|aali3024|101|1093
|gen|9
|tier|[Gen 9] OU
|rated|
|rule|HP Percentage Mod: HP is shown in percentages
|rule|Endless Battle Clause: Forcing endless battles is banned
|rule|Species Clause: Limit one of each Pokémon
|rule|OHKO Clause: OHKO moves are banned
|rule|Evasion Items Clause: Evasion items are banned
|rule|Evasion Moves Clause: Evasion moves are banned
|rule|Evasion Abilities Clause: Evasion abilities are banned
|rule|Sleep Moves Clause: Sleep-inducing moves are banned
|clearpoke
|poke|p1|Darkrai|
|poke|p1|Garchomp, M|
|poke|p1|Gholdengo|
|poke|p1|Zapdos|
|poke|p1|Deoxys-Speed|
|poke|p1|Tyranitar, M|
|poke|p2|Gliscor, M|
|poke|p2|Salamence, M|
|poke|p2|Decidueye, M|
|poke|p2|Kingambit, F|
|poke|p2|Toxicroak, F|
|poke|p2|Ninetales-Alola, F|
|teampreview
|
|t:|1776279712
|teamsize|p1|6
|teamsize|p2|6
|start
|switch|p1a: Deoxys|Deoxys-Speed|100/100
|switch|p2a: Decidueye|Decidueye, M|100/100
|-ability|p1a: Deoxys|Pressure
|turn|1
|inactive|Battle timer is ON: inactive players will automatically lose when time's up. (requested by Randomstuf13)
|
|t:|1776279720
|move|p1a: Deoxys|Light Screen|p1a: Deoxys
|-sidestart|p1: Randomstuf13|move: Light Screen
|move|p2a: Decidueye|Phantom Force||[still]
|-prepare|p2a: Decidueye|Phantom Force
|
|upkeep
|turn|2
|
|t:|1776279724
|move|p1a: Deoxys|Reflect|p1a: Deoxys
|-sidestart|p1: Randomstuf13|Reflect
|move|p2a: Decidueye|Phantom Force|p1a: Deoxys|[from] lockedmove
|-supereffective|p1a: Deoxys
|-damage|p1a: Deoxys|63/100
|
|upkeep
|turn|3
|
|t:|1776279730
|move|p2a: Decidueye|Sucker Punch||[still]
|-fail|p2a: Decidueye
|move|p1a: Deoxys|Stealth Rock|p2a: Decidueye
|-sidestart|p2: aali3024|move: Stealth Rock
|
|upkeep
|turn|4
|
|t:|1776279736
|switch|p1a: Garchomp|Garchomp, M|100/100
|move|p2a: Decidueye|Shadow Claw|p1a: Garchomp
|-damage|p1a: Garchomp|88/100
|
|upkeep
|turn|5
|
|t:|1776279744
|move|p1a: Garchomp|Swords Dance|p1a: Garchomp
|-boost|p1a: Garchomp|atk|2
|move|p2a: Decidueye|Leaf Blade|p1a: Garchomp
|-crit|p1a: Garchomp
|-damage|p1a: Garchomp|38/100
|
|upkeep
|turn|6
|
|t:|1776279753
|move|p1a: Garchomp|Scale Shot|p2a: Decidueye
|-damage|p2a: Decidueye|71/100
|-damage|p2a: Decidueye|39/100
|-damage|p2a: Decidueye|10/100
|-damage|p2a: Decidueye|0 fnt
|faint|p2a: Decidueye
|-hitcount|p2: Decidueye|4
|-unboost|p1a: Garchomp|def|1
|-boost|p1a: Garchomp|spe|1
|
|upkeep
|
|t:|1776279765
|switch|p2a: Ninetales|Ninetales-Alola, F|100/100
|-damage|p2a: Ninetales|76/100|[from] Stealth Rock
|-weather|Snowscape|[from] ability: Snow Warning|[of] p2a: Ninetales
|turn|7
|
|t:|1776279771
|move|p1a: Garchomp|Iron Head|p2a: Ninetales
|-supereffective|p2a: Ninetales
|-damage|p2a: Ninetales|0 fnt
|faint|p2a: Ninetales
|
|-weather|Snowscape|[upkeep]
|upkeep
|
|t:|1776279777
|switch|p2a: Salamence|Salamence, M|100/100
|-damage|p2a: Salamence|76/100|[from] Stealth Rock
|-ability|p2a: Salamence|Intimidate|boost
|-unboost|p1a: Garchomp|atk|1
|turn|8
|
|t:|1776279784
|move|p1a: Garchomp|Scale Shot|p2a: Salamence|[miss]
|-miss|p1a: Garchomp|p2a: Salamence
|move|p2a: Salamence|Dragon Claw|p1a: Garchomp
|-supereffective|p1a: Garchomp
|-damage|p1a: Garchomp|0 fnt
|-damage|p2a: Salamence|63/100|[from] ability: Rough Skin|[of] p1a: Garchomp
|faint|p1a: Garchomp
|
|-weather|Snowscape|[upkeep]
|-heal|p2a: Salamence|69/100|[from] item: Leftovers
|-sideend|p1: Randomstuf13|move: Light Screen
|upkeep
|c|☆Randomstuf13|Zzz
|
|t:|1776279811
|switch|p1a: Deoxys|Deoxys-Speed|63/100
|-ability|p1a: Deoxys|Pressure
|turn|9
|
|t:|1776279819
|move|p1a: Deoxys|Light Screen|p1a: Deoxys
|-sidestart|p1: Randomstuf13|move: Light Screen
|move|p2a: Salamence|Dragon Dance|p2a: Salamence
|-boost|p2a: Salamence|atk|1
|-boost|p2a: Salamence|spe|1
|
|-weather|Snowscape|[upkeep]
|-heal|p2a: Salamence|76/100|[from] item: Leftovers
|-sideend|p1: Randomstuf13|Reflect
|upkeep
|turn|10
|
|t:|1776279827
|move|p1a: Deoxys|Reflect|p1a: Deoxys
|-sidestart|p1: Randomstuf13|Reflect
|move|p2a: Salamence|Earthquake|p1a: Deoxys
|-crit|p1a: Deoxys
|-damage|p1a: Deoxys|0 fnt
|faint|p1a: Deoxys
|
|-weather|Snowscape|[upkeep]
|-heal|p2a: Salamence|82/100|[from] item: Leftovers
|upkeep
|
|t:|1776279837
|switch|p1a: Zapdos|Zapdos|100/100
|turn|11
|
|t:|1776279842
|-terastallize|p1a: Zapdos|Ice
|move|p1a: Zapdos|Tera Blast|p2a: Salamence|[anim] Tera Blast Ice
|-supereffective|p2a: Salamence
|-damage|p2a: Salamence|0 fnt
|faint|p2a: Salamence
|
|-weather|none
|upkeep
|
|t:|1776279848
|switch|p2a: Toxicroak|Toxicroak, F|100/100
|-damage|p2a: Toxicroak|94/100|[from] Stealth Rock
|turn|12
|
|t:|1776279854
|switch|p1a: Gholdengo|Gholdengo|100/100
|-item|p1a: Gholdengo|Air Balloon
|move|p2a: Toxicroak|Bullet Punch|p1a: Gholdengo
|-resisted|p1a: Gholdengo
|-damage|p1a: Gholdengo|97/100
|-enditem|p1a: Gholdengo|Air Balloon
|
|upkeep
|turn|13
|
|t:|1776279864
|switch|p2a: Gliscor|Gliscor, M|100/100
|-damage|p2a: Gliscor|88/100|[from] Stealth Rock
|move|p1a: Gholdengo|Substitute|p1a: Gholdengo
|-start|p1a: Gholdengo|Substitute
|-damage|p1a: Gholdengo|72/100
|
|-status|p2a: Gliscor|tox|[from] item: Toxic Orb
|upkeep
|turn|14
|
|t:|1776279875
|move|p1a: Gholdengo|Nasty Plot|p1a: Gholdengo
|-boost|p1a: Gholdengo|spa|2
|move|p2a: Gliscor|Earthquake|p1a: Gholdengo
|-supereffective|p1a: Gholdengo
|-end|p1a: Gholdengo|Substitute
|
|-heal|p2a: Gliscor|100/100 tox|[from] ability: Poison Heal
|upkeep
|turn|15
|
|t:|1776279886
|move|p1a: Gholdengo|Make It Rain|p2a: Gliscor
|-damage|p2a: Gliscor|0 fnt
|-unboost|p1a: Gholdengo|spa|1
|faint|p2a: Gliscor
|
|upkeep
|
|t:|1776279892
|switch|p2a: Kingambit|Kingambit, F|100/100
|-damage|p2a: Kingambit|94/100|[from] Stealth Rock
|-activate|p2a: Kingambit|ability: Supreme Overlord
|-start|p2a: Kingambit|fallen4|[silent]
|turn|16
|
|t:|1776279898
|move|p1a: Gholdengo|Substitute|p1a: Gholdengo
|-start|p1a: Gholdengo|Substitute
|-damage|p1a: Gholdengo|47/100
|move|p2a: Kingambit|Kowtow Cleave|p1a: Gholdengo
|-supereffective|p1a: Gholdengo
|-end|p1a: Gholdengo|Substitute
|
|-sideend|p1: Randomstuf13|move: Light Screen
|upkeep
|turn|17
|
|t:|1776279906
|move|p2a: Kingambit|Sucker Punch|p1a: Gholdengo
|-supereffective|p1a: Gholdengo
|-damage|p1a: Gholdengo|0 fnt
|faint|p1a: Gholdengo
|
|-sideend|p1: Randomstuf13|Reflect
|upkeep
|
|t:|1776279912
|switch|p1a: Zapdos|Zapdos, tera:Ice|100/100
|turn|18
|
|t:|1776279916
|move|p1a: Zapdos|Thunderbolt|p2a: Kingambit
|-damage|p2a: Kingambit|44/100
|move|p2a: Kingambit|Kowtow Cleave|p1a: Zapdos
|-damage|p1a: Zapdos|26/100
|-status|p2a: Kingambit|par|[from] ability: Static|[of] p1a: Zapdos
|
|upkeep
|turn|19
|
|t:|1776279924
|switch|p1a: Tyranitar|Tyranitar, M|100/100
|-weather|Sandstorm|[from] ability: Sand Stream|[of] p1a: Tyranitar
|move|p2a: Kingambit|Sucker Punch||[still]
|-fail|p2a: Kingambit
|
|-weather|Sandstorm|[upkeep]
|upkeep
|turn|20
|
|t:|1776279933
|move|p1a: Tyranitar|Earthquake|p2a: Kingambit
|-supereffective|p2a: Kingambit
|-damage|p2a: Kingambit|0 fnt
|faint|p2a: Kingambit
|-end|p2a: Kingambit|fallen4|[silent]
|
|-weather|Sandstorm|[upkeep]
|upkeep
|
|t:|1776279938
|switch|p2a: Toxicroak|Toxicroak, F|94/100
|-damage|p2a: Toxicroak|88/100|[from] Stealth Rock
|-ability|p2a: Toxicroak|Anticipation
|turn|21
|
|t:|1776279947
|move|p2a: Toxicroak|Drain Punch|p1a: Tyranitar
|-supereffective|p1a: Tyranitar
|-damage|p1a: Tyranitar|0 fnt
|-heal|p2a: Toxicroak|100/100|[from] drain|[of] p1a: Tyranitar
|faint|p1a: Tyranitar
|
|-weather|Sandstorm|[upkeep]
|-damage|p2a: Toxicroak|94/100|[from] Sandstorm
|upkeep
|
|t:|1776279957
|switch|p1a: Zapdos|Zapdos, tera:Ice|26/100
|turn|22
|
|t:|1776279963
|move|p2a: Toxicroak|Bullet Punch|p1a: Zapdos
|-supereffective|p1a: Zapdos
|-damage|p1a: Zapdos|0 fnt
|faint|p1a: Zapdos
|
|-weather|Sandstorm|[upkeep]
|-damage|p2a: Toxicroak|88/100|[from] Sandstorm
|upkeep
|
|t:|1776279970
|switch|p1a: Darkrai|Darkrai|100/100
|turn|23
|
|t:|1776279975
|move|p1a: Darkrai|Dark Pulse|p2a: Toxicroak
|-resisted|p2a: Toxicroak
|-damage|p2a: Toxicroak|62/100
|move|p2a: Toxicroak|Drain Punch|p1a: Darkrai
|-supereffective|p1a: Darkrai
|-damage|p1a: Darkrai|6/100
|-heal|p2a: Toxicroak|100/100|[from] drain|[of] p1a: Darkrai
|
|-weather|none
|upkeep
|turn|24
|-message|Randomstuf13 forfeited.
|
|win|aali3024
|raw|Randomstuf13's rating: 1108 &rarr; <strong>1082</strong><br />(-26 for losing)
|raw|aali3024's rating: 1093 &rarr; <strong>1120</strong><br />(+27 for winning)
|l|☆Randomstuf13
|player|p1|
