|html|<div class="broadcast-blue"><strong>[Gen 9] OU is currently suspecting Tera Blast! For information on how to participate check out the <a href="https://www.smogon.com/tools/suspects/view/200">suspect thread</a>.</strong></div>
|j|☆mitzaa
|j|☆Ivanite28
|t:|1776031898
|gametype|singles
|player|p1|mitzaa|hilbert-wonderlauncher|1078
|player|p2|Ivanite28|170|1080
|gen|9
|tier|[Gen 9] OU
|rated|
|rule|HP Percentage Mod: HP is shown in percentages
|rule|Endless Battle Clause: Forcing endless battles is banned
|rule|Species Clause: Limit one of each Pokémon
|rule|OHKO Clause: OHKO moves are banned
|rule|Evasion Items Clause: Evasion items are banned
|rule|Evasion Moves Clause: Evasion moves are banned
|rule|Evasion Abilities Clause: Evasion abilities are banned
|rule|Sleep Moves Clause: Sleep-inducing moves are banned
|clearpoke
|poke|p1|Gallade, M|
|poke|p1|Decidueye, M|
|poke|p1|Great Tusk|
|poke|p1|Heatran, F|
|poke|p1|Dragapult, F|
|poke|p1|Iron Valiant|
|poke|p2|Excadrill, M|
|poke|p2|Infernape, M|
|poke|p2|Amoonguss, F|
|poke|p2|Slowking-Galar, F|
|poke|p2|Zapdos|
|poke|p2|Iron Valiant|
|teampreview
|inactive|Battle timer is ON: inactive players will automatically lose when time's up. (requested by Ivanite28)
|
|t:|1776031909
|teamsize|p1|6
|teamsize|p2|6
|start
|switch|p1a: Great Tusk|Great Tusk|100/100
|switch|p2a: Infernape|Infernape, M|100/100
|turn|1
|
|t:|1776031916
|-terastallize|p2a: Infernape|Fire
|move|p2a: Infernape|Raging Fury|p1a: Great Tusk
|-damage|p1a: Great Tusk|46/100
|move|p1a: Great Tusk|Knock Off|p2a: Infernape
|-damage|p2a: Infernape|55/100
|-enditem|p2a: Infernape|Choice Band|[from] move: Knock Off|[of] p1a: Great Tusk
|
|-heal|p1a: Great Tusk|52/100|[from] item: Leftovers
|upkeep
|turn|2
|
|t:|1776031928
|move|p2a: Infernape|Raging Fury|p1a: Great Tusk|[from] lockedmove
|-crit|p1a: Great Tusk
|-damage|p1a: Great Tusk|0 fnt
|faint|p1a: Great Tusk
|-end|p1a: Great Tusk|Protosynthesis|[silent]
|-start|p2a: Infernape|confusion|[fatigue]
|
|upkeep
|
|t:|1776031935
|switch|p1a: Gallade|Gallade, M, shiny|100/100
|turn|3
|
|t:|1776031944
|switch|p2a: Excadrill|Excadrill, M, shiny|100/100
|-ability|p2a: Excadrill|Mold Breaker
|move|p1a: Gallade|Psycho Cut|p2a: Excadrill
|-resisted|p2a: Excadrill
|-damage|p2a: Excadrill|50/100
|-damage|p1a: Gallade|91/100|[from] item: Life Orb
|
|upkeep
|turn|4
|
|t:|1776031965
|move|p2a: Excadrill|Earthquake|p1a: Gallade
|-damage|p1a: Gallade|0 fnt
|faint|p1a: Gallade
|-damage|p2a: Excadrill|40/100|[from] item: Life Orb
|
|upkeep
|
|t:|1776031972
|switch|p1a: Decidueye|Decidueye, M, shiny|100/100
|turn|5
|
|t:|1776031977
|move|p1a: Decidueye|Sucker Punch|p2a: Excadrill
|-damage|p2a: Excadrill|7/100
|move|p2a: Excadrill|Iron Head|p1a: Decidueye
|-damage|p1a: Decidueye|16/100
|-damage|p2a: Excadrill|0 fnt|[from] item: Life Orb
|faint|p2a: Excadrill
|
|upkeep
|
|t:|1776031992
|switch|p2a: Iron Valiant|Iron Valiant, shiny|100/100
|-enditem|p2a: Iron Valiant|Booster Energy
|-activate|p2a: Iron Valiant|ability: Quark Drive|[fromitem]
|-start|p2a: Iron Valiant|quarkdrivespe
|turn|6
|
|t:|1776032003
|move|p2a: Iron Valiant|Moonblast|p1a: Decidueye
|-damage|p1a: Decidueye|0 fnt
|faint|p1a: Decidueye
|
|upkeep
|
|t:|1776032007
|switch|p1a: Iron Valiant|Iron Valiant, shiny|100/100
|turn|7
|
|t:|1776032016
|-terastallize|p1a: Iron Valiant|Fairy
|move|p1a: Iron Valiant|Moonblast|p2a: Iron Valiant
|-supereffective|p2a: Iron Valiant
|-damage|p2a: Iron Valiant|0 fnt
|faint|p2a: Iron Valiant
|-end|p2a: Iron Valiant|Quark Drive|[silent]
|
|upkeep
|
|t:|1776032036
|switch|p2a: Amoonguss|Amoonguss, F, shiny|100/100
|turn|8
|
|t:|1776032040
|move|p1a: Iron Valiant|Moonblast|p2a: Amoonguss
|-resisted|p2a: Amoonguss
|-crit|p2a: Amoonguss
|-damage|p2a: Amoonguss|58/100
|move|p2a: Amoonguss|Toxic|p1a: Iron Valiant
|-status|p1a: Iron Valiant|tox
|
|-heal|p2a: Amoonguss|64/100|[from] item: Black Sludge
|-damage|p1a: Iron Valiant|94/100 tox|[from] psn
|upkeep
|turn|9
|
|t:|1776032052
|-end|p1a: Iron Valiant|Quark Drive|[silent]
|switch|p1a: Heatran|Heatran, F|100/100
|move|p2a: Amoonguss|Sludge Bomb|p1a: Heatran
|-immune|p1a: Heatran
|
|-heal|p2a: Amoonguss|70/100|[from] item: Black Sludge
|upkeep
|turn|10
|
|t:|1776032061
|switch|p2a: Infernape|Infernape, M, tera:Fire|55/100
|move|p1a: Heatran|Earth Power|p2a: Infernape
|-supereffective|p2a: Infernape
|-crit|p2a: Infernape
|-damage|p2a: Infernape|0 fnt
|faint|p2a: Infernape
|
|upkeep
|
|t:|1776032069
|switch|p2a: Zapdos|Zapdos|100/100
|turn|11
|
|t:|1776032074
|move|p1a: Heatran|Protect|p1a: Heatran
|-singleturn|p1a: Heatran|Protect
|move|p2a: Zapdos|Heat Wave|p1a: Heatran
|-activate|p1a: Heatran|move: Protect
|
|upkeep
|turn|12
|
|t:|1776032083
|switch|p1a: Dragapult|Dragapult, F|100/100
|move|p2a: Zapdos|Volt Switch|p1a: Dragapult
|-resisted|p1a: Dragapult
|-damage|p1a: Dragapult|80/100
|
|t:|1776032090
|switch|p2a: Amoonguss|Amoonguss, F, shiny|100/100|[from] Volt Switch
|
|upkeep
|turn|13
|
|t:|1776032097
|move|p1a: Dragapult|Flamethrower|p2a: Amoonguss
|-supereffective|p2a: Amoonguss
|-damage|p2a: Amoonguss|28/100
|move|p2a: Amoonguss|Toxic|p1a: Dragapult
|-status|p1a: Dragapult|tox
|
|-heal|p2a: Amoonguss|34/100|[from] item: Black Sludge
|-damage|p1a: Dragapult|74/100 tox|[from] psn
|upkeep
|turn|14
|
|t:|1776032107
|switch|p2a: Zapdos|Zapdos|100/100
|move|p1a: Dragapult|Flamethrower|p2a: Zapdos
|-damage|p2a: Zapdos|62/100
|
|-damage|p1a: Dragapult|62/100 tox|[from] psn
|upkeep
|turn|15
|
|t:|1776032116
|move|p1a: Dragapult|Flamethrower|p2a: Zapdos
|-damage|p2a: Zapdos|22/100
|move|p2a: Zapdos|Roost|p2a: Zapdos
|-heal|p2a: Zapdos|72/100
|-singleturn|p2a: Zapdos|move: Roost
|
|-damage|p1a: Dragapult|44/100 tox|[from] psn
|upkeep
|turn|16
|
|t:|1776032129
|switch|p1a: Heatran|Heatran, F|100/100
|move|p2a: Zapdos|Volt Switch|p1a: Heatran
|-damage|p1a: Heatran|80/100
|
|t:|1776032140
|switch|p2a: Slowking|Slowking-Galar, F, shiny|100/100|[from] Volt Switch
|
|-heal|p1a: Heatran|86/100|[from] item: Leftovers
|upkeep
|turn|17
|
|t:|1776032151
|move|p1a: Heatran|Flash Cannon|p2a: Slowking
|-damage|p2a: Slowking|79/100
|-prepare|p2a: Slowking|Chilly Reception|[premajor]
|move|p2a: Slowking|Chilly Reception|p2a: Slowking
|-weather|Snowscape
|
|t:|1776032157
|switch|p2a: Zapdos|Zapdos|72/100|[from] Chilly Reception
|
|-weather|Snowscape|[upkeep]
|-heal|p1a: Heatran|92/100|[from] item: Leftovers
|upkeep
|turn|18
|
|t:|1776032164
|move|p1a: Heatran|Protect|p1a: Heatran
|-singleturn|p1a: Heatran|Protect
|move|p2a: Zapdos|Heat Wave|p1a: Heatran
|-activate|p1a: Heatran|move: Protect
|
|-weather|Snowscape|[upkeep]
|-heal|p1a: Heatran|98/100|[from] item: Leftovers
|upkeep
|turn|19
|
|t:|1776032180
|move|p1a: Heatran|Flash Cannon|p2a: Zapdos
|-resisted|p2a: Zapdos
|-damage|p2a: Zapdos|55/100
|move|p2a: Zapdos|Volt Switch|p1a: Heatran
|-damage|p1a: Heatran|75/100
|
|t:|1776032187
|switch|p2a: Amoonguss|Amoonguss, F, shiny|67/100|[from] Volt Switch
|
|-weather|Snowscape|[upkeep]
|-heal|p1a: Heatran|81/100|[from] item: Leftovers
|-heal|p2a: Amoonguss|74/100|[from] item: Black Sludge
|upkeep
|turn|20
|
|t:|1776032198
|move|p1a: Heatran|Burning Jealousy|p2a: Amoonguss
|-supereffective|p2a: Amoonguss
|-damage|p2a: Amoonguss|18/100
|move|p2a: Amoonguss|Foul Play|p1a: Heatran
|-crit|p1a: Heatran
|-damage|p1a: Heatran|62/100
|
|-weather|Snowscape|[upkeep]
|-heal|p1a: Heatran|68/100|[from] item: Leftovers
|-heal|p2a: Amoonguss|24/100|[from] item: Black Sludge
|upkeep
|turn|21
|
|t:|1776032216
|switch|p2a: Zapdos|Zapdos|55/100
|move|p1a: Heatran|Earth Power|p2a: Zapdos
|-immune|p2a: Zapdos
|
|-weather|none
|-heal|p1a: Heatran|75/100|[from] item: Leftovers
|upkeep
|turn|22
|
|t:|1776032226
|move|p1a: Heatran|Protect|p1a: Heatran
|-singleturn|p1a: Heatran|Protect
|move|p2a: Zapdos|Roost|p2a: Zapdos
|-heal|p2a: Zapdos|100/100
|-singleturn|p2a: Zapdos|move: Roost
|
|-heal|p1a: Heatran|81/100|[from] item: Leftovers
|upkeep
|turn|23
|
|t:|1776032237
|move|p1a: Heatran|Burning Jealousy|p2a: Zapdos
|-damage|p2a: Zapdos|71/100
|move|p2a: Zapdos|Heat Wave|p1a: Heatran
|-start|p1a: Heatran|ability: Flash Fire
|
|-heal|p1a: Heatran|87/100|[from] item: Leftovers
|upkeep
|turn|24
|
|t:|1776032246
|move|p1a: Heatran|Burning Jealousy|p2a: Zapdos
|-damage|p2a: Zapdos|27/100
|move|p2a: Zapdos|Volt Switch|p1a: Heatran
|-damage|p1a: Heatran|64/100
|
|t:|1776032255
|switch|p2a: Slowking|Slowking-Galar, F, shiny|100/100|[from] Volt Switch
|
|-heal|p1a: Heatran|70/100|[from] item: Leftovers
|upkeep
|turn|25
|
|t:|1776032263
|move|p1a: Heatran|Burning Jealousy|p2a: Slowking
|-damage|p2a: Slowking|75/100
|move|p2a: Slowking|Psyshock|p1a: Heatran
|-resisted|p1a: Heatran
|-damage|p1a: Heatran|57/100
|
|-heal|p1a: Heatran|64/100|[from] item: Leftovers
|upkeep
|turn|26
|
|t:|1776032273
|move|p1a: Heatran|Protect|p1a: Heatran
|-singleturn|p1a: Heatran|Protect
|move|p2a: Slowking|Psyshock|p1a: Heatran
|-activate|p1a: Heatran|move: Protect
|
|-heal|p1a: Heatran|70/100|[from] item: Leftovers
|upkeep
|turn|27
|
|t:|1776032281
|move|p1a: Heatran|Earth Power|p2a: Slowking
|-supereffective|p2a: Slowking
|-damage|p2a: Slowking|43/100
|move|p2a: Slowking|Psyshock|p1a: Heatran
|-resisted|p1a: Heatran
|-damage|p1a: Heatran|57/100
|
|-heal|p1a: Heatran|63/100|[from] item: Leftovers
|upkeep
|turn|28
|
|t:|1776032291
|switch|p2a: Zapdos|Zapdos|27/100
|move|p1a: Heatran|Flash Cannon|p2a: Zapdos
|-resisted|p2a: Zapdos
|-damage|p2a: Zapdos|11/100
|
|-heal|p1a: Heatran|69/100|[from] item: Leftovers
|upkeep
|turn|29
|
|t:|1776032301
|move|p1a: Heatran|Burning Jealousy|p2a: Zapdos
|-damage|p2a: Zapdos|0 fnt
|faint|p2a: Zapdos
|
|-heal|p1a: Heatran|75/100|[from] item: Leftovers
|upkeep
|-message|Ivanite28 forfeited.
|
|win|mitzaa
|raw|mitzaa's rating: 1078 &rarr; <strong>1106</strong><br />(+28 for winning)
|raw|Ivanite28's rating: 1080 &rarr; <strong>1058</strong><br />(-22 for losing)
|l|☆Ivanite28
|player|p2|
|l|☆mitzaa
|player|p1|
