|html|<div class="broadcast-blue"><strong>[Gen 9] OU is currently suspecting Volcarona! For information on how to participate check out the <a href="https://www.smogon.com/tools/suspects/view/208">suspect thread</a>.</strong></div>
|j|☆wxvy_dadon
|j|☆bookywasmabyhere
|t:|1778500960
|gametype|singles
|player|p1|wxvy_dadon|170|1153
|player|p2|bookywasmabyhere|hooligans|1127
|gen|9
|tier|[Gen 9] OU
|rated|
|rule|HP Percentage Mod: HP is shown in percentages
|rule|Endless Battle Clause: Forcing endless battles is banned
|rule|Species Clause: Limit one of each Pokémon
|rule|OHKO Clause: OHKO moves are banned
|rule|Evasion Items Clause: Evasion items are banned
|rule|Evasion Moves Clause: Evasion moves are banned
|rule|Evasion Abilities Clause: Evasion abilities are banned
|rule|Sleep Moves Clause: Sleep-inducing moves are banned
|clearpoke
|poke|p1|Torkoal, M|
|poke|p1|Walking Wake|
|poke|p1|Lilligant-Hisui, F|
|poke|p1|Corviknight, M|
|poke|p1|Hatterene, F|
|poke|p1|Raging Bolt|
|poke|p2|Gholdengo|
|poke|p2|Golurk|
|poke|p2|Ogerpon-Wellspring, F|
|poke|p2|Arcanine-Hisui, F|
|poke|p2|Zoroark-Hisui, F|
|poke|p2|Hitmontop, M|
|teampreview
|inactive|Battle timer is ON: inactive players will automatically lose when time's up. (requested by wxvy_dadon)
|
|t:|1778500971
|teamsize|p1|6
|teamsize|p2|6
|start
|switch|p1a: Torkoal|Torkoal, M|100/100
|switch|p2a: Golurk|Golurk|100/100
|-weather|SunnyDay|[from] ability: Drought|[of] p1a: Torkoal
|turn|1
|
|t:|1778500983
|switch|p1a: Corviknight|Corviknight, M|100/100
|-ability|p1a: Corviknight|Pressure
|move|p2a: Golurk|Nasty Plot|p2a: Golurk
|-boost|p2a: Golurk|spa|2
|
|-weather|SunnyDay|[upkeep]
|upkeep
|turn|2
|
|t:|1778501002
|switch|p1a: Hatterene|Hatterene, F|100/100
|move|p2a: Golurk|Focus Blast|p1a: Hatterene
|-resisted|p1a: Hatterene
|-damage|p1a: Hatterene|80/100
|-enditem|p1a: Hatterene|Eject Button
|
|t:|1778501009
|switch|p1a: Walking Wake|Walking Wake|100/100
|-activate|p1a: Walking Wake|ability: Protosynthesis
|-start|p1a: Walking Wake|protosynthesisspe
|
|-weather|SunnyDay|[upkeep]
|upkeep
|turn|3
|
|t:|1778501020
|move|p1a: Walking Wake|Hydro Steam|p2a: Golurk
|-enditem|p2a: Golurk|Focus Sash
|-damage|p2a: Golurk|1/100
|replace|p2a: Zoroark|Zoroark-Hisui, F
|-end|p2a: Zoroark|Illusion
|move|p2a: Zoroark|Focus Blast|p1a: Walking Wake
|-damage|p1a: Walking Wake|14/100
|-unboost|p1a: Walking Wake|spd|1
|
|-weather|SunnyDay|[upkeep]
|upkeep
|turn|4
|
|t:|1778501040
|switch|p2a: Ogerpon|Ogerpon-Wellspring, F|100/100
|move|p1a: Walking Wake|Hydro Steam|p2a: Ogerpon
|-immune|p2a: Ogerpon|[from] ability: Water Absorb
|
|-weather|SunnyDay|[upkeep]
|upkeep
|turn|5
|
|t:|1778501053
|-end|p1a: Walking Wake|Protosynthesis|[silent]
|switch|p1a: Corviknight|Corviknight, M|100/100
|-ability|p1a: Corviknight|Pressure
|move|p2a: Ogerpon|Horn Leech|p1a: Corviknight
|-resisted|p1a: Corviknight
|-damage|p1a: Corviknight|94/100
|-damage|p2a: Ogerpon|84/100|[from] item: Rocky Helmet|[of] p1a: Corviknight
|
|-weather|SunnyDay|[upkeep]
|upkeep
|turn|6
|
|t:|1778501071
|switch|p2a: Arcanine|Arcanine-Hisui, F|100/100
|-ability|p2a: Arcanine|Intimidate|boost
|-unboost|p1a: Corviknight|atk|1
|move|p1a: Corviknight|Iron Defense|p1a: Corviknight
|-boost|p1a: Corviknight|def|2
|
|-weather|SunnyDay|[upkeep]
|upkeep
|turn|7
|
|t:|1778501083
|-terastallize|p2a: Arcanine|Fire
|move|p2a: Arcanine|Flare Blitz|p1a: Corviknight
|-supereffective|p1a: Corviknight
|-damage|p1a: Corviknight|5/100
|-damage|p2a: Arcanine|84/100|[from] item: Rocky Helmet|[of] p1a: Corviknight
|-damage|p2a: Arcanine|48/100|[from] Recoil
|-damage|p2a: Arcanine|38/100|[from] item: Life Orb
|move|p1a: Corviknight|Body Press|p2a: Arcanine
|-damage|p2a: Arcanine|0 fnt
|faint|p2a: Arcanine
|
|-weather|SunnyDay|[upkeep]
|upkeep
|inactive|bookywasmabyhere has 120 seconds left.
|
|t:|1778501096
|switch|p2a: Hitmontop|Hitmontop, M|100/100
|turn|8
|
|t:|1778501111
|switch|p1a: Hatterene|Hatterene, F|80/100
|move|p2a: Hitmontop|Fake Out|p1a: Hatterene
|-damage|p1a: Hatterene|65/100
|
|-weather|none
|upkeep
|turn|9
|
|t:|1778501130
|switch|p2a: Ogerpon|Ogerpon-Wellspring, F|84/100
|move|p1a: Hatterene|Healing Wish|p1a: Hatterene
|faint|p1a: Hatterene
|
|upkeep
|
|t:|1778501136
|switch|p1a: Torkoal|Torkoal, M|100/100
|-weather|SunnyDay|[from] ability: Drought|[of] p1a: Torkoal
|turn|10
|
|t:|1778501158
|switch|p1a: Corviknight|Corviknight, M|5/100
|-heal|p1a: Corviknight|100/100|[from] move: Healing Wish
|-ability|p1a: Corviknight|Pressure
|move|p2a: Ogerpon|Ivy Cudgel|p1a: Corviknight|[anim] Ivy Cudgel Water
|-damage|p1a: Corviknight|84/100
|
|-weather|SunnyDay|[upkeep]
|upkeep
|turn|11
|inactive|bookywasmabyhere has 120 seconds left.
|
|t:|1778501183
|switch|p2a: Gholdengo|Gholdengo|100/100
|move|p1a: Corviknight|Roost|p1a: Corviknight
|-heal|p1a: Corviknight|100/100
|-singleturn|p1a: Corviknight|move: Roost
|
|-weather|SunnyDay|[upkeep]
|upkeep
|turn|12
|inactive|bookywasmabyhere has 120 seconds left.
|inactive|wxvy_dadon has 120 seconds left.
|
|t:|1778501223
|switch|p1a: Torkoal|Torkoal, M|100/100
|move|p2a: Gholdengo|Make It Rain|p1a: Torkoal
|-resisted|p1a: Torkoal
|-damage|p1a: Torkoal|72/100
|-unboost|p2a: Gholdengo|spa|1
|
|-weather|SunnyDay|[upkeep]
|upkeep
|turn|13
|inactive|bookywasmabyhere has 120 seconds left.
|
|t:|1778501239
|switch|p2a: Golurk|Golurk|100/100
|move|p1a: Torkoal|Stealth Rock|p2a: Golurk
|-sidestart|p2: bookywasmabyhere|move: Stealth Rock
|
|-weather|SunnyDay|[upkeep]
|upkeep
|turn|14
|
|t:|1778501246
|switch|p1a: Corviknight|Corviknight, M|100/100
|-ability|p1a: Corviknight|Pressure
|move|p2a: Golurk|Earthquake|p1a: Corviknight
|-immune|p1a: Corviknight
|
|-weather|SunnyDay|[upkeep]
|upkeep
|turn|15
|inactive|bookywasmabyhere has 120 seconds left.
|
|t:|1778501268
|move|p1a: Corviknight|Iron Defense|p1a: Corviknight
|-boost|p1a: Corviknight|def|2
|move|p2a: Golurk|Poltergeist|p1a: Corviknight
|-activate|p1a: Corviknight|move: Poltergeist|Rocky Helmet
|-crit|p1a: Corviknight
|-damage|p1a: Corviknight|43/100
|
|-weather|SunnyDay|[upkeep]
|upkeep
|turn|16
|
|t:|1778501292
|move|p1a: Corviknight|Roost|p1a: Corviknight
|-heal|p1a: Corviknight|93/100
|-singleturn|p1a: Corviknight|move: Roost
|move|p2a: Golurk|Poltergeist|p1a: Corviknight|[miss]
|-miss|p2a: Golurk|p1a: Corviknight
|
|-weather|SunnyDay|[upkeep]
|upkeep
|turn|17
|inactive|bookywasmabyhere has 90 seconds left.
|
|t:|1778501317
|move|p1a: Corviknight|Roost|p1a: Corviknight
|-heal|p1a: Corviknight|100/100
|-singleturn|p1a: Corviknight|move: Roost
|move|p2a: Golurk|Poltergeist|p1a: Corviknight
|-activate|p1a: Corviknight|move: Poltergeist|Rocky Helmet
|-damage|p1a: Corviknight|82/100
|
|-weather|none
|upkeep
|turn|18
|inactive|bookywasmabyhere has 90 seconds left.
|
|t:|1778501333
|move|p1a: Corviknight|Iron Defense|p1a: Corviknight
|-boost|p1a: Corviknight|def|2
|move|p2a: Golurk|Poltergeist|p1a: Corviknight
|-activate|p1a: Corviknight|move: Poltergeist|Rocky Helmet
|-damage|p1a: Corviknight|69/100
|
|upkeep
|turn|19
|inactive|bookywasmabyhere has 90 seconds left.
|
|t:|1778501346
|switch|p1a: Torkoal|Torkoal, M|72/100
|-weather|SunnyDay|[from] ability: Drought|[of] p1a: Torkoal
|switch|p2a: Gholdengo|Gholdengo|100/100
|-damage|p2a: Gholdengo|94/100|[from] Stealth Rock
|
|-weather|SunnyDay|[upkeep]
|-heal|p2a: Gholdengo|100/100|[from] item: Leftovers
|upkeep
|turn|20
|inactive|bookywasmabyhere has 90 seconds left.
|
|t:|1778501366
|switch|p2a: Golurk|Golurk|100/100
|-damage|p2a: Golurk|94/100|[from] Stealth Rock
|switch|p1a: Raging Bolt|Raging Bolt|100/100
|-item|p1a: Raging Bolt|Air Balloon
|-activate|p1a: Raging Bolt|ability: Protosynthesis
|-start|p1a: Raging Bolt|protosynthesisspa
|
|-weather|SunnyDay|[upkeep]
|-heal|p2a: Golurk|100/100|[from] item: Leftovers
|upkeep
|turn|21
|
|t:|1778501386
|move|p1a: Raging Bolt|Solar Beam||[still]
|-prepare|p1a: Raging Bolt|Solar Beam
|-anim|p1a: Raging Bolt|Solar Beam|p2a: Golurk
|-supereffective|p2a: Golurk
|-damage|p2a: Golurk|0 fnt
|faint|p2a: Golurk
|
|-weather|SunnyDay|[upkeep]
|upkeep
|
|t:|1778501395
|switch|p2a: Hitmontop|Hitmontop, M|100/100
|-damage|p2a: Hitmontop|95/100|[from] Stealth Rock
|turn|22
|
|t:|1778501402
|move|p2a: Hitmontop|Fake Out|p1a: Raging Bolt
|-damage|p1a: Raging Bolt|86/100
|-enditem|p1a: Raging Bolt|Air Balloon
|cant|p1a: Raging Bolt|flinch
|
|-weather|SunnyDay|[upkeep]
|upkeep
|turn|23
|inactive|wxvy_dadon has 120 seconds left.
|
|t:|1778501411
|move|p1a: Raging Bolt|Thunderbolt|p2a: Hitmontop
|-damage|p2a: Hitmontop|50/100
|move|p2a: Hitmontop|Bulldoze|p1a: Raging Bolt
|-supereffective|p1a: Raging Bolt
|-damage|p1a: Raging Bolt|44/100
|-unboost|p1a: Raging Bolt|spe|1
|
|-weather|SunnyDay|[upkeep]
|upkeep
|turn|24
|inactive|bookywasmabyhere has 90 seconds left.
|inactive|wxvy_dadon has 120 seconds left.
|
|t:|1778501424
|move|p2a: Hitmontop|Bulldoze|p1a: Raging Bolt
|-supereffective|p1a: Raging Bolt
|-damage|p1a: Raging Bolt|0 fnt
|faint|p1a: Raging Bolt
|-end|p1a: Raging Bolt|Protosynthesis|[silent]
|
|-weather|SunnyDay|[upkeep]
|upkeep
|inactive|wxvy_dadon has 120 seconds left.
|c|☆bookywasmabyhere|nice
|
|t:|1778501432
|switch|p1a: Walking Wake|Walking Wake|14/100
|-activate|p1a: Walking Wake|ability: Protosynthesis
|-start|p1a: Walking Wake|protosynthesisspe
|turn|25
|inactive|wxvy_dadon has 120 seconds left.
|
|t:|1778501443
|move|p2a: Hitmontop|Mach Punch|p1a: Walking Wake
|-damage|p1a: Walking Wake|0 fnt
|faint|p1a: Walking Wake
|-end|p1a: Walking Wake|Protosynthesis|[silent]
|
|-weather|SunnyDay|[upkeep]
|upkeep
|
|t:|1778501446
|switch|p1a: Lilligant|Lilligant-Hisui, F|100/100
|turn|26
|
|t:|1778501454
|switch|p2a: Gholdengo|Gholdengo|100/100
|-damage|p2a: Gholdengo|94/100|[from] Stealth Rock
|move|p1a: Lilligant|Solar Blade||[still]
|-prepare|p1a: Lilligant|Solar Blade
|-anim|p1a: Lilligant|Solar Blade|p2a: Gholdengo
|-resisted|p2a: Gholdengo
|-damage|p2a: Gholdengo|40/100
|
|-weather|none
|-heal|p2a: Gholdengo|46/100|[from] item: Leftovers
|upkeep
|turn|27
|
|t:|1778501467
|switch|p1a: Torkoal|Torkoal, M|72/100
|-weather|SunnyDay|[from] ability: Drought|[of] p1a: Torkoal
|move|p2a: Gholdengo|Dazzling Gleam|p1a: Torkoal
|-resisted|p1a: Torkoal
|-damage|p1a: Torkoal|60/100
|
|-weather|SunnyDay|[upkeep]
|-heal|p2a: Gholdengo|52/100|[from] item: Leftovers
|upkeep
|turn|28
|
|t:|1778501480
|switch|p2a: Ogerpon|Ogerpon-Wellspring, F|84/100
|-damage|p2a: Ogerpon|72/100|[from] Stealth Rock
|move|p1a: Torkoal|Weather Ball|p2a: Ogerpon
|-damage|p2a: Ogerpon|20/100
|
|-weather|SunnyDay|[upkeep]
|upkeep
|turn|29
|
|t:|1778501489
|switch|p1a: Corviknight|Corviknight, M|69/100
|-ability|p1a: Corviknight|Pressure
|move|p2a: Ogerpon|Ivy Cudgel|p1a: Corviknight|[anim] Ivy Cudgel Water
|-damage|p1a: Corviknight|52/100
|
|-weather|SunnyDay|[upkeep]
|upkeep
|turn|30
|inactive|bookywasmabyhere has 120 seconds left.
|
|t:|1778501502
|move|p2a: Ogerpon|Stomping Tantrum|p1a: Corviknight
|-immune|p1a: Corviknight
|move|p1a: Corviknight|Roost|p1a: Corviknight
|-heal|p1a: Corviknight|100/100
|-singleturn|p1a: Corviknight|move: Roost
|
|-weather|SunnyDay|[upkeep]
|upkeep
|turn|31
|inactive|bookywasmabyhere has 120 seconds left.
|
|t:|1778501520
|move|p2a: Ogerpon|Stomping Tantrum|p1a: Corviknight
|-immune|p1a: Corviknight
|move|p1a: Corviknight|Iron Defense|p1a: Corviknight
|-boost|p1a: Corviknight|def|2
|
|-weather|SunnyDay|[upkeep]
|upkeep
|turn|32
|
|t:|1778501531
|switch|p2a: Gholdengo|Gholdengo|52/100
|-damage|p2a: Gholdengo|46/100|[from] Stealth Rock
|move|p1a: Corviknight|Body Press|p2a: Gholdengo
|-immune|p2a: Gholdengo
|
|-weather|SunnyDay|[upkeep]
|-heal|p2a: Gholdengo|52/100|[from] item: Leftovers
|upkeep
|turn|33
|
|t:|1778501550
|switch|p1a: Torkoal|Torkoal, M|60/100
|move|p2a: Gholdengo|Shadow Ball|p1a: Torkoal
|-damage|p1a: Torkoal|19/100
|
|-weather|SunnyDay|[upkeep]
|-heal|p2a: Gholdengo|58/100|[from] item: Leftovers
|upkeep
|turn|34
|
|t:|1778501560
|switch|p1a: Corviknight|Corviknight, M|100/100
|-ability|p1a: Corviknight|Pressure
|move|p2a: Gholdengo|Shadow Ball|p1a: Corviknight
|-damage|p1a: Corviknight|60/100
|
|-weather|none
|-heal|p2a: Gholdengo|64/100|[from] item: Leftovers
|upkeep
|turn|35
|
|t:|1778501575
|switch|p1a: Torkoal|Torkoal, M|19/100
|-weather|SunnyDay|[from] ability: Drought|[of] p1a: Torkoal
|move|p2a: Gholdengo|Shadow Ball|p1a: Torkoal
|-damage|p1a: Torkoal|0 fnt
|faint|p1a: Torkoal
|
|-weather|SunnyDay|[upkeep]
|-heal|p2a: Gholdengo|70/100|[from] item: Leftovers
|upkeep
|
|t:|1778501581
|switch|p1a: Lilligant|Lilligant-Hisui, F|100/100
|turn|36
|
|t:|1778501591
|move|p1a: Lilligant|Solar Blade||[still]
|-prepare|p1a: Lilligant|Solar Blade
|-anim|p1a: Lilligant|Solar Blade|p2a: Gholdengo
|-resisted|p2a: Gholdengo
|-damage|p2a: Gholdengo|21/100
|move|p2a: Gholdengo|Dazzling Gleam|p1a: Lilligant
|-supereffective|p1a: Lilligant
|-damage|p1a: Lilligant|19/100
|
|-weather|SunnyDay|[upkeep]
|-heal|p2a: Gholdengo|27/100|[from] item: Leftovers
|upkeep
|turn|37
|inactive|bookywasmabyhere has 120 seconds left.
|
|t:|1778501603
|move|p1a: Lilligant|Solar Blade||[still]
|-prepare|p1a: Lilligant|Solar Blade
|-anim|p1a: Lilligant|Solar Blade|p2a: Gholdengo
|-resisted|p2a: Gholdengo
|-damage|p2a: Gholdengo|0 fnt
|faint|p2a: Gholdengo
|
|-weather|SunnyDay|[upkeep]
|upkeep
|
|t:|1778501611
|switch|p2a: Hitmontop|Hitmontop, M|50/100
|-damage|p2a: Hitmontop|44/100|[from] Stealth Rock
|turn|38
|inactive|bookywasmabyhere has 120 seconds left.
|
|t:|1778501616
|switch|p1a: Corviknight|Corviknight, M|60/100
|-ability|p1a: Corviknight|Pressure
|move|p2a: Hitmontop|Fake Out|p1a: Corviknight
|-resisted|p1a: Corviknight
|-damage|p1a: Corviknight|54/100
|-damage|p2a: Hitmontop|27/100|[from] item: Rocky Helmet|[of] p1a: Corviknight
|
|-weather|SunnyDay|[upkeep]
|upkeep
|turn|39
|inactive|bookywasmabyhere has 120 seconds left.
|
|t:|1778501627
|move|p2a: Hitmontop|Bulldoze|p1a: Corviknight
|-immune|p1a: Corviknight
|move|p1a: Corviknight|Body Press|p2a: Hitmontop
|-damage|p2a: Hitmontop|0 fnt
|faint|p2a: Hitmontop
|
|-weather|SunnyDay|[upkeep]
|upkeep
|inactive|bookywasmabyhere has 120 seconds left.
|
|t:|1778501634
|switch|p2a: Ogerpon|Ogerpon-Wellspring, F|1/100
|-damage|p2a: Ogerpon|0 fnt|[from] Stealth Rock
|faint|p2a: Ogerpon
|
|t:|1778501639
|switch|p2a: Ogerpon|Ogerpon-Wellspring, F|20/100
|-damage|p2a: Ogerpon|7/100|[from] Stealth Rock
|turn|40
|
|t:|1778501646
|move|p2a: Ogerpon|Ivy Cudgel|p1a: Corviknight|[anim] Ivy Cudgel Water
|-damage|p1a: Corviknight|38/100
|move|p1a: Corviknight|Iron Defense|p1a: Corviknight
|-boost|p1a: Corviknight|def|2
|
|-weather|SunnyDay|[upkeep]
|upkeep
|turn|41
|
|t:|1778501655
|move|p2a: Ogerpon|Ivy Cudgel|p1a: Corviknight|[anim] Ivy Cudgel Water
|-damage|p1a: Corviknight|29/100
|move|p1a: Corviknight|Roost|p1a: Corviknight
|-heal|p1a: Corviknight|79/100
|-singleturn|p1a: Corviknight|move: Roost
|
|-weather|SunnyDay|[upkeep]
|upkeep
|turn|42
|
|t:|1778501664
|move|p2a: Ogerpon|Ivy Cudgel|p1a: Corviknight|[anim] Ivy Cudgel Water
|-crit|p1a: Corviknight
|-damage|p1a: Corviknight|53/100
|move|p1a: Corviknight|Body Press|p2a: Ogerpon
|-damage|p2a: Ogerpon|0 fnt
|faint|p2a: Ogerpon
|
|win|wxvy_dadon
|raw|wxvy_dadon's rating: 1153 &rarr; <strong>1176</strong><br />(+23 for winning)
|raw|bookywasmabyhere's rating: 1127 &rarr; <strong>1104</strong><br />(-23 for losing)
|l|☆bookywasmabyhere
|player|p2|
|l|☆wxvy_dadon
|player|p1|
