|html|<div class="broadcast-blue"><strong>[Gen 9] OU is currently suspecting Tera Blast! For information on how to participate check out the <a href="https://www.smogon.com/tools/suspects/view/200">suspect thread</a>.</strong></div>
|j|☆Blastoise_Choice
|j|☆kshuaib734
|t:|1776117828
|gametype|singles
|player|p1|Blastoise_Choice|101|1613
|player|p2|kshuaib734|steven|1653
|gen|9
|tier|[Gen 9] OU
|rated|
|rule|HP Percentage Mod: HP is shown in percentages
|rule|Endless Battle Clause: Forcing endless battles is banned
|rule|Species Clause: Limit one of each Pokémon
|rule|OHKO Clause: OHKO moves are banned
|rule|Evasion Items Clause: Evasion items are banned
|rule|Evasion Moves Clause: Evasion moves are banned
|rule|Evasion Abilities Clause: Evasion abilities are banned
|rule|Sleep Moves Clause: Sleep-inducing moves are banned
|clearpoke
|poke|p1|Hydrapple, M|
|poke|p1|Tyranitar, F|
|poke|p1|Moltres|
|poke|p1|Zamazenta-*|
|poke|p1|Slowking-Galar, F|
|poke|p1|Excadrill, F|
|poke|p2|Tyranitar, M|
|poke|p2|Zapdos|
|poke|p2|Pelipper, M|
|poke|p2|Quaquaval, F|
|poke|p2|Kingdra, F|
|poke|p2|Excadrill, F|
|teampreview
|inactive|Battle timer is ON: inactive players will automatically lose when time's up. (requested by kshuaib734)
|c|☆Blastoise_Choice|hf
|
|t:|1776117837
|teamsize|p1|6
|teamsize|p2|6
|start
|switch|p1a: Tyranitar|Tyranitar, F|100/100
|switch|p2a: Tyrant's Downpour|Pelipper, M|100/100
|-weather|Sandstorm|[from] ability: Sand Stream|[of] p1a: Tyranitar
|-weather|RainDance|[from] ability: Drizzle|[of] p2a: Tyrant's Downpour
|turn|1
|inactive|Blastoise_Choice also wants the timer to be on.
|c|☆kshuaib734|u2
|
|t:|1776117850
|switch|p1a: Slowking|Slowking-Galar, F|100/100
|switch|p2a: Tyrant's Vengeance|Kingdra, F|100/100
|
|-weather|RainDance|[upkeep]
|upkeep
|turn|2
|
|t:|1776117858
|move|p2a: Tyrant's Vengeance|Weather Ball|p1a: Slowking
|-damage|p1a: Slowking|58/100
|move|p1a: Slowking|Sludge Bomb|p2a: Tyrant's Vengeance
|-damage|p2a: Tyrant's Vengeance|59/100
|
|-weather|RainDance|[upkeep]
|upkeep
|turn|3
|j| roarcat
|
|t:|1776117866
|switch|p1a: Tyranitar|Tyranitar, F|100/100
|-weather|Sandstorm|[from] ability: Sand Stream|[of] p1a: Tyranitar
|-terastallize|p2a: Tyrant's Vengeance|Water
|move|p2a: Tyrant's Vengeance|Weather Ball|p1a: Tyranitar
|-damage|p1a: Tyranitar|86/100
|
|-weather|Sandstorm|[upkeep]
|-damage|p2a: Tyrant's Vengeance|53/100|[from] Sandstorm
|upkeep
|turn|4
|
|t:|1776117875
|move|p2a: Tyrant's Vengeance|Flip Turn|p1a: Tyranitar
|-supereffective|p1a: Tyranitar
|-damage|p1a: Tyranitar|45/100
|
|t:|1776117887
|switch|p2a: Tyrant's Legacy|Excadrill, F|100/100|[from] Flip Turn
|move|p1a: Tyranitar|Stealth Rock|p2a: Tyrant's Legacy
|-sidestart|p2: kshuaib734|move: Stealth Rock
|
|-weather|Sandstorm|[upkeep]
|upkeep
|turn|5
|
|t:|1776117894
|move|p2a: Tyrant's Legacy|Rapid Spin|p1a: Tyranitar
|-resisted|p1a: Tyranitar
|-damage|p1a: Tyranitar|35/100
|-boost|p2a: Tyrant's Legacy|spe|1
|-sideend|p2: kshuaib734|Stealth Rock|[from] move: Rapid Spin|[of] p2a: Tyrant's Legacy
|-damage|p2a: Tyrant's Legacy|91/100|[from] item: Life Orb
|move|p1a: Tyranitar|Knock Off|p2a: Tyrant's Legacy
|-damage|p2a: Tyrant's Legacy|25/100
|-enditem|p2a: Tyrant's Legacy|Life Orb|[from] move: Knock Off|[of] p1a: Tyranitar
|
|-weather|Sandstorm|[upkeep]
|upkeep
|turn|6
|
|t:|1776117904
|switch|p1a: Hydrapple|Hydrapple, M|100/100
|move|p2a: Tyrant's Legacy|Iron Head|p1a: Hydrapple
|-damage|p1a: Hydrapple|73/100
|
|-weather|Sandstorm|[upkeep]
|-damage|p1a: Hydrapple|67/100|[from] Sandstorm
|upkeep
|turn|7
|
|t:|1776117911
|move|p2a: Tyrant's Legacy|Iron Head|p1a: Hydrapple
|-damage|p1a: Hydrapple|39/100
|cant|p1a: Hydrapple|flinch
|
|-weather|Sandstorm|[upkeep]
|-damage|p1a: Hydrapple|32/100|[from] Sandstorm
|upkeep
|turn|8
|
|t:|1776117918
|switch|p1a: Moltres|Moltres|100/100
|move|p2a: Tyrant's Legacy|Iron Head|p1a: Moltres
|-resisted|p1a: Moltres
|-damage|p1a: Moltres|85/100
|-status|p2a: Tyrant's Legacy|brn|[from] ability: Flame Body|[of] p1a: Moltres
|
|-weather|Sandstorm|[upkeep]
|-damage|p1a: Moltres|79/100|[from] Sandstorm
|-damage|p2a: Tyrant's Legacy|19/100 brn|[from] brn
|upkeep
|turn|9
|
|t:|1776117930
|switch|p2a: Tyrant's Downpour|Pelipper, M|100/100
|-weather|RainDance|[from] ability: Drizzle|[of] p2a: Tyrant's Downpour
|move|p1a: Moltres|U-turn|p2a: Tyrant's Downpour
|-resisted|p2a: Tyrant's Downpour
|-damage|p2a: Tyrant's Downpour|95/100
|
|t:|1776117937
|switch|p1a: Tyranitar|Tyranitar, F|35/100|[from] U-turn
|-weather|Sandstorm|[from] ability: Sand Stream|[of] p1a: Tyranitar
|
|-weather|Sandstorm|[upkeep]
|-damage|p2a: Tyrant's Downpour|88/100|[from] Sandstorm
|upkeep
|turn|10
|
|t:|1776117945
|switch|p2a: Tyrant's Legacy|Excadrill, F|19/100 brn
|move|p1a: Tyranitar|Stealth Rock|p2a: Tyrant's Legacy
|-sidestart|p2: kshuaib734|move: Stealth Rock
|
|-weather|Sandstorm|[upkeep]
|-damage|p2a: Tyrant's Legacy|13/100 brn|[from] brn
|upkeep
|turn|11
|
|t:|1776117951
|switch|p1a: Hydrapple|Hydrapple, M|66/100
|move|p2a: Tyrant's Legacy|Rapid Spin|p1a: Hydrapple
|-damage|p1a: Hydrapple|60/100
|-boost|p2a: Tyrant's Legacy|spe|1
|-sideend|p2: kshuaib734|Stealth Rock|[from] move: Rapid Spin|[of] p2a: Tyrant's Legacy
|
|-weather|Sandstorm|[upkeep]
|-damage|p1a: Hydrapple|54/100|[from] Sandstorm
|-damage|p2a: Tyrant's Legacy|7/100 brn|[from] brn
|upkeep
|turn|12
|
|t:|1776117961
|switch|p1a: Zamazenta|Zamazenta|100/100
|-ability|p1a: Zamazenta|Dauntless Shield|boost
|-boost|p1a: Zamazenta|def|1
|move|p2a: Tyrant's Legacy|Iron Head|p1a: Zamazenta
|-damage|p1a: Zamazenta|89/100
|
|-weather|Sandstorm|[upkeep]
|-damage|p1a: Zamazenta|83/100|[from] Sandstorm
|-heal|p1a: Zamazenta|89/100|[from] item: Leftovers
|-damage|p2a: Tyrant's Legacy|1/100 brn|[from] brn
|upkeep
|turn|13
|
|t:|1776117973
|switch|p1a: Hydrapple|Hydrapple, M|87/100
|move|p2a: Tyrant's Legacy|Iron Head|p1a: Hydrapple
|-damage|p1a: Hydrapple|73/100
|
|-weather|Sandstorm|[upkeep]
|-damage|p1a: Hydrapple|66/100|[from] Sandstorm
|-damage|p2a: Tyrant's Legacy|0 fnt|[from] brn
|faint|p2a: Tyrant's Legacy
|upkeep
|inactive|kshuaib734 has 120 seconds left.
|
|t:|1776118002
|switch|p2a: Tyrant's Downpour|Pelipper, M|88/100
|-weather|RainDance|[from] ability: Drizzle|[of] p2a: Tyrant's Downpour
|turn|14
|
|t:|1776118009
|move|p1a: Hydrapple|Giga Drain|p2a: Tyrant's Downpour
|-damage|p2a: Tyrant's Downpour|39/100
|-heal|p1a: Hydrapple|86/100|[from] drain|[of] p2a: Tyrant's Downpour
|move|p2a: Tyrant's Downpour|U-turn|p1a: Hydrapple
|-supereffective|p1a: Hydrapple
|-damage|p1a: Hydrapple|75/100
|
|t:|1776118015
|switch|p2a: Tyrant's Vengeance|Kingdra, F, tera:Water|53/100|[from] U-turn
|
|-weather|RainDance|[upkeep]
|upkeep
|turn|15
|
|t:|1776118022
|switch|p1a: Slowking|Slowking-Galar, F|92/100
|move|p2a: Tyrant's Vengeance|Hurricane|p1a: Slowking
|-damage|p1a: Slowking|73/100
|
|-weather|RainDance|[upkeep]
|upkeep
|turn|16
|
|t:|1776118028
|move|p2a: Tyrant's Vengeance|Weather Ball|p1a: Slowking
|-damage|p1a: Slowking|18/100
|move|p1a: Slowking|Sludge Bomb|p2a: Tyrant's Vengeance
|-damage|p2a: Tyrant's Vengeance|12/100
|
|-weather|RainDance|[upkeep]
|upkeep
|turn|17
|
|t:|1776118036
|switch|p1a: Tyranitar|Tyranitar, F|35/100
|-weather|Sandstorm|[from] ability: Sand Stream|[of] p1a: Tyranitar
|move|p2a: Tyrant's Vengeance|Flip Turn|p1a: Tyranitar
|-supereffective|p1a: Tyranitar
|-damage|p1a: Tyranitar|0 fnt
|faint|p1a: Tyranitar
|
|t:|1776118044
|switch|p2a: Tyrant's Downpour|Pelipper, M|39/100|[from] Flip Turn
|-weather|RainDance|[from] ability: Drizzle|[of] p2a: Tyrant's Downpour
|
|-weather|RainDance|[upkeep]
|upkeep
|
|t:|1776118050
|switch|p1a: Slowking|Slowking-Galar, F|51/100
|turn|18
|
|t:|1776118061
|move|p2a: Tyrant's Downpour|Knock Off|p1a: Slowking
|-supereffective|p1a: Slowking
|-damage|p1a: Slowking|31/100
|-enditem|p1a: Slowking|Assault Vest|[from] move: Knock Off|[of] p2a: Tyrant's Downpour
|move|p1a: Slowking|Sludge Bomb|p2a: Tyrant's Downpour
|-damage|p2a: Tyrant's Downpour|0 fnt
|faint|p2a: Tyrant's Downpour
|
|-weather|RainDance|[upkeep]
|upkeep
|
|t:|1776118071
|switch|p2a: Tyrant's Endgame|Quaquaval, F|100/100
|turn|19
|
|t:|1776118078
|move|p2a: Tyrant's Endgame|Close Combat|p1a: Slowking
|-resisted|p1a: Slowking
|-damage|p1a: Slowking|11/100
|-unboost|p2a: Tyrant's Endgame|def|1
|-unboost|p2a: Tyrant's Endgame|spd|1
|move|p1a: Slowking|Ice Beam|p2a: Tyrant's Endgame
|-resisted|p2a: Tyrant's Endgame
|-damage|p2a: Tyrant's Endgame|79/100
|
|-weather|RainDance|[upkeep]
|upkeep
|turn|20
|
|t:|1776118089
|move|p2a: Tyrant's Endgame|Close Combat|p1a: Slowking
|-resisted|p1a: Slowking
|-damage|p1a: Slowking|0 fnt
|-unboost|p2a: Tyrant's Endgame|def|1
|-unboost|p2a: Tyrant's Endgame|spd|1
|faint|p1a: Slowking
|-ability|p2a: Tyrant's Endgame|Moxie|boost
|-boost|p2a: Tyrant's Endgame|atk|1
|
|-weather|RainDance|[upkeep]
|upkeep
|
|t:|1776118095
|switch|p1a: Excadrill|Excadrill, F|100/100
|-item|p1a: Excadrill|Air Balloon
|turn|21
|
|t:|1776118109
|switch|p2a: Tyrant's Enforcer|Zapdos|100/100
|move|p1a: Excadrill|Earthquake|p2a: Tyrant's Enforcer
|-immune|p2a: Tyrant's Enforcer
|
|-weather|RainDance|[upkeep]
|upkeep
|turn|22
|
|t:|1776118116
|move|p2a: Tyrant's Enforcer|Hurricane|p1a: Excadrill
|-resisted|p1a: Excadrill
|-damage|p1a: Excadrill|48/100
|-enditem|p1a: Excadrill|Air Balloon
|move|p1a: Excadrill|Swords Dance|p1a: Excadrill
|-boost|p1a: Excadrill|atk|2
|
|-weather|RainDance|[upkeep]
|upkeep
|turn|23
|
|t:|1776118124
|move|p2a: Tyrant's Enforcer|Hurricane|p1a: Excadrill
|-resisted|p1a: Excadrill
|-damage|p1a: Excadrill|0 fnt
|faint|p1a: Excadrill
|
|-weather|RainDance|[upkeep]
|upkeep
|
|t:|1776118131
|switch|p1a: Zamazenta|Zamazenta|89/100
|turn|24
|
|t:|1776118137
|-terastallize|p1a: Zamazenta|Fire
|move|p1a: Zamazenta|Crunch|p2a: Tyrant's Enforcer
|-damage|p2a: Tyrant's Enforcer|76/100
|move|p2a: Tyrant's Enforcer|Hurricane|p1a: Zamazenta
|-damage|p1a: Zamazenta|12/100
|
|-weather|none
|-heal|p1a: Zamazenta|19/100|[from] item: Leftovers
|upkeep
|turn|25
|
|t:|1776118152
|move|p1a: Zamazenta|Crunch|p2a: Tyrant's Enforcer
|-damage|p2a: Tyrant's Enforcer|48/100
|move|p2a: Tyrant's Enforcer|Hurricane|p1a: Zamazenta|[miss]
|-miss|p2a: Tyrant's Enforcer|p1a: Zamazenta
|
|-heal|p1a: Zamazenta|25/100|[from] item: Leftovers
|upkeep
|turn|26
|
|t:|1776118161
|move|p1a: Zamazenta|Crunch|p2a: Tyrant's Enforcer
|-damage|p2a: Tyrant's Enforcer|21/100
|move|p2a: Tyrant's Enforcer|Hurricane|p1a: Zamazenta
|-damage|p1a: Zamazenta|0 fnt
|faint|p1a: Zamazenta
|
|upkeep
|
|t:|1776118168
|switch|p1a: Moltres|Moltres|79/100
|turn|27
|
|t:|1776118174
|switch|p2a: King Tyrant|Tyranitar, M|100/100
|-weather|Sandstorm|[from] ability: Sand Stream|[of] p2a: King Tyrant
|move|p1a: Moltres|Flamethrower|p2a: King Tyrant
|-resisted|p2a: King Tyrant
|-damage|p2a: King Tyrant|91/100
|-status|p2a: King Tyrant|brn
|
|-weather|Sandstorm|[upkeep]
|-damage|p1a: Moltres|73/100|[from] Sandstorm
|-damage|p2a: King Tyrant|85/100 brn|[from] brn
|upkeep
|turn|28
|
|t:|1776118187
|move|p2a: King Tyrant|Thunderbolt|p1a: Moltres
|-supereffective|p1a: Moltres
|-damage|p1a: Moltres|28/100
|move|p1a: Moltres|Roar|p2a: King Tyrant
|drag|p2a: Tyrant's Vengeance|Kingdra, F, tera:Water|12/100
|
|-weather|Sandstorm|[upkeep]
|-damage|p2a: Tyrant's Vengeance|6/100|[from] Sandstorm
|-damage|p1a: Moltres|22/100|[from] Sandstorm
|upkeep
|turn|29
|
|t:|1776118196
|move|p2a: Tyrant's Vengeance|Weather Ball|p1a: Moltres
|-supereffective|p1a: Moltres
|-damage|p1a: Moltres|0 fnt
|faint|p1a: Moltres
|
|-weather|Sandstorm|[upkeep]
|-damage|p2a: Tyrant's Vengeance|0 fnt|[from] Sandstorm
|faint|p2a: Tyrant's Vengeance
|upkeep
|
|t:|1776118204
|switch|p2a: Tyrant's Endgame|Quaquaval, F|79/100
|switch|p1a: Hydrapple|Hydrapple, M|100/100
|turn|30
|
|t:|1776118210
|move|p2a: Tyrant's Endgame|Close Combat|p1a: Hydrapple
|-damage|p1a: Hydrapple|42/100
|-unboost|p2a: Tyrant's Endgame|def|1
|-unboost|p2a: Tyrant's Endgame|spd|1
|move|p1a: Hydrapple|Fickle Beam|p2a: Tyrant's Endgame|[anim] Fickle Beam All Out
|-activate|p1a: Hydrapple|move: Fickle Beam
|-damage|p2a: Tyrant's Endgame|0 fnt
|faint|p2a: Tyrant's Endgame
|
|-weather|Sandstorm|[upkeep]
|-damage|p1a: Hydrapple|36/100|[from] Sandstorm
|upkeep
|
|t:|1776118220
|switch|p2a: Tyrant's Enforcer|Zapdos|21/100
|turn|31
|
|t:|1776118226
|move|p2a: Tyrant's Enforcer|Weather Ball|p1a: Hydrapple
|-damage|p1a: Hydrapple|0 fnt
|faint|p1a: Hydrapple
|
|win|kshuaib734
|raw|Blastoise_Choice's rating: 1613 &rarr; <strong>1595</strong><br />(-18 for losing)
|raw|kshuaib734's rating: 1653 &rarr; <strong>1671</strong><br />(+18 for winning)
|c|☆Blastoise_Choice|gg
|l|☆Blastoise_Choice
|player|p1|
|c|☆kshuaib734|gg
|l|☆kshuaib734
|player|p2|
|l| roarcat
