|html|<div class="broadcast-blue"><strong>[Gen 9] OU is currently suspecting Tera Blast! For information on how to participate check out the <a href="https://www.smogon.com/tools/suspects/view/200">suspect thread</a>.</strong></div>
|j|☆Green Arcanines
|j|☆cripplesmasher
|t:|1776061262
|gametype|singles
|player|p1|Green Arcanines|101|1069
|player|p2|cripplesmasher|n|1054
|gen|9
|tier|[Gen 9] OU
|rated|
|rule|HP Percentage Mod: HP is shown in percentages
|rule|Endless Battle Clause: Forcing endless battles is banned
|rule|Species Clause: Limit one of each Pokémon
|rule|OHKO Clause: OHKO moves are banned
|rule|Evasion Items Clause: Evasion items are banned
|rule|Evasion Moves Clause: Evasion moves are banned
|rule|Evasion Abilities Clause: Evasion abilities are banned
|rule|Sleep Moves Clause: Sleep-inducing moves are banned
|clearpoke
|poke|p1|Infernape, F|
|poke|p1|Scizor, M|
|poke|p1|Swampert, F|
|poke|p1|Salamence, F|
|poke|p1|Rotom-Mow|
|poke|p1|Scrafty, M|
|poke|p2|Galvantula, F|
|poke|p2|Gliscor, M|
|poke|p2|Hydreigon, F|
|poke|p2|Charizard, M|
|poke|p2|Sylveon, M|
|poke|p2|Klefki, M|
|teampreview
|
|t:|1776061269
|teamsize|p1|6
|teamsize|p2|6
|start
|switch|p1a: Swampert|Swampert, F|100/100
|switch|p2a: Every last drop..|Klefki, M, shiny|100/100
|turn|1
|
|t:|1776061281
|-terastallize|p2a: Every last drop..|Ground
|move|p2a: Every last drop..|Misty Terrain|p2a: Every last drop..
|-fieldstart|move: Misty Terrain
|move|p1a: Swampert|Earth Power|p2a: Every last drop..
|-damage|p2a: Every last drop..|51/100
|
|upkeep
|turn|2
|
|t:|1776061290
|move|p2a: Every last drop..|Magic Room|p2a: Every last drop..
|-fieldstart|move: Magic Room|[of] p2a: Every last drop..
|move|p1a: Swampert|Ice Beam|p2a: Every last drop..
|-supereffective|p2a: Every last drop..
|-damage|p2a: Every last drop..|0 fnt
|faint|p2a: Every last drop..
|
|upkeep
|
|t:|1776061294
|switch|p2a: Just this once|Sylveon, M, shiny|100/100
|turn|3
|
|t:|1776061299
|move|p2a: Just this once|Calm Mind|p2a: Just this once
|-boost|p2a: Just this once|spa|1
|-boost|p2a: Just this once|spd|1
|move|p1a: Swampert|Flip Turn|p2a: Just this once
|-damage|p2a: Just this once|75/100
|
|t:|1776061305
|switch|p1a: Rotom|Rotom-Mow|100/100|[from] Flip Turn
|
|upkeep
|turn|4
|
|t:|1776061422
|move|p1a: Rotom|Trick|p2a: Just this once
|-activate|p1a: Rotom|move: Trick|[of] p2a: Just this once
|-item|p2a: Just this once|Choice Scarf|[from] move: Trick
|-item|p1a: Rotom|Choice Specs|[from] move: Trick
|move|p2a: Just this once|Calm Mind|p2a: Just this once
|-boost|p2a: Just this once|spa|1
|-boost|p2a: Just this once|spd|1
|
|upkeep
|turn|5
|c|☆cripplesmasher|oh ty
|
|t:|1776061439
|move|p1a: Rotom|Thunder Wave|p2a: Just this once|[miss]
|-miss|p1a: Rotom|p2a: Just this once
|move|p2a: Just this once|Calm Mind|p2a: Just this once
|-boost|p2a: Just this once|spa|1
|-boost|p2a: Just this once|spd|1
|
|upkeep
|turn|6
|-message|Green Arcanines forfeited.
|
|win|cripplesmasher
|raw|Green Arcanines's rating: 1033 &rarr; <strong>1019</strong><br />(-14 for losing)
|raw|cripplesmasher's rating: 1054 &rarr; <strong>1084</strong><br />(+30 for winning)
|l|☆Green Arcanines
|player|p1|
|l|☆cripplesmasher
|player|p2|
