|html|<div class="broadcast-blue"><strong>[Gen 9] OU is currently suspecting Tera Blast! For information on how to participate check out the <a href="https://www.smogon.com/tools/suspects/view/200">suspect thread</a>.</strong></div>
|j|☆amimec
|j|☆goodnightnite
|t:|1776075672
|gametype|singles
|player|p1|amimec|eusine|1689
|player|p2|goodnightnite|cynthia-masters|1624
|gen|9
|tier|[Gen 9] OU
|rated|
|rule|HP Percentage Mod: HP is shown in percentages
|rule|Endless Battle Clause: Forcing endless battles is banned
|rule|Species Clause: Limit one of each Pokémon
|rule|OHKO Clause: OHKO moves are banned
|rule|Evasion Items Clause: Evasion items are banned
|rule|Evasion Moves Clause: Evasion moves are banned
|rule|Evasion Abilities Clause: Evasion abilities are banned
|rule|Sleep Moves Clause: Sleep-inducing moves are banned
|clearpoke
|poke|p1|Meowscarada, M|
|poke|p1|Pecharunt|
|poke|p1|Enamorus, F|
|poke|p1|Iron Treads|
|poke|p1|Skarmory, M|
|poke|p1|Slowking, F|
|poke|p2|Pelipper, F|
|poke|p2|Raging Bolt|
|poke|p2|Overqwil, M|
|poke|p2|Barraskewda, F|
|poke|p2|Iron Treads|
|poke|p2|Kingambit, M|
|teampreview
|inactive|Battle timer is ON: inactive players will automatically lose when time's up. (requested by goodnightnite)
|
|t:|1776075696
|teamsize|p1|6
|teamsize|p2|6
|start
|switch|p1a: Enamorus|Enamorus, F|100/100
|switch|p2a: Pelipper|Pelipper, F|100/100
|-weather|RainDance|[from] ability: Drizzle|[of] p2a: Pelipper
|turn|1
|
|t:|1776075705
|move|p1a: Enamorus|Moonblast|p2a: Pelipper
|-damage|p2a: Pelipper|22/100
|move|p2a: Pelipper|U-turn|p1a: Enamorus
|-resisted|p1a: Enamorus
|-damage|p1a: Enamorus|97/100
|
|t:|1776075710
|switch|p2a: Barraskewda|Barraskewda, F|100/100|[from] U-turn
|
|-weather|RainDance|[upkeep]
|upkeep
|turn|2
|j| Too Many Caps
|
|t:|1776075717
|switch|p1a: Slowking|Slowking, F|100/100
|move|p2a: Barraskewda|Flip Turn|p1a: Slowking
|-resisted|p1a: Slowking
|-damage|p1a: Slowking|67/100
|
|t:|1776075721
|switch|p2a: Overqwil|Overqwil, M|100/100|[from] Flip Turn
|
|-weather|RainDance|[upkeep]
|upkeep
|turn|3
|
|t:|1776075726
|move|p2a: Overqwil|Swords Dance|p2a: Overqwil
|-boost|p2a: Overqwil|atk|2
|move|p1a: Slowking|Scald|p2a: Overqwil
|-damage|p2a: Overqwil|24/100
|-status|p2a: Overqwil|brn
|
|-weather|RainDance|[upkeep]
|-damage|p2a: Overqwil|18/100 brn|[from] brn
|upkeep
|turn|4
|
|t:|1776075734
|switch|p1a: Skarmory|Skarmory, M|100/100
|move|p2a: Overqwil|Crunch|p1a: Skarmory
|-damage|p1a: Skarmory|68/100
|-damage|p2a: Overqwil|8/100 brn|[from] item: Life Orb
|
|-weather|RainDance|[upkeep]
|-damage|p2a: Overqwil|2/100 brn|[from] brn
|upkeep
|turn|5
|
|t:|1776075737
|move|p2a: Overqwil|Liquidation|p1a: Skarmory
|-damage|p1a: Skarmory|33/100
|-damage|p2a: Overqwil|0 fnt|[from] item: Life Orb
|faint|p2a: Overqwil
|move|p1a: Skarmory|Roost|p1a: Skarmory
|-heal|p1a: Skarmory|83/100
|-singleturn|p1a: Skarmory|move: Roost
|
|-weather|RainDance|[upkeep]
|upkeep
|
|t:|1776075741
|switch|p2a: Barraskewda|Barraskewda, F|100/100
|turn|6
|j| Monkey D MinMin
|
|t:|1776075758
|switch|p1a: Slowking|Slowking, F|99/100
|-terastallize|p2a: Barraskewda|Water
|move|p2a: Barraskewda|Liquidation|p1a: Slowking
|-resisted|p1a: Slowking
|-damage|p1a: Slowking|37/100
|
|-weather|RainDance|[upkeep]
|upkeep
|turn|7
|inactive|amimec has 120 seconds left.
|
|t:|1776075796
|switch|p1a: Meowscarada|Meowscarada, M|100/100
|move|p2a: Barraskewda|Liquidation|p1a: Meowscarada
|-resisted|p1a: Meowscarada
|-damage|p1a: Meowscarada|0 fnt
|faint|p1a: Meowscarada
|
|-weather|RainDance|[upkeep]
|upkeep
|
|t:|1776075799
|switch|p1a: Slowking|Slowking, F|70/100
|turn|8
|inactive|amimec has 120 seconds left.
|
|t:|1776075807
|switch|p2a: Kingambit|Kingambit, M|100/100
|-activate|p2a: Kingambit|ability: Supreme Overlord
|-start|p2a: Kingambit|fallen1|[silent]
|move|p1a: Slowking|Future Sight|p2a: Kingambit
|-start|p1a: Slowking|move: Future Sight
|
|-weather|none
|upkeep
|turn|9
|l| Monkey D MinMin
|
|t:|1776075813
|-end|p2a: Kingambit|fallen1|[silent]
|switch|p2a: Pelipper|Pelipper, F|22/100
|-weather|RainDance|[from] ability: Drizzle|[of] p2a: Pelipper
|switch|p1a: Skarmory|Skarmory, M|83/100
|
|-weather|RainDance|[upkeep]
|upkeep
|turn|10
|
|t:|1776075820
|switch|p2a: Iron Treads|Iron Treads|100/100
|-enditem|p2a: Iron Treads|Booster Energy
|-activate|p2a: Iron Treads|ability: Quark Drive|[fromitem]
|-start|p2a: Iron Treads|quarkdrivespe
|move|p1a: Skarmory|Spikes|p2a: Iron Treads
|-sidestart|p2: goodnightnite|Spikes
|
|-weather|RainDance|[upkeep]
|-end|p2a: Iron Treads|move: Future Sight
|-resisted|p2a: Iron Treads
|-damage|p2a: Iron Treads|69/100
|upkeep
|turn|11
|
|t:|1776075825
|move|p2a: Iron Treads|Stealth Rock|p1a: Skarmory
|-sidestart|p1: amimec|move: Stealth Rock
|move|p1a: Skarmory|Body Press|p2a: Iron Treads
|-supereffective|p2a: Iron Treads
|-damage|p2a: Iron Treads|9/100
|
|-weather|RainDance|[upkeep]
|upkeep
|turn|12
|
|t:|1776075835
|move|p2a: Iron Treads|Earth Power|p1a: Skarmory
|-immune|p1a: Skarmory
|move|p1a: Skarmory|Spikes|p2a: Iron Treads
|-sidestart|p2: goodnightnite|Spikes
|
|-weather|RainDance|[upkeep]
|upkeep
|turn|13
|
|t:|1776075839
|move|p2a: Iron Treads|Steel Beam|p1a: Skarmory
|-resisted|p1a: Skarmory
|-damage|p1a: Skarmory|48/100
|-damage|p2a: Iron Treads|0 fnt|[from] steelbeam
|faint|p2a: Iron Treads
|-end|p2a: Iron Treads|Quark Drive|[silent]
|move|p1a: Skarmory|Spikes|p2: Iron Treads
|-sidestart|p2: goodnightnite|Spikes
|
|-weather|RainDance|[upkeep]
|upkeep
|
|t:|1776075843
|switch|p2a: Barraskewda|Barraskewda, F, tera:Water|100/100
|-damage|p2a: Barraskewda|75/100|[from] Spikes
|turn|14
|inactive|amimec has 120 seconds left.
|
|t:|1776075897
|move|p2a: Barraskewda|Liquidation|p1a: Skarmory
|-damage|p1a: Skarmory|0 fnt
|faint|p1a: Skarmory
|
|-weather|RainDance|[upkeep]
|upkeep
|
|t:|1776075904
|switch|p1a: Slowking|Slowking, F|100/100
|-damage|p1a: Slowking|88/100|[from] Stealth Rock
|turn|15
|
|t:|1776075907
|move|p2a: Barraskewda|Liquidation|p1a: Slowking
|-resisted|p1a: Slowking
|-damage|p1a: Slowking|28/100
|move|p1a: Slowking|Psyshock|p2a: Barraskewda
|-damage|p2a: Barraskewda|14/100
|
|-weather|RainDance|[upkeep]
|upkeep
|turn|16
|
|t:|1776075918
|move|p2a: Barraskewda|Liquidation|p1a: Slowking
|-resisted|p1a: Slowking
|-damage|p1a: Slowking|0 fnt
|faint|p1a: Slowking
|
|-weather|none
|upkeep
|
|t:|1776075921
|switch|p1a: Enamorus|Enamorus, F|97/100
|-damage|p1a: Enamorus|72/100|[from] Stealth Rock
|turn|17
|inactive|amimec has 120 seconds left.
|
|t:|1776075928
|move|p1a: Enamorus|Moonblast|p2a: Barraskewda
|-damage|p2a: Barraskewda|0 fnt
|faint|p2a: Barraskewda
|
|upkeep
|
|t:|1776075932
|switch|p2a: Raging Bolt|Raging Bolt|100/100
|-damage|p2a: Raging Bolt|76/100|[from] Spikes
|-enditem|p2a: Raging Bolt|Booster Energy
|-activate|p2a: Raging Bolt|ability: Protosynthesis|[fromitem]
|-start|p2a: Raging Bolt|protosynthesisspa
|turn|18
|
|t:|1776075936
|switch|p1a: Iron Treads|Iron Treads|100/100
|-damage|p1a: Iron Treads|98/100|[from] Stealth Rock
|-end|p2a: Raging Bolt|Protosynthesis|[silent]
|switch|p2a: Pelipper|Pelipper, F|22/100
|-weather|RainDance|[from] ability: Drizzle|[of] p2a: Pelipper
|
|-weather|RainDance|[upkeep]
|-heal|p1a: Iron Treads|100/100|[from] item: Leftovers
|upkeep
|turn|19
|
|t:|1776075940
|move|p1a: Iron Treads|Knock Off|p2a: Pelipper
|-damage|p2a: Pelipper|4/100
|-enditem|p2a: Pelipper|Damp Rock|[from] move: Knock Off|[of] p1a: Iron Treads
|move|p2a: Pelipper|Roost|p2a: Pelipper
|-heal|p2a: Pelipper|54/100
|-singleturn|p2a: Pelipper|move: Roost
|
|-weather|RainDance|[upkeep]
|upkeep
|turn|20
|
|t:|1776075946
|-end|p1a: Iron Treads|Quark Drive|[silent]
|switch|p1a: Pecharunt|Pecharunt|100/100
|-damage|p1a: Pecharunt|88/100|[from] Stealth Rock
|move|p2a: Pelipper|Roost|p2a: Pelipper
|-heal|p2a: Pelipper|100/100
|-singleturn|p2a: Pelipper|move: Roost
|
|-weather|RainDance|[upkeep]
|upkeep
|turn|21
|
|t:|1776075951
|move|p1a: Pecharunt|Malignant Chain|p2a: Pelipper
|-damage|p2a: Pelipper|56/100
|move|p2a: Pelipper|U-turn|p1a: Pecharunt
|-resisted|p1a: Pecharunt
|-damage|p1a: Pecharunt|87/100
|-damage|p2a: Pelipper|39/100|[from] item: Rocky Helmet|[of] p1a: Pecharunt
|
|t:|1776075955
|switch|p2a: Kingambit|Kingambit, M|100/100|[from] U-turn
|-damage|p2a: Kingambit|76/100|[from] Spikes
|-activate|p2a: Kingambit|ability: Supreme Overlord
|-start|p2a: Kingambit|fallen3|[silent]
|
|-weather|RainDance|[upkeep]
|-heal|p2a: Kingambit|82/100|[from] item: Leftovers
|upkeep
|turn|22
|
|t:|1776075962
|-terastallize|p1a: Pecharunt|Dark
|move|p1a: Pecharunt|Foul Play|p2a: Kingambit
|-resisted|p2a: Kingambit
|-damage|p2a: Kingambit|61/100
|move|p2a: Kingambit|Swords Dance|p2a: Kingambit
|-boost|p2a: Kingambit|atk|2
|
|-weather|RainDance|[upkeep]
|-heal|p2a: Kingambit|68/100|[from] item: Leftovers
|upkeep
|turn|23
|
|t:|1776075974
|move|p1a: Pecharunt|Foul Play|p2a: Kingambit
|-resisted|p2a: Kingambit
|-damage|p2a: Kingambit|29/100
|move|p2a: Kingambit|Iron Head|p1a: Pecharunt
|-damage|p1a: Pecharunt|32/100
|-damage|p2a: Kingambit|12/100|[from] item: Rocky Helmet|[of] p1a: Pecharunt
|
|-weather|RainDance|[upkeep]
|-heal|p2a: Kingambit|19/100|[from] item: Leftovers
|upkeep
|turn|24
|
|t:|1776075985
|move|p2a: Kingambit|Sucker Punch|p1a: Pecharunt
|-resisted|p1a: Pecharunt
|-damage|p1a: Pecharunt|5/100
|-damage|p2a: Kingambit|2/100|[from] item: Rocky Helmet|[of] p1a: Pecharunt
|move|p1a: Pecharunt|Foul Play|p2a: Kingambit
|-resisted|p2a: Kingambit
|-damage|p2a: Kingambit|0 fnt
|faint|p2a: Kingambit
|-end|p2a: Kingambit|fallen3|[silent]
|
|-weather|RainDance|[upkeep]
|upkeep
|
|t:|1776075993
|switch|p2a: Pelipper|Pelipper, F|39/100
|turn|25
|
|t:|1776076000
|move|p1a: Pecharunt|Malignant Chain|p2a: Pelipper
|-damage|p2a: Pelipper|0 fnt
|faint|p2a: Pelipper
|
|-weather|none
|upkeep
|-message|goodnightnite forfeited.
|
|win|amimec
|raw|amimec's rating: 1689 &rarr; <strong>1706</strong><br />(+17 for winning)
|raw|goodnightnite's rating: 1642 &rarr; <strong>1625</strong><br />(-17 for losing)
|l|☆goodnightnite
|player|p2|
|l|☆amimec
|player|p1|
