|html|<div class="broadcast-blue"><strong>[Gen 9] OU is currently suspecting Tera Blast! For information on how to participate check out the <a href="https://www.smogon.com/tools/suspects/view/200">suspect thread</a>.</strong></div>
|j|☆Futz1lla
|j|☆KnightKnaveSpy
|t:|1776063149
|gametype|singles
|player|p1|Futz1lla|iris|1461
|player|p2|KnightKnaveSpy|2|1569
|gen|9
|tier|[Gen 9] OU
|rated|
|rule|HP Percentage Mod: HP is shown in percentages
|rule|Endless Battle Clause: Forcing endless battles is banned
|rule|Species Clause: Limit one of each Pokémon
|rule|OHKO Clause: OHKO moves are banned
|rule|Evasion Items Clause: Evasion items are banned
|rule|Evasion Moves Clause: Evasion moves are banned
|rule|Evasion Abilities Clause: Evasion abilities are banned
|rule|Sleep Moves Clause: Sleep-inducing moves are banned
|clearpoke
|poke|p1|Haxorus, M|
|poke|p1|Magnezone|
|poke|p1|Great Tusk|
|poke|p1|Ting-Lu|
|poke|p1|Ogerpon, F|
|poke|p1|Pecharunt|
|poke|p2|Samurott-Hisui, M|
|poke|p2|Blaziken, M|
|poke|p2|Kingambit, F|
|poke|p2|Raging Bolt|
|poke|p2|Ogerpon-Wellspring, F|
|poke|p2|Greninja-*, M|
|teampreview
|j| kamenriderzayu
|inactive|Battle timer is ON: inactive players will automatically lose when time's up. (requested by KnightKnaveSpy)
|
|t:|1776063162
|teamsize|p1|6
|teamsize|p2|6
|start
|switch|p1a: Ogerpon|Ogerpon, F|100/100
|switch|p2a: Samurott|Samurott-Hisui, M|100/100
|turn|1
|
|t:|1776063169
|move|p1a: Ogerpon|Ivy Cudgel|p2a: Samurott
|-supereffective|p2a: Samurott
|-enditem|p2a: Samurott|Focus Sash
|-damage|p2a: Samurott|1/100
|move|p2a: Samurott|Ceaseless Edge|p1a: Ogerpon
|-damage|p1a: Ogerpon|46/100
|-sidestart|p1: Futz1lla|Spikes
|
|upkeep
|turn|2
|
|t:|1776063172
|move|p2a: Samurott|Sucker Punch|p1a: Ogerpon
|-damage|p1a: Ogerpon|3/100
|move|p1a: Ogerpon|Ivy Cudgel|p2a: Samurott
|-supereffective|p2a: Samurott
|-damage|p2a: Samurott|0 fnt
|faint|p2a: Samurott
|
|upkeep
|
|t:|1776063178
|switch|p2a: Greninja|Greninja, M|100/100
|turn|3
|
|t:|1776063184
|switch|p1a: Ting-Lu|Ting-Lu|100/100
|-damage|p1a: Ting-Lu|88/100|[from] Spikes
|-ability|p1a: Ting-Lu|Vessel of Ruin
|move|p2a: Greninja|Water Shuriken|p1a: Ting-Lu
|-start|p2a: Greninja|typechange|Water|[from] ability: Protean
|-supereffective|p1a: Ting-Lu
|-damage|p1a: Ting-Lu|80/100
|-supereffective|p1a: Ting-Lu
|-damage|p1a: Ting-Lu|73/100
|-supereffective|p1a: Ting-Lu
|-damage|p1a: Ting-Lu|66/100
|-supereffective|p1a: Ting-Lu
|-damage|p1a: Ting-Lu|59/100
|-hitcount|p1a: Ting-Lu|4
|
|-heal|p1a: Ting-Lu|65/100|[from] item: Leftovers
|upkeep
|turn|4
|
|t:|1776063196
|switch|p2a: Ogerpon|Ogerpon-Wellspring, F|100/100
|move|p1a: Ting-Lu|Earthquake|p2a: Ogerpon
|-resisted|p2a: Ogerpon
|-damage|p2a: Ogerpon|73/100
|
|-heal|p1a: Ting-Lu|71/100|[from] item: Leftovers
|upkeep
|turn|5
|
|t:|1776063200
|switch|p1a: Pecharunt|Pecharunt|100/100
|-item|p1a: Pecharunt|Air Balloon
|move|p2a: Ogerpon|Swords Dance|p2a: Ogerpon
|-boost|p2a: Ogerpon|atk|2
|
|upkeep
|turn|6
|
|t:|1776063203
|move|p2a: Ogerpon|Ivy Cudgel|p1a: Pecharunt|[anim] Ivy Cudgel Water
|-damage|p1a: Pecharunt|47/100
|-enditem|p1a: Pecharunt|Air Balloon
|move|p1a: Pecharunt|Toxic|p2a: Ogerpon
|-status|p2a: Ogerpon|tox
|-start|p2a: Ogerpon|confusion|[from] ability: Poison Puppeteer|[of] p1a: Pecharunt
|
|-damage|p2a: Ogerpon|67/100 tox|[from] psn
|upkeep
|turn|7
|
|t:|1776063213
|switch|p1a: Magnezone|Magnezone|100/100
|-damage|p1a: Magnezone|88/100|[from] Spikes
|-activate|p2a: Ogerpon|confusion
|move|p2a: Ogerpon|Ivy Cudgel|p1a: Magnezone|[anim] Ivy Cudgel Water
|-damage|p1a: Magnezone|0 fnt
|faint|p1a: Magnezone
|
|-damage|p2a: Ogerpon|55/100 tox|[from] psn
|upkeep
|
|t:|1776063229
|switch|p1a: Haxorus|Haxorus, M, shiny|100/100
|-damage|p1a: Haxorus|88/100|[from] Spikes
|-ability|p1a: Haxorus|Mold Breaker
|turn|8
|
|t:|1776063232
|-activate|p2a: Ogerpon|confusion
|move|p2a: Ogerpon|U-turn|p1a: Haxorus
|-damage|p1a: Haxorus|20/100
|
|t:|1776063247
|switch|p2a: Raging Bolt|Raging Bolt|100/100|[from] U-turn
|-item|p2a: Raging Bolt|Air Balloon
|move|p1a: Haxorus|Dragon Dance|p1a: Haxorus
|-boost|p1a: Haxorus|atk|1
|-boost|p1a: Haxorus|spe|1
|
|upkeep
|turn|9
|
|t:|1776063257
|move|p2a: Raging Bolt|Thunderclap|p1a: Haxorus
|-resisted|p1a: Haxorus
|-damage|p1a: Haxorus|0 fnt
|faint|p1a: Haxorus
|
|upkeep
|
|t:|1776063258
|switch|p1a: Great Tusk|Great Tusk|100/100
|turn|10
|
|t:|1776063261
|move|p1a: Great Tusk|Rapid Spin|p2a: Raging Bolt
|-damage|p2a: Raging Bolt|85/100
|-boost|p1a: Great Tusk|spe|1
|-enditem|p2a: Raging Bolt|Air Balloon
|-sideend|p1: Futz1lla|Spikes|[from] move: Rapid Spin|[of] p1a: Great Tusk
|move|p2a: Raging Bolt|Draco Meteor|p1a: Great Tusk
|-damage|p1a: Great Tusk|0 fnt
|-unboost|p2a: Raging Bolt|spa|2
|faint|p1a: Great Tusk
|-end|p1a: Great Tusk|Protosynthesis|[silent]
|
|upkeep
|
|t:|1776063264
|switch|p1a: Ting-Lu|Ting-Lu|71/100
|-ability|p1a: Ting-Lu|Vessel of Ruin
|turn|11
|
|t:|1776063270
|-end|p2a: Raging Bolt|Protosynthesis|[silent]
|switch|p2a: Ogerpon|Ogerpon-Wellspring, F|55/100 tox
|move|p1a: Ting-Lu|Earthquake|p2a: Ogerpon
|-resisted|p2a: Ogerpon
|-damage|p2a: Ogerpon|24/100 tox
|
|-heal|p1a: Ting-Lu|77/100|[from] item: Leftovers
|-damage|p2a: Ogerpon|18/100 tox|[from] psn
|upkeep
|turn|12
|
|t:|1776063273
|move|p2a: Ogerpon|Ivy Cudgel|p1a: Ting-Lu|[anim] Ivy Cudgel Water
|-supereffective|p1a: Ting-Lu
|-damage|p1a: Ting-Lu|5/100
|move|p1a: Ting-Lu|Stealth Rock|p2a: Ogerpon
|-sidestart|p2: KnightKnaveSpy|move: Stealth Rock
|
|-heal|p1a: Ting-Lu|11/100|[from] item: Leftovers
|-damage|p2a: Ogerpon|6/100 tox|[from] psn
|upkeep
|turn|13
|
|t:|1776063281
|move|p2a: Ogerpon|U-turn|p1a: Ting-Lu
|-supereffective|p1a: Ting-Lu
|-damage|p1a: Ting-Lu|0 fnt
|faint|p1a: Ting-Lu
|
|t:|1776063283
|switch|p2a: Greninja|Greninja, M|100/100|[from] U-turn
|
|upkeep
|
|t:|1776063286
|switch|p1a: Ogerpon|Ogerpon, F|3/100
|turn|14
|c|☆KnightKnaveSpy|Gg
|
|t:|1776063290
|switch|p1a: Pecharunt|Pecharunt|47/100
|move|p2a: Greninja|Water Shuriken|p1a: Pecharunt
|-start|p2a: Greninja|typechange|Water|[from] ability: Protean
|-damage|p1a: Pecharunt|40/100
|-damage|p1a: Pecharunt|33/100
|-hitcount|p1a: Pecharunt|2
|
|upkeep
|turn|15
|
|t:|1776063293
|move|p2a: Greninja|Dark Pulse|p1a: Pecharunt
|-supereffective|p1a: Pecharunt
|-damage|p1a: Pecharunt|0 fnt
|faint|p1a: Pecharunt
|
|upkeep
|-message|Futz1lla forfeited.
|
|win|KnightKnaveSpy
|raw|Futz1lla's rating: 1461 &rarr; <strong>1447</strong><br />(-14 for losing)
|raw|KnightKnaveSpy's rating: 1569 &rarr; <strong>1583</strong><br />(+14 for winning)
|l|☆Futz1lla
|player|p1|
|l|☆KnightKnaveSpy
|player|p2|
