|html|<div class="broadcast-blue"><strong>[Gen 9] OU is currently suspecting Tera Blast! For information on how to participate check out the <a href="https://www.smogon.com/tools/suspects/view/200">suspect thread</a>.</strong></div>
|j|☆Chaincrush
|j|☆lulu2026004
|t:|1776075678
|gametype|singles
|player|p1|Chaincrush|170|1349
|player|p2|lulu2026004|fisherman-gen4|1415
|gen|9
|tier|[Gen 9] OU
|rated|
|rule|HP Percentage Mod: HP is shown in percentages
|rule|Endless Battle Clause: Forcing endless battles is banned
|rule|Species Clause: Limit one of each Pokémon
|rule|OHKO Clause: OHKO moves are banned
|rule|Evasion Items Clause: Evasion items are banned
|rule|Evasion Moves Clause: Evasion moves are banned
|rule|Evasion Abilities Clause: Evasion abilities are banned
|rule|Sleep Moves Clause: Sleep-inducing moves are banned
|clearpoke
|poke|p1|Rillaboom, M|
|poke|p1|Hawlucha, F|
|poke|p1|Virizion|
|poke|p1|Slowking-Galar, M|
|poke|p1|Kyurem|
|poke|p1|Hoopa-Unbound|
|poke|p2|Hawlucha, M|
|poke|p2|Polteageist|
|poke|p2|Indeedee, M|
|poke|p2|Kyurem|
|poke|p2|Hatterene, F|
|poke|p2|Corviknight, M|
|teampreview
|inactive|Battle timer is ON: inactive players will automatically lose when time's up. (requested by lulu2026004)
|
|t:|1776075693
|teamsize|p1|6
|teamsize|p2|6
|start
|switch|p1a: Rillaboom|Rillaboom, M|100/100
|switch|p2a: Kyurem|Kyurem|100/100
|-ability|p2a: Kyurem|Pressure
|-fieldstart|move: Grassy Terrain|[from] ability: Grassy Surge|[of] p1a: Rillaboom
|turn|1
|
|t:|1776075705
|switch|p1a: Slowking|Slowking-Galar, M|100/100
|move|p2a: Kyurem|Dragon Dance|p2a: Kyurem
|-boost|p2a: Kyurem|atk|1
|-boost|p2a: Kyurem|spe|1
|
|upkeep
|turn|2
|
|t:|1776075713
|move|p2a: Kyurem|Icicle Spear|p1a: Slowking
|-damage|p1a: Slowking|76/100
|-damage|p1a: Slowking|53/100
|-damage|p1a: Slowking|32/100
|-damage|p1a: Slowking|10/100
|-hitcount|p1a: Slowking|4
|move|p1a: Slowking|Toxic|p2a: Kyurem
|-status|p2a: Kyurem|tox
|
|-heal|p1a: Slowking|16/100|[from] Grassy Terrain
|-damage|p2a: Kyurem|94/100 tox|[from] psn
|upkeep
|turn|3
|inactive|Chaincrush has 120 seconds left.
|
|t:|1776075762
|move|p2a: Kyurem|Icicle Spear|p1a: Slowking
|-damage|p1a: Slowking|0 fnt
|faint|p1a: Slowking
|-hitcount|p1: Slowking|1
|
|-heal|p2a: Kyurem|100/100 tox|[from] Grassy Terrain
|-damage|p2a: Kyurem|88/100 tox|[from] psn
|upkeep
|
|t:|1776075766
|switch|p1a: Hoopa|Hoopa-Unbound|100/100
|-enditem|p1a: Hoopa|Grassy Seed
|-boost|p1a: Hoopa|def|1|[from] item: Grassy Seed
|turn|4
|
|t:|1776075778
|move|p2a: Kyurem|Icicle Spear|p1a: Hoopa
|-crit|p1a: Hoopa
|-damage|p1a: Hoopa|55/100
|-damage|p1a: Hoopa|35/100
|-damage|p1a: Hoopa|15/100
|-damage|p1a: Hoopa|0 fnt
|faint|p1a: Hoopa
|-hitcount|p1: Hoopa|4
|
|-heal|p2a: Kyurem|94/100 tox|[from] Grassy Terrain
|-damage|p2a: Kyurem|76/100 tox|[from] psn
|upkeep
|
|t:|1776075789
|switch|p1a: Hawlucha|Hawlucha, F|100/100
|-enditem|p1a: Hawlucha|Grassy Seed
|-boost|p1a: Hawlucha|def|1|[from] item: Grassy Seed
|turn|5
|
|t:|1776075794
|move|p1a: Hawlucha|Close Combat|p2a: Kyurem
|-supereffective|p2a: Kyurem
|-crit|p2a: Kyurem
|-damage|p2a: Kyurem|0 fnt
|-unboost|p1a: Hawlucha|def|1
|-unboost|p1a: Hawlucha|spd|1
|faint|p2a: Kyurem
|
|-fieldend|move: Grassy Terrain
|upkeep
|
|t:|1776075810
|switch|p2a: Corviknight|Corviknight, M|100/100
|-ability|p2a: Corviknight|Pressure
|turn|6
|
|t:|1776075823
|switch|p1a: Kyurem|Kyurem|100/100
|-ability|p1a: Kyurem|Pressure
|move|p2a: Corviknight|Body Press|p1a: Kyurem
|-supereffective|p1a: Kyurem
|-damage|p1a: Kyurem|47/100
|
|upkeep
|turn|7
|
|t:|1776075832
|move|p1a: Kyurem|Freeze-Dry|p2a: Corviknight
|-damage|p2a: Corviknight|54/100
|-status|p2a: Corviknight|frz
|cant|p2a: Corviknight|frz
|
|upkeep
|turn|8
|
|t:|1776075842
|switch|p2a: Indeedee|Indeedee, M|100/100
|-fieldstart|move: Psychic Terrain|[from] ability: Psychic Surge|[of] p2a: Indeedee
|move|p1a: Kyurem|Freeze-Dry|p2a: Indeedee
|-damage|p2a: Indeedee|30/100
|
|upkeep
|turn|9
|
|t:|1776075851
|move|p2a: Indeedee|Expanding Force|p1a: Kyurem
|-damage|p1a: Kyurem|0 fnt
|faint|p1a: Kyurem
|
|upkeep
|
|t:|1776075854
|switch|p1a: Rillaboom|Rillaboom, M|100/100
|-fieldstart|move: Grassy Terrain|[from] ability: Grassy Surge|[of] p1a: Rillaboom
|turn|10
|
|t:|1776075860
|switch|p2a: Corviknight|Corviknight, M|54/100 frz
|-ability|p2a: Corviknight|Pressure
|move|p1a: Rillaboom|U-turn|p2a: Corviknight
|-resisted|p2a: Corviknight
|-damage|p2a: Corviknight|48/100 frz
|-damage|p1a: Rillaboom|84/100|[from] item: Rocky Helmet|[of] p2a: Corviknight
|
|t:|1776075872
|switch|p1a: Hawlucha|Hawlucha, F|100/100|[from] U-turn
|
|upkeep
|turn|11
|
|t:|1776075878
|move|p1a: Hawlucha|Swords Dance|p1a: Hawlucha
|-boost|p1a: Hawlucha|atk|2
|cant|p2a: Corviknight|frz
|
|upkeep
|turn|12
|
|t:|1776075884
|move|p1a: Hawlucha|Close Combat|p2a: Corviknight
|-damage|p2a: Corviknight|0 fnt
|-unboost|p1a: Hawlucha|def|1
|-unboost|p1a: Hawlucha|spd|1
|-damage|p1a: Hawlucha|84/100|[from] item: Rocky Helmet|[of] p2a: Corviknight
|faint|p2a: Corviknight
|
|upkeep
|
|t:|1776075894
|switch|p2a: Indeedee|Indeedee, M|30/100
|-fieldstart|move: Psychic Terrain|[from] ability: Psychic Surge|[of] p2a: Indeedee
|turn|13
|
|t:|1776075899
|switch|p2a: Hatterene|Hatterene, F|100/100
|move|p1a: Hawlucha|Acrobatics|p2a: Hatterene
|-damage|p2a: Hatterene|28/100
|-enditem|p2a: Hatterene|Eject Button
|
|t:|1776075906
|switch|p2a: Hawlucha|Hawlucha, M|100/100
|-enditem|p2a: Hawlucha|Psychic Seed
|-boost|p2a: Hawlucha|spd|1|[from] item: Psychic Seed
|
|upkeep
|turn|14
|
|t:|1776075913
|move|p2a: Hawlucha|Acrobatics|p1a: Hawlucha
|-supereffective|p1a: Hawlucha
|-damage|p1a: Hawlucha|0 fnt
|faint|p1a: Hawlucha
|
|upkeep
|
|t:|1776075915
|switch|p1a: Virizion|Virizion|100/100
|turn|15
|
|t:|1776075924
|-terastallize|p2a: Hawlucha|Steel
|-terastallize|p1a: Virizion|Rock
|move|p2a: Hawlucha|Acrobatics|p1a: Virizion
|-resisted|p1a: Virizion
|-damage|p1a: Virizion|72/100
|move|p1a: Virizion|Stone Edge|p2a: Hawlucha
|-resisted|p2a: Hawlucha
|-damage|p2a: Hawlucha|70/100
|
|upkeep
|turn|16
|
|t:|1776075935
|move|p2a: Hawlucha|Drain Punch|p1a: Virizion
|-supereffective|p1a: Virizion
|-damage|p1a: Virizion|0 fnt
|-heal|p2a: Hawlucha|100/100|[from] drain|[of] p1a: Virizion
|faint|p1a: Virizion
|
|upkeep
|c|☆Chaincrush|Hawlucha is the goat
|c|☆Chaincrush|and you can't even get thunder clapped
|
|t:|1776075956
|switch|p1a: Rillaboom|Rillaboom, M|84/100
|-fieldstart|move: Grassy Terrain|[from] ability: Grassy Surge|[of] p1a: Rillaboom
|turn|17
|
|t:|1776075968
|move|p1a: Rillaboom|Grassy Glide|p2a: Hawlucha
|-resisted|p2a: Hawlucha
|-crit|p2a: Hawlucha
|-damage|p2a: Hawlucha|33/100
|move|p2a: Hawlucha|Acrobatics|p1a: Rillaboom
|-supereffective|p1a: Rillaboom
|-damage|p1a: Rillaboom|0 fnt
|faint|p1a: Rillaboom
|
|win|lulu2026004
|raw|Chaincrush's rating: 1349 &rarr; <strong>1333</strong><br />(-16 for losing)
|raw|lulu2026004's rating: 1415 &rarr; <strong>1431</strong><br />(+16 for winning)
|l|☆Chaincrush
|player|p1|
|l|☆lulu2026004
|player|p2|
