|html|<div class="broadcast-blue"><strong>[Gen 9] OU is currently suspecting Tera Blast! For information on how to participate check out the <a href="https://www.smogon.com/tools/suspects/view/200">suspect thread</a>.</strong></div>
|j|☆icylikedecember
|j|☆qizrad
|t:|1776170211
|gametype|singles
|player|p1|icylikedecember|skierf|1630
|player|p2|qizrad|sage|1782
|gen|9
|tier|[Gen 9] OU
|rated|
|rule|HP Percentage Mod: HP is shown in percentages
|rule|Endless Battle Clause: Forcing endless battles is banned
|rule|Species Clause: Limit one of each Pokémon
|rule|OHKO Clause: OHKO moves are banned
|rule|Evasion Items Clause: Evasion items are banned
|rule|Evasion Moves Clause: Evasion moves are banned
|rule|Evasion Abilities Clause: Evasion abilities are banned
|rule|Sleep Moves Clause: Sleep-inducing moves are banned
|clearpoke
|poke|p1|Landorus-Therian, M|
|poke|p1|Corviknight, M|
|poke|p1|Slowking-Galar, M|
|poke|p1|Crawdaunt, M|
|poke|p1|Darkrai|
|poke|p1|Gholdengo|
|poke|p2|Araquanid, F|
|poke|p2|Ceruledge, M|
|poke|p2|Enamorus, F|
|poke|p2|Iron Treads|
|poke|p2|Kingambit, F|
|poke|p2|Pecharunt|
|teampreview
|inactive|Battle timer is ON: inactive players will automatically lose when time's up. (requested by qizrad)
|inactive|qizrad has 120 seconds left.
|
|t:|1776170254
|teamsize|p1|6
|teamsize|p2|6
|start
|switch|p1a: Crawdaunt|Crawdaunt, M|100/100
|switch|p2a: Misty|Araquanid, F|100/100
|turn|1
|
|t:|1776170267
|move|p1a: Crawdaunt|Knock Off|p2a: Misty
|-damage|p2a: Misty|0 fnt
|-enditem|p2a: Misty|Custap Berry|[from] move: Knock Off|[of] p1a: Crawdaunt
|faint|p2a: Misty
|
|upkeep
|
|t:|1776170282
|switch|p2a: Goddess|Enamorus, F|100/100
|turn|2
|
|t:|1776170287
|switch|p1a: Slowking|Slowking-Galar, M, shiny|100/100
|move|p2a: Goddess|Earth Power|p1a: Slowking
|-supereffective|p1a: Slowking
|-damage|p1a: Slowking|44/100
|
|upkeep
|turn|3
|
|t:|1776170312
|switch|p2a: Bewitched|Pecharunt|100/100
|-item|p2a: Bewitched|Air Balloon
|switch|p1a: Landorus|Landorus-Therian, M|100/100
|-ability|p1a: Landorus|Intimidate|boost
|-unboost|p2a: Bewitched|atk|1
|
|upkeep
|turn|4
|
|t:|1776170327
|move|p1a: Landorus|Stealth Rock|p2a: Bewitched
|-sidestart|p2: qizrad|move: Stealth Rock
|move|p2a: Bewitched|Nasty Plot|p2a: Bewitched
|-boost|p2a: Bewitched|spa|2
|
|upkeep
|turn|5
|
|t:|1776170332
|move|p1a: Landorus|U-turn|p2a: Bewitched
|-resisted|p2a: Bewitched
|-damage|p2a: Bewitched|97/100
|-enditem|p2a: Bewitched|Air Balloon
|
|t:|1776170336
|switch|p1a: Darkrai|Darkrai|100/100|[from] U-turn
|move|p2a: Bewitched|Shadow Ball|p1a: Darkrai
|-resisted|p1a: Darkrai
|-damage|p1a: Darkrai|58/100
|-unboost|p1a: Darkrai|spd|1
|
|upkeep
|turn|6
|inactive|qizrad has 120 seconds left.
|
|t:|1776170375
|switch|p2a: Promise|Iron Treads|100/100
|-damage|p2a: Promise|97/100|[from] Stealth Rock
|-enditem|p2a: Promise|Booster Energy
|-activate|p2a: Promise|ability: Quark Drive|[fromitem]
|-start|p2a: Promise|quarkdrivespe
|move|p1a: Darkrai|Dark Pulse|p2a: Promise
|-damage|p2a: Promise|34/100
|
|upkeep
|turn|7
|j| jxdn404
|inactive|qizrad has 120 seconds left.
|
|t:|1776170391
|switch|p1a: Crawdaunt|Crawdaunt, M|100/100
|move|p2a: Promise|Earth Power|p1a: Crawdaunt
|-damage|p1a: Crawdaunt|34/100
|
|upkeep
|turn|8
|inactive|qizrad has 120 seconds left.
|
|t:|1776170406
|-end|p2a: Promise|Quark Drive|[silent]
|switch|p2a: Bewitched|Pecharunt|97/100
|-damage|p2a: Bewitched|84/100|[from] Stealth Rock
|move|p1a: Crawdaunt|Aqua Jet|p2a: Bewitched
|-damage|p2a: Bewitched|52/100
|
|upkeep
|turn|9
|inactive|qizrad has 120 seconds left.
|
|t:|1776170414
|move|p1a: Crawdaunt|Aqua Jet|p2a: Bewitched
|-damage|p2a: Bewitched|19/100
|move|p2a: Bewitched|Malignant Chain|p1a: Crawdaunt
|-damage|p1a: Crawdaunt|0 fnt
|faint|p1a: Crawdaunt
|
|upkeep
|
|t:|1776170422
|switch|p1a: Darkrai|Darkrai|58/100
|turn|10
|
|t:|1776170431
|move|p1a: Darkrai|Dark Pulse|p2a: Bewitched
|-supereffective|p2a: Bewitched
|-damage|p2a: Bewitched|0 fnt
|faint|p2a: Bewitched
|
|upkeep
|l| jxdn404
|inactive|qizrad has 120 seconds left.
|inactive|qizrad has 90 seconds left.
|
|t:|1776170495
|switch|p2a: Nocturne|Ceruledge, M|100/100
|-damage|p2a: Nocturne|76/100|[from] Stealth Rock
|turn|11
|
|t:|1776170499
|-terastallize|p2a: Nocturne|Fairy
|move|p1a: Darkrai|Dark Pulse|p2a: Nocturne
|-resisted|p2a: Nocturne
|-damage|p2a: Nocturne|54/100
|move|p2a: Nocturne|Bitter Blade|p1a: Darkrai
|-damage|p1a: Darkrai|0 fnt
|-heal|p2a: Nocturne|79/100|[from] drain|[of] p1a: Darkrai
|faint|p1a: Darkrai
|-damage|p2a: Nocturne|70/100|[from] item: Life Orb
|
|upkeep
|
|t:|1776170509
|switch|p1a: Landorus|Landorus-Therian, M|100/100
|-ability|p1a: Landorus|Intimidate|boost
|-unboost|p2a: Nocturne|atk|1
|turn|12
|inactive|qizrad has 90 seconds left.
|
|t:|1776170536
|switch|p2a: Goddess|Enamorus, F|100/100
|-damage|p2a: Goddess|76/100|[from] Stealth Rock
|move|p1a: Landorus|Earthquake|p2a: Goddess
|-immune|p2a: Goddess
|
|upkeep
|turn|13
|
|t:|1776170552
|switch|p2a: Promise|Iron Treads|34/100
|-damage|p2a: Promise|31/100|[from] Stealth Rock
|switch|p1a: Slowking|Slowking-Galar, M, shiny|77/100
|
|upkeep
|turn|14
|
|t:|1776170563
|switch|p1a: Gholdengo|Gholdengo|100/100
|move|p2a: Promise|Rapid Spin|p1a: Gholdengo
|-immune|p1a: Gholdengo
|
|upkeep
|turn|15
|
|t:|1776170569
|move|p1a: Gholdengo|Shadow Ball|p2a: Promise
|-damage|p2a: Promise|0 fnt
|faint|p2a: Promise
|-end|p2a: Promise|Quark Drive|[silent]
|
|upkeep
|
|t:|1776170576
|switch|p2a: Trouble|Kingambit, F|100/100
|-damage|p2a: Trouble|94/100|[from] Stealth Rock
|-activate|p2a: Trouble|ability: Supreme Overlord
|-start|p2a: Trouble|fallen3|[silent]
|turn|16
|j| QD KING
|
|t:|1776170585
|switch|p1a: Landorus|Landorus-Therian, M|100/100
|-ability|p1a: Landorus|Intimidate|boost
|-unboost|p2a: Trouble|atk|1
|move|p2a: Trouble|Swords Dance|p2a: Trouble
|-boost|p2a: Trouble|atk|2
|
|upkeep
|turn|17
|
|t:|1776170591
|move|p1a: Landorus|Earthquake|p2a: Trouble
|-supereffective|p2a: Trouble
|-damage|p2a: Trouble|13/100
|move|p2a: Trouble|Kowtow Cleave|p1a: Landorus
|-damage|p1a: Landorus|0 fnt
|-damage|p2a: Trouble|0 fnt|[from] item: Rocky Helmet|[of] p1a: Landorus
|faint|p1a: Landorus
|faint|p2a: Trouble
|-end|p2a: Trouble|fallen3|[silent]
|
|upkeep
|j| chillncurry
|inactive|qizrad has 90 seconds left.
|c|☆qizrad|gg
|c|☆icylikedecember|gg
|inactive|qizrad has 60 seconds left.
|c|☆qizrad|forgot about make it rain lol
|
|t:|1776170654
|switch|p1a: Gholdengo|Gholdengo|100/100
|switch|p2a: Goddess|Enamorus, F|76/100
|-damage|p2a: Goddess|51/100|[from] Stealth Rock
|turn|18
|
|t:|1776170684
|move|p1a: Gholdengo|Make It Rain|p2a: Goddess
|-supereffective|p2a: Goddess
|-damage|p2a: Goddess|0 fnt
|-unboost|p1a: Gholdengo|spa|1
|faint|p2a: Goddess
|
|upkeep
|j| qklingying
|
|t:|1776170691
|switch|p2a: Nocturne|Ceruledge, M, tera:Fairy|70/100
|-damage|p2a: Nocturne|57/100|[from] Stealth Rock
|turn|19
|
|t:|1776170694
|-terastallize|p1a: Gholdengo|Fairy
|move|p1a: Gholdengo|Make It Rain|p2a: Nocturne
|-supereffective|p2a: Nocturne
|-damage|p2a: Nocturne|0 fnt
|-unboost|p1a: Gholdengo|spa|1
|faint|p2a: Nocturne
|
|win|icylikedecember
|raw|icylikedecember's rating: 1630 &rarr; <strong>1658</strong><br />(+28 for winning)
|raw|qizrad's rating: 1782 &rarr; <strong>1754</strong><br />(-28 for losing)
|l|☆qizrad
|player|p2|
|l|☆icylikedecember
|player|p1|
|l| chillncurry
