|html|<div class="broadcast-blue"><strong>[Gen 9] OU is currently suspecting Tera Blast! For information on how to participate check out the <a href="https://www.smogon.com/tools/suspects/view/200">suspect thread</a>.</strong></div>
|j|☆CHESTEEER
|j|☆Scotty D Pimpin
|t:|1776353725
|gametype|singles
|player|p1|CHESTEEER|erika|1095
|player|p2|Scotty D Pimpin|hilbert|1141
|gen|9
|tier|[Gen 9] OU
|rated|
|rule|HP Percentage Mod: HP is shown in percentages
|rule|Endless Battle Clause: Forcing endless battles is banned
|rule|Species Clause: Limit one of each Pokémon
|rule|OHKO Clause: OHKO moves are banned
|rule|Evasion Items Clause: Evasion items are banned
|rule|Evasion Moves Clause: Evasion moves are banned
|rule|Evasion Abilities Clause: Evasion abilities are banned
|rule|Sleep Moves Clause: Sleep-inducing moves are banned
|clearpoke
|poke|p1|Bagon, M|
|poke|p1|Espurr, L5, M|
|poke|p1|Chingling, F|
|poke|p1|Mudbray, F|
|poke|p1|Phantump, L5, M|
|poke|p1|Mienfoo, M|
|poke|p2|Salamence, M|
|poke|p2|Garchomp, M|
|poke|p2|Dragapult, M|
|poke|p2|Goodra-Hisui, F|
|poke|p2|Haxorus, M|
|poke|p2|Latias, F|
|teampreview
|c|☆CHESTEEER|Heya
|
|t:|1776353743
|teamsize|p1|6
|teamsize|p2|6
|start
|switch|p1a: Espurr|Espurr, L5, M|100/100
|switch|p2a: Salamence|Salamence, M|100/100
|-ability|p2a: Salamence|Intimidate|boost
|-unboost|p1a: Espurr|atk|1
|turn|1
|c|☆Scotty D Pimpin|Howdy
|
|t:|1776353756
|move|p2a: Salamence|Dragon Dance|p2a: Salamence
|-boost|p2a: Salamence|atk|1
|-boost|p2a: Salamence|spe|1
|move|p1a: Espurr|Thunderbolt|p2a: Salamence
|-damage|p2a: Salamence|99/100
|
|upkeep
|turn|2
|c|☆CHESTEEER|1%
|c|☆CHESTEEER|Damn, he's such a strong little guy
|
|t:|1776353788
|move|p2a: Salamence|Dragon Dance|p2a: Salamence
|-boost|p2a: Salamence|atk|1
|-boost|p2a: Salamence|spe|1
|move|p1a: Espurr|Psyshock|p2a: Salamence
|-damage|p2a: Salamence|99/100
|
|upkeep
|turn|3
|
|t:|1776353798
|move|p2a: Salamence|Dragon Dance|p2a: Salamence
|-boost|p2a: Salamence|atk|1
|-boost|p2a: Salamence|spe|1
|move|p1a: Espurr|Thunderbolt|p2a: Salamence
|-damage|p2a: Salamence|99/100
|
|upkeep
|turn|4
|
|t:|1776353806
|switch|p1a: Bagon|Bagon, M|100/100
|move|p2a: Salamence|Dragon Dance|p2a: Salamence
|-boost|p2a: Salamence|atk|1
|-boost|p2a: Salamence|spe|1
|
|upkeep
|turn|5
|
|t:|1776353813
|move|p2a: Salamence|Dual Wingbeat|p1a: Bagon
|-damage|p1a: Bagon|0 fnt
|faint|p1a: Bagon
|-hitcount|p1: Bagon|1
|
|upkeep
|
|t:|1776353818
|switch|p1a: Mienfoo|Mienfoo, M|100/100
|turn|6
|
|t:|1776353822
|move|p2a: Salamence|Dual Wingbeat|p1a: Mienfoo
|-supereffective|p1a: Mienfoo
|-damage|p1a: Mienfoo|0 fnt
|faint|p1a: Mienfoo
|-hitcount|p1: Mienfoo|1
|
|upkeep
|
|t:|1776353832
|switch|p1a: Phantump|Phantump, L5, M, shiny|100/100
|turn|7
|
|t:|1776353836
|move|p2a: Salamence|Dual Wingbeat|p1a: Phantump
|-supereffective|p1a: Phantump
|-damage|p1a: Phantump|0 fnt
|faint|p1a: Phantump
|-hitcount|p1: Phantump|1
|
|upkeep
|
|t:|1776353842
|switch|p1a: Espurr|Espurr, L5, M|100/100
|turn|8
|
|t:|1776353846
|move|p2a: Salamence|Dual Wingbeat|p1a: Espurr
|-enditem|p1a: Espurr|Focus Sash
|-damage|p1a: Espurr|5/100
|-damage|p1a: Espurr|0 fnt
|faint|p1a: Espurr
|-hitcount|p1: Espurr|2
|
|upkeep
|
|t:|1776353853
|switch|p1a: Mudbray|Mudbray, F|100/100
|turn|9
|
|t:|1776353857
|move|p2a: Salamence|Dual Wingbeat|p1a: Mudbray
|-damage|p1a: Mudbray|42/100
|-ability|p1a: Mudbray|Stamina|boost
|-boost|p1a: Mudbray|def|1
|-damage|p1a: Mudbray|0 fnt
|faint|p1a: Mudbray
|-hitcount|p1: Mudbray|2
|
|upkeep
|
|t:|1776353864
|switch|p1a: Chingling|Chingling, F|100/100
|turn|10
|
|t:|1776353868
|move|p2a: Salamence|Dual Wingbeat|p1a: Chingling|[miss]
|-miss|p2a: Salamence|p1a: Chingling
|move|p1a: Chingling|Dazzling Gleam|p2a: Salamence
|-supereffective|p2a: Salamence
|-damage|p2a: Salamence|54/100
|
|upkeep
|turn|11
|
|t:|1776353875
|move|p2a: Salamence|Dual Wingbeat|p1a: Chingling
|-damage|p1a: Chingling|0 fnt
|-damage|p2a: Salamence|37/100|[from] item: Rocky Helmet|[of] p1a: Chingling
|faint|p1a: Chingling
|-hitcount|p1: Chingling|1
|
|win|Scotty D Pimpin
|raw|CHESTEEER's rating: 1095 &rarr; <strong>1074</strong><br />(-21 for losing)
|raw|Scotty D Pimpin's rating: 1141 &rarr; <strong>1163</strong><br />(+22 for winning)
|c|☆Scotty D Pimpin|GG
|l|☆Scotty D Pimpin
|player|p2|
|c|☆CHESTEEER|gg
