|html|<div class="broadcast-blue"><strong>[Gen 9] OU is currently suspecting Tera Blast! For information on how to participate check out the <a href="https://www.smogon.com/tools/suspects/view/200">suspect thread</a>.</strong></div>
|j|☆songgea
|j|☆1 euro de l'h
|t:|1776092571
|gametype|singles
|player|p1|songgea|aromalady|1699
|player|p2|1 euro de l'h|lucas|1729
|gen|9
|tier|[Gen 9] OU
|rated|
|rule|HP Percentage Mod: HP is shown in percentages
|rule|Endless Battle Clause: Forcing endless battles is banned
|rule|Species Clause: Limit one of each Pokémon
|rule|OHKO Clause: OHKO moves are banned
|rule|Evasion Items Clause: Evasion items are banned
|rule|Evasion Moves Clause: Evasion moves are banned
|rule|Evasion Abilities Clause: Evasion abilities are banned
|rule|Sleep Moves Clause: Sleep-inducing moves are banned
|clearpoke
|poke|p1|Glimmora, F|
|poke|p1|Ting-Lu|
|poke|p1|Zamazenta-*|
|poke|p1|Goodra-Hisui, F|
|poke|p1|Ogerpon-Wellspring, F|
|poke|p1|Enamorus, F|
|poke|p2|Landorus-Therian, M|
|poke|p2|Ogerpon-Wellspring, F|
|poke|p2|Gholdengo|
|poke|p2|Kingambit, M|
|poke|p2|Great Tusk|
|poke|p2|Kyurem|
|teampreview
|
|t:|1776092588
|teamsize|p1|6
|teamsize|p2|6
|start
|switch|p1a: Goodra|Goodra-Hisui, F|100/100
|switch|p2a: Kyurem|Kyurem|100/100
|-ability|p2a: Kyurem|Pressure
|turn|1
|j| Metallic Symphony
|
|t:|1776092596
|move|p2a: Kyurem|Earth Power|p1a: Goodra
|-supereffective|p1a: Goodra
|-damage|p1a: Goodra|72/100
|move|p1a: Goodra|Knock Off|p2a: Kyurem
|-damage|p2a: Kyurem|74/100
|-enditem|p2a: Kyurem|Assault Vest|[from] move: Knock Off|[of] p1a: Goodra
|
|upkeep
|turn|2
|l| Metallic Symphony
|
|t:|1776092626
|move|p2a: Kyurem|Focus Blast|p1a: Goodra
|-supereffective|p1a: Goodra
|-damage|p1a: Goodra|33/100
|move|p1a: Goodra|Dragon Tail|p2a: Kyurem
|-supereffective|p2a: Kyurem
|-damage|p2a: Kyurem|30/100
|drag|p2a: Ogerpon|Ogerpon-Wellspring, F|100/100
|
|upkeep
|turn|3
|
|t:|1776092637
|switch|p1a: Glimmora|Glimmora, F|100/100
|move|p2a: Ogerpon|Play Rough|p1a: Glimmora|[miss]
|-miss|p2a: Ogerpon|p1a: Glimmora
|
|upkeep
|turn|4
|
|t:|1776092647
|move|p2a: Ogerpon|Ivy Cudgel|p1a: Glimmora|[anim] Ivy Cudgel Water
|-supereffective|p1a: Glimmora
|-crit|p1a: Glimmora
|-damage|p1a: Glimmora|0 fnt
|-activate|p1a: Glimmora|ability: Toxic Debris
|-sidestart|p2: 1 euro de l'h|move: Toxic Spikes
|faint|p1a: Glimmora
|
|upkeep
|
|t:|1776092654
|switch|p1a: Ting-Lu|Ting-Lu|100/100
|-ability|p1a: Ting-Lu|Vessel of Ruin
|turn|5
|
|t:|1776092662
|-terastallize|p1a: Ting-Lu|Ghost
|move|p2a: Ogerpon|Swords Dance|p2a: Ogerpon
|-boost|p2a: Ogerpon|atk|2
|move|p1a: Ting-Lu|Stealth Rock|p2a: Ogerpon
|-sidestart|p2: 1 euro de l'h|move: Stealth Rock
|
|upkeep
|turn|6
|
|t:|1776092670
|switch|p1a: Ogerpon|Ogerpon-Wellspring, F|100/100
|move|p2a: Ogerpon|Ivy Cudgel|p1a: Ogerpon|[anim] Ivy Cudgel Water
|-immune|p1a: Ogerpon|[from] ability: Water Absorb
|
|upkeep
|turn|7
|
|t:|1776092677
|move|p1a: Ogerpon|Encore|p2a: Ogerpon
|-start|p2a: Ogerpon|Encore
|move|p2a: Ogerpon|Ivy Cudgel|p1a: Ogerpon|[anim] Ivy Cudgel Water
|-immune|p1a: Ogerpon|[from] ability: Water Absorb
|
|upkeep
|turn|8
|
|t:|1776092684
|switch|p2a: Kyurem|Kyurem|30/100
|-status|p2a: Kyurem|psn
|-damage|p2a: Kyurem|5/100 psn|[from] Stealth Rock
|-ability|p2a: Kyurem|Pressure
|move|p1a: Ogerpon|Horn Leech|p2a: Kyurem
|-resisted|p2a: Kyurem
|-damage|p2a: Kyurem|0 fnt
|faint|p2a: Kyurem
|
|upkeep
|
|t:|1776092686
|switch|p2a: Great Tusk|Great Tusk|100/100
|-status|p2a: Great Tusk|psn
|-damage|p2a: Great Tusk|97/100 psn|[from] Stealth Rock
|-enditem|p2a: Great Tusk|Booster Energy
|-activate|p2a: Great Tusk|ability: Protosynthesis|[fromitem]
|-start|p2a: Great Tusk|protosynthesisspe
|turn|9
|
|t:|1776092703
|switch|p1a: Ting-Lu|Ting-Lu, tera:Ghost|100/100
|-ability|p1a: Ting-Lu|Vessel of Ruin
|move|p2a: Great Tusk|Head Smash|p1a: Ting-Lu
|-damage|p1a: Ting-Lu|76/100
|-damage|p2a: Great Tusk|81/100 psn|[from] item: Rocky Helmet|[of] p1a: Ting-Lu
|-damage|p2a: Great Tusk|67/100 psn|[from] Recoil
|
|-damage|p2a: Great Tusk|55/100 psn|[from] psn
|upkeep
|turn|10
|
|t:|1776092715
|move|p2a: Great Tusk|Headlong Rush|p1a: Ting-Lu
|-damage|p1a: Ting-Lu|46/100
|-unboost|p2a: Great Tusk|def|1
|-unboost|p2a: Great Tusk|spd|1
|-damage|p2a: Great Tusk|38/100 psn|[from] item: Rocky Helmet|[of] p1a: Ting-Lu
|move|p1a: Ting-Lu|Earthquake|p2a: Great Tusk
|-damage|p2a: Great Tusk|0 fnt
|faint|p2a: Great Tusk
|-end|p2a: Great Tusk|Protosynthesis|[silent]
|
|upkeep
|
|t:|1776092733
|switch|p2a: Kingambit|Kingambit, M|100/100
|-damage|p2a: Kingambit|94/100|[from] Stealth Rock
|-activate|p2a: Kingambit|ability: Supreme Overlord
|-start|p2a: Kingambit|fallen2|[silent]
|turn|11
|
|t:|1776092739
|move|p2a: Kingambit|Kowtow Cleave|p1a: Ting-Lu
|-supereffective|p1a: Ting-Lu
|-damage|p1a: Ting-Lu|0 fnt
|-damage|p2a: Kingambit|78/100|[from] item: Rocky Helmet|[of] p1a: Ting-Lu
|faint|p1a: Ting-Lu
|
|-heal|p2a: Kingambit|84/100|[from] item: Leftovers
|upkeep
|
|t:|1776092751
|switch|p1a: Zamazenta|Zamazenta|100/100
|-ability|p1a: Zamazenta|Dauntless Shield|boost
|-boost|p1a: Zamazenta|def|1
|turn|12
|
|t:|1776092761
|-end|p2a: Kingambit|fallen2|[silent]
|switch|p2a: Landorus|Landorus-Therian, M|100/100
|-damage|p2a: Landorus|88/100|[from] Stealth Rock
|-ability|p2a: Landorus|Intimidate|boost
|-unboost|p1a: Zamazenta|atk|1
|move|p1a: Zamazenta|Body Press|p2a: Landorus
|-resisted|p2a: Landorus
|-damage|p2a: Landorus|63/100
|-damage|p1a: Zamazenta|84/100|[from] item: Rocky Helmet|[of] p2a: Landorus
|
|-heal|p1a: Zamazenta|90/100|[from] item: Leftovers
|upkeep
|turn|13
|
|t:|1776092774
|switch|p1a: Enamorus|Enamorus, F|100/100
|move|p2a: Landorus|Stealth Rock|p1a: Enamorus
|-sidestart|p1: songgea|move: Stealth Rock
|
|upkeep
|turn|14
|
|t:|1776092783
|move|p1a: Enamorus|Moonblast|p2a: Landorus
|-damage|p2a: Landorus|4/100
|move|p2a: Landorus|U-turn|p1a: Enamorus
|-resisted|p1a: Enamorus
|-damage|p1a: Enamorus|93/100
|
|t:|1776092786
|switch|p2a: Gholdengo|Gholdengo|100/100|[from] U-turn
|-damage|p2a: Gholdengo|94/100|[from] Stealth Rock
|
|upkeep
|turn|15
|
|t:|1776092795
|switch|p1a: Goodra|Goodra-Hisui, F|33/100
|-damage|p1a: Goodra|27/100|[from] Stealth Rock
|move|p2a: Gholdengo|Shadow Ball|p1a: Goodra
|-damage|p1a: Goodra|10/100
|
|upkeep
|turn|16
|
|t:|1776092803
|move|p2a: Gholdengo|Shadow Ball|p1a: Goodra
|-damage|p1a: Goodra|0 fnt
|faint|p1a: Goodra
|
|upkeep
|
|t:|1776092808
|switch|p1a: Ogerpon|Ogerpon-Wellspring, F|100/100
|-damage|p1a: Ogerpon|88/100|[from] Stealth Rock
|turn|17
|
|t:|1776092831
|switch|p2a: Landorus|Landorus-Therian, M|4/100
|-damage|p2a: Landorus|0 fnt|[from] Stealth Rock
|faint|p2a: Landorus
|move|p1a: Ogerpon|Knock Off|p2: Landorus|[notarget]
|-fail|p1a: Ogerpon
|
|upkeep
|
|t:|1776092835
|switch|p2a: Kingambit|Kingambit, M|84/100
|-damage|p2a: Kingambit|78/100|[from] Stealth Rock
|-activate|p2a: Kingambit|ability: Supreme Overlord
|-start|p2a: Kingambit|fallen3|[silent]
|turn|18
|
|t:|1776092843
|move|p1a: Ogerpon|Ivy Cudgel|p2a: Kingambit|[anim] Ivy Cudgel Water
|-crit|p2a: Kingambit
|-damage|p2a: Kingambit|0 fnt
|faint|p2a: Kingambit
|-end|p2a: Kingambit|fallen3|[silent]
|
|upkeep
|
|t:|1776092898
|switch|p2a: Ogerpon|Ogerpon-Wellspring, F|100/100
|-status|p2a: Ogerpon|psn
|-damage|p2a: Ogerpon|88/100 psn|[from] Stealth Rock
|turn|19
|
|t:|1776092904
|switch|p1a: Zamazenta|Zamazenta|90/100
|-damage|p1a: Zamazenta|84/100|[from] Stealth Rock
|move|p2a: Ogerpon|Trailblaze|p1a: Zamazenta
|-damage|p1a: Zamazenta|59/100
|-boost|p2a: Ogerpon|spe|1
|
|-heal|p1a: Zamazenta|65/100|[from] item: Leftovers
|-damage|p2a: Ogerpon|76/100 psn|[from] psn
|upkeep
|turn|20
|c|☆1 euro de l'h|Ofc
|c|☆1 euro de l'h|U got the luck
|
|t:|1776092916
|move|p2a: Ogerpon|Play Rough|p1a: Zamazenta
|-supereffective|p1a: Zamazenta
|-damage|p1a: Zamazenta|4/100
|move|p1a: Zamazenta|Body Press|p2a: Ogerpon
|-damage|p2a: Ogerpon|26/100 psn
|
|-heal|p1a: Zamazenta|10/100|[from] item: Leftovers
|-damage|p2a: Ogerpon|14/100 psn|[from] psn
|upkeep
|turn|21
|
|t:|1776092929
|move|p2a: Ogerpon|Trailblaze|p1a: Zamazenta
|-damage|p1a: Zamazenta|0 fnt
|-boost|p2a: Ogerpon|spe|1
|faint|p1a: Zamazenta
|
|-damage|p2a: Ogerpon|1/100 psn|[from] psn
|upkeep
|
|t:|1776092944
|switch|p1a: Enamorus|Enamorus, F|93/100
|-damage|p1a: Enamorus|68/100|[from] Stealth Rock
|turn|22
|
|t:|1776092949
|move|p2a: Ogerpon|Play Rough|p1a: Enamorus
|-damage|p1a: Enamorus|10/100
|move|p1a: Enamorus|Earth Power|p2a: Ogerpon
|-resisted|p2a: Ogerpon
|-damage|p2a: Ogerpon|0 fnt
|faint|p2a: Ogerpon
|
|upkeep
|
|t:|1776092957
|switch|p2a: Gholdengo|Gholdengo|94/100
|-damage|p2a: Gholdengo|88/100|[from] Stealth Rock
|turn|23
|
|t:|1776092962
|-terastallize|p2a: Gholdengo|Ghost
|move|p1a: Enamorus|Earth Power|p2a: Gholdengo
|-damage|p2a: Gholdengo|49/100
|move|p2a: Gholdengo|Shadow Ball|p1a: Enamorus
|-damage|p1a: Enamorus|0 fnt
|faint|p1a: Enamorus
|
|upkeep
|
|t:|1776092972
|switch|p1a: Ogerpon|Ogerpon-Wellspring, F|88/100
|-damage|p1a: Ogerpon|76/100|[from] Stealth Rock
|turn|24
|
|t:|1776092976
|move|p2a: Gholdengo|Shadow Ball|p1a: Ogerpon
|-damage|p1a: Ogerpon|9/100
|move|p1a: Ogerpon|Knock Off|p2a: Gholdengo
|-supereffective|p2a: Gholdengo
|-damage|p2a: Gholdengo|0 fnt
|-enditem|p2a: Gholdengo|Choice Scarf|[from] move: Knock Off|[of] p1a: Ogerpon
|faint|p2a: Gholdengo
|
|win|songgea
|raw|songgea's rating: 1699 &rarr; <strong>1721</strong><br />(+22 for winning)
|raw|1 euro de l&apos;h's rating: 1729 &rarr; <strong>1707</strong><br />(-22 for losing)
|l|☆1 euro de l'h
|player|p2|
|l|☆songgea
|player|p1|
