|html|<div class="broadcast-blue"><strong>[Gen 9] OU is currently suspecting Tera Blast! For information on how to participate check out the <a href="https://www.smogon.com/tools/suspects/view/200">suspect thread</a>.</strong></div>
|j|☆pailme
|j|☆Leaboteabo
|t:|1776078704
|gametype|singles
|player|p1|pailme|1|1308
|player|p2|Leaboteabo|102|1325
|gen|9
|tier|[Gen 9] OU
|rated|
|rule|HP Percentage Mod: HP is shown in percentages
|rule|Endless Battle Clause: Forcing endless battles is banned
|rule|Species Clause: Limit one of each Pokémon
|rule|OHKO Clause: OHKO moves are banned
|rule|Evasion Items Clause: Evasion items are banned
|rule|Evasion Moves Clause: Evasion moves are banned
|rule|Evasion Abilities Clause: Evasion abilities are banned
|rule|Sleep Moves Clause: Sleep-inducing moves are banned
|clearpoke
|poke|p1|Iron Crown|
|poke|p1|Samurott-Hisui, F|
|poke|p1|Zapdos|
|poke|p1|Dragapult, M|
|poke|p1|Great Tusk|
|poke|p1|Iron Boulder|
|poke|p2|Leavanny, M|
|poke|p2|Gholdengo|
|poke|p2|Hatterene, F|
|poke|p2|Moltres|
|poke|p2|Sandy Shocks|
|poke|p2|Samurott-Hisui, F|
|teampreview
|inactive|Battle timer is ON: inactive players will automatically lose when time's up. (requested by Leaboteabo)
|
|t:|1776078710
|teamsize|p1|6
|teamsize|p2|6
|start
|switch|p1a: Hurikan|Zapdos|100/100
|switch|p2a: Sandy Shocks|Sandy Shocks|100/100
|turn|1
|
|t:|1776078721
|move|p2a: Sandy Shocks|Spikes|p1a: Hurikan
|-sidestart|p1: pailme|Spikes
|move|p1a: Hurikan|U-turn|p2a: Sandy Shocks
|-damage|p2a: Sandy Shocks|85/100
|
|t:|1776078726
|switch|p1a: Everytime We Touch|Samurott-Hisui, F|100/100|[from] U-turn
|-damage|p1a: Everytime We Touch|88/100|[from] Spikes
|
|upkeep
|turn|2
|
|t:|1776078732
|move|p1a: Everytime We Touch|Razor Shell|p2a: Sandy Shocks
|-supereffective|p2a: Sandy Shocks
|-damage|p2a: Sandy Shocks|0 fnt
|faint|p2a: Sandy Shocks
|-end|p2a: Sandy Shocks|Protosynthesis|[silent]
|
|upkeep
|
|t:|1776078739
|switch|p2a: Leavanny|Leavanny, M|100/100
|turn|3
|
|t:|1776078743
|switch|p1a: Hurikan|Zapdos|100/100
|move|p2a: Leavanny|Sticky Web|p1a: Hurikan
|-sidestart|p1: pailme|move: Sticky Web
|
|upkeep
|turn|4
|
|t:|1776078752
|switch|p2a: Moltres|Moltres|100/100
|move|p1a: Hurikan|Hurricane|p2a: Moltres
|-damage|p2a: Moltres|54/100
|
|upkeep
|turn|5
|
|t:|1776078765
|move|p1a: Hurikan|Discharge|p2a: Moltres
|-supereffective|p2a: Moltres
|-damage|p2a: Moltres|0 fnt
|faint|p2a: Moltres
|
|upkeep
|
|t:|1776078770
|switch|p2a: Hatterene|Hatterene, F|100/100
|turn|6
|
|t:|1776078777
|move|p1a: Hurikan|U-turn|p2a: Hatterene
|-damage|p2a: Hatterene|87/100
|
|t:|1776078780
|switch|p1a: Pump It|Great Tusk|100/100|[from] U-turn
|move|p2a: Hatterene|Psyshock|p1a: Pump It
|-supereffective|p1a: Pump It
|-damage|p1a: Pump It|43/100
|
|upkeep
|turn|7
|
|t:|1776078788
|-terastallize|p1a: Pump It|Fire
|move|p1a: Pump It|Rapid Spin|p2a: Hatterene
|-damage|p2a: Hatterene|65/100
|-boost|p1a: Pump It|spe|1
|-sideend|p1: pailme|Spikes|[from] move: Rapid Spin|[of] p1a: Pump It
|-sideend|p1: pailme|Sticky Web|[from] move: Rapid Spin|[of] p1a: Pump It
|move|p2a: Hatterene|Draining Kiss|p1a: Pump It
|-resisted|p1a: Pump It
|-crit|p1a: Pump It
|-damage|p1a: Pump It|15/100
|-heal|p2a: Hatterene|90/100|[from] drain|[of] p1a: Pump It
|
|upkeep
|turn|8
|
|t:|1776078800
|move|p1a: Pump It|Headlong Rush|p2a: Hatterene
|-damage|p2a: Hatterene|17/100
|-unboost|p1a: Pump It|def|1
|-unboost|p1a: Pump It|spd|1
|move|p2a: Hatterene|Draining Kiss|p1a: Pump It
|-resisted|p1a: Pump It
|-damage|p1a: Pump It|0 fnt
|-heal|p2a: Hatterene|30/100|[from] drain|[of] p1a: Pump It
|faint|p1a: Pump It
|-end|p1a: Pump It|Protosynthesis|[silent]
|
|upkeep
|
|t:|1776078811
|switch|p1a: Everytime We Touch|Samurott-Hisui, F|88/100
|turn|9
|
|t:|1776078815
|move|p1a: Everytime We Touch|Ceaseless Edge|p2a: Hatterene
|-damage|p2a: Hatterene|0 fnt
|-sidestart|p2: Leaboteabo|Spikes
|faint|p2a: Hatterene
|
|upkeep
|-message|Leaboteabo forfeited.
|
|win|pailme
|raw|pailme's rating: 1308 &rarr; <strong>1329</strong><br />(+21 for winning)
|raw|Leaboteabo's rating: 1325 &rarr; <strong>1304</strong><br />(-21 for losing)
|l|☆Leaboteabo
|player|p2|
|l|☆pailme
|player|p1|
