|html|<div class="broadcast-blue"><strong>[Gen 9] OU is currently suspecting Tera Blast! For information on how to participate check out the <a href="https://www.smogon.com/tools/suspects/view/200">suspect thread</a>.</strong></div>
|j|☆Srgtcobra
|j|☆CaptainOrb
|t:|1776117266
|gametype|singles
|player|p1|Srgtcobra|170|1389
|player|p2|CaptainOrb|169|1402
|gen|9
|tier|[Gen 9] OU
|rated|
|rule|HP Percentage Mod: HP is shown in percentages
|rule|Endless Battle Clause: Forcing endless battles is banned
|rule|Species Clause: Limit one of each Pokémon
|rule|OHKO Clause: OHKO moves are banned
|rule|Evasion Items Clause: Evasion items are banned
|rule|Evasion Moves Clause: Evasion moves are banned
|rule|Evasion Abilities Clause: Evasion abilities are banned
|rule|Sleep Moves Clause: Sleep-inducing moves are banned
|clearpoke
|poke|p1|Munchlax, F|
|poke|p1|Incineroar, F|
|poke|p1|Gholdengo|
|poke|p1|Ogerpon-Wellspring, F|
|poke|p1|Iron Treads|
|poke|p1|Gliscor, M|
|poke|p2|Dondozo, F|
|poke|p2|Blissey, F|
|poke|p2|Corviknight, F|
|poke|p2|Weezing-Galar, F|
|poke|p2|Gliscor, M|
|poke|p2|Toxapex, M|
|teampreview
|inactive|Battle timer is ON: inactive players will automatically lose when time's up. (requested by Srgtcobra)
|
|t:|1776117279
|teamsize|p1|6
|teamsize|p2|6
|start
|switch|p1a: Ogerpon|Ogerpon-Wellspring, F|100/100
|switch|p2a: Weezing|Weezing-Galar, F|100/100
|-ability|p2a: Weezing|Neutralizing Gas
|turn|1
|
|t:|1776117281
|switch|p1a: Incineroar|Incineroar, F|100/100
|move|p2a: Weezing|Will-O-Wisp|p1a: Incineroar
|-immune|p1a: Incineroar
|
|upkeep
|turn|2
|
|t:|1776117286
|move|p1a: Incineroar|Knock Off|p2a: Weezing
|-resisted|p2a: Weezing
|-damage|p2a: Weezing|86/100
|-enditem|p2a: Weezing|Heavy-Duty Boots|[from] move: Knock Off|[of] p1a: Incineroar
|move|p2a: Weezing|Toxic Spikes|p1a: Incineroar
|-sidestart|p1: Srgtcobra|move: Toxic Spikes
|
|upkeep
|turn|3
|
|t:|1776117293
|move|p1a: Incineroar|Earthquake|p2a: Weezing
|-supereffective|p2a: Weezing
|-damage|p2a: Weezing|53/100
|move|p2a: Weezing|Toxic Spikes|p1a: Incineroar
|-sidestart|p1: Srgtcobra|move: Toxic Spikes
|
|upkeep
|turn|4
|
|t:|1776117308
|move|p1a: Incineroar|Earthquake|p2a: Weezing
|-supereffective|p2a: Weezing
|-damage|p2a: Weezing|15/100
|move|p2a: Weezing|Pain Split|p1a: Incineroar
|-sethp|p1a: Incineroar|58/100|[from] move: Pain Split|[silent]
|-sethp|p2a: Weezing|60/100|[from] move: Pain Split
|
|upkeep
|turn|5
|
|t:|1776117312
|-end|p2a: Weezing|ability: Neutralizing Gas
|-ability|p1a: Incineroar|Intimidate|boost
|-unboost|p2a: Weezing|atk|1
|switch|p2a: Gliscor|Gliscor, M|100/100
|move|p1a: Incineroar|Knock Off|p2a: Gliscor
|-damage|p2a: Gliscor|67/100
|-enditem|p2a: Gliscor|Toxic Orb|[from] move: Knock Off|[of] p1a: Incineroar
|
|upkeep
|turn|6
|
|t:|1776117318
|move|p2a: Gliscor|Knock Off|p1a: Incineroar
|-resisted|p1a: Incineroar
|-damage|p1a: Incineroar|45/100
|-enditem|p1a: Incineroar|Assault Vest|[from] move: Knock Off|[of] p2a: Gliscor
|move|p1a: Incineroar|Flare Blitz|p2a: Gliscor
|-damage|p2a: Gliscor|24/100
|-damage|p1a: Incineroar|31/100|[from] Recoil
|
|upkeep
|turn|7
|
|t:|1776117324
|move|p2a: Gliscor|Earthquake|p1a: Incineroar
|-supereffective|p1a: Incineroar
|-damage|p1a: Incineroar|0 fnt
|faint|p1a: Incineroar
|
|upkeep
|
|t:|1776117326
|switch|p1a: Iron Treads|Iron Treads|100/100
|turn|8
|
|t:|1776117330
|move|p1a: Iron Treads|Rapid Spin|p2a: Gliscor
|-damage|p2a: Gliscor|14/100
|-boost|p1a: Iron Treads|spe|1
|-sideend|p1: Srgtcobra|Toxic Spikes|[from] move: Rapid Spin|[of] p1a: Iron Treads
|move|p2a: Gliscor|Earthquake|p1a: Iron Treads
|-supereffective|p1a: Iron Treads
|-damage|p1a: Iron Treads|36/100
|
|upkeep
|turn|9
|
|t:|1776117335
|-end|p1a: Iron Treads|Quark Drive|[silent]
|switch|p1a: Gliscor|Gliscor, M|100/100
|move|p2a: Gliscor|Earthquake|p1a: Gliscor
|-immune|p1a: Gliscor
|
|-status|p1a: Gliscor|tox|[from] item: Toxic Orb
|upkeep
|turn|10
|
|t:|1776117339
|move|p1a: Gliscor|Knock Off|p2a: Gliscor
|-damage|p2a: Gliscor|2/100
|move|p2a: Gliscor|Spikes|p1a: Gliscor
|-sidestart|p1: Srgtcobra|Spikes
|
|upkeep
|turn|11
|
|t:|1776117343
|switch|p2a: Weezing|Weezing-Galar, F|60/100
|-ability|p2a: Weezing|Neutralizing Gas
|move|p1a: Gliscor|Knock Off|p2a: Weezing
|-resisted|p2a: Weezing
|-damage|p2a: Weezing|55/100
|
|-damage|p1a: Gliscor|88/100 tox|[from] psn
|upkeep
|turn|12
|
|t:|1776117349
|switch|p1a: Iron Treads|Iron Treads|36/100
|move|p2a: Weezing|Pain Split|p1a: Iron Treads
|-sethp|p1a: Iron Treads|47/100|[from] move: Pain Split|[silent]
|-sethp|p2a: Weezing|45/100|[from] move: Pain Split
|
|upkeep
|turn|13
|
|t:|1776117353
|-terastallize|p2a: Weezing|Ghost
|move|p1a: Iron Treads|Rapid Spin|p2a: Weezing
|-immune|p2a: Weezing
|move|p2a: Weezing|Will-O-Wisp|p1a: Iron Treads
|-status|p1a: Iron Treads|brn
|
|-damage|p1a: Iron Treads|40/100 brn|[from] brn
|upkeep
|turn|14
|
|t:|1776117357
|move|p1a: Iron Treads|Earthquake|p2a: Weezing
|-damage|p2a: Weezing|30/100
|move|p2a: Weezing|Toxic Spikes|p1a: Iron Treads
|-sidestart|p1: Srgtcobra|move: Toxic Spikes
|
|-damage|p1a: Iron Treads|34/100 brn|[from] brn
|upkeep
|turn|15
|
|t:|1776117360
|move|p1a: Iron Treads|Stealth Rock|p2a: Weezing
|-sidestart|p2: CaptainOrb|move: Stealth Rock
|move|p2a: Weezing|Toxic Spikes|p1a: Iron Treads
|-sidestart|p1: Srgtcobra|move: Toxic Spikes
|
|-damage|p1a: Iron Treads|28/100 brn|[from] brn
|upkeep
|turn|16
|
|t:|1776117362
|move|p1a: Iron Treads|Volt Switch|p2a: Weezing
|-damage|p2a: Weezing|16/100
|
|t:|1776117364
|-end|p1a: Iron Treads|Quark Drive|[silent]
|switch|p1a: Gliscor|Gliscor, M|88/100 tox|[from] Volt Switch
|move|p2a: Weezing|Pain Split|p1a: Gliscor
|-sethp|p1a: Gliscor|52/100 tox|[from] move: Pain Split|[silent]
|-sethp|p2a: Weezing|55/100|[from] move: Pain Split
|
|-damage|p1a: Gliscor|45/100 tox|[from] psn
|upkeep
|turn|17
|
|t:|1776117376
|-end|p2a: Weezing|ability: Neutralizing Gas
|switch|p2a: Gliscor|Gliscor, M|2/100
|-damage|p2a: Gliscor|0 fnt|[from] Stealth Rock
|faint|p2a: Gliscor
|move|p1a: Gliscor|Swords Dance|p1a: Gliscor
|-boost|p1a: Gliscor|atk|2
|
|-heal|p1a: Gliscor|58/100 tox|[from] ability: Poison Heal
|upkeep
|
|t:|1776117384
|switch|p2a: Dondozo|Dondozo, F|100/100
|-damage|p2a: Dondozo|88/100|[from] Stealth Rock
|turn|18
|
|t:|1776117386
|move|p1a: Gliscor|Knock Off|p2a: Dondozo
|-crit|p2a: Dondozo
|-damage|p2a: Dondozo|72/100
|-enditem|p2a: Dondozo|Leftovers|[from] move: Knock Off|[of] p1a: Gliscor
|move|p2a: Dondozo|Avalanche|p1a: Gliscor
|-supereffective|p1a: Gliscor
|-damage|p1a: Gliscor|0 fnt
|faint|p1a: Gliscor
|
|upkeep
|
|t:|1776117413
|switch|p1a: Iron Treads|Iron Treads|28/100 brn
|turn|19
|
|t:|1776117417
|switch|p2a: Weezing|Weezing-Galar, F, tera:Ghost|55/100
|-ability|p2a: Weezing|Neutralizing Gas
|-damage|p2a: Weezing|42/100|[from] Stealth Rock
|move|p1a: Iron Treads|Volt Switch|p2a: Weezing
|-damage|p2a: Weezing|28/100
|
|t:|1776117425
|-end|p1a: Iron Treads|Quark Drive|[silent]
|switch|p1a: Gholdengo|Gholdengo|100/100|[from] Volt Switch
|-damage|p1a: Gholdengo|88/100|[from] Spikes
|
|upkeep
|turn|20
|
|t:|1776117431
|-end|p2a: Weezing|ability: Neutralizing Gas
|switch|p2a: Toxapex|Toxapex, M|100/100
|-damage|p2a: Toxapex|88/100|[from] Stealth Rock
|move|p1a: Gholdengo|Make It Rain|p2a: Toxapex
|-resisted|p2a: Toxapex
|-damage|p2a: Toxapex|72/100
|-unboost|p1a: Gholdengo|spa|1
|
|-heal|p2a: Toxapex|78/100|[from] item: Leftovers
|upkeep
|turn|21
|
|t:|1776117439
|move|p1a: Gholdengo|Thunder Wave|p2a: Toxapex
|-status|p2a: Toxapex|par
|move|p2a: Toxapex|Recover|p2a: Toxapex
|-heal|p2a: Toxapex|100/100 par
|
|upkeep
|turn|22
|
|t:|1776117442
|move|p1a: Gholdengo|Thunder Wave|p2a: Toxapex
|-fail|p2a: Toxapex|par
|move|p2a: Toxapex|Toxic|p1a: Gholdengo
|-immune|p1a: Gholdengo|[from] ability: Good as Gold
|
|upkeep
|turn|23
|
|t:|1776117447
|switch|p1a: Iron Treads|Iron Treads|28/100 brn
|switch|p2a: Blissey|Blissey, F|100/100
|-damage|p2a: Blissey|88/100|[from] Stealth Rock
|
|-heal|p2a: Blissey|94/100|[from] item: Leftovers
|-damage|p1a: Iron Treads|22/100 brn|[from] brn
|upkeep
|turn|24
|
|t:|1776117452
|switch|p2a: Weezing|Weezing-Galar, F, tera:Ghost|28/100
|-ability|p2a: Weezing|Neutralizing Gas
|-damage|p2a: Weezing|16/100|[from] Stealth Rock
|move|p1a: Iron Treads|Rapid Spin|p2a: Weezing
|-immune|p2a: Weezing
|
|-damage|p1a: Iron Treads|15/100 brn|[from] brn
|upkeep
|turn|25
|
|t:|1776117480
|move|p1a: Iron Treads|Earthquake|p2a: Weezing
|-crit|p2a: Weezing
|-damage|p2a: Weezing|0 fnt
|faint|p2a: Weezing
|-end|p2a: Weezing|ability: Neutralizing Gas
|
|-damage|p1a: Iron Treads|9/100 brn|[from] brn
|upkeep
|
|t:|1776117484
|switch|p2a: Corviknight|Corviknight, F|100/100
|-damage|p2a: Corviknight|88/100|[from] Stealth Rock
|-ability|p2a: Corviknight|Pressure
|turn|26
|
|t:|1776117492
|move|p1a: Iron Treads|Volt Switch|p2a: Corviknight
|-supereffective|p2a: Corviknight
|-damage|p2a: Corviknight|68/100
|
|t:|1776117496
|-end|p1a: Iron Treads|Quark Drive|[silent]
|switch|p1a: Gholdengo|Gholdengo|88/100|[from] Volt Switch
|-damage|p1a: Gholdengo|76/100|[from] Spikes
|move|p2a: Corviknight|Defog|p1a: Gholdengo
|-immune|p1a: Gholdengo|[from] ability: Good as Gold
|
|-heal|p2a: Corviknight|74/100|[from] item: Leftovers
|upkeep
|turn|27
|
|t:|1776117503
|switch|p2a: Blissey|Blissey, F|94/100
|-damage|p2a: Blissey|82/100|[from] Stealth Rock
|move|p1a: Gholdengo|Thunder Wave|p2a: Blissey
|-status|p2a: Blissey|par
|
|-heal|p2a: Blissey|88/100 par|[from] item: Leftovers
|upkeep
|turn|28
|
|t:|1776117523
|switch|p1a: Munchlax|Munchlax, F, shiny|100/100
|-damage|p1a: Munchlax|88/100|[from] Spikes
|-status|p1a: Munchlax|tox
|move|p2a: Blissey|Stealth Rock|p1a: Munchlax
|-sidestart|p1: Srgtcobra|move: Stealth Rock
|
|-heal|p2a: Blissey|94/100 par|[from] item: Leftovers
|-damage|p1a: Munchlax|82/100 tox|[from] psn
|upkeep
|turn|29
|
|t:|1776117533
|-curestatus|p2a: Blissey|par|[from] ability: Natural Cure
|switch|p2a: Dondozo|Dondozo, F|72/100
|-damage|p2a: Dondozo|60/100|[from] Stealth Rock
|move|p1a: Munchlax|Body Slam|p2a: Dondozo
|-damage|p2a: Dondozo|49/100
|
|-damage|p1a: Munchlax|70/100 tox|[from] psn
|upkeep
|turn|30
|
|t:|1776117541
|switch|p1a: Iron Treads|Iron Treads|9/100 brn
|move|p2a: Dondozo|Body Press|p1a: Iron Treads
|-supereffective|p1a: Iron Treads
|-damage|p1a: Iron Treads|0 fnt
|faint|p1a: Iron Treads
|-end|p1a: Iron Treads|Quark Drive|[silent]
|
|upkeep
|
|t:|1776117546
|switch|p1a: Ogerpon|Ogerpon-Wellspring, F|100/100
|-damage|p1a: Ogerpon|88/100|[from] Spikes
|-status|p1a: Ogerpon|tox
|-damage|p1a: Ogerpon|76/100 tox|[from] Stealth Rock
|turn|31
|
|t:|1776117551
|-terastallize|p1a: Ogerpon|Water
|detailschange|p1a: Ogerpon|Ogerpon-Wellspring-Tera, F, tera:Water
|-ability|p1a: Ogerpon|Embody Aspect (Wellspring)|boost
|-boost|p1a: Ogerpon|spd|1
|move|p1a: Ogerpon|Ivy Cudgel|p2a: Dondozo|[anim] Ivy Cudgel Water
|-resisted|p2a: Dondozo
|-damage|p2a: Dondozo|31/100
|move|p2a: Dondozo|Body Press|p1a: Ogerpon
|-damage|p1a: Ogerpon|39/100 tox
|
|-damage|p1a: Ogerpon|33/100 tox|[from] psn
|upkeep
|turn|32
|
|t:|1776117564
|move|p1a: Ogerpon|Power Whip|p2a: Dondozo
|-supereffective|p2a: Dondozo
|-damage|p2a: Dondozo|0 fnt
|faint|p2a: Dondozo
|
|-damage|p1a: Ogerpon|21/100 tox|[from] psn
|upkeep
|
|t:|1776117567
|switch|p2a: Corviknight|Corviknight, F|74/100
|-damage|p2a: Corviknight|62/100|[from] Stealth Rock
|-ability|p2a: Corviknight|Pressure
|turn|33
|
|t:|1776117570
|move|p1a: Ogerpon|Ivy Cudgel|p2a: Corviknight|[anim] Ivy Cudgel Water
|-damage|p2a: Corviknight|16/100
|move|p2a: Corviknight|Roost|p2a: Corviknight
|-heal|p2a: Corviknight|66/100
|-singleturn|p2a: Corviknight|move: Roost
|
|-heal|p2a: Corviknight|72/100|[from] item: Leftovers
|-damage|p1a: Ogerpon|3/100 tox|[from] psn
|upkeep
|turn|34
|
|t:|1776117574
|move|p1a: Ogerpon|Encore|p2a: Corviknight
|-start|p2a: Corviknight|Encore
|move|p2a: Corviknight|Roost|p2a: Corviknight
|-heal|p2a: Corviknight|100/100
|-singleturn|p2a: Corviknight|move: Roost
|
|-damage|p1a: Ogerpon|0 fnt|[from] psn
|faint|p1a: Ogerpon
|detailschange|p1: Ogerpon|Ogerpon-Wellspring, F|[silent]
|upkeep
|
|t:|1776117576
|switch|p1a: Munchlax|Munchlax, F, shiny|70/100 tox
|-damage|p1a: Munchlax|57/100 tox|[from] Spikes
|-damage|p1a: Munchlax|45/100 tox|[from] Stealth Rock
|turn|35
|
|t:|1776117579
|switch|p2a: Toxapex|Toxapex, M|100/100 par
|-damage|p2a: Toxapex|88/100 par|[from] Stealth Rock
|move|p1a: Munchlax|Curse|p1a: Munchlax
|-unboost|p1a: Munchlax|spe|1
|-boost|p1a: Munchlax|atk|1
|-boost|p1a: Munchlax|def|1
|
|-heal|p2a: Toxapex|94/100 par|[from] item: Leftovers
|-damage|p1a: Munchlax|39/100 tox|[from] psn
|upkeep
|turn|36
|
|t:|1776117585
|move|p2a: Toxapex|Haze|p2a: Toxapex
|-clearallboost
|move|p1a: Munchlax|Rest|p1a: Munchlax
|-status|p1a: Munchlax|slp|[from] move: Rest
|-heal|p1a: Munchlax|100/100 slp|[silent]
|
|-heal|p2a: Toxapex|100/100 par|[from] item: Leftovers
|upkeep
|turn|37
|
|t:|1776117601
|cant|p2a: Toxapex|par
|cant|p1a: Munchlax|slp
|
|upkeep
|turn|38
|
|t:|1776117605
|move|p2a: Toxapex|Poison Jab|p1a: Munchlax
|-damage|p1a: Munchlax|90/100 slp
|cant|p1a: Munchlax|slp
|
|upkeep
|turn|39
|
|t:|1776117609
|move|p2a: Toxapex|Poison Jab|p1a: Munchlax
|-damage|p1a: Munchlax|80/100 slp
|-curestatus|p1a: Munchlax|slp|[msg]
|move|p1a: Munchlax|Earthquake|p2a: Toxapex
|-supereffective|p2a: Toxapex
|-damage|p2a: Toxapex|68/100 par
|
|-heal|p2a: Toxapex|74/100 par|[from] item: Leftovers
|upkeep
|turn|40
|
|t:|1776117625
|move|p2a: Toxapex|Toxic|p1a: Munchlax
|-status|p1a: Munchlax|tox
|move|p1a: Munchlax|Earthquake|p2a: Toxapex
|-supereffective|p2a: Toxapex
|-damage|p2a: Toxapex|42/100 par
|
|-heal|p2a: Toxapex|49/100 par|[from] item: Leftovers
|-damage|p1a: Munchlax|74/100 tox|[from] psn
|upkeep
|turn|41
|
|t:|1776117630
|switch|p2a: Corviknight|Corviknight, F|100/100
|-damage|p2a: Corviknight|88/100|[from] Stealth Rock
|-ability|p2a: Corviknight|Pressure
|switch|p1a: Gholdengo|Gholdengo|76/100
|-damage|p1a: Gholdengo|63/100|[from] Spikes
|-damage|p1a: Gholdengo|57/100|[from] Stealth Rock
|
|-heal|p2a: Corviknight|94/100|[from] item: Leftovers
|upkeep
|turn|42
|
|t:|1776117635
|switch|p2a: Blissey|Blissey, F|94/100
|-damage|p2a: Blissey|82/100|[from] Stealth Rock
|move|p1a: Gholdengo|Nasty Plot|p1a: Gholdengo
|-boost|p1a: Gholdengo|spa|2
|
|-heal|p2a: Blissey|88/100|[from] item: Leftovers
|upkeep
|turn|43
|
|t:|1776117641
|move|p1a: Gholdengo|Nasty Plot|p1a: Gholdengo
|-boost|p1a: Gholdengo|spa|2
|move|p2a: Blissey|Calm Mind|p2a: Blissey
|-boost|p2a: Blissey|spa|1
|-boost|p2a: Blissey|spd|1
|
|-heal|p2a: Blissey|94/100|[from] item: Leftovers
|upkeep
|turn|44
|
|t:|1776117643
|switch|p1a: Munchlax|Munchlax, F, shiny|74/100 tox
|-damage|p1a: Munchlax|61/100 tox|[from] Spikes
|-damage|p1a: Munchlax|49/100 tox|[from] Stealth Rock
|move|p2a: Blissey|Calm Mind|p2a: Blissey
|-boost|p2a: Blissey|spa|1
|-boost|p2a: Blissey|spd|1
|
|-heal|p2a: Blissey|100/100|[from] item: Leftovers
|-damage|p1a: Munchlax|43/100 tox|[from] psn
|upkeep
|turn|45
|
|t:|1776117646
|move|p2a: Blissey|Seismic Toss|p1a: Munchlax
|-damage|p1a: Munchlax|22/100 tox
|move|p1a: Munchlax|Body Slam|p2a: Blissey
|-crit|p2a: Blissey
|-damage|p2a: Blissey|58/100
|
|-heal|p2a: Blissey|64/100|[from] item: Leftovers
|-damage|p1a: Munchlax|10/100 tox|[from] psn
|upkeep
|turn|46
|
|t:|1776117652
|move|p2a: Blissey|Seismic Toss|p1a: Munchlax
|-damage|p1a: Munchlax|0 fnt
|faint|p1a: Munchlax
|
|-heal|p2a: Blissey|70/100|[from] item: Leftovers
|upkeep
|-message|Srgtcobra forfeited.
|
|win|CaptainOrb
|raw|Srgtcobra's rating: 1389 &rarr; <strong>1370</strong><br />(-19 for losing)
|raw|CaptainOrb's rating: 1402 &rarr; <strong>1421</strong><br />(+19 for winning)
|l|☆Srgtcobra
|player|p1|
|l|☆CaptainOrb
|player|p2|
