|html|<div class="broadcast-blue"><strong>[Gen 9] OU is currently suspecting Tera Blast! For information on how to participate check out the <a href="https://www.smogon.com/tools/suspects/view/200">suspect thread</a>.</strong></div>
|j|☆twoflowersluggage
|j|☆GoyEmpereor
|t:|1776076869
|gametype|singles
|player|p1|twoflowersluggage|pokefan-gen6|1609
|player|p2|GoyEmpereor|101|1669
|gen|9
|tier|[Gen 9] OU
|rated|
|rule|HP Percentage Mod: HP is shown in percentages
|rule|Endless Battle Clause: Forcing endless battles is banned
|rule|Species Clause: Limit one of each Pokémon
|rule|OHKO Clause: OHKO moves are banned
|rule|Evasion Items Clause: Evasion items are banned
|rule|Evasion Moves Clause: Evasion moves are banned
|rule|Evasion Abilities Clause: Evasion abilities are banned
|rule|Sleep Moves Clause: Sleep-inducing moves are banned
|clearpoke
|poke|p1|Hatterene, F|
|poke|p1|Ursaluna, M|
|poke|p1|Porygon2|
|poke|p1|Cresselia, F|
|poke|p1|Iron Hands|
|poke|p1|Volcanion|
|poke|p2|Dondozo, M|
|poke|p2|Kyurem|
|poke|p2|Ting-Lu|
|poke|p2|Zamazenta-*|
|poke|p2|Corviknight, M|
|poke|p2|Weezing-Galar, M|
|teampreview
|inactive|Battle timer is ON: inactive players will automatically lose when time's up. (requested by GoyEmpereor)
|
|t:|1776076892
|teamsize|p1|6
|teamsize|p2|6
|start
|switch|p1a: Volcanion|Volcanion|100/100
|switch|p2a: Weezing|Weezing-Galar, M|100/100
|-ability|p2a: Weezing|Neutralizing Gas
|turn|1
|
|t:|1776076901
|-end|p2a: Weezing|ability: Neutralizing Gas
|switch|p2a: Dondozo|Dondozo, M|100/100
|move|p1a: Volcanion|Steam Eruption|p2a: Dondozo
|-resisted|p2a: Dondozo
|-damage|p2a: Dondozo|71/100
|
|-heal|p2a: Dondozo|77/100|[from] item: Leftovers
|upkeep
|turn|2
|
|t:|1776076917
|switch|p1a: Porygon2|Porygon2|100/100
|-ability|p1a: Porygon2|Download|boost
|-boost|p1a: Porygon2|spa|1
|switch|p2a: Weezing|Weezing-Galar, M|100/100
|-ability|p2a: Weezing|Neutralizing Gas
|
|upkeep
|turn|3
|
|t:|1776076925
|move|p2a: Weezing|Toxic Spikes|p1a: Porygon2
|-sidestart|p1: twoflowersluggage|move: Toxic Spikes
|move|p1a: Porygon2|Tera Blast|p2a: Weezing
|-damage|p2a: Weezing|18/100
|
|upkeep
|turn|4
|
|t:|1776076937
|move|p2a: Weezing|Pain Split|p1a: Porygon2
|-sethp|p1a: Porygon2|58/100|[from] move: Pain Split|[silent]
|-sethp|p2a: Weezing|65/100|[from] move: Pain Split
|move|p1a: Porygon2|Ice Beam|p2a: Weezing
|-damage|p2a: Weezing|4/100
|
|upkeep
|turn|5
|
|t:|1776076942
|-end|p2a: Weezing|ability: Neutralizing Gas
|-ability|p1a: Porygon2|Download|boost
|-boost|p1a: Porygon2|spa|1
|switch|p2a: Corviknight|Corviknight, M|100/100
|-ability|p2a: Corviknight|Pressure
|move|p1a: Porygon2|Trick Room|p1a: Porygon2
|-fieldstart|move: Trick Room|[of] p1a: Porygon2
|
|upkeep
|turn|6
|
|t:|1776076949
|move|p1a: Porygon2|Ice Beam|p2a: Corviknight
|-damage|p2a: Corviknight|62/100
|move|p2a: Corviknight|U-turn|p1a: Porygon2
|-damage|p1a: Porygon2|48/100
|
|t:|1776076952
|switch|p2a: Kyurem|Kyurem|100/100|[from] U-turn
|-ability|p2a: Kyurem|Pressure
|
|upkeep
|turn|7
|inactive|twoflowersluggage has 120 seconds left.
|
|t:|1776076990
|move|p2a: Kyurem|Protect|p2a: Kyurem
|-singleturn|p2a: Kyurem|Protect
|move|p1a: Porygon2|Tera Blast|p2a: Kyurem
|-activate|p2a: Kyurem|move: Protect
|
|upkeep
|turn|8
|
|t:|1776076994
|switch|p2a: Weezing|Weezing-Galar, M|4/100
|-ability|p2a: Weezing|Neutralizing Gas
|move|p1a: Porygon2|Ice Beam|p2a: Weezing
|-damage|p2a: Weezing|0 fnt
|faint|p2a: Weezing
|-end|p2a: Weezing|ability: Neutralizing Gas
|
|upkeep
|
|t:|1776076996
|switch|p2a: Corviknight|Corviknight, M|62/100
|-ability|p2a: Corviknight|Pressure
|turn|9
|
|t:|1776077002
|move|p1a: Porygon2|Ice Beam|p2a: Corviknight
|-damage|p2a: Corviknight|23/100
|move|p2a: Corviknight|Roost|p2a: Corviknight
|-heal|p2a: Corviknight|73/100
|-singleturn|p2a: Corviknight|move: Roost
|
|-heal|p2a: Corviknight|79/100|[from] item: Leftovers
|-fieldend|move: Trick Room
|upkeep
|turn|10
|
|t:|1776077008
|move|p2a: Corviknight|Brave Bird|p1a: Porygon2
|-damage|p1a: Porygon2|24/100
|-damage|p2a: Corviknight|71/100|[from] Recoil
|move|p1a: Porygon2|Trick Room|p1a: Porygon2
|-fieldstart|move: Trick Room|[of] p1a: Porygon2
|
|-heal|p2a: Corviknight|77/100|[from] item: Leftovers
|upkeep
|turn|11
|inactive|twoflowersluggage has 120 seconds left.
|j| Monkey D MinMin
|
|t:|1776077062
|switch|p1a: Iron Hands|Iron Hands|100/100
|-status|p1a: Iron Hands|psn
|-enditem|p1a: Iron Hands|Booster Energy
|-activate|p1a: Iron Hands|ability: Quark Drive|[fromitem]
|-start|p1a: Iron Hands|quarkdriveatk
|move|p2a: Corviknight|Roost|p2a: Corviknight
|-heal|p2a: Corviknight|100/100
|-singleturn|p2a: Corviknight|move: Roost
|
|-damage|p1a: Iron Hands|88/100 psn|[from] psn
|upkeep
|turn|12
|
|t:|1776077069
|move|p1a: Iron Hands|Swords Dance|p1a: Iron Hands
|-boost|p1a: Iron Hands|atk|2
|move|p2a: Corviknight|U-turn|p1a: Iron Hands
|-resisted|p1a: Iron Hands
|-damage|p1a: Iron Hands|83/100 psn
|
|t:|1776077074
|switch|p2a: Kyurem|Kyurem|100/100|[from] U-turn
|-ability|p2a: Kyurem|Pressure
|
|-damage|p1a: Iron Hands|71/100 psn|[from] psn
|upkeep
|turn|13
|inactive|twoflowersluggage has 120 seconds left.
|
|t:|1776077079
|move|p2a: Kyurem|Protect|p2a: Kyurem
|-singleturn|p2a: Kyurem|Protect
|move|p1a: Iron Hands|Swords Dance|p1a: Iron Hands
|-boost|p1a: Iron Hands|atk|2
|
|-damage|p1a: Iron Hands|59/100 psn|[from] psn
|upkeep
|turn|14
|inactive|twoflowersluggage has 120 seconds left.
|
|t:|1776077091
|switch|p2a: Dondozo|Dondozo, M|77/100
|move|p1a: Iron Hands|Wild Charge|p2a: Dondozo
|-supereffective|p2a: Dondozo
|-damage|p2a: Dondozo|0 fnt
|faint|p2a: Dondozo
|-damage|p1a: Iron Hands|40/100 psn|[from] Recoil
|
|-damage|p1a: Iron Hands|28/100 psn|[from] psn
|-fieldend|move: Trick Room
|upkeep
|
|t:|1776077093
|switch|p2a: Kyurem|Kyurem|100/100
|-ability|p2a: Kyurem|Pressure
|turn|15
|
|t:|1776077098
|-end|p1a: Iron Hands|Quark Drive|[silent]
|switch|p1a: Cresselia|Cresselia, F, shiny|100/100
|move|p2a: Kyurem|Freeze-Dry|p1a: Cresselia
|-damage|p1a: Cresselia|77/100
|
|upkeep
|turn|16
|inactive|twoflowersluggage has 120 seconds left.
|
|t:|1776077129
|move|p2a: Kyurem|Substitute|p2a: Kyurem
|-start|p2a: Kyurem|Substitute
|-damage|p2a: Kyurem|76/100
|move|p1a: Cresselia|Trick Room|p1a: Cresselia
|-fieldstart|move: Trick Room|[of] p1a: Cresselia
|
|-heal|p2a: Kyurem|82/100|[from] item: Leftovers
|upkeep
|turn|17
|
|t:|1776077134
|move|p2a: Kyurem|Protect|p2a: Kyurem
|-singleturn|p2a: Kyurem|Protect
|move|p1a: Cresselia|Moonblast|p2a: Kyurem
|-activate|p2a: Kyurem|move: Protect
|
|-heal|p2a: Kyurem|88/100|[from] item: Leftovers
|upkeep
|turn|18
|
|t:|1776077137
|-terastallize|p2a: Kyurem|Ground
|move|p1a: Cresselia|Moonblast|p2a: Kyurem
|-crit|p2a: Kyurem
|-activate|p2a: Kyurem|move: Substitute|[damage]
|move|p2a: Kyurem|Freeze-Dry|p1a: Cresselia
|-damage|p1a: Cresselia|55/100
|-status|p1a: Cresselia|frz
|
|-heal|p2a: Kyurem|94/100|[from] item: Leftovers
|upkeep
|turn|19
|
|t:|1776077145
|cant|p1a: Cresselia|frz
|move|p2a: Kyurem|Freeze-Dry|p1a: Cresselia
|-damage|p1a: Cresselia|34/100 frz
|
|-heal|p2a: Kyurem|99/100|[from] item: Leftovers
|upkeep
|turn|20
|
|t:|1776077148
|cant|p1a: Cresselia|frz
|move|p2a: Kyurem|Freeze-Dry|p1a: Cresselia
|-damage|p1a: Cresselia|14/100 frz
|
|-heal|p2a: Kyurem|100/100|[from] item: Leftovers
|-fieldend|move: Trick Room
|upkeep
|turn|21
|
|t:|1776077150
|move|p2a: Kyurem|Freeze-Dry|p1a: Cresselia
|-damage|p1a: Cresselia|0 fnt
|faint|p1a: Cresselia
|
|upkeep
|
|t:|1776077173
|switch|p1a: Hatterene|Hatterene, F, shiny|100/100
|-status|p1a: Hatterene|psn
|turn|22
|
|t:|1776077178
|move|p2a: Kyurem|Earth Power|p1a: Hatterene
|-damage|p1a: Hatterene|53/100 psn
|move|p1a: Hatterene|Dazzling Gleam|p2a: Kyurem
|-end|p2a: Kyurem|Substitute
|
|-damage|p1a: Hatterene|41/100 psn|[from] psn
|upkeep
|turn|23
|
|t:|1776077184
|move|p2a: Kyurem|Earth Power|p1a: Hatterene
|-damage|p1a: Hatterene|0 fnt
|faint|p1a: Hatterene
|
|upkeep
|
|t:|1776077190
|switch|p1a: Ursaluna|Ursaluna, M|100/100
|-status|p1a: Ursaluna|psn
|turn|24
|j| VollWP
|
|t:|1776077204
|-terastallize|p1a: Ursaluna|Normal
|move|p2a: Kyurem|Protect|p2a: Kyurem
|-singleturn|p2a: Kyurem|Protect
|move|p1a: Ursaluna|Facade|p2a: Kyurem
|-activate|p2a: Kyurem|move: Protect
|
|-damage|p1a: Ursaluna|88/100 psn|[from] psn
|upkeep
|turn|25
|
|t:|1776077209
|move|p2a: Kyurem|Substitute|p2a: Kyurem
|-start|p2a: Kyurem|Substitute
|-damage|p2a: Kyurem|76/100
|move|p1a: Ursaluna|Facade|p2a: Kyurem
|-end|p2a: Kyurem|Substitute
|
|-heal|p2a: Kyurem|82/100|[from] item: Leftovers
|-damage|p1a: Ursaluna|76/100 psn|[from] psn
|upkeep
|turn|26
|
|t:|1776077213
|move|p2a: Kyurem|Protect|p2a: Kyurem
|-singleturn|p2a: Kyurem|Protect
|move|p1a: Ursaluna|Facade|p2a: Kyurem
|-activate|p2a: Kyurem|move: Protect
|
|-heal|p2a: Kyurem|88/100|[from] item: Leftovers
|-damage|p1a: Ursaluna|64/100 psn|[from] psn
|upkeep
|turn|27
|-message|twoflowersluggage forfeited.
|
|win|GoyEmpereor
|raw|twoflowersluggage's rating: 1609 &rarr; <strong>1592</strong><br />(-17 for losing)
|raw|GoyEmpereor's rating: 1669 &rarr; <strong>1686</strong><br />(+17 for winning)
|l|☆twoflowersluggage
|player|p1|
|l|☆GoyEmpereor
|player|p2|
