|html|<div class="broadcast-blue"><strong>[Gen 9] OU is currently suspecting Tera Blast! For information on how to participate check out the <a href="https://www.smogon.com/tools/suspects/view/200">suspect thread</a>.</strong></div>
|j|☆clouddaearth
|j|☆EdrenalineKick
|t:|1776084522
|gametype|singles
|player|p1|clouddaearth|1|1409
|player|p2|EdrenalineKick|1|1436
|gen|9
|tier|[Gen 9] OU
|rated|
|rule|HP Percentage Mod: HP is shown in percentages
|rule|Endless Battle Clause: Forcing endless battles is banned
|rule|Species Clause: Limit one of each Pokémon
|rule|OHKO Clause: OHKO moves are banned
|rule|Evasion Items Clause: Evasion items are banned
|rule|Evasion Moves Clause: Evasion moves are banned
|rule|Evasion Abilities Clause: Evasion abilities are banned
|rule|Sleep Moves Clause: Sleep-inducing moves are banned
|clearpoke
|poke|p1|Rillaboom, M|
|poke|p1|Salazzle, F|
|poke|p1|Mimikyu, M|
|poke|p1|Sandy Shocks|
|poke|p1|Scizor, F|
|poke|p1|Gyarados, M|
|poke|p2|Great Tusk|
|poke|p2|Heatran, M|
|poke|p2|Weavile, M|
|poke|p2|Primarina, M|
|poke|p2|Ogerpon, F|
|poke|p2|Pecharunt|
|teampreview
|
|t:|1776084549
|teamsize|p1|6
|teamsize|p2|6
|start
|switch|p1a: Salazzle|Salazzle, F|100/100
|switch|p2a: Celestine|Primarina, M, shiny|100/100
|turn|1
|inactive|Battle timer is ON: inactive players will automatically lose when time's up. (requested by EdrenalineKick)
|
|t:|1776084554
|move|p1a: Salazzle|Protect|p1a: Salazzle
|-singleturn|p1a: Salazzle|Protect
|move|p2a: Celestine|Psychic Noise|p1a: Salazzle
|-activate|p1a: Salazzle|move: Protect
|
|upkeep
|turn|2
|
|t:|1776084562
|switch|p1a: Scizor|Scizor, F|100/100
|move|p2a: Celestine|Psychic Noise|p1a: Scizor
|-damage|p1a: Scizor|51/100
|-start|p1a: Scizor|move: Heal Block
|
|upkeep
|turn|3
|
|t:|1776084571
|switch|p2a: Behemoth|Great Tusk, shiny|100/100
|move|p1a: Scizor|U-turn|p2a: Behemoth
|-resisted|p2a: Behemoth
|-damage|p2a: Behemoth|78/100
|
|t:|1776084577
|switch|p1a: Gyarados|Gyarados, M|100/100|[from] U-turn
|-ability|p1a: Gyarados|Intimidate|boost
|-unboost|p2a: Behemoth|atk|1
|
|upkeep
|turn|4
|
|t:|1776084584
|-end|p2a: Behemoth|Protosynthesis|[silent]
|switch|p2a: Overseer|Pecharunt|100/100
|move|p1a: Gyarados|Dragon Dance|p1a: Gyarados
|-boost|p1a: Gyarados|atk|1
|-boost|p1a: Gyarados|spe|1
|
|upkeep
|turn|5
|
|t:|1776084590
|move|p1a: Gyarados|Earthquake|p2a: Overseer
|-supereffective|p2a: Overseer
|-damage|p2a: Overseer|51/100
|move|p2a: Overseer|Malignant Chain|p1a: Gyarados
|-damage|p1a: Gyarados|67/100
|
|upkeep
|turn|6
|
|t:|1776084597
|move|p1a: Gyarados|Earthquake|p2a: Overseer
|-supereffective|p2a: Overseer
|-damage|p2a: Overseer|0 fnt
|faint|p2a: Overseer
|
|upkeep
|
|t:|1776084604
|switch|p2a: Bandit|Weavile, M, shiny|100/100
|-ability|p2a: Bandit|Pressure
|turn|7
|
|t:|1776084611
|move|p1a: Gyarados|Waterfall|p2a: Bandit
|-damage|p2a: Bandit|0 fnt
|faint|p2a: Bandit
|
|upkeep
|
|t:|1776084615
|switch|p2a: Anonymous|Ogerpon, F|100/100
|turn|8
|
|t:|1776084619
|-terastallize|p2a: Anonymous|Grass
|detailschange|p2a: Anonymous|Ogerpon-Teal-Tera, F, tera:Grass
|-ability|p2a: Anonymous|Embody Aspect (Teal)|boost
|-boost|p2a: Anonymous|spe|1
|move|p2a: Anonymous|Ivy Cudgel|p1a: Gyarados
|-damage|p1a: Gyarados|0 fnt
|faint|p1a: Gyarados
|
|upkeep
|
|t:|1776084627
|switch|p1a: Scizor|Scizor, F|51/100
|turn|9
|
|t:|1776084632
|switch|p2a: Behemoth|Great Tusk, shiny|78/100
|move|p1a: Scizor|U-turn|p2a: Behemoth
|-resisted|p2a: Behemoth
|-damage|p2a: Behemoth|56/100
|
|t:|1776084639
|switch|p1a: Rillaboom|Rillaboom, M|100/100|[from] U-turn
|-fieldstart|move: Grassy Terrain|[from] ability: Grassy Surge|[of] p1a: Rillaboom
|
|-heal|p2a: Behemoth|62/100|[from] Grassy Terrain
|upkeep
|turn|10
|
|t:|1776084646
|move|p2a: Behemoth|Ice Spinner|p1a: Rillaboom
|-supereffective|p1a: Rillaboom
|-damage|p1a: Rillaboom|36/100
|-fieldend|move: Grassy Terrain
|move|p1a: Rillaboom|Knock Off|p2a: Behemoth
|-resisted|p2a: Behemoth
|-damage|p2a: Behemoth|43/100
|-enditem|p2a: Behemoth|Heavy-Duty Boots|[from] move: Knock Off|[of] p1a: Rillaboom
|
|upkeep
|turn|11
|
|t:|1776084653
|switch|p1a: Scizor|Scizor, F|51/100
|move|p2a: Behemoth|Ice Spinner|p1a: Scizor
|-resisted|p1a: Scizor
|-damage|p1a: Scizor|38/100
|
|upkeep
|turn|12
|
|t:|1776084658
|move|p1a: Scizor|Bullet Punch|p2a: Behemoth
|-damage|p2a: Behemoth|5/100
|move|p2a: Behemoth|Headlong Rush|p1a: Scizor
|-damage|p1a: Scizor|0 fnt
|-unboost|p2a: Behemoth|def|1
|-unboost|p2a: Behemoth|spd|1
|faint|p1a: Scizor
|
|upkeep
|
|t:|1776084662
|switch|p1a: Mimikyu|Mimikyu, M|100/100
|turn|13
|
|t:|1776084667
|move|p1a: Mimikyu|Shadow Sneak|p2a: Behemoth
|-damage|p2a: Behemoth|0 fnt
|faint|p2a: Behemoth
|-end|p2a: Behemoth|Protosynthesis|[silent]
|
|upkeep
|
|t:|1776084671
|switch|p2a: Chaos|Heatran, M, shiny|100/100
|-item|p2a: Chaos|Air Balloon
|turn|14
|
|t:|1776084676
|switch|p1a: Salazzle|Salazzle, F|100/100
|move|p2a: Chaos|Magma Storm|p1a: Salazzle|[miss]
|-miss|p2a: Chaos|p1a: Salazzle
|
|upkeep
|turn|15
|
|t:|1776084683
|move|p1a: Salazzle|Toxic|p2a: Chaos
|-status|p2a: Chaos|tox
|move|p2a: Chaos|Earth Power|p1a: Salazzle
|-supereffective|p1a: Salazzle
|-damage|p1a: Salazzle|0 fnt
|faint|p1a: Salazzle
|
|-damage|p2a: Chaos|94/100 tox|[from] psn
|upkeep
|
|t:|1776084701
|switch|p1a: Rillaboom|Rillaboom, M|36/100
|-fieldstart|move: Grassy Terrain|[from] ability: Grassy Surge|[of] p1a: Rillaboom
|turn|16
|
|t:|1776084705
|move|p1a: Rillaboom|Grassy Glide|p2a: Chaos
|-resisted|p2a: Chaos
|-crit|p2a: Chaos
|-damage|p2a: Chaos|74/100 tox
|-enditem|p2a: Chaos|Air Balloon
|move|p2a: Chaos|Magma Storm|p1a: Rillaboom|[miss]
|-miss|p2a: Chaos|p1a: Rillaboom
|
|-heal|p1a: Rillaboom|42/100|[from] Grassy Terrain
|-heal|p2a: Chaos|80/100 tox|[from] Grassy Terrain
|-damage|p2a: Chaos|67/100 tox|[from] psn
|upkeep
|turn|17
|
|t:|1776084715
|move|p1a: Rillaboom|Grassy Glide|p2a: Chaos
|-resisted|p2a: Chaos
|-damage|p2a: Chaos|54/100 tox
|move|p2a: Chaos|Magma Storm|p1a: Rillaboom
|-supereffective|p1a: Rillaboom
|-damage|p1a: Rillaboom|0 fnt
|faint|p1a: Rillaboom
|
|-heal|p2a: Chaos|61/100 tox|[from] Grassy Terrain
|-damage|p2a: Chaos|42/100 tox|[from] psn
|upkeep
|
|t:|1776084720
|switch|p1a: Mimikyu|Mimikyu, M|100/100
|turn|18
|
|t:|1776084726
|move|p1a: Mimikyu|Swords Dance|p1a: Mimikyu
|-boost|p1a: Mimikyu|atk|2
|move|p2a: Chaos|Magma Storm|p1a: Mimikyu
|-activate|p1a: Mimikyu|ability: Disguise
|-damage|p1a: Mimikyu|100/100
|-activate|p1a: Mimikyu|move: Magma Storm|[of] p2a: Chaos
|detailschange|p1a: Mimikyu|Mimikyu-Busted, M
|-damage|p1a: Mimikyu|88/100|[from] pokemon: Mimikyu-Busted
|-enditem|p1a: Mimikyu|Red Card|[of] p2a: Chaos
|drag|p2a: Celestine|Primarina, M, shiny|100/100
|
|-heal|p1a: Mimikyu|94/100|[from] Grassy Terrain
|-end|p1a: Mimikyu|Magma Storm|[partiallytrapped]|[silent]
|upkeep
|turn|19
|
|t:|1776084739
|move|p1a: Mimikyu|Play Rough|p2a: Celestine
|-damage|p2a: Celestine|17/100
|move|p2a: Celestine|Moonblast|p1a: Mimikyu
|-damage|p1a: Mimikyu|30/100
|
|-heal|p1a: Mimikyu|36/100|[from] Grassy Terrain
|-heal|p2a: Celestine|23/100|[from] Grassy Terrain
|upkeep
|turn|20
|
|t:|1776084747
|move|p1a: Mimikyu|Play Rough|p2a: Celestine
|-damage|p2a: Celestine|0 fnt
|faint|p2a: Celestine
|
|-heal|p1a: Mimikyu|42/100|[from] Grassy Terrain
|-fieldend|move: Grassy Terrain
|upkeep
|
|t:|1776084752
|switch|p2a: Anonymous|Ogerpon-Teal-Tera, F, tera:Grass|100/100
|-ability|p2a: Anonymous|Embody Aspect (Teal)|boost
|-boost|p2a: Anonymous|spe|1
|turn|21
|
|t:|1776084759
|move|p1a: Mimikyu|Shadow Sneak|p2a: Anonymous
|-damage|p2a: Anonymous|54/100
|move|p2a: Anonymous|Ivy Cudgel|p1a: Mimikyu
|-damage|p1a: Mimikyu|0 fnt
|faint|p1a: Mimikyu
|
|upkeep
|
|t:|1776084764
|switch|p1a: Sandy Shocks|Sandy Shocks, shiny|100/100
|-enditem|p1a: Sandy Shocks|Booster Energy
|-activate|p1a: Sandy Shocks|ability: Protosynthesis|[fromitem]
|-start|p1a: Sandy Shocks|protosynthesisspe
|turn|22
|
|t:|1776084782
|-terastallize|p1a: Sandy Shocks|Ice
|move|p2a: Anonymous|Ivy Cudgel|p1a: Sandy Shocks
|-damage|p1a: Sandy Shocks|0 fnt
|faint|p1a: Sandy Shocks
|-end|p1a: Sandy Shocks|Protosynthesis|[silent]
|
|win|EdrenalineKick
|raw|clouddaearth's rating: 1409 &rarr; <strong>1391</strong><br />(-18 for losing)
|raw|EdrenalineKick's rating: 1436 &rarr; <strong>1454</strong><br />(+18 for winning)
|l|☆clouddaearth
|player|p1|
|l|☆EdrenalineKick
|player|p2|
