|html|<div class="broadcast-blue"><strong>[Gen 9] OU is currently suspecting Tera Blast! For information on how to participate check out the <a href="https://www.smogon.com/tools/suspects/view/200">suspect thread</a>.</strong></div>
|j|☆Ramiro95
|j|☆Sean livingston
|t:|1776045372
|gametype|singles
|player|p1|Ramiro95|266|1291
|player|p2|Sean livingston|shelly|1339
|gen|9
|tier|[Gen 9] OU
|rated|
|rule|HP Percentage Mod: HP is shown in percentages
|rule|Endless Battle Clause: Forcing endless battles is banned
|rule|Species Clause: Limit one of each Pokémon
|rule|OHKO Clause: OHKO moves are banned
|rule|Evasion Items Clause: Evasion items are banned
|rule|Evasion Moves Clause: Evasion moves are banned
|rule|Evasion Abilities Clause: Evasion abilities are banned
|rule|Sleep Moves Clause: Sleep-inducing moves are banned
|clearpoke
|poke|p1|Zoroark-Hisui, M|
|poke|p1|Meloetta|
|poke|p1|Porygon2|
|poke|p1|Blissey, F|
|poke|p1|Ursaluna, F|
|poke|p1|Maushold|
|poke|p2|Great Tusk|
|poke|p2|Hydreigon, F|
|poke|p2|Pecharunt|
|poke|p2|Tinkaton, F|
|poke|p2|Alomomola, F|
|poke|p2|Ogerpon, F|
|teampreview
|inactive|Battle timer is ON: inactive players will automatically lose when time's up. (requested by Sean livingston)
|inactive|Ramiro95 has 120 seconds left.
|inactive|Ramiro95 has 90 seconds left.
|
|t:|1776045447
|teamsize|p1|6
|teamsize|p2|6
|start
|switch|p1a: Meloetta|Meloetta|100/100
|switch|p2a: Tinkaton|Tinkaton, F, shiny|100/100
|-item|p2a: Tinkaton|Air Balloon
|turn|1
|
|t:|1776045456
|switch|p1a: Ursaluna|Ursaluna, F|100/100
|move|p2a: Tinkaton|Stealth Rock|p1a: Ursaluna
|-sidestart|p1: Ramiro95|move: Stealth Rock
|
|-status|p1a: Ursaluna|brn|[from] item: Flame Orb
|upkeep
|turn|2
|
|t:|1776045462
|move|p2a: Tinkaton|Gigaton Hammer|p1a: Ursaluna
|-damage|p1a: Ursaluna|52/100 brn
|move|p1a: Ursaluna|Trailblaze|p2a: Tinkaton
|-resisted|p2a: Tinkaton
|-damage|p2a: Tinkaton|81/100
|-boost|p1a: Ursaluna|spe|1
|-enditem|p2a: Tinkaton|Air Balloon
|-enditem|p1a: Ursaluna|Flame Orb|[silent]|[from] ability: Pickpocket|[of] p1a: Ursaluna
|-item|p2a: Tinkaton|Flame Orb|[from] ability: Pickpocket|[of] p1a: Ursaluna
|
|-damage|p1a: Ursaluna|46/100 brn|[from] brn
|-status|p2a: Tinkaton|brn|[from] item: Flame Orb
|upkeep
|turn|3
|
|t:|1776045474
|move|p1a: Ursaluna|Drain Punch|p2a: Tinkaton
|-damage|p2a: Tinkaton|25/100 brn
|-heal|p1a: Ursaluna|67/100 brn|[from] drain|[of] p2a: Tinkaton
|move|p2a: Tinkaton|Encore|p1a: Ursaluna
|-start|p1a: Ursaluna|Encore
|
|-damage|p1a: Ursaluna|61/100 brn|[from] brn
|-damage|p2a: Tinkaton|19/100 brn|[from] brn
|upkeep
|turn|4
|
|t:|1776045482
|switch|p2a: Pecharunt|Pecharunt|100/100
|move|p1a: Ursaluna|Drain Punch|p2a: Pecharunt
|-immune|p2a: Pecharunt
|
|-damage|p1a: Ursaluna|55/100 brn|[from] brn
|upkeep
|turn|5
|
|t:|1776045495
|move|p1a: Ursaluna|Drain Punch|p2a: Pecharunt
|-immune|p2a: Pecharunt
|move|p2a: Pecharunt|Parting Shot|p1a: Ursaluna
|-unboost|p1a: Ursaluna|atk|1
|-unboost|p1a: Ursaluna|spa|1
|
|t:|1776045509
|switch|p2a: Ogerpon|Ogerpon, F|100/100|[from] Parting Shot
|
|-damage|p1a: Ursaluna|49/100 brn|[from] brn
|upkeep
|turn|6
|
|t:|1776045525
|switch|p1a: Porygon2|Porygon2|100/100
|-damage|p1a: Porygon2|88/100|[from] Stealth Rock
|-ability|p1a: Porygon2|Defiant|Trace|[from] ability: Trace|[of] p2a: Ogerpon
|-terastallize|p2a: Ogerpon|Grass
|detailschange|p2a: Ogerpon|Ogerpon-Teal-Tera, F, tera:Grass
|-ability|p2a: Ogerpon|Embody Aspect (Teal)|boost
|-boost|p2a: Ogerpon|spe|1
|move|p2a: Ogerpon|Ivy Cudgel|p1a: Porygon2
|-crit|p1a: Porygon2
|-damage|p1a: Porygon2|14/100
|
|upkeep
|turn|7
|
|t:|1776045543
|move|p2a: Ogerpon|Ivy Cudgel|p1a: Porygon2
|-crit|p1a: Porygon2
|-damage|p1a: Porygon2|0 fnt
|faint|p1a: Porygon2
|
|upkeep
|
|t:|1776045552
|switch|p1a: Maushold|Maushold|100/100
|turn|8
|
|t:|1776045563
|move|p2a: Ogerpon|Ivy Cudgel|p1a: Maushold
|-damage|p1a: Maushold|0 fnt
|faint|p1a: Maushold
|
|upkeep
|
|t:|1776045568
|switch|p1a: Meloetta|Meloetta|100/100
|-damage|p1a: Meloetta|88/100|[from] Stealth Rock
|turn|9
|
|t:|1776045575
|switch|p2a: Tinkaton|Tinkaton, F, shiny|19/100 brn
|-terastallize|p1a: Meloetta|Psychic
|move|p1a: Meloetta|Psyshock|p2a: Tinkaton
|-resisted|p2a: Tinkaton
|-damage|p2a: Tinkaton|0 fnt
|faint|p2a: Tinkaton
|
|upkeep
|
|t:|1776045592
|switch|p2a: Alomomola|Alomomola, F, shiny|100/100
|turn|10
|
|t:|1776045599
|move|p1a: Meloetta|Psyshock|p2a: Alomomola
|-damage|p2a: Alomomola|60/100
|move|p2a: Alomomola|Flip Turn|p1a: Meloetta
|-damage|p1a: Meloetta|69/100
|
|t:|1776045603
|switch|p2a: Ogerpon|Ogerpon-Teal-Tera, F, tera:Grass|100/100|[from] Flip Turn
|-ability|p2a: Ogerpon|Embody Aspect (Teal)|boost
|-boost|p2a: Ogerpon|spe|1
|
|upkeep
|turn|11
|
|t:|1776045608
|move|p2a: Ogerpon|Ivy Cudgel|p1a: Meloetta
|-damage|p1a: Meloetta|0 fnt
|faint|p1a: Meloetta
|
|upkeep
|inactive|Ramiro95 has 120 seconds left.
|inactive|Ramiro95 has 90 seconds left.
|inactive|Ramiro95 has 60 seconds left.
|inactive|Ramiro95 has 30 seconds left.
|inactive|Ramiro95 has 20 seconds left.
|inactive|Ramiro95 has 15 seconds left.
|inactive|Ramiro95 has 10 seconds left.
|inactive|Ramiro95 has 5 seconds left.
|-message|Ramiro95 lost due to inactivity.
|
|win|Sean livingston
|raw|Ramiro95's rating: 1291 &rarr; <strong>1269</strong><br />(-22 for losing)
|raw|Sean livingston's rating: 1339 &rarr; <strong>1356</strong><br />(+17 for winning)
|l|☆Sean livingston
|player|p2|
