|html|<div class="broadcast-blue"><strong>[Gen 9] OU is currently suspecting Tera Blast! For information on how to participate check out the <a href="https://www.smogon.com/tools/suspects/view/200">suspect thread</a>.</strong></div>
|j|☆planetwavess
|j|☆panzershock
|t:|1776083525
|gametype|singles
|player|p1|planetwavess|alec-anime|1138
|player|p2|panzershock|170|1124
|gen|9
|tier|[Gen 9] OU
|rated|
|rule|HP Percentage Mod: HP is shown in percentages
|rule|Endless Battle Clause: Forcing endless battles is banned
|rule|Species Clause: Limit one of each Pokémon
|rule|OHKO Clause: OHKO moves are banned
|rule|Evasion Items Clause: Evasion items are banned
|rule|Evasion Moves Clause: Evasion moves are banned
|rule|Evasion Abilities Clause: Evasion abilities are banned
|rule|Sleep Moves Clause: Sleep-inducing moves are banned
|clearpoke
|poke|p1|Tyranitar, F|
|poke|p1|Excadrill, F|
|poke|p1|Skarmory, F|
|poke|p1|Iron Moth|
|poke|p1|Rotom-Wash|
|poke|p1|Sinistcha|
|poke|p2|Zoroark-Hisui, F|
|poke|p2|Ting-Lu|
|poke|p2|Mesprit|
|poke|p2|Pikachu, M|
|poke|p2|Klefki, F|
|poke|p2|Drednaw, F|
|teampreview
|
|t:|1776083537
|teamsize|p1|6
|teamsize|p2|6
|start
|switch|p1a: Tyranitar|Tyranitar, F|100/100
|switch|p2a: Pikachu|Pikachu, M|100/100
|-weather|Sandstorm|[from] ability: Sand Stream|[of] p1a: Tyranitar
|turn|1
|
|t:|1776083563
|move|p2a: Pikachu|Low Kick|p1a: Tyranitar
|-supereffective|p1a: Tyranitar
|-damage|p1a: Tyranitar|0 fnt
|faint|p1a: Tyranitar
|
|-weather|Sandstorm|[upkeep]
|-damage|p2a: Pikachu|95/100|[from] Sandstorm
|upkeep
|
|t:|1776083571
|switch|p1a: Skarmory|Skarmory, F|100/100
|turn|2
|
|t:|1776083585
|switch|p1a: Excadrill|Excadrill, F|100/100
|-item|p1a: Excadrill|Air Balloon
|move|p2a: Pikachu|Poltergeist|p1a: Excadrill
|-activate|p1a: Excadrill|move: Poltergeist|Air Balloon
|-damage|p1a: Excadrill|25/100
|-enditem|p1a: Excadrill|Air Balloon
|
|-weather|Sandstorm|[upkeep]
|-damage|p2a: Pikachu|89/100|[from] Sandstorm
|upkeep
|turn|3
|
|t:|1776083599
|switch|p2a: Mesprit|Mesprit|100/100
|move|p1a: Excadrill|Rock Slide|p2a: Mesprit
|-damage|p2a: Mesprit|75/100
|
|-weather|Sandstorm|[upkeep]
|-damage|p2a: Mesprit|69/100|[from] Sandstorm
|upkeep
|turn|4
|
|t:|1776083604
|switch|p1a: Sinistcha|Sinistcha|100/100
|move|p2a: Mesprit|Drain Punch|p1a: Sinistcha
|-immune|p1a: Sinistcha
|
|-weather|Sandstorm|[upkeep]
|-damage|p1a: Sinistcha|94/100|[from] Sandstorm
|-damage|p2a: Mesprit|63/100|[from] Sandstorm
|upkeep
|turn|5
|
|t:|1776083615
|move|p1a: Sinistcha|Shadow Ball|p2a: Mesprit
|-supereffective|p2a: Mesprit
|-damage|p2a: Mesprit|23/100
|-enditem|p2a: Mesprit|Sitrus Berry|[eat]
|-heal|p2a: Mesprit|48/100|[from] item: Sitrus Berry
|move|p2a: Mesprit|Stealth Rock|p1a: Sinistcha
|-sidestart|p1: planetwavess|move: Stealth Rock
|
|-weather|none
|upkeep
|turn|6
|
|t:|1776083628
|switch|p2a: Pikachu|Pikachu, M|89/100
|move|p1a: Sinistcha|Calm Mind|p1a: Sinistcha
|-boost|p1a: Sinistcha|spa|1
|-boost|p1a: Sinistcha|spd|1
|-enditem|p2a: Pikachu|Mirror Herb
|-boost|p2a: Pikachu|spa|1|[from] item: Mirror Herb
|-boost|p2a: Pikachu|spd|1|[from] item: Mirror Herb
|
|upkeep
|turn|7
|
|t:|1776083635
|move|p2a: Pikachu|Poltergeist|p1a: Sinistcha
|-activate|p1a: Sinistcha|move: Poltergeist|Heavy-Duty Boots
|-supereffective|p1a: Sinistcha
|-damage|p1a: Sinistcha|23/100
|move|p1a: Sinistcha|Matcha Gotcha|p2a: Pikachu
|-damage|p2a: Pikachu|8/100
|-heal|p1a: Sinistcha|53/100|[from] drain|[of] p2a: Pikachu
|-status|p2a: Pikachu|brn
|replace|p2a: Zoroark|Zoroark-Hisui, F
|-end|p2a: Zoroark|Illusion
|
|-damage|p2a: Zoroark|2/100 brn|[from] brn
|upkeep
|turn|8
|
|t:|1776083651
|switch|p1a: Rotom|Rotom-Wash|100/100
|-damage|p1a: Rotom|88/100|[from] Stealth Rock
|move|p2a: Zoroark|Knock Off|p1a: Rotom
|-damage|p1a: Rotom|76/100
|-enditem|p1a: Rotom|Leftovers|[from] move: Knock Off|[of] p2a: Zoroark
|
|-damage|p2a: Zoroark|0 fnt|[from] brn
|faint|p2a: Zoroark
|upkeep
|
|t:|1776083662
|switch|p2a: Pikachu|Pikachu, M|100/100
|turn|9
|
|t:|1776083671
|move|p2a: Pikachu|Thunderbolt|p1a: Rotom
|-damage|p1a: Rotom|21/100
|move|p1a: Rotom|Volt Switch|p2a: Pikachu
|-ability|p2a: Pikachu|Lightning Rod|boost
|-boost|p2a: Pikachu|spa|1
|
|upkeep
|turn|10
|-message|planetwavess forfeited.
|
|win|panzershock
|raw|planetwavess's rating: 1138 &rarr; <strong>1112</strong><br />(-26 for losing)
|raw|panzershock's rating: 1124 &rarr; <strong>1150</strong><br />(+26 for winning)
|l|☆planetwavess
|player|p1|
|l|☆panzershock
|player|p2|
