|html|<div class="broadcast-blue"><strong>[Gen 9] OU is currently suspecting Tera Blast! For information on how to participate check out the <a href="https://www.smogon.com/tools/suspects/view/200">suspect thread</a>.</strong></div>
|j|☆fat chuds inc.
|j|☆twoflowersluggage
|t:|1776093786
|gametype|singles
|player|p1|fat chuds inc.|collector|1592
|player|p2|twoflowersluggage|pokefan-gen6|1575
|gen|9
|tier|[Gen 9] OU
|rated|
|rule|HP Percentage Mod: HP is shown in percentages
|rule|Endless Battle Clause: Forcing endless battles is banned
|rule|Species Clause: Limit one of each Pokémon
|rule|OHKO Clause: OHKO moves are banned
|rule|Evasion Items Clause: Evasion items are banned
|rule|Evasion Moves Clause: Evasion moves are banned
|rule|Evasion Abilities Clause: Evasion abilities are banned
|rule|Sleep Moves Clause: Sleep-inducing moves are banned
|clearpoke
|poke|p1|Maushold|
|poke|p1|Incineroar, M|
|poke|p1|Landorus-Therian, M|
|poke|p1|Azumarill, M|
|poke|p1|Slowking-Galar, F|
|poke|p1|Zamazenta-*|
|poke|p2|Hatterene, F|
|poke|p2|Ursaluna, M|
|poke|p2|Porygon2|
|poke|p2|Cresselia, F|
|poke|p2|Iron Hands|
|poke|p2|Volcanion|
|teampreview
|
|t:|1776093806
|teamsize|p1|6
|teamsize|p2|6
|start
|switch|p1a: Maushold|Maushold|100/100
|switch|p2a: Porygon2|Porygon2|100/100
|-ability|p2a: Porygon2|Download|boost
|-boost|p2a: Porygon2|atk|1
|turn|1
|j| nonchalantbufalant
|
|t:|1776093823
|move|p1a: Maushold|Population Bomb|p2a: Porygon2
|-damage|p2a: Porygon2|92/100
|-damage|p2a: Porygon2|85/100
|-damage|p2a: Porygon2|78/100
|-damage|p2a: Porygon2|70/100
|-damage|p2a: Porygon2|62/100
|-damage|p2a: Porygon2|54/100
|-damage|p2a: Porygon2|47/100
|-damage|p2a: Porygon2|39/100
|-damage|p2a: Porygon2|31/100
|-damage|p2a: Porygon2|24/100
|-hitcount|p2a: Porygon2|10
|move|p2a: Porygon2|Trick Room|p2a: Porygon2
|-fieldstart|move: Trick Room|[of] p2a: Porygon2
|
|upkeep
|turn|2
|
|t:|1776093829
|switch|p1a: Slowking|Slowking-Galar, F|100/100
|move|p2a: Porygon2|Tera Blast|p1a: Slowking
|-damage|p1a: Slowking|80/100
|
|upkeep
|turn|3
|inactive|Battle timer is ON: inactive players will automatically lose when time's up. (requested by twoflowersluggage)
|
|t:|1776093860
|switch|p2a: Ursaluna|Ursaluna, M|100/100
|move|p1a: Slowking|Sludge Bomb|p2a: Ursaluna
|-resisted|p2a: Ursaluna
|-damage|p2a: Ursaluna|82/100
|
|-status|p2a: Ursaluna|brn|[from] item: Flame Orb
|upkeep
|turn|4
|
|t:|1776093877
|switch|p1a: Incineroar|Incineroar, M|100/100
|-ability|p1a: Incineroar|Intimidate|boost
|-unboost|p2a: Ursaluna|atk|1
|-terastallize|p2a: Ursaluna|Normal
|move|p2a: Ursaluna|Facade|p1a: Incineroar
|-damage|p1a: Incineroar|0 fnt
|faint|p1a: Incineroar
|
|-damage|p2a: Ursaluna|76/100 brn|[from] brn
|upkeep
|inactive|fat chuds inc. has 120 seconds left.
|
|t:|1776093912
|switch|p1a: Azumarill|Azumarill, M|100/100
|turn|5
|
|t:|1776093924
|move|p2a: Ursaluna|Facade|p1a: Azumarill
|-damage|p1a: Azumarill|0 fnt
|faint|p1a: Azumarill
|
|-damage|p2a: Ursaluna|70/100 brn|[from] brn
|-fieldend|move: Trick Room
|upkeep
|inactive|fat chuds inc. has 120 seconds left.
|
|t:|1776093936
|switch|p1a: Maushold|Maushold|100/100
|turn|6
|
|t:|1776093939
|switch|p2a: Porygon2|Porygon2|24/100
|-ability|p2a: Porygon2|Download|boost
|-boost|p2a: Porygon2|atk|1
|move|p1a: Maushold|Population Bomb|p2a: Porygon2
|-damage|p2a: Porygon2|16/100
|-damage|p2a: Porygon2|7/100
|-damage|p2a: Porygon2|0 fnt
|faint|p2a: Porygon2
|-hitcount|p2: Porygon2|3
|
|upkeep
|inactive|twoflowersluggage has 120 seconds left.
|inactive|twoflowersluggage has 90 seconds left.
|
|t:|1776094003
|switch|p2a: Cresselia|Cresselia, F, shiny|100/100
|turn|7
|
|t:|1776094006
|move|p1a: Maushold|Bite|p2a: Cresselia
|-supereffective|p2a: Cresselia
|-damage|p2a: Cresselia|76/100
|move|p2a: Cresselia|Trick Room|p2a: Cresselia
|-fieldstart|move: Trick Room|[of] p2a: Cresselia
|
|upkeep
|turn|8
|inactive|twoflowersluggage has 90 seconds left.
|l| nonchalantbufalant
|j| nonchalantbufalant
|inactive|twoflowersluggage has 60 seconds left.
|
|t:|1776094062
|switch|p2a: Volcanion|Volcanion|100/100
|move|p1a: Maushold|Population Bomb|p2a: Volcanion
|-damage|p2a: Volcanion|91/100
|-damage|p2a: Volcanion|82/100
|-crit|p2a: Volcanion
|-damage|p2a: Volcanion|68/100
|-damage|p2a: Volcanion|60/100
|-damage|p2a: Volcanion|51/100
|-damage|p2a: Volcanion|42/100
|-damage|p2a: Volcanion|34/100
|-damage|p2a: Volcanion|25/100
|-damage|p2a: Volcanion|16/100
|-damage|p2a: Volcanion|7/100
|-hitcount|p2a: Volcanion|10
|
|upkeep
|turn|9
|
|t:|1776094073
|switch|p1a: Slowking|Slowking-Galar, F|100/100
|move|p2a: Volcanion|Steam Eruption|p1a: Slowking
|-damage|p1a: Slowking|55/100
|
|upkeep
|turn|10
|
|t:|1776094079
|move|p1a: Slowking|Sludge Bomb|p2a: Volcanion
|-damage|p2a: Volcanion|0 fnt
|faint|p2a: Volcanion
|
|upkeep
|
|t:|1776094081
|switch|p2a: Ursaluna|Ursaluna, M, tera:Normal|70/100 brn
|turn|11
|
|t:|1776094084
|move|p1a: Slowking|Sludge Bomb|p2a: Ursaluna
|-damage|p2a: Ursaluna|35/100 brn
|move|p2a: Ursaluna|Facade|p1a: Slowking
|-damage|p1a: Slowking|0 fnt
|faint|p1a: Slowking
|
|-damage|p2a: Ursaluna|29/100 brn|[from] brn
|-fieldend|move: Trick Room
|upkeep
|
|t:|1776094089
|switch|p1a: Maushold|Maushold|100/100
|turn|12
|
|t:|1776094097
|switch|p2a: Hatterene|Hatterene, F, shiny|100/100
|move|p1a: Maushold|Population Bomb|p2a: Hatterene
|-damage|p2a: Hatterene|87/100
|-damage|p2a: Hatterene|74/100
|-damage|p2a: Hatterene|62/100
|-damage|p2a: Hatterene|50/100
|-damage|p2a: Hatterene|38/100
|-damage|p2a: Hatterene|25/100
|-crit|p2a: Hatterene
|-damage|p2a: Hatterene|7/100
|-damage|p2a: Hatterene|0 fnt
|faint|p2a: Hatterene
|-hitcount|p2: Hatterene|8
|
|upkeep
|
|t:|1776094104
|switch|p2a: Cresselia|Cresselia, F, shiny|76/100
|turn|13
|
|t:|1776094107
|move|p1a: Maushold|Bite|p2a: Cresselia
|-supereffective|p2a: Cresselia
|-damage|p2a: Cresselia|53/100
|cant|p2a: Cresselia|flinch
|
|upkeep
|turn|14
|
|t:|1776094111
|move|p1a: Maushold|Population Bomb|p2a: Cresselia
|-damage|p2a: Cresselia|47/100
|-damage|p2a: Cresselia|42/100
|-damage|p2a: Cresselia|36/100
|-crit|p2a: Cresselia
|-damage|p2a: Cresselia|27/100
|-crit|p2a: Cresselia
|-damage|p2a: Cresselia|17/100
|-damage|p2a: Cresselia|12/100
|-damage|p2a: Cresselia|5/100
|-damage|p2a: Cresselia|0 fnt
|faint|p2a: Cresselia
|-hitcount|p2: Cresselia|8
|
|upkeep
|-message|twoflowersluggage forfeited.
|
|win|fat chuds inc.
|raw|fat chuds inc.'s rating: 1592 &rarr; <strong>1611</strong><br />(+19 for winning)
|raw|twoflowersluggage's rating: 1575 &rarr; <strong>1556</strong><br />(-19 for losing)
|l|☆twoflowersluggage
|player|p2|
|l|☆fat chuds inc.
|player|p1|
