|html|<div class="broadcast-blue"><strong>[Gen 9] OU is currently suspecting Tera Blast! For information on how to participate check out the <a href="https://www.smogon.com/tools/suspects/view/200">suspect thread</a>.</strong></div>
|j|☆Sisyphus17
|j|☆Pongkz16
|t:|1776072337
|gametype|singles
|player|p1|Sisyphus17|doctor|1113
|player|p2|Pongkz16|n-masters|1078
|gen|9
|tier|[Gen 9] OU
|rated|
|rule|HP Percentage Mod: HP is shown in percentages
|rule|Endless Battle Clause: Forcing endless battles is banned
|rule|Species Clause: Limit one of each Pokémon
|rule|OHKO Clause: OHKO moves are banned
|rule|Evasion Items Clause: Evasion items are banned
|rule|Evasion Moves Clause: Evasion moves are banned
|rule|Evasion Abilities Clause: Evasion abilities are banned
|rule|Sleep Moves Clause: Sleep-inducing moves are banned
|clearpoke
|poke|p1|Gliscor, M|
|poke|p1|Darkrai|
|poke|p1|Kyurem|
|poke|p1|Sinistcha|
|poke|p1|Glimmora, F|
|poke|p1|Iron Valiant|
|poke|p2|Ribombee, F|
|poke|p2|Cinderace, M|
|poke|p2|Rabsca, M|
|poke|p2|Kingambit, F|
|poke|p2|Ogerpon, F|
|poke|p2|Slowking-Galar, F|
|teampreview
|c|☆Pongkz16|hi
|
|t:|1776072342
|teamsize|p1|6
|teamsize|p2|6
|start
|switch|p1a: Glimmora|Glimmora, F|100/100
|switch|p2a: Ribombee|Ribombee, F|100/100
|turn|1
|
|t:|1776072354
|move|p2a: Ribombee|Tailwind|p2a: Ribombee
|-sidestart|p2: Pongkz16|move: Tailwind
|move|p1a: Glimmora|Stealth Rock|p2a: Ribombee
|-sidestart|p2: Pongkz16|move: Stealth Rock
|
|upkeep
|turn|2
|
|t:|1776072359
|switch|p2a: Cinderace|Cinderace, M|100/100
|move|p1a: Glimmora|Power Gem|p2a: Cinderace
|-supereffective|p2a: Cinderace
|-damage|p2a: Cinderace|0 fnt
|faint|p2a: Cinderace
|
|upkeep
|
|t:|1776072365
|switch|p2a: Rabsca|Rabsca, M|100/100
|-damage|p2a: Rabsca|76/100|[from] Stealth Rock
|turn|3
|
|t:|1776072372
|move|p1a: Glimmora|Power Gem|p2a: Rabsca
|-supereffective|p2a: Rabsca
|-damage|p2a: Rabsca|14/100
|move|p2a: Rabsca|Revival Blessing|p2a: Rabsca
|-enditem|p2a: Rabsca|Leppa Berry|[eat]
|-activate|p2a: Rabsca|item: Leppa Berry|Revival Blessing|[consumed]
|
|t:|1776072378
|-heal|p2: Cinderace|50/100|[from] move: Revival Blessing
|
|upkeep
|turn|4
|
|t:|1776072387
|switch|p2a: Slowking|Slowking-Galar, F|100/100
|move|p1a: Glimmora|Power Gem|p2a: Slowking
|-damage|p2a: Slowking|77/100
|
|-sideend|p2: Pongkz16|move: Tailwind
|upkeep
|turn|5
|
|t:|1776072394
|move|p1a: Glimmora|Earth Power|p2a: Slowking
|-supereffective|p2a: Slowking
|-damage|p2a: Slowking|43/100
|move|p2a: Slowking|Eerie Spell|p1a: Glimmora
|-supereffective|p1a: Glimmora
|-damage|p1a: Glimmora|20/100
|-activate|p1a: Glimmora|move: Eerie Spell|Earth Power|3
|
|upkeep
|turn|6
|
|t:|1776072413
|move|p1a: Glimmora|Earth Power|p2a: Slowking
|-supereffective|p2a: Slowking
|-damage|p2a: Slowking|5/100
|move|p2a: Slowking|Eerie Spell|p1a: Glimmora
|-supereffective|p1a: Glimmora
|-damage|p1a: Glimmora|0 fnt
|faint|p1a: Glimmora
|
|upkeep
|
|t:|1776072430
|switch|p1a: Sinistcha|Sinistcha|100/100
|turn|7
|
|t:|1776072441
|switch|p2a: Ribombee|Ribombee, F|100/100
|-damage|p2a: Ribombee|76/100|[from] Stealth Rock
|move|p1a: Sinistcha|Calm Mind|p1a: Sinistcha
|-boost|p1a: Sinistcha|spa|1
|-boost|p1a: Sinistcha|spd|1
|
|upkeep
|turn|8
|
|t:|1776072448
|move|p2a: Ribombee|Sticky Web|p1a: Sinistcha
|-sidestart|p1: Sisyphus17|move: Sticky Web
|move|p1a: Sinistcha|Calm Mind|p1a: Sinistcha
|-boost|p1a: Sinistcha|spa|1
|-boost|p1a: Sinistcha|spd|1
|
|upkeep
|turn|9
|
|t:|1776072456
|move|p2a: Ribombee|Tailwind|p2a: Ribombee
|-sidestart|p2: Pongkz16|move: Tailwind
|move|p1a: Sinistcha|Calm Mind|p1a: Sinistcha
|-boost|p1a: Sinistcha|spa|1
|-boost|p1a: Sinistcha|spd|1
|
|upkeep
|turn|10
|
|t:|1776072470
|move|p2a: Ribombee|Switcheroo|p1a: Sinistcha
|-activate|p2a: Ribombee|move: Trick|[of] p1a: Sinistcha
|-item|p1a: Sinistcha|Focus Sash|[from] move: Switcheroo
|-item|p2a: Ribombee|Leftovers|[from] move: Switcheroo
|move|p1a: Sinistcha|Stun Spore|p2a: Ribombee|[miss]
|-miss|p1a: Sinistcha|p2a: Ribombee
|
|-heal|p2a: Ribombee|82/100|[from] item: Leftovers
|upkeep
|turn|11
|
|t:|1776072494
|move|p2a: Ribombee|Switcheroo|p1a: Sinistcha
|-activate|p2a: Ribombee|move: Trick|[of] p1a: Sinistcha
|-item|p1a: Sinistcha|Leftovers|[from] move: Switcheroo
|-item|p2a: Ribombee|Focus Sash|[from] move: Switcheroo
|move|p1a: Sinistcha|Calm Mind|p1a: Sinistcha
|-boost|p1a: Sinistcha|spa|1
|-boost|p1a: Sinistcha|spd|1
|
|upkeep
|turn|12
|
|t:|1776072502
|move|p2a: Ribombee|Tailwind||[still]
|-fail|p2a: Ribombee
|move|p1a: Sinistcha|Stun Spore|p2a: Ribombee|[miss]
|-miss|p1a: Sinistcha|p2a: Ribombee
|
|-sideend|p2: Pongkz16|move: Tailwind
|upkeep
|turn|13
|
|t:|1776072508
|move|p2a: Ribombee|Tailwind|p2a: Ribombee
|-sidestart|p2: Pongkz16|move: Tailwind
|move|p1a: Sinistcha|Stun Spore|p2a: Ribombee|[miss]
|-miss|p1a: Sinistcha|p2a: Ribombee
|
|upkeep
|turn|14
|
|t:|1776072516
|move|p2a: Ribombee|U-turn|p1a: Sinistcha
|-damage|p1a: Sinistcha|87/100
|
|t:|1776072520
|switch|p2a: Slowking|Slowking-Galar, F|38/100|[from] U-turn
|move|p1a: Sinistcha|Stun Spore|p2a: Slowking
|-status|p2a: Slowking|par
|
|-heal|p1a: Sinistcha|93/100|[from] item: Leftovers
|upkeep
|turn|15
|
|t:|1776072530
|switch|p2a: Ribombee|Ribombee, F|82/100
|-damage|p2a: Ribombee|57/100|[from] Stealth Rock
|move|p1a: Sinistcha|Hex|p2a: Ribombee
|-crit|p2a: Ribombee
|-damage|p2a: Ribombee|0 fnt
|faint|p2a: Ribombee
|
|-heal|p1a: Sinistcha|99/100|[from] item: Leftovers
|upkeep
|
|t:|1776072539
|switch|p2a: Cinderace|Cinderace, M|50/100
|turn|16
|
|t:|1776072549
|move|p2a: Cinderace|Court Change|p2a: Cinderace
|-start|p2a: Cinderace|typechange|Normal|[from] ability: Libero
|-swapsideconditions
|-activate|p2a: Cinderace|move: Court Change
|move|p1a: Sinistcha|Hex|p2a: Cinderace
|-immune|p2a: Cinderace
|
|-heal|p1a: Sinistcha|100/100|[from] item: Leftovers
|-sideend|p1: Sisyphus17|move: Tailwind
|upkeep
|turn|17
|
|t:|1776072559
|move|p2a: Cinderace|Sucker Punch|p1a: Sinistcha
|-supereffective|p1a: Sinistcha
|-damage|p1a: Sinistcha|57/100
|move|p1a: Sinistcha|Matcha Gotcha|p2a: Cinderace
|-damage|p2a: Cinderace|0 fnt
|-heal|p1a: Sinistcha|78/100|[from] drain|[of] p2a: Cinderace
|faint|p2a: Cinderace
|
|-heal|p1a: Sinistcha|84/100|[from] item: Leftovers
|upkeep
|
|t:|1776072579
|switch|p2a: Slowking|Slowking-Galar, F|71/100 par
|turn|18
|
|t:|1776072582
|move|p1a: Sinistcha|Hex|p2a: Slowking
|-supereffective|p2a: Slowking
|-damage|p2a: Slowking|0 fnt
|faint|p2a: Slowking
|
|-heal|p1a: Sinistcha|90/100|[from] item: Leftovers
|upkeep
|
|t:|1776072590
|switch|p2a: Kingambit|Kingambit, F|100/100
|-activate|p2a: Kingambit|move: Sticky Web
|-unboost|p2a: Kingambit|spe|1
|-ability|p2a: Kingambit|Defiant|boost
|-boost|p2a: Kingambit|atk|2
|turn|19
|
|t:|1776072598
|-terastallize|p2a: Kingambit|Dark
|move|p2a: Kingambit|Sucker Punch|p1a: Sinistcha
|-supereffective|p1a: Sinistcha
|-damage|p1a: Sinistcha|0 fnt
|faint|p1a: Sinistcha
|
|upkeep
|
|t:|1776072602
|switch|p1a: Darkrai|Darkrai|100/100
|-damage|p1a: Darkrai|88/100|[from] Stealth Rock
|turn|20
|
|t:|1776072608
|move|p1a: Darkrai|Swords Dance|p1a: Darkrai
|-boost|p1a: Darkrai|atk|2
|move|p2a: Kingambit|Iron Head|p1a: Darkrai
|-damage|p1a: Darkrai|0 fnt
|faint|p1a: Darkrai
|
|upkeep
|
|t:|1776072618
|switch|p1a: Kyurem|Kyurem|100/100
|-damage|p1a: Kyurem|76/100|[from] Stealth Rock
|-ability|p1a: Kyurem|Pressure
|turn|21
|
|t:|1776072627
|-terastallize|p1a: Kyurem|Ghost
|move|p2a: Kingambit|Sucker Punch|p1a: Kyurem
|-supereffective|p1a: Kyurem
|-damage|p1a: Kyurem|0 fnt
|faint|p1a: Kyurem
|
|upkeep
|l|☆Sisyphus17
|player|p1|
|c|☆Pongkz16|um
|inactive|Battle timer is ON: inactive players will automatically lose when time's up. (requested by Pongkz16)
|c|☆Pongkz16|come back
|inactive|Sisyphus17 has 30 seconds to reconnect!
|inactive|Sisyphus17 has 20 seconds to reconnect!
|inactive|Sisyphus17 has 15 seconds to reconnect!
|inactive|Sisyphus17 has 10 seconds to reconnect!
|inactive|Sisyphus17 has 5 seconds to reconnect!
|-message|Sisyphus17 lost due to inactivity.
|
|win|Pongkz16
|raw|Sisyphus17's rating: 1113 &rarr; <strong>1085</strong><br />(-28 for losing)
|raw|Pongkz16's rating: 1078 &rarr; <strong>1109</strong><br />(+31 for winning)
|l|☆Pongkz16
|player|p2|
