|html|<div class="broadcast-blue"><strong>[Gen 9] OU is currently suspecting Tera Blast! For information on how to participate check out the <a href="https://www.smogon.com/tools/suspects/view/200">suspect thread</a>.</strong></div>
|j|☆elmerbar
|j|☆bigdumpie
|t:|1776150325
|gametype|singles
|player|p1|elmerbar|veteran|1100
|player|p2|bigdumpie|firebreather|1116
|gen|9
|tier|[Gen 9] OU
|rated|
|rule|HP Percentage Mod: HP is shown in percentages
|rule|Endless Battle Clause: Forcing endless battles is banned
|rule|Species Clause: Limit one of each Pokémon
|rule|OHKO Clause: OHKO moves are banned
|rule|Evasion Items Clause: Evasion items are banned
|rule|Evasion Moves Clause: Evasion moves are banned
|rule|Evasion Abilities Clause: Evasion abilities are banned
|rule|Sleep Moves Clause: Sleep-inducing moves are banned
|clearpoke
|poke|p1|Mimikyu, M|
|poke|p1|Tyranitar, M|
|poke|p1|Rotom-Wash|
|poke|p1|Corviknight, M|
|poke|p1|Great Tusk|
|poke|p1|Dragapult, F|
|poke|p2|Pelipper, F|
|poke|p2|Dragapult, M|
|poke|p2|Zapdos|
|poke|p2|Iron Treads|
|poke|p2|Slowking-Galar, F|
|poke|p2|Barraskewda, F|
|teampreview
|
|t:|1776150342
|teamsize|p1|6
|teamsize|p2|6
|start
|switch|p1a: Tyranitar|Tyranitar, M, shiny|100/100
|switch|p2a: Skewers|Barraskewda, F|100/100
|-weather|Sandstorm|[from] ability: Sand Stream|[of] p1a: Tyranitar
|turn|1
|
|t:|1776150356
|switch|p1a: Rotom|Rotom-Wash, shiny|100/100
|move|p2a: Skewers|Flip Turn|p1a: Rotom
|-resisted|p1a: Rotom
|-damage|p1a: Rotom|82/100
|
|t:|1776150363
|switch|p2a: Breads|Iron Treads|100/100|[from] Flip Turn
|-item|p2a: Breads|Air Balloon
|
|-weather|Sandstorm|[upkeep]
|-damage|p1a: Rotom|76/100|[from] Sandstorm
|-heal|p1a: Rotom|82/100|[from] item: Leftovers
|upkeep
|turn|2
|j| Riiniixii
|
|t:|1776150397
|-end|p2a: Breads|Quark Drive|[silent]
|switch|p2a: Dos tacos|Zapdos|100/100
|move|p1a: Rotom|Hydro Pump|p2a: Dos tacos
|-damage|p2a: Dos tacos|53/100
|
|-weather|Sandstorm|[upkeep]
|-damage|p2a: Dos tacos|46/100|[from] Sandstorm
|-damage|p1a: Rotom|76/100|[from] Sandstorm
|-heal|p1a: Rotom|82/100|[from] item: Leftovers
|upkeep
|turn|3
|
|t:|1776150422
|switch|p1a: Tyranitar|Tyranitar, M, shiny|100/100
|move|p2a: Dos tacos|Volt Switch|p1a: Tyranitar
|-damage|p1a: Tyranitar|79/100
|
|t:|1776150428
|switch|p2a: Pepper|Pelipper, F|100/100|[from] Volt Switch
|-weather|RainDance|[from] ability: Drizzle|[of] p2a: Pepper
|
|-weather|RainDance|[upkeep]
|-heal|p1a: Tyranitar|85/100|[from] item: Leftovers
|upkeep
|turn|4
|
|t:|1776150442
|switch|p1a: Rotom|Rotom-Wash, shiny|82/100
|move|p2a: Pepper|Surf|p1a: Rotom
|-resisted|p1a: Rotom
|-damage|p1a: Rotom|59/100
|
|-weather|RainDance|[upkeep]
|-heal|p1a: Rotom|65/100|[from] item: Leftovers
|upkeep
|turn|5
|
|t:|1776150461
|switch|p2a: Poutine|Dragapult, M|100/100
|move|p1a: Rotom|Volt Switch|p2a: Poutine
|-resisted|p2a: Poutine
|-damage|p2a: Poutine|83/100
|
|t:|1776150476
|switch|p1a: Dragapult|Dragapult, F|100/100|[from] Volt Switch
|
|-weather|RainDance|[upkeep]
|upkeep
|turn|6
|
|t:|1776150510
|-terastallize|p2a: Poutine|Ghost
|move|p2a: Poutine|Dragon Darts|p1a: Dragapult
|-supereffective|p1a: Dragapult
|-damage|p1a: Dragapult|46/100
|-anim|p2a: Poutine|Dragon Darts|p1a: Dragapult
|-supereffective|p1a: Dragapult
|-damage|p1a: Dragapult|0 fnt
|faint|p1a: Dragapult
|
|-weather|RainDance|[upkeep]
|upkeep
|
|t:|1776150521
|switch|p1a: Mimikyu|Mimikyu, M, shiny|100/100
|turn|7
|
|t:|1776150531
|move|p2a: Poutine|U-turn|p1a: Mimikyu
|-activate|p1a: Mimikyu|ability: Disguise
|-damage|p1a: Mimikyu|100/100
|detailschange|p1a: Mimikyu|Mimikyu-Busted, M, shiny
|-damage|p1a: Mimikyu|88/100|[from] pokemon: Mimikyu-Busted
|
|t:|1776150545
|switch|p2a: Breads|Iron Treads|100/100|[from] U-turn
|-item|p2a: Breads|Air Balloon
|move|p1a: Mimikyu|Swords Dance|p1a: Mimikyu
|-boost|p1a: Mimikyu|atk|2
|
|-weather|RainDance|[upkeep]
|upkeep
|turn|8
|
|t:|1776150567
|switch|p1a: Great Tusk|Great Tusk|100/100
|move|p2a: Breads|Earthquake|p1a: Great Tusk
|-damage|p1a: Great Tusk|66/100
|
|-weather|RainDance|[upkeep]
|-heal|p1a: Great Tusk|72/100|[from] item: Leftovers
|upkeep
|turn|9
|
|t:|1776150585
|-end|p2a: Breads|Quark Drive|[silent]
|switch|p2a: Poutine|Dragapult, M, tera:Ghost|83/100
|move|p1a: Great Tusk|Knock Off|p2a: Poutine
|-supereffective|p2a: Poutine
|-damage|p2a: Poutine|0 fnt
|-enditem|p2a: Poutine|Heavy-Duty Boots|[from] move: Knock Off|[of] p1a: Great Tusk
|faint|p2a: Poutine
|
|-weather|RainDance|[upkeep]
|-heal|p1a: Great Tusk|79/100|[from] item: Leftovers
|upkeep
|
|t:|1776150598
|switch|p2a: Skewers|Barraskewda, F|100/100
|turn|10
|
|t:|1776150626
|-end|p1a: Great Tusk|Protosynthesis|[silent]
|switch|p1a: Corviknight|Corviknight, M, shiny|100/100
|-ability|p1a: Corviknight|Pressure
|move|p2a: Skewers|Liquidation|p1a: Corviknight
|-damage|p1a: Corviknight|39/100
|-damage|p2a: Skewers|84/100|[from] item: Rocky Helmet|[of] p1a: Corviknight
|
|-weather|none
|upkeep
|turn|11
|
|t:|1776150640
|move|p2a: Skewers|Liquidation|p1a: Corviknight
|-damage|p1a: Corviknight|0 fnt
|-damage|p2a: Skewers|68/100|[from] item: Rocky Helmet|[of] p1a: Corviknight
|faint|p1a: Corviknight
|
|upkeep
|
|t:|1776150659
|switch|p1a: Rotom|Rotom-Wash, shiny|65/100
|turn|12
|
|t:|1776150672
|switch|p2a: Loaf|Slowking-Galar, F|100/100
|move|p1a: Rotom|Volt Switch|p2a: Loaf
|-damage|p2a: Loaf|89/100
|
|t:|1776150679
|switch|p1a: Great Tusk|Great Tusk|79/100|[from] Volt Switch
|
|-heal|p1a: Great Tusk|85/100|[from] item: Leftovers
|upkeep
|turn|13
|
|t:|1776150696
|move|p1a: Great Tusk|Knock Off|p2a: Loaf
|-supereffective|p2a: Loaf
|-damage|p2a: Loaf|18/100
|-enditem|p2a: Loaf|Assault Vest|[from] move: Knock Off|[of] p1a: Great Tusk
|move|p2a: Loaf|Psyshock|p1a: Great Tusk
|-supereffective|p1a: Great Tusk
|-damage|p1a: Great Tusk|30/100
|
|-heal|p1a: Great Tusk|36/100|[from] item: Leftovers
|upkeep
|turn|14
|
|t:|1776150706
|move|p1a: Great Tusk|Knock Off|p2a: Loaf
|-supereffective|p2a: Loaf
|-damage|p2a: Loaf|0 fnt
|faint|p2a: Loaf
|
|-heal|p1a: Great Tusk|42/100|[from] item: Leftovers
|upkeep
|
|t:|1776150719
|switch|p2a: Pepper|Pelipper, F|100/100
|-weather|RainDance|[from] ability: Drizzle|[of] p2a: Pepper
|turn|15
|
|t:|1776150732
|move|p1a: Great Tusk|Knock Off|p2a: Pepper
|-damage|p2a: Pepper|73/100
|-enditem|p2a: Pepper|Damp Rock|[from] move: Knock Off|[of] p1a: Great Tusk
|move|p2a: Pepper|U-turn|p1a: Great Tusk
|-resisted|p1a: Great Tusk
|-damage|p1a: Great Tusk|39/100
|
|t:|1776150739
|switch|p2a: Skewers|Barraskewda, F|68/100|[from] U-turn
|
|-weather|RainDance|[upkeep]
|-heal|p1a: Great Tusk|45/100|[from] item: Leftovers
|upkeep
|turn|16
|
|t:|1776150765
|-end|p1a: Great Tusk|Protosynthesis|[silent]
|switch|p1a: Rotom|Rotom-Wash, shiny|65/100
|move|p2a: Skewers|Flip Turn|p1a: Rotom
|-resisted|p1a: Rotom
|-damage|p1a: Rotom|34/100
|
|t:|1776150771
|switch|p2a: Dos tacos|Zapdos|46/100|[from] Flip Turn
|
|-weather|RainDance|[upkeep]
|-heal|p1a: Rotom|40/100|[from] item: Leftovers
|upkeep
|turn|17
|
|t:|1776150788
|-terastallize|p1a: Rotom|Electric
|move|p2a: Dos tacos|U-turn|p1a: Rotom
|-damage|p1a: Rotom|30/100
|
|t:|1776150796
|switch|p2a: Breads|Iron Treads|100/100|[from] U-turn
|-item|p2a: Breads|Air Balloon
|move|p1a: Rotom|Pain Split|p2a: Breads
|-sethp|p2a: Breads|64/100|[from] move: Pain Split|[silent]
|-sethp|p1a: Rotom|68/100|[from] move: Pain Split
|
|-weather|RainDance|[upkeep]
|-heal|p1a: Rotom|74/100|[from] item: Leftovers
|upkeep
|turn|18
|
|t:|1776150812
|move|p2a: Breads|Ice Spinner|p1a: Rotom
|-damage|p1a: Rotom|55/100
|move|p1a: Rotom|Hydro Pump|p2a: Breads
|-supereffective|p2a: Breads
|-damage|p2a: Breads|0 fnt
|-enditem|p2a: Breads|Air Balloon
|faint|p2a: Breads
|-end|p2a: Breads|Quark Drive|[silent]
|
|-weather|RainDance|[upkeep]
|-heal|p1a: Rotom|61/100|[from] item: Leftovers
|upkeep
|
|t:|1776150825
|switch|p2a: Skewers|Barraskewda, F|68/100
|turn|19
|
|t:|1776150834
|move|p2a: Skewers|Liquidation|p1a: Rotom
|-damage|p1a: Rotom|0 fnt
|faint|p1a: Rotom
|
|-weather|RainDance|[upkeep]
|upkeep
|
|t:|1776150853
|switch|p1a: Mimikyu|Mimikyu-Busted, M, shiny|88/100
|turn|20
|
|t:|1776150861
|move|p2a: Skewers|Liquidation|p1a: Mimikyu
|-damage|p1a: Mimikyu|0 fnt
|faint|p1a: Mimikyu
|
|-weather|RainDance|[upkeep]
|upkeep
|-message|elmerbar forfeited.
|
|win|bigdumpie
|raw|elmerbar's rating: 1100 &rarr; <strong>1076</strong><br />(-24 for losing)
|raw|bigdumpie's rating: 1116 &rarr; <strong>1140</strong><br />(+24 for winning)
|l|☆elmerbar
|player|p1|
|l| Riiniixii
