|html|<div class="broadcast-blue"><strong>[Gen 9] OU is currently suspecting Tera Blast! For information on how to participate check out the <a href="https://www.smogon.com/tools/suspects/view/200">suspect thread</a>.</strong></div>
|j|☆branmeow
|j|☆sushovannnn
|t:|1776047001
|gametype|singles
|player|p1|branmeow|firebreather|1212
|player|p2|sushovannnn|169|1195
|gen|9
|tier|[Gen 9] OU
|rated|
|rule|HP Percentage Mod: HP is shown in percentages
|rule|Endless Battle Clause: Forcing endless battles is banned
|rule|Species Clause: Limit one of each Pokémon
|rule|OHKO Clause: OHKO moves are banned
|rule|Evasion Items Clause: Evasion items are banned
|rule|Evasion Moves Clause: Evasion moves are banned
|rule|Evasion Abilities Clause: Evasion abilities are banned
|rule|Sleep Moves Clause: Sleep-inducing moves are banned
|clearpoke
|poke|p1|Whimsicott, F|
|poke|p1|Torkoal, F|
|poke|p1|Walking Wake|
|poke|p1|Gliscor, F|
|poke|p1|Clefable, F|
|poke|p1|Luxray, F|
|poke|p2|Weavile, F|
|poke|p2|Tornadus-Therian, M|
|poke|p2|Galvantula, F|
|poke|p2|Tyranitar, F|
|poke|p2|Excadrill, M|
|poke|p2|Walking Wake|
|teampreview
|
|t:|1776047013
|teamsize|p1|6
|teamsize|p2|6
|start
|switch|p1a: Therapy dog|Torkoal, F|100/100
|switch|p2a: Galvantula|Galvantula, F|100/100
|-weather|SunnyDay|[from] ability: Drought|[of] p1a: Therapy dog
|turn|1
|c|☆sushovannnn|i read therapy as smthing different
|
|t:|1776047035
|move|p2a: Galvantula|Thunder Wave|p1a: Therapy dog
|-status|p1a: Therapy dog|par
|cant|p1a: Therapy dog|par
|
|-weather|SunnyDay|[upkeep]
|upkeep
|turn|2
|
|t:|1776047050
|switch|p1a: Stinger|Gliscor, F|100/100
|move|p2a: Galvantula|Sticky Web|p1a: Stinger
|-sidestart|p1: branmeow|move: Sticky Web
|
|-weather|SunnyDay|[upkeep]
|-status|p1a: Stinger|tox|[from] item: Toxic Orb
|upkeep
|turn|3
|
|t:|1776047057
|move|p2a: Galvantula|Bug Buzz|p1a: Stinger
|-resisted|p1a: Stinger
|-damage|p1a: Stinger|75/100 tox
|move|p1a: Stinger|Swords Dance|p1a: Stinger
|-boost|p1a: Stinger|atk|2
|
|-weather|SunnyDay|[upkeep]
|-heal|p1a: Stinger|88/100 tox|[from] ability: Poison Heal
|upkeep
|turn|4
|
|t:|1776047071
|switch|p2a: Tyranitar|Tyranitar, F|100/100
|-weather|Sandstorm|[from] ability: Sand Stream|[of] p2a: Tyranitar
|move|p1a: Stinger|Earthquake|p2a: Tyranitar
|-supereffective|p2a: Tyranitar
|-damage|p2a: Tyranitar|0 fnt
|faint|p2a: Tyranitar
|
|-weather|Sandstorm|[upkeep]
|-heal|p1a: Stinger|99/100 tox|[from] ability: Poison Heal
|upkeep
|
|t:|1776047081
|switch|p2a: Weavile|Weavile, F|100/100
|-ability|p2a: Weavile|Pressure
|turn|5
|
|t:|1776047088
|-terastallize|p1a: Stinger|Normal
|move|p2a: Weavile|Icicle Crash|p1a: Stinger
|-damage|p1a: Stinger|63/100 tox
|-damage|p2a: Weavile|91/100|[from] item: Life Orb
|move|p1a: Stinger|Facade|p2a: Weavile
|-damage|p2a: Weavile|0 fnt
|faint|p2a: Weavile
|
|-weather|Sandstorm|[upkeep]
|-damage|p1a: Stinger|56/100 tox|[from] Sandstorm
|-heal|p1a: Stinger|69/100 tox|[from] ability: Poison Heal
|upkeep
|
|t:|1776047100
|switch|p2a: Excadrill|Excadrill, M|100/100
|turn|6
|
|t:|1776047108
|switch|p1a: Luxray|Luxray, F|100/100
|-ability|p1a: Luxray|Intimidate|boost
|-unboost|p2a: Excadrill|atk|1
|-item|p1a: Luxray|Air Balloon
|move|p2a: Excadrill|Swords Dance|p2a: Excadrill
|-boost|p2a: Excadrill|atk|2
|
|-weather|Sandstorm|[upkeep]
|-damage|p1a: Luxray|95/100|[from] Sandstorm
|upkeep
|turn|7
|
|t:|1776047118
|move|p2a: Excadrill|X-Scissor|p1a: Luxray
|-damage|p1a: Luxray|33/100
|-enditem|p1a: Luxray|Air Balloon
|move|p1a: Luxray|Trailblaze|p2a: Excadrill
|-damage|p2a: Excadrill|72/100
|-boost|p1a: Luxray|spe|1
|
|-weather|Sandstorm|[upkeep]
|-damage|p1a: Luxray|27/100|[from] Sandstorm
|upkeep
|turn|8
|inactive|Battle timer is ON: inactive players will automatically lose when time's up. (requested by sushovannnn)
|
|t:|1776047128
|move|p2a: Excadrill|Earthquake|p1a: Luxray
|-supereffective|p1a: Luxray
|-damage|p1a: Luxray|0 fnt
|faint|p1a: Luxray
|
|-weather|none
|upkeep
|
|t:|1776047132
|switch|p1a: Therapy dog|Torkoal, F|100/100 par
|-activate|p1a: Therapy dog|move: Sticky Web
|-unboost|p1a: Therapy dog|spe|1
|-weather|SunnyDay|[from] ability: Drought|[of] p1a: Therapy dog
|turn|9
|
|t:|1776047138
|move|p2a: Excadrill|Earthquake|p1a: Therapy dog
|-supereffective|p1a: Therapy dog
|-damage|p1a: Therapy dog|0 fnt
|faint|p1a: Therapy dog
|
|-weather|SunnyDay|[upkeep]
|upkeep
|
|t:|1776047144
|switch|p1a: Mr. Wake|Walking Wake|100/100
|-activate|p1a: Mr. Wake|move: Sticky Web
|-unboost|p1a: Mr. Wake|spe|1
|-activate|p1a: Mr. Wake|ability: Protosynthesis
|-start|p1a: Mr. Wake|protosynthesisspa
|turn|10
|
|t:|1776047151
|-terastallize|p2a: Excadrill|Ground
|move|p2a: Excadrill|Earthquake|p1a: Mr. Wake
|-damage|p1a: Mr. Wake|0 fnt
|faint|p1a: Mr. Wake
|-end|p1a: Mr. Wake|Protosynthesis|[silent]
|
|-weather|SunnyDay|[upkeep]
|upkeep
|
|t:|1776047156
|switch|p1a: Whimsigoat|Whimsicott, F|100/100
|-activate|p1a: Whimsigoat|move: Sticky Web
|-unboost|p1a: Whimsigoat|spe|1
|turn|11
|
|t:|1776047160
|move|p1a: Whimsigoat|Solar Beam||[still]
|-prepare|p1a: Whimsigoat|Solar Beam
|-anim|p1a: Whimsigoat|Solar Beam|p2a: Excadrill
|-supereffective|p2a: Excadrill
|-damage|p2a: Excadrill|0 fnt
|faint|p2a: Excadrill
|
|-weather|SunnyDay|[upkeep]
|upkeep
|
|t:|1776047169
|switch|p2a: Galvantula|Galvantula, F|100/100
|turn|12
|
|t:|1776047174
|move|p1a: Whimsigoat|Growth|p1a: Whimsigoat
|-boost|p1a: Whimsigoat|atk|2
|-boost|p1a: Whimsigoat|spa|2
|move|p2a: Galvantula|Thunder|p1a: Whimsigoat|[miss]
|-miss|p2a: Galvantula|p1a: Whimsigoat
|
|-weather|SunnyDay|[upkeep]
|upkeep
|turn|13
|
|t:|1776047180
|move|p1a: Whimsigoat|Moonblast|p2a: Galvantula
|-enditem|p2a: Galvantula|Focus Sash
|-damage|p2a: Galvantula|1/100
|move|p2a: Galvantula|Thunder Wave|p1a: Whimsigoat
|-status|p1a: Whimsigoat|par
|
|-weather|SunnyDay|[upkeep]
|upkeep
|turn|14
|
|t:|1776047190
|move|p2a: Galvantula|Bug Buzz|p1a: Whimsigoat
|-damage|p1a: Whimsigoat|53/100 par
|-enditem|p1a: Whimsigoat|Red Card|[of] p2a: Galvantula
|drag|p2a: Walking Wake|Walking Wake|100/100
|-activate|p2a: Walking Wake|ability: Protosynthesis
|-start|p2a: Walking Wake|protosynthesisspa
|cant|p1a: Whimsigoat|par
|
|-weather|SunnyDay|[upkeep]
|upkeep
|turn|15
|
|t:|1776047202
|move|p2a: Walking Wake|Flamethrower|p1a: Whimsigoat
|-supereffective|p1a: Whimsigoat
|-damage|p1a: Whimsigoat|0 fnt
|faint|p1a: Whimsigoat
|
|-weather|SunnyDay|[upkeep]
|upkeep
|
|t:|1776047205
|switch|p1a: Colon Three|Clefable, F|100/100
|-activate|p1a: Colon Three|move: Sticky Web
|-unboost|p1a: Colon Three|spe|1
|turn|16
|c|☆sushovannnn|yo bro how did u outrun my excadrill
|
|t:|1776047217
|-end|p2a: Walking Wake|Protosynthesis|[silent]
|switch|p2a: Galvantula|Galvantula, F|1/100
|move|p1a: Colon Three|Calm Mind|p1a: Colon Three
|-boost|p1a: Colon Three|spa|1
|-boost|p1a: Colon Three|spd|1
|
|-weather|none
|upkeep
|turn|17
|c|☆branmeow|chlorophyll
|c|☆sushovannnn|ohh
|
|t:|1776047225
|move|p2a: Galvantula|Thunder|p1a: Colon Three
|-damage|p1a: Colon Three|69/100
|move|p1a: Colon Three|Flamethrower|p2a: Galvantula
|-supereffective|p2a: Galvantula
|-damage|p2a: Galvantula|0 fnt
|faint|p2a: Galvantula
|
|-heal|p1a: Colon Three|75/100|[from] item: Leftovers
|upkeep
|
|t:|1776047234
|switch|p2a: Tornadus|Tornadus-Therian, M|100/100
|turn|18
|
|t:|1776047238
|move|p2a: Tornadus|Hurricane|p1a: Colon Three
|-damage|p1a: Colon Three|22/100
|move|p1a: Colon Three|Moonlight|p1a: Colon Three
|-heal|p1a: Colon Three|72/100
|
|-heal|p1a: Colon Three|78/100|[from] item: Leftovers
|upkeep
|turn|19
|
|t:|1776047246
|move|p2a: Tornadus|Hurricane|p1a: Colon Three|[miss]
|-miss|p2a: Tornadus|p1a: Colon Three
|move|p1a: Colon Three|Calm Mind|p1a: Colon Three
|-boost|p1a: Colon Three|spa|1
|-boost|p1a: Colon Three|spd|1
|
|-heal|p1a: Colon Three|84/100|[from] item: Leftovers
|upkeep
|turn|20
|
|t:|1776047253
|move|p2a: Tornadus|Hurricane|p1a: Colon Three
|-damage|p1a: Colon Three|46/100
|move|p1a: Colon Three|Calm Mind|p1a: Colon Three
|-boost|p1a: Colon Three|spa|1
|-boost|p1a: Colon Three|spd|1
|
|-heal|p1a: Colon Three|52/100|[from] item: Leftovers
|upkeep
|turn|21
|
|t:|1776047260
|move|p2a: Tornadus|Hurricane|p1a: Colon Three
|-damage|p1a: Colon Three|18/100
|move|p1a: Colon Three|Moonlight|p1a: Colon Three
|-heal|p1a: Colon Three|68/100
|
|-heal|p1a: Colon Three|74/100|[from] item: Leftovers
|upkeep
|turn|22
|
|t:|1776047267
|move|p2a: Tornadus|Hurricane|p1a: Colon Three
|-damage|p1a: Colon Three|41/100
|-start|p1a: Colon Three|confusion
|-activate|p1a: Colon Three|confusion
|-damage|p1a: Colon Three|34/100|[from] confusion
|
|-heal|p1a: Colon Three|40/100|[from] item: Leftovers
|upkeep
|turn|23
|
|t:|1776047275
|move|p2a: Tornadus|Hurricane|p1a: Colon Three|[miss]
|-miss|p2a: Tornadus|p1a: Colon Three
|-activate|p1a: Colon Three|confusion
|move|p1a: Colon Three|Moonlight|p1a: Colon Three
|-heal|p1a: Colon Three|90/100
|
|-heal|p1a: Colon Three|96/100|[from] item: Leftovers
|upkeep
|turn|24
|
|t:|1776047282
|move|p2a: Tornadus|Hurricane|p1a: Colon Three
|-damage|p1a: Colon Three|65/100
|-end|p1a: Colon Three|confusion
|move|p1a: Colon Three|Moonblast|p2a: Tornadus
|-damage|p2a: Tornadus|0 fnt
|faint|p2a: Tornadus
|
|-heal|p1a: Colon Three|71/100|[from] item: Leftovers
|upkeep
|
|t:|1776047291
|switch|p2a: Walking Wake|Walking Wake|100/100
|-enditem|p2a: Walking Wake|Booster Energy
|-activate|p2a: Walking Wake|ability: Protosynthesis|[fromitem]
|-start|p2a: Walking Wake|protosynthesisspa
|turn|25
|
|t:|1776047300
|move|p2a: Walking Wake|Hydro Steam|p1a: Colon Three
|-damage|p1a: Colon Three|52/100
|move|p1a: Colon Three|Moonblast|p2a: Walking Wake
|-supereffective|p2a: Walking Wake
|-damage|p2a: Walking Wake|0 fnt
|faint|p2a: Walking Wake
|-end|p2a: Walking Wake|Protosynthesis|[silent]
|
|win|branmeow
|raw|branmeow's rating: 1212 &rarr; <strong>1236</strong><br />(+24 for winning)
|raw|sushovannnn's rating: 1195 &rarr; <strong>1171</strong><br />(-24 for losing)
|c|☆sushovannnn|gg
|c|☆branmeow|gg wp
|l|☆branmeow
|player|p1|
|l|☆sushovannnn
|player|p2|
