|html|<div class="broadcast-blue"><strong>[Gen 9] OU is currently suspecting Tera Blast! For information on how to participate check out the <a href="https://www.smogon.com/tools/suspects/view/200">suspect thread</a>.</strong></div>
|j|☆Humerus_Skelepun
|j|☆AmygdalanResponse
|t:|1776225165
|gametype|singles
|player|p1|Humerus_Skelepun|101|1494
|player|p2|AmygdalanResponse|marshal|1473
|gen|9
|tier|[Gen 9] OU
|rated|
|rule|HP Percentage Mod: HP is shown in percentages
|rule|Endless Battle Clause: Forcing endless battles is banned
|rule|Species Clause: Limit one of each Pokémon
|rule|OHKO Clause: OHKO moves are banned
|rule|Evasion Items Clause: Evasion items are banned
|rule|Evasion Moves Clause: Evasion moves are banned
|rule|Evasion Abilities Clause: Evasion abilities are banned
|rule|Sleep Moves Clause: Sleep-inducing moves are banned
|clearpoke
|poke|p1|Ting-Lu|
|poke|p1|Weezing-Galar, F|
|poke|p1|Rillaboom, F|
|poke|p1|Iron Crown|
|poke|p1|Hatterene, F|
|poke|p1|Zapdos|
|poke|p2|Indeedee, M|
|poke|p2|Iron Boulder|
|poke|p2|Deoxys-Speed|
|poke|p2|Iron Valiant|
|poke|p2|Glimmora, M|
|poke|p2|Dragapult, F|
|teampreview
|inactive|Battle timer is ON: inactive players will automatically lose when time's up. (requested by Humerus_Skelepun)
|c|☆AmygdalanResponse|gl hf
|c|☆Humerus_Skelepun|u2
|inactive|Humerus_Skelepun has 120 seconds left.
|
|t:|1776225198
|teamsize|p1|6
|teamsize|p2|6
|start
|switch|p1a: Iron Crown|Iron Crown|100/100
|switch|p2a: Glimmora|Glimmora, M|100/100
|turn|1
|
|t:|1776225201
|move|p1a: Iron Crown|Tachyon Cutter|p2a: Glimmora
|-supereffective|p2a: Glimmora
|-damage|p2a: Glimmora|1/100
|-supereffective|p2a: Glimmora
|-crit|p2a: Glimmora
|-damage|p2a: Glimmora|0 fnt
|faint|p2a: Glimmora
|-hitcount|p2: Glimmora|2
|
|upkeep
|
|t:|1776225213
|switch|p2a: Dragapult|Dragapult, F|100/100
|turn|2
|
|t:|1776225218
|-terastallize|p1a: Iron Crown|Fighting
|move|p2a: Dragapult|U-turn|p1a: Iron Crown
|-resisted|p1a: Iron Crown
|-damage|p1a: Iron Crown|82/100
|
|t:|1776225221
|switch|p2a: Indeedee|Indeedee, M|100/100|[from] U-turn
|-fieldstart|move: Psychic Terrain|[from] ability: Psychic Surge|[of] p2a: Indeedee
|move|p1a: Iron Crown|Tachyon Cutter|p2a: Indeedee
|-damage|p2a: Indeedee|50/100
|-damage|p2a: Indeedee|0 fnt
|faint|p2a: Indeedee
|-hitcount|p2: Indeedee|2
|
|upkeep
|
|t:|1776225232
|switch|p2a: Iron Valiant|Iron Valiant|100/100
|-enditem|p2a: Iron Valiant|Booster Energy
|-activate|p2a: Iron Valiant|ability: Quark Drive|[fromitem]
|-start|p2a: Iron Valiant|quarkdrivespe
|turn|3
|
|t:|1776225240
|-end|p1a: Iron Crown|Quark Drive|[silent]
|switch|p1a: Weezing|Weezing-Galar, F|100/100
|-ability|p1a: Weezing|Neutralizing Gas
|move|p2a: Iron Valiant|Moonblast|p1a: Weezing
|-resisted|p1a: Weezing
|-damage|p1a: Weezing|70/100
|-unboost|p1a: Weezing|spa|1
|
|-heal|p1a: Weezing|76/100|[from] item: Leftovers
|upkeep
|turn|4
|
|t:|1776225248
|move|p2a: Iron Valiant|Calm Mind|p2a: Iron Valiant
|-boost|p2a: Iron Valiant|spa|1
|-boost|p2a: Iron Valiant|spd|1
|move|p1a: Weezing|Will-O-Wisp|p2a: Iron Valiant
|-status|p2a: Iron Valiant|brn
|
|-heal|p1a: Weezing|82/100|[from] item: Leftovers
|-damage|p2a: Iron Valiant|94/100 brn|[from] brn
|upkeep
|turn|5
|
|t:|1776225257
|move|p2a: Iron Valiant|Psyshock|p1a: Weezing
|-supereffective|p1a: Weezing
|-damage|p1a: Weezing|16/100
|move|p1a: Weezing|Defog|p2a: Iron Valiant
|-unboost|p2a: Iron Valiant|evasion|1
|-fieldend|move: Psychic Terrain
|
|-heal|p1a: Weezing|22/100|[from] item: Leftovers
|-damage|p2a: Iron Valiant|88/100 brn|[from] brn
|upkeep
|turn|6
|
|t:|1776225266
|move|p1a: Weezing|Protect|p1a: Weezing
|-singleturn|p1a: Weezing|Protect
|move|p2a: Iron Valiant|Encore|p1a: Weezing
|-activate|p1a: Weezing|move: Protect
|
|-heal|p1a: Weezing|28/100|[from] item: Leftovers
|-damage|p2a: Iron Valiant|82/100 brn|[from] brn
|upkeep
|turn|7
|
|t:|1776225271
|-end|p1a: Weezing|ability: Neutralizing Gas
|switch|p1a: Hatterene|Hatterene, F|100/100
|move|p2a: Iron Valiant|Psyshock|p1a: Hatterene
|-resisted|p1a: Hatterene
|-damage|p1a: Hatterene|84/100
|
|-damage|p2a: Iron Valiant|76/100 brn|[from] brn
|upkeep
|turn|8
|
|t:|1776225279
|move|p2a: Iron Valiant|Calm Mind|p2a: Iron Valiant
|-boost|p2a: Iron Valiant|spa|1
|-boost|p2a: Iron Valiant|spd|1
|move|p1a: Hatterene|Psychic Noise|p2a: Iron Valiant
|-supereffective|p2a: Iron Valiant
|-damage|p2a: Iron Valiant|20/100 brn
|-start|p2a: Iron Valiant|move: Heal Block
|
|-damage|p2a: Iron Valiant|14/100 brn|[from] brn
|upkeep
|turn|9
|
|t:|1776225282
|switch|p1a: Weezing|Weezing-Galar, F|28/100
|-ability|p1a: Weezing|Neutralizing Gas
|move|p2a: Iron Valiant|Moonblast|p1a: Weezing
|-resisted|p1a: Weezing
|-crit|p1a: Weezing
|-damage|p1a: Weezing|0 fnt
|faint|p1a: Weezing
|-end|p1a: Weezing|ability: Neutralizing Gas
|
|-damage|p2a: Iron Valiant|7/100 brn|[from] brn
|-end|p2a: Iron Valiant|move: Heal Block
|upkeep
|
|t:|1776225297
|switch|p1a: Ting-Lu|Ting-Lu|100/100
|-ability|p1a: Ting-Lu|Vessel of Ruin
|turn|10
|
|t:|1776225299
|move|p2a: Iron Valiant|Moonblast|p1a: Ting-Lu
|-supereffective|p1a: Ting-Lu
|-damage|p1a: Ting-Lu|29/100
|-unboost|p1a: Ting-Lu|spa|1
|move|p1a: Ting-Lu|Stealth Rock|p2a: Iron Valiant
|-sidestart|p2: AmygdalanResponse|move: Stealth Rock
|
|-heal|p1a: Ting-Lu|35/100|[from] item: Leftovers
|-damage|p2a: Iron Valiant|1/100 brn|[from] brn
|upkeep
|turn|11
|
|t:|1776225310
|move|p2a: Iron Valiant|Moonblast|p1a: Ting-Lu
|-supereffective|p1a: Ting-Lu
|-damage|p1a: Ting-Lu|0 fnt
|faint|p1a: Ting-Lu
|
|-damage|p2a: Iron Valiant|0 fnt|[from] brn
|faint|p2a: Iron Valiant
|-end|p2a: Iron Valiant|Quark Drive|[silent]
|upkeep
|
|t:|1776225314
|switch|p2a: Dragapult|Dragapult, F|100/100
|switch|p1a: Rillaboom|Rillaboom, F|100/100
|-damage|p2a: Dragapult|88/100|[from] Stealth Rock
|-fieldstart|move: Grassy Terrain|[from] ability: Grassy Surge|[of] p1a: Rillaboom
|turn|12
|
|t:|1776225317
|move|p1a: Rillaboom|Grassy Glide|p2a: Dragapult
|-resisted|p2a: Dragapult
|-damage|p2a: Dragapult|48/100
|move|p2a: Dragapult|U-turn|p1a: Rillaboom
|-supereffective|p1a: Rillaboom
|-damage|p1a: Rillaboom|29/100
|
|t:|1776225322
|switch|p2a: Deoxys|Deoxys-Speed|100/100|[from] U-turn
|-damage|p2a: Deoxys|88/100|[from] Stealth Rock
|-ability|p2a: Deoxys|Pressure
|
|-heal|p2a: Deoxys|94/100|[from] Grassy Terrain
|-heal|p1a: Rillaboom|35/100|[from] Grassy Terrain
|upkeep
|turn|13
|
|t:|1776225328
|move|p1a: Rillaboom|Grassy Glide|p2a: Deoxys
|-damage|p2a: Deoxys|0 fnt
|faint|p2a: Deoxys
|
|-heal|p1a: Rillaboom|41/100|[from] Grassy Terrain
|upkeep
|
|t:|1776225330
|switch|p2a: Dragapult|Dragapult, F|48/100
|-damage|p2a: Dragapult|36/100|[from] Stealth Rock
|turn|14
|
|t:|1776225334
|move|p2a: Dragapult|Sucker Punch|p1a: Rillaboom
|-damage|p1a: Rillaboom|2/100
|move|p1a: Rillaboom|Grassy Glide|p2a: Dragapult
|-resisted|p2a: Dragapult
|-damage|p2a: Dragapult|0 fnt
|faint|p2a: Dragapult
|
|-heal|p1a: Rillaboom|8/100|[from] Grassy Terrain
|upkeep
|
|t:|1776225336
|switch|p2a: Iron Boulder|Iron Boulder|100/100
|-damage|p2a: Iron Boulder|88/100|[from] Stealth Rock
|-enditem|p2a: Iron Boulder|Booster Energy
|-activate|p2a: Iron Boulder|ability: Quark Drive|[fromitem]
|-start|p2a: Iron Boulder|quarkdrivespe
|turn|15
|
|t:|1776225340
|move|p1a: Rillaboom|Grassy Glide|p2a: Iron Boulder
|-supereffective|p2a: Iron Boulder
|-damage|p2a: Iron Boulder|0 fnt
|faint|p2a: Iron Boulder
|-end|p2a: Iron Boulder|Quark Drive|[silent]
|
|win|Humerus_Skelepun
|raw|Humerus_Skelepun's rating: 1494 &rarr; <strong>1513</strong><br />(+19 for winning)
|raw|AmygdalanResponse's rating: 1473 &rarr; <strong>1454</strong><br />(-19 for losing)
