|html|<div class="broadcast-blue"><strong>[Gen 9] OU is currently suspecting Tera Blast! For information on how to participate check out the <a href="https://www.smogon.com/tools/suspects/view/200">suspect thread</a>.</strong></div>
|j|☆poophoop
|j|☆friedwyce
|t:|1776059496
|gametype|singles
|player|p1|poophoop|1|1150
|player|p2|friedwyce|giovanni|1168
|gen|9
|tier|[Gen 9] OU
|rated|
|rule|HP Percentage Mod: HP is shown in percentages
|rule|Endless Battle Clause: Forcing endless battles is banned
|rule|Species Clause: Limit one of each Pokémon
|rule|OHKO Clause: OHKO moves are banned
|rule|Evasion Items Clause: Evasion items are banned
|rule|Evasion Moves Clause: Evasion moves are banned
|rule|Evasion Abilities Clause: Evasion abilities are banned
|rule|Sleep Moves Clause: Sleep-inducing moves are banned
|clearpoke
|poke|p1|Serperior, F|
|poke|p1|Great Tusk|
|poke|p1|Gholdengo|
|poke|p1|Dragapult, M|
|poke|p1|Slowking-Galar, M|
|poke|p1|Kingambit, M|
|poke|p2|Gengar, M|
|poke|p2|Salamence, M|
|poke|p2|Azumarill, M|
|poke|p2|Gholdengo|
|poke|p2|Weavile, M|
|poke|p2|Iron Treads|
|teampreview
|inactive|Battle timer is ON: inactive players will automatically lose when time's up. (requested by friedwyce)
|
|t:|1776059501
|teamsize|p1|6
|teamsize|p2|6
|start
|switch|p1a: Great Tusk|Great Tusk|100/100
|switch|p2a: Iron Treads|Iron Treads|100/100
|turn|1
|
|t:|1776059510
|move|p2a: Iron Treads|Ice Spinner|p1a: Great Tusk
|-supereffective|p1a: Great Tusk
|-damage|p1a: Great Tusk|77/100
|-damage|p2a: Iron Treads|84/100|[from] item: Rocky Helmet|[of] p1a: Great Tusk
|move|p1a: Great Tusk|Earthquake|p2a: Iron Treads
|-supereffective|p2a: Iron Treads
|-damage|p2a: Iron Treads|0 fnt
|faint|p2a: Iron Treads
|-end|p2a: Iron Treads|Quark Drive|[silent]
|
|upkeep
|
|t:|1776059533
|switch|p2a: Weavile|Weavile, M|100/100
|-ability|p2a: Weavile|Pressure
|turn|2
|
|t:|1776059541
|move|p2a: Weavile|Triple Axel|p1a: Great Tusk
|-supereffective|p1a: Great Tusk
|-damage|p1a: Great Tusk|63/100
|-damage|p2a: Weavile|84/100|[from] item: Rocky Helmet|[of] p1a: Great Tusk
|-supereffective|p1a: Great Tusk
|-damage|p1a: Great Tusk|37/100
|-damage|p2a: Weavile|68/100|[from] item: Rocky Helmet|[of] p1a: Great Tusk
|-supereffective|p1a: Great Tusk
|-damage|p1a: Great Tusk|0 fnt
|-damage|p2a: Weavile|51/100|[from] item: Rocky Helmet|[of] p1a: Great Tusk
|faint|p1a: Great Tusk
|-end|p1a: Great Tusk|Protosynthesis|[silent]
|-hitcount|p1: Great Tusk|3
|
|upkeep
|
|t:|1776059556
|switch|p1a: Serperior|Serperior, F|100/100
|turn|3
|
|t:|1776059564
|switch|p2a: Gengar|Gengar, M|100/100
|move|p1a: Serperior|Leaf Storm|p2a: Gengar
|-resisted|p2a: Gengar
|-damage|p2a: Gengar|60/100
|-boost|p1a: Serperior|spa|2
|
|upkeep
|turn|4
|
|t:|1776059587
|move|p2a: Gengar|Sludge Wave|p1a: Serperior
|-supereffective|p1a: Serperior
|-damage|p1a: Serperior|0 fnt
|faint|p1a: Serperior
|
|upkeep
|
|t:|1776059592
|switch|p1a: Gholdengo|Gholdengo|100/100
|turn|5
|
|t:|1776059600
|switch|p2a: Weavile|Weavile, M|51/100
|-ability|p2a: Weavile|Pressure
|move|p1a: Gholdengo|Shadow Ball|p2a: Weavile
|-resisted|p2a: Weavile
|-crit|p2a: Weavile
|-damage|p2a: Weavile|0 fnt
|faint|p2a: Weavile
|
|upkeep
|
|t:|1776059615
|switch|p2a: Azumarill|Azumarill, M|100/100
|turn|6
|
|t:|1776059627
|switch|p1a: Slowking|Slowking-Galar, M|100/100
|switch|p2a: Gholdengo|Gholdengo|100/100
|
|upkeep
|turn|7
|
|t:|1776059637
|move|p2a: Gholdengo|Substitute|p2a: Gholdengo
|-start|p2a: Gholdengo|Substitute
|-damage|p2a: Gholdengo|76/100
|move|p1a: Slowking|Flamethrower|p2a: Gholdengo
|-supereffective|p2a: Gholdengo
|-end|p2a: Gholdengo|Substitute
|
|-heal|p2a: Gholdengo|82/100|[from] item: Leftovers
|upkeep
|turn|8
|
|t:|1776059651
|move|p2a: Gholdengo|Nasty Plot|p2a: Gholdengo
|-boost|p2a: Gholdengo|spa|2
|move|p1a: Slowking|Flamethrower|p2a: Gholdengo
|-supereffective|p2a: Gholdengo
|-damage|p2a: Gholdengo|25/100
|
|-heal|p2a: Gholdengo|31/100|[from] item: Leftovers
|upkeep
|turn|9
|
|t:|1776059670
|switch|p1a: Gholdengo|Gholdengo|100/100
|move|p2a: Gholdengo|Make It Rain|p1a: Gholdengo
|-resisted|p1a: Gholdengo
|-damage|p1a: Gholdengo|26/100
|-unboost|p2a: Gholdengo|spa|1
|
|-heal|p2a: Gholdengo|37/100|[from] item: Leftovers
|upkeep
|turn|10
|
|t:|1776059681
|move|p1a: Gholdengo|Shadow Ball|p2a: Gholdengo
|-supereffective|p2a: Gholdengo
|-damage|p2a: Gholdengo|0 fnt
|faint|p2a: Gholdengo
|
|upkeep
|
|t:|1776059688
|switch|p2a: Azumarill|Azumarill, M|100/100
|turn|11
|
|t:|1776059694
|move|p2a: Azumarill|Aqua Jet|p1a: Gholdengo
|-damage|p1a: Gholdengo|0 fnt
|faint|p1a: Gholdengo
|
|upkeep
|
|t:|1776059699
|switch|p1a: Slowking|Slowking-Galar, M|100/100
|turn|12
|
|t:|1776059708
|switch|p2a: Gengar|Gengar, M|60/100
|move|p1a: Slowking|Sludge Bomb|p2a: Gengar
|-resisted|p2a: Gengar
|-damage|p2a: Gengar|47/100
|-start|p1a: Slowking|Disable|Sludge Bomb|[from] ability: Cursed Body|[of] p2a: Gengar
|
|upkeep
|turn|13
|
|t:|1776059721
|move|p2a: Gengar|Shadow Ball|p1a: Slowking
|-supereffective|p1a: Slowking
|-damage|p1a: Slowking|65/100
|-unboost|p1a: Slowking|spd|1
|move|p1a: Slowking|Future Sight|p2a: Gengar
|-start|p1a: Slowking|move: Future Sight
|
|upkeep
|turn|14
|
|t:|1776059735
|move|p2a: Gengar|Shadow Ball|p1a: Slowking
|-supereffective|p1a: Slowking
|-damage|p1a: Slowking|15/100
|move|p1a: Slowking|Flamethrower|p2a: Gengar
|-damage|p2a: Gengar|12/100
|
|upkeep
|turn|15
|inactive|poophoop has 120 seconds left.
|inactive|poophoop has 90 seconds left.
|inactive|poophoop has 60 seconds left.
|
|t:|1776059841
|move|p2a: Gengar|Shadow Ball|p1a: Slowking
|-supereffective|p1a: Slowking
|-damage|p1a: Slowking|0 fnt
|faint|p1a: Slowking
|
|-end|p2a: Gengar|move: Future Sight
|-supereffective|p2a: Gengar
|-damage|p2a: Gengar|0 fnt
|faint|p2a: Gengar
|upkeep
|
|t:|1776059865
|switch|p2a: Azumarill|Azumarill, M|100/100
|switch|p1a: Dragapult|Dragapult, M|100/100
|turn|16
|
|t:|1776059874
|move|p1a: Dragapult|U-turn|p2a: Azumarill
|-resisted|p2a: Azumarill
|-damage|p2a: Azumarill|91/100
|
|t:|1776059878
|switch|p1a: Kingambit|Kingambit, M|100/100|[from] U-turn
|-activate|p1a: Kingambit|ability: Supreme Overlord
|-start|p1a: Kingambit|fallen4|[silent]
|move|p2a: Azumarill|Play Rough|p1a: Kingambit
|-damage|p1a: Kingambit|56/100
|
|upkeep
|turn|17
|inactive|poophoop has 60 seconds left.
|
|t:|1776059890
|switch|p2a: Salamence|Salamence, M|100/100
|move|p1a: Kingambit|Sucker Punch||[still]
|-fail|p1a: Kingambit
|
|upkeep
|turn|18
|inactive|poophoop has 60 seconds left.
|
|t:|1776059896
|move|p2a: Salamence|Dragon Dance|p2a: Salamence
|-boost|p2a: Salamence|atk|1
|-boost|p2a: Salamence|spe|1
|move|p1a: Kingambit|Kowtow Cleave|p2a: Salamence
|-damage|p2a: Salamence|3/100
|
|upkeep
|turn|19
|
|t:|1776059904
|move|p1a: Kingambit|Sucker Punch||[still]
|-fail|p1a: Kingambit
|move|p2a: Salamence|Dragon Dance|p2a: Salamence
|-boost|p2a: Salamence|atk|1
|-boost|p2a: Salamence|spe|1
|
|upkeep
|turn|20
|
|t:|1776059910
|move|p1a: Kingambit|Sucker Punch|p2a: Salamence
|-crit|p2a: Salamence
|-damage|p2a: Salamence|0 fnt
|faint|p2a: Salamence
|
|upkeep
|
|t:|1776059912
|switch|p2a: Azumarill|Azumarill, M|91/100
|turn|21
|
|t:|1776059923
|move|p1a: Kingambit|Sucker Punch||[still]
|-fail|p1a: Kingambit
|move|p2a: Azumarill|Belly Drum|p2a: Azumarill
|-damage|p2a: Azumarill|41/100
|-setboost|p2a: Azumarill|atk|6|[from] move: Belly Drum
|-enditem|p2a: Azumarill|Sitrus Berry|[eat]
|-heal|p2a: Azumarill|66/100|[from] item: Sitrus Berry
|
|upkeep
|turn|22
|inactive|poophoop has 60 seconds left.
|l|☆poophoop
|inactive|poophoop disconnected and has a minute to reconnect!
|player|p1|
|j|☆poophoop
|inactive|poophoop reconnected and has 50 seconds left.
|player|p1|poophoop|1|
|
|t:|1776059963
|move|p2a: Azumarill|Aqua Jet|p1a: Kingambit
|-damage|p1a: Kingambit|0 fnt
|faint|p1a: Kingambit
|-end|p1a: Kingambit|fallen4|[silent]
|
|upkeep
|
|t:|1776059969
|switch|p1a: Dragapult|Dragapult, M|100/100
|turn|23
|
|t:|1776059975
|-terastallize|p1a: Dragapult|Ghost
|move|p1a: Dragapult|Shadow Ball|p2a: Azumarill
|-damage|p2a: Azumarill|15/100
|move|p2a: Azumarill|Play Rough|p1a: Dragapult
|-damage|p1a: Dragapult|0 fnt
|faint|p1a: Dragapult
|
|win|friedwyce
|raw|poophoop's rating: 1150 &rarr; <strong>1126</strong><br />(-24 for losing)
|raw|friedwyce's rating: 1168 &rarr; <strong>1192</strong><br />(+24 for winning)
|l|☆poophoop
|player|p1|
|l|☆friedwyce
|player|p2|
