|html|<div class="broadcast-blue"><strong>[Gen 9] OU is currently suspecting Volcarona! For information on how to participate check out the <a href="https://www.smogon.com/tools/suspects/view/208">suspect thread</a>.</strong></div>
|j|☆Volga123
|j|☆Pedro_Gil_2502
|t:|1778507039
|gametype|singles
|player|p1|Volga123|cynthia|1345
|player|p2|Pedro_Gil_2502|pokemonranger-gen4|1326
|gen|9
|tier|[Gen 9] OU
|rated|
|rule|HP Percentage Mod: HP is shown in percentages
|rule|Endless Battle Clause: Forcing endless battles is banned
|rule|Species Clause: Limit one of each Pokémon
|rule|OHKO Clause: OHKO moves are banned
|rule|Evasion Items Clause: Evasion items are banned
|rule|Evasion Moves Clause: Evasion moves are banned
|rule|Evasion Abilities Clause: Evasion abilities are banned
|rule|Sleep Moves Clause: Sleep-inducing moves are banned
|clearpoke
|poke|p1|Brambleghast, M|
|poke|p1|Cloyster, F|
|poke|p1|Clodsire, M|
|poke|p1|Salazzle, F|
|poke|p1|Slither Wing|
|poke|p1|Moltres-Galar|
|poke|p2|Glimmora, M|
|poke|p2|Gholdengo|
|poke|p2|Kingambit, M|
|poke|p2|Rillaboom, M|
|poke|p2|Volcarona, M|
|poke|p2|Great Tusk|
|teampreview
|inactive|Battle timer is ON: inactive players will automatically lose when time's up. (requested by Pedro_Gil_2502)
|c|☆Pedro_Gil_2502|Hf!
|inactive|Volga123 has 120 seconds left.
|
|t:|1778507075
|teamsize|p1|6
|teamsize|p2|6
|start
|switch|p1a: Clodsire|Clodsire, M|100/100
|switch|p2a: Rillaboom|Rillaboom, M|100/100
|-fieldstart|move: Grassy Terrain|[from] ability: Grassy Surge|[of] p2a: Rillaboom
|turn|1
|
|t:|1778507082
|switch|p2a: Glimmora|Glimmora, M|100/100
|switch|p1a: Salazzle|Salazzle, F|100/100
|
|upkeep
|turn|2
|
|t:|1778507087
|switch|p1a: Clodsire|Clodsire, M|100/100
|move|p2a: Glimmora|Stealth Rock|p1a: Clodsire
|-sidestart|p1: Volga123|move: Stealth Rock
|
|upkeep
|turn|3
|
|t:|1778507092
|switch|p2a: Volcarona|Volcarona, M|100/100
|move|p1a: Clodsire|Earthquake|p2a: Volcarona
|-damage|p2a: Volcarona|87/100
|
|-heal|p2a: Volcarona|93/100|[from] Grassy Terrain
|-heal|p2a: Volcarona|99/100|[from] item: Leftovers
|upkeep
|turn|4
|
|t:|1778507106
|switch|p1a: Salazzle|Salazzle, F|100/100
|move|p2a: Volcarona|Substitute|p2a: Volcarona
|-start|p2a: Volcarona|Substitute
|-damage|p2a: Volcarona|74/100
|
|-heal|p2a: Volcarona|80/100|[from] Grassy Terrain
|-heal|p2a: Volcarona|87/100|[from] item: Leftovers
|upkeep
|turn|5
|
|t:|1778507111
|move|p1a: Salazzle|Sludge Wave|p2a: Volcarona
|-end|p2a: Volcarona|Substitute
|move|p2a: Volcarona|Quiver Dance|p2a: Volcarona
|-boost|p2a: Volcarona|spa|1
|-boost|p2a: Volcarona|spd|1
|-boost|p2a: Volcarona|spe|1
|
|-heal|p2a: Volcarona|93/100|[from] Grassy Terrain
|-heal|p2a: Volcarona|99/100|[from] item: Leftovers
|-fieldend|move: Grassy Terrain
|upkeep
|turn|6
|
|t:|1778507114
|move|p1a: Salazzle|Nasty Plot|p1a: Salazzle
|-boost|p1a: Salazzle|spa|2
|move|p2a: Volcarona|Substitute|p2a: Volcarona
|-start|p2a: Volcarona|Substitute
|-damage|p2a: Volcarona|74/100
|
|-heal|p2a: Volcarona|80/100|[from] item: Leftovers
|upkeep
|turn|7
|
|t:|1778507117
|move|p1a: Salazzle|Sludge Wave|p2a: Volcarona
|-end|p2a: Volcarona|Substitute
|move|p2a: Volcarona|Fiery Dance|p1a: Salazzle
|-resisted|p1a: Salazzle
|-damage|p1a: Salazzle|46/100
|-boost|p2a: Volcarona|spa|1
|
|-heal|p2a: Volcarona|86/100|[from] item: Leftovers
|upkeep
|turn|8
|
|t:|1778507121
|move|p1a: Salazzle|Toxic|p2a: Volcarona
|-status|p2a: Volcarona|tox
|move|p2a: Volcarona|Fiery Dance|p1a: Salazzle
|-resisted|p1a: Salazzle
|-damage|p1a: Salazzle|0 fnt
|faint|p1a: Salazzle
|
|-heal|p2a: Volcarona|92/100 tox|[from] item: Leftovers
|-damage|p2a: Volcarona|86/100 tox|[from] psn
|upkeep
|
|t:|1778507127
|switch|p1a: Clodsire|Clodsire, M|100/100
|-damage|p1a: Clodsire|94/100|[from] Stealth Rock
|turn|9
|
|t:|1778507135
|switch|p2a: Rillaboom|Rillaboom, M|100/100
|-fieldstart|move: Grassy Terrain|[from] ability: Grassy Surge|[of] p2a: Rillaboom
|move|p1a: Clodsire|Stealth Rock|p2a: Rillaboom
|-sidestart|p2: Pedro_Gil_2502|move: Stealth Rock
|
|-heal|p1a: Clodsire|100/100|[from] Grassy Terrain
|upkeep
|turn|10
|
|t:|1778507140
|switch|p1a: Slither Wing|Slither Wing|100/100
|-damage|p1a: Slither Wing|88/100|[from] Stealth Rock
|move|p2a: Rillaboom|Swords Dance|p2a: Rillaboom
|-boost|p2a: Rillaboom|atk|2
|
|-heal|p1a: Slither Wing|94/100|[from] Grassy Terrain
|upkeep
|turn|11
|
|t:|1778507143
|move|p1a: Slither Wing|First Impression|p2a: Rillaboom
|-supereffective|p2a: Rillaboom
|-damage|p2a: Rillaboom|0 fnt
|faint|p2a: Rillaboom
|
|-heal|p1a: Slither Wing|100/100|[from] Grassy Terrain
|upkeep
|
|t:|1778507147
|switch|p2a: Glimmora|Glimmora, M|100/100
|-damage|p2a: Glimmora|88/100|[from] Stealth Rock
|turn|12
|
|t:|1778507149
|-end|p1a: Slither Wing|Protosynthesis|[silent]
|switch|p1a: Clodsire|Clodsire, M|100/100
|-damage|p1a: Clodsire|94/100|[from] Stealth Rock
|move|p2a: Glimmora|Mortal Spin|p1a: Clodsire
|-resisted|p1a: Clodsire
|-damage|p1a: Clodsire|93/100
|-sideend|p2: Pedro_Gil_2502|Stealth Rock|[from] move: Mortal Spin|[of] p2a: Glimmora
|
|-heal|p2a: Glimmora|94/100|[from] Grassy Terrain
|-heal|p1a: Clodsire|99/100|[from] Grassy Terrain
|-heal|p1a: Clodsire|100/100|[from] item: Black Sludge
|upkeep
|turn|13
|
|t:|1778507155
|switch|p2a: Gholdengo|Gholdengo|100/100
|move|p1a: Clodsire|Stealth Rock|p2a: Gholdengo
|-sidestart|p2: Pedro_Gil_2502|move: Stealth Rock
|
|-fieldend|move: Grassy Terrain
|upkeep
|turn|14
|
|t:|1778507158
|move|p2a: Gholdengo|Trick|p1a: Clodsire
|-activate|p2a: Gholdengo|move: Trick|[of] p1a: Clodsire
|-item|p1a: Clodsire|Choice Scarf|[from] move: Trick
|-item|p2a: Gholdengo|Black Sludge|[from] move: Trick
|move|p1a: Clodsire|Earthquake|p2a: Gholdengo
|-supereffective|p2a: Gholdengo
|-crit|p2a: Gholdengo
|-damage|p2a: Gholdengo|0 fnt
|faint|p2a: Gholdengo
|
|upkeep
|c|☆Pedro_Gil_2502|Yayy
|
|t:|1778507168
|switch|p2a: Great Tusk|Great Tusk|100/100
|turn|15
|
|t:|1778507172
|switch|p1a: Brambleghast|Brambleghast, M|100/100
|move|p2a: Great Tusk|Rapid Spin|p1a: Brambleghast
|-immune|p1a: Brambleghast
|
|upkeep
|turn|16
|
|t:|1778507175
|move|p1a: Brambleghast|Rapid Spin|p2a: Great Tusk
|-damage|p2a: Great Tusk|88/100
|-boost|p1a: Brambleghast|spe|1
|-sideend|p1: Volga123|Stealth Rock|[from] move: Rapid Spin|[of] p1a: Brambleghast
|move|p2a: Great Tusk|Temper Flare|p1a: Brambleghast
|-supereffective|p1a: Brambleghast
|-damage|p1a: Brambleghast|0 fnt
|faint|p1a: Brambleghast
|
|upkeep
|
|t:|1778507180
|switch|p1a: Moltres|Moltres-Galar|100/100
|turn|17
|
|t:|1778507191
|-terastallize|p2a: Great Tusk|Water
|move|p2a: Great Tusk|Rapid Spin|p1a: Moltres
|-damage|p1a: Moltres|81/100
|-boost|p2a: Great Tusk|spe|1
|-sideend|p2: Pedro_Gil_2502|Stealth Rock|[from] move: Rapid Spin|[of] p2a: Great Tusk
|move|p1a: Moltres|Air Slash|p2a: Great Tusk
|-damage|p2a: Great Tusk|34/100
|
|upkeep
|turn|18
|
|t:|1778507196
|-end|p2a: Great Tusk|Protosynthesis|[silent]
|switch|p2a: Glimmora|Glimmora, M|94/100
|move|p1a: Moltres|Agility|p1a: Moltres
|-boost|p1a: Moltres|spe|2
|
|upkeep
|turn|19
|
|t:|1778507202
|move|p1a: Moltres|Fiery Wrath|p2a: Glimmora
|-damage|p2a: Glimmora|29/100
|move|p2a: Glimmora|Sludge Wave|p1a: Moltres
|-damage|p1a: Moltres|42/100
|-ability|p1a: Moltres|Berserk|boost
|-boost|p1a: Moltres|spa|1
|-enditem|p1a: Moltres|Sitrus Berry|[eat]
|-heal|p1a: Moltres|67/100|[from] item: Sitrus Berry
|
|upkeep
|turn|20
|
|t:|1778507208
|move|p1a: Moltres|Fiery Wrath|p2a: Glimmora
|-damage|p2a: Glimmora|0 fnt
|faint|p2a: Glimmora
|
|upkeep
|
|t:|1778507211
|switch|p2a: Kingambit|Kingambit, M|100/100
|-activate|p2a: Kingambit|ability: Supreme Overlord
|-start|p2a: Kingambit|fallen3|[silent]
|turn|21
|
|t:|1778507232
|move|p1a: Moltres|Fiery Wrath|p2a: Kingambit
|-resisted|p2a: Kingambit
|-damage|p2a: Kingambit|71/100
|move|p2a: Kingambit|Iron Head|p1a: Moltres
|-damage|p1a: Moltres|0 fnt
|faint|p1a: Moltres
|
|upkeep
|
|t:|1778507237
|switch|p1a: Slither Wing|Slither Wing|100/100
|turn|22
|
|t:|1778507250
|-end|p2a: Kingambit|fallen3|[silent]
|switch|p2a: Volcarona|Volcarona, M|86/100 tox
|move|p1a: Slither Wing|U-turn|p2a: Volcarona
|-resisted|p2a: Volcarona
|-damage|p2a: Volcarona|58/100 tox
|
|t:|1778507261
|-end|p1a: Slither Wing|Protosynthesis|[silent]
|switch|p1a: Cloyster|Cloyster, F|100/100|[from] U-turn
|
|-heal|p2a: Volcarona|64/100 tox|[from] item: Leftovers
|-damage|p2a: Volcarona|58/100 tox|[from] psn
|upkeep
|turn|23
|
|t:|1778507269
|move|p2a: Volcarona|Giga Drain|p1a: Cloyster
|-supereffective|p1a: Cloyster
|-damage|p1a: Cloyster|0 fnt
|-heal|p2a: Volcarona|90/100 tox|[from] drain|[of] p1a: Cloyster
|faint|p1a: Cloyster
|
|-heal|p2a: Volcarona|96/100 tox|[from] item: Leftovers
|-damage|p2a: Volcarona|84/100 tox|[from] psn
|upkeep
|
|t:|1778507272
|switch|p1a: Clodsire|Clodsire, M|100/100
|turn|24
|
|t:|1778507284
|move|p2a: Volcarona|Substitute|p2a: Volcarona
|-start|p2a: Volcarona|Substitute
|-damage|p2a: Volcarona|59/100 tox
|move|p1a: Clodsire|Earthquake|p2a: Volcarona
|-end|p2a: Volcarona|Substitute
|
|-heal|p2a: Volcarona|65/100 tox|[from] item: Leftovers
|-damage|p2a: Volcarona|47/100 tox|[from] psn
|upkeep
|turn|25
|
|t:|1778507289
|move|p2a: Volcarona|Fiery Dance|p1a: Clodsire
|-damage|p1a: Clodsire|78/100
|-boost|p2a: Volcarona|spa|1
|move|p1a: Clodsire|Earthquake|p2a: Volcarona
|-damage|p2a: Volcarona|19/100 tox
|
|-heal|p2a: Volcarona|25/100 tox|[from] item: Leftovers
|-damage|p2a: Volcarona|0 fnt|[from] psn
|faint|p2a: Volcarona
|upkeep
|
|t:|1778507294
|switch|p2a: Great Tusk|Great Tusk, tera:Water|34/100
|turn|26
|
|t:|1778507298
|switch|p1a: Slither Wing|Slither Wing|100/100
|move|p2a: Great Tusk|Headlong Rush|p1a: Slither Wing
|-resisted|p1a: Slither Wing
|-damage|p1a: Slither Wing|68/100
|-unboost|p2a: Great Tusk|def|1
|-unboost|p2a: Great Tusk|spd|1
|
|upkeep
|turn|27
|
|t:|1778507306
|-end|p2a: Great Tusk|Protosynthesis|[silent]
|switch|p2a: Kingambit|Kingambit, M|71/100
|-activate|p2a: Kingambit|ability: Supreme Overlord
|-start|p2a: Kingambit|fallen4|[silent]
|move|p1a: Slither Wing|U-turn|p2a: Kingambit
|-damage|p2a: Kingambit|26/100
|
|t:|1778507308
|-end|p1a: Slither Wing|Protosynthesis|[silent]
|switch|p1a: Clodsire|Clodsire, M|78/100|[from] U-turn
|
|upkeep
|turn|28
|
|t:|1778507311
|move|p2a: Kingambit|Kowtow Cleave|p1a: Clodsire
|-damage|p1a: Clodsire|0 fnt
|faint|p1a: Clodsire
|
|upkeep
|
|t:|1778507314
|switch|p1a: Slither Wing|Slither Wing|68/100
|turn|29
|
|t:|1778507322
|move|p2a: Kingambit|Sucker Punch|p1a: Slither Wing
|-resisted|p1a: Slither Wing
|-damage|p1a: Slither Wing|32/100
|move|p1a: Slither Wing|U-turn|p2a: Kingambit
|-damage|p2a: Kingambit|0 fnt
|faint|p2a: Kingambit
|-end|p2a: Kingambit|fallen4|[silent]
|
|upkeep
|
|t:|1778507327
|switch|p2a: Great Tusk|Great Tusk, tera:Water|34/100
|turn|30
|
|t:|1778507333
|-terastallize|p1a: Slither Wing|Fire
|move|p2a: Great Tusk|Temper Flare|p1a: Slither Wing
|-resisted|p1a: Slither Wing
|-damage|p1a: Slither Wing|17/100
|move|p1a: Slither Wing|U-turn|p2a: Great Tusk
|-damage|p2a: Great Tusk|0 fnt
|faint|p2a: Great Tusk
|-end|p2a: Great Tusk|Protosynthesis|[silent]
|
|win|Volga123
|raw|Volga123's rating: 1345 &rarr; <strong>1364</strong><br />(+19 for winning)
|raw|Pedro_Gil_2502's rating: 1326 &rarr; <strong>1307</strong><br />(-19 for losing)
|l|☆Volga123
|player|p1|
|c|☆Pedro_Gil_2502|Wp
|c|☆Pedro_Gil_2502|Gg
|l|☆Pedro_Gil_2502
|player|p2|
