|html|<div class="broadcast-blue"><strong>[Gen 9] OU is currently suspecting Tera Blast! For information on how to participate check out the <a href="https://www.smogon.com/tools/suspects/view/200">suspect thread</a>.</strong></div>
|j|☆mochyi1
|j|☆byeoneace
|t:|1776233691
|gametype|singles
|player|p1|mochyi1|lady|
|player|p2|byeoneace|169|
|gen|9
|tier|[Gen 9] OU
|rule|HP Percentage Mod: HP is shown in percentages
|rule|Endless Battle Clause: Forcing endless battles is banned
|rule|Species Clause: Limit one of each Pokémon
|rule|OHKO Clause: OHKO moves are banned
|rule|Evasion Items Clause: Evasion items are banned
|rule|Evasion Moves Clause: Evasion moves are banned
|rule|Evasion Abilities Clause: Evasion abilities are banned
|rule|Sleep Moves Clause: Sleep-inducing moves are banned
|clearpoke
|poke|p1|Ogerpon, F|
|poke|p1|Gliscor, M|
|poke|p1|Garchomp, M|
|poke|p1|Corviknight, F|
|poke|p1|Greninja-*, M|
|poke|p1|Slowking-Galar, M|
|poke|p2|Gliscor, M|
|poke|p2|Dragapult, F|
|poke|p2|Kingambit, F|
|poke|p2|Ogerpon-Wellspring, F|
|poke|p2|Raging Bolt|
|poke|p2|Incineroar, M|
|teampreview
|inactive|Battle timer is ON: inactive players will automatically lose when time's up. (requested by mochyi1)
|
|t:|1776233712
|teamsize|p1|6
|teamsize|p2|6
|start
|switch|p1a: glorious king|Greninja, M|100/100
|switch|p2a: Glicker|Gliscor, M, shiny|100/100
|turn|1
|
|t:|1776233722
|move|p1a: glorious king|Spikes|p2a: Glicker
|-sidestart|p2: byeoneace|Spikes
|move|p2a: Glicker|Substitute|p2a: Glicker
|-start|p2a: Glicker|Substitute
|-damage|p2a: Glicker|76/100
|
|-status|p2a: Glicker|tox|[from] item: Toxic Orb
|upkeep
|turn|2
|
|t:|1776233736
|move|p1a: glorious king|Spikes|p2a: Glicker
|-sidestart|p2: byeoneace|Spikes
|move|p2a: Glicker|Stealth Rock|p1a: glorious king
|-sidestart|p1: mochyi1|move: Stealth Rock
|
|-heal|p2a: Glicker|88/100 tox|[from] ability: Poison Heal
|upkeep
|turn|3
|
|t:|1776233755
|move|p1a: glorious king|Spikes|p2a: Glicker
|-sidestart|p2: byeoneace|Spikes
|move|p2a: Glicker|Spikes|p1a: glorious king
|-sidestart|p1: mochyi1|Spikes
|
|-heal|p2a: Glicker|100/100 tox|[from] ability: Poison Heal
|upkeep
|turn|4
|inactive|byeoneace has 270 seconds left.
|
|t:|1776233787
|switch|p1a: ravenclaw|Corviknight, F|100/100
|-damage|p1a: ravenclaw|88/100|[from] Stealth Rock
|-ability|p1a: ravenclaw|Pressure
|move|p2a: Glicker|Spikes|p1a: ravenclaw
|-sidestart|p1: mochyi1|Spikes
|
|upkeep
|turn|5
|inactive|byeoneace has 270 seconds left.
|
|t:|1776233798
|move|p2a: Glicker|Facade|p1a: ravenclaw
|-resisted|p1a: ravenclaw
|-damage|p1a: ravenclaw|76/100
|-damage|p2a: Glicker|84/100 tox|[from] item: Rocky Helmet|[of] p1a: ravenclaw
|move|p1a: ravenclaw|Defog|p2a: Glicker
|-sideend|p2: byeoneace|Spikes|[from] move: Defog|[of] p1a: ravenclaw
|-sideend|p1: mochyi1|Spikes|[from] move: Defog|[of] p1a: ravenclaw
|-sideend|p1: mochyi1|Stealth Rock|[from] move: Defog|[of] p1a: ravenclaw
|
|-heal|p2a: Glicker|96/100 tox|[from] ability: Poison Heal
|upkeep
|turn|6
|inactive|byeoneace has 270 seconds left.
|
|t:|1776233813
|switch|p2a: The debuffer|Incineroar, M|100/100
|-ability|p2a: The debuffer|Intimidate|boost
|-unboost|p1a: ravenclaw|atk|1
|switch|p1a: cynthiasbaby|Garchomp, M|100/100
|
|upkeep
|turn|7
|inactive|byeoneace has 270 seconds left.
|
|t:|1776233824
|move|p1a: cynthiasbaby|Stealth Rock|p2a: The debuffer
|-sidestart|p2: byeoneace|move: Stealth Rock
|move|p2a: The debuffer|Parting Shot|p1a: cynthiasbaby
|-unboost|p1a: cynthiasbaby|atk|1
|-unboost|p1a: cynthiasbaby|spa|1
|inactive|byeoneace has 270 seconds left.
|
|t:|1776233831
|switch|p2a: Glicker|Gliscor, M, shiny|96/100 tox|[from] Parting Shot
|-damage|p2a: Glicker|84/100 tox|[from] Stealth Rock
|
|-heal|p2a: Glicker|96/100 tox|[from] ability: Poison Heal
|upkeep
|turn|8
|c|☆mochyi1|!dt defog
|c|☆mochyi1|/raw <ul class="utilichart"><li class="result"><span class="col movenamecol"><a href="https://dex.pokemonshowdown.com/moves/defog">Defog</a></span> <span class="col typecol"><img src="//play.pokemonshowdown.com/sprites/types/Flying.png" alt="Flying" width="32" height="14"><img src="//play.pokemonshowdown.com/sprites/categories/Status.png" alt="Status" width="32" height="14"></span> <span class="col widelabelcol"><em>Accuracy</em><br>—</span> <span class="col pplabelcol"><em>PP</em><br>24</span> <span class="col movedesccol">-1 evasion; ends user and target hazards/terrain.</span> </li><li style="clear:both"></li></ul>
|c|☆mochyi1|/raw <font size="1"><font color="#686868">Priority:</font> 0&nbsp;|&ThickSpace;<font color="#686868">Gen:</font> 4&nbsp;|&ThickSpace;&#10003; Bypasses Substitutes&nbsp;|&ThickSpace;&#10003; Bounceable&nbsp;|&ThickSpace;<font color="#686868">Z-Effect:</font>  Accuracy +1&nbsp;|&ThickSpace;<font color="#686868">Target:</font> One Adjacent Pokémon</font>

|
|t:|1776233856
|move|p2a: Glicker|Substitute|p2a: Glicker
|-start|p2a: Glicker|Substitute
|-damage|p2a: Glicker|72/100 tox
|move|p1a: cynthiasbaby|Dragon Tail|p2a: Glicker
|-activate|p2a: Glicker|move: Substitute|[damage]
|
|-heal|p2a: Glicker|84/100 tox|[from] ability: Poison Heal
|upkeep
|turn|9
|
|t:|1776233866
|move|p1a: cynthiasbaby|Stealth Rock||[still]
|-fail|p1a: cynthiasbaby
|move|p2a: Glicker|Stealth Rock|p1a: cynthiasbaby
|-sidestart|p1: mochyi1|move: Stealth Rock
|
|-heal|p2a: Glicker|96/100 tox|[from] ability: Poison Heal
|upkeep
|turn|10
|
|t:|1776233875
|switch|p1a: ravenclaw|Corviknight, F|76/100
|-damage|p1a: ravenclaw|64/100|[from] Stealth Rock
|-ability|p1a: ravenclaw|Pressure
|move|p2a: Glicker|Spikes|p1a: ravenclaw
|-sidestart|p1: mochyi1|Spikes
|
|-heal|p2a: Glicker|100/100 tox|[from] ability: Poison Heal
|upkeep
|turn|11
|
|t:|1776233886
|move|p2a: Glicker|Facade|p1a: ravenclaw
|-resisted|p1a: ravenclaw
|-damage|p1a: ravenclaw|52/100
|-damage|p2a: Glicker|84/100 tox|[from] item: Rocky Helmet|[of] p1a: ravenclaw
|move|p1a: ravenclaw|Defog|p2a: Glicker
|-sideend|p2: byeoneace|Stealth Rock|[from] move: Defog|[of] p1a: ravenclaw
|-sideend|p1: mochyi1|Spikes|[from] move: Defog|[of] p1a: ravenclaw
|-sideend|p1: mochyi1|Stealth Rock|[from] move: Defog|[of] p1a: ravenclaw
|
|-heal|p2a: Glicker|96/100 tox|[from] ability: Poison Heal
|upkeep
|turn|12
|
|t:|1776233897
|switch|p2a: beijing volt|Raging Bolt|100/100
|-enditem|p2a: beijing volt|Booster Energy
|-activate|p2a: beijing volt|ability: Protosynthesis|[fromitem]
|-start|p2a: beijing volt|protosynthesisspa
|move|p1a: ravenclaw|Roost|p1a: ravenclaw
|-heal|p1a: ravenclaw|100/100
|-singleturn|p1a: ravenclaw|move: Roost
|
|upkeep
|turn|13
|c|☆mochyi1|!weakness raging bolt
|c| mochyi1|/raw <div class="infobox">Raging Bolt (ignoring abilities):<br /><span class="message-effect-weak">Weaknesses</span>: Dragon, Fairy, Ground, Ice<br /><span class="message-effect-resist">Resistances</span>: <b>Electric</b>, Fire, Flying, Grass, Steel, Water<br /><span class="message-effect-immune">Immunities</span>: Paralysis</div>
|inactive|mochyi1 has 270 seconds left.
|
|t:|1776233930
|switch|p1a: vampire|Gliscor, M|100/100
|move|p2a: beijing volt|Calm Mind|p2a: beijing volt
|-boost|p2a: beijing volt|spa|1
|-boost|p2a: beijing volt|spd|1
|
|-status|p1a: vampire|tox|[from] item: Toxic Orb
|upkeep
|turn|14
|inactive|byeoneace has 270 seconds left.
|
|t:|1776233957
|move|p2a: beijing volt|Ancient Power|p1a: vampire
|-damage|p1a: vampire|51/100 tox
|move|p1a: vampire|Toxic|p2a: beijing volt
|-status|p2a: beijing volt|tox
|
|-damage|p2a: beijing volt|94/100 tox|[from] psn
|-heal|p1a: vampire|63/100 tox|[from] ability: Poison Heal
|upkeep
|turn|15
|inactive|byeoneace has 270 seconds left.
|
|t:|1776233970
|-terastallize|p2a: beijing volt|Fairy
|move|p1a: vampire|Protect|p1a: vampire
|-singleturn|p1a: vampire|Protect
|move|p2a: beijing volt|Ancient Power|p1a: vampire
|-activate|p1a: vampire|move: Protect
|
|-damage|p2a: beijing volt|82/100 tox|[from] psn
|-heal|p1a: vampire|76/100 tox|[from] ability: Poison Heal
|upkeep
|turn|16
|inactive|byeoneace has 270 seconds left.
|inactive|mochyi1 has 270 seconds left.
|c|☆mochyi1|!dt ancient power
|c|☆mochyi1|/raw <ul class="utilichart"><li class="result"><span class="col movenamecol"><a href="https://dex.pokemonshowdown.com/moves/ancientpower">Ancient Power</a></span> <span class="col typecol"><img src="//play.pokemonshowdown.com/sprites/types/Rock.png" alt="Rock" width="32" height="14"><img src="//play.pokemonshowdown.com/sprites/categories/Special.png" alt="Special" width="32" height="14"></span> <span class="col labelcol"><em>Power</em><br>60</span> <span class="col widelabelcol"><em>Accuracy</em><br>100%</span> <span class="col pplabelcol"><em>PP</em><br>8</span> <span class="col movedesccol">10% chance to raise all stats by 1 (not acc/eva).</span> </li><li style="clear:both"></li></ul>
|c|☆mochyi1|/raw <font size="1"><font color="#686868">Priority:</font> 0&nbsp;|&ThickSpace;<font color="#686868">Gen:</font> 2&nbsp;|&ThickSpace;&#10003; Boosted by Sheer Force&nbsp;|&ThickSpace;<font color="#686868">Z-Power:</font> 120&nbsp;|&ThickSpace;<font color="#686868">Target:</font> One Adjacent Pokémon</font>

|c|☆mochyi1|!weakness rock
|c| mochyi1|/raw <div class="infobox">Rock:<br /><span class="message-effect-weak">Weaknesses</span>: Fighting, Grass, Ground, Steel, Water<br /><span class="message-effect-resist">Resistances</span>: Fire, Flying, Normal, Poison<br /><span class="message-effect-immune">Immunities</span>: Sandstorm damage</div>
|inactive|mochyi1 has 240 seconds left.
|
|t:|1776234025
|switch|p1a: big bum|Slowking-Galar, M|100/100
|move|p2a: beijing volt|Ancient Power|p1a: big bum
|-damage|p1a: big bum|75/100
|
|-heal|p1a: big bum|81/100|[from] item: Leftovers
|-damage|p2a: beijing volt|64/100 tox|[from] psn
|upkeep
|turn|17
|inactive|mochyi1 has 240 seconds left.
|
|t:|1776234039
|-end|p2a: beijing volt|Protosynthesis|[silent]
|switch|p2a: gambit of kings|Kingambit, F|100/100
|move|p1a: big bum|Toxic|p2a: gambit of kings
|-immune|p2a: gambit of kings
|
|-heal|p1a: big bum|87/100|[from] item: Leftovers
|upkeep
|turn|18
|inactive|mochyi1 has 240 seconds left.
|inactive|byeoneace has 270 seconds left.
|c|☆mochyi1|!weakness dark
|c| mochyi1|/raw <div class="infobox">Dark:<br /><span class="message-effect-weak">Weaknesses</span>: Bug, Fairy, Fighting<br /><span class="message-effect-resist">Resistances</span>: Dark, Ghost<br /><span class="message-effect-immune">Immunities</span>: Psychic, Prankster</div>
|c|☆mochyi1|!dt kowtow cleave
|c|☆mochyi1|/raw <ul class="utilichart"><li class="result"><span class="col movenamecol"><a href="https://dex.pokemonshowdown.com/moves/kowtowcleave">Kowtow Cleave</a></span> <span class="col typecol"><img src="//play.pokemonshowdown.com/sprites/types/Dark.png" alt="Dark" width="32" height="14"><img src="//play.pokemonshowdown.com/sprites/categories/Physical.png" alt="Physical" width="32" height="14"></span> <span class="col labelcol"><em>Power</em><br>85</span> <span class="col widelabelcol"><em>Accuracy</em><br>—</span> <span class="col pplabelcol"><em>PP</em><br>16</span> <span class="col movedesccol">This move does not check accuracy.</span> </li><li style="clear:both"></li></ul>
|c|☆mochyi1|/raw <font size="1"><font color="#686868">Priority:</font> 0&nbsp;|&ThickSpace;<font color="#686868">Gen:</font> 9&nbsp;|&ThickSpace;&#10003; Contact&nbsp;|&ThickSpace;&#10003; Slicing move&nbsp;|&ThickSpace;<font color="#686868">Z-Power:</font> 160&nbsp;|&ThickSpace;<font color="#686868">Target:</font> One Adjacent Pokémon</font>

|inactive|mochyi1 has 210 seconds left.
|
|t:|1776234084
|switch|p1a: ravenclaw|Corviknight, F|100/100
|-ability|p1a: ravenclaw|Pressure
|move|p2a: gambit of kings|Kowtow Cleave|p1a: ravenclaw
|-damage|p1a: ravenclaw|61/100
|-damage|p2a: gambit of kings|84/100|[from] item: Rocky Helmet|[of] p1a: ravenclaw
|-damage|p2a: gambit of kings|74/100|[from] item: Life Orb
|
|upkeep
|turn|19
|
|t:|1776234101
|move|p2a: gambit of kings|Sucker Punch||[still]
|-fail|p2a: gambit of kings
|move|p1a: ravenclaw|Roost|p1a: ravenclaw
|-heal|p1a: ravenclaw|100/100
|-singleturn|p1a: ravenclaw|move: Roost
|
|upkeep
|turn|20
|
|t:|1776234113
|switch|p1a: cynthiasbaby|Garchomp, M|100/100
|-end|p2a: gambit of kings|fallenundefined|[silent]
|switch|p2a: beijing volt|Raging Bolt, tera:Fairy|64/100 tox
|
|-damage|p2a: beijing volt|58/100 tox|[from] psn
|upkeep
|turn|21
|inactive|byeoneace has 270 seconds left.
|
|t:|1776234130
|move|p1a: cynthiasbaby|Stealth Rock|p2a: beijing volt
|-sidestart|p2: byeoneace|move: Stealth Rock
|move|p2a: beijing volt|Ancient Power|p1a: cynthiasbaby
|-resisted|p1a: cynthiasbaby
|-damage|p1a: cynthiasbaby|90/100
|
|-damage|p2a: beijing volt|45/100 tox|[from] psn
|upkeep
|turn|22
|
|t:|1776234140
|-end|p2a: beijing volt|Protosynthesis|[silent]
|switch|p2a: Glicker|Gliscor, M, shiny|96/100 tox
|-damage|p2a: Glicker|84/100 tox|[from] Stealth Rock
|move|p1a: cynthiasbaby|Spikes|p2a: Glicker
|-sidestart|p2: byeoneace|Spikes
|
|-heal|p2a: Glicker|96/100 tox|[from] ability: Poison Heal
|upkeep
|turn|23
|inactive|byeoneace has 270 seconds left.
|
|t:|1776234155
|move|p2a: Glicker|Substitute|p2a: Glicker
|-start|p2a: Glicker|Substitute
|-damage|p2a: Glicker|72/100 tox
|move|p1a: cynthiasbaby|Dragon Tail|p2a: Glicker
|-end|p2a: Glicker|Substitute
|
|-heal|p2a: Glicker|84/100 tox|[from] ability: Poison Heal
|upkeep
|turn|24
|inactive|byeoneace has 270 seconds left.
|
|t:|1776234165
|move|p2a: Glicker|Substitute|p2a: Glicker
|-start|p2a: Glicker|Substitute
|-damage|p2a: Glicker|59/100 tox
|move|p1a: cynthiasbaby|Dragon Tail|p2a: Glicker
|-activate|p2a: Glicker|move: Substitute|[damage]
|
|-heal|p2a: Glicker|72/100 tox|[from] ability: Poison Heal
|upkeep
|turn|25
|
|t:|1776234173
|move|p2a: Glicker|Stealth Rock|p1a: cynthiasbaby
|-sidestart|p1: mochyi1|move: Stealth Rock
|move|p1a: cynthiasbaby|Dragon Tail|p2a: Glicker
|-end|p2a: Glicker|Substitute
|
|-heal|p2a: Glicker|84/100 tox|[from] ability: Poison Heal
|upkeep
|turn|26
|inactive|mochyi1 has 210 seconds left.
|
|t:|1776234183
|move|p2a: Glicker|Substitute|p2a: Glicker
|-start|p2a: Glicker|Substitute
|-damage|p2a: Glicker|59/100 tox
|move|p1a: cynthiasbaby|Dragon Tail|p2a: Glicker
|-activate|p2a: Glicker|move: Substitute|[damage]
|
|-heal|p2a: Glicker|72/100 tox|[from] ability: Poison Heal
|upkeep
|turn|27
|inactive|byeoneace has 270 seconds left.
|
|t:|1776234205
|move|p2a: Glicker|Spikes|p1a: cynthiasbaby
|-sidestart|p1: mochyi1|Spikes
|move|p1a: cynthiasbaby|Dragon Tail|p2a: Glicker
|-end|p2a: Glicker|Substitute
|
|-heal|p2a: Glicker|84/100 tox|[from] ability: Poison Heal
|upkeep
|turn|28
|
|t:|1776234214
|move|p2a: Glicker|Substitute|p2a: Glicker
|-start|p2a: Glicker|Substitute
|-damage|p2a: Glicker|59/100 tox
|move|p1a: cynthiasbaby|Dragon Tail|p2a: Glicker
|-activate|p2a: Glicker|move: Substitute|[damage]
|
|-heal|p2a: Glicker|72/100 tox|[from] ability: Poison Heal
|upkeep
|turn|29
|inactive|byeoneace has 270 seconds left.
|
|t:|1776234251
|switch|p1a: ravenclaw|Corviknight, F|100/100
|-damage|p1a: ravenclaw|88/100|[from] Stealth Rock
|-ability|p1a: ravenclaw|Pressure
|move|p2a: Glicker|Spikes|p1a: ravenclaw
|-sidestart|p1: mochyi1|Spikes
|
|-heal|p2a: Glicker|84/100 tox|[from] ability: Poison Heal
|upkeep
|turn|30
|
|t:|1776234263
|move|p2a: Glicker|Stealth Rock||[still]
|-fail|p2a: Glicker
|move|p1a: ravenclaw|Defog|p2a: Glicker
|-sideend|p2: byeoneace|Spikes|[from] move: Defog|[of] p1a: ravenclaw
|-sideend|p2: byeoneace|Stealth Rock|[from] move: Defog|[of] p1a: ravenclaw
|-sideend|p1: mochyi1|Spikes|[from] move: Defog|[of] p1a: ravenclaw
|-sideend|p1: mochyi1|Stealth Rock|[from] move: Defog|[of] p1a: ravenclaw
|
|-heal|p2a: Glicker|96/100 tox|[from] ability: Poison Heal
|upkeep
|turn|31
|
|t:|1776234273
|switch|p1a: glorious king|Greninja, M|100/100
|move|p2a: Glicker|Stealth Rock|p1a: glorious king
|-sidestart|p1: mochyi1|move: Stealth Rock
|
|-heal|p2a: Glicker|100/100 tox|[from] ability: Poison Heal
|upkeep
|turn|32
|inactive|mochyi1 has 240 seconds left.
|
|t:|1776234284
|move|p1a: glorious king|Hydro Pump|p2a: Glicker|[miss]
|-miss|p1a: glorious king|p2a: Glicker
|move|p2a: Glicker|Spikes|p1a: glorious king
|-sidestart|p1: mochyi1|Spikes
|
|upkeep
|turn|33
|inactive|mochyi1 has 240 seconds left.
|
|t:|1776234291
|switch|p1a: ravenclaw|Corviknight, F|88/100
|-damage|p1a: ravenclaw|76/100|[from] Stealth Rock
|-ability|p1a: ravenclaw|Pressure
|move|p2a: Glicker|Facade|p1a: ravenclaw
|-resisted|p1a: ravenclaw
|-damage|p1a: ravenclaw|64/100
|-damage|p2a: Glicker|84/100 tox|[from] item: Rocky Helmet|[of] p1a: ravenclaw
|
|-heal|p2a: Glicker|96/100 tox|[from] ability: Poison Heal
|upkeep
|turn|34
|inactive|mochyi1 has 240 seconds left.
|
|t:|1776234311
|move|p2a: Glicker|Spikes|p1a: ravenclaw
|-sidestart|p1: mochyi1|Spikes
|move|p1a: ravenclaw|Defog|p2a: Glicker
|-sideend|p1: mochyi1|Spikes|[from] move: Defog|[of] p1a: ravenclaw
|-sideend|p1: mochyi1|Stealth Rock|[from] move: Defog|[of] p1a: ravenclaw
|
|-heal|p2a: Glicker|100/100 tox|[from] ability: Poison Heal
|upkeep
|turn|35
|inactive|mochyi1 has 240 seconds left.
|
|t:|1776234322
|switch|p1a: big bum|Slowking-Galar, M|100/100
|move|p2a: Glicker|Stealth Rock|p1a: big bum
|-sidestart|p1: mochyi1|move: Stealth Rock
|
|upkeep
|turn|36
|
|t:|1776234328
|move|p2a: Glicker|Facade|p1a: big bum
|-damage|p1a: big bum|56/100
|move|p1a: big bum|Future Sight|p2a: Glicker
|-start|p1a: big bum|move: Future Sight
|
|-heal|p1a: big bum|63/100|[from] item: Leftovers
|upkeep
|turn|37
|
|t:|1776234335
|switch|p1a: ravenclaw|Corviknight, F|64/100
|-damage|p1a: ravenclaw|51/100|[from] Stealth Rock
|-ability|p1a: ravenclaw|Pressure
|move|p2a: Glicker|Facade|p1a: ravenclaw
|-resisted|p1a: ravenclaw
|-damage|p1a: ravenclaw|39/100
|-damage|p2a: Glicker|84/100 tox|[from] item: Rocky Helmet|[of] p1a: ravenclaw
|
|-heal|p2a: Glicker|96/100 tox|[from] ability: Poison Heal
|upkeep
|turn|38
|inactive|byeoneace has 270 seconds left.
|
|t:|1776234352
|move|p2a: Glicker|Stealth Rock||[still]
|-fail|p2a: Glicker
|move|p1a: ravenclaw|Roost|p1a: ravenclaw
|-heal|p1a: ravenclaw|89/100
|-singleturn|p1a: ravenclaw|move: Roost
|
|-end|p2a: Glicker|move: Future Sight
|-end|p2a: Glicker|Substitute
|-heal|p2a: Glicker|100/100 tox|[from] ability: Poison Heal
|upkeep
|turn|39
|
|t:|1776234363
|switch|p1a: glorious king|Greninja, M|100/100
|-damage|p1a: glorious king|88/100|[from] Stealth Rock
|move|p2a: Glicker|Substitute|p2a: Glicker
|-start|p2a: Glicker|Substitute
|-damage|p2a: Glicker|76/100 tox
|
|-heal|p2a: Glicker|88/100 tox|[from] ability: Poison Heal
|upkeep
|turn|40
|c|☆byeoneace|!dt hydropump
|c|☆byeoneace|/raw <ul class="utilichart"><li class="result"><span class="col movenamecol"><a href="https://dex.pokemonshowdown.com/moves/hydropump">Hydro Pump</a></span> <span class="col typecol"><img src="//play.pokemonshowdown.com/sprites/types/Water.png" alt="Water" width="32" height="14"><img src="//play.pokemonshowdown.com/sprites/categories/Special.png" alt="Special" width="32" height="14"></span> <span class="col labelcol"><em>Power</em><br>110</span> <span class="col widelabelcol"><em>Accuracy</em><br>80%</span> <span class="col pplabelcol"><em>PP</em><br>8</span> <span class="col movedesccol">No additional effect.</span> </li><li style="clear:both"></li></ul>
|c|☆byeoneace|/raw <font size="1"><font color="#686868">Priority:</font> 0&nbsp;|&ThickSpace;<font color="#686868">Gen:</font> 1&nbsp;|&ThickSpace;<font color="#686868">Z-Power:</font> 185&nbsp;|&ThickSpace;<font color="#686868">Target:</font> One Adjacent Pokémon</font>

|inactive|mochyi1 has 240 seconds left.
|
|t:|1776234389
|move|p1a: glorious king|Hydro Pump|p2a: Glicker
|-supereffective|p2a: Glicker
|-end|p2a: Glicker|Substitute
|-damage|p1a: glorious king|78/100|[from] item: Life Orb
|move|p2a: Glicker|Facade|p1a: glorious king
|-damage|p1a: glorious king|8/100
|
|-heal|p2a: Glicker|100/100 tox|[from] ability: Poison Heal
|upkeep
|turn|41
|inactive|mochyi1 has 240 seconds left.
|
|t:|1776234406
|switch|p1a: cynthiasbaby|Garchomp, M|90/100
|-damage|p1a: cynthiasbaby|84/100|[from] Stealth Rock
|switch|p2a: wet grass|Ogerpon-Wellspring, F|100/100
|
|upkeep
|turn|42
|inactive|mochyi1 has 240 seconds left.
|
|t:|1776234418
|-terastallize|p1a: cynthiasbaby|Ghost
|move|p2a: wet grass|Ivy Cudgel|p1a: cynthiasbaby|[anim] Ivy Cudgel Water
|-damage|p1a: cynthiasbaby|50/100
|move|p1a: cynthiasbaby|Dragon Tail|p2a: wet grass
|-damage|p2a: wet grass|65/100
|drag|p2a: gambit of kings|Kingambit, F|74/100
|
|upkeep
|turn|43
|inactive|mochyi1 has 240 seconds left.
|
|t:|1776234431
|switch|p1a: ravenclaw|Corviknight, F|89/100
|-damage|p1a: ravenclaw|77/100|[from] Stealth Rock
|-ability|p1a: ravenclaw|Pressure
|move|p2a: gambit of kings|Sucker Punch||[still]
|-fail|p2a: gambit of kings
|
|upkeep
|turn|44
|inactive|mochyi1 has 240 seconds left.
|
|t:|1776234440
|-end|p2a: gambit of kings|fallenundefined|[silent]
|switch|p2a: Glicker|Gliscor, M, shiny|100/100 tox
|move|p1a: ravenclaw|Body Press|p2a: Glicker
|-resisted|p2a: Glicker
|-damage|p2a: Glicker|90/100 tox
|
|-heal|p2a: Glicker|100/100 tox|[from] ability: Poison Heal
|upkeep
|turn|45
|
|t:|1776234449
|move|p2a: Glicker|Substitute|p2a: Glicker
|-start|p2a: Glicker|Substitute
|-damage|p2a: Glicker|76/100 tox
|move|p1a: ravenclaw|Defog|p2a: Glicker
|-sideend|p1: mochyi1|Stealth Rock|[from] move: Defog|[of] p1a: ravenclaw
|
|-heal|p2a: Glicker|88/100 tox|[from] ability: Poison Heal
|upkeep
|turn|46
|
|t:|1776234460
|switch|p1a: big bum|Slowking-Galar, M|96/100
|move|p2a: Glicker|Facade|p1a: big bum
|-crit|p1a: big bum
|-damage|p1a: big bum|32/100
|
|-heal|p1a: big bum|38/100|[from] item: Leftovers
|-heal|p2a: Glicker|100/100 tox|[from] ability: Poison Heal
|upkeep
|turn|47
|inactive|byeoneace has 270 seconds left.
|
|t:|1776234474
|switch|p1a: ravenclaw|Corviknight, F|77/100
|-ability|p1a: ravenclaw|Pressure
|move|p2a: Glicker|Facade|p1a: ravenclaw
|-resisted|p1a: ravenclaw
|-damage|p1a: ravenclaw|63/100
|-damage|p2a: Glicker|84/100 tox|[from] item: Rocky Helmet|[of] p1a: ravenclaw
|
|-heal|p2a: Glicker|96/100 tox|[from] ability: Poison Heal
|upkeep
|turn|48
|inactive|byeoneace has 270 seconds left.
|
|t:|1776234488
|move|p2a: Glicker|Facade|p1a: ravenclaw
|-resisted|p1a: ravenclaw
|-damage|p1a: ravenclaw|50/100
|-damage|p2a: Glicker|80/100 tox|[from] item: Rocky Helmet|[of] p1a: ravenclaw
|move|p1a: ravenclaw|Roost|p1a: ravenclaw
|-heal|p1a: ravenclaw|100/100
|-singleturn|p1a: ravenclaw|move: Roost
|
|-heal|p2a: Glicker|92/100 tox|[from] ability: Poison Heal
|upkeep
|turn|49
|inactive|byeoneace has 270 seconds left.
|
|t:|1776234503
|switch|p1a: big bum|Slowking-Galar, M|71/100
|move|p2a: Glicker|Stealth Rock|p1a: big bum
|-sidestart|p1: mochyi1|move: Stealth Rock
|
|-heal|p1a: big bum|77/100|[from] item: Leftovers
|-heal|p2a: Glicker|100/100 tox|[from] ability: Poison Heal
|upkeep
|turn|50
|
|t:|1776234512
|move|p2a: Glicker|Facade|p1a: big bum
|-damage|p1a: big bum|35/100
|move|p1a: big bum|Future Sight|p2a: Glicker
|-start|p1a: big bum|move: Future Sight
|
|-heal|p1a: big bum|41/100|[from] item: Leftovers
|upkeep
|turn|51
|
|t:|1776234521
|switch|p1a: ravenclaw|Corviknight, F|100/100
|-damage|p1a: ravenclaw|88/100|[from] Stealth Rock
|-ability|p1a: ravenclaw|Pressure
|move|p2a: Glicker|Facade|p1a: ravenclaw
|-resisted|p1a: ravenclaw
|-damage|p1a: ravenclaw|76/100
|-damage|p2a: Glicker|84/100 tox|[from] item: Rocky Helmet|[of] p1a: ravenclaw
|
|-heal|p2a: Glicker|96/100 tox|[from] ability: Poison Heal
|upkeep
|turn|52
|
|t:|1776234539
|move|p2a: Glicker|Spikes|p1a: ravenclaw
|-sidestart|p1: mochyi1|Spikes
|move|p1a: ravenclaw|Defog|p2a: Glicker
|-sideend|p1: mochyi1|Spikes|[from] move: Defog|[of] p1a: ravenclaw
|-sideend|p1: mochyi1|Stealth Rock|[from] move: Defog|[of] p1a: ravenclaw
|
|-end|p2a: Glicker|move: Future Sight
|-end|p2a: Glicker|Substitute
|-heal|p2a: Glicker|100/100 tox|[from] ability: Poison Heal
|upkeep
|turn|53
|
|t:|1776234549
|switch|p1a: glorious king|Greninja, M|8/100
|move|p2a: Glicker|Substitute|p2a: Glicker
|-start|p2a: Glicker|Substitute
|-damage|p2a: Glicker|76/100 tox
|
|-heal|p2a: Glicker|88/100 tox|[from] ability: Poison Heal
|upkeep
|turn|54
|
|t:|1776234563
|switch|p1a: big bum|Slowking-Galar, M|74/100
|move|p2a: Glicker|Facade|p1a: big bum
|-damage|p1a: big bum|33/100
|
|-heal|p1a: big bum|39/100|[from] item: Leftovers
|-heal|p2a: Glicker|100/100 tox|[from] ability: Poison Heal
|upkeep
|turn|55
|
|t:|1776234575
|switch|p1a: ravenclaw|Corviknight, F|76/100
|-ability|p1a: ravenclaw|Pressure
|move|p2a: Glicker|Facade|p1a: ravenclaw
|-resisted|p1a: ravenclaw
|-damage|p1a: ravenclaw|63/100
|-damage|p2a: Glicker|84/100 tox|[from] item: Rocky Helmet|[of] p1a: ravenclaw
|
|-heal|p2a: Glicker|96/100 tox|[from] ability: Poison Heal
|upkeep
|turn|56
|c|☆byeoneace|!dt substitute
|c|☆byeoneace|/raw <ul class="utilichart"><li class="result"><span class="col movenamecol"><a href="https://dex.pokemonshowdown.com/moves/substitute">Substitute</a></span> <span class="col typecol"><img src="//play.pokemonshowdown.com/sprites/types/Normal.png" alt="Normal" width="32" height="14"><img src="//play.pokemonshowdown.com/sprites/categories/Status.png" alt="Status" width="32" height="14"></span> <span class="col widelabelcol"><em>Accuracy</em><br>—</span> <span class="col pplabelcol"><em>PP</em><br>16</span> <span class="col movedesccol">User takes 1/4 its max HP to put in a substitute.</span> </li><li style="clear:both"></li></ul>
|c|☆byeoneace|/raw <font size="1"><font color="#686868">Priority:</font> 0&nbsp;|&ThickSpace;<font color="#686868">Gen:</font> 1&nbsp;|&ThickSpace;<font color="#686868">Z-Effect:</font> Restores negative stat stages to 0&nbsp;|&ThickSpace;<font color="#686868">Target:</font> User</font>

|inactive|byeoneace has 270 seconds left.
|inactive|mochyi1 has 240 seconds left.
|
|t:|1776234621
|move|p2a: Glicker|Stealth Rock|p1a: ravenclaw
|-sidestart|p1: mochyi1|move: Stealth Rock
|move|p1a: ravenclaw|Defog|p2a: Glicker
|-sideend|p1: mochyi1|Stealth Rock|[from] move: Defog|[of] p1a: ravenclaw
|
|-heal|p2a: Glicker|100/100 tox|[from] ability: Poison Heal
|upkeep
|turn|57
|
|t:|1776234633
|move|p2a: Glicker|Spikes|p1a: ravenclaw
|-sidestart|p1: mochyi1|Spikes
|move|p1a: ravenclaw|Defog|p2a: Glicker
|-sideend|p1: mochyi1|Spikes|[from] move: Defog|[of] p1a: ravenclaw
|
|upkeep
|turn|58
|
|t:|1776234640
|move|p1a: ravenclaw|Protect|p1a: ravenclaw
|-singleturn|p1a: ravenclaw|Protect
|move|p2a: Glicker|Spikes|p1a: ravenclaw
|-sidestart|p1: mochyi1|Spikes
|
|upkeep
|turn|59
|inactive|mochyi1 has 240 seconds left.
|
|t:|1776234653
|move|p1a: ravenclaw|Protect|p1a: ravenclaw
|-singleturn|p1a: ravenclaw|Protect
|move|p2a: Glicker|Stealth Rock|p1a: ravenclaw
|-sidestart|p1: mochyi1|move: Stealth Rock
|
|upkeep
|turn|60
|
|t:|1776234660
|move|p1a: ravenclaw|Protect||[still]
|-fail|p1a: ravenclaw
|move|p2a: Glicker|Spikes|p1a: ravenclaw
|-sidestart|p1: mochyi1|Spikes
|
|upkeep
|turn|61
|inactive|byeoneace has 270 seconds left.
|
|t:|1776234666
|move|p2a: Glicker|Stealth Rock||[still]
|-fail|p2a: Glicker
|move|p1a: ravenclaw|Defog|p2a: Glicker
|-sideend|p1: mochyi1|Spikes|[from] move: Defog|[of] p1a: ravenclaw
|-sideend|p1: mochyi1|Stealth Rock|[from] move: Defog|[of] p1a: ravenclaw
|
|upkeep
|turn|62
|
|t:|1776234686
|move|p1a: ravenclaw|Protect|p1a: ravenclaw
|-singleturn|p1a: ravenclaw|Protect
|move|p2a: Glicker|Stealth Rock|p1a: ravenclaw
|-sidestart|p1: mochyi1|move: Stealth Rock
|
|upkeep
|turn|63
|
|t:|1776234692
|move|p2a: Glicker|Stealth Rock||[still]
|-fail|p2a: Glicker
|move|p1a: ravenclaw|Body Press|p2a: Glicker
|-resisted|p2a: Glicker
|-activate|p2a: Glicker|move: Substitute|[damage]
|
|upkeep
|turn|64
|
|t:|1776234701
|move|p2a: Glicker|Facade|p1a: ravenclaw
|-resisted|p1a: ravenclaw
|-damage|p1a: ravenclaw|51/100
|-damage|p2a: Glicker|84/100 tox|[from] item: Rocky Helmet|[of] p1a: ravenclaw
|move|p1a: ravenclaw|Body Press|p2a: Glicker
|-resisted|p2a: Glicker
|-activate|p2a: Glicker|move: Substitute|[damage]
|
|-heal|p2a: Glicker|96/100 tox|[from] ability: Poison Heal
|upkeep
|turn|65
|
|t:|1776234720
|move|p2a: Glicker|Facade|p1a: ravenclaw
|-resisted|p1a: ravenclaw
|-damage|p1a: ravenclaw|38/100
|-damage|p2a: Glicker|80/100 tox|[from] item: Rocky Helmet|[of] p1a: ravenclaw
|move|p1a: ravenclaw|Roost|p1a: ravenclaw
|-heal|p1a: ravenclaw|88/100
|-singleturn|p1a: ravenclaw|move: Roost
|
|-heal|p2a: Glicker|92/100 tox|[from] ability: Poison Heal
|upkeep
|turn|66
|
|t:|1776234737
|move|p2a: Glicker|Spikes|p1a: ravenclaw
|-sidestart|p1: mochyi1|Spikes
|move|p1a: ravenclaw|Body Press|p2a: Glicker
|-resisted|p2a: Glicker
|-end|p2a: Glicker|Substitute
|
|-heal|p2a: Glicker|100/100 tox|[from] ability: Poison Heal
|upkeep
|turn|67
|
|t:|1776234747
|move|p2a: Glicker|Substitute|p2a: Glicker
|-start|p2a: Glicker|Substitute
|-damage|p2a: Glicker|76/100 tox
|move|p1a: ravenclaw|Body Press|p2a: Glicker
|-resisted|p2a: Glicker
|-crit|p2a: Glicker
|-activate|p2a: Glicker|move: Substitute|[damage]
|
|-heal|p2a: Glicker|88/100 tox|[from] ability: Poison Heal
|upkeep
|turn|68
|
|t:|1776234763
|switch|p1a: big bum|Slowking-Galar, M|73/100
|-damage|p1a: big bum|60/100|[from] Stealth Rock
|-damage|p1a: big bum|48/100|[from] Spikes
|move|p2a: Glicker|Spikes|p1a: big bum
|-sidestart|p1: mochyi1|Spikes
|
|-heal|p1a: big bum|54/100|[from] item: Leftovers
|-heal|p2a: Glicker|100/100 tox|[from] ability: Poison Heal
|upkeep
|turn|69
|
|t:|1776234774
|switch|p1a: ravenclaw|Corviknight, F|88/100
|-damage|p1a: ravenclaw|75/100|[from] Stealth Rock
|-ability|p1a: ravenclaw|Pressure
|move|p2a: Glicker|Facade|p1a: ravenclaw
|-resisted|p1a: ravenclaw
|-damage|p1a: ravenclaw|63/100
|-damage|p2a: Glicker|84/100 tox|[from] item: Rocky Helmet|[of] p1a: ravenclaw
|
|-heal|p2a: Glicker|96/100 tox|[from] ability: Poison Heal
|upkeep
|turn|70
|inactive|byeoneace has 270 seconds left.
|
|t:|1776234810
|move|p2a: Glicker|Spikes|p1a: ravenclaw
|-sidestart|p1: mochyi1|Spikes
|move|p1a: ravenclaw|Defog|p2a: Glicker
|-sideend|p1: mochyi1|Spikes|[from] move: Defog|[of] p1a: ravenclaw
|-sideend|p1: mochyi1|Stealth Rock|[from] move: Defog|[of] p1a: ravenclaw
|
|-heal|p2a: Glicker|100/100 tox|[from] ability: Poison Heal
|upkeep
|turn|71
|
|t:|1776234825
|switch|p2a: The debuffer|Incineroar, M|100/100
|-ability|p2a: The debuffer|Intimidate|boost
|-unboost|p1a: ravenclaw|atk|1
|switch|p1a: big bum|Slowking-Galar, M|87/100
|
|-heal|p1a: big bum|93/100|[from] item: Leftovers
|upkeep
|turn|72
|inactive|byeoneace has 240 seconds left.
|
|t:|1776234855
|move|p2a: The debuffer|Fire Punch|p1a: big bum
|-damage|p1a: big bum|65/100
|move|p1a: big bum|Future Sight|p2a: The debuffer
|-start|p1a: big bum|move: Future Sight
|
|-heal|p1a: big bum|71/100|[from] item: Leftovers
|upkeep
|turn|73
|inactive|byeoneace has 240 seconds left.
|
|t:|1776234869
|move|p2a: The debuffer|Fire Punch|p1a: big bum
|-damage|p1a: big bum|44/100
|move|p1a: big bum|Toxic|p2a: The debuffer
|-status|p2a: The debuffer|tox
|
|-heal|p1a: big bum|50/100|[from] item: Leftovers
|-damage|p2a: The debuffer|94/100 tox|[from] psn
|upkeep
|turn|74
|
|t:|1776234878
|move|p2a: The debuffer|Parting Shot|p1a: big bum
|-unboost|p1a: big bum|atk|1
|-unboost|p1a: big bum|spa|1
|
|t:|1776234885
|switch|p2a: gambit of kings|Kingambit, F|74/100|[from] Parting Shot
|-prepare|p1a: big bum|Chilly Reception|[premajor]
|move|p1a: big bum|Chilly Reception|p1a: big bum
|-weather|Snowscape
|
|t:|1776234891
|switch|p1a: ravenclaw|Corviknight, F|63/100|[from] Chilly Reception
|-ability|p1a: ravenclaw|Pressure
|
|-weather|Snowscape|[upkeep]
|-end|p2a: gambit of kings|move: Future Sight
|-immune|p2a: gambit of kings
|upkeep
|turn|75
|
|t:|1776234902
|move|p1a: ravenclaw|Body Press|p2a: gambit of kings
|-supereffective|p2a: gambit of kings
|-damage|p2a: gambit of kings|5/100
|move|p2a: gambit of kings|Kowtow Cleave|p1a: ravenclaw
|-damage|p1a: ravenclaw|24/100
|-damage|p2a: gambit of kings|0 fnt|[from] item: Rocky Helmet|[of] p1a: ravenclaw
|faint|p2a: gambit of kings
|-end|p2a: gambit of kings|fallenundefined|[silent]
|
|-weather|Snowscape|[upkeep]
|upkeep
|
|t:|1776234913
|switch|p2a: Glicker|Gliscor, M, shiny|100/100 tox
|turn|76
|
|t:|1776234918
|move|p2a: Glicker|Substitute|p2a: Glicker
|-start|p2a: Glicker|Substitute
|-damage|p2a: Glicker|76/100 tox
|move|p1a: ravenclaw|Roost|p1a: ravenclaw
|-heal|p1a: ravenclaw|74/100
|-singleturn|p1a: ravenclaw|move: Roost
|
|-weather|Snowscape|[upkeep]
|-heal|p2a: Glicker|88/100 tox|[from] ability: Poison Heal
|upkeep
|turn|77
|
|t:|1776234929
|move|p2a: Glicker|Stealth Rock|p1a: ravenclaw
|-sidestart|p1: mochyi1|move: Stealth Rock
|move|p1a: ravenclaw|Body Press|p2a: Glicker
|-resisted|p2a: Glicker
|-activate|p2a: Glicker|move: Substitute|[damage]
|
|-weather|Snowscape|[upkeep]
|-heal|p2a: Glicker|100/100 tox|[from] ability: Poison Heal
|upkeep
|turn|78
|
|t:|1776234938
|move|p2a: Glicker|Stealth Rock||[still]
|-fail|p2a: Glicker
|move|p1a: ravenclaw|Body Press|p2a: Glicker
|-resisted|p2a: Glicker
|-activate|p2a: Glicker|move: Substitute|[damage]
|
|-weather|none
|upkeep
|turn|79
|
|t:|1776234948
|move|p2a: Glicker|Facade|p1a: ravenclaw
|-resisted|p1a: ravenclaw
|-damage|p1a: ravenclaw|61/100
|-damage|p2a: Glicker|84/100 tox|[from] item: Rocky Helmet|[of] p1a: ravenclaw
|move|p1a: ravenclaw|Body Press|p2a: Glicker
|-resisted|p2a: Glicker
|-end|p2a: Glicker|Substitute
|
|-heal|p2a: Glicker|96/100 tox|[from] ability: Poison Heal
|upkeep
|turn|80
|inactive|byeoneace has 270 seconds left.
|
|t:|1776234968
|switch|p2a: The debuffer|Incineroar, M|94/100 tox
|-ability|p2a: The debuffer|Intimidate|boost
|-unboost|p1a: ravenclaw|atk|1
|move|p1a: ravenclaw|Body Press|p2a: The debuffer
|-supereffective|p2a: The debuffer
|-damage|p2a: The debuffer|57/100 tox
|-damage|p1a: ravenclaw|44/100|[from] item: Rocky Helmet|[of] p2a: The debuffer
|
|-damage|p2a: The debuffer|51/100 tox|[from] psn
|upkeep
|turn|81
|
|t:|1776234986
|move|p1a: ravenclaw|Protect|p1a: ravenclaw
|-singleturn|p1a: ravenclaw|Protect
|move|p2a: The debuffer|Fire Punch|p1a: ravenclaw
|-activate|p1a: ravenclaw|move: Protect
|
|-damage|p2a: The debuffer|39/100 tox|[from] psn
|upkeep
|turn|82
|
|t:|1776234995
|switch|p1a: big bum|Slowking-Galar, M|83/100
|-damage|p1a: big bum|70/100|[from] Stealth Rock
|move|p2a: The debuffer|Fire Punch|p1a: big bum
|-damage|p1a: big bum|41/100
|
|-heal|p1a: big bum|48/100|[from] item: Leftovers
|-damage|p2a: The debuffer|21/100 tox|[from] psn
|upkeep
|turn|83
|
|t:|1776235018
|switch|p1a: ravenclaw|Corviknight, F|44/100
|-damage|p1a: ravenclaw|32/100|[from] Stealth Rock
|-ability|p1a: ravenclaw|Pressure
|move|p2a: The debuffer|Fire Punch|p1a: ravenclaw
|-supereffective|p1a: ravenclaw
|-damage|p1a: ravenclaw|0 fnt
|-damage|p2a: The debuffer|4/100 tox|[from] item: Rocky Helmet|[of] p1a: ravenclaw
|faint|p1a: ravenclaw
|
|-damage|p2a: The debuffer|0 fnt|[from] psn
|faint|p2a: The debuffer
|upkeep
|inactive|mochyi1 has 270 seconds left.
|c|☆mochyi1|!weakness dragapult
|c| mochyi1|/raw <div class="infobox">Dragapult (ignoring abilities):<br /><span class="message-effect-weak">Weaknesses</span>: Dark, Dragon, Fairy, Ghost, Ice<br /><span class="message-effect-resist">Resistances</span>: Bug, Electric, Fire, Grass, Poison, Water<br /><span class="message-effect-immune">Immunities</span>: Fighting, Normal, Trapping</div>
|
|t:|1776235047
|switch|p1a: vampire|Gliscor, M|76/100 tox
|switch|p2a: wet grass|Ogerpon-Wellspring, F|65/100
|-damage|p1a: vampire|63/100 tox|[from] Stealth Rock
|turn|84
|c|☆byeoneace|READ LIKE A BOOK
|c|☆byeoneace|TUFFFFFF
|
|t:|1776235071
|switch|p1a: big bum|Slowking-Galar, M|81/100
|-damage|p1a: big bum|68/100|[from] Stealth Rock
|move|p2a: wet grass|Ivy Cudgel|p1a: big bum|[anim] Ivy Cudgel Water
|-damage|p1a: big bum|8/100
|
|-heal|p1a: big bum|14/100|[from] item: Leftovers
|upkeep
|turn|85
|inactive|mochyi1 has 240 seconds left.
|
|t:|1776235091
|switch|p1a: masquerade|Ogerpon, F|100/100
|-damage|p1a: masquerade|88/100|[from] Stealth Rock
|move|p2a: wet grass|Ivy Cudgel|p1a: masquerade|[anim] Ivy Cudgel Water
|-resisted|p1a: masquerade
|-damage|p1a: masquerade|48/100
|
|upkeep
|turn|86
|inactive|mochyi1 has 240 seconds left.
|
|t:|1776235103
|move|p2a: wet grass|U-turn|p1a: masquerade
|-supereffective|p1a: masquerade
|-damage|p1a: masquerade|0 fnt
|faint|p1a: masquerade
|
|t:|1776235109
|switch|p2a: Glicker|Gliscor, M, shiny|96/100 tox|[from] U-turn
|
|-heal|p2a: Glicker|100/100 tox|[from] ability: Poison Heal
|upkeep
|inactive|mochyi1 has 240 seconds left.
|
|t:|1776235125
|switch|p1a: cynthiasbaby|Garchomp, M, tera:Ghost|50/100
|-damage|p1a: cynthiasbaby|38/100|[from] Stealth Rock
|turn|87
|inactive|mochyi1 has 240 seconds left.
|inactive|byeoneace has 270 seconds left.
|
|t:|1776235131
|move|p1a: cynthiasbaby|Spikes|p2a: Glicker
|-sidestart|p2: byeoneace|Spikes
|move|p2a: Glicker|Substitute|p2a: Glicker
|-start|p2a: Glicker|Substitute
|-damage|p2a: Glicker|76/100 tox
|
|-heal|p2a: Glicker|88/100 tox|[from] ability: Poison Heal
|upkeep
|turn|88
|
|t:|1776235139
|move|p1a: cynthiasbaby|Stealth Rock|p2a: Glicker
|-sidestart|p2: byeoneace|move: Stealth Rock
|move|p2a: Glicker|Spikes|p1a: cynthiasbaby
|-sidestart|p1: mochyi1|Spikes
|
|-heal|p2a: Glicker|100/100 tox|[from] ability: Poison Heal
|upkeep
|turn|89
|
|t:|1776235146
|move|p1a: cynthiasbaby|Spikes|p2a: Glicker
|-sidestart|p2: byeoneace|Spikes
|move|p2a: Glicker|Spikes|p1a: cynthiasbaby
|-sidestart|p1: mochyi1|Spikes
|
|upkeep
|turn|90
|
|t:|1776235151
|move|p1a: cynthiasbaby|Spikes|p2a: Glicker
|-sidestart|p2: byeoneace|Spikes
|move|p2a: Glicker|Spikes|p1a: cynthiasbaby
|-sidestart|p1: mochyi1|Spikes
|
|upkeep
|turn|91
|
|t:|1776235165
|switch|p1a: big bum|Slowking-Galar, M|48/100
|-damage|p1a: big bum|35/100|[from] Stealth Rock
|-damage|p1a: big bum|10/100|[from] Spikes
|move|p2a: Glicker|Stealth Rock||[still]
|-fail|p2a: Glicker
|
|-heal|p1a: big bum|16/100|[from] item: Leftovers
|upkeep
|turn|92
|
|t:|1776235192
|switch|p1a: vampire|Gliscor, M|63/100 tox
|-damage|p1a: vampire|51/100 tox|[from] Stealth Rock
|move|p2a: Glicker|Facade|p1a: vampire
|-damage|p1a: vampire|24/100 tox
|
|-heal|p1a: vampire|36/100 tox|[from] ability: Poison Heal
|upkeep
|turn|93
|inactive|mochyi1 has 240 seconds left.
|
|t:|1776235207
|move|p1a: vampire|Protect|p1a: vampire
|-singleturn|p1a: vampire|Protect
|move|p2a: Glicker|Facade|p1a: vampire
|-activate|p1a: vampire|move: Protect
|
|-heal|p1a: vampire|49/100 tox|[from] ability: Poison Heal
|upkeep
|turn|94
|inactive|mochyi1 has 240 seconds left.
|
|t:|1776235226
|move|p2a: Glicker|Spikes||[still]
|-fail|p2a: Glicker
|move|p1a: vampire|Substitute|p1a: vampire
|-start|p1a: vampire|Substitute
|-damage|p1a: vampire|24/100 tox
|
|-heal|p1a: vampire|36/100 tox|[from] ability: Poison Heal
|upkeep
|turn|95
|inactive|mochyi1 has 240 seconds left.
|
|t:|1776235234
|move|p2a: Glicker|Facade|p1a: vampire
|-end|p1a: vampire|Substitute
|move|p1a: vampire|Knock Off|p2a: Glicker
|-activate|p2a: Glicker|move: Substitute|[damage]
|
|-heal|p1a: vampire|49/100 tox|[from] ability: Poison Heal
|upkeep
|turn|96
|inactive|mochyi1 has 240 seconds left.
|
|t:|1776235248
|switch|p2a: wet grass|Ogerpon-Wellspring, F|65/100
|-damage|p2a: wet grass|40/100|[from] Spikes
|-damage|p2a: wet grass|28/100|[from] Stealth Rock
|move|p1a: vampire|Substitute|p1a: vampire
|-start|p1a: vampire|Substitute
|-damage|p1a: vampire|24/100 tox
|
|-heal|p1a: vampire|36/100 tox|[from] ability: Poison Heal
|upkeep
|turn|97
|inactive|mochyi1 has 240 seconds left.
|
|t:|1776235272
|move|p2a: wet grass|Giga Drain|p1a: vampire
|-crit|p1a: vampire
|-end|p1a: vampire|Substitute
|-heal|p2a: wet grass|43/100|[from] drain|[of] p1a: vampire
|move|p1a: vampire|Knock Off|p2a: wet grass
|-damage|p2a: wet grass|22/100
|
|-heal|p1a: vampire|49/100 tox|[from] ability: Poison Heal
|upkeep
|turn|98
|inactive|mochyi1 has 240 seconds left.
|inactive|byeoneace has 270 seconds left.
|
|t:|1776235305
|move|p1a: vampire|Protect|p1a: vampire
|-singleturn|p1a: vampire|Protect
|move|p2a: wet grass|Ivy Cudgel|p1a: vampire|[anim] Ivy Cudgel Water
|-activate|p1a: vampire|move: Protect
|
|-heal|p1a: vampire|61/100 tox|[from] ability: Poison Heal
|upkeep
|turn|99
|inactive|byeoneace has 270 seconds left.
|
|t:|1776235320
|switch|p1a: big bum|Slowking-Galar, M|50/100
|-damage|p1a: big bum|37/100|[from] Stealth Rock
|-damage|p1a: big bum|12/100|[from] Spikes
|move|p2a: wet grass|Giga Drain|p1a: big bum
|-resisted|p1a: big bum
|-damage|p1a: big bum|6/100
|-heal|p2a: wet grass|27/100|[from] drain|[of] p1a: big bum
|
|-heal|p1a: big bum|12/100|[from] item: Leftovers
|upkeep
|turn|100
|inactive|byeoneace has 270 seconds left.
|
|t:|1776235335
|move|p2a: wet grass|Ivy Cudgel|p1a: big bum|[anim] Ivy Cudgel Water
|-damage|p1a: big bum|0 fnt
|faint|p1a: big bum
|
|upkeep
|
|t:|1776235340
|switch|p1a: cynthiasbaby|Garchomp, M, tera:Ghost|38/100
|-damage|p1a: cynthiasbaby|25/100|[from] Stealth Rock
|-damage|p1a: cynthiasbaby|0 fnt|[from] Spikes
|faint|p1a: cynthiasbaby
|
|t:|1776235346
|switch|p1a: glorious king|Greninja, M|8/100
|-damage|p1a: glorious king|0 fnt|[from] Stealth Rock
|faint|p1a: glorious king
|
|t:|1776235350
|switch|p1a: vampire|Gliscor, M|61/100 tox
|-damage|p1a: vampire|49/100 tox|[from] Stealth Rock
|turn|101
|
|t:|1776235358
|move|p1a: vampire|Protect|p1a: vampire
|-singleturn|p1a: vampire|Protect
|move|p2a: wet grass|Ivy Cudgel|p1a: vampire|[anim] Ivy Cudgel Water
|-activate|p1a: vampire|move: Protect
|
|-heal|p1a: vampire|61/100 tox|[from] ability: Poison Heal
|upkeep
|turn|102
|
|t:|1776235370
|move|p2a: wet grass|Ivy Cudgel|p1a: vampire|[anim] Ivy Cudgel Water
|-supereffective|p1a: vampire
|-crit|p1a: vampire
|-damage|p1a: vampire|0 fnt
|faint|p1a: vampire
|
|win|byeoneace
