|html|<div class="broadcast-blue"><strong>[Gen 9] OU is currently suspecting Tera Blast! For information on how to participate check out the <a href="https://www.smogon.com/tools/suspects/view/200">suspect thread</a>.</strong></div>
|j|☆smokey19
|j|☆NeoNaruto✈️_✈️
|t:|1776108056
|gametype|singles
|player|p1|smokey19|2|1581
|player|p2|NeoNaruto✈️_✈️|medium|1648
|gen|9
|tier|[Gen 9] OU
|rated|
|rule|HP Percentage Mod: HP is shown in percentages
|rule|Endless Battle Clause: Forcing endless battles is banned
|rule|Species Clause: Limit one of each Pokémon
|rule|OHKO Clause: OHKO moves are banned
|rule|Evasion Items Clause: Evasion items are banned
|rule|Evasion Moves Clause: Evasion moves are banned
|rule|Evasion Abilities Clause: Evasion abilities are banned
|rule|Sleep Moves Clause: Sleep-inducing moves are banned
|clearpoke
|poke|p1|Iron Moth|
|poke|p1|Landorus-Therian, M|
|poke|p1|Garganacl, F|
|poke|p1|Slowking-Galar, M|
|poke|p1|Ogerpon, F|
|poke|p1|Enamorus, F|
|poke|p2|Tyranitar, F|
|poke|p2|Iron Moth|
|poke|p2|Staraptor, F|
|poke|p2|Garchomp, F|
|poke|p2|Torkoal, M|
|poke|p2|Dragonite, M|
|teampreview
|inactive|Battle timer is ON: inactive players will automatically lose when time's up. (requested by NeoNaruto✈️_✈️)
|
|t:|1776108075
|teamsize|p1|6
|teamsize|p2|6
|start
|switch|p1a: Landorus|Landorus-Therian, M|100/100
|switch|p2a: BLITZ SOME OPPS|Garchomp, F|100/100
|-ability|p1a: Landorus|Intimidate|boost
|-unboost|p2a: BLITZ SOME OPPS|atk|1
|turn|1
|
|t:|1776108088
|move|p1a: Landorus|Taunt|p2a: BLITZ SOME OPPS
|-start|p2a: BLITZ SOME OPPS|move: Taunt
|cant|p2a: BLITZ SOME OPPS|move: Taunt|Stealth Rock
|
|upkeep
|turn|2
|
|t:|1776108094
|switch|p2a: BIRD JESUS|Staraptor, F, shiny|100/100
|move|p1a: Landorus|Earthquake|p2a: BIRD JESUS
|-immune|p2a: BIRD JESUS
|
|upkeep
|turn|3
|
|t:|1776108098
|move|p1a: Landorus|Stone Edge|p2a: BIRD JESUS
|-supereffective|p2a: BIRD JESUS
|-crit|p2a: BIRD JESUS
|-damage|p2a: BIRD JESUS|0 fnt
|faint|p2a: BIRD JESUS
|
|upkeep
|
|t:|1776108100
|switch|p2a: VODECi IV|Iron Moth|100/100
|turn|4
|
|t:|1776108105
|move|p2a: VODECi IV|Overheat|p1a: Landorus
|-damage|p1a: Landorus|0 fnt
|-unboost|p2a: VODECi IV|spa|2
|faint|p1a: Landorus
|
|upkeep
|
|t:|1776108114
|switch|p1a: Garganacl|Garganacl, F|100/100
|turn|5
|
|t:|1776108118
|-end|p2a: VODECi IV|Quark Drive|[silent]
|switch|p2a: DA LAST REX(3005)|Tyranitar, F|100/100
|-weather|Sandstorm|[from] ability: Sand Stream|[of] p2a: DA LAST REX(3005)
|move|p1a: Garganacl|Stealth Rock|p2a: DA LAST REX(3005)
|-sidestart|p2: NeoNaruto✈️_✈️|move: Stealth Rock
|
|-weather|Sandstorm|[upkeep]
|upkeep
|turn|6
|
|t:|1776108123
|move|p2a: DA LAST REX(3005)|Knock Off|p1a: Garganacl
|-damage|p1a: Garganacl|82/100
|move|p1a: Garganacl|Salt Cure|p2a: DA LAST REX(3005)
|-damage|p2a: DA LAST REX(3005)|90/100
|-start|p2a: DA LAST REX(3005)|Salt Cure
|
|-weather|Sandstorm|[upkeep]
|-damage|p2a: DA LAST REX(3005)|78/100|[from] Salt Cure
|upkeep
|turn|7
|inactive|NeoNaruto✈️_✈️ has 120 seconds left.
|
|t:|1776108156
|switch|p1a: Ogerpon|Ogerpon, F|100/100
|move|p2a: DA LAST REX(3005)|Knock Off|p1a: Ogerpon
|-damage|p1a: Ogerpon|47/100
|-enditem|p1a: Ogerpon|Choice Band|[from] move: Knock Off|[of] p2a: DA LAST REX(3005)
|
|-weather|Sandstorm|[upkeep]
|-damage|p1a: Ogerpon|41/100|[from] Sandstorm
|-damage|p2a: DA LAST REX(3005)|65/100|[from] Salt Cure
|upkeep
|turn|8
|
|t:|1776108167
|switch|p2a: OVO CHUBBS|Torkoal, M|100/100
|-weather|SunnyDay|[from] ability: Drought|[of] p2a: OVO CHUBBS
|move|p1a: Ogerpon|Ivy Cudgel|p2a: OVO CHUBBS
|-resisted|p2a: OVO CHUBBS
|-damage|p2a: OVO CHUBBS|86/100
|
|-weather|SunnyDay|[upkeep]
|upkeep
|turn|9
|
|t:|1776108175
|move|p1a: Ogerpon|U-turn|p2a: OVO CHUBBS
|-resisted|p2a: OVO CHUBBS
|-damage|p2a: OVO CHUBBS|80/100
|
|t:|1776108178
|switch|p1a: Garganacl|Garganacl, F|82/100|[from] U-turn
|move|p2a: OVO CHUBBS|Rapid Spin|p1a: Garganacl
|-resisted|p1a: Garganacl
|-damage|p1a: Garganacl|79/100
|-boost|p2a: OVO CHUBBS|spe|1
|-sideend|p2: NeoNaruto✈️_✈️|Stealth Rock|[from] move: Rapid Spin|[of] p2a: OVO CHUBBS
|
|-weather|SunnyDay|[upkeep]
|upkeep
|turn|10
|inactive|NeoNaruto✈️_✈️ has 120 seconds left.
|
|t:|1776108217
|switch|p2a: BLITZ SOME OPPS|Garchomp, F|100/100
|move|p1a: Garganacl|Stealth Rock|p2a: BLITZ SOME OPPS
|-sidestart|p2: NeoNaruto✈️_✈️|move: Stealth Rock
|
|-weather|SunnyDay|[upkeep]
|upkeep
|turn|11
|
|t:|1776108225
|switch|p1a: Enamorus|Enamorus, F, shiny|100/100
|move|p2a: BLITZ SOME OPPS|Stealth Rock|p1a: Enamorus
|-sidestart|p1: smokey19|move: Stealth Rock
|
|-weather|SunnyDay|[upkeep]
|upkeep
|turn|12
|inactive|NeoNaruto✈️_✈️ has 120 seconds left.
|
|t:|1776108248
|switch|p2a: VODECi IV|Iron Moth|100/100
|-damage|p2a: VODECi IV|76/100|[from] Stealth Rock
|move|p1a: Enamorus|Moonblast|p2a: VODECi IV
|-resisted|p2a: VODECi IV
|-damage|p2a: VODECi IV|61/100
|
|-weather|none
|upkeep
|turn|13
|inactive|NeoNaruto✈️_✈️ has 120 seconds left.
|
|t:|1776108256
|switch|p1a: Slowking|Slowking-Galar, M, shiny|100/100
|-damage|p1a: Slowking|88/100|[from] Stealth Rock
|move|p2a: VODECi IV|Overheat|p1a: Slowking|[miss]
|-miss|p2a: VODECi IV|p1a: Slowking
|
|upkeep
|turn|14
|
|t:|1776108267
|-end|p2a: VODECi IV|Quark Drive|[silent]
|switch|p2a: DA LAST REX(3005)|Tyranitar, F|65/100
|-damage|p2a: DA LAST REX(3005)|53/100|[from] Stealth Rock
|-weather|Sandstorm|[from] ability: Sand Stream|[of] p2a: DA LAST REX(3005)
|move|p1a: Slowking|Psychic Noise|p2a: DA LAST REX(3005)
|-immune|p2a: DA LAST REX(3005)
|
|-weather|Sandstorm|[upkeep]
|-damage|p1a: Slowking|82/100|[from] Sandstorm
|upkeep
|turn|15
|
|t:|1776108289
|switch|p1a: Ogerpon|Ogerpon, F|41/100
|-damage|p1a: Ogerpon|29/100|[from] Stealth Rock
|move|p2a: DA LAST REX(3005)|Knock Off|p1a: Ogerpon
|-damage|p1a: Ogerpon|0 fnt
|faint|p1a: Ogerpon
|
|-weather|Sandstorm|[upkeep]
|upkeep
|
|t:|1776108295
|switch|p1a: Enamorus|Enamorus, F, shiny|100/100
|-damage|p1a: Enamorus|76/100|[from] Stealth Rock
|turn|16
|
|t:|1776108303
|move|p1a: Enamorus|Moonblast|p2a: DA LAST REX(3005)
|-supereffective|p2a: DA LAST REX(3005)
|-damage|p2a: DA LAST REX(3005)|23/100
|-unboost|p2a: DA LAST REX(3005)|spa|1
|move|p2a: DA LAST REX(3005)|Heavy Slam|p1a: Enamorus
|-supereffective|p1a: Enamorus
|-damage|p1a: Enamorus|0 fnt
|faint|p1a: Enamorus
|
|-weather|Sandstorm|[upkeep]
|upkeep
|
|t:|1776108317
|switch|p1a: Iron Moth|Iron Moth|100/100
|-damage|p1a: Iron Moth|76/100|[from] Stealth Rock
|-enditem|p1a: Iron Moth|Booster Energy
|-activate|p1a: Iron Moth|ability: Quark Drive|[fromitem]
|-start|p1a: Iron Moth|quarkdrivespe
|turn|17
|
|t:|1776108322
|move|p1a: Iron Moth|Dazzling Gleam|p2a: DA LAST REX(3005)
|-supereffective|p2a: DA LAST REX(3005)
|-damage|p2a: DA LAST REX(3005)|9/100
|move|p2a: DA LAST REX(3005)|Heavy Slam|p1a: Iron Moth
|-resisted|p1a: Iron Moth
|-damage|p1a: Iron Moth|50/100
|
|-weather|Sandstorm|[upkeep]
|-damage|p1a: Iron Moth|44/100|[from] Sandstorm
|upkeep
|turn|18
|
|t:|1776108326
|move|p1a: Iron Moth|Dazzling Gleam|p2a: DA LAST REX(3005)
|-supereffective|p2a: DA LAST REX(3005)
|-damage|p2a: DA LAST REX(3005)|0 fnt
|faint|p2a: DA LAST REX(3005)
|
|-weather|none
|upkeep
|
|t:|1776108328
|switch|p2a: FAT CHARIZARD|Dragonite, M, shiny|100/100
|turn|19
|
|t:|1776108331
|move|p1a: Iron Moth|Dazzling Gleam|p2a: FAT CHARIZARD
|-supereffective|p2a: FAT CHARIZARD
|-damage|p2a: FAT CHARIZARD|73/100
|move|p2a: FAT CHARIZARD|Earthquake|p1a: Iron Moth
|-supereffective|p1a: Iron Moth
|-damage|p1a: Iron Moth|0 fnt
|faint|p1a: Iron Moth
|-end|p1a: Iron Moth|Quark Drive|[silent]
|
|upkeep
|
|t:|1776108336
|switch|p1a: Garganacl|Garganacl, F|79/100
|-damage|p1a: Garganacl|66/100|[from] Stealth Rock
|turn|20
|
|t:|1776108345
|switch|p2a: BLITZ SOME OPPS|Garchomp, F|100/100
|-damage|p2a: BLITZ SOME OPPS|94/100|[from] Stealth Rock
|move|p1a: Garganacl|Recover|p1a: Garganacl
|-heal|p1a: Garganacl|100/100
|
|upkeep
|turn|21
|
|t:|1776108349
|-terastallize|p1a: Garganacl|Water
|move|p2a: BLITZ SOME OPPS|Spikes|p1a: Garganacl
|-sidestart|p1: smokey19|Spikes
|move|p1a: Garganacl|Salt Cure|p2a: BLITZ SOME OPPS
|-resisted|p2a: BLITZ SOME OPPS
|-damage|p2a: BLITZ SOME OPPS|90/100
|-start|p2a: BLITZ SOME OPPS|Salt Cure
|
|-damage|p2a: BLITZ SOME OPPS|78/100|[from] Salt Cure
|upkeep
|turn|22
|
|t:|1776108359
|move|p2a: BLITZ SOME OPPS|Spikes|p1a: Garganacl
|-sidestart|p1: smokey19|Spikes
|move|p1a: Garganacl|Salt Cure|p2a: BLITZ SOME OPPS
|-resisted|p2a: BLITZ SOME OPPS
|-damage|p2a: BLITZ SOME OPPS|73/100
|
|-damage|p2a: BLITZ SOME OPPS|61/100|[from] Salt Cure
|upkeep
|turn|23
|
|t:|1776108365
|move|p2a: BLITZ SOME OPPS|Spikes|p1a: Garganacl
|-sidestart|p1: smokey19|Spikes
|move|p1a: Garganacl|Salt Cure|p2a: BLITZ SOME OPPS
|-resisted|p2a: BLITZ SOME OPPS
|-damage|p2a: BLITZ SOME OPPS|57/100
|
|-damage|p2a: BLITZ SOME OPPS|45/100|[from] Salt Cure
|upkeep
|turn|24
|
|t:|1776108369
|move|p2a: BLITZ SOME OPPS|Breaking Swipe|p1a: Garganacl
|-damage|p1a: Garganacl|84/100
|-unboost|p1a: Garganacl|atk|1
|move|p1a: Garganacl|Salt Cure|p2a: BLITZ SOME OPPS
|-resisted|p2a: BLITZ SOME OPPS
|-damage|p2a: BLITZ SOME OPPS|42/100
|
|-damage|p2a: BLITZ SOME OPPS|29/100|[from] Salt Cure
|upkeep
|turn|25
|
|t:|1776108372
|move|p2a: BLITZ SOME OPPS|Breaking Swipe|p1a: Garganacl
|-damage|p1a: Garganacl|68/100
|-unboost|p1a: Garganacl|atk|1
|move|p1a: Garganacl|Recover|p1a: Garganacl
|-heal|p1a: Garganacl|100/100
|
|-damage|p2a: BLITZ SOME OPPS|17/100|[from] Salt Cure
|upkeep
|turn|26
|
|t:|1776108377
|move|p2a: BLITZ SOME OPPS|Breaking Swipe|p1a: Garganacl
|-damage|p1a: Garganacl|82/100
|-unboost|p1a: Garganacl|atk|1
|move|p1a: Garganacl|Recover|p1a: Garganacl
|-heal|p1a: Garganacl|100/100
|
|-damage|p2a: BLITZ SOME OPPS|5/100|[from] Salt Cure
|upkeep
|turn|27
|
|t:|1776108382
|move|p2a: BLITZ SOME OPPS|Rest|p2a: BLITZ SOME OPPS
|-status|p2a: BLITZ SOME OPPS|slp|[from] move: Rest
|-heal|p2a: BLITZ SOME OPPS|100/100 slp|[silent]
|move|p1a: Garganacl|Recover||[still]
|-fail|p1a: Garganacl|heal
|
|-damage|p2a: BLITZ SOME OPPS|88/100 slp|[from] Salt Cure
|upkeep
|turn|28
|
|t:|1776108388
|switch|p1a: Slowking|Slowking-Galar, M, shiny|100/100
|-damage|p1a: Slowking|88/100|[from] Stealth Rock
|-damage|p1a: Slowking|63/100|[from] Spikes
|cant|p2a: BLITZ SOME OPPS|slp
|
|-damage|p2a: BLITZ SOME OPPS|76/100 slp|[from] Salt Cure
|upkeep
|turn|29
|
|t:|1776108393
|switch|p2a: OVO CHUBBS|Torkoal, M|80/100
|-weather|SunnyDay|[from] ability: Drought|[of] p2a: OVO CHUBBS
|move|p1a: Slowking|Ice Beam|p2a: OVO CHUBBS
|-resisted|p2a: OVO CHUBBS
|-damage|p2a: OVO CHUBBS|65/100
|
|-weather|SunnyDay|[upkeep]
|upkeep
|turn|30
|
|t:|1776108396
|move|p1a: Slowking|Sludge Bomb|p2a: OVO CHUBBS
|-damage|p2a: OVO CHUBBS|19/100
|move|p2a: OVO CHUBBS|Rapid Spin|p1a: Slowking
|-damage|p1a: Slowking|56/100
|-boost|p2a: OVO CHUBBS|spe|1
|-sideend|p2: NeoNaruto✈️_✈️|Stealth Rock|[from] move: Rapid Spin|[of] p2a: OVO CHUBBS
|
|-weather|SunnyDay|[upkeep]
|upkeep
|turn|31
|
|t:|1776108402
|move|p2a: OVO CHUBBS|Lava Plume|p1a: Slowking
|-crit|p1a: Slowking
|-damage|p1a: Slowking|26/100
|move|p1a: Slowking|Sludge Bomb|p2a: OVO CHUBBS
|-damage|p2a: OVO CHUBBS|0 fnt
|faint|p2a: OVO CHUBBS
|
|-weather|SunnyDay|[upkeep]
|upkeep
|
|t:|1776108404
|switch|p2a: FAT CHARIZARD|Dragonite, M, shiny|73/100
|turn|32
|
|t:|1776108407
|move|p2a: FAT CHARIZARD|Earthquake|p1a: Slowking
|-supereffective|p1a: Slowking
|-damage|p1a: Slowking|0 fnt
|faint|p1a: Slowking
|
|-weather|SunnyDay|[upkeep]
|upkeep
|
|t:|1776108409
|switch|p1a: Garganacl|Garganacl, F, tera:Water|100/100
|-damage|p1a: Garganacl|88/100|[from] Stealth Rock
|-damage|p1a: Garganacl|63/100|[from] Spikes
|turn|33
|
|t:|1776108415
|-terastallize|p2a: FAT CHARIZARD|Fairy
|move|p2a: FAT CHARIZARD|Dragon Dance|p2a: FAT CHARIZARD
|-boost|p2a: FAT CHARIZARD|atk|1
|-boost|p2a: FAT CHARIZARD|spe|1
|move|p1a: Garganacl|Salt Cure|p2a: FAT CHARIZARD
|-damage|p2a: FAT CHARIZARD|58/100
|-start|p2a: FAT CHARIZARD|Salt Cure
|
|-weather|none
|-damage|p2a: FAT CHARIZARD|46/100|[from] Salt Cure
|upkeep
|turn|34
|
|t:|1776108418
|move|p2a: FAT CHARIZARD|Dragon Dance|p2a: FAT CHARIZARD
|-boost|p2a: FAT CHARIZARD|atk|1
|-boost|p2a: FAT CHARIZARD|spe|1
|move|p1a: Garganacl|Recover|p1a: Garganacl
|-heal|p1a: Garganacl|100/100
|
|-damage|p2a: FAT CHARIZARD|34/100|[from] Salt Cure
|upkeep
|turn|35
|
|t:|1776108432
|move|p2a: FAT CHARIZARD|Tera Blast|p1a: Garganacl|[anim] Tera Blast Fairy
|-damage|p1a: Garganacl|39/100
|move|p1a: Garganacl|Salt Cure|p2a: FAT CHARIZARD
|-damage|p2a: FAT CHARIZARD|17/100
|
|-damage|p2a: FAT CHARIZARD|5/100|[from] Salt Cure
|upkeep
|turn|36
|
|t:|1776108437
|move|p2a: FAT CHARIZARD|Tera Blast|p1a: Garganacl|[anim] Tera Blast Fairy
|-damage|p1a: Garganacl|0 fnt
|faint|p1a: Garganacl
|
|win|NeoNaruto✈️_✈️
|raw|smokey19's rating: 1581 &rarr; <strong>1564</strong><br />(-17 for losing)
|raw|NeoNaruto✈️_✈️'s rating: 1630 &rarr; <strong>1647</strong><br />(+17 for winning)
|l|☆smokey19
|player|p1|
