|html|<div class="broadcast-blue"><strong>[Gen 9] OU is currently suspecting Tera Blast! For information on how to participate check out the <a href="https://www.smogon.com/tools/suspects/view/200">suspect thread</a>.</strong></div>
|j|☆a_cashew
|j|☆sergioaznar94
|t:|1776070282
|gametype|singles
|player|p1|a_cashew|2|1144
|player|p2|sergioaznar94|policeman|1111
|gen|9
|tier|[Gen 9] OU
|rated|
|rule|HP Percentage Mod: HP is shown in percentages
|rule|Endless Battle Clause: Forcing endless battles is banned
|rule|Species Clause: Limit one of each Pokémon
|rule|OHKO Clause: OHKO moves are banned
|rule|Evasion Items Clause: Evasion items are banned
|rule|Evasion Moves Clause: Evasion moves are banned
|rule|Evasion Abilities Clause: Evasion abilities are banned
|rule|Sleep Moves Clause: Sleep-inducing moves are banned
|clearpoke
|poke|p1|Dragapult, M|
|poke|p1|Garganacl, M|
|poke|p1|Lapras, F|
|poke|p1|Serperior, F|
|poke|p1|Cinderace, M|
|poke|p1|Tinkaton, F|
|poke|p2|Ceruledge, M|
|poke|p2|Dondozo, F|
|poke|p2|Zamazenta-*|
|poke|p2|Enamorus, F|
|poke|p2|Raging Bolt|
|poke|p2|Gliscor, F|
|teampreview
|inactive|Battle timer is ON: inactive players will automatically lose when time's up. (requested by sergioaznar94)
|j| ohko_smeargle
|
|t:|1776070298
|teamsize|p1|6
|teamsize|p2|6
|start
|switch|p1a: Garganaclean|Garganacl, M|100/100
|switch|p2a: Enamorus|Enamorus, F|100/100
|turn|1
|
|t:|1776070312
|-terastallize|p2a: Enamorus|Fairy
|move|p2a: Enamorus|Earth Power|p1a: Garganaclean
|-supereffective|p1a: Garganaclean
|-damage|p1a: Garganaclean|22/100
|move|p1a: Garganaclean|Stealth Rock|p2a: Enamorus
|-sidestart|p2: sergioaznar94|move: Stealth Rock
|
|-heal|p1a: Garganaclean|28/100|[from] item: Leftovers
|upkeep
|turn|2
|inactive|a_cashew has 120 seconds left.
|
|t:|1776070343
|switch|p1a: Tinkatonawhoopass|Tinkaton, F|100/100
|-ability|p1a: Tinkatonawhoopass|Mold Breaker
|-item|p1a: Tinkatonawhoopass|Air Balloon
|move|p2a: Enamorus|Earth Power|p1a: Tinkatonawhoopass
|-immune|p1a: Tinkatonawhoopass
|
|upkeep
|turn|3
|inactive|a_cashew has 120 seconds left.
|
|t:|1776070365
|move|p1a: Tinkatonawhoopass|Fake Out|p2a: Enamorus
|-damage|p2a: Enamorus|87/100
|cant|p2a: Enamorus|flinch
|
|upkeep
|turn|4
|
|t:|1776070374
|move|p1a: Tinkatonawhoopass|Gigaton Hammer|p2a: Enamorus
|-supereffective|p2a: Enamorus
|-damage|p2a: Enamorus|0 fnt
|faint|p2a: Enamorus
|
|upkeep
|
|t:|1776070379
|switch|p2a: Ceruledge|Ceruledge, M|100/100
|-damage|p2a: Ceruledge|75/100|[from] Stealth Rock
|turn|5
|inactive|a_cashew has 120 seconds left.
|
|t:|1776070405
|switch|p1a: Laprass|Lapras, F|100/100
|move|p2a: Ceruledge|Bitter Blade|p1a: Laprass
|-damage|p1a: Laprass|48/100
|-heal|p2a: Ceruledge|100/100|[from] drain|[of] p1a: Laprass
|
|-heal|p1a: Laprass|54/100|[from] item: Leftovers
|upkeep
|turn|6
|inactive|a_cashew has 90 seconds left.
|
|t:|1776070431
|move|p1a: Laprass|Hydro Pump|p2a: Ceruledge|[miss]
|-miss|p1a: Laprass|p2a: Ceruledge
|move|p2a: Ceruledge|Brick Break|p1a: Laprass
|-supereffective|p1a: Laprass
|-damage|p1a: Laprass|0 fnt
|faint|p1a: Laprass
|
|upkeep
|inactive|a_cashew has 90 seconds left.
|
|t:|1776070440
|switch|p1a: Dragapullup|Dragapult, M|100/100
|turn|7
|
|t:|1776070447
|move|p1a: Dragapullup|Phantom Force||[still]
|-prepare|p1a: Dragapullup|Phantom Force
|-enditem|p1a: Dragapullup|Power Herb
|-anim|p1a: Dragapullup|Phantom Force|p2a: Ceruledge
|-supereffective|p2a: Ceruledge
|-damage|p2a: Ceruledge|0 fnt
|faint|p2a: Ceruledge
|
|upkeep
|
|t:|1776070458
|switch|p2a: Raging Bolt|Raging Bolt|100/100
|-damage|p2a: Raging Bolt|88/100|[from] Stealth Rock
|-enditem|p2a: Raging Bolt|Booster Energy
|-activate|p2a: Raging Bolt|ability: Protosynthesis|[fromitem]
|-start|p2a: Raging Bolt|protosynthesisspa
|turn|8
|
|t:|1776070474
|-terastallize|p1a: Dragapullup|Dragon
|move|p1a: Dragapullup|Dragon Darts|p2a: Raging Bolt
|-supereffective|p2a: Raging Bolt
|-damage|p2a: Raging Bolt|31/100
|-anim|p1a: Dragapullup|Dragon Darts|p2a: Raging Bolt
|-supereffective|p2a: Raging Bolt
|-damage|p2a: Raging Bolt|0 fnt
|faint|p2a: Raging Bolt
|-end|p2a: Raging Bolt|Protosynthesis|[silent]
|
|upkeep
|
|t:|1776070484
|switch|p2a: Dondozo|Dondozo, F|100/100
|-damage|p2a: Dondozo|88/100|[from] Stealth Rock
|turn|9
|inactive|a_cashew has 90 seconds left.
|
|t:|1776070505
|move|p1a: Dragapullup|U-turn|p2a: Dondozo
|-damage|p2a: Dondozo|76/100
|-damage|p1a: Dragapullup|84/100|[from] item: Rocky Helmet|[of] p2a: Dondozo
|
|t:|1776070509
|switch|p1a: Serperior to you|Serperior, F, shiny|100/100|[from] U-turn
|move|p2a: Dondozo|Avalanche|p1a: Serperior to you
|-supereffective|p1a: Serperior to you
|-damage|p1a: Serperior to you|61/100
|
|upkeep
|turn|10
|inactive|a_cashew has 90 seconds left.
|
|t:|1776070530
|move|p1a: Serperior to you|Leaf Storm|p2a: Dondozo
|-supereffective|p2a: Dondozo
|-damage|p2a: Dondozo|0 fnt
|-boost|p1a: Serperior to you|spa|2
|faint|p2a: Dondozo
|
|upkeep
|
|t:|1776070537
|switch|p2a: Gliscor|Gliscor, F|100/100
|-damage|p2a: Gliscor|88/100|[from] Stealth Rock
|turn|11
|
|t:|1776070543
|move|p1a: Serperior to you|Leaf Storm|p2a: Gliscor
|-damage|p2a: Gliscor|0 fnt
|-boost|p1a: Serperior to you|spa|2
|faint|p2a: Gliscor
|
|upkeep
|
|t:|1776070548
|switch|p2a: Zamazenta|Zamazenta|100/100
|-damage|p2a: Zamazenta|94/100|[from] Stealth Rock
|-ability|p2a: Zamazenta|Dauntless Shield|boost
|-boost|p2a: Zamazenta|def|1
|turn|12
|
|t:|1776070555
|move|p1a: Serperior to you|Leaf Storm|p2a: Zamazenta
|-damage|p2a: Zamazenta|0 fnt
|-boost|p1a: Serperior to you|spa|2
|faint|p2a: Zamazenta
|
|win|a_cashew
|raw|a_cashew's rating: 1144 &rarr; <strong>1167</strong><br />(+23 for winning)
|raw|sergioaznar94's rating: 1111 &rarr; <strong>1088</strong><br />(-23 for losing)
|l| ohko_smeargle
|l|☆sergioaznar94
|player|p2|
|l|☆a_cashew
|player|p1|
