|html|<div class="broadcast-blue"><strong>[Gen 9] OU is currently suspecting Tera Blast! For information on how to participate check out the <a href="https://www.smogon.com/tools/suspects/view/200">suspect thread</a>.</strong></div>
|j|☆F0rtuna
|j|☆ElzaForte
|t:|1776089379
|gametype|singles
|player|p1|F0rtuna|1|1372
|player|p2|ElzaForte|idol|1317
|gen|9
|tier|[Gen 9] OU
|rated|
|rule|HP Percentage Mod: HP is shown in percentages
|rule|Endless Battle Clause: Forcing endless battles is banned
|rule|Species Clause: Limit one of each Pokémon
|rule|OHKO Clause: OHKO moves are banned
|rule|Evasion Items Clause: Evasion items are banned
|rule|Evasion Moves Clause: Evasion moves are banned
|rule|Evasion Abilities Clause: Evasion abilities are banned
|rule|Sleep Moves Clause: Sleep-inducing moves are banned
|clearpoke
|poke|p1|Hydrapple, M|
|poke|p1|Tyranitar, F|
|poke|p1|Moltres|
|poke|p1|Zamazenta-*|
|poke|p1|Slowking-Galar, M|
|poke|p1|Excadrill, F|
|poke|p2|Sceptile, M|
|poke|p2|Deoxys-Speed|
|poke|p2|Ceruledge, M|
|poke|p2|Glimmora, F|
|poke|p2|Raging Bolt|
|poke|p2|Dragonite, M|
|teampreview
|inactive|Battle timer is ON: inactive players will automatically lose when time's up. (requested by ElzaForte)
|
|t:|1776089389
|teamsize|p1|6
|teamsize|p2|6
|start
|switch|p1a: Tyranitar|Tyranitar, F|100/100
|switch|p2a: Deoxys|Deoxys-Speed|100/100
|-ability|p2a: Deoxys|Pressure
|-weather|Sandstorm|[from] ability: Sand Stream|[of] p1a: Tyranitar
|turn|1
|inactive|F0rtuna has 120 seconds left.
|
|t:|1776089432
|move|p2a: Deoxys|Reflect|p2a: Deoxys
|-sidestart|p2: ElzaForte|Reflect
|move|p1a: Tyranitar|Knock Off|p2a: Deoxys
|-supereffective|p2a: Deoxys
|-damage|p2a: Deoxys|49/100
|-enditem|p2a: Deoxys|Light Clay|[from] move: Knock Off|[of] p1a: Tyranitar
|
|-weather|Sandstorm|[upkeep]
|-damage|p2a: Deoxys|43/100|[from] Sandstorm
|upkeep
|turn|2
|
|t:|1776089442
|switch|p2a: Glimmora|Glimmora, F|100/100
|move|p1a: Tyranitar|Stealth Rock|p2a: Glimmora
|-sidestart|p2: ElzaForte|move: Stealth Rock
|
|-weather|Sandstorm|[upkeep]
|upkeep
|turn|3
|inactive|F0rtuna has 120 seconds left.
|
|t:|1776089448
|move|p2a: Glimmora|Mortal Spin|p1a: Tyranitar
|-resisted|p1a: Tyranitar
|-crit|p1a: Tyranitar
|-damage|p1a: Tyranitar|97/100
|-status|p1a: Tyranitar|psn
|-sideend|p2: ElzaForte|Stealth Rock|[from] move: Mortal Spin|[of] p2a: Glimmora
|move|p1a: Tyranitar|Knock Off|p2a: Glimmora
|-damage|p2a: Glimmora|76/100
|-activate|p2a: Glimmora|ability: Toxic Debris
|-sidestart|p1: F0rtuna|move: Toxic Spikes
|-enditem|p2a: Glimmora|Power Herb|[from] move: Knock Off|[of] p1a: Tyranitar
|
|-weather|Sandstorm|[upkeep]
|-damage|p1a: Tyranitar|84/100 psn|[from] psn
|upkeep
|turn|4
|inactive|F0rtuna has 120 seconds left.
|
|t:|1776089463
|move|p2a: Glimmora|Stealth Rock|p1a: Tyranitar
|-sidestart|p1: F0rtuna|move: Stealth Rock
|move|p1a: Tyranitar|Stealth Rock|p2a: Glimmora
|-sidestart|p2: ElzaForte|move: Stealth Rock
|
|-weather|Sandstorm|[upkeep]
|-damage|p1a: Tyranitar|72/100 psn|[from] psn
|upkeep
|turn|5
|
|t:|1776089467
|switch|p1a: Excadrill|Excadrill, F|100/100
|-damage|p1a: Excadrill|97/100|[from] Stealth Rock
|-item|p1a: Excadrill|Air Balloon
|move|p2a: Glimmora|Stealth Rock||[still]
|-fail|p2a: Glimmora
|
|-weather|Sandstorm|[upkeep]
|upkeep
|turn|6
|
|t:|1776089474
|switch|p2a: Ceruledge|Ceruledge, M|100/100
|-damage|p2a: Ceruledge|76/100|[from] Stealth Rock
|move|p1a: Excadrill|Earthquake|p2a: Ceruledge
|-supereffective|p2a: Ceruledge
|-damage|p2a: Ceruledge|0 fnt
|faint|p2a: Ceruledge
|
|-weather|Sandstorm|[upkeep]
|upkeep
|
|t:|1776089485
|switch|p2a: Sceptile|Sceptile, M|100/100
|-damage|p2a: Sceptile|88/100|[from] Stealth Rock
|turn|7
|inactive|F0rtuna has 120 seconds left.
|
|t:|1776089511
|move|p1a: Excadrill|Rapid Spin|p2a: Sceptile
|-damage|p2a: Sceptile|69/100
|-boost|p1a: Excadrill|spe|1
|-sideend|p1: F0rtuna|Toxic Spikes|[from] move: Rapid Spin|[of] p1a: Excadrill
|-sideend|p1: F0rtuna|Stealth Rock|[from] move: Rapid Spin|[of] p1a: Excadrill
|move|p2a: Sceptile|Roar|p1a: Excadrill
|-enditem|p2a: Sceptile|Throat Spray
|-boost|p2a: Sceptile|spa|1|[from] item: Throat Spray
|drag|p1a: Zamazenta|Zamazenta|100/100
|-ability|p1a: Zamazenta|Dauntless Shield|boost
|-boost|p1a: Zamazenta|def|1
|
|-weather|Sandstorm|[upkeep]
|-damage|p2a: Sceptile|63/100|[from] Sandstorm
|-damage|p1a: Zamazenta|94/100|[from] Sandstorm
|-heal|p1a: Zamazenta|100/100|[from] item: Leftovers
|upkeep
|turn|8
|inactive|F0rtuna has 120 seconds left.
|
|t:|1776089529
|switch|p1a: Moltres|Moltres|100/100
|move|p2a: Sceptile|Giga Drain|p1a: Moltres
|-resisted|p1a: Moltres
|-damage|p1a: Moltres|87/100
|-heal|p2a: Sceptile|72/100|[from] drain|[of] p1a: Moltres
|
|-weather|none
|-sideend|p2: ElzaForte|Reflect
|upkeep
|turn|9
|inactive|F0rtuna has 120 seconds left.
|
|t:|1776089537
|move|p2a: Sceptile|Dragon Pulse|p1a: Moltres
|-damage|p1a: Moltres|43/100
|move|p1a: Moltres|Roar|p2a: Sceptile
|drag|p2a: Dragonite|Dragonite, M|100/100
|
|upkeep
|turn|10
|
|t:|1776089544
|switch|p1a: Tyranitar|Tyranitar, F|72/100 psn
|-weather|Sandstorm|[from] ability: Sand Stream|[of] p1a: Tyranitar
|move|p2a: Dragonite|Encore||[still]
|-fail|p2a: Dragonite
|
|-weather|Sandstorm|[upkeep]
|-damage|p2a: Dragonite|94/100|[from] Sandstorm
|-damage|p1a: Tyranitar|60/100 psn|[from] psn
|upkeep
|turn|11
|
|t:|1776089550
|move|p2a: Dragonite|Dragon Dance|p2a: Dragonite
|-boost|p2a: Dragonite|atk|1
|-boost|p2a: Dragonite|spe|1
|move|p1a: Tyranitar|Knock Off|p2a: Dragonite
|-damage|p2a: Dragonite|44/100
|-enditem|p2a: Dragonite|Heavy-Duty Boots|[from] move: Knock Off|[of] p1a: Tyranitar
|
|-weather|Sandstorm|[upkeep]
|-damage|p2a: Dragonite|38/100|[from] Sandstorm
|-damage|p1a: Tyranitar|47/100 psn|[from] psn
|upkeep
|turn|12
|
|t:|1776089567
|move|p2a: Dragonite|Earthquake|p1a: Tyranitar
|-supereffective|p1a: Tyranitar
|-damage|p1a: Tyranitar|0 fnt
|faint|p1a: Tyranitar
|
|-weather|Sandstorm|[upkeep]
|-damage|p2a: Dragonite|31/100|[from] Sandstorm
|upkeep
|
|t:|1776089572
|switch|p1a: Excadrill|Excadrill, F|97/100
|-item|p1a: Excadrill|Air Balloon
|turn|13
|
|t:|1776089576
|move|p1a: Excadrill|Iron Head|p2a: Dragonite
|-damage|p2a: Dragonite|0 fnt
|faint|p2a: Dragonite
|
|-weather|Sandstorm|[upkeep]
|upkeep
|
|t:|1776089581
|switch|p2a: Sceptile|Sceptile, M|72/100
|-damage|p2a: Sceptile|60/100|[from] Stealth Rock
|turn|14
|
|t:|1776089609
|move|p1a: Excadrill|Iron Head|p2a: Sceptile
|-damage|p2a: Sceptile|0 fnt
|faint|p2a: Sceptile
|
|-weather|Sandstorm|[upkeep]
|upkeep
|-message|ElzaForte forfeited.
|
|win|F0rtuna
|raw|F0rtuna's rating: 1372 &rarr; <strong>1389</strong><br />(+17 for winning)
|raw|ElzaForte's rating: 1317 &rarr; <strong>1300</strong><br />(-17 for losing)
|l|☆ElzaForte
|player|p2|
|l|☆F0rtuna
|player|p1|
