|html|<div class="broadcast-blue"><strong>[Gen 9] OU is currently suspecting Tera Blast! For information on how to participate check out the <a href="https://www.smogon.com/tools/suspects/view/200">suspect thread</a>.</strong></div>
|j|☆swiggler
|j|☆pepinoloko
|t:|1776088491
|gametype|singles
|player|p1|swiggler|bugcatcher-gen4dp|1708
|player|p2|pepinoloko|byron|1718
|gen|9
|tier|[Gen 9] OU
|rated|
|rule|HP Percentage Mod: HP is shown in percentages
|rule|Endless Battle Clause: Forcing endless battles is banned
|rule|Species Clause: Limit one of each Pokémon
|rule|OHKO Clause: OHKO moves are banned
|rule|Evasion Items Clause: Evasion items are banned
|rule|Evasion Moves Clause: Evasion moves are banned
|rule|Evasion Abilities Clause: Evasion abilities are banned
|rule|Sleep Moves Clause: Sleep-inducing moves are banned
|clearpoke
|poke|p1|Ninetales, F|
|poke|p1|Cresselia, F|
|poke|p1|Raging Bolt|
|poke|p1|Iron Moth|
|poke|p1|Great Tusk|
|poke|p1|Walking Wake|
|poke|p2|Salazzle, F|
|poke|p2|Zoroark-Hisui, M|
|poke|p2|Iron Treads|
|poke|p2|Lokix, F|
|poke|p2|Primarina, M|
|poke|p2|Hydrapple, F|
|teampreview
|j| ohko_smeargle
|inactive|Battle timer is ON: inactive players will automatically lose when time's up. (requested by swiggler)
|
|t:|1776088505
|teamsize|p1|6
|teamsize|p2|6
|start
|switch|p1a: Ninetales|Ninetales, F|100/100
|switch|p2a: Forgive|Salazzle, F|100/100
|-weather|SunnyDay|[from] ability: Drought|[of] p1a: Ninetales
|turn|1
|
|t:|1776088519
|switch|p1a: Cresselia|Cresselia, F|100/100
|move|p2a: Forgive|Toxic|p1a: Cresselia
|-status|p1a: Cresselia|tox
|
|-weather|SunnyDay|[upkeep]
|-damage|p1a: Cresselia|94/100 tox|[from] psn
|upkeep
|turn|2
|
|t:|1776088528
|switch|p1a: Walking Wake|Walking Wake|100/100
|-activate|p1a: Walking Wake|ability: Protosynthesis
|-start|p1a: Walking Wake|protosynthesisspa
|move|p2a: Forgive|Substitute|p2a: Forgive
|-start|p2a: Forgive|Substitute
|-damage|p2a: Forgive|76/100
|
|-weather|SunnyDay|[upkeep]
|-heal|p2a: Forgive|82/100|[from] item: Leftovers
|upkeep
|turn|3
|
|t:|1776088534
|move|p2a: Forgive|Toxic|p1a: Walking Wake
|-status|p1a: Walking Wake|tox
|move|p1a: Walking Wake|Hydro Steam|p2a: Forgive
|-supereffective|p2a: Forgive
|-end|p2a: Forgive|Substitute
|
|-weather|SunnyDay|[upkeep]
|-heal|p2a: Forgive|88/100|[from] item: Leftovers
|-damage|p1a: Walking Wake|94/100 tox|[from] psn
|upkeep
|turn|4
|
|t:|1776088540
|-end|p1a: Walking Wake|Protosynthesis|[silent]
|switch|p1a: Iron Moth|Iron Moth|100/100
|-enditem|p1a: Iron Moth|Booster Energy
|-activate|p1a: Iron Moth|ability: Quark Drive|[fromitem]
|-start|p1a: Iron Moth|quarkdrivespe
|move|p2a: Forgive|Substitute|p2a: Forgive
|-start|p2a: Forgive|Substitute
|-damage|p2a: Forgive|63/100
|
|-weather|SunnyDay|[upkeep]
|-heal|p2a: Forgive|70/100|[from] item: Leftovers
|upkeep
|turn|5
|
|t:|1776088543
|move|p1a: Iron Moth|Fiery Dance|p2a: Forgive
|-resisted|p2a: Forgive
|-end|p2a: Forgive|Substitute
|-boost|p1a: Iron Moth|spa|1
|move|p2a: Forgive|Toxic|p1a: Iron Moth
|-status|p1a: Iron Moth|tox
|
|-weather|SunnyDay|[upkeep]
|-heal|p2a: Forgive|76/100|[from] item: Leftovers
|-damage|p1a: Iron Moth|94/100 tox|[from] psn
|upkeep
|turn|6
|
|t:|1776088547
|switch|p2a: Grace still is|Primarina, M|100/100
|move|p1a: Iron Moth|Fiery Dance|p2a: Grace still is
|-resisted|p2a: Grace still is
|-damage|p2a: Grace still is|77/100
|-boost|p1a: Iron Moth|spa|1
|
|-weather|SunnyDay|[upkeep]
|-damage|p1a: Iron Moth|82/100 tox|[from] psn
|upkeep
|turn|7
|
|t:|1776088550
|move|p1a: Iron Moth|Sludge Wave|p2a: Grace still is
|-supereffective|p2a: Grace still is
|-damage|p2a: Grace still is|0 fnt
|faint|p2a: Grace still is
|
|-weather|SunnyDay|[upkeep]
|-damage|p1a: Iron Moth|64/100 tox|[from] psn
|upkeep
|
|t:|1776088566
|switch|p2a: Forgive|Salazzle, F|76/100
|turn|8
|
|t:|1776088576
|move|p1a: Iron Moth|Fiery Dance|p2a: Forgive
|-resisted|p2a: Forgive
|-damage|p2a: Forgive|0 fnt
|-boost|p1a: Iron Moth|spa|1
|faint|p2a: Forgive
|
|-weather|none
|-damage|p1a: Iron Moth|39/100 tox|[from] psn
|upkeep
|
|t:|1776088580
|switch|p2a: Repent|Lokix, F|100/100
|turn|9
|
|t:|1776088584
|-end|p1a: Iron Moth|Quark Drive|[silent]
|switch|p1a: Great Tusk|Great Tusk|100/100
|move|p2a: Repent|First Impression|p1a: Great Tusk
|-resisted|p1a: Great Tusk
|-damage|p1a: Great Tusk|66/100
|-damage|p2a: Repent|84/100|[from] item: Rocky Helmet|[of] p1a: Great Tusk
|-damage|p2a: Repent|74/100|[from] item: Life Orb
|
|upkeep
|turn|10
|
|t:|1776088589
|switch|p2a: He loves you|Hydrapple, F|100/100
|move|p1a: Great Tusk|Stealth Rock|p2a: He loves you
|-sidestart|p2: pepinoloko|move: Stealth Rock
|
|upkeep
|turn|11
|
|t:|1776088594
|-end|p1a: Great Tusk|Protosynthesis|[silent]
|switch|p1a: Walking Wake|Walking Wake|94/100 tox
|move|p2a: He loves you|Earth Power|p1a: Walking Wake
|-damage|p1a: Walking Wake|68/100 tox
|
|-damage|p1a: Walking Wake|62/100 tox|[from] psn
|upkeep
|turn|12
|
|t:|1776088600
|switch|p2a: Jesus is the way|Iron Treads|100/100
|-damage|p2a: Jesus is the way|97/100|[from] Stealth Rock
|move|p1a: Walking Wake|Draco Meteor|p2a: Jesus is the way|[miss]
|-miss|p1a: Walking Wake|p2a: Jesus is the way
|
|-heal|p2a: Jesus is the way|100/100|[from] item: Leftovers
|-damage|p1a: Walking Wake|49/100 tox|[from] psn
|upkeep
|turn|13
|
|t:|1776088607
|-end|p1a: Walking Wake|Protosynthesis|[silent]
|switch|p1a: Great Tusk|Great Tusk|66/100
|-terastallize|p2a: Jesus is the way|Ghost
|move|p2a: Jesus is the way|Rapid Spin|p1a: Great Tusk
|-damage|p1a: Great Tusk|56/100
|-boost|p2a: Jesus is the way|spe|1
|-damage|p2a: Jesus is the way|84/100|[from] item: Rocky Helmet|[of] p1a: Great Tusk
|-sideend|p2: pepinoloko|Stealth Rock|[from] move: Rapid Spin|[of] p2a: Jesus is the way
|
|-heal|p2a: Jesus is the way|90/100|[from] item: Leftovers
|upkeep
|turn|14
|
|t:|1776088611
|move|p2a: Jesus is the way|Stealth Rock|p1a: Great Tusk
|-sidestart|p1: swiggler|move: Stealth Rock
|move|p1a: Great Tusk|Stealth Rock|p2a: Jesus is the way
|-sidestart|p2: pepinoloko|move: Stealth Rock
|
|-heal|p2a: Jesus is the way|96/100|[from] item: Leftovers
|upkeep
|turn|15
|
|t:|1776088627
|-end|p1a: Great Tusk|Protosynthesis|[silent]
|switch|p1a: Cresselia|Cresselia, F|94/100 tox
|-damage|p1a: Cresselia|82/100 tox|[from] Stealth Rock
|move|p2a: Jesus is the way|Ice Spinner|p1a: Cresselia
|-damage|p1a: Cresselia|70/100 tox
|-enditem|p1a: Cresselia|Eject Button
|
|t:|1776088632
|switch|p1a: Great Tusk|Great Tusk|56/100
|-damage|p1a: Great Tusk|53/100|[from] Stealth Rock
|
|-heal|p2a: Jesus is the way|100/100|[from] item: Leftovers
|upkeep
|turn|16
|
|t:|1776088636
|-end|p1a: Great Tusk|Protosynthesis|[silent]
|switch|p1a: Cresselia|Cresselia, F|70/100 tox
|-damage|p1a: Cresselia|57/100 tox|[from] Stealth Rock
|move|p2a: Jesus is the way|Rapid Spin|p1a: Cresselia
|-damage|p1a: Cresselia|50/100 tox
|-boost|p2a: Jesus is the way|spe|1
|-sideend|p2: pepinoloko|Stealth Rock|[from] move: Rapid Spin|[of] p2a: Jesus is the way
|
|-damage|p1a: Cresselia|44/100 tox|[from] psn
|upkeep
|turn|17
|
|t:|1776088642
|move|p2a: Jesus is the way|Ice Spinner|p1a: Cresselia
|-crit|p1a: Cresselia
|-damage|p1a: Cresselia|27/100 tox
|move|p1a: Cresselia|Lunar Dance|p1a: Cresselia
|faint|p1a: Cresselia
|
|upkeep
|
|t:|1776088646
|switch|p1a: Walking Wake|Walking Wake|49/100 tox
|-heal|p1a: Walking Wake|100/100|[from] move: Lunar Dance
|-damage|p1a: Walking Wake|88/100|[from] Stealth Rock
|turn|18
|
|t:|1776088655
|move|p2a: Jesus is the way|Earthquake|p1a: Walking Wake
|-damage|p1a: Walking Wake|47/100
|move|p1a: Walking Wake|Draco Meteor|p2a: Jesus is the way
|-damage|p2a: Jesus is the way|0 fnt
|-unboost|p1a: Walking Wake|spa|2
|faint|p2a: Jesus is the way
|-end|p2a: Jesus is the way|Quark Drive|[silent]
|
|upkeep
|
|t:|1776088657
|switch|p2a: Repent|Lokix, F|100/100
|turn|19
|
|t:|1776088666
|-end|p1a: Walking Wake|Protosynthesis|[silent]
|switch|p1a: Great Tusk|Great Tusk|53/100
|-damage|p1a: Great Tusk|50/100|[from] Stealth Rock
|move|p2a: Repent|Hyper Voice|p1a: Great Tusk
|-damage|p1a: Great Tusk|0 fnt
|faint|p1a: Great Tusk
|-end|p1a: Great Tusk|Protosynthesis|[silent]
|
|upkeep
|
|t:|1776088687
|switch|p1a: Raging Bolt|Raging Bolt|100/100
|-damage|p1a: Raging Bolt|88/100|[from] Stealth Rock
|turn|20
|
|t:|1776088691
|move|p2a: Repent|Hyper Voice|p1a: Raging Bolt
|-damage|p1a: Raging Bolt|20/100
|move|p1a: Raging Bolt|Dragon Pulse|p2a: Repent
|-damage|p2a: Repent|0 fnt
|replace|p2a: The end is nigh|Zoroark-Hisui, M
|-end|p2a: The end is nigh|Illusion
|faint|p2a: The end is nigh
|-damage|p1a: Raging Bolt|10/100|[from] item: Life Orb
|
|upkeep
|
|t:|1776088695
|switch|p2a: Repent|Lokix, F|74/100
|turn|21
|
|t:|1776088706
|move|p2a: Repent|First Impression|p1a: Raging Bolt
|-damage|p1a: Raging Bolt|0 fnt
|faint|p1a: Raging Bolt
|-end|p1a: Raging Bolt|Protosynthesis|[silent]
|-damage|p2a: Repent|64/100|[from] item: Life Orb
|
|upkeep
|
|t:|1776088709
|switch|p1a: Walking Wake|Walking Wake|47/100
|-damage|p1a: Walking Wake|34/100|[from] Stealth Rock
|turn|22
|
|t:|1776088712
|move|p2a: Repent|Sucker Punch|p1a: Walking Wake
|-damage|p1a: Walking Wake|0 fnt
|faint|p1a: Walking Wake
|-end|p1a: Walking Wake|Protosynthesis|[silent]
|-damage|p2a: Repent|54/100|[from] item: Life Orb
|
|upkeep
|
|t:|1776088718
|switch|p1a: Ninetales|Ninetales, F|100/100
|-damage|p1a: Ninetales|76/100|[from] Stealth Rock
|-weather|SunnyDay|[from] ability: Drought|[of] p1a: Ninetales
|turn|23
|
|t:|1776088721
|switch|p2a: He loves you|Hydrapple, F|100/100
|move|p1a: Ninetales|Encore||[still]
|-fail|p1a: Ninetales
|
|-weather|SunnyDay|[upkeep]
|upkeep
|turn|24
|
|t:|1776088727
|move|p1a: Ninetales|Overheat|p2a: He loves you
|-damage|p2a: He loves you|43/100
|-unboost|p1a: Ninetales|spa|2
|move|p2a: He loves you|Earth Power|p1a: Ninetales
|-supereffective|p1a: Ninetales
|-damage|p1a: Ninetales|30/100
|
|-weather|SunnyDay|[upkeep]
|upkeep
|turn|25
|
|t:|1776088732
|move|p1a: Ninetales|Healing Wish|p1a: Ninetales
|faint|p1a: Ninetales
|move|p2a: He loves you|Earth Power|p1: Ninetales|[notarget]
|-fail|p2a: He loves you
|
|-weather|SunnyDay|[upkeep]
|upkeep
|
|t:|1776088735
|switch|p1a: Iron Moth|Iron Moth|39/100 tox
|-heal|p1a: Iron Moth|100/100|[from] move: Healing Wish
|-damage|p1a: Iron Moth|76/100|[from] Stealth Rock
|turn|26
|
|t:|1776088742
|move|p1a: Iron Moth|Fiery Dance|p2a: He loves you
|-damage|p2a: He loves you|0 fnt
|-boost|p1a: Iron Moth|spa|1
|faint|p2a: He loves you
|
|-weather|SunnyDay|[upkeep]
|upkeep
|
|t:|1776088745
|switch|p2a: Repent|Lokix, F|54/100
|turn|27
|
|t:|1776088749
|move|p2a: Repent|First Impression|p1a: Iron Moth
|-resisted|p1a: Iron Moth
|-damage|p1a: Iron Moth|37/100
|-damage|p2a: Repent|44/100|[from] item: Life Orb
|move|p1a: Iron Moth|Fiery Dance|p2a: Repent
|-supereffective|p2a: Repent
|-damage|p2a: Repent|0 fnt
|faint|p2a: Repent
|
|win|swiggler
|raw|swiggler's rating: 1708 &rarr; <strong>1729</strong><br />(+21 for winning)
|raw|pepinoloko's rating: 1718 &rarr; <strong>1697</strong><br />(-21 for losing)
|l| ohko_smeargle
|l|☆swiggler
|player|p1|
|l|☆pepinoloko
|player|p2|
