|html|<div class="broadcast-blue"><strong>[Gen 9] OU is currently suspecting Tera Blast! For information on how to participate check out the <a href="https://www.smogon.com/tools/suspects/view/200">suspect thread</a>.</strong></div>
|badge|p1|bronze|gen9ou|100-9
|uhtml|medal-msg|<div class="broadcast-blue">Curious what those medals under the avatar are? PS now has Ladder Seasons! For more information, check out the <a href="https://www.smogon.com/forums/threads/3740067/">thread on Smogon.</a></div>
|badge|p2|bronze|gen9ou|100-9
|uhtml|medal-msg|<div class="broadcast-blue">Curious what those medals under the avatar are? PS now has Ladder Seasons! For more information, check out the <a href="https://www.smogon.com/forums/threads/3740067/">thread on Smogon.</a></div>
|j|☆OUTB Sketch
|j|‽LT_Alt1
|t:|1776321920
|gametype|singles
|player|p1|OUTB Sketch|red-gen2|1917
|player|p2|LT_Alt1|2|1883
|gen|9
|tier|[Gen 9] OU
|rated|
|rule|HP Percentage Mod: HP is shown in percentages
|rule|Endless Battle Clause: Forcing endless battles is banned
|rule|Species Clause: Limit one of each Pokémon
|rule|OHKO Clause: OHKO moves are banned
|rule|Evasion Items Clause: Evasion items are banned
|rule|Evasion Moves Clause: Evasion moves are banned
|rule|Evasion Abilities Clause: Evasion abilities are banned
|rule|Sleep Moves Clause: Sleep-inducing moves are banned
|clearpoke
|poke|p1|Ribombee, F|
|poke|p1|Lokix, M|
|poke|p1|Great Tusk|
|poke|p1|Raging Bolt|
|poke|p1|Gholdengo|
|poke|p1|Iron Moth|
|poke|p2|Garganacl, F|
|poke|p2|Slowking-Galar, F|
|poke|p2|Kyurem|
|poke|p2|Weezing-Galar, F|
|poke|p2|Moltres|
|poke|p2|Iron Treads|
|teampreview
|inactive|Battle timer is ON: inactive players will automatically lose when time's up. (requested by OUTB Sketch)
|
|t:|1776321927
|teamsize|p1|6
|teamsize|p2|6
|start
|switch|p1a: Ribombee|Ribombee, F|100/100
|switch|p2a: Slowking|Slowking-Galar, F|100/100
|turn|1
|
|t:|1776321929
|move|p1a: Ribombee|Sticky Web|p2a: Slowking
|-sidestart|p2: LT_Alt1|move: Sticky Web
|move|p2a: Slowking|Sludge Bomb|p1a: Ribombee
|-supereffective|p1a: Ribombee
|-enditem|p1a: Ribombee|Focus Sash
|-damage|p1a: Ribombee|1/100
|
|upkeep
|turn|2
|
|t:|1776321936
|move|p1a: Ribombee|Stun Spore|p2a: Slowking
|-status|p2a: Slowking|par
|move|p2a: Slowking|Future Sight|p1a: Ribombee
|-start|p2a: Slowking|move: Future Sight
|
|upkeep
|turn|3
|
|t:|1776321942
|move|p1a: Ribombee|Moonblast|p2a: Slowking
|-resisted|p2a: Slowking
|-damage|p2a: Slowking|88/100 par
|-prepare|p2a: Slowking|Chilly Reception|[premajor]
|move|p2a: Slowking|Chilly Reception|p2a: Slowking
|-weather|Snowscape
|
|t:|1776321948
|switch|p2a: Weezing|Weezing-Galar, F|100/100|[from] Chilly Reception
|-ability|p2a: Weezing|Neutralizing Gas
|-activate|p2a: Weezing|move: Sticky Web
|-unboost|p2a: Weezing|spe|1
|
|-weather|Snowscape|[upkeep]
|upkeep
|turn|4
|
|t:|1776321957
|move|p1a: Ribombee|Stun Spore|p2a: Weezing
|-status|p2a: Weezing|par
|move|p2a: Weezing|Defog|p1a: Ribombee
|-unboost|p1a: Ribombee|evasion|1
|-sideend|p2: LT_Alt1|Sticky Web|[from] move: Defog|[of] p2a: Weezing
|
|-weather|Snowscape|[upkeep]
|-end|p1a: Ribombee|move: Future Sight
|-damage|p1a: Ribombee|0 fnt
|faint|p1a: Ribombee
|upkeep
|
|t:|1776321967
|switch|p1a: Iron Moth|Iron Moth|100/100
|turn|5
|inactive|LT_Alt1 has 120 seconds left.
|
|t:|1776322000
|-end|p2a: Weezing|ability: Neutralizing Gas
|switch|p2a: Garganacl|Garganacl, F|100/100
|-enditem|p1a: Iron Moth|Booster Energy
|-activate|p1a: Iron Moth|ability: Quark Drive|[fromitem]
|-start|p1a: Iron Moth|quarkdrivespa
|move|p1a: Iron Moth|Fiery Dance|p2a: Garganacl
|-resisted|p2a: Garganacl
|-damage|p2a: Garganacl|79/100
|
|-weather|Snowscape|[upkeep]
|-heal|p2a: Garganacl|86/100|[from] item: Leftovers
|upkeep
|turn|6
|
|t:|1776322007
|switch|p2a: Slowking|Slowking-Galar, F|100/100 par
|move|p1a: Iron Moth|Energy Ball|p2a: Slowking
|-resisted|p2a: Slowking
|-damage|p2a: Slowking|88/100 par
|
|-weather|Snowscape|[upkeep]
|upkeep
|turn|7
|
|t:|1776322009
|move|p1a: Iron Moth|Fiery Dance|p2a: Slowking
|-damage|p2a: Slowking|55/100 par
|cant|p2a: Slowking|par
|
|-weather|none
|upkeep
|turn|8
|
|t:|1776322014
|move|p1a: Iron Moth|Fiery Dance|p2a: Slowking
|-damage|p2a: Slowking|23/100 par
|cant|p2a: Slowking|par
|
|upkeep
|turn|9
|
|t:|1776322023
|move|p1a: Iron Moth|Fiery Dance|p2a: Slowking
|-damage|p2a: Slowking|0 fnt
|-boost|p1a: Iron Moth|spa|1
|faint|p2a: Slowking
|
|upkeep
|
|t:|1776322027
|switch|p2a: Kyurem|Kyurem|100/100
|-ability|p2a: Kyurem|Pressure
|turn|10
|
|t:|1776322040
|-terastallize|p1a: Iron Moth|Fairy
|-terastallize|p2a: Kyurem|Ice
|move|p1a: Iron Moth|Dazzling Gleam|p2a: Kyurem
|-damage|p2a: Kyurem|12/100
|move|p2a: Kyurem|Scale Shot|p1a: Iron Moth
|-immune|p1a: Iron Moth
|
|upkeep
|turn|11
|-message|LT_Alt1 forfeited.
|
|win|OUTB Sketch
|raw|OUTB Sketch's rating: 1917 &rarr; <strong>1935</strong><br />(+18 for winning)
|raw|LT_Alt1's rating: 1883 &rarr; <strong>1865</strong><br />(-18 for losing)
|l|‽LT_Alt1
|player|p2|
