|html|<div class="broadcast-blue"><strong>[Gen 9] OU is currently suspecting Tera Blast! For information on how to participate check out the <a href="https://www.smogon.com/tools/suspects/view/200">suspect thread</a>.</strong></div>
|j|☆potato9832
|j|☆trill03
|t:|1776097917
|gametype|singles
|player|p1|potato9832|pokemonranger-gen4|1217
|player|p2|trill03|hugh|1178
|gen|9
|tier|[Gen 9] OU
|rated|
|rule|HP Percentage Mod: HP is shown in percentages
|rule|Endless Battle Clause: Forcing endless battles is banned
|rule|Species Clause: Limit one of each Pokémon
|rule|OHKO Clause: OHKO moves are banned
|rule|Evasion Items Clause: Evasion items are banned
|rule|Evasion Moves Clause: Evasion moves are banned
|rule|Evasion Abilities Clause: Evasion abilities are banned
|rule|Sleep Moves Clause: Sleep-inducing moves are banned
|clearpoke
|poke|p1|Chandelure, M|
|poke|p1|Araquanid, F|
|poke|p1|Frosmoth, F|
|poke|p1|Kommo-o, M|
|poke|p1|Tatsugiri-Droopy, F|
|poke|p1|Goodra-Hisui, F|
|poke|p2|Zoroark-Hisui, M|
|poke|p2|Golem-Alola, M|
|poke|p2|Talonflame, M|
|poke|p2|Politoed, M|
|poke|p2|Scizor, M|
|poke|p2|Dragapult, M|
|teampreview
|inactive|Battle timer is ON: inactive players will automatically lose when time's up. (requested by trill03)
|
|t:|1776097929
|teamsize|p1|6
|teamsize|p2|6
|start
|switch|p1a: Chandelure|Chandelure, M, shiny|100/100
|switch|p2a: Golem|Golem-Alola, M, shiny|100/100
|turn|1
|
|t:|1776097940
|move|p1a: Chandelure|Shadow Ball|p2a: Golem
|-damage|p2a: Golem|18/100
|-unboost|p2a: Golem|spd|1
|-damage|p1a: Chandelure|91/100|[from] item: Life Orb
|move|p2a: Golem|Stealth Rock|p1a: Chandelure
|-sidestart|p1: potato9832|move: Stealth Rock
|
|upkeep
|turn|2
|-enditem|p2a: Golem|Custap Berry|[eat]
|-activate|p2a: Golem|item: Custap Berry|[consumed]
|
|t:|1776097949
|move|p2a: Golem|Stone Edge|p1a: Chandelure|[miss]
|-miss|p2a: Golem|p1a: Chandelure
|move|p1a: Chandelure|Shadow Ball|p2a: Golem
|-damage|p2a: Golem|0 fnt
|faint|p2a: Golem
|-damage|p1a: Chandelure|81/100|[from] item: Life Orb
|
|upkeep
|
|t:|1776097957
|switch|p2a: Dragapult|Dragapult, M, shiny|100/100
|turn|3
|
|t:|1776097962
|move|p2a: Dragapult|Shadow Ball|p1a: Chandelure
|-supereffective|p1a: Chandelure
|-damage|p1a: Chandelure|0 fnt
|faint|p1a: Chandelure
|
|upkeep
|
|t:|1776097965
|switch|p1a: Tatsugiri|Tatsugiri-Droopy, F, shiny|100/100
|-damage|p1a: Tatsugiri|88/100|[from] Stealth Rock
|turn|4
|
|t:|1776097972
|move|p2a: Dragapult|Shadow Ball|p1a: Tatsugiri
|-damage|p1a: Tatsugiri|48/100
|-unboost|p1a: Tatsugiri|spd|1
|move|p1a: Tatsugiri|Mirror Coat|p2a: Dragapult
|-damage|p2a: Dragapult|0 fnt
|replace|p2a: Zoroark|Zoroark-Hisui, M, shiny
|-end|p2a: Zoroark|Illusion
|faint|p2a: Zoroark
|
|upkeep
|
|t:|1776097980
|switch|p2a: Scizor|Scizor, M, shiny|100/100
|turn|5
|
|t:|1776097984
|move|p1a: Tatsugiri|Rapid Spin|p2a: Scizor
|-resisted|p2a: Scizor
|-damage|p2a: Scizor|97/100
|-boost|p1a: Tatsugiri|spe|1
|-sideend|p1: potato9832|Stealth Rock|[from] move: Rapid Spin|[of] p1a: Tatsugiri
|move|p2a: Scizor|Swords Dance|p2a: Scizor
|-boost|p2a: Scizor|atk|2
|
|upkeep
|turn|6
|
|t:|1776097989
|move|p1a: Tatsugiri|Taunt|p2a: Scizor
|-start|p2a: Scizor|move: Taunt
|move|p2a: Scizor|Bug Bite|p1a: Tatsugiri
|-damage|p1a: Tatsugiri|0 fnt
|faint|p1a: Tatsugiri
|-damage|p2a: Scizor|87/100|[from] item: Life Orb
|
|upkeep
|
|t:|1776097999
|switch|p1a: Kommo-o|Kommo-o, M, shiny|100/100
|turn|7
|
|t:|1776098006
|-terastallize|p1a: Kommo-o|Steel
|move|p2a: Scizor|Bullet Punch|p1a: Kommo-o
|-resisted|p1a: Kommo-o
|-damage|p1a: Kommo-o|55/100
|-damage|p2a: Scizor|77/100|[from] item: Life Orb
|move|p1a: Kommo-o|Clangorous Soul|p1a: Kommo-o
|-boost|p1a: Kommo-o|atk|1
|-boost|p1a: Kommo-o|def|1
|-boost|p1a: Kommo-o|spa|1
|-boost|p1a: Kommo-o|spd|1
|-boost|p1a: Kommo-o|spe|1
|-damage|p1a: Kommo-o|22/100
|
|-heal|p1a: Kommo-o|28/100|[from] item: Leftovers
|upkeep
|turn|8
|
|t:|1776098019
|move|p1a: Kommo-o|Aura Sphere|p2a: Scizor
|-damage|p2a: Scizor|18/100
|move|p2a: Scizor|Knock Off|p1a: Kommo-o
|-damage|p1a: Kommo-o|0 fnt
|-enditem|p1a: Kommo-o|Leftovers|[from] move: Knock Off|[of] p2a: Scizor
|faint|p1a: Kommo-o
|-damage|p2a: Scizor|8/100|[from] item: Life Orb
|
|-end|p2a: Scizor|move: Taunt
|upkeep
|
|t:|1776098026
|switch|p1a: Araquanid|Araquanid, F, shiny|100/100
|turn|9
|
|t:|1776098033
|move|p2a: Scizor|Bug Bite|p1a: Araquanid
|-damage|p1a: Araquanid|0 fnt
|faint|p1a: Araquanid
|-damage|p2a: Scizor|0 fnt|[from] item: Life Orb
|faint|p2a: Scizor
|
|upkeep
|
|t:|1776098042
|switch|p2a: Politoed|Politoed, M, shiny|100/100
|switch|p1a: Frosmoth|Frosmoth, F, shiny|100/100
|-weather|RainDance|[from] ability: Drizzle|[of] p2a: Politoed
|turn|10
|
|t:|1776098045
|move|p1a: Frosmoth|Quiver Dance|p1a: Frosmoth
|-boost|p1a: Frosmoth|spa|1
|-boost|p1a: Frosmoth|spd|1
|-boost|p1a: Frosmoth|spe|1
|move|p2a: Politoed|Perish Song|p2a: Politoed
|-start|p1a: Frosmoth|perish3|[silent]
|-start|p2a: Politoed|perish3|[silent]
|-fieldactivate|move: Perish Song
|
|-weather|RainDance|[upkeep]
|-start|p1a: Frosmoth|perish3
|-start|p2a: Politoed|perish3
|upkeep
|turn|11
|
|t:|1776098051
|move|p1a: Frosmoth|Giga Drain|p2a: Politoed
|-supereffective|p2a: Politoed
|-damage|p2a: Politoed|14/100
|move|p2a: Politoed|Weather Ball|p1a: Frosmoth
|-damage|p1a: Frosmoth|70/100
|
|-weather|RainDance|[upkeep]
|-heal|p1a: Frosmoth|76/100|[from] item: Leftovers
|-heal|p2a: Politoed|20/100|[from] item: Leftovers
|-start|p1a: Frosmoth|perish2
|-start|p2a: Politoed|perish2
|upkeep
|turn|12
|
|t:|1776098055
|move|p2a: Politoed|Protect|p2a: Politoed
|-singleturn|p2a: Politoed|Protect
|move|p1a: Frosmoth|Giga Drain|p2a: Politoed
|-activate|p2a: Politoed|move: Protect
|
|-weather|RainDance|[upkeep]
|-heal|p1a: Frosmoth|82/100|[from] item: Leftovers
|-heal|p2a: Politoed|27/100|[from] item: Leftovers
|-start|p1a: Frosmoth|perish1
|-start|p2a: Politoed|perish1
|upkeep
|turn|13
|
|t:|1776098061
|switch|p1a: Goodra|Goodra-Hisui, F, shiny|100/100
|move|p2a: Politoed|Weather Ball|p1a: Goodra
|-resisted|p1a: Goodra
|-damage|p1a: Goodra|80/100
|
|-weather|RainDance|[upkeep]
|-heal|p1a: Goodra|86/100|[from] item: Leftovers
|-heal|p2a: Politoed|33/100|[from] item: Leftovers
|-start|p2a: Politoed|perish0
|upkeep
|faint|p2a: Politoed
|
|t:|1776098066
|switch|p2a: Talonflame|Talonflame, M, shiny|100/100
|turn|14
|
|t:|1776098069
|move|p2a: Talonflame|Will-O-Wisp|p1a: Goodra
|-status|p1a: Goodra|brn
|move|p1a: Goodra|Acid Armor|p1a: Goodra
|-boost|p1a: Goodra|def|2
|
|-weather|none
|-heal|p1a: Goodra|92/100 brn|[from] item: Leftovers
|-damage|p1a: Goodra|86/100 brn|[from] brn
|upkeep
|turn|15
|
|t:|1776098076
|move|p2a: Talonflame|Taunt|p1a: Goodra
|-start|p1a: Goodra|move: Taunt
|cant|p1a: Goodra|move: Taunt|Acid Armor
|
|-heal|p1a: Goodra|92/100 brn|[from] item: Leftovers
|-damage|p1a: Goodra|86/100 brn|[from] brn
|upkeep
|turn|16
|
|t:|1776098086
|move|p2a: Talonflame|Flare Blitz|p1a: Goodra
|-crit|p1a: Goodra
|-damage|p1a: Goodra|42/100 brn
|-ability|p1a: Goodra|Gooey
|-unboost|p2a: Talonflame|spe|1
|-damage|p2a: Talonflame|83/100|[from] Recoil
|move|p1a: Goodra|Body Press|p2a: Talonflame
|-resisted|p2a: Talonflame
|-damage|p2a: Talonflame|67/100
|
|-heal|p1a: Goodra|48/100 brn|[from] item: Leftovers
|-damage|p1a: Goodra|42/100 brn|[from] brn
|upkeep
|turn|17
|
|t:|1776098095
|move|p2a: Talonflame|Flare Blitz|p1a: Goodra
|-damage|p1a: Goodra|24/100 brn
|-ability|p1a: Goodra|Gooey
|-unboost|p2a: Talonflame|spe|1
|-damage|p2a: Talonflame|60/100|[from] Recoil
|move|p1a: Goodra|Body Press|p2a: Talonflame
|-resisted|p2a: Talonflame
|-damage|p2a: Talonflame|44/100
|
|-heal|p1a: Goodra|30/100 brn|[from] item: Leftovers
|-damage|p1a: Goodra|24/100 brn|[from] brn
|-end|p1a: Goodra|move: Taunt
|upkeep
|turn|18
|
|t:|1776098100
|move|p2a: Talonflame|Flare Blitz|p1a: Goodra
|-damage|p1a: Goodra|8/100 brn
|-ability|p1a: Goodra|Gooey
|-unboost|p2a: Talonflame|spe|1
|-damage|p2a: Talonflame|37/100|[from] Recoil
|move|p1a: Goodra|Rest|p1a: Goodra
|-status|p1a: Goodra|slp|[from] move: Rest
|-heal|p1a: Goodra|100/100 slp|[silent]
|
|upkeep
|turn|19
|
|t:|1776098109
|cant|p1a: Goodra|slp
|move|p1a: Goodra|Sleep Talk|p1a: Goodra
|move|p1a: Goodra|Acid Armor|p1a: Goodra|[from] move: Sleep Talk
|-boost|p1a: Goodra|def|2
|move|p2a: Talonflame|Taunt|p1a: Goodra
|-start|p1a: Goodra|move: Taunt
|
|upkeep
|turn|20
|
|t:|1776098115
|switch|p2a: Dragapult|Dragapult, M, shiny|100/100
|cant|p1a: Goodra|slp
|
|upkeep
|turn|21
|
|t:|1776098135
|move|p2a: Dragapult|Shadow Ball|p1a: Goodra
|-damage|p1a: Goodra|78/100 slp
|-curestatus|p1a: Goodra|slp|[msg]
|move|p1a: Goodra|Body Press|p2a: Dragapult
|-immune|p2a: Dragapult
|
|-heal|p1a: Goodra|84/100|[from] item: Leftovers
|upkeep
|turn|22
|
|t:|1776098144
|switch|p1a: Frosmoth|Frosmoth, F, shiny|82/100
|move|p2a: Dragapult|Shadow Ball|p1a: Frosmoth
|-damage|p1a: Frosmoth|57/100
|
|-heal|p1a: Frosmoth|63/100|[from] item: Leftovers
|upkeep
|turn|23
|
|t:|1776098157
|move|p2a: Dragapult|Draco Meteor|p1a: Frosmoth
|-damage|p1a: Frosmoth|28/100
|-unboost|p2a: Dragapult|spa|2
|move|p1a: Frosmoth|Ice Beam|p2a: Dragapult
|-supereffective|p2a: Dragapult
|-damage|p2a: Dragapult|13/100
|
|-heal|p1a: Frosmoth|34/100|[from] item: Leftovers
|upkeep
|turn|24
|
|t:|1776098163
|move|p2a: Dragapult|U-turn|p1a: Frosmoth
|-damage|p1a: Frosmoth|5/100
|
|t:|1776098166
|switch|p2a: Talonflame|Talonflame, M, shiny|37/100|[from] U-turn
|move|p1a: Frosmoth|Ice Beam|p2a: Talonflame
|-damage|p2a: Talonflame|0 fnt
|faint|p2a: Talonflame
|
|-heal|p1a: Frosmoth|11/100|[from] item: Leftovers
|upkeep
|
|t:|1776098172
|switch|p2a: Dragapult|Dragapult, M, shiny|13/100
|turn|25
|
|t:|1776098181
|switch|p1a: Goodra|Goodra-Hisui, F, shiny|84/100
|move|p2a: Dragapult|U-turn|p1a: Goodra
|-resisted|p1a: Goodra
|-crit|p1a: Goodra
|-damage|p1a: Goodra|75/100
|-ability|p1a: Goodra|Gooey
|-unboost|p2a: Dragapult|spe|1
|
|-heal|p1a: Goodra|82/100|[from] item: Leftovers
|upkeep
|turn|26
|
|t:|1776098187
|move|p2a: Dragapult|Shadow Ball|p1a: Goodra
|-damage|p1a: Goodra|57/100
|-unboost|p1a: Goodra|spd|1
|move|p1a: Goodra|Acid Armor|p1a: Goodra
|-boost|p1a: Goodra|def|2
|
|-heal|p1a: Goodra|63/100|[from] item: Leftovers
|upkeep
|turn|27
|
|t:|1776098193
|move|p2a: Dragapult|Shadow Ball|p1a: Goodra
|-damage|p1a: Goodra|32/100
|move|p1a: Goodra|Acid Armor|p1a: Goodra
|-boost|p1a: Goodra|def|2
|
|-heal|p1a: Goodra|38/100|[from] item: Leftovers
|upkeep
|turn|28
|
|t:|1776098200
|move|p2a: Dragapult|Shadow Ball|p1a: Goodra
|-damage|p1a: Goodra|4/100
|move|p1a: Goodra|Rest|p1a: Goodra
|-status|p1a: Goodra|slp|[from] move: Rest
|-heal|p1a: Goodra|100/100 slp|[silent]
|
|upkeep
|turn|29
|
|t:|1776098205
|move|p2a: Dragapult|Shadow Ball|p1a: Goodra
|-damage|p1a: Goodra|68/100 slp
|-unboost|p1a: Goodra|spd|1
|cant|p1a: Goodra|slp
|move|p1a: Goodra|Sleep Talk|p1a: Goodra
|move|p1a: Goodra|Rest||[from] move: Sleep Talk|[still]
|-fail|p1a: Goodra
|
|-heal|p1a: Goodra|74/100 slp|[from] item: Leftovers
|upkeep
|turn|30
|
|t:|1776098211
|move|p2a: Dragapult|Shadow Ball|p1a: Goodra
|-damage|p1a: Goodra|25/100 slp
|cant|p1a: Goodra|slp
|move|p1a: Goodra|Sleep Talk|p1a: Goodra
|move|p1a: Goodra|Body Press|p2a: Dragapult|[from] move: Sleep Talk
|-immune|p2a: Dragapult
|
|-heal|p1a: Goodra|31/100 slp|[from] item: Leftovers
|upkeep
|turn|31
|
|t:|1776098216
|move|p2a: Dragapult|Shadow Ball|p1a: Goodra
|-damage|p1a: Goodra|0 fnt
|faint|p1a: Goodra
|
|upkeep
|
|t:|1776098219
|switch|p1a: Frosmoth|Frosmoth, F, shiny|11/100
|turn|32
|
|t:|1776098223
|move|p2a: Dragapult|U-turn|p1a: Frosmoth
|-damage|p1a: Frosmoth|0 fnt
|faint|p1a: Frosmoth
|
|win|trill03
|raw|potato9832's rating: 1217 &rarr; <strong>1189</strong><br />(-28 for losing)
|raw|trill03's rating: 1178 &rarr; <strong>1206</strong><br />(+28 for winning)
|l|☆potato9832
|player|p1|
|l|☆trill03
|player|p2|
