|html|<div class="broadcast-blue"><strong>[Gen 9] OU is currently suspecting Tera Blast! For information on how to participate check out the <a href="https://www.smogon.com/tools/suspects/view/200">suspect thread</a>.</strong></div>
|j|☆dragonyuk
|j|☆GoldenJoe777
|t:|1776104053
|gametype|singles
|player|p1|dragonyuk|1|1424
|player|p2|GoldenJoe777|artist-gen4|1493
|gen|9
|tier|[Gen 9] OU
|rated|
|rule|HP Percentage Mod: HP is shown in percentages
|rule|Endless Battle Clause: Forcing endless battles is banned
|rule|Species Clause: Limit one of each Pokémon
|rule|OHKO Clause: OHKO moves are banned
|rule|Evasion Items Clause: Evasion items are banned
|rule|Evasion Moves Clause: Evasion moves are banned
|rule|Evasion Abilities Clause: Evasion abilities are banned
|rule|Sleep Moves Clause: Sleep-inducing moves are banned
|clearpoke
|poke|p1|Magneton|
|poke|p1|Psyduck, F|
|poke|p1|Toxapex, F|
|poke|p1|Zoroark-Hisui, F|
|poke|p1|Maushold|
|poke|p1|Hitmontop, M|
|poke|p2|Rillaboom, F|
|poke|p2|Muk-Alola, F|
|poke|p2|Magnezone|
|poke|p2|Quaquaval, F|
|poke|p2|Heatran, M|
|poke|p2|Kyurem|
|teampreview
|inactive|Battle timer is ON: inactive players will automatically lose when time's up. (requested by GoldenJoe777)
|
|t:|1776104062
|teamsize|p1|6
|teamsize|p2|6
|start
|switch|p1a: Actually useless|Hitmontop, M|100/100
|switch|p2a: Muk|Muk-Alola, F|100/100
|turn|1
|
|t:|1776104072
|move|p1a: Actually useless|Earthquake|p2a: Muk
|-supereffective|p2a: Muk
|-damage|p2a: Muk|34/100
|move|p2a: Muk|Poison Jab|p1a: Actually useless
|-damage|p1a: Actually useless|63/100
|
|-heal|p1a: Actually useless|70/100|[from] item: Leftovers
|-heal|p2a: Muk|40/100|[from] item: Leftovers
|upkeep
|turn|2
|
|t:|1776104081
|switch|p2a: Rillaboom|Rillaboom, F|100/100
|-fieldstart|move: Grassy Terrain|[from] ability: Grassy Surge|[of] p2a: Rillaboom
|move|p1a: Actually useless|Triple Axel|p2a: Rillaboom
|-supereffective|p2a: Rillaboom
|-damage|p2a: Rillaboom|81/100
|-hitcount|p2a: Rillaboom|1
|
|-heal|p2a: Rillaboom|87/100|[from] Grassy Terrain
|-heal|p1a: Actually useless|76/100|[from] Grassy Terrain
|-heal|p1a: Actually useless|82/100|[from] item: Leftovers
|upkeep
|turn|3
|c|☆dragonyuk|I hate this mans smh
|c|☆dragonyuk|absolute sell job
|c|☆GoldenJoe777|sorry
|c|☆dragonyuk|No it's fine I expect it from him
|inactive|dragonyuk has 120 seconds left.
|c|☆dragonyuk|Absolute choke job whenever it's crucial
|c|☆GoldenJoe777|he lives up to the name
|c|☆dragonyuk|That's why I named him that
|c|☆dragonyuk|Never has clutched up
|c|☆dragonyuk|Playoff james harden ahh
|inactive|dragonyuk has 90 seconds left.
|
|t:|1776104141
|-terastallize|p1a: Actually useless|Steel
|move|p2a: Rillaboom|Wood Hammer|p1a: Actually useless
|-resisted|p1a: Actually useless
|-damage|p1a: Actually useless|3/100
|-damage|p2a: Rillaboom|64/100|[from] Recoil
|move|p1a: Actually useless|Triple Axel|p2a: Rillaboom
|-supereffective|p2a: Rillaboom
|-damage|p2a: Rillaboom|45/100
|-supereffective|p2a: Rillaboom
|-damage|p2a: Rillaboom|3/100
|-supereffective|p2a: Rillaboom
|-damage|p2a: Rillaboom|0 fnt
|faint|p2a: Rillaboom
|-hitcount|p2: Rillaboom|3
|
|-heal|p1a: Actually useless|9/100|[from] Grassy Terrain
|-heal|p1a: Actually useless|15/100|[from] item: Leftovers
|upkeep
|inactive|GoldenJoe777 has 120 seconds left.
|
|t:|1776104152
|switch|p2a: Quaquaval|Quaquaval, F|100/100
|turn|4
|inactive|GoldenJoe777 has 120 seconds left.
|
|t:|1776104162
|switch|p2a: Magnezone|Magnezone|100/100
|switch|p1a: DA WALL|Toxapex, F|100/100
|
|upkeep
|turn|5
|inactive|GoldenJoe777 has 120 seconds left.
|
|t:|1776104172
|switch|p1a: DA GOAT|Magneton, shiny|100/100
|move|p2a: Magnezone|Volt Switch|p1a: DA GOAT
|-resisted|p1a: DA GOAT
|-damage|p1a: DA GOAT|51/100
|inactive|GoldenJoe777 has 120 seconds left.
|
|t:|1776104181
|switch|p2a: Muk|Muk-Alola, F|40/100|[from] Volt Switch
|
|-heal|p1a: DA GOAT|58/100|[from] Grassy Terrain
|-heal|p2a: Muk|46/100|[from] Grassy Terrain
|-heal|p2a: Muk|52/100|[from] item: Leftovers
|upkeep
|turn|6
|
|t:|1776104190
|move|p1a: DA GOAT|Volt Switch|p2a: Muk
|-damage|p2a: Muk|34/100
|
|t:|1776104194
|switch|p1a: Actually useless|Hitmontop, M, tera:Steel|15/100|[from] Volt Switch
|move|p2a: Muk|Knock Off|p1a: Actually useless
|-damage|p1a: Actually useless|0 fnt
|-enditem|p1a: Actually useless|Leftovers|[from] move: Knock Off|[of] p2a: Muk
|faint|p1a: Actually useless
|
|-heal|p2a: Muk|40/100|[from] Grassy Terrain
|-heal|p2a: Muk|46/100|[from] item: Leftovers
|-fieldend|move: Grassy Terrain
|upkeep
|
|t:|1776104201
|switch|p1a: Family|Maushold|100/100
|turn|7
|
|t:|1776104214
|move|p1a: Family|Population Bomb|p2a: Muk
|-damage|p2a: Muk|34/100
|-damage|p2a: Muk|22/100
|-damage|p2a: Muk|11/100
|-damage|p2a: Muk|0 fnt
|faint|p2a: Muk
|-hitcount|p2: Muk|4
|
|upkeep
|
|t:|1776104220
|switch|p2a: Heatran|Heatran, M|100/100
|turn|8
|
|t:|1776104227
|switch|p1a: DA WALL|Toxapex, F|100/100
|move|p2a: Heatran|Magma Storm|p1a: DA WALL|[miss]
|-miss|p2a: Heatran|p1a: DA WALL
|
|upkeep
|turn|9
|
|t:|1776104240
|move|p2a: Heatran|Earth Power|p1a: DA WALL
|-supereffective|p1a: DA WALL
|-crit|p1a: DA WALL
|-damage|p1a: DA WALL|32/100
|move|p1a: DA WALL|Liquidation|p2a: Heatran
|-supereffective|p2a: Heatran
|-damage|p2a: Heatran|18/100
|-unboost|p2a: Heatran|def|1
|
|-heal|p2a: Heatran|24/100|[from] item: Leftovers
|upkeep
|turn|10
|
|t:|1776104256
|move|p2a: Heatran|Earth Power|p1a: DA WALL
|-supereffective|p1a: DA WALL
|-damage|p1a: DA WALL|0 fnt
|faint|p1a: DA WALL
|
|-heal|p2a: Heatran|31/100|[from] item: Leftovers
|upkeep
|
|t:|1776104260
|switch|p1a: Family|Maushold|100/100
|turn|11
|
|t:|1776104266
|move|p1a: Family|Low Kick|p2a: Heatran
|-supereffective|p2a: Heatran
|-damage|p2a: Heatran|0 fnt
|faint|p2a: Heatran
|
|upkeep
|
|t:|1776104275
|switch|p2a: Kyurem|Kyurem|100/100
|-ability|p2a: Kyurem|Pressure
|turn|12
|
|t:|1776104281
|-terastallize|p2a: Kyurem|Ghost
|move|p1a: Family|Population Bomb|p2a: Kyurem
|-immune|p2a: Kyurem
|move|p2a: Kyurem|Dragon Dance|p2a: Kyurem
|-boost|p2a: Kyurem|atk|1
|-boost|p2a: Kyurem|spe|1
|
|upkeep
|turn|13
|c|☆dragonyuk|damn
|c|☆dragonyuk|What a set
|c|☆dragonyuk|Never would've expected ghost lmao
|
|t:|1776104304
|switch|p1a: DA GOAT|Magneton, shiny|58/100
|move|p2a: Kyurem|Dragon Dance|p2a: Kyurem
|-boost|p2a: Kyurem|atk|1
|-boost|p2a: Kyurem|spe|1
|
|upkeep
|turn|14
|c|☆GoldenJoe777|its for zama. maus caught in crossfire
|c|☆dragonyuk|ah makes sense
|
|t:|1776104317
|move|p2a: Kyurem|Protect|p2a: Kyurem
|-singleturn|p2a: Kyurem|Protect
|move|p1a: DA GOAT|Thunderbolt|p2a: Kyurem
|-activate|p2a: Kyurem|move: Protect
|
|upkeep
|turn|15
|
|t:|1776104326
|move|p2a: Kyurem|Dragon Dance|p2a: Kyurem
|-boost|p2a: Kyurem|atk|1
|-boost|p2a: Kyurem|spe|1
|move|p1a: DA GOAT|Thunderbolt|p2a: Kyurem
|-damage|p2a: Kyurem|65/100
|
|-heal|p2a: Kyurem|71/100|[from] item: Leftovers
|upkeep
|turn|16
|
|t:|1776104329
|move|p2a: Kyurem|Protect|p2a: Kyurem
|-singleturn|p2a: Kyurem|Protect
|move|p1a: DA GOAT|Thunderbolt|p2a: Kyurem
|-activate|p2a: Kyurem|move: Protect
|
|-heal|p2a: Kyurem|77/100|[from] item: Leftovers
|upkeep
|turn|17
|c|☆dragonyuk|That's a good set
|c|☆dragonyuk|Such a hard counter to me lmao
|inactive|GoldenJoe777 has 120 seconds left.
|
|t:|1776104363
|switch|p1a: FEAR ME|Psyduck, F|100/100
|move|p2a: Kyurem|Dragon Dance|p2a: Kyurem
|-boost|p2a: Kyurem|atk|1
|-boost|p2a: Kyurem|spe|1
|
|-heal|p2a: Kyurem|83/100|[from] item: Leftovers
|upkeep
|turn|18
|
|t:|1776104370
|move|p2a: Kyurem|Icicle Spear|p1a: FEAR ME
|-damage|p1a: FEAR ME|37/100
|replace|p1a: Bark bark|Zoroark-Hisui, F
|-end|p1a: Bark bark|Illusion
|-damage|p1a: Bark bark|0 fnt
|faint|p1a: Bark bark
|-hitcount|p1: Bark bark|2
|
|-heal|p2a: Kyurem|89/100|[from] item: Leftovers
|upkeep
|
|t:|1776104373
|switch|p1a: FEAR ME|Psyduck, F|100/100
|-ability|p1a: FEAR ME|Cloud Nine
|turn|19
|
|t:|1776104376
|move|p2a: Kyurem|Icicle Spear|p1a: FEAR ME
|-resisted|p1a: FEAR ME
|-damage|p1a: FEAR ME|64/100
|-resisted|p1a: FEAR ME
|-damage|p1a: FEAR ME|29/100
|-hitcount|p1a: FEAR ME|2
|move|p1a: FEAR ME|Surf|p2a: Kyurem
|-damage|p2a: Kyurem|63/100
|
|-heal|p2a: Kyurem|69/100|[from] item: Leftovers
|upkeep
|turn|20
|
|t:|1776104380
|move|p2a: Kyurem|Icicle Spear|p1a: FEAR ME
|-resisted|p1a: FEAR ME
|-damage|p1a: FEAR ME|0 fnt
|faint|p1a: FEAR ME
|-hitcount|p1: FEAR ME|1
|
|-heal|p2a: Kyurem|76/100|[from] item: Leftovers
|upkeep
|
|t:|1776104383
|switch|p1a: Family|Maushold|100/100
|turn|21
|
|t:|1776104387
|move|p2a: Kyurem|Icicle Spear|p1a: Family
|-damage|p1a: Family|48/100
|-damage|p1a: Family|0 fnt
|faint|p1a: Family
|-hitcount|p1: Family|2
|
|-heal|p2a: Kyurem|82/100|[from] item: Leftovers
|upkeep
|c|☆dragonyuk|ggwp
|
|t:|1776104390
|switch|p1a: DA GOAT|Magneton, shiny|58/100
|turn|22
|c|☆GoldenJoe777|nice team gg
|
|t:|1776104395
|move|p2a: Kyurem|Icicle Spear|p1a: DA GOAT
|-resisted|p1a: DA GOAT
|-damage|p1a: DA GOAT|31/100
|-resisted|p1a: DA GOAT
|-damage|p1a: DA GOAT|9/100
|-hitcount|p1a: DA GOAT|2
|move|p1a: DA GOAT|Thunderbolt|p2a: Kyurem
|-damage|p2a: Kyurem|43/100
|
|-heal|p2a: Kyurem|49/100|[from] item: Leftovers
|upkeep
|turn|23
|
|t:|1776104401
|move|p2a: Kyurem|Icicle Spear|p1a: DA GOAT
|-resisted|p1a: DA GOAT
|-damage|p1a: DA GOAT|0 fnt
|faint|p1a: DA GOAT
|-hitcount|p1: DA GOAT|1
|
|win|GoldenJoe777
|raw|dragonyuk's rating: 1424 &rarr; <strong>1408</strong><br />(-16 for losing)
|raw|GoldenJoe777's rating: 1493 &rarr; <strong>1509</strong><br />(+16 for winning)
|l|☆dragonyuk
|player|p1|
|l|☆GoldenJoe777
|player|p2|
