|html|<div class="broadcast-blue"><strong>[Gen 9] OU is currently suspecting Tera Blast! For information on how to participate check out the <a href="https://www.smogon.com/tools/suspects/view/200">suspect thread</a>.</strong></div>
|j|☆alxreoo
|j|☆user795680
|t:|1776164029
|gametype|singles
|player|p1|alxreoo|sage|1028
|player|p2|user795680|lucas|1068
|gen|9
|tier|[Gen 9] OU
|rated|
|rule|HP Percentage Mod: HP is shown in percentages
|rule|Endless Battle Clause: Forcing endless battles is banned
|rule|Species Clause: Limit one of each Pokémon
|rule|OHKO Clause: OHKO moves are banned
|rule|Evasion Items Clause: Evasion items are banned
|rule|Evasion Moves Clause: Evasion moves are banned
|rule|Evasion Abilities Clause: Evasion abilities are banned
|rule|Sleep Moves Clause: Sleep-inducing moves are banned
|clearpoke
|poke|p1|Pecharunt|
|poke|p1|Toxapex, F|
|poke|p1|Thundurus, M|
|poke|p1|Heatran, F|
|poke|p1|Dragonite, F|
|poke|p1|Gholdengo|
|poke|p2|Kommo-o, M|
|poke|p2|Excadrill, M|
|poke|p2|Samurott-Hisui, M|
|poke|p2|Magmortar, M|
|poke|p2|Meowscarada, F|
|poke|p2|Zoroark-Hisui, F|
|teampreview
|
|t:|1776164059
|teamsize|p1|6
|teamsize|p2|6
|start
|switch|p1a: el perromuerto|Heatran, F, shiny|100/100
|switch|p2a: Samurott|Samurott-Hisui, M|100/100
|turn|1
|
|t:|1776164076
|move|p2a: Samurott|Razor Shell|p1a: el perromuerto
|-supereffective|p1a: el perromuerto
|-damage|p1a: el perromuerto|54/100
|-unboost|p1a: el perromuerto|def|1
|move|p1a: el perromuerto|Magma Storm|p2a: Samurott
|-resisted|p2a: Samurott
|-crit|p2a: Samurott
|-damage|p2a: Samurott|59/100
|-activate|p2a: Samurott|move: Magma Storm|[of] p1a: el perromuerto
|
|-heal|p2a: Samurott|65/100|[from] item: Leftovers
|-heal|p1a: el perromuerto|60/100|[from] item: Leftovers
|-damage|p2a: Samurott|53/100|[from] move: Magma Storm|[partiallytrapped]
|upkeep
|turn|2
|
|t:|1776164096
|move|p1a: el perromuerto|Protect|p1a: el perromuerto
|-singleturn|p1a: el perromuerto|Protect
|move|p2a: Samurott|Drill Run|p1a: el perromuerto
|-activate|p1a: el perromuerto|move: Protect
|
|-heal|p2a: Samurott|59/100|[from] item: Leftovers
|-heal|p1a: el perromuerto|66/100|[from] item: Leftovers
|-damage|p2a: Samurott|47/100|[from] move: Magma Storm|[partiallytrapped]
|upkeep
|turn|3
|
|t:|1776164107
|move|p2a: Samurott|Drill Run|p1a: el perromuerto
|-supereffective|p1a: el perromuerto
|-damage|p1a: el perromuerto|0 fnt
|faint|p1a: el perromuerto
|
|-heal|p2a: Samurott|53/100|[from] item: Leftovers
|-end|p2a: Samurott|Magma Storm|[partiallytrapped]|[silent]
|upkeep
|
|t:|1776164115
|switch|p1a: el bolas chinas|Thundurus, M, shiny|100/100
|turn|4
|
|t:|1776164121
|switch|p2a: Excadrill|Excadrill, M|100/100
|-ability|p2a: Excadrill|Mold Breaker
|move|p1a: el bolas chinas|Thunderbolt|p2a: Excadrill
|-immune|p2a: Excadrill
|
|upkeep
|turn|5
|
|t:|1776164132
|move|p1a: el bolas chinas|Taunt|p2a: Excadrill
|-start|p2a: Excadrill|move: Taunt
|move|p2a: Excadrill|Rapid Spin|p1a: el bolas chinas
|-damage|p1a: el bolas chinas|76/100
|-boost|p2a: Excadrill|spe|1
|
|upkeep
|turn|6
|
|t:|1776164145
|switch|p1a: vag de plastico|Toxapex, F, shiny|100/100
|move|p2a: Excadrill|Rapid Spin|p1a: vag de plastico
|-damage|p1a: vag de plastico|91/100
|-boost|p2a: Excadrill|spe|1
|
|-heal|p1a: vag de plastico|97/100|[from] item: Black Sludge
|upkeep
|turn|7
|
|t:|1776164157
|move|p2a: Excadrill|Earthquake|p1a: vag de plastico
|-supereffective|p1a: vag de plastico
|-damage|p1a: vag de plastico|47/100
|move|p1a: vag de plastico|Surf|p2a: Excadrill
|-supereffective|p2a: Excadrill
|-damage|p2a: Excadrill|61/100
|
|-heal|p2a: Excadrill|67/100|[from] item: Leftovers
|-heal|p1a: vag de plastico|53/100|[from] item: Black Sludge
|-end|p2a: Excadrill|move: Taunt
|upkeep
|turn|8
|
|t:|1776164167
|move|p2a: Excadrill|Earthquake|p1a: vag de plastico
|-supereffective|p1a: vag de plastico
|-crit|p1a: vag de plastico
|-damage|p1a: vag de plastico|0 fnt
|faint|p1a: vag de plastico
|
|-heal|p2a: Excadrill|73/100|[from] item: Leftovers
|upkeep
|
|t:|1776164175
|switch|p1a: morsa moribunda|Dragonite, F, shiny|100/100
|turn|9
|
|t:|1776164181
|move|p2a: Excadrill|Swords Dance|p2a: Excadrill
|-boost|p2a: Excadrill|atk|2
|move|p1a: morsa moribunda|Dragon Dance|p1a: morsa moribunda
|-boost|p1a: morsa moribunda|atk|1
|-boost|p1a: morsa moribunda|spe|1
|
|-heal|p2a: Excadrill|79/100|[from] item: Leftovers
|upkeep
|turn|10
|
|t:|1776164191
|move|p2a: Excadrill|Iron Head|p1a: morsa moribunda
|-damage|p1a: morsa moribunda|20/100
|move|p1a: morsa moribunda|Earthquake|p2a: Excadrill
|-supereffective|p2a: Excadrill
|-damage|p2a: Excadrill|0 fnt
|faint|p2a: Excadrill
|
|upkeep
|
|t:|1776164204
|switch|p2a: Samurott|Samurott-Hisui, M|53/100
|turn|11
|
|t:|1776164208
|move|p1a: morsa moribunda|Roost|p1a: morsa moribunda
|-heal|p1a: morsa moribunda|70/100
|-singleturn|p1a: morsa moribunda|move: Roost
|move|p2a: Samurott|Ice Beam|p1a: morsa moribunda
|-supereffective|p1a: morsa moribunda
|-damage|p1a: morsa moribunda|22/100
|
|-heal|p2a: Samurott|59/100|[from] item: Leftovers
|upkeep
|turn|12
|
|t:|1776164217
|move|p1a: morsa moribunda|Roost|p1a: morsa moribunda
|-heal|p1a: morsa moribunda|72/100
|-singleturn|p1a: morsa moribunda|move: Roost
|move|p2a: Samurott|Ice Beam|p1a: morsa moribunda
|-supereffective|p1a: morsa moribunda
|-damage|p1a: morsa moribunda|24/100
|
|-heal|p2a: Samurott|65/100|[from] item: Leftovers
|upkeep
|turn|13
|
|t:|1776164225
|move|p1a: morsa moribunda|Roost|p1a: morsa moribunda
|-heal|p1a: morsa moribunda|74/100
|-singleturn|p1a: morsa moribunda|move: Roost
|move|p2a: Samurott|Ice Beam|p1a: morsa moribunda
|-supereffective|p1a: morsa moribunda
|-damage|p1a: morsa moribunda|25/100
|
|-heal|p2a: Samurott|71/100|[from] item: Leftovers
|upkeep
|turn|14
|
|t:|1776164238
|move|p1a: morsa moribunda|Extreme Speed|p2a: Samurott
|-damage|p2a: Samurott|15/100
|move|p2a: Samurott|Ice Beam|p1a: morsa moribunda
|-supereffective|p1a: morsa moribunda
|-damage|p1a: morsa moribunda|0 fnt
|faint|p1a: morsa moribunda
|
|-heal|p2a: Samurott|21/100|[from] item: Leftovers
|upkeep
|
|t:|1776164249
|switch|p1a: plug dorao|Gholdengo, shiny|100/100
|turn|15
|
|t:|1776164254
|move|p1a: plug dorao|Shadow Ball|p2a: Samurott
|-resisted|p2a: Samurott
|-damage|p2a: Samurott|0 fnt
|faint|p2a: Samurott
|
|upkeep
|
|t:|1776164264
|switch|p2a: Magmortar|Magmortar, M|100/100
|turn|16
|
|t:|1776164277
|-terastallize|p1a: plug dorao|Flying
|move|p2a: Magmortar|Flamethrower|p1a: plug dorao
|-damage|p1a: plug dorao|60/100
|move|p1a: plug dorao|Nasty Plot|p1a: plug dorao
|-boost|p1a: plug dorao|spa|2
|
|-heal|p1a: plug dorao|67/100|[from] item: Leftovers
|upkeep
|turn|17
|
|t:|1776164289
|move|p2a: Magmortar|Thunderbolt|p1a: plug dorao
|-supereffective|p1a: plug dorao
|-damage|p1a: plug dorao|13/100
|move|p1a: plug dorao|Shadow Ball|p2a: Magmortar
|-damage|p2a: Magmortar|1/100
|
|-heal|p2a: Magmortar|8/100|[from] item: Leftovers
|-heal|p1a: plug dorao|19/100|[from] item: Leftovers
|upkeep
|turn|18
|
|t:|1776164298
|move|p2a: Magmortar|Thunderbolt|p1a: plug dorao
|-supereffective|p1a: plug dorao
|-damage|p1a: plug dorao|0 fnt
|faint|p1a: plug dorao
|
|-heal|p2a: Magmortar|14/100|[from] item: Leftovers
|upkeep
|
|t:|1776164307
|switch|p1a: mora podria|Pecharunt|100/100
|turn|19
|
|t:|1776164313
|move|p2a: Magmortar|Psychic|p1a: mora podria
|-supereffective|p1a: mora podria
|-damage|p1a: mora podria|53/100
|move|p1a: mora podria|Malignant Chain|p2a: Magmortar
|-damage|p2a: Magmortar|0 fnt
|faint|p2a: Magmortar
|
|-heal|p1a: mora podria|59/100|[from] item: Leftovers
|upkeep
|
|t:|1776164335
|switch|p2a: Meowscarada|Meowscarada, F|100/100
|turn|20
|
|t:|1776164343
|move|p2a: Meowscarada|Knock Off|p1a: mora podria
|-start|p2a: Meowscarada|typechange|Dark|[from] ability: Protean
|-supereffective|p1a: mora podria
|-damage|p1a: mora podria|21/100
|-enditem|p1a: mora podria|Leftovers|[from] move: Knock Off|[of] p2a: Meowscarada
|move|p1a: mora podria|Malignant Chain|p2a: Meowscarada
|-damage|p2a: Meowscarada|62/100
|
|-heal|p2a: Meowscarada|68/100|[from] item: Leftovers
|upkeep
|turn|21
|
|t:|1776164356
|move|p2a: Meowscarada|Knock Off|p1a: mora podria
|-supereffective|p1a: mora podria
|-damage|p1a: mora podria|0 fnt
|faint|p1a: mora podria
|
|-heal|p2a: Meowscarada|74/100|[from] item: Leftovers
|upkeep
|
|t:|1776164364
|switch|p1a: el bolas chinas|Thundurus, M, shiny|76/100
|turn|22
|
|t:|1776164375
|move|p1a: el bolas chinas|Thunderbolt|p2a: Meowscarada
|-damage|p2a: Meowscarada|26/100
|-status|p2a: Meowscarada|par
|move|p2a: Meowscarada|Play Rough|p1a: el bolas chinas
|-damage|p1a: el bolas chinas|36/100
|
|-heal|p2a: Meowscarada|32/100 par|[from] item: Leftovers
|upkeep
|turn|23
|
|t:|1776164384
|move|p1a: el bolas chinas|Volt Switch|p2a: Meowscarada
|-damage|p2a: Meowscarada|0 fnt
|faint|p2a: Meowscarada
|
|upkeep
|
|t:|1776164390
|switch|p2a: Kommo-o|Kommo-o, M|100/100
|turn|24
|
|t:|1776164406
|-terastallize|p2a: Kommo-o|Normal
|move|p1a: el bolas chinas|Thunder Wave|p2a: Kommo-o
|-status|p2a: Kommo-o|par
|move|p2a: Kommo-o|Boomburst|p1a: el bolas chinas
|-damage|p1a: el bolas chinas|0 fnt
|faint|p1a: el bolas chinas
|
|win|user795680
|raw|alxreoo's rating: 1028 &rarr; <strong>1015</strong><br />(-13 for losing)
|raw|user795680's rating: 1068 &rarr; <strong>1094</strong><br />(+26 for winning)
|c|☆user795680|GG
|c|☆alxreoo|gg
