|html|<div class="broadcast-blue"><strong>[Gen 9] OU is currently suspecting Tera Blast! For information on how to participate check out the <a href="https://www.smogon.com/tools/suspects/view/200">suspect thread</a>.</strong></div>
|j|‽ethanfrom_az
|j|☆AndrewDev066
|t:|1776301669
|gametype|singles
|player|p1|ethanfrom_az|grimsley|1006
|player|p2|AndrewDev066|veteran|1000
|gen|9
|tier|[Gen 9] OU
|rated|
|rule|HP Percentage Mod: HP is shown in percentages
|rule|Endless Battle Clause: Forcing endless battles is banned
|rule|Species Clause: Limit one of each Pokémon
|rule|OHKO Clause: OHKO moves are banned
|rule|Evasion Items Clause: Evasion items are banned
|rule|Evasion Moves Clause: Evasion moves are banned
|rule|Evasion Abilities Clause: Evasion abilities are banned
|rule|Sleep Moves Clause: Sleep-inducing moves are banned
|clearpoke
|poke|p1|Araquanid, F|
|poke|p1|Pecharunt|
|poke|p1|Swampert, M|
|poke|p1|Moltres-Galar|
|poke|p1|Toxtricity, F|
|poke|p1|Cloyster, M|
|poke|p2|Corviknight, M|
|poke|p2|Gallade, M|
|poke|p2|Houndoom, F|
|poke|p2|Swampert, F|
|poke|p2|Dragapult, M|
|poke|p2|Amoonguss, F|
|teampreview
|inactive|Battle timer is ON: inactive players will automatically lose when time's up. (requested by ethanfrom_az)
|
|t:|1776301689
|teamsize|p1|6
|teamsize|p2|6
|start
|switch|p1a: Moltres|Moltres-Galar|100/100
|switch|p2a: Lupita|Swampert, F|100/100
|turn|1
|
|t:|1776301699
|move|p1a: Moltres|Tailwind|p1a: Moltres
|-sidestart|p1: ethanfrom_az|move: Tailwind
|move|p2a: Lupita|Roar|p1a: Moltres
|drag|p1a: Toxtricity|Toxtricity, F|100/100
|-item|p1a: Toxtricity|Air Balloon
|
|upkeep
|turn|2
|
|t:|1776301708
|move|p1a: Toxtricity|Boomburst|p2a: Lupita
|-damage|p2a: Lupita|54/100
|move|p2a: Lupita|Earthquake|p1a: Toxtricity
|-immune|p1a: Toxtricity
|
|-heal|p2a: Lupita|61/100|[from] item: Leftovers
|upkeep
|turn|3
|
|t:|1776301725
|move|p1a: Toxtricity|Boomburst|p2a: Lupita
|-damage|p2a: Lupita|11/100
|move|p2a: Lupita|Stealth Rock|p1a: Toxtricity
|-sidestart|p1: ethanfrom_az|move: Stealth Rock
|
|-heal|p2a: Lupita|18/100|[from] item: Leftovers
|upkeep
|turn|4
|
|t:|1776301734
|move|p1a: Toxtricity|Poison Tail|p2a: Lupita
|-resisted|p2a: Lupita
|-damage|p2a: Lupita|10/100
|move|p2a: Lupita|Roar|p1a: Toxtricity
|drag|p1a: Cloyster|Cloyster, M, shiny|100/100
|-damage|p1a: Cloyster|76/100|[from] Stealth Rock
|
|-heal|p2a: Lupita|16/100|[from] item: Leftovers
|-sideend|p1: ethanfrom_az|move: Tailwind
|upkeep
|turn|5
|
|t:|1776301749
|move|p1a: Cloyster|Whirlpool|p2a: Lupita
|-damage|p2a: Lupita|7/100
|-activate|p2a: Lupita|move: Whirlpool|[of] p1a: Cloyster
|move|p2a: Lupita|Waterfall|p1a: Cloyster
|-resisted|p1a: Cloyster
|-damage|p1a: Cloyster|61/100
|
|-heal|p2a: Lupita|13/100|[from] item: Leftovers
|-damage|p2a: Lupita|0 fnt|[from] move: Whirlpool|[partiallytrapped]
|faint|p2a: Lupita
|upkeep
|
|t:|1776301760
|switch|p2a: Gallardo|Gallade, M, shiny|100/100
|turn|6
|inactive|ethanfrom_az has 120 seconds left.
|
|t:|1776301819
|move|p2a: Gallardo|Sacred Sword|p1a: Cloyster
|-supereffective|p1a: Cloyster
|-crit|p1a: Cloyster
|-damage|p1a: Cloyster|0 fnt
|faint|p1a: Cloyster
|-damage|p2a: Gallardo|91/100|[from] item: Life Orb
|
|upkeep
|
|t:|1776301826
|switch|p1a: Moltres|Moltres-Galar|100/100
|-damage|p1a: Moltres|76/100|[from] Stealth Rock
|turn|7
|
|t:|1776301833
|move|p2a: Gallardo|Protect|p2a: Gallardo
|-singleturn|p2a: Gallardo|Protect
|move|p1a: Moltres|Air Slash|p2a: Gallardo
|-activate|p2a: Gallardo|move: Protect
|
|upkeep
|turn|8
|
|t:|1776301846
|move|p1a: Moltres|Fiery Wrath|p2a: Gallardo
|-damage|p2a: Gallardo|36/100
|-damage|p1a: Moltres|66/100|[from] item: Life Orb
|move|p2a: Gallardo|Sacred Sword|p1a: Moltres
|-damage|p1a: Moltres|0 fnt
|faint|p1a: Moltres
|-damage|p2a: Gallardo|26/100|[from] item: Life Orb
|
|upkeep
|
|t:|1776301870
|switch|p1a: Toxtricity|Toxtricity, F|100/100
|-damage|p1a: Toxtricity|88/100|[from] Stealth Rock
|-item|p1a: Toxtricity|Air Balloon
|turn|9
|
|t:|1776301882
|move|p2a: Gallardo|Psycho Cut|p1a: Toxtricity
|-supereffective|p1a: Toxtricity
|-damage|p1a: Toxtricity|0 fnt
|-enditem|p1a: Toxtricity|Air Balloon
|faint|p1a: Toxtricity
|-damage|p2a: Gallardo|16/100|[from] item: Life Orb
|
|upkeep
|
|t:|1776301895
|switch|p1a: Pecharunt|Pecharunt|100/100
|-damage|p1a: Pecharunt|88/100|[from] Stealth Rock
|-item|p1a: Pecharunt|Air Balloon
|turn|10
|
|t:|1776301904
|move|p1a: Pecharunt|Foul Play|p2a: Gallardo
|-damage|p2a: Gallardo|0 fnt
|faint|p2a: Gallardo
|
|upkeep
|
|t:|1776301914
|switch|p2a: Kima|Houndoom, F, shiny|100/100
|turn|11
|
|t:|1776301935
|move|p2a: Kima|Nasty Plot|p2a: Kima
|-boost|p2a: Kima|spa|2
|move|p1a: Pecharunt|Destiny Bond|p1a: Pecharunt
|-singlemove|p1a: Pecharunt|Destiny Bond
|
|upkeep
|turn|12
|
|t:|1776301947
|move|p2a: Kima|Nasty Plot|p2a: Kima
|-boost|p2a: Kima|spa|2
|move|p1a: Pecharunt|Malignant Chain|p2a: Kima
|-damage|p2a: Kima|41/100
|-status|p2a: Kima|tox
|-start|p2a: Kima|confusion|[from] ability: Poison Puppeteer|[of] p1a: Pecharunt
|
|-damage|p2a: Kima|34/100 tox|[from] psn
|upkeep
|turn|13
|inactive|ethanfrom_az has 90 seconds left.
|inactive|ethanfrom_az has 60 seconds left.
|inactive|ethanfrom_az has 30 seconds left.
|
|t:|1776302039
|switch|p2a: Eduardo|Corviknight, M|100/100
|move|p1a: Pecharunt|Malignant Chain|p2a: Eduardo
|-immune|p2a: Eduardo
|
|upkeep
|turn|14
|inactive|ethanfrom_az has 30 seconds left.
|
|t:|1776302051
|move|p1a: Pecharunt|Destiny Bond|p1a: Pecharunt
|-singlemove|p1a: Pecharunt|Destiny Bond
|move|p2a: Eduardo|Brave Bird|p1a: Pecharunt
|-damage|p1a: Pecharunt|62/100
|-enditem|p1a: Pecharunt|Air Balloon
|-damage|p2a: Eduardo|93/100|[from] Recoil
|
|-heal|p2a: Eduardo|99/100|[from] item: Leftovers
|upkeep
|turn|15
|inactive|ethanfrom_az has 30 seconds left.
|
|t:|1776302062
|move|p1a: Pecharunt|Foul Play|p2a: Eduardo
|-damage|p2a: Eduardo|84/100
|move|p2a: Eduardo|Bulk Up|p2a: Eduardo
|-boost|p2a: Eduardo|atk|1
|-boost|p2a: Eduardo|def|1
|
|-heal|p2a: Eduardo|90/100|[from] item: Leftovers
|upkeep
|turn|16
|inactive|ethanfrom_az has 30 seconds left.
|
|t:|1776302073
|move|p1a: Pecharunt|Foul Play|p2a: Eduardo
|-damage|p2a: Eduardo|75/100
|move|p2a: Eduardo|Brave Bird|p1a: Pecharunt
|-damage|p1a: Pecharunt|19/100
|-damage|p2a: Eduardo|64/100|[from] Recoil
|
|-heal|p2a: Eduardo|70/100|[from] item: Leftovers
|upkeep
|turn|17
|
|t:|1776302084
|move|p1a: Pecharunt|Destiny Bond|p1a: Pecharunt
|-singlemove|p1a: Pecharunt|Destiny Bond
|move|p2a: Eduardo|Brave Bird|p1a: Pecharunt
|-damage|p1a: Pecharunt|0 fnt
|faint|p1a: Pecharunt
|-activate|p1a: Pecharunt|move: Destiny Bond
|faint|p2a: Eduardo
|
|upkeep
|inactive|ethanfrom_az has 30 seconds left.
|
|t:|1776302095
|switch|p1a: Araquanid|Araquanid, F, shiny|100/100
|switch|p2a: Paul|Dragapult, M|100/100
|turn|18
|inactive|ethanfrom_az has 30 seconds left.
|
|t:|1776302108
|move|p2a: Paul|Thunderbolt|p1a: Araquanid
|-supereffective|p1a: Araquanid
|-damage|p1a: Araquanid|55/100
|move|p1a: Araquanid|Hydro Pump|p2a: Paul
|-resisted|p2a: Paul
|-damage|p2a: Paul|50/100
|
|upkeep
|turn|19
|
|t:|1776302118
|move|p2a: Paul|Thunderbolt|p1a: Araquanid
|-supereffective|p1a: Araquanid
|-damage|p1a: Araquanid|13/100
|move|p1a: Araquanid|Hydro Pump|p2a: Paul
|-resisted|p2a: Paul
|-damage|p2a: Paul|3/100
|
|upkeep
|turn|20
|
|t:|1776302124
|move|p2a: Paul|Thunderbolt|p1a: Araquanid
|-supereffective|p1a: Araquanid
|-damage|p1a: Araquanid|0 fnt
|faint|p1a: Araquanid
|
|upkeep
|
|t:|1776302129
|switch|p1a: Swampert|Swampert, M, shiny|100/100
|-damage|p1a: Swampert|94/100|[from] Stealth Rock
|turn|21
|
|t:|1776302136
|switch|p2a: Soos|Amoonguss, F|100/100
|move|p1a: Swampert|High Horsepower|p2a: Soos
|-damage|p2a: Soos|65/100
|-damage|p1a: Swampert|78/100|[from] item: Rocky Helmet|[of] p2a: Soos
|
|upkeep
|turn|22
|
|t:|1776302148
|move|p1a: Swampert|Liquidation|p2a: Soos
|-resisted|p2a: Soos
|-damage|p2a: Soos|48/100
|-unboost|p2a: Soos|def|1
|-damage|p1a: Swampert|61/100|[from] item: Rocky Helmet|[of] p2a: Soos
|move|p2a: Soos|Giga Drain|p1a: Swampert
|-supereffective|p1a: Swampert
|-damage|p1a: Swampert|0 fnt
|-heal|p2a: Soos|76/100|[from] drain|[of] p1a: Swampert
|faint|p1a: Swampert
|
|win|AndrewDev066
|raw|ethanfrom_az's rating: 1006 &rarr; <strong>1000</strong><br />(-6 for losing)
|raw|AndrewDev066's rating: 1000 &rarr; <strong>1041</strong><br />(+41 for winning)
|l|‽ethanfrom_az
|player|p1|
