|html|<div class="broadcast-blue"><strong>[Gen 9] OU is currently suspecting Tera Blast! For information on how to participate check out the <a href="https://www.smogon.com/tools/suspects/view/200">suspect thread</a>.</strong></div>
|j|☆cenotaphs
|j|☆dragswordtob
|t:|1776262560
|gametype|singles
|player|p1|cenotaphs|marley|1361
|player|p2|dragswordtob|naveen|1377
|gen|9
|tier|[Gen 9] OU
|rated|
|rule|HP Percentage Mod: HP is shown in percentages
|rule|Endless Battle Clause: Forcing endless battles is banned
|rule|Species Clause: Limit one of each Pokémon
|rule|OHKO Clause: OHKO moves are banned
|rule|Evasion Items Clause: Evasion items are banned
|rule|Evasion Moves Clause: Evasion moves are banned
|rule|Evasion Abilities Clause: Evasion abilities are banned
|rule|Sleep Moves Clause: Sleep-inducing moves are banned
|clearpoke
|poke|p1|Gyarados, M|
|poke|p1|Great Tusk|
|poke|p1|Kyurem|
|poke|p1|Araquanid, M|
|poke|p1|Gholdengo|
|poke|p1|Ting-Lu|
|poke|p2|Glimmora, F|
|poke|p2|Zamazenta-*|
|poke|p2|Latias, F|
|poke|p2|Gholdengo|
|poke|p2|Dragonite, M|
|poke|p2|Weavile, F|
|teampreview
|inactive|Battle timer is ON: inactive players will automatically lose when time's up. (requested by cenotaphs)
|
|t:|1776262592
|teamsize|p1|6
|teamsize|p2|6
|start
|switch|p1a: Araquanid|Araquanid, M, shiny|100/100
|switch|p2a: Gholdengo|Gholdengo|100/100
|turn|1
|
|t:|1776262598
|move|p2a: Gholdengo|Nasty Plot|p2a: Gholdengo
|-boost|p2a: Gholdengo|spa|2
|move|p1a: Araquanid|Sticky Web|p2a: Gholdengo
|-sidestart|p2: dragswordtob|move: Sticky Web
|
|upkeep
|turn|2
|
|t:|1776262601
|move|p2a: Gholdengo|Thunderbolt|p1a: Araquanid
|-supereffective|p1a: Araquanid
|-damage|p1a: Araquanid|13/100
|-enditem|p1a: Araquanid|Red Card|[of] p2a: Gholdengo
|drag|p2a: Dragonite|Dragonite, M|100/100
|move|p1a: Araquanid|Mirror Coat|p2a: Dragonite
|-damage|p2a: Dragonite|0 fnt
|faint|p2a: Dragonite
|
|upkeep
|c|☆dragswordtob|Lmao
|
|t:|1776262612
|switch|p2a: Glimmora|Glimmora, F|100/100
|-activate|p2a: Glimmora|move: Sticky Web
|-unboost|p2a: Glimmora|spe|1
|turn|3
|
|t:|1776262632
|move|p2a: Glimmora|Mortal Spin|p1a: Araquanid
|-damage|p1a: Araquanid|7/100
|-status|p1a: Araquanid|psn
|-sideend|p2: dragswordtob|Sticky Web|[from] move: Mortal Spin|[of] p2a: Glimmora
|move|p1a: Araquanid|Surf|p2a: Glimmora
|-supereffective|p2a: Glimmora
|-enditem|p2a: Glimmora|Focus Sash
|-damage|p2a: Glimmora|1/100
|
|-damage|p1a: Araquanid|0 fnt|[from] psn
|faint|p1a: Araquanid
|upkeep
|
|t:|1776262636
|switch|p1a: Great Tusk|Great Tusk|100/100
|-enditem|p1a: Great Tusk|Booster Energy
|-activate|p1a: Great Tusk|ability: Protosynthesis|[fromitem]
|-start|p1a: Great Tusk|protosynthesisatk
|turn|4
|
|t:|1776262645
|move|p1a: Great Tusk|Rapid Spin|p2a: Glimmora
|-resisted|p2a: Glimmora
|-damage|p2a: Glimmora|0 fnt
|-boost|p1a: Great Tusk|spe|1
|-activate|p2a: Glimmora|ability: Toxic Debris
|-sidestart|p1: cenotaphs|move: Toxic Spikes
|-sideend|p1: cenotaphs|Toxic Spikes|[from] move: Rapid Spin|[of] p1a: Great Tusk
|faint|p2a: Glimmora
|
|upkeep
|
|t:|1776262649
|switch|p2a: Zamazenta|Zamazenta|100/100
|-ability|p2a: Zamazenta|Dauntless Shield|boost
|-boost|p2a: Zamazenta|def|1
|turn|5
|
|t:|1776262653
|move|p1a: Great Tusk|Knock Off|p2a: Zamazenta
|-resisted|p2a: Zamazenta
|-damage|p2a: Zamazenta|89/100
|-enditem|p2a: Zamazenta|Leftovers|[from] move: Knock Off|[of] p1a: Great Tusk
|move|p2a: Zamazenta|Substitute|p2a: Zamazenta
|-start|p2a: Zamazenta|Substitute
|-damage|p2a: Zamazenta|64/100
|
|upkeep
|turn|6
|
|t:|1776262656
|move|p1a: Great Tusk|Headlong Rush|p2a: Zamazenta
|-end|p2a: Zamazenta|Substitute
|-unboost|p1a: Great Tusk|def|1
|-unboost|p1a: Great Tusk|spd|1
|move|p2a: Zamazenta|Iron Defense|p2a: Zamazenta
|-boost|p2a: Zamazenta|def|2
|
|upkeep
|turn|7
|
|t:|1776262666
|move|p1a: Great Tusk|Headlong Rush|p2a: Zamazenta
|-damage|p2a: Zamazenta|39/100
|-unboost|p1a: Great Tusk|def|1
|-unboost|p1a: Great Tusk|spd|1
|move|p2a: Zamazenta|Crunch|p1a: Great Tusk
|-resisted|p1a: Great Tusk
|-damage|p1a: Great Tusk|85/100
|
|upkeep
|turn|8
|
|t:|1776262669
|move|p1a: Great Tusk|Headlong Rush|p2a: Zamazenta
|-damage|p2a: Zamazenta|12/100
|-unboost|p1a: Great Tusk|def|1
|-unboost|p1a: Great Tusk|spd|1
|move|p2a: Zamazenta|Body Press|p1a: Great Tusk
|-damage|p1a: Great Tusk|0 fnt
|faint|p1a: Great Tusk
|-end|p1a: Great Tusk|Protosynthesis|[silent]
|
|upkeep
|
|t:|1776262674
|switch|p1a: Gyarados|Gyarados, M|100/100
|-ability|p1a: Gyarados|Intimidate|boost
|-unboost|p2a: Zamazenta|atk|1
|turn|9
|
|t:|1776262681
|move|p2a: Zamazenta|Body Press|p1a: Gyarados
|-resisted|p1a: Gyarados
|-damage|p1a: Gyarados|46/100
|move|p1a: Gyarados|Dragon Dance|p1a: Gyarados
|-boost|p1a: Gyarados|atk|1
|-boost|p1a: Gyarados|spe|1
|
|-heal|p1a: Gyarados|52/100|[from] item: Leftovers
|upkeep
|turn|10
|
|t:|1776262684
|move|p1a: Gyarados|Waterfall|p2a: Zamazenta
|-damage|p2a: Zamazenta|0 fnt
|faint|p2a: Zamazenta
|
|-heal|p1a: Gyarados|58/100|[from] item: Leftovers
|upkeep
|
|t:|1776262692
|switch|p2a: Gholdengo|Gholdengo|100/100
|turn|11
|
|t:|1776262699
|move|p1a: Gyarados|Waterfall|p2a: Gholdengo
|-damage|p2a: Gholdengo|39/100
|move|p2a: Gholdengo|Thunderbolt|p1a: Gyarados
|-supereffective|p1a: Gyarados
|-damage|p1a: Gyarados|0 fnt
|faint|p1a: Gyarados
|
|upkeep
|
|t:|1776262704
|switch|p1a: Ting-Lu|Ting-Lu, shiny|100/100
|-ability|p1a: Ting-Lu|Vessel of Ruin
|turn|12
|
|t:|1776262708
|move|p2a: Gholdengo|Make It Rain|p1a: Ting-Lu
|-damage|p1a: Ting-Lu|68/100
|-unboost|p2a: Gholdengo|spa|1
|move|p1a: Ting-Lu|Earthquake|p2a: Gholdengo
|-supereffective|p2a: Gholdengo
|-damage|p2a: Gholdengo|0 fnt
|faint|p2a: Gholdengo
|
|upkeep
|
|t:|1776262713
|switch|p2a: Weavile|Weavile, F|100/100
|turn|13
|
|t:|1776262717
|move|p2a: Weavile|Swords Dance|p2a: Weavile
|-boost|p2a: Weavile|atk|2
|move|p1a: Ting-Lu|Heavy Slam|p2a: Weavile
|-supereffective|p2a: Weavile
|-damage|p2a: Weavile|0 fnt
|faint|p2a: Weavile
|
|upkeep
|c|☆dragswordtob|Ow
|c|☆dragswordtob|wasnt expecting that
|
|t:|1776262732
|switch|p2a: Latias|Latias, F|100/100
|turn|14
|
|t:|1776262739
|move|p2a: Latias|Calm Mind|p2a: Latias
|-boost|p2a: Latias|spa|1
|-boost|p2a: Latias|spd|1
|move|p1a: Ting-Lu|Heavy Slam|p2a: Latias
|-damage|p2a: Latias|74/100
|
|-heal|p2a: Latias|80/100|[from] item: Leftovers
|upkeep
|turn|15
|
|t:|1776262745
|switch|p1a: Gholdengo|Gholdengo, shiny|100/100
|move|p2a: Latias|Agility|p2a: Latias
|-boost|p2a: Latias|spe|2
|
|-heal|p2a: Latias|87/100|[from] item: Leftovers
|upkeep
|turn|16
|
|t:|1776262748
|move|p2a: Latias|Calm Mind|p2a: Latias
|-boost|p2a: Latias|spa|1
|-boost|p2a: Latias|spd|1
|move|p1a: Gholdengo|Nasty Plot|p1a: Gholdengo
|-boost|p1a: Gholdengo|spa|2
|
|-heal|p2a: Latias|93/100|[from] item: Leftovers
|upkeep
|turn|17
|
|t:|1776262751
|move|p2a: Latias|Calm Mind|p2a: Latias
|-boost|p2a: Latias|spa|1
|-boost|p2a: Latias|spd|1
|move|p1a: Gholdengo|Make It Rain|p2a: Latias
|-damage|p2a: Latias|51/100
|-unboost|p1a: Gholdengo|spa|1
|
|-heal|p2a: Latias|57/100|[from] item: Leftovers
|upkeep
|turn|18
|
|t:|1776262755
|move|p2a: Latias|Calm Mind|p2a: Latias
|-boost|p2a: Latias|spa|1
|-boost|p2a: Latias|spd|1
|move|p1a: Gholdengo|Nasty Plot|p1a: Gholdengo
|-boost|p1a: Gholdengo|spa|2
|
|-heal|p2a: Latias|63/100|[from] item: Leftovers
|upkeep
|turn|19
|
|t:|1776262760
|move|p2a: Latias|Stored Power|p1a: Gholdengo
|-resisted|p1a: Gholdengo
|-damage|p1a: Gholdengo|0 fnt
|faint|p1a: Gholdengo
|
|-heal|p2a: Latias|69/100|[from] item: Leftovers
|upkeep
|
|t:|1776262764
|switch|p1a: Ting-Lu|Ting-Lu, shiny|68/100
|-ability|p1a: Ting-Lu|Vessel of Ruin
|turn|20
|
|t:|1776262766
|move|p2a: Latias|Draining Kiss|p1a: Ting-Lu
|-supereffective|p1a: Ting-Lu
|-damage|p1a: Ting-Lu|27/100
|-heal|p2a: Latias|100/100|[from] drain|[of] p1a: Ting-Lu
|move|p1a: Ting-Lu|Heavy Slam|p2a: Latias
|-damage|p2a: Latias|74/100
|
|-heal|p2a: Latias|80/100|[from] item: Leftovers
|upkeep
|turn|21
|
|t:|1776262776
|-terastallize|p1a: Ting-Lu|Ghost
|move|p2a: Latias|Calm Mind|p2a: Latias
|-boost|p2a: Latias|spa|1
|-boost|p2a: Latias|spd|1
|move|p1a: Ting-Lu|Heavy Slam|p2a: Latias
|-damage|p2a: Latias|51/100
|
|-heal|p2a: Latias|58/100|[from] item: Leftovers
|upkeep
|turn|22
|
|t:|1776262779
|move|p2a: Latias|Agility|p2a: Latias
|-boost|p2a: Latias|spe|2
|move|p1a: Ting-Lu|Heavy Slam|p2a: Latias
|-damage|p2a: Latias|27/100
|
|-heal|p2a: Latias|34/100|[from] item: Leftovers
|upkeep
|turn|23
|
|t:|1776262781
|move|p2a: Latias|Draining Kiss|p1a: Ting-Lu
|-damage|p1a: Ting-Lu|4/100
|-heal|p2a: Latias|61/100|[from] drain|[of] p1a: Ting-Lu
|move|p1a: Ting-Lu|Heavy Slam|p2a: Latias
|-damage|p2a: Latias|30/100
|
|-heal|p2a: Latias|37/100|[from] item: Leftovers
|upkeep
|turn|24
|-enditem|p1a: Ting-Lu|Custap Berry|[eat]
|-activate|p1a: Ting-Lu|item: Custap Berry|[consumed]
|
|t:|1776262785
|move|p1a: Ting-Lu|Heavy Slam|p2a: Latias
|-damage|p2a: Latias|7/100
|move|p2a: Latias|Draining Kiss|p1a: Ting-Lu
|-damage|p1a: Ting-Lu|0 fnt
|-heal|p2a: Latias|10/100|[from] drain|[of] p1a: Ting-Lu
|faint|p1a: Ting-Lu
|
|-heal|p2a: Latias|16/100|[from] item: Leftovers
|upkeep
|
|t:|1776262787
|switch|p1a: Kyurem|Kyurem, shiny|100/100
|-ability|p1a: Kyurem|Pressure
|turn|25
|
|t:|1776262791
|-terastallize|p2a: Latias|Fairy
|move|p2a: Latias|Draining Kiss|p1a: Kyurem
|-supereffective|p1a: Kyurem
|-damage|p1a: Kyurem|7/100
|-heal|p2a: Latias|98/100|[from] drain|[of] p1a: Kyurem
|move|p1a: Kyurem|Ice Beam|p2a: Latias
|-crit|p2a: Latias
|-damage|p2a: Latias|38/100
|
|-heal|p2a: Latias|45/100|[from] item: Leftovers
|upkeep
|turn|26
|-message|cenotaphs forfeited.
|
|win|dragswordtob
|raw|cenotaphs's rating: 1361 &rarr; <strong>1342</strong><br />(-19 for losing)
|raw|dragswordtob's rating: 1377 &rarr; <strong>1396</strong><br />(+19 for winning)
|l|☆cenotaphs
|player|p1|
|c|☆dragswordtob|Gg
|l|☆dragswordtob
|player|p2|
|j|☆dragswordtob
|player|p2|dragswordtob|naveen|
