|html|<div class="broadcast-blue"><strong>[Gen 9] OU is currently suspecting Tera Blast! For information on how to participate check out the <a href="https://www.smogon.com/tools/suspects/view/200">suspect thread</a>.</strong></div>
|j|☆Dhoom Again
|j|☆brogre35
|t:|1776097862
|gametype|singles
|player|p1|Dhoom Again|argenta|1568
|player|p2|brogre35|swimmer-gen4dp|1651
|gen|9
|tier|[Gen 9] OU
|rated|
|rule|HP Percentage Mod: HP is shown in percentages
|rule|Endless Battle Clause: Forcing endless battles is banned
|rule|Species Clause: Limit one of each Pokémon
|rule|OHKO Clause: OHKO moves are banned
|rule|Evasion Items Clause: Evasion items are banned
|rule|Evasion Moves Clause: Evasion moves are banned
|rule|Evasion Abilities Clause: Evasion abilities are banned
|rule|Sleep Moves Clause: Sleep-inducing moves are banned
|clearpoke
|poke|p1|Grimmsnarl, M|
|poke|p1|Gholdengo|
|poke|p1|Garchomp, M|
|poke|p1|Primarina, F|
|poke|p1|Ogerpon, F|
|poke|p1|Heatran, M|
|poke|p2|Ninetales-Alola, M|
|poke|p2|Kyurem|
|poke|p2|Ursaluna, F|
|poke|p2|Farigiraf, F|
|poke|p2|Hatterene, F|
|poke|p2|Cresselia, F|
|teampreview
|inactive|Battle timer is ON: inactive players will automatically lose when time's up. (requested by brogre35)
|inactive|Dhoom Again has 120 seconds left.
|inactive|brogre35 has 120 seconds left.
|
|t:|1776097914
|teamsize|p1|6
|teamsize|p2|6
|start
|switch|p1a: MF Doom|Heatran, M|100/100
|switch|p2a: Across The Sea|Farigiraf, F|100/100
|turn|1
|
|t:|1776097921
|move|p1a: MF Doom|Magma Storm|p2a: Across The Sea
|-damage|p2a: Across The Sea|55/100
|-activate|p2a: Across The Sea|move: Magma Storm|[of] p1a: MF Doom
|move|p2a: Across The Sea|Nasty Plot|p2a: Across The Sea
|-boost|p2a: Across The Sea|spa|2
|
|-heal|p2a: Across The Sea|61/100|[from] item: Leftovers
|-damage|p2a: Across The Sea|49/100|[from] move: Magma Storm|[partiallytrapped]
|upkeep
|turn|2
|
|t:|1776097931
|-terastallize|p2a: Across The Sea|Fighting
|move|p1a: MF Doom|Magma Storm|p2a: Across The Sea
|-damage|p2a: Across The Sea|7/100
|move|p2a: Across The Sea|Tera Blast|p1a: MF Doom|[anim] Tera Blast Fighting
|-supereffective|p1a: MF Doom
|-damage|p1a: MF Doom|3/100
|
|-heal|p1a: MF Doom|9/100|[from] item: Leftovers
|-heal|p2a: Across The Sea|13/100|[from] item: Leftovers
|-damage|p2a: Across The Sea|0 fnt|[from] move: Magma Storm|[partiallytrapped]
|faint|p2a: Across The Sea
|upkeep
|j| Monkey D MinMin
|
|t:|1776097944
|switch|p2a: Getchoo|Kyurem|100/100
|-ability|p2a: Getchoo|Pressure
|turn|3
|
|t:|1776097953
|move|p2a: Getchoo|Icicle Spear|p1a: MF Doom
|-resisted|p1a: MF Doom
|-damage|p1a: MF Doom|6/100
|-resisted|p1a: MF Doom
|-crit|p1a: MF Doom
|-damage|p1a: MF Doom|2/100
|-resisted|p1a: MF Doom
|-damage|p1a: MF Doom|0 fnt
|faint|p1a: MF Doom
|-hitcount|p1: MF Doom|3
|
|upkeep
|
|t:|1776097955
|switch|p1a: The Brother Grimm|Grimmsnarl, M|100/100
|turn|4
|
|t:|1776097960
|switch|p2a: El Scorcho|Ursaluna, F|100/100
|move|p1a: The Brother Grimm|Reflect|p1a: The Brother Grimm
|-sidestart|p1: Dhoom Again|Reflect
|
|-status|p2a: El Scorcho|brn|[from] item: Flame Orb
|upkeep
|turn|5
|
|t:|1776097965
|move|p1a: The Brother Grimm|Parting Shot|p2a: El Scorcho
|-unboost|p2a: El Scorcho|atk|1
|-unboost|p2a: El Scorcho|spa|1
|
|t:|1776097967
|switch|p1a: Ouch|Garchomp, M|100/100|[from] Parting Shot
|move|p2a: El Scorcho|Facade|p1a: Ouch
|-damage|p1a: Ouch|74/100
|-damage|p2a: El Scorcho|88/100 brn|[from] ability: Rough Skin|[of] p1a: Ouch
|-damage|p2a: El Scorcho|72/100 brn|[from] item: Rocky Helmet|[of] p1a: Ouch
|
|-damage|p2a: El Scorcho|66/100 brn|[from] brn
|upkeep
|turn|6
|
|t:|1776097973
|switch|p2a: Pink Triangle|Hatterene, F|100/100
|move|p1a: Ouch|Earthquake|p2a: Pink Triangle
|-damage|p2a: Pink Triangle|56/100
|
|upkeep
|turn|7
|
|t:|1776097979
|move|p1a: Ouch|Earthquake|p2a: Pink Triangle
|-damage|p2a: Pink Triangle|5/100
|move|p2a: Pink Triangle|Trick Room|p2a: Pink Triangle
|-fieldstart|move: Trick Room|[of] p2a: Pink Triangle
|
|upkeep
|turn|8
|
|t:|1776097986
|switch|p1a: The Brother Grimm|Grimmsnarl, M|100/100
|move|p2a: Pink Triangle|Misty Explosion|p1a: The Brother Grimm
|-supereffective|p1a: The Brother Grimm
|-damage|p1a: The Brother Grimm|18/100
|faint|p2a: Pink Triangle
|
|upkeep
|
|t:|1776097993
|switch|p2a: El Scorcho|Ursaluna, F|66/100 brn
|turn|9
|
|t:|1776097997
|move|p1a: The Brother Grimm|Parting Shot|p2a: El Scorcho
|-unboost|p2a: El Scorcho|atk|1
|-unboost|p2a: El Scorcho|spa|1
|
|t:|1776097998
|switch|p1a: Ouch|Garchomp, M|74/100|[from] Parting Shot
|move|p2a: El Scorcho|Facade|p1a: Ouch
|-damage|p1a: Ouch|46/100
|-damage|p2a: El Scorcho|53/100 brn|[from] ability: Rough Skin|[of] p1a: Ouch
|-damage|p2a: El Scorcho|37/100 brn|[from] item: Rocky Helmet|[of] p1a: Ouch
|
|-damage|p2a: El Scorcho|31/100 brn|[from] brn
|upkeep
|turn|10
|l| Monkey D MinMin
|
|t:|1776098012
|move|p2a: El Scorcho|Facade|p1a: Ouch
|-damage|p1a: Ouch|22/100
|-damage|p2a: El Scorcho|18/100 brn|[from] ability: Rough Skin|[of] p1a: Ouch
|-damage|p2a: El Scorcho|2/100 brn|[from] item: Rocky Helmet|[of] p1a: Ouch
|move|p1a: Ouch|Stealth Rock|p2a: El Scorcho
|-sidestart|p2: brogre35|move: Stealth Rock
|
|-damage|p2a: El Scorcho|0 fnt|[from] brn
|faint|p2a: El Scorcho
|upkeep
|
|t:|1776098016
|switch|p2a: Getchoo|Kyurem|100/100
|-damage|p2a: Getchoo|76/100|[from] Stealth Rock
|-ability|p2a: Getchoo|Pressure
|turn|11
|
|t:|1776098022
|move|p1a: Ouch|Earthquake|p2a: Getchoo
|-damage|p2a: Getchoo|36/100
|move|p2a: Getchoo|Scale Shot|p1a: Ouch
|-supereffective|p1a: Ouch
|-damage|p1a: Ouch|13/100
|-supereffective|p1a: Ouch
|-damage|p1a: Ouch|3/100
|-supereffective|p1a: Ouch
|-damage|p1a: Ouch|0 fnt
|faint|p1a: Ouch
|-hitcount|p1: Ouch|3
|-unboost|p2a: Getchoo|def|1
|-boost|p2a: Getchoo|spe|1
|
|-sideend|p1: Dhoom Again|Reflect
|-fieldend|move: Trick Room
|upkeep
|
|t:|1776098033
|switch|p1a: The Brother Grimm|Grimmsnarl, M|18/100
|turn|12
|
|t:|1776098035
|move|p1a: The Brother Grimm|Reflect|p1a: The Brother Grimm
|-sidestart|p1: Dhoom Again|Reflect
|move|p2a: Getchoo|Icicle Spear|p1a: The Brother Grimm
|-damage|p1a: The Brother Grimm|9/100
|-damage|p1a: The Brother Grimm|0 fnt
|faint|p1a: The Brother Grimm
|-hitcount|p1: The Brother Grimm|2
|
|upkeep
|
|t:|1776098048
|switch|p1a: Cielo|Gholdengo|100/100
|turn|13
|
|t:|1776098055
|switch|p2a: The Good Life|Ninetales-Alola, M|100/100
|-damage|p2a: The Good Life|76/100|[from] Stealth Rock
|-weather|Snowscape|[from] ability: Snow Warning|[of] p2a: The Good Life
|move|p1a: Cielo|Shadow Ball|p2a: The Good Life
|-damage|p2a: The Good Life|8/100
|
|-weather|Snowscape|[upkeep]
|upkeep
|turn|14
|
|t:|1776098060
|move|p2a: The Good Life|Aurora Veil|p2a: The Good Life
|-sidestart|p2: brogre35|move: Aurora Veil
|move|p1a: Cielo|Shadow Ball|p2a: The Good Life
|-damage|p2a: The Good Life|0 fnt
|faint|p2a: The Good Life
|
|-weather|Snowscape|[upkeep]
|upkeep
|
|t:|1776098062
|switch|p2a: Butterfly|Cresselia, F|100/100
|-damage|p2a: Butterfly|88/100|[from] Stealth Rock
|turn|15
|
|t:|1776098068
|move|p1a: Cielo|Shadow Ball|p2a: Butterfly
|-supereffective|p2a: Butterfly
|-damage|p2a: Butterfly|46/100
|-unboost|p2a: Butterfly|spd|1
|move|p2a: Butterfly|Lunar Dance|p2a: Butterfly
|faint|p2a: Butterfly
|
|-weather|Snowscape|[upkeep]
|upkeep
|
|t:|1776098071
|switch|p2a: Getchoo|Kyurem|36/100
|-heal|p2a: Getchoo|100/100|[from] move: Lunar Dance
|-damage|p2a: Getchoo|76/100|[from] Stealth Rock
|-ability|p2a: Getchoo|Pressure
|turn|16
|
|t:|1776098073
|move|p1a: Cielo|Shadow Ball|p2a: Getchoo
|-damage|p2a: Getchoo|45/100
|move|p2a: Getchoo|Dragon Dance|p2a: Getchoo
|-boost|p2a: Getchoo|atk|1
|-boost|p2a: Getchoo|spe|1
|
|-weather|Snowscape|[upkeep]
|upkeep
|turn|17
|
|t:|1776098077
|move|p2a: Getchoo|Dragon Dance|p2a: Getchoo
|-boost|p2a: Getchoo|atk|1
|-boost|p2a: Getchoo|spe|1
|move|p1a: Cielo|Shadow Ball|p2a: Getchoo
|-damage|p2a: Getchoo|15/100
|
|-weather|none
|upkeep
|turn|18
|
|t:|1776098079
|move|p2a: Getchoo|Icicle Spear|p1a: Cielo
|-resisted|p1a: Cielo
|-damage|p1a: Cielo|92/100
|-resisted|p1a: Cielo
|-damage|p1a: Cielo|83/100
|-resisted|p1a: Cielo
|-damage|p1a: Cielo|76/100
|-resisted|p1a: Cielo
|-damage|p1a: Cielo|67/100
|-resisted|p1a: Cielo
|-damage|p1a: Cielo|59/100
|-hitcount|p1a: Cielo|5
|move|p1a: Cielo|Shadow Ball|p2a: Getchoo
|-damage|p2a: Getchoo|0 fnt
|faint|p2a: Getchoo
|
|win|Dhoom Again
|raw|Dhoom Again's rating: 1568 &rarr; <strong>1593</strong><br />(+25 for winning)
|raw|brogre35's rating: 1651 &rarr; <strong>1626</strong><br />(-25 for losing)
|l|☆Dhoom Again
|player|p1|
|l|☆brogre35
|player|p2|
