|html|<div class="broadcast-blue"><strong>[Gen 9] OU is currently suspecting Volcarona! For information on how to participate check out the <a href="https://www.smogon.com/tools/suspects/view/208">suspect thread</a>.</strong></div>
|j|☆aPersonOrSomething
|j|☆Kretensky
|t:|1778497775
|gametype|singles
|player|p1|aPersonOrSomething|101|1553
|player|p2|Kretensky|mira|1518
|gen|9
|tier|[Gen 9] OU
|rated|
|rule|HP Percentage Mod: HP is shown in percentages
|rule|Endless Battle Clause: Forcing endless battles is banned
|rule|Species Clause: Limit one of each Pokémon
|rule|OHKO Clause: OHKO moves are banned
|rule|Evasion Items Clause: Evasion items are banned
|rule|Evasion Moves Clause: Evasion moves are banned
|rule|Evasion Abilities Clause: Evasion abilities are banned
|rule|Sleep Moves Clause: Sleep-inducing moves are banned
|clearpoke
|poke|p1|Volcarona, F|
|poke|p1|Landorus-Therian, M|
|poke|p1|Samurott-Hisui, F|
|poke|p1|Hydrapple, F|
|poke|p1|Gholdengo|
|poke|p1|Great Tusk|
|poke|p2|Dondozo, M|
|poke|p2|Blissey, F|
|poke|p2|Corviknight, F|
|poke|p2|Weezing-Galar, F|
|poke|p2|Gliscor, F|
|poke|p2|Toxapex, M|
|teampreview
|inactive|Battle timer is ON: inactive players will automatically lose when time's up. (requested by aPersonOrSomething)
|
|t:|1778497791
|teamsize|p1|6
|teamsize|p2|6
|start
|switch|p1a: Samurott|Samurott-Hisui, F|100/100
|switch|p2a: Knight of Nights|Corviknight, F|100/100
|-ability|p2a: Knight of Nights|Pressure
|turn|1
|
|t:|1778497801
|move|p1a: Samurott|Knock Off|p2a: Knight of Nights
|-damage|p2a: Knight of Nights|75/100
|-enditem|p2a: Knight of Nights|Leftovers|[from] move: Knock Off|[of] p1a: Samurott
|move|p2a: Knight of Nights|Body Press|p1a: Samurott
|-supereffective|p1a: Samurott
|-damage|p1a: Samurott|47/100
|
|upkeep
|turn|2
|
|t:|1778497807
|switch|p1a: Landorus|Landorus-Therian, M|100/100
|-ability|p1a: Landorus|Intimidate|boost
|-unboost|p2a: Knight of Nights|atk|1
|move|p2a: Knight of Nights|Iron Defense|p2a: Knight of Nights
|-boost|p2a: Knight of Nights|def|2
|
|upkeep
|turn|3
|
|t:|1778497813
|switch|p1a: Gholdengo|Gholdengo|100/100
|switch|p2a: I Soar; U Bored.|Gliscor, F|100/100
|
|-status|p2a: I Soar; U Bored.|tox|[from] item: Toxic Orb
|upkeep
|turn|4
|
|t:|1778497828
|move|p2a: I Soar; U Bored.|Protect|p2a: I Soar; U Bored.
|-singleturn|p2a: I Soar; U Bored.|Protect
|move|p1a: Gholdengo|Nasty Plot|p1a: Gholdengo
|-boost|p1a: Gholdengo|spa|2
|
|upkeep
|turn|5
|
|t:|1778497842
|switch|p2a: Shameful Organics|Blissey, F|100/100
|-terastallize|p1a: Gholdengo|Steel
|move|p1a: Gholdengo|Make It Rain|p2a: Shameful Organics
|-damage|p2a: Shameful Organics|29/100
|-unboost|p1a: Gholdengo|spa|1
|
|-heal|p2a: Shameful Organics|35/100|[from] item: Leftovers
|upkeep
|turn|6
|
|t:|1778497860
|move|p1a: Gholdengo|Nasty Plot|p1a: Gholdengo
|-boost|p1a: Gholdengo|spa|2
|move|p2a: Shameful Organics|Soft-Boiled|p2a: Shameful Organics
|-heal|p2a: Shameful Organics|85/100
|
|-heal|p2a: Shameful Organics|92/100|[from] item: Leftovers
|upkeep
|turn|7
|
|t:|1778497865
|switch|p2a: Thorned Knox|Toxapex, M|100/100
|move|p1a: Gholdengo|Make It Rain|p2a: Thorned Knox
|-resisted|p2a: Thorned Knox
|-damage|p2a: Thorned Knox|10/100
|-unboost|p1a: Gholdengo|spa|1
|
|-heal|p2a: Thorned Knox|16/100|[from] item: Leftovers
|upkeep
|turn|8
|
|t:|1778497870
|move|p1a: Gholdengo|Thunderbolt|p2a: Thorned Knox
|-supereffective|p2a: Thorned Knox
|-damage|p2a: Thorned Knox|0 fnt
|faint|p2a: Thorned Knox
|
|upkeep
|
|t:|1778497872
|switch|p2a: Shameful Organics|Blissey, F|92/100
|turn|9
|
|t:|1778497877
|switch|p1a: Samurott|Samurott-Hisui, F|47/100
|move|p2a: Shameful Organics|Calm Mind|p2a: Shameful Organics
|-boost|p2a: Shameful Organics|spa|1
|-boost|p2a: Shameful Organics|spd|1
|
|-heal|p2a: Shameful Organics|98/100|[from] item: Leftovers
|upkeep
|turn|10
|
|t:|1778497882
|switch|p2a: Dondoozer|Dondozo, M|100/100
|move|p1a: Samurott|Ceaseless Edge|p2a: Dondoozer
|-damage|p2a: Dondoozer|83/100
|-sidestart|p2: Kretensky|Spikes
|
|-heal|p2a: Dondoozer|89/100|[from] item: Leftovers
|upkeep
|turn|11
|
|t:|1778497888
|move|p1a: Samurott|Knock Off|p2a: Dondoozer
|-damage|p2a: Dondoozer|69/100
|-enditem|p2a: Dondoozer|Leftovers|[from] move: Knock Off|[of] p1a: Samurott
|move|p2a: Dondoozer|Body Press|p1a: Samurott
|-supereffective|p1a: Samurott
|-crit|p1a: Samurott
|-damage|p1a: Samurott|0 fnt
|faint|p1a: Samurott
|
|upkeep
|
|t:|1778497892
|switch|p1a: Hydrapple|Hydrapple, F|100/100
|turn|12
|
|t:|1778497900
|switch|p1a: Landorus|Landorus-Therian, M|100/100
|-ability|p1a: Landorus|Intimidate|boost
|-unboost|p2a: Dondoozer|atk|1
|switch|p2a: Gassy Gemerald|Weezing-Galar, F|100/100
|-ability|p2a: Gassy Gemerald|Neutralizing Gas
|
|upkeep
|turn|13
|
|t:|1778497913
|move|p1a: Landorus|Earthquake|p2a: Gassy Gemerald
|-supereffective|p2a: Gassy Gemerald
|-damage|p2a: Gassy Gemerald|25/100
|move|p2a: Gassy Gemerald|Will-O-Wisp|p1a: Landorus
|-status|p1a: Landorus|brn
|
|-damage|p1a: Landorus|95/100 brn|[from] brn
|upkeep
|turn|14
|inactive|Kretensky has 120 seconds left.
|
|t:|1778497944
|-end|p2a: Gassy Gemerald|ability: Neutralizing Gas
|-ability|p1a: Landorus|Intimidate|boost
|-unboost|p2a: Gassy Gemerald|atk|1
|switch|p2a: I Soar; U Bored.|Gliscor, F|100/100 tox
|move|p1a: Landorus|Earthquake|p2a: I Soar; U Bored.
|-immune|p2a: I Soar; U Bored.
|
|-damage|p1a: Landorus|89/100 brn|[from] brn
|upkeep
|turn|15
|
|t:|1778497950
|switch|p1a: Great Tusk|Great Tusk|100/100
|move|p2a: I Soar; U Bored.|Knock Off|p1a: Great Tusk
|-resisted|p1a: Great Tusk
|-damage|p1a: Great Tusk|93/100
|-enditem|p1a: Great Tusk|Heavy-Duty Boots|[from] move: Knock Off|[of] p2a: I Soar; U Bored.
|
|upkeep
|turn|16
|
|t:|1778497954
|switch|p2a: Dondoozer|Dondozo, M|69/100
|-damage|p2a: Dondoozer|57/100|[from] Spikes
|move|p1a: Great Tusk|Stealth Rock|p2a: Dondoozer
|-sidestart|p2: Kretensky|move: Stealth Rock
|
|upkeep
|turn|17
|
|t:|1778497958
|-end|p1a: Great Tusk|Protosynthesis|[silent]
|switch|p1a: Hydrapple|Hydrapple, F|100/100
|move|p2a: Dondoozer|Rest|p2a: Dondoozer
|-status|p2a: Dondoozer|slp|[from] move: Rest
|-heal|p2a: Dondoozer|100/100 slp|[silent]
|
|upkeep
|turn|18
|
|t:|1778497984
|switch|p1a: Gholdengo|Gholdengo, tera:Steel|100/100
|switch|p2a: Gassy Gemerald|Weezing-Galar, F|25/100
|-ability|p2a: Gassy Gemerald|Neutralizing Gas
|
|upkeep
|turn|19
|
|t:|1778497994
|move|p1a: Gholdengo|Thunderbolt|p2a: Gassy Gemerald
|-damage|p2a: Gassy Gemerald|0 fnt
|faint|p2a: Gassy Gemerald
|-end|p2a: Gassy Gemerald|ability: Neutralizing Gas
|
|upkeep
|
|t:|1778497998
|switch|p2a: Shameful Organics|Blissey, F|98/100
|-damage|p2a: Shameful Organics|85/100|[from] Spikes
|-damage|p2a: Shameful Organics|73/100|[from] Stealth Rock
|turn|20
|
|t:|1778498002
|switch|p1a: Great Tusk|Great Tusk|93/100
|move|p2a: Shameful Organics|Stealth Rock|p1a: Great Tusk
|-sidestart|p1: aPersonOrSomething|move: Stealth Rock
|
|-heal|p2a: Shameful Organics|79/100|[from] item: Leftovers
|upkeep
|turn|21
|
|t:|1778498004
|switch|p2a: Dondoozer|Dondozo, M|100/100 slp
|-damage|p2a: Dondoozer|88/100 slp|[from] Spikes
|-damage|p2a: Dondoozer|76/100 slp|[from] Stealth Rock
|move|p1a: Great Tusk|Rapid Spin|p2a: Dondoozer
|-damage|p2a: Dondoozer|68/100 slp
|-boost|p1a: Great Tusk|spe|1
|-sideend|p1: aPersonOrSomething|Stealth Rock|[from] move: Rapid Spin|[of] p1a: Great Tusk
|
|upkeep
|turn|22
|
|t:|1778498008
|-end|p1a: Great Tusk|Protosynthesis|[silent]
|switch|p1a: Gholdengo|Gholdengo, tera:Steel|100/100
|cant|p2a: Dondoozer|slp
|move|p2a: Dondoozer|Sleep Talk|p2a: Dondoozer
|move|p2a: Dondoozer|Avalanche|p1a: Gholdengo|[from] move: Sleep Talk
|-resisted|p1a: Gholdengo
|-damage|p1a: Gholdengo|93/100
|
|upkeep
|turn|23
|
|t:|1778498017
|move|p1a: Gholdengo|Nasty Plot|p1a: Gholdengo
|-boost|p1a: Gholdengo|spa|2
|cant|p2a: Dondoozer|slp
|
|upkeep
|turn|24
|
|t:|1778498023
|move|p1a: Gholdengo|Thunderbolt|p2a: Dondoozer
|-supereffective|p2a: Dondoozer
|-damage|p2a: Dondoozer|0 fnt
|faint|p2a: Dondoozer
|
|upkeep
|-message|Kretensky forfeited.
|
|win|aPersonOrSomething
|raw|aPersonOrSomething's rating: 1553 &rarr; <strong>1570</strong><br />(+17 for winning)
|raw|Kretensky's rating: 1495 &rarr; <strong>1478</strong><br />(-17 for losing)
|l|☆Kretensky
|player|p2|
