|html|<div class="broadcast-blue"><strong>[Gen 9] OU is currently suspecting Tera Blast! For information on how to participate check out the <a href="https://www.smogon.com/tools/suspects/view/200">suspect thread</a>.</strong></div>
|j|☆WorkLaptop420
|j|☆Oceanic Maniac
|t:|1776322310
|gametype|singles
|player|p1|WorkLaptop420|aromalady|1312
|player|p2|Oceanic Maniac|burglar|1389
|gen|9
|tier|[Gen 9] OU
|rated|
|rule|HP Percentage Mod: HP is shown in percentages
|rule|Endless Battle Clause: Forcing endless battles is banned
|rule|Species Clause: Limit one of each Pokémon
|rule|OHKO Clause: OHKO moves are banned
|rule|Evasion Items Clause: Evasion items are banned
|rule|Evasion Moves Clause: Evasion moves are banned
|rule|Evasion Abilities Clause: Evasion abilities are banned
|rule|Sleep Moves Clause: Sleep-inducing moves are banned
|clearpoke
|poke|p1|Hydrapple, M|
|poke|p1|Tyranitar, F|
|poke|p1|Moltres|
|poke|p1|Zamazenta-*|
|poke|p1|Slowking-Galar, M|
|poke|p1|Excadrill, F|
|poke|p2|Armarouge, M|
|poke|p2|Alomomola, F|
|poke|p2|Ting-Lu|
|poke|p2|Ogerpon-Wellspring, F|
|poke|p2|Iron Valiant|
|poke|p2|Great Tusk|
|teampreview
|inactive|Battle timer is ON: inactive players will automatically lose when time's up. (requested by Oceanic Maniac)
|
|t:|1776322317
|teamsize|p1|6
|teamsize|p2|6
|start
|switch|p1a: Moltres|Moltres|100/100
|switch|p2a: Ting-Lu|Ting-Lu|100/100
|-ability|p2a: Ting-Lu|Vessel of Ruin
|turn|1
|
|t:|1776322326
|switch|p2a: Armarouge|Armarouge, M|100/100
|move|p1a: Moltres|Flamethrower|p2a: Armarouge
|-resisted|p2a: Armarouge
|-damage|p2a: Armarouge|78/100
|
|-heal|p2a: Armarouge|84/100|[from] item: Leftovers
|upkeep
|turn|2
|
|t:|1776322335
|move|p2a: Armarouge|Calm Mind|p2a: Armarouge
|-boost|p2a: Armarouge|spa|1
|-boost|p2a: Armarouge|spd|1
|move|p1a: Moltres|Roar|p2a: Armarouge
|drag|p2a: Iron Valiant|Iron Valiant|100/100
|-enditem|p2a: Iron Valiant|Booster Energy
|-activate|p2a: Iron Valiant|ability: Quark Drive|[fromitem]
|-start|p2a: Iron Valiant|quarkdrivespe
|
|upkeep
|turn|3
|
|t:|1776322349
|move|p2a: Iron Valiant|Shadow Ball|p1a: Moltres
|-damage|p1a: Moltres|71/100
|move|p1a: Moltres|Flamethrower|p2a: Iron Valiant
|-damage|p2a: Iron Valiant|25/100
|
|upkeep
|turn|4
|
|t:|1776322367
|-end|p2a: Iron Valiant|Quark Drive|[silent]
|switch|p2a: Alomomola|Alomomola, F|100/100
|move|p1a: Moltres|Flamethrower|p2a: Alomomola
|-resisted|p2a: Alomomola
|-damage|p2a: Alomomola|76/100
|
|upkeep
|turn|5
|
|t:|1776322378
|move|p1a: Moltres|U-turn|p2a: Alomomola
|-damage|p2a: Alomomola|69/100
|-damage|p1a: Moltres|55/100|[from] item: Rocky Helmet|[of] p2a: Alomomola
|
|t:|1776322387
|switch|p1a: Hydrapple|Hydrapple, M|100/100|[from] U-turn
|move|p2a: Alomomola|Flip Turn|p1a: Hydrapple
|-resisted|p1a: Hydrapple
|-damage|p1a: Hydrapple|98/100
|
|t:|1776322398
|switch|p2a: Great Tusk|Great Tusk|100/100|[from] Flip Turn
|
|upkeep
|turn|6
|
|t:|1776322406
|move|p2a: Great Tusk|Ice Spinner|p1a: Hydrapple
|-supereffective|p1a: Hydrapple
|-damage|p1a: Hydrapple|28/100
|move|p1a: Hydrapple|Giga Drain|p2a: Great Tusk
|-supereffective|p2a: Great Tusk
|-crit|p2a: Great Tusk
|-damage|p2a: Great Tusk|0 fnt
|-heal|p1a: Hydrapple|74/100|[from] drain|[of] p2a: Great Tusk
|faint|p2a: Great Tusk
|-end|p2a: Great Tusk|Protosynthesis|[silent]
|
|upkeep
|
|t:|1776322414
|switch|p2a: Armarouge|Armarouge, M|84/100
|turn|7
|
|t:|1776322423
|move|p2a: Armarouge|Calm Mind|p2a: Armarouge
|-boost|p2a: Armarouge|spa|1
|-boost|p2a: Armarouge|spd|1
|move|p1a: Hydrapple|Earth Power|p2a: Armarouge
|-supereffective|p2a: Armarouge
|-damage|p2a: Armarouge|36/100
|
|-heal|p2a: Armarouge|42/100|[from] item: Leftovers
|upkeep
|turn|8
|
|t:|1776322432
|-terastallize|p2a: Armarouge|Flying
|move|p2a: Armarouge|Calm Mind|p2a: Armarouge
|-boost|p2a: Armarouge|spa|1
|-boost|p2a: Armarouge|spd|1
|move|p1a: Hydrapple|Earth Power|p2a: Armarouge
|-immune|p2a: Armarouge
|
|-heal|p2a: Armarouge|48/100|[from] item: Leftovers
|upkeep
|turn|9
|
|t:|1776322444
|move|p2a: Armarouge|Substitute|p2a: Armarouge
|-start|p2a: Armarouge|Substitute
|-damage|p2a: Armarouge|24/100
|move|p1a: Hydrapple|Fickle Beam|p2a: Armarouge
|-activate|p2a: Armarouge|move: Substitute|[damage]
|
|-heal|p2a: Armarouge|30/100|[from] item: Leftovers
|upkeep
|turn|10
|
|t:|1776322454
|switch|p1a: Moltres|Moltres|55/100
|move|p2a: Armarouge|Calm Mind|p2a: Armarouge
|-boost|p2a: Armarouge|spa|1
|-boost|p2a: Armarouge|spd|1
|
|-heal|p2a: Armarouge|36/100|[from] item: Leftovers
|upkeep
|turn|11
|
|t:|1776322463
|move|p2a: Armarouge|Psyshock|p1a: Moltres
|-damage|p1a: Moltres|0 fnt
|faint|p1a: Moltres
|
|-heal|p2a: Armarouge|42/100|[from] item: Leftovers
|upkeep
|
|t:|1776322471
|switch|p1a: Excadrill|Excadrill, F|100/100
|-item|p1a: Excadrill|Air Balloon
|turn|12
|inactive|Oceanic Maniac has 120 seconds left.
|
|t:|1776322517
|switch|p1a: Tyranitar|Tyranitar, F|100/100
|-weather|Sandstorm|[from] ability: Sand Stream|[of] p1a: Tyranitar
|move|p2a: Armarouge|Armor Cannon|p1a: Tyranitar
|-resisted|p1a: Tyranitar
|-crit|p1a: Tyranitar
|-damage|p1a: Tyranitar|46/100
|-unboost|p2a: Armarouge|def|1
|-unboost|p2a: Armarouge|spd|1
|
|-weather|Sandstorm|[upkeep]
|-damage|p2a: Armarouge|36/100|[from] Sandstorm
|-heal|p2a: Armarouge|42/100|[from] item: Leftovers
|upkeep
|turn|13
|
|t:|1776322534
|move|p2a: Armarouge|Armor Cannon|p1a: Tyranitar
|-resisted|p1a: Tyranitar
|-damage|p1a: Tyranitar|14/100
|-unboost|p2a: Armarouge|def|1
|-unboost|p2a: Armarouge|spd|1
|move|p1a: Tyranitar|Stealth Rock|p2a: Armarouge
|-sidestart|p2: Oceanic Maniac|move: Stealth Rock
|
|-weather|Sandstorm|[upkeep]
|-damage|p2a: Armarouge|36/100|[from] Sandstorm
|-heal|p2a: Armarouge|42/100|[from] item: Leftovers
|upkeep
|turn|14
|
|t:|1776322548
|switch|p1a: Slowking|Slowking-Galar, M|100/100
|move|p2a: Armarouge|Armor Cannon|p1a: Slowking
|-damage|p1a: Slowking|6/100
|-unboost|p2a: Armarouge|def|1
|-unboost|p2a: Armarouge|spd|1
|
|-weather|Sandstorm|[upkeep]
|-damage|p2a: Armarouge|36/100|[from] Sandstorm
|-damage|p1a: Slowking|0 fnt|[from] Sandstorm
|faint|p1a: Slowking
|-heal|p2a: Armarouge|42/100|[from] item: Leftovers
|upkeep
|inactive|WorkLaptop420 has 120 seconds left.
|
|t:|1776322565
|switch|p1a: Zamazenta|Zamazenta|100/100
|-ability|p1a: Zamazenta|Dauntless Shield|boost
|-boost|p1a: Zamazenta|def|1
|turn|15
|inactive|Oceanic Maniac has 120 seconds left.
|
|t:|1776322580
|move|p2a: Armarouge|Armor Cannon|p1a: Zamazenta
|-damage|p1a: Zamazenta|0 fnt
|-unboost|p2a: Armarouge|def|1
|-unboost|p2a: Armarouge|spd|1
|faint|p1a: Zamazenta
|
|-weather|Sandstorm|[upkeep]
|-damage|p2a: Armarouge|36/100|[from] Sandstorm
|-heal|p2a: Armarouge|42/100|[from] item: Leftovers
|upkeep
|inactive|WorkLaptop420 has 120 seconds left.
|
|t:|1776322593
|switch|p1a: Hydrapple|Hydrapple, M|100/100
|turn|16
|
|t:|1776322597
|move|p2a: Armarouge|Armor Cannon|p1a: Hydrapple
|-damage|p1a: Hydrapple|0 fnt
|-unboost|p2a: Armarouge|def|1
|-unboost|p2a: Armarouge|spd|1
|faint|p1a: Hydrapple
|
|-weather|Sandstorm|[upkeep]
|-damage|p2a: Armarouge|36/100|[from] Sandstorm
|-heal|p2a: Armarouge|42/100|[from] item: Leftovers
|upkeep
|
|t:|1776322607
|switch|p1a: Excadrill|Excadrill, F|100/100
|-item|p1a: Excadrill|Air Balloon
|turn|17
|
|t:|1776322613
|move|p1a: Excadrill|Rapid Spin|p2a: Armarouge
|-end|p2a: Armarouge|Substitute
|-boost|p1a: Excadrill|spe|1
|move|p2a: Armarouge|Armor Cannon|p1a: Excadrill
|-supereffective|p1a: Excadrill
|-damage|p1a: Excadrill|0 fnt
|-unboost|p2a: Armarouge|def|1
|-unboost|p2a: Armarouge|spd|1
|-enditem|p1a: Excadrill|Air Balloon
|faint|p1a: Excadrill
|
|-weather|Sandstorm|[upkeep]
|-damage|p2a: Armarouge|36/100|[from] Sandstorm
|-heal|p2a: Armarouge|42/100|[from] item: Leftovers
|upkeep
|-message|WorkLaptop420 forfeited.
|
|win|Oceanic Maniac
|raw|WorkLaptop420's rating: 1312 &rarr; <strong>1296</strong><br />(-16 for losing)
|raw|Oceanic Maniac's rating: 1389 &rarr; <strong>1405</strong><br />(+16 for winning)
|l|☆WorkLaptop420
|player|p1|
