|html|<div class="broadcast-blue"><strong>[Gen 9] OU is currently suspecting Tera Blast! For information on how to participate check out the <a href="https://www.smogon.com/tools/suspects/view/200">suspect thread</a>.</strong></div>
|j|☆TheRegisAreCool
|j|☆BootyGoblin64
|t:|1776175049
|gametype|singles
|player|p1|TheRegisAreCool|fisherman-gen4|1143
|player|p2|BootyGoblin64|brock|1182
|gen|9
|tier|[Gen 9] OU
|rated|
|rule|HP Percentage Mod: HP is shown in percentages
|rule|Endless Battle Clause: Forcing endless battles is banned
|rule|Species Clause: Limit one of each Pokémon
|rule|OHKO Clause: OHKO moves are banned
|rule|Evasion Items Clause: Evasion items are banned
|rule|Evasion Moves Clause: Evasion moves are banned
|rule|Evasion Abilities Clause: Evasion abilities are banned
|rule|Sleep Moves Clause: Sleep-inducing moves are banned
|clearpoke
|poke|p1|Conkeldurr, F|
|poke|p1|Iron Moth|
|poke|p1|Glimmora, F|
|poke|p1|Kommo-o, M|
|poke|p1|Samurott-Hisui, F|
|poke|p1|Donphan, F|
|poke|p2|Torterra, M|
|poke|p2|Darkrai|
|poke|p2|Rotom-Wash|
|poke|p2|Azelf|
|poke|p2|Drifblim, M|
|poke|p2|Infernape, M|
|teampreview
|
|t:|1776175072
|teamsize|p1|6
|teamsize|p2|6
|start
|switch|p1a: Kommo-o|Kommo-o, M|100/100
|switch|p2a: Azelf|Azelf|100/100
|turn|1
|inactive|Battle timer is ON: inactive players will automatically lose when time's up. (requested by TheRegisAreCool)
|
|t:|1776175077
|move|p2a: Azelf|Reflect|p2a: Azelf
|-sidestart|p2: BootyGoblin64|Reflect
|move|p1a: Kommo-o|Clangorous Soul|p1a: Kommo-o
|-boost|p1a: Kommo-o|atk|1
|-boost|p1a: Kommo-o|def|1
|-boost|p1a: Kommo-o|spa|1
|-boost|p1a: Kommo-o|spd|1
|-boost|p1a: Kommo-o|spe|1
|-damage|p1a: Kommo-o|68/100
|
|-heal|p1a: Kommo-o|74/100|[from] item: Leftovers
|upkeep
|turn|2
|
|t:|1776175085
|move|p2a: Azelf|Light Screen|p2a: Azelf
|-sidestart|p2: BootyGoblin64|move: Light Screen
|move|p1a: Kommo-o|Clangorous Soul|p1a: Kommo-o
|-boost|p1a: Kommo-o|atk|1
|-boost|p1a: Kommo-o|def|1
|-boost|p1a: Kommo-o|spa|1
|-boost|p1a: Kommo-o|spd|1
|-boost|p1a: Kommo-o|spe|1
|-damage|p1a: Kommo-o|41/100
|
|-heal|p1a: Kommo-o|47/100|[from] item: Leftovers
|upkeep
|turn|3
|
|t:|1776175093
|-terastallize|p1a: Kommo-o|Dragon
|move|p1a: Kommo-o|Clanging Scales|p2a: Azelf
|-damage|p2a: Azelf|0 fnt
|faint|p2a: Azelf
|-unboost|p1a: Kommo-o|def|1
|
|-heal|p1a: Kommo-o|53/100|[from] item: Leftovers
|upkeep
|
|t:|1776175102
|switch|p2a: Infernape|Infernape, M|100/100
|turn|4
|
|t:|1776175106
|move|p2a: Infernape|Switcheroo|p1a: Kommo-o
|-activate|p2a: Infernape|move: Trick|[of] p1a: Kommo-o
|-item|p1a: Kommo-o|Choice Scarf|[from] move: Switcheroo
|-item|p2a: Infernape|Leftovers|[from] move: Switcheroo
|move|p1a: Kommo-o|Clanging Scales|p2a: Infernape
|-damage|p2a: Infernape|0 fnt
|faint|p2a: Infernape
|-unboost|p1a: Kommo-o|def|1
|
|upkeep
|
|t:|1776175114
|switch|p2a: Rotom|Rotom-Wash|100/100
|turn|5
|
|t:|1776175121
|move|p1a: Kommo-o|Clanging Scales|p2a: Rotom
|-damage|p2a: Rotom|0 fnt
|faint|p2a: Rotom
|-unboost|p1a: Kommo-o|def|1
|
|upkeep
|
|t:|1776175128
|switch|p2a: Torterra|Torterra, M|100/100
|turn|6
|
|t:|1776175131
|move|p1a: Kommo-o|Clanging Scales|p2a: Torterra
|-damage|p2a: Torterra|18/100
|-unboost|p1a: Kommo-o|def|1
|move|p2a: Torterra|Earthquake|p1a: Kommo-o
|-damage|p1a: Kommo-o|0 fnt
|faint|p1a: Kommo-o
|
|upkeep
|
|t:|1776175140
|switch|p1a: Donphan|Donphan, F|100/100
|turn|7
|
|t:|1776175143
|move|p1a: Donphan|Ice Shard|p2a: Torterra
|-supereffective|p2a: Torterra
|-damage|p2a: Torterra|0 fnt
|faint|p2a: Torterra
|
|upkeep
|
|t:|1776175148
|switch|p2a: Darkrai|Darkrai|100/100
|turn|8
|
|t:|1776175153
|move|p2a: Darkrai|Ice Beam|p1a: Donphan
|-supereffective|p1a: Donphan
|-ability|p1a: Donphan|Sturdy
|-damage|p1a: Donphan|1/100
|-damage|p2a: Darkrai|91/100|[from] item: Life Orb
|move|p1a: Donphan|Earthquake|p2a: Darkrai
|-damage|p2a: Darkrai|57/100
|
|-sideend|p2: BootyGoblin64|Reflect
|upkeep
|turn|9
|
|t:|1776175161
|move|p1a: Donphan|Ice Shard|p2a: Darkrai
|-crit|p2a: Darkrai
|-damage|p2a: Darkrai|28/100
|move|p2a: Darkrai|Ice Beam|p1a: Donphan
|-supereffective|p1a: Donphan
|-damage|p1a: Donphan|0 fnt
|faint|p1a: Donphan
|-damage|p2a: Darkrai|18/100|[from] item: Life Orb
|
|-sideend|p2: BootyGoblin64|move: Light Screen
|upkeep
|
|t:|1776175167
|switch|p1a: Iron Moth|Iron Moth|100/100
|-enditem|p1a: Iron Moth|Booster Energy
|-activate|p1a: Iron Moth|ability: Quark Drive|[fromitem]
|-start|p1a: Iron Moth|quarkdrivespe
|turn|10
|
|t:|1776175174
|move|p1a: Iron Moth|Fiery Dance|p2a: Darkrai
|-damage|p2a: Darkrai|0 fnt
|faint|p2a: Darkrai
|
|upkeep
|
|t:|1776175178
|switch|p2a: Drifblim|Drifblim, M|100/100
|turn|11
|
|t:|1776175182
|move|p1a: Iron Moth|Fiery Dance|p2a: Drifblim
|-crit|p2a: Drifblim
|-damage|p2a: Drifblim|24/100
|-boost|p1a: Iron Moth|spa|1
|move|p2a: Drifblim|Thunder Wave|p1a: Iron Moth
|-status|p1a: Iron Moth|par
|
|upkeep
|turn|12
|
|t:|1776175189
|cant|p1a: Iron Moth|par
|move|p2a: Drifblim|Strength Sap|p1a: Iron Moth
|-unboost|p1a: Iron Moth|atk|1
|-heal|p2a: Drifblim|54/100
|
|upkeep
|turn|13
|
|t:|1776175196
|move|p1a: Iron Moth|Fiery Dance|p2a: Drifblim
|-damage|p2a: Drifblim|0 fnt
|-boost|p1a: Iron Moth|spa|1
|faint|p2a: Drifblim
|
|win|TheRegisAreCool
|raw|TheRegisAreCool's rating: 1143 &rarr; <strong>1171</strong><br />(+28 for winning)
|raw|BootyGoblin64's rating: 1182 &rarr; <strong>1154</strong><br />(-28 for losing)
