|html|<div class="broadcast-blue"><strong>[Gen 9] OU is currently suspecting Tera Blast! For information on how to participate check out the <a href="https://www.smogon.com/tools/suspects/view/200">suspect thread</a>.</strong></div>
|j|☆Dr.Aero
|j|☆hashtagx12345
|t:|1776139483
|gametype|singles
|player|p1|Dr.Aero|camper|1148
|player|p2|hashtagx12345|olympia|1203
|gen|9
|tier|[Gen 9] OU
|rated|
|rule|HP Percentage Mod: HP is shown in percentages
|rule|Endless Battle Clause: Forcing endless battles is banned
|rule|Species Clause: Limit one of each Pokémon
|rule|OHKO Clause: OHKO moves are banned
|rule|Evasion Items Clause: Evasion items are banned
|rule|Evasion Moves Clause: Evasion moves are banned
|rule|Evasion Abilities Clause: Evasion abilities are banned
|rule|Sleep Moves Clause: Sleep-inducing moves are banned
|clearpoke
|poke|p1|Kingambit, M|
|poke|p1|Dragonite, M|
|poke|p1|Heatran, M|
|poke|p1|Rotom-Heat|
|poke|p1|Lokix, M|
|poke|p1|Cinderace, M|
|poke|p2|Mew|
|poke|p2|Jirachi|
|poke|p2|Polteageist-Antique|
|poke|p2|Clodsire, M|
|poke|p2|Kingambit, F|
|poke|p2|Scream Tail|
|teampreview
|inactive|Battle timer is ON: inactive players will automatically lose when time's up. (requested by hashtagx12345)
|inactive|Dr.Aero also wants the timer to be on.
|
|t:|1776139489
|teamsize|p1|6
|teamsize|p2|6
|start
|switch|p1a: Rotom|Rotom-Heat|100/100
|switch|p2a: uh oh|Polteageist-Antique|100/100
|turn|1
|
|t:|1776139497
|move|p1a: Rotom|Trick|p2a: uh oh
|-activate|p1a: Rotom|move: Trick|[of] p2a: uh oh
|-item|p2a: uh oh|Choice Scarf|[from] move: Trick
|-item|p1a: Rotom|Focus Sash|[from] move: Trick
|move|p2a: uh oh|Shell Smash|p2a: uh oh
|-unboost|p2a: uh oh|def|1
|-unboost|p2a: uh oh|spd|1
|-boost|p2a: uh oh|atk|2
|-boost|p2a: uh oh|spa|2
|-boost|p2a: uh oh|spe|2
|
|upkeep
|turn|2
|
|t:|1776139510
|switch|p2a: lore accurate|Mew|100/100
|move|p1a: Rotom|Overheat|p2a: lore accurate
|-damage|p2a: lore accurate|53/100
|-unboost|p1a: Rotom|spa|2
|
|-heal|p2a: lore accurate|59/100|[from] item: Leftovers
|upkeep
|turn|3
|
|t:|1776139517
|move|p1a: Rotom|Volt Switch|p2a: lore accurate
|-damage|p2a: lore accurate|47/100
|
|t:|1776139521
|switch|p1a: Cinderace|Cinderace, M|100/100|[from] Volt Switch
|move|p2a: lore accurate|Calm Mind|p2a: lore accurate
|-boost|p2a: lore accurate|spa|1
|-boost|p2a: lore accurate|spd|1
|
|-heal|p2a: lore accurate|53/100|[from] item: Leftovers
|upkeep
|turn|4
|
|t:|1776139527
|move|p1a: Cinderace|Pyro Ball|p2a: lore accurate
|-damage|p2a: lore accurate|16/100
|move|p2a: lore accurate|Iron Defense|p2a: lore accurate
|-boost|p2a: lore accurate|def|2
|
|-heal|p2a: lore accurate|23/100|[from] item: Leftovers
|upkeep
|turn|5
|
|t:|1776139531
|move|p1a: Cinderace|U-turn|p2a: lore accurate
|-supereffective|p2a: lore accurate
|-crit|p2a: lore accurate
|-damage|p2a: lore accurate|0 fnt
|faint|p2a: lore accurate
|
|t:|1776139539
|switch|p1a: Lokix|Lokix, M, shiny|100/100|[from] U-turn
|
|upkeep
|
|t:|1776139541
|switch|p2a: uh oh|Polteageist-Antique|100/100
|turn|6
|
|t:|1776139547
|move|p2a: uh oh|Tera Blast|p1a: Lokix
|-damage|p1a: Lokix|37/100
|move|p1a: Lokix|Knock Off|p2a: uh oh
|-supereffective|p2a: uh oh
|-damage|p2a: uh oh|0 fnt
|-enditem|p2a: uh oh|Choice Scarf|[from] move: Knock Off|[of] p1a: Lokix
|faint|p2a: uh oh
|
|upkeep
|inactive|hashtagx12345 has 120 seconds left.
|
|t:|1776139590
|switch|p2a: satancif|Scream Tail|100/100
|-enditem|p2a: satancif|Booster Energy
|-activate|p2a: satancif|ability: Protosynthesis|[fromitem]
|-start|p2a: satancif|protosynthesisdef
|turn|7
|
|t:|1776139595
|switch|p1a: Rotom|Rotom-Heat|100/100
|move|p2a: satancif|Bulk Up|p2a: satancif
|-boost|p2a: satancif|atk|1
|-boost|p2a: satancif|def|1
|
|upkeep
|turn|8
|
|t:|1776139601
|move|p1a: Rotom|Discharge|p2a: satancif
|-damage|p2a: satancif|77/100
|move|p2a: satancif|Amnesia|p2a: satancif
|-boost|p2a: satancif|spd|2
|
|upkeep
|turn|9
|
|t:|1776139606
|move|p1a: Rotom|Discharge|p2a: satancif
|-damage|p2a: satancif|64/100
|move|p2a: satancif|Amnesia|p2a: satancif
|-boost|p2a: satancif|spd|2
|
|upkeep
|turn|10
|
|t:|1776139608
|move|p1a: Rotom|Discharge|p2a: satancif
|-damage|p2a: satancif|56/100
|-status|p2a: satancif|par
|move|p2a: satancif|Amnesia|p2a: satancif
|-boost|p2a: satancif|spd|2
|
|upkeep
|turn|11
|
|t:|1776139631
|move|p1a: Rotom|Volt Switch|p2a: satancif
|-damage|p2a: satancif|49/100 par
|
|t:|1776139634
|switch|p1a: Lokix|Lokix, M, shiny|37/100|[from] Volt Switch
|move|p2a: satancif|Wish|p2a: satancif
|
|upkeep
|turn|12
|
|t:|1776139642
|move|p1a: Lokix|First Impression|p2a: satancif
|-damage|p2a: satancif|33/100 par
|move|p2a: satancif|Bulk Up|p2a: satancif
|-boost|p2a: satancif|atk|1
|-boost|p2a: satancif|def|1
|
|-heal|p2a: satancif|83/100 par|[from] move: Wish|[wisher] satancif
|upkeep
|turn|13
|
|t:|1776139647
|switch|p1a: Rotom|Rotom-Heat|100/100
|cant|p2a: satancif|par
|
|upkeep
|turn|14
|
|t:|1776139656
|move|p1a: Rotom|Volt Switch|p2a: satancif
|-damage|p2a: satancif|77/100 par
|
|t:|1776139659
|switch|p1a: Kingambit|Kingambit, M|100/100|[from] Volt Switch
|move|p2a: satancif|Wish|p2a: satancif
|
|upkeep
|turn|15
|
|t:|1776139671
|move|p1a: Kingambit|Swords Dance|p1a: Kingambit
|-boost|p1a: Kingambit|atk|2
|move|p2a: satancif|Bulk Up|p2a: satancif
|-boost|p2a: satancif|atk|1
|-boost|p2a: satancif|def|1
|
|-heal|p2a: satancif|100/100 par|[from] move: Wish|[wisher] satancif
|upkeep
|turn|16
|
|t:|1776139676
|move|p1a: Kingambit|Iron Head|p2a: satancif
|-supereffective|p2a: satancif
|-damage|p2a: satancif|70/100 par
|move|p2a: satancif|Bulk Up|p2a: satancif
|-boost|p2a: satancif|atk|1
|-boost|p2a: satancif|def|1
|
|upkeep
|turn|17
|
|t:|1776139681
|move|p1a: Kingambit|Iron Head|p2a: satancif
|-supereffective|p2a: satancif
|-damage|p2a: satancif|43/100 par
|cant|p2a: satancif|par
|
|upkeep
|turn|18
|
|t:|1776139683
|move|p1a: Kingambit|Iron Head|p2a: satancif
|-supereffective|p2a: satancif
|-damage|p2a: satancif|19/100 par
|cant|p2a: satancif|flinch
|
|upkeep
|turn|19
|
|t:|1776139687
|move|p1a: Kingambit|Iron Head|p2a: satancif
|-supereffective|p2a: satancif
|-damage|p2a: satancif|0 fnt
|faint|p2a: satancif
|-end|p2a: satancif|Protosynthesis|[silent]
|
|upkeep
|
|t:|1776139691
|switch|p2a: CLOD!!!|Clodsire, M|100/100
|turn|20
|
|t:|1776139701
|move|p1a: Kingambit|Kowtow Cleave|p2a: CLOD!!!
|-damage|p2a: CLOD!!!|49/100
|move|p2a: CLOD!!!|Counter|p1a: Kingambit
|-damage|p1a: Kingambit|0 fnt
|faint|p1a: Kingambit
|-end|p1a: Kingambit|fallenundefined|[silent]
|
|-heal|p2a: CLOD!!!|55/100|[from] item: Black Sludge
|upkeep
|
|t:|1776139711
|switch|p1a: Cinderace|Cinderace, M|100/100
|turn|21
|
|t:|1776139724
|switch|p1a: Lokix|Lokix, M, shiny|37/100
|move|p2a: CLOD!!!|Toxic Spikes|p1a: Lokix
|-sidestart|p1: Dr.Aero|move: Toxic Spikes
|
|-heal|p2a: CLOD!!!|61/100|[from] item: Black Sludge
|upkeep
|turn|22
|
|t:|1776139734
|move|p1a: Lokix|First Impression|p2a: CLOD!!!
|-resisted|p2a: CLOD!!!
|-damage|p2a: CLOD!!!|0 fnt
|faint|p2a: CLOD!!!
|
|upkeep
|
|t:|1776139743
|switch|p2a: brick|Kingambit, F|100/100
|-activate|p2a: brick|ability: Supreme Overlord
|-start|p2a: brick|fallen4|[silent]
|turn|23
|
|t:|1776139746
|switch|p1a: Rotom|Rotom-Heat|100/100
|move|p2a: brick|Swords Dance|p2a: brick
|-boost|p2a: brick|atk|2
|
|upkeep
|turn|24
|
|t:|1776139754
|move|p2a: brick|Sucker Punch|p1a: Rotom
|-enditem|p1a: Rotom|Focus Sash
|-damage|p1a: Rotom|1/100
|move|p1a: Rotom|Overheat|p2a: brick
|-supereffective|p2a: brick
|-damage|p2a: brick|0 fnt
|-unboost|p1a: Rotom|spa|2
|faint|p2a: brick
|-end|p2a: brick|fallen4|[silent]
|
|upkeep
|-message|hashtagx12345 forfeited.
|
|win|Dr.Aero
|raw|Dr.Aero's rating: 1148 &rarr; <strong>1177</strong><br />(+29 for winning)
|raw|hashtagx12345's rating: 1203 &rarr; <strong>1174</strong><br />(-29 for losing)
|l|☆hashtagx12345
|player|p2|
