|html|<div class="broadcast-blue"><strong>[Gen 9] OU is currently suspecting Tera Blast! For information on how to participate check out the <a href="https://www.smogon.com/tools/suspects/view/200">suspect thread</a>.</strong></div>
|j|☆doughman13
|j|☆Hike Mawk
|t:|1776353563
|gametype|singles
|player|p1|doughman13|cynthia-gen4|1095
|player|p2|Hike Mawk|riley|1083
|gen|9
|tier|[Gen 9] OU
|rated|
|rule|HP Percentage Mod: HP is shown in percentages
|rule|Endless Battle Clause: Forcing endless battles is banned
|rule|Species Clause: Limit one of each Pokémon
|rule|OHKO Clause: OHKO moves are banned
|rule|Evasion Items Clause: Evasion items are banned
|rule|Evasion Moves Clause: Evasion moves are banned
|rule|Evasion Abilities Clause: Evasion abilities are banned
|rule|Sleep Moves Clause: Sleep-inducing moves are banned
|clearpoke
|poke|p1|Scizor, F|
|poke|p1|Cinderace, M|
|poke|p1|Kingdra, M|
|poke|p1|Great Tusk|
|poke|p1|Cloyster, M|
|poke|p1|Gliscor, F|
|poke|p2|Gliscor, M|
|poke|p2|Clefable, F|
|poke|p2|Corviknight, M|
|poke|p2|Blissey, F|
|poke|p2|Forretress, F|
|poke|p2|Garganacl, F|
|teampreview
|inactive|Battle timer is ON: inactive players will automatically lose when time's up. (requested by doughman13)
|
|t:|1776353588
|teamsize|p1|6
|teamsize|p2|6
|start
|switch|p1a: Cloyster|Cloyster, M, shiny|100/100
|switch|p2a: Rocki|Garganacl, F, shiny|100/100
|turn|1
|
|t:|1776353597
|move|p1a: Cloyster|Shell Smash|p1a: Cloyster
|-unboost|p1a: Cloyster|def|1
|-unboost|p1a: Cloyster|spd|1
|-boost|p1a: Cloyster|atk|2
|-boost|p1a: Cloyster|spa|2
|-boost|p1a: Cloyster|spe|2
|-enditem|p1a: Cloyster|White Herb
|-clearnegativeboost|p1a: Cloyster|[silent]
|move|p2a: Rocki|Salt Cure|p1a: Cloyster
|-supereffective|p1a: Cloyster
|-damage|p1a: Cloyster|70/100
|-start|p1a: Cloyster|Salt Cure
|
|-damage|p1a: Cloyster|45/100|[from] Salt Cure
|upkeep
|turn|2
|
|t:|1776353613
|move|p1a: Cloyster|Rock Blast|p2a: Rocki
|-damage|p2a: Rocki|91/100
|-damage|p2a: Rocki|82/100
|-damage|p2a: Rocki|73/100
|-damage|p2a: Rocki|63/100
|-damage|p2a: Rocki|52/100
|-hitcount|p2a: Rocki|5
|move|p2a: Rocki|Stealth Rock|p1a: Cloyster
|-sidestart|p1: doughman13|move: Stealth Rock
|
|-damage|p1a: Cloyster|20/100|[from] Salt Cure
|upkeep
|turn|3
|
|t:|1776353626
|move|p1a: Cloyster|Icicle Spear|p2a: Rocki
|-damage|p2a: Rocki|38/100
|-enditem|p2a: Rocki|Sitrus Berry|[eat]
|-heal|p2a: Rocki|63/100|[from] item: Sitrus Berry
|-damage|p2a: Rocki|48/100
|-damage|p2a: Rocki|34/100
|-damage|p2a: Rocki|20/100
|-damage|p2a: Rocki|7/100
|-hitcount|p2a: Rocki|5
|move|p2a: Rocki|Recover|p2a: Rocki
|-heal|p2a: Rocki|57/100
|
|-damage|p1a: Cloyster|0 fnt|[from] Salt Cure
|faint|p1a: Cloyster
|upkeep
|
|t:|1776353641
|switch|p1a: Great Tusk|Great Tusk, shiny|100/100
|-damage|p1a: Great Tusk|98/100|[from] Stealth Rock
|-enditem|p1a: Great Tusk|Booster Energy
|-activate|p1a: Great Tusk|ability: Protosynthesis|[fromitem]
|-start|p1a: Great Tusk|protosynthesisdef
|turn|4
|
|t:|1776353648
|move|p1a: Great Tusk|Rapid Spin|p2a: Rocki
|-resisted|p2a: Rocki
|-damage|p2a: Rocki|52/100
|-boost|p1a: Great Tusk|spe|1
|-sideend|p1: doughman13|Stealth Rock|[from] move: Rapid Spin|[of] p1a: Great Tusk
|move|p2a: Rocki|Salt Cure|p1a: Great Tusk
|-resisted|p1a: Great Tusk
|-damage|p1a: Great Tusk|95/100
|-start|p1a: Great Tusk|Salt Cure
|
|-damage|p1a: Great Tusk|83/100|[from] Salt Cure
|upkeep
|turn|5
|
|t:|1776353662
|switch|p2a: Rookidon|Corviknight, M|100/100
|move|p1a: Great Tusk|Earthquake|p2a: Rookidon
|-immune|p2a: Rookidon
|
|-damage|p1a: Great Tusk|71/100|[from] Salt Cure
|upkeep
|turn|6
|
|t:|1776353670
|move|p1a: Great Tusk|Ice Spinner|p2a: Rookidon
|-damage|p2a: Rookidon|82/100
|move|p2a: Rookidon|Agility|p2a: Rookidon
|-boost|p2a: Rookidon|spe|2
|
|-damage|p1a: Great Tusk|58/100|[from] Salt Cure
|upkeep
|turn|7
|
|t:|1776353684
|-end|p1a: Great Tusk|Protosynthesis|[silent]
|switch|p1a: Cinderace|Cinderace, M|100/100
|move|p2a: Rookidon|Bulk Up|p2a: Rookidon
|-boost|p2a: Rookidon|atk|1
|-boost|p2a: Rookidon|def|1
|
|upkeep
|turn|8
|
|t:|1776353692
|move|p2a: Rookidon|Agility|p2a: Rookidon
|-boost|p2a: Rookidon|spe|2
|move|p1a: Cinderace|Pyro Ball|p2a: Rookidon
|-supereffective|p2a: Rookidon
|-damage|p2a: Rookidon|17/100
|-status|p2a: Rookidon|brn
|-enditem|p2a: Rookidon|Weakness Policy
|-boost|p2a: Rookidon|atk|2|[from] item: Weakness Policy
|-boost|p2a: Rookidon|spa|2|[from] item: Weakness Policy
|
|-damage|p2a: Rookidon|11/100 brn|[from] brn
|upkeep
|turn|9
|
|t:|1776353705
|move|p2a: Rookidon|Power Trip|p1a: Cinderace
|-damage|p1a: Cinderace|0 fnt
|faint|p1a: Cinderace
|
|-damage|p2a: Rookidon|5/100 brn|[from] brn
|upkeep
|
|t:|1776353714
|switch|p1a: Gliscor|Gliscor, F, shiny|100/100
|turn|10
|
|t:|1776353720
|move|p1a: Gliscor|Protect|p1a: Gliscor
|-singleturn|p1a: Gliscor|Protect
|move|p2a: Rookidon|Roost|p2a: Rookidon
|-heal|p2a: Rookidon|55/100 brn
|-singleturn|p2a: Rookidon|move: Roost
|
|-damage|p2a: Rookidon|49/100 brn|[from] brn
|-status|p1a: Gliscor|tox|[from] item: Toxic Orb
|upkeep
|turn|11
|
|t:|1776353731
|move|p2a: Rookidon|Roost|p2a: Rookidon
|-heal|p2a: Rookidon|99/100 brn
|-singleturn|p2a: Rookidon|move: Roost
|move|p1a: Gliscor|Swords Dance|p1a: Gliscor
|-boost|p1a: Gliscor|atk|2
|
|-damage|p2a: Rookidon|92/100 brn|[from] brn
|upkeep
|turn|12
|
|t:|1776353743
|move|p2a: Rookidon|Power Trip|p1a: Gliscor
|-damage|p1a: Gliscor|32/100 tox
|move|p1a: Gliscor|Facade|p2a: Rookidon
|-resisted|p2a: Rookidon
|-damage|p2a: Rookidon|71/100 brn
|
|-heal|p1a: Gliscor|44/100 tox|[from] ability: Poison Heal
|-damage|p2a: Rookidon|65/100 brn|[from] brn
|upkeep
|turn|13
|
|t:|1776353754
|move|p2a: Rookidon|Bulk Up|p2a: Rookidon
|-boost|p2a: Rookidon|atk|1
|-boost|p2a: Rookidon|def|1
|move|p1a: Gliscor|Facade|p2a: Rookidon
|-resisted|p2a: Rookidon
|-damage|p2a: Rookidon|47/100 brn
|
|-heal|p1a: Gliscor|56/100 tox|[from] ability: Poison Heal
|-damage|p2a: Rookidon|41/100 brn|[from] brn
|upkeep
|turn|14
|-message|doughman13 forfeited.
|
|win|Hike Mawk
|raw|doughman13's rating: 1095 &rarr; <strong>1070</strong><br />(-25 for losing)
|raw|Hike Mawk's rating: 1083 &rarr; <strong>1112</strong><br />(+29 for winning)
|l|☆doughman13
|player|p1|
