|html|<div class="broadcast-blue"><strong>[Gen 9] OU is currently suspecting Tera Blast! For information on how to participate check out the <a href="https://www.smogon.com/tools/suspects/view/200">suspect thread</a>.</strong></div>
|j|☆saxman17
|j|☆kingteth
|t:|1776044128
|gametype|singles
|player|p1|saxman17|1|1394
|player|p2|kingteth|169|1475
|gen|9
|tier|[Gen 9] OU
|rated|
|rule|HP Percentage Mod: HP is shown in percentages
|rule|Endless Battle Clause: Forcing endless battles is banned
|rule|Species Clause: Limit one of each Pokémon
|rule|OHKO Clause: OHKO moves are banned
|rule|Evasion Items Clause: Evasion items are banned
|rule|Evasion Moves Clause: Evasion moves are banned
|rule|Evasion Abilities Clause: Evasion abilities are banned
|rule|Sleep Moves Clause: Sleep-inducing moves are banned
|clearpoke
|poke|p1|Rillaboom, F|
|poke|p1|Iron Crown|
|poke|p1|Alomomola, F|
|poke|p1|Garganacl, F|
|poke|p1|Great Tusk|
|poke|p1|Moltres|
|poke|p2|Gliscor, M|
|poke|p2|Ogerpon-Wellspring, F|
|poke|p2|Cinderace, M|
|poke|p2|Gholdengo|
|poke|p2|Tyranitar, F|
|poke|p2|Forretress, M|
|teampreview
|inactive|Battle timer is ON: inactive players will automatically lose when time's up. (requested by kingteth)
|
|t:|1776044140
|teamsize|p1|6
|teamsize|p2|6
|start
|switch|p1a: Garganacl|Garganacl, F|100/100
|switch|p2a: Gliscor|Gliscor, M|100/100
|turn|1
|
|t:|1776044144
|move|p2a: Gliscor|Substitute|p2a: Gliscor
|-start|p2a: Gliscor|Substitute
|-damage|p2a: Gliscor|76/100
|move|p1a: Garganacl|Stealth Rock|p2a: Gliscor
|-sidestart|p2: kingteth|move: Stealth Rock
|
|-status|p2a: Gliscor|tox|[from] item: Toxic Orb
|upkeep
|turn|2
|
|t:|1776044147
|switch|p1a: Moltres|Moltres|100/100
|move|p2a: Gliscor|Earthquake|p1a: Moltres
|-immune|p1a: Moltres
|
|-heal|p2a: Gliscor|88/100 tox|[from] ability: Poison Heal
|upkeep
|turn|3
|
|t:|1776044151
|move|p2a: Gliscor|Toxic|p1a: Moltres|[miss]
|-miss|p2a: Gliscor|p1a: Moltres
|move|p1a: Moltres|Roar|p2a: Gliscor
|drag|p2a: Forretress|Forretress, M|100/100
|-damage|p2a: Forretress|88/100|[from] Stealth Rock
|
|-heal|p2a: Forretress|94/100|[from] item: Leftovers
|upkeep
|turn|4
|
|t:|1776044155
|switch|p2a: Gliscor|Gliscor, M|88/100 tox
|-damage|p2a: Gliscor|76/100 tox|[from] Stealth Rock
|move|p1a: Moltres|Flamethrower|p2a: Gliscor
|-damage|p2a: Gliscor|26/100 tox
|
|-heal|p2a: Gliscor|39/100 tox|[from] ability: Poison Heal
|upkeep
|turn|5
|
|t:|1776044163
|move|p2a: Gliscor|Protect|p2a: Gliscor
|-singleturn|p2a: Gliscor|Protect
|move|p1a: Moltres|Roar|p2a: Gliscor
|drag|p2a: Tyranitar|Tyranitar, F|100/100
|-damage|p2a: Tyranitar|88/100|[from] Stealth Rock
|-weather|Sandstorm|[from] ability: Sand Stream|[of] p2a: Tyranitar
|
|-weather|Sandstorm|[upkeep]
|-damage|p1a: Moltres|94/100|[from] Sandstorm
|-heal|p2a: Tyranitar|94/100|[from] item: Leftovers
|upkeep
|turn|6
|
|t:|1776044170
|switch|p1a: Rillaboom|Rillaboom, F|100/100
|-fieldstart|move: Grassy Terrain|[from] ability: Grassy Surge|[of] p1a: Rillaboom
|move|p2a: Tyranitar|Stealth Rock|p1a: Rillaboom
|-sidestart|p1: saxman17|move: Stealth Rock
|
|-weather|Sandstorm|[upkeep]
|-damage|p1a: Rillaboom|94/100|[from] Sandstorm
|-heal|p1a: Rillaboom|100/100|[from] Grassy Terrain
|-heal|p2a: Tyranitar|100/100|[from] Grassy Terrain
|upkeep
|turn|7
|
|t:|1776044178
|switch|p2a: Forretress|Forretress, M|94/100
|-damage|p2a: Forretress|82/100|[from] Stealth Rock
|move|p1a: Rillaboom|U-turn|p2a: Forretress
|-resisted|p2a: Forretress
|-damage|p2a: Forretress|68/100
|
|t:|1776044187
|switch|p1a: Great Tusk|Great Tusk|100/100|[from] U-turn
|
|-weather|Sandstorm|[upkeep]
|-heal|p2a: Forretress|74/100|[from] Grassy Terrain
|-heal|p2a: Forretress|80/100|[from] item: Leftovers
|upkeep
|turn|8
|
|t:|1776044192
|move|p1a: Great Tusk|Rapid Spin|p2a: Forretress
|-resisted|p2a: Forretress
|-crit|p2a: Forretress
|-damage|p2a: Forretress|72/100
|-boost|p1a: Great Tusk|spe|1
|-sideend|p1: saxman17|Stealth Rock|[from] move: Rapid Spin|[of] p1a: Great Tusk
|move|p2a: Forretress|Rapid Spin|p1a: Great Tusk
|-damage|p1a: Great Tusk|91/100
|-boost|p2a: Forretress|spe|1
|-sideend|p2: kingteth|Stealth Rock|[from] move: Rapid Spin|[of] p2a: Forretress
|
|-weather|Sandstorm|[upkeep]
|-heal|p1a: Great Tusk|97/100|[from] Grassy Terrain
|-heal|p2a: Forretress|78/100|[from] Grassy Terrain
|-heal|p2a: Forretress|84/100|[from] item: Leftovers
|upkeep
|turn|9
|
|t:|1776044196
|move|p1a: Great Tusk|Knock Off|p2a: Forretress
|-damage|p2a: Forretress|63/100
|-enditem|p2a: Forretress|Leftovers|[from] move: Knock Off|[of] p1a: Great Tusk
|move|p2a: Forretress|Spikes|p1a: Great Tusk
|-sidestart|p1: saxman17|Spikes
|
|-weather|none
|-heal|p1a: Great Tusk|100/100|[from] Grassy Terrain
|-heal|p2a: Forretress|70/100|[from] Grassy Terrain
|upkeep
|turn|10
|
|t:|1776044202
|move|p1a: Great Tusk|Rapid Spin|p2a: Forretress
|-resisted|p2a: Forretress
|-damage|p2a: Forretress|64/100
|-boost|p1a: Great Tusk|spe|1
|-sideend|p1: saxman17|Spikes|[from] move: Rapid Spin|[of] p1a: Great Tusk
|move|p2a: Forretress|Gyro Ball|p1a: Great Tusk
|-damage|p1a: Great Tusk|62/100
|
|-heal|p1a: Great Tusk|68/100|[from] Grassy Terrain
|-heal|p2a: Forretress|71/100|[from] Grassy Terrain
|-fieldend|move: Grassy Terrain
|upkeep
|turn|11
|
|t:|1776044209
|-end|p1a: Great Tusk|Protosynthesis|[silent]
|switch|p1a: Moltres|Moltres|94/100
|move|p2a: Forretress|Spikes|p1a: Moltres
|-sidestart|p1: saxman17|Spikes
|
|upkeep
|turn|12
|
|t:|1776044219
|switch|p2a: Tyranitar|Tyranitar, F|100/100
|-weather|Sandstorm|[from] ability: Sand Stream|[of] p2a: Tyranitar
|move|p1a: Moltres|U-turn|p2a: Tyranitar
|-supereffective|p2a: Tyranitar
|-damage|p2a: Tyranitar|77/100
|
|t:|1776044230
|switch|p1a: Rillaboom|Rillaboom, F|100/100|[from] U-turn
|-damage|p1a: Rillaboom|88/100|[from] Spikes
|-fieldstart|move: Grassy Terrain|[from] ability: Grassy Surge|[of] p1a: Rillaboom
|
|-weather|Sandstorm|[upkeep]
|-damage|p1a: Rillaboom|82/100|[from] Sandstorm
|-heal|p1a: Rillaboom|88/100|[from] Grassy Terrain
|-heal|p2a: Tyranitar|83/100|[from] Grassy Terrain
|-heal|p2a: Tyranitar|90/100|[from] item: Leftovers
|upkeep
|turn|13
|
|t:|1776044236
|switch|p2a: Cinderace|Cinderace, M|100/100
|move|p1a: Rillaboom|U-turn|p2a: Cinderace
|-resisted|p2a: Cinderace
|-damage|p2a: Cinderace|75/100
|
|t:|1776044239
|switch|p1a: Alomomola|Alomomola, F|100/100|[from] U-turn
|
|-weather|Sandstorm|[upkeep]
|-damage|p2a: Cinderace|69/100|[from] Sandstorm
|-damage|p1a: Alomomola|94/100|[from] Sandstorm
|-heal|p2a: Cinderace|75/100|[from] Grassy Terrain
|-heal|p1a: Alomomola|100/100|[from] Grassy Terrain
|upkeep
|turn|14
|
|t:|1776044243
|move|p2a: Cinderace|U-turn|p1a: Alomomola
|-start|p2a: Cinderace|typechange|Bug|[from] ability: Libero
|-damage|p1a: Alomomola|83/100
|
|t:|1776044245
|switch|p2a: Ogerpon|Ogerpon-Wellspring, F|100/100|[from] U-turn
|move|p1a: Alomomola|Flip Turn|p2a: Ogerpon
|-immune|p2a: Ogerpon|[from] ability: Water Absorb
|
|-weather|Sandstorm|[upkeep]
|-damage|p2a: Ogerpon|95/100|[from] Sandstorm
|-damage|p1a: Alomomola|77/100|[from] Sandstorm
|-heal|p2a: Ogerpon|100/100|[from] Grassy Terrain
|-heal|p1a: Alomomola|83/100|[from] Grassy Terrain
|upkeep
|turn|15
|
|t:|1776044251
|switch|p1a: Rillaboom|Rillaboom, F|88/100
|-damage|p1a: Rillaboom|76/100|[from] Spikes
|move|p2a: Ogerpon|Knock Off|p1a: Rillaboom
|-damage|p1a: Rillaboom|35/100
|-enditem|p1a: Rillaboom|Choice Band|[from] move: Knock Off|[of] p2a: Ogerpon
|
|-weather|Sandstorm|[upkeep]
|-damage|p2a: Ogerpon|95/100|[from] Sandstorm
|-damage|p1a: Rillaboom|29/100|[from] Sandstorm
|-heal|p2a: Ogerpon|100/100|[from] Grassy Terrain
|-heal|p1a: Rillaboom|35/100|[from] Grassy Terrain
|upkeep
|turn|16
|
|t:|1776044259
|switch|p2a: Forretress|Forretress, M|71/100
|move|p1a: Rillaboom|Grassy Glide|p2a: Forretress
|-resisted|p2a: Forretress
|-damage|p2a: Forretress|64/100
|
|-weather|none
|-heal|p1a: Rillaboom|41/100|[from] Grassy Terrain
|-heal|p2a: Forretress|70/100|[from] Grassy Terrain
|-fieldend|move: Grassy Terrain
|upkeep
|turn|17
|
|t:|1776044264
|move|p1a: Rillaboom|U-turn|p2a: Forretress
|-resisted|p2a: Forretress
|-damage|p2a: Forretress|61/100
|
|t:|1776044267
|switch|p1a: Garganacl|Garganacl, F|100/100|[from] U-turn
|-damage|p1a: Garganacl|88/100|[from] Spikes
|move|p2a: Forretress|Spikes|p1a: Garganacl
|-sidestart|p1: saxman17|Spikes
|
|-heal|p1a: Garganacl|94/100|[from] item: Leftovers
|upkeep
|turn|18
|
|t:|1776044270
|move|p1a: Garganacl|Salt Cure|p2a: Forretress
|-damage|p2a: Forretress|50/100
|-start|p2a: Forretress|Salt Cure
|move|p2a: Forretress|Gyro Ball|p1a: Garganacl
|-supereffective|p1a: Garganacl
|-damage|p1a: Garganacl|71/100
|
|-heal|p1a: Garganacl|78/100|[from] item: Leftovers
|-damage|p2a: Forretress|26/100|[from] Salt Cure
|upkeep
|turn|19
|
|t:|1776044275
|move|p1a: Garganacl|Salt Cure|p2a: Forretress
|-damage|p2a: Forretress|15/100
|move|p2a: Forretress|Spikes|p1a: Garganacl
|-sidestart|p1: saxman17|Spikes
|
|-heal|p1a: Garganacl|84/100|[from] item: Leftovers
|-damage|p2a: Forretress|0 fnt|[from] Salt Cure
|faint|p2a: Forretress
|upkeep
|
|t:|1776044284
|switch|p2a: Cinderace|Cinderace, M|75/100
|turn|20
|
|t:|1776044289
|move|p2a: Cinderace|High Jump Kick|p1a: Garganacl
|-start|p2a: Cinderace|typechange|Fighting|[from] ability: Libero
|-supereffective|p1a: Garganacl
|-damage|p1a: Garganacl|0 fnt
|faint|p1a: Garganacl
|
|upkeep
|
|t:|1776044314
|switch|p1a: Great Tusk|Great Tusk|68/100
|turn|21
|
|t:|1776044316
|move|p2a: Cinderace|U-turn|p1a: Great Tusk
|-resisted|p1a: Great Tusk
|-damage|p1a: Great Tusk|61/100
|
|t:|1776044319
|switch|p2a: Gholdengo|Gholdengo|100/100|[from] U-turn
|-item|p2a: Gholdengo|Air Balloon
|move|p1a: Great Tusk|Rapid Spin|p2a: Gholdengo
|-immune|p2a: Gholdengo
|
|upkeep
|turn|22
|
|t:|1776044330
|-terastallize|p2a: Gholdengo|Ghost
|move|p1a: Great Tusk|Knock Off|p2a: Gholdengo
|-supereffective|p2a: Gholdengo
|-damage|p2a: Gholdengo|44/100
|-enditem|p2a: Gholdengo|Air Balloon
|move|p2a: Gholdengo|Shadow Ball|p1a: Great Tusk
|-damage|p1a: Great Tusk|0 fnt
|faint|p1a: Great Tusk
|-end|p1a: Great Tusk|Protosynthesis|[silent]
|
|upkeep
|
|t:|1776044341
|switch|p1a: Rillaboom|Rillaboom, F|41/100
|-damage|p1a: Rillaboom|16/100|[from] Spikes
|-fieldstart|move: Grassy Terrain|[from] ability: Grassy Surge|[of] p1a: Rillaboom
|turn|23
|
|t:|1776044346
|switch|p2a: Cinderace|Cinderace, M|75/100
|-terastallize|p1a: Rillaboom|Grass
|move|p1a: Rillaboom|Grassy Glide|p2a: Cinderace
|-resisted|p2a: Cinderace
|-damage|p2a: Cinderace|38/100
|
|-heal|p2a: Cinderace|44/100|[from] Grassy Terrain
|-heal|p1a: Rillaboom|22/100|[from] Grassy Terrain
|upkeep
|turn|24
|-message|saxman17 forfeited.
|
|win|kingteth
|raw|saxman17's rating: 1394 &rarr; <strong>1379</strong><br />(-15 for losing)
|raw|kingteth's rating: 1475 &rarr; <strong>1490</strong><br />(+15 for winning)
|l|☆saxman17
|player|p1|
|l|☆kingteth
|player|p2|
