|html|<div class="broadcast-blue"><strong>[Gen 9] OU is currently suspecting Tera Blast! For information on how to participate check out the <a href="https://www.smogon.com/tools/suspects/view/200">suspect thread</a>.</strong></div>
|j|‽KIngcrasher06
|j|☆ZarrHaka
|t:|1776042643
|gametype|singles
|player|p1|KIngcrasher06|steven|1201
|player|p2|ZarrHaka|pokemaniac|1178
|gen|9
|tier|[Gen 9] OU
|rated|
|rule|HP Percentage Mod: HP is shown in percentages
|rule|Endless Battle Clause: Forcing endless battles is banned
|rule|Species Clause: Limit one of each Pokémon
|rule|OHKO Clause: OHKO moves are banned
|rule|Evasion Items Clause: Evasion items are banned
|rule|Evasion Moves Clause: Evasion moves are banned
|rule|Evasion Abilities Clause: Evasion abilities are banned
|rule|Sleep Moves Clause: Sleep-inducing moves are banned
|clearpoke
|poke|p1|Iron Valiant|
|poke|p1|Great Tusk|
|poke|p1|Dragonite, M|
|poke|p1|Deoxys-Speed|
|poke|p1|Glimmora, M|
|poke|p1|Kingambit, F|
|poke|p2|Thundurus-Therian, M|
|poke|p2|Iron Crown|
|poke|p2|Meowscarada, M|
|poke|p2|Lycanroc-Midnight, M|
|poke|p2|Polteageist-Antique|
|poke|p2|Talonflame, F|
|teampreview
|inactive|Battle timer is ON: inactive players will automatically lose when time's up. (requested by KIngcrasher06)
|inactive|KIngcrasher06 has 120 seconds left.
|
|t:|1776042674
|teamsize|p1|6
|teamsize|p2|6
|start
|switch|p1a: Deoxys|Deoxys-Speed|100/100
|switch|p2a: Polteageist|Polteageist-Antique|100/100
|-ability|p1a: Deoxys|Pressure
|turn|1
|
|t:|1776042681
|move|p1a: Deoxys|Taunt|p2a: Polteageist
|-start|p2a: Polteageist|move: Taunt
|move|p2a: Polteageist|Shadow Ball|p1a: Deoxys
|-supereffective|p1a: Deoxys
|-damage|p1a: Deoxys|0 fnt
|faint|p1a: Deoxys
|
|upkeep
|
|t:|1776042688
|switch|p1a: Kingambit|Kingambit, F|100/100
|-activate|p1a: Kingambit|ability: Supreme Overlord
|-start|p1a: Kingambit|fallen1|[silent]
|turn|2
|
|t:|1776042692
|-terastallize|p2a: Polteageist|Fighting
|move|p1a: Kingambit|Sucker Punch|p2a: Polteageist
|-resisted|p2a: Polteageist
|-damage|p2a: Polteageist|68/100
|move|p2a: Polteageist|Tera Blast|p1a: Kingambit|[anim] Tera Blast Fighting
|-supereffective|p1a: Kingambit
|-damage|p1a: Kingambit|0 fnt
|faint|p1a: Kingambit
|-end|p1a: Kingambit|fallen1|[silent]
|
|upkeep
|
|t:|1776042711
|switch|p1a: Dragonite|Dragonite, M|100/100
|turn|3
|
|t:|1776042721
|switch|p2a: Talonflame|Talonflame, F|100/100
|move|p1a: Dragonite|Dragon Dance|p1a: Dragonite
|-boost|p1a: Dragonite|atk|1
|-boost|p1a: Dragonite|spe|1
|
|upkeep
|turn|4
|
|t:|1776042740
|switch|p1a: Glimmora|Glimmora, M|100/100
|move|p2a: Talonflame|Will-O-Wisp|p1a: Glimmora|[miss]
|-miss|p2a: Talonflame|p1a: Glimmora
|
|upkeep
|turn|5
|
|t:|1776042746
|switch|p2a: Polteageist|Polteageist-Antique, tera:Fighting|68/100
|move|p1a: Glimmora|Meteor Beam||[still]
|-prepare|p1a: Glimmora|Meteor Beam
|-boost|p1a: Glimmora|spa|1
|-enditem|p1a: Glimmora|Power Herb
|-anim|p1a: Glimmora|Meteor Beam|p2a: Polteageist
|-resisted|p2a: Polteageist
|-damage|p2a: Polteageist|37/100
|
|upkeep
|turn|6
|
|t:|1776042757
|move|p1a: Glimmora|Stealth Rock|p2a: Polteageist
|-sidestart|p2: ZarrHaka|move: Stealth Rock
|move|p2a: Polteageist|Tera Blast|p1a: Glimmora|[anim] Tera Blast Fighting
|-damage|p1a: Glimmora|34/100
|
|upkeep
|turn|7
|
|t:|1776042764
|move|p1a: Glimmora|Earth Power|p2a: Polteageist
|-damage|p2a: Polteageist|6/100
|move|p2a: Polteageist|Shadow Ball|p1a: Glimmora
|-damage|p1a: Glimmora|0 fnt
|faint|p1a: Glimmora
|
|upkeep
|
|t:|1776042768
|switch|p1a: Iron Valiant|Iron Valiant|100/100
|-enditem|p1a: Iron Valiant|Booster Energy
|-activate|p1a: Iron Valiant|ability: Quark Drive|[fromitem]
|-start|p1a: Iron Valiant|quarkdrivespe
|turn|8
|
|t:|1776042776
|move|p1a: Iron Valiant|Knock Off|p2a: Polteageist
|-resisted|p2a: Polteageist
|-damage|p2a: Polteageist|0 fnt
|-enditem|p2a: Polteageist|Assault Vest|[from] move: Knock Off|[of] p1a: Iron Valiant
|faint|p2a: Polteageist
|
|upkeep
|
|t:|1776042778
|switch|p2a: Talonflame|Talonflame, F|100/100
|turn|9
|
|t:|1776042790
|move|p2a: Talonflame|Defog|p1a: Iron Valiant
|-unboost|p1a: Iron Valiant|evasion|1
|-sideend|p2: ZarrHaka|Stealth Rock|[from] move: Defog|[of] p2a: Talonflame
|move|p1a: Iron Valiant|Moonblast|p2a: Talonflame
|-resisted|p2a: Talonflame
|-damage|p2a: Talonflame|66/100
|
|upkeep
|turn|10
|
|t:|1776042796
|move|p1a: Iron Valiant|Moonblast|p2a: Talonflame
|-resisted|p2a: Talonflame
|-damage|p2a: Talonflame|30/100
|move|p2a: Talonflame|Will-O-Wisp|p1a: Iron Valiant
|-status|p1a: Iron Valiant|brn
|
|-damage|p1a: Iron Valiant|94/100 brn|[from] brn
|upkeep
|turn|11
|
|t:|1776042808
|switch|p2a: Iron Crown|Iron Crown|100/100
|-enditem|p2a: Iron Crown|Booster Energy
|-activate|p2a: Iron Crown|ability: Quark Drive|[fromitem]
|-start|p2a: Iron Crown|quarkdrivedef
|move|p1a: Iron Valiant|Knock Off|p2a: Iron Crown
|-supereffective|p2a: Iron Crown
|-damage|p2a: Iron Crown|90/100
|
|-damage|p1a: Iron Valiant|88/100 brn|[from] brn
|upkeep
|turn|12
|
|t:|1776042818
|move|p1a: Iron Valiant|Taunt|p2a: Iron Crown
|-start|p2a: Iron Crown|move: Taunt
|cant|p2a: Iron Crown|move: Taunt|Calm Mind
|
|-damage|p1a: Iron Valiant|82/100 brn|[from] brn
|upkeep
|turn|13
|
|t:|1776042825
|-end|p1a: Iron Valiant|Quark Drive|[silent]
|switch|p1a: Dragonite|Dragonite, M|100/100
|move|p2a: Iron Crown|Psychic|p1a: Dragonite
|-damage|p1a: Dragonite|78/100
|
|-heal|p1a: Dragonite|84/100|[from] item: Leftovers
|upkeep
|turn|14
|
|t:|1776042834
|-terastallize|p1a: Dragonite|Flying
|move|p1a: Dragonite|Substitute|p1a: Dragonite
|-start|p1a: Dragonite|Substitute
|-damage|p1a: Dragonite|59/100
|move|p2a: Iron Crown|Psychic|p1a: Dragonite
|-end|p1a: Dragonite|Substitute
|
|-heal|p1a: Dragonite|65/100|[from] item: Leftovers
|-end|p2a: Iron Crown|move: Taunt
|upkeep
|turn|15
|
|t:|1776042840
|move|p1a: Dragonite|Tera Blast|p2a: Iron Crown|[anim] Tera Blast Flying
|-resisted|p2a: Iron Crown
|-damage|p2a: Iron Crown|73/100
|move|p2a: Iron Crown|Tachyon Cutter|p1a: Dragonite
|-damage|p1a: Dragonite|40/100
|-damage|p1a: Dragonite|16/100
|-hitcount|p1a: Dragonite|2
|
|-heal|p1a: Dragonite|22/100|[from] item: Leftovers
|upkeep
|turn|16
|
|t:|1776042843
|move|p1a: Dragonite|Earthquake|p2a: Iron Crown
|-supereffective|p2a: Iron Crown
|-damage|p2a: Iron Crown|33/100
|move|p2a: Iron Crown|Psychic|p1a: Dragonite
|-damage|p1a: Dragonite|0 fnt
|faint|p1a: Dragonite
|
|upkeep
|
|t:|1776042847
|switch|p1a: Great Tusk|Great Tusk|100/100
|-enditem|p1a: Great Tusk|Booster Energy
|-activate|p1a: Great Tusk|ability: Protosynthesis|[fromitem]
|-start|p1a: Great Tusk|protosynthesisspe
|turn|17
|
|t:|1776042857
|move|p1a: Great Tusk|Headlong Rush|p2a: Iron Crown
|-supereffective|p2a: Iron Crown
|-damage|p2a: Iron Crown|0 fnt
|-unboost|p1a: Great Tusk|def|1
|-unboost|p1a: Great Tusk|spd|1
|faint|p2a: Iron Crown
|-end|p2a: Iron Crown|Quark Drive|[silent]
|
|upkeep
|
|t:|1776042861
|switch|p2a: Lycanroc|Lycanroc-Midnight, M, shiny|100/100
|turn|18
|
|t:|1776042866
|move|p1a: Great Tusk|Headlong Rush|p2a: Lycanroc
|-supereffective|p2a: Lycanroc
|-damage|p2a: Lycanroc|20/100
|-unboost|p1a: Great Tusk|def|1
|-unboost|p1a: Great Tusk|spd|1
|move|p2a: Lycanroc|Counter|p1a: Great Tusk
|-damage|p1a: Great Tusk|0 fnt
|faint|p1a: Great Tusk
|-end|p1a: Great Tusk|Protosynthesis|[silent]
|
|upkeep
|
|t:|1776042873
|switch|p1a: Iron Valiant|Iron Valiant|82/100 brn
|turn|19
|
|t:|1776042879
|move|p1a: Iron Valiant|Moonblast|p2a: Lycanroc
|-damage|p2a: Lycanroc|0 fnt
|faint|p2a: Lycanroc
|
|-damage|p1a: Iron Valiant|76/100 brn|[from] brn
|upkeep
|
|t:|1776042882
|switch|p2a: Thundurus|Thundurus-Therian, M|100/100
|turn|20
|
|t:|1776042886
|move|p2a: Thundurus|Flash Cannon|p1a: Iron Valiant
|-supereffective|p1a: Iron Valiant
|-damage|p1a: Iron Valiant|0 fnt
|faint|p1a: Iron Valiant
|-end|p1a: Iron Valiant|Quark Drive|[silent]
|
|win|ZarrHaka
|raw|KIngcrasher06's rating: 1201 &rarr; <strong>1174</strong><br />(-27 for losing)
|raw|ZarrHaka's rating: 1178 &rarr; <strong>1205</strong><br />(+27 for winning)
|l|☆ZarrHaka
|player|p2|
|l|‽KIngcrasher06
|player|p1|
