|html|<div class="broadcast-blue"><strong>[Gen 9] OU is currently suspecting Tera Blast! For information on how to participate check out the <a href="https://www.smogon.com/tools/suspects/view/200">suspect thread</a>.</strong></div>
|j|‽bigoldlips
|j|☆UsingIncognito
|t:|1776069801
|gametype|singles
|player|p1|bigoldlips|cynthia|1078
|player|p2|UsingIncognito|backersf|1087
|gen|9
|tier|[Gen 9] OU
|rated|
|rule|HP Percentage Mod: HP is shown in percentages
|rule|Endless Battle Clause: Forcing endless battles is banned
|rule|Species Clause: Limit one of each Pokémon
|rule|OHKO Clause: OHKO moves are banned
|rule|Evasion Items Clause: Evasion items are banned
|rule|Evasion Moves Clause: Evasion moves are banned
|rule|Evasion Abilities Clause: Evasion abilities are banned
|rule|Sleep Moves Clause: Sleep-inducing moves are banned
|clearpoke
|poke|p1|Hydrapple, M|
|poke|p1|Tyranitar, F|
|poke|p1|Moltres|
|poke|p1|Zamazenta-*|
|poke|p1|Slowking-Galar, F|
|poke|p1|Excadrill, F|
|poke|p2|Sableye, M|
|poke|p2|Rotom-Heat|
|poke|p2|Glastrier|
|poke|p2|Mimikyu, F|
|poke|p2|Gardevoir, F|
|poke|p2|Ursaluna, F|
|teampreview
|inactive|Battle timer is ON: inactive players will automatically lose when time's up. (requested by bigoldlips)
|
|t:|1776069817
|teamsize|p1|6
|teamsize|p2|6
|start
|switch|p1a: Tyranitar|Tyranitar, F|100/100
|switch|p2a: Ursaluna|Ursaluna, F|100/100
|-weather|Sandstorm|[from] ability: Sand Stream|[of] p1a: Tyranitar
|turn|1
|inactive|bigoldlips has 120 seconds left.
|
|t:|1776069856
|switch|p1a: Zamazenta|Zamazenta|100/100
|-ability|p1a: Zamazenta|Dauntless Shield|boost
|-boost|p1a: Zamazenta|def|1
|move|p2a: Ursaluna|Bulk Up|p2a: Ursaluna
|-boost|p2a: Ursaluna|atk|1
|-boost|p2a: Ursaluna|def|1
|
|-weather|Sandstorm|[upkeep]
|-damage|p1a: Zamazenta|94/100|[from] Sandstorm
|-heal|p1a: Zamazenta|100/100|[from] item: Leftovers
|-status|p2a: Ursaluna|brn|[from] item: Flame Orb
|upkeep
|turn|2
|inactive|bigoldlips has 120 seconds left.
|
|t:|1776069867
|move|p1a: Zamazenta|Body Press|p2a: Ursaluna
|-supereffective|p2a: Ursaluna
|-damage|p2a: Ursaluna|49/100 brn
|move|p2a: Ursaluna|Body Slam|p1a: Zamazenta
|-damage|p1a: Zamazenta|47/100
|
|-weather|Sandstorm|[upkeep]
|-damage|p1a: Zamazenta|40/100|[from] Sandstorm
|-heal|p1a: Zamazenta|47/100|[from] item: Leftovers
|-damage|p2a: Ursaluna|43/100 brn|[from] brn
|upkeep
|turn|3
|
|t:|1776069876
|move|p1a: Zamazenta|Body Press|p2a: Ursaluna
|-supereffective|p2a: Ursaluna
|-damage|p2a: Ursaluna|0 fnt
|faint|p2a: Ursaluna
|
|-weather|Sandstorm|[upkeep]
|-damage|p1a: Zamazenta|40/100|[from] Sandstorm
|-heal|p1a: Zamazenta|47/100|[from] item: Leftovers
|upkeep
|
|t:|1776069881
|switch|p2a: Rotom|Rotom-Heat|100/100
|turn|4
|inactive|bigoldlips has 120 seconds left.
|
|t:|1776069923
|move|p1a: Zamazenta|Body Press|p2a: Rotom
|-damage|p2a: Rotom|22/100
|move|p2a: Rotom|Overheat|p1a: Zamazenta
|-damage|p1a: Zamazenta|0 fnt
|-unboost|p2a: Rotom|spa|2
|faint|p1a: Zamazenta
|
|-weather|Sandstorm|[upkeep]
|-damage|p2a: Rotom|16/100|[from] Sandstorm
|upkeep
|
|t:|1776069936
|switch|p1a: Excadrill|Excadrill, F|100/100
|-item|p1a: Excadrill|Air Balloon
|turn|5
|
|t:|1776069947
|switch|p2a: Glastrier|Glastrier|100/100
|move|p1a: Excadrill|Iron Head|p2a: Glastrier
|-supereffective|p2a: Glastrier
|-damage|p2a: Glastrier|44/100
|
|-weather|Sandstorm|[upkeep]
|-damage|p2a: Glastrier|38/100|[from] Sandstorm
|upkeep
|turn|6
|
|t:|1776069954
|move|p1a: Excadrill|Iron Head|p2a: Glastrier
|-supereffective|p2a: Glastrier
|-damage|p2a: Glastrier|0 fnt
|faint|p2a: Glastrier
|
|-weather|Sandstorm|[upkeep]
|upkeep
|
|t:|1776069964
|switch|p2a: Mimikyu|Mimikyu, F|100/100
|turn|7
|
|t:|1776069972
|-terastallize|p1a: Excadrill|Fire
|-terastallize|p2a: Mimikyu|Ground
|move|p1a: Excadrill|Iron Head|p2a: Mimikyu
|-activate|p2a: Mimikyu|ability: Disguise
|-damage|p2a: Mimikyu|100/100
|detailschange|p2a: Mimikyu|Mimikyu-Busted, F, tera:Ground
|-damage|p2a: Mimikyu|88/100|[from] pokemon: Mimikyu-Busted
|move|p2a: Mimikyu|Swords Dance|p2a: Mimikyu
|-boost|p2a: Mimikyu|atk|2
|
|-weather|Sandstorm|[upkeep]
|upkeep
|turn|8
|
|t:|1776069988
|move|p2a: Mimikyu|Shadow Sneak|p1a: Excadrill
|-damage|p1a: Excadrill|39/100
|-enditem|p1a: Excadrill|Air Balloon
|-damage|p2a: Mimikyu|78/100|[from] item: Life Orb
|move|p1a: Excadrill|Earthquake|p2a: Mimikyu
|-damage|p2a: Mimikyu|0 fnt
|faint|p2a: Mimikyu
|
|-weather|none
|upkeep
|-message|UsingIncognito forfeited.
|
|win|bigoldlips
|raw|bigoldlips's rating: 1078 &rarr; <strong>1107</strong><br />(+29 for winning)
|raw|UsingIncognito's rating: 1087 &rarr; <strong>1063</strong><br />(-24 for losing)
|l|☆UsingIncognito
|player|p2|
|l|‽bigoldlips
|player|p1|
