|html|<div class="broadcast-blue"><strong>[Gen 9] OU is currently suspecting Tera Blast! For information on how to participate check out the <a href="https://www.smogon.com/tools/suspects/view/200">suspect thread</a>.</strong></div>
|j|‽RadiantSol
|j|☆horseatrainer
|t:|1776061172
|gametype|singles
|player|p1|RadiantSol|flint|1211
|player|p2|horseatrainer|giovanni|1220
|gen|9
|tier|[Gen 9] OU
|rated|
|rule|HP Percentage Mod: HP is shown in percentages
|rule|Endless Battle Clause: Forcing endless battles is banned
|rule|Species Clause: Limit one of each Pokémon
|rule|OHKO Clause: OHKO moves are banned
|rule|Evasion Items Clause: Evasion items are banned
|rule|Evasion Moves Clause: Evasion moves are banned
|rule|Evasion Abilities Clause: Evasion abilities are banned
|rule|Sleep Moves Clause: Sleep-inducing moves are banned
|clearpoke
|poke|p1|Espeon, F|
|poke|p1|Ninetales, F|
|poke|p1|Leafeon, F|
|poke|p1|Corviknight, F|
|poke|p1|Quagsire, F|
|poke|p1|Blissey, F|
|poke|p2|Darkrai|
|poke|p2|Clefable, M|
|poke|p2|Corviknight, M|
|poke|p2|Metagross|
|poke|p2|Gholdengo|
|poke|p2|Thundurus-Therian, M|
|teampreview
|j| ohko_smeargle
|inactive|Battle timer is ON: inactive players will automatically lose when time's up. (requested by horseatrainer)
|
|t:|1776061195
|teamsize|p1|6
|teamsize|p2|6
|start
|switch|p1a: Ninetales|Ninetales, F, shiny|100/100
|switch|p2a: Metagross|Metagross|100/100
|-weather|SunnyDay|[from] ability: Drought|[of] p1a: Ninetales
|turn|1
|
|t:|1776061205
|switch|p2a: Clefable|Clefable, M|100/100
|move|p1a: Ninetales|Overheat|p2a: Clefable
|-damage|p2a: Clefable|50/100
|-unboost|p1a: Ninetales|spa|2
|
|-weather|SunnyDay|[upkeep]
|-heal|p2a: Clefable|56/100|[from] item: Leftovers
|upkeep
|turn|2
|
|t:|1776061220
|switch|p1a: Blissey|Blissey, F|100/100
|move|p2a: Clefable|Moonlight|p2a: Clefable
|-heal|p2a: Clefable|100/100
|
|-weather|SunnyDay|[upkeep]
|upkeep
|turn|3
|
|t:|1776061229
|move|p2a: Clefable|Cosmic Power|p2a: Clefable
|-boost|p2a: Clefable|def|1
|-boost|p2a: Clefable|spd|1
|move|p1a: Blissey|Seismic Toss|p2a: Clefable
|-damage|p2a: Clefable|75/100
|
|-weather|SunnyDay|[upkeep]
|-heal|p2a: Clefable|81/100|[from] item: Leftovers
|upkeep
|turn|4
|
|t:|1776061238
|move|p2a: Clefable|Cosmic Power|p2a: Clefable
|-boost|p2a: Clefable|def|1
|-boost|p2a: Clefable|spd|1
|move|p1a: Blissey|Seismic Toss|p2a: Clefable
|-damage|p2a: Clefable|56/100
|
|-weather|SunnyDay|[upkeep]
|-heal|p2a: Clefable|62/100|[from] item: Leftovers
|upkeep
|turn|5
|
|t:|1776061248
|switch|p1a: Ninetales|Ninetales, F, shiny|100/100
|move|p2a: Clefable|Charge Beam|p1a: Ninetales
|-damage|p1a: Ninetales|87/100
|-boost|p2a: Clefable|spa|1
|
|-weather|SunnyDay|[upkeep]
|-heal|p2a: Clefable|68/100|[from] item: Leftovers
|upkeep
|turn|6
|
|t:|1776061258
|move|p1a: Ninetales|Encore|p2a: Clefable
|-start|p2a: Clefable|Encore
|move|p2a: Clefable|Charge Beam|p1a: Ninetales
|-damage|p1a: Ninetales|66/100
|
|-weather|SunnyDay|[upkeep]
|-heal|p2a: Clefable|74/100|[from] item: Leftovers
|upkeep
|turn|7
|
|t:|1776061276
|switch|p1a: Quagsire|Quagsire, F|100/100
|move|p2a: Clefable|Charge Beam|p1a: Quagsire
|-immune|p1a: Quagsire
|
|-weather|SunnyDay|[upkeep]
|-heal|p2a: Clefable|80/100|[from] item: Leftovers
|upkeep
|turn|8
|
|t:|1776061294
|switch|p2a: Thundurus|Thundurus-Therian, M|100/100
|move|p1a: Quagsire|Toxic|p2a: Thundurus
|-status|p2a: Thundurus|tox
|
|-weather|none
|-damage|p2a: Thundurus|94/100 tox|[from] psn
|upkeep
|turn|9
|
|t:|1776061310
|move|p2a: Thundurus|Knock Off|p1a: Quagsire
|-damage|p1a: Quagsire|85/100
|-enditem|p1a: Quagsire|Sitrus Berry|[from] move: Knock Off|[of] p2a: Thundurus
|move|p1a: Quagsire|Recover|p1a: Quagsire
|-heal|p1a: Quagsire|100/100
|
|-damage|p2a: Thundurus|82/100 tox|[from] psn
|upkeep
|turn|10
|
|t:|1776061319
|move|p2a: Thundurus|Grass Knot|p1a: Quagsire
|-supereffective|p1a: Quagsire
|-damage|p1a: Quagsire|0 fnt
|faint|p1a: Quagsire
|
|-damage|p2a: Thundurus|64/100 tox|[from] psn
|upkeep
|
|t:|1776061343
|switch|p1a: Ninetales|Ninetales, F, shiny|66/100
|-weather|SunnyDay|[from] ability: Drought|[of] p1a: Ninetales
|turn|11
|
|t:|1776061349
|move|p2a: Thundurus|Thunderbolt|p1a: Ninetales
|-damage|p1a: Ninetales|0 fnt
|faint|p1a: Ninetales
|
|-weather|SunnyDay|[upkeep]
|-damage|p2a: Thundurus|40/100 tox|[from] psn
|upkeep
|
|t:|1776061359
|switch|p1a: Leafeon|Leafeon, F|100/100
|turn|12
|
|t:|1776061364
|move|p1a: Leafeon|Knock Off|p2a: Thundurus
|-damage|p2a: Thundurus|0 fnt
|-enditem|p2a: Thundurus|Magnet|[from] move: Knock Off|[of] p1a: Leafeon
|faint|p2a: Thundurus
|-damage|p1a: Leafeon|91/100|[from] item: Life Orb
|
|-weather|SunnyDay|[upkeep]
|upkeep
|
|t:|1776061377
|switch|p2a: Metagross|Metagross|100/100
|turn|13
|
|t:|1776061383
|move|p1a: Leafeon|Knock Off|p2a: Metagross
|-supereffective|p2a: Metagross
|-damage|p2a: Metagross|44/100
|-enditem|p2a: Metagross|Muscle Band|[from] move: Knock Off|[of] p1a: Leafeon
|-damage|p1a: Leafeon|81/100|[from] item: Life Orb
|move|p2a: Metagross|Ice Punch|p1a: Leafeon
|-supereffective|p1a: Leafeon
|-damage|p1a: Leafeon|27/100
|
|-weather|SunnyDay|[upkeep]
|upkeep
|turn|14
|
|t:|1776061397
|switch|p2a: Corviknight|Corviknight, M|100/100
|move|p1a: Leafeon|Knock Off|p2a: Corviknight
|-damage|p2a: Corviknight|79/100
|-enditem|p2a: Corviknight|Leftovers|[from] move: Knock Off|[of] p1a: Leafeon
|-damage|p1a: Leafeon|17/100|[from] item: Life Orb
|
|-weather|SunnyDay|[upkeep]
|upkeep
|turn|15
|
|t:|1776061408
|switch|p1a: Corviknight|Corviknight, F|100/100
|-ability|p1a: Corviknight|Pressure
|move|p2a: Corviknight|Iron Defense|p2a: Corviknight
|-boost|p2a: Corviknight|def|2
|
|-weather|SunnyDay|[upkeep]
|upkeep
|turn|16
|
|t:|1776061416
|move|p1a: Corviknight|Taunt|p2a: Corviknight
|-start|p2a: Corviknight|move: Taunt
|move|p2a: Corviknight|Body Press|p1a: Corviknight
|-damage|p1a: Corviknight|63/100
|-damage|p2a: Corviknight|62/100|[from] item: Rocky Helmet|[of] p1a: Corviknight
|
|-weather|SunnyDay|[upkeep]
|upkeep
|turn|17
|
|t:|1776061426
|move|p1a: Corviknight|Body Press|p2a: Corviknight
|-damage|p2a: Corviknight|56/100
|move|p2a: Corviknight|Body Press|p1a: Corviknight
|-damage|p1a: Corviknight|19/100
|-damage|p2a: Corviknight|39/100|[from] item: Rocky Helmet|[of] p1a: Corviknight
|
|-weather|SunnyDay|[upkeep]
|upkeep
|turn|18
|
|t:|1776061435
|move|p1a: Corviknight|Roost|p1a: Corviknight
|-heal|p1a: Corviknight|69/100
|-singleturn|p1a: Corviknight|move: Roost
|move|p2a: Corviknight|Body Press|p1a: Corviknight
|-supereffective|p1a: Corviknight
|-damage|p1a: Corviknight|0 fnt
|-damage|p2a: Corviknight|23/100|[from] item: Rocky Helmet|[of] p1a: Corviknight
|faint|p1a: Corviknight
|
|-weather|none
|-end|p2a: Corviknight|move: Taunt
|upkeep
|
|t:|1776061445
|switch|p1a: Espeon|Espeon, F, shiny|100/100
|turn|19
|
|t:|1776061456
|-terastallize|p1a: Espeon|Fighting
|move|p1a: Espeon|Tera Blast|p2a: Corviknight|[anim] Tera Blast Fighting
|-damage|p2a: Corviknight|0 fnt
|faint|p2a: Corviknight
|
|upkeep
|
|t:|1776061463
|switch|p2a: Clefable|Clefable, M|80/100
|turn|20
|
|t:|1776061476
|move|p1a: Espeon|Substitute|p1a: Espeon
|-start|p1a: Espeon|Substitute
|-damage|p1a: Espeon|75/100
|move|p2a: Clefable|Cosmic Power|p2a: Clefable
|-boost|p2a: Clefable|def|1
|-boost|p2a: Clefable|spd|1
|
|-heal|p1a: Espeon|82/100|[from] item: Leftovers
|-heal|p2a: Clefable|86/100|[from] item: Leftovers
|upkeep
|turn|21
|
|t:|1776061486
|move|p1a: Espeon|Calm Mind|p1a: Espeon
|-boost|p1a: Espeon|spa|1
|-boost|p1a: Espeon|spd|1
|move|p2a: Clefable|Cosmic Power|p2a: Clefable
|-boost|p2a: Clefable|def|1
|-boost|p2a: Clefable|spd|1
|
|-heal|p1a: Espeon|88/100|[from] item: Leftovers
|-heal|p2a: Clefable|92/100|[from] item: Leftovers
|upkeep
|turn|22
|
|t:|1776061496
|move|p1a: Espeon|Calm Mind|p1a: Espeon
|-boost|p1a: Espeon|spa|1
|-boost|p1a: Espeon|spd|1
|move|p2a: Clefable|Cosmic Power|p2a: Clefable
|-boost|p2a: Clefable|def|1
|-boost|p2a: Clefable|spd|1
|
|-heal|p1a: Espeon|94/100|[from] item: Leftovers
|-heal|p2a: Clefable|98/100|[from] item: Leftovers
|upkeep
|turn|23
|
|t:|1776061505
|move|p1a: Espeon|Calm Mind|p1a: Espeon
|-boost|p1a: Espeon|spa|1
|-boost|p1a: Espeon|spd|1
|move|p2a: Clefable|Stored Power|p1a: Espeon
|-supereffective|p1a: Espeon
|-end|p1a: Espeon|Substitute
|
|-heal|p1a: Espeon|100/100|[from] item: Leftovers
|-heal|p2a: Clefable|100/100|[from] item: Leftovers
|upkeep
|turn|24
|
|t:|1776061515
|switch|p1a: Blissey|Blissey, F|100/100
|move|p2a: Clefable|Stored Power|p1a: Blissey
|-damage|p1a: Blissey|92/100
|
|upkeep
|turn|25
|
|t:|1776061521
|move|p2a: Clefable|Cosmic Power|p2a: Clefable
|-boost|p2a: Clefable|def|1
|-boost|p2a: Clefable|spd|1
|move|p1a: Blissey|Seismic Toss|p2a: Clefable
|-damage|p2a: Clefable|75/100
|
|-heal|p2a: Clefable|81/100|[from] item: Leftovers
|upkeep
|turn|26
|
|t:|1776061531
|move|p2a: Clefable|Charge Beam|p1a: Blissey
|-damage|p1a: Blissey|89/100
|-boost|p2a: Clefable|spa|1
|move|p1a: Blissey|Calm Mind|p1a: Blissey
|-boost|p1a: Blissey|spa|1
|-boost|p1a: Blissey|spd|1
|
|-heal|p2a: Clefable|87/100|[from] item: Leftovers
|upkeep
|turn|27
|
|t:|1776061540
|move|p2a: Clefable|Charge Beam|p1a: Blissey
|-damage|p1a: Blissey|84/100
|-boost|p2a: Clefable|spa|1
|move|p1a: Blissey|Seismic Toss|p2a: Clefable
|-damage|p2a: Clefable|62/100
|
|-heal|p2a: Clefable|68/100|[from] item: Leftovers
|upkeep
|turn|28
|
|t:|1776061550
|move|p2a: Clefable|Stored Power|p1a: Blissey
|-damage|p1a: Blissey|55/100
|move|p1a: Blissey|Calm Mind|p1a: Blissey
|-boost|p1a: Blissey|spa|1
|-boost|p1a: Blissey|spd|1
|
|-heal|p2a: Clefable|74/100|[from] item: Leftovers
|upkeep
|turn|29
|
|t:|1776061559
|move|p2a: Clefable|Charge Beam|p1a: Blissey
|-damage|p1a: Blissey|49/100
|-boost|p2a: Clefable|spa|1
|move|p1a: Blissey|Seismic Toss|p2a: Clefable
|-damage|p2a: Clefable|49/100
|
|-heal|p2a: Clefable|55/100|[from] item: Leftovers
|upkeep
|turn|30
|
|t:|1776061572
|move|p2a: Clefable|Stored Power|p1a: Blissey
|-damage|p1a: Blissey|11/100
|move|p1a: Blissey|Soft-Boiled|p1a: Blissey
|-heal|p1a: Blissey|61/100
|
|-heal|p2a: Clefable|61/100|[from] item: Leftovers
|upkeep
|turn|31
|
|t:|1776061580
|move|p2a: Clefable|Stored Power|p1a: Blissey
|-damage|p1a: Blissey|23/100
|move|p1a: Blissey|Calm Mind|p1a: Blissey
|-boost|p1a: Blissey|spa|1
|-boost|p1a: Blissey|spd|1
|
|-heal|p2a: Clefable|67/100|[from] item: Leftovers
|upkeep
|turn|32
|
|t:|1776061589
|move|p2a: Clefable|Stored Power|p1a: Blissey
|-damage|p1a: Blissey|0 fnt
|faint|p1a: Blissey
|
|-heal|p2a: Clefable|73/100|[from] item: Leftovers
|upkeep
|-message|RadiantSol forfeited.
|
|win|horseatrainer
|raw|RadiantSol's rating: 1211 &rarr; <strong>1187</strong><br />(-24 for losing)
|raw|horseatrainer's rating: 1220 &rarr; <strong>1244</strong><br />(+24 for winning)
|l|‽RadiantSol
|player|p1|
|l| ohko_smeargle
|l|☆horseatrainer
|player|p2|
