|html|<div class="broadcast-blue"><strong>[Gen 9] OU is currently suspecting Tera Blast! For information on how to participate check out the <a href="https://www.smogon.com/tools/suspects/view/200">suspect thread</a>.</strong></div>
|j|☆Saytoru
|j|☆auramonster6741
|t:|1776195632
|gametype|singles
|player|p1|Saytoru|cynthia-gen4|1000
|player|p2|auramonster6741|101|1000
|gen|9
|tier|[Gen 9] OU
|rated|
|rule|HP Percentage Mod: HP is shown in percentages
|rule|Endless Battle Clause: Forcing endless battles is banned
|rule|Species Clause: Limit one of each Pokémon
|rule|OHKO Clause: OHKO moves are banned
|rule|Evasion Items Clause: Evasion items are banned
|rule|Evasion Moves Clause: Evasion moves are banned
|rule|Evasion Abilities Clause: Evasion abilities are banned
|rule|Sleep Moves Clause: Sleep-inducing moves are banned
|clearpoke
|poke|p1|Ceruledge, M|
|poke|p1|Mimikyu, F|
|poke|p1|Gholdengo|
|poke|p1|Skeledirge, F|
|poke|p1|Zoroark-Hisui, F|
|poke|p1|Gengar, F|
|poke|p2|Glimmora, M|
|poke|p2|Clefable, F|
|poke|p2|Ogerpon-Wellspring, F|
|poke|p2|Iron Treads|
|poke|p2|Dragapult, F|
|poke|p2|Zapdos|
|teampreview
|inactive|Battle timer is ON: inactive players will automatically lose when time's up. (requested by auramonster6741)
|
|t:|1776195641
|teamsize|p1|6
|teamsize|p2|6
|start
|switch|p1a: Gengar|Gengar, F|100/100
|switch|p2a: Glimmora|Glimmora, M|100/100
|turn|1
|
|t:|1776195650
|move|p1a: Gengar|Nasty Plot|p1a: Gengar
|-boost|p1a: Gengar|spa|2
|move|p2a: Glimmora|Stealth Rock|p1a: Gengar
|-sidestart|p1: Saytoru|move: Stealth Rock
|
|upkeep
|turn|2
|
|t:|1776195676
|switch|p2a: Ogerpon|Ogerpon-Wellspring, F|100/100
|move|p1a: Gengar|Focus Blast|p2a: Ogerpon
|-damage|p2a: Ogerpon|6/100
|
|upkeep
|turn|3
|
|t:|1776195685
|move|p2a: Ogerpon|Knock Off|p1a: Gengar
|-supereffective|p1a: Gengar
|-enditem|p1a: Gengar|Focus Sash
|-damage|p1a: Gengar|1/100
|replace|p1a: Zoroark|Zoroark-Hisui, F
|-end|p1a: Zoroark|Illusion
|move|p1a: Zoroark|Sludge Bomb|p2a: Ogerpon
|-supereffective|p2a: Ogerpon
|-damage|p2a: Ogerpon|0 fnt
|faint|p2a: Ogerpon
|
|upkeep
|inactive|auramonster6741 has 120 seconds left.
|
|t:|1776195704
|switch|p2a: Dragapult|Dragapult, F|100/100
|turn|4
|inactive|auramonster6741 has 120 seconds left.
|
|t:|1776195715
|move|p2a: Dragapult|Sucker Punch||[still]
|-fail|p2a: Dragapult
|move|p1a: Zoroark|Nasty Plot|p1a: Zoroark
|-boost|p1a: Zoroark|spa|2
|
|upkeep
|turn|5
|inactive|auramonster6741 has 120 seconds left.
|
|t:|1776195728
|switch|p2a: Clefable|Clefable, F|100/100
|move|p1a: Zoroark|Shadow Ball|p2a: Clefable
|-damage|p2a: Clefable|0 fnt
|faint|p2a: Clefable
|
|upkeep
|inactive|auramonster6741 has 120 seconds left.
|
|t:|1776195734
|switch|p2a: Dragapult|Dragapult, F|100/100
|turn|6
|
|t:|1776195738
|move|p2a: Dragapult|Outrage|p1a: Zoroark
|-crit|p1a: Zoroark
|-damage|p1a: Zoroark|0 fnt
|faint|p1a: Zoroark
|
|upkeep
|
|t:|1776195741
|switch|p1a: Mimikyu|Mimikyu, F, shiny|100/100
|-damage|p1a: Mimikyu|88/100|[from] Stealth Rock
|turn|7
|
|t:|1776195748
|move|p2a: Dragapult|Outrage|p1a: Mimikyu|[from] lockedmove
|-immune|p1a: Mimikyu
|move|p1a: Mimikyu|Shadow Claw|p2a: Dragapult
|-supereffective|p2a: Dragapult
|-damage|p2a: Dragapult|0 fnt
|faint|p2a: Dragapult
|-damage|p1a: Mimikyu|78/100|[from] item: Life Orb
|
|upkeep
|
|t:|1776195756
|switch|p2a: Glimmora|Glimmora, M|100/100
|turn|8
|
|t:|1776195767
|move|p1a: Mimikyu|Swords Dance|p1a: Mimikyu
|-boost|p1a: Mimikyu|atk|2
|move|p2a: Glimmora|Sludge Wave|p1a: Mimikyu
|-activate|p1a: Mimikyu|ability: Disguise
|-damage|p1a: Mimikyu|78/100
|detailschange|p1a: Mimikyu|Mimikyu-Busted, F, shiny
|-damage|p1a: Mimikyu|66/100|[from] pokemon: Mimikyu-Busted
|
|upkeep
|turn|9
|
|t:|1776195773
|move|p1a: Mimikyu|Shadow Claw|p2a: Glimmora
|-damage|p2a: Glimmora|50/100
|-activate|p2a: Glimmora|ability: Toxic Debris
|-sidestart|p1: Saytoru|move: Toxic Spikes
|-damage|p1a: Mimikyu|56/100|[from] item: Life Orb
|move|p2a: Glimmora|Sludge Wave|p1a: Mimikyu
|-damage|p1a: Mimikyu|7/100
|
|-heal|p2a: Glimmora|56/100|[from] item: Leftovers
|upkeep
|turn|10
|
|t:|1776195780
|move|p2a: Glimmora|Protect|p2a: Glimmora
|-singleturn|p2a: Glimmora|Protect
|move|p1a: Mimikyu|Shadow Claw|p2a: Glimmora
|-activate|p2a: Glimmora|move: Protect
|
|-heal|p2a: Glimmora|62/100|[from] item: Leftovers
|upkeep
|turn|11
|
|t:|1776195785
|move|p1a: Mimikyu|Shadow Claw|p2a: Glimmora
|-damage|p2a: Glimmora|14/100
|-activate|p2a: Glimmora|ability: Toxic Debris
|-sidestart|p1: Saytoru|move: Toxic Spikes
|-damage|p1a: Mimikyu|0 fnt|[from] item: Life Orb
|faint|p1a: Mimikyu
|move|p2a: Glimmora|Sludge Wave|p1: Mimikyu|[notarget]
|-fail|p2a: Glimmora
|
|-heal|p2a: Glimmora|20/100|[from] item: Leftovers
|upkeep
|
|t:|1776195795
|switch|p1a: Ceruledge|Ceruledge, M, shiny|100/100
|-damage|p1a: Ceruledge|76/100|[from] Stealth Rock
|-status|p1a: Ceruledge|tox
|turn|12
|
|t:|1776195802
|move|p2a: Glimmora|Protect|p2a: Glimmora
|-singleturn|p2a: Glimmora|Protect
|move|p1a: Ceruledge|Shadow Sneak|p2a: Glimmora
|-activate|p2a: Glimmora|move: Protect
|
|-heal|p2a: Glimmora|26/100|[from] item: Leftovers
|-damage|p1a: Ceruledge|70/100 tox|[from] psn
|upkeep
|turn|13
|
|t:|1776195809
|move|p1a: Ceruledge|Shadow Sneak|p2a: Glimmora
|-damage|p2a: Glimmora|11/100
|move|p2a: Glimmora|Sludge Wave|p1a: Ceruledge
|-resisted|p1a: Ceruledge
|-damage|p1a: Ceruledge|44/100 tox
|
|-heal|p2a: Glimmora|17/100|[from] item: Leftovers
|-damage|p1a: Ceruledge|32/100 tox|[from] psn
|upkeep
|turn|14
|
|t:|1776195814
|move|p1a: Ceruledge|Close Combat|p2a: Glimmora
|-damage|p2a: Glimmora|0 fnt
|-unboost|p1a: Ceruledge|def|1
|-unboost|p1a: Ceruledge|spd|1
|faint|p2a: Glimmora
|
|-damage|p1a: Ceruledge|13/100 tox|[from] psn
|upkeep
|
|t:|1776195824
|switch|p2a: Iron Treads|Iron Treads|100/100
|-enditem|p2a: Iron Treads|Booster Energy
|-activate|p2a: Iron Treads|ability: Quark Drive|[fromitem]
|-start|p2a: Iron Treads|quarkdrivespe
|turn|15
|
|t:|1776195832
|move|p2a: Iron Treads|Earthquake|p1a: Ceruledge
|-supereffective|p1a: Ceruledge
|-damage|p1a: Ceruledge|0 fnt
|faint|p1a: Ceruledge
|
|upkeep
|
|t:|1776195834
|switch|p1a: Skeledirge|Skeledirge, F|100/100
|turn|16
|
|t:|1776195840
|-terastallize|p2a: Iron Treads|Ground
|move|p2a: Iron Treads|Earthquake|p1a: Skeledirge
|-supereffective|p1a: Skeledirge
|-damage|p1a: Skeledirge|28/100
|move|p1a: Skeledirge|Torch Song|p2a: Iron Treads
|-damage|p2a: Iron Treads|58/100
|-boost|p1a: Skeledirge|spa|1
|
|upkeep
|turn|17
|
|t:|1776195848
|move|p2a: Iron Treads|Earthquake|p1a: Skeledirge
|-supereffective|p1a: Skeledirge
|-damage|p1a: Skeledirge|0 fnt
|faint|p1a: Skeledirge
|
|upkeep
|
|t:|1776195850
|switch|p1a: Gholdengo|Gholdengo|100/100
|-damage|p1a: Gholdengo|94/100|[from] Stealth Rock
|turn|18
|
|t:|1776195855
|move|p2a: Iron Treads|Earthquake|p1a: Gholdengo
|-supereffective|p1a: Gholdengo
|-damage|p1a: Gholdengo|0 fnt
|faint|p1a: Gholdengo
|
|upkeep
|
|t:|1776195859
|switch|p1a: Gengar|Gengar, F|100/100
|-damage|p1a: Gengar|88/100|[from] Stealth Rock
|-sideend|p1: Saytoru|move: Toxic Spikes|[of] p1a: Gengar
|turn|19
|
|t:|1776195869
|move|p2a: Iron Treads|Earthquake|p1a: Gengar
|-supereffective|p1a: Gengar
|-damage|p1a: Gengar|0 fnt
|faint|p1a: Gengar
|
|win|auramonster6741
|raw|Saytoru's rating: 1000 &rarr; <strong>1000</strong><br />(+0 for losing)
|raw|auramonster6741's rating: 1000 &rarr; <strong>1040</strong><br />(+40 for winning)
|l|☆Saytoru
|player|p1|
