|html|<div class="broadcast-blue"><strong>[Gen 9] OU is currently suspecting Tera Blast! For information on how to participate check out the <a href="https://www.smogon.com/tools/suspects/view/200">suspect thread</a>.</strong></div>
|j|☆fuzzyju
|j|☆Cycling ovo
|t:|1776054281
|gametype|singles
|player|p1|fuzzyju|gentleman-gen4dp|1421
|player|p2|Cycling ovo|wallace|1440
|gen|9
|tier|[Gen 9] OU
|rated|
|rule|HP Percentage Mod: HP is shown in percentages
|rule|Endless Battle Clause: Forcing endless battles is banned
|rule|Species Clause: Limit one of each Pokémon
|rule|OHKO Clause: OHKO moves are banned
|rule|Evasion Items Clause: Evasion items are banned
|rule|Evasion Moves Clause: Evasion moves are banned
|rule|Evasion Abilities Clause: Evasion abilities are banned
|rule|Sleep Moves Clause: Sleep-inducing moves are banned
|clearpoke
|poke|p1|Azumarill, M|
|poke|p1|Rillaboom, M|
|poke|p1|Pecharunt|
|poke|p1|Glimmora, M|
|poke|p1|Samurott-Hisui, M|
|poke|p1|Latios, M|
|poke|p2|Iron Moth|
|poke|p2|Gliscor, F|
|poke|p2|Hatterene, F|
|poke|p2|Ogerpon-Wellspring, F|
|poke|p2|Raging Bolt|
|poke|p2|Zamazenta-*|
|teampreview
|inactive|Battle timer is ON: inactive players will automatically lose when time's up. (requested by fuzzyju)
|inactive|Cycling ovo has 120 seconds left.
|
|t:|1776054317
|teamsize|p1|6
|teamsize|p2|6
|start
|switch|p1a: DK|Rillaboom, M|100/100
|switch|p2a: Ogerpon|Ogerpon-Wellspring, F|100/100
|-fieldstart|move: Grassy Terrain|[from] ability: Grassy Surge|[of] p1a: DK
|turn|1
|inactive|fuzzyju has 120 seconds left.
|
|t:|1776054360
|switch|p2a: Hatterene|Hatterene, F|100/100
|move|p1a: DK|U-turn|p2a: Hatterene
|-damage|p2a: Hatterene|65/100
|
|t:|1776054372
|switch|p1a: Poop Trap 💩|Glimmora, M|100/100|[from] U-turn
|
|-heal|p2a: Hatterene|71/100|[from] Grassy Terrain
|-heal|p2a: Hatterene|77/100|[from] item: Leftovers
|upkeep
|turn|2
|inactive|Cycling ovo has 120 seconds left.
|
|t:|1776054410
|switch|p2a: Zamazenta|Zamazenta|100/100
|-ability|p2a: Zamazenta|Dauntless Shield|boost
|-boost|p2a: Zamazenta|def|1
|move|p1a: Poop Trap 💩|Meteor Beam||[still]
|-prepare|p1a: Poop Trap 💩|Meteor Beam
|-boost|p1a: Poop Trap 💩|spa|1
|-enditem|p1a: Poop Trap 💩|Power Herb
|-anim|p1a: Poop Trap 💩|Meteor Beam|p2a: Zamazenta
|-resisted|p2a: Zamazenta
|-damage|p2a: Zamazenta|66/100
|
|-heal|p2a: Zamazenta|72/100|[from] Grassy Terrain
|upkeep
|turn|3
|inactive|fuzzyju has 120 seconds left.
|
|t:|1776054425
|move|p2a: Zamazenta|Reflect|p2a: Zamazenta
|-sidestart|p2: Cycling ovo|Reflect
|move|p1a: Poop Trap 💩|Earth Power|p2a: Zamazenta
|-damage|p2a: Zamazenta|32/100
|
|-heal|p2a: Zamazenta|38/100|[from] Grassy Terrain
|upkeep
|turn|4
|inactive|fuzzyju has 120 seconds left.
|
|t:|1776054437
|move|p2a: Zamazenta|Light Screen|p2a: Zamazenta
|-sidestart|p2: Cycling ovo|move: Light Screen
|move|p1a: Poop Trap 💩|Stealth Rock|p2a: Zamazenta
|-sidestart|p2: Cycling ovo|move: Stealth Rock
|
|-heal|p2a: Zamazenta|44/100|[from] Grassy Terrain
|upkeep
|turn|5
|
|t:|1776054449
|switch|p2a: Gliscor|Gliscor, F|100/100
|-damage|p2a: Gliscor|88/100|[from] Stealth Rock
|move|p1a: Poop Trap 💩|Earth Power|p2a: Gliscor
|-immune|p2a: Gliscor
|
|-fieldend|move: Grassy Terrain
|-status|p2a: Gliscor|tox|[from] item: Toxic Orb
|upkeep
|turn|6
|
|t:|1776054461
|move|p1a: Poop Trap 💩|Meteor Beam||[still]
|-prepare|p1a: Poop Trap 💩|Meteor Beam
|-boost|p1a: Poop Trap 💩|spa|1
|move|p2a: Gliscor|Swords Dance|p2a: Gliscor
|-boost|p2a: Gliscor|atk|2
|
|-heal|p2a: Gliscor|100/100 tox|[from] ability: Poison Heal
|upkeep
|turn|7
|
|t:|1776054484
|move|p1a: Poop Trap 💩|Meteor Beam|p2a: Gliscor|[from] lockedmove
|-damage|p2a: Gliscor|17/100 tox
|move|p2a: Gliscor|Earthquake|p1a: Poop Trap 💩
|-supereffective|p1a: Poop Trap 💩
|-damage|p1a: Poop Trap 💩|0 fnt
|-activate|p1a: Poop Trap 💩|ability: Toxic Debris
|-sidestart|p2: Cycling ovo|move: Toxic Spikes
|faint|p1a: Poop Trap 💩
|
|-heal|p2a: Gliscor|30/100 tox|[from] ability: Poison Heal
|upkeep
|
|t:|1776054490
|switch|p1a: Lego Layer|Samurott-Hisui, M|100/100
|turn|8
|inactive|Cycling ovo has 90 seconds left.
|
|t:|1776054536
|switch|p2a: Ogerpon|Ogerpon-Wellspring, F|100/100
|-damage|p2a: Ogerpon|88/100|[from] Stealth Rock
|-status|p2a: Ogerpon|psn
|move|p1a: Lego Layer|Ceaseless Edge|p2a: Ogerpon
|-damage|p2a: Ogerpon|60/100 psn
|-sidestart|p2: Cycling ovo|Spikes
|
|-damage|p2a: Ogerpon|47/100 psn|[from] psn
|upkeep
|turn|9
|
|t:|1776054551
|switch|p1a: Gengar but Good|Pecharunt|100/100
|move|p2a: Ogerpon|Trailblaze|p1a: Gengar but Good
|-resisted|p1a: Gengar but Good
|-damage|p1a: Gengar but Good|93/100
|-boost|p2a: Ogerpon|spe|1
|
|-damage|p2a: Ogerpon|35/100 psn|[from] psn
|upkeep
|turn|10
|
|t:|1776054562
|switch|p2a: Iron Moth|Iron Moth|100/100
|-damage|p2a: Iron Moth|76/100|[from] Stealth Rock
|-sideend|p2: Cycling ovo|move: Toxic Spikes|[of] p2a: Iron Moth
|-damage|p2a: Iron Moth|63/100|[from] Spikes
|-enditem|p2a: Iron Moth|Booster Energy
|-activate|p2a: Iron Moth|ability: Quark Drive|[fromitem]
|-start|p2a: Iron Moth|quarkdrivespe
|move|p1a: Gengar but Good|Parting Shot|p2a: Iron Moth
|-unboost|p2a: Iron Moth|atk|1
|-unboost|p2a: Iron Moth|spa|1
|
|t:|1776054568
|switch|p1a: Rabbi Rabbit|Azumarill, M|100/100|[from] Parting Shot
|
|-sideend|p2: Cycling ovo|Reflect
|upkeep
|turn|11
|inactive|Cycling ovo has 60 seconds left.
|
|t:|1776054597
|-terastallize|p2a: Iron Moth|Ghost
|move|p1a: Rabbi Rabbit|Aqua Jet|p2a: Iron Moth
|-damage|p2a: Iron Moth|24/100
|move|p2a: Iron Moth|Sludge Wave|p1a: Rabbi Rabbit
|-supereffective|p1a: Rabbi Rabbit
|-damage|p1a: Rabbi Rabbit|19/100
|-enditem|p1a: Rabbi Rabbit|Sitrus Berry|[eat]
|-heal|p1a: Rabbi Rabbit|44/100|[from] item: Sitrus Berry
|
|-sideend|p2: Cycling ovo|move: Light Screen
|upkeep
|turn|12
|inactive|Cycling ovo has 60 seconds left.
|
|t:|1776054614
|move|p1a: Rabbi Rabbit|Aqua Jet|p2a: Iron Moth
|-damage|p2a: Iron Moth|0 fnt
|faint|p2a: Iron Moth
|-end|p2a: Iron Moth|Quark Drive|[silent]
|
|upkeep
|
|t:|1776054633
|switch|p2a: Raging Bolt|Raging Bolt|100/100
|-damage|p2a: Raging Bolt|88/100|[from] Stealth Rock
|-damage|p2a: Raging Bolt|76/100|[from] Spikes
|-enditem|p2a: Raging Bolt|Booster Energy
|-activate|p2a: Raging Bolt|ability: Protosynthesis|[fromitem]
|-start|p2a: Raging Bolt|protosynthesisspa
|turn|13
|
|t:|1776054643
|move|p2a: Raging Bolt|Calm Mind|p2a: Raging Bolt
|-boost|p2a: Raging Bolt|spa|1
|-boost|p2a: Raging Bolt|spd|1
|move|p1a: Rabbi Rabbit|Play Rough|p2a: Raging Bolt
|-supereffective|p2a: Raging Bolt
|-damage|p2a: Raging Bolt|0 fnt
|faint|p2a: Raging Bolt
|-end|p2a: Raging Bolt|Protosynthesis|[silent]
|
|upkeep
|-message|Cycling ovo forfeited.
|
|win|fuzzyju
|raw|fuzzyju's rating: 1421 &rarr; <strong>1442</strong><br />(+21 for winning)
|raw|Cycling ovo's rating: 1440 &rarr; <strong>1419</strong><br />(-21 for losing)
|l|☆Cycling ovo
|player|p2|
|l|☆fuzzyju
|player|p1|
