|html|<div class="broadcast-blue"><strong>[Gen 9] OU is currently suspecting Volcarona! For information on how to participate check out the <a href="https://www.smogon.com/tools/suspects/view/208">suspect thread</a>.</strong></div>
|j|☆baansodboi
|j|☆areddy6umd.edu
|t:|1778504500
|gametype|singles
|player|p1|baansodboi|2|1162
|player|p2|areddy6umd.edu|drayden|1133
|gen|9
|tier|[Gen 9] OU
|rated|
|rule|HP Percentage Mod: HP is shown in percentages
|rule|Endless Battle Clause: Forcing endless battles is banned
|rule|Species Clause: Limit one of each Pokémon
|rule|OHKO Clause: OHKO moves are banned
|rule|Evasion Items Clause: Evasion items are banned
|rule|Evasion Moves Clause: Evasion moves are banned
|rule|Evasion Abilities Clause: Evasion abilities are banned
|rule|Sleep Moves Clause: Sleep-inducing moves are banned
|clearpoke
|poke|p1|Indeedee, M|
|poke|p1|Hawlucha, M|
|poke|p1|Iron Crown|
|poke|p1|Arcanine-Hisui, M|
|poke|p1|Slowking-Galar, M|
|poke|p1|Regirock|
|poke|p2|Feraligatr, M|
|poke|p2|Charizard, M|
|poke|p2|Sceptile, M|
|poke|p2|Tyranitar, M|
|poke|p2|Dragapult, M|
|poke|p2|Metagross|
|teampreview
|inactive|Battle timer is ON: inactive players will automatically lose when time's up. (requested by areddy6umd.edu)
|
|t:|1778504512
|teamsize|p1|6
|teamsize|p2|6
|start
|switch|p1a: Arcanine|Arcanine-Hisui, M, shiny|100/100
|switch|p2a: Feraligatr|Feraligatr, M|100/100
|turn|1
|
|t:|1778504522
|switch|p1a: Indeedee|Indeedee, M, shiny|100/100
|-fieldstart|move: Psychic Terrain|[from] ability: Psychic Surge|[of] p1a: Indeedee
|move|p2a: Feraligatr|Dragon Dance|p2a: Feraligatr
|-boost|p2a: Feraligatr|atk|1
|-boost|p2a: Feraligatr|spe|1
|
|upkeep
|turn|2
|
|t:|1778504530
|move|p2a: Feraligatr|Crunch|p1a: Indeedee
|-supereffective|p1a: Indeedee
|-damage|p1a: Indeedee|0 fnt
|faint|p1a: Indeedee
|
|upkeep
|
|t:|1778504537
|switch|p1a: Iron Crown|Iron Crown|100/100
|-enditem|p1a: Iron Crown|Booster Energy
|-activate|p1a: Iron Crown|ability: Quark Drive|[fromitem]
|-start|p1a: Iron Crown|quarkdrivespa
|turn|3
|
|t:|1778504545
|-terastallize|p1a: Iron Crown|Electric
|move|p2a: Feraligatr|Crunch|p1a: Iron Crown
|-damage|p1a: Iron Crown|47/100
|move|p1a: Iron Crown|Volt Switch|p2a: Feraligatr
|-supereffective|p2a: Feraligatr
|-damage|p2a: Feraligatr|0 fnt
|faint|p2a: Feraligatr
|
|t:|1778504556
|-end|p1a: Iron Crown|Quark Drive|[silent]
|switch|p1a: Hawlucha|Hawlucha, M, shiny|100/100|[from] Volt Switch
|-enditem|p1a: Hawlucha|Psychic Seed
|-boost|p1a: Hawlucha|spd|1|[from] item: Psychic Seed
|
|upkeep
|
|t:|1778504566
|switch|p2a: Charizard|Charizard, M|100/100
|turn|4
|
|t:|1778504574
|move|p1a: Hawlucha|Swords Dance|p1a: Hawlucha
|-boost|p1a: Hawlucha|atk|2
|move|p2a: Charizard|Dragon Dance|p2a: Charizard
|-boost|p2a: Charizard|atk|1
|-boost|p2a: Charizard|spe|1
|
|upkeep
|turn|5
|
|t:|1778504582
|move|p1a: Hawlucha|Acrobatics|p2a: Charizard
|-damage|p2a: Charizard|0 fnt
|faint|p2a: Charizard
|
|upkeep
|
|t:|1778504588
|switch|p2a: Metagross|Metagross|100/100
|turn|6
|
|t:|1778504600
|move|p1a: Hawlucha|Close Combat|p2a: Metagross
|-damage|p2a: Metagross|1/100
|-unboost|p1a: Hawlucha|def|1
|-unboost|p1a: Hawlucha|spd|1
|move|p2a: Metagross|Psychic Fangs|p1a: Hawlucha
|-supereffective|p1a: Hawlucha
|-damage|p1a: Hawlucha|0 fnt
|faint|p1a: Hawlucha
|
|upkeep
|
|t:|1778504617
|switch|p1a: Iron Crown|Iron Crown, tera:Electric|47/100
|turn|7
|
|t:|1778504628
|move|p1a: Iron Crown|Volt Switch|p2a: Metagross
|-damage|p2a: Metagross|0 fnt
|faint|p2a: Metagross
|
|t:|1778504633
|-end|p1a: Iron Crown|Quark Drive|[silent]
|switch|p1a: Arcanine|Arcanine-Hisui, M, shiny|100/100|[from] Volt Switch
|
|upkeep
|
|t:|1778504639
|switch|p2a: Sceptile|Sceptile, M|100/100
|turn|8
|
|t:|1778504655
|move|p1a: Arcanine|Flare Blitz|p2a: Sceptile
|-supereffective|p2a: Sceptile
|-damage|p2a: Sceptile|0 fnt
|faint|p2a: Sceptile
|
|-fieldend|move: Psychic Terrain
|upkeep
|
|t:|1778504662
|switch|p2a: Dragapult|Dragapult, M|100/100
|turn|9
|
|t:|1778504674
|switch|p1a: Regirock|Regirock, shiny|100/100
|move|p2a: Dragapult|Hydro Pump|p1a: Regirock
|-supereffective|p1a: Regirock
|-damage|p1a: Regirock|40/100
|
|upkeep
|turn|10
|
|t:|1778504688
|move|p2a: Dragapult|Hydro Pump|p1a: Regirock|[miss]
|-miss|p2a: Dragapult|p1a: Regirock
|move|p1a: Regirock|Thunder Wave|p2a: Dragapult
|-status|p2a: Dragapult|par
|
|upkeep
|turn|11
|
|t:|1778504696
|move|p2a: Dragapult|Hydro Pump|p1a: Regirock
|-supereffective|p1a: Regirock
|-damage|p1a: Regirock|0 fnt
|faint|p1a: Regirock
|
|upkeep
|
|t:|1778504708
|switch|p1a: Iron Crown|Iron Crown, tera:Electric|47/100
|turn|12
|
|t:|1778504715
|move|p1a: Iron Crown|Tachyon Cutter|p2a: Dragapult
|-damage|p2a: Dragapult|79/100 par
|-damage|p2a: Dragapult|56/100 par
|-hitcount|p2a: Dragapult|2
|move|p2a: Dragapult|Shadow Ball|p1a: Iron Crown
|-damage|p1a: Iron Crown|12/100
|
|upkeep
|turn|13
|
|t:|1778504725
|move|p1a: Iron Crown|Tachyon Cutter|p2a: Dragapult
|-damage|p2a: Dragapult|33/100 par
|-damage|p2a: Dragapult|9/100 par
|-hitcount|p2a: Dragapult|2
|move|p2a: Dragapult|Shadow Ball|p1a: Iron Crown
|-damage|p1a: Iron Crown|0 fnt
|faint|p1a: Iron Crown
|-end|p1a: Iron Crown|Quark Drive|[silent]
|
|upkeep
|
|t:|1778504742
|switch|p1a: Slowking|Slowking-Galar, M, shiny|100/100
|-item|p1a: Slowking|Air Balloon
|turn|14
|
|t:|1778504751
|move|p2a: Dragapult|Shadow Ball|p1a: Slowking
|-supereffective|p1a: Slowking
|-damage|p1a: Slowking|43/100
|-unboost|p1a: Slowking|spd|1
|-enditem|p1a: Slowking|Air Balloon
|move|p1a: Slowking|Expanding Force|p2a: Dragapult
|-damage|p2a: Dragapult|0 fnt
|faint|p2a: Dragapult
|
|upkeep
|
|t:|1778504766
|switch|p2a: Tyranitar|Tyranitar, M|100/100
|-weather|Sandstorm|[from] ability: Sand Stream|[of] p2a: Tyranitar
|turn|15
|
|t:|1778504773
|move|p2a: Tyranitar|Earthquake|p1a: Slowking
|-supereffective|p1a: Slowking
|-damage|p1a: Slowking|0 fnt
|faint|p1a: Slowking
|
|-weather|Sandstorm|[upkeep]
|upkeep
|
|t:|1778504780
|switch|p1a: Arcanine|Arcanine-Hisui, M, shiny|100/100
|turn|16
|
|t:|1778504788
|-terastallize|p2a: Tyranitar|Ghost
|move|p1a: Arcanine|Close Combat|p2a: Tyranitar
|-immune|p2a: Tyranitar
|move|p2a: Tyranitar|Earthquake|p1a: Arcanine
|-supereffective|p1a: Arcanine
|-damage|p1a: Arcanine|0 fnt
|faint|p1a: Arcanine
|
|win|areddy6umd.edu
|raw|baansodboi's rating: 1162 &rarr; <strong>1135</strong><br />(-27 for losing)
|raw|areddy6umd.edu's rating: 1133 &rarr; <strong>1160</strong><br />(+27 for winning)
|l|☆baansodboi
|player|p1|
|l|☆areddy6umd.edu
|player|p2|
