|html|<div class="broadcast-blue"><strong>[Gen 9] OU is currently suspecting Tera Blast! For information on how to participate check out the <a href="https://www.smogon.com/tools/suspects/view/200">suspect thread</a>.</strong></div>
|j|☆mrzed03
|j|☆hugo_pkmn
|t:|1776115484
|gametype|singles
|player|p1|mrzed03|265|1276
|player|p2|hugo_pkmn|266|1243
|gen|9
|tier|[Gen 9] OU
|rated|
|rule|HP Percentage Mod: HP is shown in percentages
|rule|Endless Battle Clause: Forcing endless battles is banned
|rule|Species Clause: Limit one of each Pokémon
|rule|OHKO Clause: OHKO moves are banned
|rule|Evasion Items Clause: Evasion items are banned
|rule|Evasion Moves Clause: Evasion moves are banned
|rule|Evasion Abilities Clause: Evasion abilities are banned
|rule|Sleep Moves Clause: Sleep-inducing moves are banned
|clearpoke
|poke|p1|Gliscor, F|
|poke|p1|Corviknight, M|
|poke|p1|Toxapex, F|
|poke|p1|Blissey, F|
|poke|p1|Skeledirge, M|
|poke|p1|Clodsire, F|
|poke|p2|Magmortar, F|
|poke|p2|Alomomola, M|
|poke|p2|Slowking-Galar, M|
|poke|p2|Ting-Lu|
|poke|p2|Great Tusk|
|poke|p2|Zamazenta-*|
|teampreview
|inactive|Battle timer is ON: inactive players will automatically lose when time's up. (requested by mrzed03)
|j| ohko_smeargle
|inactive|mrzed03 has 120 seconds left.
|
|t:|1776115518
|teamsize|p1|6
|teamsize|p2|6
|start
|switch|p1a: Gliscor|Gliscor, F|100/100
|switch|p2a: Slowking|Slowking-Galar, M, shiny|100/100
|turn|1
|
|t:|1776115536
|move|p1a: Gliscor|Protect|p1a: Gliscor
|-singleturn|p1a: Gliscor|Protect
|move|p2a: Slowking|Ice Beam|p1a: Gliscor
|-activate|p1a: Gliscor|move: Protect
|
|-status|p1a: Gliscor|tox|[from] item: Toxic Orb
|upkeep
|turn|2
|
|t:|1776115548
|switch|p1a: Skeledirge|Skeledirge, M|100/100
|move|p2a: Slowking|Future Sight|p1a: Skeledirge
|-start|p2a: Slowking|move: Future Sight
|
|upkeep
|turn|3
|
|t:|1776115556
|move|p1a: Skeledirge|Torch Song|p2a: Slowking
|-damage|p2a: Slowking|82/100
|-boost|p1a: Skeledirge|spa|1
|-prepare|p2a: Slowking|Chilly Reception|[premajor]
|move|p2a: Slowking|Chilly Reception|p2a: Slowking
|-weather|Snowscape
|
|t:|1776115571
|switch|p2a: Great Tusk|Great Tusk|100/100|[from] Chilly Reception
|
|-weather|Snowscape|[upkeep]
|upkeep
|turn|4
|
|t:|1776115578
|switch|p1a: Corviknight|Corviknight, M|100/100
|-ability|p1a: Corviknight|Pressure
|move|p2a: Great Tusk|Knock Off|p1a: Corviknight
|-damage|p1a: Corviknight|80/100
|-damage|p2a: Great Tusk|84/100|[from] item: Rocky Helmet|[of] p1a: Corviknight
|-enditem|p1a: Corviknight|Rocky Helmet|[from] move: Knock Off|[of] p2a: Great Tusk
|
|-weather|Snowscape|[upkeep]
|-end|p1a: Corviknight|move: Future Sight
|-resisted|p1a: Corviknight
|-damage|p1a: Corviknight|57/100
|upkeep
|turn|5
|
|t:|1776115600
|-end|p2a: Great Tusk|Protosynthesis|[silent]
|switch|p2a: Magmortar|Magmortar, F, shiny|100/100
|move|p1a: Corviknight|Roost|p1a: Corviknight
|-heal|p1a: Corviknight|100/100
|-singleturn|p1a: Corviknight|move: Roost
|
|-weather|Snowscape|[upkeep]
|upkeep
|turn|6
|
|t:|1776115623
|switch|p1a: Toxapex|Toxapex, F|100/100
|move|p2a: Magmortar|Scorching Sands|p1a: Toxapex
|-supereffective|p1a: Toxapex
|-damage|p1a: Toxapex|41/100
|
|-weather|Snowscape|[upkeep]
|-heal|p1a: Toxapex|48/100|[from] item: Black Sludge
|upkeep
|turn|7
|inactive|hugo_pkmn has 120 seconds left.
|
|t:|1776115647
|switch|p2a: Slowking|Slowking-Galar, M, shiny|100/100
|switch|p1a: Blissey|Blissey, F|100/100
|
|-weather|none
|upkeep
|turn|8
|
|t:|1776115654
|move|p1a: Blissey|Stealth Rock|p2a: Slowking
|-sidestart|p2: hugo_pkmn|move: Stealth Rock
|move|p2a: Slowking|Future Sight|p1a: Blissey
|-start|p2a: Slowking|move: Future Sight
|
|upkeep
|turn|9
|
|t:|1776115660
|move|p1a: Blissey|Shadow Ball|p2a: Slowking
|-supereffective|p2a: Slowking
|-damage|p2a: Slowking|83/100
|-prepare|p2a: Slowking|Chilly Reception|[premajor]
|move|p2a: Slowking|Chilly Reception|p2a: Slowking
|-weather|Snowscape
|
|t:|1776115665
|switch|p2a: Great Tusk|Great Tusk|84/100|[from] Chilly Reception
|
|-weather|Snowscape|[upkeep]
|upkeep
|turn|10
|
|t:|1776115673
|switch|p1a: Gliscor|Gliscor, F|100/100 tox
|move|p2a: Great Tusk|Rapid Spin|p1a: Gliscor
|-damage|p1a: Gliscor|86/100 tox
|-boost|p2a: Great Tusk|spe|1
|-sideend|p2: hugo_pkmn|Stealth Rock|[from] move: Rapid Spin|[of] p2a: Great Tusk
|
|-weather|Snowscape|[upkeep]
|-end|p1a: Gliscor|move: Future Sight
|-damage|p1a: Gliscor|49/100 tox
|-heal|p1a: Gliscor|62/100 tox|[from] ability: Poison Heal
|upkeep
|turn|11
|
|t:|1776115688
|move|p1a: Gliscor|Protect|p1a: Gliscor
|-singleturn|p1a: Gliscor|Protect
|move|p2a: Great Tusk|Knock Off|p1a: Gliscor
|-activate|p1a: Gliscor|move: Protect
|
|-weather|Snowscape|[upkeep]
|-heal|p1a: Gliscor|74/100 tox|[from] ability: Poison Heal
|upkeep
|turn|12
|
|t:|1776115695
|switch|p1a: Corviknight|Corviknight, M|100/100
|-ability|p1a: Corviknight|Pressure
|move|p2a: Great Tusk|Ice Spinner|p1a: Corviknight
|-damage|p1a: Corviknight|84/100
|
|-weather|Snowscape|[upkeep]
|upkeep
|turn|13
|
|t:|1776115706
|-end|p2a: Great Tusk|Protosynthesis|[silent]
|switch|p2a: Ting-Lu|Ting-Lu, shiny|100/100
|-ability|p2a: Ting-Lu|Vessel of Ruin
|move|p1a: Corviknight|Body Press|p2a: Ting-Lu
|-supereffective|p2a: Ting-Lu
|-damage|p2a: Ting-Lu|74/100
|
|-weather|none
|-heal|p2a: Ting-Lu|80/100|[from] item: Leftovers
|upkeep
|turn|14
|
|t:|1776115715
|move|p1a: Corviknight|Iron Defense|p1a: Corviknight
|-boost|p1a: Corviknight|def|2
|move|p2a: Ting-Lu|Stealth Rock|p1a: Corviknight
|-sidestart|p1: mrzed03|move: Stealth Rock
|
|-heal|p2a: Ting-Lu|86/100|[from] item: Leftovers
|upkeep
|turn|15
|
|t:|1776115724
|move|p1a: Corviknight|Iron Defense|p1a: Corviknight
|-boost|p1a: Corviknight|def|2
|move|p2a: Ting-Lu|Whirlwind|p1a: Corviknight
|drag|p1a: Blissey|Blissey, F|100/100
|-damage|p1a: Blissey|88/100|[from] Stealth Rock
|
|-heal|p1a: Blissey|94/100|[from] item: Leftovers
|-heal|p2a: Ting-Lu|92/100|[from] item: Leftovers
|upkeep
|turn|16
|
|t:|1776115739
|switch|p1a: Corviknight|Corviknight, M|84/100
|-damage|p1a: Corviknight|71/100|[from] Stealth Rock
|-ability|p1a: Corviknight|Pressure
|move|p2a: Ting-Lu|Spikes|p1a: Corviknight
|-sidestart|p1: mrzed03|Spikes
|
|-heal|p2a: Ting-Lu|99/100|[from] item: Leftovers
|upkeep
|turn|17
|
|t:|1776115752
|switch|p2a: Magmortar|Magmortar, F, shiny|100/100
|move|p1a: Corviknight|Defog|p2a: Magmortar
|-unboost|p2a: Magmortar|evasion|1
|-sideend|p1: mrzed03|Spikes|[from] move: Defog|[of] p1a: Corviknight
|-sideend|p1: mrzed03|Stealth Rock|[from] move: Defog|[of] p1a: Corviknight
|
|upkeep
|turn|18
|
|t:|1776115765
|switch|p1a: Blissey|Blissey, F|94/100
|move|p2a: Magmortar|Flamethrower|p1a: Blissey
|-damage|p1a: Blissey|76/100
|
|-heal|p1a: Blissey|82/100|[from] item: Leftovers
|upkeep
|turn|19
|
|t:|1776115778
|switch|p2a: Great Tusk|Great Tusk|84/100
|move|p1a: Blissey|Seismic Toss|p2a: Great Tusk
|-damage|p2a: Great Tusk|57/100
|
|-heal|p1a: Blissey|88/100|[from] item: Leftovers
|upkeep
|turn|20
|
|t:|1776115789
|switch|p1a: Corviknight|Corviknight, M|71/100
|-ability|p1a: Corviknight|Pressure
|move|p2a: Great Tusk|Knock Off|p1a: Corviknight
|-damage|p1a: Corviknight|57/100
|
|upkeep
|turn|21
|
|t:|1776115799
|-end|p2a: Great Tusk|Protosynthesis|[silent]
|switch|p2a: Alomomola|Alomomola, M, shiny|100/100
|move|p1a: Corviknight|Roost|p1a: Corviknight
|-heal|p1a: Corviknight|100/100
|-singleturn|p1a: Corviknight|move: Roost
|
|upkeep
|turn|22
|
|t:|1776115807
|move|p1a: Corviknight|Iron Defense|p1a: Corviknight
|-boost|p1a: Corviknight|def|2
|move|p2a: Alomomola|Scald|p1a: Corviknight
|-crit|p1a: Corviknight
|-damage|p1a: Corviknight|82/100
|
|upkeep
|turn|23
|
|t:|1776115814
|move|p1a: Corviknight|Iron Defense|p1a: Corviknight
|-boost|p1a: Corviknight|def|2
|move|p2a: Alomomola|Scald|p1a: Corviknight
|-damage|p1a: Corviknight|70/100
|
|upkeep
|turn|24
|
|t:|1776115820
|move|p1a: Corviknight|Body Press|p2a: Alomomola
|-damage|p2a: Alomomola|61/100
|move|p2a: Alomomola|Scald|p1a: Corviknight
|-damage|p1a: Corviknight|58/100
|
|upkeep
|turn|25
|
|t:|1776115835
|switch|p2a: Slowking|Slowking-Galar, M, shiny|100/100
|move|p1a: Corviknight|Body Press|p2a: Slowking
|-resisted|p2a: Slowking
|-damage|p2a: Slowking|80/100
|
|upkeep
|turn|26
|
|t:|1776115844
|switch|p1a: Blissey|Blissey, F|88/100
|move|p2a: Slowking|Future Sight|p1a: Blissey
|-start|p2a: Slowking|move: Future Sight
|
|-heal|p1a: Blissey|94/100|[from] item: Leftovers
|upkeep
|turn|27
|
|t:|1776115857
|move|p1a: Blissey|Stealth Rock|p2a: Slowking
|-sidestart|p2: hugo_pkmn|move: Stealth Rock
|-prepare|p2a: Slowking|Chilly Reception|[premajor]
|move|p2a: Slowking|Chilly Reception|p2a: Slowking
|-weather|Snowscape
|
|t:|1776115865
|switch|p2a: Zamazenta|Zamazenta|100/100|[from] Chilly Reception
|-damage|p2a: Zamazenta|94/100|[from] Stealth Rock
|-ability|p2a: Zamazenta|Dauntless Shield|boost
|-boost|p2a: Zamazenta|def|1
|
|-weather|Snowscape|[upkeep]
|-heal|p1a: Blissey|100/100|[from] item: Leftovers
|upkeep
|turn|28
|
|t:|1776115889
|switch|p1a: Skeledirge|Skeledirge, M|100/100
|move|p2a: Zamazenta|Crunch|p1a: Skeledirge
|-supereffective|p1a: Skeledirge
|-damage|p1a: Skeledirge|49/100
|
|-weather|Snowscape|[upkeep]
|-end|p1a: Skeledirge|move: Future Sight
|-damage|p1a: Skeledirge|0 fnt
|faint|p1a: Skeledirge
|upkeep
|
|t:|1776115903
|switch|p1a: Corviknight|Corviknight, M|58/100
|-ability|p1a: Corviknight|Pressure
|turn|29
|
|t:|1776115913
|switch|p2a: Slowking|Slowking-Galar, M, shiny|100/100
|move|p1a: Corviknight|Roost|p1a: Corviknight
|-heal|p1a: Corviknight|100/100
|-singleturn|p1a: Corviknight|move: Roost
|
|-weather|Snowscape|[upkeep]
|upkeep
|turn|30
|
|t:|1776115923
|switch|p1a: Clodsire|Clodsire, F|100/100
|move|p2a: Slowking|Future Sight|p1a: Clodsire
|-start|p2a: Slowking|move: Future Sight
|
|-weather|Snowscape|[upkeep]
|upkeep
|turn|31
|
|t:|1776115939
|move|p1a: Clodsire|Earthquake|p2a: Slowking
|-supereffective|p2a: Slowking
|-damage|p2a: Slowking|48/100
|move|p2a: Slowking|Ice Beam|p1a: Clodsire
|-supereffective|p1a: Clodsire
|-damage|p1a: Clodsire|75/100
|
|-weather|none
|-heal|p1a: Clodsire|81/100|[from] item: Leftovers
|upkeep
|turn|32
|
|t:|1776115959
|switch|p2a: Zamazenta|Zamazenta|94/100
|-damage|p2a: Zamazenta|88/100|[from] Stealth Rock
|move|p1a: Clodsire|Toxic|p2a: Zamazenta
|-status|p2a: Zamazenta|tox
|
|-end|p1a: Clodsire|move: Future Sight
|-supereffective|p1a: Clodsire
|-damage|p1a: Clodsire|32/100
|-heal|p1a: Clodsire|38/100|[from] item: Leftovers
|-damage|p2a: Zamazenta|82/100 tox|[from] psn
|upkeep
|turn|33
|
|t:|1776115970
|move|p2a: Zamazenta|Ice Fang|p1a: Clodsire|[miss]
|-miss|p2a: Zamazenta|p1a: Clodsire
|move|p1a: Clodsire|Recover|p1a: Clodsire
|-heal|p1a: Clodsire|88/100
|
|-heal|p1a: Clodsire|95/100|[from] item: Leftovers
|-damage|p2a: Zamazenta|70/100 tox|[from] psn
|upkeep
|turn|34
|
|t:|1776115987
|switch|p2a: Alomomola|Alomomola, M, shiny|95/100
|switch|p1a: Corviknight|Corviknight, M|100/100
|-ability|p1a: Corviknight|Pressure
|
|upkeep
|turn|35
|
|t:|1776116010
|switch|p1a: Gliscor|Gliscor, F|74/100 tox
|move|p2a: Alomomola|Scald|p1a: Gliscor
|-supereffective|p1a: Gliscor
|-damage|p1a: Gliscor|53/100 tox
|
|-heal|p1a: Gliscor|66/100 tox|[from] ability: Poison Heal
|upkeep
|turn|36
|
|t:|1776116029
|switch|p2a: Slowking|Slowking-Galar, M, shiny|81/100
|move|p1a: Gliscor|Knock Off|p2a: Slowking
|-supereffective|p2a: Slowking
|-damage|p2a: Slowking|38/100
|-enditem|p2a: Slowking|Heavy-Duty Boots|[from] move: Knock Off|[of] p1a: Gliscor
|
|-heal|p1a: Gliscor|78/100 tox|[from] ability: Poison Heal
|upkeep
|turn|37
|inactive|mrzed03 has 120 seconds left.
|inactive|hugo_pkmn has 120 seconds left.
|
|t:|1776116069
|switch|p2a: Great Tusk|Great Tusk|57/100
|move|p1a: Gliscor|Earthquake|p2a: Great Tusk
|-damage|p2a: Great Tusk|33/100
|
|-heal|p1a: Gliscor|91/100 tox|[from] ability: Poison Heal
|upkeep
|turn|38
|inactive|mrzed03 has 120 seconds left.
|
|t:|1776116080
|switch|p1a: Corviknight|Corviknight, M|100/100
|-ability|p1a: Corviknight|Pressure
|move|p2a: Great Tusk|Knock Off|p1a: Corviknight
|-damage|p1a: Corviknight|86/100
|
|upkeep
|turn|39
|inactive|mrzed03 has 120 seconds left.
|
|t:|1776116090
|-end|p2a: Great Tusk|Protosynthesis|[silent]
|switch|p2a: Alomomola|Alomomola, M, shiny|100/100
|move|p1a: Corviknight|Body Press|p2a: Alomomola
|-damage|p2a: Alomomola|86/100
|
|upkeep
|turn|40
|
|t:|1776116098
|switch|p1a: Gliscor|Gliscor, F|91/100 tox
|move|p2a: Alomomola|Wish|p2a: Alomomola
|
|-heal|p1a: Gliscor|100/100 tox|[from] ability: Poison Heal
|upkeep
|turn|41
|inactive|hugo_pkmn has 120 seconds left.
|inactive|hugo_pkmn has 90 seconds left.
|
|t:|1776116140
|move|p1a: Gliscor|Earthquake|p2a: Alomomola
|-damage|p2a: Alomomola|69/100
|move|p2a: Alomomola|Flip Turn|p1a: Gliscor
|-supereffective|p1a: Gliscor
|-damage|p1a: Gliscor|72/100 tox
|inactive|hugo_pkmn has 90 seconds left.
|
|t:|1776116148
|switch|p2a: Great Tusk|Great Tusk|33/100|[from] Flip Turn
|
|-heal|p2a: Great Tusk|100/100|[from] move: Wish|[wisher] Alomomola
|-heal|p1a: Gliscor|84/100 tox|[from] ability: Poison Heal
|upkeep
|turn|42
|
|t:|1776116161
|switch|p1a: Toxapex|Toxapex, F|81/100
|move|p2a: Great Tusk|Ice Spinner|p1a: Toxapex
|-resisted|p1a: Toxapex
|-damage|p1a: Toxapex|72/100
|
|-heal|p1a: Toxapex|78/100|[from] item: Black Sludge
|upkeep
|turn|43
|
|t:|1776116169
|move|p2a: Great Tusk|Headlong Rush|p1a: Toxapex
|-supereffective|p1a: Toxapex
|-damage|p1a: Toxapex|5/100
|-unboost|p2a: Great Tusk|def|1
|-unboost|p2a: Great Tusk|spd|1
|move|p1a: Toxapex|Toxic|p2a: Great Tusk
|-status|p2a: Great Tusk|tox
|
|-heal|p1a: Toxapex|12/100|[from] item: Black Sludge
|-damage|p2a: Great Tusk|94/100 tox|[from] psn
|upkeep
|turn|44
|
|t:|1776116180
|-end|p2a: Great Tusk|Protosynthesis|[silent]
|switch|p2a: Magmortar|Magmortar, F, shiny|100/100
|-damage|p2a: Magmortar|75/100|[from] Stealth Rock
|switch|p1a: Corviknight|Corviknight, M|86/100
|-ability|p1a: Corviknight|Pressure
|
|upkeep
|turn|45
|
|t:|1776116198
|switch|p2a: Great Tusk|Great Tusk|94/100 tox
|switch|p1a: Gliscor|Gliscor, F|84/100 tox
|
|-damage|p2a: Great Tusk|88/100 tox|[from] psn
|-heal|p1a: Gliscor|97/100 tox|[from] ability: Poison Heal
|upkeep
|turn|46
|
|t:|1776116207
|move|p2a: Great Tusk|Rapid Spin|p1a: Gliscor
|-damage|p1a: Gliscor|82/100 tox
|-boost|p2a: Great Tusk|spe|1
|-sideend|p2: hugo_pkmn|Stealth Rock|[from] move: Rapid Spin|[of] p2a: Great Tusk
|move|p1a: Gliscor|Knock Off|p2a: Great Tusk
|-resisted|p2a: Great Tusk
|-damage|p2a: Great Tusk|80/100 tox
|-enditem|p2a: Great Tusk|Heavy-Duty Boots|[from] move: Knock Off|[of] p1a: Gliscor
|
|-damage|p2a: Great Tusk|68/100 tox|[from] psn
|-heal|p1a: Gliscor|94/100 tox|[from] ability: Poison Heal
|upkeep
|turn|47
|
|t:|1776116220
|switch|p1a: Corviknight|Corviknight, M|86/100
|-ability|p1a: Corviknight|Pressure
|move|p2a: Great Tusk|Ice Spinner|p1a: Corviknight
|-damage|p1a: Corviknight|68/100
|
|-damage|p2a: Great Tusk|49/100 tox|[from] psn
|upkeep
|turn|48
|
|t:|1776116230
|-end|p2a: Great Tusk|Protosynthesis|[silent]
|switch|p2a: Alomomola|Alomomola, M, shiny|100/100
|move|p1a: Corviknight|Roost|p1a: Corviknight
|-heal|p1a: Corviknight|100/100
|-singleturn|p1a: Corviknight|move: Roost
|
|upkeep
|turn|49
|
|t:|1776116238
|switch|p1a: Toxapex|Toxapex, F|45/100
|move|p2a: Alomomola|Flip Turn|p1a: Toxapex
|-resisted|p1a: Toxapex
|-crit|p1a: Toxapex
|-damage|p1a: Toxapex|37/100
|inactive|hugo_pkmn has 120 seconds left.
|
|t:|1776116246
|switch|p2a: Slowking|Slowking-Galar, M, shiny|72/100|[from] Flip Turn
|
|-heal|p1a: Toxapex|43/100|[from] item: Black Sludge
|upkeep
|turn|50
|
|t:|1776116256
|switch|p1a: Blissey|Blissey, F|100/100
|move|p2a: Slowking|Future Sight|p1a: Blissey
|-start|p2a: Slowking|move: Future Sight
|
|upkeep
|turn|51
|inactive|hugo_pkmn has 120 seconds left.
|l|☆hugo_pkmn
|inactive|hugo_pkmn disconnected and has a minute to reconnect!
|player|p2|
|inactive|hugo_pkmn has 30 seconds to reconnect!
|inactive|hugo_pkmn has 20 seconds to reconnect!
|inactive|hugo_pkmn has 15 seconds to reconnect!
|j|☆hugo_pkmn
|inactive|hugo_pkmn reconnected and has 75 seconds left.
|player|p2|hugo_pkmn|266|
|
|t:|1776116326
|move|p1a: Blissey|Seismic Toss|p2a: Slowking
|-damage|p2a: Slowking|46/100
|-prepare|p2a: Slowking|Chilly Reception|[premajor]
|move|p2a: Slowking|Chilly Reception|p2a: Slowking
|-weather|Snowscape
|
|t:|1776116333
|switch|p2a: Ting-Lu|Ting-Lu, shiny|99/100|[from] Chilly Reception
|-ability|p2a: Ting-Lu|Vessel of Ruin
|
|-weather|Snowscape|[upkeep]
|-heal|p2a: Ting-Lu|100/100|[from] item: Leftovers
|upkeep
|turn|52
|
|t:|1776116347
|switch|p1a: Gliscor|Gliscor, F|94/100 tox
|move|p2a: Ting-Lu|Stealth Rock|p1a: Gliscor
|-sidestart|p1: mrzed03|move: Stealth Rock
|
|-weather|Snowscape|[upkeep]
|-end|p1a: Gliscor|move: Future Sight
|-damage|p1a: Gliscor|68/100 tox
|-heal|p1a: Gliscor|80/100 tox|[from] ability: Poison Heal
|upkeep
|turn|53
|inactive|hugo_pkmn has 90 seconds left.
|
|t:|1776116359
|move|p1a: Gliscor|Spikes|p2a: Ting-Lu
|-sidestart|p2: hugo_pkmn|Spikes
|move|p2a: Ting-Lu|Spikes|p1a: Gliscor
|-sidestart|p1: mrzed03|Spikes
|
|-weather|Snowscape|[upkeep]
|-heal|p1a: Gliscor|93/100 tox|[from] ability: Poison Heal
|upkeep
|turn|54
|
|t:|1776116366
|move|p1a: Gliscor|Spikes|p2a: Ting-Lu
|-sidestart|p2: hugo_pkmn|Spikes
|move|p2a: Ting-Lu|Spikes|p1a: Gliscor
|-sidestart|p1: mrzed03|Spikes
|
|-weather|Snowscape|[upkeep]
|-heal|p1a: Gliscor|100/100 tox|[from] ability: Poison Heal
|upkeep
|turn|55
|
|t:|1776116372
|move|p1a: Gliscor|Knock Off|p2a: Ting-Lu
|-resisted|p2a: Ting-Lu
|-damage|p2a: Ting-Lu|95/100
|-enditem|p2a: Ting-Lu|Leftovers|[from] move: Knock Off|[of] p1a: Gliscor
|move|p2a: Ting-Lu|Spikes|p1a: Gliscor
|-sidestart|p1: mrzed03|Spikes
|
|-weather|none
|upkeep
|turn|56
|
|t:|1776116382
|move|p1a: Gliscor|Spikes|p2a: Ting-Lu
|-sidestart|p2: hugo_pkmn|Spikes
|move|p2a: Ting-Lu|Whirlwind|p1a: Gliscor
|drag|p1a: Toxapex|Toxapex, F|76/100
|-damage|p1a: Toxapex|64/100|[from] Stealth Rock
|-damage|p1a: Toxapex|39/100|[from] Spikes
|
|-heal|p1a: Toxapex|45/100|[from] item: Black Sludge
|upkeep
|turn|57
|
|t:|1776116391
|switch|p1a: Corviknight|Corviknight, M|100/100
|-damage|p1a: Corviknight|88/100|[from] Stealth Rock
|-ability|p1a: Corviknight|Pressure
|move|p2a: Ting-Lu|Whirlwind|p1a: Corviknight
|drag|p1a: Toxapex|Toxapex, F|78/100
|-damage|p1a: Toxapex|66/100|[from] Stealth Rock
|-damage|p1a: Toxapex|41/100|[from] Spikes
|
|-heal|p1a: Toxapex|47/100|[from] item: Black Sludge
|upkeep
|turn|58
|inactive|hugo_pkmn has 120 seconds left.
|
|t:|1776116405
|switch|p1a: Corviknight|Corviknight, M|88/100
|-damage|p1a: Corviknight|75/100|[from] Stealth Rock
|-ability|p1a: Corviknight|Pressure
|move|p2a: Ting-Lu|Whirlwind|p1a: Corviknight
|drag|p1a: Gliscor|Gliscor, F|100/100 tox
|-damage|p1a: Gliscor|88/100 tox|[from] Stealth Rock
|
|-heal|p1a: Gliscor|100/100 tox|[from] ability: Poison Heal
|upkeep
|turn|59
|inactive|hugo_pkmn has 120 seconds left.
|
|t:|1776116420
|move|p1a: Gliscor|Earthquake|p2a: Ting-Lu
|-damage|p2a: Ting-Lu|78/100
|move|p2a: Ting-Lu|Whirlwind|p1a: Gliscor
|drag|p1a: Blissey|Blissey, F|100/100
|-damage|p1a: Blissey|88/100|[from] Stealth Rock
|-damage|p1a: Blissey|63/100|[from] Spikes
|
|-heal|p1a: Blissey|69/100|[from] item: Leftovers
|upkeep
|turn|60
|inactive|hugo_pkmn has 120 seconds left.
|
|t:|1776116430
|move|p1a: Blissey|Soft-Boiled|p1a: Blissey
|-heal|p1a: Blissey|100/100
|move|p2a: Ting-Lu|Earthquake|p1a: Blissey
|-damage|p1a: Blissey|24/100
|
|-heal|p1a: Blissey|30/100|[from] item: Leftovers
|upkeep
|turn|61
|
|t:|1776116439
|switch|p1a: Corviknight|Corviknight, M|75/100
|-damage|p1a: Corviknight|63/100|[from] Stealth Rock
|-ability|p1a: Corviknight|Pressure
|move|p2a: Ting-Lu|Whirlwind|p1a: Corviknight
|drag|p1a: Gliscor|Gliscor, F|100/100 tox
|-damage|p1a: Gliscor|88/100 tox|[from] Stealth Rock
|
|-heal|p1a: Gliscor|100/100 tox|[from] ability: Poison Heal
|upkeep
|turn|62
|inactive|hugo_pkmn has 120 seconds left.
|
|t:|1776116456
|move|p1a: Gliscor|Earthquake|p2a: Ting-Lu
|-damage|p2a: Ting-Lu|62/100
|move|p2a: Ting-Lu|Whirlwind|p1a: Gliscor
|drag|p1a: Blissey|Blissey, F|30/100
|-damage|p1a: Blissey|18/100|[from] Stealth Rock
|-damage|p1a: Blissey|0 fnt|[from] Spikes
|faint|p1a: Blissey
|
|upkeep
|
|t:|1776116465
|switch|p1a: Corviknight|Corviknight, M|63/100
|-damage|p1a: Corviknight|50/100|[from] Stealth Rock
|-ability|p1a: Corviknight|Pressure
|turn|63
|inactive|hugo_pkmn has 120 seconds left.
|-message|mrzed03 forfeited.
|
|win|hugo_pkmn
|raw|mrzed03's rating: 1276 &rarr; <strong>1249</strong><br />(-27 for losing)
|raw|hugo_pkmn's rating: 1243 &rarr; <strong>1270</strong><br />(+27 for winning)
|l|☆mrzed03
|player|p1|
|l| ohko_smeargle
|l|☆hugo_pkmn
|player|p2|
