|html|<div class="broadcast-blue"><strong>[Gen 9] OU is currently suspecting Tera Blast! For information on how to participate check out the <a href="https://www.smogon.com/tools/suspects/view/200">suspect thread</a>.</strong></div>
|j|☆m16h25
|j|☆ghosted_001
|t:|1776107611
|gametype|singles
|player|p1|m16h25|cilan|1313
|player|p2|ghosted_001|red|1370
|gen|9
|tier|[Gen 9] OU
|rated|
|rule|HP Percentage Mod: HP is shown in percentages
|rule|Endless Battle Clause: Forcing endless battles is banned
|rule|Species Clause: Limit one of each Pokémon
|rule|OHKO Clause: OHKO moves are banned
|rule|Evasion Items Clause: Evasion items are banned
|rule|Evasion Moves Clause: Evasion moves are banned
|rule|Evasion Abilities Clause: Evasion abilities are banned
|rule|Sleep Moves Clause: Sleep-inducing moves are banned
|clearpoke
|poke|p1|Ogerpon, F|
|poke|p1|Gliscor, M|
|poke|p1|Alomomola, M|
|poke|p1|Goodra-Hisui, F|
|poke|p1|Raging Bolt|
|poke|p1|Iron Treads|
|poke|p2|Ting-Lu|
|poke|p2|Dragonite, M|
|poke|p2|Corviknight, F|
|poke|p2|Ogerpon-Wellspring, F|
|poke|p2|Iron Moth|
|poke|p2|Darkrai|
|teampreview
|inactive|Battle timer is ON: inactive players will automatically lose when time's up. (requested by ghosted_001)
|
|t:|1776107621
|teamsize|p1|6
|teamsize|p2|6
|start
|switch|p1a: Ogerpon|Ogerpon, F|100/100
|switch|p2a: Ting-Lu|Ting-Lu|100/100
|-ability|p2a: Ting-Lu|Vessel of Ruin
|turn|1
|
|t:|1776107639
|switch|p2a: Corviknight|Corviknight, F|100/100
|-ability|p2a: Corviknight|Pressure
|move|p1a: Ogerpon|Spikes|p2a: Corviknight
|-sidestart|p2: ghosted_001|Spikes
|
|upkeep
|turn|2
|
|t:|1776107659
|switch|p1a: Gliscor|Gliscor, M|100/100
|move|p2a: Corviknight|Brave Bird|p1a: Gliscor
|-damage|p1a: Gliscor|73/100
|-damage|p2a: Corviknight|92/100|[from] Recoil
|
|-status|p1a: Gliscor|tox|[from] item: Toxic Orb
|upkeep
|turn|3
|
|t:|1776107670
|move|p1a: Gliscor|Knock Off|p2a: Corviknight
|-damage|p2a: Corviknight|79/100
|-damage|p1a: Gliscor|56/100 tox|[from] item: Rocky Helmet|[of] p2a: Corviknight
|-enditem|p2a: Corviknight|Rocky Helmet|[from] move: Knock Off|[of] p1a: Gliscor
|move|p2a: Corviknight|Defog|p1a: Gliscor
|-unboost|p1a: Gliscor|evasion|1
|-sideend|p2: ghosted_001|Spikes|[from] move: Defog|[of] p2a: Corviknight
|
|-heal|p1a: Gliscor|69/100 tox|[from] ability: Poison Heal
|upkeep
|turn|4
|
|t:|1776107684
|switch|p2a: Darkrai|Darkrai|100/100
|move|p1a: Gliscor|Stealth Rock|p2a: Darkrai
|-sidestart|p2: ghosted_001|move: Stealth Rock
|
|-heal|p1a: Gliscor|81/100 tox|[from] ability: Poison Heal
|upkeep
|turn|5
|
|t:|1776107693
|switch|p1a: Goodra|Goodra-Hisui, F|100/100
|move|p2a: Darkrai|Dark Pulse|p1a: Goodra
|-damage|p1a: Goodra|70/100
|
|upkeep
|turn|6
|
|t:|1776107703
|switch|p2a: Corviknight|Corviknight, F|79/100
|-damage|p2a: Corviknight|66/100|[from] Stealth Rock
|-ability|p2a: Corviknight|Pressure
|move|p1a: Goodra|Flash Cannon|p2a: Corviknight
|-resisted|p2a: Corviknight
|-damage|p2a: Corviknight|48/100
|
|upkeep
|turn|7
|
|t:|1776107714
|move|p2a: Corviknight|Roost|p2a: Corviknight
|-heal|p2a: Corviknight|98/100
|-singleturn|p2a: Corviknight|move: Roost
|move|p1a: Goodra|Thunderbolt|p2a: Corviknight
|-damage|p2a: Corviknight|71/100
|
|upkeep
|turn|8
|
|t:|1776107725
|switch|p1a: Alomomola|Alomomola, M|100/100
|move|p2a: Corviknight|Defog|p1a: Alomomola
|-unboost|p1a: Alomomola|evasion|1
|-sideend|p2: ghosted_001|Stealth Rock|[from] move: Defog|[of] p2a: Corviknight
|
|upkeep
|turn|9
|
|t:|1776107734
|switch|p2a: Ogerpon|Ogerpon-Wellspring, F|100/100
|move|p1a: Alomomola|Wish|p1a: Alomomola
|
|upkeep
|turn|10
|
|t:|1776107740
|switch|p1a: Ogerpon|Ogerpon, F|100/100
|move|p2a: Ogerpon|Swords Dance|p2a: Ogerpon
|-boost|p2a: Ogerpon|atk|2
|
|upkeep
|turn|11
|
|t:|1776107750
|switch|p2a: Corviknight|Corviknight, F|71/100
|-ability|p2a: Corviknight|Pressure
|move|p1a: Ogerpon|Ivy Cudgel|p2a: Corviknight
|-resisted|p2a: Corviknight
|-damage|p2a: Corviknight|63/100
|
|upkeep
|turn|12
|
|t:|1776107760
|switch|p1a: Alomomola|Alomomola, M|100/100
|move|p2a: Corviknight|Roost|p2a: Corviknight
|-heal|p2a: Corviknight|100/100
|-singleturn|p2a: Corviknight|move: Roost
|
|upkeep
|turn|13
|
|t:|1776107768
|move|p2a: Corviknight|U-turn|p1a: Alomomola
|-damage|p1a: Alomomola|93/100
|
|t:|1776107774
|switch|p2a: Darkrai|Darkrai|100/100|[from] U-turn
|move|p1a: Alomomola|Wish|p1a: Alomomola
|
|upkeep
|turn|14
|
|t:|1776107782
|switch|p1a: Goodra|Goodra-Hisui, F|70/100
|move|p2a: Darkrai|Dark Pulse|p1a: Goodra
|-damage|p1a: Goodra|43/100
|
|-heal|p1a: Goodra|100/100|[from] move: Wish|[wisher] Alomomola
|upkeep
|turn|15
|
|t:|1776107792
|switch|p2a: Ting-Lu|Ting-Lu|100/100
|-ability|p2a: Ting-Lu|Vessel of Ruin
|move|p1a: Goodra|Dragon Tail|p2a: Ting-Lu
|-damage|p2a: Ting-Lu|89/100
|drag|p2a: Iron Moth|Iron Moth|100/100
|-enditem|p2a: Iron Moth|Booster Energy
|-activate|p2a: Iron Moth|ability: Quark Drive|[fromitem]
|-start|p2a: Iron Moth|quarkdrivespa
|
|upkeep
|turn|16
|
|t:|1776107804
|move|p2a: Iron Moth|Fiery Dance|p1a: Goodra
|-damage|p1a: Goodra|73/100
|move|p1a: Goodra|Dragon Tail|p2a: Iron Moth
|-damage|p2a: Iron Moth|67/100
|-end|p2a: Iron Moth|Quark Drive|[silent]
|drag|p2a: Corviknight|Corviknight, F|100/100
|-ability|p2a: Corviknight|Pressure
|
|upkeep
|turn|17
|
|t:|1776107815
|switch|p1a: Alomomola|Alomomola, M|100/100
|move|p2a: Corviknight|U-turn|p1a: Alomomola
|-damage|p1a: Alomomola|93/100
|
|t:|1776107830
|switch|p2a: Iron Moth|Iron Moth|67/100|[from] U-turn
|
|upkeep
|turn|18
|
|t:|1776107836
|switch|p1a: Goodra|Goodra-Hisui, F|73/100
|move|p2a: Iron Moth|Energy Ball|p1a: Goodra
|-ability|p1a: Goodra|Sap Sipper|boost
|-boost|p1a: Goodra|atk|1
|
|upkeep
|turn|19
|
|t:|1776107846
|move|p2a: Iron Moth|Fiery Dance|p1a: Goodra
|-damage|p1a: Goodra|53/100
|move|p1a: Goodra|Dragon Tail|p2a: Iron Moth
|-damage|p2a: Iron Moth|23/100
|-end|p2a: Iron Moth|Quark Drive|[silent]
|drag|p2a: Dragonite|Dragonite, M|100/100
|
|upkeep
|turn|20
|
|t:|1776107855
|switch|p1a: Alomomola|Alomomola, M|100/100
|move|p2a: Dragonite|Dragon Claw|p1a: Alomomola
|-damage|p1a: Alomomola|77/100
|
|upkeep
|turn|21
|
|t:|1776107863
|move|p2a: Dragonite|Dragon Dance|p2a: Dragonite
|-boost|p2a: Dragonite|atk|1
|-boost|p2a: Dragonite|spe|1
|move|p1a: Alomomola|Wish|p1a: Alomomola
|
|upkeep
|turn|22
|
|t:|1776107869
|move|p2a: Dragonite|Dragon Dance|p2a: Dragonite
|-boost|p2a: Dragonite|atk|1
|-boost|p2a: Dragonite|spe|1
|move|p1a: Alomomola|Scald|p2a: Dragonite
|-resisted|p2a: Dragonite
|-damage|p2a: Dragonite|97/100
|-status|p2a: Dragonite|brn
|
|-heal|p1a: Alomomola|100/100|[from] move: Wish|[wisher] Alomomola
|-damage|p2a: Dragonite|91/100 brn|[from] brn
|upkeep
|turn|23
|
|t:|1776107882
|move|p2a: Dragonite|Dragon Dance|p2a: Dragonite
|-boost|p2a: Dragonite|atk|1
|-boost|p2a: Dragonite|spe|1
|move|p1a: Alomomola|Wish|p1a: Alomomola
|
|-damage|p2a: Dragonite|85/100 brn|[from] brn
|upkeep
|turn|24
|
|t:|1776107890
|move|p2a: Dragonite|Dragon Dance|p2a: Dragonite
|-boost|p2a: Dragonite|atk|1
|-boost|p2a: Dragonite|spe|1
|move|p1a: Alomomola|Flip Turn|p2a: Dragonite
|-resisted|p2a: Dragonite
|-crit|p2a: Dragonite
|-damage|p2a: Dragonite|74/100 brn
|
|t:|1776107899
|switch|p1a: Goodra|Goodra-Hisui, F|53/100|[from] Flip Turn
|
|-heal|p1a: Goodra|100/100|[from] move: Wish|[wisher] Alomomola
|-damage|p2a: Dragonite|68/100 brn|[from] brn
|upkeep
|turn|25
|
|t:|1776107908
|switch|p1a: Alomomola|Alomomola, M|100/100
|-terastallize|p2a: Dragonite|Normal
|move|p2a: Dragonite|Dragon Claw|p1a: Alomomola
|-damage|p1a: Alomomola|63/100
|
|-damage|p2a: Dragonite|61/100 brn|[from] brn
|upkeep
|turn|26
|
|t:|1776107919
|move|p2a: Dragonite|Extreme Speed|p1a: Alomomola
|-damage|p1a: Alomomola|26/100
|move|p1a: Alomomola|Wish|p1a: Alomomola
|
|-damage|p2a: Dragonite|55/100 brn|[from] brn
|upkeep
|turn|27
|
|t:|1776107928
|move|p1a: Alomomola|Protect|p1a: Alomomola
|-singleturn|p1a: Alomomola|Protect
|move|p2a: Dragonite|Extreme Speed|p1a: Alomomola
|-activate|p1a: Alomomola|move: Protect
|
|-heal|p1a: Alomomola|76/100|[from] move: Wish|[wisher] Alomomola
|-damage|p2a: Dragonite|49/100 brn|[from] brn
|upkeep
|turn|28
|
|t:|1776107939
|move|p2a: Dragonite|Roost|p2a: Dragonite
|-heal|p2a: Dragonite|99/100 brn
|move|p1a: Alomomola|Flip Turn|p2a: Dragonite
|-damage|p2a: Dragonite|82/100 brn
|
|t:|1776107950
|switch|p1a: Goodra|Goodra-Hisui, F|100/100|[from] Flip Turn
|
|-damage|p2a: Dragonite|76/100 brn|[from] brn
|upkeep
|turn|29
|
|t:|1776107957
|move|p2a: Dragonite|Dragon Claw|p1a: Goodra
|-damage|p1a: Goodra|32/100
|move|p1a: Goodra|Dragon Tail|p2a: Dragonite
|-crit|p2a: Dragonite
|-damage|p2a: Dragonite|51/100 brn
|drag|p2a: Ting-Lu|Ting-Lu|89/100
|-ability|p2a: Ting-Lu|Vessel of Ruin
|
|-heal|p2a: Ting-Lu|95/100|[from] item: Leftovers
|upkeep
|turn|30
|
|t:|1776107974
|switch|p1a: Alomomola|Alomomola, M|100/100
|move|p2a: Ting-Lu|Stealth Rock|p1a: Alomomola
|-sidestart|p1: m16h25|move: Stealth Rock
|
|-heal|p2a: Ting-Lu|100/100|[from] item: Leftovers
|upkeep
|turn|31
|
|t:|1776107995
|switch|p2a: Ogerpon|Ogerpon-Wellspring, F|100/100
|move|p1a: Alomomola|Wish|p1a: Alomomola
|
|upkeep
|turn|32
|
|t:|1776108004
|switch|p1a: Ogerpon|Ogerpon, F|100/100
|move|p2a: Ogerpon|Swords Dance|p2a: Ogerpon
|-boost|p2a: Ogerpon|atk|2
|
|upkeep
|turn|33
|
|t:|1776108015
|switch|p2a: Dragonite|Dragonite, M, tera:Normal|51/100 brn
|move|p1a: Ogerpon|Ivy Cudgel|p2a: Dragonite
|-damage|p2a: Dragonite|7/100 brn
|
|-damage|p2a: Dragonite|0 fnt|[from] brn
|faint|p2a: Dragonite
|upkeep
|
|t:|1776108022
|switch|p2a: Corviknight|Corviknight, F|100/100
|-ability|p2a: Corviknight|Pressure
|turn|34
|
|t:|1776108034
|move|p1a: Ogerpon|Spikes|p2a: Corviknight
|-sidestart|p2: ghosted_001|Spikes
|move|p2a: Corviknight|U-turn|p1a: Ogerpon
|-supereffective|p1a: Ogerpon
|-damage|p1a: Ogerpon|62/100
|
|t:|1776108040
|switch|p2a: Darkrai|Darkrai|100/100|[from] U-turn
|-damage|p2a: Darkrai|88/100|[from] Spikes
|
|upkeep
|turn|35
|
|t:|1776108056
|switch|p1a: Gliscor|Gliscor, M|81/100 tox
|-damage|p1a: Gliscor|69/100 tox|[from] Stealth Rock
|move|p2a: Darkrai|Dark Pulse|p1a: Gliscor
|-damage|p1a: Gliscor|14/100 tox
|
|-heal|p1a: Gliscor|27/100 tox|[from] ability: Poison Heal
|upkeep
|turn|36
|
|t:|1776108066
|move|p1a: Gliscor|Protect|p1a: Gliscor
|-singleturn|p1a: Gliscor|Protect
|move|p2a: Darkrai|Dark Pulse|p1a: Gliscor
|-activate|p1a: Gliscor|move: Protect
|
|-heal|p1a: Gliscor|39/100 tox|[from] ability: Poison Heal
|upkeep
|turn|37
|
|t:|1776108090
|move|p1a: Gliscor|Protect|p1a: Gliscor
|-singleturn|p1a: Gliscor|Protect
|move|p2a: Darkrai|Dark Pulse|p1a: Gliscor
|-activate|p1a: Gliscor|move: Protect
|
|-heal|p1a: Gliscor|52/100 tox|[from] ability: Poison Heal
|upkeep
|turn|38
|inactive|m16h25 has 120 seconds left.
|
|t:|1776108106
|move|p2a: Darkrai|Dark Pulse|p1a: Gliscor
|-damage|p1a: Gliscor|0 fnt
|faint|p1a: Gliscor
|
|upkeep
|inactive|m16h25 has 120 seconds left.
|
|t:|1776108112
|switch|p1a: Raging Bolt|Raging Bolt|100/100
|turn|39
|
|t:|1776108120
|switch|p2a: Corviknight|Corviknight, F|100/100
|-ability|p2a: Corviknight|Pressure
|move|p1a: Raging Bolt|Thunderclap||[still]
|-fail|p1a: Raging Bolt
|
|upkeep
|turn|40
|
|t:|1776108132
|move|p1a: Raging Bolt|Volt Switch|p2a: Corviknight
|-supereffective|p2a: Corviknight
|-damage|p2a: Corviknight|20/100
|
|t:|1776108139
|-end|p1a: Raging Bolt|Protosynthesis|[silent]
|switch|p1a: Iron Treads|Iron Treads|100/100|[from] Volt Switch
|move|p2a: Corviknight|U-turn|p1a: Iron Treads
|-resisted|p1a: Iron Treads
|-crit|p1a: Iron Treads
|-damage|p1a: Iron Treads|91/100
|
|t:|1776108160
|switch|p2a: Darkrai|Darkrai|88/100|[from] U-turn
|-damage|p2a: Darkrai|76/100|[from] Spikes
|
|upkeep
|turn|41
|
|t:|1776108172
|move|p2a: Darkrai|Focus Blast|p1a: Iron Treads
|-supereffective|p1a: Iron Treads
|-damage|p1a: Iron Treads|0 fnt
|faint|p1a: Iron Treads
|-end|p1a: Iron Treads|Quark Drive|[silent]
|
|upkeep
|
|t:|1776108178
|switch|p1a: Alomomola|Alomomola, M|100/100
|turn|42
|
|t:|1776108194
|switch|p2a: Corviknight|Corviknight, F|20/100
|-ability|p2a: Corviknight|Pressure
|move|p1a: Alomomola|Wish|p1a: Alomomola
|
|upkeep
|turn|43
|
|t:|1776108203
|switch|p1a: Goodra|Goodra-Hisui, F|32/100
|-damage|p1a: Goodra|26/100|[from] Stealth Rock
|move|p2a: Corviknight|Roost|p2a: Corviknight
|-heal|p2a: Corviknight|70/100
|-singleturn|p2a: Corviknight|move: Roost
|
|-heal|p1a: Goodra|99/100|[from] move: Wish|[wisher] Alomomola
|upkeep
|turn|44
|
|t:|1776108217
|move|p2a: Corviknight|Defog|p1a: Goodra
|-unboost|p1a: Goodra|evasion|1
|-sideend|p1: m16h25|Stealth Rock|[from] move: Defog|[of] p2a: Corviknight
|-sideend|p2: ghosted_001|Spikes|[from] move: Defog|[of] p2a: Corviknight
|move|p1a: Goodra|Dragon Tail|p2a: Corviknight
|-resisted|p2a: Corviknight
|-damage|p2a: Corviknight|65/100
|drag|p2a: Darkrai|Darkrai|76/100
|
|upkeep
|turn|45
|
|t:|1776108227
|switch|p2a: Ting-Lu|Ting-Lu|100/100
|-ability|p2a: Ting-Lu|Vessel of Ruin
|move|p1a: Goodra|Flash Cannon|p2a: Ting-Lu
|-damage|p2a: Ting-Lu|84/100
|
|-heal|p2a: Ting-Lu|90/100|[from] item: Leftovers
|upkeep
|turn|46
|
|t:|1776108240
|switch|p1a: Alomomola|Alomomola, M|100/100
|move|p2a: Ting-Lu|Ruination|p1a: Alomomola|[miss]
|-miss|p2a: Ting-Lu|p1a: Alomomola
|
|-heal|p2a: Ting-Lu|96/100|[from] item: Leftovers
|upkeep
|turn|47
|
|t:|1776108249
|move|p2a: Ting-Lu|Stealth Rock|p1a: Alomomola
|-sidestart|p1: m16h25|move: Stealth Rock
|move|p1a: Alomomola|Wish|p1a: Alomomola
|
|-heal|p2a: Ting-Lu|100/100|[from] item: Leftovers
|upkeep
|turn|48
|
|t:|1776108256
|move|p1a: Alomomola|Scald|p2a: Ting-Lu
|-supereffective|p2a: Ting-Lu
|-damage|p2a: Ting-Lu|89/100
|move|p2a: Ting-Lu|Whirlwind|p1a: Alomomola
|drag|p1a: Ogerpon|Ogerpon, F|62/100
|
|-heal|p1a: Ogerpon|100/100|[from] move: Wish|[wisher] Alomomola
|-heal|p2a: Ting-Lu|95/100|[from] item: Leftovers
|upkeep
|turn|49
|
|t:|1776108270
|switch|p2a: Corviknight|Corviknight, F|65/100
|-ability|p2a: Corviknight|Pressure
|move|p1a: Ogerpon|Knock Off|p2a: Corviknight
|-crit|p2a: Corviknight
|-damage|p2a: Corviknight|44/100
|
|upkeep
|turn|50
|
|t:|1776108279
|move|p1a: Ogerpon|Spikes|p2a: Corviknight
|-sidestart|p2: ghosted_001|Spikes
|move|p2a: Corviknight|U-turn|p1a: Ogerpon
|-supereffective|p1a: Ogerpon
|-crit|p1a: Ogerpon
|-damage|p1a: Ogerpon|41/100
|
|t:|1776108286
|switch|p2a: Darkrai|Darkrai|76/100|[from] U-turn
|-damage|p2a: Darkrai|63/100|[from] Spikes
|
|upkeep
|turn|51
|
|t:|1776108294
|-terastallize|p1a: Ogerpon|Grass
|detailschange|p1a: Ogerpon|Ogerpon-Teal-Tera, F, tera:Grass
|-ability|p1a: Ogerpon|Embody Aspect (Teal)|boost
|-boost|p1a: Ogerpon|spe|1
|move|p1a: Ogerpon|U-turn|p2a: Darkrai
|-supereffective|p2a: Darkrai
|-damage|p2a: Darkrai|0 fnt
|faint|p2a: Darkrai
|
|t:|1776108305
|switch|p1a: Raging Bolt|Raging Bolt|100/100|[from] U-turn
|
|upkeep
|
|t:|1776108311
|switch|p2a: Ting-Lu|Ting-Lu|95/100
|-damage|p2a: Ting-Lu|83/100|[from] Spikes
|-ability|p2a: Ting-Lu|Vessel of Ruin
|turn|52
|
|t:|1776108318
|-end|p1a: Raging Bolt|Protosynthesis|[silent]
|switch|p1a: Alomomola|Alomomola, M|100/100
|move|p2a: Ting-Lu|Ruination|p1a: Alomomola
|-damage|p1a: Alomomola|50/100
|
|-heal|p2a: Ting-Lu|89/100|[from] item: Leftovers
|upkeep
|turn|53
|
|t:|1776108328
|move|p2a: Ting-Lu|Ruination|p1a: Alomomola
|-damage|p1a: Alomomola|26/100
|move|p1a: Alomomola|Wish|p1a: Alomomola
|
|-heal|p2a: Ting-Lu|95/100|[from] item: Leftovers
|upkeep
|turn|54
|
|t:|1776108336
|move|p2a: Ting-Lu|Earthquake|p1a: Alomomola
|-damage|p1a: Alomomola|5/100
|move|p1a: Alomomola|Scald|p2a: Ting-Lu
|-supereffective|p2a: Ting-Lu
|-damage|p2a: Ting-Lu|84/100
|
|-heal|p1a: Alomomola|55/100|[from] move: Wish|[wisher] Alomomola
|-heal|p2a: Ting-Lu|90/100|[from] item: Leftovers
|upkeep
|turn|55
|
|t:|1776108348
|move|p2a: Ting-Lu|Ruination|p1a: Alomomola
|-damage|p1a: Alomomola|28/100
|move|p1a: Alomomola|Wish|p1a: Alomomola
|
|-heal|p2a: Ting-Lu|97/100|[from] item: Leftovers
|upkeep
|turn|56
|
|t:|1776108356
|move|p2a: Ting-Lu|Earthquake|p1a: Alomomola
|-damage|p1a: Alomomola|7/100
|move|p1a: Alomomola|Flip Turn|p2a: Ting-Lu
|-supereffective|p2a: Ting-Lu
|-damage|p2a: Ting-Lu|78/100
|
|t:|1776108363
|switch|p1a: Ogerpon|Ogerpon-Teal-Tera, F, tera:Grass|41/100|[from] Flip Turn
|-ability|p1a: Ogerpon|Embody Aspect (Teal)|boost
|-boost|p1a: Ogerpon|spe|1
|
|-heal|p1a: Ogerpon|100/100|[from] move: Wish|[wisher] Alomomola
|-heal|p2a: Ting-Lu|84/100|[from] item: Leftovers
|upkeep
|turn|57
|
|t:|1776108373
|switch|p2a: Corviknight|Corviknight, F|44/100
|-ability|p2a: Corviknight|Pressure
|move|p1a: Ogerpon|U-turn|p2a: Corviknight
|-resisted|p2a: Corviknight
|-damage|p2a: Corviknight|40/100
|
|t:|1776108381
|switch|p1a: Alomomola|Alomomola, M|41/100|[from] U-turn
|
|upkeep
|turn|58
|
|t:|1776108386
|move|p2a: Corviknight|Roost|p2a: Corviknight
|-heal|p2a: Corviknight|90/100
|-singleturn|p2a: Corviknight|move: Roost
|move|p1a: Alomomola|Wish|p1a: Alomomola
|
|upkeep
|turn|59
|
|t:|1776108398
|switch|p1a: Goodra|Goodra-Hisui, F|99/100
|-damage|p1a: Goodra|93/100|[from] Stealth Rock
|move|p2a: Corviknight|Brave Bird|p1a: Goodra
|-resisted|p1a: Goodra
|-damage|p1a: Goodra|75/100
|-damage|p2a: Corviknight|85/100|[from] Recoil
|
|-heal|p1a: Goodra|100/100|[from] move: Wish|[wisher] Alomomola
|upkeep
|turn|60
|
|t:|1776108410
|switch|p1a: Alomomola|Alomomola, M|74/100
|move|p2a: Corviknight|U-turn|p1a: Alomomola
|-damage|p1a: Alomomola|67/100
|
|t:|1776108431
|switch|p2a: Iron Moth|Iron Moth|23/100|[from] U-turn
|-damage|p2a: Iron Moth|11/100|[from] Spikes
|
|upkeep
|turn|61
|
|t:|1776108439
|switch|p1a: Goodra|Goodra-Hisui, F|100/100
|-damage|p1a: Goodra|94/100|[from] Stealth Rock
|move|p2a: Iron Moth|Fiery Dance|p1a: Goodra
|-damage|p1a: Goodra|75/100
|
|upkeep
|turn|62
|
|t:|1776108449
|move|p2a: Iron Moth|Fiery Dance|p1a: Goodra
|-damage|p1a: Goodra|55/100
|-boost|p2a: Iron Moth|spa|1
|move|p1a: Goodra|Thunderbolt|p2a: Iron Moth
|-damage|p2a: Iron Moth|0 fnt
|faint|p2a: Iron Moth
|-end|p2a: Iron Moth|Quark Drive|[silent]
|
|upkeep
|
|t:|1776108457
|switch|p2a: Ogerpon|Ogerpon-Wellspring, F|100/100
|-damage|p2a: Ogerpon|88/100|[from] Spikes
|turn|63
|
|t:|1776108463
|move|p2a: Ogerpon|Swords Dance|p2a: Ogerpon
|-boost|p2a: Ogerpon|atk|2
|move|p1a: Goodra|Dragon Tail|p2a: Ogerpon
|-damage|p2a: Ogerpon|62/100
|drag|p2a: Corviknight|Corviknight, F|85/100
|-ability|p2a: Corviknight|Pressure
|
|upkeep
|turn|64
|
|t:|1776108479
|move|p2a: Corviknight|Defog|p1a: Goodra
|-unboost|p1a: Goodra|evasion|1
|-sideend|p1: m16h25|Stealth Rock|[from] move: Defog|[of] p2a: Corviknight
|-sideend|p2: ghosted_001|Spikes|[from] move: Defog|[of] p2a: Corviknight
|move|p1a: Goodra|Thunderbolt|p2a: Corviknight
|-supereffective|p2a: Corviknight
|-damage|p2a: Corviknight|33/100
|
|upkeep
|turn|65
|
|t:|1776108490
|switch|p2a: Ting-Lu|Ting-Lu|84/100
|-ability|p2a: Ting-Lu|Vessel of Ruin
|move|p1a: Goodra|Thunderbolt|p2a: Ting-Lu
|-immune|p2a: Ting-Lu
|
|-heal|p2a: Ting-Lu|90/100|[from] item: Leftovers
|upkeep
|turn|66
|
|t:|1776108502
|switch|p1a: Ogerpon|Ogerpon-Teal-Tera, F, tera:Grass|100/100
|-ability|p1a: Ogerpon|Embody Aspect (Teal)|boost
|-boost|p1a: Ogerpon|spe|1
|move|p2a: Ting-Lu|Ruination|p1a: Ogerpon
|-damage|p1a: Ogerpon|51/100
|
|-heal|p2a: Ting-Lu|96/100|[from] item: Leftovers
|upkeep
|turn|67
|
|t:|1776108520
|move|p1a: Ogerpon|U-turn|p2a: Ting-Lu
|-supereffective|p2a: Ting-Lu
|-damage|p2a: Ting-Lu|69/100
|
|t:|1776108526
|switch|p1a: Alomomola|Alomomola, M|99/100|[from] U-turn
|move|p2a: Ting-Lu|Ruination|p1a: Alomomola
|-damage|p1a: Alomomola|50/100
|
|-heal|p2a: Ting-Lu|75/100|[from] item: Leftovers
|upkeep
|turn|68
|
|t:|1776108536
|move|p2a: Ting-Lu|Stealth Rock|p1a: Alomomola
|-sidestart|p1: m16h25|move: Stealth Rock
|move|p1a: Alomomola|Wish|p1a: Alomomola
|
|-heal|p2a: Ting-Lu|81/100|[from] item: Leftovers
|upkeep
|turn|69
|
|t:|1776108543
|switch|p1a: Ogerpon|Ogerpon-Teal-Tera, F, tera:Grass|51/100
|-ability|p1a: Ogerpon|Embody Aspect (Teal)|boost
|-boost|p1a: Ogerpon|spe|1
|move|p2a: Ting-Lu|Ruination|p1a: Ogerpon
|-damage|p1a: Ogerpon|26/100
|
|-heal|p1a: Ogerpon|100/100|[from] move: Wish|[wisher] Alomomola
|-heal|p2a: Ting-Lu|87/100|[from] item: Leftovers
|upkeep
|turn|70
|
|t:|1776108565
|switch|p2a: Corviknight|Corviknight, F|33/100
|-ability|p2a: Corviknight|Pressure
|move|p1a: Ogerpon|Knock Off|p2a: Corviknight
|-damage|p2a: Corviknight|20/100
|
|upkeep
|turn|71
|
|t:|1776108573
|move|p1a: Ogerpon|Knock Off|p2a: Corviknight
|-crit|p2a: Corviknight
|-damage|p2a: Corviknight|1/100
|move|p2a: Corviknight|Roost|p2a: Corviknight
|-heal|p2a: Corviknight|51/100
|-singleturn|p2a: Corviknight|move: Roost
|
|upkeep
|turn|72
|
|t:|1776108587
|move|p1a: Ogerpon|U-turn|p2a: Corviknight
|-resisted|p2a: Corviknight
|-damage|p2a: Corviknight|47/100
|
|t:|1776108592
|switch|p1a: Alomomola|Alomomola, M|84/100|[from] U-turn
|move|p2a: Corviknight|Roost|p2a: Corviknight
|-heal|p2a: Corviknight|97/100
|-singleturn|p2a: Corviknight|move: Roost
|
|upkeep
|turn|73
|
|t:|1776108602
|switch|p2a: Ogerpon|Ogerpon-Wellspring, F|62/100
|move|p1a: Alomomola|Wish|p1a: Alomomola
|
|upkeep
|turn|74
|
|t:|1776108609
|switch|p1a: Ogerpon|Ogerpon-Teal-Tera, F, tera:Grass|100/100
|-ability|p1a: Ogerpon|Embody Aspect (Teal)|boost
|-boost|p1a: Ogerpon|spe|1
|move|p2a: Ogerpon|Ivy Cudgel|p1a: Ogerpon|[anim] Ivy Cudgel Water
|-resisted|p1a: Ogerpon
|-crit|p1a: Ogerpon
|-damage|p1a: Ogerpon|42/100
|
|-heal|p1a: Ogerpon|100/100|[from] move: Wish|[wisher] Alomomola
|upkeep
|turn|75
|
|t:|1776108623
|switch|p2a: Corviknight|Corviknight, F|97/100
|-ability|p2a: Corviknight|Pressure
|move|p1a: Ogerpon|U-turn|p2a: Corviknight
|-resisted|p2a: Corviknight
|-damage|p2a: Corviknight|94/100
|
|t:|1776108630
|switch|p1a: Raging Bolt|Raging Bolt|100/100|[from] U-turn
|
|upkeep
|turn|76
|
|t:|1776108637
|switch|p2a: Ting-Lu|Ting-Lu|87/100
|-ability|p2a: Ting-Lu|Vessel of Ruin
|move|p1a: Raging Bolt|Thunderbolt|p2a: Ting-Lu
|-immune|p2a: Ting-Lu
|
|-heal|p2a: Ting-Lu|93/100|[from] item: Leftovers
|upkeep
|turn|77
|
|t:|1776108659
|-end|p1a: Raging Bolt|Protosynthesis|[silent]
|switch|p1a: Alomomola|Alomomola, M|100/100
|move|p2a: Ting-Lu|Ruination|p1a: Alomomola|[miss]
|-miss|p2a: Ting-Lu|p1a: Alomomola
|
|-heal|p2a: Ting-Lu|99/100|[from] item: Leftovers
|upkeep
|turn|78
|
|t:|1776108669
|move|p1a: Alomomola|Flip Turn|p2a: Ting-Lu
|-supereffective|p2a: Ting-Lu
|-damage|p2a: Ting-Lu|81/100
|
|t:|1776108678
|switch|p1a: Raging Bolt|Raging Bolt|100/100|[from] Flip Turn
|move|p2a: Ting-Lu|Whirlwind|p1a: Raging Bolt
|-end|p1a: Raging Bolt|Protosynthesis|[silent]
|drag|p1a: Goodra|Goodra-Hisui, F|55/100
|-damage|p1a: Goodra|49/100|[from] Stealth Rock
|
|-heal|p2a: Ting-Lu|87/100|[from] item: Leftovers
|upkeep
|turn|79
|
|t:|1776108692
|switch|p1a: Alomomola|Alomomola, M|100/100
|move|p2a: Ting-Lu|Earthquake|p1a: Alomomola
|-damage|p1a: Alomomola|80/100
|
|-heal|p2a: Ting-Lu|93/100|[from] item: Leftovers
|upkeep
|turn|80
|
|t:|1776108701
|move|p1a: Alomomola|Scald|p2a: Ting-Lu
|-supereffective|p2a: Ting-Lu
|-damage|p2a: Ting-Lu|82/100
|move|p2a: Ting-Lu|Whirlwind|p1a: Alomomola
|drag|p1a: Goodra|Goodra-Hisui, F|49/100
|-damage|p1a: Goodra|43/100|[from] Stealth Rock
|
|-heal|p2a: Ting-Lu|88/100|[from] item: Leftovers
|upkeep
|turn|81
|
|t:|1776108713
|switch|p1a: Alomomola|Alomomola, M|100/100
|move|p2a: Ting-Lu|Earthquake|p1a: Alomomola
|-damage|p1a: Alomomola|81/100
|
|-heal|p2a: Ting-Lu|94/100|[from] item: Leftovers
|upkeep
|turn|82
|
|t:|1776108723
|move|p1a: Alomomola|Wish|p1a: Alomomola
|move|p2a: Ting-Lu|Whirlwind|p1a: Alomomola
|drag|p1a: Goodra|Goodra-Hisui, F|43/100
|-damage|p1a: Goodra|37/100|[from] Stealth Rock
|
|-heal|p2a: Ting-Lu|100/100|[from] item: Leftovers
|upkeep
|turn|83
|
|t:|1776108739
|switch|p1a: Ogerpon|Ogerpon-Teal-Tera, F, tera:Grass|100/100
|-ability|p1a: Ogerpon|Embody Aspect (Teal)|boost
|-boost|p1a: Ogerpon|spe|1
|move|p2a: Ting-Lu|Earthquake|p1a: Ogerpon
|-resisted|p1a: Ogerpon
|-damage|p1a: Ogerpon|75/100
|
|-heal|p1a: Ogerpon|100/100|[from] move: Wish|[wisher] Alomomola
|upkeep
|turn|84
|
|t:|1776108751
|switch|p2a: Corviknight|Corviknight, F|94/100
|-ability|p2a: Corviknight|Pressure
|move|p1a: Ogerpon|Spikes|p2a: Corviknight
|-sidestart|p2: ghosted_001|Spikes
|
|upkeep
|turn|85
|
|t:|1776108767
|move|p1a: Ogerpon|Spikes|p2a: Corviknight
|-sidestart|p2: ghosted_001|Spikes
|move|p2a: Corviknight|U-turn|p1a: Ogerpon
|-supereffective|p1a: Ogerpon
|-damage|p1a: Ogerpon|62/100
|
|t:|1776108772
|switch|p2a: Ogerpon|Ogerpon-Wellspring, F|62/100|[from] U-turn
|-damage|p2a: Ogerpon|46/100|[from] Spikes
|
|upkeep
|turn|86
|
|t:|1776108778
|move|p1a: Ogerpon|U-turn|p2a: Ogerpon
|-supereffective|p2a: Ogerpon
|-damage|p2a: Ogerpon|0 fnt
|faint|p2a: Ogerpon
|
|t:|1776108783
|switch|p1a: Alomomola|Alomomola, M|100/100|[from] U-turn
|
|upkeep
|
|t:|1776108787
|switch|p2a: Corviknight|Corviknight, F|94/100
|-ability|p2a: Corviknight|Pressure
|turn|87
|
|t:|1776108792
|move|p2a: Corviknight|Defog|p1a: Alomomola
|-unboost|p1a: Alomomola|evasion|1
|-sideend|p1: m16h25|Stealth Rock|[from] move: Defog|[of] p2a: Corviknight
|-sideend|p2: ghosted_001|Spikes|[from] move: Defog|[of] p2a: Corviknight
|move|p1a: Alomomola|Scald|p2a: Corviknight
|-damage|p2a: Corviknight|81/100
|
|upkeep
|turn|88
|
|t:|1776108803
|move|p2a: Corviknight|Brave Bird|p1a: Alomomola
|-damage|p1a: Alomomola|80/100
|-damage|p2a: Corviknight|72/100|[from] Recoil
|move|p1a: Alomomola|Scald|p2a: Corviknight
|-damage|p2a: Corviknight|59/100
|
|upkeep
|turn|89
|
|t:|1776108814
|move|p2a: Corviknight|U-turn|p1a: Alomomola
|-damage|p1a: Alomomola|72/100
|
|t:|1776108834
|switch|p2a: Ting-Lu|Ting-Lu|100/100|[from] U-turn
|-ability|p2a: Ting-Lu|Vessel of Ruin
|move|p1a: Alomomola|Scald|p2a: Ting-Lu
|-supereffective|p2a: Ting-Lu
|-damage|p2a: Ting-Lu|88/100
|
|-heal|p2a: Ting-Lu|95/100|[from] item: Leftovers
|upkeep
|turn|90
|
|t:|1776108846
|move|p2a: Ting-Lu|Stealth Rock|p1a: Alomomola
|-sidestart|p1: m16h25|move: Stealth Rock
|move|p1a: Alomomola|Wish|p1a: Alomomola
|
|-heal|p2a: Ting-Lu|100/100|[from] item: Leftovers
|upkeep
|turn|91
|inactive|ghosted_001 has 120 seconds left.
|
|t:|1776108887
|move|p1a: Alomomola|Flip Turn|p2a: Ting-Lu
|-supereffective|p2a: Ting-Lu
|-damage|p2a: Ting-Lu|84/100
|inactive|m16h25 has 120 seconds left.
|
|t:|1776108915
|switch|p1a: Raging Bolt|Raging Bolt|100/100|[from] Flip Turn
|move|p2a: Ting-Lu|Whirlwind|p1a: Raging Bolt
|-end|p1a: Raging Bolt|Protosynthesis|[silent]
|drag|p1a: Goodra|Goodra-Hisui, F|37/100
|-damage|p1a: Goodra|31/100|[from] Stealth Rock
|
|-heal|p1a: Goodra|100/100|[from] move: Wish|[wisher] Alomomola
|-heal|p2a: Ting-Lu|90/100|[from] item: Leftovers
|upkeep
|turn|92
|inactive|ghosted_001 has 120 seconds left.
|inactive|m16h25 has 120 seconds left.
|
|t:|1776108930
|switch|p1a: Alomomola|Alomomola, M|100/100
|move|p2a: Ting-Lu|Ruination|p1a: Alomomola
|-damage|p1a: Alomomola|50/100
|
|-heal|p2a: Ting-Lu|96/100|[from] item: Leftovers
|upkeep
|turn|93
|inactive|ghosted_001 has 120 seconds left.
|
|t:|1776108957
|move|p2a: Ting-Lu|Earthquake|p1a: Alomomola
|-damage|p1a: Alomomola|32/100
|move|p1a: Alomomola|Scald|p2a: Ting-Lu
|-supereffective|p2a: Ting-Lu
|-damage|p2a: Ting-Lu|86/100
|-status|p2a: Ting-Lu|brn
|
|-heal|p2a: Ting-Lu|92/100 brn|[from] item: Leftovers
|-damage|p2a: Ting-Lu|86/100 brn|[from] brn
|upkeep
|turn|94
|
|t:|1776108969
|move|p1a: Alomomola|Flip Turn|p2a: Ting-Lu
|-supereffective|p2a: Ting-Lu
|-damage|p2a: Ting-Lu|69/100 brn
|
|t:|1776108973
|switch|p1a: Ogerpon|Ogerpon-Teal-Tera, F, tera:Grass|62/100|[from] Flip Turn
|-ability|p1a: Ogerpon|Embody Aspect (Teal)|boost
|-boost|p1a: Ogerpon|spe|1
|move|p2a: Ting-Lu|Whirlwind|p1a: Ogerpon
|drag|p1a: Goodra|Goodra-Hisui, F|100/100
|-damage|p1a: Goodra|94/100|[from] Stealth Rock
|
|-heal|p2a: Ting-Lu|76/100 brn|[from] item: Leftovers
|-damage|p2a: Ting-Lu|69/100 brn|[from] brn
|upkeep
|turn|95
|inactive|ghosted_001 has 120 seconds left.
|
|t:|1776109002
|switch|p1a: Alomomola|Alomomola, M|66/100
|move|p2a: Ting-Lu|Earthquake|p1a: Alomomola
|-damage|p1a: Alomomola|56/100
|
|-heal|p2a: Ting-Lu|76/100 brn|[from] item: Leftovers
|-damage|p2a: Ting-Lu|69/100 brn|[from] brn
|upkeep
|turn|96
|
|t:|1776109013
|move|p1a: Alomomola|Protect|p1a: Alomomola
|-singleturn|p1a: Alomomola|Protect
|move|p2a: Ting-Lu|Ruination|p1a: Alomomola
|-activate|p1a: Alomomola|move: Protect
|
|-heal|p2a: Ting-Lu|76/100 brn|[from] item: Leftovers
|-damage|p2a: Ting-Lu|69/100 brn|[from] brn
|upkeep
|turn|97
|inactive|ghosted_001 has 120 seconds left.
|inactive|ghosted_001 has 90 seconds left.
|
|t:|1776109060
|move|p2a: Ting-Lu|Ruination|p1a: Alomomola|[miss]
|-miss|p2a: Ting-Lu|p1a: Alomomola
|move|p1a: Alomomola|Flip Turn|p2a: Ting-Lu
|-supereffective|p2a: Ting-Lu
|-damage|p2a: Ting-Lu|53/100 brn
|-message|ghosted_001 forfeited.
|
|win|m16h25
|raw|m16h25's rating: 1313 &rarr; <strong>1335</strong><br />(+22 for winning)
|raw|ghosted_001's rating: 1352 &rarr; <strong>1330</strong><br />(-22 for losing)
|l|☆ghosted_001
|player|p2|
