|html|<div class="broadcast-blue"><strong>[Gen 9] OU is currently suspecting Tera Blast! For information on how to participate check out the <a href="https://www.smogon.com/tools/suspects/view/200">suspect thread</a>.</strong></div>
|j|☆CrackSquad
|j|☆a jellyfish
|t:|1776036842
|gametype|singles
|player|p1|CrackSquad|ballguy|1717
|player|p2|a jellyfish|bianca|1798
|gen|9
|tier|[Gen 9] OU
|rated|
|rule|HP Percentage Mod: HP is shown in percentages
|rule|Endless Battle Clause: Forcing endless battles is banned
|rule|Species Clause: Limit one of each Pokémon
|rule|OHKO Clause: OHKO moves are banned
|rule|Evasion Items Clause: Evasion items are banned
|rule|Evasion Moves Clause: Evasion moves are banned
|rule|Evasion Abilities Clause: Evasion abilities are banned
|rule|Sleep Moves Clause: Sleep-inducing moves are banned
|clearpoke
|poke|p1|Primarina, M|
|poke|p1|Comfey, M|
|poke|p1|Deoxys-Speed|
|poke|p1|Gholdengo|
|poke|p1|Dragonite, F|
|poke|p1|Kingambit, F|
|poke|p2|Raging Bolt|
|poke|p2|Zamazenta-*|
|poke|p2|Dragonite, M|
|poke|p2|Samurott-Hisui, M|
|poke|p2|Deoxys-Speed|
|poke|p2|Hatterene, F|
|teampreview
|inactive|Battle timer is ON: inactive players will automatically lose when time's up. (requested by a jellyfish)
|
|t:|1776036853
|teamsize|p1|6
|teamsize|p2|6
|start
|switch|p1a: Primarina|Primarina, M|100/100
|switch|p2a: Samurott|Samurott-Hisui, M|100/100
|turn|1
|
|t:|1776036857
|move|p2a: Samurott|Ceaseless Edge|p1a: Primarina
|-resisted|p1a: Primarina
|-damage|p1a: Primarina|72/100
|-sidestart|p1: CrackSquad|Spikes
|move|p1a: Primarina|Moonblast|p2a: Samurott
|-supereffective|p2a: Samurott
|-damage|p2a: Samurott|0 fnt
|faint|p2a: Samurott
|
|upkeep
|
|t:|1776036863
|switch|p2a: Deoxys|Deoxys-Speed, shiny|100/100
|-ability|p2a: Deoxys|Pressure
|turn|2
|
|t:|1776036866
|move|p2a: Deoxys|Light Screen|p2a: Deoxys
|-sidestart|p2: a jellyfish|move: Light Screen
|move|p1a: Primarina|Moonblast|p2a: Deoxys
|-damage|p2a: Deoxys|54/100
|-unboost|p2a: Deoxys|spa|1
|
|upkeep
|turn|3
|
|t:|1776036876
|move|p1a: Primarina|Moonblast|p2a: Deoxys
|-damage|p2a: Deoxys|7/100
|move|p2a: Deoxys|Teleport|p2a: Deoxys
|
|t:|1776036877
|switch|p2a: Raging Bolt|Raging Bolt|100/100|[from] Teleport
|-enditem|p2a: Raging Bolt|Booster Energy
|-activate|p2a: Raging Bolt|ability: Protosynthesis|[fromitem]
|-start|p2a: Raging Bolt|protosynthesisspa
|
|upkeep
|turn|4
|j| Shucklepilled
|
|t:|1776036886
|move|p2a: Raging Bolt|Thunderbolt|p1a: Primarina
|-supereffective|p1a: Primarina
|-damage|p1a: Primarina|0 fnt
|faint|p1a: Primarina
|
|upkeep
|j| Bob Loblaw LLC
|
|t:|1776036892
|switch|p1a: Comfey|Comfey, M|100/100
|-damage|p1a: Comfey|88/100|[from] Spikes
|turn|5
|
|t:|1776036897
|-terastallize|p2a: Raging Bolt|Fairy
|-terastallize|p1a: Comfey|Ground
|move|p2a: Raging Bolt|Calm Mind|p2a: Raging Bolt
|-boost|p2a: Raging Bolt|spa|1
|-boost|p2a: Raging Bolt|spd|1
|move|p1a: Comfey|Calm Mind|p1a: Comfey
|-boost|p1a: Comfey|spa|1
|-boost|p1a: Comfey|spd|1
|
|-heal|p1a: Comfey|94/100|[from] item: Leftovers
|upkeep
|turn|6
|
|t:|1776036907
|move|p2a: Raging Bolt|Calm Mind|p2a: Raging Bolt
|-boost|p2a: Raging Bolt|spa|1
|-boost|p2a: Raging Bolt|spd|1
|move|p1a: Comfey|Calm Mind|p1a: Comfey
|-boost|p1a: Comfey|spa|1
|-boost|p1a: Comfey|spd|1
|
|-heal|p1a: Comfey|100/100|[from] item: Leftovers
|upkeep
|turn|7
|
|t:|1776036909
|move|p2a: Raging Bolt|Tera Blast|p1a: Comfey|[anim] Tera Blast Fairy
|-damage|p1a: Comfey|34/100
|move|p1a: Comfey|Calm Mind|p1a: Comfey
|-boost|p1a: Comfey|spa|1
|-boost|p1a: Comfey|spd|1
|
|-heal|p1a: Comfey|41/100|[from] item: Leftovers
|upkeep
|turn|8
|
|t:|1776036916
|move|p1a: Comfey|Draining Kiss|p2a: Raging Bolt
|-damage|p2a: Raging Bolt|87/100
|-heal|p1a: Comfey|53/100|[from] drain|[of] p2a: Raging Bolt
|move|p2a: Raging Bolt|Tera Blast|p1a: Comfey|[anim] Tera Blast Fairy
|-damage|p1a: Comfey|6/100
|
|-heal|p1a: Comfey|13/100|[from] item: Leftovers
|upkeep
|turn|9
|
|t:|1776036926
|move|p1a: Comfey|Draining Kiss|p2a: Raging Bolt
|-damage|p2a: Raging Bolt|75/100
|-heal|p1a: Comfey|24/100|[from] drain|[of] p2a: Raging Bolt
|move|p2a: Raging Bolt|Tera Blast|p1a: Comfey|[anim] Tera Blast Fairy
|-damage|p1a: Comfey|0 fnt
|faint|p1a: Comfey
|
|-sideend|p2: a jellyfish|move: Light Screen
|upkeep
|
|t:|1776036942
|switch|p1a: Daenerys|Kingambit, F|100/100
|-damage|p1a: Daenerys|88/100|[from] Spikes
|-activate|p1a: Daenerys|ability: Supreme Overlord
|-start|p1a: Daenerys|fallen2|[silent]
|turn|10
|
|t:|1776036944
|move|p2a: Raging Bolt|Thunderclap|p1a: Daenerys
|-damage|p1a: Daenerys|0 fnt
|faint|p1a: Daenerys
|-end|p1a: Daenerys|fallen2|[silent]
|
|upkeep
|-message|CrackSquad forfeited.
|
|win|a jellyfish
|raw|CrackSquad's rating: 1717 &rarr; <strong>1702</strong><br />(-15 for losing)
|raw|a jellyfish's rating: 1798 &rarr; <strong>1813</strong><br />(+15 for winning)
|l|☆CrackSquad
|player|p1|
|l|☆a jellyfish
|player|p2|
|l| Shucklepilled
