|html|<div class="broadcast-blue"><strong>[Gen 9] OU is currently suspecting Volcarona! For information on how to participate check out the <a href="https://www.smogon.com/tools/suspects/view/208">suspect thread</a>.</strong></div>
|badge|p1|silver|gen9ou|30-9
|uhtml|medal-msg|<div class="broadcast-blue">Curious what those medals under the avatar are? PS now has Ladder Seasons! For more information, check out the <a href="https://www.smogon.com/forums/threads/3740067/">thread on Smogon.</a></div>
|j|☆Auburn Hills
|j|☆Days in the North
|t:|1778511111
|gametype|singles
|player|p1|Auburn Hills|alder|1874
|player|p2|Days in the North|boarder-gen2|1724
|gen|9
|tier|[Gen 9] OU
|rated|
|rule|HP Percentage Mod: HP is shown in percentages
|rule|Endless Battle Clause: Forcing endless battles is banned
|rule|Species Clause: Limit one of each Pokémon
|rule|OHKO Clause: OHKO moves are banned
|rule|Evasion Items Clause: Evasion items are banned
|rule|Evasion Moves Clause: Evasion moves are banned
|rule|Evasion Abilities Clause: Evasion abilities are banned
|rule|Sleep Moves Clause: Sleep-inducing moves are banned
|clearpoke
|poke|p1|Iron Moth|
|poke|p1|Umbreon, M|
|poke|p1|Garchomp, M|
|poke|p1|Glimmora, M|
|poke|p1|Gholdengo|
|poke|p1|Dragonite, F|
|poke|p2|Rillaboom, F|
|poke|p2|Ogerpon-Wellspring, F|
|poke|p2|Hatterene, F|
|poke|p2|Great Tusk|
|poke|p2|Hawlucha, M|
|poke|p2|Iron Moth|
|teampreview
|inactive|Battle timer is ON: inactive players will automatically lose when time's up. (requested by Days in the North)
|inactive|Auburn Hills has 120 seconds left.
|
|t:|1778511157
|teamsize|p1|6
|teamsize|p2|6
|start
|switch|p1a: Julia Jacklin|Glimmora, M|100/100
|switch|p2a: Rillaboom|Rillaboom, F|100/100
|-fieldstart|move: Grassy Terrain|[from] ability: Grassy Surge|[of] p2a: Rillaboom
|turn|1
|
|t:|1778511178
|switch|p2a: Great Tusk|Great Tusk|100/100
|-enditem|p2a: Great Tusk|Booster Energy
|-activate|p2a: Great Tusk|ability: Protosynthesis|[fromitem]
|-start|p2a: Great Tusk|protosynthesisspe
|move|p1a: Julia Jacklin|Sludge Wave|p2a: Great Tusk
|-resisted|p2a: Great Tusk
|-damage|p2a: Great Tusk|67/100
|
|-heal|p2a: Great Tusk|73/100|[from] Grassy Terrain
|upkeep
|turn|2
|
|t:|1778511189
|move|p2a: Great Tusk|Bulk Up|p2a: Great Tusk
|-boost|p2a: Great Tusk|atk|1
|-boost|p2a: Great Tusk|def|1
|move|p1a: Julia Jacklin|Mortal Spin|p2a: Great Tusk
|-resisted|p2a: Great Tusk
|-damage|p2a: Great Tusk|71/100
|-status|p2a: Great Tusk|psn
|
|-heal|p2a: Great Tusk|78/100 psn|[from] Grassy Terrain
|-damage|p2a: Great Tusk|65/100 psn|[from] psn
|upkeep
|turn|3
|
|t:|1778511193
|move|p2a: Great Tusk|Headlong Rush|p1a: Julia Jacklin
|-supereffective|p1a: Julia Jacklin
|-enditem|p1a: Julia Jacklin|Focus Sash
|-damage|p1a: Julia Jacklin|1/100
|-unboost|p2a: Great Tusk|def|1
|-unboost|p2a: Great Tusk|spd|1
|-activate|p1a: Julia Jacklin|ability: Toxic Debris
|-sidestart|p2: Days in the North|move: Toxic Spikes
|move|p1a: Julia Jacklin|Earth Power|p2a: Great Tusk
|-damage|p2a: Great Tusk|6/100 psn
|
|-heal|p2a: Great Tusk|13/100 psn|[from] Grassy Terrain
|-heal|p1a: Julia Jacklin|7/100|[from] Grassy Terrain
|-damage|p2a: Great Tusk|0 fnt|[from] psn
|faint|p2a: Great Tusk
|-end|p2a: Great Tusk|Protosynthesis|[silent]
|upkeep
|
|t:|1778511198
|switch|p2a: Iron Moth|Iron Moth|100/100
|-sideend|p2: Days in the North|move: Toxic Spikes|[of] p2a: Iron Moth
|-enditem|p2a: Iron Moth|Booster Energy
|-activate|p2a: Iron Moth|ability: Quark Drive|[fromitem]
|-start|p2a: Iron Moth|quarkdrivespe
|turn|4
|
|t:|1778511201
|switch|p1a: Alvvays|Umbreon, M|100/100
|move|p2a: Iron Moth|Fiery Dance|p1a: Alvvays
|-damage|p1a: Alvvays|79/100
|
|-heal|p1a: Alvvays|85/100|[from] Grassy Terrain
|-heal|p1a: Alvvays|91/100|[from] item: Leftovers
|upkeep
|turn|5
|
|t:|1778511204
|move|p2a: Iron Moth|Substitute|p2a: Iron Moth
|-start|p2a: Iron Moth|Substitute
|-damage|p2a: Iron Moth|76/100
|move|p1a: Alvvays|Foul Play|p2a: Iron Moth
|-end|p2a: Iron Moth|Substitute
|
|-heal|p2a: Iron Moth|82/100|[from] Grassy Terrain
|-heal|p1a: Alvvays|97/100|[from] Grassy Terrain
|-heal|p1a: Alvvays|100/100|[from] item: Leftovers
|upkeep
|turn|6
|
|t:|1778511210
|move|p2a: Iron Moth|Substitute|p2a: Iron Moth
|-start|p2a: Iron Moth|Substitute
|-damage|p2a: Iron Moth|57/100
|move|p1a: Alvvays|Foul Play|p2a: Iron Moth
|-end|p2a: Iron Moth|Substitute
|
|-heal|p2a: Iron Moth|63/100|[from] Grassy Terrain
|upkeep
|turn|7
|
|t:|1778511212
|move|p2a: Iron Moth|Fiery Dance|p1a: Alvvays
|-damage|p1a: Alvvays|79/100
|-boost|p2a: Iron Moth|spa|1
|move|p1a: Alvvays|Foul Play|p2a: Iron Moth
|-crit|p2a: Iron Moth
|-damage|p2a: Iron Moth|21/100
|
|-heal|p2a: Iron Moth|27/100|[from] Grassy Terrain
|-heal|p1a: Alvvays|85/100|[from] Grassy Terrain
|-heal|p1a: Alvvays|91/100|[from] item: Leftovers
|upkeep
|turn|8
|
|t:|1778511218
|move|p2a: Iron Moth|Sludge Wave|p1a: Alvvays
|-damage|p1a: Alvvays|53/100
|move|p1a: Alvvays|Foul Play|p2a: Iron Moth
|-damage|p2a: Iron Moth|0 fnt
|faint|p2a: Iron Moth
|-end|p2a: Iron Moth|Quark Drive|[silent]
|
|-heal|p1a: Alvvays|59/100|[from] Grassy Terrain
|-heal|p1a: Alvvays|65/100|[from] item: Leftovers
|-fieldend|move: Grassy Terrain
|upkeep
|
|t:|1778511224
|switch|p2a: Rillaboom|Rillaboom, F|100/100
|-fieldstart|move: Grassy Terrain|[from] ability: Grassy Surge|[of] p2a: Rillaboom
|turn|9
|
|t:|1778511228
|move|p1a: Alvvays|Protect|p1a: Alvvays
|-singleturn|p1a: Alvvays|Protect
|move|p2a: Rillaboom|Wood Hammer|p1a: Alvvays
|-activate|p1a: Alvvays|move: Protect
|
|-heal|p1a: Alvvays|71/100|[from] Grassy Terrain
|-heal|p1a: Alvvays|77/100|[from] item: Leftovers
|upkeep
|turn|10
|
|t:|1778511232
|switch|p1a: Julia Jacklin|Glimmora, M|7/100
|move|p2a: Rillaboom|U-turn|p1a: Julia Jacklin
|-resisted|p1a: Julia Jacklin
|-damage|p1a: Julia Jacklin|0 fnt
|-activate|p1a: Julia Jacklin|ability: Toxic Debris
|-sidestart|p2: Days in the North|move: Toxic Spikes
|faint|p1a: Julia Jacklin
|
|t:|1778511242
|switch|p2a: Hawlucha|Hawlucha, M|100/100|[from] U-turn
|-enditem|p2a: Hawlucha|Grassy Seed
|-boost|p2a: Hawlucha|def|1|[from] item: Grassy Seed
|
|upkeep
|
|t:|1778511245
|switch|p1a: Smino|Gholdengo|100/100
|turn|11
|
|t:|1778511251
|-terastallize|p2a: Hawlucha|Ground
|move|p2a: Hawlucha|Swords Dance|p2a: Hawlucha
|-boost|p2a: Hawlucha|atk|2
|move|p1a: Smino|Make It Rain|p2a: Hawlucha
|-damage|p2a: Hawlucha|9/100
|-unboost|p1a: Smino|spa|1
|
|-heal|p2a: Hawlucha|15/100|[from] Grassy Terrain
|upkeep
|turn|12
|
|t:|1778511257
|switch|p1a: Elucid|Dragonite, F|100/100
|move|p2a: Hawlucha|Acrobatics|p1a: Elucid
|-damage|p1a: Elucid|49/100
|
|-heal|p2a: Hawlucha|21/100|[from] Grassy Terrain
|upkeep
|turn|13
|
|t:|1778511264
|move|p1a: Elucid|Extreme Speed|p2a: Hawlucha
|-damage|p2a: Hawlucha|0 fnt
|faint|p2a: Hawlucha
|
|upkeep
|
|t:|1778511267
|switch|p2a: Hatterene|Hatterene, F|100/100
|-status|p2a: Hatterene|psn
|turn|14
|
|t:|1778511271
|switch|p1a: Alvvays|Umbreon, M|77/100
|move|p2a: Hatterene|Calm Mind|p2a: Hatterene
|-boost|p2a: Hatterene|spa|1
|-boost|p2a: Hatterene|spd|1
|
|-heal|p1a: Alvvays|83/100|[from] Grassy Terrain
|-heal|p1a: Alvvays|90/100|[from] item: Leftovers
|-damage|p2a: Hatterene|88/100 psn|[from] psn
|upkeep
|turn|15
|
|t:|1778511284
|switch|p1a: Smino|Gholdengo|100/100
|move|p2a: Hatterene|Calm Mind|p2a: Hatterene
|-boost|p2a: Hatterene|spa|1
|-boost|p2a: Hatterene|spd|1
|
|-heal|p2a: Hatterene|94/100 psn|[from] Grassy Terrain
|-heal|p2a: Hatterene|99/100 psn|[from] item: Leftovers
|-damage|p2a: Hatterene|88/100 psn|[from] psn
|upkeep
|turn|16
|
|t:|1778511287
|move|p1a: Smino|Trick|p2a: Hatterene
|-activate|p1a: Smino|move: Trick|[of] p2a: Hatterene
|-item|p2a: Hatterene|Choice Scarf|[from] move: Trick
|-item|p1a: Smino|Leftovers|[from] move: Trick
|move|p2a: Hatterene|Mystical Fire|p1a: Smino
|-supereffective|p1a: Smino
|-damage|p1a: Smino|0 fnt
|faint|p1a: Smino
|
|-heal|p2a: Hatterene|94/100 psn|[from] Grassy Terrain
|-damage|p2a: Hatterene|82/100 psn|[from] psn
|-fieldend|move: Grassy Terrain
|upkeep
|
|t:|1778511291
|switch|p1a: Rat Tally|Garchomp, M|100/100
|turn|17
|
|t:|1778511295
|switch|p2a: Rillaboom|Rillaboom, F|100/100
|-status|p2a: Rillaboom|psn
|-fieldstart|move: Grassy Terrain|[from] ability: Grassy Surge|[of] p2a: Rillaboom
|move|p1a: Rat Tally|Swords Dance|p1a: Rat Tally
|-boost|p1a: Rat Tally|atk|2
|
|-damage|p2a: Rillaboom|88/100 psn|[from] psn
|upkeep
|turn|18
|
|t:|1778511301
|move|p2a: Rillaboom|Grassy Glide|p1a: Rat Tally
|-damage|p1a: Rat Tally|62/100
|-damage|p2a: Rillaboom|76/100 psn|[from] ability: Rough Skin|[of] p1a: Rat Tally
|move|p1a: Rat Tally|Scale Shot|p2a: Rillaboom
|-damage|p2a: Rillaboom|48/100 psn
|-damage|p2a: Rillaboom|22/100 psn
|-damage|p2a: Rillaboom|0 fnt
|faint|p2a: Rillaboom
|-hitcount|p2: Rillaboom|3
|-unboost|p1a: Rat Tally|def|1
|-boost|p1a: Rat Tally|spe|1
|
|-heal|p1a: Rat Tally|68/100|[from] Grassy Terrain
|upkeep
|
|t:|1778511303
|switch|p2a: Ogerpon|Ogerpon-Wellspring, F|100/100
|-status|p2a: Ogerpon|psn
|turn|19
|
|t:|1778511306
|move|p2a: Ogerpon|Grassy Glide|p1a: Rat Tally
|-damage|p1a: Rat Tally|0 fnt
|-damage|p2a: Ogerpon|88/100 psn|[from] ability: Rough Skin|[of] p1a: Rat Tally
|faint|p1a: Rat Tally
|
|-heal|p2a: Ogerpon|94/100 psn|[from] Grassy Terrain
|-damage|p2a: Ogerpon|82/100 psn|[from] psn
|upkeep
|
|t:|1778511310
|switch|p1a: Alvvays|Umbreon, M|90/100
|turn|20
|
|t:|1778511315
|move|p2a: Ogerpon|Ivy Cudgel|p1a: Alvvays|[anim] Ivy Cudgel Water
|-damage|p1a: Alvvays|37/100
|move|p1a: Alvvays|Foul Play|p2a: Ogerpon
|-damage|p2a: Ogerpon|16/100 psn
|
|-heal|p2a: Ogerpon|22/100 psn|[from] Grassy Terrain
|-heal|p1a: Alvvays|43/100|[from] Grassy Terrain
|-heal|p1a: Alvvays|49/100|[from] item: Leftovers
|-damage|p2a: Ogerpon|10/100 psn|[from] psn
|upkeep
|turn|21
|
|t:|1778511320
|move|p1a: Alvvays|Protect|p1a: Alvvays
|-singleturn|p1a: Alvvays|Protect
|move|p2a: Ogerpon|Ivy Cudgel|p1a: Alvvays|[anim] Ivy Cudgel Water
|-activate|p1a: Alvvays|move: Protect
|
|-heal|p2a: Ogerpon|16/100 psn|[from] Grassy Terrain
|-heal|p1a: Alvvays|55/100|[from] Grassy Terrain
|-heal|p1a: Alvvays|61/100|[from] item: Leftovers
|-damage|p2a: Ogerpon|3/100 psn|[from] psn
|upkeep
|turn|22
|
|t:|1778511323
|switch|p1a: Elucid|Dragonite, F|49/100
|move|p2a: Ogerpon|Play Rough|p1a: Elucid
|-supereffective|p1a: Elucid
|-damage|p1a: Elucid|0 fnt
|faint|p1a: Elucid
|
|-heal|p2a: Ogerpon|9/100 psn|[from] Grassy Terrain
|-damage|p2a: Ogerpon|0 fnt|[from] psn
|faint|p2a: Ogerpon
|upkeep
|
|t:|1778511327
|switch|p2a: Hatterene|Hatterene, F|82/100 psn
|switch|p1a: Alvvays|Umbreon, M|61/100
|turn|23
|
|t:|1778511331
|move|p1a: Alvvays|Protect|p1a: Alvvays
|-singleturn|p1a: Alvvays|Protect
|move|p2a: Hatterene|Draining Kiss|p1a: Alvvays
|-activate|p1a: Alvvays|move: Protect
|
|-heal|p1a: Alvvays|67/100|[from] Grassy Terrain
|-heal|p1a: Alvvays|73/100|[from] item: Leftovers
|-heal|p2a: Hatterene|88/100 psn|[from] Grassy Terrain
|-damage|p2a: Hatterene|75/100 psn|[from] psn
|upkeep
|turn|24
|
|t:|1778511334
|switch|p1a: Carly Rae|Iron Moth|100/100
|-enditem|p1a: Carly Rae|Booster Energy
|-activate|p1a: Carly Rae|ability: Quark Drive|[fromitem]
|-start|p1a: Carly Rae|quarkdrivespe
|move|p2a: Hatterene|Draining Kiss|p1a: Carly Rae
|-resisted|p1a: Carly Rae
|-damage|p1a: Carly Rae|95/100
|-heal|p2a: Hatterene|79/100 psn|[from] drain|[of] p1a: Carly Rae
|
|-heal|p1a: Carly Rae|100/100|[from] Grassy Terrain
|-heal|p2a: Hatterene|85/100 psn|[from] Grassy Terrain
|-damage|p2a: Hatterene|73/100 psn|[from] psn
|-fieldend|move: Grassy Terrain
|upkeep
|turn|25
|
|t:|1778511336
|move|p1a: Carly Rae|Fiery Dance|p2a: Hatterene
|-damage|p2a: Hatterene|28/100 psn
|move|p2a: Hatterene|Draining Kiss|p1a: Carly Rae
|-resisted|p1a: Carly Rae
|-damage|p1a: Carly Rae|94/100
|-heal|p2a: Hatterene|33/100 psn|[from] drain|[of] p1a: Carly Rae
|
|-damage|p2a: Hatterene|21/100 psn|[from] psn
|upkeep
|turn|26
|-message|Days in the North forfeited.
|
|win|Auburn Hills
|raw|Auburn Hills's rating: 1874 &rarr; <strong>1886</strong><br />(+12 for winning)
|raw|Days in the North's rating: 1724 &rarr; <strong>1712</strong><br />(-12 for losing)
|l|☆Days in the North
|player|p2|
|l|☆Auburn Hills
|player|p1|
