|html|<div class="broadcast-blue"><strong>[Gen 9] OU is currently suspecting Tera Blast! For information on how to participate check out the <a href="https://www.smogon.com/tools/suspects/view/200">suspect thread</a>.</strong></div>
|j|☆branmeow
|j|☆metmann
|t:|1776071901
|gametype|singles
|player|p1|branmeow|firebreather|1319
|player|p2|metmann|hiker-gen4|1298
|gen|9
|tier|[Gen 9] OU
|rated|
|rule|HP Percentage Mod: HP is shown in percentages
|rule|Endless Battle Clause: Forcing endless battles is banned
|rule|Species Clause: Limit one of each Pokémon
|rule|OHKO Clause: OHKO moves are banned
|rule|Evasion Items Clause: Evasion items are banned
|rule|Evasion Moves Clause: Evasion moves are banned
|rule|Evasion Abilities Clause: Evasion abilities are banned
|rule|Sleep Moves Clause: Sleep-inducing moves are banned
|clearpoke
|poke|p1|Whimsicott, M|
|poke|p1|Torkoal, F|
|poke|p1|Walking Wake|
|poke|p1|Gliscor, M|
|poke|p1|Clefable, F|
|poke|p1|Luxray, F|
|poke|p2|Cinderace, F|
|poke|p2|Dragapult, M|
|poke|p2|Glimmora, F|
|poke|p2|Gliscor, F|
|poke|p2|Kyurem|
|poke|p2|Primarina, F|
|teampreview
|
|t:|1776071926
|teamsize|p1|6
|teamsize|p2|6
|start
|switch|p1a: Therapy dog|Torkoal, F|100/100
|switch|p2a: Gliscor|Gliscor, F|100/100
|-weather|SunnyDay|[from] ability: Drought|[of] p1a: Therapy dog
|turn|1
|
|t:|1776071936
|switch|p1a: Mr. Wake|Walking Wake|100/100
|-activate|p1a: Mr. Wake|ability: Protosynthesis
|-start|p1a: Mr. Wake|protosynthesisspa
|move|p2a: Gliscor|Earthquake|p1a: Mr. Wake
|-damage|p1a: Mr. Wake|58/100
|
|-weather|SunnyDay|[upkeep]
|-status|p2a: Gliscor|tox|[from] item: Toxic Orb
|upkeep
|turn|2
|
|t:|1776071946
|move|p2a: Gliscor|Protect|p2a: Gliscor
|-singleturn|p2a: Gliscor|Protect
|move|p1a: Mr. Wake|Hydro Steam|p2a: Gliscor
|-activate|p2a: Gliscor|move: Protect
|
|-weather|SunnyDay|[upkeep]
|upkeep
|turn|3
|
|t:|1776071953
|switch|p2a: Primarina|Primarina, F|100/100
|move|p1a: Mr. Wake|Hydro Steam|p2a: Primarina
|-resisted|p2a: Primarina
|-damage|p2a: Primarina|82/100
|
|-weather|SunnyDay|[upkeep]
|upkeep
|turn|4
|
|t:|1776071963
|-end|p1a: Mr. Wake|Protosynthesis|[silent]
|switch|p1a: Luxray|Luxray, F|100/100
|-ability|p1a: Luxray|Intimidate|boost
|-unboost|p2a: Primarina|atk|1
|-item|p1a: Luxray|Air Balloon
|move|p2a: Primarina|Moonblast|p1a: Luxray
|-damage|p1a: Luxray|29/100
|-enditem|p1a: Luxray|Air Balloon
|
|-weather|SunnyDay|[upkeep]
|upkeep
|turn|5
|
|t:|1776071974
|switch|p2a: Gliscor|Gliscor, F|100/100 tox
|move|p1a: Luxray|Supercell Slam|p2a: Gliscor
|-immune|p2a: Gliscor
|-damage|p1a: Luxray|0 fnt|[from] supercellslam
|faint|p1a: Luxray
|
|-weather|SunnyDay|[upkeep]
|upkeep
|
|t:|1776071984
|switch|p1a: Stinger|Gliscor, M|100/100
|turn|6
|inactive|Battle timer is ON: inactive players will automatically lose when time's up. (requested by metmann)
|
|t:|1776071987
|move|p2a: Gliscor|Knock Off|p1a: Stinger
|-damage|p1a: Stinger|85/100
|-enditem|p1a: Stinger|Toxic Orb|[from] move: Knock Off|[of] p2a: Gliscor
|move|p1a: Stinger|Swords Dance|p1a: Stinger
|-boost|p1a: Stinger|atk|2
|
|-weather|SunnyDay|[upkeep]
|upkeep
|turn|7
|
|t:|1776072004
|switch|p2a: Kyurem|Kyurem|100/100
|-ability|p2a: Kyurem|Pressure
|move|p1a: Stinger|Swords Dance|p1a: Stinger
|-boost|p1a: Stinger|atk|2
|
|-weather|SunnyDay|[upkeep]
|upkeep
|turn|8
|
|t:|1776072013
|move|p1a: Stinger|Earthquake|p2a: Kyurem
|-damage|p2a: Kyurem|13/100
|move|p2a: Kyurem|Freeze-Dry|p1a: Stinger
|-supereffective|p1a: Stinger
|-damage|p1a: Stinger|0 fnt
|faint|p1a: Stinger
|
|-weather|none
|upkeep
|
|t:|1776072016
|switch|p1a: Therapy dog|Torkoal, F|100/100
|-weather|SunnyDay|[from] ability: Drought|[of] p1a: Therapy dog
|turn|9
|
|t:|1776072030
|move|p2a: Kyurem|Earth Power|p1a: Therapy dog
|-supereffective|p1a: Therapy dog
|-damage|p1a: Therapy dog|0 fnt
|faint|p1a: Therapy dog
|
|-weather|SunnyDay|[upkeep]
|upkeep
|
|t:|1776072033
|switch|p1a: Whimsigoat|Whimsicott, M|100/100
|turn|10
|
|t:|1776072051
|switch|p2a: Glimmora|Glimmora, F|100/100
|move|p1a: Whimsigoat|Moonblast|p2a: Glimmora
|-resisted|p2a: Glimmora
|-damage|p2a: Glimmora|78/100
|-unboost|p2a: Glimmora|spa|1
|
|-weather|SunnyDay|[upkeep]
|-heal|p2a: Glimmora|84/100|[from] item: Black Sludge
|upkeep
|turn|11
|
|t:|1776072063
|-terastallize|p1a: Whimsigoat|Fire
|move|p1a: Whimsigoat|Growth|p1a: Whimsigoat
|-boost|p1a: Whimsigoat|atk|2
|-boost|p1a: Whimsigoat|spa|2
|move|p2a: Glimmora|Toxic|p1a: Whimsigoat
|-status|p1a: Whimsigoat|tox
|
|-weather|SunnyDay|[upkeep]
|-heal|p2a: Glimmora|90/100|[from] item: Black Sludge
|-damage|p1a: Whimsigoat|94/100 tox|[from] psn
|upkeep
|turn|12
|
|t:|1776072074
|move|p1a: Whimsigoat|Solar Beam||[still]
|-prepare|p1a: Whimsigoat|Solar Beam
|-anim|p1a: Whimsigoat|Solar Beam|p2a: Glimmora
|-damage|p2a: Glimmora|0 fnt
|faint|p2a: Glimmora
|
|-weather|SunnyDay|[upkeep]
|-damage|p1a: Whimsigoat|82/100 tox|[from] psn
|upkeep
|
|t:|1776072090
|switch|p2a: Dragapult|Dragapult, M|100/100
|turn|13
|
|t:|1776072102
|-terastallize|p2a: Dragapult|Electric
|move|p1a: Whimsigoat|Moonblast|p2a: Dragapult
|-damage|p2a: Dragapult|0 fnt
|faint|p2a: Dragapult
|
|-weather|SunnyDay|[upkeep]
|-damage|p1a: Whimsigoat|64/100 tox|[from] psn
|upkeep
|
|t:|1776072109
|switch|p2a: Primarina|Primarina, F|82/100
|turn|14
|
|t:|1776072115
|switch|p2a: Kyurem|Kyurem|13/100
|-ability|p2a: Kyurem|Pressure
|move|p1a: Whimsigoat|Solar Beam||[still]
|-prepare|p1a: Whimsigoat|Solar Beam
|-anim|p1a: Whimsigoat|Solar Beam|p2a: Kyurem
|-resisted|p2a: Kyurem
|-damage|p2a: Kyurem|0 fnt
|faint|p2a: Kyurem
|
|-weather|SunnyDay|[upkeep]
|-damage|p1a: Whimsigoat|39/100 tox|[from] psn
|upkeep
|inactive|metmann has 120 seconds left.
|
|t:|1776072143
|switch|p2a: Gliscor|Gliscor, F|100/100 tox
|turn|15
|
|t:|1776072150
|move|p2a: Gliscor|Protect|p2a: Gliscor
|-singleturn|p2a: Gliscor|Protect
|move|p1a: Whimsigoat|Solar Beam||[still]
|-prepare|p1a: Whimsigoat|Solar Beam
|-anim|p1a: Whimsigoat|Solar Beam|p2a: Gliscor
|-activate|p2a: Gliscor|move: Protect
|
|-weather|SunnyDay|[upkeep]
|-damage|p1a: Whimsigoat|9/100 tox|[from] psn
|upkeep
|turn|16
|inactive|metmann has 120 seconds left.
|
|t:|1776072164
|move|p2a: Gliscor|Protect||[still]
|-fail|p2a: Gliscor
|move|p1a: Whimsigoat|Solar Beam||[still]
|-prepare|p1a: Whimsigoat|Solar Beam
|-anim|p1a: Whimsigoat|Solar Beam|p2a: Gliscor
|-damage|p2a: Gliscor|0 fnt
|faint|p2a: Gliscor
|
|-weather|none
|-damage|p1a: Whimsigoat|0 fnt|[from] psn
|faint|p1a: Whimsigoat
|upkeep
|
|t:|1776072178
|switch|p1a: Colon Three|Clefable, F|100/100
|switch|p2a: Cinderace|Cinderace, F|100/100
|turn|17
|
|t:|1776072184
|move|p2a: Cinderace|Iron Head|p1a: Colon Three
|-start|p2a: Cinderace|typechange|Steel|[from] ability: Libero
|-supereffective|p1a: Colon Three
|-damage|p1a: Colon Three|0 fnt
|faint|p1a: Colon Three
|
|upkeep
|
|t:|1776072188
|switch|p1a: Mr. Wake|Walking Wake|58/100
|turn|18
|
|t:|1776072191
|move|p2a: Cinderace|Iron Head|p1a: Mr. Wake
|-resisted|p1a: Mr. Wake
|-damage|p1a: Mr. Wake|29/100
|move|p1a: Mr. Wake|Flamethrower|p2a: Cinderace
|-supereffective|p2a: Cinderace
|-damage|p2a: Cinderace|20/100
|
|upkeep
|turn|19
|
|t:|1776072197
|move|p2a: Cinderace|Iron Head|p1a: Mr. Wake
|-resisted|p1a: Mr. Wake
|-damage|p1a: Mr. Wake|0 fnt
|faint|p1a: Mr. Wake
|-end|p1a: Mr. Wake|Protosynthesis|[silent]
|
|win|metmann
|raw|branmeow's rating: 1319 &rarr; <strong>1298</strong><br />(-21 for losing)
|raw|metmann's rating: 1298 &rarr; <strong>1325</strong><br />(+27 for winning)
|c|☆metmann|gg
|l|☆branmeow
|player|p1|
|l|☆metmann
|player|p2|
