|html|<div class="broadcast-blue"><strong>[Gen 9] OU is currently suspecting Tera Blast! For information on how to participate check out the <a href="https://www.smogon.com/tools/suspects/view/200">suspect thread</a>.</strong></div>
|j|☆kaahasahat
|j|☆untilting1877
|t:|1776045582
|gametype|singles
|player|p1|kaahasahat|170|1648
|player|p2|untilting1877|2|1594
|gen|9
|tier|[Gen 9] OU
|rated|
|rule|HP Percentage Mod: HP is shown in percentages
|rule|Endless Battle Clause: Forcing endless battles is banned
|rule|Species Clause: Limit one of each Pokémon
|rule|OHKO Clause: OHKO moves are banned
|rule|Evasion Items Clause: Evasion items are banned
|rule|Evasion Moves Clause: Evasion moves are banned
|rule|Evasion Abilities Clause: Evasion abilities are banned
|rule|Sleep Moves Clause: Sleep-inducing moves are banned
|clearpoke
|poke|p1|Dragapult, F|
|poke|p1|Iron Moth|
|poke|p1|Serperior, F|
|poke|p1|Iron Treads|
|poke|p1|Dragonite, F|
|poke|p1|Greninja-*, M|
|poke|p2|Tornadus-Therian, M|
|poke|p2|Tinkaton, F|
|poke|p2|Slowking-Galar, M|
|poke|p2|Sinistcha|
|poke|p2|Weavile, M|
|poke|p2|Volcanion|
|teampreview
|inactive|Battle timer is ON: inactive players will automatically lose when time's up. (requested by kaahasahat)
|
|t:|1776045610
|teamsize|p1|6
|teamsize|p2|6
|start
|switch|p1a: Iron Treads|Iron Treads|100/100
|switch|p2a: Tornadus|Tornadus-Therian, M|100/100
|-enditem|p1a: Iron Treads|Booster Energy
|-activate|p1a: Iron Treads|ability: Quark Drive|[fromitem]
|-start|p1a: Iron Treads|quarkdrivespe
|turn|1
|
|t:|1776045617
|switch|p2a: Tinkaton|Tinkaton, F|100/100
|-item|p2a: Tinkaton|Air Balloon
|move|p1a: Iron Treads|Stealth Rock|p2a: Tinkaton
|-sidestart|p2: untilting1877|move: Stealth Rock
|
|upkeep
|turn|2
|
|t:|1776045622
|move|p1a: Iron Treads|Ice Spinner|p2a: Tinkaton
|-resisted|p2a: Tinkaton
|-damage|p2a: Tinkaton|86/100
|-enditem|p2a: Tinkaton|Air Balloon
|move|p2a: Tinkaton|Encore|p1a: Iron Treads
|-start|p1a: Iron Treads|Encore
|
|upkeep
|turn|3
|
|t:|1776045628
|-end|p1a: Iron Treads|Quark Drive|[silent]
|switch|p1a: Iron Moth|Iron Moth|100/100
|-enditem|p1a: Iron Moth|Booster Energy
|-activate|p1a: Iron Moth|ability: Quark Drive|[fromitem]
|-start|p1a: Iron Moth|quarkdrivespe
|move|p2a: Tinkaton|Stealth Rock|p1a: Iron Moth
|-sidestart|p1: kaahasahat|move: Stealth Rock
|
|upkeep
|turn|4
|
|t:|1776045631
|switch|p2a: Slowking|Slowking-Galar, M|100/100
|move|p1a: Iron Moth|Substitute|p1a: Iron Moth
|-start|p1a: Iron Moth|Substitute
|-damage|p1a: Iron Moth|76/100
|
|upkeep
|turn|5
|
|t:|1776045633
|move|p1a: Iron Moth|Fiery Dance|p2a: Slowking
|-damage|p2a: Slowking|74/100
|-boost|p1a: Iron Moth|spa|1
|move|p2a: Slowking|Psychic Noise|p1a: Iron Moth
|-supereffective|p1a: Iron Moth
|-damage|p1a: Iron Moth|23/100
|-start|p1a: Iron Moth|move: Heal Block
|
|upkeep
|turn|6
|
|t:|1776045636
|-end|p1a: Iron Moth|Quark Drive|[silent]
|switch|p1a: Iron Treads|Iron Treads|100/100
|-damage|p1a: Iron Treads|97/100|[from] Stealth Rock
|move|p2a: Slowking|Psychic Noise|p1a: Iron Treads
|-resisted|p1a: Iron Treads
|-damage|p1a: Iron Treads|78/100
|-start|p1a: Iron Treads|move: Heal Block
|
|upkeep
|turn|7
|
|t:|1776045639
|switch|p2a: Sinistcha|Sinistcha|100/100
|move|p1a: Iron Treads|Rapid Spin|p2a: Sinistcha
|-immune|p2a: Sinistcha
|
|-end|p1a: Iron Treads|move: Heal Block
|upkeep
|turn|8
|
|t:|1776045654
|move|p1a: Iron Treads|Ice Spinner|p2a: Sinistcha
|-supereffective|p2a: Sinistcha
|-damage|p2a: Sinistcha|64/100
|move|p2a: Sinistcha|Matcha Gotcha|p1a: Iron Treads
|-damage|p1a: Iron Treads|33/100
|-heal|p2a: Sinistcha|85/100|[from] drain|[of] p1a: Iron Treads
|
|upkeep
|turn|9
|j| Shucklepilled
|
|t:|1776045662
|move|p1a: Iron Treads|Ice Spinner|p2a: Sinistcha
|-supereffective|p2a: Sinistcha
|-damage|p2a: Sinistcha|50/100
|move|p2a: Sinistcha|Strength Sap|p1a: Iron Treads
|-unboost|p1a: Iron Treads|atk|1
|-heal|p2a: Sinistcha|100/100
|
|upkeep
|turn|10
|
|t:|1776045681
|-end|p1a: Iron Treads|Quark Drive|[silent]
|switch|p1a: Iron Moth|Iron Moth|23/100
|-damage|p1a: Iron Moth|0 fnt|[from] Stealth Rock
|faint|p1a: Iron Moth
|-end|p1a: Iron Moth|Quark Drive|[silent]
|move|p2a: Sinistcha|Calm Mind|p2a: Sinistcha
|-boost|p2a: Sinistcha|spa|1
|-boost|p2a: Sinistcha|spd|1
|
|upkeep
|
|t:|1776045690
|switch|p1a: Dragonite|Dragonite, F|100/100
|-damage|p1a: Dragonite|76/100|[from] Stealth Rock
|turn|11
|
|t:|1776045694
|move|p1a: Dragonite|Encore|p2a: Sinistcha
|-start|p2a: Sinistcha|Encore
|move|p2a: Sinistcha|Calm Mind|p2a: Sinistcha
|-boost|p2a: Sinistcha|spa|1
|-boost|p2a: Sinistcha|spd|1
|
|upkeep
|turn|12
|j| chillncurry
|
|t:|1776045702
|switch|p2a: Weavile|Weavile, M|100/100
|-ability|p2a: Weavile|Pressure
|move|p1a: Dragonite|Dragon Dance|p1a: Dragonite
|-boost|p1a: Dragonite|atk|1
|-boost|p1a: Dragonite|spe|1
|
|upkeep
|turn|13
|
|t:|1776045732
|-terastallize|p1a: Dragonite|Fire
|move|p2a: Weavile|Ice Shard|p1a: Dragonite
|-resisted|p1a: Dragonite
|-damage|p1a: Dragonite|65/100
|move|p1a: Dragonite|Dragon Dance|p1a: Dragonite
|-boost|p1a: Dragonite|atk|1
|-boost|p1a: Dragonite|spe|1
|
|upkeep
|turn|14
|
|t:|1776045738
|move|p1a: Dragonite|Fire Punch|p2a: Weavile
|-supereffective|p2a: Weavile
|-damage|p2a: Weavile|0 fnt
|faint|p2a: Weavile
|
|upkeep
|
|t:|1776045740
|switch|p2a: Volcanion|Volcanion|100/100
|turn|15
|
|t:|1776045743
|-terastallize|p2a: Volcanion|Fairy
|move|p1a: Dragonite|Scale Shot|p2a: Volcanion
|-immune|p2a: Volcanion
|move|p2a: Volcanion|Steam Eruption|p1a: Dragonite
|-supereffective|p1a: Dragonite
|-damage|p1a: Dragonite|0 fnt
|faint|p1a: Dragonite
|
|upkeep
|
|t:|1776045758
|switch|p1a: Greninja|Greninja, M|100/100
|-damage|p1a: Greninja|88/100|[from] Stealth Rock
|turn|16
|
|t:|1776045766
|move|p1a: Greninja|Dark Pulse|p2a: Volcanion
|-resisted|p2a: Volcanion
|-damage|p2a: Volcanion|76/100
|-damage|p1a: Greninja|78/100|[from] item: Life Orb
|move|p2a: Volcanion|Steam Eruption|p1a: Greninja
|-resisted|p1a: Greninja
|-damage|p1a: Greninja|40/100
|-status|p1a: Greninja|brn
|
|-damage|p1a: Greninja|34/100 brn|[from] brn
|upkeep
|turn|17
|
|t:|1776045772
|move|p1a: Greninja|Dark Pulse|p2a: Volcanion
|-resisted|p2a: Volcanion
|-damage|p2a: Volcanion|54/100
|-damage|p1a: Greninja|24/100 brn|[from] item: Life Orb
|move|p2a: Volcanion|Rest|p2a: Volcanion
|-status|p2a: Volcanion|slp|[from] move: Rest
|-heal|p2a: Volcanion|100/100 slp|[silent]
|
|-damage|p1a: Greninja|18/100 brn|[from] brn
|upkeep
|turn|18
|
|t:|1776045775
|switch|p1a: Serperior|Serperior, F|100/100
|-damage|p1a: Serperior|88/100|[from] Stealth Rock
|cant|p2a: Volcanion|slp
|move|p2a: Volcanion|Sleep Talk|p2a: Volcanion
|move|p2a: Volcanion|Steam Eruption|p1a: Serperior|[from] move: Sleep Talk
|-resisted|p1a: Serperior
|-damage|p1a: Serperior|57/100
|-status|p1a: Serperior|brn
|
|-damage|p1a: Serperior|51/100 brn|[from] brn
|upkeep
|turn|19
|
|t:|1776045781
|switch|p2a: Tinkaton|Tinkaton, F|86/100
|-damage|p2a: Tinkaton|79/100|[from] Stealth Rock
|move|p1a: Serperior|Leaf Storm|p2a: Tinkaton
|-resisted|p2a: Tinkaton
|-damage|p2a: Tinkaton|60/100
|-boost|p1a: Serperior|spa|2
|
|-damage|p1a: Serperior|44/100 brn|[from] brn
|upkeep
|turn|20
|
|t:|1776045786
|move|p1a: Serperior|Leaf Storm|p2a: Tinkaton
|-resisted|p2a: Tinkaton
|-damage|p2a: Tinkaton|21/100
|-boost|p1a: Serperior|spa|2
|move|p2a: Tinkaton|Gigaton Hammer|p1a: Serperior
|-damage|p1a: Serperior|0 fnt
|faint|p1a: Serperior
|
|upkeep
|-message|kaahasahat forfeited.
|
|win|untilting1877
|raw|kaahasahat's rating: 1648 &rarr; <strong>1625</strong><br />(-23 for losing)
|raw|untilting1877's rating: 1594 &rarr; <strong>1617</strong><br />(+23 for winning)
|l|☆kaahasahat
|player|p1|
|l|☆untilting1877
|player|p2|
|l| chillncurry
