|html|<div class="broadcast-blue"><strong>[Gen 9] OU is currently suspecting Tera Blast! For information on how to participate check out the <a href="https://www.smogon.com/tools/suspects/view/200">suspect thread</a>.</strong></div>
|j|☆grfhrvy
|j|☆breloomassassin
|t:|1776324646
|gametype|singles
|player|p1|grfhrvy|psychic-gen4|1324
|player|p2|breloomassassin|1|1400
|gen|9
|tier|[Gen 9] OU
|rated|
|rule|HP Percentage Mod: HP is shown in percentages
|rule|Endless Battle Clause: Forcing endless battles is banned
|rule|Species Clause: Limit one of each Pokémon
|rule|OHKO Clause: OHKO moves are banned
|rule|Evasion Items Clause: Evasion items are banned
|rule|Evasion Moves Clause: Evasion moves are banned
|rule|Evasion Abilities Clause: Evasion abilities are banned
|rule|Sleep Moves Clause: Sleep-inducing moves are banned
|clearpoke
|poke|p1|Hoopa-Unbound|
|poke|p1|Whimsicott, M|
|poke|p1|Great Tusk|
|poke|p1|Tornadus-Therian, M|
|poke|p1|Kingambit, F|
|poke|p1|Arcanine-Hisui, F|
|poke|p2|Tornadus-Therian, M|
|poke|p2|Kyurem|
|poke|p2|Hatterene, F|
|poke|p2|Great Tusk|
|poke|p2|Cinderace, F|
|poke|p2|Kingambit, F|
|teampreview
|inactive|Battle timer is ON: inactive players will automatically lose when time's up. (requested by breloomassassin)
|inactive|grfhrvy also wants the timer to be on.
|
|t:|1776324655
|teamsize|p1|6
|teamsize|p2|6
|start
|switch|p1a: Tornadus|Tornadus-Therian, M|100/100
|switch|p2a: Tornadus|Tornadus-Therian, M|100/100
|turn|1
|
|t:|1776324667
|switch|p1a: Arcanine|Arcanine-Hisui, F|100/100
|move|p2a: Tornadus|Knock Off|p1a: Arcanine
|-damage|p1a: Arcanine|76/100
|-enditem|p1a: Arcanine|Choice Band|[from] move: Knock Off|[of] p2a: Tornadus
|
|upkeep
|turn|2
|
|t:|1776324670
|move|p2a: Tornadus|U-turn|p1a: Arcanine
|-resisted|p1a: Arcanine
|-damage|p1a: Arcanine|67/100
|
|t:|1776324673
|switch|p2a: Hatterene|Hatterene, F|100/100|[from] U-turn
|move|p1a: Arcanine|Head Smash|p2a: Hatterene|[miss]
|-miss|p1a: Arcanine|p2a: Hatterene
|
|upkeep
|turn|3
|
|t:|1776324681
|move|p1a: Arcanine|Head Smash|p2a: Hatterene|[miss]
|-miss|p1a: Arcanine|p2a: Hatterene
|move|p2a: Hatterene|Nuzzle|p1a: Arcanine
|-damage|p1a: Arcanine|62/100
|-status|p1a: Arcanine|par
|
|upkeep
|turn|4
|c|☆breloomassassin|mb
|
|t:|1776324691
|move|p1a: Arcanine|Head Smash|p2a: Hatterene
|-damage|p2a: Hatterene|33/100
|move|p2a: Hatterene|Psychic Noise|p1a: Arcanine
|-damage|p1a: Arcanine|19/100 par
|-start|p1a: Arcanine|move: Heal Block
|
|-heal|p2a: Hatterene|39/100|[from] item: Leftovers
|upkeep
|turn|5
|
|t:|1776324699
|switch|p2a: Great Tusk|Great Tusk|100/100
|cant|p1a: Arcanine|par
|
|-end|p1a: Arcanine|move: Heal Block
|upkeep
|turn|6
|
|t:|1776324709
|cant|p1a: Arcanine|par
|move|p2a: Great Tusk|Stealth Rock|p1a: Arcanine
|-sidestart|p1: grfhrvy|move: Stealth Rock
|
|upkeep
|turn|7
|c|☆breloomassassin|mb
|
|t:|1776324714
|move|p1a: Arcanine|Extreme Speed|p2a: Great Tusk
|-crit|p2a: Great Tusk
|-damage|p2a: Great Tusk|74/100
|-damage|p1a: Arcanine|2/100 par|[from] item: Rocky Helmet|[of] p2a: Great Tusk
|move|p2a: Great Tusk|Headlong Rush|p1a: Arcanine
|-supereffective|p1a: Arcanine
|-damage|p1a: Arcanine|0 fnt
|-unboost|p2a: Great Tusk|def|1
|-unboost|p2a: Great Tusk|spd|1
|faint|p1a: Arcanine
|
|upkeep
|
|t:|1776324723
|switch|p1a: Tornadus|Tornadus-Therian, M|100/100
|-damage|p1a: Tornadus|76/100|[from] Stealth Rock
|turn|8
|
|t:|1776324729
|-end|p2a: Great Tusk|Protosynthesis|[silent]
|switch|p2a: Tornadus|Tornadus-Therian, M|100/100
|move|p1a: Tornadus|Tailwind|p1a: Tornadus
|-sidestart|p1: grfhrvy|move: Tailwind
|
|upkeep
|turn|9
|
|t:|1776324736
|move|p1a: Tornadus|U-turn|p2a: Tornadus
|-resisted|p2a: Tornadus
|-damage|p2a: Tornadus|92/100
|
|t:|1776324741
|switch|p1a: Hoopa|Hoopa-Unbound|100/100|[from] U-turn
|-damage|p1a: Hoopa|88/100|[from] Stealth Rock
|move|p2a: Tornadus|U-turn|p1a: Hoopa
|-supereffective|p1a: Hoopa
|-damage|p1a: Hoopa|0 fnt
|faint|p1a: Hoopa
|-message|grfhrvy forfeited.
|
|win|breloomassassin
|raw|grfhrvy's rating: 1324 &rarr; <strong>1308</strong><br />(-16 for losing)
|raw|breloomassassin's rating: 1400 &rarr; <strong>1416</strong><br />(+16 for winning)
|l|☆grfhrvy
|player|p1|
