|html|<div class="broadcast-blue"><strong>[Gen 9] OU is currently suspecting Tera Blast! For information on how to participate check out the <a href="https://www.smogon.com/tools/suspects/view/200">suspect thread</a>.</strong></div>
|j|☆jesuspunto
|j|☆Jadonia
|t:|1776078765
|gametype|singles
|player|p1|jesuspunto|170|1196
|player|p2|Jadonia|2|1241
|gen|9
|tier|[Gen 9] OU
|rated|
|rule|HP Percentage Mod: HP is shown in percentages
|rule|Endless Battle Clause: Forcing endless battles is banned
|rule|Species Clause: Limit one of each Pokémon
|rule|OHKO Clause: OHKO moves are banned
|rule|Evasion Items Clause: Evasion items are banned
|rule|Evasion Moves Clause: Evasion moves are banned
|rule|Evasion Abilities Clause: Evasion abilities are banned
|rule|Sleep Moves Clause: Sleep-inducing moves are banned
|clearpoke
|poke|p1|Glimmora, M|
|poke|p1|Vaporeon, M|
|poke|p1|Malamar, F|
|poke|p1|Snorlax, F|
|poke|p1|Kingambit, F|
|poke|p1|Haxorus, M|
|poke|p2|Araquanid, M|
|poke|p2|Ogerpon-Wellspring, F|
|poke|p2|Dragapult, M|
|poke|p2|Great Tusk|
|poke|p2|Iron Valiant|
|poke|p2|Kingambit, F|
|teampreview
|j| ohko_smeargle
|
|t:|1776078779
|teamsize|p1|6
|teamsize|p2|6
|start
|switch|p1a: Glimmora|Glimmora, M|100/100
|switch|p2a: Araquanid|Araquanid, M|100/100
|turn|1
|
|t:|1776078787
|move|p1a: Glimmora|Power Gem|p2a: Araquanid
|-supereffective|p2a: Araquanid
|-damage|p2a: Araquanid|37/100
|move|p2a: Araquanid|Surf|p1a: Glimmora
|-supereffective|p1a: Glimmora
|-damage|p1a: Glimmora|5/100
|
|upkeep
|turn|2
|
|t:|1776078792
|move|p1a: Glimmora|Power Gem|p2a: Araquanid
|-supereffective|p2a: Araquanid
|-damage|p2a: Araquanid|0 fnt
|faint|p2a: Araquanid
|
|upkeep
|
|t:|1776078797
|switch|p2a: Dragapult|Dragapult, M|100/100
|turn|3
|
|t:|1776078800
|move|p2a: Dragapult|Shadow Ball|p1a: Glimmora
|-damage|p1a: Glimmora|0 fnt
|faint|p1a: Glimmora
|
|upkeep
|
|t:|1776078805
|switch|p1a: Malamar|Malamar, F|100/100
|turn|4
|
|t:|1776078813
|switch|p2a: Ogerpon|Ogerpon-Wellspring, F|100/100
|move|p1a: Malamar|Knock Off|p2a: Ogerpon
|-damage|p2a: Ogerpon|70/100
|
|upkeep
|turn|5
|
|t:|1776078821
|move|p2a: Ogerpon|U-turn|p1a: Malamar
|-supereffective|p1a: Malamar
|-damage|p1a: Malamar|0 fnt
|faint|p1a: Malamar
|
|t:|1776078826
|switch|p2a: Dragapult|Dragapult, M|100/100|[from] U-turn
|
|upkeep
|
|t:|1776078830
|switch|p1a: Kingambit|Kingambit, F, shiny|100/100
|-activate|p1a: Kingambit|ability: Supreme Overlord
|-start|p1a: Kingambit|fallen2|[silent]
|turn|6
|
|t:|1776078837
|move|p1a: Kingambit|Sucker Punch|p2a: Dragapult
|-supereffective|p2a: Dragapult
|-damage|p2a: Dragapult|0 fnt
|faint|p2a: Dragapult
|
|upkeep
|
|t:|1776078841
|switch|p2a: Great Tusk|Great Tusk|100/100
|-enditem|p2a: Great Tusk|Booster Energy
|-activate|p2a: Great Tusk|ability: Protosynthesis|[fromitem]
|-start|p2a: Great Tusk|protosynthesisatk
|turn|7
|
|t:|1776078851
|-end|p1a: Kingambit|fallen2|[silent]
|switch|p1a: Vaporeon|Vaporeon, M|100/100
|move|p2a: Great Tusk|Earthquake|p1a: Vaporeon
|-damage|p1a: Vaporeon|44/100
|
|-heal|p1a: Vaporeon|50/100|[from] item: Leftovers
|upkeep
|turn|8
|
|t:|1776078857
|move|p1a: Vaporeon|Protect|p1a: Vaporeon
|-singleturn|p1a: Vaporeon|Protect
|move|p2a: Great Tusk|Earthquake|p1a: Vaporeon
|-activate|p1a: Vaporeon|move: Protect
|
|-heal|p1a: Vaporeon|56/100|[from] item: Leftovers
|upkeep
|turn|9
|
|t:|1776078861
|move|p2a: Great Tusk|Earthquake|p1a: Vaporeon
|-damage|p1a: Vaporeon|4/100
|move|p1a: Vaporeon|Wish|p1a: Vaporeon
|
|-heal|p1a: Vaporeon|10/100|[from] item: Leftovers
|upkeep
|turn|10
|
|t:|1776078865
|move|p1a: Vaporeon|Protect|p1a: Vaporeon
|-singleturn|p1a: Vaporeon|Protect
|move|p2a: Great Tusk|Bulk Up|p2a: Great Tusk
|-boost|p2a: Great Tusk|atk|1
|-boost|p2a: Great Tusk|def|1
|
|-heal|p1a: Vaporeon|60/100|[from] move: Wish|[wisher] Vaporeon
|-heal|p1a: Vaporeon|66/100|[from] item: Leftovers
|upkeep
|turn|11
|
|t:|1776078869
|move|p2a: Great Tusk|Earthquake|p1a: Vaporeon
|-damage|p1a: Vaporeon|0 fnt
|faint|p1a: Vaporeon
|
|upkeep
|
|t:|1776078873
|switch|p1a: Haxorus|Haxorus, M|100/100
|turn|12
|
|t:|1776078877
|move|p1a: Haxorus|Swords Dance|p1a: Haxorus
|-boost|p1a: Haxorus|atk|2
|move|p2a: Great Tusk|Ice Spinner|p1a: Haxorus
|-supereffective|p1a: Haxorus
|-damage|p1a: Haxorus|0 fnt
|faint|p1a: Haxorus
|
|upkeep
|
|t:|1776078884
|switch|p1a: Snorlax|Snorlax, F|100/100
|turn|13
|
|t:|1776078891
|move|p2a: Great Tusk|Earthquake|p1a: Snorlax
|-damage|p1a: Snorlax|0 fnt
|faint|p1a: Snorlax
|
|upkeep
|
|t:|1776078894
|switch|p1a: Kingambit|Kingambit, F, shiny|100/100
|-activate|p1a: Kingambit|ability: Supreme Overlord
|-start|p1a: Kingambit|fallen5|[silent]
|turn|14
|
|t:|1776078897
|-terastallize|p1a: Kingambit|Dark
|move|p2a: Great Tusk|Earthquake|p1a: Kingambit
|-damage|p1a: Kingambit|6/100
|move|p1a: Kingambit|Swords Dance|p1a: Kingambit
|-boost|p1a: Kingambit|atk|2
|
|upkeep
|turn|15
|
|t:|1776078904
|move|p1a: Kingambit|Sucker Punch|p2a: Great Tusk
|-resisted|p2a: Great Tusk
|-damage|p2a: Great Tusk|62/100
|move|p2a: Great Tusk|Earthquake|p1a: Kingambit
|-damage|p1a: Kingambit|0 fnt
|faint|p1a: Kingambit
|-end|p1a: Kingambit|fallen5|[silent]
|
|win|Jadonia
|raw|jesuspunto's rating: 1196 &rarr; <strong>1174</strong><br />(-22 for losing)
|raw|Jadonia's rating: 1241 &rarr; <strong>1263</strong><br />(+22 for winning)
|l| ohko_smeargle
|l|☆jesuspunto
|player|p1|
|l|☆Jadonia
|player|p2|
