|html|<div class="broadcast-blue"><strong>[Gen 9] OU is currently suspecting Tera Blast! For information on how to participate check out the <a href="https://www.smogon.com/tools/suspects/view/200">suspect thread</a>.</strong></div>
|j|☆Hybbridd
|j|☆hiyiniha
|t:|1776125158
|gametype|singles
|player|p1|Hybbridd|lucas-gen4pt|1608
|player|p2|hiyiniha|101|1606
|gen|9
|tier|[Gen 9] OU
|rated|
|rule|HP Percentage Mod: HP is shown in percentages
|rule|Endless Battle Clause: Forcing endless battles is banned
|rule|Species Clause: Limit one of each Pokémon
|rule|OHKO Clause: OHKO moves are banned
|rule|Evasion Items Clause: Evasion items are banned
|rule|Evasion Moves Clause: Evasion moves are banned
|rule|Evasion Abilities Clause: Evasion abilities are banned
|rule|Sleep Moves Clause: Sleep-inducing moves are banned
|clearpoke
|poke|p1|Landorus-Therian, M|
|poke|p1|Samurott-Hisui, M|
|poke|p1|Pecharunt|
|poke|p1|Scizor, F|
|poke|p1|Latios, M|
|poke|p1|Zamazenta-*|
|poke|p2|Iron Hands|
|poke|p2|Glimmora, M|
|poke|p2|Landorus-Therian, M|
|poke|p2|Dragapult, F|
|poke|p2|Primarina, M|
|poke|p2|Kingambit, F|
|teampreview
|
|t:|1776125179
|teamsize|p1|6
|teamsize|p2|6
|start
|switch|p1a: Landorus|Landorus-Therian, M|100/100
|switch|p2a: Primarina|Primarina, M|100/100
|-ability|p1a: Landorus|Intimidate|boost
|-unboost|p2a: Primarina|atk|1
|turn|1
|
|t:|1776125186
|move|p1a: Landorus|U-turn|p2a: Primarina
|-resisted|p2a: Primarina
|-damage|p2a: Primarina|89/100
|
|t:|1776125196
|switch|p1a: Pecharunt|Pecharunt|100/100|[from] U-turn
|move|p2a: Primarina|Flip Turn|p1a: Pecharunt
|-damage|p1a: Pecharunt|95/100
|
|t:|1776125224
|switch|p2a: Landorus|Landorus-Therian, M|100/100|[from] Flip Turn
|-ability|p2a: Landorus|Intimidate|boost
|-unboost|p1a: Pecharunt|atk|1
|
|upkeep
|turn|2
|
|t:|1776125227
|switch|p1a: Landorus|Landorus-Therian, M|100/100
|-ability|p1a: Landorus|Intimidate|boost
|-unboost|p2a: Landorus|atk|1
|move|p2a: Landorus|Stealth Rock|p1a: Landorus
|-sidestart|p1: Hybbridd|move: Stealth Rock
|
|upkeep
|turn|3
|
|t:|1776125230
|move|p1a: Landorus|Stealth Rock|p2a: Landorus
|-sidestart|p2: hiyiniha|move: Stealth Rock
|move|p2a: Landorus|U-turn|p1a: Landorus
|-resisted|p1a: Landorus
|-damage|p1a: Landorus|94/100
|-damage|p2a: Landorus|84/100|[from] item: Rocky Helmet|[of] p1a: Landorus
|
|t:|1776125261
|switch|p2a: Primarina|Primarina, M|89/100|[from] U-turn
|-damage|p2a: Primarina|77/100|[from] Stealth Rock
|
|upkeep
|turn|4
|
|t:|1776125265
|move|p1a: Landorus|Earthquake|p2a: Primarina
|-damage|p2a: Primarina|26/100
|move|p2a: Primarina|Flip Turn|p1a: Landorus
|-supereffective|p1a: Landorus
|-damage|p1a: Landorus|67/100
|-damage|p2a: Primarina|9/100|[from] item: Rocky Helmet|[of] p1a: Landorus
|
|t:|1776125276
|switch|p2a: Dragapult|Dragapult, F|100/100|[from] Flip Turn
|-damage|p2a: Dragapult|88/100|[from] Stealth Rock
|
|upkeep
|turn|5
|
|t:|1776125287
|move|p2a: Dragapult|Dragon Darts|p1a: Landorus
|-damage|p1a: Landorus|31/100
|-anim|p2a: Dragapult|Dragon Darts|p1a: Landorus
|-damage|p1a: Landorus|0 fnt
|faint|p1a: Landorus
|
|upkeep
|
|t:|1776125292
|switch|p1a: Scizor|Scizor, F|100/100
|turn|6
|
|t:|1776125297
|switch|p2a: Primarina|Primarina, M|9/100
|-damage|p2a: Primarina|0 fnt|[from] Stealth Rock
|faint|p2a: Primarina
|move|p1a: Scizor|Swords Dance|p1a: Scizor
|-boost|p1a: Scizor|atk|2
|
|upkeep
|
|t:|1776125339
|switch|p2a: Iron Hands|Iron Hands|100/100
|-damage|p2a: Iron Hands|94/100|[from] Stealth Rock
|-enditem|p2a: Iron Hands|Booster Energy
|-activate|p2a: Iron Hands|ability: Quark Drive|[fromitem]
|-start|p2a: Iron Hands|quarkdriveatk
|turn|7
|
|t:|1776125354
|switch|p1a: Pecharunt|Pecharunt|95/100
|move|p2a: Iron Hands|Close Combat|p1a: Pecharunt
|-immune|p1a: Pecharunt
|
|upkeep
|turn|8
|
|t:|1776125362
|-end|p2a: Iron Hands|Quark Drive|[silent]
|switch|p2a: Glimmora|Glimmora, M|100/100
|-damage|p2a: Glimmora|88/100|[from] Stealth Rock
|move|p1a: Pecharunt|Malignant Chain|p2a: Glimmora
|-resisted|p2a: Glimmora
|-damage|p2a: Glimmora|78/100
|
|upkeep
|turn|9
|
|t:|1776125393
|move|p2a: Glimmora|Mortal Spin|p1a: Pecharunt
|-resisted|p1a: Pecharunt
|-damage|p1a: Pecharunt|94/100
|-sideend|p2: hiyiniha|Stealth Rock|[from] move: Mortal Spin|[of] p2a: Glimmora
|move|p1a: Pecharunt|Parting Shot|p2a: Glimmora
|-unboost|p2a: Glimmora|atk|1
|-unboost|p2a: Glimmora|spa|1
|c|☆Hybbridd|You’re a freak for scarfed glim lol
|inactive|Battle timer is ON: inactive players will automatically lose when time's up. (requested by hiyiniha)
|
|t:|1776125416
|switch|p1a: Scizor|Scizor, F|100/100|[from] Parting Shot
|
|upkeep
|turn|10
|
|t:|1776125420
|switch|p2a: Iron Hands|Iron Hands|94/100
|move|p1a: Scizor|Knock Off|p2a: Iron Hands
|-resisted|p2a: Iron Hands
|-damage|p2a: Iron Hands|87/100
|
|upkeep
|turn|11
|
|t:|1776125428
|switch|p1a: Zamazenta|Zamazenta|100/100
|-damage|p1a: Zamazenta|94/100|[from] Stealth Rock
|-ability|p1a: Zamazenta|Dauntless Shield|boost
|-boost|p1a: Zamazenta|def|1
|move|p2a: Iron Hands|Supercell Slam|p1a: Zamazenta
|-damage|p1a: Zamazenta|66/100
|
|-heal|p1a: Zamazenta|72/100|[from] item: Leftovers
|upkeep
|turn|12
|
|t:|1776125457
|-end|p2a: Iron Hands|Quark Drive|[silent]
|switch|p2a: Landorus|Landorus-Therian, M|84/100
|-ability|p2a: Landorus|Intimidate|boost
|-unboost|p1a: Zamazenta|atk|1
|move|p1a: Zamazenta|Iron Defense|p1a: Zamazenta
|-boost|p1a: Zamazenta|def|2
|
|-heal|p1a: Zamazenta|78/100|[from] item: Leftovers
|upkeep
|turn|13
|
|t:|1776125466
|move|p1a: Zamazenta|Body Press|p2a: Landorus
|-resisted|p2a: Landorus
|-damage|p2a: Landorus|38/100
|-damage|p1a: Zamazenta|61/100|[from] item: Rocky Helmet|[of] p2a: Landorus
|move|p2a: Landorus|Rock Tomb|p1a: Zamazenta
|-resisted|p1a: Zamazenta
|-damage|p1a: Zamazenta|59/100
|-unboost|p1a: Zamazenta|spe|1
|
|-heal|p1a: Zamazenta|65/100|[from] item: Leftovers
|upkeep
|turn|14
|
|t:|1776125474
|move|p2a: Landorus|Earth Power|p1a: Zamazenta
|-damage|p1a: Zamazenta|37/100
|move|p1a: Zamazenta|Body Press|p2a: Landorus
|-resisted|p2a: Landorus
|-damage|p2a: Landorus|0 fnt
|-damage|p1a: Zamazenta|21/100|[from] item: Rocky Helmet|[of] p2a: Landorus
|faint|p2a: Landorus
|
|-heal|p1a: Zamazenta|27/100|[from] item: Leftovers
|upkeep
|
|t:|1776125498
|switch|p2a: Glimmora|Glimmora, M|78/100
|turn|15
|inactive|hiyiniha has 120 seconds left.
|j| Nyrkry
|inactive|Hybbridd has 120 seconds left.
|
|t:|1776125537
|switch|p1a: Samurott|Samurott-Hisui, M|100/100
|-damage|p1a: Samurott|88/100|[from] Stealth Rock
|move|p2a: Glimmora|Earth Power|p1a: Samurott
|-damage|p1a: Samurott|57/100
|
|upkeep
|turn|16
|
|t:|1776125548
|switch|p2a: Iron Hands|Iron Hands|87/100
|move|p1a: Samurott|Ceaseless Edge|p2a: Iron Hands
|-resisted|p2a: Iron Hands
|-damage|p2a: Iron Hands|69/100
|-sidestart|p2: hiyiniha|Spikes
|
|upkeep
|turn|17
|inactive|Hybbridd has 120 seconds left.
|
|t:|1776125576
|switch|p1a: Pecharunt|Pecharunt|94/100
|move|p2a: Iron Hands|Supercell Slam|p1a: Pecharunt
|-damage|p1a: Pecharunt|57/100
|
|upkeep
|turn|18
|
|t:|1776125582
|move|p1a: Pecharunt|Parting Shot|p2a: Iron Hands
|-unboost|p2a: Iron Hands|atk|1
|-unboost|p2a: Iron Hands|spa|1
|
|t:|1776125587
|switch|p1a: Samurott|Samurott-Hisui, M|57/100|[from] Parting Shot
|-damage|p1a: Samurott|45/100|[from] Stealth Rock
|move|p2a: Iron Hands|Earthquake|p1a: Samurott
|-damage|p1a: Samurott|11/100
|
|upkeep
|turn|19
|
|t:|1776125596
|move|p1a: Samurott|Razor Shell|p2a: Iron Hands
|-damage|p2a: Iron Hands|28/100
|move|p2a: Iron Hands|Supercell Slam|p1a: Samurott
|-supereffective|p1a: Samurott
|-damage|p1a: Samurott|0 fnt
|faint|p1a: Samurott
|
|upkeep
|
|t:|1776125606
|switch|p1a: Latios|Latios, M|100/100
|-damage|p1a: Latios|88/100|[from] Stealth Rock
|turn|20
|
|t:|1776125611
|move|p1a: Latios|Psychic Noise|p2a: Iron Hands
|-supereffective|p2a: Iron Hands
|-damage|p2a: Iron Hands|0 fnt
|faint|p2a: Iron Hands
|-end|p2a: Iron Hands|Quark Drive|[silent]
|
|upkeep
|inactive|hiyiniha has 120 seconds left.
|
|t:|1776125639
|switch|p2a: Dragapult|Dragapult, F|88/100
|-damage|p2a: Dragapult|76/100|[from] Spikes
|turn|21
|inactive|hiyiniha has 120 seconds left.
|
|t:|1776125647
|switch|p1a: Pecharunt|Pecharunt|57/100
|-terastallize|p2a: Dragapult|Ghost
|move|p2a: Dragapult|Tera Blast|p1a: Pecharunt|[anim] Tera Blast Ghost
|-supereffective|p1a: Pecharunt
|-damage|p1a: Pecharunt|0 fnt
|faint|p1a: Pecharunt
|
|upkeep
|
|t:|1776125654
|switch|p1a: Scizor|Scizor, F|100/100
|turn|22
|
|t:|1776125668
|move|p2a: Dragapult|Tera Blast|p1a: Scizor|[anim] Tera Blast Ghost
|-damage|p1a: Scizor|0 fnt
|faint|p1a: Scizor
|
|upkeep
|-message|Hybbridd forfeited.
|
|win|hiyiniha
|raw|Hybbridd's rating: 1587 &rarr; <strong>1568</strong><br />(-19 for losing)
|raw|hiyiniha's rating: 1606 &rarr; <strong>1625</strong><br />(+19 for winning)
|l|☆Hybbridd
|player|p1|
