|html|<div class="broadcast-blue"><strong>[Gen 9] OU is currently suspecting Tera Blast! For information on how to participate check out the <a href="https://www.smogon.com/tools/suspects/view/200">suspect thread</a>.</strong></div>
|j|☆meretategol
|j|☆forsakenlog
|t:|1776070780
|gametype|singles
|player|p1|meretategol|hilbert|1144
|player|p2|forsakenlog|1|1232
|gen|9
|tier|[Gen 9] OU
|rated|
|rule|HP Percentage Mod: HP is shown in percentages
|rule|Endless Battle Clause: Forcing endless battles is banned
|rule|Species Clause: Limit one of each Pokémon
|rule|OHKO Clause: OHKO moves are banned
|rule|Evasion Items Clause: Evasion items are banned
|rule|Evasion Moves Clause: Evasion moves are banned
|rule|Evasion Abilities Clause: Evasion abilities are banned
|rule|Sleep Moves Clause: Sleep-inducing moves are banned
|clearpoke
|poke|p1|Blaziken, M|
|poke|p1|Raging Bolt|
|poke|p1|Kingambit, F|
|poke|p1|Iron Valiant|
|poke|p1|Dondozo, M|
|poke|p1|Gliscor, M|
|poke|p2|Ogerpon-Wellspring, F|
|poke|p2|Gliscor, M|
|poke|p2|Kingambit, M|
|poke|p2|Glimmora, M|
|poke|p2|Gholdengo|
|poke|p2|Slowking-Galar, M|
|teampreview
|inactive|Battle timer is ON: inactive players will automatically lose when time's up. (requested by forsakenlog)
|
|t:|1776070796
|teamsize|p1|6
|teamsize|p2|6
|start
|switch|p1a: Goatken|Blaziken, M|100/100
|switch|p2a: Glimmora|Glimmora, M|100/100
|turn|1
|
|t:|1776070806
|switch|p1a: Dondosweep|Dondozo, M|100/100
|move|p2a: Glimmora|Stealth Rock|p1a: Dondosweep
|-sidestart|p1: meretategol|move: Stealth Rock
|
|upkeep
|turn|2
|
|t:|1776070817
|switch|p2a: Ogerpon|Ogerpon-Wellspring, F|100/100
|move|p1a: Dondosweep|Curse|p1a: Dondosweep
|-unboost|p1a: Dondosweep|spe|1
|-boost|p1a: Dondosweep|atk|1
|-boost|p1a: Dondosweep|def|1
|
|upkeep
|turn|3
|
|t:|1776070829
|switch|p1a: Raging goat|Raging Bolt|100/100
|-damage|p1a: Raging goat|88/100|[from] Stealth Rock
|-enditem|p1a: Raging goat|Booster Energy
|-activate|p1a: Raging goat|ability: Protosynthesis|[fromitem]
|-start|p1a: Raging goat|protosynthesisspa
|move|p2a: Ogerpon|Taunt|p1a: Raging goat
|-start|p1a: Raging goat|move: Taunt
|
|upkeep
|turn|4
|
|t:|1776070844
|switch|p2a: Gliscor|Gliscor, M|100/100
|move|p1a: Raging goat|Thunder|p2a: Gliscor
|-immune|p2a: Gliscor
|
|-status|p2a: Gliscor|tox|[from] item: Toxic Orb
|upkeep
|turn|5
|
|t:|1776070858
|-end|p1a: Raging goat|Protosynthesis|[silent]
|switch|p1a: Gliscgoat|Gliscor, M|100/100
|-damage|p1a: Gliscgoat|88/100|[from] Stealth Rock
|move|p2a: Gliscor|Protect||[still]
|-fail|p2a: Gliscor
|
|-status|p1a: Gliscgoat|tox|[from] item: Toxic Orb
|upkeep
|turn|6
|
|t:|1776070870
|switch|p2a: Glimmora|Glimmora, M|100/100
|move|p1a: Gliscgoat|Knock Off|p2a: Glimmora
|-damage|p2a: Glimmora|72/100
|-activate|p2a: Glimmora|ability: Toxic Debris
|-sidestart|p1: meretategol|move: Toxic Spikes
|-enditem|p2a: Glimmora|Focus Sash|[from] move: Knock Off|[of] p1a: Gliscgoat
|
|-heal|p1a: Gliscgoat|100/100 tox|[from] ability: Poison Heal
|upkeep
|turn|7
|
|t:|1776070882
|move|p2a: Glimmora|Power Gem|p1a: Gliscgoat
|-damage|p1a: Gliscgoat|33/100 tox
|move|p1a: Gliscgoat|Earthquake|p2a: Glimmora
|-supereffective|p2a: Glimmora
|-damage|p2a: Glimmora|0 fnt
|-activate|p2a: Glimmora|ability: Toxic Debris
|-sidestart|p1: meretategol|move: Toxic Spikes
|faint|p2a: Glimmora
|
|-heal|p1a: Gliscgoat|46/100 tox|[from] ability: Poison Heal
|upkeep
|
|t:|1776070888
|switch|p2a: Ogerpon|Ogerpon-Wellspring, F|100/100
|turn|8
|
|t:|1776070903
|-terastallize|p1a: Gliscgoat|Fighting
|move|p2a: Ogerpon|Ivy Cudgel|p1a: Gliscgoat|[anim] Ivy Cudgel Water
|-damage|p1a: Gliscgoat|0 fnt
|faint|p1a: Gliscgoat
|
|upkeep
|
|t:|1776070915
|switch|p1a: Raging goat|Raging Bolt|88/100
|-damage|p1a: Raging goat|76/100|[from] Stealth Rock
|-status|p1a: Raging goat|tox
|turn|9
|
|t:|1776070927
|switch|p2a: Slowking|Slowking-Galar, M|100/100
|move|p1a: Raging goat|Draco Meteor|p2a: Slowking
|-crit|p2a: Slowking
|-damage|p2a: Slowking|39/100
|-unboost|p1a: Raging goat|spa|2
|
|-damage|p1a: Raging goat|70/100 tox|[from] psn
|upkeep
|turn|10
|
|t:|1776070939
|move|p1a: Raging goat|Volt Switch|p2a: Slowking
|-crit|p2a: Slowking
|-damage|p2a: Slowking|4/100
|
|t:|1776070946
|-end|p1a: Raging goat|Protosynthesis|[silent]
|switch|p1a: Dondosweep|Dondozo, M|100/100|[from] Volt Switch
|-damage|p1a: Dondosweep|88/100|[from] Stealth Rock
|-status|p1a: Dondosweep|tox
|-prepare|p2a: Slowking|Chilly Reception|[premajor]
|move|p2a: Slowking|Chilly Reception|p2a: Slowking
|-weather|Snowscape
|c|☆forsakenlog|2 CTs
|c|☆forsakenlog|U R so lucky
|
|t:|1776070957
|switch|p2a: Ogerpon|Ogerpon-Wellspring, F|100/100|[from] Chilly Reception
|
|-weather|Snowscape|[upkeep]
|-heal|p1a: Dondosweep|94/100 tox|[from] item: Leftovers
|-damage|p1a: Dondosweep|88/100 tox|[from] psn
|upkeep
|turn|11
|
|t:|1776070970
|switch|p1a: Raging goat|Raging Bolt|70/100 tox
|-damage|p1a: Raging goat|57/100 tox|[from] Stealth Rock
|move|p2a: Ogerpon|Ivy Cudgel|p1a: Raging goat|[anim] Ivy Cudgel Water
|-resisted|p1a: Raging goat
|-damage|p1a: Raging goat|30/100 tox
|
|-weather|Snowscape|[upkeep]
|-damage|p1a: Raging goat|24/100 tox|[from] psn
|upkeep
|turn|12
|
|t:|1776070981
|move|p2a: Ogerpon|Ivy Cudgel|p1a: Raging goat|[anim] Ivy Cudgel Water
|-resisted|p1a: Raging goat
|-damage|p1a: Raging goat|0 fnt
|faint|p1a: Raging goat
|-end|p1a: Raging goat|Protosynthesis|[silent]
|
|-weather|Snowscape|[upkeep]
|upkeep
|inactive|meretategol has 120 seconds left.
|
|t:|1776071003
|switch|p1a: Iron goat|Iron Valiant|100/100
|-damage|p1a: Iron goat|94/100|[from] Stealth Rock
|-status|p1a: Iron goat|tox
|-enditem|p1a: Iron goat|Booster Energy
|-activate|p1a: Iron goat|ability: Quark Drive|[fromitem]
|-start|p1a: Iron goat|quarkdrivespe
|turn|13
|inactive|meretategol has 120 seconds left.
|
|t:|1776071016
|switch|p2a: Slowking|Slowking-Galar, M|38/100
|move|p1a: Iron goat|Knock Off|p2a: Slowking
|-supereffective|p2a: Slowking
|-damage|p2a: Slowking|0 fnt
|-enditem|p2a: Slowking|Heavy-Duty Boots|[from] move: Knock Off|[of] p1a: Iron goat
|faint|p2a: Slowking
|
|-weather|Snowscape|[upkeep]
|-damage|p1a: Iron goat|88/100 tox|[from] psn
|upkeep
|
|t:|1776071020
|switch|p2a: Gholdengo|Gholdengo|100/100
|-item|p2a: Gholdengo|Air Balloon
|turn|14
|inactive|meretategol has 120 seconds left.
|
|t:|1776071043
|-terastallize|p2a: Gholdengo|Fairy
|move|p1a: Iron goat|Knock Off|p2a: Gholdengo
|-resisted|p2a: Gholdengo
|-damage|p2a: Gholdengo|81/100
|-enditem|p2a: Gholdengo|Air Balloon
|move|p2a: Gholdengo|Make It Rain|p1a: Iron goat
|-supereffective|p1a: Iron goat
|-damage|p1a: Iron goat|0 fnt
|-unboost|p2a: Gholdengo|spa|1
|faint|p1a: Iron goat
|-end|p1a: Iron goat|Quark Drive|[silent]
|
|-weather|none
|upkeep
|
|t:|1776071063
|switch|p1a: Kingambum|Kingambit, F|100/100
|-damage|p1a: Kingambum|94/100|[from] Stealth Rock
|-activate|p1a: Kingambum|ability: Supreme Overlord
|-start|p1a: Kingambum|fallen3|[silent]
|turn|15
|
|t:|1776071070
|move|p2a: Gholdengo|Focus Blast|p1a: Kingambum|[miss]
|-miss|p2a: Gholdengo|p1a: Kingambum
|move|p1a: Kingambum|Iron Head|p2a: Gholdengo
|-supereffective|p2a: Gholdengo
|-damage|p2a: Gholdengo|0 fnt
|faint|p2a: Gholdengo
|
|-heal|p1a: Kingambum|100/100|[from] item: Leftovers
|upkeep
|
|t:|1776071075
|switch|p2a: Kingambit|Kingambit, M|100/100
|-activate|p2a: Kingambit|ability: Supreme Overlord
|-start|p2a: Kingambit|fallen3|[silent]
|turn|16
|inactive|meretategol has 120 seconds left.
|
|t:|1776071085
|move|p1a: Kingambum|Low Kick|p2a: Kingambit
|-supereffective|p2a: Kingambit
|-damage|p2a: Kingambit|0 fnt
|faint|p2a: Kingambit
|-end|p2a: Kingambit|fallen3|[silent]
|
|upkeep
|
|t:|1776071092
|switch|p2a: Gliscor|Gliscor, M|100/100 tox
|turn|17
|
|t:|1776071098
|-end|p1a: Kingambum|fallen3|[silent]
|switch|p1a: Dondosweep|Dondozo, M|88/100 tox
|-damage|p1a: Dondosweep|75/100 tox|[from] Stealth Rock
|move|p2a: Gliscor|Facade|p1a: Dondosweep
|-damage|p1a: Dondosweep|58/100 tox
|
|-heal|p1a: Dondosweep|64/100 tox|[from] item: Leftovers
|-damage|p1a: Dondosweep|58/100 tox|[from] psn
|upkeep
|turn|18
|
|t:|1776071111
|move|p2a: Gliscor|Protect|p2a: Gliscor
|-singleturn|p2a: Gliscor|Protect
|move|p1a: Dondosweep|Rest|p1a: Dondosweep
|-status|p1a: Dondosweep|slp|[from] move: Rest
|-heal|p1a: Dondosweep|100/100 slp|[silent]
|
|upkeep
|turn|19
|
|t:|1776071120
|switch|p2a: Ogerpon|Ogerpon-Wellspring, F|100/100
|cant|p1a: Dondosweep|slp
|move|p1a: Dondosweep|Sleep Talk|p1a: Dondosweep
|move|p1a: Dondosweep|Curse|p1a: Dondosweep|[from] move: Sleep Talk
|-unboost|p1a: Dondosweep|spe|1
|-boost|p1a: Dondosweep|atk|1
|-boost|p1a: Dondosweep|def|1
|
|upkeep
|turn|20
|
|t:|1776071134
|switch|p1a: Goatken|Blaziken, M|100/100
|-damage|p1a: Goatken|88/100|[from] Stealth Rock
|-status|p1a: Goatken|tox
|move|p2a: Ogerpon|Taunt|p1a: Goatken
|-start|p1a: Goatken|move: Taunt
|
|-damage|p1a: Goatken|82/100 tox|[from] psn
|upkeep
|turn|21
|
|t:|1776071153
|move|p2a: Ogerpon|Ivy Cudgel|p1a: Goatken|[anim] Ivy Cudgel Water
|-supereffective|p1a: Goatken
|-damage|p1a: Goatken|0 fnt
|faint|p1a: Goatken
|
|upkeep
|
|t:|1776071159
|switch|p1a: Kingambum|Kingambit, F|100/100
|-damage|p1a: Kingambum|94/100|[from] Stealth Rock
|-activate|p1a: Kingambum|ability: Supreme Overlord
|-start|p1a: Kingambum|fallen4|[silent]
|turn|22
|
|t:|1776071169
|move|p1a: Kingambum|Sucker Punch|p2a: Ogerpon
|-damage|p2a: Ogerpon|22/100
|move|p2a: Ogerpon|Ivy Cudgel|p1a: Kingambum|[anim] Ivy Cudgel Water
|-damage|p1a: Kingambum|41/100
|
|-heal|p1a: Kingambum|47/100|[from] item: Leftovers
|upkeep
|turn|23
|
|t:|1776071180
|switch|p2a: Gliscor|Gliscor, M|100/100 tox
|move|p1a: Kingambum|Foul Play|p2a: Gliscor
|-damage|p2a: Gliscor|74/100 tox
|
|-heal|p1a: Kingambum|54/100|[from] item: Leftovers
|-heal|p2a: Gliscor|86/100 tox|[from] ability: Poison Heal
|upkeep
|turn|24
|
|t:|1776071191
|-end|p1a: Kingambum|fallen4|[silent]
|switch|p1a: Dondosweep|Dondozo, M|100/100 slp
|-damage|p1a: Dondosweep|88/100 slp|[from] Stealth Rock
|move|p2a: Gliscor|Facade|p1a: Dondosweep
|-damage|p1a: Dondosweep|71/100 slp
|
|-heal|p1a: Dondosweep|77/100 slp|[from] item: Leftovers
|-heal|p2a: Gliscor|99/100 tox|[from] ability: Poison Heal
|upkeep
|turn|25
|
|t:|1776071202
|switch|p2a: Ogerpon|Ogerpon-Wellspring, F|22/100
|cant|p1a: Dondosweep|slp
|move|p1a: Dondosweep|Sleep Talk|p1a: Dondosweep
|move|p1a: Dondosweep|Rest||[from] move: Sleep Talk|[still]
|-fail|p1a: Dondosweep
|
|-heal|p1a: Dondosweep|83/100 slp|[from] item: Leftovers
|upkeep
|turn|26
|
|t:|1776071219
|switch|p1a: Kingambum|Kingambit, F|54/100
|-damage|p1a: Kingambum|47/100|[from] Stealth Rock
|-activate|p1a: Kingambum|ability: Supreme Overlord
|-start|p1a: Kingambum|fallen4|[silent]
|move|p2a: Ogerpon|Ivy Cudgel|p1a: Kingambum|[anim] Ivy Cudgel Water
|-damage|p1a: Kingambum|0 fnt
|faint|p1a: Kingambum
|-end|p1a: Kingambum|fallen4|[silent]
|
|upkeep
|
|t:|1776071230
|switch|p1a: Dondosweep|Dondozo, M|83/100 slp
|-damage|p1a: Dondosweep|71/100 slp|[from] Stealth Rock
|turn|27
|c|☆meretategol|Ggs gng
|inactive|meretategol has 120 seconds left.
|c|☆forsakenlog|gg
|l|☆meretategol
|inactive|meretategol disconnected and has a minute to reconnect!
|player|p1|
|inactive|meretategol has 30 seconds to reconnect!
|inactive|meretategol has 20 seconds to reconnect!
|inactive|meretategol has 15 seconds to reconnect!
|inactive|meretategol has 10 seconds to reconnect!
|inactive|meretategol has 5 seconds to reconnect!
|-message|meretategol lost due to inactivity.
|
|win|forsakenlog
|raw|meretategol's rating: 1144 &rarr; <strong>1125</strong><br />(-19 for losing)
|raw|forsakenlog's rating: 1232 &rarr; <strong>1251</strong><br />(+19 for winning)
