|html|<div class="broadcast-blue"><strong>[Gen 9] OU is currently suspecting Tera Blast! For information on how to participate check out the <a href="https://www.smogon.com/tools/suspects/view/200">suspect thread</a>.</strong></div>
|j|☆hodlydluf
|j|☆r0s13z
|t:|1776223067
|gametype|singles
|player|p1|hodlydluf|265|1078
|player|p2|r0s13z|n|1127
|gen|9
|tier|[Gen 9] OU
|rated|
|rule|HP Percentage Mod: HP is shown in percentages
|rule|Endless Battle Clause: Forcing endless battles is banned
|rule|Species Clause: Limit one of each Pokémon
|rule|OHKO Clause: OHKO moves are banned
|rule|Evasion Items Clause: Evasion items are banned
|rule|Evasion Moves Clause: Evasion moves are banned
|rule|Evasion Abilities Clause: Evasion abilities are banned
|rule|Sleep Moves Clause: Sleep-inducing moves are banned
|clearpoke
|poke|p1|Hatterene, F|
|poke|p1|Porygon2|
|poke|p1|Cresselia, F|
|poke|p1|Ursaluna, M|
|poke|p1|Kingambit, F|
|poke|p1|Iron Hands|
|poke|p2|Espeon, M|
|poke|p2|Tinkaton, F|
|poke|p2|Great Tusk|
|poke|p2|Pecharunt|
|poke|p2|Frosmoth, M|
|poke|p2|Arboliva, F|
|teampreview
|
|t:|1776223070
|teamsize|p1|6
|teamsize|p2|6
|start
|switch|p1a: Hatterene|Hatterene, F|100/100
|switch|p2a: Espeon|Espeon, M|100/100
|turn|1
|
|t:|1776223079
|move|p2a: Espeon|Alluring Voice|p1a: Hatterene
|-damage|p1a: Hatterene|73/100
|-enditem|p2a: Espeon|Throat Spray
|-boost|p2a: Espeon|spa|1|[from] item: Throat Spray
|move|p1a: Hatterene|Trick Room|p1a: Hatterene
|-fieldstart|move: Trick Room|[of] p1a: Hatterene
|
|upkeep
|turn|2
|
|t:|1776223089
|move|p1a: Hatterene|Dazzling Gleam|p2a: Espeon
|-damage|p2a: Espeon|47/100
|move|p2a: Espeon|Calm Mind|p2a: Espeon
|-boost|p2a: Espeon|spa|1
|-boost|p2a: Espeon|spd|1
|
|upkeep
|turn|3
|
|t:|1776223097
|-terastallize|p2a: Espeon|Fairy
|move|p1a: Hatterene|Dazzling Gleam|p2a: Espeon
|-damage|p2a: Espeon|11/100
|move|p2a: Espeon|Morning Sun|p2a: Espeon
|-heal|p2a: Espeon|61/100
|
|upkeep
|turn|4
|
|t:|1776223107
|move|p1a: Hatterene|Dazzling Gleam|p2a: Espeon
|-damage|p2a: Espeon|25/100
|move|p2a: Espeon|Morning Sun|p2a: Espeon
|-heal|p2a: Espeon|75/100
|
|upkeep
|turn|5
|
|t:|1776223113
|move|p1a: Hatterene|Dazzling Gleam|p2a: Espeon
|-damage|p2a: Espeon|37/100
|move|p2a: Espeon|Alluring Voice|p1a: Hatterene
|-damage|p1a: Hatterene|0 fnt
|faint|p1a: Hatterene
|
|-fieldend|move: Trick Room
|upkeep
|
|t:|1776223121
|switch|p1a: Porygon2|Porygon2|100/100
|turn|6
|
|t:|1776223125
|move|p2a: Espeon|Morning Sun|p2a: Espeon
|-heal|p2a: Espeon|86/100
|move|p1a: Porygon2|Trick Room|p1a: Porygon2
|-fieldstart|move: Trick Room|[of] p1a: Porygon2
|
|upkeep
|turn|7
|
|t:|1776223134
|move|p1a: Porygon2|Ice Beam|p2a: Espeon
|-damage|p2a: Espeon|68/100
|move|p2a: Espeon|Alluring Voice|p1a: Porygon2
|-damage|p1a: Porygon2|55/100
|
|upkeep
|turn|8
|
|t:|1776223151
|move|p1a: Porygon2|Ice Beam|p2a: Espeon
|-damage|p2a: Espeon|47/100
|move|p2a: Espeon|Alluring Voice|p1a: Porygon2
|-damage|p1a: Porygon2|4/100
|
|upkeep
|turn|9
|
|t:|1776223159
|move|p1a: Porygon2|Ice Beam|p2a: Espeon
|-damage|p2a: Espeon|29/100
|move|p2a: Espeon|Morning Sun|p2a: Espeon
|-heal|p2a: Espeon|79/100
|
|upkeep
|turn|10
|
|t:|1776223166
|move|p1a: Porygon2|Ice Beam|p2a: Espeon
|-damage|p2a: Espeon|59/100
|move|p2a: Espeon|Alluring Voice|p1a: Porygon2
|-damage|p1a: Porygon2|0 fnt
|faint|p1a: Porygon2
|
|-fieldend|move: Trick Room
|upkeep
|
|t:|1776223170
|switch|p1a: Cresselia|Cresselia, F|100/100
|turn|11
|
|t:|1776223176
|move|p2a: Espeon|Calm Mind|p2a: Espeon
|-boost|p2a: Espeon|spa|1
|-boost|p2a: Espeon|spd|1
|move|p1a: Cresselia|Trick Room|p1a: Cresselia
|-fieldstart|move: Trick Room|[of] p1a: Cresselia
|
|upkeep
|turn|12
|
|t:|1776223186
|move|p1a: Cresselia|Ice Beam|p2a: Espeon
|-damage|p2a: Espeon|48/100
|move|p2a: Espeon|Psychic Noise|p1a: Cresselia
|-resisted|p1a: Cresselia
|-damage|p1a: Cresselia|74/100
|-start|p1a: Cresselia|move: Heal Block
|-enditem|p1a: Cresselia|Mental Herb
|-end|p1a: Cresselia|move: Heal Block
|
|upkeep
|turn|13
|
|t:|1776223197
|move|p1a: Cresselia|Ice Beam|p2a: Espeon
|-damage|p2a: Espeon|38/100
|move|p2a: Espeon|Alluring Voice|p1a: Cresselia
|-damage|p1a: Cresselia|20/100
|
|upkeep
|turn|14
|
|t:|1776223204
|move|p1a: Cresselia|Ice Beam|p2a: Espeon
|-damage|p2a: Espeon|27/100
|move|p2a: Espeon|Morning Sun|p2a: Espeon
|-heal|p2a: Espeon|77/100
|
|upkeep
|turn|15
|
|t:|1776223211
|move|p1a: Cresselia|Ice Beam|p2a: Espeon
|-damage|p2a: Espeon|67/100
|move|p2a: Espeon|Alluring Voice|p1a: Cresselia
|-damage|p1a: Cresselia|0 fnt
|faint|p1a: Cresselia
|
|-fieldend|move: Trick Room
|upkeep
|-message|hodlydluf forfeited.
|
|win|r0s13z
|raw|hodlydluf's rating: 1078 &rarr; <strong>1059</strong><br />(-19 for losing)
|raw|r0s13z's rating: 1127 &rarr; <strong>1148</strong><br />(+21 for winning)
|l|☆hodlydluf
|player|p1|
