|html|<div class="broadcast-blue"><strong>[Gen 9] OU is currently suspecting Tera Blast! For information on how to participate check out the <a href="https://www.smogon.com/tools/suspects/view/200">suspect thread</a>.</strong></div>
|j|☆Alpha1Tango88888
|j|☆Fucomix
|t:|1776072778
|gametype|singles
|player|p1|Alpha1Tango88888|fisherman-gen4|1125
|player|p2|Fucomix|veteran|1077
|gen|9
|tier|[Gen 9] OU
|rated|
|rule|HP Percentage Mod: HP is shown in percentages
|rule|Endless Battle Clause: Forcing endless battles is banned
|rule|Species Clause: Limit one of each Pokémon
|rule|OHKO Clause: OHKO moves are banned
|rule|Evasion Items Clause: Evasion items are banned
|rule|Evasion Moves Clause: Evasion moves are banned
|rule|Evasion Abilities Clause: Evasion abilities are banned
|rule|Sleep Moves Clause: Sleep-inducing moves are banned
|clearpoke
|poke|p1|Gholdengo|
|poke|p1|Great Tusk|
|poke|p1|Kyurem|
|poke|p1|Gliscor, F|
|poke|p1|Slither Wing|
|poke|p1|Toxapex, M|
|poke|p2|Quagsire, F|
|poke|p2|Feraligatr, F|
|poke|p2|Muk, F|
|poke|p2|Mightyena, F|
|poke|p2|Noctowl, M|
|poke|p2|Magcargo, M|
|teampreview
|
|t:|1776072805
|teamsize|p1|6
|teamsize|p2|6
|start
|switch|p1a: Gliscor|Gliscor, F|100/100
|switch|p2a: Magcargo|Magcargo, M|100/100
|turn|1
|inactive|Battle timer is ON: inactive players will automatically lose when time's up. (requested by Alpha1Tango88888)
|
|t:|1776072813
|move|p1a: Gliscor|Swords Dance|p1a: Gliscor
|-boost|p1a: Gliscor|atk|2
|move|p2a: Magcargo|Ancient Power|p1a: Gliscor
|-damage|p1a: Gliscor|68/100
|
|-status|p1a: Gliscor|tox|[from] item: Toxic Orb
|upkeep
|turn|2
|
|t:|1776072826
|move|p1a: Gliscor|Earthquake|p2a: Magcargo
|-supereffective|p2a: Magcargo
|-enditem|p2a: Magcargo|Focus Sash
|-damage|p2a: Magcargo|1/100
|move|p2a: Magcargo|Stealth Rock|p1a: Gliscor
|-sidestart|p1: Alpha1Tango88888|move: Stealth Rock
|
|-heal|p1a: Gliscor|80/100 tox|[from] ability: Poison Heal
|upkeep
|turn|3
|
|t:|1776072840
|switch|p2a: Feraligatr|Feraligatr, F|100/100
|move|p1a: Gliscor|Knock Off|p2a: Feraligatr
|-damage|p2a: Feraligatr|44/100
|-enditem|p2a: Feraligatr|Mystic Water|[from] move: Knock Off|[of] p1a: Gliscor
|
|-heal|p1a: Gliscor|92/100 tox|[from] ability: Poison Heal
|upkeep
|turn|4
|
|t:|1776072862
|move|p2a: Feraligatr|Aqua Jet|p1a: Gliscor
|-supereffective|p1a: Gliscor
|-damage|p1a: Gliscor|61/100 tox
|move|p1a: Gliscor|Knock Off|p2a: Feraligatr
|-damage|p2a: Feraligatr|7/100
|
|-heal|p1a: Gliscor|74/100 tox|[from] ability: Poison Heal
|upkeep
|turn|5
|
|t:|1776072871
|move|p2a: Feraligatr|Aqua Jet|p1a: Gliscor
|-supereffective|p1a: Gliscor
|-damage|p1a: Gliscor|30/100 tox
|move|p1a: Gliscor|Knock Off|p2a: Feraligatr
|-damage|p2a: Feraligatr|0 fnt
|faint|p2a: Feraligatr
|
|-heal|p1a: Gliscor|42/100 tox|[from] ability: Poison Heal
|upkeep
|
|t:|1776072881
|switch|p2a: Saitama|Quagsire, F|100/100
|turn|6
|
|t:|1776072890
|move|p1a: Gliscor|Facade|p2a: Saitama
|-damage|p2a: Saitama|64/100
|move|p2a: Saitama|Ice Punch|p1a: Gliscor
|-supereffective|p1a: Gliscor
|-damage|p1a: Gliscor|0 fnt
|faint|p1a: Gliscor
|
|-heal|p2a: Saitama|70/100|[from] item: Leftovers
|upkeep
|
|t:|1776072908
|switch|p1a: Toxapex|Toxapex, M|100/100
|-damage|p1a: Toxapex|88/100|[from] Stealth Rock
|turn|7
|
|t:|1776072925
|switch|p2a: Muk|Muk, F|100/100
|move|p1a: Toxapex|Stockpile|p1a: Toxapex
|-start|p1a: Toxapex|stockpile1
|-boost|p1a: Toxapex|def|1
|-boost|p1a: Toxapex|spd|1
|
|-heal|p1a: Toxapex|94/100|[from] item: Leftovers
|upkeep
|turn|8
|
|t:|1776072938
|move|p2a: Muk|Curse|p2a: Muk
|-unboost|p2a: Muk|spe|1
|-boost|p2a: Muk|atk|1
|-boost|p2a: Muk|def|1
|move|p1a: Toxapex|Stockpile|p1a: Toxapex
|-start|p1a: Toxapex|stockpile2
|-boost|p1a: Toxapex|def|1
|-boost|p1a: Toxapex|spd|1
|
|-heal|p1a: Toxapex|100/100|[from] item: Leftovers
|upkeep
|turn|9
|
|t:|1776072949
|move|p1a: Toxapex|Stockpile|p1a: Toxapex
|-start|p1a: Toxapex|stockpile3
|-boost|p1a: Toxapex|def|1
|-boost|p1a: Toxapex|spd|1
|move|p2a: Muk|Curse|p2a: Muk
|-unboost|p2a: Muk|spe|1
|-boost|p2a: Muk|atk|1
|-boost|p2a: Muk|def|1
|
|upkeep
|turn|10
|
|t:|1776072959
|move|p1a: Toxapex|Poison Jab|p2a: Muk
|-resisted|p2a: Muk
|-damage|p2a: Muk|96/100
|move|p2a: Muk|Curse|p2a: Muk
|-unboost|p2a: Muk|spe|1
|-boost|p2a: Muk|atk|1
|-boost|p2a: Muk|def|1
|
|-heal|p2a: Muk|100/100|[from] item: Leftovers
|upkeep
|turn|11
|c|☆Fucomix|oo
|
|t:|1776072981
|switch|p1a: Kyurem|Kyurem|100/100
|-damage|p1a: Kyurem|76/100|[from] Stealth Rock
|-ability|p1a: Kyurem|Pressure
|move|p2a: Muk|Dig||[still]
|-prepare|p2a: Muk|Dig
|
|-heal|p1a: Kyurem|82/100|[from] item: Leftovers
|upkeep
|turn|12
|c|☆Fucomix|toxaaa
|
|t:|1776072990
|move|p1a: Kyurem|Protect|p1a: Kyurem
|-singleturn|p1a: Kyurem|Protect
|move|p2a: Muk|Dig|p1a: Kyurem|[from] lockedmove
|-activate|p1a: Kyurem|move: Protect
|
|-heal|p1a: Kyurem|88/100|[from] item: Leftovers
|upkeep
|turn|13
|c|☆Fucomix|nuu erth power
|
|t:|1776073008
|move|p1a: Kyurem|Substitute|p1a: Kyurem
|-start|p1a: Kyurem|Substitute
|-damage|p1a: Kyurem|63/100
|move|p2a: Muk|Fire Punch|p1a: Kyurem
|-end|p1a: Kyurem|Substitute
|
|-heal|p1a: Kyurem|69/100|[from] item: Leftovers
|upkeep
|turn|14
|
|t:|1776073017
|move|p1a: Kyurem|Protect|p1a: Kyurem
|-singleturn|p1a: Kyurem|Protect
|move|p2a: Muk|Fire Punch|p1a: Kyurem
|-activate|p1a: Kyurem|move: Protect
|
|-heal|p1a: Kyurem|75/100|[from] item: Leftovers
|upkeep
|turn|15
|
|t:|1776073026
|move|p1a: Kyurem|Substitute|p1a: Kyurem
|-start|p1a: Kyurem|Substitute
|-damage|p1a: Kyurem|51/100
|move|p2a: Muk|Fire Punch|p1a: Kyurem
|-end|p1a: Kyurem|Substitute
|
|-heal|p1a: Kyurem|57/100|[from] item: Leftovers
|upkeep
|turn|16
|
|t:|1776073039
|move|p1a: Kyurem|Protect|p1a: Kyurem
|-singleturn|p1a: Kyurem|Protect
|move|p2a: Muk|Fire Punch|p1a: Kyurem
|-activate|p1a: Kyurem|move: Protect
|
|-heal|p1a: Kyurem|63/100|[from] item: Leftovers
|upkeep
|turn|17
|
|t:|1776073051
|move|p1a: Kyurem|Substitute|p1a: Kyurem
|-start|p1a: Kyurem|Substitute
|-damage|p1a: Kyurem|38/100
|move|p2a: Muk|Fire Punch|p1a: Kyurem
|-end|p1a: Kyurem|Substitute
|
|-heal|p1a: Kyurem|44/100|[from] item: Leftovers
|upkeep
|turn|18
|
|t:|1776073063
|move|p1a: Kyurem|Protect|p1a: Kyurem
|-singleturn|p1a: Kyurem|Protect
|move|p2a: Muk|Fire Punch|p1a: Kyurem
|-activate|p1a: Kyurem|move: Protect
|
|-heal|p1a: Kyurem|50/100|[from] item: Leftovers
|upkeep
|turn|19
|
|t:|1776073079
|move|p2a: Muk|Fire Punch|p1a: Kyurem
|-damage|p1a: Kyurem|4/100
|move|p1a: Kyurem|Dragon Tail|p2a: Muk
|-damage|p2a: Muk|91/100
|drag|p2a: Magcargo|Magcargo, M|1/100
|
|-heal|p1a: Kyurem|10/100|[from] item: Leftovers
|upkeep
|turn|20
|c|☆Fucomix|unu
|
|t:|1776073095
|move|p1a: Kyurem|Freeze-Dry|p2a: Magcargo
|-resisted|p2a: Magcargo
|-damage|p2a: Magcargo|0 fnt
|faint|p2a: Magcargo
|
|-heal|p1a: Kyurem|17/100|[from] item: Leftovers
|upkeep
|
|t:|1776073101
|switch|p2a: Mightyena|Mightyena, F|100/100
|turn|21
|
|t:|1776073109
|move|p1a: Kyurem|Protect|p1a: Kyurem
|-singleturn|p1a: Kyurem|Protect
|move|p2a: Mightyena|Sucker Punch||[still]
|-fail|p2a: Mightyena
|
|-heal|p1a: Kyurem|23/100|[from] item: Leftovers
|-status|p2a: Mightyena|tox|[from] item: Toxic Orb
|upkeep
|turn|22
|
|t:|1776073125
|switch|p1a: Slither Wing|Slither Wing|100/100
|-damage|p1a: Slither Wing|88/100|[from] Stealth Rock
|-enditem|p1a: Slither Wing|Booster Energy
|-activate|p1a: Slither Wing|ability: Protosynthesis|[fromitem]
|-start|p1a: Slither Wing|protosynthesisatk
|move|p2a: Mightyena|Facade|p1a: Slither Wing
|-damage|p1a: Slither Wing|39/100
|
|-damage|p2a: Mightyena|94/100 tox|[from] psn
|upkeep
|turn|23
|c|☆Fucomix|jeje
|
|t:|1776073150
|move|p1a: Slither Wing|First Impression|p2a: Mightyena
|-supereffective|p2a: Mightyena
|-damage|p2a: Mightyena|0 fnt
|faint|p2a: Mightyena
|
|upkeep
|c|☆Fucomix|gholdengo
|
|t:|1776073157
|switch|p2a: Noctowl|Noctowl, M|100/100
|turn|24
|c|☆Fucomix|unu
|inactive|Alpha1Tango88888 has 120 seconds left.
|c|☆Fucomix|bugs
|
|t:|1776073184
|move|p1a: Slither Wing|Close Combat|p2a: Noctowl
|-damage|p2a: Noctowl|25/100
|-unboost|p1a: Slither Wing|def|1
|-unboost|p1a: Slither Wing|spd|1
|move|p2a: Noctowl|Moonblast|p1a: Slither Wing
|-supereffective|p1a: Slither Wing
|-damage|p1a: Slither Wing|0 fnt
|faint|p1a: Slither Wing
|-end|p1a: Slither Wing|Protosynthesis|[silent]
|
|-heal|p2a: Noctowl|32/100|[from] item: Leftovers
|upkeep
|
|t:|1776073206
|switch|p1a: Toxapex|Toxapex, M|100/100
|-damage|p1a: Toxapex|88/100|[from] Stealth Rock
|turn|25
|c|☆Fucomix|toxa
|
|t:|1776073213
|move|p2a: Noctowl|Psychic|p1a: Toxapex
|-supereffective|p1a: Toxapex
|-damage|p1a: Toxapex|63/100
|-unboost|p1a: Toxapex|spd|1
|move|p1a: Toxapex|Poison Jab|p2a: Noctowl
|-damage|p2a: Noctowl|15/100
|
|-heal|p2a: Noctowl|22/100|[from] item: Leftovers
|-heal|p1a: Toxapex|69/100|[from] item: Leftovers
|upkeep
|turn|26
|
|t:|1776073226
|move|p1a: Toxapex|Baneful Bunker|p1a: Toxapex
|-singleturn|p1a: Toxapex|move: Protect
|move|p2a: Noctowl|Psychic|p1a: Toxapex
|-activate|p1a: Toxapex|move: Protect
|
|-heal|p2a: Noctowl|28/100|[from] item: Leftovers
|-heal|p1a: Toxapex|75/100|[from] item: Leftovers
|upkeep
|turn|27
|
|t:|1776073236
|move|p2a: Noctowl|Psychic|p1a: Toxapex
|-supereffective|p1a: Toxapex
|-damage|p1a: Toxapex|38/100
|move|p1a: Toxapex|Poison Jab|p2a: Noctowl
|-damage|p2a: Noctowl|10/100
|
|-heal|p2a: Noctowl|17/100|[from] item: Leftovers
|-heal|p1a: Toxapex|44/100|[from] item: Leftovers
|upkeep
|turn|28
|
|t:|1776073244
|move|p1a: Toxapex|Baneful Bunker|p1a: Toxapex
|-singleturn|p1a: Toxapex|move: Protect
|move|p2a: Noctowl|Calm Mind|p2a: Noctowl
|-boost|p2a: Noctowl|spa|1
|-boost|p2a: Noctowl|spd|1
|
|-heal|p2a: Noctowl|23/100|[from] item: Leftovers
|-heal|p1a: Toxapex|50/100|[from] item: Leftovers
|upkeep
|turn|29
|inactive|Alpha1Tango88888 has 120 seconds left.
|
|t:|1776073253
|move|p1a: Toxapex|Baneful Bunker|p1a: Toxapex
|-singleturn|p1a: Toxapex|move: Protect
|move|p2a: Noctowl|Psychic|p1a: Toxapex
|-activate|p1a: Toxapex|move: Protect
|
|-heal|p2a: Noctowl|29/100|[from] item: Leftovers
|-heal|p1a: Toxapex|57/100|[from] item: Leftovers
|upkeep
|turn|30
|
|t:|1776073261
|move|p2a: Noctowl|Psychic|p1a: Toxapex
|-supereffective|p1a: Toxapex
|-damage|p1a: Toxapex|0 fnt
|faint|p1a: Toxapex
|
|-heal|p2a: Noctowl|35/100|[from] item: Leftovers
|upkeep
|inactive|Alpha1Tango88888 has 120 seconds left.
|
|t:|1776073277
|switch|p1a: Great Tusk|Great Tusk|100/100
|-damage|p1a: Great Tusk|98/100|[from] Stealth Rock
|-enditem|p1a: Great Tusk|Booster Energy
|-activate|p1a: Great Tusk|ability: Protosynthesis|[fromitem]
|-start|p1a: Great Tusk|protosynthesisspe
|turn|31
|inactive|Alpha1Tango88888 has 120 seconds left.
|
|t:|1776073288
|move|p1a: Great Tusk|Ice Spinner|p2a: Noctowl
|-supereffective|p2a: Noctowl
|-damage|p2a: Noctowl|0 fnt
|faint|p2a: Noctowl
|
|upkeep
|
|t:|1776073294
|switch|p2a: Saitama|Quagsire, F|70/100
|turn|32
|inactive|Alpha1Tango88888 has 120 seconds left.
|
|t:|1776073308
|-terastallize|p1a: Great Tusk|Fairy
|move|p1a: Great Tusk|Bulk Up|p1a: Great Tusk
|-boost|p1a: Great Tusk|atk|1
|-boost|p1a: Great Tusk|def|1
|move|p2a: Saitama|Recover|p2a: Saitama
|-heal|p2a: Saitama|100/100
|
|upkeep
|turn|33
|c|☆Fucomix|nuuuuuuuuuu
|
|t:|1776073318
|move|p1a: Great Tusk|Bulk Up|p1a: Great Tusk
|-boost|p1a: Great Tusk|atk|1
|-boost|p1a: Great Tusk|def|1
|move|p2a: Saitama|Curse|p2a: Saitama
|-unboost|p2a: Saitama|spe|1
|-boost|p2a: Saitama|atk|1
|-boost|p2a: Saitama|def|1
|
|upkeep
|turn|34
|
|t:|1776073325
|move|p1a: Great Tusk|Bulk Up|p1a: Great Tusk
|-boost|p1a: Great Tusk|atk|1
|-boost|p1a: Great Tusk|def|1
|move|p2a: Saitama|Curse|p2a: Saitama
|-unboost|p2a: Saitama|spe|1
|-boost|p2a: Saitama|atk|1
|-boost|p2a: Saitama|def|1
|
|upkeep
|turn|35
|
|t:|1776073333
|move|p1a: Great Tusk|Bulk Up|p1a: Great Tusk
|-boost|p1a: Great Tusk|atk|1
|-boost|p1a: Great Tusk|def|1
|move|p2a: Saitama|Curse|p2a: Saitama
|-unboost|p2a: Saitama|spe|1
|-boost|p2a: Saitama|atk|1
|-boost|p2a: Saitama|def|1
|
|upkeep
|turn|36
|
|t:|1776073341
|move|p1a: Great Tusk|Bulk Up|p1a: Great Tusk
|-boost|p1a: Great Tusk|atk|1
|-boost|p1a: Great Tusk|def|1
|move|p2a: Saitama|Curse|p2a: Saitama
|-unboost|p2a: Saitama|spe|1
|-boost|p2a: Saitama|atk|1
|-boost|p2a: Saitama|def|1
|
|upkeep
|turn|37
|c|☆Fucomix|nuuuç
|
|t:|1776073348
|move|p1a: Great Tusk|Bulk Up|p1a: Great Tusk
|-boost|p1a: Great Tusk|atk|1
|-boost|p1a: Great Tusk|def|1
|move|p2a: Saitama|Curse|p2a: Saitama
|-unboost|p2a: Saitama|spe|1
|-boost|p2a: Saitama|atk|1
|-boost|p2a: Saitama|def|1
|
|upkeep
|turn|38
|c|☆Fucomix|nuuu
|
|t:|1776073363
|move|p1a: Great Tusk|Ice Spinner|p2a: Saitama
|-damage|p2a: Saitama|94/100
|move|p2a: Saitama|Curse|p2a: Saitama
|-unboost|p2a: Saitama|spe|1
|-boost|p2a: Saitama|atk|1
|-boost|p2a: Saitama|def|1
|
|-heal|p2a: Saitama|99/100|[from] item: Leftovers
|upkeep
|turn|39
|
|t:|1776073381
|move|p1a: Great Tusk|Close Combat|p2a: Saitama
|-damage|p2a: Saitama|88/100
|-unboost|p1a: Great Tusk|def|1
|-unboost|p1a: Great Tusk|spd|1
|move|p2a: Saitama|Ice Punch|p1a: Great Tusk
|-damage|p1a: Great Tusk|51/100
|
|-heal|p2a: Saitama|94/100|[from] item: Leftovers
|upkeep
|turn|40
|c|☆Fucomix|noooo
|c|☆Fucomix|la potcia
|inactive|Alpha1Tango88888 has 120 seconds left.
|c|☆Fucomix|politciaaa
|
|t:|1776073409
|move|p1a: Great Tusk|Headlong Rush|p2a: Saitama
|-damage|p2a: Saitama|81/100
|-unboost|p1a: Great Tusk|def|1
|-unboost|p1a: Great Tusk|spd|1
|move|p2a: Saitama|Ice Punch|p1a: Great Tusk
|-damage|p1a: Great Tusk|10/100
|-status|p1a: Great Tusk|frz
|
|-heal|p2a: Saitama|87/100|[from] item: Leftovers
|upkeep
|turn|41
|inactive|Alpha1Tango88888 has 120 seconds left.
|
|t:|1776073419
|cant|p1a: Great Tusk|frz
|move|p2a: Saitama|Amnesia|p2a: Saitama
|-boost|p2a: Saitama|spd|2
|
|-heal|p2a: Saitama|93/100|[from] item: Leftovers
|upkeep
|turn|42
|inactive|Alpha1Tango88888 has 120 seconds left.
|
|t:|1776073426
|cant|p1a: Great Tusk|frz
|move|p2a: Saitama|Amnesia|p2a: Saitama
|-boost|p2a: Saitama|spd|2
|
|-heal|p2a: Saitama|99/100|[from] item: Leftovers
|upkeep
|turn|43
|
|t:|1776073433
|cant|p1a: Great Tusk|frz
|move|p2a: Saitama|Amnesia|p2a: Saitama
|-boost|p2a: Saitama|spd|2
|
|-heal|p2a: Saitama|100/100|[from] item: Leftovers
|upkeep
|turn|44
|
|t:|1776073439
|cant|p1a: Great Tusk|frz
|move|p2a: Saitama|Ice Punch|p1a: Great Tusk
|-damage|p1a: Great Tusk|0 fnt
|faint|p1a: Great Tusk
|-end|p1a: Great Tusk|Protosynthesis|[silent]
|
|upkeep
|
|t:|1776073449
|switch|p1a: Gholdengo|Gholdengo|100/100
|-damage|p1a: Gholdengo|94/100|[from] Stealth Rock
|turn|45
|inactive|Alpha1Tango88888 has 120 seconds left.
|
|t:|1776073464
|-terastallize|p2a: Saitama|Steel
|move|p1a: Gholdengo|Shadow Ball|p2a: Saitama
|-damage|p2a: Saitama|91/100
|move|p2a: Saitama|Ice Punch|p1a: Gholdengo
|-resisted|p1a: Gholdengo
|-damage|p1a: Gholdengo|61/100
|
|-heal|p2a: Saitama|97/100|[from] item: Leftovers
|upkeep
|turn|46
|c|☆Fucomix|tung tung tung
|inactive|Alpha1Tango88888 has 120 seconds left.
|c|☆Alpha1Tango88888|learn how to speak english. you look stupid
|
|t:|1776073496
|move|p1a: Gholdengo|Shadow Ball|p2a: Saitama
|-damage|p2a: Saitama|88/100
|move|p2a: Saitama|Ice Punch|p1a: Gholdengo
|-resisted|p1a: Gholdengo
|-damage|p1a: Gholdengo|27/100
|
|-heal|p2a: Saitama|94/100|[from] item: Leftovers
|upkeep
|turn|47
|c|☆Fucomix|sahur
|
|t:|1776073505
|move|p1a: Gholdengo|Shadow Ball|p2a: Saitama
|-damage|p2a: Saitama|84/100
|-unboost|p2a: Saitama|spd|1
|move|p2a: Saitama|Ice Punch|p1a: Gholdengo
|-resisted|p1a: Gholdengo
|-damage|p1a: Gholdengo|0 fnt
|faint|p1a: Gholdengo
|
|-heal|p2a: Saitama|90/100|[from] item: Leftovers
|upkeep
|
|t:|1776073514
|switch|p1a: Kyurem|Kyurem|23/100
|-damage|p1a: Kyurem|0 fnt|[from] Stealth Rock
|faint|p1a: Kyurem
|
|win|Fucomix
|raw|Alpha1Tango88888's rating: 1125 &rarr; <strong>1097</strong><br />(-28 for losing)
|raw|Fucomix's rating: 1077 &rarr; <strong>1109</strong><br />(+32 for winning)
|l|☆Alpha1Tango88888
|player|p1|
|c|☆Fucomix|gg
|l|☆Fucomix
|player|p2|
