|html|<div class="broadcast-blue"><strong>[Gen 9] OU is currently suspecting Tera Blast! For information on how to participate check out the <a href="https://www.smogon.com/tools/suspects/view/200">suspect thread</a>.</strong></div>
|j|☆gen8arc
|j|☆spookyz reqs
|t:|1776086091
|gametype|singles
|player|p1|gen8arc|iono-masters|1625
|player|p2|spookyz reqs|lass-gen4dp|1699
|gen|9
|tier|[Gen 9] OU
|rated|
|rule|HP Percentage Mod: HP is shown in percentages
|rule|Endless Battle Clause: Forcing endless battles is banned
|rule|Species Clause: Limit one of each Pokémon
|rule|OHKO Clause: OHKO moves are banned
|rule|Evasion Items Clause: Evasion items are banned
|rule|Evasion Moves Clause: Evasion moves are banned
|rule|Evasion Abilities Clause: Evasion abilities are banned
|rule|Sleep Moves Clause: Sleep-inducing moves are banned
|clearpoke
|poke|p1|Tinkaton, F|
|poke|p1|Ogerpon, F|
|poke|p1|Great Tusk|
|poke|p1|Pecharunt|
|poke|p1|Alomomola, M|
|poke|p1|Hydreigon, M|
|poke|p2|Kingambit, F|
|poke|p2|Raging Bolt|
|poke|p2|Landorus-Therian, M|
|poke|p2|Cinderace, F|
|poke|p2|Primarina, F|
|poke|p2|Zamazenta-*|
|teampreview
|inactive|Battle timer is ON: inactive players will automatically lose when time's up. (requested by spookyz reqs)
|inactive|gen8arc also wants the timer to be on.
|
|t:|1776086104
|teamsize|p1|6
|teamsize|p2|6
|start
|switch|p1a: Overseer|Pecharunt|100/100
|switch|p2a: Cinderace|Cinderace, F|100/100
|turn|1
|inactive|spookyz reqs has 120 seconds left.
|
|t:|1776086142
|move|p2a: Cinderace|U-turn|p1a: Overseer
|-resisted|p1a: Overseer
|-damage|p1a: Overseer|98/100
|-damage|p2a: Cinderace|84/100|[from] item: Rocky Helmet|[of] p1a: Overseer
|
|t:|1776086143
|switch|p2a: Landorus|Landorus-Therian, M|100/100|[from] U-turn
|-ability|p2a: Landorus|Intimidate|boost
|-unboost|p1a: Overseer|atk|1
|move|p1a: Overseer|Malignant Chain|p2a: Landorus
|-resisted|p2a: Landorus
|-damage|p2a: Landorus|85/100
|
|upkeep
|turn|2
|
|t:|1776086148
|switch|p1a: Smile.exe|Tinkaton, F, shiny|100/100
|-item|p1a: Smile.exe|Air Balloon
|move|p2a: Landorus|Stealth Rock|p1a: Smile.exe
|-sidestart|p1: gen8arc|move: Stealth Rock
|
|upkeep
|turn|3
|inactive|spookyz reqs has 120 seconds left.
|
|t:|1776086177
|move|p1a: Smile.exe|Stealth Rock|p2a: Landorus
|-sidestart|p2: spookyz reqs|move: Stealth Rock
|move|p2a: Landorus|Taunt|p1a: Smile.exe
|-start|p1a: Smile.exe|move: Taunt
|
|upkeep
|turn|4
|inactive|gen8arc has 120 seconds left.
|
|t:|1776086210
|switch|p2a: Cinderace|Cinderace, F|84/100
|move|p1a: Smile.exe|Gigaton Hammer|p2a: Cinderace
|-resisted|p2a: Cinderace
|-damage|p2a: Cinderace|40/100
|
|upkeep
|turn|5
|
|t:|1776086215
|switch|p1a: Overseer|Pecharunt|98/100
|-damage|p1a: Overseer|86/100|[from] Stealth Rock
|move|p2a: Cinderace|Will-O-Wisp|p1a: Overseer
|-status|p1a: Overseer|brn
|
|-damage|p1a: Overseer|80/100 brn|[from] brn
|upkeep
|turn|6
|
|t:|1776086220
|switch|p2a: Kingambit|Kingambit, F|100/100
|-damage|p2a: Kingambit|94/100|[from] Stealth Rock
|-item|p2a: Kingambit|Air Balloon
|move|p1a: Overseer|Parting Shot|p2a: Kingambit
|-unboost|p2a: Kingambit|atk|1
|-unboost|p2a: Kingambit|spa|1
|
|t:|1776086227
|switch|p1a: Behemoth|Great Tusk, shiny|100/100|[from] Parting Shot
|
|upkeep
|turn|7
|
|t:|1776086256
|-end|p2a: Kingambit|fallenundefined|[silent]
|switch|p2a: Landorus|Landorus-Therian, M|85/100
|-damage|p2a: Landorus|73/100|[from] Stealth Rock
|-ability|p2a: Landorus|Intimidate|boost
|-unboost|p1a: Behemoth|atk|1
|move|p1a: Behemoth|Ice Spinner|p2a: Landorus
|-supereffective|p2a: Landorus
|-damage|p2a: Landorus|6/100
|-damage|p1a: Behemoth|84/100|[from] item: Rocky Helmet|[of] p2a: Landorus
|
|upkeep
|turn|8
|
|t:|1776086261
|move|p2a: Landorus|Earth Power|p1a: Behemoth
|-damage|p1a: Behemoth|31/100
|move|p1a: Behemoth|Rapid Spin|p2a: Landorus
|-damage|p2a: Landorus|0 fnt
|-boost|p1a: Behemoth|spe|1
|-damage|p1a: Behemoth|15/100|[from] item: Rocky Helmet|[of] p2a: Landorus
|-sideend|p1: gen8arc|Stealth Rock|[from] move: Rapid Spin|[of] p1a: Behemoth
|faint|p2a: Landorus
|
|upkeep
|
|t:|1776086266
|switch|p2a: Primarina|Primarina, F|100/100
|-damage|p2a: Primarina|88/100|[from] Stealth Rock
|turn|9
|
|t:|1776086278
|move|p1a: Behemoth|Headlong Rush|p2a: Primarina
|-damage|p2a: Primarina|50/100
|-unboost|p1a: Behemoth|def|1
|-unboost|p1a: Behemoth|spd|1
|move|p2a: Primarina|Draining Kiss|p1a: Behemoth
|-supereffective|p1a: Behemoth
|-damage|p1a: Behemoth|0 fnt
|-heal|p2a: Primarina|61/100|[from] drain|[of] p1a: Behemoth
|faint|p1a: Behemoth
|-end|p1a: Behemoth|Protosynthesis|[silent]
|
|-heal|p2a: Primarina|67/100|[from] item: Leftovers
|upkeep
|
|t:|1776086281
|switch|p1a: Anonymous|Ogerpon, F|100/100
|turn|10
|
|t:|1776086284
|switch|p2a: Zamazenta|Zamazenta|100/100
|-damage|p2a: Zamazenta|94/100|[from] Stealth Rock
|-ability|p2a: Zamazenta|Dauntless Shield|boost
|-boost|p2a: Zamazenta|def|1
|move|p1a: Anonymous|U-turn|p2a: Zamazenta
|-resisted|p2a: Zamazenta
|-damage|p2a: Zamazenta|84/100
|
|t:|1776086287
|switch|p1a: Overseer|Pecharunt|80/100 brn|[from] U-turn
|
|-damage|p1a: Overseer|74/100 brn|[from] brn
|upkeep
|turn|11
|
|t:|1776086290
|move|p2a: Zamazenta|Crunch|p1a: Overseer
|-supereffective|p1a: Overseer
|-damage|p1a: Overseer|42/100 brn
|-unboost|p1a: Overseer|def|1
|-damage|p2a: Zamazenta|67/100|[from] item: Rocky Helmet|[of] p1a: Overseer
|-damage|p2a: Zamazenta|57/100|[from] item: Life Orb
|move|p1a: Overseer|Parting Shot|p2a: Zamazenta
|-unboost|p2a: Zamazenta|atk|1
|-unboost|p2a: Zamazenta|spa|1
|
|t:|1776086298
|switch|p1a: Pisces|Alomomola, M, shiny|100/100|[from] Parting Shot
|
|upkeep
|turn|12
|
|t:|1776086308
|switch|p2a: Primarina|Primarina, F|67/100
|-damage|p2a: Primarina|55/100|[from] Stealth Rock
|move|p1a: Pisces|Flip Turn|p2a: Primarina
|-resisted|p2a: Primarina
|-damage|p2a: Primarina|47/100
|
|t:|1776086311
|switch|p1a: Anonymous|Ogerpon, F|100/100|[from] Flip Turn
|
|-heal|p2a: Primarina|53/100|[from] item: Leftovers
|upkeep
|turn|13
|
|t:|1776086319
|switch|p2a: Zamazenta|Zamazenta|57/100
|-damage|p2a: Zamazenta|51/100|[from] Stealth Rock
|move|p1a: Anonymous|U-turn|p2a: Zamazenta
|-resisted|p2a: Zamazenta
|-damage|p2a: Zamazenta|34/100
|
|t:|1776086323
|switch|p1a: Overseer|Pecharunt|42/100 brn|[from] U-turn
|
|-damage|p1a: Overseer|36/100 brn|[from] brn
|upkeep
|turn|14
|
|t:|1776086332
|move|p2a: Zamazenta|Crunch|p1a: Overseer
|-supereffective|p1a: Overseer
|-damage|p1a: Overseer|4/100 brn
|-damage|p2a: Zamazenta|18/100|[from] item: Rocky Helmet|[of] p1a: Overseer
|-damage|p2a: Zamazenta|8/100|[from] item: Life Orb
|move|p1a: Overseer|Recover|p1a: Overseer
|-heal|p1a: Overseer|54/100 brn
|
|-damage|p1a: Overseer|48/100 brn|[from] brn
|upkeep
|turn|15
|
|t:|1776086335
|switch|p2a: Cinderace|Cinderace, F|40/100
|move|p1a: Overseer|Recover|p1a: Overseer
|-heal|p1a: Overseer|98/100 brn
|
|-damage|p1a: Overseer|92/100 brn|[from] brn
|upkeep
|turn|16
|
|t:|1776086338
|move|p2a: Cinderace|Court Change|p2a: Cinderace
|-swapsideconditions
|-activate|p2a: Cinderace|move: Court Change
|move|p1a: Overseer|Malignant Chain|p2a: Cinderace
|-damage|p2a: Cinderace|0 fnt
|faint|p2a: Cinderace
|
|-damage|p1a: Overseer|86/100 brn|[from] brn
|upkeep
|
|t:|1776086340
|switch|p2a: Kingambit|Kingambit, F|94/100
|-activate|p2a: Kingambit|ability: Supreme Overlord
|-start|p2a: Kingambit|fallen2|[silent]
|-item|p2a: Kingambit|Air Balloon
|turn|17
|
|t:|1776086342
|move|p1a: Overseer|Parting Shot|p2a: Kingambit
|-unboost|p2a: Kingambit|atk|1
|-unboost|p2a: Kingambit|spa|1
|
|t:|1776086349
|switch|p1a: Smile.exe|Tinkaton, F, shiny|100/100|[from] Parting Shot
|-damage|p1a: Smile.exe|94/100|[from] Stealth Rock
|-item|p1a: Smile.exe|Air Balloon
|move|p2a: Kingambit|Swords Dance|p2a: Kingambit
|-boost|p2a: Kingambit|atk|2
|
|upkeep
|turn|18
|
|t:|1776086351
|-end|p2a: Kingambit|fallen2|[silent]
|switch|p2a: Raging Bolt|Raging Bolt|100/100
|move|p1a: Smile.exe|Encore||[still]
|-fail|p1a: Smile.exe
|
|upkeep
|turn|19
|
|t:|1776086357
|move|p1a: Smile.exe|Stealth Rock|p2a: Raging Bolt
|-sidestart|p2: spookyz reqs|move: Stealth Rock
|move|p2a: Raging Bolt|Thunderbolt|p1a: Smile.exe
|-damage|p1a: Smile.exe|51/100
|-enditem|p1a: Smile.exe|Air Balloon
|
|upkeep
|turn|20
|
|t:|1776086365
|move|p1a: Smile.exe|Ice Hammer|p2a: Raging Bolt
|-supereffective|p2a: Raging Bolt
|-damage|p2a: Raging Bolt|68/100
|-unboost|p1a: Smile.exe|spe|1
|move|p2a: Raging Bolt|Thunderbolt|p1a: Smile.exe
|-damage|p1a: Smile.exe|2/100
|
|-heal|p2a: Raging Bolt|75/100|[from] item: Leftovers
|upkeep
|turn|21
|
|t:|1776086369
|move|p2a: Raging Bolt|Thunderbolt|p1a: Smile.exe
|-damage|p1a: Smile.exe|0 fnt
|faint|p1a: Smile.exe
|
|-heal|p2a: Raging Bolt|81/100|[from] item: Leftovers
|upkeep
|
|t:|1776086371
|switch|p1a: Hybrid|Hydreigon, M, shiny|100/100
|-damage|p1a: Hybrid|88/100|[from] Stealth Rock
|turn|22
|
|t:|1776086382
|-end|p2a: Raging Bolt|Protosynthesis|[silent]
|switch|p2a: Zamazenta|Zamazenta|8/100
|-damage|p2a: Zamazenta|2/100|[from] Stealth Rock
|move|p1a: Hybrid|Dark Pulse|p2a: Zamazenta
|-resisted|p2a: Zamazenta
|-damage|p2a: Zamazenta|0 fnt
|faint|p2a: Zamazenta
|
|upkeep
|
|t:|1776086384
|switch|p2a: Primarina|Primarina, F|53/100
|-damage|p2a: Primarina|40/100|[from] Stealth Rock
|turn|23
|
|t:|1776086387
|switch|p1a: Pisces|Alomomola, M, shiny|100/100
|-damage|p1a: Pisces|88/100|[from] Stealth Rock
|move|p2a: Primarina|Draining Kiss|p1a: Pisces
|-damage|p1a: Pisces|77/100
|-heal|p2a: Primarina|53/100|[from] drain|[of] p1a: Pisces
|
|-heal|p2a: Primarina|59/100|[from] item: Leftovers
|upkeep
|turn|24
|
|t:|1776086389
|move|p2a: Primarina|Substitute|p2a: Primarina
|-start|p2a: Primarina|Substitute
|-damage|p2a: Primarina|34/100
|move|p1a: Pisces|Flip Turn|p2a: Primarina
|-resisted|p2a: Primarina
|-activate|p2a: Primarina|move: Substitute|[damage]
|
|t:|1776086394
|switch|p1a: Anonymous|Ogerpon, F|100/100|[from] Flip Turn
|-damage|p1a: Anonymous|88/100|[from] Stealth Rock
|
|-heal|p2a: Primarina|40/100|[from] item: Leftovers
|upkeep
|turn|25
|
|t:|1776086401
|move|p1a: Anonymous|Ivy Cudgel|p2a: Primarina
|-supereffective|p2a: Primarina
|-end|p2a: Primarina|Substitute
|move|p2a: Primarina|Draining Kiss|p1a: Anonymous
|-damage|p1a: Anonymous|61/100
|-heal|p2a: Primarina|58/100|[from] drain|[of] p1a: Anonymous
|
|-heal|p2a: Primarina|64/100|[from] item: Leftovers
|upkeep
|turn|26
|
|t:|1776086404
|switch|p1a: Hybrid|Hydreigon, M, shiny|88/100
|-damage|p1a: Hybrid|76/100|[from] Stealth Rock
|move|p2a: Primarina|Draining Kiss|p1a: Hybrid
|-supereffective|p1a: Hybrid
|-damage|p1a: Hybrid|0 fnt
|-heal|p2a: Primarina|100/100|[from] drain|[of] p1a: Hybrid
|faint|p1a: Hybrid
|
|upkeep
|c|☆spookyz reqs|hmm
|
|t:|1776086410
|switch|p1a: Anonymous|Ogerpon, F|61/100
|-damage|p1a: Anonymous|49/100|[from] Stealth Rock
|turn|27
|
|t:|1776086413
|move|p1a: Anonymous|Ivy Cudgel|p2a: Primarina
|-supereffective|p2a: Primarina
|-crit|p2a: Primarina
|-damage|p2a: Primarina|0 fnt
|faint|p2a: Primarina
|
|upkeep
|
|t:|1776086415
|switch|p2a: Raging Bolt|Raging Bolt|81/100
|-damage|p2a: Raging Bolt|68/100|[from] Stealth Rock
|turn|28
|
|t:|1776086422
|move|p1a: Anonymous|Ivy Cudgel|p2a: Raging Bolt
|-resisted|p2a: Raging Bolt
|-damage|p2a: Raging Bolt|44/100
|move|p2a: Raging Bolt|Dragon Pulse|p1a: Anonymous
|-damage|p1a: Anonymous|0 fnt
|faint|p1a: Anonymous
|
|-heal|p2a: Raging Bolt|50/100|[from] item: Leftovers
|upkeep
|
|t:|1776086428
|switch|p1a: Pisces|Alomomola, M, shiny|100/100
|-damage|p1a: Pisces|88/100|[from] Stealth Rock
|turn|29
|
|t:|1776086430
|move|p2a: Raging Bolt|Calm Mind|p2a: Raging Bolt
|-boost|p2a: Raging Bolt|spa|1
|-boost|p2a: Raging Bolt|spd|1
|move|p1a: Pisces|Mirror Coat||[still]
|-fail|p1a: Pisces
|
|-heal|p2a: Raging Bolt|56/100|[from] item: Leftovers
|upkeep
|turn|30
|
|t:|1776086432
|move|p2a: Raging Bolt|Calm Mind|p2a: Raging Bolt
|-boost|p2a: Raging Bolt|spa|1
|-boost|p2a: Raging Bolt|spd|1
|move|p1a: Pisces|Play Rough|p2a: Raging Bolt
|-supereffective|p2a: Raging Bolt
|-damage|p2a: Raging Bolt|33/100
|
|-heal|p2a: Raging Bolt|40/100|[from] item: Leftovers
|upkeep
|turn|31
|
|t:|1776086436
|-terastallize|p1a: Pisces|Fairy
|move|p2a: Raging Bolt|Calm Mind|p2a: Raging Bolt
|-boost|p2a: Raging Bolt|spa|1
|-boost|p2a: Raging Bolt|spd|1
|move|p1a: Pisces|Mirror Coat||[still]
|-fail|p1a: Pisces
|
|-heal|p2a: Raging Bolt|46/100|[from] item: Leftovers
|upkeep
|turn|32
|
|t:|1776086439
|move|p2a: Raging Bolt|Calm Mind|p2a: Raging Bolt
|-boost|p2a: Raging Bolt|spa|1
|-boost|p2a: Raging Bolt|spd|1
|move|p1a: Pisces|Play Rough|p2a: Raging Bolt
|-supereffective|p2a: Raging Bolt
|-damage|p2a: Raging Bolt|14/100
|
|-heal|p2a: Raging Bolt|20/100|[from] item: Leftovers
|upkeep
|turn|33
|
|t:|1776086441
|move|p2a: Raging Bolt|Thunderbolt|p1a: Pisces
|-damage|p1a: Pisces|28/100
|move|p1a: Pisces|Play Rough|p2a: Raging Bolt
|-supereffective|p2a: Raging Bolt
|-crit|p2a: Raging Bolt
|-damage|p2a: Raging Bolt|0 fnt
|faint|p2a: Raging Bolt
|-end|p2a: Raging Bolt|Protosynthesis|[silent]
|
|upkeep
|
|t:|1776086443
|switch|p2a: Kingambit|Kingambit, F|94/100
|-damage|p2a: Kingambit|88/100|[from] Stealth Rock
|-activate|p2a: Kingambit|ability: Supreme Overlord
|-start|p2a: Kingambit|fallen5|[silent]
|-item|p2a: Kingambit|Air Balloon
|turn|34
|
|t:|1776086445
|move|p2a: Kingambit|Iron Head|p1a: Pisces
|-supereffective|p1a: Pisces
|-damage|p1a: Pisces|0 fnt
|faint|p1a: Pisces
|
|upkeep
|
|t:|1776086447
|switch|p1a: Overseer|Pecharunt|86/100 brn
|-damage|p1a: Overseer|74/100 brn|[from] Stealth Rock
|turn|35
|-message|gen8arc forfeited.
|
|win|spookyz reqs
|raw|gen8arc's rating: 1625 &rarr; <strong>1611</strong><br />(-14 for losing)
|raw|spookyz reqs's rating: 1739 &rarr; <strong>1753</strong><br />(+14 for winning)
|l|☆gen8arc
|player|p1|
|l| spookyzreqs
|j| HATTORl
|l| HATTORl
