|html|<div class="broadcast-blue"><strong>[Gen 9] OU is currently suspecting Tera Blast! For information on how to participate check out the <a href="https://www.smogon.com/tools/suspects/view/200">suspect thread</a>.</strong></div>
|j|☆austin90
|j|☆magistermilitum420
|t:|1776209119
|gametype|singles
|player|p1|austin90|falkner|1289
|player|p2|magistermilitum420|blue|1313
|gen|9
|tier|[Gen 9] OU
|rated|
|rule|HP Percentage Mod: HP is shown in percentages
|rule|Endless Battle Clause: Forcing endless battles is banned
|rule|Species Clause: Limit one of each Pokémon
|rule|OHKO Clause: OHKO moves are banned
|rule|Evasion Items Clause: Evasion items are banned
|rule|Evasion Moves Clause: Evasion moves are banned
|rule|Evasion Abilities Clause: Evasion abilities are banned
|rule|Sleep Moves Clause: Sleep-inducing moves are banned
|clearpoke
|poke|p1|Raging Bolt|
|poke|p1|Torkoal, F|
|poke|p1|Rillaboom, M|
|poke|p1|Blissey, F|
|poke|p1|Heatran, F|
|poke|p1|Alomomola, F|
|poke|p2|Meowscarada, F|
|poke|p2|Great Tusk|
|poke|p2|Alomomola, M|
|poke|p2|Slowking-Galar, F|
|poke|p2|Iron Valiant|
|poke|p2|Heatran, F|
|teampreview
|inactive|Battle timer is ON: inactive players will automatically lose when time's up. (requested by austin90)
|
|t:|1776209126
|teamsize|p1|6
|teamsize|p2|6
|start
|switch|p1a: Phishy|Alomomola, F|100/100
|switch|p2a: Mahad|Meowscarada, F, shiny|100/100
|turn|1
|
|t:|1776209133
|-terastallize|p1a: Phishy|Steel
|move|p2a: Mahad|Knock Off|p1a: Phishy
|-start|p2a: Mahad|typechange|Dark|[from] ability: Protean
|-damage|p1a: Phishy|67/100
|-enditem|p1a: Phishy|Assault Vest|[from] move: Knock Off|[of] p2a: Mahad
|move|p1a: Phishy|Play Rough|p2a: Mahad
|-supereffective|p2a: Mahad
|-damage|p2a: Mahad|24/100
|
|upkeep
|turn|2
|
|t:|1776209145
|switch|p2a: Charybdis|Alomomola, M, shiny|100/100
|move|p1a: Phishy|Flip Turn|p2a: Charybdis
|-resisted|p2a: Charybdis
|-damage|p2a: Charybdis|94/100
|-damage|p1a: Phishy|50/100|[from] item: Rocky Helmet|[of] p2a: Charybdis
|
|t:|1776209150
|switch|p1a: Timmy|Torkoal, F|100/100|[from] Flip Turn
|-weather|SunnyDay|[from] ability: Drought|[of] p1a: Timmy
|
|-weather|SunnyDay|[upkeep]
|upkeep
|turn|3
|
|t:|1776209158
|switch|p2a: Vulcanus|Heatran, F, shiny|100/100
|move|p1a: Timmy|Will-O-Wisp|p2a: Vulcanus
|-start|p2a: Vulcanus|ability: Flash Fire
|
|-weather|SunnyDay|[upkeep]
|upkeep
|turn|4
|
|t:|1776209166
|switch|p1a: Jee Raff|Raging Bolt|100/100
|-activate|p1a: Jee Raff|ability: Protosynthesis
|-start|p1a: Jee Raff|protosynthesisspa
|move|p2a: Vulcanus|Earth Power|p1a: Jee Raff
|-supereffective|p1a: Jee Raff
|-damage|p1a: Jee Raff|49/100
|
|-weather|SunnyDay|[upkeep]
|upkeep
|turn|5
|
|t:|1776209175
|move|p2a: Vulcanus|Earth Power|p1a: Jee Raff
|-supereffective|p1a: Jee Raff
|-damage|p1a: Jee Raff|0 fnt
|faint|p1a: Jee Raff
|-end|p1a: Jee Raff|Protosynthesis|[silent]
|
|-weather|SunnyDay|[upkeep]
|upkeep
|
|t:|1776209177
|switch|p1a: James|Rillaboom, M|100/100
|-fieldstart|move: Grassy Terrain|[from] ability: Grassy Surge|[of] p1a: James
|turn|6
|-message|austin90 forfeited.
|
|win|magistermilitum420
|raw|austin90's rating: 1289 &rarr; <strong>1266</strong><br />(-23 for losing)
|raw|magistermilitum420's rating: 1313 &rarr; <strong>1332</strong><br />(+19 for winning)
|l|☆austin90
|player|p1|
