|html|<div class="broadcast-blue"><strong>[Gen 9] OU is currently suspecting Tera Blast! For information on how to participate check out the <a href="https://www.smogon.com/tools/suspects/view/200">suspect thread</a>.</strong></div>
|j|☆mothfox
|j|☆optimalling
|t:|1776112074
|gametype|singles
|player|p1|mothfox|colress|1290
|player|p2|optimalling|norman|1316
|gen|9
|tier|[Gen 9] OU
|rated|
|rule|HP Percentage Mod: HP is shown in percentages
|rule|Endless Battle Clause: Forcing endless battles is banned
|rule|Species Clause: Limit one of each Pokémon
|rule|OHKO Clause: OHKO moves are banned
|rule|Evasion Items Clause: Evasion items are banned
|rule|Evasion Moves Clause: Evasion moves are banned
|rule|Evasion Abilities Clause: Evasion abilities are banned
|rule|Sleep Moves Clause: Sleep-inducing moves are banned
|clearpoke
|poke|p1|Dragonite, M|
|poke|p1|Samurott-Hisui, M|
|poke|p1|Clefable, M|
|poke|p1|Gliscor, M|
|poke|p1|Gholdengo|
|poke|p1|Zamazenta-*|
|poke|p2|Hatterene, F|
|poke|p2|Maushold|
|poke|p2|Ceruledge, F|
|poke|p2|Ogerpon-Cornerstone, F|
|poke|p2|Dragonite, F|
|poke|p2|Mamoswine, F|
|teampreview
|inactive|Battle timer is ON: inactive players will automatically lose when time's up. (requested by mothfox)
|inactive|mothfox has 120 seconds left.
|
|t:|1776112121
|teamsize|p1|6
|teamsize|p2|6
|start
|switch|p1a: Gholdengo|Gholdengo|100/100
|switch|p2a: Maushold|Maushold|100/100
|turn|1
|
|t:|1776112139
|switch|p2a: Ceruledge|Ceruledge, F|100/100
|move|p1a: Gholdengo|Make It Rain|p2a: Ceruledge
|-resisted|p2a: Ceruledge
|-damage|p2a: Ceruledge|60/100
|-unboost|p1a: Gholdengo|spa|1
|
|upkeep
|turn|2
|
|t:|1776112153
|switch|p1a: Samurott|Samurott-Hisui, M|100/100
|move|p2a: Ceruledge|Bitter Blade|p1a: Samurott
|-resisted|p1a: Samurott
|-damage|p1a: Samurott|72/100
|-heal|p2a: Ceruledge|79/100|[from] drain|[of] p1a: Samurott
|
|upkeep
|turn|3
|
|t:|1776112165
|move|p2a: Ceruledge|Close Combat|p1a: Samurott
|-supereffective|p1a: Samurott
|-damage|p1a: Samurott|0 fnt
|-unboost|p2a: Ceruledge|def|1
|-unboost|p2a: Ceruledge|spd|1
|faint|p1a: Samurott
|
|upkeep
|
|t:|1776112175
|switch|p1a: Gholdengo|Gholdengo|100/100
|turn|4
|
|t:|1776112198
|move|p2a: Ceruledge|Shadow Sneak|p1a: Gholdengo
|-supereffective|p1a: Gholdengo
|-damage|p1a: Gholdengo|47/100
|move|p1a: Gholdengo|Make It Rain|p2a: Ceruledge
|-resisted|p2a: Ceruledge
|-damage|p2a: Ceruledge|21/100
|-unboost|p1a: Gholdengo|spa|1
|
|upkeep
|turn|5
|inactive|mothfox has 120 seconds left.
|inactive|optimalling has 120 seconds left.
|
|t:|1776112239
|switch|p1a: Zamazenta|Zamazenta|100/100
|-ability|p1a: Zamazenta|Dauntless Shield|boost
|-boost|p1a: Zamazenta|def|1
|move|p2a: Ceruledge|Shadow Sneak|p1a: Zamazenta
|-damage|p1a: Zamazenta|88/100
|
|-heal|p1a: Zamazenta|94/100|[from] item: Leftovers
|upkeep
|turn|6
|
|t:|1776112250
|switch|p2a: Hatterene|Hatterene, F|100/100
|move|p1a: Zamazenta|Crunch|p2a: Hatterene
|-damage|p2a: Hatterene|82/100
|-damage|p1a: Zamazenta|77/100|[from] item: Rocky Helmet|[of] p2a: Hatterene
|
|-heal|p1a: Zamazenta|83/100|[from] item: Leftovers
|upkeep
|turn|7
|inactive|optimalling has 120 seconds left.
|
|t:|1776112265
|switch|p1a: Clefable|Clefable, M|100/100
|move|p2a: Hatterene|Psychic Noise|p1a: Clefable
|-damage|p1a: Clefable|71/100
|-start|p1a: Clefable|move: Heal Block
|
|upkeep
|turn|8
|
|t:|1776112274
|switch|p2a: Ceruledge|Ceruledge, F|21/100
|move|p1a: Clefable|Knock Off|p2a: Ceruledge
|-supereffective|p2a: Ceruledge
|-damage|p2a: Ceruledge|0 fnt
|-enditem|p2a: Ceruledge|Focus Sash|[from] move: Knock Off|[of] p1a: Clefable
|faint|p2a: Ceruledge
|
|-end|p1a: Clefable|move: Heal Block
|upkeep
|inactive|optimalling has 120 seconds left.
|
|t:|1776112284
|switch|p2a: Dragonite|Dragonite, F|100/100
|turn|9
|inactive|mothfox has 120 seconds left.
|
|t:|1776112292
|-terastallize|p2a: Dragonite|Flying
|move|p2a: Dragonite|Dragon Dance|p2a: Dragonite
|-boost|p2a: Dragonite|atk|1
|-boost|p2a: Dragonite|spe|1
|move|p1a: Clefable|Moonblast|p2a: Dragonite
|-damage|p2a: Dragonite|83/100
|-unboost|p2a: Dragonite|spa|1
|
|upkeep
|turn|10
|
|t:|1776112301
|move|p2a: Dragonite|Dragon Dance|p2a: Dragonite
|-boost|p2a: Dragonite|atk|1
|-boost|p2a: Dragonite|spe|1
|move|p1a: Clefable|Knock Off|p2a: Dragonite
|-damage|p2a: Dragonite|68/100
|-enditem|p2a: Dragonite|Sharp Beak|[from] move: Knock Off|[of] p1a: Clefable
|
|upkeep
|turn|11
|inactive|mothfox has 120 seconds left.
|
|t:|1776112334
|move|p2a: Dragonite|Tera Blast|p1a: Clefable|[anim] Tera Blast Flying
|-damage|p1a: Clefable|0 fnt
|faint|p1a: Clefable
|
|upkeep
|inactive|mothfox has 90 seconds left.
|
|t:|1776112356
|switch|p1a: Dragonite|Dragonite, M|100/100
|turn|12
|
|t:|1776112373
|move|p2a: Dragonite|Tera Blast|p1a: Dragonite|[anim] Tera Blast Flying
|-damage|p1a: Dragonite|41/100
|move|p1a: Dragonite|Dragon Dance|p1a: Dragonite
|-boost|p1a: Dragonite|atk|1
|-boost|p1a: Dragonite|spe|1
|
|upkeep
|turn|13
|
|t:|1776112379
|-terastallize|p1a: Dragonite|Normal
|move|p1a: Dragonite|Extreme Speed|p2a: Dragonite
|-damage|p2a: Dragonite|0 fnt
|faint|p2a: Dragonite
|
|upkeep
|
|t:|1776112402
|switch|p2a: Ogerpon|Ogerpon-Cornerstone, F|100/100
|turn|14
|
|t:|1776112415
|move|p1a: Dragonite|Roost|p1a: Dragonite
|-heal|p1a: Dragonite|91/100
|move|p2a: Ogerpon|Ivy Cudgel|p1a: Dragonite|[anim] Ivy Cudgel Rock
|-damage|p1a: Dragonite|31/100
|
|upkeep
|turn|15
|inactive|mothfox has 90 seconds left.
|
|t:|1776112451
|move|p1a: Dragonite|Extreme Speed|p2a: Ogerpon
|-resisted|p2a: Ogerpon
|-damage|p2a: Ogerpon|55/100
|move|p2a: Ogerpon|Ivy Cudgel|p1a: Dragonite|[anim] Ivy Cudgel Rock
|-damage|p1a: Dragonite|0 fnt
|faint|p1a: Dragonite
|
|upkeep
|
|t:|1776112458
|switch|p1a: Gholdengo|Gholdengo|47/100
|turn|16
|
|t:|1776112466
|move|p1a: Gholdengo|Make It Rain|p2a: Ogerpon
|-supereffective|p2a: Ogerpon
|-damage|p2a: Ogerpon|0 fnt
|-unboost|p1a: Gholdengo|spa|1
|faint|p2a: Ogerpon
|
|upkeep
|
|t:|1776112471
|switch|p2a: Mamoswine|Mamoswine, F|100/100
|turn|17
|
|t:|1776112476
|move|p1a: Gholdengo|Make It Rain|p2a: Mamoswine
|-supereffective|p2a: Mamoswine
|-enditem|p2a: Mamoswine|Focus Sash
|-damage|p2a: Mamoswine|1/100
|-unboost|p1a: Gholdengo|spa|1
|move|p2a: Mamoswine|Earthquake|p1a: Gholdengo
|-supereffective|p1a: Gholdengo
|-damage|p1a: Gholdengo|0 fnt
|faint|p1a: Gholdengo
|
|upkeep
|
|t:|1776112487
|switch|p1a: Zamazenta|Zamazenta|83/100
|turn|18
|
|t:|1776112501
|move|p1a: Zamazenta|Body Press|p2a: Mamoswine
|-supereffective|p2a: Mamoswine
|-damage|p2a: Mamoswine|0 fnt
|faint|p2a: Mamoswine
|
|-heal|p1a: Zamazenta|89/100|[from] item: Leftovers
|upkeep
|
|t:|1776112502
|switch|p2a: Hatterene|Hatterene, F|82/100
|turn|19
|
|t:|1776112519
|switch|p1a: Gliscor|Gliscor, M|100/100
|move|p2a: Hatterene|Psychic Noise|p1a: Gliscor
|-damage|p1a: Gliscor|69/100
|-start|p1a: Gliscor|move: Heal Block
|
|-status|p1a: Gliscor|tox|[from] item: Toxic Orb
|upkeep
|turn|20
|inactive|optimalling has 120 seconds left.
|
|t:|1776112578
|move|p1a: Gliscor|Knock Off|p2a: Hatterene
|-damage|p2a: Hatterene|65/100
|-damage|p1a: Gliscor|52/100 tox|[from] item: Rocky Helmet|[of] p2a: Hatterene
|-enditem|p2a: Hatterene|Rocky Helmet|[from] move: Knock Off|[of] p1a: Gliscor
|move|p2a: Hatterene|Psychic Noise|p1a: Gliscor
|-damage|p1a: Gliscor|23/100 tox
|
|-end|p1a: Gliscor|move: Heal Block
|upkeep
|turn|21
|
|t:|1776112588
|move|p1a: Gliscor|Protect|p1a: Gliscor
|-singleturn|p1a: Gliscor|Protect
|move|p2a: Hatterene|Psychic Noise|p1a: Gliscor
|-activate|p1a: Gliscor|move: Protect
|
|-heal|p1a: Gliscor|36/100 tox|[from] ability: Poison Heal
|upkeep
|turn|22
|
|t:|1776112599
|switch|p2a: Maushold|Maushold|100/100
|move|p1a: Gliscor|Facade|p2a: Maushold
|-damage|p2a: Maushold|51/100
|
|-heal|p1a: Gliscor|48/100 tox|[from] ability: Poison Heal
|upkeep
|turn|23
|inactive|optimalling has 120 seconds left.
|inactive|mothfox has 90 seconds left.
|
|t:|1776112633
|move|p1a: Gliscor|Protect|p1a: Gliscor
|-singleturn|p1a: Gliscor|Protect
|move|p2a: Maushold|Population Bomb|p1a: Gliscor
|-activate|p1a: Gliscor|move: Protect
|
|-heal|p1a: Gliscor|61/100 tox|[from] ability: Poison Heal
|upkeep
|turn|24
|inactive|optimalling has 120 seconds left.
|
|t:|1776112667
|switch|p1a: Zamazenta|Zamazenta|89/100
|move|p2a: Maushold|Population Bomb|p1a: Zamazenta
|-damage|p1a: Zamazenta|80/100
|-damage|p1a: Zamazenta|70/100
|-damage|p1a: Zamazenta|61/100
|-damage|p1a: Zamazenta|50/100
|-damage|p1a: Zamazenta|41/100
|-damage|p1a: Zamazenta|31/100
|-damage|p1a: Zamazenta|20/100
|-damage|p1a: Zamazenta|11/100
|-damage|p1a: Zamazenta|2/100
|-damage|p1a: Zamazenta|0 fnt
|faint|p1a: Zamazenta
|-hitcount|p1: Zamazenta|10
|
|upkeep
|c|☆mothfox|fuck
|c|☆mothfox|gg
|inactive|mothfox has 60 seconds left.
|-message|mothfox forfeited.
|
|win|optimalling
|raw|mothfox's rating: 1290 &rarr; <strong>1266</strong><br />(-24 for losing)
|raw|optimalling's rating: 1298 &rarr; <strong>1322</strong><br />(+24 for winning)
