|html|<div class="broadcast-blue"><strong>[Gen 9] OU is currently suspecting Tera Blast! For information on how to participate check out the <a href="https://www.smogon.com/tools/suspects/view/200">suspect thread</a>.</strong></div>
|j|☆GreninjaMyFav
|j|☆LeChunkalo
|t:|1776058842
|gametype|singles
|player|p1|GreninjaMyFav|skyla|1528
|player|p2|LeChunkalo|biker-gen4|1507
|gen|9
|tier|[Gen 9] OU
|rated|
|rule|HP Percentage Mod: HP is shown in percentages
|rule|Endless Battle Clause: Forcing endless battles is banned
|rule|Species Clause: Limit one of each Pokémon
|rule|OHKO Clause: OHKO moves are banned
|rule|Evasion Items Clause: Evasion items are banned
|rule|Evasion Moves Clause: Evasion moves are banned
|rule|Evasion Abilities Clause: Evasion abilities are banned
|rule|Sleep Moves Clause: Sleep-inducing moves are banned
|clearpoke
|poke|p1|Ninetales-Alola, F|
|poke|p1|Darkrai|
|poke|p1|Zamazenta-*|
|poke|p1|Gliscor, M|
|poke|p1|Ceruledge, M|
|poke|p1|Hatterene, F|
|poke|p2|Lokix, M|
|poke|p2|Tyranitar, M|
|poke|p2|Excadrill, F|
|poke|p2|Moltres|
|poke|p2|Corviknight, M|
|poke|p2|Alomomola, M|
|teampreview
|inactive|Battle timer is ON: inactive players will automatically lose when time's up. (requested by LeChunkalo)
|
|t:|1776058850
|teamsize|p1|6
|teamsize|p2|6
|start
|switch|p1a: Gliscor|Gliscor, M|100/100
|switch|p2a: Lokix|Lokix, M|100/100
|turn|1
|
|t:|1776058857
|switch|p1a: Hatterene|Hatterene, F|100/100
|move|p2a: Lokix|Knock Off|p1a: Hatterene
|-damage|p1a: Hatterene|41/100
|-enditem|p1a: Hatterene|Leftovers|[from] move: Knock Off|[of] p2a: Lokix
|
|upkeep
|turn|2
|
|t:|1776058866
|switch|p2a: Corviknight|Corviknight, M|100/100
|-ability|p2a: Corviknight|Pressure
|move|p1a: Hatterene|Nuzzle|p2a: Corviknight
|-supereffective|p2a: Corviknight
|-damage|p2a: Corviknight|95/100
|-status|p2a: Corviknight|par
|-damage|p1a: Hatterene|24/100|[from] item: Rocky Helmet|[of] p2a: Corviknight
|
|upkeep
|turn|3
|
|t:|1776058876
|switch|p1a: Ninetales|Ninetales-Alola, F|100/100
|-weather|Snowscape|[from] ability: Snow Warning|[of] p1a: Ninetales
|move|p2a: Corviknight|U-turn|p1a: Ninetales
|-resisted|p1a: Ninetales
|-damage|p1a: Ninetales|95/100
|
|t:|1776058879
|switch|p2a: Lokix|Lokix, M|100/100|[from] U-turn
|
|-weather|Snowscape|[upkeep]
|upkeep
|turn|4
|
|t:|1776058882
|-terastallize|p2a: Lokix|Bug
|move|p2a: Lokix|First Impression|p1a: Ninetales
|-resisted|p1a: Ninetales
|-damage|p1a: Ninetales|20/100
|move|p1a: Ninetales|Aurora Veil|p1a: Ninetales
|-sidestart|p1: GreninjaMyFav|move: Aurora Veil
|
|-weather|Snowscape|[upkeep]
|upkeep
|turn|5
|
|t:|1776058890
|switch|p1a: Gliscor|Gliscor, M|100/100
|switch|p2a: Tyranitar|Tyranitar, M|100/100
|-weather|Sandstorm|[from] ability: Sand Stream|[of] p2a: Tyranitar
|
|-weather|Sandstorm|[upkeep]
|-status|p1a: Gliscor|tox|[from] item: Toxic Orb
|upkeep
|turn|6
|
|t:|1776058893
|switch|p2a: Corviknight|Corviknight, M|95/100 par
|-ability|p2a: Corviknight|Pressure
|-terastallize|p1a: Gliscor|Normal
|move|p1a: Gliscor|Swords Dance|p1a: Gliscor
|-boost|p1a: Gliscor|atk|2
|
|-weather|Sandstorm|[upkeep]
|-damage|p1a: Gliscor|94/100 tox|[from] Sandstorm
|-heal|p1a: Gliscor|100/100 tox|[from] ability: Poison Heal
|upkeep
|turn|7
|
|t:|1776058909
|move|p1a: Gliscor|Swords Dance|p1a: Gliscor
|-boost|p1a: Gliscor|atk|2
|move|p2a: Corviknight|U-turn|p1a: Gliscor
|-damage|p1a: Gliscor|94/100 tox
|
|t:|1776058912
|switch|p2a: Tyranitar|Tyranitar, M|100/100|[from] U-turn
|
|-weather|Sandstorm|[upkeep]
|-damage|p1a: Gliscor|88/100 tox|[from] Sandstorm
|-heal|p1a: Gliscor|100/100 tox|[from] ability: Poison Heal
|upkeep
|turn|8
|
|t:|1776058914
|move|p1a: Gliscor|Agility|p1a: Gliscor
|-boost|p1a: Gliscor|spe|2
|move|p2a: Tyranitar|Roar|p1a: Gliscor
|drag|p1a: Hatterene|Hatterene, F|24/100
|
|-weather|Sandstorm|[upkeep]
|-damage|p1a: Hatterene|18/100|[from] Sandstorm
|upkeep
|turn|9
|
|t:|1776058926
|switch|p1a: Zamazenta|Zamazenta|100/100
|-ability|p1a: Zamazenta|Dauntless Shield|boost
|-boost|p1a: Zamazenta|def|1
|move|p2a: Tyranitar|Knock Off|p1a: Zamazenta
|-resisted|p1a: Zamazenta
|-crit|p1a: Zamazenta
|-damage|p1a: Zamazenta|75/100
|-enditem|p1a: Zamazenta|Leftovers|[from] move: Knock Off|[of] p2a: Tyranitar
|
|-weather|Sandstorm|[upkeep]
|-damage|p1a: Zamazenta|69/100|[from] Sandstorm
|upkeep
|turn|10
|
|t:|1776058931
|switch|p2a: Moltres|Moltres|100/100
|move|p1a: Zamazenta|Iron Defense|p1a: Zamazenta
|-boost|p1a: Zamazenta|def|2
|
|-weather|Sandstorm|[upkeep]
|-damage|p1a: Zamazenta|63/100|[from] Sandstorm
|-damage|p2a: Moltres|94/100|[from] Sandstorm
|upkeep
|turn|11
|
|t:|1776058936
|move|p1a: Zamazenta|Stone Edge|p2a: Moltres
|-supereffective|p2a: Moltres
|-crit|p2a: Moltres
|-damage|p2a: Moltres|0 fnt
|faint|p2a: Moltres
|
|-weather|Sandstorm|[upkeep]
|-damage|p1a: Zamazenta|57/100|[from] Sandstorm
|-sideend|p1: GreninjaMyFav|move: Aurora Veil
|upkeep
|
|t:|1776058946
|switch|p2a: Corviknight|Corviknight, M|95/100 par
|-ability|p2a: Corviknight|Pressure
|turn|12
|
|t:|1776058962
|switch|p1a: Hatterene|Hatterene, F|18/100
|cant|p2a: Corviknight|par
|
|-weather|none
|upkeep
|turn|13
|
|t:|1776058965
|move|p1a: Hatterene|Psychic Noise|p2a: Corviknight
|-resisted|p2a: Corviknight
|-damage|p2a: Corviknight|80/100 par
|-start|p2a: Corviknight|move: Heal Block
|move|p2a: Corviknight|U-turn|p1a: Hatterene
|-damage|p1a: Hatterene|8/100
|
|t:|1776058970
|switch|p2a: Lokix|Lokix, M, tera:Bug|100/100|[from] U-turn
|
|upkeep
|turn|14
|
|t:|1776058972
|move|p2a: Lokix|U-turn|p1a: Hatterene
|-damage|p1a: Hatterene|0 fnt
|faint|p1a: Hatterene
|
|t:|1776058979
|switch|p2a: Alomomola|Alomomola, M|100/100|[from] U-turn
|
|upkeep
|
|t:|1776058982
|switch|p1a: Ninetales|Ninetales-Alola, F|20/100
|-weather|Snowscape|[from] ability: Snow Warning|[of] p1a: Ninetales
|turn|15
|
|t:|1776058984
|switch|p2a: Tyranitar|Tyranitar, M|100/100
|-weather|Sandstorm|[from] ability: Sand Stream|[of] p2a: Tyranitar
|move|p1a: Ninetales|Aurora Veil||[still]
|-fail|p1a: Ninetales
|
|-weather|Sandstorm|[upkeep]
|-damage|p1a: Ninetales|14/100|[from] Sandstorm
|upkeep
|turn|16
|
|t:|1776058993
|switch|p1a: Gliscor|Gliscor, M, tera:Normal|100/100 tox
|move|p2a: Tyranitar|Stealth Rock|p1a: Gliscor
|-sidestart|p1: GreninjaMyFav|move: Stealth Rock
|
|-weather|Sandstorm|[upkeep]
|-damage|p1a: Gliscor|94/100 tox|[from] Sandstorm
|-heal|p1a: Gliscor|100/100 tox|[from] ability: Poison Heal
|upkeep
|turn|17
|
|t:|1776058996
|move|p1a: Gliscor|Swords Dance|p1a: Gliscor
|-boost|p1a: Gliscor|atk|2
|move|p2a: Tyranitar|Ice Beam|p1a: Gliscor
|-damage|p1a: Gliscor|77/100 tox
|
|-weather|Sandstorm|[upkeep]
|-damage|p1a: Gliscor|71/100 tox|[from] Sandstorm
|-heal|p1a: Gliscor|83/100 tox|[from] ability: Poison Heal
|upkeep
|turn|18
|
|t:|1776059002
|move|p1a: Gliscor|Earthquake|p2a: Tyranitar
|-supereffective|p2a: Tyranitar
|-damage|p2a: Tyranitar|0 fnt
|faint|p2a: Tyranitar
|
|-weather|Sandstorm|[upkeep]
|-damage|p1a: Gliscor|77/100 tox|[from] Sandstorm
|-heal|p1a: Gliscor|90/100 tox|[from] ability: Poison Heal
|upkeep
|
|t:|1776059011
|switch|p2a: Excadrill|Excadrill, F|100/100
|-item|p2a: Excadrill|Air Balloon
|turn|19
|
|t:|1776059016
|move|p2a: Excadrill|Iron Head|p1a: Gliscor
|-damage|p1a: Gliscor|54/100 tox
|cant|p1a: Gliscor|flinch
|
|-weather|Sandstorm|[upkeep]
|-damage|p1a: Gliscor|47/100 tox|[from] Sandstorm
|-heal|p1a: Gliscor|60/100 tox|[from] ability: Poison Heal
|upkeep
|turn|20
|
|t:|1776059023
|move|p2a: Excadrill|Iron Head|p1a: Gliscor
|-damage|p1a: Gliscor|19/100 tox
|cant|p1a: Gliscor|flinch
|
|-weather|Sandstorm|[upkeep]
|-damage|p1a: Gliscor|13/100 tox|[from] Sandstorm
|-heal|p1a: Gliscor|25/100 tox|[from] ability: Poison Heal
|upkeep
|turn|21
|
|t:|1776059028
|switch|p1a: Ninetales|Ninetales-Alola, F|14/100
|-damage|p1a: Ninetales|0 fnt|[from] Stealth Rock
|faint|p1a: Ninetales
|move|p2a: Excadrill|Iron Head|p1: Ninetales|[notarget]
|-fail|p2a: Excadrill
|
|-weather|Sandstorm|[upkeep]
|upkeep
|
|t:|1776059032
|switch|p1a: Gliscor|Gliscor, M, tera:Normal|25/100 tox
|-damage|p1a: Gliscor|13/100 tox|[from] Stealth Rock
|turn|22
|
|t:|1776059035
|switch|p1a: Ceruledge|Ceruledge, M|100/100
|-damage|p1a: Ceruledge|76/100|[from] Stealth Rock
|move|p2a: Excadrill|Iron Head|p1a: Ceruledge
|-resisted|p1a: Ceruledge
|-damage|p1a: Ceruledge|47/100
|
|-weather|none
|upkeep
|turn|23
|
|t:|1776059043
|switch|p1a: Gliscor|Gliscor, M, tera:Normal|13/100 tox
|-damage|p1a: Gliscor|0 fnt|[from] Stealth Rock
|faint|p1a: Gliscor
|move|p2a: Excadrill|Earthquake|p1: Gliscor|[notarget]
|-fail|p2a: Excadrill
|
|upkeep
|
|t:|1776059046
|switch|p1a: Zamazenta|Zamazenta|57/100
|-damage|p1a: Zamazenta|51/100|[from] Stealth Rock
|turn|24
|
|t:|1776059049
|move|p1a: Zamazenta|Iron Defense|p1a: Zamazenta
|-boost|p1a: Zamazenta|def|2
|move|p2a: Excadrill|Earthquake|p1a: Zamazenta
|-damage|p1a: Zamazenta|29/100
|
|upkeep
|turn|25
|
|t:|1776059054
|move|p1a: Zamazenta|Body Press|p2a: Excadrill
|-supereffective|p2a: Excadrill
|-damage|p2a: Excadrill|0 fnt
|-enditem|p2a: Excadrill|Air Balloon
|faint|p2a: Excadrill
|
|upkeep
|
|t:|1776059057
|switch|p2a: Lokix|Lokix, M, tera:Bug|100/100
|turn|26
|
|t:|1776059061
|move|p2a: Lokix|First Impression|p1a: Zamazenta
|-resisted|p1a: Zamazenta
|-damage|p1a: Zamazenta|0 fnt
|faint|p1a: Zamazenta
|
|upkeep
|-message|GreninjaMyFav forfeited.
|
|win|LeChunkalo
|raw|GreninjaMyFav's rating: 1528 &rarr; <strong>1507</strong><br />(-21 for losing)
|raw|LeChunkalo's rating: 1507 &rarr; <strong>1528</strong><br />(+21 for winning)
|l|☆GreninjaMyFav
|player|p1|
|l|☆LeChunkalo
|player|p2|
