|html|<div class="broadcast-blue"><strong>[Gen 9] OU is currently suspecting Tera Blast! For information on how to participate check out the <a href="https://www.smogon.com/tools/suspects/view/200">suspect thread</a>.</strong></div>
|j|☆angel silhouettes
|j|☆HyperStallMIA
|t:|1776214472
|gametype|singles
|player|p1|angel silhouettes|grimsley|1656
|player|p2|HyperStallMIA|wallace|1556
|gen|9
|tier|[Gen 9] OU
|rated|
|rule|HP Percentage Mod: HP is shown in percentages
|rule|Endless Battle Clause: Forcing endless battles is banned
|rule|Species Clause: Limit one of each Pokémon
|rule|OHKO Clause: OHKO moves are banned
|rule|Evasion Items Clause: Evasion items are banned
|rule|Evasion Moves Clause: Evasion moves are banned
|rule|Evasion Abilities Clause: Evasion abilities are banned
|rule|Sleep Moves Clause: Sleep-inducing moves are banned
|clearpoke
|poke|p1|Iron Treads|
|poke|p1|Ogerpon-Wellspring, F|
|poke|p1|Dragonite, F|
|poke|p1|Iron Moth|
|poke|p1|Iron Valiant|
|poke|p1|Gholdengo|
|poke|p2|Toxapex, F|
|poke|p2|Gliscor, F|
|poke|p2|Alomomola, F|
|poke|p2|Blissey, F|
|poke|p2|Clodsire, F|
|poke|p2|Dondozo, F|
|teampreview
|inactive|Battle timer is ON: inactive players will automatically lose when time's up. (requested by HyperStallMIA)
|
|t:|1776214483
|teamsize|p1|6
|teamsize|p2|6
|start
|switch|p1a: Ogerpon|Ogerpon-Wellspring, F|100/100
|switch|p2a: Let's Try.|Gliscor, F, shiny|100/100
|turn|1
|
|t:|1776214488
|switch|p2a: Keep Trying.|Toxapex, F|100/100
|move|p1a: Ogerpon|Ivy Cudgel|p2a: Keep Trying.|[anim] Ivy Cudgel Water
|-resisted|p2a: Keep Trying.
|-damage|p2a: Keep Trying.|82/100
|
|upkeep
|turn|2
|
|t:|1776214495
|switch|p1a: Iron Treads|Iron Treads|100/100
|-enditem|p1a: Iron Treads|Booster Energy
|-activate|p1a: Iron Treads|ability: Quark Drive|[fromitem]
|-start|p1a: Iron Treads|quarkdrivespe
|switch|p2a: Let's Try.|Gliscor, F, shiny|100/100
|
|-status|p2a: Let's Try.|tox|[from] item: Toxic Orb
|upkeep
|turn|3
|
|t:|1776214502
|move|p2a: Let's Try.|Protect|p2a: Let's Try.
|-singleturn|p2a: Let's Try.|Protect
|move|p1a: Iron Treads|Ice Spinner|p2a: Let's Try.
|-activate|p2a: Let's Try.|move: Protect
|
|upkeep
|turn|4
|
|t:|1776214511
|switch|p2a: Try Harder.|Alomomola, F, shiny|100/100
|move|p1a: Iron Treads|Stealth Rock|p2a: Try Harder.
|-sidestart|p2: HyperStallMIA|move: Stealth Rock
|
|upkeep
|turn|5
|
|t:|1776214517
|-end|p1a: Iron Treads|Quark Drive|[silent]
|switch|p1a: Ogerpon|Ogerpon-Wellspring, F|100/100
|switch|p2a: Let's Try.|Gliscor, F, shiny|100/100 tox
|-damage|p2a: Let's Try.|88/100 tox|[from] Stealth Rock
|
|-heal|p2a: Let's Try.|100/100 tox|[from] ability: Poison Heal
|upkeep
|turn|6
|
|t:|1776214522
|switch|p2a: Keep Trying.|Toxapex, F|100/100
|move|p1a: Ogerpon|Ivy Cudgel|p2a: Keep Trying.|[anim] Ivy Cudgel Water
|-resisted|p2a: Keep Trying.
|-damage|p2a: Keep Trying.|83/100
|
|upkeep
|turn|7
|
|t:|1776214528
|move|p1a: Ogerpon|Power Whip|p2a: Keep Trying.
|-damage|p2a: Keep Trying.|41/100
|move|p2a: Keep Trying.|Toxic Spikes|p1a: Ogerpon
|-sidestart|p1: angel silhouettes|move: Toxic Spikes
|
|upkeep
|turn|8
|
|t:|1776214547
|-terastallize|p2a: Keep Trying.|Grass
|move|p1a: Ogerpon|Encore|p2a: Keep Trying.
|-start|p2a: Keep Trying.|Encore
|move|p2a: Keep Trying.|Toxic Spikes|p1a: Ogerpon
|-sidestart|p1: angel silhouettes|move: Toxic Spikes
|
|upkeep
|turn|9
|
|t:|1776214559
|switch|p2a: Try Harder.|Alomomola, F, shiny|100/100
|move|p1a: Ogerpon|Power Whip|p2a: Try Harder.
|-supereffective|p2a: Try Harder.
|-damage|p2a: Try Harder.|19/100
|
|upkeep
|turn|10
|
|t:|1776214575
|switch|p2a: Keep Trying.|Toxapex, F, tera:Grass|75/100
|move|p1a: Ogerpon|Ivy Cudgel|p2a: Keep Trying.|[anim] Ivy Cudgel Water
|-resisted|p2a: Keep Trying.
|-damage|p2a: Keep Trying.|55/100
|
|upkeep
|turn|11
|
|t:|1776214584
|switch|p1a: Iron Moth|Iron Moth|100/100
|-sideend|p1: angel silhouettes|move: Toxic Spikes|[of] p1a: Iron Moth
|-enditem|p1a: Iron Moth|Booster Energy
|-activate|p1a: Iron Moth|ability: Quark Drive|[fromitem]
|-start|p1a: Iron Moth|quarkdrivespe
|move|p2a: Keep Trying.|Toxic|p1a: Iron Moth
|-immune|p1a: Iron Moth
|
|upkeep
|turn|12
|
|t:|1776214602
|-end|p1a: Iron Moth|Quark Drive|[silent]
|switch|p1a: Ogerpon|Ogerpon-Wellspring, F|100/100
|switch|p2a: Still Trying?|Blissey, F, shiny|100/100
|
|upkeep
|turn|13
|
|t:|1776214617
|switch|p1a: Iron Treads|Iron Treads|100/100
|switch|p2a: Keep Trying.|Toxapex, F, tera:Grass|89/100
|
|upkeep
|turn|14
|
|t:|1776214625
|switch|p2a: Try Harder.|Alomomola, F, shiny|52/100
|move|p1a: Iron Treads|Ice Spinner|p2a: Try Harder.
|-resisted|p2a: Try Harder.
|-damage|p2a: Try Harder.|45/100
|
|upkeep
|turn|15
|
|t:|1776214630
|-end|p1a: Iron Treads|Quark Drive|[silent]
|switch|p1a: Ogerpon|Ogerpon-Wellspring, F|100/100
|switch|p2a: Keep Trying.|Toxapex, F, tera:Grass|100/100
|
|upkeep
|turn|16
|
|t:|1776214640
|switch|p1a: Iron Moth|Iron Moth|100/100
|move|p2a: Keep Trying.|Toxic|p1a: Iron Moth
|-immune|p1a: Iron Moth
|
|upkeep
|turn|17
|
|t:|1776214648
|move|p1a: Iron Moth|Fiery Dance|p2a: Keep Trying.
|-supereffective|p2a: Keep Trying.
|-damage|p2a: Keep Trying.|34/100
|move|p2a: Keep Trying.|Toxic|p1a: Iron Moth
|-immune|p1a: Iron Moth
|
|upkeep
|turn|18
|
|t:|1776214658
|switch|p2a: Still Trying?|Blissey, F, shiny|100/100
|move|p1a: Iron Moth|Fiery Dance|p2a: Still Trying?
|-damage|p2a: Still Trying?|89/100
|
|upkeep
|turn|19
|
|t:|1776214669
|-end|p1a: Iron Moth|Quark Drive|[silent]
|switch|p1a: Ogerpon|Ogerpon-Wellspring, F|100/100
|move|p2a: Still Trying?|Stealth Rock|p1a: Ogerpon
|-sidestart|p1: angel silhouettes|move: Stealth Rock
|
|upkeep
|turn|20
|
|t:|1776214677
|switch|p2a: Keep Trying.|Toxapex, F, tera:Grass|68/100
|move|p1a: Ogerpon|Power Whip|p2a: Keep Trying.
|-resisted|p2a: Keep Trying.
|-damage|p2a: Keep Trying.|45/100
|
|upkeep
|turn|21
|
|t:|1776214692
|switch|p1a: Iron Treads|Iron Treads|100/100
|-damage|p1a: Iron Treads|97/100|[from] Stealth Rock
|switch|p2a: Let's Try.|Gliscor, F, shiny|100/100 tox
|-damage|p2a: Let's Try.|88/100 tox|[from] Stealth Rock
|
|-heal|p2a: Let's Try.|100/100 tox|[from] ability: Poison Heal
|upkeep
|turn|22
|
|t:|1776214703
|switch|p2a: Try Harder.|Alomomola, F, shiny|78/100
|move|p1a: Iron Treads|Ice Spinner|p2a: Try Harder.
|-resisted|p2a: Try Harder.
|-damage|p2a: Try Harder.|71/100
|
|upkeep
|turn|23
|
|t:|1776214707
|move|p1a: Iron Treads|Rapid Spin|p2a: Try Harder.
|-crit|p2a: Try Harder.
|-damage|p2a: Try Harder.|58/100
|-boost|p1a: Iron Treads|spe|1
|-sideend|p1: angel silhouettes|Stealth Rock|[from] move: Rapid Spin|[of] p1a: Iron Treads
|move|p2a: Try Harder.|Scald|p1a: Iron Treads
|-supereffective|p1a: Iron Treads
|-damage|p1a: Iron Treads|58/100
|-status|p1a: Iron Treads|brn
|
|-damage|p1a: Iron Treads|51/100 brn|[from] brn
|upkeep
|turn|24
|
|t:|1776214717
|-end|p1a: Iron Treads|Quark Drive|[silent]
|switch|p1a: Ogerpon|Ogerpon-Wellspring, F|100/100
|move|p2a: Try Harder.|Wish|p2a: Try Harder.
|
|upkeep
|turn|25
|
|t:|1776214724
|switch|p2a: Keep Trying.|Toxapex, F, tera:Grass|78/100
|move|p1a: Ogerpon|Power Whip|p2a: Keep Trying.|[miss]
|-miss|p1a: Ogerpon|p2a: Keep Trying.
|
|-heal|p2a: Keep Trying.|100/100|[from] move: Wish|[wisher] Try Harder.
|upkeep
|turn|26
|
|t:|1776214733
|switch|p1a: Iron Moth|Iron Moth|100/100
|move|p2a: Keep Trying.|Toxic|p1a: Iron Moth
|-immune|p1a: Iron Moth
|
|upkeep
|turn|27
|
|t:|1776214739
|switch|p2a: Still Trying?|Blissey, F, shiny|89/100
|move|p1a: Iron Moth|Fiery Dance|p2a: Still Trying?
|-damage|p2a: Still Trying?|77/100
|-boost|p1a: Iron Moth|spa|1
|
|upkeep
|turn|28
|
|t:|1776214755
|-end|p1a: Iron Moth|Quark Drive|[silent]
|switch|p1a: Iron Treads|Iron Treads|51/100 brn
|move|p2a: Still Trying?|Stealth Rock|p1a: Iron Treads
|-sidestart|p1: angel silhouettes|move: Stealth Rock
|
|-damage|p1a: Iron Treads|45/100 brn|[from] brn
|upkeep
|turn|29
|
|t:|1776214763
|switch|p2a: Let's Try.|Gliscor, F, shiny|100/100 tox
|-damage|p2a: Let's Try.|88/100 tox|[from] Stealth Rock
|move|p1a: Iron Treads|Rapid Spin|p2a: Let's Try.
|-damage|p2a: Let's Try.|83/100 tox
|-boost|p1a: Iron Treads|spe|1
|-sideend|p1: angel silhouettes|Stealth Rock|[from] move: Rapid Spin|[of] p1a: Iron Treads
|
|-heal|p2a: Let's Try.|96/100 tox|[from] ability: Poison Heal
|-damage|p1a: Iron Treads|39/100 brn|[from] brn
|upkeep
|turn|30
|
|t:|1776214774
|-end|p1a: Iron Treads|Quark Drive|[silent]
|switch|p1a: Gholdengo|Gholdengo|100/100
|-item|p1a: Gholdengo|Air Balloon
|move|p2a: Let's Try.|Spikes|p1a: Gholdengo
|-sidestart|p1: angel silhouettes|Spikes
|
|-heal|p2a: Let's Try.|100/100 tox|[from] ability: Poison Heal
|upkeep
|turn|31
|
|t:|1776214790
|switch|p2a: Try Harder.|Alomomola, F, shiny|91/100
|move|p1a: Gholdengo|Nasty Plot|p1a: Gholdengo
|-boost|p1a: Gholdengo|spa|2
|
|upkeep
|turn|32
|
|t:|1776214798
|move|p1a: Gholdengo|Nasty Plot|p1a: Gholdengo
|-boost|p1a: Gholdengo|spa|2
|move|p2a: Try Harder.|Flip Turn|p1a: Gholdengo
|-damage|p1a: Gholdengo|89/100
|-enditem|p1a: Gholdengo|Air Balloon
|
|t:|1776214810
|switch|p2a: Worth Trying.|Clodsire, F, shiny|100/100|[from] Flip Turn
|
|upkeep
|turn|33
|
|t:|1776214815
|move|p1a: Gholdengo|Make It Rain|p2a: Worth Trying.
|-damage|p2a: Worth Trying.|71/100
|-unboost|p1a: Gholdengo|spa|1
|move|p2a: Worth Trying.|Amnesia|p2a: Worth Trying.
|-boost|p2a: Worth Trying.|spd|2
|
|upkeep
|turn|34
|
|t:|1776214825
|switch|p1a: Ogerpon|Ogerpon-Wellspring, F|100/100
|-damage|p1a: Ogerpon|88/100|[from] Spikes
|move|p2a: Worth Trying.|Toxic|p1a: Ogerpon
|-status|p1a: Ogerpon|tox
|
|-damage|p1a: Ogerpon|82/100 tox|[from] psn
|upkeep
|turn|35
|
|t:|1776214839
|switch|p1a: Iron Moth|Iron Moth|100/100
|-damage|p1a: Iron Moth|88/100|[from] Spikes
|switch|p2a: Keep Trying.|Toxapex, F, tera:Grass|100/100
|
|upkeep
|turn|36
|
|t:|1776214844
|switch|p2a: Still Trying?|Blissey, F, shiny|77/100
|move|p1a: Iron Moth|Fiery Dance|p2a: Still Trying?
|-crit|p2a: Still Trying?
|-damage|p2a: Still Trying?|58/100
|
|upkeep
|turn|37
|
|t:|1776214855
|-end|p1a: Iron Moth|Quark Drive|[silent]
|switch|p1a: Iron Valiant|Iron Valiant|100/100
|-damage|p1a: Iron Valiant|88/100|[from] Spikes
|-enditem|p1a: Iron Valiant|Booster Energy
|-activate|p1a: Iron Valiant|ability: Quark Drive|[fromitem]
|-start|p1a: Iron Valiant|quarkdrivespe
|move|p2a: Still Trying?|Stealth Rock|p1a: Iron Valiant
|-sidestart|p1: angel silhouettes|move: Stealth Rock
|
|upkeep
|turn|38
|
|t:|1776214865
|switch|p2a: Keep Trying.|Toxapex, F, tera:Grass|100/100
|move|p1a: Iron Valiant|Knock Off|p2a: Keep Trying.
|-damage|p2a: Keep Trying.|83/100
|-enditem|p2a: Keep Trying.|Heavy-Duty Boots|[from] move: Knock Off|[of] p1a: Iron Valiant
|
|upkeep
|turn|39
|
|t:|1776214888
|-end|p1a: Iron Valiant|Quark Drive|[silent]
|switch|p1a: Iron Treads|Iron Treads|39/100 brn
|-damage|p1a: Iron Treads|26/100 brn|[from] Spikes
|-damage|p1a: Iron Treads|23/100 brn|[from] Stealth Rock
|move|p2a: Keep Trying.|Toxic||[still]
|-fail|p2a: Keep Trying.
|
|-damage|p1a: Iron Treads|17/100 brn|[from] brn
|upkeep
|turn|40
|
|t:|1776214895
|switch|p2a: Let's Try.|Gliscor, F, shiny|100/100 tox
|-damage|p2a: Let's Try.|88/100 tox|[from] Stealth Rock
|move|p1a: Iron Treads|Rapid Spin|p2a: Let's Try.
|-damage|p2a: Let's Try.|83/100 tox
|-boost|p1a: Iron Treads|spe|1
|-sideend|p1: angel silhouettes|Spikes|[from] move: Rapid Spin|[of] p1a: Iron Treads
|-sideend|p1: angel silhouettes|Stealth Rock|[from] move: Rapid Spin|[of] p1a: Iron Treads
|
|-heal|p2a: Let's Try.|95/100 tox|[from] ability: Poison Heal
|-damage|p1a: Iron Treads|11/100 brn|[from] brn
|upkeep
|turn|41
|
|t:|1776214899
|move|p1a: Iron Treads|Ice Spinner|p2a: Let's Try.
|-supereffective|p2a: Let's Try.
|-damage|p2a: Let's Try.|64/100 tox
|move|p2a: Let's Try.|Spikes|p1a: Iron Treads
|-sidestart|p1: angel silhouettes|Spikes
|
|-heal|p2a: Let's Try.|76/100 tox|[from] ability: Poison Heal
|-damage|p1a: Iron Treads|5/100 brn|[from] brn
|upkeep
|turn|42
|
|t:|1776214923
|move|p1a: Iron Treads|Ice Spinner|p2a: Let's Try.
|-supereffective|p2a: Let's Try.
|-damage|p2a: Let's Try.|47/100 tox
|move|p2a: Let's Try.|Spikes|p1a: Iron Treads
|-sidestart|p1: angel silhouettes|Spikes
|
|-heal|p2a: Let's Try.|60/100 tox|[from] ability: Poison Heal
|-damage|p1a: Iron Treads|0 fnt|[from] brn
|faint|p1a: Iron Treads
|-end|p1a: Iron Treads|Quark Drive|[silent]
|upkeep
|inactive|angel silhouettes has 120 seconds left.
|
|t:|1776214944
|switch|p1a: Dragonite|Dragonite, F|100/100
|turn|43
|
|t:|1776214948
|switch|p2a: Try Harder.|Alomomola, F, shiny|100/100
|move|p1a: Dragonite|Dragon Dance|p1a: Dragonite
|-boost|p1a: Dragonite|atk|1
|-boost|p1a: Dragonite|spe|1
|
|upkeep
|turn|44
|
|t:|1776214952
|switch|p1a: Ogerpon|Ogerpon-Wellspring, F|82/100 tox
|-damage|p1a: Ogerpon|66/100 tox|[from] Spikes
|move|p2a: Try Harder.|Scald|p1a: Ogerpon
|-heal|p1a: Ogerpon|91/100 tox|[from] ability: Water Absorb|[of] p2a: Try Harder.
|
|-damage|p1a: Ogerpon|85/100 tox|[from] psn
|upkeep
|turn|45
|
|t:|1776214962
|switch|p2a: Keep Trying.|Toxapex, F, tera:Grass|100/100
|-damage|p2a: Keep Trying.|88/100|[from] Stealth Rock
|move|p1a: Ogerpon|Power Whip|p2a: Keep Trying.
|-resisted|p2a: Keep Trying.
|-damage|p2a: Keep Trying.|66/100
|
|-damage|p1a: Ogerpon|73/100 tox|[from] psn
|upkeep
|turn|46
|
|t:|1776214969
|move|p1a: Ogerpon|Power Whip|p2a: Keep Trying.
|-resisted|p2a: Keep Trying.
|-damage|p2a: Keep Trying.|45/100
|move|p2a: Keep Trying.|Toxic Spikes|p1a: Ogerpon
|-sidestart|p1: angel silhouettes|move: Toxic Spikes
|
|-damage|p1a: Ogerpon|55/100 tox|[from] psn
|upkeep
|turn|47
|
|t:|1776214977
|move|p1a: Ogerpon|Encore|p2a: Keep Trying.
|-start|p2a: Keep Trying.|Encore
|move|p2a: Keep Trying.|Toxic Spikes|p1a: Ogerpon
|-sidestart|p1: angel silhouettes|move: Toxic Spikes
|
|-damage|p1a: Ogerpon|31/100 tox|[from] psn
|upkeep
|turn|48
|
|t:|1776214984
|switch|p1a: Iron Moth|Iron Moth|88/100
|-damage|p1a: Iron Moth|72/100|[from] Spikes
|-sideend|p1: angel silhouettes|move: Toxic Spikes|[of] p1a: Iron Moth
|move|p2a: Keep Trying.|Toxic Spikes|p1a: Iron Moth
|-sidestart|p1: angel silhouettes|move: Toxic Spikes
|
|upkeep
|turn|49
|
|t:|1776214999
|-end|p1a: Iron Moth|Quark Drive|[silent]
|switch|p1a: Gholdengo|Gholdengo|89/100
|-damage|p1a: Gholdengo|72/100|[from] Spikes
|switch|p2a: Still Trying?|Blissey, F, shiny|58/100
|
|upkeep
|turn|50
|
|t:|1776215022
|switch|p2a: Worth Trying.|Clodsire, F, shiny|71/100
|move|p1a: Gholdengo|Nasty Plot|p1a: Gholdengo
|-boost|p1a: Gholdengo|spa|2
|
|upkeep
|turn|51
|
|t:|1776215027
|switch|p1a: Ogerpon|Ogerpon-Wellspring, F|31/100 tox
|-damage|p1a: Ogerpon|14/100 tox|[from] Spikes
|move|p2a: Worth Trying.|Amnesia|p2a: Worth Trying.
|-boost|p2a: Worth Trying.|spd|2
|
|-damage|p1a: Ogerpon|8/100 tox|[from] psn
|upkeep
|turn|52
|
|t:|1776215033
|switch|p2a: Keep Trying.|Toxapex, F, tera:Grass|78/100
|-damage|p2a: Keep Trying.|66/100|[from] Stealth Rock
|move|p1a: Ogerpon|Power Whip|p2a: Keep Trying.
|-resisted|p2a: Keep Trying.
|-damage|p2a: Keep Trying.|43/100
|
|-damage|p1a: Ogerpon|0 fnt|[from] psn
|faint|p1a: Ogerpon
|upkeep
|
|t:|1776215059
|switch|p1a: Iron Moth|Iron Moth|72/100
|-damage|p1a: Iron Moth|55/100|[from] Spikes
|-sideend|p1: angel silhouettes|move: Toxic Spikes|[of] p1a: Iron Moth
|turn|53
|
|t:|1776215065
|switch|p2a: Still Trying?|Blissey, F, shiny|58/100
|move|p1a: Iron Moth|Fiery Dance|p2a: Still Trying?
|-damage|p2a: Still Trying?|46/100
|-boost|p1a: Iron Moth|spa|1
|
|upkeep
|turn|54
|
|t:|1776215074
|-end|p1a: Iron Moth|Quark Drive|[silent]
|switch|p1a: Iron Valiant|Iron Valiant|88/100
|-damage|p1a: Iron Valiant|71/100|[from] Spikes
|move|p2a: Still Trying?|Soft-Boiled|p2a: Still Trying?
|-heal|p2a: Still Trying?|96/100
|
|upkeep
|turn|55
|
|t:|1776215083
|switch|p2a: Keep Trying.|Toxapex, F, tera:Grass|77/100
|-damage|p2a: Keep Trying.|65/100|[from] Stealth Rock
|move|p1a: Iron Valiant|Close Combat|p2a: Keep Trying.
|-damage|p2a: Keep Trying.|33/100
|-unboost|p1a: Iron Valiant|def|1
|-unboost|p1a: Iron Valiant|spd|1
|
|upkeep
|turn|56
|
|t:|1776215097
|move|p1a: Iron Valiant|Moonblast|p2a: Keep Trying.
|-damage|p2a: Keep Trying.|0 fnt
|faint|p2a: Keep Trying.
|
|upkeep
|
|t:|1776215102
|switch|p2a: Worth Trying.|Clodsire, F, shiny|71/100
|turn|57
|
|t:|1776215130
|move|p1a: Iron Valiant|Knock Off|p2a: Worth Trying.
|-damage|p2a: Worth Trying.|42/100
|-enditem|p2a: Worth Trying.|Heavy-Duty Boots|[from] move: Knock Off|[of] p1a: Iron Valiant
|move|p2a: Worth Trying.|Toxic|p1a: Iron Valiant
|-status|p1a: Iron Valiant|tox
|
|-damage|p1a: Iron Valiant|65/100 tox|[from] psn
|upkeep
|turn|58
|
|t:|1776215140
|-end|p1a: Iron Valiant|Quark Drive|[silent]
|switch|p1a: Dragonite|Dragonite, F|100/100
|move|p2a: Worth Trying.|Recover|p2a: Worth Trying.
|-heal|p2a: Worth Trying.|93/100
|
|upkeep
|turn|59
|
|t:|1776215148
|switch|p2a: Try Harder.|Alomomola, F, shiny|100/100
|move|p1a: Dragonite|Earthquake|p2a: Try Harder.
|-damage|p2a: Try Harder.|78/100
|
|upkeep
|turn|60
|
|t:|1776215163
|switch|p1a: Gholdengo|Gholdengo|72/100
|-damage|p1a: Gholdengo|55/100|[from] Spikes
|move|p2a: Try Harder.|Flip Turn|p1a: Gholdengo
|-damage|p1a: Gholdengo|45/100
|
|t:|1776215166
|switch|p2a: Still Trying?|Blissey, F, shiny|96/100|[from] Flip Turn
|
|upkeep
|turn|61
|
|t:|1776215171
|move|p1a: Gholdengo|Recover|p1a: Gholdengo
|-heal|p1a: Gholdengo|95/100
|move|p2a: Still Trying?|Stealth Rock|p1a: Gholdengo
|-sidestart|p1: angel silhouettes|move: Stealth Rock
|
|upkeep
|turn|62
|
|t:|1776215178
|switch|p1a: Dragonite|Dragonite, F|100/100
|switch|p2a: Worth Trying.|Clodsire, F, shiny|93/100
|-damage|p2a: Worth Trying.|86/100|[from] Stealth Rock
|
|upkeep
|turn|63
|
|t:|1776215204
|switch|p2a: Try Harder.|Alomomola, F, shiny|100/100
|move|p1a: Dragonite|Earthquake|p2a: Try Harder.
|-damage|p2a: Try Harder.|78/100
|
|upkeep
|turn|64
|
|t:|1776215208
|move|p1a: Dragonite|Dragon Dance|p1a: Dragonite
|-boost|p1a: Dragonite|atk|1
|-boost|p1a: Dragonite|spe|1
|move|p2a: Try Harder.|Wish|p2a: Try Harder.
|
|upkeep
|turn|65
|
|t:|1776215228
|move|p1a: Dragonite|Dragon Dance|p1a: Dragonite
|-boost|p1a: Dragonite|atk|1
|-boost|p1a: Dragonite|spe|1
|move|p2a: Try Harder.|Flip Turn|p1a: Dragonite
|-resisted|p1a: Dragonite
|-damage|p1a: Dragonite|96/100
|
|t:|1776215233
|switch|p2a: Let's Try.|Gliscor, F, shiny|60/100 tox|[from] Flip Turn
|-damage|p2a: Let's Try.|47/100 tox|[from] Stealth Rock
|
|-heal|p2a: Let's Try.|100/100 tox|[from] move: Wish|[wisher] Try Harder.
|upkeep
|turn|66
|
|t:|1776215248
|switch|p2a: You Tried.|Dondozo, F, shiny|100/100
|move|p1a: Dragonite|Ice Spinner|p2a: You Tried.
|-resisted|p2a: You Tried.
|-damage|p2a: You Tried.|93/100
|
|upkeep
|turn|67
|
|t:|1776215255
|switch|p1a: Gholdengo|Gholdengo|95/100
|-damage|p1a: Gholdengo|78/100|[from] Spikes
|-damage|p1a: Gholdengo|72/100|[from] Stealth Rock
|move|p2a: You Tried.|Curse|p2a: You Tried.
|-unboost|p2a: You Tried.|spe|1
|-boost|p2a: You Tried.|atk|1
|-boost|p2a: You Tried.|def|1
|
|upkeep
|turn|68
|
|t:|1776215262
|switch|p2a: Try Harder.|Alomomola, F, shiny|100/100
|move|p1a: Gholdengo|Shadow Ball|p2a: Try Harder.
|-damage|p2a: Try Harder.|67/100
|
|upkeep
|turn|69
|
|t:|1776215266
|move|p1a: Gholdengo|Nasty Plot|p1a: Gholdengo
|-boost|p1a: Gholdengo|spa|2
|move|p2a: Try Harder.|Wish|p2a: Try Harder.
|
|upkeep
|turn|70
|
|t:|1776215269
|switch|p2a: Worth Trying.|Clodsire, F, shiny|86/100
|-damage|p2a: Worth Trying.|80/100|[from] Stealth Rock
|move|p1a: Gholdengo|Shadow Ball|p2a: Worth Trying.
|-damage|p2a: Worth Trying.|60/100
|
|-heal|p2a: Worth Trying.|100/100|[from] move: Wish|[wisher] Try Harder.
|upkeep
|turn|71
|
|t:|1776215276
|switch|p1a: Iron Moth|Iron Moth|55/100
|-damage|p1a: Iron Moth|38/100|[from] Spikes
|-damage|p1a: Iron Moth|13/100|[from] Stealth Rock
|move|p2a: Worth Trying.|Bulldoze|p1a: Iron Moth
|-supereffective|p1a: Iron Moth
|-damage|p1a: Iron Moth|0 fnt
|faint|p1a: Iron Moth
|-end|p1a: Iron Moth|Quark Drive|[silent]
|
|upkeep
|
|t:|1776215279
|switch|p1a: Dragonite|Dragonite, F|96/100
|turn|72
|
|t:|1776215284
|switch|p2a: Try Harder.|Alomomola, F, shiny|100/100
|move|p1a: Dragonite|Earthquake|p2a: Try Harder.
|-damage|p2a: Try Harder.|78/100
|
|upkeep
|turn|73
|
|t:|1776215290
|move|p1a: Dragonite|Dragon Dance|p1a: Dragonite
|-boost|p1a: Dragonite|atk|1
|-boost|p1a: Dragonite|spe|1
|move|p2a: Try Harder.|Scald|p1a: Dragonite
|-resisted|p1a: Dragonite
|-damage|p1a: Dragonite|89/100
|
|upkeep
|turn|74
|
|t:|1776215294
|move|p1a: Dragonite|Dragon Dance|p1a: Dragonite
|-boost|p1a: Dragonite|atk|1
|-boost|p1a: Dragonite|spe|1
|move|p2a: Try Harder.|Scald|p1a: Dragonite
|-resisted|p1a: Dragonite
|-damage|p1a: Dragonite|82/100
|-status|p1a: Dragonite|brn
|
|-damage|p1a: Dragonite|76/100 brn|[from] brn
|upkeep
|turn|75
|-message|angel silhouettes forfeited.
|
|win|HyperStallMIA
|raw|angel silhouettes's rating: 1656 &rarr; <strong>1630</strong><br />(-26 for losing)
|raw|HyperStallMIA's rating: 1556 &rarr; <strong>1582</strong><br />(+26 for winning)
|l|☆angel silhouettes
|player|p1|
