|html|<div class="broadcast-blue"><strong>[Gen 9] OU is currently suspecting Tera Blast! For information on how to participate check out the <a href="https://www.smogon.com/tools/suspects/view/200">suspect thread</a>.</strong></div>
|j|☆Bien gay444
|j|☆147258Q
|t:|1776074359
|gametype|singles
|player|p1|Bien gay444|firebreather|1132
|player|p2|147258Q|101|1103
|gen|9
|tier|[Gen 9] OU
|rated|
|rule|HP Percentage Mod: HP is shown in percentages
|rule|Endless Battle Clause: Forcing endless battles is banned
|rule|Species Clause: Limit one of each Pokémon
|rule|OHKO Clause: OHKO moves are banned
|rule|Evasion Items Clause: Evasion items are banned
|rule|Evasion Moves Clause: Evasion moves are banned
|rule|Evasion Abilities Clause: Evasion abilities are banned
|rule|Sleep Moves Clause: Sleep-inducing moves are banned
|clearpoke
|poke|p1|Maushold|
|poke|p1|Gholdengo|
|poke|p1|Great Tusk|
|poke|p1|Dragapult, F|
|poke|p1|Kingambit, F|
|poke|p1|Iron Valiant|
|poke|p2|Garganacl, M|
|poke|p2|Sudowoodo, M|
|poke|p2|Chansey, F|
|poke|p2|Forretress, F|
|poke|p2|Whimsicott, M|
|poke|p2|Kingambit, M|
|teampreview
|c|☆Bien gay444|Hiji
|
|t:|1776074401
|teamsize|p1|6
|teamsize|p2|6
|start
|switch|p1a: Nordestinos|Maushold, shiny|100/100
|switch|p2a: Whimsicott|Whimsicott, M|100/100
|turn|1
|c|☆Bien gay444|*hi
|
|t:|1776074411
|-terastallize|p1a: Nordestinos|Normal
|move|p2a: Whimsicott|Substitute|p2a: Whimsicott
|-start|p2a: Whimsicott|Substitute
|-damage|p2a: Whimsicott|75/100
|move|p1a: Nordestinos|Population Bomb|p2a: Whimsicott
|-activate|p2a: Whimsicott|move: Substitute|[damage]
|-end|p2a: Whimsicott|Substitute
|-damage|p2a: Whimsicott|63/100
|-damage|p2a: Whimsicott|51/100
|-damage|p2a: Whimsicott|39/100
|-damage|p2a: Whimsicott|25/100
|-damage|p2a: Whimsicott|14/100
|-damage|p2a: Whimsicott|1/100
|-damage|p2a: Whimsicott|0 fnt
|faint|p2a: Whimsicott
|-hitcount|p2: Whimsicott|9
|
|upkeep
|
|t:|1776074431
|switch|p2a: Garganacl|Garganacl, M|100/100
|turn|2
|
|t:|1776074445
|switch|p1a: Suamãe|Great Tusk, shiny|100/100
|-terastallize|p2a: Garganacl|Ghost
|move|p2a: Garganacl|Block|p1a: Suamãe
|-activate|p1a: Suamãe|trapped
|
|upkeep
|turn|3
|
|t:|1776074454
|move|p1a: Suamãe|Headlong Rush|p2a: Garganacl
|-damage|p2a: Garganacl|66/100
|-unboost|p1a: Suamãe|def|1
|-unboost|p1a: Suamãe|spd|1
|move|p2a: Garganacl|Salt Cure|p1a: Suamãe
|-resisted|p1a: Suamãe
|-damage|p1a: Suamãe|97/100
|-start|p1a: Suamãe|Salt Cure
|
|-heal|p1a: Suamãe|100/100|[from] item: Leftovers
|-heal|p2a: Garganacl|72/100|[from] item: Leftovers
|-damage|p1a: Suamãe|88/100|[from] Salt Cure
|upkeep
|turn|4
|
|t:|1776074468
|move|p1a: Suamãe|Headlong Rush|p2a: Garganacl
|-damage|p2a: Garganacl|40/100
|-unboost|p1a: Suamãe|def|1
|-unboost|p1a: Suamãe|spd|1
|move|p2a: Garganacl|Iron Defense|p2a: Garganacl
|-boost|p2a: Garganacl|def|2
|
|-heal|p1a: Suamãe|94/100|[from] item: Leftovers
|-heal|p2a: Garganacl|46/100|[from] item: Leftovers
|-damage|p1a: Suamãe|82/100|[from] Salt Cure
|upkeep
|turn|5
|
|t:|1776074479
|move|p1a: Suamãe|Headlong Rush|p2a: Garganacl
|-damage|p2a: Garganacl|29/100
|-unboost|p1a: Suamãe|def|1
|-unboost|p1a: Suamãe|spd|1
|move|p2a: Garganacl|Recover|p2a: Garganacl
|-heal|p2a: Garganacl|79/100
|
|-heal|p1a: Suamãe|88/100|[from] item: Leftovers
|-heal|p2a: Garganacl|85/100|[from] item: Leftovers
|-damage|p1a: Suamãe|76/100|[from] Salt Cure
|upkeep
|turn|6
|
|t:|1776074493
|move|p1a: Suamãe|Headlong Rush|p2a: Garganacl
|-damage|p2a: Garganacl|69/100
|-unboost|p1a: Suamãe|def|1
|-unboost|p1a: Suamãe|spd|1
|move|p2a: Garganacl|Iron Defense|p2a: Garganacl
|-boost|p2a: Garganacl|def|2
|
|-heal|p1a: Suamãe|82/100|[from] item: Leftovers
|-heal|p2a: Garganacl|75/100|[from] item: Leftovers
|-damage|p1a: Suamãe|70/100|[from] Salt Cure
|upkeep
|turn|7
|
|t:|1776074505
|move|p1a: Suamãe|Ice Spinner|p2a: Garganacl
|-damage|p2a: Garganacl|70/100
|move|p2a: Garganacl|Iron Defense|p2a: Garganacl
|-boost|p2a: Garganacl|def|2
|
|-heal|p1a: Suamãe|76/100|[from] item: Leftovers
|-heal|p2a: Garganacl|76/100|[from] item: Leftovers
|-damage|p1a: Suamãe|63/100|[from] Salt Cure
|upkeep
|turn|8
|
|t:|1776074515
|move|p1a: Suamãe|Headlong Rush|p2a: Garganacl
|-damage|p2a: Garganacl|68/100
|-unboost|p1a: Suamãe|def|1
|-unboost|p1a: Suamãe|spd|1
|move|p2a: Garganacl|Salt Cure|p1a: Suamãe
|-resisted|p1a: Suamãe
|-damage|p1a: Suamãe|54/100
|
|-heal|p1a: Suamãe|61/100|[from] item: Leftovers
|-heal|p2a: Garganacl|74/100|[from] item: Leftovers
|-damage|p1a: Suamãe|48/100|[from] Salt Cure
|upkeep
|turn|9
|
|t:|1776074529
|move|p1a: Suamãe|Ice Spinner|p2a: Garganacl
|-damage|p2a: Garganacl|70/100
|move|p2a: Garganacl|Salt Cure|p1a: Suamãe
|-resisted|p1a: Suamãe
|-damage|p1a: Suamãe|39/100
|
|-heal|p1a: Suamãe|45/100|[from] item: Leftovers
|-heal|p2a: Garganacl|76/100|[from] item: Leftovers
|-damage|p1a: Suamãe|33/100|[from] Salt Cure
|upkeep
|turn|10
|
|t:|1776074540
|move|p1a: Suamãe|Ice Spinner|p2a: Garganacl
|-damage|p2a: Garganacl|73/100
|move|p2a: Garganacl|Salt Cure|p1a: Suamãe
|-resisted|p1a: Suamãe
|-damage|p1a: Suamãe|25/100
|
|-heal|p1a: Suamãe|31/100|[from] item: Leftovers
|-heal|p2a: Garganacl|79/100|[from] item: Leftovers
|-damage|p1a: Suamãe|19/100|[from] Salt Cure
|upkeep
|turn|11
|
|t:|1776074560
|move|p1a: Suamãe|Headlong Rush|p2a: Garganacl
|-damage|p2a: Garganacl|71/100
|-unboost|p1a: Suamãe|def|1
|-unboost|p1a: Suamãe|spd|1
|move|p2a: Garganacl|Salt Cure|p1a: Suamãe
|-resisted|p1a: Suamãe
|-damage|p1a: Suamãe|8/100
|
|-heal|p1a: Suamãe|14/100|[from] item: Leftovers
|-heal|p2a: Garganacl|77/100|[from] item: Leftovers
|-damage|p1a: Suamãe|2/100|[from] Salt Cure
|upkeep
|turn|12
|c|☆Bien gay444|Jetzt ist es im Arsch
|
|t:|1776074583
|move|p1a: Suamãe|Ice Spinner|p2a: Garganacl
|-damage|p2a: Garganacl|73/100
|move|p2a: Garganacl|Recover|p2a: Garganacl
|-heal|p2a: Garganacl|100/100
|
|-heal|p1a: Suamãe|8/100|[from] item: Leftovers
|-damage|p1a: Suamãe|0 fnt|[from] Salt Cure
|faint|p1a: Suamãe
|-end|p1a: Suamãe|Protosynthesis|[silent]
|upkeep
|
|t:|1776074587
|switch|p1a: Safado|Dragapult, F|100/100
|turn|13
|
|t:|1776074609
|move|p1a: Safado|Sucker Punch|p2a: Garganacl
|-supereffective|p2a: Garganacl
|-damage|p2a: Garganacl|90/100
|move|p2a: Garganacl|Salt Cure|p1a: Safado
|-damage|p1a: Safado|80/100
|-start|p1a: Safado|Salt Cure
|
|-heal|p2a: Garganacl|96/100|[from] item: Leftovers
|-damage|p1a: Safado|67/100|[from] Salt Cure
|upkeep
|turn|14
|
|t:|1776074620
|move|p1a: Safado|Sucker Punch||[still]
|-fail|p1a: Safado
|move|p2a: Garganacl|Block||[still]
|-fail|p2a: Garganacl
|
|-heal|p2a: Garganacl|100/100|[from] item: Leftovers
|-damage|p1a: Safado|55/100|[from] Salt Cure
|upkeep
|turn|15
|
|t:|1776074640
|move|p1a: Safado|Sucker Punch|p2a: Garganacl
|-supereffective|p2a: Garganacl
|-damage|p2a: Garganacl|90/100
|move|p2a: Garganacl|Salt Cure|p1a: Safado
|-damage|p1a: Safado|36/100
|
|-heal|p2a: Garganacl|96/100|[from] item: Leftovers
|-damage|p1a: Safado|24/100|[from] Salt Cure
|upkeep
|turn|16
|
|t:|1776074652
|move|p1a: Safado|Sucker Punch|p2a: Garganacl
|-supereffective|p2a: Garganacl
|-damage|p2a: Garganacl|85/100
|move|p2a: Garganacl|Salt Cure|p1a: Safado
|-damage|p1a: Safado|3/100
|
|-heal|p2a: Garganacl|92/100|[from] item: Leftovers
|-damage|p1a: Safado|0 fnt|[from] Salt Cure
|faint|p1a: Safado
|upkeep
|
|t:|1776074669
|switch|p1a: Buster gold|Gholdengo|100/100
|turn|17
|
|t:|1776074676
|move|p1a: Buster gold|Make It Rain|p2a: Garganacl
|-damage|p2a: Garganacl|13/100
|-unboost|p1a: Buster gold|spa|1
|move|p2a: Garganacl|Salt Cure|p1a: Buster gold
|-resisted|p1a: Buster gold
|-damage|p1a: Buster gold|93/100
|-start|p1a: Buster gold|Salt Cure
|
|-heal|p2a: Garganacl|20/100|[from] item: Leftovers
|-damage|p1a: Buster gold|68/100|[from] Salt Cure
|upkeep
|turn|18
|
|t:|1776074695
|move|p1a: Buster gold|Make It Rain|p2a: Garganacl
|-damage|p2a: Garganacl|0 fnt
|-unboost|p1a: Buster gold|spa|1
|faint|p2a: Garganacl
|
|-damage|p1a: Buster gold|43/100|[from] Salt Cure
|upkeep
|
|t:|1776074723
|switch|p2a: Chansey|Chansey, F|100/100
|turn|19
|
|t:|1776074759
|move|p1a: Buster gold|Make It Rain|p2a: Chansey
|-damage|p2a: Chansey|89/100
|-unboost|p1a: Buster gold|spa|1
|move|p2a: Chansey|Stealth Rock|p1a: Buster gold
|-sidestart|p1: Bien gay444|move: Stealth Rock
|
|-damage|p1a: Buster gold|19/100|[from] Salt Cure
|upkeep
|turn|20
|c|☆Bien gay444|Hiii
|
|t:|1776074782
|switch|p1a: Espada shin|Iron Valiant|100/100
|-damage|p1a: Espada shin|94/100|[from] Stealth Rock
|-enditem|p1a: Espada shin|Booster Energy
|-activate|p1a: Espada shin|ability: Quark Drive|[fromitem]
|-start|p1a: Espada shin|quarkdrivespe
|move|p2a: Chansey|Seismic Toss|p1a: Espada shin
|-damage|p1a: Espada shin|60/100
|
|upkeep
|turn|21
|
|t:|1776074793
|move|p2a: Chansey|Protect|p2a: Chansey
|-singleturn|p2a: Chansey|Protect
|move|p1a: Espada shin|Thunderbolt|p2a: Chansey
|-activate|p2a: Chansey|move: Protect
|
|upkeep
|turn|22
|
|t:|1776074829
|move|p1a: Espada shin|Psyshock|p2a: Chansey
|-damage|p2a: Chansey|48/100
|move|p2a: Chansey|Seismic Toss|p1a: Espada shin
|-damage|p1a: Espada shin|25/100
|
|upkeep
|turn|23
|
|t:|1776074846
|move|p1a: Espada shin|Psyshock|p2a: Chansey
|-crit|p2a: Chansey
|-damage|p2a: Chansey|0 fnt
|faint|p2a: Chansey
|
|upkeep
|c|☆Bien gay444|Fuck yeeeees
|
|t:|1776074866
|switch|p2a: Forretress|Forretress, F|100/100
|turn|24
|
|t:|1776074876
|move|p1a: Espada shin|Thunderbolt|p2a: Forretress
|-damage|p2a: Forretress|61/100
|move|p2a: Forretress|Drill Run|p1a: Espada shin
|-damage|p1a: Espada shin|0 fnt
|faint|p1a: Espada shin
|-end|p1a: Espada shin|Quark Drive|[silent]
|
|upkeep
|
|t:|1776074883
|switch|p1a: Nordestinos|Maushold, shiny, tera:Normal|100/100
|-damage|p1a: Nordestinos|88/100|[from] Stealth Rock
|turn|25
|
|t:|1776074899
|move|p1a: Nordestinos|Population Bomb|p2a: Forretress
|-resisted|p2a: Forretress
|-damage|p2a: Forretress|56/100
|-resisted|p2a: Forretress
|-damage|p2a: Forretress|51/100
|-resisted|p2a: Forretress
|-damage|p2a: Forretress|46/100
|-resisted|p2a: Forretress
|-damage|p2a: Forretress|41/100
|-resisted|p2a: Forretress
|-damage|p2a: Forretress|36/100
|-resisted|p2a: Forretress
|-damage|p2a: Forretress|32/100
|-resisted|p2a: Forretress
|-damage|p2a: Forretress|27/100
|-resisted|p2a: Forretress
|-damage|p2a: Forretress|22/100
|-resisted|p2a: Forretress
|-damage|p2a: Forretress|17/100
|-resisted|p2a: Forretress
|-damage|p2a: Forretress|12/100
|-hitcount|p2a: Forretress|10
|move|p2a: Forretress|Drill Run|p1a: Nordestinos
|-damage|p1a: Nordestinos|56/100
|
|upkeep
|turn|26
|-enditem|p2a: Forretress|Custap Berry|[eat]
|-activate|p2a: Forretress|item: Custap Berry|[consumed]
|
|t:|1776074920
|move|p2a: Forretress|Explosion|p1a: Nordestinos
|-damage|p1a: Nordestinos|0 fnt
|faint|p2a: Forretress
|faint|p1a: Nordestinos
|
|upkeep
|c|☆Bien gay444|Brooooo
|c|☆Bien gay444|Nah bro
|c|☆Bien gay444|=(
|
|t:|1776074944
|switch|p1a: Buster gold|Gholdengo|19/100
|switch|p2a: Kingambit|Kingambit, M|100/100
|-damage|p1a: Buster gold|13/100|[from] Stealth Rock
|-activate|p2a: Kingambit|ability: Supreme Overlord
|-start|p2a: Kingambit|fallen4|[silent]
|turn|27
|
|t:|1776074953
|move|p2a: Kingambit|Sucker Punch|p1a: Buster gold
|-supereffective|p1a: Buster gold
|-damage|p1a: Buster gold|0 fnt
|faint|p1a: Buster gold
|-damage|p2a: Kingambit|91/100|[from] item: Life Orb
|
|upkeep
|
|t:|1776074956
|switch|p1a: Shogun|Kingambit, F|100/100
|-damage|p1a: Shogun|94/100|[from] Stealth Rock
|-activate|p1a: Shogun|ability: Supreme Overlord
|-start|p1a: Shogun|fallen5|[silent]
|turn|28
|
|t:|1776074987
|move|p1a: Shogun|Kowtow Cleave|p2a: Kingambit
|-resisted|p2a: Kingambit
|-damage|p2a: Kingambit|58/100
|move|p2a: Kingambit|Kowtow Cleave|p1a: Shogun
|-resisted|p1a: Shogun
|-damage|p1a: Shogun|59/100
|-damage|p2a: Kingambit|48/100|[from] item: Life Orb
|
|upkeep
|turn|29
|
|t:|1776075006
|move|p1a: Shogun|Sucker Punch|p2a: Kingambit
|-resisted|p2a: Kingambit
|-damage|p2a: Kingambit|24/100
|move|p2a: Kingambit|Kowtow Cleave|p1a: Shogun
|-resisted|p1a: Shogun
|-damage|p1a: Shogun|29/100
|-damage|p2a: Kingambit|14/100|[from] item: Life Orb
|
|upkeep
|turn|30
|
|t:|1776075017
|move|p2a: Kingambit|Sucker Punch|p1a: Shogun
|-resisted|p1a: Shogun
|-damage|p1a: Shogun|2/100
|-damage|p2a: Kingambit|4/100|[from] item: Life Orb
|move|p1a: Shogun|Kowtow Cleave|p2a: Kingambit
|-resisted|p2a: Kingambit
|-damage|p2a: Kingambit|0 fnt
|faint|p2a: Kingambit
|-end|p2a: Kingambit|fallen4|[silent]
|
|upkeep
|
|t:|1776075026
|switch|p2a: Sudowoodo|Sudowoodo, M|100/100
|turn|31
|
|t:|1776075035
|move|p1a: Shogun|Sucker Punch|p2a: Sudowoodo
|-damage|p2a: Sudowoodo|40/100
|move|p2a: Sudowoodo|Counter|p1a: Shogun
|-damage|p1a: Shogun|0 fnt
|faint|p1a: Shogun
|-end|p1a: Shogun|fallen5|[silent]
|
|win|147258Q
|raw|Bien gay444's rating: 1132 &rarr; <strong>1105</strong><br />(-27 for losing)
|raw|147258Q's rating: 1103 &rarr; <strong>1130</strong><br />(+27 for winning)
|c|☆Bien gay444|Gg
|l|☆147258Q
|player|p2|
|l|☆Bien gay444
|player|p1|
