|html|<div class="broadcast-blue"><strong>[Gen 9] OU is currently suspecting Tera Blast! For information on how to participate check out the <a href="https://www.smogon.com/tools/suspects/view/200">suspect thread</a>.</strong></div>
|j|☆Dr. Drake6782
|j|☆fat chuds inc.
|t:|1776101048
|gametype|singles
|player|p1|Dr. Drake6782|hilbert-masters|1632
|player|p2|fat chuds inc.|collector|1628
|gen|9
|tier|[Gen 9] OU
|rated|
|rule|HP Percentage Mod: HP is shown in percentages
|rule|Endless Battle Clause: Forcing endless battles is banned
|rule|Species Clause: Limit one of each Pokémon
|rule|OHKO Clause: OHKO moves are banned
|rule|Evasion Items Clause: Evasion items are banned
|rule|Evasion Moves Clause: Evasion moves are banned
|rule|Evasion Abilities Clause: Evasion abilities are banned
|rule|Sleep Moves Clause: Sleep-inducing moves are banned
|clearpoke
|poke|p1|Slowking-Galar, M|
|poke|p1|Ting-Lu|
|poke|p1|Hydrapple, M|
|poke|p1|Corviknight, M|
|poke|p1|Cinderace, F|
|poke|p1|Dondozo, M|
|poke|p2|Hoopa-Unbound|
|poke|p2|Zamazenta-*|
|poke|p2|Pecharunt|
|poke|p2|Iron Treads|
|poke|p2|Slowking, M|
|poke|p2|Dragonite, M|
|teampreview
|inactive|Battle timer is ON: inactive players will automatically lose when time's up. (requested by Dr. Drake6782)
|
|t:|1776101066
|teamsize|p1|6
|teamsize|p2|6
|start
|switch|p1a: Cinderace|Cinderace, F|100/100
|switch|p2a: Hoopa|Hoopa-Unbound|100/100
|turn|1
|
|t:|1776101071
|switch|p2a: Pecharunt|Pecharunt|100/100
|move|p1a: Cinderace|U-turn|p2a: Pecharunt
|-resisted|p2a: Pecharunt
|-damage|p2a: Pecharunt|98/100
|
|t:|1776101074
|switch|p1a: Ting-Lu|Ting-Lu|100/100|[from] U-turn
|-ability|p1a: Ting-Lu|Vessel of Ruin
|
|upkeep
|turn|2
|
|t:|1776101077
|move|p2a: Pecharunt|Malignant Chain|p1a: Ting-Lu
|-resisted|p1a: Ting-Lu
|-damage|p1a: Ting-Lu|94/100
|move|p1a: Ting-Lu|Earthquake|p2a: Pecharunt
|-supereffective|p2a: Pecharunt
|-damage|p2a: Pecharunt|50/100
|
|-heal|p1a: Ting-Lu|100/100|[from] item: Leftovers
|upkeep
|turn|3
|inactive|Dr. Drake6782 has 120 seconds left.
|
|t:|1776101136
|move|p2a: Pecharunt|Parting Shot|p1a: Ting-Lu
|-unboost|p1a: Ting-Lu|atk|1
|-unboost|p1a: Ting-Lu|spa|1
|
|t:|1776101139
|switch|p2a: Slowking|Slowking, M|100/100|[from] Parting Shot
|move|p1a: Ting-Lu|Earthquake|p2a: Slowking
|-damage|p2a: Slowking|73/100
|
|upkeep
|turn|4
|
|t:|1776101149
|move|p1a: Ting-Lu|Payback|p2a: Slowking
|-supereffective|p2a: Slowking
|-damage|p2a: Slowking|47/100
|move|p2a: Slowking|Future Sight|p1a: Ting-Lu
|-start|p2a: Slowking|move: Future Sight
|
|upkeep
|turn|5
|
|t:|1776101156
|move|p1a: Ting-Lu|Payback|p2a: Slowking
|-supereffective|p2a: Slowking
|-damage|p2a: Slowking|21/100
|-prepare|p2a: Slowking|Chilly Reception|[premajor]
|move|p2a: Slowking|Chilly Reception|p2a: Slowking
|-weather|Snowscape
|
|t:|1776101160
|switch|p2a: Hoopa|Hoopa-Unbound|100/100|[from] Chilly Reception
|
|-weather|Snowscape|[upkeep]
|upkeep
|turn|6
|inactive|Dr. Drake6782 has 120 seconds left.
|
|t:|1776101179
|switch|p1a: Corviknight|Corviknight, M|100/100
|-ability|p1a: Corviknight|Pressure
|move|p2a: Hoopa|Drain Punch|p1a: Corviknight
|-damage|p1a: Corviknight|69/100
|-damage|p2a: Hoopa|84/100|[from] item: Rocky Helmet|[of] p1a: Corviknight
|
|-weather|Snowscape|[upkeep]
|-end|p1a: Corviknight|move: Future Sight
|-resisted|p1a: Corviknight
|-damage|p1a: Corviknight|49/100
|upkeep
|turn|7
|inactive|Dr. Drake6782 has 120 seconds left.
|
|t:|1776101188
|switch|p2a: Slowking|Slowking, M|54/100
|move|p1a: Corviknight|Roost|p1a: Corviknight
|-heal|p1a: Corviknight|99/100
|-singleturn|p1a: Corviknight|move: Roost
|
|-weather|Snowscape|[upkeep]
|upkeep
|turn|8
|
|t:|1776101193
|switch|p1a: Slowking|Slowking-Galar, M, shiny|100/100
|move|p2a: Slowking|Scald|p1a: Slowking
|-damage|p1a: Slowking|80/100
|-status|p1a: Slowking|brn
|
|-weather|Snowscape|[upkeep]
|-heal|p1a: Slowking|86/100 brn|[from] item: Black Sludge
|-damage|p1a: Slowking|80/100 brn|[from] brn
|upkeep
|turn|9
|
|t:|1776101201
|move|p1a: Slowking|Toxic|p2a: Slowking
|-status|p2a: Slowking|tox
|move|p2a: Slowking|Future Sight|p1a: Slowking
|-start|p2a: Slowking|move: Future Sight
|
|-weather|none
|-heal|p1a: Slowking|86/100 brn|[from] item: Black Sludge
|-damage|p2a: Slowking|48/100 tox|[from] psn
|-damage|p1a: Slowking|80/100 brn|[from] brn
|upkeep
|turn|10
|
|t:|1776101208
|switch|p1a: Ting-Lu|Ting-Lu|100/100
|-ability|p1a: Ting-Lu|Vessel of Ruin
|-prepare|p2a: Slowking|Chilly Reception|[premajor]
|move|p2a: Slowking|Chilly Reception|p2a: Slowking
|-weather|Snowscape
|
|t:|1776101221
|switch|p2a: Hoopa|Hoopa-Unbound|84/100|[from] Chilly Reception
|
|-weather|Snowscape|[upkeep]
|upkeep
|turn|11
|
|t:|1776101231
|switch|p1a: Corviknight|Corviknight, M|99/100
|-ability|p1a: Corviknight|Pressure
|move|p2a: Hoopa|Drain Punch|p1a: Corviknight
|-damage|p1a: Corviknight|68/100
|-heal|p2a: Hoopa|100/100|[from] drain|[of] p1a: Corviknight
|-damage|p2a: Hoopa|84/100|[from] item: Rocky Helmet|[of] p1a: Corviknight
|
|-weather|Snowscape|[upkeep]
|-end|p1a: Corviknight|move: Future Sight
|-resisted|p1a: Corviknight
|-damage|p1a: Corviknight|47/100
|upkeep
|turn|12
|
|t:|1776101239
|switch|p2a: Slowking|Slowking, M|81/100 tox
|move|p1a: Corviknight|Roost|p1a: Corviknight
|-heal|p1a: Corviknight|97/100
|-singleturn|p1a: Corviknight|move: Roost
|
|-weather|Snowscape|[upkeep]
|-damage|p2a: Slowking|75/100 tox|[from] psn
|upkeep
|turn|13
|inactive|Dr. Drake6782 has 120 seconds left.
|
|t:|1776101281
|switch|p1a: Slowking|Slowking-Galar, M, shiny|100/100 brn
|move|p2a: Slowking|Future Sight|p1a: Slowking
|-start|p2a: Slowking|move: Future Sight
|
|-weather|Snowscape|[upkeep]
|-damage|p2a: Slowking|63/100 tox|[from] psn
|-damage|p1a: Slowking|94/100 brn|[from] brn
|upkeep
|turn|14
|
|t:|1776101288
|switch|p1a: Cinderace|Cinderace, F|100/100
|-prepare|p2a: Slowking|Chilly Reception|[premajor]
|move|p2a: Slowking|Chilly Reception|p2a: Slowking
|
|t:|1776101294
|switch|p2a: Pecharunt|Pecharunt|50/100|[from] Chilly Reception
|
|-weather|none
|upkeep
|turn|15
|inactive|Dr. Drake6782 has 120 seconds left.
|
|t:|1776101314
|move|p1a: Cinderace|U-turn|p2a: Pecharunt
|-resisted|p2a: Pecharunt
|-damage|p2a: Pecharunt|48/100
|
|t:|1776101315
|switch|p1a: Ting-Lu|Ting-Lu|100/100|[from] U-turn
|-ability|p1a: Ting-Lu|Vessel of Ruin
|move|p2a: Pecharunt|Recover|p2a: Pecharunt
|-heal|p2a: Pecharunt|98/100
|
|-end|p1a: Ting-Lu|move: Future Sight
|-immune|p1a: Ting-Lu
|upkeep
|turn|16
|
|t:|1776101318
|move|p2a: Pecharunt|Parting Shot|p1a: Ting-Lu
|-unboost|p1a: Ting-Lu|atk|1
|-unboost|p1a: Ting-Lu|spa|1
|
|t:|1776101324
|switch|p2a: Zamazenta|Zamazenta|100/100|[from] Parting Shot
|-ability|p2a: Zamazenta|Dauntless Shield|boost
|-boost|p2a: Zamazenta|def|1
|move|p1a: Ting-Lu|Payback|p2a: Zamazenta
|-resisted|p2a: Zamazenta
|-damage|p2a: Zamazenta|97/100
|
|-heal|p2a: Zamazenta|100/100|[from] item: Leftovers
|upkeep
|turn|17
|
|t:|1776101329
|switch|p1a: Slowking|Slowking-Galar, M, shiny|100/100 brn
|move|p2a: Zamazenta|Body Press|p1a: Slowking
|-resisted|p1a: Slowking
|-damage|p1a: Slowking|91/100 brn
|
|-heal|p1a: Slowking|97/100 brn|[from] item: Black Sludge
|-damage|p1a: Slowking|91/100 brn|[from] brn
|upkeep
|turn|18
|
|t:|1776101334
|switch|p2a: Iron Treads|Iron Treads|100/100
|move|p1a: Slowking|Toxic|p2a: Iron Treads
|-immune|p2a: Iron Treads
|
|-heal|p1a: Slowking|97/100 brn|[from] item: Black Sludge
|-damage|p1a: Slowking|91/100 brn|[from] brn
|upkeep
|turn|19
|
|t:|1776101338
|switch|p1a: Hydrapple|Hydrapple, M, shiny|100/100
|move|p2a: Iron Treads|Stealth Rock|p1a: Hydrapple
|-sidestart|p1: Dr. Drake6782|move: Stealth Rock
|
|upkeep
|turn|20
|
|t:|1776101341
|move|p2a: Iron Treads|Ice Spinner|p1a: Hydrapple
|-supereffective|p1a: Hydrapple
|-damage|p1a: Hydrapple|43/100
|move|p1a: Hydrapple|Nasty Plot|p1a: Hydrapple
|-boost|p1a: Hydrapple|spa|2
|
|-heal|p1a: Hydrapple|50/100|[from] item: Leftovers
|upkeep
|turn|21
|
|t:|1776101347
|-terastallize|p1a: Hydrapple|Ground
|move|p2a: Iron Treads|Ice Spinner|p1a: Hydrapple
|-supereffective|p1a: Hydrapple
|-damage|p1a: Hydrapple|19/100
|move|p1a: Hydrapple|Giga Drain|p2a: Iron Treads
|-damage|p2a: Iron Treads|14/100
|-heal|p1a: Hydrapple|53/100|[from] drain|[of] p2a: Iron Treads
|
|-heal|p1a: Hydrapple|59/100|[from] item: Leftovers
|upkeep
|turn|22
|
|t:|1776101360
|switch|p1a: Corviknight|Corviknight, M|97/100
|-damage|p1a: Corviknight|85/100|[from] Stealth Rock
|-ability|p1a: Corviknight|Pressure
|move|p2a: Iron Treads|Ice Spinner|p1a: Corviknight
|-damage|p1a: Corviknight|70/100
|-damage|p2a: Iron Treads|0 fnt|[from] item: Rocky Helmet|[of] p1a: Corviknight
|faint|p2a: Iron Treads
|-end|p2a: Iron Treads|Quark Drive|[silent]
|
|upkeep
|
|t:|1776101362
|switch|p2a: Hoopa|Hoopa-Unbound|84/100
|turn|23
|
|t:|1776101383
|-terastallize|p2a: Hoopa|Dark
|move|p2a: Hoopa|Hyperspace Fury|p1a: Corviknight
|-damage|p1a: Corviknight|0 fnt
|-unboost|p2a: Hoopa|def|1
|faint|p1a: Corviknight
|
|upkeep
|
|t:|1776101387
|switch|p1a: Cinderace|Cinderace, F|100/100
|turn|24
|
|t:|1776101390
|switch|p2a: Pecharunt|Pecharunt|98/100
|move|p1a: Cinderace|U-turn|p2a: Pecharunt
|-resisted|p2a: Pecharunt
|-damage|p2a: Pecharunt|95/100
|inactive|Dr. Drake6782 has 120 seconds left.
|inactive|Dr. Drake6782 has 90 seconds left.
|
|t:|1776101476
|switch|p1a: Ting-Lu|Ting-Lu|100/100|[from] U-turn
|-damage|p1a: Ting-Lu|94/100|[from] Stealth Rock
|-ability|p1a: Ting-Lu|Vessel of Ruin
|
|-heal|p1a: Ting-Lu|100/100|[from] item: Leftovers
|upkeep
|turn|25
|
|t:|1776101483
|move|p2a: Pecharunt|Parting Shot|p1a: Ting-Lu
|-unboost|p1a: Ting-Lu|atk|1
|-unboost|p1a: Ting-Lu|spa|1
|
|t:|1776101485
|switch|p2a: Dragonite|Dragonite, M|100/100|[from] Parting Shot
|move|p1a: Ting-Lu|Earthquake|p2a: Dragonite
|-immune|p2a: Dragonite
|
|upkeep
|turn|26
|
|t:|1776101490
|switch|p1a: Dondozo|Dondozo, M|100/100
|-damage|p1a: Dondozo|88/100|[from] Stealth Rock
|move|p2a: Dragonite|Dragon Dance|p2a: Dragonite
|-boost|p2a: Dragonite|atk|1
|-boost|p2a: Dragonite|spe|1
|
|-heal|p1a: Dondozo|94/100|[from] item: Leftovers
|upkeep
|turn|27
|
|t:|1776101493
|switch|p2a: Slowking|Slowking, M|96/100 tox
|move|p1a: Dondozo|Liquidation|p2a: Slowking
|-resisted|p2a: Slowking
|-damage|p2a: Slowking|81/100 tox
|
|-heal|p1a: Dondozo|99/100|[from] item: Leftovers
|-damage|p2a: Slowking|75/100 tox|[from] psn
|upkeep
|turn|28
|
|t:|1776101495
|move|p1a: Dondozo|Curse|p1a: Dondozo
|-unboost|p1a: Dondozo|spe|1
|-boost|p1a: Dondozo|atk|1
|-boost|p1a: Dondozo|def|1
|move|p2a: Slowking|Scald|p1a: Dondozo
|-resisted|p1a: Dondozo
|-damage|p1a: Dondozo|92/100
|-status|p1a: Dondozo|brn
|
|-heal|p1a: Dondozo|98/100 brn|[from] item: Leftovers
|-damage|p2a: Slowking|62/100 tox|[from] psn
|-damage|p1a: Dondozo|92/100 brn|[from] brn
|upkeep
|turn|29
|
|t:|1776101498
|move|p1a: Dondozo|Curse|p1a: Dondozo
|-unboost|p1a: Dondozo|spe|1
|-boost|p1a: Dondozo|atk|1
|-boost|p1a: Dondozo|def|1
|move|p2a: Slowking|Future Sight|p1a: Dondozo
|-start|p2a: Slowking|move: Future Sight
|
|-heal|p1a: Dondozo|98/100 brn|[from] item: Leftovers
|-damage|p2a: Slowking|44/100 tox|[from] psn
|-damage|p1a: Dondozo|92/100 brn|[from] brn
|upkeep
|turn|30
|
|t:|1776101500
|-prepare|p2a: Slowking|Chilly Reception|[premajor]
|move|p2a: Slowking|Chilly Reception|p2a: Slowking
|-weather|Snowscape
|
|t:|1776101502
|switch|p2a: Pecharunt|Pecharunt|95/100|[from] Chilly Reception
|move|p1a: Dondozo|Curse|p1a: Dondozo
|-unboost|p1a: Dondozo|spe|1
|-boost|p1a: Dondozo|atk|1
|-boost|p1a: Dondozo|def|1
|
|-weather|Snowscape|[upkeep]
|-heal|p1a: Dondozo|98/100 brn|[from] item: Leftovers
|-damage|p1a: Dondozo|92/100 brn|[from] brn
|upkeep
|turn|31
|
|t:|1776101504
|move|p2a: Pecharunt|Hex|p1a: Dondozo
|-damage|p1a: Dondozo|68/100 brn
|move|p1a: Dondozo|Rest|p1a: Dondozo
|-status|p1a: Dondozo|slp|[from] move: Rest
|-heal|p1a: Dondozo|100/100 slp|[silent]
|
|-weather|Snowscape|[upkeep]
|-end|p1a: Dondozo|move: Future Sight
|-damage|p1a: Dondozo|75/100 slp
|-heal|p1a: Dondozo|82/100 slp|[from] item: Leftovers
|upkeep
|turn|32
|
|t:|1776101507
|move|p2a: Pecharunt|Hex|p1a: Dondozo
|-damage|p1a: Dondozo|57/100 slp
|cant|p1a: Dondozo|slp
|move|p1a: Dondozo|Sleep Talk|p1a: Dondozo
|move|p1a: Dondozo|Rest||[from] move: Sleep Talk|[still]
|-fail|p1a: Dondozo
|
|-weather|Snowscape|[upkeep]
|-heal|p1a: Dondozo|63/100 slp|[from] item: Leftovers
|upkeep
|turn|33
|
|t:|1776101511
|move|p2a: Pecharunt|Hex|p1a: Dondozo
|-damage|p1a: Dondozo|39/100 slp
|cant|p1a: Dondozo|slp
|move|p1a: Dondozo|Sleep Talk|p1a: Dondozo
|move|p1a: Dondozo|Liquidation|p2a: Pecharunt|[from] move: Sleep Talk
|-damage|p2a: Pecharunt|54/100
|-unboost|p2a: Pecharunt|def|1
|
|-weather|Snowscape|[upkeep]
|-heal|p1a: Dondozo|45/100 slp|[from] item: Leftovers
|upkeep
|turn|34
|
|t:|1776101519
|move|p2a: Pecharunt|Parting Shot|p1a: Dondozo
|-unboost|p1a: Dondozo|atk|1
|-unboost|p1a: Dondozo|spa|1
|
|t:|1776101522
|switch|p2a: Slowking|Slowking, M|77/100 tox|[from] Parting Shot
|-curestatus|p1a: Dondozo|slp|[msg]
|move|p1a: Dondozo|Liquidation|p2a: Slowking
|-resisted|p2a: Slowking
|-damage|p2a: Slowking|49/100 tox
|-unboost|p2a: Slowking|def|1
|
|-weather|none
|-heal|p1a: Dondozo|51/100|[from] item: Leftovers
|-damage|p2a: Slowking|43/100 tox|[from] psn
|upkeep
|turn|35
|
|t:|1776101529
|switch|p2a: Pecharunt|Pecharunt|54/100
|move|p1a: Dondozo|Liquidation|p2a: Pecharunt
|-damage|p2a: Pecharunt|17/100
|
|-heal|p1a: Dondozo|57/100|[from] item: Leftovers
|upkeep
|turn|36
|
|t:|1776101531
|move|p2a: Pecharunt|Malignant Chain|p1a: Dondozo
|-damage|p1a: Dondozo|38/100
|move|p1a: Dondozo|Liquidation|p2a: Pecharunt
|-damage|p2a: Pecharunt|0 fnt
|faint|p2a: Pecharunt
|
|-heal|p1a: Dondozo|44/100|[from] item: Leftovers
|upkeep
|
|t:|1776101535
|switch|p2a: Slowking|Slowking, M|76/100 tox
|turn|37
|
|t:|1776101538
|move|p2a: Slowking|Future Sight|p1a: Dondozo
|-start|p2a: Slowking|move: Future Sight
|move|p1a: Dondozo|Rest|p1a: Dondozo
|-status|p1a: Dondozo|slp|[from] move: Rest
|-heal|p1a: Dondozo|100/100 slp|[silent]
|
|-damage|p2a: Slowking|70/100 tox|[from] psn
|upkeep
|turn|38
|
|t:|1776101540
|-prepare|p2a: Slowking|Chilly Reception|[premajor]
|move|p2a: Slowking|Chilly Reception|p2a: Slowking
|-weather|Snowscape
|
|t:|1776101542
|switch|p2a: Hoopa|Hoopa-Unbound, tera:Dark|84/100|[from] Chilly Reception
|cant|p1a: Dondozo|slp
|move|p1a: Dondozo|Sleep Talk|p1a: Dondozo
|move|p1a: Dondozo|Curse|p1a: Dondozo|[from] move: Sleep Talk
|-unboost|p1a: Dondozo|spe|1
|-boost|p1a: Dondozo|atk|1
|-boost|p1a: Dondozo|def|1
|
|-weather|Snowscape|[upkeep]
|upkeep
|turn|39
|-message|fat chuds inc. forfeited.
|
|win|Dr. Drake6782
|raw|Dr. Drake6782's rating: 1614 &rarr; <strong>1635</strong><br />(+21 for winning)
|raw|fat chuds inc.'s rating: 1628 &rarr; <strong>1607</strong><br />(-21 for losing)
|l|☆fat chuds inc.
|player|p2|
