|html|<div class="broadcast-blue"><strong>[Gen 9] OU is currently suspecting Tera Blast! For information on how to participate check out the <a href="https://www.smogon.com/tools/suspects/view/200">suspect thread</a>.</strong></div>
|j|☆isopontto
|j|☆pytrax
|t:|1776079074
|gametype|singles
|player|p1|isopontto|ltsurge|1464
|player|p2|pytrax|emma|1532
|gen|9
|tier|[Gen 9] OU
|rated|
|rule|HP Percentage Mod: HP is shown in percentages
|rule|Endless Battle Clause: Forcing endless battles is banned
|rule|Species Clause: Limit one of each Pokémon
|rule|OHKO Clause: OHKO moves are banned
|rule|Evasion Items Clause: Evasion items are banned
|rule|Evasion Moves Clause: Evasion moves are banned
|rule|Evasion Abilities Clause: Evasion abilities are banned
|rule|Sleep Moves Clause: Sleep-inducing moves are banned
|clearpoke
|poke|p1|Ogerpon, F|
|poke|p1|Kingambit, F|
|poke|p1|Ting-Lu|
|poke|p1|Dragapult, F|
|poke|p1|Alomomola, M|
|poke|p1|Cinderace, M|
|poke|p2|Zamazenta-*|
|poke|p2|Slowking-Galar, F|
|poke|p2|Landorus-Therian, M|
|poke|p2|Kingambit, M|
|poke|p2|Scream Tail|
|poke|p2|Cinderace, M|
|teampreview
|inactive|Battle timer is ON: inactive players will automatically lose when time's up. (requested by pytrax)
|
|t:|1776079087
|teamsize|p1|6
|teamsize|p2|6
|start
|switch|p1a: seamen demon|Dragapult, F|100/100
|switch|p2a: Slowking|Slowking-Galar, F|100/100
|turn|1
|
|t:|1776079092
|move|p1a: seamen demon|Shadow Ball|p2a: Slowking
|-supereffective|p2a: Slowking
|-crit|p2a: Slowking
|-damage|p2a: Slowking|30/100
|move|p2a: Slowking|Psyshock|p1a: seamen demon
|-damage|p1a: seamen demon|50/100
|
|upkeep
|turn|2
|
|t:|1776079099
|switch|p2a: Kingambit|Kingambit, M|100/100
|move|p1a: seamen demon|Shadow Ball|p2a: Kingambit
|-resisted|p2a: Kingambit
|-damage|p2a: Kingambit|73/100
|
|-heal|p2a: Kingambit|79/100|[from] item: Leftovers
|upkeep
|turn|3
|
|t:|1776079108
|switch|p1a: fish|Alomomola, M, shiny|100/100
|move|p2a: Kingambit|Kowtow Cleave|p1a: fish
|-damage|p1a: fish|72/100
|
|-heal|p2a: Kingambit|85/100|[from] item: Leftovers
|upkeep
|turn|4
|
|t:|1776079113
|-end|p2a: Kingambit|fallenundefined|[silent]
|switch|p2a: Slowking|Slowking-Galar, F|64/100
|move|p1a: fish|Scald|p2a: Slowking
|-damage|p2a: Slowking|57/100
|
|upkeep
|turn|5
|
|t:|1776079121
|move|p1a: fish|Flip Turn|p2a: Slowking
|-damage|p2a: Slowking|38/100
|
|t:|1776079130
|switch|p1a: deer|Ting-Lu, shiny|100/100|[from] Flip Turn
|-ability|p1a: deer|Vessel of Ruin
|move|p2a: Slowking|Future Sight|p1a: deer
|-start|p2a: Slowking|move: Future Sight
|
|upkeep
|turn|6
|
|t:|1776079136
|switch|p2a: Zamazenta|Zamazenta|100/100
|-ability|p2a: Zamazenta|Dauntless Shield|boost
|-boost|p2a: Zamazenta|def|1
|move|p1a: deer|Stealth Rock|p2a: Zamazenta
|-sidestart|p2: pytrax|move: Stealth Rock
|
|upkeep
|turn|7
|
|t:|1776079147
|-terastallize|p1a: deer|Water
|move|p2a: Zamazenta|Close Combat|p1a: deer
|-damage|p1a: deer|49/100
|-unboost|p2a: Zamazenta|def|1
|-unboost|p2a: Zamazenta|spd|1
|move|p1a: deer|Ruination|p2a: Zamazenta
|-damage|p2a: Zamazenta|51/100
|
|-end|p1a: deer|move: Future Sight
|-damage|p1a: deer|24/100
|-heal|p1a: deer|31/100|[from] item: Leftovers
|upkeep
|turn|8
|
|t:|1776079158
|switch|p1a: fish|Alomomola, M, shiny|100/100
|move|p2a: Zamazenta|Close Combat|p1a: fish
|-damage|p1a: fish|57/100
|-unboost|p2a: Zamazenta|def|1
|-unboost|p2a: Zamazenta|spd|1
|
|upkeep
|turn|9
|
|t:|1776079169
|switch|p2a: Slowking|Slowking-Galar, F|72/100
|-damage|p2a: Slowking|59/100|[from] Stealth Rock
|move|p1a: fish|Wish|p1a: fish
|
|upkeep
|turn|10
|
|t:|1776079183
|move|p1a: fish|Flip Turn|p2a: Slowking
|-damage|p2a: Slowking|43/100
|
|t:|1776079188
|switch|p1a: deer|Ting-Lu, shiny, tera:Water|31/100|[from] Flip Turn
|-ability|p1a: deer|Vessel of Ruin
|move|p2a: Slowking|Psyshock|p1a: deer
|-damage|p1a: deer|15/100
|
|-heal|p1a: deer|67/100|[from] move: Wish|[wisher] fish
|-heal|p1a: deer|73/100|[from] item: Leftovers
|upkeep
|turn|11
|
|t:|1776079199
|switch|p2a: Scream Tail|Scream Tail|100/100
|-damage|p2a: Scream Tail|88/100|[from] Stealth Rock
|move|p1a: deer|Spikes|p2a: Scream Tail
|-sidestart|p2: pytrax|Spikes
|
|-heal|p2a: Scream Tail|94/100|[from] item: Leftovers
|-heal|p1a: deer|79/100|[from] item: Leftovers
|upkeep
|turn|12
|
|t:|1776079204
|move|p2a: Scream Tail|Wish|p2a: Scream Tail
|move|p1a: deer|Earthquake|p2a: Scream Tail
|-damage|p2a: Scream Tail|63/100
|
|-heal|p2a: Scream Tail|69/100|[from] item: Leftovers
|-heal|p1a: deer|85/100|[from] item: Leftovers
|upkeep
|turn|13
|
|t:|1776079217
|switch|p1a: Ogerpon|Ogerpon, F|100/100
|move|p2a: Scream Tail|Encore||[still]
|-fail|p2a: Scream Tail
|
|-heal|p2a: Scream Tail|100/100|[from] move: Wish|[wisher] Scream Tail
|upkeep
|turn|14
|
|t:|1776079223
|move|p2a: Scream Tail|Wish|p2a: Scream Tail
|move|p1a: Ogerpon|Taunt|p2a: Scream Tail
|-start|p2a: Scream Tail|move: Taunt
|
|upkeep
|turn|15
|
|t:|1776079241
|-end|p2a: Scream Tail|Protosynthesis|[silent]
|switch|p2a: Landorus|Landorus-Therian, M|100/100
|-damage|p2a: Landorus|88/100|[from] Stealth Rock
|-ability|p2a: Landorus|Intimidate|boost
|-unboost|p1a: Ogerpon|atk|1
|-ability|p1a: Ogerpon|Defiant|boost
|-boost|p1a: Ogerpon|atk|2
|move|p1a: Ogerpon|Knock Off|p2a: Landorus
|-crit|p2a: Landorus
|-damage|p2a: Landorus|19/100
|-enditem|p2a: Landorus|Leftovers|[from] move: Knock Off|[of] p1a: Ogerpon
|
|-heal|p2a: Landorus|78/100|[from] move: Wish|[wisher] Scream Tail
|upkeep
|turn|16
|
|t:|1776079253
|move|p1a: Ogerpon|Ivy Cudgel|p2a: Landorus
|-damage|p2a: Landorus|3/100
|move|p2a: Landorus|U-turn|p1a: Ogerpon
|-supereffective|p1a: Ogerpon
|-damage|p1a: Ogerpon|39/100
|
|t:|1776079257
|switch|p2a: Cinderace|Cinderace, M|100/100|[from] U-turn
|
|upkeep
|turn|17
|
|t:|1776079266
|move|p2a: Cinderace|U-turn|p1a: Ogerpon
|-supereffective|p1a: Ogerpon
|-damage|p1a: Ogerpon|0 fnt
|faint|p1a: Ogerpon
|
|t:|1776079274
|switch|p2a: Scream Tail|Scream Tail|100/100|[from] U-turn
|-damage|p2a: Scream Tail|88/100|[from] Stealth Rock
|-damage|p2a: Scream Tail|76/100|[from] Spikes
|
|-heal|p2a: Scream Tail|82/100|[from] item: Leftovers
|upkeep
|
|t:|1776079281
|switch|p1a: seamen demon|Dragapult, F|50/100
|turn|18
|
|t:|1776079284
|move|p1a: seamen demon|Shadow Ball|p2a: Scream Tail
|-supereffective|p2a: Scream Tail
|-damage|p2a: Scream Tail|11/100
|-unboost|p2a: Scream Tail|spd|1
|move|p2a: Scream Tail|Dazzling Gleam|p1a: seamen demon
|-supereffective|p1a: seamen demon
|-damage|p1a: seamen demon|0 fnt
|faint|p1a: seamen demon
|
|-heal|p2a: Scream Tail|17/100|[from] item: Leftovers
|upkeep
|
|t:|1776079294
|switch|p1a: Stepa|Cinderace, M|100/100
|turn|19
|
|t:|1776079299
|move|p1a: Stepa|Pyro Ball|p2a: Scream Tail
|-damage|p2a: Scream Tail|0 fnt
|faint|p2a: Scream Tail
|-end|p2a: Scream Tail|Protosynthesis|[silent]
|
|upkeep
|
|t:|1776079308
|switch|p2a: Zamazenta|Zamazenta|51/100
|-damage|p2a: Zamazenta|44/100|[from] Stealth Rock
|-damage|p2a: Zamazenta|32/100|[from] Spikes
|turn|20
|
|t:|1776079313
|switch|p1a: fish|Alomomola, M, shiny|90/100
|-terastallize|p2a: Zamazenta|Fighting
|move|p2a: Zamazenta|Close Combat|p1a: fish
|-damage|p1a: fish|32/100
|-unboost|p2a: Zamazenta|def|1
|-unboost|p2a: Zamazenta|spd|1
|
|upkeep
|turn|21
|
|t:|1776079336
|switch|p1a: deer|Ting-Lu, shiny, tera:Water|85/100
|-ability|p1a: deer|Vessel of Ruin
|move|p2a: Zamazenta|Close Combat|p1a: deer
|-damage|p1a: deer|25/100
|-unboost|p2a: Zamazenta|def|1
|-unboost|p2a: Zamazenta|spd|1
|
|-heal|p1a: deer|32/100|[from] item: Leftovers
|upkeep
|turn|22
|
|t:|1776079343
|move|p2a: Zamazenta|Close Combat|p1a: deer
|-damage|p1a: deer|0 fnt
|-unboost|p2a: Zamazenta|def|1
|-unboost|p2a: Zamazenta|spd|1
|faint|p1a: deer
|
|upkeep
|
|t:|1776079353
|switch|p1a: guy|Kingambit, F, shiny|100/100
|-activate|p1a: guy|ability: Supreme Overlord
|-start|p1a: guy|fallen3|[silent]
|turn|23
|
|t:|1776079359
|switch|p2a: Landorus|Landorus-Therian, M|3/100
|-damage|p2a: Landorus|0 fnt|[from] Stealth Rock
|faint|p2a: Landorus
|move|p1a: guy|Sucker Punch|p2: Landorus|[notarget]
|-fail|p1a: guy
|
|upkeep
|
|t:|1776079361
|switch|p2a: Cinderace|Cinderace, M|100/100
|turn|24
|
|t:|1776079367
|-end|p1a: guy|fallen3|[silent]
|switch|p1a: Stepa|Cinderace, M|100/100
|move|p2a: Cinderace|Pyro Ball|p1a: Stepa
|-resisted|p1a: Stepa
|-damage|p1a: Stepa|70/100
|
|upkeep
|turn|25
|
|t:|1776079373
|move|p2a: Cinderace|Court Change|p2a: Cinderace
|-swapsideconditions
|-activate|p2a: Cinderace|move: Court Change
|move|p1a: Stepa|Pyro Ball|p2a: Cinderace
|-resisted|p2a: Cinderace
|-damage|p2a: Cinderace|64/100
|
|upkeep
|turn|26
|
|t:|1776079377
|move|p1a: Stepa|Court Change|p1a: Stepa
|-start|p1a: Stepa|typechange|Normal|[from] ability: Libero
|-swapsideconditions
|-activate|p1a: Stepa|move: Court Change
|move|p2a: Cinderace|U-turn|p1a: Stepa
|-damage|p1a: Stepa|45/100
|
|t:|1776079382
|switch|p2a: Slowking|Slowking-Galar, F|76/100|[from] U-turn
|-damage|p2a: Slowking|64/100|[from] Stealth Rock
|-damage|p2a: Slowking|52/100|[from] Spikes
|
|upkeep
|turn|27
|
|t:|1776079393
|move|p1a: Stepa|Pyro Ball|p2a: Slowking
|-damage|p2a: Slowking|11/100
|-status|p2a: Slowking|brn
|move|p2a: Slowking|Surf|p1a: Stepa
|-damage|p1a: Stepa|3/100
|
|-damage|p2a: Slowking|5/100 brn|[from] brn
|upkeep
|turn|28
|
|t:|1776079409
|move|p1a: Stepa|Pyro Ball|p2a: Slowking
|-damage|p2a: Slowking|0 fnt
|faint|p2a: Slowking
|
|upkeep
|
|t:|1776079418
|switch|p2a: Cinderace|Cinderace, M|64/100
|turn|29
|
|t:|1776079423
|move|p2a: Cinderace|Court Change|p2a: Cinderace
|-swapsideconditions
|-activate|p2a: Cinderace|move: Court Change
|move|p1a: Stepa|U-turn|p2a: Cinderace
|-resisted|p2a: Cinderace
|-damage|p2a: Cinderace|51/100
|
|t:|1776079428
|switch|p1a: fish|Alomomola, M, shiny|65/100|[from] U-turn
|
|upkeep
|turn|30
|
|t:|1776079443
|move|p2a: Cinderace|U-turn|p1a: fish
|-damage|p1a: fish|55/100
|
|t:|1776079445
|switch|p2a: Zamazenta|Zamazenta, tera:Fighting|32/100|[from] U-turn
|move|p1a: fish|Scald|p2a: Zamazenta
|-damage|p2a: Zamazenta|18/100
|
|upkeep
|turn|31
|
|t:|1776079457
|switch|p1a: Stepa|Cinderace, M|3/100
|move|p2a: Zamazenta|Close Combat|p1a: Stepa
|-damage|p1a: Stepa|0 fnt
|-unboost|p2a: Zamazenta|def|1
|-unboost|p2a: Zamazenta|spd|1
|faint|p1a: Stepa
|
|upkeep
|
|t:|1776079462
|switch|p1a: guy|Kingambit, F, shiny|100/100
|-damage|p1a: guy|94/100|[from] Stealth Rock
|-damage|p1a: guy|82/100|[from] Spikes
|-activate|p1a: guy|ability: Supreme Overlord
|-start|p1a: guy|fallen4|[silent]
|turn|32
|
|t:|1776079466
|move|p1a: guy|Sucker Punch|p2a: Zamazenta
|-resisted|p2a: Zamazenta
|-damage|p2a: Zamazenta|0 fnt
|faint|p2a: Zamazenta
|
|-heal|p1a: guy|88/100|[from] item: Leftovers
|upkeep
|
|t:|1776079468
|switch|p2a: Cinderace|Cinderace, M|51/100
|turn|33
|
|t:|1776079471
|-end|p1a: guy|fallen4|[silent]
|switch|p1a: fish|Alomomola, M, shiny|89/100
|move|p2a: Cinderace|Will-O-Wisp|p1a: fish
|-status|p1a: fish|brn
|
|-damage|p1a: fish|83/100 brn|[from] brn
|upkeep
|turn|34
|
|t:|1776079480
|move|p2a: Cinderace|Pyro Ball|p1a: fish
|-resisted|p1a: fish
|-damage|p1a: fish|70/100 brn
|move|p1a: fish|Scald|p2a: Cinderace
|-supereffective|p2a: Cinderace
|-damage|p2a: Cinderace|20/100
|
|-damage|p1a: fish|64/100 brn|[from] brn
|upkeep
|turn|35
|
|t:|1776079485
|move|p2a: Cinderace|Pyro Ball|p1a: fish
|-resisted|p1a: fish
|-damage|p1a: fish|45/100 brn
|move|p1a: fish|Scald|p2a: Cinderace
|-supereffective|p2a: Cinderace
|-damage|p2a: Cinderace|0 fnt
|faint|p2a: Cinderace
|
|-damage|p1a: fish|39/100 brn|[from] brn
|upkeep
|
|t:|1776079488
|switch|p2a: Kingambit|Kingambit, M|85/100
|-activate|p2a: Kingambit|ability: Supreme Overlord
|-start|p2a: Kingambit|fallen5|[silent]
|turn|36
|
|t:|1776079491
|move|p1a: fish|Wish|p1a: fish
|move|p2a: Kingambit|Swords Dance|p2a: Kingambit
|-boost|p2a: Kingambit|atk|2
|
|-heal|p2a: Kingambit|91/100|[from] item: Leftovers
|-damage|p1a: fish|33/100 brn|[from] brn
|upkeep
|turn|37
|
|t:|1776079498
|move|p1a: fish|Protect|p1a: fish
|-singleturn|p1a: fish|Protect
|move|p2a: Kingambit|Kowtow Cleave|p1a: fish
|-activate|p1a: fish|move: Protect
|
|-heal|p1a: fish|83/100 brn|[from] move: Wish|[wisher] fish
|-heal|p2a: Kingambit|97/100|[from] item: Leftovers
|-damage|p1a: fish|77/100 brn|[from] brn
|upkeep
|turn|38
|
|t:|1776079506
|move|p1a: fish|Scald|p2a: Kingambit
|-damage|p2a: Kingambit|84/100
|move|p2a: Kingambit|Swords Dance|p2a: Kingambit
|-boost|p2a: Kingambit|atk|2
|
|-heal|p2a: Kingambit|90/100|[from] item: Leftovers
|-damage|p1a: fish|71/100 brn|[from] brn
|upkeep
|turn|39
|
|t:|1776079510
|move|p1a: fish|Scald|p2a: Kingambit
|-damage|p2a: Kingambit|77/100
|move|p2a: Kingambit|Kowtow Cleave|p1a: fish
|-damage|p1a: fish|0 fnt
|faint|p1a: fish
|
|-heal|p2a: Kingambit|83/100|[from] item: Leftovers
|upkeep
|
|t:|1776079515
|switch|p1a: guy|Kingambit, F, shiny|88/100
|-damage|p1a: guy|82/100|[from] Stealth Rock
|-damage|p1a: guy|70/100|[from] Spikes
|-activate|p1a: guy|ability: Supreme Overlord
|-start|p1a: guy|fallen5|[silent]
|turn|40
|
|t:|1776079523
|move|p2a: Kingambit|Iron Head|p1a: guy
|-resisted|p1a: guy
|-crit|p1a: guy
|-damage|p1a: guy|0 fnt
|faint|p1a: guy
|-end|p1a: guy|fallen5|[silent]
|
|win|pytrax
|raw|isopontto's rating: 1464 &rarr; <strong>1448</strong><br />(-16 for losing)
|raw|pytrax's rating: 1532 &rarr; <strong>1548</strong><br />(+16 for winning)
|l|☆isopontto
|player|p1|
|l|☆pytrax
|player|p2|
