|html|<div class="broadcast-blue"><strong>[Gen 9] OU is currently suspecting Tera Blast! For information on how to participate check out the <a href="https://www.smogon.com/tools/suspects/view/200">suspect thread</a>.</strong></div>
|j|☆giulianno
|j|☆TolaSix
|t:|1776105551
|gametype|singles
|player|p1|giulianno|red|1257
|player|p2|TolaSix|infielder|1296
|gen|9
|tier|[Gen 9] OU
|rated|
|rule|HP Percentage Mod: HP is shown in percentages
|rule|Endless Battle Clause: Forcing endless battles is banned
|rule|Species Clause: Limit one of each Pokémon
|rule|OHKO Clause: OHKO moves are banned
|rule|Evasion Items Clause: Evasion items are banned
|rule|Evasion Moves Clause: Evasion moves are banned
|rule|Evasion Abilities Clause: Evasion abilities are banned
|rule|Sleep Moves Clause: Sleep-inducing moves are banned
|clearpoke
|poke|p1|Chandelure, M|
|poke|p1|Gallade, M|
|poke|p1|Garchomp, M|
|poke|p1|Weavile, M|
|poke|p1|Gyarados, M|
|poke|p1|Magnezone|
|poke|p2|Ribombee, M|
|poke|p2|Empoleon, F|
|poke|p2|Serperior, F|
|poke|p2|Ogerpon, F|
|poke|p2|Malamar, F|
|poke|p2|Smeargle, M|
|teampreview
|inactive|Battle timer is ON: inactive players will automatically lose when time's up. (requested by TolaSix)
|
|t:|1776105569
|teamsize|p1|6
|teamsize|p2|6
|start
|switch|p1a: Weavile|Weavile, M|100/100
|switch|p2a: Ribombee|Ribombee, M, shiny|100/100
|-ability|p1a: Weavile|Pressure
|turn|1
|
|t:|1776105576
|move|p1a: Weavile|Swords Dance|p1a: Weavile
|-boost|p1a: Weavile|atk|2
|move|p2a: Ribombee|Sticky Web|p1a: Weavile
|-sidestart|p1: giulianno|move: Sticky Web
|
|upkeep
|turn|2
|
|t:|1776105581
|move|p1a: Weavile|Triple Axel|p2a: Ribombee
|-damage|p2a: Ribombee|59/100
|-damage|p2a: Ribombee|0 fnt
|faint|p2a: Ribombee
|-hitcount|p2: Ribombee|2
|
|upkeep
|
|t:|1776105596
|switch|p2a: Empoleon|Empoleon, F|100/100
|turn|3
|
|t:|1776105600
|move|p1a: Weavile|Knock Off|p2a: Empoleon
|-damage|p2a: Empoleon|9/100
|-enditem|p2a: Empoleon|Assault Vest|[from] move: Knock Off|[of] p1a: Weavile
|move|p2a: Empoleon|Flash Cannon|p1a: Weavile
|-supereffective|p1a: Weavile
|-enditem|p1a: Weavile|Focus Sash
|-damage|p1a: Weavile|1/100
|
|upkeep
|turn|4
|
|t:|1776105608
|move|p2a: Empoleon|Vacuum Wave|p1a: Weavile
|-supereffective|p1a: Weavile
|-damage|p1a: Weavile|0 fnt
|faint|p1a: Weavile
|
|upkeep
|
|t:|1776105623
|switch|p1a: Gyarados|Gyarados, M|100/100
|turn|5
|
|t:|1776105628
|move|p1a: Gyarados|Dragon Dance|p1a: Gyarados
|-boost|p1a: Gyarados|atk|1
|-boost|p1a: Gyarados|spe|1
|move|p2a: Empoleon|Ice Beam|p1a: Gyarados
|-damage|p1a: Gyarados|68/100
|
|-heal|p1a: Gyarados|75/100|[from] item: Leftovers
|upkeep
|turn|6
|
|t:|1776105639
|move|p1a: Gyarados|Earthquake|p2a: Empoleon
|-supereffective|p2a: Empoleon
|-damage|p2a: Empoleon|0 fnt
|faint|p2a: Empoleon
|-ability|p1a: Gyarados|Moxie|boost
|-boost|p1a: Gyarados|atk|1
|
|-heal|p1a: Gyarados|81/100|[from] item: Leftovers
|upkeep
|
|t:|1776105642
|switch|p2a: Smeargle|Smeargle, M, shiny|100/100
|turn|7
|
|t:|1776105649
|move|p1a: Gyarados|Waterfall|p2a: Smeargle
|-enditem|p2a: Smeargle|Focus Sash
|-damage|p2a: Smeargle|1/100
|move|p2a: Smeargle|Court Change|p2a: Smeargle
|-swapsideconditions
|-activate|p2a: Smeargle|move: Court Change
|
|-heal|p1a: Gyarados|87/100|[from] item: Leftovers
|upkeep
|turn|8
|
|t:|1776105657
|move|p2a: Smeargle|Burning Bulwark|p2a: Smeargle
|-singleturn|p2a: Smeargle|move: Protect
|move|p1a: Gyarados|Waterfall|p2a: Smeargle
|-activate|p2a: Smeargle|move: Protect
|-status|p1a: Gyarados|brn
|
|-heal|p1a: Gyarados|93/100 brn|[from] item: Leftovers
|-damage|p1a: Gyarados|87/100 brn|[from] brn
|upkeep
|turn|9
|
|t:|1776105666
|move|p1a: Gyarados|Waterfall|p2a: Smeargle
|-damage|p2a: Smeargle|0 fnt
|faint|p2a: Smeargle
|-ability|p1a: Gyarados|Moxie|boost
|-boost|p1a: Gyarados|atk|1
|
|-heal|p1a: Gyarados|93/100 brn|[from] item: Leftovers
|-damage|p1a: Gyarados|87/100 brn|[from] brn
|upkeep
|
|t:|1776105683
|switch|p2a: Serperior|Serperior, F|100/100
|-activate|p2a: Serperior|move: Sticky Web
|-boost|p2a: Serperior|spe|1
|turn|10
|
|t:|1776105688
|move|p2a: Serperior|Leaf Storm|p1a: Gyarados
|-damage|p1a: Gyarados|39/100 brn
|-boost|p2a: Serperior|spa|2
|move|p1a: Gyarados|Ice Fang|p2a: Serperior
|-supereffective|p2a: Serperior
|-damage|p2a: Serperior|32/100
|
|-heal|p2a: Serperior|38/100|[from] item: Leftovers
|-heal|p1a: Gyarados|46/100 brn|[from] item: Leftovers
|-damage|p1a: Gyarados|39/100 brn|[from] brn
|upkeep
|turn|11
|
|t:|1776105699
|move|p2a: Serperior|Leaf Storm|p1a: Gyarados
|-damage|p1a: Gyarados|0 fnt
|-boost|p2a: Serperior|spa|2
|faint|p1a: Gyarados
|
|-heal|p2a: Serperior|44/100|[from] item: Leftovers
|upkeep
|
|t:|1776105707
|switch|p1a: Chandelure|Chandelure, M|100/100
|turn|12
|
|t:|1776105713
|move|p2a: Serperior|Dragon Pulse|p1a: Chandelure
|-damage|p1a: Chandelure|17/100
|move|p1a: Chandelure|Flamethrower|p2a: Serperior
|-supereffective|p2a: Serperior
|-damage|p2a: Serperior|0 fnt
|faint|p2a: Serperior
|
|upkeep
|
|t:|1776105723
|switch|p2a: Malamar|Malamar, F|100/100
|-activate|p2a: Malamar|move: Sticky Web
|-boost|p2a: Malamar|spe|1
|turn|13
|
|t:|1776105734
|move|p1a: Chandelure|Will-O-Wisp|p2a: Malamar
|-status|p2a: Malamar|brn
|move|p2a: Malamar|Knock Off|p1a: Chandelure
|-supereffective|p1a: Chandelure
|-damage|p1a: Chandelure|0 fnt
|-enditem|p1a: Chandelure|Focus Sash|[from] move: Knock Off|[of] p2a: Malamar
|faint|p1a: Chandelure
|
|-damage|p2a: Malamar|94/100 brn|[from] brn
|upkeep
|
|t:|1776105746
|switch|p1a: Garchomp|Garchomp, M, shiny|100/100
|turn|14
|
|t:|1776105750
|move|p1a: Garchomp|Swords Dance|p1a: Garchomp
|-boost|p1a: Garchomp|atk|2
|move|p2a: Malamar|Superpower|p1a: Garchomp
|-damage|p1a: Garchomp|82/100
|-boost|p2a: Malamar|atk|1
|-boost|p2a: Malamar|def|1
|-damage|p2a: Malamar|82/100 brn|[from] ability: Rough Skin|[of] p1a: Garchomp
|
|-damage|p2a: Malamar|76/100 brn|[from] brn
|upkeep
|turn|15
|
|t:|1776105761
|move|p1a: Garchomp|Scale Shot|p2a: Malamar
|-damage|p2a: Malamar|59/100 brn
|-damage|p2a: Malamar|40/100 brn
|-damage|p2a: Malamar|20/100 brn
|-damage|p2a: Malamar|1/100 brn
|-hitcount|p2a: Malamar|4
|-unboost|p1a: Garchomp|def|1
|-boost|p1a: Garchomp|spe|1
|move|p2a: Malamar|Superpower|p1a: Garchomp
|-damage|p1a: Garchomp|41/100
|-boost|p2a: Malamar|atk|1
|-boost|p2a: Malamar|def|1
|-damage|p2a: Malamar|0 fnt|[from] ability: Rough Skin|[of] p1a: Garchomp
|faint|p2a: Malamar
|
|upkeep
|
|t:|1776105774
|switch|p2a: Ogerpon|Ogerpon, F|100/100
|-activate|p2a: Ogerpon|move: Sticky Web
|-unboost|p2a: Ogerpon|spe|1
|-ability|p2a: Ogerpon|Defiant|boost
|-boost|p2a: Ogerpon|atk|2
|-enditem|p2a: Ogerpon|White Herb
|-clearnegativeboost|p2a: Ogerpon|[silent]
|turn|16
|
|t:|1776105782
|-terastallize|p2a: Ogerpon|Grass
|detailschange|p2a: Ogerpon|Ogerpon-Teal-Tera, F, tera:Grass
|-ability|p2a: Ogerpon|Embody Aspect (Teal)|boost
|-boost|p2a: Ogerpon|spe|1
|move|p2a: Ogerpon|Ivy Cudgel|p1a: Garchomp
|-damage|p1a: Garchomp|0 fnt
|faint|p1a: Garchomp
|
|upkeep
|
|t:|1776105792
|switch|p1a: Gallade|Gallade, M|100/100
|turn|17
|
|t:|1776105801
|move|p1a: Gallade|Shadow Sneak|p2a: Ogerpon
|-damage|p2a: Ogerpon|82/100
|move|p2a: Ogerpon|Ivy Cudgel|p1a: Gallade
|-damage|p1a: Gallade|0 fnt
|faint|p1a: Gallade
|
|upkeep
|
|t:|1776105807
|switch|p1a: Magnezone|Magnezone|100/100
|-item|p1a: Magnezone|Air Balloon
|turn|18
|inactive|TolaSix has 120 seconds left.
|
|t:|1776105840
|-terastallize|p1a: Magnezone|Flying
|move|p2a: Ogerpon|Knock Off|p1a: Magnezone
|-damage|p1a: Magnezone|29/100
|-enditem|p1a: Magnezone|Air Balloon
|move|p1a: Magnezone|Tera Blast|p2a: Ogerpon|[anim] Tera Blast Flying
|-supereffective|p2a: Ogerpon
|-damage|p2a: Ogerpon|0 fnt
|faint|p2a: Ogerpon
|detailschange|p2: Ogerpon|Ogerpon, F|[silent]
|
|win|giulianno
|raw|giulianno's rating: 1257 &rarr; <strong>1285</strong><br />(+28 for winning)
|raw|TolaSix's rating: 1296 &rarr; <strong>1268</strong><br />(-28 for losing)
|c|☆TolaSix|gg
|l|☆TolaSix
|player|p2|
|l|☆giulianno
|player|p1|
