|html|<div class="broadcast-blue"><strong>[Gen 9] OU is currently suspecting Tera Blast! For information on how to participate check out the <a href="https://www.smogon.com/tools/suspects/view/200">suspect thread</a>.</strong></div>
|j|☆rhsamme23423
|j|☆ydm14
|t:|1776035886
|gametype|singles
|player|p1|rhsamme23423|102|1352
|player|p2|ydm14|169|1327
|gen|9
|tier|[Gen 9] OU
|rated|
|rule|HP Percentage Mod: HP is shown in percentages
|rule|Endless Battle Clause: Forcing endless battles is banned
|rule|Species Clause: Limit one of each Pokémon
|rule|OHKO Clause: OHKO moves are banned
|rule|Evasion Items Clause: Evasion items are banned
|rule|Evasion Moves Clause: Evasion moves are banned
|rule|Evasion Abilities Clause: Evasion abilities are banned
|rule|Sleep Moves Clause: Sleep-inducing moves are banned
|clearpoke
|poke|p1|Regidrago|
|poke|p1|Pecharunt|
|poke|p1|Great Tusk|
|poke|p1|Rillaboom, M|
|poke|p1|Iron Crown|
|poke|p1|Alomomola, F|
|poke|p2|Alomomola, M|
|poke|p2|Grafaiai, F|
|poke|p2|Iron Moth|
|poke|p2|Great Tusk|
|poke|p2|Ogerpon-Wellspring, F|
|poke|p2|Heatran, F|
|teampreview
|inactive|Battle timer is ON: inactive players will automatically lose when time's up. (requested by rhsamme23423)
|c|☆rhsamme23423|hf
|
|t:|1776035901
|teamsize|p1|6
|teamsize|p2|6
|start
|switch|p1a: Iron Crown|Iron Crown|100/100
|switch|p2a: Grafaiai|Grafaiai, F|100/100
|-item|p2a: Grafaiai|Air Balloon
|turn|1
|c|☆ydm14|hf
|
|t:|1776035913
|move|p2a: Grafaiai|Parting Shot|p1a: Iron Crown
|-unboost|p1a: Iron Crown|atk|1
|-unboost|p1a: Iron Crown|spa|1
|
|t:|1776035916
|switch|p2a: Heatran|Heatran, F|100/100|[from] Parting Shot
|move|p1a: Iron Crown|Volt Switch|p2a: Heatran
|-damage|p2a: Heatran|85/100
|
|t:|1776035929
|-end|p1a: Iron Crown|Quark Drive|[silent]
|switch|p1a: Great Tusk|Great Tusk|100/100|[from] Volt Switch
|
|-heal|p2a: Heatran|92/100|[from] item: Leftovers
|upkeep
|turn|2
|
|t:|1776035942
|switch|p2a: Alomomola|Alomomola, M|100/100
|move|p1a: Great Tusk|Headlong Rush|p2a: Alomomola
|-damage|p2a: Alomomola|65/100
|-unboost|p1a: Great Tusk|def|1
|-unboost|p1a: Great Tusk|spd|1
|-damage|p1a: Great Tusk|84/100|[from] item: Rocky Helmet|[of] p2a: Alomomola
|
|upkeep
|turn|3
|
|t:|1776035946
|move|p1a: Great Tusk|Stealth Rock|p2a: Alomomola
|-sidestart|p2: ydm14|move: Stealth Rock
|move|p2a: Alomomola|Flip Turn|p1a: Great Tusk
|-supereffective|p1a: Great Tusk
|-damage|p1a: Great Tusk|45/100
|
|t:|1776035970
|switch|p2a: Great Tusk|Great Tusk|100/100|[from] Flip Turn
|-damage|p2a: Great Tusk|98/100|[from] Stealth Rock
|
|upkeep
|turn|4
|inactive|rhsamme23423 has 120 seconds left.
|
|t:|1776036021
|-end|p1a: Great Tusk|Protosynthesis|[silent]
|switch|p1a: Pecharunt|Pecharunt|100/100
|move|p2a: Great Tusk|Headlong Rush|p1a: Pecharunt
|-supereffective|p1a: Pecharunt
|-crit|p1a: Pecharunt
|-damage|p1a: Pecharunt|11/100
|-unboost|p2a: Great Tusk|def|1
|-unboost|p2a: Great Tusk|spd|1
|
|upkeep
|turn|5
|
|t:|1776036037
|switch|p1a: Rillaboom|Rillaboom, M|100/100
|-fieldstart|move: Grassy Terrain|[from] ability: Grassy Surge|[of] p1a: Rillaboom
|move|p2a: Great Tusk|Headlong Rush|p1a: Rillaboom
|-resisted|p1a: Rillaboom
|-damage|p1a: Rillaboom|65/100
|-unboost|p2a: Great Tusk|def|1
|-unboost|p2a: Great Tusk|spd|1
|
|-heal|p2a: Great Tusk|100/100|[from] Grassy Terrain
|-heal|p1a: Rillaboom|71/100|[from] Grassy Terrain
|upkeep
|turn|6
|
|t:|1776036049
|-end|p2a: Great Tusk|Protosynthesis|[silent]
|switch|p2a: Heatran|Heatran, F|92/100
|-damage|p2a: Heatran|79/100|[from] Stealth Rock
|move|p1a: Rillaboom|U-turn|p2a: Heatran
|-resisted|p2a: Heatran
|-damage|p2a: Heatran|71/100
|
|t:|1776036060
|switch|p1a: Pecharunt|Pecharunt|11/100|[from] U-turn
|
|-heal|p1a: Pecharunt|17/100|[from] Grassy Terrain
|-heal|p2a: Heatran|77/100|[from] Grassy Terrain
|-heal|p2a: Heatran|84/100|[from] item: Leftovers
|upkeep
|turn|7
|
|t:|1776036073
|move|p1a: Pecharunt|Recover|p1a: Pecharunt
|-heal|p1a: Pecharunt|68/100
|move|p2a: Heatran|Magma Storm|p1a: Pecharunt
|-damage|p1a: Pecharunt|26/100
|-activate|p1a: Pecharunt|move: Magma Storm|[of] p2a: Heatran
|
|-heal|p1a: Pecharunt|32/100|[from] Grassy Terrain
|-heal|p2a: Heatran|90/100|[from] Grassy Terrain
|-heal|p2a: Heatran|96/100|[from] item: Leftovers
|-damage|p1a: Pecharunt|20/100|[from] move: Magma Storm|[partiallytrapped]
|upkeep
|turn|8
|
|t:|1776036080
|move|p1a: Pecharunt|Recover|p1a: Pecharunt
|-heal|p1a: Pecharunt|70/100
|move|p2a: Heatran|Stealth Rock|p1a: Pecharunt
|-sidestart|p1: rhsamme23423|move: Stealth Rock
|
|-heal|p1a: Pecharunt|76/100|[from] Grassy Terrain
|-heal|p2a: Heatran|100/100|[from] Grassy Terrain
|-damage|p1a: Pecharunt|64/100|[from] move: Magma Storm|[partiallytrapped]
|upkeep
|turn|9
|
|t:|1776036086
|move|p1a: Pecharunt|Parting Shot|p2a: Heatran
|-unboost|p2a: Heatran|atk|1
|-unboost|p2a: Heatran|spa|1
|
|t:|1776036088
|switch|p1a: Alomomola|Alomomola, F|100/100|[from] Parting Shot
|-damage|p1a: Alomomola|88/100|[from] Stealth Rock
|move|p2a: Heatran|Earth Power|p1a: Alomomola
|-damage|p1a: Alomomola|79/100
|
|-heal|p1a: Alomomola|85/100|[from] Grassy Terrain
|-fieldend|move: Grassy Terrain
|upkeep
|turn|10
|
|t:|1776036101
|switch|p2a: Ogerpon|Ogerpon-Wellspring, F|100/100
|-damage|p2a: Ogerpon|88/100|[from] Stealth Rock
|move|p1a: Alomomola|Flip Turn|p2a: Ogerpon
|-heal|p2a: Ogerpon|100/100|[from] ability: Water Absorb|[of] p1a: Alomomola
|
|upkeep
|turn|11
|
|t:|1776036105
|switch|p1a: Pecharunt|Pecharunt|64/100
|move|p2a: Ogerpon|Encore||[still]
|-fail|p2a: Ogerpon
|
|upkeep
|turn|12
|
|t:|1776036114
|switch|p2a: Grafaiai|Grafaiai, F|100/100
|-damage|p2a: Grafaiai|88/100|[from] Stealth Rock
|-item|p2a: Grafaiai|Air Balloon
|move|p1a: Pecharunt|Parting Shot|p2a: Grafaiai
|-unboost|p2a: Grafaiai|atk|1
|-unboost|p2a: Grafaiai|spa|1
|
|t:|1776036120
|switch|p1a: Iron Crown|Iron Crown|100/100|[from] Parting Shot
|-damage|p1a: Iron Crown|94/100|[from] Stealth Rock
|
|upkeep
|turn|13
|
|t:|1776036133
|move|p2a: Grafaiai|Parting Shot|p1a: Iron Crown
|-unboost|p1a: Iron Crown|atk|1
|-unboost|p1a: Iron Crown|spa|1
|
|t:|1776036139
|switch|p2a: Heatran|Heatran, F|100/100|[from] Parting Shot
|-damage|p2a: Heatran|88/100|[from] Stealth Rock
|move|p1a: Iron Crown|Psychic Noise|p2a: Heatran
|-resisted|p2a: Heatran
|-damage|p2a: Heatran|76/100
|-start|p2a: Heatran|move: Heal Block
|
|upkeep
|turn|14
|
|t:|1776036157
|-end|p1a: Iron Crown|Quark Drive|[silent]
|switch|p1a: Alomomola|Alomomola, F|100/100
|-damage|p1a: Alomomola|88/100|[from] Stealth Rock
|switch|p2a: Great Tusk|Great Tusk|100/100
|-damage|p2a: Great Tusk|98/100|[from] Stealth Rock
|
|upkeep
|turn|15
|
|t:|1776036164
|move|p2a: Great Tusk|Rapid Spin|p1a: Alomomola
|-damage|p1a: Alomomola|74/100
|-boost|p2a: Great Tusk|spe|1
|-sideend|p2: ydm14|Stealth Rock|[from] move: Rapid Spin|[of] p2a: Great Tusk
|move|p1a: Alomomola|Flip Turn|p2a: Great Tusk
|-supereffective|p2a: Great Tusk
|-damage|p2a: Great Tusk|75/100
|
|t:|1776036169
|switch|p1a: Rillaboom|Rillaboom, M|71/100|[from] Flip Turn
|-damage|p1a: Rillaboom|59/100|[from] Stealth Rock
|-fieldstart|move: Grassy Terrain|[from] ability: Grassy Surge|[of] p1a: Rillaboom
|
|-heal|p2a: Great Tusk|81/100|[from] Grassy Terrain
|-heal|p1a: Rillaboom|65/100|[from] Grassy Terrain
|upkeep
|turn|16
|
|t:|1776036182
|move|p2a: Great Tusk|Ice Spinner|p1a: Rillaboom
|-supereffective|p1a: Rillaboom
|-damage|p1a: Rillaboom|5/100
|-fieldend|move: Grassy Terrain
|move|p1a: Rillaboom|Wood Hammer|p2a: Great Tusk
|-supereffective|p2a: Great Tusk
|-damage|p2a: Great Tusk|0 fnt
|faint|p2a: Great Tusk
|-end|p2a: Great Tusk|Protosynthesis|[silent]
|-damage|p1a: Rillaboom|0 fnt|[from] Recoil
|faint|p1a: Rillaboom
|
|upkeep
|
|t:|1776036191
|switch|p2a: Iron Moth|Iron Moth|100/100
|switch|p1a: Great Tusk|Great Tusk|45/100
|-enditem|p2a: Iron Moth|Booster Energy
|-activate|p2a: Iron Moth|ability: Quark Drive|[fromitem]
|-start|p2a: Iron Moth|quarkdrivespe
|turn|17
|
|t:|1776036197
|-end|p1a: Great Tusk|Protosynthesis|[silent]
|switch|p1a: Alomomola|Alomomola, F|100/100
|-damage|p1a: Alomomola|88/100|[from] Stealth Rock
|move|p2a: Iron Moth|Substitute|p2a: Iron Moth
|-start|p2a: Iron Moth|Substitute
|-damage|p2a: Iron Moth|76/100
|
|upkeep
|turn|18
|
|t:|1776036203
|move|p1a: Alomomola|Aqua Jet|p2a: Iron Moth
|-supereffective|p2a: Iron Moth
|-end|p2a: Iron Moth|Substitute
|move|p2a: Iron Moth|Fiery Dance|p1a: Alomomola
|-resisted|p1a: Alomomola
|-damage|p1a: Alomomola|79/100
|-boost|p2a: Iron Moth|spa|1
|
|upkeep
|turn|19
|
|t:|1776036212
|move|p1a: Alomomola|Aqua Jet|p2a: Iron Moth
|-supereffective|p2a: Iron Moth
|-damage|p2a: Iron Moth|42/100
|move|p2a: Iron Moth|Sludge Wave|p1a: Alomomola
|-damage|p1a: Alomomola|44/100
|
|upkeep
|turn|20
|
|t:|1776036218
|-end|p2a: Iron Moth|Quark Drive|[silent]
|switch|p2a: Ogerpon|Ogerpon-Wellspring, F|100/100
|move|p1a: Alomomola|Flip Turn|p2a: Ogerpon
|-immune|p2a: Ogerpon|[from] ability: Water Absorb
|
|upkeep
|turn|21
|
|t:|1776036223
|switch|p1a: Pecharunt|Pecharunt|64/100
|move|p2a: Ogerpon|Swords Dance|p2a: Ogerpon
|-boost|p2a: Ogerpon|atk|2
|
|upkeep
|turn|22
|
|t:|1776036232
|move|p2a: Ogerpon|Ivy Cudgel|p1a: Pecharunt|[anim] Ivy Cudgel Water
|-damage|p1a: Pecharunt|7/100
|move|p1a: Pecharunt|Malignant Chain|p2a: Ogerpon
|-supereffective|p2a: Ogerpon
|-damage|p2a: Ogerpon|31/100
|-status|p2a: Ogerpon|tox
|-start|p2a: Ogerpon|confusion|[from] ability: Poison Puppeteer|[of] p1a: Pecharunt
|
|-damage|p2a: Ogerpon|25/100 tox|[from] psn
|upkeep
|turn|23
|
|t:|1776036250
|-activate|p2a: Ogerpon|confusion
|move|p2a: Ogerpon|Ivy Cudgel|p1a: Pecharunt|[anim] Ivy Cudgel Water
|-damage|p1a: Pecharunt|0 fnt
|faint|p1a: Pecharunt
|
|-damage|p2a: Ogerpon|13/100 tox|[from] psn
|upkeep
|
|t:|1776036268
|switch|p1a: Iron Crown|Iron Crown|94/100
|-damage|p1a: Iron Crown|88/100|[from] Stealth Rock
|turn|24
|
|t:|1776036282
|switch|p2a: Heatran|Heatran, F|76/100
|-end|p1a: Iron Crown|Quark Drive|[silent]
|switch|p1a: Alomomola|Alomomola, F|78/100
|-damage|p1a: Alomomola|65/100|[from] Stealth Rock
|
|-heal|p2a: Heatran|82/100|[from] item: Leftovers
|upkeep
|turn|25
|
|t:|1776036307
|move|p2a: Heatran|Protect|p2a: Heatran
|-singleturn|p2a: Heatran|Protect
|move|p1a: Alomomola|Play Rough|p2a: Heatran
|-activate|p2a: Heatran|move: Protect
|
|-heal|p2a: Heatran|89/100|[from] item: Leftovers
|upkeep
|turn|26
|
|t:|1776036313
|move|p2a: Heatran|Magma Storm|p1a: Alomomola|[miss]
|-miss|p2a: Heatran|p1a: Alomomola
|move|p1a: Alomomola|Flip Turn|p2a: Heatran
|-supereffective|p2a: Heatran
|-damage|p2a: Heatran|63/100
|
|t:|1776036337
|switch|p1a: Great Tusk|Great Tusk|45/100|[from] Flip Turn
|
|-heal|p2a: Heatran|69/100|[from] item: Leftovers
|upkeep
|turn|27
|
|t:|1776036342
|-terastallize|p2a: Heatran|Grass
|move|p1a: Great Tusk|Headlong Rush|p2a: Heatran
|-resisted|p2a: Heatran
|-damage|p2a: Heatran|41/100
|-unboost|p1a: Great Tusk|def|1
|-unboost|p1a: Great Tusk|spd|1
|move|p2a: Heatran|Magma Storm|p1a: Great Tusk
|-crit|p1a: Great Tusk
|-damage|p1a: Great Tusk|0 fnt
|faint|p1a: Great Tusk
|-end|p1a: Great Tusk|Protosynthesis|[silent]
|
|-heal|p2a: Heatran|47/100|[from] item: Leftovers
|upkeep
|
|t:|1776036349
|switch|p1a: Regidrago|Regidrago|100/100
|-damage|p1a: Regidrago|88/100|[from] Stealth Rock
|turn|28
|
|t:|1776036355
|move|p2a: Heatran|Protect|p2a: Heatran
|-singleturn|p2a: Heatran|Protect
|move|p1a: Regidrago|Dragon Energy|p2a: Heatran
|-activate|p2a: Heatran|move: Protect
|
|-heal|p2a: Heatran|54/100|[from] item: Leftovers
|upkeep
|turn|29
|
|t:|1776036374
|switch|p2a: Iron Moth|Iron Moth|42/100
|-terastallize|p1a: Regidrago|Dragon
|move|p1a: Regidrago|Dragon Energy|p2a: Iron Moth
|-damage|p2a: Iron Moth|0 fnt
|faint|p2a: Iron Moth
|-end|p2a: Iron Moth|Quark Drive|[silent]
|
|upkeep
|
|t:|1776036378
|switch|p2a: Grafaiai|Grafaiai, F|88/100
|-item|p2a: Grafaiai|Air Balloon
|turn|30
|
|t:|1776036397
|move|p2a: Grafaiai|Copycat|p2a: Grafaiai
|move|p2a: Grafaiai|Dragon Energy|p1a: Regidrago|[from] move: Copycat
|-supereffective|p1a: Regidrago
|-damage|p1a: Regidrago|35/100
|move|p1a: Regidrago|Dragon Energy|p2a: Grafaiai
|-damage|p2a: Grafaiai|27/100
|-enditem|p2a: Grafaiai|Air Balloon
|
|upkeep
|turn|31
|
|t:|1776036412
|move|p2a: Grafaiai|Parting Shot|p1a: Regidrago
|-unboost|p1a: Regidrago|atk|1
|-unboost|p1a: Regidrago|spa|1
|
|t:|1776036414
|switch|p2a: Heatran|Heatran, F, tera:Grass|54/100|[from] Parting Shot
|move|p1a: Regidrago|Dragon Energy|p2a: Heatran
|-damage|p2a: Heatran|35/100
|
|-heal|p2a: Heatran|42/100|[from] item: Leftovers
|upkeep
|turn|32
|
|t:|1776036420
|switch|p1a: Alomomola|Alomomola, F|98/100
|-damage|p1a: Alomomola|86/100|[from] Stealth Rock
|move|p2a: Heatran|Magma Storm|p1a: Alomomola|[miss]
|-miss|p2a: Heatran|p1a: Alomomola
|
|-heal|p2a: Heatran|48/100|[from] item: Leftovers
|upkeep
|turn|33
|
|t:|1776036427
|move|p2a: Heatran|Protect|p2a: Heatran
|-singleturn|p2a: Heatran|Protect
|move|p1a: Alomomola|Play Rough|p2a: Heatran
|-activate|p2a: Heatran|move: Protect
|
|-heal|p2a: Heatran|54/100|[from] item: Leftovers
|upkeep
|turn|34
|
|t:|1776036432
|switch|p2a: Alomomola|Alomomola, M|98/100
|move|p1a: Alomomola|Mirror Coat||[still]
|-fail|p1a: Alomomola
|
|upkeep
|turn|35
|
|t:|1776036435
|move|p2a: Alomomola|Wish|p2a: Alomomola
|move|p1a: Alomomola|Flip Turn|p2a: Alomomola
|-resisted|p2a: Alomomola
|-damage|p2a: Alomomola|93/100
|-damage|p1a: Alomomola|70/100|[from] item: Rocky Helmet|[of] p2a: Alomomola
|
|t:|1776036445
|switch|p1a: Regidrago|Regidrago, tera:Dragon|35/100|[from] Flip Turn
|-damage|p1a: Regidrago|22/100|[from] Stealth Rock
|
|upkeep
|turn|36
|
|t:|1776036447
|move|p1a: Regidrago|Draco Meteor|p2a: Alomomola
|-damage|p2a: Alomomola|0 fnt
|-unboost|p1a: Regidrago|spa|2
|faint|p2a: Alomomola
|
|upkeep
|
|t:|1776036457
|switch|p2a: Grafaiai|Grafaiai, F|27/100
|turn|37
|
|t:|1776036465
|switch|p1a: Alomomola|Alomomola, F|100/100
|-damage|p1a: Alomomola|88/100|[from] Stealth Rock
|move|p2a: Grafaiai|Parting Shot|p1a: Alomomola
|-unboost|p1a: Alomomola|atk|1
|-unboost|p1a: Alomomola|spa|1
|
|t:|1776036469
|switch|p2a: Heatran|Heatran, F, tera:Grass|54/100|[from] Parting Shot
|
|-heal|p2a: Heatran|60/100|[from] item: Leftovers
|upkeep
|turn|38
|
|t:|1776036475
|move|p2a: Heatran|Protect|p2a: Heatran
|-singleturn|p2a: Heatran|Protect
|move|p1a: Alomomola|Play Rough|p2a: Heatran
|-activate|p2a: Heatran|move: Protect
|
|-heal|p2a: Heatran|67/100|[from] item: Leftovers
|upkeep
|turn|39
|
|t:|1776036480
|move|p2a: Heatran|Magma Storm|p1a: Alomomola
|-resisted|p1a: Alomomola
|-damage|p1a: Alomomola|77/100
|-activate|p1a: Alomomola|move: Magma Storm|[of] p2a: Heatran
|move|p1a: Alomomola|Play Rough|p2a: Heatran
|-damage|p2a: Heatran|58/100
|
|-heal|p2a: Heatran|64/100|[from] item: Leftovers
|-damage|p1a: Alomomola|64/100|[from] move: Magma Storm|[partiallytrapped]
|upkeep
|turn|40
|
|t:|1776036491
|move|p2a: Heatran|Protect|p2a: Heatran
|-singleturn|p2a: Heatran|Protect
|move|p1a: Alomomola|Play Rough|p2a: Heatran
|-activate|p2a: Heatran|move: Protect
|
|-heal|p2a: Heatran|70/100|[from] item: Leftovers
|-damage|p1a: Alomomola|52/100|[from] move: Magma Storm|[partiallytrapped]
|upkeep
|turn|41
|
|t:|1776036496
|move|p2a: Heatran|Earth Power|p1a: Alomomola
|-damage|p1a: Alomomola|39/100
|move|p1a: Alomomola|Flip Turn|p2a: Heatran
|-resisted|p2a: Heatran
|-damage|p2a: Heatran|65/100
|
|t:|1776036503
|switch|p1a: Regidrago|Regidrago, tera:Dragon|22/100|[from] Flip Turn
|-damage|p1a: Regidrago|10/100|[from] Stealth Rock
|
|-heal|p2a: Heatran|71/100|[from] item: Leftovers
|upkeep
|turn|42
|
|t:|1776036507
|move|p2a: Heatran|Protect|p2a: Heatran
|-singleturn|p2a: Heatran|Protect
|move|p1a: Regidrago|Draco Meteor|p2a: Heatran
|-activate|p2a: Heatran|move: Protect
|
|-heal|p2a: Heatran|78/100|[from] item: Leftovers
|upkeep
|turn|43
|
|t:|1776036510
|move|p1a: Regidrago|Draco Meteor|p2a: Heatran
|-damage|p2a: Heatran|3/100
|-unboost|p1a: Regidrago|spa|2
|move|p2a: Heatran|Magma Storm|p1a: Regidrago
|-resisted|p1a: Regidrago
|-damage|p1a: Regidrago|0 fnt
|faint|p1a: Regidrago
|
|-heal|p2a: Heatran|9/100|[from] item: Leftovers
|upkeep
|
|t:|1776036515
|switch|p1a: Iron Crown|Iron Crown|88/100
|-damage|p1a: Iron Crown|82/100|[from] Stealth Rock
|turn|44
|
|t:|1776036519
|move|p2a: Heatran|Protect|p2a: Heatran
|-singleturn|p2a: Heatran|Protect
|move|p1a: Iron Crown|Volt Switch|p2a: Heatran
|-activate|p2a: Heatran|move: Protect
|
|-heal|p2a: Heatran|15/100|[from] item: Leftovers
|upkeep
|turn|45
|
|t:|1776036525
|move|p1a: Iron Crown|Volt Switch|p2a: Heatran
|-resisted|p2a: Heatran
|-damage|p2a: Heatran|5/100
|
|t:|1776036527
|-end|p1a: Iron Crown|Quark Drive|[silent]
|switch|p1a: Alomomola|Alomomola, F|72/100|[from] Volt Switch
|-damage|p1a: Alomomola|59/100|[from] Stealth Rock
|move|p2a: Heatran|Magma Storm|p1a: Alomomola
|-resisted|p1a: Alomomola
|-damage|p1a: Alomomola|49/100
|-activate|p1a: Alomomola|move: Magma Storm|[of] p2a: Heatran
|
|-heal|p2a: Heatran|11/100|[from] item: Leftovers
|-damage|p1a: Alomomola|37/100|[from] move: Magma Storm|[partiallytrapped]
|upkeep
|turn|46
|
|t:|1776036535
|move|p2a: Heatran|Protect|p2a: Heatran
|-singleturn|p2a: Heatran|Protect
|move|p1a: Alomomola|Flip Turn|p2a: Heatran
|-activate|p2a: Heatran|move: Protect
|
|-heal|p2a: Heatran|17/100|[from] item: Leftovers
|-damage|p1a: Alomomola|25/100|[from] move: Magma Storm|[partiallytrapped]
|upkeep
|turn|47
|
|t:|1776036538
|switch|p2a: Ogerpon|Ogerpon-Wellspring, F|13/100 tox
|move|p1a: Alomomola|Flip Turn|p2a: Ogerpon
|-heal|p2a: Ogerpon|38/100 tox|[from] ability: Water Absorb|[of] p1a: Alomomola
|
|-damage|p2a: Ogerpon|32/100 tox|[from] psn
|-end|p1a: Alomomola|Magma Storm|[partiallytrapped]|[silent]
|upkeep
|turn|48
|l|☆rhsamme23423
|inactive|rhsamme23423 disconnected and has a minute to reconnect!
|player|p1|
|j|☆rhsamme23423
|inactive|rhsamme23423 reconnected and has 145 seconds left.
|player|p1|rhsamme23423|102|
|-message|rhsamme23423 forfeited.
|
|win|ydm14
|raw|rhsamme23423's rating: 1352 &rarr; <strong>1331</strong><br />(-21 for losing)
|raw|ydm14's rating: 1327 &rarr; <strong>1348</strong><br />(+21 for winning)
|l|☆rhsamme23423
|player|p1|
