|html|<div class="broadcast-blue"><strong>[Gen 9] OU is currently suspecting Tera Blast! For information on how to participate check out the <a href="https://www.smogon.com/tools/suspects/view/200">suspect thread</a>.</strong></div>
|j|☆Lano Del Rey2
|j|☆SnowieSoul
|t:|1776064949
|gametype|singles
|player|p1|Lano Del Rey2|bugcatcher-gen4dp|1085
|player|p2|SnowieSoul|2|1023
|gen|9
|tier|[Gen 9] OU
|rated|
|rule|HP Percentage Mod: HP is shown in percentages
|rule|Endless Battle Clause: Forcing endless battles is banned
|rule|Species Clause: Limit one of each Pokémon
|rule|OHKO Clause: OHKO moves are banned
|rule|Evasion Items Clause: Evasion items are banned
|rule|Evasion Moves Clause: Evasion moves are banned
|rule|Evasion Abilities Clause: Evasion abilities are banned
|rule|Sleep Moves Clause: Sleep-inducing moves are banned
|clearpoke
|poke|p1|Rotom-Wash|
|poke|p1|Dragonite, F|
|poke|p1|Heatran, F|
|poke|p1|Sinistcha-Masterpiece|
|poke|p1|Clefable, M|
|poke|p1|Excadrill, M|
|poke|p2|Gliscor, F|
|poke|p2|Talonflame, M|
|poke|p2|Rillaboom, M|
|poke|p2|Dondozo, M|
|poke|p2|Gholdengo|
|poke|p2|Hatterene, F|
|teampreview
|inactive|Battle timer is ON: inactive players will automatically lose when time's up. (requested by Lano Del Rey2)
|j| ohko_smeargle
|
|t:|1776064962
|teamsize|p1|6
|teamsize|p2|6
|start
|switch|p1a: Sinistcha|Sinistcha-Masterpiece, shiny|100/100
|switch|p2a: Gholdengo|Gholdengo|100/100
|turn|1
|
|t:|1776064969
|-terastallize|p2a: Gholdengo|Steel
|move|p2a: Gholdengo|Nasty Plot|p2a: Gholdengo
|-boost|p2a: Gholdengo|spa|2
|move|p1a: Sinistcha|Stun Spore|p2a: Gholdengo
|-immune|p2a: Gholdengo|[from] ability: Good as Gold
|
|upkeep
|turn|2
|
|t:|1776064988
|switch|p1a: Heatran|Heatran, F, shiny|100/100
|move|p2a: Gholdengo|Shadow Ball|p1a: Heatran
|-damage|p1a: Heatran|45/100
|
|-heal|p1a: Heatran|51/100|[from] item: Leftovers
|upkeep
|turn|3
|
|t:|1776064998
|move|p2a: Gholdengo|Shadow Ball|p1a: Heatran
|-damage|p1a: Heatran|0 fnt
|faint|p1a: Heatran
|
|upkeep
|
|t:|1776065004
|switch|p1a: Dragonite|Dragonite, F|100/100
|turn|4
|
|t:|1776065017
|move|p2a: Gholdengo|Make It Rain|p1a: Dragonite
|-damage|p1a: Dragonite|4/100
|-unboost|p2a: Gholdengo|spa|1
|move|p1a: Dragonite|Earthquake|p2a: Gholdengo
|-supereffective|p2a: Gholdengo
|-damage|p2a: Gholdengo|17/100
|
|-heal|p1a: Dragonite|10/100|[from] item: Leftovers
|upkeep
|turn|5
|
|t:|1776065029
|move|p2a: Gholdengo|Shadow Ball|p1a: Dragonite
|-damage|p1a: Dragonite|0 fnt
|faint|p1a: Dragonite
|
|upkeep
|
|t:|1776065041
|switch|p1a: Excadrill|Excadrill, M, shiny|100/100
|-ability|p1a: Excadrill|Mold Breaker
|-item|p1a: Excadrill|Air Balloon
|turn|6
|
|t:|1776065047
|move|p1a: Excadrill|Earthquake|p2a: Gholdengo
|-supereffective|p2a: Gholdengo
|-damage|p2a: Gholdengo|0 fnt
|faint|p2a: Gholdengo
|
|upkeep
|
|t:|1776065067
|switch|p2a: Dondozo|Dondozo, M|100/100
|turn|7
|
|t:|1776065073
|switch|p1a: Sinistcha|Sinistcha-Masterpiece, shiny|100/100
|move|p2a: Dondozo|Curse|p2a: Dondozo
|-unboost|p2a: Dondozo|spe|1
|-boost|p2a: Dondozo|atk|1
|-boost|p2a: Dondozo|def|1
|
|upkeep
|turn|8
|
|t:|1776065089
|switch|p2a: Talonflame|Talonflame, M|100/100
|move|p1a: Sinistcha|Stun Spore|p2a: Talonflame
|-status|p2a: Talonflame|par
|
|upkeep
|turn|9
|
|t:|1776065097
|switch|p1a: Rotom|Rotom-Wash|100/100
|move|p2a: Talonflame|Brave Bird|p1a: Rotom
|-resisted|p1a: Rotom
|-damage|p1a: Rotom|76/100
|-damage|p2a: Talonflame|92/100 par|[from] Recoil
|-damage|p2a: Talonflame|83/100 par|[from] item: Life Orb
|
|-heal|p1a: Rotom|82/100|[from] item: Leftovers
|upkeep
|turn|10
|
|t:|1776065111
|switch|p2a: Rillaboom|Rillaboom, M|100/100
|-fieldstart|move: Grassy Terrain|[from] ability: Grassy Surge|[of] p2a: Rillaboom
|move|p1a: Rotom|Volt Switch|p2a: Rillaboom
|-resisted|p2a: Rillaboom
|-damage|p2a: Rillaboom|85/100
|
|t:|1776065123
|switch|p1a: Clefable|Clefable, M, shiny|100/100|[from] Volt Switch
|
|-heal|p2a: Rillaboom|91/100|[from] Grassy Terrain
|upkeep
|turn|11
|
|t:|1776065130
|move|p2a: Rillaboom|Swords Dance|p2a: Rillaboom
|-boost|p2a: Rillaboom|atk|2
|move|p1a: Clefable|Moonblast|p2a: Rillaboom
|-damage|p2a: Rillaboom|49/100
|
|-heal|p2a: Rillaboom|55/100|[from] Grassy Terrain
|upkeep
|turn|12
|
|t:|1776065142
|move|p2a: Rillaboom|Wood Hammer|p1a: Clefable
|-damage|p1a: Clefable|0 fnt
|faint|p1a: Clefable
|-damage|p2a: Rillaboom|17/100|[from] Recoil
|
|-heal|p2a: Rillaboom|23/100|[from] Grassy Terrain
|upkeep
|
|t:|1776065155
|switch|p1a: Excadrill|Excadrill, M, shiny|100/100
|-ability|p1a: Excadrill|Mold Breaker
|-item|p1a: Excadrill|Air Balloon
|turn|13
|
|t:|1776065176
|-terastallize|p1a: Excadrill|Fairy
|move|p2a: Rillaboom|Grassy Glide|p1a: Excadrill
|-damage|p1a: Excadrill|0 fnt
|-enditem|p1a: Excadrill|Air Balloon
|faint|p1a: Excadrill
|
|-heal|p2a: Rillaboom|29/100|[from] Grassy Terrain
|upkeep
|-message|Lano Del Rey2 forfeited.
|
|win|SnowieSoul
|raw|Lano Del Rey2's rating: 1085 &rarr; <strong>1058</strong><br />(-27 for losing)
|raw|SnowieSoul's rating: 1023 &rarr; <strong>1066</strong><br />(+43 for winning)
|l|☆Lano Del Rey2
|player|p1|
|l| ohko_smeargle
