|html|<div class="broadcast-blue"><strong>[Gen 9] OU is currently suspecting Tera Blast! For information on how to participate check out the <a href="https://www.smogon.com/tools/suspects/view/200">suspect thread</a>.</strong></div>
|j|☆FreeBob
|j|☆zk1314
|t:|1776059358
|gametype|singles
|player|p1|FreeBob|hiker-gen4|1475
|player|p2|zk1314|n|1525
|gen|9
|tier|[Gen 9] OU
|rated|
|rule|HP Percentage Mod: HP is shown in percentages
|rule|Endless Battle Clause: Forcing endless battles is banned
|rule|Species Clause: Limit one of each Pokémon
|rule|OHKO Clause: OHKO moves are banned
|rule|Evasion Items Clause: Evasion items are banned
|rule|Evasion Moves Clause: Evasion moves are banned
|rule|Evasion Abilities Clause: Evasion abilities are banned
|rule|Sleep Moves Clause: Sleep-inducing moves are banned
|clearpoke
|poke|p1|Garchomp, M|
|poke|p1|Slither Wing|
|poke|p1|Slowking-Galar, M|
|poke|p1|Ogerpon-Wellspring, F|
|poke|p1|Moltres|
|poke|p1|Gholdengo|
|poke|p2|Raging Bolt|
|poke|p2|Moltres|
|poke|p2|Ceruledge, F|
|poke|p2|Muk-Alola, M|
|poke|p2|Clefable, M|
|poke|p2|Haxorus, F|
|teampreview
|inactive|Battle timer is ON: inactive players will automatically lose when time's up. (requested by zk1314)
|
|t:|1776059382
|teamsize|p1|6
|teamsize|p2|6
|start
|switch|p1a: Garchomp|Garchomp, M|100/100
|switch|p2a: Haxorus|Haxorus, F|100/100
|-ability|p2a: Haxorus|Mold Breaker
|turn|1
|
|t:|1776059397
|-terastallize|p2a: Haxorus|Fairy
|move|p1a: Garchomp|Draco Meteor|p2a: Haxorus
|-immune|p2a: Haxorus
|move|p2a: Haxorus|Swords Dance|p2a: Haxorus
|-boost|p2a: Haxorus|atk|2
|
|upkeep
|turn|2
|
|t:|1776059406
|-terastallize|p1a: Garchomp|Fairy
|move|p1a: Garchomp|Earthquake|p2a: Haxorus
|-damage|p2a: Haxorus|25/100
|-damage|p1a: Garchomp|91/100|[from] item: Life Orb
|move|p2a: Haxorus|Scale Shot|p1a: Garchomp
|-immune|p1a: Garchomp
|
|upkeep
|turn|3
|
|t:|1776059420
|switch|p2a: Moltres|Moltres|100/100
|move|p1a: Garchomp|Earthquake|p2a: Moltres
|-immune|p2a: Moltres
|
|upkeep
|turn|4
|
|t:|1776059427
|move|p1a: Garchomp|Stone Edge|p2a: Moltres
|-supereffective|p2a: Moltres
|-damage|p2a: Moltres|0 fnt
|faint|p2a: Moltres
|-damage|p1a: Garchomp|81/100|[from] item: Life Orb
|
|upkeep
|
|t:|1776059439
|switch|p2a: Ceruledge|Ceruledge, F|100/100
|turn|5
|
|t:|1776059449
|move|p1a: Garchomp|Earthquake|p2a: Ceruledge
|-supereffective|p2a: Ceruledge
|-enditem|p2a: Ceruledge|Focus Sash
|-damage|p2a: Ceruledge|1/100
|-ability|p2a: Ceruledge|Weak Armor|boost
|-unboost|p2a: Ceruledge|def|1
|-boost|p2a: Ceruledge|spe|2
|-damage|p1a: Garchomp|71/100|[from] item: Life Orb
|move|p2a: Ceruledge|Poltergeist|p1a: Garchomp
|-activate|p1a: Garchomp|move: Poltergeist|Life Orb
|-damage|p1a: Garchomp|13/100
|
|upkeep
|turn|6
|
|t:|1776059462
|move|p2a: Ceruledge|Poltergeist|p1a: Garchomp
|-activate|p1a: Garchomp|move: Poltergeist|Life Orb
|-damage|p1a: Garchomp|0 fnt
|faint|p1a: Garchomp
|
|upkeep
|
|t:|1776059466
|switch|p1a: Slither Wing|Slither Wing|100/100
|turn|7
|
|t:|1776059479
|switch|p2a: Clefable|Clefable, M|100/100
|move|p1a: Slither Wing|First Impression|p2a: Clefable
|-resisted|p2a: Clefable
|-damage|p2a: Clefable|65/100
|
|upkeep
|turn|8
|
|t:|1776059489
|move|p1a: Slither Wing|U-turn|p2a: Clefable
|-resisted|p2a: Clefable
|-damage|p2a: Clefable|39/100
|
|t:|1776059492
|-end|p1a: Slither Wing|Protosynthesis|[silent]
|switch|p1a: Gholdengo|Gholdengo|100/100|[from] U-turn
|move|p2a: Clefable|Flamethrower|p1a: Gholdengo
|-supereffective|p1a: Gholdengo
|-damage|p1a: Gholdengo|26/100
|
|upkeep
|turn|9
|
|t:|1776059511
|move|p1a: Gholdengo|Trick|p2a: Clefable
|-activate|p1a: Gholdengo|move: Trick|[of] p2a: Clefable
|-item|p2a: Clefable|Choice Scarf|[from] move: Trick
|-item|p1a: Gholdengo|Life Orb|[from] move: Trick
|move|p2a: Clefable|Flamethrower|p1a: Gholdengo
|-supereffective|p1a: Gholdengo
|-damage|p1a: Gholdengo|0 fnt
|faint|p1a: Gholdengo
|
|upkeep
|
|t:|1776059515
|switch|p1a: Ogerpon|Ogerpon-Wellspring, F|100/100
|turn|10
|
|t:|1776059521
|move|p1a: Ogerpon|Swords Dance|p1a: Ogerpon
|-boost|p1a: Ogerpon|atk|2
|move|p2a: Clefable|Flamethrower|p1a: Ogerpon
|-damage|p1a: Ogerpon|71/100
|-status|p1a: Ogerpon|brn
|
|-damage|p1a: Ogerpon|65/100 brn|[from] brn
|upkeep
|turn|11
|
|t:|1776059532
|move|p1a: Ogerpon|Ivy Cudgel|p2a: Clefable|[anim] Ivy Cudgel Water
|-damage|p2a: Clefable|0 fnt
|faint|p2a: Clefable
|
|-damage|p1a: Ogerpon|59/100 brn|[from] brn
|upkeep
|
|t:|1776059541
|switch|p2a: Raging Bolt|Raging Bolt|100/100
|turn|12
|
|t:|1776059550
|move|p1a: Ogerpon|Ivy Cudgel|p2a: Raging Bolt|[anim] Ivy Cudgel Water
|-resisted|p2a: Raging Bolt
|-damage|p2a: Raging Bolt|75/100
|move|p2a: Raging Bolt|Volt Switch|p1a: Ogerpon
|-damage|p1a: Ogerpon|0 fnt
|faint|p1a: Ogerpon
|
|t:|1776059559
|-end|p2a: Raging Bolt|Protosynthesis|[silent]
|switch|p2a: Haxorus|Haxorus, F, tera:Fairy|25/100|[from] Volt Switch
|-ability|p2a: Haxorus|Mold Breaker
|
|upkeep
|
|t:|1776059564
|switch|p1a: Slither Wing|Slither Wing|100/100
|turn|13
|
|t:|1776059568
|switch|p2a: Ceruledge|Ceruledge, F|1/100
|move|p1a: Slither Wing|First Impression|p2a: Ceruledge
|-resisted|p2a: Ceruledge
|-damage|p2a: Ceruledge|0 fnt
|faint|p2a: Ceruledge
|
|upkeep
|
|t:|1776059578
|switch|p2a: Raging Bolt|Raging Bolt|75/100
|turn|14
|
|t:|1776059585
|move|p2a: Raging Bolt|Draco Meteor|p1a: Slither Wing
|-damage|p1a: Slither Wing|0 fnt
|-unboost|p2a: Raging Bolt|spa|2
|faint|p1a: Slither Wing
|-end|p1a: Slither Wing|Protosynthesis|[silent]
|
|upkeep
|
|t:|1776059591
|switch|p1a: Slowking|Slowking-Galar, M|100/100
|turn|15
|
|t:|1776059596
|-end|p2a: Raging Bolt|Protosynthesis|[silent]
|switch|p2a: Muk|Muk-Alola, M|100/100
|move|p1a: Slowking|Future Sight|p2a: Muk
|-start|p1a: Slowking|move: Future Sight
|
|upkeep
|turn|16
|
|t:|1776059602
|move|p2a: Muk|Knock Off|p1a: Slowking
|-supereffective|p1a: Slowking
|-damage|p1a: Slowking|2/100
|-enditem|p1a: Slowking|Heavy-Duty Boots|[from] move: Knock Off|[of] p2a: Muk
|-prepare|p1a: Slowking|Chilly Reception|[premajor]
|move|p1a: Slowking|Chilly Reception|p1a: Slowking
|-weather|Snowscape
|
|t:|1776059604
|switch|p1a: Moltres|Moltres|100/100|[from] Chilly Reception
|
|-weather|Snowscape|[upkeep]
|upkeep
|turn|17
|
|t:|1776059614
|move|p1a: Moltres|Flamethrower|p2a: Muk
|-damage|p2a: Muk|81/100
|move|p2a: Muk|Knock Off|p1a: Moltres
|-damage|p1a: Moltres|69/100
|-enditem|p1a: Moltres|Heavy-Duty Boots|[from] move: Knock Off|[of] p2a: Muk
|
|-weather|Snowscape|[upkeep]
|-end|p2a: Muk|move: Future Sight
|-immune|p2a: Muk
|upkeep
|turn|18
|-message|FreeBob forfeited.
|
|win|zk1314
|raw|FreeBob's rating: 1475 &rarr; <strong>1458</strong><br />(-17 for losing)
|raw|zk1314's rating: 1525 &rarr; <strong>1542</strong><br />(+17 for winning)
|l|☆FreeBob
|player|p1|
|l|☆zk1314
|player|p2|
