|html|<div class="broadcast-blue"><strong>[Gen 9] OU is currently suspecting Tera Blast! For information on how to participate check out the <a href="https://www.smogon.com/tools/suspects/view/200">suspect thread</a>.</strong></div>
|j|☆onionxking
|j|☆cambi fever
|t:|1776038070
|gametype|singles
|player|p1|onionxking|pokemaniac|1449
|player|p2|cambi fever|blackbelt-gen4|1484
|gen|9
|tier|[Gen 9] OU
|rated|
|rule|HP Percentage Mod: HP is shown in percentages
|rule|Endless Battle Clause: Forcing endless battles is banned
|rule|Species Clause: Limit one of each Pokémon
|rule|OHKO Clause: OHKO moves are banned
|rule|Evasion Items Clause: Evasion items are banned
|rule|Evasion Moves Clause: Evasion moves are banned
|rule|Evasion Abilities Clause: Evasion abilities are banned
|rule|Sleep Moves Clause: Sleep-inducing moves are banned
|clearpoke
|poke|p1|Darkrai|
|poke|p1|Iron Treads|
|poke|p1|Dragapult, F|
|poke|p1|Ogerpon-Cornerstone, F|
|poke|p1|Iron Valiant|
|poke|p1|Glimmora, M|
|poke|p2|Pelipper, F|
|poke|p2|Iron Treads|
|poke|p2|Hatterene, F|
|poke|p2|Toxicroak, M|
|poke|p2|Barraskewda, M|
|poke|p2|Kyurem|
|teampreview
|inactive|Battle timer is ON: inactive players will automatically lose when time's up. (requested by onionxking)
|
|t:|1776038082
|teamsize|p1|6
|teamsize|p2|6
|start
|switch|p1a: Glimmora|Glimmora, M, shiny|100/100
|switch|p2a: Pelipper|Pelipper, F, shiny|100/100
|-weather|RainDance|[from] ability: Drizzle|[of] p2a: Pelipper
|turn|1
|
|t:|1776038088
|switch|p2a: Iron Treads|Iron Treads|100/100
|move|p1a: Glimmora|Spiky Shield||[still]
|-fail|p1a: Glimmora
|
|-weather|RainDance|[upkeep]
|upkeep
|turn|2
|
|t:|1776038092
|move|p1a: Glimmora|Rock Polish|p1a: Glimmora
|-boost|p1a: Glimmora|spe|2
|move|p2a: Iron Treads|Stealth Rock|p1a: Glimmora
|-sidestart|p1: onionxking|move: Stealth Rock
|
|-weather|RainDance|[upkeep]
|upkeep
|turn|3
|
|t:|1776038097
|move|p1a: Glimmora|Earth Power|p2a: Iron Treads
|-supereffective|p2a: Iron Treads
|-damage|p2a: Iron Treads|49/100
|-unboost|p2a: Iron Treads|spd|1
|move|p2a: Iron Treads|Earthquake|p1a: Glimmora
|-supereffective|p1a: Glimmora
|-enditem|p1a: Glimmora|Focus Sash
|-damage|p1a: Glimmora|1/100
|-activate|p1a: Glimmora|ability: Toxic Debris
|-sidestart|p2: cambi fever|move: Toxic Spikes
|
|-weather|RainDance|[upkeep]
|-heal|p2a: Iron Treads|56/100|[from] item: Leftovers
|upkeep
|turn|4
|
|t:|1776038117
|move|p1a: Glimmora|Earth Power|p2a: Iron Treads
|-supereffective|p2a: Iron Treads
|-damage|p2a: Iron Treads|0 fnt
|faint|p2a: Iron Treads
|-end|p2a: Iron Treads|Quark Drive|[silent]
|
|-weather|RainDance|[upkeep]
|upkeep
|
|t:|1776038120
|switch|p2a: Toxicroak|Toxicroak, M, shiny|100/100
|-sideend|p2: cambi fever|move: Toxic Spikes|[of] p2a: Toxicroak
|turn|5
|
|t:|1776038132
|switch|p2a: Hatterene|Hatterene, F, shiny|100/100
|move|p1a: Glimmora|Spiky Shield||[still]
|-fail|p1a: Glimmora
|
|-weather|RainDance|[upkeep]
|upkeep
|turn|6
|
|t:|1776038153
|switch|p2a: Toxicroak|Toxicroak, M, shiny|100/100
|move|p1a: Glimmora|Power Gem|p2a: Toxicroak
|-resisted|p2a: Toxicroak
|-damage|p2a: Toxicroak|71/100
|
|-weather|RainDance|[upkeep]
|-heal|p2a: Toxicroak|84/100|[from] ability: Dry Skin
|upkeep
|turn|7
|
|t:|1776038163
|switch|p2a: Hatterene|Hatterene, F, shiny|100/100
|move|p1a: Glimmora|Spiky Shield||[still]
|-fail|p1a: Glimmora
|
|-weather|RainDance|[upkeep]
|upkeep
|turn|8
|
|t:|1776038171
|move|p1a: Glimmora|Power Gem|p2a: Hatterene
|-damage|p2a: Hatterene|56/100
|-enditem|p2a: Hatterene|Eject Button
|
|t:|1776038174
|switch|p2a: Barraskewda|Barraskewda, M, shiny|100/100
|
|-weather|none
|upkeep
|turn|9
|
|t:|1776038177
|move|p1a: Glimmora|Spiky Shield|p1a: Glimmora
|-singleturn|p1a: Glimmora|move: Protect
|move|p2a: Barraskewda|Aqua Jet|p1a: Glimmora
|-activate|p1a: Glimmora|move: Protect
|-damage|p2a: Barraskewda|88/100|[from] Spiky Shield|[of] p1a: Glimmora
|
|upkeep
|turn|10
|
|t:|1776038195
|move|p1a: Glimmora|Spiky Shield||[still]
|-fail|p1a: Glimmora
|move|p2a: Barraskewda|Aqua Jet|p1a: Glimmora
|-supereffective|p1a: Glimmora
|-damage|p1a: Glimmora|0 fnt
|-activate|p1a: Glimmora|ability: Toxic Debris
|-sidestart|p2: cambi fever|move: Toxic Spikes
|faint|p1a: Glimmora
|
|upkeep
|
|t:|1776038203
|switch|p1a: Iron Treads|Iron Treads|100/100
|-damage|p1a: Iron Treads|97/100|[from] Stealth Rock
|turn|11
|
|t:|1776038215
|switch|p2a: Pelipper|Pelipper, F, shiny|100/100
|-weather|RainDance|[from] ability: Drizzle|[of] p2a: Pelipper
|move|p1a: Iron Treads|Rapid Spin|p2a: Pelipper
|-damage|p2a: Pelipper|85/100
|-boost|p1a: Iron Treads|spe|1
|-sideend|p1: onionxking|Stealth Rock|[from] move: Rapid Spin|[of] p1a: Iron Treads
|
|-weather|RainDance|[upkeep]
|upkeep
|turn|12
|
|t:|1776038225
|-terastallize|p1a: Iron Treads|Bug
|move|p1a: Iron Treads|Rapid Spin|p2a: Pelipper
|-damage|p2a: Pelipper|69/100
|-boost|p1a: Iron Treads|spe|1
|move|p2a: Pelipper|U-turn|p1a: Iron Treads
|-damage|p1a: Iron Treads|88/100
|-damage|p2a: Pelipper|53/100|[from] item: Rocky Helmet|[of] p1a: Iron Treads
|
|t:|1776038231
|switch|p2a: Toxicroak|Toxicroak, M, shiny|84/100|[from] U-turn
|-sideend|p2: cambi fever|move: Toxic Spikes|[of] p2a: Toxicroak
|
|-weather|RainDance|[upkeep]
|-heal|p2a: Toxicroak|96/100|[from] ability: Dry Skin
|upkeep
|turn|13
|
|t:|1776038242
|switch|p2a: Hatterene|Hatterene, F, shiny|56/100
|move|p1a: Iron Treads|Iron Head|p2a: Hatterene
|-supereffective|p2a: Hatterene
|-damage|p2a: Hatterene|0 fnt
|faint|p2a: Hatterene
|
|-weather|RainDance|[upkeep]
|upkeep
|
|t:|1776038247
|switch|p2a: Barraskewda|Barraskewda, M, shiny|88/100
|turn|14
|
|t:|1776038253
|-terastallize|p2a: Barraskewda|Water
|move|p2a: Barraskewda|Liquidation|p1a: Iron Treads
|-damage|p1a: Iron Treads|0 fnt
|-damage|p2a: Barraskewda|72/100|[from] item: Rocky Helmet|[of] p1a: Iron Treads
|faint|p1a: Iron Treads
|-end|p1a: Iron Treads|Quark Drive|[silent]
|
|-weather|RainDance|[upkeep]
|upkeep
|
|t:|1776038259
|switch|p1a: Ogerpon|Ogerpon-Cornerstone, F|100/100
|turn|15
|
|t:|1776038262
|switch|p2a: Toxicroak|Toxicroak, M, shiny|96/100
|move|p1a: Ogerpon|Horn Leech|p2a: Toxicroak
|-resisted|p2a: Toxicroak
|-damage|p2a: Toxicroak|78/100
|-damage|p1a: Ogerpon|84/100|[from] item: Rocky Helmet|[of] p2a: Toxicroak
|
|-weather|RainDance|[upkeep]
|-heal|p2a: Toxicroak|90/100|[from] ability: Dry Skin
|upkeep
|turn|16
|
|t:|1776038269
|move|p1a: Ogerpon|Ivy Cudgel|p2a: Toxicroak|[anim] Ivy Cudgel Rock
|-resisted|p2a: Toxicroak
|-damage|p2a: Toxicroak|63/100
|move|p2a: Toxicroak|Toxic|p1a: Ogerpon
|-status|p1a: Ogerpon|tox
|
|-weather|RainDance|[upkeep]
|-heal|p2a: Toxicroak|75/100|[from] ability: Dry Skin
|-damage|p1a: Ogerpon|78/100 tox|[from] psn
|upkeep
|turn|17
|
|t:|1776038274
|move|p1a: Ogerpon|Ivy Cudgel|p2a: Toxicroak|[anim] Ivy Cudgel Rock
|-resisted|p2a: Toxicroak
|-damage|p2a: Toxicroak|50/100
|move|p2a: Toxicroak|Drain Punch|p1a: Ogerpon
|-supereffective|p1a: Ogerpon
|-damage|p1a: Ogerpon|11/100 tox
|-heal|p2a: Toxicroak|77/100|[from] drain|[of] p1a: Ogerpon
|
|-weather|RainDance|[upkeep]
|-heal|p2a: Toxicroak|89/100|[from] ability: Dry Skin
|-damage|p1a: Ogerpon|0 fnt|[from] psn
|faint|p1a: Ogerpon
|upkeep
|
|t:|1776038280
|switch|p1a: Iron Valiant|Iron Valiant|100/100
|-enditem|p1a: Iron Valiant|Booster Energy
|-activate|p1a: Iron Valiant|ability: Quark Drive|[fromitem]
|-start|p1a: Iron Valiant|quarkdrivespe
|turn|18
|
|t:|1776038287
|move|p1a: Iron Valiant|Moonblast|p2a: Toxicroak
|-damage|p2a: Toxicroak|27/100
|move|p2a: Toxicroak|Toxic|p1a: Iron Valiant
|-status|p1a: Iron Valiant|tox
|
|-weather|none
|-damage|p1a: Iron Valiant|94/100 tox|[from] psn
|upkeep
|turn|19
|
|t:|1776038295
|switch|p2a: Pelipper|Pelipper, F, shiny|53/100
|-weather|RainDance|[from] ability: Drizzle|[of] p2a: Pelipper
|move|p1a: Iron Valiant|Moonblast|p2a: Pelipper
|-damage|p2a: Pelipper|3/100
|
|-weather|RainDance|[upkeep]
|-damage|p1a: Iron Valiant|82/100 tox|[from] psn
|upkeep
|turn|20
|
|t:|1776038301
|move|p1a: Iron Valiant|Knock Off|p2a: Pelipper
|-damage|p2a: Pelipper|0 fnt
|-enditem|p2a: Pelipper|Damp Rock|[from] move: Knock Off|[of] p1a: Iron Valiant
|faint|p2a: Pelipper
|
|-weather|RainDance|[upkeep]
|-damage|p1a: Iron Valiant|63/100 tox|[from] psn
|upkeep
|
|t:|1776038303
|switch|p2a: Barraskewda|Barraskewda, M, shiny, tera:Water|72/100
|turn|21
|
|t:|1776038321
|move|p1a: Iron Valiant|Vacuum Wave|p2a: Barraskewda
|-damage|p2a: Barraskewda|30/100
|move|p2a: Barraskewda|Flip Turn|p1a: Iron Valiant
|-damage|p1a: Iron Valiant|0 fnt
|faint|p1a: Iron Valiant
|-end|p1a: Iron Valiant|Quark Drive|[silent]
|
|t:|1776038324
|switch|p2a: Toxicroak|Toxicroak, M, shiny|27/100|[from] Flip Turn
|
|-weather|RainDance|[upkeep]
|-heal|p2a: Toxicroak|39/100|[from] ability: Dry Skin
|upkeep
|
|t:|1776038338
|switch|p1a: Dragapult|Dragapult, F, shiny|100/100
|turn|22
|
|t:|1776038345
|move|p1a: Dragapult|Dragon Darts|p2a: Toxicroak
|-damage|p2a: Toxicroak|4/100
|-anim|p1a: Dragapult|Dragon Darts|p2a: Toxicroak
|-damage|p2a: Toxicroak|0 fnt
|faint|p2a: Toxicroak
|
|-weather|RainDance|[upkeep]
|upkeep
|
|t:|1776038349
|switch|p2a: Barraskewda|Barraskewda, M, shiny, tera:Water|30/100
|turn|23
|
|t:|1776038352
|move|p2a: Barraskewda|Flip Turn|p1a: Dragapult
|-resisted|p1a: Dragapult
|-damage|p1a: Dragapult|31/100
|
|t:|1776038356
|switch|p2a: Kyurem|Kyurem|100/100|[from] Flip Turn
|-ability|p2a: Kyurem|Pressure
|move|p1a: Dragapult|Dragon Darts|p2a: Kyurem
|-supereffective|p2a: Kyurem
|-damage|p2a: Kyurem|31/100
|-anim|p1a: Dragapult|Dragon Darts|p2a: Kyurem
|-supereffective|p2a: Kyurem
|-damage|p2a: Kyurem|0 fnt
|faint|p2a: Kyurem
|
|-weather|RainDance|[upkeep]
|upkeep
|
|t:|1776038361
|switch|p2a: Barraskewda|Barraskewda, M, shiny, tera:Water|30/100
|turn|24
|
|t:|1776038363
|switch|p1a: Darkrai|Darkrai, shiny|100/100
|move|p2a: Barraskewda|Liquidation|p1a: Darkrai
|-damage|p1a: Darkrai|0 fnt
|faint|p1a: Darkrai
|
|-weather|RainDance|[upkeep]
|upkeep
|
|t:|1776038365
|switch|p1a: Dragapult|Dragapult, F, shiny|31/100
|turn|25
|c|☆cambi fever|SUCKER PUCH
|c|☆cambi fever|GG
|
|t:|1776038381
|move|p1a: Dragapult|Sucker Punch|p2a: Barraskewda
|-damage|p2a: Barraskewda|0 fnt
|faint|p2a: Barraskewda
|
|win|onionxking
|raw|onionxking's rating: 1449 &rarr; <strong>1471</strong><br />(+22 for winning)
|raw|cambi fever's rating: 1484 &rarr; <strong>1462</strong><br />(-22 for losing)
|c|☆onionxking|Ggwp
|l|☆cambi fever
|player|p2|
|l|☆onionxking
|player|p1|
|j|☆onionxking
|player|p1|onionxking|pokemaniac|
