|html|<div class="broadcast-blue"><strong>[Gen 9] OU is currently suspecting Tera Blast! For information on how to participate check out the <a href="https://www.smogon.com/tools/suspects/view/200">suspect thread</a>.</strong></div>
|j|☆amimec
|j|☆Migstaper
|t:|1776085901
|gametype|singles
|player|p1|amimec|eusine|1646
|player|p2|Migstaper|ltsurge|1757
|gen|9
|tier|[Gen 9] OU
|rated|
|rule|HP Percentage Mod: HP is shown in percentages
|rule|Endless Battle Clause: Forcing endless battles is banned
|rule|Species Clause: Limit one of each Pokémon
|rule|OHKO Clause: OHKO moves are banned
|rule|Evasion Items Clause: Evasion items are banned
|rule|Evasion Moves Clause: Evasion moves are banned
|rule|Evasion Abilities Clause: Evasion abilities are banned
|rule|Sleep Moves Clause: Sleep-inducing moves are banned
|clearpoke
|poke|p1|Meowscarada, F|
|poke|p1|Pecharunt|
|poke|p1|Enamorus, F|
|poke|p1|Iron Treads|
|poke|p1|Skarmory, F|
|poke|p1|Slowking, F|
|poke|p2|Darkrai|
|poke|p2|Enamorus, F|
|poke|p2|Dragapult, M|
|poke|p2|Dragonite, M|
|poke|p2|Great Tusk|
|poke|p2|Kingambit, M|
|teampreview
|
|t:|1776085915
|teamsize|p1|6
|teamsize|p2|6
|start
|switch|p1a: Slowking|Slowking, F|100/100
|switch|p2a: Read the Bible|Enamorus, F, shiny|100/100
|turn|1
|inactive|Battle timer is ON: inactive players will automatically lose when time's up. (requested by Migstaper)
|
|t:|1776085922
|move|p2a: Read the Bible|Moonblast|p1a: Slowking
|-damage|p1a: Slowking|70/100
|-damage|p2a: Read the Bible|91/100|[from] item: Life Orb
|move|p1a: Slowking|Future Sight|p2a: Read the Bible
|-start|p1a: Slowking|move: Future Sight
|
|upkeep
|turn|2
|
|t:|1776085931
|move|p2a: Read the Bible|Mystical Fire|p1a: Slowking
|-resisted|p1a: Slowking
|-damage|p1a: Slowking|62/100
|-unboost|p1a: Slowking|spa|1
|-damage|p2a: Read the Bible|81/100|[from] item: Life Orb
|move|p1a: Slowking|Scald|p2a: Read the Bible
|-damage|p2a: Read the Bible|52/100
|
|upkeep
|turn|3
|
|t:|1776085942
|switch|p2a: Old Testament|Darkrai, shiny|100/100
|move|p1a: Slowking|Scald|p2a: Old Testament
|-damage|p2a: Old Testament|75/100
|
|-end|p2a: Old Testament|move: Future Sight
|-immune|p2a: Old Testament
|upkeep
|turn|4
|
|t:|1776085959
|switch|p1a: Iron Treads|Iron Treads|100/100
|move|p2a: Old Testament|Dark Pulse|p1a: Iron Treads
|-damage|p1a: Iron Treads|68/100
|
|-heal|p1a: Iron Treads|74/100|[from] item: Leftovers
|upkeep
|turn|5
|
|t:|1776085975
|switch|p2a: ROMANS 10:9|Great Tusk, shiny|100/100
|-enditem|p2a: ROMANS 10:9|Booster Energy
|-activate|p2a: ROMANS 10:9|ability: Protosynthesis|[fromitem]
|-start|p2a: ROMANS 10:9|protosynthesisatk
|move|p1a: Iron Treads|Stealth Rock|p2a: ROMANS 10:9
|-sidestart|p2: Migstaper|move: Stealth Rock
|
|-heal|p1a: Iron Treads|80/100|[from] item: Leftovers
|upkeep
|turn|6
|
|t:|1776085984
|-end|p1a: Iron Treads|Quark Drive|[silent]
|switch|p1a: Skarmory|Skarmory, F|100/100
|move|p2a: ROMANS 10:9|Ice Spinner|p1a: Skarmory
|-damage|p1a: Skarmory|79/100
|
|upkeep
|turn|7
|
|t:|1776085991
|move|p2a: ROMANS 10:9|Close Combat|p1a: Skarmory
|-damage|p1a: Skarmory|29/100
|-unboost|p2a: ROMANS 10:9|def|1
|-unboost|p2a: ROMANS 10:9|spd|1
|move|p1a: Skarmory|Iron Defense|p1a: Skarmory
|-boost|p1a: Skarmory|def|2
|
|upkeep
|turn|8
|
|t:|1776085999
|move|p2a: ROMANS 10:9|Rapid Spin|p1a: Skarmory
|-resisted|p1a: Skarmory
|-damage|p1a: Skarmory|25/100
|-boost|p2a: ROMANS 10:9|spe|1
|-sideend|p2: Migstaper|Stealth Rock|[from] move: Rapid Spin|[of] p2a: ROMANS 10:9
|move|p1a: Skarmory|Roost|p1a: Skarmory
|-heal|p1a: Skarmory|76/100
|-singleturn|p1a: Skarmory|move: Roost
|
|upkeep
|turn|9
|
|t:|1776086008
|-end|p2a: ROMANS 10:9|Protosynthesis|[silent]
|switch|p2a: Read Psalm 30|Dragapult, M, shiny|100/100
|move|p1a: Skarmory|Spikes|p2a: Read Psalm 30
|-sidestart|p2: Migstaper|Spikes
|
|upkeep
|turn|10
|
|t:|1776086016
|switch|p1a: Iron Treads|Iron Treads|80/100
|move|p2a: Read Psalm 30|Dragon Dance|p2a: Read Psalm 30
|-boost|p2a: Read Psalm 30|atk|1
|-boost|p2a: Read Psalm 30|spe|1
|
|-heal|p1a: Iron Treads|86/100|[from] item: Leftovers
|upkeep
|turn|11
|
|t:|1776086024
|move|p2a: Read Psalm 30|Phantom Force||[still]
|-prepare|p2a: Read Psalm 30|Phantom Force
|move|p1a: Iron Treads|Knock Off|p2a: Read Psalm 30|[miss]
|-miss|p1a: Iron Treads|p2a: Read Psalm 30
|
|-heal|p1a: Iron Treads|92/100|[from] item: Leftovers
|upkeep
|turn|12
|
|t:|1776086031
|move|p2a: Read Psalm 30|Phantom Force|p1a: Iron Treads|[from] lockedmove
|-damage|p1a: Iron Treads|17/100
|-damage|p2a: Read Psalm 30|91/100|[from] item: Life Orb
|move|p1a: Iron Treads|Knock Off|p2a: Read Psalm 30
|-supereffective|p2a: Read Psalm 30
|-damage|p2a: Read Psalm 30|21/100
|-enditem|p2a: Read Psalm 30|Life Orb|[from] move: Knock Off|[of] p1a: Iron Treads
|
|-heal|p1a: Iron Treads|23/100|[from] item: Leftovers
|upkeep
|turn|13
|
|t:|1776086049
|-end|p1a: Iron Treads|Quark Drive|[silent]
|switch|p1a: Enamorus|Enamorus, F|100/100
|move|p2a: Read Psalm 30|Flamethrower|p1a: Enamorus
|-damage|p1a: Enamorus|76/100
|
|upkeep
|turn|14
|
|t:|1776086059
|switch|p1a: Meowscarada|Meowscarada, F|100/100
|move|p2a: Read Psalm 30|Phantom Force||[still]
|-prepare|p2a: Read Psalm 30|Phantom Force
|
|upkeep
|turn|15
|
|t:|1776086064
|move|p2a: Read Psalm 30|Phantom Force|p1a: Meowscarada|[from] lockedmove
|-resisted|p1a: Meowscarada
|-damage|p1a: Meowscarada|39/100
|move|p1a: Meowscarada|Knock Off|p2a: Read Psalm 30
|-start|p1a: Meowscarada|typechange|Dark|[from] ability: Protean
|-supereffective|p2a: Read Psalm 30
|-damage|p2a: Read Psalm 30|0 fnt
|faint|p2a: Read Psalm 30
|
|upkeep
|
|t:|1776086076
|switch|p2a: Read the Bible|Enamorus, F, shiny|52/100
|turn|16
|
|t:|1776086085
|switch|p1a: Slowking|Slowking, F|96/100
|switch|p2a: 1 Peter|Dragonite, M, shiny|100/100
|
|upkeep
|turn|17
|
|t:|1776086093
|switch|p2a: Read the Bible|Enamorus, F, shiny|52/100
|switch|p1a: Pecharunt|Pecharunt|100/100
|
|upkeep
|turn|18
|
|t:|1776086102
|switch|p2a: No condemnation|Kingambit, M, shiny|100/100
|-damage|p2a: No condemnation|88/100|[from] Spikes
|-activate|p2a: No condemnation|ability: Supreme Overlord
|-start|p2a: No condemnation|fallen1|[silent]
|switch|p1a: Slowking|Slowking, F|100/100
|
|upkeep
|turn|19
|
|t:|1776086109
|switch|p1a: Skarmory|Skarmory, F|76/100
|move|p2a: No condemnation|Kowtow Cleave|p1a: Skarmory
|-damage|p1a: Skarmory|43/100
|
|upkeep
|turn|20
|
|t:|1776086118
|-end|p2a: No condemnation|fallen1|[silent]
|switch|p2a: Old Testament|Darkrai, shiny|75/100
|-damage|p2a: Old Testament|62/100|[from] Spikes
|move|p1a: Skarmory|Roost|p1a: Skarmory
|-heal|p1a: Skarmory|93/100
|-singleturn|p1a: Skarmory|move: Roost
|
|upkeep
|turn|21
|
|t:|1776086128
|switch|p1a: Iron Treads|Iron Treads|23/100
|move|p2a: Old Testament|Dark Pulse|p1a: Iron Treads
|-damage|p1a: Iron Treads|0 fnt
|faint|p1a: Iron Treads
|-end|p1a: Iron Treads|Quark Drive|[silent]
|
|upkeep
|
|t:|1776086132
|switch|p1a: Enamorus|Enamorus, F|76/100
|turn|22
|
|t:|1776086143
|switch|p2a: No condemnation|Kingambit, M, shiny|88/100
|-damage|p2a: No condemnation|76/100|[from] Spikes
|-activate|p2a: No condemnation|ability: Supreme Overlord
|-start|p2a: No condemnation|fallen1|[silent]
|switch|p1a: Meowscarada|Meowscarada, F|39/100
|
|upkeep
|turn|23
|
|t:|1776086164
|move|p1a: Meowscarada|U-turn|p2a: No condemnation
|-start|p1a: Meowscarada|typechange|Bug|[from] ability: Protean
|-damage|p2a: No condemnation|41/100
|
|t:|1776086168
|switch|p1a: Skarmory|Skarmory, F|93/100|[from] U-turn
|move|p2a: No condemnation|Kowtow Cleave|p1a: Skarmory
|-damage|p1a: Skarmory|57/100
|
|upkeep
|turn|24
|
|t:|1776086177
|-end|p2a: No condemnation|fallen1|[silent]
|switch|p2a: Read the Bible|Enamorus, F, shiny|52/100
|move|p1a: Skarmory|Body Press|p2a: Read the Bible
|-resisted|p2a: Read the Bible
|-damage|p2a: Read the Bible|39/100
|
|upkeep
|turn|25
|
|t:|1776086189
|switch|p1a: Slowking|Slowking, F|100/100
|move|p2a: Read the Bible|Moonblast|p1a: Slowking
|-damage|p1a: Slowking|70/100
|-damage|p2a: Read the Bible|29/100|[from] item: Life Orb
|
|upkeep
|turn|26
|
|t:|1776086197
|move|p2a: Read the Bible|Moonblast|p1a: Slowking
|-damage|p1a: Slowking|41/100
|-damage|p2a: Read the Bible|20/100|[from] item: Life Orb
|move|p1a: Slowking|Scald|p2a: Read the Bible
|-damage|p2a: Read the Bible|0 fnt
|faint|p2a: Read the Bible
|
|upkeep
|
|t:|1776086209
|switch|p2a: No condemnation|Kingambit, M, shiny|41/100
|-damage|p2a: No condemnation|28/100|[from] Spikes
|-activate|p2a: No condemnation|ability: Supreme Overlord
|-start|p2a: No condemnation|fallen2|[silent]
|turn|27
|
|t:|1776086220
|switch|p1a: Skarmory|Skarmory, F|57/100
|move|p2a: No condemnation|Kowtow Cleave|p1a: Skarmory
|-damage|p1a: Skarmory|19/100
|
|upkeep
|turn|28
|
|t:|1776086227
|move|p1a: Skarmory|Roost|p1a: Skarmory
|-heal|p1a: Skarmory|69/100
|-singleturn|p1a: Skarmory|move: Roost
|move|p2a: No condemnation|Kowtow Cleave|p1a: Skarmory
|-damage|p1a: Skarmory|29/100
|
|upkeep
|turn|29
|
|t:|1776086234
|move|p1a: Skarmory|Roost|p1a: Skarmory
|-heal|p1a: Skarmory|79/100
|-singleturn|p1a: Skarmory|move: Roost
|move|p2a: No condemnation|Brick Break|p1a: Skarmory
|-supereffective|p1a: Skarmory
|-damage|p1a: Skarmory|36/100
|
|upkeep
|turn|30
|
|t:|1776086242
|move|p1a: Skarmory|Body Press|p2a: No condemnation
|-supereffective|p2a: No condemnation
|-damage|p2a: No condemnation|0 fnt
|faint|p2a: No condemnation
|-end|p2a: No condemnation|fallen2|[silent]
|
|upkeep
|
|t:|1776086247
|switch|p2a: Old Testament|Darkrai, shiny|62/100
|-damage|p2a: Old Testament|50/100|[from] Spikes
|turn|31
|
|t:|1776086256
|switch|p1a: Meowscarada|Meowscarada, F|39/100
|move|p2a: Old Testament|Ice Beam|p1a: Meowscarada
|-supereffective|p1a: Meowscarada
|-damage|p1a: Meowscarada|0 fnt
|faint|p1a: Meowscarada
|
|upkeep
|
|t:|1776086262
|switch|p1a: Slowking|Slowking, F|75/100
|turn|32
|
|t:|1776086267
|switch|p2a: ROMANS 10:9|Great Tusk, shiny|100/100
|-damage|p2a: ROMANS 10:9|88/100|[from] Spikes
|move|p1a: Slowking|Scald|p2a: ROMANS 10:9
|-supereffective|p2a: ROMANS 10:9
|-damage|p2a: ROMANS 10:9|0 fnt
|faint|p2a: ROMANS 10:9
|-end|p2a: ROMANS 10:9|Protosynthesis|[silent]
|
|upkeep
|
|t:|1776086277
|switch|p2a: Old Testament|Darkrai, shiny|50/100
|-damage|p2a: Old Testament|38/100|[from] Spikes
|turn|33
|
|t:|1776086281
|move|p2a: Old Testament|Dark Pulse|p1a: Slowking
|-supereffective|p1a: Slowking
|-damage|p1a: Slowking|31/100
|move|p1a: Slowking|Scald|p2a: Old Testament
|-damage|p2a: Old Testament|0 fnt
|faint|p2a: Old Testament
|
|upkeep
|
|t:|1776086291
|switch|p2a: 1 Peter|Dragonite, M, shiny|100/100
|turn|34
|
|t:|1776086296
|move|p2a: 1 Peter|Dragon Dance|p2a: 1 Peter
|-boost|p2a: 1 Peter|atk|1
|-boost|p2a: 1 Peter|spe|1
|move|p1a: Slowking|Scald|p2a: 1 Peter
|-resisted|p2a: 1 Peter
|-damage|p2a: 1 Peter|93/100
|
|upkeep
|turn|35
|
|t:|1776086304
|move|p2a: 1 Peter|Dragon Dance|p2a: 1 Peter
|-boost|p2a: 1 Peter|atk|1
|-boost|p2a: 1 Peter|spe|1
|move|p1a: Slowking|Scald|p2a: 1 Peter
|-resisted|p2a: 1 Peter
|-damage|p2a: 1 Peter|76/100
|-status|p2a: 1 Peter|brn
|-enditem|p2a: 1 Peter|Lum Berry|[eat]
|-curestatus|p2a: 1 Peter|brn|[msg]
|
|upkeep
|turn|36
|
|t:|1776086315
|move|p2a: 1 Peter|Extreme Speed|p1a: Slowking
|-damage|p1a: Slowking|0 fnt
|faint|p1a: Slowking
|
|upkeep
|
|t:|1776086319
|switch|p1a: Pecharunt|Pecharunt|100/100
|turn|37
|
|t:|1776086335
|-terastallize|p2a: 1 Peter|Ground
|-terastallize|p1a: Pecharunt|Dark
|move|p2a: 1 Peter|Earthquake|p1a: Pecharunt
|-damage|p1a: Pecharunt|41/100
|move|p1a: Pecharunt|Foul Play|p2a: 1 Peter
|-damage|p2a: 1 Peter|0 fnt
|faint|p2a: 1 Peter
|
|win|amimec
|raw|amimec's rating: 1646 &rarr; <strong>1672</strong><br />(+26 for winning)
|raw|Migstaper's rating: 1757 &rarr; <strong>1731</strong><br />(-26 for losing)
|l|☆amimec
|player|p1|
|l|☆Migstaper
|player|p2|
