|html|<div class="broadcast-blue"><strong>[Gen 9] OU is currently suspecting Tera Blast! For information on how to participate check out the <a href="https://www.smogon.com/tools/suspects/view/200">suspect thread</a>.</strong></div>
|j|☆tssokevin
|j|☆Carbordcat4t
|t:|1776032712
|gametype|singles
|player|p1|tssokevin|265|1067
|player|p2|Carbordcat4t|101|1033
|gen|9
|tier|[Gen 9] OU
|rated|
|rule|HP Percentage Mod: HP is shown in percentages
|rule|Endless Battle Clause: Forcing endless battles is banned
|rule|Species Clause: Limit one of each Pokémon
|rule|OHKO Clause: OHKO moves are banned
|rule|Evasion Items Clause: Evasion items are banned
|rule|Evasion Moves Clause: Evasion moves are banned
|rule|Evasion Abilities Clause: Evasion abilities are banned
|rule|Sleep Moves Clause: Sleep-inducing moves are banned
|clearpoke
|poke|p1|Meowscarada, F|
|poke|p1|Primarina, F|
|poke|p1|Gardevoir, F|
|poke|p1|Jolteon, F|
|poke|p1|Delphox, F|
|poke|p1|Lucario, F|
|poke|p2|Golurk|
|poke|p2|Mimikyu, F|
|poke|p2|Ogerpon-Cornerstone, F|
|poke|p2|Torkoal, M|
|poke|p2|Glimmora, F|
|teampreview
|
|t:|1776032720
|teamsize|p1|6
|teamsize|p2|5
|start
|switch|p1a: Meowscarada|Meowscarada, F|100/100
|switch|p2a: Glimmora|Glimmora, F|100/100
|turn|1
|
|t:|1776032729
|move|p1a: Meowscarada|Knock Off|p2a: Glimmora
|-start|p1a: Meowscarada|typechange|Dark|[from] ability: Protean
|-damage|p2a: Glimmora|56/100
|-activate|p2a: Glimmora|ability: Toxic Debris
|-sidestart|p1: tssokevin|move: Toxic Spikes
|-enditem|p2a: Glimmora|Power Herb|[from] move: Knock Off|[of] p1a: Meowscarada
|move|p2a: Glimmora|Stealth Rock|p1a: Meowscarada
|-sidestart|p1: tssokevin|move: Stealth Rock
|
|upkeep
|turn|2
|
|t:|1776032742
|move|p2a: Glimmora|Spiky Shield|p2a: Glimmora
|-singleturn|p2a: Glimmora|move: Protect
|move|p1a: Meowscarada|Flower Trick|p2a: Glimmora
|-activate|p2a: Glimmora|move: Protect
|
|upkeep
|turn|3
|
|t:|1776032767
|move|p1a: Meowscarada|Flower Trick|p2a: Glimmora
|-crit|p2a: Glimmora
|-damage|p2a: Glimmora|23/100
|-activate|p2a: Glimmora|ability: Toxic Debris
|-sidestart|p1: tssokevin|move: Toxic Spikes
|move|p2a: Glimmora|Meteor Beam||[still]
|-prepare|p2a: Glimmora|Meteor Beam
|-boost|p2a: Glimmora|spa|1
|
|upkeep
|turn|4
|
|t:|1776032781
|move|p1a: Meowscarada|Flower Trick|p2a: Glimmora
|-crit|p2a: Glimmora
|-damage|p2a: Glimmora|0 fnt
|faint|p2a: Glimmora
|
|upkeep
|
|t:|1776032787
|switch|p2a: Torkoal|Torkoal, M|100/100
|-weather|SunnyDay|[from] ability: Drought|[of] p2a: Torkoal
|turn|5
|
|t:|1776032793
|move|p1a: Meowscarada|Knock Off|p2a: Torkoal
|-damage|p2a: Torkoal|66/100
|-enditem|p2a: Torkoal|Choice Specs|[from] move: Knock Off|[of] p1a: Meowscarada
|move|p2a: Torkoal|Earth Power|p1a: Meowscarada
|-damage|p1a: Meowscarada|58/100
|-unboost|p1a: Meowscarada|spd|1
|
|-weather|SunnyDay|[upkeep]
|upkeep
|turn|6
|
|t:|1776032803
|switch|p2a: Ogerpon|Ogerpon-Cornerstone, F|100/100
|move|p1a: Meowscarada|Play Rough|p2a: Ogerpon|[miss]
|-miss|p1a: Meowscarada|p2a: Ogerpon
|
|-weather|SunnyDay|[upkeep]
|upkeep
|turn|7
|
|t:|1776032819
|move|p1a: Meowscarada|Knock Off|p2a: Ogerpon
|-damage|p2a: Ogerpon|58/100
|move|p2a: Ogerpon|Ivy Cudgel|p1a: Meowscarada|[anim] Ivy Cudgel Rock
|-damage|p1a: Meowscarada|0 fnt
|faint|p1a: Meowscarada
|
|-weather|SunnyDay|[upkeep]
|upkeep
|
|t:|1776032828
|switch|p1a: Lucario|Lucario, F|100/100
|-damage|p1a: Lucario|98/100|[from] Stealth Rock
|-item|p1a: Lucario|Air Balloon
|turn|8
|
|t:|1776032842
|move|p2a: Ogerpon|Protect|p2a: Ogerpon
|-singleturn|p2a: Ogerpon|Protect
|move|p1a: Lucario|Bulk Up|p1a: Lucario
|-boost|p1a: Lucario|atk|1
|-boost|p1a: Lucario|def|1
|
|-weather|SunnyDay|[upkeep]
|upkeep
|turn|9
|
|t:|1776032850
|switch|p2a: Torkoal|Torkoal, M|66/100
|move|p1a: Lucario|Close Combat|p2a: Torkoal
|-damage|p2a: Torkoal|0 fnt
|-unboost|p1a: Lucario|def|1
|-unboost|p1a: Lucario|spd|1
|faint|p2a: Torkoal
|
|-weather|none
|upkeep
|
|t:|1776032862
|switch|p2a: Golurk|Golurk|100/100
|turn|10
|
|t:|1776032874
|switch|p1a: Gardevoir|Gardevoir, F|100/100
|-status|p1a: Gardevoir|tox
|-damage|p1a: Gardevoir|88/100 tox|[from] Stealth Rock
|move|p2a: Golurk|Dynamic Punch|p1a: Gardevoir
|-resisted|p1a: Gardevoir
|-damage|p1a: Gardevoir|73/100 tox
|-start|p1a: Gardevoir|confusion
|
|-damage|p1a: Gardevoir|67/100 tox|[from] psn
|upkeep
|turn|11
|
|t:|1776032887
|-activate|p1a: Gardevoir|confusion
|move|p1a: Gardevoir|Future Sight|p2a: Golurk
|-start|p1a: Gardevoir|move: Future Sight
|move|p2a: Golurk|Poltergeist|p1a: Gardevoir
|-activate|p1a: Gardevoir|move: Poltergeist|Life Orb
|-supereffective|p1a: Gardevoir
|-damage|p1a: Gardevoir|0 fnt
|faint|p1a: Gardevoir
|
|upkeep
|
|t:|1776032897
|switch|p1a: Primarina|Primarina, F|100/100
|-status|p1a: Primarina|tox
|-damage|p1a: Primarina|88/100 tox|[from] Stealth Rock
|turn|12
|
|t:|1776032904
|move|p2a: Golurk|Poltergeist|p1a: Primarina
|-activate|p1a: Primarina|move: Poltergeist|Leftovers
|-damage|p1a: Primarina|22/100 tox
|move|p1a: Primarina|Hyper Voice|p2a: Golurk
|-supereffective|p2a: Golurk
|-enditem|p2a: Golurk|Focus Sash
|-damage|p2a: Golurk|1/100
|
|-heal|p1a: Primarina|28/100 tox|[from] item: Leftovers
|-damage|p1a: Primarina|22/100 tox|[from] psn
|upkeep
|turn|13
|
|t:|1776032918
|move|p2a: Golurk|Poltergeist|p1a: Primarina
|-activate|p1a: Primarina|move: Poltergeist|Leftovers
|-damage|p1a: Primarina|0 fnt
|faint|p1a: Primarina
|
|-end|p2a: Golurk|move: Future Sight
|-crit|p2a: Golurk
|-damage|p2a: Golurk|0 fnt
|faint|p2a: Golurk
|upkeep
|
|t:|1776032928
|switch|p2a: Mimikyu|Mimikyu, F|100/100
|switch|p1a: Jolteon|Jolteon, F|100/100
|-damage|p1a: Jolteon|88/100|[from] Stealth Rock
|-item|p1a: Jolteon|Air Balloon
|turn|14
|
|t:|1776032945
|move|p1a: Jolteon|Thunder Wave|p2a: Mimikyu
|-status|p2a: Mimikyu|par
|move|p2a: Mimikyu|Play Rough|p1a: Jolteon
|-crit|p1a: Jolteon
|-damage|p1a: Jolteon|0 fnt
|-enditem|p1a: Jolteon|Air Balloon
|faint|p1a: Jolteon
|
|upkeep
|
|t:|1776032956
|switch|p1a: Delphox|Delphox, F|100/100
|-status|p1a: Delphox|tox
|-damage|p1a: Delphox|75/100 tox|[from] Stealth Rock
|turn|15
|
|t:|1776032964
|-terastallize|p1a: Delphox|Fire
|move|p1a: Delphox|Overheat|p2a: Mimikyu
|-activate|p2a: Mimikyu|ability: Disguise
|-damage|p2a: Mimikyu|100/100 par
|-unboost|p1a: Delphox|spa|2
|detailschange|p2a: Mimikyu|Mimikyu-Busted, F
|-damage|p2a: Mimikyu|88/100 par|[from] pokemon: Mimikyu-Busted
|move|p2a: Mimikyu|Shadow Claw|p1a: Delphox
|-damage|p1a: Delphox|33/100 tox
|
|-damage|p1a: Delphox|27/100 tox|[from] psn
|upkeep
|turn|16
|
|t:|1776032983
|move|p1a: Delphox|Overheat|p2a: Mimikyu|[miss]
|-miss|p1a: Delphox|p2a: Mimikyu
|move|p2a: Mimikyu|Drain Punch|p1a: Delphox
|-damage|p1a: Delphox|0 fnt
|-heal|p2a: Mimikyu|100/100 par|[from] drain|[of] p1a: Delphox
|faint|p1a: Delphox
|
|upkeep
|
|t:|1776032992
|switch|p1a: Lucario|Lucario, F|98/100
|-damage|p1a: Lucario|95/100|[from] Stealth Rock
|-item|p1a: Lucario|Air Balloon
|turn|17
|
|t:|1776032998
|move|p1a: Lucario|Earthquake|p2a: Mimikyu
|-damage|p2a: Mimikyu|41/100 par
|cant|p2a: Mimikyu|par
|
|upkeep
|turn|18
|
|t:|1776033006
|switch|p2a: Ogerpon|Ogerpon-Cornerstone, F|58/100
|move|p1a: Lucario|Earthquake|p2a: Ogerpon
|-damage|p2a: Ogerpon|14/100
|
|upkeep
|turn|19
|
|t:|1776033014
|move|p2a: Ogerpon|Knock Off|p1a: Lucario
|-resisted|p1a: Lucario
|-damage|p1a: Lucario|66/100
|-enditem|p1a: Lucario|Air Balloon
|move|p1a: Lucario|Earthquake|p2a: Ogerpon
|-crit|p2a: Ogerpon
|-damage|p2a: Ogerpon|0 fnt
|faint|p2a: Ogerpon
|
|upkeep
|
|t:|1776033021
|switch|p2a: Mimikyu|Mimikyu-Busted, F|41/100 par
|turn|20
|
|t:|1776033026
|move|p1a: Lucario|Earthquake|p2a: Mimikyu
|-damage|p2a: Mimikyu|0 fnt
|faint|p2a: Mimikyu
|
|win|tssokevin
|raw|tssokevin's rating: 1067 &rarr; <strong>1094</strong><br />(+27 for winning)
|raw|Carbordcat4t's rating: 1033 &rarr; <strong>1020</strong><br />(-13 for losing)
|l|☆Carbordcat4t
|player|p2|
