|html|<div class="broadcast-blue"><strong>[Gen 9] OU is currently suspecting Tera Blast! For information on how to participate check out the <a href="https://www.smogon.com/tools/suspects/view/200">suspect thread</a>.</strong></div>
|j|☆Welt2099
|j|☆the616
|t:|1776052909
|gametype|singles
|player|p1|Welt2099|flint|1057
|player|p2|the616|169|1055
|gen|9
|tier|[Gen 9] OU
|rated|
|rule|HP Percentage Mod: HP is shown in percentages
|rule|Endless Battle Clause: Forcing endless battles is banned
|rule|Species Clause: Limit one of each Pokémon
|rule|OHKO Clause: OHKO moves are banned
|rule|Evasion Items Clause: Evasion items are banned
|rule|Evasion Moves Clause: Evasion moves are banned
|rule|Evasion Abilities Clause: Evasion abilities are banned
|rule|Sleep Moves Clause: Sleep-inducing moves are banned
|clearpoke
|poke|p1|Hatterene, F|
|poke|p1|Cresselia, F|
|poke|p1|Ursaluna, F|
|poke|p1|Hoopa-Unbound|
|poke|p1|Porygon2|
|poke|p1|Iron Hands|
|poke|p2|Zapdos|
|poke|p2|Politoed, M|
|poke|p2|Ninetales, F|
|poke|p2|Tyranitar, M|
|poke|p2|Primarina, M|
|poke|p2|Enamorus, F|
|teampreview
|inactive|Battle timer is ON: inactive players will automatically lose when time's up. (requested by the616)
|
|t:|1776052923
|teamsize|p1|6
|teamsize|p2|6
|start
|switch|p1a: Eva|Hatterene, F|100/100
|switch|p2a: Politoed|Politoed, M|100/100
|-weather|RainDance|[from] ability: Drizzle|[of] p2a: Politoed
|turn|1
|
|t:|1776052931
|move|p2a: Politoed|Perish Song|p2a: Politoed
|-start|p1a: Eva|perish3|[silent]
|-start|p2a: Politoed|perish3|[silent]
|-fieldactivate|move: Perish Song
|move|p1a: Eva|Trick Room|p1a: Eva
|-fieldstart|move: Trick Room|[of] p1a: Eva
|
|-weather|RainDance|[upkeep]
|-start|p1a: Eva|perish3
|-start|p2a: Politoed|perish3
|upkeep
|turn|2
|
|t:|1776052940
|move|p1a: Eva|Misty Explosion|p2a: Politoed
|-damage|p2a: Politoed|65/100
|faint|p1a: Eva
|move|p2a: Politoed|Whirlpool|p1: Eva|[notarget]
|-fail|p2a: Politoed
|
|-weather|RainDance|[upkeep]
|-start|p2a: Politoed|perish2
|upkeep
|
|t:|1776052948
|switch|p1a: Savira|Cresselia, F|100/100
|turn|3
|
|t:|1776052957
|move|p1a: Savira|Ice Beam|p2a: Politoed
|-resisted|p2a: Politoed
|-damage|p2a: Politoed|60/100
|move|p2a: Politoed|Perish Song|p2a: Politoed
|-start|p1a: Savira|perish3|[silent]
|-fieldactivate|move: Perish Song
|
|-weather|RainDance|[upkeep]
|-start|p1a: Savira|perish3
|-start|p2a: Politoed|perish1
|upkeep
|turn|4
|
|t:|1776052972
|switch|p2a: Tyranitar|Tyranitar, M|100/100
|-weather|Sandstorm|[from] ability: Sand Stream|[of] p2a: Tyranitar
|move|p1a: Savira|Lunar Dance|p1a: Savira
|faint|p1a: Savira
|
|-weather|Sandstorm|[upkeep]
|upkeep
|
|t:|1776052987
|switch|p1a: Iron Hands|Iron Hands|100/100
|-enditem|p1a: Iron Hands|Booster Energy
|-activate|p1a: Iron Hands|ability: Quark Drive|[fromitem]
|-start|p1a: Iron Hands|quarkdriveatk
|turn|5
|
|t:|1776052998
|move|p1a: Iron Hands|Drain Punch|p2a: Tyranitar
|-supereffective|p2a: Tyranitar
|-damage|p2a: Tyranitar|0 fnt
|faint|p2a: Tyranitar
|
|-weather|Sandstorm|[upkeep]
|-damage|p1a: Iron Hands|94/100|[from] Sandstorm
|-fieldend|move: Trick Room
|upkeep
|
|t:|1776053005
|switch|p2a: Politoed|Politoed, M|60/100
|-weather|RainDance|[from] ability: Drizzle|[of] p2a: Politoed
|turn|6
|
|t:|1776053013
|move|p2a: Politoed|Perish Song|p2a: Politoed
|-start|p1a: Iron Hands|perish3|[silent]
|-start|p2a: Politoed|perish3|[silent]
|-fieldactivate|move: Perish Song
|move|p1a: Iron Hands|Thunder Punch|p2a: Politoed
|-supereffective|p2a: Politoed
|-damage|p2a: Politoed|0 fnt
|faint|p2a: Politoed
|
|-weather|RainDance|[upkeep]
|-start|p1a: Iron Hands|perish3
|upkeep
|
|t:|1776053019
|switch|p2a: Zapdos|Zapdos|100/100
|turn|7
|l|☆Welt2099
|inactive|Welt2099 disconnected and has a minute to reconnect!
|player|p1|
|inactive|Welt2099 has 30 seconds to reconnect!
|inactive|Welt2099 has 20 seconds to reconnect!
|inactive|Welt2099 has 15 seconds to reconnect!
|inactive|Welt2099 has 10 seconds to reconnect!
|inactive|Welt2099 has 5 seconds to reconnect!
|-message|Welt2099 lost due to inactivity.
|
|win|the616
|raw|Welt2099's rating: 1057 &rarr; <strong>1038</strong><br />(-19 for losing)
|raw|the616's rating: 1055 &rarr; <strong>1087</strong><br />(+32 for winning)
|l|☆the616
|player|p2|
