|html|<div class="broadcast-blue"><strong>[Gen 9] OU is currently suspecting Tera Blast! For information on how to participate check out the <a href="https://www.smogon.com/tools/suspects/view/200">suspect thread</a>.</strong></div>
|j|☆AmygdalanResponse
|j|☆V0ldy
|t:|1776132209
|gametype|singles
|player|p1|AmygdalanResponse|marshal|1557
|player|p2|V0ldy|102|1686
|gen|9
|tier|[Gen 9] OU
|rated|
|rule|HP Percentage Mod: HP is shown in percentages
|rule|Endless Battle Clause: Forcing endless battles is banned
|rule|Species Clause: Limit one of each Pokémon
|rule|OHKO Clause: OHKO moves are banned
|rule|Evasion Items Clause: Evasion items are banned
|rule|Evasion Moves Clause: Evasion moves are banned
|rule|Evasion Abilities Clause: Evasion abilities are banned
|rule|Sleep Moves Clause: Sleep-inducing moves are banned
|clearpoke
|poke|p1|Indeedee, M|
|poke|p1|Iron Boulder|
|poke|p1|Deoxys-Speed|
|poke|p1|Iron Valiant|
|poke|p1|Glimmora, M|
|poke|p1|Dragapult, F|
|poke|p2|Indeedee, M|
|poke|p2|Hawlucha, M|
|poke|p2|Gallade, M|
|poke|p2|Armarouge, F|
|poke|p2|Polteageist-Antique|
|poke|p2|Excadrill, F|
|teampreview
|c|☆AmygdalanResponse|gl hf
|
|t:|1776132226
|teamsize|p1|6
|teamsize|p2|6
|start
|switch|p1a: Dragapult|Dragapult, F|100/100
|switch|p2a: Excadrill|Excadrill, F|100/100
|-ability|p2a: Excadrill|Mold Breaker
|turn|1
|
|t:|1776132236
|move|p1a: Dragapult|U-turn|p2a: Excadrill
|-resisted|p2a: Excadrill
|-damage|p2a: Excadrill|76/100
|
|t:|1776132238
|switch|p1a: Glimmora|Glimmora, M|100/100|[from] U-turn
|move|p2a: Excadrill|Stealth Rock|p1a: Glimmora
|-sidestart|p1: AmygdalanResponse|move: Stealth Rock
|
|upkeep
|turn|2
|
|t:|1776132244
|move|p1a: Glimmora|Earth Power|p2a: Excadrill
|-supereffective|p2a: Excadrill
|-damage|p2a: Excadrill|0 fnt
|faint|p2a: Excadrill
|
|upkeep
|j| Prof dankness
|
|t:|1776132247
|switch|p2a: Indeedee|Indeedee, M|100/100
|-fieldstart|move: Psychic Terrain|[from] ability: Psychic Surge|[of] p2a: Indeedee
|turn|3
|
|t:|1776132252
|move|p2a: Indeedee|Expanding Force|p1a: Glimmora
|-supereffective|p1a: Glimmora
|-enditem|p1a: Glimmora|Focus Sash
|-damage|p1a: Glimmora|1/100
|move|p1a: Glimmora|Stealth Rock|p2a: Indeedee
|-sidestart|p2: V0ldy|move: Stealth Rock
|
|upkeep
|turn|4
|
|t:|1776132264
|move|p2a: Indeedee|Encore|p1a: Glimmora
|-start|p1a: Glimmora|Encore
|move|p1a: Glimmora|Stealth Rock||[still]
|-fail|p1a: Glimmora
|
|upkeep
|turn|5
|
|t:|1776132272
|switch|p1a: Indeedee|Indeedee, M|100/100
|-damage|p1a: Indeedee|88/100|[from] Stealth Rock
|move|p2a: Indeedee|Expanding Force|p1a: Indeedee
|-resisted|p1a: Indeedee
|-damage|p1a: Indeedee|38/100
|
|upkeep
|turn|6
|inactive|Battle timer is ON: inactive players will automatically lose when time's up. (requested by V0ldy)
|
|t:|1776132288
|switch|p1a: Glimmora|Glimmora, M|1/100
|-damage|p1a: Glimmora|0 fnt|[from] Stealth Rock
|faint|p1a: Glimmora
|move|p2a: Indeedee|Expanding Force|p1: Glimmora|[notarget]
|-fail|p2a: Indeedee
|
|upkeep
|
|t:|1776132300
|switch|p1a: Iron Boulder|Iron Boulder|100/100
|-damage|p1a: Iron Boulder|88/100|[from] Stealth Rock
|-enditem|p1a: Iron Boulder|Booster Energy
|-activate|p1a: Iron Boulder|ability: Quark Drive|[fromitem]
|-start|p1a: Iron Boulder|quarkdrivespe
|turn|7
|
|t:|1776132308
|switch|p2a: Armarouge|Armarouge, F|100/100
|-damage|p2a: Armarouge|76/100|[from] Stealth Rock
|move|p1a: Iron Boulder|Mighty Cleave|p2a: Armarouge
|-supereffective|p2a: Armarouge
|-damage|p2a: Armarouge|0 fnt
|faint|p2a: Armarouge
|
|upkeep
|
|t:|1776132317
|switch|p2a: Gallade|Gallade, M|100/100
|-damage|p2a: Gallade|94/100|[from] Stealth Rock
|turn|8
|
|t:|1776132322
|move|p1a: Iron Boulder|Swords Dance|p1a: Iron Boulder
|-boost|p1a: Iron Boulder|atk|2
|move|p2a: Gallade|Agility|p2a: Gallade
|-boost|p2a: Gallade|spe|2
|
|upkeep
|turn|9
|
|t:|1776132324
|move|p1a: Iron Boulder|Zen Headbutt|p2a: Gallade
|-damage|p2a: Gallade|0 fnt
|faint|p2a: Gallade
|
|upkeep
|
|t:|1776132330
|switch|p2a: Hawlucha|Hawlucha, M|100/100
|-damage|p2a: Hawlucha|88/100|[from] Stealth Rock
|-enditem|p2a: Hawlucha|Psychic Seed
|-boost|p2a: Hawlucha|spd|1|[from] item: Psychic Seed
|turn|10
|
|t:|1776132335
|move|p2a: Hawlucha|Close Combat|p1a: Iron Boulder
|-damage|p1a: Iron Boulder|30/100
|-unboost|p2a: Hawlucha|def|1
|-unboost|p2a: Hawlucha|spd|1
|move|p1a: Iron Boulder|Zen Headbutt|p2a: Hawlucha
|-supereffective|p2a: Hawlucha
|-damage|p2a: Hawlucha|0 fnt
|faint|p2a: Hawlucha
|
|-fieldend|move: Psychic Terrain
|upkeep
|
|t:|1776132339
|switch|p2a: Indeedee|Indeedee, M|100/100
|-damage|p2a: Indeedee|88/100|[from] Stealth Rock
|-fieldstart|move: Psychic Terrain|[from] ability: Psychic Surge|[of] p2a: Indeedee
|turn|11
|
|t:|1776132341
|move|p1a: Iron Boulder|Mighty Cleave|p2a: Indeedee
|-damage|p2a: Indeedee|0 fnt
|faint|p2a: Indeedee
|
|upkeep
|
|t:|1776132343
|switch|p2a: Polteageist|Polteageist-Antique|100/100
|-damage|p2a: Polteageist|88/100|[from] Stealth Rock
|turn|12
|
|t:|1776132349
|-terastallize|p2a: Polteageist|Fighting
|move|p1a: Iron Boulder|Mighty Cleave|p2a: Polteageist
|-resisted|p2a: Polteageist
|-damage|p2a: Polteageist|2/100
|-ability|p2a: Polteageist|Weak Armor|boost
|-unboost|p2a: Polteageist|def|1
|-boost|p2a: Polteageist|spe|2
|move|p2a: Polteageist|Shell Smash|p2a: Polteageist
|-unboost|p2a: Polteageist|def|1
|-unboost|p2a: Polteageist|spd|1
|-boost|p2a: Polteageist|atk|2
|-boost|p2a: Polteageist|spa|2
|-boost|p2a: Polteageist|spe|2
|
|upkeep
|turn|13
|
|t:|1776132363
|move|p2a: Polteageist|Stored Power|p1a: Iron Boulder
|-resisted|p1a: Iron Boulder
|-damage|p1a: Iron Boulder|0 fnt
|faint|p1a: Iron Boulder
|-end|p1a: Iron Boulder|Quark Drive|[silent]
|
|upkeep
|
|t:|1776132370
|switch|p1a: Indeedee|Indeedee, M|38/100
|-damage|p1a: Indeedee|26/100|[from] Stealth Rock
|turn|14
|j| samurajen
|
|t:|1776132374
|move|p2a: Polteageist|Tera Blast|p1a: Indeedee|[anim] Tera Blast Fighting
|-damage|p1a: Indeedee|0 fnt
|faint|p1a: Indeedee
|
|upkeep
|
|t:|1776132376
|switch|p1a: Deoxys|Deoxys-Speed|100/100
|-damage|p1a: Deoxys|88/100|[from] Stealth Rock
|-ability|p1a: Deoxys|Pressure
|turn|15
|
|t:|1776132380
|move|p2a: Polteageist|Tera Blast|p1a: Deoxys|[anim] Tera Blast Fighting
|-resisted|p1a: Deoxys
|-damage|p1a: Deoxys|22/100
|move|p1a: Deoxys|Expanding Force|p2a: Polteageist
|-supereffective|p2a: Polteageist
|-damage|p2a: Polteageist|0 fnt
|faint|p2a: Polteageist
|
|win|AmygdalanResponse
|raw|AmygdalanResponse's rating: 1557 &rarr; <strong>1584</strong><br />(+27 for winning)
|raw|V0ldy's rating: 1686 &rarr; <strong>1659</strong><br />(-27 for losing)
|c|☆AmygdalanResponse|gg
|l|☆V0ldy
|player|p2|
