|html|<div class="broadcast-blue"><strong>[Gen 9] OU is currently suspecting Tera Blast! For information on how to participate check out the <a href="https://www.smogon.com/tools/suspects/view/200">suspect thread</a>.</strong></div>
|j|‽1200s chud
|j|☆harrisonharry
|t:|1776306286
|gametype|singles
|player|p1|1200s chud|drayton|1658
|player|p2|harrisonharry|170|1781
|gen|9
|tier|[Gen 9] OU
|rated|
|rule|HP Percentage Mod: HP is shown in percentages
|rule|Endless Battle Clause: Forcing endless battles is banned
|rule|Species Clause: Limit one of each Pokémon
|rule|OHKO Clause: OHKO moves are banned
|rule|Evasion Items Clause: Evasion items are banned
|rule|Evasion Moves Clause: Evasion moves are banned
|rule|Evasion Abilities Clause: Evasion abilities are banned
|rule|Sleep Moves Clause: Sleep-inducing moves are banned
|clearpoke
|poke|p1|Araquanid, F|
|poke|p1|Latios, M|
|poke|p1|Kingambit, F|
|poke|p1|Iron Moth|
|poke|p1|Excadrill, F|
|poke|p1|Clefable, F|
|poke|p2|Latios, M|
|poke|p2|Zamazenta-*|
|poke|p2|Mimikyu, M|
|poke|p2|Kingambit, M|
|poke|p2|Ting-Lu|
|poke|p2|Dragonite, M|
|teampreview
|inactive|Battle timer is ON: inactive players will automatically lose when time's up. (requested by 1200s chud)
|inactive|harrisonharry has 120 seconds left.
|
|t:|1776306320
|teamsize|p1|6
|teamsize|p2|6
|start
|switch|p1a: Araquanid|Araquanid, F, shiny|100/100
|switch|p2a: Ting-Lu|Ting-Lu|100/100
|-ability|p2a: Ting-Lu|Vessel of Ruin
|turn|1
|
|t:|1776306329
|move|p1a: Araquanid|Liquidation|p2a: Ting-Lu
|-supereffective|p2a: Ting-Lu
|-damage|p2a: Ting-Lu|0 fnt
|faint|p2a: Ting-Lu
|
|upkeep
|
|t:|1776306350
|switch|p2a: Dragonite|Dragonite, M|100/100
|turn|2
|
|t:|1776306353
|move|p2a: Dragonite|Dragon Dance|p2a: Dragonite
|-boost|p2a: Dragonite|atk|1
|-boost|p2a: Dragonite|spe|1
|move|p1a: Araquanid|Liquidation|p2a: Dragonite
|-resisted|p2a: Dragonite
|-damage|p2a: Dragonite|72/100
|
|upkeep
|turn|3
|
|t:|1776306364
|switch|p1a: Clefable|Clefable, F|100/100
|move|p2a: Dragonite|Extreme Speed|p1a: Clefable
|-damage|p1a: Clefable|77/100
|
|upkeep
|turn|4
|
|t:|1776306377
|switch|p2a: Kingambit|Kingambit, M|100/100
|-activate|p2a: Kingambit|ability: Supreme Overlord
|-start|p2a: Kingambit|fallen1|[silent]
|move|p1a: Clefable|Moonlight|p1a: Clefable
|-heal|p1a: Clefable|100/100
|
|upkeep
|turn|5
|inactive|1200s chud has 120 seconds left.
|
|t:|1776306414
|switch|p1a: Iron Moth|Iron Moth|100/100
|-enditem|p1a: Iron Moth|Booster Energy
|-activate|p1a: Iron Moth|ability: Quark Drive|[fromitem]
|-start|p1a: Iron Moth|quarkdrivespa
|move|p2a: Kingambit|Kowtow Cleave|p1a: Iron Moth
|-damage|p1a: Iron Moth|2/100
|
|upkeep
|turn|6
|inactive|1200s chud has 120 seconds left.
|
|t:|1776306428
|-end|p1a: Iron Moth|Quark Drive|[silent]
|switch|p1a: Araquanid|Araquanid, F, shiny|100/100
|move|p2a: Kingambit|Sucker Punch||[still]
|-fail|p2a: Kingambit
|
|upkeep
|turn|7
|
|t:|1776306437
|-end|p2a: Kingambit|fallen1|[silent]
|switch|p2a: Dragonite|Dragonite, M|72/100
|move|p1a: Araquanid|Liquidation|p2a: Dragonite
|-resisted|p2a: Dragonite
|-damage|p2a: Dragonite|16/100
|
|upkeep
|turn|8
|
|t:|1776306442
|move|p2a: Dragonite|Dragon Claw|p1a: Araquanid
|-crit|p1a: Araquanid
|-damage|p1a: Araquanid|19/100
|move|p1a: Araquanid|Liquidation|p2a: Dragonite
|-resisted|p2a: Dragonite
|-damage|p2a: Dragonite|0 fnt
|faint|p2a: Dragonite
|
|upkeep
|
|t:|1776306452
|switch|p2a: Mimikyu|Mimikyu, M|100/100
|turn|9
|
|t:|1776306468
|switch|p1a: Latios|Latios, M|100/100
|move|p2a: Mimikyu|Play Rough|p1a: Latios
|-supereffective|p1a: Latios
|-damage|p1a: Latios|31/100
|
|upkeep
|turn|10
|
|t:|1776306474
|move|p2a: Mimikyu|Shadow Sneak|p1a: Latios
|-supereffective|p1a: Latios
|-damage|p1a: Latios|0 fnt
|faint|p1a: Latios
|
|upkeep
|
|t:|1776306480
|switch|p1a: Clefable|Clefable, F|100/100
|turn|11
|
|t:|1776306487
|move|p2a: Mimikyu|Play Rough|p1a: Clefable
|-damage|p1a: Clefable|75/100
|move|p1a: Clefable|Moonblast|p2a: Mimikyu
|-activate|p2a: Mimikyu|ability: Disguise
|-damage|p2a: Mimikyu|100/100
|detailschange|p2a: Mimikyu|Mimikyu-Busted, M
|-damage|p2a: Mimikyu|88/100|[from] pokemon: Mimikyu-Busted
|-enditem|p2a: Mimikyu|Red Card|[of] p1a: Clefable
|drag|p1a: Iron Moth|Iron Moth|2/100
|
|upkeep
|turn|12
|
|t:|1776306497
|move|p2a: Mimikyu|Play Rough|p1a: Iron Moth
|-resisted|p1a: Iron Moth
|-damage|p1a: Iron Moth|0 fnt
|faint|p1a: Iron Moth
|-end|p1a: Iron Moth|Quark Drive|[silent]
|
|upkeep
|
|t:|1776306525
|switch|p1a: Clefable|Clefable, F|75/100
|turn|13
|
|t:|1776306527
|move|p2a: Mimikyu|Thief|p1a: Clefable
|-resisted|p1a: Clefable
|-damage|p1a: Clefable|69/100
|-enditem|p1a: Clefable|Heavy-Duty Boots|[silent]|[from] move: Thief|[of] p2a: Mimikyu
|-item|p2a: Mimikyu|Heavy-Duty Boots|[from] move: Thief|[of] p1a: Clefable
|move|p1a: Clefable|Calm Mind|p1a: Clefable
|-boost|p1a: Clefable|spa|1
|-boost|p1a: Clefable|spd|1
|
|upkeep
|turn|14
|
|t:|1776306534
|move|p2a: Mimikyu|Play Rough|p1a: Clefable
|-damage|p1a: Clefable|40/100
|move|p1a: Clefable|Moonlight|p1a: Clefable
|-heal|p1a: Clefable|90/100
|
|upkeep
|turn|15
|
|t:|1776306538
|move|p2a: Mimikyu|Play Rough|p1a: Clefable
|-damage|p1a: Clefable|61/100
|move|p1a: Clefable|Calm Mind|p1a: Clefable
|-boost|p1a: Clefable|spa|1
|-boost|p1a: Clefable|spd|1
|
|upkeep
|turn|16
|
|t:|1776306565
|move|p2a: Mimikyu|Play Rough|p1a: Clefable
|-damage|p1a: Clefable|35/100
|move|p1a: Clefable|Moonlight|p1a: Clefable
|-heal|p1a: Clefable|85/100
|
|upkeep
|turn|17
|
|t:|1776306571
|move|p2a: Mimikyu|Play Rough|p1a: Clefable|[miss]
|-miss|p2a: Mimikyu|p1a: Clefable
|move|p1a: Clefable|Calm Mind|p1a: Clefable
|-boost|p1a: Clefable|spa|1
|-boost|p1a: Clefable|spd|1
|
|upkeep
|turn|18
|
|t:|1776306575
|move|p2a: Mimikyu|Play Rough|p1a: Clefable
|-damage|p1a: Clefable|58/100
|move|p1a: Clefable|Moonlight|p1a: Clefable
|-heal|p1a: Clefable|100/100
|
|upkeep
|turn|19
|
|t:|1776306592
|move|p2a: Mimikyu|Destiny Bond|p2a: Mimikyu
|-singlemove|p2a: Mimikyu|Destiny Bond
|move|p1a: Clefable|Moonblast|p2a: Mimikyu
|-damage|p2a: Mimikyu|0 fnt
|faint|p2a: Mimikyu
|-activate|p2a: Mimikyu|move: Destiny Bond
|faint|p1a: Clefable
|
|upkeep
|j| Lordfabby
|l| Lordfabby
|-message|1200s chud forfeited.
|
|win|harrisonharry
|raw|1200s chud's rating: 1658 &rarr; <strong>1645</strong><br />(-13 for losing)
|raw|harrisonharry's rating: 1781 &rarr; <strong>1794</strong><br />(+13 for winning)
|l|‽1200s chud
|player|p1|
