|html|<div class="broadcast-blue"><strong>[Gen 9] OU is currently suspecting Tera Blast! For information on how to participate check out the <a href="https://www.smogon.com/tools/suspects/view/200">suspect thread</a>.</strong></div>
|j|☆a very bad gamer
|j|☆icylikedecember
|t:|1776044437
|gametype|singles
|player|p1|a very bad gamer|101|1668
|player|p2|icylikedecember|skierf|1734
|gen|9
|tier|[Gen 9] OU
|rated|
|rule|HP Percentage Mod: HP is shown in percentages
|rule|Endless Battle Clause: Forcing endless battles is banned
|rule|Species Clause: Limit one of each Pokémon
|rule|OHKO Clause: OHKO moves are banned
|rule|Evasion Items Clause: Evasion items are banned
|rule|Evasion Moves Clause: Evasion moves are banned
|rule|Evasion Abilities Clause: Evasion abilities are banned
|rule|Sleep Moves Clause: Sleep-inducing moves are banned
|clearpoke
|poke|p1|Rillaboom, F|
|poke|p1|Heatran, M|
|poke|p1|Great Tusk|
|poke|p1|Tornadus-Therian, M|
|poke|p1|Slowking-Galar, M|
|poke|p1|Magnezone|
|poke|p2|Landorus-Therian, M|
|poke|p2|Corviknight, M|
|poke|p2|Slowking-Galar, F|
|poke|p2|Crawdaunt, M|
|poke|p2|Darkrai|
|poke|p2|Gholdengo|
|teampreview
|
|t:|1776044477
|teamsize|p1|6
|teamsize|p2|6
|start
|switch|p1a: Tornadus|Tornadus-Therian, M|100/100
|switch|p2a: Darkrai|Darkrai|100/100
|turn|1
|
|t:|1776044483
|move|p2a: Darkrai|Ice Beam|p1a: Tornadus
|-supereffective|p1a: Tornadus
|-damage|p1a: Tornadus|54/100
|move|p1a: Tornadus|Knock Off|p2a: Darkrai
|-resisted|p2a: Darkrai
|-crit|p2a: Darkrai
|-damage|p2a: Darkrai|80/100
|-enditem|p2a: Darkrai|Expert Belt|[from] move: Knock Off|[of] p1a: Tornadus
|
|upkeep
|turn|2
|
|t:|1776044490
|move|p2a: Darkrai|Dark Pulse|p1a: Tornadus
|-damage|p1a: Tornadus|26/100
|move|p1a: Tornadus|U-turn|p2a: Darkrai
|-supereffective|p2a: Darkrai
|-damage|p2a: Darkrai|40/100
|
|t:|1776044496
|switch|p1a: Heatran|Heatran, M|100/100|[from] U-turn
|
|upkeep
|turn|3
|
|t:|1776044499
|move|p2a: Darkrai|Focus Blast|p1a: Heatran|[miss]
|-miss|p2a: Darkrai|p1a: Heatran
|move|p1a: Heatran|Stealth Rock|p2a: Darkrai
|-sidestart|p2: icylikedecember|move: Stealth Rock
|
|upkeep
|turn|4
|
|t:|1776044503
|move|p2a: Darkrai|Dark Pulse|p1a: Heatran
|-damage|p1a: Heatran|73/100
|cant|p1a: Heatran|flinch
|
|-heal|p1a: Heatran|80/100|[from] item: Leftovers
|upkeep
|turn|5
|
|t:|1776044507
|move|p2a: Darkrai|Dark Pulse|p1a: Heatran
|-damage|p1a: Heatran|52/100
|move|p1a: Heatran|Magma Storm|p2a: Darkrai
|-damage|p2a: Darkrai|0 fnt
|faint|p2a: Darkrai
|
|-heal|p1a: Heatran|58/100|[from] item: Leftovers
|upkeep
|
|t:|1776044512
|switch|p2a: Crawdaunt|Crawdaunt, M|100/100
|-damage|p2a: Crawdaunt|88/100|[from] Stealth Rock
|turn|6
|inactive|Battle timer is ON: inactive players will automatically lose when time's up. (requested by icylikedecember)
|
|t:|1776044552
|move|p2a: Crawdaunt|Knock Off|p1a: Heatran
|-damage|p1a: Heatran|0 fnt
|-enditem|p1a: Heatran|Leftovers|[from] move: Knock Off|[of] p2a: Crawdaunt
|faint|p1a: Heatran
|
|upkeep
|
|t:|1776044556
|switch|p1a: Rillaboom|Rillaboom, F|100/100
|-fieldstart|move: Grassy Terrain|[from] ability: Grassy Surge|[of] p1a: Rillaboom
|turn|7
|inactive|icylikedecember has 120 seconds left.
|
|t:|1776044587
|switch|p2a: Corviknight|Corviknight, M, shiny|100/100
|-damage|p2a: Corviknight|88/100|[from] Stealth Rock
|-ability|p2a: Corviknight|Pressure
|move|p1a: Rillaboom|U-turn|p2a: Corviknight
|-resisted|p2a: Corviknight
|-damage|p2a: Corviknight|82/100
|
|t:|1776044594
|switch|p1a: Magnezone|Magnezone|100/100|[from] U-turn
|
|-heal|p2a: Corviknight|88/100|[from] item: Leftovers
|upkeep
|turn|8
|
|t:|1776044598
|-terastallize|p2a: Corviknight|Dragon
|move|p1a: Magnezone|Volt Switch|p2a: Corviknight
|-resisted|p2a: Corviknight
|-damage|p2a: Corviknight|60/100
|
|t:|1776044607
|switch|p1a: Tornadus|Tornadus-Therian, M|59/100|[from] Volt Switch
|move|p2a: Corviknight|Body Press|p1a: Tornadus
|-resisted|p1a: Tornadus
|-damage|p1a: Tornadus|45/100
|
|-heal|p2a: Corviknight|66/100|[from] Grassy Terrain
|-heal|p2a: Corviknight|72/100|[from] item: Leftovers
|upkeep
|turn|9
|
|t:|1776044617
|move|p1a: Tornadus|U-turn|p2a: Corviknight
|-damage|p2a: Corviknight|63/100
|
|t:|1776044619
|switch|p1a: Slowking|Slowking-Galar, M|100/100|[from] U-turn
|move|p2a: Corviknight|Defog|p1a: Slowking
|-unboost|p1a: Slowking|evasion|1
|-sideend|p2: icylikedecember|Stealth Rock|[from] move: Defog|[of] p2a: Corviknight
|-fieldend|move: Grassy Terrain
|
|-heal|p2a: Corviknight|69/100|[from] item: Leftovers
|upkeep
|turn|10
|
|t:|1776044623
|move|p2a: Corviknight|U-turn|p1a: Slowking
|-damage|p1a: Slowking|90/100
|
|t:|1776044626
|switch|p2a: Crawdaunt|Crawdaunt, M|88/100|[from] U-turn
|-prepare|p1a: Slowking|Chilly Reception|[premajor]
|move|p1a: Slowking|Chilly Reception|p1a: Slowking
|-weather|Snowscape
|
|t:|1776044628
|switch|p1a: Rillaboom|Rillaboom, F|100/100|[from] Chilly Reception
|-fieldstart|move: Grassy Terrain|[from] ability: Grassy Surge|[of] p1a: Rillaboom
|
|-weather|Snowscape|[upkeep]
|-heal|p2a: Crawdaunt|94/100|[from] Grassy Terrain
|upkeep
|turn|11
|
|t:|1776044632
|switch|p2a: Corviknight|Corviknight, M, shiny, tera:Dragon|69/100
|-ability|p2a: Corviknight|Pressure
|move|p1a: Rillaboom|Wood Hammer|p2a: Corviknight
|-resisted|p2a: Corviknight
|-damage|p2a: Corviknight|34/100
|-damage|p1a: Rillaboom|87/100|[from] Recoil
|
|-weather|Snowscape|[upkeep]
|-heal|p1a: Rillaboom|93/100|[from] Grassy Terrain
|-heal|p2a: Corviknight|40/100|[from] Grassy Terrain
|-heal|p2a: Corviknight|46/100|[from] item: Leftovers
|upkeep
|turn|12
|
|t:|1776044641
|switch|p1a: Tornadus|Tornadus-Therian, M|78/100
|move|p2a: Corviknight|Roost|p2a: Corviknight
|-heal|p2a: Corviknight|96/100
|
|-weather|Snowscape|[upkeep]
|-heal|p2a: Corviknight|100/100|[from] Grassy Terrain
|upkeep
|turn|13
|
|t:|1776044646
|move|p1a: Tornadus|Knock Off|p2a: Corviknight
|-damage|p2a: Corviknight|87/100
|-enditem|p2a: Corviknight|Leftovers|[from] move: Knock Off|[of] p1a: Tornadus
|move|p2a: Corviknight|U-turn|p1a: Tornadus
|-resisted|p1a: Tornadus
|-damage|p1a: Tornadus|71/100
|
|t:|1776044655
|switch|p2a: Landorus|Landorus-Therian, M|100/100|[from] U-turn
|-ability|p2a: Landorus|Intimidate|boost
|-unboost|p1a: Tornadus|atk|1
|
|-weather|Snowscape|[upkeep]
|upkeep
|turn|14
|
|t:|1776044661
|switch|p1a: Great Tusk|Great Tusk|100/100
|move|p2a: Landorus|Stealth Rock|p1a: Great Tusk
|-sidestart|p1: a very bad gamer|move: Stealth Rock
|
|-weather|none
|-fieldend|move: Grassy Terrain
|upkeep
|turn|15
|
|t:|1776044665
|move|p2a: Landorus|U-turn|p1a: Great Tusk
|-resisted|p1a: Great Tusk
|-damage|p1a: Great Tusk|92/100
|
|t:|1776044670
|switch|p2a: Crawdaunt|Crawdaunt, M|94/100|[from] U-turn
|move|p1a: Great Tusk|Ice Spinner|p2a: Crawdaunt
|-resisted|p2a: Crawdaunt
|-damage|p2a: Crawdaunt|74/100
|
|upkeep
|turn|16
|
|t:|1776044674
|move|p2a: Crawdaunt|Aqua Jet|p1a: Great Tusk
|-supereffective|p1a: Great Tusk
|-damage|p1a: Great Tusk|30/100
|move|p1a: Great Tusk|Close Combat|p2a: Crawdaunt
|-supereffective|p2a: Crawdaunt
|-damage|p2a: Crawdaunt|0 fnt
|-unboost|p1a: Great Tusk|def|1
|-unboost|p1a: Great Tusk|spd|1
|faint|p2a: Crawdaunt
|
|upkeep
|
|t:|1776044679
|switch|p2a: Gholdengo|Gholdengo|100/100
|turn|17
|
|t:|1776044690
|switch|p2a: Landorus|Landorus-Therian, M|100/100
|-ability|p2a: Landorus|Intimidate|boost
|-unboost|p1a: Great Tusk|atk|1
|-end|p1a: Great Tusk|Protosynthesis|[silent]
|switch|p1a: Magnezone|Magnezone|100/100
|-damage|p1a: Magnezone|94/100|[from] Stealth Rock
|
|upkeep
|turn|18
|
|t:|1776044698
|move|p2a: Landorus|Earthquake|p1a: Magnezone
|-supereffective|p1a: Magnezone
|-crit|p1a: Magnezone
|-damage|p1a: Magnezone|0 fnt
|faint|p1a: Magnezone
|
|upkeep
|
|t:|1776044709
|switch|p1a: Tornadus|Tornadus-Therian, M|100/100
|-damage|p1a: Tornadus|76/100|[from] Stealth Rock
|turn|19
|
|t:|1776044712
|move|p1a: Tornadus|Bleakwind Storm|p2a: Landorus
|-damage|p2a: Landorus|58/100
|move|p2a: Landorus|Stone Edge|p1a: Tornadus
|-supereffective|p1a: Tornadus
|-damage|p1a: Tornadus|8/100
|
|upkeep
|turn|20
|
|t:|1776044719
|switch|p1a: Great Tusk|Great Tusk|30/100
|move|p2a: Landorus|U-turn|p1a: Great Tusk
|-resisted|p1a: Great Tusk
|-damage|p1a: Great Tusk|21/100
|
|t:|1776044723
|switch|p2a: Gholdengo|Gholdengo|100/100|[from] U-turn
|
|upkeep
|turn|21
|
|t:|1776044738
|move|p2a: Gholdengo|Shadow Ball|p1a: Great Tusk
|-damage|p1a: Great Tusk|0 fnt
|faint|p1a: Great Tusk
|-end|p1a: Great Tusk|Protosynthesis|[silent]
|
|upkeep
|
|t:|1776044742
|switch|p1a: Tornadus|Tornadus-Therian, M|41/100
|-damage|p1a: Tornadus|16/100|[from] Stealth Rock
|turn|22
|-message|a very bad gamer forfeited.
|
|win|icylikedecember
|raw|a very bad gamer's rating: 1668 &rarr; <strong>1652</strong><br />(-16 for losing)
|raw|icylikedecember's rating: 1734 &rarr; <strong>1750</strong><br />(+16 for winning)
|l|☆a very bad gamer
|player|p1|
|l|☆icylikedecember
|player|p2|
