|html|<div class="broadcast-blue"><strong>[Gen 9] OU is currently suspecting Tera Blast! For information on how to participate check out the <a href="https://www.smogon.com/tools/suspects/view/200">suspect thread</a>.</strong></div>
|j|☆achoosirs
|j|☆Mr.D.1622
|t:|1776050882
|gametype|singles
|player|p1|achoosirs|wallace|1228
|player|p2|Mr.D.1622|n|1241
|gen|9
|tier|[Gen 9] OU
|rated|
|rule|HP Percentage Mod: HP is shown in percentages
|rule|Endless Battle Clause: Forcing endless battles is banned
|rule|Species Clause: Limit one of each Pokémon
|rule|OHKO Clause: OHKO moves are banned
|rule|Evasion Items Clause: Evasion items are banned
|rule|Evasion Moves Clause: Evasion moves are banned
|rule|Evasion Abilities Clause: Evasion abilities are banned
|rule|Sleep Moves Clause: Sleep-inducing moves are banned
|clearpoke
|poke|p1|Meowscarada, F|
|poke|p1|Rotom-Wash|
|poke|p1|Goodra-Hisui, F|
|poke|p1|Zapdos-Galar|
|poke|p1|Fezandipiti, M|
|poke|p1|Houndoom, F|
|poke|p2|Ninetales-Alola, F|
|poke|p2|Slowking-Galar, F|
|poke|p2|Cetitan, F|
|poke|p2|Skeledirge, F|
|poke|p2|Frosmoth, M|
|poke|p2|Froslass, F|
|teampreview
|inactive|Battle timer is ON: inactive players will automatically lose when time's up. (requested by Mr.D.1622)
|inactive|achoosirs also wants the timer to be on.
|
|t:|1776050912
|teamsize|p1|6
|teamsize|p2|6
|start
|switch|p1a: Meowscarada|Meowscarada, F, shiny|100/100
|switch|p2a: Froslass|Froslass, F, shiny|100/100
|turn|1
|
|t:|1776050928
|move|p1a: Meowscarada|Trick|p2a: Froslass
|-start|p1a: Meowscarada|typechange|Psychic|[from] ability: Protean
|-activate|p1a: Meowscarada|move: Trick|[of] p2a: Froslass
|-item|p2a: Froslass|Choice Scarf|[from] move: Trick
|-item|p1a: Meowscarada|Focus Sash|[from] move: Trick
|move|p2a: Froslass|Destiny Bond|p2a: Froslass
|-singlemove|p2a: Froslass|Destiny Bond
|
|upkeep
|turn|2
|
|t:|1776050942
|move|p2a: Froslass|Destiny Bond||[still]
|-fail|p2a: Froslass
|move|p1a: Meowscarada|U-turn|p2a: Froslass
|-resisted|p2a: Froslass
|-damage|p2a: Froslass|81/100
|-start|p1a: Meowscarada|Disable|U-turn|[from] ability: Cursed Body|[of] p2a: Froslass
|
|t:|1776050947
|switch|p1a: Rotom|Rotom-Wash, shiny|100/100|[from] U-turn
|
|upkeep
|turn|3
|
|t:|1776050955
|move|p2a: Froslass|Destiny Bond|p2a: Froslass
|-singlemove|p2a: Froslass|Destiny Bond
|move|p1a: Rotom|Thunder Wave|p2a: Froslass
|-status|p2a: Froslass|par
|
|upkeep
|turn|4
|
|t:|1776050976
|switch|p2a: Ninetales|Ninetales-Alola, F, shiny|100/100
|-weather|Snowscape|[from] ability: Snow Warning|[of] p2a: Ninetales
|move|p1a: Rotom|Volt Switch|p2a: Ninetales
|-damage|p2a: Ninetales|64/100
|
|t:|1776050981
|switch|p1a: Goodra|Goodra-Hisui, F|100/100|[from] Volt Switch
|
|-weather|Snowscape|[upkeep]
|upkeep
|turn|5
|
|t:|1776050992
|move|p2a: Ninetales|Aurora Veil|p2a: Ninetales
|-sidestart|p2: Mr.D.1622|move: Aurora Veil
|move|p1a: Goodra|Flash Cannon|p2a: Ninetales
|-supereffective|p2a: Ninetales
|-damage|p2a: Ninetales|0 fnt
|faint|p2a: Ninetales
|
|-weather|Snowscape|[upkeep]
|upkeep
|
|t:|1776051004
|switch|p2a: Cetitan|Cetitan, F|100/100
|turn|6
|inactive|achoosirs has 120 seconds left.
|
|t:|1776051041
|move|p2a: Cetitan|Belly Drum|p2a: Cetitan
|-damage|p2a: Cetitan|50/100
|-setboost|p2a: Cetitan|atk|6|[from] move: Belly Drum
|-enditem|p2a: Cetitan|Sitrus Berry|[eat]
|-heal|p2a: Cetitan|75/100|[from] item: Sitrus Berry
|move|p1a: Goodra|Flamethrower|p2a: Cetitan
|-supereffective|p2a: Cetitan
|-crit|p2a: Cetitan
|-damage|p2a: Cetitan|0 fnt
|faint|p2a: Cetitan
|
|-weather|Snowscape|[upkeep]
|upkeep
|c|☆achoosirs|sorry
|-message|Mr.D.1622 forfeited.
|
|win|achoosirs
|raw|achoosirs's rating: 1228 &rarr; <strong>1254</strong><br />(+26 for winning)
|raw|Mr.D.1622's rating: 1241 &rarr; <strong>1215</strong><br />(-26 for losing)
|l|☆Mr.D.1622
|player|p2|
|l|☆achoosirs
|player|p1|
