|html|<div class="broadcast-blue"><strong>[Gen 9] OU is currently suspecting Tera Blast! For information on how to participate check out the <a href="https://www.smogon.com/tools/suspects/view/200">suspect thread</a>.</strong></div>
|j|☆deltarunetheanime
|j|☆shuiduoduoking
|t:|1776054703
|gametype|singles
|player|p1|deltarunetheanime|roxie|1459
|player|p2|shuiduoduoking|n|1437
|gen|9
|tier|[Gen 9] OU
|rated|
|rule|HP Percentage Mod: HP is shown in percentages
|rule|Endless Battle Clause: Forcing endless battles is banned
|rule|Species Clause: Limit one of each Pokémon
|rule|OHKO Clause: OHKO moves are banned
|rule|Evasion Items Clause: Evasion items are banned
|rule|Evasion Moves Clause: Evasion moves are banned
|rule|Evasion Abilities Clause: Evasion abilities are banned
|rule|Sleep Moves Clause: Sleep-inducing moves are banned
|clearpoke
|poke|p1|Clodsire, M|
|poke|p1|Ogerpon-Wellspring, F|
|poke|p1|Zoroark-Hisui, F|
|poke|p1|Zamazenta-*|
|poke|p1|Cinderace, F|
|poke|p1|Deoxys-Speed|
|poke|p2|Torkoal, F|
|poke|p2|Walking Wake|
|poke|p2|Typhlosion-Hisui, F|
|poke|p2|Great Tusk|
|poke|p2|Raging Bolt|
|poke|p2|Slither Wing|
|teampreview
|inactive|Battle timer is ON: inactive players will automatically lose when time's up. (requested by deltarunetheanime)
|
|t:|1776054729
|teamsize|p1|6
|teamsize|p2|6
|start
|switch|p1a: Deoxys|Deoxys-Speed|100/100
|switch|p2a: Torkoal|Torkoal, F|100/100
|-ability|p1a: Deoxys|Pressure
|-weather|SunnyDay|[from] ability: Drought|[of] p2a: Torkoal
|turn|1
|
|t:|1776054751
|move|p1a: Deoxys|Psycho Boost|p2a: Torkoal
|-damage|p2a: Torkoal|28/100
|-unboost|p1a: Deoxys|spa|2
|-damage|p1a: Deoxys|91/100|[from] item: Life Orb
|move|p2a: Torkoal|Stealth Rock|p1a: Deoxys
|-sidestart|p1: deltarunetheanime|move: Stealth Rock
|
|-weather|SunnyDay|[upkeep]
|upkeep
|turn|2
|
|t:|1776054764
|switch|p2a: Walking Wake|Walking Wake|100/100
|-activate|p2a: Walking Wake|ability: Protosynthesis
|-start|p2a: Walking Wake|protosynthesisspe
|move|p1a: Deoxys|Spikes|p2a: Walking Wake
|-sidestart|p2: shuiduoduoking|Spikes
|
|-weather|SunnyDay|[upkeep]
|upkeep
|turn|3
|
|t:|1776054771
|move|p1a: Deoxys|Protect|p1a: Deoxys
|-singleturn|p1a: Deoxys|Protect
|move|p2a: Walking Wake|Weather Ball|p1a: Deoxys
|-activate|p1a: Deoxys|move: Protect
|
|-weather|SunnyDay|[upkeep]
|upkeep
|turn|4
|
|t:|1776054777
|move|p2a: Walking Wake|Weather Ball|p1a: Deoxys
|-damage|p1a: Deoxys|0 fnt
|faint|p1a: Deoxys
|-damage|p2a: Walking Wake|91/100|[from] item: Life Orb
|
|-weather|SunnyDay|[upkeep]
|upkeep
|
|t:|1776054780
|switch|p1a: Ogerpon|Ogerpon-Wellspring, F|100/100
|-damage|p1a: Ogerpon|88/100|[from] Stealth Rock
|turn|5
|
|t:|1776054798
|-terastallize|p1a: Ogerpon|Water
|detailschange|p1a: Ogerpon|Ogerpon-Wellspring-Tera, F, tera:Water
|-ability|p1a: Ogerpon|Embody Aspect (Wellspring)|boost
|-boost|p1a: Ogerpon|spd|1
|move|p2a: Walking Wake|Draco Meteor|p1a: Ogerpon|[miss]
|-miss|p2a: Walking Wake|p1a: Ogerpon
|move|p1a: Ogerpon|Horn Leech|p2a: Walking Wake
|-damage|p2a: Walking Wake|44/100
|-heal|p1a: Ogerpon|100/100|[from] drain|[of] p2a: Walking Wake
|
|-weather|SunnyDay|[upkeep]
|upkeep
|turn|6
|
|t:|1776054809
|move|p2a: Walking Wake|Draco Meteor|p1a: Ogerpon
|-damage|p1a: Ogerpon|28/100
|-unboost|p2a: Walking Wake|spa|2
|-damage|p2a: Walking Wake|34/100|[from] item: Life Orb
|move|p1a: Ogerpon|Horn Leech|p2a: Walking Wake
|-damage|p2a: Walking Wake|0 fnt
|-heal|p1a: Ogerpon|47/100|[from] drain|[of] p2a: Walking Wake
|faint|p2a: Walking Wake
|-end|p2a: Walking Wake|Protosynthesis|[silent]
|
|-weather|SunnyDay|[upkeep]
|upkeep
|
|t:|1776054824
|switch|p2a: Slither Wing|Slither Wing|100/100
|-damage|p2a: Slither Wing|88/100|[from] Spikes
|-activate|p2a: Slither Wing|ability: Protosynthesis
|-start|p2a: Slither Wing|protosynthesisatk
|turn|7
|
|t:|1776054829
|switch|p1a: Cinderace|Cinderace, F|100/100
|move|p2a: Slither Wing|U-turn|p1a: Cinderace
|-resisted|p1a: Cinderace
|-damage|p1a: Cinderace|39/100
|
|t:|1776054835
|-end|p2a: Slither Wing|Protosynthesis|[silent]
|switch|p2a: Great Tusk|Great Tusk|100/100|[from] U-turn
|-damage|p2a: Great Tusk|88/100|[from] Spikes
|-activate|p2a: Great Tusk|ability: Protosynthesis
|-start|p2a: Great Tusk|protosynthesisspe
|
|-weather|SunnyDay|[upkeep]
|-heal|p2a: Great Tusk|94/100|[from] item: Leftovers
|upkeep
|turn|8
|
|t:|1776054842
|switch|p1a: Clodsire|Clodsire, M|100/100
|-damage|p1a: Clodsire|88/100|[from] Stealth Rock
|-item|p1a: Clodsire|Air Balloon
|move|p2a: Great Tusk|Earthquake|p1a: Clodsire
|-immune|p1a: Clodsire
|
|-weather|none
|-end|p2a: Great Tusk|Protosynthesis
|-heal|p2a: Great Tusk|100/100|[from] item: Leftovers
|upkeep
|turn|9
|
|t:|1776054854
|move|p1a: Clodsire|Will-O-Wisp|p2a: Great Tusk|[miss]
|-miss|p1a: Clodsire|p2a: Great Tusk
|move|p2a: Great Tusk|Rapid Spin|p1a: Clodsire
|-immune|p1a: Clodsire
|
|upkeep
|turn|10
|
|t:|1776054865
|-end|p2a: Great Tusk|Protosynthesis|[silent]
|switch|p2a: Torkoal|Torkoal, F|28/100
|-damage|p2a: Torkoal|15/100|[from] Spikes
|-weather|SunnyDay|[from] ability: Drought|[of] p2a: Torkoal
|move|p1a: Clodsire|Hex|p2a: Torkoal
|-damage|p2a: Torkoal|0 fnt
|faint|p2a: Torkoal
|
|-weather|SunnyDay|[upkeep]
|upkeep
|
|t:|1776054877
|switch|p2a: Typhlosion|Typhlosion-Hisui, F|100/100
|-damage|p2a: Typhlosion|88/100|[from] Spikes
|-item|p1a: Clodsire|Air Balloon|[from] ability: Frisk|[of] p2a: Typhlosion
|turn|11
|
|t:|1776054882
|move|p1a: Clodsire|Detect|p1a: Clodsire
|-singleturn|p1a: Clodsire|Protect
|move|p2a: Typhlosion|Eruption|p1a: Clodsire
|-activate|p1a: Clodsire|move: Protect
|
|-weather|SunnyDay|[upkeep]
|upkeep
|turn|12
|
|t:|1776054891
|switch|p1a: Cinderace|Cinderace, F|39/100
|move|p2a: Typhlosion|Eruption|p1a: Cinderace
|-resisted|p1a: Cinderace
|-crit|p1a: Cinderace
|-damage|p1a: Cinderace|0 fnt
|faint|p1a: Cinderace
|
|-weather|SunnyDay|[upkeep]
|upkeep
|
|t:|1776054893
|switch|p1a: Clodsire|Clodsire, M|88/100
|-damage|p1a: Clodsire|76/100|[from] Stealth Rock
|-item|p1a: Clodsire|Air Balloon
|turn|13
|
|t:|1776054902
|move|p1a: Clodsire|Detect|p1a: Clodsire
|-singleturn|p1a: Clodsire|Protect
|move|p2a: Typhlosion|Eruption|p1a: Clodsire
|-activate|p1a: Clodsire|move: Protect
|
|-weather|SunnyDay|[upkeep]
|upkeep
|turn|14
|
|t:|1776054908
|switch|p1a: Clodsire|Clodsire, M|100/100
|-damage|p1a: Clodsire|94/100|[from] Stealth Rock
|move|p2a: Typhlosion|Eruption|p1a: Clodsire
|-damage|p1a: Clodsire|42/100
|
|-weather|SunnyDay|[upkeep]
|-heal|p1a: Clodsire|48/100|[from] item: Leftovers
|upkeep
|turn|15
|
|t:|1776054917
|move|p2a: Typhlosion|Eruption|p1a: Clodsire
|-damage|p1a: Clodsire|0 fnt
|faint|p1a: Clodsire
|
|-weather|SunnyDay|[upkeep]
|upkeep
|
|t:|1776054924
|switch|p1a: Ogerpon|Ogerpon-Wellspring-Tera, F, tera:Water|47/100
|-damage|p1a: Ogerpon|35/100|[from] Stealth Rock
|-ability|p1a: Ogerpon|Embody Aspect (Wellspring)|boost
|-boost|p1a: Ogerpon|spd|1
|turn|16
|
|t:|1776054928
|move|p2a: Typhlosion|Eruption|p1a: Ogerpon
|-resisted|p1a: Ogerpon
|-crit|p1a: Ogerpon
|-damage|p1a: Ogerpon|0 fnt
|faint|p1a: Ogerpon
|detailschange|p1: Ogerpon|Ogerpon-Wellspring, F|[silent]
|
|-weather|SunnyDay|[upkeep]
|upkeep
|
|t:|1776054931
|switch|p1a: Zamazenta|Zamazenta|76/100
|-damage|p1a: Zamazenta|64/100|[from] Stealth Rock
|-item|p1a: Zamazenta|Air Balloon
|turn|17
|
|t:|1776054938
|move|p1a: Zamazenta|Detect|p1a: Zamazenta
|-singleturn|p1a: Zamazenta|Protect
|move|p2a: Typhlosion|Eruption|p1a: Zamazenta
|-activate|p1a: Zamazenta|move: Protect
|
|-weather|none
|upkeep
|turn|18
|
|t:|1776054962
|move|p1a: Zamazenta|Shadow Sneak|p2a: Typhlosion
|-supereffective|p2a: Typhlosion
|-damage|p2a: Typhlosion|54/100
|move|p2a: Typhlosion|Eruption|p1a: Zamazenta
|-damage|p1a: Zamazenta|0 fnt
|replace|p1a: Zoroark|Zoroark-Hisui, F, shiny
|-end|p1a: Zoroark|Illusion
|-enditem|p1a: Zoroark|Air Balloon
|faint|p1a: Zoroark
|
|upkeep
|
|t:|1776054967
|switch|p1a: Zamazenta|Zamazenta|100/100
|-damage|p1a: Zamazenta|95/100|[from] Stealth Rock
|-ability|p1a: Zamazenta|Dauntless Shield|boost
|-boost|p1a: Zamazenta|def|1
|turn|19
|
|t:|1776054982
|switch|p2a: Great Tusk|Great Tusk|100/100
|-damage|p2a: Great Tusk|88/100|[from] Spikes
|move|p1a: Zamazenta|Crunch|p2a: Great Tusk
|-resisted|p2a: Great Tusk
|-damage|p2a: Great Tusk|78/100
|
|-heal|p2a: Great Tusk|84/100|[from] item: Leftovers
|upkeep
|turn|20
|-message|deltarunetheanime forfeited.
|
|win|shuiduoduoking
|raw|deltarunetheanime's rating: 1459 &rarr; <strong>1438</strong><br />(-21 for losing)
|raw|shuiduoduoking's rating: 1437 &rarr; <strong>1458</strong><br />(+21 for winning)
|l|☆deltarunetheanime
|player|p1|
|l|☆shuiduoduoking
|player|p2|
