|html|<div class="broadcast-blue"><strong>[Gen 9] OU is currently suspecting Volcarona! For information on how to participate check out the <a href="https://www.smogon.com/tools/suspects/view/208">suspect thread</a>.</strong></div>
|j|☆YooChiJin
|j|☆DoraaaAjj
|t:|1778502960
|gametype|singles
|player|p1|YooChiJin|rancher|1113
|player|p2|DoraaaAjj|n|1135
|gen|9
|tier|[Gen 9] OU
|rated|
|rule|HP Percentage Mod: HP is shown in percentages
|rule|Endless Battle Clause: Forcing endless battles is banned
|rule|Species Clause: Limit one of each Pokémon
|rule|OHKO Clause: OHKO moves are banned
|rule|Evasion Items Clause: Evasion items are banned
|rule|Evasion Moves Clause: Evasion moves are banned
|rule|Evasion Abilities Clause: Evasion abilities are banned
|rule|Sleep Moves Clause: Sleep-inducing moves are banned
|clearpoke
|poke|p1|Glimmora, F|
|poke|p1|Minior-Green|
|poke|p1|Corviknight, F|
|poke|p1|Kingambit, M|
|poke|p1|Garganacl, M|
|poke|p1|Ogerpon-Wellspring, F|
|poke|p2|Dragonite, F|
|poke|p2|Gastrodon, M|
|poke|p2|Corviknight, F|
|poke|p2|Gliscor, M|
|poke|p2|Dondozo, M|
|poke|p2|Rotom-Wash|
|teampreview
|inactive|Battle timer is ON: inactive players will automatically lose when time's up. (requested by YooChiJin)
|
|t:|1778502969
|teamsize|p1|6
|teamsize|p2|6
|start
|switch|p1a: Glimmora|Glimmora, F|100/100
|switch|p2a: Dondozo|Dondozo, M, shiny|100/100
|turn|1
|
|t:|1778502986
|move|p1a: Glimmora|Stealth Rock|p2a: Dondozo
|-sidestart|p2: DoraaaAjj|move: Stealth Rock
|move|p2a: Dondozo|Wave Crash|p1a: Glimmora
|-supereffective|p1a: Glimmora
|-enditem|p1a: Glimmora|Focus Sash
|-damage|p1a: Glimmora|1/100
|-activate|p1a: Glimmora|ability: Toxic Debris
|-sidestart|p2: DoraaaAjj|move: Toxic Spikes
|-damage|p2a: Dondozo|80/100|[from] Recoil
|
|upkeep
|turn|2
|
|t:|1778502998
|move|p1a: Glimmora|Mortal Spin|p2a: Dondozo
|-crit|p2a: Dondozo
|-damage|p2a: Dondozo|76/100
|-status|p2a: Dondozo|psn
|move|p2a: Dondozo|Body Press|p1a: Glimmora
|-damage|p1a: Glimmora|0 fnt
|-activate|p1a: Glimmora|ability: Toxic Debris
|-sidestart|p2: DoraaaAjj|move: Toxic Spikes
|faint|p1a: Glimmora
|
|-damage|p2a: Dondozo|64/100 psn|[from] psn
|upkeep
|
|t:|1778503008
|switch|p1a: Minior|Minior-Green|100/100
|-formechange|p1a: Minior|Minior-Meteor||[from] ability: Shields Down
|turn|3
|
|t:|1778503015
|switch|p2a: Rotom|Rotom-Wash|100/100
|-damage|p2a: Rotom|88/100|[from] Stealth Rock
|move|p1a: Minior|Shell Smash|p1a: Minior
|-unboost|p1a: Minior|def|1
|-unboost|p1a: Minior|spd|1
|-boost|p1a: Minior|atk|2
|-boost|p1a: Minior|spa|2
|-boost|p1a: Minior|spe|2
|
|-heal|p2a: Rotom|94/100|[from] item: Leftovers
|upkeep
|turn|4
|
|t:|1778503027
|move|p1a: Minior|Earthquake|p2a: Rotom
|-immune|p2a: Rotom|[from] ability: Levitate
|move|p2a: Rotom|Will-O-Wisp|p1a: Minior|[miss]
|-miss|p2a: Rotom|p1a: Minior
|
|-heal|p2a: Rotom|100/100|[from] item: Leftovers
|upkeep
|turn|5
|
|t:|1778503046
|switch|p1a: Garganacl|Garganacl, M|100/100
|move|p2a: Rotom|Will-O-Wisp|p1a: Garganacl
|-immune|p1a: Garganacl|[from] ability: Purifying Salt
|
|upkeep
|turn|6
|
|t:|1778503057
|switch|p1a: Minior|Minior-Green|100/100
|-formechange|p1a: Minior|Minior-Meteor||[from] ability: Shields Down
|move|p2a: Rotom|Hydro Pump|p1a: Minior|[miss]
|-miss|p2a: Rotom|p1a: Minior
|
|upkeep
|turn|7
|
|t:|1778503068
|switch|p1a: Garganacl|Garganacl, M|100/100
|move|p2a: Rotom|Hydro Pump|p1a: Garganacl
|-supereffective|p1a: Garganacl
|-damage|p1a: Garganacl|50/100
|
|-heal|p1a: Garganacl|56/100|[from] item: Leftovers
|upkeep
|turn|8
|
|t:|1778503077
|move|p2a: Rotom|Volt Switch|p1a: Garganacl
|-damage|p1a: Garganacl|38/100
|
|t:|1778503086
|switch|p2a: Gliscor|Gliscor, M|100/100|[from] Volt Switch
|-damage|p2a: Gliscor|88/100|[from] Stealth Rock
|move|p1a: Garganacl|Recover|p1a: Garganacl
|-heal|p1a: Garganacl|88/100
|
|-heal|p1a: Garganacl|94/100|[from] item: Leftovers
|-status|p2a: Gliscor|tox|[from] item: Toxic Orb
|upkeep
|turn|9
|
|t:|1778503099
|move|p2a: Gliscor|Spikes|p1a: Garganacl
|-sidestart|p1: YooChiJin|Spikes
|move|p1a: Garganacl|Salt Cure|p2a: Gliscor
|-damage|p2a: Gliscor|76/100 tox
|-start|p2a: Gliscor|Salt Cure
|
|-heal|p1a: Garganacl|99/100|[from] item: Leftovers
|-heal|p2a: Gliscor|88/100 tox|[from] ability: Poison Heal
|-damage|p2a: Gliscor|76/100 tox|[from] Salt Cure
|upkeep
|turn|10
|
|t:|1778503111
|move|p2a: Gliscor|Earthquake|p1a: Garganacl
|-supereffective|p1a: Garganacl
|-damage|p1a: Garganacl|54/100
|move|p1a: Garganacl|Iron Defense|p1a: Garganacl
|-boost|p1a: Garganacl|def|2
|
|-heal|p1a: Garganacl|60/100|[from] item: Leftovers
|-heal|p2a: Gliscor|88/100 tox|[from] ability: Poison Heal
|-damage|p2a: Gliscor|76/100 tox|[from] Salt Cure
|upkeep
|turn|11
|
|t:|1778503122
|move|p2a: Gliscor|Earthquake|p1a: Garganacl
|-supereffective|p1a: Garganacl
|-damage|p1a: Garganacl|38/100
|move|p1a: Garganacl|Recover|p1a: Garganacl
|-heal|p1a: Garganacl|88/100
|
|-heal|p1a: Garganacl|94/100|[from] item: Leftovers
|-heal|p2a: Gliscor|88/100 tox|[from] ability: Poison Heal
|-damage|p2a: Gliscor|76/100 tox|[from] Salt Cure
|upkeep
|turn|12
|
|t:|1778503143
|switch|p2a: Rotom|Rotom-Wash|100/100
|-damage|p2a: Rotom|88/100|[from] Stealth Rock
|move|p1a: Garganacl|Salt Cure|p2a: Rotom
|-damage|p2a: Rotom|77/100
|-start|p2a: Rotom|Salt Cure
|
|-heal|p2a: Rotom|83/100|[from] item: Leftovers
|-heal|p1a: Garganacl|99/100|[from] item: Leftovers
|-damage|p2a: Rotom|58/100|[from] Salt Cure
|upkeep
|turn|13
|
|t:|1778503154
|move|p2a: Rotom|Hydro Pump|p1a: Garganacl
|-supereffective|p1a: Garganacl
|-damage|p1a: Garganacl|46/100
|move|p1a: Garganacl|Iron Defense|p1a: Garganacl
|-boost|p1a: Garganacl|def|2
|
|-heal|p2a: Rotom|64/100|[from] item: Leftovers
|-heal|p1a: Garganacl|52/100|[from] item: Leftovers
|-damage|p2a: Rotom|39/100|[from] Salt Cure
|upkeep
|turn|14
|
|t:|1778503165
|move|p2a: Rotom|Pain Split|p1a: Garganacl
|-sethp|p1a: Garganacl|41/100|[from] move: Pain Split|[silent]
|-sethp|p2a: Rotom|54/100|[from] move: Pain Split
|move|p1a: Garganacl|Body Press|p2a: Rotom
|-damage|p2a: Rotom|0 fnt
|faint|p2a: Rotom
|
|-heal|p1a: Garganacl|47/100|[from] item: Leftovers
|upkeep
|
|t:|1778503176
|switch|p2a: Dondozo|Dondozo, M, shiny|64/100 psn
|turn|15
|
|t:|1778503185
|switch|p1a: Minior|Minior-Green|100/100
|-formechange|p1a: Minior|Minior-Meteor||[from] ability: Shields Down
|move|p2a: Dondozo|Wave Crash|p1a: Minior
|-supereffective|p1a: Minior
|-crit|p1a: Minior
|-enditem|p1a: Minior|Focus Sash
|-damage|p1a: Minior|1/100
|-damage|p2a: Dondozo|47/100 psn|[from] Recoil
|
|-damage|p2a: Dondozo|34/100 psn|[from] psn
|-formechange|p1a: Minior|Minior-Green||[from] ability: Shields Down
|upkeep
|turn|16
|
|t:|1778503202
|move|p1a: Minior|Acrobatics|p2a: Dondozo
|-damage|p2a: Dondozo|11/100 psn
|move|p2a: Dondozo|Rest|p2a: Dondozo
|-status|p2a: Dondozo|slp|[from] move: Rest
|-heal|p2a: Dondozo|100/100 slp|[silent]
|
|upkeep
|turn|17
|
|t:|1778503212
|switch|p2a: Gastrodon|Gastrodon, M|100/100
|-damage|p2a: Gastrodon|94/100|[from] Stealth Rock
|-status|p2a: Gastrodon|tox
|move|p1a: Minior|Shell Smash|p1a: Minior
|-unboost|p1a: Minior|def|1
|-unboost|p1a: Minior|spd|1
|-boost|p1a: Minior|atk|2
|-boost|p1a: Minior|spa|2
|-boost|p1a: Minior|spe|2
|
|-heal|p2a: Gastrodon|100/100 tox|[from] item: Leftovers
|-damage|p2a: Gastrodon|94/100 tox|[from] psn
|upkeep
|turn|18
|
|t:|1778503227
|move|p1a: Minior|Acrobatics|p2a: Gastrodon
|-damage|p2a: Gastrodon|0 fnt
|faint|p2a: Gastrodon
|
|upkeep
|
|t:|1778503233
|switch|p2a: Dragonite|Dragonite, F, shiny|100/100
|turn|19
|
|t:|1778503239
|move|p2a: Dragonite|Extreme Speed|p1a: Minior
|-resisted|p1a: Minior
|-damage|p1a: Minior|0 fnt
|faint|p1a: Minior
|
|upkeep
|
|t:|1778503246
|switch|p1a: Corviknight|Corviknight, F|100/100
|-ability|p1a: Corviknight|Pressure
|turn|20
|
|t:|1778503253
|switch|p2a: Gliscor|Gliscor, M|76/100 tox
|-damage|p2a: Gliscor|63/100 tox|[from] Stealth Rock
|move|p1a: Corviknight|Iron Defense|p1a: Corviknight
|-boost|p1a: Corviknight|def|2
|
|-heal|p2a: Gliscor|76/100 tox|[from] ability: Poison Heal
|upkeep
|turn|21
|inactive|DoraaaAjj has 120 seconds left.
|
|t:|1778503285
|move|p2a: Gliscor|Protect|p2a: Gliscor
|-singleturn|p2a: Gliscor|Protect
|move|p1a: Corviknight|Defog|p2a: Gliscor
|-activate|p2a: Gliscor|move: Protect
|
|-heal|p2a: Gliscor|88/100 tox|[from] ability: Poison Heal
|upkeep
|turn|22
|-message|YooChiJin forfeited.
|
|win|DoraaaAjj
|raw|YooChiJin's rating: 1113 &rarr; <strong>1090</strong><br />(-23 for losing)
|raw|DoraaaAjj's rating: 1135 &rarr; <strong>1158</strong><br />(+23 for winning)
|l|☆YooChiJin
|player|p1|
|l|☆DoraaaAjj
|player|p2|
