|html|<div class="broadcast-blue"><strong>[Gen 9] OU is currently suspecting Tera Blast! For information on how to participate check out the <a href="https://www.smogon.com/tools/suspects/view/200">suspect thread</a>.</strong></div>
|j|☆blu-97_v
|j|☆Pig Perfect
|t:|1776085600
|gametype|singles
|player|p1|blu-97_v|hiker-gen4|1576
|player|p2|Pig Perfect|workerice|1524
|gen|9
|tier|[Gen 9] OU
|rated|
|rule|HP Percentage Mod: HP is shown in percentages
|rule|Endless Battle Clause: Forcing endless battles is banned
|rule|Species Clause: Limit one of each Pokémon
|rule|OHKO Clause: OHKO moves are banned
|rule|Evasion Items Clause: Evasion items are banned
|rule|Evasion Moves Clause: Evasion moves are banned
|rule|Evasion Abilities Clause: Evasion abilities are banned
|rule|Sleep Moves Clause: Sleep-inducing moves are banned
|clearpoke
|poke|p1|Darkrai|
|poke|p1|Slowking-Galar, F|
|poke|p1|Great Tusk|
|poke|p1|Moltres|
|poke|p1|Dragonite, F|
|poke|p1|Corviknight, M|
|poke|p2|Iron Leaves|
|poke|p2|Iron Treads|
|poke|p2|Kingambit, F|
|poke|p2|Pawmot, F|
|poke|p2|Pincurchin, F|
|poke|p2|Raging Bolt|
|teampreview
|inactive|Battle timer is ON: inactive players will automatically lose when time's up. (requested by blu-97_v)
|
|t:|1776085628
|teamsize|p1|6
|teamsize|p2|6
|start
|switch|p1a: Great Tusk|Great Tusk|100/100
|switch|p2a: Sew What?|Pincurchin, F|100/100
|-fieldstart|move: Electric Terrain|[from] ability: Electric Surge|[of] p2a: Sew What?
|turn|1
|
|t:|1776085645
|move|p1a: Great Tusk|Stealth Rock|p2a: Sew What?
|-sidestart|p2: Pig Perfect|move: Stealth Rock
|move|p2a: Sew What?|Scald|p1a: Great Tusk
|-supereffective|p1a: Great Tusk
|-damage|p1a: Great Tusk|55/100
|-status|p1a: Great Tusk|brn
|
|-heal|p1a: Great Tusk|62/100 brn|[from] item: Leftovers
|-damage|p1a: Great Tusk|55/100 brn|[from] brn
|upkeep
|turn|2
|
|t:|1776085656
|move|p1a: Great Tusk|Headlong Rush|p2a: Sew What?
|-supereffective|p2a: Sew What?
|-damage|p2a: Sew What?|44/100
|-unboost|p1a: Great Tusk|def|1
|-unboost|p1a: Great Tusk|spd|1
|move|p2a: Sew What?|Spikes|p1a: Great Tusk
|-sidestart|p1: blu-97_v|Spikes
|
|-heal|p1a: Great Tusk|62/100 brn|[from] item: Leftovers
|-damage|p1a: Great Tusk|55/100 brn|[from] brn
|upkeep
|turn|3
|
|t:|1776085683
|move|p1a: Great Tusk|Headlong Rush|p2a: Sew What?
|-supereffective|p2a: Sew What?
|-damage|p2a: Sew What?|0 fnt
|-unboost|p1a: Great Tusk|def|1
|-unboost|p1a: Great Tusk|spd|1
|faint|p2a: Sew What?
|
|-heal|p1a: Great Tusk|62/100 brn|[from] item: Leftovers
|-damage|p1a: Great Tusk|55/100 brn|[from] brn
|upkeep
|inactive|Pig Perfect has 120 seconds left.
|
|t:|1776085694
|switch|p2a: *Leaves Game*|Iron Leaves|100/100
|-damage|p2a: *Leaves Game*|88/100|[from] Stealth Rock
|-activate|p2a: *Leaves Game*|ability: Quark Drive
|-start|p2a: *Leaves Game*|quarkdriveatk
|turn|4
|
|t:|1776085702
|-end|p1a: Great Tusk|Protosynthesis|[silent]
|switch|p1a: Moltres|Moltres|100/100
|move|p2a: *Leaves Game*|Trailblaze|p1a: Moltres
|-resisted|p1a: Moltres
|-damage|p1a: Moltres|94/100
|-boost|p2a: *Leaves Game*|spe|1
|
|upkeep
|turn|5
|
|t:|1776085705
|move|p2a: *Leaves Game*|Wild Charge|p1a: Moltres
|-supereffective|p1a: Moltres
|-damage|p1a: Moltres|9/100
|-damage|p2a: *Leaves Game*|63/100|[from] Recoil
|move|p1a: Moltres|Flamethrower|p2a: *Leaves Game*
|-supereffective|p2a: *Leaves Game*
|-damage|p2a: *Leaves Game*|12/100
|
|upkeep
|turn|6
|
|t:|1776085718
|move|p2a: *Leaves Game*|Psyblade|p1a: Moltres
|-damage|p1a: Moltres|0 fnt
|-status|p2a: *Leaves Game*|brn|[from] ability: Flame Body|[of] p1a: Moltres
|faint|p1a: Moltres
|
|-damage|p2a: *Leaves Game*|6/100 brn|[from] brn
|upkeep
|
|t:|1776085725
|switch|p1a: Dragonite|Dragonite, F|100/100
|turn|7
|
|t:|1776085729
|move|p2a: *Leaves Game*|Psyblade|p1a: Dragonite
|-damage|p1a: Dragonite|74/100
|move|p1a: Dragonite|Dragon Dance|p1a: Dragonite
|-boost|p1a: Dragonite|atk|1
|-boost|p1a: Dragonite|spe|1
|
|-damage|p2a: *Leaves Game*|0 fnt|[from] brn
|faint|p2a: *Leaves Game*
|-end|p2a: *Leaves Game*|Quark Drive|[silent]
|upkeep
|
|t:|1776085732
|switch|p2a: Iron Trunk|Iron Treads|100/100
|-damage|p2a: Iron Trunk|97/100|[from] Stealth Rock
|-item|p2a: Iron Trunk|Air Balloon
|-activate|p2a: Iron Trunk|ability: Quark Drive
|-start|p2a: Iron Trunk|quarkdrivespe
|turn|8
|
|t:|1776085737
|-terastallize|p1a: Dragonite|Normal
|move|p2a: Iron Trunk|Rapid Spin|p1a: Dragonite
|-damage|p1a: Dragonite|63/100
|-boost|p2a: Iron Trunk|spe|1
|-sideend|p2: Pig Perfect|Stealth Rock|[from] move: Rapid Spin|[of] p2a: Iron Trunk
|move|p1a: Dragonite|Roost|p1a: Dragonite
|-heal|p1a: Dragonite|100/100
|
|-fieldend|move: Electric Terrain
|-end|p2a: Iron Trunk|Quark Drive
|upkeep
|turn|9
|
|t:|1776085748
|move|p2a: Iron Trunk|Rapid Spin|p1a: Dragonite
|-damage|p1a: Dragonite|94/100
|-boost|p2a: Iron Trunk|spe|1
|move|p1a: Dragonite|Dragon Dance|p1a: Dragonite
|-boost|p1a: Dragonite|atk|1
|-boost|p1a: Dragonite|spe|1
|
|upkeep
|turn|10
|
|t:|1776085756
|move|p1a: Dragonite|Extreme Speed|p2a: Iron Trunk
|-resisted|p2a: Iron Trunk
|-damage|p2a: Iron Trunk|57/100
|-enditem|p2a: Iron Trunk|Air Balloon
|move|p2a: Iron Trunk|Earth Power|p1a: Dragonite
|-damage|p1a: Dragonite|55/100
|
|upkeep
|turn|11
|
|t:|1776085777
|move|p2a: Iron Trunk|Steel Beam|p1a: Dragonite|[miss]
|-miss|p2a: Iron Trunk|p1a: Dragonite
|-damage|p2a: Iron Trunk|7/100|[from] steelbeam
|move|p1a: Dragonite|Roost|p1a: Dragonite
|-heal|p1a: Dragonite|100/100
|
|upkeep
|turn|12
|inactive|Pig Perfect has 120 seconds left.
|
|t:|1776085800
|move|p1a: Dragonite|Extreme Speed|p2a: Iron Trunk
|-resisted|p2a: Iron Trunk
|-crit|p2a: Iron Trunk
|-damage|p2a: Iron Trunk|0 fnt
|faint|p2a: Iron Trunk
|-end|p2a: Iron Trunk|Quark Drive|[silent]
|
|upkeep
|
|t:|1776085802
|switch|p2a: So ein Mist!|Kingambit, F|100/100
|-activate|p2a: So ein Mist!|ability: Supreme Overlord
|-start|p2a: So ein Mist!|fallen3|[silent]
|turn|13
|
|t:|1776085806
|-terastallize|p2a: So ein Mist!|Ghost
|move|p1a: Dragonite|Earthquake|p2a: So ein Mist!
|-damage|p2a: So ein Mist!|37/100
|move|p2a: So ein Mist!|Low Kick|p1a: Dragonite
|-supereffective|p1a: Dragonite
|-damage|p1a: Dragonite|35/100
|
|-heal|p2a: So ein Mist!|44/100|[from] item: Leftovers
|upkeep
|turn|14
|
|t:|1776085813
|move|p2a: So ein Mist!|Sucker Punch||[still]
|-fail|p2a: So ein Mist!
|move|p1a: Dragonite|Roost|p1a: Dragonite
|-heal|p1a: Dragonite|85/100
|
|-heal|p2a: So ein Mist!|50/100|[from] item: Leftovers
|upkeep
|turn|15
|
|t:|1776085820
|move|p2a: So ein Mist!|Sucker Punch|p1a: Dragonite
|-damage|p1a: Dragonite|31/100
|move|p1a: Dragonite|Earthquake|p2a: So ein Mist!
|-damage|p2a: So ein Mist!|0 fnt
|faint|p2a: So ein Mist!
|-end|p2a: So ein Mist!|fallen3|[silent]
|
|upkeep
|
|t:|1776085823
|switch|p2a: Peak-Chu|Pawmot, F|100/100
|turn|16
|
|t:|1776085830
|move|p2a: Peak-Chu|Mach Punch|p1a: Dragonite
|-supereffective|p1a: Dragonite
|-damage|p1a: Dragonite|0 fnt
|faint|p1a: Dragonite
|
|upkeep
|
|t:|1776085836
|switch|p1a: Darkrai|Darkrai|100/100
|turn|17
|inactive|Pig Perfect has 120 seconds left.
|
|t:|1776085870
|move|p1a: Darkrai|Sludge Bomb|p2a: Peak-Chu
|-damage|p2a: Peak-Chu|42/100
|move|p2a: Peak-Chu|Revival Blessing|p2a: Peak-Chu
|-enditem|p2a: Peak-Chu|Leppa Berry|[eat]
|-activate|p2a: Peak-Chu|item: Leppa Berry|Revival Blessing|[consumed]
|inactive|Pig Perfect has 120 seconds left.
|
|t:|1776085879
|-heal|p2: So ein Mist!|50/100|[from] move: Revival Blessing
|
|upkeep
|turn|18
|
|t:|1776085887
|switch|p2a: So ein Mist!|Kingambit, F|50/100
|-activate|p2a: So ein Mist!|ability: Supreme Overlord
|-start|p2a: So ein Mist!|fallen4|[silent]
|move|p1a: Darkrai|Ice Beam|p2a: So ein Mist!
|-resisted|p2a: So ein Mist!
|-damage|p2a: So ein Mist!|34/100
|
|-heal|p2a: So ein Mist!|40/100|[from] item: Leftovers
|upkeep
|turn|19
|
|t:|1776085891
|move|p1a: Darkrai|Will-O-Wisp|p2a: So ein Mist!
|-status|p2a: So ein Mist!|brn
|move|p2a: So ein Mist!|Low Kick|p1a: Darkrai
|-supereffective|p1a: Darkrai
|-damage|p1a: Darkrai|41/100
|
|-heal|p2a: So ein Mist!|46/100 brn|[from] item: Leftovers
|-damage|p2a: So ein Mist!|40/100 brn|[from] brn
|upkeep
|turn|20
|
|t:|1776085902
|switch|p1a: Great Tusk|Great Tusk|55/100 brn
|-damage|p1a: Great Tusk|43/100 brn|[from] Spikes
|move|p2a: So ein Mist!|Low Kick|p1a: Great Tusk
|-damage|p1a: Great Tusk|22/100 brn
|
|-heal|p1a: Great Tusk|28/100 brn|[from] item: Leftovers
|-heal|p2a: So ein Mist!|46/100 brn|[from] item: Leftovers
|-damage|p1a: Great Tusk|22/100 brn|[from] brn
|-damage|p2a: So ein Mist!|40/100 brn|[from] brn
|upkeep
|turn|21
|
|t:|1776085914
|move|p1a: Great Tusk|Headlong Rush|p2a: So ein Mist!
|-supereffective|p2a: So ein Mist!
|-damage|p2a: So ein Mist!|0 fnt
|-unboost|p1a: Great Tusk|def|1
|-unboost|p1a: Great Tusk|spd|1
|faint|p2a: So ein Mist!
|-end|p2a: So ein Mist!|fallen4|[silent]
|
|-heal|p1a: Great Tusk|28/100 brn|[from] item: Leftovers
|-damage|p1a: Great Tusk|22/100 brn|[from] brn
|upkeep
|
|t:|1776085920
|switch|p2a: Peak-Chu|Pawmot, F|42/100
|turn|22
|
|t:|1776085931
|move|p2a: Peak-Chu|Ice Punch|p1a: Great Tusk
|-supereffective|p1a: Great Tusk
|-damage|p1a: Great Tusk|0 fnt
|faint|p1a: Great Tusk
|-end|p1a: Great Tusk|Protosynthesis|[silent]
|
|upkeep
|
|t:|1776085942
|switch|p1a: Corviknight|Corviknight, M|100/100
|-ability|p1a: Corviknight|Pressure
|turn|23
|
|t:|1776085964
|switch|p2a: Necky's Nuts|Raging Bolt|100/100
|-enditem|p2a: Necky's Nuts|Booster Energy
|-activate|p2a: Necky's Nuts|ability: Protosynthesis|[fromitem]
|-start|p2a: Necky's Nuts|protosynthesisspa
|move|p1a: Corviknight|Iron Defense|p1a: Corviknight
|-boost|p1a: Corviknight|def|2
|
|upkeep
|turn|24
|
|t:|1776085973
|move|p2a: Necky's Nuts|Rising Voltage|p1a: Corviknight
|-supereffective|p1a: Corviknight
|-damage|p1a: Corviknight|0 fnt
|faint|p1a: Corviknight
|
|upkeep
|
|t:|1776085976
|switch|p1a: Slowking|Slowking-Galar, F|100/100
|turn|25
|
|t:|1776085984
|move|p2a: Necky's Nuts|Rising Voltage|p1a: Slowking
|-damage|p1a: Slowking|71/100
|move|p1a: Slowking|Sludge Bomb|p2a: Necky's Nuts
|-damage|p2a: Necky's Nuts|70/100
|-status|p2a: Necky's Nuts|psn
|
|-damage|p2a: Necky's Nuts|57/100 psn|[from] psn
|upkeep
|turn|26
|
|t:|1776085988
|move|p2a: Necky's Nuts|Dragon Pulse|p1a: Slowking
|-damage|p1a: Slowking|35/100
|move|p1a: Slowking|Future Sight|p2a: Necky's Nuts
|-start|p1a: Slowking|move: Future Sight
|
|-damage|p2a: Necky's Nuts|45/100 psn|[from] psn
|upkeep
|turn|27
|
|t:|1776085997
|switch|p1a: Darkrai|Darkrai|41/100
|move|p2a: Necky's Nuts|Dragon Pulse|p1a: Darkrai
|-damage|p1a: Darkrai|0 fnt
|faint|p1a: Darkrai
|
|-damage|p2a: Necky's Nuts|32/100 psn|[from] psn
|upkeep
|
|t:|1776085999
|switch|p1a: Slowking|Slowking-Galar, F|68/100
|turn|28
|
|t:|1776086012
|move|p2a: Necky's Nuts|Dragon Pulse|p1a: Slowking
|-damage|p1a: Slowking|28/100
|move|p1a: Slowking|Sludge Bomb|p2a: Necky's Nuts
|-damage|p2a: Necky's Nuts|0 fnt
|faint|p2a: Necky's Nuts
|-end|p2a: Necky's Nuts|Protosynthesis|[silent]
|
|-hint|Future Sight did not hit because the target is fainted.
|upkeep
|
|t:|1776086018
|switch|p2a: Peak-Chu|Pawmot, F|42/100
|turn|29
|
|t:|1776086020
|move|p2a: Peak-Chu|Double Shock|p1a: Slowking
|-damage|p1a: Slowking|0 fnt
|-start|p2a: Peak-Chu|typechange|???/Fighting|[from] move: Double Shock
|faint|p1a: Slowking
|
|win|Pig Perfect
|raw|blu-97_v's rating: 1552 &rarr; <strong>1530</strong><br />(-22 for losing)
|raw|Pig Perfect's rating: 1524 &rarr; <strong>1546</strong><br />(+22 for winning)
|c|☆Pig Perfect|gg
|c|☆blu-97_v|gg a dick
|l|☆blu-97_v
|player|p1|
|l|☆Pig Perfect
|player|p2|
