|html|<div class="broadcast-blue"><strong>[Gen 9] OU is currently suspecting Tera Blast! For information on how to participate check out the <a href="https://www.smogon.com/tools/suspects/view/200">suspect thread</a>.</strong></div>
|j|☆amimec
|j|☆bettercalltilin
|t:|1776102912
|gametype|singles
|player|p1|amimec|eusine|1672
|player|p2|bettercalltilin|102|1624
|gen|9
|tier|[Gen 9] OU
|rated|
|rule|HP Percentage Mod: HP is shown in percentages
|rule|Endless Battle Clause: Forcing endless battles is banned
|rule|Species Clause: Limit one of each Pokémon
|rule|OHKO Clause: OHKO moves are banned
|rule|Evasion Items Clause: Evasion items are banned
|rule|Evasion Moves Clause: Evasion moves are banned
|rule|Evasion Abilities Clause: Evasion abilities are banned
|rule|Sleep Moves Clause: Sleep-inducing moves are banned
|clearpoke
|poke|p1|Meowscarada, F|
|poke|p1|Pecharunt|
|poke|p1|Enamorus, F|
|poke|p1|Iron Treads|
|poke|p1|Skarmory, F|
|poke|p1|Slowking, F|
|poke|p2|Maushold|
|poke|p2|Ogerpon-Wellspring, F|
|poke|p2|Kommo-o, F|
|poke|p2|Ninetales-Alola, M|
|poke|p2|Kyurem|
|poke|p2|Gholdengo|
|teampreview
|
|t:|1776102934
|teamsize|p1|6
|teamsize|p2|6
|start
|switch|p1a: Skarmory|Skarmory, F|100/100
|switch|p2a: Ogerpon|Ogerpon-Wellspring, F|100/100
|turn|1
|
|t:|1776102942
|move|p2a: Ogerpon|Ivy Cudgel|p1a: Skarmory|[anim] Ivy Cudgel Water
|-damage|p1a: Skarmory|67/100
|move|p1a: Skarmory|Iron Defense|p1a: Skarmory
|-boost|p1a: Skarmory|def|2
|
|upkeep
|turn|2
|
|t:|1776102948
|move|p2a: Ogerpon|U-turn|p1a: Skarmory
|-resisted|p1a: Skarmory
|-damage|p1a: Skarmory|65/100
|
|t:|1776102950
|switch|p2a: Gholdengo|Gholdengo|100/100|[from] U-turn
|move|p1a: Skarmory|Spikes|p2a: Gholdengo
|-sidestart|p2: bettercalltilin|Spikes
|
|upkeep
|turn|3
|
|t:|1776102955
|switch|p1a: Iron Treads|Iron Treads|100/100
|move|p2a: Gholdengo|Nasty Plot|p2a: Gholdengo
|-boost|p2a: Gholdengo|spa|2
|
|upkeep
|turn|4
|
|t:|1776102959
|move|p1a: Iron Treads|Knock Off|p2a: Gholdengo
|-supereffective|p2a: Gholdengo
|-damage|p2a: Gholdengo|63/100
|-enditem|p2a: Gholdengo|Leftovers|[from] move: Knock Off|[of] p1a: Iron Treads
|move|p2a: Gholdengo|Shadow Ball|p1a: Iron Treads
|-damage|p1a: Iron Treads|39/100
|
|-heal|p1a: Iron Treads|45/100|[from] item: Leftovers
|upkeep
|turn|5
|
|t:|1776102966
|switch|p2a: Ogerpon|Ogerpon-Wellspring, F|100/100
|-damage|p2a: Ogerpon|88/100|[from] Spikes
|move|p1a: Iron Treads|Earthquake|p2a: Ogerpon
|-resisted|p2a: Ogerpon
|-damage|p2a: Ogerpon|62/100
|
|-heal|p1a: Iron Treads|51/100|[from] item: Leftovers
|upkeep
|turn|6
|inactive|Battle timer is ON: inactive players will automatically lose when time's up. (requested by bettercalltilin)
|
|t:|1776102977
|-end|p1a: Iron Treads|Quark Drive|[silent]
|switch|p1a: Meowscarada|Meowscarada, F|100/100
|move|p2a: Ogerpon|Knock Off|p1a: Meowscarada
|-resisted|p1a: Meowscarada
|-damage|p1a: Meowscarada|69/100
|-enditem|p1a: Meowscarada|Choice Band|[from] move: Knock Off|[of] p2a: Ogerpon
|
|upkeep
|turn|7
|
|t:|1776102982
|switch|p2a: Ninetales|Ninetales-Alola, M|100/100
|-damage|p2a: Ninetales|88/100|[from] Spikes
|-weather|Snowscape|[from] ability: Snow Warning|[of] p2a: Ninetales
|move|p1a: Meowscarada|U-turn|p2a: Ninetales
|-start|p1a: Meowscarada|typechange|Bug|[from] ability: Protean
|-resisted|p2a: Ninetales
|-crit|p2a: Ninetales
|-damage|p2a: Ninetales|68/100
|j| Metallic Symphony
|l| Metallic Symphony
|
|t:|1776102987
|switch|p1a: Iron Treads|Iron Treads|51/100|[from] U-turn
|
|-weather|Snowscape|[upkeep]
|-heal|p1a: Iron Treads|57/100|[from] item: Leftovers
|upkeep
|turn|8
|
|t:|1776102994
|move|p2a: Ninetales|Aurora Veil|p2a: Ninetales
|-sidestart|p2: bettercalltilin|move: Aurora Veil
|move|p1a: Iron Treads|Knock Off|p2a: Ninetales
|-resisted|p2a: Ninetales
|-damage|p2a: Ninetales|63/100
|-enditem|p2a: Ninetales|Light Clay|[from] move: Knock Off|[of] p1a: Iron Treads
|
|-weather|Snowscape|[upkeep]
|-heal|p1a: Iron Treads|63/100|[from] item: Leftovers
|upkeep
|turn|9
|
|t:|1776102999
|switch|p2a: Ogerpon|Ogerpon-Wellspring, F|62/100
|-damage|p2a: Ogerpon|50/100|[from] Spikes
|move|p1a: Iron Treads|Stealth Rock|p2a: Ogerpon
|-sidestart|p2: bettercalltilin|move: Stealth Rock
|
|-weather|Snowscape|[upkeep]
|-heal|p1a: Iron Treads|69/100|[from] item: Leftovers
|upkeep
|turn|10
|
|t:|1776103003
|-end|p1a: Iron Treads|Quark Drive|[silent]
|switch|p1a: Skarmory|Skarmory, F|65/100
|move|p2a: Ogerpon|U-turn|p1a: Skarmory
|-resisted|p1a: Skarmory
|-damage|p1a: Skarmory|61/100
|
|t:|1776103005
|switch|p2a: Maushold|Maushold|100/100|[from] U-turn
|-damage|p2a: Maushold|88/100|[from] Spikes
|-damage|p2a: Maushold|76/100|[from] Stealth Rock
|
|-weather|Snowscape|[upkeep]
|upkeep
|turn|11
|
|t:|1776103009
|move|p2a: Maushold|Tidy Up|p2a: Maushold
|-sideend|p2: bettercalltilin|Spikes
|-sideend|p2: bettercalltilin|Stealth Rock
|-activate|p2a: Maushold|move: Tidy Up
|-boost|p2a: Maushold|atk|1
|-boost|p2a: Maushold|spe|1
|move|p1a: Skarmory|Body Press|p2a: Maushold
|-supereffective|p2a: Maushold
|-damage|p2a: Maushold|27/100
|
|-weather|none
|upkeep
|turn|12
|
|t:|1776103016
|switch|p2a: Gholdengo|Gholdengo|63/100
|switch|p1a: Pecharunt|Pecharunt|100/100
|
|upkeep
|turn|13
|
|t:|1776103019
|switch|p1a: Iron Treads|Iron Treads|69/100
|move|p2a: Gholdengo|Shadow Ball|p1a: Iron Treads
|-damage|p1a: Iron Treads|37/100
|
|-heal|p1a: Iron Treads|43/100|[from] item: Leftovers
|upkeep
|turn|14
|
|t:|1776103023
|switch|p2a: Ogerpon|Ogerpon-Wellspring, F|50/100
|move|p1a: Iron Treads|Earthquake|p2a: Ogerpon
|-resisted|p2a: Ogerpon
|-damage|p2a: Ogerpon|36/100
|
|-heal|p1a: Iron Treads|49/100|[from] item: Leftovers
|upkeep
|turn|15
|
|t:|1776103027
|-end|p1a: Iron Treads|Quark Drive|[silent]
|switch|p1a: Pecharunt|Pecharunt|100/100
|move|p2a: Ogerpon|Ivy Cudgel|p1a: Pecharunt|[anim] Ivy Cudgel Water
|-damage|p1a: Pecharunt|73/100
|
|-sideend|p2: bettercalltilin|move: Aurora Veil
|upkeep
|turn|16
|
|t:|1776103031
|move|p2a: Ogerpon|U-turn|p1a: Pecharunt
|-resisted|p1a: Pecharunt
|-damage|p1a: Pecharunt|70/100
|-damage|p2a: Ogerpon|20/100|[from] item: Rocky Helmet|[of] p1a: Pecharunt
|
|t:|1776103036
|switch|p2a: Gholdengo|Gholdengo|63/100|[from] U-turn
|move|p1a: Pecharunt|Recover|p1a: Pecharunt
|-heal|p1a: Pecharunt|100/100
|
|upkeep
|turn|17
|
|t:|1776103040
|switch|p1a: Iron Treads|Iron Treads|49/100
|move|p2a: Gholdengo|Shadow Ball|p1a: Iron Treads
|-damage|p1a: Iron Treads|19/100
|-unboost|p1a: Iron Treads|spd|1
|
|-heal|p1a: Iron Treads|25/100|[from] item: Leftovers
|upkeep
|turn|18
|
|t:|1776103046
|move|p1a: Iron Treads|Earthquake|p2a: Gholdengo
|-supereffective|p2a: Gholdengo
|-damage|p2a: Gholdengo|11/100
|move|p2a: Gholdengo|Shadow Ball|p1a: Iron Treads
|-damage|p1a: Iron Treads|0 fnt
|faint|p1a: Iron Treads
|-end|p1a: Iron Treads|Quark Drive|[silent]
|
|upkeep
|
|t:|1776103049
|switch|p1a: Meowscarada|Meowscarada, F|69/100
|turn|19
|
|t:|1776103069
|switch|p2a: Ogerpon|Ogerpon-Wellspring, F|20/100
|move|p1a: Meowscarada|Flower Trick|p2a: Ogerpon
|-start|p1a: Meowscarada|typechange|Grass|[from] ability: Protean
|-crit|p2a: Ogerpon
|-damage|p2a: Ogerpon|0 fnt
|faint|p2a: Ogerpon
|
|upkeep
|
|t:|1776103074
|switch|p2a: Ninetales|Ninetales-Alola, M|63/100
|-weather|Snowscape|[from] ability: Snow Warning|[of] p2a: Ninetales
|turn|20
|
|t:|1776103077
|move|p1a: Meowscarada|Flower Trick|p2a: Ninetales
|-crit|p2a: Ninetales
|-damage|p2a: Ninetales|20/100
|move|p2a: Ninetales|Aurora Veil|p2a: Ninetales
|-sidestart|p2: bettercalltilin|move: Aurora Veil
|
|-weather|Snowscape|[upkeep]
|upkeep
|turn|21
|
|t:|1776103084
|switch|p2a: Kyurem|Kyurem, shiny|100/100
|-ability|p2a: Kyurem|Pressure
|move|p1a: Meowscarada|U-turn|p2a: Kyurem
|-damage|p2a: Kyurem|93/100
|
|t:|1776103087
|switch|p1a: Pecharunt|Pecharunt|100/100|[from] U-turn
|
|-weather|Snowscape|[upkeep]
|upkeep
|turn|22
|
|t:|1776103092
|switch|p2a: Gholdengo|Gholdengo|11/100
|move|p1a: Pecharunt|Parting Shot|p2a: Gholdengo
|-immune|p2a: Gholdengo|[from] ability: Good as Gold
|
|-weather|Snowscape|[upkeep]
|upkeep
|turn|23
|
|t:|1776103096
|switch|p1a: Slowking|Slowking, F|100/100
|move|p2a: Gholdengo|Recover|p2a: Gholdengo
|-heal|p2a: Gholdengo|61/100
|
|-weather|Snowscape|[upkeep]
|upkeep
|turn|24
|
|t:|1776103103
|move|p2a: Gholdengo|Nasty Plot|p2a: Gholdengo
|-boost|p2a: Gholdengo|spa|2
|move|p1a: Slowking|Fire Blast|p2a: Gholdengo
|-supereffective|p2a: Gholdengo
|-damage|p2a: Gholdengo|34/100
|
|-weather|none
|-sideend|p2: bettercalltilin|move: Aurora Veil
|upkeep
|turn|25
|
|t:|1776103112
|switch|p1a: Skarmory|Skarmory, F|61/100
|move|p2a: Gholdengo|Shadow Ball|p1a: Skarmory
|-damage|p1a: Skarmory|0 fnt
|faint|p1a: Skarmory
|
|upkeep
|
|t:|1776103116
|switch|p1a: Meowscarada|Meowscarada, F|69/100
|turn|26
|
|t:|1776103127
|switch|p2a: Maushold|Maushold|27/100
|move|p1a: Meowscarada|Knock Off|p2a: Maushold
|-start|p1a: Meowscarada|typechange|Dark|[from] ability: Protean
|-damage|p2a: Maushold|0 fnt
|-enditem|p2a: Maushold|Wide Lens|[from] move: Knock Off|[of] p1a: Meowscarada
|faint|p2a: Maushold
|
|upkeep
|inactive|bettercalltilin has 120 seconds left.
|
|t:|1776103154
|switch|p2a: Kommo-o|Kommo-o, F, shiny|100/100
|turn|27
|
|t:|1776103161
|-terastallize|p2a: Kommo-o|Poison
|move|p1a: Meowscarada|Triple Axel|p2a: Kommo-o
|-damage|p2a: Kommo-o|95/100
|-damage|p2a: Kommo-o|85/100
|-damage|p2a: Kommo-o|71/100
|-hitcount|p2a: Kommo-o|3
|move|p2a: Kommo-o|Clangorous Soul|p2a: Kommo-o
|-boost|p2a: Kommo-o|atk|1
|-boost|p2a: Kommo-o|def|1
|-boost|p2a: Kommo-o|spa|1
|-boost|p2a: Kommo-o|spd|1
|-boost|p2a: Kommo-o|spe|1
|-damage|p2a: Kommo-o|38/100
|
|-heal|p2a: Kommo-o|44/100|[from] item: Leftovers
|upkeep
|turn|28
|
|t:|1776103168
|move|p2a: Kommo-o|Drain Punch|p1a: Meowscarada
|-supereffective|p1a: Meowscarada
|-damage|p1a: Meowscarada|0 fnt
|-heal|p2a: Kommo-o|73/100|[from] drain|[of] p1a: Meowscarada
|faint|p1a: Meowscarada
|
|-heal|p2a: Kommo-o|79/100|[from] item: Leftovers
|upkeep
|
|t:|1776103177
|switch|p1a: Slowking|Slowking, F|100/100
|turn|29
|
|t:|1776103192
|move|p2a: Kommo-o|Shadow Claw|p1a: Slowking
|-supereffective|p1a: Slowking
|-damage|p1a: Slowking|54/100
|move|p1a: Slowking|Psyshock|p2a: Kommo-o
|-supereffective|p2a: Kommo-o
|-damage|p2a: Kommo-o|45/100
|
|-heal|p2a: Kommo-o|51/100|[from] item: Leftovers
|upkeep
|turn|30
|
|t:|1776103198
|move|p2a: Kommo-o|Bulk Up|p2a: Kommo-o
|-boost|p2a: Kommo-o|atk|1
|-boost|p2a: Kommo-o|def|1
|move|p1a: Slowking|Psyshock|p2a: Kommo-o
|-supereffective|p2a: Kommo-o
|-damage|p2a: Kommo-o|25/100
|
|-heal|p2a: Kommo-o|31/100|[from] item: Leftovers
|upkeep
|turn|31
|
|t:|1776103214
|move|p2a: Kommo-o|Shadow Claw|p1a: Slowking
|-supereffective|p1a: Slowking
|-damage|p1a: Slowking|0 fnt
|faint|p1a: Slowking
|
|-heal|p2a: Kommo-o|38/100|[from] item: Leftovers
|upkeep
|
|t:|1776103216
|switch|p1a: Enamorus|Enamorus, F|100/100
|turn|32
|
|t:|1776103227
|move|p1a: Enamorus|Earth Power|p2a: Kommo-o
|-supereffective|p2a: Kommo-o
|-damage|p2a: Kommo-o|0 fnt
|faint|p2a: Kommo-o
|
|upkeep
|
|t:|1776103237
|switch|p2a: Kyurem|Kyurem, shiny|93/100
|-ability|p2a: Kyurem|Pressure
|turn|33
|
|t:|1776103240
|switch|p1a: Pecharunt|Pecharunt|100/100
|move|p2a: Kyurem|Icicle Spear|p1a: Pecharunt
|-damage|p1a: Pecharunt|93/100
|-damage|p1a: Pecharunt|86/100
|-damage|p1a: Pecharunt|79/100
|-damage|p1a: Pecharunt|72/100
|-damage|p1a: Pecharunt|65/100
|-hitcount|p1a: Pecharunt|5
|
|upkeep
|turn|34
|
|t:|1776103244
|switch|p2a: Ninetales|Ninetales-Alola, M|20/100
|-weather|Snowscape|[from] ability: Snow Warning|[of] p2a: Ninetales
|move|p1a: Pecharunt|Foul Play|p2a: Ninetales
|-resisted|p2a: Ninetales
|-damage|p2a: Ninetales|14/100
|
|-weather|Snowscape|[upkeep]
|upkeep
|turn|35
|
|t:|1776103248
|move|p2a: Ninetales|Aurora Veil|p2a: Ninetales
|-sidestart|p2: bettercalltilin|move: Aurora Veil
|move|p1a: Pecharunt|Parting Shot|p2a: Ninetales
|-unboost|p2a: Ninetales|atk|1
|-unboost|p2a: Ninetales|spa|1
|
|t:|1776103250
|switch|p1a: Enamorus|Enamorus, F|100/100|[from] Parting Shot
|
|-weather|Snowscape|[upkeep]
|upkeep
|turn|36
|
|t:|1776103257
|switch|p1a: Pecharunt|Pecharunt|65/100
|move|p2a: Ninetales|Freeze-Dry|p1a: Pecharunt
|-damage|p1a: Pecharunt|53/100
|
|-weather|Snowscape|[upkeep]
|upkeep
|turn|37
|
|t:|1776103262
|move|p2a: Ninetales|Moonblast|p1a: Pecharunt
|-resisted|p1a: Pecharunt
|-damage|p1a: Pecharunt|44/100
|-unboost|p1a: Pecharunt|spa|1
|move|p1a: Pecharunt|Parting Shot|p2a: Ninetales
|-unboost|p2a: Ninetales|atk|1
|-unboost|p2a: Ninetales|spa|1
|
|t:|1776103265
|switch|p1a: Enamorus|Enamorus, F|100/100|[from] Parting Shot
|
|-weather|Snowscape|[upkeep]
|upkeep
|turn|38
|
|t:|1776103270
|switch|p1a: Pecharunt|Pecharunt|44/100
|move|p2a: Ninetales|Freeze-Dry|p1a: Pecharunt
|-damage|p1a: Pecharunt|33/100
|
|-weather|none
|upkeep
|turn|39
|
|t:|1776103272
|switch|p2a: Kyurem|Kyurem, shiny|93/100
|-ability|p2a: Kyurem|Pressure
|switch|p1a: Enamorus|Enamorus, F|100/100
|
|-sideend|p2: bettercalltilin|move: Aurora Veil
|upkeep
|turn|40
|
|t:|1776103276
|switch|p2a: Ninetales|Ninetales-Alola, M|14/100
|-weather|Snowscape|[from] ability: Snow Warning|[of] p2a: Ninetales
|-terastallize|p1a: Enamorus|Fairy
|move|p1a: Enamorus|Moonblast|p2a: Ninetales
|-damage|p2a: Ninetales|0 fnt
|faint|p2a: Ninetales
|
|-weather|Snowscape|[upkeep]
|upkeep
|
|t:|1776103284
|switch|p2a: Gholdengo|Gholdengo|34/100
|turn|41
|
|t:|1776103287
|move|p1a: Enamorus|Moonblast|p2a: Gholdengo
|-resisted|p2a: Gholdengo
|-damage|p2a: Gholdengo|0 fnt
|faint|p2a: Gholdengo
|
|-weather|Snowscape|[upkeep]
|upkeep
|
|t:|1776103289
|switch|p2a: Kyurem|Kyurem, shiny|93/100
|-ability|p2a: Kyurem|Pressure
|turn|42
|
|t:|1776103291
|move|p1a: Enamorus|Moonblast|p2a: Kyurem
|-supereffective|p2a: Kyurem
|-damage|p2a: Kyurem|0 fnt
|faint|p2a: Kyurem
|
|win|amimec
|raw|amimec's rating: 1672 &rarr; <strong>1689</strong><br />(+17 for winning)
|raw|bettercalltilin's rating: 1624 &rarr; <strong>1607</strong><br />(-17 for losing)
|l|☆amimec
|player|p1|
|l|☆bettercalltilin
|player|p2|
