|html|<div class="broadcast-blue"><strong>[Gen 9] OU is currently suspecting Tera Blast! For information on how to participate check out the <a href="https://www.smogon.com/tools/suspects/view/200">suspect thread</a>.</strong></div>
|j|‽mininacho44
|j|☆Cinder Stan!
|t:|1776142174
|gametype|singles
|player|p1|mininacho44|265|1140
|player|p2|Cinder Stan!|emmet|1161
|gen|9
|tier|[Gen 9] OU
|rated|
|rule|HP Percentage Mod: HP is shown in percentages
|rule|Endless Battle Clause: Forcing endless battles is banned
|rule|Species Clause: Limit one of each Pokémon
|rule|OHKO Clause: OHKO moves are banned
|rule|Evasion Items Clause: Evasion items are banned
|rule|Evasion Moves Clause: Evasion moves are banned
|rule|Evasion Abilities Clause: Evasion abilities are banned
|rule|Sleep Moves Clause: Sleep-inducing moves are banned
|clearpoke
|poke|p1|Exeggutor-Alola, M|
|poke|p1|Cacturne, M|
|poke|p1|Seviper, F|
|poke|p1|Hippowdon, F|
|poke|p1|Appletun, M|
|poke|p1|Spidops, F|
|poke|p2|Cinderace, F|
|poke|p2|Meowscarada, M|
|poke|p2|Ogerpon-Wellspring, F|
|poke|p2|Kingambit, M|
|poke|p2|Gholdengo|
|poke|p2|Iron Valiant|
|teampreview
|
|t:|1776142181
|teamsize|p1|6
|teamsize|p2|6
|start
|switch|p1a: Cacturne|Cacturne, M|100/100
|switch|p2a: Ogerpon|Ogerpon-Wellspring, F|100/100
|turn|1
|
|t:|1776142188
|move|p2a: Ogerpon|Swords Dance|p2a: Ogerpon
|-boost|p2a: Ogerpon|atk|2
|move|p1a: Cacturne|Swords Dance|p1a: Cacturne
|-boost|p1a: Cacturne|atk|2
|
|upkeep
|turn|2
|
|t:|1776142199
|move|p1a: Cacturne|Sucker Punch|p2a: Ogerpon
|-damage|p2a: Ogerpon|12/100
|move|p2a: Ogerpon|Horn Leech|p1a: Cacturne
|-resisted|p1a: Cacturne
|-damage|p1a: Cacturne|28/100
|-heal|p2a: Ogerpon|53/100|[from] drain|[of] p1a: Cacturne
|
|upkeep
|turn|3
|
|t:|1776142213
|move|p2a: Ogerpon|Spiky Shield|p2a: Ogerpon
|-singleturn|p2a: Ogerpon|move: Protect
|move|p1a: Cacturne|Sucker Punch||[still]
|-fail|p1a: Cacturne
|
|upkeep
|turn|4
|
|t:|1776142219
|move|p1a: Cacturne|Sucker Punch||[still]
|-fail|p1a: Cacturne
|move|p2a: Ogerpon|Swords Dance|p2a: Ogerpon
|-boost|p2a: Ogerpon|atk|2
|
|upkeep
|turn|5
|
|t:|1776142226
|move|p2a: Ogerpon|Spiky Shield|p2a: Ogerpon
|-singleturn|p2a: Ogerpon|move: Protect
|move|p1a: Cacturne|Sucker Punch||[still]
|-fail|p1a: Cacturne
|
|upkeep
|turn|6
|
|t:|1776142230
|move|p1a: Cacturne|Sucker Punch||[still]
|-fail|p1a: Cacturne
|move|p2a: Ogerpon|Swords Dance|p2a: Ogerpon
|-boost|p2a: Ogerpon|atk|2
|
|upkeep
|turn|7
|
|t:|1776142237
|move|p2a: Ogerpon|Spiky Shield|p2a: Ogerpon
|-singleturn|p2a: Ogerpon|move: Protect
|move|p1a: Cacturne|Sucker Punch||[still]
|-fail|p1a: Cacturne
|
|upkeep
|turn|8
|
|t:|1776142244
|move|p2a: Ogerpon|Swords Dance|p2a: Ogerpon
|-boost|p2a: Ogerpon|atk|0
|move|p1a: Cacturne|Knock Off|p2a: Ogerpon
|-damage|p2a: Ogerpon|0 fnt
|faint|p2a: Ogerpon
|
|upkeep
|
|t:|1776142251
|switch|p2a: Meowscarada|Meowscarada, M|100/100
|turn|9
|
|t:|1776142256
|move|p1a: Cacturne|Sucker Punch|p2a: Meowscarada
|-resisted|p2a: Meowscarada
|-damage|p2a: Meowscarada|45/100
|move|p2a: Meowscarada|Play Rough|p1a: Cacturne
|-start|p2a: Meowscarada|typechange|Fairy|[from] ability: Protean
|-supereffective|p1a: Cacturne
|-damage|p1a: Cacturne|0 fnt
|faint|p1a: Cacturne
|
|upkeep
|
|t:|1776142275
|switch|p1a: Seviper|Seviper, F|100/100
|turn|10
|
|t:|1776142283
|switch|p2a: Gholdengo|Gholdengo|100/100
|-item|p2a: Gholdengo|Air Balloon
|move|p1a: Seviper|Flamethrower|p2a: Gholdengo
|-supereffective|p2a: Gholdengo
|-damage|p2a: Gholdengo|38/100
|-enditem|p2a: Gholdengo|Air Balloon
|
|upkeep
|turn|11
|
|t:|1776142292
|move|p1a: Seviper|Flamethrower|p2a: Gholdengo
|-supereffective|p2a: Gholdengo
|-damage|p2a: Gholdengo|0 fnt
|faint|p2a: Gholdengo
|
|upkeep
|
|t:|1776142316
|switch|p2a: Cinderace|Cinderace, F|100/100
|turn|12
|
|t:|1776142326
|switch|p1a: Spidops|Spidops, F|100/100
|-terastallize|p2a: Cinderace|Fire
|move|p2a: Cinderace|Pyro Ball|p1a: Spidops
|-supereffective|p1a: Spidops
|-damage|p1a: Spidops|0 fnt
|faint|p1a: Spidops
|
|upkeep
|
|t:|1776142334
|switch|p1a: Hippowdon|Hippowdon, F|100/100
|-weather|Sandstorm|[from] ability: Sand Stream|[of] p1a: Hippowdon
|turn|13
|
|t:|1776142340
|switch|p2a: Meowscarada|Meowscarada, M|45/100
|move|p1a: Hippowdon|Curse|p1a: Hippowdon
|-unboost|p1a: Hippowdon|spe|1
|-boost|p1a: Hippowdon|atk|1
|-boost|p1a: Hippowdon|def|1
|
|-weather|Sandstorm|[upkeep]
|-damage|p2a: Meowscarada|39/100|[from] Sandstorm
|upkeep
|turn|14
|
|t:|1776142398
|move|p2a: Meowscarada|Flower Trick|p1a: Hippowdon
|-start|p2a: Meowscarada|typechange|Grass|[from] ability: Protean
|-supereffective|p1a: Hippowdon
|-crit|p1a: Hippowdon
|-damage|p1a: Hippowdon|43/100
|move|p1a: Hippowdon|Earthquake|p2a: Meowscarada
|-resisted|p2a: Meowscarada
|-damage|p2a: Meowscarada|0 fnt
|faint|p2a: Meowscarada
|
|-weather|Sandstorm|[upkeep]
|-heal|p1a: Hippowdon|50/100|[from] item: Leftovers
|upkeep
|
|t:|1776142412
|switch|p2a: Iron Valiant|Iron Valiant|100/100
|-enditem|p2a: Iron Valiant|Booster Energy
|-activate|p2a: Iron Valiant|ability: Quark Drive|[fromitem]
|-start|p2a: Iron Valiant|quarkdrivespe
|turn|15
|
|t:|1776142442
|move|p2a: Iron Valiant|Aura Sphere|p1a: Hippowdon
|-damage|p1a: Hippowdon|8/100
|move|p1a: Hippowdon|Earthquake|p2a: Iron Valiant
|-damage|p2a: Iron Valiant|30/100
|
|-weather|Sandstorm|[upkeep]
|-damage|p2a: Iron Valiant|23/100|[from] Sandstorm
|-heal|p1a: Hippowdon|14/100|[from] item: Leftovers
|upkeep
|turn|16
|
|t:|1776142496
|move|p2a: Iron Valiant|Shadow Ball|p1a: Hippowdon
|-damage|p1a: Hippowdon|0 fnt
|faint|p1a: Hippowdon
|
|-weather|Sandstorm|[upkeep]
|-damage|p2a: Iron Valiant|17/100|[from] Sandstorm
|upkeep
|
|t:|1776142498
|switch|p1a: Seviper|Seviper, F|100/100
|turn|17
|
|t:|1776142507
|move|p2a: Iron Valiant|Shadow Ball|p1a: Seviper
|-damage|p1a: Seviper|57/100
|move|p1a: Seviper|Flamethrower|p2a: Iron Valiant
|-damage|p2a: Iron Valiant|0 fnt
|faint|p2a: Iron Valiant
|-end|p2a: Iron Valiant|Quark Drive|[silent]
|
|-weather|none
|upkeep
|
|t:|1776142512
|switch|p2a: Cinderace|Cinderace, F, tera:Fire|100/100
|turn|18
|
|t:|1776142548
|switch|p1a: Appletun|Appletun, M|100/100
|move|p2a: Cinderace|Pyro Ball|p1a: Appletun
|-damage|p1a: Appletun|63/100
|-status|p1a: Appletun|brn
|
|-heal|p1a: Appletun|69/100 brn|[from] item: Leftovers
|-damage|p1a: Appletun|63/100 brn|[from] brn
|upkeep
|turn|19
|
|t:|1776142576
|move|p2a: Cinderace|Gunk Shot|p1a: Appletun
|-supereffective|p1a: Appletun
|-damage|p1a: Appletun|0 fnt
|faint|p1a: Appletun
|
|upkeep
|inactive|Battle timer is ON: inactive players will automatically lose when time's up. (requested by Cinder Stan!)
|
|t:|1776142610
|switch|p1a: Seviper|Seviper, F|57/100
|turn|20
|
|t:|1776142613
|move|p1a: Seviper|Gunk Shot|p2a: Cinderace
|-damage|p2a: Cinderace|42/100
|move|p2a: Cinderace|Pyro Ball|p1a: Seviper|[miss]
|-miss|p2a: Cinderace|p1a: Seviper
|
|upkeep
|turn|21
|
|t:|1776142619
|move|p1a: Seviper|Gunk Shot|p2a: Cinderace
|-damage|p2a: Cinderace|0 fnt
|faint|p2a: Cinderace
|
|upkeep
|
|t:|1776142622
|switch|p2a: Kingambit|Kingambit, M|100/100
|-activate|p2a: Kingambit|ability: Supreme Overlord
|-start|p2a: Kingambit|fallen5|[silent]
|turn|22
|
|t:|1776142632
|switch|p1a: Exeggutor|Exeggutor-Alola, M|100/100
|-item|p2a: Kingambit|Focus Sash|[from] ability: Frisk|[of] p1a: Exeggutor
|move|p2a: Kingambit|Swords Dance|p2a: Kingambit
|-boost|p2a: Kingambit|atk|2
|
|upkeep
|turn|23
|inactive|mininacho44 has 120 seconds left.
|
|t:|1776142686
|-terastallize|p1a: Exeggutor|Fire
|move|p2a: Kingambit|Kowtow Cleave|p1a: Exeggutor
|-damage|p1a: Exeggutor|0 fnt
|faint|p1a: Exeggutor
|
|upkeep
|inactive|mininacho44 has 90 seconds left.
|
|t:|1776142705
|switch|p1a: Seviper|Seviper, F|57/100
|turn|24
|
|t:|1776142715
|move|p2a: Kingambit|Sucker Punch||[still]
|-fail|p2a: Kingambit
|move|p1a: Seviper|Switcheroo|p2a: Kingambit
|-activate|p1a: Seviper|move: Trick|[of] p2a: Kingambit
|-item|p2a: Kingambit|Choice Scarf|[from] move: Switcheroo
|-item|p1a: Seviper|Focus Sash|[from] move: Switcheroo
|
|upkeep
|turn|25
|
|t:|1776142732
|move|p1a: Seviper|Switcheroo|p2a: Kingambit
|-activate|p1a: Seviper|move: Trick|[of] p2a: Kingambit
|-item|p2a: Kingambit|Focus Sash|[from] move: Switcheroo
|-item|p1a: Seviper|Choice Scarf|[from] move: Switcheroo
|move|p2a: Kingambit|Kowtow Cleave|p1a: Seviper
|-damage|p1a: Seviper|0 fnt
|faint|p1a: Seviper
|
|win|Cinder Stan!
|raw|mininacho44's rating: 1140 &rarr; <strong>1117</strong><br />(-23 for losing)
|raw|Cinder Stan!'s rating: 1161 &rarr; <strong>1184</strong><br />(+23 for winning)
