|html|<div class="broadcast-blue"><strong>[Gen 9] OU is currently suspecting Tera Blast! For information on how to participate check out the <a href="https://www.smogon.com/tools/suspects/view/200">suspect thread</a>.</strong></div>
|j|☆Lidiacastro22
|j|☆Chris789001
|t:|1776076016
|gametype|singles
|player|p1|Lidiacastro22|dawn|1153
|player|p2|Chris789001|266|1188
|gen|9
|tier|[Gen 9] OU
|rated|
|rule|HP Percentage Mod: HP is shown in percentages
|rule|Endless Battle Clause: Forcing endless battles is banned
|rule|Species Clause: Limit one of each Pokémon
|rule|OHKO Clause: OHKO moves are banned
|rule|Evasion Items Clause: Evasion items are banned
|rule|Evasion Moves Clause: Evasion moves are banned
|rule|Evasion Abilities Clause: Evasion abilities are banned
|rule|Sleep Moves Clause: Sleep-inducing moves are banned
|clearpoke
|poke|p1|Iron Treads|
|poke|p1|Primarina, M|
|poke|p1|Pikachu, M|
|poke|p1|Incineroar, F|
|poke|p1|Zoroark-Hisui, M|
|poke|p1|Meowscarada, M|
|poke|p2|Cloyster, F|
|poke|p2|Hydreigon, M|
|poke|p2|Froslass, F|
|poke|p2|Lurantis, M|
|poke|p2|Manaphy|
|poke|p2|Blaziken, F|
|teampreview
|inactive|Battle timer is ON: inactive players will automatically lose when time's up. (requested by Lidiacastro22)
|
|t:|1776076021
|teamsize|p1|6
|teamsize|p2|6
|start
|switch|p1a: Pikachu|Pikachu, M|100/100
|switch|p2a: Blaziken|Blaziken, F|100/100
|turn|1
|
|t:|1776076032
|move|p2a: Blaziken|Detect|p2a: Blaziken
|-singleturn|p2a: Blaziken|Protect
|move|p1a: Pikachu|Nuzzle|p2a: Blaziken
|-activate|p2a: Blaziken|move: Protect
|
|-ability|p2a: Blaziken|Speed Boost|boost
|-boost|p2a: Blaziken|spe|1
|upkeep
|turn|2
|
|t:|1776076042
|switch|p1a: Incineroar|Incineroar, F|100/100
|-ability|p1a: Incineroar|Intimidate|boost
|-unboost|p2a: Blaziken|atk|1
|move|p2a: Blaziken|Bulk Up|p2a: Blaziken
|-boost|p2a: Blaziken|atk|1
|-boost|p2a: Blaziken|def|1
|
|-ability|p2a: Blaziken|Speed Boost|boost
|-boost|p2a: Blaziken|spe|1
|upkeep
|turn|3
|inactive|Lidiacastro22 has 120 seconds left.
|l|☆Lidiacastro22
|inactive|Lidiacastro22 disconnected and has a minute to reconnect!
|player|p1|
|inactive|Lidiacastro22 has 30 seconds to reconnect!
|inactive|Lidiacastro22 has 20 seconds to reconnect!
|j|☆Lidiacastro22
|inactive|Lidiacastro22 reconnected and has 60 seconds left.
|player|p1|Lidiacastro22|dawn|
|
|t:|1776076144
|move|p2a: Blaziken|Detect|p2a: Blaziken
|-singleturn|p2a: Blaziken|Protect
|move|p1a: Incineroar|Drain Punch|p2a: Blaziken
|-activate|p2a: Blaziken|move: Protect
|
|-ability|p2a: Blaziken|Speed Boost|boost
|-boost|p2a: Blaziken|spe|1
|upkeep
|turn|4
|
|t:|1776076158
|move|p2a: Blaziken|Bulk Up|p2a: Blaziken
|-boost|p2a: Blaziken|atk|1
|-boost|p2a: Blaziken|def|1
|move|p1a: Incineroar|Drain Punch|p2a: Blaziken
|-damage|p2a: Blaziken|82/100
|
|-ability|p2a: Blaziken|Speed Boost|boost
|-boost|p2a: Blaziken|spe|1
|upkeep
|turn|5
|
|t:|1776076171
|move|p2a: Blaziken|Brick Break|p1a: Incineroar
|-supereffective|p1a: Incineroar
|-damage|p1a: Incineroar|0 fnt
|faint|p1a: Incineroar
|-damage|p2a: Blaziken|72/100|[from] item: Life Orb
|
|-ability|p2a: Blaziken|Speed Boost|boost
|-boost|p2a: Blaziken|spe|1
|upkeep
|
|t:|1776076182
|switch|p1a: Primarina|Primarina, M|100/100
|turn|6
|
|t:|1776076199
|-terastallize|p2a: Blaziken|Flying
|move|p2a: Blaziken|Blaze Kick|p1a: Primarina
|-resisted|p1a: Primarina
|-damage|p1a: Primarina|47/100
|-damage|p2a: Blaziken|62/100|[from] item: Life Orb
|move|p1a: Primarina|Hyper Voice|p2a: Blaziken
|-damage|p2a: Blaziken|4/100
|
|-heal|p1a: Primarina|53/100|[from] item: Leftovers
|-ability|p2a: Blaziken|Speed Boost|boost
|-boost|p2a: Blaziken|spe|1
|upkeep
|turn|7
|inactive|Lidiacastro22 has 60 seconds left.
|
|t:|1776076213
|move|p2a: Blaziken|Blaze Kick|p1a: Primarina
|-resisted|p1a: Primarina
|-damage|p1a: Primarina|0 fnt
|faint|p1a: Primarina
|-damage|p2a: Blaziken|0 fnt|[from] item: Life Orb
|faint|p2a: Blaziken
|
|upkeep
|
|t:|1776076229
|switch|p2a: Cloyster|Cloyster, F|100/100
|switch|p1a: Pikachu|Pikachu, M|100/100
|turn|8
|
|t:|1776076235
|move|p1a: Pikachu|Fake Out|p2a: Cloyster
|-damage|p2a: Cloyster|90/100
|cant|p2a: Cloyster|flinch
|
|upkeep
|turn|9
|
|t:|1776076240
|move|p1a: Pikachu|Nuzzle|p2a: Cloyster
|-supereffective|p2a: Cloyster
|-damage|p2a: Cloyster|73/100
|-status|p2a: Cloyster|par
|move|p2a: Cloyster|Icicle Spear|p1a: Pikachu
|-damage|p1a: Pikachu|58/100
|-damage|p1a: Pikachu|17/100
|-damage|p1a: Pikachu|0 fnt
|faint|p1a: Pikachu
|-hitcount|p1: Pikachu|3
|
|upkeep
|
|t:|1776076256
|switch|p1a: Iron Treads|Iron Treads|100/100
|-enditem|p1a: Iron Treads|Booster Energy
|-activate|p1a: Iron Treads|ability: Quark Drive|[fromitem]
|-start|p1a: Iron Treads|quarkdrivespe
|turn|10
|
|t:|1776076261
|move|p1a: Iron Treads|Stealth Rock|p2a: Cloyster
|-sidestart|p2: Chris789001|move: Stealth Rock
|cant|p2a: Cloyster|par
|
|upkeep
|turn|11
|
|t:|1776076267
|move|p1a: Iron Treads|Rapid Spin|p2a: Cloyster
|-damage|p2a: Cloyster|59/100 par
|-boost|p1a: Iron Treads|spe|1
|move|p2a: Cloyster|Icicle Spear|p1a: Iron Treads
|-damage|p1a: Iron Treads|91/100
|-damage|p1a: Iron Treads|82/100
|-damage|p1a: Iron Treads|74/100
|-damage|p1a: Iron Treads|65/100
|-damage|p1a: Iron Treads|56/100
|-hitcount|p1a: Iron Treads|5
|
|upkeep
|turn|12
|inactive|Lidiacastro22 has 60 seconds left.
|
|t:|1776076283
|move|p1a: Iron Treads|Earthquake|p2a: Cloyster
|-damage|p2a: Cloyster|20/100 par
|cant|p2a: Cloyster|par
|
|upkeep
|turn|13
|
|t:|1776076289
|move|p1a: Iron Treads|Earthquake|p2a: Cloyster
|-damage|p2a: Cloyster|0 fnt
|faint|p2a: Cloyster
|
|upkeep
|
|t:|1776076296
|switch|p2a: Hydreigon|Hydreigon, M|100/100
|-damage|p2a: Hydreigon|88/100|[from] Stealth Rock
|turn|14
|
|t:|1776076302
|move|p1a: Iron Treads|Ice Spinner|p2a: Hydreigon
|-supereffective|p2a: Hydreigon
|-damage|p2a: Hydreigon|30/100
|move|p2a: Hydreigon|Dragon Dance|p2a: Hydreigon
|-boost|p2a: Hydreigon|atk|1
|-boost|p2a: Hydreigon|spe|1
|
|upkeep
|turn|15
|
|t:|1776076310
|move|p1a: Iron Treads|Ice Spinner|p2a: Hydreigon
|-supereffective|p2a: Hydreigon
|-damage|p2a: Hydreigon|0 fnt
|faint|p2a: Hydreigon
|
|upkeep
|
|t:|1776076321
|switch|p2a: Manaphy|Manaphy|100/100
|-damage|p2a: Manaphy|88/100|[from] Stealth Rock
|turn|16
|
|t:|1776076328
|move|p1a: Iron Treads|Earthquake|p2a: Manaphy
|-damage|p2a: Manaphy|52/100
|move|p2a: Manaphy|Acid Armor|p2a: Manaphy
|-boost|p2a: Manaphy|def|2
|
|-heal|p2a: Manaphy|58/100|[from] item: Leftovers
|upkeep
|turn|17
|
|t:|1776076338
|move|p1a: Iron Treads|Earthquake|p2a: Manaphy
|-damage|p2a: Manaphy|39/100
|move|p2a: Manaphy|Take Heart|p2a: Manaphy
|-boost|p2a: Manaphy|spa|1
|-boost|p2a: Manaphy|spd|1
|
|-heal|p2a: Manaphy|45/100|[from] item: Leftovers
|upkeep
|turn|18
|
|t:|1776076347
|move|p1a: Iron Treads|Earthquake|p2a: Manaphy
|-damage|p2a: Manaphy|27/100
|move|p2a: Manaphy|Scald|p1a: Iron Treads
|-supereffective|p1a: Iron Treads
|-damage|p1a: Iron Treads|0 fnt
|faint|p1a: Iron Treads
|-end|p1a: Iron Treads|Quark Drive|[silent]
|
|-heal|p2a: Manaphy|33/100|[from] item: Leftovers
|upkeep
|
|t:|1776076363
|switch|p1a: Meowscarada|Meowscarada, M|100/100
|turn|19
|
|t:|1776076367
|move|p1a: Meowscarada|Flower Trick|p2a: Manaphy
|-supereffective|p2a: Manaphy
|-crit|p2a: Manaphy
|-damage|p2a: Manaphy|0 fnt
|faint|p2a: Manaphy
|
|upkeep
|
|t:|1776076379
|switch|p2a: Lurantis|Lurantis, M|100/100
|-damage|p2a: Lurantis|88/100|[from] Stealth Rock
|turn|20
|
|t:|1776076387
|move|p1a: Meowscarada|Acrobatics|p2a: Lurantis
|-supereffective|p2a: Lurantis
|-crit|p2a: Lurantis
|-damage|p2a: Lurantis|25/100
|move|p2a: Lurantis|Leech Life|p1a: Meowscarada
|-supereffective|p1a: Meowscarada
|-damage|p1a: Meowscarada|0 fnt
|-heal|p2a: Lurantis|77/100|[from] drain|[of] p1a: Meowscarada
|faint|p1a: Meowscarada
|
|upkeep
|inactive|Lidiacastro22 has 90 seconds left.
|
|t:|1776076397
|switch|p1a: Zoroark|Zoroark-Hisui, M, shiny|100/100
|turn|21
|
|t:|1776076402
|move|p1a: Zoroark|Nasty Plot|p1a: Zoroark
|-boost|p1a: Zoroark|spa|2
|move|p2a: Lurantis|Knock Off|p1a: Zoroark
|-supereffective|p1a: Zoroark
|-damage|p1a: Zoroark|0 fnt
|-enditem|p1a: Zoroark|Life Orb|[from] move: Knock Off|[of] p2a: Lurantis
|faint|p1a: Zoroark
|
|win|Chris789001
|raw|Lidiacastro22's rating: 1153 &rarr; <strong>1131</strong><br />(-22 for losing)
|raw|Chris789001's rating: 1188 &rarr; <strong>1210</strong><br />(+22 for winning)
|l|☆Chris789001
|player|p2|
|l|☆Lidiacastro22
|player|p1|
