|html|<div class="broadcast-blue"><strong>[Gen 9] OU is currently suspecting Tera Blast! For information on how to participate check out the <a href="https://www.smogon.com/tools/suspects/view/200">suspect thread</a>.</strong></div>
|j|☆khetsis
|j|☆Baba Y4ga
|t:|1776064610
|gametype|singles
|player|p1|khetsis|zinzolin|1105
|player|p2|Baba Y4ga|102|1110
|gen|9
|tier|[Gen 9] OU
|rated|
|rule|HP Percentage Mod: HP is shown in percentages
|rule|Endless Battle Clause: Forcing endless battles is banned
|rule|Species Clause: Limit one of each Pokémon
|rule|OHKO Clause: OHKO moves are banned
|rule|Evasion Items Clause: Evasion items are banned
|rule|Evasion Moves Clause: Evasion moves are banned
|rule|Evasion Abilities Clause: Evasion abilities are banned
|rule|Sleep Moves Clause: Sleep-inducing moves are banned
|clearpoke
|poke|p1|Fezandipiti, M|
|poke|p1|Dondozo, M|
|poke|p1|Garganacl, M|
|poke|p1|Kingambit, M|
|poke|p1|Landorus-Therian, M|
|poke|p1|Raging Bolt|
|poke|p2|Zoroark-Hisui, M|
|poke|p2|Ogerpon-Wellspring, F|
|poke|p2|Great Tusk|
|poke|p2|Garganacl, M|
|poke|p2|Pecharunt|
|poke|p2|Alomomola, M|
|teampreview
|inactive|Battle timer is ON: inactive players will automatically lose when time's up. (requested by khetsis)
|
|t:|1776064643
|teamsize|p1|6
|teamsize|p2|6
|start
|switch|p1a: Marco|Fezandipiti, M|100/100
|switch|p2a: Garganacl|Garganacl, M|100/100
|turn|1
|
|t:|1776064654
|move|p2a: Garganacl|Trick|p1a: Marco
|-activate|p2a: Garganacl|move: Trick|[of] p1a: Marco
|-item|p1a: Marco|Choice Specs|[from] move: Trick
|-item|p2a: Garganacl|Leftovers|[from] move: Trick
|move|p1a: Marco|Sludge Bomb|p2a: Garganacl
|-resisted|p2a: Garganacl
|-damage|p2a: Garganacl|50/100
|replace|p2a: Zoroark|Zoroark-Hisui, M, shiny
|-end|p2a: Zoroark|Illusion
|
|-heal|p2a: Zoroark|55/100|[from] item: Leftovers
|upkeep
|turn|2
|
|t:|1776064668
|switch|p2a: Pecharunt|Pecharunt|100/100
|move|p1a: Marco|Sludge Bomb|p2a: Pecharunt
|-resisted|p2a: Pecharunt
|-damage|p2a: Pecharunt|87/100
|
|upkeep
|turn|3
|
|t:|1776064682
|switch|p1a: Kogan|Kingambit, M|100/100
|move|p2a: Pecharunt|Malignant Chain|p1a: Kogan
|-immune|p1a: Kogan
|
|upkeep
|turn|4
|
|t:|1776064691
|move|p2a: Pecharunt|Parting Shot|p1a: Kogan
|-unboost|p1a: Kogan|atk|1
|-unboost|p1a: Kogan|spa|1
|
|t:|1776064696
|switch|p2a: Garganacl|Garganacl, M|100/100|[from] Parting Shot
|move|p1a: Kogan|Iron Head|p2a: Garganacl
|-supereffective|p2a: Garganacl
|-damage|p2a: Garganacl|60/100
|
|-heal|p2a: Garganacl|67/100|[from] item: Leftovers
|upkeep
|turn|5
|
|t:|1776064715
|move|p1a: Kogan|Iron Head|p2a: Garganacl
|-supereffective|p2a: Garganacl
|-damage|p2a: Garganacl|27/100
|cant|p2a: Garganacl|flinch
|
|-heal|p2a: Garganacl|34/100|[from] item: Leftovers
|upkeep
|turn|6
|
|t:|1776064723
|move|p2a: Garganacl|Protect|p2a: Garganacl
|-singleturn|p2a: Garganacl|Protect
|move|p1a: Kogan|Iron Head|p2a: Garganacl
|-activate|p2a: Garganacl|move: Protect
|
|-heal|p2a: Garganacl|40/100|[from] item: Leftovers
|upkeep
|turn|7
|
|t:|1776064733
|move|p1a: Kogan|Iron Head|p2a: Garganacl
|-supereffective|p2a: Garganacl
|-damage|p2a: Garganacl|0 fnt
|faint|p2a: Garganacl
|
|upkeep
|-message|Baba Y4ga forfeited.
|
|win|khetsis
|raw|khetsis's rating: 1105 &rarr; <strong>1130</strong><br />(+25 for winning)
|raw|Baba Y4ga's rating: 1110 &rarr; <strong>1085</strong><br />(-25 for losing)
|l|☆Baba Y4ga
|player|p2|
|l|☆khetsis
|player|p1|
