|html|<div class="broadcast-blue"><strong>[Gen 9] OU is currently suspecting Volcarona! For information on how to participate check out the <a href="https://www.smogon.com/tools/suspects/view/208">suspect thread</a>.</strong></div>
|j|☆totally ligit
|j|☆Borrlock
|t:|1778516179
|gametype|singles
|player|p1|totally ligit|265|1401
|player|p2|Borrlock|266|1371
|gen|9
|tier|[Gen 9] OU
|rated|
|rule|HP Percentage Mod: HP is shown in percentages
|rule|Endless Battle Clause: Forcing endless battles is banned
|rule|Species Clause: Limit one of each Pokémon
|rule|OHKO Clause: OHKO moves are banned
|rule|Evasion Items Clause: Evasion items are banned
|rule|Evasion Moves Clause: Evasion moves are banned
|rule|Evasion Abilities Clause: Evasion abilities are banned
|rule|Sleep Moves Clause: Sleep-inducing moves are banned
|clearpoke
|poke|p1|Torkoal, F|
|poke|p1|Walking Wake|
|poke|p1|Great Tusk|
|poke|p1|Arcanine-Hisui, F|
|poke|p1|Tropius, F|
|poke|p1|Iron Moth|
|poke|p2|Iron Moth|
|poke|p2|Gliscor, M|
|poke|p2|Hatterene, F|
|poke|p2|Ogerpon-Wellspring, F|
|poke|p2|Raging Bolt|
|poke|p2|Zamazenta-*|
|teampreview
|inactive|Battle timer is ON: inactive players will automatically lose when time's up. (requested by totally ligit)
|
|t:|1778516197
|teamsize|p1|6
|teamsize|p2|6
|start
|switch|p1a: Walking Wake|Walking Wake|100/100
|switch|p2a: Gliscor|Gliscor, M|100/100
|turn|1
|
|t:|1778516211
|switch|p2a: Ogerpon|Ogerpon-Wellspring, F|100/100
|move|p1a: Walking Wake|Draco Meteor|p2a: Ogerpon
|-damage|p2a: Ogerpon|0 fnt
|-unboost|p1a: Walking Wake|spa|2
|faint|p2a: Ogerpon
|
|upkeep
|
|t:|1778516224
|switch|p2a: Hatterene|Hatterene, F|100/100
|turn|2
|
|t:|1778516230
|-end|p1a: Walking Wake|Protosynthesis|[silent]
|switch|p1a: Torkoal|Torkoal, F|100/100
|-weather|SunnyDay|[from] ability: Drought|[of] p1a: Torkoal
|move|p2a: Hatterene|Calm Mind|p2a: Hatterene
|-boost|p2a: Hatterene|spa|1
|-boost|p2a: Hatterene|spd|1
|
|-weather|SunnyDay|[upkeep]
|upkeep
|turn|3
|
|t:|1778516244
|switch|p1a: Arcanine|Arcanine-Hisui, F|100/100
|move|p2a: Hatterene|Calm Mind|p2a: Hatterene
|-boost|p2a: Hatterene|spa|1
|-boost|p2a: Hatterene|spd|1
|
|-weather|SunnyDay|[upkeep]
|upkeep
|turn|4
|inactive|Borrlock has 120 seconds left.
|
|t:|1778516280
|-terastallize|p2a: Hatterene|Water
|move|p1a: Arcanine|Flare Blitz|p2a: Hatterene
|-resisted|p2a: Hatterene
|-damage|p2a: Hatterene|50/100
|-status|p2a: Hatterene|brn
|move|p2a: Hatterene|Stored Power|p1a: Arcanine
|-crit|p1a: Arcanine
|-damage|p1a: Arcanine|0 fnt
|faint|p1a: Arcanine
|
|-weather|SunnyDay|[upkeep]
|-heal|p2a: Hatterene|56/100 brn|[from] item: Leftovers
|-damage|p2a: Hatterene|50/100 brn|[from] brn
|upkeep
|
|t:|1778516301
|switch|p1a: Tropius|Tropius, F|100/100
|turn|5
|inactive|Borrlock has 120 seconds left.
|
|t:|1778516319
|move|p1a: Tropius|U-turn|p2a: Hatterene
|-damage|p2a: Hatterene|40/100 brn
|
|t:|1778516325
|switch|p1a: Great Tusk|Great Tusk|100/100|[from] U-turn
|-activate|p1a: Great Tusk|ability: Protosynthesis
|-start|p1a: Great Tusk|protosynthesisspe
|move|p2a: Hatterene|Mystical Fire|p1a: Great Tusk
|-damage|p1a: Great Tusk|7/100
|-unboost|p1a: Great Tusk|spa|1
|
|-weather|SunnyDay|[upkeep]
|-heal|p1a: Great Tusk|14/100|[from] item: Leftovers
|-heal|p2a: Hatterene|46/100 brn|[from] item: Leftovers
|-damage|p2a: Hatterene|40/100 brn|[from] brn
|upkeep
|turn|6
|inactive|Borrlock has 120 seconds left.
|
|t:|1778516341
|move|p1a: Great Tusk|Earthquake|p2a: Hatterene
|-crit|p2a: Hatterene
|-damage|p2a: Hatterene|0 fnt
|faint|p2a: Hatterene
|
|-weather|SunnyDay|[upkeep]
|-heal|p1a: Great Tusk|20/100|[from] item: Leftovers
|upkeep
|
|t:|1778516354
|switch|p2a: Iron Moth|Iron Moth|100/100
|-enditem|p2a: Iron Moth|Booster Energy
|-activate|p2a: Iron Moth|ability: Quark Drive|[fromitem]
|-start|p2a: Iron Moth|quarkdrivespe
|turn|7
|
|t:|1778516363
|move|p2a: Iron Moth|Fiery Dance|p1a: Great Tusk
|-damage|p1a: Great Tusk|0 fnt
|faint|p1a: Great Tusk
|-end|p1a: Great Tusk|Protosynthesis|[silent]
|
|-weather|SunnyDay|[upkeep]
|upkeep
|
|t:|1778516370
|switch|p1a: Walking Wake|Walking Wake|100/100
|-activate|p1a: Walking Wake|ability: Protosynthesis
|-start|p1a: Walking Wake|protosynthesisspe
|turn|8
|inactive|Borrlock has 120 seconds left.
|
|t:|1778516394
|-end|p2a: Iron Moth|Quark Drive|[silent]
|switch|p2a: Zamazenta|Zamazenta|100/100
|-ability|p2a: Zamazenta|Dauntless Shield|boost
|-boost|p2a: Zamazenta|def|1
|move|p1a: Walking Wake|Hydro Steam|p2a: Zamazenta
|-damage|p2a: Zamazenta|26/100
|
|-weather|SunnyDay|[upkeep]
|upkeep
|turn|9
|
|t:|1778516403
|move|p1a: Walking Wake|Hydro Steam|p2a: Zamazenta
|-damage|p2a: Zamazenta|0 fnt
|faint|p2a: Zamazenta
|
|-weather|none
|-end|p1a: Walking Wake|Protosynthesis
|upkeep
|
|t:|1778516406
|switch|p2a: Raging Bolt|Raging Bolt|100/100
|-enditem|p2a: Raging Bolt|Booster Energy
|-activate|p2a: Raging Bolt|ability: Protosynthesis|[fromitem]
|-start|p2a: Raging Bolt|protosynthesisspa
|turn|10
|inactive|Borrlock has 120 seconds left.
|
|t:|1778516436
|-end|p1a: Walking Wake|Protosynthesis|[silent]
|switch|p1a: Tropius|Tropius, F|100/100
|move|p2a: Raging Bolt|Dragon Pulse|p1a: Tropius
|-damage|p1a: Tropius|59/100
|
|upkeep
|turn|11
|
|t:|1778516448
|move|p2a: Raging Bolt|Thunderbolt|p1a: Tropius
|-damage|p1a: Tropius|10/100
|-status|p1a: Tropius|par
|-enditem|p1a: Tropius|Sitrus Berry|[eat]
|-heal|p1a: Tropius|35/100 par|[from] item: Sitrus Berry
|move|p1a: Tropius|Leech Seed|p2a: Raging Bolt
|-start|p2a: Raging Bolt|move: Leech Seed
|
|-damage|p2a: Raging Bolt|88/100|[from] Leech Seed|[of] p1a: Tropius
|-heal|p1a: Tropius|47/100 par|[silent]
|upkeep
|turn|12
|
|t:|1778516461
|move|p1a: Tropius|Protect|p1a: Tropius
|-singleturn|p1a: Tropius|Protect
|move|p2a: Raging Bolt|Calm Mind|p2a: Raging Bolt
|-boost|p2a: Raging Bolt|spa|1
|-boost|p2a: Raging Bolt|spd|1
|
|-damage|p2a: Raging Bolt|76/100|[from] Leech Seed|[of] p1a: Tropius
|-heal|p1a: Tropius|58/100 par|[silent]
|-item|p1a: Tropius|Sitrus Berry|[from] ability: Harvest
|upkeep
|turn|13
|
|t:|1778516479
|move|p2a: Raging Bolt|Calm Mind|p2a: Raging Bolt
|-boost|p2a: Raging Bolt|spa|1
|-boost|p2a: Raging Bolt|spd|1
|move|p1a: Tropius|U-turn|p2a: Raging Bolt
|-damage|p2a: Raging Bolt|65/100
|
|t:|1778516492
|switch|p1a: Iron Moth|Iron Moth|100/100|[from] U-turn
|
|-damage|p2a: Raging Bolt|53/100|[from] Leech Seed|[of] p1a: Iron Moth
|upkeep
|turn|14
|inactive|Borrlock has 120 seconds left.
|
|t:|1778516503
|move|p1a: Iron Moth|Sludge Wave|p2a: Raging Bolt
|-damage|p2a: Raging Bolt|18/100
|-damage|p1a: Iron Moth|91/100|[from] item: Life Orb
|move|p2a: Raging Bolt|Thunderbolt|p1a: Iron Moth
|-damage|p1a: Iron Moth|0 fnt
|faint|p1a: Iron Moth
|-end|p1a: Iron Moth|Quark Drive|[silent]
|
|upkeep
|
|t:|1778516514
|switch|p1a: Tropius|Tropius, F|58/100 par
|turn|15
|
|t:|1778516517
|move|p1a: Tropius|Protect|p1a: Tropius
|-singleturn|p1a: Tropius|Protect
|move|p2a: Raging Bolt|Thunderbolt|p1a: Tropius
|-activate|p1a: Tropius|move: Protect
|
|-damage|p2a: Raging Bolt|6/100|[from] Leech Seed|[of] p1a: Tropius
|-heal|p1a: Tropius|70/100 par|[silent]
|upkeep
|turn|16
|
|t:|1778516521
|cant|p1a: Tropius|par
|move|p2a: Raging Bolt|Thunderbolt|p1a: Tropius
|-damage|p1a: Tropius|0 fnt
|faint|p1a: Tropius
|
|upkeep
|
|t:|1778516532
|switch|p1a: Torkoal|Torkoal, F|100/100
|-weather|SunnyDay|[from] ability: Drought|[of] p1a: Torkoal
|turn|17
|
|t:|1778516555
|-end|p2a: Raging Bolt|Protosynthesis|[silent]
|switch|p2a: Gliscor|Gliscor, M|100/100
|move|p1a: Torkoal|Body Press|p2a: Gliscor
|-resisted|p2a: Gliscor
|-damage|p2a: Gliscor|87/100
|
|-weather|SunnyDay|[upkeep]
|-status|p2a: Gliscor|tox|[from] item: Toxic Orb
|upkeep
|turn|18
|
|t:|1778516561
|switch|p1a: Walking Wake|Walking Wake|100/100
|-activate|p1a: Walking Wake|ability: Protosynthesis
|-start|p1a: Walking Wake|protosynthesisspe
|move|p2a: Gliscor|Agility|p2a: Gliscor
|-boost|p2a: Gliscor|spe|2
|
|-weather|SunnyDay|[upkeep]
|-heal|p2a: Gliscor|99/100 tox|[from] ability: Poison Heal
|upkeep
|turn|19
|
|t:|1778516578
|move|p1a: Walking Wake|Hydro Steam|p2a: Gliscor
|-supereffective|p2a: Gliscor
|-damage|p2a: Gliscor|0 fnt
|faint|p2a: Gliscor
|
|-weather|SunnyDay|[upkeep]
|upkeep
|
|t:|1778516583
|switch|p2a: Iron Moth|Iron Moth|100/100
|turn|20
|
|t:|1778516588
|move|p1a: Walking Wake|Hydro Steam|p2a: Iron Moth
|-supereffective|p2a: Iron Moth
|-damage|p2a: Iron Moth|0 fnt
|faint|p2a: Iron Moth
|-end|p2a: Iron Moth|Quark Drive|[silent]
|
|-weather|SunnyDay|[upkeep]
|upkeep
|
|t:|1778516590
|switch|p2a: Raging Bolt|Raging Bolt|6/100
|-activate|p2a: Raging Bolt|ability: Protosynthesis
|-start|p2a: Raging Bolt|protosynthesisspa
|turn|21
|
|t:|1778516593
|move|p2a: Raging Bolt|Thunderclap|p1a: Walking Wake
|-damage|p1a: Walking Wake|42/100
|move|p1a: Walking Wake|Hydro Steam|p2a: Raging Bolt
|-resisted|p2a: Raging Bolt
|-damage|p2a: Raging Bolt|0 fnt
|faint|p2a: Raging Bolt
|-end|p2a: Raging Bolt|Protosynthesis|[silent]
|
|win|totally ligit
|raw|totally ligit's rating: 1401 &rarr; <strong>1419</strong><br />(+18 for winning)
|raw|Borrlock's rating: 1371 &rarr; <strong>1353</strong><br />(-18 for losing)
|l|☆totally ligit
|player|p1|
|l|☆Borrlock
|player|p2|
