|html|<div class="broadcast-blue"><strong>[Gen 9] OU is currently suspecting Tera Blast! For information on how to participate check out the <a href="https://www.smogon.com/tools/suspects/view/200">suspect thread</a>.</strong></div>
|j|☆1 euro de l'h
|j|☆der grosse z
|t:|1776078017
|gametype|singles
|player|p1|1 euro de l'h|#puwcvifrance|1731
|player|p2|der grosse z|266|1723
|gen|9
|tier|[Gen 9] OU
|rated|
|rule|HP Percentage Mod: HP is shown in percentages
|rule|Endless Battle Clause: Forcing endless battles is banned
|rule|Species Clause: Limit one of each Pokémon
|rule|OHKO Clause: OHKO moves are banned
|rule|Evasion Items Clause: Evasion items are banned
|rule|Evasion Moves Clause: Evasion moves are banned
|rule|Evasion Abilities Clause: Evasion abilities are banned
|rule|Sleep Moves Clause: Sleep-inducing moves are banned
|clearpoke
|poke|p1|Pecharunt|
|poke|p1|Hatterene, F|
|poke|p1|Kyurem|
|poke|p1|Ceruledge, F|
|poke|p1|Zamazenta-*|
|poke|p1|Deoxys-Speed|
|poke|p2|Iron Crown|
|poke|p2|Samurott-Hisui, M|
|poke|p2|Garganacl, M|
|poke|p2|Great Tusk|
|poke|p2|Sinistcha|
|poke|p2|Dragonite, M|
|teampreview
|
|t:|1776078033
|teamsize|p1|6
|teamsize|p2|6
|start
|switch|p1a: Zamazenta|Zamazenta|100/100
|switch|p2a: Samurott|Samurott-Hisui, M|100/100
|-ability|p1a: Zamazenta|Dauntless Shield|boost
|-boost|p1a: Zamazenta|def|1
|turn|1
|
|t:|1776078043
|switch|p2a: Sinistcha|Sinistcha|100/100
|move|p1a: Zamazenta|Crunch|p2a: Sinistcha
|-supereffective|p2a: Sinistcha
|-damage|p2a: Sinistcha|69/100
|
|upkeep
|turn|2
|inactive|Battle timer is ON: inactive players will automatically lose when time's up. (requested by 1 euro de l'h)
|
|t:|1776078049
|move|p1a: Zamazenta|Crunch|p2a: Sinistcha
|-supereffective|p2a: Sinistcha
|-damage|p2a: Sinistcha|37/100
|move|p2a: Sinistcha|Strength Sap|p1a: Zamazenta
|-unboost|p1a: Zamazenta|atk|1
|-heal|p2a: Sinistcha|100/100
|
|upkeep
|turn|3
|
|t:|1776078053
|switch|p1a: Kyurem|Kyurem|100/100
|-ability|p1a: Kyurem|Pressure
|move|p2a: Sinistcha|Shadow Ball|p1a: Kyurem
|-crit|p1a: Kyurem
|-damage|p1a: Kyurem|51/100
|
|upkeep
|turn|4
|
|t:|1776078062
|switch|p2a: Iron Crown|Iron Crown|100/100
|move|p1a: Kyurem|Icicle Spear|p2a: Iron Crown
|-resisted|p2a: Iron Crown
|-damage|p2a: Iron Crown|93/100
|-resisted|p2a: Iron Crown
|-damage|p2a: Iron Crown|85/100
|-resisted|p2a: Iron Crown
|-damage|p2a: Iron Crown|77/100
|-resisted|p2a: Iron Crown
|-damage|p2a: Iron Crown|69/100
|-resisted|p2a: Iron Crown
|-damage|p2a: Iron Crown|61/100
|-hitcount|p2a: Iron Crown|5
|
|upkeep
|turn|5
|
|t:|1776078069
|switch|p1a: Zamazenta|Zamazenta|100/100
|move|p2a: Iron Crown|Tachyon Cutter|p1a: Zamazenta
|-crit|p1a: Zamazenta
|-damage|p1a: Zamazenta|43/100
|-damage|p1a: Zamazenta|10/100
|-hitcount|p1a: Zamazenta|2
|
|-heal|p1a: Zamazenta|16/100|[from] item: Leftovers
|upkeep
|turn|6
|
|t:|1776078077
|-end|p2a: Iron Crown|Quark Drive|[silent]
|switch|p2a: Sinistcha|Sinistcha|100/100
|move|p1a: Zamazenta|Crunch|p2a: Sinistcha
|-supereffective|p2a: Sinistcha
|-damage|p2a: Sinistcha|68/100
|-unboost|p2a: Sinistcha|def|1
|
|-heal|p1a: Zamazenta|22/100|[from] item: Leftovers
|upkeep
|turn|7
|
|t:|1776078084
|move|p1a: Zamazenta|Crunch|p2a: Sinistcha
|-supereffective|p2a: Sinistcha
|-damage|p2a: Sinistcha|21/100
|move|p2a: Sinistcha|Strength Sap|p1a: Zamazenta
|-unboost|p1a: Zamazenta|atk|1
|-heal|p2a: Sinistcha|100/100
|
|-heal|p1a: Zamazenta|28/100|[from] item: Leftovers
|upkeep
|turn|8
|j| Too Many Caps
|
|t:|1776078089
|move|p1a: Zamazenta|Crunch|p2a: Sinistcha
|-supereffective|p2a: Sinistcha
|-damage|p2a: Sinistcha|66/100
|move|p2a: Sinistcha|Shadow Ball|p1a: Zamazenta
|-damage|p1a: Zamazenta|0 fnt
|faint|p1a: Zamazenta
|
|upkeep
|
|t:|1776078092
|switch|p1a: Kyurem|Kyurem|51/100
|-ability|p1a: Kyurem|Pressure
|turn|9
|
|t:|1776078096
|switch|p2a: Garganacl|Garganacl, M|100/100
|move|p1a: Kyurem|Dragon Dance|p1a: Kyurem
|-boost|p1a: Kyurem|atk|1
|-boost|p1a: Kyurem|spe|1
|
|upkeep
|turn|10
|
|t:|1776078101
|-terastallize|p1a: Kyurem|Electric
|move|p1a: Kyurem|Substitute|p1a: Kyurem
|-start|p1a: Kyurem|Substitute
|-damage|p1a: Kyurem|26/100
|move|p2a: Garganacl|Salt Cure|p1a: Kyurem
|-activate|p1a: Kyurem|move: Substitute|[damage]
|
|upkeep
|turn|11
|
|t:|1776078114
|switch|p2a: Great Tusk|Great Tusk|100/100
|move|p1a: Kyurem|Icicle Spear|p2a: Great Tusk
|-supereffective|p2a: Great Tusk
|-damage|p2a: Great Tusk|70/100
|-supereffective|p2a: Great Tusk
|-damage|p2a: Great Tusk|36/100
|-supereffective|p2a: Great Tusk
|-damage|p2a: Great Tusk|3/100
|-supereffective|p2a: Great Tusk
|-damage|p2a: Great Tusk|0 fnt
|faint|p2a: Great Tusk
|-end|p2a: Great Tusk|Protosynthesis|[silent]
|-hitcount|p2: Great Tusk|4
|
|upkeep
|
|t:|1776078123
|switch|p2a: Dragonite|Dragonite, M|100/100
|turn|12
|
|t:|1776078127
|-terastallize|p2a: Dragonite|Normal
|move|p2a: Dragonite|Extreme Speed|p1a: Kyurem
|-end|p1a: Kyurem|Substitute
|move|p1a: Kyurem|Icicle Spear|p2a: Dragonite
|-damage|p2a: Dragonite|88/100
|-damage|p2a: Dragonite|64/100
|-crit|p2a: Dragonite
|-damage|p2a: Dragonite|27/100
|-damage|p2a: Dragonite|2/100
|-damage|p2a: Dragonite|0 fnt
|faint|p2a: Dragonite
|-hitcount|p2: Dragonite|5
|
|upkeep
|
|t:|1776078146
|switch|p2a: Samurott|Samurott-Hisui, M|100/100
|turn|13
|
|t:|1776078159
|move|p2a: Samurott|Sucker Punch|p1a: Kyurem
|-damage|p1a: Kyurem|0 fnt
|faint|p1a: Kyurem
|
|upkeep
|
|t:|1776078165
|switch|p1a: Hatterene|Hatterene, F|100/100
|turn|14
|
|t:|1776078168
|move|p2a: Samurott|Ceaseless Edge|p1a: Hatterene
|-damage|p1a: Hatterene|60/100
|-sidestart|p1: 1 euro de l'h|Spikes
|move|p1a: Hatterene|Draining Kiss|p2a: Samurott
|-supereffective|p2a: Samurott
|-damage|p2a: Samurott|66/100
|-heal|p1a: Hatterene|92/100|[from] drain|[of] p2a: Samurott
|
|upkeep
|turn|15
|
|t:|1776078173
|move|p2a: Samurott|Ceaseless Edge|p1a: Hatterene
|-damage|p1a: Hatterene|56/100
|-sidestart|p1: 1 euro de l'h|Spikes
|move|p1a: Hatterene|Draining Kiss|p2a: Samurott
|-supereffective|p2a: Samurott
|-crit|p2a: Samurott
|-damage|p2a: Samurott|12/100
|-heal|p1a: Hatterene|100/100|[from] drain|[of] p2a: Samurott
|
|upkeep
|turn|16
|
|t:|1776078177
|move|p2a: Samurott|Ceaseless Edge|p1a: Hatterene
|-damage|p1a: Hatterene|60/100
|-sidestart|p1: 1 euro de l'h|Spikes
|move|p1a: Hatterene|Draining Kiss|p2a: Samurott
|-supereffective|p2a: Samurott
|-damage|p2a: Samurott|0 fnt
|-heal|p1a: Hatterene|70/100|[from] drain|[of] p2a: Samurott
|faint|p2a: Samurott
|
|upkeep
|
|t:|1776078180
|switch|p2a: Iron Crown|Iron Crown|61/100
|turn|17
|
|t:|1776078184
|switch|p1a: Deoxys|Deoxys-Speed|100/100
|-damage|p1a: Deoxys|76/100|[from] Spikes
|-ability|p1a: Deoxys|Pressure
|move|p2a: Iron Crown|Tachyon Cutter|p1a: Deoxys
|-crit|p1a: Deoxys
|-damage|p1a: Deoxys|6/100
|-damage|p1a: Deoxys|0 fnt
|faint|p1a: Deoxys
|-hitcount|p1: Deoxys|2
|
|upkeep
|
|t:|1776078187
|switch|p1a: Ceruledge|Ceruledge, F|100/100
|-damage|p1a: Ceruledge|76/100|[from] Spikes
|turn|18
|
|t:|1776078191
|-end|p2a: Iron Crown|Quark Drive|[silent]
|switch|p2a: Garganacl|Garganacl, M|100/100
|move|p1a: Ceruledge|Bitter Blade|p2a: Garganacl
|-resisted|p2a: Garganacl
|-damage|p2a: Garganacl|82/100
|-heal|p1a: Ceruledge|88/100|[from] drain|[of] p2a: Garganacl
|-damage|p1a: Ceruledge|79/100|[from] item: Life Orb
|
|-heal|p2a: Garganacl|88/100|[from] item: Leftovers
|upkeep
|turn|19
|
|t:|1776078197
|switch|p1a: Hatterene|Hatterene, F|70/100
|-damage|p1a: Hatterene|45/100|[from] Spikes
|move|p2a: Garganacl|Salt Cure|p1a: Hatterene
|-damage|p1a: Hatterene|33/100
|
|-heal|p2a: Garganacl|95/100|[from] item: Leftovers
|upkeep
|turn|20
|
|t:|1776078203
|switch|p2a: Iron Crown|Iron Crown|61/100
|move|p1a: Hatterene|Mystical Fire|p2a: Iron Crown
|-supereffective|p2a: Iron Crown
|-damage|p2a: Iron Crown|16/100
|-unboost|p2a: Iron Crown|spa|1
|
|upkeep
|turn|21
|
|t:|1776078208
|move|p2a: Iron Crown|Tachyon Cutter|p1a: Hatterene
|-supereffective|p1a: Hatterene
|-damage|p1a: Hatterene|0 fnt
|faint|p1a: Hatterene
|-hitcount|p1: Hatterene|1
|
|upkeep
|
|t:|1776078212
|switch|p1a: Ceruledge|Ceruledge, F|79/100
|-damage|p1a: Ceruledge|54/100|[from] Spikes
|turn|22
|
|t:|1776078214
|move|p2a: Iron Crown|Tachyon Cutter|p1a: Ceruledge
|-resisted|p1a: Ceruledge
|-damage|p1a: Ceruledge|40/100
|-resisted|p1a: Ceruledge
|-damage|p1a: Ceruledge|25/100
|-hitcount|p1a: Ceruledge|2
|move|p1a: Ceruledge|Swords Dance|p1a: Ceruledge
|-boost|p1a: Ceruledge|atk|2
|
|upkeep
|turn|23
|
|t:|1776078219
|move|p1a: Ceruledge|Shadow Sneak|p2a: Iron Crown
|-supereffective|p2a: Iron Crown
|-damage|p2a: Iron Crown|0 fnt
|faint|p2a: Iron Crown
|-end|p2a: Iron Crown|Quark Drive|[silent]
|-damage|p1a: Ceruledge|15/100|[from] item: Life Orb
|
|upkeep
|
|t:|1776078221
|switch|p2a: Garganacl|Garganacl, M|95/100
|turn|24
|
|t:|1776078224
|move|p1a: Ceruledge|Bitter Blade|p2a: Garganacl
|-resisted|p2a: Garganacl
|-damage|p2a: Garganacl|56/100
|-heal|p1a: Ceruledge|42/100|[from] drain|[of] p2a: Garganacl
|-damage|p1a: Ceruledge|32/100|[from] item: Life Orb
|move|p2a: Garganacl|Salt Cure|p1a: Ceruledge
|-supereffective|p1a: Ceruledge
|-damage|p1a: Ceruledge|0 fnt
|faint|p1a: Ceruledge
|
|-heal|p2a: Garganacl|62/100|[from] item: Leftovers
|upkeep
|
|t:|1776078227
|switch|p1a: Pecharunt|Pecharunt|100/100
|-damage|p1a: Pecharunt|76/100|[from] Spikes
|turn|25
|
|t:|1776078230
|move|p1a: Pecharunt|Nasty Plot|p1a: Pecharunt
|-boost|p1a: Pecharunt|spa|2
|move|p2a: Garganacl|Salt Cure|p1a: Pecharunt
|-damage|p1a: Pecharunt|66/100
|-start|p1a: Pecharunt|Salt Cure
|
|-heal|p2a: Garganacl|68/100|[from] item: Leftovers
|-damage|p1a: Pecharunt|54/100|[from] Salt Cure
|upkeep
|turn|26
|
|t:|1776078237
|switch|p2a: Sinistcha|Sinistcha|66/100
|move|p1a: Pecharunt|Nasty Plot|p1a: Pecharunt
|-boost|p1a: Pecharunt|spa|2
|
|-damage|p1a: Pecharunt|42/100|[from] Salt Cure
|upkeep
|turn|27
|
|t:|1776078242
|move|p1a: Pecharunt|Shadow Ball|p2a: Sinistcha
|-supereffective|p2a: Sinistcha
|-damage|p2a: Sinistcha|0 fnt
|faint|p2a: Sinistcha
|
|-damage|p1a: Pecharunt|29/100|[from] Salt Cure
|upkeep
|
|t:|1776078245
|switch|p2a: Garganacl|Garganacl, M|68/100
|turn|28
|
|t:|1776078247
|move|p1a: Pecharunt|Malignant Chain|p2a: Garganacl
|-resisted|p2a: Garganacl
|-damage|p2a: Garganacl|28/100
|move|p2a: Garganacl|Recover|p2a: Garganacl
|-heal|p2a: Garganacl|78/100
|
|-heal|p2a: Garganacl|84/100|[from] item: Leftovers
|-damage|p1a: Pecharunt|17/100|[from] Salt Cure
|upkeep
|turn|29
|-enditem|p1a: Pecharunt|Custap Berry|[eat]
|-activate|p1a: Pecharunt|item: Custap Berry|[consumed]
|
|t:|1776078253
|move|p1a: Pecharunt|Malignant Chain|p2a: Garganacl
|-resisted|p2a: Garganacl
|-damage|p2a: Garganacl|42/100
|move|p2a: Garganacl|Salt Cure|p1a: Pecharunt
|-damage|p1a: Pecharunt|7/100
|
|-heal|p2a: Garganacl|48/100|[from] item: Leftovers
|-damage|p1a: Pecharunt|0 fnt|[from] Salt Cure
|faint|p1a: Pecharunt
|
|win|der grosse z
|raw|1 euro de l&apos;h's rating: 1731 &rarr; <strong>1711</strong><br />(-20 for losing)
|raw|der grosse z's rating: 1723 &rarr; <strong>1743</strong><br />(+20 for winning)
|l|☆1 euro de l'h
|player|p1|
|l|☆der grosse z
|player|p2|
