|html|<div class="broadcast-blue"><strong>[Gen 9] OU is currently suspecting Tera Blast! For information on how to participate check out the <a href="https://www.smogon.com/tools/suspects/view/200">suspect thread</a>.</strong></div>
|j|☆tickle me girble
|j|☆bmobit
|t:|1776115933
|gametype|singles
|player|p1|tickle me girble|1|1184
|player|p2|bmobit|170|1143
|gen|9
|tier|[Gen 9] OU
|rated|
|rule|HP Percentage Mod: HP is shown in percentages
|rule|Endless Battle Clause: Forcing endless battles is banned
|rule|Species Clause: Limit one of each Pokémon
|rule|OHKO Clause: OHKO moves are banned
|rule|Evasion Items Clause: Evasion items are banned
|rule|Evasion Moves Clause: Evasion moves are banned
|rule|Evasion Abilities Clause: Evasion abilities are banned
|rule|Sleep Moves Clause: Sleep-inducing moves are banned
|clearpoke
|poke|p1|Ninetales-Alola, F|
|poke|p1|Cloyster, F|
|poke|p1|Eiscue, F|
|poke|p1|Zapdos|
|poke|p1|Lokix, F|
|poke|p1|Ting-Lu|
|poke|p2|Stonjourner, F|
|poke|p2|Cinccino, M|
|poke|p2|Walking Wake|
|poke|p2|Araquanid, F|
|poke|p2|Great Tusk|
|poke|p2|Clefable, F|
|teampreview
|inactive|Battle timer is ON: inactive players will automatically lose when time's up. (requested by bmobit)
|
|t:|1776115945
|teamsize|p1|6
|teamsize|p2|6
|start
|switch|p1a: Lokix|Lokix, F|100/100
|switch|p2a: Walking Wake|Walking Wake|100/100
|turn|1
|
|t:|1776115956
|move|p1a: Lokix|First Impression|p2a: Walking Wake
|-damage|p2a: Walking Wake|54/100
|move|p2a: Walking Wake|Draco Meteor|p1a: Lokix
|-damage|p1a: Lokix|0 fnt
|-unboost|p2a: Walking Wake|spa|2
|faint|p1a: Lokix
|
|upkeep
|
|t:|1776115965
|switch|p1a: Cloyster|Cloyster, F|100/100
|turn|2
|
|t:|1776115970
|-end|p2a: Walking Wake|Protosynthesis|[silent]
|switch|p2a: Clefable|Clefable, F|100/100
|move|p1a: Cloyster|Shell Smash|p1a: Cloyster
|-unboost|p1a: Cloyster|def|1
|-unboost|p1a: Cloyster|spd|1
|-boost|p1a: Cloyster|atk|2
|-boost|p1a: Cloyster|spa|2
|-boost|p1a: Cloyster|spe|2
|-enditem|p1a: Cloyster|White Herb
|-clearnegativeboost|p1a: Cloyster|[silent]
|
|upkeep
|turn|3
|
|t:|1776115977
|move|p1a: Cloyster|Icicle Spear|p2a: Clefable
|-damage|p2a: Clefable|91/100
|-damage|p2a: Clefable|82/100
|-damage|p2a: Clefable|73/100
|-damage|p2a: Clefable|64/100
|-damage|p2a: Clefable|55/100
|-hitcount|p2a: Clefable|5
|move|p2a: Clefable|Calm Mind|p2a: Clefable
|-boost|p2a: Clefable|spa|1
|-boost|p2a: Clefable|spd|1
|
|-heal|p2a: Clefable|61/100|[from] item: Leftovers
|upkeep
|turn|4
|
|t:|1776115983
|move|p1a: Cloyster|Icicle Spear|p2a: Clefable
|-damage|p2a: Clefable|52/100
|-damage|p2a: Clefable|43/100
|-damage|p2a: Clefable|33/100
|-damage|p2a: Clefable|24/100
|-damage|p2a: Clefable|15/100
|-hitcount|p2a: Clefable|5
|move|p2a: Clefable|Wish|p2a: Clefable
|
|-heal|p2a: Clefable|21/100|[from] item: Leftovers
|upkeep
|turn|5
|
|t:|1776115992
|move|p2a: Clefable|Protect|p2a: Clefable
|-singleturn|p2a: Clefable|Protect
|move|p1a: Cloyster|Icicle Spear|p2a: Clefable
|-activate|p2a: Clefable|move: Protect
|
|-heal|p2a: Clefable|71/100|[from] move: Wish|[wisher] Clefable
|-heal|p2a: Clefable|77/100|[from] item: Leftovers
|upkeep
|turn|6
|
|t:|1776116003
|move|p1a: Cloyster|Icicle Spear|p2a: Clefable
|-damage|p2a: Clefable|69/100
|-damage|p2a: Clefable|60/100
|-damage|p2a: Clefable|51/100
|-damage|p2a: Clefable|42/100
|-damage|p2a: Clefable|32/100
|-hitcount|p2a: Clefable|5
|move|p2a: Clefable|Moonblast|p1a: Cloyster
|-damage|p1a: Cloyster|0 fnt
|faint|p1a: Cloyster
|
|-heal|p2a: Clefable|39/100|[from] item: Leftovers
|upkeep
|
|t:|1776116018
|switch|p1a: Ting-Lu|Ting-Lu, shiny|100/100
|-ability|p1a: Ting-Lu|Vessel of Ruin
|turn|7
|
|t:|1776116025
|move|p2a: Clefable|Moonblast|p1a: Ting-Lu
|-supereffective|p1a: Ting-Lu
|-damage|p1a: Ting-Lu|58/100
|move|p1a: Ting-Lu|Heavy Slam|p2a: Clefable
|-supereffective|p2a: Clefable
|-damage|p2a: Clefable|0 fnt
|faint|p2a: Clefable
|
|upkeep
|
|t:|1776116036
|switch|p2a: Araquanid|Araquanid, F|100/100
|turn|8
|
|t:|1776116043
|switch|p1a: Zapdos|Zapdos|100/100
|move|p2a: Araquanid|Sticky Web|p1a: Zapdos
|-sidestart|p1: tickle me girble|move: Sticky Web
|
|upkeep
|turn|9
|
|t:|1776116049
|move|p1a: Zapdos|Hurricane|p2a: Araquanid
|-supereffective|p2a: Araquanid
|-damage|p2a: Araquanid|9/100
|move|p2a: Araquanid|Infestation|p1a: Zapdos
|-resisted|p1a: Zapdos
|-damage|p1a: Zapdos|98/100
|-activate|p1a: Zapdos|move: Infestation|[of] p2a: Araquanid
|-status|p2a: Araquanid|par|[from] ability: Static|[of] p1a: Zapdos
|
|-heal|p2a: Araquanid|15/100 par|[from] item: Leftovers
|-damage|p1a: Zapdos|86/100|[from] move: Infestation|[partiallytrapped]
|upkeep
|turn|10
|
|t:|1776116061
|switch|p2a: Great Tusk|Great Tusk|100/100
|move|p1a: Zapdos|Heat Wave|p2a: Great Tusk
|-damage|p2a: Great Tusk|51/100
|
|-end|p1a: Zapdos|Infestation|[partiallytrapped]|[silent]
|upkeep
|turn|11
|
|t:|1776116071
|move|p1a: Zapdos|Hurricane|p2a: Great Tusk
|-supereffective|p2a: Great Tusk
|-damage|p2a: Great Tusk|0 fnt
|faint|p2a: Great Tusk
|-end|p2a: Great Tusk|Protosynthesis|[silent]
|
|upkeep
|
|t:|1776116075
|switch|p2a: Stonjourner|Stonjourner, F|100/100
|turn|12
|
|t:|1776116082
|move|p1a: Zapdos|Volt Switch|p2a: Stonjourner
|-damage|p2a: Stonjourner|0 fnt
|faint|p2a: Stonjourner
|
|t:|1776116088
|switch|p1a: Ting-Lu|Ting-Lu, shiny|58/100|[from] Volt Switch
|-activate|p1a: Ting-Lu|move: Sticky Web
|-unboost|p1a: Ting-Lu|spe|1
|-ability|p1a: Ting-Lu|Vessel of Ruin
|
|upkeep
|
|t:|1776116104
|switch|p2a: Cinccino|Cinccino, M|100/100
|turn|13
|
|t:|1776116117
|move|p2a: Cinccino|U-turn|p1a: Ting-Lu
|-supereffective|p1a: Ting-Lu
|-damage|p1a: Ting-Lu|36/100
|
|t:|1776116119
|switch|p2a: Araquanid|Araquanid, F|15/100 par|[from] U-turn
|move|p1a: Ting-Lu|Body Press|p2a: Araquanid
|-resisted|p2a: Araquanid
|-damage|p2a: Araquanid|3/100 par
|
|-heal|p2a: Araquanid|9/100 par|[from] item: Leftovers
|upkeep
|turn|14
|
|t:|1776116129
|move|p1a: Ting-Lu|Earthquake|p2a: Araquanid
|-resisted|p2a: Araquanid
|-damage|p2a: Araquanid|0 fnt
|faint|p2a: Araquanid
|
|upkeep
|
|t:|1776116135
|switch|p2a: Walking Wake|Walking Wake|54/100
|turn|15
|
|t:|1776116140
|move|p2a: Walking Wake|Hydro Pump|p1a: Ting-Lu
|-supereffective|p1a: Ting-Lu
|-damage|p1a: Ting-Lu|0 fnt
|faint|p1a: Ting-Lu
|
|upkeep
|
|t:|1776116150
|switch|p1a: Ninetales|Ninetales-Alola, F, shiny|100/100
|-activate|p1a: Ninetales|move: Sticky Web
|-unboost|p1a: Ninetales|spe|1
|-weather|Snowscape|[from] ability: Snow Warning|[of] p1a: Ninetales
|turn|16
|
|t:|1776116155
|move|p2a: Walking Wake|Hydro Pump|p1a: Ninetales
|-damage|p1a: Ninetales|15/100
|move|p1a: Ninetales|Aurora Veil|p1a: Ninetales
|-sidestart|p1: tickle me girble|move: Aurora Veil
|
|-weather|Snowscape|[upkeep]
|upkeep
|turn|17
|
|t:|1776116162
|move|p2a: Walking Wake|Hydro Pump|p1a: Ninetales|[miss]
|-miss|p2a: Walking Wake|p1a: Ninetales
|move|p1a: Ninetales|Moonblast|p2a: Walking Wake
|-supereffective|p2a: Walking Wake
|-damage|p2a: Walking Wake|0 fnt
|faint|p2a: Walking Wake
|-end|p2a: Walking Wake|Protosynthesis|[silent]
|
|-weather|Snowscape|[upkeep]
|upkeep
|
|t:|1776116169
|switch|p2a: Cinccino|Cinccino, M|100/100
|turn|18
|
|t:|1776116177
|-terastallize|p2a: Cinccino|Normal
|move|p2a: Cinccino|Tail Slap|p1a: Ninetales
|-damage|p1a: Ninetales|6/100
|-damage|p1a: Ninetales|0 fnt
|faint|p1a: Ninetales
|-hitcount|p1: Ninetales|2
|
|-weather|Snowscape|[upkeep]
|upkeep
|
|t:|1776116183
|switch|p1a: Zapdos|Zapdos|86/100
|turn|19
|
|t:|1776116202
|-terastallize|p1a: Zapdos|Fire
|move|p2a: Cinccino|Tail Slap|p1a: Zapdos|[miss]
|-miss|p2a: Cinccino|p1a: Zapdos
|move|p1a: Zapdos|Heat Wave|p2a: Cinccino
|-damage|p2a: Cinccino|20/100
|
|-weather|Snowscape|[upkeep]
|upkeep
|turn|20
|
|t:|1776116207
|move|p2a: Cinccino|Tail Slap|p1a: Zapdos
|-damage|p1a: Zapdos|73/100
|-damage|p1a: Zapdos|60/100
|-status|p2a: Cinccino|par|[from] ability: Static|[of] p1a: Zapdos
|-damage|p1a: Zapdos|46/100
|-damage|p1a: Zapdos|33/100
|-hitcount|p1a: Zapdos|4
|move|p1a: Zapdos|Volt Switch|p2a: Cinccino
|-damage|p2a: Cinccino|0 fnt
|faint|p2a: Cinccino
|
|win|tickle me girble
|raw|tickle me girble's rating: 1184 &rarr; <strong>1206</strong><br />(+22 for winning)
|raw|bmobit's rating: 1143 &rarr; <strong>1121</strong><br />(-22 for losing)
|l|☆tickle me girble
|player|p1|
|l|☆bmobit
|player|p2|
