|html|<div class="broadcast-blue"><strong>[Gen 9] OU is currently suspecting Tera Blast! For information on how to participate check out the <a href="https://www.smogon.com/tools/suspects/view/200">suspect thread</a>.</strong></div>
|j|☆onizuka93
|j|☆muche
|t:|1776183613
|gametype|singles
|player|p1|onizuka93|benga|1257
|player|p2|muche|yellow|1264
|gen|9
|tier|[Gen 9] OU
|rated|
|rule|HP Percentage Mod: HP is shown in percentages
|rule|Endless Battle Clause: Forcing endless battles is banned
|rule|Species Clause: Limit one of each Pokémon
|rule|OHKO Clause: OHKO moves are banned
|rule|Evasion Items Clause: Evasion items are banned
|rule|Evasion Moves Clause: Evasion moves are banned
|rule|Evasion Abilities Clause: Evasion abilities are banned
|rule|Sleep Moves Clause: Sleep-inducing moves are banned
|clearpoke
|poke|p1|Rotom-Wash|
|poke|p1|Kingambit, F|
|poke|p1|Glimmora, F|
|poke|p1|Dragapult, F|
|poke|p1|Skeledirge, F|
|poke|p1|Great Tusk|
|poke|p2|Fezandipiti, M|
|poke|p2|Torkoal, F|
|poke|p2|Volcanion|
|poke|p2|Cinderace, F|
|poke|p2|Great Tusk|
|poke|p2|Mandibuzz, F|
|teampreview
|
|t:|1776183629
|teamsize|p1|6
|teamsize|p2|6
|start
|switch|p1a: Glimmora|Glimmora, F, shiny|100/100
|switch|p2a: Great Tusk|Great Tusk|100/100
|turn|1
|
|t:|1776183638
|move|p2a: Great Tusk|Headlong Rush|p1a: Glimmora
|-supereffective|p1a: Glimmora
|-enditem|p1a: Glimmora|Focus Sash
|-damage|p1a: Glimmora|1/100
|-unboost|p2a: Great Tusk|def|1
|-unboost|p2a: Great Tusk|spd|1
|-activate|p1a: Glimmora|ability: Toxic Debris
|-sidestart|p2: muche|move: Toxic Spikes
|move|p1a: Glimmora|Stealth Rock|p2a: Great Tusk
|-sidestart|p2: muche|move: Stealth Rock
|
|upkeep
|turn|2
|
|t:|1776183648
|switch|p1a: Rotom|Rotom-Wash|100/100
|move|p2a: Great Tusk|Headlong Rush|p1a: Rotom
|-immune|p1a: Rotom|[from] ability: Levitate
|
|upkeep
|turn|3
|
|t:|1776183654
|-end|p2a: Great Tusk|Protosynthesis|[silent]
|switch|p2a: Fezandipiti|Fezandipiti, M|100/100
|-sideend|p2: muche|move: Toxic Spikes|[of] p2a: Fezandipiti
|-damage|p2a: Fezandipiti|88/100|[from] Stealth Rock
|move|p1a: Rotom|Hydro Pump|p2a: Fezandipiti
|-damage|p2a: Fezandipiti|50/100
|
|-heal|p2a: Fezandipiti|56/100|[from] item: Leftovers
|upkeep
|turn|4
|
|t:|1776183670
|move|p1a: Rotom|Hydro Pump|p2a: Fezandipiti|[miss]
|-miss|p1a: Rotom|p2a: Fezandipiti
|move|p2a: Fezandipiti|Sludge Bomb|p1a: Rotom
|-damage|p1a: Rotom|53/100
|-status|p1a: Rotom|psn
|
|-heal|p2a: Fezandipiti|62/100|[from] item: Leftovers
|-damage|p1a: Rotom|41/100 psn|[from] psn
|upkeep
|turn|5
|
|t:|1776183694
|switch|p1a: Glimmora|Glimmora, F, shiny|1/100
|move|p2a: Fezandipiti|Moonblast|p1a: Glimmora
|-resisted|p1a: Glimmora
|-damage|p1a: Glimmora|0 fnt
|faint|p1a: Glimmora
|
|-heal|p2a: Fezandipiti|68/100|[from] item: Leftovers
|upkeep
|
|t:|1776183714
|switch|p1a: Skeledirge|Skeledirge, F, shiny|100/100
|turn|6
|
|t:|1776183742
|switch|p2a: Volcanion|Volcanion|100/100
|-damage|p2a: Volcanion|76/100|[from] Stealth Rock
|-terastallize|p1a: Skeledirge|Fairy
|move|p1a: Skeledirge|Torch Song|p2a: Volcanion
|-resisted|p2a: Volcanion
|-damage|p2a: Volcanion|67/100
|-boost|p1a: Skeledirge|spa|1
|
|upkeep
|turn|7
|
|t:|1776183753
|move|p2a: Volcanion|Fire Blast|p1a: Skeledirge
|-damage|p1a: Skeledirge|0 fnt
|faint|p1a: Skeledirge
|
|upkeep
|
|t:|1776183761
|switch|p1a: Rotom|Rotom-Wash|41/100 psn
|turn|8
|
|t:|1776183765
|switch|p2a: Torkoal|Torkoal, F|100/100
|-damage|p2a: Torkoal|76/100|[from] Stealth Rock
|-weather|SunnyDay|[from] ability: Drought|[of] p2a: Torkoal
|move|p1a: Rotom|Volt Switch|p2a: Torkoal
|-crit|p2a: Torkoal
|-damage|p2a: Torkoal|7/100
|
|t:|1776183774
|switch|p1a: Dragapult|Dragapult, F, shiny|100/100|[from] Volt Switch
|
|-weather|SunnyDay|[upkeep]
|upkeep
|turn|9
|
|t:|1776183781
|move|p1a: Dragapult|Shadow Ball|p2a: Torkoal
|-damage|p2a: Torkoal|0 fnt
|faint|p2a: Torkoal
|
|-weather|SunnyDay|[upkeep]
|upkeep
|
|t:|1776183789
|switch|p2a: Fezandipiti|Fezandipiti, M|68/100
|-damage|p2a: Fezandipiti|56/100|[from] Stealth Rock
|turn|10
|
|t:|1776183793
|move|p1a: Dragapult|Shadow Ball|p2a: Fezandipiti
|-damage|p2a: Fezandipiti|16/100
|move|p2a: Fezandipiti|Moonblast|p1a: Dragapult
|-supereffective|p1a: Dragapult
|-damage|p1a: Dragapult|3/100
|-unboost|p1a: Dragapult|spa|1
|
|-weather|SunnyDay|[upkeep]
|-heal|p2a: Fezandipiti|22/100|[from] item: Leftovers
|upkeep
|turn|11
|
|t:|1776183802
|switch|p2a: Mandibuzz|Mandibuzz, F|100/100
|-damage|p2a: Mandibuzz|76/100|[from] Stealth Rock
|move|p1a: Dragapult|Shadow Ball|p2a: Mandibuzz
|-resisted|p2a: Mandibuzz
|-damage|p2a: Mandibuzz|60/100
|
|-weather|SunnyDay|[upkeep]
|upkeep
|turn|12
|
|t:|1776183813
|switch|p1a: Kingambit|Kingambit, F, shiny|100/100
|-activate|p1a: Kingambit|ability: Supreme Overlord
|-start|p1a: Kingambit|fallen2|[silent]
|move|p2a: Mandibuzz|Roost|p2a: Mandibuzz
|-heal|p2a: Mandibuzz|100/100
|-singleturn|p2a: Mandibuzz|move: Roost
|
|-weather|SunnyDay|[upkeep]
|upkeep
|turn|13
|
|t:|1776183824
|switch|p2a: Great Tusk|Great Tusk|100/100
|-damage|p2a: Great Tusk|98/100|[from] Stealth Rock
|-activate|p2a: Great Tusk|ability: Protosynthesis
|-start|p2a: Great Tusk|protosynthesisatk
|move|p1a: Kingambit|Swords Dance|p1a: Kingambit
|-boost|p1a: Kingambit|atk|2
|
|-weather|SunnyDay|[upkeep]
|upkeep
|turn|14
|
|t:|1776183836
|-end|p1a: Kingambit|fallen2|[silent]
|switch|p1a: Rotom|Rotom-Wash|41/100 psn
|move|p2a: Great Tusk|Headlong Rush|p1a: Rotom
|-immune|p1a: Rotom|[from] ability: Levitate
|
|-weather|SunnyDay|[upkeep]
|-damage|p1a: Rotom|28/100 psn|[from] psn
|upkeep
|turn|15
|
|t:|1776183844
|-end|p2a: Great Tusk|Protosynthesis|[silent]
|switch|p2a: Fezandipiti|Fezandipiti, M|22/100
|-damage|p2a: Fezandipiti|10/100|[from] Stealth Rock
|move|p1a: Rotom|Hydro Pump|p2a: Fezandipiti
|-damage|p2a: Fezandipiti|0 fnt
|faint|p2a: Fezandipiti
|
|-weather|none
|-damage|p1a: Rotom|16/100 psn|[from] psn
|upkeep
|
|t:|1776183852
|switch|p2a: Cinderace|Cinderace, F|100/100
|-damage|p2a: Cinderace|76/100|[from] Stealth Rock
|turn|16
|
|t:|1776183856
|move|p2a: Cinderace|Sucker Punch|p1a: Rotom
|-start|p2a: Cinderace|typechange|Dark|[from] ability: Libero
|-damage|p1a: Rotom|0 fnt
|faint|p1a: Rotom
|
|upkeep
|
|t:|1776183872
|switch|p1a: Great Tusk|Great Tusk, shiny|100/100
|turn|17
|
|t:|1776183877
|move|p2a: Cinderace|Court Change|p2a: Cinderace
|-swapsideconditions
|-activate|p2a: Cinderace|move: Court Change
|move|p1a: Great Tusk|Headlong Rush|p2a: Cinderace
|-damage|p2a: Cinderace|0 fnt
|-unboost|p1a: Great Tusk|def|1
|-unboost|p1a: Great Tusk|spd|1
|faint|p2a: Cinderace
|
|upkeep
|
|t:|1776183885
|switch|p2a: Mandibuzz|Mandibuzz, F|100/100
|turn|18
|
|t:|1776183888
|move|p1a: Great Tusk|Rapid Spin|p2a: Mandibuzz
|-damage|p2a: Mandibuzz|91/100
|-boost|p1a: Great Tusk|spe|1
|-damage|p1a: Great Tusk|84/100|[from] item: Rocky Helmet|[of] p2a: Mandibuzz
|-sideend|p1: onizuka93|Stealth Rock|[from] move: Rapid Spin|[of] p1a: Great Tusk
|move|p2a: Mandibuzz|Toxic|p1a: Great Tusk
|-status|p1a: Great Tusk|tox
|
|-heal|p1a: Great Tusk|90/100 tox|[from] item: Leftovers
|-damage|p1a: Great Tusk|84/100 tox|[from] psn
|upkeep
|turn|19
|
|t:|1776183899
|move|p1a: Great Tusk|Ice Spinner|p2a: Mandibuzz
|-supereffective|p2a: Mandibuzz
|-damage|p2a: Mandibuzz|66/100
|-damage|p1a: Great Tusk|67/100 tox|[from] item: Rocky Helmet|[of] p2a: Mandibuzz
|move|p2a: Mandibuzz|Foul Play|p1a: Great Tusk
|-resisted|p1a: Great Tusk
|-damage|p1a: Great Tusk|53/100 tox
|
|-heal|p1a: Great Tusk|59/100 tox|[from] item: Leftovers
|-damage|p1a: Great Tusk|47/100 tox|[from] psn
|upkeep
|turn|20
|
|t:|1776183910
|-end|p1a: Great Tusk|Protosynthesis|[silent]
|switch|p1a: Kingambit|Kingambit, F, shiny|100/100
|-activate|p1a: Kingambit|ability: Supreme Overlord
|-start|p1a: Kingambit|fallen3|[silent]
|move|p2a: Mandibuzz|Foul Play|p1a: Kingambit
|-resisted|p1a: Kingambit
|-damage|p1a: Kingambit|79/100
|
|-heal|p1a: Kingambit|85/100|[from] item: Leftovers
|upkeep
|turn|21
|
|t:|1776183919
|switch|p2a: Great Tusk|Great Tusk|98/100
|move|p1a: Kingambit|Iron Head|p2a: Great Tusk
|-damage|p2a: Great Tusk|53/100
|
|-heal|p1a: Kingambit|91/100|[from] item: Leftovers
|upkeep
|turn|22
|
|t:|1776183930
|-end|p1a: Kingambit|fallen3|[silent]
|switch|p1a: Great Tusk|Great Tusk, shiny|47/100 tox
|move|p2a: Great Tusk|Headlong Rush|p1a: Great Tusk
|-damage|p1a: Great Tusk|12/100 tox
|-unboost|p2a: Great Tusk|def|1
|-unboost|p2a: Great Tusk|spd|1
|
|-heal|p1a: Great Tusk|18/100 tox|[from] item: Leftovers
|-damage|p1a: Great Tusk|12/100 tox|[from] psn
|upkeep
|turn|23
|
|t:|1776183951
|-end|p2a: Great Tusk|Protosynthesis|[silent]
|switch|p2a: Volcanion|Volcanion|67/100
|move|p1a: Great Tusk|Ice Spinner|p2a: Volcanion
|-resisted|p2a: Volcanion
|-damage|p2a: Volcanion|62/100
|
|-heal|p1a: Great Tusk|18/100 tox|[from] item: Leftovers
|-damage|p1a: Great Tusk|5/100 tox|[from] psn
|upkeep
|turn|24
|
|t:|1776183962
|switch|p2a: Mandibuzz|Mandibuzz, F|66/100
|move|p1a: Great Tusk|Headlong Rush|p2a: Mandibuzz
|-immune|p2a: Mandibuzz
|
|-heal|p1a: Great Tusk|12/100 tox|[from] item: Leftovers
|-damage|p1a: Great Tusk|0 fnt|[from] psn
|faint|p1a: Great Tusk
|-end|p1a: Great Tusk|Protosynthesis|[silent]
|upkeep
|
|t:|1776183974
|switch|p1a: Kingambit|Kingambit, F, shiny|91/100
|-activate|p1a: Kingambit|ability: Supreme Overlord
|-start|p1a: Kingambit|fallen4|[silent]
|turn|25
|
|t:|1776183980
|switch|p2a: Volcanion|Volcanion|62/100
|move|p1a: Kingambit|Swords Dance|p1a: Kingambit
|-boost|p1a: Kingambit|atk|2
|
|-heal|p1a: Kingambit|98/100|[from] item: Leftovers
|upkeep
|turn|26
|
|t:|1776183987
|move|p1a: Kingambit|Sucker Punch|p2a: Volcanion
|-damage|p2a: Volcanion|0 fnt
|faint|p2a: Volcanion
|
|-heal|p1a: Kingambit|100/100|[from] item: Leftovers
|upkeep
|
|t:|1776183989
|switch|p2a: Great Tusk|Great Tusk|53/100
|turn|27
|
|t:|1776183997
|move|p1a: Kingambit|Sucker Punch|p2a: Great Tusk
|-resisted|p2a: Great Tusk
|-damage|p2a: Great Tusk|9/100
|move|p2a: Great Tusk|Headlong Rush|p1a: Kingambit
|-supereffective|p1a: Kingambit
|-damage|p1a: Kingambit|5/100
|-unboost|p2a: Great Tusk|def|1
|-unboost|p2a: Great Tusk|spd|1
|
|-heal|p1a: Kingambit|11/100|[from] item: Leftovers
|upkeep
|turn|28
|l|☆muche
|player|p2|
|
|t:|1776184008
|move|p1a: Kingambit|Sucker Punch|p2a: Great Tusk
|-resisted|p2a: Great Tusk
|-damage|p2a: Great Tusk|0 fnt
|faint|p2a: Great Tusk
|-end|p2a: Great Tusk|Protosynthesis|[silent]
|
|-heal|p1a: Kingambit|17/100|[from] item: Leftovers
|upkeep
|j|☆muche
|player|p2|muche|yellow|
|
|t:|1776184016
|switch|p2a: Mandibuzz|Mandibuzz, F|66/100
|turn|29
|
|t:|1776184021
|move|p1a: Kingambit|Sucker Punch||[still]
|-fail|p1a: Kingambit
|move|p2a: Mandibuzz|Roost|p2a: Mandibuzz
|-heal|p2a: Mandibuzz|100/100
|-singleturn|p2a: Mandibuzz|move: Roost
|
|-heal|p1a: Kingambit|24/100|[from] item: Leftovers
|upkeep
|turn|30
|
|t:|1776184030
|move|p2a: Mandibuzz|Foul Play|p1a: Kingambit
|-resisted|p1a: Kingambit
|-damage|p1a: Kingambit|0 fnt
|faint|p1a: Kingambit
|-end|p1a: Kingambit|fallen4|[silent]
|
|upkeep
|
|t:|1776184035
|switch|p1a: Dragapult|Dragapult, F, shiny|3/100
|turn|31
|
|t:|1776184038
|move|p1a: Dragapult|Draco Meteor|p2a: Mandibuzz
|-damage|p2a: Mandibuzz|25/100
|-unboost|p1a: Dragapult|spa|2
|move|p2a: Mandibuzz|Foul Play|p1a: Dragapult
|-supereffective|p1a: Dragapult
|-damage|p1a: Dragapult|0 fnt
|faint|p1a: Dragapult
|
|win|muche
|raw|onizuka93's rating: 1257 &rarr; <strong>1233</strong><br />(-24 for losing)
|raw|muche's rating: 1264 &rarr; <strong>1288</strong><br />(+24 for winning)
|l|☆onizuka93
|player|p1|
