|html|<div class="broadcast-blue"><strong>[Gen 9] OU is currently suspecting Tera Blast! For information on how to participate check out the <a href="https://www.smogon.com/tools/suspects/view/200">suspect thread</a>.</strong></div>
|j|☆HumblestBeaver
|j|☆Blastoise_Choice
|t:|1776127498
|gametype|singles
|player|p1|HumblestBeaver|2|1565
|player|p2|Blastoise_Choice|101|1548
|gen|9
|tier|[Gen 9] OU
|rated|
|rule|HP Percentage Mod: HP is shown in percentages
|rule|Endless Battle Clause: Forcing endless battles is banned
|rule|Species Clause: Limit one of each Pokémon
|rule|OHKO Clause: OHKO moves are banned
|rule|Evasion Items Clause: Evasion items are banned
|rule|Evasion Moves Clause: Evasion moves are banned
|rule|Evasion Abilities Clause: Evasion abilities are banned
|rule|Sleep Moves Clause: Sleep-inducing moves are banned
|clearpoke
|poke|p1|Pelipper, M|
|poke|p1|Manaphy|
|poke|p1|Bruxish, M|
|poke|p1|Overqwil, M|
|poke|p1|Iron Treads|
|poke|p1|Raging Bolt|
|poke|p2|Hydrapple, M|
|poke|p2|Tyranitar, F|
|poke|p2|Moltres|
|poke|p2|Zamazenta-*|
|poke|p2|Slowking-Galar, M|
|poke|p2|Excadrill, F|
|teampreview
|j| ohko_smeargle
|
|t:|1776127506
|teamsize|p1|6
|teamsize|p2|6
|start
|switch|p1a: Pelipper|Pelipper, M|100/100
|switch|p2a: Zamazenta|Zamazenta|100/100
|-ability|p2a: Zamazenta|Dauntless Shield|boost
|-boost|p2a: Zamazenta|def|1
|-weather|RainDance|[from] ability: Drizzle|[of] p1a: Pelipper
|turn|1
|c|☆Blastoise_Choice|hf
|inactive|Battle timer is ON: inactive players will automatically lose when time's up. (requested by Blastoise_Choice)
|
|t:|1776127513
|switch|p2a: Tyranitar|Tyranitar, F|100/100
|-weather|Sandstorm|[from] ability: Sand Stream|[of] p2a: Tyranitar
|move|p1a: Pelipper|Hurricane|p2a: Tyranitar
|-resisted|p2a: Tyranitar
|-damage|p2a: Tyranitar|93/100
|
|-weather|Sandstorm|[upkeep]
|-damage|p1a: Pelipper|94/100|[from] Sandstorm
|upkeep
|turn|2
|
|t:|1776127526
|move|p1a: Pelipper|U-turn|p2a: Tyranitar
|-supereffective|p2a: Tyranitar
|-damage|p2a: Tyranitar|81/100
|
|t:|1776127529
|switch|p1a: Iron Treads|Iron Treads|100/100|[from] U-turn
|-enditem|p1a: Iron Treads|Booster Energy
|-activate|p1a: Iron Treads|ability: Quark Drive|[fromitem]
|-start|p1a: Iron Treads|quarkdrivespe
|move|p2a: Tyranitar|Knock Off|p1a: Iron Treads
|-damage|p1a: Iron Treads|78/100
|
|-weather|Sandstorm|[upkeep]
|upkeep
|turn|3
|
|t:|1776127537
|switch|p2a: Hydrapple|Hydrapple, M|100/100
|move|p1a: Iron Treads|Stealth Rock|p2a: Hydrapple
|-sidestart|p2: Blastoise_Choice|move: Stealth Rock
|
|-weather|Sandstorm|[upkeep]
|-damage|p2a: Hydrapple|94/100|[from] Sandstorm
|upkeep
|turn|4
|
|t:|1776127543
|move|p1a: Iron Treads|Knock Off|p2a: Hydrapple
|-damage|p2a: Hydrapple|80/100
|-enditem|p2a: Hydrapple|Heavy-Duty Boots|[from] move: Knock Off|[of] p1a: Iron Treads
|move|p2a: Hydrapple|Fickle Beam|p1a: Iron Treads
|-resisted|p1a: Iron Treads
|-damage|p1a: Iron Treads|62/100
|
|-weather|Sandstorm|[upkeep]
|-damage|p2a: Hydrapple|74/100|[from] Sandstorm
|upkeep
|turn|5
|
|t:|1776127551
|-end|p1a: Iron Treads|Quark Drive|[silent]
|switch|p1a: Pelipper|Pelipper, M|94/100
|-weather|RainDance|[from] ability: Drizzle|[of] p1a: Pelipper
|move|p2a: Hydrapple|Fickle Beam|p1a: Pelipper
|-damage|p1a: Pelipper|46/100
|
|-weather|RainDance|[upkeep]
|upkeep
|turn|6
|
|t:|1776127558
|switch|p1a: Iron Treads|Iron Treads|62/100
|switch|p2a: Tyranitar|Tyranitar, F|81/100
|-damage|p2a: Tyranitar|69/100|[from] Stealth Rock
|-weather|Sandstorm|[from] ability: Sand Stream|[of] p2a: Tyranitar
|
|-weather|Sandstorm|[upkeep]
|upkeep
|turn|7
|
|t:|1776127564
|switch|p2a: Hydrapple|Hydrapple, M|100/100
|-damage|p2a: Hydrapple|88/100|[from] Stealth Rock
|move|p1a: Iron Treads|Earthquake|p2a: Hydrapple
|-resisted|p2a: Hydrapple
|-damage|p2a: Hydrapple|76/100
|
|-weather|Sandstorm|[upkeep]
|-damage|p2a: Hydrapple|70/100|[from] Sandstorm
|upkeep
|turn|8
|
|t:|1776127570
|-end|p1a: Iron Treads|Quark Drive|[silent]
|switch|p1a: Pelipper|Pelipper, M|46/100
|-weather|RainDance|[from] ability: Drizzle|[of] p1a: Pelipper
|move|p2a: Hydrapple|Giga Drain|p1a: Pelipper
|-damage|p1a: Pelipper|1/100
|-heal|p2a: Hydrapple|88/100|[from] drain|[of] p1a: Pelipper
|
|-weather|RainDance|[upkeep]
|upkeep
|turn|9
|
|t:|1776127578
|switch|p2a: Tyranitar|Tyranitar, F|69/100
|-damage|p2a: Tyranitar|57/100|[from] Stealth Rock
|-weather|Sandstorm|[from] ability: Sand Stream|[of] p2a: Tyranitar
|move|p1a: Pelipper|Roost|p1a: Pelipper
|-heal|p1a: Pelipper|52/100
|-singleturn|p1a: Pelipper|move: Roost
|
|-weather|Sandstorm|[upkeep]
|-damage|p1a: Pelipper|45/100|[from] Sandstorm
|upkeep
|turn|10
|
|t:|1776127582
|move|p1a: Pelipper|U-turn|p2a: Tyranitar
|-supereffective|p2a: Tyranitar
|-damage|p2a: Tyranitar|44/100
|
|t:|1776127585
|switch|p1a: Iron Treads|Iron Treads|62/100|[from] U-turn
|move|p2a: Tyranitar|Stealth Rock|p1a: Iron Treads
|-sidestart|p1: HumblestBeaver|move: Stealth Rock
|
|-weather|Sandstorm|[upkeep]
|upkeep
|turn|11
|
|t:|1776127588
|switch|p2a: Zamazenta|Zamazenta|100/100
|-damage|p2a: Zamazenta|94/100|[from] Stealth Rock
|move|p1a: Iron Treads|Rapid Spin|p2a: Zamazenta
|-damage|p2a: Zamazenta|85/100
|-boost|p1a: Iron Treads|spe|1
|-sideend|p1: HumblestBeaver|Stealth Rock|[from] move: Rapid Spin|[of] p1a: Iron Treads
|
|-weather|Sandstorm|[upkeep]
|-damage|p2a: Zamazenta|79/100|[from] Sandstorm
|-heal|p2a: Zamazenta|85/100|[from] item: Leftovers
|upkeep
|turn|12
|
|t:|1776127592
|-end|p1a: Iron Treads|Quark Drive|[silent]
|switch|p1a: Pelipper|Pelipper, M|45/100
|-weather|RainDance|[from] ability: Drizzle|[of] p1a: Pelipper
|move|p2a: Zamazenta|Body Press|p1a: Pelipper
|-resisted|p1a: Pelipper
|-damage|p1a: Pelipper|31/100
|
|-weather|RainDance|[upkeep]
|-heal|p2a: Zamazenta|91/100|[from] item: Leftovers
|upkeep
|turn|13
|
|t:|1776127596
|switch|p2a: Tyranitar|Tyranitar, F|44/100
|-damage|p2a: Tyranitar|31/100|[from] Stealth Rock
|-weather|Sandstorm|[from] ability: Sand Stream|[of] p2a: Tyranitar
|move|p1a: Pelipper|Roost|p1a: Pelipper
|-heal|p1a: Pelipper|82/100
|-singleturn|p1a: Pelipper|move: Roost
|
|-weather|Sandstorm|[upkeep]
|-damage|p1a: Pelipper|75/100|[from] Sandstorm
|upkeep
|turn|14
|
|t:|1776127600
|move|p1a: Pelipper|U-turn|p2a: Tyranitar
|-supereffective|p2a: Tyranitar
|-damage|p2a: Tyranitar|19/100
|
|t:|1776127602
|switch|p1a: Iron Treads|Iron Treads|62/100|[from] U-turn
|move|p2a: Tyranitar|Stealth Rock|p1a: Iron Treads
|-sidestart|p1: HumblestBeaver|move: Stealth Rock
|
|-weather|Sandstorm|[upkeep]
|upkeep
|turn|15
|
|t:|1776127605
|switch|p2a: Hydrapple|Hydrapple, M|100/100
|-damage|p2a: Hydrapple|88/100|[from] Stealth Rock
|move|p1a: Iron Treads|Rapid Spin|p2a: Hydrapple
|-damage|p2a: Hydrapple|80/100
|-boost|p1a: Iron Treads|spe|1
|-sideend|p1: HumblestBeaver|Stealth Rock|[from] move: Rapid Spin|[of] p1a: Iron Treads
|
|-weather|Sandstorm|[upkeep]
|-damage|p2a: Hydrapple|74/100|[from] Sandstorm
|upkeep
|turn|16
|
|t:|1776127614
|-end|p1a: Iron Treads|Quark Drive|[silent]
|switch|p1a: Pelipper|Pelipper, M|75/100
|-weather|RainDance|[from] ability: Drizzle|[of] p1a: Pelipper
|move|p2a: Hydrapple|Giga Drain|p1a: Pelipper
|-damage|p1a: Pelipper|30/100
|-heal|p2a: Hydrapple|92/100|[from] drain|[of] p1a: Pelipper
|
|-weather|RainDance|[upkeep]
|upkeep
|turn|17
|
|t:|1776127620
|move|p1a: Pelipper|U-turn|p2a: Hydrapple
|-supereffective|p2a: Hydrapple
|-damage|p2a: Hydrapple|81/100
|
|t:|1776127625
|switch|p1a: Overqwil|Overqwil, M|100/100|[from] U-turn
|move|p2a: Hydrapple|Giga Drain|p1a: Overqwil
|-resisted|p1a: Overqwil
|-damage|p1a: Overqwil|73/100
|-heal|p2a: Hydrapple|92/100|[from] drain|[of] p1a: Overqwil
|
|-weather|RainDance|[upkeep]
|upkeep
|turn|18
|
|t:|1776127633
|-terastallize|p2a: Hydrapple|Poison
|move|p1a: Overqwil|Swords Dance|p1a: Overqwil
|-boost|p1a: Overqwil|atk|2
|move|p2a: Hydrapple|Fickle Beam|p1a: Overqwil
|-damage|p1a: Overqwil|24/100
|
|-weather|RainDance|[upkeep]
|upkeep
|turn|19
|
|t:|1776127640
|switch|p2a: Tyranitar|Tyranitar, F|19/100
|-damage|p2a: Tyranitar|7/100|[from] Stealth Rock
|-weather|Sandstorm|[from] ability: Sand Stream|[of] p2a: Tyranitar
|move|p1a: Overqwil|Crunch|p2a: Tyranitar
|-resisted|p2a: Tyranitar
|-damage|p2a: Tyranitar|0 fnt
|faint|p2a: Tyranitar
|-damage|p1a: Overqwil|14/100|[from] item: Life Orb
|
|-weather|Sandstorm|[upkeep]
|-damage|p1a: Overqwil|8/100|[from] Sandstorm
|upkeep
|
|t:|1776127647
|switch|p2a: Excadrill|Excadrill, F|100/100
|-damage|p2a: Excadrill|97/100|[from] Stealth Rock
|-item|p2a: Excadrill|Air Balloon
|turn|20
|
|t:|1776127653
|move|p2a: Excadrill|Rapid Spin|p1a: Overqwil
|-damage|p1a: Overqwil|0 fnt
|-boost|p2a: Excadrill|spe|1
|-sideend|p2: Blastoise_Choice|Stealth Rock|[from] move: Rapid Spin|[of] p2a: Excadrill
|faint|p1a: Overqwil
|
|-weather|Sandstorm|[upkeep]
|upkeep
|
|t:|1776127655
|switch|p1a: Pelipper|Pelipper, M|30/100
|-weather|RainDance|[from] ability: Drizzle|[of] p1a: Pelipper
|turn|21
|
|t:|1776127659
|move|p2a: Excadrill|Iron Head|p1a: Pelipper
|-resisted|p1a: Pelipper
|-damage|p1a: Pelipper|13/100
|move|p1a: Pelipper|Weather Ball|p2a: Excadrill
|-supereffective|p2a: Excadrill
|-damage|p2a: Excadrill|0 fnt
|-enditem|p2a: Excadrill|Air Balloon
|faint|p2a: Excadrill
|
|-weather|RainDance|[upkeep]
|upkeep
|
|t:|1776127663
|switch|p2a: Zamazenta|Zamazenta|91/100
|turn|22
|
|t:|1776127667
|move|p2a: Zamazenta|Body Press|p1a: Pelipper
|-resisted|p1a: Pelipper
|-damage|p1a: Pelipper|0 fnt
|faint|p1a: Pelipper
|
|-weather|RainDance|[upkeep]
|-heal|p2a: Zamazenta|97/100|[from] item: Leftovers
|upkeep
|
|t:|1776127674
|switch|p1a: Bruxish|Bruxish, M|100/100
|turn|23
|
|t:|1776127681
|move|p1a: Bruxish|Psychic Fangs|p2a: Zamazenta
|-supereffective|p2a: Zamazenta
|-damage|p2a: Zamazenta|39/100
|move|p2a: Zamazenta|Body Press|p1a: Bruxish
|-resisted|p1a: Bruxish
|-damage|p1a: Bruxish|68/100
|
|-weather|RainDance|[upkeep]
|-heal|p2a: Zamazenta|45/100|[from] item: Leftovers
|upkeep
|turn|24
|
|t:|1776127689
|move|p1a: Bruxish|Psychic Fangs|p2a: Zamazenta
|-supereffective|p2a: Zamazenta
|-damage|p2a: Zamazenta|0 fnt
|faint|p2a: Zamazenta
|
|-weather|RainDance|[upkeep]
|upkeep
|
|t:|1776127696
|switch|p2a: Hydrapple|Hydrapple, M, tera:Poison|100/100
|turn|25
|
|t:|1776127702
|move|p1a: Bruxish|Psychic Fangs|p2a: Hydrapple
|-supereffective|p2a: Hydrapple
|-damage|p2a: Hydrapple|53/100
|move|p2a: Hydrapple|Fickle Beam|p1a: Bruxish
|-damage|p1a: Bruxish|13/100
|
|-weather|RainDance|[upkeep]
|upkeep
|turn|26
|
|t:|1776127709
|switch|p2a: Slowking|Slowking-Galar, M|100/100
|move|p1a: Bruxish|Psychic Fangs|p2a: Slowking
|-damage|p2a: Slowking|68/100
|
|-weather|RainDance|[upkeep]
|upkeep
|turn|27
|
|t:|1776127716
|switch|p1a: Iron Treads|Iron Treads|62/100
|switch|p2a: Moltres|Moltres|100/100
|
|-weather|RainDance|[upkeep]
|upkeep
|turn|28
|
|t:|1776127723
|-terastallize|p1a: Iron Treads|Ghost
|move|p1a: Iron Treads|Stealth Rock|p2a: Moltres
|-sidestart|p2: Blastoise_Choice|move: Stealth Rock
|move|p2a: Moltres|Roar|p1a: Iron Treads
|-end|p1a: Iron Treads|Quark Drive|[silent]
|drag|p1a: Bruxish|Bruxish, M|13/100
|
|-weather|none
|upkeep
|turn|29
|
|t:|1776127731
|move|p1a: Bruxish|Flip Turn|p2a: Moltres
|-supereffective|p2a: Moltres
|-damage|p2a: Moltres|59/100
|
|t:|1776127735
|switch|p1a: Manaphy|Manaphy|100/100|[from] Flip Turn
|move|p2a: Moltres|U-turn|p1a: Manaphy
|-damage|p1a: Manaphy|87/100
|
|t:|1776127742
|switch|p2a: Slowking|Slowking-Galar, M|100/100|[from] U-turn
|-damage|p2a: Slowking|88/100|[from] Stealth Rock
|
|upkeep
|turn|30
|
|t:|1776127748
|move|p1a: Manaphy|Tail Glow|p1a: Manaphy
|-boost|p1a: Manaphy|spa|3
|move|p2a: Slowking|Sludge Bomb|p1a: Manaphy
|-damage|p1a: Manaphy|50/100
|
|upkeep
|turn|31
|
|t:|1776127758
|move|p1a: Manaphy|Tail Glow|p1a: Manaphy
|-boost|p1a: Manaphy|spa|3
|move|p2a: Slowking|Sludge Bomb|p1a: Manaphy
|-damage|p1a: Manaphy|18/100
|
|upkeep
|turn|32
|
|t:|1776127764
|move|p1a: Manaphy|Surf|p2a: Slowking
|-damage|p2a: Slowking|0 fnt
|faint|p2a: Slowking
|
|upkeep
|
|t:|1776127770
|switch|p2a: Moltres|Moltres|59/100
|turn|33
|
|t:|1776127776
|move|p1a: Manaphy|Surf|p2a: Moltres
|-supereffective|p2a: Moltres
|-damage|p2a: Moltres|0 fnt
|faint|p2a: Moltres
|
|upkeep
|
|t:|1776127782
|switch|p2a: Hydrapple|Hydrapple, M, tera:Poison|86/100
|-damage|p2a: Hydrapple|74/100|[from] Stealth Rock
|turn|34
|
|t:|1776127787
|move|p1a: Manaphy|Surf|p2a: Hydrapple
|-damage|p2a: Hydrapple|0 fnt
|faint|p2a: Hydrapple
|
|win|HumblestBeaver
|raw|HumblestBeaver's rating: 1565 &rarr; <strong>1584</strong><br />(+19 for winning)
|raw|Blastoise_Choice's rating: 1548 &rarr; <strong>1529</strong><br />(-19 for losing)
|c|☆Blastoise_Choice|gg
