|html|<div class="broadcast-blue"><strong>[Gen 9] OU is currently suspecting Tera Blast! For information on how to participate check out the <a href="https://www.smogon.com/tools/suspects/view/200">suspect thread</a>.</strong></div>
|j|☆TheRegisAreCool
|j|☆Arandomgamer8
|t:|1776218390
|gametype|singles
|player|p1|TheRegisAreCool|fisherman-gen4|1166
|player|p2|Arandomgamer8|265|1122
|gen|9
|tier|[Gen 9] OU
|rated|
|rule|HP Percentage Mod: HP is shown in percentages
|rule|Endless Battle Clause: Forcing endless battles is banned
|rule|Species Clause: Limit one of each Pokémon
|rule|OHKO Clause: OHKO moves are banned
|rule|Evasion Items Clause: Evasion items are banned
|rule|Evasion Moves Clause: Evasion moves are banned
|rule|Evasion Abilities Clause: Evasion abilities are banned
|rule|Sleep Moves Clause: Sleep-inducing moves are banned
|clearpoke
|poke|p1|Conkeldurr, F|
|poke|p1|Iron Moth|
|poke|p1|Glimmora, M|
|poke|p1|Kommo-o, F|
|poke|p1|Samurott-Hisui, F|
|poke|p1|Donphan, F|
|poke|p2|Heatran, F|
|poke|p2|Dragapult, F|
|poke|p2|Blaziken, M|
|poke|p2|Glimmora, F|
|poke|p2|Gliscor, F|
|poke|p2|Dondozo, M|
|teampreview
|inactive|Battle timer is ON: inactive players will automatically lose when time's up. (requested by TheRegisAreCool)
|
|t:|1776218399
|teamsize|p1|6
|teamsize|p2|6
|start
|switch|p1a: Kommo-o|Kommo-o, F|100/100
|switch|p2a: Glimmora|Glimmora, F|100/100
|turn|1
|
|t:|1776218404
|move|p1a: Kommo-o|Clangorous Soul|p1a: Kommo-o
|-boost|p1a: Kommo-o|atk|1
|-boost|p1a: Kommo-o|def|1
|-boost|p1a: Kommo-o|spa|1
|-boost|p1a: Kommo-o|spd|1
|-boost|p1a: Kommo-o|spe|1
|-damage|p1a: Kommo-o|68/100
|move|p2a: Glimmora|Stealth Rock|p1a: Kommo-o
|-sidestart|p1: TheRegisAreCool|move: Stealth Rock
|
|-heal|p1a: Kommo-o|74/100|[from] item: Leftovers
|upkeep
|turn|2
|
|t:|1776218413
|switch|p2a: Dondozo|Dondozo, M|100/100
|move|p1a: Kommo-o|Clanging Scales|p2a: Dondozo
|-damage|p2a: Dondozo|42/100
|-unboost|p1a: Kommo-o|def|1
|
|-heal|p1a: Kommo-o|80/100|[from] item: Leftovers
|-heal|p2a: Dondozo|49/100|[from] item: Leftovers
|upkeep
|turn|3
|
|t:|1776218421
|move|p2a: Dondozo|Protect|p2a: Dondozo
|-singleturn|p2a: Dondozo|Protect
|move|p1a: Kommo-o|Clanging Scales|p2a: Dondozo
|-activate|p2a: Dondozo|move: Protect
|
|-heal|p1a: Kommo-o|86/100|[from] item: Leftovers
|-heal|p2a: Dondozo|55/100|[from] item: Leftovers
|upkeep
|turn|4
|
|t:|1776218428
|move|p1a: Kommo-o|Clanging Scales|p2a: Dondozo
|-damage|p2a: Dondozo|0 fnt
|faint|p2a: Dondozo
|-unboost|p1a: Kommo-o|def|1
|
|-heal|p1a: Kommo-o|92/100|[from] item: Leftovers
|upkeep
|
|t:|1776218438
|switch|p2a: Dragapult|Dragapult, F|100/100
|turn|5
|
|t:|1776218441
|move|p2a: Dragapult|Dragon Darts|p1a: Kommo-o
|-supereffective|p1a: Kommo-o
|-damage|p1a: Kommo-o|0 fnt
|faint|p1a: Kommo-o
|
|upkeep
|
|t:|1776218460
|switch|p1a: Conkeldurr|Conkeldurr, F|100/100
|-damage|p1a: Conkeldurr|94/100|[from] Stealth Rock
|turn|6
|
|t:|1776218464
|move|p2a: Dragapult|Dragon Darts|p1a: Conkeldurr
|-damage|p1a: Conkeldurr|62/100
|-anim|p2a: Dragapult|Dragon Darts|p1a: Conkeldurr
|-damage|p1a: Conkeldurr|28/100
|move|p1a: Conkeldurr|Knock Off|p2a: Dragapult
|-supereffective|p2a: Dragapult
|-damage|p2a: Dragapult|0 fnt
|-enditem|p2a: Dragapult|Choice Band|[from] move: Knock Off|[of] p1a: Conkeldurr
|faint|p2a: Dragapult
|
|-status|p1a: Conkeldurr|brn|[from] item: Flame Orb
|upkeep
|
|t:|1776218477
|switch|p2a: Blaziken|Blaziken, M|100/100
|turn|7
|
|t:|1776218482
|move|p2a: Blaziken|Protect|p2a: Blaziken
|-singleturn|p2a: Blaziken|Protect
|move|p1a: Conkeldurr|Facade|p2a: Blaziken
|-activate|p2a: Blaziken|move: Protect
|
|-damage|p1a: Conkeldurr|22/100 brn|[from] brn
|-ability|p2a: Blaziken|Speed Boost|boost
|-boost|p2a: Blaziken|spe|1
|upkeep
|turn|8
|
|t:|1776218493
|-terastallize|p2a: Blaziken|Flying
|move|p1a: Conkeldurr|Mach Punch|p2a: Blaziken
|-resisted|p2a: Blaziken
|-damage|p2a: Blaziken|75/100
|move|p2a: Blaziken|Acrobatics|p1a: Conkeldurr
|-supereffective|p1a: Conkeldurr
|-damage|p1a: Conkeldurr|0 fnt
|faint|p1a: Conkeldurr
|
|-ability|p2a: Blaziken|Speed Boost|boost
|-boost|p2a: Blaziken|spe|1
|upkeep
|
|t:|1776218502
|switch|p1a: Donphan|Donphan, F|100/100
|turn|9
|
|t:|1776218505
|move|p2a: Blaziken|Swords Dance|p2a: Blaziken
|-boost|p2a: Blaziken|atk|2
|move|p1a: Donphan|Rapid Spin|p2a: Blaziken
|-damage|p2a: Blaziken|49/100
|-boost|p1a: Donphan|spe|1
|-sideend|p1: TheRegisAreCool|Stealth Rock|[from] move: Rapid Spin|[of] p1a: Donphan
|
|-ability|p2a: Blaziken|Speed Boost|boost
|-boost|p2a: Blaziken|spe|1
|upkeep
|turn|10
|
|t:|1776218514
|move|p2a: Blaziken|Acrobatics|p1a: Donphan
|-ability|p1a: Donphan|Sturdy
|-damage|p1a: Donphan|1/100
|move|p1a: Donphan|Rapid Spin|p2a: Blaziken
|-damage|p2a: Blaziken|22/100
|-boost|p1a: Donphan|spe|1
|
|-ability|p2a: Blaziken|Speed Boost|boost
|-boost|p2a: Blaziken|spe|1
|upkeep
|turn|11
|
|t:|1776218524
|move|p1a: Donphan|Ice Shard|p2a: Blaziken
|-supereffective|p2a: Blaziken
|-damage|p2a: Blaziken|0 fnt
|faint|p2a: Blaziken
|
|upkeep
|
|t:|1776218528
|switch|p2a: Glimmora|Glimmora, F|100/100
|turn|12
|
|t:|1776218534
|move|p1a: Donphan|Earthquake|p2a: Glimmora
|-supereffective|p2a: Glimmora
|-damage|p2a: Glimmora|0 fnt
|-activate|p2a: Glimmora|ability: Toxic Debris
|-sidestart|p1: TheRegisAreCool|move: Toxic Spikes
|faint|p2a: Glimmora
|
|upkeep
|-message|Arandomgamer8 forfeited.
|
|win|TheRegisAreCool
|raw|TheRegisAreCool's rating: 1166 &rarr; <strong>1188</strong><br />(+22 for winning)
|raw|Arandomgamer8's rating: 1122 &rarr; <strong>1100</strong><br />(-22 for losing)
