|html|<div class="broadcast-blue"><strong>[Gen 9] OU is currently suspecting Tera Blast! For information on how to participate check out the <a href="https://www.smogon.com/tools/suspects/view/200">suspect thread</a>.</strong></div>
|j|☆Inkyyyy
|j|☆mothfox
|t:|1776190414
|gametype|singles
|player|p1|Inkyyyy|cress|1370
|player|p2|mothfox|colress|1295
|gen|9
|tier|[Gen 9] OU
|rated|
|rule|HP Percentage Mod: HP is shown in percentages
|rule|Endless Battle Clause: Forcing endless battles is banned
|rule|Species Clause: Limit one of each Pokémon
|rule|OHKO Clause: OHKO moves are banned
|rule|Evasion Items Clause: Evasion items are banned
|rule|Evasion Moves Clause: Evasion moves are banned
|rule|Evasion Abilities Clause: Evasion abilities are banned
|rule|Sleep Moves Clause: Sleep-inducing moves are banned
|clearpoke
|poke|p1|Glimmora, M|
|poke|p1|Thundurus-Therian, M|
|poke|p1|Tornadus-Therian, M|
|poke|p2|Corviknight, F|
|poke|p2|Gliscor, M|
|poke|p2|Blissey, F|
|poke|p2|Dondozo, M|
|poke|p2|Toxapex, M|
|poke|p2|Weezing-Galar, M|
|teampreview
|inactive|Battle timer is ON: inactive players will automatically lose when time's up. (requested by mothfox)
|c|☆mothfox|uh
|c|☆Inkyyyy|uh
|c|☆Inkyyyy|something went wrong
|c|☆mothfox|clearly
|inactive|Inkyyyy has 120 seconds left.
|inactive|mothfox has 120 seconds left.
|c|☆Inkyyyy|who needs 6 pokemon anyway
|
|t:|1776190456
|teamsize|p1|3
|teamsize|p2|6
|start
|switch|p1a: Thundurus|Thundurus-Therian, M|100/100
|switch|p2a: Gliscor|Gliscor, M|100/100
|turn|1
|
|t:|1776190471
|move|p2a: Gliscor|Protect|p2a: Gliscor
|-singleturn|p2a: Gliscor|Protect
|move|p1a: Thundurus|Grass Knot|p2a: Gliscor
|-activate|p2a: Gliscor|move: Protect
|
|-status|p2a: Gliscor|tox|[from] item: Toxic Orb
|upkeep
|turn|2
|c|☆mothfox|fair enough lmao
|
|t:|1776190483
|switch|p2a: Blob|Blissey, F|100/100
|move|p1a: Thundurus|Grass Knot|p2a: Blob
|-damage|p2a: Blob|89/100
|
|upkeep
|turn|3
|
|t:|1776190489
|switch|p1a: Glimmora|Glimmora, M|100/100
|move|p2a: Blob|Stealth Rock|p1a: Glimmora
|-sidestart|p1: Inkyyyy|move: Stealth Rock
|
|upkeep
|turn|4
|
|t:|1776190498
|switch|p2a: Corviknight|Corviknight, F|100/100
|-ability|p2a: Corviknight|Pressure
|move|p1a: Glimmora|Stealth Rock|p2a: Corviknight
|-sidestart|p2: mothfox|move: Stealth Rock
|
|upkeep
|turn|5
|
|t:|1776190514
|switch|p1a: Thundurus|Thundurus-Therian, M|100/100
|-damage|p1a: Thundurus|76/100|[from] Stealth Rock
|move|p2a: Corviknight|Body Press|p1a: Thundurus
|-resisted|p1a: Thundurus
|-damage|p1a: Thundurus|61/100
|
|upkeep
|turn|6
|
|t:|1776190522
|switch|p2a: Blob|Blissey, F|89/100
|move|p1a: Thundurus|Grass Knot|p2a: Blob
|-damage|p2a: Blob|77/100
|
|upkeep
|turn|7
|
|t:|1776190528
|switch|p1a: Glimmora|Glimmora, M|100/100
|-damage|p1a: Glimmora|88/100|[from] Stealth Rock
|move|p2a: Blob|Shadow Ball|p1a: Glimmora
|-crit|p1a: Glimmora
|-damage|p1a: Glimmora|57/100
|
|upkeep
|turn|8
|
|t:|1776190537
|move|p1a: Glimmora|Mortal Spin|p2a: Blob
|-damage|p2a: Blob|72/100
|-status|p2a: Blob|psn
|-sideend|p1: Inkyyyy|Stealth Rock|[from] move: Mortal Spin|[of] p1a: Glimmora
|move|p2a: Blob|Shadow Ball|p1a: Glimmora
|-damage|p1a: Glimmora|37/100
|
|-damage|p2a: Blob|59/100 psn|[from] psn
|upkeep
|turn|9
|
|t:|1776190552
|move|p1a: Glimmora|Meteor Beam||[still]
|-prepare|p1a: Glimmora|Meteor Beam
|-boost|p1a: Glimmora|spa|1
|-enditem|p1a: Glimmora|Power Herb
|-anim|p1a: Glimmora|Meteor Beam|p2a: Blob
|-damage|p2a: Blob|24/100 psn
|move|p2a: Blob|Shadow Ball|p1a: Glimmora
|-damage|p1a: Glimmora|16/100
|
|-damage|p2a: Blob|11/100 psn|[from] psn
|upkeep
|turn|10
|
|t:|1776190570
|-curestatus|p2a: Blob|psn|[from] ability: Natural Cure
|switch|p2a: Toxapex|Toxapex, M|100/100
|move|p1a: Glimmora|Earth Power|p2a: Toxapex
|-supereffective|p2a: Toxapex
|-damage|p2a: Toxapex|12/100
|-unboost|p2a: Toxapex|spd|1
|
|upkeep
|turn|11
|
|t:|1776190587
|switch|p2a: Gliscor|Gliscor, M|100/100 tox
|-damage|p2a: Gliscor|88/100 tox|[from] Stealth Rock
|move|p1a: Glimmora|Meteor Beam||[still]
|-prepare|p1a: Glimmora|Meteor Beam
|-boost|p1a: Glimmora|spa|1
|
|-heal|p2a: Gliscor|100/100 tox|[from] ability: Poison Heal
|upkeep
|turn|12
|
|t:|1776190596
|move|p2a: Gliscor|Protect|p2a: Gliscor
|-singleturn|p2a: Gliscor|Protect
|move|p1a: Glimmora|Meteor Beam|p2a: Gliscor|[from] lockedmove
|-activate|p2a: Gliscor|move: Protect
|
|upkeep
|turn|13
|
|t:|1776190606
|move|p1a: Glimmora|Mortal Spin|p2a: Gliscor
|-resisted|p2a: Gliscor
|-damage|p2a: Gliscor|98/100 tox
|move|p2a: Gliscor|Earthquake|p1a: Glimmora
|-supereffective|p1a: Glimmora
|-damage|p1a: Glimmora|0 fnt
|-activate|p1a: Glimmora|ability: Toxic Debris
|-sidestart|p2: mothfox|move: Toxic Spikes
|faint|p1a: Glimmora
|
|-heal|p2a: Gliscor|100/100 tox|[from] ability: Poison Heal
|upkeep
|
|t:|1776190615
|switch|p1a: Tornadus|Tornadus-Therian, M|100/100
|turn|14
|
|t:|1776190622
|move|p1a: Tornadus|Icy Wind|p2a: Gliscor
|-supereffective|p2a: Gliscor
|-damage|p2a: Gliscor|50/100 tox
|-unboost|p2a: Gliscor|spe|1
|move|p2a: Gliscor|Knock Off|p1a: Tornadus
|-damage|p1a: Tornadus|76/100
|-enditem|p1a: Tornadus|Assault Vest|[from] move: Knock Off|[of] p2a: Gliscor
|
|-heal|p2a: Gliscor|63/100 tox|[from] ability: Poison Heal
|upkeep
|turn|15
|
|t:|1776190641
|move|p2a: Gliscor|Protect|p2a: Gliscor
|-singleturn|p2a: Gliscor|Protect
|move|p1a: Tornadus|Icy Wind|p2a: Gliscor
|-activate|p2a: Gliscor|move: Protect
|
|-heal|p2a: Gliscor|75/100 tox|[from] ability: Poison Heal
|upkeep
|turn|16
|
|t:|1776190654
|switch|p2a: Blob|Blissey, F|11/100
|move|p1a: Tornadus|Icy Wind|p2a: Blob
|-damage|p2a: Blob|6/100
|-unboost|p2a: Blob|spe|1
|
|upkeep
|turn|17
|
|t:|1776190665
|move|p1a: Tornadus|Knock Off|p2a: Blob
|-damage|p2a: Blob|0 fnt
|-enditem|p2a: Blob|Heavy-Duty Boots|[from] move: Knock Off|[of] p1a: Tornadus
|faint|p2a: Blob
|
|upkeep
|
|t:|1776190678
|switch|p2a: Gliscor|Gliscor, M|75/100 tox
|-damage|p2a: Gliscor|63/100 tox|[from] Stealth Rock
|turn|18
|
|t:|1776190686
|-terastallize|p2a: Gliscor|Water
|move|p1a: Tornadus|Icy Wind|p2a: Gliscor
|-resisted|p2a: Gliscor
|-damage|p2a: Gliscor|57/100 tox
|-unboost|p2a: Gliscor|spe|1
|move|p2a: Gliscor|Knock Off|p1a: Tornadus
|-damage|p1a: Tornadus|60/100
|
|-heal|p2a: Gliscor|70/100 tox|[from] ability: Poison Heal
|upkeep
|turn|19
|
|t:|1776190697
|move|p1a: Tornadus|U-turn|p2a: Gliscor
|-damage|p2a: Gliscor|57/100 tox
|
|t:|1776190699
|switch|p1a: Thundurus|Thundurus-Therian, M|61/100|[from] U-turn
|move|p2a: Gliscor|Knock Off|p1a: Thundurus
|-damage|p1a: Thundurus|30/100
|-enditem|p1a: Thundurus|Choice Specs|[from] move: Knock Off|[of] p2a: Gliscor
|
|-heal|p2a: Gliscor|70/100 tox|[from] ability: Poison Heal
|upkeep
|turn|20
|
|t:|1776190724
|move|p2a: Gliscor|Protect|p2a: Gliscor
|-singleturn|p2a: Gliscor|Protect
|move|p1a: Thundurus|Volt Switch|p2a: Gliscor
|-activate|p2a: Gliscor|move: Protect
|
|-heal|p2a: Gliscor|82/100 tox|[from] ability: Poison Heal
|upkeep
|turn|21
|
|t:|1776190735
|switch|p2a: Smokestack|Weezing-Galar, M|100/100
|-ability|p2a: Smokestack|Neutralizing Gas
|-sideend|p2: mothfox|move: Toxic Spikes|[of] p2a: Smokestack
|move|p1a: Thundurus|Volt Switch|p2a: Smokestack
|-damage|p2a: Smokestack|50/100
|
|t:|1776190738
|switch|p1a: Tornadus|Tornadus-Therian, M|94/100|[from] Volt Switch
|
|upkeep
|turn|22
|
|t:|1776190749
|move|p1a: Tornadus|U-turn|p2a: Smokestack
|-resisted|p2a: Smokestack
|-damage|p2a: Smokestack|48/100
|
|t:|1776190751
|switch|p1a: Thundurus|Thundurus-Therian, M|30/100|[from] U-turn
|move|p2a: Smokestack|Pain Split|p1a: Thundurus
|-sethp|p1a: Thundurus|42/100|[from] move: Pain Split|[silent]
|-sethp|p2a: Smokestack|37/100|[from] move: Pain Split
|
|upkeep
|turn|23
|
|t:|1776190763
|move|p1a: Thundurus|Volt Switch|p2a: Smokestack
|-crit|p2a: Smokestack
|-damage|p2a: Smokestack|0 fnt
|faint|p2a: Smokestack
|-end|p2a: Smokestack|ability: Neutralizing Gas
|
|t:|1776190766
|switch|p1a: Tornadus|Tornadus-Therian, M|94/100|[from] Volt Switch
|
|upkeep
|
|t:|1776190779
|switch|p2a: Dondozo|Dondozo, M|100/100
|turn|24
|
|t:|1776190784
|move|p1a: Tornadus|Knock Off|p2a: Dondozo
|-damage|p2a: Dondozo|92/100
|-enditem|p2a: Dondozo|Heavy-Duty Boots|[from] move: Knock Off|[of] p1a: Tornadus
|move|p2a: Dondozo|Avalanche|p1a: Tornadus
|-supereffective|p1a: Tornadus
|-damage|p1a: Tornadus|30/100
|
|upkeep
|turn|25
|
|t:|1776190796
|move|p1a: Tornadus|Bleakwind Storm|p2a: Dondozo|[miss]
|-miss|p1a: Tornadus|p2a: Dondozo
|move|p2a: Dondozo|Avalanche|p1a: Tornadus
|-supereffective|p1a: Tornadus
|-damage|p1a: Tornadus|0 fnt
|faint|p1a: Tornadus
|
|upkeep
|
|t:|1776190797
|switch|p1a: Thundurus|Thundurus-Therian, M|42/100
|turn|26
|
|t:|1776190824
|move|p1a: Thundurus|Volt Switch|p2a: Dondozo
|-supereffective|p2a: Dondozo
|-damage|p2a: Dondozo|17/100
|move|p2a: Dondozo|Avalanche|p1a: Thundurus
|-supereffective|p1a: Thundurus
|-damage|p1a: Thundurus|0 fnt
|faint|p1a: Thundurus
|
|win|mothfox
|raw|Inkyyyy's rating: 1370 &rarr; <strong>1346</strong><br />(-24 for losing)
|raw|mothfox's rating: 1295 &rarr; <strong>1325</strong><br />(+30 for winning)
