|html|<div class="broadcast-blue"><strong>[Gen 9] OU is currently suspecting Tera Blast! For information on how to participate check out the <a href="https://www.smogon.com/tools/suspects/view/200">suspect thread</a>.</strong></div>
|j|☆thodoras edition
|j|☆treeshhhh
|t:|1776336736
|gametype|singles
|player|p1|thodoras edition|265|1716
|player|p2|treeshhhh|169|1593
|gen|9
|tier|[Gen 9] OU
|rated|
|rule|HP Percentage Mod: HP is shown in percentages
|rule|Endless Battle Clause: Forcing endless battles is banned
|rule|Species Clause: Limit one of each Pokémon
|rule|OHKO Clause: OHKO moves are banned
|rule|Evasion Items Clause: Evasion items are banned
|rule|Evasion Moves Clause: Evasion moves are banned
|rule|Evasion Abilities Clause: Evasion abilities are banned
|rule|Sleep Moves Clause: Sleep-inducing moves are banned
|clearpoke
|poke|p1|Ditto|
|poke|p1|Hoopa-Unbound|
|poke|p1|Corviknight, M|
|poke|p1|Great Tusk|
|poke|p1|Dragonite, F|
|poke|p1|Dragapult, F|
|poke|p2|Slowking-Galar, F|
|poke|p2|Tornadus-Therian, M|
|poke|p2|Cinderace, F|
|poke|p2|Lokix, F|
|poke|p2|Hydrapple, F|
|poke|p2|Great Tusk|
|teampreview
|inactive|Battle timer is ON: inactive players will automatically lose when time's up. (requested by thodoras edition)
|inactive|treeshhhh has 120 seconds left.
|inactive|treeshhhh has 90 seconds left.
|
|t:|1776336857
|teamsize|p1|6
|teamsize|p2|6
|start
|switch|p1a: Dragapult|Dragapult, F|100/100
|switch|p2a: Tornadus|Tornadus-Therian, M|100/100
|turn|1
|
|t:|1776336864
|-terastallize|p1a: Dragapult|Dragon
|move|p1a: Dragapult|Draco Meteor|p2a: Tornadus
|-damage|p2a: Tornadus|37/100
|-unboost|p1a: Dragapult|spa|2
|move|p2a: Tornadus|Knock Off|p1a: Dragapult
|-damage|p1a: Dragapult|73/100
|-enditem|p1a: Dragapult|Choice Specs|[from] move: Knock Off|[of] p2a: Tornadus
|
|upkeep
|turn|2
|
|t:|1776336876
|move|p1a: Dragapult|U-turn|p2a: Tornadus
|-resisted|p2a: Tornadus
|-damage|p2a: Tornadus|28/100
|
|t:|1776336882
|switch|p1a: Corviknight|Corviknight, M|100/100|[from] U-turn
|-ability|p1a: Corviknight|Pressure
|move|p2a: Tornadus|U-turn|p1a: Corviknight
|-resisted|p1a: Corviknight
|-damage|p1a: Corviknight|98/100
|
|t:|1776336888
|switch|p2a: Cinderace|Cinderace, F|100/100|[from] U-turn
|
|-heal|p1a: Corviknight|100/100|[from] item: Leftovers
|upkeep
|turn|3
|inactive|thodoras edition has 120 seconds left.
|
|t:|1776336922
|move|p1a: Corviknight|Protect|p1a: Corviknight
|-singleturn|p1a: Corviknight|Protect
|move|p2a: Cinderace|Will-O-Wisp|p1a: Corviknight
|-activate|p1a: Corviknight|move: Protect
|
|upkeep
|turn|4
|inactive|thodoras edition has 120 seconds left.
|
|t:|1776336941
|switch|p1a: Dragapult|Dragapult, F, tera:Dragon|73/100
|move|p2a: Cinderace|Will-O-Wisp|p1a: Dragapult|[miss]
|-miss|p2a: Cinderace|p1a: Dragapult
|
|upkeep
|turn|5
|
|t:|1776336948
|switch|p2a: Slowking|Slowking-Galar, F|100/100
|move|p1a: Dragapult|Draco Meteor|p2a: Slowking
|-damage|p2a: Slowking|41/100
|-unboost|p1a: Dragapult|spa|2
|
|upkeep
|turn|6
|
|t:|1776336961
|switch|p2a: Tornadus|Tornadus-Therian, M|61/100
|move|p1a: Dragapult|Draco Meteor|p2a: Tornadus
|-damage|p2a: Tornadus|39/100
|-unboost|p1a: Dragapult|spa|2
|
|upkeep
|turn|7
|
|t:|1776336970
|move|p1a: Dragapult|Draco Meteor|p2a: Tornadus
|-damage|p2a: Tornadus|25/100
|-unboost|p1a: Dragapult|spa|2
|move|p2a: Tornadus|U-turn|p1a: Dragapult
|-damage|p1a: Dragapult|53/100
|
|t:|1776336978
|switch|p2a: Lokix|Lokix, F|100/100|[from] U-turn
|
|upkeep
|turn|8
|
|t:|1776336989
|move|p1a: Dragapult|U-turn|p2a: Lokix
|-supereffective|p2a: Lokix
|-damage|p2a: Lokix|52/100
|
|t:|1776336998
|switch|p1a: Dragonite|Dragonite, F|100/100|[from] U-turn
|move|p2a: Lokix|U-turn|p1a: Dragonite
|-resisted|p1a: Dragonite
|-damage|p1a: Dragonite|76/100
|inactive|treeshhhh has 120 seconds left.
|inactive|treeshhhh has 90 seconds left.
|
|t:|1776337082
|switch|p2a: Great Tusk|Great Tusk|100/100|[from] U-turn
|
|-heal|p1a: Dragonite|82/100|[from] item: Leftovers
|upkeep
|turn|9
|
|t:|1776337093
|switch|p1a: Corviknight|Corviknight, M|100/100
|-ability|p1a: Corviknight|Pressure
|move|p2a: Great Tusk|Ice Spinner|p1a: Corviknight
|-damage|p1a: Corviknight|83/100
|
|-heal|p1a: Corviknight|89/100|[from] item: Leftovers
|upkeep
|turn|10
|inactive|treeshhhh has 90 seconds left.
|
|t:|1776337132
|move|p2a: Great Tusk|Stealth Rock|p1a: Corviknight
|-sidestart|p1: thodoras edition|move: Stealth Rock
|move|p1a: Corviknight|Brave Bird|p2a: Great Tusk
|-supereffective|p2a: Great Tusk
|-damage|p2a: Great Tusk|50/100
|-damage|p1a: Corviknight|72/100|[from] item: Rocky Helmet|[of] p2a: Great Tusk
|-damage|p1a: Corviknight|54/100|[from] Recoil
|
|-heal|p1a: Corviknight|60/100|[from] item: Leftovers
|upkeep
|turn|11
|
|t:|1776337151
|-end|p2a: Great Tusk|Protosynthesis|[silent]
|switch|p2a: Cinderace|Cinderace, F|100/100
|move|p1a: Corviknight|Brave Bird|p2a: Cinderace
|-damage|p2a: Cinderace|58/100
|-damage|p1a: Corviknight|48/100|[from] Recoil
|
|-heal|p1a: Corviknight|54/100|[from] item: Leftovers
|upkeep
|turn|12
|
|t:|1776337164
|move|p1a: Corviknight|Protect|p1a: Corviknight
|-singleturn|p1a: Corviknight|Protect
|move|p2a: Cinderace|Pyro Ball|p1a: Corviknight
|-activate|p1a: Corviknight|move: Protect
|
|-heal|p1a: Corviknight|60/100|[from] item: Leftovers
|upkeep
|turn|13
|
|t:|1776337181
|switch|p1a: Ditto|Ditto|100/100
|-damage|p1a: Ditto|88/100|[from] Stealth Rock
|-transform|p1a: Ditto|p2a: Cinderace|[from] ability: Imposter
|move|p2a: Cinderace|Pyro Ball|p1a: Ditto
|-resisted|p1a: Ditto
|-damage|p1a: Ditto|55/100
|
|upkeep
|turn|14
|inactive|treeshhhh has 60 seconds left.
|
|t:|1776337240
|move|p1a: Ditto|Pyro Ball|p2a: Cinderace
|-resisted|p2a: Cinderace
|-damage|p2a: Cinderace|29/100
|move|p2a: Cinderace|U-turn|p1a: Ditto
|-start|p2a: Cinderace|typechange|Bug|[from] ability: Libero
|-resisted|p1a: Ditto
|-damage|p1a: Ditto|33/100
|
|t:|1776337245
|switch|p2a: Lokix|Lokix, F|52/100|[from] U-turn
|
|upkeep
|turn|15
|inactive|thodoras edition has 120 seconds left.
|
|t:|1776337290
|switch|p1a: Dragonite|Dragonite, F|82/100
|-damage|p1a: Dragonite|57/100|[from] Stealth Rock
|move|p2a: Lokix|First Impression|p1a: Dragonite
|-resisted|p1a: Dragonite
|-damage|p1a: Dragonite|0 fnt
|faint|p1a: Dragonite
|
|upkeep
|inactive|thodoras edition has 90 seconds left.
|
|t:|1776337335
|switch|p1a: Great Tusk|Great Tusk|100/100
|-damage|p1a: Great Tusk|97/100|[from] Stealth Rock
|turn|16
|inactive|treeshhhh has 60 seconds left.
|
|t:|1776337349
|switch|p2a: Tornadus|Tornadus-Therian, M|59/100
|move|p1a: Great Tusk|Rapid Spin|p2a: Tornadus
|-damage|p2a: Tornadus|41/100
|-boost|p1a: Great Tusk|spe|1
|-sideend|p1: thodoras edition|Stealth Rock|[from] move: Rapid Spin|[of] p1a: Great Tusk
|
|-heal|p1a: Great Tusk|100/100|[from] item: Leftovers
|upkeep
|turn|17
|inactive|treeshhhh has 60 seconds left.
|
|t:|1776337361
|-end|p1a: Great Tusk|Protosynthesis|[silent]
|switch|p1a: Dragapult|Dragapult, F, tera:Dragon|53/100
|switch|p2a: Great Tusk|Great Tusk|50/100
|
|upkeep
|turn|18
|
|t:|1776337369
|-end|p2a: Great Tusk|Protosynthesis|[silent]
|switch|p2a: Slowking|Slowking-Galar, F|74/100
|move|p1a: Dragapult|Shadow Ball|p2a: Slowking
|-supereffective|p2a: Slowking
|-damage|p2a: Slowking|22/100
|
|upkeep
|turn|19
|
|t:|1776337372
|switch|p2a: Tornadus|Tornadus-Therian, M|74/100
|move|p1a: Dragapult|Shadow Ball|p2a: Tornadus
|-damage|p2a: Tornadus|57/100
|
|upkeep
|turn|20
|
|t:|1776337379
|move|p1a: Dragapult|Draco Meteor|p2a: Tornadus
|-damage|p2a: Tornadus|16/100
|-unboost|p1a: Dragapult|spa|2
|move|p2a: Tornadus|U-turn|p1a: Dragapult
|-damage|p1a: Dragapult|33/100
|
|t:|1776337382
|switch|p2a: Lokix|Lokix, F|52/100|[from] U-turn
|
|upkeep
|turn|21
|
|t:|1776337385
|move|p2a: Lokix|First Impression|p1a: Dragapult
|-damage|p1a: Dragapult|0 fnt
|faint|p1a: Dragapult
|
|upkeep
|
|t:|1776337389
|switch|p1a: Great Tusk|Great Tusk|100/100
|turn|22
|inactive|treeshhhh has 90 seconds left.
|
|t:|1776337421
|switch|p2a: Tornadus|Tornadus-Therian, M|49/100
|move|p1a: Great Tusk|Rapid Spin|p2a: Tornadus
|-damage|p2a: Tornadus|32/100
|-boost|p1a: Great Tusk|spe|1
|
|upkeep
|turn|23
|
|t:|1776337425
|switch|p2a: Great Tusk|Great Tusk|50/100
|move|p1a: Great Tusk|Ice Spinner|p2a: Great Tusk
|-supereffective|p2a: Great Tusk
|-damage|p2a: Great Tusk|22/100
|-damage|p1a: Great Tusk|84/100|[from] item: Rocky Helmet|[of] p2a: Great Tusk
|
|-heal|p1a: Great Tusk|90/100|[from] item: Leftovers
|upkeep
|turn|24
|
|t:|1776337429
|move|p1a: Great Tusk|Bulk Up|p1a: Great Tusk
|-boost|p1a: Great Tusk|atk|1
|-boost|p1a: Great Tusk|def|1
|move|p2a: Great Tusk|Stealth Rock|p1a: Great Tusk
|-sidestart|p1: thodoras edition|move: Stealth Rock
|
|-heal|p1a: Great Tusk|96/100|[from] item: Leftovers
|upkeep
|turn|25
|
|t:|1776337432
|move|p1a: Great Tusk|Bulk Up|p1a: Great Tusk
|-boost|p1a: Great Tusk|atk|1
|-boost|p1a: Great Tusk|def|1
|move|p2a: Great Tusk|Ice Spinner|p1a: Great Tusk
|-supereffective|p1a: Great Tusk
|-damage|p1a: Great Tusk|81/100
|
|-heal|p1a: Great Tusk|87/100|[from] item: Leftovers
|upkeep
|turn|26
|
|t:|1776337435
|-end|p2a: Great Tusk|Protosynthesis|[silent]
|switch|p2a: Tornadus|Tornadus-Therian, M|65/100
|move|p1a: Great Tusk|Bulk Up|p1a: Great Tusk
|-boost|p1a: Great Tusk|atk|1
|-boost|p1a: Great Tusk|def|1
|
|-heal|p1a: Great Tusk|93/100|[from] item: Leftovers
|upkeep
|turn|27
|
|t:|1776337438
|-terastallize|p2a: Tornadus|Ice
|move|p1a: Great Tusk|Ice Spinner|p2a: Tornadus
|-resisted|p2a: Tornadus
|-damage|p2a: Tornadus|33/100
|move|p2a: Tornadus|Bleakwind Storm|p1a: Great Tusk
|-supereffective|p1a: Great Tusk
|-damage|p1a: Great Tusk|0 fnt
|faint|p1a: Great Tusk
|-end|p1a: Great Tusk|Protosynthesis|[silent]
|
|upkeep
|
|t:|1776337446
|switch|p1a: Corviknight|Corviknight, M|60/100
|-damage|p1a: Corviknight|48/100|[from] Stealth Rock
|-ability|p1a: Corviknight|Pressure
|turn|28
|
|t:|1776337451
|move|p2a: Tornadus|Heat Wave|p1a: Corviknight
|-supereffective|p1a: Corviknight
|-damage|p1a: Corviknight|13/100
|move|p1a: Corviknight|Roost|p1a: Corviknight
|-heal|p1a: Corviknight|63/100
|-singleturn|p1a: Corviknight|move: Roost
|
|-heal|p1a: Corviknight|69/100|[from] item: Leftovers
|upkeep
|turn|29
|
|t:|1776337456
|switch|p2a: Cinderace|Cinderace, F|29/100
|move|p1a: Corviknight|Roost|p1a: Corviknight
|-heal|p1a: Corviknight|100/100
|-singleturn|p1a: Corviknight|move: Roost
|
|upkeep
|turn|30
|
|t:|1776337463
|move|p1a: Corviknight|Protect|p1a: Corviknight
|-singleturn|p1a: Corviknight|Protect
|move|p2a: Cinderace|Will-O-Wisp|p1a: Corviknight
|-activate|p1a: Corviknight|move: Protect
|
|upkeep
|turn|31
|
|t:|1776337467
|move|p2a: Cinderace|U-turn|p1a: Corviknight
|-start|p2a: Cinderace|typechange|Bug|[from] ability: Libero
|-resisted|p1a: Corviknight
|-damage|p1a: Corviknight|95/100
|
|t:|1776337474
|switch|p2a: Great Tusk|Great Tusk|22/100|[from] U-turn
|move|p1a: Corviknight|Brave Bird|p2a: Great Tusk
|-supereffective|p2a: Great Tusk
|-damage|p2a: Great Tusk|0 fnt
|-damage|p1a: Corviknight|78/100|[from] item: Rocky Helmet|[of] p2a: Great Tusk
|faint|p2a: Great Tusk
|-end|p2a: Great Tusk|Protosynthesis|[silent]
|-damage|p1a: Corviknight|71/100|[from] Recoil
|
|-heal|p1a: Corviknight|77/100|[from] item: Leftovers
|upkeep
|inactive|treeshhhh has 120 seconds left.
|
|t:|1776337508
|switch|p2a: Cinderace|Cinderace, F|29/100
|turn|32
|
|t:|1776337517
|move|p1a: Corviknight|Protect|p1a: Corviknight
|-singleturn|p1a: Corviknight|Protect
|move|p2a: Cinderace|Pyro Ball|p1a: Corviknight
|-activate|p1a: Corviknight|move: Protect
|
|-heal|p1a: Corviknight|83/100|[from] item: Leftovers
|upkeep
|turn|33
|
|t:|1776337521
|switch|p1a: Hoopa|Hoopa-Unbound|100/100
|-damage|p1a: Hoopa|88/100|[from] Stealth Rock
|move|p2a: Cinderace|Pyro Ball|p1a: Hoopa|[miss]
|-miss|p2a: Cinderace|p1a: Hoopa
|
|upkeep
|turn|34
|
|t:|1776337527
|switch|p1a: Corviknight|Corviknight, M|83/100
|-damage|p1a: Corviknight|70/100|[from] Stealth Rock
|-ability|p1a: Corviknight|Pressure
|move|p2a: Cinderace|U-turn|p1a: Corviknight
|-start|p2a: Cinderace|typechange|Bug|[from] ability: Libero
|-resisted|p1a: Corviknight
|-damage|p1a: Corviknight|64/100
|
|t:|1776337533
|switch|p2a: Slowking|Slowking-Galar, F|56/100|[from] U-turn
|
|-heal|p1a: Corviknight|70/100|[from] item: Leftovers
|upkeep
|turn|35
|
|t:|1776337540
|move|p1a: Corviknight|Roost|p1a: Corviknight
|-heal|p1a: Corviknight|100/100
|-singleturn|p1a: Corviknight|move: Roost
|move|p2a: Slowking|Psychic Noise|p1a: Corviknight
|-resisted|p1a: Corviknight
|-damage|p1a: Corviknight|91/100
|-start|p1a: Corviknight|move: Heal Block
|
|upkeep
|turn|36
|
|t:|1776337544
|move|p1a: Corviknight|Brave Bird|p2a: Slowking
|-damage|p2a: Slowking|29/100
|-damage|p1a: Corviknight|82/100|[from] Recoil
|-prepare|p2a: Slowking|Chilly Reception|[premajor]
|move|p2a: Slowking|Chilly Reception|p2a: Slowking
|-weather|Snowscape
|inactive|treeshhhh has 120 seconds left.
|inactive|treeshhhh has 90 seconds left.
|
|t:|1776337616
|switch|p2a: Tornadus|Tornadus-Therian, M, tera:Ice|66/100|[from] Chilly Reception
|
|-weather|Snowscape|[upkeep]
|-end|p1a: Corviknight|move: Heal Block
|upkeep
|turn|37
|
|t:|1776337623
|move|p2a: Tornadus|Heat Wave|p1a: Corviknight
|-supereffective|p1a: Corviknight
|-damage|p1a: Corviknight|51/100
|move|p1a: Corviknight|Brave Bird|p2a: Tornadus
|-damage|p2a: Tornadus|40/100
|-damage|p1a: Corviknight|43/100|[from] Recoil
|
|-weather|Snowscape|[upkeep]
|-heal|p1a: Corviknight|49/100|[from] item: Leftovers
|upkeep
|turn|38
|inactive|treeshhhh has 90 seconds left.
|
|t:|1776337647
|move|p2a: Tornadus|Knock Off|p1a: Corviknight
|-damage|p1a: Corviknight|34/100
|-enditem|p1a: Corviknight|Leftovers|[from] move: Knock Off|[of] p2a: Tornadus
|move|p1a: Corviknight|Roost|p1a: Corviknight
|-heal|p1a: Corviknight|84/100
|-singleturn|p1a: Corviknight|move: Roost
|
|-weather|Snowscape|[upkeep]
|upkeep
|turn|39
|
|t:|1776337651
|move|p2a: Tornadus|U-turn|p1a: Corviknight
|-resisted|p1a: Corviknight
|-damage|p1a: Corviknight|81/100
|inactive|treeshhhh has 90 seconds left.
|
|t:|1776337667
|switch|p2a: Slowking|Slowking-Galar, F|62/100|[from] U-turn
|move|p1a: Corviknight|Brave Bird|p2a: Slowking
|-damage|p2a: Slowking|38/100
|-damage|p1a: Corviknight|73/100|[from] Recoil
|
|-weather|Snowscape|[upkeep]
|upkeep
|turn|40
|
|t:|1776337672
|switch|p1a: Hoopa|Hoopa-Unbound|88/100
|-damage|p1a: Hoopa|76/100|[from] Stealth Rock
|move|p2a: Slowking|Psychic Noise|p1a: Hoopa
|-immune|p1a: Hoopa
|
|-weather|none
|upkeep
|turn|41
|
|t:|1776337679
|move|p1a: Hoopa|Knock Off|p2a: Slowking
|-supereffective|p2a: Slowking
|-enditem|p2a: Slowking|Colbur Berry|[eat]
|-enditem|p2a: Slowking|Colbur Berry|[weaken]
|-damage|p2a: Slowking|0 fnt
|faint|p2a: Slowking
|
|upkeep
|
|t:|1776337685
|switch|p2a: Lokix|Lokix, F|52/100
|turn|42
|
|t:|1776337689
|move|p2a: Lokix|U-turn|p1a: Hoopa
|-supereffective|p1a: Hoopa
|-damage|p1a: Hoopa|0 fnt
|faint|p1a: Hoopa
|inactive|treeshhhh has 90 seconds left.
|inactive|treeshhhh has 60 seconds left.
|
|t:|1776337745
|switch|p2a: Cinderace|Cinderace, F|29/100|[from] U-turn
|
|upkeep
|
|t:|1776337755
|switch|p1a: Ditto|Ditto|33/100
|-damage|p1a: Ditto|21/100|[from] Stealth Rock
|-transform|p1a: Ditto|p2a: Cinderace|[from] ability: Imposter
|turn|43
|
|t:|1776337765
|switch|p2a: Hydrapple|Hydrapple, F|100/100
|move|p1a: Ditto|Pyro Ball|p2a: Hydrapple
|-damage|p2a: Hydrapple|60/100
|
|upkeep
|turn|44
|
|t:|1776337773
|switch|p1a: Corviknight|Corviknight, M|73/100
|-damage|p1a: Corviknight|60/100|[from] Stealth Rock
|-ability|p1a: Corviknight|Pressure
|move|p2a: Hydrapple|Fickle Beam|p1a: Corviknight
|-resisted|p1a: Corviknight
|-damage|p1a: Corviknight|40/100
|-damage|p2a: Hydrapple|50/100|[from] item: Life Orb
|
|upkeep
|turn|45
|
|t:|1776337776
|move|p1a: Corviknight|Brave Bird|p2a: Hydrapple
|-supereffective|p2a: Hydrapple
|-damage|p2a: Hydrapple|0 fnt
|faint|p2a: Hydrapple
|-damage|p1a: Corviknight|25/100|[from] Recoil
|
|upkeep
|-message|thodoras edition forfeited.
|
|win|treeshhhh
|raw|thodoras edition's rating: 1716 &rarr; <strong>1689</strong><br />(-27 for losing)
|raw|treeshhhh's rating: 1593 &rarr; <strong>1620</strong><br />(+27 for winning)
|l|☆thodoras edition
|player|p1|
