|html|<div class="broadcast-blue"><strong>[Gen 9] OU is currently suspecting Tera Blast! For information on how to participate check out the <a href="https://www.smogon.com/tools/suspects/view/200">suspect thread</a>.</strong></div>
|j|☆Fnchino04
|j|☆sigmawolfwood
|t:|1776042196
|gametype|singles
|player|p1|Fnchino04|101|1171
|player|p2|sigmawolfwood|battlegirl|1175
|gen|9
|tier|[Gen 9] OU
|rated|
|rule|HP Percentage Mod: HP is shown in percentages
|rule|Endless Battle Clause: Forcing endless battles is banned
|rule|Species Clause: Limit one of each Pokémon
|rule|OHKO Clause: OHKO moves are banned
|rule|Evasion Items Clause: Evasion items are banned
|rule|Evasion Moves Clause: Evasion moves are banned
|rule|Evasion Abilities Clause: Evasion abilities are banned
|rule|Sleep Moves Clause: Sleep-inducing moves are banned
|clearpoke
|poke|p1|Dragapult, M|
|poke|p1|Garchomp, F|
|poke|p1|Meowscarada, M|
|poke|p1|Iron Valiant|
|poke|p1|Gholdengo|
|poke|p1|Weavile, F|
|poke|p2|Garchomp, F|
|poke|p2|Rotom-Mow|
|poke|p2|Quaquaval, M|
|poke|p2|Zoroark-Hisui, M|
|poke|p2|Mew|
|teampreview
|j| ohko_smeargle
|
|t:|1776042205
|teamsize|p1|6
|teamsize|p2|5
|start
|switch|p1a: Garchomp|Garchomp, F|100/100
|switch|p2a: Mew|Mew, shiny|100/100
|turn|1
|
|t:|1776042212
|move|p2a: Mew|Nasty Plot|p2a: Mew
|-boost|p2a: Mew|spa|2
|move|p1a: Garchomp|Stealth Rock|p2a: Mew
|-sidestart|p2: sigmawolfwood|move: Stealth Rock
|
|upkeep
|turn|2
|
|t:|1776042226
|-terastallize|p2a: Mew|Normal
|move|p2a: Mew|Hyper Voice|p1a: Garchomp
|-enditem|p1a: Garchomp|Focus Sash
|-damage|p1a: Garchomp|1/100
|move|p1a: Garchomp|Fire Blast|p2a: Mew
|-damage|p2a: Mew|63/100
|replace|p2a: Zoroark|Zoroark-Hisui, M
|-end|p2a: Zoroark|Illusion
|
|upkeep
|turn|3
|
|t:|1776042253
|switch|p1a: Meowscarada|Meowscarada, M|100/100
|move|p2a: Zoroark|Shadow Ball|p1a: Meowscarada
|-resisted|p1a: Meowscarada
|-damage|p1a: Meowscarada|38/100
|
|upkeep
|turn|4
|
|t:|1776042284
|switch|p2a: Rotom|Rotom-Mow|100/100
|-damage|p2a: Rotom|88/100|[from] Stealth Rock
|move|p1a: Meowscarada|Flower Trick|p2a: Rotom
|-start|p1a: Meowscarada|typechange|Grass|[from] ability: Protean
|-resisted|p2a: Rotom
|-crit|p2a: Rotom
|-damage|p2a: Rotom|37/100
|
|upkeep
|turn|5
|
|t:|1776042301
|move|p2a: Rotom|Leaf Storm|p1a: Meowscarada
|-resisted|p1a: Meowscarada
|-crit|p1a: Meowscarada
|-damage|p1a: Meowscarada|0 fnt
|-unboost|p2a: Rotom|spa|2
|faint|p1a: Meowscarada
|
|upkeep
|
|t:|1776042310
|switch|p1a: Dragapult|Dragapult, M|100/100
|turn|6
|
|t:|1776042314
|switch|p2a: Mew|Mew, shiny|100/100
|-damage|p2a: Mew|88/100|[from] Stealth Rock
|move|p1a: Dragapult|Shadow Ball|p2a: Mew
|-supereffective|p2a: Mew
|-damage|p2a: Mew|21/100
|
|-heal|p2a: Mew|27/100|[from] item: Leftovers
|upkeep
|turn|7
|
|t:|1776042330
|switch|p2a: Quaquaval|Quaquaval, M|100/100
|-damage|p2a: Quaquaval|94/100|[from] Stealth Rock
|move|p1a: Dragapult|Shadow Ball|p2a: Quaquaval
|-damage|p2a: Quaquaval|47/100
|
|upkeep
|turn|8
|
|t:|1776042342
|switch|p1a: Iron Valiant|Iron Valiant|100/100
|-enditem|p1a: Iron Valiant|Booster Energy
|-activate|p1a: Iron Valiant|ability: Quark Drive|[fromitem]
|-start|p1a: Iron Valiant|quarkdrivespe
|move|p2a: Quaquaval|Knock Off|p1a: Iron Valiant
|-resisted|p1a: Iron Valiant
|-damage|p1a: Iron Valiant|94/100
|
|upkeep
|turn|9
|
|t:|1776042359
|move|p1a: Iron Valiant|Swords Dance|p1a: Iron Valiant
|-boost|p1a: Iron Valiant|atk|2
|move|p2a: Quaquaval|Rapid Spin|p1a: Iron Valiant
|-damage|p1a: Iron Valiant|72/100
|-boost|p2a: Quaquaval|spe|1
|-sideend|p2: sigmawolfwood|Stealth Rock|[from] move: Rapid Spin|[of] p2a: Quaquaval
|
|upkeep
|turn|10
|
|t:|1776042370
|switch|p2a: Garchomp|Garchomp, F|100/100
|move|p1a: Iron Valiant|Moonblast|p2a: Garchomp
|-supereffective|p2a: Garchomp
|-damage|p2a: Garchomp|23/100
|
|upkeep
|turn|11
|-message|sigmawolfwood forfeited.
|
|win|Fnchino04
|raw|Fnchino04's rating: 1171 &rarr; <strong>1196</strong><br />(+25 for winning)
|raw|sigmawolfwood's rating: 1175 &rarr; <strong>1150</strong><br />(-25 for losing)
|l|☆sigmawolfwood
|player|p2|
|l| ohko_smeargle
