|html|<div class="broadcast-blue"><strong>[Gen 9] OU is currently suspecting Tera Blast! For information on how to participate check out the <a href="https://www.smogon.com/tools/suspects/view/200">suspect thread</a>.</strong></div>
|j|☆KenjiShiguma
|j|☆zamnezia
|t:|1776060452
|gametype|singles
|player|p1|KenjiShiguma|pokemonbreeder-gen4|1162
|player|p2|zamnezia|cynthia|1211
|gen|9
|tier|[Gen 9] OU
|rated|
|rule|HP Percentage Mod: HP is shown in percentages
|rule|Endless Battle Clause: Forcing endless battles is banned
|rule|Species Clause: Limit one of each Pokémon
|rule|OHKO Clause: OHKO moves are banned
|rule|Evasion Items Clause: Evasion items are banned
|rule|Evasion Moves Clause: Evasion moves are banned
|rule|Evasion Abilities Clause: Evasion abilities are banned
|rule|Sleep Moves Clause: Sleep-inducing moves are banned
|clearpoke
|poke|p1|Zangoose, M|
|poke|p1|Squawkabilly, M|
|poke|p1|Dedenne, F|
|poke|p1|Masquerain, F|
|poke|p1|Breloom, M|
|poke|p1|Flareon, M|
|poke|p2|Breloom, M|
|poke|p2|Skeledirge, M|
|poke|p2|Tyranitar, M|
|poke|p2|Gliscor, F|
|poke|p2|Dragapult, M|
|poke|p2|Hydrapple, M|
|teampreview
|
|t:|1776060465
|teamsize|p1|6
|teamsize|p2|6
|start
|switch|p1a: Flareon|Flareon, M|100/100
|switch|p2a: Breloom|Breloom, M|100/100
|turn|1
|
|t:|1776060472
|switch|p2a: Gliscor|Gliscor, F|100/100
|move|p1a: Flareon|Will-O-Wisp|p2a: Gliscor
|-status|p2a: Gliscor|brn
|
|-damage|p2a: Gliscor|94/100 brn|[from] brn
|upkeep
|turn|2
|inactive|Battle timer is ON: inactive players will automatically lose when time's up. (requested by zamnezia)
|
|t:|1776060481
|switch|p1a: Breloom|Breloom, M|100/100
|move|p2a: Gliscor|Toxic Spikes|p1a: Breloom
|-sidestart|p1: KenjiShiguma|move: Toxic Spikes
|
|-damage|p2a: Gliscor|88/100 brn|[from] brn
|upkeep
|turn|3
|
|t:|1776060489
|move|p2a: Gliscor|Toxic Spikes|p1a: Breloom
|-sidestart|p1: KenjiShiguma|move: Toxic Spikes
|move|p1a: Breloom|Leech Seed|p2a: Gliscor
|-start|p2a: Gliscor|move: Leech Seed
|
|-damage|p2a: Gliscor|75/100 brn|[from] Leech Seed|[of] p1a: Breloom
|-damage|p2a: Gliscor|69/100 brn|[from] brn
|upkeep
|turn|4
|
|t:|1776060498
|switch|p2a: Skeledirge|Skeledirge, M|100/100
|switch|p1a: Masquerain|Masquerain, F|100/100
|-ability|p1a: Masquerain|Intimidate|boost
|-unboost|p2a: Skeledirge|atk|1
|
|upkeep
|turn|5
|
|t:|1776060506
|switch|p1a: Flareon|Flareon, M|100/100
|-status|p1a: Flareon|tox
|move|p2a: Skeledirge|Torch Song|p1a: Flareon
|-start|p1a: Flareon|ability: Flash Fire
|
|-damage|p1a: Flareon|95/100 tox|[from] psn
|upkeep
|turn|6
|
|t:|1776060516
|move|p2a: Skeledirge|Hex|p1a: Flareon
|-damage|p1a: Flareon|59/100 tox
|move|p1a: Flareon|Wish|p1a: Flareon
|
|-damage|p1a: Flareon|47/100 tox|[from] psn
|upkeep
|turn|7
|
|t:|1776060525
|move|p2a: Skeledirge|Hex|p1a: Flareon
|-damage|p1a: Flareon|12/100 tox
|move|p1a: Flareon|Scorching Sands|p2a: Skeledirge
|-supereffective|p2a: Skeledirge
|-damage|p2a: Skeledirge|78/100
|
|-heal|p1a: Flareon|62/100 tox|[from] move: Wish|[wisher] Flareon
|-damage|p1a: Flareon|45/100 tox|[from] psn
|upkeep
|turn|8
|
|t:|1776060535
|move|p2a: Skeledirge|Hex|p1a: Flareon
|-damage|p1a: Flareon|9/100 tox
|move|p1a: Flareon|Wish|p1a: Flareon
|
|-damage|p1a: Flareon|0 fnt|[from] psn
|faint|p1a: Flareon
|upkeep
|
|t:|1776060544
|switch|p1a: Zangoose|Zangoose, M|100/100
|-status|p1a: Zangoose|tox
|turn|9
|inactive|zamnezia has 120 seconds left.
|
|t:|1776060585
|move|p1a: Zangoose|Knock Off|p2a: Skeledirge
|-supereffective|p2a: Skeledirge
|-damage|p2a: Skeledirge|1/100
|-enditem|p2a: Skeledirge|Heavy-Duty Boots|[from] move: Knock Off|[of] p1a: Zangoose
|move|p2a: Skeledirge|Will-O-Wisp|p1a: Zangoose|[miss]
|-miss|p2a: Skeledirge|p1a: Zangoose
|
|-damage|p1a: Zangoose|95/100 tox|[from] psn
|upkeep
|turn|10
|
|t:|1776060596
|switch|p2a: Gliscor|Gliscor, F|69/100 brn
|move|p1a: Zangoose|Knock Off|p2a: Gliscor
|-damage|p2a: Gliscor|34/100 brn
|-enditem|p2a: Gliscor|Toxic Orb|[from] move: Knock Off|[of] p1a: Zangoose
|
|-heal|p1a: Zangoose|100/100 tox|[from] item: Leftovers
|-damage|p1a: Zangoose|89/100 tox|[from] psn
|-damage|p2a: Gliscor|27/100 brn|[from] brn
|upkeep
|turn|11
|
|t:|1776060607
|move|p1a: Zangoose|Facade|p2a: Gliscor
|-damage|p2a: Gliscor|0 fnt
|faint|p2a: Gliscor
|
|-heal|p1a: Zangoose|95/100 tox|[from] item: Leftovers
|-damage|p1a: Zangoose|77/100 tox|[from] psn
|upkeep
|
|t:|1776060612
|switch|p2a: Breloom|Breloom, M|100/100
|turn|12
|
|t:|1776060618
|move|p2a: Breloom|Mach Punch|p1a: Zangoose
|-supereffective|p1a: Zangoose
|-damage|p1a: Zangoose|0 fnt
|faint|p1a: Zangoose
|
|upkeep
|
|t:|1776060624
|switch|p1a: Squawkabilly|Squawkabilly, M|100/100
|turn|13
|
|t:|1776060630
|switch|p2a: Tyranitar|Tyranitar, M|100/100
|-weather|Sandstorm|[from] ability: Sand Stream|[of] p2a: Tyranitar
|move|p1a: Squawkabilly|Fly||[still]
|-prepare|p1a: Squawkabilly|Fly
|
|-weather|Sandstorm|[upkeep]
|-damage|p1a: Squawkabilly|94/100|[from] Sandstorm
|-status|p1a: Squawkabilly|brn|[from] item: Flame Orb
|upkeep
|turn|14
|
|t:|1776060640
|move|p1a: Squawkabilly|Fly|p2a: Tyranitar|[from] lockedmove
|-resisted|p2a: Tyranitar
|-damage|p2a: Tyranitar|77/100
|move|p2a: Tyranitar|Rock Slide|p1a: Squawkabilly
|-supereffective|p1a: Squawkabilly
|-damage|p1a: Squawkabilly|0 fnt
|faint|p1a: Squawkabilly
|
|-weather|Sandstorm|[upkeep]
|-heal|p2a: Tyranitar|83/100|[from] item: Leftovers
|upkeep
|
|t:|1776060651
|switch|p1a: Breloom|Breloom, M|100/100
|-status|p1a: Breloom|tox
|turn|15
|
|t:|1776060656
|switch|p2a: Skeledirge|Skeledirge, M|1/100
|move|p1a: Breloom|Leech Seed|p2a: Skeledirge
|-start|p2a: Skeledirge|move: Leech Seed
|
|-weather|Sandstorm|[upkeep]
|-damage|p1a: Breloom|94/100 tox|[from] Sandstorm
|-damage|p2a: Skeledirge|0 fnt|[from] Sandstorm
|faint|p2a: Skeledirge
|-heal|p1a: Breloom|100/100 tox|[from] ability: Poison Heal
|upkeep
|
|t:|1776060664
|switch|p2a: Dragapult|Dragapult, M|100/100
|turn|16
|
|t:|1776060670
|-terastallize|p2a: Dragapult|Ghost
|move|p2a: Dragapult|Hex|p1a: Breloom
|-damage|p1a: Breloom|0 fnt
|faint|p1a: Breloom
|
|-weather|Sandstorm|[upkeep]
|-damage|p2a: Dragapult|95/100|[from] Sandstorm
|upkeep
|
|t:|1776060679
|switch|p1a: Dedenne|Dedenne, F|100/100
|-status|p1a: Dedenne|tox
|turn|17
|
|t:|1776060685
|move|p2a: Dragapult|Hex|p1a: Dedenne
|-damage|p1a: Dedenne|0 fnt
|faint|p1a: Dedenne
|
|-weather|none
|upkeep
|
|t:|1776060691
|switch|p1a: Masquerain|Masquerain, F|100/100
|-ability|p1a: Masquerain|Intimidate|boost
|-unboost|p2a: Dragapult|atk|1
|turn|18
|
|t:|1776060699
|move|p2a: Dragapult|Hex|p1a: Masquerain
|-damage|p1a: Masquerain|26/100
|move|p1a: Masquerain|Ice Beam|p2a: Dragapult
|-damage|p2a: Dragapult|54/100
|
|upkeep
|turn|19
|
|t:|1776060706
|move|p2a: Dragapult|Hex|p1a: Masquerain
|-damage|p1a: Masquerain|0 fnt
|faint|p1a: Masquerain
|
|win|zamnezia
|raw|KenjiShiguma's rating: 1162 &rarr; <strong>1141</strong><br />(-21 for losing)
|raw|zamnezia's rating: 1211 &rarr; <strong>1232</strong><br />(+21 for winning)
|l|☆zamnezia
|player|p2|
|l|☆KenjiShiguma
|player|p1|
