|html|<div class="broadcast-blue"><strong>[Gen 9] OU is currently suspecting Tera Blast! For information on how to participate check out the <a href="https://www.smogon.com/tools/suspects/view/200">suspect thread</a>.</strong></div>
|j|☆ANASNAS
|j|☆bobismis2009
|t:|1776072166
|gametype|singles
|player|p1|ANASNAS|266|
|player|p2|bobismis2009|fisherman-gen4|
|gen|9
|tier|[Gen 9] OU
|rule|HP Percentage Mod: HP is shown in percentages
|rule|Endless Battle Clause: Forcing endless battles is banned
|rule|Species Clause: Limit one of each Pokémon
|rule|OHKO Clause: OHKO moves are banned
|rule|Evasion Items Clause: Evasion items are banned
|rule|Evasion Moves Clause: Evasion moves are banned
|rule|Evasion Abilities Clause: Evasion abilities are banned
|rule|Sleep Moves Clause: Sleep-inducing moves are banned
|clearpoke
|poke|p1|Gengar, F|
|poke|p1|Greninja-*, M|
|poke|p1|Krookodile, M|
|poke|p2|Flamigo, M|
|poke|p2|Glimmora, M|
|poke|p2|Raging Bolt|
|teampreview
|
|t:|1776072177
|teamsize|p1|3
|teamsize|p2|3
|start
|switch|p1a: Krookodile|Krookodile, M|100/100
|switch|p2a: Glimmora|Glimmora, M|100/100
|-item|p2a: Glimmora|Air Balloon
|turn|1
|
|t:|1776072191
|-terastallize|p1a: Krookodile|Ground
|move|p1a: Krookodile|Close Combat|p2a: Glimmora
|-crit|p2a: Glimmora
|-damage|p2a: Glimmora|52/100
|-unboost|p1a: Krookodile|def|1
|-unboost|p1a: Krookodile|spd|1
|-activate|p2a: Glimmora|ability: Toxic Debris
|-sidestart|p1: ANASNAS|move: Toxic Spikes
|-enditem|p2a: Glimmora|Air Balloon
|move|p2a: Glimmora|Stealth Rock|p1a: Krookodile
|-sidestart|p1: ANASNAS|move: Stealth Rock
|
|upkeep
|turn|2
|
|t:|1776072202
|move|p1a: Krookodile|Close Combat|p2a: Glimmora
|-damage|p2a: Glimmora|20/100
|-unboost|p1a: Krookodile|def|1
|-unboost|p1a: Krookodile|spd|1
|-activate|p2a: Glimmora|ability: Toxic Debris
|-sidestart|p1: ANASNAS|move: Toxic Spikes
|move|p2a: Glimmora|Spikes|p1a: Krookodile
|-sidestart|p1: ANASNAS|Spikes
|
|upkeep
|turn|3
|
|t:|1776072212
|move|p1a: Krookodile|Close Combat|p2a: Glimmora
|-damage|p2a: Glimmora|0 fnt
|-unboost|p1a: Krookodile|def|1
|-unboost|p1a: Krookodile|spd|1
|faint|p2a: Glimmora
|-ability|p1a: Krookodile|Moxie|boost
|-boost|p1a: Krookodile|atk|1
|
|upkeep
|
|t:|1776072221
|switch|p2a: Flamigo|Flamigo, M, shiny|100/100
|-item|p2a: Flamigo|Air Balloon
|turn|4
|
|t:|1776072226
|-terastallize|p2a: Flamigo|Fighting
|move|p1a: Krookodile|Close Combat|p2a: Flamigo
|-damage|p2a: Flamigo|36/100
|-unboost|p1a: Krookodile|def|1
|-unboost|p1a: Krookodile|spd|1
|-enditem|p2a: Flamigo|Air Balloon
|move|p2a: Flamigo|Close Combat|p1a: Krookodile
|-damage|p1a: Krookodile|0 fnt
|-unboost|p2a: Flamigo|def|1
|-unboost|p2a: Flamigo|spd|1
|faint|p1a: Krookodile
|
|upkeep
|
|t:|1776072238
|switch|p1a: Gengar|Gengar, F|100/100
|-sideend|p1: ANASNAS|move: Toxic Spikes|[of] p1a: Gengar
|-damage|p1a: Gengar|88/100|[from] Stealth Rock
|-damage|p1a: Gengar|76/100|[from] Spikes
|turn|5
|
|t:|1776072246
|move|p1a: Gengar|Ice Punch|p2a: Flamigo
|-damage|p2a: Flamigo|9/100
|move|p2a: Flamigo|Close Combat|p1a: Gengar
|-resisted|p1a: Gengar
|-damage|p1a: Gengar|21/100
|-unboost|p2a: Flamigo|def|1
|-unboost|p2a: Flamigo|spd|1
|-start|p2a: Flamigo|Disable|Close Combat|[from] ability: Cursed Body|[of] p1a: Gengar
|
|upkeep
|turn|6
|
|t:|1776072255
|switch|p2a: Raging Bolt|Raging Bolt|100/100
|-enditem|p2a: Raging Bolt|Booster Energy
|-activate|p2a: Raging Bolt|ability: Protosynthesis|[fromitem]
|-start|p2a: Raging Bolt|protosynthesisspa
|move|p1a: Gengar|Ice Punch|p2a: Raging Bolt
|-supereffective|p2a: Raging Bolt
|-damage|p2a: Raging Bolt|75/100
|
|upkeep
|turn|7
|
|t:|1776072266
|move|p1a: Gengar|Ice Punch|p2a: Raging Bolt
|-supereffective|p2a: Raging Bolt
|-damage|p2a: Raging Bolt|51/100
|move|p2a: Raging Bolt|Thunder|p1a: Gengar|[miss]
|-miss|p2a: Raging Bolt|p1a: Gengar
|
|upkeep
|turn|8
|
|t:|1776072281
|move|p1a: Gengar|Ice Punch|p2a: Raging Bolt
|-supereffective|p2a: Raging Bolt
|-damage|p2a: Raging Bolt|26/100
|move|p2a: Raging Bolt|Thunder|p1a: Gengar
|-damage|p1a: Gengar|0 fnt
|faint|p1a: Gengar
|
|upkeep
|
|t:|1776072289
|switch|p1a: Greninja|Greninja, M|100/100
|-damage|p1a: Greninja|88/100|[from] Stealth Rock
|-damage|p1a: Greninja|76/100|[from] Spikes
|turn|9
|
|t:|1776072296
|move|p1a: Greninja|Night Slash|p2a: Raging Bolt
|-damage|p2a: Raging Bolt|5/100
|move|p2a: Raging Bolt|Thunder|p1a: Greninja|[miss]
|-miss|p2a: Raging Bolt|p1a: Greninja
|
|upkeep
|turn|10
|
|t:|1776072303
|move|p1a: Greninja|Night Slash|p2a: Raging Bolt
|-damage|p2a: Raging Bolt|0 fnt
|faint|p2a: Raging Bolt
|-end|p2a: Raging Bolt|Protosynthesis|[silent]
|-ability|p1a: Greninja|Battle Bond|boost
|-boost|p1a: Greninja|atk|1
|-boost|p1a: Greninja|spa|1
|-boost|p1a: Greninja|spe|1
|-activate|p1a: Greninja|ability: Battle Bond
|
|upkeep
|
|t:|1776072312
|switch|p2a: Flamigo|Flamigo, M, shiny, tera:Fighting|9/100
|turn|11
|
|t:|1776072317
|move|p1a: Greninja|Ice Beam|p2a: Flamigo
|-damage|p2a: Flamigo|0 fnt
|faint|p2a: Flamigo
|
|win|ANASNAS
|l|☆bobismis2009
|player|p2|
