|html|<div class="broadcast-blue"><strong>[Gen 9] OU is currently suspecting Tera Blast! For information on how to participate check out the <a href="https://www.smogon.com/tools/suspects/view/200">suspect thread</a>.</strong></div>
|j|☆Sweetheart Saloon
|j|☆itz deru
|t:|1776124101
|gametype|singles
|player|p1|Sweetheart Saloon|pokemonranger-gen4|1425
|player|p2|itz deru|emmet|1459
|gen|9
|tier|[Gen 9] OU
|rated|
|rule|HP Percentage Mod: HP is shown in percentages
|rule|Endless Battle Clause: Forcing endless battles is banned
|rule|Species Clause: Limit one of each Pokémon
|rule|OHKO Clause: OHKO moves are banned
|rule|Evasion Items Clause: Evasion items are banned
|rule|Evasion Moves Clause: Evasion moves are banned
|rule|Evasion Abilities Clause: Evasion abilities are banned
|rule|Sleep Moves Clause: Sleep-inducing moves are banned
|clearpoke
|poke|p1|Kingambit, F|
|poke|p1|Samurott-Hisui, F|
|poke|p1|Dragapult, F|
|poke|p1|Alomomola, M|
|poke|p1|Vileplume, M|
|poke|p1|Iron Treads|
|poke|p2|Zapdos-Galar|
|poke|p2|Raging Bolt|
|poke|p2|Primarina, F|
|poke|p2|Landorus-Therian, M|
|poke|p2|Iron Treads|
|poke|p2|Darkrai|
|teampreview
|
|t:|1776124120
|teamsize|p1|6
|teamsize|p2|6
|start
|switch|p1a: Samurott|Samurott-Hisui, F|100/100
|switch|p2a: Zapdos|Zapdos-Galar, shiny|100/100
|turn|1
|
|t:|1776124136
|move|p2a: Zapdos|Thunderous Kick|p1a: Samurott
|-supereffective|p1a: Samurott
|-enditem|p1a: Samurott|Focus Sash
|-damage|p1a: Samurott|1/100
|-unboost|p1a: Samurott|def|1
|move|p1a: Samurott|Ceaseless Edge|p2a: Zapdos
|-resisted|p2a: Zapdos
|-damage|p2a: Zapdos|77/100
|-sidestart|p2: itz deru|Spikes
|
|upkeep
|turn|2
|inactive|Battle timer is ON: inactive players will automatically lose when time's up. (requested by itz deru)
|c|☆itz deru|bbbbbbbbbbb
|
|t:|1776124182
|move|p2a: Zapdos|Knock Off|p1a: Samurott
|-resisted|p1a: Samurott
|-damage|p1a: Samurott|0 fnt
|faint|p1a: Samurott
|
|upkeep
|
|t:|1776124192
|switch|p1a: Alomomola|Alomomola, M|100/100
|turn|3
|
|t:|1776124203
|move|p2a: Zapdos|Thunderous Kick|p1a: Alomomola
|-damage|p1a: Alomomola|70/100
|-unboost|p1a: Alomomola|def|1
|move|p1a: Alomomola|Scald|p2a: Zapdos
|-damage|p2a: Zapdos|62/100
|
|upkeep
|turn|4
|
|t:|1776124213
|switch|p1a: Vileplume|Vileplume, M|100/100
|move|p2a: Zapdos|Knock Off|p1a: Vileplume
|-damage|p1a: Vileplume|76/100
|-damage|p2a: Zapdos|46/100|[from] item: Rocky Helmet|[of] p1a: Vileplume
|-enditem|p1a: Vileplume|Rocky Helmet|[from] move: Knock Off|[of] p2a: Zapdos
|
|upkeep
|turn|5
|
|t:|1776124227
|switch|p1a: Alomomola|Alomomola, M|100/100
|move|p2a: Zapdos|Brave Bird|p1a: Alomomola
|-damage|p1a: Alomomola|63/100
|-damage|p2a: Zapdos|28/100|[from] Recoil
|
|upkeep
|turn|6
|
|t:|1776124236
|move|p2a: Zapdos|Knock Off|p1a: Alomomola
|-damage|p1a: Alomomola|41/100
|-enditem|p1a: Alomomola|Assault Vest|[from] move: Knock Off|[of] p2a: Zapdos
|move|p1a: Alomomola|Scald|p2a: Zapdos
|-damage|p2a: Zapdos|13/100
|-status|p2a: Zapdos|brn
|
|-damage|p2a: Zapdos|7/100 brn|[from] brn
|upkeep
|turn|7
|inactive|itz deru has 120 seconds left.
|
|t:|1776124268
|switch|p2a: Iron Treads|Iron Treads, shiny|100/100
|-damage|p2a: Iron Treads|88/100|[from] Spikes
|-enditem|p2a: Iron Treads|Booster Energy
|-activate|p2a: Iron Treads|ability: Quark Drive|[fromitem]
|-start|p2a: Iron Treads|quarkdrivespe
|move|p1a: Alomomola|Flip Turn|p2a: Iron Treads
|-supereffective|p2a: Iron Treads
|-damage|p2a: Iron Treads|58/100
|
|t:|1776124284
|switch|p1a: Iron Treads|Iron Treads|100/100|[from] Flip Turn
|-item|p1a: Iron Treads|Air Balloon
|
|upkeep
|turn|8
|
|t:|1776124292
|move|p2a: Iron Treads|Rapid Spin|p1a: Iron Treads
|-resisted|p1a: Iron Treads
|-damage|p1a: Iron Treads|93/100
|-boost|p2a: Iron Treads|spe|1
|-enditem|p1a: Iron Treads|Air Balloon
|-sideend|p2: itz deru|Spikes|[from] move: Rapid Spin|[of] p2a: Iron Treads
|move|p1a: Iron Treads|Earth Power|p2a: Iron Treads
|-supereffective|p2a: Iron Treads
|-crit|p2a: Iron Treads
|-damage|p2a: Iron Treads|0 fnt
|faint|p2a: Iron Treads
|-end|p2a: Iron Treads|Quark Drive|[silent]
|
|upkeep
|
|t:|1776124301
|switch|p2a: Landorus|Landorus-Therian, M, shiny|100/100
|-ability|p2a: Landorus|Intimidate|boost
|-unboost|p1a: Iron Treads|atk|1
|turn|9
|c|☆itz deru|bhhhhhhhhhhh
|
|t:|1776124330
|-end|p1a: Iron Treads|Quark Drive|[silent]
|switch|p1a: Alomomola|Alomomola, M|75/100
|move|p2a: Landorus|Earth Power|p1a: Alomomola
|-damage|p1a: Alomomola|46/100
|-unboost|p1a: Alomomola|spd|1
|
|upkeep
|turn|10
|
|t:|1776124341
|move|p2a: Landorus|Earth Power|p1a: Alomomola
|-damage|p1a: Alomomola|9/100
|move|p1a: Alomomola|Mirror Coat|p2a: Landorus
|-damage|p2a: Landorus|7/100
|
|upkeep
|turn|11
|inactive|Sweetheart Saloon has 120 seconds left.
|
|t:|1776124363
|switch|p1a: Vileplume|Vileplume, M|76/100
|move|p2a: Landorus|Stealth Rock|p1a: Vileplume
|-sidestart|p1: Sweetheart Saloon|move: Stealth Rock
|
|upkeep
|turn|12
|inactive|Sweetheart Saloon has 120 seconds left.
|
|t:|1776124376
|move|p2a: Landorus|Taunt|p1a: Vileplume
|-start|p1a: Vileplume|move: Taunt
|cant|p1a: Vileplume|move: Taunt|Strength Sap
|
|upkeep
|turn|13
|inactive|itz deru has 120 seconds left.
|
|t:|1776124415
|move|p2a: Landorus|U-turn|p1a: Vileplume
|-damage|p1a: Vileplume|61/100
|
|t:|1776124420
|switch|p2a: Raging Bolt|Raging Bolt|100/100|[from] U-turn
|-enditem|p2a: Raging Bolt|Booster Energy
|-activate|p2a: Raging Bolt|ability: Protosynthesis|[fromitem]
|-start|p2a: Raging Bolt|protosynthesisspa
|move|p1a: Vileplume|Sludge Bomb|p2a: Raging Bolt
|-damage|p2a: Raging Bolt|71/100
|-status|p2a: Raging Bolt|psn
|
|-damage|p2a: Raging Bolt|59/100 psn|[from] psn
|upkeep
|turn|14
|inactive|Sweetheart Saloon has 120 seconds left.
|
|t:|1776124458
|move|p2a: Raging Bolt|Dragon Pulse|p1a: Vileplume
|-damage|p1a: Vileplume|0 fnt
|faint|p1a: Vileplume
|
|-damage|p2a: Raging Bolt|46/100 psn|[from] psn
|upkeep
|inactive|Sweetheart Saloon has 90 seconds left.
|
|t:|1776124483
|switch|p1a: Iron Treads|Iron Treads|93/100
|-damage|p1a: Iron Treads|90/100|[from] Stealth Rock
|turn|15
|inactive|Sweetheart Saloon has 90 seconds left.
|
|t:|1776124491
|move|p1a: Iron Treads|Earth Power|p2a: Raging Bolt
|-supereffective|p2a: Raging Bolt
|-damage|p2a: Raging Bolt|0 fnt
|faint|p2a: Raging Bolt
|-end|p2a: Raging Bolt|Protosynthesis|[silent]
|
|upkeep
|
|t:|1776124504
|switch|p2a: Primarina|Primarina, F, shiny|100/100
|turn|16
|inactive|Sweetheart Saloon has 90 seconds left.
|
|t:|1776124533
|-terastallize|p1a: Iron Treads|Fairy
|move|p1a: Iron Treads|Rapid Spin|p2a: Primarina
|-damage|p2a: Primarina|87/100
|-boost|p1a: Iron Treads|spe|1
|-sideend|p1: Sweetheart Saloon|Stealth Rock|[from] move: Rapid Spin|[of] p1a: Iron Treads
|move|p2a: Primarina|Surf|p1a: Iron Treads
|-damage|p1a: Iron Treads|40/100
|
|upkeep
|turn|17
|
|t:|1776124545
|-end|p1a: Iron Treads|Quark Drive|[silent]
|switch|p1a: Alomomola|Alomomola, M|42/100
|move|p2a: Primarina|Moonblast|p1a: Alomomola
|-damage|p1a: Alomomola|10/100
|
|upkeep
|turn|18
|
|t:|1776124561
|move|p2a: Primarina|Moonblast|p1a: Alomomola
|-damage|p1a: Alomomola|0 fnt
|faint|p1a: Alomomola
|
|upkeep
|
|t:|1776124576
|switch|p1a: Kingambit|Kingambit, F|100/100
|-activate|p1a: Kingambit|ability: Supreme Overlord
|-start|p1a: Kingambit|fallen3|[silent]
|turn|19
|
|t:|1776124597
|move|p2a: Primarina|Moonblast|p1a: Kingambit
|-damage|p1a: Kingambit|63/100
|-unboost|p1a: Kingambit|spa|1
|move|p1a: Kingambit|Kowtow Cleave|p2a: Primarina
|-resisted|p2a: Primarina
|-damage|p2a: Primarina|40/100
|
|upkeep
|turn|20
|inactive|Sweetheart Saloon has 60 seconds left.
|
|t:|1776124626
|move|p1a: Kingambit|Sucker Punch|p2a: Primarina
|-resisted|p2a: Primarina
|-damage|p2a: Primarina|1/100
|move|p2a: Primarina|Moonblast|p1a: Kingambit
|-damage|p1a: Kingambit|27/100
|
|upkeep
|turn|21
|
|t:|1776124638
|switch|p2a: Landorus|Landorus-Therian, M, shiny|7/100
|-ability|p2a: Landorus|Intimidate|boost
|-unboost|p1a: Kingambit|atk|1
|move|p1a: Kingambit|Sucker Punch||[still]
|-fail|p1a: Kingambit
|
|upkeep
|turn|22
|inactive|Sweetheart Saloon has 60 seconds left.
|
|t:|1776124665
|move|p1a: Kingambit|Sucker Punch|p2a: Landorus
|-damage|p2a: Landorus|0 fnt
|-damage|p1a: Kingambit|11/100|[from] item: Rocky Helmet|[of] p2a: Landorus
|faint|p2a: Landorus
|
|upkeep
|
|t:|1776124672
|switch|p2a: Darkrai|Darkrai, shiny|100/100
|turn|23
|inactive|Sweetheart Saloon has 60 seconds left.
|
|t:|1776124680
|move|p2a: Darkrai|Dark Pulse|p1a: Kingambit
|-resisted|p1a: Kingambit
|-damage|p1a: Kingambit|0 fnt
|faint|p1a: Kingambit
|-end|p1a: Kingambit|fallen3|[silent]
|
|upkeep
|inactive|Sweetheart Saloon has 60 seconds left.
|
|t:|1776124700
|switch|p1a: Iron Treads|Iron Treads, tera:Fairy|40/100
|turn|24
|inactive|itz deru has 120 seconds left.
|inactive|Sweetheart Saloon has 30 seconds left.
|inactive|Sweetheart Saloon has 20 seconds left.
|inactive|Sweetheart Saloon has 15 seconds left.
|
|t:|1776124759
|switch|p2a: Primarina|Primarina, F, shiny|1/100
|move|p1a: Iron Treads|Rapid Spin|p2a: Primarina
|-damage|p2a: Primarina|0 fnt
|-boost|p1a: Iron Treads|spe|1
|faint|p2a: Primarina
|
|upkeep
|
|t:|1776124762
|switch|p2a: Darkrai|Darkrai, shiny|100/100
|turn|25
|inactive|Sweetheart Saloon has 30 seconds left this turn.
|inactive|Sweetheart Saloon has 20 seconds left.
|inactive|Sweetheart Saloon has 15 seconds left.
|inactive|itz deru has 120 seconds left.
|
|t:|1776124808
|move|p2a: Darkrai|Dark Pulse|p1a: Iron Treads
|-resisted|p1a: Iron Treads
|-damage|p1a: Iron Treads|11/100
|move|p1a: Iron Treads|Knock Off|p2a: Darkrai
|-resisted|p2a: Darkrai
|-damage|p2a: Darkrai|85/100
|-enditem|p2a: Darkrai|Choice Scarf|[from] move: Knock Off|[of] p1a: Iron Treads
|
|upkeep
|turn|26
|inactive|Sweetheart Saloon has 25 seconds left this turn.
|inactive|Sweetheart Saloon has 20 seconds left.
|inactive|Sweetheart Saloon has 15 seconds left.
|inactive|Sweetheart Saloon has 10 seconds left.
|
|t:|1776124823
|move|p1a: Iron Treads|Steel Beam|p2a: Darkrai
|-damage|p2a: Darkrai|24/100
|-damage|p1a: Iron Treads|0 fnt|[from] steelbeam
|faint|p1a: Iron Treads
|-end|p1a: Iron Treads|Quark Drive|[silent]
|move|p2a: Darkrai|Dark Pulse|p1: Iron Treads|[notarget]
|-fail|p2a: Darkrai
|
|upkeep
|inactive|Sweetheart Saloon has 15 seconds left this turn.
|inactive|Sweetheart Saloon has 10 seconds left.
|
|t:|1776124833
|switch|p1a: Dragapult|Dragapult, F, shiny|100/100
|turn|27
|inactive|Sweetheart Saloon has 20 seconds left this turn.
|inactive|Sweetheart Saloon has 15 seconds left.
|
|t:|1776124840
|switch|p2a: Zapdos|Zapdos-Galar, shiny|7/100 brn
|move|p1a: Dragapult|Shadow Ball|p2a: Zapdos
|-damage|p2a: Zapdos|0 fnt
|faint|p2a: Zapdos
|-damage|p1a: Dragapult|91/100|[from] item: Life Orb
|
|upkeep
|
|t:|1776124844
|switch|p2a: Darkrai|Darkrai, shiny|24/100
|turn|28
|inactive|Sweetheart Saloon has 30 seconds left this turn.
|
|t:|1776124848
|-terastallize|p2a: Darkrai|Poison
|move|p1a: Dragapult|Shadow Ball|p2a: Darkrai
|-damage|p2a: Darkrai|0 fnt
|faint|p2a: Darkrai
|-damage|p1a: Dragapult|81/100|[from] item: Life Orb
|
|win|Sweetheart Saloon
|raw|Sweetheart Saloon's rating: 1425 &rarr; <strong>1447</strong><br />(+22 for winning)
|raw|itz deru's rating: 1459 &rarr; <strong>1437</strong><br />(-22 for losing)
|l|☆itz deru
|player|p2|
