|html|<div class="broadcast-blue"><strong>[Gen 9] OU is currently suspecting Tera Blast! For information on how to participate check out the <a href="https://www.smogon.com/tools/suspects/view/200">suspect thread</a>.</strong></div>
|j|☆mokaka765
|j|☆TheRegisAreCool
|t:|1776174083
|gametype|singles
|player|p1|mokaka765|roxie|1097
|player|p2|TheRegisAreCool|fisherman-gen4|1148
|gen|9
|tier|[Gen 9] OU
|rated|
|rule|HP Percentage Mod: HP is shown in percentages
|rule|Endless Battle Clause: Forcing endless battles is banned
|rule|Species Clause: Limit one of each Pokémon
|rule|OHKO Clause: OHKO moves are banned
|rule|Evasion Items Clause: Evasion items are banned
|rule|Evasion Moves Clause: Evasion moves are banned
|rule|Evasion Abilities Clause: Evasion abilities are banned
|rule|Sleep Moves Clause: Sleep-inducing moves are banned
|clearpoke
|poke|p1|Iron Moth|
|poke|p1|Gliscor, F|
|poke|p1|Hatterene, F|
|poke|p1|Ogerpon-Wellspring, F|
|poke|p1|Raging Bolt|
|poke|p1|Zamazenta-*|
|poke|p2|Conkeldurr, F|
|poke|p2|Iron Moth|
|poke|p2|Glimmora, M|
|poke|p2|Kommo-o, F|
|poke|p2|Samurott-Hisui, M|
|poke|p2|Donphan, F|
|teampreview
|inactive|Battle timer is ON: inactive players will automatically lose when time's up. (requested by TheRegisAreCool)
|
|t:|1776174096
|teamsize|p1|6
|teamsize|p2|6
|start
|switch|p1a: Zamazenta|Zamazenta|100/100
|switch|p2a: Kommo-o|Kommo-o, F|100/100
|-ability|p1a: Zamazenta|Dauntless Shield|boost
|-boost|p1a: Zamazenta|def|1
|turn|1
|
|t:|1776174106
|move|p1a: Zamazenta|Reflect|p1a: Zamazenta
|-sidestart|p1: mokaka765|Reflect
|move|p2a: Kommo-o|Clangorous Soul|p2a: Kommo-o
|-boost|p2a: Kommo-o|atk|1
|-boost|p2a: Kommo-o|def|1
|-boost|p2a: Kommo-o|spa|1
|-boost|p2a: Kommo-o|spd|1
|-boost|p2a: Kommo-o|spe|1
|-damage|p2a: Kommo-o|68/100
|
|-heal|p2a: Kommo-o|74/100|[from] item: Leftovers
|upkeep
|turn|2
|
|t:|1776174119
|move|p1a: Zamazenta|Close Combat|p2a: Kommo-o
|-damage|p2a: Kommo-o|43/100
|-unboost|p1a: Zamazenta|def|1
|-unboost|p1a: Zamazenta|spd|1
|move|p2a: Kommo-o|Boomburst|p1a: Zamazenta
|-damage|p1a: Zamazenta|27/100
|
|-heal|p2a: Kommo-o|49/100|[from] item: Leftovers
|upkeep
|turn|3
|
|t:|1776174141
|move|p1a: Zamazenta|Close Combat|p2a: Kommo-o
|-damage|p2a: Kommo-o|22/100
|-unboost|p1a: Zamazenta|def|1
|-unboost|p1a: Zamazenta|spd|1
|move|p2a: Kommo-o|Boomburst|p1a: Zamazenta
|-damage|p1a: Zamazenta|0 fnt
|faint|p1a: Zamazenta
|
|-heal|p2a: Kommo-o|28/100|[from] item: Leftovers
|upkeep
|inactive|mokaka765 has 120 seconds left.
|
|t:|1776174157
|switch|p1a: Raging Bolt|Raging Bolt|100/100
|-enditem|p1a: Raging Bolt|Booster Energy
|-activate|p1a: Raging Bolt|ability: Protosynthesis|[fromitem]
|-start|p1a: Raging Bolt|protosynthesisspa
|turn|4
|
|t:|1776174163
|-terastallize|p1a: Raging Bolt|Ghost
|move|p2a: Kommo-o|Clanging Scales|p1a: Raging Bolt
|-damage|p1a: Raging Bolt|24/100
|-unboost|p2a: Kommo-o|def|1
|move|p1a: Raging Bolt|Dragon Pulse|p2a: Kommo-o
|-supereffective|p2a: Kommo-o
|-damage|p2a: Kommo-o|0 fnt
|faint|p2a: Kommo-o
|
|upkeep
|
|t:|1776174176
|switch|p2a: Iron Moth|Iron Moth|100/100
|-enditem|p2a: Iron Moth|Booster Energy
|-activate|p2a: Iron Moth|ability: Quark Drive|[fromitem]
|-start|p2a: Iron Moth|quarkdrivespe
|turn|5
|
|t:|1776174186
|-end|p1a: Raging Bolt|Protosynthesis|[silent]
|switch|p1a: Hatterene|Hatterene, F|100/100
|move|p2a: Iron Moth|Fiery Dance|p1a: Hatterene
|-damage|p1a: Hatterene|58/100
|-boost|p2a: Iron Moth|spa|1
|
|-heal|p1a: Hatterene|64/100|[from] item: Leftovers
|upkeep
|turn|6
|
|t:|1776174196
|move|p2a: Iron Moth|Sludge Wave|p1a: Hatterene
|-supereffective|p1a: Hatterene
|-damage|p1a: Hatterene|0 fnt
|faint|p1a: Hatterene
|
|upkeep
|
|t:|1776174201
|switch|p1a: Raging Bolt|Raging Bolt, tera:Ghost|24/100
|turn|7
|
|t:|1776174207
|move|p1a: Raging Bolt|Thunderclap|p2a: Iron Moth
|-damage|p2a: Iron Moth|56/100
|move|p2a: Iron Moth|Fiery Dance|p1a: Raging Bolt
|-damage|p1a: Raging Bolt|0 fnt
|-boost|p2a: Iron Moth|spa|1
|faint|p1a: Raging Bolt
|-end|p1a: Raging Bolt|Protosynthesis|[silent]
|
|upkeep
|
|t:|1776174218
|switch|p1a: Gliscor|Gliscor, F|100/100
|turn|8
|
|t:|1776174224
|-terastallize|p2a: Iron Moth|Flying
|move|p2a: Iron Moth|Fiery Dance|p1a: Gliscor
|-damage|p1a: Gliscor|1/100
|move|p1a: Gliscor|Earthquake|p2a: Iron Moth
|-immune|p2a: Iron Moth
|
|-sideend|p1: mokaka765|Reflect
|-status|p1a: Gliscor|tox|[from] item: Toxic Orb
|upkeep
|turn|9
|
|t:|1776174236
|move|p2a: Iron Moth|Fiery Dance|p1a: Gliscor
|-damage|p1a: Gliscor|0 fnt
|faint|p1a: Gliscor
|
|upkeep
|
|t:|1776174243
|switch|p1a: Iron Moth|Iron Moth|100/100
|-enditem|p1a: Iron Moth|Booster Energy
|-activate|p1a: Iron Moth|ability: Quark Drive|[fromitem]
|-start|p1a: Iron Moth|quarkdrivespe
|turn|10
|-message|mokaka765 forfeited.
|
|win|TheRegisAreCool
|raw|mokaka765's rating: 1097 &rarr; <strong>1076</strong><br />(-21 for losing)
|raw|TheRegisAreCool's rating: 1148 &rarr; <strong>1169</strong><br />(+21 for winning)
