|html|<div class="broadcast-blue"><strong>[Gen 9] OU is currently suspecting Tera Blast! For information on how to participate check out the <a href="https://www.smogon.com/tools/suspects/view/200">suspect thread</a>.</strong></div>
|j|☆jujuboy420
|j|☆Tsaun
|t:|1776044699
|gametype|singles
|player|p1|jujuboy420|101|1354
|player|p2|Tsaun|266|1354
|gen|9
|tier|[Gen 9] OU
|rated|
|rule|HP Percentage Mod: HP is shown in percentages
|rule|Endless Battle Clause: Forcing endless battles is banned
|rule|Species Clause: Limit one of each Pokémon
|rule|OHKO Clause: OHKO moves are banned
|rule|Evasion Items Clause: Evasion items are banned
|rule|Evasion Moves Clause: Evasion moves are banned
|rule|Evasion Abilities Clause: Evasion abilities are banned
|rule|Sleep Moves Clause: Sleep-inducing moves are banned
|clearpoke
|poke|p1|Gliscor, M|
|poke|p1|Heatran, F|
|poke|p1|Sinistcha|
|poke|p1|Corviknight, M|
|poke|p1|Tentacruel, F|
|poke|p1|Darkrai|
|poke|p2|Glimmora, F|
|poke|p2|Gliscor, F|
|poke|p2|Ting-Lu|
|poke|p2|Dragapult, F|
|poke|p2|Ogerpon-Wellspring, F|
|poke|p2|Gholdengo|
|teampreview
|
|t:|1776044715
|teamsize|p1|6
|teamsize|p2|6
|start
|switch|p1a: Gliscor|Gliscor, M|100/100
|switch|p2a: Ogerpon|Ogerpon-Wellspring, F|100/100
|turn|1
|
|t:|1776044723
|switch|p1a: Sinistcha|Sinistcha|100/100
|move|p2a: Ogerpon|Swords Dance|p2a: Ogerpon
|-boost|p2a: Ogerpon|atk|2
|
|upkeep
|turn|2
|
|t:|1776044727
|switch|p2a: Ting-Lu|Ting-Lu|100/100
|-ability|p2a: Ting-Lu|Vessel of Ruin
|move|p1a: Sinistcha|Matcha Gotcha|p2a: Ting-Lu
|-supereffective|p2a: Ting-Lu
|-damage|p2a: Ting-Lu|72/100
|-status|p2a: Ting-Lu|brn
|
|-heal|p2a: Ting-Lu|78/100 brn|[from] item: Leftovers
|-damage|p2a: Ting-Lu|72/100 brn|[from] brn
|upkeep
|turn|3
|inactive|Battle timer is ON: inactive players will automatically lose when time's up. (requested by Tsaun)
|
|t:|1776044758
|switch|p1a: Gliscor|Gliscor, M|100/100
|move|p2a: Ting-Lu|Ruination|p1a: Gliscor
|-damage|p1a: Gliscor|50/100
|
|-heal|p2a: Ting-Lu|78/100 brn|[from] item: Leftovers
|-damage|p2a: Ting-Lu|72/100 brn|[from] brn
|-status|p1a: Gliscor|tox|[from] item: Toxic Orb
|upkeep
|turn|4
|
|t:|1776044772
|move|p1a: Gliscor|Spikes|p2a: Ting-Lu
|-sidestart|p2: Tsaun|Spikes
|move|p2a: Ting-Lu|Whirlwind|p1a: Gliscor
|drag|p1a: Sinistcha|Sinistcha|100/100
|
|-heal|p2a: Ting-Lu|78/100 brn|[from] item: Leftovers
|-damage|p2a: Ting-Lu|72/100 brn|[from] brn
|upkeep
|turn|5
|
|t:|1776044784
|switch|p1a: Gliscor|Gliscor, M|50/100 tox
|move|p2a: Ting-Lu|Ruination|p1a: Gliscor
|-damage|p1a: Gliscor|25/100 tox
|
|-heal|p2a: Ting-Lu|78/100 brn|[from] item: Leftovers
|-heal|p1a: Gliscor|38/100 tox|[from] ability: Poison Heal
|-damage|p2a: Ting-Lu|72/100 brn|[from] brn
|upkeep
|turn|6
|
|t:|1776044803
|switch|p2a: Glimmora|Glimmora, F|100/100
|-damage|p2a: Glimmora|88/100|[from] Spikes
|move|p1a: Gliscor|Knock Off|p2a: Glimmora
|-damage|p2a: Glimmora|63/100
|-activate|p2a: Glimmora|ability: Toxic Debris
|-sidestart|p1: jujuboy420|move: Toxic Spikes
|-enditem|p2a: Glimmora|Focus Sash|[from] move: Knock Off|[of] p1a: Gliscor
|
|-heal|p1a: Gliscor|50/100 tox|[from] ability: Poison Heal
|upkeep
|turn|7
|
|t:|1776044813
|move|p2a: Glimmora|Stealth Rock|p1a: Gliscor
|-sidestart|p1: jujuboy420|move: Stealth Rock
|move|p1a: Gliscor|Earthquake|p2a: Glimmora
|-supereffective|p2a: Glimmora
|-damage|p2a: Glimmora|0 fnt
|-activate|p2a: Glimmora|ability: Toxic Debris
|-sidestart|p1: jujuboy420|move: Toxic Spikes
|faint|p2a: Glimmora
|
|-heal|p1a: Gliscor|63/100 tox|[from] ability: Poison Heal
|upkeep
|
|t:|1776044821
|switch|p2a: Ogerpon|Ogerpon-Wellspring, F|100/100
|-damage|p2a: Ogerpon|88/100|[from] Spikes
|turn|8
|
|t:|1776044841
|switch|p1a: Corviknight|Corviknight, M|100/100
|-damage|p1a: Corviknight|88/100|[from] Stealth Rock
|-ability|p1a: Corviknight|Pressure
|move|p2a: Ogerpon|Ivy Cudgel|p1a: Corviknight|[anim] Ivy Cudgel Water
|-crit|p1a: Corviknight
|-damage|p1a: Corviknight|35/100
|
|upkeep
|turn|9
|
|t:|1776044849
|switch|p2a: Gholdengo|Gholdengo|100/100
|-damage|p2a: Gholdengo|88/100|[from] Spikes
|move|p1a: Corviknight|Roost|p1a: Corviknight
|-heal|p1a: Corviknight|85/100
|-singleturn|p1a: Corviknight|move: Roost
|
|upkeep
|turn|10
|
|t:|1776044861
|move|p2a: Gholdengo|Thunderbolt|p1a: Corviknight
|-supereffective|p1a: Corviknight
|-damage|p1a: Corviknight|28/100
|move|p1a: Corviknight|U-turn|p2a: Gholdengo
|-resisted|p2a: Gholdengo
|-damage|p2a: Gholdengo|84/100
|
|t:|1776044868
|switch|p1a: Heatran|Heatran, F|100/100|[from] U-turn
|-damage|p1a: Heatran|88/100|[from] Stealth Rock
|
|-heal|p1a: Heatran|94/100|[from] item: Leftovers
|upkeep
|turn|11
|
|t:|1776044876
|switch|p2a: Ting-Lu|Ting-Lu|72/100 brn
|-damage|p2a: Ting-Lu|59/100 brn|[from] Spikes
|-ability|p2a: Ting-Lu|Vessel of Ruin
|move|p1a: Heatran|Stealth Rock|p2a: Ting-Lu
|-sidestart|p2: Tsaun|move: Stealth Rock
|
|-heal|p1a: Heatran|100/100|[from] item: Leftovers
|-heal|p2a: Ting-Lu|66/100 brn|[from] item: Leftovers
|-damage|p2a: Ting-Lu|59/100 brn|[from] brn
|upkeep
|turn|12
|
|t:|1776044881
|switch|p1a: Corviknight|Corviknight, M|28/100
|-damage|p1a: Corviknight|16/100|[from] Stealth Rock
|-ability|p1a: Corviknight|Pressure
|move|p2a: Ting-Lu|Whirlwind|p1a: Corviknight
|drag|p1a: Sinistcha|Sinistcha|100/100
|
|-heal|p2a: Ting-Lu|66/100 brn|[from] item: Leftovers
|-damage|p2a: Ting-Lu|59/100 brn|[from] brn
|upkeep
|turn|13
|
|t:|1776044889
|switch|p2a: Gholdengo|Gholdengo|84/100
|-damage|p2a: Gholdengo|72/100|[from] Spikes
|-damage|p2a: Gholdengo|66/100|[from] Stealth Rock
|move|p1a: Sinistcha|Matcha Gotcha|p2a: Gholdengo
|-resisted|p2a: Gholdengo
|-damage|p2a: Gholdengo|49/100
|
|upkeep
|turn|14
|
|t:|1776044898
|switch|p1a: Heatran|Heatran, F|100/100
|-damage|p1a: Heatran|88/100|[from] Stealth Rock
|move|p2a: Gholdengo|Shadow Ball|p1a: Heatran
|-damage|p1a: Heatran|59/100
|
|-heal|p1a: Heatran|65/100|[from] item: Leftovers
|upkeep
|turn|15
|
|t:|1776044909
|switch|p2a: Ting-Lu|Ting-Lu|59/100 brn
|-damage|p2a: Ting-Lu|47/100 brn|[from] Spikes
|-damage|p2a: Ting-Lu|41/100 brn|[from] Stealth Rock
|-ability|p2a: Ting-Lu|Vessel of Ruin
|move|p1a: Heatran|Magma Storm|p2a: Ting-Lu
|-damage|p2a: Ting-Lu|21/100 brn
|-activate|p2a: Ting-Lu|move: Magma Storm|[of] p1a: Heatran
|
|-heal|p1a: Heatran|71/100|[from] item: Leftovers
|-heal|p2a: Ting-Lu|28/100 brn|[from] item: Leftovers
|-damage|p2a: Ting-Lu|21/100 brn|[from] brn
|-damage|p2a: Ting-Lu|9/100 brn|[from] move: Magma Storm|[partiallytrapped]
|upkeep
|turn|16
|
|t:|1776044918
|move|p1a: Heatran|Earth Power|p2a: Ting-Lu
|-damage|p2a: Ting-Lu|0 fnt
|faint|p2a: Ting-Lu
|
|-heal|p1a: Heatran|78/100|[from] item: Leftovers
|upkeep
|
|t:|1776044926
|switch|p2a: Gliscor|Gliscor, F|100/100
|-damage|p2a: Gliscor|88/100|[from] Stealth Rock
|turn|17
|
|t:|1776044948
|switch|p1a: Corviknight|Corviknight, M|16/100
|-damage|p1a: Corviknight|4/100|[from] Stealth Rock
|-ability|p1a: Corviknight|Pressure
|move|p2a: Gliscor|Protect||[still]
|-fail|p2a: Gliscor
|
|-status|p2a: Gliscor|tox|[from] item: Toxic Orb
|upkeep
|turn|18
|
|t:|1776044957
|move|p2a: Gliscor|Knock Off|p1a: Corviknight
|-crit|p1a: Corviknight
|-damage|p1a: Corviknight|0 fnt
|-damage|p2a: Gliscor|72/100 tox|[from] item: Rocky Helmet|[of] p1a: Corviknight
|-enditem|p1a: Corviknight|Rocky Helmet|[from] move: Knock Off|[of] p2a: Gliscor
|faint|p1a: Corviknight
|
|-heal|p2a: Gliscor|84/100 tox|[from] ability: Poison Heal
|upkeep
|
|t:|1776044967
|switch|p1a: Tentacruel|Tentacruel, F, shiny|100/100
|-sideend|p1: jujuboy420|move: Toxic Spikes|[of] p1a: Tentacruel
|turn|19
|
|t:|1776044979
|move|p2a: Gliscor|Protect|p2a: Gliscor
|-singleturn|p2a: Gliscor|Protect
|move|p1a: Tentacruel|Surf|p2a: Gliscor
|-activate|p2a: Gliscor|move: Protect
|
|-heal|p2a: Gliscor|96/100 tox|[from] ability: Poison Heal
|upkeep
|turn|20
|
|t:|1776044991
|switch|p2a: Ogerpon|Ogerpon-Wellspring, F|88/100
|-damage|p2a: Ogerpon|76/100|[from] Spikes
|-damage|p2a: Ogerpon|64/100|[from] Stealth Rock
|move|p1a: Tentacruel|Rapid Spin|p2a: Ogerpon
|-damage|p2a: Ogerpon|53/100
|-boost|p1a: Tentacruel|spe|1
|-sideend|p1: jujuboy420|Stealth Rock|[from] move: Rapid Spin|[of] p1a: Tentacruel
|
|upkeep
|turn|21
|
|t:|1776045001
|move|p1a: Tentacruel|Sludge Bomb|p2a: Ogerpon
|-supereffective|p2a: Ogerpon
|-damage|p2a: Ogerpon|0 fnt
|faint|p2a: Ogerpon
|
|upkeep
|-message|Tsaun forfeited.
|
|win|jujuboy420
|raw|jujuboy420's rating: 1354 &rarr; <strong>1374</strong><br />(+20 for winning)
|raw|Tsaun's rating: 1354 &rarr; <strong>1334</strong><br />(-20 for losing)
|l|☆Tsaun
|player|p2|
|l|☆jujuboy420
|player|p1|
