|html|<div class="broadcast-blue"><strong>[Gen 9] OU is currently suspecting Tera Blast! For information on how to participate check out the <a href="https://www.smogon.com/tools/suspects/view/200">suspect thread</a>.</strong></div>
|j|☆elpets
|j|☆untilting1877
|t:|1776084938
|gametype|singles
|player|p1|elpets|infielder|1743
|player|p2|untilting1877|265|1720
|gen|9
|tier|[Gen 9] OU
|rated|
|rule|HP Percentage Mod: HP is shown in percentages
|rule|Endless Battle Clause: Forcing endless battles is banned
|rule|Species Clause: Limit one of each Pokémon
|rule|OHKO Clause: OHKO moves are banned
|rule|Evasion Items Clause: Evasion items are banned
|rule|Evasion Moves Clause: Evasion moves are banned
|rule|Evasion Abilities Clause: Evasion abilities are banned
|rule|Sleep Moves Clause: Sleep-inducing moves are banned
|clearpoke
|poke|p1|Hatterene, F|
|poke|p1|Dragonite, F|
|poke|p1|Breloom, M|
|poke|p1|Azumarill, F|
|poke|p1|Great Tusk|
|poke|p1|Skeledirge, F|
|poke|p2|Volcanion|
|poke|p2|Raging Bolt|
|poke|p2|Kyurem|
|poke|p2|Enamorus, F|
|poke|p2|Iron Treads|
|poke|p2|Ceruledge, M|
|teampreview
|inactive|Battle timer is ON: inactive players will automatically lose when time's up. (requested by elpets)
|
|t:|1776084952
|teamsize|p1|6
|teamsize|p2|6
|start
|switch|p1a: Azumarill|Azumarill, F|100/100
|switch|p2a: Volcanion|Volcanion|100/100
|turn|1
|
|t:|1776084958
|move|p2a: Volcanion|Sludge Bomb|p1a: Azumarill
|-supereffective|p1a: Azumarill
|-damage|p1a: Azumarill|51/100
|move|p1a: Azumarill|Knock Off|p2a: Volcanion
|-damage|p2a: Volcanion|60/100
|-enditem|p2a: Volcanion|Shuca Berry|[from] move: Knock Off|[of] p1a: Azumarill
|
|upkeep
|turn|2
|
|t:|1776084970
|move|p2a: Volcanion|Sludge Bomb|p1a: Azumarill
|-supereffective|p1a: Azumarill
|-damage|p1a: Azumarill|6/100
|move|p1a: Azumarill|Knock Off|p2a: Volcanion
|-crit|p2a: Volcanion
|-damage|p2a: Volcanion|17/100
|
|upkeep
|turn|3
|
|t:|1776084976
|move|p2a: Volcanion|Flamethrower|p1a: Azumarill
|-resisted|p1a: Azumarill
|-damage|p1a: Azumarill|0 fnt
|faint|p1a: Azumarill
|
|upkeep
|
|t:|1776084989
|switch|p1a: Dragonite|Dragonite, F|100/100
|turn|4
|
|t:|1776084997
|move|p1a: Dragonite|Dragon Dance|p1a: Dragonite
|-boost|p1a: Dragonite|atk|1
|-boost|p1a: Dragonite|spe|1
|move|p2a: Volcanion|Steam Eruption|p1a: Dragonite
|-resisted|p1a: Dragonite
|-damage|p1a: Dragonite|85/100
|
|upkeep
|turn|5
|
|t:|1776085012
|move|p1a: Dragonite|Extreme Speed|p2a: Volcanion
|-damage|p2a: Volcanion|0 fnt
|faint|p2a: Volcanion
|
|upkeep
|
|t:|1776085016
|switch|p2a: Enamorus|Enamorus, F|100/100
|turn|6
|
|t:|1776085025
|-terastallize|p1a: Dragonite|Fire
|move|p2a: Enamorus|Moonblast|p1a: Dragonite
|-resisted|p1a: Dragonite
|-damage|p1a: Dragonite|57/100
|move|p1a: Dragonite|Dragon Dance|p1a: Dragonite
|-boost|p1a: Dragonite|atk|1
|-boost|p1a: Dragonite|spe|1
|
|upkeep
|turn|7
|
|t:|1776085037
|move|p1a: Dragonite|Fire Punch|p2a: Enamorus
|-crit|p2a: Enamorus
|-damage|p2a: Enamorus|0 fnt
|faint|p2a: Enamorus
|
|upkeep
|
|t:|1776085041
|switch|p2a: Raging Bolt|Raging Bolt|100/100
|-enditem|p2a: Raging Bolt|Booster Energy
|-activate|p2a: Raging Bolt|ability: Protosynthesis|[fromitem]
|-start|p2a: Raging Bolt|protosynthesisspa
|turn|8
|
|t:|1776085052
|-terastallize|p2a: Raging Bolt|Fairy
|move|p1a: Dragonite|Outrage|p2a: Raging Bolt
|-immune|p2a: Raging Bolt
|move|p2a: Raging Bolt|Thunderbolt|p1a: Dragonite
|-damage|p1a: Dragonite|0 fnt
|faint|p1a: Dragonite
|
|upkeep
|
|t:|1776085056
|switch|p1a: Great Tusk|Great Tusk|100/100
|-enditem|p1a: Great Tusk|Booster Energy
|-activate|p1a: Great Tusk|ability: Protosynthesis|[fromitem]
|-start|p1a: Great Tusk|protosynthesisatk
|turn|9
|
|t:|1776085061
|move|p1a: Great Tusk|Headlong Rush|p2a: Raging Bolt
|-damage|p2a: Raging Bolt|29/100
|-unboost|p1a: Great Tusk|def|1
|-unboost|p1a: Great Tusk|spd|1
|move|p2a: Raging Bolt|Dragon Pulse|p1a: Great Tusk
|-damage|p1a: Great Tusk|0 fnt
|faint|p1a: Great Tusk
|-end|p1a: Great Tusk|Protosynthesis|[silent]
|
|upkeep
|
|t:|1776085069
|switch|p1a: Hatterene|Hatterene, F|100/100
|turn|10
|
|t:|1776085075
|-end|p2a: Raging Bolt|Protosynthesis|[silent]
|switch|p2a: Iron Treads|Iron Treads|100/100
|-enditem|p2a: Iron Treads|Booster Energy
|-activate|p2a: Iron Treads|ability: Quark Drive|[fromitem]
|-start|p2a: Iron Treads|quarkdrivespe
|move|p1a: Hatterene|Psyshock|p2a: Iron Treads
|-resisted|p2a: Iron Treads
|-damage|p2a: Iron Treads|80/100
|
|upkeep
|turn|11
|
|t:|1776085077
|move|p2a: Iron Treads|Steel Beam|p1a: Hatterene|[miss]
|-miss|p2a: Iron Treads|p1a: Hatterene
|-damage|p2a: Iron Treads|30/100|[from] steelbeam
|move|p1a: Hatterene|Trick Room|p1a: Hatterene
|-fieldstart|move: Trick Room|[of] p1a: Hatterene
|
|upkeep
|turn|12
|
|t:|1776085080
|move|p1a: Hatterene|Mystical Fire|p2a: Iron Treads
|-supereffective|p2a: Iron Treads
|-damage|p2a: Iron Treads|0 fnt
|faint|p2a: Iron Treads
|-end|p2a: Iron Treads|Quark Drive|[silent]
|
|upkeep
|
|t:|1776085085
|switch|p2a: Ceruledge|Ceruledge, M|100/100
|-item|p2a: Ceruledge|Air Balloon
|turn|13
|
|t:|1776085096
|move|p1a: Hatterene|Psyshock|p2a: Ceruledge
|-damage|p2a: Ceruledge|38/100
|-enditem|p2a: Ceruledge|Air Balloon
|move|p2a: Ceruledge|Poltergeist|p1a: Hatterene
|-activate|p1a: Hatterene|move: Poltergeist|Leftovers
|-supereffective|p1a: Hatterene
|-damage|p1a: Hatterene|0 fnt
|faint|p1a: Hatterene
|
|upkeep
|
|t:|1776085103
|switch|p1a: Ippo|Breloom, M|100/100
|turn|14
|
|t:|1776085107
|switch|p2a: Raging Bolt|Raging Bolt, tera:Fairy|29/100
|move|p1a: Ippo|Rock Tomb|p2a: Raging Bolt
|-damage|p2a: Raging Bolt|0 fnt
|faint|p2a: Raging Bolt
|-end|p2a: Raging Bolt|Protosynthesis|[silent]
|
|upkeep
|
|t:|1776085116
|switch|p2a: Kyurem|Kyurem|100/100
|-ability|p2a: Kyurem|Pressure
|turn|15
|
|t:|1776085119
|move|p1a: Ippo|Rock Tomb|p2a: Kyurem
|-supereffective|p2a: Kyurem
|-damage|p2a: Kyurem|32/100
|-unboost|p2a: Kyurem|spe|1
|move|p2a: Kyurem|Icicle Spear|p1a: Ippo
|-supereffective|p1a: Ippo
|-damage|p1a: Ippo|51/100
|-supereffective|p1a: Ippo
|-damage|p1a: Ippo|2/100
|-supereffective|p1a: Ippo
|-damage|p1a: Ippo|0 fnt
|faint|p1a: Ippo
|-hitcount|p1: Ippo|3
|
|-fieldend|move: Trick Room
|upkeep
|
|t:|1776085123
|switch|p1a: Skeledirge|Skeledirge, F|100/100
|turn|16
|
|t:|1776085126
|move|p2a: Kyurem|Earth Power|p1a: Skeledirge
|-supereffective|p1a: Skeledirge
|-damage|p1a: Skeledirge|39/100
|move|p1a: Skeledirge|Torch Song|p2a: Kyurem
|-crit|p2a: Kyurem
|-damage|p2a: Kyurem|0 fnt
|-boost|p1a: Skeledirge|spa|1
|faint|p2a: Kyurem
|
|upkeep
|
|t:|1776085128
|switch|p2a: Ceruledge|Ceruledge, M|38/100
|turn|17
|
|t:|1776085133
|move|p2a: Ceruledge|Poltergeist|p1a: Skeledirge
|-activate|p1a: Skeledirge|move: Poltergeist|Covert Cloak
|-supereffective|p1a: Skeledirge
|-damage|p1a: Skeledirge|0 fnt
|faint|p1a: Skeledirge
|
|win|untilting1877
|raw|elpets's rating: 1743 &rarr; <strong>1722</strong><br />(-21 for losing)
|raw|untilting1877's rating: 1720 &rarr; <strong>1741</strong><br />(+21 for winning)
|l|☆untilting1877
|player|p2|
|l|☆elpets
|player|p1|
|j|☆untilting1877
|player|p2|untilting1877|265|
|l|☆untilting1877
|player|p2|
