|html|<div class="broadcast-blue"><strong>[Gen 9] OU is currently suspecting Tera Blast! For information on how to participate check out the <a href="https://www.smogon.com/tools/suspects/view/200">suspect thread</a>.</strong></div>
|j|☆whatisherm3l0n
|j|☆DcBaker
|t:|1776222634
|gametype|singles
|player|p1|whatisherm3l0n|acetrainer-gen4dp|
|player|p2|DcBaker|pokemonrangerf|
|gen|9
|tier|[Gen 9] OU
|rule|HP Percentage Mod: HP is shown in percentages
|rule|Endless Battle Clause: Forcing endless battles is banned
|rule|Species Clause: Limit one of each Pokémon
|rule|OHKO Clause: OHKO moves are banned
|rule|Evasion Items Clause: Evasion items are banned
|rule|Evasion Moves Clause: Evasion moves are banned
|rule|Evasion Abilities Clause: Evasion abilities are banned
|rule|Sleep Moves Clause: Sleep-inducing moves are banned
|clearpoke
|poke|p1|Pelipper, M|
|poke|p1|Manaphy|
|poke|p1|Bruxish, F|
|poke|p1|Overqwil, M|
|poke|p1|Iron Treads|
|poke|p1|Raging Bolt|
|poke|p2|Deoxys-Speed|
|poke|p2|Ceruledge, F|
|poke|p2|Zamazenta-*|
|poke|p2|Ogerpon-Wellspring, F|
|poke|p2|Glimmora, M|
|poke|p2|Moltres-Galar|
|teampreview
|inactive|Battle timer is ON: inactive players will automatically lose when time's up. (requested by DcBaker)
|
|t:|1776222642
|teamsize|p1|6
|teamsize|p2|6
|start
|switch|p1a: Dr. Pelipper|Pelipper, M, shiny|100/100
|switch|p2a: gimmie|Glimmora, M|100/100
|-weather|RainDance|[from] ability: Drizzle|[of] p1a: Dr. Pelipper
|turn|1
|
|t:|1776222649
|move|p2a: gimmie|Meteor Beam||[still]
|-prepare|p2a: gimmie|Meteor Beam
|-boost|p2a: gimmie|spa|1
|-enditem|p2a: gimmie|Power Herb
|-anim|p2a: gimmie|Meteor Beam|p1a: Dr. Pelipper
|-supereffective|p1a: Dr. Pelipper
|-damage|p1a: Dr. Pelipper|0 fnt
|faint|p1a: Dr. Pelipper
|
|-weather|RainDance|[upkeep]
|upkeep
|c|☆DcBaker|boom boom boom
|c|☆whatisherm3l0n|oh wow
|
|t:|1776222668
|switch|p1a: Iron Treads|Iron Treads, shiny|100/100
|-enditem|p1a: Iron Treads|Booster Energy
|-activate|p1a: Iron Treads|ability: Quark Drive|[fromitem]
|-start|p1a: Iron Treads|quarkdrivespe
|turn|2
|
|t:|1776222673
|move|p1a: Iron Treads|Earthquake|p2a: gimmie
|-supereffective|p2a: gimmie
|-damage|p2a: gimmie|0 fnt
|-activate|p2a: gimmie|ability: Toxic Debris
|-sidestart|p1: whatisherm3l0n|move: Toxic Spikes
|faint|p2a: gimmie
|
|-weather|RainDance|[upkeep]
|upkeep
|c|☆whatisherm3l0n|boom
|
|t:|1776222682
|switch|p2a: 1/151|Ogerpon-Wellspring, F|100/100
|turn|3
|
|t:|1776222691
|-end|p1a: Iron Treads|Quark Drive|[silent]
|switch|p1a: Overqwil|Overqwil, M, shiny|100/100
|-sideend|p1: whatisherm3l0n|move: Toxic Spikes|[of] p1a: Overqwil
|move|p2a: 1/151|Ivy Cudgel|p1a: Overqwil|[anim] Ivy Cudgel Water
|-damage|p1a: Overqwil|0 fnt
|faint|p1a: Overqwil
|
|-weather|RainDance|[upkeep]
|upkeep
|
|t:|1776222702
|switch|p1a: Manaphy|Manaphy, shiny|100/100
|turn|4
|
|t:|1776222708
|-terastallize|p1a: Manaphy|Grass
|move|p1a: Manaphy|Tail Glow|p1a: Manaphy
|-boost|p1a: Manaphy|spa|3
|move|p2a: 1/151|Swords Dance|p2a: 1/151
|-boost|p2a: 1/151|atk|2
|
|-weather|RainDance|[upkeep]
|upkeep
|turn|5
|
|t:|1776222726
|move|p1a: Manaphy|Energy Ball|p2a: 1/151
|-damage|p2a: 1/151|0 fnt
|faint|p2a: 1/151
|
|-weather|RainDance|[upkeep]
|upkeep
|
|t:|1776222732
|switch|p2a: DEO|Deoxys-Speed|100/100
|-ability|p2a: DEO|Pressure
|turn|6
|
|t:|1776222741
|move|p2a: DEO|Taunt|p1a: Manaphy
|-start|p1a: Manaphy|move: Taunt
|move|p1a: Manaphy|Surf|p2a: DEO
|-damage|p2a: DEO|0 fnt
|faint|p2a: DEO
|
|-weather|RainDance|[upkeep]
|upkeep
|
|t:|1776222747
|switch|p2a: Sara|Ceruledge, F|100/100
|turn|7
|
|t:|1776222758
|-terastallize|p2a: Sara|Ghost
|move|p1a: Manaphy|Surf|p2a: Sara
|-damage|p2a: Sara|0 fnt
|faint|p2a: Sara
|
|-weather|RainDance|[upkeep]
|upkeep
|
|t:|1776222763
|switch|p2a: mo|Moltres-Galar|100/100
|turn|8
|
|t:|1776222771
|move|p1a: Manaphy|Surf|p2a: mo
|-damage|p2a: mo|0 fnt
|faint|p2a: mo
|
|-weather|none
|-end|p1a: Manaphy|move: Taunt
|upkeep
|
|t:|1776222774
|switch|p2a: ZAHM|Zamazenta|100/100
|-ability|p2a: ZAHM|Dauntless Shield|boost
|-boost|p2a: ZAHM|def|1
|turn|9
|
|t:|1776222781
|move|p2a: ZAHM|Iron Defense|p2a: ZAHM
|-boost|p2a: ZAHM|def|2
|move|p1a: Manaphy|Tail Glow|p1a: Manaphy
|-boost|p1a: Manaphy|spa|3
|
|upkeep
|turn|10
|
|t:|1776222789
|move|p2a: ZAHM|Body Press|p1a: Manaphy
|-damage|p1a: Manaphy|9/100
|move|p1a: Manaphy|Surf|p2a: ZAHM
|-damage|p2a: ZAHM|0 fnt
|faint|p2a: ZAHM
|
|win|whatisherm3l0n
