|html|<div class="broadcast-blue"><strong>[Gen 9] OU is currently suspecting Tera Blast! For information on how to participate check out the <a href="https://www.smogon.com/tools/suspects/view/200">suspect thread</a>.</strong></div>
|badge|p1|bronze|gen9randombattle|100-9
|uhtml|medal-msg|<div class="broadcast-blue">Curious what those medals under the avatar are? PS now has Ladder Seasons! For more information, check out the <a href="https://www.smogon.com/forums/threads/3740067/">thread on Smogon.</a></div>
|j|☆kindnessalwayswins
|j|☆untilting1877
|t:|1776047765
|gametype|singles
|player|p1|kindnessalwayswins|iris-gen5bw2|1597
|player|p2|untilting1877|2|1662
|gen|9
|tier|[Gen 9] OU
|rated|
|rule|HP Percentage Mod: HP is shown in percentages
|rule|Endless Battle Clause: Forcing endless battles is banned
|rule|Species Clause: Limit one of each Pokémon
|rule|OHKO Clause: OHKO moves are banned
|rule|Evasion Items Clause: Evasion items are banned
|rule|Evasion Moves Clause: Evasion moves are banned
|rule|Evasion Abilities Clause: Evasion abilities are banned
|rule|Sleep Moves Clause: Sleep-inducing moves are banned
|clearpoke
|poke|p1|Hatterene, F|
|poke|p1|Iron Valiant|
|poke|p1|Cinderace, M|
|poke|p1|Alomomola, M|
|poke|p1|Kingambit, M|
|poke|p1|Flygon, M|
|poke|p2|Tornadus-Therian, M|
|poke|p2|Tinkaton, F|
|poke|p2|Slowking-Galar, M|
|poke|p2|Sinistcha|
|poke|p2|Weavile, M|
|poke|p2|Volcanion|
|teampreview
|c|☆kindnessalwayswins|hf
|j| feddex289
|inactive|Battle timer is ON: inactive players will automatically lose when time's up. (requested by kindnessalwayswins)
|
|t:|1776047805
|teamsize|p1|6
|teamsize|p2|6
|start
|switch|p1a: Flygon|Flygon, M|100/100
|switch|p2a: Volcanion|Volcanion|100/100
|turn|1
|
|t:|1776047819
|switch|p2a: Tinkaton|Tinkaton, F|100/100
|-item|p2a: Tinkaton|Air Balloon
|move|p1a: Flygon|Earthquake|p2a: Tinkaton
|-immune|p2a: Tinkaton
|
|upkeep
|turn|2
|
|t:|1776047828
|switch|p1a: Alomomola|Alomomola, M|100/100
|move|p2a: Tinkaton|Gigaton Hammer|p1a: Alomomola
|-resisted|p1a: Alomomola
|-damage|p1a: Alomomola|89/100
|
|upkeep
|turn|3
|
|t:|1776047835
|switch|p2a: Volcanion|Volcanion|100/100
|move|p1a: Alomomola|Flip Turn|p2a: Volcanion
|-immune|p2a: Volcanion|[from] ability: Water Absorb
|
|upkeep
|turn|4
|
|t:|1776047837
|move|p2a: Volcanion|Flamethrower|p1a: Alomomola
|-resisted|p1a: Alomomola
|-damage|p1a: Alomomola|66/100
|move|p1a: Alomomola|Wish|p1a: Alomomola
|
|upkeep
|turn|5
|
|t:|1776047842
|switch|p1a: Hatterene|Hatterene, F|100/100
|move|p2a: Volcanion|Steam Eruption|p1a: Hatterene
|-damage|p1a: Hatterene|67/100
|-status|p1a: Hatterene|brn
|
|-heal|p1a: Hatterene|100/100 brn|[from] move: Wish|[wisher] Alomomola
|-damage|p1a: Hatterene|95/100 brn|[from] brn
|upkeep
|turn|6
|
|t:|1776047853
|switch|p2a: Slowking|Slowking-Galar, M|100/100
|move|p1a: Hatterene|Nuzzle|p2a: Slowking
|-damage|p2a: Slowking|98/100
|-status|p2a: Slowking|par
|
|-damage|p1a: Hatterene|89/100 brn|[from] brn
|upkeep
|turn|7
|
|t:|1776047861
|switch|p1a: Kingambit|Kingambit, M|100/100
|move|p2a: Slowking|Sludge Bomb|p1a: Kingambit
|-immune|p1a: Kingambit
|
|upkeep
|turn|8
|
|t:|1776047874
|switch|p2a: Volcanion|Volcanion|100/100
|move|p1a: Kingambit|Kowtow Cleave|p2a: Volcanion
|-damage|p2a: Volcanion|63/100
|
|upkeep
|turn|9
|inactive|kindnessalwayswins has 120 seconds left.
|
|t:|1776047908
|-end|p1a: Kingambit|fallenundefined|[silent]
|switch|p1a: Alomomola|Alomomola, M|99/100
|move|p2a: Volcanion|Steam Eruption|p1a: Alomomola
|-resisted|p1a: Alomomola
|-damage|p1a: Alomomola|72/100
|
|upkeep
|turn|10
|
|t:|1776047915
|move|p1a: Alomomola|Protect|p1a: Alomomola
|-singleturn|p1a: Alomomola|Protect
|move|p2a: Volcanion|Flamethrower|p1a: Alomomola
|-activate|p1a: Alomomola|move: Protect
|
|upkeep
|turn|11
|
|t:|1776047918
|move|p2a: Volcanion|Steam Eruption|p1a: Alomomola
|-resisted|p1a: Alomomola
|-damage|p1a: Alomomola|45/100
|move|p1a: Alomomola|Wish|p1a: Alomomola
|
|upkeep
|turn|12
|
|t:|1776047921
|move|p1a: Alomomola|Protect|p1a: Alomomola
|-singleturn|p1a: Alomomola|Protect
|move|p2a: Volcanion|Flamethrower|p1a: Alomomola
|-activate|p1a: Alomomola|move: Protect
|
|-heal|p1a: Alomomola|95/100|[from] move: Wish|[wisher] Alomomola
|upkeep
|turn|13
|
|t:|1776047924
|move|p2a: Volcanion|Flamethrower|p1a: Alomomola
|-resisted|p1a: Alomomola
|-crit|p1a: Alomomola
|-damage|p1a: Alomomola|65/100
|move|p1a: Alomomola|Wish|p1a: Alomomola
|
|upkeep
|turn|14
|
|t:|1776047926
|switch|p1a: Hatterene|Hatterene, F|89/100 brn
|move|p2a: Volcanion|Flamethrower|p1a: Hatterene
|-damage|p1a: Hatterene|60/100 brn
|
|-heal|p1a: Hatterene|100/100 brn|[from] move: Wish|[wisher] Alomomola
|-damage|p1a: Hatterene|95/100 brn|[from] brn
|upkeep
|turn|15
|
|t:|1776047931
|switch|p2a: Slowking|Slowking-Galar, M|100/100 par
|move|p1a: Hatterene|Psychic Noise|p2a: Slowking
|-damage|p2a: Slowking|75/100 par
|-start|p2a: Slowking|move: Heal Block
|
|-damage|p1a: Hatterene|89/100 brn|[from] brn
|upkeep
|turn|16
|
|t:|1776047936
|move|p1a: Hatterene|Psychic Noise|p2a: Slowking
|-damage|p2a: Slowking|49/100 par
|move|p2a: Slowking|Toxic Spikes|p1a: Hatterene
|move|p1a: Hatterene|Toxic Spikes|p2a: Slowking|[from] ability: Magic Bounce
|-sidestart|p2: untilting1877|move: Toxic Spikes
|
|-damage|p1a: Hatterene|83/100 brn|[from] brn
|-end|p2a: Slowking|move: Heal Block
|upkeep
|turn|17
|
|t:|1776047942
|switch|p1a: Kingambit|Kingambit, M|100/100
|move|p2a: Slowking|Sludge Bomb|p1a: Kingambit
|-immune|p1a: Kingambit
|
|upkeep
|turn|18
|
|t:|1776047956
|switch|p2a: Tinkaton|Tinkaton, F|100/100
|-item|p2a: Tinkaton|Air Balloon
|move|p1a: Kingambit|Kowtow Cleave|p2a: Tinkaton
|-resisted|p2a: Tinkaton
|-damage|p2a: Tinkaton|65/100
|-enditem|p2a: Tinkaton|Air Balloon
|-enditem|p1a: Kingambit|Black Glasses|[silent]|[from] ability: Pickpocket|[of] p1a: Kingambit
|-item|p2a: Tinkaton|Black Glasses|[from] ability: Pickpocket|[of] p1a: Kingambit
|
|upkeep
|turn|19
|
|t:|1776047962
|switch|p2a: Volcanion|Volcanion|63/100
|move|p1a: Kingambit|Iron Head|p2a: Volcanion
|-resisted|p2a: Volcanion
|-damage|p2a: Volcanion|55/100
|
|upkeep
|turn|20
|inactive|kindnessalwayswins has 120 seconds left.
|
|t:|1776047998
|-end|p1a: Kingambit|fallenundefined|[silent]
|switch|p1a: Alomomola|Alomomola, M|98/100
|move|p2a: Volcanion|Flamethrower|p1a: Alomomola
|-resisted|p1a: Alomomola
|-damage|p1a: Alomomola|76/100
|
|upkeep
|turn|21
|
|t:|1776048005
|move|p2a: Volcanion|Flamethrower|p1a: Alomomola
|-resisted|p1a: Alomomola
|-damage|p1a: Alomomola|55/100
|move|p1a: Alomomola|Wish|p1a: Alomomola
|
|upkeep
|turn|22
|
|t:|1776048010
|switch|p1a: Hatterene|Hatterene, F|83/100 brn
|move|p2a: Volcanion|Flamethrower|p1a: Hatterene
|-damage|p1a: Hatterene|58/100 brn
|
|-heal|p1a: Hatterene|100/100 brn|[from] move: Wish|[wisher] Alomomola
|-damage|p1a: Hatterene|95/100 brn|[from] brn
|upkeep
|turn|23
|
|t:|1776048015
|switch|p2a: Slowking|Slowking-Galar, M|82/100 par
|-sideend|p2: untilting1877|move: Toxic Spikes|[of] p2a: Slowking
|move|p1a: Hatterene|Psychic Noise|p2a: Slowking
|-damage|p2a: Slowking|56/100 par
|-start|p2a: Slowking|move: Heal Block
|
|-damage|p1a: Hatterene|89/100 brn|[from] brn
|upkeep
|turn|24
|
|t:|1776048023
|switch|p1a: Kingambit|Kingambit, M|100/100
|-prepare|p2a: Slowking|Chilly Reception|[premajor]
|move|p2a: Slowking|Chilly Reception|p2a: Slowking
|-weather|Snowscape
|
|t:|1776048026
|switch|p2a: Volcanion|Volcanion|55/100|[from] Chilly Reception
|
|-weather|Snowscape|[upkeep]
|upkeep
|turn|25
|
|t:|1776048034
|-end|p1a: Kingambit|fallenundefined|[silent]
|switch|p1a: Alomomola|Alomomola, M|89/100
|move|p2a: Volcanion|Flamethrower|p1a: Alomomola
|-resisted|p1a: Alomomola
|-damage|p1a: Alomomola|69/100
|
|-weather|Snowscape|[upkeep]
|upkeep
|turn|26
|
|t:|1776048039
|switch|p2a: Tinkaton|Tinkaton, F|65/100
|move|p1a: Alomomola|Protect||[still]
|-fail|p1a: Alomomola
|
|-weather|Snowscape|[upkeep]
|upkeep
|turn|27
|
|t:|1776048058
|move|p1a: Alomomola|Protect|p1a: Alomomola
|-singleturn|p1a: Alomomola|Protect
|move|p2a: Tinkaton|Stealth Rock|p1a: Alomomola
|-sidestart|p1: kindnessalwayswins|move: Stealth Rock
|
|-weather|Snowscape|[upkeep]
|upkeep
|turn|28
|
|t:|1776048062
|move|p2a: Tinkaton|Encore|p1a: Alomomola
|-start|p1a: Alomomola|Encore
|move|p1a: Alomomola|Protect||[still]
|-fail|p1a: Alomomola
|
|-weather|none
|upkeep
|turn|29
|l| feddex289
|
|t:|1776048073
|switch|p1a: Kingambit|Kingambit, M|100/100
|-damage|p1a: Kingambit|94/100|[from] Stealth Rock
|move|p2a: Tinkaton|Thunder Wave|p1a: Kingambit
|-status|p1a: Kingambit|par
|
|upkeep
|turn|30
|
|t:|1776048080
|switch|p2a: Volcanion|Volcanion|55/100
|move|p1a: Kingambit|Kowtow Cleave|p2a: Volcanion
|-damage|p2a: Volcanion|23/100
|
|upkeep
|turn|31
|
|t:|1776048083
|move|p1a: Kingambit|Sucker Punch||[still]
|-fail|p1a: Kingambit
|move|p2a: Volcanion|Rest|p2a: Volcanion
|-status|p2a: Volcanion|slp|[from] move: Rest
|-heal|p2a: Volcanion|100/100 slp|[silent]
|
|upkeep
|turn|32
|
|t:|1776048091
|-end|p1a: Kingambit|fallenundefined|[silent]
|switch|p1a: Flygon|Flygon, M|100/100
|-damage|p1a: Flygon|94/100|[from] Stealth Rock
|cant|p2a: Volcanion|slp
|move|p2a: Volcanion|Sleep Talk|p2a: Volcanion
|move|p2a: Volcanion|Flamethrower|p1a: Flygon|[from] move: Sleep Talk
|-resisted|p1a: Flygon
|-damage|p1a: Flygon|80/100
|
|upkeep
|turn|33
|
|t:|1776048101
|switch|p2a: Sinistcha|Sinistcha|100/100
|move|p1a: Flygon|U-turn|p2a: Sinistcha
|-damage|p2a: Sinistcha|87/100
|
|t:|1776048116
|switch|p1a: Cinderace|Cinderace, M|100/100|[from] U-turn
|
|upkeep
|turn|34
|
|t:|1776048127
|move|p1a: Cinderace|Court Change|p1a: Cinderace
|-swapsideconditions
|-activate|p1a: Cinderace|move: Court Change
|move|p2a: Sinistcha|Strength Sap|p1a: Cinderace
|-unboost|p1a: Cinderace|atk|1
|-heal|p2a: Sinistcha|100/100
|
|upkeep
|turn|35
|
|t:|1776048133
|move|p1a: Cinderace|Taunt|p2a: Sinistcha
|-start|p2a: Sinistcha|move: Taunt
|move|p2a: Sinistcha|Matcha Gotcha|p1a: Cinderace
|-resisted|p1a: Cinderace
|-damage|p1a: Cinderace|80/100
|
|upkeep
|turn|36
|
|t:|1776048137
|switch|p2a: Volcanion|Volcanion|100/100 slp
|move|p1a: Cinderace|Will-O-Wisp||[still]
|-fail|p1a: Cinderace
|
|upkeep
|turn|37
|
|t:|1776048146
|switch|p1a: Alomomola|Alomomola, M|100/100
|cant|p2a: Volcanion|slp
|move|p2a: Volcanion|Sleep Talk|p2a: Volcanion
|move|p2a: Volcanion|Steam Eruption|p1a: Alomomola|[from] move: Sleep Talk
|-resisted|p1a: Alomomola
|-damage|p1a: Alomomola|72/100
|-status|p1a: Alomomola|brn
|
|-damage|p1a: Alomomola|66/100 brn|[from] brn
|upkeep
|turn|38
|
|t:|1776048151
|switch|p2a: Slowking|Slowking-Galar, M|90/100 par
|move|p1a: Alomomola|Wish|p1a: Alomomola
|
|-damage|p1a: Alomomola|59/100 brn|[from] brn
|upkeep
|turn|39
|
|t:|1776048159
|move|p1a: Alomomola|Flip Turn|p2a: Slowking
|-damage|p2a: Slowking|80/100 par
|
|t:|1776048164
|switch|p1a: Kingambit|Kingambit, M|94/100 par|[from] Flip Turn
|-prepare|p2a: Slowking|Chilly Reception|[premajor]
|move|p2a: Slowking|Chilly Reception|p2a: Slowking
|-weather|Snowscape
|
|t:|1776048169
|switch|p2a: Weavile|Weavile, M|100/100|[from] Chilly Reception
|-ability|p2a: Weavile|Pressure
|
|-weather|Snowscape|[upkeep]
|-heal|p1a: Kingambit|100/100 par|[from] move: Wish|[wisher] Alomomola
|upkeep
|turn|40
|inactive|kindnessalwayswins has 120 seconds left.
|
|t:|1776048199
|-end|p1a: Kingambit|fallenundefined|[silent]
|switch|p1a: Iron Valiant|Iron Valiant|100/100
|-enditem|p1a: Iron Valiant|Booster Energy
|-activate|p1a: Iron Valiant|ability: Quark Drive|[fromitem]
|-start|p1a: Iron Valiant|quarkdrivespe
|move|p2a: Weavile|Low Kick|p1a: Iron Valiant
|-resisted|p1a: Iron Valiant
|-damage|p1a: Iron Valiant|87/100
|
|-weather|Snowscape|[upkeep]
|upkeep
|turn|41
|
|t:|1776048226
|switch|p2a: Tinkaton|Tinkaton, F|65/100
|-damage|p2a: Tinkaton|59/100|[from] Stealth Rock
|move|p1a: Iron Valiant|Calm Mind|p1a: Iron Valiant
|-boost|p1a: Iron Valiant|spa|1
|-boost|p1a: Iron Valiant|spd|1
|
|-weather|Snowscape|[upkeep]
|upkeep
|turn|42
|inactive|kindnessalwayswins has 120 seconds left.
|
|t:|1776048252
|-terastallize|p1a: Iron Valiant|Electric
|move|p1a: Iron Valiant|Thunderbolt|p2a: Tinkaton
|-damage|p2a: Tinkaton|0 fnt
|faint|p2a: Tinkaton
|
|-weather|Snowscape|[upkeep]
|upkeep
|
|t:|1776048258
|switch|p2a: Slowking|Slowking-Galar, M|100/100 par
|turn|43
|inactive|kindnessalwayswins has 120 seconds left.
|
|t:|1776048289
|move|p1a: Iron Valiant|Thunderbolt|p2a: Slowking
|-damage|p2a: Slowking|64/100 par
|move|p2a: Slowking|Sludge Bomb|p1a: Iron Valiant
|-damage|p1a: Iron Valiant|45/100
|
|-weather|none
|upkeep
|turn|44
|inactive|kindnessalwayswins has 90 seconds left.
|
|t:|1776048322
|move|p1a: Iron Valiant|Thunderbolt|p2a: Slowking
|-damage|p2a: Slowking|26/100 par
|move|p2a: Slowking|Sludge Bomb|p1a: Iron Valiant
|-damage|p1a: Iron Valiant|3/100
|
|upkeep
|turn|45
|inactive|untilting1877 has 120 seconds left.
|
|t:|1776048365
|switch|p2a: Weavile|Weavile, M|100/100
|-ability|p2a: Weavile|Pressure
|move|p1a: Iron Valiant|Thunderbolt|p2a: Weavile
|-damage|p2a: Weavile|12/100
|
|upkeep
|turn|46
|
|t:|1776048372
|-end|p1a: Iron Valiant|Quark Drive|[silent]
|switch|p1a: Alomomola|Alomomola, M|93/100 brn
|move|p2a: Weavile|Ice Shard|p1a: Alomomola
|-resisted|p1a: Alomomola
|-damage|p1a: Alomomola|87/100 brn
|
|-damage|p1a: Alomomola|81/100 brn|[from] brn
|upkeep
|turn|47
|
|t:|1776048381
|switch|p2a: Slowking|Slowking-Galar, M|60/100 par
|move|p1a: Alomomola|Wish|p1a: Alomomola
|
|-damage|p1a: Alomomola|75/100 brn|[from] brn
|upkeep
|turn|48
|inactive|kindnessalwayswins has 90 seconds left.
|
|t:|1776048412
|switch|p1a: Hatterene|Hatterene, F|89/100 brn
|move|p2a: Slowking|Psychic Noise|p1a: Hatterene
|-resisted|p1a: Hatterene
|-damage|p1a: Hatterene|80/100 brn
|-start|p1a: Hatterene|move: Heal Block
|
|-damage|p1a: Hatterene|74/100 brn|[from] brn
|upkeep
|turn|49
|
|t:|1776048427
|switch|p1a: Kingambit|Kingambit, M|100/100 par
|cant|p2a: Slowking|par
|
|upkeep
|turn|50
|inactive|kindnessalwayswins has 90 seconds left.
|
|t:|1776048437
|switch|p2a: Volcanion|Volcanion|100/100 slp
|move|p1a: Kingambit|Kowtow Cleave|p2a: Volcanion
|-damage|p2a: Volcanion|69/100 slp
|
|upkeep
|turn|51
|inactive|untilting1877 has 120 seconds left.
|
|t:|1776048481
|-end|p1a: Kingambit|fallenundefined|[silent]
|switch|p1a: Alomomola|Alomomola, M|100/100 brn
|-curestatus|p2a: Volcanion|slp|[msg]
|move|p2a: Volcanion|Flamethrower|p1a: Alomomola
|-resisted|p1a: Alomomola
|-damage|p1a: Alomomola|80/100 brn
|
|-damage|p1a: Alomomola|74/100 brn|[from] brn
|upkeep
|turn|52
|
|t:|1776048492
|move|p2a: Volcanion|Flamethrower|p1a: Alomomola
|-resisted|p1a: Alomomola
|-damage|p1a: Alomomola|53/100 brn
|move|p1a: Alomomola|Wish|p1a: Alomomola
|
|-damage|p1a: Alomomola|46/100 brn|[from] brn
|upkeep
|turn|53
|
|t:|1776048500
|move|p2a: Volcanion|Flamethrower|p1a: Alomomola
|-resisted|p1a: Alomomola
|-damage|p1a: Alomomola|25/100 brn
|move|p1a: Alomomola|Flip Turn|p2a: Volcanion
|-heal|p2a: Volcanion|94/100|[from] ability: Water Absorb|[of] p1a: Alomomola
|
|-heal|p1a: Alomomola|75/100 brn|[from] move: Wish|[wisher] Alomomola
|-damage|p1a: Alomomola|69/100 brn|[from] brn
|upkeep
|turn|54
|inactive|untilting1877 has 120 seconds left.
|
|t:|1776048508
|switch|p2a: Slowking|Slowking-Galar, M|93/100 par
|move|p1a: Alomomola|Wish|p1a: Alomomola
|
|-damage|p1a: Alomomola|63/100 brn|[from] brn
|upkeep
|turn|55
|
|t:|1776048514
|move|p1a: Alomomola|Flip Turn|p2a: Slowking
|-damage|p2a: Slowking|85/100 par
|
|t:|1776048516
|switch|p1a: Kingambit|Kingambit, M|100/100 par|[from] Flip Turn
|move|p2a: Slowking|Psychic Noise|p1a: Kingambit
|-immune|p1a: Kingambit
|
|upkeep
|turn|56
|
|t:|1776048522
|switch|p2a: Volcanion|Volcanion|94/100
|move|p1a: Kingambit|Kowtow Cleave|p2a: Volcanion
|-damage|p2a: Volcanion|64/100
|
|upkeep
|turn|57
|
|t:|1776048529
|-end|p1a: Kingambit|fallenundefined|[silent]
|switch|p1a: Alomomola|Alomomola, M|96/100 brn
|move|p2a: Volcanion|Flamethrower|p1a: Alomomola
|-resisted|p1a: Alomomola
|-damage|p1a: Alomomola|75/100 brn
|
|-damage|p1a: Alomomola|69/100 brn|[from] brn
|upkeep
|turn|58
|
|t:|1776048536
|move|p2a: Volcanion|Rest|p2a: Volcanion
|-status|p2a: Volcanion|slp|[from] move: Rest
|-heal|p2a: Volcanion|100/100 slp|[silent]
|move|p1a: Alomomola|Wish|p1a: Alomomola
|
|-damage|p1a: Alomomola|63/100 brn|[from] brn
|upkeep
|turn|59
|
|t:|1776048545
|switch|p1a: Hatterene|Hatterene, F|74/100 brn
|cant|p2a: Volcanion|slp
|move|p2a: Volcanion|Sleep Talk|p2a: Volcanion
|move|p2a: Volcanion|Steam Eruption|p1a: Hatterene|[from] move: Sleep Talk
|-damage|p1a: Hatterene|41/100 brn
|
|-heal|p1a: Hatterene|100/100 brn|[from] move: Wish|[wisher] Alomomola
|-damage|p1a: Hatterene|95/100 brn|[from] brn
|upkeep
|turn|60
|
|t:|1776048552
|switch|p2a: Slowking|Slowking-Galar, M|100/100 par
|move|p1a: Hatterene|Psychic Noise|p2a: Slowking
|-damage|p2a: Slowking|75/100 par
|-start|p2a: Slowking|move: Heal Block
|
|-damage|p1a: Hatterene|89/100 brn|[from] brn
|upkeep
|turn|61
|
|t:|1776048559
|switch|p1a: Kingambit|Kingambit, M|100/100 par
|move|p2a: Slowking|Toxic Spikes|p1a: Kingambit
|-sidestart|p1: kindnessalwayswins|move: Toxic Spikes
|
|-end|p2a: Slowking|move: Heal Block
|upkeep
|turn|62
|
|t:|1776048570
|switch|p2a: Volcanion|Volcanion|100/100 slp
|move|p1a: Kingambit|Kowtow Cleave|p2a: Volcanion
|-damage|p2a: Volcanion|70/100 slp
|
|upkeep
|turn|63
|
|t:|1776048594
|-end|p1a: Kingambit|fallenundefined|[silent]
|switch|p1a: Hatterene|Hatterene, F|89/100 brn
|cant|p2a: Volcanion|slp
|move|p2a: Volcanion|Sleep Talk|p2a: Volcanion
|move|p2a: Volcanion|Steam Eruption|p1a: Hatterene|[from] move: Sleep Talk
|-damage|p1a: Hatterene|53/100 brn
|
|-damage|p1a: Hatterene|47/100 brn|[from] brn
|upkeep
|turn|64
|
|t:|1776048602
|switch|p2a: Slowking|Slowking-Galar, M|100/100 par
|switch|p1a: Alomomola|Alomomola, M|96/100 brn
|
|-damage|p1a: Alomomola|90/100 brn|[from] brn
|upkeep
|turn|65
|
|t:|1776048612
|move|p1a: Alomomola|Protect|p1a: Alomomola
|-singleturn|p1a: Alomomola|Protect
|move|p2a: Slowking|Psychic Noise|p1a: Alomomola
|-activate|p1a: Alomomola|move: Protect
|
|-damage|p1a: Alomomola|84/100 brn|[from] brn
|upkeep
|turn|66
|
|t:|1776048617
|move|p1a: Alomomola|Wish|p1a: Alomomola
|cant|p2a: Slowking|par
|
|-damage|p1a: Alomomola|78/100 brn|[from] brn
|upkeep
|turn|67
|
|t:|1776048633
|switch|p1a: Kingambit|Kingambit, M|100/100 par
|move|p2a: Slowking|Sludge Bomb|p1a: Kingambit
|-immune|p1a: Kingambit
|
|upkeep
|turn|68
|
|t:|1776048652
|-end|p1a: Kingambit|fallenundefined|[silent]
|switch|p1a: Flygon|Flygon, M|80/100
|switch|p2a: Volcanion|Volcanion|70/100 slp
|
|upkeep
|turn|69
|
|t:|1776048660
|switch|p2a: Sinistcha|Sinistcha|100/100
|move|p1a: Flygon|U-turn|p2a: Sinistcha
|-damage|p2a: Sinistcha|86/100
|
|t:|1776048663
|switch|p1a: Cinderace|Cinderace, M|80/100|[from] U-turn
|
|upkeep
|turn|70
|
|t:|1776048681
|move|p1a: Cinderace|Pyro Ball|p2a: Sinistcha|[miss]
|-miss|p1a: Cinderace|p2a: Sinistcha
|move|p2a: Sinistcha|Shadow Ball|p1a: Cinderace
|-damage|p1a: Cinderace|41/100
|
|upkeep
|turn|71
|
|t:|1776048684
|move|p1a: Cinderace|Pyro Ball|p2a: Sinistcha
|-supereffective|p2a: Sinistcha
|-damage|p2a: Sinistcha|57/100
|move|p2a: Sinistcha|Strength Sap|p1a: Cinderace
|-unboost|p1a: Cinderace|atk|1
|-heal|p2a: Sinistcha|100/100
|
|upkeep
|turn|72
|
|t:|1776048699
|switch|p1a: Kingambit|Kingambit, M|100/100 par
|move|p2a: Sinistcha|Calm Mind|p2a: Sinistcha
|-boost|p2a: Sinistcha|spa|1
|-boost|p2a: Sinistcha|spd|1
|
|upkeep
|turn|73
|
|t:|1776048704
|switch|p2a: Volcanion|Volcanion|70/100 slp
|move|p1a: Kingambit|Swords Dance|p1a: Kingambit
|-boost|p1a: Kingambit|atk|2
|
|upkeep
|turn|74
|inactive|kindnessalwayswins has 120 seconds left.
|inactive|untilting1877 has 120 seconds left.
|
|t:|1776048761
|-terastallize|p2a: Volcanion|Fairy
|-curestatus|p2a: Volcanion|slp|[msg]
|move|p2a: Volcanion|Flamethrower|p1a: Kingambit
|-supereffective|p1a: Kingambit
|-damage|p1a: Kingambit|20/100 par
|move|p1a: Kingambit|Kowtow Cleave|p2a: Volcanion
|-resisted|p2a: Volcanion
|-damage|p2a: Volcanion|38/100
|
|upkeep
|turn|75
|inactive|kindnessalwayswins has 120 seconds left.
|
|t:|1776048775
|-end|p1a: Kingambit|fallenundefined|[silent]
|switch|p1a: Alomomola|Alomomola, M|100/100 brn
|move|p2a: Volcanion|Steam Eruption|p1a: Alomomola
|-resisted|p1a: Alomomola
|-damage|p1a: Alomomola|74/100 brn
|
|-damage|p1a: Alomomola|68/100 brn|[from] brn
|upkeep
|turn|76
|
|t:|1776048777
|move|p2a: Volcanion|Rest|p2a: Volcanion
|-status|p2a: Volcanion|slp|[from] move: Rest
|-heal|p2a: Volcanion|100/100 slp|[silent]
|move|p1a: Alomomola|Wish|p1a: Alomomola
|
|-damage|p1a: Alomomola|62/100 brn|[from] brn
|upkeep
|turn|77
|
|t:|1776048783
|switch|p1a: Hatterene|Hatterene, F|47/100 brn
|cant|p2a: Volcanion|slp
|move|p2a: Volcanion|Sleep Talk|p2a: Volcanion
|move|p2a: Volcanion|Steam Eruption|p1a: Hatterene|[from] move: Sleep Talk
|-damage|p1a: Hatterene|13/100 brn
|
|-heal|p1a: Hatterene|100/100 brn|[from] move: Wish|[wisher] Alomomola
|-damage|p1a: Hatterene|95/100 brn|[from] brn
|upkeep
|turn|78
|
|t:|1776048791
|cant|p2a: Volcanion|slp
|move|p2a: Volcanion|Sleep Talk|p2a: Volcanion
|move|p2a: Volcanion|Flamethrower|p1a: Hatterene|[from] move: Sleep Talk
|-damage|p1a: Hatterene|67/100 brn
|move|p1a: Hatterene|Psychic Noise|p2a: Volcanion
|-damage|p2a: Volcanion|53/100 slp
|-start|p2a: Volcanion|move: Heal Block
|
|-damage|p1a: Hatterene|62/100 brn|[from] brn
|upkeep
|turn|79
|
|t:|1776048799
|switch|p2a: Slowking|Slowking-Galar, M|100/100 par
|move|p1a: Hatterene|Nuzzle|p2a: Slowking
|-damage|p2a: Slowking|98/100 par
|
|-damage|p1a: Hatterene|56/100 brn|[from] brn
|upkeep
|turn|80
|
|t:|1776048806
|switch|p1a: Alomomola|Alomomola, M|95/100 brn
|-prepare|p2a: Slowking|Chilly Reception|[premajor]
|move|p2a: Slowking|Chilly Reception|p2a: Slowking
|-weather|Snowscape
|
|t:|1776048810
|switch|p2a: Sinistcha|Sinistcha|100/100|[from] Chilly Reception
|
|-weather|Snowscape|[upkeep]
|-damage|p1a: Alomomola|89/100 brn|[from] brn
|upkeep
|turn|81
|
|t:|1776048830
|switch|p2a: Slowking|Slowking-Galar, M|100/100 par
|switch|p1a: Cinderace|Cinderace, M|41/100
|
|-weather|Snowscape|[upkeep]
|upkeep
|turn|82
|
|t:|1776048850
|switch|p1a: Alomomola|Alomomola, M|100/100 brn
|move|p2a: Slowking|Sludge Bomb|p1a: Alomomola
|-damage|p1a: Alomomola|62/100 brn
|
|-weather|Snowscape|[upkeep]
|-damage|p1a: Alomomola|55/100 brn|[from] brn
|upkeep
|turn|83
|
|t:|1776048853
|move|p1a: Alomomola|Wish|p1a: Alomomola
|-prepare|p2a: Slowking|Chilly Reception|[premajor]
|cant|p2a: Slowking|par
|
|-weather|Snowscape|[upkeep]
|-damage|p1a: Alomomola|49/100 brn|[from] brn
|upkeep
|turn|84
|
|t:|1776048859
|switch|p1a: Kingambit|Kingambit, M|20/100 par
|switch|p2a: Volcanion|Volcanion, tera:Fairy|53/100 slp
|
|-weather|none
|-heal|p1a: Kingambit|86/100 par|[from] move: Wish|[wisher] Alomomola
|upkeep
|turn|85
|
|t:|1776048869
|-end|p1a: Kingambit|fallenundefined|[silent]
|switch|p1a: Alomomola|Alomomola, M|83/100 brn
|-curestatus|p2a: Volcanion|slp|[msg]
|move|p2a: Volcanion|Flamethrower|p1a: Alomomola
|-resisted|p1a: Alomomola
|-crit|p1a: Alomomola
|-damage|p1a: Alomomola|49/100 brn
|
|-damage|p1a: Alomomola|43/100 brn|[from] brn
|upkeep
|turn|86
|
|t:|1776048874
|move|p2a: Volcanion|Steam Eruption|p1a: Alomomola
|-resisted|p1a: Alomomola
|-damage|p1a: Alomomola|16/100 brn
|move|p1a: Alomomola|Wish|p1a: Alomomola
|
|-damage|p1a: Alomomola|10/100 brn|[from] brn
|upkeep
|turn|87
|
|t:|1776048877
|move|p1a: Alomomola|Protect|p1a: Alomomola
|-singleturn|p1a: Alomomola|Protect
|move|p2a: Volcanion|Rest|p2a: Volcanion
|-status|p2a: Volcanion|slp|[from] move: Rest
|-heal|p2a: Volcanion|100/100 slp|[silent]
|
|-heal|p1a: Alomomola|60/100 brn|[from] move: Wish|[wisher] Alomomola
|-damage|p1a: Alomomola|53/100 brn|[from] brn
|upkeep
|turn|88
|
|t:|1776048879
|cant|p2a: Volcanion|slp
|move|p2a: Volcanion|Sleep Talk|p2a: Volcanion
|move|p2a: Volcanion|Rest||[from] move: Sleep Talk|[still]
|-fail|p2a: Volcanion
|move|p1a: Alomomola|Wish|p1a: Alomomola
|
|-damage|p1a: Alomomola|47/100 brn|[from] brn
|upkeep
|turn|89
|
|t:|1776048883
|switch|p1a: Hatterene|Hatterene, F|56/100 brn
|cant|p2a: Volcanion|slp
|move|p2a: Volcanion|Sleep Talk|p2a: Volcanion
|move|p2a: Volcanion|Rest||[from] move: Sleep Talk|[still]
|-fail|p2a: Volcanion
|
|-heal|p1a: Hatterene|100/100 brn|[from] move: Wish|[wisher] Alomomola
|-damage|p1a: Hatterene|95/100 brn|[from] brn
|upkeep
|turn|90
|
|t:|1776048894
|switch|p2a: Slowking|Slowking-Galar, M|100/100 par
|move|p1a: Hatterene|Psychic Noise|p2a: Slowking
|-damage|p2a: Slowking|75/100 par
|-start|p2a: Slowking|move: Heal Block
|
|-damage|p1a: Hatterene|89/100 brn|[from] brn
|upkeep
|turn|91
|
|t:|1776048915
|switch|p1a: Flygon|Flygon, M|80/100
|-prepare|p2a: Slowking|Chilly Reception|[premajor]
|cant|p2a: Slowking|par
|
|-end|p2a: Slowking|move: Heal Block
|upkeep
|turn|92
|
|t:|1776048926
|switch|p2a: Sinistcha|Sinistcha|100/100
|move|p1a: Flygon|U-turn|p2a: Sinistcha
|-damage|p2a: Sinistcha|87/100
|
|t:|1776048935
|switch|p1a: Cinderace|Cinderace, M|41/100|[from] U-turn
|
|upkeep
|turn|93
|
|t:|1776048941
|move|p1a: Cinderace|Pyro Ball|p2a: Sinistcha
|-supereffective|p2a: Sinistcha
|-damage|p2a: Sinistcha|57/100
|move|p2a: Sinistcha|Strength Sap|p1a: Cinderace
|-unboost|p1a: Cinderace|atk|1
|-heal|p2a: Sinistcha|100/100
|
|upkeep
|turn|94
|
|t:|1776048947
|switch|p1a: Kingambit|Kingambit, M|86/100 par
|move|p2a: Sinistcha|Shadow Ball|p1a: Kingambit
|-resisted|p1a: Kingambit
|-damage|p1a: Kingambit|72/100 par
|
|upkeep
|turn|95
|
|t:|1776048952
|move|p2a: Sinistcha|Strength Sap|p1a: Kingambit
|-unboost|p1a: Kingambit|atk|1
|move|p1a: Kingambit|Iron Head|p2a: Sinistcha
|-damage|p2a: Sinistcha|78/100
|
|upkeep
|turn|96
|
|t:|1776048956
|switch|p2a: Volcanion|Volcanion, tera:Fairy|100/100 slp
|cant|p1a: Kingambit|par
|
|upkeep
|turn|97
|
|t:|1776048964
|-end|p1a: Kingambit|fallenundefined|[silent]
|switch|p1a: Alomomola|Alomomola, M|81/100 brn
|-curestatus|p2a: Volcanion|slp|[msg]
|move|p2a: Volcanion|Flamethrower|p1a: Alomomola
|-resisted|p1a: Alomomola
|-damage|p1a: Alomomola|61/100 brn
|
|-damage|p1a: Alomomola|54/100 brn|[from] brn
|upkeep
|turn|98
|j| ohko_smeargle
|
|t:|1776048975
|switch|p1a: Flygon|Flygon, M|80/100
|move|p2a: Volcanion|Flamethrower|p1a: Flygon
|-resisted|p1a: Flygon
|-damage|p1a: Flygon|67/100
|
|upkeep
|turn|99
|
|t:|1776048984
|switch|p2a: Sinistcha|Sinistcha|78/100
|move|p1a: Flygon|U-turn|p2a: Sinistcha
|-damage|p2a: Sinistcha|62/100
|
|t:|1776048990
|switch|p1a: Cinderace|Cinderace, M|41/100|[from] U-turn
|
|upkeep
|turn|100
|
|t:|1776048993
|move|p1a: Cinderace|Taunt|p2a: Sinistcha
|-start|p2a: Sinistcha|move: Taunt
|move|p2a: Sinistcha|Shadow Ball|p1a: Cinderace
|-damage|p1a: Cinderace|0 fnt
|faint|p1a: Cinderace
|
|upkeep
|inactive|kindnessalwayswins has 120 seconds left.
|
|t:|1776049031
|switch|p1a: Kingambit|Kingambit, M|72/100 par
|-activate|p1a: Kingambit|ability: Supreme Overlord
|-start|p1a: Kingambit|fallen1|[silent]
|turn|101
|inactive|kindnessalwayswins has 120 seconds left.
|
|t:|1776049038
|switch|p2a: Volcanion|Volcanion, tera:Fairy|100/100
|-end|p1a: Kingambit|fallen1|[silent]
|switch|p1a: Alomomola|Alomomola, M|88/100 brn
|
|-damage|p1a: Alomomola|82/100 brn|[from] brn
|upkeep
|turn|102
|
|t:|1776049043
|move|p2a: Volcanion|Flamethrower|p1a: Alomomola
|-resisted|p1a: Alomomola
|-damage|p1a: Alomomola|60/100 brn
|move|p1a: Alomomola|Wish|p1a: Alomomola
|
|-damage|p1a: Alomomola|54/100 brn|[from] brn
|upkeep
|turn|103
|
|t:|1776049052
|switch|p1a: Hatterene|Hatterene, F|89/100 brn
|move|p2a: Volcanion|Flamethrower|p1a: Hatterene
|-damage|p1a: Hatterene|64/100 brn
|
|-heal|p1a: Hatterene|100/100 brn|[from] move: Wish|[wisher] Alomomola
|-damage|p1a: Hatterene|95/100 brn|[from] brn
|upkeep
|turn|104
|
|t:|1776049060
|switch|p2a: Slowking|Slowking-Galar, M|100/100 par
|move|p1a: Hatterene|Psychic Noise|p2a: Slowking
|-damage|p2a: Slowking|73/100 par
|-start|p2a: Slowking|move: Heal Block
|
|-damage|p1a: Hatterene|89/100 brn|[from] brn
|upkeep
|turn|105
|
|t:|1776049067
|move|p1a: Hatterene|Psychic Noise|p2a: Slowking
|-damage|p2a: Slowking|48/100 par
|-prepare|p2a: Slowking|Chilly Reception|[premajor]
|move|p2a: Slowking|Chilly Reception|p2a: Slowking
|-weather|Snowscape
|
|t:|1776049073
|switch|p2a: Weavile|Weavile, M|12/100|[from] Chilly Reception
|-ability|p2a: Weavile|Pressure
|
|-weather|Snowscape|[upkeep]
|-damage|p1a: Hatterene|83/100 brn|[from] brn
|upkeep
|turn|106
|
|t:|1776049078
|switch|p1a: Alomomola|Alomomola, M|87/100 brn
|move|p2a: Weavile|Knock Off|p1a: Alomomola
|-damage|p1a: Alomomola|63/100 brn
|-enditem|p1a: Alomomola|Heavy-Duty Boots|[from] move: Knock Off|[of] p2a: Weavile
|
|-weather|Snowscape|[upkeep]
|-damage|p1a: Alomomola|57/100 brn|[from] brn
|upkeep
|turn|107
|
|t:|1776049085
|switch|p2a: Volcanion|Volcanion, tera:Fairy|100/100
|switch|p1a: Hatterene|Hatterene, F|83/100 brn
|
|-weather|Snowscape|[upkeep]
|-damage|p1a: Hatterene|77/100 brn|[from] brn
|upkeep
|turn|108
|
|t:|1776049098
|switch|p2a: Slowking|Slowking-Galar, M|82/100 par
|move|p1a: Hatterene|Psychic Noise|p2a: Slowking
|-damage|p2a: Slowking|56/100 par
|-start|p2a: Slowking|move: Heal Block
|
|-weather|Snowscape|[upkeep]
|-damage|p1a: Hatterene|71/100 brn|[from] brn
|upkeep
|turn|109
|
|t:|1776049100
|move|p1a: Hatterene|Psychic Noise|p2a: Slowking
|-damage|p2a: Slowking|30/100 par
|move|p2a: Slowking|Sludge Bomb|p1a: Hatterene
|-supereffective|p1a: Hatterene
|-damage|p1a: Hatterene|25/100 brn
|
|-weather|none
|-damage|p1a: Hatterene|19/100 brn|[from] brn
|-end|p2a: Slowking|move: Heal Block
|upkeep
|turn|110
|
|t:|1776049110
|move|p1a: Hatterene|Psychic Noise|p2a: Slowking
|-damage|p2a: Slowking|6/100 par
|-start|p2a: Slowking|move: Heal Block
|move|p2a: Slowking|Sludge Bomb|p1a: Hatterene
|-supereffective|p1a: Hatterene
|-damage|p1a: Hatterene|0 fnt
|faint|p1a: Hatterene
|
|upkeep
|
|t:|1776049114
|switch|p1a: Kingambit|Kingambit, M|72/100 par
|-activate|p1a: Kingambit|ability: Supreme Overlord
|-start|p1a: Kingambit|fallen2|[silent]
|turn|111
|inactive|untilting1877 has 120 seconds left.
|
|t:|1776049154
|cant|p1a: Kingambit|par
|-prepare|p2a: Slowking|Chilly Reception|[premajor]
|move|p2a: Slowking|Chilly Reception|p2a: Slowking
|-weather|Snowscape
|
|t:|1776049155
|switch|p2a: Volcanion|Volcanion, tera:Fairy|100/100|[from] Chilly Reception
|
|-weather|Snowscape|[upkeep]
|upkeep
|turn|112
|
|t:|1776049185
|-end|p1a: Kingambit|fallen2|[silent]
|switch|p1a: Alomomola|Alomomola, M|90/100 brn
|move|p2a: Volcanion|Flamethrower|p1a: Alomomola
|-resisted|p1a: Alomomola
|-damage|p1a: Alomomola|68/100 brn
|
|-weather|Snowscape|[upkeep]
|-damage|p1a: Alomomola|61/100 brn|[from] brn
|upkeep
|turn|113
|
|t:|1776049189
|move|p2a: Volcanion|Steam Eruption|p1a: Alomomola
|-resisted|p1a: Alomomola
|-damage|p1a: Alomomola|36/100 brn
|move|p1a: Alomomola|Wish|p1a: Alomomola
|
|-weather|Snowscape|[upkeep]
|-damage|p1a: Alomomola|30/100 brn|[from] brn
|upkeep
|turn|114
|inactive|kindnessalwayswins has 120 seconds left.
|
|t:|1776049205
|switch|p1a: Kingambit|Kingambit, M|72/100 par
|-activate|p1a: Kingambit|ability: Supreme Overlord
|-start|p1a: Kingambit|fallen2|[silent]
|move|p2a: Volcanion|Flamethrower|p1a: Kingambit
|-supereffective|p1a: Kingambit
|-damage|p1a: Kingambit|0 fnt
|faint|p1a: Kingambit
|-end|p1a: Kingambit|fallen2|[silent]
|
|-weather|Snowscape|[upkeep]
|upkeep
|-message|kindnessalwayswins forfeited.
|
|win|untilting1877
|raw|kindnessalwayswins's rating: 1597 &rarr; <strong>1581</strong><br />(-16 for losing)
|raw|untilting1877's rating: 1662 &rarr; <strong>1678</strong><br />(+16 for winning)
|l|☆kindnessalwayswins
|player|p1|
|l| ohko_smeargle
|l|☆untilting1877
|player|p2|
