|html|<div class="broadcast-blue"><strong>[Gen 9] OU is currently suspecting Volcarona! For information on how to participate check out the <a href="https://www.smogon.com/tools/suspects/view/208">suspect thread</a>.</strong></div>
|j|☆Acastillo631
|j|☆ja hoi
|t:|1778505031
|gametype|singles
|player|p1|Acastillo631|silver|1593
|player|p2|ja hoi|102|1545
|gen|9
|tier|[Gen 9] OU
|rated|
|rule|HP Percentage Mod: HP is shown in percentages
|rule|Endless Battle Clause: Forcing endless battles is banned
|rule|Species Clause: Limit one of each Pokémon
|rule|OHKO Clause: OHKO moves are banned
|rule|Evasion Items Clause: Evasion items are banned
|rule|Evasion Moves Clause: Evasion moves are banned
|rule|Evasion Abilities Clause: Evasion abilities are banned
|rule|Sleep Moves Clause: Sleep-inducing moves are banned
|clearpoke
|poke|p1|Iron Valiant|
|poke|p1|Sinistcha|
|poke|p1|Tyranitar, M|
|poke|p1|Swampert, M|
|poke|p1|Garchomp, M|
|poke|p1|Iron Treads|
|poke|p2|Quaquaval, F|
|poke|p2|Zamazenta-*|
|poke|p2|Dragapult, M|
|poke|p2|Garganacl, M|
|poke|p2|Grimmsnarl, M|
|poke|p2|Iron Moth|
|teampreview
|inactive|Battle timer is ON: inactive players will automatically lose when time's up. (requested by ja hoi)
|
|t:|1778505050
|teamsize|p1|6
|teamsize|p2|6
|start
|switch|p1a: Wire Sponge|Sinistcha|100/100
|switch|p2a: Grimmsnarl|Grimmsnarl, M|100/100
|turn|1
|
|t:|1778505076
|switch|p1a: Duff McWhalen|Swampert, M|100/100
|move|p2a: Grimmsnarl|Taunt|p1a: Duff McWhalen
|-start|p1a: Duff McWhalen|move: Taunt
|
|upkeep
|turn|2
|
|t:|1778505082
|move|p2a: Grimmsnarl|Reflect|p2a: Grimmsnarl
|-sidestart|p2: ja hoi|Reflect
|move|p1a: Duff McWhalen|Knock Off|p2a: Grimmsnarl
|-resisted|p2a: Grimmsnarl
|-damage|p2a: Grimmsnarl|97/100
|-enditem|p2a: Grimmsnarl|Light Clay|[from] move: Knock Off|[of] p1a: Duff McWhalen
|
|upkeep
|turn|3
|
|t:|1778505091
|move|p2a: Grimmsnarl|Parting Shot|p1a: Duff McWhalen
|-unboost|p1a: Duff McWhalen|atk|1
|-unboost|p1a: Duff McWhalen|spa|1
|
|t:|1778505099
|switch|p2a: Garganacl|Garganacl, M|100/100|[from] Parting Shot
|move|p1a: Duff McWhalen|Flip Turn|p2a: Garganacl
|-supereffective|p2a: Garganacl
|-damage|p2a: Garganacl|90/100
|
|t:|1778505109
|switch|p1a: Wire Sponge|Sinistcha|100/100|[from] Flip Turn
|
|-heal|p2a: Garganacl|96/100|[from] item: Leftovers
|upkeep
|turn|4
|
|t:|1778505114
|move|p1a: Wire Sponge|Calm Mind|p1a: Wire Sponge
|-boost|p1a: Wire Sponge|spa|1
|-boost|p1a: Wire Sponge|spd|1
|move|p2a: Garganacl|Salt Cure|p1a: Wire Sponge
|-damage|p1a: Wire Sponge|90/100
|-start|p1a: Wire Sponge|Salt Cure
|
|-heal|p2a: Garganacl|100/100|[from] item: Leftovers
|-damage|p1a: Wire Sponge|77/100|[from] Salt Cure
|upkeep
|turn|5
|
|t:|1778505127
|switch|p2a: Iron Moth|Iron Moth|100/100
|-enditem|p2a: Iron Moth|Booster Energy
|-activate|p2a: Iron Moth|ability: Quark Drive|[fromitem]
|-start|p2a: Iron Moth|quarkdrivespa
|move|p1a: Wire Sponge|Calm Mind|p1a: Wire Sponge
|-boost|p1a: Wire Sponge|spa|1
|-boost|p1a: Wire Sponge|spd|1
|
|-damage|p1a: Wire Sponge|65/100|[from] Salt Cure
|upkeep
|turn|6
|
|t:|1778505137
|switch|p1a: Eregion|Tyranitar, M|100/100
|-weather|Sandstorm|[from] ability: Sand Stream|[of] p1a: Eregion
|move|p2a: Iron Moth|Fiery Dance|p1a: Eregion
|-resisted|p1a: Eregion
|-damage|p1a: Eregion|88/100
|-boost|p2a: Iron Moth|spa|1
|
|-weather|Sandstorm|[upkeep]
|-damage|p2a: Iron Moth|95/100|[from] Sandstorm
|-heal|p1a: Eregion|94/100|[from] item: Leftovers
|upkeep
|turn|7
|
|t:|1778505148
|move|p2a: Iron Moth|Energy Ball|p1a: Eregion
|-supereffective|p1a: Eregion
|-damage|p1a: Eregion|41/100
|move|p1a: Eregion|Roar|p2a: Iron Moth
|-end|p2a: Iron Moth|Quark Drive|[silent]
|drag|p2a: Garganacl|Garganacl, M|100/100
|
|-weather|Sandstorm|[upkeep]
|-heal|p1a: Eregion|47/100|[from] item: Leftovers
|upkeep
|turn|8
|
|t:|1778505156
|switch|p1a: Duff McWhalen|Swampert, M|100/100
|move|p2a: Garganacl|Salt Cure|p1a: Duff McWhalen
|-resisted|p1a: Duff McWhalen
|-damage|p1a: Duff McWhalen|94/100
|-start|p1a: Duff McWhalen|Salt Cure
|
|-weather|Sandstorm|[upkeep]
|-heal|p1a: Duff McWhalen|100/100|[from] item: Leftovers
|-damage|p1a: Duff McWhalen|75/100|[from] Salt Cure
|upkeep
|turn|9
|
|t:|1778505165
|move|p1a: Duff McWhalen|Stealth Rock|p2a: Garganacl
|-sidestart|p2: ja hoi|move: Stealth Rock
|move|p2a: Garganacl|Iron Defense|p2a: Garganacl
|-boost|p2a: Garganacl|def|2
|
|-weather|Sandstorm|[upkeep]
|-heal|p1a: Duff McWhalen|82/100|[from] item: Leftovers
|-damage|p1a: Duff McWhalen|57/100|[from] Salt Cure
|-sideend|p2: ja hoi|Reflect
|upkeep
|turn|10
|
|t:|1778505173
|switch|p1a: Wire Sponge|Sinistcha|65/100
|move|p2a: Garganacl|Salt Cure|p1a: Wire Sponge
|-damage|p1a: Wire Sponge|54/100
|-start|p1a: Wire Sponge|Salt Cure
|
|-weather|none
|-damage|p1a: Wire Sponge|42/100|[from] Salt Cure
|upkeep
|turn|11
|
|t:|1778505189
|switch|p1a: Metal Shark Player|Garchomp, M|100/100
|switch|p2a: Iron Moth|Iron Moth|95/100
|-damage|p2a: Iron Moth|70/100|[from] Stealth Rock
|
|upkeep
|turn|12
|
|t:|1778505203
|-end|p2a: Iron Moth|Quark Drive|[silent]
|switch|p2a: Grimmsnarl|Grimmsnarl, M|97/100
|-damage|p2a: Grimmsnarl|85/100|[from] Stealth Rock
|move|p1a: Metal Shark Player|Earthquake|p2a: Grimmsnarl
|-damage|p2a: Grimmsnarl|10/100
|-damage|p1a: Metal Shark Player|91/100|[from] item: Life Orb
|
|upkeep
|turn|13
|
|t:|1778505211
|switch|p1a: Eregion|Tyranitar, M|47/100
|-weather|Sandstorm|[from] ability: Sand Stream|[of] p1a: Eregion
|move|p2a: Grimmsnarl|Reflect|p2a: Grimmsnarl
|-sidestart|p2: ja hoi|Reflect
|
|-weather|Sandstorm|[upkeep]
|-damage|p2a: Grimmsnarl|4/100|[from] Sandstorm
|-heal|p1a: Eregion|53/100|[from] item: Leftovers
|upkeep
|turn|14
|inactive|Acastillo631 has 120 seconds left.
|
|t:|1778505255
|move|p2a: Grimmsnarl|Light Screen|p2a: Grimmsnarl
|-sidestart|p2: ja hoi|move: Light Screen
|move|p1a: Eregion|Roar|p2a: Grimmsnarl
|drag|p2a: Dragapult|Dragapult, M|100/100
|-damage|p2a: Dragapult|88/100|[from] Stealth Rock
|
|-weather|Sandstorm|[upkeep]
|-damage|p2a: Dragapult|82/100|[from] Sandstorm
|-heal|p2a: Dragapult|88/100|[from] item: Leftovers
|-heal|p1a: Eregion|59/100|[from] item: Leftovers
|upkeep
|turn|15
|
|t:|1778505283
|move|p2a: Dragapult|Dragon Darts|p1a: Eregion
|-damage|p1a: Eregion|40/100
|-anim|p2a: Dragapult|Dragon Darts|p1a: Eregion
|-damage|p1a: Eregion|19/100
|move|p1a: Eregion|Roar|p2a: Dragapult
|drag|p2a: Quaquaval|Quaquaval, F|100/100
|-damage|p2a: Quaquaval|94/100|[from] Stealth Rock
|
|-weather|Sandstorm|[upkeep]
|-damage|p2a: Quaquaval|88/100|[from] Sandstorm
|-heal|p1a: Eregion|25/100|[from] item: Leftovers
|upkeep
|turn|16
|inactive|Acastillo631 has 90 seconds left.
|inactive|ja hoi has 120 seconds left.
|
|t:|1778505312
|switch|p1a: Duff McWhalen|Swampert, M|57/100
|-terastallize|p2a: Quaquaval|Water
|move|p2a: Quaquaval|Aqua Step|p1a: Duff McWhalen
|-damage|p1a: Duff McWhalen|0 fnt
|-boost|p2a: Quaquaval|spe|1
|faint|p1a: Duff McWhalen
|-ability|p2a: Quaquaval|Moxie|boost
|-boost|p2a: Quaquaval|atk|1
|
|-weather|Sandstorm|[upkeep]
|-damage|p2a: Quaquaval|82/100|[from] Sandstorm
|upkeep
|
|t:|1778505315
|switch|p1a: Sage Harpuia|Iron Valiant|100/100
|-enditem|p1a: Sage Harpuia|Booster Energy
|-activate|p1a: Sage Harpuia|ability: Quark Drive|[fromitem]
|-start|p1a: Sage Harpuia|quarkdrivespe
|turn|17
|inactive|ja hoi has 120 seconds left.
|
|t:|1778505336
|move|p2a: Quaquaval|Aqua Jet|p1a: Sage Harpuia
|-damage|p1a: Sage Harpuia|36/100
|move|p1a: Sage Harpuia|Destiny Bond|p1a: Sage Harpuia
|-singlemove|p1a: Sage Harpuia|Destiny Bond
|
|-weather|none
|-sideend|p2: ja hoi|Reflect
|upkeep
|turn|18
|inactive|ja hoi has 120 seconds left.
|
|t:|1778505358
|switch|p2a: Grimmsnarl|Grimmsnarl, M|4/100
|-damage|p2a: Grimmsnarl|0 fnt|[from] Stealth Rock
|faint|p2a: Grimmsnarl
|move|p1a: Sage Harpuia|Encore|p2: Grimmsnarl|[notarget]
|-fail|p1a: Sage Harpuia
|
|-sideend|p2: ja hoi|move: Light Screen
|upkeep
|
|t:|1778505368
|switch|p2a: Garganacl|Garganacl, M|100/100
|-damage|p2a: Garganacl|88/100|[from] Stealth Rock
|turn|19
|inactive|Acastillo631 has 90 seconds left.
|
|t:|1778505396
|move|p1a: Sage Harpuia|Close Combat|p2a: Garganacl
|-supereffective|p2a: Garganacl
|-damage|p2a: Garganacl|14/100
|-unboost|p1a: Sage Harpuia|def|1
|-unboost|p1a: Sage Harpuia|spd|1
|move|p2a: Garganacl|Salt Cure|p1a: Sage Harpuia
|-resisted|p1a: Sage Harpuia
|-crit|p1a: Sage Harpuia
|-damage|p1a: Sage Harpuia|16/100
|-start|p1a: Sage Harpuia|Salt Cure
|
|-heal|p2a: Garganacl|20/100|[from] item: Leftovers
|-damage|p1a: Sage Harpuia|4/100|[from] Salt Cure
|upkeep
|turn|20
|inactive|ja hoi has 120 seconds left.
|inactive|Acastillo631 has 90 seconds left.
|
|t:|1778505409
|-end|p1a: Sage Harpuia|Quark Drive|[silent]
|switch|p1a: Wire Sponge|Sinistcha|42/100
|move|p2a: Garganacl|Recover|p2a: Garganacl
|-heal|p2a: Garganacl|70/100
|
|-heal|p2a: Garganacl|76/100|[from] item: Leftovers
|upkeep
|turn|21
|inactive|ja hoi has 120 seconds left.
|
|t:|1778505418
|switch|p2a: Iron Moth|Iron Moth|70/100
|-damage|p2a: Iron Moth|45/100|[from] Stealth Rock
|move|p1a: Wire Sponge|Strength Sap|p2a: Iron Moth
|-unboost|p2a: Iron Moth|atk|1
|-heal|p1a: Wire Sponge|79/100
|
|upkeep
|turn|22
|inactive|ja hoi has 120 seconds left.
|
|t:|1778505432
|switch|p1a: Eregion|Tyranitar, M|25/100
|-weather|Sandstorm|[from] ability: Sand Stream|[of] p1a: Eregion
|move|p2a: Iron Moth|Agility|p2a: Iron Moth
|-boost|p2a: Iron Moth|spe|2
|
|-weather|Sandstorm|[upkeep]
|-damage|p2a: Iron Moth|39/100|[from] Sandstorm
|-heal|p1a: Eregion|32/100|[from] item: Leftovers
|upkeep
|turn|23
|
|t:|1778505442
|move|p2a: Iron Moth|Energy Ball|p1a: Eregion
|-supereffective|p1a: Eregion
|-damage|p1a: Eregion|0 fnt
|faint|p1a: Eregion
|
|-weather|Sandstorm|[upkeep]
|-damage|p2a: Iron Moth|33/100|[from] Sandstorm
|upkeep
|
|t:|1778505447
|switch|p1a: Metal Shark Player|Garchomp, M|91/100
|turn|24
|
|t:|1778505450
|move|p2a: Iron Moth|Energy Ball|p1a: Metal Shark Player
|-damage|p1a: Metal Shark Player|47/100
|move|p1a: Metal Shark Player|Earthquake|p2a: Iron Moth
|-supereffective|p2a: Iron Moth
|-damage|p2a: Iron Moth|0 fnt
|faint|p2a: Iron Moth
|-end|p2a: Iron Moth|Quark Drive|[silent]
|-damage|p1a: Metal Shark Player|37/100|[from] item: Life Orb
|
|-weather|Sandstorm|[upkeep]
|upkeep
|
|t:|1778505459
|switch|p2a: Zamazenta|Zamazenta|100/100
|-damage|p2a: Zamazenta|94/100|[from] Stealth Rock
|-ability|p2a: Zamazenta|Dauntless Shield|boost
|-boost|p2a: Zamazenta|def|1
|turn|25
|inactive|Acastillo631 has 120 seconds left.
|
|t:|1778505484
|switch|p2a: Garganacl|Garganacl, M|76/100
|-damage|p2a: Garganacl|64/100|[from] Stealth Rock
|move|p1a: Metal Shark Player|Draco Meteor|p2a: Garganacl
|-damage|p2a: Garganacl|37/100
|-unboost|p1a: Metal Shark Player|spa|2
|-damage|p1a: Metal Shark Player|28/100|[from] item: Life Orb
|
|-weather|Sandstorm|[upkeep]
|-heal|p2a: Garganacl|44/100|[from] item: Leftovers
|upkeep
|turn|26
|inactive|Acastillo631 has 120 seconds left.
|
|t:|1778505496
|move|p1a: Metal Shark Player|Earthquake|p2a: Garganacl
|-supereffective|p2a: Garganacl
|-damage|p2a: Garganacl|0 fnt
|faint|p2a: Garganacl
|-damage|p1a: Metal Shark Player|18/100|[from] item: Life Orb
|
|-weather|none
|upkeep
|
|t:|1778505504
|switch|p2a: Quaquaval|Quaquaval, F, tera:Water|82/100
|-damage|p2a: Quaquaval|70/100|[from] Stealth Rock
|turn|27
|inactive|Acastillo631 has 120 seconds left.
|
|t:|1778505523
|move|p2a: Quaquaval|Aqua Jet|p1a: Metal Shark Player
|-damage|p1a: Metal Shark Player|0 fnt
|-damage|p2a: Quaquaval|58/100|[from] ability: Rough Skin|[of] p1a: Metal Shark Player
|faint|p1a: Metal Shark Player
|-ability|p2a: Quaquaval|Moxie|boost
|-boost|p2a: Quaquaval|atk|1
|
|upkeep
|
|t:|1778505526
|switch|p1a: Wire Sponge|Sinistcha|79/100
|turn|28
|
|t:|1778505531
|move|p2a: Quaquaval|Ice Spinner|p1a: Wire Sponge
|-supereffective|p1a: Wire Sponge
|-damage|p1a: Wire Sponge|24/100
|move|p1a: Wire Sponge|Strength Sap|p2a: Quaquaval
|-unboost|p2a: Quaquaval|atk|1
|-heal|p1a: Wire Sponge|100/100
|
|upkeep
|turn|29
|
|t:|1778505542
|switch|p2a: Dragapult|Dragapult, M|88/100
|-damage|p2a: Dragapult|76/100|[from] Stealth Rock
|move|p1a: Wire Sponge|Matcha Gotcha|p2a: Dragapult
|-resisted|p2a: Dragapult
|-damage|p2a: Dragapult|54/100
|
|-heal|p2a: Dragapult|60/100|[from] item: Leftovers
|upkeep
|turn|30
|
|t:|1778505551
|switch|p1a: Sage Harpuia|Iron Valiant|4/100
|move|p2a: Dragapult|Phantom Force||[still]
|-prepare|p2a: Dragapult|Phantom Force
|
|-heal|p2a: Dragapult|66/100|[from] item: Leftovers
|upkeep
|turn|31
|c|☆ja hoi|shit
|c|☆ja hoi|hahahaha
|
|t:|1778505566
|move|p2a: Dragapult|Phantom Force|p1a: Sage Harpuia|[from] lockedmove
|-damage|p1a: Sage Harpuia|0 fnt
|faint|p1a: Sage Harpuia
|-end|p1a: Sage Harpuia|Quark Drive|[silent]
|
|-heal|p2a: Dragapult|72/100|[from] item: Leftovers
|upkeep
|c|☆ja hoi|oh
|
|t:|1778505570
|switch|p1a: Iron Treads|Iron Treads|100/100
|-item|p1a: Iron Treads|Air Balloon
|turn|32
|
|t:|1778505579
|switch|p2a: Zamazenta|Zamazenta|94/100
|-damage|p2a: Zamazenta|88/100|[from] Stealth Rock
|move|p1a: Iron Treads|Knock Off|p2a: Zamazenta
|-resisted|p2a: Zamazenta
|-damage|p2a: Zamazenta|77/100
|-enditem|p2a: Zamazenta|Leftovers|[from] move: Knock Off|[of] p1a: Iron Treads
|
|upkeep
|turn|33
|
|t:|1778505589
|move|p2a: Zamazenta|Crunch|p1a: Iron Treads
|-damage|p1a: Iron Treads|82/100
|-enditem|p1a: Iron Treads|Air Balloon
|move|p1a: Iron Treads|Earthquake|p2a: Zamazenta
|-damage|p2a: Zamazenta|39/100
|
|upkeep
|turn|34
|
|t:|1778505596
|move|p2a: Zamazenta|Body Press|p1a: Iron Treads
|-supereffective|p1a: Iron Treads
|-damage|p1a: Iron Treads|20/100
|move|p1a: Iron Treads|Rapid Spin|p2a: Zamazenta
|-damage|p2a: Zamazenta|27/100
|-boost|p1a: Iron Treads|spe|1
|
|upkeep
|turn|35
|
|t:|1778505604
|move|p1a: Iron Treads|Earthquake|p2a: Zamazenta
|-damage|p2a: Zamazenta|0 fnt
|faint|p2a: Zamazenta
|
|upkeep
|
|t:|1778505609
|switch|p2a: Quaquaval|Quaquaval, F, tera:Water|58/100
|-damage|p2a: Quaquaval|46/100|[from] Stealth Rock
|turn|36
|
|t:|1778505614
|move|p2a: Quaquaval|Aqua Jet|p1a: Iron Treads
|-supereffective|p1a: Iron Treads
|-damage|p1a: Iron Treads|0 fnt
|faint|p1a: Iron Treads
|-end|p1a: Iron Treads|Quark Drive|[silent]
|-ability|p2a: Quaquaval|Moxie|boost
|-boost|p2a: Quaquaval|atk|1
|
|upkeep
|
|t:|1778505616
|switch|p1a: Wire Sponge|Sinistcha|100/100
|turn|37
|
|t:|1778505622
|move|p2a: Quaquaval|Ice Spinner|p1a: Wire Sponge
|-supereffective|p1a: Wire Sponge
|-damage|p1a: Wire Sponge|43/100
|move|p1a: Wire Sponge|Strength Sap|p2a: Quaquaval
|-unboost|p2a: Quaquaval|atk|1
|-heal|p1a: Wire Sponge|100/100
|
|upkeep
|turn|38
|
|t:|1778505641
|move|p2a: Quaquaval|Ice Spinner|p1a: Wire Sponge
|-supereffective|p1a: Wire Sponge
|-damage|p1a: Wire Sponge|59/100
|move|p1a: Wire Sponge|Matcha Gotcha|p2a: Quaquaval
|-supereffective|p2a: Quaquaval
|-damage|p2a: Quaquaval|0 fnt
|-heal|p1a: Wire Sponge|79/100|[from] drain|[of] p2a: Quaquaval
|faint|p2a: Quaquaval
|
|upkeep
|
|t:|1778505655
|switch|p2a: Dragapult|Dragapult, M|72/100
|-damage|p2a: Dragapult|59/100|[from] Stealth Rock
|turn|39
|
|t:|1778505664
|-terastallize|p1a: Wire Sponge|Poison
|move|p2a: Dragapult|Phantom Force||[still]
|-prepare|p2a: Dragapult|Phantom Force
|move|p1a: Wire Sponge|Shadow Ball|p2a: Dragapult|[miss]
|-miss|p1a: Wire Sponge|p2a: Dragapult
|
|-heal|p2a: Dragapult|65/100|[from] item: Leftovers
|upkeep
|turn|40
|c|☆ja hoi|gg
|
|t:|1778505675
|move|p2a: Dragapult|Phantom Force|p1a: Wire Sponge|[from] lockedmove
|-damage|p1a: Wire Sponge|45/100
|move|p1a: Wire Sponge|Strength Sap|p2a: Dragapult
|-unboost|p2a: Dragapult|atk|1
|-heal|p1a: Wire Sponge|100/100
|
|-heal|p2a: Dragapult|71/100|[from] item: Leftovers
|upkeep
|turn|41
|
|t:|1778505683
|move|p2a: Dragapult|Dragon Darts|p1a: Wire Sponge
|-damage|p1a: Wire Sponge|87/100
|-anim|p2a: Dragapult|Dragon Darts|p1a: Wire Sponge
|-damage|p1a: Wire Sponge|74/100
|move|p1a: Wire Sponge|Shadow Ball|p2a: Dragapult
|-supereffective|p2a: Dragapult
|-damage|p2a: Dragapult|0 fnt
|faint|p2a: Dragapult
|
|win|Acastillo631
|raw|Acastillo631's rating: 1593 &rarr; <strong>1610</strong><br />(+17 for winning)
|raw|ja hoi's rating: 1545 &rarr; <strong>1528</strong><br />(-17 for losing)
|l|☆ja hoi
|player|p2|
|l|☆Acastillo631
|player|p1|
