|html|<div class="broadcast-blue"><strong>[Gen 9] OU is currently suspecting Tera Blast! For information on how to participate check out the <a href="https://www.smogon.com/tools/suspects/view/200">suspect thread</a>.</strong></div>
|j|☆Hajustin0723
|j|‽fautser
|t:|1776347022
|gametype|singles
|player|p1|Hajustin0723|wallace|1171
|player|p2|fautser|kimonogirl|1216
|gen|9
|tier|[Gen 9] OU
|rated|
|rule|HP Percentage Mod: HP is shown in percentages
|rule|Endless Battle Clause: Forcing endless battles is banned
|rule|Species Clause: Limit one of each Pokémon
|rule|OHKO Clause: OHKO moves are banned
|rule|Evasion Items Clause: Evasion items are banned
|rule|Evasion Moves Clause: Evasion moves are banned
|rule|Evasion Abilities Clause: Evasion abilities are banned
|rule|Sleep Moves Clause: Sleep-inducing moves are banned
|clearpoke
|poke|p1|Charizard, F|
|poke|p1|Torkoal, M|
|poke|p1|Great Tusk|
|poke|p1|Walking Wake|
|poke|p1|Hatterene, F|
|poke|p1|Venusaur, F|
|poke|p2|Zamazenta-*|
|poke|p2|Darkrai|
|poke|p2|Landorus-Therian, M|
|poke|p2|Glimmora, F|
|poke|p2|Rillaboom, M|
|poke|p2|Dragonite, M|
|teampreview
|
|t:|1776347031
|teamsize|p1|6
|teamsize|p2|6
|start
|switch|p1a: Torkoal|Torkoal, M|100/100
|switch|p2a: Glimmora|Glimmora, F|100/100
|-item|p2a: Glimmora|Air Balloon
|-weather|SunnyDay|[from] ability: Drought|[of] p1a: Torkoal
|turn|1
|
|t:|1776347044
|move|p2a: Glimmora|Stealth Rock|p1a: Torkoal
|-sidestart|p1: Hajustin0723|move: Stealth Rock
|move|p1a: Torkoal|Will-O-Wisp|p2a: Glimmora
|-status|p2a: Glimmora|brn
|
|-weather|SunnyDay|[upkeep]
|-damage|p2a: Glimmora|94/100 brn|[from] brn
|upkeep
|turn|2
|
|t:|1776347055
|move|p2a: Glimmora|Mortal Spin|p1a: Torkoal
|-damage|p1a: Torkoal|99/100
|-status|p1a: Torkoal|psn
|move|p1a: Torkoal|Stealth Rock|p2a: Glimmora
|-sidestart|p2: fautser|move: Stealth Rock
|
|-weather|SunnyDay|[upkeep]
|-damage|p1a: Torkoal|87/100 psn|[from] psn
|-damage|p2a: Glimmora|88/100 brn|[from] brn
|upkeep
|turn|3
|
|t:|1776347066
|move|p2a: Glimmora|Mortal Spin|p1a: Torkoal
|-damage|p1a: Torkoal|85/100 psn
|-sideend|p2: fautser|Stealth Rock|[from] move: Mortal Spin|[of] p2a: Glimmora
|move|p1a: Torkoal|Rapid Spin|p2a: Glimmora
|-resisted|p2a: Glimmora
|-damage|p2a: Glimmora|82/100 brn
|-boost|p1a: Torkoal|spe|1
|-activate|p2a: Glimmora|ability: Toxic Debris
|-sidestart|p1: Hajustin0723|move: Toxic Spikes
|-enditem|p2a: Glimmora|Air Balloon
|-sideend|p1: Hajustin0723|Toxic Spikes|[from] move: Rapid Spin|[of] p1a: Torkoal
|-sideend|p1: Hajustin0723|Stealth Rock|[from] move: Rapid Spin|[of] p1a: Torkoal
|
|-weather|SunnyDay|[upkeep]
|-damage|p1a: Torkoal|73/100 psn|[from] psn
|-damage|p2a: Glimmora|75/100 brn|[from] brn
|upkeep
|turn|4
|
|t:|1776347079
|move|p2a: Glimmora|Stealth Rock|p1a: Torkoal
|-sidestart|p1: Hajustin0723|move: Stealth Rock
|move|p1a: Torkoal|Rapid Spin|p2a: Glimmora
|-resisted|p2a: Glimmora
|-damage|p2a: Glimmora|70/100 brn
|-boost|p1a: Torkoal|spe|1
|-activate|p2a: Glimmora|ability: Toxic Debris
|-sidestart|p1: Hajustin0723|move: Toxic Spikes
|-sideend|p1: Hajustin0723|Toxic Spikes|[from] move: Rapid Spin|[of] p1a: Torkoal
|-sideend|p1: Hajustin0723|Stealth Rock|[from] move: Rapid Spin|[of] p1a: Torkoal
|
|-weather|SunnyDay|[upkeep]
|-damage|p1a: Torkoal|60/100 psn|[from] psn
|-damage|p2a: Glimmora|64/100 brn|[from] brn
|upkeep
|turn|5
|
|t:|1776347095
|move|p2a: Glimmora|Power Gem|p1a: Torkoal
|-supereffective|p1a: Torkoal
|-damage|p1a: Torkoal|0 fnt
|faint|p1a: Torkoal
|
|-weather|none
|-damage|p2a: Glimmora|58/100 brn|[from] brn
|upkeep
|
|t:|1776347103
|switch|p1a: Great Tusk|Great Tusk|100/100
|-enditem|p1a: Great Tusk|Booster Energy
|-activate|p1a: Great Tusk|ability: Protosynthesis|[fromitem]
|-start|p1a: Great Tusk|protosynthesisatk
|turn|6
|
|t:|1776347129
|switch|p2a: Rillaboom|Rillaboom, M|100/100
|-fieldstart|move: Grassy Terrain|[from] ability: Grassy Surge|[of] p2a: Rillaboom
|move|p1a: Great Tusk|Knock Off|p2a: Rillaboom
|-damage|p2a: Rillaboom|49/100
|-enditem|p2a: Rillaboom|Choice Band|[from] move: Knock Off|[of] p1a: Great Tusk
|
|-heal|p2a: Rillaboom|56/100|[from] Grassy Terrain
|upkeep
|turn|7
|
|t:|1776347143
|move|p1a: Great Tusk|Headlong Rush|p2a: Rillaboom
|-resisted|p2a: Rillaboom
|-damage|p2a: Rillaboom|13/100
|-unboost|p1a: Great Tusk|def|1
|-unboost|p1a: Great Tusk|spd|1
|move|p2a: Rillaboom|Wood Hammer|p1a: Great Tusk
|-supereffective|p1a: Great Tusk
|-damage|p1a: Great Tusk|0 fnt
|faint|p1a: Great Tusk
|-end|p1a: Great Tusk|Protosynthesis|[silent]
|-damage|p2a: Rillaboom|0 fnt|[from] Recoil
|faint|p2a: Rillaboom
|
|upkeep
|
|t:|1776347165
|switch|p1a: Charizard|Charizard, F, shiny|100/100
|switch|p2a: Glimmora|Glimmora, F|58/100 brn
|turn|8
|
|t:|1776347176
|-terastallize|p1a: Charizard|Fire
|move|p1a: Charizard|Overheat|p2a: Glimmora
|-resisted|p2a: Glimmora
|-damage|p2a: Glimmora|0 fnt
|-unboost|p1a: Charizard|spa|2
|faint|p2a: Glimmora
|-damage|p1a: Charizard|91/100|[from] item: Life Orb
|
|-heal|p1a: Charizard|97/100|[from] Grassy Terrain
|upkeep
|
|t:|1776347192
|switch|p2a: Dragonite|Dragonite, M|100/100
|turn|9
|
|t:|1776347196
|switch|p1a: Venusaur|Venusaur, F|100/100
|move|p2a: Dragonite|Dragon Dance|p2a: Dragonite
|-boost|p2a: Dragonite|atk|1
|-boost|p2a: Dragonite|spe|1
|
|upkeep
|turn|10
|
|t:|1776347207
|-terastallize|p2a: Dragonite|Flying
|move|p2a: Dragonite|Tera Blast|p1a: Venusaur|[anim] Tera Blast Flying
|-supereffective|p1a: Venusaur
|-damage|p1a: Venusaur|0 fnt
|faint|p1a: Venusaur
|
|-fieldend|move: Grassy Terrain
|upkeep
|
|t:|1776347220
|switch|p1a: Charizard|Charizard, F, shiny, tera:Fire|97/100
|turn|11
|
|t:|1776347230
|move|p2a: Dragonite|Tera Blast|p1a: Charizard|[anim] Tera Blast Flying
|-damage|p1a: Charizard|0 fnt
|faint|p1a: Charizard
|
|upkeep
|
|t:|1776347233
|switch|p1a: Hatterene|Hatterene, F|100/100
|turn|12
|
|t:|1776347238
|move|p2a: Dragonite|Dragon Dance|p2a: Dragonite
|-boost|p2a: Dragonite|atk|1
|-boost|p2a: Dragonite|spe|1
|move|p1a: Hatterene|Psychic Noise|p2a: Dragonite
|-damage|p2a: Dragonite|84/100
|-start|p2a: Dragonite|move: Heal Block
|
|upkeep
|turn|13
|
|t:|1776347247
|move|p2a: Dragonite|Dragon Dance|p2a: Dragonite
|-boost|p2a: Dragonite|atk|1
|-boost|p2a: Dragonite|spe|1
|move|p1a: Hatterene|Dazzling Gleam|p2a: Dragonite
|-damage|p2a: Dragonite|46/100
|
|-end|p2a: Dragonite|move: Heal Block
|upkeep
|turn|14
|
|t:|1776347255
|move|p2a: Dragonite|Tera Blast|p1a: Hatterene|[anim] Tera Blast Flying
|-damage|p1a: Hatterene|0 fnt
|faint|p1a: Hatterene
|
|upkeep
|
|t:|1776347257
|switch|p1a: Walking Wake|Walking Wake|100/100
|turn|15
|
|t:|1776347263
|move|p2a: Dragonite|Tera Blast|p1a: Walking Wake|[anim] Tera Blast Flying
|-damage|p1a: Walking Wake|0 fnt
|faint|p1a: Walking Wake
|-end|p1a: Walking Wake|Protosynthesis|[silent]
|
|win|fautser
|raw|Hajustin0723's rating: 1171 &rarr; <strong>1149</strong><br />(-22 for losing)
|raw|fautser's rating: 1216 &rarr; <strong>1238</strong><br />(+22 for winning)
