|html|<div class="broadcast-blue"><strong>[Gen 9] OU is currently suspecting Tera Blast! For information on how to participate check out the <a href="https://www.smogon.com/tools/suspects/view/200">suspect thread</a>.</strong></div>
|j|☆The One Giver
|j|☆dioisboring
|t:|1776084101
|gametype|singles
|player|p1|The One Giver|fantina|1182
|player|p2|dioisboring|hoopster|1191
|gen|9
|tier|[Gen 9] OU
|rated|
|rule|HP Percentage Mod: HP is shown in percentages
|rule|Endless Battle Clause: Forcing endless battles is banned
|rule|Species Clause: Limit one of each Pokémon
|rule|OHKO Clause: OHKO moves are banned
|rule|Evasion Items Clause: Evasion items are banned
|rule|Evasion Moves Clause: Evasion moves are banned
|rule|Evasion Abilities Clause: Evasion abilities are banned
|rule|Sleep Moves Clause: Sleep-inducing moves are banned
|clearpoke
|poke|p1|Araquanid, M|
|poke|p1|Scizor, M|
|poke|p1|Lokix, M|
|poke|p1|Slither Wing|
|poke|p1|Yanmega, F|
|poke|p1|Kleavor, F|
|poke|p2|Yanmega, F|
|poke|p2|Raging Bolt|
|poke|p2|Toxapex, M|
|poke|p2|Ninetales, M|
|poke|p2|Lilligant-Hisui, F|
|poke|p2|Excadrill, M|
|teampreview
|
|t:|1776084109
|teamsize|p1|6
|teamsize|p2|6
|start
|switch|p1a: Kleavor|Kleavor, F|100/100
|switch|p2a: Excadrill|Excadrill, M, shiny|100/100
|-ability|p2a: Excadrill|Mold Breaker
|-item|p2a: Excadrill|Air Balloon
|turn|1
|
|t:|1776084118
|move|p2a: Excadrill|Stealth Rock|p1a: Kleavor
|-sidestart|p1: The One Giver|move: Stealth Rock
|move|p1a: Kleavor|Trailblaze|p2a: Excadrill
|-damage|p2a: Excadrill|77/100
|-boost|p1a: Kleavor|spe|1
|-enditem|p2a: Excadrill|Air Balloon
|
|upkeep
|turn|2
|
|t:|1776084130
|move|p1a: Kleavor|Stone Axe|p2a: Excadrill
|-resisted|p2a: Excadrill
|-damage|p2a: Excadrill|59/100
|-sidestart|p2: dioisboring|move: Stealth Rock
|move|p2a: Excadrill|Iron Head|p1a: Kleavor
|-supereffective|p1a: Kleavor
|-enditem|p1a: Kleavor|Focus Sash
|-damage|p1a: Kleavor|1/100
|
|upkeep
|turn|3
|
|t:|1776084139
|move|p1a: Kleavor|X-Scissor|p2a: Excadrill
|-resisted|p2a: Excadrill
|-damage|p2a: Excadrill|12/100
|move|p2a: Excadrill|Rapid Spin|p1a: Kleavor
|-resisted|p1a: Kleavor
|-damage|p1a: Kleavor|0 fnt
|-boost|p2a: Excadrill|spe|1
|-sideend|p2: dioisboring|Stealth Rock|[from] move: Rapid Spin|[of] p2a: Excadrill
|faint|p1a: Kleavor
|
|upkeep
|
|t:|1776084147
|switch|p1a: Lokix|Lokix, M|100/100
|-damage|p1a: Lokix|76/100|[from] Stealth Rock
|turn|4
|
|t:|1776084157
|move|p2a: Excadrill|Iron Head|p1a: Lokix
|-damage|p1a: Lokix|12/100
|move|p1a: Lokix|Knock Off|p2a: Excadrill
|-damage|p2a: Excadrill|0 fnt
|faint|p2a: Excadrill
|
|upkeep
|
|t:|1776084165
|switch|p2a: Yanmega|Yanmega, F, shiny|100/100
|turn|5
|
|t:|1776084168
|move|p2a: Yanmega|Detect|p2a: Yanmega
|-singleturn|p2a: Yanmega|Protect
|move|p1a: Lokix|Sucker Punch||[still]
|-fail|p1a: Lokix
|
|-ability|p2a: Yanmega|Speed Boost|boost
|-boost|p2a: Yanmega|spe|1
|upkeep
|turn|6
|
|t:|1776084178
|move|p1a: Lokix|Sucker Punch|p2a: Yanmega
|-damage|p2a: Yanmega|52/100
|move|p2a: Yanmega|Bug Buzz|p1a: Lokix
|-supereffective|p1a: Lokix
|-damage|p1a: Lokix|0 fnt
|faint|p1a: Lokix
|-damage|p2a: Yanmega|42/100|[from] item: Life Orb
|
|-ability|p2a: Yanmega|Speed Boost|boost
|-boost|p2a: Yanmega|spe|1
|upkeep
|
|t:|1776084187
|switch|p1a: Slither Wing|Slither Wing|100/100
|-damage|p1a: Slither Wing|88/100|[from] Stealth Rock
|-enditem|p1a: Slither Wing|Booster Energy
|-activate|p1a: Slither Wing|ability: Protosynthesis|[fromitem]
|-start|p1a: Slither Wing|protosynthesisatk
|turn|7
|
|t:|1776084195
|-terastallize|p1a: Slither Wing|Steel
|move|p2a: Yanmega|Air Slash|p1a: Slither Wing
|-resisted|p1a: Slither Wing
|-crit|p1a: Slither Wing
|-damage|p1a: Slither Wing|45/100
|-damage|p2a: Yanmega|32/100|[from] item: Life Orb
|cant|p1a: Slither Wing|flinch
|
|-ability|p2a: Yanmega|Speed Boost|boost
|-boost|p2a: Yanmega|spe|1
|upkeep
|turn|8
|
|t:|1776084211
|move|p2a: Yanmega|Bug Buzz|p1a: Slither Wing
|-resisted|p1a: Slither Wing
|-damage|p1a: Slither Wing|11/100
|-damage|p2a: Yanmega|23/100|[from] item: Life Orb
|move|p1a: Slither Wing|Flame Charge|p2a: Yanmega
|-supereffective|p2a: Yanmega
|-damage|p2a: Yanmega|0 fnt
|-boost|p1a: Slither Wing|spe|1
|faint|p2a: Yanmega
|
|upkeep
|c|☆The One Giver|Crit and Flinch :(
|
|t:|1776084224
|switch|p2a: Ninetales|Ninetales, M|100/100
|-weather|SunnyDay|[from] ability: Drought|[of] p2a: Ninetales
|turn|9
|
|t:|1776084234
|move|p1a: Slither Wing|Earthquake|p2a: Ninetales
|-supereffective|p2a: Ninetales
|-damage|p2a: Ninetales|0 fnt
|faint|p2a: Ninetales
|
|-weather|SunnyDay|[upkeep]
|upkeep
|
|t:|1776084241
|switch|p2a: Raging Bolt|Raging Bolt|100/100
|-activate|p2a: Raging Bolt|ability: Protosynthesis
|-start|p2a: Raging Bolt|protosynthesisspa
|turn|10
|
|t:|1776084248
|move|p2a: Raging Bolt|Thunderclap|p1a: Slither Wing
|-damage|p1a: Slither Wing|0 fnt
|faint|p1a: Slither Wing
|-end|p1a: Slither Wing|Protosynthesis|[silent]
|
|-weather|SunnyDay|[upkeep]
|upkeep
|
|t:|1776084254
|switch|p1a: Scizor|Scizor, M|100/100
|-damage|p1a: Scizor|88/100|[from] Stealth Rock
|turn|11
|
|t:|1776084264
|move|p2a: Raging Bolt|Thunderbolt|p1a: Scizor
|-damage|p1a: Scizor|4/100
|move|p1a: Scizor|U-turn|p2a: Raging Bolt
|-damage|p2a: Raging Bolt|43/100
|
|t:|1776084268
|switch|p1a: Araquanid|Araquanid, M|100/100|[from] U-turn
|-damage|p1a: Araquanid|75/100|[from] Stealth Rock
|
|-weather|SunnyDay|[upkeep]
|-heal|p2a: Raging Bolt|49/100|[from] item: Leftovers
|upkeep
|turn|12
|
|t:|1776084277
|move|p2a: Raging Bolt|Thunderbolt|p1a: Araquanid
|-supereffective|p1a: Araquanid
|-damage|p1a: Araquanid|0 fnt
|faint|p1a: Araquanid
|
|-weather|SunnyDay|[upkeep]
|-heal|p2a: Raging Bolt|55/100|[from] item: Leftovers
|upkeep
|
|t:|1776084279
|switch|p1a: Yanmega|Yanmega, F|100/100
|-damage|p1a: Yanmega|51/100|[from] Stealth Rock
|turn|13
|
|t:|1776084290
|move|p2a: Raging Bolt|Thunderclap|p1a: Yanmega
|-supereffective|p1a: Yanmega
|-crit|p1a: Yanmega
|-damage|p1a: Yanmega|0 fnt
|faint|p1a: Yanmega
|
|-weather|SunnyDay|[upkeep]
|-heal|p2a: Raging Bolt|61/100|[from] item: Leftovers
|upkeep
|
|t:|1776084292
|switch|p1a: Scizor|Scizor, M|4/100
|-damage|p1a: Scizor|0 fnt|[from] Stealth Rock
|faint|p1a: Scizor
|
|win|dioisboring
|raw|The One Giver's rating: 1182 &rarr; <strong>1158</strong><br />(-24 for losing)
|raw|dioisboring's rating: 1191 &rarr; <strong>1215</strong><br />(+24 for winning)
|c|☆The One Giver|Sadness
|l|☆dioisboring
|player|p2|
|c|☆The One Giver|Can't overcome that crit AND flinch
|l|☆The One Giver
|player|p1|
