|html|<div class="broadcast-blue"><strong>[Gen 9] OU is currently suspecting Tera Blast! For information on how to participate check out the <a href="https://www.smogon.com/tools/suspects/view/200">suspect thread</a>.</strong></div>
|j|☆darimg
|j|☆terablastdontbanit
|t:|1776157025
|gametype|singles
|player|p1|darimg|265|1227
|player|p2|terablastdontbanit|2|1252
|gen|9
|tier|[Gen 9] OU
|rated|
|rule|HP Percentage Mod: HP is shown in percentages
|rule|Endless Battle Clause: Forcing endless battles is banned
|rule|Species Clause: Limit one of each Pokémon
|rule|OHKO Clause: OHKO moves are banned
|rule|Evasion Items Clause: Evasion items are banned
|rule|Evasion Moves Clause: Evasion moves are banned
|rule|Evasion Abilities Clause: Evasion abilities are banned
|rule|Sleep Moves Clause: Sleep-inducing moves are banned
|clearpoke
|poke|p1|Heatran, M|
|poke|p1|Toxapex, F|
|poke|p1|Corviknight, F|
|poke|p1|Clodsire, M|
|poke|p1|Great Tusk|
|poke|p1|Gliscor, M|
|poke|p2|Darkrai|
|poke|p2|Zamazenta-*|
|poke|p2|Iron Treads|
|poke|p2|Ting-Lu|
|poke|p2|Gholdengo|
|poke|p2|Dragonite, M|
|teampreview
|inactive|Battle timer is ON: inactive players will automatically lose when time's up. (requested by terablastdontbanit)
|
|t:|1776157045
|teamsize|p1|6
|teamsize|p2|6
|start
|switch|p1a: Girlboss|Toxapex, F|100/100
|switch|p2a: Ting-Lu|Ting-Lu|100/100
|-ability|p2a: Ting-Lu|Vessel of Ruin
|turn|1
|
|t:|1776157061
|move|p2a: Ting-Lu|Stealth Rock|p1a: Girlboss
|-sidestart|p1: darimg|move: Stealth Rock
|move|p1a: Girlboss|Toxic|p2a: Ting-Lu
|-status|p2a: Ting-Lu|tox
|
|-damage|p2a: Ting-Lu|94/100 tox|[from] psn
|upkeep
|turn|2
|
|t:|1776157070
|move|p2a: Ting-Lu|Spikes|p1a: Girlboss
|-sidestart|p1: darimg|Spikes
|move|p1a: Girlboss|Surf|p2a: Ting-Lu
|-supereffective|p2a: Ting-Lu
|-damage|p2a: Ting-Lu|79/100 tox
|-enditem|p2a: Ting-Lu|Red Card|[of] p1a: Girlboss
|drag|p1a: The Bad|Great Tusk|100/100
|-damage|p1a: The Bad|98/100|[from] Stealth Rock
|-damage|p1a: The Bad|85/100|[from] Spikes
|
|-heal|p1a: The Bad|91/100|[from] item: Leftovers
|-damage|p2a: Ting-Lu|66/100 tox|[from] psn
|upkeep
|turn|3
|
|t:|1776157083
|move|p1a: The Bad|Rapid Spin|p2a: Ting-Lu
|-damage|p2a: Ting-Lu|58/100 tox
|-boost|p1a: The Bad|spe|1
|-sideend|p1: darimg|Spikes|[from] move: Rapid Spin|[of] p1a: The Bad
|-sideend|p1: darimg|Stealth Rock|[from] move: Rapid Spin|[of] p1a: The Bad
|move|p2a: Ting-Lu|Spikes|p1a: The Bad
|-sidestart|p1: darimg|Spikes
|
|-heal|p1a: The Bad|98/100|[from] item: Leftovers
|-damage|p2a: Ting-Lu|39/100 tox|[from] psn
|upkeep
|turn|4
|
|t:|1776157098
|switch|p2a: Gholdengo|Gholdengo|100/100
|-item|p2a: Gholdengo|Air Balloon
|move|p1a: The Bad|Rapid Spin|p2a: Gholdengo
|-immune|p2a: Gholdengo
|
|-heal|p1a: The Bad|100/100|[from] item: Leftovers
|upkeep
|turn|5
|
|t:|1776157113
|move|p1a: The Bad|Knock Off|p2a: Gholdengo
|-supereffective|p2a: Gholdengo
|-damage|p2a: Gholdengo|59/100
|-enditem|p2a: Gholdengo|Air Balloon
|move|p2a: Gholdengo|Make It Rain|p1a: The Bad
|-damage|p1a: The Bad|31/100
|-unboost|p2a: Gholdengo|spa|1
|
|-heal|p1a: The Bad|38/100|[from] item: Leftovers
|upkeep
|turn|6
|
|t:|1776157125
|switch|p2a: Dragonite|Dragonite, M|100/100
|move|p1a: The Bad|Headlong Rush|p2a: Dragonite
|-immune|p2a: Dragonite
|
|-heal|p1a: The Bad|44/100|[from] item: Leftovers
|upkeep
|turn|7
|
|t:|1776157141
|move|p1a: The Bad|Knock Off|p2a: Dragonite
|-damage|p2a: Dragonite|86/100
|-enditem|p2a: Dragonite|Heavy-Duty Boots|[from] move: Knock Off|[of] p1a: The Bad
|move|p2a: Dragonite|Dragon Dance|p2a: Dragonite
|-boost|p2a: Dragonite|atk|1
|-boost|p2a: Dragonite|spe|1
|
|-heal|p1a: The Bad|50/100|[from] item: Leftovers
|upkeep
|turn|8
|
|t:|1776157151
|-end|p1a: The Bad|Protosynthesis|[silent]
|switch|p1a: Girlboss|Toxapex, F|100/100
|-damage|p1a: Girlboss|88/100|[from] Spikes
|move|p2a: Dragonite|Encore||[still]
|-fail|p2a: Dragonite
|
|-heal|p1a: Girlboss|94/100|[from] item: Black Sludge
|upkeep
|turn|9
|
|t:|1776157162
|switch|p2a: Gholdengo|Gholdengo|59/100
|move|p1a: Girlboss|Toxic|p2a: Gholdengo
|-immune|p2a: Gholdengo|[from] ability: Good as Gold
|
|-heal|p1a: Girlboss|100/100|[from] item: Black Sludge
|upkeep
|turn|10
|
|t:|1776157178
|switch|p1a: Gaslight|Heatran, M|100/100
|-damage|p1a: Gaslight|88/100|[from] Spikes
|move|p2a: Gholdengo|Make It Rain|p1a: Gaslight
|-resisted|p1a: Gaslight
|-damage|p1a: Gaslight|81/100
|-unboost|p2a: Gholdengo|spa|1
|
|-heal|p1a: Gaslight|87/100|[from] item: Leftovers
|upkeep
|turn|11
|
|t:|1776157193
|switch|p2a: Ting-Lu|Ting-Lu|39/100 tox
|-ability|p2a: Ting-Lu|Vessel of Ruin
|move|p1a: Gaslight|Magma Storm|p2a: Ting-Lu
|-damage|p2a: Ting-Lu|23/100 tox
|-activate|p2a: Ting-Lu|move: Magma Storm|[of] p1a: Gaslight
|
|-heal|p1a: Gaslight|93/100|[from] item: Leftovers
|-damage|p2a: Ting-Lu|16/100 tox|[from] psn
|-damage|p2a: Ting-Lu|4/100 tox|[from] move: Magma Storm|[partiallytrapped]
|upkeep
|turn|12
|
|t:|1776157205
|move|p1a: Gaslight|Protect|p1a: Gaslight
|-singleturn|p1a: Gaslight|Protect
|move|p2a: Ting-Lu|Stealth Rock|p1a: Gaslight
|-sidestart|p1: darimg|move: Stealth Rock
|
|-heal|p1a: Gaslight|99/100|[from] item: Leftovers
|-damage|p2a: Ting-Lu|0 fnt|[from] psn
|faint|p2a: Ting-Lu
|upkeep
|
|t:|1776157228
|switch|p2a: Dragonite|Dragonite, M|86/100
|turn|13
|
|t:|1776157242
|switch|p1a: Gatekeep|Corviknight, F, shiny|100/100
|-damage|p1a: Gatekeep|88/100|[from] Stealth Rock
|-ability|p1a: Gatekeep|Pressure
|move|p2a: Dragonite|Dragon Dance|p2a: Dragonite
|-boost|p2a: Dragonite|atk|1
|-boost|p2a: Dragonite|spe|1
|
|-heal|p1a: Gatekeep|94/100|[from] item: Leftovers
|upkeep
|turn|14
|
|t:|1776157254
|switch|p2a: Gholdengo|Gholdengo|59/100
|move|p1a: Gatekeep|Defog|p2a: Gholdengo
|-immune|p2a: Gholdengo|[from] ability: Good as Gold
|
|-heal|p1a: Gatekeep|100/100|[from] item: Leftovers
|upkeep
|turn|15
|
|t:|1776157265
|move|p2a: Gholdengo|Thunder Wave|p1a: Gatekeep
|-status|p1a: Gatekeep|par
|cant|p1a: Gatekeep|par
|
|upkeep
|turn|16
|
|t:|1776157273
|move|p2a: Gholdengo|Recover|p2a: Gholdengo
|-heal|p2a: Gholdengo|100/100
|move|p1a: Gatekeep|Iron Head|p2a: Gholdengo
|-resisted|p2a: Gholdengo
|-damage|p2a: Gholdengo|93/100
|
|upkeep
|turn|17
|
|t:|1776157293
|switch|p2a: Zamazenta|Zamazenta|100/100
|-ability|p2a: Zamazenta|Dauntless Shield|boost
|-boost|p2a: Zamazenta|def|1
|switch|p1a: Gaslight|Heatran, M|99/100
|-damage|p1a: Gaslight|87/100|[from] Spikes
|-damage|p1a: Gaslight|75/100|[from] Stealth Rock
|
|-heal|p1a: Gaslight|81/100|[from] item: Leftovers
|upkeep
|turn|18
|
|t:|1776157305
|move|p1a: Gaslight|Protect|p1a: Gaslight
|-singleturn|p1a: Gaslight|Protect
|move|p2a: Zamazenta|Iron Defense|p2a: Zamazenta
|-boost|p2a: Zamazenta|def|2
|
|-heal|p1a: Gaslight|87/100|[from] item: Leftovers
|upkeep
|turn|19
|
|t:|1776157314
|switch|p1a: Girlboss|Toxapex, F|100/100
|-damage|p1a: Girlboss|88/100|[from] Spikes
|-damage|p1a: Girlboss|75/100|[from] Stealth Rock
|move|p2a: Zamazenta|Body Press|p1a: Girlboss
|-resisted|p1a: Girlboss
|-damage|p1a: Girlboss|47/100
|
|-heal|p1a: Girlboss|53/100|[from] item: Black Sludge
|upkeep
|turn|20
|
|t:|1776157328
|move|p2a: Zamazenta|Body Press|p1a: Girlboss
|-resisted|p1a: Girlboss
|-damage|p1a: Girlboss|26/100
|move|p1a: Girlboss|Toxic|p2a: Zamazenta
|-status|p2a: Zamazenta|tox
|
|-heal|p1a: Girlboss|32/100|[from] item: Black Sludge
|-damage|p2a: Zamazenta|94/100 tox|[from] psn
|upkeep
|turn|21
|
|t:|1776157339
|move|p2a: Zamazenta|Body Press|p1a: Girlboss
|-resisted|p1a: Girlboss
|-damage|p1a: Girlboss|2/100
|move|p1a: Girlboss|Recover|p1a: Girlboss
|-heal|p1a: Girlboss|52/100
|
|-heal|p2a: Zamazenta|100/100 tox|[from] item: Leftovers
|-heal|p1a: Girlboss|59/100|[from] item: Black Sludge
|-damage|p2a: Zamazenta|88/100 tox|[from] psn
|upkeep
|turn|22
|
|t:|1776157350
|switch|p2a: Gholdengo|Gholdengo|93/100
|move|p1a: Girlboss|Haze|p1a: Girlboss
|-clearallboost
|
|-heal|p1a: Girlboss|65/100|[from] item: Black Sludge
|upkeep
|turn|23
|
|t:|1776157359
|move|p2a: Gholdengo|Thunder Wave|p1a: Girlboss
|-status|p1a: Girlboss|par
|move|p1a: Girlboss|Surf|p2a: Gholdengo
|-damage|p2a: Gholdengo|73/100
|
|-heal|p1a: Girlboss|71/100 par|[from] item: Black Sludge
|upkeep
|turn|24
|
|t:|1776157367
|move|p2a: Gholdengo|Hex|p1a: Girlboss
|-damage|p1a: Girlboss|22/100 par
|move|p1a: Girlboss|Surf|p2a: Gholdengo
|-damage|p2a: Gholdengo|55/100
|
|-heal|p1a: Girlboss|28/100 par|[from] item: Black Sludge
|upkeep
|turn|25
|
|t:|1776157381
|switch|p1a: The Good|Clodsire, M, shiny|100/100
|-damage|p1a: The Good|88/100|[from] Spikes
|-damage|p1a: The Good|82/100|[from] Stealth Rock
|move|p2a: Gholdengo|Hex|p1a: The Good
|-damage|p1a: The Good|65/100
|
|-heal|p1a: The Good|72/100|[from] item: Leftovers
|upkeep
|turn|26
|
|t:|1776157394
|switch|p2a: Dragonite|Dragonite, M|86/100
|move|p1a: The Good|Toxic|p2a: Dragonite
|-status|p2a: Dragonite|tox
|
|-heal|p1a: The Good|78/100|[from] item: Leftovers
|-damage|p2a: Dragonite|80/100 tox|[from] psn
|upkeep
|turn|27
|
|t:|1776157409
|switch|p2a: Iron Treads|Iron Treads|100/100
|move|p1a: The Good|Spikes|p2a: Iron Treads
|-sidestart|p2: terablastdontbanit|Spikes
|
|-heal|p1a: The Good|84/100|[from] item: Leftovers
|upkeep
|turn|28
|
|t:|1776157422
|move|p2a: Iron Treads|Rapid Spin|p1a: The Good
|-damage|p1a: The Good|67/100
|-boost|p2a: Iron Treads|spe|1
|-sideend|p2: terablastdontbanit|Spikes|[from] move: Rapid Spin|[of] p2a: Iron Treads
|move|p1a: The Good|Earthquake|p2a: Iron Treads
|-supereffective|p2a: Iron Treads
|-damage|p2a: Iron Treads|51/100
|
|-heal|p2a: Iron Treads|58/100|[from] item: Leftovers
|-heal|p1a: The Good|74/100|[from] item: Leftovers
|upkeep
|turn|29
|
|t:|1776157434
|move|p2a: Iron Treads|Earthquake|p1a: The Good
|-supereffective|p1a: The Good
|-damage|p1a: The Good|0 fnt
|faint|p1a: The Good
|
|-heal|p2a: Iron Treads|64/100|[from] item: Leftovers
|upkeep
|
|t:|1776157450
|switch|p1a: The Dirty|Gliscor, M|100/100
|-damage|p1a: The Dirty|88/100|[from] Stealth Rock
|turn|30
|
|t:|1776157459
|move|p2a: Iron Treads|Knock Off|p1a: The Dirty
|-damage|p1a: The Dirty|69/100
|-enditem|p1a: The Dirty|Toxic Orb|[from] move: Knock Off|[of] p2a: Iron Treads
|move|p1a: The Dirty|Earthquake|p2a: Iron Treads
|-supereffective|p2a: Iron Treads
|-damage|p2a: Iron Treads|3/100
|
|-heal|p2a: Iron Treads|10/100|[from] item: Leftovers
|upkeep
|turn|31
|
|t:|1776157471
|move|p2a: Iron Treads|Ice Spinner|p1a: The Dirty
|-supereffective|p1a: The Dirty
|-damage|p1a: The Dirty|0 fnt
|faint|p1a: The Dirty
|
|-heal|p2a: Iron Treads|16/100|[from] item: Leftovers
|upkeep
|
|t:|1776157481
|switch|p1a: The Bad|Great Tusk|50/100
|-damage|p1a: The Bad|38/100|[from] Spikes
|-damage|p1a: The Bad|35/100|[from] Stealth Rock
|turn|32
|inactive|terablastdontbanit has 120 seconds left.
|
|t:|1776157515
|move|p2a: Iron Treads|Ice Spinner|p1a: The Bad
|-supereffective|p1a: The Bad
|-damage|p1a: The Bad|12/100
|move|p1a: The Bad|Headlong Rush|p2a: Iron Treads
|-supereffective|p2a: Iron Treads
|-damage|p2a: Iron Treads|0 fnt
|-unboost|p1a: The Bad|def|1
|-unboost|p1a: The Bad|spd|1
|faint|p2a: Iron Treads
|-end|p2a: Iron Treads|Quark Drive|[silent]
|
|-heal|p1a: The Bad|18/100|[from] item: Leftovers
|upkeep
|inactive|terablastdontbanit has 120 seconds left.
|
|t:|1776157533
|switch|p2a: Darkrai|Darkrai|100/100
|turn|33
|
|t:|1776157560
|move|p2a: Darkrai|Dark Pulse|p1a: The Bad
|-resisted|p1a: The Bad
|-damage|p1a: The Bad|0 fnt
|faint|p1a: The Bad
|-end|p1a: The Bad|Protosynthesis|[silent]
|
|upkeep
|
|t:|1776157567
|switch|p1a: Gaslight|Heatran, M|87/100
|-damage|p1a: Gaslight|75/100|[from] Spikes
|-damage|p1a: Gaslight|62/100|[from] Stealth Rock
|turn|34
|inactive|terablastdontbanit has 90 seconds left.
|
|t:|1776157590
|move|p2a: Darkrai|Dark Pulse|p1a: Gaslight
|-damage|p1a: Gaslight|23/100
|move|p1a: Gaslight|Magma Storm|p2a: Darkrai
|-damage|p2a: Darkrai|45/100
|-activate|p2a: Darkrai|move: Magma Storm|[of] p1a: Gaslight
|
|-heal|p1a: Gaslight|29/100|[from] item: Leftovers
|-damage|p2a: Darkrai|33/100|[from] move: Magma Storm|[partiallytrapped]
|upkeep
|turn|35
|
|t:|1776157602
|move|p1a: Gaslight|Protect|p1a: Gaslight
|-singleturn|p1a: Gaslight|Protect
|move|p2a: Darkrai|Dark Pulse|p1a: Gaslight
|-activate|p1a: Gaslight|move: Protect
|
|-heal|p1a: Gaslight|35/100|[from] item: Leftovers
|-damage|p2a: Darkrai|20/100|[from] move: Magma Storm|[partiallytrapped]
|upkeep
|turn|36
|
|t:|1776157619
|switch|p1a: Girlboss|Toxapex, F|61/100 par
|-damage|p1a: Girlboss|49/100 par|[from] Spikes
|-damage|p1a: Girlboss|36/100 par|[from] Stealth Rock
|move|p2a: Darkrai|Dark Pulse|p1a: Girlboss
|-damage|p1a: Girlboss|0 fnt
|faint|p1a: Girlboss
|
|-end|p2a: Darkrai|Magma Storm|[partiallytrapped]|[silent]
|upkeep
|-message|darimg forfeited.
|
|win|terablastdontbanit
|raw|darimg's rating: 1227 &rarr; <strong>1204</strong><br />(-23 for losing)
|raw|terablastdontbanit's rating: 1252 &rarr; <strong>1275</strong><br />(+23 for winning)
|l|☆darimg
|player|p1|
|c|☆terablastdontbanit|gg
