|html|<div class="broadcast-blue"><strong>[Gen 9] OU is currently suspecting Tera Blast! For information on how to participate check out the <a href="https://www.smogon.com/tools/suspects/view/200">suspect thread</a>.</strong></div>
|j|☆alzheimersgaming
|j|☆eserraba
|t:|1776071433
|gametype|singles
|player|p1|alzheimersgaming|rocketgrunt|1072
|player|p2|eserraba|169|1105
|gen|9
|tier|[Gen 9] OU
|rated|
|rule|HP Percentage Mod: HP is shown in percentages
|rule|Endless Battle Clause: Forcing endless battles is banned
|rule|Species Clause: Limit one of each Pokémon
|rule|OHKO Clause: OHKO moves are banned
|rule|Evasion Items Clause: Evasion items are banned
|rule|Evasion Moves Clause: Evasion moves are banned
|rule|Evasion Abilities Clause: Evasion abilities are banned
|rule|Sleep Moves Clause: Sleep-inducing moves are banned
|clearpoke
|poke|p1|Skeledirge, M|
|poke|p1|Porygon2|
|poke|p1|Iron Crown|
|poke|p1|Toxtricity, M|
|poke|p1|Kingambit, M|
|poke|p1|Armarouge, F|
|poke|p2|Masquerain, F|
|poke|p2|Eelektross, M|
|poke|p2|Shiftry, F|
|poke|p2|Volbeat, M|
|poke|p2|Seviper, F|
|poke|p2|Golduck, F|
|teampreview
|inactive|Battle timer is ON: inactive players will automatically lose when time's up. (requested by eserraba)
|j| ohko_smeargle
|
|t:|1776071450
|teamsize|p1|6
|teamsize|p2|6
|start
|switch|p1a: Porygon2|Porygon2|100/100
|switch|p2a: Seviper|Seviper, F|100/100
|-ability|p1a: Porygon2|Download|boost
|-boost|p1a: Porygon2|spa|1
|turn|1
|
|t:|1776071462
|move|p2a: Seviper|Switcheroo|p1a: Porygon2
|-activate|p2a: Seviper|move: Trick|[of] p1a: Porygon2
|-item|p1a: Porygon2|Choice Scarf|[from] move: Switcheroo
|-item|p2a: Seviper|Eviolite|[from] move: Switcheroo
|move|p1a: Porygon2|Tri Attack|p2a: Seviper
|-damage|p2a: Seviper|0 fnt
|faint|p2a: Seviper
|
|upkeep
|c|☆alzheimersgaming|um
|c|☆alzheimersgaming|ok
|
|t:|1776071481
|switch|p2a: Eelektross|Eelektross, M|100/100
|turn|2
|
|t:|1776071485
|move|p1a: Porygon2|Tri Attack|p2a: Eelektross
|-damage|p2a: Eelektross|58/100
|move|p2a: Eelektross|Drain Punch|p1a: Porygon2
|-supereffective|p1a: Porygon2
|-damage|p1a: Porygon2|49/100
|-heal|p2a: Eelektross|84/100|[from] drain|[of] p1a: Porygon2
|
|upkeep
|turn|3
|
|t:|1776071498
|move|p1a: Porygon2|Tri Attack|p2a: Eelektross
|-damage|p2a: Eelektross|37/100
|move|p2a: Eelektross|Supercell Slam|p1a: Porygon2
|-damage|p1a: Porygon2|0 fnt
|faint|p1a: Porygon2
|
|upkeep
|
|t:|1776071503
|switch|p1a: Toxtricity|Toxtricity, M|100/100
|turn|4
|
|t:|1776071514
|switch|p2a: Volbeat|Volbeat, M|100/100
|move|p1a: Toxtricity|Boomburst|p2a: Volbeat
|-damage|p2a: Volbeat|37/100
|-enditem|p2a: Volbeat|Red Card|[of] p1a: Toxtricity
|-enditem|p1a: Toxtricity|Throat Spray
|-boost|p1a: Toxtricity|spa|1|[from] item: Throat Spray
|drag|p1a: Armarouge|Armarouge, F|100/100
|
|upkeep
|turn|5
|inactive|eserraba has 120 seconds left.
|
|t:|1776071564
|move|p2a: Volbeat|Light Screen|p2a: Volbeat
|-sidestart|p2: eserraba|move: Light Screen
|move|p1a: Armarouge|Armor Cannon|p2a: Volbeat
|-supereffective|p2a: Volbeat
|-damage|p2a: Volbeat|0 fnt
|-unboost|p1a: Armarouge|def|1
|-unboost|p1a: Armarouge|spd|1
|faint|p2a: Volbeat
|
|upkeep
|
|t:|1776071578
|switch|p2a: Golduck|Golduck, F|100/100
|-ability|p2a: Golduck|Cloud Nine
|turn|6
|
|t:|1776071587
|move|p2a: Golduck|Surf|p1a: Armarouge
|-supereffective|p1a: Armarouge
|-crit|p1a: Armarouge
|-enditem|p1a: Armarouge|Focus Sash
|-damage|p1a: Armarouge|1/100
|move|p1a: Armarouge|Psyshock|p2a: Golduck
|-damage|p2a: Golduck|71/100
|
|upkeep
|turn|7
|
|t:|1776071594
|move|p2a: Golduck|Vacuum Wave|p1a: Armarouge
|-resisted|p1a: Armarouge
|-damage|p1a: Armarouge|0 fnt
|faint|p1a: Armarouge
|
|upkeep
|
|t:|1776071601
|switch|p1a: Toxtricity|Toxtricity, M|100/100
|turn|8
|inactive|eserraba has 120 seconds left.
|
|t:|1776071621
|-terastallize|p2a: Golduck|Grass
|move|p2a: Golduck|Surf|p1a: Toxtricity
|-damage|p1a: Toxtricity|64/100
|move|p1a: Toxtricity|Discharge|p2a: Golduck
|-resisted|p2a: Golduck
|-damage|p2a: Golduck|59/100
|-status|p2a: Golduck|par
|
|upkeep
|turn|9
|
|t:|1776071631
|move|p1a: Toxtricity|Boomburst|p2a: Golduck
|-damage|p2a: Golduck|22/100 par
|-enditem|p2a: Golduck|Sitrus Berry|[eat]
|-heal|p2a: Golduck|47/100 par|[from] item: Sitrus Berry
|cant|p2a: Golduck|par
|
|-sideend|p2: eserraba|move: Light Screen
|upkeep
|turn|10
|c|☆eserraba|sure
|
|t:|1776071647
|move|p1a: Toxtricity|Boomburst|p2a: Golduck
|-damage|p2a: Golduck|0 fnt
|faint|p2a: Golduck
|
|upkeep
|
|t:|1776071655
|switch|p2a: Shiftry|Shiftry, F|100/100
|turn|11
|
|t:|1776071659
|move|p2a: Shiftry|Explosion|p1a: Toxtricity
|-damage|p1a: Toxtricity|0 fnt
|faint|p2a: Shiftry
|faint|p1a: Toxtricity
|
|upkeep
|
|t:|1776071672
|switch|p2a: Masquerain|Masquerain, F|100/100
|switch|p1a: Iron Crown|Iron Crown|100/100
|-ability|p2a: Masquerain|Intimidate|boost
|-unboost|p1a: Iron Crown|atk|1
|-enditem|p1a: Iron Crown|Booster Energy
|-activate|p1a: Iron Crown|ability: Quark Drive|[fromitem]
|-start|p1a: Iron Crown|quarkdrivespa
|turn|12
|inactive|eserraba has 120 seconds left.
|
|t:|1776071681
|move|p1a: Iron Crown|Tachyon Cutter|p2a: Masquerain
|-damage|p2a: Masquerain|58/100
|-damage|p2a: Masquerain|14/100
|-hitcount|p2a: Masquerain|2
|move|p2a: Masquerain|Quiver Dance|p2a: Masquerain
|-boost|p2a: Masquerain|spa|1
|-boost|p2a: Masquerain|spd|1
|-boost|p2a: Masquerain|spe|1
|
|upkeep
|turn|13
|inactive|eserraba has 120 seconds left.
|
|t:|1776071692
|move|p2a: Masquerain|Mud Shot|p1a: Iron Crown
|-supereffective|p1a: Iron Crown
|-damage|p1a: Iron Crown|48/100
|-unboost|p1a: Iron Crown|spe|1
|move|p1a: Iron Crown|Flash Cannon|p2a: Masquerain
|-damage|p2a: Masquerain|0 fnt
|faint|p2a: Masquerain
|
|upkeep
|inactive|eserraba has 120 seconds left.
|
|t:|1776071699
|switch|p2a: Eelektross|Eelektross, M|37/100
|turn|14
|
|t:|1776071707
|move|p1a: Iron Crown|Expanding Force|p2a: Eelektross
|-damage|p2a: Eelektross|0 fnt
|faint|p2a: Eelektross
|
|win|alzheimersgaming
|raw|alzheimersgaming's rating: 1072 &rarr; <strong>1104</strong><br />(+32 for winning)
|raw|eserraba's rating: 1105 &rarr; <strong>1078</strong><br />(-27 for losing)
|l| ohko_smeargle
|l|☆eserraba
|player|p2|
|l|☆alzheimersgaming
|player|p1|
