|html|<div class="broadcast-blue"><strong>[Gen 9] OU is currently suspecting Tera Blast! For information on how to participate check out the <a href="https://www.smogon.com/tools/suspects/view/200">suspect thread</a>.</strong></div>
|j|☆klekim
|j|☆Tanato23
|t:|1776085672
|gametype|singles
|player|p1|klekim|roughneck|1305
|player|p2|Tanato23|pokemonranger-gen4|1295
|gen|9
|tier|[Gen 9] OU
|rated|
|rule|HP Percentage Mod: HP is shown in percentages
|rule|Endless Battle Clause: Forcing endless battles is banned
|rule|Species Clause: Limit one of each Pokémon
|rule|OHKO Clause: OHKO moves are banned
|rule|Evasion Items Clause: Evasion items are banned
|rule|Evasion Moves Clause: Evasion moves are banned
|rule|Evasion Abilities Clause: Evasion abilities are banned
|rule|Sleep Moves Clause: Sleep-inducing moves are banned
|clearpoke
|poke|p1|Iron Moth|
|poke|p1|Gliscor, F|
|poke|p1|Hatterene, F|
|poke|p1|Ogerpon-Wellspring, F|
|poke|p1|Raging Bolt|
|poke|p1|Zamazenta-*|
|poke|p2|Ribombee, M|
|poke|p2|Cinderace, M|
|poke|p2|Serperior, F|
|poke|p2|Mimikyu, F|
|poke|p2|Dragapult, M|
|poke|p2|Bisharp, F|
|teampreview
|inactive|Battle timer is ON: inactive players will automatically lose when time's up. (requested by Tanato23)
|inactive|klekim has 120 seconds left.
|inactive|Tanato23 has 120 seconds left.
|inactive|klekim has 90 seconds left.
|
|t:|1776085733
|teamsize|p1|6
|teamsize|p2|6
|start
|switch|p1a: Zamazenta|Zamazenta|100/100
|switch|p2a: Ribombee|Ribombee, M|100/100
|-ability|p1a: Zamazenta|Dauntless Shield|boost
|-boost|p1a: Zamazenta|def|1
|turn|1
|
|t:|1776085741
|move|p1a: Zamazenta|Light Screen|p1a: Zamazenta
|-sidestart|p1: klekim|move: Light Screen
|move|p2a: Ribombee|Stun Spore|p1a: Zamazenta
|-status|p1a: Zamazenta|par
|
|upkeep
|turn|2
|
|t:|1776085749
|switch|p1a: Hatterene|Hatterene, F|100/100
|move|p2a: Ribombee|Sticky Web|p1a: Hatterene
|move|p1a: Hatterene|Sticky Web|p2a: Ribombee|[from] ability: Magic Bounce
|-sidestart|p2: Tanato23|move: Sticky Web
|
|upkeep
|turn|3
|
|t:|1776085756
|switch|p2a: Cinderace|Cinderace, M|100/100
|move|p1a: Hatterene|Calm Mind|p1a: Hatterene
|-boost|p1a: Hatterene|spa|1
|-boost|p1a: Hatterene|spd|1
|
|upkeep
|turn|4
|
|t:|1776085763
|switch|p1a: Zamazenta|Zamazenta|100/100 par
|move|p2a: Cinderace|Court Change|p2a: Cinderace
|-swapsideconditions
|-activate|p2a: Cinderace|move: Court Change
|
|upkeep
|turn|5
|
|t:|1776085770
|move|p2a: Cinderace|Pyro Ball|p1a: Zamazenta
|-damage|p1a: Zamazenta|57/100 par
|move|p1a: Zamazenta|Reflect|p1a: Zamazenta
|-sidestart|p1: klekim|Reflect
|
|upkeep
|turn|6
|
|t:|1776085778
|move|p2a: Cinderace|U-turn|p1a: Zamazenta
|-resisted|p1a: Zamazenta
|-damage|p1a: Zamazenta|52/100 par
|
|t:|1776085790
|switch|p2a: Serperior|Serperior, F|100/100|[from] U-turn
|move|p1a: Zamazenta|Close Combat|p2a: Serperior
|-damage|p2a: Serperior|39/100
|-unboost|p1a: Zamazenta|def|1
|-unboost|p1a: Zamazenta|spd|1
|
|-heal|p2a: Serperior|46/100|[from] item: Leftovers
|upkeep
|turn|7
|
|t:|1776085799
|move|p2a: Serperior|Leaf Storm|p1a: Zamazenta
|-crit|p1a: Zamazenta
|-damage|p1a: Zamazenta|0 fnt
|-boost|p2a: Serperior|spa|2
|faint|p1a: Zamazenta
|
|-heal|p2a: Serperior|52/100|[from] item: Leftovers
|upkeep
|
|t:|1776085807
|switch|p1a: Iron Moth|Iron Moth|100/100
|-activate|p1a: Iron Moth|move: Sticky Web
|-unboost|p1a: Iron Moth|spe|1
|-enditem|p1a: Iron Moth|Booster Energy
|-activate|p1a: Iron Moth|ability: Quark Drive|[fromitem]
|-start|p1a: Iron Moth|quarkdrivespa
|turn|8
|
|t:|1776085817
|-terastallize|p2a: Serperior|Fire
|move|p2a: Serperior|Leaf Storm|p1a: Iron Moth
|-resisted|p1a: Iron Moth
|-damage|p1a: Iron Moth|78/100
|-boost|p2a: Serperior|spa|2
|move|p1a: Iron Moth|Sludge Wave|p2a: Serperior
|-damage|p2a: Serperior|16/100
|
|-heal|p2a: Serperior|22/100|[from] item: Leftovers
|-sideend|p2: Tanato23|move: Light Screen
|upkeep
|turn|9
|
|t:|1776085829
|move|p2a: Serperior|Tera Blast|p1a: Iron Moth|[anim] Tera Blast Fire
|-resisted|p1a: Iron Moth
|-damage|p1a: Iron Moth|34/100
|move|p1a: Iron Moth|Sludge Wave|p2a: Serperior
|-crit|p2a: Serperior
|-damage|p2a: Serperior|0 fnt
|faint|p2a: Serperior
|
|upkeep
|
|t:|1776085849
|switch|p2a: Dragapult|Dragapult, M|100/100
|turn|10
|
|t:|1776085859
|move|p2a: Dragapult|Hydro Pump|p1a: Iron Moth|[miss]
|-miss|p2a: Dragapult|p1a: Iron Moth
|move|p1a: Iron Moth|Sludge Wave|p2a: Dragapult
|-resisted|p2a: Dragapult
|-damage|p2a: Dragapult|50/100
|-status|p2a: Dragapult|psn
|
|-damage|p2a: Dragapult|38/100 psn|[from] psn
|upkeep
|turn|11
|
|t:|1776085867
|move|p2a: Dragapult|Hydro Pump|p1a: Iron Moth
|-supereffective|p1a: Iron Moth
|-damage|p1a: Iron Moth|0 fnt
|faint|p1a: Iron Moth
|-end|p1a: Iron Moth|Quark Drive|[silent]
|-damage|p2a: Dragapult|28/100 psn|[from] item: Life Orb
|
|-damage|p2a: Dragapult|16/100 psn|[from] psn
|upkeep
|
|t:|1776085875
|switch|p1a: Hatterene|Hatterene, F|100/100
|-activate|p1a: Hatterene|move: Sticky Web
|-unboost|p1a: Hatterene|spe|1
|turn|12
|
|t:|1776085881
|move|p2a: Dragapult|Hydro Pump|p1a: Hatterene|[miss]
|-miss|p2a: Dragapult|p1a: Hatterene
|move|p1a: Hatterene|Draining Kiss|p2a: Dragapult
|-supereffective|p2a: Dragapult
|-damage|p2a: Dragapult|0 fnt
|faint|p2a: Dragapult
|
|-sideend|p1: klekim|Reflect
|upkeep
|
|t:|1776085890
|switch|p2a: Cinderace|Cinderace, M|100/100
|turn|13
|
|t:|1776085895
|switch|p1a: Gliscor|Gliscor, F|100/100
|move|p2a: Cinderace|Pyro Ball|p1a: Gliscor
|-damage|p1a: Gliscor|50/100
|
|-status|p1a: Gliscor|tox|[from] item: Toxic Orb
|upkeep
|turn|14
|
|t:|1776085908
|move|p2a: Cinderace|Pyro Ball|p1a: Gliscor
|-damage|p1a: Gliscor|5/100 tox
|move|p1a: Gliscor|Earthquake|p2a: Cinderace
|-supereffective|p2a: Cinderace
|-damage|p2a: Cinderace|0 fnt
|faint|p2a: Cinderace
|
|-heal|p1a: Gliscor|17/100 tox|[from] ability: Poison Heal
|upkeep
|
|t:|1776085926
|switch|p2a: Ribombee|Ribombee, M|100/100
|turn|15
|
|t:|1776085939
|move|p2a: Ribombee|Moonblast|p1a: Gliscor
|-damage|p1a: Gliscor|0 fnt
|faint|p1a: Gliscor
|
|upkeep
|
|t:|1776085945
|switch|p1a: Hatterene|Hatterene, F|100/100
|-activate|p1a: Hatterene|move: Sticky Web
|-unboost|p1a: Hatterene|spe|1
|turn|16
|
|t:|1776085953
|move|p2a: Ribombee|Moonblast|p1a: Hatterene
|-damage|p1a: Hatterene|61/100
|move|p1a: Hatterene|Calm Mind|p1a: Hatterene
|-boost|p1a: Hatterene|spa|1
|-boost|p1a: Hatterene|spd|1
|
|-heal|p1a: Hatterene|67/100|[from] item: Leftovers
|upkeep
|turn|17
|
|t:|1776085961
|move|p2a: Ribombee|Moonblast|p1a: Hatterene
|-damage|p1a: Hatterene|39/100
|move|p1a: Hatterene|Calm Mind|p1a: Hatterene
|-boost|p1a: Hatterene|spa|1
|-boost|p1a: Hatterene|spd|1
|
|-heal|p1a: Hatterene|45/100|[from] item: Leftovers
|upkeep
|turn|18
|
|t:|1776085968
|move|p2a: Ribombee|Moonblast|p1a: Hatterene
|-damage|p1a: Hatterene|26/100
|move|p1a: Hatterene|Draining Kiss|p2a: Ribombee
|-damage|p2a: Ribombee|21/100
|-heal|p1a: Hatterene|75/100|[from] drain|[of] p2a: Ribombee
|
|-heal|p1a: Hatterene|81/100|[from] item: Leftovers
|upkeep
|turn|19
|
|t:|1776085977
|move|p2a: Ribombee|Moonblast|p1a: Hatterene
|-damage|p1a: Hatterene|59/100
|move|p1a: Hatterene|Draining Kiss|p2a: Ribombee
|-damage|p2a: Ribombee|0 fnt
|-heal|p1a: Hatterene|72/100|[from] drain|[of] p2a: Ribombee
|faint|p2a: Ribombee
|
|-heal|p1a: Hatterene|78/100|[from] item: Leftovers
|upkeep
|
|t:|1776085985
|switch|p2a: Mimikyu|Mimikyu, F|100/100
|turn|20
|
|t:|1776085996
|-terastallize|p1a: Hatterene|Water
|move|p2a: Mimikyu|Shadow Claw|p1a: Hatterene
|-damage|p1a: Hatterene|56/100
|move|p1a: Hatterene|Stored Power|p2a: Mimikyu
|-activate|p2a: Mimikyu|ability: Disguise
|-damage|p2a: Mimikyu|100/100
|detailschange|p2a: Mimikyu|Mimikyu-Busted, F
|-damage|p2a: Mimikyu|88/100|[from] pokemon: Mimikyu-Busted
|-enditem|p2a: Mimikyu|Red Card|[of] p1a: Hatterene
|drag|p1a: Ogerpon|Ogerpon-Wellspring, F|100/100
|-activate|p1a: Ogerpon|move: Sticky Web
|-unboost|p1a: Ogerpon|spe|1
|
|upkeep
|turn|21
|
|t:|1776086010
|move|p2a: Mimikyu|Will-O-Wisp|p1a: Ogerpon|[miss]
|-miss|p2a: Mimikyu|p1a: Ogerpon
|move|p1a: Ogerpon|Ivy Cudgel|p2a: Mimikyu|[anim] Ivy Cudgel Water
|-damage|p2a: Mimikyu|0 fnt
|faint|p2a: Mimikyu
|
|upkeep
|
|t:|1776086016
|switch|p2a: Bisharp|Bisharp, F|100/100
|turn|22
|
|t:|1776086020
|move|p1a: Ogerpon|Ivy Cudgel|p2a: Bisharp|[anim] Ivy Cudgel Water
|-damage|p2a: Bisharp|49/100
|move|p2a: Bisharp|Swords Dance|p2a: Bisharp
|-boost|p2a: Bisharp|atk|2
|
|upkeep
|turn|23
|
|t:|1776086026
|move|p2a: Bisharp|Sucker Punch|p1a: Ogerpon
|-damage|p1a: Ogerpon|0 fnt
|faint|p1a: Ogerpon
|
|upkeep
|
|t:|1776086032
|switch|p1a: Raging Bolt|Raging Bolt|100/100
|-activate|p1a: Raging Bolt|move: Sticky Web
|-unboost|p1a: Raging Bolt|spe|1
|-enditem|p1a: Raging Bolt|Booster Energy
|-activate|p1a: Raging Bolt|ability: Protosynthesis|[fromitem]
|-start|p1a: Raging Bolt|protosynthesisspa
|turn|24
|
|t:|1776086039
|move|p1a: Raging Bolt|Thunderclap|p2a: Bisharp
|-crit|p2a: Bisharp
|-damage|p2a: Bisharp|0 fnt
|faint|p2a: Bisharp
|
|win|klekim
|raw|klekim's rating: 1305 &rarr; <strong>1324</strong><br />(+19 for winning)
|raw|Tanato23's rating: 1295 &rarr; <strong>1271</strong><br />(-24 for losing)
