|html|<div class="broadcast-blue"><strong>[Gen 9] OU is currently suspecting Tera Blast! For information on how to participate check out the <a href="https://www.smogon.com/tools/suspects/view/200">suspect thread</a>.</strong></div>
|j|☆ufayy
|j|‽thatbritishmallard
|t:|1776070691
|gametype|singles
|player|p1|ufayy|1|1128
|player|p2|thatbritishmallard|170|1115
|gen|9
|tier|[Gen 9] OU
|rated|
|rule|HP Percentage Mod: HP is shown in percentages
|rule|Endless Battle Clause: Forcing endless battles is banned
|rule|Species Clause: Limit one of each Pokémon
|rule|OHKO Clause: OHKO moves are banned
|rule|Evasion Items Clause: Evasion items are banned
|rule|Evasion Moves Clause: Evasion moves are banned
|rule|Evasion Abilities Clause: Evasion abilities are banned
|rule|Sleep Moves Clause: Sleep-inducing moves are banned
|clearpoke
|poke|p1|Brute Bonnet|
|poke|p1|Ceruledge, F|
|poke|p1|Gliscor, M|
|poke|p1|Hatterene, F|
|poke|p1|Rotom-Wash|
|poke|p1|Slither Wing|
|poke|p2|Glimmora, M|
|poke|p2|Great Tusk|
|poke|p2|Corviknight, M|
|poke|p2|Dragapult, M|
|poke|p2|Toxapex, M|
|poke|p2|Kingambit, F|
|teampreview
|
|t:|1776070694
|teamsize|p1|6
|teamsize|p2|6
|start
|switch|p1a: Hatterene|Hatterene, F|100/100
|switch|p2a: Glimmora|Glimmora, M|100/100
|turn|1
|
|t:|1776070699
|move|p2a: Glimmora|Mortal Spin|p1a: Hatterene
|-supereffective|p1a: Hatterene
|-damage|p1a: Hatterene|86/100
|-status|p1a: Hatterene|psn
|move|p1a: Hatterene|Thunder Wave|p2a: Glimmora
|-status|p2a: Glimmora|par
|
|-damage|p1a: Hatterene|73/100 psn|[from] psn
|upkeep
|turn|2
|
|t:|1776070713
|switch|p2a: Corviknight|Corviknight, M|100/100
|move|p1a: Hatterene|Psychic Noise|p2a: Corviknight
|-resisted|p2a: Corviknight
|-damage|p2a: Corviknight|83/100
|-start|p2a: Corviknight|move: Heal Block
|
|-damage|p1a: Hatterene|61/100 psn|[from] psn
|upkeep
|turn|3
|
|t:|1776070725
|switch|p1a: Rotom|Rotom-Wash|100/100
|move|p2a: Corviknight|Steel Wing|p1a: Rotom
|-resisted|p1a: Rotom
|-damage|p1a: Rotom|90/100
|
|-heal|p1a: Rotom|96/100|[from] item: Leftovers
|-end|p2a: Corviknight|move: Heal Block
|upkeep
|turn|4
|
|t:|1776070743
|switch|p2a: Great Tusk|Great Tusk|100/100
|-enditem|p2a: Great Tusk|Booster Energy
|-activate|p2a: Great Tusk|ability: Protosynthesis|[fromitem]
|-start|p2a: Great Tusk|protosynthesisspe
|move|p1a: Rotom|Hydro Pump|p2a: Great Tusk
|-supereffective|p2a: Great Tusk
|-damage|p2a: Great Tusk|0 fnt
|faint|p2a: Great Tusk
|-end|p2a: Great Tusk|Protosynthesis|[silent]
|
|-heal|p1a: Rotom|100/100|[from] item: Leftovers
|upkeep
|
|t:|1776070754
|switch|p2a: Glimmora|Glimmora, M|100/100 par
|turn|5
|
|t:|1776070763
|switch|p1a: Hatterene|Hatterene, F|61/100 psn
|move|p2a: Glimmora|Earth Power|p1a: Hatterene
|-damage|p1a: Hatterene|35/100 psn
|
|-damage|p1a: Hatterene|23/100 psn|[from] psn
|upkeep
|turn|6
|
|t:|1776070777
|switch|p1a: Rotom|Rotom-Wash|100/100
|cant|p2a: Glimmora|par
|
|upkeep
|turn|7
|
|t:|1776070782
|move|p1a: Rotom|Hydro Pump|p2a: Glimmora
|-supereffective|p2a: Glimmora
|-enditem|p2a: Glimmora|Focus Sash
|-damage|p2a: Glimmora|1/100 par
|move|p2a: Glimmora|Mortal Spin|p1a: Rotom
|-damage|p1a: Rotom|93/100
|-status|p1a: Rotom|psn
|
|-heal|p1a: Rotom|99/100 psn|[from] item: Leftovers
|-damage|p1a: Rotom|86/100 psn|[from] psn
|upkeep
|turn|8
|
|t:|1776070793
|move|p1a: Rotom|Thunderbolt|p2a: Glimmora
|-damage|p2a: Glimmora|0 fnt
|faint|p2a: Glimmora
|
|-heal|p1a: Rotom|93/100 psn|[from] item: Leftovers
|-damage|p1a: Rotom|80/100 psn|[from] psn
|upkeep
|
|t:|1776070799
|switch|p2a: Dragapult|Dragapult, M|100/100
|turn|9
|
|t:|1776070824
|move|p2a: Dragapult|Shadow Ball|p1a: Rotom
|-damage|p1a: Rotom|44/100 psn
|-damage|p2a: Dragapult|91/100|[from] item: Life Orb
|move|p1a: Rotom|Will-O-Wisp|p2a: Dragapult
|-status|p2a: Dragapult|brn
|
|-heal|p1a: Rotom|50/100 psn|[from] item: Leftovers
|-damage|p1a: Rotom|38/100 psn|[from] psn
|-damage|p2a: Dragapult|85/100 brn|[from] brn
|upkeep
|turn|10
|
|t:|1776070840
|switch|p1a: Brute Bonnet|Brute Bonnet|100/100
|-enditem|p1a: Brute Bonnet|Booster Energy
|-activate|p1a: Brute Bonnet|ability: Protosynthesis|[fromitem]
|-start|p1a: Brute Bonnet|protosynthesisatk
|move|p2a: Dragapult|Shadow Ball|p1a: Brute Bonnet
|-resisted|p1a: Brute Bonnet
|-damage|p1a: Brute Bonnet|85/100
|-unboost|p1a: Brute Bonnet|spd|1
|-damage|p2a: Dragapult|75/100 brn|[from] item: Life Orb
|
|-damage|p2a: Dragapult|69/100 brn|[from] brn
|upkeep
|turn|11
|
|t:|1776070853
|move|p2a: Dragapult|Dragon Darts|p1a: Brute Bonnet
|-damage|p1a: Brute Bonnet|71/100
|-anim|p2a: Dragapult|Dragon Darts|p1a: Brute Bonnet
|-damage|p1a: Brute Bonnet|57/100
|-damage|p2a: Dragapult|59/100 brn|[from] item: Life Orb
|move|p1a: Brute Bonnet|Crunch|p2a: Dragapult
|-supereffective|p2a: Dragapult
|-damage|p2a: Dragapult|0 fnt
|faint|p2a: Dragapult
|
|upkeep
|
|t:|1776070866
|switch|p2a: Corviknight|Corviknight, M|83/100
|turn|12
|
|t:|1776070873
|-end|p1a: Brute Bonnet|Protosynthesis|[silent]
|switch|p1a: Hatterene|Hatterene, F|23/100 psn
|move|p2a: Corviknight|Drill Peck|p1a: Hatterene
|-damage|p1a: Hatterene|0 fnt
|faint|p1a: Hatterene
|
|-heal|p2a: Corviknight|89/100|[from] item: Leftovers
|upkeep
|
|t:|1776070890
|switch|p1a: Gliscor|Gliscor, M|100/100
|turn|13
|
|t:|1776070899
|move|p1a: Gliscor|Swords Dance|p1a: Gliscor
|-boost|p1a: Gliscor|atk|2
|move|p2a: Corviknight|Taunt|p1a: Gliscor
|-start|p1a: Gliscor|move: Taunt
|
|-heal|p2a: Corviknight|95/100|[from] item: Leftovers
|-status|p1a: Gliscor|tox|[from] item: Toxic Orb
|upkeep
|turn|14
|
|t:|1776070908
|move|p1a: Gliscor|Knock Off|p2a: Corviknight
|-damage|p2a: Corviknight|45/100
|-enditem|p2a: Corviknight|Leftovers|[from] move: Knock Off|[of] p1a: Gliscor
|move|p2a: Corviknight|Drill Peck|p1a: Gliscor
|-damage|p1a: Gliscor|74/100 tox
|
|-heal|p1a: Gliscor|86/100 tox|[from] ability: Poison Heal
|upkeep
|turn|15
|
|t:|1776070919
|move|p1a: Gliscor|Knock Off|p2a: Corviknight
|-damage|p2a: Corviknight|10/100
|move|p2a: Corviknight|Drill Peck|p1a: Gliscor
|-damage|p1a: Gliscor|59/100 tox
|
|-heal|p1a: Gliscor|71/100 tox|[from] ability: Poison Heal
|upkeep
|turn|16
|
|t:|1776070926
|move|p1a: Gliscor|Knock Off|p2a: Corviknight
|-damage|p2a: Corviknight|0 fnt
|faint|p2a: Corviknight
|
|-heal|p1a: Gliscor|84/100 tox|[from] ability: Poison Heal
|-end|p1a: Gliscor|move: Taunt
|upkeep
|
|t:|1776070933
|switch|p2a: Toxapex|Toxapex, M|100/100
|turn|17
|
|t:|1776070946
|move|p1a: Gliscor|Knock Off|p2a: Toxapex
|-damage|p2a: Toxapex|67/100
|-enditem|p2a: Toxapex|Leftovers|[from] move: Knock Off|[of] p1a: Gliscor
|move|p2a: Toxapex|Surf|p1a: Gliscor
|-supereffective|p1a: Gliscor
|-damage|p1a: Gliscor|23/100 tox
|
|-heal|p1a: Gliscor|36/100 tox|[from] ability: Poison Heal
|upkeep
|turn|18
|
|t:|1776070956
|move|p1a: Gliscor|Dual Wingbeat|p2a: Toxapex
|-damage|p2a: Toxapex|45/100
|-damage|p2a: Toxapex|21/100
|-hitcount|p2a: Toxapex|2
|move|p2a: Toxapex|Surf|p1a: Gliscor
|-supereffective|p1a: Gliscor
|-crit|p1a: Gliscor
|-damage|p1a: Gliscor|0 fnt
|faint|p1a: Gliscor
|
|upkeep
|
|t:|1776070965
|switch|p1a: Rotom|Rotom-Wash|38/100 psn
|turn|19
|
|t:|1776070978
|move|p2a: Toxapex|Baneful Bunker|p2a: Toxapex
|-singleturn|p2a: Toxapex|move: Protect
|move|p1a: Rotom|Thunderbolt|p2a: Toxapex
|-activate|p2a: Toxapex|move: Protect
|
|-heal|p1a: Rotom|44/100 psn|[from] item: Leftovers
|-damage|p1a: Rotom|32/100 psn|[from] psn
|upkeep
|turn|20
|
|t:|1776071003
|-terastallize|p2a: Toxapex|Fairy
|move|p1a: Rotom|Thunderbolt|p2a: Toxapex
|-damage|p2a: Toxapex|0 fnt
|faint|p2a: Toxapex
|
|-heal|p1a: Rotom|38/100 psn|[from] item: Leftovers
|-damage|p1a: Rotom|26/100 psn|[from] psn
|upkeep
|
|t:|1776071010
|switch|p2a: Kingambit|Kingambit, F|100/100
|-activate|p2a: Kingambit|ability: Supreme Overlord
|-start|p2a: Kingambit|fallen5|[silent]
|turn|21
|
|t:|1776071015
|move|p2a: Kingambit|Sucker Punch||[still]
|-fail|p2a: Kingambit
|move|p1a: Rotom|Will-O-Wisp|p2a: Kingambit
|-status|p2a: Kingambit|brn
|
|-heal|p1a: Rotom|32/100 psn|[from] item: Leftovers
|-damage|p1a: Rotom|20/100 psn|[from] psn
|-damage|p2a: Kingambit|94/100 brn|[from] brn
|upkeep
|turn|22
|
|t:|1776071024
|move|p1a: Rotom|Thunderbolt|p2a: Kingambit
|-damage|p2a: Kingambit|53/100 brn
|move|p2a: Kingambit|Kowtow Cleave|p1a: Rotom
|-damage|p1a: Rotom|0 fnt
|faint|p1a: Rotom
|
|-heal|p2a: Kingambit|60/100 brn|[from] item: Leftovers
|-damage|p2a: Kingambit|53/100 brn|[from] brn
|upkeep
|
|t:|1776071030
|switch|p1a: Slither Wing|Slither Wing|100/100
|-enditem|p1a: Slither Wing|Booster Energy
|-activate|p1a: Slither Wing|ability: Protosynthesis|[fromitem]
|-start|p1a: Slither Wing|protosynthesisatk
|turn|23
|
|t:|1776071043
|move|p1a: Slither Wing|First Impression|p2a: Kingambit
|-damage|p2a: Kingambit|4/100 brn
|move|p2a: Kingambit|Iron Head|p1a: Slither Wing
|-damage|p1a: Slither Wing|63/100
|
|-heal|p2a: Kingambit|11/100 brn|[from] item: Leftovers
|-damage|p2a: Kingambit|4/100 brn|[from] brn
|upkeep
|turn|24
|
|t:|1776071051
|move|p2a: Kingambit|Sucker Punch|p1a: Slither Wing
|-resisted|p1a: Slither Wing
|-damage|p1a: Slither Wing|48/100
|move|p1a: Slither Wing|Leech Life|p2a: Kingambit
|-damage|p2a: Kingambit|0 fnt
|-heal|p1a: Slither Wing|50/100|[from] drain|[of] p2a: Kingambit
|faint|p2a: Kingambit
|-end|p2a: Kingambit|fallen5|[silent]
|
|win|ufayy
|raw|ufayy's rating: 1128 &rarr; <strong>1152</strong><br />(+24 for winning)
|raw|thatbritishmallard's rating: 1115 &rarr; <strong>1091</strong><br />(-24 for losing)
|l|‽thatbritishmallard
|player|p2|
|l|☆ufayy
|player|p1|
