|html|<div class="broadcast-blue"><strong>[Gen 9] OU is currently suspecting Tera Blast! For information on how to participate check out the <a href="https://www.smogon.com/tools/suspects/view/200">suspect thread</a>.</strong></div>
|j|☆fajita squad
|j|☆mamabama
|t:|1776110735
|gametype|singles
|player|p1|fajita squad|elesa|1563
|player|p2|mamabama|170|1557
|gen|9
|tier|[Gen 9] OU
|rated|
|rule|HP Percentage Mod: HP is shown in percentages
|rule|Endless Battle Clause: Forcing endless battles is banned
|rule|Species Clause: Limit one of each Pokémon
|rule|OHKO Clause: OHKO moves are banned
|rule|Evasion Items Clause: Evasion items are banned
|rule|Evasion Moves Clause: Evasion moves are banned
|rule|Evasion Abilities Clause: Evasion abilities are banned
|rule|Sleep Moves Clause: Sleep-inducing moves are banned
|clearpoke
|poke|p1|Darkrai|
|poke|p1|Garchomp, M|
|poke|p1|Great Tusk|
|poke|p1|Moltres|
|poke|p1|Ogerpon-Wellspring, F|
|poke|p1|Pecharunt|
|poke|p2|Greninja-*, M|
|poke|p2|Ninetales-Alola, M|
|poke|p2|Garchomp, F|
|poke|p2|Gholdengo|
|poke|p2|Glimmora, M|
|poke|p2|Conkeldurr, F|
|teampreview
|j| ohko_smeargle
|
|t:|1776110756
|teamsize|p1|6
|teamsize|p2|6
|start
|switch|p1a: Ogerpon|Ogerpon-Wellspring, F|100/100
|switch|p2a: Conkeldurr|Conkeldurr, F|100/100
|turn|1
|inactive|Battle timer is ON: inactive players will automatically lose when time's up. (requested by fajita squad)
|
|t:|1776110761
|move|p1a: Ogerpon|U-turn|p2a: Conkeldurr
|-resisted|p2a: Conkeldurr
|-damage|p2a: Conkeldurr|86/100
|
|t:|1776110764
|switch|p1a: Garchomp|Garchomp, M|100/100|[from] U-turn
|move|p2a: Conkeldurr|Poison Jab|p1a: Garchomp
|-resisted|p1a: Garchomp
|-damage|p1a: Garchomp|85/100
|-damage|p2a: Conkeldurr|74/100|[from] ability: Rough Skin|[of] p1a: Garchomp
|-damage|p2a: Conkeldurr|57/100|[from] item: Rocky Helmet|[of] p1a: Garchomp
|
|upkeep
|turn|2
|
|t:|1776110767
|move|p1a: Garchomp|Stealth Rock|p2a: Conkeldurr
|-sidestart|p2: mamabama|move: Stealth Rock
|move|p2a: Conkeldurr|Ice Punch|p1a: Garchomp
|-supereffective|p1a: Garchomp
|-damage|p1a: Garchomp|0 fnt
|-damage|p2a: Conkeldurr|45/100|[from] ability: Rough Skin|[of] p1a: Garchomp
|-damage|p2a: Conkeldurr|28/100|[from] item: Rocky Helmet|[of] p1a: Garchomp
|faint|p1a: Garchomp
|
|upkeep
|
|t:|1776110779
|switch|p1a: Pecharunt|Pecharunt|100/100
|turn|3
|
|t:|1776110782
|move|p1a: Pecharunt|Malignant Chain|p2a: Conkeldurr
|-damage|p2a: Conkeldurr|0 fnt
|faint|p2a: Conkeldurr
|
|upkeep
|
|t:|1776110789
|switch|p2a: Glimmora|Glimmora, M|100/100
|-damage|p2a: Glimmora|88/100|[from] Stealth Rock
|-item|p2a: Glimmora|Air Balloon
|turn|4
|
|t:|1776110799
|move|p2a: Glimmora|Mortal Spin|p1a: Pecharunt
|-resisted|p1a: Pecharunt
|-damage|p1a: Pecharunt|99/100
|-sideend|p2: mamabama|Stealth Rock|[from] move: Mortal Spin|[of] p2a: Glimmora
|move|p1a: Pecharunt|Parting Shot|p2a: Glimmora
|-unboost|p2a: Glimmora|atk|1
|-unboost|p2a: Glimmora|spa|1
|
|t:|1776110815
|switch|p1a: Ogerpon|Ogerpon-Wellspring, F|100/100|[from] Parting Shot
|
|upkeep
|turn|5
|
|t:|1776110820
|move|p1a: Ogerpon|Ivy Cudgel|p2a: Glimmora|[anim] Ivy Cudgel Water
|-supereffective|p2a: Glimmora
|-crit|p2a: Glimmora
|-damage|p2a: Glimmora|0 fnt
|-activate|p2a: Glimmora|ability: Toxic Debris
|-sidestart|p1: fajita squad|move: Toxic Spikes
|-enditem|p2a: Glimmora|Air Balloon
|faint|p2a: Glimmora
|
|upkeep
|
|t:|1776110823
|switch|p2a: Ninetales|Ninetales-Alola, M|100/100
|-weather|Snowscape|[from] ability: Snow Warning|[of] p2a: Ninetales
|turn|6
|
|t:|1776110830
|move|p2a: Ninetales|Freeze-Dry|p1a: Ogerpon
|-supereffective|p1a: Ogerpon
|-damage|p1a: Ogerpon|0 fnt
|faint|p1a: Ogerpon
|
|-weather|Snowscape|[upkeep]
|upkeep
|
|t:|1776110835
|switch|p1a: Pecharunt|Pecharunt|99/100
|-sideend|p1: fajita squad|move: Toxic Spikes|[of] p1a: Pecharunt
|turn|7
|
|t:|1776110842
|switch|p2a: Garchomp|Garchomp, F|100/100
|move|p1a: Pecharunt|Hex|p2a: Garchomp
|-damage|p2a: Garchomp|80/100
|
|-weather|Snowscape|[upkeep]
|upkeep
|turn|8
|
|t:|1776110848
|switch|p2a: Gholdengo|Gholdengo|100/100
|move|p1a: Pecharunt|Malignant Chain|p2a: Gholdengo
|-immune|p2a: Gholdengo
|
|-weather|Snowscape|[upkeep]
|upkeep
|turn|9
|
|t:|1776110853
|switch|p1a: Moltres|Moltres|100/100
|move|p2a: Gholdengo|Shadow Ball|p1a: Moltres
|-damage|p1a: Moltres|73/100
|
|-weather|Snowscape|[upkeep]
|upkeep
|turn|10
|
|t:|1776110863
|switch|p2a: Garchomp|Garchomp, F|80/100
|move|p1a: Moltres|Flamethrower|p2a: Garchomp
|-resisted|p2a: Garchomp
|-damage|p2a: Garchomp|63/100
|
|-weather|none
|upkeep
|turn|11
|
|t:|1776110873
|move|p2a: Garchomp|Stealth Rock|p1a: Moltres
|-sidestart|p1: fajita squad|move: Stealth Rock
|move|p1a: Moltres|Flamethrower|p2a: Garchomp
|-resisted|p2a: Garchomp
|-damage|p2a: Garchomp|42/100
|-status|p2a: Garchomp|brn
|
|-damage|p2a: Garchomp|35/100 brn|[from] brn
|upkeep
|turn|12
|
|t:|1776110876
|move|p1a: Moltres|Roost|p1a: Moltres
|-heal|p1a: Moltres|100/100
|-singleturn|p1a: Moltres|move: Roost
|move|p2a: Garchomp|Dragon Tail|p1a: Moltres
|-damage|p1a: Moltres|89/100
|drag|p1a: Great Tusk|Great Tusk|100/100
|
|-damage|p2a: Garchomp|29/100 brn|[from] brn
|upkeep
|turn|13
|
|t:|1776110885
|switch|p2a: Ninetales|Ninetales-Alola, M|100/100
|-weather|Snowscape|[from] ability: Snow Warning|[of] p2a: Ninetales
|move|p1a: Great Tusk|Rapid Spin|p2a: Ninetales
|-damage|p2a: Ninetales|84/100
|-boost|p1a: Great Tusk|spe|1
|-sideend|p1: fajita squad|Stealth Rock|[from] move: Rapid Spin|[of] p1a: Great Tusk
|
|-weather|Snowscape|[upkeep]
|upkeep
|turn|14
|j| kirbyphoenix25
|
|t:|1776110901
|-terastallize|p1a: Great Tusk|Fire
|move|p2a: Ninetales|Moonblast|p1a: Great Tusk
|-resisted|p1a: Great Tusk
|-crit|p1a: Great Tusk
|-damage|p1a: Great Tusk|60/100
|-unboost|p1a: Great Tusk|spa|1
|move|p1a: Great Tusk|Temper Flare|p2a: Ninetales
|-supereffective|p2a: Ninetales
|-damage|p2a: Ninetales|0 fnt
|faint|p2a: Ninetales
|
|-weather|Snowscape|[upkeep]
|upkeep
|
|t:|1776110906
|switch|p2a: Greninja|Greninja, M|100/100
|turn|15
|
|t:|1776110909
|move|p2a: Greninja|Water Shuriken|p1a: Great Tusk
|-supereffective|p1a: Great Tusk
|-damage|p1a: Great Tusk|38/100
|-supereffective|p1a: Great Tusk
|-damage|p1a: Great Tusk|14/100
|-supereffective|p1a: Great Tusk
|-damage|p1a: Great Tusk|0 fnt
|faint|p1a: Great Tusk
|-end|p1a: Great Tusk|Protosynthesis|[silent]
|-ability|p2a: Greninja|Battle Bond|boost
|-boost|p2a: Greninja|atk|1
|-boost|p2a: Greninja|spa|1
|-boost|p2a: Greninja|spe|1
|-activate|p2a: Greninja|ability: Battle Bond
|-hitcount|p1: Great Tusk|3
|
|-weather|Snowscape|[upkeep]
|upkeep
|
|t:|1776110913
|switch|p1a: Darkrai|Darkrai, shiny|100/100
|turn|16
|
|t:|1776110916
|-terastallize|p2a: Greninja|Fighting
|move|p2a: Greninja|Tera Blast|p1a: Darkrai|[anim] Tera Blast Fighting
|-supereffective|p1a: Darkrai
|-damage|p1a: Darkrai|0 fnt
|faint|p1a: Darkrai
|
|-weather|Snowscape|[upkeep]
|upkeep
|
|t:|1776110920
|switch|p1a: Pecharunt|Pecharunt|99/100
|turn|17
|
|t:|1776110921
|move|p2a: Greninja|Dark Pulse|p1a: Pecharunt
|-supereffective|p1a: Pecharunt
|-damage|p1a: Pecharunt|0 fnt
|faint|p1a: Pecharunt
|
|-weather|none
|upkeep
|-message|fajita squad forfeited.
|
|win|mamabama
|raw|fajita squad's rating: 1563 &rarr; <strong>1543</strong><br />(-20 for losing)
|raw|mamabama's rating: 1557 &rarr; <strong>1577</strong><br />(+20 for winning)
|l|☆fajita squad
|player|p1|
|l| ohko_smeargle
|l|☆mamabama
|player|p2|
