|html|<div class="broadcast-blue"><strong>[Gen 9] OU is currently suspecting Tera Blast! For information on how to participate check out the <a href="https://www.smogon.com/tools/suspects/view/200">suspect thread</a>.</strong></div>
|j|☆leontief47
|j|☆Nutts B Hanginlow
|t:|1776104991
|gametype|singles
|player|p1|leontief47|clerk|1653
|player|p2|Nutts B Hanginlow|ingo-hisui|1639
|gen|9
|tier|[Gen 9] OU
|rated|
|rule|HP Percentage Mod: HP is shown in percentages
|rule|Endless Battle Clause: Forcing endless battles is banned
|rule|Species Clause: Limit one of each Pokémon
|rule|OHKO Clause: OHKO moves are banned
|rule|Evasion Items Clause: Evasion items are banned
|rule|Evasion Moves Clause: Evasion moves are banned
|rule|Evasion Abilities Clause: Evasion abilities are banned
|rule|Sleep Moves Clause: Sleep-inducing moves are banned
|clearpoke
|poke|p1|Rillaboom, F|
|poke|p1|Raging Bolt|
|poke|p1|Hawlucha, F|
|poke|p1|Zamazenta-*|
|poke|p1|Ogerpon-Cornerstone, F|
|poke|p1|Iron Treads|
|poke|p2|Zapdos|
|poke|p2|Moltres|
|poke|p2|Articuno-Galar|
|poke|p2|Hatterene, F|
|poke|p2|Kingambit, F|
|poke|p2|Great Tusk|
|teampreview
|inactive|Battle timer is ON: inactive players will automatically lose when time's up. (requested by Nutts B Hanginlow)
|j| ohko_smeargle
|j| ddgfdhad
|
|t:|1776105004
|teamsize|p1|6
|teamsize|p2|6
|start
|switch|p1a: Iron Treads|Iron Treads|100/100
|switch|p2a: Moltres|Moltres|100/100
|-enditem|p1a: Iron Treads|Booster Energy
|-activate|p1a: Iron Treads|ability: Quark Drive|[fromitem]
|-start|p1a: Iron Treads|quarkdrivespe
|turn|1
|
|t:|1776105009
|move|p1a: Iron Treads|Stealth Rock|p2a: Moltres
|-sidestart|p2: Nutts B Hanginlow|move: Stealth Rock
|move|p2a: Moltres|Flamethrower|p1a: Iron Treads
|-supereffective|p1a: Iron Treads
|-damage|p1a: Iron Treads|1/100
|
|upkeep
|turn|2
|
|t:|1776105015
|move|p1a: Iron Treads|Steel Beam|p2a: Moltres
|-resisted|p2a: Moltres
|-damage|p2a: Moltres|75/100
|-damage|p1a: Iron Treads|0 fnt|[from] steelbeam
|faint|p1a: Iron Treads
|-end|p1a: Iron Treads|Quark Drive|[silent]
|move|p2a: Moltres|Roost|p2a: Moltres
|-heal|p2a: Moltres|100/100
|-singleturn|p2a: Moltres|move: Roost
|
|upkeep
|c| ddgfdhad|3 birbs is kinda epic
|
|t:|1776105021
|switch|p1a: Ogerpon|Ogerpon-Cornerstone, F|100/100
|turn|3
|
|t:|1776105024
|switch|p2a: Great Tusk|Great Tusk|100/100
|-damage|p2a: Great Tusk|98/100|[from] Stealth Rock
|-enditem|p2a: Great Tusk|Booster Energy
|-activate|p2a: Great Tusk|ability: Protosynthesis|[fromitem]
|-start|p2a: Great Tusk|protosynthesisspe
|move|p1a: Ogerpon|Ivy Cudgel|p2a: Great Tusk|[anim] Ivy Cudgel Rock
|-resisted|p2a: Great Tusk
|-damage|p2a: Great Tusk|88/100
|
|upkeep
|turn|4
|
|t:|1776105031
|move|p2a: Great Tusk|Rapid Spin|p1a: Ogerpon
|-resisted|p1a: Ogerpon
|-damage|p1a: Ogerpon|91/100
|-boost|p2a: Great Tusk|spe|1
|-sideend|p2: Nutts B Hanginlow|Stealth Rock|[from] move: Rapid Spin|[of] p2a: Great Tusk
|move|p1a: Ogerpon|Power Whip|p2a: Great Tusk|[miss]
|-miss|p1a: Ogerpon|p2a: Great Tusk
|
|upkeep
|turn|5
|
|t:|1776105035
|switch|p1a: Rillaboom|Rillaboom, F|100/100
|-fieldstart|move: Grassy Terrain|[from] ability: Grassy Surge|[of] p1a: Rillaboom
|move|p2a: Great Tusk|Bulk Up|p2a: Great Tusk
|-boost|p2a: Great Tusk|atk|1
|-boost|p2a: Great Tusk|def|1
|
|-heal|p2a: Great Tusk|95/100|[from] Grassy Terrain
|upkeep
|turn|6
|
|t:|1776105041
|-terastallize|p2a: Great Tusk|Fire
|move|p2a: Great Tusk|Bulk Up|p2a: Great Tusk
|-boost|p2a: Great Tusk|atk|1
|-boost|p2a: Great Tusk|def|1
|move|p1a: Rillaboom|U-turn|p2a: Great Tusk
|-resisted|p2a: Great Tusk
|-damage|p2a: Great Tusk|90/100
|
|t:|1776105044
|switch|p1a: Hawlucha|Hawlucha, F|100/100|[from] U-turn
|-enditem|p1a: Hawlucha|Grassy Seed
|-boost|p1a: Hawlucha|def|1|[from] item: Grassy Seed
|
|-heal|p2a: Great Tusk|97/100|[from] Grassy Terrain
|upkeep
|turn|7
|
|t:|1776105046
|move|p2a: Great Tusk|Rock Slide|p1a: Hawlucha
|-damage|p1a: Hawlucha|63/100
|move|p1a: Hawlucha|Encore|p2a: Great Tusk
|-start|p2a: Great Tusk|Encore
|
|-heal|p2a: Great Tusk|100/100|[from] Grassy Terrain
|upkeep
|turn|8
|
|t:|1776105051
|move|p2a: Great Tusk|Rock Slide|p1a: Hawlucha
|-damage|p1a: Hawlucha|26/100
|move|p1a: Hawlucha|Swords Dance|p1a: Hawlucha
|-boost|p1a: Hawlucha|atk|2
|
|upkeep
|turn|9
|
|t:|1776105053
|move|p2a: Great Tusk|Rock Slide|p1a: Hawlucha
|-damage|p1a: Hawlucha|0 fnt
|faint|p1a: Hawlucha
|
|upkeep
|
|t:|1776105056
|switch|p1a: Raging Bolt|Raging Bolt|100/100
|-enditem|p1a: Raging Bolt|Grassy Seed
|-boost|p1a: Raging Bolt|def|1|[from] item: Grassy Seed
|turn|10
|c|☆Nutts B Hanginlow|?
|
|t:|1776105059
|move|p2a: Great Tusk|Rock Slide|p1a: Raging Bolt
|-damage|p1a: Raging Bolt|77/100
|move|p1a: Raging Bolt|Thunderbolt|p2a: Great Tusk
|-damage|p2a: Great Tusk|40/100
|
|-heal|p2a: Great Tusk|47/100|[from] Grassy Terrain
|-heal|p1a: Raging Bolt|83/100|[from] Grassy Terrain
|-end|p2a: Great Tusk|Encore
|upkeep
|turn|11
|
|t:|1776105065
|-terastallize|p1a: Raging Bolt|Fairy
|move|p2a: Great Tusk|Bulk Up|p2a: Great Tusk
|-boost|p2a: Great Tusk|atk|1
|-boost|p2a: Great Tusk|def|1
|move|p1a: Raging Bolt|Thunderbolt|p2a: Great Tusk
|-damage|p2a: Great Tusk|0 fnt
|faint|p2a: Great Tusk
|-end|p2a: Great Tusk|Protosynthesis|[silent]
|
|-heal|p1a: Raging Bolt|89/100|[from] Grassy Terrain
|upkeep
|
|t:|1776105069
|switch|p2a: Kingambit|Kingambit, F|100/100
|-activate|p2a: Kingambit|ability: Supreme Overlord
|-start|p2a: Kingambit|fallen1|[silent]
|turn|12
|
|t:|1776105071
|move|p1a: Raging Bolt|Thunderbolt|p2a: Kingambit
|-damage|p2a: Kingambit|43/100
|move|p2a: Kingambit|Iron Head|p1a: Raging Bolt
|-supereffective|p1a: Raging Bolt
|-damage|p1a: Raging Bolt|37/100
|
|-heal|p1a: Raging Bolt|43/100|[from] Grassy Terrain
|-heal|p2a: Kingambit|49/100|[from] Grassy Terrain
|-heal|p2a: Kingambit|56/100|[from] item: Leftovers
|-fieldend|move: Grassy Terrain
|upkeep
|turn|13
|
|t:|1776105081
|-end|p2a: Kingambit|fallen1|[silent]
|switch|p2a: Hatterene|Hatterene, F|100/100
|move|p1a: Raging Bolt|Thunderbolt|p2a: Hatterene
|-damage|p2a: Hatterene|53/100
|-status|p2a: Hatterene|par
|
|upkeep
|turn|14
|
|t:|1776105083
|move|p1a: Raging Bolt|Thunderbolt|p2a: Hatterene
|-damage|p2a: Hatterene|0 fnt
|faint|p2a: Hatterene
|
|upkeep
|
|t:|1776105089
|switch|p2a: Zapdos|Zapdos|100/100
|turn|15
|
|t:|1776105092
|move|p2a: Zapdos|Hurricane|p1a: Raging Bolt|[miss]
|-miss|p2a: Zapdos|p1a: Raging Bolt
|move|p1a: Raging Bolt|Thunderbolt|p2a: Zapdos
|-damage|p2a: Zapdos|67/100
|
|upkeep
|turn|16
|
|t:|1776105098
|move|p2a: Zapdos|Thunder Wave|p1a: Raging Bolt
|-status|p1a: Raging Bolt|par
|move|p1a: Raging Bolt|Thunderbolt|p2a: Zapdos
|-damage|p2a: Zapdos|34/100
|
|upkeep
|turn|17
|
|t:|1776105101
|move|p2a: Zapdos|Roost|p2a: Zapdos
|-heal|p2a: Zapdos|84/100
|-singleturn|p2a: Zapdos|move: Roost
|move|p1a: Raging Bolt|Dragon Pulse|p2a: Zapdos
|-damage|p2a: Zapdos|53/100
|
|upkeep
|turn|18
|
|t:|1776105106
|move|p2a: Zapdos|Hurricane|p1a: Raging Bolt|[miss]
|-miss|p2a: Zapdos|p1a: Raging Bolt
|move|p1a: Raging Bolt|Thunderbolt|p2a: Zapdos
|-damage|p2a: Zapdos|20/100
|
|upkeep
|turn|19
|
|t:|1776105110
|move|p2a: Zapdos|Roost|p2a: Zapdos
|-heal|p2a: Zapdos|70/100
|-singleturn|p2a: Zapdos|move: Roost
|move|p1a: Raging Bolt|Thunderbolt|p2a: Zapdos
|-resisted|p2a: Zapdos
|-crit|p2a: Zapdos
|-damage|p2a: Zapdos|43/100
|
|upkeep
|turn|20
|
|t:|1776105112
|move|p2a: Zapdos|Roost|p2a: Zapdos
|-heal|p2a: Zapdos|93/100
|-singleturn|p2a: Zapdos|move: Roost
|cant|p1a: Raging Bolt|par
|
|upkeep
|turn|21
|
|t:|1776105114
|move|p2a: Zapdos|Volt Switch|p1a: Raging Bolt
|-damage|p1a: Raging Bolt|20/100 par
|
|t:|1776105117
|switch|p2a: Kingambit|Kingambit, F|56/100|[from] Volt Switch
|-activate|p2a: Kingambit|ability: Supreme Overlord
|-start|p2a: Kingambit|fallen2|[silent]
|cant|p1a: Raging Bolt|par
|
|-heal|p2a: Kingambit|62/100|[from] item: Leftovers
|upkeep
|turn|22
|
|t:|1776105122
|move|p2a: Kingambit|Sucker Punch|p1a: Raging Bolt
|-resisted|p1a: Raging Bolt
|-damage|p1a: Raging Bolt|6/100 par
|cant|p1a: Raging Bolt|par
|
|-heal|p2a: Kingambit|68/100|[from] item: Leftovers
|upkeep
|turn|23
|
|t:|1776105125
|move|p2a: Kingambit|Sucker Punch|p1a: Raging Bolt
|-resisted|p1a: Raging Bolt
|-damage|p1a: Raging Bolt|0 fnt
|faint|p1a: Raging Bolt
|-end|p1a: Raging Bolt|Protosynthesis|[silent]
|
|-heal|p2a: Kingambit|74/100|[from] item: Leftovers
|upkeep
|
|t:|1776105128
|switch|p1a: Zamazenta|Zamazenta|100/100
|-ability|p1a: Zamazenta|Dauntless Shield|boost
|-boost|p1a: Zamazenta|def|1
|turn|24
|
|t:|1776105130
|-end|p2a: Kingambit|fallen2|[silent]
|switch|p2a: Moltres|Moltres|100/100
|move|p1a: Zamazenta|Close Combat|p2a: Moltres
|-resisted|p2a: Moltres
|-damage|p2a: Moltres|75/100
|-unboost|p1a: Zamazenta|def|1
|-unboost|p1a: Zamazenta|spd|1
|-damage|p1a: Zamazenta|91/100|[from] item: Life Orb
|
|upkeep
|turn|25
|
|t:|1776105135
|switch|p1a: Rillaboom|Rillaboom, F|100/100
|-fieldstart|move: Grassy Terrain|[from] ability: Grassy Surge|[of] p1a: Rillaboom
|move|p2a: Moltres|Roost|p2a: Moltres
|-heal|p2a: Moltres|100/100
|-singleturn|p2a: Moltres|move: Roost
|
|upkeep
|turn|26
|
|t:|1776105138
|move|p2a: Moltres|U-turn|p1a: Rillaboom
|-supereffective|p1a: Rillaboom
|-damage|p1a: Rillaboom|76/100
|
|t:|1776105140
|switch|p2a: Zapdos|Zapdos|93/100|[from] U-turn
|move|p1a: Rillaboom|Knock Off|p2a: Zapdos
|-damage|p2a: Zapdos|57/100
|-enditem|p2a: Zapdos|Heavy-Duty Boots|[from] move: Knock Off|[of] p1a: Rillaboom
|
|-heal|p1a: Rillaboom|82/100|[from] Grassy Terrain
|upkeep
|turn|27
|
|t:|1776105143
|move|p2a: Zapdos|Thunder Wave|p1a: Rillaboom
|-status|p1a: Rillaboom|par
|move|p1a: Rillaboom|U-turn|p2a: Zapdos
|-resisted|p2a: Zapdos
|-damage|p2a: Zapdos|45/100
|
|t:|1776105146
|switch|p1a: Ogerpon|Ogerpon-Cornerstone, F|91/100|[from] U-turn
|
|-heal|p1a: Ogerpon|97/100|[from] Grassy Terrain
|upkeep
|turn|28
|
|t:|1776105149
|switch|p2a: OFF SEASON|Articuno-Galar|100/100
|move|p1a: Ogerpon|Ivy Cudgel|p2a: OFF SEASON|[anim] Ivy Cudgel Rock
|-supereffective|p2a: OFF SEASON
|-damage|p2a: OFF SEASON|0 fnt
|faint|p2a: OFF SEASON
|
|-heal|p1a: Ogerpon|100/100|[from] Grassy Terrain
|upkeep
|
|t:|1776105152
|switch|p2a: Kingambit|Kingambit, F|74/100
|-activate|p2a: Kingambit|ability: Supreme Overlord
|-start|p2a: Kingambit|fallen3|[silent]
|turn|29
|
|t:|1776105154
|move|p1a: Ogerpon|Low Kick|p2a: Kingambit
|-supereffective|p2a: Kingambit
|-damage|p2a: Kingambit|0 fnt
|faint|p2a: Kingambit
|-end|p2a: Kingambit|fallen3|[silent]
|
|upkeep
|
|t:|1776105158
|switch|p2a: Zapdos|Zapdos|45/100
|turn|30
|
|t:|1776105160
|move|p1a: Ogerpon|Ivy Cudgel|p2a: Zapdos|[anim] Ivy Cudgel Rock
|-supereffective|p2a: Zapdos
|-crit|p2a: Zapdos
|-damage|p2a: Zapdos|0 fnt
|faint|p2a: Zapdos
|
|upkeep
|c|☆Nutts B Hanginlow|these fuckass rolls
|-message|Nutts B Hanginlow forfeited.
|
|win|leontief47
|raw|leontief47's rating: 1653 &rarr; <strong>1672</strong><br />(+19 for winning)
|raw|Nutts B Hanginlow's rating: 1639 &rarr; <strong>1620</strong><br />(-19 for losing)
|l|☆Nutts B Hanginlow
|player|p2|
|l| ohko_smeargle
|c|☆leontief47|gg
|l|☆leontief47
|player|p1|
|l| ddgfdhad
