|html|<div class="broadcast-blue"><strong>[Gen 9] OU is currently suspecting Tera Blast! For information on how to participate check out the <a href="https://www.smogon.com/tools/suspects/view/200">suspect thread</a>.</strong></div>
|j|☆nautillect
|j|☆erennotyaeger
|t:|1776100377
|gametype|singles
|player|p1|nautillect|266|1668
|player|p2|erennotyaeger|102|1682
|gen|9
|tier|[Gen 9] OU
|rated|
|rule|HP Percentage Mod: HP is shown in percentages
|rule|Endless Battle Clause: Forcing endless battles is banned
|rule|Species Clause: Limit one of each Pokémon
|rule|OHKO Clause: OHKO moves are banned
|rule|Evasion Items Clause: Evasion items are banned
|rule|Evasion Moves Clause: Evasion moves are banned
|rule|Evasion Abilities Clause: Evasion abilities are banned
|rule|Sleep Moves Clause: Sleep-inducing moves are banned
|clearpoke
|poke|p1|Ogerpon-Cornerstone, F|
|poke|p1|Kyurem|
|poke|p1|Dragonite, F|
|poke|p1|Deoxys-Speed|
|poke|p1|Zamazenta-*|
|poke|p1|Maushold|
|poke|p2|Dragapult, F|
|poke|p2|Alomomola, F|
|poke|p2|Ting-Lu|
|poke|p2|Kyurem|
|poke|p2|Weezing-Galar, F|
|poke|p2|Corviknight, F|
|teampreview
|inactive|Battle timer is ON: inactive players will automatically lose when time's up. (requested by erennotyaeger)
|inactive|nautillect has 120 seconds left.
|inactive|nautillect has 90 seconds left.
|inactive|nautillect has 60 seconds left.
|
|t:|1776100503
|teamsize|p1|6
|teamsize|p2|6
|start
|switch|p1a: Ogerpon|Ogerpon-Cornerstone, F|100/100
|switch|p2a: Corviknight|Corviknight, F|100/100
|-ability|p2a: Corviknight|Pressure
|turn|1
|
|t:|1776100508
|move|p1a: Ogerpon|Knock Off|p2a: Corviknight
|-damage|p2a: Corviknight|67/100
|-enditem|p2a: Corviknight|Leftovers|[from] move: Knock Off|[of] p1a: Ogerpon
|move|p2a: Corviknight|U-turn|p1a: Ogerpon
|-supereffective|p1a: Ogerpon
|-damage|p1a: Ogerpon|61/100
|
|t:|1776100515
|switch|p2a: Moody Blues|Dragapult, F|100/100|[from] U-turn
|
|upkeep
|turn|2
|inactive|nautillect has 120 seconds left.
|j| Metallic Symphony
|
|t:|1776100554
|move|p2a: Moody Blues|U-turn|p1a: Ogerpon
|-supereffective|p1a: Ogerpon
|-damage|p1a: Ogerpon|0 fnt
|faint|p1a: Ogerpon
|j| Too Many Caps
|inactive|erennotyaeger has 120 seconds left.
|
|t:|1776100591
|switch|p2a: Tiffany BlueStones|Kyurem, shiny|100/100|[from] U-turn
|-ability|p2a: Tiffany BlueStones|Pressure
|
|upkeep
|
|t:|1776100606
|switch|p1a: Zamazenta|Zamazenta|100/100
|-ability|p1a: Zamazenta|Dauntless Shield|boost
|-boost|p1a: Zamazenta|def|1
|turn|3
|inactive|erennotyaeger has 120 seconds left.
|
|t:|1776100624
|switch|p2a: Weezing|Weezing-Galar, F|100/100
|-ability|p2a: Weezing|Neutralizing Gas
|move|p1a: Zamazenta|Heavy Slam|p2a: Weezing
|-supereffective|p2a: Weezing
|-damage|p2a: Weezing|55/100
|
|-heal|p2a: Weezing|61/100|[from] item: Leftovers
|upkeep
|turn|4
|
|t:|1776100632
|move|p1a: Zamazenta|Heavy Slam|p2a: Weezing
|-supereffective|p2a: Weezing
|-damage|p2a: Weezing|9/100
|move|p2a: Weezing|Will-O-Wisp|p1a: Zamazenta
|-status|p1a: Zamazenta|brn
|
|-heal|p2a: Weezing|15/100|[from] item: Leftovers
|-damage|p1a: Zamazenta|94/100 brn|[from] brn
|upkeep
|turn|5
|
|t:|1776100638
|-end|p2a: Weezing|ability: Neutralizing Gas
|switch|p2a: Fogbound Lake|Alomomola, F|100/100
|move|p1a: Zamazenta|Heavy Slam|p2a: Fogbound Lake
|-resisted|p2a: Fogbound Lake
|-damage|p2a: Fogbound Lake|96/100
|-damage|p1a: Zamazenta|78/100 brn|[from] item: Rocky Helmet|[of] p2a: Fogbound Lake
|
|-heal|p1a: Zamazenta|84/100 brn|[from] item: Leftovers
|-damage|p1a: Zamazenta|78/100 brn|[from] brn
|upkeep
|turn|6
|inactive|nautillect has 120 seconds left.
|
|t:|1776100646
|switch|p1a: Deoxys|Deoxys-Speed|100/100
|-ability|p1a: Deoxys|Pressure
|move|p2a: Fogbound Lake|Wish|p2a: Fogbound Lake
|
|upkeep
|turn|7
|inactive|nautillect has 120 seconds left.
|
|t:|1776100672
|switch|p2a: Corviknight|Corviknight, F|67/100
|-ability|p2a: Corviknight|Pressure
|move|p1a: Deoxys|Psycho Boost|p2a: Corviknight
|-resisted|p2a: Corviknight
|-damage|p2a: Corviknight|40/100
|-unboost|p1a: Deoxys|spa|2
|-damage|p1a: Deoxys|91/100|[from] item: Life Orb
|
|-heal|p2a: Corviknight|100/100|[from] move: Wish|[wisher] Fogbound Lake
|upkeep
|turn|8
|
|t:|1776100688
|switch|p1a: Kyurem|Kyurem|100/100
|-ability|p1a: Kyurem|Pressure
|move|p2a: Corviknight|U-turn|p1a: Kyurem
|-damage|p1a: Kyurem|91/100
|
|t:|1776100694
|switch|p2a: Moody Blues|Dragapult, F|100/100|[from] U-turn
|
|upkeep
|turn|9
|inactive|nautillect has 120 seconds left.
|
|t:|1776100711
|switch|p1a: Zamazenta|Zamazenta|78/100 brn
|move|p2a: Moody Blues|U-turn|p1a: Zamazenta
|-resisted|p1a: Zamazenta
|-damage|p1a: Zamazenta|65/100 brn
|
|t:|1776100715
|switch|p2a: Fogbound Lake|Alomomola, F|100/100|[from] U-turn
|
|-heal|p1a: Zamazenta|71/100 brn|[from] item: Leftovers
|-damage|p1a: Zamazenta|65/100 brn|[from] brn
|upkeep
|turn|10
|inactive|nautillect has 120 seconds left.
|
|t:|1776100729
|switch|p1a: Deoxys|Deoxys-Speed|91/100
|-ability|p1a: Deoxys|Pressure
|move|p2a: Fogbound Lake|Wish|p2a: Fogbound Lake
|
|upkeep
|turn|11
|inactive|nautillect has 120 seconds left.
|
|t:|1776100737
|switch|p2a: Corviknight|Corviknight, F|100/100
|-ability|p2a: Corviknight|Pressure
|move|p1a: Deoxys|Nasty Plot|p1a: Deoxys
|-boost|p1a: Deoxys|spa|2
|
|upkeep
|turn|12
|
|t:|1776100750
|-terastallize|p1a: Deoxys|Psychic
|move|p1a: Deoxys|Psycho Boost|p2a: Corviknight
|-resisted|p2a: Corviknight
|-damage|p2a: Corviknight|30/100
|-unboost|p1a: Deoxys|spa|2
|-damage|p1a: Deoxys|81/100|[from] item: Life Orb
|move|p2a: Corviknight|U-turn|p1a: Deoxys
|-supereffective|p1a: Deoxys
|-damage|p1a: Deoxys|39/100
|
|t:|1776100759
|switch|p2a: Alysa-Lu|Ting-Lu|100/100|[from] U-turn
|-ability|p2a: Alysa-Lu|Vessel of Ruin
|
|upkeep
|turn|13
|
|t:|1776100769
|move|p1a: Deoxys|Focus Blast|p2a: Alysa-Lu
|-supereffective|p2a: Alysa-Lu
|-damage|p2a: Alysa-Lu|58/100
|-damage|p1a: Deoxys|29/100|[from] item: Life Orb
|move|p2a: Alysa-Lu|Stealth Rock|p1a: Deoxys
|-sidestart|p1: nautillect|move: Stealth Rock
|
|-heal|p2a: Alysa-Lu|64/100|[from] item: Leftovers
|upkeep
|turn|14
|
|t:|1776100777
|move|p1a: Deoxys|Focus Blast|p2a: Alysa-Lu|[miss]
|-miss|p1a: Deoxys|p2a: Alysa-Lu
|move|p2a: Alysa-Lu|Earthquake|p1a: Deoxys
|-damage|p1a: Deoxys|0 fnt
|faint|p1a: Deoxys
|
|-heal|p2a: Alysa-Lu|70/100|[from] item: Leftovers
|upkeep
|
|t:|1776100780
|switch|p1a: Maushold|Maushold|100/100
|-damage|p1a: Maushold|88/100|[from] Stealth Rock
|turn|15
|
|t:|1776100786
|switch|p2a: Fogbound Lake|Alomomola, F|100/100
|move|p1a: Maushold|Tidy Up|p1a: Maushold
|-sideend|p1: nautillect|Stealth Rock
|-activate|p1a: Maushold|move: Tidy Up
|-boost|p1a: Maushold|atk|1
|-boost|p1a: Maushold|spe|1
|
|upkeep
|turn|16
|
|t:|1776100792
|move|p1a: Maushold|Tidy Up|p1a: Maushold
|-boost|p1a: Maushold|atk|1
|-boost|p1a: Maushold|spe|1
|move|p2a: Fogbound Lake|Wish|p2a: Fogbound Lake
|
|upkeep
|turn|17
|
|t:|1776100799
|move|p1a: Maushold|Population Bomb|p2a: Fogbound Lake
|-damage|p2a: Fogbound Lake|89/100
|-damage|p1a: Maushold|71/100|[from] item: Rocky Helmet|[of] p2a: Fogbound Lake
|-damage|p2a: Fogbound Lake|77/100
|-damage|p1a: Maushold|55/100|[from] item: Rocky Helmet|[of] p2a: Fogbound Lake
|-damage|p2a: Fogbound Lake|65/100
|-damage|p1a: Maushold|38/100|[from] item: Rocky Helmet|[of] p2a: Fogbound Lake
|-damage|p2a: Fogbound Lake|53/100
|-damage|p1a: Maushold|22/100|[from] item: Rocky Helmet|[of] p2a: Fogbound Lake
|-damage|p2a: Fogbound Lake|41/100
|-damage|p1a: Maushold|5/100|[from] item: Rocky Helmet|[of] p2a: Fogbound Lake
|-crit|p2a: Fogbound Lake
|-damage|p2a: Fogbound Lake|25/100
|-damage|p1a: Maushold|0 fnt|[from] item: Rocky Helmet|[of] p2a: Fogbound Lake
|faint|p1a: Maushold
|-hitcount|p2a: Fogbound Lake|6
|move|p2a: Fogbound Lake|Tickle|p1: Maushold|[notarget]
|-fail|p2a: Fogbound Lake
|
|-heal|p2a: Fogbound Lake|75/100|[from] move: Wish|[wisher] Fogbound Lake
|upkeep
|
|t:|1776100806
|switch|p1a: Dragonite|Dragonite, F|100/100
|turn|18
|-message|nautillect forfeited.
|
|win|erennotyaeger
|raw|nautillect's rating: 1693 &rarr; <strong>1672</strong><br />(-21 for losing)
|raw|erennotyaeger's rating: 1682 &rarr; <strong>1703</strong><br />(+21 for winning)
|l|☆nautillect
|player|p1|
|c|☆erennotyaeger|gg
|l| Metallic Symphony
|l|☆erennotyaeger
|player|p2|
|l| Too Many Caps
