|html|<div class="broadcast-blue"><strong>[Gen 9] OU is currently suspecting Tera Blast! For information on how to participate check out the <a href="https://www.smogon.com/tools/suspects/view/200">suspect thread</a>.</strong></div>
|j|☆arturohdez
|j|☆vzn.exe
|t:|1776108235
|gametype|singles
|player|p1|arturohdez|lucas|1560
|player|p2|vzn.exe|lusamine-nihilego|1594
|gen|9
|tier|[Gen 9] OU
|rated|
|rule|HP Percentage Mod: HP is shown in percentages
|rule|Endless Battle Clause: Forcing endless battles is banned
|rule|Species Clause: Limit one of each Pokémon
|rule|OHKO Clause: OHKO moves are banned
|rule|Evasion Items Clause: Evasion items are banned
|rule|Evasion Moves Clause: Evasion moves are banned
|rule|Evasion Abilities Clause: Evasion abilities are banned
|rule|Sleep Moves Clause: Sleep-inducing moves are banned
|clearpoke
|poke|p1|Garganacl, M|
|poke|p1|Great Tusk|
|poke|p1|Dragapult, M|
|poke|p1|Zapdos|
|poke|p1|Samurott-Hisui, M|
|poke|p1|Iron Crown|
|poke|p2|Primarina, M|
|poke|p2|Great Tusk|
|poke|p2|Enamorus, F|
|poke|p2|Slowking-Galar, M|
|poke|p2|Ogerpon, F|
|poke|p2|Kingambit, M|
|teampreview
|inactive|Battle timer is ON: inactive players will automatically lose when time's up. (requested by arturohdez)
|
|t:|1776108254
|teamsize|p1|6
|teamsize|p2|6
|start
|switch|p1a: Zapdos|Zapdos, shiny|100/100
|switch|p2a: Mantra|Slowking-Galar, M, shiny|100/100
|turn|1
|inactive|vzn.exe also wants the timer to be on.
|
|t:|1776108270
|move|p1a: Zapdos|Thunder Wave|p2a: Mantra
|-status|p2a: Mantra|par
|cant|p2a: Mantra|par
|
|upkeep
|turn|2
|
|t:|1776108287
|move|p1a: Zapdos|Volt Switch|p2a: Mantra
|-damage|p2a: Mantra|85/100 par
|
|t:|1776108292
|switch|p1a: Garganacl|Garganacl, M, shiny|100/100|[from] Volt Switch
|move|p2a: Mantra|Sludge Bomb|p1a: Garganacl
|-resisted|p1a: Garganacl
|-damage|p1a: Garganacl|88/100
|
|-heal|p1a: Garganacl|95/100|[from] item: Leftovers
|upkeep
|turn|3
|
|t:|1776108310
|switch|p2a: Behemoth|Great Tusk, shiny|100/100
|move|p1a: Garganacl|Salt Cure|p2a: Behemoth
|-resisted|p2a: Behemoth
|-damage|p2a: Behemoth|98/100
|-start|p2a: Behemoth|Salt Cure
|
|-heal|p1a: Garganacl|100/100|[from] item: Leftovers
|-damage|p2a: Behemoth|86/100|[from] Salt Cure
|upkeep
|turn|4
|
|t:|1776108328
|switch|p1a: Zapdos|Zapdos, shiny|100/100
|move|p2a: Behemoth|Stealth Rock|p1a: Zapdos
|-sidestart|p1: arturohdez|move: Stealth Rock
|
|-damage|p2a: Behemoth|73/100|[from] Salt Cure
|upkeep
|turn|5
|inactive|vzn.exe has 120 seconds left.
|
|t:|1776108345
|-end|p2a: Behemoth|Protosynthesis|[silent]
|switch|p2a: Mantra|Slowking-Galar, M, shiny|100/100 par
|move|p1a: Zapdos|Volt Switch|p2a: Mantra
|-damage|p2a: Mantra|85/100 par
|
|t:|1776108350
|switch|p1a: Samurott|Samurott-Hisui, M, shiny|100/100|[from] Volt Switch
|-damage|p1a: Samurott|88/100|[from] Stealth Rock
|
|upkeep
|turn|6
|inactive|vzn.exe has 120 seconds left.
|
|t:|1776108367
|switch|p2a: Behemoth|Great Tusk, shiny|73/100
|move|p1a: Samurott|Ceaseless Edge|p2a: Behemoth
|-resisted|p2a: Behemoth
|-damage|p2a: Behemoth|58/100
|-damage|p1a: Samurott|72/100|[from] item: Rocky Helmet|[of] p2a: Behemoth
|-sidestart|p2: vzn.exe|Spikes
|
|upkeep
|turn|7
|inactive|vzn.exe has 120 seconds left.
|
|t:|1776108385
|switch|p1a: Zapdos|Zapdos, shiny|100/100
|move|p2a: Behemoth|Rapid Spin|p1a: Zapdos
|-damage|p1a: Zapdos|88/100
|-boost|p2a: Behemoth|spe|1
|-sideend|p2: vzn.exe|Spikes|[from] move: Rapid Spin|[of] p2a: Behemoth
|
|upkeep
|turn|8
|inactive|vzn.exe has 120 seconds left.
|
|t:|1776108402
|-end|p2a: Behemoth|Protosynthesis|[silent]
|switch|p2a: Mantra|Slowking-Galar, M, shiny|100/100 par
|move|p1a: Zapdos|Volt Switch|p2a: Mantra
|-damage|p2a: Mantra|84/100 par
|
|t:|1776108408
|switch|p1a: Great Tusk|Great Tusk|100/100|[from] Volt Switch
|
|upkeep
|turn|9
|inactive|vzn.exe has 120 seconds left.
|
|t:|1776108424
|move|p1a: Great Tusk|Rapid Spin|p2a: Mantra
|-damage|p2a: Mantra|72/100 par
|-boost|p1a: Great Tusk|spe|1
|-sideend|p1: arturohdez|Stealth Rock|[from] move: Rapid Spin|[of] p1a: Great Tusk
|move|p2a: Mantra|Psychic Noise|p1a: Great Tusk
|-supereffective|p1a: Great Tusk
|-crit|p1a: Great Tusk
|-damage|p1a: Great Tusk|0 fnt
|faint|p1a: Great Tusk
|-end|p1a: Great Tusk|Protosynthesis|[silent]
|
|upkeep
|
|t:|1776108435
|switch|p1a: Samurott|Samurott-Hisui, M, shiny|72/100
|turn|10
|inactive|vzn.exe has 120 seconds left.
|
|t:|1776108452
|switch|p2a: Behemoth|Great Tusk, shiny|58/100
|move|p1a: Samurott|Knock Off|p2a: Behemoth
|-resisted|p2a: Behemoth
|-damage|p2a: Behemoth|44/100
|-damage|p1a: Samurott|55/100|[from] item: Rocky Helmet|[of] p2a: Behemoth
|-enditem|p2a: Behemoth|Rocky Helmet|[from] move: Knock Off|[of] p1a: Samurott
|
|upkeep
|turn|11
|
|t:|1776108469
|move|p2a: Behemoth|Stealth Rock|p1a: Samurott
|-sidestart|p1: arturohdez|move: Stealth Rock
|move|p1a: Samurott|Razor Shell|p2a: Behemoth
|-supereffective|p2a: Behemoth
|-damage|p2a: Behemoth|0 fnt
|faint|p2a: Behemoth
|-end|p2a: Behemoth|Protosynthesis|[silent]
|
|upkeep
|
|t:|1776108479
|switch|p2a: Overgod|Kingambit, M, shiny|100/100
|-activate|p2a: Overgod|ability: Supreme Overlord
|-start|p2a: Overgod|fallen1|[silent]
|turn|12
|
|t:|1776108496
|switch|p1a: Zapdos|Zapdos, shiny|88/100
|move|p2a: Overgod|Swords Dance|p2a: Overgod
|-boost|p2a: Overgod|atk|2
|
|upkeep
|turn|13
|
|t:|1776108513
|move|p1a: Zapdos|Volt Switch|p2a: Overgod
|-crit|p2a: Overgod
|-damage|p2a: Overgod|56/100
|
|t:|1776108519
|switch|p1a: Garganacl|Garganacl, M, shiny|100/100|[from] Volt Switch
|-damage|p1a: Garganacl|88/100|[from] Stealth Rock
|move|p2a: Overgod|Kowtow Cleave|p1a: Garganacl
|-damage|p1a: Garganacl|22/100
|
|-heal|p2a: Overgod|63/100|[from] item: Leftovers
|-heal|p1a: Garganacl|28/100|[from] item: Leftovers
|upkeep
|turn|14
|
|t:|1776108537
|move|p2a: Overgod|Kowtow Cleave|p1a: Garganacl
|-damage|p1a: Garganacl|0 fnt
|faint|p1a: Garganacl
|
|-heal|p2a: Overgod|69/100|[from] item: Leftovers
|upkeep
|
|t:|1776108540
|switch|p1a: Dragapult|Dragapult, M, shiny|100/100
|turn|15
|
|t:|1776108556
|move|p1a: Dragapult|Will-O-Wisp|p2a: Overgod
|-status|p2a: Overgod|brn
|move|p2a: Overgod|Kowtow Cleave|p1a: Dragapult
|-supereffective|p1a: Dragapult
|-damage|p1a: Dragapult|0 fnt
|faint|p1a: Dragapult
|
|-heal|p2a: Overgod|75/100 brn|[from] item: Leftovers
|-damage|p2a: Overgod|69/100 brn|[from] brn
|upkeep
|
|t:|1776108567
|switch|p1a: Samurott|Samurott-Hisui, M, shiny|55/100
|-damage|p1a: Samurott|43/100|[from] Stealth Rock
|turn|16
|
|t:|1776108575
|move|p1a: Samurott|Ceaseless Edge|p2a: Overgod
|-resisted|p2a: Overgod
|-damage|p2a: Overgod|53/100 brn
|-sidestart|p2: vzn.exe|Spikes
|move|p2a: Overgod|Kowtow Cleave|p1a: Samurott
|-resisted|p1a: Samurott
|-damage|p1a: Samurott|11/100
|
|-heal|p2a: Overgod|59/100 brn|[from] item: Leftovers
|-damage|p2a: Overgod|53/100 brn|[from] brn
|upkeep
|turn|17
|inactive|vzn.exe has 120 seconds left.
|
|t:|1776108585
|move|p1a: Samurott|Sucker Punch|p2a: Overgod
|-resisted|p2a: Overgod
|-damage|p2a: Overgod|43/100 brn
|move|p2a: Overgod|Sucker Punch||[still]
|-fail|p2a: Overgod
|
|-heal|p2a: Overgod|49/100 brn|[from] item: Leftovers
|-damage|p2a: Overgod|43/100 brn|[from] brn
|upkeep
|turn|18
|
|t:|1776108594
|move|p2a: Overgod|Sucker Punch|p1a: Samurott
|-resisted|p1a: Samurott
|-damage|p1a: Samurott|0 fnt
|faint|p1a: Samurott
|
|-heal|p2a: Overgod|49/100 brn|[from] item: Leftovers
|-damage|p2a: Overgod|43/100 brn|[from] brn
|upkeep
|
|t:|1776108598
|switch|p1a: Zapdos|Zapdos, shiny|88/100
|turn|19
|
|t:|1776108614
|move|p1a: Zapdos|Hurricane|p2a: Overgod
|-resisted|p2a: Overgod
|-damage|p2a: Overgod|20/100 brn
|-start|p2a: Overgod|confusion
|-activate|p2a: Overgod|confusion
|move|p2a: Overgod|Swords Dance|p2a: Overgod
|-boost|p2a: Overgod|atk|2
|
|-heal|p2a: Overgod|26/100 brn|[from] item: Leftovers
|-damage|p2a: Overgod|20/100 brn|[from] brn
|upkeep
|turn|20
|
|t:|1776108623
|-activate|p2a: Overgod|confusion
|move|p2a: Overgod|Sucker Punch|p1a: Zapdos
|-damage|p1a: Zapdos|39/100
|move|p1a: Zapdos|Volt Switch|p2a: Overgod
|-damage|p2a: Overgod|0 fnt
|faint|p2a: Overgod
|-end|p2a: Overgod|fallen1|[silent]
|
|t:|1776108626
|switch|p1a: Iron Crown|Iron Crown|100/100|[from] Volt Switch
|-damage|p1a: Iron Crown|94/100|[from] Stealth Rock
|
|upkeep
|
|t:|1776108643
|switch|p2a: Anonymous|Ogerpon, F|100/100
|-damage|p2a: Anonymous|88/100|[from] Spikes
|turn|21
|inactive|vzn.exe has 120 seconds left.
|
|t:|1776108660
|-end|p1a: Iron Crown|Quark Drive|[silent]
|switch|p1a: Zapdos|Zapdos, shiny|39/100
|move|p2a: Anonymous|Knock Off|p1a: Zapdos
|-damage|p1a: Zapdos|3/100
|-enditem|p1a: Zapdos|Heavy-Duty Boots|[from] move: Knock Off|[of] p2a: Anonymous
|
|upkeep
|turn|22
|
|t:|1776108668
|move|p2a: Anonymous|Knock Off|p1a: Zapdos
|-damage|p1a: Zapdos|0 fnt
|faint|p1a: Zapdos
|
|upkeep
|
|t:|1776108672
|switch|p1a: Iron Crown|Iron Crown|94/100
|-damage|p1a: Iron Crown|88/100|[from] Stealth Rock
|turn|23
|
|t:|1776108680
|move|p2a: Anonymous|Knock Off|p1a: Iron Crown
|-supereffective|p1a: Iron Crown
|-damage|p1a: Iron Crown|0 fnt
|-enditem|p1a: Iron Crown|Assault Vest|[from] move: Knock Off|[of] p2a: Anonymous
|faint|p1a: Iron Crown
|-end|p1a: Iron Crown|Quark Drive|[silent]
|
|win|vzn.exe
|raw|arturohdez's rating: 1560 &rarr; <strong>1542</strong><br />(-18 for losing)
|raw|vzn.exe's rating: 1594 &rarr; <strong>1612</strong><br />(+18 for winning)
|l|☆arturohdez
|player|p1|
