|html|<div class="broadcast-blue"><strong>[Gen 9] OU is currently suspecting Tera Blast! For information on how to participate check out the <a href="https://www.smogon.com/tools/suspects/view/200">suspect thread</a>.</strong></div>
|j|☆swaVyy
|j|☆Milky Toner
|t:|1776051486
|gametype|singles
|player|p1|swaVyy|infielder|1220
|player|p2|Milky Toner|beauty-gen4dp|1168
|gen|9
|tier|[Gen 9] OU
|rated|
|rule|HP Percentage Mod: HP is shown in percentages
|rule|Endless Battle Clause: Forcing endless battles is banned
|rule|Species Clause: Limit one of each Pokémon
|rule|OHKO Clause: OHKO moves are banned
|rule|Evasion Items Clause: Evasion items are banned
|rule|Evasion Moves Clause: Evasion moves are banned
|rule|Evasion Abilities Clause: Evasion abilities are banned
|rule|Sleep Moves Clause: Sleep-inducing moves are banned
|clearpoke
|poke|p1|Araquanid, M|
|poke|p1|Glimmora, F|
|poke|p1|Dragonite, F|
|poke|p1|Mimikyu, M|
|poke|p1|Hariyama, F|
|poke|p1|Garganacl, M|
|poke|p2|Gholdengo|
|poke|p2|Glimmora, M|
|poke|p2|Zamazenta-*|
|poke|p2|Grimmsnarl, M|
|poke|p2|Polteageist|
|poke|p2|Ogerpon-Wellspring, F|
|teampreview
|inactive|Battle timer is ON: inactive players will automatically lose when time's up. (requested by swaVyy)
|
|t:|1776051507
|teamsize|p1|6
|teamsize|p2|6
|start
|switch|p1a: Glimmora|Glimmora, F|100/100
|switch|p2a: Grimmsnarl|Grimmsnarl, M, shiny|100/100
|turn|1
|
|t:|1776051523
|move|p2a: Grimmsnarl|Taunt|p1a: Glimmora
|-start|p1a: Glimmora|move: Taunt
|cant|p1a: Glimmora|move: Taunt|Stealth Rock
|
|upkeep
|turn|2
|
|t:|1776051527
|move|p2a: Grimmsnarl|Light Screen|p2a: Grimmsnarl
|-sidestart|p2: Milky Toner|move: Light Screen
|move|p1a: Glimmora|Earth Power|p2a: Grimmsnarl
|-damage|p2a: Grimmsnarl|79/100
|-unboost|p2a: Grimmsnarl|spd|1
|
|upkeep
|turn|3
|
|t:|1776051533
|switch|p2a: Polteageist|Polteageist, shiny|100/100
|move|p1a: Glimmora|Energy Ball|p2a: Polteageist
|-damage|p2a: Polteageist|83/100
|
|-end|p1a: Glimmora|move: Taunt
|upkeep
|turn|4
|
|t:|1776051546
|move|p1a: Glimmora|Stealth Rock|p2a: Polteageist
|-sidestart|p2: Milky Toner|move: Stealth Rock
|move|p2a: Polteageist|Shell Smash|p2a: Polteageist
|-unboost|p2a: Polteageist|def|1
|-unboost|p2a: Polteageist|spd|1
|-boost|p2a: Polteageist|atk|2
|-boost|p2a: Polteageist|spa|2
|-boost|p2a: Polteageist|spe|2
|-enditem|p2a: Polteageist|White Herb
|-clearnegativeboost|p2a: Polteageist|[silent]
|
|upkeep
|turn|5
|
|t:|1776051550
|move|p2a: Polteageist|Shadow Ball|p1a: Glimmora
|-enditem|p1a: Glimmora|Focus Sash
|-damage|p1a: Glimmora|1/100
|move|p1a: Glimmora|Toxic|p2a: Polteageist
|-status|p2a: Polteageist|tox
|
|-damage|p2a: Polteageist|77/100 tox|[from] psn
|upkeep
|turn|6
|
|t:|1776051556
|move|p2a: Polteageist|Shadow Ball|p1a: Glimmora
|-damage|p1a: Glimmora|0 fnt
|faint|p1a: Glimmora
|
|-damage|p2a: Polteageist|65/100 tox|[from] psn
|upkeep
|
|t:|1776051561
|switch|p1a: Dragonite|Dragonite, F|100/100
|turn|7
|
|t:|1776051574
|-terastallize|p1a: Dragonite|Normal
|move|p2a: Polteageist|Shadow Ball|p1a: Dragonite
|-immune|p1a: Dragonite
|move|p1a: Dragonite|Ice Punch|p2a: Polteageist
|-damage|p2a: Polteageist|9/100 tox
|-start|p1a: Dragonite|Disable|Ice Punch|[from] ability: Cursed Body|[of] p2a: Polteageist
|
|-damage|p2a: Polteageist|0 fnt|[from] psn
|faint|p2a: Polteageist
|upkeep
|l|☆swaVyy
|inactive|swaVyy disconnected and has a minute to reconnect!
|player|p1|
|
|t:|1776051592
|switch|p2a: Glimmora|Glimmora, M, shiny|100/100
|-damage|p2a: Glimmora|88/100|[from] Stealth Rock
|turn|8
|j|☆swaVyy
|inactive|swaVyy reconnected and has 150 seconds left.
|player|p1|swaVyy|infielder|
|
|t:|1776051603
|move|p2a: Glimmora|Stealth Rock|p1a: Dragonite
|-sidestart|p1: swaVyy|move: Stealth Rock
|move|p1a: Dragonite|Earthquake|p2a: Glimmora
|-supereffective|p2a: Glimmora
|-damage|p2a: Glimmora|0 fnt
|-activate|p2a: Glimmora|ability: Toxic Debris
|-sidestart|p1: swaVyy|move: Toxic Spikes
|faint|p2a: Glimmora
|
|upkeep
|
|t:|1776051609
|switch|p2a: Grimmsnarl|Grimmsnarl, M, shiny|79/100
|-damage|p2a: Grimmsnarl|67/100|[from] Stealth Rock
|turn|9
|
|t:|1776051615
|move|p2a: Grimmsnarl|Taunt|p1a: Dragonite
|-start|p1a: Dragonite|move: Taunt
|cant|p1a: Dragonite|move: Taunt|Dragon Dance
|
|-sideend|p2: Milky Toner|move: Light Screen
|upkeep
|turn|10
|
|t:|1776051618
|move|p1a: Dragonite|Extreme Speed|p2a: Grimmsnarl
|-damage|p2a: Grimmsnarl|0 fnt
|faint|p2a: Grimmsnarl
|
|-end|p1a: Dragonite|Disable
|upkeep
|
|t:|1776051628
|switch|p2a: Zamazenta|Zamazenta, shiny|100/100
|-damage|p2a: Zamazenta|94/100|[from] Stealth Rock
|-ability|p2a: Zamazenta|Dauntless Shield|boost
|-boost|p2a: Zamazenta|def|1
|turn|11
|
|t:|1776051632
|move|p2a: Zamazenta|Iron Defense|p2a: Zamazenta
|-boost|p2a: Zamazenta|def|2
|move|p1a: Dragonite|Ice Punch|p2a: Zamazenta
|-damage|p2a: Zamazenta|84/100
|
|-heal|p2a: Zamazenta|91/100|[from] item: Leftovers
|-end|p1a: Dragonite|move: Taunt
|upkeep
|turn|12
|
|t:|1776051635
|move|p2a: Zamazenta|Body Press|p1a: Dragonite
|-supereffective|p1a: Dragonite
|-damage|p1a: Dragonite|35/100
|move|p1a: Dragonite|Ice Punch|p2a: Zamazenta
|-damage|p2a: Zamazenta|81/100
|
|-heal|p2a: Zamazenta|87/100|[from] item: Leftovers
|upkeep
|turn|13
|
|t:|1776051639
|move|p2a: Zamazenta|Body Press|p1a: Dragonite
|-supereffective|p1a: Dragonite
|-damage|p1a: Dragonite|0 fnt
|faint|p1a: Dragonite
|
|-heal|p2a: Zamazenta|93/100|[from] item: Leftovers
|upkeep
|
|t:|1776051646
|switch|p1a: Araquanid|Araquanid, M|100/100
|-damage|p1a: Araquanid|76/100|[from] Stealth Rock
|-status|p1a: Araquanid|psn
|turn|14
|
|t:|1776051653
|switch|p2a: Ogerpon|Ogerpon-Wellspring, F|100/100
|-damage|p2a: Ogerpon|88/100|[from] Stealth Rock
|move|p1a: Araquanid|Lunge|p2a: Ogerpon
|-supereffective|p2a: Ogerpon
|-damage|p2a: Ogerpon|14/100
|-unboost|p2a: Ogerpon|atk|1
|
|-heal|p1a: Araquanid|82/100 psn|[from] item: Leftovers
|-damage|p1a: Araquanid|70/100 psn|[from] psn
|upkeep
|turn|15
|
|t:|1776051668
|move|p2a: Ogerpon|Power Whip|p1a: Araquanid
|-damage|p1a: Araquanid|18/100 psn
|move|p1a: Araquanid|Lunge|p2a: Ogerpon
|-supereffective|p2a: Ogerpon
|-damage|p2a: Ogerpon|0 fnt
|faint|p2a: Ogerpon
|
|-heal|p1a: Araquanid|25/100 psn|[from] item: Leftovers
|-damage|p1a: Araquanid|12/100 psn|[from] psn
|upkeep
|
|t:|1776051673
|switch|p2a: Gholdengo|Gholdengo, shiny|100/100
|-damage|p2a: Gholdengo|94/100|[from] Stealth Rock
|-item|p2a: Gholdengo|Air Balloon
|turn|16
|
|t:|1776051677
|move|p2a: Gholdengo|Shadow Ball|p1a: Araquanid
|-damage|p1a: Araquanid|0 fnt
|faint|p1a: Araquanid
|
|upkeep
|
|t:|1776051683
|switch|p1a: Mimikyu|Mimikyu, M|100/100
|-damage|p1a: Mimikyu|88/100|[from] Stealth Rock
|-status|p1a: Mimikyu|psn
|turn|17
|
|t:|1776051691
|-terastallize|p2a: Gholdengo|Fairy
|move|p1a: Mimikyu|Swords Dance|p1a: Mimikyu
|-boost|p1a: Mimikyu|atk|2
|move|p2a: Gholdengo|Shadow Ball|p1a: Mimikyu
|-activate|p1a: Mimikyu|ability: Disguise
|-damage|p1a: Mimikyu|88/100 psn
|detailschange|p1a: Mimikyu|Mimikyu-Busted, M
|-damage|p1a: Mimikyu|76/100 psn|[from] pokemon: Mimikyu-Busted
|
|-damage|p1a: Mimikyu|63/100 psn|[from] psn
|upkeep
|turn|18
|
|t:|1776051707
|move|p1a: Mimikyu|Drain Punch|p2a: Gholdengo
|-resisted|p2a: Gholdengo
|-damage|p2a: Gholdengo|66/100
|-heal|p1a: Mimikyu|81/100 psn|[from] drain|[of] p2a: Gholdengo
|-enditem|p2a: Gholdengo|Air Balloon
|-damage|p1a: Mimikyu|71/100 psn|[from] item: Life Orb
|move|p2a: Gholdengo|Shadow Ball|p1a: Mimikyu
|-supereffective|p1a: Mimikyu
|-damage|p1a: Mimikyu|0 fnt
|faint|p1a: Mimikyu
|
|upkeep
|
|t:|1776051712
|switch|p1a: Garganacl|Garganacl, M|100/100
|-damage|p1a: Garganacl|88/100|[from] Stealth Rock
|turn|19
|
|t:|1776051719
|move|p2a: Gholdengo|Nasty Plot|p2a: Gholdengo
|-boost|p2a: Gholdengo|spa|2
|move|p1a: Garganacl|Salt Cure|p2a: Gholdengo
|-damage|p2a: Gholdengo|49/100
|-start|p2a: Gholdengo|Salt Cure
|
|-heal|p1a: Garganacl|94/100|[from] item: Leftovers
|-damage|p2a: Gholdengo|37/100|[from] Salt Cure
|upkeep
|turn|20
|
|t:|1776051724
|move|p2a: Gholdengo|Dazzling Gleam|p1a: Garganacl
|-damage|p1a: Garganacl|43/100
|move|p1a: Garganacl|Recover|p1a: Garganacl
|-heal|p1a: Garganacl|93/100
|
|-heal|p1a: Garganacl|99/100|[from] item: Leftovers
|-damage|p2a: Gholdengo|25/100|[from] Salt Cure
|upkeep
|turn|21
|
|t:|1776051728
|switch|p2a: Zamazenta|Zamazenta, shiny|93/100
|-damage|p2a: Zamazenta|87/100|[from] Stealth Rock
|move|p1a: Garganacl|Recover|p1a: Garganacl
|-heal|p1a: Garganacl|100/100
|
|-heal|p2a: Zamazenta|93/100|[from] item: Leftovers
|upkeep
|turn|22
|
|t:|1776051732
|move|p2a: Zamazenta|Body Press|p1a: Garganacl
|-supereffective|p1a: Garganacl
|-crit|p1a: Garganacl
|-damage|p1a: Garganacl|36/100
|move|p1a: Garganacl|Salt Cure|p2a: Zamazenta
|-resisted|p2a: Zamazenta
|-damage|p2a: Zamazenta|88/100
|-start|p2a: Zamazenta|Salt Cure
|
|-heal|p2a: Zamazenta|94/100|[from] item: Leftovers
|-heal|p1a: Garganacl|42/100|[from] item: Leftovers
|-damage|p2a: Zamazenta|82/100|[from] Salt Cure
|upkeep
|turn|23
|
|t:|1776051740
|move|p2a: Zamazenta|Body Press|p1a: Garganacl
|-supereffective|p1a: Garganacl
|-damage|p1a: Garganacl|0 fnt
|faint|p1a: Garganacl
|
|-heal|p2a: Zamazenta|88/100|[from] item: Leftovers
|-damage|p2a: Zamazenta|76/100|[from] Salt Cure
|upkeep
|
|t:|1776051743
|switch|p1a: Hariyama|Hariyama, F|100/100
|-damage|p1a: Hariyama|94/100|[from] Stealth Rock
|-status|p1a: Hariyama|psn
|turn|24
|
|t:|1776051746
|switch|p2a: Gholdengo|Gholdengo, shiny, tera:Fairy|25/100
|-damage|p2a: Gholdengo|12/100|[from] Stealth Rock
|move|p1a: Hariyama|Belly Drum|p1a: Hariyama
|-damage|p1a: Hariyama|44/100 psn
|-setboost|p1a: Hariyama|atk|6|[from] move: Belly Drum
|
|-damage|p1a: Hariyama|32/100 psn|[from] psn
|upkeep
|turn|25
|
|t:|1776051752
|move|p1a: Hariyama|Bullet Punch|p2a: Gholdengo
|-supereffective|p2a: Gholdengo
|-damage|p2a: Gholdengo|0 fnt
|faint|p2a: Gholdengo
|
|-damage|p1a: Hariyama|20/100 psn|[from] psn
|upkeep
|
|t:|1776051755
|switch|p2a: Zamazenta|Zamazenta, shiny|76/100
|-damage|p2a: Zamazenta|69/100|[from] Stealth Rock
|turn|26
|
|t:|1776051757
|move|p1a: Hariyama|Bullet Punch|p2a: Zamazenta
|-damage|p2a: Zamazenta|15/100
|move|p2a: Zamazenta|Iron Defense|p2a: Zamazenta
|-boost|p2a: Zamazenta|def|2
|
|-heal|p2a: Zamazenta|21/100|[from] item: Leftovers
|-damage|p1a: Hariyama|7/100 psn|[from] psn
|upkeep
|turn|27
|
|t:|1776051763
|move|p1a: Hariyama|Bullet Punch|p2a: Zamazenta
|-damage|p2a: Zamazenta|0 fnt
|faint|p2a: Zamazenta
|
|win|swaVyy
|raw|swaVyy's rating: 1220 &rarr; <strong>1241</strong><br />(+21 for winning)
|raw|Milky Toner's rating: 1168 &rarr; <strong>1147</strong><br />(-21 for losing)
