|html|<div class="broadcast-blue"><strong>[Gen 9] OU is currently suspecting Tera Blast! For information on how to participate check out the <a href="https://www.smogon.com/tools/suspects/view/200">suspect thread</a>.</strong></div>
|j|☆ravycon
|j|☆gui1912
|t:|1776262788
|gametype|singles
|player|p1|ravycon|1|1125
|player|p2|gui1912|1|1076
|gen|9
|tier|[Gen 9] OU
|rated|
|rule|HP Percentage Mod: HP is shown in percentages
|rule|Endless Battle Clause: Forcing endless battles is banned
|rule|Species Clause: Limit one of each Pokémon
|rule|OHKO Clause: OHKO moves are banned
|rule|Evasion Items Clause: Evasion items are banned
|rule|Evasion Moves Clause: Evasion moves are banned
|rule|Evasion Abilities Clause: Evasion abilities are banned
|rule|Sleep Moves Clause: Sleep-inducing moves are banned
|clearpoke
|poke|p1|Scizor, F|
|poke|p1|Ogerpon-Wellspring, F|
|poke|p1|Raging Bolt|
|poke|p1|Pecharunt|
|poke|p1|Landorus-Therian, M|
|poke|p1|Samurott-Hisui, F|
|poke|p2|Iron Boulder|
|poke|p2|Iron Valiant|
|poke|p2|Gholdengo|
|poke|p2|Raging Bolt|
|poke|p2|Ting-Lu|
|poke|p2|Mandibuzz, F|
|teampreview
|inactive|Battle timer is ON: inactive players will automatically lose when time's up. (requested by ravycon)
|
|t:|1776262816
|teamsize|p1|6
|teamsize|p2|6
|start
|switch|p1a: Samurott|Samurott-Hisui, F|100/100
|switch|p2a: Iron Valiant|Iron Valiant|100/100
|-enditem|p2a: Iron Valiant|Booster Energy
|-activate|p2a: Iron Valiant|ability: Quark Drive|[fromitem]
|-start|p2a: Iron Valiant|quarkdrivespe
|turn|1
|
|t:|1776262829
|switch|p1a: Scizor|Scizor, F|100/100
|move|p2a: Iron Valiant|Moonblast|p1a: Scizor
|-resisted|p1a: Scizor
|-damage|p1a: Scizor|75/100
|
|upkeep
|turn|2
|
|t:|1776262836
|move|p1a: Scizor|Bullet Punch|p2a: Iron Valiant
|-supereffective|p2a: Iron Valiant
|-damage|p2a: Iron Valiant|0 fnt
|faint|p2a: Iron Valiant
|-end|p2a: Iron Valiant|Quark Drive|[silent]
|
|upkeep
|
|t:|1776262844
|switch|p2a: Raging Bolt|Raging Bolt|100/100
|-enditem|p2a: Raging Bolt|Booster Energy
|-activate|p2a: Raging Bolt|ability: Protosynthesis|[fromitem]
|-start|p2a: Raging Bolt|protosynthesisspa
|turn|3
|
|t:|1776262851
|-end|p2a: Raging Bolt|Protosynthesis|[silent]
|switch|p2a: Mandibuzz|Mandibuzz, F|100/100
|switch|p1a: Landorus|Landorus-Therian, M|100/100
|-ability|p1a: Landorus|Intimidate|boost
|-unboost|p2a: Mandibuzz|atk|1
|
|upkeep
|turn|4
|
|t:|1776262861
|move|p1a: Landorus|Taunt|p2a: Mandibuzz
|-start|p2a: Mandibuzz|move: Taunt
|cant|p2a: Mandibuzz|move: Taunt|Toxic
|
|upkeep
|turn|5
|
|t:|1776262865
|move|p1a: Landorus|Stealth Rock|p2a: Mandibuzz
|-sidestart|p2: gui1912|move: Stealth Rock
|move|p2a: Mandibuzz|Foul Play|p1a: Landorus
|-damage|p1a: Landorus|56/100
|-damage|p2a: Mandibuzz|84/100|[from] item: Rocky Helmet|[of] p1a: Landorus
|
|upkeep
|turn|6
|
|t:|1776262871
|move|p1a: Landorus|U-turn|p2a: Mandibuzz
|-crit|p2a: Mandibuzz
|-damage|p2a: Mandibuzz|63/100
|
|t:|1776262879
|switch|p1a: Samurott|Samurott-Hisui, F|100/100|[from] U-turn
|move|p2a: Mandibuzz|U-turn|p1a: Samurott
|-supereffective|p1a: Samurott
|-damage|p1a: Samurott|82/100
|
|t:|1776262897
|switch|p2a: Raging Bolt|Raging Bolt|100/100|[from] U-turn
|-damage|p2a: Raging Bolt|88/100|[from] Stealth Rock
|
|upkeep
|turn|7
|
|t:|1776262902
|switch|p1a: Landorus|Landorus-Therian, M|56/100
|-ability|p1a: Landorus|Intimidate|boost
|-unboost|p2a: Raging Bolt|atk|1
|move|p2a: Raging Bolt|Draco Meteor|p1a: Landorus
|-damage|p1a: Landorus|0 fnt
|-unboost|p2a: Raging Bolt|spa|2
|faint|p1a: Landorus
|
|upkeep
|
|t:|1776262915
|switch|p1a: Ogerpon|Ogerpon-Wellspring, F|100/100
|turn|8
|
|t:|1776262921
|move|p1a: Ogerpon|Knock Off|p2a: Raging Bolt
|-damage|p2a: Raging Bolt|62/100
|move|p2a: Raging Bolt|Volt Switch|p1a: Ogerpon
|-damage|p1a: Ogerpon|78/100
|
|t:|1776262928
|-end|p2a: Raging Bolt|Protosynthesis|[silent]
|switch|p2a: Iron Boulder|Iron Boulder|100/100|[from] Volt Switch
|-damage|p2a: Iron Boulder|88/100|[from] Stealth Rock
|-enditem|p2a: Iron Boulder|Booster Energy
|-activate|p2a: Iron Boulder|ability: Quark Drive|[fromitem]
|-start|p2a: Iron Boulder|quarkdrivespe
|
|upkeep
|turn|9
|
|t:|1776262952
|move|p2a: Iron Boulder|Poison Jab|p1a: Ogerpon
|-supereffective|p1a: Ogerpon
|-damage|p1a: Ogerpon|6/100
|move|p1a: Ogerpon|U-turn|p2a: Iron Boulder
|-supereffective|p2a: Iron Boulder
|-damage|p2a: Iron Boulder|10/100
|
|t:|1776262959
|switch|p1a: Scizor|Scizor, F|75/100|[from] U-turn
|
|upkeep
|turn|10
|
|t:|1776262966
|move|p1a: Scizor|Bullet Punch|p2a: Iron Boulder
|-supereffective|p2a: Iron Boulder
|-damage|p2a: Iron Boulder|0 fnt
|faint|p2a: Iron Boulder
|-end|p2a: Iron Boulder|Quark Drive|[silent]
|
|upkeep
|
|t:|1776262970
|switch|p2a: Raging Bolt|Raging Bolt|62/100
|-damage|p2a: Raging Bolt|50/100|[from] Stealth Rock
|turn|11
|
|t:|1776262983
|switch|p1a: Pecharunt|Pecharunt|100/100
|move|p2a: Raging Bolt|Thunderbolt|p1a: Pecharunt
|-damage|p1a: Pecharunt|44/100
|-status|p1a: Pecharunt|par
|
|upkeep
|turn|12
|
|t:|1776262994
|move|p2a: Raging Bolt|Thunderbolt|p1a: Pecharunt
|-damage|p1a: Pecharunt|0 fnt
|faint|p1a: Pecharunt
|
|upkeep
|
|t:|1776263001
|switch|p1a: Scizor|Scizor, F|75/100
|turn|13
|
|t:|1776263016
|move|p2a: Raging Bolt|Volt Switch|p1a: Scizor
|-damage|p1a: Scizor|19/100
|
|t:|1776263024
|-end|p2a: Raging Bolt|Protosynthesis|[silent]
|switch|p2a: Mandibuzz|Mandibuzz, F|63/100|[from] Volt Switch
|move|p1a: Scizor|U-turn|p2a: Mandibuzz
|-damage|p2a: Mandibuzz|26/100
|
|t:|1776263030
|switch|p1a: Raging Bolt|Raging Bolt|100/100|[from] U-turn
|
|upkeep
|turn|14
|
|t:|1776263045
|move|p1a: Raging Bolt|Draco Meteor|p2a: Mandibuzz
|-damage|p2a: Mandibuzz|0 fnt
|-unboost|p1a: Raging Bolt|spa|2
|faint|p2a: Mandibuzz
|
|upkeep
|
|t:|1776263050
|switch|p2a: Gholdengo|Gholdengo|100/100
|-damage|p2a: Gholdengo|94/100|[from] Stealth Rock
|-item|p2a: Gholdengo|Air Balloon
|turn|15
|
|t:|1776263073
|move|p2a: Gholdengo|Make It Rain|p1a: Raging Bolt
|-resisted|p1a: Raging Bolt
|-damage|p1a: Raging Bolt|70/100
|-unboost|p2a: Gholdengo|spa|1
|move|p1a: Raging Bolt|Volt Switch|p2a: Gholdengo
|-damage|p2a: Gholdengo|71/100
|-enditem|p2a: Gholdengo|Air Balloon
|
|t:|1776263085
|-end|p1a: Raging Bolt|Protosynthesis|[silent]
|switch|p1a: Samurott|Samurott-Hisui, F|82/100|[from] Volt Switch
|
|upkeep
|turn|16
|
|t:|1776263094
|switch|p2a: Ting-Lu|Ting-Lu|100/100
|-damage|p2a: Ting-Lu|94/100|[from] Stealth Rock
|-ability|p2a: Ting-Lu|Vessel of Ruin
|move|p1a: Samurott|Flip Turn|p2a: Ting-Lu
|-supereffective|p2a: Ting-Lu
|-damage|p2a: Ting-Lu|69/100
|
|t:|1776263103
|switch|p1a: Ogerpon|Ogerpon-Wellspring, F|6/100|[from] Flip Turn
|
|upkeep
|turn|17
|
|t:|1776263112
|move|p1a: Ogerpon|U-turn|p2a: Ting-Lu
|-supereffective|p2a: Ting-Lu
|-damage|p2a: Ting-Lu|42/100
|
|t:|1776263118
|switch|p1a: Samurott|Samurott-Hisui, F|82/100|[from] U-turn
|move|p2a: Ting-Lu|Body Press|p1a: Samurott
|-supereffective|p1a: Samurott
|-damage|p1a: Samurott|15/100
|
|upkeep
|turn|18
|
|t:|1776263128
|move|p1a: Samurott|Aqua Cutter|p2a: Ting-Lu
|-supereffective|p2a: Ting-Lu
|-damage|p2a: Ting-Lu|0 fnt
|faint|p2a: Ting-Lu
|
|upkeep
|
|t:|1776263135
|switch|p2a: Raging Bolt|Raging Bolt|50/100
|-damage|p2a: Raging Bolt|38/100|[from] Stealth Rock
|turn|19
|
|t:|1776263140
|switch|p1a: Scizor|Scizor, F|19/100
|move|p2a: Raging Bolt|Thunderclap||[still]
|-fail|p2a: Raging Bolt
|
|upkeep
|turn|20
|
|t:|1776263150
|move|p1a: Scizor|Bullet Punch|p2a: Raging Bolt
|-resisted|p2a: Raging Bolt
|-damage|p2a: Raging Bolt|15/100
|move|p2a: Raging Bolt|Thunderbolt|p1a: Scizor
|-damage|p1a: Scizor|0 fnt
|faint|p1a: Scizor
|
|upkeep
|
|t:|1776263159
|switch|p1a: Raging Bolt|Raging Bolt|70/100
|turn|21
|
|t:|1776263167
|-end|p2a: Raging Bolt|Protosynthesis|[silent]
|switch|p2a: Gholdengo|Gholdengo|71/100
|-damage|p2a: Gholdengo|65/100|[from] Stealth Rock
|-terastallize|p1a: Raging Bolt|Ghost
|move|p1a: Raging Bolt|Discharge|p2a: Gholdengo
|-damage|p2a: Gholdengo|4/100
|
|upkeep
|turn|22
|
|t:|1776263178
|move|p1a: Raging Bolt|Thunderclap|p2a: Gholdengo
|-damage|p2a: Gholdengo|0 fnt
|faint|p2a: Gholdengo
|
|upkeep
|
|t:|1776263182
|switch|p2a: Raging Bolt|Raging Bolt|15/100
|-damage|p2a: Raging Bolt|3/100|[from] Stealth Rock
|turn|23
|
|t:|1776263186
|move|p2a: Raging Bolt|Thunderclap|p1a: Raging Bolt
|-crit|p1a: Raging Bolt
|-damage|p1a: Raging Bolt|8/100
|move|p1a: Raging Bolt|Thunderclap||[still]
|-fail|p1a: Raging Bolt
|
|upkeep
|turn|24
|
|t:|1776263192
|move|p2a: Raging Bolt|Thunderclap|p1a: Raging Bolt
|-damage|p1a: Raging Bolt|0 fnt
|faint|p1a: Raging Bolt
|-end|p1a: Raging Bolt|Protosynthesis|[silent]
|
|upkeep
|
|t:|1776263195
|switch|p1a: Samurott|Samurott-Hisui, F|15/100
|turn|25
|
|t:|1776263199
|move|p2a: Raging Bolt|Thunderclap|p1a: Samurott
|-supereffective|p1a: Samurott
|-damage|p1a: Samurott|0 fnt
|faint|p1a: Samurott
|
|upkeep
|
|t:|1776263200
|switch|p1a: Ogerpon|Ogerpon-Wellspring, F|6/100
|turn|26
|-message|ravycon forfeited.
|
|win|gui1912
|raw|ravycon's rating: 1125 &rarr; <strong>1096</strong><br />(-29 for losing)
|raw|gui1912's rating: 1076 &rarr; <strong>1109</strong><br />(+33 for winning)
|l|☆ravycon
|player|p1|
