|html|<div class="broadcast-blue"><strong>[Gen 9] OU is currently suspecting Tera Blast! For information on how to participate check out the <a href="https://www.smogon.com/tools/suspects/view/200">suspect thread</a>.</strong></div>
|j|☆Epochlucky
|j|☆osodelclima
|t:|1776086223
|gametype|singles
|player|p1|Epochlucky|unknown|1179
|player|p2|osodelclima|101|1222
|gen|9
|tier|[Gen 9] OU
|rated|
|rule|HP Percentage Mod: HP is shown in percentages
|rule|Endless Battle Clause: Forcing endless battles is banned
|rule|Species Clause: Limit one of each Pokémon
|rule|OHKO Clause: OHKO moves are banned
|rule|Evasion Items Clause: Evasion items are banned
|rule|Evasion Moves Clause: Evasion moves are banned
|rule|Evasion Abilities Clause: Evasion abilities are banned
|rule|Sleep Moves Clause: Sleep-inducing moves are banned
|clearpoke
|poke|p1|Iron Moth|
|poke|p1|Gliscor, F|
|poke|p1|Hatterene, F|
|poke|p1|Ogerpon-Wellspring, F|
|poke|p1|Raging Bolt|
|poke|p1|Zamazenta-*|
|poke|p2|Pecharunt|
|poke|p2|Blastoise, M|
|poke|p2|Porygon-Z|
|poke|p2|Ceruledge, M|
|poke|p2|Iron Thorns|
|poke|p2|Haxorus, F|
|teampreview
|j| nbj25
|inactive|Battle timer is ON: inactive players will automatically lose when time's up. (requested by osodelclima)
|
|t:|1776086232
|teamsize|p1|6
|teamsize|p2|6
|start
|switch|p1a: Raging Bolt|Raging Bolt|100/100
|switch|p2a: Porygon-Z|Porygon-Z|100/100
|-enditem|p1a: Raging Bolt|Booster Energy
|-activate|p1a: Raging Bolt|ability: Protosynthesis|[fromitem]
|-start|p1a: Raging Bolt|protosynthesisspa
|turn|1
|
|t:|1776086243
|move|p2a: Porygon-Z|Tri Attack|p1a: Raging Bolt
|-damage|p1a: Raging Bolt|42/100
|-status|p1a: Raging Bolt|brn
|move|p1a: Raging Bolt|Dragon Pulse|p2a: Porygon-Z
|-damage|p2a: Porygon-Z|9/100
|
|-damage|p1a: Raging Bolt|36/100 brn|[from] brn
|upkeep
|turn|2
|
|t:|1776086256
|switch|p2a: Iron Thorns|Iron Thorns|100/100
|move|p1a: Raging Bolt|Thunderclap||[still]
|-fail|p1a: Raging Bolt
|
|-damage|p1a: Raging Bolt|30/100 brn|[from] brn
|upkeep
|turn|3
|
|t:|1776086269
|-end|p1a: Raging Bolt|Protosynthesis|[silent]
|switch|p1a: Ogerpon|Ogerpon-Wellspring, F|100/100
|move|p2a: Iron Thorns|Pin Missile|p1a: Ogerpon
|-supereffective|p1a: Ogerpon
|-damage|p1a: Ogerpon|77/100
|-supereffective|p1a: Ogerpon
|-damage|p1a: Ogerpon|51/100
|-supereffective|p1a: Ogerpon
|-damage|p1a: Ogerpon|23/100
|-supereffective|p1a: Ogerpon
|-damage|p1a: Ogerpon|0 fnt
|faint|p1a: Ogerpon
|-hitcount|p1: Ogerpon|4
|
|upkeep
|
|t:|1776086279
|switch|p1a: Hatterene|Hatterene, F|100/100
|turn|4
|
|t:|1776086286
|move|p2a: Iron Thorns|Dragon Dance|p2a: Iron Thorns
|-boost|p2a: Iron Thorns|atk|1
|-boost|p2a: Iron Thorns|spe|1
|move|p1a: Hatterene|Draining Kiss|p2a: Iron Thorns
|-damage|p2a: Iron Thorns|73/100
|
|upkeep
|turn|5
|
|t:|1776086295
|move|p2a: Iron Thorns|Dragon Dance|p2a: Iron Thorns
|-boost|p2a: Iron Thorns|atk|1
|-boost|p2a: Iron Thorns|spe|1
|move|p1a: Hatterene|Draining Kiss|p2a: Iron Thorns
|-damage|p2a: Iron Thorns|47/100
|
|upkeep
|turn|6
|
|t:|1776086302
|move|p2a: Iron Thorns|Rock Blast|p1a: Hatterene
|-damage|p1a: Hatterene|75/100
|-damage|p1a: Hatterene|50/100
|-damage|p1a: Hatterene|25/100
|-damage|p1a: Hatterene|0 fnt
|faint|p1a: Hatterene
|-hitcount|p1: Hatterene|4
|
|upkeep
|
|t:|1776086314
|switch|p1a: Zamazenta|Zamazenta|100/100
|-ability|p1a: Zamazenta|Dauntless Shield|boost
|-boost|p1a: Zamazenta|def|1
|turn|7
|
|t:|1776086321
|-end|p2a: Iron Thorns|Quark Drive|[silent]
|switch|p2a: Ceruledge|Ceruledge, M|100/100
|move|p1a: Zamazenta|Reflect|p1a: Zamazenta
|-sidestart|p1: Epochlucky|Reflect
|
|upkeep
|turn|8
|
|t:|1776086328
|move|p1a: Zamazenta|Light Screen|p1a: Zamazenta
|-sidestart|p1: Epochlucky|move: Light Screen
|move|p2a: Ceruledge|Swords Dance|p2a: Ceruledge
|-boost|p2a: Ceruledge|atk|2
|
|upkeep
|turn|9
|
|t:|1776086336
|switch|p1a: Gliscor|Gliscor, F|100/100
|move|p2a: Ceruledge|Swords Dance|p2a: Ceruledge
|-boost|p2a: Ceruledge|atk|2
|
|-status|p1a: Gliscor|tox|[from] item: Toxic Orb
|upkeep
|turn|10
|
|t:|1776086348
|move|p2a: Ceruledge|Poltergeist|p1a: Gliscor
|-activate|p1a: Gliscor|move: Poltergeist|Toxic Orb
|-damage|p1a: Gliscor|30/100 tox
|move|p1a: Gliscor|Earthquake|p2a: Ceruledge
|-supereffective|p2a: Ceruledge
|-enditem|p2a: Ceruledge|Focus Sash
|-damage|p2a: Ceruledge|1/100
|-ability|p2a: Ceruledge|Weak Armor|boost
|-unboost|p2a: Ceruledge|def|1
|-boost|p2a: Ceruledge|spe|2
|
|-heal|p1a: Gliscor|43/100 tox|[from] ability: Poison Heal
|upkeep
|turn|11
|
|t:|1776086362
|switch|p1a: Zamazenta|Zamazenta|100/100
|move|p2a: Ceruledge|Bitter Blade|p1a: Zamazenta
|-damage|p1a: Zamazenta|47/100
|-heal|p2a: Ceruledge|36/100|[from] drain|[of] p1a: Zamazenta
|
|upkeep
|turn|12
|
|t:|1776086370
|move|p2a: Ceruledge|Bitter Blade|p1a: Zamazenta
|-damage|p1a: Zamazenta|0 fnt
|-heal|p2a: Ceruledge|66/100|[from] drain|[of] p1a: Zamazenta
|faint|p1a: Zamazenta
|
|upkeep
|-message|Epochlucky forfeited.
|
|win|osodelclima
|raw|Epochlucky's rating: 1179 &rarr; <strong>1157</strong><br />(-22 for losing)
|raw|osodelclima's rating: 1222 &rarr; <strong>1244</strong><br />(+22 for winning)
|l|☆Epochlucky
|player|p1|
|l|☆osodelclima
|player|p2|
