|html|<div class="broadcast-blue"><strong>[Gen 9] OU is currently suspecting Tera Blast! For information on how to participate check out the <a href="https://www.smogon.com/tools/suspects/view/200">suspect thread</a>.</strong></div>
|j|☆SlNGULARlTY
|j|☆sam699
|t:|1776282809
|gametype|singles
|player|p1|SlNGULARlTY|koga|1459
|player|p2|sam699|zinzolin|1493
|gen|9
|tier|[Gen 9] OU
|rated|
|rule|HP Percentage Mod: HP is shown in percentages
|rule|Endless Battle Clause: Forcing endless battles is banned
|rule|Species Clause: Limit one of each Pokémon
|rule|OHKO Clause: OHKO moves are banned
|rule|Evasion Items Clause: Evasion items are banned
|rule|Evasion Moves Clause: Evasion moves are banned
|rule|Evasion Abilities Clause: Evasion abilities are banned
|rule|Sleep Moves Clause: Sleep-inducing moves are banned
|clearpoke
|poke|p1|Clefable, F|
|poke|p1|Slowking-Galar, F|
|poke|p1|Iron Hands|
|poke|p1|Raging Bolt|
|poke|p1|Iron Valiant|
|poke|p1|Pincurchin, M|
|poke|p2|Ribombee, F|
|poke|p2|Zamazenta-*|
|poke|p2|Rillaboom, M|
|poke|p2|Gholdengo|
|poke|p2|Darkrai|
|poke|p2|Azumarill, M|
|teampreview
|inactive|Battle timer is ON: inactive players will automatically lose when time's up. (requested by SlNGULARlTY)
|
|t:|1776282818
|teamsize|p1|6
|teamsize|p2|6
|start
|switch|p1a: Slowking|Slowking-Galar, F|100/100
|switch|p2a: Ribombee|Ribombee, F|100/100
|turn|1
|
|t:|1776282830
|move|p2a: Ribombee|Sticky Web|p1a: Slowking
|-sidestart|p1: SlNGULARlTY|move: Sticky Web
|move|p1a: Slowking|Future Sight|p2a: Ribombee
|-start|p1a: Slowking|move: Future Sight
|
|upkeep
|turn|2
|
|t:|1776282850
|move|p2a: Ribombee|Stun Spore|p1a: Slowking|[miss]
|-miss|p2a: Ribombee|p1a: Slowking
|move|p1a: Slowking|Trick Room|p1a: Slowking
|-fieldstart|move: Trick Room|[of] p1a: Slowking
|
|upkeep
|turn|3
|
|t:|1776282859
|-prepare|p1a: Slowking|Chilly Reception|[premajor]
|move|p1a: Slowking|Chilly Reception|p1a: Slowking
|-weather|Snowscape
|
|t:|1776282864
|switch|p1a: Iron Hands|Iron Hands|100/100|[from] Chilly Reception
|-activate|p1a: Iron Hands|move: Sticky Web
|-unboost|p1a: Iron Hands|spe|1
|-enditem|p1a: Iron Hands|Room Service
|-unboost|p1a: Iron Hands|spe|1|[from] item: Room Service
|move|p2a: Ribombee|Stun Spore|p1a: Iron Hands|[miss]
|-miss|p2a: Ribombee|p1a: Iron Hands
|
|-weather|Snowscape|[upkeep]
|-end|p2a: Ribombee|move: Future Sight
|-damage|p2a: Ribombee|39/100
|upkeep
|turn|4
|
|t:|1776282876
|move|p1a: Iron Hands|Thunder Punch|p2a: Ribombee
|-damage|p2a: Ribombee|0 fnt
|faint|p2a: Ribombee
|
|-weather|Snowscape|[upkeep]
|upkeep
|inactive|sam699 has 120 seconds left.
|
|t:|1776282909
|switch|p2a: Gholdengo|Gholdengo|100/100
|-item|p2a: Gholdengo|Air Balloon
|turn|5
|inactive|sam699 has 120 seconds left.
|
|t:|1776282917
|move|p1a: Iron Hands|Thunder Punch|p2a: Gholdengo
|-damage|p2a: Gholdengo|47/100
|-enditem|p2a: Gholdengo|Air Balloon
|move|p2a: Gholdengo|Shadow Ball|p1a: Iron Hands
|-damage|p1a: Iron Hands|61/100
|
|-weather|Snowscape|[upkeep]
|upkeep
|turn|6
|inactive|sam699 has 120 seconds left.
|
|t:|1776282927
|switch|p2a: Rillaboom|Rillaboom, M|100/100
|-fieldstart|move: Grassy Terrain|[from] ability: Grassy Surge|[of] p2a: Rillaboom
|move|p1a: Iron Hands|Earthquake|p2a: Rillaboom
|-resisted|p2a: Rillaboom
|-damage|p2a: Rillaboom|90/100
|
|-weather|Snowscape|[upkeep]
|-heal|p1a: Iron Hands|67/100|[from] Grassy Terrain
|-heal|p2a: Rillaboom|96/100|[from] Grassy Terrain
|-fieldend|move: Trick Room
|upkeep
|turn|7
|
|t:|1776282937
|-end|p1a: Iron Hands|Quark Drive|[silent]
|switch|p1a: Pincurchin|Pincurchin, M|100/100
|-fieldstart|move: Electric Terrain|[from] ability: Electric Surge|[of] p1a: Pincurchin
|move|p2a: Rillaboom|Wood Hammer|p1a: Pincurchin
|-damage|p1a: Pincurchin|22/100
|-damage|p2a: Rillaboom|74/100|[from] Recoil
|
|-weather|none
|upkeep
|turn|8
|
|t:|1776282944
|switch|p1a: Slowking|Slowking-Galar, F|100/100
|move|p2a: Rillaboom|Wood Hammer|p1a: Slowking
|-resisted|p1a: Slowking
|-crit|p1a: Slowking
|-damage|p1a: Slowking|17/100
|-damage|p2a: Rillaboom|42/100|[from] Recoil
|
|upkeep
|turn|9
|
|t:|1776282960
|switch|p1a: Pincurchin|Pincurchin, M|22/100
|move|p2a: Rillaboom|Wood Hammer|p1a: Pincurchin
|-damage|p1a: Pincurchin|0 fnt
|faint|p1a: Pincurchin
|-damage|p2a: Rillaboom|35/100|[from] Recoil
|
|upkeep
|
|t:|1776282965
|switch|p1a: Raging Bolt|Raging Bolt|100/100
|-activate|p1a: Raging Bolt|move: Sticky Web
|-unboost|p1a: Raging Bolt|spe|1
|-enditem|p1a: Raging Bolt|Booster Energy
|-activate|p1a: Raging Bolt|ability: Protosynthesis|[fromitem]
|-start|p1a: Raging Bolt|protosynthesisspa
|turn|10
|
|t:|1776282984
|switch|p2a: Zamazenta|Zamazenta|100/100
|-ability|p2a: Zamazenta|Dauntless Shield|boost
|-boost|p2a: Zamazenta|def|1
|move|p1a: Raging Bolt|Calm Mind|p1a: Raging Bolt
|-boost|p1a: Raging Bolt|spa|1
|-boost|p1a: Raging Bolt|spd|1
|
|upkeep
|turn|11
|
|t:|1776283005
|move|p2a: Zamazenta|Light Screen|p2a: Zamazenta
|-sidestart|p2: sam699|move: Light Screen
|move|p1a: Raging Bolt|Thunderbolt|p2a: Zamazenta
|-damage|p2a: Zamazenta|50/100
|-status|p2a: Zamazenta|par
|
|-fieldend|move: Electric Terrain
|upkeep
|turn|12
|
|t:|1776283015
|switch|p2a: Rillaboom|Rillaboom, M|35/100
|-fieldstart|move: Grassy Terrain|[from] ability: Grassy Surge|[of] p2a: Rillaboom
|move|p1a: Raging Bolt|Calm Mind|p1a: Raging Bolt
|-boost|p1a: Raging Bolt|spa|1
|-boost|p1a: Raging Bolt|spd|1
|
|-heal|p2a: Rillaboom|41/100|[from] Grassy Terrain
|upkeep
|turn|13
|
|t:|1776283031
|move|p2a: Rillaboom|Wood Hammer|p1a: Raging Bolt
|-resisted|p1a: Raging Bolt
|-damage|p1a: Raging Bolt|47/100
|-damage|p2a: Rillaboom|18/100|[from] Recoil
|move|p1a: Raging Bolt|Draco Meteor|p2a: Rillaboom
|-damage|p2a: Rillaboom|0 fnt
|-unboost|p1a: Raging Bolt|spa|2
|faint|p2a: Rillaboom
|
|-heal|p1a: Raging Bolt|53/100|[from] Grassy Terrain
|upkeep
|
|t:|1776283044
|switch|p2a: Darkrai|Darkrai|100/100
|turn|14
|
|t:|1776283052
|move|p2a: Darkrai|Ice Beam|p1a: Raging Bolt
|-supereffective|p1a: Raging Bolt
|-damage|p1a: Raging Bolt|26/100
|move|p1a: Raging Bolt|Thunderbolt|p2a: Darkrai
|-damage|p2a: Darkrai|56/100
|
|-heal|p2a: Darkrai|62/100|[from] Grassy Terrain
|-heal|p1a: Raging Bolt|32/100|[from] Grassy Terrain
|upkeep
|turn|15
|
|t:|1776283060
|move|p2a: Darkrai|Ice Beam|p1a: Raging Bolt
|-supereffective|p1a: Raging Bolt
|-damage|p1a: Raging Bolt|5/100
|move|p1a: Raging Bolt|Thunderbolt|p2a: Darkrai
|-crit|p2a: Darkrai
|-damage|p2a: Darkrai|0 fnt
|faint|p2a: Darkrai
|
|-heal|p1a: Raging Bolt|11/100|[from] Grassy Terrain
|upkeep
|-message|sam699 forfeited.
|
|win|SlNGULARlTY
|raw|SlNGULARlTY's rating: 1459 &rarr; <strong>1481</strong><br />(+22 for winning)
|raw|sam699's rating: 1493 &rarr; <strong>1471</strong><br />(-22 for losing)
|l|☆sam699
|player|p2|
