|html|<div class="broadcast-blue"><strong>[Gen 9] OU is currently suspecting Tera Blast! For information on how to participate check out the <a href="https://www.smogon.com/tools/suspects/view/200">suspect thread</a>.</strong></div>
|j|☆Bring09
|j|☆TheJato
|t:|1776060663
|gametype|singles
|player|p1|Bring09|169|1052
|player|p2|TheJato|169|1067
|gen|9
|tier|[Gen 9] OU
|rated|
|rule|HP Percentage Mod: HP is shown in percentages
|rule|Endless Battle Clause: Forcing endless battles is banned
|rule|Species Clause: Limit one of each Pokémon
|rule|OHKO Clause: OHKO moves are banned
|rule|Evasion Items Clause: Evasion items are banned
|rule|Evasion Moves Clause: Evasion moves are banned
|rule|Evasion Abilities Clause: Evasion abilities are banned
|rule|Sleep Moves Clause: Sleep-inducing moves are banned
|clearpoke
|poke|p1|Excadrill, F|
|poke|p1|Dragonite, F|
|poke|p1|Hippowdon, M|
|poke|p1|Whimsicott, M|
|poke|p1|Dragapult, M|
|poke|p1|Cinccino, M|
|poke|p2|Deoxys-Speed|
|poke|p2|Electrode-Hisui|
|poke|p2|Dragapult, M|
|poke|p2|Zamazenta-*|
|poke|p2|Barraskewda, F|
|poke|p2|Talonflame, F|
|teampreview
|
|t:|1776060691
|teamsize|p1|6
|teamsize|p2|6
|start
|switch|p1a: Whimsicott|Whimsicott, M, shiny|100/100
|switch|p2a: Dragapult|Dragapult, M|100/100
|turn|1
|inactive|Battle timer is ON: inactive players will automatically lose when time's up. (requested by TheJato)
|
|t:|1776060702
|move|p1a: Whimsicott|Tailwind|p1a: Whimsicott
|-sidestart|p1: Bring09|move: Tailwind
|move|p2a: Dragapult|Flamethrower|p1a: Whimsicott
|-supereffective|p1a: Whimsicott
|-enditem|p1a: Whimsicott|Focus Sash
|-damage|p1a: Whimsicott|1/100
|
|upkeep
|turn|2
|
|t:|1776060710
|move|p1a: Whimsicott|Moonblast|p2a: Dragapult
|-supereffective|p2a: Dragapult
|-damage|p2a: Dragapult|0 fnt
|faint|p2a: Dragapult
|
|upkeep
|
|t:|1776060733
|switch|p2a: Electrode|Electrode-Hisui|100/100
|turn|3
|
|t:|1776060759
|move|p1a: Whimsicott|Moonblast|p2a: Electrode
|-damage|p2a: Electrode|46/100
|move|p2a: Electrode|Giga Drain|p1a: Whimsicott
|-resisted|p1a: Whimsicott
|-damage|p1a: Whimsicott|0 fnt
|-heal|p2a: Electrode|47/100|[from] drain|[of] p1a: Whimsicott
|faint|p1a: Whimsicott
|
|upkeep
|inactive|Bring09 has 120 seconds left.
|
|t:|1776060772
|switch|p1a: Dragapult|Dragapult, M|100/100
|turn|4
|inactive|Bring09 has 120 seconds left.
|
|t:|1776060790
|move|p1a: Dragapult|Dragon Darts|p2a: Electrode
|-damage|p2a: Electrode|0 fnt
|faint|p2a: Electrode
|-damage|p1a: Dragapult|91/100|[from] item: Life Orb
|
|-sideend|p1: Bring09|move: Tailwind
|upkeep
|
|t:|1776060810
|switch|p2a: Zamazenta|Zamazenta|100/100
|-ability|p2a: Zamazenta|Dauntless Shield|boost
|-boost|p2a: Zamazenta|def|1
|turn|5
|
|t:|1776060820
|move|p2a: Zamazenta|Crunch|p1a: Dragapult
|-supereffective|p1a: Dragapult
|-damage|p1a: Dragapult|0 fnt
|faint|p1a: Dragapult
|
|upkeep
|inactive|Bring09 has 120 seconds left.
|
|t:|1776060836
|switch|p1a: Hippowdon|Hippowdon, M|100/100
|-weather|Sandstorm|[from] ability: Sand Stream|[of] p1a: Hippowdon
|turn|6
|inactive|Bring09 has 120 seconds left.
|
|t:|1776060844
|move|p2a: Zamazenta|Crunch|p1a: Hippowdon
|-damage|p1a: Hippowdon|78/100
|move|p1a: Hippowdon|Stealth Rock|p2a: Zamazenta
|-sidestart|p2: TheJato|move: Stealth Rock
|
|-weather|Sandstorm|[upkeep]
|-damage|p2a: Zamazenta|94/100|[from] Sandstorm
|-heal|p1a: Hippowdon|84/100|[from] item: Leftovers
|upkeep
|turn|7
|
|t:|1776060853
|move|p2a: Zamazenta|Crunch|p1a: Hippowdon
|-damage|p1a: Hippowdon|65/100
|move|p1a: Hippowdon|Roar|p2a: Zamazenta
|drag|p2a: Talonflame|Talonflame, F|100/100
|-damage|p2a: Talonflame|51/100|[from] Stealth Rock
|
|-weather|Sandstorm|[upkeep]
|-damage|p2a: Talonflame|45/100|[from] Sandstorm
|-heal|p1a: Hippowdon|71/100|[from] item: Leftovers
|upkeep
|turn|8
|inactive|Bring09 has 120 seconds left.
|
|t:|1776060869
|move|p2a: Talonflame|Brave Bird|p1a: Hippowdon
|-damage|p1a: Hippowdon|33/100
|-damage|p2a: Talonflame|27/100|[from] Recoil
|move|p1a: Hippowdon|Curse|p1a: Hippowdon
|-unboost|p1a: Hippowdon|spe|1
|-boost|p1a: Hippowdon|atk|1
|-boost|p1a: Hippowdon|def|1
|
|-weather|Sandstorm|[upkeep]
|-damage|p2a: Talonflame|21/100|[from] Sandstorm
|-heal|p1a: Hippowdon|40/100|[from] item: Leftovers
|upkeep
|turn|9
|inactive|Bring09 has 120 seconds left.
|
|t:|1776060883
|move|p2a: Talonflame|Brave Bird|p1a: Hippowdon
|-damage|p1a: Hippowdon|16/100
|-damage|p2a: Talonflame|10/100|[from] Recoil
|move|p1a: Hippowdon|Roar|p2a: Talonflame
|drag|p2a: Zamazenta|Zamazenta|94/100
|-damage|p2a: Zamazenta|88/100|[from] Stealth Rock
|
|-weather|Sandstorm|[upkeep]
|-damage|p2a: Zamazenta|82/100|[from] Sandstorm
|-heal|p1a: Hippowdon|22/100|[from] item: Leftovers
|upkeep
|turn|10
|inactive|Bring09 has 120 seconds left.
|
|t:|1776060899
|switch|p1a: Dragonite|Dragonite, F|100/100
|move|p2a: Zamazenta|Close Combat|p1a: Dragonite
|-resisted|p1a: Dragonite
|-damage|p1a: Dragonite|53/100
|-unboost|p2a: Zamazenta|def|1
|-unboost|p2a: Zamazenta|spd|1
|
|-weather|none
|upkeep
|turn|11
|inactive|Bring09 has 120 seconds left.
|
|t:|1776060910
|move|p1a: Dragonite|Extreme Speed|p2a: Zamazenta
|-damage|p2a: Zamazenta|44/100
|move|p2a: Zamazenta|Close Combat|p1a: Dragonite
|-resisted|p1a: Dragonite
|-damage|p1a: Dragonite|8/100
|-unboost|p2a: Zamazenta|def|1
|-unboost|p2a: Zamazenta|spd|1
|
|upkeep
|turn|12
|inactive|Bring09 has 120 seconds left.
|
|t:|1776060918
|move|p1a: Dragonite|Extreme Speed|p2a: Zamazenta
|-damage|p2a: Zamazenta|0 fnt
|faint|p2a: Zamazenta
|
|upkeep
|
|t:|1776060933
|switch|p2a: Deoxys|Deoxys-Speed|100/100
|-damage|p2a: Deoxys|88/100|[from] Stealth Rock
|-ability|p2a: Deoxys|Pressure
|turn|13
|
|t:|1776060948
|move|p1a: Dragonite|Extreme Speed|p2a: Deoxys
|-damage|p2a: Deoxys|42/100
|move|p2a: Deoxys|Flash Cannon|p1a: Dragonite
|-damage|p1a: Dragonite|0 fnt
|faint|p1a: Dragonite
|
|upkeep
|
|t:|1776060958
|switch|p1a: Hippowdon|Hippowdon, M|22/100
|-weather|Sandstorm|[from] ability: Sand Stream|[of] p1a: Hippowdon
|turn|14
|
|t:|1776060965
|move|p2a: Deoxys|Flash Cannon|p1a: Hippowdon
|-damage|p1a: Hippowdon|0 fnt
|faint|p1a: Hippowdon
|
|-weather|Sandstorm|[upkeep]
|-damage|p2a: Deoxys|36/100|[from] Sandstorm
|upkeep
|
|t:|1776060971
|switch|p1a: Excadrill|Excadrill, F|100/100
|turn|15
|
|t:|1776060981
|-terastallize|p1a: Excadrill|Ground
|move|p1a: Excadrill|Earthquake|p2a: Deoxys
|-damage|p2a: Deoxys|0 fnt
|faint|p2a: Deoxys
|-damage|p1a: Excadrill|91/100|[from] item: Life Orb
|
|-weather|Sandstorm|[upkeep]
|upkeep
|
|t:|1776060990
|switch|p2a: Barraskewda|Barraskewda, F|100/100
|-damage|p2a: Barraskewda|88/100|[from] Stealth Rock
|turn|16
|
|t:|1776060997
|move|p1a: Excadrill|Earthquake|p2a: Barraskewda
|-damage|p2a: Barraskewda|0 fnt
|faint|p2a: Barraskewda
|-damage|p1a: Excadrill|81/100|[from] item: Life Orb
|
|-weather|Sandstorm|[upkeep]
|upkeep
|
|t:|1776061003
|switch|p2a: Talonflame|Talonflame, F|10/100
|-damage|p2a: Talonflame|0 fnt|[from] Stealth Rock
|faint|p2a: Talonflame
|
|win|Bring09
|raw|Bring09's rating: 1052 &rarr; <strong>1086</strong><br />(+34 for winning)
|raw|TheJato's rating: 1067 &rarr; <strong>1046</strong><br />(-21 for losing)
|l|☆TheJato
|player|p2|
|l|☆Bring09
|player|p1|
