|html|<div class="broadcast-blue"><strong>[Gen 9] OU is currently suspecting Tera Blast! For information on how to participate check out the <a href="https://www.smogon.com/tools/suspects/view/200">suspect thread</a>.</strong></div>
|j|☆qvrav
|j|☆RedVersion643
|t:|1776089076
|gametype|singles
|player|p1|qvrav|102|1088
|player|p2|RedVersion643|blue-masters2|1132
|gen|9
|tier|[Gen 9] OU
|rated|
|rule|HP Percentage Mod: HP is shown in percentages
|rule|Endless Battle Clause: Forcing endless battles is banned
|rule|Species Clause: Limit one of each Pokémon
|rule|OHKO Clause: OHKO moves are banned
|rule|Evasion Items Clause: Evasion items are banned
|rule|Evasion Moves Clause: Evasion moves are banned
|rule|Evasion Abilities Clause: Evasion abilities are banned
|rule|Sleep Moves Clause: Sleep-inducing moves are banned
|clearpoke
|poke|p1|Iron Moth|
|poke|p1|Garchomp, F|
|poke|p1|Azumarill, M|
|poke|p1|Blaziken, F|
|poke|p1|Raging Bolt|
|poke|p1|Corviknight, M|
|poke|p2|Suicune|
|poke|p2|Ceruledge, M|
|poke|p2|Rillaboom, M|
|poke|p2|Mimikyu, F|
|poke|p2|Glimmora, F|
|poke|p2|Zapdos-Galar|
|teampreview
|
|t:|1776089087
|teamsize|p1|6
|teamsize|p2|6
|start
|switch|p1a: Iron Moth|Iron Moth|100/100
|switch|p2a: Glimmora|Glimmora, F|100/100
|-item|p2a: Glimmora|Air Balloon
|-enditem|p1a: Iron Moth|Booster Energy
|-activate|p1a: Iron Moth|ability: Quark Drive|[fromitem]
|-start|p1a: Iron Moth|quarkdrivespe
|turn|1
|
|t:|1776089103
|move|p1a: Iron Moth|Sunny Day|p1a: Iron Moth
|-weather|SunnyDay
|move|p2a: Glimmora|Stealth Rock|p1a: Iron Moth
|-sidestart|p1: qvrav|move: Stealth Rock
|
|-weather|SunnyDay|[upkeep]
|upkeep
|turn|2
|
|t:|1776089112
|move|p1a: Iron Moth|Discharge|p2a: Glimmora
|-damage|p2a: Glimmora|69/100
|-enditem|p2a: Glimmora|Air Balloon
|move|p2a: Glimmora|Power Gem|p1a: Iron Moth
|-supereffective|p1a: Iron Moth
|-crit|p1a: Iron Moth
|-damage|p1a: Iron Moth|0 fnt
|faint|p1a: Iron Moth
|-end|p1a: Iron Moth|Quark Drive|[silent]
|
|-weather|SunnyDay|[upkeep]
|upkeep
|
|t:|1776089124
|switch|p1a: Raging Bolt|Raging Bolt|100/100
|-damage|p1a: Raging Bolt|88/100|[from] Stealth Rock
|-activate|p1a: Raging Bolt|ability: Protosynthesis
|-start|p1a: Raging Bolt|protosynthesisspa
|turn|3
|
|t:|1776089134
|move|p2a: Glimmora|Mortal Spin|p1a: Raging Bolt
|-damage|p1a: Raging Bolt|82/100
|-status|p1a: Raging Bolt|psn
|move|p1a: Raging Bolt|Thunderbolt|p2a: Glimmora
|-damage|p2a: Glimmora|0 fnt
|faint|p2a: Glimmora
|
|-weather|SunnyDay|[upkeep]
|-damage|p1a: Raging Bolt|70/100 psn|[from] psn
|upkeep
|
|t:|1776089155
|switch|p2a: Mimikyu|Mimikyu, F|100/100
|turn|4
|
|t:|1776089166
|move|p2a: Mimikyu|Swords Dance|p2a: Mimikyu
|-boost|p2a: Mimikyu|atk|2
|move|p1a: Raging Bolt|Thunderbolt|p2a: Mimikyu
|-activate|p2a: Mimikyu|ability: Disguise
|-damage|p2a: Mimikyu|100/100
|-status|p2a: Mimikyu|par
|detailschange|p2a: Mimikyu|Mimikyu-Busted, F
|-damage|p2a: Mimikyu|88/100 par|[from] pokemon: Mimikyu-Busted
|
|-weather|SunnyDay|[upkeep]
|-damage|p1a: Raging Bolt|57/100 psn|[from] psn
|upkeep
|turn|5
|
|t:|1776089180
|move|p1a: Raging Bolt|Thunderbolt|p2a: Mimikyu
|-damage|p2a: Mimikyu|0 fnt
|faint|p2a: Mimikyu
|
|-weather|none
|-end|p1a: Raging Bolt|Protosynthesis
|-damage|p1a: Raging Bolt|45/100 psn|[from] psn
|upkeep
|-enditem|p1a: Raging Bolt|Booster Energy
|-activate|p1a: Raging Bolt|ability: Protosynthesis|[fromitem]
|-start|p1a: Raging Bolt|protosynthesisspa
|
|t:|1776089188
|switch|p2a: Ceruledge|Ceruledge, M|100/100
|turn|6
|
|t:|1776089195
|move|p2a: Ceruledge|Swords Dance|p2a: Ceruledge
|-boost|p2a: Ceruledge|atk|2
|move|p1a: Raging Bolt|Volt Switch|p2a: Ceruledge
|-damage|p2a: Ceruledge|31/100
|
|t:|1776089202
|-end|p1a: Raging Bolt|Protosynthesis|[silent]
|switch|p1a: Azumarill|Azumarill, M|100/100|[from] Volt Switch
|-damage|p1a: Azumarill|88/100|[from] Stealth Rock
|
|-heal|p1a: Azumarill|94/100|[from] item: Leftovers
|upkeep
|turn|7
|
|t:|1776089211
|-terastallize|p2a: Ceruledge|Dragon
|move|p2a: Ceruledge|Bitter Blade|p1a: Azumarill
|-resisted|p1a: Azumarill
|-damage|p1a: Azumarill|48/100
|-heal|p2a: Ceruledge|63/100|[from] drain|[of] p1a: Azumarill
|move|p1a: Azumarill|Belly Drum||[still]
|-fail|p1a: Azumarill
|
|-heal|p1a: Azumarill|54/100|[from] item: Leftovers
|upkeep
|turn|8
|
|t:|1776089225
|move|p2a: Ceruledge|Bitter Blade|p1a: Azumarill
|-resisted|p1a: Azumarill
|-damage|p1a: Azumarill|8/100
|-heal|p2a: Ceruledge|95/100|[from] drain|[of] p1a: Azumarill
|move|p1a: Azumarill|Waterfall|p2a: Ceruledge
|-resisted|p2a: Ceruledge
|-damage|p2a: Ceruledge|62/100
|-ability|p2a: Ceruledge|Weak Armor|boost
|-unboost|p2a: Ceruledge|def|1
|-boost|p2a: Ceruledge|spe|2
|
|-heal|p1a: Azumarill|15/100|[from] item: Leftovers
|upkeep
|turn|9
|
|t:|1776089242
|move|p2a: Ceruledge|Bitter Blade|p1a: Azumarill
|-resisted|p1a: Azumarill
|-damage|p1a: Azumarill|0 fnt
|-heal|p2a: Ceruledge|72/100|[from] drain|[of] p1a: Azumarill
|faint|p1a: Azumarill
|
|upkeep
|
|t:|1776089258
|switch|p1a: Corviknight|Corviknight, M|100/100
|turn|10
|
|t:|1776089264
|move|p2a: Ceruledge|Bitter Blade|p1a: Corviknight
|-supereffective|p1a: Corviknight
|-damage|p1a: Corviknight|0 fnt
|-heal|p2a: Ceruledge|100/100|[from] drain|[of] p1a: Corviknight
|faint|p1a: Corviknight
|
|upkeep
|
|t:|1776089272
|switch|p1a: Raging Bolt|Raging Bolt|45/100 psn
|-damage|p1a: Raging Bolt|32/100 psn|[from] Stealth Rock
|turn|11
|
|t:|1776089277
|move|p2a: Ceruledge|Dragon Claw|p1a: Raging Bolt
|-supereffective|p1a: Raging Bolt
|-damage|p1a: Raging Bolt|0 fnt
|faint|p1a: Raging Bolt
|-end|p1a: Raging Bolt|Protosynthesis|[silent]
|
|upkeep
|
|t:|1776089283
|switch|p1a: Garchomp|Garchomp, F|100/100
|-damage|p1a: Garchomp|94/100|[from] Stealth Rock
|turn|12
|
|t:|1776089289
|-terastallize|p1a: Garchomp|Electric
|move|p2a: Ceruledge|Dragon Claw|p1a: Garchomp
|-damage|p1a: Garchomp|11/100
|-damage|p2a: Ceruledge|88/100|[from] ability: Rough Skin|[of] p1a: Garchomp
|move|p1a: Garchomp|Swords Dance|p1a: Garchomp
|-boost|p1a: Garchomp|atk|2
|
|-heal|p1a: Garchomp|18/100|[from] item: Leftovers
|upkeep
|turn|13
|
|t:|1776089302
|move|p2a: Ceruledge|Shadow Sneak|p1a: Garchomp
|-damage|p1a: Garchomp|0 fnt
|-damage|p2a: Ceruledge|76/100|[from] ability: Rough Skin|[of] p1a: Garchomp
|faint|p1a: Garchomp
|
|upkeep
|
|t:|1776089307
|switch|p1a: Blaziken|Blaziken, F|100/100
|-damage|p1a: Blaziken|88/100|[from] Stealth Rock
|-item|p1a: Blaziken|Air Balloon
|turn|14
|
|t:|1776089314
|move|p1a: Blaziken|Protect|p1a: Blaziken
|-singleturn|p1a: Blaziken|Protect
|move|p2a: Ceruledge|Shadow Sneak|p1a: Blaziken
|-activate|p1a: Blaziken|move: Protect
|
|-ability|p1a: Blaziken|Speed Boost|boost
|-boost|p1a: Blaziken|spe|1
|upkeep
|turn|15
|
|t:|1776089325
|move|p2a: Ceruledge|Shadow Sneak|p1a: Blaziken
|-damage|p1a: Blaziken|22/100
|-enditem|p1a: Blaziken|Air Balloon
|move|p1a: Blaziken|Close Combat|p2a: Ceruledge
|-damage|p2a: Ceruledge|0 fnt
|-unboost|p1a: Blaziken|def|1
|-unboost|p1a: Blaziken|spd|1
|faint|p2a: Ceruledge
|
|-ability|p1a: Blaziken|Speed Boost|boost
|-boost|p1a: Blaziken|spe|1
|upkeep
|
|t:|1776089335
|switch|p2a: Rillaboom|Rillaboom, M|100/100
|-fieldstart|move: Grassy Terrain|[from] ability: Grassy Surge|[of] p2a: Rillaboom
|-enditem|p2a: Rillaboom|Grassy Seed
|-boost|p2a: Rillaboom|def|1|[from] item: Grassy Seed
|turn|16
|
|t:|1776089342
|move|p1a: Blaziken|Protect|p1a: Blaziken
|-singleturn|p1a: Blaziken|Protect
|move|p2a: Rillaboom|Grassy Glide|p1a: Blaziken
|-activate|p1a: Blaziken|move: Protect
|
|-heal|p1a: Blaziken|28/100|[from] Grassy Terrain
|-ability|p1a: Blaziken|Speed Boost|boost
|-boost|p1a: Blaziken|spe|1
|upkeep
|turn|17
|
|t:|1776089354
|move|p2a: Rillaboom|Grassy Glide|p1a: Blaziken
|-resisted|p1a: Blaziken
|-damage|p1a: Blaziken|0 fnt
|faint|p1a: Blaziken
|
|win|RedVersion643
|raw|qvrav's rating: 1088 &rarr; <strong>1068</strong><br />(-20 for losing)
|raw|RedVersion643's rating: 1132 &rarr; <strong>1154</strong><br />(+22 for winning)
