|html|<div class="broadcast-blue"><strong>[Gen 9] OU is currently suspecting Tera Blast! For information on how to participate check out the <a href="https://www.smogon.com/tools/suspects/view/200">suspect thread</a>.</strong></div>
|j|☆sammsnotfunny
|j|☆Niaist
|t:|1776033364
|gametype|singles
|player|p1|sammsnotfunny|bellelba|1214
|player|p2|Niaist|lance|1269
|gen|9
|tier|[Gen 9] OU
|rated|
|rule|HP Percentage Mod: HP is shown in percentages
|rule|Endless Battle Clause: Forcing endless battles is banned
|rule|Species Clause: Limit one of each Pokémon
|rule|OHKO Clause: OHKO moves are banned
|rule|Evasion Items Clause: Evasion items are banned
|rule|Evasion Moves Clause: Evasion moves are banned
|rule|Evasion Abilities Clause: Evasion abilities are banned
|rule|Sleep Moves Clause: Sleep-inducing moves are banned
|clearpoke
|poke|p1|Pawmot, M|
|poke|p1|Azumarill, F|
|poke|p1|Kingambit, F|
|poke|p1|Dragapult, F|
|poke|p1|Gliscor, F|
|poke|p1|Ogerpon-Wellspring, F|
|poke|p2|Iron Moth|
|poke|p2|Gliscor, M|
|poke|p2|Hatterene, F|
|poke|p2|Ogerpon-Wellspring, F|
|poke|p2|Raging Bolt|
|poke|p2|Zamazenta-*|
|teampreview
|inactive|Battle timer is ON: inactive players will automatically lose when time's up. (requested by Niaist)
|
|t:|1776033376
|teamsize|p1|6
|teamsize|p2|6
|start
|switch|p1a: Life of Pablo|Gliscor, F, shiny|100/100
|switch|p2a: Zamazenta|Zamazenta|100/100
|-ability|p2a: Zamazenta|Dauntless Shield|boost
|-boost|p2a: Zamazenta|def|1
|turn|1
|
|t:|1776033387
|switch|p2a: Hatterene|Hatterene, F|100/100
|move|p1a: Life of Pablo|Stealth Rock|p2a: Hatterene
|move|p2a: Hatterene|Stealth Rock|p1a: Life of Pablo|[from] ability: Magic Bounce
|-sidestart|p1: sammsnotfunny|move: Stealth Rock
|
|-status|p1a: Life of Pablo|tox|[from] item: Toxic Orb
|upkeep
|turn|2
|
|t:|1776033397
|switch|p2a: Ogerpon|Ogerpon-Wellspring, F|100/100
|move|p1a: Life of Pablo|Toxic|p2a: Ogerpon|[miss]
|-miss|p1a: Life of Pablo|p2a: Ogerpon
|
|upkeep
|turn|3
|
|t:|1776033404
|move|p2a: Ogerpon|Ivy Cudgel|p1a: Life of Pablo|[anim] Ivy Cudgel Water
|-supereffective|p1a: Life of Pablo
|-damage|p1a: Life of Pablo|24/100 tox
|move|p1a: Life of Pablo|Stealth Rock|p2a: Ogerpon
|-sidestart|p2: Niaist|move: Stealth Rock
|
|-heal|p1a: Life of Pablo|36/100 tox|[from] ability: Poison Heal
|upkeep
|turn|4
|
|t:|1776033415
|move|p1a: Life of Pablo|Protect|p1a: Life of Pablo
|-singleturn|p1a: Life of Pablo|Protect
|move|p2a: Ogerpon|Encore|p1a: Life of Pablo
|-activate|p1a: Life of Pablo|move: Protect
|
|-heal|p1a: Life of Pablo|49/100 tox|[from] ability: Poison Heal
|upkeep
|turn|5
|
|t:|1776033425
|move|p2a: Ogerpon|Swords Dance|p2a: Ogerpon
|-boost|p2a: Ogerpon|atk|2
|move|p1a: Life of Pablo|Earthquake|p2a: Ogerpon
|-resisted|p2a: Ogerpon
|-damage|p2a: Ogerpon|77/100
|
|-heal|p1a: Life of Pablo|61/100 tox|[from] ability: Poison Heal
|upkeep
|turn|6
|
|t:|1776033436
|move|p2a: Ogerpon|Ivy Cudgel|p1a: Life of Pablo|[anim] Ivy Cudgel Water
|-supereffective|p1a: Life of Pablo
|-damage|p1a: Life of Pablo|0 fnt
|faint|p1a: Life of Pablo
|
|upkeep
|
|t:|1776033443
|switch|p1a: Graduation|Pawmot, M, shiny|100/100
|-damage|p1a: Graduation|94/100|[from] Stealth Rock
|turn|7
|
|t:|1776033449
|-terastallize|p1a: Graduation|Electric
|move|p1a: Graduation|Double Shock|p2a: Ogerpon
|-damage|p2a: Ogerpon|0 fnt
|-start|p1a: Graduation|typechange|Electric|[from] move: Double Shock
|faint|p2a: Ogerpon
|
|upkeep
|
|t:|1776033457
|switch|p2a: Gliscor|Gliscor, M|100/100
|-damage|p2a: Gliscor|88/100|[from] Stealth Rock
|turn|8
|
|t:|1776033462
|move|p1a: Graduation|Ice Punch|p2a: Gliscor
|-supereffective|p2a: Gliscor
|-damage|p2a: Gliscor|10/100
|move|p2a: Gliscor|Earthquake|p1a: Graduation
|-supereffective|p1a: Graduation
|-damage|p1a: Graduation|0 fnt
|faint|p1a: Graduation
|
|-status|p2a: Gliscor|tox|[from] item: Toxic Orb
|upkeep
|
|t:|1776033474
|switch|p1a: College Dropout|Azumarill, F, shiny|100/100
|-damage|p1a: College Dropout|88/100|[from] Stealth Rock
|turn|9
|
|t:|1776033492
|-terastallize|p2a: Gliscor|Normal
|move|p1a: College Dropout|Aqua Jet|p2a: Gliscor
|-damage|p2a: Gliscor|0 fnt
|faint|p2a: Gliscor
|
|upkeep
|
|t:|1776033503
|switch|p2a: Raging Bolt|Raging Bolt|100/100
|-damage|p2a: Raging Bolt|88/100|[from] Stealth Rock
|-enditem|p2a: Raging Bolt|Booster Energy
|-activate|p2a: Raging Bolt|ability: Protosynthesis|[fromitem]
|-start|p2a: Raging Bolt|protosynthesisspa
|turn|10
|
|t:|1776033510
|move|p2a: Raging Bolt|Thunderclap|p1a: College Dropout
|-supereffective|p1a: College Dropout
|-damage|p1a: College Dropout|21/100
|move|p1a: College Dropout|Play Rough|p2a: Raging Bolt
|-supereffective|p2a: Raging Bolt
|-damage|p2a: Raging Bolt|0 fnt
|faint|p2a: Raging Bolt
|-end|p2a: Raging Bolt|Protosynthesis|[silent]
|
|upkeep
|
|t:|1776033528
|switch|p2a: Zamazenta|Zamazenta|100/100
|-damage|p2a: Zamazenta|94/100|[from] Stealth Rock
|turn|11
|
|t:|1776033535
|move|p2a: Zamazenta|Reflect|p2a: Zamazenta
|-sidestart|p2: Niaist|Reflect
|move|p1a: College Dropout|Play Rough|p2a: Zamazenta
|-supereffective|p2a: Zamazenta
|-damage|p2a: Zamazenta|51/100
|
|upkeep
|turn|12
|
|t:|1776033543
|move|p2a: Zamazenta|Light Screen|p2a: Zamazenta
|-sidestart|p2: Niaist|move: Light Screen
|move|p1a: College Dropout|Play Rough|p2a: Zamazenta
|-supereffective|p2a: Zamazenta
|-damage|p2a: Zamazenta|5/100
|
|upkeep
|turn|13
|
|t:|1776033550
|move|p2a: Zamazenta|Reflect||[still]
|-fail|p2a: Zamazenta
|move|p1a: College Dropout|Play Rough|p2a: Zamazenta
|-supereffective|p2a: Zamazenta
|-damage|p2a: Zamazenta|0 fnt
|faint|p2a: Zamazenta
|
|upkeep
|
|t:|1776033559
|switch|p2a: Hatterene|Hatterene, F|100/100
|-damage|p2a: Hatterene|88/100|[from] Stealth Rock
|turn|14
|
|t:|1776033566
|move|p1a: College Dropout|Liquidation|p2a: Hatterene
|-damage|p2a: Hatterene|66/100
|move|p2a: Hatterene|Calm Mind|p2a: Hatterene
|-boost|p2a: Hatterene|spa|1
|-boost|p2a: Hatterene|spd|1
|
|-heal|p2a: Hatterene|72/100|[from] item: Leftovers
|upkeep
|turn|15
|
|t:|1776033575
|move|p1a: College Dropout|Liquidation|p2a: Hatterene
|-damage|p2a: Hatterene|52/100
|-unboost|p2a: Hatterene|def|1
|move|p2a: Hatterene|Draining Kiss|p1a: College Dropout
|-damage|p1a: College Dropout|0 fnt
|-heal|p2a: Hatterene|71/100|[from] drain|[of] p1a: College Dropout
|faint|p1a: College Dropout
|
|-heal|p2a: Hatterene|77/100|[from] item: Leftovers
|upkeep
|
|t:|1776033587
|switch|p1a: Ye|Dragapult, F, shiny|100/100
|-damage|p1a: Ye|88/100|[from] Stealth Rock
|turn|16
|
|t:|1776033597
|move|p1a: Ye|Shadow Ball|p2a: Hatterene
|-supereffective|p2a: Hatterene
|-damage|p2a: Hatterene|55/100
|-unboost|p2a: Hatterene|spd|1
|move|p2a: Hatterene|Draining Kiss|p1a: Ye
|-supereffective|p1a: Ye
|-damage|p1a: Ye|0 fnt
|-heal|p2a: Hatterene|100/100|[from] drain|[of] p1a: Ye
|faint|p1a: Ye
|
|upkeep
|
|t:|1776033611
|switch|p1a: Donda|Ogerpon-Wellspring, F|100/100
|-damage|p1a: Donda|88/100|[from] Stealth Rock
|turn|17
|
|t:|1776033623
|move|p1a: Donda|Horn Leech|p2a: Hatterene
|-damage|p2a: Hatterene|73/100
|-heal|p1a: Donda|100/100|[from] drain|[of] p2a: Hatterene
|move|p2a: Hatterene|Draining Kiss|p1a: Donda
|-damage|p1a: Donda|62/100
|-heal|p2a: Hatterene|100/100|[from] drain|[of] p1a: Donda
|
|upkeep
|turn|18
|
|t:|1776033640
|move|p1a: Donda|Ivy Cudgel|p2a: Hatterene|[anim] Ivy Cudgel Water
|-damage|p2a: Hatterene|63/100
|move|p2a: Hatterene|Calm Mind|p2a: Hatterene
|-boost|p2a: Hatterene|spa|1
|-boost|p2a: Hatterene|spd|1
|
|-heal|p2a: Hatterene|69/100|[from] item: Leftovers
|-sideend|p2: Niaist|Reflect
|upkeep
|turn|19
|
|t:|1776033648
|move|p1a: Donda|Horn Leech|p2a: Hatterene
|-damage|p2a: Hatterene|14/100
|-heal|p1a: Donda|91/100|[from] drain|[of] p2a: Hatterene
|move|p2a: Hatterene|Stored Power|p1a: Donda
|-damage|p1a: Donda|5/100
|
|-heal|p2a: Hatterene|20/100|[from] item: Leftovers
|-sideend|p2: Niaist|move: Light Screen
|upkeep
|turn|20
|
|t:|1776033665
|move|p1a: Donda|Horn Leech|p2a: Hatterene
|-damage|p2a: Hatterene|0 fnt
|-heal|p1a: Donda|16/100|[from] drain|[of] p2a: Hatterene
|faint|p2a: Hatterene
|
|upkeep
|
|t:|1776033668
|switch|p2a: Iron Moth|Iron Moth|100/100
|-damage|p2a: Iron Moth|76/100|[from] Stealth Rock
|-enditem|p2a: Iron Moth|Booster Energy
|-activate|p2a: Iron Moth|ability: Quark Drive|[fromitem]
|-start|p2a: Iron Moth|quarkdrivespe
|turn|21
|
|t:|1776033677
|move|p2a: Iron Moth|Fiery Dance|p1a: Donda
|-damage|p1a: Donda|0 fnt
|faint|p1a: Donda
|
|upkeep
|
|t:|1776033683
|switch|p1a: Yeezus|Kingambit, F, shiny|100/100
|-damage|p1a: Yeezus|94/100|[from] Stealth Rock
|-activate|p1a: Yeezus|ability: Supreme Overlord
|-start|p1a: Yeezus|fallen5|[silent]
|turn|22
|
|t:|1776033690
|move|p1a: Yeezus|Kowtow Cleave|p2a: Iron Moth
|-damage|p2a: Iron Moth|0 fnt
|faint|p2a: Iron Moth
|-end|p2a: Iron Moth|Quark Drive|[silent]
|
|win|sammsnotfunny
|raw|sammsnotfunny's rating: 1214 &rarr; <strong>1243</strong><br />(+29 for winning)
|raw|Niaist's rating: 1269 &rarr; <strong>1240</strong><br />(-29 for losing)
|c|☆Niaist|gg
|l|☆sammsnotfunny
|player|p1|
|l|☆Niaist
|player|p2|
