|html|<div class="broadcast-blue"><strong>[Gen 9] OU is currently suspecting Tera Blast! For information on how to participate check out the <a href="https://www.smogon.com/tools/suspects/view/200">suspect thread</a>.</strong></div>
|j|☆LilRP99
|j|☆biskota1232
|t:|1776034890
|gametype|singles
|player|p1|LilRP99|hilbert-wonderlauncher|1101
|player|p2|biskota1232|medium|1137
|gen|9
|tier|[Gen 9] OU
|rated|
|rule|HP Percentage Mod: HP is shown in percentages
|rule|Endless Battle Clause: Forcing endless battles is banned
|rule|Species Clause: Limit one of each Pokémon
|rule|OHKO Clause: OHKO moves are banned
|rule|Evasion Items Clause: Evasion items are banned
|rule|Evasion Moves Clause: Evasion moves are banned
|rule|Evasion Abilities Clause: Evasion abilities are banned
|rule|Sleep Moves Clause: Sleep-inducing moves are banned
|clearpoke
|poke|p1|Sceptile, M|
|poke|p1|Salamence, M|
|poke|p1|Tyranitar, M|
|poke|p1|Raichu-Alola, F|
|poke|p1|Blaziken, F|
|poke|p1|Greninja-*, M|
|poke|p2|Tyranitar, M|
|poke|p2|Iron Valiant|
|poke|p2|Excadrill, F|
|poke|p2|Tornadus-Therian, M|
|poke|p2|Ogerpon-Cornerstone, F|
|poke|p2|Toxapex, F|
|teampreview
|inactive|Battle timer is ON: inactive players will automatically lose when time's up. (requested by LilRP99)
|j| ohko_smeargle
|
|t:|1776034901
|teamsize|p1|6
|teamsize|p2|6
|start
|switch|p1a: Salamence|Salamence, M|100/100
|switch|p2a: Iron Valiant|Iron Valiant|100/100
|-ability|p1a: Salamence|Intimidate|boost
|-unboost|p2a: Iron Valiant|atk|1
|turn|1
|
|t:|1776034929
|-terastallize|p1a: Salamence|Fairy
|move|p2a: Iron Valiant|Moonblast|p1a: Salamence
|-damage|p1a: Salamence|21/100
|-unboost|p1a: Salamence|spa|1
|move|p1a: Salamence|Iron Head|p2a: Iron Valiant
|-supereffective|p2a: Iron Valiant
|-damage|p2a: Iron Valiant|20/100
|
|upkeep
|turn|2
|inactive|LilRP99 has 120 seconds left.
|
|t:|1776034947
|switch|p1a: Tyranitar|Tyranitar, M|100/100
|-weather|Sandstorm|[from] ability: Sand Stream|[of] p1a: Tyranitar
|move|p2a: Iron Valiant|Moonblast|p1a: Tyranitar
|-supereffective|p1a: Tyranitar
|-damage|p1a: Tyranitar|39/100
|
|-weather|Sandstorm|[upkeep]
|-damage|p2a: Iron Valiant|14/100|[from] Sandstorm
|-heal|p1a: Tyranitar|45/100|[from] item: Leftovers
|upkeep
|turn|3
|inactive|LilRP99 has 120 seconds left.
|
|t:|1776034969
|switch|p1a: Salamence|Salamence, M, tera:Fairy|21/100
|-ability|p1a: Salamence|Intimidate|boost
|-unboost|p2a: Iron Valiant|atk|1
|move|p2a: Iron Valiant|Moonblast|p1a: Salamence
|-damage|p1a: Salamence|0 fnt
|faint|p1a: Salamence
|
|-weather|Sandstorm|[upkeep]
|-damage|p2a: Iron Valiant|7/100|[from] Sandstorm
|upkeep
|
|t:|1776034980
|switch|p1a: Greninja|Greninja, M|100/100
|turn|4
|
|t:|1776034986
|-end|p2a: Iron Valiant|Quark Drive|[silent]
|switch|p2a: Toxapex|Toxapex, F|100/100
|move|p1a: Greninja|Water Shuriken|p2a: Toxapex
|-resisted|p2a: Toxapex
|-damage|p2a: Toxapex|97/100
|-resisted|p2a: Toxapex
|-crit|p2a: Toxapex
|-damage|p2a: Toxapex|92/100
|-hitcount|p2a: Toxapex|2
|-enditem|p2a: Toxapex|Eject Button
|-damage|p1a: Greninja|91/100|[from] item: Life Orb
|
|t:|1776034996
|switch|p2a: Tornadus|Tornadus-Therian, M|100/100
|
|-weather|Sandstorm|[upkeep]
|-damage|p1a: Greninja|85/100|[from] Sandstorm
|-damage|p2a: Tornadus|94/100|[from] Sandstorm
|upkeep
|turn|5
|inactive|LilRP99 has 120 seconds left.
|
|t:|1776035005
|move|p1a: Greninja|Ice Beam|p2a: Tornadus
|-supereffective|p2a: Tornadus
|-crit|p2a: Tornadus
|-damage|p2a: Tornadus|0 fnt
|faint|p2a: Tornadus
|-ability|p1a: Greninja|Battle Bond|boost
|-boost|p1a: Greninja|atk|1
|-boost|p1a: Greninja|spa|1
|-boost|p1a: Greninja|spe|1
|-activate|p1a: Greninja|ability: Battle Bond
|-damage|p1a: Greninja|75/100|[from] item: Life Orb
|
|-weather|Sandstorm|[upkeep]
|-damage|p1a: Greninja|69/100|[from] Sandstorm
|upkeep
|
|t:|1776035022
|switch|p2a: Tyranitar|Tyranitar, M|100/100
|turn|6
|
|t:|1776035027
|-terastallize|p2a: Tyranitar|Bug
|move|p1a: Greninja|Surf|p2a: Tyranitar
|-damage|p2a: Tyranitar|18/100
|-damage|p1a: Greninja|59/100|[from] item: Life Orb
|move|p2a: Tyranitar|Low Kick|p1a: Greninja
|-supereffective|p1a: Greninja
|-damage|p1a: Greninja|0 fnt
|faint|p1a: Greninja
|
|-weather|none
|upkeep
|inactive|LilRP99 has 120 seconds left.
|
|t:|1776035047
|switch|p1a: Blaziken|Blaziken, F, shiny|100/100
|-item|p1a: Blaziken|Air Balloon
|turn|7
|
|t:|1776035056
|move|p1a: Blaziken|Protect|p1a: Blaziken
|-singleturn|p1a: Blaziken|Protect
|move|p2a: Tyranitar|Low Kick|p1a: Blaziken
|-activate|p1a: Blaziken|move: Protect
|
|-ability|p1a: Blaziken|Speed Boost|boost
|-boost|p1a: Blaziken|spe|1
|upkeep
|turn|8
|
|t:|1776035068
|move|p1a: Blaziken|Flare Blitz|p2a: Tyranitar
|-supereffective|p2a: Tyranitar
|-damage|p2a: Tyranitar|0 fnt
|faint|p2a: Tyranitar
|-damage|p1a: Blaziken|94/100|[from] Recoil
|
|-ability|p1a: Blaziken|Speed Boost|boost
|-boost|p1a: Blaziken|spe|1
|upkeep
|
|t:|1776035076
|switch|p2a: Toxapex|Toxapex, F|100/100
|turn|9
|
|t:|1776035085
|switch|p1a: Sceptile|Sceptile, M, shiny|100/100
|move|p2a: Toxapex|Toxic|p1a: Sceptile
|-status|p1a: Sceptile|tox
|
|-damage|p1a: Sceptile|94/100 tox|[from] psn
|upkeep
|turn|10
|
|t:|1776035102
|move|p1a: Sceptile|Dragon Dance|p1a: Sceptile
|-boost|p1a: Sceptile|atk|1
|-boost|p1a: Sceptile|spe|1
|move|p2a: Toxapex|Toxic Spikes|p1a: Sceptile
|-sidestart|p1: LilRP99|move: Toxic Spikes
|
|-damage|p1a: Sceptile|82/100 tox|[from] psn
|upkeep
|turn|11
|
|t:|1776035111
|move|p1a: Sceptile|Leaf Blade|p2a: Toxapex
|-damage|p2a: Toxapex|46/100
|-damage|p1a: Sceptile|72/100 tox|[from] item: Life Orb
|move|p2a: Toxapex|Haze|p2a: Toxapex
|-clearallboost
|
|-damage|p1a: Sceptile|54/100 tox|[from] psn
|upkeep
|turn|12
|
|t:|1776035121
|move|p1a: Sceptile|Earthquake|p2a: Toxapex
|-supereffective|p2a: Toxapex
|-damage|p2a: Toxapex|0 fnt
|faint|p2a: Toxapex
|-damage|p1a: Sceptile|44/100 tox|[from] item: Life Orb
|
|-damage|p1a: Sceptile|20/100 tox|[from] psn
|upkeep
|
|t:|1776035126
|switch|p2a: Iron Valiant|Iron Valiant|7/100
|turn|13
|
|t:|1776035139
|move|p2a: Iron Valiant|Vacuum Wave|p1a: Sceptile
|-damage|p1a: Sceptile|0 fnt
|faint|p1a: Sceptile
|
|upkeep
|
|t:|1776035148
|switch|p1a: Blaziken|Blaziken, F, shiny|94/100
|-item|p1a: Blaziken|Air Balloon
|turn|14
|
|t:|1776035159
|-end|p2a: Iron Valiant|Quark Drive|[silent]
|switch|p2a: Excadrill|Excadrill, F|100/100
|move|p1a: Blaziken|Protect||[still]
|-fail|p1a: Blaziken
|
|-ability|p1a: Blaziken|Speed Boost|boost
|-boost|p1a: Blaziken|spe|1
|upkeep
|turn|15
|
|t:|1776035168
|move|p1a: Blaziken|Protect|p1a: Blaziken
|-singleturn|p1a: Blaziken|Protect
|move|p2a: Excadrill|Earthquake|p1a: Blaziken
|-activate|p1a: Blaziken|move: Protect
|
|-ability|p1a: Blaziken|Speed Boost|boost
|-boost|p1a: Blaziken|spe|1
|upkeep
|turn|16
|
|t:|1776035178
|move|p1a: Blaziken|Close Combat|p2a: Excadrill
|-supereffective|p2a: Excadrill
|-damage|p2a: Excadrill|0 fnt
|-unboost|p1a: Blaziken|def|1
|-unboost|p1a: Blaziken|spd|1
|faint|p2a: Excadrill
|
|-ability|p1a: Blaziken|Speed Boost|boost
|-boost|p1a: Blaziken|spe|1
|upkeep
|
|t:|1776035182
|switch|p2a: Ogerpon|Ogerpon-Cornerstone, F|100/100
|turn|17
|
|t:|1776035191
|move|p1a: Blaziken|Close Combat|p2a: Ogerpon
|-supereffective|p2a: Ogerpon
|-ability|p2a: Ogerpon|Sturdy
|-damage|p2a: Ogerpon|1/100
|-unboost|p1a: Blaziken|def|1
|-unboost|p1a: Blaziken|spd|1
|move|p2a: Ogerpon|Ivy Cudgel|p1a: Blaziken|[anim] Ivy Cudgel Rock
|-damage|p1a: Blaziken|0 fnt
|-enditem|p1a: Blaziken|Air Balloon
|faint|p1a: Blaziken
|
|upkeep
|
|t:|1776035205
|switch|p1a: Raichu|Raichu-Alola, F|100/100
|-status|p1a: Raichu|psn
|turn|18
|
|t:|1776035213
|move|p2a: Ogerpon|Ivy Cudgel|p1a: Raichu|[anim] Ivy Cudgel Rock
|-damage|p1a: Raichu|0 fnt
|faint|p1a: Raichu
|
|upkeep
|
|t:|1776035218
|switch|p1a: Tyranitar|Tyranitar, M|45/100
|-status|p1a: Tyranitar|psn
|-weather|Sandstorm|[from] ability: Sand Stream|[of] p1a: Tyranitar
|turn|19
|
|t:|1776035231
|move|p2a: Ogerpon|Low Kick|p1a: Tyranitar
|-supereffective|p1a: Tyranitar
|-damage|p1a: Tyranitar|0 fnt
|faint|p1a: Tyranitar
|
|win|biskota1232
|raw|LilRP99's rating: 1101 &rarr; <strong>1079</strong><br />(-22 for losing)
|raw|biskota1232's rating: 1137 &rarr; <strong>1159</strong><br />(+22 for winning)
|l| ohko_smeargle
|l|☆biskota1232
|player|p2|
|l|☆LilRP99
|player|p1|
