|html|<div class="broadcast-blue"><strong>[Gen 9] OU is currently suspecting Tera Blast! For information on how to participate check out the <a href="https://www.smogon.com/tools/suspects/view/200">suspect thread</a>.</strong></div>
|j|☆Jediuser
|j|☆Livininacloud
|t:|1776337147
|gametype|singles
|player|p1|Jediuser|101|1213
|player|p2|Livininacloud|cyrus|1189
|gen|9
|tier|[Gen 9] OU
|rated|
|rule|HP Percentage Mod: HP is shown in percentages
|rule|Endless Battle Clause: Forcing endless battles is banned
|rule|Species Clause: Limit one of each Pokémon
|rule|OHKO Clause: OHKO moves are banned
|rule|Evasion Items Clause: Evasion items are banned
|rule|Evasion Moves Clause: Evasion moves are banned
|rule|Evasion Abilities Clause: Evasion abilities are banned
|rule|Sleep Moves Clause: Sleep-inducing moves are banned
|clearpoke
|poke|p1|Ogerpon-Cornerstone, F|
|poke|p1|Cinderace, F|
|poke|p1|Corviknight, F|
|poke|p1|Primarina, F|
|poke|p1|Zamazenta-*|
|poke|p1|Kingambit, F|
|poke|p2|Great Tusk|
|poke|p2|Slowbro, F|
|poke|p2|Zapdos|
|poke|p2|Kingambit, F|
|poke|p2|Glimmora, M|
|poke|p2|Gholdengo|
|teampreview
|inactive|Battle timer is ON: inactive players will automatically lose when time's up. (requested by Livininacloud)
|
|t:|1776337175
|teamsize|p1|6
|teamsize|p2|6
|start
|switch|p1a: Smackdown|Ogerpon-Cornerstone, F|100/100
|switch|p2a: Slowbro|Slowbro, F, shiny|100/100
|turn|1
|
|t:|1776337186
|move|p1a: Smackdown|Swords Dance|p1a: Smackdown
|-boost|p1a: Smackdown|atk|2
|move|p2a: Slowbro|Future Sight|p1a: Smackdown
|-start|p2a: Slowbro|move: Future Sight
|
|upkeep
|turn|2
|
|t:|1776337194
|switch|p2a: Kingambit|Kingambit, F|100/100
|move|p1a: Smackdown|Power Whip|p2a: Kingambit
|-resisted|p2a: Kingambit
|-crit|p2a: Kingambit
|-damage|p2a: Kingambit|17/100
|
|-heal|p2a: Kingambit|23/100|[from] item: Leftovers
|upkeep
|turn|3
|
|t:|1776337212
|move|p2a: Kingambit|Sucker Punch|p1a: Smackdown
|-damage|p1a: Smackdown|44/100
|move|p1a: Smackdown|Low Kick|p2a: Kingambit
|-supereffective|p2a: Kingambit
|-damage|p2a: Kingambit|0 fnt
|faint|p2a: Kingambit
|-end|p2a: Kingambit|fallenundefined|[silent]
|
|-end|p1a: Smackdown|move: Future Sight
|-damage|p1a: Smackdown|0 fnt
|faint|p1a: Smackdown
|upkeep
|inactive|Jediuser has 120 seconds left.
|
|t:|1776337234
|switch|p1a: Hop Skotch|Cinderace, F|100/100
|switch|p2a: Glimmora|Glimmora, M|100/100
|turn|4
|inactive|Jediuser has 120 seconds left.
|
|t:|1776337269
|move|p1a: Hop Skotch|U-turn|p2a: Glimmora
|-start|p1a: Hop Skotch|typechange|Bug|[from] ability: Libero
|-resisted|p2a: Glimmora
|-damage|p2a: Glimmora|81/100
|-activate|p2a: Glimmora|ability: Toxic Debris
|-sidestart|p1: Jediuser|move: Toxic Spikes
|
|t:|1776337276
|switch|p1a: Bulwark|Corviknight, F, shiny|100/100|[from] U-turn
|-ability|p1a: Bulwark|Pressure
|move|p2a: Glimmora|Power Gem|p1a: Bulwark
|-damage|p1a: Bulwark|61/100
|
|upkeep
|turn|5
|
|t:|1776337289
|move|p2a: Glimmora|Power Gem|p1a: Bulwark
|-damage|p1a: Bulwark|17/100
|move|p1a: Bulwark|U-turn|p2a: Glimmora
|-resisted|p2a: Glimmora
|-damage|p2a: Glimmora|72/100
|-activate|p2a: Glimmora|ability: Toxic Debris
|-sidestart|p1: Jediuser|move: Toxic Spikes
|
|t:|1776337296
|switch|p1a: Hop Skotch|Cinderace, F|100/100|[from] U-turn
|
|upkeep
|turn|6
|
|t:|1776337305
|switch|p2a: Slowbro|Slowbro, F, shiny|100/100
|move|p1a: Hop Skotch|Court Change|p1a: Hop Skotch
|-start|p1a: Hop Skotch|typechange|Normal|[from] ability: Libero
|-swapsideconditions
|-activate|p1a: Hop Skotch|move: Court Change
|
|upkeep
|turn|7
|
|t:|1776337314
|switch|p2a: Glimmora|Glimmora, M|72/100
|-sideend|p2: Livininacloud|move: Toxic Spikes|[of] p2a: Glimmora
|move|p1a: Hop Skotch|U-turn|p2a: Glimmora
|-resisted|p2a: Glimmora
|-damage|p2a: Glimmora|58/100
|-activate|p2a: Glimmora|ability: Toxic Debris
|-sidestart|p1: Jediuser|move: Toxic Spikes
|
|t:|1776337322
|switch|p1a: Fisk|Kingambit, F, shiny|100/100|[from] U-turn
|-activate|p1a: Fisk|ability: Supreme Overlord
|-start|p1a: Fisk|fallen1|[silent]
|
|upkeep
|turn|8
|
|t:|1776337330
|move|p2a: Glimmora|Stealth Rock|p1a: Fisk
|-sidestart|p1: Jediuser|move: Stealth Rock
|move|p1a: Fisk|Swords Dance|p1a: Fisk
|-boost|p1a: Fisk|atk|2
|
|upkeep
|turn|9
|inactive|Jediuser has 120 seconds left.
|
|t:|1776337341
|move|p2a: Glimmora|Earth Power|p1a: Fisk
|-supereffective|p1a: Fisk
|-damage|p1a: Fisk|33/100
|move|p1a: Fisk|Iron Head|p2a: Glimmora
|-supereffective|p2a: Glimmora
|-damage|p2a: Glimmora|0 fnt
|-activate|p2a: Glimmora|ability: Toxic Debris
|-sidestart|p1: Jediuser|move: Toxic Spikes
|faint|p2a: Glimmora
|
|upkeep
|
|t:|1776337351
|switch|p2a: Great Tusk|Great Tusk|100/100
|turn|10
|
|t:|1776337360
|move|p1a: Fisk|Sucker Punch|p2a: Great Tusk
|-resisted|p2a: Great Tusk
|-crit|p2a: Great Tusk
|-damage|p2a: Great Tusk|54/100
|move|p2a: Great Tusk|Close Combat|p1a: Fisk
|-supereffective|p1a: Fisk
|-damage|p1a: Fisk|0 fnt
|-unboost|p2a: Great Tusk|def|1
|-unboost|p2a: Great Tusk|spd|1
|faint|p1a: Fisk
|-end|p1a: Fisk|fallen1|[silent]
|
|upkeep
|inactive|Jediuser has 120 seconds left.
|
|t:|1776337374
|switch|p1a: Hop Skotch|Cinderace, F|100/100
|turn|11
|
|t:|1776337383
|move|p1a: Hop Skotch|Court Change|p1a: Hop Skotch
|-start|p1a: Hop Skotch|typechange|Normal|[from] ability: Libero
|-swapsideconditions
|-activate|p1a: Hop Skotch|move: Court Change
|move|p2a: Great Tusk|Close Combat|p1a: Hop Skotch
|-supereffective|p1a: Hop Skotch
|-damage|p1a: Hop Skotch|0 fnt
|-unboost|p2a: Great Tusk|def|1
|-unboost|p2a: Great Tusk|spd|1
|faint|p1a: Hop Skotch
|
|upkeep
|
|t:|1776337395
|switch|p1a: Bulwark|Corviknight, F, shiny|17/100
|-ability|p1a: Bulwark|Pressure
|turn|12
|inactive|Jediuser has 120 seconds left.
|
|t:|1776337411
|switch|p1a: Bastion|Zamazenta|100/100
|-ability|p1a: Bastion|Dauntless Shield|boost
|-boost|p1a: Bastion|def|1
|move|p2a: Great Tusk|Close Combat|p1a: Bastion
|-damage|p1a: Bastion|45/100
|-unboost|p2a: Great Tusk|def|1
|-unboost|p2a: Great Tusk|spd|1
|
|upkeep
|turn|13
|inactive|Jediuser has 120 seconds left.
|
|t:|1776337423
|move|p1a: Bastion|Body Press|p2a: Great Tusk
|-damage|p2a: Great Tusk|0 fnt
|faint|p2a: Great Tusk
|-end|p2a: Great Tusk|Protosynthesis|[silent]
|
|upkeep
|
|t:|1776337429
|switch|p2a: Zapdos|Zapdos|100/100
|turn|14
|
|t:|1776337439
|move|p1a: Bastion|Crunch|p2a: Zapdos
|-damage|p2a: Zapdos|68/100
|-status|p1a: Bastion|par|[from] ability: Static|[of] p2a: Zapdos
|move|p2a: Zapdos|Hurricane|p1a: Bastion|[miss]
|-miss|p2a: Zapdos|p1a: Bastion
|
|upkeep
|turn|15
|
|t:|1776337446
|move|p2a: Zapdos|Thunderbolt|p1a: Bastion
|-damage|p1a: Bastion|0 fnt
|faint|p1a: Bastion
|
|upkeep
|
|t:|1776337450
|switch|p1a: Aria|Primarina, F, shiny|100/100
|turn|16
|
|t:|1776337457
|-terastallize|p1a: Aria|Poison
|move|p2a: Zapdos|Thunderbolt|p1a: Aria
|-damage|p1a: Aria|72/100
|move|p1a: Aria|Psychic Noise|p2a: Zapdos
|-damage|p2a: Zapdos|38/100
|-start|p2a: Zapdos|move: Heal Block
|
|upkeep
|turn|17
|
|t:|1776337473
|switch|p2a: Slowbro|Slowbro, F, shiny|100/100
|-status|p2a: Slowbro|tox
|-damage|p2a: Slowbro|88/100 tox|[from] Stealth Rock
|move|p1a: Aria|Moonblast|p2a: Slowbro
|-damage|p2a: Slowbro|37/100 tox
|
|-heal|p2a: Slowbro|43/100 tox|[from] item: Leftovers
|-damage|p2a: Slowbro|37/100 tox|[from] psn
|upkeep
|turn|18
|
|t:|1776337482
|move|p1a: Aria|Moonblast|p2a: Slowbro
|-crit|p2a: Slowbro
|-damage|p2a: Slowbro|0 fnt
|faint|p2a: Slowbro
|
|upkeep
|
|t:|1776337485
|switch|p2a: Gholdengo|Gholdengo|100/100
|-damage|p2a: Gholdengo|94/100|[from] Stealth Rock
|-item|p2a: Gholdengo|Air Balloon
|turn|19
|
|t:|1776337493
|move|p2a: Gholdengo|Make It Rain|p1a: Aria
|-damage|p1a: Aria|35/100
|-unboost|p2a: Gholdengo|spa|1
|move|p1a: Aria|Surf|p2a: Gholdengo
|-damage|p2a: Gholdengo|32/100
|-enditem|p2a: Gholdengo|Air Balloon
|
|upkeep
|turn|20
|
|t:|1776337503
|move|p2a: Gholdengo|Shadow Ball|p1a: Aria
|-damage|p1a: Aria|17/100
|move|p1a: Aria|Surf|p2a: Gholdengo
|-damage|p2a: Gholdengo|0 fnt
|faint|p2a: Gholdengo
|
|upkeep
|
|t:|1776337506
|switch|p2a: Zapdos|Zapdos|38/100
|turn|21
|
|t:|1776337517
|move|p2a: Zapdos|Thunderbolt|p1a: Aria
|-damage|p1a: Aria|0 fnt
|faint|p1a: Aria
|
|upkeep
|
|t:|1776337521
|switch|p1a: Bulwark|Corviknight, F, shiny|17/100
|-ability|p1a: Bulwark|Pressure
|turn|22
|
|t:|1776337526
|move|p2a: Zapdos|Thunderbolt|p1a: Bulwark
|-supereffective|p1a: Bulwark
|-damage|p1a: Bulwark|0 fnt
|faint|p1a: Bulwark
|
|win|Livininacloud
|raw|Jediuser's rating: 1213 &rarr; <strong>1186</strong><br />(-27 for losing)
|raw|Livininacloud's rating: 1189 &rarr; <strong>1216</strong><br />(+27 for winning)
|l|☆Livininacloud
|player|p2|
|c|☆Jediuser|g
|c|☆Jediuser|gg
