|html|<div class="broadcast-blue"><strong>[Gen 9] OU is currently suspecting Volcarona! For information on how to participate check out the <a href="https://www.smogon.com/tools/suspects/view/208">suspect thread</a>.</strong></div>
|j|☆sus req
|j|☆saint imu
|t:|1778510057
|gametype|singles
|player|p1|sus req|hilbert|1580
|player|p2|saint imu|youngster-gen1rb|1534
|gen|9
|tier|[Gen 9] OU
|rated|
|rule|HP Percentage Mod: HP is shown in percentages
|rule|Endless Battle Clause: Forcing endless battles is banned
|rule|Species Clause: Limit one of each Pokémon
|rule|OHKO Clause: OHKO moves are banned
|rule|Evasion Items Clause: Evasion items are banned
|rule|Evasion Moves Clause: Evasion moves are banned
|rule|Evasion Abilities Clause: Evasion abilities are banned
|rule|Sleep Moves Clause: Sleep-inducing moves are banned
|clearpoke
|poke|p1|Tyranitar, M|
|poke|p1|Excadrill, F|
|poke|p1|Keldeo-Resolute|
|poke|p1|Tornadus-Therian, M|
|poke|p1|Heatran, F|
|poke|p1|Hydrapple, M|
|poke|p2|Zapdos|
|poke|p2|Ogerpon-Wellspring, F|
|poke|p2|Latios, M|
|poke|p2|Ting-Lu|
|poke|p2|Zamazenta-*|
|poke|p2|Gholdengo|
|teampreview
|inactive|Battle timer is ON: inactive players will automatically lose when time's up. (requested by saint imu)
|j| Fat_Yogi
|
|t:|1778510072
|teamsize|p1|6
|teamsize|p2|6
|start
|switch|p1a: Tyranitar|Tyranitar, M|100/100
|switch|p2a: Ogerpon|Ogerpon-Wellspring, F|100/100
|-weather|Sandstorm|[from] ability: Sand Stream|[of] p1a: Tyranitar
|turn|1
|
|t:|1778510080
|move|p2a: Ogerpon|Spikes|p1a: Tyranitar
|-sidestart|p1: sus req|Spikes
|move|p1a: Tyranitar|Stone Edge|p2a: Ogerpon
|-damage|p2a: Ogerpon|0 fnt
|faint|p2a: Ogerpon
|
|-weather|Sandstorm|[upkeep]
|upkeep
|
|t:|1778510095
|switch|p2a: Ting-Lu|Ting-Lu|100/100
|-ability|p2a: Ting-Lu|Vessel of Ruin
|turn|2
|
|t:|1778510109
|switch|p1a: Tornadus|Tornadus-Therian, M|100/100
|move|p2a: Ting-Lu|Stealth Rock|p1a: Tornadus
|-sidestart|p1: sus req|move: Stealth Rock
|
|-weather|Sandstorm|[upkeep]
|-damage|p1a: Tornadus|94/100|[from] Sandstorm
|upkeep
|turn|3
|
|t:|1778510115
|move|p1a: Tornadus|U-turn|p2a: Ting-Lu
|-supereffective|p2a: Ting-Lu
|-damage|p2a: Ting-Lu|82/100
|-damage|p1a: Tornadus|78/100|[from] item: Rocky Helmet|[of] p2a: Ting-Lu
|
|t:|1778510117
|switch|p1a: Hydrapple|Hydrapple, M|100/100|[from] U-turn
|-damage|p1a: Hydrapple|88/100|[from] Spikes
|-damage|p1a: Hydrapple|76/100|[from] Stealth Rock
|move|p2a: Ting-Lu|Ruination|p1a: Hydrapple
|-damage|p1a: Hydrapple|38/100
|
|-weather|Sandstorm|[upkeep]
|-damage|p1a: Hydrapple|32/100|[from] Sandstorm
|upkeep
|turn|4
|
|t:|1778510128
|switch|p2a: Zapdos|Zapdos|100/100
|move|p1a: Hydrapple|Giga Drain|p2a: Zapdos
|-resisted|p2a: Zapdos
|-crit|p2a: Zapdos
|-damage|p2a: Zapdos|76/100
|-heal|p1a: Hydrapple|43/100|[from] drain|[of] p2a: Zapdos
|
|-weather|Sandstorm|[upkeep]
|-damage|p2a: Zapdos|70/100|[from] Sandstorm
|-damage|p1a: Hydrapple|37/100|[from] Sandstorm
|upkeep
|turn|5
|
|t:|1778510147
|switch|p1a: Excadrill|Excadrill, F|100/100
|-damage|p1a: Excadrill|97/100|[from] Stealth Rock
|-item|p1a: Excadrill|Air Balloon
|move|p2a: Zapdos|U-turn|p1a: Excadrill
|-resisted|p1a: Excadrill
|-damage|p1a: Excadrill|87/100
|-enditem|p1a: Excadrill|Air Balloon
|
|t:|1778510155
|switch|p2a: Zamazenta|Zamazenta|100/100|[from] U-turn
|-ability|p2a: Zamazenta|Dauntless Shield|boost
|-boost|p2a: Zamazenta|def|1
|
|-weather|none
|upkeep
|turn|6
|
|t:|1778510167
|switch|p1a: Tornadus|Tornadus-Therian, M|100/100
|move|p2a: Zamazenta|Body Press|p1a: Tornadus
|-resisted|p1a: Tornadus
|-damage|p1a: Tornadus|71/100
|
|upkeep
|turn|7
|
|t:|1778510175
|switch|p2a: Ting-Lu|Ting-Lu|82/100
|-ability|p2a: Ting-Lu|Vessel of Ruin
|move|p1a: Tornadus|Bleakwind Storm|p2a: Ting-Lu
|-damage|p2a: Ting-Lu|61/100
|
|upkeep
|turn|8
|
|t:|1778510192
|move|p1a: Tornadus|U-turn|p2a: Ting-Lu
|-supereffective|p2a: Ting-Lu
|-damage|p2a: Ting-Lu|43/100
|-damage|p1a: Tornadus|54/100|[from] item: Rocky Helmet|[of] p2a: Ting-Lu
|
|t:|1778510203
|switch|p1a: Hydrapple|Hydrapple, M|71/100|[from] U-turn
|-damage|p1a: Hydrapple|58/100|[from] Spikes
|-damage|p1a: Hydrapple|46/100|[from] Stealth Rock
|move|p2a: Ting-Lu|Earthquake|p1a: Hydrapple
|-resisted|p1a: Hydrapple
|-damage|p1a: Hydrapple|35/100
|
|upkeep
|turn|9
|
|t:|1778510213
|switch|p2a: Zapdos|Zapdos|70/100
|move|p1a: Hydrapple|Fickle Beam|p2a: Zapdos
|-damage|p2a: Zapdos|39/100
|
|upkeep
|turn|10
|
|t:|1778510230
|switch|p1a: Tyranitar|Tyranitar, M|100/100
|-damage|p1a: Tyranitar|88/100|[from] Spikes
|-damage|p1a: Tyranitar|76/100|[from] Stealth Rock
|-weather|Sandstorm|[from] ability: Sand Stream|[of] p1a: Tyranitar
|move|p2a: Zapdos|U-turn|p1a: Tyranitar
|-supereffective|p1a: Tyranitar
|-damage|p1a: Tyranitar|51/100
|
|t:|1778510239
|switch|p2a: Zamazenta|Zamazenta|100/100|[from] U-turn
|
|-weather|Sandstorm|[upkeep]
|-damage|p2a: Zamazenta|94/100|[from] Sandstorm
|-heal|p2a: Zamazenta|100/100|[from] item: Leftovers
|upkeep
|turn|11
|
|t:|1778510246
|switch|p1a: Tornadus|Tornadus-Therian, M|87/100
|move|p2a: Zamazenta|Body Press|p1a: Tornadus
|-resisted|p1a: Tornadus
|-damage|p1a: Tornadus|67/100
|
|-weather|Sandstorm|[upkeep]
|-damage|p1a: Tornadus|61/100|[from] Sandstorm
|-damage|p2a: Zamazenta|94/100|[from] Sandstorm
|-heal|p2a: Zamazenta|100/100|[from] item: Leftovers
|upkeep
|turn|12
|
|t:|1778510259
|switch|p2a: Gholdengo|Gholdengo|100/100
|move|p1a: Tornadus|Bleakwind Storm|p2a: Gholdengo
|-resisted|p2a: Gholdengo
|-damage|p2a: Gholdengo|79/100
|
|-weather|Sandstorm|[upkeep]
|-damage|p1a: Tornadus|55/100|[from] Sandstorm
|upkeep
|turn|13
|
|t:|1778510274
|switch|p1a: Heatran|Heatran, F|100/100
|-damage|p1a: Heatran|88/100|[from] Spikes
|-damage|p1a: Heatran|76/100|[from] Stealth Rock
|move|p2a: Gholdengo|Shadow Ball|p1a: Heatran
|-damage|p1a: Heatran|47/100
|
|-weather|Sandstorm|[upkeep]
|-heal|p1a: Heatran|53/100|[from] item: Leftovers
|upkeep
|turn|14
|
|t:|1778510279
|switch|p2a: Ting-Lu|Ting-Lu|43/100
|-ability|p2a: Ting-Lu|Vessel of Ruin
|move|p1a: Heatran|Stealth Rock|p2a: Ting-Lu
|-sidestart|p2: saint imu|move: Stealth Rock
|
|-weather|none
|-heal|p1a: Heatran|59/100|[from] item: Leftovers
|upkeep
|turn|15
|
|t:|1778510288
|switch|p1a: Tornadus|Tornadus-Therian, M|88/100
|move|p2a: Ting-Lu|Ruination|p1a: Tornadus|[miss]
|-miss|p2a: Ting-Lu|p1a: Tornadus
|
|upkeep
|turn|16
|
|t:|1778510299
|move|p1a: Tornadus|U-turn|p2a: Ting-Lu
|-supereffective|p2a: Ting-Lu
|-damage|p2a: Ting-Lu|24/100
|-damage|p1a: Tornadus|72/100|[from] item: Rocky Helmet|[of] p2a: Ting-Lu
|
|t:|1778510302
|switch|p1a: Hydrapple|Hydrapple, M|68/100|[from] U-turn
|-damage|p1a: Hydrapple|56/100|[from] Spikes
|-damage|p1a: Hydrapple|43/100|[from] Stealth Rock
|move|p2a: Ting-Lu|Ruination|p1a: Hydrapple
|-damage|p1a: Hydrapple|22/100
|
|upkeep
|turn|17
|
|t:|1778510312
|switch|p2a: Gholdengo|Gholdengo|79/100
|-damage|p2a: Gholdengo|73/100|[from] Stealth Rock
|move|p1a: Hydrapple|Giga Drain|p2a: Gholdengo
|-resisted|p2a: Gholdengo
|-damage|p2a: Gholdengo|55/100
|-heal|p1a: Hydrapple|29/100|[from] drain|[of] p2a: Gholdengo
|
|upkeep
|turn|18
|
|t:|1778510319
|switch|p1a: Tornadus|Tornadus-Therian, M|100/100
|move|p2a: Gholdengo|Shadow Ball|p1a: Tornadus
|-damage|p1a: Tornadus|55/100
|
|upkeep
|turn|19
|
|t:|1778510338
|-terastallize|p2a: Gholdengo|Ghost
|move|p2a: Gholdengo|Shadow Ball|p1a: Tornadus
|-damage|p1a: Tornadus|0 fnt
|faint|p1a: Tornadus
|
|upkeep
|
|t:|1778510342
|switch|p1a: Tyranitar|Tyranitar, M|51/100
|-damage|p1a: Tyranitar|39/100|[from] Spikes
|-damage|p1a: Tyranitar|27/100|[from] Stealth Rock
|-weather|Sandstorm|[from] ability: Sand Stream|[of] p1a: Tyranitar
|turn|20
|
|t:|1778510352
|switch|p2a: Ting-Lu|Ting-Lu|24/100
|-damage|p2a: Ting-Lu|18/100|[from] Stealth Rock
|-ability|p2a: Ting-Lu|Vessel of Ruin
|move|p1a: Tyranitar|Knock Off|p2a: Ting-Lu
|-resisted|p2a: Ting-Lu
|-damage|p2a: Ting-Lu|0 fnt
|-damage|p1a: Tyranitar|10/100|[from] item: Rocky Helmet|[of] p2a: Ting-Lu
|-enditem|p2a: Ting-Lu|Rocky Helmet|[from] move: Knock Off|[of] p1a: Tyranitar
|faint|p2a: Ting-Lu
|
|-weather|Sandstorm|[upkeep]
|upkeep
|
|t:|1778510362
|switch|p2a: Zamazenta|Zamazenta|100/100
|-damage|p2a: Zamazenta|94/100|[from] Stealth Rock
|turn|21
|
|t:|1778510366
|move|p2a: Zamazenta|Iron Defense|p2a: Zamazenta
|-boost|p2a: Zamazenta|def|2
|move|p1a: Tyranitar|Knock Off|p2a: Zamazenta
|-resisted|p2a: Zamazenta
|-damage|p2a: Zamazenta|79/100
|-enditem|p2a: Zamazenta|Leftovers|[from] move: Knock Off|[of] p1a: Tyranitar
|
|-weather|Sandstorm|[upkeep]
|-damage|p2a: Zamazenta|73/100|[from] Sandstorm
|upkeep
|turn|22
|
|t:|1778510390
|switch|p1a: Heatran|Heatran, F|59/100
|-damage|p1a: Heatran|47/100|[from] Spikes
|-damage|p1a: Heatran|34/100|[from] Stealth Rock
|move|p2a: Zamazenta|Iron Defense|p2a: Zamazenta
|-boost|p2a: Zamazenta|def|2
|
|-weather|Sandstorm|[upkeep]
|-damage|p2a: Zamazenta|66/100|[from] Sandstorm
|-heal|p1a: Heatran|40/100|[from] item: Leftovers
|upkeep
|turn|23
|
|t:|1778510398
|-terastallize|p1a: Heatran|Flying
|move|p2a: Zamazenta|Body Press|p1a: Heatran
|-resisted|p1a: Heatran
|-damage|p1a: Heatran|0 fnt
|faint|p1a: Heatran
|
|-weather|Sandstorm|[upkeep]
|-damage|p2a: Zamazenta|60/100|[from] Sandstorm
|upkeep
|
|t:|1778510404
|switch|p1a: Excadrill|Excadrill, F|87/100
|-damage|p1a: Excadrill|75/100|[from] Spikes
|-damage|p1a: Excadrill|72/100|[from] Stealth Rock
|turn|24
|
|t:|1778510407
|move|p1a: Excadrill|Rapid Spin|p2a: Zamazenta
|-damage|p2a: Zamazenta|55/100
|-boost|p1a: Excadrill|spe|1
|-sideend|p1: sus req|Spikes|[from] move: Rapid Spin|[of] p1a: Excadrill
|-sideend|p1: sus req|Stealth Rock|[from] move: Rapid Spin|[of] p1a: Excadrill
|move|p2a: Zamazenta|Body Press|p1a: Excadrill
|-supereffective|p1a: Excadrill
|-damage|p1a: Excadrill|0 fnt
|faint|p1a: Excadrill
|
|-weather|none
|upkeep
|
|t:|1778510408
|switch|p1a: Hydrapple|Hydrapple, M|62/100
|turn|25
|
|t:|1778510413
|move|p2a: Zamazenta|Body Press|p1a: Hydrapple
|-damage|p1a: Hydrapple|3/100
|-damage|p2a: Zamazenta|39/100|[from] item: Rocky Helmet|[of] p1a: Hydrapple
|move|p1a: Hydrapple|Giga Drain|p2a: Zamazenta
|-damage|p2a: Zamazenta|12/100
|-heal|p1a: Hydrapple|14/100|[from] drain|[of] p2a: Zamazenta
|
|upkeep
|turn|26
|
|t:|1778510431
|switch|p1a: Tyranitar|Tyranitar, M|10/100
|-weather|Sandstorm|[from] ability: Sand Stream|[of] p1a: Tyranitar
|move|p2a: Zamazenta|Body Press|p1a: Tyranitar
|-supereffective|p1a: Tyranitar
|-damage|p1a: Tyranitar|0 fnt
|faint|p1a: Tyranitar
|
|-weather|Sandstorm|[upkeep]
|-damage|p2a: Zamazenta|6/100|[from] Sandstorm
|upkeep
|
|t:|1778510433
|switch|p1a: Keldeo|Keldeo-Resolute|100/100
|turn|27
|
|t:|1778510438
|move|p1a: Keldeo|Vacuum Wave|p2a: Zamazenta
|-damage|p2a: Zamazenta|0 fnt
|faint|p2a: Zamazenta
|
|-weather|Sandstorm|[upkeep]
|-damage|p1a: Keldeo|94/100|[from] Sandstorm
|upkeep
|
|t:|1778510446
|switch|p2a: Latios|Latios, M|100/100
|-damage|p2a: Latios|88/100|[from] Stealth Rock
|turn|28
|
|t:|1778510450
|switch|p1a: Hydrapple|Hydrapple, M|47/100
|move|p2a: Latios|Psychic Noise|p1a: Hydrapple
|-damage|p1a: Hydrapple|2/100
|-start|p1a: Hydrapple|move: Heal Block
|
|-weather|Sandstorm|[upkeep]
|-damage|p2a: Latios|82/100|[from] Sandstorm
|-damage|p1a: Hydrapple|0 fnt|[from] Sandstorm
|faint|p1a: Hydrapple
|upkeep
|
|t:|1778510452
|switch|p1a: Keldeo|Keldeo-Resolute|94/100
|turn|29
|
|t:|1778510457
|move|p2a: Latios|Psychic Noise|p1a: Keldeo
|-supereffective|p1a: Keldeo
|-damage|p1a: Keldeo|0 fnt
|faint|p1a: Keldeo
|
|win|saint imu
|raw|sus req's rating: 1580 &rarr; <strong>1557</strong><br />(-23 for losing)
|raw|saint imu's rating: 1534 &rarr; <strong>1557</strong><br />(+23 for winning)
|l|☆saint imu
|player|p2|
|l|☆sus req
|player|p1|
|l| Fat_Yogi
