|html|<div class="broadcast-blue"><strong>[Gen 9] OU is currently suspecting Tera Blast! For information on how to participate check out the <a href="https://www.smogon.com/tools/suspects/view/200">suspect thread</a>.</strong></div>
|j|☆Rgb69rgb
|j|☆Elmonelio
|t:|1776077181
|gametype|singles
|player|p1|Rgb69rgb|n|1099
|player|p2|Elmonelio|ethan|1075
|gen|9
|tier|[Gen 9] OU
|rated|
|rule|HP Percentage Mod: HP is shown in percentages
|rule|Endless Battle Clause: Forcing endless battles is banned
|rule|Species Clause: Limit one of each Pokémon
|rule|OHKO Clause: OHKO moves are banned
|rule|Evasion Items Clause: Evasion items are banned
|rule|Evasion Moves Clause: Evasion moves are banned
|rule|Evasion Abilities Clause: Evasion abilities are banned
|rule|Sleep Moves Clause: Sleep-inducing moves are banned
|clearpoke
|poke|p1|Feraligatr, M|
|poke|p1|Ludicolo, F|
|poke|p1|Pawmot, F|
|poke|p1|Diancie|
|poke|p1|Latios, M|
|poke|p1|Cramorant, F|
|poke|p2|Zapdos|
|poke|p2|Tauros-Paldea-Aqua, M|
|poke|p2|Skeledirge, M|
|poke|p2|Meowscarada, M|
|poke|p2|Mamoswine, F|
|poke|p2|Salamence, F|
|teampreview
|inactive|Battle timer is ON: inactive players will automatically lose when time's up. (requested by Rgb69rgb)
|
|t:|1776077188
|teamsize|p1|6
|teamsize|p2|6
|start
|switch|p1a: Ludicolo|Ludicolo, F|100/100
|switch|p2a: Mamoswine|Mamoswine, F|100/100
|turn|1
|
|t:|1776077198
|move|p1a: Ludicolo|Rain Dance|p1a: Ludicolo
|-weather|RainDance
|move|p2a: Mamoswine|Icicle Spear|p1a: Ludicolo
|-damage|p1a: Ludicolo|77/100
|-damage|p1a: Ludicolo|55/100
|-damage|p1a: Ludicolo|33/100
|-damage|p1a: Ludicolo|13/100
|-damage|p1a: Ludicolo|0 fnt
|faint|p1a: Ludicolo
|-hitcount|p1: Ludicolo|5
|
|-weather|RainDance|[upkeep]
|upkeep
|
|t:|1776077212
|switch|p1a: Cramorant|Cramorant, F|100/100
|turn|2
|
|t:|1776077216
|switch|p2a: Zapdos|Zapdos|100/100
|move|p1a: Cramorant|Surf|p2a: Zapdos
|-formechange|p1a: Cramorant|Cramorant-Gulping|
|-damage|p2a: Zapdos|66/100
|
|-weather|RainDance|[upkeep]
|upkeep
|turn|3
|
|t:|1776077226
|move|p1a: Cramorant|Ice Beam|p2a: Zapdos
|-supereffective|p2a: Zapdos
|-damage|p2a: Zapdos|30/100
|move|p2a: Zapdos|Thunderbolt|p1a: Cramorant
|-supereffective|p1a: Cramorant
|-damage|p1a: Cramorant|0 fnt
|-damage|p2a: Zapdos|5/100|[from] ability: Gulp Missile|[of] p1a: Cramorant
|-unboost|p2a: Zapdos|def|1
|-formechange|p1a: Cramorant|Cramorant|
|-enditem|p2a: Zapdos|Aguav Berry|[eat]
|-heal|p2a: Zapdos|38/100|[from] item: Aguav Berry
|faint|p1a: Cramorant
|
|-weather|RainDance|[upkeep]
|upkeep
|
|t:|1776077241
|switch|p1a: Pawmot|Pawmot, F|100/100
|turn|4
|
|t:|1776077249
|move|p1a: Pawmot|Ice Punch|p2a: Zapdos
|-supereffective|p2a: Zapdos
|-damage|p2a: Zapdos|0 fnt
|faint|p2a: Zapdos
|
|-weather|RainDance|[upkeep]
|upkeep
|
|t:|1776077258
|switch|p2a: Mamoswine|Mamoswine, F|100/100
|turn|5
|
|t:|1776077267
|-terastallize|p2a: Mamoswine|Ground
|move|p1a: Pawmot|Revival Blessing|p1a: Pawmot
|
|t:|1776077272
|-heal|p1: Cramorant|50/100|[from] move: Revival Blessing
|move|p2a: Mamoswine|Earthquake|p1a: Pawmot
|-supereffective|p1a: Pawmot
|-damage|p1a: Pawmot|0 fnt
|faint|p1a: Pawmot
|
|-weather|none
|upkeep
|
|t:|1776077280
|switch|p1a: Cramorant|Cramorant, F|50/100
|turn|6
|
|t:|1776077287
|move|p1a: Cramorant|Surf|p2a: Mamoswine
|-formechange|p1a: Cramorant|Cramorant-Gorging|
|-supereffective|p2a: Mamoswine
|-damage|p2a: Mamoswine|24/100
|move|p2a: Mamoswine|Icicle Spear|p1a: Cramorant
|-damage|p1a: Cramorant|18/100
|-damage|p2a: Mamoswine|0 fnt|[from] ability: Gulp Missile|[of] p1a: Cramorant
|-formechange|p1a: Cramorant|Cramorant|
|faint|p2a: Mamoswine
|-hitcount|p1a: Cramorant|1
|
|upkeep
|
|t:|1776077299
|switch|p2a: Meowscarada|Meowscarada, M|100/100
|turn|7
|
|t:|1776077303
|move|p2a: Meowscarada|Flower Trick|p1a: Cramorant
|-start|p2a: Meowscarada|typechange|Grass|[from] ability: Protean
|-crit|p1a: Cramorant
|-damage|p1a: Cramorant|0 fnt
|faint|p1a: Cramorant
|
|upkeep
|
|t:|1776077307
|switch|p1a: Latios|Latios, M|100/100
|turn|8
|
|t:|1776077315
|move|p2a: Meowscarada|Knock Off|p1a: Latios
|-supereffective|p1a: Latios
|-damage|p1a: Latios|19/100
|-enditem|p1a: Latios|Soul Dew|[from] move: Knock Off|[of] p2a: Meowscarada
|move|p1a: Latios|Luster Purge|p2a: Meowscarada
|-damage|p2a: Meowscarada|26/100
|-unboost|p2a: Meowscarada|spd|1
|
|upkeep
|turn|9
|
|t:|1776077324
|move|p2a: Meowscarada|Knock Off|p1a: Latios
|-supereffective|p1a: Latios
|-damage|p1a: Latios|0 fnt
|faint|p1a: Latios
|
|upkeep
|
|t:|1776077333
|switch|p1a: Diancie|Diancie|100/100
|turn|10
|
|t:|1776077340
|switch|p2a: Skeledirge|Skeledirge, M|100/100
|move|p1a: Diancie|Diamond Storm|p2a: Skeledirge
|-supereffective|p2a: Skeledirge
|-damage|p2a: Skeledirge|56/100
|-boost|p1a: Diancie|def|2
|
|-heal|p2a: Skeledirge|62/100|[from] item: Leftovers
|upkeep
|turn|11
|
|t:|1776077352
|move|p2a: Skeledirge|Torch Song|p1a: Diancie
|-resisted|p1a: Diancie
|-damage|p1a: Diancie|88/100
|-boost|p2a: Skeledirge|spa|1
|move|p1a: Diancie|Diamond Storm|p2a: Skeledirge
|-supereffective|p2a: Skeledirge
|-damage|p2a: Skeledirge|20/100
|
|-heal|p2a: Skeledirge|26/100|[from] item: Leftovers
|-heal|p1a: Diancie|94/100|[from] item: Leftovers
|upkeep
|turn|12
|
|t:|1776077365
|move|p2a: Skeledirge|Shadow Ball|p1a: Diancie
|-damage|p1a: Diancie|54/100
|move|p1a: Diancie|Diamond Storm|p2a: Skeledirge
|-supereffective|p2a: Skeledirge
|-damage|p2a: Skeledirge|0 fnt
|-boost|p1a: Diancie|def|2
|faint|p2a: Skeledirge
|
|-heal|p1a: Diancie|60/100|[from] item: Leftovers
|upkeep
|
|t:|1776077376
|switch|p2a: Meowscarada|Meowscarada, M|26/100
|turn|13
|
|t:|1776077381
|move|p2a: Meowscarada|Flower Trick|p1a: Diancie
|-start|p2a: Meowscarada|typechange|Grass|[from] ability: Protean
|-supereffective|p1a: Diancie
|-crit|p1a: Diancie
|-damage|p1a: Diancie|0 fnt
|faint|p1a: Diancie
|
|upkeep
|
|t:|1776077383
|switch|p1a: Feraligatr|Feraligatr, M|100/100
|turn|14
|
|t:|1776077392
|-terastallize|p1a: Feraligatr|Ice
|move|p2a: Meowscarada|Flower Trick|p1a: Feraligatr
|-crit|p1a: Feraligatr
|-damage|p1a: Feraligatr|49/100
|move|p1a: Feraligatr|Dragon Dance|p1a: Feraligatr
|-boost|p1a: Feraligatr|atk|1
|-boost|p1a: Feraligatr|spe|1
|
|upkeep
|turn|15
|
|t:|1776077404
|move|p1a: Feraligatr|Ice Fang|p2a: Meowscarada
|-supereffective|p2a: Meowscarada
|-damage|p2a: Meowscarada|0 fnt
|faint|p2a: Meowscarada
|
|upkeep
|
|t:|1776077410
|switch|p2a: Tauros|Tauros-Paldea-Aqua, M|100/100
|-ability|p2a: Tauros|Intimidate|boost
|-unboost|p1a: Feraligatr|atk|1
|turn|16
|
|t:|1776077421
|move|p1a: Feraligatr|Ice Fang|p2a: Tauros
|-resisted|p2a: Tauros
|-damage|p2a: Tauros|78/100
|-damage|p1a: Feraligatr|33/100|[from] item: Rocky Helmet|[of] p2a: Tauros
|move|p2a: Tauros|Close Combat|p1a: Feraligatr
|-supereffective|p1a: Feraligatr
|-damage|p1a: Feraligatr|0 fnt
|-unboost|p2a: Tauros|def|1
|-unboost|p2a: Tauros|spd|1
|-damage|p2a: Tauros|62/100|[from] item: Rocky Helmet|[of] p1a: Feraligatr
|faint|p1a: Feraligatr
|
|win|Elmonelio
|raw|Rgb69rgb's rating: 1099 &rarr; <strong>1072</strong><br />(-27 for losing)
|raw|Elmonelio's rating: 1075 &rarr; <strong>1106</strong><br />(+31 for winning)
|l|☆Rgb69rgb
|player|p1|
|l|☆Elmonelio
|player|p2|
