|html|<div class="broadcast-blue"><strong>[Gen 9] OU is currently suspecting Tera Blast! For information on how to participate check out the <a href="https://www.smogon.com/tools/suspects/view/200">suspect thread</a>.</strong></div>
|j|☆Rubyboi711
|j|☆Hopethisworkslmao
|t:|1776303171
|gametype|singles
|player|p1|Rubyboi711|volkner|1161
|player|p2|Hopethisworkslmao|hiker-gen4|1089
|gen|9
|tier|[Gen 9] OU
|rated|
|rule|HP Percentage Mod: HP is shown in percentages
|rule|Endless Battle Clause: Forcing endless battles is banned
|rule|Species Clause: Limit one of each Pokémon
|rule|OHKO Clause: OHKO moves are banned
|rule|Evasion Items Clause: Evasion items are banned
|rule|Evasion Moves Clause: Evasion moves are banned
|rule|Evasion Abilities Clause: Evasion abilities are banned
|rule|Sleep Moves Clause: Sleep-inducing moves are banned
|clearpoke
|poke|p1|Sawsbuck-Winter, F|
|poke|p1|Ursaluna, M|
|poke|p1|Iron Moth|
|poke|p1|Kingambit, M|
|poke|p1|Hoopa-Unbound|
|poke|p1|Araquanid, F|
|poke|p2|Landorus-Therian, M|
|poke|p2|Samurott-Hisui, F|
|poke|p2|Thundurus-Therian, M|
|poke|p2|Gholdengo|
|poke|p2|Scizor, F|
|poke|p2|Zamazenta-*|
|teampreview
|inactive|Battle timer is ON: inactive players will automatically lose when time's up. (requested by Rubyboi711)
|
|t:|1776303193
|teamsize|p1|6
|teamsize|p2|6
|start
|switch|p1a: Araquanid|Araquanid, F|100/100
|switch|p2a: Gholdengo|Gholdengo, shiny|100/100
|turn|1
|
|t:|1776303206
|move|p2a: Gholdengo|Thunderbolt|p1a: Araquanid
|-supereffective|p1a: Araquanid
|-damage|p1a: Araquanid|48/100
|-status|p1a: Araquanid|par
|move|p1a: Araquanid|Sticky Web|p2a: Gholdengo
|-sidestart|p2: Hopethisworkslmao|move: Sticky Web
|
|upkeep
|turn|2
|
|t:|1776303213
|switch|p1a: Ursaluna|Ursaluna, M, shiny|100/100
|move|p2a: Gholdengo|Thunderbolt|p1a: Ursaluna
|-immune|p1a: Ursaluna
|
|-status|p1a: Ursaluna|brn|[from] item: Flame Orb
|upkeep
|turn|3
|
|t:|1776303226
|switch|p2a: Thundurus|Thundurus-Therian, M, shiny|100/100
|move|p1a: Ursaluna|Trailblaze|p2a: Thundurus
|-resisted|p2a: Thundurus
|-damage|p2a: Thundurus|81/100
|-boost|p1a: Ursaluna|spe|1
|
|-damage|p1a: Ursaluna|94/100 brn|[from] brn
|upkeep
|turn|4
|
|t:|1776303238
|-terastallize|p2a: Thundurus|Ice
|move|p1a: Ursaluna|Facade|p2a: Thundurus
|-damage|p2a: Thundurus|0 fnt
|faint|p2a: Thundurus
|
|-damage|p1a: Ursaluna|88/100 brn|[from] brn
|upkeep
|
|t:|1776303247
|switch|p2a: Zamazenta|Zamazenta, shiny|100/100
|-activate|p2a: Zamazenta|move: Sticky Web
|-unboost|p2a: Zamazenta|spe|1
|-ability|p2a: Zamazenta|Dauntless Shield|boost
|-boost|p2a: Zamazenta|def|1
|turn|5
|
|t:|1776303253
|-terastallize|p1a: Ursaluna|Fairy
|move|p1a: Ursaluna|Facade|p2a: Zamazenta
|-damage|p2a: Zamazenta|43/100
|move|p2a: Zamazenta|Close Combat|p1a: Ursaluna
|-resisted|p1a: Ursaluna
|-damage|p1a: Ursaluna|63/100 brn
|-unboost|p2a: Zamazenta|def|1
|-unboost|p2a: Zamazenta|spd|1
|
|-heal|p2a: Zamazenta|49/100|[from] item: Leftovers
|-damage|p1a: Ursaluna|56/100 brn|[from] brn
|upkeep
|turn|6
|
|t:|1776303269
|switch|p2a: Scizor|Scizor, F, shiny|100/100
|-activate|p2a: Scizor|move: Sticky Web
|-unboost|p2a: Scizor|spe|1
|move|p1a: Ursaluna|Facade|p2a: Scizor
|-resisted|p2a: Scizor
|-damage|p2a: Scizor|42/100
|
|-damage|p1a: Ursaluna|50/100 brn|[from] brn
|upkeep
|turn|7
|
|t:|1776303279
|move|p2a: Scizor|Bullet Punch|p1a: Ursaluna
|-supereffective|p1a: Ursaluna
|-damage|p1a: Ursaluna|0 fnt
|faint|p1a: Ursaluna
|
|upkeep
|
|t:|1776303282
|switch|p1a: Iron Moth|Iron Moth, shiny|100/100
|-enditem|p1a: Iron Moth|Booster Energy
|-activate|p1a: Iron Moth|ability: Quark Drive|[fromitem]
|-start|p1a: Iron Moth|quarkdrivespa
|turn|8
|
|t:|1776303290
|switch|p2a: Samurott|Samurott-Hisui, F|100/100
|move|p1a: Iron Moth|Fiery Dance|p2a: Samurott
|-resisted|p2a: Samurott
|-damage|p2a: Samurott|55/100
|
|upkeep
|turn|9
|
|t:|1776303298
|move|p2a: Samurott|Aqua Jet|p1a: Iron Moth
|-supereffective|p1a: Iron Moth
|-damage|p1a: Iron Moth|43/100
|move|p1a: Iron Moth|Energy Ball|p2a: Samurott
|-supereffective|p2a: Samurott
|-damage|p2a: Samurott|0 fnt
|faint|p2a: Samurott
|
|upkeep
|
|t:|1776303307
|switch|p2a: Landorus|Landorus-Therian, M|100/100
|-ability|p2a: Landorus|Intimidate|boost
|-unboost|p1a: Iron Moth|atk|1
|turn|10
|
|t:|1776303312
|move|p1a: Iron Moth|Fiery Dance|p2a: Landorus
|-damage|p2a: Landorus|28/100
|move|p2a: Landorus|Scorching Sands|p1a: Iron Moth
|-supereffective|p1a: Iron Moth
|-damage|p1a: Iron Moth|0 fnt
|faint|p1a: Iron Moth
|-end|p1a: Iron Moth|Quark Drive|[silent]
|
|upkeep
|
|t:|1776303317
|switch|p1a: Sawsgoat|Sawsbuck-Winter, F, shiny|100/100
|turn|11
|
|t:|1776303328
|move|p1a: Sawsgoat|Headbutt|p2a: Landorus
|-damage|p2a: Landorus|0 fnt
|faint|p2a: Landorus
|
|upkeep
|
|t:|1776303334
|switch|p2a: Scizor|Scizor, F, shiny|42/100
|-activate|p2a: Scizor|move: Sticky Web
|-unboost|p2a: Scizor|spe|1
|turn|12
|
|t:|1776303342
|move|p2a: Scizor|Bullet Punch|p1a: Sawsgoat
|-damage|p1a: Sawsgoat|54/100
|move|p1a: Sawsgoat|Headbutt|p2a: Scizor
|-resisted|p2a: Scizor
|-damage|p2a: Scizor|28/100
|
|-heal|p1a: Sawsgoat|60/100|[from] item: Leftovers
|upkeep
|turn|13
|
|t:|1776303350
|move|p1a: Sawsgoat|Horn Leech|p2a: Scizor
|-resisted|p2a: Scizor
|-damage|p2a: Scizor|20/100
|-heal|p1a: Sawsgoat|64/100|[from] drain|[of] p2a: Scizor
|move|p2a: Scizor|X-Scissor|p1a: Sawsgoat
|-supereffective|p1a: Sawsgoat
|-damage|p1a: Sawsgoat|0 fnt
|faint|p1a: Sawsgoat
|
|upkeep
|
|t:|1776303355
|switch|p1a: Hoopa|Hoopa-Unbound|100/100
|turn|14
|
|t:|1776303362
|move|p1a: Hoopa|Dark Pulse|p2a: Scizor
|-damage|p2a: Scizor|0 fnt
|faint|p2a: Scizor
|
|upkeep
|
|t:|1776303370
|switch|p2a: Zamazenta|Zamazenta, shiny|49/100
|-activate|p2a: Zamazenta|move: Sticky Web
|-unboost|p2a: Zamazenta|spe|1
|turn|15
|
|t:|1776303378
|move|p1a: Hoopa|Psychic|p2a: Zamazenta
|-supereffective|p2a: Zamazenta
|-damage|p2a: Zamazenta|0 fnt
|faint|p2a: Zamazenta
|
|upkeep
|
|t:|1776303383
|switch|p2a: Gholdengo|Gholdengo, shiny|100/100
|-activate|p2a: Gholdengo|move: Sticky Web
|-unboost|p2a: Gholdengo|spe|1
|turn|16
|
|t:|1776303394
|move|p2a: Gholdengo|Dazzling Gleam|p1a: Hoopa
|-supereffective|p1a: Hoopa
|-damage|p1a: Hoopa|49/100
|move|p1a: Hoopa|Dark Pulse|p2a: Gholdengo
|-supereffective|p2a: Gholdengo
|-damage|p2a: Gholdengo|0 fnt
|faint|p2a: Gholdengo
|
|win|Rubyboi711
|raw|Rubyboi711's rating: 1161 &rarr; <strong>1181</strong><br />(+20 for winning)
|raw|Hopethisworkslmao's rating: 1089 &rarr; <strong>1070</strong><br />(-19 for losing)
