|html|<div class="broadcast-blue"><strong>[Gen 9] OU is currently suspecting Volcarona! For information on how to participate check out the <a href="https://www.smogon.com/tools/suspects/view/208">suspect thread</a>.</strong></div>
|j|☆neonninja10
|j|☆nsplumb
|t:|1778509916
|gametype|singles
|player|p1|neonninja10|n|1218
|player|p2|nsplumb|101|1162
|gen|9
|tier|[Gen 9] OU
|rated|
|rule|HP Percentage Mod: HP is shown in percentages
|rule|Endless Battle Clause: Forcing endless battles is banned
|rule|Species Clause: Limit one of each Pokémon
|rule|OHKO Clause: OHKO moves are banned
|rule|Evasion Items Clause: Evasion items are banned
|rule|Evasion Moves Clause: Evasion moves are banned
|rule|Evasion Abilities Clause: Evasion abilities are banned
|rule|Sleep Moves Clause: Sleep-inducing moves are banned
|clearpoke
|poke|p1|Ogerpon-Wellspring, F|
|poke|p1|Primarina, F|
|poke|p1|Cinderace, M|
|poke|p1|Heatran, F|
|poke|p1|Bisharp, M|
|poke|p1|Latios, M|
|poke|p2|Toxapex, M|
|poke|p2|Gliscor, F|
|poke|p2|Serperior, M|
|poke|p2|Weavile, F|
|poke|p2|Volcarona, F|
|poke|p2|Garchomp, F|
|teampreview
|inactive|Battle timer is ON: inactive players will automatically lose when time's up. (requested by neonninja10)
|
|t:|1778509948
|teamsize|p1|6
|teamsize|p2|6
|start
|switch|p1a: Primarina|Primarina, F|100/100
|switch|p2a: Gliscor|Gliscor, F|100/100
|turn|1
|
|t:|1778509958
|move|p2a: Gliscor|Toxic|p1a: Primarina
|-status|p1a: Primarina|tox
|move|p1a: Primarina|Sparkling Aria|p2a: Gliscor
|-supereffective|p2a: Gliscor
|-damage|p2a: Gliscor|0 fnt
|faint|p2a: Gliscor
|
|-damage|p1a: Primarina|94/100 tox|[from] psn
|upkeep
|
|t:|1778509988
|switch|p2a: Serperior|Serperior, M|100/100
|turn|2
|
|t:|1778510000
|switch|p1a: Latios|Latios, M|100/100
|move|p2a: Serperior|Leech Seed|p1a: Latios
|-start|p1a: Latios|move: Leech Seed
|
|-damage|p1a: Latios|88/100|[from] Leech Seed|[of] p2a: Serperior
|upkeep
|turn|3
|
|t:|1778510010
|-terastallize|p2a: Serperior|Dragon
|move|p2a: Serperior|Dragon Pulse|p1a: Latios
|-supereffective|p1a: Latios
|-damage|p1a: Latios|28/100
|move|p1a: Latios|Ice Beam|p2a: Serperior
|-supereffective|p2a: Serperior
|-damage|p2a: Serperior|4/100
|
|-heal|p2a: Serperior|10/100|[from] item: Leftovers
|-damage|p1a: Latios|16/100|[from] Leech Seed|[of] p2a: Serperior
|-heal|p2a: Serperior|23/100|[silent]
|upkeep
|turn|4
|
|t:|1778510026
|switch|p1a: Heatran|Heatran, F|100/100
|move|p2a: Serperior|Leaf Storm|p1a: Heatran
|-resisted|p1a: Heatran
|-damage|p1a: Heatran|93/100
|-boost|p2a: Serperior|spa|2
|
|-heal|p2a: Serperior|29/100|[from] item: Leftovers
|upkeep
|turn|5
|
|t:|1778510037
|switch|p2a: Garchomp|Garchomp, F|100/100
|move|p1a: Heatran|Flash Cannon|p2a: Garchomp
|-damage|p2a: Garchomp|55/100
|
|upkeep
|turn|6
|
|t:|1778510045
|switch|p1a: Primarina|Primarina, F|94/100 tox
|move|p2a: Garchomp|Earthquake|p1a: Primarina
|-damage|p1a: Primarina|31/100 tox
|
|-damage|p1a: Primarina|25/100 tox|[from] psn
|upkeep
|turn|7
|
|t:|1778510054
|move|p2a: Garchomp|Earthquake|p1a: Primarina
|-damage|p1a: Primarina|0 fnt
|faint|p1a: Primarina
|
|upkeep
|
|t:|1778510064
|switch|p1a: Latios|Latios, M|16/100
|turn|8
|
|t:|1778510083
|switch|p2a: Weavile|Weavile, F|100/100
|move|p1a: Latios|Dragon Pulse|p2a: Weavile
|-damage|p2a: Weavile|44/100
|
|upkeep
|turn|9
|
|t:|1778510098
|switch|p1a: Heatran|Heatran, F|93/100
|move|p2a: Weavile|Swords Dance|p2a: Weavile
|-boost|p2a: Weavile|atk|2
|
|upkeep
|turn|10
|
|t:|1778510108
|move|p2a: Weavile|Knock Off|p1a: Heatran
|-damage|p1a: Heatran|21/100
|-enditem|p1a: Heatran|Assault Vest|[from] move: Knock Off|[of] p2a: Weavile
|move|p1a: Heatran|Flash Cannon|p2a: Weavile
|-supereffective|p2a: Weavile
|-damage|p2a: Weavile|0 fnt
|faint|p2a: Weavile
|
|upkeep
|
|t:|1778510119
|switch|p2a: Garchomp|Garchomp, F|55/100
|turn|11
|
|t:|1778510126
|move|p2a: Garchomp|Swords Dance|p2a: Garchomp
|-boost|p2a: Garchomp|atk|2
|move|p1a: Heatran|Flash Cannon|p2a: Garchomp
|-damage|p2a: Garchomp|5/100
|
|upkeep
|turn|12
|
|t:|1778510136
|move|p2a: Garchomp|Dragon Claw|p1a: Heatran
|-resisted|p1a: Heatran
|-damage|p1a: Heatran|0 fnt
|faint|p1a: Heatran
|
|upkeep
|
|t:|1778510154
|switch|p1a: Ogerpon|Ogerpon-Wellspring, F|100/100
|turn|13
|
|t:|1778510171
|switch|p2a: Serperior|Serperior, M, tera:Dragon|29/100
|move|p1a: Ogerpon|Knock Off|p2a: Serperior
|-damage|p2a: Serperior|0 fnt
|-enditem|p2a: Serperior|Leftovers|[from] move: Knock Off|[of] p1a: Ogerpon
|faint|p2a: Serperior
|
|upkeep
|inactive|nsplumb has 120 seconds left.
|
|t:|1778510194
|switch|p2a: Toxapex|Toxapex, M|100/100
|turn|14
|
|t:|1778510199
|move|p1a: Ogerpon|Knock Off|p2a: Toxapex
|-damage|p2a: Toxapex|77/100
|-enditem|p2a: Toxapex|Black Sludge|[from] move: Knock Off|[of] p1a: Ogerpon
|move|p2a: Toxapex|Toxic Spikes|p1a: Ogerpon
|-sidestart|p1: neonninja10|move: Toxic Spikes
|
|upkeep
|turn|15
|
|t:|1778510211
|move|p1a: Ogerpon|Horn Leech|p2a: Toxapex
|-damage|p2a: Toxapex|51/100
|move|p2a: Toxapex|Toxic Spikes|p1a: Ogerpon
|-sidestart|p1: neonninja10|move: Toxic Spikes
|
|upkeep
|turn|16
|
|t:|1778510217
|switch|p1a: Bisharp|Bisharp, M, shiny|100/100
|move|p2a: Toxapex|Recover|p2a: Toxapex
|-heal|p2a: Toxapex|100/100
|
|upkeep
|turn|17
|
|t:|1778510225
|move|p1a: Bisharp|Iron Head|p2a: Toxapex
|-resisted|p2a: Toxapex
|-damage|p2a: Toxapex|88/100
|move|p2a: Toxapex|Chilling Water|p1a: Bisharp
|-damage|p1a: Bisharp|90/100
|-unboost|p1a: Bisharp|atk|1
|-ability|p1a: Bisharp|Defiant|boost
|-boost|p1a: Bisharp|atk|2
|
|upkeep
|turn|18
|
|t:|1778510246
|move|p1a: Bisharp|Shadow Claw|p2a: Toxapex
|-damage|p2a: Toxapex|63/100
|move|p2a: Toxapex|Haze|p2a: Toxapex
|-clearallboost
|
|upkeep
|turn|19
|
|t:|1778510260
|switch|p1a: Cinderace|Cinderace, M|100/100
|move|p2a: Toxapex|Recover|p2a: Toxapex
|-heal|p2a: Toxapex|100/100
|
|upkeep
|turn|20
|
|t:|1778510271
|switch|p2a: Volcarona|Volcarona, F|100/100
|move|p1a: Cinderace|Taunt|p2a: Volcarona
|-start|p1a: Cinderace|typechange|Dark|[from] ability: Libero
|-start|p2a: Volcarona|move: Taunt
|
|upkeep
|turn|21
|
|t:|1778510291
|move|p1a: Cinderace|U-turn|p2a: Volcarona
|-resisted|p2a: Volcarona
|-damage|p2a: Volcarona|84/100
|
|t:|1778510296
|switch|p1a: Bisharp|Bisharp, M, shiny|90/100|[from] U-turn
|move|p2a: Volcarona|Bug Buzz|p1a: Bisharp
|-crit|p1a: Bisharp
|-damage|p1a: Bisharp|13/100
|
|upkeep
|turn|22
|
|t:|1778510306
|move|p1a: Bisharp|Sucker Punch|p2a: Volcarona
|-damage|p2a: Volcarona|23/100
|move|p2a: Volcarona|Bug Buzz|p1a: Bisharp
|-damage|p1a: Bisharp|0 fnt
|faint|p1a: Bisharp
|
|-end|p2a: Volcarona|move: Taunt
|upkeep
|
|t:|1778510316
|switch|p1a: Cinderace|Cinderace, M|100/100
|turn|23
|
|t:|1778510326
|switch|p2a: Garchomp|Garchomp, F|5/100
|move|p1a: Cinderace|Flare Blitz|p2a: Garchomp
|-resisted|p2a: Garchomp
|-damage|p2a: Garchomp|0 fnt
|-damage|p1a: Cinderace|88/100|[from] ability: Rough Skin|[of] p2a: Garchomp
|-damage|p1a: Cinderace|72/100|[from] item: Rocky Helmet|[of] p2a: Garchomp
|faint|p2a: Garchomp
|-damage|p1a: Cinderace|70/100|[from] Recoil
|
|upkeep
|
|t:|1778510342
|switch|p2a: Toxapex|Toxapex, M|100/100
|turn|24
|
|t:|1778510354
|switch|p2a: Volcarona|Volcarona, F|23/100
|move|p1a: Cinderace|Court Change|p1a: Cinderace
|-start|p1a: Cinderace|typechange|Normal|[from] ability: Libero
|-swapsideconditions
|-activate|p1a: Cinderace|move: Court Change
|
|upkeep
|turn|25
|
|t:|1778510362
|move|p1a: Cinderace|Flare Blitz|p2a: Volcarona
|-damage|p2a: Volcarona|0 fnt
|-status|p1a: Cinderace|brn|[from] ability: Flame Body|[of] p2a: Volcarona
|faint|p2a: Volcarona
|-damage|p1a: Cinderace|62/100 brn|[from] Recoil
|
|-damage|p1a: Cinderace|56/100 brn|[from] brn
|upkeep
|
|t:|1778510370
|switch|p2a: Toxapex|Toxapex, M|100/100
|-sideend|p2: nsplumb|move: Toxic Spikes|[of] p2a: Toxapex
|turn|26
|
|t:|1778510375
|move|p1a: Cinderace|Taunt|p2a: Toxapex
|-start|p2a: Toxapex|move: Taunt
|cant|p2a: Toxapex|move: Taunt|Toxic Spikes
|
|-damage|p1a: Cinderace|50/100 brn|[from] brn
|upkeep
|turn|27
|
|t:|1778510385
|move|p1a: Cinderace|Flare Blitz|p2a: Toxapex
|-resisted|p2a: Toxapex
|-damage|p2a: Toxapex|95/100
|-status|p2a: Toxapex|brn
|-damage|p1a: Cinderace|48/100 brn|[from] Recoil
|move|p2a: Toxapex|Chilling Water|p1a: Cinderace
|-damage|p1a: Cinderace|33/100 brn
|-unboost|p1a: Cinderace|atk|1
|
|-damage|p1a: Cinderace|27/100 brn|[from] brn
|-damage|p2a: Toxapex|88/100 brn|[from] brn
|upkeep
|turn|28
|
|t:|1778510403
|move|p1a: Cinderace|Flare Blitz|p2a: Toxapex
|-resisted|p2a: Toxapex
|-damage|p2a: Toxapex|84/100 brn
|-damage|p1a: Cinderace|26/100 brn|[from] Recoil
|move|p2a: Toxapex|Chilling Water|p1a: Cinderace
|-damage|p1a: Cinderace|10/100 brn
|-unboost|p1a: Cinderace|atk|1
|
|-damage|p1a: Cinderace|4/100 brn|[from] brn
|-damage|p2a: Toxapex|78/100 brn|[from] brn
|-end|p2a: Toxapex|move: Taunt
|upkeep
|turn|29
|
|t:|1778510415
|move|p1a: Cinderace|Taunt|p2a: Toxapex
|-start|p2a: Toxapex|move: Taunt
|cant|p2a: Toxapex|move: Taunt|Toxic Spikes
|
|-damage|p1a: Cinderace|0 fnt|[from] brn
|faint|p1a: Cinderace
|-damage|p2a: Toxapex|72/100 brn|[from] brn
|upkeep
|
|t:|1778510424
|switch|p1a: Latios|Latios, M|16/100
|turn|30
|
|t:|1778510432
|move|p1a: Latios|Luster Purge|p2a: Toxapex
|-supereffective|p2a: Toxapex
|-damage|p2a: Toxapex|0 fnt
|faint|p2a: Toxapex
|
|win|neonninja10
|raw|neonninja10's rating: 1218 &rarr; <strong>1239</strong><br />(+21 for winning)
|raw|nsplumb's rating: 1162 &rarr; <strong>1141</strong><br />(-21 for losing)
|l|☆nsplumb
|player|p2|
|c|☆neonninja10|GG
|l|☆neonninja10
|player|p1|
