|html|<div class="broadcast-blue"><strong>[Gen 9] OU is currently suspecting Tera Blast! For information on how to participate check out the <a href="https://www.smogon.com/tools/suspects/view/200">suspect thread</a>.</strong></div>
|j|☆TrentMercer
|j|☆Drakolise
|t:|1776281825
|gametype|singles
|player|p1|TrentMercer|cynthia-gen4|1517
|player|p2|Drakolise|ariana|1523
|gen|9
|tier|[Gen 9] OU
|rated|
|rule|HP Percentage Mod: HP is shown in percentages
|rule|Endless Battle Clause: Forcing endless battles is banned
|rule|Species Clause: Limit one of each Pokémon
|rule|OHKO Clause: OHKO moves are banned
|rule|Evasion Items Clause: Evasion items are banned
|rule|Evasion Moves Clause: Evasion moves are banned
|rule|Evasion Abilities Clause: Evasion abilities are banned
|rule|Sleep Moves Clause: Sleep-inducing moves are banned
|clearpoke
|poke|p1|Landorus-Therian, M|
|poke|p1|Corviknight, M|
|poke|p1|Slowking-Galar, M|
|poke|p1|Crawdaunt, M|
|poke|p1|Darkrai|
|poke|p1|Gholdengo|
|poke|p2|Great Tusk|
|poke|p2|Cinderace, M|
|poke|p2|Kyurem|
|poke|p2|Hatterene, F|
|poke|p2|Dragonite, M|
|poke|p2|Gholdengo|
|teampreview
|
|t:|1776281846
|teamsize|p1|6
|teamsize|p2|6
|start
|switch|p1a: Slowking|Slowking-Galar, M, shiny|100/100
|switch|p2a: Cinderace|Cinderace, M, shiny|100/100
|turn|1
|inactive|Battle timer is ON: inactive players will automatically lose when time's up. (requested by Drakolise)
|
|t:|1776281857
|switch|p1a: Landorus|Landorus-Therian, M|100/100
|-ability|p1a: Landorus|Intimidate|boost
|-unboost|p2a: Cinderace|atk|1
|-terastallize|p2a: Cinderace|Fire
|move|p2a: Cinderace|Pyro Ball|p1a: Landorus
|-damage|p1a: Landorus|22/100
|
|upkeep
|turn|2
|
|t:|1776281869
|switch|p1a: Crawdaunt|Crawdaunt, M|100/100
|move|p2a: Cinderace|Pyro Ball|p1a: Crawdaunt
|-resisted|p1a: Crawdaunt
|-damage|p1a: Crawdaunt|48/100
|
|upkeep
|turn|3
|
|t:|1776281875
|switch|p2a: Kyurem|Kyurem, shiny|100/100
|-ability|p2a: Kyurem|Pressure
|move|p1a: Crawdaunt|Aqua Jet|p2a: Kyurem
|-resisted|p2a: Kyurem
|-damage|p2a: Kyurem|80/100
|
|upkeep
|turn|4
|
|t:|1776281883
|switch|p2a: Cinderace|Cinderace, M, shiny, tera:Fire|100/100
|switch|p1a: Slowking|Slowking-Galar, M, shiny|100/100
|
|upkeep
|turn|5
|
|t:|1776281888
|switch|p1a: Landorus|Landorus-Therian, M|22/100
|-ability|p1a: Landorus|Intimidate|boost
|-unboost|p2a: Cinderace|atk|1
|move|p2a: Cinderace|Pyro Ball|p1a: Landorus
|-damage|p1a: Landorus|0 fnt
|faint|p1a: Landorus
|
|upkeep
|
|t:|1776281894
|switch|p1a: Crawdaunt|Crawdaunt, M|48/100
|turn|6
|
|t:|1776281897
|switch|p2a: Hatterene|Hatterene, F, shiny|100/100
|move|p1a: Crawdaunt|Aqua Jet|p2a: Hatterene
|-damage|p2a: Hatterene|62/100
|-damage|p1a: Crawdaunt|31/100|[from] item: Rocky Helmet|[of] p2a: Hatterene
|
|upkeep
|turn|7
|
|t:|1776281903
|switch|p1a: Slowking|Slowking-Galar, M, shiny|100/100
|move|p2a: Hatterene|Nuzzle|p1a: Slowking
|-damage|p1a: Slowking|97/100
|-status|p1a: Slowking|par
|
|upkeep
|turn|8
|
|t:|1776281909
|switch|p2a: Great Tusk|Great Tusk|100/100
|-enditem|p2a: Great Tusk|Booster Energy
|-activate|p2a: Great Tusk|ability: Protosynthesis|[fromitem]
|-start|p2a: Great Tusk|protosynthesisatk
|move|p1a: Slowking|Flamethrower|p2a: Great Tusk
|-damage|p2a: Great Tusk|58/100
|
|upkeep
|turn|9
|
|t:|1776281918
|switch|p1a: Corviknight|Corviknight, M, shiny|100/100
|-ability|p1a: Corviknight|Pressure
|move|p2a: Great Tusk|Close Combat|p1a: Corviknight
|-damage|p1a: Corviknight|51/100
|-unboost|p2a: Great Tusk|def|1
|-unboost|p2a: Great Tusk|spd|1
|
|-heal|p1a: Corviknight|57/100|[from] item: Leftovers
|upkeep
|turn|10
|j| dendar
|l| dendar
|
|t:|1776281927
|-end|p2a: Great Tusk|Protosynthesis|[silent]
|switch|p2a: Cinderace|Cinderace, M, shiny, tera:Fire|100/100
|move|p1a: Corviknight|U-turn|p2a: Cinderace
|-resisted|p2a: Cinderace
|-damage|p2a: Cinderace|91/100
|
|t:|1776281931
|switch|p1a: Crawdaunt|Crawdaunt, M|31/100|[from] U-turn
|
|upkeep
|turn|11
|j| dendar
|
|t:|1776281936
|switch|p2a: Hatterene|Hatterene, F, shiny|62/100
|move|p1a: Crawdaunt|Knock Off|p2a: Hatterene
|-damage|p2a: Hatterene|0 fnt
|-damage|p1a: Crawdaunt|15/100|[from] item: Rocky Helmet|[of] p2a: Hatterene
|-enditem|p2a: Hatterene|Rocky Helmet|[from] move: Knock Off|[of] p1a: Crawdaunt
|faint|p2a: Hatterene
|
|upkeep
|
|t:|1776281940
|switch|p2a: Kyurem|Kyurem, shiny|80/100
|-ability|p2a: Kyurem|Pressure
|turn|12
|l| dendar
|
|t:|1776281946
|switch|p1a: Slowking|Slowking-Galar, M, shiny|100/100 par
|move|p2a: Kyurem|Ice Beam|p1a: Slowking
|-damage|p1a: Slowking|75/100 par
|
|upkeep
|turn|13
|
|t:|1776281952
|move|p2a: Kyurem|Earth Power|p1a: Slowking
|-supereffective|p1a: Slowking
|-damage|p1a: Slowking|40/100 par
|move|p1a: Slowking|Flamethrower|p2a: Kyurem
|-damage|p2a: Kyurem|65/100
|-status|p2a: Kyurem|brn
|
|-damage|p2a: Kyurem|59/100 brn|[from] brn
|upkeep
|turn|14
|
|t:|1776281962
|switch|p2a: Gholdengo|Gholdengo, shiny|100/100
|switch|p1a: Corviknight|Corviknight, M, shiny|57/100
|-ability|p1a: Corviknight|Pressure
|
|-heal|p1a: Corviknight|63/100|[from] item: Leftovers
|upkeep
|turn|15
|
|t:|1776281967
|move|p2a: Gholdengo|Trick|p1a: Corviknight
|-activate|p2a: Gholdengo|move: Trick|[of] p1a: Corviknight
|-item|p1a: Corviknight|Choice Scarf|[from] move: Trick
|-item|p2a: Gholdengo|Leftovers|[from] move: Trick
|move|p1a: Corviknight|U-turn|p2a: Gholdengo
|-resisted|p2a: Gholdengo
|-damage|p2a: Gholdengo|96/100
|
|t:|1776281972
|switch|p1a: Darkrai|Darkrai|100/100|[from] U-turn
|
|-heal|p2a: Gholdengo|100/100|[from] item: Leftovers
|upkeep
|turn|16
|
|t:|1776281977
|switch|p2a: Kyurem|Kyurem, shiny|59/100 brn
|-ability|p2a: Kyurem|Pressure
|move|p1a: Darkrai|Dark Pulse|p2a: Kyurem
|-damage|p2a: Kyurem|35/100 brn
|
|-damage|p2a: Kyurem|29/100 brn|[from] brn
|upkeep
|turn|17
|
|t:|1776281997
|switch|p1a: Slowking|Slowking-Galar, M, shiny|74/100 par
|move|p2a: Kyurem|Draco Meteor|p1a: Slowking
|-damage|p1a: Slowking|38/100 par
|-unboost|p2a: Kyurem|spa|2
|
|-damage|p2a: Kyurem|23/100 brn|[from] brn
|upkeep
|turn|18
|
|t:|1776282007
|switch|p2a: Great Tusk|Great Tusk|58/100
|move|p1a: Slowking|Flamethrower|p2a: Great Tusk
|-damage|p2a: Great Tusk|14/100
|
|upkeep
|turn|19
|
|t:|1776282020
|-end|p2a: Great Tusk|Protosynthesis|[silent]
|switch|p2a: Cinderace|Cinderace, M, shiny, tera:Fire|91/100
|switch|p1a: Corviknight|Corviknight, M, shiny|63/100
|-ability|p1a: Corviknight|Pressure
|
|upkeep
|turn|20
|
|t:|1776282026
|move|p2a: Cinderace|Pyro Ball|p1a: Corviknight
|-supereffective|p1a: Corviknight
|-damage|p1a: Corviknight|0 fnt
|faint|p1a: Corviknight
|
|upkeep
|
|t:|1776282031
|switch|p1a: Crawdaunt|Crawdaunt, M|15/100
|turn|21
|
|t:|1776282034
|switch|p2a: Great Tusk|Great Tusk|14/100
|move|p1a: Crawdaunt|Aqua Jet|p2a: Great Tusk
|-supereffective|p2a: Great Tusk
|-damage|p2a: Great Tusk|0 fnt
|faint|p2a: Great Tusk
|-end|p2a: Great Tusk|Protosynthesis|[silent]
|
|upkeep
|
|t:|1776282041
|switch|p2a: Kyurem|Kyurem, shiny|23/100 brn
|-ability|p2a: Kyurem|Pressure
|turn|22
|
|t:|1776282050
|switch|p1a: Slowking|Slowking-Galar, M, shiny|72/100 par
|move|p2a: Kyurem|Earth Power|p1a: Slowking
|-supereffective|p1a: Slowking
|-damage|p1a: Slowking|38/100 par
|
|-damage|p2a: Kyurem|17/100 brn|[from] brn
|upkeep
|turn|23
|
|t:|1776282060
|move|p2a: Kyurem|Earth Power|p1a: Slowking
|-supereffective|p1a: Slowking
|-damage|p1a: Slowking|4/100 par
|move|p1a: Slowking|Sludge Bomb|p2a: Kyurem
|-damage|p2a: Kyurem|0 fnt
|faint|p2a: Kyurem
|
|upkeep
|
|t:|1776282071
|switch|p2a: Cinderace|Cinderace, M, shiny, tera:Fire|91/100
|turn|24
|
|t:|1776282074
|move|p2a: Cinderace|U-turn|p1a: Slowking
|-damage|p1a: Slowking|0 fnt
|faint|p1a: Slowking
|
|t:|1776282076
|switch|p2a: Gholdengo|Gholdengo, shiny|100/100|[from] U-turn
|
|upkeep
|
|t:|1776282079
|switch|p1a: Darkrai|Darkrai|100/100
|turn|25
|
|t:|1776282085
|move|p1a: Darkrai|Dark Pulse|p2a: Gholdengo
|-supereffective|p2a: Gholdengo
|-damage|p2a: Gholdengo|0 fnt
|faint|p2a: Gholdengo
|
|upkeep
|
|t:|1776282089
|switch|p2a: Cinderace|Cinderace, M, shiny, tera:Fire|91/100
|turn|26
|
|t:|1776282098
|move|p1a: Darkrai|Dark Pulse|p2a: Cinderace
|-damage|p2a: Cinderace|31/100
|move|p2a: Cinderace|U-turn|p1a: Darkrai
|-supereffective|p1a: Darkrai
|-damage|p1a: Darkrai|18/100
|
|t:|1776282102
|switch|p2a: Dragonite|Dragonite, M|100/100|[from] U-turn
|
|upkeep
|turn|27
|
|t:|1776282105
|switch|p1a: Gholdengo|Gholdengo|100/100
|move|p2a: Dragonite|Dragon Dance|p2a: Dragonite
|-boost|p2a: Dragonite|atk|1
|-boost|p2a: Dragonite|spe|1
|
|upkeep
|turn|28
|
|t:|1776282114
|switch|p2a: Cinderace|Cinderace, M, shiny, tera:Fire|31/100
|-terastallize|p1a: Gholdengo|Fairy
|move|p1a: Gholdengo|Trick|p2a: Cinderace
|-activate|p1a: Gholdengo|move: Trick|[of] p2a: Cinderace
|-item|p2a: Cinderace|Choice Scarf|[from] move: Trick
|-item|p1a: Gholdengo|Choice Band|[from] move: Trick
|
|upkeep
|turn|29
|
|t:|1776282128
|switch|p1a: Darkrai|Darkrai|18/100
|move|p2a: Cinderace|Gunk Shot|p1a: Darkrai
|-damage|p1a: Darkrai|0 fnt
|faint|p1a: Darkrai
|
|upkeep
|
|t:|1776282134
|switch|p1a: Crawdaunt|Crawdaunt, M|15/100
|turn|30
|
|t:|1776282137
|switch|p2a: Dragonite|Dragonite, M|100/100
|move|p1a: Crawdaunt|Aqua Jet|p2a: Dragonite
|-resisted|p2a: Dragonite
|-damage|p2a: Dragonite|88/100
|
|upkeep
|turn|31
|
|t:|1776282145
|switch|p1a: Gholdengo|Gholdengo, tera:Fairy|100/100
|move|p2a: Dragonite|Dragon Dance|p2a: Dragonite
|-boost|p2a: Dragonite|atk|1
|-boost|p2a: Dragonite|spe|1
|
|upkeep
|turn|32
|
|t:|1776282149
|move|p2a: Dragonite|Extreme Speed|p1a: Gholdengo
|-damage|p1a: Gholdengo|49/100
|move|p1a: Gholdengo|Dazzling Gleam|p2a: Dragonite
|-supereffective|p2a: Dragonite
|-damage|p2a: Dragonite|1/100
|
|upkeep
|turn|33
|
|t:|1776282158
|move|p2a: Dragonite|Extreme Speed|p1a: Gholdengo
|-damage|p1a: Gholdengo|2/100
|move|p1a: Gholdengo|Dazzling Gleam|p2a: Dragonite
|-supereffective|p2a: Dragonite
|-damage|p2a: Dragonite|0 fnt
|faint|p2a: Dragonite
|
|upkeep
|
|t:|1776282161
|switch|p2a: Cinderace|Cinderace, M, shiny, tera:Fire|31/100
|turn|34
|
|t:|1776282163
|move|p2a: Cinderace|U-turn|p1a: Gholdengo
|-resisted|p1a: Gholdengo
|-damage|p1a: Gholdengo|0 fnt
|faint|p1a: Gholdengo
|
|upkeep
|
|t:|1776282166
|switch|p1a: Crawdaunt|Crawdaunt, M|15/100
|turn|35
|-message|Drakolise forfeited.
|
|win|TrentMercer
|raw|TrentMercer's rating: 1517 &rarr; <strong>1537</strong><br />(+20 for winning)
|raw|Drakolise's rating: 1523 &rarr; <strong>1503</strong><br />(-20 for losing)
|l|☆Drakolise
|player|p2|
