|html|<div class="broadcast-blue"><strong>[Gen 9] OU is currently suspecting Tera Blast! For information on how to participate check out the <a href="https://www.smogon.com/tools/suspects/view/200">suspect thread</a>.</strong></div>
|j|☆metalsandy
|j|‽Ponponstar
|t:|1776067847
|gametype|singles
|player|p1|metalsandy|bruno|1231
|player|p2|Ponponstar|harlequin|1249
|gen|9
|tier|[Gen 9] OU
|rated|
|rule|HP Percentage Mod: HP is shown in percentages
|rule|Endless Battle Clause: Forcing endless battles is banned
|rule|Species Clause: Limit one of each Pokémon
|rule|OHKO Clause: OHKO moves are banned
|rule|Evasion Items Clause: Evasion items are banned
|rule|Evasion Moves Clause: Evasion moves are banned
|rule|Evasion Abilities Clause: Evasion abilities are banned
|rule|Sleep Moves Clause: Sleep-inducing moves are banned
|clearpoke
|poke|p1|Froslass, F|
|poke|p1|Scizor, F|
|poke|p1|Iron Valiant|
|poke|p1|Zapdos|
|poke|p1|Cinderace, F|
|poke|p1|Darkrai|
|poke|p2|Torkoal, M|
|poke|p2|Lilligant-Hisui, F|
|poke|p2|Walking Wake|
|poke|p2|Ninetales, F|
|poke|p2|Raging Bolt|
|poke|p2|Great Tusk|
|teampreview
|inactive|Battle timer is ON: inactive players will automatically lose when time's up. (requested by Ponponstar)
|inactive|Ponponstar has 120 seconds left.
|inactive|Ponponstar has 90 seconds left.
|
|t:|1776067915
|teamsize|p1|6
|teamsize|p2|6
|start
|switch|p1a: Cinderace|Cinderace, F|100/100
|switch|p2a: Torkoal|Torkoal, M, shiny|100/100
|-weather|SunnyDay|[from] ability: Drought|[of] p2a: Torkoal
|turn|1
|inactive|metalsandy has 120 seconds left.
|inactive|metalsandy has 90 seconds left.
|inactive|metalsandy has 60 seconds left.
|
|t:|1776068023
|switch|p2a: Walking Wake|Walking Wake|100/100
|-activate|p2a: Walking Wake|ability: Protosynthesis
|-start|p2a: Walking Wake|protosynthesisspe
|move|p1a: Cinderace|Pyro Ball|p2a: Walking Wake
|-resisted|p2a: Walking Wake
|-damage|p2a: Walking Wake|65/100
|
|-weather|SunnyDay|[upkeep]
|upkeep
|turn|2
|inactive|Ponponstar has 120 seconds left.
|
|t:|1776068068
|switch|p1a: Zapdos|Zapdos|100/100
|move|p2a: Walking Wake|Weather Ball|p1a: Zapdos
|-damage|p1a: Zapdos|67/100
|
|-weather|SunnyDay|[upkeep]
|upkeep
|turn|3
|
|t:|1776068083
|move|p2a: Walking Wake|Weather Ball|p1a: Zapdos
|-damage|p1a: Zapdos|33/100
|move|p1a: Zapdos|Heat Wave|p2a: Walking Wake
|-resisted|p2a: Walking Wake
|-damage|p2a: Walking Wake|54/100
|-status|p2a: Walking Wake|brn
|
|-weather|SunnyDay|[upkeep]
|-damage|p2a: Walking Wake|47/100 brn|[from] brn
|upkeep
|turn|4
|
|t:|1776068094
|move|p2a: Walking Wake|Weather Ball|p1a: Zapdos
|-damage|p1a: Zapdos|0 fnt
|faint|p1a: Zapdos
|
|-weather|SunnyDay|[upkeep]
|-damage|p2a: Walking Wake|41/100 brn|[from] brn
|upkeep
|
|t:|1776068112
|switch|p1a: Iron Valiant|Iron Valiant|100/100
|-enditem|p1a: Iron Valiant|Booster Energy
|-activate|p1a: Iron Valiant|ability: Quark Drive|[fromitem]
|-start|p1a: Iron Valiant|quarkdrivespe
|turn|5
|inactive|Ponponstar has 120 seconds left.
|
|t:|1776068123
|move|p1a: Iron Valiant|Calm Mind|p1a: Iron Valiant
|-boost|p1a: Iron Valiant|spa|1
|-boost|p1a: Iron Valiant|spd|1
|move|p2a: Walking Wake|Weather Ball|p1a: Iron Valiant
|-damage|p1a: Iron Valiant|14/100
|
|-weather|SunnyDay|[upkeep]
|-damage|p2a: Walking Wake|35/100 brn|[from] brn
|upkeep
|turn|6
|inactive|metalsandy has 60 seconds left.
|inactive|Ponponstar has 120 seconds left.
|
|t:|1776068132
|move|p1a: Iron Valiant|Moonblast|p2a: Walking Wake
|-supereffective|p2a: Walking Wake
|-damage|p2a: Walking Wake|0 fnt
|faint|p2a: Walking Wake
|-end|p2a: Walking Wake|Protosynthesis|[silent]
|
|-weather|SunnyDay|[upkeep]
|upkeep
|inactive|Ponponstar has 120 seconds left.
|
|t:|1776068139
|switch|p2a: Lilligant|Lilligant-Hisui, F, shiny|100/100
|turn|7
|
|t:|1776068143
|move|p2a: Lilligant|Solar Blade||[still]
|-prepare|p2a: Lilligant|Solar Blade
|-anim|p2a: Lilligant|Solar Blade|p1a: Iron Valiant
|-damage|p1a: Iron Valiant|0 fnt
|faint|p1a: Iron Valiant
|-end|p1a: Iron Valiant|Quark Drive|[silent]
|-damage|p2a: Lilligant|91/100|[from] item: Life Orb
|
|-weather|SunnyDay|[upkeep]
|upkeep
|
|t:|1776068155
|switch|p1a: Cinderace|Cinderace, F|100/100
|turn|8
|
|t:|1776068168
|switch|p2a: Great Tusk|Great Tusk, shiny|100/100
|-activate|p2a: Great Tusk|ability: Protosynthesis
|-start|p2a: Great Tusk|protosynthesisatk
|move|p1a: Cinderace|Pyro Ball|p2a: Great Tusk
|-damage|p2a: Great Tusk|19/100
|
|-weather|none
|-end|p2a: Great Tusk|Protosynthesis
|-heal|p2a: Great Tusk|26/100|[from] item: Leftovers
|upkeep
|turn|9
|
|t:|1776068178
|-end|p2a: Great Tusk|Protosynthesis|[silent]
|switch|p2a: Torkoal|Torkoal, M, shiny|100/100
|-weather|SunnyDay|[from] ability: Drought|[of] p2a: Torkoal
|move|p1a: Cinderace|Pyro Ball|p2a: Torkoal
|-resisted|p2a: Torkoal
|-damage|p2a: Torkoal|56/100
|
|-weather|SunnyDay|[upkeep]
|upkeep
|turn|10
|inactive|metalsandy has 90 seconds left.
|
|t:|1776068197
|move|p1a: Cinderace|Pyro Ball|p2a: Torkoal
|-resisted|p2a: Torkoal
|-damage|p2a: Torkoal|6/100
|move|p2a: Torkoal|Overheat|p1a: Cinderace
|-resisted|p1a: Cinderace
|-damage|p1a: Cinderace|58/100
|-unboost|p2a: Torkoal|spa|2
|
|-weather|SunnyDay|[upkeep]
|upkeep
|turn|11
|
|t:|1776068206
|switch|p1a: Darkrai|Darkrai|100/100
|move|p2a: Torkoal|Overheat|p1a: Darkrai
|-damage|p1a: Darkrai|61/100
|-unboost|p2a: Torkoal|spa|2
|
|-weather|SunnyDay|[upkeep]
|upkeep
|turn|12
|
|t:|1776068219
|switch|p2a: Great Tusk|Great Tusk, shiny|26/100
|-activate|p2a: Great Tusk|ability: Protosynthesis
|-start|p2a: Great Tusk|protosynthesisatk
|move|p1a: Darkrai|Psychic|p2a: Great Tusk
|-supereffective|p2a: Great Tusk
|-damage|p2a: Great Tusk|0 fnt
|faint|p2a: Great Tusk
|-end|p2a: Great Tusk|Protosynthesis|[silent]
|
|-weather|SunnyDay|[upkeep]
|upkeep
|
|t:|1776068230
|switch|p2a: Lilligant|Lilligant-Hisui, F, shiny|91/100
|turn|13
|
|t:|1776068234
|move|p2a: Lilligant|Close Combat|p1a: Darkrai
|-supereffective|p1a: Darkrai
|-damage|p1a: Darkrai|0 fnt
|-unboost|p2a: Lilligant|def|1
|-unboost|p2a: Lilligant|spd|1
|faint|p1a: Darkrai
|-damage|p2a: Lilligant|81/100|[from] item: Life Orb
|
|-weather|SunnyDay|[upkeep]
|upkeep
|
|t:|1776068242
|switch|p1a: Scizor|Scizor, F|100/100
|turn|14
|
|t:|1776068247
|switch|p2a: Torkoal|Torkoal, M, shiny|6/100
|move|p1a: Scizor|Swords Dance|p1a: Scizor
|-boost|p1a: Scizor|atk|2
|
|-weather|SunnyDay|[upkeep]
|upkeep
|turn|15
|
|t:|1776068255
|move|p1a: Scizor|Bullet Punch|p2a: Torkoal
|-resisted|p2a: Torkoal
|-damage|p2a: Torkoal|0 fnt
|faint|p2a: Torkoal
|
|-weather|SunnyDay|[upkeep]
|upkeep
|
|t:|1776068261
|switch|p2a: Raging Bolt|Raging Bolt|100/100
|-activate|p2a: Raging Bolt|ability: Protosynthesis
|-start|p2a: Raging Bolt|protosynthesisspa
|turn|16
|
|t:|1776068267
|move|p2a: Raging Bolt|Thunderbolt|p1a: Scizor
|-damage|p1a: Scizor|18/100
|move|p1a: Scizor|Knock Off|p2a: Raging Bolt
|-damage|p2a: Raging Bolt|45/100
|-enditem|p2a: Raging Bolt|Leftovers|[from] move: Knock Off|[of] p1a: Scizor
|
|-weather|none
|-end|p2a: Raging Bolt|Protosynthesis
|-heal|p1a: Scizor|24/100|[from] item: Leftovers
|upkeep
|turn|17
|inactive|Ponponstar has 120 seconds left.
|
|t:|1776068303
|-end|p2a: Raging Bolt|Protosynthesis|[silent]
|switch|p2a: Ninetales|Ninetales, F|100/100
|-weather|SunnyDay|[from] ability: Drought|[of] p2a: Ninetales
|move|p1a: Scizor|Swords Dance|p1a: Scizor
|-boost|p1a: Scizor|atk|2
|
|-weather|SunnyDay|[upkeep]
|-heal|p1a: Scizor|30/100|[from] item: Leftovers
|upkeep
|turn|18
|inactive|Ponponstar has 120 seconds left.
|
|t:|1776068314
|move|p1a: Scizor|Bullet Punch|p2a: Ninetales
|-resisted|p2a: Ninetales
|-damage|p2a: Ninetales|32/100
|move|p2a: Ninetales|Heat Wave|p1a: Scizor
|-supereffective|p1a: Scizor
|-damage|p1a: Scizor|0 fnt
|faint|p1a: Scizor
|
|-weather|SunnyDay|[upkeep]
|upkeep
|
|t:|1776068320
|switch|p1a: Cinderace|Cinderace, F|58/100
|turn|19
|inactive|Ponponstar has 120 seconds left.
|inactive|Ponponstar has 90 seconds left.
|
|t:|1776068372
|move|p1a: Cinderace|Pyro Ball|p2a: Ninetales
|-resisted|p2a: Ninetales
|-damage|p2a: Ninetales|0 fnt
|faint|p2a: Ninetales
|
|-weather|SunnyDay|[upkeep]
|upkeep
|
|t:|1776068385
|switch|p2a: Raging Bolt|Raging Bolt|45/100
|-activate|p2a: Raging Bolt|ability: Protosynthesis
|-start|p2a: Raging Bolt|protosynthesisspa
|turn|20
|
|t:|1776068396
|move|p2a: Raging Bolt|Thunderclap|p1a: Cinderace
|-damage|p1a: Cinderace|0 fnt
|faint|p1a: Cinderace
|
|-weather|SunnyDay|[upkeep]
|upkeep
|
|t:|1776068398
|switch|p1a: Froslass|Froslass, F|100/100
|turn|21
|
|t:|1776068406
|move|p1a: Froslass|Will-O-Wisp|p2a: Raging Bolt
|-status|p2a: Raging Bolt|brn
|move|p2a: Raging Bolt|Thunderbolt|p1a: Froslass
|-damage|p1a: Froslass|8/100
|
|-weather|SunnyDay|[upkeep]
|-damage|p2a: Raging Bolt|39/100 brn|[from] brn
|upkeep
|turn|22
|
|t:|1776068418
|move|p2a: Raging Bolt|Thunderclap||[still]
|-fail|p2a: Raging Bolt
|move|p1a: Froslass|Spikes|p2a: Raging Bolt
|-sidestart|p2: Ponponstar|Spikes
|
|-weather|SunnyDay|[upkeep]
|-damage|p2a: Raging Bolt|33/100 brn|[from] brn
|upkeep
|turn|23
|
|t:|1776068425
|move|p1a: Froslass|Icy Wind|p2a: Raging Bolt
|-supereffective|p2a: Raging Bolt
|-damage|p2a: Raging Bolt|6/100 brn
|-unboost|p2a: Raging Bolt|spe|1
|move|p2a: Raging Bolt|Dragon Pulse|p1a: Froslass
|-damage|p1a: Froslass|0 fnt
|faint|p1a: Froslass
|
|win|Ponponstar
|raw|metalsandy's rating: 1231 &rarr; <strong>1207</strong><br />(-24 for losing)
|raw|Ponponstar's rating: 1249 &rarr; <strong>1273</strong><br />(+24 for winning)
|l|☆metalsandy
|player|p1|
|l|‽Ponponstar
|player|p2|
