|html|<div class="broadcast-blue"><strong>[Gen 9] OU is currently suspecting Tera Blast! For information on how to participate check out the <a href="https://www.smogon.com/tools/suspects/view/200">suspect thread</a>.</strong></div>
|j|☆quailfish
|j|☆PB TUCAZ
|t:|1776058926
|gametype|singles
|player|p1|quailfish|169|1116
|player|p2|PB TUCAZ|backpacker|1144
|gen|9
|tier|[Gen 9] OU
|rated|
|rule|HP Percentage Mod: HP is shown in percentages
|rule|Endless Battle Clause: Forcing endless battles is banned
|rule|Species Clause: Limit one of each Pokémon
|rule|OHKO Clause: OHKO moves are banned
|rule|Evasion Items Clause: Evasion items are banned
|rule|Evasion Moves Clause: Evasion moves are banned
|rule|Evasion Abilities Clause: Evasion abilities are banned
|rule|Sleep Moves Clause: Sleep-inducing moves are banned
|clearpoke
|poke|p1|Glimmora, M|
|poke|p1|Tyranitar, M|
|poke|p1|Landorus-Therian, M|
|poke|p1|Moltres|
|poke|p1|Garchomp, F|
|poke|p1|Kingambit, F|
|poke|p2|Rotom-Mow|
|poke|p2|Tyranitar, M|
|poke|p2|Ditto|
|poke|p2|Heatran, M|
|poke|p2|Weezing-Galar, M|
|poke|p2|Garchomp, M|
|teampreview
|
|t:|1776058937
|teamsize|p1|6
|teamsize|p2|6
|start
|switch|p1a: Tyranitar|Tyranitar, M|100/100
|switch|p2a: Heatran|Heatran, M|100/100
|-weather|Sandstorm|[from] ability: Sand Stream|[of] p1a: Tyranitar
|turn|1
|
|t:|1776058969
|move|p2a: Heatran|Flash Cannon|p1a: Tyranitar
|-supereffective|p1a: Tyranitar
|-damage|p1a: Tyranitar|62/100
|move|p1a: Tyranitar|Knock Off|p2a: Heatran
|-damage|p2a: Heatran|51/100
|-enditem|p2a: Heatran|Blunder Policy|[from] move: Knock Off|[of] p1a: Tyranitar
|
|-weather|Sandstorm|[upkeep]
|upkeep
|turn|2
|
|t:|1776059006
|switch|p1a: Moltres|Moltres|100/100
|move|p2a: Heatran|Flash Cannon|p1a: Moltres
|-resisted|p1a: Moltres
|-damage|p1a: Moltres|86/100
|
|-weather|Sandstorm|[upkeep]
|-damage|p1a: Moltres|79/100|[from] Sandstorm
|upkeep
|turn|3
|
|t:|1776059019
|switch|p2a: Rotom|Rotom-Mow|100/100
|move|p1a: Moltres|U-turn|p2a: Rotom
|-supereffective|p2a: Rotom
|-damage|p2a: Rotom|62/100
|
|t:|1776059031
|switch|p1a: Glimmora|Glimmora, M|100/100|[from] U-turn
|
|-weather|Sandstorm|[upkeep]
|-damage|p2a: Rotom|56/100|[from] Sandstorm
|upkeep
|turn|4
|
|t:|1776059040
|move|p1a: Glimmora|Spiky Shield|p1a: Glimmora
|-singleturn|p1a: Glimmora|move: Protect
|move|p2a: Rotom|Leaf Storm|p1a: Glimmora
|-activate|p1a: Glimmora|move: Protect
|
|-weather|Sandstorm|[upkeep]
|-damage|p2a: Rotom|50/100|[from] Sandstorm
|upkeep
|turn|5
|
|t:|1776059048
|move|p2a: Rotom|Leaf Storm|p1a: Glimmora
|-damage|p1a: Glimmora|40/100
|-unboost|p2a: Rotom|spa|2
|move|p1a: Glimmora|Mortal Spin|p2a: Rotom
|-supereffective|p2a: Rotom
|-damage|p2a: Rotom|32/100
|-status|p2a: Rotom|psn
|
|-weather|Sandstorm|[upkeep]
|-damage|p2a: Rotom|26/100 psn|[from] Sandstorm
|-heal|p1a: Glimmora|46/100|[from] item: Leftovers
|-damage|p2a: Rotom|14/100 psn|[from] psn
|upkeep
|turn|6
|
|t:|1776059064
|switch|p2a: Ditto|Ditto, shiny|100/100
|-transform|p2a: Ditto|p1a: Glimmora|[from] ability: Imposter
|move|p1a: Glimmora|Spiky Shield||[still]
|-fail|p1a: Glimmora
|
|-weather|Sandstorm|[upkeep]
|-heal|p1a: Glimmora|53/100|[from] item: Leftovers
|upkeep
|turn|7
|
|t:|1776059083
|switch|p1a: Garchomp|Garchomp, F|100/100
|move|p2a: Ditto|Power Gem|p1a: Garchomp
|-resisted|p1a: Garchomp
|-damage|p1a: Garchomp|83/100
|
|-weather|Sandstorm|[upkeep]
|upkeep
|turn|8
|
|t:|1776059091
|switch|p2a: Rotom|Rotom-Mow|14/100 psn
|move|p1a: Garchomp|Earthquake|p2a: Rotom
|-immune|p2a: Rotom|[from] ability: Levitate
|
|-weather|none
|-damage|p2a: Rotom|1/100 psn|[from] psn
|upkeep
|turn|9
|
|t:|1776059101
|move|p1a: Garchomp|Protect|p1a: Garchomp
|-singleturn|p1a: Garchomp|Protect
|move|p2a: Rotom|Trick|p1a: Garchomp
|-activate|p1a: Garchomp|move: Protect
|
|-damage|p2a: Rotom|0 fnt|[from] psn
|faint|p2a: Rotom
|upkeep
|
|t:|1776059110
|switch|p2a: Garchomp|Garchomp, M|100/100
|turn|10
|
|t:|1776059117
|move|p2a: Garchomp|Scale Shot|p1a: Garchomp
|-supereffective|p1a: Garchomp
|-damage|p1a: Garchomp|66/100
|-supereffective|p1a: Garchomp
|-damage|p1a: Garchomp|49/100
|-supereffective|p1a: Garchomp
|-damage|p1a: Garchomp|30/100
|-supereffective|p1a: Garchomp
|-damage|p1a: Garchomp|13/100
|-supereffective|p1a: Garchomp
|-crit|p1a: Garchomp
|-damage|p1a: Garchomp|0 fnt
|faint|p1a: Garchomp
|-hitcount|p1: Garchomp|5
|-unboost|p2a: Garchomp|def|1
|-boost|p2a: Garchomp|spe|1
|
|upkeep
|
|t:|1776059134
|switch|p1a: Landorus|Landorus-Therian, M|100/100
|-ability|p1a: Landorus|Intimidate|boost
|-unboost|p2a: Garchomp|atk|1
|turn|11
|
|t:|1776059142
|-terastallize|p2a: Garchomp|Water
|move|p2a: Garchomp|Swords Dance|p2a: Garchomp
|-boost|p2a: Garchomp|atk|2
|move|p1a: Landorus|Earthquake|p2a: Garchomp
|-damage|p2a: Garchomp|4/100
|
|upkeep
|turn|12
|
|t:|1776059150
|move|p2a: Garchomp|Tera Blast|p1a: Landorus|[anim] Tera Blast Water
|-supereffective|p1a: Landorus
|-damage|p1a: Landorus|0 fnt
|faint|p1a: Landorus
|
|upkeep
|
|t:|1776059158
|switch|p1a: Tyranitar|Tyranitar, M|62/100
|-weather|Sandstorm|[from] ability: Sand Stream|[of] p1a: Tyranitar
|turn|13
|
|t:|1776059169
|-terastallize|p1a: Tyranitar|Ghost
|move|p2a: Garchomp|Tera Blast|p1a: Tyranitar|[anim] Tera Blast Water
|-damage|p1a: Tyranitar|16/100
|move|p1a: Tyranitar|Stealth Rock|p2a: Garchomp
|-sidestart|p2: PB TUCAZ|move: Stealth Rock
|
|-weather|Sandstorm|[upkeep]
|-damage|p2a: Garchomp|0 fnt|[from] Sandstorm
|-damage|p1a: Tyranitar|10/100|[from] Sandstorm
|faint|p2a: Garchomp
|upkeep
|
|t:|1776059183
|switch|p2a: Ditto|Ditto, shiny|100/100
|-damage|p2a: Ditto|88/100|[from] Stealth Rock
|-transform|p2a: Ditto|p1a: Tyranitar|[from] ability: Imposter
|-start|p2a: Ditto|typechange|Rock/Dark|[silent]
|turn|14
|
|t:|1776059201
|switch|p1a: Glimmora|Glimmora, M|53/100
|move|p2a: Ditto|Knock Off|p1a: Glimmora
|-damage|p1a: Glimmora|13/100
|-activate|p1a: Glimmora|ability: Toxic Debris
|-sidestart|p2: PB TUCAZ|move: Toxic Spikes
|-enditem|p1a: Glimmora|Leftovers|[from] move: Knock Off|[of] p2a: Ditto
|
|-weather|Sandstorm|[upkeep]
|upkeep
|turn|15
|
|t:|1776059222
|move|p2a: Ditto|Knock Off|p1a: Glimmora
|-damage|p1a: Glimmora|0 fnt
|-activate|p1a: Glimmora|ability: Toxic Debris
|-sidestart|p2: PB TUCAZ|move: Toxic Spikes
|faint|p1a: Glimmora
|
|-weather|Sandstorm|[upkeep]
|upkeep
|
|t:|1776059234
|switch|p1a: Kingambit|Kingambit, F|100/100
|-activate|p1a: Kingambit|ability: Supreme Overlord
|-start|p1a: Kingambit|fallen3|[silent]
|turn|16
|
|t:|1776059239
|switch|p2a: Weezing|Weezing-Galar, M|100/100
|-ability|p2a: Weezing|Neutralizing Gas
|-damage|p2a: Weezing|88/100|[from] Stealth Rock
|-sideend|p2: PB TUCAZ|move: Toxic Spikes|[of] p2a: Weezing
|move|p1a: Kingambit|Swords Dance|p1a: Kingambit
|-boost|p1a: Kingambit|atk|2
|
|-weather|Sandstorm|[upkeep]
|-damage|p2a: Weezing|82/100|[from] Sandstorm
|upkeep
|turn|17
|
|t:|1776059251
|move|p2a: Weezing|Destiny Bond|p2a: Weezing
|-singlemove|p2a: Weezing|Destiny Bond
|move|p1a: Kingambit|Swords Dance|p1a: Kingambit
|-boost|p1a: Kingambit|atk|2
|
|-weather|Sandstorm|[upkeep]
|-damage|p2a: Weezing|76/100|[from] Sandstorm
|upkeep
|turn|18
|
|t:|1776059261
|move|p2a: Weezing|Defog|p1a: Kingambit
|-unboost|p1a: Kingambit|evasion|1
|-sideend|p2: PB TUCAZ|Stealth Rock|[from] move: Defog|[of] p2a: Weezing
|move|p1a: Kingambit|Swords Dance|p1a: Kingambit
|-boost|p1a: Kingambit|atk|2
|
|-weather|Sandstorm|[upkeep]
|-damage|p2a: Weezing|70/100|[from] Sandstorm
|upkeep
|turn|19
|
|t:|1776059276
|move|p2a: Weezing|Destiny Bond|p2a: Weezing
|-singlemove|p2a: Weezing|Destiny Bond
|move|p1a: Kingambit|Kowtow Cleave|p2a: Weezing
|-resisted|p2a: Weezing
|-damage|p2a: Weezing|0 fnt
|faint|p2a: Weezing
|-activate|p2a: Weezing|move: Destiny Bond
|-end|p2a: Weezing|ability: Neutralizing Gas
|-activate|p1a: Kingambit|ability: Supreme Overlord
|-start|p1a: Kingambit|fallen3|[silent]
|faint|p1a: Kingambit
|-end|p1a: Kingambit|fallen3|[silent]
|
|-weather|Sandstorm|[upkeep]
|upkeep
|
|t:|1776059290
|switch|p2a: Tyranitar|Tyranitar, M|100/100
|switch|p1a: Moltres|Moltres|79/100
|turn|20
|-message|quailfish forfeited.
|
|win|PB TUCAZ
|raw|quailfish's rating: 1116 &rarr; <strong>1093</strong><br />(-23 for losing)
|raw|PB TUCAZ's rating: 1144 &rarr; <strong>1167</strong><br />(+23 for winning)
|l|☆quailfish
|player|p1|
|l|☆PB TUCAZ
|player|p2|
