|html|<div class="broadcast-blue"><strong>[Gen 9] OU is currently suspecting Tera Blast! For information on how to participate check out the <a href="https://www.smogon.com/tools/suspects/view/200">suspect thread</a>.</strong></div>
|j|☆red123x
|j|☆teamskullenoxa
|t:|1776108046
|gametype|singles
|player|p1|red123x|265|1520
|player|p2|teamskullenoxa|169|1498
|gen|9
|tier|[Gen 9] OU
|rated|
|rule|HP Percentage Mod: HP is shown in percentages
|rule|Endless Battle Clause: Forcing endless battles is banned
|rule|Species Clause: Limit one of each Pokémon
|rule|OHKO Clause: OHKO moves are banned
|rule|Evasion Items Clause: Evasion items are banned
|rule|Evasion Moves Clause: Evasion moves are banned
|rule|Evasion Abilities Clause: Evasion abilities are banned
|rule|Sleep Moves Clause: Sleep-inducing moves are banned
|clearpoke
|poke|p1|Iron Treads|
|poke|p1|Ninetales-Alola, M|
|poke|p1|Gholdengo|
|poke|p1|Hawlucha, F|
|poke|p1|Garchomp, M|
|poke|p1|Ursaluna, M|
|poke|p2|Typhlosion-Hisui, M|
|poke|p2|Hatterene, F|
|poke|p2|Torkoal, M|
|poke|p2|Lilligant-Hisui, F|
|poke|p2|Landorus-Therian, M|
|poke|p2|Walking Wake|
|teampreview
|inactive|Battle timer is ON: inactive players will automatically lose when time's up. (requested by red123x)
|
|t:|1776108070
|teamsize|p1|6
|teamsize|p2|6
|start
|switch|p1a: Iron Treads|Iron Treads|100/100
|switch|p2a: Walking Wake|Walking Wake|100/100
|-enditem|p1a: Iron Treads|Booster Energy
|-activate|p1a: Iron Treads|ability: Quark Drive|[fromitem]
|-start|p1a: Iron Treads|quarkdrivespe
|turn|1
|
|t:|1776108087
|move|p1a: Iron Treads|Knock Off|p2a: Walking Wake
|-damage|p2a: Walking Wake|65/100
|-enditem|p2a: Walking Wake|Choice Scarf|[from] move: Knock Off|[of] p1a: Iron Treads
|move|p2a: Walking Wake|Hydro Steam|p1a: Iron Treads
|-supereffective|p1a: Iron Treads
|-damage|p1a: Iron Treads|0 fnt
|faint|p1a: Iron Treads
|-end|p1a: Iron Treads|Quark Drive|[silent]
|
|upkeep
|
|t:|1776108092
|switch|p1a: Ninetales|Ninetales-Alola, M|100/100
|-weather|Snowscape|[from] ability: Snow Warning|[of] p1a: Ninetales
|turn|2
|
|t:|1776108095
|switch|p1a: Ursaluna|Ursaluna, M|100/100
|-end|p2a: Walking Wake|Protosynthesis|[silent]
|switch|p2a: Torkoal|Torkoal, M|100/100
|-weather|SunnyDay|[from] ability: Drought|[of] p2a: Torkoal
|
|-weather|SunnyDay|[upkeep]
|-status|p1a: Ursaluna|brn|[from] item: Flame Orb
|upkeep
|turn|3
|
|t:|1776108109
|switch|p2a: Hatterene|Hatterene, F|100/100
|move|p1a: Ursaluna|Facade|p2a: Hatterene
|-damage|p2a: Hatterene|0 fnt
|faint|p2a: Hatterene
|
|-weather|SunnyDay|[upkeep]
|-damage|p1a: Ursaluna|94/100 brn|[from] brn
|upkeep
|
|t:|1776108112
|switch|p2a: Walking Wake|Walking Wake|65/100
|-activate|p2a: Walking Wake|ability: Protosynthesis
|-start|p2a: Walking Wake|protosynthesisspa
|turn|4
|
|t:|1776108116
|switch|p1a: Ninetales|Ninetales-Alola, M|100/100
|-weather|Snowscape|[from] ability: Snow Warning|[of] p1a: Ninetales
|-end|p2a: Walking Wake|Protosynthesis
|move|p2a: Walking Wake|Hydro Steam|p1a: Ninetales
|-damage|p1a: Ninetales|58/100
|
|-weather|Snowscape|[upkeep]
|upkeep
|turn|5
|
|t:|1776108121
|-end|p2a: Walking Wake|Protosynthesis|[silent]
|switch|p2a: Torkoal|Torkoal, M|100/100
|-weather|SunnyDay|[from] ability: Drought|[of] p2a: Torkoal
|move|p1a: Ninetales|Aurora Veil||[still]
|-fail|p1a: Ninetales
|
|-weather|SunnyDay|[upkeep]
|upkeep
|turn|6
|
|t:|1776108125
|switch|p1a: Ursaluna|Ursaluna, M|94/100 brn
|switch|p2a: Typhlosion|Typhlosion-Hisui, M|100/100
|
|-weather|SunnyDay|[upkeep]
|-damage|p1a: Ursaluna|88/100 brn|[from] brn
|upkeep
|turn|7
|
|t:|1776108135
|-terastallize|p2a: Typhlosion|Fire
|move|p2a: Typhlosion|Eruption|p1a: Ursaluna
|-damage|p1a: Ursaluna|0 fnt
|faint|p1a: Ursaluna
|
|-weather|SunnyDay|[upkeep]
|upkeep
|
|t:|1776108137
|switch|p1a: Garchomp|Garchomp, M|100/100
|turn|8
|
|t:|1776108140
|switch|p2a: Lilligant|Lilligant-Hisui, F|100/100
|move|p1a: Garchomp|Scale Shot|p2a: Lilligant
|-damage|p2a: Lilligant|80/100
|-damage|p2a: Lilligant|60/100
|-damage|p2a: Lilligant|41/100
|-damage|p2a: Lilligant|22/100
|-damage|p2a: Lilligant|2/100
|-hitcount|p2a: Lilligant|5
|-unboost|p1a: Garchomp|def|1
|-boost|p1a: Garchomp|spe|1
|
|-weather|SunnyDay|[upkeep]
|upkeep
|turn|9
|
|t:|1776108153
|switch|p1a: Ninetales|Ninetales-Alola, M|58/100
|-weather|Snowscape|[from] ability: Snow Warning|[of] p1a: Ninetales
|move|p2a: Lilligant|Triple Axel|p1a: Ninetales
|-resisted|p1a: Ninetales
|-damage|p1a: Ninetales|56/100
|-resisted|p1a: Ninetales
|-damage|p1a: Ninetales|50/100
|-hitcount|p1a: Ninetales|2
|
|-weather|Snowscape|[upkeep]
|upkeep
|turn|10
|
|t:|1776108167
|switch|p2a: Torkoal|Torkoal, M|100/100
|-weather|SunnyDay|[from] ability: Drought|[of] p2a: Torkoal
|move|p1a: Ninetales|Freeze-Dry|p2a: Torkoal
|-resisted|p2a: Torkoal
|-damage|p2a: Torkoal|92/100
|
|-weather|SunnyDay|[upkeep]
|upkeep
|turn|11
|
|t:|1776108180
|move|p1a: Ninetales|Freeze-Dry|p2a: Torkoal
|-resisted|p2a: Torkoal
|-damage|p2a: Torkoal|82/100
|move|p2a: Torkoal|Lava Plume|p1a: Ninetales
|-supereffective|p1a: Ninetales
|-damage|p1a: Ninetales|0 fnt
|faint|p1a: Ninetales
|
|-weather|SunnyDay|[upkeep]
|upkeep
|
|t:|1776108183
|switch|p1a: Garchomp|Garchomp, M|100/100
|turn|12
|
|t:|1776108197
|move|p1a: Garchomp|Swords Dance|p1a: Garchomp
|-boost|p1a: Garchomp|atk|2
|move|p2a: Torkoal|Lava Plume|p1a: Garchomp
|-resisted|p1a: Garchomp
|-damage|p1a: Garchomp|79/100
|
|-weather|SunnyDay|[upkeep]
|upkeep
|turn|13
|
|t:|1776108202
|move|p1a: Garchomp|Scale Shot|p2a: Torkoal
|-damage|p2a: Torkoal|62/100
|-damage|p2a: Torkoal|44/100
|-damage|p2a: Torkoal|24/100
|-damage|p2a: Torkoal|5/100
|-hitcount|p2a: Torkoal|4
|-unboost|p1a: Garchomp|def|1
|-boost|p1a: Garchomp|spe|1
|move|p2a: Torkoal|Lava Plume|p1a: Garchomp
|-resisted|p1a: Garchomp
|-damage|p1a: Garchomp|58/100
|-status|p1a: Garchomp|brn
|
|-weather|SunnyDay|[upkeep]
|-damage|p1a: Garchomp|52/100 brn|[from] brn
|upkeep
|turn|14
|
|t:|1776108210
|switch|p2a: Landorus|Landorus-Therian, M|100/100
|-ability|p2a: Landorus|Intimidate|boost
|-unboost|p1a: Garchomp|atk|1
|move|p1a: Garchomp|Scale Shot|p2a: Landorus
|-damage|p2a: Landorus|89/100
|-damage|p2a: Landorus|77/100
|-damage|p2a: Landorus|65/100
|-damage|p2a: Landorus|55/100
|-damage|p2a: Landorus|43/100
|-hitcount|p2a: Landorus|5
|-unboost|p1a: Garchomp|def|1
|-boost|p1a: Garchomp|spe|1
|
|-weather|SunnyDay|[upkeep]
|-damage|p1a: Garchomp|46/100 brn|[from] brn
|upkeep
|turn|15
|l|☆teamskullenoxa
|inactive|teamskullenoxa disconnected and has a minute to reconnect!
|player|p2|
|j|☆teamskullenoxa
|inactive|teamskullenoxa reconnected and has 130 seconds left.
|player|p2|teamskullenoxa|169|
|inactive|teamskullenoxa has 120 seconds left.
|
|t:|1776108246
|move|p1a: Garchomp|Scale Shot|p2a: Landorus
|-damage|p2a: Landorus|32/100
|-damage|p2a: Landorus|20/100
|-damage|p2a: Landorus|8/100
|-damage|p2a: Landorus|0 fnt
|faint|p2a: Landorus
|-hitcount|p2: Landorus|4
|-unboost|p1a: Garchomp|def|1
|-boost|p1a: Garchomp|spe|1
|
|-weather|SunnyDay|[upkeep]
|-damage|p1a: Garchomp|39/100 brn|[from] brn
|upkeep
|inactive|teamskullenoxa has 90 seconds left.
|
|t:|1776108285
|switch|p2a: Walking Wake|Walking Wake|65/100
|-activate|p2a: Walking Wake|ability: Protosynthesis
|-start|p2a: Walking Wake|protosynthesisspa
|turn|16
|
|t:|1776108294
|move|p1a: Garchomp|Earthquake|p2a: Walking Wake
|-damage|p2a: Walking Wake|20/100
|move|p2a: Walking Wake|Hydro Steam|p1a: Garchomp
|-damage|p1a: Garchomp|0 fnt
|faint|p1a: Garchomp
|
|-weather|SunnyDay|[upkeep]
|upkeep
|
|t:|1776108301
|switch|p1a: Gholdengo|Gholdengo|100/100
|-item|p1a: Gholdengo|Air Balloon
|turn|17
|
|t:|1776108312
|move|p2a: Walking Wake|Weather Ball|p1a: Gholdengo
|-supereffective|p1a: Gholdengo
|-damage|p1a: Gholdengo|0 fnt
|-enditem|p1a: Gholdengo|Air Balloon
|faint|p1a: Gholdengo
|
|-weather|none
|-end|p2a: Walking Wake|Protosynthesis
|upkeep
|
|t:|1776108315
|switch|p1a: Hawlucha|Hawlucha, F|100/100
|turn|18
|
|t:|1776108321
|move|p2a: Walking Wake|Draco Meteor|p1a: Hawlucha
|-damage|p1a: Hawlucha|0 fnt
|-unboost|p2a: Walking Wake|spa|2
|faint|p1a: Hawlucha
|
|win|teamskullenoxa
|raw|red123x's rating: 1520 &rarr; <strong>1499</strong><br />(-21 for losing)
|raw|teamskullenoxa's rating: 1498 &rarr; <strong>1519</strong><br />(+21 for winning)
|l|☆red123x
|player|p1|
|l|☆teamskullenoxa
|player|p2|
