|html|<div class="broadcast-blue"><strong>[Gen 9] OU is currently suspecting Tera Blast! For information on how to participate check out the <a href="https://www.smogon.com/tools/suspects/view/200">suspect thread</a>.</strong></div>
|j|☆shinobi0boi
|j|☆Darchblue
|t:|1776112055
|gametype|singles
|player|p1|shinobi0boi|265|1079
|player|p2|Darchblue|169|1127
|gen|9
|tier|[Gen 9] OU
|rated|
|rule|HP Percentage Mod: HP is shown in percentages
|rule|Endless Battle Clause: Forcing endless battles is banned
|rule|Species Clause: Limit one of each Pokémon
|rule|OHKO Clause: OHKO moves are banned
|rule|Evasion Items Clause: Evasion items are banned
|rule|Evasion Moves Clause: Evasion moves are banned
|rule|Evasion Abilities Clause: Evasion abilities are banned
|rule|Sleep Moves Clause: Sleep-inducing moves are banned
|clearpoke
|poke|p1|Dragapult, F|
|poke|p1|Alomomola, F|
|poke|p1|Ting-Lu|
|poke|p1|Kyurem|
|poke|p1|Weezing-Galar, F|
|poke|p1|Corviknight, F|
|poke|p2|Staraptor, M|
|poke|p2|Talonflame, M|
|poke|p2|Primarina, F|
|poke|p2|Rillaboom, M|
|poke|p2|Darkrai|
|poke|p2|Florges-White, F|
|teampreview
|
|t:|1776112073
|teamsize|p1|6
|teamsize|p2|6
|start
|switch|p1a: Ting-Lu|Ting-Lu|100/100
|switch|p2a: Talonflame|Talonflame, M|100/100
|-ability|p1a: Ting-Lu|Vessel of Ruin
|turn|1
|inactive|Battle timer is ON: inactive players will automatically lose when time's up. (requested by shinobi0boi)
|
|t:|1776112086
|move|p2a: Talonflame|Tailwind|p2a: Talonflame
|-sidestart|p2: Darchblue|move: Tailwind
|move|p1a: Ting-Lu|Stealth Rock|p2a: Talonflame
|-sidestart|p2: Darchblue|move: Stealth Rock
|
|upkeep
|turn|2
|
|t:|1776112102
|move|p2a: Talonflame|Defog|p1a: Ting-Lu
|-unboost|p1a: Ting-Lu|evasion|1
|-sideend|p2: Darchblue|Stealth Rock|[from] move: Defog|[of] p2a: Talonflame
|move|p1a: Ting-Lu|Ruination|p2a: Talonflame
|-damage|p2a: Talonflame|51/100
|
|upkeep
|turn|3
|
|t:|1776112110
|move|p2a: Talonflame|U-turn|p1a: Ting-Lu
|-supereffective|p1a: Ting-Lu
|-crit|p1a: Ting-Lu
|-damage|p1a: Ting-Lu|79/100
|
|t:|1776112114
|switch|p2a: Darkrai|Darkrai|100/100|[from] U-turn
|move|p1a: Ting-Lu|Ruination|p2a: Darkrai
|-damage|p2a: Darkrai|51/100
|
|-heal|p1a: Ting-Lu|85/100|[from] item: Leftovers
|upkeep
|turn|4
|
|t:|1776112125
|move|p2a: Darkrai|Nasty Plot|p2a: Darkrai
|-boost|p2a: Darkrai|spa|2
|move|p1a: Ting-Lu|Earthquake|p2a: Darkrai
|-crit|p2a: Darkrai
|-damage|p2a: Darkrai|0 fnt
|faint|p2a: Darkrai
|
|-heal|p1a: Ting-Lu|92/100|[from] item: Leftovers
|-sideend|p2: Darchblue|move: Tailwind
|upkeep
|
|t:|1776112134
|switch|p2a: Rillaboom|Rillaboom, M|100/100
|-fieldstart|move: Grassy Terrain|[from] ability: Grassy Surge|[of] p2a: Rillaboom
|turn|5
|
|t:|1776112141
|switch|p1a: Tiffany BlueStones|Kyurem, shiny|100/100
|-ability|p1a: Tiffany BlueStones|Pressure
|move|p2a: Rillaboom|Wood Hammer|p1a: Tiffany BlueStones
|-resisted|p1a: Tiffany BlueStones
|-damage|p1a: Tiffany BlueStones|65/100
|-damage|p2a: Rillaboom|87/100|[from] Recoil
|
|-heal|p1a: Tiffany BlueStones|71/100|[from] Grassy Terrain
|-heal|p1a: Tiffany BlueStones|77/100|[from] item: Leftovers
|-heal|p2a: Rillaboom|93/100|[from] Grassy Terrain
|upkeep
|turn|6
|
|t:|1776112157
|move|p1a: Tiffany BlueStones|Freeze-Dry|p2a: Rillaboom
|-supereffective|p2a: Rillaboom
|-damage|p2a: Rillaboom|0 fnt
|faint|p2a: Rillaboom
|
|-heal|p1a: Tiffany BlueStones|84/100|[from] Grassy Terrain
|-heal|p1a: Tiffany BlueStones|90/100|[from] item: Leftovers
|upkeep
|
|t:|1776112161
|switch|p2a: Florges|Florges-White, F|100/100
|turn|7
|
|t:|1776112180
|move|p1a: Tiffany BlueStones|Flash Cannon|p2a: Florges
|-supereffective|p2a: Florges
|-damage|p2a: Florges|63/100
|move|p2a: Florges|Calm Mind|p2a: Florges
|-boost|p2a: Florges|spa|1
|-boost|p2a: Florges|spd|1
|
|-heal|p1a: Tiffany BlueStones|96/100|[from] Grassy Terrain
|-heal|p1a: Tiffany BlueStones|100/100|[from] item: Leftovers
|-heal|p2a: Florges|69/100|[from] Grassy Terrain
|-heal|p2a: Florges|75/100|[from] item: Leftovers
|upkeep
|turn|8
|
|t:|1776112193
|move|p1a: Tiffany BlueStones|Substitute|p1a: Tiffany BlueStones
|-start|p1a: Tiffany BlueStones|Substitute
|-damage|p1a: Tiffany BlueStones|76/100
|move|p2a: Florges|Draining Kiss|p1a: Tiffany BlueStones
|-supereffective|p1a: Tiffany BlueStones
|-end|p1a: Tiffany BlueStones|Substitute
|-heal|p2a: Florges|95/100|[from] drain|[of] p1a: Tiffany BlueStones
|
|-heal|p1a: Tiffany BlueStones|82/100|[from] Grassy Terrain
|-heal|p1a: Tiffany BlueStones|88/100|[from] item: Leftovers
|-heal|p2a: Florges|100/100|[from] Grassy Terrain
|upkeep
|turn|9
|
|t:|1776112216
|switch|p1a: Weezing|Weezing-Galar, F|100/100
|-ability|p1a: Weezing|Neutralizing Gas
|move|p2a: Florges|Calm Mind|p2a: Florges
|-boost|p2a: Florges|spa|1
|-boost|p2a: Florges|spd|1
|
|-fieldend|move: Grassy Terrain
|upkeep
|turn|10
|inactive|shinobi0boi has 120 seconds left.
|-message|shinobi0boi forfeited.
|
|win|Darchblue
|raw|shinobi0boi's rating: 1079 &rarr; <strong>1060</strong><br />(-19 for losing)
|raw|Darchblue's rating: 1127 &rarr; <strong>1149</strong><br />(+22 for winning)
|l|☆shinobi0boi
|player|p1|
|l|☆Darchblue
|player|p2|
