|html|<div class="broadcast-blue"><strong>[Gen 9] OU is currently suspecting Volcarona! For information on how to participate check out the <a href="https://www.smogon.com/tools/suspects/view/208">suspect thread</a>.</strong></div>
|j|☆doyd9yyd7f
|j|☆Me3p109
|t:|1778504780
|gametype|singles
|player|p1|doyd9yyd7f|169|1137
|player|p2|Me3p109|102|1196
|gen|9
|tier|[Gen 9] OU
|rated|
|rule|HP Percentage Mod: HP is shown in percentages
|rule|Endless Battle Clause: Forcing endless battles is banned
|rule|Species Clause: Limit one of each Pokémon
|rule|OHKO Clause: OHKO moves are banned
|rule|Evasion Items Clause: Evasion items are banned
|rule|Evasion Moves Clause: Evasion moves are banned
|rule|Evasion Abilities Clause: Evasion abilities are banned
|rule|Sleep Moves Clause: Sleep-inducing moves are banned
|clearpoke
|poke|p1|Garganacl, M|
|poke|p1|Landorus-Therian, M|
|poke|p1|Ninetales-Alola, F|
|poke|p1|Gholdengo|
|poke|p1|Scizor, M|
|poke|p1|Volcanion|
|poke|p2|Landorus-Therian, M|
|poke|p2|Hitmonlee, M|
|poke|p2|Kingambit, F|
|poke|p2|Gliscor, M|
|poke|p2|Ceruledge, F|
|poke|p2|Frosmoth, F|
|teampreview
|inactive|Battle timer is ON: inactive players will automatically lose when time's up. (requested by Me3p109)
|
|t:|1778504803
|teamsize|p1|6
|teamsize|p2|6
|start
|switch|p1a: Ninetales|Ninetales-Alola, F|100/100
|switch|p2a: Frosmoth|Frosmoth, F|100/100
|-weather|Snowscape|[from] ability: Snow Warning|[of] p1a: Ninetales
|turn|1
|
|t:|1778504807
|move|p1a: Ninetales|Aurora Veil|p1a: Ninetales
|-sidestart|p1: doyd9yyd7f|move: Aurora Veil
|move|p2a: Frosmoth|Quiver Dance|p2a: Frosmoth
|-boost|p2a: Frosmoth|spa|1
|-boost|p2a: Frosmoth|spd|1
|-boost|p2a: Frosmoth|spe|1
|
|-weather|Snowscape|[upkeep]
|upkeep
|turn|2
|
|t:|1778504833
|move|p1a: Ninetales|Encore|p2a: Frosmoth
|-start|p2a: Frosmoth|Encore
|move|p2a: Frosmoth|Quiver Dance|p2a: Frosmoth
|-boost|p2a: Frosmoth|spa|1
|-boost|p2a: Frosmoth|spd|1
|-boost|p2a: Frosmoth|spe|1
|
|-weather|Snowscape|[upkeep]
|upkeep
|turn|3
|
|t:|1778504842
|switch|p2a: Kingambit|Kingambit, F|100/100
|switch|p1a: Volcanion|Volcanion|100/100
|
|-weather|Snowscape|[upkeep]
|upkeep
|turn|4
|
|t:|1778504854
|move|p1a: Volcanion|Will-O-Wisp|p2a: Kingambit
|-status|p2a: Kingambit|brn
|move|p2a: Kingambit|Swords Dance|p2a: Kingambit
|-boost|p2a: Kingambit|atk|2
|
|-weather|Snowscape|[upkeep]
|-damage|p2a: Kingambit|94/100 brn|[from] brn
|upkeep
|turn|5
|
|t:|1778504860
|move|p2a: Kingambit|Swords Dance|p2a: Kingambit
|-boost|p2a: Kingambit|atk|2
|move|p1a: Volcanion|Roar|p2a: Kingambit
|drag|p2a: Ceruledge|Ceruledge, F|100/100
|
|-weather|none
|upkeep
|turn|6
|
|t:|1778504871
|move|p2a: Ceruledge|Poltergeist|p1a: Volcanion
|-activate|p1a: Volcanion|move: Poltergeist|Chesto Berry
|-damage|p1a: Volcanion|77/100
|move|p1a: Volcanion|Steam Eruption|p2a: Ceruledge|[miss]
|-miss|p1a: Volcanion|p2a: Ceruledge
|
|upkeep
|turn|7
|
|t:|1778504877
|move|p2a: Ceruledge|Poltergeist|p1a: Volcanion
|-activate|p1a: Volcanion|move: Poltergeist|Chesto Berry
|-damage|p1a: Volcanion|54/100
|move|p1a: Volcanion|Steam Eruption|p2a: Ceruledge
|-supereffective|p2a: Ceruledge
|-damage|p2a: Ceruledge|0 fnt
|faint|p2a: Ceruledge
|
|upkeep
|
|t:|1778504888
|switch|p2a: Landorus|Landorus-Therian, M|100/100
|-ability|p2a: Landorus|Intimidate|boost
|-unboost|p1a: Volcanion|atk|1
|turn|8
|
|t:|1778504895
|move|p2a: Landorus|Stealth Rock|p1a: Volcanion
|-sidestart|p1: doyd9yyd7f|move: Stealth Rock
|move|p1a: Volcanion|Rest|p1a: Volcanion
|-status|p1a: Volcanion|slp|[from] move: Rest
|-heal|p1a: Volcanion|100/100 slp|[silent]
|-enditem|p1a: Volcanion|Chesto Berry|[eat]
|-curestatus|p1a: Volcanion|slp|[msg]
|
|-sideend|p1: doyd9yyd7f|move: Aurora Veil
|upkeep
|turn|9
|
|t:|1778504905
|switch|p1a: Landorus|Landorus-Therian, M|100/100
|-damage|p1a: Landorus|88/100|[from] Stealth Rock
|-ability|p1a: Landorus|Intimidate|boost
|-unboost|p2a: Landorus|atk|1
|move|p2a: Landorus|Earthquake|p1a: Landorus
|-immune|p1a: Landorus
|
|upkeep
|turn|10
|
|t:|1778504910
|move|p2a: Landorus|U-turn|p1a: Landorus
|-resisted|p1a: Landorus
|-damage|p1a: Landorus|75/100
|-damage|p2a: Landorus|84/100|[from] item: Rocky Helmet|[of] p1a: Landorus
|-damage|p2a: Landorus|74/100|[from] item: Life Orb
|-message|Me3p109 forfeited.
|
|win|doyd9yyd7f
|raw|doyd9yyd7f's rating: 1137 &rarr; <strong>1164</strong><br />(+27 for winning)
|raw|Me3p109's rating: 1167 &rarr; <strong>1140</strong><br />(-27 for losing)
|l|☆Me3p109
|player|p2|
|l|☆doyd9yyd7f
|player|p1|
