|html|<div class="broadcast-blue"><strong>[Gen 9] OU is currently suspecting Volcarona! For information on how to participate check out the <a href="https://www.smogon.com/tools/suspects/view/208">suspect thread</a>.</strong></div>
|j|☆s1lknoose
|j|‽cargo90210
|t:|1778507906
|gametype|singles
|player|p1|s1lknoose|gardenia-masters|1190
|player|p2|cargo90210|swimmer-gen4|1170
|gen|9
|tier|[Gen 9] OU
|rated|
|rule|HP Percentage Mod: HP is shown in percentages
|rule|Endless Battle Clause: Forcing endless battles is banned
|rule|Species Clause: Limit one of each Pokémon
|rule|OHKO Clause: OHKO moves are banned
|rule|Evasion Items Clause: Evasion items are banned
|rule|Evasion Moves Clause: Evasion moves are banned
|rule|Evasion Abilities Clause: Evasion abilities are banned
|rule|Sleep Moves Clause: Sleep-inducing moves are banned
|clearpoke
|poke|p1|Arboliva, F|
|poke|p1|Hawlucha, M|
|poke|p1|Forretress, M|
|poke|p1|Dragapult, M|
|poke|p1|Blaziken, M|
|poke|p1|Weezing-Galar, F|
|poke|p2|Drifblim, M|
|poke|p2|Cinderace, F|
|poke|p2|Meowscarada, F|
|poke|p2|Iron Crown|
|poke|p2|Alomomola, F|
|poke|p2|Kingambit, M|
|teampreview
|inactive|Battle timer is ON: inactive players will automatically lose when time's up. (requested by s1lknoose)
|
|t:|1778507911
|teamsize|p1|6
|teamsize|p2|6
|start
|switch|p1a: Forretress|Forretress, M|100/100
|switch|p2a: Drifblim|Drifblim, M|100/100
|turn|1
|
|t:|1778507917
|move|p2a: Drifblim|Calm Mind|p2a: Drifblim
|-boost|p2a: Drifblim|spa|1
|-boost|p2a: Drifblim|spd|1
|move|p1a: Forretress|Stealth Rock|p2a: Drifblim
|-sidestart|p2: cargo90210|move: Stealth Rock
|
|upkeep
|turn|2
|
|t:|1778507928
|switch|p1a: Weezing|Weezing-Galar, F|100/100
|-ability|p1a: Weezing|Neutralizing Gas
|move|p2a: Drifblim|Air Slash|p1a: Weezing
|-damage|p1a: Weezing|69/100
|
|upkeep
|turn|3
|
|t:|1778507935
|move|p2a: Drifblim|Shadow Ball|p1a: Weezing
|-damage|p1a: Weezing|31/100
|move|p1a: Weezing|Clear Smog|p2a: Drifblim
|-resisted|p2a: Drifblim
|-damage|p2a: Drifblim|95/100
|-clearboost|p2a: Drifblim
|
|upkeep
|turn|4
|
|t:|1778507948
|move|p2a: Drifblim|Shadow Ball|p1a: Weezing
|-damage|p1a: Weezing|6/100
|move|p1a: Weezing|Will-O-Wisp|p2a: Drifblim
|-status|p2a: Drifblim|brn
|
|-damage|p2a: Drifblim|88/100 brn|[from] brn
|upkeep
|turn|5
|-enditem|p1a: Weezing|Custap Berry|[eat]
|-activate|p1a: Weezing|item: Custap Berry|[consumed]
|
|t:|1778507958
|move|p1a: Weezing|Memento|p2a: Drifblim
|-unboost|p2a: Drifblim|atk|2
|-unboost|p2a: Drifblim|spa|2
|faint|p1a: Weezing
|-end|p1a: Weezing|ability: Neutralizing Gas
|move|p2a: Drifblim|Shadow Ball|p1: Weezing|[notarget]
|-fail|p2a: Drifblim
|
|-damage|p2a: Drifblim|82/100 brn|[from] brn
|upkeep
|
|t:|1778507971
|switch|p1a: Dragapult|Dragapult, M|100/100
|turn|6
|
|t:|1778507981
|switch|p2a: Alomomola|Alomomola, F, shiny|100/100
|-damage|p2a: Alomomola|88/100|[from] Stealth Rock
|move|p1a: Dragapult|Light Screen|p1a: Dragapult
|-sidestart|p1: s1lknoose|move: Light Screen
|
|-heal|p2a: Alomomola|94/100|[from] item: Leftovers
|upkeep
|turn|7
|
|t:|1778507990
|switch|p1a: Arboliva|Arboliva, F, shiny|100/100
|move|p2a: Alomomola|Skill Swap|p1a: Arboliva
|-activate|p2a: Alomomola|Skill Swap|Seed Sower|Regenerator|[of] p1a: Arboliva
|
|-heal|p2a: Alomomola|99/100|[from] item: Leftovers
|upkeep
|turn|8
|
|t:|1778508016
|switch|p2a: Drifblim|Drifblim, M|82/100 brn
|-damage|p2a: Drifblim|57/100 brn|[from] Stealth Rock
|move|p1a: Arboliva|Leech Seed|p2a: Drifblim
|-start|p2a: Drifblim|move: Leech Seed
|
|-damage|p2a: Drifblim|45/100 brn|[from] Leech Seed|[of] p1a: Arboliva
|-damage|p2a: Drifblim|39/100 brn|[from] brn
|upkeep
|turn|9
|
|t:|1778508024
|switch|p1a: Dragapult|Dragapult, M|100/100
|move|p2a: Drifblim|Air Slash|p1a: Dragapult
|-damage|p1a: Dragapult|85/100
|
|-damage|p2a: Drifblim|26/100 brn|[from] Leech Seed|[of] p1a: Dragapult
|-heal|p1a: Dragapult|100/100|[silent]
|-damage|p2a: Drifblim|20/100 brn|[from] brn
|upkeep
|turn|10
|
|t:|1778508032
|move|p1a: Dragapult|Reflect|p1a: Dragapult
|-sidestart|p1: s1lknoose|Reflect
|move|p2a: Drifblim|Shadow Ball|p1a: Dragapult
|-supereffective|p1a: Dragapult
|-damage|p1a: Dragapult|66/100
|
|-damage|p2a: Drifblim|8/100 brn|[from] Leech Seed|[of] p1a: Dragapult
|-heal|p1a: Dragapult|85/100|[silent]
|-damage|p2a: Drifblim|2/100 brn|[from] brn
|-sideend|p1: s1lknoose|move: Light Screen
|upkeep
|turn|11
|
|t:|1778508041
|move|p1a: Dragapult|Light Screen|p1a: Dragapult
|-sidestart|p1: s1lknoose|move: Light Screen
|move|p2a: Drifblim|Strength Sap|p1a: Dragapult
|-unboost|p1a: Dragapult|atk|1
|-heal|p2a: Drifblim|72/100 brn
|
|-damage|p2a: Drifblim|59/100 brn|[from] Leech Seed|[of] p1a: Dragapult
|-heal|p1a: Dragapult|100/100|[silent]
|-damage|p2a: Drifblim|53/100 brn|[from] brn
|upkeep
|turn|12
|
|t:|1778508049
|switch|p1a: Arboliva|Arboliva, F, shiny|100/100
|move|p2a: Drifblim|Shadow Ball|p1a: Arboliva
|-immune|p1a: Arboliva
|
|-damage|p2a: Drifblim|41/100 brn|[from] Leech Seed|[of] p1a: Arboliva
|-damage|p2a: Drifblim|34/100 brn|[from] brn
|upkeep
|turn|13
|
|t:|1778508057
|move|p2a: Drifblim|Air Slash|p1a: Arboliva
|-supereffective|p1a: Arboliva
|-damage|p1a: Arboliva|79/100
|-fieldstart|move: Grassy Terrain|[from] ability: Seed Sower|[of] p1a: Arboliva
|-enditem|p1a: Arboliva|Eject Button
|
|t:|1778508059
|switch|p1a: Hawlucha|Hawlucha, M|100/100
|-enditem|p1a: Hawlucha|Grassy Seed
|-boost|p1a: Hawlucha|def|1|[from] item: Grassy Seed
|
|-damage|p2a: Drifblim|22/100 brn|[from] Leech Seed|[of] p1a: Hawlucha
|-damage|p2a: Drifblim|16/100 brn|[from] brn
|upkeep
|turn|14
|
|t:|1778508068
|move|p1a: Hawlucha|Swords Dance|p1a: Hawlucha
|-boost|p1a: Hawlucha|atk|2
|move|p2a: Drifblim|Shadow Ball|p1a: Hawlucha
|-damage|p1a: Hawlucha|81/100
|
|-damage|p2a: Drifblim|3/100 brn|[from] Leech Seed|[of] p1a: Hawlucha
|-heal|p1a: Hawlucha|99/100|[silent]
|-damage|p2a: Drifblim|0 fnt|[from] brn
|faint|p2a: Drifblim
|-sideend|p1: s1lknoose|Reflect
|upkeep
|
|t:|1778508090
|switch|p2a: Iron Crown|Iron Crown|100/100
|-damage|p2a: Iron Crown|94/100|[from] Stealth Rock
|-enditem|p2a: Iron Crown|Booster Energy
|-activate|p2a: Iron Crown|ability: Quark Drive|[fromitem]
|-start|p2a: Iron Crown|quarkdrivespe
|turn|15
|
|t:|1778508097
|move|p1a: Hawlucha|Throat Chop|p2a: Iron Crown
|-supereffective|p2a: Iron Crown
|-damage|p2a: Iron Crown|4/100
|-start|p2a: Iron Crown|Throat Chop|[silent]
|cant|p2a: Iron Crown|move: Throat Chop
|
|-heal|p2a: Iron Crown|10/100|[from] Grassy Terrain
|-sideend|p1: s1lknoose|move: Light Screen
|upkeep
|turn|16
|
|t:|1778508109
|move|p1a: Hawlucha|Throat Chop|p2a: Iron Crown
|-supereffective|p2a: Iron Crown
|-damage|p2a: Iron Crown|0 fnt
|faint|p2a: Iron Crown
|-end|p2a: Iron Crown|Quark Drive|[silent]
|
|upkeep
|
|t:|1778508118
|switch|p2a: Meowscarada|Meowscarada, F|100/100
|-damage|p2a: Meowscarada|88/100|[from] Stealth Rock
|turn|17
|
|t:|1778508124
|move|p1a: Hawlucha|Acrobatics|p2a: Meowscarada
|-supereffective|p2a: Meowscarada
|-damage|p2a: Meowscarada|0 fnt
|faint|p2a: Meowscarada
|
|-fieldend|move: Grassy Terrain
|upkeep
|
|t:|1778508133
|switch|p2a: Cinderace|Cinderace, F, shiny|100/100
|turn|18
|
|t:|1778508137
|move|p1a: Hawlucha|Acrobatics|p2a: Cinderace
|-damage|p2a: Cinderace|0 fnt
|faint|p2a: Cinderace
|
|upkeep
|-message|cargo90210 forfeited.
|
|win|s1lknoose
|raw|s1lknoose's rating: 1190 &rarr; <strong>1214</strong><br />(+24 for winning)
|raw|cargo90210's rating: 1170 &rarr; <strong>1146</strong><br />(-24 for losing)
|l|‽cargo90210
|player|p2|
|l|☆s1lknoose
|player|p1|
