|html|<div class="broadcast-blue"><strong>[Gen 9] OU is currently suspecting Tera Blast! For information on how to participate check out the <a href="https://www.smogon.com/tools/suspects/view/200">suspect thread</a>.</strong></div>
|j|☆TestingPersonel
|j|☆HildaBeast23
|t:|1776225197
|gametype|singles
|player|p1|TestingPersonel|kieran-champion|1097
|player|p2|HildaBeast23|hilda-wonderlauncher|1109
|gen|9
|tier|[Gen 9] OU
|rated|
|rule|HP Percentage Mod: HP is shown in percentages
|rule|Endless Battle Clause: Forcing endless battles is banned
|rule|Species Clause: Limit one of each Pokémon
|rule|OHKO Clause: OHKO moves are banned
|rule|Evasion Items Clause: Evasion items are banned
|rule|Evasion Moves Clause: Evasion moves are banned
|rule|Evasion Abilities Clause: Evasion abilities are banned
|rule|Sleep Moves Clause: Sleep-inducing moves are banned
|clearpoke
|poke|p1|Staraptor, M|
|poke|p1|Iron Valiant|
|poke|p1|Gliscor, F|
|poke|p1|Metagross|
|poke|p1|Ninetales-Alola, F|
|poke|p1|Walking Wake|
|poke|p2|Zoroark, M|
|poke|p2|Flygon, M|
|poke|p2|Galvantula, M|
|poke|p2|Lapras, M|
|poke|p2|Tsareena, F|
|poke|p2|Grafaiai, M|
|teampreview
|inactive|Battle timer is ON: inactive players will automatically lose when time's up. (requested by HildaBeast23)
|
|t:|1776225209
|teamsize|p1|6
|teamsize|p2|6
|start
|switch|p1a: Walking Wake|Walking Wake|100/100
|switch|p2a: Grafaiai|Grafaiai, M|100/100
|turn|1
|
|t:|1776225220
|move|p2a: Grafaiai|Parting Shot|p1a: Walking Wake
|-unboost|p1a: Walking Wake|atk|1
|-unboost|p1a: Walking Wake|spa|1
|
|t:|1776225234
|switch|p2a: Lapras|Lapras, M|100/100|[from] Parting Shot
|move|p1a: Walking Wake|Hydro Steam|p2a: Lapras
|-immune|p2a: Lapras|[from] ability: Water Absorb
|
|upkeep
|turn|2
|
|t:|1776225251
|-end|p1a: Walking Wake|Protosynthesis|[silent]
|switch|p1a: Ninetales|Ninetales-Alola, F|100/100
|-weather|Snowscape|[from] ability: Snow Warning|[of] p1a: Ninetales
|move|p2a: Lapras|Icy Wind|p1a: Ninetales
|-resisted|p1a: Ninetales
|-damage|p1a: Ninetales|90/100
|-unboost|p1a: Ninetales|spe|1
|-enditem|p1a: Ninetales|Eject Button
|
|t:|1776225263
|switch|p1a: Metagross|Metagross|100/100
|
|-weather|Snowscape|[upkeep]
|upkeep
|turn|3
|
|t:|1776225270
|move|p1a: Metagross|Agility|p1a: Metagross
|-boost|p1a: Metagross|spe|2
|move|p2a: Lapras|Icy Wind|p1a: Metagross
|-resisted|p1a: Metagross
|-damage|p1a: Metagross|91/100
|
|-weather|Snowscape|[upkeep]
|upkeep
|turn|4
|
|t:|1776225276
|move|p1a: Metagross|Meteor Mash|p2a: Lapras
|-crit|p2a: Lapras
|-damage|p2a: Lapras|57/100
|move|p2a: Lapras|Perish Song|p2a: Lapras
|-start|p1a: Metagross|perish3|[silent]
|-start|p2a: Lapras|perish3|[silent]
|-fieldactivate|move: Perish Song
|
|-weather|Snowscape|[upkeep]
|-heal|p2a: Lapras|63/100|[from] item: Leftovers
|-start|p1a: Metagross|perish3
|-start|p2a: Lapras|perish3
|upkeep
|turn|5
|
|t:|1776225285
|move|p1a: Metagross|Meteor Mash|p2a: Lapras
|-damage|p2a: Lapras|34/100
|move|p2a: Lapras|Life Dew|p2a: Lapras
|-heal|p2a: Lapras|59/100
|
|-weather|Snowscape|[upkeep]
|-heal|p2a: Lapras|65/100|[from] item: Leftovers
|-start|p1a: Metagross|perish2
|-start|p2a: Lapras|perish2
|upkeep
|turn|6
|
|t:|1776225293
|move|p1a: Metagross|Meteor Mash|p2a: Lapras
|-damage|p2a: Lapras|41/100
|-boost|p1a: Metagross|atk|1
|move|p2a: Lapras|Life Dew|p2a: Lapras
|-heal|p2a: Lapras|66/100
|
|-weather|none
|-heal|p2a: Lapras|72/100|[from] item: Leftovers
|-start|p1a: Metagross|perish1
|-start|p2a: Lapras|perish1
|upkeep
|turn|7
|
|t:|1776225305
|switch|p1a: Walking Wake|Walking Wake|100/100
|move|p2a: Lapras|Life Dew|p2a: Lapras
|-heal|p2a: Lapras|97/100
|
|-heal|p2a: Lapras|100/100|[from] item: Leftovers
|-start|p2a: Lapras|perish0
|upkeep
|faint|p2a: Lapras
|
|t:|1776225316
|switch|p2a: Grafaiai|Grafaiai, M|100/100
|turn|8
|
|t:|1776225320
|move|p2a: Grafaiai|Parting Shot|p1a: Walking Wake
|-unboost|p1a: Walking Wake|atk|1
|-unboost|p1a: Walking Wake|spa|1
|
|t:|1776225325
|switch|p2a: Tsareena|Tsareena, F|100/100|[from] Parting Shot
|move|p1a: Walking Wake|Flip Turn|p2a: Tsareena
|-resisted|p2a: Tsareena
|-crit|p2a: Tsareena
|-damage|p2a: Tsareena|83/100
|-damage|p1a: Walking Wake|91/100|[from] item: Life Orb
|
|t:|1776225331
|-end|p1a: Walking Wake|Protosynthesis|[silent]
|switch|p1a: Ninetales|Ninetales-Alola, F|90/100|[from] Flip Turn
|-weather|Snowscape|[from] ability: Snow Warning|[of] p1a: Ninetales
|
|-weather|Snowscape|[upkeep]
|upkeep
|turn|9
|
|t:|1776225338
|move|p1a: Ninetales|Blizzard|p2a: Tsareena
|-supereffective|p2a: Tsareena
|-damage|p2a: Tsareena|0 fnt
|faint|p2a: Tsareena
|
|-weather|Snowscape|[upkeep]
|upkeep
|
|t:|1776225347
|switch|p2a: Flygon|Flygon, M|100/100
|turn|10
|
|t:|1776225356
|move|p1a: Ninetales|Aurora Veil|p1a: Ninetales
|-sidestart|p1: TestingPersonel|move: Aurora Veil
|move|p2a: Flygon|Sludge Bomb|p1a: Ninetales
|-supereffective|p1a: Ninetales
|-damage|p1a: Ninetales|48/100
|-status|p1a: Ninetales|psn
|-damage|p2a: Flygon|91/100|[from] item: Life Orb
|
|-weather|Snowscape|[upkeep]
|-damage|p1a: Ninetales|36/100 psn|[from] psn
|upkeep
|turn|11
|
|t:|1776225362
|move|p1a: Ninetales|Moonblast|p2a: Flygon
|-supereffective|p2a: Flygon
|-damage|p2a: Flygon|0 fnt
|replace|p2a: Zoroark|Zoroark, M
|-end|p2a: Zoroark|Illusion
|faint|p2a: Zoroark
|
|-weather|Snowscape|[upkeep]
|-damage|p1a: Ninetales|23/100 psn|[from] psn
|upkeep
|
|t:|1776225368
|switch|p2a: Grafaiai|Grafaiai, M|100/100
|turn|12
|
|t:|1776225372
|switch|p1a: Gliscor|Gliscor, F|100/100
|move|p2a: Grafaiai|Sludge Bomb|p1a: Gliscor
|-resisted|p1a: Gliscor
|-damage|p1a: Gliscor|92/100
|-status|p1a: Gliscor|psn
|
|-weather|none
|-heal|p1a: Gliscor|100/100 psn|[from] ability: Poison Heal
|upkeep
|turn|13
|-message|HildaBeast23 forfeited.
|
|win|TestingPersonel
|raw|TestingPersonel's rating: 1097 &rarr; <strong>1123</strong><br />(+26 for winning)
|raw|HildaBeast23's rating: 1109 &rarr; <strong>1083</strong><br />(-26 for losing)
|l|☆HildaBeast23
|player|p2|
