|html|<div class="broadcast-blue"><strong>[Gen 9] OU is currently suspecting Tera Blast! For information on how to participate check out the <a href="https://www.smogon.com/tools/suspects/view/200">suspect thread</a>.</strong></div>
|j|☆OneBirdyBoi
|j|☆charlesdobronx3511
|t:|1776061141
|gametype|singles
|player|p1|OneBirdyBoi|pokemaniac|1217
|player|p2|charlesdobronx3511|102|1174
|gen|9
|tier|[Gen 9] OU
|rated|
|rule|HP Percentage Mod: HP is shown in percentages
|rule|Endless Battle Clause: Forcing endless battles is banned
|rule|Species Clause: Limit one of each Pokémon
|rule|OHKO Clause: OHKO moves are banned
|rule|Evasion Items Clause: Evasion items are banned
|rule|Evasion Moves Clause: Evasion moves are banned
|rule|Evasion Abilities Clause: Evasion abilities are banned
|rule|Sleep Moves Clause: Sleep-inducing moves are banned
|clearpoke
|poke|p1|Arcanine-Hisui, M|
|poke|p1|Darkrai|
|poke|p1|Great Tusk|
|poke|p1|Hatterene, F|
|poke|p1|Ogerpon-Wellspring, F|
|poke|p1|Zapdos|
|poke|p2|Goodra-Hisui, F|
|poke|p2|Great Tusk|
|poke|p2|Dondozo, F|
|poke|p2|Chandelure, M|
|poke|p2|Haxorus, F|
|poke|p2|Espeon, M|
|teampreview
|inactive|Battle timer is ON: inactive players will automatically lose when time's up. (requested by OneBirdyBoi)
|inactive|charlesdobronx3511 also wants the timer to be on.
|
|t:|1776061157
|teamsize|p1|6
|teamsize|p2|6
|start
|switch|p1a: Arcanine|Arcanine-Hisui, M|100/100
|switch|p2a: Chandelure|Chandelure, M, shiny|100/100
|turn|1
|
|t:|1776061168
|switch|p2a: Dondozo|Dondozo, F, shiny|100/100
|move|p1a: Arcanine|Head Smash|p2a: Dondozo
|-damage|p2a: Dondozo|37/100
|
|-heal|p2a: Dondozo|43/100|[from] item: Leftovers
|upkeep
|turn|2
|l|☆charlesdobronx3511
|inactive|charlesdobronx3511 disconnected and has a minute to reconnect!
|player|p2|
|j|☆charlesdobronx3511
|inactive|charlesdobronx3511 reconnected and has 125 seconds left.
|player|p2|charlesdobronx3511|102|
|inactive|charlesdobronx3511 has 120 seconds left.
|
|t:|1776061201
|switch|p1a: Ogerpon|Ogerpon-Wellspring, F|100/100
|move|p2a: Dondozo|Wave Crash|p1a: Ogerpon
|-immune|p1a: Ogerpon|[from] ability: Water Absorb
|
|-heal|p2a: Dondozo|49/100|[from] item: Leftovers
|upkeep
|turn|3
|
|t:|1776061221
|-terastallize|p2a: Dondozo|Grass
|move|p1a: Ogerpon|Knock Off|p2a: Dondozo
|-damage|p2a: Dondozo|28/100
|-enditem|p2a: Dondozo|Leftovers|[from] move: Knock Off|[of] p1a: Ogerpon
|move|p2a: Dondozo|Avalanche|p1a: Ogerpon
|-damage|p1a: Ogerpon|56/100
|
|upkeep
|turn|4
|
|t:|1776061229
|move|p1a: Ogerpon|U-turn|p2a: Dondozo
|-supereffective|p2a: Dondozo
|-damage|p2a: Dondozo|0 fnt
|faint|p2a: Dondozo
|
|t:|1776061254
|switch|p1a: Arcanine|Arcanine-Hisui, M|100/100|[from] U-turn
|
|upkeep
|
|t:|1776061259
|switch|p2a: Haxorus|Haxorus, F|100/100
|-ability|p2a: Haxorus|Mold Breaker
|turn|5
|
|t:|1776061269
|switch|p1a: Zapdos|Zapdos|100/100
|move|p2a: Haxorus|Earthquake|p1a: Zapdos
|-immune|p1a: Zapdos
|
|upkeep
|turn|6
|
|t:|1776061274
|switch|p2a: Goodra|Goodra-Hisui, F, shiny|100/100
|move|p1a: Zapdos|Thunder Wave|p2a: Goodra
|-status|p2a: Goodra|par
|
|upkeep
|turn|7
|
|t:|1776061281
|move|p1a: Zapdos|Volt Switch|p2a: Goodra
|-resisted|p2a: Goodra
|-damage|p2a: Goodra|92/100 par
|inactive|OneBirdyBoi has 120 seconds left.
|
|t:|1776061311
|switch|p1a: Darkrai|Darkrai|100/100|[from] Volt Switch
|cant|p2a: Goodra|par
|
|-heal|p2a: Goodra|98/100 par|[from] item: Leftovers
|upkeep
|turn|8
|
|t:|1776061321
|move|p1a: Darkrai|Trick|p2a: Goodra
|-activate|p1a: Darkrai|move: Trick|[of] p2a: Goodra
|-item|p2a: Goodra|Choice Scarf|[from] move: Trick
|-item|p1a: Darkrai|Leftovers|[from] move: Trick
|move|p2a: Goodra|Dragon Pulse|p1a: Darkrai
|-damage|p1a: Darkrai|52/100
|
|-heal|p1a: Darkrai|58/100|[from] item: Leftovers
|upkeep
|turn|9
|
|t:|1776061334
|switch|p1a: Hatterene|Hatterene, F|100/100
|switch|p2a: Chandelure|Chandelure, M, shiny|100/100
|
|upkeep
|turn|10
|
|t:|1776061351
|switch|p1a: Darkrai|Darkrai|58/100
|move|p2a: Chandelure|Flamethrower|p1a: Darkrai
|-damage|p1a: Darkrai|0 fnt
|faint|p1a: Darkrai
|
|upkeep
|
|t:|1776061355
|switch|p1a: Arcanine|Arcanine-Hisui, M|100/100
|turn|11
|
|t:|1776061359
|switch|p2a: Great Tusk|Great Tusk, shiny|100/100
|-enditem|p2a: Great Tusk|Booster Energy
|-activate|p2a: Great Tusk|ability: Protosynthesis|[fromitem]
|-start|p2a: Great Tusk|protosynthesisatk
|move|p1a: Arcanine|Head Smash|p2a: Great Tusk
|-resisted|p2a: Great Tusk
|-damage|p2a: Great Tusk|84/100
|
|upkeep
|turn|12
|inactive|OneBirdyBoi has 120 seconds left.
|
|t:|1776061393
|switch|p1a: Ogerpon|Ogerpon-Wellspring, F|56/100
|move|p2a: Great Tusk|Rapid Spin|p1a: Ogerpon
|-damage|p1a: Ogerpon|24/100
|-boost|p2a: Great Tusk|spe|1
|
|upkeep
|turn|13
|
|t:|1776061408
|switch|p1a: Zapdos|Zapdos|100/100
|move|p2a: Great Tusk|Rapid Spin|p1a: Zapdos
|-damage|p1a: Zapdos|84/100
|-boost|p2a: Great Tusk|spe|1
|
|upkeep
|turn|14
|
|t:|1776061414
|-terastallize|p1a: Zapdos|Steel
|move|p2a: Great Tusk|Ice Spinner|p1a: Zapdos
|-resisted|p1a: Zapdos
|-damage|p1a: Zapdos|70/100
|move|p1a: Zapdos|Hurricane|p2a: Great Tusk
|-supereffective|p2a: Great Tusk
|-damage|p2a: Great Tusk|0 fnt
|faint|p2a: Great Tusk
|-end|p2a: Great Tusk|Protosynthesis|[silent]
|
|upkeep
|
|t:|1776061423
|switch|p2a: Haxorus|Haxorus, F|100/100
|-ability|p2a: Haxorus|Mold Breaker
|turn|15
|c|☆charlesdobronx3511|Now you dont got any flying type slop
|inactive|OneBirdyBoi has 120 seconds left.
|
|t:|1776061458
|move|p2a: Haxorus|Close Combat|p1a: Zapdos
|-supereffective|p1a: Zapdos
|-damage|p1a: Zapdos|0 fnt
|-unboost|p2a: Haxorus|def|1
|-unboost|p2a: Haxorus|spd|1
|faint|p1a: Zapdos
|
|upkeep
|
|t:|1776061461
|switch|p1a: Hatterene|Hatterene, F|100/100
|turn|16
|
|t:|1776061466
|switch|p2a: Goodra|Goodra-Hisui, F, shiny|98/100 par
|move|p1a: Hatterene|Draining Kiss|p2a: Goodra
|-damage|p2a: Goodra|77/100 par
|-ability|p2a: Goodra|Gooey
|-unboost|p1a: Hatterene|spe|1
|
|upkeep
|turn|17
|
|t:|1776061482
|switch|p1a: Great Tusk|Great Tusk|100/100
|move|p2a: Goodra|Flash Cannon|p1a: Great Tusk
|-damage|p1a: Great Tusk|41/100
|
|upkeep
|turn|18
|-message|OneBirdyBoi forfeited.
|
|win|charlesdobronx3511
|raw|OneBirdyBoi's rating: 1189 &rarr; <strong>1163</strong><br />(-26 for losing)
|raw|charlesdobronx3511's rating: 1174 &rarr; <strong>1200</strong><br />(+26 for winning)
|l|☆OneBirdyBoi
|player|p1|
|l|☆charlesdobronx3511
|player|p2|
