|html|<div class="broadcast-blue"><strong>[Gen 9] OU is currently suspecting Tera Blast! For information on how to participate check out the <a href="https://www.smogon.com/tools/suspects/view/200">suspect thread</a>.</strong></div>
|j|☆l3x1vfoster
|j|☆gekketed
|t:|1776081924
|gametype|singles
|player|p1|l3x1vfoster|102|1166
|player|p2|gekketed|dragontamer|1115
|gen|9
|tier|[Gen 9] OU
|rated|
|rule|HP Percentage Mod: HP is shown in percentages
|rule|Endless Battle Clause: Forcing endless battles is banned
|rule|Species Clause: Limit one of each Pokémon
|rule|OHKO Clause: OHKO moves are banned
|rule|Evasion Items Clause: Evasion items are banned
|rule|Evasion Moves Clause: Evasion moves are banned
|rule|Evasion Abilities Clause: Evasion abilities are banned
|rule|Sleep Moves Clause: Sleep-inducing moves are banned
|clearpoke
|poke|p1|Gardevoir, M|
|poke|p1|Flygon, M|
|poke|p1|Kingambit, F|
|poke|p1|Heracross, M|
|poke|p1|Samurott-Hisui, M|
|poke|p1|Iron Moth|
|poke|p2|Hawlucha, F|
|poke|p2|Starly, L50, M|
|poke|p2|Smeargle, L50, F|
|poke|p2|Sceptile, L50, M|
|poke|p2|Whimsicott, M|
|poke|p2|Clodsire, F|
|teampreview
|inactive|Battle timer is ON: inactive players will automatically lose when time's up. (requested by gekketed)
|c|☆gekketed|lets go legend
|
|t:|1776081945
|teamsize|p1|6
|teamsize|p2|6
|start
|switch|p1a: Beebo|Flygon, M|100/100
|switch|p2a: Starly|Starly, L50, M, shiny|100/100
|turn|1
|c|☆l3x1vfoster|why r they special at lvl 50?
|c|☆gekketed|Beebo looking strong
|
|t:|1776081973
|move|p2a: Starly|Protect|p2a: Starly
|-singleturn|p2a: Starly|Protect
|move|p1a: Beebo|Tailwind|p1a: Beebo
|-sidestart|p1: l3x1vfoster|move: Tailwind
|
|upkeep
|turn|2
|
|t:|1776081984
|move|p1a: Beebo|Thunder Punch|p2a: Starly
|-supereffective|p2a: Starly
|-enditem|p2a: Starly|Focus Sash
|-damage|p2a: Starly|1/100
|move|p2a: Starly|Endeavor|p1a: Beebo
|-damage|p1a: Beebo|1/100
|
|-heal|p1a: Beebo|7/100|[from] item: Leftovers
|upkeep
|turn|3
|c|☆gekketed|idk
|c|☆gekketed|Fun
|
|t:|1776081993
|move|p2a: Starly|Quick Attack|p1a: Beebo
|-damage|p1a: Beebo|2/100
|move|p1a: Beebo|Thunder Punch|p2a: Starly
|-supereffective|p2a: Starly
|-damage|p2a: Starly|0 fnt
|faint|p2a: Starly
|
|-heal|p1a: Beebo|8/100|[from] item: Leftovers
|upkeep
|c|☆l3x1vfoster|fair
|
|t:|1776082008
|switch|p2a: Clodsire|Clodsire, F|100/100
|turn|4
|c|☆gekketed|woops
|c|☆gekketed|Missclicked
|c|☆gekketed|xD
|
|t:|1776082032
|switch|p1a: Viole|Gardevoir, M, shiny|100/100
|-ability|p1a: Viole|Water Absorb|Trace|[from] ability: Trace|[of] p2a: Clodsire
|move|p2a: Clodsire|Toxic|p1a: Viole
|-status|p1a: Viole|tox
|
|-damage|p1a: Viole|94/100 tox|[from] psn
|-sideend|p1: l3x1vfoster|move: Tailwind
|upkeep
|turn|5
|
|t:|1776082050
|switch|p2a: Whimsicott|Whimsicott, M|100/100
|move|p1a: Viole|Psychic|p2a: Whimsicott
|-damage|p2a: Whimsicott|36/100
|
|-heal|p2a: Whimsicott|43/100|[from] item: Leftovers
|-damage|p1a: Viole|82/100 tox|[from] psn
|upkeep
|turn|6
|
|t:|1776082065
|-terastallize|p1a: Viole|Poison
|move|p2a: Whimsicott|Protect|p2a: Whimsicott
|-singleturn|p2a: Whimsicott|Protect
|move|p1a: Viole|Tera Blast|p2a: Whimsicott|[anim] Tera Blast Poison
|-activate|p2a: Whimsicott|move: Protect
|
|-heal|p2a: Whimsicott|49/100|[from] item: Leftovers
|-damage|p1a: Viole|64/100 tox|[from] psn
|upkeep
|turn|7
|
|t:|1776082076
|switch|p2a: Clodsire|Clodsire, F|100/100
|move|p1a: Viole|Tera Blast|p2a: Clodsire|[anim] Tera Blast Poison
|-resisted|p2a: Clodsire
|-damage|p2a: Clodsire|93/100
|
|-damage|p1a: Viole|39/100 tox|[from] psn
|upkeep
|turn|8
|c|☆gekketed|lol
|
|t:|1776082087
|move|p1a: Viole|Psychic|p2a: Clodsire
|-supereffective|p2a: Clodsire
|-damage|p2a: Clodsire|25/100
|move|p2a: Clodsire|Recover|p2a: Clodsire
|-heal|p2a: Clodsire|75/100
|
|-damage|p1a: Viole|8/100 tox|[from] psn
|upkeep
|turn|9
|
|t:|1776082104
|switch|p1a: Queengambit|Kingambit, F|100/100
|move|p2a: Clodsire|Toxic Spikes|p1a: Queengambit
|-sidestart|p1: l3x1vfoster|move: Toxic Spikes
|
|upkeep
|turn|10
|
|t:|1776082117
|move|p1a: Queengambit|X-Scissor|p2a: Clodsire
|-resisted|p2a: Clodsire
|-damage|p2a: Clodsire|64/100
|-damage|p1a: Queengambit|84/100|[from] item: Rocky Helmet|[of] p2a: Clodsire
|move|p2a: Clodsire|Earthquake|p1a: Queengambit
|-supereffective|p1a: Queengambit
|-damage|p1a: Queengambit|45/100
|
|upkeep
|turn|11
|c|☆gekketed|lol
|
|t:|1776082128
|-end|p1a: Queengambit|fallenundefined|[silent]
|switch|p1a: Beebo|Flygon, M|8/100
|move|p2a: Clodsire|Recover|p2a: Clodsire
|-heal|p2a: Clodsire|100/100
|
|-heal|p1a: Beebo|14/100|[from] item: Leftovers
|upkeep
|turn|12
|
|t:|1776082135
|move|p1a: Beebo|Tailwind|p1a: Beebo
|-sidestart|p1: l3x1vfoster|move: Tailwind
|move|p2a: Clodsire|Toxic|p1a: Beebo
|-status|p1a: Beebo|tox
|
|-heal|p1a: Beebo|20/100 tox|[from] item: Leftovers
|-damage|p1a: Beebo|14/100 tox|[from] psn
|upkeep
|turn|13
|
|t:|1776082143
|move|p1a: Beebo|Earthquake|p2a: Clodsire
|-supereffective|p2a: Clodsire
|-damage|p2a: Clodsire|33/100
|move|p2a: Clodsire|Recover|p2a: Clodsire
|-heal|p2a: Clodsire|83/100
|
|-heal|p1a: Beebo|20/100 tox|[from] item: Leftovers
|-damage|p1a: Beebo|8/100 tox|[from] psn
|upkeep
|turn|14
|
|t:|1776082153
|move|p1a: Beebo|Earthquake|p2a: Clodsire
|-supereffective|p2a: Clodsire
|-damage|p2a: Clodsire|19/100
|move|p2a: Clodsire|Recover|p2a: Clodsire
|-heal|p2a: Clodsire|69/100
|
|-heal|p1a: Beebo|14/100 tox|[from] item: Leftovers
|-damage|p1a: Beebo|0 fnt|[from] psn
|faint|p1a: Beebo
|upkeep
|c|☆gekketed|lol
|
|t:|1776082161
|switch|p1a: Moriarty|Iron Moth|100/100
|-sideend|p1: l3x1vfoster|move: Toxic Spikes|[of] p1a: Moriarty
|turn|15
|
|t:|1776082170
|move|p1a: Moriarty|Fiery Dance|p2a: Clodsire
|-damage|p2a: Clodsire|21/100
|-boost|p1a: Moriarty|spa|1
|move|p2a: Clodsire|Earthquake|p1a: Moriarty
|-supereffective|p1a: Moriarty
|-damage|p1a: Moriarty|0 fnt
|faint|p1a: Moriarty
|-end|p1a: Moriarty|Quark Drive|[silent]
|
|-sideend|p1: l3x1vfoster|move: Tailwind
|upkeep
|c|☆gekketed|lol
|c|☆gekketed|Clod the goat
|
|t:|1776082197
|switch|p1a: Queengambit|Kingambit, F|45/100
|-activate|p1a: Queengambit|ability: Supreme Overlord
|-start|p1a: Queengambit|fallen2|[silent]
|turn|16
|c|☆l3x1vfoster|fr damn
|inactive|l3x1vfoster has 120 seconds left.
|
|t:|1776082217
|move|p1a: Queengambit|Iron Head|p2a: Clodsire
|-damage|p2a: Clodsire|0 fnt
|-damage|p1a: Queengambit|29/100|[from] item: Rocky Helmet|[of] p2a: Clodsire
|faint|p2a: Clodsire
|
|upkeep
|
|t:|1776082228
|switch|p2a: Hawlucha|Hawlucha, F, shiny|100/100
|turn|17
|c|☆gekketed|aw man
|
|t:|1776082240
|-end|p1a: Queengambit|fallen2|[silent]
|switch|p1a: Viole|Gardevoir, M, shiny, tera:Poison|8/100 tox
|-ability|p1a: Viole|Unburden|Trace|[from] ability: Trace|[of] p2a: Hawlucha
|move|p2a: Hawlucha|Close Combat|p1a: Viole
|-resisted|p1a: Viole
|-damage|p1a: Viole|0 fnt
|-unboost|p2a: Hawlucha|def|1
|-unboost|p2a: Hawlucha|spd|1
|faint|p1a: Viole
|-enditem|p2a: Hawlucha|White Herb
|-clearnegativeboost|p2a: Hawlucha|[silent]
|
|upkeep
|c|☆gekketed|I had some special strats
|inactive|l3x1vfoster has 120 seconds left.
|c|☆gekketed|wont even be needing those
|
|t:|1776082258
|switch|p1a: Eto|Heracross, M|100/100
|turn|18
|
|t:|1776082261
|move|p2a: Hawlucha|Brave Bird|p1a: Eto
|-supereffective|p1a: Eto
|-damage|p1a: Eto|0 fnt
|faint|p1a: Eto
|-damage|p2a: Hawlucha|67/100|[from] Recoil
|
|upkeep
|
|t:|1776082266
|switch|p1a: Rott|Samurott-Hisui, M|100/100
|turn|19
|
|t:|1776082274
|move|p2a: Hawlucha|Close Combat|p1a: Rott
|-supereffective|p1a: Rott
|-damage|p1a: Rott|0 fnt
|-unboost|p2a: Hawlucha|def|1
|-unboost|p2a: Hawlucha|spd|1
|faint|p1a: Rott
|
|upkeep
|
|t:|1776082278
|switch|p1a: Queengambit|Kingambit, F|29/100
|-activate|p1a: Queengambit|ability: Supreme Overlord
|-start|p1a: Queengambit|fallen5|[silent]
|turn|20
|
|t:|1776082283
|move|p1a: Queengambit|Sucker Punch|p2a: Hawlucha
|-resisted|p2a: Hawlucha
|-damage|p2a: Hawlucha|0 fnt
|faint|p2a: Hawlucha
|
|upkeep
|c|☆gekketed|yes
|c|☆gekketed|Here
|
|t:|1776082293
|switch|p2a: Smeargle|Smeargle, L50, F|100/100
|turn|21
|
|t:|1776082300
|move|p1a: Queengambit|Sucker Punch|p2a: Smeargle
|-enditem|p2a: Smeargle|Focus Sash
|-damage|p2a: Smeargle|1/100
|move|p2a: Smeargle|Endeavor|p1a: Queengambit
|-damage|p1a: Queengambit|1/100
|
|upkeep
|turn|22
|
|t:|1776082310
|move|p2a: Smeargle|Protect|p2a: Smeargle
|-singleturn|p2a: Smeargle|Protect
|move|p1a: Queengambit|Sucker Punch||[still]
|-fail|p1a: Queengambit
|
|upkeep
|turn|23
|c|☆gekketed|lol
|
|t:|1776082319
|move|p2a: Smeargle|Protect|p2a: Smeargle
|-singleturn|p2a: Smeargle|Protect
|move|p1a: Queengambit|Sucker Punch||[still]
|-fail|p1a: Queengambit
|
|upkeep
|turn|24
|c|☆gekketed|lol
|c|☆l3x1vfoster|i failed but damn double
|
|t:|1776082331
|move|p2a: Smeargle|Accelerock|p1a: Queengambit
|-resisted|p1a: Queengambit
|-damage|p1a: Queengambit|0 fnt
|faint|p1a: Queengambit
|-end|p1a: Queengambit|fallen5|[silent]
|
|win|gekketed
|raw|l3x1vfoster's rating: 1166 &rarr; <strong>1137</strong><br />(-29 for losing)
|raw|gekketed's rating: 1115 &rarr; <strong>1144</strong><br />(+29 for winning)
|c|☆gekketed|lol
|c|☆gekketed|xD
|c|☆gekketed|See
|c|☆gekketed|I am god
|c|☆gekketed|xD
|c|☆gekketed|Told ya, even with lvl 50 mons
|c|☆gekketed|xD
|c|☆gekketed|even wolfe is scared of me
