|html|<div class="broadcast-blue"><strong>[Gen 9] OU is currently suspecting Tera Blast! For information on how to participate check out the <a href="https://www.smogon.com/tools/suspects/view/200">suspect thread</a>.</strong></div>
|j|☆18forgreen2024
|j|☆magistermilitum420
|t:|1776305012
|gametype|singles
|player|p1|18forgreen2024|cilan|1338
|player|p2|magistermilitum420|blue|1319
|gen|9
|tier|[Gen 9] OU
|rated|
|rule|HP Percentage Mod: HP is shown in percentages
|rule|Endless Battle Clause: Forcing endless battles is banned
|rule|Species Clause: Limit one of each Pokémon
|rule|OHKO Clause: OHKO moves are banned
|rule|Evasion Items Clause: Evasion items are banned
|rule|Evasion Moves Clause: Evasion moves are banned
|rule|Evasion Abilities Clause: Evasion abilities are banned
|rule|Sleep Moves Clause: Sleep-inducing moves are banned
|clearpoke
|poke|p1|Gholdengo|
|poke|p1|Samurott-Hisui, F|
|poke|p1|Great Tusk|
|poke|p1|Slowking-Galar, F|
|poke|p1|Dragapult, F|
|poke|p1|Hoopa-Unbound|
|poke|p2|Meowscarada, M|
|poke|p2|Great Tusk|
|poke|p2|Alomomola, F|
|poke|p2|Slowking-Galar, F|
|poke|p2|Iron Valiant|
|poke|p2|Heatran, F|
|teampreview
|
|t:|1776305017
|teamsize|p1|6
|teamsize|p2|6
|start
|switch|p1a: Samurott|Samurott-Hisui, F|100/100
|switch|p2a: Mahad|Meowscarada, M, shiny|100/100
|turn|1
|
|t:|1776305024
|move|p2a: Mahad|U-turn|p1a: Samurott
|-start|p2a: Mahad|typechange|Bug|[from] ability: Protean
|-supereffective|p1a: Samurott
|-damage|p1a: Samurott|15/100
|
|t:|1776305029
|switch|p2a: Charybdis|Alomomola, F, shiny|100/100|[from] U-turn
|move|p1a: Samurott|Ceaseless Edge|p2a: Charybdis
|-damage|p2a: Charybdis|77/100
|-damage|p1a: Samurott|0 fnt|[from] item: Rocky Helmet|[of] p2a: Charybdis
|faint|p1a: Samurott
|
|upkeep
|
|t:|1776305034
|switch|p1a: Hoopa|Hoopa-Unbound|100/100
|turn|2
|
|t:|1776305042
|move|p1a: Hoopa|Psychic Noise|p2a: Charybdis
|-damage|p2a: Charybdis|20/100
|-start|p2a: Charybdis|move: Heal Block
|move|p2a: Charybdis|Flip Turn|p1a: Hoopa
|-damage|p1a: Hoopa|82/100
|
|t:|1776305050
|switch|p2a: Mahad|Meowscarada, M, shiny|100/100|[from] Flip Turn
|
|upkeep
|turn|3
|
|t:|1776305073
|switch|p1a: Great Tusk|Great Tusk|100/100
|move|p2a: Mahad|Knock Off|p1a: Great Tusk
|-start|p2a: Mahad|typechange|Dark|[from] ability: Protean
|-resisted|p1a: Great Tusk
|-damage|p1a: Great Tusk|90/100
|-damage|p2a: Mahad|84/100|[from] item: Rocky Helmet|[of] p1a: Great Tusk
|-enditem|p1a: Great Tusk|Rocky Helmet|[from] move: Knock Off|[of] p2a: Mahad
|
|upkeep
|turn|4
|
|t:|1776305082
|switch|p2a: Barca|Great Tusk|100/100
|move|p1a: Great Tusk|Stealth Rock|p2a: Barca
|-sidestart|p2: magistermilitum420|move: Stealth Rock
|
|upkeep
|turn|5
|
|t:|1776305087
|-end|p1a: Great Tusk|Protosynthesis|[silent]
|switch|p1a: Dragapult|Dragapult, F|100/100
|move|p2a: Barca|Rapid Spin|p1a: Dragapult
|-immune|p1a: Dragapult
|
|upkeep
|turn|6
|
|t:|1776305093
|-end|p2a: Barca|Protosynthesis|[silent]
|switch|p2a: Mithridates|Slowking-Galar, F|100/100
|-damage|p2a: Mithridates|88/100|[from] Stealth Rock
|move|p1a: Dragapult|Will-O-Wisp|p2a: Mithridates
|-status|p2a: Mithridates|brn
|
|-damage|p2a: Mithridates|82/100 brn|[from] brn
|upkeep
|turn|7
|
|t:|1776305102
|move|p1a: Dragapult|Shadow Ball|p2a: Mithridates
|-supereffective|p2a: Mithridates
|-damage|p2a: Mithridates|45/100 brn
|move|p2a: Mithridates|Psychic Noise|p1a: Dragapult
|-damage|p1a: Dragapult|56/100
|-start|p1a: Dragapult|move: Heal Block
|
|-damage|p2a: Mithridates|39/100 brn|[from] brn
|upkeep
|turn|8
|
|t:|1776305116
|-terastallize|p2a: Mithridates|Fairy
|move|p1a: Dragapult|Shadow Ball|p2a: Mithridates
|-damage|p2a: Mithridates|23/100 brn
|move|p2a: Mithridates|Psychic Noise|p1a: Dragapult
|-damage|p1a: Dragapult|8/100
|
|-damage|p2a: Mithridates|17/100 brn|[from] brn
|-end|p1a: Dragapult|move: Heal Block
|upkeep
|turn|9
|
|t:|1776305147
|switch|p1a: Slowking|Slowking-Galar, F|100/100
|switch|p2a: Mahad|Meowscarada, M, shiny|84/100
|-damage|p2a: Mahad|72/100|[from] Stealth Rock
|
|upkeep
|turn|10
|
|t:|1776305159
|move|p2a: Mahad|Knock Off|p1a: Slowking
|-start|p2a: Mahad|typechange|Dark|[from] ability: Protean
|-supereffective|p1a: Slowking
|-damage|p1a: Slowking|15/100
|-enditem|p1a: Slowking|Heavy-Duty Boots|[from] move: Knock Off|[of] p2a: Mahad
|move|p1a: Slowking|Sludge Bomb|p2a: Mahad
|-damage|p2a: Mahad|18/100
|-status|p2a: Mahad|psn
|
|-damage|p2a: Mahad|5/100 psn|[from] psn
|upkeep
|turn|11
|
|t:|1776305171
|switch|p1a: Great Tusk|Great Tusk|90/100
|move|p2a: Mahad|Knock Off|p1a: Great Tusk
|-resisted|p1a: Great Tusk
|-damage|p1a: Great Tusk|82/100
|
|-damage|p2a: Mahad|0 fnt|[from] psn
|faint|p2a: Mahad
|upkeep
|
|t:|1776305178
|switch|p2a: Barca|Great Tusk|100/100
|-damage|p2a: Barca|98/100|[from] Stealth Rock
|turn|12
|
|t:|1776305184
|-end|p1a: Great Tusk|Protosynthesis|[silent]
|switch|p1a: Gholdengo|Gholdengo|100/100
|-item|p1a: Gholdengo|Air Balloon
|move|p2a: Barca|Knock Off|p1a: Gholdengo
|-supereffective|p1a: Gholdengo
|-damage|p1a: Gholdengo|63/100
|-enditem|p1a: Gholdengo|Air Balloon
|
|-heal|p2a: Barca|100/100|[from] item: Leftovers
|upkeep
|turn|13
|
|t:|1776305194
|move|p1a: Gholdengo|Make It Rain|p2a: Barca
|-damage|p2a: Barca|30/100
|-unboost|p1a: Gholdengo|spa|1
|move|p2a: Barca|Earthquake|p1a: Gholdengo
|-supereffective|p1a: Gholdengo
|-damage|p1a: Gholdengo|0 fnt
|faint|p1a: Gholdengo
|
|-heal|p2a: Barca|36/100|[from] item: Leftovers
|upkeep
|
|t:|1776305201
|switch|p1a: Dragapult|Dragapult, F|8/100
|turn|14
|
|t:|1776305210
|-end|p2a: Barca|Protosynthesis|[silent]
|switch|p2a: Mithridates|Slowking-Galar, F, tera:Fairy|50/100 brn
|-damage|p2a: Mithridates|38/100 brn|[from] Stealth Rock
|move|p1a: Dragapult|Shadow Ball|p2a: Mithridates
|-damage|p2a: Mithridates|21/100 brn
|
|-damage|p2a: Mithridates|15/100 brn|[from] brn
|upkeep
|turn|15
|
|t:|1776305221
|move|p1a: Dragapult|Shadow Ball|p2a: Mithridates
|-damage|p2a: Mithridates|0 fnt
|faint|p2a: Mithridates
|
|upkeep
|
|t:|1776305225
|switch|p2a: Pallas|Iron Valiant, shiny|100/100
|-damage|p2a: Pallas|94/100|[from] Stealth Rock
|-enditem|p2a: Pallas|Booster Energy
|-activate|p2a: Pallas|ability: Quark Drive|[fromitem]
|-start|p2a: Pallas|quarkdrivespe
|turn|16
|
|t:|1776305243
|switch|p1a: Slowking|Slowking-Galar, F|48/100
|move|p2a: Pallas|Moonblast|p1a: Slowking
|-resisted|p1a: Slowking
|-damage|p1a: Slowking|35/100
|
|upkeep
|turn|17
|
|t:|1776305249
|move|p2a: Pallas|Knock Off|p1a: Slowking
|-supereffective|p1a: Slowking
|-damage|p1a: Slowking|0 fnt
|faint|p1a: Slowking
|
|upkeep
|
|t:|1776305254
|switch|p1a: Hoopa|Hoopa-Unbound|82/100
|turn|18
|
|t:|1776305260
|move|p2a: Pallas|Moonblast|p1a: Hoopa
|-supereffective|p1a: Hoopa
|-damage|p1a: Hoopa|34/100
|move|p1a: Hoopa|Psychic Noise|p2a: Pallas
|-supereffective|p2a: Pallas
|-damage|p2a: Pallas|0 fnt
|faint|p2a: Pallas
|-end|p2a: Pallas|Quark Drive|[silent]
|
|upkeep
|
|t:|1776305272
|switch|p2a: Vulcanus|Heatran, F, shiny|100/100
|-damage|p2a: Vulcanus|88/100|[from] Stealth Rock
|turn|19
|
|t:|1776305282
|move|p2a: Vulcanus|Overheat|p1a: Hoopa
|-damage|p1a: Hoopa|0 fnt
|-unboost|p2a: Vulcanus|spa|2
|faint|p1a: Hoopa
|
|upkeep
|
|t:|1776305286
|switch|p1a: Great Tusk|Great Tusk|82/100
|turn|20
|
|t:|1776305296
|switch|p2a: Charybdis|Alomomola, F, shiny|53/100
|-damage|p2a: Charybdis|41/100|[from] Stealth Rock
|move|p1a: Great Tusk|Headlong Rush|p2a: Charybdis
|-damage|p2a: Charybdis|11/100
|-unboost|p1a: Great Tusk|def|1
|-unboost|p1a: Great Tusk|spd|1
|-damage|p1a: Great Tusk|66/100|[from] item: Rocky Helmet|[of] p2a: Charybdis
|
|upkeep
|turn|21
|
|t:|1776305311
|move|p1a: Great Tusk|Headlong Rush|p2a: Charybdis
|-damage|p2a: Charybdis|0 fnt
|-unboost|p1a: Great Tusk|def|1
|-unboost|p1a: Great Tusk|spd|1
|-damage|p1a: Great Tusk|49/100|[from] item: Rocky Helmet|[of] p2a: Charybdis
|faint|p2a: Charybdis
|
|upkeep
|
|t:|1776305317
|switch|p2a: Barca|Great Tusk|36/100
|-damage|p2a: Barca|33/100|[from] Stealth Rock
|turn|22
|
|t:|1776305323
|-terastallize|p1a: Great Tusk|Ghost
|move|p2a: Barca|Earthquake|p1a: Great Tusk
|-damage|p1a: Great Tusk|10/100
|move|p1a: Great Tusk|Ice Spinner|p2a: Barca
|-supereffective|p2a: Barca
|-damage|p2a: Barca|10/100
|
|-heal|p2a: Barca|17/100|[from] item: Leftovers
|upkeep
|turn|23
|
|t:|1776305333
|move|p2a: Barca|Earthquake|p1a: Great Tusk
|-crit|p1a: Great Tusk
|-damage|p1a: Great Tusk|0 fnt
|faint|p1a: Great Tusk
|-end|p1a: Great Tusk|Protosynthesis|[silent]
|
|-heal|p2a: Barca|23/100|[from] item: Leftovers
|upkeep
|
|t:|1776305337
|switch|p1a: Dragapult|Dragapult, F|8/100
|turn|24
|
|t:|1776305343
|move|p1a: Dragapult|Shadow Ball|p2a: Barca
|-damage|p2a: Barca|0 fnt
|faint|p2a: Barca
|-end|p2a: Barca|Protosynthesis|[silent]
|
|upkeep
|
|t:|1776305347
|switch|p2a: Vulcanus|Heatran, F, shiny|88/100
|-damage|p2a: Vulcanus|76/100|[from] Stealth Rock
|turn|25
|
|t:|1776305350
|move|p1a: Dragapult|Shadow Ball|p2a: Vulcanus
|-damage|p2a: Vulcanus|42/100
|move|p2a: Vulcanus|Flash Cannon|p1a: Dragapult
|-damage|p1a: Dragapult|0 fnt
|faint|p1a: Dragapult
|
|win|magistermilitum420
|raw|18forgreen2024's rating: 1338 &rarr; <strong>1317</strong><br />(-21 for losing)
|raw|magistermilitum420's rating: 1319 &rarr; <strong>1340</strong><br />(+21 for winning)
|l|☆18forgreen2024
|player|p1|
|c|☆magistermilitum420|gg
