|html|<div class="broadcast-blue"><strong>[Gen 9] OU is currently suspecting Tera Blast! For information on how to participate check out the <a href="https://www.smogon.com/tools/suspects/view/200">suspect thread</a>.</strong></div>
|j|☆brysn2pluto
|j|☆zewenshifu
|t:|1776061677
|gametype|singles
|player|p1|brysn2pluto|266|1211
|player|p2|zewenshifu|pokemonrangerf|1143
|gen|9
|tier|[Gen 9] OU
|rated|
|rule|HP Percentage Mod: HP is shown in percentages
|rule|Endless Battle Clause: Forcing endless battles is banned
|rule|Species Clause: Limit one of each Pokémon
|rule|OHKO Clause: OHKO moves are banned
|rule|Evasion Items Clause: Evasion items are banned
|rule|Evasion Moves Clause: Evasion moves are banned
|rule|Evasion Abilities Clause: Evasion abilities are banned
|rule|Sleep Moves Clause: Sleep-inducing moves are banned
|clearpoke
|poke|p1|Sceptile, F|
|poke|p1|Great Tusk|
|poke|p1|Samurott-Hisui, M|
|poke|p1|Primarina, F|
|poke|p1|Dragonite, M|
|poke|p1|Gholdengo|
|poke|p2|Mew|
|poke|p2|Great Tusk|
|poke|p2|Kingambit, M|
|poke|p2|Dragapult, F|
|poke|p2|Iron Valiant|
|poke|p2|Rotom-Wash|
|teampreview
|
|t:|1776061684
|teamsize|p1|6
|teamsize|p2|6
|start
|switch|p1a: Samurott|Samurott-Hisui, M|100/100
|switch|p2a: Mew|Mew|100/100
|turn|1
|
|t:|1776061701
|switch|p2a: Iron Valiant|Iron Valiant|100/100
|move|p1a: Samurott|Ceaseless Edge|p2a: Iron Valiant
|-resisted|p2a: Iron Valiant
|-damage|p2a: Iron Valiant|86/100
|-sidestart|p2: zewenshifu|Spikes
|
|upkeep
|turn|2
|
|t:|1776061721
|switch|p1a: Gholdengo|Gholdengo|100/100
|-item|p1a: Gholdengo|Air Balloon
|move|p2a: Iron Valiant|Close Combat|p1a: Gholdengo
|-immune|p1a: Gholdengo
|
|upkeep
|turn|3
|
|t:|1776061744
|-end|p2a: Iron Valiant|Quark Drive|[silent]
|switch|p2a: Kingambit|Kingambit, M|100/100
|-damage|p2a: Kingambit|88/100|[from] Spikes
|move|p1a: Gholdengo|Dazzling Gleam|p2a: Kingambit
|-damage|p2a: Kingambit|54/100
|
|upkeep
|turn|4
|
|t:|1776061757
|switch|p1a: Great Tusk|Great Tusk|100/100
|move|p2a: Kingambit|Kowtow Cleave|p1a: Great Tusk
|-resisted|p1a: Great Tusk
|-damage|p1a: Great Tusk|78/100
|
|upkeep
|turn|5
|
|t:|1776061770
|-end|p2a: Kingambit|fallenundefined|[silent]
|switch|p2a: Rotom|Rotom-Wash|100/100
|move|p1a: Great Tusk|Headlong Rush|p2a: Rotom
|-immune|p2a: Rotom|[from] ability: Levitate
|
|upkeep
|turn|6
|
|t:|1776061781
|move|p1a: Great Tusk|Play Rough|p2a: Rotom
|-damage|p2a: Rotom|67/100
|-unboost|p2a: Rotom|atk|1
|-damage|p1a: Great Tusk|68/100|[from] item: Life Orb
|move|p2a: Rotom|Hydro Pump|p1a: Great Tusk
|-supereffective|p1a: Great Tusk
|-crit|p1a: Great Tusk
|-damage|p1a: Great Tusk|0 fnt
|faint|p1a: Great Tusk
|-end|p1a: Great Tusk|Protosynthesis|[silent]
|
|-heal|p2a: Rotom|74/100|[from] item: Leftovers
|upkeep
|
|t:|1776061793
|switch|p1a: Dragonite|Dragonite, M|100/100
|turn|7
|
|t:|1776061796
|move|p2a: Rotom|Will-O-Wisp|p1a: Dragonite
|-status|p1a: Dragonite|brn
|move|p1a: Dragonite|Dragon Claw|p2a: Rotom
|-damage|p2a: Rotom|54/100
|
|-heal|p2a: Rotom|61/100|[from] item: Leftovers
|-damage|p1a: Dragonite|94/100 brn|[from] brn
|upkeep
|turn|8
|
|t:|1776061805
|switch|p1a: Primarina|Primarina, F|100/100
|move|p2a: Rotom|Pain Split|p1a: Primarina
|-sethp|p1a: Primarina|75/100|[from] move: Pain Split|[silent]
|-sethp|p2a: Rotom|90/100|[from] move: Pain Split
|
|-heal|p2a: Rotom|97/100|[from] item: Leftovers
|upkeep
|turn|9
|l|☆zewenshifu
|player|p2|
|j|☆zewenshifu
|player|p2|zewenshifu|pokemonrangerf|
|
|t:|1776061847
|move|p2a: Rotom|Volt Switch|p1a: Primarina
|-supereffective|p1a: Primarina
|-damage|p1a: Primarina|46/100
|
|t:|1776061853
|switch|p2a: Mew|Mew|100/100|[from] Volt Switch
|move|p1a: Primarina|Moonblast|p2a: Mew
|-damage|p2a: Mew|57/100
|
|upkeep
|turn|10
|
|t:|1776061862
|move|p2a: Mew|Will-O-Wisp|p1a: Primarina
|-status|p1a: Primarina|brn
|move|p1a: Primarina|Alluring Voice|p2a: Mew
|-damage|p2a: Mew|17/100
|
|-damage|p1a: Primarina|40/100 brn|[from] brn
|upkeep
|turn|11
|
|t:|1776061873
|move|p2a: Mew|Psychic Noise|p1a: Primarina
|-damage|p1a: Primarina|26/100 brn
|-start|p1a: Primarina|move: Heal Block
|move|p1a: Primarina|Alluring Voice|p2a: Mew
|-damage|p2a: Mew|0 fnt
|faint|p2a: Mew
|
|-damage|p1a: Primarina|20/100 brn|[from] brn
|upkeep
|
|t:|1776061895
|switch|p2a: Dragapult|Dragapult, F|100/100
|-damage|p2a: Dragapult|88/100|[from] Spikes
|turn|12
|
|t:|1776061904
|move|p2a: Dragapult|Shadow Ball|p1a: Primarina
|-damage|p1a: Primarina|0 fnt
|faint|p1a: Primarina
|
|upkeep
|
|t:|1776061910
|switch|p1a: Samurott|Samurott-Hisui, M|100/100
|turn|13
|
|t:|1776061916
|switch|p2a: Rotom|Rotom-Wash|97/100
|move|p1a: Samurott|Sacred Sword|p2a: Rotom
|-damage|p2a: Rotom|64/100
|
|-heal|p2a: Rotom|70/100|[from] item: Leftovers
|upkeep
|turn|14
|
|t:|1776061930
|move|p1a: Samurott|Sacred Sword|p2a: Rotom
|-damage|p2a: Rotom|36/100
|move|p2a: Rotom|Will-O-Wisp|p1a: Samurott
|-status|p1a: Samurott|brn
|
|-heal|p2a: Rotom|42/100|[from] item: Leftovers
|-damage|p1a: Samurott|94/100 brn|[from] brn
|upkeep
|turn|15
|
|t:|1776061938
|move|p1a: Samurott|Sacred Sword|p2a: Rotom
|-damage|p2a: Rotom|24/100
|move|p2a: Rotom|Pain Split|p1a: Samurott
|-sethp|p1a: Samurott|58/100 brn|[from] move: Pain Split|[silent]
|-sethp|p2a: Rotom|62/100|[from] move: Pain Split
|
|-heal|p2a: Rotom|68/100|[from] item: Leftovers
|-damage|p1a: Samurott|52/100 brn|[from] brn
|upkeep
|turn|16
|
|t:|1776061947
|switch|p1a: Sceptile|Sceptile, F|100/100
|move|p2a: Rotom|Pain Split|p1a: Sceptile
|-sethp|p1a: Sceptile|87/100|[from] move: Pain Split|[silent]
|-sethp|p2a: Rotom|80/100|[from] move: Pain Split
|
|-heal|p2a: Rotom|87/100|[from] item: Leftovers
|upkeep
|turn|17
|
|t:|1776061960
|switch|p2a: Dragapult|Dragapult, F|88/100
|-damage|p2a: Dragapult|76/100|[from] Spikes
|move|p1a: Sceptile|Energy Ball|p2a: Dragapult
|-resisted|p2a: Dragapult
|-damage|p2a: Dragapult|45/100
|-unboost|p2a: Dragapult|spd|1
|
|upkeep
|turn|18
|
|t:|1776061980
|move|p2a: Dragapult|Flamethrower|p1a: Sceptile
|-supereffective|p1a: Sceptile
|-damage|p1a: Sceptile|0 fnt
|faint|p1a: Sceptile
|
|upkeep
|
|t:|1776061984
|switch|p1a: Dragonite|Dragonite, M|94/100 brn
|turn|19
|
|t:|1776061988
|switch|p2a: Rotom|Rotom-Wash|87/100
|move|p1a: Dragonite|Earthquake|p2a: Rotom
|-immune|p2a: Rotom|[from] ability: Levitate
|
|-heal|p2a: Rotom|93/100|[from] item: Leftovers
|-damage|p1a: Dragonite|88/100 brn|[from] brn
|upkeep
|turn|20
|
|t:|1776061998
|switch|p1a: Gholdengo|Gholdengo|100/100
|-item|p1a: Gholdengo|Air Balloon
|move|p2a: Rotom|Hydro Pump|p1a: Gholdengo
|-damage|p1a: Gholdengo|53/100
|-enditem|p1a: Gholdengo|Air Balloon
|
|-heal|p2a: Rotom|99/100|[from] item: Leftovers
|upkeep
|turn|21
|
|t:|1776062010
|move|p1a: Gholdengo|Shadow Ball|p2a: Rotom
|-damage|p2a: Rotom|57/100
|move|p2a: Rotom|Will-O-Wisp|p1a: Gholdengo
|-immune|p1a: Gholdengo|[from] ability: Good as Gold
|
|-heal|p2a: Rotom|63/100|[from] item: Leftovers
|upkeep
|turn|22
|
|t:|1776062018
|move|p1a: Gholdengo|Shadow Ball|p2a: Rotom
|-damage|p2a: Rotom|18/100
|move|p2a: Rotom|Hydro Pump|p1a: Gholdengo
|-damage|p1a: Gholdengo|7/100
|
|-heal|p2a: Rotom|24/100|[from] item: Leftovers
|upkeep
|turn|23
|
|t:|1776062026
|switch|p2a: Kingambit|Kingambit, M|54/100
|-damage|p2a: Kingambit|41/100|[from] Spikes
|-activate|p2a: Kingambit|ability: Supreme Overlord
|-start|p2a: Kingambit|fallen1|[silent]
|move|p1a: Gholdengo|Shadow Ball|p2a: Kingambit
|-resisted|p2a: Kingambit
|-damage|p2a: Kingambit|17/100
|
|upkeep
|turn|24
|
|t:|1776062035
|switch|p1a: Dragonite|Dragonite, M|88/100 brn
|move|p2a: Kingambit|Sucker Punch||[still]
|-fail|p2a: Kingambit
|
|-damage|p1a: Dragonite|82/100 brn|[from] brn
|upkeep
|turn|25
|
|t:|1776062045
|-end|p2a: Kingambit|fallen1|[silent]
|switch|p2a: Great Tusk|Great Tusk|100/100
|-damage|p2a: Great Tusk|88/100|[from] Spikes
|move|p1a: Dragonite|Dragon Claw|p2a: Great Tusk
|-damage|p2a: Great Tusk|77/100
|
|-heal|p2a: Great Tusk|83/100|[from] item: Leftovers
|-damage|p1a: Dragonite|76/100 brn|[from] brn
|upkeep
|turn|26
|
|t:|1776062056
|move|p2a: Great Tusk|Knock Off|p1a: Dragonite
|-damage|p1a: Dragonite|48/100 brn
|-enditem|p1a: Dragonite|Sitrus Berry|[from] move: Knock Off|[of] p2a: Great Tusk
|move|p1a: Dragonite|Earthquake|p2a: Great Tusk
|-damage|p2a: Great Tusk|74/100
|
|-heal|p2a: Great Tusk|80/100|[from] item: Leftovers
|-damage|p1a: Dragonite|42/100 brn|[from] brn
|upkeep
|turn|27
|
|t:|1776062064
|move|p1a: Dragonite|Extreme Speed|p2a: Great Tusk
|-damage|p2a: Great Tusk|73/100
|move|p2a: Great Tusk|Stealth Rock|p1a: Dragonite
|-sidestart|p1: brysn2pluto|move: Stealth Rock
|
|-heal|p2a: Great Tusk|79/100|[from] item: Leftovers
|-damage|p1a: Dragonite|35/100 brn|[from] brn
|upkeep
|turn|28
|
|t:|1776062072
|move|p2a: Great Tusk|Rapid Spin|p1a: Dragonite
|-damage|p1a: Dragonite|21/100 brn
|-boost|p2a: Great Tusk|spe|1
|-sideend|p2: zewenshifu|Spikes|[from] move: Rapid Spin|[of] p2a: Great Tusk
|move|p1a: Dragonite|Dragon Claw|p2a: Great Tusk
|-damage|p2a: Great Tusk|69/100
|
|-heal|p2a: Great Tusk|75/100|[from] item: Leftovers
|-damage|p1a: Dragonite|15/100 brn|[from] brn
|upkeep
|turn|29
|
|t:|1776062086
|move|p2a: Great Tusk|Rapid Spin|p1a: Dragonite
|-damage|p1a: Dragonite|2/100 brn
|-boost|p2a: Great Tusk|spe|1
|move|p1a: Dragonite|Dragon Claw|p2a: Great Tusk
|-damage|p2a: Great Tusk|65/100
|
|-heal|p2a: Great Tusk|71/100|[from] item: Leftovers
|-damage|p1a: Dragonite|0 fnt|[from] brn
|faint|p1a: Dragonite
|upkeep
|
|t:|1776062088
|switch|p1a: Samurott|Samurott-Hisui, M|52/100 brn
|-damage|p1a: Samurott|40/100 brn|[from] Stealth Rock
|turn|30
|
|t:|1776062109
|move|p1a: Samurott|Aqua Cutter|p2a: Great Tusk
|-supereffective|p2a: Great Tusk
|-damage|p2a: Great Tusk|49/100
|move|p2a: Great Tusk|Knock Off|p1a: Samurott
|-resisted|p1a: Samurott
|-damage|p1a: Samurott|22/100 brn
|-enditem|p1a: Samurott|Choice Scarf|[from] move: Knock Off|[of] p2a: Great Tusk
|
|-heal|p2a: Great Tusk|56/100|[from] item: Leftovers
|-damage|p1a: Samurott|16/100 brn|[from] brn
|upkeep
|turn|31
|
|t:|1776062118
|move|p2a: Great Tusk|Headlong Rush|p1a: Samurott
|-damage|p1a: Samurott|0 fnt
|-unboost|p2a: Great Tusk|def|1
|-unboost|p2a: Great Tusk|spd|1
|faint|p1a: Samurott
|
|-heal|p2a: Great Tusk|62/100|[from] item: Leftovers
|upkeep
|
|t:|1776062120
|switch|p1a: Gholdengo|Gholdengo|7/100
|-damage|p1a: Gholdengo|1/100|[from] Stealth Rock
|turn|32
|
|t:|1776062127
|move|p2a: Great Tusk|Headlong Rush|p1a: Gholdengo
|-supereffective|p1a: Gholdengo
|-damage|p1a: Gholdengo|0 fnt
|-unboost|p2a: Great Tusk|def|1
|-unboost|p2a: Great Tusk|spd|1
|faint|p1a: Gholdengo
|
|win|zewenshifu
|raw|brysn2pluto's rating: 1211 &rarr; <strong>1181</strong><br />(-30 for losing)
|raw|zewenshifu's rating: 1143 &rarr; <strong>1173</strong><br />(+30 for winning)
|l|☆zewenshifu
|player|p2|
|l|☆brysn2pluto
|player|p1|
