|html|<div class="broadcast-blue"><strong>[Gen 9] OU is currently suspecting Tera Blast! For information on how to participate check out the <a href="https://www.smogon.com/tools/suspects/view/200">suspect thread</a>.</strong></div>
|j|☆koreanbreakfast
|j|☆GogginsAad
|t:|1776048464
|gametype|singles
|player|p1|koreanbreakfast|wallace|1338
|player|p2|GogginsAad|red|1335
|gen|9
|tier|[Gen 9] OU
|rated|
|rule|HP Percentage Mod: HP is shown in percentages
|rule|Endless Battle Clause: Forcing endless battles is banned
|rule|Species Clause: Limit one of each Pokémon
|rule|OHKO Clause: OHKO moves are banned
|rule|Evasion Items Clause: Evasion items are banned
|rule|Evasion Moves Clause: Evasion moves are banned
|rule|Evasion Abilities Clause: Evasion abilities are banned
|rule|Sleep Moves Clause: Sleep-inducing moves are banned
|clearpoke
|poke|p1|Primarina, M|
|poke|p1|Great Tusk|
|poke|p1|Kingambit, M|
|poke|p1|Slowking-Galar, M|
|poke|p1|Ogerpon, F|
|poke|p1|Enamorus, F|
|poke|p2|Kingambit, M|
|poke|p2|Keldeo-Resolute|
|poke|p2|Cinderace, F|
|poke|p2|Grimmsnarl, M|
|poke|p2|Rillaboom, M|
|poke|p2|Metagross|
|teampreview
|inactive|Battle timer is ON: inactive players will automatically lose when time's up. (requested by GogginsAad)
|
|t:|1776048481
|teamsize|p1|6
|teamsize|p2|6
|start
|switch|p1a: Kingambit|Kingambit, M, shiny|100/100
|switch|p2a: Grimmsnarl|Grimmsnarl, M, shiny|100/100
|turn|1
|
|t:|1776048485
|move|p2a: Grimmsnarl|Reflect|p2a: Grimmsnarl
|-sidestart|p2: GogginsAad|Reflect
|move|p1a: Kingambit|Iron Head|p2a: Grimmsnarl
|-supereffective|p2a: Grimmsnarl
|-damage|p2a: Grimmsnarl|45/100
|
|upkeep
|turn|2
|
|t:|1776048488
|move|p2a: Grimmsnarl|Light Screen|p2a: Grimmsnarl
|-sidestart|p2: GogginsAad|move: Light Screen
|move|p1a: Kingambit|Iron Head|p2a: Grimmsnarl
|-supereffective|p2a: Grimmsnarl
|-damage|p2a: Grimmsnarl|0 fnt
|faint|p2a: Grimmsnarl
|
|upkeep
|
|t:|1776048491
|switch|p2a: Metagross|Metagross, shiny|100/100
|turn|3
|
|t:|1776048498
|move|p2a: Metagross|Agility|p2a: Metagross
|-boost|p2a: Metagross|spe|2
|move|p1a: Kingambit|Swords Dance|p1a: Kingambit
|-boost|p1a: Kingambit|atk|2
|
|upkeep
|turn|4
|
|t:|1776048501
|move|p2a: Metagross|Earthquake|p1a: Kingambit
|-supereffective|p1a: Kingambit
|-damage|p1a: Kingambit|42/100
|move|p1a: Kingambit|Kowtow Cleave|p2a: Metagross
|-supereffective|p2a: Metagross
|-damage|p2a: Metagross|4/100
|-enditem|p2a: Metagross|Weakness Policy
|-boost|p2a: Metagross|atk|2|[from] item: Weakness Policy
|-boost|p2a: Metagross|spa|2|[from] item: Weakness Policy
|
|-heal|p1a: Kingambit|49/100|[from] item: Leftovers
|upkeep
|turn|5
|
|t:|1776048505
|move|p1a: Kingambit|Sucker Punch|p2a: Metagross
|-supereffective|p2a: Metagross
|-damage|p2a: Metagross|0 fnt
|faint|p2a: Metagross
|
|-heal|p1a: Kingambit|55/100|[from] item: Leftovers
|upkeep
|
|t:|1776048508
|switch|p2a: Cinderace|Cinderace, F, shiny|100/100
|turn|6
|
|t:|1776048521
|move|p1a: Kingambit|Sucker Punch|p2a: Cinderace
|-damage|p2a: Cinderace|38/100
|move|p2a: Cinderace|Pyro Ball|p1a: Kingambit
|-supereffective|p1a: Kingambit
|-damage|p1a: Kingambit|0 fnt
|faint|p1a: Kingambit
|-end|p1a: Kingambit|fallenundefined|[silent]
|
|upkeep
|
|t:|1776048532
|switch|p1a: Enamorus|Enamorus, F, shiny|100/100
|turn|7
|
|t:|1776048537
|move|p1a: Enamorus|Earth Power|p2a: Cinderace
|-supereffective|p2a: Cinderace
|-damage|p2a: Cinderace|0 fnt
|faint|p2a: Cinderace
|
|upkeep
|
|t:|1776048546
|switch|p2a: Keldeo|Keldeo-Resolute|100/100
|turn|8
|
|t:|1776048549
|switch|p1a: Slowking|Slowking-Galar, M, shiny|100/100
|move|p2a: Keldeo|Hydro Pump|p1a: Slowking
|-damage|p1a: Slowking|71/100
|
|-sideend|p2: GogginsAad|Reflect
|upkeep
|turn|9
|
|t:|1776048555
|move|p2a: Keldeo|Calm Mind|p2a: Keldeo
|-boost|p2a: Keldeo|spa|1
|-boost|p2a: Keldeo|spd|1
|move|p1a: Slowking|Psychic Noise|p2a: Keldeo
|-supereffective|p2a: Keldeo
|-damage|p2a: Keldeo|80/100
|-start|p2a: Keldeo|move: Heal Block
|
|-sideend|p2: GogginsAad|move: Light Screen
|upkeep
|turn|10
|
|t:|1776048559
|move|p2a: Keldeo|Calm Mind|p2a: Keldeo
|-boost|p2a: Keldeo|spa|1
|-boost|p2a: Keldeo|spd|1
|move|p1a: Slowking|Psychic Noise|p2a: Keldeo
|-supereffective|p2a: Keldeo
|-damage|p2a: Keldeo|46/100
|
|-end|p2a: Keldeo|move: Heal Block
|upkeep
|turn|11
|
|t:|1776048561
|move|p2a: Keldeo|Hydro Pump|p1a: Slowking
|-damage|p1a: Slowking|6/100
|move|p1a: Slowking|Psychic Noise|p2a: Keldeo
|-supereffective|p2a: Keldeo
|-damage|p2a: Keldeo|12/100
|-start|p2a: Keldeo|move: Heal Block
|
|upkeep
|turn|12
|
|t:|1776048564
|move|p2a: Keldeo|Hydro Pump|p1a: Slowking
|-damage|p1a: Slowking|0 fnt
|faint|p1a: Slowking
|
|-end|p2a: Keldeo|move: Heal Block
|upkeep
|
|t:|1776048578
|switch|p1a: Enamorus|Enamorus, F, shiny|100/100
|turn|13
|
|t:|1776048583
|move|p1a: Enamorus|Moonblast|p2a: Keldeo
|-supereffective|p2a: Keldeo
|-damage|p2a: Keldeo|0 fnt
|faint|p2a: Keldeo
|
|upkeep
|
|t:|1776048586
|switch|p2a: Rillaboom|Rillaboom, M, shiny|100/100
|-fieldstart|move: Grassy Terrain|[from] ability: Grassy Surge|[of] p2a: Rillaboom
|turn|14
|
|t:|1776048591
|move|p1a: Enamorus|Moonblast|p2a: Rillaboom
|-damage|p2a: Rillaboom|30/100
|move|p2a: Rillaboom|Wood Hammer|p1a: Enamorus
|-resisted|p1a: Enamorus
|-damage|p1a: Enamorus|4/100
|-damage|p2a: Rillaboom|3/100|[from] Recoil
|
|-heal|p2a: Rillaboom|9/100|[from] Grassy Terrain
|upkeep
|turn|15
|
|t:|1776048596
|move|p1a: Enamorus|Moonblast|p2a: Rillaboom
|-damage|p2a: Rillaboom|0 fnt
|faint|p2a: Rillaboom
|
|upkeep
|
|t:|1776048598
|switch|p2a: Kingambit|Kingambit, M, shiny|100/100
|-activate|p2a: Kingambit|ability: Supreme Overlord
|-start|p2a: Kingambit|fallen5|[silent]
|turn|16
|
|t:|1776048609
|move|p1a: Enamorus|Moonblast|p2a: Kingambit
|-damage|p2a: Kingambit|42/100
|move|p2a: Kingambit|Swords Dance|p2a: Kingambit
|-boost|p2a: Kingambit|atk|2
|
|-heal|p2a: Kingambit|48/100|[from] Grassy Terrain
|-heal|p2a: Kingambit|54/100|[from] item: Leftovers
|upkeep
|turn|17
|
|t:|1776048612
|move|p2a: Kingambit|Sucker Punch|p1a: Enamorus
|-resisted|p1a: Enamorus
|-damage|p1a: Enamorus|0 fnt
|faint|p1a: Enamorus
|
|-heal|p2a: Kingambit|60/100|[from] Grassy Terrain
|-heal|p2a: Kingambit|67/100|[from] item: Leftovers
|upkeep
|
|t:|1776048616
|switch|p1a: Great Tusk|Great Tusk, shiny|100/100
|turn|18
|
|t:|1776048621
|-terastallize|p2a: Kingambit|Ghost
|move|p1a: Great Tusk|Headlong Rush|p2a: Kingambit
|-damage|p2a: Kingambit|23/100
|-unboost|p1a: Great Tusk|def|1
|-unboost|p1a: Great Tusk|spd|1
|move|p2a: Kingambit|Iron Head|p1a: Great Tusk
|-damage|p1a: Great Tusk|0 fnt
|-damage|p2a: Kingambit|7/100|[from] item: Rocky Helmet|[of] p1a: Great Tusk
|faint|p1a: Great Tusk
|-end|p1a: Great Tusk|Protosynthesis|[silent]
|
|-heal|p2a: Kingambit|13/100|[from] Grassy Terrain
|-heal|p2a: Kingambit|19/100|[from] item: Leftovers
|-fieldend|move: Grassy Terrain
|upkeep
|
|t:|1776048625
|switch|p1a: Primarina|Primarina, M, shiny|100/100
|turn|19
|
|t:|1776048631
|move|p2a: Kingambit|Sucker Punch|p1a: Primarina
|-resisted|p1a: Primarina
|-damage|p1a: Primarina|9/100
|move|p1a: Primarina|Moonblast|p2a: Kingambit
|-damage|p2a: Kingambit|0 fnt
|faint|p2a: Kingambit
|-end|p2a: Kingambit|fallen5|[silent]
|
|win|koreanbreakfast
|raw|koreanbreakfast's rating: 1338 &rarr; <strong>1358</strong><br />(+20 for winning)
|raw|GogginsAad's rating: 1335 &rarr; <strong>1315</strong><br />(-20 for losing)
|l|☆GogginsAad
|player|p2|
