|html|<div class="broadcast-blue"><strong>[Gen 9] OU is currently suspecting Tera Blast! For information on how to participate check out the <a href="https://www.smogon.com/tools/suspects/view/200">suspect thread</a>.</strong></div>
|j|☆idktbhatthispoint
|j|☆NaCl fish
|t:|1776083039
|gametype|singles
|player|p1|idktbhatthispoint|waiter-gen4dp|1083
|player|p2|NaCl fish|irida|1150
|gen|9
|tier|[Gen 9] OU
|rated|
|rule|HP Percentage Mod: HP is shown in percentages
|rule|Endless Battle Clause: Forcing endless battles is banned
|rule|Species Clause: Limit one of each Pokémon
|rule|OHKO Clause: OHKO moves are banned
|rule|Evasion Items Clause: Evasion items are banned
|rule|Evasion Moves Clause: Evasion moves are banned
|rule|Evasion Abilities Clause: Evasion abilities are banned
|rule|Sleep Moves Clause: Sleep-inducing moves are banned
|clearpoke
|poke|p1|Regice|
|poke|p1|Regirock|
|poke|p1|Regigigas|
|poke|p1|Registeel|
|poke|p1|Latias, F|
|poke|p1|Latios, M|
|poke|p2|Torkoal, F|
|poke|p2|Ogerpon-Wellspring, F|
|poke|p2|Walking Wake|
|poke|p2|Gliscor, M|
|poke|p2|Raging Bolt|
|poke|p2|Toxapex, M|
|teampreview
|inactive|Battle timer is ON: inactive players will automatically lose when time's up. (requested by NaCl fish)
|j| ohko_smeargle
|
|t:|1776083046
|teamsize|p1|6
|teamsize|p2|6
|start
|switch|p1a: Regirock|Regirock|100/100
|switch|p2a: Gliscor|Gliscor, M|100/100
|turn|1
|
|t:|1776083050
|move|p2a: Gliscor|Knock Off|p1a: Regirock
|-damage|p1a: Regirock|91/100
|-damage|p2a: Gliscor|84/100|[from] item: Rocky Helmet|[of] p1a: Regirock
|-enditem|p1a: Regirock|Rocky Helmet|[from] move: Knock Off|[of] p2a: Gliscor
|move|p1a: Regirock|Stealth Rock|p2a: Gliscor
|-sidestart|p2: NaCl fish|move: Stealth Rock
|
|-status|p2a: Gliscor|tox|[from] item: Toxic Orb
|upkeep
|turn|2
|
|t:|1776083056
|move|p2a: Gliscor|Protect|p2a: Gliscor
|-singleturn|p2a: Gliscor|Protect
|move|p1a: Regirock|Rock Slide|p2a: Gliscor
|-activate|p2a: Gliscor|move: Protect
|
|-heal|p2a: Gliscor|96/100 tox|[from] ability: Poison Heal
|upkeep
|turn|3
|
|t:|1776083059
|move|p2a: Gliscor|Fling|p1a: Regirock
|-damage|p1a: Regirock|88/100
|-status|p1a: Regirock|tox
|-enditem|p2a: Gliscor|Toxic Orb|[from] move: Fling
|move|p1a: Regirock|Rock Slide|p2a: Gliscor
|-damage|p2a: Gliscor|74/100 tox
|
|-heal|p2a: Gliscor|86/100 tox|[from] ability: Poison Heal
|-damage|p1a: Regirock|82/100 tox|[from] psn
|upkeep
|turn|4
|
|t:|1776083067
|switch|p2a: Ogerpon|Ogerpon-Wellspring, F|100/100
|-damage|p2a: Ogerpon|88/100|[from] Stealth Rock
|move|p1a: Regirock|Rock Slide|p2a: Ogerpon
|-damage|p2a: Ogerpon|53/100
|
|-damage|p1a: Regirock|69/100 tox|[from] psn
|upkeep
|turn|5
|
|t:|1776083082
|-terastallize|p1a: Regirock|Normal
|move|p2a: Ogerpon|Horn Leech|p1a: Regirock
|-damage|p1a: Regirock|50/100 tox
|-heal|p2a: Ogerpon|65/100|[from] drain|[of] p1a: Regirock
|move|p1a: Regirock|Explosion|p2a: Ogerpon
|-damage|p2a: Ogerpon|0 fnt
|faint|p1a: Regirock
|faint|p2a: Ogerpon
|
|upkeep
|
|t:|1776083098
|switch|p2a: Gliscor|Gliscor, M|86/100 tox
|switch|p1a: Latias|Latias, F|100/100
|-damage|p2a: Gliscor|74/100 tox|[from] Stealth Rock
|turn|6
|inactive|NaCl fish has 120 seconds left.
|inactive|NaCl fish has 90 seconds left.
|
|t:|1776083161
|switch|p1a: Regice|Regice|100/100
|move|p2a: Gliscor|Knock Off|p1a: Regice
|-damage|p1a: Regice|81/100
|-enditem|p1a: Regice|Icy Rock|[from] move: Knock Off|[of] p2a: Gliscor
|
|-heal|p2a: Gliscor|86/100 tox|[from] ability: Poison Heal
|upkeep
|turn|7
|
|t:|1776083167
|move|p2a: Gliscor|Protect|p2a: Gliscor
|-singleturn|p2a: Gliscor|Protect
|move|p1a: Regice|Snowscape|p1a: Regice
|-weather|Snowscape
|
|-weather|Snowscape|[upkeep]
|-heal|p1a: Regice|87/100|[from] ability: Ice Body
|-heal|p2a: Gliscor|99/100 tox|[from] ability: Poison Heal
|upkeep
|turn|8
|
|t:|1776083173
|switch|p2a: Torkoal|Torkoal, F|100/100
|-damage|p2a: Torkoal|75/100|[from] Stealth Rock
|-weather|SunnyDay|[from] ability: Drought|[of] p2a: Torkoal
|move|p1a: Regice|Blizzard|p2a: Torkoal|[miss]
|-miss|p1a: Regice|p2a: Torkoal
|
|-weather|SunnyDay|[upkeep]
|upkeep
|turn|9
|
|t:|1776083181
|move|p1a: Regice|Snowscape|p1a: Regice
|-weather|Snowscape
|move|p2a: Torkoal|Rapid Spin|p1a: Regice
|-damage|p1a: Regice|82/100
|-boost|p2a: Torkoal|spe|1
|-sideend|p2: NaCl fish|Stealth Rock|[from] move: Rapid Spin|[of] p2a: Torkoal
|
|-weather|Snowscape|[upkeep]
|-heal|p1a: Regice|88/100|[from] ability: Ice Body
|upkeep
|turn|10
|inactive|NaCl fish has 120 seconds left.
|
|t:|1776083192
|move|p1a: Regice|Ancient Power|p2a: Torkoal
|-supereffective|p2a: Torkoal
|-damage|p2a: Torkoal|46/100
|move|p2a: Torkoal|Will-O-Wisp|p1a: Regice
|-status|p1a: Regice|brn
|
|-weather|Snowscape|[upkeep]
|-heal|p1a: Regice|94/100 brn|[from] ability: Ice Body
|-damage|p1a: Regice|88/100 brn|[from] brn
|upkeep
|turn|11
|inactive|NaCl fish has 120 seconds left.
|
|t:|1776083197
|move|p1a: Regice|Ancient Power|p2a: Torkoal
|-supereffective|p2a: Torkoal
|-damage|p2a: Torkoal|18/100
|move|p2a: Torkoal|Stealth Rock|p1a: Regice
|-sidestart|p1: idktbhatthispoint|move: Stealth Rock
|
|-weather|Snowscape|[upkeep]
|-heal|p1a: Regice|94/100 brn|[from] ability: Ice Body
|-damage|p1a: Regice|88/100 brn|[from] brn
|upkeep
|turn|12
|
|t:|1776083201
|switch|p2a: Gliscor|Gliscor, M|99/100 tox
|move|p1a: Regice|Ancient Power|p2a: Gliscor
|-damage|p2a: Gliscor|84/100 tox
|
|-weather|Snowscape|[upkeep]
|-heal|p1a: Regice|94/100 brn|[from] ability: Ice Body
|-heal|p2a: Gliscor|97/100 tox|[from] ability: Poison Heal
|-damage|p1a: Regice|88/100 brn|[from] brn
|upkeep
|turn|13
|
|t:|1776083206
|move|p2a: Gliscor|Protect|p2a: Gliscor
|-singleturn|p2a: Gliscor|Protect
|move|p1a: Regice|Ancient Power|p2a: Gliscor
|-activate|p2a: Gliscor|move: Protect
|
|-weather|none
|-heal|p2a: Gliscor|100/100 tox|[from] ability: Poison Heal
|-damage|p1a: Regice|82/100 brn|[from] brn
|upkeep
|turn|14
|
|t:|1776083214
|move|p2a: Gliscor|Acrobatics|p1a: Regice
|-damage|p1a: Regice|47/100 brn
|move|p1a: Regice|Snowscape|p1a: Regice
|-weather|Snowscape
|
|-weather|Snowscape|[upkeep]
|-heal|p1a: Regice|53/100 brn|[from] ability: Ice Body
|-damage|p1a: Regice|47/100 brn|[from] brn
|upkeep
|turn|15
|
|t:|1776083219
|move|p2a: Gliscor|Acrobatics|p1a: Regice
|-damage|p1a: Regice|24/100 brn
|move|p1a: Regice|Blizzard|p2a: Gliscor
|-supereffective|p2a: Gliscor
|-damage|p2a: Gliscor|0 fnt
|faint|p2a: Gliscor
|
|-weather|Snowscape|[upkeep]
|-heal|p1a: Regice|30/100 brn|[from] ability: Ice Body
|-damage|p1a: Regice|24/100 brn|[from] brn
|upkeep
|
|t:|1776083224
|switch|p2a: Raging Bolt|Raging Bolt|100/100
|turn|16
|
|t:|1776083227
|move|p2a: Raging Bolt|Calm Mind|p2a: Raging Bolt
|-boost|p2a: Raging Bolt|spa|1
|-boost|p2a: Raging Bolt|spd|1
|move|p1a: Regice|Blizzard|p2a: Raging Bolt
|-supereffective|p2a: Raging Bolt
|-damage|p2a: Raging Bolt|47/100
|
|-weather|Snowscape|[upkeep]
|-heal|p1a: Regice|30/100 brn|[from] ability: Ice Body
|-heal|p2a: Raging Bolt|53/100|[from] item: Leftovers
|-damage|p1a: Regice|24/100 brn|[from] brn
|upkeep
|turn|17
|inactive|NaCl fish has 120 seconds left.
|
|t:|1776083257
|move|p2a: Raging Bolt|Thunderbolt|p1a: Regice
|-damage|p1a: Regice|0 fnt
|faint|p1a: Regice
|
|-weather|Snowscape|[upkeep]
|-heal|p2a: Raging Bolt|59/100|[from] item: Leftovers
|upkeep
|
|t:|1776083266
|switch|p1a: Registeel|Registeel|100/100
|-damage|p1a: Registeel|95/100|[from] Stealth Rock
|turn|18
|
|t:|1776083271
|move|p2a: Raging Bolt|Thunderbolt|p1a: Registeel
|-damage|p1a: Registeel|39/100
|move|p1a: Registeel|Body Press|p2a: Raging Bolt
|-damage|p2a: Raging Bolt|31/100
|
|-weather|none
|-heal|p2a: Raging Bolt|37/100|[from] item: Leftovers
|-heal|p1a: Registeel|45/100|[from] item: Leftovers
|upkeep
|turn|19
|
|t:|1776083278
|move|p2a: Raging Bolt|Thunderbolt|p1a: Registeel
|-damage|p1a: Registeel|0 fnt
|faint|p1a: Registeel
|
|-heal|p2a: Raging Bolt|43/100|[from] item: Leftovers
|upkeep
|
|t:|1776083280
|switch|p1a: Regigigas|Regigigas, shiny|100/100
|-damage|p1a: Regigigas|88/100|[from] Stealth Rock
|-start|p1a: Regigigas|ability: Slow Start
|turn|20
|
|t:|1776083285
|move|p2a: Raging Bolt|Thunderbolt|p1a: Regigigas
|-damage|p1a: Regigigas|33/100
|move|p1a: Regigigas|Facade|p2a: Raging Bolt
|-damage|p2a: Raging Bolt|27/100
|
|-heal|p2a: Raging Bolt|34/100|[from] item: Leftovers
|-heal|p1a: Regigigas|39/100|[from] item: Leftovers
|upkeep
|turn|21
|
|t:|1776083294
|move|p1a: Regigigas|Protect|p1a: Regigigas
|-singleturn|p1a: Regigigas|Protect
|move|p2a: Raging Bolt|Thunderbolt|p1a: Regigigas
|-activate|p1a: Regigigas|move: Protect
|
|-heal|p2a: Raging Bolt|40/100|[from] item: Leftovers
|-heal|p1a: Regigigas|45/100|[from] item: Leftovers
|upkeep
|turn|22
|
|t:|1776083297
|move|p2a: Raging Bolt|Thunderbolt|p1a: Regigigas
|-damage|p1a: Regigigas|0 fnt
|faint|p1a: Regigigas
|-end|p1a: Regigigas|Slow Start|[silent]
|
|-heal|p2a: Raging Bolt|46/100|[from] item: Leftovers
|upkeep
|
|t:|1776083299
|switch|p1a: Latios|Latios, M|100/100
|-damage|p1a: Latios|88/100|[from] Stealth Rock
|turn|23
|
|t:|1776083302
|-terastallize|p2a: Raging Bolt|Fairy
|move|p1a: Latios|Dragon Pulse|p2a: Raging Bolt
|-immune|p2a: Raging Bolt
|move|p2a: Raging Bolt|Dragon Pulse|p1a: Latios
|-supereffective|p1a: Latios
|-damage|p1a: Latios|0 fnt
|faint|p1a: Latios
|
|-heal|p2a: Raging Bolt|52/100|[from] item: Leftovers
|upkeep
|-message|idktbhatthispoint forfeited.
|
|win|NaCl fish
|raw|idktbhatthispoint's rating: 1083 &rarr; <strong>1065</strong><br />(-18 for losing)
|raw|NaCl fish's rating: 1150 &rarr; <strong>1170</strong><br />(+20 for winning)
|l|☆idktbhatthispoint
|player|p1|
|l| ohko_smeargle
|l|☆NaCl fish
|player|p2|
