|html|<div class="broadcast-blue"><strong>[Gen 9] OU is currently suspecting Tera Blast! For information on how to participate check out the <a href="https://www.smogon.com/tools/suspects/view/200">suspect thread</a>.</strong></div>
|j|☆Xsrerr
|j|☆Kirby_3134
|t:|1776038185
|gametype|singles
|player|p1|Xsrerr|265|1182
|player|p2|Kirby_3134|blackbelt-gen4dp|1169
|gen|9
|tier|[Gen 9] OU
|rated|
|rule|HP Percentage Mod: HP is shown in percentages
|rule|Endless Battle Clause: Forcing endless battles is banned
|rule|Species Clause: Limit one of each Pokémon
|rule|OHKO Clause: OHKO moves are banned
|rule|Evasion Items Clause: Evasion items are banned
|rule|Evasion Moves Clause: Evasion moves are banned
|rule|Evasion Abilities Clause: Evasion abilities are banned
|rule|Sleep Moves Clause: Sleep-inducing moves are banned
|clearpoke
|poke|p1|Grimmsnarl, M|
|poke|p1|Polteageist|
|poke|p1|Salamence, M|
|poke|p1|Ursaluna, F|
|poke|p1|Garganacl, M|
|poke|p1|Corviknight, M|
|poke|p2|Gyarados, F|
|poke|p2|Hawlucha, M|
|poke|p2|Rillaboom, M|
|poke|p2|Landorus-Therian, M|
|poke|p2|Dondozo, F|
|poke|p2|Ambipom, F|
|teampreview
|inactive|Battle timer is ON: inactive players will automatically lose when time's up. (requested by Xsrerr)
|
|t:|1776038191
|teamsize|p1|6
|teamsize|p2|6
|start
|switch|p1a: Polteageist|Polteageist|100/100
|switch|p2a: Gyarados|Gyarados, F|100/100
|turn|1
|
|t:|1776038198
|move|p2a: Gyarados|Dragon Dance|p2a: Gyarados
|-boost|p2a: Gyarados|atk|1
|-boost|p2a: Gyarados|spe|1
|move|p1a: Polteageist|Shell Smash|p1a: Polteageist
|-unboost|p1a: Polteageist|def|1
|-unboost|p1a: Polteageist|spd|1
|-boost|p1a: Polteageist|atk|2
|-boost|p1a: Polteageist|spa|2
|-boost|p1a: Polteageist|spe|2
|
|upkeep
|turn|2
|
|t:|1776038214
|move|p1a: Polteageist|Stored Power|p2a: Gyarados
|-damage|p2a: Gyarados|0 fnt
|faint|p2a: Gyarados
|
|upkeep
|
|t:|1776038220
|switch|p2a: Rillaboom|Rillaboom, M|100/100
|-fieldstart|move: Grassy Terrain|[from] ability: Grassy Surge|[of] p2a: Rillaboom
|turn|3
|
|t:|1776038234
|move|p2a: Rillaboom|Grassy Glide|p1a: Polteageist
|-enditem|p1a: Polteageist|Focus Sash
|-damage|p1a: Polteageist|1/100
|move|p1a: Polteageist|Stored Power|p2a: Rillaboom
|-damage|p2a: Rillaboom|0 fnt
|faint|p2a: Rillaboom
|
|-heal|p1a: Polteageist|7/100|[from] Grassy Terrain
|upkeep
|
|t:|1776038255
|switch|p2a: Hawlucha|Hawlucha, M|100/100
|-enditem|p2a: Hawlucha|Grassy Seed
|-boost|p2a: Hawlucha|def|1|[from] item: Grassy Seed
|turn|4
|
|t:|1776038260
|move|p2a: Hawlucha|Acrobatics|p1a: Polteageist
|-damage|p1a: Polteageist|0 fnt
|faint|p1a: Polteageist
|
|upkeep
|
|t:|1776038263
|switch|p1a: Garganacl|Garganacl, M|100/100
|turn|5
|
|t:|1776038272
|move|p2a: Hawlucha|Low Kick|p1a: Garganacl
|-supereffective|p1a: Garganacl
|-damage|p1a: Garganacl|40/100
|move|p1a: Garganacl|Salt Cure|p2a: Hawlucha
|-damage|p2a: Hawlucha|88/100
|-start|p2a: Hawlucha|Salt Cure
|
|-heal|p1a: Garganacl|46/100|[from] Grassy Terrain
|-heal|p1a: Garganacl|52/100|[from] item: Leftovers
|-damage|p2a: Hawlucha|76/100|[from] Salt Cure
|upkeep
|turn|6
|
|t:|1776038282
|move|p2a: Hawlucha|Low Kick|p1a: Garganacl
|-supereffective|p1a: Garganacl
|-damage|p1a: Garganacl|0 fnt
|faint|p1a: Garganacl
|
|-damage|p2a: Hawlucha|63/100|[from] Salt Cure
|upkeep
|
|t:|1776038287
|switch|p1a: Grimmsnarl|Grimmsnarl, M|100/100
|turn|7
|
|t:|1776038295
|move|p2a: Hawlucha|Acrobatics|p1a: Grimmsnarl
|-damage|p1a: Grimmsnarl|47/100
|move|p1a: Grimmsnarl|Play Rough|p2a: Hawlucha
|-supereffective|p2a: Hawlucha
|-damage|p2a: Hawlucha|3/100
|
|-heal|p1a: Grimmsnarl|53/100|[from] Grassy Terrain
|-damage|p2a: Hawlucha|0 fnt|[from] Salt Cure
|faint|p2a: Hawlucha
|-fieldend|move: Grassy Terrain
|upkeep
|
|t:|1776038306
|switch|p2a: Dondozo|Dondozo, F|100/100
|turn|8
|
|t:|1776038312
|move|p1a: Grimmsnarl|Thunder Wave|p2a: Dondozo
|-status|p2a: Dondozo|par
|move|p2a: Dondozo|Curse|p2a: Dondozo
|-unboost|p2a: Dondozo|spe|1
|-boost|p2a: Dondozo|atk|1
|-boost|p2a: Dondozo|def|1
|
|upkeep
|turn|9
|
|t:|1776038319
|move|p1a: Grimmsnarl|Light Screen|p1a: Grimmsnarl
|-sidestart|p1: Xsrerr|move: Light Screen
|move|p2a: Dondozo|Curse|p2a: Dondozo
|-unboost|p2a: Dondozo|spe|1
|-boost|p2a: Dondozo|atk|1
|-boost|p2a: Dondozo|def|1
|
|upkeep
|turn|10
|
|t:|1776038326
|move|p1a: Grimmsnarl|Reflect|p1a: Grimmsnarl
|-sidestart|p1: Xsrerr|Reflect
|move|p2a: Dondozo|Curse|p2a: Dondozo
|-unboost|p2a: Dondozo|spe|1
|-boost|p2a: Dondozo|atk|1
|-boost|p2a: Dondozo|def|1
|
|upkeep
|turn|11
|
|t:|1776038332
|switch|p1a: Ursaluna|Ursaluna, F|100/100
|move|p2a: Dondozo|Body Press|p1a: Ursaluna
|-supereffective|p1a: Ursaluna
|-damage|p1a: Ursaluna|47/100
|
|-status|p1a: Ursaluna|brn|[from] item: Flame Orb
|upkeep
|turn|12
|
|t:|1776038342
|move|p1a: Ursaluna|Facade|p2a: Dondozo
|-damage|p2a: Dondozo|78/100 par
|move|p2a: Dondozo|Body Press|p1a: Ursaluna
|-supereffective|p1a: Ursaluna
|-damage|p1a: Ursaluna|0 fnt
|faint|p1a: Ursaluna
|
|upkeep
|
|t:|1776038359
|switch|p1a: Salamence|Salamence, M|100/100
|turn|13
|
|t:|1776038366
|move|p1a: Salamence|Dragon Dance|p1a: Salamence
|-boost|p1a: Salamence|atk|1
|-boost|p1a: Salamence|spe|1
|move|p2a: Dondozo|Body Press|p1a: Salamence
|-resisted|p1a: Salamence
|-crit|p1a: Salamence
|-damage|p1a: Salamence|32/100
|
|upkeep
|turn|14
|
|t:|1776038373
|move|p1a: Salamence|Outrage|p2a: Dondozo
|-damage|p2a: Dondozo|64/100 par
|cant|p2a: Dondozo|par
|
|upkeep
|turn|15
|
|t:|1776038381
|move|p1a: Salamence|Outrage|p2a: Dondozo|[from] lockedmove
|-damage|p2a: Dondozo|51/100 par
|-start|p1a: Salamence|confusion|[fatigue]
|-enditem|p1a: Salamence|Lum Berry|[eat]
|-end|p1a: Salamence|confusion
|move|p2a: Dondozo|Body Press|p1a: Salamence
|-resisted|p1a: Salamence
|-damage|p1a: Salamence|8/100
|
|upkeep
|turn|16
|
|t:|1776038391
|move|p1a: Salamence|Roost|p1a: Salamence
|-heal|p1a: Salamence|59/100
|-singleturn|p1a: Salamence|move: Roost
|move|p2a: Dondozo|Rest|p2a: Dondozo
|-status|p2a: Dondozo|slp|[from] move: Rest
|-heal|p2a: Dondozo|100/100 slp|[silent]
|
|-sideend|p1: Xsrerr|move: Light Screen
|upkeep
|turn|17
|
|t:|1776038406
|move|p1a: Salamence|Dragon Dance|p1a: Salamence
|-boost|p1a: Salamence|atk|1
|-boost|p1a: Salamence|spe|1
|cant|p2a: Dondozo|slp
|move|p2a: Dondozo|Sleep Talk|p2a: Dondozo
|move|p2a: Dondozo|Body Press|p1a: Salamence|[from] move: Sleep Talk
|-resisted|p1a: Salamence
|-damage|p1a: Salamence|39/100
|
|-sideend|p1: Xsrerr|Reflect
|upkeep
|turn|18
|
|t:|1776038415
|move|p1a: Salamence|Roost|p1a: Salamence
|-heal|p1a: Salamence|89/100
|-singleturn|p1a: Salamence|move: Roost
|cant|p2a: Dondozo|slp
|move|p2a: Dondozo|Sleep Talk|p2a: Dondozo
|move|p2a: Dondozo|Curse|p2a: Dondozo|[from] move: Sleep Talk
|-unboost|p2a: Dondozo|spe|1
|-boost|p2a: Dondozo|atk|1
|-boost|p2a: Dondozo|def|1
|
|upkeep
|turn|19
|
|t:|1776038425
|move|p1a: Salamence|Dragon Dance|p1a: Salamence
|-boost|p1a: Salamence|atk|1
|-boost|p1a: Salamence|spe|1
|-curestatus|p2a: Dondozo|slp|[msg]
|move|p2a: Dondozo|Sleep Talk||[still]
|-fail|p2a: Dondozo
|
|upkeep
|turn|20
|
|t:|1776038432
|move|p1a: Salamence|Outrage|p2a: Dondozo
|-damage|p2a: Dondozo|91/100
|move|p2a: Dondozo|Body Press|p1a: Salamence
|-resisted|p1a: Salamence
|-damage|p1a: Salamence|35/100
|
|upkeep
|turn|21
|
|t:|1776038439
|move|p1a: Salamence|Outrage|p2a: Dondozo|[from] lockedmove
|-damage|p2a: Dondozo|80/100
|move|p2a: Dondozo|Body Press|p1a: Salamence
|-resisted|p1a: Salamence
|-damage|p1a: Salamence|0 fnt
|faint|p1a: Salamence
|
|upkeep
|
|t:|1776038442
|switch|p1a: Corviknight|Corviknight, M|100/100
|turn|22
|
|t:|1776038449
|move|p1a: Corviknight|Bulk Up|p1a: Corviknight
|-boost|p1a: Corviknight|atk|1
|-boost|p1a: Corviknight|def|1
|move|p2a: Dondozo|Body Press|p1a: Corviknight
|-damage|p1a: Corviknight|49/100
|
|-heal|p1a: Corviknight|55/100|[from] item: Leftovers
|upkeep
|turn|23
|
|t:|1776038457
|move|p1a: Corviknight|Body Press|p2a: Dondozo
|-damage|p2a: Dondozo|76/100
|move|p2a: Dondozo|Body Press|p1a: Corviknight
|-damage|p1a: Corviknight|7/100
|
|-heal|p1a: Corviknight|13/100|[from] item: Leftovers
|upkeep
|turn|24
|-message|Xsrerr forfeited.
|
|win|Kirby_3134
|raw|Xsrerr's rating: 1182 &rarr; <strong>1156</strong><br />(-26 for losing)
|raw|Kirby_3134's rating: 1169 &rarr; <strong>1195</strong><br />(+26 for winning)
|l|☆Xsrerr
|player|p1|
