|html|<div class="broadcast-blue"><strong>[Gen 9] OU is currently suspecting Tera Blast! For information on how to participate check out the <a href="https://www.smogon.com/tools/suspects/view/200">suspect thread</a>.</strong></div>
|j|☆CilenTreeco
|j|☆Diepnogc
|t:|1776062901
|gametype|singles
|player|p1|CilenTreeco|2|1094
|player|p2|Diepnogc|elesa|1089
|gen|9
|tier|[Gen 9] OU
|rated|
|rule|HP Percentage Mod: HP is shown in percentages
|rule|Endless Battle Clause: Forcing endless battles is banned
|rule|Species Clause: Limit one of each Pokémon
|rule|OHKO Clause: OHKO moves are banned
|rule|Evasion Items Clause: Evasion items are banned
|rule|Evasion Moves Clause: Evasion moves are banned
|rule|Evasion Abilities Clause: Evasion abilities are banned
|rule|Sleep Moves Clause: Sleep-inducing moves are banned
|clearpoke
|poke|p1|Quaquaval, M|
|poke|p1|Sinistcha-Masterpiece|
|poke|p1|Armarouge, M|
|poke|p1|Goodra-Hisui, M|
|poke|p1|Enamorus, F|
|poke|p1|Klefki, M|
|poke|p2|Ninetales-Alola, F|
|poke|p2|Sylveon, F|
|poke|p2|Corviknight, M|
|poke|p2|Arcanine, M|
|poke|p2|Swampert, M|
|poke|p2|Goodra-Hisui, F|
|teampreview
|
|t:|1776062913
|teamsize|p1|6
|teamsize|p2|6
|start
|switch|p1a: Enamorus|Enamorus, F|100/100
|switch|p2a: Ninetales|Ninetales-Alola, F|100/100
|-weather|Snowscape|[from] ability: Snow Warning|[of] p2a: Ninetales
|turn|1
|
|t:|1776062918
|move|p1a: Enamorus|Iron Head|p2a: Ninetales
|-supereffective|p2a: Ninetales
|-damage|p2a: Ninetales|20/100
|move|p2a: Ninetales|Aurora Veil|p2a: Ninetales
|-sidestart|p2: Diepnogc|move: Aurora Veil
|
|-weather|Snowscape|[upkeep]
|upkeep
|turn|2
|
|t:|1776062937
|switch|p2a: Goodra|Goodra-Hisui, F|100/100
|move|p1a: Enamorus|Iron Head|p2a: Goodra
|-resisted|p2a: Goodra
|-damage|p2a: Goodra|96/100
|
|-weather|Snowscape|[upkeep]
|upkeep
|turn|3
|
|t:|1776062944
|switch|p1a: Klefki|Klefki, M|100/100
|move|p2a: Goodra|Flash Cannon|p1a: Klefki
|-damage|p1a: Klefki|55/100
|
|-weather|Snowscape|[upkeep]
|upkeep
|turn|4
|
|t:|1776062949
|move|p1a: Klefki|Switcheroo|p2a: Goodra
|-activate|p1a: Klefki|move: Trick|[of] p2a: Goodra
|-item|p2a: Goodra|Choice Scarf|[from] move: Switcheroo
|-item|p1a: Klefki|Assault Vest|[from] move: Switcheroo
|move|p2a: Goodra|Flash Cannon|p1a: Klefki
|-damage|p1a: Klefki|26/100
|-unboost|p1a: Klefki|spd|1
|
|-weather|Snowscape|[upkeep]
|upkeep
|turn|5
|
|t:|1776062969
|switch|p1a: Goodra|Goodra-Hisui, M, shiny|100/100
|move|p2a: Goodra|Flash Cannon|p1a: Goodra
|-resisted|p1a: Goodra
|-damage|p1a: Goodra|94/100
|
|-weather|none
|upkeep
|turn|6
|
|t:|1776062984
|switch|p2a: Swampert|Swampert, M|100/100
|move|p1a: Goodra|Knock Off|p2a: Swampert
|-damage|p2a: Swampert|90/100
|-enditem|p2a: Swampert|Leftovers|[from] move: Knock Off|[of] p1a: Goodra
|
|upkeep
|turn|7
|
|t:|1776062993
|switch|p1a: Sinistcha|Sinistcha-Masterpiece, shiny|100/100
|move|p2a: Swampert|Ice Punch|p1a: Sinistcha
|-supereffective|p1a: Sinistcha
|-damage|p1a: Sinistcha|63/100
|-status|p1a: Sinistcha|frz
|
|-heal|p1a: Sinistcha|69/100 frz|[from] item: Leftovers
|upkeep
|turn|8
|
|t:|1776062996
|-curestatus|p1a: Sinistcha|frz|[from] move: Matcha Gotcha
|move|p1a: Sinistcha|Matcha Gotcha|p2a: Swampert
|-supereffective|p2a: Swampert
|-damage|p2a: Swampert|26/100
|-heal|p1a: Sinistcha|100/100|[from] drain|[of] p2a: Swampert
|move|p2a: Swampert|Ice Punch|p1a: Sinistcha
|-supereffective|p1a: Sinistcha
|-damage|p1a: Sinistcha|67/100
|
|-heal|p1a: Sinistcha|73/100|[from] item: Leftovers
|-sideend|p2: Diepnogc|move: Aurora Veil
|upkeep
|turn|9
|
|t:|1776063006
|switch|p2a: Goodra|Goodra-Hisui, F|96/100
|move|p1a: Sinistcha|Scald|p2a: Goodra
|-resisted|p2a: Goodra
|-damage|p2a: Goodra|88/100
|
|-heal|p1a: Sinistcha|79/100|[from] item: Leftovers
|upkeep
|turn|10
|
|t:|1776063013
|switch|p1a: Enamorus|Enamorus, F|100/100
|move|p2a: Goodra|Flamethrower|p1a: Enamorus
|-damage|p1a: Enamorus|59/100
|
|upkeep
|turn|11
|
|t:|1776063021
|switch|p2a: Corviknight|Corviknight, M, shiny|100/100
|-ability|p2a: Corviknight|Unnerve
|move|p1a: Enamorus|Superpower|p2a: Corviknight
|-damage|p2a: Corviknight|71/100
|-boost|p1a: Enamorus|atk|1
|-boost|p1a: Enamorus|def|1
|-damage|p1a: Enamorus|43/100|[from] item: Rocky Helmet|[of] p2a: Corviknight
|
|upkeep
|turn|12
|
|t:|1776063025
|move|p1a: Enamorus|Superpower|p2a: Corviknight
|-damage|p2a: Corviknight|27/100
|-boost|p1a: Enamorus|atk|1
|-boost|p1a: Enamorus|def|1
|-damage|p1a: Enamorus|26/100|[from] item: Rocky Helmet|[of] p2a: Corviknight
|move|p2a: Corviknight|Iron Head|p1a: Enamorus
|-supereffective|p1a: Enamorus
|-damage|p1a: Enamorus|0 fnt
|faint|p1a: Enamorus
|
|upkeep
|
|t:|1776063029
|switch|p1a: Quaquaval|Quaquaval, M, shiny|100/100
|turn|13
|
|t:|1776063039
|move|p1a: Quaquaval|Close Combat|p2a: Corviknight
|-crit|p2a: Corviknight
|-damage|p2a: Corviknight|0 fnt
|-unboost|p1a: Quaquaval|def|1
|-unboost|p1a: Quaquaval|spd|1
|-damage|p1a: Quaquaval|84/100|[from] item: Rocky Helmet|[of] p2a: Corviknight
|faint|p2a: Corviknight
|-ability|p1a: Quaquaval|Moxie|boost
|-boost|p1a: Quaquaval|atk|1
|
|upkeep
|
|t:|1776063044
|switch|p2a: Sylveon|Sylveon, F|100/100
|turn|14
|
|t:|1776063047
|-terastallize|p1a: Quaquaval|Poison
|move|p1a: Quaquaval|Aqua Step|p2a: Sylveon
|-crit|p2a: Sylveon
|-damage|p2a: Sylveon|0 fnt
|-boost|p1a: Quaquaval|spe|1
|faint|p2a: Sylveon
|-ability|p1a: Quaquaval|Moxie|boost
|-boost|p1a: Quaquaval|atk|1
|
|upkeep
|
|t:|1776063054
|switch|p2a: Swampert|Swampert, M|26/100
|turn|15
|
|t:|1776063060
|move|p1a: Quaquaval|Aqua Step|p2a: Swampert
|-damage|p2a: Swampert|0 fnt
|-boost|p1a: Quaquaval|spe|1
|faint|p2a: Swampert
|-ability|p1a: Quaquaval|Moxie|boost
|-boost|p1a: Quaquaval|atk|1
|
|upkeep
|
|t:|1776063066
|switch|p2a: Goodra|Goodra-Hisui, F|88/100
|turn|16
|
|t:|1776063070
|-terastallize|p2a: Goodra|Flying
|move|p1a: Quaquaval|Close Combat|p2a: Goodra
|-resisted|p2a: Goodra
|-damage|p2a: Goodra|19/100
|-unboost|p1a: Quaquaval|def|1
|-unboost|p1a: Quaquaval|spd|1
|move|p2a: Goodra|Draco Meteor|p1a: Quaquaval
|-damage|p1a: Quaquaval|0 fnt
|-unboost|p2a: Goodra|spa|2
|faint|p1a: Quaquaval
|
|upkeep
|
|t:|1776063083
|switch|p1a: Armarouge|Armarouge, M, shiny|100/100
|turn|17
|
|t:|1776063087
|move|p1a: Armarouge|Armor Cannon|p2a: Goodra
|-damage|p2a: Goodra|0 fnt
|-unboost|p1a: Armarouge|def|1
|-unboost|p1a: Armarouge|spd|1
|faint|p2a: Goodra
|
|upkeep
|
|t:|1776063092
|switch|p2a: Arcanine|Arcanine, M|100/100
|-ability|p2a: Arcanine|Intimidate|boost
|-unboost|p1a: Armarouge|atk|1
|turn|18
|
|t:|1776063099
|switch|p1a: Klefki|Klefki, M|26/100
|move|p2a: Arcanine|Crunch|p1a: Klefki
|-resisted|p1a: Klefki
|-damage|p1a: Klefki|15/100
|-damage|p2a: Arcanine|91/100|[from] item: Life Orb
|
|upkeep
|turn|19
|
|t:|1776063105
|move|p2a: Arcanine|Flare Blitz|p1a: Klefki
|-supereffective|p1a: Klefki
|-damage|p1a: Klefki|0 fnt
|faint|p1a: Klefki
|-damage|p2a: Arcanine|86/100|[from] Recoil
|-damage|p2a: Arcanine|76/100|[from] item: Life Orb
|
|upkeep
|
|t:|1776063108
|switch|p1a: Armarouge|Armarouge, M, shiny|100/100
|turn|20
|
|t:|1776063112
|move|p2a: Arcanine|Crunch|p1a: Armarouge
|-supereffective|p1a: Armarouge
|-damage|p1a: Armarouge|37/100
|-ability|p1a: Armarouge|Weak Armor|boost
|-unboost|p1a: Armarouge|def|1
|-boost|p1a: Armarouge|spe|2
|-damage|p2a: Arcanine|67/100|[from] item: Life Orb
|move|p1a: Armarouge|Meteor Beam||[still]
|-prepare|p1a: Armarouge|Meteor Beam
|-boost|p1a: Armarouge|spa|1
|-enditem|p1a: Armarouge|Power Herb
|-anim|p1a: Armarouge|Meteor Beam|p2a: Arcanine|[miss]
|-miss|p1a: Armarouge|p2a: Arcanine
|
|upkeep
|turn|21
|
|t:|1776063118
|move|p1a: Armarouge|Destiny Bond|p1a: Armarouge
|-singlemove|p1a: Armarouge|Destiny Bond
|move|p2a: Arcanine|Crunch|p1a: Armarouge
|-supereffective|p1a: Armarouge
|-damage|p1a: Armarouge|0 fnt
|faint|p1a: Armarouge
|-activate|p1a: Armarouge|move: Destiny Bond
|faint|p2a: Arcanine
|
|upkeep
|
|t:|1776063124
|switch|p2a: Ninetales|Ninetales-Alola, F|20/100
|switch|p1a: Goodra|Goodra-Hisui, M, shiny|94/100
|-weather|Snowscape|[from] ability: Snow Warning|[of] p2a: Ninetales
|turn|22
|
|t:|1776063130
|move|p2a: Ninetales|Moonblast|p1a: Goodra
|-damage|p1a: Goodra|84/100
|move|p1a: Goodra|Heavy Slam|p2a: Ninetales
|-supereffective|p2a: Ninetales
|-damage|p2a: Ninetales|0 fnt
|faint|p2a: Ninetales
|
|win|CilenTreeco
|raw|CilenTreeco's rating: 1071 &rarr; <strong>1102</strong><br />(+31 for winning)
|raw|Diepnogc's rating: 1089 &rarr; <strong>1064</strong><br />(-25 for losing)
|l|☆Diepnogc
|player|p2|
|l|☆CilenTreeco
|player|p1|
