|html|<div class="broadcast-blue"><strong>[Gen 9] OU is currently suspecting Tera Blast! For information on how to participate check out the <a href="https://www.smogon.com/tools/suspects/view/200">suspect thread</a>.</strong></div>
|j|☆KevDB
|j|☆aquavanilla
|t:|1776108554
|gametype|singles
|player|p1|KevDB|dawn|
|player|p2|aquavanilla|dawn-masters|
|gen|9
|tier|[Gen 9] OU
|rule|HP Percentage Mod: HP is shown in percentages
|rule|Endless Battle Clause: Forcing endless battles is banned
|rule|Species Clause: Limit one of each Pokémon
|rule|OHKO Clause: OHKO moves are banned
|rule|Evasion Items Clause: Evasion items are banned
|rule|Evasion Moves Clause: Evasion moves are banned
|rule|Evasion Abilities Clause: Evasion abilities are banned
|rule|Sleep Moves Clause: Sleep-inducing moves are banned
|clearpoke
|poke|p1|Iron Valiant|
|poke|p1|Great Tusk|
|poke|p1|Dragonite, F|
|poke|p1|Deoxys-Speed|
|poke|p1|Glimmora, F|
|poke|p1|Kingambit, F|
|poke|p2|Gholdengo|
|poke|p2|Walking Wake|
|poke|p2|Samurott-Hisui, F|
|poke|p2|Ting-Lu|
|poke|p2|Dragonite, F|
|poke|p2|Pecharunt|
|teampreview
|inactive|Battle timer is ON: inactive players will automatically lose when time's up. (requested by aquavanilla)
|c|☆aquavanilla|NAH
|c|☆aquavanilla|NOW UR CRIGNE
|c|☆aquavanilla|CRINGE
|c|☆KevDB|?
|c|☆KevDB|why is vro yelling
|
|t:|1776108589
|teamsize|p1|6
|teamsize|p2|6
|start
|switch|p1a: Deoxys|Deoxys-Speed|100/100
|switch|p2a: Walking Wake|Walking Wake|100/100
|-ability|p1a: Deoxys|Pressure
|turn|1
|
|t:|1776108593
|move|p1a: Deoxys|Light Screen|p1a: Deoxys
|-sidestart|p1: KevDB|move: Light Screen
|move|p2a: Walking Wake|Knock Off|p1a: Deoxys
|-supereffective|p1a: Deoxys
|-damage|p1a: Deoxys|56/100
|-enditem|p1a: Deoxys|Light Clay|[from] move: Knock Off|[of] p2a: Walking Wake
|
|upkeep
|turn|2
|
|t:|1776108601
|move|p1a: Deoxys|Reflect|p1a: Deoxys
|-sidestart|p1: KevDB|Reflect
|move|p2a: Walking Wake|Draco Meteor|p1a: Deoxys|[miss]
|-miss|p2a: Walking Wake|p1a: Deoxys
|
|upkeep
|turn|3
|c|☆aquavanilla|OFC
|c|☆KevDB|ffs
|c|☆KevDB|I wanted u to hit bro
|
|t:|1776108615
|switch|p1a: Iron Valiant|Iron Valiant|100/100
|-enditem|p1a: Iron Valiant|Booster Energy
|-activate|p1a: Iron Valiant|ability: Quark Drive|[fromitem]
|-start|p1a: Iron Valiant|quarkdrivespe
|move|p2a: Walking Wake|Flip Turn|p1a: Iron Valiant
|-damage|p1a: Iron Valiant|90/100
|
|t:|1776108640
|-end|p2a: Walking Wake|Protosynthesis|[silent]
|switch|p2a: Pecharunt|Pecharunt|100/100|[from] Flip Turn
|
|upkeep
|turn|4
|
|t:|1776108648
|-end|p1a: Iron Valiant|Quark Drive|[silent]
|switch|p1a: Kingambit|Kingambit, F|100/100
|move|p2a: Pecharunt|Malignant Chain|p1a: Kingambit
|-immune|p1a: Kingambit
|
|upkeep
|turn|5
|
|t:|1776108663
|switch|p2a: Samurott|Samurott-Hisui, F|100/100
|move|p1a: Kingambit|Swords Dance|p1a: Kingambit
|-boost|p1a: Kingambit|atk|2
|
|upkeep
|turn|6
|
|t:|1776108669
|move|p2a: Samurott|Ceaseless Edge|p1a: Kingambit
|-resisted|p1a: Kingambit
|-damage|p1a: Kingambit|91/100
|-sidestart|p1: KevDB|Spikes
|move|p1a: Kingambit|Low Kick|p2a: Samurott
|-supereffective|p2a: Samurott
|-damage|p2a: Samurott|0 fnt
|faint|p2a: Samurott
|
|-sideend|p1: KevDB|Reflect
|upkeep
|c|☆KevDB|tung tung tung lu chilll
|inactive|aquavanilla has 270 seconds left.
|
|t:|1776108693
|switch|p2a: Dragonite|Dragonite, F|100/100
|turn|7
|inactive|aquavanilla has 270 seconds left.
|c|☆aquavanilla|why am i 6-0ed by this bruh
|c|☆aquavanilla|i got nothing for this
|
|t:|1776108716
|move|p2a: Dragonite|Low Kick|p1a: Kingambit
|-supereffective|p1a: Kingambit
|-damage|p1a: Kingambit|0 fnt
|faint|p1a: Kingambit
|-end|p1a: Kingambit|fallenundefined|[silent]
|
|upkeep
|c|☆aquavanilla|bye
|
|t:|1776108721
|switch|p1a: Glimmora|Glimmora, F|100/100
|-damage|p1a: Glimmora|88/100|[from] Spikes
|turn|8
|inactive|aquavanilla has 270 seconds left.
|
|t:|1776108734
|switch|p2a: Walking Wake|Walking Wake|100/100
|move|p1a: Glimmora|Stealth Rock|p2a: Walking Wake
|-sidestart|p2: aquavanilla|move: Stealth Rock
|
|-sideend|p1: KevDB|move: Light Screen
|upkeep
|turn|9
|inactive|aquavanilla has 270 seconds left.
|c|☆KevDB|bro always has the best mus oat
|inactive|KevDB has 270 seconds left.
|
|t:|1776108764
|move|p2a: Walking Wake|Surf|p1a: Glimmora
|-supereffective|p1a: Glimmora
|-damage|p1a: Glimmora|0 fnt
|faint|p1a: Glimmora
|
|upkeep
|
|t:|1776108767
|switch|p1a: Iron Valiant|Iron Valiant|90/100
|-damage|p1a: Iron Valiant|78/100|[from] Spikes
|turn|10
|c|☆aquavanilla|whole ass gambit btw
|
|t:|1776108774
|-end|p2a: Walking Wake|Protosynthesis|[silent]
|switch|p2a: Pecharunt|Pecharunt|100/100
|move|p1a: Iron Valiant|Knock Off|p2a: Pecharunt
|-supereffective|p2a: Pecharunt
|-damage|p2a: Pecharunt|65/100
|-enditem|p2a: Pecharunt|Heavy-Duty Boots|[from] move: Knock Off|[of] p1a: Iron Valiant
|
|upkeep
|turn|11
|
|t:|1776108778
|move|p1a: Iron Valiant|Taunt|p2a: Pecharunt
|-start|p2a: Pecharunt|move: Taunt
|cant|p2a: Pecharunt|move: Taunt|Recover
|
|upkeep
|turn|12
|
|t:|1776108781
|-end|p1a: Iron Valiant|Quark Drive|[silent]
|switch|p1a: Deoxys|Deoxys-Speed|56/100
|-damage|p1a: Deoxys|43/100|[from] Spikes
|-ability|p1a: Deoxys|Pressure
|move|p2a: Pecharunt|Shadow Ball|p1a: Deoxys
|-supereffective|p1a: Deoxys
|-damage|p1a: Deoxys|0 fnt
|faint|p1a: Deoxys
|
|upkeep
|
|t:|1776108786
|switch|p1a: Great Tusk|Great Tusk|100/100
|-damage|p1a: Great Tusk|88/100|[from] Spikes
|-enditem|p1a: Great Tusk|Booster Energy
|-activate|p1a: Great Tusk|ability: Protosynthesis|[fromitem]
|-start|p1a: Great Tusk|protosynthesisspe
|turn|13
|
|t:|1776108792
|switch|p2a: Dragonite|Dragonite, F|100/100
|move|p1a: Great Tusk|Bulk Up|p1a: Great Tusk
|-boost|p1a: Great Tusk|atk|1
|-boost|p1a: Great Tusk|def|1
|
|upkeep
|turn|14
|
|t:|1776108800
|move|p1a: Great Tusk|Head Smash|p2a: Dragonite
|-supereffective|p2a: Dragonite
|-damage|p2a: Dragonite|48/100
|-damage|p1a: Great Tusk|66/100|[from] Recoil
|move|p2a: Dragonite|Dragon Tail|p1a: Great Tusk
|-damage|p1a: Great Tusk|51/100
|-end|p1a: Great Tusk|Protosynthesis|[silent]
|drag|p1a: Dragonite|Dragonite, F|100/100
|
|upkeep
|turn|15
|
|t:|1776108810
|move|p1a: Dragonite|Substitute|p1a: Dragonite
|-start|p1a: Dragonite|Substitute
|-damage|p1a: Dragonite|76/100
|move|p2a: Dragonite|Dragon Tail|p1a: Dragonite
|-supereffective|p1a: Dragonite
|-end|p1a: Dragonite|Substitute
|
|-heal|p1a: Dragonite|82/100|[from] item: Leftovers
|upkeep
|turn|16
|
|t:|1776108826
|switch|p1a: Iron Valiant|Iron Valiant|78/100
|-damage|p1a: Iron Valiant|65/100|[from] Spikes
|move|p2a: Dragonite|Dragon Tail|p1a: Iron Valiant
|-immune|p1a: Iron Valiant
|
|upkeep
|turn|17
|
|t:|1776108839
|switch|p2a: Pecharunt|Pecharunt|65/100
|-damage|p2a: Pecharunt|52/100|[from] Stealth Rock
|move|p1a: Iron Valiant|Knock Off|p2a: Pecharunt
|-supereffective|p2a: Pecharunt
|-crit|p2a: Pecharunt
|-damage|p2a: Pecharunt|15/100
|
|upkeep
|turn|18
|c|☆aquavanilla|OFC
|c|☆aquavanilla|OFC
|c|☆aquavanilla|OFC
|c|☆aquavanilla|OFC
|c|☆KevDB|that doesn't matter bro
|
|t:|1776108850
|move|p1a: Iron Valiant|Moonblast|p2a: Pecharunt
|-resisted|p2a: Pecharunt
|-damage|p2a: Pecharunt|0 fnt
|faint|p2a: Pecharunt
|
|upkeep
|
|t:|1776108852
|switch|p2a: Gholdengo|Gholdengo|100/100
|-damage|p2a: Gholdengo|94/100|[from] Stealth Rock
|turn|19
|
|t:|1776108855
|move|p2a: Gholdengo|Shadow Ball|p1a: Iron Valiant
|-damage|p1a: Iron Valiant|0 fnt
|faint|p1a: Iron Valiant
|-end|p1a: Iron Valiant|Quark Drive|[silent]
|
|upkeep
|c|☆KevDB|LOL BNICE ROLL
|c|☆aquavanilla|?
|
|t:|1776108874
|switch|p1a: Dragonite|Dragonite, F|82/100
|turn|20
|
|t:|1776108879
|move|p2a: Gholdengo|Shadow Ball|p1a: Dragonite
|-damage|p1a: Dragonite|40/100
|move|p1a: Dragonite|Dragon Dance|p1a: Dragonite
|-boost|p1a: Dragonite|atk|1
|-boost|p1a: Dragonite|spe|1
|
|-heal|p1a: Dragonite|46/100|[from] item: Leftovers
|upkeep
|turn|21
|
|t:|1776108895
|move|p2a: Gholdengo|Shadow Ball|p1a: Dragonite
|-damage|p1a: Dragonite|0 fnt
|faint|p1a: Dragonite
|
|upkeep
|c|☆KevDB|LMAO
|c|☆KevDB|ALR
|c|☆aquavanilla|gg
|c|☆KevDB|41 TO 45
|c|☆aquavanilla|another ez win
|c|☆KevDB|LOOOOOL
|c|☆KevDB|ALWAYS HAXING
|
|t:|1776108907
|switch|p1a: Great Tusk|Great Tusk|51/100
|-damage|p1a: Great Tusk|39/100|[from] Spikes
|turn|22
|c|☆aquavanilla|?
|
|t:|1776108909
|move|p2a: Gholdengo|Shadow Ball|p1a: Great Tusk
|-damage|p1a: Great Tusk|0 fnt
|faint|p1a: Great Tusk
|-end|p1a: Great Tusk|Protosynthesis|[silent]
|
|win|aquavanilla
|l|☆KevDB
|player|p1|
