|html|<div class="broadcast-blue"><strong>[Gen 9] OU is currently suspecting Tera Blast! For information on how to participate check out the <a href="https://www.smogon.com/tools/suspects/view/200">suspect thread</a>.</strong></div>
|j|☆90minsofmadness
|j|☆BenryFunnyOddish
|t:|1776142979
|gametype|singles
|player|p1|90minsofmadness|erika-masters2|
|player|p2|BenryFunnyOddish|miku-ground|
|gen|9
|tier|[Gen 9] OU
|rule|HP Percentage Mod: HP is shown in percentages
|rule|Endless Battle Clause: Forcing endless battles is banned
|rule|Species Clause: Limit one of each Pokémon
|rule|OHKO Clause: OHKO moves are banned
|rule|Evasion Items Clause: Evasion items are banned
|rule|Evasion Moves Clause: Evasion moves are banned
|rule|Evasion Abilities Clause: Evasion abilities are banned
|rule|Sleep Moves Clause: Sleep-inducing moves are banned
|clearpoke
|poke|p1|Toxapex, F|
|poke|p1|Ursaluna, F|
|poke|p1|Ting-Lu|
|poke|p1|Hatterene, F|
|poke|p1|Reuniclus, F|
|poke|p1|Azumarill, M|
|poke|p2|Iron Hands|
|poke|p2|Hatterene, F|
|poke|p2|Porygon2|
|poke|p2|Ursaluna, F|
|poke|p2|Torkoal, F|
|poke|p2|Slowking, F|
|teampreview
|
|t:|1776143063
|teamsize|p1|6
|teamsize|p2|6
|start
|switch|p1a: Reuniclus|Reuniclus, F, shiny|100/100
|switch|p2a: A Dog's Purpose|Porygon2|100/100
|-ability|p2a: A Dog's Purpose|Download|boost
|-boost|p2a: A Dog's Purpose|spa|1
|turn|1
|
|t:|1776143086
|move|p2a: A Dog's Purpose|Trick Room|p2a: A Dog's Purpose
|-fieldstart|move: Trick Room|[of] p2a: A Dog's Purpose
|move|p1a: Reuniclus|Trick Room|p1a: Reuniclus
|-fieldend|move: Trick Room
|
|upkeep
|turn|2
|
|t:|1776143099
|switch|p2a: Slowking|Slowking, F|100/100
|move|p1a: Reuniclus|Trick Room|p1a: Reuniclus
|-fieldstart|move: Trick Room|[of] p1a: Reuniclus
|
|upkeep
|turn|3
|
|t:|1776143108
|move|p1a: Reuniclus|Shadow Ball|p2a: Slowking
|-supereffective|p2a: Slowking
|-damage|p2a: Slowking|59/100
|-prepare|p2a: Slowking|Chilly Reception|[premajor]
|move|p2a: Slowking|Chilly Reception|p2a: Slowking
|-weather|Snowscape
|
|t:|1776143113
|switch|p2a: World Tor|Torkoal, F|100/100|[from] Chilly Reception
|-weather|SunnyDay|[from] ability: Drought|[of] p2a: World Tor
|
|-weather|SunnyDay|[upkeep]
|upkeep
|turn|4
|
|t:|1776143145
|switch|p1a: Azumarill|Azumarill, M, shiny|100/100
|-terastallize|p2a: World Tor|Fire
|move|p2a: World Tor|Eruption|p1a: Azumarill
|-resisted|p1a: Azumarill
|-damage|p1a: Azumarill|0 fnt
|faint|p1a: Azumarill
|
|-weather|SunnyDay|[upkeep]
|upkeep
|
|t:|1776143155
|switch|p1a: Toxapex|Toxapex, F|100/100
|turn|5
|
|t:|1776143171
|switch|p2a: A Dog's Purpose|Porygon2|100/100
|-ability|p2a: A Dog's Purpose|Download|boost
|-boost|p2a: A Dog's Purpose|spa|1
|move|p1a: Toxapex|Baneful Bunker||[still]
|-fail|p1a: Toxapex
|
|-weather|SunnyDay|[upkeep]
|upkeep
|turn|6
|
|t:|1776143184
|move|p1a: Toxapex|Baneful Bunker|p1a: Toxapex
|-singleturn|p1a: Toxapex|move: Protect
|move|p2a: A Dog's Purpose|Tera Blast|p1a: Toxapex
|-activate|p1a: Toxapex|move: Protect
|
|-weather|SunnyDay|[upkeep]
|-fieldend|move: Trick Room
|upkeep
|turn|7
|
|t:|1776143196
|switch|p1a: Ting-Lu|Ting-Lu, shiny|100/100
|-ability|p1a: Ting-Lu|Vessel of Ruin
|move|p2a: A Dog's Purpose|Trick Room|p2a: A Dog's Purpose
|-fieldstart|move: Trick Room|[of] p2a: A Dog's Purpose
|
|-weather|none
|upkeep
|turn|8
|
|t:|1776143207
|switch|p2a: Rayman 3D|Iron Hands, shiny|100/100
|-enditem|p2a: Rayman 3D|Booster Energy
|-activate|p2a: Rayman 3D|ability: Quark Drive|[fromitem]
|-start|p2a: Rayman 3D|quarkdrivedef
|move|p1a: Ting-Lu|Stealth Rock|p2a: Rayman 3D
|-sidestart|p2: BenryFunnyOddish|move: Stealth Rock
|
|upkeep
|turn|9
|
|t:|1776143233
|switch|p1a: Reuniclus|Reuniclus, F, shiny|100/100
|move|p2a: Rayman 3D|Belly Drum|p2a: Rayman 3D
|-damage|p2a: Rayman 3D|50/100
|-setboost|p2a: Rayman 3D|atk|6|[from] move: Belly Drum
|
|upkeep
|turn|10
|
|t:|1776143254
|move|p1a: Reuniclus|Psychic Noise|p2a: Rayman 3D
|-supereffective|p2a: Rayman 3D
|-damage|p2a: Rayman 3D|0 fnt
|faint|p2a: Rayman 3D
|-end|p2a: Rayman 3D|Quark Drive|[silent]
|
|upkeep
|
|t:|1776143270
|switch|p2a: World Tor|Torkoal, F, tera:Fire|100/100
|-damage|p2a: World Tor|75/100|[from] Stealth Rock
|-weather|SunnyDay|[from] ability: Drought|[of] p2a: World Tor
|turn|11
|
|t:|1776143312
|move|p2a: World Tor|Flamethrower|p1a: Reuniclus
|-crit|p1a: Reuniclus
|-damage|p1a: Reuniclus|0 fnt
|faint|p1a: Reuniclus
|
|-weather|SunnyDay|[upkeep]
|-fieldend|move: Trick Room
|upkeep
|
|t:|1776143478
|switch|p1a: Ting-Lu|Ting-Lu, shiny|100/100
|-ability|p1a: Ting-Lu|Vessel of Ruin
|turn|12
|
|t:|1776143487
|switch|p2a: A Dog's Purpose|Porygon2|100/100
|-damage|p2a: A Dog's Purpose|88/100|[from] Stealth Rock
|-ability|p2a: A Dog's Purpose|Download|boost
|-boost|p2a: A Dog's Purpose|spa|1
|move|p1a: Ting-Lu|Ruination|p2a: A Dog's Purpose
|-damage|p2a: A Dog's Purpose|44/100
|
|-weather|SunnyDay|[upkeep]
|upkeep
|turn|13
|
|t:|1776143500
|move|p2a: A Dog's Purpose|Recover|p2a: A Dog's Purpose
|-heal|p2a: A Dog's Purpose|94/100
|move|p1a: Ting-Lu|Earthquake|p2a: A Dog's Purpose
|-damage|p2a: A Dog's Purpose|64/100
|
|-weather|SunnyDay|[upkeep]
|upkeep
|turn|14
|
|t:|1776143522
|move|p1a: Ting-Lu|Ruination|p2a: A Dog's Purpose
|-damage|p2a: A Dog's Purpose|32/100
|move|p2a: A Dog's Purpose|Trick Room|p2a: A Dog's Purpose
|-fieldstart|move: Trick Room|[of] p2a: A Dog's Purpose
|
|-weather|SunnyDay|[upkeep]
|upkeep
|turn|15
|
|t:|1776143533
|move|p1a: Ting-Lu|Ruination|p2a: A Dog's Purpose
|-damage|p2a: A Dog's Purpose|16/100
|move|p2a: A Dog's Purpose|Recover|p2a: A Dog's Purpose
|-heal|p2a: A Dog's Purpose|66/100
|
|-weather|none
|upkeep
|turn|16
|
|t:|1776143543
|move|p1a: Ting-Lu|Ruination|p2a: A Dog's Purpose|[miss]
|-miss|p1a: Ting-Lu|p2a: A Dog's Purpose
|move|p2a: A Dog's Purpose|Ice Beam|p1a: Ting-Lu
|-supereffective|p1a: Ting-Lu
|-damage|p1a: Ting-Lu|57/100
|-enditem|p1a: Ting-Lu|Weakness Policy
|-boost|p1a: Ting-Lu|atk|2|[from] item: Weakness Policy
|-boost|p1a: Ting-Lu|spa|2|[from] item: Weakness Policy
|
|upkeep
|turn|17
|
|t:|1776143557
|move|p1a: Ting-Lu|Earthquake|p2a: A Dog's Purpose
|-damage|p2a: A Dog's Purpose|9/100
|move|p2a: A Dog's Purpose|Ice Beam|p1a: Ting-Lu
|-supereffective|p1a: Ting-Lu
|-damage|p1a: Ting-Lu|14/100
|
|upkeep
|turn|18
|
|t:|1776143600
|move|p1a: Ting-Lu|Earthquake|p2a: A Dog's Purpose
|-damage|p2a: A Dog's Purpose|0 fnt
|faint|p2a: A Dog's Purpose
|
|-fieldend|move: Trick Room
|upkeep
|
|t:|1776143612
|switch|p2a: Big Man Fazbear|Ursaluna, F|100/100
|-damage|p2a: Big Man Fazbear|94/100|[from] Stealth Rock
|turn|19
|
|t:|1776143628
|move|p1a: Ting-Lu|Earthquake|p2a: Big Man Fazbear
|-damage|p2a: Big Man Fazbear|25/100
|move|p2a: Big Man Fazbear|Facade|p1a: Ting-Lu
|-damage|p1a: Ting-Lu|0 fnt
|faint|p1a: Ting-Lu
|
|-status|p2a: Big Man Fazbear|brn|[from] item: Flame Orb
|upkeep
|
|t:|1776143644
|switch|p1a: Toxapex|Toxapex, F|100/100
|turn|20
|
|t:|1776143656
|move|p2a: Big Man Fazbear|Headlong Rush|p1a: Toxapex
|-supereffective|p1a: Toxapex
|-damage|p1a: Toxapex|0 fnt
|-unboost|p2a: Big Man Fazbear|def|1
|-unboost|p2a: Big Man Fazbear|spd|1
|-damage|p2a: Big Man Fazbear|8/100 brn|[from] item: Rocky Helmet|[of] p1a: Toxapex
|faint|p1a: Toxapex
|
|-damage|p2a: Big Man Fazbear|2/100 brn|[from] brn
|upkeep
|
|t:|1776143670
|switch|p1a: Ursaluna|Ursaluna, F|100/100
|turn|21
|
|t:|1776143681
|switch|p2a: Slowking|Slowking, F|92/100
|-damage|p2a: Slowking|80/100|[from] Stealth Rock
|move|p1a: Ursaluna|Earthquake|p2a: Slowking
|-damage|p2a: Slowking|15/100
|
|-status|p1a: Ursaluna|brn|[from] item: Flame Orb
|upkeep
|turn|22
|
|t:|1776143692
|switch|p1a: Hatterene|Hatterene, F|100/100
|move|p2a: Slowking|Trick Room|p2a: Slowking
|-fieldstart|move: Trick Room|[of] p2a: Slowking
|
|upkeep
|turn|23
|
|t:|1776143720
|switch|p2a: Hatterene|Hatterene, F|100/100
|-damage|p2a: Hatterene|88/100|[from] Stealth Rock
|move|p1a: Hatterene|Trick Room|p1a: Hatterene
|-fieldend|move: Trick Room
|
|upkeep
|turn|24
|
|t:|1776143759
|move|p2a: Hatterene|Healing Wish|p2a: Hatterene
|faint|p2a: Hatterene
|move|p1a: Hatterene|Dazzling Gleam|p2: Hatterene|[notarget]
|-fail|p1a: Hatterene
|
|upkeep
|
|t:|1776143769
|switch|p2a: World Tor|Torkoal, F, tera:Fire|75/100
|-heal|p2a: World Tor|100/100|[from] move: Healing Wish
|-damage|p2a: World Tor|75/100|[from] Stealth Rock
|-weather|SunnyDay|[from] ability: Drought|[of] p2a: World Tor
|turn|25
|
|t:|1776143790
|move|p1a: Hatterene|Psychic|p2a: World Tor
|-damage|p2a: World Tor|21/100
|move|p2a: World Tor|Flamethrower|p1a: Hatterene
|-damage|p1a: Hatterene|2/100
|
|-weather|SunnyDay|[upkeep]
|upkeep
|turn|26
|
|t:|1776143799
|switch|p2a: Slowking|Slowking, F|49/100
|-damage|p2a: Slowking|36/100|[from] Stealth Rock
|move|p1a: Hatterene|Psychic|p2a: Slowking
|-resisted|p2a: Slowking
|-damage|p2a: Slowking|25/100
|
|-weather|SunnyDay|[upkeep]
|upkeep
|turn|27
|
|t:|1776143808
|switch|p2a: World Tor|Torkoal, F, tera:Fire|21/100
|-damage|p2a: World Tor|0 fnt|[from] Stealth Rock
|faint|p2a: World Tor
|move|p1a: Hatterene|Dazzling Gleam|p2: World Tor|[notarget]
|-fail|p1a: Hatterene
|
|-weather|SunnyDay|[upkeep]
|upkeep
|
|t:|1776143811
|switch|p2a: Slowking|Slowking, F|59/100
|-damage|p2a: Slowking|46/100|[from] Stealth Rock
|turn|28
|-message|BenryFunnyOddish forfeited.
|
|win|90minsofmadness
|l|☆BenryFunnyOddish
|player|p2|
