|html|<div class="broadcast-blue"><strong>[Gen 9] OU is currently suspecting Tera Blast! For information on how to participate check out the <a href="https://www.smogon.com/tools/suspects/view/200">suspect thread</a>.</strong></div>
|j|☆DoubleBaggerDavis
|j|☆FairyManiac0108
|t:|1776059245
|gametype|singles
|player|p1|DoubleBaggerDavis|cheryl|1333
|player|p2|FairyManiac0108|richboy-gen4|1340
|gen|9
|tier|[Gen 9] OU
|rated|
|rule|HP Percentage Mod: HP is shown in percentages
|rule|Endless Battle Clause: Forcing endless battles is banned
|rule|Species Clause: Limit one of each Pokémon
|rule|OHKO Clause: OHKO moves are banned
|rule|Evasion Items Clause: Evasion items are banned
|rule|Evasion Moves Clause: Evasion moves are banned
|rule|Evasion Abilities Clause: Evasion abilities are banned
|rule|Sleep Moves Clause: Sleep-inducing moves are banned
|clearpoke
|poke|p1|Iron Hands|
|poke|p1|Ogerpon, F|
|poke|p1|Hatterene, F|
|poke|p1|Dragonite, F|
|poke|p1|Pecharunt|
|poke|p1|Kingambit, F|
|poke|p2|Weezing-Galar, M|
|poke|p2|Vileplume, M|
|poke|p2|Grafaiai, M|
|poke|p2|Glimmora, F|
|poke|p2|Gengar, M|
|poke|p2|Muk-Alola, M|
|teampreview
|inactive|Battle timer is ON: inactive players will automatically lose when time's up. (requested by DoubleBaggerDavis)
|inactive|DoubleBaggerDavis has 120 seconds left.
|
|t:|1776059287
|teamsize|p1|6
|teamsize|p2|6
|start
|switch|p1a: Ogerpon|Ogerpon, F|100/100
|switch|p2a: Weezing|Weezing-Galar, M|100/100
|turn|1
|
|t:|1776059307
|move|p1a: Ogerpon|U-turn|p2a: Weezing
|-resisted|p2a: Weezing
|-damage|p2a: Weezing|95/100
|-damage|p1a: Ogerpon|84/100|[from] item: Rocky Helmet|[of] p2a: Weezing
|
|t:|1776059316
|switch|p1a: Pecharunt|Pecharunt|100/100|[from] U-turn
|move|p2a: Weezing|Will-O-Wisp|p1a: Pecharunt|[miss]
|-miss|p2a: Weezing|p1a: Pecharunt
|
|upkeep
|turn|2
|
|t:|1776059332
|switch|p2a: Muk|Muk-Alola, M|100/100
|move|p1a: Pecharunt|Shadow Ball|p2a: Muk
|-resisted|p2a: Muk
|-damage|p2a: Muk|94/100
|
|upkeep
|turn|3
|
|t:|1776059341
|move|p1a: Pecharunt|Parting Shot|p2a: Muk
|-unboost|p2a: Muk|atk|1
|-unboost|p2a: Muk|spa|1
|
|t:|1776059342
|switch|p1a: Iron Hands|Iron Hands|100/100|[from] Parting Shot
|-enditem|p1a: Iron Hands|Booster Energy
|-activate|p1a: Iron Hands|ability: Quark Drive|[fromitem]
|-start|p1a: Iron Hands|quarkdriveatk
|move|p2a: Muk|Knock Off|p1a: Iron Hands
|-resisted|p1a: Iron Hands
|-damage|p1a: Iron Hands|94/100
|
|upkeep
|turn|4
|
|t:|1776059352
|switch|p2a: Weezing|Weezing-Galar, M|95/100
|move|p1a: Iron Hands|Supercell Slam|p2a: Weezing
|-damage|p2a: Weezing|44/100
|-damage|p1a: Iron Hands|77/100|[from] item: Rocky Helmet|[of] p2a: Weezing
|
|upkeep
|turn|5
|
|t:|1776059358
|move|p1a: Iron Hands|Supercell Slam|p2a: Weezing
|-damage|p2a: Weezing|0 fnt
|-damage|p1a: Iron Hands|60/100|[from] item: Rocky Helmet|[of] p2a: Weezing
|faint|p2a: Weezing
|
|upkeep
|
|t:|1776059361
|switch|p2a: Vileplume|Vileplume, M|100/100
|turn|6
|
|t:|1776059389
|-end|p1a: Iron Hands|Quark Drive|[silent]
|switch|p1a: Pecharunt|Pecharunt|100/100
|move|p2a: Vileplume|Strength Sap|p1a: Pecharunt
|-unboost|p1a: Pecharunt|atk|1
|
|upkeep
|turn|7
|
|t:|1776059398
|move|p1a: Pecharunt|Parting Shot|p2a: Vileplume
|-unboost|p2a: Vileplume|atk|1
|-unboost|p2a: Vileplume|spa|1
|
|t:|1776059402
|switch|p1a: Kingambit|Kingambit, F|100/100|[from] Parting Shot
|move|p2a: Vileplume|Leech Seed|p1a: Kingambit
|-start|p1a: Kingambit|move: Leech Seed
|
|-damage|p1a: Kingambit|88/100|[from] Leech Seed|[of] p2a: Vileplume
|upkeep
|turn|8
|
|t:|1776059407
|-end|p1a: Kingambit|fallenundefined|[silent]
|switch|p1a: Pecharunt|Pecharunt|100/100
|move|p2a: Vileplume|Strength Sap|p1a: Pecharunt
|-unboost|p1a: Pecharunt|atk|1
|
|upkeep
|turn|9
|
|t:|1776059411
|move|p1a: Pecharunt|Shadow Ball|p2a: Vileplume
|-damage|p2a: Vileplume|75/100
|move|p2a: Vileplume|Sludge Wave|p1a: Pecharunt
|-resisted|p1a: Pecharunt
|-damage|p1a: Pecharunt|95/100
|
|-heal|p2a: Vileplume|81/100|[from] item: Leftovers
|upkeep
|turn|10
|
|t:|1776059418
|switch|p2a: Muk|Muk-Alola, M|94/100
|move|p1a: Pecharunt|Shadow Ball|p2a: Muk
|-resisted|p2a: Muk
|-damage|p2a: Muk|87/100
|
|upkeep
|turn|11
|
|t:|1776059424
|move|p1a: Pecharunt|Parting Shot|p2a: Muk
|-unboost|p2a: Muk|atk|1
|-unboost|p2a: Muk|spa|1
|
|t:|1776059428
|switch|p1a: Iron Hands|Iron Hands|60/100|[from] Parting Shot
|move|p2a: Muk|Knock Off|p1a: Iron Hands
|-resisted|p1a: Iron Hands
|-damage|p1a: Iron Hands|53/100
|-status|p1a: Iron Hands|psn|[from] ability: Poison Touch|[of] p2a: Muk
|
|-damage|p1a: Iron Hands|41/100 psn|[from] psn
|upkeep
|turn|12
|
|t:|1776059431
|switch|p2a: Vileplume|Vileplume, M|81/100
|move|p1a: Iron Hands|Earthquake|p2a: Vileplume
|-damage|p2a: Vileplume|51/100
|
|-heal|p2a: Vileplume|57/100|[from] item: Leftovers
|-damage|p1a: Iron Hands|29/100 psn|[from] psn
|upkeep
|turn|13
|
|t:|1776059437
|-end|p1a: Iron Hands|Quark Drive|[silent]
|switch|p1a: Hatterene|Hatterene, F|100/100
|move|p2a: Vileplume|Strength Sap|p1a: Hatterene
|move|p1a: Hatterene|Strength Sap|p2a: Vileplume|[from] ability: Magic Bounce
|-unboost|p2a: Vileplume|atk|1
|
|-heal|p2a: Vileplume|63/100|[from] item: Leftovers
|upkeep
|turn|14
|
|t:|1776059449
|switch|p2a: Muk|Muk-Alola, M|87/100
|switch|p1a: Kingambit|Kingambit, F|88/100
|
|upkeep
|turn|15
|
|t:|1776059476
|-end|p1a: Kingambit|fallenundefined|[silent]
|switch|p1a: Hatterene|Hatterene, F|100/100
|move|p2a: Muk|Drain Punch|p1a: Hatterene
|-resisted|p1a: Hatterene
|-damage|p1a: Hatterene|95/100
|-heal|p2a: Muk|89/100|[from] drain|[of] p1a: Hatterene
|-damage|p2a: Muk|73/100|[from] item: Rocky Helmet|[of] p1a: Hatterene
|-status|p1a: Hatterene|psn|[from] ability: Poison Touch|[of] p2a: Muk
|
|-damage|p1a: Hatterene|83/100 psn|[from] psn
|upkeep
|turn|16
|
|t:|1776059488
|move|p2a: Muk|Knock Off|p1a: Hatterene
|-damage|p1a: Hatterene|44/100 psn
|-damage|p2a: Muk|56/100|[from] item: Rocky Helmet|[of] p1a: Hatterene
|-enditem|p1a: Hatterene|Rocky Helmet|[from] move: Knock Off|[of] p2a: Muk
|move|p1a: Hatterene|Nuzzle|p2a: Muk
|-damage|p2a: Muk|52/100
|-status|p2a: Muk|par
|
|-damage|p1a: Hatterene|32/100 psn|[from] psn
|upkeep
|turn|17
|
|t:|1776059495
|move|p1a: Hatterene|Draining Kiss|p2a: Muk
|-damage|p2a: Muk|39/100 par
|-heal|p1a: Hatterene|45/100 psn|[from] drain|[of] p2a: Muk
|move|p2a: Muk|Poison Jab|p1a: Hatterene
|-supereffective|p1a: Hatterene
|-damage|p1a: Hatterene|0 fnt
|faint|p1a: Hatterene
|
|upkeep
|
|t:|1776059508
|switch|p1a: Iron Hands|Iron Hands|29/100 psn
|turn|18
|
|t:|1776059511
|switch|p2a: Vileplume|Vileplume, M|63/100
|move|p1a: Iron Hands|Earthquake|p2a: Vileplume
|-damage|p2a: Vileplume|33/100
|
|-heal|p2a: Vileplume|39/100|[from] item: Leftovers
|-damage|p1a: Iron Hands|16/100 psn|[from] psn
|upkeep
|turn|19
|
|t:|1776059514
|move|p1a: Iron Hands|Ice Punch|p2a: Vileplume
|-supereffective|p2a: Vileplume
|-damage|p2a: Vileplume|0 fnt
|faint|p2a: Vileplume
|
|-damage|p1a: Iron Hands|4/100 psn|[from] psn
|upkeep
|
|t:|1776059519
|switch|p2a: Glimmora|Glimmora, F|100/100
|-item|p2a: Glimmora|Air Balloon
|turn|20
|
|t:|1776059524
|move|p2a: Glimmora|Earth Power|p1a: Iron Hands
|-supereffective|p1a: Iron Hands
|-damage|p1a: Iron Hands|0 fnt
|faint|p1a: Iron Hands
|-end|p1a: Iron Hands|Quark Drive|[silent]
|
|upkeep
|
|t:|1776059534
|switch|p1a: Ogerpon|Ogerpon, F|84/100
|turn|21
|
|t:|1776059540
|move|p1a: Ogerpon|Power Whip|p2a: Glimmora
|-damage|p2a: Glimmora|1/100
|-activate|p2a: Glimmora|ability: Toxic Debris
|-sidestart|p1: DoubleBaggerDavis|move: Toxic Spikes
|-enditem|p2a: Glimmora|Air Balloon
|move|p2a: Glimmora|Stealth Rock|p1a: Ogerpon
|-sidestart|p1: DoubleBaggerDavis|move: Stealth Rock
|
|upkeep
|turn|22
|
|t:|1776059549
|move|p1a: Ogerpon|Power Whip|p2a: Glimmora
|-damage|p2a: Glimmora|0 fnt
|-activate|p2a: Glimmora|ability: Toxic Debris
|-sidestart|p1: DoubleBaggerDavis|move: Toxic Spikes
|faint|p2a: Glimmora
|
|upkeep
|
|t:|1776059551
|switch|p2a: Grafaiai|Grafaiai, M|100/100
|turn|23
|
|t:|1776059561
|move|p2a: Grafaiai|Substitute|p2a: Grafaiai
|-start|p2a: Grafaiai|Substitute
|-damage|p2a: Grafaiai|76/100
|move|p1a: Ogerpon|Power Whip|p2a: Grafaiai
|-resisted|p2a: Grafaiai
|-end|p2a: Grafaiai|Substitute
|
|upkeep
|turn|24
|
|t:|1776059572
|move|p2a: Grafaiai|Scary Face|p1a: Ogerpon
|-unboost|p1a: Ogerpon|spe|2
|-ability|p1a: Ogerpon|Defiant|boost
|-boost|p1a: Ogerpon|atk|2
|move|p1a: Ogerpon|Power Whip|p2a: Grafaiai
|-resisted|p2a: Grafaiai
|-damage|p2a: Grafaiai|0 fnt
|faint|p2a: Grafaiai
|
|upkeep
|
|t:|1776059575
|switch|p2a: Muk|Muk-Alola, M|39/100 par
|turn|25
|
|t:|1776059580
|move|p1a: Ogerpon|Power Whip|p2a: Muk
|-resisted|p2a: Muk
|-crit|p2a: Muk
|-damage|p2a: Muk|0 fnt
|faint|p2a: Muk
|
|upkeep
|c|☆DoubleBaggerDavis|???
|
|t:|1776059582
|switch|p2a: Gengar|Gengar, M|100/100
|turn|26
|
|t:|1776059585
|move|p2a: Gengar|Sludge Wave|p1a: Ogerpon
|-supereffective|p1a: Ogerpon
|-damage|p1a: Ogerpon|0 fnt
|faint|p1a: Ogerpon
|
|upkeep
|-message|FairyManiac0108 forfeited.
|
|win|DoubleBaggerDavis
|raw|DoubleBaggerDavis's rating: 1333 &rarr; <strong>1352</strong><br />(+19 for winning)
|raw|FairyManiac0108's rating: 1323 &rarr; <strong>1304</strong><br />(-19 for losing)
|l|☆FairyManiac0108
|player|p2|
