|html|<div class="broadcast-blue"><strong>[Gen 9] OU is currently suspecting Tera Blast! For information on how to participate check out the <a href="https://www.smogon.com/tools/suspects/view/200">suspect thread</a>.</strong></div>
|j|☆PureSkillLol
|j|☆ceo o wo chien
|t:|1776059967
|gametype|singles
|player|p1|PureSkillLol|guzma|1660
|player|p2|ceo o wo chien|fisherman-gen4|1729
|gen|9
|tier|[Gen 9] OU
|rated|
|rule|HP Percentage Mod: HP is shown in percentages
|rule|Endless Battle Clause: Forcing endless battles is banned
|rule|Species Clause: Limit one of each Pokémon
|rule|OHKO Clause: OHKO moves are banned
|rule|Evasion Items Clause: Evasion items are banned
|rule|Evasion Moves Clause: Evasion moves are banned
|rule|Evasion Abilities Clause: Evasion abilities are banned
|rule|Sleep Moves Clause: Sleep-inducing moves are banned
|clearpoke
|poke|p1|Lokix, F|
|poke|p1|Gholdengo|
|poke|p1|Alomomola, M|
|poke|p1|Great Tusk|
|poke|p1|Zapdos|
|poke|p1|Deoxys-Speed|
|poke|p2|Wo-Chien|
|poke|p2|Clefable, M|
|poke|p2|Gholdengo|
|poke|p2|Great Tusk|
|poke|p2|Dragonite, F|
|poke|p2|Garganacl, M|
|teampreview
|inactive|Battle timer is ON: inactive players will automatically lose when time's up. (requested by ceo o wo chien)
|
|t:|1776059976
|teamsize|p1|6
|teamsize|p2|6
|start
|switch|p1a: Lokix|Lokix, F|100/100
|switch|p2a: Clefable|Clefable, M|100/100
|turn|1
|
|t:|1776059982
|move|p1a: Lokix|U-turn|p2a: Clefable
|-resisted|p2a: Clefable
|-damage|p2a: Clefable|51/100
|
|t:|1776059989
|switch|p1a: Deoxys|Deoxys-Speed|100/100|[from] U-turn
|-ability|p1a: Deoxys|Pressure
|move|p2a: Clefable|Calm Mind|p2a: Clefable
|-boost|p2a: Clefable|spa|1
|-boost|p2a: Clefable|spd|1
|
|upkeep
|turn|2
|
|t:|1776059996
|move|p1a: Deoxys|Psycho Boost|p2a: Clefable
|-damage|p2a: Clefable|12/100
|-unboost|p1a: Deoxys|spa|2
|-enditem|p1a: Deoxys|Eject Pack
|
|t:|1776059998
|switch|p1a: Gholdengo|Gholdengo|100/100
|-item|p1a: Gholdengo|Air Balloon
|move|p2a: Clefable|Moonblast|p1a: Gholdengo
|-resisted|p1a: Gholdengo
|-damage|p1a: Gholdengo|57/100
|-unboost|p1a: Gholdengo|spa|1
|-enditem|p1a: Gholdengo|Air Balloon
|
|upkeep
|turn|3
|
|t:|1776060003
|switch|p2a: Young Money|Gholdengo|100/100
|move|p1a: Gholdengo|Make It Rain|p2a: Young Money
|-resisted|p2a: Young Money
|-damage|p2a: Young Money|78/100
|-unboost|p1a: Gholdengo|spa|1
|
|upkeep
|turn|4
|
|t:|1776060007
|switch|p1a: Alomomola|Alomomola, M|100/100
|move|p2a: Young Money|Trick|p1a: Alomomola
|-activate|p2a: Young Money|move: Trick|[of] p1a: Alomomola
|-item|p1a: Alomomola|Choice Scarf|[from] move: Trick
|-item|p2a: Young Money|Assault Vest|[from] move: Trick
|
|upkeep
|turn|5
|
|t:|1776060012
|switch|p2a: Garganacl|Garganacl, M|100/100
|move|p1a: Alomomola|Flip Turn|p2a: Garganacl
|-supereffective|p2a: Garganacl
|-damage|p2a: Garganacl|79/100
|
|t:|1776060018
|switch|p1a: Great Tusk|Great Tusk|100/100|[from] Flip Turn
|
|-heal|p2a: Garganacl|85/100|[from] item: Leftovers
|upkeep
|turn|6
|
|t:|1776060023
|switch|p2a: Escargoat|Wo-Chien|100/100
|-ability|p2a: Escargoat|Tablets of Ruin
|move|p1a: Great Tusk|Stealth Rock|p2a: Escargoat
|-sidestart|p2: ceo o wo chien|move: Stealth Rock
|
|upkeep
|turn|7
|
|t:|1776060027
|-end|p1a: Great Tusk|Protosynthesis|[silent]
|switch|p1a: Zapdos|Zapdos|100/100
|move|p2a: Escargoat|Stun Spore|p1a: Zapdos
|-immune|p1a: Zapdos
|
|upkeep
|turn|8
|
|t:|1776060031
|move|p1a: Zapdos|Hurricane|p2a: Escargoat
|-supereffective|p2a: Escargoat
|-damage|p2a: Escargoat|32/100
|-start|p2a: Escargoat|confusion
|-activate|p2a: Escargoat|confusion
|move|p2a: Escargoat|Leech Seed|p1a: Zapdos
|-start|p1a: Zapdos|move: Leech Seed
|
|-heal|p2a: Escargoat|38/100|[from] item: Leftovers
|-damage|p1a: Zapdos|88/100|[from] Leech Seed|[of] p2a: Escargoat
|-heal|p2a: Escargoat|50/100|[silent]
|upkeep
|turn|9
|
|t:|1776060037
|-end|p2a: Escargoat|confusion
|move|p2a: Escargoat|Protect|p2a: Escargoat
|-singleturn|p2a: Escargoat|Protect
|move|p1a: Zapdos|Volt Switch|p2a: Escargoat
|-activate|p2a: Escargoat|move: Protect
|
|-heal|p2a: Escargoat|57/100|[from] item: Leftovers
|-damage|p1a: Zapdos|75/100|[from] Leech Seed|[of] p2a: Escargoat
|-heal|p2a: Escargoat|69/100|[silent]
|upkeep
|turn|10
|
|t:|1776060045
|switch|p1a: Deoxys|Deoxys-Speed|100/100
|-ability|p1a: Deoxys|Pressure
|move|p2a: Escargoat|Foul Play|p1a: Deoxys
|-supereffective|p1a: Deoxys
|-damage|p1a: Deoxys|0 fnt
|faint|p1a: Deoxys
|
|-heal|p2a: Escargoat|76/100|[from] item: Leftovers
|upkeep
|
|t:|1776060048
|switch|p1a: Lokix|Lokix, F|100/100
|turn|11
|
|t:|1776060050
|move|p2a: Escargoat|Protect|p2a: Escargoat
|-singleturn|p2a: Escargoat|Protect
|move|p1a: Lokix|U-turn|p2a: Escargoat
|-activate|p2a: Escargoat|move: Protect
|
|-heal|p2a: Escargoat|82/100|[from] item: Leftovers
|upkeep
|turn|12
|
|t:|1776060056
|switch|p2a: Young Money|Gholdengo|78/100
|-damage|p2a: Young Money|72/100|[from] Stealth Rock
|move|p1a: Lokix|U-turn|p2a: Young Money
|-resisted|p2a: Young Money
|-damage|p2a: Young Money|42/100
|
|t:|1776060064
|switch|p1a: Alomomola|Alomomola, M|100/100|[from] U-turn
|
|upkeep
|turn|13
|
|t:|1776060072
|move|p2a: Young Money|Shadow Ball|p1a: Alomomola
|-damage|p1a: Alomomola|70/100
|-unboost|p1a: Alomomola|spd|1
|move|p1a: Alomomola|Flip Turn|p2a: Young Money
|-damage|p2a: Young Money|23/100
|
|t:|1776060076
|switch|p1a: Lokix|Lokix, F|100/100|[from] Flip Turn
|
|upkeep
|turn|14
|
|t:|1776060080
|move|p1a: Lokix|First Impression|p2a: Young Money
|-resisted|p2a: Young Money
|-damage|p2a: Young Money|0 fnt
|faint|p2a: Young Money
|
|upkeep
|
|t:|1776060084
|switch|p2a: Clefable|Clefable, M|12/100
|turn|15
|
|t:|1776060087
|switch|p1a: Gholdengo|Gholdengo|57/100
|move|p2a: Clefable|Flamethrower|p1a: Gholdengo
|-supereffective|p1a: Gholdengo
|-damage|p1a: Gholdengo|0 fnt
|faint|p1a: Gholdengo
|
|upkeep
|
|t:|1776060090
|switch|p1a: Lokix|Lokix, F|100/100
|turn|16
|
|t:|1776060093
|switch|p2a: Great Tusk|Great Tusk|100/100
|move|p1a: Lokix|First Impression|p2a: Great Tusk
|-resisted|p2a: Great Tusk
|-damage|p2a: Great Tusk|50/100
|
|upkeep
|turn|17
|
|t:|1776060098
|switch|p1a: Zapdos|Zapdos|75/100
|move|p2a: Great Tusk|Rapid Spin|p1a: Zapdos
|-damage|p1a: Zapdos|64/100
|-boost|p2a: Great Tusk|spe|1
|-sideend|p2: ceo o wo chien|Stealth Rock|[from] move: Rapid Spin|[of] p2a: Great Tusk
|
|upkeep
|turn|18
|
|t:|1776060101
|-end|p2a: Great Tusk|Protosynthesis|[silent]
|switch|p2a: Garganacl|Garganacl, M|85/100
|move|p1a: Zapdos|Hurricane|p2a: Garganacl|[miss]
|-miss|p1a: Zapdos|p2a: Garganacl
|
|-heal|p2a: Garganacl|92/100|[from] item: Leftovers
|upkeep
|turn|19
|
|t:|1776060104
|move|p1a: Zapdos|Volt Switch|p2a: Garganacl
|-damage|p2a: Garganacl|73/100
|
|t:|1776060105
|switch|p1a: Great Tusk|Great Tusk|100/100|[from] Volt Switch
|move|p2a: Garganacl|Salt Cure|p1a: Great Tusk
|-resisted|p1a: Great Tusk
|-damage|p1a: Great Tusk|98/100
|-start|p1a: Great Tusk|Salt Cure
|
|-heal|p2a: Garganacl|79/100|[from] item: Leftovers
|-damage|p1a: Great Tusk|86/100|[from] Salt Cure
|upkeep
|turn|20
|
|t:|1776060107
|move|p1a: Great Tusk|Stealth Rock|p2a: Garganacl
|-sidestart|p2: ceo o wo chien|move: Stealth Rock
|move|p2a: Garganacl|Stealth Rock|p1a: Great Tusk
|-sidestart|p1: PureSkillLol|move: Stealth Rock
|
|-heal|p2a: Garganacl|85/100|[from] item: Leftovers
|-damage|p1a: Great Tusk|74/100|[from] Salt Cure
|upkeep
|turn|21
|
|t:|1776060110
|move|p2a: Garganacl|Protect|p2a: Garganacl
|-singleturn|p2a: Garganacl|Protect
|move|p1a: Great Tusk|Rapid Spin|p2a: Garganacl
|-activate|p2a: Garganacl|move: Protect
|
|-heal|p2a: Garganacl|92/100|[from] item: Leftovers
|-damage|p1a: Great Tusk|62/100|[from] Salt Cure
|upkeep
|turn|22
|
|t:|1776060112
|move|p1a: Great Tusk|Rapid Spin|p2a: Garganacl
|-resisted|p2a: Garganacl
|-damage|p2a: Garganacl|85/100
|-boost|p1a: Great Tusk|spe|1
|-sideend|p1: PureSkillLol|Stealth Rock|[from] move: Rapid Spin|[of] p1a: Great Tusk
|move|p2a: Garganacl|Salt Cure|p1a: Great Tusk
|-resisted|p1a: Great Tusk
|-damage|p1a: Great Tusk|59/100
|
|-heal|p2a: Garganacl|92/100|[from] item: Leftovers
|-damage|p1a: Great Tusk|47/100|[from] Salt Cure
|upkeep
|turn|23
|
|t:|1776060116
|-end|p1a: Great Tusk|Protosynthesis|[silent]
|switch|p1a: Lokix|Lokix, F|100/100
|move|p2a: Garganacl|Stealth Rock|p1a: Lokix
|-sidestart|p1: PureSkillLol|move: Stealth Rock
|
|-heal|p2a: Garganacl|98/100|[from] item: Leftovers
|upkeep
|turn|24
|
|t:|1776060120
|move|p1a: Lokix|U-turn|p2a: Garganacl
|-damage|p2a: Garganacl|62/100
|
|t:|1776060122
|switch|p1a: Great Tusk|Great Tusk|47/100|[from] U-turn
|move|p2a: Garganacl|Salt Cure|p1a: Great Tusk
|-resisted|p1a: Great Tusk
|-damage|p1a: Great Tusk|44/100
|-start|p1a: Great Tusk|Salt Cure
|
|-heal|p2a: Garganacl|68/100|[from] item: Leftovers
|-damage|p1a: Great Tusk|32/100|[from] Salt Cure
|upkeep
|turn|25
|
|t:|1776060128
|move|p2a: Garganacl|Protect|p2a: Garganacl
|-singleturn|p2a: Garganacl|Protect
|move|p1a: Great Tusk|Headlong Rush|p2a: Garganacl
|-activate|p2a: Garganacl|move: Protect
|
|-heal|p2a: Garganacl|75/100|[from] item: Leftovers
|-damage|p1a: Great Tusk|20/100|[from] Salt Cure
|upkeep
|turn|26
|
|t:|1776060132
|move|p1a: Great Tusk|Headlong Rush|p2a: Garganacl
|-supereffective|p2a: Garganacl
|-damage|p2a: Garganacl|0 fnt
|-unboost|p1a: Great Tusk|def|1
|-unboost|p1a: Great Tusk|spd|1
|faint|p2a: Garganacl
|
|-damage|p1a: Great Tusk|8/100|[from] Salt Cure
|upkeep
|
|t:|1776060135
|switch|p2a: Great Tusk|Great Tusk|50/100
|turn|27
|
|t:|1776060139
|-end|p1a: Great Tusk|Protosynthesis|[silent]
|switch|p1a: Zapdos|Zapdos|64/100
|move|p2a: Great Tusk|Knock Off|p1a: Zapdos
|-damage|p1a: Zapdos|40/100
|-enditem|p1a: Zapdos|Heavy-Duty Boots|[from] move: Knock Off|[of] p2a: Great Tusk
|
|upkeep
|turn|28
|
|t:|1776060141
|move|p2a: Great Tusk|Ice Spinner|p1a: Zapdos
|-supereffective|p1a: Zapdos
|-damage|p1a: Zapdos|0 fnt
|-status|p2a: Great Tusk|par|[from] ability: Static|[of] p1a: Zapdos
|faint|p1a: Zapdos
|
|upkeep
|j| No Bithes?????
|
|t:|1776060150
|switch|p1a: Great Tusk|Great Tusk|8/100
|turn|29
|
|t:|1776060153
|move|p1a: Great Tusk|Rapid Spin|p2a: Great Tusk
|-damage|p2a: Great Tusk|38/100 par
|-boost|p1a: Great Tusk|spe|1
|-sideend|p1: PureSkillLol|Stealth Rock|[from] move: Rapid Spin|[of] p1a: Great Tusk
|move|p2a: Great Tusk|Rapid Spin|p1a: Great Tusk
|-damage|p1a: Great Tusk|0 fnt
|-boost|p2a: Great Tusk|spe|1
|-sideend|p2: ceo o wo chien|Stealth Rock|[from] move: Rapid Spin|[of] p2a: Great Tusk
|faint|p1a: Great Tusk
|-end|p1a: Great Tusk|Protosynthesis|[silent]
|
|upkeep
|
|t:|1776060155
|switch|p1a: Lokix|Lokix, F|100/100
|turn|30
|
|t:|1776060159
|-terastallize|p1a: Lokix|Bug
|move|p1a: Lokix|U-turn|p2a: Great Tusk
|-resisted|p2a: Great Tusk
|-damage|p2a: Great Tusk|0 fnt
|faint|p2a: Great Tusk
|-end|p2a: Great Tusk|Protosynthesis|[silent]
|
|t:|1776060162
|switch|p1a: Alomomola|Alomomola, M|100/100|[from] U-turn
|
|upkeep
|
|t:|1776060167
|switch|p2a: Escargoat|Wo-Chien|82/100
|-ability|p2a: Escargoat|Tablets of Ruin
|turn|31
|
|t:|1776060169
|move|p2a: Escargoat|Stun Spore|p1a: Alomomola
|-status|p1a: Alomomola|par
|cant|p1a: Alomomola|par
|
|-heal|p2a: Escargoat|88/100|[from] item: Leftovers
|upkeep
|turn|32
|
|t:|1776060173
|move|p2a: Escargoat|Foul Play|p1a: Alomomola
|-damage|p1a: Alomomola|80/100 par
|move|p1a: Alomomola|Flip Turn|p2a: Escargoat
|-resisted|p2a: Escargoat
|-damage|p2a: Escargoat|83/100
|
|t:|1776060175
|switch|p1a: Lokix|Lokix, F, tera:Bug|100/100|[from] Flip Turn
|
|-heal|p2a: Escargoat|90/100|[from] item: Leftovers
|upkeep
|turn|33
|
|t:|1776060180
|-terastallize|p2a: Escargoat|Poison
|move|p1a: Lokix|U-turn|p2a: Escargoat
|-resisted|p2a: Escargoat
|-damage|p2a: Escargoat|52/100
|
|t:|1776060183
|switch|p1a: Alomomola|Alomomola, M|100/100 par|[from] U-turn
|move|p2a: Escargoat|Leech Seed|p1a: Alomomola
|-start|p1a: Alomomola|move: Leech Seed
|
|-heal|p2a: Escargoat|58/100|[from] item: Leftovers
|-damage|p1a: Alomomola|88/100 par|[from] Leech Seed|[of] p2a: Escargoat
|-heal|p2a: Escargoat|76/100|[silent]
|upkeep
|turn|34
|
|t:|1776060189
|switch|p1a: Lokix|Lokix, F, tera:Bug|100/100
|move|p2a: Escargoat|Stun Spore|p1a: Lokix|[miss]
|-miss|p2a: Escargoat|p1a: Lokix
|
|-heal|p2a: Escargoat|82/100|[from] item: Leftovers
|upkeep
|turn|35
|
|t:|1776060194
|move|p2a: Escargoat|Protect|p2a: Escargoat
|-singleturn|p2a: Escargoat|Protect
|move|p1a: Lokix|Knock Off|p2a: Escargoat
|-activate|p2a: Escargoat|move: Protect
|
|-heal|p2a: Escargoat|88/100|[from] item: Leftovers
|upkeep
|turn|36
|
|t:|1776060197
|move|p1a: Lokix|Knock Off|p2a: Escargoat
|-damage|p2a: Escargoat|48/100
|-enditem|p2a: Escargoat|Leftovers|[from] move: Knock Off|[of] p1a: Lokix
|move|p2a: Escargoat|Stun Spore|p1a: Lokix
|-status|p1a: Lokix|par
|
|upkeep
|turn|37
|
|t:|1776060200
|switch|p1a: Alomomola|Alomomola, M|100/100 par
|move|p2a: Escargoat|Leech Seed|p1a: Alomomola
|-start|p1a: Alomomola|move: Leech Seed
|
|-damage|p1a: Alomomola|88/100 par|[from] Leech Seed|[of] p2a: Escargoat
|-heal|p2a: Escargoat|66/100|[silent]
|upkeep
|turn|38
|
|t:|1776060202
|switch|p1a: Lokix|Lokix, F, tera:Bug|100/100 par
|move|p2a: Escargoat|Leech Seed|p1a: Lokix|[miss]
|-miss|p2a: Escargoat|p1a: Lokix
|
|upkeep
|turn|39
|
|t:|1776060206
|move|p2a: Escargoat|Foul Play|p1a: Lokix
|-damage|p1a: Lokix|33/100 par
|move|p1a: Lokix|Leech Life|p2a: Escargoat
|-resisted|p2a: Escargoat
|-damage|p2a: Escargoat|27/100
|-heal|p1a: Lokix|59/100 par|[from] drain|[of] p2a: Escargoat
|
|upkeep
|turn|40
|
|t:|1776060211
|switch|p1a: Alomomola|Alomomola, M|100/100 par
|move|p2a: Escargoat|Leech Seed|p1a: Alomomola
|-start|p1a: Alomomola|move: Leech Seed
|
|-damage|p1a: Alomomola|88/100 par|[from] Leech Seed|[of] p2a: Escargoat
|-heal|p2a: Escargoat|45/100|[silent]
|upkeep
|turn|41
|
|t:|1776060214
|move|p2a: Escargoat|Protect|p2a: Escargoat
|-singleturn|p2a: Escargoat|Protect
|move|p1a: Alomomola|Flip Turn|p2a: Escargoat
|-activate|p2a: Escargoat|move: Protect
|
|-damage|p1a: Alomomola|76/100 par|[from] Leech Seed|[of] p2a: Escargoat
|-heal|p2a: Escargoat|63/100|[silent]
|upkeep
|turn|42
|
|t:|1776060215
|move|p2a: Escargoat|Foul Play|p1a: Alomomola
|-damage|p1a: Alomomola|56/100 par
|move|p1a: Alomomola|Flip Turn|p2a: Escargoat
|-damage|p2a: Escargoat|54/100
|
|t:|1776060217
|switch|p1a: Lokix|Lokix, F, tera:Bug|59/100 par|[from] Flip Turn
|
|upkeep
|turn|43
|
|t:|1776060220
|move|p2a: Escargoat|Foul Play|p1a: Lokix
|-damage|p1a: Lokix|0 fnt
|faint|p1a: Lokix
|
|upkeep
|l| No Bithes?????
|-message|PureSkillLol forfeited.
|
|win|ceo o wo chien
|raw|PureSkillLol's rating: 1660 &rarr; <strong>1644</strong><br />(-16 for losing)
|raw|ceo o wo chien's rating: 1729 &rarr; <strong>1745</strong><br />(+16 for winning)
|l|☆PureSkillLol
|player|p1|
|l|☆ceo o wo chien
|player|p2|
