|html|<div class="broadcast-blue"><strong>[Gen 9] OU is currently suspecting Volcarona! For information on how to participate check out the <a href="https://www.smogon.com/tools/suspects/view/208">suspect thread</a>.</strong></div>
|j|☆yichengjin
|j|☆newbiegurl
|t:|1778501376
|gametype|singles
|player|p1|yichengjin|2|1087
|player|p2|newbiegurl|pokekid|1066
|gen|9
|tier|[Gen 9] OU
|rated|
|rule|HP Percentage Mod: HP is shown in percentages
|rule|Endless Battle Clause: Forcing endless battles is banned
|rule|Species Clause: Limit one of each Pokémon
|rule|OHKO Clause: OHKO moves are banned
|rule|Evasion Items Clause: Evasion items are banned
|rule|Evasion Moves Clause: Evasion moves are banned
|rule|Evasion Abilities Clause: Evasion abilities are banned
|rule|Sleep Moves Clause: Sleep-inducing moves are banned
|clearpoke
|poke|p1|Walking Wake|
|poke|p1|Great Tusk|
|poke|p1|Torkoal, M|
|poke|p1|Hatterene, F|
|poke|p1|Corviknight, F|
|poke|p1|Arcanine-Hisui, F|
|poke|p2|Blaziken, F|
|poke|p2|Eelektrik, F|
|poke|p2|Maushold|
|poke|p2|Sinistcha-Masterpiece|
|poke|p2|Thundurus, M|
|poke|p2|Slither Wing|
|teampreview
|
|t:|1778501382
|teamsize|p1|6
|teamsize|p2|6
|start
|switch|p1a: Torkoal|Torkoal, M|100/100
|switch|p2a: Maushold|Maushold, shiny|100/100
|-weather|SunnyDay|[from] ability: Drought|[of] p1a: Torkoal
|turn|1
|
|t:|1778501407
|switch|p1a: Arcanine|Arcanine-Hisui, F|100/100
|move|p2a: Maushold|Population Bomb|p1a: Arcanine
|-resisted|p1a: Arcanine
|-damage|p1a: Arcanine|92/100
|-resisted|p1a: Arcanine
|-damage|p1a: Arcanine|84/100
|-resisted|p1a: Arcanine
|-crit|p1a: Arcanine
|-damage|p1a: Arcanine|70/100
|-resisted|p1a: Arcanine
|-crit|p1a: Arcanine
|-damage|p1a: Arcanine|57/100
|-resisted|p1a: Arcanine
|-damage|p1a: Arcanine|49/100
|-resisted|p1a: Arcanine
|-damage|p1a: Arcanine|39/100
|-resisted|p1a: Arcanine
|-damage|p1a: Arcanine|30/100
|-resisted|p1a: Arcanine
|-damage|p1a: Arcanine|21/100
|-resisted|p1a: Arcanine
|-crit|p1a: Arcanine
|-damage|p1a: Arcanine|9/100
|-resisted|p1a: Arcanine
|-damage|p1a: Arcanine|0 fnt
|faint|p1a: Arcanine
|-hitcount|p1: Arcanine|10
|-damage|p2a: Maushold|91/100|[from] item: Life Orb
|
|-weather|SunnyDay|[upkeep]
|upkeep
|
|t:|1778501422
|switch|p1a: Great Tusk|Great Tusk|100/100
|-activate|p1a: Great Tusk|ability: Protosynthesis
|-start|p1a: Great Tusk|protosynthesisatk
|turn|2
|c|☆newbiegurl|oof
|
|t:|1778501438
|switch|p2a: Thundurus|Thundurus, M, shiny|100/100
|move|p1a: Great Tusk|Bulk Up|p1a: Great Tusk
|-boost|p1a: Great Tusk|atk|1
|-boost|p1a: Great Tusk|def|1
|
|-weather|SunnyDay|[upkeep]
|upkeep
|turn|3
|
|t:|1778501463
|-terastallize|p1a: Great Tusk|Fire
|move|p2a: Thundurus|U-turn|p1a: Great Tusk
|-resisted|p1a: Great Tusk
|-damage|p1a: Great Tusk|96/100
|
|t:|1778501470
|switch|p2a: Eelektrik|Eelektrik, F, shiny|100/100|[from] U-turn
|move|p1a: Great Tusk|Ice Spinner|p2a: Eelektrik
|-damage|p2a: Eelektrik|48/100
|
|-weather|SunnyDay|[upkeep]
|-heal|p1a: Great Tusk|100/100|[from] item: Leftovers
|upkeep
|turn|4
|
|t:|1778501482
|move|p1a: Great Tusk|Ice Spinner|p2a: Eelektrik
|-damage|p2a: Eelektrik|0 fnt
|faint|p2a: Eelektrik
|
|-weather|SunnyDay|[upkeep]
|upkeep
|
|t:|1778501518
|switch|p2a: Blaziken|Blaziken, F, shiny|100/100
|-item|p2a: Blaziken|Air Balloon
|turn|5
|
|t:|1778501524
|move|p1a: Great Tusk|Ice Spinner|p2a: Blaziken
|-resisted|p2a: Blaziken
|-damage|p2a: Blaziken|56/100
|-enditem|p2a: Blaziken|Air Balloon
|move|p2a: Blaziken|Stone Edge|p1a: Great Tusk
|-supereffective|p1a: Great Tusk
|-damage|p1a: Great Tusk|67/100
|
|-weather|SunnyDay|[upkeep]
|-heal|p1a: Great Tusk|73/100|[from] item: Leftovers
|-ability|p2a: Blaziken|Speed Boost|boost
|-boost|p2a: Blaziken|spe|1
|upkeep
|turn|6
|
|t:|1778501549
|move|p2a: Blaziken|Stone Edge|p1a: Great Tusk
|-supereffective|p1a: Great Tusk
|-damage|p1a: Great Tusk|36/100
|move|p1a: Great Tusk|Headlong Rush|p2a: Blaziken
|-supereffective|p2a: Blaziken
|-damage|p2a: Blaziken|0 fnt
|-unboost|p1a: Great Tusk|def|1
|-unboost|p1a: Great Tusk|spd|1
|faint|p2a: Blaziken
|
|-weather|SunnyDay|[upkeep]
|-heal|p1a: Great Tusk|42/100|[from] item: Leftovers
|upkeep
|
|t:|1778501561
|switch|p2a: Slither Wing|Slither Wing|100/100
|-activate|p2a: Slither Wing|ability: Protosynthesis
|-start|p2a: Slither Wing|protosynthesisatk
|turn|7
|
|t:|1778501586
|-end|p1a: Great Tusk|Protosynthesis|[silent]
|switch|p1a: Walking Wake|Walking Wake|100/100
|-activate|p1a: Walking Wake|ability: Protosynthesis
|-start|p1a: Walking Wake|protosynthesisspa
|move|p2a: Slither Wing|Close Combat|p1a: Walking Wake
|-damage|p1a: Walking Wake|27/100
|-unboost|p2a: Slither Wing|def|1
|-unboost|p2a: Slither Wing|spd|1
|
|-weather|SunnyDay|[upkeep]
|upkeep
|turn|8
|
|t:|1778501604
|move|p1a: Walking Wake|Flamethrower|p2a: Slither Wing
|-supereffective|p2a: Slither Wing
|-damage|p2a: Slither Wing|0 fnt
|faint|p2a: Slither Wing
|-end|p2a: Slither Wing|Protosynthesis|[silent]
|
|-weather|none
|-end|p1a: Walking Wake|Protosynthesis
|upkeep
|
|t:|1778501613
|switch|p2a: Maushold|Maushold, shiny|91/100
|turn|9
|
|t:|1778501639
|-end|p1a: Walking Wake|Protosynthesis|[silent]
|switch|p1a: Torkoal|Torkoal, M|100/100
|-weather|SunnyDay|[from] ability: Drought|[of] p1a: Torkoal
|move|p2a: Maushold|Population Bomb|p1a: Torkoal
|-damage|p1a: Torkoal|92/100
|-hitcount|p1a: Torkoal|1
|-damage|p2a: Maushold|81/100|[from] item: Life Orb
|
|-weather|SunnyDay|[upkeep]
|upkeep
|turn|10
|
|t:|1778501665
|-terastallize|p2a: Maushold|Ghost
|move|p2a: Maushold|Beat Up|p1a: Torkoal
|-damage|p1a: Torkoal|88/100
|-damage|p1a: Torkoal|83/100
|-damage|p1a: Torkoal|80/100
|-hitcount|p1a: Torkoal|3
|-damage|p2a: Maushold|71/100|[from] item: Life Orb
|move|p1a: Torkoal|Stealth Rock|p2a: Maushold
|-sidestart|p2: newbiegurl|move: Stealth Rock
|
|-weather|SunnyDay|[upkeep]
|upkeep
|turn|11
|
|t:|1778501686
|switch|p1a: Walking Wake|Walking Wake|27/100
|-activate|p1a: Walking Wake|ability: Protosynthesis
|-start|p1a: Walking Wake|protosynthesisspa
|move|p2a: Maushold|Tidy Up|p2a: Maushold
|-sideend|p2: newbiegurl|Stealth Rock
|-activate|p2a: Maushold|move: Tidy Up
|-boost|p2a: Maushold|atk|1
|-boost|p2a: Maushold|spe|1
|
|-weather|SunnyDay|[upkeep]
|upkeep
|turn|12
|
|t:|1778501699
|move|p2a: Maushold|Population Bomb|p1a: Walking Wake
|-damage|p1a: Walking Wake|5/100
|-damage|p1a: Walking Wake|0 fnt
|faint|p1a: Walking Wake
|-end|p1a: Walking Wake|Protosynthesis|[silent]
|-hitcount|p1: Walking Wake|2
|-damage|p2a: Maushold|62/100|[from] item: Life Orb
|
|-weather|SunnyDay|[upkeep]
|upkeep
|
|t:|1778501713
|switch|p1a: Great Tusk|Great Tusk, tera:Fire|42/100
|-activate|p1a: Great Tusk|ability: Protosynthesis
|-start|p1a: Great Tusk|protosynthesisatk
|turn|13
|
|t:|1778501725
|move|p2a: Maushold|Population Bomb|p1a: Great Tusk
|-damage|p1a: Great Tusk|27/100
|-damage|p1a: Great Tusk|12/100
|-damage|p1a: Great Tusk|0 fnt
|faint|p1a: Great Tusk
|-end|p1a: Great Tusk|Protosynthesis|[silent]
|-hitcount|p1: Great Tusk|3
|-damage|p2a: Maushold|52/100|[from] item: Life Orb
|
|-weather|SunnyDay|[upkeep]
|upkeep
|
|t:|1778501740
|switch|p1a: Torkoal|Torkoal, M|80/100
|turn|14
|
|t:|1778501747
|move|p2a: Maushold|Population Bomb|p1a: Torkoal
|-damage|p1a: Torkoal|68/100
|-damage|p1a: Torkoal|56/100
|-damage|p1a: Torkoal|44/100
|-damage|p1a: Torkoal|31/100
|-damage|p1a: Torkoal|19/100
|-damage|p1a: Torkoal|7/100
|-damage|p1a: Torkoal|0 fnt
|faint|p1a: Torkoal
|-hitcount|p1: Torkoal|7
|-damage|p2a: Maushold|42/100|[from] item: Life Orb
|
|-weather|SunnyDay|[upkeep]
|upkeep
|
|t:|1778501761
|switch|p1a: Corviknight|Corviknight, F|100/100
|-ability|p1a: Corviknight|Pressure
|turn|15
|
|t:|1778501777
|switch|p2a: Sinistcha|Sinistcha-Masterpiece, shiny|100/100
|move|p1a: Corviknight|U-turn|p2a: Sinistcha
|-damage|p2a: Sinistcha|86/100
|
|t:|1778501782
|switch|p1a: Hatterene|Hatterene, F|100/100|[from] U-turn
|
|-weather|SunnyDay|[upkeep]
|upkeep
|turn|16
|-message|yichengjin forfeited.
|
|win|newbiegurl
|raw|yichengjin's rating: 1087 &rarr; <strong>1063</strong><br />(-24 for losing)
|raw|newbiegurl's rating: 1066 &rarr; <strong>1098</strong><br />(+32 for winning)
|l|☆yichengjin
|player|p1|
|l|☆newbiegurl
|player|p2|
