|html|<div class="broadcast-blue"><strong>[Gen 9] OU is currently suspecting Tera Blast! For information on how to participate check out the <a href="https://www.smogon.com/tools/suspects/view/200">suspect thread</a>.</strong></div>
|j|☆user795680
|j|☆rolanstuff
|t:|1776332129
|gametype|singles
|player|p1|user795680|lucas|1117
|player|p2|rolanstuff|lucas|1110
|gen|9
|tier|[Gen 9] OU
|rated|
|rule|HP Percentage Mod: HP is shown in percentages
|rule|Endless Battle Clause: Forcing endless battles is banned
|rule|Species Clause: Limit one of each Pokémon
|rule|OHKO Clause: OHKO moves are banned
|rule|Evasion Items Clause: Evasion items are banned
|rule|Evasion Moves Clause: Evasion moves are banned
|rule|Evasion Abilities Clause: Evasion abilities are banned
|rule|Sleep Moves Clause: Sleep-inducing moves are banned
|clearpoke
|poke|p1|Dragapult, M|
|poke|p1|Iron Valiant|
|poke|p1|Samurott-Hisui, F|
|poke|p1|Iron Treads|
|poke|p1|Kommo-o, M|
|poke|p1|Meowscarada, F|
|poke|p2|Dragonite, F|
|poke|p2|Garganacl, M|
|poke|p2|Kommo-o, M|
|poke|p2|Darkrai|
|poke|p2|Clefable, M|
|poke|p2|Gliscor, M|
|teampreview
|inactive|Battle timer is ON: inactive players will automatically lose when time's up. (requested by rolanstuff)
|
|t:|1776332141
|teamsize|p1|6
|teamsize|p2|6
|start
|switch|p1a: Samurott|Samurott-Hisui, F|100/100
|switch|p2a: Kommo-o|Kommo-o, M|100/100
|turn|1
|
|t:|1776332155
|move|p2a: Kommo-o|Clangorous Soul|p2a: Kommo-o
|-boost|p2a: Kommo-o|atk|1
|-boost|p2a: Kommo-o|def|1
|-boost|p2a: Kommo-o|spa|1
|-boost|p2a: Kommo-o|spd|1
|-boost|p2a: Kommo-o|spe|1
|-damage|p2a: Kommo-o|68/100
|-enditem|p2a: Kommo-o|Throat Spray
|-boost|p2a: Kommo-o|spa|1|[from] item: Throat Spray
|move|p1a: Samurott|Ice Beam|p2a: Kommo-o
|-supereffective|p2a: Kommo-o
|-damage|p2a: Kommo-o|30/100
|
|upkeep
|turn|2
|
|t:|1776332171
|move|p2a: Kommo-o|Aura Sphere|p1a: Samurott
|-supereffective|p1a: Samurott
|-damage|p1a: Samurott|0 fnt
|faint|p1a: Samurott
|
|upkeep
|
|t:|1776332177
|switch|p1a: Iron Valiant|Iron Valiant|100/100
|-enditem|p1a: Iron Valiant|Booster Energy
|-activate|p1a: Iron Valiant|ability: Quark Drive|[fromitem]
|-start|p1a: Iron Valiant|quarkdrivespe
|turn|3
|
|t:|1776332193
|move|p1a: Iron Valiant|Moonblast|p2a: Kommo-o
|-supereffective|p2a: Kommo-o
|-damage|p2a: Kommo-o|0 fnt
|faint|p2a: Kommo-o
|
|upkeep
|
|t:|1776332208
|switch|p2a: Clefable|Clefable, M|100/100
|turn|4
|
|t:|1776332216
|-end|p1a: Iron Valiant|Quark Drive|[silent]
|switch|p1a: Iron Treads|Iron Treads|100/100
|-enditem|p1a: Iron Treads|Booster Energy
|-activate|p1a: Iron Treads|ability: Quark Drive|[fromitem]
|-start|p1a: Iron Treads|quarkdriveatk
|move|p2a: Clefable|Calm Mind|p2a: Clefable
|-boost|p2a: Clefable|spa|1
|-boost|p2a: Clefable|spd|1
|
|upkeep
|turn|5
|
|t:|1776332235
|-terastallize|p2a: Clefable|Fire
|move|p1a: Iron Treads|Iron Head|p2a: Clefable
|-resisted|p2a: Clefable
|-damage|p2a: Clefable|81/100
|move|p2a: Clefable|Calm Mind|p2a: Clefable
|-boost|p2a: Clefable|spa|1
|-boost|p2a: Clefable|spd|1
|
|-damage|p1a: Iron Treads|88/100|[from] item: Sticky Barb
|upkeep
|turn|6
|
|t:|1776332257
|move|p1a: Iron Treads|Earthquake|p2a: Clefable
|-supereffective|p2a: Clefable
|-damage|p2a: Clefable|0 fnt
|faint|p2a: Clefable
|
|-damage|p1a: Iron Treads|76/100|[from] item: Sticky Barb
|upkeep
|
|t:|1776332268
|switch|p2a: Gliscor|Gliscor, M|100/100
|turn|7
|
|t:|1776332290
|move|p1a: Iron Treads|Iron Head|p2a: Gliscor
|-damage|p2a: Gliscor|64/100
|move|p2a: Gliscor|Swords Dance|p2a: Gliscor
|-boost|p2a: Gliscor|atk|2
|
|-damage|p1a: Iron Treads|63/100|[from] item: Sticky Barb
|-status|p2a: Gliscor|tox|[from] item: Toxic Orb
|upkeep
|turn|8
|
|t:|1776332303
|move|p1a: Iron Treads|Iron Head|p2a: Gliscor
|-damage|p2a: Gliscor|28/100 tox
|cant|p2a: Gliscor|flinch
|
|-heal|p2a: Gliscor|40/100 tox|[from] ability: Poison Heal
|-damage|p1a: Iron Treads|51/100|[from] item: Sticky Barb
|upkeep
|turn|9
|
|t:|1776332312
|move|p1a: Iron Treads|Iron Head|p2a: Gliscor
|-damage|p2a: Gliscor|1/100 tox
|move|p2a: Gliscor|Substitute|p2a: Gliscor
|-fail|p2a: Gliscor|move: Substitute|[weak]
|
|-heal|p2a: Gliscor|13/100 tox|[from] ability: Poison Heal
|-damage|p1a: Iron Treads|38/100|[from] item: Sticky Barb
|upkeep
|turn|10
|
|t:|1776332320
|move|p1a: Iron Treads|Iron Head|p2a: Gliscor
|-damage|p2a: Gliscor|0 fnt
|faint|p2a: Gliscor
|
|-damage|p1a: Iron Treads|26/100|[from] item: Sticky Barb
|upkeep
|
|t:|1776332322
|switch|p2a: Garganacl|Garganacl, M|100/100
|turn|11
|
|t:|1776332330
|move|p1a: Iron Treads|Earthquake|p2a: Garganacl
|-supereffective|p2a: Garganacl
|-damage|p2a: Garganacl|22/100
|move|p2a: Garganacl|Salt Cure|p1a: Iron Treads
|-resisted|p1a: Iron Treads
|-damage|p1a: Iron Treads|23/100
|-start|p1a: Iron Treads|Salt Cure
|
|-damage|p1a: Iron Treads|0 fnt|[from] Salt Cure
|faint|p1a: Iron Treads
|-end|p1a: Iron Treads|Quark Drive|[silent]
|upkeep
|
|t:|1776332340
|switch|p1a: Kommo-o|Kommo-o, M|100/100
|turn|12
|
|t:|1776332344
|move|p1a: Kommo-o|Drain Punch|p2a: Garganacl
|-supereffective|p2a: Garganacl
|-damage|p2a: Garganacl|0 fnt
|faint|p2a: Garganacl
|
|upkeep
|
|t:|1776332349
|switch|p2a: Dragonite|Dragonite, F, shiny|100/100
|turn|13
|
|t:|1776332362
|-terastallize|p1a: Kommo-o|Normal
|move|p2a: Dragonite|Dragon Claw|p1a: Kommo-o
|-damage|p1a: Kommo-o|65/100
|move|p1a: Kommo-o|Clangorous Soul|p1a: Kommo-o
|-boost|p1a: Kommo-o|atk|1
|-boost|p1a: Kommo-o|def|1
|-boost|p1a: Kommo-o|spa|1
|-boost|p1a: Kommo-o|spd|1
|-boost|p1a: Kommo-o|spe|1
|-damage|p1a: Kommo-o|33/100
|
|-heal|p1a: Kommo-o|39/100|[from] item: Leftovers
|upkeep
|turn|14
|
|t:|1776332384
|move|p2a: Dragonite|Extreme Speed|p1a: Kommo-o
|-damage|p1a: Kommo-o|22/100
|move|p1a: Kommo-o|Boomburst|p2a: Dragonite
|-damage|p2a: Dragonite|59/100
|
|-heal|p1a: Kommo-o|28/100|[from] item: Leftovers
|upkeep
|turn|15
|
|t:|1776332402
|switch|p2a: Darkrai|Darkrai|100/100
|move|p1a: Kommo-o|Boomburst|p2a: Darkrai
|-damage|p2a: Darkrai|0 fnt
|faint|p2a: Darkrai
|
|-heal|p1a: Kommo-o|34/100|[from] item: Leftovers
|upkeep
|
|t:|1776332404
|switch|p2a: Dragonite|Dragonite, F, shiny|59/100
|turn|16
|
|t:|1776332417
|move|p2a: Dragonite|Extreme Speed|p1a: Kommo-o
|-damage|p1a: Kommo-o|16/100
|move|p1a: Kommo-o|Boomburst|p2a: Dragonite
|-damage|p2a: Dragonite|0 fnt
|faint|p2a: Dragonite
|
|win|user795680
|raw|user795680's rating: 1117 &rarr; <strong>1141</strong><br />(+24 for winning)
|raw|rolanstuff's rating: 1110 &rarr; <strong>1086</strong><br />(-24 for losing)
|l|☆rolanstuff
|player|p2|
|c|☆user795680|GGwp
