|html|<div class="broadcast-blue"><strong>[Gen 9] OU is currently suspecting Volcarona! For information on how to participate check out the <a href="https://www.smogon.com/tools/suspects/view/208">suspect thread</a>.</strong></div>
|j|☆MKUtopias
|j|☆FUCK GAMING
|t:|1778497199
|gametype|singles
|player|p1|MKUtopias|clair-gen2|1450
|player|p2|FUCK GAMING|medium|1446
|gen|9
|tier|[Gen 9] OU
|rated|
|rule|HP Percentage Mod: HP is shown in percentages
|rule|Endless Battle Clause: Forcing endless battles is banned
|rule|Species Clause: Limit one of each Pokémon
|rule|OHKO Clause: OHKO moves are banned
|rule|Evasion Items Clause: Evasion items are banned
|rule|Evasion Moves Clause: Evasion moves are banned
|rule|Evasion Abilities Clause: Evasion abilities are banned
|rule|Sleep Moves Clause: Sleep-inducing moves are banned
|clearpoke
|poke|p1|Ogerpon-Wellspring, F|
|poke|p1|Arcanine-Hisui, M|
|poke|p1|Kingambit, F|
|poke|p1|Dragapult, M|
|poke|p1|Scizor, M|
|poke|p1|Great Tusk|
|poke|p2|Weezing-Galar, F|
|poke|p2|Alomomola, M|
|poke|p2|Iron Treads|
|poke|p2|Tornadus-Therian, M|
|poke|p2|Zamazenta-*|
|poke|p2|Lokix, F|
|teampreview
|
|t:|1778497209
|teamsize|p1|6
|teamsize|p2|6
|start
|switch|p1a: Arcanine|Arcanine-Hisui, M, shiny|100/100
|switch|p2a: ALOLOLMAO|Alomomola, M|100/100
|turn|1
|
|t:|1778497215
|switch|p1a: Ogerpon|Ogerpon-Wellspring, F|100/100
|move|p2a: ALOLOLMAO|Wish|p2a: ALOLOLMAO
|
|upkeep
|turn|2
|
|t:|1778497221
|switch|p2a: BIRD UP!!!|Tornadus-Therian, M|100/100
|move|p1a: Ogerpon|Ivy Cudgel|p2a: BIRD UP!!!|[anim] Ivy Cudgel Water
|-damage|p2a: BIRD UP!!!|35/100
|
|-heal|p2a: BIRD UP!!!|99/100|[from] move: Wish|[wisher] ALOLOLMAO
|upkeep
|turn|3
|inactive|Battle timer is ON: inactive players will automatically lose when time's up. (requested by MKUtopias)
|
|t:|1778497233
|switch|p1a: Arcanine|Arcanine-Hisui, M, shiny|100/100
|move|p2a: BIRD UP!!!|Knock Off|p1a: Arcanine
|-damage|p1a: Arcanine|77/100
|-enditem|p1a: Arcanine|Choice Band|[from] move: Knock Off|[of] p2a: BIRD UP!!!
|
|upkeep
|turn|4
|
|t:|1778497242
|switch|p2a: ALOLOLMAO|Alomomola, M|100/100
|move|p1a: Arcanine|Head Smash|p2a: ALOLOLMAO
|-damage|p2a: ALOLOLMAO|59/100
|-damage|p1a: Arcanine|61/100|[from] item: Rocky Helmet|[of] p2a: ALOLOLMAO
|
|upkeep
|turn|5
|
|t:|1778497260
|switch|p1a: Dragapult|Dragapult, M, shiny|100/100
|move|p2a: ALOLOLMAO|Wish|p2a: ALOLOLMAO
|
|upkeep
|turn|6
|
|t:|1778497266
|move|p2a: ALOLOLMAO|Protect|p2a: ALOLOLMAO
|-singleturn|p2a: ALOLOLMAO|Protect
|move|p1a: Dragapult|Draco Meteor|p2a: ALOLOLMAO
|-activate|p2a: ALOLOLMAO|move: Protect
|
|-heal|p2a: ALOLOLMAO|100/100|[from] move: Wish|[wisher] ALOLOLMAO
|upkeep
|turn|7
|
|t:|1778497273
|switch|p1a: Great Tusk|Great Tusk|100/100
|move|p2a: ALOLOLMAO|Wish|p2a: ALOLOLMAO
|
|upkeep
|turn|8
|
|t:|1778497278
|move|p1a: Great Tusk|Stealth Rock|p2a: ALOLOLMAO
|-sidestart|p2: FUCK GAMING|move: Stealth Rock
|move|p2a: ALOLOLMAO|Flip Turn|p1a: Great Tusk
|-supereffective|p1a: Great Tusk
|-damage|p1a: Great Tusk|76/100
|
|t:|1778497282
|switch|p2a: BIRD UP!!!|Tornadus-Therian, M|100/100|[from] Flip Turn
|-damage|p2a: BIRD UP!!!|76/100|[from] Stealth Rock
|
|-heal|p2a: BIRD UP!!!|100/100|[from] move: Wish|[wisher] ALOLOLMAO
|upkeep
|turn|9
|
|t:|1778497286
|-end|p1a: Great Tusk|Protosynthesis|[silent]
|switch|p1a: Arcanine|Arcanine-Hisui, M, shiny|61/100
|move|p2a: BIRD UP!!!|Bleakwind Storm|p1a: Arcanine
|-resisted|p1a: Arcanine
|-damage|p1a: Arcanine|38/100
|
|upkeep
|turn|10
|
|t:|1778497295
|switch|p2a: ALOLOLMAO|Alomomola, M|100/100
|-damage|p2a: ALOLOLMAO|88/100|[from] Stealth Rock
|switch|p1a: Dragapult|Dragapult, M, shiny|100/100
|
|upkeep
|turn|11
|
|t:|1778497300
|move|p1a: Dragapult|Shadow Ball|p2a: ALOLOLMAO
|-damage|p2a: ALOLOLMAO|38/100
|move|p2a: ALOLOLMAO|Wish|p2a: ALOLOLMAO
|
|upkeep
|turn|12
|
|t:|1778497305
|move|p2a: ALOLOLMAO|Protect|p2a: ALOLOLMAO
|-singleturn|p2a: ALOLOLMAO|Protect
|move|p1a: Dragapult|Shadow Ball|p2a: ALOLOLMAO
|-activate|p2a: ALOLOLMAO|move: Protect
|
|-heal|p2a: ALOLOLMAO|88/100|[from] move: Wish|[wisher] ALOLOLMAO
|upkeep
|turn|13
|
|t:|1778497315
|switch|p2a: FORD FOCUS|Iron Treads|100/100
|-damage|p2a: FORD FOCUS|97/100|[from] Stealth Rock
|move|p1a: Dragapult|Shadow Ball|p2a: FORD FOCUS
|-damage|p2a: FORD FOCUS|39/100
|
|-heal|p2a: FORD FOCUS|45/100|[from] item: Leftovers
|upkeep
|turn|14
|
|t:|1778497321
|move|p1a: Dragapult|Shadow Ball|p2a: FORD FOCUS
|-damage|p2a: FORD FOCUS|0 fnt
|faint|p2a: FORD FOCUS
|-end|p2a: FORD FOCUS|Quark Drive|[silent]
|
|upkeep
|
|t:|1778497322
|switch|p2a: BIRD UP!!!|Tornadus-Therian, M|100/100
|-damage|p2a: BIRD UP!!!|76/100|[from] Stealth Rock
|turn|15
|
|t:|1778497326
|switch|p1a: Arcanine|Arcanine-Hisui, M, shiny|38/100
|move|p2a: BIRD UP!!!|Bleakwind Storm|p1a: Arcanine|[miss]
|-miss|p2a: BIRD UP!!!|p1a: Arcanine
|
|upkeep
|turn|16
|
|t:|1778497332
|switch|p2a: ALOLOLMAO|Alomomola, M|100/100
|-damage|p2a: ALOLOLMAO|88/100|[from] Stealth Rock
|move|p1a: Arcanine|Head Smash|p2a: ALOLOLMAO
|-damage|p2a: ALOLOLMAO|47/100
|-damage|p1a: Arcanine|21/100|[from] item: Rocky Helmet|[of] p2a: ALOLOLMAO
|
|upkeep
|turn|17
|
|t:|1778497336
|switch|p1a: Dragapult|Dragapult, M, shiny|100/100
|move|p2a: ALOLOLMAO|Wish|p2a: ALOLOLMAO
|
|upkeep
|turn|18
|
|t:|1778497339
|move|p2a: ALOLOLMAO|Protect|p2a: ALOLOLMAO
|-singleturn|p2a: ALOLOLMAO|Protect
|move|p1a: Dragapult|Shadow Ball|p2a: ALOLOLMAO
|-activate|p2a: ALOLOLMAO|move: Protect
|
|-heal|p2a: ALOLOLMAO|97/100|[from] move: Wish|[wisher] ALOLOLMAO
|upkeep
|turn|19
|
|t:|1778497345
|move|p1a: Dragapult|Shadow Ball|p2a: ALOLOLMAO
|-damage|p2a: ALOLOLMAO|48/100
|move|p2a: ALOLOLMAO|Wish|p2a: ALOLOLMAO
|
|upkeep
|turn|20
|
|t:|1778497347
|switch|p2a: BIRD UP!!!|Tornadus-Therian, M|100/100
|-damage|p2a: BIRD UP!!!|76/100|[from] Stealth Rock
|move|p1a: Dragapult|Shadow Ball|p2a: BIRD UP!!!
|-damage|p2a: BIRD UP!!!|41/100
|
|-heal|p2a: BIRD UP!!!|100/100|[from] move: Wish|[wisher] ALOLOLMAO
|upkeep
|turn|21
|
|t:|1778497352
|switch|p1a: Arcanine|Arcanine-Hisui, M, shiny|21/100
|move|p2a: BIRD UP!!!|Knock Off|p1a: Arcanine
|-damage|p1a: Arcanine|4/100
|
|upkeep
|turn|22
|
|t:|1778497357
|move|p2a: BIRD UP!!!|Knock Off|p1a: Arcanine
|-damage|p1a: Arcanine|0 fnt
|faint|p1a: Arcanine
|
|upkeep
|
|t:|1778497361
|switch|p1a: Scizor|Scizor, M|100/100
|turn|23
|
|t:|1778497366
|move|p2a: BIRD UP!!!|Heat Wave|p1a: Scizor
|-supereffective|p1a: Scizor
|-damage|p1a: Scizor|0 fnt
|faint|p1a: Scizor
|
|upkeep
|
|t:|1778497371
|switch|p1a: Dragapult|Dragapult, M, shiny|100/100
|turn|24
|
|t:|1778497374
|move|p1a: Dragapult|Draco Meteor|p2a: BIRD UP!!!
|-damage|p2a: BIRD UP!!!|38/100
|-unboost|p1a: Dragapult|spa|2
|move|p2a: BIRD UP!!!|Knock Off|p1a: Dragapult
|-supereffective|p1a: Dragapult
|-crit|p1a: Dragapult
|-damage|p1a: Dragapult|22/100
|-enditem|p1a: Dragapult|Choice Specs|[from] move: Knock Off|[of] p2a: BIRD UP!!!
|
|upkeep
|turn|25
|
|t:|1778497381
|move|p1a: Dragapult|U-turn|p2a: BIRD UP!!!
|-resisted|p2a: BIRD UP!!!
|-damage|p2a: BIRD UP!!!|29/100
|
|t:|1778497387
|switch|p1a: Kingambit|Kingambit, F|100/100|[from] U-turn
|-activate|p1a: Kingambit|ability: Supreme Overlord
|-start|p1a: Kingambit|fallen2|[silent]
|move|p2a: BIRD UP!!!|Knock Off|p1a: Kingambit
|-resisted|p1a: Kingambit
|-damage|p1a: Kingambit|92/100
|-enditem|p1a: Kingambit|Leftovers|[from] move: Knock Off|[of] p2a: BIRD UP!!!
|
|upkeep
|turn|26
|
|t:|1778497392
|switch|p2a: THE DAWG|Zamazenta|100/100
|-damage|p2a: THE DAWG|94/100|[from] Stealth Rock
|-ability|p2a: THE DAWG|Dauntless Shield|boost
|-boost|p2a: THE DAWG|def|1
|move|p1a: Kingambit|Sucker Punch||[still]
|-fail|p1a: Kingambit
|
|upkeep
|turn|27
|
|t:|1778497400
|switch|p2a: ALOLOLMAO|Alomomola, M|81/100
|-damage|p2a: ALOLOLMAO|69/100|[from] Stealth Rock
|-end|p1a: Kingambit|fallen2|[silent]
|switch|p1a: Dragapult|Dragapult, M, shiny|22/100
|
|upkeep
|turn|28
|
|t:|1778497406
|move|p1a: Dragapult|Draco Meteor|p2a: ALOLOLMAO
|-damage|p2a: ALOLOLMAO|21/100
|-unboost|p1a: Dragapult|spa|2
|move|p2a: ALOLOLMAO|Flip Turn|p1a: Dragapult
|-resisted|p1a: Dragapult
|-damage|p1a: Dragapult|11/100
|
|t:|1778497408
|switch|p2a: KEKROACH|Lokix, F|100/100|[from] Flip Turn
|-damage|p2a: KEKROACH|76/100|[from] Stealth Rock
|
|upkeep
|turn|29
|
|t:|1778497415
|switch|p1a: Great Tusk|Great Tusk|76/100
|move|p2a: KEKROACH|U-turn|p1a: Great Tusk
|-resisted|p1a: Great Tusk
|-damage|p1a: Great Tusk|41/100
|
|t:|1778497422
|switch|p2a: BIRD UP!!!|Tornadus-Therian, M|62/100|[from] U-turn
|-damage|p2a: BIRD UP!!!|37/100|[from] Stealth Rock
|
|upkeep
|turn|30
|
|t:|1778497427
|move|p2a: BIRD UP!!!|Heat Wave|p1a: Great Tusk|[miss]
|-miss|p2a: BIRD UP!!!|p1a: Great Tusk
|move|p1a: Great Tusk|Ice Spinner|p2a: BIRD UP!!!
|-supereffective|p2a: BIRD UP!!!
|-damage|p2a: BIRD UP!!!|0 fnt
|faint|p2a: BIRD UP!!!
|
|upkeep
|
|t:|1778497447
|switch|p2a: KEKROACH|Lokix, F|76/100
|-damage|p2a: KEKROACH|51/100|[from] Stealth Rock
|turn|31
|
|t:|1778497458
|move|p2a: KEKROACH|First Impression|p1a: Great Tusk
|-resisted|p1a: Great Tusk
|-damage|p1a: Great Tusk|0 fnt
|faint|p1a: Great Tusk
|-end|p1a: Great Tusk|Protosynthesis|[silent]
|
|upkeep
|
|t:|1778497461
|switch|p1a: Ogerpon|Ogerpon-Wellspring, F|100/100
|turn|32
|
|t:|1778497466
|switch|p2a: ALOLOLMAO|Alomomola, M|54/100
|-damage|p2a: ALOLOLMAO|42/100|[from] Stealth Rock
|-terastallize|p1a: Ogerpon|Water
|detailschange|p1a: Ogerpon|Ogerpon-Wellspring-Tera, F, tera:Water
|-ability|p1a: Ogerpon|Embody Aspect (Wellspring)|boost
|-boost|p1a: Ogerpon|spd|1
|move|p1a: Ogerpon|Swords Dance|p1a: Ogerpon
|-boost|p1a: Ogerpon|atk|2
|
|upkeep
|turn|33
|
|t:|1778497469
|move|p1a: Ogerpon|Horn Leech|p2a: ALOLOLMAO
|-supereffective|p2a: ALOLOLMAO
|-damage|p2a: ALOLOLMAO|0 fnt
|-damage|p1a: Ogerpon|84/100|[from] item: Rocky Helmet|[of] p2a: ALOLOLMAO
|faint|p2a: ALOLOLMAO
|
|upkeep
|
|t:|1778497480
|switch|p2a: KEKROACH|Lokix, F|51/100
|-damage|p2a: KEKROACH|26/100|[from] Stealth Rock
|turn|34
|
|t:|1778497482
|-terastallize|p2a: KEKROACH|Bug
|move|p2a: KEKROACH|First Impression|p1a: Ogerpon
|-damage|p1a: Ogerpon|0 fnt
|faint|p1a: Ogerpon
|detailschange|p1: Ogerpon|Ogerpon-Wellspring, F|[silent]
|
|upkeep
|
|t:|1778497488
|switch|p1a: Dragapult|Dragapult, M, shiny|11/100
|turn|35
|
|t:|1778497498
|switch|p2a: 500 CIGARETTES|Weezing-Galar, F|100/100
|-ability|p2a: 500 CIGARETTES|Neutralizing Gas
|-damage|p2a: 500 CIGARETTES|88/100|[from] Stealth Rock
|move|p1a: Dragapult|Shadow Ball|p2a: 500 CIGARETTES
|-damage|p2a: 500 CIGARETTES|37/100
|
|-heal|p2a: 500 CIGARETTES|43/100|[from] item: Leftovers
|upkeep
|turn|36
|
|t:|1778497507
|move|p1a: Dragapult|Shadow Ball|p2a: 500 CIGARETTES
|-damage|p2a: 500 CIGARETTES|0 fnt
|faint|p2a: 500 CIGARETTES
|-end|p2a: 500 CIGARETTES|ability: Neutralizing Gas
|
|upkeep
|
|t:|1778497510
|switch|p2a: KEKROACH|Lokix, F, tera:Bug|26/100
|-damage|p2a: KEKROACH|2/100|[from] Stealth Rock
|turn|37
|
|t:|1778497514
|switch|p1a: Kingambit|Kingambit, F|92/100
|-activate|p1a: Kingambit|ability: Supreme Overlord
|-start|p1a: Kingambit|fallen4|[silent]
|move|p2a: KEKROACH|First Impression|p1a: Kingambit
|-damage|p1a: Kingambit|14/100
|
|upkeep
|turn|38
|
|t:|1778497521
|switch|p2a: THE DAWG|Zamazenta|94/100
|-damage|p2a: THE DAWG|88/100|[from] Stealth Rock
|move|p1a: Kingambit|Iron Head|p2a: THE DAWG
|-damage|p2a: THE DAWG|24/100
|
|upkeep
|turn|39
|
|t:|1778497529
|-end|p1a: Kingambit|fallen4|[silent]
|switch|p1a: Dragapult|Dragapult, M, shiny|11/100
|move|p2a: THE DAWG|Crunch|p1a: Dragapult
|-supereffective|p1a: Dragapult
|-damage|p1a: Dragapult|0 fnt
|faint|p1a: Dragapult
|
|upkeep
|
|t:|1778497533
|switch|p1a: Kingambit|Kingambit, F|14/100
|-activate|p1a: Kingambit|ability: Supreme Overlord
|-start|p1a: Kingambit|fallen5|[silent]
|turn|40
|
|t:|1778497536
|move|p1a: Kingambit|Sucker Punch|p2a: THE DAWG
|-resisted|p2a: THE DAWG
|-damage|p2a: THE DAWG|0 fnt
|faint|p2a: THE DAWG
|
|upkeep
|-message|FUCK GAMING forfeited.
|
|win|MKUtopias
|raw|MKUtopias's rating: 1450 &rarr; <strong>1470</strong><br />(+20 for winning)
|raw|FUCK GAMING's rating: 1446 &rarr; <strong>1426</strong><br />(-20 for losing)
|l|☆FUCK GAMING
|player|p2|
|l|☆MKUtopias
|player|p1|
