|html|<div class="broadcast-blue"><strong>[Gen 9] OU is currently suspecting Tera Blast! For information on how to participate check out the <a href="https://www.smogon.com/tools/suspects/view/200">suspect thread</a>.</strong></div>
|j|☆Guihzxlhemit
|j|☆Geyserg
|t:|1776034058
|gametype|singles
|player|p1|Guihzxlhemit|nate|1200
|player|p2|Geyserg|170|1164
|gen|9
|tier|[Gen 9] OU
|rated|
|rule|HP Percentage Mod: HP is shown in percentages
|rule|Endless Battle Clause: Forcing endless battles is banned
|rule|Species Clause: Limit one of each Pokémon
|rule|OHKO Clause: OHKO moves are banned
|rule|Evasion Items Clause: Evasion items are banned
|rule|Evasion Moves Clause: Evasion moves are banned
|rule|Evasion Abilities Clause: Evasion abilities are banned
|rule|Sleep Moves Clause: Sleep-inducing moves are banned
|clearpoke
|poke|p1|Great Tusk|
|poke|p1|Gholdengo|
|poke|p1|Kingambit, M|
|poke|p1|Dragapult, F|
|poke|p1|Amoonguss, M|
|poke|p1|Gliscor, M|
|poke|p2|Blaziken, F|
|poke|p2|Greninja-*, M|
|poke|p2|Garganacl, M|
|poke|p2|Noivern, F|
|poke|p2|Scizor, M|
|poke|p2|Dusclops, F|
|teampreview
|
|t:|1776034062
|teamsize|p1|6
|teamsize|p2|6
|start
|switch|p1a: gordão|Great Tusk, shiny|100/100
|switch|p2a: Dusclops|Dusclops, F|100/100
|-item|p1a: gordão|Leftovers|[from] ability: Frisk|[of] p2a: Dusclops
|turn|1
|
|t:|1776034066
|move|p1a: gordão|Stealth Rock|p2a: Dusclops
|-sidestart|p2: Geyserg|move: Stealth Rock
|move|p2a: Dusclops|Will-O-Wisp|p1a: gordão|[miss]
|-miss|p2a: Dusclops|p1a: gordão
|
|upkeep
|turn|2
|
|t:|1776034071
|move|p1a: gordão|Knock Off|p2a: Dusclops
|-supereffective|p2a: Dusclops
|-crit|p2a: Dusclops
|-damage|p2a: Dusclops|43/100
|-enditem|p2a: Dusclops|Eviolite|[from] move: Knock Off|[of] p1a: gordão
|move|p2a: Dusclops|Will-O-Wisp|p1a: gordão
|-status|p1a: gordão|brn
|
|-damage|p1a: gordão|94/100 brn|[from] brn
|upkeep
|turn|3
|
|t:|1776034081
|move|p1a: gordão|Knock Off|p2a: Dusclops
|-supereffective|p2a: Dusclops
|-damage|p2a: Dusclops|24/100
|move|p2a: Dusclops|Pain Split|p1a: gordão
|-sethp|p1a: gordão|55/100 brn|[from] move: Pain Split|[silent]
|-sethp|p2a: Dusclops|84/100|[from] move: Pain Split
|
|-heal|p1a: gordão|61/100 brn|[from] item: Leftovers
|-damage|p1a: gordão|55/100 brn|[from] brn
|upkeep
|turn|4
|inactive|Battle timer is ON: inactive players will automatically lose when time's up. (requested by Guihzxlhemit)
|
|t:|1776034106
|-end|p1a: gordão|Protosynthesis|[silent]
|switch|p1a: batman be like|Gliscor, M|100/100
|move|p2a: Dusclops|Pain Split|p1a: batman be like
|-sethp|p1a: batman be like|84/100|[from] move: Pain Split|[silent]
|-sethp|p2a: Dusclops|100/100|[from] move: Pain Split
|
|-status|p1a: batman be like|tox|[from] item: Toxic Orb
|upkeep
|turn|5
|
|t:|1776034117
|move|p1a: batman be like|Toxic|p2a: Dusclops|[miss]
|-miss|p1a: batman be like|p2a: Dusclops
|move|p2a: Dusclops|Hex|p1a: batman be like
|-damage|p1a: batman be like|50/100 tox
|
|-heal|p1a: batman be like|62/100 tox|[from] ability: Poison Heal
|upkeep
|turn|6
|
|t:|1776034127
|switch|p2a: Garganacl|Garganacl, M|100/100
|-damage|p2a: Garganacl|88/100|[from] Stealth Rock
|move|p1a: batman be like|Toxic|p2a: Garganacl
|-immune|p2a: Garganacl|[from] ability: Purifying Salt
|
|-heal|p2a: Garganacl|94/100|[from] item: Leftovers
|-heal|p1a: batman be like|75/100 tox|[from] ability: Poison Heal
|upkeep
|turn|7
|
|t:|1776034135
|move|p1a: batman be like|Protect|p1a: batman be like
|-singleturn|p1a: batman be like|Protect
|move|p2a: Garganacl|Ice Punch|p1a: batman be like
|-activate|p1a: batman be like|move: Protect
|
|-heal|p2a: Garganacl|100/100|[from] item: Leftovers
|-heal|p1a: batman be like|87/100 tox|[from] ability: Poison Heal
|upkeep
|turn|8
|
|t:|1776034146
|switch|p1a: gordão|Great Tusk, shiny|55/100 brn
|move|p2a: Garganacl|Salt Cure|p1a: gordão
|-resisted|p1a: gordão
|-damage|p1a: gordão|53/100 brn
|-start|p1a: gordão|Salt Cure
|
|-heal|p1a: gordão|59/100 brn|[from] item: Leftovers
|-damage|p1a: gordão|53/100 brn|[from] brn
|-damage|p1a: gordão|41/100 brn|[from] Salt Cure
|upkeep
|turn|9
|
|t:|1776034169
|move|p1a: gordão|Headlong Rush|p2a: Garganacl
|-supereffective|p2a: Garganacl
|-damage|p2a: Garganacl|76/100
|-unboost|p1a: gordão|def|1
|-unboost|p1a: gordão|spd|1
|move|p2a: Garganacl|Recover|p2a: Garganacl
|-heal|p2a: Garganacl|100/100
|
|-heal|p1a: gordão|47/100 brn|[from] item: Leftovers
|-damage|p1a: gordão|41/100 brn|[from] brn
|-damage|p1a: gordão|28/100 brn|[from] Salt Cure
|upkeep
|turn|10
|
|t:|1776034185
|move|p1a: gordão|Knock Off|p2a: Garganacl
|-damage|p2a: Garganacl|94/100
|-enditem|p2a: Garganacl|Leftovers|[from] move: Knock Off|[of] p1a: gordão
|move|p2a: Garganacl|Ice Punch|p1a: gordão
|-supereffective|p1a: gordão
|-damage|p1a: gordão|6/100 brn
|
|-heal|p1a: gordão|12/100 brn|[from] item: Leftovers
|-damage|p1a: gordão|6/100 brn|[from] brn
|-damage|p1a: gordão|0 fnt|[from] Salt Cure
|faint|p1a: gordão
|-end|p1a: gordão|Protosynthesis|[silent]
|upkeep
|
|t:|1776034208
|switch|p1a: bolzani|Gholdengo, shiny|100/100
|-item|p1a: bolzani|Air Balloon
|turn|11
|inactive|Geyserg has 120 seconds left.
|
|t:|1776034235
|-terastallize|p2a: Garganacl|Ground
|move|p1a: bolzani|Nasty Plot|p1a: bolzani
|-boost|p1a: bolzani|spa|2
|move|p2a: Garganacl|Salt Cure|p1a: bolzani
|-resisted|p1a: bolzani
|-damage|p1a: bolzani|92/100
|-start|p1a: bolzani|Salt Cure
|-enditem|p1a: bolzani|Air Balloon
|
|-damage|p1a: bolzani|67/100|[from] Salt Cure
|upkeep
|turn|12
|inactive|Geyserg has 120 seconds left.
|
|t:|1776034250
|move|p1a: bolzani|Make It Rain|p2a: Garganacl
|-damage|p2a: Garganacl|0 fnt
|-unboost|p1a: bolzani|spa|1
|faint|p2a: Garganacl
|
|-damage|p1a: bolzani|43/100|[from] Salt Cure
|upkeep
|inactive|Geyserg has 90 seconds left.
|
|t:|1776034308
|switch|p2a: Greninja|Greninja, M, shiny|100/100
|-damage|p2a: Greninja|88/100|[from] Stealth Rock
|turn|13
|
|t:|1776034321
|-terastallize|p1a: bolzani|Flying
|move|p2a: Greninja|Dark Pulse|p1a: bolzani
|-start|p2a: Greninja|typechange|Dark|[from] ability: Protean
|-damage|p1a: bolzani|3/100
|move|p1a: bolzani|Shadow Ball|p2a: Greninja
|-resisted|p2a: Greninja
|-damage|p2a: Greninja|35/100
|
|-damage|p1a: bolzani|0 fnt|[from] Salt Cure
|faint|p1a: bolzani
|upkeep
|
|t:|1776034343
|switch|p1a: sapequinha|Dragapult, F, shiny|100/100
|turn|14
|
|t:|1776034349
|move|p1a: sapequinha|U-turn|p2a: Greninja
|-supereffective|p2a: Greninja
|-damage|p2a: Greninja|0 fnt
|faint|p2a: Greninja
|
|t:|1776034352
|switch|p1a: pokebola fodase|Amoonguss, M|100/100|[from] U-turn
|
|upkeep
|inactive|Geyserg has 90 seconds left.
|
|t:|1776034366
|switch|p2a: Dusclops|Dusclops, F|100/100
|-damage|p2a: Dusclops|88/100|[from] Stealth Rock
|-item|p1a: pokebola fodase|Black Sludge|[from] ability: Frisk|[of] p2a: Dusclops
|turn|15
|
|t:|1776034372
|move|p1a: pokebola fodase|Stun Spore|p2a: Dusclops|[miss]
|-miss|p1a: pokebola fodase|p2a: Dusclops
|move|p2a: Dusclops|Will-O-Wisp|p1a: pokebola fodase
|-status|p1a: pokebola fodase|brn
|
|-damage|p1a: pokebola fodase|94/100 brn|[from] brn
|upkeep
|turn|16
|
|t:|1776034383
|move|p1a: pokebola fodase|Stun Spore|p2a: Dusclops
|-status|p2a: Dusclops|par
|cant|p2a: Dusclops|par
|
|-heal|p1a: pokebola fodase|100/100 brn|[from] item: Black Sludge
|-damage|p1a: pokebola fodase|94/100 brn|[from] brn
|upkeep
|turn|17
|
|t:|1776034394
|move|p1a: pokebola fodase|Giga Drain|p2a: Dusclops
|-damage|p2a: Dusclops|73/100 par
|-heal|p1a: pokebola fodase|99/100 brn|[from] drain|[of] p2a: Dusclops
|move|p2a: Dusclops|Hex|p1a: pokebola fodase
|-damage|p1a: pokebola fodase|76/100 brn
|
|-heal|p1a: pokebola fodase|82/100 brn|[from] item: Black Sludge
|-damage|p1a: pokebola fodase|76/100 brn|[from] brn
|upkeep
|turn|18
|
|t:|1776034405
|move|p1a: pokebola fodase|Sludge Bomb|p2a: Dusclops
|-resisted|p2a: Dusclops
|-damage|p2a: Dusclops|62/100 par
|move|p2a: Dusclops|Hex|p1a: pokebola fodase
|-damage|p1a: pokebola fodase|50/100 brn
|
|-heal|p1a: pokebola fodase|57/100 brn|[from] item: Black Sludge
|-damage|p1a: pokebola fodase|50/100 brn|[from] brn
|upkeep
|turn|19
|
|t:|1776034413
|move|p1a: pokebola fodase|Giga Drain|p2a: Dusclops
|-damage|p2a: Dusclops|48/100 par
|-heal|p1a: pokebola fodase|55/100 brn|[from] drain|[of] p2a: Dusclops
|move|p2a: Dusclops|Hex|p1a: pokebola fodase
|-damage|p1a: pokebola fodase|29/100 brn
|
|-heal|p1a: pokebola fodase|36/100 brn|[from] item: Black Sludge
|-damage|p1a: pokebola fodase|29/100 brn|[from] brn
|upkeep
|turn|20
|
|t:|1776034426
|move|p1a: pokebola fodase|Giga Drain|p2a: Dusclops
|-damage|p2a: Dusclops|31/100 par
|-heal|p1a: pokebola fodase|35/100 brn|[from] drain|[of] p2a: Dusclops
|move|p2a: Dusclops|Pain Split|p1a: pokebola fodase
|-sethp|p1a: pokebola fodase|28/100 brn|[from] move: Pain Split|[silent]
|-sethp|p2a: Dusclops|42/100 par|[from] move: Pain Split
|
|-heal|p1a: pokebola fodase|34/100 brn|[from] item: Black Sludge
|-damage|p1a: pokebola fodase|28/100 brn|[from] brn
|upkeep
|turn|21
|
|t:|1776034437
|move|p1a: pokebola fodase|Giga Drain|p2a: Dusclops
|-damage|p2a: Dusclops|25/100 par
|-heal|p1a: pokebola fodase|33/100 brn|[from] drain|[of] p2a: Dusclops
|move|p2a: Dusclops|Hex|p1a: pokebola fodase
|-damage|p1a: pokebola fodase|8/100 brn
|
|-heal|p1a: pokebola fodase|14/100 brn|[from] item: Black Sludge
|-damage|p1a: pokebola fodase|8/100 brn|[from] brn
|upkeep
|turn|22
|inactive|Geyserg has 90 seconds left.
|
|t:|1776034463
|switch|p2a: Scizor|Scizor, M|100/100
|-damage|p2a: Scizor|88/100|[from] Stealth Rock
|move|p1a: pokebola fodase|Giga Drain|p2a: Scizor
|-resisted|p2a: Scizor
|-damage|p2a: Scizor|81/100
|-heal|p1a: pokebola fodase|10/100 brn|[from] drain|[of] p2a: Scizor
|
|-heal|p1a: pokebola fodase|17/100 brn|[from] item: Black Sludge
|-damage|p1a: pokebola fodase|10/100 brn|[from] brn
|upkeep
|turn|23
|inactive|Geyserg has 90 seconds left.
|
|t:|1776034482
|move|p2a: Scizor|Swords Dance|p2a: Scizor
|-boost|p2a: Scizor|atk|2
|move|p1a: pokebola fodase|Stun Spore|p2a: Scizor|[miss]
|-miss|p1a: pokebola fodase|p2a: Scizor
|
|-heal|p1a: pokebola fodase|17/100 brn|[from] item: Black Sludge
|-damage|p1a: pokebola fodase|10/100 brn|[from] brn
|upkeep
|turn|24
|
|t:|1776034489
|move|p2a: Scizor|Bullet Punch|p1a: pokebola fodase
|-damage|p1a: pokebola fodase|0 fnt
|faint|p1a: pokebola fodase
|-damage|p2a: Scizor|71/100|[from] item: Life Orb
|
|upkeep
|
|t:|1776034503
|switch|p1a: sapequinha|Dragapult, F, shiny|100/100
|turn|25
|
|t:|1776034507
|move|p2a: Scizor|Bullet Punch|p1a: sapequinha
|-damage|p1a: sapequinha|0 fnt
|faint|p1a: sapequinha
|-damage|p2a: Scizor|61/100|[from] item: Life Orb
|
|upkeep
|
|t:|1776034512
|switch|p1a: estranho|Kingambit, M|100/100
|-activate|p1a: estranho|ability: Supreme Overlord
|-start|p1a: estranho|fallen4|[silent]
|turn|26
|
|t:|1776034517
|move|p1a: estranho|Sucker Punch|p2a: Scizor
|-damage|p2a: Scizor|0 fnt
|faint|p2a: Scizor
|
|upkeep
|inactive|Geyserg has 90 seconds left.
|
|t:|1776034544
|switch|p2a: Dusclops|Dusclops, F|25/100 par
|-damage|p2a: Dusclops|13/100 par|[from] Stealth Rock
|-item|p1a: estranho|Black Glasses|[from] ability: Frisk|[of] p2a: Dusclops
|turn|27
|
|t:|1776034552
|-end|p1a: estranho|fallen4|[silent]
|switch|p1a: batman be like|Gliscor, M|87/100 tox
|move|p2a: Dusclops|Will-O-Wisp|p1a: batman be like|[miss]
|-miss|p2a: Dusclops|p1a: batman be like
|
|-heal|p1a: batman be like|99/100 tox|[from] ability: Poison Heal
|upkeep
|turn|28
|
|t:|1776034563
|move|p1a: batman be like|Earthquake|p2a: Dusclops
|-crit|p2a: Dusclops
|-damage|p2a: Dusclops|0 fnt
|faint|p2a: Dusclops
|
|-heal|p1a: batman be like|100/100 tox|[from] ability: Poison Heal
|upkeep
|
|t:|1776034568
|switch|p2a: Noivern|Noivern, F|100/100
|-damage|p2a: Noivern|76/100|[from] Stealth Rock
|turn|29
|
|t:|1776034587
|move|p2a: Noivern|Defog|p1a: batman be like
|-unboost|p1a: batman be like|evasion|1
|-sideend|p2: Geyserg|Stealth Rock|[from] move: Defog|[of] p2a: Noivern
|move|p1a: batman be like|Toxic|p2a: Noivern
|-status|p2a: Noivern|tox
|
|-damage|p2a: Noivern|70/100 tox|[from] psn
|upkeep
|turn|30
|
|t:|1776034598
|switch|p2a: Blaziken|Blaziken, F|100/100
|move|p1a: batman be like|Acrobatics|p2a: Blaziken
|-supereffective|p2a: Blaziken
|-damage|p2a: Blaziken|38/100
|
|upkeep
|turn|31
|inactive|Geyserg has 90 seconds left.
|
|t:|1776034625
|move|p2a: Blaziken|Blaze Kick|p1a: batman be like
|-damage|p1a: batman be like|64/100 tox
|-damage|p2a: Blaziken|28/100|[from] item: Life Orb
|move|p1a: batman be like|Acrobatics|p2a: Blaziken
|-supereffective|p2a: Blaziken
|-damage|p2a: Blaziken|0 fnt
|faint|p2a: Blaziken
|
|-heal|p1a: batman be like|76/100 tox|[from] ability: Poison Heal
|upkeep
|
|t:|1776034629
|switch|p2a: Noivern|Noivern, F|70/100 tox
|turn|32
|
|t:|1776034646
|move|p1a: batman be like|Protect|p1a: batman be like
|-singleturn|p1a: batman be like|Protect
|move|p2a: Noivern|Boomburst|p1a: batman be like
|-activate|p1a: batman be like|move: Protect
|
|-damage|p2a: Noivern|64/100 tox|[from] psn
|-heal|p1a: batman be like|89/100 tox|[from] ability: Poison Heal
|upkeep
|turn|33
|
|t:|1776034657
|move|p2a: Noivern|Boomburst|p1a: batman be like
|-damage|p1a: batman be like|10/100 tox
|move|p1a: batman be like|Acrobatics|p2a: Noivern
|-damage|p2a: Noivern|40/100 tox
|
|-damage|p2a: Noivern|28/100 tox|[from] psn
|-heal|p1a: batman be like|22/100 tox|[from] ability: Poison Heal
|upkeep
|turn|34
|
|t:|1776034663
|move|p1a: batman be like|Protect|p1a: batman be like
|-singleturn|p1a: batman be like|Protect
|move|p2a: Noivern|Boomburst|p1a: batman be like
|-activate|p1a: batman be like|move: Protect
|
|-damage|p2a: Noivern|10/100 tox|[from] psn
|-heal|p1a: batman be like|35/100 tox|[from] ability: Poison Heal
|upkeep
|turn|35
|
|t:|1776034670
|move|p2a: Noivern|Boomburst|p1a: batman be like
|-damage|p1a: batman be like|0 fnt
|faint|p1a: batman be like
|
|-damage|p2a: Noivern|0 fnt|[from] psn
|faint|p2a: Noivern
|
|win|Guihzxlhemit
|raw|Guihzxlhemit's rating: 1200 &rarr; <strong>1222</strong><br />(+22 for winning)
|raw|Geyserg's rating: 1164 &rarr; <strong>1142</strong><br />(-22 for losing)
|l|☆Guihzxlhemit
|player|p1|
