|html|<div class="broadcast-blue"><strong>[Gen 9] OU is currently suspecting Tera Blast! For information on how to participate check out the <a href="https://www.smogon.com/tools/suspects/view/200">suspect thread</a>.</strong></div>
|j|☆mothfox
|j|☆biryanilover
|t:|1776270281
|gametype|singles
|player|p1|mothfox|colress|1366
|player|p2|biryanilover|265|1365
|gen|9
|tier|[Gen 9] OU
|rated|
|rule|HP Percentage Mod: HP is shown in percentages
|rule|Endless Battle Clause: Forcing endless battles is banned
|rule|Species Clause: Limit one of each Pokémon
|rule|OHKO Clause: OHKO moves are banned
|rule|Evasion Items Clause: Evasion items are banned
|rule|Evasion Moves Clause: Evasion moves are banned
|rule|Evasion Abilities Clause: Evasion abilities are banned
|rule|Sleep Moves Clause: Sleep-inducing moves are banned
|clearpoke
|poke|p1|Corviknight, F|
|poke|p1|Gliscor, F|
|poke|p1|Blissey, F|
|poke|p1|Dondozo, M|
|poke|p1|Toxapex, M|
|poke|p1|Weezing-Galar, F|
|poke|p2|Rillaboom, F|
|poke|p2|Kyurem|
|poke|p2|Zapdos|
|poke|p2|Heatran, F|
|poke|p2|Great Tusk|
|poke|p2|Weezing-Galar, F|
|teampreview
|inactive|Battle timer is ON: inactive players will automatically lose when time's up. (requested by biryanilover)
|inactive|mothfox also wants the timer to be on.
|
|t:|1776270298
|teamsize|p1|6
|teamsize|p2|6
|start
|switch|p1a: Blob|Blissey, F|100/100
|switch|p2a: Kyurem|Kyurem|100/100
|-ability|p2a: Kyurem|Pressure
|turn|1
|
|t:|1776270306
|move|p2a: Kyurem|Substitute|p2a: Kyurem
|-start|p2a: Kyurem|Substitute
|-damage|p2a: Kyurem|75/100
|move|p1a: Blob|Stealth Rock|p2a: Kyurem
|-sidestart|p2: biryanilover|move: Stealth Rock
|
|-heal|p2a: Kyurem|82/100|[from] item: Leftovers
|upkeep
|turn|2
|
|t:|1776270331
|move|p2a: Kyurem|Protect|p2a: Kyurem
|-singleturn|p2a: Kyurem|Protect
|move|p1a: Blob|Calm Mind|p1a: Blob
|-boost|p1a: Blob|spa|1
|-boost|p1a: Blob|spd|1
|
|-heal|p2a: Kyurem|88/100|[from] item: Leftovers
|upkeep
|turn|3
|inactive|mothfox has 120 seconds left.
|
|t:|1776270347
|move|p2a: Kyurem|Freeze-Dry|p1a: Blob
|-damage|p1a: Blob|92/100
|-status|p1a: Blob|frz
|cant|p1a: Blob|frz
|
|-heal|p2a: Kyurem|94/100|[from] item: Leftovers
|upkeep
|turn|4
|c|☆mothfox|buh
|inactive|mothfox has 120 seconds left.
|l|☆biryanilover
|inactive|biryanilover disconnected and has a minute to reconnect!
|player|p2|
|j|☆biryanilover
|inactive|biryanilover reconnected.
|player|p2|biryanilover|265|
|
|t:|1776270366
|move|p2a: Kyurem|Earth Power|p1a: Blob
|-damage|p1a: Blob|85/100 frz
|-unboost|p1a: Blob|spd|1
|cant|p1a: Blob|frz
|
|-heal|p2a: Kyurem|99/100|[from] item: Leftovers
|upkeep
|turn|5
|c|☆biryanilover|js switch out then
|inactive|mothfox has 120 seconds left.
|c|☆biryanilover|you got natural heal
|c|☆mothfox|i'm aware
|c|☆mothfox|but kyruem is spoopy
|
|t:|1776270387
|move|p2a: Kyurem|Freeze-Dry|p1a: Blob
|-damage|p1a: Blob|73/100 frz
|-curestatus|p1a: Blob|frz|[msg]
|move|p1a: Blob|Calm Mind|p1a: Blob
|-boost|p1a: Blob|spa|1
|-boost|p1a: Blob|spd|1
|
|-heal|p2a: Kyurem|100/100|[from] item: Leftovers
|upkeep
|turn|6
|
|t:|1776270402
|switch|p2a: Rillaboom|Rillaboom, F, shiny|100/100
|-damage|p2a: Rillaboom|88/100|[from] Stealth Rock
|-fieldstart|move: Grassy Terrain|[from] ability: Grassy Surge|[of] p2a: Rillaboom
|move|p1a: Blob|Calm Mind|p1a: Blob
|-boost|p1a: Blob|spa|1
|-boost|p1a: Blob|spd|1
|
|-heal|p2a: Rillaboom|94/100|[from] Grassy Terrain
|-heal|p1a: Blob|79/100|[from] Grassy Terrain
|upkeep
|turn|7
|
|t:|1776270415
|switch|p1a: Corviknight|Corviknight, F|100/100
|-ability|p1a: Corviknight|Pressure
|move|p2a: Rillaboom|Knock Off|p1a: Corviknight
|-damage|p1a: Corviknight|57/100
|-damage|p2a: Rillaboom|78/100|[from] item: Rocky Helmet|[of] p1a: Corviknight
|-enditem|p1a: Corviknight|Rocky Helmet|[from] move: Knock Off|[of] p2a: Rillaboom
|
|-heal|p2a: Rillaboom|84/100|[from] Grassy Terrain
|upkeep
|turn|8
|
|t:|1776270428
|move|p2a: Rillaboom|Knock Off|p1a: Corviknight
|-damage|p1a: Corviknight|26/100
|move|p1a: Corviknight|Roost|p1a: Corviknight
|-heal|p1a: Corviknight|76/100
|-singleturn|p1a: Corviknight|move: Roost
|
|-heal|p2a: Rillaboom|90/100|[from] Grassy Terrain
|-heal|p1a: Corviknight|82/100|[from] Grassy Terrain
|upkeep
|turn|9
|
|t:|1776270440
|switch|p2a: Zapdos|Zapdos|100/100
|move|p1a: Corviknight|Iron Defense|p1a: Corviknight
|-boost|p1a: Corviknight|def|2
|
|upkeep
|turn|10
|
|t:|1776270446
|switch|p1a: Blob|Blissey, F|79/100
|move|p2a: Zapdos|Hurricane|p1a: Blob
|-damage|p1a: Blob|63/100
|
|-heal|p1a: Blob|69/100|[from] Grassy Terrain
|-fieldend|move: Grassy Terrain
|upkeep
|turn|11
|
|t:|1776270454
|move|p2a: Zapdos|U-turn|p1a: Blob
|-damage|p1a: Blob|56/100
|
|t:|1776270457
|switch|p2a: Rillaboom|Rillaboom, F, shiny|90/100|[from] U-turn
|-damage|p2a: Rillaboom|78/100|[from] Stealth Rock
|-fieldstart|move: Grassy Terrain|[from] ability: Grassy Surge|[of] p2a: Rillaboom
|move|p1a: Blob|Shadow Ball|p2a: Rillaboom
|-damage|p2a: Rillaboom|57/100
|
|-heal|p2a: Rillaboom|63/100|[from] Grassy Terrain
|-heal|p1a: Blob|62/100|[from] Grassy Terrain
|upkeep
|turn|12
|inactive|mothfox has 120 seconds left.
|l|☆biryanilover
|inactive|biryanilover disconnected and has a minute to reconnect!
|player|p2|
|
|t:|1776270481
|switch|p1a: Corviknight|Corviknight, F|82/100
|-ability|p1a: Corviknight|Pressure
|move|p2a: Rillaboom|U-turn|p1a: Corviknight
|-resisted|p1a: Corviknight
|-damage|p1a: Corviknight|75/100
|j|☆biryanilover
|inactive|biryanilover reconnected and has 150 seconds left.
|player|p2|biryanilover|265|
|
|t:|1776270492
|switch|p2a: Heatran|Heatran, F|100/100|[from] U-turn
|-damage|p2a: Heatran|88/100|[from] Stealth Rock
|
|-heal|p2a: Heatran|94/100|[from] Grassy Terrain
|-heal|p2a: Heatran|100/100|[from] item: Leftovers
|upkeep
|turn|13
|
|t:|1776270499
|switch|p1a: Dondozo|Dondozo, M|100/100
|move|p2a: Heatran|Magma Storm|p1a: Dondozo|[miss]
|-miss|p2a: Heatran|p1a: Dondozo
|
|upkeep
|turn|14
|inactive|mothfox has 120 seconds left.
|
|t:|1776270506
|move|p2a: Heatran|Stealth Rock|p1a: Dondozo
|-sidestart|p1: mothfox|move: Stealth Rock
|move|p1a: Dondozo|Avalanche|p2a: Heatran
|-resisted|p2a: Heatran
|-damage|p2a: Heatran|98/100
|
|-heal|p2a: Heatran|100/100|[from] Grassy Terrain
|upkeep
|turn|15
|
|t:|1776270514
|switch|p2a: Zapdos|Zapdos|100/100
|move|p1a: Dondozo|Avalanche|p2a: Zapdos
|-supereffective|p2a: Zapdos
|-damage|p2a: Zapdos|80/100
|-status|p1a: Dondozo|par|[from] ability: Static|[of] p2a: Zapdos
|
|-fieldend|move: Grassy Terrain
|upkeep
|turn|16
|c|☆mothfox|avalanche is fucking contact?
|inactive|mothfox has 120 seconds left.
|c|☆biryanilover|idk
|c|☆biryanilover|just found out
|c|☆mothfox|that
|c|☆mothfox|its a questionable decision nintendo
|
|t:|1776270550
|switch|p1a: Gliscor|Gliscor, F|100/100
|-damage|p1a: Gliscor|88/100|[from] Stealth Rock
|move|p2a: Zapdos|Discharge|p1a: Gliscor
|-immune|p1a: Gliscor
|
|-status|p1a: Gliscor|tox|[from] item: Toxic Orb
|upkeep
|turn|17
|c|☆biryanilover|!dt avalanche
|c|☆biryanilover|/raw <ul class="utilichart"><li class="result"><span class="col movenamecol"><a href="https://dex.pokemonshowdown.com/moves/avalanche">Avalanche</a></span> <span class="col typecol"><img src="//play.pokemonshowdown.com/sprites/types/Ice.png" alt="Ice" width="32" height="14"><img src="//play.pokemonshowdown.com/sprites/categories/Physical.png" alt="Physical" width="32" height="14"></span> <span class="col labelcol"><em>Power</em><br>60</span> <span class="col widelabelcol"><em>Accuracy</em><br>100%</span> <span class="col pplabelcol"><em>PP</em><br>16</span> <span class="col movedesccol">Power doubles if user is damaged by the target.</span> </li><li style="clear:both"></li></ul>
|c|☆biryanilover|/raw <font size="1"><font color="#686868">Priority:</font> -4&nbsp;|&ThickSpace;<font color="#686868">Gen:</font> 4&nbsp;|&ThickSpace;&#10003; Contact&nbsp;|&ThickSpace;<font color="#686868">Z-Power:</font> 120&nbsp;|&ThickSpace;<font color="#686868">Target:</font> One Adjacent Pokémon</font>

|
|t:|1776270561
|switch|p2a: Weezing|Weezing-Galar, F, shiny|100/100
|-ability|p2a: Weezing|Neutralizing Gas
|-damage|p2a: Weezing|88/100|[from] Stealth Rock
|move|p1a: Gliscor|Knock Off|p2a: Weezing
|-resisted|p2a: Weezing
|-damage|p2a: Weezing|81/100
|-enditem|p2a: Weezing|Leftovers|[from] move: Knock Off|[of] p1a: Gliscor
|
|-damage|p1a: Gliscor|82/100 tox|[from] psn
|upkeep
|turn|18
|
|t:|1776270577
|switch|p1a: Smokestack|Weezing-Galar, F|100/100
|-ability|p1a: Smokestack|Neutralizing Gas
|move|p2a: Weezing|Strange Steam|p1a: Smokestack
|-resisted|p1a: Smokestack
|-damage|p1a: Smokestack|83/100
|
|upkeep
|turn|19
|
|t:|1776270587
|move|p1a: Smokestack|Sludge Bomb|p2a: Weezing
|-damage|p2a: Weezing|44/100
|move|p2a: Weezing|Will-O-Wisp|p1a: Smokestack
|-status|p1a: Smokestack|brn
|
|-damage|p1a: Smokestack|77/100 brn|[from] brn
|upkeep
|turn|20
|
|t:|1776270594
|move|p2a: Weezing|Pain Split|p1a: Smokestack
|-sethp|p1a: Smokestack|60/100 brn|[from] move: Pain Split|[silent]
|-sethp|p2a: Weezing|60/100|[from] move: Pain Split
|move|p1a: Smokestack|Sludge Bomb|p2a: Weezing
|-damage|p2a: Weezing|22/100
|
|-damage|p1a: Smokestack|54/100 brn|[from] brn
|upkeep
|turn|21
|
|t:|1776270610
|move|p1a: Smokestack|Sludge Bomb|p2a: Weezing
|-damage|p2a: Weezing|0 fnt
|faint|p2a: Weezing
|
|-damage|p1a: Smokestack|48/100 brn|[from] brn
|upkeep
|
|t:|1776270613
|switch|p2a: Kyurem|Kyurem|100/100
|-damage|p2a: Kyurem|75/100|[from] Stealth Rock
|turn|22
|
|t:|1776270619
|switch|p2a: Rillaboom|Rillaboom, F, shiny|63/100
|-damage|p2a: Rillaboom|51/100|[from] Stealth Rock
|-end|p1a: Smokestack|ability: Neutralizing Gas
|-fieldstart|move: Grassy Terrain|[from] ability: Grassy Surge|[of] p2a: Rillaboom
|switch|p1a: Blob|Blissey, F|62/100
|
|-heal|p2a: Rillaboom|57/100|[from] Grassy Terrain
|-heal|p1a: Blob|68/100|[from] Grassy Terrain
|upkeep
|turn|23
|inactive|mothfox has 120 seconds left.
|
|t:|1776270633
|switch|p1a: Corviknight|Corviknight, F|75/100
|-damage|p1a: Corviknight|62/100|[from] Stealth Rock
|-ability|p1a: Corviknight|Pressure
|move|p2a: Rillaboom|U-turn|p1a: Corviknight
|-resisted|p1a: Corviknight
|-damage|p1a: Corviknight|55/100
|
|t:|1776270636
|switch|p2a: Heatran|Heatran, F|100/100|[from] U-turn
|-damage|p2a: Heatran|88/100|[from] Stealth Rock
|
|-heal|p2a: Heatran|94/100|[from] Grassy Terrain
|-heal|p2a: Heatran|100/100|[from] item: Leftovers
|upkeep
|turn|24
|inactive|mothfox has 120 seconds left.
|
|t:|1776270649
|switch|p1a: Dondozo|Dondozo, M|100/100 par
|move|p2a: Heatran|Magma Storm|p1a: Dondozo
|-resisted|p1a: Dondozo
|-damage|p1a: Dondozo|81/100 par
|-activate|p1a: Dondozo|move: Magma Storm|[of] p2a: Heatran
|
|-heal|p1a: Dondozo|87/100 par|[from] Grassy Terrain
|-damage|p1a: Dondozo|74/100 par|[from] move: Magma Storm|[partiallytrapped]
|upkeep
|turn|25
|inactive|mothfox has 120 seconds left.
|
|t:|1776270664
|move|p2a: Heatran|Taunt|p1a: Dondozo
|-start|p1a: Dondozo|move: Taunt
|cant|p1a: Dondozo|move: Taunt|Rest
|
|-heal|p1a: Dondozo|81/100 par|[from] Grassy Terrain
|-damage|p1a: Dondozo|68/100 par|[from] move: Magma Storm|[partiallytrapped]
|upkeep
|turn|26
|inactive|mothfox has 120 seconds left.
|
|t:|1776270672
|move|p2a: Heatran|Earth Power|p1a: Dondozo
|-damage|p1a: Dondozo|43/100 par
|move|p1a: Dondozo|Body Press|p2a: Heatran
|-supereffective|p2a: Heatran
|-damage|p2a: Heatran|50/100
|
|-heal|p2a: Heatran|56/100|[from] Grassy Terrain
|-heal|p2a: Heatran|63/100|[from] item: Leftovers
|-heal|p1a: Dondozo|49/100 par|[from] Grassy Terrain
|-damage|p1a: Dondozo|36/100 par|[from] move: Magma Storm|[partiallytrapped]
|-fieldend|move: Grassy Terrain
|upkeep
|turn|27
|inactive|mothfox has 120 seconds left.
|
|t:|1776270683
|move|p2a: Heatran|Earth Power|p1a: Dondozo
|-damage|p1a: Dondozo|10/100 par
|move|p1a: Dondozo|Body Press|p2a: Heatran
|-supereffective|p2a: Heatran
|-damage|p2a: Heatran|12/100
|
|-heal|p2a: Heatran|18/100|[from] item: Leftovers
|-damage|p1a: Dondozo|0 fnt|[from] move: Magma Storm|[partiallytrapped]
|faint|p1a: Dondozo
|upkeep
|inactive|mothfox has 120 seconds left.
|
|t:|1776270706
|switch|p1a: Gliscor|Gliscor, F|82/100 tox
|-damage|p1a: Gliscor|69/100 tox|[from] Stealth Rock
|turn|28
|
|t:|1776270711
|switch|p2a: Kyurem|Kyurem|75/100
|-damage|p2a: Kyurem|50/100|[from] Stealth Rock
|-ability|p2a: Kyurem|Pressure
|move|p1a: Gliscor|Earthquake|p2a: Kyurem
|-damage|p2a: Kyurem|20/100
|
|-heal|p2a: Kyurem|26/100|[from] item: Leftovers
|-heal|p1a: Gliscor|82/100 tox|[from] ability: Poison Heal
|upkeep
|turn|29
|inactive|mothfox has 120 seconds left.
|inactive|mothfox has 90 seconds left.
|
|t:|1776270747
|switch|p1a: Blob|Blissey, F|68/100
|move|p2a: Kyurem|Freeze-Dry|p1a: Blob
|-damage|p1a: Blob|55/100
|
|-heal|p2a: Kyurem|32/100|[from] item: Leftovers
|upkeep
|turn|30
|
|t:|1776270757
|switch|p2a: Great Tusk|Great Tusk, shiny|100/100
|-damage|p2a: Great Tusk|98/100|[from] Stealth Rock
|-enditem|p2a: Great Tusk|Booster Energy
|-activate|p2a: Great Tusk|ability: Protosynthesis|[fromitem]
|-start|p2a: Great Tusk|protosynthesisspe
|move|p1a: Blob|Shadow Ball|p2a: Great Tusk
|-damage|p2a: Great Tusk|78/100
|
|upkeep
|turn|31
|inactive|mothfox has 90 seconds left.
|
|t:|1776270795
|switch|p1a: Corviknight|Corviknight, F|55/100
|-damage|p1a: Corviknight|42/100|[from] Stealth Rock
|-ability|p1a: Corviknight|Pressure
|move|p2a: Great Tusk|Bulk Up|p2a: Great Tusk
|-boost|p2a: Great Tusk|atk|1
|-boost|p2a: Great Tusk|def|1
|
|upkeep
|turn|32
|
|t:|1776270805
|-terastallize|p2a: Great Tusk|Ice
|move|p2a: Great Tusk|Ice Spinner|p1a: Corviknight
|-damage|p1a: Corviknight|0 fnt
|faint|p1a: Corviknight
|
|upkeep
|
|t:|1776270817
|switch|p1a: Toxapex|Toxapex, M|100/100
|turn|33
|
|t:|1776270822
|move|p2a: Great Tusk|Headlong Rush|p1a: Toxapex
|-supereffective|p1a: Toxapex
|-damage|p1a: Toxapex|5/100
|-unboost|p2a: Great Tusk|def|1
|-unboost|p2a: Great Tusk|spd|1
|move|p1a: Toxapex|Haze|p1a: Toxapex
|-clearallboost
|
|upkeep
|turn|34
|
|t:|1776270830
|switch|p1a: Gliscor|Gliscor, F|82/100 tox
|-damage|p1a: Gliscor|69/100 tox|[from] Stealth Rock
|move|p2a: Great Tusk|Ice Spinner|p1a: Gliscor
|-supereffective|p1a: Gliscor
|-crit|p1a: Gliscor
|-damage|p1a: Gliscor|0 fnt
|faint|p1a: Gliscor
|
|upkeep
|c|☆mothfox|gg
|c|☆biryanilover|gg
|-message|mothfox forfeited.
|
|win|biryanilover
|raw|mothfox's rating: 1366 &rarr; <strong>1346</strong><br />(-20 for losing)
|raw|biryanilover's rating: 1365 &rarr; <strong>1385</strong><br />(+20 for winning)
