|html|<div class="broadcast-blue"><strong>[Gen 9] OU is currently suspecting Volcarona! For information on how to participate check out the <a href="https://www.smogon.com/tools/suspects/view/208">suspect thread</a>.</strong></div>
|j|☆ohlookarock3
|j|☆pokemonmaster3556
|t:|1778504354
|gametype|singles
|player|p1|ohlookarock3|geeta|1546
|player|p2|pokemonmaster3556|266|1605
|gen|9
|tier|[Gen 9] OU
|rated|
|rule|HP Percentage Mod: HP is shown in percentages
|rule|Endless Battle Clause: Forcing endless battles is banned
|rule|Species Clause: Limit one of each Pokémon
|rule|OHKO Clause: OHKO moves are banned
|rule|Evasion Items Clause: Evasion items are banned
|rule|Evasion Moves Clause: Evasion moves are banned
|rule|Evasion Abilities Clause: Evasion abilities are banned
|rule|Sleep Moves Clause: Sleep-inducing moves are banned
|clearpoke
|poke|p1|Araquanid, F|
|poke|p1|Dragonite, F|
|poke|p1|Gholdengo|
|poke|p1|Iron Moth|
|poke|p1|Iron Valiant|
|poke|p1|Iron Treads|
|poke|p2|Hatterene, F|
|poke|p2|Ursaluna, M|
|poke|p2|Porygon2|
|poke|p2|Cresselia, F|
|poke|p2|Iron Hands|
|poke|p2|Volcanion|
|teampreview
|inactive|Battle timer is ON: inactive players will automatically lose when time's up. (requested by ohlookarock3)
|j| chadoswine
|
|t:|1778504381
|teamsize|p1|6
|teamsize|p2|6
|start
|switch|p1a: Chimata|Gholdengo|100/100
|switch|p2a: Porygon2|Porygon2|100/100
|-item|p1a: Chimata|Air Balloon
|-ability|p2a: Porygon2|Download|boost
|-boost|p2a: Porygon2|spa|1
|turn|1
|l| chadoswine
|
|t:|1778504393
|move|p1a: Chimata|Nasty Plot|p1a: Chimata
|-boost|p1a: Chimata|spa|2
|move|p2a: Porygon2|Ice Beam|p1a: Chimata
|-resisted|p1a: Chimata
|-damage|p1a: Chimata|73/100
|-enditem|p1a: Chimata|Air Balloon
|
|upkeep
|turn|2
|
|t:|1778504399
|move|p1a: Chimata|Psyshock|p2a: Porygon2
|-damage|p2a: Porygon2|58/100
|move|p2a: Porygon2|Trick Room|p2a: Porygon2
|-fieldstart|move: Trick Room|[of] p2a: Porygon2
|
|upkeep
|turn|3
|
|t:|1778504411
|switch|p2a: Volcanion|Volcanion|100/100
|move|p1a: Chimata|Psyshock|p2a: Volcanion
|-damage|p2a: Volcanion|49/100
|
|upkeep
|turn|4
|
|t:|1778504417
|switch|p1a: Yumame|Araquanid, F, shiny|100/100
|move|p2a: Volcanion|Steam Eruption|p1a: Yumame
|-resisted|p1a: Yumame
|-damage|p1a: Yumame|62/100
|
|upkeep
|turn|5
|
|t:|1778504425
|move|p1a: Yumame|Endeavor|p2a: Volcanion
|-immune|p2a: Volcanion
|move|p2a: Volcanion|Steam Eruption|p1a: Yumame
|-resisted|p1a: Yumame
|-damage|p1a: Yumame|23/100
|
|upkeep
|turn|6
|
|t:|1778504439
|move|p1a: Yumame|Endeavor|p2a: Volcanion
|-damage|p2a: Volcanion|22/100
|move|p2a: Volcanion|Steam Eruption|p1a: Yumame|[miss]
|-miss|p2a: Volcanion|p1a: Yumame
|
|-fieldend|move: Trick Room
|upkeep
|turn|7
|
|t:|1778504447
|move|p2a: Volcanion|Steam Eruption|p1a: Yumame
|-resisted|p1a: Yumame
|-damage|p1a: Yumame|0 fnt
|faint|p1a: Yumame
|
|upkeep
|
|t:|1778504455
|switch|p1a: Chimata|Gholdengo|73/100
|turn|8
|
|t:|1778504467
|switch|p2a: Cresselia|Cresselia, F, shiny|100/100
|move|p1a: Chimata|Shadow Ball|p2a: Cresselia
|-supereffective|p2a: Cresselia
|-damage|p2a: Cresselia|44/100
|
|upkeep
|turn|9
|
|t:|1778504473
|switch|p2a: Porygon2|Porygon2|58/100
|-ability|p2a: Porygon2|Download|boost
|-boost|p2a: Porygon2|spa|1
|move|p1a: Chimata|Shadow Ball|p2a: Porygon2
|-immune|p2a: Porygon2
|
|upkeep
|turn|10
|
|t:|1778504478
|switch|p1a: Tenshi|Iron Treads|100/100
|-enditem|p1a: Tenshi|Booster Energy
|-activate|p1a: Tenshi|ability: Quark Drive|[fromitem]
|-start|p1a: Tenshi|quarkdriveatk
|move|p2a: Porygon2|Trick Room|p2a: Porygon2
|-fieldstart|move: Trick Room|[of] p2a: Porygon2
|
|upkeep
|turn|11
|inactive|pokemonmaster3556 has 120 seconds left.
|
|t:|1778504521
|move|p2a: Porygon2|Ice Beam|p1a: Tenshi
|-damage|p1a: Tenshi|35/100
|move|p1a: Tenshi|Earthquake|p2a: Porygon2
|-damage|p2a: Porygon2|13/100
|
|upkeep
|turn|12
|
|t:|1778504528
|move|p2a: Porygon2|Ice Beam|p1a: Tenshi
|-damage|p1a: Tenshi|0 fnt
|faint|p1a: Tenshi
|-end|p1a: Tenshi|Quark Drive|[silent]
|
|upkeep
|
|t:|1778504535
|switch|p1a: Byakuren|Dragonite, F|100/100
|turn|13
|
|t:|1778504544
|move|p1a: Byakuren|Extreme Speed|p2a: Porygon2
|-damage|p2a: Porygon2|0 fnt
|faint|p2a: Porygon2
|
|upkeep
|
|t:|1778504553
|switch|p2a: Cresselia|Cresselia, F, shiny|44/100
|turn|14
|
|t:|1778504558
|move|p2a: Cresselia|Moonblast|p1a: Byakuren
|-supereffective|p1a: Byakuren
|-damage|p1a: Byakuren|83/100
|move|p1a: Byakuren|Dragon Dance|p1a: Byakuren
|-boost|p1a: Byakuren|atk|1
|-boost|p1a: Byakuren|spe|1
|
|-fieldend|move: Trick Room
|upkeep
|turn|15
|
|t:|1778504568
|-terastallize|p1a: Byakuren|Normal
|move|p1a: Byakuren|Extreme Speed|p2a: Cresselia
|-damage|p2a: Cresselia|7/100
|move|p2a: Cresselia|Lunar Dance|p2a: Cresselia
|faint|p2a: Cresselia
|
|upkeep
|
|t:|1778504576
|switch|p2a: Iron Hands|Iron Hands|100/100
|-enditem|p2a: Iron Hands|Booster Energy
|-activate|p2a: Iron Hands|ability: Quark Drive|[fromitem]
|-start|p2a: Iron Hands|quarkdriveatk
|turn|16
|
|t:|1778504594
|move|p1a: Byakuren|Earthquake|p2a: Iron Hands
|-supereffective|p2a: Iron Hands
|-damage|p2a: Iron Hands|32/100
|move|p2a: Iron Hands|Drain Punch|p1a: Byakuren
|-supereffective|p1a: Byakuren
|-damage|p1a: Byakuren|0 fnt
|-heal|p2a: Iron Hands|58/100|[from] drain|[of] p1a: Byakuren
|faint|p1a: Byakuren
|
|upkeep
|
|t:|1778504603
|switch|p1a: Patchouli|Iron Valiant|100/100
|-enditem|p1a: Patchouli|Booster Energy
|-activate|p1a: Patchouli|ability: Quark Drive|[fromitem]
|-start|p1a: Patchouli|quarkdrivespa
|turn|17
|
|t:|1778504621
|-end|p2a: Iron Hands|Quark Drive|[silent]
|switch|p2a: Volcanion|Volcanion|22/100
|-heal|p2a: Volcanion|100/100|[from] move: Lunar Dance
|move|p1a: Patchouli|Moonblast|p2a: Volcanion
|-resisted|p2a: Volcanion
|-damage|p2a: Volcanion|67/100
|
|upkeep
|turn|18
|
|t:|1778504627
|move|p1a: Patchouli|Calm Mind|p1a: Patchouli
|-boost|p1a: Patchouli|spa|1
|-boost|p1a: Patchouli|spd|1
|move|p2a: Volcanion|Steam Eruption|p1a: Patchouli
|-damage|p1a: Patchouli|0 fnt
|faint|p1a: Patchouli
|-end|p1a: Patchouli|Quark Drive|[silent]
|
|upkeep
|
|t:|1778504631
|switch|p1a: Chimata|Gholdengo|73/100
|turn|19
|
|t:|1778504633
|move|p1a: Chimata|Shadow Ball|p2a: Volcanion
|-damage|p2a: Volcanion|22/100
|-unboost|p2a: Volcanion|spd|1
|move|p2a: Volcanion|Steam Eruption|p1a: Chimata
|-damage|p1a: Chimata|0 fnt
|faint|p1a: Chimata
|
|upkeep
|
|t:|1778504641
|switch|p1a: Sumireko|Iron Moth|100/100
|-enditem|p1a: Sumireko|Booster Energy
|-activate|p1a: Sumireko|ability: Quark Drive|[fromitem]
|-start|p1a: Sumireko|quarkdrivespa
|turn|20
|
|t:|1778504648
|move|p1a: Sumireko|Energy Ball|p2a: Volcanion
|-damage|p2a: Volcanion|0 fnt
|faint|p2a: Volcanion
|
|upkeep
|
|t:|1778504652
|switch|p2a: Hatterene|Hatterene, F, shiny|100/100
|turn|21
|
|t:|1778504654
|move|p1a: Sumireko|Sludge Wave|p2a: Hatterene
|-supereffective|p2a: Hatterene
|-enditem|p2a: Hatterene|Focus Sash
|-damage|p2a: Hatterene|1/100
|move|p2a: Hatterene|Trick Room|p2a: Hatterene
|-fieldstart|move: Trick Room|[of] p2a: Hatterene
|
|upkeep
|turn|22
|
|t:|1778504658
|move|p2a: Hatterene|Psychic Noise|p1a: Sumireko
|-supereffective|p1a: Sumireko
|-damage|p1a: Sumireko|0 fnt
|faint|p1a: Sumireko
|-end|p1a: Sumireko|Quark Drive|[silent]
|
|win|pokemonmaster3556
|raw|ohlookarock3's rating: 1546 &rarr; <strong>1529</strong><br />(-17 for losing)
|raw|pokemonmaster3556's rating: 1605 &rarr; <strong>1622</strong><br />(+17 for winning)
|l|☆ohlookarock3
|player|p1|
|l|☆pokemonmaster3556
|player|p2|
