|html|<div class="broadcast-blue"><strong>[Gen 9] OU is currently suspecting Tera Blast! For information on how to participate check out the <a href="https://www.smogon.com/tools/suspects/view/200">suspect thread</a>.</strong></div>
|j|☆drqcometeors
|j|☆rainingdracosrn
|t:|1776350148
|gametype|singles
|player|p1|drqcometeors|roxie|
|player|p2|rainingdracosrn|mina-masters|
|gen|9
|tier|[Gen 9] OU
|rule|HP Percentage Mod: HP is shown in percentages
|rule|Endless Battle Clause: Forcing endless battles is banned
|rule|Species Clause: Limit one of each Pokémon
|rule|OHKO Clause: OHKO moves are banned
|rule|Evasion Items Clause: Evasion items are banned
|rule|Evasion Moves Clause: Evasion moves are banned
|rule|Evasion Abilities Clause: Evasion abilities are banned
|rule|Sleep Moves Clause: Sleep-inducing moves are banned
|clearpoke
|poke|p1|Iron Valiant|
|poke|p1|Ogerpon-Wellspring, F|
|poke|p1|Heatran, F|
|poke|p1|Kingambit, M|
|poke|p1|Slowking-Galar, F|
|poke|p1|Alomomola, F|
|poke|p2|Enamorus, F|
|poke|p2|Great Tusk|
|poke|p2|Samurott-Hisui, F|
|poke|p2|Gholdengo|
|poke|p2|Dragonite, M|
|poke|p2|Slowking-Galar, M|
|teampreview
|c|☆rainingdracosrn|gl hf
|n|☆rainingdracosrn|rainingdracosrn
|c|☆drqcometeors|ah you too
|
|t:|1776350193
|teamsize|p1|6
|teamsize|p2|6
|start
|switch|p1a: Ogerpon|Ogerpon-Wellspring, F|100/100
|switch|p2a: Gholdengo|Gholdengo, shiny|100/100
|-item|p2a: Gholdengo|Air Balloon
|turn|1
|
|t:|1776350228
|move|p1a: Ogerpon|Ivy Cudgel|p2a: Gholdengo|[anim] Ivy Cudgel Water
|-damage|p2a: Gholdengo|57/100
|-enditem|p2a: Gholdengo|Air Balloon
|move|p2a: Gholdengo|Shadow Ball|p1a: Ogerpon
|-damage|p1a: Ogerpon|58/100
|-unboost|p1a: Ogerpon|spd|1
|
|upkeep
|turn|2
|j| pcbattleslol
|j| FP.//06
|
|t:|1776350247
|switch|p1a: Heatran|Heatran, F, shiny|100/100
|-item|p1a: Heatran|Air Balloon
|move|p2a: Gholdengo|Recover|p2a: Gholdengo
|-heal|p2a: Gholdengo|100/100
|
|upkeep
|turn|3
|c| FP.//06|pcbattleslol
|
|t:|1776350255
|switch|p2a: Samurott|Samurott-Hisui, F, shiny|100/100
|move|p1a: Heatran|Magma Storm|p2a: Samurott
|-resisted|p2a: Samurott
|-damage|p2a: Samurott|86/100
|-activate|p2a: Samurott|move: Magma Storm|[of] p1a: Heatran
|
|-damage|p2a: Samurott|74/100|[from] move: Magma Storm|[partiallytrapped]
|upkeep
|turn|4
|c| pcbattleslol|hi
|
|t:|1776350266
|switch|p1a: Iron Valiant|Iron Valiant, shiny|100/100
|-enditem|p1a: Iron Valiant|Booster Energy
|-activate|p1a: Iron Valiant|ability: Quark Drive|[fromitem]
|-start|p1a: Iron Valiant|quarkdrivespe
|move|p2a: Samurott|Ceaseless Edge|p1a: Iron Valiant|[miss]
|-miss|p2a: Samurott|p1a: Iron Valiant
|
|-end|p2a: Samurott|Magma Storm|[partiallytrapped]|[silent]
|upkeep
|turn|5
|n| FP.//06|fp06
|c| FP.//06|why didnt u join gamenight
|c|☆drqcometeors|his ass on ftf
|
|t:|1776350305
|switch|p2a: Gholdengo|Gholdengo, shiny|100/100
|move|p1a: Iron Valiant|Shadow Ball|p2a: Gholdengo
|-supereffective|p2a: Gholdengo
|-damage|p2a: Gholdengo|44/100
|
|upkeep
|turn|6
|
|t:|1776350314
|switch|p2a: Samurott|Samurott-Hisui, F, shiny|74/100
|move|p1a: Iron Valiant|Shadow Ball|p2a: Samurott
|-resisted|p2a: Samurott
|-damage|p2a: Samurott|65/100
|
|upkeep
|turn|7
|
|t:|1776350324
|-terastallize|p2a: Samurott|Poison
|move|p1a: Iron Valiant|Moonblast|p2a: Samurott
|-resisted|p2a: Samurott
|-damage|p2a: Samurott|47/100
|move|p2a: Samurott|Razor Shell|p1a: Iron Valiant
|-damage|p1a: Iron Valiant|33/100
|
|upkeep
|turn|8
|
|t:|1776350352
|move|p1a: Iron Valiant|Shadow Ball|p2a: Samurott
|-damage|p2a: Samurott|29/100
|move|p2a: Samurott|Ceaseless Edge|p1a: Iron Valiant
|-resisted|p1a: Iron Valiant
|-damage|p1a: Iron Valiant|21/100
|-sidestart|p1: drqcometeors|Spikes
|
|upkeep
|turn|9
|
|t:|1776350358
|move|p1a: Iron Valiant|Shadow Ball|p2a: Samurott
|-damage|p2a: Samurott|10/100
|move|p2a: Samurott|Razor Shell|p1a: Iron Valiant
|-damage|p1a: Iron Valiant|0 fnt
|faint|p1a: Iron Valiant
|-end|p1a: Iron Valiant|Quark Drive|[silent]
|
|upkeep
|
|t:|1776350383
|switch|p1a: Ogerpon|Ogerpon-Wellspring, F|58/100
|-damage|p1a: Ogerpon|46/100|[from] Spikes
|turn|10
|
|t:|1776350387
|move|p2a: Samurott|Sucker Punch|p1a: Ogerpon
|-damage|p1a: Ogerpon|6/100
|move|p1a: Ogerpon|Ivy Cudgel|p2a: Samurott|[anim] Ivy Cudgel Water
|-damage|p2a: Samurott|0 fnt
|faint|p2a: Samurott
|
|upkeep
|
|t:|1776350396
|switch|p2a: Enamorus|Enamorus, F|100/100
|turn|11
|
|t:|1776350402
|move|p2a: Enamorus|Moonblast|p1a: Ogerpon
|-damage|p1a: Ogerpon|0 fnt
|faint|p1a: Ogerpon
|
|upkeep
|
|t:|1776350414
|switch|p1a: Heatran|Heatran, F, shiny|100/100
|-item|p1a: Heatran|Air Balloon
|turn|12
|
|t:|1776350419
|switch|p2a: Slowking|Slowking-Galar, M|100/100
|move|p1a: Heatran|Magma Storm|p2a: Slowking
|-damage|p2a: Slowking|76/100
|-activate|p2a: Slowking|move: Magma Storm|[of] p1a: Heatran
|
|-damage|p2a: Slowking|64/100|[from] move: Magma Storm|[partiallytrapped]
|upkeep
|turn|13
|
|t:|1776350424
|move|p1a: Heatran|Earth Power|p2a: Slowking
|-supereffective|p2a: Slowking
|-damage|p2a: Slowking|35/100
|-prepare|p2a: Slowking|Chilly Reception|[premajor]
|move|p2a: Slowking|Chilly Reception|p2a: Slowking
|-weather|Snowscape
|
|t:|1776350432
|switch|p2a: Great Tusk|Great Tusk, shiny|100/100|[from] Chilly Reception
|
|-weather|Snowscape|[upkeep]
|upkeep
|turn|14
|
|t:|1776350443
|switch|p1a: Slowking|Slowking-Galar, F, shiny|100/100
|-damage|p1a: Slowking|88/100|[from] Spikes
|move|p2a: Great Tusk|Stealth Rock|p1a: Slowking
|-sidestart|p1: drqcometeors|move: Stealth Rock
|
|-weather|Snowscape|[upkeep]
|upkeep
|turn|15
|
|t:|1776350454
|move|p2a: Great Tusk|Stone Edge|p1a: Slowking
|-damage|p1a: Slowking|59/100
|move|p1a: Slowking|Future Sight|p2a: Great Tusk
|-start|p1a: Slowking|move: Future Sight
|
|-weather|Snowscape|[upkeep]
|upkeep
|turn|16
|
|t:|1776350460
|move|p2a: Great Tusk|Headlong Rush|p1a: Slowking
|-supereffective|p1a: Slowking
|-damage|p1a: Slowking|0 fnt
|-unboost|p2a: Great Tusk|def|1
|-unboost|p2a: Great Tusk|spd|1
|faint|p1a: Slowking
|
|-weather|Snowscape|[upkeep]
|upkeep
|
|t:|1776350464
|switch|p1a: Alomomola|Alomomola, F, shiny|100/100
|-damage|p1a: Alomomola|88/100|[from] Spikes
|-damage|p1a: Alomomola|76/100|[from] Stealth Rock
|turn|17
|
|t:|1776350470
|-end|p2a: Great Tusk|Protosynthesis|[silent]
|switch|p2a: Slowking|Slowking-Galar, M|69/100
|move|p1a: Alomomola|Flip Turn|p2a: Slowking
|-crit|p2a: Slowking
|-damage|p2a: Slowking|45/100
|
|t:|1776350478
|switch|p1a: Kingambit|Kingambit, M, shiny|100/100|[from] Flip Turn
|-damage|p1a: Kingambit|88/100|[from] Spikes
|-damage|p1a: Kingambit|82/100|[from] Stealth Rock
|-activate|p1a: Kingambit|ability: Supreme Overlord
|-start|p1a: Kingambit|fallen3|[silent]
|
|-weather|none
|-end|p2a: Slowking|move: Future Sight
|-damage|p2a: Slowking|17/100
|-heal|p1a: Kingambit|88/100|[from] item: Leftovers
|upkeep
|turn|18
|
|t:|1776350491
|switch|p2a: Great Tusk|Great Tusk, shiny|100/100
|move|p1a: Kingambit|Iron Head|p2a: Great Tusk
|-damage|p2a: Great Tusk|64/100
|-damage|p1a: Kingambit|72/100|[from] item: Rocky Helmet|[of] p2a: Great Tusk
|
|-heal|p1a: Kingambit|78/100|[from] item: Leftovers
|upkeep
|turn|19
|
|t:|1776350513
|-terastallize|p1a: Kingambit|Flying
|move|p2a: Great Tusk|Rapid Spin|p1a: Kingambit
|-damage|p1a: Kingambit|68/100
|-boost|p2a: Great Tusk|spe|1
|move|p1a: Kingambit|Swords Dance|p1a: Kingambit
|-boost|p1a: Kingambit|atk|2
|
|-heal|p1a: Kingambit|74/100|[from] item: Leftovers
|upkeep
|turn|20
|
|t:|1776350519
|move|p2a: Great Tusk|Stone Edge|p1a: Kingambit|[miss]
|-miss|p2a: Great Tusk|p1a: Kingambit
|move|p1a: Kingambit|Iron Head|p2a: Great Tusk
|-damage|p2a: Great Tusk|0 fnt
|-damage|p1a: Kingambit|57/100|[from] item: Rocky Helmet|[of] p2a: Great Tusk
|faint|p2a: Great Tusk
|-end|p2a: Great Tusk|Protosynthesis|[silent]
|
|-heal|p1a: Kingambit|63/100|[from] item: Leftovers
|upkeep
|
|t:|1776350533
|switch|p2a: Enamorus|Enamorus, F|100/100
|turn|21
|
|t:|1776350537
|move|p2a: Enamorus|Moonblast|p1a: Kingambit
|-damage|p1a: Kingambit|10/100
|move|p1a: Kingambit|Iron Head|p2a: Enamorus
|-supereffective|p2a: Enamorus
|-damage|p2a: Enamorus|0 fnt
|faint|p2a: Enamorus
|
|-heal|p1a: Kingambit|16/100|[from] item: Leftovers
|upkeep
|
|t:|1776350541
|switch|p2a: Dragonite|Dragonite, M|100/100
|turn|22
|
|t:|1776350548
|move|p2a: Dragonite|Extreme Speed|p1a: Kingambit
|-damage|p1a: Kingambit|0 fnt
|faint|p1a: Kingambit
|-end|p1a: Kingambit|fallen3|[silent]
|
|upkeep
|
|t:|1776350553
|switch|p1a: Alomomola|Alomomola, F, shiny|100/100
|-damage|p1a: Alomomola|88/100|[from] Spikes
|-damage|p1a: Alomomola|76/100|[from] Stealth Rock
|turn|23
|
|t:|1776350561
|switch|p2a: Slowking|Slowking-Galar, M|50/100
|move|p1a: Alomomola|Tickle|p2a: Slowking
|-unboost|p2a: Slowking|atk|1
|-unboost|p2a: Slowking|def|1
|
|upkeep
|turn|24
|
|t:|1776350571
|move|p1a: Alomomola|Flip Turn|p2a: Slowking
|-damage|p2a: Slowking|28/100
|
|t:|1776350575
|switch|p1a: Heatran|Heatran, F, shiny|100/100|[from] Flip Turn
|-damage|p1a: Heatran|88/100|[from] Stealth Rock
|-item|p1a: Heatran|Air Balloon
|move|p2a: Slowking|Toxic Spikes|p1a: Heatran
|-sidestart|p1: drqcometeors|move: Toxic Spikes
|
|upkeep
|turn|25
|
|t:|1776350578
|move|p1a: Heatran|Magma Storm|p2a: Slowking
|-damage|p2a: Slowking|4/100
|-activate|p2a: Slowking|move: Magma Storm|[of] p1a: Heatran
|move|p2a: Slowking|Future Sight|p1a: Heatran
|-start|p2a: Slowking|move: Future Sight
|
|-damage|p2a: Slowking|0 fnt|[from] move: Magma Storm|[partiallytrapped]
|faint|p2a: Slowking
|upkeep
|
|t:|1776350584
|switch|p2a: Dragonite|Dragonite, M|100/100
|turn|26
|
|t:|1776350588
|move|p2a: Dragonite|Extreme Speed|p1a: Heatran
|-resisted|p1a: Heatran
|-damage|p1a: Heatran|74/100
|-enditem|p1a: Heatran|Air Balloon
|move|p1a: Heatran|Magma Storm|p2a: Dragonite|[miss]
|-miss|p1a: Heatran|p2a: Dragonite
|
|upkeep
|turn|27
|
|t:|1776350593
|switch|p1a: Alomomola|Alomomola, F, shiny|100/100
|-damage|p1a: Alomomola|88/100|[from] Spikes
|-damage|p1a: Alomomola|76/100|[from] Stealth Rock
|-status|p1a: Alomomola|psn
|move|p2a: Dragonite|Dragon Dance|p2a: Dragonite
|-boost|p2a: Dragonite|atk|1
|-boost|p2a: Dragonite|spe|1
|
|-end|p1a: Alomomola|move: Future Sight
|-damage|p1a: Alomomola|26/100 psn
|-damage|p1a: Alomomola|13/100 psn|[from] psn
|upkeep
|turn|28
|c|☆rainingdracosrn|gg
|
|t:|1776350602
|move|p2a: Dragonite|Earthquake|p1a: Alomomola
|-damage|p1a: Alomomola|0 fnt
|faint|p1a: Alomomola
|
|upkeep
|
|t:|1776350604
|switch|p1a: Heatran|Heatran, F, shiny|74/100
|-damage|p1a: Heatran|62/100|[from] Spikes
|-damage|p1a: Heatran|49/100|[from] Stealth Rock
|turn|29
|c|☆drqcometeors|tera flying
|c|☆drqcometeors|oh shit i used my tear
|c|☆drqcometeors|tera
|
|t:|1776350615
|move|p2a: Dragonite|Earthquake|p1a: Heatran
|-supereffective|p1a: Heatran
|-damage|p1a: Heatran|0 fnt
|faint|p1a: Heatran
|
|win|rainingdracosrn
|c|☆drqcometeors|oops gg
|c|☆rainingdracosrn|gg
|l| pcbattleslol
|l|☆drqcometeors
|player|p1|
