|html|<div class="broadcast-blue"><strong>[Gen 9] OU is currently suspecting Tera Blast! For information on how to participate check out the <a href="https://www.smogon.com/tools/suspects/view/200">suspect thread</a>.</strong></div>
|j|☆BAzz Barge
|j|☆Spirit Guardian
|t:|1776256825
|gametype|singles
|player|p1|BAzz Barge|benga|1204
|player|p2|Spirit Guardian|170|1238
|gen|9
|tier|[Gen 9] OU
|rated|
|rule|HP Percentage Mod: HP is shown in percentages
|rule|Endless Battle Clause: Forcing endless battles is banned
|rule|Species Clause: Limit one of each Pokémon
|rule|OHKO Clause: OHKO moves are banned
|rule|Evasion Items Clause: Evasion items are banned
|rule|Evasion Moves Clause: Evasion moves are banned
|rule|Evasion Abilities Clause: Evasion abilities are banned
|rule|Sleep Moves Clause: Sleep-inducing moves are banned
|clearpoke
|poke|p1|Tyranitar, M|
|poke|p1|Excadrill, F|
|poke|p1|Dragapult, M|
|poke|p1|Ogerpon-Wellspring, F|
|poke|p1|Great Tusk|
|poke|p1|Iron Moth|
|poke|p2|Glimmora, M|
|poke|p2|Mimikyu, M|
|poke|p2|Quaquaval, M|
|poke|p2|Iron Moth|
|poke|p2|Galvantula, M|
|poke|p2|Dragonite, M|
|teampreview
|
|t:|1776256848
|teamsize|p1|6
|teamsize|p2|6
|start
|switch|p1a: Excadrill|Excadrill, F|100/100
|switch|p2a: Glimmora|Glimmora, M|100/100
|-item|p2a: Glimmora|Air Balloon
|-item|p1a: Excadrill|Air Balloon
|turn|1
|
|t:|1776256860
|move|p2a: Glimmora|Energy Ball|p1a: Excadrill
|-damage|p1a: Excadrill|58/100
|-enditem|p1a: Excadrill|Air Balloon
|move|p1a: Excadrill|Rock Slide|p2a: Glimmora
|-damage|p2a: Glimmora|67/100
|-activate|p2a: Glimmora|ability: Toxic Debris
|-sidestart|p1: BAzz Barge|move: Toxic Spikes
|-enditem|p2a: Glimmora|Air Balloon
|
|upkeep
|turn|2
|
|t:|1776256875
|-terastallize|p2a: Glimmora|Grass
|move|p2a: Glimmora|Energy Ball|p1a: Excadrill
|-damage|p1a: Excadrill|0 fnt
|faint|p1a: Excadrill
|
|upkeep
|
|t:|1776256887
|switch|p1a: Iron Moth|Iron Moth|100/100
|-sideend|p1: BAzz Barge|move: Toxic Spikes|[of] p1a: Iron Moth
|-enditem|p1a: Iron Moth|Booster Energy
|-activate|p1a: Iron Moth|ability: Quark Drive|[fromitem]
|-start|p1a: Iron Moth|quarkdrivespe
|turn|3
|
|t:|1776256906
|switch|p2a: Mimikyu|Mimikyu, M|100/100
|move|p1a: Iron Moth|Fiery Dance|p2a: Mimikyu
|-activate|p2a: Mimikyu|ability: Disguise
|-damage|p2a: Mimikyu|100/100
|detailschange|p2a: Mimikyu|Mimikyu-Busted, M
|-damage|p2a: Mimikyu|88/100|[from] pokemon: Mimikyu-Busted
|-enditem|p2a: Mimikyu|Red Card|[of] p1a: Iron Moth
|-end|p1a: Iron Moth|Quark Drive|[silent]
|drag|p1a: Tyranitar|Tyranitar, M|100/100
|-weather|Sandstorm|[from] ability: Sand Stream|[of] p1a: Tyranitar
|
|-weather|Sandstorm|[upkeep]
|-damage|p2a: Mimikyu|82/100|[from] Sandstorm
|upkeep
|turn|4
|
|t:|1776256923
|move|p2a: Mimikyu|Play Rough|p1a: Tyranitar
|-supereffective|p1a: Tyranitar
|-damage|p1a: Tyranitar|30/100
|move|p1a: Tyranitar|Knock Off|p2a: Mimikyu
|-damage|p2a: Mimikyu|0 fnt
|faint|p2a: Mimikyu
|
|-weather|Sandstorm|[upkeep]
|upkeep
|
|t:|1776256926
|switch|p2a: Glimmora|Glimmora, M, tera:Grass|67/100
|turn|5
|
|t:|1776256937
|switch|p1a: Iron Moth|Iron Moth|100/100
|move|p2a: Glimmora|Stealth Rock|p1a: Iron Moth
|-sidestart|p1: BAzz Barge|move: Stealth Rock
|
|-weather|Sandstorm|[upkeep]
|-damage|p1a: Iron Moth|95/100|[from] Sandstorm
|-damage|p2a: Glimmora|60/100|[from] Sandstorm
|upkeep
|turn|6
|
|t:|1776256945
|move|p1a: Iron Moth|Substitute|p1a: Iron Moth
|-start|p1a: Iron Moth|Substitute
|-damage|p1a: Iron Moth|70/100
|move|p2a: Glimmora|Power Gem|p1a: Iron Moth
|-supereffective|p1a: Iron Moth
|-end|p1a: Iron Moth|Substitute
|
|-weather|Sandstorm|[upkeep]
|-damage|p1a: Iron Moth|64/100|[from] Sandstorm
|-damage|p2a: Glimmora|54/100|[from] Sandstorm
|upkeep
|turn|7
|
|t:|1776256953
|move|p1a: Iron Moth|Fiery Dance|p2a: Glimmora
|-supereffective|p2a: Glimmora
|-damage|p2a: Glimmora|0 fnt
|-boost|p1a: Iron Moth|spa|1
|faint|p2a: Glimmora
|
|-weather|none
|upkeep
|
|t:|1776256961
|switch|p2a: Galvantula|Galvantula, M, shiny|100/100
|turn|8
|
|t:|1776256965
|move|p1a: Iron Moth|Fiery Dance|p2a: Galvantula
|-supereffective|p2a: Galvantula
|-enditem|p2a: Galvantula|Focus Sash
|-damage|p2a: Galvantula|1/100
|-boost|p1a: Iron Moth|spa|1
|move|p2a: Galvantula|Thunder|p1a: Iron Moth
|-damage|p1a: Iron Moth|16/100
|
|upkeep
|turn|9
|
|t:|1776256976
|move|p1a: Iron Moth|Fiery Dance|p2a: Galvantula
|-supereffective|p2a: Galvantula
|-damage|p2a: Galvantula|0 fnt
|-boost|p1a: Iron Moth|spa|1
|faint|p2a: Galvantula
|
|upkeep
|
|t:|1776256978
|switch|p2a: Quaquaval|Quaquaval, M|100/100
|turn|10
|
|t:|1776256990
|move|p1a: Iron Moth|Dazzling Gleam|p2a: Quaquaval
|-supereffective|p2a: Quaquaval
|-damage|p2a: Quaquaval|0 fnt
|faint|p2a: Quaquaval
|
|upkeep
|
|t:|1776257006
|switch|p2a: Dragonite|Dragonite, M|100/100
|turn|11
|
|t:|1776257010
|move|p1a: Iron Moth|Dazzling Gleam|p2a: Dragonite
|-supereffective|p2a: Dragonite
|-damage|p2a: Dragonite|24/100
|move|p2a: Dragonite|Dragon Dance|p2a: Dragonite
|-boost|p2a: Dragonite|atk|1
|-boost|p2a: Dragonite|spe|1
|
|upkeep
|turn|12
|
|t:|1776257017
|move|p2a: Dragonite|Dragon Claw|p1a: Iron Moth
|-damage|p1a: Iron Moth|0 fnt
|faint|p1a: Iron Moth
|-end|p1a: Iron Moth|Quark Drive|[silent]
|
|upkeep
|
|t:|1776257030
|switch|p1a: Great Tusk|Great Tusk|100/100
|-damage|p1a: Great Tusk|98/100|[from] Stealth Rock
|turn|13
|
|t:|1776257063
|move|p2a: Dragonite|Ice Punch|p1a: Great Tusk
|-supereffective|p1a: Great Tusk
|-damage|p1a: Great Tusk|45/100
|-damage|p2a: Dragonite|8/100|[from] item: Rocky Helmet|[of] p1a: Great Tusk
|move|p1a: Great Tusk|Ice Spinner|p2a: Dragonite
|-supereffective|p2a: Dragonite
|-damage|p2a: Dragonite|0 fnt
|faint|p2a: Dragonite
|
|upkeep
|
|t:|1776257066
|switch|p2a: Iron Moth|Iron Moth, shiny|100/100
|-enditem|p2a: Iron Moth|Booster Energy
|-activate|p2a: Iron Moth|ability: Quark Drive|[fromitem]
|-start|p2a: Iron Moth|quarkdrivespa
|turn|14
|
|t:|1776257076
|move|p2a: Iron Moth|Psychic|p1a: Great Tusk
|-supereffective|p1a: Great Tusk
|-damage|p1a: Great Tusk|0 fnt
|faint|p1a: Great Tusk
|-end|p1a: Great Tusk|Protosynthesis|[silent]
|
|upkeep
|
|t:|1776257090
|switch|p1a: Tyranitar|Tyranitar, M|30/100
|-damage|p1a: Tyranitar|17/100|[from] Stealth Rock
|-weather|Sandstorm|[from] ability: Sand Stream|[of] p1a: Tyranitar
|turn|15
|
|t:|1776257114
|move|p2a: Iron Moth|Flamethrower|p1a: Tyranitar
|-resisted|p1a: Tyranitar
|-damage|p1a: Tyranitar|0 fnt
|faint|p1a: Tyranitar
|
|-weather|Sandstorm|[upkeep]
|-damage|p2a: Iron Moth|95/100|[from] Sandstorm
|upkeep
|
|t:|1776257125
|switch|p1a: Ogerpon|Ogerpon-Wellspring, F|100/100
|-damage|p1a: Ogerpon|88/100|[from] Stealth Rock
|turn|16
|
|t:|1776257130
|move|p2a: Iron Moth|Sludge Wave|p1a: Ogerpon
|-supereffective|p1a: Ogerpon
|-damage|p1a: Ogerpon|0 fnt
|faint|p1a: Ogerpon
|
|-weather|Sandstorm|[upkeep]
|-damage|p2a: Iron Moth|89/100|[from] Sandstorm
|upkeep
|
|t:|1776257136
|switch|p1a: Dragapult|Dragapult, M|100/100
|-damage|p1a: Dragapult|88/100|[from] Stealth Rock
|turn|17
|
|t:|1776257141
|move|p1a: Dragapult|Draco Meteor|p2a: Iron Moth|[miss]
|-miss|p1a: Dragapult|p2a: Iron Moth
|move|p2a: Iron Moth|Psychic|p1a: Dragapult
|-damage|p1a: Dragapult|26/100
|
|-weather|Sandstorm|[upkeep]
|-damage|p1a: Dragapult|20/100|[from] Sandstorm
|-damage|p2a: Iron Moth|83/100|[from] Sandstorm
|upkeep
|turn|18
|
|t:|1776257148
|move|p1a: Dragapult|Draco Meteor|p2a: Iron Moth
|-crit|p2a: Iron Moth
|-damage|p2a: Iron Moth|0 fnt
|-unboost|p1a: Dragapult|spa|2
|faint|p2a: Iron Moth
|-end|p2a: Iron Moth|Quark Drive|[silent]
|
|win|BAzz Barge
|raw|BAzz Barge's rating: 1204 &rarr; <strong>1231</strong><br />(+27 for winning)
|raw|Spirit Guardian's rating: 1238 &rarr; <strong>1211</strong><br />(-27 for losing)
