|html|<div class="broadcast-blue"><strong>[Gen 9] OU is currently suspecting Tera Blast! For information on how to participate check out the <a href="https://www.smogon.com/tools/suspects/view/200">suspect thread</a>.</strong></div>
|j|☆jibreel69
|j|☆Dragonzord6
|t:|1776171812
|gametype|singles
|player|p1|jibreel69|benga|1526
|player|p2|Dragonzord6|lance|1523
|gen|9
|tier|[Gen 9] OU
|rated|
|rule|HP Percentage Mod: HP is shown in percentages
|rule|Endless Battle Clause: Forcing endless battles is banned
|rule|Species Clause: Limit one of each Pokémon
|rule|OHKO Clause: OHKO moves are banned
|rule|Evasion Items Clause: Evasion items are banned
|rule|Evasion Moves Clause: Evasion moves are banned
|rule|Evasion Abilities Clause: Evasion abilities are banned
|rule|Sleep Moves Clause: Sleep-inducing moves are banned
|clearpoke
|poke|p1|Darkrai|
|poke|p1|Dragapult, F|
|poke|p1|Great Tusk|
|poke|p1|Ogerpon-Wellspring, F|
|poke|p1|Glimmora, M|
|poke|p1|Dragonite, F|
|poke|p2|Pelipper, M|
|poke|p2|Barraskewda, M|
|poke|p2|Kingdra, M|
|poke|p2|Raging Bolt|
|poke|p2|Zamazenta-*|
|poke|p2|Kyurem|
|teampreview
|inactive|Battle timer is ON: inactive players will automatically lose when time's up. (requested by Dragonzord6)
|
|t:|1776171829
|teamsize|p1|6
|teamsize|p2|6
|start
|switch|p1a: longest labubu 2|Dragapult, F, shiny|100/100
|switch|p2a: Pelipper|Pelipper, M, shiny|100/100
|-weather|RainDance|[from] ability: Drizzle|[of] p2a: Pelipper
|turn|1
|
|t:|1776171848
|switch|p2a: Raging Bolt|Raging Bolt|100/100
|move|p1a: longest labubu 2|Thunder Wave|p2a: Raging Bolt
|-immune|p2a: Raging Bolt
|
|-weather|RainDance|[upkeep]
|upkeep
|turn|2
|
|t:|1776171862
|-terastallize|p2a: Raging Bolt|Fairy
|move|p1a: longest labubu 2|U-turn|p2a: Raging Bolt
|-resisted|p2a: Raging Bolt
|-damage|p2a: Raging Bolt|93/100
|
|t:|1776171877
|switch|p1a: longest labubu 5|Glimmora, M, shiny|100/100|[from] U-turn
|move|p2a: Raging Bolt|Dragon Pulse|p1a: longest labubu 5
|-damage|p1a: longest labubu 5|49/100
|-enditem|p1a: longest labubu 5|Red Card|[of] p2a: Raging Bolt
|-end|p2a: Raging Bolt|Protosynthesis|[silent]
|drag|p2a: Zamazenta|Zamazenta, shiny|100/100
|-ability|p2a: Zamazenta|Dauntless Shield|boost
|-boost|p2a: Zamazenta|def|1
|
|-weather|RainDance|[upkeep]
|upkeep
|turn|3
|
|t:|1776171890
|move|p1a: longest labubu 5|Stealth Rock|p2a: Zamazenta
|-sidestart|p2: Dragonzord6|move: Stealth Rock
|move|p2a: Zamazenta|Roar|p1a: longest labubu 5
|drag|p1a: longest labubu 4|Ogerpon-Wellspring, F|100/100
|
|-weather|RainDance|[upkeep]
|upkeep
|turn|4
|
|t:|1776171897
|switch|p1a: longest labubu 2|Dragapult, F, shiny|100/100
|move|p2a: Zamazenta|Body Press|p1a: longest labubu 2
|-immune|p1a: longest labubu 2
|
|-weather|RainDance|[upkeep]
|upkeep
|turn|5
|
|t:|1776171905
|move|p1a: longest labubu 2|Thunder Wave|p2a: Zamazenta
|-status|p2a: Zamazenta|par
|move|p2a: Zamazenta|Crunch|p1a: longest labubu 2
|-supereffective|p1a: longest labubu 2
|-damage|p1a: longest labubu 2|52/100
|
|-weather|RainDance|[upkeep]
|upkeep
|turn|6
|
|t:|1776171913
|move|p1a: longest labubu 2|Hex|p2a: Zamazenta
|-damage|p2a: Zamazenta|38/100 par
|cant|p2a: Zamazenta|par
|
|-weather|RainDance|[upkeep]
|-heal|p2a: Zamazenta|44/100 par|[from] item: Leftovers
|upkeep
|turn|7
|
|t:|1776171921
|move|p1a: longest labubu 2|Hex|p2a: Zamazenta
|-damage|p2a: Zamazenta|0 fnt
|faint|p2a: Zamazenta
|
|-weather|RainDance|[upkeep]
|upkeep
|
|t:|1776171927
|switch|p2a: Kingdra|Kingdra, M, shiny|100/100
|-damage|p2a: Kingdra|88/100|[from] Stealth Rock
|turn|8
|
|t:|1776171932
|switch|p1a: longest labubu 4|Ogerpon-Wellspring, F|100/100
|move|p2a: Kingdra|Hurricane|p1a: longest labubu 4
|-supereffective|p1a: longest labubu 4
|-damage|p1a: longest labubu 4|0 fnt
|faint|p1a: longest labubu 4
|
|-weather|none
|upkeep
|
|t:|1776171938
|switch|p1a: longest labubu 5|Glimmora, M, shiny|49/100
|turn|9
|
|t:|1776171945
|switch|p2a: Pelipper|Pelipper, M, shiny|100/100
|-damage|p2a: Pelipper|76/100|[from] Stealth Rock
|-weather|RainDance|[from] ability: Drizzle|[of] p2a: Pelipper
|move|p1a: longest labubu 5|Mortal Spin|p2a: Pelipper
|-damage|p2a: Pelipper|70/100
|-status|p2a: Pelipper|psn
|
|-weather|RainDance|[upkeep]
|-damage|p2a: Pelipper|58/100 psn|[from] psn
|upkeep
|turn|10
|
|t:|1776171957
|move|p1a: longest labubu 5|Power Gem|p2a: Pelipper
|-supereffective|p2a: Pelipper
|-damage|p2a: Pelipper|0 fnt
|faint|p2a: Pelipper
|
|-weather|RainDance|[upkeep]
|upkeep
|
|t:|1776171964
|switch|p2a: Kingdra|Kingdra, M, shiny|88/100
|-damage|p2a: Kingdra|76/100|[from] Stealth Rock
|turn|11
|
|t:|1776171978
|move|p2a: Kingdra|Weather Ball|p1a: longest labubu 5
|-supereffective|p1a: longest labubu 5
|-damage|p1a: longest labubu 5|0 fnt
|faint|p1a: longest labubu 5
|
|-weather|RainDance|[upkeep]
|upkeep
|
|t:|1776171989
|switch|p1a: longest labubu 67|Dragonite, F, shiny|100/100
|turn|12
|
|t:|1776171992
|move|p2a: Kingdra|Weather Ball|p1a: longest labubu 67
|-resisted|p1a: longest labubu 67
|-damage|p1a: longest labubu 67|73/100
|move|p1a: longest labubu 67|Dragon Dance|p1a: longest labubu 67
|-boost|p1a: longest labubu 67|atk|1
|-boost|p1a: longest labubu 67|spe|1
|
|-weather|RainDance|[upkeep]
|upkeep
|turn|13
|
|t:|1776172002
|move|p2a: Kingdra|Weather Ball|p1a: longest labubu 67
|-resisted|p1a: longest labubu 67
|-damage|p1a: longest labubu 67|21/100
|move|p1a: longest labubu 67|Dragon Dance|p1a: longest labubu 67
|-boost|p1a: longest labubu 67|atk|1
|-boost|p1a: longest labubu 67|spe|1
|
|-weather|RainDance|[upkeep]
|upkeep
|turn|14
|
|t:|1776172017
|move|p1a: longest labubu 67|Earthquake|p2a: Kingdra
|-damage|p2a: Kingdra|0 fnt
|faint|p2a: Kingdra
|
|-weather|RainDance|[upkeep]
|upkeep
|
|t:|1776172023
|switch|p2a: Barraskewda|Barraskewda, M, shiny|100/100
|-damage|p2a: Barraskewda|88/100|[from] Stealth Rock
|turn|15
|
|t:|1776172029
|move|p2a: Barraskewda|Aqua Jet|p1a: longest labubu 67
|-resisted|p1a: longest labubu 67
|-damage|p1a: longest labubu 67|0 fnt
|faint|p1a: longest labubu 67
|
|-weather|RainDance|[upkeep]
|upkeep
|
|t:|1776172052
|switch|p1a: longest labubu 1|Darkrai, shiny|100/100
|turn|16
|
|t:|1776172060
|move|p2a: Barraskewda|Aqua Jet|p1a: longest labubu 1
|-damage|p1a: longest labubu 1|30/100
|move|p1a: longest labubu 1|Sludge Bomb|p2a: Barraskewda
|-damage|p2a: Barraskewda|2/100
|-damage|p1a: longest labubu 1|20/100|[from] item: Life Orb
|
|-weather|none
|upkeep
|turn|17
|
|t:|1776172069
|move|p2a: Barraskewda|Aqua Jet|p1a: longest labubu 1
|-damage|p1a: longest labubu 1|0 fnt
|faint|p1a: longest labubu 1
|
|upkeep
|
|t:|1776172075
|switch|p1a: longest labubu 2|Dragapult, F, shiny|52/100
|turn|18
|
|t:|1776172078
|move|p2a: Barraskewda|Aqua Jet|p1a: longest labubu 2
|-resisted|p1a: longest labubu 2
|-damage|p1a: longest labubu 2|27/100
|move|p1a: longest labubu 2|Dragon Darts|p2a: Barraskewda
|-damage|p2a: Barraskewda|0 fnt
|faint|p2a: Barraskewda
|
|upkeep
|
|t:|1776172089
|switch|p2a: Raging Bolt|Raging Bolt, tera:Fairy|93/100
|-damage|p2a: Raging Bolt|80/100|[from] Stealth Rock
|turn|19
|
|t:|1776172095
|move|p1a: longest labubu 2|Thunder Wave|p2a: Raging Bolt
|-status|p2a: Raging Bolt|par
|cant|p2a: Raging Bolt|par
|
|upkeep
|turn|20
|
|t:|1776172101
|move|p1a: longest labubu 2|Hex|p2a: Raging Bolt
|-damage|p2a: Raging Bolt|44/100 par
|move|p2a: Raging Bolt|Dragon Pulse|p1a: longest labubu 2
|-supereffective|p1a: longest labubu 2
|-damage|p1a: longest labubu 2|0 fnt
|faint|p1a: longest labubu 2
|
|upkeep
|
|t:|1776172106
|switch|p1a: longest labubu 3|Great Tusk, shiny|100/100
|-enditem|p1a: longest labubu 3|Booster Energy
|-activate|p1a: longest labubu 3|ability: Protosynthesis|[fromitem]
|-start|p1a: longest labubu 3|protosynthesisatk
|turn|21
|
|t:|1776172116
|move|p1a: longest labubu 3|Rapid Spin|p2a: Raging Bolt
|-damage|p2a: Raging Bolt|26/100 par
|-boost|p1a: longest labubu 3|spe|1
|move|p2a: Raging Bolt|Dragon Pulse|p1a: longest labubu 3
|-damage|p1a: longest labubu 3|34/100
|
|upkeep
|turn|22
|
|t:|1776172124
|move|p1a: longest labubu 3|Ice Spinner|p2a: Raging Bolt
|-damage|p2a: Raging Bolt|0 fnt
|faint|p2a: Raging Bolt
|-end|p2a: Raging Bolt|Protosynthesis|[silent]
|
|upkeep
|
|t:|1776172128
|switch|p2a: Kyurem|Kyurem, shiny|100/100
|-damage|p2a: Kyurem|76/100|[from] Stealth Rock
|-ability|p2a: Kyurem|Pressure
|turn|23
|
|t:|1776172134
|move|p1a: longest labubu 3|Close Combat|p2a: Kyurem
|-supereffective|p2a: Kyurem
|-damage|p2a: Kyurem|0 fnt
|-unboost|p1a: longest labubu 3|def|1
|-unboost|p1a: longest labubu 3|spd|1
|faint|p2a: Kyurem
|
|win|jibreel69
|raw|jibreel69's rating: 1526 &rarr; <strong>1546</strong><br />(+20 for winning)
|raw|Dragonzord6's rating: 1523 &rarr; <strong>1503</strong><br />(-20 for losing)
