|html|<div class="broadcast-blue"><strong>[Gen 9] OU is currently suspecting Tera Blast! For information on how to participate check out the <a href="https://www.smogon.com/tools/suspects/view/200">suspect thread</a>.</strong></div>
|j|☆prollytupid
|j|☆vernost72
|t:|1776057683
|gametype|singles
|player|p1|prollytupid|lady|1471
|player|p2|vernost72|hoopster|1468
|gen|9
|tier|[Gen 9] OU
|rated|
|rule|HP Percentage Mod: HP is shown in percentages
|rule|Endless Battle Clause: Forcing endless battles is banned
|rule|Species Clause: Limit one of each Pokémon
|rule|OHKO Clause: OHKO moves are banned
|rule|Evasion Items Clause: Evasion items are banned
|rule|Evasion Moves Clause: Evasion moves are banned
|rule|Evasion Abilities Clause: Evasion abilities are banned
|rule|Sleep Moves Clause: Sleep-inducing moves are banned
|clearpoke
|poke|p1|Araquanid, F|
|poke|p1|Ceruledge, F|
|poke|p1|Iron Crown|
|poke|p1|Iron Valiant|
|poke|p1|Darkrai|
|poke|p1|Ogerpon-Wellspring, F|
|poke|p2|Kingambit, M|
|poke|p2|Gholdengo|
|poke|p2|Great Tusk|
|poke|p2|Ribombee, M|
|poke|p2|Samurott-Hisui, F|
|poke|p2|Glimmora, F|
|teampreview
|inactive|Battle timer is ON: inactive players will automatically lose when time's up. (requested by vernost72)
|inactive|prollytupid also wants the timer to be on.
|
|t:|1776057697
|teamsize|p1|6
|teamsize|p2|6
|start
|switch|p1a: Araquanid|Araquanid, F|100/100
|switch|p2a: Glimmora|Glimmora, F|100/100
|turn|1
|
|t:|1776057701
|move|p2a: Glimmora|Stealth Rock|p1a: Araquanid
|-sidestart|p1: prollytupid|move: Stealth Rock
|move|p1a: Araquanid|Sticky Web|p2a: Glimmora
|-sidestart|p2: vernost72|move: Sticky Web
|
|upkeep
|turn|2
|
|t:|1776057704
|move|p2a: Glimmora|Mortal Spin|p1a: Araquanid
|-damage|p1a: Araquanid|94/100
|-status|p1a: Araquanid|psn
|-sideend|p2: vernost72|Sticky Web|[from] move: Mortal Spin|[of] p2a: Glimmora
|move|p1a: Araquanid|Surf|p2a: Glimmora
|-supereffective|p2a: Glimmora
|-damage|p2a: Glimmora|43/100
|
|-damage|p1a: Araquanid|82/100 psn|[from] psn
|upkeep
|turn|3
|
|t:|1776057706
|move|p2a: Glimmora|Power Gem|p1a: Araquanid
|-supereffective|p1a: Araquanid
|-damage|p1a: Araquanid|29/100 psn
|move|p1a: Araquanid|Surf|p2a: Glimmora
|-supereffective|p2a: Glimmora
|-damage|p2a: Glimmora|0 fnt
|faint|p2a: Glimmora
|
|-damage|p1a: Araquanid|16/100 psn|[from] psn
|upkeep
|
|t:|1776057709
|switch|p2a: Samurott|Samurott-Hisui, F|100/100
|turn|4
|
|t:|1776057712
|move|p2a: Samurott|Ceaseless Edge|p1a: Araquanid
|-damage|p1a: Araquanid|0 fnt
|-sidestart|p1: prollytupid|Spikes
|faint|p1a: Araquanid
|
|upkeep
|inactive|prollytupid has 120 seconds left.
|
|t:|1776057744
|switch|p1a: Iron Valiant|Iron Valiant|100/100
|-damage|p1a: Iron Valiant|94/100|[from] Stealth Rock
|-damage|p1a: Iron Valiant|82/100|[from] Spikes
|-enditem|p1a: Iron Valiant|Booster Energy
|-activate|p1a: Iron Valiant|ability: Quark Drive|[fromitem]
|-start|p1a: Iron Valiant|quarkdrivespe
|turn|5
|
|t:|1776057756
|move|p1a: Iron Valiant|Swords Dance|p1a: Iron Valiant
|-boost|p1a: Iron Valiant|atk|2
|move|p2a: Samurott|Razor Shell|p1a: Iron Valiant
|-damage|p1a: Iron Valiant|16/100
|
|upkeep
|turn|6
|
|t:|1776057762
|move|p2a: Samurott|Aqua Jet|p1a: Iron Valiant
|-damage|p1a: Iron Valiant|0 fnt
|faint|p1a: Iron Valiant
|-end|p1a: Iron Valiant|Quark Drive|[silent]
|
|upkeep
|
|t:|1776057766
|switch|p1a: Ogerpon|Ogerpon-Wellspring, F|100/100
|-damage|p1a: Ogerpon|88/100|[from] Stealth Rock
|-damage|p1a: Ogerpon|76/100|[from] Spikes
|turn|7
|
|t:|1776057768
|move|p1a: Ogerpon|Wood Hammer|p2a: Samurott
|-supereffective|p2a: Samurott
|-enditem|p2a: Samurott|Focus Sash
|-damage|p2a: Samurott|1/100
|-damage|p1a: Ogerpon|41/100|[from] Recoil
|move|p2a: Samurott|Ceaseless Edge|p1a: Ogerpon
|-damage|p1a: Ogerpon|0 fnt
|-sidestart|p1: prollytupid|Spikes
|faint|p1a: Ogerpon
|
|upkeep
|-message|prollytupid forfeited.
|
|win|vernost72
|raw|prollytupid's rating: 1471 &rarr; <strong>1451</strong><br />(-20 for losing)
|raw|vernost72's rating: 1468 &rarr; <strong>1488</strong><br />(+20 for winning)
|l|☆prollytupid
|player|p1|
