|html|<div class="broadcast-blue"><strong>[Gen 9] OU is currently suspecting Tera Blast! For information on how to participate check out the <a href="https://www.smogon.com/tools/suspects/view/200">suspect thread</a>.</strong></div>
|j|☆RoLi404
|j|☆Zuifeng
|t:|1776055545
|gametype|singles
|player|p1|RoLi404|jacinthe|1700
|player|p2|Zuifeng|li|1707
|gen|9
|tier|[Gen 9] OU
|rated|
|rule|HP Percentage Mod: HP is shown in percentages
|rule|Endless Battle Clause: Forcing endless battles is banned
|rule|Species Clause: Limit one of each Pokémon
|rule|OHKO Clause: OHKO moves are banned
|rule|Evasion Items Clause: Evasion items are banned
|rule|Evasion Moves Clause: Evasion moves are banned
|rule|Evasion Abilities Clause: Evasion abilities are banned
|rule|Sleep Moves Clause: Sleep-inducing moves are banned
|clearpoke
|poke|p1|Primarina, M|
|poke|p1|Great Tusk|
|poke|p1|Enamorus, F|
|poke|p1|Slowking-Galar, M|
|poke|p1|Ogerpon, F|
|poke|p1|Kingambit, M|
|poke|p2|Gholdengo|
|poke|p2|Tornadus-Therian, M|
|poke|p2|Hatterene, F|
|poke|p2|Samurott-Hisui, F|
|poke|p2|Dragapult, M|
|poke|p2|Great Tusk|
|teampreview
|inactive|Battle timer is ON: inactive players will automatically lose when time's up. (requested by RoLi404)
|inactive|Zuifeng also wants the timer to be on.
|j| allee23
|j| vasago
|inactive|Zuifeng has 120 seconds left.
|j| Shucklepilled
|
|t:|1776055584
|teamsize|p1|6
|teamsize|p2|6
|start
|switch|p1a: Celestine|Primarina, M, shiny|100/100
|switch|p2a: Gholdengo|Gholdengo|100/100
|turn|1
|
|t:|1776055595
|move|p2a: Gholdengo|Trick|p1a: Celestine
|-activate|p2a: Gholdengo|move: Trick|[of] p1a: Celestine
|-item|p1a: Celestine|Choice Scarf|[from] move: Trick
|-item|p2a: Gholdengo|Leftovers|[from] move: Trick
|move|p1a: Celestine|Psychic Noise|p2a: Gholdengo
|-damage|p2a: Gholdengo|48/100
|-start|p2a: Gholdengo|move: Heal Block
|
|upkeep
|turn|2
|
|t:|1776055609
|switch|p2a: Tornadus|Tornadus-Therian, M|100/100
|move|p1a: Celestine|Psychic Noise|p2a: Tornadus
|-damage|p2a: Tornadus|72/100
|-start|p2a: Tornadus|move: Heal Block
|
|upkeep
|turn|3
|
|t:|1776055614
|move|p2a: Tornadus|U-turn|p1a: Celestine
|-resisted|p1a: Celestine
|-damage|p1a: Celestine|90/100
|
|t:|1776055622
|switch|p2a: Samurott|Samurott-Hisui, F|100/100|[from] U-turn
|move|p1a: Celestine|Psychic Noise|p2a: Samurott
|-resisted|p2a: Samurott
|-damage|p2a: Samurott|70/100
|-start|p2a: Samurott|move: Heal Block
|
|upkeep
|turn|4
|
|t:|1776055627
|switch|p1a: Behemoth|Great Tusk, shiny|100/100
|move|p2a: Samurott|Ceaseless Edge|p1a: Behemoth
|-resisted|p1a: Behemoth
|-damage|p1a: Behemoth|78/100
|-damage|p2a: Samurott|54/100|[from] item: Rocky Helmet|[of] p1a: Behemoth
|-sidestart|p1: RoLi404|Spikes
|
|-end|p2a: Samurott|move: Heal Block
|upkeep
|turn|5
|
|t:|1776055636
|switch|p2a: Tornadus|Tornadus-Therian, M|100/100
|move|p1a: Behemoth|Stealth Rock|p2a: Tornadus
|-sidestart|p2: Zuifeng|move: Stealth Rock
|
|upkeep
|turn|6
|
|t:|1776055643
|-end|p1a: Behemoth|Protosynthesis|[silent]
|switch|p1a: Mantra|Slowking-Galar, M, shiny|100/100
|-damage|p1a: Mantra|88/100|[from] Spikes
|move|p2a: Tornadus|Knock Off|p1a: Mantra
|-supereffective|p1a: Mantra
|-damage|p1a: Mantra|56/100
|-enditem|p1a: Mantra|Assault Vest|[from] move: Knock Off|[of] p2a: Tornadus
|
|upkeep
|turn|7
|
|t:|1776055653
|move|p2a: Tornadus|Bleakwind Storm|p1a: Mantra
|-damage|p1a: Mantra|25/100
|move|p1a: Mantra|Ice Beam|p2a: Tornadus
|-supereffective|p2a: Tornadus
|-damage|p2a: Tornadus|70/100
|
|upkeep
|turn|8
|
|t:|1776055663
|switch|p1a: Celestine|Primarina, M, shiny|90/100
|-damage|p1a: Celestine|78/100|[from] Spikes
|move|p2a: Tornadus|Bleakwind Storm|p1a: Celestine
|-damage|p1a: Celestine|42/100
|-unboost|p1a: Celestine|spe|1
|
|upkeep
|turn|9
|
|t:|1776055681
|move|p2a: Tornadus|Bleakwind Storm|p1a: Celestine|[miss]
|-miss|p2a: Tornadus|p1a: Celestine
|move|p1a: Celestine|Moonblast|p2a: Tornadus
|-damage|p2a: Tornadus|31/100
|
|upkeep
|turn|10
|j| 9l5z
|
|t:|1776055688
|move|p2a: Tornadus|U-turn|p1a: Celestine
|-resisted|p1a: Celestine
|-damage|p1a: Celestine|32/100
|
|t:|1776055690
|switch|p2a: Gholdengo|Gholdengo|48/100|[from] U-turn
|-damage|p2a: Gholdengo|42/100|[from] Stealth Rock
|move|p1a: Celestine|Moonblast|p2a: Gholdengo
|-resisted|p2a: Gholdengo
|-damage|p2a: Gholdengo|12/100
|
|-heal|p2a: Gholdengo|18/100|[from] item: Leftovers
|upkeep
|turn|11
|l| vasago
|
|t:|1776055695
|move|p2a: Gholdengo|Recover|p2a: Gholdengo
|-heal|p2a: Gholdengo|68/100
|move|p1a: Celestine|Moonblast|p2a: Gholdengo
|-resisted|p2a: Gholdengo
|-damage|p2a: Gholdengo|36/100
|
|-heal|p2a: Gholdengo|42/100|[from] item: Leftovers
|upkeep
|turn|12
|c| 9l5z|is 2 paradox mons bad?
|
|t:|1776055716
|switch|p1a: Behemoth|Great Tusk, shiny|78/100
|-damage|p1a: Behemoth|65/100|[from] Spikes
|move|p2a: Gholdengo|Recover|p2a: Gholdengo
|-heal|p2a: Gholdengo|93/100
|
|-heal|p2a: Gholdengo|99/100|[from] item: Leftovers
|upkeep
|turn|13
|
|t:|1776055726
|switch|p2a: Great Tusk|Great Tusk|100/100
|move|p1a: Behemoth|Rapid Spin|p2a: Great Tusk
|-damage|p2a: Great Tusk|88/100
|-boost|p1a: Behemoth|spe|1
|-sideend|p1: RoLi404|Spikes|[from] move: Rapid Spin|[of] p1a: Behemoth
|
|upkeep
|turn|14
|
|t:|1776055744
|-end|p1a: Behemoth|Protosynthesis|[silent]
|switch|p1a: Gin|Enamorus, F, shiny|100/100
|move|p2a: Great Tusk|Rapid Spin|p1a: Gin
|-damage|p1a: Gin|72/100
|-boost|p2a: Great Tusk|spe|1
|-sideend|p2: Zuifeng|Stealth Rock|[from] move: Rapid Spin|[of] p2a: Great Tusk
|
|upkeep
|turn|15
|
|t:|1776055750
|-end|p2a: Great Tusk|Protosynthesis|[silent]
|switch|p2a: Gholdengo|Gholdengo|99/100
|move|p1a: Gin|Moonblast|p2a: Gholdengo
|-resisted|p2a: Gholdengo
|-damage|p2a: Gholdengo|64/100
|-unboost|p2a: Gholdengo|spa|1
|
|-heal|p2a: Gholdengo|70/100|[from] item: Leftovers
|upkeep
|turn|16
|
|t:|1776055764
|switch|p1a: Overgod|Kingambit, M, shiny|100/100
|move|p2a: Gholdengo|Recover|p2a: Gholdengo
|-heal|p2a: Gholdengo|100/100
|
|upkeep
|turn|17
|
|t:|1776055777
|switch|p2a: Great Tusk|Great Tusk|88/100
|-end|p1a: Overgod|fallenundefined|[silent]
|switch|p1a: Celestine|Primarina, M, shiny|32/100
|
|upkeep
|turn|18
|
|t:|1776055799
|move|p1a: Celestine|Psychic Noise|p2a: Great Tusk
|-supereffective|p2a: Great Tusk
|-damage|p2a: Great Tusk|0 fnt
|faint|p2a: Great Tusk
|-end|p2a: Great Tusk|Protosynthesis|[silent]
|
|upkeep
|inactive|Zuifeng has 120 seconds left.
|
|t:|1776055823
|switch|p2a: Samurott|Samurott-Hisui, F|54/100
|turn|19
|inactive|Zuifeng has 120 seconds left.
|
|t:|1776055831
|switch|p1a: Behemoth|Great Tusk, shiny|65/100
|move|p2a: Samurott|Ceaseless Edge|p1a: Behemoth
|-resisted|p1a: Behemoth
|-damage|p1a: Behemoth|46/100
|-damage|p2a: Samurott|37/100|[from] item: Rocky Helmet|[of] p1a: Behemoth
|-sidestart|p1: RoLi404|Spikes
|
|upkeep
|turn|20
|inactive|Zuifeng has 120 seconds left.
|
|t:|1776055843
|switch|p2a: Dragapult|Dragapult, M|100/100
|move|p1a: Behemoth|Rapid Spin|p2a: Dragapult
|-immune|p2a: Dragapult
|
|upkeep
|turn|21
|inactive|Zuifeng has 120 seconds left.
|
|t:|1776055858
|move|p2a: Dragapult|U-turn|p1a: Behemoth
|-resisted|p1a: Behemoth
|-damage|p1a: Behemoth|33/100
|-damage|p2a: Dragapult|84/100|[from] item: Rocky Helmet|[of] p1a: Behemoth
|
|t:|1776055860
|switch|p2a: Tornadus|Tornadus-Therian, M|64/100|[from] U-turn
|move|p1a: Behemoth|Stealth Rock|p2a: Tornadus
|-sidestart|p2: Zuifeng|move: Stealth Rock
|
|upkeep
|turn|22
|
|t:|1776055868
|move|p2a: Tornadus|Heat Wave|p1a: Behemoth
|-damage|p1a: Behemoth|0 fnt
|faint|p1a: Behemoth
|-end|p1a: Behemoth|Protosynthesis|[silent]
|
|upkeep
|
|t:|1776055888
|switch|p1a: Anonymous|Ogerpon, F|100/100
|-damage|p1a: Anonymous|88/100|[from] Spikes
|turn|23
|
|t:|1776055908
|-terastallize|p2a: Tornadus|Steel
|-terastallize|p1a: Anonymous|Grass
|detailschange|p1a: Anonymous|Ogerpon-Teal-Tera, F, tera:Grass
|-ability|p1a: Anonymous|Embody Aspect (Teal)|boost
|-boost|p1a: Anonymous|spe|1
|move|p1a: Anonymous|Rock Tomb|p2a: Tornadus
|-resisted|p2a: Tornadus
|-damage|p2a: Tornadus|47/100
|-unboost|p2a: Tornadus|spe|1
|move|p2a: Tornadus|Bleakwind Storm|p1a: Anonymous
|-supereffective|p1a: Anonymous
|-crit|p1a: Anonymous
|-damage|p1a: Anonymous|0 fnt
|faint|p1a: Anonymous
|detailschange|p1: Anonymous|Ogerpon, F|[silent]
|
|upkeep
|
|t:|1776055917
|switch|p1a: Gin|Enamorus, F, shiny|72/100
|turn|24
|
|t:|1776055934
|switch|p2a: Hatterene|Hatterene, F|100/100
|-damage|p2a: Hatterene|88/100|[from] Stealth Rock
|move|p1a: Gin|Earth Power|p2a: Hatterene
|-damage|p2a: Hatterene|48/100
|
|upkeep
|turn|25
|
|t:|1776055940
|switch|p1a: Celestine|Primarina, M, shiny|32/100
|-damage|p1a: Celestine|19/100|[from] Spikes
|move|p2a: Hatterene|Nuzzle|p1a: Celestine
|-supereffective|p1a: Celestine
|-damage|p1a: Celestine|8/100
|-status|p1a: Celestine|par
|
|upkeep
|turn|26
|
|t:|1776055956
|move|p1a: Celestine|Moonblast|p2a: Hatterene
|-damage|p2a: Hatterene|0 fnt
|faint|p2a: Hatterene
|
|upkeep
|
|t:|1776055962
|switch|p2a: Samurott|Samurott-Hisui, F|37/100
|-damage|p2a: Samurott|25/100|[from] Stealth Rock
|turn|27
|
|t:|1776055965
|move|p2a: Samurott|Ceaseless Edge|p1a: Celestine
|-resisted|p1a: Celestine
|-damage|p1a: Celestine|0 fnt
|-sidestart|p1: RoLi404|Spikes
|faint|p1a: Celestine
|
|upkeep
|
|t:|1776055974
|switch|p1a: Gin|Enamorus, F, shiny|72/100
|turn|28
|
|t:|1776055989
|switch|p2a: Dragapult|Dragapult, M|84/100
|-damage|p2a: Dragapult|72/100|[from] Stealth Rock
|move|p1a: Gin|Earth Power|p2a: Dragapult
|-damage|p2a: Dragapult|24/100
|
|upkeep
|turn|29
|
|t:|1776055993
|move|p1a: Gin|Earth Power|p2a: Dragapult
|-damage|p2a: Dragapult|0 fnt
|faint|p2a: Dragapult
|
|upkeep
|l| 9l5z
|
|t:|1776056000
|switch|p2a: Gholdengo|Gholdengo|100/100
|-damage|p2a: Gholdengo|94/100|[from] Stealth Rock
|turn|30
|
|t:|1776056007
|switch|p1a: Overgod|Kingambit, M, shiny|100/100
|-damage|p1a: Overgod|84/100|[from] Spikes
|-activate|p1a: Overgod|ability: Supreme Overlord
|-start|p1a: Overgod|fallen3|[silent]
|move|p2a: Gholdengo|Make It Rain|p1a: Overgod
|-resisted|p1a: Overgod
|-damage|p1a: Overgod|54/100
|-unboost|p2a: Gholdengo|spa|1
|
|-heal|p2a: Gholdengo|100/100|[from] item: Leftovers
|-heal|p1a: Overgod|60/100|[from] item: Leftovers
|upkeep
|turn|31
|
|t:|1776056026
|switch|p2a: Samurott|Samurott-Hisui, F|25/100
|-damage|p2a: Samurott|12/100|[from] Stealth Rock
|move|p1a: Overgod|Kowtow Cleave|p2a: Samurott
|-resisted|p2a: Samurott
|-damage|p2a: Samurott|0 fnt
|faint|p2a: Samurott
|
|-heal|p1a: Overgod|67/100|[from] item: Leftovers
|upkeep
|
|t:|1776056032
|switch|p2a: Tornadus|Tornadus-Therian, M, tera:Steel|80/100
|-damage|p2a: Tornadus|74/100|[from] Stealth Rock
|turn|32
|
|t:|1776056038
|move|p2a: Tornadus|Heat Wave|p1a: Overgod
|-supereffective|p1a: Overgod
|-damage|p1a: Overgod|18/100
|move|p1a: Overgod|Kowtow Cleave|p2a: Tornadus
|-damage|p2a: Tornadus|9/100
|
|-heal|p1a: Overgod|24/100|[from] item: Leftovers
|upkeep
|turn|33
|
|t:|1776056045
|switch|p2a: Gholdengo|Gholdengo|100/100
|-damage|p2a: Gholdengo|94/100|[from] Stealth Rock
|move|p1a: Overgod|Sucker Punch||[still]
|-fail|p1a: Overgod
|
|-heal|p2a: Gholdengo|100/100|[from] item: Leftovers
|-heal|p1a: Overgod|30/100|[from] item: Leftovers
|upkeep
|turn|34
|
|t:|1776056052
|switch|p2a: Tornadus|Tornadus-Therian, M, tera:Steel|42/100
|-damage|p2a: Tornadus|36/100|[from] Stealth Rock
|move|p1a: Overgod|Sucker Punch||[still]
|-fail|p1a: Overgod
|
|-heal|p1a: Overgod|36/100|[from] item: Leftovers
|upkeep
|turn|35
|
|t:|1776056056
|switch|p2a: Gholdengo|Gholdengo|100/100
|-damage|p2a: Gholdengo|94/100|[from] Stealth Rock
|move|p1a: Overgod|Sucker Punch||[still]
|-fail|p1a: Overgod
|
|-heal|p2a: Gholdengo|100/100|[from] item: Leftovers
|-heal|p1a: Overgod|43/100|[from] item: Leftovers
|upkeep
|turn|36
|
|t:|1776056064
|move|p2a: Gholdengo|Make It Rain|p1a: Overgod
|-resisted|p1a: Overgod
|-damage|p1a: Overgod|12/100
|-unboost|p2a: Gholdengo|spa|1
|move|p1a: Overgod|Kowtow Cleave|p2a: Gholdengo
|-supereffective|p2a: Gholdengo
|-damage|p2a: Gholdengo|0 fnt
|faint|p2a: Gholdengo
|
|-heal|p1a: Overgod|19/100|[from] item: Leftovers
|upkeep
|
|t:|1776056067
|switch|p2a: Tornadus|Tornadus-Therian, M, tera:Steel|69/100
|-damage|p2a: Tornadus|63/100|[from] Stealth Rock
|turn|37
|-message|Zuifeng forfeited.
|
|win|RoLi404
|raw|RoLi404's rating: 1700 &rarr; <strong>1720</strong><br />(+20 for winning)
|raw|Zuifeng's rating: 1707 &rarr; <strong>1687</strong><br />(-20 for losing)
|l|☆Zuifeng
|player|p2|
|l| allee23
|l|☆RoLi404
|player|p1|
