|html|<div class="broadcast-blue"><strong>[Gen 9] OU is currently suspecting Volcarona! For information on how to participate check out the <a href="https://www.smogon.com/tools/suspects/view/208">suspect thread</a>.</strong></div>
|j|☆Skhoooler
|j|☆GreatGreatness
|t:|1778502719
|gametype|singles
|player|p1|Skhoooler|1|1060
|player|p2|GreatGreatness|101|1062
|gen|9
|tier|[Gen 9] OU
|rated|
|rule|HP Percentage Mod: HP is shown in percentages
|rule|Endless Battle Clause: Forcing endless battles is banned
|rule|Species Clause: Limit one of each Pokémon
|rule|OHKO Clause: OHKO moves are banned
|rule|Evasion Items Clause: Evasion items are banned
|rule|Evasion Moves Clause: Evasion moves are banned
|rule|Evasion Abilities Clause: Evasion abilities are banned
|rule|Sleep Moves Clause: Sleep-inducing moves are banned
|clearpoke
|poke|p1|Gliscor, M|
|poke|p1|Grumpig, F|
|poke|p1|Hippowdon, M|
|poke|p1|Dragapult, M|
|poke|p1|Skarmory, M|
|poke|p1|Spidops, F|
|poke|p2|Conkeldurr, F|
|poke|p2|Dreepy, M|
|poke|p2|Sandaconda, F|
|poke|p2|Salamence, F|
|poke|p2|Rolycoly, M|
|poke|p2|Ekans, M|
|teampreview
|inactive|Battle timer is ON: inactive players will automatically lose when time's up. (requested by GreatGreatness)
|
|t:|1778502726
|teamsize|p1|6
|teamsize|p2|6
|start
|switch|p1a: Spidops|Spidops, F|100/100
|switch|p2a: Ekans|Ekans, M|100/100
|-ability|p2a: Ekans|Intimidate|boost
|-unboost|p1a: Spidops|atk|1
|turn|1
|
|t:|1778502739
|move|p2a: Ekans|Toxic Spikes|p1a: Spidops
|-sidestart|p1: Skhoooler|move: Toxic Spikes
|move|p1a: Spidops|Sticky Web|p2a: Ekans
|-sidestart|p2: GreatGreatness|move: Sticky Web
|
|upkeep
|turn|2
|
|t:|1778502747
|move|p2a: Ekans|Toxic Spikes|p1a: Spidops
|-sidestart|p1: Skhoooler|move: Toxic Spikes
|move|p1a: Spidops|Spikes|p2a: Ekans
|-sidestart|p2: GreatGreatness|Spikes
|
|upkeep
|turn|3
|
|t:|1778502768
|switch|p2a: Sandaconda|Sandaconda, F|100/100
|-activate|p2a: Sandaconda|move: Sticky Web
|-unboost|p2a: Sandaconda|spe|1
|-damage|p2a: Sandaconda|88/100|[from] Spikes
|move|p1a: Spidops|Spikes|p2a: Sandaconda
|-sidestart|p2: GreatGreatness|Spikes
|
|upkeep
|turn|4
|
|t:|1778502781
|move|p1a: Spidops|Silk Trap|p1a: Spidops
|-singleturn|p1a: Spidops|Protect
|move|p2a: Sandaconda|Coil|p2a: Sandaconda
|-boost|p2a: Sandaconda|atk|1
|-boost|p2a: Sandaconda|def|1
|-boost|p2a: Sandaconda|accuracy|1
|
|upkeep
|turn|5
|
|t:|1778502789
|move|p2a: Sandaconda|Stone Edge|p1a: Spidops
|-supereffective|p1a: Spidops
|-damage|p1a: Spidops|0 fnt
|faint|p1a: Spidops
|-damage|p2a: Sandaconda|78/100|[from] item: Life Orb
|
|upkeep
|
|t:|1778502797
|switch|p1a: Skarmory|Skarmory, M|100/100
|turn|6
|
|t:|1778502800
|move|p2a: Sandaconda|Stone Edge|p1a: Skarmory
|-crit|p1a: Skarmory
|-damage|p1a: Skarmory|41/100
|-damage|p2a: Sandaconda|69/100|[from] item: Life Orb
|move|p1a: Skarmory|Whirlwind|p2a: Sandaconda
|drag|p2a: Rolycoly|Rolycoly, M|100/100
|-activate|p2a: Rolycoly|move: Sticky Web
|-unboost|p2a: Rolycoly|spe|1
|-damage|p2a: Rolycoly|84/100|[from] Spikes
|
|upkeep
|turn|7
|
|t:|1778502812
|move|p1a: Skarmory|Body Press|p2a: Rolycoly
|-supereffective|p2a: Rolycoly
|-damage|p2a: Rolycoly|0 fnt
|faint|p2a: Rolycoly
|
|upkeep
|
|t:|1778502830
|switch|p2a: Dreepy|Dreepy, M|100/100
|-activate|p2a: Dreepy|move: Sticky Web
|-unboost|p2a: Dreepy|spe|1
|-damage|p2a: Dreepy|84/100|[from] Spikes
|turn|8
|
|t:|1778502840
|move|p2a: Dreepy|Thunder Wave|p1a: Skarmory
|-status|p1a: Skarmory|par
|move|p1a: Skarmory|Spikes|p2a: Dreepy
|-sidestart|p2: GreatGreatness|Spikes
|
|upkeep
|turn|9
|inactive|GreatGreatness has 120 seconds left.
|
|t:|1778502875
|move|p2a: Dreepy|Dragon Tail|p1a: Skarmory
|-resisted|p1a: Skarmory
|-damage|p1a: Skarmory|36/100 par
|-damage|p2a: Dreepy|68/100|[from] item: Rocky Helmet|[of] p1a: Skarmory
|drag|p1a: Hippowdon|Hippowdon, M|100/100
|-status|p1a: Hippowdon|tox
|-weather|Sandstorm|[from] ability: Sand Stream|[of] p1a: Hippowdon
|
|-weather|Sandstorm|[upkeep]
|-damage|p2a: Dreepy|62/100|[from] Sandstorm
|-damage|p1a: Hippowdon|94/100 tox|[from] psn
|upkeep
|turn|10
|inactive|GreatGreatness has 90 seconds left.
|
|t:|1778502924
|switch|p2a: Salamence|Salamence, F|100/100
|move|p1a: Hippowdon|Stealth Rock|p2a: Salamence
|-sidestart|p2: GreatGreatness|move: Stealth Rock
|
|-weather|Sandstorm|[upkeep]
|-damage|p2a: Salamence|94/100|[from] Sandstorm
|-heal|p1a: Hippowdon|100/100 tox|[from] item: Leftovers
|-damage|p1a: Hippowdon|88/100 tox|[from] psn
|upkeep
|turn|11
|
|t:|1778502937
|-terastallize|p2a: Salamence|Dragon
|move|p2a: Salamence|Dragon Dance|p2a: Salamence
|-boost|p2a: Salamence|atk|1
|-boost|p2a: Salamence|spe|1
|move|p1a: Hippowdon|Whirlwind|p2a: Salamence
|drag|p2a: Ekans|Ekans, M|100/100
|-activate|p2a: Ekans|move: Sticky Web
|-unboost|p2a: Ekans|spe|1
|-damage|p2a: Ekans|76/100|[from] Spikes
|-damage|p2a: Ekans|63/100|[from] Stealth Rock
|-ability|p2a: Ekans|Intimidate|boost
|-unboost|p1a: Hippowdon|atk|1
|
|-weather|Sandstorm|[upkeep]
|-damage|p2a: Ekans|57/100|[from] Sandstorm
|-heal|p1a: Hippowdon|94/100 tox|[from] item: Leftovers
|-damage|p1a: Hippowdon|76/100 tox|[from] psn
|upkeep
|turn|12
|
|t:|1778502955
|move|p1a: Hippowdon|Earthquake|p2a: Ekans
|-supereffective|p2a: Ekans
|-damage|p2a: Ekans|0 fnt
|faint|p2a: Ekans
|
|-weather|Sandstorm|[upkeep]
|-heal|p1a: Hippowdon|82/100 tox|[from] item: Leftovers
|-damage|p1a: Hippowdon|57/100 tox|[from] psn
|upkeep
|
|t:|1778502959
|switch|p2a: Dreepy|Dreepy, M|62/100
|-activate|p2a: Dreepy|move: Sticky Web
|-unboost|p2a: Dreepy|spe|1
|-damage|p2a: Dreepy|37/100|[from] Spikes
|-damage|p2a: Dreepy|25/100|[from] Stealth Rock
|turn|13
|
|t:|1778502970
|move|p2a: Dreepy|Disable|p1a: Hippowdon
|-start|p1a: Hippowdon|Disable|Earthquake
|cant|p1a: Hippowdon|Disable|Earthquake
|
|-weather|none
|-heal|p1a: Hippowdon|63/100 tox|[from] item: Leftovers
|-damage|p1a: Hippowdon|32/100 tox|[from] psn
|upkeep
|turn|14
|inactive|GreatGreatness has 90 seconds left.
|
|t:|1778502984
|move|p2a: Dreepy|Dragon Tail|p1a: Hippowdon
|-damage|p1a: Hippowdon|18/100 tox
|drag|p1a: Skarmory|Skarmory, M|36/100 par
|
|upkeep
|turn|15
|inactive|GreatGreatness has 90 seconds left.
|
|t:|1778503002
|move|p2a: Dreepy|Sucker Punch|p1a: Skarmory
|-damage|p1a: Skarmory|27/100 par
|-damage|p2a: Dreepy|9/100|[from] item: Rocky Helmet|[of] p1a: Skarmory
|move|p1a: Skarmory|Brave Bird|p2a: Dreepy
|-damage|p2a: Dreepy|0 fnt
|faint|p2a: Dreepy
|-damage|p1a: Skarmory|26/100 par|[from] Recoil
|
|upkeep
|
|t:|1778503015
|switch|p2a: Sandaconda|Sandaconda, F|69/100
|-activate|p2a: Sandaconda|move: Sticky Web
|-unboost|p2a: Sandaconda|spe|1
|-damage|p2a: Sandaconda|44/100|[from] Spikes
|-damage|p2a: Sandaconda|38/100|[from] Stealth Rock
|turn|16
|
|t:|1778503022
|move|p2a: Sandaconda|Coil|p2a: Sandaconda
|-boost|p2a: Sandaconda|atk|1
|-boost|p2a: Sandaconda|def|1
|-boost|p2a: Sandaconda|accuracy|1
|cant|p1a: Skarmory|par
|
|upkeep
|turn|17
|
|t:|1778503028
|move|p2a: Sandaconda|Coil|p2a: Sandaconda
|-boost|p2a: Sandaconda|atk|1
|-boost|p2a: Sandaconda|def|1
|-boost|p2a: Sandaconda|accuracy|1
|move|p1a: Skarmory|Whirlwind|p2a: Sandaconda
|drag|p2a: Salamence|Salamence, F, tera:Dragon|94/100
|-activate|p2a: Salamence|move: Sticky Web
|-unboost|p2a: Salamence|spe|1
|-damage|p2a: Salamence|70/100|[from] Spikes
|-damage|p2a: Salamence|57/100|[from] Stealth Rock
|
|upkeep
|turn|18
|
|t:|1778503043
|move|p2a: Salamence|Iron Head|p1a: Skarmory
|-resisted|p1a: Skarmory
|-damage|p1a: Skarmory|16/100 par
|-damage|p2a: Salamence|41/100|[from] item: Rocky Helmet|[of] p1a: Skarmory
|move|p1a: Skarmory|Whirlwind|p2a: Salamence
|drag|p2a: Sandaconda|Sandaconda, F|38/100
|-activate|p2a: Sandaconda|move: Sticky Web
|-unboost|p2a: Sandaconda|spe|1
|-damage|p2a: Sandaconda|13/100|[from] Spikes
|-damage|p2a: Sandaconda|7/100|[from] Stealth Rock
|
|upkeep
|turn|19
|
|t:|1778503056
|move|p2a: Sandaconda|Stone Edge|p1a: Skarmory|[miss]
|-miss|p2a: Sandaconda|p1a: Skarmory
|move|p1a: Skarmory|Whirlwind|p2a: Sandaconda
|drag|p2a: Salamence|Salamence, F, tera:Dragon|41/100
|-activate|p2a: Salamence|move: Sticky Web
|-unboost|p2a: Salamence|spe|1
|-damage|p2a: Salamence|16/100|[from] Spikes
|-damage|p2a: Salamence|4/100|[from] Stealth Rock
|
|upkeep
|turn|20
|
|t:|1778503075
|move|p2a: Salamence|Outrage|p1a: Skarmory
|-resisted|p1a: Skarmory
|-damage|p1a: Skarmory|0 fnt
|-damage|p2a: Salamence|0 fnt|[from] item: Rocky Helmet|[of] p1a: Skarmory
|faint|p1a: Skarmory
|faint|p2a: Salamence
|
|upkeep
|inactive|GreatGreatness has 90 seconds left.
|
|t:|1778503093
|switch|p2a: Sandaconda|Sandaconda, F|7/100
|switch|p1a: Gliscor|Gliscor, M|100/100
|-activate|p2a: Sandaconda|move: Sticky Web
|-unboost|p2a: Sandaconda|spe|1
|-damage|p2a: Sandaconda|0 fnt|[from] Spikes
|faint|p2a: Sandaconda
|
|t:|1778503095
|switch|p2a: Conkeldurr|Conkeldurr, F|100/100
|-activate|p2a: Conkeldurr|move: Sticky Web
|-unboost|p2a: Conkeldurr|spe|1
|-damage|p2a: Conkeldurr|76/100|[from] Spikes
|-damage|p2a: Conkeldurr|70/100|[from] Stealth Rock
|turn|21
|
|t:|1778503107
|move|p1a: Gliscor|Protect|p1a: Gliscor
|-singleturn|p1a: Gliscor|Protect
|move|p2a: Conkeldurr|Knock Off|p1a: Gliscor
|-activate|p1a: Gliscor|move: Protect
|
|-status|p1a: Gliscor|tox|[from] item: Toxic Orb
|-status|p2a: Conkeldurr|brn|[from] item: Flame Orb
|upkeep
|turn|22
|
|t:|1778503121
|move|p1a: Gliscor|Knock Off|p2a: Conkeldurr
|-resisted|p2a: Conkeldurr
|-damage|p2a: Conkeldurr|61/100 brn
|-enditem|p2a: Conkeldurr|Flame Orb|[from] move: Knock Off|[of] p1a: Gliscor
|move|p2a: Conkeldurr|Facade|p1a: Gliscor
|-damage|p1a: Gliscor|44/100 tox
|
|-heal|p1a: Gliscor|56/100 tox|[from] ability: Poison Heal
|-damage|p2a: Conkeldurr|55/100 brn|[from] brn
|upkeep
|turn|23
|
|t:|1778503134
|move|p1a: Gliscor|Protect|p1a: Gliscor
|-singleturn|p1a: Gliscor|Protect
|move|p2a: Conkeldurr|Facade|p1a: Gliscor
|-activate|p1a: Gliscor|move: Protect
|
|-heal|p1a: Gliscor|69/100 tox|[from] ability: Poison Heal
|-damage|p2a: Conkeldurr|49/100 brn|[from] brn
|upkeep
|turn|24
|
|t:|1778503144
|switch|p1a: Dragapult|Dragapult, M|100/100
|move|p2a: Conkeldurr|Facade|p1a: Dragapult
|-immune|p1a: Dragapult
|
|-damage|p2a: Conkeldurr|43/100 brn|[from] brn
|upkeep
|turn|25
|
|t:|1778503161
|move|p1a: Dragapult|Phantom Force||[still]
|-prepare|p1a: Dragapult|Phantom Force
|move|p2a: Conkeldurr|Knock Off|p1a: Dragapult|[miss]
|-miss|p2a: Conkeldurr|p1a: Dragapult
|
|-damage|p2a: Conkeldurr|36/100 brn|[from] brn
|upkeep
|turn|26
|
|t:|1778503168
|move|p1a: Dragapult|Phantom Force|p2a: Conkeldurr|[from] lockedmove
|-damage|p2a: Conkeldurr|5/100 brn
|move|p2a: Conkeldurr|Knock Off|p1a: Dragapult
|-supereffective|p1a: Dragapult
|-damage|p1a: Dragapult|0 fnt
|-enditem|p1a: Dragapult|Heavy-Duty Boots|[from] move: Knock Off|[of] p2a: Conkeldurr
|faint|p1a: Dragapult
|
|-damage|p2a: Conkeldurr|0 fnt|[from] brn
|faint|p2a: Conkeldurr
|
|win|Skhoooler
|raw|Skhoooler's rating: 1060 &rarr; <strong>1091</strong><br />(+31 for winning)
|raw|GreatGreatness's rating: 1062 &rarr; <strong>1043</strong><br />(-19 for losing)
|l|☆Skhoooler
|player|p1|
|l|☆GreatGreatness
|player|p2|
