|html|<div class="broadcast-blue"><strong>[Gen 9] OU is currently suspecting Tera Blast! For information on how to participate check out the <a href="https://www.smogon.com/tools/suspects/view/200">suspect thread</a>.</strong></div>
|j|☆ratetheez12543
|j|☆magikarp456
|t:|1776102198
|gametype|singles
|player|p1|ratetheez12543|cynthia-gen4|1233
|player|p2|magikarp456|roughneck-gen4|1281
|gen|9
|tier|[Gen 9] OU
|rated|
|rule|HP Percentage Mod: HP is shown in percentages
|rule|Endless Battle Clause: Forcing endless battles is banned
|rule|Species Clause: Limit one of each Pokémon
|rule|OHKO Clause: OHKO moves are banned
|rule|Evasion Items Clause: Evasion items are banned
|rule|Evasion Moves Clause: Evasion moves are banned
|rule|Evasion Abilities Clause: Evasion abilities are banned
|rule|Sleep Moves Clause: Sleep-inducing moves are banned
|clearpoke
|poke|p1|Great Tusk|
|poke|p1|Walking Wake|
|poke|p1|Kingambit, M|
|poke|p1|Venusaur, F|
|poke|p1|Ninetales, M|
|poke|p1|Raging Bolt|
|poke|p2|Kingambit, F|
|poke|p2|Tsareena, F|
|poke|p2|Duraludon, F|
|poke|p2|Goodra-Hisui, F|
|poke|p2|Dragapult, F|
|poke|p2|Glaceon, F|
|teampreview
|
|t:|1776102202
|teamsize|p1|6
|teamsize|p2|6
|start
|switch|p1a: Ninetales|Ninetales, M|100/100
|switch|p2a: Duraludon|Duraludon, F|100/100
|-weather|SunnyDay|[from] ability: Drought|[of] p1a: Ninetales
|turn|1
|
|t:|1776102209
|switch|p1a: Great Tusk|Great Tusk|100/100
|-activate|p1a: Great Tusk|ability: Protosynthesis
|-start|p1a: Great Tusk|protosynthesisatk
|move|p2a: Duraludon|Stealth Rock|p1a: Great Tusk
|-sidestart|p1: ratetheez12543|move: Stealth Rock
|
|-weather|SunnyDay|[upkeep]
|upkeep
|turn|2
|
|t:|1776102216
|switch|p2a: Dragapult|Dragapult, F|100/100
|move|p1a: Great Tusk|Rapid Spin|p2a: Dragapult
|-immune|p2a: Dragapult
|
|-weather|SunnyDay|[upkeep]
|upkeep
|turn|3
|
|t:|1776102231
|-end|p1a: Great Tusk|Protosynthesis|[silent]
|switch|p1a: Walking Wake|Walking Wake|100/100
|-damage|p1a: Walking Wake|88/100|[from] Stealth Rock
|-activate|p1a: Walking Wake|ability: Protosynthesis
|-start|p1a: Walking Wake|protosynthesisspe
|move|p2a: Dragapult|Draco Meteor|p1a: Walking Wake
|-supereffective|p1a: Walking Wake
|-damage|p1a: Walking Wake|0 fnt
|-unboost|p2a: Dragapult|spa|2
|faint|p1a: Walking Wake
|-end|p1a: Walking Wake|Protosynthesis|[silent]
|
|-weather|SunnyDay|[upkeep]
|upkeep
|
|t:|1776102244
|switch|p1a: Raging Bolt|Raging Bolt|100/100
|-damage|p1a: Raging Bolt|88/100|[from] Stealth Rock
|-item|p1a: Raging Bolt|Air Balloon
|-activate|p1a: Raging Bolt|ability: Protosynthesis
|-start|p1a: Raging Bolt|protosynthesisspa
|turn|4
|
|t:|1776102248
|switch|p2a: Goodra|Goodra-Hisui, F|100/100
|move|p1a: Raging Bolt|Dragon Pulse|p2a: Goodra
|-damage|p2a: Goodra|80/100
|
|-weather|SunnyDay|[upkeep]
|upkeep
|turn|5
|
|t:|1776102264
|-end|p1a: Raging Bolt|Protosynthesis|[silent]
|switch|p1a: Great Tusk|Great Tusk|100/100
|-damage|p1a: Great Tusk|98/100|[from] Stealth Rock
|-activate|p1a: Great Tusk|ability: Protosynthesis
|-start|p1a: Great Tusk|protosynthesisatk
|move|p2a: Goodra|Draco Meteor|p1a: Great Tusk
|-damage|p1a: Great Tusk|48/100
|-unboost|p2a: Goodra|spa|2
|
|-weather|SunnyDay|[upkeep]
|upkeep
|turn|6
|
|t:|1776102271
|switch|p2a: Glaceon|Glaceon, F|100/100
|move|p1a: Great Tusk|Ice Spinner|p2a: Glaceon
|-resisted|p2a: Glaceon
|-crit|p2a: Glaceon
|-damage|p2a: Glaceon|81/100
|
|-weather|SunnyDay|[upkeep]
|-heal|p2a: Glaceon|87/100|[from] item: Leftovers
|upkeep
|turn|7
|
|t:|1776102286
|move|p1a: Great Tusk|Rapid Spin|p2a: Glaceon
|-damage|p2a: Glaceon|69/100
|-boost|p1a: Great Tusk|spe|1
|-sideend|p1: ratetheez12543|Stealth Rock|[from] move: Rapid Spin|[of] p1a: Great Tusk
|move|p2a: Glaceon|Freeze-Dry|p1a: Great Tusk
|-supereffective|p1a: Great Tusk
|-damage|p1a: Great Tusk|0 fnt
|faint|p1a: Great Tusk
|-end|p1a: Great Tusk|Protosynthesis|[silent]
|
|-weather|SunnyDay|[upkeep]
|-heal|p2a: Glaceon|75/100|[from] item: Leftovers
|upkeep
|
|t:|1776102294
|switch|p1a: Ninetales|Ninetales, M|100/100
|turn|8
|
|t:|1776102299
|switch|p2a: Goodra|Goodra-Hisui, F|80/100
|move|p1a: Ninetales|Weather Ball|p2a: Goodra
|-damage|p2a: Goodra|64/100
|
|-weather|none
|upkeep
|turn|9
|
|t:|1776102307
|move|p1a: Ninetales|Will-O-Wisp|p2a: Goodra
|-status|p2a: Goodra|brn
|move|p2a: Goodra|Knock Off|p1a: Ninetales
|-damage|p1a: Ninetales|88/100
|-enditem|p1a: Ninetales|Heat Rock|[from] move: Knock Off|[of] p2a: Goodra
|
|-damage|p2a: Goodra|58/100 brn|[from] brn
|upkeep
|turn|10
|
|t:|1776102346
|move|p1a: Ninetales|Encore|p2a: Goodra
|-start|p2a: Goodra|Encore
|move|p2a: Goodra|Knock Off|p1a: Ninetales
|-damage|p1a: Ninetales|81/100
|
|-damage|p2a: Goodra|52/100 brn|[from] brn
|upkeep
|turn|11
|
|t:|1776102353
|switch|p2a: Dragapult|Dragapult, F|100/100
|move|p1a: Ninetales|Weather Ball|p2a: Dragapult
|-immune|p2a: Dragapult
|
|upkeep
|turn|12
|
|t:|1776102367
|switch|p1a: Kingambit|Kingambit, M|100/100
|-activate|p1a: Kingambit|ability: Supreme Overlord
|-start|p1a: Kingambit|fallen2|[silent]
|-item|p1a: Kingambit|Air Balloon
|move|p2a: Dragapult|Shadow Ball|p1a: Kingambit
|-resisted|p1a: Kingambit
|-damage|p1a: Kingambit|72/100
|-unboost|p1a: Kingambit|spd|1
|-enditem|p1a: Kingambit|Air Balloon
|
|upkeep
|turn|13
|
|t:|1776102379
|switch|p2a: Duraludon|Duraludon, F|100/100
|-end|p1a: Kingambit|fallen2|[silent]
|switch|p1a: Ninetales|Ninetales, M|81/100
|-weather|SunnyDay|[from] ability: Drought|[of] p1a: Ninetales
|
|-weather|SunnyDay|[upkeep]
|upkeep
|turn|14
|
|t:|1776102390
|move|p1a: Ninetales|Will-O-Wisp|p2a: Duraludon
|-status|p2a: Duraludon|brn
|move|p2a: Duraludon|Stealth Rock|p1a: Ninetales
|-sidestart|p1: ratetheez12543|move: Stealth Rock
|
|-weather|SunnyDay|[upkeep]
|-damage|p2a: Duraludon|94/100 brn|[from] brn
|upkeep
|turn|15
|
|t:|1776102397
|switch|p2a: Goodra|Goodra-Hisui, F|52/100 brn
|move|p1a: Ninetales|Weather Ball|p2a: Goodra
|-damage|p2a: Goodra|38/100 brn
|
|-weather|SunnyDay|[upkeep]
|-damage|p2a: Goodra|32/100 brn|[from] brn
|upkeep
|turn|16
|
|t:|1776102407
|move|p1a: Ninetales|Weather Ball|p2a: Goodra
|-crit|p2a: Goodra
|-damage|p2a: Goodra|7/100 brn
|move|p2a: Goodra|Draco Meteor|p1a: Ninetales
|-damage|p1a: Ninetales|34/100
|-unboost|p2a: Goodra|spa|2
|
|-weather|SunnyDay|[upkeep]
|-damage|p2a: Goodra|1/100 brn|[from] brn
|upkeep
|turn|17
|
|t:|1776102425
|switch|p1a: Venusaur|Venusaur, F|100/100
|-damage|p1a: Venusaur|88/100|[from] Stealth Rock
|move|p2a: Goodra|Knock Off|p1a: Venusaur
|-damage|p1a: Venusaur|76/100
|-enditem|p1a: Venusaur|Life Orb|[from] move: Knock Off|[of] p2a: Goodra
|
|-weather|none
|-damage|p2a: Goodra|0 fnt|[from] brn
|faint|p2a: Goodra
|upkeep
|
|t:|1776102431
|switch|p2a: Dragapult|Dragapult, F|100/100
|turn|18
|
|t:|1776102437
|switch|p1a: Ninetales|Ninetales, M|34/100
|-damage|p1a: Ninetales|9/100|[from] Stealth Rock
|-weather|SunnyDay|[from] ability: Drought|[of] p1a: Ninetales
|move|p2a: Dragapult|Flamethrower|p1a: Ninetales
|-resisted|p1a: Ninetales
|-damage|p1a: Ninetales|0 fnt
|faint|p1a: Ninetales
|
|-weather|SunnyDay|[upkeep]
|upkeep
|
|t:|1776102449
|switch|p1a: Raging Bolt|Raging Bolt|88/100
|-damage|p1a: Raging Bolt|75/100|[from] Stealth Rock
|-item|p1a: Raging Bolt|Air Balloon
|-activate|p1a: Raging Bolt|ability: Protosynthesis
|-start|p1a: Raging Bolt|protosynthesisspa
|turn|19
|
|t:|1776102453
|switch|p2a: Duraludon|Duraludon, F|94/100 brn
|-terastallize|p1a: Raging Bolt|Fairy
|move|p1a: Raging Bolt|Dragon Pulse|p2a: Duraludon
|-damage|p2a: Duraludon|23/100 brn
|
|-weather|SunnyDay|[upkeep]
|-damage|p2a: Duraludon|17/100 brn|[from] brn
|upkeep
|turn|20
|
|t:|1776102462
|move|p1a: Raging Bolt|Dragon Pulse|p2a: Duraludon
|-damage|p2a: Duraludon|0 fnt
|faint|p2a: Duraludon
|
|-weather|SunnyDay|[upkeep]
|upkeep
|
|t:|1776102464
|switch|p2a: Kingambit|Kingambit, F|100/100
|turn|21
|
|t:|1776102474
|-end|p1a: Raging Bolt|Protosynthesis|[silent]
|switch|p1a: Venusaur|Venusaur, F|76/100
|-damage|p1a: Venusaur|63/100|[from] Stealth Rock
|move|p2a: Kingambit|Iron Head|p1a: Venusaur
|-damage|p1a: Venusaur|6/100
|
|-weather|SunnyDay|[upkeep]
|upkeep
|turn|22
|
|t:|1776102479
|switch|p2a: Tsareena|Tsareena, F|100/100
|move|p1a: Venusaur|Weather Ball|p2a: Tsareena
|-supereffective|p2a: Tsareena
|-damage|p2a: Tsareena|5/100
|
|-weather|none
|upkeep
|turn|23
|
|t:|1776102487
|move|p1a: Venusaur|Giga Drain|p2a: Tsareena
|-resisted|p2a: Tsareena
|-damage|p2a: Tsareena|0 fnt
|-heal|p1a: Venusaur|9/100|[from] drain|[of] p2a: Tsareena
|faint|p2a: Tsareena
|
|upkeep
|
|t:|1776102491
|switch|p2a: Dragapult|Dragapult, F|100/100
|turn|24
|
|t:|1776102508
|move|p2a: Dragapult|Shadow Ball|p1a: Venusaur
|-damage|p1a: Venusaur|0 fnt
|faint|p1a: Venusaur
|
|upkeep
|
|t:|1776102512
|switch|p1a: Raging Bolt|Raging Bolt, tera:Fairy|75/100
|-damage|p1a: Raging Bolt|63/100|[from] Stealth Rock
|-item|p1a: Raging Bolt|Air Balloon
|turn|25
|
|t:|1776102519
|move|p2a: Dragapult|Shadow Ball|p1a: Raging Bolt
|-damage|p1a: Raging Bolt|17/100
|-enditem|p1a: Raging Bolt|Air Balloon
|move|p1a: Raging Bolt|Dragon Pulse|p2a: Dragapult
|-supereffective|p2a: Dragapult
|-damage|p2a: Dragapult|0 fnt
|faint|p2a: Dragapult
|
|upkeep
|
|t:|1776102524
|switch|p2a: Glaceon|Glaceon, F|75/100
|turn|26
|
|t:|1776102529
|move|p1a: Raging Bolt|Thunderclap|p2a: Glaceon
|-damage|p2a: Glaceon|28/100
|move|p2a: Glaceon|Freeze-Dry|p1a: Raging Bolt
|-damage|p1a: Raging Bolt|0 fnt
|faint|p1a: Raging Bolt
|-end|p1a: Raging Bolt|Protosynthesis|[silent]
|
|-heal|p2a: Glaceon|34/100|[from] item: Leftovers
|upkeep
|
|t:|1776102534
|switch|p1a: Kingambit|Kingambit, M|72/100
|-damage|p1a: Kingambit|66/100|[from] Stealth Rock
|-activate|p1a: Kingambit|ability: Supreme Overlord
|-start|p1a: Kingambit|fallen5|[silent]
|turn|27
|
|t:|1776102540
|move|p2a: Glaceon|Chilling Water|p1a: Kingambit
|-damage|p1a: Kingambit|51/100
|-unboost|p1a: Kingambit|atk|1
|move|p1a: Kingambit|Swords Dance|p1a: Kingambit
|-boost|p1a: Kingambit|atk|2
|
|-heal|p2a: Glaceon|40/100|[from] item: Leftovers
|upkeep
|turn|28
|
|t:|1776102557
|move|p1a: Kingambit|Sucker Punch|p2a: Glaceon
|-damage|p2a: Glaceon|0 fnt
|faint|p2a: Glaceon
|
|upkeep
|
|t:|1776102559
|switch|p2a: Kingambit|Kingambit, F|100/100
|turn|29
|
|t:|1776102568
|-terastallize|p2a: Kingambit|Fairy
|move|p1a: Kingambit|Kowtow Cleave|p2a: Kingambit
|-resisted|p2a: Kingambit
|-damage|p2a: Kingambit|64/100
|move|p2a: Kingambit|Low Kick|p1a: Kingambit
|-supereffective|p1a: Kingambit
|-damage|p1a: Kingambit|0 fnt
|faint|p1a: Kingambit
|-end|p1a: Kingambit|fallen5|[silent]
|
|win|magikarp456
|raw|ratetheez12543's rating: 1233 &rarr; <strong>1211</strong><br />(-22 for losing)
|raw|magikarp456's rating: 1281 &rarr; <strong>1303</strong><br />(+22 for winning)
|l|☆magikarp456
|player|p2|
|l|☆ratetheez12543
|player|p1|
