|html|<div class="broadcast-blue"><strong>[Gen 9] OU is currently suspecting Tera Blast! For information on how to participate check out the <a href="https://www.smogon.com/tools/suspects/view/200">suspect thread</a>.</strong></div>
|j|☆FaC404
|j|☆Plzsma
|t:|1776057592
|gametype|singles
|player|p1|FaC404|2|1100
|player|p2|Plzsma|266|1151
|gen|9
|tier|[Gen 9] OU
|rated|
|rule|HP Percentage Mod: HP is shown in percentages
|rule|Endless Battle Clause: Forcing endless battles is banned
|rule|Species Clause: Limit one of each Pokémon
|rule|OHKO Clause: OHKO moves are banned
|rule|Evasion Items Clause: Evasion items are banned
|rule|Evasion Moves Clause: Evasion moves are banned
|rule|Evasion Abilities Clause: Evasion abilities are banned
|rule|Sleep Moves Clause: Sleep-inducing moves are banned
|clearpoke
|poke|p1|Pelipper, F|
|poke|p1|Blastoise, F|
|poke|p1|Raging Bolt|
|poke|p1|Barraskewda, F|
|poke|p1|Kingambit, F|
|poke|p1|Great Tusk|
|poke|p2|Enamorus, F|
|poke|p2|Ogerpon-Wellspring, F|
|poke|p2|Iron Crown|
|poke|p2|Iron Hands|
|poke|p2|Glimmora, M|
|poke|p2|Ursaluna, M|
|teampreview
|inactive|Battle timer is ON: inactive players will automatically lose when time's up. (requested by FaC404)
|
|t:|1776057605
|teamsize|p1|6
|teamsize|p2|6
|start
|switch|p1a: Pelipper|Pelipper, F|100/100
|switch|p2a: Glimmora|Glimmora, M, shiny|100/100
|-weather|RainDance|[from] ability: Drizzle|[of] p1a: Pelipper
|turn|1
|
|t:|1776057610
|move|p2a: Glimmora|Stealth Rock|p1a: Pelipper
|-sidestart|p1: FaC404|move: Stealth Rock
|move|p1a: Pelipper|Hurricane|p2a: Glimmora
|-resisted|p2a: Glimmora
|-damage|p2a: Glimmora|86/100
|-start|p2a: Glimmora|confusion
|-enditem|p2a: Glimmora|Red Card|[of] p1a: Pelipper
|drag|p1a: Blastoise|Blastoise, F|100/100
|-damage|p1a: Blastoise|88/100|[from] Stealth Rock
|
|-weather|RainDance|[upkeep]
|-heal|p1a: Blastoise|94/100|[from] ability: Rain Dish
|upkeep
|turn|2
|
|t:|1776057624
|switch|p2a: Ogerpon|Ogerpon-Wellspring, F|100/100
|move|p1a: Blastoise|Shell Smash|p1a: Blastoise
|-unboost|p1a: Blastoise|def|1
|-unboost|p1a: Blastoise|spd|1
|-boost|p1a: Blastoise|atk|2
|-boost|p1a: Blastoise|spa|2
|-boost|p1a: Blastoise|spe|2
|-enditem|p1a: Blastoise|White Herb
|-clearnegativeboost|p1a: Blastoise|[silent]
|
|-weather|RainDance|[upkeep]
|-heal|p1a: Blastoise|99/100|[from] ability: Rain Dish
|upkeep
|turn|3
|
|t:|1776057642
|move|p1a: Blastoise|Ice Beam|p2a: Ogerpon
|-damage|p2a: Ogerpon|38/100
|move|p2a: Ogerpon|Knock Off|p1a: Blastoise
|-crit|p1a: Blastoise
|-damage|p1a: Blastoise|56/100
|
|-weather|RainDance|[upkeep]
|-heal|p1a: Blastoise|62/100|[from] ability: Rain Dish
|upkeep
|turn|4
|
|t:|1776057646
|move|p1a: Blastoise|Ice Beam|p2a: Ogerpon
|-damage|p2a: Ogerpon|0 fnt
|faint|p2a: Ogerpon
|
|-weather|RainDance|[upkeep]
|-heal|p1a: Blastoise|68/100|[from] ability: Rain Dish
|upkeep
|
|t:|1776057650
|switch|p2a: Iron Crown|Iron Crown|100/100
|turn|5
|
|t:|1776057660
|move|p1a: Blastoise|Surf|p2a: Iron Crown
|-damage|p2a: Iron Crown|0 fnt
|faint|p2a: Iron Crown
|-end|p2a: Iron Crown|Quark Drive|[silent]
|
|-weather|RainDance|[upkeep]
|-heal|p1a: Blastoise|74/100|[from] ability: Rain Dish
|upkeep
|-message|Plzsma forfeited.
|
|win|FaC404
|raw|FaC404's rating: 1100 &rarr; <strong>1129</strong><br />(+29 for winning)
|raw|Plzsma's rating: 1151 &rarr; <strong>1122</strong><br />(-29 for losing)
|l|☆Plzsma
|player|p2|
|l|☆FaC404
|player|p1|
