|html|<div class="broadcast-blue"><strong>[Gen 9] OU is currently suspecting Tera Blast! For information on how to participate check out the <a href="https://www.smogon.com/tools/suspects/view/200">suspect thread</a>.</strong></div>
|j|☆Chaincrush
|j|☆Tapu Piibut
|t:|1776036644
|gametype|singles
|player|p1|Chaincrush|101|1349
|player|p2|Tapu Piibut|169|1374
|gen|9
|tier|[Gen 9] OU
|rated|
|rule|HP Percentage Mod: HP is shown in percentages
|rule|Endless Battle Clause: Forcing endless battles is banned
|rule|Species Clause: Limit one of each Pokémon
|rule|OHKO Clause: OHKO moves are banned
|rule|Evasion Items Clause: Evasion items are banned
|rule|Evasion Moves Clause: Evasion moves are banned
|rule|Evasion Abilities Clause: Evasion abilities are banned
|rule|Sleep Moves Clause: Sleep-inducing moves are banned
|clearpoke
|poke|p1|Rillaboom, F|
|poke|p1|Hawlucha, F|
|poke|p1|Virizion|
|poke|p1|Slowking-Galar, F|
|poke|p1|Kyurem|
|poke|p1|Mudsdale, F|
|poke|p2|Walking Wake|
|poke|p2|Gliscor, M|
|poke|p2|Zapdos|
|poke|p2|Heatran, F|
|poke|p2|Rillaboom, F|
|poke|p2|Kingambit, M|
|teampreview
|inactive|Battle timer is ON: inactive players will automatically lose when time's up. (requested by Chaincrush)
|
|t:|1776036667
|teamsize|p1|6
|teamsize|p2|6
|start
|switch|p1a: Kyurem|Kyurem|100/100
|switch|p2a: Walking Wake|Walking Wake|100/100
|-ability|p1a: Kyurem|Pressure
|turn|1
|
|t:|1776036682
|switch|p1a: Slowking|Slowking-Galar, F|100/100
|move|p2a: Walking Wake|Draco Meteor|p1a: Slowking|[miss]
|-miss|p2a: Walking Wake|p1a: Slowking
|
|upkeep
|turn|2
|
|t:|1776036689
|-end|p2a: Walking Wake|Protosynthesis|[silent]
|switch|p2a: Kingambit|Kingambit, M|100/100
|move|p1a: Slowking|Future Sight|p2a: Kingambit
|-start|p1a: Slowking|move: Future Sight
|
|upkeep
|turn|3
|
|t:|1776036693
|switch|p1a: Rillaboom|Rillaboom, F|100/100
|-fieldstart|move: Grassy Terrain|[from] ability: Grassy Surge|[of] p1a: Rillaboom
|move|p2a: Kingambit|Stealth Rock|p1a: Rillaboom
|-sidestart|p1: Chaincrush|move: Stealth Rock
|
|upkeep
|turn|4
|
|t:|1776036706
|move|p1a: Rillaboom|Drain Punch|p2a: Kingambit
|-supereffective|p2a: Kingambit
|-damage|p2a: Kingambit|0 fnt
|faint|p2a: Kingambit
|-end|p2a: Kingambit|fallenundefined|[silent]
|
|-hint|Future Sight did not hit because the target is fainted.
|upkeep
|
|t:|1776036710
|switch|p2a: Zapdos|Zapdos|100/100
|turn|5
|inactive|Chaincrush has 120 seconds left.
|
|t:|1776036748
|switch|p1a: Slowking|Slowking-Galar, F|100/100
|move|p2a: Zapdos|Thunder Wave|p1a: Slowking
|-status|p1a: Slowking|par
|
|upkeep
|turn|6
|inactive|Chaincrush has 120 seconds left.
|
|t:|1776036755
|move|p2a: Zapdos|Volt Switch|p1a: Slowking
|-damage|p1a: Slowking|82/100 par
|
|t:|1776036758
|switch|p2a: Gliscor|Gliscor, M|100/100|[from] Volt Switch
|-prepare|p1a: Slowking|Chilly Reception|[premajor]
|cant|p1a: Slowking|par
|
|-heal|p1a: Slowking|88/100 par|[from] Grassy Terrain
|-status|p2a: Gliscor|tox|[from] item: Toxic Orb
|upkeep
|turn|7
|
|t:|1776036765
|move|p2a: Gliscor|U-turn|p1a: Slowking
|-damage|p1a: Slowking|72/100 par
|
|t:|1776036768
|switch|p2a: Zapdos|Zapdos|100/100|[from] U-turn
|move|p1a: Slowking|Ice Beam|p2a: Zapdos
|-supereffective|p2a: Zapdos
|-damage|p2a: Zapdos|54/100
|
|-heal|p1a: Slowking|78/100 par|[from] Grassy Terrain
|-fieldend|move: Grassy Terrain
|upkeep
|turn|8
|
|t:|1776036775
|move|p2a: Zapdos|Roost|p2a: Zapdos
|-heal|p2a: Zapdos|100/100
|-singleturn|p2a: Zapdos|move: Roost
|cant|p1a: Slowking|par
|
|upkeep
|turn|9
|
|t:|1776036781
|move|p2a: Zapdos|Volt Switch|p1a: Slowking
|-damage|p1a: Slowking|60/100 par
|
|t:|1776036783
|switch|p2a: Gliscor|Gliscor, M|100/100 tox|[from] Volt Switch
|-prepare|p1a: Slowking|Chilly Reception|[premajor]
|move|p1a: Slowking|Chilly Reception|p1a: Slowking
|-weather|Snowscape
|
|t:|1776036789
|switch|p1a: Kyurem|Kyurem|100/100|[from] Chilly Reception
|-damage|p1a: Kyurem|75/100|[from] Stealth Rock
|-ability|p1a: Kyurem|Pressure
|
|-weather|Snowscape|[upkeep]
|upkeep
|turn|10
|
|t:|1776036811
|move|p2a: Gliscor|Protect|p2a: Gliscor
|-singleturn|p2a: Gliscor|Protect
|move|p1a: Kyurem|Blizzard|p2a: Gliscor
|-activate|p2a: Gliscor|move: Protect
|
|-weather|Snowscape|[upkeep]
|upkeep
|turn|11
|
|t:|1776036830
|switch|p1a: Mudsdale|Mudsdale, F|100/100
|-damage|p1a: Mudsdale|94/100|[from] Stealth Rock
|switch|p2a: Heatran|Heatran, F|100/100
|
|-weather|Snowscape|[upkeep]
|upkeep
|turn|12
|
|t:|1776036842
|switch|p2a: Zapdos|Zapdos|100/100
|move|p1a: Mudsdale|High Horsepower|p2a: Zapdos
|-immune|p2a: Zapdos
|
|-weather|Snowscape|[upkeep]
|upkeep
|turn|13
|inactive|Chaincrush has 120 seconds left.
|
|t:|1776036873
|switch|p1a: Slowking|Slowking-Galar, F|93/100 par
|move|p2a: Zapdos|Hurricane|p1a: Slowking|[miss]
|-miss|p2a: Zapdos|p1a: Slowking
|
|-weather|none
|upkeep
|turn|14
|inactive|Chaincrush has 120 seconds left.
|
|t:|1776036894
|move|p2a: Zapdos|Volt Switch|p1a: Slowking
|-damage|p1a: Slowking|75/100 par
|
|t:|1776036898
|switch|p2a: Walking Wake|Walking Wake|100/100|[from] Volt Switch
|-prepare|p1a: Slowking|Chilly Reception|[premajor]
|cant|p1a: Slowking|par
|
|upkeep
|turn|15
|
|t:|1776036906
|move|p2a: Walking Wake|Flip Turn|p1a: Slowking
|-damage|p1a: Slowking|57/100 par
|
|t:|1776036909
|-end|p2a: Walking Wake|Protosynthesis|[silent]
|switch|p2a: Zapdos|Zapdos|100/100|[from] Flip Turn
|-prepare|p1a: Slowking|Chilly Reception|[premajor]
|move|p1a: Slowking|Chilly Reception|p1a: Slowking
|-weather|Snowscape
|
|t:|1776036917
|switch|p1a: Kyurem|Kyurem|75/100|[from] Chilly Reception
|-damage|p1a: Kyurem|50/100|[from] Stealth Rock
|-ability|p1a: Kyurem|Pressure
|
|-weather|Snowscape|[upkeep]
|upkeep
|turn|16
|
|t:|1776036938
|move|p1a: Kyurem|Earth Power|p2a: Zapdos
|-immune|p2a: Zapdos
|move|p2a: Zapdos|Thunder Wave|p1a: Kyurem
|-status|p1a: Kyurem|par
|
|-weather|Snowscape|[upkeep]
|upkeep
|turn|17
|c|☆Chaincrush|god rae
|-message|Chaincrush forfeited.
|
|win|Tapu Piibut
|raw|Chaincrush's rating: 1349 &rarr; <strong>1330</strong><br />(-19 for losing)
|raw|Tapu Piibut's rating: 1374 &rarr; <strong>1393</strong><br />(+19 for winning)
|l|☆Chaincrush
|player|p1|
|l|☆Tapu Piibut
|player|p2|
