|html|<div class="broadcast-blue"><strong>[Gen 9] OU is currently suspecting Tera Blast! For information on how to participate check out the <a href="https://www.smogon.com/tools/suspects/view/200">suspect thread</a>.</strong></div>
|j|☆terrastaliize
|j|☆Igoodnamename
|t:|1776083935
|gametype|singles
|player|p1|terrastaliize|parasollady-gen4|1738
|player|p2|Igoodnamename|170|1708
|gen|9
|tier|[Gen 9] OU
|rated|
|rule|HP Percentage Mod: HP is shown in percentages
|rule|Endless Battle Clause: Forcing endless battles is banned
|rule|Species Clause: Limit one of each Pokémon
|rule|OHKO Clause: OHKO moves are banned
|rule|Evasion Items Clause: Evasion items are banned
|rule|Evasion Moves Clause: Evasion moves are banned
|rule|Evasion Abilities Clause: Evasion abilities are banned
|rule|Sleep Moves Clause: Sleep-inducing moves are banned
|clearpoke
|poke|p1|Deoxys-Speed|
|poke|p1|Glimmora, F|
|poke|p1|Zamazenta-*|
|poke|p1|Ceruledge, F|
|poke|p1|Ogerpon-Wellspring, F|
|poke|p1|Scizor, F|
|poke|p2|Pecharunt|
|poke|p2|Zapdos|
|poke|p2|Ting-Lu|
|poke|p2|Iron Valiant|
|poke|p2|Zarude|
|poke|p2|Fezandipiti, M|
|teampreview
|inactive|Battle timer is ON: inactive players will automatically lose when time's up. (requested by terrastaliize)
|j| Pulkatz
|
|t:|1776083946
|teamsize|p1|6
|teamsize|p2|6
|start
|switch|p1a: Glimmora|Glimmora, F|100/100
|switch|p2a: Ting-Lu|Ting-Lu|100/100
|-ability|p2a: Ting-Lu|Vessel of Ruin
|turn|1
|
|t:|1776083950
|move|p1a: Glimmora|Mortal Spin|p2a: Ting-Lu
|-resisted|p2a: Ting-Lu
|-damage|p2a: Ting-Lu|99/100
|-status|p2a: Ting-Lu|psn
|move|p2a: Ting-Lu|Earthquake|p1a: Glimmora
|-supereffective|p1a: Glimmora
|-damage|p1a: Glimmora|0 fnt
|-activate|p1a: Glimmora|ability: Toxic Debris
|-sidestart|p2: Igoodnamename|move: Toxic Spikes
|faint|p1a: Glimmora
|
|-heal|p2a: Ting-Lu|100/100 psn|[from] item: Leftovers
|-damage|p2a: Ting-Lu|88/100 psn|[from] psn
|upkeep
|
|t:|1776083952
|switch|p1a: Ogerpon|Ogerpon-Wellspring, F|100/100
|turn|2
|j| j.jhony
|
|t:|1776083956
|switch|p2a: Pecharunt|Pecharunt|100/100
|-sideend|p2: Igoodnamename|move: Toxic Spikes|[of] p2a: Pecharunt
|move|p1a: Ogerpon|Swords Dance|p1a: Ogerpon
|-boost|p1a: Ogerpon|atk|2
|
|upkeep
|turn|3
|
|t:|1776083959
|-terastallize|p1a: Ogerpon|Water
|detailschange|p1a: Ogerpon|Ogerpon-Wellspring-Tera, F, tera:Water
|-ability|p1a: Ogerpon|Embody Aspect (Wellspring)|boost
|-boost|p1a: Ogerpon|spd|1
|move|p1a: Ogerpon|Ivy Cudgel|p2a: Pecharunt|[anim] Ivy Cudgel Water
|-damage|p2a: Pecharunt|26/100
|move|p2a: Pecharunt|Malignant Chain|p1a: Ogerpon
|-damage|p1a: Ogerpon|78/100
|-status|p1a: Ogerpon|tox
|-start|p1a: Ogerpon|confusion|[from] ability: Poison Puppeteer|[of] p2a: Pecharunt
|
|-damage|p1a: Ogerpon|72/100 tox|[from] psn
|upkeep
|turn|4
|
|t:|1776083966
|switch|p2a: Zarude|Zarude|100/100
|-activate|p1a: Ogerpon|confusion
|move|p1a: Ogerpon|Play Rough|p2a: Zarude
|-supereffective|p2a: Zarude
|-damage|p2a: Zarude|0 fnt
|faint|p2a: Zarude
|
|-damage|p1a: Ogerpon|60/100 tox|[from] psn
|upkeep
|
|t:|1776083975
|switch|p2a: Iron Valiant|Iron Valiant|100/100
|turn|5
|
|t:|1776083981
|move|p2a: Iron Valiant|Thunderbolt|p1a: Ogerpon
|-supereffective|p1a: Ogerpon
|-crit|p1a: Ogerpon
|-damage|p1a: Ogerpon|0 fnt
|faint|p1a: Ogerpon
|detailschange|p1: Ogerpon|Ogerpon-Wellspring, F|[silent]
|
|upkeep
|
|t:|1776083985
|switch|p1a: Deoxys|Deoxys-Speed|100/100
|-ability|p1a: Deoxys|Pressure
|turn|6
|
|t:|1776083990
|-end|p2a: Iron Valiant|Quark Drive|[silent]
|switch|p2a: Ting-Lu|Ting-Lu|88/100 psn
|-ability|p2a: Ting-Lu|Vessel of Ruin
|move|p1a: Deoxys|Taunt|p2a: Ting-Lu
|-start|p2a: Ting-Lu|move: Taunt
|
|-heal|p2a: Ting-Lu|94/100 psn|[from] item: Leftovers
|-damage|p2a: Ting-Lu|82/100 psn|[from] psn
|upkeep
|turn|7
|
|t:|1776083994
|move|p1a: Deoxys|Reflect|p1a: Deoxys
|-sidestart|p1: terrastaliize|Reflect
|move|p2a: Ting-Lu|Earthquake|p1a: Deoxys
|-damage|p1a: Deoxys|76/100
|
|-heal|p2a: Ting-Lu|88/100 psn|[from] item: Leftovers
|-damage|p2a: Ting-Lu|76/100 psn|[from] psn
|upkeep
|turn|8
|
|t:|1776083999
|switch|p1a: Scizor|Scizor, F|100/100
|move|p2a: Ting-Lu|Ruination|p1a: Scizor
|-damage|p1a: Scizor|51/100
|
|-heal|p2a: Ting-Lu|82/100 psn|[from] item: Leftovers
|-damage|p2a: Ting-Lu|69/100 psn|[from] psn
|-end|p2a: Ting-Lu|move: Taunt
|upkeep
|turn|9
|
|t:|1776084003
|move|p1a: Scizor|Swords Dance|p1a: Scizor
|-boost|p1a: Scizor|atk|2
|move|p2a: Ting-Lu|Whirlwind|p1a: Scizor
|drag|p1a: Zamazenta|Zamazenta|100/100
|-ability|p1a: Zamazenta|Dauntless Shield|boost
|-boost|p1a: Zamazenta|def|1
|
|-heal|p2a: Ting-Lu|76/100 psn|[from] item: Leftovers
|-damage|p2a: Ting-Lu|63/100 psn|[from] psn
|upkeep
|turn|10
|
|t:|1776084007
|move|p1a: Zamazenta|Iron Defense|p1a: Zamazenta
|-boost|p1a: Zamazenta|def|2
|move|p2a: Ting-Lu|Stealth Rock|p1a: Zamazenta
|-sidestart|p1: terrastaliize|move: Stealth Rock
|
|-heal|p2a: Ting-Lu|69/100 psn|[from] item: Leftovers
|-damage|p2a: Ting-Lu|57/100 psn|[from] psn
|upkeep
|turn|11
|
|t:|1776084010
|move|p1a: Zamazenta|Body Press|p2a: Ting-Lu
|-supereffective|p2a: Ting-Lu
|-damage|p2a: Ting-Lu|0 fnt
|faint|p2a: Ting-Lu
|
|upkeep
|j| amimec
|
|t:|1776084017
|switch|p2a: Pecharunt|Pecharunt|26/100
|turn|12
|j| Sprakenheit
|
|t:|1776084020
|move|p2a: Pecharunt|Recover|p2a: Pecharunt
|-heal|p2a: Pecharunt|76/100
|move|p1a: Zamazenta|Roar|p2a: Pecharunt
|drag|p2a: Iron Valiant|Iron Valiant|100/100
|
|upkeep
|turn|13
|
|t:|1776084023
|-end|p2a: Iron Valiant|Quark Drive|[silent]
|switch|p2a: Pecharunt|Pecharunt|76/100
|move|p1a: Zamazenta|Heavy Slam|p2a: Pecharunt
|-damage|p2a: Pecharunt|61/100
|
|upkeep
|turn|14
|
|t:|1776084027
|switch|p1a: Deoxys|Deoxys-Speed|76/100
|-damage|p1a: Deoxys|64/100|[from] Stealth Rock
|-ability|p1a: Deoxys|Pressure
|move|p2a: Pecharunt|Recover|p2a: Pecharunt
|-heal|p2a: Pecharunt|100/100
|
|-sideend|p1: terrastaliize|Reflect
|upkeep
|turn|15
|
|t:|1776084032
|switch|p2a: Zapdos|Zapdos|100/100
|move|p1a: Deoxys|Psycho Boost|p2a: Zapdos|[miss]
|-miss|p1a: Deoxys|p2a: Zapdos
|
|upkeep
|turn|16
|
|t:|1776084034
|move|p1a: Deoxys|Light Screen|p1a: Deoxys
|-sidestart|p1: terrastaliize|move: Light Screen
|move|p2a: Zapdos|Discharge|p1a: Deoxys
|-damage|p1a: Deoxys|42/100
|-status|p1a: Deoxys|par
|
|upkeep
|turn|17
|l| Pulkatz
|
|t:|1776084042
|switch|p1a: Scizor|Scizor, F|51/100
|-damage|p1a: Scizor|38/100|[from] Stealth Rock
|move|p2a: Zapdos|Roost||[still]
|-fail|p2a: Zapdos|heal
|
|upkeep
|turn|18
|
|t:|1776084046
|move|p2a: Zapdos|Discharge|p1a: Scizor
|-damage|p1a: Scizor|14/100
|-status|p1a: Scizor|par
|move|p1a: Scizor|Swords Dance|p1a: Scizor
|-boost|p1a: Scizor|atk|2
|
|upkeep
|turn|19
|
|t:|1776084051
|move|p2a: Zapdos|Discharge|p1a: Scizor
|-damage|p1a: Scizor|0 fnt
|faint|p1a: Scizor
|
|upkeep
|j| gvxdfgxrfghdr
|
|t:|1776084053
|switch|p1a: Ceruledge|Ceruledge, F|100/100
|-damage|p1a: Ceruledge|76/100|[from] Stealth Rock
|turn|20
|
|t:|1776084056
|move|p2a: Zapdos|Discharge|p1a: Ceruledge
|-damage|p1a: Ceruledge|58/100
|move|p1a: Ceruledge|Swords Dance|p1a: Ceruledge
|-boost|p1a: Ceruledge|atk|2
|
|upkeep
|turn|21
|
|t:|1776084062
|move|p2a: Zapdos|Discharge|p1a: Ceruledge
|-damage|p1a: Ceruledge|40/100
|-status|p1a: Ceruledge|par
|move|p1a: Ceruledge|Bitter Blade|p2a: Zapdos
|-damage|p2a: Zapdos|9/100
|-heal|p1a: Ceruledge|94/100 par|[from] drain|[of] p2a: Zapdos
|-damage|p1a: Ceruledge|84/100 par|[from] item: Life Orb
|
|upkeep
|turn|22
|
|t:|1776084069
|move|p2a: Zapdos|Hurricane|p1a: Ceruledge|[miss]
|-miss|p2a: Zapdos|p1a: Ceruledge
|move|p1a: Ceruledge|Swords Dance|p1a: Ceruledge
|-boost|p1a: Ceruledge|atk|2
|
|upkeep
|turn|23
|
|t:|1776084073
|move|p2a: Zapdos|Discharge|p1a: Ceruledge
|-damage|p1a: Ceruledge|65/100 par
|move|p1a: Ceruledge|Swords Dance|p1a: Ceruledge
|-boost|p1a: Ceruledge|atk|2
|
|-sideend|p1: terrastaliize|move: Light Screen
|upkeep
|turn|24
|
|t:|1776084079
|move|p1a: Ceruledge|Shadow Sneak|p2a: Zapdos
|-crit|p2a: Zapdos
|-damage|p2a: Zapdos|0 fnt
|faint|p2a: Zapdos
|-damage|p1a: Ceruledge|55/100 par|[from] item: Life Orb
|
|upkeep
|
|t:|1776084091
|switch|p2a: Iron Valiant|Iron Valiant|100/100
|turn|25
|
|t:|1776084093
|cant|p1a: Ceruledge|par
|move|p2a: Iron Valiant|Shadow Ball|p1a: Ceruledge
|-supereffective|p1a: Ceruledge
|-damage|p1a: Ceruledge|0 fnt
|faint|p1a: Ceruledge
|
|upkeep
|-message|terrastaliize forfeited.
|
|win|Igoodnamename
|raw|terrastaliize's rating: 1738 &rarr; <strong>1716</strong><br />(-22 for losing)
|raw|Igoodnamename's rating: 1708 &rarr; <strong>1730</strong><br />(+22 for winning)
|l|☆terrastaliize
|player|p1|
|l|☆Igoodnamename
|player|p2|
|l| gvxdfgxrfghdr
|l| Sprakenheit
|l| j.jhony
