|html|<div class="broadcast-blue"><strong>[Gen 9] OU is currently suspecting Tera Blast! For information on how to participate check out the <a href="https://www.smogon.com/tools/suspects/view/200">suspect thread</a>.</strong></div>
|j|☆Unscripted tbtest
|j|☆nautillect
|t:|1776099307
|gametype|singles
|player|p1|Unscripted tbtest|caitlin-masters|1686
|player|p2|nautillect|266|1704
|gen|9
|tier|[Gen 9] OU
|rated|
|rule|HP Percentage Mod: HP is shown in percentages
|rule|Endless Battle Clause: Forcing endless battles is banned
|rule|Species Clause: Limit one of each Pokémon
|rule|OHKO Clause: OHKO moves are banned
|rule|Evasion Items Clause: Evasion items are banned
|rule|Evasion Moves Clause: Evasion moves are banned
|rule|Evasion Abilities Clause: Evasion abilities are banned
|rule|Sleep Moves Clause: Sleep-inducing moves are banned
|clearpoke
|poke|p1|Iron Treads|
|poke|p1|Landorus-Therian, M|
|poke|p1|Iron Valiant|
|poke|p1|Kingambit, F|
|poke|p1|Zamazenta-*|
|poke|p1|Primarina, F|
|poke|p2|Ogerpon-Cornerstone, F|
|poke|p2|Cinderace, F|
|poke|p2|Kyurem|
|poke|p2|Dragonite, F|
|poke|p2|Deoxys-Speed|
|poke|p2|Zamazenta-*|
|teampreview
|inactive|Battle timer is ON: inactive players will automatically lose when time's up. (requested by Unscripted tbtest)
|
|t:|1776099337
|teamsize|p1|6
|teamsize|p2|6
|start
|switch|p1a: Primarina|Primarina, F|100/100
|switch|p2a: Ogerpon|Ogerpon-Cornerstone, F|100/100
|turn|1
|
|t:|1776099349
|switch|p1a: Landorus|Landorus-Therian, M|100/100
|-ability|p1a: Landorus|Intimidate|boost
|-unboost|p2a: Ogerpon|atk|1
|move|p2a: Ogerpon|Power Whip|p1a: Landorus
|-damage|p1a: Landorus|69/100
|-damage|p2a: Ogerpon|84/100|[from] item: Rocky Helmet|[of] p1a: Landorus
|
|upkeep
|turn|2
|j| Kyurem
|
|t:|1776099359
|move|p2a: Ogerpon|Taunt|p1a: Landorus
|-start|p1a: Landorus|move: Taunt
|move|p1a: Landorus|U-turn|p2a: Ogerpon
|-supereffective|p2a: Ogerpon
|-damage|p2a: Ogerpon|33/100
|
|t:|1776099362
|switch|p1a: Iron Valiant|Iron Valiant|100/100|[from] U-turn
|
|upkeep
|turn|3
|
|t:|1776099369
|move|p1a: Iron Valiant|Moonblast|p2a: Ogerpon
|-damage|p2a: Ogerpon|0 fnt
|faint|p2a: Ogerpon
|
|upkeep
|
|t:|1776099378
|switch|p2a: Deoxys|Deoxys-Speed|100/100
|-ability|p2a: Deoxys|Pressure
|turn|4
|
|t:|1776099389
|-end|p1a: Iron Valiant|Quark Drive|[silent]
|switch|p1a: Primarina|Primarina, F|100/100
|move|p2a: Deoxys|Nasty Plot|p2a: Deoxys
|-boost|p2a: Deoxys|spa|2
|
|upkeep
|turn|5
|j| gym locker smells
|
|t:|1776099396
|move|p2a: Deoxys|Psycho Boost|p1a: Primarina
|-damage|p1a: Primarina|3/100
|-unboost|p2a: Deoxys|spa|2
|-damage|p2a: Deoxys|91/100|[from] item: Life Orb
|move|p1a: Primarina|Moonblast|p2a: Deoxys
|-damage|p2a: Deoxys|7/100
|-unboost|p2a: Deoxys|spa|1
|
|upkeep
|turn|6
|
|t:|1776099405
|move|p2a: Deoxys|Focus Blast|p1a: Primarina
|-resisted|p1a: Primarina
|-damage|p1a: Primarina|0 fnt
|faint|p1a: Primarina
|-damage|p2a: Deoxys|0 fnt|[from] item: Life Orb
|faint|p2a: Deoxys
|
|upkeep
|
|t:|1776099410
|switch|p2a: Cinderace|Cinderace, F|100/100
|switch|p1a: Iron Valiant|Iron Valiant|100/100
|turn|7
|
|t:|1776099416
|-end|p1a: Iron Valiant|Quark Drive|[silent]
|switch|p1a: Landorus|Landorus-Therian, M|69/100
|-ability|p1a: Landorus|Intimidate|boost
|-unboost|p2a: Cinderace|atk|1
|move|p2a: Cinderace|Pyro Ball|p1a: Landorus
|-damage|p1a: Landorus|46/100
|
|upkeep
|turn|8
|
|t:|1776099423
|move|p2a: Cinderace|Will-O-Wisp|p1a: Landorus
|-status|p1a: Landorus|brn
|move|p1a: Landorus|Earth Power|p2a: Cinderace
|-supereffective|p2a: Cinderace
|-damage|p2a: Cinderace|21/100
|
|-damage|p1a: Landorus|40/100 brn|[from] brn
|upkeep
|turn|9
|
|t:|1776099440
|move|p2a: Cinderace|Pyro Ball|p1a: Landorus
|-damage|p1a: Landorus|3/100 brn
|move|p1a: Landorus|Earth Power|p2a: Cinderace
|-supereffective|p2a: Cinderace
|-damage|p2a: Cinderace|0 fnt
|faint|p2a: Cinderace
|
|-damage|p1a: Landorus|0 fnt|[from] brn
|faint|p1a: Landorus
|upkeep
|
|t:|1776099453
|switch|p2a: Zamazenta|Zamazenta|100/100
|switch|p1a: Iron Valiant|Iron Valiant|100/100
|-ability|p2a: Zamazenta|Dauntless Shield|boost
|-boost|p2a: Zamazenta|def|1
|turn|10
|
|t:|1776099460
|-terastallize|p2a: Zamazenta|Fire
|move|p2a: Zamazenta|Iron Defense|p2a: Zamazenta
|-boost|p2a: Zamazenta|def|2
|move|p1a: Iron Valiant|Moonblast|p2a: Zamazenta
|-resisted|p2a: Zamazenta
|-damage|p2a: Zamazenta|77/100
|-unboost|p2a: Zamazenta|spa|1
|
|-heal|p2a: Zamazenta|84/100|[from] item: Leftovers
|upkeep
|turn|11
|
|t:|1776099467
|move|p2a: Zamazenta|Body Press|p1a: Iron Valiant
|-resisted|p1a: Iron Valiant
|-damage|p1a: Iron Valiant|35/100
|move|p1a: Iron Valiant|Knock Off|p2a: Zamazenta
|-damage|p2a: Zamazenta|75/100
|-enditem|p2a: Zamazenta|Leftovers|[from] move: Knock Off|[of] p1a: Iron Valiant
|
|upkeep
|turn|12
|
|t:|1776099474
|move|p2a: Zamazenta|Body Press|p1a: Iron Valiant
|-resisted|p1a: Iron Valiant
|-damage|p1a: Iron Valiant|0 fnt
|faint|p1a: Iron Valiant
|-end|p1a: Iron Valiant|Quark Drive|[silent]
|
|upkeep
|
|t:|1776099477
|switch|p1a: Zamazenta|Zamazenta|100/100
|-ability|p1a: Zamazenta|Dauntless Shield|boost
|-boost|p1a: Zamazenta|def|1
|turn|13
|
|t:|1776099484
|move|p2a: Zamazenta|Body Press|p1a: Zamazenta
|-damage|p1a: Zamazenta|57/100
|move|p1a: Zamazenta|Roar|p2a: Zamazenta
|drag|p2a: Kyurem|Kyurem|100/100
|-ability|p2a: Kyurem|Pressure
|
|-heal|p1a: Zamazenta|63/100|[from] item: Leftovers
|upkeep
|turn|14
|
|t:|1776099492
|move|p1a: Zamazenta|Body Press|p2a: Kyurem
|-supereffective|p2a: Kyurem
|-damage|p2a: Kyurem|22/100
|move|p2a: Kyurem|Ice Beam|p1a: Zamazenta
|-damage|p1a: Zamazenta|24/100
|
|-heal|p1a: Zamazenta|30/100|[from] item: Leftovers
|upkeep
|turn|15
|
|t:|1776099498
|switch|p2a: Dragonite|Dragonite, F|100/100
|move|p1a: Zamazenta|Body Press|p2a: Dragonite
|-resisted|p2a: Dragonite
|-damage|p2a: Dragonite|86/100
|
|-heal|p1a: Zamazenta|36/100|[from] item: Leftovers
|upkeep
|turn|16
|
|t:|1776099505
|move|p2a: Dragonite|Encore|p1a: Zamazenta
|-start|p1a: Zamazenta|Encore
|move|p1a: Zamazenta|Body Press|p2a: Dragonite
|-resisted|p2a: Dragonite
|-damage|p2a: Dragonite|57/100
|
|-heal|p1a: Zamazenta|43/100|[from] item: Leftovers
|upkeep
|turn|17
|
|t:|1776099511
|move|p1a: Zamazenta|Body Press|p2a: Dragonite
|-resisted|p2a: Dragonite
|-damage|p2a: Dragonite|32/100
|move|p2a: Dragonite|Earthquake|p1a: Zamazenta
|-damage|p1a: Zamazenta|20/100
|
|-heal|p1a: Zamazenta|26/100|[from] item: Leftovers
|upkeep
|turn|18
|
|t:|1776099526
|move|p1a: Zamazenta|Body Press|p2a: Dragonite
|-resisted|p2a: Dragonite
|-damage|p2a: Dragonite|2/100
|move|p2a: Dragonite|Dragon Dance|p2a: Dragonite
|-boost|p2a: Dragonite|atk|1
|-boost|p2a: Dragonite|spe|1
|
|-heal|p1a: Zamazenta|32/100|[from] item: Leftovers
|-end|p1a: Zamazenta|Encore
|upkeep
|turn|19
|
|t:|1776099538
|move|p1a: Zamazenta|Body Press|p2a: Dragonite
|-resisted|p2a: Dragonite
|-damage|p2a: Dragonite|0 fnt
|faint|p2a: Dragonite
|
|-heal|p1a: Zamazenta|38/100|[from] item: Leftovers
|upkeep
|
|t:|1776099541
|switch|p2a: Zamazenta|Zamazenta, tera:Fire|75/100
|turn|20
|
|t:|1776099548
|switch|p2a: Kyurem|Kyurem|22/100
|-ability|p2a: Kyurem|Pressure
|move|p1a: Zamazenta|Iron Defense|p1a: Zamazenta
|-boost|p1a: Zamazenta|def|2
|
|-heal|p1a: Zamazenta|44/100|[from] item: Leftovers
|upkeep
|turn|21
|
|t:|1776099554
|move|p1a: Zamazenta|Body Press|p2a: Kyurem
|-supereffective|p2a: Kyurem
|-damage|p2a: Kyurem|0 fnt
|faint|p2a: Kyurem
|
|-heal|p1a: Zamazenta|50/100|[from] item: Leftovers
|upkeep
|
|t:|1776099555
|switch|p2a: Zamazenta|Zamazenta, tera:Fire|75/100
|turn|22
|
|t:|1776099561
|move|p2a: Zamazenta|Iron Defense|p2a: Zamazenta
|-boost|p2a: Zamazenta|def|2
|move|p1a: Zamazenta|Body Press|p2a: Zamazenta
|-damage|p2a: Zamazenta|42/100
|
|-heal|p1a: Zamazenta|57/100|[from] item: Leftovers
|upkeep
|turn|23
|
|t:|1776099567
|move|p2a: Zamazenta|Iron Defense|p2a: Zamazenta
|-boost|p2a: Zamazenta|def|2
|move|p1a: Zamazenta|Body Press|p2a: Zamazenta
|-damage|p2a: Zamazenta|20/100
|
|-heal|p1a: Zamazenta|63/100|[from] item: Leftovers
|upkeep
|turn|24
|
|t:|1776099576
|move|p2a: Zamazenta|Body Press|p1a: Zamazenta
|-damage|p1a: Zamazenta|29/100
|move|p1a: Zamazenta|Body Press|p2a: Zamazenta
|-damage|p2a: Zamazenta|0 fnt
|faint|p2a: Zamazenta
|
|win|Unscripted tbtest
|raw|Unscripted tbtest's rating: 1668 &rarr; <strong>1690</strong><br />(+22 for winning)
|raw|nautillect's rating: 1704 &rarr; <strong>1682</strong><br />(-22 for losing)
|l|☆Unscripted tbtest
|player|p1|
|l| Kyurem
