|html|<div class="broadcast-blue"><strong>[Gen 9] OU is currently suspecting Tera Blast! For information on how to participate check out the <a href="https://www.smogon.com/tools/suspects/view/200">suspect thread</a>.</strong></div>
|j|☆Elmonelio
|j|☆AbsolutNOOB1.2
|t:|1776164803
|gametype|singles
|player|p1|Elmonelio|ethan|1082
|player|p2|AbsolutNOOB1.2|266|1097
|gen|9
|tier|[Gen 9] OU
|rated|
|rule|HP Percentage Mod: HP is shown in percentages
|rule|Endless Battle Clause: Forcing endless battles is banned
|rule|Species Clause: Limit one of each Pokémon
|rule|OHKO Clause: OHKO moves are banned
|rule|Evasion Items Clause: Evasion items are banned
|rule|Evasion Moves Clause: Evasion moves are banned
|rule|Evasion Abilities Clause: Evasion abilities are banned
|rule|Sleep Moves Clause: Sleep-inducing moves are banned
|clearpoke
|poke|p1|Zapdos|
|poke|p1|Tauros-Paldea-Aqua, M|
|poke|p1|Skeledirge, M|
|poke|p1|Meowscarada, M|
|poke|p1|Mamoswine, F|
|poke|p1|Salamence, F|
|poke|p2|Great Tusk|
|poke|p2|Brute Bonnet|
|poke|p2|Walking Wake|
|poke|p2|Torkoal, F|
|poke|p2|Raging Bolt|
|poke|p2|Alomomola, F|
|teampreview
|inactive|Battle timer is ON: inactive players will automatically lose when time's up. (requested by AbsolutNOOB1.2)
|
|t:|1776164819
|teamsize|p1|6
|teamsize|p2|6
|start
|switch|p1a: Mamoswine|Mamoswine, F|100/100
|switch|p2a: Sunny|Torkoal, F|100/100
|-weather|SunnyDay|[from] ability: Drought|[of] p2a: Sunny
|turn|1
|
|t:|1776164832
|move|p1a: Mamoswine|Earthquake|p2a: Sunny
|-supereffective|p2a: Sunny
|-damage|p2a: Sunny|31/100
|move|p2a: Sunny|Stealth Rock|p1a: Mamoswine
|-sidestart|p1: Elmonelio|move: Stealth Rock
|
|-weather|SunnyDay|[upkeep]
|-heal|p2a: Sunny|37/100|[from] item: Leftovers
|upkeep
|turn|2
|
|t:|1776164849
|switch|p2a: Bazil-eau|Great Tusk, shiny|100/100
|-activate|p2a: Bazil-eau|ability: Protosynthesis
|-start|p2a: Bazil-eau|protosynthesisatk
|move|p1a: Mamoswine|Earthquake|p2a: Bazil-eau
|-damage|p2a: Bazil-eau|64/100
|
|-weather|SunnyDay|[upkeep]
|upkeep
|turn|3
|
|t:|1776164864
|move|p2a: Bazil-eau|Rapid Spin|p1a: Mamoswine
|-damage|p1a: Mamoswine|75/100
|-boost|p2a: Bazil-eau|spe|1
|move|p1a: Mamoswine|Icicle Spear|p2a: Bazil-eau
|-supereffective|p2a: Bazil-eau
|-damage|p2a: Bazil-eau|43/100
|-supereffective|p2a: Bazil-eau
|-damage|p2a: Bazil-eau|23/100
|-supereffective|p2a: Bazil-eau
|-damage|p2a: Bazil-eau|2/100
|-supereffective|p2a: Bazil-eau
|-damage|p2a: Bazil-eau|0 fnt
|faint|p2a: Bazil-eau
|-end|p2a: Bazil-eau|Protosynthesis|[silent]
|-hitcount|p2: Bazil-eau|4
|
|-weather|SunnyDay|[upkeep]
|upkeep
|
|t:|1776164882
|switch|p2a: Serpent-eau|Walking Wake|100/100
|-activate|p2a: Serpent-eau|ability: Protosynthesis
|-start|p2a: Serpent-eau|protosynthesisspa
|turn|4
|
|t:|1776164891
|switch|p1a: Zapdos|Zapdos|100/100
|-damage|p1a: Zapdos|75/100|[from] Stealth Rock
|move|p2a: Serpent-eau|Hydro Steam|p1a: Zapdos
|-damage|p1a: Zapdos|0 fnt
|faint|p1a: Zapdos
|-damage|p2a: Serpent-eau|90/100|[from] item: Life Orb
|
|-weather|SunnyDay|[upkeep]
|upkeep
|
|t:|1776164904
|switch|p1a: Meowscarada|Meowscarada, M|100/100
|-damage|p1a: Meowscarada|88/100|[from] Stealth Rock
|turn|5
|
|t:|1776164909
|move|p1a: Meowscarada|Flower Trick|p2a: Serpent-eau
|-start|p1a: Meowscarada|typechange|Grass|[from] ability: Protean
|-crit|p2a: Serpent-eau
|-damage|p2a: Serpent-eau|34/100
|move|p2a: Serpent-eau|Flamethrower|p1a: Meowscarada
|-supereffective|p1a: Meowscarada
|-damage|p1a: Meowscarada|0 fnt
|faint|p1a: Meowscarada
|-damage|p2a: Serpent-eau|24/100|[from] item: Life Orb
|
|-weather|none
|-end|p2a: Serpent-eau|Protosynthesis
|upkeep
|
|t:|1776164922
|switch|p1a: Mamoswine|Mamoswine, F|75/100
|-damage|p1a: Mamoswine|62/100|[from] Stealth Rock
|turn|6
|
|t:|1776164932
|-end|p2a: Serpent-eau|Protosynthesis|[silent]
|switch|p2a: Sunny|Torkoal, F|37/100
|-weather|SunnyDay|[from] ability: Drought|[of] p2a: Sunny
|move|p1a: Mamoswine|Icicle Spear|p2a: Sunny
|-resisted|p2a: Sunny
|-damage|p2a: Sunny|32/100
|-resisted|p2a: Sunny
|-damage|p2a: Sunny|27/100
|-resisted|p2a: Sunny
|-damage|p2a: Sunny|22/100
|-resisted|p2a: Sunny
|-damage|p2a: Sunny|18/100
|-resisted|p2a: Sunny
|-damage|p2a: Sunny|14/100
|-hitcount|p2a: Sunny|5
|
|-weather|SunnyDay|[upkeep]
|-heal|p2a: Sunny|20/100|[from] item: Leftovers
|upkeep
|turn|7
|
|t:|1776164949
|switch|p2a: Momy|Alomomola, F, shiny|100/100
|move|p1a: Mamoswine|Earthquake|p2a: Momy
|-damage|p2a: Momy|68/100
|
|-weather|SunnyDay|[upkeep]
|-heal|p2a: Momy|74/100|[from] item: Leftovers
|upkeep
|turn|8
|
|t:|1776164959
|move|p1a: Mamoswine|Stealth Rock|p2a: Momy
|-sidestart|p2: AbsolutNOOB1.2|move: Stealth Rock
|move|p2a: Momy|Wish|p2a: Momy
|
|-weather|SunnyDay|[upkeep]
|-heal|p2a: Momy|80/100|[from] item: Leftovers
|upkeep
|turn|9
|
|t:|1776164967
|switch|p1a: Salamence|Salamence, F|100/100
|-ability|p1a: Salamence|Intimidate|boost
|-unboost|p2a: Momy|atk|1
|move|p2a: Momy|Flip Turn|p1a: Salamence
|-resisted|p1a: Salamence
|-damage|p1a: Salamence|97/100
|
|t:|1776164975
|switch|p2a: Sunny|Torkoal, F|20/100|[from] Flip Turn
|-damage|p2a: Sunny|0 fnt|[from] Stealth Rock
|faint|p2a: Sunny
|
|-weather|SunnyDay|[upkeep]
|upkeep
|
|t:|1776164984
|switch|p2a: Serpent-eau|Walking Wake|24/100
|-damage|p2a: Serpent-eau|11/100|[from] Stealth Rock
|-activate|p2a: Serpent-eau|ability: Protosynthesis
|-start|p2a: Serpent-eau|protosynthesisspa
|turn|10
|
|t:|1776164999
|-terastallize|p1a: Salamence|Steel
|move|p2a: Serpent-eau|Draco Meteor|p1a: Salamence
|-resisted|p1a: Salamence
|-damage|p1a: Salamence|27/100
|-unboost|p2a: Serpent-eau|spa|2
|-damage|p2a: Serpent-eau|1/100|[from] item: Life Orb
|move|p1a: Salamence|Dragon Dance|p1a: Salamence
|-boost|p1a: Salamence|atk|1
|-boost|p1a: Salamence|spe|1
|
|-weather|none
|-end|p2a: Serpent-eau|Protosynthesis
|upkeep
|turn|11
|
|t:|1776165019
|move|p1a: Salamence|Dragon Claw|p2a: Serpent-eau
|-supereffective|p2a: Serpent-eau
|-damage|p2a: Serpent-eau|0 fnt
|faint|p2a: Serpent-eau
|-end|p2a: Serpent-eau|Protosynthesis|[silent]
|
|upkeep
|inactive|AbsolutNOOB1.2 has 120 seconds left.
|
|t:|1776165035
|switch|p2a: Girafe|Raging Bolt|100/100
|-damage|p2a: Girafe|88/100|[from] Stealth Rock
|turn|12
|
|t:|1776165045
|move|p2a: Girafe|Thunderclap|p1a: Salamence
|-crit|p1a: Salamence
|-damage|p1a: Salamence|0 fnt
|faint|p1a: Salamence
|
|-heal|p2a: Girafe|94/100|[from] item: Leftovers
|upkeep
|
|t:|1776165053
|switch|p1a: Mamoswine|Mamoswine, F|62/100
|-damage|p1a: Mamoswine|50/100|[from] Stealth Rock
|turn|13
|
|t:|1776165059
|-end|p2a: Girafe|Protosynthesis|[silent]
|switch|p2a: Momy|Alomomola, F, shiny|100/100
|-damage|p2a: Momy|88/100|[from] Stealth Rock
|move|p1a: Mamoswine|Earthquake|p2a: Momy
|-damage|p2a: Momy|53/100
|
|-heal|p2a: Momy|59/100|[from] item: Leftovers
|upkeep
|turn|14
|inactive|AbsolutNOOB1.2 has 120 seconds left.
|
|t:|1776165089
|switch|p1a: Tauros|Tauros-Paldea-Aqua, M|100/100
|-damage|p1a: Tauros|94/100|[from] Stealth Rock
|-ability|p1a: Tauros|Intimidate|boost
|-unboost|p2a: Momy|atk|1
|move|p2a: Momy|Wish|p2a: Momy
|
|-heal|p2a: Momy|65/100|[from] item: Leftovers
|upkeep
|turn|15
|inactive|AbsolutNOOB1.2 has 120 seconds left.
|
|t:|1776165100
|move|p1a: Tauros|Close Combat|p2a: Momy
|-damage|p2a: Momy|34/100
|-unboost|p1a: Tauros|def|1
|-unboost|p1a: Tauros|spd|1
|move|p2a: Momy|Flip Turn|p1a: Tauros
|-resisted|p1a: Tauros
|-damage|p1a: Tauros|86/100
|-damage|p2a: Momy|18/100|[from] item: Rocky Helmet|[of] p1a: Tauros
|inactive|AbsolutNOOB1.2 has 120 seconds left.
|
|t:|1776165109
|switch|p2a: AsmonG|Brute Bonnet|100/100|[from] Flip Turn
|-damage|p2a: AsmonG|88/100|[from] Stealth Rock
|
|-heal|p2a: AsmonG|100/100|[from] move: Wish|[wisher] Momy
|upkeep
|turn|16
|inactive|AbsolutNOOB1.2 has 120 seconds left.
|
|t:|1776165119
|move|p1a: Tauros|Close Combat|p2a: AsmonG
|-supereffective|p2a: AsmonG
|-damage|p2a: AsmonG|4/100
|-unboost|p1a: Tauros|def|1
|-unboost|p1a: Tauros|spd|1
|move|p2a: AsmonG|Seed Bomb|p1a: Tauros
|-supereffective|p1a: Tauros
|-damage|p1a: Tauros|0 fnt
|faint|p1a: Tauros
|
|-heal|p2a: AsmonG|10/100|[from] item: Leftovers
|upkeep
|
|t:|1776165132
|switch|p1a: Mamoswine|Mamoswine, F|50/100
|-damage|p1a: Mamoswine|37/100|[from] Stealth Rock
|turn|17
|
|t:|1776165140
|-end|p2a: AsmonG|Protosynthesis|[silent]
|switch|p2a: Momy|Alomomola, F, shiny|51/100
|-damage|p2a: Momy|39/100|[from] Stealth Rock
|move|p1a: Mamoswine|Icicle Spear|p2a: Momy
|-resisted|p2a: Momy
|-damage|p2a: Momy|35/100
|-resisted|p2a: Momy
|-damage|p2a: Momy|31/100
|-resisted|p2a: Momy
|-damage|p2a: Momy|26/100
|-resisted|p2a: Momy
|-damage|p2a: Momy|22/100
|-resisted|p2a: Momy
|-damage|p2a: Momy|18/100
|-hitcount|p2a: Momy|5
|
|-heal|p2a: Momy|24/100|[from] item: Leftovers
|upkeep
|turn|18
|inactive|AbsolutNOOB1.2 has 120 seconds left.
|
|t:|1776165168
|switch|p1a: Skeledirge|Skeledirge, M|100/100
|-damage|p1a: Skeledirge|75/100|[from] Stealth Rock
|move|p2a: Momy|Wish|p2a: Momy
|
|-heal|p1a: Skeledirge|82/100|[from] item: Leftovers
|-heal|p2a: Momy|30/100|[from] item: Leftovers
|upkeep
|turn|19
|inactive|AbsolutNOOB1.2 has 120 seconds left.
|
|t:|1776165190
|move|p1a: Skeledirge|Shadow Ball|p2a: Momy
|-damage|p2a: Momy|0 fnt
|faint|p2a: Momy
|
|-heal|p1a: Skeledirge|88/100|[from] item: Leftovers
|upkeep
|
|t:|1776165197
|switch|p2a: AsmonG|Brute Bonnet|10/100
|-damage|p2a: AsmonG|0 fnt|[from] Stealth Rock
|faint|p2a: AsmonG
|-end|p2a: AsmonG|Protosynthesis|[silent]
|
|t:|1776165202
|switch|p2a: Girafe|Raging Bolt|94/100
|-damage|p2a: Girafe|82/100|[from] Stealth Rock
|turn|20
|
|t:|1776165216
|move|p2a: Girafe|Calm Mind|p2a: Girafe
|-boost|p2a: Girafe|spa|1
|-boost|p2a: Girafe|spd|1
|move|p1a: Skeledirge|Alluring Voice|p2a: Girafe
|-supereffective|p2a: Girafe
|-damage|p2a: Girafe|39/100
|-start|p2a: Girafe|confusion
|
|-heal|p2a: Girafe|45/100|[from] item: Leftovers
|-heal|p1a: Skeledirge|94/100|[from] item: Leftovers
|upkeep
|turn|21
|
|t:|1776165229
|-activate|p2a: Girafe|confusion
|move|p2a: Girafe|Draco Meteor|p1a: Skeledirge
|-damage|p1a: Skeledirge|9/100
|-unboost|p2a: Girafe|spa|2
|move|p1a: Skeledirge|Alluring Voice|p2a: Girafe
|-supereffective|p2a: Girafe
|-damage|p2a: Girafe|4/100
|
|-heal|p2a: Girafe|10/100|[from] item: Leftovers
|-heal|p1a: Skeledirge|15/100|[from] item: Leftovers
|upkeep
|turn|22
|
|t:|1776165242
|-activate|p2a: Girafe|confusion
|move|p2a: Girafe|Draco Meteor|p1a: Skeledirge
|-damage|p1a: Skeledirge|0 fnt
|-unboost|p2a: Girafe|spa|2
|faint|p1a: Skeledirge
|
|-heal|p2a: Girafe|16/100|[from] item: Leftovers
|upkeep
|
|t:|1776165250
|switch|p1a: Mamoswine|Mamoswine, F|37/100
|-damage|p1a: Mamoswine|25/100|[from] Stealth Rock
|turn|23
|inactive|AbsolutNOOB1.2 has 120 seconds left.
|
|t:|1776165262
|-activate|p2a: Girafe|confusion
|move|p2a: Girafe|Draco Meteor|p1a: Mamoswine
|-damage|p1a: Mamoswine|0 fnt
|-unboost|p2a: Girafe|spa|2
|faint|p1a: Mamoswine
|
|win|AbsolutNOOB1.2
|raw|Elmonelio's rating: 1082 &rarr; <strong>1061</strong><br />(-21 for losing)
|raw|AbsolutNOOB1.2's rating: 1097 &rarr; <strong>1121</strong><br />(+24 for winning)
|l|☆Elmonelio
|player|p1|
