|html|<div class="broadcast-blue"><strong>[Gen 9] OU is currently suspecting Tera Blast! For information on how to participate check out the <a href="https://www.smogon.com/tools/suspects/view/200">suspect thread</a>.</strong></div>
|j|☆la5495
|j|☆justinsider
|t:|1776049786
|gametype|singles
|player|p1|la5495|ghetsis|1265
|player|p2|justinsider|ethan|1210
|gen|9
|tier|[Gen 9] OU
|rated|
|rule|HP Percentage Mod: HP is shown in percentages
|rule|Endless Battle Clause: Forcing endless battles is banned
|rule|Species Clause: Limit one of each Pokémon
|rule|OHKO Clause: OHKO moves are banned
|rule|Evasion Items Clause: Evasion items are banned
|rule|Evasion Moves Clause: Evasion moves are banned
|rule|Evasion Abilities Clause: Evasion abilities are banned
|rule|Sleep Moves Clause: Sleep-inducing moves are banned
|clearpoke
|poke|p1|Cobalion|
|poke|p1|Enamorus, F|
|poke|p1|Pecharunt|
|poke|p1|Tyranitar, M|
|poke|p1|Minior-Violet|
|poke|p1|Excadrill, F|
|poke|p2|Gliscor, M|
|poke|p2|Skeledirge, M|
|poke|p2|Rillaboom, M|
|poke|p2|Glimmora, F|
|poke|p2|Conkeldurr, M|
|poke|p2|Thundurus-Therian, M|
|teampreview
|inactive|Battle timer is ON: inactive players will automatically lose when time's up. (requested by la5495)
|
|t:|1776049799
|teamsize|p1|6
|teamsize|p2|6
|start
|switch|p1a: Tyranitar|Tyranitar, M|100/100
|switch|p2a: Glimmora|Glimmora, F|100/100
|-weather|Sandstorm|[from] ability: Sand Stream|[of] p1a: Tyranitar
|turn|1
|
|t:|1776049812
|move|p2a: Glimmora|Earth Power|p1a: Tyranitar
|-supereffective|p1a: Tyranitar
|-damage|p1a: Tyranitar|72/100
|move|p1a: Tyranitar|Stealth Rock|p2a: Glimmora
|-sidestart|p2: justinsider|move: Stealth Rock
|
|-weather|Sandstorm|[upkeep]
|upkeep
|turn|2
|
|t:|1776049823
|move|p2a: Glimmora|Stealth Rock|p1a: Tyranitar
|-sidestart|p1: la5495|move: Stealth Rock
|move|p1a: Tyranitar|Knock Off|p2a: Glimmora
|-damage|p2a: Glimmora|49/100
|-activate|p2a: Glimmora|ability: Toxic Debris
|-sidestart|p1: la5495|move: Toxic Spikes
|-enditem|p2a: Glimmora|Focus Sash|[from] move: Knock Off|[of] p1a: Tyranitar
|
|-weather|Sandstorm|[upkeep]
|upkeep
|turn|3
|
|t:|1776049833
|switch|p1a: Excadrill|Excadrill, F|100/100
|-damage|p1a: Excadrill|97/100|[from] Stealth Rock
|-item|p1a: Excadrill|Air Balloon
|move|p2a: Glimmora|Earth Power|p1a: Excadrill
|-immune|p1a: Excadrill
|
|-weather|Sandstorm|[upkeep]
|upkeep
|turn|4
|
|t:|1776049849
|move|p1a: Excadrill|Iron Head|p2a: Glimmora
|-supereffective|p2a: Glimmora
|-damage|p2a: Glimmora|0 fnt
|-activate|p2a: Glimmora|ability: Toxic Debris
|-sidestart|p1: la5495|move: Toxic Spikes
|faint|p2a: Glimmora
|
|-weather|Sandstorm|[upkeep]
|upkeep
|
|t:|1776049861
|switch|p2a: Conkeldurr|Conkeldurr, M|100/100
|-damage|p2a: Conkeldurr|94/100|[from] Stealth Rock
|turn|5
|
|t:|1776049873
|move|p1a: Excadrill|Rapid Spin|p2a: Conkeldurr
|-crit|p2a: Conkeldurr
|-damage|p2a: Conkeldurr|72/100
|-boost|p1a: Excadrill|spe|1
|-sideend|p1: la5495|Toxic Spikes|[from] move: Rapid Spin|[of] p1a: Excadrill
|-sideend|p1: la5495|Stealth Rock|[from] move: Rapid Spin|[of] p1a: Excadrill
|move|p2a: Conkeldurr|Drain Punch|p1a: Excadrill
|-supereffective|p1a: Excadrill
|-damage|p1a: Excadrill|0 fnt
|-heal|p2a: Conkeldurr|100/100|[from] drain|[of] p1a: Excadrill
|-enditem|p1a: Excadrill|Air Balloon
|faint|p1a: Excadrill
|
|-weather|Sandstorm|[upkeep]
|-damage|p2a: Conkeldurr|94/100|[from] Sandstorm
|-status|p2a: Conkeldurr|brn|[from] item: Flame Orb
|upkeep
|
|t:|1776049883
|switch|p1a: Pecharunt|Pecharunt|100/100
|turn|6
|
|t:|1776049892
|move|p1a: Pecharunt|Malignant Chain|p2a: Conkeldurr
|-damage|p2a: Conkeldurr|58/100 brn
|move|p2a: Conkeldurr|Knock Off|p1a: Pecharunt
|-supereffective|p1a: Pecharunt
|-damage|p1a: Pecharunt|48/100
|-damage|p2a: Conkeldurr|41/100 brn|[from] item: Rocky Helmet|[of] p1a: Pecharunt
|-enditem|p1a: Pecharunt|Rocky Helmet|[from] move: Knock Off|[of] p2a: Conkeldurr
|
|-weather|Sandstorm|[upkeep]
|-damage|p1a: Pecharunt|42/100|[from] Sandstorm
|-damage|p2a: Conkeldurr|35/100 brn|[from] Sandstorm
|-damage|p2a: Conkeldurr|29/100 brn|[from] brn
|upkeep
|turn|7
|
|t:|1776049903
|move|p1a: Pecharunt|Recover|p1a: Pecharunt
|-heal|p1a: Pecharunt|92/100
|move|p2a: Conkeldurr|Knock Off|p1a: Pecharunt
|-supereffective|p1a: Pecharunt
|-crit|p1a: Pecharunt
|-damage|p1a: Pecharunt|38/100
|
|-weather|Sandstorm|[upkeep]
|-damage|p1a: Pecharunt|32/100|[from] Sandstorm
|-damage|p2a: Conkeldurr|23/100 brn|[from] Sandstorm
|-damage|p2a: Conkeldurr|17/100 brn|[from] brn
|upkeep
|turn|8
|
|t:|1776049911
|move|p1a: Pecharunt|Recover|p1a: Pecharunt
|-heal|p1a: Pecharunt|82/100
|move|p2a: Conkeldurr|Knock Off|p1a: Pecharunt
|-supereffective|p1a: Pecharunt
|-damage|p1a: Pecharunt|45/100
|
|-weather|none
|-damage|p2a: Conkeldurr|11/100 brn|[from] brn
|upkeep
|turn|9
|
|t:|1776049918
|move|p1a: Pecharunt|Recover|p1a: Pecharunt
|-heal|p1a: Pecharunt|95/100
|move|p2a: Conkeldurr|Knock Off|p1a: Pecharunt
|-supereffective|p1a: Pecharunt
|-damage|p1a: Pecharunt|58/100
|
|-damage|p2a: Conkeldurr|5/100 brn|[from] brn
|upkeep
|turn|10
|
|t:|1776049924
|move|p1a: Pecharunt|Recover|p1a: Pecharunt
|-heal|p1a: Pecharunt|100/100
|move|p2a: Conkeldurr|Knock Off|p1a: Pecharunt
|-supereffective|p1a: Pecharunt
|-damage|p1a: Pecharunt|65/100
|
|-damage|p2a: Conkeldurr|0 fnt|[from] brn
|faint|p2a: Conkeldurr
|upkeep
|
|t:|1776049934
|switch|p2a: Skeledirge|Skeledirge, M|100/100
|turn|11
|
|t:|1776049955
|switch|p1a: Tyranitar|Tyranitar, M|72/100
|-weather|Sandstorm|[from] ability: Sand Stream|[of] p1a: Tyranitar
|move|p2a: Skeledirge|Will-O-Wisp|p1a: Tyranitar
|-status|p1a: Tyranitar|brn
|
|-weather|Sandstorm|[upkeep]
|-damage|p2a: Skeledirge|94/100|[from] Sandstorm
|-damage|p1a: Tyranitar|66/100 brn|[from] brn
|upkeep
|turn|12
|
|t:|1776049973
|switch|p2a: Gliscor|Gliscor, M|100/100
|-damage|p2a: Gliscor|88/100|[from] Stealth Rock
|move|p1a: Tyranitar|Knock Off|p2a: Gliscor
|-damage|p2a: Gliscor|74/100
|-enditem|p2a: Gliscor|Toxic Orb|[from] move: Knock Off|[of] p1a: Tyranitar
|
|-weather|Sandstorm|[upkeep]
|-damage|p1a: Tyranitar|60/100 brn|[from] brn
|upkeep
|turn|13
|
|t:|1776049981
|move|p2a: Gliscor|Earthquake|p1a: Tyranitar
|-supereffective|p1a: Tyranitar
|-damage|p1a: Tyranitar|13/100 brn
|move|p1a: Tyranitar|Ice Beam|p2a: Gliscor
|-supereffective|p2a: Gliscor
|-damage|p2a: Gliscor|0 fnt
|faint|p2a: Gliscor
|
|-weather|Sandstorm|[upkeep]
|-damage|p1a: Tyranitar|7/100 brn|[from] brn
|upkeep
|
|t:|1776049993
|switch|p2a: Rillaboom|Rillaboom, M, shiny|100/100
|-damage|p2a: Rillaboom|88/100|[from] Stealth Rock
|-fieldstart|move: Grassy Terrain|[from] ability: Grassy Surge|[of] p2a: Rillaboom
|turn|14
|
|t:|1776050001
|switch|p1a: Pecharunt|Pecharunt|65/100
|move|p2a: Rillaboom|U-turn|p1a: Pecharunt
|-resisted|p1a: Pecharunt
|-damage|p1a: Pecharunt|61/100
|
|t:|1776050008
|switch|p2a: Skeledirge|Skeledirge, M|94/100|[from] U-turn
|
|-weather|Sandstorm|[upkeep]
|-damage|p1a: Pecharunt|55/100|[from] Sandstorm
|-damage|p2a: Skeledirge|88/100|[from] Sandstorm
|-heal|p1a: Pecharunt|61/100|[from] Grassy Terrain
|-heal|p2a: Skeledirge|94/100|[from] Grassy Terrain
|upkeep
|turn|15
|inactive|la5495 has 120 seconds left.
|
|t:|1776050038
|switch|p1a: Enamorus|Enamorus, F|100/100
|move|p2a: Skeledirge|Will-O-Wisp|p1a: Enamorus
|-status|p1a: Enamorus|brn
|
|-weather|Sandstorm|[upkeep]
|-damage|p1a: Enamorus|94/100 brn|[from] Sandstorm
|-damage|p2a: Skeledirge|88/100|[from] Sandstorm
|-heal|p2a: Skeledirge|94/100|[from] Grassy Terrain
|-damage|p1a: Enamorus|88/100 brn|[from] brn
|upkeep
|turn|16
|inactive|la5495 has 120 seconds left.
|
|t:|1776050050
|move|p1a: Enamorus|Earth Power|p2a: Skeledirge
|-supereffective|p2a: Skeledirge
|-damage|p2a: Skeledirge|41/100
|-unboost|p2a: Skeledirge|spd|1
|move|p2a: Skeledirge|Hex|p1a: Enamorus
|-damage|p1a: Enamorus|40/100 brn
|
|-weather|Sandstorm|[upkeep]
|-damage|p1a: Enamorus|34/100 brn|[from] Sandstorm
|-damage|p2a: Skeledirge|35/100|[from] Sandstorm
|-heal|p2a: Skeledirge|41/100|[from] Grassy Terrain
|-damage|p1a: Enamorus|28/100 brn|[from] brn
|upkeep
|turn|17
|inactive|la5495 has 120 seconds left.
|
|t:|1776050063
|switch|p2a: Thundurus|Thundurus-Therian, M|100/100
|-damage|p2a: Thundurus|75/100|[from] Stealth Rock
|move|p1a: Enamorus|Earth Power|p2a: Thundurus
|-immune|p2a: Thundurus
|
|-weather|Sandstorm|[upkeep]
|-damage|p1a: Enamorus|22/100 brn|[from] Sandstorm
|-damage|p2a: Thundurus|69/100|[from] Sandstorm
|-damage|p1a: Enamorus|15/100 brn|[from] brn
|upkeep
|turn|18
|inactive|la5495 has 120 seconds left.
|
|t:|1776050080
|move|p1a: Enamorus|Moonblast|p2a: Thundurus
|-damage|p2a: Thundurus|9/100
|-enditem|p2a: Thundurus|Sitrus Berry|[eat]
|-heal|p2a: Thundurus|34/100|[from] item: Sitrus Berry
|move|p2a: Thundurus|Thunderbolt|p1a: Enamorus
|-supereffective|p1a: Enamorus
|-damage|p1a: Enamorus|0 fnt
|faint|p1a: Enamorus
|
|-weather|none
|-fieldend|move: Grassy Terrain
|upkeep
|
|t:|1776050086
|switch|p1a: Tyranitar|Tyranitar, M|7/100 brn
|-weather|Sandstorm|[from] ability: Sand Stream|[of] p1a: Tyranitar
|turn|19
|
|t:|1776050093
|move|p2a: Thundurus|Thunderbolt|p1a: Tyranitar
|-damage|p1a: Tyranitar|0 fnt
|faint|p1a: Tyranitar
|
|-weather|Sandstorm|[upkeep]
|-damage|p2a: Thundurus|28/100|[from] Sandstorm
|upkeep
|inactive|la5495 has 120 seconds left.
|
|t:|1776050103
|switch|p1a: 紫色有韵味|Minior-Violet|100/100
|-formechange|p1a: 紫色有韵味|Minior-Meteor||[from] ability: Shields Down
|turn|20
|inactive|la5495 has 120 seconds left.
|
|t:|1776050115
|move|p2a: Thundurus|Thunderbolt|p1a: 紫色有韵味
|-supereffective|p1a: 紫色有韵味
|-damage|p1a: 紫色有韵味|6/100
|move|p1a: 紫色有韵味|Power Gem|p2a: Thundurus
|-supereffective|p2a: Thundurus
|-damage|p2a: Thundurus|0 fnt
|faint|p2a: Thundurus
|
|-weather|Sandstorm|[upkeep]
|-formechange|p1a: 紫色有韵味|Minior-Violet||[from] ability: Shields Down
|upkeep
|
|t:|1776050125
|switch|p2a: Rillaboom|Rillaboom, M, shiny|88/100
|-damage|p2a: Rillaboom|76/100|[from] Stealth Rock
|-fieldstart|move: Grassy Terrain|[from] ability: Grassy Surge|[of] p2a: Rillaboom
|turn|21
|
|t:|1776050133
|switch|p1a: Pecharunt|Pecharunt|61/100
|move|p2a: Rillaboom|Grassy Glide|p1a: Pecharunt
|-resisted|p1a: Pecharunt
|-damage|p1a: Pecharunt|50/100
|
|-weather|Sandstorm|[upkeep]
|-damage|p2a: Rillaboom|70/100|[from] Sandstorm
|-damage|p1a: Pecharunt|44/100|[from] Sandstorm
|-heal|p2a: Rillaboom|76/100|[from] Grassy Terrain
|-heal|p1a: Pecharunt|50/100|[from] Grassy Terrain
|upkeep
|turn|22
|
|t:|1776050142
|switch|p2a: Skeledirge|Skeledirge, M|41/100
|move|p1a: Pecharunt|Recover|p1a: Pecharunt
|-heal|p1a: Pecharunt|99/100
|
|-weather|Sandstorm|[upkeep]
|-damage|p1a: Pecharunt|94/100|[from] Sandstorm
|-damage|p2a: Skeledirge|35/100|[from] Sandstorm
|-heal|p1a: Pecharunt|99/100|[from] Grassy Terrain
|-heal|p2a: Skeledirge|41/100|[from] Grassy Terrain
|upkeep
|turn|23
|
|t:|1776050153
|move|p1a: Pecharunt|Foul Play|p2a: Skeledirge
|-supereffective|p2a: Skeledirge
|-damage|p2a: Skeledirge|21/100
|move|p2a: Skeledirge|Slack Off|p2a: Skeledirge
|-heal|p2a: Skeledirge|71/100
|
|-weather|Sandstorm|[upkeep]
|-damage|p1a: Pecharunt|94/100|[from] Sandstorm
|-damage|p2a: Skeledirge|65/100|[from] Sandstorm
|-heal|p1a: Pecharunt|99/100|[from] Grassy Terrain
|-heal|p2a: Skeledirge|71/100|[from] Grassy Terrain
|upkeep
|turn|24
|
|t:|1776050162
|move|p1a: Pecharunt|Parting Shot|p2a: Skeledirge
|-unboost|p2a: Skeledirge|atk|1
|-unboost|p2a: Skeledirge|spa|1
|
|t:|1776050169
|switch|p1a: Cobalion|Cobalion|100/100|[from] Parting Shot
|move|p2a: Skeledirge|Will-O-Wisp|p1a: Cobalion
|-status|p1a: Cobalion|brn
|
|-weather|Sandstorm|[upkeep]
|-damage|p2a: Skeledirge|65/100|[from] Sandstorm
|-heal|p2a: Skeledirge|71/100|[from] Grassy Terrain
|-damage|p1a: Cobalion|94/100 brn|[from] brn
|upkeep
|turn|25
|
|t:|1776050183
|move|p1a: Cobalion|Heavy Slam|p2a: Skeledirge
|-resisted|p2a: Skeledirge
|-damage|p2a: Skeledirge|68/100
|move|p2a: Skeledirge|Torch Song|p1a: Cobalion
|-supereffective|p1a: Cobalion
|-damage|p1a: Cobalion|49/100 brn
|-boost|p2a: Skeledirge|spa|1
|
|-weather|Sandstorm|[upkeep]
|-damage|p2a: Skeledirge|62/100|[from] Sandstorm
|-heal|p1a: Cobalion|55/100 brn|[from] Grassy Terrain
|-heal|p1a: Cobalion|61/100 brn|[from] item: Leftovers
|-heal|p2a: Skeledirge|68/100|[from] Grassy Terrain
|-damage|p1a: Cobalion|55/100 brn|[from] brn
|-fieldend|move: Grassy Terrain
|upkeep
|turn|26
|
|t:|1776050200
|move|p1a: Cobalion|Heavy Slam|p2a: Skeledirge
|-resisted|p2a: Skeledirge
|-damage|p2a: Skeledirge|66/100
|move|p2a: Skeledirge|Torch Song|p1a: Cobalion
|-supereffective|p1a: Cobalion
|-crit|p1a: Cobalion
|-damage|p1a: Cobalion|0 fnt
|-boost|p2a: Skeledirge|spa|1
|faint|p1a: Cobalion
|
|-weather|none
|upkeep
|
|t:|1776050209
|switch|p1a: 紫色有韵味|Minior-Violet|6/100
|turn|27
|
|t:|1776050219
|-terastallize|p2a: Skeledirge|Fairy
|move|p1a: 紫色有韵味|Power Gem|p2a: Skeledirge
|-damage|p2a: Skeledirge|40/100
|move|p2a: Skeledirge|Torch Song|p1a: 紫色有韵味
|-resisted|p1a: 紫色有韵味
|-damage|p1a: 紫色有韵味|0 fnt
|-boost|p2a: Skeledirge|spa|1
|faint|p1a: 紫色有韵味
|
|upkeep
|
|t:|1776050225
|switch|p1a: Pecharunt|Pecharunt|99/100
|turn|28
|
|t:|1776050233
|-terastallize|p1a: Pecharunt|Dark
|move|p1a: Pecharunt|Malignant Chain|p2a: Skeledirge
|-supereffective|p2a: Skeledirge
|-damage|p2a: Skeledirge|0 fnt
|faint|p2a: Skeledirge
|
|upkeep
|
|t:|1776050239
|switch|p2a: Rillaboom|Rillaboom, M, shiny|76/100
|-damage|p2a: Rillaboom|64/100|[from] Stealth Rock
|-fieldstart|move: Grassy Terrain|[from] ability: Grassy Surge|[of] p2a: Rillaboom
|turn|29
|
|t:|1776050244
|move|p2a: Rillaboom|Wood Hammer|p1a: Pecharunt
|-damage|p1a: Pecharunt|43/100
|-damage|p2a: Rillaboom|43/100|[from] Recoil
|move|p1a: Pecharunt|Malignant Chain|p2a: Rillaboom
|-supereffective|p2a: Rillaboom
|-damage|p2a: Rillaboom|0 fnt
|faint|p2a: Rillaboom
|
|win|la5495
|raw|la5495's rating: 1265 &rarr; <strong>1286</strong><br />(+21 for winning)
|raw|justinsider's rating: 1210 &rarr; <strong>1189</strong><br />(-21 for losing)
|l|☆justinsider
|player|p2|
