|html|<div class="broadcast-blue"><strong>[Gen 9] OU is currently suspecting Tera Blast! For information on how to participate check out the <a href="https://www.smogon.com/tools/suspects/view/200">suspect thread</a>.</strong></div>
|j|☆Oddsin
|j|☆big amogus
|t:|1776108104
|gametype|singles
|player|p1|Oddsin|gambler|1233
|player|p2|big amogus|unknown|1273
|gen|9
|tier|[Gen 9] OU
|rated|
|rule|HP Percentage Mod: HP is shown in percentages
|rule|Endless Battle Clause: Forcing endless battles is banned
|rule|Species Clause: Limit one of each Pokémon
|rule|OHKO Clause: OHKO moves are banned
|rule|Evasion Items Clause: Evasion items are banned
|rule|Evasion Moves Clause: Evasion moves are banned
|rule|Evasion Abilities Clause: Evasion abilities are banned
|rule|Sleep Moves Clause: Sleep-inducing moves are banned
|clearpoke
|poke|p1|Scizor, M|
|poke|p1|Iron Valiant|
|poke|p1|Salamence, F|
|poke|p1|Komala, M|
|poke|p1|Jolteon, F|
|poke|p1|Ceruledge, M|
|poke|p2|Araquanid, M|
|poke|p2|Lokix, F|
|poke|p2|Forretress, F|
|poke|p2|Yanmega, M|
|poke|p2|Ribombee, F|
|poke|p2|Galvantula, M|
|teampreview
|
|t:|1776108127
|teamsize|p1|6
|teamsize|p2|6
|start
|switch|p1a: Komala|Komala, M, shiny|100/100
|switch|p2a: Araquanid|Araquanid, M|100/100
|-ability|p1a: Komala|Comatose
|turn|1
|inactive|Battle timer is ON: inactive players will automatically lose when time's up. (requested by Oddsin)
|
|t:|1776108142
|move|p1a: Komala|Knock Off|p2a: Araquanid
|-damage|p2a: Araquanid|66/100
|-enditem|p2a: Araquanid|Choice Band|[from] move: Knock Off|[of] p1a: Komala
|move|p2a: Araquanid|Liquidation|p1a: Komala
|-damage|p1a: Komala|12/100
|
|upkeep
|turn|2
|
|t:|1776108151
|switch|p1a: Salamence|Salamence, F|100/100
|-ability|p1a: Salamence|Intimidate|boost
|-unboost|p2a: Araquanid|atk|1
|move|p2a: Araquanid|Leech Life|p1a: Salamence
|-resisted|p1a: Salamence
|-damage|p1a: Salamence|91/100
|-heal|p2a: Araquanid|72/100|[from] drain|[of] p1a: Salamence
|
|upkeep
|turn|3
|
|t:|1776108162
|switch|p2a: Galvantula|Galvantula, M|100/100
|move|p1a: Salamence|Tailwind|p1a: Salamence
|-sidestart|p1: Oddsin|move: Tailwind
|
|upkeep
|turn|4
|
|t:|1776108168
|move|p1a: Salamence|Flamethrower|p2a: Galvantula
|-supereffective|p2a: Galvantula
|-enditem|p2a: Galvantula|Focus Sash
|-damage|p2a: Galvantula|1/100
|move|p2a: Galvantula|Thunder Wave|p1a: Salamence
|-status|p1a: Salamence|par
|
|upkeep
|turn|5
|
|t:|1776108177
|move|p2a: Galvantula|Sticky Web|p1a: Salamence
|-sidestart|p1: Oddsin|move: Sticky Web
|move|p1a: Salamence|Flamethrower|p2a: Galvantula
|-supereffective|p2a: Galvantula
|-damage|p2a: Galvantula|0 fnt
|faint|p2a: Galvantula
|
|upkeep
|
|t:|1776108183
|switch|p2a: Forretress|Forretress, F|100/100
|turn|6
|
|t:|1776108188
|move|p1a: Salamence|Flamethrower|p2a: Forretress
|-supereffective|p2a: Forretress
|-ability|p2a: Forretress|Sturdy
|-damage|p2a: Forretress|1/100
|move|p2a: Forretress|Stealth Rock|p1a: Salamence
|-sidestart|p1: Oddsin|move: Stealth Rock
|
|-heal|p2a: Forretress|7/100|[from] item: Leftovers
|-sideend|p1: Oddsin|move: Tailwind
|upkeep
|turn|7
|
|t:|1776108195
|cant|p1a: Salamence|par
|move|p2a: Forretress|Spikes|p1a: Salamence
|-sidestart|p1: Oddsin|Spikes
|
|-heal|p2a: Forretress|13/100|[from] item: Leftovers
|upkeep
|turn|8
|
|t:|1776108202
|move|p1a: Salamence|Flamethrower|p2a: Forretress
|-supereffective|p2a: Forretress
|-damage|p2a: Forretress|0 fnt
|faint|p2a: Forretress
|
|upkeep
|
|t:|1776108208
|switch|p2a: Ribombee|Ribombee, F|100/100
|turn|9
|
|t:|1776108215
|-terastallize|p1a: Salamence|Fire
|move|p2a: Ribombee|Quiver Dance|p2a: Ribombee
|-boost|p2a: Ribombee|spa|1
|-boost|p2a: Ribombee|spd|1
|-boost|p2a: Ribombee|spe|1
|move|p1a: Salamence|Flamethrower|p2a: Ribombee
|-supereffective|p2a: Ribombee
|-damage|p2a: Ribombee|2/100
|
|upkeep
|turn|10
|
|t:|1776108240
|move|p2a: Ribombee|Bug Buzz|p1a: Salamence
|-resisted|p1a: Salamence
|-damage|p1a: Salamence|60/100 par
|move|p1a: Salamence|Flamethrower|p2a: Ribombee
|-supereffective|p2a: Ribombee
|-damage|p2a: Ribombee|0 fnt
|faint|p2a: Ribombee
|
|upkeep
|
|t:|1776108248
|switch|p2a: Lokix|Lokix, F|100/100
|turn|11
|
|t:|1776108253
|move|p2a: Lokix|First Impression|p1a: Salamence
|-resisted|p1a: Salamence
|-damage|p1a: Salamence|8/100 par
|cant|p1a: Salamence|par
|
|upkeep
|turn|12
|
|t:|1776108258
|move|p2a: Lokix|U-turn|p1a: Salamence
|-resisted|p1a: Salamence
|-damage|p1a: Salamence|0 fnt
|faint|p1a: Salamence
|
|t:|1776108262
|switch|p2a: Araquanid|Araquanid, M|72/100|[from] U-turn
|
|upkeep
|
|t:|1776108289
|switch|p1a: Jolteon|Jolteon, F|100/100
|-activate|p1a: Jolteon|move: Sticky Web
|-unboost|p1a: Jolteon|spe|1
|-damage|p1a: Jolteon|88/100|[from] Stealth Rock
|-damage|p1a: Jolteon|76/100|[from] Spikes
|turn|13
|
|t:|1776108294
|move|p1a: Jolteon|Wish|p1a: Jolteon
|move|p2a: Araquanid|Leech Life|p1a: Jolteon
|-damage|p1a: Jolteon|27/100
|-heal|p2a: Araquanid|96/100|[from] drain|[of] p1a: Jolteon
|
|-status|p1a: Jolteon|brn|[from] item: Flame Orb
|upkeep
|turn|14
|
|t:|1776108303
|move|p1a: Jolteon|Thunderbolt|p2a: Araquanid
|-supereffective|p2a: Araquanid
|-damage|p2a: Araquanid|24/100
|move|p2a: Araquanid|Leech Life|p1a: Jolteon
|-damage|p1a: Jolteon|0 fnt
|-heal|p2a: Araquanid|37/100|[from] drain|[of] p1a: Jolteon
|faint|p1a: Jolteon
|
|upkeep
|
|t:|1776108321
|switch|p1a: Scizor|Scizor, M|100/100
|-activate|p1a: Scizor|move: Sticky Web
|-unboost|p1a: Scizor|spe|1
|-damage|p1a: Scizor|88/100|[from] Stealth Rock
|-damage|p1a: Scizor|76/100|[from] Spikes
|turn|15
|
|t:|1776108328
|move|p2a: Araquanid|Liquidation|p1a: Scizor
|-damage|p1a: Scizor|15/100
|-unboost|p1a: Scizor|def|1
|move|p1a: Scizor|Dual Wingbeat|p2a: Araquanid
|-supereffective|p2a: Araquanid
|-damage|p2a: Araquanid|0 fnt
|faint|p2a: Araquanid
|-hitcount|p2: Araquanid|1
|
|upkeep
|
|t:|1776108336
|switch|p2a: Lokix|Lokix, F|100/100
|turn|16
|
|t:|1776108340
|move|p2a: Lokix|First Impression|p1a: Scizor
|-resisted|p1a: Scizor
|-damage|p1a: Scizor|0 fnt
|faint|p1a: Scizor
|
|upkeep
|
|t:|1776108344
|switch|p1a: Ceruledge|Ceruledge, M|100/100
|-activate|p1a: Ceruledge|move: Sticky Web
|-unboost|p1a: Ceruledge|spe|1
|-damage|p1a: Ceruledge|75/100|[from] Stealth Rock
|-damage|p1a: Ceruledge|63/100|[from] Spikes
|turn|17
|
|t:|1776108348
|move|p2a: Lokix|Sucker Punch|p1a: Ceruledge
|-supereffective|p1a: Ceruledge
|-damage|p1a: Ceruledge|0 fnt
|faint|p1a: Ceruledge
|
|upkeep
|
|t:|1776108354
|switch|p1a: Iron Valiant|Iron Valiant|100/100
|-activate|p1a: Iron Valiant|move: Sticky Web
|-unboost|p1a: Iron Valiant|spe|1
|-damage|p1a: Iron Valiant|95/100|[from] Stealth Rock
|-damage|p1a: Iron Valiant|82/100|[from] Spikes
|-enditem|p1a: Iron Valiant|Booster Energy
|-activate|p1a: Iron Valiant|ability: Quark Drive|[fromitem]
|-start|p1a: Iron Valiant|quarkdriveatk
|turn|18
|
|t:|1776108365
|move|p2a: Lokix|Sucker Punch|p1a: Iron Valiant
|-resisted|p1a: Iron Valiant
|-damage|p1a: Iron Valiant|64/100
|move|p1a: Iron Valiant|Knock Off|p2a: Lokix
|-resisted|p2a: Lokix
|-damage|p2a: Lokix|66/100
|-enditem|p2a: Lokix|Silver Powder|[from] move: Knock Off|[of] p1a: Iron Valiant
|
|upkeep
|turn|19
|
|t:|1776108373
|move|p2a: Lokix|Knock Off|p1a: Iron Valiant
|-resisted|p1a: Iron Valiant
|-damage|p1a: Iron Valiant|47/100
|move|p1a: Iron Valiant|Brick Break|p2a: Lokix
|-damage|p2a: Lokix|0 fnt
|faint|p2a: Lokix
|
|upkeep
|
|t:|1776108378
|switch|p2a: Yanmega|Yanmega, M|100/100
|turn|20
|
|t:|1776108389
|move|p2a: Yanmega|Psychic Noise|p1a: Iron Valiant
|-supereffective|p1a: Iron Valiant
|-damage|p1a: Iron Valiant|0 fnt
|faint|p1a: Iron Valiant
|-end|p1a: Iron Valiant|Quark Drive|[silent]
|-enditem|p2a: Yanmega|Throat Spray
|-boost|p2a: Yanmega|spa|1|[from] item: Throat Spray
|
|-ability|p2a: Yanmega|Speed Boost|boost
|-boost|p2a: Yanmega|spe|1
|upkeep
|
|t:|1776108395
|switch|p1a: Komala|Komala, M, shiny|12/100
|-activate|p1a: Komala|move: Sticky Web
|-unboost|p1a: Komala|spe|1
|-damage|p1a: Komala|0 fnt|[from] Stealth Rock
|faint|p1a: Komala
|
|win|big amogus
|raw|Oddsin's rating: 1233 &rarr; <strong>1211</strong><br />(-22 for losing)
|raw|big amogus's rating: 1273 &rarr; <strong>1295</strong><br />(+22 for winning)
|c|☆big amogus|gg
|l|☆Oddsin
|player|p1|
|l|☆big amogus
|player|p2|
