|html|<div class="broadcast-blue"><strong>[Gen 9] OU is currently suspecting Tera Blast! For information on how to participate check out the <a href="https://www.smogon.com/tools/suspects/view/200">suspect thread</a>.</strong></div>
|j|☆LaRooster
|j|☆TheRandomStriker
|t:|1776081082
|gametype|singles
|player|p1|LaRooster|170|1059
|player|p2|TheRandomStriker|depotagent|1120
|gen|9
|tier|[Gen 9] OU
|rated|
|rule|HP Percentage Mod: HP is shown in percentages
|rule|Endless Battle Clause: Forcing endless battles is banned
|rule|Species Clause: Limit one of each Pokémon
|rule|OHKO Clause: OHKO moves are banned
|rule|Evasion Items Clause: Evasion items are banned
|rule|Evasion Moves Clause: Evasion moves are banned
|rule|Evasion Abilities Clause: Evasion abilities are banned
|rule|Sleep Moves Clause: Sleep-inducing moves are banned
|clearpoke
|poke|p1|Dragapult, M|
|poke|p1|Dondozo, M|
|poke|p1|Toxapex, F|
|poke|p1|Great Tusk|
|poke|p1|Hatterene, F|
|poke|p1|Garchomp, F|
|poke|p2|Iron Treads|
|poke|p2|Darkrai|
|poke|p2|Sylveon, F|
|poke|p2|Slowking, F|
|poke|p2|Meowscarada, F|
|poke|p2|Garchomp, F|
|teampreview
|
|t:|1776081113
|teamsize|p1|6
|teamsize|p2|6
|start
|switch|p1a: Garchomp|Garchomp, F|100/100
|switch|p2a: X-02A Wyvern|Garchomp, F, shiny|100/100
|turn|1
|
|t:|1776081125
|move|p2a: X-02A Wyvern|Stealth Rock|p1a: Garchomp
|-sidestart|p1: LaRooster|move: Stealth Rock
|move|p1a: Garchomp|Dragon Tail|p2a: X-02A Wyvern
|-supereffective|p2a: X-02A Wyvern
|-damage|p2a: X-02A Wyvern|65/100
|-damage|p1a: Garchomp|88/100|[from] ability: Rough Skin|[of] p2a: X-02A Wyvern
|-damage|p1a: Garchomp|71/100|[from] item: Rocky Helmet|[of] p2a: X-02A Wyvern
|drag|p2a: Estrogeon|Sylveon, F|100/100
|
|upkeep
|turn|2
|
|t:|1776081141
|move|p1a: Garchomp|Stealth Rock|p2a: Estrogeon
|-sidestart|p2: TheRandomStriker|move: Stealth Rock
|move|p2a: Estrogeon|Calm Mind|p2a: Estrogeon
|-boost|p2a: Estrogeon|spa|1
|-boost|p2a: Estrogeon|spd|1
|
|upkeep
|turn|3
|
|t:|1776081150
|switch|p1a: Dondozo|Dondozo, M|100/100
|-damage|p1a: Dondozo|88/100|[from] Stealth Rock
|move|p2a: Estrogeon|Hyper Voice|p1a: Dondozo
|-damage|p1a: Dondozo|48/100
|
|-heal|p1a: Dondozo|54/100|[from] item: Leftovers
|upkeep
|turn|4
|
|t:|1776081158
|move|p2a: Estrogeon|Calm Mind|p2a: Estrogeon
|-boost|p2a: Estrogeon|spa|1
|-boost|p2a: Estrogeon|spd|1
|move|p1a: Dondozo|Rest|p1a: Dondozo
|-status|p1a: Dondozo|slp|[from] move: Rest
|-heal|p1a: Dondozo|100/100 slp|[silent]
|
|upkeep
|turn|5
|
|t:|1776081171
|move|p2a: Estrogeon|Hyper Voice|p1a: Dondozo
|-damage|p1a: Dondozo|65/100 slp
|cant|p1a: Dondozo|slp
|move|p1a: Dondozo|Sleep Talk|p1a: Dondozo
|move|p1a: Dondozo|Rest||[from] move: Sleep Talk|[still]
|-fail|p1a: Dondozo
|
|-heal|p1a: Dondozo|71/100 slp|[from] item: Leftovers
|upkeep
|turn|6
|
|t:|1776081179
|move|p2a: Estrogeon|Calm Mind|p2a: Estrogeon
|-boost|p2a: Estrogeon|spa|1
|-boost|p2a: Estrogeon|spd|1
|cant|p1a: Dondozo|slp
|move|p1a: Dondozo|Sleep Talk|p1a: Dondozo
|move|p1a: Dondozo|Curse|p1a: Dondozo|[from] move: Sleep Talk
|-unboost|p1a: Dondozo|spe|1
|-boost|p1a: Dondozo|atk|1
|-boost|p1a: Dondozo|def|1
|
|-heal|p1a: Dondozo|77/100 slp|[from] item: Leftovers
|upkeep
|turn|7
|
|t:|1776081196
|move|p2a: Estrogeon|Hyper Voice|p1a: Dondozo
|-damage|p1a: Dondozo|39/100 slp
|-curestatus|p1a: Dondozo|slp|[msg]
|move|p1a: Dondozo|Liquidation|p2a: Estrogeon
|-damage|p2a: Estrogeon|64/100
|-unboost|p2a: Estrogeon|def|1
|
|-heal|p2a: Estrogeon|70/100|[from] item: Leftovers
|-heal|p1a: Dondozo|45/100|[from] item: Leftovers
|upkeep
|turn|8
|
|t:|1776081208
|move|p2a: Estrogeon|Calm Mind|p2a: Estrogeon
|-boost|p2a: Estrogeon|spa|1
|-boost|p2a: Estrogeon|spd|1
|move|p1a: Dondozo|Rest|p1a: Dondozo
|-status|p1a: Dondozo|slp|[from] move: Rest
|-heal|p1a: Dondozo|100/100 slp|[silent]
|
|-heal|p2a: Estrogeon|76/100|[from] item: Leftovers
|upkeep
|turn|9
|
|t:|1776081216
|move|p2a: Estrogeon|Hyper Voice|p1a: Dondozo
|-damage|p1a: Dondozo|65/100 slp
|cant|p1a: Dondozo|slp
|move|p1a: Dondozo|Sleep Talk|p1a: Dondozo
|move|p1a: Dondozo|Rest||[from] move: Sleep Talk|[still]
|-fail|p1a: Dondozo
|
|-heal|p2a: Estrogeon|82/100|[from] item: Leftovers
|-heal|p1a: Dondozo|71/100 slp|[from] item: Leftovers
|upkeep
|turn|10
|
|t:|1776081226
|move|p2a: Estrogeon|Calm Mind|p2a: Estrogeon
|-boost|p2a: Estrogeon|spa|1
|-boost|p2a: Estrogeon|spd|1
|cant|p1a: Dondozo|slp
|move|p1a: Dondozo|Sleep Talk|p1a: Dondozo
|move|p1a: Dondozo|Liquidation|p2a: Estrogeon|[from] move: Sleep Talk
|-damage|p2a: Estrogeon|44/100
|
|-heal|p2a: Estrogeon|50/100|[from] item: Leftovers
|-heal|p1a: Dondozo|77/100 slp|[from] item: Leftovers
|upkeep
|turn|11
|
|t:|1776081236
|move|p2a: Estrogeon|Wish|p2a: Estrogeon
|-curestatus|p1a: Dondozo|slp|[msg]
|move|p1a: Dondozo|Liquidation|p2a: Estrogeon
|-damage|p2a: Estrogeon|16/100
|
|-heal|p2a: Estrogeon|22/100|[from] item: Leftovers
|-heal|p1a: Dondozo|83/100|[from] item: Leftovers
|upkeep
|turn|12
|
|t:|1776081251
|move|p2a: Estrogeon|Protect|p2a: Estrogeon
|-singleturn|p2a: Estrogeon|Protect
|move|p1a: Dondozo|Liquidation|p2a: Estrogeon
|-activate|p2a: Estrogeon|move: Protect
|
|-heal|p2a: Estrogeon|72/100|[from] move: Wish|[wisher] Estrogeon
|-heal|p2a: Estrogeon|78/100|[from] item: Leftovers
|-heal|p1a: Dondozo|89/100|[from] item: Leftovers
|upkeep
|turn|13
|
|t:|1776081270
|move|p2a: Estrogeon|Wish|p2a: Estrogeon
|move|p1a: Dondozo|Curse|p1a: Dondozo
|-unboost|p1a: Dondozo|spe|1
|-boost|p1a: Dondozo|atk|1
|-boost|p1a: Dondozo|def|1
|
|-heal|p2a: Estrogeon|84/100|[from] item: Leftovers
|-heal|p1a: Dondozo|95/100|[from] item: Leftovers
|upkeep
|turn|14
|
|t:|1776081284
|move|p2a: Estrogeon|Calm Mind|p2a: Estrogeon
|-boost|p2a: Estrogeon|spa|1
|-boost|p2a: Estrogeon|spd|1
|move|p1a: Dondozo|Liquidation|p2a: Estrogeon
|-damage|p2a: Estrogeon|36/100
|
|-heal|p2a: Estrogeon|86/100|[from] move: Wish|[wisher] Estrogeon
|-heal|p2a: Estrogeon|92/100|[from] item: Leftovers
|-heal|p1a: Dondozo|100/100|[from] item: Leftovers
|upkeep
|turn|15
|c|☆TheRandomStriker|I think im stupid
|c|☆TheRandomStriker|unaware
|
|t:|1776081317
|move|p2a: Estrogeon|Hyper Voice|p1a: Dondozo
|-damage|p1a: Dondozo|62/100
|move|p1a: Dondozo|Curse|p1a: Dondozo
|-unboost|p1a: Dondozo|spe|1
|-boost|p1a: Dondozo|atk|1
|-boost|p1a: Dondozo|def|1
|
|-heal|p2a: Estrogeon|98/100|[from] item: Leftovers
|-heal|p1a: Dondozo|69/100|[from] item: Leftovers
|upkeep
|turn|16
|
|t:|1776081328
|move|p2a: Estrogeon|Hyper Voice|p1a: Dondozo
|-damage|p1a: Dondozo|27/100
|move|p1a: Dondozo|Liquidation|p2a: Estrogeon
|-damage|p2a: Estrogeon|37/100
|
|-heal|p2a: Estrogeon|43/100|[from] item: Leftovers
|-heal|p1a: Dondozo|33/100|[from] item: Leftovers
|upkeep
|turn|17
|
|t:|1776081336
|move|p2a: Estrogeon|Hyper Voice|p1a: Dondozo
|-damage|p1a: Dondozo|0 fnt
|faint|p1a: Dondozo
|
|-heal|p2a: Estrogeon|49/100|[from] item: Leftovers
|upkeep
|
|t:|1776081344
|switch|p1a: Toxapex|Toxapex, F|100/100
|-damage|p1a: Toxapex|88/100|[from] Stealth Rock
|turn|18
|
|t:|1776081356
|switch|p2a: Slowqueen|Slowking, F|100/100
|move|p1a: Toxapex|Toxic|p2a: Slowqueen
|-status|p2a: Slowqueen|tox
|
|-heal|p1a: Toxapex|94/100|[from] item: Black Sludge
|-damage|p2a: Slowqueen|94/100 tox|[from] psn
|upkeep
|turn|19
|l|☆TheRandomStriker
|player|p2|
|
|t:|1776081409
|switch|p2a: red wheel thingy|Iron Treads|100/100
|-damage|p2a: red wheel thingy|97/100|[from] Stealth Rock
|-item|p2a: red wheel thingy|Air Balloon
|move|p1a: Toxapex|Protect||[still]
|-fail|p1a: Toxapex
|
|-heal|p1a: Toxapex|100/100|[from] item: Black Sludge
|upkeep
|turn|20
|j|☆TheRandomStriker
|player|p2|TheRandomStriker|depotagent|
|
|t:|1776081426
|switch|p1a: Garchomp|Garchomp, F|71/100
|-damage|p1a: Garchomp|65/100|[from] Stealth Rock
|move|p2a: red wheel thingy|Rapid Spin|p1a: Garchomp
|-damage|p1a: Garchomp|53/100
|-boost|p2a: red wheel thingy|spe|1
|-damage|p2a: red wheel thingy|85/100|[from] ability: Rough Skin|[of] p1a: Garchomp
|-damage|p2a: red wheel thingy|68/100|[from] item: Rocky Helmet|[of] p1a: Garchomp
|-sideend|p2: TheRandomStriker|Stealth Rock|[from] move: Rapid Spin|[of] p2a: red wheel thingy
|
|upkeep
|turn|21
|
|t:|1776081453
|-end|p2a: red wheel thingy|Quark Drive|[silent]
|switch|p2a: Slowqueen|Slowking, F|100/100 tox
|move|p1a: Garchomp|Swords Dance|p1a: Garchomp
|-boost|p1a: Garchomp|atk|2
|
|-damage|p2a: Slowqueen|94/100 tox|[from] psn
|upkeep
|turn|22
|
|t:|1776081462
|move|p1a: Garchomp|Stealth Rock|p2a: Slowqueen
|-sidestart|p2: TheRandomStriker|move: Stealth Rock
|-prepare|p2a: Slowqueen|Chilly Reception|[premajor]
|move|p2a: Slowqueen|Chilly Reception|p2a: Slowqueen
|-weather|Snowscape
|
|t:|1776081466
|switch|p2a: ADF-11F Raven|Darkrai|100/100|[from] Chilly Reception
|-damage|p2a: ADF-11F Raven|88/100|[from] Stealth Rock
|
|-weather|Snowscape|[upkeep]
|upkeep
|turn|23
|
|t:|1776081472
|move|p2a: ADF-11F Raven|Ice Beam|p1a: Garchomp
|-supereffective|p1a: Garchomp
|-damage|p1a: Garchomp|0 fnt
|faint|p1a: Garchomp
|
|-weather|Snowscape|[upkeep]
|upkeep
|
|t:|1776081480
|switch|p1a: Toxapex|Toxapex, F|100/100
|-damage|p1a: Toxapex|88/100|[from] Stealth Rock
|turn|24
|
|t:|1776081490
|switch|p2a: red wheel thingy|Iron Treads|68/100
|-damage|p2a: red wheel thingy|65/100|[from] Stealth Rock
|-item|p2a: red wheel thingy|Air Balloon
|move|p1a: Toxapex|Liquidation|p2a: red wheel thingy
|-supereffective|p2a: red wheel thingy
|-damage|p2a: red wheel thingy|25/100
|-unboost|p2a: red wheel thingy|def|1
|-enditem|p2a: red wheel thingy|Air Balloon
|
|-weather|Snowscape|[upkeep]
|-heal|p1a: Toxapex|94/100|[from] item: Black Sludge
|upkeep
|turn|25
|
|t:|1776081507
|move|p1a: Toxapex|Protect|p1a: Toxapex
|-singleturn|p1a: Toxapex|Protect
|move|p2a: red wheel thingy|Rapid Spin|p1a: Toxapex
|-activate|p1a: Toxapex|move: Protect
|
|-weather|Snowscape|[upkeep]
|-heal|p1a: Toxapex|100/100|[from] item: Black Sludge
|upkeep
|turn|26
|
|t:|1776081513
|move|p2a: red wheel thingy|Rapid Spin|p1a: Toxapex
|-damage|p1a: Toxapex|92/100
|-boost|p2a: red wheel thingy|spe|1
|-sideend|p2: TheRandomStriker|Stealth Rock|[from] move: Rapid Spin|[of] p2a: red wheel thingy
|move|p1a: Toxapex|Liquidation|p2a: red wheel thingy
|-supereffective|p2a: red wheel thingy
|-damage|p2a: red wheel thingy|0 fnt
|faint|p2a: red wheel thingy
|-end|p2a: red wheel thingy|Quark Drive|[silent]
|
|-weather|none
|-heal|p1a: Toxapex|98/100|[from] item: Black Sludge
|upkeep
|
|t:|1776081521
|switch|p2a: Slowqueen|Slowking, F|100/100 tox
|turn|27
|
|t:|1776081527
|switch|p1a: Hatterene|Hatterene, F|100/100
|-damage|p1a: Hatterene|88/100|[from] Stealth Rock
|move|p2a: Slowqueen|Future Sight|p1a: Hatterene
|-start|p2a: Slowqueen|move: Future Sight
|
|-damage|p2a: Slowqueen|94/100 tox|[from] psn
|upkeep
|turn|28
|
|t:|1776081541
|move|p1a: Hatterene|Draining Kiss|p2a: Slowqueen
|-damage|p2a: Slowqueen|73/100 tox
|-heal|p1a: Hatterene|100/100|[from] drain|[of] p2a: Slowqueen
|-prepare|p2a: Slowqueen|Chilly Reception|[premajor]
|move|p2a: Slowqueen|Chilly Reception|p2a: Slowqueen
|-weather|Snowscape
|
|t:|1776081545
|switch|p2a: X-02A Wyvern|Garchomp, F, shiny|65/100|[from] Chilly Reception
|
|-weather|Snowscape|[upkeep]
|upkeep
|turn|29
|
|t:|1776081556
|-terastallize|p2a: X-02A Wyvern|Ghost
|move|p2a: X-02A Wyvern|Spikes|p1a: Hatterene
|move|p1a: Hatterene|Spikes|p2a: X-02A Wyvern|[from] ability: Magic Bounce
|-sidestart|p2: TheRandomStriker|Spikes
|move|p1a: Hatterene|Draining Kiss|p2a: X-02A Wyvern
|-damage|p2a: X-02A Wyvern|37/100
|-damage|p1a: Hatterene|88/100|[from] ability: Rough Skin|[of] p2a: X-02A Wyvern
|-damage|p1a: Hatterene|72/100|[from] item: Rocky Helmet|[of] p2a: X-02A Wyvern
|
|-weather|Snowscape|[upkeep]
|-end|p1a: Hatterene|move: Future Sight
|-resisted|p1a: Hatterene
|-damage|p1a: Hatterene|58/100
|upkeep
|turn|30
|c|☆TheRandomStriker|Yea i am stupid
|c|☆TheRandomStriker|magic bounce
|
|t:|1776081595
|move|p2a: X-02A Wyvern|Earthquake|p1a: Hatterene
|-damage|p1a: Hatterene|10/100
|move|p1a: Hatterene|Draining Kiss|p2a: X-02A Wyvern
|-damage|p2a: X-02A Wyvern|6/100
|-heal|p1a: Hatterene|39/100|[from] drain|[of] p2a: X-02A Wyvern
|-damage|p1a: Hatterene|27/100|[from] ability: Rough Skin|[of] p2a: X-02A Wyvern
|-damage|p1a: Hatterene|11/100|[from] item: Rocky Helmet|[of] p2a: X-02A Wyvern
|
|-weather|Snowscape|[upkeep]
|upkeep
|turn|31
|
|t:|1776081612
|move|p2a: X-02A Wyvern|Earthquake|p1a: Hatterene
|-damage|p1a: Hatterene|0 fnt
|faint|p1a: Hatterene
|
|-weather|Snowscape|[upkeep]
|upkeep
|
|t:|1776081628
|switch|p1a: Dragapult|Dragapult, M|100/100
|-damage|p1a: Dragapult|88/100|[from] Stealth Rock
|turn|32
|
|t:|1776081638
|switch|p2a: Estrogeon|Sylveon, F|49/100
|-damage|p2a: Estrogeon|37/100|[from] Spikes
|move|p1a: Dragapult|U-turn|p2a: Estrogeon
|-resisted|p2a: Estrogeon
|-damage|p2a: Estrogeon|27/100
|
|t:|1776081647
|switch|p1a: Toxapex|Toxapex, F|98/100|[from] U-turn
|-damage|p1a: Toxapex|85/100|[from] Stealth Rock
|
|-weather|none
|-heal|p2a: Estrogeon|33/100|[from] item: Leftovers
|-heal|p1a: Toxapex|92/100|[from] item: Black Sludge
|upkeep
|turn|33
|
|t:|1776081662
|move|p2a: Estrogeon|Protect|p2a: Estrogeon
|-singleturn|p2a: Estrogeon|Protect
|move|p1a: Toxapex|Liquidation|p2a: Estrogeon
|-activate|p2a: Estrogeon|move: Protect
|
|-heal|p2a: Estrogeon|39/100|[from] item: Leftovers
|-heal|p1a: Toxapex|98/100|[from] item: Black Sludge
|upkeep
|turn|34
|
|t:|1776081678
|switch|p2a: Slowqueen|Slowking, F|100/100 tox
|move|p1a: Toxapex|Liquidation|p2a: Slowqueen
|-resisted|p2a: Slowqueen
|-crit|p2a: Slowqueen
|-damage|p2a: Slowqueen|88/100 tox
|-unboost|p2a: Slowqueen|def|1
|
|-heal|p1a: Toxapex|100/100|[from] item: Black Sludge
|-damage|p2a: Slowqueen|82/100 tox|[from] psn
|upkeep
|turn|35
|
|t:|1776081693
|move|p1a: Toxapex|Liquidation|p2a: Slowqueen
|-resisted|p2a: Slowqueen
|-crit|p2a: Slowqueen
|-damage|p2a: Slowqueen|63/100 tox
|move|p2a: Slowqueen|Future Sight|p1a: Toxapex
|-start|p2a: Slowqueen|move: Future Sight
|
|-damage|p2a: Slowqueen|51/100 tox|[from] psn
|upkeep
|turn|36
|
|t:|1776081701
|move|p1a: Toxapex|Liquidation|p2a: Slowqueen
|-resisted|p2a: Slowqueen
|-crit|p2a: Slowqueen
|-damage|p2a: Slowqueen|30/100 tox
|-prepare|p2a: Slowqueen|Chilly Reception|[premajor]
|move|p2a: Slowqueen|Chilly Reception|p2a: Slowqueen
|-weather|Snowscape
|
|t:|1776081733
|switch|p2a: Bobm :)|Meowscarada, F|100/100|[from] Chilly Reception
|-damage|p2a: Bobm :)|88/100|[from] Spikes
|
|-weather|Snowscape|[upkeep]
|upkeep
|turn|37
|
|t:|1776081745
|move|p2a: Bobm :)|Knock Off|p1a: Toxapex
|-start|p2a: Bobm :)|typechange|Dark|[from] ability: Protean
|-damage|p1a: Toxapex|61/100
|-enditem|p1a: Toxapex|Black Sludge|[from] move: Knock Off|[of] p2a: Bobm :)
|move|p1a: Toxapex|Toxic|p2a: Bobm :)
|-status|p2a: Bobm :)|tox
|
|-weather|Snowscape|[upkeep]
|-end|p1a: Toxapex|move: Future Sight
|-supereffective|p1a: Toxapex
|-damage|p1a: Toxapex|0 fnt
|faint|p1a: Toxapex
|-damage|p2a: Bobm :)|82/100 tox|[from] psn
|upkeep
|
|t:|1776081760
|switch|p1a: Great Tusk|Great Tusk|100/100
|-damage|p1a: Great Tusk|98/100|[from] Stealth Rock
|-enditem|p1a: Great Tusk|Booster Energy
|-activate|p1a: Great Tusk|ability: Protosynthesis|[fromitem]
|-start|p1a: Great Tusk|protosynthesisatk
|turn|38
|
|t:|1776081780
|switch|p2a: Slowqueen|Slowking, F|63/100 tox
|move|p1a: Great Tusk|Close Combat|p2a: Slowqueen
|-resisted|p2a: Slowqueen
|-damage|p2a: Slowqueen|30/100 tox
|-unboost|p1a: Great Tusk|def|1
|-unboost|p1a: Great Tusk|spd|1
|
|-weather|Snowscape|[upkeep]
|-damage|p2a: Slowqueen|24/100 tox|[from] psn
|upkeep
|turn|39
|
|t:|1776081810
|switch|p2a: X-02A Wyvern|Garchomp, F, shiny, tera:Ghost|6/100
|-damage|p2a: X-02A Wyvern|0 fnt|[from] Spikes
|faint|p2a: X-02A Wyvern
|move|p1a: Great Tusk|Earthquake|p2: X-02A Wyvern|[notarget]
|-fail|p1a: Great Tusk
|
|-weather|Snowscape|[upkeep]
|upkeep
|
|t:|1776081814
|switch|p2a: Bobm :)|Meowscarada, F|82/100 tox
|-damage|p2a: Bobm :)|70/100 tox|[from] Spikes
|turn|40
|
|t:|1776081825
|-end|p1a: Great Tusk|Protosynthesis|[silent]
|switch|p1a: Dragapult|Dragapult, M|88/100
|-damage|p1a: Dragapult|76/100|[from] Stealth Rock
|move|p2a: Bobm :)|Flower Trick|p1a: Dragapult
|-start|p2a: Bobm :)|typechange|Grass|[from] ability: Protean
|-resisted|p1a: Dragapult
|-crit|p1a: Dragapult
|-damage|p1a: Dragapult|22/100
|
|-weather|none
|-damage|p2a: Bobm :)|64/100 tox|[from] psn
|upkeep
|turn|41
|
|t:|1776081850
|switch|p2a: ADF-11F Raven|Darkrai|88/100
|-damage|p2a: ADF-11F Raven|76/100|[from] Spikes
|move|p1a: Dragapult|Flamethrower|p2a: ADF-11F Raven
|-damage|p2a: ADF-11F Raven|41/100
|
|upkeep
|turn|42
|
|t:|1776081890
|move|p2a: ADF-11F Raven|Ice Beam|p1a: Dragapult
|-supereffective|p1a: Dragapult
|-damage|p1a: Dragapult|0 fnt
|faint|p1a: Dragapult
|
|upkeep
|
|t:|1776081914
|switch|p1a: Great Tusk|Great Tusk|98/100
|-damage|p1a: Great Tusk|95/100|[from] Stealth Rock
|turn|43
|
|t:|1776081932
|move|p2a: ADF-11F Raven|Ice Beam|p1a: Great Tusk
|-supereffective|p1a: Great Tusk
|-damage|p1a: Great Tusk|0 fnt
|faint|p1a: Great Tusk
|-end|p1a: Great Tusk|Protosynthesis|[silent]
|
|win|TheRandomStriker
|raw|LaRooster's rating: 1059 &rarr; <strong>1043</strong><br />(-16 for losing)
|raw|TheRandomStriker's rating: 1120 &rarr; <strong>1141</strong><br />(+21 for winning)
|l|☆LaRooster
|player|p1|
|l|☆TheRandomStriker
|player|p2|
|j|☆TheRandomStriker
|player|p2|TheRandomStriker|depotagent|
