|html|<div class="broadcast-blue"><strong>[Gen 9] OU is currently suspecting Volcarona! For information on how to participate check out the <a href="https://www.smogon.com/tools/suspects/view/208">suspect thread</a>.</strong></div>
|j|☆Waffeleisen_x3
|j|☆Johaniscool
|t:|1778497632
|gametype|singles
|player|p1|Waffeleisen_x3|erika|1080
|player|p2|Johaniscool|backersf|1121
|gen|9
|tier|[Gen 9] OU
|rated|
|rule|HP Percentage Mod: HP is shown in percentages
|rule|Endless Battle Clause: Forcing endless battles is banned
|rule|Species Clause: Limit one of each Pokémon
|rule|OHKO Clause: OHKO moves are banned
|rule|Evasion Items Clause: Evasion items are banned
|rule|Evasion Moves Clause: Evasion moves are banned
|rule|Evasion Abilities Clause: Evasion abilities are banned
|rule|Sleep Moves Clause: Sleep-inducing moves are banned
|clearpoke
|poke|p1|Lycanroc-Midnight, M|
|poke|p1|Trumbeak, M|
|poke|p1|Koffing, M|
|poke|p1|Lucario, F|
|poke|p1|Gogoat, M|
|poke|p1|Alomomola, M|
|poke|p2|Zamazenta-*|
|poke|p2|Glimmora, M|
|poke|p2|Ting-Lu|
|poke|p2|Toxapex, F|
|poke|p2|Corviknight, M|
|poke|p2|Moltres-Galar|
|teampreview
|inactive|Battle timer is ON: inactive players will automatically lose when time's up. (requested by Johaniscool)
|
|t:|1778497661
|teamsize|p1|6
|teamsize|p2|6
|start
|switch|p1a: Trumbeak|Trumbeak, M, shiny|100/100
|switch|p2a: Glimmora|Glimmora, M|100/100
|turn|1
|
|t:|1778497667
|move|p2a: Glimmora|Meteor Beam||[still]
|-prepare|p2a: Glimmora|Meteor Beam
|-boost|p2a: Glimmora|spa|1
|-enditem|p2a: Glimmora|Power Herb
|-anim|p2a: Glimmora|Meteor Beam|p1a: Trumbeak
|-supereffective|p1a: Trumbeak
|-enditem|p1a: Trumbeak|Focus Sash
|-damage|p1a: Trumbeak|1/100
|move|p1a: Trumbeak|Tailwind|p1a: Trumbeak
|-sidestart|p1: Waffeleisen_x3|move: Tailwind
|
|upkeep
|turn|2
|
|t:|1778497677
|move|p1a: Trumbeak|Endeavor|p2a: Glimmora
|-damage|p2a: Glimmora|1/100
|-activate|p2a: Glimmora|ability: Toxic Debris
|-sidestart|p1: Waffeleisen_x3|move: Toxic Spikes
|move|p2a: Glimmora|Stealth Rock|p1a: Trumbeak
|-sidestart|p1: Waffeleisen_x3|move: Stealth Rock
|
|upkeep
|turn|3
|
|t:|1778497685
|move|p1a: Trumbeak|Knock Off|p2a: Glimmora
|-damage|p2a: Glimmora|0 fnt
|-activate|p2a: Glimmora|ability: Toxic Debris
|-sidestart|p1: Waffeleisen_x3|move: Toxic Spikes
|faint|p2a: Glimmora
|
|upkeep
|
|t:|1778497700
|switch|p2a: Toxapex|Toxapex, F|100/100
|turn|4
|
|t:|1778497707
|move|p2a: Toxapex|Baneful Bunker|p2a: Toxapex
|-singleturn|p2a: Toxapex|move: Protect
|move|p1a: Trumbeak|Endeavor|p2a: Toxapex
|-activate|p2a: Toxapex|move: Protect
|-status|p1a: Trumbeak|psn
|
|-damage|p1a: Trumbeak|0 fnt|[from] psn
|faint|p1a: Trumbeak
|-sideend|p1: Waffeleisen_x3|move: Tailwind
|upkeep
|
|t:|1778497710
|switch|p1a: Koffing|Koffing, M, shiny|100/100
|-ability|p1a: Koffing|Neutralizing Gas
|-sideend|p1: Waffeleisen_x3|move: Toxic Spikes|[of] p1a: Koffing
|-damage|p1a: Koffing|88/100|[from] Stealth Rock
|turn|5
|
|t:|1778497729
|switch|p2a: Ting-Lu|Ting-Lu|100/100
|move|p1a: Koffing|Will-O-Wisp|p2a: Ting-Lu
|-status|p2a: Ting-Lu|brn
|
|-damage|p2a: Ting-Lu|94/100 brn|[from] brn
|upkeep
|turn|6
|
|t:|1778497738
|-end|p1a: Koffing|ability: Neutralizing Gas
|-ability|p2a: Ting-Lu|Vessel of Ruin
|switch|p1a: Gogoat|Gogoat, M, shiny|100/100
|-damage|p1a: Gogoat|88/100|[from] Stealth Rock
|move|p2a: Ting-Lu|Spikes|p1a: Gogoat
|-sidestart|p1: Waffeleisen_x3|Spikes
|
|-heal|p1a: Gogoat|94/100|[from] item: Leftovers
|-heal|p2a: Ting-Lu|100/100 brn|[from] item: Leftovers
|-damage|p2a: Ting-Lu|94/100 brn|[from] brn
|upkeep
|turn|7
|
|t:|1778497753
|move|p1a: Gogoat|Leech Seed|p2a: Ting-Lu
|-start|p2a: Ting-Lu|move: Leech Seed
|move|p2a: Ting-Lu|Whirlwind|p1a: Gogoat
|drag|p1a: Lycanroc|Lycanroc-Midnight, M, shiny|100/100
|-damage|p1a: Lycanroc|88/100|[from] Stealth Rock
|-damage|p1a: Lycanroc|76/100|[from] Spikes
|
|-heal|p2a: Ting-Lu|100/100 brn|[from] item: Leftovers
|-damage|p2a: Ting-Lu|88/100 brn|[from] Leech Seed|[of] p1a: Lycanroc
|-heal|p1a: Lycanroc|97/100|[silent]
|-damage|p2a: Ting-Lu|82/100 brn|[from] brn
|upkeep
|turn|8
|
|t:|1778497774
|switch|p1a: Gogoat|Gogoat, M, shiny|94/100
|-damage|p1a: Gogoat|82/100|[from] Stealth Rock
|-damage|p1a: Gogoat|69/100|[from] Spikes
|switch|p2a: Toxapex|Toxapex, F|100/100
|
|-heal|p1a: Gogoat|76/100|[from] item: Leftovers
|upkeep
|turn|9
|
|t:|1778497786
|move|p1a: Gogoat|Leech Seed|p2a: Toxapex
|-start|p2a: Toxapex|move: Leech Seed
|move|p2a: Toxapex|Toxic|p1a: Gogoat
|-status|p1a: Gogoat|tox
|
|-heal|p1a: Gogoat|82/100 tox|[from] item: Leftovers
|-damage|p2a: Toxapex|88/100|[from] Leech Seed|[of] p1a: Gogoat
|-heal|p1a: Gogoat|90/100 tox|[silent]
|-damage|p1a: Gogoat|84/100 tox|[from] psn
|upkeep
|turn|10
|-message|Waffeleisen_x3 forfeited.
|
|win|Johaniscool
|raw|Waffeleisen_x3's rating: 1080 &rarr; <strong>1061</strong><br />(-19 for losing)
|raw|Johaniscool's rating: 1121 &rarr; <strong>1143</strong><br />(+22 for winning)
|l|☆Waffeleisen_x3
|player|p1|
