|html|<div class="broadcast-blue"><strong>[Gen 9] OU is currently suspecting Tera Blast! For information on how to participate check out the <a href="https://www.smogon.com/tools/suspects/view/200">suspect thread</a>.</strong></div>
|j|‽gdgfgrfde
|j|☆yowassupgngimnew
|t:|1776254301
|gametype|singles
|player|p1|gdgfgrfde|266|1000
|player|p2|yowassupgngimnew|265|1040
|gen|9
|tier|[Gen 9] OU
|rated|
|rule|HP Percentage Mod: HP is shown in percentages
|rule|Endless Battle Clause: Forcing endless battles is banned
|rule|Species Clause: Limit one of each Pokémon
|rule|OHKO Clause: OHKO moves are banned
|rule|Evasion Items Clause: Evasion items are banned
|rule|Evasion Moves Clause: Evasion moves are banned
|rule|Evasion Abilities Clause: Evasion abilities are banned
|rule|Sleep Moves Clause: Sleep-inducing moves are banned
|clearpoke
|poke|p1|Garganacl, F|
|poke|p1|Darkrai|
|poke|p1|Great Tusk|
|poke|p1|Hatterene, F|
|poke|p1|Tornadus-Therian, M|
|poke|p1|Dragonite, M|
|poke|p2|Darkrai|
|poke|p2|Deoxys-Speed|
|poke|p2|Ceruledge, F|
|poke|p2|Dragapult, F|
|poke|p2|Zamazenta-*|
|poke|p2|Corviknight, F|
|teampreview
|
|t:|1776254308
|teamsize|p1|6
|teamsize|p2|6
|start
|switch|p1a: Garganacl|Garganacl, F|100/100
|switch|p2a: Zamazenta|Zamazenta|100/100
|-ability|p2a: Zamazenta|Dauntless Shield|boost
|-boost|p2a: Zamazenta|def|1
|turn|1
|
|t:|1776254318
|move|p2a: Zamazenta|Close Combat|p1a: Garganacl
|-supereffective|p1a: Garganacl
|-damage|p1a: Garganacl|11/100
|-unboost|p2a: Zamazenta|def|1
|-unboost|p2a: Zamazenta|spd|1
|move|p1a: Garganacl|Salt Cure|p2a: Zamazenta
|-resisted|p2a: Zamazenta
|-damage|p2a: Zamazenta|95/100
|-start|p2a: Zamazenta|Salt Cure
|
|-heal|p1a: Garganacl|18/100|[from] item: Leftovers
|-damage|p2a: Zamazenta|83/100|[from] Salt Cure
|upkeep
|turn|2
|
|t:|1776254332
|move|p1a: Garganacl|Protect|p1a: Garganacl
|-singleturn|p1a: Garganacl|Protect
|move|p2a: Zamazenta|Brick Break|p1a: Garganacl
|-activate|p1a: Garganacl|move: Protect
|
|-heal|p1a: Garganacl|24/100|[from] item: Leftovers
|-damage|p2a: Zamazenta|70/100|[from] Salt Cure
|upkeep
|turn|3
|
|t:|1776254347
|switch|p1a: Hatterene|Hatterene, F|100/100
|-terastallize|p2a: Zamazenta|Fighting
|move|p2a: Zamazenta|Close Combat|p1a: Hatterene
|-resisted|p1a: Hatterene
|-damage|p1a: Hatterene|86/100
|-unboost|p2a: Zamazenta|def|1
|-unboost|p2a: Zamazenta|spd|1
|-damage|p2a: Zamazenta|54/100|[from] item: Rocky Helmet|[of] p1a: Hatterene
|
|-damage|p2a: Zamazenta|41/100|[from] Salt Cure
|upkeep
|turn|4
|
|t:|1776254362
|move|p2a: Zamazenta|Fire Fang|p1a: Hatterene
|-damage|p1a: Hatterene|68/100
|-damage|p2a: Zamazenta|25/100|[from] item: Rocky Helmet|[of] p1a: Hatterene
|move|p1a: Hatterene|Nuzzle|p2a: Zamazenta
|-damage|p2a: Zamazenta|20/100
|-status|p2a: Zamazenta|par
|
|-damage|p2a: Zamazenta|7/100 par|[from] Salt Cure
|upkeep
|turn|5
|
|t:|1776254378
|move|p2a: Zamazenta|Brick Break|p1a: Hatterene
|-resisted|p1a: Hatterene
|-damage|p1a: Hatterene|59/100
|-damage|p2a: Zamazenta|0 fnt|[from] item: Rocky Helmet|[of] p1a: Hatterene
|faint|p2a: Zamazenta
|move|p1a: Hatterene|Future Sight|p2: Zamazenta
|-start|p1a: Hatterene|move: Future Sight
|
|upkeep
|
|t:|1776254392
|switch|p2a: Dragapult|Dragapult, F|100/100
|-item|p2a: Dragapult|Air Balloon
|turn|6
|
|t:|1776254398
|switch|p1a: Tornadus|Tornadus-Therian, M, shiny|100/100
|move|p2a: Dragapult|Disable||[still]
|-fail|p2a: Dragapult
|
|upkeep
|turn|7
|
|t:|1776254405
|move|p1a: Tornadus|Knock Off|p2a: Dragapult
|-supereffective|p2a: Dragapult
|-damage|p2a: Dragapult|53/100
|-enditem|p2a: Dragapult|Air Balloon
|move|p2a: Dragapult|Draco Meteor|p1a: Tornadus
|-damage|p1a: Tornadus|69/100
|-unboost|p2a: Dragapult|spa|2
|
|-end|p2a: Dragapult|move: Future Sight
|-damage|p2a: Dragapult|0 fnt
|faint|p2a: Dragapult
|upkeep
|
|t:|1776254420
|switch|p2a: Darkrai|Darkrai|100/100
|turn|8
|
|t:|1776254429
|move|p1a: Tornadus|Bleakwind Storm|p2a: Darkrai|[miss]
|-miss|p1a: Tornadus|p2a: Darkrai
|move|p2a: Darkrai|Haze|p2a: Darkrai
|-clearallboost
|
|upkeep
|turn|9
|
|t:|1776254440
|switch|p2a: Deoxys|Deoxys-Speed|100/100
|-ability|p2a: Deoxys|Pressure
|move|p1a: Tornadus|Bleakwind Storm|p2a: Deoxys
|-damage|p2a: Deoxys|52/100
|
|upkeep
|turn|10
|
|t:|1776254451
|move|p2a: Deoxys|Future Sight|p1a: Tornadus
|-start|p2a: Deoxys|move: Future Sight
|move|p1a: Tornadus|U-turn|p2a: Deoxys
|-supereffective|p2a: Deoxys
|-damage|p2a: Deoxys|20/100
|
|t:|1776254457
|switch|p1a: Dragonite|Dragonite, M|100/100|[from] U-turn
|
|upkeep
|turn|11
|
|t:|1776254464
|move|p1a: Dragonite|Extreme Speed|p2a: Deoxys
|-damage|p2a: Deoxys|0 fnt
|faint|p2a: Deoxys
|
|upkeep
|
|t:|1776254471
|switch|p2a: Corviknight|Corviknight, F|100/100
|turn|12
|
|t:|1776254478
|switch|p1a: Tornadus|Tornadus-Therian, M, shiny|100/100
|move|p2a: Corviknight|Air Slash|p1a: Tornadus
|-damage|p1a: Tornadus|87/100
|
|-end|p1a: Tornadus|move: Future Sight
|-damage|p1a: Tornadus|60/100
|upkeep
|turn|13
|
|t:|1776254488
|move|p1a: Tornadus|Heat Wave|p2a: Corviknight
|-supereffective|p2a: Corviknight
|-crit|p2a: Corviknight
|-damage|p2a: Corviknight|23/100
|move|p2a: Corviknight|Air Slash|p1a: Tornadus
|-damage|p1a: Tornadus|46/100
|
|upkeep
|turn|14
|
|t:|1776254498
|switch|p2a: Ceruledge|Ceruledge, F|100/100
|move|p1a: Tornadus|Heat Wave|p2a: Ceruledge
|-start|p2a: Ceruledge|ability: Flash Fire
|
|upkeep
|turn|15
|
|t:|1776254507
|move|p1a: Tornadus|Knock Off|p2a: Ceruledge
|-supereffective|p2a: Ceruledge
|-damage|p2a: Ceruledge|60/100
|-enditem|p2a: Ceruledge|Ability Shield|[from] move: Knock Off|[of] p1a: Tornadus
|move|p2a: Ceruledge|Bitter Blade|p1a: Tornadus
|-damage|p1a: Tornadus|0 fnt
|-heal|p2a: Ceruledge|84/100|[from] drain|[of] p1a: Tornadus
|faint|p1a: Tornadus
|
|upkeep
|
|t:|1776254517
|switch|p1a: Dragonite|Dragonite, M|100/100
|turn|16
|
|t:|1776254524
|move|p2a: Ceruledge|Bulk Up|p2a: Ceruledge
|-boost|p2a: Ceruledge|atk|1
|-boost|p2a: Ceruledge|def|1
|move|p1a: Dragonite|Dragon Dance|p1a: Dragonite
|-boost|p1a: Dragonite|atk|1
|-boost|p1a: Dragonite|spe|1
|
|upkeep
|turn|17
|
|t:|1776254534
|move|p1a: Dragonite|Earthquake|p2a: Ceruledge
|-supereffective|p2a: Ceruledge
|-damage|p2a: Ceruledge|0 fnt
|faint|p2a: Ceruledge
|
|upkeep
|
|t:|1776254540
|switch|p2a: Corviknight|Corviknight, F|23/100
|turn|18
|
|t:|1776254546
|-terastallize|p1a: Dragonite|Normal
|move|p1a: Dragonite|Extreme Speed|p2a: Corviknight
|-resisted|p2a: Corviknight
|-damage|p2a: Corviknight|0 fnt
|faint|p2a: Corviknight
|
|upkeep
|
|t:|1776254554
|switch|p2a: Darkrai|Darkrai|100/100
|turn|19
|
|t:|1776254561
|move|p1a: Dragonite|Extreme Speed|p2a: Darkrai
|-damage|p2a: Darkrai|25/100
|move|p2a: Darkrai|Drain Punch|p1a: Dragonite
|-supereffective|p1a: Dragonite
|-damage|p1a: Dragonite|74/100
|-heal|p2a: Darkrai|41/100|[from] drain|[of] p1a: Dragonite
|
|upkeep
|turn|20
|
|t:|1776254570
|move|p1a: Dragonite|Extreme Speed|p2a: Darkrai
|-damage|p2a: Darkrai|0 fnt
|faint|p2a: Darkrai
|
|win|gdgfgrfde
|raw|gdgfgrfde's rating: 1000 &rarr; <strong>1045</strong><br />(+45 for winning)
|raw|yowassupgngimnew's rating: 1040 &rarr; <strong>1022</strong><br />(-18 for losing)
