|html|<div class="broadcast-blue"><strong>[Gen 9] OU is currently suspecting Tera Blast! For information on how to participate check out the <a href="https://www.smogon.com/tools/suspects/view/200">suspect thread</a>.</strong></div>
|j|☆jjjjjjjjjjjjjjjk
|j|‽Kzjzjzbsk
|t:|1776111723
|gametype|singles
|player|p1|jjjjjjjjjjjjjjjk|102|1000
|player|p2|Kzjzjzbsk|265|1000
|gen|9
|tier|[Gen 9] OU
|rated|
|rule|HP Percentage Mod: HP is shown in percentages
|rule|Endless Battle Clause: Forcing endless battles is banned
|rule|Species Clause: Limit one of each Pokémon
|rule|OHKO Clause: OHKO moves are banned
|rule|Evasion Items Clause: Evasion items are banned
|rule|Evasion Moves Clause: Evasion moves are banned
|rule|Evasion Abilities Clause: Evasion abilities are banned
|rule|Sleep Moves Clause: Sleep-inducing moves are banned
|clearpoke
|poke|p1|Blaziken, M|
|poke|p1|Kingambit, M|
|poke|p1|Great Tusk|
|poke|p1|Iron Valiant|
|poke|p1|Gliscor, F|
|poke|p1|Garganacl, F|
|poke|p2|Dragonite, F|
|poke|p2|Scizor, M|
|poke|p2|Glimmora, F|
|poke|p2|Darkrai|
|poke|p2|Arcanine-Hisui, M|
|poke|p2|Blastoise, F|
|teampreview
|j| ohko_smeargle
|inactive|Battle timer is ON: inactive players will automatically lose when time's up. (requested by Kzjzjzbsk)
|
|t:|1776111743
|teamsize|p1|6
|teamsize|p2|6
|start
|switch|p1a: Great Tusk|Great Tusk|100/100
|switch|p2a: Glimmora|Glimmora, F, shiny|100/100
|turn|1
|
|t:|1776111759
|move|p1a: Great Tusk|Headlong Rush|p2a: Glimmora
|-supereffective|p2a: Glimmora
|-enditem|p2a: Glimmora|Focus Sash
|-damage|p2a: Glimmora|1/100
|-unboost|p1a: Great Tusk|def|1
|-unboost|p1a: Great Tusk|spd|1
|-activate|p2a: Glimmora|ability: Toxic Debris
|-sidestart|p1: jjjjjjjjjjjjjjjk|move: Toxic Spikes
|move|p2a: Glimmora|Earth Power|p1a: Great Tusk
|-damage|p1a: Great Tusk|40/100
|
|upkeep
|turn|2
|
|t:|1776111778
|move|p1a: Great Tusk|Stealth Rock|p2a: Glimmora
|-sidestart|p2: Kzjzjzbsk|move: Stealth Rock
|move|p2a: Glimmora|Earth Power|p1a: Great Tusk
|-damage|p1a: Great Tusk|0 fnt
|faint|p1a: Great Tusk
|-end|p1a: Great Tusk|Protosynthesis|[silent]
|
|upkeep
|
|t:|1776111787
|switch|p1a: Garganacl|Garganacl, F, shiny|100/100
|turn|3
|
|t:|1776111795
|move|p2a: Glimmora|Mortal Spin|p1a: Garganacl
|-resisted|p1a: Garganacl
|-damage|p1a: Garganacl|99/100
|-sideend|p2: Kzjzjzbsk|Stealth Rock|[from] move: Mortal Spin|[of] p2a: Glimmora
|move|p1a: Garganacl|Avalanche|p2a: Glimmora
|-damage|p2a: Glimmora|0 fnt
|-activate|p2a: Glimmora|ability: Toxic Debris
|-sidestart|p1: jjjjjjjjjjjjjjjk|move: Toxic Spikes
|faint|p2a: Glimmora
|
|upkeep
|
|t:|1776111806
|switch|p2a: Blastoise|Blastoise, F|100/100
|turn|4
|
|t:|1776111818
|-terastallize|p1a: Garganacl|Flying
|move|p2a: Blastoise|Shell Smash|p2a: Blastoise
|-unboost|p2a: Blastoise|def|1
|-unboost|p2a: Blastoise|spd|1
|-boost|p2a: Blastoise|atk|2
|-boost|p2a: Blastoise|spa|2
|-boost|p2a: Blastoise|spe|2
|-enditem|p2a: Blastoise|White Herb
|-clearnegativeboost|p2a: Blastoise|[silent]
|move|p1a: Garganacl|Curse|p1a: Garganacl
|-unboost|p1a: Garganacl|spe|1
|-boost|p1a: Garganacl|atk|1
|-boost|p1a: Garganacl|def|1
|
|upkeep
|turn|5
|
|t:|1776111836
|move|p2a: Blastoise|Water Spout|p1a: Garganacl
|-damage|p1a: Garganacl|0 fnt
|faint|p1a: Garganacl
|
|upkeep
|
|t:|1776111845
|switch|p1a: Kingambit|Kingambit, M|100/100
|-activate|p1a: Kingambit|ability: Supreme Overlord
|-start|p1a: Kingambit|fallen2|[silent]
|turn|6
|
|t:|1776111870
|move|p2a: Blastoise|Water Spout|p1a: Kingambit
|-damage|p1a: Kingambit|0 fnt
|faint|p1a: Kingambit
|-end|p1a: Kingambit|fallen2|[silent]
|
|upkeep
|-message|jjjjjjjjjjjjjjjk forfeited.
|
|win|Kzjzjzbsk
|raw|jjjjjjjjjjjjjjjk's rating: 1000 &rarr; <strong>1000</strong><br />(+0 for losing)
|raw|Kzjzjzbsk's rating: 1000 &rarr; <strong>1040</strong><br />(+40 for winning)
|l|☆jjjjjjjjjjjjjjjk
|player|p1|
|l| ohko_smeargle
