|html|<div class="broadcast-blue"><strong>[Gen 9] OU is currently suspecting Volcarona! For information on how to participate check out the <a href="https://www.smogon.com/tools/suspects/view/208">suspect thread</a>.</strong></div>
|j|☆LucZzz0
|j|☆darkthrillz
|t:|1778505260
|gametype|singles
|player|p1|LucZzz0|265|1122
|player|p2|darkthrillz|shadowtriad|1129
|gen|9
|tier|[Gen 9] OU
|rated|
|rule|HP Percentage Mod: HP is shown in percentages
|rule|Endless Battle Clause: Forcing endless battles is banned
|rule|Species Clause: Limit one of each Pokémon
|rule|OHKO Clause: OHKO moves are banned
|rule|Evasion Items Clause: Evasion items are banned
|rule|Evasion Moves Clause: Evasion moves are banned
|rule|Evasion Abilities Clause: Evasion abilities are banned
|rule|Sleep Moves Clause: Sleep-inducing moves are banned
|clearpoke
|poke|p1|Deoxys-Speed|
|poke|p1|Gholdengo|
|poke|p1|Iron Treads|
|poke|p1|Dragonite, F|
|poke|p1|Iron Moth|
|poke|p1|Samurott-Hisui, M|
|poke|p2|Milotic, F|
|poke|p2|Ceruledge, M|
|poke|p2|Tauros-Paldea-Blaze, M|
|poke|p2|Tornadus-Therian, M|
|poke|p2|Toxtricity-Low-Key, F|
|poke|p2|Espeon, M|
|teampreview
|
|t:|1778505271
|teamsize|p1|6
|teamsize|p2|6
|start
|switch|p1a: Iron Treads|Iron Treads|100/100
|switch|p2a: Tauros|Tauros-Paldea-Blaze, M|100/100
|-ability|p2a: Tauros|Intimidate|boost
|-unboost|p1a: Iron Treads|atk|1
|-enditem|p1a: Iron Treads|Booster Energy
|-activate|p1a: Iron Treads|ability: Quark Drive|[fromitem]
|-start|p1a: Iron Treads|quarkdrivespe
|turn|1
|
|t:|1778505281
|move|p1a: Iron Treads|Stealth Rock|p2a: Tauros
|-sidestart|p2: darkthrillz|move: Stealth Rock
|move|p2a: Tauros|Will-O-Wisp|p1a: Iron Treads
|-status|p1a: Iron Treads|brn
|
|-damage|p1a: Iron Treads|94/100 brn|[from] brn
|upkeep
|turn|2
|
|t:|1778505289
|switch|p2a: Ceruledge|Ceruledge, M, shiny|100/100
|-damage|p2a: Ceruledge|76/100|[from] Stealth Rock
|move|p1a: Iron Treads|Knock Off|p2a: Ceruledge
|-supereffective|p2a: Ceruledge
|-damage|p2a: Ceruledge|56/100
|-ability|p2a: Ceruledge|Weak Armor|boost
|-unboost|p2a: Ceruledge|def|1
|-boost|p2a: Ceruledge|spe|2
|-enditem|p2a: Ceruledge|Weakness Policy
|-boost|p2a: Ceruledge|atk|2|[from] item: Weakness Policy
|-boost|p2a: Ceruledge|spa|2|[from] item: Weakness Policy
|
|-damage|p1a: Iron Treads|88/100 brn|[from] brn
|upkeep
|turn|3
|
|t:|1778505304
|-terastallize|p2a: Ceruledge|Grass
|move|p1a: Iron Treads|Earthquake|p2a: Ceruledge
|-resisted|p2a: Ceruledge
|-damage|p2a: Ceruledge|45/100
|-ability|p2a: Ceruledge|Weak Armor|boost
|-unboost|p2a: Ceruledge|def|1
|-boost|p2a: Ceruledge|spe|2
|move|p2a: Ceruledge|Bulk Up|p2a: Ceruledge
|-boost|p2a: Ceruledge|atk|1
|-boost|p2a: Ceruledge|def|1
|
|-damage|p1a: Iron Treads|82/100 brn|[from] brn
|upkeep
|turn|4
|
|t:|1778505321
|move|p2a: Ceruledge|Bulk Up|p2a: Ceruledge
|-boost|p2a: Ceruledge|atk|1
|-boost|p2a: Ceruledge|def|1
|move|p1a: Iron Treads|Rapid Spin|p2a: Ceruledge
|-damage|p2a: Ceruledge|39/100
|-boost|p1a: Iron Treads|spe|1
|-ability|p2a: Ceruledge|Weak Armor|boost
|-unboost|p2a: Ceruledge|def|1
|-boost|p2a: Ceruledge|spe|2
|
|-damage|p1a: Iron Treads|75/100 brn|[from] brn
|upkeep
|turn|5
|
|t:|1778505334
|move|p2a: Ceruledge|Bitter Blade|p1a: Iron Treads
|-supereffective|p1a: Iron Treads
|-damage|p1a: Iron Treads|0 fnt
|-heal|p2a: Ceruledge|80/100|[from] drain|[of] p1a: Iron Treads
|faint|p1a: Iron Treads
|-end|p1a: Iron Treads|Quark Drive|[silent]
|
|upkeep
|
|t:|1778505345
|switch|p1a: Samurott|Samurott-Hisui, M|100/100
|turn|6
|
|t:|1778505349
|move|p2a: Ceruledge|Bulk Up|p2a: Ceruledge
|-boost|p2a: Ceruledge|atk|1
|-boost|p2a: Ceruledge|def|1
|move|p1a: Samurott|Megahorn|p2a: Ceruledge
|-supereffective|p2a: Ceruledge
|-damage|p2a: Ceruledge|0 fnt
|faint|p2a: Ceruledge
|
|upkeep
|
|t:|1778505359
|switch|p2a: Tauros|Tauros-Paldea-Blaze, M|100/100
|-damage|p2a: Tauros|88/100|[from] Stealth Rock
|-ability|p2a: Tauros|Intimidate|boost
|-unboost|p1a: Samurott|atk|1
|turn|7
|-message|darkthrillz forfeited.
|
|win|LucZzz0
|raw|LucZzz0's rating: 1122 &rarr; <strong>1148</strong><br />(+26 for winning)
|raw|darkthrillz's rating: 1129 &rarr; <strong>1103</strong><br />(-26 for losing)
|l|☆darkthrillz
|player|p2|
|l|☆LucZzz0
|player|p1|
