|html|<div class="broadcast-blue"><strong>[Gen 9] OU is currently suspecting Tera Blast! For information on how to participate check out the <a href="https://www.smogon.com/tools/suspects/view/200">suspect thread</a>.</strong></div>
|j|☆MouseMont
|j|☆DaveFeitosa
|t:|1776208758
|gametype|singles
|player|p1|MouseMont|backersf|1001
|player|p2|DaveFeitosa|unknown|1065
|gen|9
|tier|[Gen 9] OU
|rated|
|rule|HP Percentage Mod: HP is shown in percentages
|rule|Endless Battle Clause: Forcing endless battles is banned
|rule|Species Clause: Limit one of each Pokémon
|rule|OHKO Clause: OHKO moves are banned
|rule|Evasion Items Clause: Evasion items are banned
|rule|Evasion Moves Clause: Evasion moves are banned
|rule|Evasion Abilities Clause: Evasion abilities are banned
|rule|Sleep Moves Clause: Sleep-inducing moves are banned
|clearpoke
|poke|p1|Wugtrio, F|
|poke|p1|Tatsugiri-Droopy, M|
|poke|p1|Chansey, F|
|poke|p1|Slowbro, M|
|poke|p1|Clodsire, F|
|poke|p1|Conkeldurr, M|
|poke|p2|Politoed, M|
|poke|p2|Toxicroak, F|
|poke|p2|Kilowattrel, M|
|poke|p2|Ludicolo, M|
|poke|p2|Kingdra, M|
|poke|p2|Wartortle, F|
|teampreview
|inactive|Battle timer is ON: inactive players will automatically lose when time's up. (requested by DaveFeitosa)
|
|t:|1776208764
|teamsize|p1|6
|teamsize|p2|6
|start
|switch|p1a: Cloddy|Clodsire, F, shiny|100/100
|switch|p2a: Politoed|Politoed, M|100/100
|-weather|RainDance|[from] ability: Drizzle|[of] p2a: Politoed
|turn|1
|
|t:|1776208775
|move|p2a: Politoed|Weather Ball|p1a: Cloddy
|-supereffective|p1a: Cloddy
|-crit|p1a: Cloddy
|-damage|p1a: Cloddy|0 fnt
|faint|p1a: Cloddy
|
|-weather|RainDance|[upkeep]
|upkeep
|
|t:|1776208803
|switch|p1a: Wug|Wugtrio, F, shiny|100/100
|turn|2
|
|t:|1776208818
|switch|p2a: Ludicolo|Ludicolo, M|100/100
|-terastallize|p1a: Wug|Grass
|move|p1a: Wug|Sucker Punch||[still]
|-fail|p1a: Wug
|
|-weather|RainDance|[upkeep]
|upkeep
|turn|3
|
|t:|1776208829
|switch|p2a: Kilowattrel|Kilowattrel, M|100/100
|move|p1a: Wug|Agility|p1a: Wug
|-boost|p1a: Wug|spe|2
|
|-weather|RainDance|[upkeep]
|upkeep
|turn|4
|
|t:|1776208837
|move|p1a: Wug|Sucker Punch|p2a: Kilowattrel
|-damage|p2a: Kilowattrel|60/100
|move|p2a: Kilowattrel|Hurricane|p1a: Wug
|-supereffective|p1a: Wug
|-damage|p1a: Wug|0 fnt
|faint|p1a: Wug
|
|-weather|RainDance|[upkeep]
|upkeep
|inactive|MouseMont has 120 seconds left.
|
|t:|1776208858
|switch|p1a: Slowbro|Slowbro, M|100/100
|turn|5
|inactive|MouseMont has 120 seconds left.
|
|t:|1776208865
|move|p2a: Kilowattrel|Roost|p2a: Kilowattrel
|-heal|p2a: Kilowattrel|100/100
|-singleturn|p2a: Kilowattrel|move: Roost
|move|p1a: Slowbro|Calm Mind|p1a: Slowbro
|-boost|p1a: Slowbro|spa|1
|-boost|p1a: Slowbro|spd|1
|
|-weather|RainDance|[upkeep]
|upkeep
|turn|6
|
|t:|1776208873
|switch|p2a: Wartortle|Wartortle, F|100/100
|move|p1a: Slowbro|Psychic Noise|p2a: Wartortle
|-damage|p2a: Wartortle|67/100
|-start|p2a: Wartortle|move: Heal Block
|
|-weather|RainDance|[upkeep]
|upkeep
|turn|7
|
|t:|1776208882
|move|p2a: Wartortle|Haze|p2a: Wartortle
|-clearallboost
|move|p1a: Slowbro|Calm Mind|p1a: Slowbro
|-boost|p1a: Slowbro|spa|1
|-boost|p1a: Slowbro|spd|1
|
|-weather|RainDance|[upkeep]
|-end|p2a: Wartortle|move: Heal Block
|upkeep
|turn|8
|
|t:|1776208894
|move|p2a: Wartortle|Haze|p2a: Wartortle
|-clearallboost
|move|p1a: Slowbro|Calm Mind|p1a: Slowbro
|-boost|p1a: Slowbro|spa|1
|-boost|p1a: Slowbro|spd|1
|
|-weather|none
|upkeep
|turn|9
|
|t:|1776208902
|move|p2a: Wartortle|Haze|p2a: Wartortle
|-clearallboost
|move|p1a: Slowbro|Calm Mind|p1a: Slowbro
|-boost|p1a: Slowbro|spa|1
|-boost|p1a: Slowbro|spd|1
|
|upkeep
|turn|10
|
|t:|1776208908
|move|p2a: Wartortle|Haze|p2a: Wartortle
|-clearallboost
|move|p1a: Slowbro|Psychic Noise|p2a: Wartortle
|-damage|p2a: Wartortle|46/100
|-start|p2a: Wartortle|move: Heal Block
|
|upkeep
|turn|11
|
|t:|1776208917
|move|p2a: Wartortle|Rapid Spin|p1a: Slowbro
|-damage|p1a: Slowbro|93/100
|-boost|p2a: Wartortle|spe|1
|move|p1a: Slowbro|Calm Mind|p1a: Slowbro
|-boost|p1a: Slowbro|spa|1
|-boost|p1a: Slowbro|spd|1
|
|-end|p2a: Wartortle|move: Heal Block
|upkeep
|turn|12
|
|t:|1776208933
|move|p2a: Wartortle|Aqua Jet|p1a: Slowbro
|-resisted|p1a: Slowbro
|-damage|p1a: Slowbro|89/100
|move|p1a: Slowbro|Calm Mind|p1a: Slowbro
|-boost|p1a: Slowbro|spa|1
|-boost|p1a: Slowbro|spd|1
|
|upkeep
|turn|13
|
|t:|1776208939
|move|p2a: Wartortle|Haze|p2a: Wartortle
|-clearallboost
|move|p1a: Slowbro|Psychic Noise|p2a: Wartortle
|-crit|p2a: Wartortle
|-damage|p2a: Wartortle|12/100
|-start|p2a: Wartortle|move: Heal Block
|
|upkeep
|turn|14
|
|t:|1776208951
|move|p2a: Wartortle|Rapid Spin|p1a: Slowbro
|-damage|p1a: Slowbro|82/100
|-boost|p2a: Wartortle|spe|1
|move|p1a: Slowbro|Psychic Noise|p2a: Wartortle
|-damage|p2a: Wartortle|0 fnt
|faint|p2a: Wartortle
|
|upkeep
|
|t:|1776208967
|switch|p2a: Politoed|Politoed, M|100/100
|-weather|RainDance|[from] ability: Drizzle|[of] p2a: Politoed
|turn|15
|
|t:|1776208982
|switch|p2a: Ludicolo|Ludicolo, M|100/100
|move|p1a: Slowbro|Calm Mind|p1a: Slowbro
|-boost|p1a: Slowbro|spa|1
|-boost|p1a: Slowbro|spd|1
|
|-weather|RainDance|[upkeep]
|upkeep
|turn|16
|
|t:|1776209001
|move|p2a: Ludicolo|Leech Seed|p1a: Slowbro
|-start|p1a: Slowbro|move: Leech Seed
|move|p1a: Slowbro|Psychic Noise|p2a: Ludicolo
|-damage|p2a: Ludicolo|76/100
|-start|p2a: Ludicolo|move: Heal Block
|
|-weather|RainDance|[upkeep]
|-damage|p1a: Slowbro|70/100|[from] Leech Seed|[of] p2a: Ludicolo
|upkeep
|turn|17
|
|t:|1776209011
|switch|p1a: Tatsugiri|Tatsugiri-Droopy, M, shiny|100/100
|move|p2a: Ludicolo|Protect||[still]
|-fail|p2a: Ludicolo
|
|-weather|RainDance|[upkeep]
|-end|p2a: Ludicolo|move: Heal Block
|upkeep
|turn|18
|
|t:|1776209025
|move|p1a: Tatsugiri|Nasty Plot|p1a: Tatsugiri
|-boost|p1a: Tatsugiri|spa|2
|move|p2a: Ludicolo|Leech Seed|p1a: Tatsugiri
|-start|p1a: Tatsugiri|move: Leech Seed
|
|-weather|RainDance|[upkeep]
|-heal|p2a: Ludicolo|82/100|[from] ability: Rain Dish
|-damage|p1a: Tatsugiri|88/100|[from] Leech Seed|[of] p2a: Ludicolo
|-heal|p2a: Ludicolo|94/100|[silent]
|upkeep
|turn|19
|
|t:|1776209035
|move|p1a: Tatsugiri|Draco Meteor|p2a: Ludicolo
|-damage|p2a: Ludicolo|13/100
|-unboost|p1a: Tatsugiri|spa|2
|move|p2a: Ludicolo|Substitute|p2a: Ludicolo
|-fail|p2a: Ludicolo|move: Substitute|[weak]
|
|-weather|RainDance|[upkeep]
|-heal|p2a: Ludicolo|19/100|[from] ability: Rain Dish
|-damage|p1a: Tatsugiri|76/100|[from] Leech Seed|[of] p2a: Ludicolo
|-heal|p2a: Ludicolo|31/100|[silent]
|upkeep
|turn|20
|
|t:|1776209047
|move|p1a: Tatsugiri|Draco Meteor|p2a: Ludicolo|[miss]
|-miss|p1a: Tatsugiri|p2a: Ludicolo
|move|p2a: Ludicolo|Giga Drain|p1a: Tatsugiri
|-damage|p1a: Tatsugiri|47/100
|-heal|p2a: Ludicolo|45/100|[from] drain|[of] p1a: Tatsugiri
|
|-weather|RainDance|[upkeep]
|-heal|p2a: Ludicolo|51/100|[from] ability: Rain Dish
|-damage|p1a: Tatsugiri|35/100|[from] Leech Seed|[of] p2a: Ludicolo
|-heal|p2a: Ludicolo|63/100|[silent]
|upkeep
|turn|21
|
|t:|1776209058
|move|p2a: Ludicolo|Protect|p2a: Ludicolo
|-singleturn|p2a: Ludicolo|Protect
|move|p1a: Tatsugiri|Draco Meteor|p2a: Ludicolo
|-activate|p2a: Ludicolo|move: Protect
|
|-weather|RainDance|[upkeep]
|-heal|p2a: Ludicolo|69/100|[from] ability: Rain Dish
|-damage|p1a: Tatsugiri|23/100|[from] Leech Seed|[of] p2a: Ludicolo
|-heal|p2a: Ludicolo|81/100|[silent]
|upkeep
|turn|22
|
|t:|1776209072
|move|p1a: Tatsugiri|Rapid Spin|p2a: Ludicolo
|-damage|p2a: Ludicolo|74/100
|-boost|p1a: Tatsugiri|spe|1
|-end|p1a: Tatsugiri|Leech Seed|[from] move: Rapid Spin|[of] p1a: Tatsugiri
|move|p2a: Ludicolo|Giga Drain|p1a: Tatsugiri
|-damage|p1a: Tatsugiri|0 fnt
|-heal|p2a: Ludicolo|85/100|[from] drain|[of] p1a: Tatsugiri
|faint|p1a: Tatsugiri
|
|-weather|none
|upkeep
|
|t:|1776209087
|switch|p1a: Conkeldurr|Conkeldurr, M, shiny|100/100
|turn|23
|
|t:|1776209101
|switch|p2a: Politoed|Politoed, M|100/100
|-weather|RainDance|[from] ability: Drizzle|[of] p2a: Politoed
|move|p1a: Conkeldurr|Knock Off|p2a: Politoed
|-damage|p2a: Politoed|58/100
|-enditem|p2a: Politoed|Damp Rock|[from] move: Knock Off|[of] p1a: Conkeldurr
|
|-weather|RainDance|[upkeep]
|-status|p1a: Conkeldurr|brn|[from] item: Flame Orb
|upkeep
|turn|24
|
|t:|1776209115
|move|p1a: Conkeldurr|Mach Punch|p2a: Politoed
|-damage|p2a: Politoed|16/100
|move|p2a: Politoed|Psychic|p1a: Conkeldurr
|-supereffective|p1a: Conkeldurr
|-damage|p1a: Conkeldurr|33/100 brn
|
|-weather|RainDance|[upkeep]
|-damage|p1a: Conkeldurr|27/100 brn|[from] brn
|upkeep
|turn|25
|
|t:|1776209131
|switch|p2a: Kilowattrel|Kilowattrel, M|100/100
|move|p1a: Conkeldurr|Drain Punch|p2a: Kilowattrel
|-resisted|p2a: Kilowattrel
|-damage|p2a: Kilowattrel|38/100
|-heal|p1a: Conkeldurr|52/100 brn|[from] drain|[of] p2a: Kilowattrel
|
|-weather|RainDance|[upkeep]
|-damage|p1a: Conkeldurr|46/100 brn|[from] brn
|upkeep
|turn|26
|
|t:|1776209144
|move|p2a: Kilowattrel|Hurricane|p1a: Conkeldurr
|-supereffective|p1a: Conkeldurr
|-damage|p1a: Conkeldurr|0 fnt
|faint|p1a: Conkeldurr
|
|-weather|RainDance|[upkeep]
|upkeep
|
|t:|1776209158
|switch|p1a: Chansey|Chansey, F|100/100
|turn|27
|
|t:|1776209164
|move|p2a: Kilowattrel|Roost|p2a: Kilowattrel
|-heal|p2a: Kilowattrel|88/100
|-singleturn|p2a: Kilowattrel|move: Roost
|move|p1a: Chansey|Stealth Rock|p2a: Kilowattrel
|-sidestart|p2: DaveFeitosa|move: Stealth Rock
|
|-weather|RainDance|[upkeep]
|upkeep
|turn|28
|
|t:|1776209171
|move|p2a: Kilowattrel|Thunder|p1a: Chansey
|-damage|p1a: Chansey|84/100
|-status|p1a: Chansey|par
|move|p1a: Chansey|Seismic Toss|p2a: Kilowattrel
|-damage|p2a: Kilowattrel|52/100
|
|-weather|RainDance|[upkeep]
|upkeep
|turn|29
|
|t:|1776209184
|move|p2a: Kilowattrel|Hurricane|p1a: Chansey
|-damage|p1a: Chansey|68/100 par
|move|p1a: Chansey|Seismic Toss|p2a: Kilowattrel
|-damage|p2a: Kilowattrel|17/100
|
|-weather|RainDance|[upkeep]
|upkeep
|turn|30
|
|t:|1776209190
|move|p2a: Kilowattrel|Roost|p2a: Kilowattrel
|-heal|p2a: Kilowattrel|67/100
|-singleturn|p2a: Kilowattrel|move: Roost
|move|p1a: Chansey|Soft-Boiled|p1a: Chansey
|-heal|p1a: Chansey|100/100 par
|
|-weather|none
|upkeep
|turn|31
|
|t:|1776209201
|switch|p2a: Politoed|Politoed, M|16/100
|-damage|p2a: Politoed|3/100|[from] Stealth Rock
|-weather|RainDance|[from] ability: Drizzle|[of] p2a: Politoed
|move|p1a: Chansey|Seismic Toss|p2a: Politoed
|-damage|p2a: Politoed|0 fnt
|faint|p2a: Politoed
|
|-weather|RainDance|[upkeep]
|upkeep
|
|t:|1776209210
|switch|p2a: Ludicolo|Ludicolo, M|85/100
|-damage|p2a: Ludicolo|73/100|[from] Stealth Rock
|turn|32
|
|t:|1776209215
|move|p2a: Ludicolo|Leech Seed|p1a: Chansey
|-start|p1a: Chansey|move: Leech Seed
|move|p1a: Chansey|Thunder Wave|p2a: Ludicolo
|-status|p2a: Ludicolo|par
|
|-weather|RainDance|[upkeep]
|-heal|p2a: Ludicolo|79/100 par|[from] ability: Rain Dish
|-damage|p1a: Chansey|88/100 par|[from] Leech Seed|[of] p2a: Ludicolo
|-heal|p2a: Ludicolo|100/100 par|[silent]
|upkeep
|turn|33
|
|t:|1776209223
|-curestatus|p1a: Chansey|par|[from] ability: Natural Cure
|switch|p1a: Slowbro|Slowbro, M|100/100
|move|p2a: Ludicolo|Substitute|p2a: Ludicolo
|-start|p2a: Ludicolo|Substitute
|-damage|p2a: Ludicolo|76/100 par
|
|-weather|RainDance|[upkeep]
|-heal|p2a: Ludicolo|82/100 par|[from] ability: Rain Dish
|upkeep
|turn|34
|
|t:|1776209232
|move|p1a: Slowbro|Psychic Noise|p2a: Ludicolo
|-damage|p2a: Ludicolo|64/100 par
|-start|p2a: Ludicolo|move: Heal Block
|move|p2a: Ludicolo|Leech Seed|p1a: Slowbro
|-start|p1a: Slowbro|move: Leech Seed
|
|-weather|RainDance|[upkeep]
|-damage|p1a: Slowbro|88/100|[from] Leech Seed|[of] p2a: Ludicolo
|upkeep
|turn|35
|
|t:|1776209244
|cant|p2a: Ludicolo|par
|move|p1a: Slowbro|Psychic Noise|p2a: Ludicolo
|-damage|p2a: Ludicolo|47/100 par
|
|-weather|none
|-damage|p1a: Slowbro|76/100|[from] Leech Seed|[of] p2a: Ludicolo
|-end|p2a: Ludicolo|move: Heal Block
|upkeep
|turn|36
|
|t:|1776209255
|move|p2a: Ludicolo|Protect|p2a: Ludicolo
|-singleturn|p2a: Ludicolo|Protect
|move|p1a: Slowbro|Psychic Noise|p2a: Ludicolo
|-activate|p2a: Ludicolo|move: Protect
|
|-damage|p1a: Slowbro|63/100|[from] Leech Seed|[of] p2a: Ludicolo
|-heal|p2a: Ludicolo|64/100 par|[silent]
|upkeep
|turn|37
|
|t:|1776209268
|move|p1a: Slowbro|Psychic Noise|p2a: Ludicolo
|-damage|p2a: Ludicolo|48/100 par
|-start|p2a: Ludicolo|move: Heal Block
|cant|p2a: Ludicolo|move: Heal Block|Giga Drain
|
|-damage|p1a: Slowbro|51/100|[from] Leech Seed|[of] p2a: Ludicolo
|upkeep
|turn|38
|
|t:|1776209278
|move|p2a: Ludicolo|Protect|p2a: Ludicolo
|-singleturn|p2a: Ludicolo|Protect
|move|p1a: Slowbro|Slack Off|p1a: Slowbro
|-heal|p1a: Slowbro|100/100
|
|-damage|p1a: Slowbro|88/100|[from] Leech Seed|[of] p2a: Ludicolo
|-end|p2a: Ludicolo|move: Heal Block
|upkeep
|turn|39
|
|t:|1776209286
|move|p1a: Slowbro|Psychic Noise|p2a: Ludicolo
|-damage|p2a: Ludicolo|29/100 par
|-start|p2a: Ludicolo|move: Heal Block
|cant|p2a: Ludicolo|move: Heal Block|Giga Drain
|
|-damage|p1a: Slowbro|76/100|[from] Leech Seed|[of] p2a: Ludicolo
|upkeep
|turn|40
|
|t:|1776209301
|switch|p2a: Toxicroak|Toxicroak, F|100/100
|-damage|p2a: Toxicroak|94/100|[from] Stealth Rock
|move|p1a: Slowbro|Psychic Noise|p2a: Toxicroak
|-supereffective|p2a: Toxicroak
|-damage|p2a: Toxicroak|0 fnt
|faint|p2a: Toxicroak
|
|upkeep
|
|t:|1776209311
|switch|p2a: Kilowattrel|Kilowattrel, M|67/100
|turn|41
|
|t:|1776209334
|move|p2a: Kilowattrel|Thunder|p1a: Slowbro
|-supereffective|p1a: Slowbro
|-damage|p1a: Slowbro|0 fnt
|faint|p1a: Slowbro
|
|upkeep
|
|t:|1776209339
|switch|p1a: Chansey|Chansey, F|88/100
|turn|42
|
|t:|1776209357
|switch|p2a: Kingdra|Kingdra, M|100/100
|-damage|p2a: Kingdra|88/100|[from] Stealth Rock
|move|p1a: Chansey|Seismic Toss|p2a: Kingdra
|-damage|p2a: Kingdra|54/100
|
|upkeep
|turn|43
|
|t:|1776209366
|move|p2a: Kingdra|Dragon Dance|p2a: Kingdra
|-boost|p2a: Kingdra|atk|1
|-boost|p2a: Kingdra|spe|1
|move|p1a: Chansey|Thunder Wave|p2a: Kingdra
|-status|p2a: Kingdra|par
|
|upkeep
|turn|44
|
|t:|1776209373
|move|p2a: Kingdra|Outrage|p1a: Chansey
|-damage|p1a: Chansey|38/100
|move|p1a: Chansey|Seismic Toss|p2a: Kingdra
|-damage|p2a: Kingdra|19/100 par
|
|upkeep
|turn|45
|
|t:|1776209379
|cant|p2a: Kingdra|par
|move|p1a: Chansey|Soft-Boiled|p1a: Chansey
|-heal|p1a: Chansey|88/100
|
|upkeep
|turn|46
|
|t:|1776209384
|move|p2a: Kingdra|Outrage|p1a: Chansey
|-damage|p1a: Chansey|33/100
|move|p1a: Chansey|Soft-Boiled|p1a: Chansey
|-heal|p1a: Chansey|83/100
|
|upkeep
|turn|47
|
|t:|1776209390
|move|p2a: Kingdra|Outrage|p1a: Chansey|[from] lockedmove
|-damage|p1a: Chansey|27/100
|move|p1a: Chansey|Soft-Boiled|p1a: Chansey
|-heal|p1a: Chansey|77/100
|
|upkeep
|turn|48
|
|t:|1776209396
|move|p2a: Kingdra|Outrage|p1a: Chansey|[from] lockedmove
|-damage|p1a: Chansey|27/100
|-start|p2a: Kingdra|confusion|[fatigue]
|move|p1a: Chansey|Soft-Boiled|p1a: Chansey
|-heal|p1a: Chansey|77/100
|
|upkeep
|turn|49
|
|t:|1776209412
|-activate|p2a: Kingdra|confusion
|-damage|p2a: Kingdra|0 fnt|[from] confusion
|faint|p2a: Kingdra
|move|p1a: Chansey|Soft-Boiled|p1a: Chansey
|-heal|p1a: Chansey|100/100
|
|upkeep
|
|t:|1776209418
|switch|p2a: Ludicolo|Ludicolo, M|29/100 par
|-damage|p2a: Ludicolo|17/100 par|[from] Stealth Rock
|turn|50
|
|t:|1776209422
|move|p1a: Chansey|Seismic Toss|p2a: Ludicolo
|-damage|p2a: Ludicolo|0 fnt
|faint|p2a: Ludicolo
|
|upkeep
|
|t:|1776209426
|switch|p2a: Kilowattrel|Kilowattrel, M|67/100
|turn|51
|
|t:|1776209436
|move|p2a: Kilowattrel|Thunder|p1a: Chansey
|-damage|p1a: Chansey|85/100
|-status|p1a: Chansey|par
|cant|p1a: Chansey|par
|
|upkeep
|turn|52
|
|t:|1776209444
|move|p2a: Kilowattrel|Hurricane|p1a: Chansey
|-damage|p1a: Chansey|69/100 par
|move|p1a: Chansey|Seismic Toss|p2a: Kilowattrel
|-damage|p2a: Kilowattrel|31/100
|
|upkeep
|turn|53
|
|t:|1776209454
|move|p2a: Kilowattrel|Roost|p2a: Kilowattrel
|-heal|p2a: Kilowattrel|81/100
|-singleturn|p2a: Kilowattrel|move: Roost
|move|p1a: Chansey|Seismic Toss|p2a: Kilowattrel
|-damage|p2a: Kilowattrel|46/100
|
|upkeep
|turn|54
|
|t:|1776209460
|move|p2a: Kilowattrel|Roost|p2a: Kilowattrel
|-heal|p2a: Kilowattrel|96/100
|-singleturn|p2a: Kilowattrel|move: Roost
|move|p1a: Chansey|Seismic Toss|p2a: Kilowattrel
|-damage|p2a: Kilowattrel|60/100
|
|upkeep
|turn|55
|
|t:|1776209467
|move|p2a: Kilowattrel|Hurricane|p1a: Chansey
|-damage|p1a: Chansey|54/100 par
|-start|p1a: Chansey|confusion
|-activate|p1a: Chansey|confusion
|cant|p1a: Chansey|par
|
|upkeep
|turn|56
|
|t:|1776209479
|move|p2a: Kilowattrel|Hurricane|p1a: Chansey
|-damage|p1a: Chansey|39/100 par
|-activate|p1a: Chansey|confusion
|cant|p1a: Chansey|par
|
|upkeep
|turn|57
|
|t:|1776209485
|move|p2a: Kilowattrel|Hurricane|p1a: Chansey
|-damage|p1a: Chansey|24/100 par
|-activate|p1a: Chansey|confusion
|-damage|p1a: Chansey|23/100 par|[from] confusion
|
|upkeep
|turn|58
|
|t:|1776209490
|move|p2a: Kilowattrel|Hurricane|p1a: Chansey
|-damage|p1a: Chansey|7/100 par
|-end|p1a: Chansey|confusion
|move|p1a: Chansey|Soft-Boiled|p1a: Chansey
|-heal|p1a: Chansey|57/100 par
|
|upkeep
|turn|59
|
|t:|1776209499
|move|p2a: Kilowattrel|Hurricane|p1a: Chansey
|-damage|p1a: Chansey|43/100 par
|-start|p1a: Chansey|confusion
|-activate|p1a: Chansey|confusion
|move|p1a: Chansey|Seismic Toss|p2a: Kilowattrel
|-damage|p2a: Kilowattrel|25/100
|
|upkeep
|turn|60
|
|t:|1776209506
|move|p2a: Kilowattrel|Roost|p2a: Kilowattrel
|-heal|p2a: Kilowattrel|75/100
|-singleturn|p2a: Kilowattrel|move: Roost
|-activate|p1a: Chansey|confusion
|move|p1a: Chansey|Seismic Toss|p2a: Kilowattrel
|-damage|p2a: Kilowattrel|39/100
|
|upkeep
|turn|61
|
|t:|1776209516
|move|p2a: Kilowattrel|Roost|p2a: Kilowattrel
|-heal|p2a: Kilowattrel|89/100
|-singleturn|p2a: Kilowattrel|move: Roost
|-end|p1a: Chansey|confusion
|cant|p1a: Chansey|par
|
|upkeep
|turn|62
|
|t:|1776209523
|move|p2a: Kilowattrel|Hurricane|p1a: Chansey
|-damage|p1a: Chansey|28/100 par
|move|p1a: Chansey|Soft-Boiled|p1a: Chansey
|-heal|p1a: Chansey|78/100 par
|
|upkeep
|turn|63
|
|t:|1776209533
|move|p2a: Kilowattrel|Hurricane|p1a: Chansey
|-damage|p1a: Chansey|63/100 par
|move|p1a: Chansey|Seismic Toss|p2a: Kilowattrel
|-damage|p2a: Kilowattrel|54/100
|
|upkeep
|turn|64
|
|t:|1776209539
|move|p2a: Kilowattrel|Hurricane|p1a: Chansey
|-damage|p1a: Chansey|47/100 par
|cant|p1a: Chansey|par
|
|upkeep
|turn|65
|
|t:|1776209544
|move|p2a: Kilowattrel|Hurricane|p1a: Chansey
|-damage|p1a: Chansey|32/100 par
|move|p1a: Chansey|Seismic Toss|p2a: Kilowattrel
|-damage|p2a: Kilowattrel|18/100
|
|upkeep
|turn|66
|
|t:|1776209550
|move|p2a: Kilowattrel|Roost|p2a: Kilowattrel
|-heal|p2a: Kilowattrel|68/100
|-singleturn|p2a: Kilowattrel|move: Roost
|move|p1a: Chansey|Seismic Toss|p2a: Kilowattrel
|-damage|p2a: Kilowattrel|33/100
|
|upkeep
|turn|67
|
|t:|1776209560
|move|p2a: Kilowattrel|Hurricane|p1a: Chansey
|-damage|p1a: Chansey|18/100 par
|-start|p1a: Chansey|confusion
|-activate|p1a: Chansey|confusion
|move|p1a: Chansey|Seismic Toss|p2a: Kilowattrel
|-damage|p2a: Kilowattrel|0 fnt
|faint|p2a: Kilowattrel
|
|win|MouseMont
|raw|MouseMont's rating: 1001 &rarr; <strong>1048</strong><br />(+47 for winning)
|raw|DaveFeitosa's rating: 1065 &rarr; <strong>1042</strong><br />(-23 for losing)
|c|☆MouseMont|YESSS
|c|☆MouseMont|GG
|c|☆DaveFeitosa|gg
