|html|<div class="broadcast-blue"><strong>[Gen 9] OU is currently suspecting Tera Blast! For information on how to participate check out the <a href="https://www.smogon.com/tools/suspects/view/200">suspect thread</a>.</strong></div>
|j|☆Al0lanRaichu4
|j|☆cubanhoodlum
|t:|1776258862
|gametype|singles
|player|p1|Al0lanRaichu4|1|1079
|player|p2|cubanhoodlum|265|1058
|gen|9
|tier|[Gen 9] OU
|rated|
|rule|HP Percentage Mod: HP is shown in percentages
|rule|Endless Battle Clause: Forcing endless battles is banned
|rule|Species Clause: Limit one of each Pokémon
|rule|OHKO Clause: OHKO moves are banned
|rule|Evasion Items Clause: Evasion items are banned
|rule|Evasion Moves Clause: Evasion moves are banned
|rule|Evasion Abilities Clause: Evasion abilities are banned
|rule|Sleep Moves Clause: Sleep-inducing moves are banned
|clearpoke
|poke|p1|Dragonite, M|
|poke|p1|Hatterene, F|
|poke|p1|Zamazenta-*|
|poke|p1|Glimmora, M|
|poke|p1|Ogerpon-Wellspring, F|
|poke|p1|Forretress, F|
|poke|p2|Dragonite, M|
|poke|p2|Clefable, F|
|poke|p2|Goodra-Hisui, M|
|poke|p2|Ting-Lu|
|poke|p2|Thundurus-Therian, M|
|poke|p2|Pelipper, M|
|teampreview
|
|t:|1776258895
|teamsize|p1|6
|teamsize|p2|6
|start
|switch|p1a: Bomb #2|Forretress, F|100/100
|switch|p2a: Pelipper|Pelipper, M|100/100
|-weather|RainDance|[from] ability: Drizzle|[of] p2a: Pelipper
|turn|1
|
|t:|1776258926
|move|p2a: Pelipper|Hydro Pump|p1a: Bomb #2|[miss]
|-miss|p2a: Pelipper|p1a: Bomb #2
|move|p1a: Bomb #2|Toxic Spikes|p2a: Pelipper
|-sidestart|p2: cubanhoodlum|move: Toxic Spikes
|
|-weather|RainDance|[upkeep]
|upkeep
|turn|2
|
|t:|1776258932
|move|p2a: Pelipper|Hydro Pump|p1a: Bomb #2
|-damage|p1a: Bomb #2|31/100
|move|p1a: Bomb #2|Toxic Spikes|p2a: Pelipper
|-sidestart|p2: cubanhoodlum|move: Toxic Spikes
|
|-weather|RainDance|[upkeep]
|upkeep
|turn|3
|
|t:|1776258941
|switch|p1a: Dancing Angel|Ogerpon-Wellspring, F|100/100
|move|p2a: Pelipper|Hydro Pump|p1a: Dancing Angel
|-immune|p1a: Dancing Angel|[from] ability: Water Absorb
|
|-weather|RainDance|[upkeep]
|upkeep
|turn|4
|
|t:|1776258972
|move|p1a: Dancing Angel|Power Whip|p2a: Pelipper
|-damage|p2a: Pelipper|50/100
|move|p2a: Pelipper|Hurricane|p1a: Dancing Angel
|-supereffective|p1a: Dancing Angel
|-damage|p1a: Dancing Angel|31/100
|
|-weather|RainDance|[upkeep]
|upkeep
|turn|5
|
|t:|1776258985
|move|p1a: Dancing Angel|U-turn|p2a: Pelipper
|-resisted|p2a: Pelipper
|-crit|p2a: Pelipper
|-damage|p2a: Pelipper|33/100
|
|t:|1776258991
|switch|p1a: Haunted Statue|Hatterene, F|100/100|[from] U-turn
|move|p2a: Pelipper|Hurricane|p1a: Haunted Statue
|-damage|p1a: Haunted Statue|65/100
|
|-weather|none
|upkeep
|turn|6
|
|t:|1776259026
|move|p2a: Pelipper|Roost|p2a: Pelipper
|-heal|p2a: Pelipper|83/100
|-singleturn|p2a: Pelipper|move: Roost
|move|p1a: Haunted Statue|Giga Drain|p2a: Pelipper
|-supereffective|p2a: Pelipper
|-damage|p2a: Pelipper|3/100
|-heal|p1a: Haunted Statue|100/100|[from] drain|[of] p2a: Pelipper
|
|upkeep
|turn|7
|
|t:|1776259066
|switch|p2a: Thundurus|Thundurus-Therian, M|100/100
|move|p1a: Haunted Statue|Psychic Noise|p2a: Thundurus
|-damage|p2a: Thundurus|43/100
|-start|p2a: Thundurus|move: Heal Block
|
|upkeep
|turn|8
|-message|cubanhoodlum forfeited.
|
|win|Al0lanRaichu4
|raw|Al0lanRaichu4's rating: 1079 &rarr; <strong>1105</strong><br />(+26 for winning)
|raw|cubanhoodlum's rating: 1058 &rarr; <strong>1040</strong><br />(-18 for losing)
|l|☆cubanhoodlum
|player|p2|
