|html|<div class="broadcast-blue"><strong>[Gen 9] OU is currently suspecting Tera Blast! For information on how to participate check out the <a href="https://www.smogon.com/tools/suspects/view/200">suspect thread</a>.</strong></div>
|j|☆Showhei Yakumodown
|j|☆TB Supernova 7
|t:|1776096531
|gametype|singles
|player|p1|Showhei Yakumodown|adaman|1154
|player|p2|TB Supernova 7|leaf-masters|1208
|gen|9
|tier|[Gen 9] OU
|rated|
|rule|HP Percentage Mod: HP is shown in percentages
|rule|Endless Battle Clause: Forcing endless battles is banned
|rule|Species Clause: Limit one of each Pokémon
|rule|OHKO Clause: OHKO moves are banned
|rule|Evasion Items Clause: Evasion items are banned
|rule|Evasion Moves Clause: Evasion moves are banned
|rule|Evasion Abilities Clause: Evasion abilities are banned
|rule|Sleep Moves Clause: Sleep-inducing moves are banned
|clearpoke
|poke|p1|Glastrier|
|poke|p1|Ogerpon-Wellspring, F|
|poke|p1|Abomasnow, M|
|poke|p1|Kingambit, M|
|poke|p1|Slaking, M|
|poke|p1|Goodra-Hisui, F|
|poke|p2|Iron Valiant|
|poke|p2|Great Tusk|
|poke|p2|Dragonite, M|
|poke|p2|Deoxys-Speed|
|poke|p2|Glimmora, F|
|poke|p2|Kingambit, M|
|teampreview
|c|☆Showhei Yakumodown|hi
|
|t:|1776096549
|teamsize|p1|6
|teamsize|p2|6
|start
|switch|p1a: Silent Stronghart|Slaking, M|100/100
|switch|p2a: Deoxys|Deoxys-Speed|100/100
|-ability|p2a: Deoxys|Pressure
|turn|1
|
|t:|1776096566
|move|p2a: Deoxys|Reflect|p2a: Deoxys
|-sidestart|p2: TB Supernova 7|Reflect
|move|p1a: Silent Stronghart|Knock Off|p2a: Deoxys
|-supereffective|p2a: Deoxys
|-damage|p2a: Deoxys|26/100
|-enditem|p2a: Deoxys|Light Clay|[from] move: Knock Off|[of] p1a: Silent Stronghart
|
|upkeep
|turn|2
|
|t:|1776096572
|move|p2a: Deoxys|Light Screen|p2a: Deoxys
|-sidestart|p2: TB Supernova 7|move: Light Screen
|cant|p1a: Silent Stronghart|ability: Truant
|
|upkeep
|turn|3
|
|t:|1776096576
|switch|p2a: Kingambit|Kingambit, M|100/100
|move|p1a: Silent Stronghart|Knock Off|p2a: Kingambit
|-resisted|p2a: Kingambit
|-damage|p2a: Kingambit|87/100
|-enditem|p2a: Kingambit|Lum Berry|[from] move: Knock Off|[of] p1a: Silent Stronghart
|
|upkeep
|turn|4
|inactive|Battle timer is ON: inactive players will automatically lose when time's up. (requested by TB Supernova 7)
|
|t:|1776096585
|switch|p1a: Almighty Alizarin|Abomasnow, M|100/100
|-weather|Snowscape|[from] ability: Snow Warning|[of] p1a: Almighty Alizarin
|move|p2a: Kingambit|Swords Dance|p2a: Kingambit
|-boost|p2a: Kingambit|atk|2
|
|-weather|Snowscape|[upkeep]
|upkeep
|turn|5
|
|t:|1776096602
|move|p2a: Kingambit|Iron Head|p1a: Almighty Alizarin
|-supereffective|p1a: Almighty Alizarin
|-damage|p1a: Almighty Alizarin|0 fnt
|faint|p1a: Almighty Alizarin
|
|-weather|Snowscape|[upkeep]
|upkeep
|
|t:|1776096610
|switch|p1a: Silent Stronghart|Slaking, M|100/100
|turn|6
|
|t:|1776096616
|move|p1a: Silent Stronghart|Brick Break|p2a: Kingambit
|-sideend|p2: TB Supernova 7|Reflect
|-sideend|p2: TB Supernova 7|move: Light Screen
|-supereffective|p2a: Kingambit
|-damage|p2a: Kingambit|0 fnt
|faint|p2a: Kingambit
|-end|p2a: Kingambit|fallenundefined|[silent]
|
|-weather|Snowscape|[upkeep]
|upkeep
|
|t:|1776096621
|switch|p2a: Deoxys|Deoxys-Speed|26/100
|-ability|p2a: Deoxys|Pressure
|turn|7
|
|t:|1776096632
|switch|p1a: Oberon-Williams|Ogerpon-Wellspring, F|100/100
|move|p2a: Deoxys|Reflect|p2a: Deoxys
|-sidestart|p2: TB Supernova 7|Reflect
|
|-weather|Snowscape|[upkeep]
|upkeep
|turn|8
|
|t:|1776096638
|move|p2a: Deoxys|Psycho Boost|p1a: Oberon-Williams|[miss]
|-miss|p2a: Deoxys|p1a: Oberon-Williams
|move|p1a: Oberon-Williams|Ivy Cudgel|p2a: Deoxys|[anim] Ivy Cudgel Water
|-damage|p2a: Deoxys|0 fnt
|faint|p2a: Deoxys
|
|-weather|none
|upkeep
|
|t:|1776096641
|switch|p2a: Dragonite|Dragonite, M|100/100
|turn|9
|
|t:|1776096647
|move|p1a: Oberon-Williams|Play Rough|p2a: Dragonite
|-supereffective|p2a: Dragonite
|-damage|p2a: Dragonite|79/100
|move|p2a: Dragonite|Dragon Dance|p2a: Dragonite
|-boost|p2a: Dragonite|atk|1
|-boost|p2a: Dragonite|spe|1
|
|-heal|p2a: Dragonite|85/100|[from] item: Leftovers
|upkeep
|turn|10
|
|t:|1776096655
|move|p2a: Dragonite|Dragon Dance|p2a: Dragonite
|-boost|p2a: Dragonite|atk|1
|-boost|p2a: Dragonite|spe|1
|move|p1a: Oberon-Williams|Play Rough|p2a: Dragonite|[miss]
|-miss|p1a: Oberon-Williams|p2a: Dragonite
|
|-heal|p2a: Dragonite|91/100|[from] item: Leftovers
|upkeep
|turn|11
|
|t:|1776096668
|move|p2a: Dragonite|Dragon Dance|p2a: Dragonite
|-boost|p2a: Dragonite|atk|1
|-boost|p2a: Dragonite|spe|1
|move|p1a: Oberon-Williams|Play Rough|p2a: Dragonite
|-supereffective|p2a: Dragonite
|-damage|p2a: Dragonite|51/100
|
|-heal|p2a: Dragonite|57/100|[from] item: Leftovers
|-sideend|p2: TB Supernova 7|Reflect
|upkeep
|turn|12
|inactive|Showhei Yakumodown has 120 seconds left.
|
|t:|1776096705
|-terastallize|p2a: Dragonite|Flying
|move|p2a: Dragonite|Dragon Dance|p2a: Dragonite
|-boost|p2a: Dragonite|atk|1
|-boost|p2a: Dragonite|spe|1
|move|p1a: Oberon-Williams|Play Rough|p2a: Dragonite
|-damage|p2a: Dragonite|14/100
|
|-heal|p2a: Dragonite|20/100|[from] item: Leftovers
|upkeep
|turn|13
|inactive|Showhei Yakumodown has 120 seconds left.
|
|t:|1776096714
|move|p2a: Dragonite|Tera Blast|p1a: Oberon-Williams|[anim] Tera Blast Flying
|-supereffective|p1a: Oberon-Williams
|-damage|p1a: Oberon-Williams|0 fnt
|faint|p1a: Oberon-Williams
|
|-heal|p2a: Dragonite|26/100|[from] item: Leftovers
|upkeep
|inactive|Showhei Yakumodown has 120 seconds left.
|
|t:|1776096727
|switch|p1a: Godsent Godfrey|Goodra-Hisui, F, shiny|100/100
|turn|14
|inactive|Showhei Yakumodown has 120 seconds left.
|
|t:|1776096740
|move|p2a: Dragonite|Earthquake|p1a: Godsent Godfrey
|-supereffective|p1a: Godsent Godfrey
|-damage|p1a: Godsent Godfrey|0 fnt
|faint|p1a: Godsent Godfrey
|
|-heal|p2a: Dragonite|32/100|[from] item: Leftovers
|upkeep
|
|t:|1776096746
|switch|p1a: King Kevin|Kingambit, M|100/100
|-activate|p1a: King Kevin|ability: Supreme Overlord
|-start|p1a: King Kevin|fallen3|[silent]
|turn|15
|
|t:|1776096750
|move|p2a: Dragonite|Substitute|p2a: Dragonite
|-start|p2a: Dragonite|Substitute
|-damage|p2a: Dragonite|8/100
|move|p1a: King Kevin|Swords Dance|p1a: King Kevin
|-boost|p1a: King Kevin|atk|2
|
|-heal|p2a: Dragonite|14/100|[from] item: Leftovers
|upkeep
|turn|16
|
|t:|1776096758
|move|p2a: Dragonite|Earthquake|p1a: King Kevin
|-supereffective|p1a: King Kevin
|-enditem|p1a: King Kevin|Focus Sash
|-damage|p1a: King Kevin|1/100
|move|p1a: King Kevin|Iron Head|p2a: Dragonite
|-end|p2a: Dragonite|Substitute
|
|-heal|p2a: Dragonite|20/100|[from] item: Leftovers
|upkeep
|turn|17
|
|t:|1776096769
|move|p2a: Dragonite|Dragon Dance|p2a: Dragonite
|-boost|p2a: Dragonite|atk|1
|-boost|p2a: Dragonite|spe|1
|move|p1a: King Kevin|Iron Head|p2a: Dragonite
|-damage|p2a: Dragonite|0 fnt
|faint|p2a: Dragonite
|
|upkeep
|
|t:|1776096772
|switch|p2a: Iron Valiant|Iron Valiant|100/100
|-enditem|p2a: Iron Valiant|Booster Energy
|-activate|p2a: Iron Valiant|ability: Quark Drive|[fromitem]
|-start|p2a: Iron Valiant|quarkdrivespe
|turn|18
|
|t:|1776096779
|move|p1a: King Kevin|Sucker Punch|p2a: Iron Valiant
|-resisted|p2a: Iron Valiant
|-damage|p2a: Iron Valiant|68/100
|move|p2a: Iron Valiant|Moonblast|p1a: King Kevin
|-damage|p1a: King Kevin|0 fnt
|faint|p1a: King Kevin
|-end|p1a: King Kevin|fallen3|[silent]
|
|upkeep
|
|t:|1776096798
|switch|p1a: Gangnam Glastrier|Glastrier|100/100
|turn|19
|
|t:|1776096803
|-terastallize|p1a: Gangnam Glastrier|Ground
|move|p2a: Iron Valiant|Close Combat|p1a: Gangnam Glastrier
|-damage|p1a: Gangnam Glastrier|61/100
|-unboost|p2a: Iron Valiant|def|1
|-unboost|p2a: Iron Valiant|spd|1
|move|p1a: Gangnam Glastrier|Heavy Slam|p2a: Iron Valiant
|-supereffective|p2a: Iron Valiant
|-damage|p2a: Iron Valiant|0 fnt
|faint|p2a: Iron Valiant
|-end|p2a: Iron Valiant|Quark Drive|[silent]
|-ability|p1a: Gangnam Glastrier|Chilling Neigh|boost
|-boost|p1a: Gangnam Glastrier|atk|1
|
|upkeep
|
|t:|1776096812
|switch|p2a: Great Tusk|Great Tusk|100/100
|-enditem|p2a: Great Tusk|Booster Energy
|-activate|p2a: Great Tusk|ability: Protosynthesis|[fromitem]
|-start|p2a: Great Tusk|protosynthesisspe
|turn|20
|inactive|Showhei Yakumodown has 120 seconds left.
|
|t:|1776096860
|move|p2a: Great Tusk|Bulk Up|p2a: Great Tusk
|-boost|p2a: Great Tusk|atk|1
|-boost|p2a: Great Tusk|def|1
|move|p1a: Gangnam Glastrier|Icicle Crash|p2a: Great Tusk
|-supereffective|p2a: Great Tusk
|-damage|p2a: Great Tusk|30/100
|
|upkeep
|turn|21
|
|t:|1776096867
|move|p2a: Great Tusk|Headlong Rush|p1a: Gangnam Glastrier
|-damage|p1a: Gangnam Glastrier|7/100
|-unboost|p2a: Great Tusk|def|1
|-unboost|p2a: Great Tusk|spd|1
|move|p1a: Gangnam Glastrier|Icicle Crash|p2a: Great Tusk
|-supereffective|p2a: Great Tusk
|-damage|p2a: Great Tusk|0 fnt
|faint|p2a: Great Tusk
|-end|p2a: Great Tusk|Protosynthesis|[silent]
|-ability|p1a: Gangnam Glastrier|Chilling Neigh|boost
|-boost|p1a: Gangnam Glastrier|atk|1
|
|upkeep
|
|t:|1776096869
|switch|p2a: Glimmora|Glimmora, F|100/100
|turn|22
|inactive|Showhei Yakumodown has 120 seconds left.
|
|t:|1776096881
|move|p2a: Glimmora|Earth Power|p1a: Gangnam Glastrier
|-damage|p1a: Gangnam Glastrier|0 fnt
|faint|p1a: Gangnam Glastrier
|
|upkeep
|
|t:|1776096885
|switch|p1a: Silent Stronghart|Slaking, M|100/100
|turn|23
|
|t:|1776096888
|move|p1a: Silent Stronghart|Giga Impact|p2a: Glimmora
|-resisted|p2a: Glimmora
|-damage|p2a: Glimmora|7/100
|-mustrecharge|p1a: Silent Stronghart
|-activate|p2a: Glimmora|ability: Toxic Debris
|-sidestart|p1: Showhei Yakumodown|move: Toxic Spikes
|move|p2a: Glimmora|Meteor Beam||[still]
|-prepare|p2a: Glimmora|Meteor Beam
|-boost|p2a: Glimmora|spa|1
|-enditem|p2a: Glimmora|Power Herb
|-anim|p2a: Glimmora|Meteor Beam|p1a: Silent Stronghart
|-crit|p1a: Silent Stronghart
|-damage|p1a: Silent Stronghart|0 fnt
|faint|p1a: Silent Stronghart
|
|win|TB Supernova 7
|raw|Showhei Yakumodown's rating: 1177 &rarr; <strong>1154</strong><br />(-23 for losing)
|raw|TB Supernova 7's rating: 1208 &rarr; <strong>1231</strong><br />(+23 for winning)
|l|☆TB Supernova 7
|player|p2|
|c|☆Showhei Yakumodown|gg
|l|☆Showhei Yakumodown
|player|p1|
