|html|<div class="broadcast-blue"><strong>[Gen 9] OU is currently suspecting Tera Blast! For information on how to participate check out the <a href="https://www.smogon.com/tools/suspects/view/200">suspect thread</a>.</strong></div>
|j|☆cachowcapow
|j|☆Humerus_Skelepun
|t:|1776228777
|gametype|singles
|player|p1|cachowcapow|170|1518
|player|p2|Humerus_Skelepun|101|1526
|gen|9
|tier|[Gen 9] OU
|rated|
|rule|HP Percentage Mod: HP is shown in percentages
|rule|Endless Battle Clause: Forcing endless battles is banned
|rule|Species Clause: Limit one of each Pokémon
|rule|OHKO Clause: OHKO moves are banned
|rule|Evasion Items Clause: Evasion items are banned
|rule|Evasion Moves Clause: Evasion moves are banned
|rule|Evasion Abilities Clause: Evasion abilities are banned
|rule|Sleep Moves Clause: Sleep-inducing moves are banned
|clearpoke
|poke|p1|Alomomola, F|
|poke|p1|Slither Wing|
|poke|p1|Great Tusk|
|poke|p1|Gardevoir, M|
|poke|p1|Moltres|
|poke|p1|Dragapult, M|
|poke|p2|Hatterene, F|
|poke|p2|Corviknight, F|
|poke|p2|Ting-Lu|
|poke|p2|Kyurem|
|poke|p2|Zamazenta-*|
|poke|p2|Darkrai|
|teampreview
|inactive|Battle timer is ON: inactive players will automatically lose when time's up. (requested by Humerus_Skelepun)
|
|t:|1776228800
|teamsize|p1|6
|teamsize|p2|6
|start
|switch|p1a: Gardevoir|Gardevoir, M|100/100
|switch|p2a: Hatterene|Hatterene, F|100/100
|-ability|p1a: Gardevoir|Magic Bounce|Trace|[from] ability: Trace|[of] p2a: Hatterene
|turn|1
|
|t:|1776228813
|switch|p1a: Alomomola|Alomomola, F|100/100
|move|p2a: Hatterene|Nuzzle|p1a: Alomomola
|-supereffective|p1a: Alomomola
|-damage|p1a: Alomomola|95/100
|-status|p1a: Alomomola|par
|
|upkeep
|turn|2
|
|t:|1776228822
|switch|p2a: Ting-Lu|Ting-Lu|100/100
|-ability|p2a: Ting-Lu|Vessel of Ruin
|move|p1a: Alomomola|Flip Turn|p2a: Ting-Lu
|-supereffective|p2a: Ting-Lu
|-damage|p2a: Ting-Lu|81/100
|
|t:|1776228828
|switch|p1a: Gardevoir|Gardevoir, M|100/100|[from] Flip Turn
|-ability|p1a: Gardevoir|Vessel of Ruin|Trace|[from] ability: Trace|[of] p2a: Ting-Lu
|-ability|p1a: Gardevoir|Vessel of Ruin
|
|-heal|p2a: Ting-Lu|88/100|[from] item: Leftovers
|upkeep
|turn|3
|
|t:|1776228844
|move|p1a: Gardevoir|Moonblast|p2a: Ting-Lu
|-supereffective|p2a: Ting-Lu
|-damage|p2a: Ting-Lu|1/100
|-unboost|p2a: Ting-Lu|spa|1
|move|p2a: Ting-Lu|Stealth Rock|p1a: Gardevoir
|-sidestart|p1: cachowcapow|move: Stealth Rock
|
|-heal|p2a: Ting-Lu|8/100|[from] item: Leftovers
|upkeep
|turn|4
|
|t:|1776228861
|switch|p2a: Corviknight|Corviknight, F|100/100
|-ability|p2a: Corviknight|Pressure
|move|p1a: Gardevoir|Moonblast|p2a: Corviknight
|-resisted|p2a: Corviknight
|-damage|p2a: Corviknight|64/100
|
|upkeep
|turn|5
|
|t:|1776228870
|switch|p1a: Moltres|Moltres|100/100
|move|p2a: Corviknight|Roost|p2a: Corviknight
|-heal|p2a: Corviknight|100/100
|-singleturn|p2a: Corviknight|move: Roost
|
|upkeep
|turn|6
|
|t:|1776228874
|switch|p2a: Ting-Lu|Ting-Lu|8/100
|-ability|p2a: Ting-Lu|Vessel of Ruin
|move|p1a: Moltres|U-turn|p2a: Ting-Lu
|-supereffective|p2a: Ting-Lu
|-damage|p2a: Ting-Lu|0 fnt
|faint|p2a: Ting-Lu
|
|t:|1776228879
|switch|p1a: Alomomola|Alomomola, F|100/100 par|[from] U-turn
|-damage|p1a: Alomomola|88/100 par|[from] Stealth Rock
|
|upkeep
|
|t:|1776228882
|switch|p2a: Kyurem|Kyurem|100/100
|-ability|p2a: Kyurem|Pressure
|turn|7
|
|t:|1776228894
|move|p2a: Kyurem|Substitute|p2a: Kyurem
|-start|p2a: Kyurem|Substitute
|-damage|p2a: Kyurem|76/100
|move|p1a: Alomomola|Mirror Coat||[still]
|-fail|p1a: Alomomola
|
|-heal|p2a: Kyurem|82/100|[from] item: Leftovers
|upkeep
|turn|8
|
|t:|1776228896
|move|p2a: Kyurem|Dragon Dance|p2a: Kyurem
|-boost|p2a: Kyurem|atk|1
|-boost|p2a: Kyurem|spe|1
|move|p1a: Alomomola|Flip Turn|p2a: Kyurem
|-resisted|p2a: Kyurem
|-activate|p2a: Kyurem|move: Substitute|[damage]
|
|t:|1776228898
|switch|p1a: Moltres|Moltres|100/100|[from] Flip Turn
|
|-heal|p2a: Kyurem|88/100|[from] item: Leftovers
|upkeep
|turn|9
|
|t:|1776228901
|move|p2a: Kyurem|Dragon Dance|p2a: Kyurem
|-boost|p2a: Kyurem|atk|1
|-boost|p2a: Kyurem|spe|1
|move|p1a: Moltres|Roar|p2a: Kyurem
|drag|p2a: Darkrai|Darkrai|100/100
|
|upkeep
|turn|10
|inactive|cachowcapow has 120 seconds left.
|
|t:|1776228942
|move|p2a: Darkrai|Dark Pulse|p1a: Moltres
|-damage|p1a: Moltres|35/100
|move|p1a: Moltres|U-turn|p2a: Darkrai
|-supereffective|p2a: Darkrai
|-damage|p2a: Darkrai|54/100
|
|t:|1776228946
|switch|p1a: Great Tusk|Great Tusk|100/100|[from] U-turn
|
|upkeep
|turn|11
|
|t:|1776228954
|move|p2a: Darkrai|Dark Pulse|p1a: Great Tusk
|-resisted|p1a: Great Tusk
|-damage|p1a: Great Tusk|50/100
|move|p1a: Great Tusk|Rapid Spin|p2a: Darkrai
|-damage|p2a: Darkrai|31/100
|-boost|p1a: Great Tusk|spe|1
|-sideend|p1: cachowcapow|Stealth Rock|[from] move: Rapid Spin|[of] p1a: Great Tusk
|
|upkeep
|turn|12
|inactive|cachowcapow has 120 seconds left.
|
|t:|1776228974
|switch|p2a: Hatterene|Hatterene, F|100/100
|move|p1a: Great Tusk|Stealth Rock|p2a: Hatterene
|move|p2a: Hatterene|Stealth Rock|p1a: Great Tusk|[from] ability: Magic Bounce
|-sidestart|p1: cachowcapow|move: Stealth Rock
|
|upkeep
|turn|13
|
|t:|1776228983
|move|p1a: Great Tusk|Rapid Spin|p2a: Hatterene
|-damage|p2a: Hatterene|80/100
|-boost|p1a: Great Tusk|spe|1
|-sideend|p1: cachowcapow|Stealth Rock|[from] move: Rapid Spin|[of] p1a: Great Tusk
|move|p2a: Hatterene|Draining Kiss|p1a: Great Tusk
|-supereffective|p1a: Great Tusk
|-damage|p1a: Great Tusk|0 fnt
|-heal|p2a: Hatterene|100/100|[from] drain|[of] p1a: Great Tusk
|faint|p1a: Great Tusk
|-end|p1a: Great Tusk|Protosynthesis|[silent]
|
|upkeep
|inactive|cachowcapow has 120 seconds left.
|
|t:|1776229003
|switch|p1a: Gardevoir|Gardevoir, M|100/100
|-ability|p1a: Gardevoir|Magic Bounce|Trace|[from] ability: Trace|[of] p2a: Hatterene
|turn|14
|
|t:|1776229012
|-terastallize|p1a: Gardevoir|Fairy
|move|p1a: Gardevoir|Moonblast|p2a: Hatterene
|-crit|p2a: Hatterene
|-damage|p2a: Hatterene|9/100
|move|p2a: Hatterene|Nuzzle|p1a: Gardevoir
|-damage|p1a: Gardevoir|94/100
|-status|p1a: Gardevoir|par
|
|upkeep
|turn|15
|
|t:|1776229024
|move|p1a: Gardevoir|Moonblast|p2a: Hatterene
|-damage|p2a: Hatterene|0 fnt
|faint|p2a: Hatterene
|
|upkeep
|
|t:|1776229041
|switch|p2a: Corviknight|Corviknight, F|100/100
|-ability|p2a: Corviknight|Pressure
|turn|16
|
|t:|1776229053
|switch|p1a: Moltres|Moltres|35/100
|move|p2a: Corviknight|Brave Bird|p1a: Moltres
|-damage|p1a: Moltres|10/100
|-damage|p2a: Corviknight|92/100|[from] Recoil
|
|upkeep
|turn|17
|
|t:|1776229062
|move|p2a: Corviknight|U-turn|p1a: Moltres
|-resisted|p1a: Moltres
|-damage|p1a: Moltres|7/100
|
|t:|1776229065
|switch|p2a: Darkrai|Darkrai|31/100|[from] U-turn
|move|p1a: Moltres|Roost|p1a: Moltres
|-heal|p1a: Moltres|57/100
|-singleturn|p1a: Moltres|move: Roost
|
|upkeep
|turn|18
|
|t:|1776229078
|switch|p1a: Alomomola|Alomomola, F|100/100 par
|move|p2a: Darkrai|Dark Pulse|p1a: Alomomola
|-damage|p1a: Alomomola|69/100 par
|
|upkeep
|turn|19
|
|t:|1776229084
|switch|p2a: Kyurem|Kyurem|88/100
|-ability|p2a: Kyurem|Pressure
|cant|p1a: Alomomola|par
|
|-heal|p2a: Kyurem|94/100|[from] item: Leftovers
|upkeep
|turn|20
|
|t:|1776229091
|move|p2a: Kyurem|Dragon Dance|p2a: Kyurem
|-boost|p2a: Kyurem|atk|1
|-boost|p2a: Kyurem|spe|1
|move|p1a: Alomomola|Flip Turn|p2a: Kyurem
|-resisted|p2a: Kyurem
|-damage|p2a: Kyurem|86/100
|
|t:|1776229099
|switch|p1a: Slither Wing|Slither Wing|100/100|[from] Flip Turn
|
|-heal|p2a: Kyurem|93/100|[from] item: Leftovers
|upkeep
|turn|21
|
|t:|1776229106
|move|p2a: Kyurem|Substitute|p2a: Kyurem
|-start|p2a: Kyurem|Substitute
|-damage|p2a: Kyurem|68/100
|move|p1a: Slither Wing|Will-O-Wisp||[still]
|-fail|p1a: Slither Wing
|
|-heal|p2a: Kyurem|74/100|[from] item: Leftovers
|upkeep
|turn|22
|
|t:|1776229114
|move|p2a: Kyurem|Dragon Dance|p2a: Kyurem
|-boost|p2a: Kyurem|atk|1
|-boost|p2a: Kyurem|spe|1
|move|p1a: Slither Wing|U-turn|p2a: Kyurem
|-end|p2a: Kyurem|Substitute
|
|t:|1776229118
|-end|p1a: Slither Wing|Protosynthesis|[silent]
|switch|p1a: Moltres|Moltres|57/100|[from] U-turn
|
|-heal|p2a: Kyurem|80/100|[from] item: Leftovers
|upkeep
|turn|23
|
|t:|1776229123
|-terastallize|p2a: Kyurem|Electric
|move|p2a: Kyurem|Tera Blast|p1a: Moltres|[anim] Tera Blast Electric
|-supereffective|p1a: Moltres
|-damage|p1a: Moltres|0 fnt
|faint|p1a: Moltres
|
|-heal|p2a: Kyurem|86/100|[from] item: Leftovers
|upkeep
|-message|cachowcapow forfeited.
|
|win|Humerus_Skelepun
|raw|cachowcapow's rating: 1541 &rarr; <strong>1520</strong><br />(-21 for losing)
|raw|Humerus_Skelepun's rating: 1526 &rarr; <strong>1547</strong><br />(+21 for winning)
|l|☆cachowcapow
|player|p1|
