|html|<div class="broadcast-blue"><strong>[Gen 9] OU is currently suspecting Tera Blast! For information on how to participate check out the <a href="https://www.smogon.com/tools/suspects/view/200">suspect thread</a>.</strong></div>
|j|☆lanyardeater
|j|☆klaudetttteee
|t:|1776063558
|gametype|singles
|player|p1|lanyardeater|102|1057
|player|p2|klaudetttteee|shauntal|1104
|gen|9
|tier|[Gen 9] OU
|rated|
|rule|HP Percentage Mod: HP is shown in percentages
|rule|Endless Battle Clause: Forcing endless battles is banned
|rule|Species Clause: Limit one of each Pokémon
|rule|OHKO Clause: OHKO moves are banned
|rule|Evasion Items Clause: Evasion items are banned
|rule|Evasion Moves Clause: Evasion moves are banned
|rule|Evasion Abilities Clause: Evasion abilities are banned
|rule|Sleep Moves Clause: Sleep-inducing moves are banned
|clearpoke
|poke|p1|Glimmora, F|
|poke|p1|Hatterene, F|
|poke|p1|Serperior, M|
|poke|p1|Ting-Lu|
|poke|p1|Heatran, F|
|poke|p1|Reuniclus, F|
|poke|p2|Dragapult, M|
|poke|p2|Ceruledge, F|
|poke|p2|Umbreon, F|
|poke|p2|Glimmora, F|
|poke|p2|Weavile, F|
|poke|p2|Rotom-Wash|
|teampreview
|inactive|Battle timer is ON: inactive players will automatically lose when time's up. (requested by klaudetttteee)
|
|t:|1776063567
|teamsize|p1|6
|teamsize|p2|6
|start
|switch|p1a: Heatran|Heatran, F|100/100
|switch|p2a: Dragapult|Dragapult, M|100/100
|-item|p1a: Heatran|Air Balloon
|turn|1
|
|t:|1776063583
|switch|p1a: ren|Reuniclus, F|100/100
|move|p2a: Dragapult|U-turn|p1a: ren
|-supereffective|p1a: ren
|-damage|p1a: ren|67/100
|
|t:|1776063591
|switch|p2a: Ceruledge|Ceruledge, F|100/100|[from] U-turn
|
|-heal|p1a: ren|74/100|[from] item: Leftovers
|upkeep
|turn|2
|
|t:|1776063602
|move|p2a: Ceruledge|Shadow Sneak|p1a: ren
|-supereffective|p1a: ren
|-damage|p1a: ren|24/100
|move|p1a: ren|Acid Armor|p1a: ren
|-boost|p1a: ren|def|2
|
|-heal|p1a: ren|30/100|[from] item: Leftovers
|upkeep
|turn|3
|
|t:|1776063612
|move|p2a: Ceruledge|Shadow Sneak|p1a: ren
|-supereffective|p1a: ren
|-damage|p1a: ren|7/100
|move|p1a: ren|Recover|p1a: ren
|-heal|p1a: ren|57/100
|
|-heal|p1a: ren|63/100|[from] item: Leftovers
|upkeep
|turn|4
|
|t:|1776063620
|move|p2a: Ceruledge|Swords Dance|p2a: Ceruledge
|-boost|p2a: Ceruledge|atk|2
|move|p1a: ren|Acid Armor|p1a: ren
|-boost|p1a: ren|def|2
|
|-heal|p1a: ren|69/100|[from] item: Leftovers
|upkeep
|turn|5
|
|t:|1776063631
|move|p2a: Ceruledge|Swords Dance|p2a: Ceruledge
|-boost|p2a: Ceruledge|atk|2
|move|p1a: ren|Acid Armor|p1a: ren
|-boost|p1a: ren|def|2
|
|-heal|p1a: ren|75/100|[from] item: Leftovers
|upkeep
|turn|6
|
|t:|1776063641
|-terastallize|p2a: Ceruledge|Grass
|move|p2a: Ceruledge|Swords Dance|p2a: Ceruledge
|-boost|p2a: Ceruledge|atk|2
|move|p1a: ren|Stored Power|p2a: Ceruledge
|-damage|p2a: Ceruledge|34/100
|
|-heal|p1a: ren|82/100|[from] item: Leftovers
|upkeep
|turn|7
|
|t:|1776063653
|move|p2a: Ceruledge|Shadow Sneak|p1a: ren
|-supereffective|p1a: ren
|-damage|p1a: ren|34/100
|move|p1a: ren|Stored Power|p2a: Ceruledge
|-damage|p2a: Ceruledge|0 fnt
|faint|p2a: Ceruledge
|
|-heal|p1a: ren|40/100|[from] item: Leftovers
|upkeep
|-message|klaudetttteee forfeited.
|
|win|lanyardeater
|raw|lanyardeater's rating: 1057 &rarr; <strong>1093</strong><br />(+36 for winning)
|raw|klaudetttteee's rating: 1104 &rarr; <strong>1076</strong><br />(-28 for losing)
|l|☆klaudetttteee
|player|p2|
|l|☆lanyardeater
|player|p1|
