|html|<div class="broadcast-blue"><strong>[Gen 9] OU is currently suspecting Tera Blast! For information on how to participate check out the <a href="https://www.smogon.com/tools/suspects/view/200">suspect thread</a>.</strong></div>
|j|☆kjojon
|j|☆camfre
|t:|1776267071
|gametype|singles
|player|p1|kjojon|brock|1191
|player|p2|camfre|265|1203
|gen|9
|tier|[Gen 9] OU
|rated|
|rule|HP Percentage Mod: HP is shown in percentages
|rule|Endless Battle Clause: Forcing endless battles is banned
|rule|Species Clause: Limit one of each Pokémon
|rule|OHKO Clause: OHKO moves are banned
|rule|Evasion Items Clause: Evasion items are banned
|rule|Evasion Moves Clause: Evasion moves are banned
|rule|Evasion Abilities Clause: Evasion abilities are banned
|rule|Sleep Moves Clause: Sleep-inducing moves are banned
|clearpoke
|poke|p1|Gardevoir, F|
|poke|p1|Cinderace, F|
|poke|p1|Duraludon, M|
|poke|p1|Hitmontop, M|
|poke|p1|Necrozma|
|poke|p1|Porygon-Z|
|poke|p2|Iron Valiant|
|poke|p2|Great Tusk|
|poke|p2|Dragonite, F|
|poke|p2|Deoxys-Speed|
|poke|p2|Glimmora, F|
|poke|p2|Kingambit, F|
|teampreview
|inactive|Battle timer is ON: inactive players will automatically lose when time's up. (requested by kjojon)
|
|t:|1776267093
|teamsize|p1|6
|teamsize|p2|6
|start
|switch|p1a: PoyPee|Porygon-Z, shiny|100/100
|switch|p2a: Deoxys|Deoxys-Speed|100/100
|-ability|p2a: Deoxys|Pressure
|turn|1
|
|t:|1776267102
|move|p2a: Deoxys|Light Screen|p2a: Deoxys
|-sidestart|p2: camfre|move: Light Screen
|move|p1a: PoyPee|Tri Attack|p2a: Deoxys
|-damage|p2a: Deoxys|63/100
|
|upkeep
|turn|2
|
|t:|1776267109
|switch|p1a: Joao|Cinderace, F, shiny|100/100
|move|p2a: Deoxys|Taunt|p1a: Joao
|-start|p1a: Joao|move: Taunt
|
|upkeep
|turn|3
|
|t:|1776267117
|move|p2a: Deoxys|Reflect|p2a: Deoxys
|-sidestart|p2: camfre|Reflect
|move|p1a: Joao|Pyro Ball|p2a: Deoxys
|-damage|p2a: Deoxys|26/100
|-status|p2a: Deoxys|brn
|
|-damage|p2a: Deoxys|20/100 brn|[from] brn
|upkeep
|turn|4
|
|t:|1776267125
|move|p1a: Joao|Sucker Punch|p2a: Deoxys
|-start|p1a: Joao|typechange|Dark|[from] ability: Libero
|-supereffective|p2a: Deoxys
|-damage|p2a: Deoxys|0 fnt
|faint|p2a: Deoxys
|
|-end|p1a: Joao|move: Taunt
|upkeep
|
|t:|1776267136
|switch|p2a: Iron Valiant|Iron Valiant|100/100
|-enditem|p2a: Iron Valiant|Booster Energy
|-activate|p2a: Iron Valiant|ability: Quark Drive|[fromitem]
|-start|p2a: Iron Valiant|quarkdrivespe
|turn|5
|
|t:|1776267144
|switch|p1a: PoyPee|Porygon-Z, shiny|100/100
|move|p2a: Iron Valiant|Taunt|p1a: PoyPee
|-start|p1a: PoyPee|move: Taunt
|
|upkeep
|turn|6
|
|t:|1776267156
|move|p2a: Iron Valiant|Close Combat|p1a: PoyPee
|-supereffective|p1a: PoyPee
|-damage|p1a: PoyPee|0 fnt
|-unboost|p2a: Iron Valiant|def|1
|-unboost|p2a: Iron Valiant|spd|1
|faint|p1a: PoyPee
|
|upkeep
|
|t:|1776267179
|switch|p1a: R-Pyrite|Necrozma, shiny|100/100
|turn|7
|
|t:|1776267184
|move|p2a: Iron Valiant|Knock Off|p1a: R-Pyrite
|-supereffective|p1a: R-Pyrite
|-damage|p1a: R-Pyrite|59/100
|-enditem|p1a: R-Pyrite|Weakness Policy
|-boost|p1a: R-Pyrite|atk|2|[from] item: Weakness Policy
|-boost|p1a: R-Pyrite|spa|2|[from] item: Weakness Policy
|move|p1a: R-Pyrite|Dragon Dance|p1a: R-Pyrite
|-boost|p1a: R-Pyrite|atk|1
|-boost|p1a: R-Pyrite|spe|1
|
|upkeep
|turn|8
|
|t:|1776267199
|move|p2a: Iron Valiant|Knock Off|p1a: R-Pyrite
|-supereffective|p1a: R-Pyrite
|-damage|p1a: R-Pyrite|30/100
|move|p1a: R-Pyrite|Photon Geyser|p2a: Iron Valiant
|-supereffective|p2a: Iron Valiant
|-damage|p2a: Iron Valiant|0 fnt
|faint|p2a: Iron Valiant
|-end|p2a: Iron Valiant|Quark Drive|[silent]
|
|-sideend|p2: camfre|move: Light Screen
|upkeep
|
|t:|1776267212
|switch|p2a: Great Tusk|Great Tusk|100/100
|-enditem|p2a: Great Tusk|Booster Energy
|-activate|p2a: Great Tusk|ability: Protosynthesis|[fromitem]
|-start|p2a: Great Tusk|protosynthesisspe
|turn|9
|
|t:|1776267219
|move|p2a: Great Tusk|Head Smash|p1a: R-Pyrite
|-damage|p1a: R-Pyrite|0 fnt
|faint|p1a: R-Pyrite
|-damage|p2a: Great Tusk|89/100|[from] Recoil
|
|upkeep
|
|t:|1776267225
|switch|p1a: Garfiel|Hitmontop, M|100/100
|turn|10
|
|t:|1776267233
|move|p1a: Garfiel|Fake Out|p2a: Great Tusk
|-damage|p2a: Great Tusk|82/100
|cant|p2a: Great Tusk|flinch
|
|-sideend|p2: camfre|Reflect
|upkeep
|turn|11
|
|t:|1776267239
|move|p2a: Great Tusk|Bulk Up|p2a: Great Tusk
|-boost|p2a: Great Tusk|atk|1
|-boost|p2a: Great Tusk|def|1
|move|p1a: Garfiel|Triple Axel|p2a: Great Tusk
|-supereffective|p2a: Great Tusk
|-damage|p2a: Great Tusk|74/100
|-hitcount|p2a: Great Tusk|1
|
|upkeep
|turn|12
|
|t:|1776267255
|switch|p1a: Babylon|Duraludon, M, shiny|100/100
|move|p2a: Great Tusk|Bulk Up|p2a: Great Tusk
|-boost|p2a: Great Tusk|atk|1
|-boost|p2a: Great Tusk|def|1
|
|upkeep
|turn|13
|
|t:|1776267273
|-terastallize|p1a: Babylon|Flying
|move|p2a: Great Tusk|Head Smash|p1a: Babylon
|-supereffective|p1a: Babylon
|-damage|p1a: Babylon|0 fnt
|faint|p1a: Babylon
|-damage|p2a: Great Tusk|39/100|[from] Recoil
|
|upkeep
|
|t:|1776267285
|switch|p1a: Garfiel|Hitmontop, M|100/100
|turn|14
|
|t:|1776267291
|move|p1a: Garfiel|Fake Out|p2a: Great Tusk
|-damage|p2a: Great Tusk|32/100
|cant|p2a: Great Tusk|flinch
|
|upkeep
|turn|15
|
|t:|1776267294
|move|p2a: Great Tusk|Headlong Rush|p1a: Garfiel
|-damage|p1a: Garfiel|0 fnt
|-unboost|p2a: Great Tusk|def|1
|-unboost|p2a: Great Tusk|spd|1
|faint|p1a: Garfiel
|
|upkeep
|
|t:|1776267303
|switch|p1a: Joao|Cinderace, F, shiny|100/100
|turn|16
|
|t:|1776267308
|move|p2a: Great Tusk|Head Smash|p1a: Joao
|-supereffective|p1a: Joao
|-damage|p1a: Joao|0 fnt
|faint|p1a: Joao
|-damage|p2a: Great Tusk|0 fnt|[from] Recoil
|faint|p2a: Great Tusk
|-end|p2a: Great Tusk|Protosynthesis|[silent]
|
|upkeep
|
|t:|1776267315
|switch|p1a: Xodium|Gardevoir, F, shiny|100/100
|switch|p2a: Glimmora|Glimmora, F|100/100
|turn|17
|
|t:|1776267322
|move|p1a: Xodium|Moonblast|p2a: Glimmora
|-resisted|p2a: Glimmora
|-damage|p2a: Glimmora|70/100
|-unboost|p2a: Glimmora|spa|1
|move|p2a: Glimmora|Meteor Beam||[still]
|-prepare|p2a: Glimmora|Meteor Beam
|-boost|p2a: Glimmora|spa|1
|-enditem|p2a: Glimmora|Power Herb
|-anim|p2a: Glimmora|Meteor Beam|p1a: Xodium
|-damage|p1a: Xodium|34/100
|
|upkeep
|turn|18
|
|t:|1776267333
|move|p1a: Xodium|Moonblast|p2a: Glimmora
|-resisted|p2a: Glimmora
|-damage|p2a: Glimmora|42/100
|-unboost|p2a: Glimmora|spa|1
|move|p2a: Glimmora|Mortal Spin|p1a: Xodium
|-supereffective|p1a: Xodium
|-damage|p1a: Xodium|16/100
|-status|p1a: Xodium|psn
|-activate|p1a: Xodium|ability: Synchronize
|-immune|p2a: Glimmora
|
|-damage|p1a: Xodium|4/100 psn|[from] psn
|upkeep
|turn|19
|c|☆kjojon|gg's
|
|t:|1776267346
|move|p1a: Xodium|Moonblast|p2a: Glimmora
|-resisted|p2a: Glimmora
|-damage|p2a: Glimmora|11/100
|-unboost|p2a: Glimmora|spa|1
|move|p2a: Glimmora|Earth Power|p1a: Xodium
|-damage|p1a: Xodium|0 fnt
|faint|p1a: Xodium
|
|win|camfre
|raw|kjojon's rating: 1191 &rarr; <strong>1167</strong><br />(-24 for losing)
|raw|camfre's rating: 1203 &rarr; <strong>1227</strong><br />(+24 for winning)
