|html|<div class="broadcast-blue"><strong>[Gen 9] OU is currently suspecting Tera Blast! For information on how to participate check out the <a href="https://www.smogon.com/tools/suspects/view/200">suspect thread</a>.</strong></div>
|j|☆DoingReqsIgTB
|j|☆yyuyuu
|t:|1776056839
|gametype|singles
|player|p1|DoingReqsIgTB|170|1267
|player|p2|yyuyuu|266|1257
|gen|9
|tier|[Gen 9] OU
|rated|
|rule|HP Percentage Mod: HP is shown in percentages
|rule|Endless Battle Clause: Forcing endless battles is banned
|rule|Species Clause: Limit one of each Pokémon
|rule|OHKO Clause: OHKO moves are banned
|rule|Evasion Items Clause: Evasion items are banned
|rule|Evasion Moves Clause: Evasion moves are banned
|rule|Evasion Abilities Clause: Evasion abilities are banned
|rule|Sleep Moves Clause: Sleep-inducing moves are banned
|clearpoke
|poke|p1|Hoopa-Unbound|
|poke|p1|Clefable, F|
|poke|p1|Great Tusk|
|poke|p1|Cinderace, F|
|poke|p1|Dragonite, M|
|poke|p1|Slowking-Galar, M|
|poke|p2|Honchkrow, M|
|poke|p2|Hatterene, F|
|poke|p2|Arboliva, F|
|poke|p2|Torkoal, M|
|poke|p2|Walking Wake|
|poke|p2|Glimmora, F|
|teampreview
|inactive|Battle timer is ON: inactive players will automatically lose when time's up. (requested by DoingReqsIgTB)
|
|t:|1776056861
|teamsize|p1|6
|teamsize|p2|6
|start
|switch|p1a: Hoopa|Hoopa-Unbound|100/100
|switch|p2a: Glimmora|Glimmora, F|100/100
|turn|1
|
|t:|1776056865
|move|p2a: Glimmora|Stealth Rock|p1a: Hoopa
|-sidestart|p1: DoingReqsIgTB|move: Stealth Rock
|move|p1a: Hoopa|Psychic Noise|p2a: Glimmora
|-supereffective|p2a: Glimmora
|-enditem|p2a: Glimmora|Focus Sash
|-damage|p2a: Glimmora|1/100
|-start|p2a: Glimmora|move: Heal Block
|
|upkeep
|turn|2
|
|t:|1776056874
|move|p2a: Glimmora|Sludge Wave|p1a: Hoopa
|-damage|p1a: Hoopa|74/100
|move|p1a: Hoopa|Psychic Noise|p2a: Glimmora
|-supereffective|p2a: Glimmora
|-damage|p2a: Glimmora|0 fnt
|faint|p2a: Glimmora
|
|upkeep
|
|t:|1776056882
|switch|p2a: Hatterene|Hatterene, F|100/100
|turn|3
|
|t:|1776056887
|switch|p1a: Slowking|Slowking-Galar, M|100/100
|move|p2a: Hatterene|Trick Room|p2a: Hatterene
|-fieldstart|move: Trick Room|[of] p2a: Hatterene
|
|upkeep
|turn|4
|
|t:|1776056893
|-prepare|p1a: Slowking|Chilly Reception|[premajor]
|move|p1a: Slowking|Chilly Reception|p1a: Slowking
|-weather|Snowscape
|
|t:|1776056896
|switch|p1a: Great Tusk|Great Tusk|100/100|[from] Chilly Reception
|move|p2a: Hatterene|Psychic|p1a: Great Tusk
|-supereffective|p1a: Great Tusk
|-damage|p1a: Great Tusk|0 fnt
|faint|p1a: Great Tusk
|-end|p1a: Great Tusk|Protosynthesis|[silent]
|-damage|p2a: Hatterene|91/100|[from] item: Life Orb
|
|-weather|Snowscape|[upkeep]
|upkeep
|
|t:|1776056902
|switch|p1a: Slowking|Slowking-Galar, M|100/100
|turn|5
|
|t:|1776056911
|move|p1a: Slowking|Future Sight|p2a: Hatterene
|-start|p1a: Slowking|move: Future Sight
|move|p2a: Hatterene|Psychic|p1a: Slowking
|-damage|p1a: Slowking|64/100
|-unboost|p1a: Slowking|spd|1
|-damage|p2a: Hatterene|81/100|[from] item: Life Orb
|
|-weather|Snowscape|[upkeep]
|upkeep
|turn|6
|
|t:|1776056916
|switch|p2a: Honchkrow|Honchkrow, M|100/100
|-enditem|p2a: Honchkrow|Room Service
|-unboost|p2a: Honchkrow|spe|1|[from] item: Room Service
|move|p1a: Slowking|Sludge Bomb|p2a: Honchkrow
|-damage|p2a: Honchkrow|49/100
|
|-weather|Snowscape|[upkeep]
|upkeep
|turn|7
|
|t:|1776056924
|switch|p1a: Clefable|Clefable, F|100/100
|-terastallize|p2a: Honchkrow|Ground
|move|p2a: Honchkrow|Tera Blast|p1a: Clefable|[anim] Tera Blast Ground
|-damage|p1a: Clefable|69/100
|
|-weather|Snowscape|[upkeep]
|-end|p2a: Honchkrow|move: Future Sight
|-damage|p2a: Honchkrow|0 fnt
|faint|p2a: Honchkrow
|-heal|p1a: Clefable|75/100|[from] item: Leftovers
|-fieldend|move: Trick Room
|upkeep
|
|t:|1776056941
|switch|p2a: Torkoal|Torkoal, M|100/100
|-weather|SunnyDay|[from] ability: Drought|[of] p2a: Torkoal
|turn|8
|
|t:|1776056947
|switch|p1a: Slowking|Slowking-Galar, M|98/100
|move|p2a: Torkoal|Eruption|p1a: Slowking
|-damage|p1a: Slowking|41/100
|
|-weather|SunnyDay|[upkeep]
|upkeep
|turn|9
|
|t:|1776056953
|-terastallize|p1a: Slowking|Water
|move|p2a: Torkoal|Eruption|p1a: Slowking
|-resisted|p1a: Slowking
|-damage|p1a: Slowking|15/100
|-prepare|p1a: Slowking|Chilly Reception|[premajor]
|move|p1a: Slowking|Chilly Reception|p1a: Slowking
|-weather|Snowscape
|
|t:|1776056956
|switch|p1a: Clefable|Clefable, F|75/100|[from] Chilly Reception
|
|-weather|Snowscape|[upkeep]
|-heal|p1a: Clefable|81/100|[from] item: Leftovers
|upkeep
|turn|10
|
|t:|1776056968
|switch|p2a: Hatterene|Hatterene, F|81/100
|move|p1a: Clefable|Moonblast|p2a: Hatterene
|-damage|p2a: Hatterene|51/100
|
|-weather|Snowscape|[upkeep]
|-heal|p1a: Clefable|87/100|[from] item: Leftovers
|upkeep
|turn|11
|
|t:|1776056974
|switch|p1a: Slowking|Slowking-Galar, M, tera:Water|48/100
|move|p2a: Hatterene|Trick Room|p2a: Hatterene
|-fieldstart|move: Trick Room|[of] p2a: Hatterene
|
|-weather|Snowscape|[upkeep]
|upkeep
|turn|12
|
|t:|1776056983
|-prepare|p1a: Slowking|Chilly Reception|[premajor]
|move|p1a: Slowking|Chilly Reception|p1a: Slowking
|
|t:|1776056985
|switch|p1a: Hoopa|Hoopa-Unbound|74/100|[from] Chilly Reception
|-damage|p1a: Hoopa|62/100|[from] Stealth Rock
|move|p2a: Hatterene|Misty Explosion|p1a: Hoopa
|-supereffective|p1a: Hoopa
|-damage|p1a: Hoopa|0 fnt
|faint|p2a: Hatterene
|faint|p1a: Hoopa
|
|-weather|Snowscape|[upkeep]
|upkeep
|
|t:|1776057000
|switch|p2a: Torkoal|Torkoal, M|100/100
|switch|p1a: Cinderace|Cinderace, F|100/100
|-weather|SunnyDay|[from] ability: Drought|[of] p2a: Torkoal
|turn|13
|
|t:|1776057010
|switch|p2a: Walking Wake|Walking Wake|100/100
|-activate|p2a: Walking Wake|ability: Protosynthesis
|-start|p2a: Walking Wake|protosynthesisspa
|switch|p1a: Slowking|Slowking-Galar, M, tera:Water|82/100
|
|-weather|SunnyDay|[upkeep]
|upkeep
|turn|14
|
|t:|1776057027
|move|p1a: Slowking|Thunder Wave|p2a: Walking Wake|[miss]
|-miss|p1a: Slowking|p2a: Walking Wake
|move|p2a: Walking Wake|Hydro Steam|p1a: Slowking
|-resisted|p1a: Slowking
|-damage|p1a: Slowking|60/100
|
|-weather|SunnyDay|[upkeep]
|upkeep
|turn|15
|
|t:|1776057035
|move|p1a: Slowking|Thunder Wave|p2a: Walking Wake
|-status|p2a: Walking Wake|par
|cant|p2a: Walking Wake|par
|
|-weather|SunnyDay|[upkeep]
|-fieldend|move: Trick Room
|upkeep
|turn|16
|
|t:|1776057039
|move|p2a: Walking Wake|Draco Meteor|p1a: Slowking
|-damage|p1a: Slowking|6/100
|-unboost|p2a: Walking Wake|spa|2
|move|p1a: Slowking|Future Sight|p2a: Walking Wake
|-start|p1a: Slowking|move: Future Sight
|
|-weather|SunnyDay|[upkeep]
|upkeep
|turn|17
|
|t:|1776057049
|switch|p1a: Clefable|Clefable, F|87/100
|move|p2a: Walking Wake|Draco Meteor|p1a: Clefable
|-immune|p1a: Clefable
|
|-weather|SunnyDay|[upkeep]
|-heal|p1a: Clefable|93/100|[from] item: Leftovers
|upkeep
|turn|18
|
|t:|1776057055
|-end|p2a: Walking Wake|Protosynthesis|[silent]
|switch|p2a: Arboliva|Arboliva, F|100/100
|move|p1a: Clefable|Moonblast|p2a: Arboliva
|-damage|p2a: Arboliva|74/100
|
|-weather|SunnyDay|[upkeep]
|-end|p2a: Arboliva|move: Future Sight
|-damage|p2a: Arboliva|34/100
|-heal|p1a: Clefable|99/100|[from] item: Leftovers
|upkeep
|turn|19
|
|t:|1776057062
|move|p1a: Clefable|Moonblast|p2a: Arboliva
|-damage|p2a: Arboliva|7/100
|-unboost|p2a: Arboliva|spa|1
|move|p2a: Arboliva|Substitute|p2a: Arboliva
|-fail|p2a: Arboliva|move: Substitute|[weak]
|
|-weather|SunnyDay|[upkeep]
|-heal|p1a: Clefable|100/100|[from] item: Leftovers
|upkeep
|turn|20
|-enditem|p2a: Arboliva|Custap Berry|[eat]
|-activate|p2a: Arboliva|item: Custap Berry|[consumed]
|
|t:|1776057068
|move|p2a: Arboliva|Hyper Voice|p1a: Clefable
|-damage|p1a: Clefable|68/100
|move|p1a: Clefable|Moonblast|p2a: Arboliva
|-damage|p2a: Arboliva|0 fnt
|faint|p2a: Arboliva
|
|-weather|none
|-heal|p1a: Clefable|74/100|[from] item: Leftovers
|upkeep
|
|t:|1776057076
|switch|p2a: Torkoal|Torkoal, M|100/100
|-weather|SunnyDay|[from] ability: Drought|[of] p2a: Torkoal
|turn|21
|
|t:|1776057085
|move|p1a: Clefable|Thunder Wave|p2a: Torkoal
|-status|p2a: Torkoal|par
|move|p2a: Torkoal|Eruption|p1a: Clefable
|-damage|p1a: Clefable|0 fnt
|faint|p1a: Clefable
|
|-weather|SunnyDay|[upkeep]
|upkeep
|
|t:|1776057088
|switch|p1a: Slowking|Slowking-Galar, M, tera:Water|39/100
|turn|22
|
|t:|1776057097
|-prepare|p1a: Slowking|Chilly Reception|[premajor]
|move|p1a: Slowking|Chilly Reception|p1a: Slowking
|-weather|Snowscape
|
|t:|1776057099
|switch|p1a: Cinderace|Cinderace, F|100/100|[from] Chilly Reception
|move|p2a: Torkoal|Body Press|p1a: Cinderace
|-damage|p1a: Cinderace|67/100
|
|-weather|Snowscape|[upkeep]
|upkeep
|turn|23
|
|t:|1776057112
|move|p1a: Cinderace|Court Change|p1a: Cinderace
|-swapsideconditions
|-activate|p1a: Cinderace|move: Court Change
|move|p2a: Torkoal|Body Press|p1a: Cinderace
|-damage|p1a: Cinderace|34/100
|
|-weather|Snowscape|[upkeep]
|upkeep
|turn|24
|
|t:|1776057117
|move|p1a: Cinderace|U-turn|p2a: Torkoal
|-resisted|p2a: Torkoal
|-damage|p2a: Torkoal|93/100 par
|
|t:|1776057119
|switch|p1a: Dragonite|Dragonite, M|100/100|[from] U-turn
|move|p2a: Torkoal|Body Press|p1a: Dragonite
|-resisted|p1a: Dragonite
|-damage|p1a: Dragonite|93/100
|
|-weather|Snowscape|[upkeep]
|upkeep
|turn|25
|
|t:|1776057126
|move|p1a: Dragonite|Earthquake|p2a: Torkoal
|-supereffective|p2a: Torkoal
|-damage|p2a: Torkoal|36/100 par
|cant|p2a: Torkoal|par
|
|-weather|Snowscape|[upkeep]
|upkeep
|turn|26
|
|t:|1776057132
|move|p1a: Dragonite|Earthquake|p2a: Torkoal
|-supereffective|p2a: Torkoal
|-damage|p2a: Torkoal|0 fnt
|faint|p2a: Torkoal
|
|-weather|none
|upkeep
|
|t:|1776057134
|switch|p2a: Walking Wake|Walking Wake|100/100 par
|-damage|p2a: Walking Wake|88/100 par|[from] Stealth Rock
|turn|27
|
|t:|1776057138
|move|p1a: Dragonite|Roost|p1a: Dragonite
|-heal|p1a: Dragonite|100/100
|-singleturn|p1a: Dragonite|move: Roost
|move|p2a: Walking Wake|Draco Meteor|p1a: Dragonite
|-supereffective|p1a: Dragonite
|-damage|p1a: Dragonite|19/100
|-unboost|p2a: Walking Wake|spa|2
|
|upkeep
|turn|28
|
|t:|1776057147
|move|p1a: Dragonite|Roost|p1a: Dragonite
|-heal|p1a: Dragonite|69/100
|-singleturn|p1a: Dragonite|move: Roost
|move|p2a: Walking Wake|Weather Ball|p1a: Dragonite
|-damage|p1a: Dragonite|61/100
|
|upkeep
|turn|29
|
|t:|1776057154
|move|p1a: Dragonite|Roost|p1a: Dragonite
|-heal|p1a: Dragonite|100/100
|-singleturn|p1a: Dragonite|move: Roost
|move|p2a: Walking Wake|Draco Meteor|p1a: Dragonite
|-supereffective|p1a: Dragonite
|-damage|p1a: Dragonite|60/100
|-unboost|p2a: Walking Wake|spa|2
|
|upkeep
|turn|30
|-message|yyuyuu forfeited.
|
|win|DoingReqsIgTB
|raw|DoingReqsIgTB's rating: 1267 &rarr; <strong>1291</strong><br />(+24 for winning)
|raw|yyuyuu's rating: 1257 &rarr; <strong>1233</strong><br />(-24 for losing)
|l|☆yyuyuu
|player|p2|
|l|☆DoingReqsIgTB
|player|p1|
