|html|<div class="broadcast-blue"><strong>[Gen 9] OU is currently suspecting Tera Blast! For information on how to participate check out the <a href="https://www.smogon.com/tools/suspects/view/200">suspect thread</a>.</strong></div>
|j|☆eRain
|j|☆Bosslayer9000
|t:|1776180215
|gametype|singles
|player|p1|eRain|unknown|1310
|player|p2|Bosslayer9000|102|1299
|gen|9
|tier|[Gen 9] OU
|rated|
|rule|HP Percentage Mod: HP is shown in percentages
|rule|Endless Battle Clause: Forcing endless battles is banned
|rule|Species Clause: Limit one of each Pokémon
|rule|OHKO Clause: OHKO moves are banned
|rule|Evasion Items Clause: Evasion items are banned
|rule|Evasion Moves Clause: Evasion moves are banned
|rule|Evasion Abilities Clause: Evasion abilities are banned
|rule|Sleep Moves Clause: Sleep-inducing moves are banned
|clearpoke
|poke|p1|Pelipper, M|
|poke|p1|Quaquaval, F|
|poke|p1|Manaphy|
|poke|p1|Barraskewda, M|
|poke|p1|Raging Bolt|
|poke|p1|Grimmsnarl, M|
|poke|p2|Pelipper, M|
|poke|p2|Clawitzer, M|
|poke|p2|Walking Wake|
|poke|p2|Torkoal, F|
|poke|p2|Ninetales-Alola, M|
|poke|p2|Rillaboom, F|
|teampreview
|inactive|Battle timer is ON: inactive players will automatically lose when time's up. (requested by eRain)
|
|t:|1776180238
|teamsize|p1|6
|teamsize|p2|6
|start
|switch|p1a: Pelipper|Pelipper, M, shiny|100/100
|switch|p2a: Ninetales|Ninetales-Alola, M|100/100
|-weather|Snowscape|[from] ability: Snow Warning|[of] p2a: Ninetales
|-weather|RainDance|[from] ability: Drizzle|[of] p1a: Pelipper
|turn|1
|
|t:|1776180242
|switch|p1a: Grimmsnarl|Grimmsnarl, M, shiny|100/100
|move|p2a: Ninetales|Freeze-Dry|p1a: Grimmsnarl
|-damage|p1a: Grimmsnarl|85/100
|
|-weather|RainDance|[upkeep]
|upkeep
|turn|2
|
|t:|1776180254
|switch|p2a: Clawitzer|Clawitzer, M, shiny|100/100
|move|p1a: Grimmsnarl|Light Screen|p1a: Grimmsnarl
|-sidestart|p1: eRain|move: Light Screen
|
|-weather|RainDance|[upkeep]
|upkeep
|turn|3
|
|t:|1776180258
|move|p1a: Grimmsnarl|Light Screen||[still]
|-fail|p1a: Grimmsnarl
|move|p2a: Clawitzer|Water Pulse|p1a: Grimmsnarl
|-damage|p1a: Grimmsnarl|46/100
|-damage|p2a: Clawitzer|91/100|[from] item: Life Orb
|
|-weather|RainDance|[upkeep]
|upkeep
|turn|4
|
|t:|1776180262
|move|p1a: Grimmsnarl|Reflect|p1a: Grimmsnarl
|-sidestart|p1: eRain|Reflect
|move|p2a: Clawitzer|Water Pulse|p1a: Grimmsnarl
|-damage|p1a: Grimmsnarl|8/100
|-start|p1a: Grimmsnarl|confusion
|-damage|p2a: Clawitzer|81/100|[from] item: Life Orb
|
|-weather|RainDance|[upkeep]
|upkeep
|turn|5
|
|t:|1776180272
|switch|p2a: Ninetales|Ninetales-Alola, M|100/100
|-weather|Snowscape|[from] ability: Snow Warning|[of] p2a: Ninetales
|-activate|p1a: Grimmsnarl|confusion
|move|p1a: Grimmsnarl|Parting Shot|p2a: Ninetales
|-unboost|p2a: Ninetales|atk|1
|-unboost|p2a: Ninetales|spa|1
|
|t:|1776180275
|switch|p1a: Pelipper|Pelipper, M, shiny|100/100|[from] Parting Shot
|-weather|RainDance|[from] ability: Drizzle|[of] p1a: Pelipper
|
|-weather|RainDance|[upkeep]
|upkeep
|turn|6
|j| filoutubs
|
|t:|1776180300
|switch|p2a: Walking Wake|Walking Wake|100/100
|move|p1a: Pelipper|U-turn|p2a: Walking Wake
|-damage|p2a: Walking Wake|90/100
|
|t:|1776180306
|switch|p1a: Manaphy|Manaphy, shiny|100/100|[from] U-turn
|
|-weather|RainDance|[upkeep]
|upkeep
|turn|7
|
|t:|1776180311
|-end|p2a: Walking Wake|Protosynthesis|[silent]
|switch|p2a: Ninetales|Ninetales-Alola, M|100/100
|-weather|Snowscape|[from] ability: Snow Warning|[of] p2a: Ninetales
|move|p1a: Manaphy|Tail Glow|p1a: Manaphy
|-boost|p1a: Manaphy|spa|3
|
|-weather|Snowscape|[upkeep]
|upkeep
|turn|8
|
|t:|1776180314
|move|p2a: Ninetales|Aurora Veil|p2a: Ninetales
|-sidestart|p2: Bosslayer9000|move: Aurora Veil
|move|p1a: Manaphy|Tail Glow|p1a: Manaphy
|-boost|p1a: Manaphy|spa|3
|
|-weather|Snowscape|[upkeep]
|upkeep
|turn|9
|
|t:|1776180319
|move|p2a: Ninetales|Freeze-Dry|p1a: Manaphy
|-supereffective|p1a: Manaphy
|-damage|p1a: Manaphy|82/100
|move|p1a: Manaphy|Surf|p2a: Ninetales
|-damage|p2a: Ninetales|0 fnt
|faint|p2a: Ninetales
|
|-weather|Snowscape|[upkeep]
|-sideend|p1: eRain|move: Light Screen
|upkeep
|
|t:|1776180339
|switch|p2a: Pelipper|Pelipper, M|100/100
|-weather|RainDance|[from] ability: Drizzle|[of] p2a: Pelipper
|turn|10
|
|t:|1776180349
|move|p1a: Manaphy|Surf|p2a: Pelipper
|-resisted|p2a: Pelipper
|-damage|p2a: Pelipper|0 fnt
|faint|p2a: Pelipper
|
|-weather|RainDance|[upkeep]
|upkeep
|
|t:|1776180353
|switch|p2a: Torkoal|Torkoal, F|100/100
|-weather|SunnyDay|[from] ability: Drought|[of] p2a: Torkoal
|turn|11
|
|t:|1776180359
|switch|p2a: Rillaboom|Rillaboom, F|100/100
|-fieldstart|move: Grassy Terrain|[from] ability: Grassy Surge|[of] p2a: Rillaboom
|move|p1a: Manaphy|Surf|p2a: Rillaboom
|-resisted|p2a: Rillaboom
|-damage|p2a: Rillaboom|72/100
|
|-weather|SunnyDay|[upkeep]
|-heal|p1a: Manaphy|89/100|[from] Grassy Terrain
|-heal|p2a: Rillaboom|78/100|[from] Grassy Terrain
|-sideend|p1: eRain|Reflect
|upkeep
|turn|12
|
|t:|1776180362
|-terastallize|p1a: Manaphy|Grass
|move|p2a: Rillaboom|Grassy Glide|p1a: Manaphy
|-resisted|p1a: Manaphy
|-damage|p1a: Manaphy|65/100
|-damage|p2a: Rillaboom|69/100|[from] item: Life Orb
|move|p1a: Manaphy|Ice Beam|p2a: Rillaboom
|-supereffective|p2a: Rillaboom
|-damage|p2a: Rillaboom|0 fnt
|faint|p2a: Rillaboom
|
|-weather|SunnyDay|[upkeep]
|-heal|p1a: Manaphy|72/100|[from] Grassy Terrain
|upkeep
|
|t:|1776180371
|switch|p2a: Torkoal|Torkoal, F|100/100
|turn|13
|
|t:|1776180374
|move|p1a: Manaphy|Surf|p2a: Torkoal
|-supereffective|p2a: Torkoal
|-damage|p2a: Torkoal|0 fnt
|faint|p2a: Torkoal
|
|-weather|SunnyDay|[upkeep]
|-heal|p1a: Manaphy|78/100|[from] Grassy Terrain
|upkeep
|-message|Bosslayer9000 forfeited.
|
|win|eRain
|raw|eRain's rating: 1310 &rarr; <strong>1329</strong><br />(+19 for winning)
|raw|Bosslayer9000's rating: 1299 &rarr; <strong>1275</strong><br />(-24 for losing)
|l|☆Bosslayer9000
|player|p2|
