|html|<div class="broadcast-blue"><strong>[Gen 9] OU is currently suspecting Tera Blast! For information on how to participate check out the <a href="https://www.smogon.com/tools/suspects/view/200">suspect thread</a>.</strong></div>
|j|☆fat chuds inc.
|j|☆niccommoc
|t:|1776093574
|gametype|singles
|player|p1|fat chuds inc.|collector|1574
|player|p2|niccommoc|cyclist|1535
|gen|9
|tier|[Gen 9] OU
|rated|
|rule|HP Percentage Mod: HP is shown in percentages
|rule|Endless Battle Clause: Forcing endless battles is banned
|rule|Species Clause: Limit one of each Pokémon
|rule|OHKO Clause: OHKO moves are banned
|rule|Evasion Items Clause: Evasion items are banned
|rule|Evasion Moves Clause: Evasion moves are banned
|rule|Evasion Abilities Clause: Evasion abilities are banned
|rule|Sleep Moves Clause: Sleep-inducing moves are banned
|clearpoke
|poke|p1|Maushold|
|poke|p1|Incineroar, F|
|poke|p1|Landorus-Therian, M|
|poke|p1|Azumarill, M|
|poke|p1|Slowking-Galar, F|
|poke|p1|Zamazenta-*|
|poke|p2|Ninetales-Alola, F|
|poke|p2|Kyurem|
|poke|p2|Gliscor, M|
|poke|p2|Iron Moth|
|poke|p2|Iron Hands|
|poke|p2|Great Tusk|
|teampreview
|inactive|Battle timer is ON: inactive players will automatically lose when time's up. (requested by niccommoc)
|
|t:|1776093585
|teamsize|p1|6
|teamsize|p2|6
|start
|switch|p1a: Maushold|Maushold|100/100
|switch|p2a: Ninetales|Ninetales-Alola, F|100/100
|-weather|Snowscape|[from] ability: Snow Warning|[of] p2a: Ninetales
|turn|1
|
|t:|1776093591
|move|p1a: Maushold|Population Bomb|p2a: Ninetales
|-damage|p2a: Ninetales|92/100
|-damage|p2a: Ninetales|82/100
|-damage|p2a: Ninetales|72/100
|-damage|p2a: Ninetales|62/100
|-damage|p2a: Ninetales|54/100
|-damage|p2a: Ninetales|44/100
|-damage|p2a: Ninetales|35/100
|-damage|p2a: Ninetales|25/100
|-damage|p2a: Ninetales|15/100
|-damage|p2a: Ninetales|5/100
|-hitcount|p2a: Ninetales|10
|move|p2a: Ninetales|Aurora Veil|p2a: Ninetales
|-sidestart|p2: niccommoc|move: Aurora Veil
|
|-weather|Snowscape|[upkeep]
|upkeep
|turn|2
|
|t:|1776093598
|move|p1a: Maushold|Population Bomb|p2a: Ninetales
|-damage|p2a: Ninetales|1/100
|-damage|p2a: Ninetales|0 fnt
|faint|p2a: Ninetales
|-hitcount|p2: Ninetales|2
|
|-weather|Snowscape|[upkeep]
|upkeep
|
|t:|1776093606
|switch|p2a: Kyurem|Kyurem|100/100
|-ability|p2a: Kyurem|Pressure
|turn|3
|
|t:|1776093610
|move|p1a: Maushold|Tidy Up|p1a: Maushold
|-boost|p1a: Maushold|atk|1
|-boost|p1a: Maushold|spe|1
|move|p2a: Kyurem|Dragon Dance|p2a: Kyurem
|-boost|p2a: Kyurem|atk|1
|-boost|p2a: Kyurem|spe|1
|
|-weather|Snowscape|[upkeep]
|upkeep
|turn|4
|
|t:|1776093616
|move|p1a: Maushold|Encore|p2a: Kyurem
|-start|p2a: Kyurem|Encore
|move|p2a: Kyurem|Dragon Dance|p2a: Kyurem
|-boost|p2a: Kyurem|atk|1
|-boost|p2a: Kyurem|spe|1
|
|-weather|Snowscape|[upkeep]
|upkeep
|turn|5
|
|t:|1776093621
|move|p2a: Kyurem|Dragon Dance|p2a: Kyurem
|-boost|p2a: Kyurem|atk|1
|-boost|p2a: Kyurem|spe|1
|move|p1a: Maushold|Tidy Up|p1a: Maushold
|-boost|p1a: Maushold|atk|1
|-boost|p1a: Maushold|spe|1
|
|-weather|none
|upkeep
|turn|6
|
|t:|1776093627
|move|p2a: Kyurem|Dragon Dance|p2a: Kyurem
|-boost|p2a: Kyurem|atk|1
|-boost|p2a: Kyurem|spe|1
|move|p1a: Maushold|Population Bomb|p2a: Kyurem
|-damage|p2a: Kyurem|90/100
|-damage|p2a: Kyurem|80/100
|-damage|p2a: Kyurem|70/100
|-damage|p2a: Kyurem|60/100
|-damage|p2a: Kyurem|51/100
|-damage|p2a: Kyurem|39/100
|-damage|p2a: Kyurem|29/100
|-damage|p2a: Kyurem|18/100
|-damage|p2a: Kyurem|8/100
|-damage|p2a: Kyurem|0 fnt
|faint|p2a: Kyurem
|-hitcount|p2: Kyurem|10
|
|upkeep
|
|t:|1776093631
|switch|p2a: Iron Moth|Iron Moth|100/100
|-enditem|p2a: Iron Moth|Booster Energy
|-activate|p2a: Iron Moth|ability: Quark Drive|[fromitem]
|-start|p2a: Iron Moth|quarkdrivespe
|turn|7
|
|t:|1776093634
|move|p1a: Maushold|Population Bomb|p2a: Iron Moth
|-damage|p2a: Iron Moth|84/100
|-damage|p2a: Iron Moth|68/100
|-damage|p2a: Iron Moth|51/100
|-damage|p2a: Iron Moth|35/100
|-damage|p2a: Iron Moth|19/100
|-damage|p2a: Iron Moth|4/100
|-damage|p2a: Iron Moth|0 fnt
|faint|p2a: Iron Moth
|-end|p2a: Iron Moth|Quark Drive|[silent]
|-hitcount|p2: Iron Moth|7
|
|upkeep
|
|t:|1776093638
|switch|p2a: Iron Hands|Iron Hands|100/100
|-enditem|p2a: Iron Hands|Booster Energy
|-activate|p2a: Iron Hands|ability: Quark Drive|[fromitem]
|-start|p2a: Iron Hands|quarkdriveatk
|turn|8
|
|t:|1776093643
|move|p1a: Maushold|Population Bomb|p2a: Iron Hands
|-damage|p2a: Iron Hands|92/100
|-damage|p2a: Iron Hands|85/100
|-damage|p2a: Iron Hands|77/100
|-damage|p2a: Iron Hands|70/100
|-damage|p2a: Iron Hands|63/100
|-damage|p2a: Iron Hands|54/100
|-crit|p2a: Iron Hands
|-damage|p2a: Iron Hands|32/100
|-damage|p2a: Iron Hands|24/100
|-damage|p2a: Iron Hands|17/100
|-damage|p2a: Iron Hands|9/100
|-hitcount|p2a: Iron Hands|10
|move|p2a: Iron Hands|Drain Punch|p1a: Maushold
|-supereffective|p1a: Maushold
|-damage|p1a: Maushold|0 fnt
|-heal|p2a: Iron Hands|42/100|[from] drain|[of] p1a: Maushold
|faint|p1a: Maushold
|
|-sideend|p2: niccommoc|move: Aurora Veil
|upkeep
|
|t:|1776093655
|switch|p1a: Landorus|Landorus-Therian, M|100/100
|-ability|p1a: Landorus|Intimidate|boost
|-unboost|p2a: Iron Hands|atk|1
|turn|9
|
|t:|1776093662
|move|p1a: Landorus|U-turn|p2a: Iron Hands
|-resisted|p2a: Iron Hands
|-damage|p2a: Iron Hands|33/100
|
|t:|1776093665
|switch|p1a: Azumarill|Azumarill, M|100/100|[from] U-turn
|move|p2a: Iron Hands|Ice Punch|p1a: Azumarill
|-resisted|p1a: Azumarill
|-damage|p1a: Azumarill|86/100
|
|upkeep
|turn|10
|
|t:|1776093671
|move|p2a: Iron Hands|Thunder Punch|p1a: Azumarill
|-supereffective|p1a: Azumarill
|-damage|p1a: Azumarill|13/100
|move|p1a: Azumarill|Liquidation|p2a: Iron Hands
|-damage|p2a: Iron Hands|0 fnt
|faint|p2a: Iron Hands
|-end|p2a: Iron Hands|Quark Drive|[silent]
|
|upkeep
|
|t:|1776093676
|switch|p2a: Great Tusk|Great Tusk|100/100
|-enditem|p2a: Great Tusk|Booster Energy
|-activate|p2a: Great Tusk|ability: Protosynthesis|[fromitem]
|-start|p2a: Great Tusk|protosynthesisspe
|turn|11
|
|t:|1776093685
|-terastallize|p2a: Great Tusk|Ice
|move|p2a: Great Tusk|Bulk Up|p2a: Great Tusk
|-boost|p2a: Great Tusk|atk|1
|-boost|p2a: Great Tusk|def|1
|move|p1a: Azumarill|Liquidation|p2a: Great Tusk
|-damage|p2a: Great Tusk|79/100
|
|upkeep
|turn|12
|
|t:|1776093695
|switch|p1a: Incineroar|Incineroar, F|100/100
|-ability|p1a: Incineroar|Intimidate|boost
|-unboost|p2a: Great Tusk|atk|1
|move|p2a: Great Tusk|Bulk Up|p2a: Great Tusk
|-boost|p2a: Great Tusk|atk|1
|-boost|p2a: Great Tusk|def|1
|
|upkeep
|turn|13
|
|t:|1776093699
|-terastallize|p1a: Incineroar|Flying
|move|p2a: Great Tusk|Headlong Rush|p1a: Incineroar
|-immune|p1a: Incineroar
|move|p1a: Incineroar|Will-O-Wisp|p2a: Great Tusk
|-status|p2a: Great Tusk|brn
|
|-damage|p2a: Great Tusk|73/100 brn|[from] brn
|upkeep
|turn|14
|
|t:|1776093703
|-end|p2a: Great Tusk|Protosynthesis|[silent]
|switch|p2a: Gliscor|Gliscor, M|100/100
|move|p1a: Incineroar|Overheat|p2a: Gliscor|[miss]
|-miss|p1a: Incineroar|p2a: Gliscor
|
|-status|p2a: Gliscor|tox|[from] item: Toxic Orb
|upkeep
|turn|15
|
|t:|1776093710
|move|p2a: Gliscor|Swords Dance|p2a: Gliscor
|-boost|p2a: Gliscor|atk|2
|move|p1a: Incineroar|Parting Shot|p2a: Gliscor
|-unboost|p2a: Gliscor|atk|1
|-unboost|p2a: Gliscor|spa|1
|
|t:|1776093715
|switch|p1a: Landorus|Landorus-Therian, M|100/100|[from] Parting Shot
|-ability|p1a: Landorus|Intimidate|boost
|-unboost|p2a: Gliscor|atk|1
|
|upkeep
|turn|16
|
|t:|1776093721
|move|p1a: Landorus|U-turn|p2a: Gliscor
|-resisted|p2a: Gliscor
|-damage|p2a: Gliscor|90/100 tox
|
|t:|1776093723
|switch|p1a: Incineroar|Incineroar, F, tera:Flying|100/100|[from] U-turn
|-ability|p1a: Incineroar|Intimidate|boost
|-unboost|p2a: Gliscor|atk|1
|move|p2a: Gliscor|Swords Dance|p2a: Gliscor
|-boost|p2a: Gliscor|atk|2
|
|-heal|p2a: Gliscor|100/100 tox|[from] ability: Poison Heal
|upkeep
|turn|17
|
|t:|1776093725
|move|p2a: Gliscor|Agility|p2a: Gliscor
|-boost|p2a: Gliscor|spe|2
|move|p1a: Incineroar|Parting Shot|p2a: Gliscor
|-unboost|p2a: Gliscor|atk|1
|-unboost|p2a: Gliscor|spa|1
|
|t:|1776093731
|switch|p1a: Azumarill|Azumarill, M|13/100|[from] Parting Shot
|
|upkeep
|turn|18
|
|t:|1776093734
|move|p1a: Azumarill|Aqua Jet|p2a: Gliscor
|-supereffective|p2a: Gliscor
|-damage|p2a: Gliscor|58/100 tox
|move|p2a: Gliscor|Facade|p1a: Azumarill
|-damage|p1a: Azumarill|0 fnt
|faint|p1a: Azumarill
|
|-heal|p2a: Gliscor|70/100 tox|[from] ability: Poison Heal
|upkeep
|
|t:|1776093744
|switch|p1a: Slowking|Slowking-Galar, F|100/100
|turn|19
|
|t:|1776093748
|move|p2a: Gliscor|Swords Dance|p2a: Gliscor
|-boost|p2a: Gliscor|atk|2
|move|p1a: Slowking|Ice Beam|p2a: Gliscor
|-supereffective|p2a: Gliscor
|-damage|p2a: Gliscor|0 fnt
|faint|p2a: Gliscor
|
|upkeep
|-message|niccommoc forfeited.
|
|win|fat chuds inc.
|raw|fat chuds inc.'s rating: 1574 &rarr; <strong>1592</strong><br />(+18 for winning)
|raw|niccommoc's rating: 1535 &rarr; <strong>1517</strong><br />(-18 for losing)
|l|☆niccommoc
|player|p2|
|l|☆fat chuds inc.
|player|p1|
