|html|<div class="broadcast-blue"><strong>[Gen 9] OU is currently suspecting Tera Blast! For information on how to participate check out the <a href="https://www.smogon.com/tools/suspects/view/200">suspect thread</a>.</strong></div>
|j|☆ayayaphone2
|j|☆Slowbroquaza
|t:|1776054226
|gametype|singles
|player|p1|ayayaphone2|1|1374
|player|p2|Slowbroquaza|cyrus|1336
|gen|9
|tier|[Gen 9] OU
|rated|
|rule|HP Percentage Mod: HP is shown in percentages
|rule|Endless Battle Clause: Forcing endless battles is banned
|rule|Species Clause: Limit one of each Pokémon
|rule|OHKO Clause: OHKO moves are banned
|rule|Evasion Items Clause: Evasion items are banned
|rule|Evasion Moves Clause: Evasion moves are banned
|rule|Evasion Abilities Clause: Evasion abilities are banned
|rule|Sleep Moves Clause: Sleep-inducing moves are banned
|clearpoke
|poke|p1|Breloom, F|
|poke|p1|Heatran, F|
|poke|p1|Articuno|
|poke|p1|Clodsire, F|
|poke|p1|Comfey, F|
|poke|p1|Lokix, M|
|poke|p2|Primarina, F|
|poke|p2|Garganacl, M|
|poke|p2|Clodsire, F|
|poke|p2|Weezing-Galar, M|
|poke|p2|Blaziken, M|
|poke|p2|Espeon, M|
|teampreview
|inactive|Battle timer is ON: inactive players will automatically lose when time's up. (requested by Slowbroquaza)
|inactive|ayayaphone2 also wants the timer to be on.
|
|t:|1776054236
|teamsize|p1|6
|teamsize|p2|6
|start
|switch|p1a: Breloom|Breloom, F|100/100
|switch|p2a: Garganacl|Garganacl, M|100/100
|turn|1
|
|t:|1776054239
|move|p1a: Breloom|Leech Seed|p2a: Garganacl
|-start|p2a: Garganacl|move: Leech Seed
|move|p2a: Garganacl|Salt Cure|p1a: Breloom
|-resisted|p1a: Breloom
|-damage|p1a: Breloom|95/100
|-start|p1a: Breloom|Salt Cure
|
|-damage|p2a: Garganacl|88/100|[from] Leech Seed|[of] p1a: Breloom
|-heal|p1a: Breloom|100/100|[silent]
|-damage|p1a: Breloom|88/100|[from] Salt Cure
|-status|p1a: Breloom|tox|[from] item: Toxic Orb
|upkeep
|turn|2
|
|t:|1776054246
|switch|p2a: Weezing|Weezing-Galar, M|100/100
|move|p1a: Breloom|Substitute|p1a: Breloom
|-start|p1a: Breloom|Substitute
|-damage|p1a: Breloom|63/100 tox
|
|-heal|p1a: Breloom|76/100 tox|[from] ability: Poison Heal
|-damage|p1a: Breloom|63/100 tox|[from] Salt Cure
|upkeep
|turn|3
|
|t:|1776054252
|move|p1a: Breloom|Leech Seed|p2a: Weezing
|-start|p2a: Weezing|move: Leech Seed
|move|p2a: Weezing|Strange Steam|p1a: Breloom
|-supereffective|p1a: Breloom
|-end|p1a: Breloom|Substitute
|
|-damage|p2a: Weezing|88/100|[from] Leech Seed|[of] p1a: Breloom
|-heal|p1a: Breloom|76/100 tox|[silent]
|-heal|p1a: Breloom|88/100 tox|[from] ability: Poison Heal
|-damage|p1a: Breloom|76/100 tox|[from] Salt Cure
|upkeep
|turn|4
|
|t:|1776054262
|switch|p1a: Heatran|Heatran, F|100/100
|switch|p2a: Espeon|Espeon, M|100/100
|
|upkeep
|turn|5
|
|t:|1776054268
|move|p2a: Espeon|Trick|p1a: Heatran
|-activate|p2a: Espeon|move: Trick|[of] p1a: Heatran
|-item|p1a: Heatran|Choice Specs|[from] move: Trick
|-item|p2a: Espeon|Leftovers|[from] move: Trick
|move|p1a: Heatran|Lava Plume|p2a: Espeon
|-damage|p2a: Espeon|35/100
|-status|p2a: Espeon|brn
|
|-heal|p2a: Espeon|41/100 brn|[from] item: Leftovers
|-damage|p2a: Espeon|35/100 brn|[from] brn
|upkeep
|turn|6
|
|t:|1776054291
|switch|p2a: Garganacl|Garganacl, M|88/100
|switch|p1a: Lokix|Lokix, M|100/100
|
|-heal|p2a: Garganacl|94/100|[from] item: Leftovers
|upkeep
|turn|7
|
|t:|1776054302
|move|p1a: Lokix|U-turn|p2a: Garganacl
|-damage|p2a: Garganacl|71/100
|-damage|p1a: Lokix|91/100|[from] item: Life Orb
|
|t:|1776054312
|switch|p1a: Breloom|Breloom, F|76/100 tox|[from] U-turn
|move|p2a: Garganacl|Salt Cure|p1a: Breloom
|-resisted|p1a: Breloom
|-damage|p1a: Breloom|69/100 tox
|-start|p1a: Breloom|Salt Cure
|
|-heal|p2a: Garganacl|77/100|[from] item: Leftovers
|-heal|p1a: Breloom|82/100 tox|[from] ability: Poison Heal
|-damage|p1a: Breloom|69/100 tox|[from] Salt Cure
|upkeep
|turn|8
|
|t:|1776054324
|-singleturn|p1a: Breloom|move: Focus Punch
|move|p2a: Garganacl|Stealth Rock|p1a: Breloom
|-sidestart|p1: ayayaphone2|move: Stealth Rock
|move|p1a: Breloom|Focus Punch|p2a: Garganacl
|-supereffective|p2a: Garganacl
|-damage|p2a: Garganacl|6/100
|
|-heal|p2a: Garganacl|12/100|[from] item: Leftovers
|-heal|p1a: Breloom|82/100 tox|[from] ability: Poison Heal
|-damage|p1a: Breloom|69/100 tox|[from] Salt Cure
|upkeep
|turn|9
|
|t:|1776054329
|move|p1a: Breloom|Leech Seed|p2a: Garganacl
|-start|p2a: Garganacl|move: Leech Seed
|move|p2a: Garganacl|Recover|p2a: Garganacl
|-heal|p2a: Garganacl|62/100
|
|-heal|p2a: Garganacl|68/100|[from] item: Leftovers
|-damage|p2a: Garganacl|56/100|[from] Leech Seed|[of] p1a: Breloom
|-heal|p1a: Breloom|85/100 tox|[silent]
|-heal|p1a: Breloom|97/100 tox|[from] ability: Poison Heal
|-damage|p1a: Breloom|85/100 tox|[from] Salt Cure
|upkeep
|turn|10
|
|t:|1776054337
|switch|p2a: Weezing|Weezing-Galar, M|88/100
|move|p1a: Breloom|Leech Seed|p2a: Weezing
|-start|p2a: Weezing|move: Leech Seed
|
|-damage|p2a: Weezing|76/100|[from] Leech Seed|[of] p1a: Breloom
|-heal|p1a: Breloom|97/100 tox|[silent]
|-heal|p1a: Breloom|100/100 tox|[from] ability: Poison Heal
|-damage|p1a: Breloom|88/100 tox|[from] Salt Cure
|upkeep
|turn|11
|
|t:|1776054346
|switch|p2a: Espeon|Espeon, M|35/100 brn
|move|p1a: Breloom|Protect||[still]
|-fail|p1a: Breloom
|
|-heal|p2a: Espeon|41/100 brn|[from] item: Leftovers
|-heal|p1a: Breloom|100/100 tox|[from] ability: Poison Heal
|-damage|p2a: Espeon|35/100 brn|[from] brn
|-damage|p1a: Breloom|88/100 tox|[from] Salt Cure
|upkeep
|turn|12
|
|t:|1776054363
|switch|p1a: Heatran|Heatran, F|100/100
|-damage|p1a: Heatran|88/100|[from] Stealth Rock
|move|p2a: Espeon|Alluring Voice|p1a: Heatran
|-resisted|p1a: Heatran
|-damage|p1a: Heatran|83/100
|
|-heal|p2a: Espeon|41/100 brn|[from] item: Leftovers
|-damage|p2a: Espeon|35/100 brn|[from] brn
|upkeep
|turn|13
|
|t:|1776054370
|switch|p2a: Weezing|Weezing-Galar, M|76/100
|move|p1a: Heatran|Scorching Sands|p2a: Weezing
|-immune|p2a: Weezing|[from] ability: Levitate
|
|upkeep
|turn|14
|
|t:|1776054377
|switch|p1a: Clodsire|Clodsire, F|100/100
|-damage|p1a: Clodsire|94/100|[from] Stealth Rock
|move|p2a: Weezing|Strange Steam|p1a: Clodsire
|-resisted|p1a: Clodsire
|-damage|p1a: Clodsire|88/100
|
|-heal|p1a: Clodsire|94/100|[from] item: Black Sludge
|upkeep
|turn|15
|
|t:|1776054385
|move|p2a: Weezing|Will-O-Wisp|p1a: Clodsire
|-status|p1a: Clodsire|brn
|move|p1a: Clodsire|Poison Jab|p2a: Weezing
|-damage|p2a: Weezing|69/100
|-damage|p1a: Clodsire|77/100 brn|[from] item: Rocky Helmet|[of] p2a: Weezing
|
|-heal|p1a: Clodsire|84/100 brn|[from] item: Black Sludge
|-damage|p1a: Clodsire|77/100 brn|[from] brn
|upkeep
|turn|16
|inactive|Slowbroquaza has 120 seconds left.
|inactive|Slowbroquaza has 90 seconds left.
|inactive|Slowbroquaza has 60 seconds left.
|
|t:|1776054485
|move|p2a: Weezing|Strange Steam|p1a: Clodsire
|-resisted|p1a: Clodsire
|-crit|p1a: Clodsire
|-damage|p1a: Clodsire|66/100 brn
|-start|p1a: Clodsire|confusion
|-activate|p1a: Clodsire|confusion
|move|p1a: Clodsire|Spikes|p2a: Weezing
|-sidestart|p2: Slowbroquaza|Spikes
|
|-heal|p1a: Clodsire|73/100 brn|[from] item: Black Sludge
|-damage|p1a: Clodsire|66/100 brn|[from] brn
|upkeep
|turn|17
|inactive|Slowbroquaza has 60 seconds left.
|
|t:|1776054497
|switch|p2a: Espeon|Espeon, M|35/100 brn
|-damage|p2a: Espeon|23/100 brn|[from] Spikes
|switch|p1a: Heatran|Heatran, F|83/100
|-damage|p1a: Heatran|70/100|[from] Stealth Rock
|
|-heal|p2a: Espeon|29/100 brn|[from] item: Leftovers
|-damage|p2a: Espeon|23/100 brn|[from] brn
|upkeep
|turn|18
|
|t:|1776054502
|move|p2a: Espeon|Psychic|p1a: Heatran
|-resisted|p1a: Heatran
|-damage|p1a: Heatran|49/100
|move|p1a: Heatran|Lava Plume|p2a: Espeon
|-damage|p2a: Espeon|0 fnt
|faint|p2a: Espeon
|
|upkeep
|
|t:|1776054507
|switch|p2a: Garganacl|Garganacl, M|56/100
|-damage|p2a: Garganacl|44/100|[from] Spikes
|turn|19
|
|t:|1776054510
|switch|p1a: Breloom|Breloom, F|88/100 tox
|-damage|p1a: Breloom|82/100 tox|[from] Stealth Rock
|move|p2a: Garganacl|Salt Cure|p1a: Breloom
|-resisted|p1a: Breloom
|-damage|p1a: Breloom|76/100 tox
|-start|p1a: Breloom|Salt Cure
|
|-heal|p2a: Garganacl|50/100|[from] item: Leftovers
|-heal|p1a: Breloom|88/100 tox|[from] ability: Poison Heal
|-damage|p1a: Breloom|76/100 tox|[from] Salt Cure
|upkeep
|turn|20
|inactive|Slowbroquaza has 90 seconds left.
|
|t:|1776054516
|move|p2a: Garganacl|Protect|p2a: Garganacl
|-singleturn|p2a: Garganacl|Protect
|move|p1a: Breloom|Leech Seed|p2a: Garganacl
|-activate|p2a: Garganacl|move: Protect
|
|-heal|p2a: Garganacl|56/100|[from] item: Leftovers
|-heal|p1a: Breloom|88/100 tox|[from] ability: Poison Heal
|-damage|p1a: Breloom|76/100 tox|[from] Salt Cure
|upkeep
|turn|21
|
|t:|1776054521
|switch|p2a: Clodsire|Clodsire, F|100/100
|-damage|p2a: Clodsire|88/100|[from] Spikes
|move|p1a: Breloom|Leech Seed|p2a: Clodsire
|-start|p2a: Clodsire|move: Leech Seed
|
|-heal|p2a: Clodsire|94/100|[from] item: Leftovers
|-damage|p2a: Clodsire|82/100|[from] Leech Seed|[of] p1a: Breloom
|-heal|p1a: Breloom|94/100 tox|[silent]
|-heal|p1a: Breloom|100/100 tox|[from] ability: Poison Heal
|-damage|p1a: Breloom|88/100 tox|[from] Salt Cure
|upkeep
|turn|22
|
|t:|1776054528
|switch|p1a: Lokix|Lokix, M|91/100
|-damage|p1a: Lokix|66/100|[from] Stealth Rock
|switch|p2a: Weezing|Weezing-Galar, M|69/100
|
|upkeep
|turn|23
|
|t:|1776054540
|move|p1a: Lokix|Leech Life|p2a: Weezing
|-resisted|p2a: Weezing
|-damage|p2a: Weezing|51/100
|-heal|p1a: Lokix|75/100|[from] drain|[of] p2a: Weezing
|-damage|p1a: Lokix|59/100|[from] item: Rocky Helmet|[of] p2a: Weezing
|-damage|p1a: Lokix|49/100|[from] item: Life Orb
|move|p2a: Weezing|Strange Steam|p1a: Lokix
|-supereffective|p1a: Lokix
|-damage|p1a: Lokix|0 fnt
|faint|p1a: Lokix
|
|upkeep
|
|t:|1776054555
|switch|p1a: Heatran|Heatran, F|49/100
|-damage|p1a: Heatran|36/100|[from] Stealth Rock
|turn|24
|
|t:|1776054561
|switch|p2a: Clodsire|Clodsire, F|82/100
|-damage|p2a: Clodsire|69/100|[from] Spikes
|move|p1a: Heatran|Stealth Rock|p2a: Clodsire
|-sidestart|p2: Slowbroquaza|move: Stealth Rock
|
|-heal|p2a: Clodsire|75/100|[from] item: Leftovers
|upkeep
|turn|25
|
|t:|1776054566
|switch|p1a: Articuno|Articuno|100/100
|-ability|p1a: Articuno|Pressure
|move|p2a: Clodsire|Earthquake|p1a: Articuno
|-immune|p1a: Articuno
|
|-heal|p2a: Clodsire|82/100|[from] item: Leftovers
|upkeep
|turn|26
|
|t:|1776054574
|move|p1a: Articuno|U-turn|p2a: Clodsire
|-resisted|p2a: Clodsire
|-damage|p2a: Clodsire|70/100
|
|t:|1776054577
|switch|p1a: Breloom|Breloom, F|88/100 tox|[from] U-turn
|-damage|p1a: Breloom|82/100 tox|[from] Stealth Rock
|move|p2a: Clodsire|Toxic|p1a: Breloom
|-fail|p1a: Breloom|tox
|
|-heal|p2a: Clodsire|76/100|[from] item: Leftovers
|-heal|p1a: Breloom|94/100 tox|[from] ability: Poison Heal
|upkeep
|turn|27
|-message|Slowbroquaza forfeited.
|
|win|ayayaphone2
|raw|ayayaphone2's rating: 1374 &rarr; <strong>1391</strong><br />(+17 for winning)
|raw|Slowbroquaza's rating: 1315 &rarr; <strong>1298</strong><br />(-17 for losing)
|l|☆Slowbroquaza
|player|p2|
|l|☆ayayaphone2
|player|p1|
