|html|<div class="broadcast-blue"><strong>[Gen 9] OU is currently suspecting Tera Blast! For information on how to participate check out the <a href="https://www.smogon.com/tools/suspects/view/200">suspect thread</a>.</strong></div>
|j|☆mlbebek
|j|☆levi6969
|t:|1776058414
|gametype|singles
|player|p1|mlbebek|policeman|1232
|player|p2|levi6969|266|1177
|gen|9
|tier|[Gen 9] OU
|rated|
|rule|HP Percentage Mod: HP is shown in percentages
|rule|Endless Battle Clause: Forcing endless battles is banned
|rule|Species Clause: Limit one of each Pokémon
|rule|OHKO Clause: OHKO moves are banned
|rule|Evasion Items Clause: Evasion items are banned
|rule|Evasion Moves Clause: Evasion moves are banned
|rule|Evasion Abilities Clause: Evasion abilities are banned
|rule|Sleep Moves Clause: Sleep-inducing moves are banned
|clearpoke
|poke|p1|Yanmega, M|
|poke|p1|Lokix, F|
|poke|p1|Forretress, M|
|poke|p1|Scizor, F|
|poke|p1|Kleavor, F|
|poke|p1|Vikavolt, F|
|poke|p2|Raging Bolt|
|poke|p2|Torkoal, M|
|poke|p2|Great Tusk|
|poke|p2|Lilligant-Hisui, F|
|poke|p2|Skeledirge, F|
|poke|p2|Scream Tail|
|teampreview
|inactive|Battle timer is ON: inactive players will automatically lose when time's up. (requested by levi6969)
|
|t:|1776058448
|teamsize|p1|6
|teamsize|p2|6
|start
|switch|p1a: Axe Clacks|Kleavor, F|100/100
|switch|p2a: Torkoal|Torkoal, M|100/100
|-weather|SunnyDay|[from] ability: Drought|[of] p2a: Torkoal
|turn|1
|
|t:|1776058458
|switch|p2a: Great Tusk|Great Tusk|100/100
|-activate|p2a: Great Tusk|ability: Protosynthesis
|-start|p2a: Great Tusk|protosynthesisatk
|move|p1a: Axe Clacks|Stone Axe|p2a: Great Tusk
|-resisted|p2a: Great Tusk
|-damage|p2a: Great Tusk|90/100
|-sidestart|p2: levi6969|move: Stealth Rock
|
|-weather|SunnyDay|[upkeep]
|upkeep
|turn|2
|
|t:|1776058462
|switch|p1a: Not so fast|Vikavolt, F|100/100
|move|p2a: Great Tusk|Rapid Spin|p1a: Not so fast
|-damage|p1a: Not so fast|74/100
|-boost|p2a: Great Tusk|spe|1
|-sideend|p2: levi6969|Stealth Rock|[from] move: Rapid Spin|[of] p2a: Great Tusk
|
|-weather|SunnyDay|[upkeep]
|upkeep
|turn|3
|
|t:|1776058474
|-end|p2a: Great Tusk|Protosynthesis|[silent]
|switch|p2a: Skeledirge|Skeledirge, F, shiny|100/100
|switch|p1a: Beybalde|Forretress, M|100/100
|
|-weather|SunnyDay|[upkeep]
|upkeep
|turn|4
|
|t:|1776058492
|move|p2a: Skeledirge|Torch Song|p1a: Beybalde
|-supereffective|p1a: Beybalde
|-ability|p1a: Beybalde|Sturdy
|-damage|p1a: Beybalde|1/100
|-boost|p2a: Skeledirge|spa|1
|move|p1a: Beybalde|Reflect|p1a: Beybalde
|-sidestart|p1: mlbebek|Reflect
|
|-weather|SunnyDay|[upkeep]
|upkeep
|turn|5
|
|t:|1776058497
|move|p2a: Skeledirge|Shadow Ball|p1a: Beybalde
|-damage|p1a: Beybalde|0 fnt
|faint|p1a: Beybalde
|
|-weather|SunnyDay|[upkeep]
|upkeep
|
|t:|1776058499
|switch|p1a: Axe Clacks|Kleavor, F|100/100
|turn|6
|
|t:|1776058503
|-terastallize|p2a: Skeledirge|Water
|move|p1a: Axe Clacks|Stone Axe|p2a: Skeledirge
|-damage|p2a: Skeledirge|54/100
|-sidestart|p2: levi6969|move: Stealth Rock
|move|p2a: Skeledirge|Shadow Ball|p1a: Axe Clacks
|-damage|p1a: Axe Clacks|29/100
|
|-weather|SunnyDay|[upkeep]
|upkeep
|turn|7
|
|t:|1776058515
|switch|p1a: Not so fast|Vikavolt, F|74/100
|move|p2a: Skeledirge|Shadow Ball|p1a: Not so fast
|-damage|p1a: Not so fast|7/100
|
|-weather|SunnyDay|[upkeep]
|upkeep
|turn|8
|
|t:|1776058520
|switch|p2a: Great Tusk|Great Tusk|90/100
|-damage|p2a: Great Tusk|87/100|[from] Stealth Rock
|-activate|p2a: Great Tusk|ability: Protosynthesis
|-start|p2a: Great Tusk|protosynthesisatk
|move|p1a: Not so fast|Thunderbolt|p2a: Great Tusk
|-immune|p2a: Great Tusk
|
|-weather|none
|-end|p2a: Great Tusk|Protosynthesis
|upkeep
|turn|9
|
|t:|1776058525
|switch|p1a: Oprah Winstead|Scizor, F, shiny|100/100
|move|p2a: Great Tusk|Rapid Spin|p1a: Oprah Winstead
|-resisted|p1a: Oprah Winstead
|-damage|p1a: Oprah Winstead|96/100
|-boost|p2a: Great Tusk|spe|1
|-sideend|p2: levi6969|Stealth Rock|[from] move: Rapid Spin|[of] p2a: Great Tusk
|
|upkeep
|turn|10
|
|t:|1776058529
|-end|p2a: Great Tusk|Protosynthesis|[silent]
|switch|p2a: Torkoal|Torkoal, M|100/100
|-weather|SunnyDay|[from] ability: Drought|[of] p2a: Torkoal
|move|p1a: Oprah Winstead|Knock Off|p2a: Torkoal
|-damage|p2a: Torkoal|76/100
|-enditem|p2a: Torkoal|Heat Rock|[from] move: Knock Off|[of] p1a: Oprah Winstead
|
|-weather|SunnyDay|[upkeep]
|upkeep
|turn|11
|
|t:|1776058539
|switch|p1a: Axe Clacks|Kleavor, F|29/100
|move|p2a: Torkoal|Stealth Rock|p1a: Axe Clacks
|-sidestart|p1: mlbebek|move: Stealth Rock
|
|-weather|SunnyDay|[upkeep]
|-sideend|p1: mlbebek|Reflect
|upkeep
|turn|12
|
|t:|1776058547
|switch|p2a: Great Tusk|Great Tusk|87/100
|-activate|p2a: Great Tusk|ability: Protosynthesis
|-start|p2a: Great Tusk|protosynthesisatk
|move|p1a: Axe Clacks|Stone Axe|p2a: Great Tusk|[miss]
|-miss|p1a: Axe Clacks|p2a: Great Tusk
|
|-weather|SunnyDay|[upkeep]
|upkeep
|turn|13
|
|t:|1776058560
|move|p1a: Axe Clacks|Stone Axe|p2a: Great Tusk
|-resisted|p2a: Great Tusk
|-damage|p2a: Great Tusk|77/100
|-sidestart|p2: levi6969|move: Stealth Rock
|move|p2a: Great Tusk|Ice Spinner|p1a: Axe Clacks
|-damage|p1a: Axe Clacks|0 fnt
|faint|p1a: Axe Clacks
|
|-weather|SunnyDay|[upkeep]
|upkeep
|
|t:|1776058563
|switch|p1a: Honey Dewmelon|Yanmega, M, shiny|100/100
|-damage|p1a: Honey Dewmelon|51/100|[from] Stealth Rock
|turn|14
|
|t:|1776058569
|-end|p2a: Great Tusk|Protosynthesis|[silent]
|switch|p2a: Raging Bolt|Raging Bolt|100/100
|-damage|p2a: Raging Bolt|88/100|[from] Stealth Rock
|-activate|p2a: Raging Bolt|ability: Protosynthesis
|-start|p2a: Raging Bolt|protosynthesisspa
|move|p1a: Honey Dewmelon|Protect||[still]
|-fail|p1a: Honey Dewmelon
|
|-weather|SunnyDay|[upkeep]
|-ability|p1a: Honey Dewmelon|Speed Boost|boost
|-boost|p1a: Honey Dewmelon|spe|1
|upkeep
|turn|15
|
|t:|1776058574
|-terastallize|p1a: Honey Dewmelon|Ground
|move|p1a: Honey Dewmelon|Bug Buzz|p2a: Raging Bolt
|-damage|p2a: Raging Bolt|59/100
|-enditem|p1a: Honey Dewmelon|Throat Spray
|-boost|p1a: Honey Dewmelon|spa|1|[from] item: Throat Spray
|move|p2a: Raging Bolt|Dragon Pulse|p1a: Honey Dewmelon
|-damage|p1a: Honey Dewmelon|0 fnt
|faint|p1a: Honey Dewmelon
|
|-weather|SunnyDay|[upkeep]
|upkeep
|
|t:|1776058588
|switch|p1a: Lodix|Lokix, F, shiny|100/100
|-damage|p1a: Lodix|76/100|[from] Stealth Rock
|turn|16
|
|t:|1776058590
|move|p1a: Lodix|First Impression|p2a: Raging Bolt
|-damage|p2a: Raging Bolt|25/100
|move|p2a: Raging Bolt|Dragon Pulse|p1a: Lodix
|-damage|p1a: Lodix|0 fnt
|faint|p1a: Lodix
|
|-weather|SunnyDay|[upkeep]
|upkeep
|-message|mlbebek forfeited.
|
|win|levi6969
|raw|mlbebek's rating: 1232 &rarr; <strong>1203</strong><br />(-29 for losing)
|raw|levi6969's rating: 1177 &rarr; <strong>1206</strong><br />(+29 for winning)
|l|☆mlbebek
|player|p1|
|l|☆levi6969
|player|p2|
