|html|<div class="broadcast-blue"><strong>[Gen 9] OU is currently suspecting Tera Blast! For information on how to participate check out the <a href="https://www.smogon.com/tools/suspects/view/200">suspect thread</a>.</strong></div>
|j|☆Testteambill
|j|☆ir0nv4l14nt
|t:|1776067611
|gametype|singles
|player|p1|Testteambill|169|1526
|player|p2|ir0nv4l14nt|ethan|1564
|gen|9
|tier|[Gen 9] OU
|rated|
|rule|HP Percentage Mod: HP is shown in percentages
|rule|Endless Battle Clause: Forcing endless battles is banned
|rule|Species Clause: Limit one of each Pokémon
|rule|OHKO Clause: OHKO moves are banned
|rule|Evasion Items Clause: Evasion items are banned
|rule|Evasion Moves Clause: Evasion moves are banned
|rule|Evasion Abilities Clause: Evasion abilities are banned
|rule|Sleep Moves Clause: Sleep-inducing moves are banned
|clearpoke
|poke|p1|Tinkaton, F|
|poke|p1|Serperior, M|
|poke|p1|Indeedee, M|
|poke|p1|Araquanid, M|
|poke|p1|Great Tusk|
|poke|p1|Hawlucha, M|
|poke|p2|Hydrapple, M|
|poke|p2|Gliscor, M|
|poke|p2|Slowking-Galar, M|
|poke|p2|Great Tusk|
|poke|p2|Dragonite, F|
|poke|p2|Walking Wake|
|teampreview
|inactive|Battle timer is ON: inactive players will automatically lose when time's up. (requested by ir0nv4l14nt)
|
|t:|1776067629
|teamsize|p1|6
|teamsize|p2|6
|start
|switch|p1a: Indeedee|Indeedee, M, shiny|100/100
|switch|p2a: Hydrapple|Hydrapple, M|100/100
|-fieldstart|move: Psychic Terrain|[from] ability: Psychic Surge|[of] p1a: Indeedee
|turn|1
|
|t:|1776067645
|switch|p2a: Slowking|Slowking-Galar, M|100/100
|move|p1a: Indeedee|Expanding Force|p2a: Slowking
|-damage|p2a: Slowking|38/100
|
|upkeep
|turn|2
|
|t:|1776067669
|move|p1a: Indeedee|Expanding Force|p2a: Slowking
|-damage|p2a: Slowking|0 fnt
|faint|p2a: Slowking
|
|upkeep
|
|t:|1776067677
|switch|p2a: Walking Wake|Walking Wake|100/100
|turn|3
|
|t:|1776067681
|switch|p1a: Tinkaton|Tinkaton, F, shiny|100/100
|-item|p1a: Tinkaton|Air Balloon
|move|p2a: Walking Wake|Hydro Steam|p1a: Tinkaton
|-damage|p1a: Tinkaton|49/100
|-enditem|p1a: Tinkaton|Air Balloon
|
|upkeep
|turn|4
|
|t:|1776067690
|switch|p1a: Serperior|Serperior, M, shiny|100/100
|move|p2a: Walking Wake|Hydro Steam|p1a: Serperior
|-resisted|p1a: Serperior
|-damage|p1a: Serperior|66/100
|
|-heal|p1a: Serperior|72/100|[from] item: Leftovers
|upkeep
|turn|5
|
|t:|1776067698
|-end|p2a: Walking Wake|Protosynthesis|[silent]
|switch|p2a: Hydrapple|Hydrapple, M|100/100
|move|p1a: Serperior|Leaf Storm|p2a: Hydrapple
|-resisted|p2a: Hydrapple
|-damage|p2a: Hydrapple|90/100
|-boost|p1a: Serperior|spa|2
|
|-heal|p1a: Serperior|78/100|[from] item: Leftovers
|-fieldend|move: Psychic Terrain
|upkeep
|turn|6
|
|t:|1776067704
|switch|p1a: Tinkaton|Tinkaton, F, shiny|49/100
|move|p2a: Hydrapple|Nasty Plot|p2a: Hydrapple
|-boost|p2a: Hydrapple|spa|2
|
|upkeep
|turn|7
|
|t:|1776067717
|-terastallize|p2a: Hydrapple|Poison
|move|p1a: Tinkaton|Encore|p2a: Hydrapple
|-start|p2a: Hydrapple|Encore
|move|p2a: Hydrapple|Nasty Plot|p2a: Hydrapple
|-boost|p2a: Hydrapple|spa|2
|
|upkeep
|turn|8
|
|t:|1776067723
|switch|p1a: Indeedee|Indeedee, M, shiny|100/100
|-fieldstart|move: Psychic Terrain|[from] ability: Psychic Surge|[of] p1a: Indeedee
|move|p2a: Hydrapple|Nasty Plot|p2a: Hydrapple
|-boost|p2a: Hydrapple|spa|2
|
|upkeep
|turn|9
|
|t:|1776067733
|switch|p2a: Gliscor|Gliscor, M|100/100
|move|p1a: Indeedee|Expanding Force|p2a: Gliscor
|-damage|p2a: Gliscor|0 fnt
|faint|p2a: Gliscor
|
|upkeep
|
|t:|1776067739
|switch|p2a: Dragonite|Dragonite, F|100/100
|turn|10
|
|t:|1776067751
|move|p1a: Indeedee|Expanding Force|p2a: Dragonite
|-damage|p2a: Dragonite|45/100
|move|p2a: Dragonite|Dragon Claw|p1a: Indeedee
|-damage|p1a: Indeedee|0 fnt
|faint|p1a: Indeedee
|
|upkeep
|
|t:|1776067770
|switch|p1a: Tinkaton|Tinkaton, F, shiny|49/100
|turn|11
|
|t:|1776067774
|switch|p2a: Hydrapple|Hydrapple, M, tera:Poison|100/100
|switch|p1a: Hawlucha|Hawlucha, M, shiny|100/100
|-enditem|p1a: Hawlucha|Psychic Seed
|-boost|p1a: Hawlucha|spd|1|[from] item: Psychic Seed
|
|upkeep
|turn|12
|
|t:|1776067785
|move|p1a: Hawlucha|Swords Dance|p1a: Hawlucha
|-boost|p1a: Hawlucha|atk|2
|move|p2a: Hydrapple|Fickle Beam|p1a: Hawlucha|[anim] Fickle Beam All Out
|-activate|p2a: Hydrapple|move: Fickle Beam
|-damage|p1a: Hawlucha|0 fnt
|faint|p1a: Hawlucha
|-damage|p2a: Hydrapple|91/100|[from] item: Life Orb
|
|-fieldend|move: Psychic Terrain
|upkeep
|
|t:|1776067796
|switch|p1a: Great Tusk|Great Tusk, shiny|100/100
|turn|13
|
|t:|1776067804
|move|p1a: Great Tusk|Headlong Rush|p2a: Hydrapple
|-supereffective|p2a: Hydrapple
|-damage|p2a: Hydrapple|0 fnt
|-unboost|p1a: Great Tusk|def|1
|-unboost|p1a: Great Tusk|spd|1
|faint|p2a: Hydrapple
|
|upkeep
|
|t:|1776067816
|switch|p2a: Great Tusk|Great Tusk|100/100
|turn|14
|
|t:|1776067820
|-end|p1a: Great Tusk|Protosynthesis|[silent]
|switch|p1a: Tinkaton|Tinkaton, F, shiny|49/100
|move|p2a: Great Tusk|Bulk Up|p2a: Great Tusk
|-boost|p2a: Great Tusk|atk|1
|-boost|p2a: Great Tusk|def|1
|
|upkeep
|turn|15
|
|t:|1776067823
|move|p2a: Great Tusk|Earthquake|p1a: Tinkaton
|-supereffective|p1a: Tinkaton
|-damage|p1a: Tinkaton|0 fnt
|faint|p1a: Tinkaton
|
|upkeep
|
|t:|1776067827
|switch|p1a: Serperior|Serperior, M, shiny|78/100
|turn|16
|
|t:|1776067832
|-end|p2a: Great Tusk|Protosynthesis|[silent]
|switch|p2a: Walking Wake|Walking Wake|100/100
|move|p1a: Serperior|Leaf Storm|p2a: Walking Wake|[miss]
|-miss|p1a: Serperior|p2a: Walking Wake
|
|-heal|p1a: Serperior|84/100|[from] item: Leftovers
|upkeep
|turn|17
|
|t:|1776067848
|move|p1a: Serperior|Leaf Storm|p2a: Walking Wake
|-damage|p2a: Walking Wake|50/100
|-boost|p1a: Serperior|spa|2
|move|p2a: Walking Wake|Draco Meteor|p1a: Serperior
|-damage|p1a: Serperior|0 fnt
|-unboost|p2a: Walking Wake|spa|2
|faint|p1a: Serperior
|
|upkeep
|
|t:|1776067857
|switch|p1a: Araquanid|Araquanid, M, shiny|100/100
|turn|18
|
|t:|1776067860
|-end|p2a: Walking Wake|Protosynthesis|[silent]
|switch|p2a: Dragonite|Dragonite, F|45/100
|move|p1a: Araquanid|Sticky Web|p2a: Dragonite
|-sidestart|p2: ir0nv4l14nt|move: Sticky Web
|
|upkeep
|turn|19
|
|t:|1776067866
|move|p2a: Dragonite|Dragon Claw|p1a: Araquanid
|-damage|p1a: Araquanid|20/100
|move|p1a: Araquanid|Lunge|p2a: Dragonite
|-resisted|p2a: Dragonite
|-damage|p2a: Dragonite|28/100
|-unboost|p2a: Dragonite|atk|1
|
|upkeep
|turn|20
|-enditem|p1a: Araquanid|Custap Berry|[eat]
|-activate|p1a: Araquanid|item: Custap Berry|[consumed]
|
|t:|1776067877
|move|p1a: Araquanid|Lunge|p2a: Dragonite
|-resisted|p2a: Dragonite
|-damage|p2a: Dragonite|10/100
|-unboost|p2a: Dragonite|atk|1
|move|p2a: Dragonite|Dragon Claw|p1a: Araquanid
|-damage|p1a: Araquanid|0 fnt
|faint|p1a: Araquanid
|
|upkeep
|
|t:|1776067882
|switch|p1a: Great Tusk|Great Tusk, shiny|100/100
|turn|21
|
|t:|1776067887
|move|p1a: Great Tusk|Rapid Spin|p2a: Dragonite
|-damage|p2a: Dragonite|0 fnt
|-boost|p1a: Great Tusk|spe|1
|faint|p2a: Dragonite
|
|upkeep
|
|t:|1776067889
|switch|p2a: Great Tusk|Great Tusk|100/100
|turn|22
|
|t:|1776067894
|move|p1a: Great Tusk|Ice Spinner|p2a: Great Tusk
|-supereffective|p2a: Great Tusk
|-damage|p2a: Great Tusk|53/100
|move|p2a: Great Tusk|Rapid Spin|p1a: Great Tusk
|-damage|p1a: Great Tusk|87/100
|-boost|p2a: Great Tusk|spe|1
|-sideend|p2: ir0nv4l14nt|Sticky Web|[from] move: Rapid Spin|[of] p2a: Great Tusk
|
|upkeep
|turn|23
|
|t:|1776067900
|move|p2a: Great Tusk|Bulk Up|p2a: Great Tusk
|-boost|p2a: Great Tusk|atk|1
|-boost|p2a: Great Tusk|def|1
|move|p1a: Great Tusk|Ice Spinner|p2a: Great Tusk
|-supereffective|p2a: Great Tusk
|-damage|p2a: Great Tusk|23/100
|
|upkeep
|turn|24
|
|t:|1776067916
|move|p2a: Great Tusk|Earthquake|p1a: Great Tusk
|-damage|p1a: Great Tusk|24/100
|move|p1a: Great Tusk|Headlong Rush|p2a: Great Tusk
|-damage|p2a: Great Tusk|0 fnt
|-unboost|p1a: Great Tusk|def|1
|-unboost|p1a: Great Tusk|spd|1
|faint|p2a: Great Tusk
|-end|p2a: Great Tusk|Protosynthesis|[silent]
|
|upkeep
|
|t:|1776067921
|switch|p2a: Walking Wake|Walking Wake|50/100
|turn|25
|
|t:|1776067923
|move|p1a: Great Tusk|Headlong Rush|p2a: Walking Wake
|-damage|p2a: Walking Wake|0 fnt
|-unboost|p1a: Great Tusk|def|1
|-unboost|p1a: Great Tusk|spd|1
|faint|p2a: Walking Wake
|-end|p2a: Walking Wake|Protosynthesis|[silent]
|
|win|Testteambill
|raw|Testteambill's rating: 1526 &rarr; <strong>1548</strong><br />(+22 for winning)
|raw|ir0nv4l14nt's rating: 1564 &rarr; <strong>1542</strong><br />(-22 for losing)
|l|☆Testteambill
|player|p1|
