|html|<div class="broadcast-blue"><strong>[Gen 9] OU is currently suspecting Tera Blast! For information on how to participate check out the <a href="https://www.smogon.com/tools/suspects/view/200">suspect thread</a>.</strong></div>
|j|☆disoajklsdas
|j|☆joao sinho 2
|t:|1776105648
|gametype|singles
|player|p1|disoajklsdas|170|1062
|player|p2|joao sinho 2|266|1106
|gen|9
|tier|[Gen 9] OU
|rated|
|rule|HP Percentage Mod: HP is shown in percentages
|rule|Endless Battle Clause: Forcing endless battles is banned
|rule|Species Clause: Limit one of each Pokémon
|rule|OHKO Clause: OHKO moves are banned
|rule|Evasion Items Clause: Evasion items are banned
|rule|Evasion Moves Clause: Evasion moves are banned
|rule|Evasion Abilities Clause: Evasion abilities are banned
|rule|Sleep Moves Clause: Sleep-inducing moves are banned
|clearpoke
|poke|p1|Grimmsnarl, M|
|poke|p1|Hatterene, F|
|poke|p1|Iron Valiant|
|poke|p1|Mimikyu, M|
|poke|p1|Tinkaton, F|
|poke|p1|Primarina, M|
|poke|p2|Gliscor, M|
|poke|p2|Staraptor, M|
|poke|p2|Excadrill, F|
|poke|p2|Umbreon, F|
|poke|p2|Zoroark-Hisui, M|
|poke|p2|Pikachu-Kalos, M|
|teampreview
|inactive|Battle timer is ON: inactive players will automatically lose when time's up. (requested by disoajklsdas)
|
|t:|1776105690
|teamsize|p1|6
|teamsize|p2|6
|start
|switch|p1a: Primarina|Primarina, M|100/100
|switch|p2a: Staraptor|Staraptor, M|100/100
|turn|1
|
|t:|1776105703
|move|p2a: Staraptor|U-turn|p1a: Primarina
|-resisted|p1a: Primarina
|-damage|p1a: Primarina|80/100
|
|t:|1776105717
|switch|p2a: Pikachu|Pikachu-Kalos, M|100/100|[from] U-turn
|move|p1a: Primarina|Flip Turn|p2a: Pikachu
|-damage|p2a: Pikachu|52/100
|
|t:|1776105723
|switch|p1a: Mimikyu|Mimikyu, M|100/100|[from] Flip Turn
|
|upkeep
|turn|2
|
|t:|1776105729
|move|p1a: Mimikyu|Swords Dance|p1a: Mimikyu
|-boost|p1a: Mimikyu|atk|2
|move|p2a: Pikachu|Thunderbolt|p1a: Mimikyu
|-activate|p1a: Mimikyu|ability: Disguise
|-damage|p1a: Mimikyu|100/100
|detailschange|p1a: Mimikyu|Mimikyu-Busted, M
|-damage|p1a: Mimikyu|88/100|[from] pokemon: Mimikyu-Busted
|
|upkeep
|turn|3
|
|t:|1776105747
|move|p1a: Mimikyu|Shadow Claw|p2a: Pikachu
|-damage|p2a: Pikachu|0 fnt
|faint|p2a: Pikachu
|-damage|p1a: Mimikyu|78/100|[from] item: Life Orb
|
|upkeep
|
|t:|1776105765
|switch|p2a: Umbreon|Umbreon, F|100/100
|turn|4
|
|t:|1776105770
|move|p2a: Umbreon|Shadow Ball|p1a: Mimikyu
|-supereffective|p1a: Mimikyu
|-damage|p1a: Mimikyu|0 fnt
|faint|p1a: Mimikyu
|
|upkeep
|
|t:|1776105790
|switch|p1a: Grimmsnarl|Grimmsnarl, M|100/100
|turn|5
|
|t:|1776105801
|switch|p2a: Gliscor|Gliscor, M|100/100
|move|p1a: Grimmsnarl|Light Screen|p1a: Grimmsnarl
|-sidestart|p1: disoajklsdas|move: Light Screen
|
|-status|p2a: Gliscor|tox|[from] item: Toxic Orb
|upkeep
|turn|6
|
|t:|1776105808
|move|p1a: Grimmsnarl|Reflect|p1a: Grimmsnarl
|-sidestart|p1: disoajklsdas|Reflect
|move|p2a: Gliscor|Toxic Spikes|p1a: Grimmsnarl
|-sidestart|p1: disoajklsdas|move: Toxic Spikes
|
|upkeep
|turn|7
|
|t:|1776105816
|move|p1a: Grimmsnarl|Parting Shot|p2a: Gliscor
|-unboost|p2a: Gliscor|atk|1
|-unboost|p2a: Gliscor|spa|1
|
|t:|1776105823
|switch|p1a: Primarina|Primarina, M|80/100|[from] Parting Shot
|-status|p1a: Primarina|psn
|move|p2a: Gliscor|Earthquake|p1a: Primarina
|-crit|p1a: Primarina
|-damage|p1a: Primarina|20/100 psn
|
|-damage|p1a: Primarina|8/100 psn|[from] psn
|upkeep
|turn|8
|
|t:|1776105834
|move|p2a: Gliscor|Protect|p2a: Gliscor
|-singleturn|p2a: Gliscor|Protect
|move|p1a: Primarina|Psychic Noise|p2a: Gliscor
|-activate|p2a: Gliscor|move: Protect
|
|-damage|p1a: Primarina|0 fnt|[from] psn
|faint|p1a: Primarina
|upkeep
|
|t:|1776105850
|switch|p1a: Iron Valiant|Iron Valiant|100/100
|-status|p1a: Iron Valiant|psn
|-enditem|p1a: Iron Valiant|Booster Energy
|-activate|p1a: Iron Valiant|ability: Quark Drive|[fromitem]
|-start|p1a: Iron Valiant|quarkdrivespe
|turn|9
|
|t:|1776105859
|switch|p2a: Umbreon|Umbreon, F|100/100
|move|p1a: Iron Valiant|Moonblast|p2a: Umbreon
|-supereffective|p2a: Umbreon
|-damage|p2a: Umbreon|33/100
|
|-heal|p2a: Umbreon|39/100|[from] item: Leftovers
|-damage|p1a: Iron Valiant|88/100 psn|[from] psn
|upkeep
|turn|10
|
|t:|1776105870
|move|p2a: Umbreon|Protect|p2a: Umbreon
|-singleturn|p2a: Umbreon|Protect
|move|p1a: Iron Valiant|Moonblast|p2a: Umbreon
|-activate|p2a: Umbreon|move: Protect
|
|-heal|p2a: Umbreon|45/100|[from] item: Leftovers
|-damage|p1a: Iron Valiant|76/100 psn|[from] psn
|upkeep
|turn|11
|
|t:|1776105883
|switch|p2a: Excadrill|Excadrill, F|100/100
|-ability|p2a: Excadrill|Mold Breaker
|move|p1a: Iron Valiant|Moonblast|p2a: Excadrill
|-resisted|p2a: Excadrill
|-damage|p2a: Excadrill|71/100
|-unboost|p2a: Excadrill|spa|1
|
|-damage|p1a: Iron Valiant|63/100 psn|[from] psn
|upkeep
|turn|12
|
|t:|1776105893
|move|p1a: Iron Valiant|Aura Sphere|p2a: Excadrill
|-supereffective|p2a: Excadrill
|-damage|p2a: Excadrill|0 fnt
|faint|p2a: Excadrill
|
|-damage|p1a: Iron Valiant|51/100 psn|[from] psn
|-sideend|p1: disoajklsdas|move: Light Screen
|upkeep
|
|t:|1776105907
|switch|p2a: Gliscor|Gliscor, M|100/100 tox
|turn|13
|
|t:|1776105912
|move|p2a: Gliscor|Protect|p2a: Gliscor
|-singleturn|p2a: Gliscor|Protect
|move|p1a: Iron Valiant|Moonblast|p2a: Gliscor
|-activate|p2a: Gliscor|move: Protect
|
|-damage|p1a: Iron Valiant|38/100 psn|[from] psn
|-sideend|p1: disoajklsdas|Reflect
|upkeep
|turn|14
|
|t:|1776105921
|move|p1a: Iron Valiant|Destiny Bond|p1a: Iron Valiant
|-singlemove|p1a: Iron Valiant|Destiny Bond
|move|p2a: Gliscor|Earthquake|p1a: Iron Valiant
|-damage|p1a: Iron Valiant|0 fnt
|faint|p1a: Iron Valiant
|-activate|p1a: Iron Valiant|move: Destiny Bond
|-end|p1a: Iron Valiant|Quark Drive|[silent]
|faint|p2a: Gliscor
|
|upkeep
|
|t:|1776105934
|switch|p1a: Tinkaton|Tinkaton, F|100/100
|switch|p2a: Staraptor|Staraptor, M|100/100
|-ability|p1a: Tinkaton|Mold Breaker
|-item|p1a: Tinkaton|Air Balloon
|turn|15
|
|t:|1776105943
|move|p1a: Tinkaton|Gigaton Hammer|p2a: Staraptor
|-damage|p2a: Staraptor|16/100
|move|p2a: Staraptor|Close Combat|p1a: Tinkaton
|-damage|p1a: Tinkaton|19/100
|-unboost|p2a: Staraptor|def|1
|-unboost|p2a: Staraptor|spd|1
|-enditem|p1a: Tinkaton|Air Balloon
|
|upkeep
|turn|16
|
|t:|1776105954
|move|p1a: Tinkaton|Knock Off|p2a: Staraptor
|-damage|p2a: Staraptor|0 fnt
|-enditem|p2a: Staraptor|Choice Band|[from] move: Knock Off|[of] p1a: Tinkaton
|faint|p2a: Staraptor
|
|upkeep
|
|t:|1776105967
|switch|p2a: Umbreon|Umbreon, F|100/100
|turn|17
|
|t:|1776105975
|move|p2a: Umbreon|Shadow Ball|p1a: Tinkaton
|-damage|p1a: Tinkaton|0 fnt
|faint|p1a: Tinkaton
|
|upkeep
|
|t:|1776105983
|switch|p1a: Grimmsnarl|Grimmsnarl, M|100/100
|-status|p1a: Grimmsnarl|psn
|turn|18
|
|t:|1776105989
|switch|p2a: Umbreon|Umbreon, F|45/100
|move|p1a: Grimmsnarl|Light Screen|p1a: Grimmsnarl
|-sidestart|p1: disoajklsdas|move: Light Screen
|
|-heal|p2a: Umbreon|51/100|[from] item: Leftovers
|-damage|p1a: Grimmsnarl|88/100 psn|[from] psn
|upkeep
|turn|19
|
|t:|1776105997
|move|p2a: Umbreon|Wish|p2a: Umbreon
|move|p1a: Grimmsnarl|Spirit Break|p2a: Umbreon
|-supereffective|p2a: Umbreon
|-damage|p2a: Umbreon|0 fnt
|faint|p2a: Umbreon
|
|-damage|p1a: Grimmsnarl|76/100 psn|[from] psn
|upkeep
|
|t:|1776106005
|switch|p2a: Zoroark|Zoroark-Hisui, M|100/100
|turn|20
|
|t:|1776106025
|-terastallize|p2a: Zoroark|Normal
|move|p1a: Grimmsnarl|Parting Shot|p2a: Zoroark
|-unboost|p2a: Zoroark|atk|1
|-unboost|p2a: Zoroark|spa|1
|
|t:|1776106030
|switch|p1a: Hatterene|Hatterene, F|100/100|[from] Parting Shot
|-status|p1a: Hatterene|psn
|move|p2a: Zoroark|Hyper Voice|p1a: Hatterene
|-damage|p1a: Hatterene|67/100 psn
|
|-heal|p1a: Hatterene|73/100 psn|[from] item: Leftovers
|-damage|p1a: Hatterene|61/100 psn|[from] psn
|upkeep
|turn|21
|
|t:|1776106042
|move|p2a: Zoroark|Hyper Voice|p1a: Hatterene
|-damage|p1a: Hatterene|29/100 psn
|move|p1a: Hatterene|Nuzzle|p2a: Zoroark
|-damage|p2a: Zoroark|91/100
|-status|p2a: Zoroark|par
|
|-heal|p1a: Hatterene|35/100 psn|[from] item: Leftovers
|-damage|p1a: Hatterene|23/100 psn|[from] psn
|upkeep
|turn|22
|
|t:|1776106052
|cant|p2a: Zoroark|par
|move|p1a: Hatterene|Draining Kiss|p2a: Zoroark
|-damage|p2a: Zoroark|30/100 par
|-heal|p1a: Hatterene|59/100 psn|[from] drain|[of] p2a: Zoroark
|
|-heal|p1a: Hatterene|65/100 psn|[from] item: Leftovers
|-damage|p1a: Hatterene|53/100 psn|[from] psn
|upkeep
|turn|23
|
|t:|1776106060
|move|p2a: Zoroark|Hyper Voice|p1a: Hatterene
|-damage|p1a: Hatterene|20/100 psn
|move|p1a: Hatterene|Draining Kiss|p2a: Zoroark
|-damage|p2a: Zoroark|0 fnt
|-heal|p1a: Hatterene|37/100 psn|[from] drain|[of] p2a: Zoroark
|faint|p2a: Zoroark
|
|win|disoajklsdas
|raw|disoajklsdas's rating: 1091 &rarr; <strong>1118</strong><br />(+27 for winning)
|raw|joao sinho 2's rating: 1106 &rarr; <strong>1080</strong><br />(-26 for losing)
|l|☆joao sinho 2
|player|p2|
|l|☆disoajklsdas
|player|p1|
