|html|<div class="broadcast-blue"><strong>[Gen 9] OU is currently suspecting Tera Blast! For information on how to participate check out the <a href="https://www.smogon.com/tools/suspects/view/200">suspect thread</a>.</strong></div>
|j|☆BAzz Barge
|j|☆tungstendice
|t:|1776034880
|gametype|singles
|player|p1|BAzz Barge|benga|1273
|player|p2|tungstendice|101|1220
|gen|9
|tier|[Gen 9] OU
|rated|
|rule|HP Percentage Mod: HP is shown in percentages
|rule|Endless Battle Clause: Forcing endless battles is banned
|rule|Species Clause: Limit one of each Pokémon
|rule|OHKO Clause: OHKO moves are banned
|rule|Evasion Items Clause: Evasion items are banned
|rule|Evasion Moves Clause: Evasion moves are banned
|rule|Evasion Abilities Clause: Evasion abilities are banned
|rule|Sleep Moves Clause: Sleep-inducing moves are banned
|clearpoke
|poke|p1|Tyranitar, M|
|poke|p1|Excadrill, F|
|poke|p1|Ogerpon-Cornerstone, F|
|poke|p1|Dragapult, M|
|poke|p1|Moltres|
|poke|p1|Corviknight, M|
|poke|p2|Lokix, F|
|poke|p2|Breloom, F|
|poke|p2|Volcanion|
|poke|p2|Darkrai|
|poke|p2|Iron Treads|
|poke|p2|Pecharunt|
|teampreview
|inactive|Battle timer is ON: inactive players will automatically lose when time's up. (requested by BAzz Barge)
|
|t:|1776034898
|teamsize|p1|6
|teamsize|p2|6
|start
|switch|p1a: Dragapult|Dragapult, M|100/100
|switch|p2a: i go first|Lokix, F|100/100
|turn|1
|
|t:|1776034913
|move|p1a: Dragapult|Flamethrower|p2a: i go first
|-supereffective|p2a: i go first
|-damage|p2a: i go first|0 fnt
|faint|p2a: i go first
|
|upkeep
|
|t:|1776034924
|switch|p2a: i wash and burn|Volcanion|100/100
|turn|2
|inactive|BAzz Barge has 120 seconds left.
|
|t:|1776034960
|switch|p1a: Moltres|Moltres|100/100
|move|p2a: i wash and burn|Steam Eruption|p1a: Moltres
|-supereffective|p1a: Moltres
|-damage|p1a: Moltres|0 fnt
|faint|p1a: Moltres
|
|upkeep
|
|t:|1776034980
|switch|p1a: Ogerpon|Ogerpon-Cornerstone, F|100/100
|turn|3
|
|t:|1776034985
|-terastallize|p2a: i wash and burn|Ground
|move|p1a: Ogerpon|Ivy Cudgel|p2a: i wash and burn|[anim] Ivy Cudgel Rock
|-resisted|p2a: i wash and burn
|-damage|p2a: i wash and burn|74/100
|move|p2a: i wash and burn|Steam Eruption|p1a: Ogerpon
|-ability|p1a: Ogerpon|Sturdy
|-damage|p1a: Ogerpon|1/100
|
|upkeep
|turn|4
|
|t:|1776034996
|switch|p2a: i spam|Breloom, F|100/100
|move|p1a: Ogerpon|Power Whip|p2a: i spam
|-resisted|p2a: i spam
|-damage|p2a: i spam|43/100
|
|upkeep
|turn|5
|inactive|BAzz Barge has 120 seconds left.
|
|t:|1776035007
|move|p2a: i spam|Mach Punch|p1a: Ogerpon
|-supereffective|p1a: Ogerpon
|-damage|p1a: Ogerpon|0 fnt
|faint|p1a: Ogerpon
|
|upkeep
|
|t:|1776035013
|switch|p1a: Tyranitar|Tyranitar, M|100/100
|-weather|Sandstorm|[from] ability: Sand Stream|[of] p1a: Tyranitar
|turn|6
|inactive|BAzz Barge has 120 seconds left.
|
|t:|1776035018
|switch|p1a: Dragapult|Dragapult, M|100/100
|move|p2a: i spam|Mach Punch|p1a: Dragapult
|-immune|p1a: Dragapult
|
|-weather|Sandstorm|[upkeep]
|-damage|p1a: Dragapult|95/100|[from] Sandstorm
|-damage|p2a: i spam|37/100|[from] Sandstorm
|upkeep
|turn|7
|inactive|BAzz Barge has 120 seconds left.
|
|t:|1776035032
|move|p1a: Dragapult|Flamethrower|p2a: i spam
|-supereffective|p2a: i spam
|-damage|p2a: i spam|0 fnt
|faint|p2a: i spam
|
|-weather|Sandstorm|[upkeep]
|-damage|p1a: Dragapult|89/100|[from] Sandstorm
|upkeep
|
|t:|1776035037
|switch|p2a: i scary|Darkrai|100/100
|turn|8
|
|t:|1776035044
|switch|p1a: Tyranitar|Tyranitar, M|100/100
|move|p2a: i scary|Dark Pulse|p1a: Tyranitar
|-resisted|p1a: Tyranitar
|-damage|p1a: Tyranitar|92/100
|
|-weather|Sandstorm|[upkeep]
|-damage|p2a: i scary|94/100|[from] Sandstorm
|-heal|p2a: i scary|100/100|[from] item: Leftovers
|upkeep
|turn|9
|inactive|BAzz Barge has 120 seconds left.
|
|t:|1776035067
|switch|p2a: i roll|Iron Treads|100/100
|move|p1a: Tyranitar|Thunder Wave|p2a: i roll
|-immune|p2a: i roll
|
|-weather|Sandstorm|[upkeep]
|upkeep
|turn|10
|
|t:|1776035077
|move|p2a: i roll|Earthquake|p1a: Tyranitar
|-supereffective|p1a: Tyranitar
|-damage|p1a: Tyranitar|13/100
|move|p1a: Tyranitar|Stealth Rock|p2a: i roll
|-sidestart|p2: tungstendice|move: Stealth Rock
|
|-weather|Sandstorm|[upkeep]
|upkeep
|turn|11
|
|t:|1776035084
|switch|p1a: Corviknight|Corviknight, M|100/100
|-ability|p1a: Corviknight|Pressure
|move|p2a: i roll|Ice Spinner|p1a: Corviknight
|-damage|p1a: Corviknight|79/100
|
|-weather|Sandstorm|[upkeep]
|-heal|p1a: Corviknight|85/100|[from] item: Leftovers
|upkeep
|turn|12
|inactive|BAzz Barge has 120 seconds left.
|inactive|BAzz Barge has 90 seconds left.
|
|t:|1776035159
|move|p2a: i roll|Rapid Spin|p1a: Corviknight
|-resisted|p1a: Corviknight
|-damage|p1a: Corviknight|79/100
|-boost|p2a: i roll|spe|1
|-sideend|p2: tungstendice|Stealth Rock|[from] move: Rapid Spin|[of] p2a: i roll
|move|p1a: Corviknight|U-turn|p2a: i roll
|-resisted|p2a: i roll
|-damage|p2a: i roll|94/100
|
|t:|1776035166
|switch|p1a: Excadrill|Excadrill, F|100/100|[from] U-turn
|
|-weather|Sandstorm|[upkeep]
|-heal|p2a: i roll|99/100|[from] item: Leftovers
|upkeep
|turn|13
|
|t:|1776035176
|-end|p2a: i roll|Quark Drive|[silent]
|switch|p2a: i poison|Pecharunt|100/100
|-item|p2a: i poison|Air Balloon
|move|p1a: Excadrill|Earthquake|p2a: i poison
|-immune|p2a: i poison
|
|-weather|none
|upkeep
|turn|14
|
|t:|1776035184
|move|p2a: i poison|Shadow Ball|p1a: Excadrill
|-damage|p1a: Excadrill|58/100
|move|p1a: Excadrill|Iron Head|p2a: i poison
|-damage|p2a: i poison|64/100
|-enditem|p2a: i poison|Air Balloon
|-damage|p1a: Excadrill|48/100|[from] item: Life Orb
|
|upkeep
|turn|15
|
|t:|1776035198
|switch|p1a: Tyranitar|Tyranitar, M|13/100
|-weather|Sandstorm|[from] ability: Sand Stream|[of] p1a: Tyranitar
|move|p2a: i poison|Shadow Ball|p1a: Tyranitar
|-resisted|p1a: Tyranitar
|-damage|p1a: Tyranitar|6/100
|
|-weather|Sandstorm|[upkeep]
|-damage|p2a: i poison|58/100|[from] Sandstorm
|upkeep
|turn|16
|
|t:|1776035228
|move|p2a: i poison|Recover|p2a: i poison
|-heal|p2a: i poison|100/100
|move|p1a: Tyranitar|Knock Off|p2a: i poison
|-supereffective|p2a: i poison
|-damage|p2a: i poison|58/100
|
|-weather|Sandstorm|[upkeep]
|-damage|p2a: i poison|52/100|[from] Sandstorm
|upkeep
|turn|17
|
|t:|1776035236
|move|p2a: i poison|Recover|p2a: i poison
|-heal|p2a: i poison|100/100
|move|p1a: Tyranitar|Stealth Rock|p2a: i poison
|-sidestart|p2: tungstendice|move: Stealth Rock
|
|-weather|Sandstorm|[upkeep]
|-damage|p2a: i poison|95/100|[from] Sandstorm
|upkeep
|turn|18
|inactive|BAzz Barge has 60 seconds left.
|inactive|BAzz Barge has 30 seconds left.
|inactive|BAzz Barge has 20 seconds left.
|
|t:|1776035300
|move|p2a: i poison|Nasty Plot|p2a: i poison
|-boost|p2a: i poison|spa|2
|move|p1a: Tyranitar|Thunder Wave|p2a: i poison
|-status|p2a: i poison|par
|
|-weather|Sandstorm|[upkeep]
|-damage|p2a: i poison|89/100 par|[from] Sandstorm
|upkeep
|turn|19
|inactive|BAzz Barge has 30 seconds left this turn.
|
|t:|1776035308
|move|p1a: Tyranitar|Earthquake|p2a: i poison
|-supereffective|p2a: i poison
|-damage|p2a: i poison|46/100 par
|cant|p2a: i poison|par
|
|-weather|Sandstorm|[upkeep]
|-damage|p2a: i poison|40/100 par|[from] Sandstorm
|upkeep
|turn|20
|inactive|BAzz Barge has 30 seconds left.
|
|t:|1776035316
|switch|p1a: Corviknight|Corviknight, M|79/100
|-ability|p1a: Corviknight|Pressure
|move|p2a: i poison|Recover|p2a: i poison
|-heal|p2a: i poison|90/100 par
|
|-weather|Sandstorm|[upkeep]
|-damage|p2a: i poison|84/100 par|[from] Sandstorm
|-heal|p1a: Corviknight|85/100|[from] item: Leftovers
|upkeep
|turn|21
|inactive|BAzz Barge has 30 seconds left.
|
|t:|1776035328
|move|p1a: Corviknight|Brave Bird|p2a: i poison
|-crit|p2a: i poison
|-damage|p2a: i poison|43/100 par
|-damage|p1a: Corviknight|75/100|[from] Recoil
|move|p2a: i poison|Shadow Ball|p1a: Corviknight
|-damage|p1a: Corviknight|26/100
|
|-weather|Sandstorm|[upkeep]
|-damage|p2a: i poison|37/100 par|[from] Sandstorm
|-heal|p1a: Corviknight|32/100|[from] item: Leftovers
|upkeep
|turn|22
|
|t:|1776035338
|move|p1a: Corviknight|Brave Bird|p2a: i poison
|-damage|p2a: i poison|10/100 par
|-damage|p1a: Corviknight|25/100|[from] Recoil
|move|p2a: i poison|Recover|p2a: i poison
|-heal|p2a: i poison|60/100 par
|
|-weather|none
|-heal|p1a: Corviknight|31/100|[from] item: Leftovers
|upkeep
|turn|23
|
|t:|1776035348
|switch|p1a: Tyranitar|Tyranitar, M|6/100
|-weather|Sandstorm|[from] ability: Sand Stream|[of] p1a: Tyranitar
|move|p2a: i poison|Recover|p2a: i poison
|-heal|p2a: i poison|100/100 par
|
|-weather|Sandstorm|[upkeep]
|-damage|p2a: i poison|95/100 par|[from] Sandstorm
|upkeep
|turn|24
|
|t:|1776035361
|move|p1a: Tyranitar|Earthquake|p2a: i poison
|-supereffective|p2a: i poison
|-damage|p2a: i poison|52/100 par
|cant|p2a: i poison|par
|
|-weather|Sandstorm|[upkeep]
|-damage|p2a: i poison|46/100 par|[from] Sandstorm
|upkeep
|turn|25
|inactive|BAzz Barge has 30 seconds left.
|inactive|BAzz Barge has 20 seconds left.
|inactive|BAzz Barge has 15 seconds left.
|
|t:|1776035398
|switch|p1a: Excadrill|Excadrill, F|48/100
|move|p2a: i poison|Recover|p2a: i poison
|-heal|p2a: i poison|96/100 par
|
|-weather|Sandstorm|[upkeep]
|-damage|p2a: i poison|90/100 par|[from] Sandstorm
|upkeep
|turn|26
|inactive|BAzz Barge has 25 seconds left this turn.
|inactive|BAzz Barge has 20 seconds left.
|
|t:|1776035408
|move|p1a: Excadrill|Earthquake|p2a: i poison
|-supereffective|p2a: i poison
|-damage|p2a: i poison|0 fnt
|faint|p2a: i poison
|-damage|p1a: Excadrill|38/100|[from] item: Life Orb
|
|-weather|Sandstorm|[upkeep]
|upkeep
|
|t:|1776035428
|switch|p2a: i scary|Darkrai|100/100
|-damage|p2a: i scary|88/100|[from] Stealth Rock
|turn|27
|inactive|BAzz Barge has 30 seconds left.
|
|t:|1776035436
|move|p1a: Excadrill|Earthquake|p2a: i scary
|-damage|p2a: i scary|0 fnt
|faint|p2a: i scary
|-damage|p1a: Excadrill|28/100|[from] item: Life Orb
|
|-weather|Sandstorm|[upkeep]
|upkeep
|
|t:|1776035442
|switch|p2a: i wash and burn|Volcanion, tera:Ground|74/100
|-damage|p2a: i wash and burn|68/100|[from] Stealth Rock
|turn|28
|
|t:|1776035448
|move|p1a: Excadrill|Earthquake|p2a: i wash and burn
|-damage|p2a: i wash and burn|0 fnt
|faint|p2a: i wash and burn
|-damage|p1a: Excadrill|18/100|[from] item: Life Orb
|
|-weather|Sandstorm|[upkeep]
|upkeep
|
|t:|1776035450
|switch|p2a: i roll|Iron Treads|99/100
|-damage|p2a: i roll|97/100|[from] Stealth Rock
|turn|29
|c|☆BAzz Barge|gg
|
|t:|1776035457
|move|p1a: Excadrill|Earthquake|p2a: i roll
|-supereffective|p2a: i roll
|-damage|p2a: i roll|0 fnt
|faint|p2a: i roll
|-end|p2a: i roll|Quark Drive|[silent]
|-damage|p1a: Excadrill|8/100|[from] item: Life Orb
|
|win|BAzz Barge
|raw|BAzz Barge's rating: 1273 &rarr; <strong>1294</strong><br />(+21 for winning)
|raw|tungstendice's rating: 1220 &rarr; <strong>1199</strong><br />(-21 for losing)
|l|☆tungstendice
|player|p2|
