|html|<div class="broadcast-blue"><strong>[Gen 9] OU is currently suspecting Tera Blast! For information on how to participate check out the <a href="https://www.smogon.com/tools/suspects/view/200">suspect thread</a>.</strong></div>
|j|☆greedman456
|j|☆alexis dipoalo
|t:|1776101179
|gametype|singles
|player|p1|greedman456|brock|1544
|player|p2|alexis dipoalo|waitress|1465
|gen|9
|tier|[Gen 9] OU
|rated|
|rule|HP Percentage Mod: HP is shown in percentages
|rule|Endless Battle Clause: Forcing endless battles is banned
|rule|Species Clause: Limit one of each Pokémon
|rule|OHKO Clause: OHKO moves are banned
|rule|Evasion Items Clause: Evasion items are banned
|rule|Evasion Moves Clause: Evasion moves are banned
|rule|Evasion Abilities Clause: Evasion abilities are banned
|rule|Sleep Moves Clause: Sleep-inducing moves are banned
|clearpoke
|poke|p1|Pelipper, M|
|poke|p1|Talonflame, M|
|poke|p1|Hatterene, F|
|poke|p1|Landorus-Therian, M|
|poke|p1|Cinderace, F|
|poke|p1|Zamazenta-*|
|poke|p2|Dondozo, M|
|poke|p2|Blissey, F|
|poke|p2|Gliscor, F|
|poke|p2|Toxapex, F|
|poke|p2|Mandibuzz, F|
|poke|p2|Talonflame, M|
|teampreview
|inactive|Battle timer is ON: inactive players will automatically lose when time's up. (requested by alexis dipoalo)
|
|t:|1776101186
|teamsize|p1|6
|teamsize|p2|6
|start
|switch|p1a: Pelipper|Pelipper, M|100/100
|switch|p2a: Gliscor|Gliscor, F|100/100
|-weather|RainDance|[from] ability: Drizzle|[of] p1a: Pelipper
|turn|1
|
|t:|1776101190
|move|p2a: Gliscor|Protect|p2a: Gliscor
|-singleturn|p2a: Gliscor|Protect
|move|p1a: Pelipper|Weather Ball|p2a: Gliscor
|-activate|p2a: Gliscor|move: Protect
|
|-weather|RainDance|[upkeep]
|-status|p2a: Gliscor|tox|[from] item: Toxic Orb
|upkeep
|turn|2
|
|t:|1776101196
|switch|p2a: Toxapex|Toxapex, F|100/100
|move|p1a: Pelipper|Weather Ball|p2a: Toxapex
|-resisted|p2a: Toxapex
|-damage|p2a: Toxapex|64/100
|
|-weather|RainDance|[upkeep]
|-heal|p2a: Toxapex|70/100|[from] item: Black Sludge
|upkeep
|turn|3
|
|t:|1776101203
|switch|p1a: Landorus|Landorus-Therian, M|100/100
|-ability|p1a: Landorus|Intimidate|boost
|-unboost|p2a: Toxapex|atk|1
|move|p2a: Toxapex|Sludge Bomb|p1a: Landorus
|-resisted|p1a: Landorus
|-damage|p1a: Landorus|88/100
|
|-weather|RainDance|[upkeep]
|-heal|p2a: Toxapex|76/100|[from] item: Black Sludge
|upkeep
|turn|4
|
|t:|1776101215
|switch|p2a: Talonflame|Talonflame, M|100/100
|-terastallize|p1a: Landorus|Water
|move|p1a: Landorus|Tera Blast|p2a: Talonflame|[anim] Tera Blast Water
|-supereffective|p2a: Talonflame
|-damage|p2a: Talonflame|0 fnt
|faint|p2a: Talonflame
|
|-weather|RainDance|[upkeep]
|upkeep
|
|t:|1776101224
|switch|p2a: Dondozo|Dondozo, M|100/100
|turn|5
|
|t:|1776101229
|switch|p1a: Zamazenta|Zamazenta|100/100
|-ability|p1a: Zamazenta|Dauntless Shield|boost
|-boost|p1a: Zamazenta|def|1
|move|p2a: Dondozo|Avalanche|p1a: Zamazenta
|-damage|p1a: Zamazenta|90/100
|
|-weather|none
|-heal|p1a: Zamazenta|96/100|[from] item: Leftovers
|upkeep
|turn|6
|
|t:|1776101242
|switch|p2a: Toxapex|Toxapex, F|100/100
|move|p1a: Zamazenta|Body Press|p2a: Toxapex
|-resisted|p2a: Toxapex
|-damage|p2a: Toxapex|83/100
|
|-heal|p1a: Zamazenta|100/100|[from] item: Leftovers
|-heal|p2a: Toxapex|89/100|[from] item: Black Sludge
|upkeep
|turn|7
|
|t:|1776101257
|switch|p1a: Pelipper|Pelipper, M|100/100
|-weather|RainDance|[from] ability: Drizzle|[of] p1a: Pelipper
|move|p2a: Toxapex|Sludge Bomb|p1a: Pelipper
|-damage|p1a: Pelipper|70/100
|
|-weather|RainDance|[upkeep]
|-heal|p2a: Toxapex|95/100|[from] item: Black Sludge
|upkeep
|turn|8
|
|t:|1776101268
|move|p1a: Pelipper|Knock Off|p2a: Toxapex
|-damage|p2a: Toxapex|87/100
|-enditem|p2a: Toxapex|Black Sludge|[from] move: Knock Off|[of] p1a: Pelipper
|move|p2a: Toxapex|Sludge Bomb|p1a: Pelipper
|-damage|p1a: Pelipper|37/100
|-status|p1a: Pelipper|psn
|
|-weather|RainDance|[upkeep]
|-damage|p1a: Pelipper|25/100 psn|[from] psn
|upkeep
|turn|9
|
|t:|1776101278
|switch|p1a: Landorus|Landorus-Therian, M, tera:Water|88/100
|-ability|p1a: Landorus|Intimidate|boost
|-unboost|p2a: Toxapex|atk|1
|move|p2a: Toxapex|Sludge Bomb|p1a: Landorus
|-damage|p1a: Landorus|65/100
|
|-weather|RainDance|[upkeep]
|upkeep
|turn|10
|
|t:|1776101288
|switch|p2a: Dondozo|Dondozo, M|100/100
|move|p1a: Landorus|Earthquake|p2a: Dondozo
|-damage|p2a: Dondozo|75/100
|
|-weather|RainDance|[upkeep]
|-heal|p2a: Dondozo|81/100|[from] item: Leftovers
|upkeep
|turn|11
|
|t:|1776101296
|switch|p1a: Hatterene|Hatterene, F|100/100
|move|p2a: Dondozo|Avalanche|p1a: Hatterene
|-damage|p1a: Hatterene|86/100
|
|-weather|none
|-heal|p2a: Dondozo|87/100|[from] item: Leftovers
|upkeep
|turn|12
|
|t:|1776101305
|switch|p2a: Gliscor|Gliscor, F|100/100 tox
|move|p1a: Hatterene|Nuzzle|p2a: Gliscor
|-immune|p2a: Gliscor
|
|upkeep
|turn|13
|
|t:|1776101312
|-terastallize|p2a: Gliscor|Water
|move|p2a: Gliscor|Knock Off|p1a: Hatterene
|-crit|p1a: Hatterene
|-damage|p1a: Hatterene|52/100
|-enditem|p1a: Hatterene|Assault Vest|[from] move: Knock Off|[of] p2a: Gliscor
|move|p1a: Hatterene|Psychic Noise|p2a: Gliscor
|-damage|p2a: Gliscor|69/100 tox
|-start|p2a: Gliscor|move: Heal Block
|
|upkeep
|turn|14
|
|t:|1776101323
|switch|p2a: Mandibuzz|Mandibuzz, F|100/100
|move|p1a: Hatterene|Nuzzle|p2a: Mandibuzz
|-supereffective|p2a: Mandibuzz
|-damage|p2a: Mandibuzz|94/100
|-status|p2a: Mandibuzz|par
|
|upkeep
|turn|15
|
|t:|1776101329
|move|p2a: Mandibuzz|Knock Off|p1a: Hatterene
|-damage|p1a: Hatterene|33/100
|move|p1a: Hatterene|Draining Kiss|p2a: Mandibuzz
|-supereffective|p2a: Mandibuzz
|-damage|p2a: Mandibuzz|58/100 par
|-heal|p1a: Hatterene|69/100|[from] drain|[of] p2a: Mandibuzz
|
|upkeep
|turn|16
|
|t:|1776101340
|move|p2a: Mandibuzz|Roost|p2a: Mandibuzz
|-heal|p2a: Mandibuzz|100/100 par
|-singleturn|p2a: Mandibuzz|move: Roost
|move|p1a: Hatterene|Draining Kiss|p2a: Mandibuzz
|-supereffective|p2a: Mandibuzz
|-damage|p2a: Mandibuzz|69/100 par
|-heal|p1a: Hatterene|100/100|[from] drain|[of] p2a: Mandibuzz
|
|upkeep
|turn|17
|
|t:|1776101346
|cant|p2a: Mandibuzz|par
|move|p1a: Hatterene|Nuzzle|p2a: Mandibuzz
|-supereffective|p2a: Mandibuzz
|-damage|p2a: Mandibuzz|63/100 par
|
|upkeep
|turn|18
|
|t:|1776101350
|move|p2a: Mandibuzz|Knock Off|p1a: Hatterene
|-damage|p1a: Hatterene|82/100
|move|p1a: Hatterene|Mystical Fire|p2a: Mandibuzz
|-damage|p2a: Mandibuzz|45/100 par
|-unboost|p2a: Mandibuzz|spa|1
|
|upkeep
|turn|19
|
|t:|1776101355
|cant|p2a: Mandibuzz|par
|move|p1a: Hatterene|Draining Kiss|p2a: Mandibuzz
|-supereffective|p2a: Mandibuzz
|-damage|p2a: Mandibuzz|11/100 par
|-heal|p1a: Hatterene|100/100|[from] drain|[of] p2a: Mandibuzz
|
|upkeep
|turn|20
|
|t:|1776101360
|move|p2a: Mandibuzz|Roost|p2a: Mandibuzz
|-heal|p2a: Mandibuzz|61/100 par
|-singleturn|p2a: Mandibuzz|move: Roost
|move|p1a: Hatterene|Draining Kiss|p2a: Mandibuzz
|-supereffective|p2a: Mandibuzz
|-damage|p2a: Mandibuzz|28/100 par
|
|upkeep
|turn|21
|
|t:|1776101367
|switch|p2a: Toxapex|Toxapex, F|100/100
|move|p1a: Hatterene|Draining Kiss|p2a: Toxapex
|-resisted|p2a: Toxapex
|-damage|p2a: Toxapex|91/100
|
|upkeep
|turn|22
|
|t:|1776101369
|move|p2a: Toxapex|Sludge Bomb|p1a: Hatterene
|-supereffective|p1a: Hatterene
|-damage|p1a: Hatterene|66/100
|move|p1a: Hatterene|Psychic Noise|p2a: Toxapex
|-supereffective|p2a: Toxapex
|-damage|p2a: Toxapex|42/100
|-start|p2a: Toxapex|move: Heal Block
|
|upkeep
|turn|23
|
|t:|1776101381
|switch|p2a: Blissey|Blissey, F|100/100
|move|p1a: Hatterene|Psychic Noise|p2a: Blissey
|-crit|p2a: Blissey
|-damage|p2a: Blissey|84/100
|-start|p2a: Blissey|move: Heal Block
|
|upkeep
|turn|24
|
|t:|1776101389
|move|p2a: Blissey|Calm Mind|p2a: Blissey
|-boost|p2a: Blissey|spa|1
|-boost|p2a: Blissey|spd|1
|move|p1a: Hatterene|Draining Kiss|p2a: Blissey
|-damage|p2a: Blissey|78/100
|-heal|p1a: Hatterene|74/100|[from] drain|[of] p2a: Blissey
|
|-end|p2a: Blissey|move: Heal Block
|upkeep
|turn|25
|
|t:|1776101400
|switch|p1a: Zamazenta|Zamazenta|100/100
|move|p2a: Blissey|Seismic Toss|p1a: Zamazenta
|-damage|p1a: Zamazenta|73/100
|
|-heal|p1a: Zamazenta|80/100|[from] item: Leftovers
|-heal|p2a: Blissey|85/100|[from] item: Leftovers
|upkeep
|turn|26
|
|t:|1776101412
|switch|p2a: Dondozo|Dondozo, M|87/100
|move|p1a: Zamazenta|Body Press|p2a: Dondozo
|-crit|p2a: Dondozo
|-damage|p2a: Dondozo|62/100
|
|-heal|p1a: Zamazenta|86/100|[from] item: Leftovers
|-heal|p2a: Dondozo|68/100|[from] item: Leftovers
|upkeep
|turn|27
|
|t:|1776101423
|move|p1a: Zamazenta|Iron Defense|p1a: Zamazenta
|-boost|p1a: Zamazenta|def|2
|move|p2a: Dondozo|Rest|p2a: Dondozo
|-status|p2a: Dondozo|slp|[from] move: Rest
|-heal|p2a: Dondozo|100/100 slp|[silent]
|
|-heal|p1a: Zamazenta|92/100|[from] item: Leftovers
|upkeep
|turn|28
|
|t:|1776101439
|switch|p1a: Pelipper|Pelipper, M|25/100 psn
|-weather|RainDance|[from] ability: Drizzle|[of] p1a: Pelipper
|cant|p2a: Dondozo|slp
|move|p2a: Dondozo|Sleep Talk|p2a: Dondozo
|move|p2a: Dondozo|Body Press|p1a: Pelipper|[from] move: Sleep Talk
|-resisted|p1a: Pelipper
|-damage|p1a: Pelipper|8/100 psn
|
|-weather|RainDance|[upkeep]
|-damage|p1a: Pelipper|0 fnt|[from] psn
|faint|p1a: Pelipper
|upkeep
|inactive|greedman456 has 120 seconds left.
|
|t:|1776101469
|switch|p1a: Talonflame|Talonflame, M|100/100
|turn|29
|
|t:|1776101472
|move|p1a: Talonflame|Hurricane|p2a: Dondozo
|-damage|p2a: Dondozo|42/100 slp
|cant|p2a: Dondozo|slp
|move|p2a: Dondozo|Sleep Talk|p2a: Dondozo
|move|p2a: Dondozo|Rest||[from] move: Sleep Talk|[still]
|-fail|p2a: Dondozo
|
|-weather|RainDance|[upkeep]
|-heal|p2a: Dondozo|49/100 slp|[from] item: Leftovers
|upkeep
|turn|30
|
|t:|1776101482
|switch|p2a: Toxapex|Toxapex, F|75/100
|move|p1a: Talonflame|Hurricane|p2a: Toxapex
|-damage|p2a: Toxapex|30/100
|
|-weather|RainDance|[upkeep]
|upkeep
|turn|31
|
|t:|1776101494
|switch|p2a: Blissey|Blissey, F|85/100
|move|p1a: Talonflame|Hurricane|p2a: Blissey
|-damage|p2a: Blissey|63/100
|-start|p2a: Blissey|confusion
|
|-weather|RainDance|[upkeep]
|-heal|p2a: Blissey|70/100|[from] item: Leftovers
|upkeep
|turn|32
|
|t:|1776101502
|switch|p1a: Landorus|Landorus-Therian, M, tera:Water|65/100
|-ability|p1a: Landorus|Intimidate|boost
|-unboost|p2a: Blissey|atk|1
|switch|p2a: Toxapex|Toxapex, F|63/100
|
|-weather|none
|upkeep
|turn|33
|
|t:|1776101511
|switch|p2a: Gliscor|Gliscor, F, tera:Water|69/100 tox
|move|p1a: Landorus|Earthquake|p2a: Gliscor
|-damage|p2a: Gliscor|21/100 tox
|
|-heal|p2a: Gliscor|34/100 tox|[from] ability: Poison Heal
|upkeep
|turn|34
|
|t:|1776101518
|move|p2a: Gliscor|Protect|p2a: Gliscor
|-singleturn|p2a: Gliscor|Protect
|move|p1a: Landorus|Earthquake|p2a: Gliscor
|-activate|p2a: Gliscor|move: Protect
|
|-heal|p2a: Gliscor|46/100 tox|[from] ability: Poison Heal
|upkeep
|turn|35
|
|t:|1776101521
|move|p1a: Landorus|Earthquake|p2a: Gliscor
|-damage|p2a: Gliscor|0 fnt
|faint|p2a: Gliscor
|
|upkeep
|-message|alexis dipoalo forfeited.
|
|win|greedman456
|raw|greedman456's rating: 1544 &rarr; <strong>1560</strong><br />(+16 for winning)
|raw|alexis dipoalo's rating: 1465 &rarr; <strong>1449</strong><br />(-16 for losing)
|l|☆alexis dipoalo
|player|p2|
|l|☆greedman456
|player|p1|
