|html|<div class="broadcast-blue"><strong>[Gen 9] OU is currently suspecting Tera Blast! For information on how to participate check out the <a href="https://www.smogon.com/tools/suspects/view/200">suspect thread</a>.</strong></div>
|j|☆matthiccc
|j|☆fat chud seal
|t:|1776173596
|gametype|singles
|player|p1|matthiccc|265|1178
|player|p2|fat chud seal|2|1131
|gen|9
|tier|[Gen 9] OU
|rated|
|rule|HP Percentage Mod: HP is shown in percentages
|rule|Endless Battle Clause: Forcing endless battles is banned
|rule|Species Clause: Limit one of each Pokémon
|rule|OHKO Clause: OHKO moves are banned
|rule|Evasion Items Clause: Evasion items are banned
|rule|Evasion Moves Clause: Evasion moves are banned
|rule|Evasion Abilities Clause: Evasion abilities are banned
|rule|Sleep Moves Clause: Sleep-inducing moves are banned
|clearpoke
|poke|p1|Slowking-Galar, F|
|poke|p1|Weavile, F|
|poke|p1|Great Tusk|
|poke|p1|Corviknight, M|
|poke|p1|Alomomola, M|
|poke|p1|Dragapult, F|
|poke|p2|Reuniclus, M|
|poke|p2|Corviknight, F|
|poke|p2|Ceruledge, F|
|poke|p2|Zarude|
|poke|p2|Iron Valiant|
|poke|p2|Barraskewda, F|
|teampreview
|inactive|Battle timer is ON: inactive players will automatically lose when time's up. (requested by matthiccc)
|
|t:|1776173609
|teamsize|p1|6
|teamsize|p2|6
|start
|switch|p1a: Slowking|Slowking-Galar, F|100/100
|switch|p2a: Thingamebob|Reuniclus, M|100/100
|turn|1
|
|t:|1776173616
|move|p2a: Thingamebob|Trick|p1a: Slowking
|-activate|p2a: Thingamebob|move: Trick|[of] p1a: Slowking
|-item|p1a: Slowking|Sticky Barb|[from] move: Trick
|-item|p2a: Thingamebob|Heavy-Duty Boots|[from] move: Trick
|move|p1a: Slowking|Thunder Wave|p2a: Thingamebob
|-status|p2a: Thingamebob|par
|
|-damage|p1a: Slowking|88/100|[from] item: Sticky Barb
|upkeep
|turn|2
|
|t:|1776173626
|move|p1a: Slowking|Future Sight|p2a: Thingamebob
|-start|p1a: Slowking|move: Future Sight
|move|p2a: Thingamebob|Psychic Noise|p1a: Slowking
|-damage|p1a: Slowking|68/100
|-start|p1a: Slowking|move: Heal Block
|
|-damage|p1a: Slowking|56/100|[from] item: Sticky Barb
|upkeep
|turn|3
|
|t:|1776173633
|-prepare|p1a: Slowking|Chilly Reception|[premajor]
|move|p1a: Slowking|Chilly Reception|p1a: Slowking
|-weather|Snowscape
|
|t:|1776173638
|switch|p1a: Weavile|Weavile, F|100/100|[from] Chilly Reception
|-ability|p1a: Weavile|Pressure
|cant|p2a: Thingamebob|par
|
|-weather|Snowscape|[upkeep]
|upkeep
|turn|4
|
|t:|1776173650
|switch|p2a: Doodad|Corviknight, F|100/100
|move|p1a: Weavile|Knock Off|p2a: Doodad
|-damage|p2a: Doodad|59/100
|-enditem|p2a: Doodad|Leftovers|[from] move: Knock Off|[of] p1a: Weavile
|
|-weather|Snowscape|[upkeep]
|-end|p2a: Doodad|move: Future Sight
|-resisted|p2a: Doodad
|-damage|p2a: Doodad|37/100
|upkeep
|turn|5
|
|t:|1776173667
|switch|p1a: Slowking|Slowking-Galar, F|89/100
|move|p2a: Doodad|Roost|p2a: Doodad
|-heal|p2a: Doodad|87/100
|-singleturn|p2a: Doodad|move: Roost
|
|-weather|Snowscape|[upkeep]
|-damage|p1a: Slowking|76/100|[from] item: Sticky Barb
|upkeep
|turn|6
|
|t:|1776173681
|move|p2a: Doodad|U-turn|p1a: Slowking
|-damage|p1a: Slowking|63/100
|
|t:|1776173684
|switch|p2a: Thingamebob|Reuniclus, M|100/100 par|[from] U-turn
|move|p1a: Slowking|Future Sight|p2a: Thingamebob
|-start|p1a: Slowking|move: Future Sight
|
|-weather|Snowscape|[upkeep]
|upkeep
|turn|7
|
|t:|1776173695
|-prepare|p1a: Slowking|Chilly Reception|[premajor]
|move|p1a: Slowking|Chilly Reception|p1a: Slowking
|
|t:|1776173704
|switch|p1a: Weavile|Weavile, F|100/100|[from] Chilly Reception
|-ability|p1a: Weavile|Pressure
|cant|p2a: Thingamebob|par
|
|-weather|none
|upkeep
|turn|8
|n|!fat chud seal|fatchudseal
|
|t:|1776173713
|switch|p1a: Dragapult|Dragapult, F|100/100
|move|p2a: Thingamebob|Thunder Wave|p1a: Dragapult
|-status|p1a: Dragapult|par
|
|-end|p2a: Thingamebob|move: Future Sight
|-resisted|p2a: Thingamebob
|-damage|p2a: Thingamebob|85/100 par
|upkeep
|turn|9
|
|t:|1776173725
|switch|p2a: whatchamacallit|Zarude|100/100
|move|p1a: Dragapult|Shadow Ball|p2a: whatchamacallit
|-resisted|p2a: whatchamacallit
|-damage|p2a: whatchamacallit|77/100
|
|upkeep
|turn|10
|
|t:|1776173732
|switch|p1a: Corviknight|Corviknight, M|100/100
|-ability|p1a: Corviknight|Pressure
|move|p2a: whatchamacallit|Knock Off|p1a: Corviknight
|-damage|p1a: Corviknight|67/100
|-damage|p2a: whatchamacallit|61/100|[from] item: Rocky Helmet|[of] p1a: Corviknight
|-enditem|p1a: Corviknight|Rocky Helmet|[from] move: Knock Off|[of] p2a: whatchamacallit
|
|upkeep
|turn|11
|
|t:|1776173743
|switch|p2a: Doodad|Corviknight, F|87/100
|move|p1a: Corviknight|U-turn|p2a: Doodad
|-resisted|p2a: Doodad
|-damage|p2a: Doodad|85/100
|
|t:|1776173749
|switch|p1a: Dragapult|Dragapult, F|100/100 par|[from] U-turn
|
|upkeep
|turn|12
|
|t:|1776173756
|switch|p2a: thingamejig|Ceruledge, F|100/100
|move|p1a: Dragapult|Thunderbolt|p2a: thingamejig
|-damage|p2a: thingamejig|77/100
|
|upkeep
|turn|13
|
|t:|1776173765
|switch|p1a: Weavile|Weavile, F|100/100
|-ability|p1a: Weavile|Pressure
|move|p2a: thingamejig|Shadow Claw|p1a: Weavile
|-resisted|p1a: Weavile
|-damage|p1a: Weavile|65/100
|
|upkeep
|turn|14
|
|t:|1776173775
|move|p1a: Weavile|Knock Off|p2a: thingamejig
|-supereffective|p2a: thingamejig
|-damage|p2a: thingamejig|0 fnt
|-enditem|p2a: thingamejig|Assault Vest|[from] move: Knock Off|[of] p1a: Weavile
|faint|p2a: thingamejig
|
|upkeep
|
|t:|1776173780
|switch|p2a: Doohickey|Barraskewda, F|100/100
|turn|15
|
|t:|1776173784
|switch|p1a: Alomomola|Alomomola, M|100/100
|move|p2a: Doohickey|Close Combat|p1a: Alomomola
|-damage|p1a: Alomomola|65/100
|-unboost|p2a: Doohickey|def|1
|-unboost|p2a: Doohickey|spd|1
|-damage|p2a: Doohickey|84/100|[from] item: Rocky Helmet|[of] p1a: Alomomola
|
|upkeep
|turn|16
|
|t:|1776173797
|switch|p2a: Doodad|Corviknight, F|85/100
|move|p1a: Alomomola|Wish|p1a: Alomomola
|
|upkeep
|turn|17
|
|t:|1776173808
|move|p2a: Doodad|U-turn|p1a: Alomomola
|-damage|p1a: Alomomola|57/100
|-damage|p2a: Doodad|68/100|[from] item: Rocky Helmet|[of] p1a: Alomomola
|
|t:|1776173817
|switch|p2a: Thingamebob|Reuniclus, M|85/100 par|[from] U-turn
|move|p1a: Alomomola|Flip Turn|p2a: Thingamebob
|-damage|p2a: Thingamebob|67/100 par
|
|t:|1776173836
|switch|p1a: Weavile|Weavile, F|65/100|[from] Flip Turn
|-ability|p1a: Weavile|Pressure
|
|-heal|p1a: Weavile|100/100|[from] move: Wish|[wisher] Alomomola
|upkeep
|turn|18
|
|t:|1776173850
|move|p1a: Weavile|Knock Off|p2a: Thingamebob
|-supereffective|p2a: Thingamebob
|-damage|p2a: Thingamebob|0 fnt
|-enditem|p2a: Thingamebob|Heavy-Duty Boots|[from] move: Knock Off|[of] p1a: Weavile
|faint|p2a: Thingamebob
|
|upkeep
|
|t:|1776173855
|switch|p2a: Gizmo|Iron Valiant|100/100
|-enditem|p2a: Gizmo|Booster Energy
|-activate|p2a: Gizmo|ability: Quark Drive|[fromitem]
|-start|p2a: Gizmo|quarkdrivespe
|turn|19
|
|t:|1776173864
|switch|p1a: Slowking|Slowking-Galar, F|96/100
|move|p2a: Gizmo|Aura Sphere|p1a: Slowking
|-resisted|p1a: Slowking
|-damage|p1a: Slowking|91/100
|
|upkeep
|turn|20
|
|t:|1776173881
|move|p2a: Gizmo|Calm Mind|p2a: Gizmo
|-boost|p2a: Gizmo|spa|1
|-boost|p2a: Gizmo|spd|1
|move|p1a: Slowking|Thunder Wave|p2a: Gizmo
|-status|p2a: Gizmo|par
|
|upkeep
|turn|21
|
|t:|1776173888
|cant|p2a: Gizmo|par
|move|p1a: Slowking|Sludge Bomb|p2a: Gizmo
|-supereffective|p2a: Gizmo
|-damage|p2a: Gizmo|14/100 par
|
|upkeep
|turn|22
|
|t:|1776173893
|cant|p2a: Gizmo|par
|move|p1a: Slowking|Future Sight|p2a: Gizmo
|-start|p1a: Slowking|move: Future Sight
|
|upkeep
|turn|23
|
|t:|1776173896
|move|p2a: Gizmo|Psyshock|p1a: Slowking
|-damage|p1a: Slowking|50/100
|move|p1a: Slowking|Sludge Bomb|p2a: Gizmo
|-supereffective|p2a: Gizmo
|-damage|p2a: Gizmo|0 fnt
|faint|p2a: Gizmo
|-end|p2a: Gizmo|Quark Drive|[silent]
|
|upkeep
|-message|fat chud seal forfeited.
|
|win|matthiccc
