|html|<div class="broadcast-blue"><strong>[Gen 9] OU is currently suspecting Volcarona! For information on how to participate check out the <a href="https://www.smogon.com/tools/suspects/view/208">suspect thread</a>.</strong></div>
|j|☆areddy6umd.edu
|j|☆orca233
|t:|1778503985
|gametype|singles
|player|p1|areddy6umd.edu|drayden|1070
|player|p2|orca233|bellepa|1120
|gen|9
|tier|[Gen 9] OU
|rated|
|rule|HP Percentage Mod: HP is shown in percentages
|rule|Endless Battle Clause: Forcing endless battles is banned
|rule|Species Clause: Limit one of each Pokémon
|rule|OHKO Clause: OHKO moves are banned
|rule|Evasion Items Clause: Evasion items are banned
|rule|Evasion Moves Clause: Evasion moves are banned
|rule|Evasion Abilities Clause: Evasion abilities are banned
|rule|Sleep Moves Clause: Sleep-inducing moves are banned
|clearpoke
|poke|p1|Feraligatr, M|
|poke|p1|Charizard, M|
|poke|p1|Sceptile, M|
|poke|p1|Tyranitar, M|
|poke|p1|Dragapult, M|
|poke|p1|Metagross|
|poke|p2|Pelipper, M|
|poke|p2|Kingdra, M|
|poke|p2|Ludicolo, F|
|poke|p2|Zapdos|
|poke|p2|Scizor, F|
|poke|p2|Barraskewda, M|
|teampreview
|inactive|Battle timer is ON: inactive players will automatically lose when time's up. (requested by areddy6umd.edu)
|
|t:|1778503993
|teamsize|p1|6
|teamsize|p2|6
|start
|switch|p1a: Charizard|Charizard, M|100/100
|switch|p2a: acid storm|Pelipper, M|100/100
|-weather|RainDance|[from] ability: Drizzle|[of] p2a: acid storm
|turn|1
|
|t:|1778504009
|move|p1a: Charizard|Dragon Dance|p1a: Charizard
|-boost|p1a: Charizard|atk|1
|-boost|p1a: Charizard|spe|1
|move|p2a: acid storm|Surf|p1a: Charizard
|-supereffective|p1a: Charizard
|-damage|p1a: Charizard|0 fnt
|faint|p1a: Charizard
|
|-weather|RainDance|[upkeep]
|upkeep
|
|t:|1778504018
|switch|p1a: Dragapult|Dragapult, M|100/100
|turn|2
|
|t:|1778504021
|move|p1a: Dragapult|Thunderbolt|p2a: acid storm
|-supereffective|p2a: acid storm
|-damage|p2a: acid storm|0 fnt
|faint|p2a: acid storm
|
|-weather|RainDance|[upkeep]
|upkeep
|
|t:|1778504029
|switch|p2a: nova storm|Kingdra, M, shiny|100/100
|turn|3
|
|t:|1778504034
|-terastallize|p1a: Dragapult|Fairy
|move|p2a: nova storm|Ice Beam|p1a: Dragapult
|-damage|p1a: Dragapult|69/100
|-damage|p2a: nova storm|91/100|[from] item: Life Orb
|move|p1a: Dragapult|Thunderbolt|p2a: nova storm
|-damage|p2a: nova storm|51/100
|
|-weather|RainDance|[upkeep]
|upkeep
|turn|4
|
|t:|1778504051
|-terastallize|p2a: nova storm|Fairy
|move|p2a: nova storm|Hydro Pump|p1a: Dragapult
|-damage|p1a: Dragapult|0 fnt
|faint|p1a: Dragapult
|-damage|p2a: nova storm|41/100|[from] item: Life Orb
|
|-weather|RainDance|[upkeep]
|upkeep
|
|t:|1778504060
|switch|p1a: Metagross|Metagross|100/100
|turn|5
|
|t:|1778504068
|move|p2a: nova storm|Hydro Pump|p1a: Metagross
|-damage|p1a: Metagross|3/100
|-damage|p2a: nova storm|31/100|[from] item: Life Orb
|move|p1a: Metagross|Sludge Bomb|p2a: nova storm
|-supereffective|p2a: nova storm
|-damage|p2a: nova storm|0 fnt
|faint|p2a: nova storm
|
|-weather|RainDance|[upkeep]
|upkeep
|
|t:|1778504080
|switch|p2a: Ludicolo|Ludicolo, F|100/100
|turn|6
|
|t:|1778504087
|move|p2a: Ludicolo|Giga Drain|p1a: Metagross
|-resisted|p1a: Metagross
|-damage|p1a: Metagross|0 fnt
|faint|p1a: Metagross
|-damage|p2a: Ludicolo|91/100|[from] item: Life Orb
|
|-weather|RainDance|[upkeep]
|upkeep
|
|t:|1778504095
|switch|p1a: Sceptile|Sceptile, M|100/100
|turn|7
|
|t:|1778504099
|move|p2a: Ludicolo|Ice Beam|p1a: Sceptile
|-supereffective|p1a: Sceptile
|-damage|p1a: Sceptile|13/100
|-damage|p2a: Ludicolo|81/100|[from] item: Life Orb
|move|p1a: Sceptile|Giga Drain|p2a: Ludicolo
|-damage|p2a: Ludicolo|13/100
|-heal|p1a: Sceptile|49/100|[from] drain|[of] p2a: Ludicolo
|
|-weather|RainDance|[upkeep]
|-heal|p1a: Sceptile|55/100|[from] item: Leftovers
|upkeep
|turn|8
|
|t:|1778504111
|move|p2a: Ludicolo|Ice Beam|p1a: Sceptile
|-supereffective|p1a: Sceptile
|-damage|p1a: Sceptile|0 fnt
|faint|p1a: Sceptile
|-damage|p2a: Ludicolo|3/100|[from] item: Life Orb
|
|-weather|none
|upkeep
|
|t:|1778504119
|switch|p1a: Tyranitar|Tyranitar, M|100/100
|-weather|Sandstorm|[from] ability: Sand Stream|[of] p1a: Tyranitar
|turn|9
|
|t:|1778504128
|move|p2a: Ludicolo|Giga Drain|p1a: Tyranitar
|-supereffective|p1a: Tyranitar
|-damage|p1a: Tyranitar|68/100
|-heal|p2a: Ludicolo|23/100|[from] drain|[of] p1a: Tyranitar
|-damage|p2a: Ludicolo|13/100|[from] item: Life Orb
|move|p1a: Tyranitar|Ice Beam|p2a: Ludicolo
|-damage|p2a: Ludicolo|0 fnt
|faint|p2a: Ludicolo
|
|-weather|Sandstorm|[upkeep]
|upkeep
|
|t:|1778504144
|switch|p2a: star scream|Scizor, F, shiny|100/100
|turn|10
|
|t:|1778504149
|move|p2a: star scream|Bullet Punch|p1a: Tyranitar
|-supereffective|p1a: Tyranitar
|-damage|p1a: Tyranitar|21/100
|move|p1a: Tyranitar|Earthquake|p2a: star scream
|-damage|p2a: star scream|54/100
|
|-weather|Sandstorm|[upkeep]
|upkeep
|turn|11
|
|t:|1778504162
|move|p2a: star scream|Bullet Punch|p1a: Tyranitar
|-supereffective|p1a: Tyranitar
|-damage|p1a: Tyranitar|0 fnt
|faint|p1a: Tyranitar
|
|-weather|Sandstorm|[upkeep]
|upkeep
|
|t:|1778504168
|switch|p1a: Feraligatr|Feraligatr, M|100/100
|turn|12
|
|t:|1778504172
|move|p1a: Feraligatr|Dragon Dance|p1a: Feraligatr
|-boost|p1a: Feraligatr|atk|1
|-boost|p1a: Feraligatr|spe|1
|move|p2a: star scream|Trailblaze|p1a: Feraligatr
|-supereffective|p1a: Feraligatr
|-damage|p1a: Feraligatr|39/100
|-boost|p2a: star scream|spe|1
|
|-weather|Sandstorm|[upkeep]
|-damage|p1a: Feraligatr|33/100|[from] Sandstorm
|-heal|p1a: Feraligatr|39/100|[from] item: Leftovers
|upkeep
|turn|13
|
|t:|1778504185
|move|p1a: Feraligatr|Liquidation|p2a: star scream
|-damage|p2a: star scream|0 fnt
|faint|p2a: star scream
|
|-weather|none
|-heal|p1a: Feraligatr|46/100|[from] item: Leftovers
|upkeep
|
|t:|1778504193
|switch|p2a: thundercracker|Zapdos|100/100
|turn|14
|
|t:|1778504199
|move|p1a: Feraligatr|Ice Punch|p2a: thundercracker
|-supereffective|p2a: thundercracker
|-damage|p2a: thundercracker|0 fnt
|faint|p2a: thundercracker
|
|-heal|p1a: Feraligatr|52/100|[from] item: Leftovers
|upkeep
|
|t:|1778504206
|switch|p2a: Barraskewda|Barraskewda, M|100/100
|turn|15
|
|t:|1778504214
|move|p2a: Barraskewda|Psychic Fangs|p1a: Feraligatr
|-damage|p1a: Feraligatr|18/100
|move|p1a: Feraligatr|Crunch|p2a: Barraskewda
|-damage|p2a: Barraskewda|0 fnt
|faint|p2a: Barraskewda
|
|win|areddy6umd.edu
|raw|areddy6umd.edu's rating: 1070 &rarr; <strong>1104</strong><br />(+34 for winning)
|raw|orca233's rating: 1120 &rarr; <strong>1091</strong><br />(-29 for losing)
|l|☆areddy6umd.edu
|player|p1|
