|html|<div class="broadcast-blue"><strong>[Gen 9] OU is currently suspecting Tera Blast! For information on how to participate check out the <a href="https://www.smogon.com/tools/suspects/view/200">suspect thread</a>.</strong></div>
|j|☆Lordbulbus17
|j|☆popswrong4laughing
|t:|1776316128
|gametype|singles
|player|p1|Lordbulbus17|265|1568
|player|p2|popswrong4laughing|galacticgrunt|1542
|gen|9
|tier|[Gen 9] OU
|rated|
|rule|HP Percentage Mod: HP is shown in percentages
|rule|Endless Battle Clause: Forcing endless battles is banned
|rule|Species Clause: Limit one of each Pokémon
|rule|OHKO Clause: OHKO moves are banned
|rule|Evasion Items Clause: Evasion items are banned
|rule|Evasion Moves Clause: Evasion moves are banned
|rule|Evasion Abilities Clause: Evasion abilities are banned
|rule|Sleep Moves Clause: Sleep-inducing moves are banned
|clearpoke
|poke|p1|Cinderace, M|
|poke|p1|Hatterene, F|
|poke|p1|Cetitan, M|
|poke|p1|Ninetales-Alola, F|
|poke|p1|Raging Bolt|
|poke|p1|Hoopa-Unbound|
|poke|p2|Clefable, F|
|poke|p2|Krookodile, F|
|poke|p2|Tornadus, M|
|poke|p2|Serperior, F|
|poke|p2|Munkidori, M|
|poke|p2|Iron Hands|
|teampreview
|j| Monkey D MinMin
|inactive|Battle timer is ON: inactive players will automatically lose when time's up. (requested by Lordbulbus17)
|
|t:|1776316142
|teamsize|p1|6
|teamsize|p2|6
|start
|switch|p1a: Ninetales|Ninetales-Alola, F|100/100
|switch|p2a: Munkidori|Munkidori, M|100/100
|-weather|Snowscape|[from] ability: Snow Warning|[of] p1a: Ninetales
|turn|1
|
|t:|1776316149
|move|p2a: Munkidori|Psychic|p1a: Ninetales
|-damage|p1a: Ninetales|55/100
|move|p1a: Ninetales|Aurora Veil|p1a: Ninetales
|-sidestart|p1: Lordbulbus17|move: Aurora Veil
|
|-weather|Snowscape|[upkeep]
|upkeep
|turn|2
|
|t:|1776316157
|switch|p2a: Serperior|Serperior, F|100/100
|switch|p1a: Hoopa|Hoopa-Unbound|100/100
|
|-weather|Snowscape|[upkeep]
|upkeep
|turn|3
|l| Monkey D MinMin
|
|t:|1776316163
|switch|p1a: Hatterene|Hatterene, F|100/100
|move|p2a: Serperior|Glare|p1a: Hatterene
|move|p1a: Hatterene|Glare|p2a: Serperior|[from] ability: Magic Bounce
|-status|p2a: Serperior|par
|
|-weather|Snowscape|[upkeep]
|upkeep
|turn|4
|j| Monkey D MinMin
|j| RuSh1629
|l| Monkey D MinMin
|
|t:|1776316187
|switch|p2a: Munkidori|Munkidori, M|100/100
|move|p1a: Hatterene|Calm Mind|p1a: Hatterene
|-boost|p1a: Hatterene|spa|1
|-boost|p1a: Hatterene|spd|1
|
|-weather|Snowscape|[upkeep]
|upkeep
|turn|5
|
|t:|1776316193
|move|p2a: Munkidori|Trick|p1a: Hatterene
|-activate|p2a: Munkidori|move: Trick|[of] p1a: Hatterene
|-item|p1a: Hatterene|Choice Scarf|[from] move: Trick
|-item|p2a: Munkidori|Leftovers|[from] move: Trick
|move|p1a: Hatterene|Psyshock|p2a: Munkidori
|-crit|p2a: Munkidori
|-damage|p2a: Munkidori|0 fnt
|faint|p2a: Munkidori
|
|-weather|Snowscape|[upkeep]
|-sideend|p1: Lordbulbus17|move: Aurora Veil
|upkeep
|
|t:|1776316204
|switch|p2a: Krookodile|Krookodile, F, shiny|100/100
|turn|6
|
|t:|1776316210
|switch|p1a: Cetitan|Cetitan, M|100/100
|move|p2a: Krookodile|Earthquake|p1a: Cetitan
|-damage|p1a: Cetitan|65/100
|
|-weather|Snowscape|[upkeep]
|upkeep
|turn|7
|
|t:|1776316217
|switch|p2a: Serperior|Serperior, F|100/100 par
|move|p1a: Cetitan|Icicle Spear|p2a: Serperior
|-supereffective|p2a: Serperior
|-damage|p2a: Serperior|75/100 par
|-supereffective|p2a: Serperior
|-damage|p2a: Serperior|51/100 par
|-supereffective|p2a: Serperior
|-damage|p2a: Serperior|25/100 par
|-supereffective|p2a: Serperior
|-damage|p2a: Serperior|1/100 par
|-hitcount|p2a: Serperior|4
|
|-weather|Snowscape|[upkeep]
|upkeep
|turn|8
|
|t:|1776316227
|move|p1a: Cetitan|Icicle Spear|p2a: Serperior
|-supereffective|p2a: Serperior
|-damage|p2a: Serperior|0 fnt
|faint|p2a: Serperior
|-hitcount|p2: Serperior|1
|
|-weather|none
|upkeep
|
|t:|1776316236
|switch|p2a: Iron Hands|Iron Hands|100/100
|turn|9
|
|t:|1776316240
|-terastallize|p1a: Cetitan|Ghost
|move|p1a: Cetitan|Earthquake|p2a: Iron Hands
|-supereffective|p2a: Iron Hands
|-damage|p2a: Iron Hands|59/100
|move|p2a: Iron Hands|Drain Punch|p1a: Cetitan
|-immune|p1a: Cetitan
|
|upkeep
|turn|10
|
|t:|1776316247
|move|p1a: Cetitan|Earthquake|p2a: Iron Hands
|-supereffective|p2a: Iron Hands
|-damage|p2a: Iron Hands|19/100
|move|p2a: Iron Hands|Supercell Slam|p1a: Cetitan
|-damage|p1a: Cetitan|1/100
|
|upkeep
|turn|11
|
|t:|1776316253
|-end|p2a: Iron Hands|Quark Drive|[silent]
|switch|p2a: Clefable|Clefable, F|100/100
|move|p1a: Cetitan|Icicle Spear|p2a: Clefable
|-damage|p2a: Clefable|91/100
|-damage|p2a: Clefable|82/100
|-damage|p2a: Clefable|72/100
|-damage|p2a: Clefable|62/100
|-damage|p2a: Clefable|52/100
|-hitcount|p2a: Clefable|5
|
|-heal|p2a: Clefable|58/100|[from] item: Leftovers
|upkeep
|turn|12
|
|t:|1776316265
|move|p1a: Cetitan|Icicle Spear|p2a: Clefable
|-damage|p2a: Clefable|50/100
|-damage|p2a: Clefable|41/100
|-damage|p2a: Clefable|32/100
|-damage|p2a: Clefable|23/100
|-damage|p2a: Clefable|14/100
|-hitcount|p2a: Clefable|5
|move|p2a: Clefable|Moonlight|p2a: Clefable
|-heal|p2a: Clefable|64/100
|
|-heal|p2a: Clefable|70/100|[from] item: Leftovers
|upkeep
|turn|13
|
|t:|1776316276
|move|p1a: Cetitan|Icicle Spear|p2a: Clefable
|-damage|p2a: Clefable|62/100
|-damage|p2a: Clefable|52/100
|-damage|p2a: Clefable|43/100
|-damage|p2a: Clefable|34/100
|-damage|p2a: Clefable|25/100
|-hitcount|p2a: Clefable|5
|move|p2a: Clefable|Moonblast|p1a: Cetitan
|-damage|p1a: Cetitan|0 fnt
|faint|p1a: Cetitan
|
|-heal|p2a: Clefable|31/100|[from] item: Leftovers
|upkeep
|
|t:|1776316300
|switch|p1a: Cinderace|Cinderace, M|100/100
|turn|14
|
|t:|1776316310
|-terastallize|p2a: Clefable|Water
|move|p1a: Cinderace|Pyro Ball|p2a: Clefable
|-resisted|p2a: Clefable
|-damage|p2a: Clefable|9/100
|move|p2a: Clefable|Healing Wish|p2a: Clefable
|faint|p2a: Clefable
|
|upkeep
|
|t:|1776316318
|switch|p2a: Krookodile|Krookodile, F, shiny|100/100
|turn|15
|
|t:|1776316322
|switch|p1a: Ninetales|Ninetales-Alola, F|55/100
|-weather|Snowscape|[from] ability: Snow Warning|[of] p1a: Ninetales
|move|p2a: Krookodile|Earthquake|p1a: Ninetales
|-damage|p1a: Ninetales|13/100
|
|-weather|Snowscape|[upkeep]
|upkeep
|turn|16
|
|t:|1776316332
|move|p2a: Krookodile|Earthquake|p1a: Ninetales
|-damage|p1a: Ninetales|0 fnt
|faint|p1a: Ninetales
|-ability|p2a: Krookodile|Moxie|boost
|-boost|p2a: Krookodile|atk|1
|
|-weather|Snowscape|[upkeep]
|upkeep
|
|t:|1776316340
|switch|p1a: Hatterene|Hatterene, F|100/100
|turn|17
|
|t:|1776316346
|switch|p2a: Tornadus|Tornadus, M|100/100
|move|p1a: Hatterene|Draining Kiss|p2a: Tornadus
|-damage|p2a: Tornadus|66/100
|
|-weather|Snowscape|[upkeep]
|upkeep
|turn|18
|
|t:|1776316352
|move|p2a: Tornadus|Bleakwind Storm|p1a: Hatterene
|-damage|p1a: Hatterene|45/100
|-damage|p2a: Tornadus|57/100|[from] item: Life Orb
|move|p1a: Hatterene|Draining Kiss|p2a: Tornadus
|-damage|p2a: Tornadus|23/100
|-heal|p1a: Hatterene|68/100|[from] drain|[of] p2a: Tornadus
|
|-weather|Snowscape|[upkeep]
|upkeep
|turn|19
|
|t:|1776316360
|move|p2a: Tornadus|Knock Off|p1a: Hatterene
|-damage|p1a: Hatterene|20/100
|-enditem|p1a: Hatterene|Choice Scarf|[from] move: Knock Off|[of] p2a: Tornadus
|-damage|p2a: Tornadus|14/100|[from] item: Life Orb
|move|p1a: Hatterene|Draining Kiss|p2a: Tornadus
|-damage|p2a: Tornadus|0 fnt
|-heal|p1a: Hatterene|29/100|[from] drain|[of] p2a: Tornadus
|faint|p2a: Tornadus
|
|-weather|Snowscape|[upkeep]
|upkeep
|
|t:|1776316364
|switch|p2a: Krookodile|Krookodile, F, shiny|100/100
|turn|20
|j| Monkey D MinMin
|
|t:|1776316375
|move|p2a: Krookodile|Earthquake|p1a: Hatterene
|-damage|p1a: Hatterene|0 fnt
|faint|p1a: Hatterene
|-ability|p2a: Krookodile|Moxie|boost
|-boost|p2a: Krookodile|atk|1
|
|-weather|Snowscape|[upkeep]
|upkeep
|
|t:|1776316384
|switch|p1a: Hoopa|Hoopa-Unbound|100/100
|turn|21
|
|t:|1776316391
|switch|p2a: Iron Hands|Iron Hands|19/100
|-heal|p2a: Iron Hands|100/100|[from] move: Healing Wish
|move|p1a: Hoopa|Trick Room|p1a: Hoopa
|-fieldstart|move: Trick Room|[of] p1a: Hoopa
|-enditem|p1a: Hoopa|Room Service
|-unboost|p1a: Hoopa|spe|1|[from] item: Room Service
|
|-weather|Snowscape|[upkeep]
|upkeep
|turn|22
|
|t:|1776316402
|move|p2a: Iron Hands|Supercell Slam|p1a: Hoopa|[miss]
|-miss|p2a: Iron Hands|p1a: Hoopa
|-damage|p2a: Iron Hands|50/100|[from] supercellslam
|move|p1a: Hoopa|Thunderbolt|p2a: Iron Hands
|-resisted|p2a: Iron Hands
|-damage|p2a: Iron Hands|36/100
|-item|p1a: Hoopa|Quick Claw|[from] ability: Magician|[of] p2a: Iron Hands
|
|-weather|none
|upkeep
|turn|23
|-activate|p1a: Hoopa|item: Quick Claw
|
|t:|1776316413
|move|p1a: Hoopa|Drain Punch|p2a: Iron Hands
|-damage|p2a: Iron Hands|15/100
|move|p2a: Iron Hands|Drain Punch|p1a: Hoopa
|-damage|p1a: Hoopa|24/100
|-heal|p2a: Iron Hands|39/100|[from] drain|[of] p1a: Hoopa
|
|upkeep
|turn|24
|
|t:|1776316422
|move|p2a: Iron Hands|Drain Punch|p1a: Hoopa
|-damage|p1a: Hoopa|0 fnt
|-heal|p2a: Iron Hands|46/100|[from] drain|[of] p1a: Hoopa
|faint|p1a: Hoopa
|
|upkeep
|
|t:|1776316436
|switch|p1a: Cinderace|Cinderace, M|100/100
|turn|25
|
|t:|1776316440
|move|p2a: Iron Hands|Ice Punch|p1a: Cinderace
|-resisted|p1a: Cinderace
|-damage|p1a: Cinderace|80/100
|move|p1a: Cinderace|Pyro Ball|p2a: Iron Hands
|-damage|p2a: Iron Hands|7/100
|
|-fieldend|move: Trick Room
|upkeep
|turn|26
|
|t:|1776316448
|move|p1a: Cinderace|Sucker Punch|p2a: Iron Hands
|-start|p1a: Cinderace|typechange|Dark|[from] ability: Libero
|-resisted|p2a: Iron Hands
|-damage|p2a: Iron Hands|0 fnt
|faint|p2a: Iron Hands
|-end|p2a: Iron Hands|Quark Drive|[silent]
|
|upkeep
|
|t:|1776316450
|switch|p2a: Krookodile|Krookodile, F, shiny|100/100
|turn|27
|
|t:|1776316455
|move|p2a: Krookodile|Earthquake|p1a: Cinderace
|-damage|p1a: Cinderace|0 fnt
|faint|p1a: Cinderace
|-ability|p2a: Krookodile|Moxie|boost
|-boost|p2a: Krookodile|atk|1
|
|upkeep
|
|t:|1776316460
|switch|p1a: Raging Bolt|Raging Bolt|100/100
|turn|28
|
|t:|1776316462
|move|p2a: Krookodile|Earthquake|p1a: Raging Bolt
|-supereffective|p1a: Raging Bolt
|-damage|p1a: Raging Bolt|0 fnt
|faint|p1a: Raging Bolt
|-end|p1a: Raging Bolt|Protosynthesis|[silent]
|
|win|popswrong4laughing
|raw|Lordbulbus17's rating: 1568 &rarr; <strong>1547</strong><br />(-21 for losing)
|raw|popswrong4laughing's rating: 1542 &rarr; <strong>1563</strong><br />(+21 for winning)
|l|☆Lordbulbus17
|player|p1|
