|html|<div class="broadcast-blue"><strong>[Gen 9] OU is currently suspecting Tera Blast! For information on how to participate check out the <a href="https://www.smogon.com/tools/suspects/view/200">suspect thread</a>.</strong></div>
|j|☆jurple
|j|☆BFromTheMFBay
|t:|1776032025
|gametype|singles
|player|p1|jurple|101|1287
|player|p2|BFromTheMFBay|265|1324
|gen|9
|tier|[Gen 9] OU
|rated|
|rule|HP Percentage Mod: HP is shown in percentages
|rule|Endless Battle Clause: Forcing endless battles is banned
|rule|Species Clause: Limit one of each Pokémon
|rule|OHKO Clause: OHKO moves are banned
|rule|Evasion Items Clause: Evasion items are banned
|rule|Evasion Moves Clause: Evasion moves are banned
|rule|Evasion Abilities Clause: Evasion abilities are banned
|rule|Sleep Moves Clause: Sleep-inducing moves are banned
|clearpoke
|poke|p1|Eiscue, M|
|poke|p1|Dragonite, M|
|poke|p1|Hitmonlee, M|
|poke|p1|Vikavolt, M|
|poke|p1|Polteageist-Antique|
|poke|p1|Azelf|
|poke|p2|Garganacl, F|
|poke|p2|Darkrai|
|poke|p2|Great Tusk|
|poke|p2|Hatterene, F|
|poke|p2|Tornadus-Therian, M|
|poke|p2|Dragonite, M|
|teampreview
|j| ohko_smeargle
|
|t:|1776032043
|teamsize|p1|6
|teamsize|p2|6
|start
|switch|p1a: Vikavolt|Vikavolt, M|100/100
|switch|p2a: Tornadus|Tornadus-Therian, M, shiny|100/100
|turn|1
|c|☆BFromTheMFBay|hf
|inactive|Battle timer is ON: inactive players will automatically lose when time's up. (requested by BFromTheMFBay)
|c|☆jurple|good luck
|
|t:|1776032059
|move|p2a: Tornadus|U-turn|p1a: Vikavolt
|-damage|p1a: Vikavolt|85/100
|
|t:|1776032075
|switch|p2a: Dragonite|Dragonite, M|100/100|[from] U-turn
|move|p1a: Vikavolt|Sticky Web|p2a: Dragonite
|-sidestart|p2: BFromTheMFBay|move: Sticky Web
|
|upkeep
|turn|2
|
|t:|1776032092
|move|p2a: Dragonite|Extreme Speed|p1a: Vikavolt
|-damage|p1a: Vikavolt|47/100
|move|p1a: Vikavolt|Volt Switch|p2a: Dragonite
|-damage|p2a: Dragonite|82/100
|
|t:|1776032100
|switch|p1a: Eiscue|Eiscue, M|100/100|[from] Volt Switch
|
|upkeep
|turn|3
|
|t:|1776032116
|move|p2a: Dragonite|Roost|p2a: Dragonite
|-heal|p2a: Dragonite|100/100
|-singleturn|p2a: Dragonite|move: Roost
|move|p1a: Eiscue|Substitute|p1a: Eiscue
|-start|p1a: Eiscue|Substitute
|-damage|p1a: Eiscue|75/100
|
|upkeep
|turn|4
|
|t:|1776032132
|switch|p2a: Darkrai|Darkrai|100/100
|-activate|p2a: Darkrai|move: Sticky Web
|-unboost|p2a: Darkrai|spe|1
|move|p1a: Eiscue|Belly Drum|p1a: Eiscue
|-damage|p1a: Eiscue|25/100
|-setboost|p1a: Eiscue|atk|6|[from] move: Belly Drum
|-enditem|p1a: Eiscue|Salac Berry|[eat]
|-boost|p1a: Eiscue|spe|1|[from] item: Salac Berry
|
|upkeep
|turn|5
|
|t:|1776032151
|switch|p2a: Hatterene|Hatterene, F|100/100
|-activate|p2a: Hatterene|move: Sticky Web
|-unboost|p2a: Hatterene|spe|1
|move|p1a: Eiscue|Ice Spinner|p2a: Hatterene
|-damage|p2a: Hatterene|0 fnt
|-damage|p1a: Eiscue|9/100|[from] item: Rocky Helmet|[of] p2a: Hatterene
|faint|p2a: Hatterene
|
|upkeep
|
|t:|1776032159
|switch|p2a: Darkrai|Darkrai|100/100
|-activate|p2a: Darkrai|move: Sticky Web
|-unboost|p2a: Darkrai|spe|1
|turn|6
|
|t:|1776032168
|move|p1a: Eiscue|Ice Spinner|p2a: Darkrai
|-damage|p2a: Darkrai|0 fnt
|faint|p2a: Darkrai
|
|upkeep
|
|t:|1776032176
|switch|p2a: Garganacl|Garganacl, F|100/100
|-activate|p2a: Garganacl|move: Sticky Web
|-unboost|p2a: Garganacl|spe|1
|turn|7
|
|t:|1776032184
|move|p2a: Garganacl|Protect|p2a: Garganacl
|-singleturn|p2a: Garganacl|Protect
|move|p1a: Eiscue|Reversal|p2a: Garganacl
|-activate|p2a: Garganacl|move: Protect
|
|upkeep
|turn|8
|
|t:|1776032193
|switch|p2a: Tornadus|Tornadus-Therian, M, shiny|100/100
|move|p1a: Eiscue|Ice Spinner|p2a: Tornadus
|-supereffective|p2a: Tornadus
|-damage|p2a: Tornadus|0 fnt
|faint|p2a: Tornadus
|
|upkeep
|
|t:|1776032201
|switch|p2a: Garganacl|Garganacl, F|100/100
|-activate|p2a: Garganacl|move: Sticky Web
|-unboost|p2a: Garganacl|spe|1
|turn|9
|
|t:|1776032209
|move|p2a: Garganacl|Protect|p2a: Garganacl
|-singleturn|p2a: Garganacl|Protect
|move|p1a: Eiscue|Ice Spinner|p2a: Garganacl
|-activate|p2a: Garganacl|move: Protect
|
|upkeep
|turn|10
|
|t:|1776032217
|switch|p2a: Dragonite|Dragonite, M|100/100
|move|p1a: Eiscue|Reversal|p2a: Dragonite
|-resisted|p2a: Dragonite
|-damage|p2a: Dragonite|62/100
|
|upkeep
|turn|11
|
|t:|1776032224
|move|p1a: Eiscue|Ice Spinner|p2a: Dragonite
|-supereffective|p2a: Dragonite
|-damage|p2a: Dragonite|0 fnt
|faint|p2a: Dragonite
|
|upkeep
|
|t:|1776032231
|switch|p2a: Garganacl|Garganacl, F|100/100
|-activate|p2a: Garganacl|move: Sticky Web
|-unboost|p2a: Garganacl|spe|1
|turn|12
|
|t:|1776032237
|move|p2a: Garganacl|Protect|p2a: Garganacl
|-singleturn|p2a: Garganacl|Protect
|move|p1a: Eiscue|Ice Spinner|p2a: Garganacl
|-activate|p2a: Garganacl|move: Protect
|
|upkeep
|turn|13
|
|t:|1776032245
|move|p2a: Garganacl|Protect||[still]
|-fail|p2a: Garganacl
|move|p1a: Eiscue|Reversal|p2a: Garganacl
|-supereffective|p2a: Garganacl
|-damage|p2a: Garganacl|0 fnt
|faint|p2a: Garganacl
|
|upkeep
|
|t:|1776032248
|switch|p2a: Great Tusk|Great Tusk|100/100
|-activate|p2a: Great Tusk|move: Sticky Web
|-unboost|p2a: Great Tusk|spe|1
|-enditem|p2a: Great Tusk|Booster Energy
|-activate|p2a: Great Tusk|ability: Protosynthesis|[fromitem]
|-start|p2a: Great Tusk|protosynthesisatk
|turn|14
|
|t:|1776032256
|move|p1a: Eiscue|Ice Spinner|p2a: Great Tusk
|-supereffective|p2a: Great Tusk
|-damage|p2a: Great Tusk|0 fnt
|faint|p2a: Great Tusk
|-end|p2a: Great Tusk|Protosynthesis|[silent]
|
|win|jurple
|raw|jurple's rating: 1287 &rarr; <strong>1315</strong><br />(+28 for winning)
|raw|BFromTheMFBay's rating: 1324 &rarr; <strong>1302</strong><br />(-22 for losing)
|c|☆BFromTheMFBay|gg
|l|☆BFromTheMFBay
|player|p2|
|l| ohko_smeargle
|c|☆jurple|gg
|l|☆jurple
|player|p1|
