|html|<div class="broadcast-blue"><strong>[Gen 9] OU is currently suspecting Tera Blast! For information on how to participate check out the <a href="https://www.smogon.com/tools/suspects/view/200">suspect thread</a>.</strong></div>
|j|☆lord rifle
|j|☆bothebeaver
|t:|1776108664
|gametype|singles
|player|p1|lord rifle|169|1026
|player|p2|bothebeaver|iris-gen5bw2|1014
|gen|9
|tier|[Gen 9] OU
|rated|
|rule|HP Percentage Mod: HP is shown in percentages
|rule|Endless Battle Clause: Forcing endless battles is banned
|rule|Species Clause: Limit one of each Pokémon
|rule|OHKO Clause: OHKO moves are banned
|rule|Evasion Items Clause: Evasion items are banned
|rule|Evasion Moves Clause: Evasion moves are banned
|rule|Evasion Abilities Clause: Evasion abilities are banned
|rule|Sleep Moves Clause: Sleep-inducing moves are banned
|clearpoke
|poke|p1|Sandslash, F|
|poke|p1|Noctowl, F|
|poke|p1|Galvantula, F|
|poke|p1|Gliscor, M|
|poke|p2|Smeargle, M|
|poke|p2|Toxapex, M|
|poke|p2|Kingambit, F|
|poke|p2|Corviknight, F|
|poke|p2|Grafaiai, M|
|poke|p2|Gliscor, F|
|teampreview
|
|t:|1776108682
|teamsize|p1|4
|teamsize|p2|6
|start
|switch|p1a: Noctowl|Noctowl, F|100/100
|switch|p2a: the iron dome|Toxapex, M, shiny|100/100
|turn|1
|
|t:|1776108696
|move|p1a: Noctowl|Curse|p1a: Noctowl
|-unboost|p1a: Noctowl|spe|1
|-boost|p1a: Noctowl|atk|1
|-boost|p1a: Noctowl|def|1
|move|p2a: the iron dome|Ice Beam|p1a: Noctowl
|-supereffective|p1a: Noctowl
|-damage|p1a: Noctowl|79/100
|
|upkeep
|turn|2
|
|t:|1776108705
|move|p1a: Noctowl|Curse|p1a: Noctowl
|-unboost|p1a: Noctowl|spe|1
|-boost|p1a: Noctowl|atk|1
|-boost|p1a: Noctowl|def|1
|move|p2a: the iron dome|Haze|p2a: the iron dome
|-clearallboost
|
|upkeep
|turn|3
|
|t:|1776108712
|move|p1a: Noctowl|Curse|p1a: Noctowl
|-unboost|p1a: Noctowl|spe|1
|-boost|p1a: Noctowl|atk|1
|-boost|p1a: Noctowl|def|1
|move|p2a: the iron dome|Ice Beam|p1a: Noctowl
|-supereffective|p1a: Noctowl
|-damage|p1a: Noctowl|55/100
|
|upkeep
|turn|4
|
|t:|1776108727
|move|p1a: Noctowl|Curse|p1a: Noctowl
|-unboost|p1a: Noctowl|spe|1
|-boost|p1a: Noctowl|atk|1
|-boost|p1a: Noctowl|def|1
|move|p2a: the iron dome|Haze|p2a: the iron dome
|-clearallboost
|
|upkeep
|turn|5
|
|t:|1776108735
|move|p1a: Noctowl|Curse|p1a: Noctowl
|-unboost|p1a: Noctowl|spe|1
|-boost|p1a: Noctowl|atk|1
|-boost|p1a: Noctowl|def|1
|move|p2a: the iron dome|Ice Beam|p1a: Noctowl
|-supereffective|p1a: Noctowl
|-damage|p1a: Noctowl|34/100
|
|upkeep
|turn|6
|
|t:|1776108743
|move|p1a: Noctowl|Acrobatics|p2a: the iron dome
|-damage|p2a: the iron dome|58/100
|move|p2a: the iron dome|Haze|p2a: the iron dome
|-clearallboost
|
|-heal|p2a: the iron dome|64/100|[from] item: Black Sludge
|upkeep
|turn|7
|
|t:|1776108751
|move|p1a: Noctowl|Roost|p1a: Noctowl
|-heal|p1a: Noctowl|84/100
|-singleturn|p1a: Noctowl|move: Roost
|move|p2a: the iron dome|Ice Beam|p1a: Noctowl
|-damage|p1a: Noctowl|73/100
|
|-heal|p2a: the iron dome|70/100|[from] item: Black Sludge
|upkeep
|turn|8
|
|t:|1776108761
|move|p1a: Noctowl|Curse|p1a: Noctowl
|-unboost|p1a: Noctowl|spe|1
|-boost|p1a: Noctowl|atk|1
|-boost|p1a: Noctowl|def|1
|move|p2a: the iron dome|Ice Beam|p1a: Noctowl
|-supereffective|p1a: Noctowl
|-damage|p1a: Noctowl|51/100
|
|-heal|p2a: the iron dome|76/100|[from] item: Black Sludge
|upkeep
|turn|9
|
|t:|1776108772
|move|p1a: Noctowl|Acrobatics|p2a: the iron dome
|-damage|p2a: the iron dome|38/100
|move|p2a: the iron dome|Haze|p2a: the iron dome
|-clearallboost
|
|-heal|p2a: the iron dome|44/100|[from] item: Black Sludge
|upkeep
|turn|10
|
|t:|1776108781
|move|p1a: Noctowl|Brave Bird|p2a: the iron dome
|-damage|p2a: the iron dome|16/100
|-damage|p1a: Noctowl|44/100|[from] Recoil
|move|p2a: the iron dome|Ice Beam|p1a: Noctowl
|-supereffective|p1a: Noctowl
|-damage|p1a: Noctowl|24/100
|
|-heal|p2a: the iron dome|22/100|[from] item: Black Sludge
|upkeep
|turn|11
|
|t:|1776108792
|move|p2a: the iron dome|Baneful Bunker|p2a: the iron dome
|-singleturn|p2a: the iron dome|move: Protect
|move|p1a: Noctowl|Roost|p1a: Noctowl
|-heal|p1a: Noctowl|74/100
|-singleturn|p1a: Noctowl|move: Roost
|
|-heal|p2a: the iron dome|28/100|[from] item: Black Sludge
|upkeep
|turn|12
|
|t:|1776108806
|switch|p2a: charliekirky|Smeargle, M, shiny|100/100
|move|p1a: Noctowl|Brave Bird|p2a: charliekirky
|-damage|p2a: charliekirky|12/100
|-damage|p1a: Noctowl|51/100|[from] Recoil
|
|upkeep
|turn|13
|
|t:|1776108814
|move|p2a: charliekirky|Baneful Bunker|p2a: charliekirky
|-singleturn|p2a: charliekirky|move: Protect
|move|p1a: Noctowl|Roost|p1a: Noctowl
|-heal|p1a: Noctowl|100/100
|-singleturn|p1a: Noctowl|move: Roost
|
|upkeep
|turn|14
|
|t:|1776108823
|switch|p2a: the iron dome|Toxapex, M, shiny|61/100
|move|p1a: Noctowl|Acrobatics|p2a: the iron dome
|-damage|p2a: the iron dome|34/100
|
|-heal|p2a: the iron dome|41/100|[from] item: Black Sludge
|upkeep
|turn|15
|
|t:|1776108833
|move|p1a: Noctowl|Curse|p1a: Noctowl
|-unboost|p1a: Noctowl|spe|1
|-boost|p1a: Noctowl|atk|1
|-boost|p1a: Noctowl|def|1
|move|p2a: the iron dome|Ice Beam|p1a: Noctowl
|-supereffective|p1a: Noctowl
|-damage|p1a: Noctowl|77/100
|
|-heal|p2a: the iron dome|47/100|[from] item: Black Sludge
|upkeep
|turn|16
|
|t:|1776108843
|move|p2a: the iron dome|Baneful Bunker|p2a: the iron dome
|-singleturn|p2a: the iron dome|move: Protect
|move|p1a: Noctowl|Brave Bird|p2a: the iron dome
|-activate|p2a: the iron dome|move: Protect
|-status|p1a: Noctowl|psn
|
|-heal|p2a: the iron dome|53/100|[from] item: Black Sludge
|-damage|p1a: Noctowl|64/100 psn|[from] psn
|upkeep
|turn|17
|
|t:|1776108854
|move|p1a: Noctowl|Brave Bird|p2a: the iron dome
|-damage|p2a: the iron dome|11/100
|-damage|p1a: Noctowl|54/100 psn|[from] Recoil
|move|p2a: the iron dome|Haze|p2a: the iron dome
|-clearallboost
|
|-heal|p2a: the iron dome|18/100|[from] item: Black Sludge
|-damage|p1a: Noctowl|42/100 psn|[from] psn
|upkeep
|turn|18
|
|t:|1776108865
|move|p2a: the iron dome|Baneful Bunker|p2a: the iron dome
|-singleturn|p2a: the iron dome|move: Protect
|move|p1a: Noctowl|Roost|p1a: Noctowl
|-heal|p1a: Noctowl|92/100 psn
|-singleturn|p1a: Noctowl|move: Roost
|
|-heal|p2a: the iron dome|24/100|[from] item: Black Sludge
|-damage|p1a: Noctowl|79/100 psn|[from] psn
|upkeep
|turn|19
|
|t:|1776108876
|switch|p2a: charliekirky|Smeargle, M, shiny|12/100
|move|p1a: Noctowl|Curse|p1a: Noctowl
|-unboost|p1a: Noctowl|spe|1
|-boost|p1a: Noctowl|atk|1
|-boost|p1a: Noctowl|def|1
|
|-damage|p1a: Noctowl|67/100 psn|[from] psn
|upkeep
|turn|20
|
|t:|1776108889
|move|p2a: charliekirky|Sticky Web|p1a: Noctowl
|-sidestart|p1: lord rifle|move: Sticky Web
|move|p1a: Noctowl|Curse|p1a: Noctowl
|-unboost|p1a: Noctowl|spe|1
|-boost|p1a: Noctowl|atk|1
|-boost|p1a: Noctowl|def|1
|
|-damage|p1a: Noctowl|54/100 psn|[from] psn
|upkeep
|turn|21
|
|t:|1776108901
|move|p1a: Noctowl|Roost|p1a: Noctowl
|-heal|p1a: Noctowl|100/100 psn
|-singleturn|p1a: Noctowl|move: Roost
|move|p2a: charliekirky|Whirlwind|p1a: Noctowl
|drag|p1a: Gliscor|Gliscor, M|100/100
|
|-status|p1a: Gliscor|tox|[from] item: Toxic Orb
|upkeep
|turn|22
|
|t:|1776108915
|switch|p2a: the iron dome|Toxapex, M, shiny|57/100
|move|p1a: Gliscor|Facade|p2a: the iron dome
|-damage|p2a: the iron dome|31/100
|
|-heal|p2a: the iron dome|37/100|[from] item: Black Sludge
|upkeep
|turn|23
|
|t:|1776108926
|move|p1a: Gliscor|Hyper Beam|p2a: the iron dome
|-damage|p2a: the iron dome|18/100
|-mustrecharge|p1a: Gliscor
|move|p2a: the iron dome|Ice Beam|p1a: Gliscor
|-supereffective|p1a: Gliscor
|-damage|p1a: Gliscor|26/100 tox
|
|-heal|p2a: the iron dome|24/100|[from] item: Black Sludge
|-heal|p1a: Gliscor|38/100 tox|[from] ability: Poison Heal
|upkeep
|turn|24
|
|t:|1776108940
|cant|p1a: Gliscor|recharge
|move|p2a: the iron dome|Ice Beam|p1a: Gliscor
|-supereffective|p1a: Gliscor
|-damage|p1a: Gliscor|0 fnt
|faint|p1a: Gliscor
|
|-heal|p2a: the iron dome|30/100|[from] item: Black Sludge
|upkeep
|
|t:|1776108950
|switch|p1a: Noctowl|Noctowl, F|100/100 psn
|turn|25
|c|☆bothebeaver|hyper beam gliscor?
|
|t:|1776108964
|switch|p2a: bird|Corviknight, F, shiny|100/100
|move|p1a: Noctowl|Brave Bird|p2a: bird
|-resisted|p2a: bird
|-damage|p2a: bird|72/100
|-damage|p1a: Noctowl|91/100 psn|[from] Recoil
|
|-damage|p1a: Noctowl|79/100 psn|[from] psn
|upkeep
|turn|26
|
|t:|1776108980
|move|p1a: Noctowl|Curse|p1a: Noctowl
|-unboost|p1a: Noctowl|spe|1
|-boost|p1a: Noctowl|atk|1
|-boost|p1a: Noctowl|def|1
|move|p2a: bird|Body Press|p1a: Noctowl
|-damage|p1a: Noctowl|57/100 psn
|
|-damage|p1a: Noctowl|45/100 psn|[from] psn
|upkeep
|turn|27
|
|t:|1776108990
|move|p2a: bird|Defog|p1a: Noctowl
|-unboost|p1a: Noctowl|evasion|1
|-sideend|p1: lord rifle|Sticky Web|[from] move: Defog|[of] p2a: bird
|move|p1a: Noctowl|Curse|p1a: Noctowl
|-unboost|p1a: Noctowl|spe|1
|-boost|p1a: Noctowl|atk|1
|-boost|p1a: Noctowl|def|1
|
|-damage|p1a: Noctowl|33/100 psn|[from] psn
|upkeep
|turn|28
|
|t:|1776109000
|move|p2a: bird|Body Press|p1a: Noctowl
|-damage|p1a: Noctowl|16/100 psn
|move|p1a: Noctowl|Roost|p1a: Noctowl
|-heal|p1a: Noctowl|66/100 psn
|-singleturn|p1a: Noctowl|move: Roost
|
|-damage|p1a: Noctowl|54/100 psn|[from] psn
|upkeep
|turn|29
|
|t:|1776109009
|move|p2a: bird|Bulk Up|p2a: bird
|-boost|p2a: bird|atk|1
|-boost|p2a: bird|def|1
|move|p1a: Noctowl|Brave Bird|p2a: bird
|-resisted|p2a: bird
|-damage|p2a: bird|34/100
|-damage|p1a: Noctowl|42/100 psn|[from] Recoil
|
|-damage|p1a: Noctowl|29/100 psn|[from] psn
|upkeep
|turn|30
|
|t:|1776109020
|move|p2a: bird|Body Press|p1a: Noctowl
|-damage|p1a: Noctowl|6/100 psn
|move|p1a: Noctowl|Roost|p1a: Noctowl
|-heal|p1a: Noctowl|56/100 psn
|-singleturn|p1a: Noctowl|move: Roost
|
|-damage|p1a: Noctowl|44/100 psn|[from] psn
|upkeep
|turn|31
|
|t:|1776109030
|move|p2a: bird|Body Press|p1a: Noctowl
|-damage|p1a: Noctowl|19/100 psn
|move|p1a: Noctowl|Roost|p1a: Noctowl
|-heal|p1a: Noctowl|69/100 psn
|-singleturn|p1a: Noctowl|move: Roost
|
|-damage|p1a: Noctowl|57/100 psn|[from] psn
|upkeep
|turn|32
|
|t:|1776109042
|move|p2a: bird|Rest|p2a: bird
|-status|p2a: bird|slp|[from] move: Rest
|-heal|p2a: bird|100/100 slp|[silent]
|move|p1a: Noctowl|Curse|p1a: Noctowl
|-unboost|p1a: Noctowl|spe|1
|-boost|p1a: Noctowl|atk|1
|-boost|p1a: Noctowl|def|1
|
|-damage|p1a: Noctowl|45/100 psn|[from] psn
|upkeep
|turn|33
|
|t:|1776109063
|switch|p2a: the iron dome|Toxapex, M, shiny|64/100
|move|p1a: Noctowl|Acrobatics|p2a: the iron dome
|-damage|p2a: the iron dome|0 fnt
|faint|p2a: the iron dome
|
|-damage|p1a: Noctowl|32/100 psn|[from] psn
|upkeep
|
|t:|1776109077
|switch|p2a: the diddler|Grafaiai, M, shiny|100/100
|turn|34
|
|t:|1776109086
|move|p2a: the diddler|Psych Up|p1a: Noctowl
|-copyboost|p2a: the diddler|p1a: Noctowl|[from] move: Psych Up
|move|p1a: Noctowl|Acrobatics|p2a: the diddler
|-damage|p2a: the diddler|51/100
|
|-damage|p1a: Noctowl|20/100 psn|[from] psn
|upkeep
|turn|35
|
|t:|1776109097
|switch|p1a: Sandslash|Sandslash, F|100/100
|move|p2a: the diddler|Knock Off|p1a: Sandslash
|-damage|p1a: Sandslash|40/100
|-enditem|p1a: Sandslash|Soft Sand|[from] move: Knock Off|[of] p2a: the diddler
|
|upkeep
|turn|36
|
|t:|1776109108
|move|p1a: Sandslash|Drill Run|p2a: the diddler
|-supereffective|p2a: the diddler
|-crit|p2a: the diddler
|-damage|p2a: the diddler|0 fnt
|faint|p2a: the diddler
|
|upkeep
|
|t:|1776109118
|switch|p2a: charliekirky|Smeargle, M, shiny|12/100
|turn|37
|
|t:|1776109122
|move|p2a: charliekirky|Baneful Bunker|p2a: charliekirky
|-singleturn|p2a: charliekirky|move: Protect
|move|p1a: Sandslash|Agility|p1a: Sandslash
|-boost|p1a: Sandslash|spe|2
|
|upkeep
|turn|38
|
|t:|1776109134
|move|p1a: Sandslash|Drill Run|p2a: charliekirky
|-crit|p2a: charliekirky
|-damage|p2a: charliekirky|0 fnt
|faint|p2a: charliekirky
|
|upkeep
|
|t:|1776109138
|switch|p2a: bird|Corviknight, F, shiny|100/100 slp
|turn|39
|
|t:|1776109141
|move|p1a: Sandslash|Drill Run|p2a: bird
|-immune|p2a: bird
|cant|p2a: bird|slp
|
|upkeep
|turn|40
|
|t:|1776109158
|move|p1a: Sandslash|Sandstorm|p1a: Sandslash
|-weather|Sandstorm
|cant|p2a: bird|slp
|
|-weather|Sandstorm|[upkeep]
|upkeep
|turn|41
|
|t:|1776109168
|switch|p1a: Galvantula|Galvantula, F|100/100
|-curestatus|p2a: bird|slp|[msg]
|move|p2a: bird|Bulk Up|p2a: bird
|-boost|p2a: bird|atk|1
|-boost|p2a: bird|def|1
|
|-weather|Sandstorm|[upkeep]
|-damage|p1a: Galvantula|94/100|[from] Sandstorm
|upkeep
|turn|42
|
|t:|1776109179
|move|p1a: Galvantula|Agility|p1a: Galvantula
|-boost|p1a: Galvantula|spe|2
|move|p2a: bird|Bulk Up|p2a: bird
|-boost|p2a: bird|atk|1
|-boost|p2a: bird|def|1
|
|-weather|Sandstorm|[upkeep]
|-damage|p1a: Galvantula|88/100|[from] Sandstorm
|upkeep
|turn|43
|
|t:|1776109192
|move|p1a: Galvantula|Electro Ball|p2a: bird
|-supereffective|p2a: bird
|-damage|p2a: bird|0 fnt
|faint|p2a: bird
|
|-weather|Sandstorm|[upkeep]
|-damage|p1a: Galvantula|82/100|[from] Sandstorm
|upkeep
|
|t:|1776109198
|switch|p2a: fatty|Kingambit, F, shiny|100/100
|turn|44
|
|t:|1776109206
|switch|p2a: kevin spacey|Gliscor, F, shiny|100/100
|move|p1a: Galvantula|Electro Ball|p2a: kevin spacey
|-immune|p2a: kevin spacey
|
|-weather|none
|-status|p2a: kevin spacey|tox|[from] item: Toxic Orb
|upkeep
|turn|45
|
|t:|1776109221
|move|p1a: Galvantula|Thunder Wave|p2a: kevin spacey
|-immune|p2a: kevin spacey
|move|p2a: kevin spacey|Earthquake|p1a: Galvantula
|-damage|p1a: Galvantula|21/100
|
|upkeep
|turn|46
|
|t:|1776109231
|-terastallize|p2a: kevin spacey|Normal
|move|p1a: Galvantula|Rest|p1a: Galvantula
|-status|p1a: Galvantula|slp|[from] move: Rest
|-heal|p1a: Galvantula|100/100 slp|[silent]
|move|p2a: kevin spacey|Earthquake|p1a: Galvantula
|-damage|p1a: Galvantula|40/100 slp
|
|upkeep
|turn|47
|
|t:|1776109246
|switch|p1a: Sandslash|Sandslash, F|40/100
|move|p2a: kevin spacey|Swords Dance|p2a: kevin spacey
|-boost|p2a: kevin spacey|atk|2
|
|upkeep
|turn|48
|
|t:|1776109253
|move|p2a: kevin spacey|Facade|p1a: Sandslash
|-damage|p1a: Sandslash|0 fnt
|faint|p1a: Sandslash
|
|upkeep
|
|t:|1776109258
|switch|p1a: Noctowl|Noctowl, F|20/100 psn
|turn|49
|
|t:|1776109261
|move|p2a: kevin spacey|Facade|p1a: Noctowl
|-damage|p1a: Noctowl|0 fnt
|faint|p1a: Noctowl
|
|upkeep
|
|t:|1776109266
|switch|p1a: Galvantula|Galvantula, F|40/100 slp
|turn|50
|c|☆bothebeaver|my gliscor build is bette
|
|t:|1776109270
|cant|p1a: Galvantula|slp
|move|p2a: kevin spacey|Earthquake|p1a: Galvantula
|-damage|p1a: Galvantula|0 fnt
|faint|p1a: Galvantula
|
|win|bothebeaver
|raw|lord rifle's rating: 1026 &rarr; <strong>1012</strong><br />(-14 for losing)
|raw|bothebeaver's rating: 1014 &rarr; <strong>1053</strong><br />(+39 for winning)
|c|☆bothebeaver|mogs ur s
|l|☆bothebeaver
|player|p2|
