|html|<div class="broadcast-blue"><strong>[Gen 9] OU is currently suspecting Tera Blast! For information on how to participate check out the <a href="https://www.smogon.com/tools/suspects/view/200">suspect thread</a>.</strong></div>
|j|☆vkai3333
|j|☆soulesstm303
|t:|1776130933
|gametype|singles
|player|p1|vkai3333|1|1376
|player|p2|soulesstm303|dawn|1412
|gen|9
|tier|[Gen 9] OU
|rated|
|rule|HP Percentage Mod: HP is shown in percentages
|rule|Endless Battle Clause: Forcing endless battles is banned
|rule|Species Clause: Limit one of each Pokémon
|rule|OHKO Clause: OHKO moves are banned
|rule|Evasion Items Clause: Evasion items are banned
|rule|Evasion Moves Clause: Evasion moves are banned
|rule|Evasion Abilities Clause: Evasion abilities are banned
|rule|Sleep Moves Clause: Sleep-inducing moves are banned
|clearpoke
|poke|p1|Walking Wake|
|poke|p1|Lilligant-Hisui, F|
|poke|p1|Cinderace, F|
|poke|p1|Slowking-Galar, M|
|poke|p1|Zapdos|
|poke|p1|Kingambit, M|
|poke|p2|Veluza, F|
|poke|p2|Indeedee, M|
|poke|p2|Maushold|
|poke|p2|Hawlucha, M|
|poke|p2|Hatterene, F|
|poke|p2|Polteageist|
|teampreview
|inactive|Battle timer is ON: inactive players will automatically lose when time's up. (requested by vkai3333)
|
|t:|1776130947
|teamsize|p1|6
|teamsize|p2|6
|start
|switch|p1a: Cinderace|Cinderace, F|100/100
|switch|p2a: Indeedee|Indeedee, M|100/100
|-fieldstart|move: Psychic Terrain|[from] ability: Psychic Surge|[of] p2a: Indeedee
|turn|1
|
|t:|1776130961
|switch|p2a: Hatterene|Hatterene, F|100/100
|move|p1a: Cinderace|Sunny Day|p1a: Cinderace
|-weather|SunnyDay
|
|-weather|SunnyDay|[upkeep]
|upkeep
|turn|2
|
|t:|1776130972
|move|p1a: Cinderace|U-turn|p2a: Hatterene
|-start|p1a: Cinderace|typechange|Bug|[from] ability: Libero
|-damage|p2a: Hatterene|71/100
|-enditem|p2a: Hatterene|Eject Button
|
|t:|1776130977
|switch|p2a: Hawlucha|Hawlucha, M|100/100
|-enditem|p2a: Hawlucha|Psychic Seed
|-boost|p2a: Hawlucha|spd|1|[from] item: Psychic Seed
|
|-weather|SunnyDay|[upkeep]
|upkeep
|turn|3
|j| Yamhard
|inactive|vkai3333 has 120 seconds left.
|
|t:|1776131013
|move|p2a: Hawlucha|Swords Dance|p2a: Hawlucha
|-boost|p2a: Hawlucha|atk|2
|move|p1a: Cinderace|Pyro Ball|p2a: Hawlucha
|-crit|p2a: Hawlucha
|-damage|p2a: Hawlucha|3/100
|
|-weather|SunnyDay|[upkeep]
|upkeep
|turn|4
|
|t:|1776131021
|move|p2a: Hawlucha|Acrobatics|p1a: Cinderace
|-supereffective|p1a: Cinderace
|-damage|p1a: Cinderace|0 fnt
|faint|p1a: Cinderace
|
|-weather|SunnyDay|[upkeep]
|upkeep
|inactive|vkai3333 has 120 seconds left.
|l|☆soulesstm303
|inactive|soulesstm303 disconnected and has a minute to reconnect!
|player|p2|
|
|t:|1776131038
|switch|p1a: Walking Wake|Walking Wake|100/100
|-activate|p1a: Walking Wake|ability: Protosynthesis
|-start|p1a: Walking Wake|protosynthesisspe
|turn|5
|inactive|vkai3333 has 120 seconds left.
|j|☆soulesstm303
|inactive|soulesstm303 reconnected and has 125 seconds left.
|player|p2|soulesstm303|dawn|
|inactive|soulesstm303 has 120 seconds left.
|c|☆vkai3333|bruh
|c|☆vkai3333|i switched in the wrong pokemon
|inactive|vkai3333 has 90 seconds left.
|
|t:|1776131081
|-end|p1a: Walking Wake|Protosynthesis|[silent]
|switch|p1a: Zapdos|Zapdos|100/100
|move|p2a: Hawlucha|Acrobatics|p1a: Zapdos
|-resisted|p1a: Zapdos
|-damage|p1a: Zapdos|66/100
|-status|p2a: Hawlucha|par|[from] ability: Static|[of] p1a: Zapdos
|
|-weather|SunnyDay|[upkeep]
|upkeep
|turn|6
|inactive|vkai3333 has 90 seconds left.
|inactive|soulesstm303 has 120 seconds left.
|
|t:|1776131092
|move|p2a: Hawlucha|Throat Chop|p1a: Zapdos
|-damage|p1a: Zapdos|37/100
|-start|p1a: Zapdos|Throat Chop|[silent]
|move|p1a: Zapdos|Discharge|p2a: Hawlucha
|-supereffective|p2a: Hawlucha
|-damage|p2a: Hawlucha|0 fnt
|faint|p2a: Hawlucha
|
|-weather|SunnyDay|[upkeep]
|upkeep
|inactive|soulesstm303 has 120 seconds left.
|
|t:|1776131114
|switch|p2a: Indeedee|Indeedee, M|100/100
|turn|7
|
|t:|1776131121
|move|p2a: Indeedee|Expanding Force|p1a: Zapdos
|-damage|p1a: Zapdos|0 fnt
|faint|p1a: Zapdos
|
|-weather|SunnyDay|[upkeep]
|upkeep
|inactive|vkai3333 has 90 seconds left.
|
|t:|1776131157
|switch|p1a: Walking Wake|Walking Wake|100/100
|-activate|p1a: Walking Wake|ability: Protosynthesis
|-start|p1a: Walking Wake|protosynthesisspe
|turn|8
|
|t:|1776131165
|switch|p2a: Hatterene|Hatterene, F|71/100
|-terastallize|p1a: Walking Wake|Water
|move|p1a: Walking Wake|Hydro Steam|p2a: Hatterene
|-damage|p2a: Hatterene|0 fnt
|faint|p2a: Hatterene
|-damage|p1a: Walking Wake|91/100|[from] item: Life Orb
|
|-weather|none
|-end|p1a: Walking Wake|Protosynthesis
|-fieldend|move: Psychic Terrain
|upkeep
|inactive|soulesstm303 has 120 seconds left.
|
|t:|1776131177
|switch|p2a: Indeedee|Indeedee, M|100/100
|-fieldstart|move: Psychic Terrain|[from] ability: Psychic Surge|[of] p2a: Indeedee
|turn|9
|
|t:|1776131182
|move|p1a: Walking Wake|Hydro Steam|p2a: Indeedee
|-damage|p2a: Indeedee|0 fnt
|faint|p2a: Indeedee
|-damage|p1a: Walking Wake|81/100|[from] item: Life Orb
|
|upkeep
|
|t:|1776131192
|switch|p2a: Veluza|Veluza, F|100/100
|turn|10
|
|t:|1776131202
|move|p1a: Walking Wake|Draco Meteor|p2a: Veluza
|-damage|p2a: Veluza|0 fnt
|-unboost|p1a: Walking Wake|spa|2
|faint|p2a: Veluza
|-damage|p1a: Walking Wake|71/100|[from] item: Life Orb
|
|upkeep
|
|t:|1776131210
|switch|p2a: Polteageist|Polteageist|100/100
|turn|11
|inactive|vkai3333 has 120 seconds left.
|
|t:|1776131216
|-end|p1a: Walking Wake|Protosynthesis|[silent]
|switch|p1a: Slowking|Slowking-Galar, M|100/100
|move|p2a: Polteageist|Shell Smash|p2a: Polteageist
|-unboost|p2a: Polteageist|def|1
|-unboost|p2a: Polteageist|spd|1
|-boost|p2a: Polteageist|atk|2
|-boost|p2a: Polteageist|spa|2
|-boost|p2a: Polteageist|spe|2
|
|upkeep
|turn|12
|
|t:|1776131230
|move|p2a: Polteageist|Shadow Ball|p1a: Slowking
|-supereffective|p1a: Slowking
|-damage|p1a: Slowking|0 fnt
|faint|p1a: Slowking
|
|upkeep
|
|t:|1776131234
|switch|p1a: Kingambit|Kingambit, M|100/100
|-activate|p1a: Kingambit|ability: Supreme Overlord
|-start|p1a: Kingambit|fallen3|[silent]
|turn|13
|
|t:|1776131241
|-terastallize|p2a: Polteageist|Fighting
|move|p2a: Polteageist|Tera Blast|p1a: Kingambit|[anim] Tera Blast Fighting
|-supereffective|p1a: Kingambit
|-damage|p1a: Kingambit|0 fnt
|faint|p1a: Kingambit
|-end|p1a: Kingambit|fallen3|[silent]
|
|upkeep
|
|t:|1776131246
|switch|p1a: Lilligant|Lilligant-Hisui, F|100/100
|turn|14
|
|t:|1776131256
|move|p2a: Polteageist|Stored Power|p1a: Lilligant
|-supereffective|p1a: Lilligant
|-damage|p1a: Lilligant|0 fnt
|faint|p1a: Lilligant
|
|upkeep
|
|t:|1776131258
|switch|p1a: Walking Wake|Walking Wake, tera:Water|71/100
|turn|15
|
|t:|1776131263
|move|p2a: Polteageist|Stored Power|p1a: Walking Wake
|-damage|p1a: Walking Wake|0 fnt
|faint|p1a: Walking Wake
|-end|p1a: Walking Wake|Protosynthesis|[silent]
|
|win|soulesstm303
|raw|vkai3333's rating: 1376 &rarr; <strong>1358</strong><br />(-18 for losing)
|raw|soulesstm303's rating: 1412 &rarr; <strong>1430</strong><br />(+18 for winning)
|l| Yamhard
