|html|<div class="broadcast-blue"><strong>[Gen 9] OU is currently suspecting Tera Blast! For information on how to participate check out the <a href="https://www.smogon.com/tools/suspects/view/200">suspect thread</a>.</strong></div>
|j|☆bettercalltilin
|j|☆ButcherMarine
|t:|1776046076
|gametype|singles
|player|p1|bettercalltilin|101|1556
|player|p2|ButcherMarine|170|1600
|gen|9
|tier|[Gen 9] OU
|rated|
|rule|HP Percentage Mod: HP is shown in percentages
|rule|Endless Battle Clause: Forcing endless battles is banned
|rule|Species Clause: Limit one of each Pokémon
|rule|OHKO Clause: OHKO moves are banned
|rule|Evasion Items Clause: Evasion items are banned
|rule|Evasion Moves Clause: Evasion moves are banned
|rule|Evasion Abilities Clause: Evasion abilities are banned
|rule|Sleep Moves Clause: Sleep-inducing moves are banned
|clearpoke
|poke|p1|Maushold|
|poke|p1|Ogerpon-Wellspring, F|
|poke|p1|Kommo-o, F|
|poke|p1|Ninetales-Alola, F|
|poke|p1|Kyurem|
|poke|p1|Gholdengo|
|poke|p2|Ting-Lu|
|poke|p2|Garganacl, F|
|poke|p2|Keldeo|
|poke|p2|Ogerpon, F|
|poke|p2|Gholdengo|
|poke|p2|Moltres|
|teampreview
|inactive|Battle timer is ON: inactive players will automatically lose when time's up. (requested by ButcherMarine)
|inactive|bettercalltilin has 120 seconds left.
|
|t:|1776046155
|teamsize|p1|6
|teamsize|p2|6
|start
|switch|p1a: Ogerpon|Ogerpon-Wellspring, F|100/100
|switch|p2a: Garganacl|Garganacl, F|100/100
|turn|1
|
|t:|1776046163
|move|p1a: Ogerpon|Knock Off|p2a: Garganacl
|-damage|p2a: Garganacl|80/100
|-enditem|p2a: Garganacl|Leftovers|[from] move: Knock Off|[of] p1a: Ogerpon
|move|p2a: Garganacl|Salt Cure|p1a: Ogerpon
|-damage|p1a: Ogerpon|83/100
|-start|p1a: Ogerpon|Salt Cure
|
|-damage|p1a: Ogerpon|58/100|[from] Salt Cure
|upkeep
|turn|2
|
|t:|1776046173
|switch|p1a: Gholdengo|Gholdengo|100/100
|move|p2a: Garganacl|Stealth Rock|p1a: Gholdengo
|-sidestart|p1: bettercalltilin|move: Stealth Rock
|
|upkeep
|turn|3
|
|t:|1776046179
|switch|p1a: Maushold|Maushold|100/100
|-damage|p1a: Maushold|88/100|[from] Stealth Rock
|switch|p2a: Ting-Lu|Ting-Lu|100/100
|-ability|p2a: Ting-Lu|Vessel of Ruin
|
|upkeep
|turn|4
|
|t:|1776046186
|switch|p2a: Moltres|Moltres|100/100
|move|p1a: Maushold|Tidy Up|p1a: Maushold
|-sideend|p1: bettercalltilin|Stealth Rock
|-activate|p1a: Maushold|move: Tidy Up
|-boost|p1a: Maushold|atk|1
|-boost|p1a: Maushold|spe|1
|
|upkeep
|turn|5
|
|t:|1776046191
|switch|p1a: Ninetales|Ninetales-Alola, F|100/100
|-weather|Snowscape|[from] ability: Snow Warning|[of] p1a: Ninetales
|move|p2a: Moltres|Flamethrower|p1a: Ninetales
|-supereffective|p1a: Ninetales
|-damage|p1a: Ninetales|24/100
|-status|p1a: Ninetales|brn
|
|-weather|Snowscape|[upkeep]
|-damage|p1a: Ninetales|18/100 brn|[from] brn
|upkeep
|turn|6
|
|t:|1776046194
|move|p1a: Ninetales|Aurora Veil|p1a: Ninetales
|-sidestart|p1: bettercalltilin|move: Aurora Veil
|move|p2a: Moltres|U-turn|p1a: Ninetales
|-resisted|p1a: Ninetales
|-damage|p1a: Ninetales|16/100 brn
|
|t:|1776046199
|switch|p2a: Ogerpon|Ogerpon, F|100/100|[from] U-turn
|
|-weather|Snowscape|[upkeep]
|-damage|p1a: Ninetales|10/100 brn|[from] brn
|upkeep
|turn|7
|
|t:|1776046205
|switch|p1a: Kyurem|Kyurem, shiny|100/100
|-ability|p1a: Kyurem|Pressure
|move|p2a: Ogerpon|Knock Off|p1a: Kyurem
|-damage|p1a: Kyurem|90/100
|-enditem|p1a: Kyurem|Loaded Dice|[from] move: Knock Off|[of] p2a: Ogerpon
|
|-weather|Snowscape|[upkeep]
|upkeep
|turn|8
|
|t:|1776046210
|switch|p2a: Moltres|Moltres|100/100
|move|p1a: Kyurem|Dragon Dance|p1a: Kyurem
|-boost|p1a: Kyurem|atk|1
|-boost|p1a: Kyurem|spe|1
|
|-weather|Snowscape|[upkeep]
|upkeep
|turn|9
|
|t:|1776046215
|move|p1a: Kyurem|Icicle Spear|p2a: Moltres
|-damage|p2a: Moltres|85/100
|-crit|p2a: Moltres
|-damage|p2a: Moltres|63/100
|-damage|p2a: Moltres|47/100
|-hitcount|p2a: Moltres|3
|move|p2a: Moltres|Will-O-Wisp|p1a: Kyurem|[miss]
|-miss|p2a: Moltres|p1a: Kyurem
|
|-weather|none
|upkeep
|turn|10
|
|t:|1776046221
|move|p1a: Kyurem|Icicle Spear|p2a: Moltres
|-damage|p2a: Moltres|31/100
|-damage|p2a: Moltres|17/100
|-damage|p2a: Moltres|2/100
|-damage|p2a: Moltres|0 fnt
|faint|p2a: Moltres
|-hitcount|p2: Moltres|4
|
|upkeep
|
|t:|1776046228
|switch|p2a: Garganacl|Garganacl, F|80/100
|turn|11
|
|t:|1776046242
|move|p1a: Kyurem|Icicle Spear|p2a: Garganacl
|-crit|p2a: Garganacl
|-damage|p2a: Garganacl|64/100
|-damage|p2a: Garganacl|52/100
|-hitcount|p2a: Garganacl|2
|move|p2a: Garganacl|Salt Cure|p1a: Kyurem
|-supereffective|p1a: Kyurem
|-damage|p1a: Kyurem|76/100
|-start|p1a: Kyurem|Salt Cure
|
|-damage|p1a: Kyurem|64/100|[from] Salt Cure
|upkeep
|turn|12
|
|t:|1776046248
|move|p1a: Kyurem|Dragon Dance|p1a: Kyurem
|-boost|p1a: Kyurem|atk|1
|-boost|p1a: Kyurem|spe|1
|move|p2a: Garganacl|Recover|p2a: Garganacl
|-heal|p2a: Garganacl|100/100
|
|-damage|p1a: Kyurem|52/100|[from] Salt Cure
|upkeep
|turn|13
|
|t:|1776046254
|move|p2a: Garganacl|Protect|p2a: Garganacl
|-singleturn|p2a: Garganacl|Protect
|move|p1a: Kyurem|Icicle Spear|p2a: Garganacl
|-activate|p2a: Garganacl|move: Protect
|
|-damage|p1a: Kyurem|39/100|[from] Salt Cure
|-sideend|p1: bettercalltilin|move: Aurora Veil
|upkeep
|turn|14
|
|t:|1776046256
|move|p1a: Kyurem|Icicle Spear|p2a: Garganacl
|-damage|p2a: Garganacl|85/100
|-damage|p2a: Garganacl|68/100
|-damage|p2a: Garganacl|53/100
|-hitcount|p2a: Garganacl|3
|move|p2a: Garganacl|Stealth Rock|p1a: Kyurem
|-sidestart|p1: bettercalltilin|move: Stealth Rock
|
|-damage|p1a: Kyurem|27/100|[from] Salt Cure
|upkeep
|turn|15
|
|t:|1776046262
|move|p1a: Kyurem|Icicle Spear|p2a: Garganacl
|-damage|p2a: Garganacl|39/100
|-damage|p2a: Garganacl|24/100
|-damage|p2a: Garganacl|9/100
|-hitcount|p2a: Garganacl|3
|move|p2a: Garganacl|Recover|p2a: Garganacl
|-heal|p2a: Garganacl|59/100
|
|-damage|p1a: Kyurem|15/100|[from] Salt Cure
|upkeep
|turn|16
|
|t:|1776046269
|move|p1a: Kyurem|Icicle Spear|p2a: Garganacl
|-damage|p2a: Garganacl|44/100
|-damage|p2a: Garganacl|28/100
|-damage|p2a: Garganacl|12/100
|-damage|p2a: Garganacl|0 fnt
|faint|p2a: Garganacl
|-hitcount|p2: Garganacl|4
|
|-damage|p1a: Kyurem|3/100|[from] Salt Cure
|upkeep
|
|t:|1776046275
|switch|p2a: Keldeo|Keldeo|100/100
|turn|17
|
|t:|1776046280
|move|p1a: Kyurem|Scale Shot|p2a: Keldeo
|-damage|p2a: Keldeo|68/100
|-damage|p2a: Keldeo|37/100
|-hitcount|p2a: Keldeo|2
|-unboost|p1a: Kyurem|def|1
|-boost|p1a: Kyurem|spe|1
|move|p2a: Keldeo|Flip Turn|p1a: Kyurem
|-resisted|p1a: Kyurem
|-damage|p1a: Kyurem|0 fnt
|faint|p1a: Kyurem
|
|t:|1776046285
|switch|p2a: Ogerpon|Ogerpon, F|100/100|[from] Flip Turn
|
|upkeep
|inactive|bettercalltilin has 120 seconds left.
|inactive|bettercalltilin has 90 seconds left.
|
|t:|1776046367
|switch|p1a: Kommo-o|Kommo-o, F, shiny|100/100
|-damage|p1a: Kommo-o|94/100|[from] Stealth Rock
|turn|18
|
|t:|1776046379
|move|p2a: Ogerpon|Knock Off|p1a: Kommo-o
|-resisted|p1a: Kommo-o
|-damage|p1a: Kommo-o|79/100
|-enditem|p1a: Kommo-o|Throat Spray|[from] move: Knock Off|[of] p2a: Ogerpon
|move|p1a: Kommo-o|Clangorous Soul|p1a: Kommo-o
|-boost|p1a: Kommo-o|atk|1
|-boost|p1a: Kommo-o|def|1
|-boost|p1a: Kommo-o|spa|1
|-boost|p1a: Kommo-o|spd|1
|-boost|p1a: Kommo-o|spe|1
|-damage|p1a: Kommo-o|46/100
|
|upkeep
|turn|19
|inactive|bettercalltilin has 90 seconds left.
|
|t:|1776046388
|switch|p2a: Ting-Lu|Ting-Lu|100/100
|-ability|p2a: Ting-Lu|Vessel of Ruin
|move|p1a: Kommo-o|Flamethrower|p2a: Ting-Lu
|-damage|p2a: Ting-Lu|82/100
|-status|p2a: Ting-Lu|brn
|
|-heal|p2a: Ting-Lu|88/100 brn|[from] item: Leftovers
|-damage|p2a: Ting-Lu|82/100 brn|[from] brn
|upkeep
|turn|20
|
|t:|1776046392
|move|p1a: Kommo-o|Clanging Scales|p2a: Ting-Lu
|-damage|p2a: Ting-Lu|52/100 brn
|-unboost|p1a: Kommo-o|def|1
|move|p2a: Ting-Lu|Ruination|p1a: Kommo-o
|-damage|p1a: Kommo-o|23/100
|
|-heal|p2a: Ting-Lu|58/100 brn|[from] item: Leftovers
|-damage|p2a: Ting-Lu|52/100 brn|[from] brn
|upkeep
|turn|21
|
|t:|1776046403
|move|p1a: Kommo-o|Clanging Scales|p2a: Ting-Lu
|-damage|p2a: Ting-Lu|18/100 brn
|-unboost|p1a: Kommo-o|def|1
|move|p2a: Ting-Lu|Whirlwind|p1a: Kommo-o
|drag|p1a: Maushold|Maushold|88/100
|-damage|p1a: Maushold|76/100|[from] Stealth Rock
|
|-heal|p2a: Ting-Lu|25/100 brn|[from] item: Leftovers
|-damage|p2a: Ting-Lu|18/100 brn|[from] brn
|upkeep
|turn|22
|
|t:|1776046408
|move|p1a: Maushold|Tidy Up|p1a: Maushold
|-sideend|p1: bettercalltilin|Stealth Rock
|-activate|p1a: Maushold|move: Tidy Up
|-boost|p1a: Maushold|atk|1
|-boost|p1a: Maushold|spe|1
|move|p2a: Ting-Lu|Spikes|p1a: Maushold
|-sidestart|p1: bettercalltilin|Spikes
|
|-heal|p2a: Ting-Lu|25/100 brn|[from] item: Leftovers
|-damage|p2a: Ting-Lu|18/100 brn|[from] brn
|upkeep
|turn|23
|
|t:|1776046414
|move|p1a: Maushold|Population Bomb|p2a: Ting-Lu
|-damage|p2a: Ting-Lu|9/100 brn
|-damage|p2a: Ting-Lu|1/100 brn
|-damage|p2a: Ting-Lu|0 fnt
|faint|p2a: Ting-Lu
|-hitcount|p2: Ting-Lu|3
|
|upkeep
|
|t:|1776046416
|switch|p2a: Gholdengo|Gholdengo|100/100
|-item|p2a: Gholdengo|Air Balloon
|turn|24
|
|t:|1776046420
|move|p1a: Maushold|Bite|p2a: Gholdengo
|-supereffective|p2a: Gholdengo
|-damage|p2a: Gholdengo|37/100
|-enditem|p2a: Gholdengo|Air Balloon
|move|p2a: Gholdengo|Thunder Wave|p1a: Maushold
|-status|p1a: Maushold|par
|
|upkeep
|turn|25
|
|t:|1776046426
|move|p1a: Maushold|Bite|p2a: Gholdengo
|-supereffective|p2a: Gholdengo
|-damage|p2a: Gholdengo|0 fnt
|faint|p2a: Gholdengo
|
|upkeep
|
|t:|1776046429
|switch|p2a: Ogerpon|Ogerpon, F|100/100
|turn|26
|
|t:|1776046436
|-terastallize|p2a: Ogerpon|Grass
|detailschange|p2a: Ogerpon|Ogerpon-Teal-Tera, F, tera:Grass
|-ability|p2a: Ogerpon|Embody Aspect (Teal)|boost
|-boost|p2a: Ogerpon|spe|1
|move|p2a: Ogerpon|Ivy Cudgel|p1a: Maushold
|-damage|p1a: Maushold|0 fnt
|faint|p1a: Maushold
|
|upkeep
|
|t:|1776046443
|switch|p1a: Gholdengo|Gholdengo|100/100
|-damage|p1a: Gholdengo|88/100|[from] Spikes
|turn|27
|
|t:|1776046446
|move|p2a: Ogerpon|Knock Off|p1a: Gholdengo
|-supereffective|p1a: Gholdengo
|-damage|p1a: Gholdengo|45/100
|-enditem|p1a: Gholdengo|Leftovers|[from] move: Knock Off|[of] p2a: Ogerpon
|move|p1a: Gholdengo|Shadow Ball|p2a: Ogerpon
|-damage|p2a: Ogerpon|58/100
|
|upkeep
|turn|28
|
|t:|1776046452
|move|p2a: Ogerpon|Ivy Cudgel|p1a: Gholdengo
|-resisted|p1a: Gholdengo
|-crit|p1a: Gholdengo
|-damage|p1a: Gholdengo|8/100
|move|p1a: Gholdengo|Recover|p1a: Gholdengo
|-heal|p1a: Gholdengo|58/100
|
|upkeep
|turn|29
|
|t:|1776046461
|move|p2a: Ogerpon|Ivy Cudgel|p1a: Gholdengo
|-resisted|p1a: Gholdengo
|-crit|p1a: Gholdengo
|-damage|p1a: Gholdengo|21/100
|move|p1a: Gholdengo|Recover|p1a: Gholdengo
|-heal|p1a: Gholdengo|71/100
|
|upkeep
|turn|30
|
|t:|1776046466
|move|p2a: Ogerpon|Synthesis|p2a: Ogerpon
|-heal|p2a: Ogerpon|100/100
|move|p1a: Gholdengo|Nasty Plot|p1a: Gholdengo
|-boost|p1a: Gholdengo|spa|2
|
|upkeep
|turn|31
|
|t:|1776046472
|move|p2a: Ogerpon|Knock Off|p1a: Gholdengo
|-supereffective|p1a: Gholdengo
|-damage|p1a: Gholdengo|42/100
|move|p1a: Gholdengo|Recover|p1a: Gholdengo
|-heal|p1a: Gholdengo|92/100
|
|upkeep
|turn|32
|
|t:|1776046476
|switch|p2a: Keldeo|Keldeo|37/100
|move|p1a: Gholdengo|Shadow Ball|p2a: Keldeo
|-damage|p2a: Keldeo|0 fnt
|faint|p2a: Keldeo
|
|upkeep
|
|t:|1776046477
|switch|p2a: Ogerpon|Ogerpon-Teal-Tera, F, tera:Grass|100/100
|-ability|p2a: Ogerpon|Embody Aspect (Teal)|boost
|-boost|p2a: Ogerpon|spe|1
|turn|33
|
|t:|1776046479
|move|p2a: Ogerpon|Ivy Cudgel|p1a: Gholdengo
|-resisted|p1a: Gholdengo
|-damage|p1a: Gholdengo|67/100
|move|p1a: Gholdengo|Shadow Ball|p2a: Ogerpon
|-damage|p2a: Ogerpon|21/100
|
|upkeep
|turn|34
|
|t:|1776046482
|move|p2a: Ogerpon|Ivy Cudgel|p1a: Gholdengo
|-resisted|p1a: Gholdengo
|-damage|p1a: Gholdengo|42/100
|move|p1a: Gholdengo|Shadow Ball|p2a: Ogerpon
|-damage|p2a: Ogerpon|0 fnt
|faint|p2a: Ogerpon
|detailschange|p2: Ogerpon|Ogerpon, F|[silent]
|
|win|bettercalltilin
|raw|bettercalltilin's rating: 1556 &rarr; <strong>1579</strong><br />(+23 for winning)
|raw|ButcherMarine's rating: 1600 &rarr; <strong>1577</strong><br />(-23 for losing)
|l|☆ButcherMarine
|player|p2|
|l|☆bettercalltilin
|player|p1|
