|html|<div class="broadcast-blue"><strong>[Gen 9] OU is currently suspecting Tera Blast! For information on how to participate check out the <a href="https://www.smogon.com/tools/suspects/view/200">suspect thread</a>.</strong></div>
|j|☆Chrisfeb1992
|j|☆maceg
|t:|1776105510
|gametype|singles
|player|p1|Chrisfeb1992|2|1407
|player|p2|maceg|clair|1448
|gen|9
|tier|[Gen 9] OU
|rated|
|rule|HP Percentage Mod: HP is shown in percentages
|rule|Endless Battle Clause: Forcing endless battles is banned
|rule|Species Clause: Limit one of each Pokémon
|rule|OHKO Clause: OHKO moves are banned
|rule|Evasion Items Clause: Evasion items are banned
|rule|Evasion Moves Clause: Evasion moves are banned
|rule|Evasion Abilities Clause: Evasion abilities are banned
|rule|Sleep Moves Clause: Sleep-inducing moves are banned
|clearpoke
|poke|p1|Gholdengo|
|poke|p1|Ribombee, F|
|poke|p1|Great Tusk|
|poke|p1|Enamorus, F|
|poke|p1|Cinderace, F|
|poke|p1|Lokix, M|
|poke|p2|Kommo-o, M|
|poke|p2|Alomomola, F|
|poke|p2|Gliscor, F|
|poke|p2|Garganacl, M|
|poke|p2|Kingambit, M|
|poke|p2|Dragapult, F|
|teampreview
|inactive|Battle timer is ON: inactive players will automatically lose when time's up. (requested by maceg)
|inactive|Chrisfeb1992 has 120 seconds left.
|
|t:|1776105547
|teamsize|p1|6
|teamsize|p2|6
|start
|switch|p1a: Cinderace|Cinderace, F|100/100
|switch|p2a: Garganacl|Garganacl, M|100/100
|turn|1
|
|t:|1776105556
|move|p2a: Garganacl|Protect|p2a: Garganacl
|-singleturn|p2a: Garganacl|Protect
|move|p1a: Cinderace|U-turn|p2a: Garganacl
|-start|p1a: Cinderace|typechange|Bug|[from] ability: Libero
|-activate|p2a: Garganacl|move: Protect
|
|upkeep
|turn|2
|
|t:|1776105564
|move|p1a: Cinderace|Pyro Ball|p2a: Garganacl|[miss]
|-miss|p1a: Cinderace|p2a: Garganacl
|move|p2a: Garganacl|Stealth Rock|p1a: Cinderace
|-sidestart|p1: Chrisfeb1992|move: Stealth Rock
|
|upkeep
|turn|3
|
|t:|1776105569
|move|p1a: Cinderace|Court Change|p1a: Cinderace
|-swapsideconditions
|-activate|p1a: Cinderace|move: Court Change
|move|p2a: Garganacl|Salt Cure|p1a: Cinderace
|-supereffective|p1a: Cinderace
|-damage|p1a: Cinderace|61/100
|-start|p1a: Cinderace|Salt Cure
|
|-damage|p1a: Cinderace|48/100|[from] Salt Cure
|upkeep
|turn|4
|
|t:|1776105578
|switch|p1a: Great Tusk|Great Tusk|100/100
|-enditem|p1a: Great Tusk|Booster Energy
|-activate|p1a: Great Tusk|ability: Protosynthesis|[fromitem]
|-start|p1a: Great Tusk|protosynthesisatk
|move|p2a: Garganacl|Stealth Rock|p1a: Great Tusk
|-sidestart|p1: Chrisfeb1992|move: Stealth Rock
|
|upkeep
|turn|5
|
|t:|1776105589
|switch|p2a: Dragapult|Dragapult, F|100/100
|move|p1a: Great Tusk|Bulk Up|p1a: Great Tusk
|-boost|p1a: Great Tusk|atk|1
|-boost|p1a: Great Tusk|def|1
|
|upkeep
|turn|6
|
|t:|1776105597
|move|p2a: Dragapult|Will-O-Wisp|p1a: Great Tusk
|-status|p1a: Great Tusk|brn
|move|p1a: Great Tusk|Earthquake|p2a: Dragapult
|-damage|p2a: Dragapult|29/100
|
|-damage|p1a: Great Tusk|94/100 brn|[from] brn
|upkeep
|turn|7
|
|t:|1776105607
|move|p2a: Dragapult|Hex|p1a: Great Tusk
|-damage|p1a: Great Tusk|14/100 brn
|move|p1a: Great Tusk|Earthquake|p2a: Dragapult
|-damage|p2a: Dragapult|0 fnt
|faint|p2a: Dragapult
|
|-damage|p1a: Great Tusk|8/100 brn|[from] brn
|upkeep
|
|t:|1776105616
|switch|p2a: Alomomola|Alomomola, F|100/100
|turn|8
|
|t:|1776105620
|move|p1a: Great Tusk|Earthquake|p2a: Alomomola
|-damage|p2a: Alomomola|75/100
|move|p2a: Alomomola|Wish|p2a: Alomomola
|
|-damage|p1a: Great Tusk|2/100 brn|[from] brn
|upkeep
|turn|9
|
|t:|1776105630
|move|p1a: Great Tusk|Earthquake|p2a: Alomomola
|-damage|p2a: Alomomola|48/100
|move|p2a: Alomomola|Flip Turn|p1a: Great Tusk
|-supereffective|p1a: Great Tusk
|-damage|p1a: Great Tusk|0 fnt
|faint|p1a: Great Tusk
|-end|p1a: Great Tusk|Protosynthesis|[silent]
|
|t:|1776105635
|switch|p2a: Gliscor|Gliscor, F|100/100|[from] Flip Turn
|-damage|p2a: Gliscor|88/100|[from] Stealth Rock
|
|-heal|p2a: Gliscor|100/100|[from] move: Wish|[wisher] Alomomola
|-status|p2a: Gliscor|tox|[from] item: Toxic Orb
|upkeep
|
|t:|1776105645
|switch|p1a: Ribombee|Ribombee, F|100/100
|-damage|p1a: Ribombee|76/100|[from] Stealth Rock
|turn|10
|
|t:|1776105650
|switch|p2a: Garganacl|Garganacl, M|100/100
|-damage|p2a: Garganacl|88/100|[from] Stealth Rock
|move|p1a: Ribombee|Sticky Web|p2a: Garganacl
|-sidestart|p2: maceg|move: Sticky Web
|
|-heal|p2a: Garganacl|94/100|[from] item: Leftovers
|upkeep
|turn|11
|
|t:|1776105658
|move|p1a: Ribombee|Psychic Noise|p2a: Garganacl
|-damage|p2a: Garganacl|80/100
|-start|p2a: Garganacl|move: Heal Block
|move|p2a: Garganacl|Salt Cure|p1a: Ribombee
|-supereffective|p1a: Ribombee
|-damage|p1a: Ribombee|18/100
|
|upkeep
|turn|12
|
|t:|1776105667
|move|p1a: Ribombee|Moonblast|p2a: Garganacl
|-damage|p2a: Garganacl|53/100
|-unboost|p2a: Garganacl|spa|1
|move|p2a: Garganacl|Salt Cure|p1a: Ribombee
|-supereffective|p1a: Ribombee
|-damage|p1a: Ribombee|0 fnt
|faint|p1a: Ribombee
|
|-end|p2a: Garganacl|move: Heal Block
|upkeep
|
|t:|1776105680
|switch|p1a: Gholdengo|Gholdengo|100/100
|-damage|p1a: Gholdengo|94/100|[from] Stealth Rock
|-item|p1a: Gholdengo|Air Balloon
|turn|13
|
|t:|1776105688
|switch|p2a: Kingambit|Kingambit, M|100/100
|-damage|p2a: Kingambit|94/100|[from] Stealth Rock
|-activate|p2a: Kingambit|move: Sticky Web
|-unboost|p2a: Kingambit|spe|1
|-activate|p2a: Kingambit|ability: Supreme Overlord
|-start|p2a: Kingambit|fallen1|[silent]
|move|p1a: Gholdengo|Make It Rain|p2a: Kingambit
|-resisted|p2a: Kingambit
|-damage|p2a: Kingambit|57/100
|-unboost|p1a: Gholdengo|spa|1
|
|-heal|p2a: Kingambit|63/100|[from] item: Leftovers
|upkeep
|turn|14
|
|t:|1776105702
|-terastallize|p1a: Gholdengo|Fighting
|move|p1a: Gholdengo|Tera Blast|p2a: Kingambit|[anim] Tera Blast Fighting
|-supereffective|p2a: Kingambit
|-damage|p2a: Kingambit|0 fnt
|faint|p2a: Kingambit
|-end|p2a: Kingambit|fallen1|[silent]
|
|upkeep
|
|t:|1776105707
|switch|p2a: Gliscor|Gliscor, F|100/100 tox
|-damage|p2a: Gliscor|88/100 tox|[from] Stealth Rock
|turn|15
|
|t:|1776105715
|switch|p1a: Enamorus|Enamorus, F|100/100
|-damage|p1a: Enamorus|76/100|[from] Stealth Rock
|move|p2a: Gliscor|Knock Off|p1a: Enamorus
|-resisted|p1a: Enamorus
|-damage|p1a: Enamorus|59/100
|-enditem|p1a: Enamorus|Choice Scarf|[from] move: Knock Off|[of] p2a: Gliscor
|
|-heal|p2a: Gliscor|100/100 tox|[from] ability: Poison Heal
|upkeep
|turn|16
|
|t:|1776105726
|move|p1a: Enamorus|Moonblast|p2a: Gliscor
|-damage|p2a: Gliscor|58/100 tox
|move|p2a: Gliscor|Toxic|p1a: Enamorus
|-status|p1a: Enamorus|tox
|
|-damage|p1a: Enamorus|53/100 tox|[from] psn
|-heal|p2a: Gliscor|70/100 tox|[from] ability: Poison Heal
|upkeep
|turn|17
|
|t:|1776105735
|move|p2a: Gliscor|Protect|p2a: Gliscor
|-singleturn|p2a: Gliscor|Protect
|move|p1a: Enamorus|Moonblast|p2a: Gliscor
|-activate|p2a: Gliscor|move: Protect
|
|-damage|p1a: Enamorus|40/100 tox|[from] psn
|-heal|p2a: Gliscor|83/100 tox|[from] ability: Poison Heal
|upkeep
|turn|18
|
|t:|1776105745
|move|p1a: Enamorus|Moonblast|p2a: Gliscor
|-crit|p2a: Gliscor
|-damage|p2a: Gliscor|20/100 tox
|move|p2a: Gliscor|Spikes|p1a: Enamorus
|-sidestart|p1: Chrisfeb1992|Spikes
|
|-damage|p1a: Enamorus|22/100 tox|[from] psn
|-heal|p2a: Gliscor|33/100 tox|[from] ability: Poison Heal
|upkeep
|turn|19
|
|t:|1776105755
|move|p2a: Gliscor|Protect|p2a: Gliscor
|-singleturn|p2a: Gliscor|Protect
|move|p1a: Enamorus|Moonblast|p2a: Gliscor
|-activate|p2a: Gliscor|move: Protect
|
|-damage|p1a: Enamorus|0 fnt|[from] psn
|faint|p1a: Enamorus
|-heal|p2a: Gliscor|45/100 tox|[from] ability: Poison Heal
|upkeep
|
|t:|1776105766
|switch|p1a: Cinderace|Cinderace, F|48/100
|turn|20
|
|t:|1776105769
|move|p2a: Gliscor|Protect||[still]
|-fail|p2a: Gliscor
|move|p1a: Cinderace|Pyro Ball|p2a: Gliscor
|-damage|p2a: Gliscor|1/100 tox
|
|-heal|p2a: Gliscor|13/100 tox|[from] ability: Poison Heal
|upkeep
|turn|21
|
|t:|1776105777
|move|p1a: Cinderace|Pyro Ball|p2a: Gliscor
|-damage|p2a: Gliscor|0 fnt
|faint|p2a: Gliscor
|
|upkeep
|
|t:|1776105784
|switch|p2a: Garganacl|Garganacl, M|53/100
|-damage|p2a: Garganacl|40/100|[from] Stealth Rock
|-activate|p2a: Garganacl|move: Sticky Web
|-unboost|p2a: Garganacl|spe|1
|turn|22
|
|t:|1776105790
|move|p2a: Garganacl|Protect|p2a: Garganacl
|-singleturn|p2a: Garganacl|Protect
|move|p1a: Cinderace|U-turn|p2a: Garganacl
|-start|p1a: Cinderace|typechange|Bug|[from] ability: Libero
|-activate|p2a: Garganacl|move: Protect
|
|-heal|p2a: Garganacl|47/100|[from] item: Leftovers
|upkeep
|turn|23
|
|t:|1776105799
|move|p1a: Cinderace|U-turn|p2a: Garganacl
|-damage|p2a: Garganacl|24/100
|
|t:|1776105802
|switch|p1a: Gholdengo|Gholdengo, tera:Fighting|94/100|[from] U-turn
|-damage|p1a: Gholdengo|88/100|[from] Stealth Rock
|-item|p1a: Gholdengo|Air Balloon
|move|p2a: Garganacl|Recover|p2a: Garganacl
|-heal|p2a: Garganacl|74/100
|
|-heal|p2a: Garganacl|80/100|[from] item: Leftovers
|upkeep
|turn|24
|
|t:|1776105813
|move|p1a: Gholdengo|Nasty Plot|p1a: Gholdengo
|-boost|p1a: Gholdengo|spa|2
|move|p2a: Garganacl|Salt Cure|p1a: Gholdengo
|-resisted|p1a: Gholdengo
|-damage|p1a: Gholdengo|81/100
|-start|p1a: Gholdengo|Salt Cure
|-enditem|p1a: Gholdengo|Air Balloon
|
|-heal|p2a: Garganacl|87/100|[from] item: Leftovers
|-damage|p1a: Gholdengo|68/100|[from] Salt Cure
|upkeep
|turn|25
|
|t:|1776105825
|move|p2a: Garganacl|Protect|p2a: Garganacl
|-singleturn|p2a: Garganacl|Protect
|move|p1a: Gholdengo|Nasty Plot|p1a: Gholdengo
|-boost|p1a: Gholdengo|spa|2
|
|-heal|p2a: Garganacl|93/100|[from] item: Leftovers
|-damage|p1a: Gholdengo|56/100|[from] Salt Cure
|upkeep
|turn|26
|
|t:|1776105835
|switch|p2a: Alomomola|Alomomola, F|81/100
|move|p1a: Gholdengo|Tera Blast|p2a: Alomomola|[anim] Tera Blast Fighting
|-damage|p2a: Alomomola|0 fnt
|faint|p2a: Alomomola
|
|-damage|p1a: Gholdengo|44/100|[from] Salt Cure
|upkeep
|
|t:|1776105838
|switch|p2a: Garganacl|Garganacl, M|93/100
|-damage|p2a: Garganacl|80/100|[from] Stealth Rock
|-activate|p2a: Garganacl|move: Sticky Web
|-unboost|p2a: Garganacl|spe|1
|turn|27
|
|t:|1776105851
|move|p1a: Gholdengo|Make It Rain|p2a: Garganacl
|-supereffective|p2a: Garganacl
|-damage|p2a: Garganacl|0 fnt
|-unboost|p1a: Gholdengo|spa|1
|faint|p2a: Garganacl
|
|-damage|p1a: Gholdengo|31/100|[from] Salt Cure
|upkeep
|
|t:|1776105853
|switch|p2a: Kommo-o|Kommo-o, M|100/100
|-damage|p2a: Kommo-o|94/100|[from] Stealth Rock
|-activate|p2a: Kommo-o|move: Sticky Web
|-unboost|p2a: Kommo-o|spe|1
|turn|28
|
|t:|1776105865
|move|p1a: Gholdengo|Make It Rain|p2a: Kommo-o
|-damage|p2a: Kommo-o|0 fnt
|-unboost|p1a: Gholdengo|spa|1
|faint|p2a: Kommo-o
|
|win|Chrisfeb1992
|raw|Chrisfeb1992's rating: 1407 &rarr; <strong>1429</strong><br />(+22 for winning)
|raw|maceg's rating: 1448 &rarr; <strong>1426</strong><br />(-22 for losing)
|l|☆maceg
|player|p2|
