|html|<div class="broadcast-blue"><strong>[Gen 9] OU is currently suspecting Tera Blast! For information on how to participate check out the <a href="https://www.smogon.com/tools/suspects/view/200">suspect thread</a>.</strong></div>
|j|☆ansciscade
|j|☆jonnythocolin
|t:|1776137382
|gametype|singles
|player|p1|ansciscade|cynthia-gen4|1263
|player|p2|jonnythocolin|li|1218
|gen|9
|tier|[Gen 9] OU
|rated|
|rule|HP Percentage Mod: HP is shown in percentages
|rule|Endless Battle Clause: Forcing endless battles is banned
|rule|Species Clause: Limit one of each Pokémon
|rule|OHKO Clause: OHKO moves are banned
|rule|Evasion Items Clause: Evasion items are banned
|rule|Evasion Moves Clause: Evasion moves are banned
|rule|Evasion Abilities Clause: Evasion abilities are banned
|rule|Sleep Moves Clause: Sleep-inducing moves are banned
|clearpoke
|poke|p1|Gliscor, F|
|poke|p1|Gholdengo|
|poke|p1|Glimmora, M|
|poke|p1|Tornadus-Therian, M|
|poke|p1|Tyranitar, M|
|poke|p1|Rotom-Wash|
|poke|p2|Clodsire, M|
|poke|p2|Skeledirge, F|
|poke|p2|Corviknight, M|
|poke|p2|Meowscarada, F|
|poke|p2|Latios, M|
|poke|p2|Iron Valiant|
|teampreview
|c|☆ansciscade|oh la team d'enculé
|
|t:|1776137403
|teamsize|p1|6
|teamsize|p2|6
|start
|switch|p1a: Glimmora|Glimmora, M|100/100
|switch|p2a: Ì'll Díâbõlö|Latios, M|100/100
|turn|1
|inactive|Battle timer is ON: inactive players will automatically lose when time's up. (requested by jonnythocolin)
|
|t:|1776137410
|move|p2a: Ì'll Díâbõlö|Psychic Noise|p1a: Glimmora
|-supereffective|p1a: Glimmora
|-damage|p1a: Glimmora|9/100
|-start|p1a: Glimmora|move: Heal Block
|move|p1a: Glimmora|Stealth Rock|p2a: Ì'll Díâbõlö
|-sidestart|p2: jonnythocolin|move: Stealth Rock
|
|upkeep
|turn|2
|
|t:|1776137420
|switch|p1a: Tornadus|Tornadus-Therian, M|100/100
|move|p2a: Ì'll Díâbõlö|Psychic Noise|p1a: Tornadus
|-damage|p1a: Tornadus|55/100
|-start|p1a: Tornadus|move: Heal Block
|
|upkeep
|turn|3
|
|t:|1776137430
|switch|p2a: Edgar|Corviknight, M, shiny|100/100
|-damage|p2a: Edgar|88/100|[from] Stealth Rock
|move|p1a: Tornadus|U-turn|p2a: Edgar
|-resisted|p2a: Edgar
|-damage|p2a: Edgar|85/100
|-damage|p1a: Tornadus|39/100|[from] item: Rocky Helmet|[of] p2a: Edgar
|
|t:|1776137437
|switch|p1a: Rotom|Rotom-Wash|100/100|[from] U-turn
|
|upkeep
|turn|4
|
|t:|1776137443
|switch|p2a: Mojoncito|Clodsire, M|100/100
|-damage|p2a: Mojoncito|94/100|[from] Stealth Rock
|move|p1a: Rotom|Hydro Pump|p2a: Mojoncito
|-heal|p2a: Mojoncito|100/100|[from] ability: Water Absorb|[of] p1a: Rotom
|
|upkeep
|turn|5
|
|t:|1776137458
|switch|p1a: Gholdengo|Gholdengo|100/100
|move|p2a: Mojoncito|Stealth Rock|p1a: Gholdengo
|-sidestart|p1: ansciscade|move: Stealth Rock
|
|upkeep
|turn|6
|
|t:|1776137470
|move|p1a: Gholdengo|Dazzling Gleam|p2a: Mojoncito
|-resisted|p2a: Mojoncito
|-damage|p2a: Mojoncito|93/100
|move|p2a: Mojoncito|Earthquake|p1a: Gholdengo
|-supereffective|p1a: Gholdengo
|-damage|p1a: Gholdengo|43/100
|
|-heal|p2a: Mojoncito|99/100|[from] item: Leftovers
|upkeep
|turn|7
|
|t:|1776137482
|switch|p1a: Tornadus|Tornadus-Therian, M|72/100
|move|p2a: Mojoncito|Earthquake|p1a: Tornadus
|-immune|p1a: Tornadus
|
|-heal|p2a: Mojoncito|100/100|[from] item: Leftovers
|upkeep
|turn|8
|
|t:|1776137490
|move|p1a: Tornadus|Knock Off|p2a: Mojoncito
|-damage|p2a: Mojoncito|68/100
|-enditem|p2a: Mojoncito|Leftovers|[from] move: Knock Off|[of] p1a: Tornadus
|move|p2a: Mojoncito|Toxic|p1a: Tornadus
|-status|p1a: Tornadus|tox
|
|-damage|p1a: Tornadus|66/100 tox|[from] psn
|upkeep
|turn|9
|
|t:|1776137499
|move|p1a: Tornadus|U-turn|p2a: Mojoncito
|-resisted|p2a: Mojoncito
|-damage|p2a: Mojoncito|58/100
|
|t:|1776137504
|switch|p1a: Glimmora|Glimmora, M|9/100|[from] U-turn
|move|p2a: Mojoncito|Recover|p2a: Mojoncito
|-heal|p2a: Mojoncito|100/100
|
|upkeep
|turn|10
|
|t:|1776137513
|switch|p2a: Edgar|Corviknight, M, shiny|85/100
|-damage|p2a: Edgar|73/100|[from] Stealth Rock
|move|p1a: Glimmora|Mortal Spin|p2a: Edgar
|-immune|p2a: Edgar
|
|upkeep
|turn|11
|
|t:|1776137522
|switch|p1a: Gliscor|Gliscor, F|100/100
|-damage|p1a: Gliscor|88/100|[from] Stealth Rock
|move|p2a: Edgar|Roost|p2a: Edgar
|-heal|p2a: Edgar|100/100
|-singleturn|p2a: Edgar|move: Roost
|
|-status|p1a: Gliscor|tox|[from] item: Toxic Orb
|upkeep
|turn|12
|
|t:|1776137533
|switch|p1a: Rotom|Rotom-Wash|100/100
|-damage|p1a: Rotom|88/100|[from] Stealth Rock
|move|p2a: Edgar|Defog|p1a: Rotom
|-unboost|p1a: Rotom|evasion|1
|-sideend|p1: ansciscade|Stealth Rock|[from] move: Defog|[of] p2a: Edgar
|-sideend|p2: jonnythocolin|Stealth Rock|[from] move: Defog|[of] p2a: Edgar
|
|upkeep
|turn|13
|
|t:|1776137544
|switch|p2a: Mojoncito|Clodsire, M|100/100
|move|p1a: Rotom|Dark Pulse|p2a: Mojoncito
|-damage|p2a: Mojoncito|87/100
|
|upkeep
|turn|14
|
|t:|1776137551
|switch|p1a: Gliscor|Gliscor, F|88/100 tox
|move|p2a: Mojoncito|Earthquake|p1a: Gliscor
|-immune|p1a: Gliscor
|
|-heal|p1a: Gliscor|100/100 tox|[from] ability: Poison Heal
|upkeep
|turn|15
|
|t:|1776137561
|switch|p2a: Ì'll Díâbõlö|Latios, M|100/100
|move|p1a: Gliscor|Earthquake|p2a: Ì'll Díâbõlö
|-immune|p2a: Ì'll Díâbõlö|[from] ability: Levitate
|
|upkeep
|turn|16
|
|t:|1776137567
|move|p2a: Ì'll Díâbõlö|Trick|p1a: Gliscor
|-activate|p2a: Ì'll Díâbõlö|move: Trick|[of] p1a: Gliscor
|-item|p1a: Gliscor|Choice Scarf|[from] move: Trick
|-item|p2a: Ì'll Díâbõlö|Toxic Orb|[from] move: Trick
|move|p1a: Gliscor|Toxic|p2a: Ì'll Díâbõlö
|-status|p2a: Ì'll Díâbõlö|tox
|
|-damage|p2a: Ì'll Díâbõlö|95/100 tox|[from] psn
|upkeep
|turn|17
|
|t:|1776137578
|switch|p1a: Tyranitar|Tyranitar, M|100/100
|-weather|Sandstorm|[from] ability: Sand Stream|[of] p1a: Tyranitar
|move|p2a: Ì'll Díâbõlö|Trick|p1a: Tyranitar
|-activate|p2a: Ì'll Díâbõlö|move: Trick|[of] p1a: Tyranitar
|-item|p1a: Tyranitar|Toxic Orb|[from] move: Trick
|-item|p2a: Ì'll Díâbõlö|Choice Band|[from] move: Trick
|
|-weather|Sandstorm|[upkeep]
|-damage|p2a: Ì'll Díâbõlö|89/100 tox|[from] Sandstorm
|-damage|p2a: Ì'll Díâbõlö|77/100 tox|[from] psn
|-status|p1a: Tyranitar|tox|[from] item: Toxic Orb
|upkeep
|turn|18
|
|t:|1776137591
|switch|p1a: Tornadus|Tornadus-Therian, M|99/100 tox
|move|p2a: Ì'll Díâbõlö|Aura Sphere|p1a: Tornadus
|-resisted|p1a: Tornadus
|-damage|p1a: Tornadus|82/100 tox
|
|-weather|Sandstorm|[upkeep]
|-damage|p1a: Tornadus|76/100 tox|[from] Sandstorm
|-damage|p2a: Ì'll Díâbõlö|71/100 tox|[from] Sandstorm
|-damage|p1a: Tornadus|70/100 tox|[from] psn
|-damage|p2a: Ì'll Díâbõlö|53/100 tox|[from] psn
|upkeep
|turn|19
|
|t:|1776137613
|switch|p2a: Mojoncito|Clodsire, M|87/100
|move|p1a: Tornadus|U-turn|p2a: Mojoncito
|-resisted|p2a: Mojoncito
|-damage|p2a: Mojoncito|77/100
|
|t:|1776137623
|switch|p1a: Gliscor|Gliscor, F|100/100 tox|[from] U-turn
|
|-weather|Sandstorm|[upkeep]
|upkeep
|turn|20
|
|t:|1776137631
|switch|p1a: Rotom|Rotom-Wash|88/100
|switch|p2a: Edgar|Corviknight, M, shiny|100/100
|
|-weather|Sandstorm|[upkeep]
|-damage|p1a: Rotom|82/100|[from] Sandstorm
|upkeep
|turn|21
|
|t:|1776137640
|switch|p2a: Mojoncito|Clodsire, M|77/100
|move|p1a: Rotom|Volt Switch|p2a: Mojoncito
|-immune|p2a: Mojoncito
|
|-weather|none
|upkeep
|turn|22
|
|t:|1776137648
|switch|p1a: Gliscor|Gliscor, F|100/100 tox
|move|p2a: Mojoncito|Stealth Rock|p1a: Gliscor
|-sidestart|p1: ansciscade|move: Stealth Rock
|
|upkeep
|turn|23
|
|t:|1776137657
|switch|p2a: Edgar|Corviknight, M, shiny|100/100
|move|p1a: Gliscor|Earthquake|p2a: Edgar
|-immune|p2a: Edgar
|
|upkeep
|turn|24
|
|t:|1776137666
|switch|p1a: Tornadus|Tornadus-Therian, M|100/100 tox
|switch|p2a: Ì'll Díâbõlö|Latios, M|53/100 tox
|
|-damage|p1a: Tornadus|94/100 tox|[from] psn
|-damage|p2a: Ì'll Díâbõlö|47/100 tox|[from] psn
|upkeep
|turn|25
|
|t:|1776137674
|move|p1a: Tornadus|Knock Off|p2a: Ì'll Díâbõlö
|-supereffective|p2a: Ì'll Díâbõlö
|-damage|p2a: Ì'll Díâbõlö|0 fnt
|-enditem|p2a: Ì'll Díâbõlö|Choice Band|[from] move: Knock Off|[of] p1a: Tornadus
|faint|p2a: Ì'll Díâbõlö
|
|-damage|p1a: Tornadus|82/100 tox|[from] psn
|upkeep
|
|t:|1776137683
|switch|p2a: Elma Tajotos|Iron Valiant|100/100
|-enditem|p2a: Elma Tajotos|Booster Energy
|-activate|p2a: Elma Tajotos|ability: Quark Drive|[fromitem]
|-start|p2a: Elma Tajotos|quarkdrivespe
|turn|26
|
|t:|1776137689
|move|p2a: Elma Tajotos|Calm Mind|p2a: Elma Tajotos
|-boost|p2a: Elma Tajotos|spa|1
|-boost|p2a: Elma Tajotos|spd|1
|move|p1a: Tornadus|U-turn|p2a: Elma Tajotos
|-resisted|p2a: Elma Tajotos
|-damage|p2a: Elma Tajotos|94/100
|
|t:|1776137705
|switch|p1a: Tyranitar|Tyranitar, M|100/100 tox|[from] U-turn
|-damage|p1a: Tyranitar|88/100 tox|[from] Stealth Rock
|-weather|Sandstorm|[from] ability: Sand Stream|[of] p1a: Tyranitar
|
|-weather|Sandstorm|[upkeep]
|-damage|p2a: Elma Tajotos|87/100|[from] Sandstorm
|-damage|p1a: Tyranitar|82/100 tox|[from] psn
|upkeep
|turn|27
|
|t:|1776137716
|switch|p1a: Gliscor|Gliscor, F|100/100 tox
|-damage|p1a: Gliscor|88/100 tox|[from] Stealth Rock
|move|p2a: Elma Tajotos|Aura Sphere|p1a: Gliscor
|-resisted|p1a: Gliscor
|-damage|p1a: Gliscor|49/100 tox
|
|-weather|Sandstorm|[upkeep]
|-damage|p2a: Elma Tajotos|81/100|[from] Sandstorm
|-heal|p1a: Gliscor|62/100 tox|[from] ability: Poison Heal
|upkeep
|turn|28
|
|t:|1776137728
|move|p2a: Elma Tajotos|Shadow Ball|p1a: Gliscor
|-damage|p1a: Gliscor|17/100 tox
|-unboost|p1a: Gliscor|spd|1
|move|p1a: Gliscor|Toxic|p2a: Elma Tajotos
|-status|p2a: Elma Tajotos|tox
|
|-weather|Sandstorm|[upkeep]
|-damage|p2a: Elma Tajotos|75/100 tox|[from] Sandstorm
|-damage|p2a: Elma Tajotos|69/100 tox|[from] psn
|-heal|p1a: Gliscor|29/100 tox|[from] ability: Poison Heal
|upkeep
|turn|29
|
|t:|1776137740
|switch|p1a: Tyranitar|Tyranitar, M|82/100 tox
|-damage|p1a: Tyranitar|70/100 tox|[from] Stealth Rock
|move|p2a: Elma Tajotos|Moonblast|p1a: Tyranitar
|-supereffective|p1a: Tyranitar
|-crit|p1a: Tyranitar
|-damage|p1a: Tyranitar|0 fnt
|faint|p1a: Tyranitar
|
|-weather|Sandstorm|[upkeep]
|-damage|p2a: Elma Tajotos|62/100 tox|[from] Sandstorm
|-damage|p2a: Elma Tajotos|50/100 tox|[from] psn
|upkeep
|c|☆jonnythocolin|Nice
|
|t:|1776137751
|switch|p1a: Tornadus|Tornadus-Therian, M|100/100 tox
|turn|30
|
|t:|1776137757
|move|p2a: Elma Tajotos|Moonblast|p1a: Tornadus
|-damage|p1a: Tornadus|10/100 tox
|move|p1a: Tornadus|U-turn|p2a: Elma Tajotos
|-resisted|p2a: Elma Tajotos
|-damage|p2a: Elma Tajotos|43/100 tox
|
|t:|1776137763
|switch|p1a: Gliscor|Gliscor, F|29/100 tox|[from] U-turn
|-damage|p1a: Gliscor|17/100 tox|[from] Stealth Rock
|
|-weather|none
|-damage|p2a: Elma Tajotos|24/100 tox|[from] psn
|-heal|p1a: Gliscor|29/100 tox|[from] ability: Poison Heal
|upkeep
|turn|31
|c|☆jonnythocolin|Se viene Protect lol
|
|t:|1776137774
|move|p1a: Gliscor|Protect|p1a: Gliscor
|-singleturn|p1a: Gliscor|Protect
|move|p2a: Elma Tajotos|Moonblast|p1a: Gliscor
|-activate|p1a: Gliscor|move: Protect
|
|-damage|p2a: Elma Tajotos|0 fnt|[from] psn
|faint|p2a: Elma Tajotos
|-end|p2a: Elma Tajotos|Quark Drive|[silent]
|-heal|p1a: Gliscor|41/100 tox|[from] ability: Poison Heal
|upkeep
|
|t:|1776137785
|switch|p2a: María Juana|Meowscarada, F, shiny|100/100
|turn|32
|
|t:|1776137793
|switch|p1a: Glimmora|Glimmora, M|9/100
|move|p2a: María Juana|Triple Axel|p1a: Glimmora
|-start|p2a: María Juana|typechange|Ice|[from] ability: Protean
|-damage|p1a: Glimmora|0 fnt
|-activate|p1a: Glimmora|ability: Toxic Debris
|-sidestart|p2: jonnythocolin|move: Toxic Spikes
|faint|p1a: Glimmora
|-hitcount|p1: Glimmora|1
|
|upkeep
|
|t:|1776137804
|switch|p1a: Gholdengo|Gholdengo|43/100
|-damage|p1a: Gholdengo|37/100|[from] Stealth Rock
|turn|33
|
|t:|1776137809
|move|p1a: Gholdengo|Shadow Ball|p2a: María Juana
|-damage|p2a: María Juana|30/100
|move|p2a: María Juana|Knock Off|p1a: Gholdengo
|-supereffective|p1a: Gholdengo
|-damage|p1a: Gholdengo|0 fnt
|-enditem|p1a: Gholdengo|Choice Scarf|[from] move: Knock Off|[of] p2a: María Juana
|faint|p1a: Gholdengo
|
|upkeep
|
|t:|1776137817
|switch|p1a: Rotom|Rotom-Wash|82/100
|-damage|p1a: Rotom|69/100|[from] Stealth Rock
|turn|34
|
|t:|1776137822
|move|p1a: Rotom|Dark Pulse|p2a: María Juana
|-damage|p2a: María Juana|0 fnt
|faint|p2a: María Juana
|
|upkeep
|
|t:|1776137827
|switch|p2a: Mojoncito|Clodsire, M|77/100
|-sideend|p2: jonnythocolin|move: Toxic Spikes|[of] p2a: Mojoncito
|turn|35
|c|☆jonnythocolin|Looool Tu equipo entero está encerrado JAJAJA WTF
|
|t:|1776137840
|move|p1a: Rotom|Dark Pulse|p2a: Mojoncito
|-damage|p2a: Mojoncito|63/100
|move|p2a: Mojoncito|Toxic|p1a: Rotom
|-status|p1a: Rotom|tox
|
|-damage|p1a: Rotom|63/100 tox|[from] psn
|upkeep
|turn|36
|c|☆jonnythocolin|gg
|c|☆ansciscade|sorrry my spanish is not good enough to understand
|
|t:|1776137869
|switch|p1a: Gliscor|Gliscor, F|41/100 tox
|-damage|p1a: Gliscor|29/100 tox|[from] Stealth Rock
|move|p2a: Mojoncito|Recover|p2a: Mojoncito
|-heal|p2a: Mojoncito|100/100
|
|-heal|p1a: Gliscor|41/100 tox|[from] ability: Poison Heal
|upkeep
|turn|37
|
|t:|1776137879
|switch|p1a: Tornadus|Tornadus-Therian, M|43/100 tox
|switch|p2a: Edgar|Corviknight, M, shiny|100/100
|
|-damage|p1a: Tornadus|37/100 tox|[from] psn
|upkeep
|turn|38
|
|t:|1776137887
|move|p1a: Tornadus|Knock Off|p2a: Edgar
|-damage|p2a: Edgar|83/100
|-damage|p1a: Tornadus|21/100 tox|[from] item: Rocky Helmet|[of] p2a: Edgar
|-enditem|p2a: Edgar|Rocky Helmet|[from] move: Knock Off|[of] p1a: Tornadus
|move|p2a: Edgar|Brave Bird|p1a: Tornadus
|-damage|p1a: Tornadus|0 fnt
|faint|p1a: Tornadus
|-damage|p2a: Edgar|78/100|[from] Recoil
|
|upkeep
|
|t:|1776137897
|switch|p1a: Rotom|Rotom-Wash|63/100 tox
|-damage|p1a: Rotom|51/100 tox|[from] Stealth Rock
|turn|39
|c|☆jonnythocolin|GG
|
|t:|1776137904
|switch|p1a: Gliscor|Gliscor, F|41/100 tox
|-damage|p1a: Gliscor|29/100 tox|[from] Stealth Rock
|switch|p2a: Mojoncito|Clodsire, M|100/100
|
|-heal|p1a: Gliscor|41/100 tox|[from] ability: Poison Heal
|upkeep
|turn|40
|
|t:|1776137914
|switch|p2a: Edgar|Corviknight, M, shiny|78/100
|move|p1a: Gliscor|Substitute|p1a: Gliscor
|-start|p1a: Gliscor|Substitute
|-damage|p1a: Gliscor|17/100 tox
|
|-heal|p1a: Gliscor|29/100 tox|[from] ability: Poison Heal
|upkeep
|turn|41
|c|☆jonnythocolin|xddd
|
|t:|1776137929
|switch|p2a: Cenorina|Skeledirge, F|100/100
|move|p1a: Gliscor|Substitute|p1a: Gliscor
|-fail|p1a: Gliscor|move: Substitute
|
|-heal|p1a: Gliscor|41/100 tox|[from] ability: Poison Heal
|upkeep
|turn|42
|
|t:|1776137936
|move|p1a: Gliscor|Substitute|p1a: Gliscor
|-fail|p1a: Gliscor|move: Substitute
|move|p2a: Cenorina|Torch Song|p1a: Gliscor
|-damage|p1a: Gliscor|6/100 tox
|-boost|p2a: Cenorina|spa|1
|
|-heal|p1a: Gliscor|18/100 tox|[from] ability: Poison Heal
|upkeep
|turn|43
|c|☆ansciscade|oh
|
|t:|1776137949
|switch|p1a: Rotom|Rotom-Wash|51/100 tox
|-damage|p1a: Rotom|38/100 tox|[from] Stealth Rock
|move|p2a: Cenorina|Torch Song|p1a: Rotom
|-resisted|p1a: Rotom
|-damage|p1a: Rotom|11/100 tox
|-boost|p2a: Cenorina|spa|1
|
|-damage|p1a: Rotom|5/100 tox|[from] psn
|upkeep
|turn|44
|c|☆jonnythocolin|gg
|
|t:|1776137960
|switch|p2a: Mojoncito|Clodsire, M|100/100
|move|p1a: Rotom|Hydro Pump|p2a: Mojoncito
|-immune|p2a: Mojoncito|[from] ability: Water Absorb
|
|-damage|p1a: Rotom|0 fnt|[from] psn
|faint|p1a: Rotom
|upkeep
|c|☆ansciscade|gg
|-message|ansciscade forfeited.
|
|win|jonnythocolin
