|html|<div class="broadcast-blue"><strong>[Gen 9] OU is currently suspecting Volcarona! For information on how to participate check out the <a href="https://www.smogon.com/tools/suspects/view/208">suspect thread</a>.</strong></div>
|badge|p1|silver|gen9ou|30-9
|uhtml|medal-msg|<div class="broadcast-blue">Curious what those medals under the avatar are? PS now has Ladder Seasons! For more information, check out the <a href="https://www.smogon.com/forums/threads/3740067/">thread on Smogon.</a></div>
|badge|p2|bronze|gen9ou|100-9
|uhtml|medal-msg|<div class="broadcast-blue">Curious what those medals under the avatar are? PS now has Ladder Seasons! For more information, check out the <a href="https://www.smogon.com/forums/threads/3740067/">thread on Smogon.</a></div>
|j|☆Auburn Hills
|j|☆Noamm
|t:|1778510171
|gametype|singles
|player|p1|Auburn Hills|alder|1884
|player|p2|Noamm|gambler|1814
|gen|9
|tier|[Gen 9] OU
|rated|
|rule|HP Percentage Mod: HP is shown in percentages
|rule|Endless Battle Clause: Forcing endless battles is banned
|rule|Species Clause: Limit one of each Pokémon
|rule|OHKO Clause: OHKO moves are banned
|rule|Evasion Items Clause: Evasion items are banned
|rule|Evasion Moves Clause: Evasion moves are banned
|rule|Evasion Abilities Clause: Evasion abilities are banned
|rule|Sleep Moves Clause: Sleep-inducing moves are banned
|clearpoke
|poke|p1|Iron Moth|
|poke|p1|Umbreon, F|
|poke|p1|Garchomp, F|
|poke|p1|Glimmora, M|
|poke|p1|Gholdengo|
|poke|p1|Dragonite, M|
|poke|p2|Lokix, F|
|poke|p2|Iron Valiant|
|poke|p2|Alomomola, F|
|poke|p2|Mandibuzz, F|
|poke|p2|Great Tusk|
|poke|p2|Gholdengo|
|teampreview
|inactive|Battle timer is ON: inactive players will automatically lose when time's up. (requested by Noamm)
|
|t:|1778510176
|teamsize|p1|6
|teamsize|p2|6
|start
|switch|p1a: Julia Jacklin|Glimmora, M|100/100
|switch|p2a: MACHINE TORNADER|Gholdengo|100/100
|turn|1
|c|☆Noamm|Hf
|
|t:|1778510182
|switch|p1a: Alvvays|Umbreon, F|100/100
|move|p2a: MACHINE TORNADER|Make It Rain|p1a: Alvvays
|-damage|p1a: Alvvays|66/100
|-unboost|p2a: MACHINE TORNADER|spa|1
|
|-heal|p1a: Alvvays|72/100|[from] item: Leftovers
|upkeep
|turn|2
|
|t:|1778510184
|move|p2a: MACHINE TORNADER|Make It Rain|p1a: Alvvays
|-damage|p1a: Alvvays|52/100
|-unboost|p2a: MACHINE TORNADER|spa|1
|move|p1a: Alvvays|Foul Play|p2a: MACHINE TORNADER
|-supereffective|p2a: MACHINE TORNADER
|-damage|p2a: MACHINE TORNADER|64/100
|
|-heal|p1a: Alvvays|58/100|[from] item: Leftovers
|upkeep
|turn|3
|
|t:|1778510188
|switch|p2a: Gills Exceed|Great Tusk|100/100
|move|p1a: Alvvays|Wish|p1a: Alvvays
|
|-heal|p1a: Alvvays|64/100|[from] item: Leftovers
|upkeep
|turn|4
|
|t:|1778510191
|switch|p1a: Julia Jacklin|Glimmora, M|100/100
|move|p2a: Gills Exceed|Stealth Rock|p1a: Julia Jacklin
|-sidestart|p1: Auburn Hills|move: Stealth Rock
|
|upkeep
|turn|5
|
|t:|1778510194
|-end|p2a: Gills Exceed|Protosynthesis|[silent]
|switch|p2a: MACHINE TORNADER|Gholdengo|64/100
|move|p1a: Julia Jacklin|Mortal Spin|p2a: MACHINE TORNADER
|-immune|p2a: MACHINE TORNADER
|
|upkeep
|turn|6
|
|t:|1778510196
|move|p2a: MACHINE TORNADER|Make It Rain|p1a: Julia Jacklin
|-supereffective|p1a: Julia Jacklin
|-enditem|p1a: Julia Jacklin|Focus Sash
|-damage|p1a: Julia Jacklin|1/100
|-unboost|p2a: MACHINE TORNADER|spa|1
|move|p1a: Julia Jacklin|Earth Power|p2a: MACHINE TORNADER
|-supereffective|p2a: MACHINE TORNADER
|-damage|p2a: MACHINE TORNADER|0 fnt
|faint|p2a: MACHINE TORNADER
|
|upkeep
|
|t:|1778510201
|switch|p2a: Gills Exceed|Great Tusk|100/100
|turn|7
|
|t:|1778510207
|-terastallize|p1a: Julia Jacklin|Ghost
|move|p2a: Gills Exceed|Ice Spinner|p1a: Julia Jacklin
|-damage|p1a: Julia Jacklin|0 fnt
|-activate|p1a: Julia Jacklin|ability: Toxic Debris
|-sidestart|p2: Noamm|move: Toxic Spikes
|faint|p1a: Julia Jacklin
|
|upkeep
|
|t:|1778510211
|switch|p1a: Smino|Gholdengo|100/100
|-damage|p1a: Smino|94/100|[from] Stealth Rock
|turn|8
|
|t:|1778510214
|move|p1a: Smino|Make It Rain|p2a: Gills Exceed
|-damage|p2a: Gills Exceed|0 fnt
|-unboost|p1a: Smino|spa|1
|faint|p2a: Gills Exceed
|-end|p2a: Gills Exceed|Protosynthesis|[silent]
|
|upkeep
|
|t:|1778510224
|switch|p2a: G3-X|Iron Valiant, shiny|100/100
|-status|p2a: G3-X|psn
|turn|9
|
|t:|1778510227
|-end|p2a: G3-X|Quark Drive|[silent]
|switch|p2a: Tetsuya Sawaki|Alomomola, F|100/100
|-status|p2a: Tetsuya Sawaki|psn
|move|p1a: Smino|Make It Rain|p2a: Tetsuya Sawaki
|-resisted|p2a: Tetsuya Sawaki
|-damage|p2a: Tetsuya Sawaki|89/100 psn
|-unboost|p1a: Smino|spa|1
|
|-damage|p2a: Tetsuya Sawaki|77/100 psn|[from] psn
|upkeep
|turn|10
|
|t:|1778510229
|switch|p1a: Alvvays|Umbreon, F|64/100
|-damage|p1a: Alvvays|51/100|[from] Stealth Rock
|move|p2a: Tetsuya Sawaki|Flip Turn|p1a: Alvvays
|-damage|p1a: Alvvays|39/100
|
|t:|1778510234
|switch|p2a: G3-X|Iron Valiant, shiny|100/100 psn|[from] Flip Turn
|
|-heal|p1a: Alvvays|45/100|[from] item: Leftovers
|-damage|p2a: G3-X|88/100 psn|[from] psn
|upkeep
|turn|11
|
|t:|1778510238
|move|p1a: Alvvays|Protect|p1a: Alvvays
|-singleturn|p1a: Alvvays|Protect
|move|p2a: G3-X|Moonblast|p1a: Alvvays
|-activate|p1a: Alvvays|move: Protect
|
|-heal|p1a: Alvvays|51/100|[from] item: Leftovers
|-damage|p2a: G3-X|76/100 psn|[from] psn
|upkeep
|turn|12
|
|t:|1778510242
|switch|p1a: Carly Rae|Iron Moth|100/100
|-damage|p1a: Carly Rae|76/100|[from] Stealth Rock
|-enditem|p1a: Carly Rae|Booster Energy
|-activate|p1a: Carly Rae|ability: Quark Drive|[fromitem]
|-start|p1a: Carly Rae|quarkdrivespe
|move|p2a: G3-X|Moonblast|p1a: Carly Rae
|-resisted|p1a: Carly Rae
|-damage|p1a: Carly Rae|58/100
|
|-damage|p2a: G3-X|63/100 psn|[from] psn
|upkeep
|turn|13
|
|t:|1778510245
|-end|p2a: G3-X|Quark Drive|[silent]
|switch|p2a: Tetsuya Sawaki|Alomomola, F|100/100 psn
|move|p1a: Carly Rae|Discharge|p2a: Tetsuya Sawaki
|-supereffective|p2a: Tetsuya Sawaki
|-damage|p2a: Tetsuya Sawaki|70/100 psn
|
|-damage|p2a: Tetsuya Sawaki|57/100 psn|[from] psn
|upkeep
|turn|14
|
|t:|1778510248
|move|p1a: Carly Rae|Morning Sun|p1a: Carly Rae
|-heal|p1a: Carly Rae|100/100
|move|p2a: Tetsuya Sawaki|Flip Turn|p1a: Carly Rae
|-supereffective|p1a: Carly Rae
|-damage|p1a: Carly Rae|51/100
|
|t:|1778510250
|switch|p2a: Shining Agito|Lokix, F, shiny|100/100|[from] Flip Turn
|-status|p2a: Shining Agito|psn
|
|-damage|p2a: Shining Agito|88/100 psn|[from] psn
|upkeep
|turn|15
|
|t:|1778510252
|-terastallize|p2a: Shining Agito|Bug
|move|p2a: Shining Agito|First Impression|p1a: Carly Rae
|-resisted|p1a: Carly Rae
|-damage|p1a: Carly Rae|0 fnt
|faint|p1a: Carly Rae
|-end|p1a: Carly Rae|Quark Drive|[silent]
|
|-damage|p2a: Shining Agito|76/100 psn|[from] psn
|upkeep
|
|t:|1778510255
|switch|p1a: Elucid|Dragonite, M|100/100
|turn|16
|
|t:|1778510257
|switch|p2a: Overlord|Mandibuzz, F|100/100
|move|p1a: Elucid|Ice Spinner|p2a: Overlord
|-supereffective|p2a: Overlord
|-damage|p2a: Overlord|66/100
|
|upkeep
|turn|17
|
|t:|1778510263
|move|p1a: Elucid|Dragon Dance|p1a: Elucid
|-boost|p1a: Elucid|atk|1
|-boost|p1a: Elucid|spe|1
|move|p2a: Overlord|Foul Play|p1a: Elucid
|-damage|p1a: Elucid|53/100
|
|upkeep
|turn|18
|
|t:|1778510266
|move|p1a: Elucid|Ice Spinner|p2a: Overlord
|-supereffective|p2a: Overlord
|-damage|p2a: Overlord|12/100
|move|p2a: Overlord|Foul Play|p1a: Elucid
|-damage|p1a: Elucid|0 fnt
|faint|p1a: Elucid
|
|upkeep
|
|t:|1778510269
|switch|p1a: Rat Tally|Garchomp, F|100/100
|-damage|p1a: Rat Tally|94/100|[from] Stealth Rock
|turn|19
|
|t:|1778510273
|move|p1a: Rat Tally|Scale Shot|p2a: Overlord
|-damage|p2a: Overlord|4/100
|-damage|p2a: Overlord|0 fnt
|faint|p2a: Overlord
|-hitcount|p2: Overlord|2
|-unboost|p1a: Rat Tally|def|1
|-boost|p1a: Rat Tally|spe|1
|
|upkeep
|
|t:|1778510274
|switch|p2a: Shining Agito|Lokix, F, shiny, tera:Bug|76/100 psn
|turn|20
|
|t:|1778510277
|move|p2a: Shining Agito|First Impression|p1a: Rat Tally
|-damage|p1a: Rat Tally|0 fnt
|-damage|p2a: Shining Agito|63/100 psn|[from] ability: Rough Skin|[of] p1a: Rat Tally
|faint|p1a: Rat Tally
|
|-damage|p2a: Shining Agito|51/100 psn|[from] psn
|upkeep
|
|t:|1778510279
|switch|p1a: Smino|Gholdengo|94/100
|-damage|p1a: Smino|88/100|[from] Stealth Rock
|turn|21
|
|t:|1778510281
|switch|p2a: Tetsuya Sawaki|Alomomola, F|91/100 psn
|move|p1a: Smino|Shadow Ball|p2a: Tetsuya Sawaki
|-damage|p2a: Tetsuya Sawaki|66/100 psn
|
|-damage|p2a: Tetsuya Sawaki|54/100 psn|[from] psn
|upkeep
|turn|22
|
|t:|1778510286
|move|p1a: Smino|Shadow Ball|p2a: Tetsuya Sawaki
|-damage|p2a: Tetsuya Sawaki|29/100 psn
|-unboost|p2a: Tetsuya Sawaki|spd|1
|move|p2a: Tetsuya Sawaki|Mirror Coat|p1a: Smino
|-damage|p1a: Smino|15/100
|
|-damage|p2a: Tetsuya Sawaki|17/100 psn|[from] psn
|upkeep
|turn|23
|
|t:|1778510291
|move|p1a: Smino|Shadow Ball|p2a: Tetsuya Sawaki
|-damage|p2a: Tetsuya Sawaki|0 fnt
|faint|p2a: Tetsuya Sawaki
|
|upkeep
|
|t:|1778510294
|switch|p2a: Shining Agito|Lokix, F, shiny, tera:Bug|51/100 psn
|turn|24
|j| DeckSSB
|
|t:|1778510300
|move|p2a: Shining Agito|First Impression|p1a: Smino
|-resisted|p1a: Smino
|-damage|p1a: Smino|0 fnt
|faint|p1a: Smino
|
|-damage|p2a: Shining Agito|39/100 psn|[from] psn
|upkeep
|
|t:|1778510302
|switch|p1a: Alvvays|Umbreon, F|51/100
|-damage|p1a: Alvvays|39/100|[from] Stealth Rock
|turn|25
|
|t:|1778510304
|switch|p2a: G3-X|Iron Valiant, shiny|63/100 psn
|move|p1a: Alvvays|Wish|p1a: Alvvays
|
|-heal|p1a: Alvvays|45/100|[from] item: Leftovers
|-damage|p2a: G3-X|51/100 psn|[from] psn
|upkeep
|turn|26
|
|t:|1778510306
|move|p1a: Alvvays|Protect|p1a: Alvvays
|-singleturn|p1a: Alvvays|Protect
|move|p2a: G3-X|Moonblast|p1a: Alvvays
|-activate|p1a: Alvvays|move: Protect
|
|-heal|p1a: Alvvays|95/100|[from] move: Wish|[wisher] Alvvays
|-heal|p1a: Alvvays|100/100|[from] item: Leftovers
|-damage|p2a: G3-X|38/100 psn|[from] psn
|upkeep
|turn|27
|
|t:|1778510308
|move|p2a: G3-X|Moonblast|p1a: Alvvays
|-supereffective|p1a: Alvvays
|-damage|p1a: Alvvays|27/100
|-unboost|p1a: Alvvays|spa|1
|move|p1a: Alvvays|Wish|p1a: Alvvays
|
|-heal|p1a: Alvvays|33/100|[from] item: Leftovers
|-damage|p2a: G3-X|26/100 psn|[from] psn
|upkeep
|turn|28
|
|t:|1778510311
|move|p1a: Alvvays|Protect|p1a: Alvvays
|-singleturn|p1a: Alvvays|Protect
|move|p2a: G3-X|Moonblast|p1a: Alvvays
|-activate|p1a: Alvvays|move: Protect
|
|-heal|p1a: Alvvays|83/100|[from] move: Wish|[wisher] Alvvays
|-heal|p1a: Alvvays|89/100|[from] item: Leftovers
|-damage|p2a: G3-X|13/100 psn|[from] psn
|upkeep
|turn|29
|
|t:|1778510314
|move|p2a: G3-X|Moonblast|p1a: Alvvays
|-supereffective|p1a: Alvvays
|-damage|p1a: Alvvays|16/100
|-unboost|p1a: Alvvays|spa|1
|move|p1a: Alvvays|Wish|p1a: Alvvays
|
|-heal|p1a: Alvvays|22/100|[from] item: Leftovers
|-damage|p2a: G3-X|1/100 psn|[from] psn
|upkeep
|turn|30
|
|t:|1778510317
|move|p1a: Alvvays|Protect|p1a: Alvvays
|-singleturn|p1a: Alvvays|Protect
|move|p2a: G3-X|Moonblast|p1a: Alvvays
|-activate|p1a: Alvvays|move: Protect
|
|-heal|p1a: Alvvays|71/100|[from] move: Wish|[wisher] Alvvays
|-heal|p1a: Alvvays|78/100|[from] item: Leftovers
|-damage|p2a: G3-X|0 fnt|[from] psn
|faint|p2a: G3-X
|-end|p2a: G3-X|Quark Drive|[silent]
|upkeep
|
|t:|1778510319
|switch|p2a: Shining Agito|Lokix, F, shiny, tera:Bug|39/100 psn
|turn|31
|
|t:|1778510320
|move|p1a: Alvvays|Protect||[still]
|-fail|p1a: Alvvays
|move|p2a: Shining Agito|Leech Life|p1a: Alvvays
|-supereffective|p1a: Alvvays
|-damage|p1a: Alvvays|0 fnt
|-heal|p2a: Shining Agito|92/100 psn|[from] drain|[of] p1a: Alvvays
|faint|p1a: Alvvays
|
|win|Noamm
|raw|Auburn Hills's rating: 1884 &rarr; <strong>1860</strong><br />(-24 for losing)
|raw|Noamm's rating: 1814 &rarr; <strong>1838</strong><br />(+24 for winning)
|c|☆Noamm|Gg
|l|☆Auburn Hills
|player|p1|
|l|☆Noamm
|player|p2|
