|html|<div class="broadcast-blue"><strong>[Gen 9] OU is currently suspecting Volcarona! For information on how to participate check out the <a href="https://www.smogon.com/tools/suspects/view/208">suspect thread</a>.</strong></div>
|j|☆YA3ARMANII
|j|☆Team BBIO 38
|t:|1778515430
|gametype|singles
|player|p1|YA3ARMANII|170|1339
|player|p2|Team BBIO 38|tate|1318
|gen|9
|tier|[Gen 9] OU
|rated|
|rule|HP Percentage Mod: HP is shown in percentages
|rule|Endless Battle Clause: Forcing endless battles is banned
|rule|Species Clause: Limit one of each Pokémon
|rule|OHKO Clause: OHKO moves are banned
|rule|Evasion Items Clause: Evasion items are banned
|rule|Evasion Moves Clause: Evasion moves are banned
|rule|Evasion Abilities Clause: Evasion abilities are banned
|rule|Sleep Moves Clause: Sleep-inducing moves are banned
|clearpoke
|poke|p1|Deoxys-Speed|
|poke|p1|Iron Valiant|
|poke|p1|Kingambit, F|
|poke|p1|Ceruledge, F|
|poke|p1|Dragonite, F|
|poke|p1|Raging Bolt|
|poke|p2|Dusclops, M|
|poke|p2|Blissey, F|
|poke|p2|Flamigo, M|
|poke|p2|Latias, F|
|poke|p2|Darkrai|
|poke|p2|Mew|
|teampreview
|inactive|Battle timer is ON: inactive players will automatically lose when time's up. (requested by Team BBIO 38)
|
|t:|1778515442
|teamsize|p1|6
|teamsize|p2|6
|start
|switch|p1a: Deoxys|Deoxys-Speed|100/100
|switch|p2a: Blissey|Blissey, F|100/100
|-ability|p1a: Deoxys|Pressure
|turn|1
|
|t:|1778515470
|move|p1a: Deoxys|Taunt|p2a: Blissey
|-start|p2a: Blissey|move: Taunt
|cant|p2a: Blissey|move: Taunt|Stealth Rock
|
|upkeep
|turn|2
|
|t:|1778515478
|move|p1a: Deoxys|Stealth Rock|p2a: Blissey
|-sidestart|p2: Team BBIO 38|move: Stealth Rock
|move|p2a: Blissey|Seismic Toss|p1a: Deoxys
|-damage|p1a: Deoxys|67/100
|
|upkeep
|turn|3
|
|t:|1778515486
|move|p1a: Deoxys|Superpower|p2a: Blissey
|-supereffective|p2a: Blissey
|-damage|p2a: Blissey|54/100
|-unboost|p1a: Deoxys|atk|1
|-unboost|p1a: Deoxys|def|1
|-enditem|p1a: Deoxys|Eject Pack
|
|t:|1778515491
|switch|p1a: Ceruledge|Ceruledge, F|100/100
|move|p2a: Blissey|Seismic Toss|p1a: Ceruledge
|-immune|p1a: Ceruledge
|
|-heal|p2a: Blissey|61/100|[from] item: Leftovers
|-end|p2a: Blissey|move: Taunt
|upkeep
|turn|4
|
|t:|1778515514
|switch|p2a: Darkrai|Darkrai|100/100
|move|p1a: Ceruledge|Close Combat|p2a: Darkrai
|-supereffective|p2a: Darkrai
|-damage|p2a: Darkrai|0 fnt
|-unboost|p1a: Ceruledge|def|1
|-unboost|p1a: Ceruledge|spd|1
|faint|p2a: Darkrai
|
|upkeep
|
|t:|1778515526
|switch|p2a: Mew|Mew|100/100
|-damage|p2a: Mew|88/100|[from] Stealth Rock
|turn|5
|
|t:|1778515534
|-terastallize|p2a: Mew|Steel
|move|p2a: Mew|Dragon Dance|p2a: Mew
|-boost|p2a: Mew|atk|1
|-boost|p2a: Mew|spe|1
|move|p1a: Ceruledge|Swords Dance|p1a: Ceruledge
|-boost|p1a: Ceruledge|atk|2
|
|upkeep
|turn|6
|
|t:|1778515541
|move|p2a: Mew|Knock Off|p1a: Ceruledge
|-supereffective|p1a: Ceruledge
|-enditem|p1a: Ceruledge|Focus Sash
|-damage|p1a: Ceruledge|1/100
|-ability|p1a: Ceruledge|Weak Armor|boost
|-unboost|p1a: Ceruledge|def|1
|-boost|p1a: Ceruledge|spe|2
|-damage|p2a: Mew|78/100|[from] item: Life Orb
|move|p1a: Ceruledge|Bitter Blade|p2a: Mew
|-supereffective|p2a: Mew
|-damage|p2a: Mew|0 fnt
|-heal|p1a: Ceruledge|47/100|[from] drain|[of] p2a: Mew
|faint|p2a: Mew
|
|upkeep
|
|t:|1778515554
|switch|p2a: Dusclops|Dusclops, M|100/100
|-damage|p2a: Dusclops|88/100|[from] Stealth Rock
|turn|7
|
|t:|1778515560
|move|p1a: Ceruledge|Bitter Blade|p2a: Dusclops
|-damage|p2a: Dusclops|43/100
|-heal|p1a: Ceruledge|69/100|[from] drain|[of] p2a: Dusclops
|move|p2a: Dusclops|Haze|p2a: Dusclops
|-clearallboost
|
|upkeep
|turn|8
|
|t:|1778515574
|move|p1a: Ceruledge|Swords Dance|p1a: Ceruledge
|-boost|p1a: Ceruledge|atk|2
|move|p2a: Dusclops|Night Shade|p1a: Ceruledge
|-damage|p1a: Ceruledge|35/100
|
|upkeep
|turn|9
|
|t:|1778515581
|move|p1a: Ceruledge|Bitter Blade|p2a: Dusclops
|-damage|p2a: Dusclops|0 fnt
|-heal|p1a: Ceruledge|55/100|[from] drain|[of] p2a: Dusclops
|faint|p2a: Dusclops
|
|upkeep
|
|t:|1778515586
|switch|p2a: Flamigo|Flamigo, M|100/100
|-damage|p2a: Flamigo|88/100|[from] Stealth Rock
|turn|10
|
|t:|1778515601
|move|p2a: Flamigo|Close Combat|p1a: Ceruledge
|-damage|p1a: Ceruledge|0 fnt
|-unboost|p2a: Flamigo|def|1
|-unboost|p2a: Flamigo|spd|1
|faint|p1a: Ceruledge
|
|upkeep
|
|t:|1778515612
|switch|p1a: Deoxys|Deoxys-Speed|67/100
|-ability|p1a: Deoxys|Pressure
|turn|11
|
|t:|1778515618
|move|p1a: Deoxys|Psycho Boost|p2a: Flamigo
|-supereffective|p2a: Flamigo
|-damage|p2a: Flamigo|0 fnt
|-unboost|p1a: Deoxys|spa|2
|faint|p2a: Flamigo
|
|upkeep
|
|t:|1778515625
|switch|p2a: Alaric|Latias, F|100/100
|-damage|p2a: Alaric|88/100|[from] Stealth Rock
|turn|12
|
|t:|1778515629
|move|p1a: Deoxys|Taunt|p2a: Alaric
|-start|p2a: Alaric|move: Taunt
|cant|p2a: Alaric|move: Taunt|Calm Mind
|
|upkeep
|turn|13
|
|t:|1778515641
|switch|p1a: Iron Valiant|Iron Valiant, shiny|100/100
|-enditem|p1a: Iron Valiant|Booster Energy
|-activate|p1a: Iron Valiant|ability: Quark Drive|[fromitem]
|-start|p1a: Iron Valiant|quarkdrivespe
|move|p2a: Alaric|Aura Sphere|p1a: Iron Valiant
|-resisted|p1a: Iron Valiant
|-damage|p1a: Iron Valiant|75/100
|
|upkeep
|turn|14
|
|t:|1778515656
|switch|p2a: Blissey|Blissey, F|61/100
|-damage|p2a: Blissey|48/100|[from] Stealth Rock
|move|p1a: Iron Valiant|Moonblast|p2a: Blissey
|-damage|p2a: Blissey|32/100
|-unboost|p2a: Blissey|spa|1
|
|-heal|p2a: Blissey|38/100|[from] item: Leftovers
|upkeep
|turn|15
|
|t:|1778515676
|move|p1a: Iron Valiant|Knock Off|p2a: Blissey
|-damage|p2a: Blissey|10/100
|-enditem|p2a: Blissey|Leftovers|[from] move: Knock Off|[of] p1a: Iron Valiant
|move|p2a: Blissey|Soft-Boiled|p2a: Blissey
|-heal|p2a: Blissey|60/100
|
|upkeep
|turn|16
|
|t:|1778515683
|move|p1a: Iron Valiant|Encore|p2a: Blissey
|-start|p2a: Blissey|Encore
|move|p2a: Blissey|Soft-Boiled|p2a: Blissey
|-heal|p2a: Blissey|100/100
|
|upkeep
|turn|17
|
|t:|1778515691
|-end|p1a: Iron Valiant|Quark Drive|[silent]
|switch|p1a: Kingambit|Kingambit, F|100/100
|-activate|p1a: Kingambit|ability: Supreme Overlord
|-start|p1a: Kingambit|fallen1|[silent]
|switch|p2a: Alaric|Latias, F|88/100
|-damage|p2a: Alaric|76/100|[from] Stealth Rock
|
|upkeep
|turn|18
|
|t:|1778515704
|-terastallize|p1a: Kingambit|Dark
|move|p1a: Kingambit|Sucker Punch|p2a: Alaric
|-supereffective|p2a: Alaric
|-damage|p2a: Alaric|0 fnt
|faint|p2a: Alaric
|
|upkeep
|
|t:|1778515710
|switch|p2a: Blissey|Blissey, F|100/100
|-damage|p2a: Blissey|88/100|[from] Stealth Rock
|turn|19
|
|t:|1778515716
|move|p1a: Kingambit|Kowtow Cleave|p2a: Blissey
|-damage|p2a: Blissey|6/100
|move|p2a: Blissey|Seismic Toss|p1a: Kingambit
|-damage|p1a: Kingambit|73/100
|
|upkeep
|turn|20
|
|t:|1778515723
|move|p1a: Kingambit|Kowtow Cleave|p2a: Blissey
|-damage|p2a: Blissey|0 fnt
|faint|p2a: Blissey
|
|win|YA3ARMANII
|raw|YA3ARMANII's rating: 1339 &rarr; <strong>1358</strong><br />(+19 for winning)
|raw|Team BBIO 38's rating: 1318 &rarr; <strong>1299</strong><br />(-19 for losing)
|c|☆Team BBIO 38|gg
|l|☆Team BBIO 38
|player|p2|
|l|☆YA3ARMANII
|player|p1|
