|html|<div class="broadcast-blue"><strong>[Gen 9] OU is currently suspecting Tera Blast! For information on how to participate check out the <a href="https://www.smogon.com/tools/suspects/view/200">suspect thread</a>.</strong></div>
|j|☆calio5
|j|☆Chorley Cakes
|t:|1776104634
|gametype|singles
|player|p1|calio5|170|1535
|player|p2|Chorley Cakes|waiter-gen4|1571
|gen|9
|tier|[Gen 9] OU
|rated|
|rule|HP Percentage Mod: HP is shown in percentages
|rule|Endless Battle Clause: Forcing endless battles is banned
|rule|Species Clause: Limit one of each Pokémon
|rule|OHKO Clause: OHKO moves are banned
|rule|Evasion Items Clause: Evasion items are banned
|rule|Evasion Moves Clause: Evasion moves are banned
|rule|Evasion Abilities Clause: Evasion abilities are banned
|rule|Sleep Moves Clause: Sleep-inducing moves are banned
|clearpoke
|poke|p1|Zapdos|
|poke|p1|Volcanion|
|poke|p1|Corviknight, M|
|poke|p1|Clodsire, F|
|poke|p1|Dondozo, F|
|poke|p1|Politoed, F|
|poke|p2|Ogerpon-Wellspring, F|
|poke|p2|Darkrai|
|poke|p2|Cinderace, F|
|poke|p2|Corviknight, M|
|poke|p2|Gliscor, M|
|poke|p2|Kingambit, F|
|teampreview
|inactive|Battle timer is ON: inactive players will automatically lose when time's up. (requested by Chorley Cakes)
|inactive|calio5 has 120 seconds left.
|inactive|Chorley Cakes has 120 seconds left.
|
|t:|1776104678
|teamsize|p1|6
|teamsize|p2|6
|start
|switch|p1a: Volcanion|Volcanion|100/100
|switch|p2a: Gliscor|Gliscor, M|100/100
|turn|1
|
|t:|1776104687
|switch|p1a: Politoed|Politoed, F|100/100
|-weather|RainDance|[from] ability: Drizzle|[of] p1a: Politoed
|move|p2a: Gliscor|Protect||[still]
|-fail|p2a: Gliscor
|
|-weather|RainDance|[upkeep]
|-status|p2a: Gliscor|tox|[from] item: Toxic Orb
|upkeep
|turn|2
|
|t:|1776104704
|switch|p1a: Zapdos|Zapdos|100/100
|move|p2a: Gliscor|Toxic|p1a: Zapdos
|-status|p1a: Zapdos|tox
|
|-weather|RainDance|[upkeep]
|-damage|p1a: Zapdos|94/100 tox|[from] psn
|upkeep
|turn|3
|
|t:|1776104712
|move|p2a: Gliscor|Protect|p2a: Gliscor
|-singleturn|p2a: Gliscor|Protect
|move|p1a: Zapdos|Thunder|p2a: Gliscor
|-activate|p2a: Gliscor|move: Protect
|
|-weather|RainDance|[upkeep]
|-damage|p1a: Zapdos|82/100 tox|[from] psn
|upkeep
|turn|4
|
|t:|1776104720
|move|p1a: Zapdos|Weather Ball|p2a: Gliscor
|-supereffective|p2a: Gliscor
|-damage|p2a: Gliscor|12/100 tox
|move|p2a: Gliscor|Knock Off|p1a: Zapdos
|-damage|p1a: Zapdos|56/100 tox
|-enditem|p1a: Zapdos|Heavy-Duty Boots|[from] move: Knock Off|[of] p2a: Gliscor
|
|-weather|RainDance|[upkeep]
|-damage|p1a: Zapdos|37/100 tox|[from] psn
|-heal|p2a: Gliscor|24/100 tox|[from] ability: Poison Heal
|upkeep
|turn|5
|
|t:|1776104730
|move|p2a: Gliscor|Protect|p2a: Gliscor
|-singleturn|p2a: Gliscor|Protect
|move|p1a: Zapdos|Thunder|p2a: Gliscor
|-activate|p2a: Gliscor|move: Protect
|
|-weather|RainDance|[upkeep]
|-damage|p1a: Zapdos|12/100 tox|[from] psn
|-heal|p2a: Gliscor|37/100 tox|[from] ability: Poison Heal
|upkeep
|turn|6
|
|t:|1776104740
|move|p2a: Gliscor|Protect||[still]
|-fail|p2a: Gliscor
|move|p1a: Zapdos|Hurricane|p2a: Gliscor
|-damage|p2a: Gliscor|0 fnt
|faint|p2a: Gliscor
|
|-weather|RainDance|[upkeep]
|-damage|p1a: Zapdos|0 fnt|[from] psn
|faint|p1a: Zapdos
|upkeep
|
|t:|1776104752
|switch|p1a: Clodsire|Clodsire, F|100/100
|switch|p2a: Ogerpon|Ogerpon-Wellspring, F|100/100
|turn|7
|
|t:|1776104757
|move|p2a: Ogerpon|Substitute|p2a: Ogerpon
|-start|p2a: Ogerpon|Substitute
|-damage|p2a: Ogerpon|76/100
|move|p1a: Clodsire|Poison Jab|p2a: Ogerpon
|-supereffective|p2a: Ogerpon
|-end|p2a: Ogerpon|Substitute
|
|-weather|RainDance|[upkeep]
|upkeep
|turn|8
|
|t:|1776104774
|move|p2a: Ogerpon|Ivy Cudgel|p1a: Clodsire|[anim] Ivy Cudgel Water
|-immune|p1a: Clodsire|[from] ability: Water Absorb
|move|p1a: Clodsire|Poison Jab|p2a: Ogerpon
|-supereffective|p2a: Ogerpon
|-damage|p2a: Ogerpon|10/100
|-status|p2a: Ogerpon|psn
|
|-weather|none
|-damage|p2a: Ogerpon|0 fnt|[from] psn
|faint|p2a: Ogerpon
|upkeep
|
|t:|1776104786
|switch|p2a: Darkrai|Darkrai|100/100
|turn|9
|
|t:|1776104792
|switch|p1a: Politoed|Politoed, F|100/100
|-weather|RainDance|[from] ability: Drizzle|[of] p1a: Politoed
|-terastallize|p2a: Darkrai|Poison
|move|p2a: Darkrai|Nasty Plot|p2a: Darkrai
|-boost|p2a: Darkrai|spa|2
|
|-weather|RainDance|[upkeep]
|upkeep
|turn|10
|
|t:|1776104804
|move|p2a: Darkrai|Dark Pulse|p1a: Politoed
|-damage|p1a: Politoed|44/100
|move|p1a: Politoed|Surf|p2a: Darkrai
|-damage|p2a: Darkrai|47/100
|
|-weather|RainDance|[upkeep]
|-heal|p2a: Darkrai|53/100|[from] item: Leftovers
|upkeep
|turn|11
|
|t:|1776104814
|move|p2a: Darkrai|Dark Pulse|p1a: Politoed
|-damage|p1a: Politoed|0 fnt
|faint|p1a: Politoed
|
|-weather|RainDance|[upkeep]
|-heal|p2a: Darkrai|59/100|[from] item: Leftovers
|upkeep
|
|t:|1776104822
|switch|p1a: Dondozo|Dondozo, F|100/100
|turn|12
|
|t:|1776104843
|switch|p2a: Corviknight|Corviknight, M|100/100
|-ability|p2a: Corviknight|Pressure
|move|p1a: Dondozo|Earthquake|p2a: Corviknight
|-immune|p2a: Corviknight
|
|-weather|RainDance|[upkeep]
|upkeep
|turn|13
|
|t:|1776104851
|move|p2a: Corviknight|Body Press|p1a: Dondozo
|-damage|p1a: Dondozo|86/100
|move|p1a: Dondozo|Curse|p1a: Dondozo
|-unboost|p1a: Dondozo|spe|1
|-boost|p1a: Dondozo|atk|1
|-boost|p1a: Dondozo|def|1
|
|-weather|RainDance|[upkeep]
|-heal|p1a: Dondozo|92/100|[from] item: Leftovers
|upkeep
|turn|14
|
|t:|1776104861
|move|p2a: Corviknight|U-turn|p1a: Dondozo
|-damage|p1a: Dondozo|86/100
|
|t:|1776104863
|switch|p2a: Cinderace|Cinderace, F|100/100|[from] U-turn
|move|p1a: Dondozo|Earthquake|p2a: Cinderace
|-supereffective|p2a: Cinderace
|-damage|p2a: Cinderace|5/100
|
|-weather|RainDance|[upkeep]
|-heal|p1a: Dondozo|92/100|[from] item: Leftovers
|upkeep
|turn|15
|
|t:|1776104872
|switch|p1a: Volcanion|Volcanion|100/100
|move|p2a: Cinderace|Will-O-Wisp|p1a: Volcanion
|-immune|p1a: Volcanion
|
|-weather|RainDance|[upkeep]
|upkeep
|turn|16
|
|t:|1776104886
|move|p2a: Cinderace|U-turn|p1a: Volcanion
|-resisted|p1a: Volcanion
|-damage|p1a: Volcanion|93/100
|
|t:|1776104894
|switch|p2a: Corviknight|Corviknight, M|100/100|[from] U-turn
|-ability|p2a: Corviknight|Pressure
|move|p1a: Volcanion|Steam Eruption|p2a: Corviknight
|-damage|p2a: Corviknight|18/100
|
|-weather|none
|upkeep
|turn|17
|
|t:|1776104904
|move|p1a: Volcanion|Flamethrower|p2a: Corviknight
|-supereffective|p2a: Corviknight
|-damage|p2a: Corviknight|0 fnt
|faint|p2a: Corviknight
|
|upkeep
|
|t:|1776104908
|switch|p2a: Darkrai|Darkrai, tera:Poison|59/100
|turn|18
|
|t:|1776104912
|move|p2a: Darkrai|Dark Pulse|p1a: Volcanion
|-damage|p1a: Volcanion|49/100
|move|p1a: Volcanion|Earth Power|p2a: Darkrai
|-supereffective|p2a: Darkrai
|-damage|p2a: Darkrai|0 fnt
|faint|p2a: Darkrai
|
|upkeep
|-message|Chorley Cakes forfeited.
|
|win|calio5
|raw|calio5's rating: 1535 &rarr; <strong>1557</strong><br />(+22 for winning)
|raw|Chorley Cakes's rating: 1571 &rarr; <strong>1549</strong><br />(-22 for losing)
|l|☆Chorley Cakes
|player|p2|
|l|☆calio5
|player|p1|
