|html|<div class="broadcast-blue"><strong>[Gen 9] OU is currently suspecting Tera Blast! For information on how to participate check out the <a href="https://www.smogon.com/tools/suspects/view/200">suspect thread</a>.</strong></div>
|j|☆RomN-Tick
|j|☆mortardom
|t:|1776031785
|gametype|singles
|player|p1|RomN-Tick|ethan|1630
|player|p2|mortardom|ingo|1683
|gen|9
|tier|[Gen 9] OU
|rated|
|rule|HP Percentage Mod: HP is shown in percentages
|rule|Endless Battle Clause: Forcing endless battles is banned
|rule|Species Clause: Limit one of each Pokémon
|rule|OHKO Clause: OHKO moves are banned
|rule|Evasion Items Clause: Evasion items are banned
|rule|Evasion Moves Clause: Evasion moves are banned
|rule|Evasion Abilities Clause: Evasion abilities are banned
|rule|Sleep Moves Clause: Sleep-inducing moves are banned
|clearpoke
|poke|p1|Meganium, F|
|poke|p1|Lokix, M|
|poke|p1|Rotom-Wash|
|poke|p1|Dragapult, F|
|poke|p1|Great Tusk|
|poke|p1|Heatran, M|
|poke|p2|Sandy Shocks|
|poke|p2|Ninetales, F|
|poke|p2|Walking Wake|
|poke|p2|Hatterene, F|
|poke|p2|Lilligant-Hisui, F|
|poke|p2|Great Tusk|
|teampreview
|inactive|Battle timer is ON: inactive players will automatically lose when time's up. (requested by mortardom)
|
|t:|1776031800
|teamsize|p1|6
|teamsize|p2|6
|start
|switch|p1a: Cihuacoatl|Dragapult, F, shiny|100/100
|switch|p2a: Ninetales|Ninetales, F|100/100
|-weather|SunnyDay|[from] ability: Drought|[of] p2a: Ninetales
|turn|1
|
|t:|1776031808
|switch|p2a: Hatterene|Hatterene, F|100/100
|move|p1a: Cihuacoatl|Dragon Darts|p2a: Hatterene
|-immune|p2a: Hatterene
|
|-weather|SunnyDay|[upkeep]
|upkeep
|turn|2
|
|t:|1776031815
|move|p1a: Cihuacoatl|U-turn|p2a: Hatterene
|-damage|p2a: Hatterene|84/100
|-enditem|p2a: Hatterene|Eject Button
|
|t:|1776031821
|switch|p2a: Walking Wake|Walking Wake|100/100
|-activate|p2a: Walking Wake|ability: Protosynthesis
|-start|p2a: Walking Wake|protosynthesisspe
|
|-weather|SunnyDay|[upkeep]
|upkeep
|turn|3
|
|t:|1776031835
|switch|p1a: Solflower|Meganium, F|100/100
|-terastallize|p2a: Walking Wake|Water
|move|p2a: Walking Wake|Hydro Steam|p1a: Solflower
|-resisted|p1a: Solflower
|-damage|p1a: Solflower|61/100
|
|-weather|SunnyDay|[upkeep]
|-heal|p1a: Solflower|67/100|[from] item: Leftovers
|upkeep
|turn|4
|
|t:|1776031846
|-end|p2a: Walking Wake|Protosynthesis|[silent]
|switch|p2a: Lilligant|Lilligant-Hisui, F|100/100
|move|p1a: Solflower|Knock Off|p2a: Lilligant
|-resisted|p2a: Lilligant
|-damage|p2a: Lilligant|87/100
|-enditem|p2a: Lilligant|Life Orb|[from] move: Knock Off|[of] p1a: Solflower
|
|-weather|SunnyDay|[upkeep]
|-heal|p1a: Solflower|73/100|[from] item: Leftovers
|upkeep
|turn|5
|inactive|RomN-Tick has 120 seconds left.
|
|t:|1776031884
|switch|p1a: Cihuacoatl|Dragapult, F, shiny|100/100
|move|p2a: Lilligant|Close Combat|p1a: Cihuacoatl
|-immune|p1a: Cihuacoatl
|
|-weather|SunnyDay|[upkeep]
|upkeep
|turn|6
|inactive|RomN-Tick has 120 seconds left.
|
|t:|1776031916
|switch|p1a: Chark|Lokix, M|100/100
|move|p2a: Lilligant|Triple Axel|p1a: Chark
|-damage|p1a: Chark|91/100
|-damage|p1a: Chark|71/100
|-damage|p1a: Chark|41/100
|-hitcount|p1a: Chark|3
|
|-weather|SunnyDay|[upkeep]
|upkeep
|turn|7
|
|t:|1776031928
|switch|p2a: Hatterene|Hatterene, F|84/100
|-terastallize|p1a: Chark|Bug
|move|p1a: Chark|First Impression|p2a: Hatterene
|-damage|p2a: Hatterene|41/100
|
|-weather|SunnyDay|[upkeep]
|upkeep
|turn|8
|
|t:|1776031940
|switch|p2a: Lilligant|Lilligant-Hisui, F|87/100
|move|p1a: Chark|U-turn|p2a: Lilligant
|-damage|p2a: Lilligant|20/100
|
|t:|1776031947
|switch|p1a: Cihuacoatl|Dragapult, F, shiny|100/100|[from] U-turn
|
|-weather|none
|upkeep
|turn|9
|
|t:|1776031955
|switch|p2a: Ninetales|Ninetales, F|100/100
|-weather|SunnyDay|[from] ability: Drought|[of] p2a: Ninetales
|move|p1a: Cihuacoatl|Hex|p2a: Ninetales
|-damage|p2a: Ninetales|76/100
|
|-weather|SunnyDay|[upkeep]
|upkeep
|turn|10
|
|t:|1776031964
|switch|p2a: Hatterene|Hatterene, F|41/100
|move|p1a: Cihuacoatl|Dragon Darts|p2a: Hatterene
|-immune|p2a: Hatterene
|
|-weather|SunnyDay|[upkeep]
|upkeep
|turn|11
|
|t:|1776031972
|move|p1a: Cihuacoatl|U-turn|p2a: Hatterene
|-damage|p2a: Hatterene|24/100
|
|t:|1776031974
|switch|p1a: Rengoku|Heatran, M|100/100|[from] U-turn
|move|p2a: Hatterene|Pain Split|p1a: Rengoku
|-sethp|p1a: Rengoku|60/100|[from] move: Pain Split|[silent]
|-sethp|p2a: Hatterene|73/100|[from] move: Pain Split
|
|-weather|SunnyDay|[upkeep]
|-heal|p1a: Rengoku|66/100|[from] item: Leftovers
|upkeep
|turn|12
|
|t:|1776031984
|move|p1a: Rengoku|Flash Cannon|p2a: Hatterene
|-supereffective|p2a: Hatterene
|-damage|p2a: Hatterene|2/100
|move|p2a: Hatterene|Psychic Noise|p1a: Rengoku
|-resisted|p1a: Rengoku
|-damage|p1a: Rengoku|57/100
|-start|p1a: Rengoku|move: Heal Block
|
|-weather|SunnyDay|[upkeep]
|upkeep
|turn|13
|
|t:|1776031995
|switch|p2a: Sandy Shocks|Sandy Shocks|100/100
|-activate|p2a: Sandy Shocks|ability: Protosynthesis
|-start|p2a: Sandy Shocks|protosynthesisspe
|move|p1a: Rengoku|Lava Plume|p2a: Sandy Shocks
|-damage|p2a: Sandy Shocks|42/100
|-status|p2a: Sandy Shocks|brn
|
|-weather|SunnyDay|[upkeep]
|-damage|p2a: Sandy Shocks|36/100 brn|[from] brn
|-end|p1a: Rengoku|move: Heal Block
|upkeep
|turn|14
|
|t:|1776032008
|switch|p1a: Solflower|Meganium, F|73/100
|move|p2a: Sandy Shocks|Volt Switch|p1a: Solflower
|-resisted|p1a: Solflower
|-damage|p1a: Solflower|57/100
|
|t:|1776032015
|-end|p2a: Sandy Shocks|Protosynthesis|[silent]
|switch|p2a: Lilligant|Lilligant-Hisui, F|20/100|[from] Volt Switch
|
|-weather|SunnyDay|[upkeep]
|-heal|p1a: Solflower|63/100|[from] item: Leftovers
|upkeep
|turn|15
|inactive|RomN-Tick has 120 seconds left.
|
|t:|1776032066
|switch|p1a: Rengoku|Heatran, M|57/100
|move|p2a: Lilligant|Close Combat|p1a: Rengoku
|-supereffective|p1a: Rengoku
|-damage|p1a: Rengoku|0 fnt
|-unboost|p2a: Lilligant|def|1
|-unboost|p2a: Lilligant|spd|1
|faint|p1a: Rengoku
|
|-weather|SunnyDay|[upkeep]
|upkeep
|
|t:|1776032068
|switch|p1a: Chark|Lokix, M, tera:Bug|41/100
|turn|16
|
|t:|1776032077
|switch|p2a: Hatterene|Hatterene, F|2/100
|move|p1a: Chark|First Impression|p2a: Hatterene
|-damage|p2a: Hatterene|0 fnt
|faint|p2a: Hatterene
|
|-weather|none
|upkeep
|
|t:|1776032088
|switch|p2a: Walking Wake|Walking Wake, tera:Water|100/100
|turn|17
|
|t:|1776032093
|switch|p1a: Solflower|Meganium, F|63/100
|move|p2a: Walking Wake|Dragon Pulse|p1a: Solflower
|-crit|p1a: Solflower
|-damage|p1a: Solflower|0 fnt
|faint|p1a: Solflower
|
|upkeep
|
|t:|1776032097
|switch|p1a: Cihuacoatl|Dragapult, F, shiny|100/100
|turn|18
|
|t:|1776032108
|-end|p2a: Walking Wake|Protosynthesis|[silent]
|switch|p2a: Ninetales|Ninetales, F|76/100
|-weather|SunnyDay|[from] ability: Drought|[of] p2a: Ninetales
|move|p1a: Cihuacoatl|Dragon Darts|p2a: Ninetales
|-crit|p2a: Ninetales
|-damage|p2a: Ninetales|34/100
|-anim|p1a: Cihuacoatl|Dragon Darts|p2a: Ninetales
|-damage|p2a: Ninetales|7/100
|
|-weather|SunnyDay|[upkeep]
|upkeep
|turn|19
|
|t:|1776032120
|switch|p2a: Sandy Shocks|Sandy Shocks|36/100 brn
|-activate|p2a: Sandy Shocks|ability: Protosynthesis
|-start|p2a: Sandy Shocks|protosynthesisspe
|move|p1a: Cihuacoatl|Dragon Darts|p2a: Sandy Shocks
|-damage|p2a: Sandy Shocks|11/100 brn
|-anim|p1a: Cihuacoatl|Dragon Darts|p2a: Sandy Shocks
|-damage|p2a: Sandy Shocks|0 fnt
|faint|p2a: Sandy Shocks
|-end|p2a: Sandy Shocks|Protosynthesis|[silent]
|
|-weather|SunnyDay|[upkeep]
|upkeep
|
|t:|1776032137
|switch|p2a: Walking Wake|Walking Wake, tera:Water|100/100
|-activate|p2a: Walking Wake|ability: Protosynthesis
|-start|p2a: Walking Wake|protosynthesisspe
|turn|20
|
|t:|1776032151
|move|p2a: Walking Wake|Dragon Pulse|p1a: Cihuacoatl
|-supereffective|p1a: Cihuacoatl
|-damage|p1a: Cihuacoatl|0 fnt
|faint|p1a: Cihuacoatl
|
|-weather|SunnyDay|[upkeep]
|upkeep
|
|t:|1776032153
|switch|p1a: Firestone|Great Tusk|100/100
|-activate|p1a: Firestone|ability: Protosynthesis
|-start|p1a: Firestone|protosynthesisspe
|turn|21
|
|t:|1776032161
|move|p2a: Walking Wake|Dragon Pulse|p1a: Firestone
|-damage|p1a: Firestone|21/100
|move|p1a: Firestone|Headlong Rush|p2a: Walking Wake
|-damage|p2a: Walking Wake|49/100
|-unboost|p1a: Firestone|def|1
|-unboost|p1a: Firestone|spd|1
|
|-weather|SunnyDay|[upkeep]
|-heal|p1a: Firestone|27/100|[from] item: Leftovers
|upkeep
|turn|22
|
|t:|1776032179
|move|p2a: Walking Wake|Dragon Pulse|p1a: Firestone
|-damage|p1a: Firestone|0 fnt
|faint|p1a: Firestone
|-end|p1a: Firestone|Protosynthesis|[silent]
|
|-weather|SunnyDay|[upkeep]
|upkeep
|
|t:|1776032181
|switch|p1a: Chark|Lokix, M, tera:Bug|41/100
|turn|23
|
|t:|1776032190
|-end|p2a: Walking Wake|Protosynthesis|[silent]
|switch|p2a: Great Tusk|Great Tusk|100/100
|-activate|p2a: Great Tusk|ability: Protosynthesis
|-start|p2a: Great Tusk|protosynthesisatk
|move|p1a: Chark|First Impression|p2a: Great Tusk
|-resisted|p2a: Great Tusk
|-damage|p2a: Great Tusk|56/100
|
|-weather|SunnyDay|[upkeep]
|upkeep
|turn|24
|
|t:|1776032200
|switch|p1a: Whirlpool|Rotom-Wash|100/100
|move|p2a: Great Tusk|Stealth Rock|p1a: Whirlpool
|-sidestart|p1: RomN-Tick|move: Stealth Rock
|
|-weather|SunnyDay|[upkeep]
|upkeep
|turn|25
|
|t:|1776032206
|move|p2a: Great Tusk|Knock Off|p1a: Whirlpool
|-damage|p1a: Whirlpool|66/100
|-enditem|p1a: Whirlpool|Leftovers|[from] move: Knock Off|[of] p2a: Great Tusk
|move|p1a: Whirlpool|Hydro Pump|p2a: Great Tusk
|-supereffective|p2a: Great Tusk
|-damage|p2a: Great Tusk|0 fnt
|faint|p2a: Great Tusk
|-end|p2a: Great Tusk|Protosynthesis|[silent]
|
|-weather|none
|upkeep
|
|t:|1776032215
|switch|p2a: Ninetales|Ninetales, F|7/100
|-weather|SunnyDay|[from] ability: Drought|[of] p2a: Ninetales
|turn|26
|
|t:|1776032224
|move|p2a: Ninetales|Healing Wish|p2a: Ninetales
|faint|p2a: Ninetales
|move|p1a: Whirlpool|Volt Switch|p2: Ninetales|[notarget]
|-fail|p1a: Whirlpool
|
|-weather|SunnyDay|[upkeep]
|upkeep
|
|t:|1776032230
|switch|p2a: Lilligant|Lilligant-Hisui, F|20/100
|-heal|p2a: Lilligant|100/100|[from] move: Healing Wish
|turn|27
|
|t:|1776032238
|move|p2a: Lilligant|Solar Blade||[still]
|-prepare|p2a: Lilligant|Solar Blade
|-anim|p2a: Lilligant|Solar Blade|p1a: Whirlpool
|-supereffective|p1a: Whirlpool
|-damage|p1a: Whirlpool|0 fnt
|faint|p1a: Whirlpool
|
|-weather|SunnyDay|[upkeep]
|upkeep
|
|t:|1776032240
|switch|p1a: Chark|Lokix, M, tera:Bug|41/100
|turn|28
|c|☆mortardom|gg
|
|t:|1776032248
|move|p1a: Chark|First Impression|p2a: Lilligant
|-damage|p2a: Lilligant|10/100
|move|p2a: Lilligant|Close Combat|p1a: Chark
|-resisted|p1a: Chark
|-damage|p1a: Chark|1/100
|-unboost|p2a: Lilligant|def|1
|-unboost|p2a: Lilligant|spd|1
|
|-weather|SunnyDay|[upkeep]
|upkeep
|turn|29
|
|t:|1776032257
|move|p1a: Chark|Sucker Punch|p2a: Lilligant
|-resisted|p2a: Lilligant
|-damage|p2a: Lilligant|0 fnt
|faint|p2a: Lilligant
|
|-weather|SunnyDay|[upkeep]
|upkeep
|
|t:|1776032267
|switch|p2a: Walking Wake|Walking Wake, tera:Water|49/100
|-activate|p2a: Walking Wake|ability: Protosynthesis
|-start|p2a: Walking Wake|protosynthesisspe
|turn|30
|
|t:|1776032273
|move|p1a: Chark|Sucker Punch|p2a: Walking Wake
|-damage|p2a: Walking Wake|13/100
|move|p2a: Walking Wake|Hydro Steam|p1a: Chark
|-damage|p1a: Chark|0 fnt
|faint|p1a: Chark
|
|win|mortardom
|raw|RomN-Tick's rating: 1630 &rarr; <strong>1613</strong><br />(-17 for losing)
|raw|mortardom's rating: 1683 &rarr; <strong>1700</strong><br />(+17 for winning)
|l|☆RomN-Tick
|player|p1|
|l|☆mortardom
|player|p2|
