|html|<div class="broadcast-blue"><strong>[Gen 9] OU is currently suspecting Tera Blast! For information on how to participate check out the <a href="https://www.smogon.com/tools/suspects/view/200">suspect thread</a>.</strong></div>
|j|☆ggchgcbcx
|j|☆ttcr
|t:|1776084800
|gametype|singles
|player|p1|ggchgcbcx|cynthia-gen4|1252
|player|p2|ttcr|elesa|1247
|gen|9
|tier|[Gen 9] OU
|rated|
|rule|HP Percentage Mod: HP is shown in percentages
|rule|Endless Battle Clause: Forcing endless battles is banned
|rule|Species Clause: Limit one of each Pokémon
|rule|OHKO Clause: OHKO moves are banned
|rule|Evasion Items Clause: Evasion items are banned
|rule|Evasion Moves Clause: Evasion moves are banned
|rule|Evasion Abilities Clause: Evasion abilities are banned
|rule|Sleep Moves Clause: Sleep-inducing moves are banned
|clearpoke
|poke|p1|Serperior, F|
|poke|p1|Eelektross, F|
|poke|p1|Orthworm, M|
|poke|p1|Gyarados, F|
|poke|p1|Hydrapple, F|
|poke|p1|Tatsugiri, M|
|poke|p2|Torkoal, F|
|poke|p2|Raging Bolt|
|poke|p2|Slither Wing|
|poke|p2|Venusaur, M|
|poke|p2|Walking Wake|
|poke|p2|Great Tusk|
|teampreview
|inactive|Battle timer is ON: inactive players will automatically lose when time's up. (requested by ggchgcbcx)
|
|t:|1776084811
|teamsize|p1|6
|teamsize|p2|6
|start
|switch|p1a: Tatsugiri|Tatsugiri, M|100/100
|switch|p2a: Torkoal|Torkoal, F|100/100
|-weather|SunnyDay|[from] ability: Drought|[of] p2a: Torkoal
|turn|1
|
|t:|1776084822
|switch|p2a: Walking Wake|Walking Wake|100/100
|-activate|p2a: Walking Wake|ability: Protosynthesis
|-start|p2a: Walking Wake|protosynthesisspa
|move|p1a: Tatsugiri|Nasty Plot|p1a: Tatsugiri
|-boost|p1a: Tatsugiri|spa|2
|
|-weather|SunnyDay|[upkeep]
|upkeep
|turn|2
|
|t:|1776084835
|switch|p1a: Orthworm|Orthworm, M|100/100
|move|p2a: Walking Wake|Dragon Pulse|p1a: Orthworm
|-resisted|p1a: Orthworm
|-damage|p1a: Orthworm|56/100
|
|-weather|SunnyDay|[upkeep]
|upkeep
|turn|3
|
|t:|1776084845
|switch|p1a: Tatsugiri|Tatsugiri, M|100/100
|move|p2a: Walking Wake|Flamethrower|p1a: Tatsugiri
|-resisted|p1a: Tatsugiri
|-damage|p1a: Tatsugiri|81/100
|
|-weather|SunnyDay|[upkeep]
|upkeep
|turn|4
|
|t:|1776084855
|move|p2a: Walking Wake|Dragon Pulse|p1a: Tatsugiri
|-supereffective|p1a: Tatsugiri
|-damage|p1a: Tatsugiri|0 fnt
|faint|p1a: Tatsugiri
|
|-weather|SunnyDay|[upkeep]
|upkeep
|
|t:|1776084864
|switch|p1a: Serperior|Serperior, F|100/100
|turn|5
|
|t:|1776084872
|move|p1a: Serperior|Protect|p1a: Serperior
|-singleturn|p1a: Serperior|Protect
|move|p2a: Walking Wake|Flamethrower|p1a: Serperior
|-activate|p1a: Serperior|move: Protect
|
|-weather|SunnyDay|[upkeep]
|upkeep
|turn|6
|
|t:|1776084880
|move|p1a: Serperior|Substitute|p1a: Serperior
|-start|p1a: Serperior|Substitute
|-damage|p1a: Serperior|76/100
|move|p2a: Walking Wake|Flamethrower|p1a: Serperior
|-supereffective|p1a: Serperior
|-end|p1a: Serperior|Substitute
|
|-weather|SunnyDay|[upkeep]
|-heal|p1a: Serperior|82/100|[from] item: Leftovers
|upkeep
|turn|7
|
|t:|1776084890
|move|p1a: Serperior|Protect|p1a: Serperior
|-singleturn|p1a: Serperior|Protect
|move|p2a: Walking Wake|Flamethrower|p1a: Serperior
|-activate|p1a: Serperior|move: Protect
|
|-weather|SunnyDay|[upkeep]
|-heal|p1a: Serperior|88/100|[from] item: Leftovers
|upkeep
|turn|8
|
|t:|1776084898
|move|p1a: Serperior|Substitute|p1a: Serperior
|-start|p1a: Serperior|Substitute
|-damage|p1a: Serperior|63/100
|move|p2a: Walking Wake|Flamethrower|p1a: Serperior
|-supereffective|p1a: Serperior
|-end|p1a: Serperior|Substitute
|
|-weather|none
|-end|p2a: Walking Wake|Protosynthesis
|-heal|p1a: Serperior|69/100|[from] item: Leftovers
|upkeep
|turn|9
|
|t:|1776084908
|move|p1a: Serperior|Protect|p1a: Serperior
|-singleturn|p1a: Serperior|Protect
|move|p2a: Walking Wake|Flamethrower|p1a: Serperior
|-activate|p1a: Serperior|move: Protect
|
|-heal|p1a: Serperior|76/100|[from] item: Leftovers
|upkeep
|turn|10
|
|t:|1776084920
|move|p1a: Serperior|Leech Seed|p2a: Walking Wake
|-start|p2a: Walking Wake|move: Leech Seed
|move|p2a: Walking Wake|Flamethrower|p1a: Serperior
|-supereffective|p1a: Serperior
|-damage|p1a: Serperior|10/100
|
|-heal|p1a: Serperior|16/100|[from] item: Leftovers
|-damage|p2a: Walking Wake|88/100|[from] Leech Seed|[of] p1a: Serperior
|-heal|p1a: Serperior|28/100|[silent]
|upkeep
|turn|11
|
|t:|1776084931
|-end|p2a: Walking Wake|Protosynthesis|[silent]
|switch|p2a: Torkoal|Torkoal, F|100/100
|-weather|SunnyDay|[from] ability: Drought|[of] p2a: Torkoal
|move|p1a: Serperior|Substitute|p1a: Serperior
|-start|p1a: Serperior|Substitute
|-damage|p1a: Serperior|3/100
|
|-weather|SunnyDay|[upkeep]
|-heal|p1a: Serperior|10/100|[from] item: Leftovers
|upkeep
|turn|12
|
|t:|1776084941
|move|p1a: Serperior|Leech Seed|p2a: Torkoal|[miss]
|-miss|p1a: Serperior|p2a: Torkoal
|move|p2a: Torkoal|Overheat|p1a: Serperior
|-supereffective|p1a: Serperior
|-crit|p1a: Serperior
|-end|p1a: Serperior|Substitute
|-unboost|p2a: Torkoal|spa|2
|
|-weather|SunnyDay|[upkeep]
|-heal|p1a: Serperior|16/100|[from] item: Leftovers
|upkeep
|turn|13
|
|t:|1776084952
|move|p1a: Serperior|Protect|p1a: Serperior
|-singleturn|p1a: Serperior|Protect
|move|p2a: Torkoal|Overheat|p1a: Serperior
|-activate|p1a: Serperior|move: Protect
|
|-weather|SunnyDay|[upkeep]
|-heal|p1a: Serperior|22/100|[from] item: Leftovers
|upkeep
|turn|14
|
|t:|1776084963
|switch|p1a: Gyarados|Gyarados, F|100/100
|move|p2a: Torkoal|Overheat|p1a: Gyarados
|-resisted|p1a: Gyarados
|-damage|p1a: Gyarados|84/100
|-unboost|p2a: Torkoal|spa|2
|
|-weather|SunnyDay|[upkeep]
|upkeep
|turn|15
|
|t:|1776084972
|move|p1a: Gyarados|Earthquake|p2a: Torkoal
|-supereffective|p2a: Torkoal
|-damage|p2a: Torkoal|53/100
|move|p2a: Torkoal|Will-O-Wisp|p1a: Gyarados
|-status|p1a: Gyarados|brn
|
|-weather|SunnyDay|[upkeep]
|-damage|p1a: Gyarados|78/100 brn|[from] brn
|upkeep
|turn|16
|
|t:|1776084983
|switch|p2a: Raging Bolt|Raging Bolt|100/100
|-activate|p2a: Raging Bolt|ability: Protosynthesis
|-start|p2a: Raging Bolt|protosynthesisspa
|move|p1a: Gyarados|Earthquake|p2a: Raging Bolt
|-supereffective|p2a: Raging Bolt
|-damage|p2a: Raging Bolt|72/100
|
|-weather|SunnyDay|[upkeep]
|-damage|p1a: Gyarados|72/100 brn|[from] brn
|upkeep
|turn|17
|
|t:|1776084995
|switch|p1a: Eelektross|Eelektross, F|100/100
|move|p2a: Raging Bolt|Thunderbolt|p1a: Eelektross
|-resisted|p1a: Eelektross
|-damage|p1a: Eelektross|49/100
|-damage|p2a: Raging Bolt|62/100|[from] item: Life Orb
|
|-weather|SunnyDay|[upkeep]
|-heal|p1a: Eelektross|55/100|[from] item: Leftovers
|upkeep
|turn|18
|-message|ggchgcbcx forfeited.
|
|win|ttcr
|raw|ggchgcbcx's rating: 1252 &rarr; <strong>1227</strong><br />(-25 for losing)
|raw|ttcr's rating: 1247 &rarr; <strong>1272</strong><br />(+25 for winning)
|l|☆ggchgcbcx
|player|p1|
|l|☆ttcr
|player|p2|
