|html|<div class="broadcast-blue"><strong>[Gen 9] OU is currently suspecting Tera Blast! For information on how to participate check out the <a href="https://www.smogon.com/tools/suspects/view/200">suspect thread</a>.</strong></div>
|j|☆taunt rage
|j|☆ADRLORD
|t:|1776103775
|gametype|singles
|player|p1|taunt rage|nate|1018
|player|p2|ADRLORD|265|1000
|gen|9
|tier|[Gen 9] OU
|rated|
|rule|HP Percentage Mod: HP is shown in percentages
|rule|Endless Battle Clause: Forcing endless battles is banned
|rule|Species Clause: Limit one of each Pokémon
|rule|OHKO Clause: OHKO moves are banned
|rule|Evasion Items Clause: Evasion items are banned
|rule|Evasion Moves Clause: Evasion moves are banned
|rule|Evasion Abilities Clause: Evasion abilities are banned
|rule|Sleep Moves Clause: Sleep-inducing moves are banned
|clearpoke
|poke|p1|Alomomola, F|
|poke|p1|Dragapult, M|
|poke|p1|Landorus-Therian, M|
|poke|p1|Garganacl, F|
|poke|p1|Zoroark-Hisui, M|
|poke|p1|Garchomp, M|
|poke|p2|Metagross|
|poke|p2|Venusaur, F|
|poke|p2|Blaziken, M|
|poke|p2|Gengar, F|
|poke|p2|Lapras, F|
|poke|p2|Garchomp, F|
|teampreview
|
|t:|1776103792
|teamsize|p1|6
|teamsize|p2|6
|start
|switch|p1a: Wall of China|Garganacl, F, shiny|100/100
|switch|p2a: Blaziken|Blaziken, M|100/100
|turn|1
|
|t:|1776103806
|move|p1a: Wall of China|Sludge Bomb|p2a: Blaziken
|-damage|p2a: Blaziken|61/100
|move|p2a: Blaziken|Brick Break|p1a: Wall of China
|-immune|p1a: Wall of China
|
|upkeep
|turn|2
|
|t:|1776103816
|move|p1a: Wall of China|Sludge Bomb|p2a: Blaziken
|-damage|p2a: Blaziken|24/100
|move|p2a: Blaziken|Flamethrower|p1a: Wall of China
|-enditem|p1a: Wall of China|Focus Sash
|-damage|p1a: Wall of China|1/100
|replace|p1a: Zoroark|Zoroark-Hisui, M
|-end|p1a: Zoroark|Illusion
|
|upkeep
|turn|3
|
|t:|1776103828
|move|p1a: Zoroark|Sludge Bomb|p2a: Blaziken
|-damage|p2a: Blaziken|0 fnt
|faint|p2a: Blaziken
|
|upkeep
|
|t:|1776103841
|switch|p2a: Lapras|Lapras, F|100/100
|turn|4
|
|t:|1776103853
|move|p1a: Zoroark|Sludge Bomb|p2a: Lapras
|-damage|p2a: Lapras|76/100
|move|p2a: Lapras|Surf|p1a: Zoroark
|-damage|p1a: Zoroark|0 fnt
|faint|p1a: Zoroark
|
|upkeep
|
|t:|1776103867
|switch|p1a: Alomomola|Alomomola, F|100/100
|turn|5
|
|t:|1776103878
|switch|p2a: Venusaur|Venusaur, F|100/100
|move|p1a: Alomomola|Wish|p1a: Alomomola
|
|upkeep
|turn|6
|
|t:|1776103887
|move|p1a: Alomomola|Protect|p1a: Alomomola
|-singleturn|p1a: Alomomola|Protect
|move|p2a: Venusaur|Giga Drain|p1a: Alomomola
|-activate|p1a: Alomomola|move: Protect
|
|upkeep
|turn|7
|
|t:|1776103895
|move|p2a: Venusaur|Giga Drain|p1a: Alomomola
|-supereffective|p1a: Alomomola
|-damage|p1a: Alomomola|34/100
|move|p1a: Alomomola|Scald|p2a: Venusaur
|-resisted|p2a: Venusaur
|-damage|p2a: Venusaur|93/100
|
|-heal|p2a: Venusaur|99/100|[from] item: Leftovers
|upkeep
|turn|8
|
|t:|1776103910
|switch|p1a: Wall of China|Garganacl, F, shiny|100/100
|move|p2a: Venusaur|Giga Drain|p1a: Wall of China
|-supereffective|p1a: Wall of China
|-damage|p1a: Wall of China|51/100
|-heal|p2a: Venusaur|100/100|[from] drain|[of] p1a: Wall of China
|
|-heal|p1a: Wall of China|58/100|[from] item: Leftovers
|upkeep
|turn|9
|
|t:|1776103929
|move|p2a: Venusaur|Energy Ball|p1a: Wall of China
|-supereffective|p1a: Wall of China
|-damage|p1a: Wall of China|0 fnt
|faint|p1a: Wall of China
|
|upkeep
|
|t:|1776103936
|switch|p1a: GEN 4 ELITE|Garchomp, M|100/100
|turn|10
|
|t:|1776103947
|move|p1a: GEN 4 ELITE|Earthquake|p2a: Venusaur
|-damage|p2a: Venusaur|42/100
|move|p2a: Venusaur|Energy Ball|p1a: GEN 4 ELITE
|-damage|p1a: GEN 4 ELITE|66/100
|
|-heal|p1a: GEN 4 ELITE|72/100|[from] item: Leftovers
|-heal|p2a: Venusaur|48/100|[from] item: Leftovers
|upkeep
|turn|11
|
|t:|1776103980
|move|p1a: GEN 4 ELITE|Earthquake|p2a: Venusaur
|-damage|p2a: Venusaur|0 fnt
|faint|p2a: Venusaur
|
|-heal|p1a: GEN 4 ELITE|78/100|[from] item: Leftovers
|upkeep
|
|t:|1776103998
|switch|p2a: Metagross|Metagross|100/100
|-item|p2a: Metagross|Air Balloon
|turn|12
|
|t:|1776104015
|move|p1a: GEN 4 ELITE|Outrage|p2a: Metagross
|-resisted|p2a: Metagross
|-damage|p2a: Metagross|75/100
|-enditem|p2a: Metagross|Air Balloon
|move|p2a: Metagross|Psychic|p1a: GEN 4 ELITE
|-damage|p1a: GEN 4 ELITE|43/100
|
|-heal|p1a: GEN 4 ELITE|50/100|[from] item: Leftovers
|upkeep
|turn|13
|
|t:|1776104030
|move|p1a: GEN 4 ELITE|Outrage|p2a: Metagross|[from] lockedmove
|-resisted|p2a: Metagross
|-damage|p2a: Metagross|50/100
|move|p2a: Metagross|Earthquake|p1a: GEN 4 ELITE
|-damage|p1a: GEN 4 ELITE|20/100
|
|-heal|p1a: GEN 4 ELITE|26/100|[from] item: Leftovers
|upkeep
|turn|14
|
|t:|1776104044
|move|p1a: GEN 4 ELITE|Outrage|p2a: Metagross|[from] lockedmove
|-resisted|p2a: Metagross
|-damage|p2a: Metagross|26/100
|-start|p1a: GEN 4 ELITE|confusion|[fatigue]
|move|p2a: Metagross|Meteor Beam||[still]
|-prepare|p2a: Metagross|Meteor Beam
|-boost|p2a: Metagross|spa|1
|
|-heal|p1a: GEN 4 ELITE|32/100|[from] item: Leftovers
|upkeep
|turn|15
|
|t:|1776104058
|-activate|p1a: GEN 4 ELITE|confusion
|-damage|p1a: GEN 4 ELITE|17/100|[from] confusion
|move|p2a: Metagross|Meteor Beam|p1a: GEN 4 ELITE|[from] lockedmove
|-resisted|p1a: GEN 4 ELITE
|-damage|p1a: GEN 4 ELITE|0 fnt
|faint|p1a: GEN 4 ELITE
|
|upkeep
|
|t:|1776104066
|switch|p1a: Landorus|Landorus-Therian, M|100/100
|-ability|p1a: Landorus|Intimidate|boost
|-fail|p2a: Metagross|unboost|[from] ability: Clear Body|[of] p2a: Metagross
|turn|16
|
|t:|1776104078
|move|p1a: Landorus|Earthquake|p2a: Metagross
|-supereffective|p2a: Metagross
|-crit|p2a: Metagross
|-damage|p2a: Metagross|0 fnt
|faint|p2a: Metagross
|
|upkeep
|
|t:|1776104105
|switch|p2a: Garchomp|Garchomp, F|100/100
|turn|17
|
|t:|1776104116
|move|p1a: Landorus|Earthquake|p2a: Garchomp
|-damage|p2a: Garchomp|45/100
|move|p2a: Garchomp|Draco Meteor|p1a: Landorus
|-damage|p1a: Landorus|48/100
|-unboost|p2a: Garchomp|spa|2
|
|upkeep
|turn|18
|
|t:|1776104130
|move|p1a: Landorus|Earthquake|p2a: Garchomp
|-damage|p2a: Garchomp|0 fnt
|faint|p2a: Garchomp
|
|upkeep
|
|t:|1776104136
|switch|p2a: Gengar|Gengar, F|100/100
|turn|19
|
|t:|1776104148
|move|p1a: Landorus|Earthquake|p2a: Gengar
|-supereffective|p2a: Gengar
|-damage|p2a: Gengar|0 fnt
|faint|p2a: Gengar
|
|upkeep
|
|t:|1776104153
|switch|p2a: Lapras|Lapras, F|76/100
|turn|20
|
|t:|1776104158
|move|p1a: Landorus|Grass Knot|p2a: Lapras
|-supereffective|p2a: Lapras
|-damage|p2a: Lapras|38/100
|move|p2a: Lapras|Substitute|p2a: Lapras
|-start|p2a: Lapras|Substitute
|-damage|p2a: Lapras|13/100
|
|upkeep
|turn|21
|
|t:|1776104167
|move|p1a: Landorus|Earthquake|p2a: Lapras
|-end|p2a: Lapras|Substitute
|move|p2a: Lapras|Ice Beam|p1a: Landorus
|-supereffective|p1a: Landorus
|-damage|p1a: Landorus|0 fnt
|faint|p1a: Landorus
|
|upkeep
|
|t:|1776104176
|switch|p1a: Curse man|Dragapult, M|100/100
|turn|22
|
|t:|1776104185
|move|p1a: Curse man|Shadow Ball|p2a: Lapras
|-damage|p2a: Lapras|0 fnt
|faint|p2a: Lapras
|
|win|taunt rage
|raw|taunt rage's rating: 1018 &rarr; <strong>1053</strong><br />(+35 for winning)
|raw|ADRLORD's rating: 1000 &rarr; <strong>1000</strong><br />(+0 for losing)
|l|☆ADRLORD
|player|p2|
