|html|<div class="broadcast-blue"><strong>[Gen 9] OU is currently suspecting Volcarona! For information on how to participate check out the <a href="https://www.smogon.com/tools/suspects/view/208">suspect thread</a>.</strong></div>
|badge|p1|silver|gen9ou|30-9
|uhtml|medal-msg|<div class="broadcast-blue">Curious what those medals under the avatar are? PS now has Ladder Seasons! For more information, check out the <a href="https://www.smogon.com/forums/threads/3740067/">thread on Smogon.</a></div>
|j|☆Ctannn
|j|☆Auburn Hills
|t:|1778505598
|gametype|singles
|player|p1|Ctannn|2|1890
|player|p2|Auburn Hills|alder|1862
|gen|9
|tier|[Gen 9] OU
|rated|
|rule|HP Percentage Mod: HP is shown in percentages
|rule|Endless Battle Clause: Forcing endless battles is banned
|rule|Species Clause: Limit one of each Pokémon
|rule|OHKO Clause: OHKO moves are banned
|rule|Evasion Items Clause: Evasion items are banned
|rule|Evasion Moves Clause: Evasion moves are banned
|rule|Evasion Abilities Clause: Evasion abilities are banned
|rule|Sleep Moves Clause: Sleep-inducing moves are banned
|clearpoke
|poke|p1|Rillaboom, M|
|poke|p1|Garganacl, F|
|poke|p1|Cinderace, F|
|poke|p1|Raging Bolt|
|poke|p1|Slowking-Galar, M|
|poke|p1|Landorus-Therian, M|
|poke|p2|Iron Moth|
|poke|p2|Umbreon, F|
|poke|p2|Garchomp, M|
|poke|p2|Glimmora, M|
|poke|p2|Gholdengo|
|poke|p2|Dragonite, M|
|teampreview
|inactive|Battle timer is ON: inactive players will automatically lose when time's up. (requested by Ctannn)
|
|t:|1778505615
|teamsize|p1|6
|teamsize|p2|6
|start
|switch|p1a: Cinderace|Cinderace, F|100/100
|switch|p2a: Rat Tally|Garchomp, M|100/100
|turn|1
|
|t:|1778505619
|switch|p1a: Landorus|Landorus-Therian, M|100/100
|-ability|p1a: Landorus|Intimidate|boost
|-unboost|p2a: Rat Tally|atk|1
|move|p2a: Rat Tally|Scale Shot|p1a: Landorus
|-damage|p1a: Landorus|93/100
|-damage|p1a: Landorus|87/100
|-damage|p1a: Landorus|81/100
|-damage|p1a: Landorus|75/100
|-damage|p1a: Landorus|68/100
|-hitcount|p1a: Landorus|5
|-unboost|p2a: Rat Tally|def|1
|-boost|p2a: Rat Tally|spe|1
|
|upkeep
|turn|2
|
|t:|1778505628
|switch|p2a: Elucid|Dragonite, M|100/100
|move|p1a: Landorus|Earthquake|p2a: Elucid
|-immune|p2a: Elucid
|
|upkeep
|turn|3
|
|t:|1778505632
|switch|p1a: Slowking|Slowking-Galar, M|100/100
|move|p2a: Elucid|Dragon Dance|p2a: Elucid
|-boost|p2a: Elucid|atk|1
|-boost|p2a: Elucid|spe|1
|
|upkeep
|turn|4
|
|t:|1778505636
|move|p2a: Elucid|Earthquake|p1a: Slowking
|-supereffective|p1a: Slowking
|-damage|p1a: Slowking|20/100
|-prepare|p1a: Slowking|Chilly Reception|[premajor]
|move|p1a: Slowking|Chilly Reception|p1a: Slowking
|-weather|Snowscape
|
|t:|1778505638
|switch|p1a: Landorus|Landorus-Therian, M|68/100|[from] Chilly Reception
|-ability|p1a: Landorus|Intimidate|boost
|-unboost|p2a: Elucid|atk|1
|
|-weather|Snowscape|[upkeep]
|upkeep
|turn|5
|j| ddhero1
|
|t:|1778505642
|move|p2a: Elucid|Ice Spinner|p1a: Landorus
|-supereffective|p1a: Landorus
|-damage|p1a: Landorus|0 fnt
|-damage|p2a: Elucid|84/100|[from] item: Rocky Helmet|[of] p1a: Landorus
|faint|p1a: Landorus
|
|-weather|Snowscape|[upkeep]
|upkeep
|
|t:|1778505648
|switch|p1a: Garganacl|Garganacl, F|100/100
|turn|6
|
|t:|1778505652
|move|p2a: Elucid|Earthquake|p1a: Garganacl
|-supereffective|p1a: Garganacl
|-damage|p1a: Garganacl|50/100
|move|p1a: Garganacl|Curse|p1a: Garganacl
|-unboost|p1a: Garganacl|spe|1
|-boost|p1a: Garganacl|atk|1
|-boost|p1a: Garganacl|def|1
|
|-weather|Snowscape|[upkeep]
|-heal|p1a: Garganacl|56/100|[from] item: Leftovers
|upkeep
|turn|7
|
|t:|1778505656
|switch|p2a: Smino|Gholdengo|100/100
|move|p1a: Garganacl|Salt Cure|p2a: Smino
|-resisted|p2a: Smino
|-damage|p2a: Smino|90/100
|-start|p2a: Smino|Salt Cure
|
|-weather|Snowscape|[upkeep]
|-heal|p1a: Garganacl|62/100|[from] item: Leftovers
|-damage|p2a: Smino|65/100|[from] Salt Cure
|upkeep
|turn|8
|
|t:|1778505659
|move|p1a: Garganacl|Protect|p1a: Garganacl
|-singleturn|p1a: Garganacl|Protect
|move|p2a: Smino|Trick|p1a: Garganacl
|-activate|p1a: Garganacl|move: Protect
|
|-weather|none
|-heal|p1a: Garganacl|69/100|[from] item: Leftovers
|-damage|p2a: Smino|40/100|[from] Salt Cure
|upkeep
|turn|9
|
|t:|1778505667
|switch|p1a: Raging Bolt|Raging Bolt|100/100
|move|p2a: Smino|Trick|p1a: Raging Bolt
|-activate|p2a: Smino|move: Trick|[of] p1a: Raging Bolt
|-item|p1a: Raging Bolt|Choice Scarf|[from] move: Trick
|-item|p2a: Smino|Heavy-Duty Boots|[from] move: Trick
|
|-damage|p2a: Smino|16/100|[from] Salt Cure
|upkeep
|turn|10
|
|t:|1778505670
|-end|p1a: Raging Bolt|Protosynthesis|[silent]
|switch|p1a: Garganacl|Garganacl, F|69/100
|switch|p2a: Alvvays|Umbreon, F|100/100
|
|-heal|p1a: Garganacl|75/100|[from] item: Leftovers
|upkeep
|turn|11
|
|t:|1778505673
|switch|p2a: Smino|Gholdengo|16/100
|move|p1a: Garganacl|Curse|p1a: Garganacl
|-unboost|p1a: Garganacl|spe|1
|-boost|p1a: Garganacl|atk|1
|-boost|p1a: Garganacl|def|1
|
|-heal|p1a: Garganacl|81/100|[from] item: Leftovers
|upkeep
|turn|12
|
|t:|1778505676
|move|p1a: Garganacl|Protect|p1a: Garganacl
|-singleturn|p1a: Garganacl|Protect
|move|p2a: Smino|Make It Rain|p1a: Garganacl
|-activate|p1a: Garganacl|move: Protect
|
|-heal|p1a: Garganacl|87/100|[from] item: Leftovers
|upkeep
|turn|13
|
|t:|1778505681
|-terastallize|p1a: Garganacl|Water
|move|p2a: Smino|Make It Rain|p1a: Garganacl
|-resisted|p1a: Garganacl
|-crit|p1a: Garganacl
|-damage|p1a: Garganacl|56/100
|-unboost|p2a: Smino|spa|1
|move|p1a: Garganacl|Curse|p1a: Garganacl
|-unboost|p1a: Garganacl|spe|1
|-boost|p1a: Garganacl|atk|1
|-boost|p1a: Garganacl|def|1
|
|-heal|p1a: Garganacl|63/100|[from] item: Leftovers
|upkeep
|turn|14
|
|t:|1778505685
|move|p2a: Smino|Shadow Ball|p1a: Garganacl
|-damage|p1a: Garganacl|54/100
|move|p1a: Garganacl|Recover|p1a: Garganacl
|-heal|p1a: Garganacl|100/100
|
|upkeep
|turn|15
|
|t:|1778505688
|switch|p2a: Julia Jacklin|Glimmora, M|100/100
|move|p1a: Garganacl|Salt Cure|p2a: Julia Jacklin
|-damage|p2a: Julia Jacklin|67/100
|-start|p2a: Julia Jacklin|Salt Cure
|-activate|p2a: Julia Jacklin|ability: Toxic Debris
|-sidestart|p1: Ctannn|move: Toxic Spikes
|
|-damage|p2a: Julia Jacklin|55/100|[from] Salt Cure
|upkeep
|turn|16
|
|t:|1778505692
|move|p1a: Garganacl|Protect|p1a: Garganacl
|-singleturn|p1a: Garganacl|Protect
|move|p2a: Julia Jacklin|Sludge Wave|p1a: Garganacl
|-activate|p1a: Garganacl|move: Protect
|
|-damage|p2a: Julia Jacklin|43/100|[from] Salt Cure
|upkeep
|turn|17
|
|t:|1778505697
|move|p2a: Julia Jacklin|Sludge Wave|p1a: Garganacl
|-damage|p1a: Garganacl|70/100
|move|p1a: Garganacl|Curse|p1a: Garganacl
|-unboost|p1a: Garganacl|spe|1
|-boost|p1a: Garganacl|atk|1
|-boost|p1a: Garganacl|def|1
|
|-heal|p1a: Garganacl|76/100|[from] item: Leftovers
|-damage|p2a: Julia Jacklin|30/100|[from] Salt Cure
|upkeep
|turn|18
|
|t:|1778505702
|switch|p2a: Rat Tally|Garchomp, M|100/100
|move|p1a: Garganacl|Recover|p1a: Garganacl
|-heal|p1a: Garganacl|100/100
|
|upkeep
|turn|19
|
|t:|1778505705
|move|p2a: Rat Tally|Swords Dance|p2a: Rat Tally
|-boost|p2a: Rat Tally|atk|2
|move|p1a: Garganacl|Salt Cure|p2a: Rat Tally
|-resisted|p2a: Rat Tally
|-damage|p2a: Rat Tally|83/100
|-start|p2a: Rat Tally|Salt Cure
|
|-damage|p2a: Rat Tally|70/100|[from] Salt Cure
|upkeep
|turn|20
|
|t:|1778505715
|move|p2a: Rat Tally|Swords Dance|p2a: Rat Tally
|-boost|p2a: Rat Tally|atk|2
|move|p1a: Garganacl|Curse|p1a: Garganacl
|-unboost|p1a: Garganacl|spe|1
|-boost|p1a: Garganacl|atk|1
|-boost|p1a: Garganacl|def|1
|
|-damage|p2a: Rat Tally|58/100|[from] Salt Cure
|upkeep
|turn|21
|
|t:|1778505722
|move|p2a: Rat Tally|Scale Shot|p1a: Garganacl
|-damage|p1a: Garganacl|92/100
|-damage|p1a: Garganacl|84/100
|-damage|p1a: Garganacl|74/100
|-damage|p1a: Garganacl|64/100
|-damage|p1a: Garganacl|56/100
|-hitcount|p1a: Garganacl|5
|-unboost|p2a: Rat Tally|def|1
|-boost|p2a: Rat Tally|spe|1
|move|p1a: Garganacl|Curse|p1a: Garganacl
|-unboost|p1a: Garganacl|spe|1
|-boost|p1a: Garganacl|atk|1
|-boost|p1a: Garganacl|def|1
|
|-heal|p1a: Garganacl|62/100|[from] item: Leftovers
|-damage|p2a: Rat Tally|46/100|[from] Salt Cure
|upkeep
|turn|22
|
|t:|1778505727
|-terastallize|p2a: Rat Tally|Electric
|move|p1a: Garganacl|Protect|p1a: Garganacl
|-singleturn|p1a: Garganacl|Protect
|move|p2a: Rat Tally|Thunder Fang|p1a: Garganacl
|-activate|p1a: Garganacl|move: Protect
|
|-heal|p1a: Garganacl|68/100|[from] item: Leftovers
|-damage|p2a: Rat Tally|33/100|[from] Salt Cure
|upkeep
|turn|23
|
|t:|1778505730
|move|p2a: Rat Tally|Thunder Fang|p1a: Garganacl
|-supereffective|p1a: Garganacl
|-damage|p1a: Garganacl|25/100
|move|p1a: Garganacl|Recover|p1a: Garganacl
|-heal|p1a: Garganacl|75/100
|
|-heal|p1a: Garganacl|81/100|[from] item: Leftovers
|-damage|p2a: Rat Tally|21/100|[from] Salt Cure
|upkeep
|turn|24
|
|t:|1778505734
|move|p2a: Rat Tally|Thunder Fang|p1a: Garganacl
|-supereffective|p1a: Garganacl
|-damage|p1a: Garganacl|41/100
|move|p1a: Garganacl|Salt Cure|p2a: Rat Tally
|-damage|p2a: Rat Tally|0 fnt
|faint|p2a: Rat Tally
|
|-heal|p1a: Garganacl|47/100|[from] item: Leftovers
|upkeep
|
|t:|1778505744
|switch|p2a: Carly Rae|Iron Moth|100/100
|-enditem|p2a: Carly Rae|Booster Energy
|-activate|p2a: Carly Rae|ability: Quark Drive|[fromitem]
|-start|p2a: Carly Rae|quarkdrivespe
|turn|25
|
|t:|1778505747
|move|p1a: Garganacl|Protect|p1a: Garganacl
|-singleturn|p1a: Garganacl|Protect
|move|p2a: Carly Rae|Discharge|p1a: Garganacl
|-activate|p1a: Garganacl|move: Protect
|
|-heal|p1a: Garganacl|53/100|[from] item: Leftovers
|upkeep
|turn|26
|
|t:|1778505750
|move|p2a: Carly Rae|Discharge|p1a: Garganacl
|-supereffective|p1a: Garganacl
|-damage|p1a: Garganacl|17/100
|move|p1a: Garganacl|Recover|p1a: Garganacl
|-heal|p1a: Garganacl|67/100
|
|-heal|p1a: Garganacl|74/100|[from] item: Leftovers
|upkeep
|turn|27
|
|t:|1778505755
|move|p1a: Garganacl|Protect|p1a: Garganacl
|-singleturn|p1a: Garganacl|Protect
|move|p2a: Carly Rae|Fiery Dance|p1a: Garganacl
|-activate|p1a: Garganacl|move: Protect
|
|-heal|p1a: Garganacl|80/100|[from] item: Leftovers
|upkeep
|turn|28
|-message|Auburn Hills forfeited.
|
|win|Ctannn
|raw|Ctannn's rating: 1890 &rarr; <strong>1908</strong><br />(+18 for winning)
|raw|Auburn Hills's rating: 1862 &rarr; <strong>1844</strong><br />(-18 for losing)
|l|☆Auburn Hills
|player|p2|
|l|☆Ctannn
|player|p1|
