|html|<div class="broadcast-blue"><strong>[Gen 9] OU is currently suspecting Tera Blast! For information on how to participate check out the <a href="https://www.smogon.com/tools/suspects/view/200">suspect thread</a>.</strong></div>
|j|☆4savar
|j|☆surfanddiv
|t:|1776144099
|gametype|singles
|player|p1|4savar|pokemaniac|1135
|player|p2|surfanddiv|265|1171
|gen|9
|tier|[Gen 9] OU
|rated|
|rule|HP Percentage Mod: HP is shown in percentages
|rule|Endless Battle Clause: Forcing endless battles is banned
|rule|Species Clause: Limit one of each Pokémon
|rule|OHKO Clause: OHKO moves are banned
|rule|Evasion Items Clause: Evasion items are banned
|rule|Evasion Moves Clause: Evasion moves are banned
|rule|Evasion Abilities Clause: Evasion abilities are banned
|rule|Sleep Moves Clause: Sleep-inducing moves are banned
|clearpoke
|poke|p1|Gliscor, M|
|poke|p1|Gholdengo|
|poke|p1|Kingambit, F|
|poke|p1|Samurott-Hisui, M|
|poke|p1|Dragapult, F|
|poke|p1|Iron Valiant|
|poke|p2|Darkrai|
|poke|p2|Kingambit, M|
|poke|p2|Dragapult, M|
|poke|p2|Heatran, F|
|poke|p2|Zapdos|
|poke|p2|Ogerpon-Wellspring, F|
|teampreview
|inactive|Battle timer is ON: inactive players will automatically lose when time's up. (requested by surfanddiv)
|inactive|surfanddiv has 120 seconds left.
|
|t:|1776144158
|teamsize|p1|6
|teamsize|p2|6
|start
|switch|p1a: Dragapult|Dragapult, F|100/100
|switch|p2a: birdd|Zapdos, shiny|100/100
|turn|1
|
|t:|1776144166
|move|p1a: Dragapult|Draco Meteor|p2a: birdd
|-damage|p2a: birdd|11/100
|-unboost|p1a: Dragapult|spa|2
|move|p2a: birdd|Thunder Wave|p1a: Dragapult
|-status|p1a: Dragapult|par
|
|upkeep
|turn|2
|
|t:|1776144175
|move|p2a: birdd|Roost|p2a: birdd
|-heal|p2a: birdd|61/100
|-singleturn|p2a: birdd|move: Roost
|move|p1a: Dragapult|Draco Meteor|p2a: birdd|[miss]
|-miss|p1a: Dragapult|p2a: birdd
|
|upkeep
|turn|3
|
|t:|1776144183
|move|p2a: birdd|Roost|p2a: birdd
|-heal|p2a: birdd|100/100
|-singleturn|p2a: birdd|move: Roost
|move|p1a: Dragapult|Draco Meteor|p2a: birdd
|-damage|p2a: birdd|59/100
|-unboost|p1a: Dragapult|spa|2
|
|upkeep
|turn|4
|
|t:|1776144193
|switch|p1a: Iron Valiant|Iron Valiant|100/100
|-enditem|p1a: Iron Valiant|Booster Energy
|-activate|p1a: Iron Valiant|ability: Quark Drive|[fromitem]
|-start|p1a: Iron Valiant|quarkdrivespe
|move|p2a: birdd|Roost|p2a: birdd
|-heal|p2a: birdd|100/100
|-singleturn|p2a: birdd|move: Roost
|
|upkeep
|turn|5
|inactive|4savar has 120 seconds left.
|inactive|surfanddiv has 120 seconds left.
|
|t:|1776144233
|move|p1a: Iron Valiant|Close Combat|p2a: birdd
|-resisted|p2a: birdd
|-damage|p2a: birdd|82/100
|-unboost|p1a: Iron Valiant|def|1
|-unboost|p1a: Iron Valiant|spd|1
|-status|p1a: Iron Valiant|par|[from] ability: Static|[of] p2a: birdd
|move|p2a: birdd|Volt Switch|p1a: Iron Valiant
|-damage|p1a: Iron Valiant|8/100 par
|inactive|surfanddiv has 120 seconds left.
|
|t:|1776144265
|switch|p2a: Ogerpon|Ogerpon-Wellspring, F|100/100|[from] Volt Switch
|
|upkeep
|turn|6
|
|t:|1776144273
|move|p2a: Ogerpon|Knock Off|p1a: Iron Valiant
|-resisted|p1a: Iron Valiant
|-damage|p1a: Iron Valiant|0 fnt
|faint|p1a: Iron Valiant
|-end|p1a: Iron Valiant|Quark Drive|[silent]
|
|upkeep
|
|t:|1776144280
|switch|p1a: Samurott|Samurott-Hisui, M|100/100
|turn|7
|
|t:|1776144293
|-terastallize|p1a: Samurott|Dark
|move|p2a: Ogerpon|Spikes|p1a: Samurott
|-sidestart|p1: 4savar|Spikes
|move|p1a: Samurott|Ceaseless Edge|p2a: Ogerpon
|-damage|p2a: Ogerpon|22/100
|-sidestart|p2: surfanddiv|Spikes
|
|upkeep
|turn|8
|
|t:|1776144311
|switch|p2a: birdd|Zapdos, shiny|82/100
|move|p1a: Samurott|Ceaseless Edge|p2a: birdd
|-crit|p2a: birdd
|-damage|p2a: birdd|21/100
|-sidestart|p2: surfanddiv|Spikes
|
|upkeep
|turn|9
|
|t:|1776144327
|move|p1a: Samurott|Aqua Jet|p2a: birdd
|-damage|p2a: birdd|7/100
|-status|p1a: Samurott|par|[from] ability: Static|[of] p2a: birdd
|move|p2a: birdd|Roost|p2a: birdd
|-heal|p2a: birdd|57/100
|-singleturn|p2a: birdd|move: Roost
|
|upkeep
|turn|10
|
|t:|1776144337
|move|p2a: birdd|Roost|p2a: birdd
|-heal|p2a: birdd|100/100
|-singleturn|p2a: birdd|move: Roost
|move|p1a: Samurott|Ceaseless Edge|p2a: birdd
|-damage|p2a: birdd|55/100
|-sidestart|p2: surfanddiv|Spikes
|
|upkeep
|turn|11
|
|t:|1776144345
|move|p2a: birdd|Volt Switch|p1a: Samurott
|-damage|p1a: Samurott|57/100 par
|inactive|surfanddiv has 90 seconds left.
|
|t:|1776144384
|switch|p2a: King|Kingambit, M|100/100|[from] Volt Switch
|-damage|p2a: King|76/100|[from] Spikes
|move|p1a: Samurott|Ceaseless Edge|p2a: King|[miss]
|-miss|p1a: Samurott|p2a: King
|
|-heal|p2a: King|82/100|[from] item: Leftovers
|upkeep
|turn|12
|
|t:|1776144404
|switch|p1a: Gliscor|Gliscor, M|100/100
|move|p2a: King|Low Kick|p1a: Gliscor
|-resisted|p1a: Gliscor
|-damage|p1a: Gliscor|93/100
|
|-heal|p2a: King|88/100|[from] item: Leftovers
|-status|p1a: Gliscor|tox|[from] item: Toxic Orb
|upkeep
|turn|13
|
|t:|1776144418
|-end|p2a: King|fallenundefined|[silent]
|switch|p2a: birdd|Zapdos, shiny|55/100
|move|p1a: Gliscor|Earthquake|p2a: birdd
|-immune|p2a: birdd
|
|-heal|p1a: Gliscor|100/100 tox|[from] ability: Poison Heal
|upkeep
|turn|14
|
|t:|1776144426
|move|p2a: birdd|Roost|p2a: birdd
|-heal|p2a: birdd|100/100
|-singleturn|p2a: birdd|move: Roost
|move|p1a: Gliscor|Earthquake|p2a: birdd
|-supereffective|p2a: birdd
|-damage|p2a: birdd|51/100
|
|upkeep
|turn|15
|
|t:|1776144435
|move|p2a: birdd|Heat Wave|p1a: Gliscor
|-damage|p1a: Gliscor|68/100 tox
|move|p1a: Gliscor|Taunt|p2a: birdd
|-start|p2a: birdd|move: Taunt
|
|-heal|p1a: Gliscor|81/100 tox|[from] ability: Poison Heal
|upkeep
|turn|16
|inactive|surfanddiv has 90 seconds left.
|
|t:|1776144443
|move|p1a: Gliscor|Protect|p1a: Gliscor
|-singleturn|p1a: Gliscor|Protect
|move|p2a: birdd|Heat Wave|p1a: Gliscor
|-activate|p1a: Gliscor|move: Protect
|
|-heal|p1a: Gliscor|93/100 tox|[from] ability: Poison Heal
|upkeep
|turn|17
|
|t:|1776144455
|move|p2a: birdd|Heat Wave|p1a: Gliscor
|-damage|p1a: Gliscor|62/100 tox
|move|p1a: Gliscor|Taunt||[still]
|-fail|p1a: Gliscor
|
|-heal|p1a: Gliscor|74/100 tox|[from] ability: Poison Heal
|upkeep
|turn|18
|
|t:|1776144461
|move|p1a: Gliscor|Protect|p1a: Gliscor
|-singleturn|p1a: Gliscor|Protect
|move|p2a: birdd|Heat Wave|p1a: Gliscor
|-activate|p1a: Gliscor|move: Protect
|
|-heal|p1a: Gliscor|87/100 tox|[from] ability: Poison Heal
|-end|p2a: birdd|move: Taunt
|upkeep
|turn|19
|
|t:|1776144469
|move|p2a: birdd|Heat Wave|p1a: Gliscor
|-damage|p1a: Gliscor|57/100 tox
|move|p1a: Gliscor|Earthquake|p2a: birdd
|-immune|p2a: birdd
|
|-heal|p1a: Gliscor|69/100 tox|[from] ability: Poison Heal
|upkeep
|turn|20
|inactive|surfanddiv has 120 seconds left.
|
|t:|1776144496
|switch|p2a: Ogerpon|Ogerpon-Wellspring, F|22/100
|-damage|p2a: Ogerpon|0 fnt|[from] Spikes
|faint|p2a: Ogerpon
|move|p1a: Gliscor|Earthquake|p2: Ogerpon|[notarget]
|-fail|p1a: Gliscor
|
|-heal|p1a: Gliscor|82/100 tox|[from] ability: Poison Heal
|upkeep
|
|t:|1776144511
|switch|p2a: Cool^|Darkrai, shiny|100/100
|-damage|p2a: Cool^|76/100|[from] Spikes
|turn|21
|
|t:|1776144517
|move|p2a: Cool^|Ice Beam|p1a: Gliscor
|-supereffective|p1a: Gliscor
|-damage|p1a: Gliscor|0 fnt
|faint|p1a: Gliscor
|-damage|p2a: Cool^|66/100|[from] item: Life Orb
|
|upkeep
|
|t:|1776144527
|switch|p1a: Samurott|Samurott-Hisui, M, tera:Dark|57/100 par
|-damage|p1a: Samurott|44/100 par|[from] Spikes
|turn|22
|
|t:|1776144549
|move|p2a: Cool^|Sludge Bomb|p1a: Samurott
|-damage|p1a: Samurott|0 fnt
|faint|p1a: Samurott
|-damage|p2a: Cool^|56/100|[from] item: Life Orb
|
|upkeep
|
|t:|1776144554
|switch|p1a: Dragapult|Dragapult, F|100/100 par
|-damage|p1a: Dragapult|88/100 par|[from] Spikes
|turn|23
|
|t:|1776144563
|switch|p1a: Kingambit|Kingambit, F|100/100
|-damage|p1a: Kingambit|88/100|[from] Spikes
|-activate|p1a: Kingambit|ability: Supreme Overlord
|-start|p1a: Kingambit|fallen3|[silent]
|move|p2a: Cool^|Dark Pulse|p1a: Kingambit
|-resisted|p1a: Kingambit
|-damage|p1a: Kingambit|59/100
|-damage|p2a: Cool^|46/100|[from] item: Life Orb
|
|upkeep
|turn|24
|inactive|surfanddiv has 90 seconds left.
|
|t:|1776144599
|switch|p2a: Heatran|Heatran, F, shiny|100/100
|-damage|p2a: Heatran|76/100|[from] Spikes
|move|p1a: Kingambit|Swords Dance|p1a: Kingambit
|-boost|p1a: Kingambit|atk|2
|
|-heal|p2a: Heatran|82/100|[from] item: Leftovers
|upkeep
|turn|25
|
|t:|1776144616
|move|p1a: Kingambit|Sucker Punch|p2a: Heatran
|-damage|p2a: Heatran|0 fnt
|faint|p2a: Heatran
|
|upkeep
|
|t:|1776144626
|switch|p2a: birdd|Zapdos, shiny|51/100
|turn|26
|
|t:|1776144639
|move|p1a: Kingambit|Sucker Punch||[still]
|-fail|p1a: Kingambit
|move|p2a: birdd|Roost|p2a: birdd
|-heal|p2a: birdd|100/100
|-singleturn|p2a: birdd|move: Roost
|
|upkeep
|turn|27
|inactive|surfanddiv has 90 seconds left.
|
|t:|1776144647
|move|p1a: Kingambit|Sucker Punch||[still]
|-fail|p1a: Kingambit
|move|p2a: birdd|Thunder Wave|p1a: Kingambit
|-status|p1a: Kingambit|par
|
|upkeep
|turn|28
|
|t:|1776144654
|move|p1a: Kingambit|Sucker Punch|p2a: birdd
|-damage|p2a: birdd|14/100
|move|p2a: birdd|Heat Wave|p1a: Kingambit
|-supereffective|p1a: Kingambit
|-damage|p1a: Kingambit|7/100 par
|
|upkeep
|turn|29
|
|t:|1776144666
|move|p2a: birdd|Roost|p2a: birdd
|-heal|p2a: birdd|64/100
|-singleturn|p2a: birdd|move: Roost
|move|p1a: Kingambit|Kowtow Cleave|p2a: birdd
|-damage|p2a: birdd|0 fnt
|faint|p2a: birdd
|
|upkeep
|inactive|surfanddiv has 90 seconds left.
|
|t:|1776144678
|switch|p2a: King|Kingambit, M|88/100
|-damage|p2a: King|63/100|[from] Spikes
|-activate|p2a: King|ability: Supreme Overlord
|-start|p2a: King|fallen3|[silent]
|turn|30
|
|t:|1776144685
|move|p2a: King|Sucker Punch|p1a: Kingambit
|-resisted|p1a: Kingambit
|-damage|p1a: Kingambit|0 fnt
|faint|p1a: Kingambit
|-end|p1a: Kingambit|fallen3|[silent]
|
|-heal|p2a: King|69/100|[from] item: Leftovers
|upkeep
|
|t:|1776144692
|switch|p1a: Gholdengo|Gholdengo|100/100
|-item|p1a: Gholdengo|Air Balloon
|turn|31
|inactive|surfanddiv has 90 seconds left.
|
|t:|1776144726
|-terastallize|p2a: King|Ghost
|move|p1a: Gholdengo|Nasty Plot|p1a: Gholdengo
|-boost|p1a: Gholdengo|spa|2
|move|p2a: King|Swords Dance|p2a: King
|-boost|p2a: King|atk|2
|
|-heal|p2a: King|76/100|[from] item: Leftovers
|upkeep
|turn|32
|
|t:|1776144737
|move|p2a: King|Sucker Punch|p1a: Gholdengo
|-supereffective|p1a: Gholdengo
|-damage|p1a: Gholdengo|0 fnt
|-enditem|p1a: Gholdengo|Air Balloon
|faint|p1a: Gholdengo
|
|-heal|p2a: King|82/100|[from] item: Leftovers
|upkeep
|
|t:|1776144743
|switch|p1a: Dragapult|Dragapult, F|88/100 par
|-damage|p1a: Dragapult|76/100 par|[from] Spikes
|turn|33
|
|t:|1776144750
|move|p2a: King|Sucker Punch|p1a: Dragapult
|-supereffective|p1a: Dragapult
|-damage|p1a: Dragapult|0 fnt
|faint|p1a: Dragapult
|
|win|surfanddiv
|raw|4savar's rating: 1135 &rarr; <strong>1113</strong><br />(-22 for losing)
|raw|surfanddiv's rating: 1171 &rarr; <strong>1193</strong><br />(+22 for winning)
|l|☆4savar
|player|p1|
