|html|<div class="broadcast-blue"><strong>[Gen 9] OU is currently suspecting Tera Blast! For information on how to participate check out the <a href="https://www.smogon.com/tools/suspects/view/200">suspect thread</a>.</strong></div>
|j|☆oblizzy
|j|☆DeathMelMetal
|t:|1776043637
|gametype|singles
|player|p1|oblizzy|skierf|1489
|player|p2|DeathMelMetal|roxie|1512
|gen|9
|tier|[Gen 9] OU
|rated|
|rule|HP Percentage Mod: HP is shown in percentages
|rule|Endless Battle Clause: Forcing endless battles is banned
|rule|Species Clause: Limit one of each Pokémon
|rule|OHKO Clause: OHKO moves are banned
|rule|Evasion Items Clause: Evasion items are banned
|rule|Evasion Moves Clause: Evasion moves are banned
|rule|Evasion Abilities Clause: Evasion abilities are banned
|rule|Sleep Moves Clause: Sleep-inducing moves are banned
|clearpoke
|poke|p1|Regidrago|
|poke|p1|Corviknight, M|
|poke|p1|Weezing-Galar, F|
|poke|p1|Iron Crown|
|poke|p1|Gliscor, M|
|poke|p1|Samurott-Hisui, F|
|poke|p2|Mamoswine, M|
|poke|p2|Primarina, M|
|poke|p2|Cinderace, M|
|poke|p2|Empoleon, F|
|poke|p2|Landorus-Therian, M|
|poke|p2|Muk-Alola, M|
|teampreview
|
|t:|1776043662
|teamsize|p1|6
|teamsize|p2|6
|start
|switch|p1a: Gliscor|Gliscor, M|100/100
|switch|p2a: Landorus|Landorus-Therian, M|100/100
|-ability|p2a: Landorus|Intimidate|boost
|-unboost|p1a: Gliscor|atk|1
|turn|1
|
|t:|1776043675
|move|p2a: Landorus|Taunt|p1a: Gliscor
|-start|p1a: Gliscor|move: Taunt
|cant|p1a: Gliscor|move: Taunt|Stealth Rock
|
|-status|p1a: Gliscor|tox|[from] item: Toxic Orb
|upkeep
|turn|2
|
|t:|1776043678
|move|p2a: Landorus|Stealth Rock|p1a: Gliscor
|-sidestart|p1: oblizzy|move: Stealth Rock
|move|p1a: Gliscor|Knock Off|p2a: Landorus
|-damage|p2a: Landorus|87/100
|-damage|p1a: Gliscor|84/100 tox|[from] item: Rocky Helmet|[of] p2a: Landorus
|-enditem|p2a: Landorus|Rocky Helmet|[from] move: Knock Off|[of] p1a: Gliscor
|
|-heal|p1a: Gliscor|96/100 tox|[from] ability: Poison Heal
|upkeep
|turn|3
|
|t:|1776043683
|move|p2a: Landorus|U-turn|p1a: Gliscor
|-resisted|p1a: Gliscor
|-damage|p1a: Gliscor|89/100 tox
|
|t:|1776043707
|switch|p2a: Primarina|Primarina, M|100/100|[from] U-turn
|move|p1a: Gliscor|Knock Off|p2a: Primarina
|-resisted|p2a: Primarina
|-damage|p2a: Primarina|91/100
|-enditem|p2a: Primarina|Choice Specs|[from] move: Knock Off|[of] p1a: Gliscor
|
|-heal|p1a: Gliscor|100/100 tox|[from] ability: Poison Heal
|-end|p1a: Gliscor|move: Taunt
|upkeep
|turn|4
|
|t:|1776043724
|move|p1a: Gliscor|Protect|p1a: Gliscor
|-singleturn|p1a: Gliscor|Protect
|move|p2a: Primarina|Hydro Pump|p1a: Gliscor
|-activate|p1a: Gliscor|move: Protect
|
|upkeep
|turn|5
|
|t:|1776043733
|switch|p1a: Corviknight|Corviknight, M|100/100
|-damage|p1a: Corviknight|88/100|[from] Stealth Rock
|-ability|p1a: Corviknight|Pressure
|move|p2a: Primarina|Hydro Pump|p1a: Corviknight
|-damage|p1a: Corviknight|47/100
|
|-heal|p1a: Corviknight|53/100|[from] item: Leftovers
|upkeep
|turn|6
|
|t:|1776043743
|-terastallize|p2a: Primarina|Water
|move|p2a: Primarina|Hydro Pump|p1a: Corviknight
|-damage|p1a: Corviknight|0 fnt
|faint|p1a: Corviknight
|
|upkeep
|
|t:|1776043755
|switch|p1a: Regidrago|Regidrago|100/100
|-damage|p1a: Regidrago|88/100|[from] Stealth Rock
|turn|7
|
|t:|1776043764
|switch|p2a: Empoleon|Empoleon, F|100/100
|-terastallize|p1a: Regidrago|Dragon
|move|p1a: Regidrago|Dragon Energy|p2a: Empoleon
|-resisted|p2a: Empoleon
|-damage|p2a: Empoleon|66/100
|
|-heal|p2a: Empoleon|72/100|[from] item: Leftovers
|upkeep
|turn|8
|
|t:|1776043777
|switch|p1a: Gliscor|Gliscor, M|100/100 tox
|-damage|p1a: Gliscor|88/100 tox|[from] Stealth Rock
|move|p2a: Empoleon|Flip Turn|p1a: Gliscor
|-supereffective|p1a: Gliscor
|-damage|p1a: Gliscor|61/100 tox
|
|t:|1776043781
|switch|p2a: Primarina|Primarina, M, tera:Water|91/100|[from] Flip Turn
|
|-heal|p1a: Gliscor|73/100 tox|[from] ability: Poison Heal
|upkeep
|turn|9
|
|t:|1776043785
|move|p1a: Gliscor|Protect|p1a: Gliscor
|-singleturn|p1a: Gliscor|Protect
|move|p2a: Primarina|Hydro Pump|p1a: Gliscor
|-activate|p1a: Gliscor|move: Protect
|
|-heal|p1a: Gliscor|86/100 tox|[from] ability: Poison Heal
|upkeep
|turn|10
|
|t:|1776043788
|move|p1a: Gliscor|Earthquake|p2a: Primarina
|-damage|p2a: Primarina|41/100
|move|p2a: Primarina|Hydro Pump|p1a: Gliscor|[miss]
|-miss|p2a: Primarina|p1a: Gliscor
|
|-heal|p1a: Gliscor|98/100 tox|[from] ability: Poison Heal
|upkeep
|turn|11
|
|t:|1776043797
|switch|p2a: Landorus|Landorus-Therian, M|87/100
|-ability|p2a: Landorus|Intimidate|boost
|-unboost|p1a: Gliscor|atk|1
|move|p1a: Gliscor|Stealth Rock|p2a: Landorus
|-sidestart|p2: DeathMelMetal|move: Stealth Rock
|
|-heal|p1a: Gliscor|100/100 tox|[from] ability: Poison Heal
|upkeep
|turn|12
|
|t:|1776043801
|move|p2a: Landorus|Taunt|p1a: Gliscor
|-start|p1a: Gliscor|move: Taunt
|move|p1a: Gliscor|Knock Off|p2a: Landorus
|-damage|p2a: Landorus|77/100
|
|upkeep
|turn|13
|
|t:|1776043815
|move|p2a: Landorus|Scorching Sands|p1a: Gliscor
|-immune|p1a: Gliscor
|move|p1a: Gliscor|Knock Off|p2a: Landorus
|-damage|p2a: Landorus|69/100
|
|upkeep
|turn|14
|
|t:|1776043840
|move|p2a: Landorus|Scorching Sands|p1a: Gliscor
|-immune|p1a: Gliscor
|move|p1a: Gliscor|Knock Off|p2a: Landorus
|-damage|p2a: Landorus|60/100
|
|-end|p1a: Gliscor|move: Taunt
|upkeep
|turn|15
|
|t:|1776043842
|move|p2a: Landorus|U-turn|p1a: Gliscor
|-resisted|p1a: Gliscor
|-damage|p1a: Gliscor|92/100 tox
|
|t:|1776043865
|switch|p2a: Primarina|Primarina, M, tera:Water|41/100|[from] U-turn
|-damage|p2a: Primarina|29/100|[from] Stealth Rock
|move|p1a: Gliscor|Knock Off|p2a: Primarina
|-damage|p2a: Primarina|16/100
|
|-heal|p1a: Gliscor|100/100 tox|[from] ability: Poison Heal
|upkeep
|turn|16
|
|t:|1776043873
|move|p1a: Gliscor|Earthquake|p2a: Primarina
|-damage|p2a: Primarina|0 fnt
|faint|p2a: Primarina
|
|upkeep
|
|t:|1776043877
|switch|p2a: Mamoswine|Mamoswine, M|100/100
|-damage|p2a: Mamoswine|88/100|[from] Stealth Rock
|turn|17
|
|t:|1776043885
|move|p1a: Gliscor|Protect|p1a: Gliscor
|-singleturn|p1a: Gliscor|Protect
|move|p2a: Mamoswine|Icicle Crash|p1a: Gliscor
|-activate|p1a: Gliscor|move: Protect
|
|upkeep
|turn|18
|
|t:|1776043905
|switch|p1a: Samurott|Samurott-Hisui, F|100/100
|-damage|p1a: Samurott|88/100|[from] Stealth Rock
|move|p2a: Mamoswine|Icicle Crash|p1a: Samurott
|-resisted|p1a: Samurott
|-damage|p1a: Samurott|38/100
|
|upkeep
|turn|19
|
|t:|1776043939
|switch|p1a: Weezing|Weezing-Galar, F|100/100
|-ability|p1a: Weezing|Neutralizing Gas
|-damage|p1a: Weezing|88/100|[from] Stealth Rock
|switch|p2a: Landorus|Landorus-Therian, M|60/100
|-damage|p2a: Landorus|47/100|[from] Stealth Rock
|
|-heal|p1a: Weezing|94/100|[from] item: Leftovers
|upkeep
|turn|20
|
|t:|1776043947
|move|p2a: Landorus|Scorching Sands|p1a: Weezing
|-supereffective|p1a: Weezing
|-damage|p1a: Weezing|20/100
|move|p1a: Weezing|Defog|p2a: Landorus
|-unboost|p2a: Landorus|evasion|1
|-sideend|p2: DeathMelMetal|Stealth Rock|[from] move: Defog|[of] p1a: Weezing
|-sideend|p1: oblizzy|Stealth Rock|[from] move: Defog|[of] p1a: Weezing
|
|-heal|p1a: Weezing|26/100|[from] item: Leftovers
|upkeep
|turn|21
|
|t:|1776043958
|move|p1a: Weezing|Protect|p1a: Weezing
|-singleturn|p1a: Weezing|Protect
|move|p2a: Landorus|Taunt|p1a: Weezing
|-activate|p1a: Weezing|move: Protect
|
|-heal|p1a: Weezing|32/100|[from] item: Leftovers
|upkeep
|turn|22
|
|t:|1776043964
|-end|p1a: Weezing|ability: Neutralizing Gas
|-ability|p2a: Landorus|Intimidate|boost
|-unboost|p1a: Weezing|atk|1
|switch|p1a: Regidrago|Regidrago, tera:Dragon|88/100
|move|p2a: Landorus|U-turn|p1a: Regidrago
|-damage|p1a: Regidrago|67/100
|
|t:|1776043979
|switch|p2a: Empoleon|Empoleon, F|72/100|[from] U-turn
|
|-heal|p2a: Empoleon|78/100|[from] item: Leftovers
|upkeep
|turn|23
|
|t:|1776043989
|switch|p1a: Samurott|Samurott-Hisui, F|38/100
|move|p2a: Empoleon|Flip Turn|p1a: Samurott
|-resisted|p1a: Samurott
|-damage|p1a: Samurott|27/100
|
|t:|1776043994
|switch|p2a: Cinderace|Cinderace, M|100/100|[from] Flip Turn
|
|upkeep
|turn|24
|
|t:|1776044007
|move|p1a: Samurott|Sucker Punch|p2a: Cinderace
|-damage|p2a: Cinderace|36/100
|move|p2a: Cinderace|U-turn|p1a: Samurott
|-supereffective|p1a: Samurott
|-crit|p1a: Samurott
|-damage|p1a: Samurott|0 fnt
|faint|p1a: Samurott
|
|t:|1776044020
|switch|p2a: Muk|Muk-Alola, M|100/100|[from] U-turn
|
|upkeep
|
|t:|1776044029
|switch|p1a: Gliscor|Gliscor, M|100/100 tox
|turn|25
|
|t:|1776044042
|switch|p2a: Mamoswine|Mamoswine, M|88/100
|move|p1a: Gliscor|Earthquake|p2a: Mamoswine
|-damage|p2a: Mamoswine|47/100
|
|upkeep
|turn|26
|
|t:|1776044049
|move|p1a: Gliscor|Protect|p1a: Gliscor
|-singleturn|p1a: Gliscor|Protect
|move|p2a: Mamoswine|Icicle Crash|p1a: Gliscor
|-activate|p1a: Gliscor|move: Protect
|
|upkeep
|turn|27
|
|t:|1776044052
|switch|p1a: Weezing|Weezing-Galar, F|32/100
|-ability|p1a: Weezing|Neutralizing Gas
|move|p2a: Mamoswine|Icicle Crash|p1a: Weezing
|-damage|p1a: Weezing|0 fnt
|faint|p1a: Weezing
|-end|p1a: Weezing|ability: Neutralizing Gas
|
|upkeep
|
|t:|1776044053
|switch|p1a: Iron Crown|Iron Crown|100/100
|turn|28
|
|t:|1776044069
|switch|p2a: Muk|Muk-Alola, M|100/100
|move|p1a: Iron Crown|Volt Switch|p2a: Muk
|-damage|p2a: Muk|86/100
|
|t:|1776044079
|-end|p1a: Iron Crown|Quark Drive|[silent]
|switch|p1a: Gliscor|Gliscor, M|100/100 tox|[from] Volt Switch
|
|upkeep
|turn|29
|
|t:|1776044100
|switch|p1a: Regidrago|Regidrago, tera:Dragon|67/100
|switch|p2a: Landorus|Landorus-Therian, M|47/100
|-ability|p2a: Landorus|Intimidate|boost
|-unboost|p1a: Regidrago|atk|1
|
|upkeep
|turn|30
|
|t:|1776044108
|move|p1a: Regidrago|Dragon Energy|p2a: Landorus
|-damage|p2a: Landorus|0 fnt
|faint|p2a: Landorus
|
|upkeep
|
|t:|1776044112
|switch|p2a: Empoleon|Empoleon, F|78/100
|turn|31
|
|t:|1776044122
|switch|p1a: Iron Crown|Iron Crown|100/100
|move|p2a: Empoleon|Hydro Pump|p1a: Iron Crown
|-damage|p1a: Iron Crown|56/100
|
|-heal|p2a: Empoleon|84/100|[from] item: Leftovers
|upkeep
|turn|32
|
|t:|1776044143
|move|p1a: Iron Crown|Volt Switch|p2a: Empoleon
|-supereffective|p2a: Empoleon
|-damage|p2a: Empoleon|39/100
|
|t:|1776044149
|-end|p1a: Iron Crown|Quark Drive|[silent]
|switch|p1a: Regidrago|Regidrago, tera:Dragon|67/100|[from] Volt Switch
|move|p2a: Empoleon|Hydro Pump|p1a: Regidrago
|-resisted|p1a: Regidrago
|-damage|p1a: Regidrago|45/100
|
|-heal|p2a: Empoleon|45/100|[from] item: Leftovers
|upkeep
|turn|33
|
|t:|1776044155
|move|p1a: Regidrago|Draco Meteor|p2a: Empoleon
|-resisted|p2a: Empoleon
|-damage|p2a: Empoleon|6/100
|-unboost|p1a: Regidrago|spa|2
|move|p2a: Empoleon|Roost|p2a: Empoleon
|-heal|p2a: Empoleon|56/100
|-singleturn|p2a: Empoleon|move: Roost
|
|-heal|p2a: Empoleon|62/100|[from] item: Leftovers
|upkeep
|turn|34
|-message|oblizzy forfeited.
|
|win|DeathMelMetal
|raw|oblizzy's rating: 1489 &rarr; <strong>1470</strong><br />(-19 for losing)
|raw|DeathMelMetal's rating: 1512 &rarr; <strong>1531</strong><br />(+19 for winning)
|c|☆oblizzy|gg
|c|☆DeathMelMetal|gg
|l|☆oblizzy
|player|p1|
|c|☆DeathMelMetal|empo
|l|☆DeathMelMetal
|player|p2|
|j|☆DeathMelMetal
|player|p2|DeathMelMetal|roxie|
