|html|<div class="broadcast-blue"><strong>[Gen 9] OU is currently suspecting Volcarona! For information on how to participate check out the <a href="https://www.smogon.com/tools/suspects/view/208">suspect thread</a>.</strong></div>
|j|☆Player569m
|j|☆primar
|t:|1778517551
|gametype|singles
|player|p1|Player569m|265|1400
|player|p2|primar|caitlin|1488
|gen|9
|tier|[Gen 9] OU
|rated|
|rule|HP Percentage Mod: HP is shown in percentages
|rule|Endless Battle Clause: Forcing endless battles is banned
|rule|Species Clause: Limit one of each Pokémon
|rule|OHKO Clause: OHKO moves are banned
|rule|Evasion Items Clause: Evasion items are banned
|rule|Evasion Moves Clause: Evasion moves are banned
|rule|Evasion Abilities Clause: Evasion abilities are banned
|rule|Sleep Moves Clause: Sleep-inducing moves are banned
|clearpoke
|poke|p1|Kingambit, F|
|poke|p1|Torkoal, M|
|poke|p1|Ninetales-Alola, F|
|poke|p1|Pecharunt|
|poke|p1|Walking Wake|
|poke|p1|Brute Bonnet|
|poke|p2|Primarina, F|
|poke|p2|Dragapult, M|
|poke|p2|Slowking-Galar, F|
|poke|p2|Corviknight, F|
|poke|p2|Ting-Lu|
|poke|p2|Samurott-Hisui, F|
|teampreview
|inactive|Battle timer is ON: inactive players will automatically lose when time's up. (requested by primar)
|
|t:|1778517557
|teamsize|p1|6
|teamsize|p2|6
|start
|switch|p1a: Ninetales|Ninetales-Alola, F, shiny|100/100
|switch|p2a: Slowking|Slowking-Galar, F|100/100
|-weather|Snowscape|[from] ability: Snow Warning|[of] p1a: Ninetales
|turn|1
|
|t:|1778517576
|move|p1a: Ninetales|Aurora Veil|p1a: Ninetales
|-sidestart|p1: Player569m|move: Aurora Veil
|move|p2a: Slowking|Sludge Bomb|p1a: Ninetales
|-supereffective|p1a: Ninetales
|-damage|p1a: Ninetales|63/100
|-status|p1a: Ninetales|psn
|
|-weather|Snowscape|[upkeep]
|-damage|p1a: Ninetales|50/100 psn|[from] psn
|upkeep
|turn|2
|
|t:|1778517584
|switch|p1a: Torkoal|Torkoal, M, shiny|100/100
|-weather|SunnyDay|[from] ability: Drought|[of] p1a: Torkoal
|move|p2a: Slowking|Future Sight|p1a: Torkoal
|-start|p2a: Slowking|move: Future Sight
|
|-weather|SunnyDay|[upkeep]
|upkeep
|turn|3
|
|t:|1778517594
|-prepare|p2a: Slowking|Chilly Reception|[premajor]
|move|p2a: Slowking|Chilly Reception|p2a: Slowking
|-weather|Snowscape
|
|t:|1778517598
|switch|p2a: Primarina|Primarina, F, shiny|100/100|[from] Chilly Reception
|move|p1a: Torkoal|Stealth Rock|p2a: Primarina
|-sidestart|p2: primar|move: Stealth Rock
|
|-weather|Snowscape|[upkeep]
|upkeep
|turn|4
|
|t:|1778517618
|switch|p1a: Pecharunt|Pecharunt|100/100
|move|p2a: Primarina|Surf|p1a: Pecharunt
|-damage|p1a: Pecharunt|77/100
|
|-weather|Snowscape|[upkeep]
|-end|p1a: Pecharunt|move: Future Sight
|-supereffective|p1a: Pecharunt
|-damage|p1a: Pecharunt|37/100
|upkeep
|turn|5
|
|t:|1778517629
|move|p1a: Pecharunt|Recover|p1a: Pecharunt
|-heal|p1a: Pecharunt|87/100
|move|p2a: Primarina|Flip Turn|p1a: Pecharunt
|-damage|p1a: Pecharunt|82/100
|
|t:|1778517632
|switch|p2a: Dragapult|Dragapult, M|100/100|[from] Flip Turn
|-damage|p2a: Dragapult|88/100|[from] Stealth Rock
|
|-weather|Snowscape|[upkeep]
|upkeep
|turn|6
|
|t:|1778517641
|move|p2a: Dragapult|Shadow Ball|p1a: Pecharunt
|-supereffective|p1a: Pecharunt
|-crit|p1a: Pecharunt
|-damage|p1a: Pecharunt|0 fnt
|faint|p1a: Pecharunt
|
|-weather|Snowscape|[upkeep]
|upkeep
|
|t:|1778517653
|switch|p1a: Torkoal|Torkoal, M, shiny|100/100
|-weather|SunnyDay|[from] ability: Drought|[of] p1a: Torkoal
|turn|7
|
|t:|1778517674
|switch|p2a: Slowking|Slowking-Galar, F|100/100
|move|p1a: Torkoal|Flare Blitz|p2a: Slowking
|-damage|p2a: Slowking|48/100
|-damage|p1a: Torkoal|77/100|[from] Recoil
|
|-weather|SunnyDay|[upkeep]
|upkeep
|turn|8
|
|t:|1778517684
|switch|p2a: Ting-Lu|Ting-Lu|100/100
|-damage|p2a: Ting-Lu|94/100|[from] Stealth Rock
|-ability|p2a: Ting-Lu|Vessel of Ruin
|move|p1a: Torkoal|Earthquake|p2a: Ting-Lu
|-damage|p2a: Ting-Lu|79/100
|
|-weather|SunnyDay|[upkeep]
|-heal|p2a: Ting-Lu|85/100|[from] item: Leftovers
|-sideend|p1: Player569m|move: Aurora Veil
|upkeep
|turn|9
|
|t:|1778517701
|switch|p1a: Ninetales|Ninetales-Alola, F, shiny|50/100 psn
|-weather|Snowscape|[from] ability: Snow Warning|[of] p1a: Ninetales
|move|p2a: Ting-Lu|Ruination|p1a: Ninetales
|-damage|p1a: Ninetales|26/100 psn
|
|-weather|Snowscape|[upkeep]
|-heal|p2a: Ting-Lu|91/100|[from] item: Leftovers
|-damage|p1a: Ninetales|13/100 psn|[from] psn
|upkeep
|turn|10
|
|t:|1778517714
|move|p1a: Ninetales|Aurora Veil|p1a: Ninetales
|-sidestart|p1: Player569m|move: Aurora Veil
|move|p2a: Ting-Lu|Stealth Rock|p1a: Ninetales
|-sidestart|p1: Player569m|move: Stealth Rock
|
|-weather|Snowscape|[upkeep]
|-heal|p2a: Ting-Lu|97/100|[from] item: Leftovers
|-damage|p1a: Ninetales|1/100 psn|[from] psn
|upkeep
|turn|11
|
|t:|1778517725
|switch|p1a: Torkoal|Torkoal, M, shiny|77/100
|-weather|SunnyDay|[from] ability: Drought|[of] p1a: Torkoal
|switch|p2a: Samurott|Samurott-Hisui, F|100/100
|
|-weather|SunnyDay|[upkeep]
|upkeep
|turn|12
|
|t:|1778517735
|move|p2a: Samurott|Knock Off|p1a: Torkoal
|-damage|p1a: Torkoal|58/100
|-enditem|p1a: Torkoal|Heavy-Duty Boots|[from] move: Knock Off|[of] p2a: Samurott
|move|p1a: Torkoal|Rapid Spin|p2a: Samurott
|-damage|p2a: Samurott|83/100
|-boost|p1a: Torkoal|spe|1
|-sideend|p1: Player569m|Stealth Rock|[from] move: Rapid Spin|[of] p1a: Torkoal
|
|-weather|SunnyDay|[upkeep]
|upkeep
|turn|13
|
|t:|1778517747
|switch|p1a: Brute Bonnet|Brute Bonnet, shiny|100/100
|-activate|p1a: Brute Bonnet|ability: Protosynthesis
|-start|p1a: Brute Bonnet|protosynthesisatk
|move|p2a: Samurott|Ceaseless Edge|p1a: Brute Bonnet|[miss]
|-miss|p2a: Samurott|p1a: Brute Bonnet
|
|-weather|SunnyDay|[upkeep]
|upkeep
|turn|14
|
|t:|1778517769
|switch|p2a: Corviknight|Corviknight, F|100/100
|-damage|p2a: Corviknight|88/100|[from] Stealth Rock
|-ability|p2a: Corviknight|Pressure
|move|p1a: Brute Bonnet|Growth|p1a: Brute Bonnet
|-boost|p1a: Brute Bonnet|atk|2
|-boost|p1a: Brute Bonnet|spa|2
|
|-weather|SunnyDay|[upkeep]
|upkeep
|turn|15
|
|t:|1778517782
|move|p2a: Corviknight|U-turn|p1a: Brute Bonnet
|-supereffective|p1a: Brute Bonnet
|-damage|p1a: Brute Bonnet|72/100
|
|t:|1778517787
|switch|p2a: Ting-Lu|Ting-Lu|97/100|[from] U-turn
|-damage|p2a: Ting-Lu|91/100|[from] Stealth Rock
|-ability|p2a: Ting-Lu|Vessel of Ruin
|move|p1a: Brute Bonnet|Growth|p1a: Brute Bonnet
|-boost|p1a: Brute Bonnet|atk|2
|-boost|p1a: Brute Bonnet|spa|2
|
|-weather|none
|-end|p1a: Brute Bonnet|Protosynthesis
|-heal|p2a: Ting-Lu|97/100|[from] item: Leftovers
|upkeep
|-enditem|p1a: Brute Bonnet|Booster Energy
|-activate|p1a: Brute Bonnet|ability: Protosynthesis|[fromitem]
|-start|p1a: Brute Bonnet|protosynthesisatk
|turn|16
|
|t:|1778517807
|-terastallize|p2a: Ting-Lu|Poison
|move|p1a: Brute Bonnet|Giga Drain|p2a: Ting-Lu
|-resisted|p2a: Ting-Lu
|-damage|p2a: Ting-Lu|81/100
|-heal|p1a: Brute Bonnet|84/100|[from] drain|[of] p2a: Ting-Lu
|move|p2a: Ting-Lu|Whirlwind|p1a: Brute Bonnet
|-end|p1a: Brute Bonnet|Protosynthesis|[silent]
|drag|p1a: Torkoal|Torkoal, M, shiny|58/100
|-weather|SunnyDay|[from] ability: Drought|[of] p1a: Torkoal
|
|-weather|SunnyDay|[upkeep]
|-heal|p2a: Ting-Lu|87/100|[from] item: Leftovers
|upkeep
|turn|17
|
|t:|1778517825
|move|p2a: Ting-Lu|Stealth Rock|p1a: Torkoal
|-sidestart|p1: Player569m|move: Stealth Rock
|move|p1a: Torkoal|Earthquake|p2a: Ting-Lu
|-supereffective|p2a: Ting-Lu
|-damage|p2a: Ting-Lu|56/100
|
|-weather|SunnyDay|[upkeep]
|-heal|p2a: Ting-Lu|62/100|[from] item: Leftovers
|-sideend|p1: Player569m|move: Aurora Veil
|upkeep
|turn|18
|
|t:|1778517831
|switch|p2a: Dragapult|Dragapult, M|88/100
|-damage|p2a: Dragapult|76/100|[from] Stealth Rock
|move|p1a: Torkoal|Earthquake|p2a: Dragapult
|-damage|p2a: Dragapult|35/100
|
|-weather|SunnyDay|[upkeep]
|upkeep
|turn|19
|
|t:|1778517839
|move|p2a: Dragapult|Draco Meteor|p1a: Torkoal|[miss]
|-miss|p2a: Dragapult|p1a: Torkoal
|move|p1a: Torkoal|Earthquake|p2a: Dragapult
|-damage|p2a: Dragapult|0 fnt
|faint|p2a: Dragapult
|
|-weather|SunnyDay|[upkeep]
|upkeep
|
|t:|1778517846
|switch|p2a: Samurott|Samurott-Hisui, F|83/100
|turn|20
|
|t:|1778517866
|move|p2a: Samurott|Razor Shell|p1a: Torkoal
|-supereffective|p1a: Torkoal
|-damage|p1a: Torkoal|12/100
|-unboost|p1a: Torkoal|def|1
|move|p1a: Torkoal|Rapid Spin|p2a: Samurott
|-damage|p2a: Samurott|65/100
|-boost|p1a: Torkoal|spe|1
|-sideend|p1: Player569m|Stealth Rock|[from] move: Rapid Spin|[of] p1a: Torkoal
|
|-weather|none
|upkeep
|turn|21
|
|t:|1778517884
|switch|p1a: Brute Bonnet|Brute Bonnet, shiny|84/100
|move|p2a: Samurott|Ceaseless Edge|p1a: Brute Bonnet|[miss]
|-miss|p2a: Samurott|p1a: Brute Bonnet
|
|upkeep
|turn|22
|
|t:|1778517895
|move|p2a: Samurott|Sacred Sword|p1a: Brute Bonnet
|-supereffective|p1a: Brute Bonnet
|-damage|p1a: Brute Bonnet|1/100
|move|p1a: Brute Bonnet|Giga Drain|p2a: Samurott
|-supereffective|p2a: Samurott
|-damage|p2a: Samurott|0 fnt
|-heal|p1a: Brute Bonnet|29/100|[from] drain|[of] p2a: Samurott
|faint|p2a: Samurott
|
|upkeep
|
|t:|1778517903
|switch|p2a: Corviknight|Corviknight, F|88/100
|-damage|p2a: Corviknight|76/100|[from] Stealth Rock
|-ability|p2a: Corviknight|Pressure
|turn|23
|
|t:|1778517923
|-end|p1a: Brute Bonnet|Protosynthesis|[silent]
|switch|p1a: Walking Wake|Walking Wake|100/100
|-enditem|p1a: Walking Wake|Booster Energy
|-activate|p1a: Walking Wake|ability: Protosynthesis|[fromitem]
|-start|p1a: Walking Wake|protosynthesisspa
|move|p2a: Corviknight|U-turn|p1a: Walking Wake
|-damage|p1a: Walking Wake|85/100
|
|t:|1778517927
|switch|p2a: Primarina|Primarina, F, shiny|100/100|[from] U-turn
|-damage|p2a: Primarina|88/100|[from] Stealth Rock
|
|upkeep
|turn|24
|
|t:|1778517940
|-end|p1a: Walking Wake|Protosynthesis|[silent]
|switch|p1a: Brute Bonnet|Brute Bonnet, shiny|29/100
|move|p2a: Primarina|Moonblast|p1a: Brute Bonnet
|-supereffective|p1a: Brute Bonnet
|-damage|p1a: Brute Bonnet|0 fnt
|faint|p1a: Brute Bonnet
|-end|p1a: Brute Bonnet|Protosynthesis|[silent]
|
|upkeep
|
|t:|1778517946
|switch|p1a: Ninetales|Ninetales-Alola, F, shiny|1/100 psn
|-weather|Snowscape|[from] ability: Snow Warning|[of] p1a: Ninetales
|turn|25
|
|t:|1778517950
|move|p1a: Ninetales|Aurora Veil|p1a: Ninetales
|-sidestart|p1: Player569m|move: Aurora Veil
|move|p2a: Primarina|Flip Turn|p1a: Ninetales
|-damage|p1a: Ninetales|0 fnt
|faint|p1a: Ninetales
|
|t:|1778517954
|switch|p2a: Corviknight|Corviknight, F|76/100|[from] Flip Turn
|-damage|p2a: Corviknight|64/100|[from] Stealth Rock
|-ability|p2a: Corviknight|Pressure
|
|-weather|Snowscape|[upkeep]
|upkeep
|
|t:|1778517963
|switch|p1a: Torkoal|Torkoal, M, shiny|12/100
|-weather|SunnyDay|[from] ability: Drought|[of] p1a: Torkoal
|turn|26
|
|t:|1778517969
|move|p2a: Corviknight|Defog|p1a: Torkoal
|-unboost|p1a: Torkoal|evasion|1
|-sideend|p1: Player569m|move: Aurora Veil
|-sideend|p2: primar|Stealth Rock|[from] move: Defog|[of] p2a: Corviknight
|move|p1a: Torkoal|Flare Blitz|p2a: Corviknight
|-supereffective|p2a: Corviknight
|-damage|p2a: Corviknight|0 fnt
|-damage|p1a: Torkoal|0 fnt|[from] item: Rocky Helmet|[of] p2a: Corviknight
|faint|p2a: Corviknight
|faint|p1a: Torkoal
|
|-weather|SunnyDay|[upkeep]
|upkeep
|
|t:|1778517980
|switch|p2a: Primarina|Primarina, F, shiny|88/100
|switch|p1a: Walking Wake|Walking Wake|85/100
|-activate|p1a: Walking Wake|ability: Protosynthesis
|-start|p1a: Walking Wake|protosynthesisspa
|turn|27
|
|t:|1778517991
|-terastallize|p1a: Walking Wake|Fire
|move|p1a: Walking Wake|Flamethrower|p2a: Primarina
|-resisted|p2a: Primarina
|-damage|p2a: Primarina|60/100
|move|p2a: Primarina|Moonblast|p1a: Walking Wake
|-resisted|p1a: Walking Wake
|-damage|p1a: Walking Wake|55/100
|
|-weather|SunnyDay|[upkeep]
|upkeep
|turn|28
|
|t:|1778517999
|move|p1a: Walking Wake|Hydro Steam|p2a: Primarina
|-resisted|p2a: Primarina
|-damage|p2a: Primarina|38/100
|move|p2a: Primarina|Surf|p1a: Walking Wake
|-supereffective|p1a: Walking Wake
|-damage|p1a: Walking Wake|0 fnt
|faint|p1a: Walking Wake
|-end|p1a: Walking Wake|Protosynthesis|[silent]
|
|-weather|SunnyDay|[upkeep]
|upkeep
|
|t:|1778518006
|switch|p1a: Kingambit|Kingambit, F, shiny|100/100
|-activate|p1a: Kingambit|ability: Supreme Overlord
|-start|p1a: Kingambit|fallen5|[silent]
|turn|29
|
|t:|1778518008
|move|p2a: Primarina|Moonblast|p1a: Kingambit
|-damage|p1a: Kingambit|41/100
|move|p1a: Kingambit|Iron Head|p2a: Primarina
|-damage|p2a: Primarina|0 fnt
|faint|p2a: Primarina
|
|-weather|SunnyDay|[upkeep]
|-heal|p1a: Kingambit|47/100|[from] item: Leftovers
|upkeep
|
|t:|1778518012
|switch|p2a: Ting-Lu|Ting-Lu, tera:Poison|62/100
|-ability|p2a: Ting-Lu|Vessel of Ruin
|turn|30
|inactive|Player569m has 120 seconds left.
|
|t:|1778518057
|move|p1a: Kingambit|Iron Head|p2a: Ting-Lu
|-damage|p2a: Ting-Lu|27/100
|move|p2a: Ting-Lu|Earthquake|p1a: Kingambit
|-supereffective|p1a: Kingambit
|-damage|p1a: Kingambit|0 fnt
|faint|p1a: Kingambit
|-end|p1a: Kingambit|fallen5|[silent]
|
|win|primar
|raw|Player569m's rating: 1400 &rarr; <strong>1385</strong><br />(-15 for losing)
|raw|primar's rating: 1488 &rarr; <strong>1503</strong><br />(+15 for winning)
|c|☆primar|offensive torkoal huh...?
|l|☆primar
|player|p2|
