|html|<div class="broadcast-blue"><strong>[Gen 9] OU is currently suspecting Tera Blast! For information on how to participate check out the <a href="https://www.smogon.com/tools/suspects/view/200">suspect thread</a>.</strong></div>
|j|☆Blastoise_Choice
|j|☆rydenzhou
|t:|1776133449
|gametype|singles
|player|p1|Blastoise_Choice|101|1452
|player|p2|rydenzhou|169|1456
|gen|9
|tier|[Gen 9] OU
|rated|
|rule|HP Percentage Mod: HP is shown in percentages
|rule|Endless Battle Clause: Forcing endless battles is banned
|rule|Species Clause: Limit one of each Pokémon
|rule|OHKO Clause: OHKO moves are banned
|rule|Evasion Items Clause: Evasion items are banned
|rule|Evasion Moves Clause: Evasion moves are banned
|rule|Evasion Abilities Clause: Evasion abilities are banned
|rule|Sleep Moves Clause: Sleep-inducing moves are banned
|clearpoke
|poke|p1|Garganacl, M|
|poke|p1|Darkrai|
|poke|p1|Great Tusk|
|poke|p1|Hatterene, F|
|poke|p1|Tornadus-Therian, M|
|poke|p1|Dragonite, M|
|poke|p2|Glimmora, F|
|poke|p2|Gholdengo|
|poke|p2|Gliscor, M|
|poke|p2|Toxapex, M|
|poke|p2|Blaziken, F|
|poke|p2|Incineroar, F|
|teampreview
|j| ohko_smeargle
|c|☆Blastoise_Choice|hf
|inactive|Battle timer is ON: inactive players will automatically lose when time's up. (requested by Blastoise_Choice)
|
|t:|1776133475
|teamsize|p1|6
|teamsize|p2|6
|start
|switch|p1a: Great Tusk|Great Tusk|100/100
|switch|p2a: Glimmora|Glimmora, F, shiny|100/100
|-enditem|p1a: Great Tusk|Booster Energy
|-activate|p1a: Great Tusk|ability: Protosynthesis|[fromitem]
|-start|p1a: Great Tusk|protosynthesisatk
|turn|1
|
|t:|1776133483
|move|p1a: Great Tusk|Headlong Rush|p2a: Glimmora
|-supereffective|p2a: Glimmora
|-enditem|p2a: Glimmora|Focus Sash
|-damage|p2a: Glimmora|1/100
|-unboost|p1a: Great Tusk|def|1
|-unboost|p1a: Great Tusk|spd|1
|-activate|p2a: Glimmora|ability: Toxic Debris
|-sidestart|p1: Blastoise_Choice|move: Toxic Spikes
|move|p2a: Glimmora|Stealth Rock|p1a: Great Tusk
|-sidestart|p1: Blastoise_Choice|move: Stealth Rock
|
|upkeep
|turn|2
|
|t:|1776133494
|-end|p1a: Great Tusk|Protosynthesis|[silent]
|switch|p1a: Garganacl|Garganacl, M|100/100
|-damage|p1a: Garganacl|88/100|[from] Stealth Rock
|switch|p2a: Gholdengo|Gholdengo, shiny|100/100
|-item|p2a: Gholdengo|Air Balloon
|
|-heal|p1a: Garganacl|94/100|[from] item: Leftovers
|upkeep
|turn|3
|
|t:|1776133504
|switch|p2a: Glimmora|Glimmora, F, shiny|1/100
|move|p1a: Garganacl|Stealth Rock|p2a: Glimmora
|-sidestart|p2: rydenzhou|move: Stealth Rock
|
|-heal|p1a: Garganacl|100/100|[from] item: Leftovers
|upkeep
|turn|4
|
|t:|1776133512
|move|p2a: Glimmora|Mortal Spin|p1a: Garganacl
|-resisted|p1a: Garganacl
|-damage|p1a: Garganacl|99/100
|-sideend|p2: rydenzhou|Stealth Rock|[from] move: Mortal Spin|[of] p2a: Glimmora
|move|p1a: Garganacl|Stealth Rock|p2a: Glimmora
|-sidestart|p2: rydenzhou|move: Stealth Rock
|
|-heal|p1a: Garganacl|100/100|[from] item: Leftovers
|upkeep
|turn|5
|
|t:|1776133520
|move|p2a: Glimmora|Mortal Spin|p1a: Garganacl
|-resisted|p1a: Garganacl
|-damage|p1a: Garganacl|98/100
|-sideend|p2: rydenzhou|Stealth Rock|[from] move: Mortal Spin|[of] p2a: Glimmora
|move|p1a: Garganacl|Stealth Rock|p2a: Glimmora
|-sidestart|p2: rydenzhou|move: Stealth Rock
|
|-heal|p1a: Garganacl|100/100|[from] item: Leftovers
|upkeep
|turn|6
|
|t:|1776133529
|move|p2a: Glimmora|Earth Power|p1a: Garganacl
|-supereffective|p1a: Garganacl
|-damage|p1a: Garganacl|61/100
|move|p1a: Garganacl|Stealth Rock||[still]
|-fail|p1a: Garganacl
|
|-heal|p1a: Garganacl|68/100|[from] item: Leftovers
|upkeep
|turn|7
|
|t:|1776133537
|move|p2a: Glimmora|Mortal Spin|p1a: Garganacl
|-resisted|p1a: Garganacl
|-damage|p1a: Garganacl|66/100
|-sideend|p2: rydenzhou|Stealth Rock|[from] move: Mortal Spin|[of] p2a: Glimmora
|move|p1a: Garganacl|Recover|p1a: Garganacl
|-heal|p1a: Garganacl|100/100
|
|upkeep
|turn|8
|
|t:|1776133545
|move|p2a: Glimmora|Earth Power|p1a: Garganacl
|-supereffective|p1a: Garganacl
|-damage|p1a: Garganacl|57/100
|move|p1a: Garganacl|Stealth Rock|p2a: Glimmora
|-sidestart|p2: rydenzhou|move: Stealth Rock
|
|-heal|p1a: Garganacl|63/100|[from] item: Leftovers
|upkeep
|turn|9
|
|t:|1776133553
|move|p2a: Glimmora|Earth Power|p1a: Garganacl
|-supereffective|p1a: Garganacl
|-damage|p1a: Garganacl|24/100
|move|p1a: Garganacl|Recover|p1a: Garganacl
|-heal|p1a: Garganacl|74/100
|
|-heal|p1a: Garganacl|80/100|[from] item: Leftovers
|upkeep
|turn|10
|
|t:|1776133561
|move|p2a: Glimmora|Mortal Spin|p1a: Garganacl
|-resisted|p1a: Garganacl
|-damage|p1a: Garganacl|78/100
|-sideend|p2: rydenzhou|Stealth Rock|[from] move: Mortal Spin|[of] p2a: Glimmora
|move|p1a: Garganacl|Stealth Rock|p2a: Glimmora
|-sidestart|p2: rydenzhou|move: Stealth Rock
|
|-heal|p1a: Garganacl|84/100|[from] item: Leftovers
|upkeep
|turn|11
|
|t:|1776133569
|move|p2a: Glimmora|Earth Power|p1a: Garganacl
|-supereffective|p1a: Garganacl
|-damage|p1a: Garganacl|44/100
|move|p1a: Garganacl|Stealth Rock||[still]
|-fail|p1a: Garganacl
|
|-heal|p1a: Garganacl|50/100|[from] item: Leftovers
|upkeep
|turn|12
|
|t:|1776133578
|move|p2a: Glimmora|Earth Power|p1a: Garganacl
|-supereffective|p1a: Garganacl
|-damage|p1a: Garganacl|9/100
|-unboost|p1a: Garganacl|spd|1
|move|p1a: Garganacl|Recover|p1a: Garganacl
|-heal|p1a: Garganacl|59/100
|
|-heal|p1a: Garganacl|66/100|[from] item: Leftovers
|upkeep
|turn|13
|
|t:|1776133587
|move|p2a: Glimmora|Earth Power|p1a: Garganacl
|-supereffective|p1a: Garganacl
|-damage|p1a: Garganacl|6/100
|-unboost|p1a: Garganacl|spd|1
|move|p1a: Garganacl|Recover|p1a: Garganacl
|-heal|p1a: Garganacl|56/100
|
|-heal|p1a: Garganacl|62/100|[from] item: Leftovers
|upkeep
|turn|14
|
|t:|1776133597
|move|p2a: Glimmora|Mortal Spin|p1a: Garganacl
|-resisted|p1a: Garganacl
|-damage|p1a: Garganacl|60/100
|-sideend|p2: rydenzhou|Stealth Rock|[from] move: Mortal Spin|[of] p2a: Glimmora
|move|p1a: Garganacl|Recover|p1a: Garganacl
|-heal|p1a: Garganacl|100/100
|
|upkeep
|turn|15
|
|t:|1776133604
|switch|p1a: Tornadus|Tornadus-Therian, M, shiny|100/100
|-damage|p1a: Tornadus|76/100|[from] Stealth Rock
|move|p2a: Glimmora|Earth Power|p1a: Tornadus
|-immune|p1a: Tornadus
|
|upkeep
|turn|16
|
|t:|1776133612
|switch|p2a: Toxapex|Toxapex, M, shiny|100/100
|move|p1a: Tornadus|Heat Wave|p2a: Toxapex
|-resisted|p2a: Toxapex
|-damage|p2a: Toxapex|93/100
|
|-heal|p2a: Toxapex|99/100|[from] item: Leftovers
|upkeep
|turn|17
|
|t:|1776133621
|switch|p1a: Garganacl|Garganacl, M|100/100
|-damage|p1a: Garganacl|88/100|[from] Stealth Rock
|move|p2a: Toxapex|Toxic Spikes|p1a: Garganacl
|-sidestart|p1: Blastoise_Choice|move: Toxic Spikes
|
|-heal|p1a: Garganacl|94/100|[from] item: Leftovers
|-heal|p2a: Toxapex|100/100|[from] item: Leftovers
|upkeep
|turn|18
|
|t:|1776133630
|switch|p2a: Gliscor|Gliscor, M, shiny|100/100
|move|p1a: Garganacl|Stealth Rock|p2a: Gliscor
|-sidestart|p2: rydenzhou|move: Stealth Rock
|
|-heal|p1a: Garganacl|100/100|[from] item: Leftovers
|-status|p2a: Gliscor|tox|[from] item: Toxic Orb
|upkeep
|turn|19
|
|t:|1776133638
|move|p2a: Gliscor|Knock Off|p1a: Garganacl
|-damage|p1a: Garganacl|86/100
|-enditem|p1a: Garganacl|Leftovers|[from] move: Knock Off|[of] p2a: Gliscor
|move|p1a: Garganacl|Salt Cure|p2a: Gliscor
|-damage|p2a: Gliscor|89/100 tox
|-start|p2a: Gliscor|Salt Cure
|
|-heal|p2a: Gliscor|100/100 tox|[from] ability: Poison Heal
|-damage|p2a: Gliscor|88/100 tox|[from] Salt Cure
|upkeep
|turn|20
|
|t:|1776133649
|switch|p1a: Hatterene|Hatterene, F|100/100
|-status|p1a: Hatterene|tox
|-damage|p1a: Hatterene|88/100 tox|[from] Stealth Rock
|move|p2a: Gliscor|Spikes|p1a: Hatterene
|move|p1a: Hatterene|Spikes|p2a: Gliscor|[from] ability: Magic Bounce
|-sidestart|p2: rydenzhou|Spikes
|
|-heal|p2a: Gliscor|100/100 tox|[from] ability: Poison Heal
|-damage|p1a: Hatterene|82/100 tox|[from] psn
|-damage|p2a: Gliscor|88/100 tox|[from] Salt Cure
|upkeep
|turn|21
|
|t:|1776133663
|move|p2a: Gliscor|Knock Off|p1a: Hatterene
|-damage|p1a: Hatterene|66/100 tox
|-damage|p2a: Gliscor|71/100 tox|[from] item: Rocky Helmet|[of] p1a: Hatterene
|-enditem|p1a: Hatterene|Rocky Helmet|[from] move: Knock Off|[of] p2a: Gliscor
|move|p1a: Hatterene|Future Sight|p2a: Gliscor
|-start|p1a: Hatterene|move: Future Sight
|
|-heal|p2a: Gliscor|84/100 tox|[from] ability: Poison Heal
|-damage|p1a: Hatterene|54/100 tox|[from] psn
|-damage|p2a: Gliscor|71/100 tox|[from] Salt Cure
|upkeep
|turn|22
|
|t:|1776133674
|switch|p1a: Garganacl|Garganacl, M|86/100
|-damage|p1a: Garganacl|74/100|[from] Stealth Rock
|move|p2a: Gliscor|Protect||[still]
|-fail|p2a: Gliscor
|
|-heal|p2a: Gliscor|84/100 tox|[from] ability: Poison Heal
|-damage|p2a: Gliscor|71/100 tox|[from] Salt Cure
|upkeep
|turn|23
|
|t:|1776133684
|switch|p2a: Glimmora|Glimmora, F, shiny|1/100
|-damage|p2a: Glimmora|0 fnt|[from] Stealth Rock
|faint|p2a: Glimmora
|move|p1a: Garganacl|Recover|p1a: Garganacl
|-heal|p1a: Garganacl|100/100
|
|-hint|Future Sight did not hit because the target is fainted.
|upkeep
|
|t:|1776133693
|switch|p2a: Blaziken|Blaziken, F, shiny|100/100
|turn|24
|
|t:|1776133700
|switch|p1a: Dragonite|Dragonite, M|100/100
|-damage|p1a: Dragonite|76/100|[from] Stealth Rock
|move|p2a: Blaziken|Close Combat|p1a: Dragonite
|-resisted|p1a: Dragonite
|-damage|p1a: Dragonite|46/100
|-unboost|p2a: Blaziken|def|1
|-unboost|p2a: Blaziken|spd|1
|
|-ability|p2a: Blaziken|Speed Boost|boost
|-boost|p2a: Blaziken|spe|1
|upkeep
|turn|25
|
|t:|1776133712
|switch|p2a: Incineroar|Incineroar, F, shiny|100/100
|-ability|p2a: Incineroar|Intimidate|boost
|-unboost|p1a: Dragonite|atk|1
|move|p1a: Dragonite|Roost|p1a: Dragonite
|-heal|p1a: Dragonite|96/100
|-singleturn|p1a: Dragonite|move: Roost
|
|upkeep
|turn|26
|
|t:|1776133721
|move|p1a: Dragonite|Earthquake|p2a: Incineroar
|-supereffective|p2a: Incineroar
|-damage|p2a: Incineroar|67/100
|move|p2a: Incineroar|Will-O-Wisp|p1a: Dragonite
|-status|p1a: Dragonite|brn
|
|-damage|p1a: Dragonite|90/100 brn|[from] brn
|upkeep
|turn|27
|
|t:|1776133730
|switch|p1a: Hatterene|Hatterene, F|54/100 tox
|-damage|p1a: Hatterene|41/100 tox|[from] Stealth Rock
|move|p2a: Incineroar|Parting Shot|p1a: Hatterene
|move|p1a: Hatterene|Parting Shot|p2a: Incineroar|[from] ability: Magic Bounce
|-unboost|p2a: Incineroar|atk|1
|-unboost|p2a: Incineroar|spa|1
|
|t:|1776133736
|switch|p1a: Great Tusk|Great Tusk|100/100|[from] Parting Shot
|-status|p1a: Great Tusk|tox
|-damage|p1a: Great Tusk|98/100 tox|[from] Stealth Rock
|
|-damage|p1a: Great Tusk|91/100 tox|[from] psn
|upkeep
|turn|28
|
|t:|1776133746
|switch|p2a: Gholdengo|Gholdengo, shiny|100/100
|-damage|p2a: Gholdengo|94/100|[from] Stealth Rock
|-item|p2a: Gholdengo|Air Balloon
|move|p1a: Great Tusk|Ice Spinner|p2a: Gholdengo
|-resisted|p2a: Gholdengo
|-damage|p2a: Gholdengo|86/100
|-enditem|p2a: Gholdengo|Air Balloon
|
|-damage|p1a: Great Tusk|79/100 tox|[from] psn
|upkeep
|turn|29
|
|t:|1776133758
|-terastallize|p2a: Gholdengo|Ghost
|move|p1a: Great Tusk|Headlong Rush|p2a: Gholdengo
|-damage|p2a: Gholdengo|44/100
|-unboost|p1a: Great Tusk|def|1
|-unboost|p1a: Great Tusk|spd|1
|move|p2a: Gholdengo|Shadow Ball|p1a: Great Tusk
|-damage|p1a: Great Tusk|0 fnt
|faint|p1a: Great Tusk
|-end|p1a: Great Tusk|Protosynthesis|[silent]
|
|upkeep
|
|t:|1776133765
|switch|p1a: Hatterene|Hatterene, F|41/100 tox
|-damage|p1a: Hatterene|29/100 tox|[from] Stealth Rock
|turn|30
|
|t:|1776133773
|move|p2a: Gholdengo|Recover|p2a: Gholdengo
|-heal|p2a: Gholdengo|94/100
|move|p1a: Hatterene|Pain Split|p2a: Gholdengo
|-immune|p2a: Gholdengo|[from] ability: Good as Gold
|
|-damage|p1a: Hatterene|23/100 tox|[from] psn
|upkeep
|turn|31
|
|t:|1776133781
|move|p2a: Gholdengo|Shadow Ball|p1a: Hatterene
|-supereffective|p1a: Hatterene
|-crit|p1a: Hatterene
|-damage|p1a: Hatterene|0 fnt
|faint|p1a: Hatterene
|
|upkeep
|
|t:|1776133788
|switch|p1a: Darkrai|Darkrai|100/100
|-status|p1a: Darkrai|tox
|-damage|p1a: Darkrai|88/100 tox|[from] Stealth Rock
|turn|32
|
|t:|1776133794
|switch|p2a: Toxapex|Toxapex, M, shiny|100/100
|-damage|p2a: Toxapex|88/100|[from] Stealth Rock
|-damage|p2a: Toxapex|75/100|[from] Spikes
|move|p1a: Darkrai|Dark Pulse|p2a: Toxapex
|-crit|p2a: Toxapex
|-damage|p2a: Toxapex|11/100
|
|-heal|p2a: Toxapex|18/100|[from] item: Leftovers
|-damage|p1a: Darkrai|82/100 tox|[from] psn
|upkeep
|turn|33
|
|t:|1776133806
|move|p2a: Toxapex|Baneful Bunker|p2a: Toxapex
|-singleturn|p2a: Toxapex|move: Protect
|move|p1a: Darkrai|Dark Pulse|p2a: Toxapex
|-activate|p2a: Toxapex|move: Protect
|
|-heal|p2a: Toxapex|24/100|[from] item: Leftovers
|-damage|p1a: Darkrai|70/100 tox|[from] psn
|upkeep
|turn|34
|
|t:|1776133816
|switch|p2a: Incineroar|Incineroar, F, shiny|67/100
|-ability|p2a: Incineroar|Intimidate|boost
|-unboost|p1a: Darkrai|atk|1
|move|p1a: Darkrai|Dark Pulse|p2a: Incineroar
|-resisted|p2a: Incineroar
|-damage|p2a: Incineroar|37/100
|
|-damage|p1a: Darkrai|52/100 tox|[from] psn
|upkeep
|turn|35
|
|t:|1776133826
|move|p1a: Darkrai|Dark Pulse|p2a: Incineroar
|-resisted|p2a: Incineroar
|-damage|p2a: Incineroar|5/100
|move|p2a: Incineroar|Drain Punch|p1a: Darkrai
|-supereffective|p1a: Darkrai
|-damage|p1a: Darkrai|0 fnt
|-heal|p2a: Incineroar|24/100|[from] drain|[of] p1a: Darkrai
|faint|p1a: Darkrai
|
|upkeep
|
|t:|1776133830
|switch|p1a: Tornadus|Tornadus-Therian, M, shiny|100/100
|-damage|p1a: Tornadus|76/100|[from] Stealth Rock
|turn|36
|
|t:|1776133839
|move|p1a: Tornadus|Bleakwind Storm|p2a: Incineroar|[miss]
|-miss|p1a: Tornadus|p2a: Incineroar
|move|p2a: Incineroar|Parting Shot|p1a: Tornadus
|-unboost|p1a: Tornadus|atk|1
|-unboost|p1a: Tornadus|spa|1
|
|t:|1776133845
|switch|p2a: Gliscor|Gliscor, M, shiny|71/100 tox|[from] Parting Shot
|-damage|p2a: Gliscor|59/100 tox|[from] Stealth Rock
|
|-heal|p2a: Gliscor|71/100 tox|[from] ability: Poison Heal
|upkeep
|turn|37
|
|t:|1776133853
|switch|p1a: Dragonite|Dragonite, M|90/100 brn
|-damage|p1a: Dragonite|65/100 brn|[from] Stealth Rock
|move|p2a: Gliscor|Toxic||[still]
|-fail|p2a: Gliscor
|
|-heal|p2a: Gliscor|84/100 tox|[from] ability: Poison Heal
|-damage|p1a: Dragonite|59/100 brn|[from] brn
|upkeep
|turn|38
|
|t:|1776133863
|move|p2a: Gliscor|Knock Off|p1a: Dragonite
|-damage|p1a: Dragonite|36/100 brn
|-enditem|p1a: Dragonite|Silk Scarf|[from] move: Knock Off|[of] p2a: Gliscor
|move|p1a: Dragonite|Dragon Dance|p1a: Dragonite
|-boost|p1a: Dragonite|atk|1
|-boost|p1a: Dragonite|spe|1
|
|-heal|p2a: Gliscor|96/100 tox|[from] ability: Poison Heal
|-damage|p1a: Dragonite|30/100 brn|[from] brn
|upkeep
|turn|39
|
|t:|1776133874
|switch|p2a: Incineroar|Incineroar, F, shiny|24/100
|-ability|p2a: Incineroar|Intimidate|boost
|-unboost|p1a: Dragonite|atk|1
|move|p1a: Dragonite|Roost|p1a: Dragonite
|-heal|p1a: Dragonite|80/100 brn
|-singleturn|p1a: Dragonite|move: Roost
|
|-damage|p1a: Dragonite|74/100 brn|[from] brn
|upkeep
|turn|40
|
|t:|1776133885
|move|p1a: Dragonite|Dragon Dance|p1a: Dragonite
|-boost|p1a: Dragonite|atk|1
|-boost|p1a: Dragonite|spe|1
|move|p2a: Incineroar|Parting Shot|p1a: Dragonite
|-unboost|p1a: Dragonite|atk|1
|-unboost|p1a: Dragonite|spa|1
|
|t:|1776133891
|switch|p2a: Gholdengo|Gholdengo, shiny, tera:Ghost|94/100|[from] Parting Shot
|-damage|p2a: Gholdengo|81/100|[from] Stealth Rock
|-damage|p2a: Gholdengo|69/100|[from] Spikes
|
|-damage|p1a: Dragonite|68/100 brn|[from] brn
|upkeep
|turn|41
|
|t:|1776133899
|move|p1a: Dragonite|Dragon Dance|p1a: Dragonite
|-boost|p1a: Dragonite|atk|1
|-boost|p1a: Dragonite|spe|1
|move|p2a: Gholdengo|Shadow Ball|p1a: Dragonite
|-damage|p1a: Dragonite|20/100 brn
|
|-damage|p1a: Dragonite|14/100 brn|[from] brn
|upkeep
|turn|42
|
|t:|1776133909
|-terastallize|p1a: Dragonite|Normal
|move|p1a: Dragonite|Roost|p1a: Dragonite
|-heal|p1a: Dragonite|64/100 brn
|move|p2a: Gholdengo|Recover|p2a: Gholdengo
|-heal|p2a: Gholdengo|100/100
|
|-damage|p1a: Dragonite|58/100 brn|[from] brn
|upkeep
|turn|43
|
|t:|1776133919
|switch|p2a: Incineroar|Incineroar, F, shiny|24/100
|-ability|p2a: Incineroar|Intimidate|boost
|-unboost|p1a: Dragonite|atk|1
|move|p1a: Dragonite|Roost|p1a: Dragonite
|-heal|p1a: Dragonite|100/100 brn
|
|-damage|p1a: Dragonite|94/100 brn|[from] brn
|upkeep
|turn|44
|
|t:|1776133929
|move|p1a: Dragonite|Earthquake|p2a: Incineroar
|-supereffective|p2a: Incineroar
|-damage|p2a: Incineroar|0 fnt
|faint|p2a: Incineroar
|
|-damage|p1a: Dragonite|88/100 brn|[from] brn
|upkeep
|
|t:|1776133936
|switch|p2a: Blaziken|Blaziken, F, shiny|100/100
|turn|45
|
|t:|1776133942
|move|p1a: Dragonite|Earthquake|p2a: Blaziken
|-supereffective|p2a: Blaziken
|-damage|p2a: Blaziken|45/100
|move|p2a: Blaziken|Close Combat|p1a: Dragonite
|-supereffective|p1a: Dragonite
|-damage|p1a: Dragonite|0 fnt
|-unboost|p2a: Blaziken|def|1
|-unboost|p2a: Blaziken|spd|1
|faint|p1a: Dragonite
|
|-ability|p2a: Blaziken|Speed Boost|boost
|-boost|p2a: Blaziken|spe|1
|upkeep
|
|t:|1776133950
|switch|p1a: Garganacl|Garganacl, M|100/100
|-damage|p1a: Garganacl|88/100|[from] Stealth Rock
|turn|46
|
|t:|1776133958
|move|p1a: Garganacl|Protect|p1a: Garganacl
|-singleturn|p1a: Garganacl|Protect
|move|p2a: Blaziken|Close Combat|p1a: Garganacl
|-activate|p1a: Garganacl|move: Protect
|
|-ability|p2a: Blaziken|Speed Boost|boost
|-boost|p2a: Blaziken|spe|1
|upkeep
|turn|47
|
|t:|1776133966
|move|p2a: Blaziken|Close Combat|p1a: Garganacl
|-supereffective|p1a: Garganacl
|-crit|p1a: Garganacl
|-damage|p1a: Garganacl|0 fnt
|-unboost|p2a: Blaziken|def|1
|-unboost|p2a: Blaziken|spd|1
|faint|p1a: Garganacl
|
|-ability|p2a: Blaziken|Speed Boost|boost
|-boost|p2a: Blaziken|spe|1
|upkeep
|
|t:|1776133973
|switch|p1a: Tornadus|Tornadus-Therian, M, shiny|100/100
|-damage|p1a: Tornadus|76/100|[from] Stealth Rock
|turn|48
|
|t:|1776133979
|move|p2a: Blaziken|Knock Off|p1a: Tornadus
|-damage|p1a: Tornadus|34/100
|-enditem|p1a: Tornadus|Assault Vest|[from] move: Knock Off|[of] p2a: Blaziken
|move|p1a: Tornadus|Bleakwind Storm|p2a: Blaziken
|-supereffective|p2a: Blaziken
|-damage|p2a: Blaziken|0 fnt
|faint|p2a: Blaziken
|
|upkeep
|
|t:|1776133988
|switch|p2a: Gliscor|Gliscor, M, shiny|96/100 tox
|-damage|p2a: Gliscor|84/100 tox|[from] Stealth Rock
|turn|49
|
|t:|1776133992
|move|p1a: Tornadus|Heat Wave|p2a: Gliscor
|-damage|p2a: Gliscor|65/100 tox
|move|p2a: Gliscor|Toxic|p1a: Tornadus
|-status|p1a: Tornadus|tox
|
|-damage|p1a: Tornadus|28/100 tox|[from] psn
|-heal|p2a: Gliscor|77/100 tox|[from] ability: Poison Heal
|upkeep
|turn|50
|
|t:|1776134004
|move|p1a: Tornadus|Heat Wave|p2a: Gliscor|[miss]
|-miss|p1a: Tornadus|p2a: Gliscor
|move|p2a: Gliscor|Knock Off|p1a: Tornadus
|-damage|p1a: Tornadus|10/100 tox
|
|-damage|p1a: Tornadus|0 fnt|[from] psn
|faint|p1a: Tornadus
|
|win|rydenzhou
|raw|Blastoise_Choice's rating: 1452 &rarr; <strong>1432</strong><br />(-20 for losing)
|raw|rydenzhou's rating: 1456 &rarr; <strong>1476</strong><br />(+20 for winning)
|c|☆Blastoise_Choice|gg
