|html|<div class="broadcast-blue"><strong>[Gen 9] OU is currently suspecting Tera Blast! For information on how to participate check out the <a href="https://www.smogon.com/tools/suspects/view/200">suspect thread</a>.</strong></div>
|j|☆Champion Muaad
|j|☆Flatwood Monster
|t:|1776105946
|gametype|singles
|player|p1|Champion Muaad|2|1166
|player|p2|Flatwood Monster|miku-fire|1257
|gen|9
|tier|[Gen 9] OU
|rated|
|rule|HP Percentage Mod: HP is shown in percentages
|rule|Endless Battle Clause: Forcing endless battles is banned
|rule|Species Clause: Limit one of each Pokémon
|rule|OHKO Clause: OHKO moves are banned
|rule|Evasion Items Clause: Evasion items are banned
|rule|Evasion Moves Clause: Evasion moves are banned
|rule|Evasion Abilities Clause: Evasion abilities are banned
|rule|Sleep Moves Clause: Sleep-inducing moves are banned
|clearpoke
|poke|p1|Quaquaval, M|
|poke|p1|Skeledirge, M|
|poke|p1|Lycanroc-Dusk, M|
|poke|p1|Cinderace, M|
|poke|p1|Rillaboom, M|
|poke|p1|Kilowattrel, M|
|poke|p2|Garganacl, F|
|poke|p2|Darkrai|
|poke|p2|Great Tusk|
|poke|p2|Hatterene, F|
|poke|p2|Tornadus-Therian, M|
|poke|p2|Dragonite, M|
|teampreview
|
|t:|1776105970
|teamsize|p1|6
|teamsize|p2|6
|start
|switch|p1a: Quaquaval|Quaquaval, M|100/100
|switch|p2a: Darkrai|Darkrai|100/100
|turn|1
|
|t:|1776105982
|switch|p2a: Dragonite|Dragonite, M|100/100
|-terastallize|p1a: Quaquaval|Water
|move|p1a: Quaquaval|Aqua Step|p2a: Dragonite
|-resisted|p2a: Dragonite
|-damage|p2a: Dragonite|87/100
|-boost|p1a: Quaquaval|spe|1
|
|upkeep
|turn|2
|
|t:|1776105990
|move|p1a: Quaquaval|Aqua Step|p2a: Dragonite
|-resisted|p2a: Dragonite
|-damage|p2a: Dragonite|62/100
|-boost|p1a: Quaquaval|spe|1
|move|p2a: Dragonite|Dragon Dance|p2a: Dragonite
|-boost|p2a: Dragonite|atk|1
|-boost|p2a: Dragonite|spe|1
|
|upkeep
|turn|3
|
|t:|1776105995
|move|p1a: Quaquaval|Aqua Step|p2a: Dragonite
|-resisted|p2a: Dragonite
|-damage|p2a: Dragonite|34/100
|-boost|p1a: Quaquaval|spe|1
|move|p2a: Dragonite|Dragon Dance|p2a: Dragonite
|-boost|p2a: Dragonite|atk|1
|-boost|p2a: Dragonite|spe|1
|
|upkeep
|turn|4
|
|t:|1776106003
|move|p1a: Quaquaval|Brave Bird|p2a: Dragonite
|-damage|p2a: Dragonite|0 fnt
|faint|p2a: Dragonite
|-ability|p1a: Quaquaval|Moxie|boost
|-boost|p1a: Quaquaval|atk|1
|-damage|p1a: Quaquaval|88/100|[from] Recoil
|
|upkeep
|
|t:|1776106012
|switch|p2a: Hatterene|Hatterene, F|100/100
|turn|5
|c|☆Champion Muaad|sweep time
|
|t:|1776106016
|move|p1a: Quaquaval|Aqua Step|p2a: Hatterene
|-damage|p2a: Hatterene|37/100
|-boost|p1a: Quaquaval|spe|1
|-damage|p1a: Quaquaval|71/100|[from] item: Rocky Helmet|[of] p2a: Hatterene
|move|p2a: Hatterene|Nuzzle|p1a: Quaquaval
|-supereffective|p1a: Quaquaval
|-damage|p1a: Quaquaval|60/100
|-status|p1a: Quaquaval|par
|
|upkeep
|turn|6
|c|☆Flatwood Monster|i may be boned
|
|t:|1776106032
|move|p1a: Quaquaval|Aqua Step|p2a: Hatterene
|-damage|p2a: Hatterene|0 fnt
|-boost|p1a: Quaquaval|spe|1
|-damage|p1a: Quaquaval|43/100 par|[from] item: Rocky Helmet|[of] p2a: Hatterene
|faint|p2a: Hatterene
|-ability|p1a: Quaquaval|Moxie|boost
|-boost|p1a: Quaquaval|atk|1
|
|upkeep
|
|t:|1776106050
|switch|p2a: Great Tusk|Great Tusk|100/100
|-enditem|p2a: Great Tusk|Booster Energy
|-activate|p2a: Great Tusk|ability: Protosynthesis|[fromitem]
|-start|p2a: Great Tusk|protosynthesisatk
|turn|7
|
|t:|1776106063
|-terastallize|p2a: Great Tusk|Ice
|move|p1a: Quaquaval|Aqua Step|p2a: Great Tusk
|-damage|p2a: Great Tusk|23/100
|-boost|p1a: Quaquaval|spe|1
|move|p2a: Great Tusk|Headlong Rush|p1a: Quaquaval
|-damage|p1a: Quaquaval|0 fnt
|-unboost|p2a: Great Tusk|def|1
|-unboost|p2a: Great Tusk|spd|1
|faint|p1a: Quaquaval
|
|upkeep
|
|t:|1776106073
|switch|p1a: Lycanroc|Lycanroc-Dusk, M|100/100
|turn|8
|
|t:|1776106076
|move|p1a: Lycanroc|Accelerock|p2a: Great Tusk
|-supereffective|p2a: Great Tusk
|-damage|p2a: Great Tusk|0 fnt
|faint|p2a: Great Tusk
|-end|p2a: Great Tusk|Protosynthesis|[silent]
|
|upkeep
|
|t:|1776106083
|switch|p2a: Darkrai|Darkrai|100/100
|turn|9
|
|t:|1776106088
|move|p2a: Darkrai|Dark Pulse|p1a: Lycanroc
|-damage|p1a: Lycanroc|0 fnt
|faint|p1a: Lycanroc
|
|upkeep
|
|t:|1776106102
|switch|p1a: Rillaboom|Rillaboom, M, shiny|100/100
|-fieldstart|move: Grassy Terrain|[from] ability: Grassy Surge|[of] p1a: Rillaboom
|turn|10
|
|t:|1776106106
|switch|p2a: Tornadus|Tornadus-Therian, M, shiny|100/100
|move|p1a: Rillaboom|Fake Out|p2a: Tornadus
|-damage|p2a: Tornadus|84/100
|
|upkeep
|turn|11
|
|t:|1776106113
|move|p1a: Rillaboom|Grassy Glide|p2a: Tornadus
|-resisted|p2a: Tornadus
|-damage|p2a: Tornadus|60/100
|move|p2a: Tornadus|Bleakwind Storm|p1a: Rillaboom
|-supereffective|p1a: Rillaboom
|-damage|p1a: Rillaboom|0 fnt
|faint|p1a: Rillaboom
|
|upkeep
|
|t:|1776106119
|switch|p1a: Skeledirge|Skeledirge, M|100/100
|turn|12
|
|t:|1776106124
|move|p2a: Tornadus|Knock Off|p1a: Skeledirge
|-supereffective|p1a: Skeledirge
|-damage|p1a: Skeledirge|68/100
|-enditem|p1a: Skeledirge|Leftovers|[from] move: Knock Off|[of] p2a: Tornadus
|move|p1a: Skeledirge|Alluring Voice|p2a: Tornadus
|-damage|p2a: Tornadus|43/100
|
|-heal|p1a: Skeledirge|74/100|[from] Grassy Terrain
|upkeep
|turn|13
|
|t:|1776106133
|move|p2a: Tornadus|U-turn|p1a: Skeledirge
|-resisted|p1a: Skeledirge
|-damage|p1a: Skeledirge|71/100
|
|t:|1776106136
|switch|p2a: Darkrai|Darkrai|100/100|[from] U-turn
|move|p1a: Skeledirge|Torch Song|p2a: Darkrai
|-damage|p2a: Darkrai|49/100
|-boost|p1a: Skeledirge|spa|1
|
|-heal|p2a: Darkrai|55/100|[from] Grassy Terrain
|-heal|p1a: Skeledirge|77/100|[from] Grassy Terrain
|upkeep
|turn|14
|
|t:|1776106142
|move|p2a: Darkrai|Dark Pulse|p1a: Skeledirge
|-supereffective|p1a: Skeledirge
|-crit|p1a: Skeledirge
|-damage|p1a: Skeledirge|0 fnt
|faint|p1a: Skeledirge
|
|-heal|p2a: Darkrai|61/100|[from] Grassy Terrain
|-fieldend|move: Grassy Terrain
|upkeep
|
|t:|1776106151
|switch|p1a: Cinderace|Cinderace, M|100/100
|turn|15
|
|t:|1776106166
|move|p2a: Darkrai|Dark Pulse|p1a: Cinderace
|-damage|p1a: Cinderace|10/100
|move|p1a: Cinderace|Flame Charge|p2a: Darkrai
|-damage|p2a: Darkrai|2/100
|-boost|p1a: Cinderace|spe|1
|
|upkeep
|turn|16
|
|t:|1776106175
|move|p1a: Cinderace|Flame Charge|p2a: Darkrai
|-damage|p2a: Darkrai|0 fnt
|-boost|p1a: Cinderace|spe|1
|faint|p2a: Darkrai
|
|upkeep
|
|t:|1776106177
|switch|p2a: Garganacl|Garganacl, F|100/100
|turn|17
|
|t:|1776106190
|move|p1a: Cinderace|High Jump Kick|p2a: Garganacl
|-supereffective|p2a: Garganacl
|-damage|p2a: Garganacl|49/100
|move|p2a: Garganacl|Salt Cure|p1a: Cinderace
|-supereffective|p1a: Cinderace
|-damage|p1a: Cinderace|0 fnt
|faint|p1a: Cinderace
|
|-heal|p2a: Garganacl|55/100|[from] item: Leftovers
|upkeep
|
|t:|1776106195
|switch|p1a: Kilowattrel|Kilowattrel, M|100/100
|turn|18
|
|t:|1776106201
|move|p1a: Kilowattrel|Thunderbolt|p2a: Garganacl
|-damage|p2a: Garganacl|26/100
|move|p2a: Garganacl|Salt Cure|p1a: Kilowattrel
|-supereffective|p1a: Kilowattrel
|-damage|p1a: Kilowattrel|49/100
|-start|p1a: Kilowattrel|Salt Cure
|
|-heal|p2a: Garganacl|32/100|[from] item: Leftovers
|-damage|p1a: Kilowattrel|36/100|[from] Salt Cure
|upkeep
|turn|19
|
|t:|1776106207
|move|p2a: Garganacl|Protect|p2a: Garganacl
|-singleturn|p2a: Garganacl|Protect
|move|p1a: Kilowattrel|Thunderbolt|p2a: Garganacl
|-activate|p2a: Garganacl|move: Protect
|
|-heal|p2a: Garganacl|38/100|[from] item: Leftovers
|-damage|p1a: Kilowattrel|24/100|[from] Salt Cure
|upkeep
|turn|20
|
|t:|1776106214
|move|p1a: Kilowattrel|Thunderbolt|p2a: Garganacl
|-damage|p2a: Garganacl|13/100
|move|p2a: Garganacl|Recover|p2a: Garganacl
|-heal|p2a: Garganacl|63/100
|
|-heal|p2a: Garganacl|69/100|[from] item: Leftovers
|-damage|p1a: Kilowattrel|11/100|[from] Salt Cure
|upkeep
|turn|21
|c|☆Flatwood Monster|gg
|n|!Champion Muaad|championmuaad
|inactive|Battle timer is ON: inactive players will automatically lose when time's up. (requested by Flatwood Monster)
|-message|Champion Muaad forfeited.
|
|win|Flatwood Monster
