|html|<div class="broadcast-blue"><strong>[Gen 9] OU is currently suspecting Tera Blast! For information on how to participate check out the <a href="https://www.smogon.com/tools/suspects/view/200">suspect thread</a>.</strong></div>
|j|☆Artist70
|j|☆aazier
|t:|1776036308
|gametype|singles
|player|p1|Artist70|170|1058
|player|p2|aazier|265|1069
|gen|9
|tier|[Gen 9] OU
|rated|
|rule|HP Percentage Mod: HP is shown in percentages
|rule|Endless Battle Clause: Forcing endless battles is banned
|rule|Species Clause: Limit one of each Pokémon
|rule|OHKO Clause: OHKO moves are banned
|rule|Evasion Items Clause: Evasion items are banned
|rule|Evasion Moves Clause: Evasion moves are banned
|rule|Evasion Abilities Clause: Evasion abilities are banned
|rule|Sleep Moves Clause: Sleep-inducing moves are banned
|clearpoke
|poke|p1|Krookodile, F|
|poke|p1|Venusaur, M|
|poke|p1|Arcanine-Hisui, F|
|poke|p1|Swampert, F|
|poke|p1|Mimikyu, M|
|poke|p1|Haxorus, M|
|poke|p2|Dragalge, M|
|poke|p2|Sylveon, M|
|poke|p2|Bellibolt, F|
|poke|p2|Weavile, F|
|poke|p2|Milotic, M|
|poke|p2|Chesnaught, F|
|teampreview
|
|t:|1776036313
|teamsize|p1|6
|teamsize|p2|6
|start
|switch|p1a: Haxorus|Haxorus, M, shiny|100/100
|switch|p2a: Dragalge|Dragalge, M|100/100
|-ability|p1a: Haxorus|Mold Breaker
|turn|1
|
|t:|1776036324
|move|p1a: Haxorus|Scale Shot|p2a: Dragalge
|-supereffective|p2a: Dragalge
|-damage|p2a: Dragalge|74/100
|-supereffective|p2a: Dragalge
|-crit|p2a: Dragalge
|-damage|p2a: Dragalge|29/100
|-supereffective|p2a: Dragalge
|-damage|p2a: Dragalge|2/100
|-supereffective|p2a: Dragalge
|-damage|p2a: Dragalge|0 fnt
|faint|p2a: Dragalge
|-hitcount|p2: Dragalge|4
|-unboost|p1a: Haxorus|def|1
|-boost|p1a: Haxorus|spe|1
|
|upkeep
|
|t:|1776036336
|switch|p2a: Sylveon|Sylveon, M|100/100
|turn|2
|
|t:|1776036342
|move|p1a: Haxorus|Poison Jab|p2a: Sylveon
|-supereffective|p2a: Sylveon
|-damage|p2a: Sylveon|31/100
|move|p2a: Sylveon|Draining Kiss|p1a: Haxorus
|-supereffective|p1a: Haxorus
|-damage|p1a: Haxorus|4/100
|-heal|p2a: Sylveon|95/100|[from] drain|[of] p1a: Haxorus
|
|upkeep
|turn|3
|
|t:|1776036353
|move|p1a: Haxorus|Poison Jab|p2a: Sylveon
|-supereffective|p2a: Sylveon
|-damage|p2a: Sylveon|18/100
|move|p2a: Sylveon|Draining Kiss|p1a: Haxorus
|-supereffective|p1a: Haxorus
|-damage|p1a: Haxorus|0 fnt
|-heal|p2a: Sylveon|20/100|[from] drain|[of] p1a: Haxorus
|faint|p1a: Haxorus
|
|upkeep
|
|t:|1776036359
|switch|p1a: Mimikyu|Mimikyu, M, shiny|100/100
|turn|4
|
|t:|1776036371
|switch|p2a: Bellibolt|Bellibolt, F|100/100
|move|p1a: Mimikyu|Swords Dance|p1a: Mimikyu
|-boost|p1a: Mimikyu|atk|2
|
|upkeep
|turn|5
|
|t:|1776036380
|move|p1a: Mimikyu|Swords Dance|p1a: Mimikyu
|-boost|p1a: Mimikyu|atk|2
|move|p2a: Bellibolt|Volt Switch|p1a: Mimikyu
|-activate|p1a: Mimikyu|ability: Disguise
|-damage|p1a: Mimikyu|100/100
|detailschange|p1a: Mimikyu|Mimikyu-Busted, M, shiny
|-damage|p1a: Mimikyu|88/100|[from] pokemon: Mimikyu-Busted
|
|t:|1776036389
|switch|p2a: Milotic|Milotic, M|100/100|[from] Volt Switch
|
|upkeep
|turn|6
|
|t:|1776036399
|move|p1a: Mimikyu|Shadow Claw|p2a: Milotic
|-damage|p2a: Milotic|22/100
|move|p2a: Milotic|Scald|p1a: Mimikyu
|-damage|p1a: Mimikyu|52/100
|
|upkeep
|turn|7
|
|t:|1776036410
|switch|p2a: Chesnaught|Chesnaught, F, shiny|100/100
|move|p1a: Mimikyu|Shadow Claw|p2a: Chesnaught
|-damage|p2a: Chesnaught|28/100
|
|upkeep
|turn|8
|
|t:|1776036418
|move|p1a: Mimikyu|Drain Punch|p2a: Chesnaught
|-damage|p2a: Chesnaught|0 fnt
|-heal|p1a: Mimikyu|69/100|[from] drain|[of] p2a: Chesnaught
|faint|p2a: Chesnaught
|
|upkeep
|
|t:|1776036422
|switch|p2a: Weavile|Weavile, F|100/100
|-ability|p2a: Weavile|Pressure
|turn|9
|
|t:|1776036430
|move|p2a: Weavile|Knock Off|p1a: Mimikyu
|-damage|p1a: Mimikyu|0 fnt
|-enditem|p1a: Mimikyu|Black Belt|[from] move: Knock Off|[of] p2a: Weavile
|faint|p1a: Mimikyu
|
|upkeep
|
|t:|1776036442
|switch|p1a: Arcanine|Arcanine-Hisui, F|100/100
|turn|10
|
|t:|1776036462
|switch|p2a: Bellibolt|Bellibolt, F|100/100
|move|p1a: Arcanine|Flare Blitz|p2a: Bellibolt
|-damage|p2a: Bellibolt|22/100
|-start|p2a: Bellibolt|Charge|Flare Blitz|[from] ability: Electromorphosis
|-enditem|p2a: Bellibolt|Sitrus Berry|[eat]
|-heal|p2a: Bellibolt|46/100|[from] item: Sitrus Berry
|
|upkeep
|turn|11
|
|t:|1776036475
|move|p1a: Arcanine|Flare Blitz|p2a: Bellibolt
|-damage|p2a: Bellibolt|0 fnt
|faint|p2a: Bellibolt
|
|upkeep
|
|t:|1776036478
|switch|p2a: Weavile|Weavile, F|100/100
|-ability|p2a: Weavile|Pressure
|turn|12
|
|t:|1776036485
|move|p2a: Weavile|Knock Off|p1a: Arcanine
|-damage|p1a: Arcanine|44/100
|-enditem|p1a: Arcanine|Choice Band|[from] move: Knock Off|[of] p2a: Weavile
|move|p1a: Arcanine|Flare Blitz|p2a: Weavile
|-supereffective|p2a: Weavile
|-enditem|p2a: Weavile|Focus Sash
|-damage|p2a: Weavile|1/100
|
|upkeep
|turn|13
|
|t:|1776036504
|switch|p1a: Swampert|Swampert, F, shiny|100/100
|move|p2a: Weavile|Knock Off|p1a: Swampert
|-damage|p1a: Swampert|48/100
|-enditem|p1a: Swampert|Choice Scarf|[from] move: Knock Off|[of] p2a: Weavile
|
|upkeep
|turn|14
|
|t:|1776036516
|move|p2a: Weavile|Knock Off|p1a: Swampert
|-damage|p1a: Swampert|10/100
|move|p1a: Swampert|Earthquake|p2a: Weavile
|-damage|p2a: Weavile|0 fnt
|faint|p2a: Weavile
|
|upkeep
|
|t:|1776036521
|switch|p2a: Milotic|Milotic, M|22/100
|turn|15
|
|t:|1776036528
|move|p1a: Swampert|Earthquake|p2a: Milotic
|-damage|p2a: Milotic|0 fnt
|faint|p2a: Milotic
|
|upkeep
|
|t:|1776036531
|switch|p2a: Sylveon|Sylveon, M|20/100
|turn|16
|
|t:|1776036536
|-terastallize|p2a: Sylveon|Fairy
|move|p1a: Swampert|Earthquake|p2a: Sylveon
|-damage|p2a: Sylveon|0 fnt
|faint|p2a: Sylveon
|
|win|Artist70
|raw|Artist70's rating: 1058 &rarr; <strong>1090</strong><br />(+32 for winning)
|raw|aazier's rating: 1069 &rarr; <strong>1048</strong><br />(-21 for losing)
|l|☆aazier
|player|p2|
|l|☆Artist70
|player|p1|
