|html|<div class="broadcast-blue"><strong>[Gen 9] OU is currently suspecting Tera Blast! For information on how to participate check out the <a href="https://www.smogon.com/tools/suspects/view/200">suspect thread</a>.</strong></div>
|j|☆sometimesstandard
|j|☆daddy6741
|t:|1776075137
|gametype|singles
|player|p1|sometimesstandard|170|1511
|player|p2|daddy6741|dawn|1465
|gen|9
|tier|[Gen 9] OU
|rated|
|rule|HP Percentage Mod: HP is shown in percentages
|rule|Endless Battle Clause: Forcing endless battles is banned
|rule|Species Clause: Limit one of each Pokémon
|rule|OHKO Clause: OHKO moves are banned
|rule|Evasion Items Clause: Evasion items are banned
|rule|Evasion Moves Clause: Evasion moves are banned
|rule|Evasion Abilities Clause: Evasion abilities are banned
|rule|Sleep Moves Clause: Sleep-inducing moves are banned
|clearpoke
|poke|p1|Gallade, M|
|poke|p1|Glimmora, M|
|poke|p1|Ribombee, F|
|poke|p1|Gholdengo|
|poke|p1|Dragonite, M|
|poke|p1|Quaquaval, F|
|poke|p2|Haxorus, F|
|poke|p2|Lokix, M|
|poke|p2|Ninetales-Alola, F|
|poke|p2|Dragonite, M|
|poke|p2|Manaphy|
|poke|p2|Glimmora, F|
|teampreview
|inactive|Battle timer is ON: inactive players will automatically lose when time's up. (requested by daddy6741)
|inactive|sometimesstandard has 120 seconds left.
|
|t:|1776075168
|teamsize|p1|6
|teamsize|p2|6
|start
|switch|p1a: Glimmora|Glimmora, M|100/100
|switch|p2a: Glimmora|Glimmora, F, shiny|100/100
|turn|1
|
|t:|1776075175
|move|p1a: Glimmora|Earth Power|p2a: Glimmora
|-supereffective|p2a: Glimmora
|-enditem|p2a: Glimmora|Focus Sash
|-damage|p2a: Glimmora|1/100
|move|p2a: Glimmora|Earth Power|p1a: Glimmora
|-supereffective|p1a: Glimmora
|-enditem|p1a: Glimmora|Focus Sash
|-damage|p1a: Glimmora|1/100
|
|upkeep
|turn|2
|
|t:|1776075197
|move|p2a: Glimmora|Stealth Rock|p1a: Glimmora
|-sidestart|p1: sometimesstandard|move: Stealth Rock
|move|p1a: Glimmora|Mortal Spin|p2a: Glimmora
|-resisted|p2a: Glimmora
|-damage|p2a: Glimmora|0 fnt
|-activate|p2a: Glimmora|ability: Toxic Debris
|-sidestart|p1: sometimesstandard|move: Toxic Spikes
|-sideend|p1: sometimesstandard|Toxic Spikes|[from] move: Mortal Spin|[of] p1a: Glimmora
|-sideend|p1: sometimesstandard|Stealth Rock|[from] move: Mortal Spin|[of] p1a: Glimmora
|faint|p2a: Glimmora
|
|upkeep
|
|t:|1776075200
|switch|p2a: Ninetales|Ninetales-Alola, F, shiny|100/100
|-weather|Snowscape|[from] ability: Snow Warning|[of] p2a: Ninetales
|turn|3
|inactive|sometimesstandard has 120 seconds left.
|
|t:|1776075232
|switch|p1a: Ribombee|Ribombee, F|100/100
|move|p2a: Ninetales|Aurora Veil|p2a: Ninetales
|-sidestart|p2: daddy6741|move: Aurora Veil
|
|-weather|Snowscape|[upkeep]
|upkeep
|turn|4
|inactive|sometimesstandard has 120 seconds left.
|
|t:|1776075243
|switch|p2a: Haxorus|Haxorus, F, shiny|100/100
|-ability|p2a: Haxorus|Mold Breaker
|move|p1a: Ribombee|Sticky Web|p2a: Haxorus
|-sidestart|p2: daddy6741|move: Sticky Web
|
|-weather|Snowscape|[upkeep]
|upkeep
|turn|5
|inactive|sometimesstandard has 120 seconds left.
|
|t:|1776075250
|-terastallize|p2a: Haxorus|Steel
|move|p1a: Ribombee|Stun Spore|p2a: Haxorus|[miss]
|-miss|p1a: Ribombee|p2a: Haxorus
|move|p2a: Haxorus|Swords Dance|p2a: Haxorus
|-boost|p2a: Haxorus|atk|2
|
|-weather|Snowscape|[upkeep]
|upkeep
|turn|6
|
|t:|1776075254
|move|p1a: Ribombee|Stun Spore|p2a: Haxorus
|-status|p2a: Haxorus|par
|move|p2a: Haxorus|Iron Head|p1a: Ribombee
|-supereffective|p1a: Ribombee
|-enditem|p1a: Ribombee|Focus Sash
|-damage|p1a: Ribombee|1/100
|
|-weather|Snowscape|[upkeep]
|upkeep
|turn|7
|
|t:|1776075269
|switch|p1a: Glimmora|Glimmora, M|1/100
|move|p2a: Haxorus|Iron Head|p1a: Glimmora
|-supereffective|p1a: Glimmora
|-damage|p1a: Glimmora|0 fnt
|-activate|p1a: Glimmora|ability: Toxic Debris
|-sidestart|p2: daddy6741|move: Toxic Spikes
|faint|p1a: Glimmora
|
|-weather|none
|upkeep
|inactive|sometimesstandard has 120 seconds left.
|inactive|sometimesstandard has 90 seconds left.
|inactive|sometimesstandard has 60 seconds left.
|
|t:|1776075341
|switch|p1a: Gallade|Gallade, M|100/100
|turn|8
|inactive|sometimesstandard has 60 seconds left.
|inactive|daddy6741 has 120 seconds left.
|
|t:|1776075375
|move|p1a: Gallade|Sacred Sword|p2a: Haxorus
|-supereffective|p2a: Haxorus
|-damage|p2a: Haxorus|1/100 par
|move|p2a: Haxorus|Scale Shot|p1a: Gallade
|-damage|p1a: Gallade|44/100
|-damage|p1a: Gallade|0 fnt
|faint|p1a: Gallade
|-hitcount|p1: Gallade|2
|-unboost|p2a: Haxorus|def|1
|-boost|p2a: Haxorus|spe|1
|
|upkeep
|inactive|sometimesstandard has 60 seconds left.
|inactive|sometimesstandard has 30 seconds left.
|
|t:|1776075418
|switch|p1a: Ribombee|Ribombee, F|1/100
|turn|9
|inactive|daddy6741 has 120 seconds left.
|
|t:|1776075446
|move|p1a: Ribombee|Moonblast|p2a: Haxorus
|-resisted|p2a: Haxorus
|-damage|p2a: Haxorus|0 fnt
|faint|p2a: Haxorus
|
|upkeep
|
|t:|1776075448
|switch|p2a: Lokix|Lokix, M, shiny|100/100
|-activate|p2a: Lokix|move: Sticky Web
|-unboost|p2a: Lokix|spe|1
|-status|p2a: Lokix|psn
|turn|10
|
|t:|1776075468
|move|p2a: Lokix|First Impression|p1a: Ribombee
|-resisted|p1a: Ribombee
|-damage|p1a: Ribombee|0 fnt
|faint|p1a: Ribombee
|
|-damage|p2a: Lokix|88/100 psn|[from] psn
|-sideend|p2: daddy6741|move: Aurora Veil
|upkeep
|inactive|sometimesstandard has 30 seconds left.
|
|t:|1776075485
|switch|p1a: Quaquaval|Quaquaval, F|100/100
|turn|11
|inactive|sometimesstandard has 30 seconds left.
|
|t:|1776075495
|switch|p2a: Manaphy|Manaphy, shiny|100/100
|-activate|p2a: Manaphy|move: Sticky Web
|-unboost|p2a: Manaphy|spe|1
|-status|p2a: Manaphy|psn
|move|p1a: Quaquaval|Close Combat|p2a: Manaphy
|-damage|p2a: Manaphy|49/100 psn
|-unboost|p1a: Quaquaval|def|1
|-unboost|p1a: Quaquaval|spd|1
|-damage|p1a: Quaquaval|91/100|[from] item: Life Orb
|
|-heal|p2a: Manaphy|55/100 psn|[from] item: Leftovers
|-damage|p2a: Manaphy|43/100 psn|[from] psn
|upkeep
|turn|12
|inactive|sometimesstandard has 30 seconds left.
|
|t:|1776075507
|move|p1a: Quaquaval|Close Combat|p2a: Manaphy
|-damage|p2a: Manaphy|0 fnt
|-unboost|p1a: Quaquaval|def|1
|-unboost|p1a: Quaquaval|spd|1
|faint|p2a: Manaphy
|-ability|p1a: Quaquaval|Moxie|boost
|-boost|p1a: Quaquaval|atk|1
|-damage|p1a: Quaquaval|81/100|[from] item: Life Orb
|
|upkeep
|
|t:|1776075510
|switch|p2a: Ninetales|Ninetales-Alola, F, shiny|100/100
|-activate|p2a: Ninetales|move: Sticky Web
|-unboost|p2a: Ninetales|spe|1
|-status|p2a: Ninetales|psn
|-weather|Snowscape|[from] ability: Snow Warning|[of] p2a: Ninetales
|turn|13
|
|t:|1776075518
|move|p1a: Quaquaval|Close Combat|p2a: Ninetales
|-damage|p2a: Ninetales|12/100 psn
|-unboost|p1a: Quaquaval|def|1
|-unboost|p1a: Quaquaval|spd|1
|-damage|p1a: Quaquaval|71/100|[from] item: Life Orb
|move|p2a: Ninetales|Aurora Veil|p2a: Ninetales
|-sidestart|p2: daddy6741|move: Aurora Veil
|
|-weather|Snowscape|[upkeep]
|-damage|p2a: Ninetales|0 fnt|[from] psn
|faint|p2a: Ninetales
|upkeep
|
|t:|1776075524
|switch|p2a: Lokix|Lokix, M, shiny|88/100 psn
|-activate|p2a: Lokix|move: Sticky Web
|-unboost|p2a: Lokix|spe|1
|turn|14
|
|t:|1776075543
|move|p1a: Quaquaval|Close Combat|p2a: Lokix
|-damage|p2a: Lokix|3/100 psn
|-unboost|p1a: Quaquaval|def|1
|-unboost|p1a: Quaquaval|spd|1
|-damage|p1a: Quaquaval|61/100|[from] item: Life Orb
|move|p2a: Lokix|Knock Off|p1a: Quaquaval
|-resisted|p1a: Quaquaval
|-damage|p1a: Quaquaval|0 fnt
|-enditem|p1a: Quaquaval|Life Orb|[from] move: Knock Off|[of] p2a: Lokix
|faint|p1a: Quaquaval
|
|-weather|Snowscape|[upkeep]
|-damage|p2a: Lokix|0 fnt|[from] psn
|faint|p2a: Lokix
|upkeep
|
|t:|1776075558
|switch|p1a: Gholdengo|Gholdengo|100/100
|switch|p2a: Dragonite|Dragonite, M|100/100
|turn|15
|
|t:|1776075562
|move|p1a: Gholdengo|Trick|p2a: Dragonite
|-activate|p1a: Gholdengo|move: Trick|[of] p2a: Dragonite
|-item|p2a: Dragonite|Choice Scarf|[from] move: Trick
|-item|p1a: Gholdengo|Heavy-Duty Boots|[from] move: Trick
|move|p2a: Dragonite|Dragon Dance|p2a: Dragonite
|-boost|p2a: Dragonite|atk|1
|-boost|p2a: Dragonite|spe|1
|
|-weather|Snowscape|[upkeep]
|upkeep
|turn|16
|-message|daddy6741 forfeited.
|
|win|sometimesstandard
|raw|sometimesstandard's rating: 1511 &rarr; <strong>1528</strong><br />(+17 for winning)
|raw|daddy6741's rating: 1465 &rarr; <strong>1448</strong><br />(-17 for losing)
|l|☆daddy6741
|player|p2|
|l|☆sometimesstandard
|player|p1|
