|html|<div class="broadcast-blue"><strong>[Gen 9] OU is currently suspecting Volcarona! For information on how to participate check out the <a href="https://www.smogon.com/tools/suspects/view/208">suspect thread</a>.</strong></div>
|j|☆lemoned2679
|j|☆miruredflere
|t:|1778517849
|gametype|singles
|player|p1|lemoned2679|fisherman-gen4|1190
|player|p2|miruredflere|ash|1223
|gen|9
|tier|[Gen 9] OU
|rated|
|rule|HP Percentage Mod: HP is shown in percentages
|rule|Endless Battle Clause: Forcing endless battles is banned
|rule|Species Clause: Limit one of each Pokémon
|rule|OHKO Clause: OHKO moves are banned
|rule|Evasion Items Clause: Evasion items are banned
|rule|Evasion Moves Clause: Evasion moves are banned
|rule|Evasion Abilities Clause: Evasion abilities are banned
|rule|Sleep Moves Clause: Sleep-inducing moves are banned
|clearpoke
|poke|p1|Dragonite, M|
|poke|p1|Lilligant, F|
|poke|p1|Toxapex, M|
|poke|p1|Cloyster, F|
|poke|p1|Porygon2|
|poke|p1|Torkoal, F|
|poke|p2|Meowscarada, F|
|poke|p2|Raging Bolt|
|poke|p2|Iron Valiant|
|poke|p2|Zoroark-Hisui, M|
|poke|p2|Great Tusk|
|poke|p2|Jirachi|
|teampreview
|inactive|Battle timer is ON: inactive players will automatically lose when time's up. (requested by lemoned2679)
|
|t:|1778517864
|teamsize|p1|6
|teamsize|p2|6
|start
|switch|p1a: Torkoal|Torkoal, F|100/100
|switch|p2a: Not great|Great Tusk, shiny|100/100
|-weather|SunnyDay|[from] ability: Drought|[of] p1a: Torkoal
|-activate|p2a: Not great|ability: Protosynthesis
|-start|p2a: Not great|protosynthesisatk
|turn|1
|
|t:|1778517883
|move|p2a: Not great|Headlong Rush|p1a: Torkoal
|-supereffective|p1a: Torkoal
|-damage|p1a: Torkoal|0 fnt
|-unboost|p2a: Not great|def|1
|-unboost|p2a: Not great|spd|1
|-damage|p2a: Not great|84/100|[from] item: Rocky Helmet|[of] p1a: Torkoal
|faint|p1a: Torkoal
|
|-weather|SunnyDay|[upkeep]
|upkeep
|
|t:|1778517889
|switch|p1a: Lilligant|Lilligant, F|100/100
|turn|2
|
|t:|1778517895
|-end|p2a: Not great|Protosynthesis|[silent]
|switch|p2a: NOPLAY NO FUN|Jirachi|100/100
|move|p1a: Lilligant|Giga Drain|p2a: NOPLAY NO FUN
|-resisted|p2a: NOPLAY NO FUN
|-damage|p2a: NOPLAY NO FUN|82/100
|
|-weather|SunnyDay|[upkeep]
|upkeep
|turn|3
|
|t:|1778517905
|move|p1a: Lilligant|Weather Ball|p2a: NOPLAY NO FUN
|-supereffective|p2a: NOPLAY NO FUN
|-damage|p2a: NOPLAY NO FUN|0 fnt
|faint|p2a: NOPLAY NO FUN
|
|-weather|SunnyDay|[upkeep]
|upkeep
|
|t:|1778517915
|switch|p2a: Miaou-reflere 😺|Meowscarada, F, shiny|100/100
|turn|4
|
|t:|1778517920
|move|p1a: Lilligant|Weather Ball|p2a: Miaou-reflere 😺
|-supereffective|p2a: Miaou-reflere 😺
|-enditem|p2a: Miaou-reflere 😺|Focus Sash
|-damage|p2a: Miaou-reflere 😺|1/100
|move|p2a: Miaou-reflere 😺|Triple Axel|p1a: Lilligant
|-start|p2a: Miaou-reflere 😺|typechange|Ice|[from] ability: Protean
|-supereffective|p1a: Lilligant
|-damage|p1a: Lilligant|70/100
|-supereffective|p1a: Lilligant
|-damage|p1a: Lilligant|2/100
|-supereffective|p1a: Lilligant
|-damage|p1a: Lilligant|0 fnt
|faint|p1a: Lilligant
|-hitcount|p1: Lilligant|3
|
|-weather|SunnyDay|[upkeep]
|upkeep
|
|t:|1778517932
|switch|p1a: Dragonite|Dragonite, M|100/100
|turn|5
|
|t:|1778517935
|move|p1a: Dragonite|Extreme Speed|p2a: Miaou-reflere 😺
|-damage|p2a: Miaou-reflere 😺|0 fnt
|faint|p2a: Miaou-reflere 😺
|
|-weather|none
|upkeep
|
|t:|1778517937
|switch|p2a: Not great|Great Tusk, shiny|100/100
|turn|6
|
|t:|1778517956
|switch|p1a: Cloyster|Cloyster, F|100/100
|move|p2a: Not great|Bitter Malice|p1a: Cloyster
|-enditem|p1a: Cloyster|Focus Sash
|-damage|p1a: Cloyster|1/100
|-unboost|p1a: Cloyster|atk|1
|
|upkeep
|turn|7
|
|t:|1778517965
|move|p2a: Not great|Dark Pulse|p1a: Cloyster
|-damage|p1a: Cloyster|0 fnt
|faint|p1a: Cloyster
|
|upkeep
|
|t:|1778517968
|switch|p1a: Porygon2|Porygon2|100/100
|turn|8
|
|t:|1778517976
|move|p2a: Not great|Dark Pulse|p1a: Porygon2
|-damage|p1a: Porygon2|83/100
|cant|p1a: Porygon2|flinch
|
|upkeep
|turn|9
|
|t:|1778517981
|move|p2a: Not great|Dark Pulse|p1a: Porygon2
|-damage|p1a: Porygon2|65/100
|cant|p1a: Porygon2|flinch
|
|upkeep
|turn|10
|
|t:|1778517986
|move|p2a: Not great|Dark Pulse|p1a: Porygon2
|-damage|p1a: Porygon2|46/100
|move|p1a: Porygon2|Ice Beam|p2a: Not great
|-damage|p2a: Not great|27/100
|replace|p2a: Surprise 🤡|Zoroark-Hisui, M, shiny
|-end|p2a: Surprise 🤡|Illusion
|
|upkeep
|turn|11
|
|t:|1778517995
|move|p2a: Surprise 🤡|Dark Pulse|p1a: Porygon2
|-damage|p1a: Porygon2|27/100
|move|p1a: Porygon2|Shadow Ball|p2a: Surprise 🤡
|-immune|p2a: Surprise 🤡
|
|upkeep
|turn|12
|
|t:|1778518002
|move|p2a: Surprise 🤡|Dark Pulse|p1a: Porygon2
|-damage|p1a: Porygon2|10/100
|move|p1a: Porygon2|Ice Beam|p2a: Surprise 🤡
|-damage|p2a: Surprise 🤡|0 fnt
|faint|p2a: Surprise 🤡
|
|upkeep
|
|t:|1778518012
|switch|p2a: Not great|Great Tusk, shiny|84/100
|turn|13
|
|t:|1778518015
|move|p2a: Not great|Body Press|p1a: Porygon2
|-supereffective|p1a: Porygon2
|-damage|p1a: Porygon2|0 fnt
|faint|p1a: Porygon2
|
|upkeep
|
|t:|1778518022
|switch|p1a: Dragonite|Dragonite, M|100/100
|turn|14
|
|t:|1778518033
|-end|p2a: Not great|Protosynthesis|[silent]
|switch|p2a: Why am i so speed|Raging Bolt|100/100
|move|p1a: Dragonite|Earthquake|p2a: Why am i so speed
|-supereffective|p2a: Why am i so speed
|-damage|p2a: Why am i so speed|28/100
|
|upkeep
|turn|15
|
|t:|1778518040
|-terastallize|p2a: Why am i so speed|Steel
|move|p1a: Dragonite|Extreme Speed|p2a: Why am i so speed
|-resisted|p2a: Why am i so speed
|-damage|p2a: Why am i so speed|15/100
|move|p2a: Why am i so speed|Draco Meteor|p1a: Dragonite
|-supereffective|p1a: Dragonite
|-damage|p1a: Dragonite|10/100
|-unboost|p2a: Why am i so speed|spa|2
|
|upkeep
|turn|16
|
|t:|1778518053
|move|p1a: Dragonite|Earthquake|p2a: Why am i so speed
|-supereffective|p2a: Why am i so speed
|-damage|p2a: Why am i so speed|0 fnt
|faint|p2a: Why am i so speed
|-end|p2a: Why am i so speed|Protosynthesis|[silent]
|
|upkeep
|
|t:|1778518060
|switch|p2a: Not great|Great Tusk, shiny|84/100
|turn|17
|
|t:|1778518064
|move|p1a: Dragonite|Extreme Speed|p2a: Not great
|-damage|p2a: Not great|67/100
|move|p2a: Not great|Rapid Spin|p1a: Dragonite
|-damage|p1a: Dragonite|0 fnt
|-boost|p2a: Not great|spe|1
|faint|p1a: Dragonite
|
|upkeep
|
|t:|1778518069
|switch|p1a: Toxapex|Toxapex, M|100/100
|turn|18
|
|t:|1778518079
|move|p1a: Toxapex|Baneful Bunker|p1a: Toxapex
|-singleturn|p1a: Toxapex|move: Protect
|move|p2a: Not great|Headlong Rush|p1a: Toxapex
|-activate|p1a: Toxapex|move: Protect
|-status|p2a: Not great|psn
|
|-damage|p2a: Not great|55/100 psn|[from] psn
|upkeep
|turn|19
|
|t:|1778518086
|move|p2a: Not great|Headlong Rush|p1a: Toxapex
|-supereffective|p1a: Toxapex
|-damage|p1a: Toxapex|0 fnt
|-unboost|p2a: Not great|def|1
|-unboost|p2a: Not great|spd|1
|faint|p1a: Toxapex
|
|win|miruredflere
|raw|lemoned2679's rating: 1190 &rarr; <strong>1167</strong><br />(-23 for losing)
|raw|miruredflere's rating: 1223 &rarr; <strong>1246</strong><br />(+23 for winning)
|l|☆miruredflere
|player|p2|
|l|☆lemoned2679
|player|p1|
