|html|<div class="broadcast-blue"><strong>[Gen 9] OU is currently suspecting Tera Blast! For information on how to participate check out the <a href="https://www.smogon.com/tools/suspects/view/200">suspect thread</a>.</strong></div>
|j|☆moogathekid
|j|☆gooseemon3
|t:|1776086735
|gametype|singles
|player|p1|moogathekid|steven|1178
|player|p2|gooseemon3|clown|1203
|gen|9
|tier|[Gen 9] OU
|rated|
|rule|HP Percentage Mod: HP is shown in percentages
|rule|Endless Battle Clause: Forcing endless battles is banned
|rule|Species Clause: Limit one of each Pokémon
|rule|OHKO Clause: OHKO moves are banned
|rule|Evasion Items Clause: Evasion items are banned
|rule|Evasion Moves Clause: Evasion moves are banned
|rule|Evasion Abilities Clause: Evasion abilities are banned
|rule|Sleep Moves Clause: Sleep-inducing moves are banned
|clearpoke
|poke|p1|Gardevoir, F|
|poke|p1|Whimsicott, M|
|poke|p1|Milotic, F|
|poke|p1|Mew|
|poke|p1|Incineroar, M|
|poke|p1|Zoroark-Hisui, F|
|poke|p2|Ribombee, M|
|poke|p2|Ceruledge, M|
|poke|p2|Enamorus, F|
|poke|p2|Scrafty, M|
|poke|p2|Darkrai|
|poke|p2|Iron Treads|
|teampreview
|j| ohko_smeargle
|
|t:|1776086755
|teamsize|p1|6
|teamsize|p2|6
|start
|switch|p1a: Incineroar|Incineroar, M|100/100
|switch|p2a: Scrafty|Scrafty, M|100/100
|-ability|p1a: Incineroar|Intimidate|boost
|-unboost|p2a: Scrafty|atk|1
|turn|1
|
|t:|1776086762
|move|p1a: Incineroar|Fake Out|p2a: Scrafty
|-damage|p2a: Scrafty|86/100
|cant|p2a: Scrafty|flinch
|
|-heal|p2a: Scrafty|92/100|[from] item: Leftovers
|upkeep
|turn|2
|
|t:|1776086771
|move|p2a: Scrafty|Dragon Dance|p2a: Scrafty
|-boost|p2a: Scrafty|atk|1
|-boost|p2a: Scrafty|spe|1
|move|p1a: Incineroar|Parting Shot|p2a: Scrafty
|-unboost|p2a: Scrafty|atk|1
|-unboost|p2a: Scrafty|spa|1
|
|t:|1776086782
|switch|p1a: Gardevoir|Gardevoir, F, shiny|100/100|[from] Parting Shot
|-ability|p1a: Gardevoir|Moxie|Trace|[from] ability: Trace|[of] p2a: Scrafty
|
|-heal|p2a: Scrafty|98/100|[from] item: Leftovers
|upkeep
|turn|3
|
|t:|1776086791
|move|p2a: Scrafty|Poison Jab|p1a: Gardevoir
|-supereffective|p1a: Gardevoir
|-damage|p1a: Gardevoir|56/100
|-status|p1a: Gardevoir|psn
|move|p1a: Gardevoir|Calm Mind|p1a: Gardevoir
|-boost|p1a: Gardevoir|spa|1
|-boost|p1a: Gardevoir|spd|1
|
|-heal|p2a: Scrafty|100/100|[from] item: Leftovers
|-damage|p1a: Gardevoir|43/100 psn|[from] psn
|upkeep
|-enditem|p1a: Gardevoir|Sitrus Berry|[eat]
|-heal|p1a: Gardevoir|68/100 psn|[from] item: Sitrus Berry
|turn|4
|
|t:|1776086803
|-terastallize|p2a: Scrafty|Ghost
|move|p2a: Scrafty|Poison Jab|p1a: Gardevoir
|-supereffective|p1a: Gardevoir
|-damage|p1a: Gardevoir|24/100 psn
|move|p1a: Gardevoir|Draining Kiss|p2a: Scrafty
|-damage|p2a: Scrafty|54/100
|-heal|p1a: Gardevoir|52/100 psn|[from] drain|[of] p2a: Scrafty
|
|-heal|p2a: Scrafty|60/100|[from] item: Leftovers
|-damage|p1a: Gardevoir|40/100 psn|[from] psn
|upkeep
|turn|5
|
|t:|1776086811
|move|p2a: Scrafty|Poison Jab|p1a: Gardevoir
|-supereffective|p1a: Gardevoir
|-damage|p1a: Gardevoir|0 fnt
|faint|p1a: Gardevoir
|-ability|p2a: Scrafty|Moxie|boost
|-boost|p2a: Scrafty|atk|1
|
|-heal|p2a: Scrafty|66/100|[from] item: Leftovers
|upkeep
|
|t:|1776086815
|switch|p1a: Whimsicott|Whimsicott, M|100/100
|turn|6
|
|t:|1776086824
|move|p1a: Whimsicott|Stun Spore|p2a: Scrafty|[miss]
|-miss|p1a: Whimsicott|p2a: Scrafty
|move|p2a: Scrafty|Poison Jab|p1a: Whimsicott
|-supereffective|p1a: Whimsicott
|-damage|p1a: Whimsicott|0 fnt
|faint|p1a: Whimsicott
|-ability|p2a: Scrafty|Moxie|boost
|-boost|p2a: Scrafty|atk|1
|
|-heal|p2a: Scrafty|73/100|[from] item: Leftovers
|upkeep
|
|t:|1776086832
|switch|p1a: Mew|Mew|100/100
|turn|7
|
|t:|1776086842
|-terastallize|p1a: Mew|Normal
|move|p2a: Scrafty|Knock Off|p1a: Mew
|-damage|p1a: Mew|45/100
|-enditem|p1a: Mew|Leftovers|[from] move: Knock Off|[of] p2a: Scrafty
|move|p1a: Mew|Transform|p2a: Scrafty
|-transform|p1a: Mew|p2a: Scrafty
|
|-heal|p2a: Scrafty|79/100|[from] item: Leftovers
|upkeep
|turn|8
|
|t:|1776086859
|move|p1a: Mew|Knock Off|p2a: Scrafty
|-supereffective|p2a: Scrafty
|-damage|p2a: Scrafty|0 fnt
|-enditem|p2a: Scrafty|Leftovers|[from] move: Knock Off|[of] p1a: Mew
|faint|p2a: Scrafty
|-ability|p1a: Mew|Moxie|boost
|-boost|p1a: Mew|atk|1
|
|upkeep
|
|t:|1776086865
|switch|p2a: Ribombee|Ribombee, M|100/100
|turn|9
|
|t:|1776086871
|move|p2a: Ribombee|Moonblast|p1a: Mew
|-damage|p1a: Mew|12/100
|move|p1a: Mew|Poison Jab|p2a: Ribombee
|-supereffective|p2a: Ribombee
|-enditem|p2a: Ribombee|Focus Sash
|-damage|p2a: Ribombee|1/100
|
|upkeep
|turn|10
|
|t:|1776086878
|move|p2a: Ribombee|Sticky Web|p1a: Mew
|-sidestart|p1: moogathekid|move: Sticky Web
|move|p1a: Mew|Poison Jab|p2a: Ribombee
|-supereffective|p2a: Ribombee
|-damage|p2a: Ribombee|0 fnt
|faint|p2a: Ribombee
|-ability|p1a: Mew|Moxie|boost
|-boost|p1a: Mew|atk|1
|
|upkeep
|
|t:|1776086884
|switch|p2a: Ceruledge|Ceruledge, M|100/100
|turn|11
|
|t:|1776086888
|move|p1a: Mew|Knock Off|p2a: Ceruledge
|-supereffective|p2a: Ceruledge
|-damage|p2a: Ceruledge|0 fnt
|-enditem|p2a: Ceruledge|Shuca Berry|[from] move: Knock Off|[of] p1a: Mew
|faint|p2a: Ceruledge
|-ability|p1a: Mew|Moxie|boost
|-boost|p1a: Mew|atk|1
|
|upkeep
|
|t:|1776086894
|switch|p2a: Darkrai|Darkrai|100/100
|turn|12
|
|t:|1776086898
|move|p2a: Darkrai|Dark Pulse|p1a: Mew
|-damage|p1a: Mew|0 fnt
|faint|p1a: Mew
|
|upkeep
|
|t:|1776086913
|switch|p1a: Milotic|Milotic, F|100/100
|-activate|p1a: Milotic|move: Sticky Web
|-unboost|p1a: Milotic|spe|1
|-ability|p1a: Milotic|Competitive|boost
|-boost|p1a: Milotic|spa|2
|turn|13
|
|t:|1776086918
|move|p2a: Darkrai|Dark Pulse|p1a: Milotic
|-damage|p1a: Milotic|70/100
|move|p1a: Milotic|Hydro Pump|p2a: Darkrai
|-enditem|p2a: Darkrai|Focus Sash
|-damage|p2a: Darkrai|1/100
|-damage|p1a: Milotic|60/100|[from] item: Life Orb
|
|upkeep
|turn|14
|
|t:|1776086925
|move|p2a: Darkrai|Haze|p2a: Darkrai
|-clearallboost
|move|p1a: Milotic|Ice Beam|p2a: Darkrai
|-damage|p2a: Darkrai|0 fnt
|faint|p2a: Darkrai
|-damage|p1a: Milotic|50/100|[from] item: Life Orb
|
|upkeep
|
|t:|1776086934
|switch|p2a: Enamorus|Enamorus, F|100/100
|turn|15
|
|t:|1776086938
|move|p2a: Enamorus|Superpower|p1a: Milotic
|-damage|p1a: Milotic|13/100
|-boost|p2a: Enamorus|atk|1
|-boost|p2a: Enamorus|def|1
|move|p1a: Milotic|Recover|p1a: Milotic
|-heal|p1a: Milotic|63/100
|
|upkeep
|turn|16
|
|t:|1776086945
|move|p2a: Enamorus|Superpower|p1a: Milotic
|-damage|p1a: Milotic|11/100
|-boost|p2a: Enamorus|atk|1
|-boost|p2a: Enamorus|def|1
|move|p1a: Milotic|Ice Beam|p2a: Enamorus
|-supereffective|p2a: Enamorus
|-damage|p2a: Enamorus|17/100
|-damage|p1a: Milotic|2/100|[from] item: Life Orb
|
|upkeep
|turn|17
|
|t:|1776086954
|move|p2a: Enamorus|Superpower|p1a: Milotic
|-damage|p1a: Milotic|0 fnt
|-boost|p2a: Enamorus|atk|1
|-boost|p2a: Enamorus|def|1
|faint|p1a: Milotic
|
|upkeep
|
|t:|1776086957
|switch|p1a: Incineroar|Incineroar, M|100/100
|-activate|p1a: Incineroar|move: Sticky Web
|-unboost|p1a: Incineroar|spe|1
|-ability|p1a: Incineroar|Intimidate|boost
|-boost|p2a: Enamorus|atk|1
|turn|18
|
|t:|1776086962
|move|p1a: Incineroar|Fake Out|p2a: Enamorus
|-damage|p2a: Enamorus|7/100
|cant|p2a: Enamorus|flinch
|
|upkeep
|turn|19
|
|t:|1776086965
|switch|p1a: Incineroar|Incineroar, M|100/100
|-activate|p1a: Incineroar|move: Sticky Web
|-unboost|p1a: Incineroar|spe|1
|move|p2a: Enamorus|Earth Power|p1a: Incineroar
|-damage|p1a: Incineroar|43/100
|-unboost|p1a: Incineroar|spd|1
|replace|p1a: Zoroark|Zoroark-Hisui, F
|-end|p1a: Zoroark|Illusion
|
|upkeep
|turn|20
|
|t:|1776086975
|move|p2a: Enamorus|Earth Power|p1a: Zoroark
|-damage|p1a: Zoroark|0 fnt
|faint|p1a: Zoroark
|
|upkeep
|
|t:|1776086977
|switch|p1a: Incineroar|Incineroar, M|100/100
|-activate|p1a: Incineroar|move: Sticky Web
|-unboost|p1a: Incineroar|spe|1
|-ability|p1a: Incineroar|Intimidate|boost
|-boost|p2a: Enamorus|atk|1
|turn|21
|
|t:|1776086982
|move|p1a: Incineroar|Fake Out|p2a: Enamorus
|-damage|p2a: Enamorus|0 fnt
|faint|p2a: Enamorus
|
|upkeep
|
|t:|1776086985
|switch|p2a: Iron Treads|Iron Treads|100/100
|-enditem|p2a: Iron Treads|Booster Energy
|-activate|p2a: Iron Treads|ability: Quark Drive|[fromitem]
|-start|p2a: Iron Treads|quarkdriveatk
|turn|22
|
|t:|1776086990
|move|p2a: Iron Treads|Earthquake|p1a: Incineroar
|-supereffective|p1a: Incineroar
|-damage|p1a: Incineroar|0 fnt
|faint|p1a: Incineroar
|
|win|gooseemon3
|raw|moogathekid's rating: 1178 &rarr; <strong>1155</strong><br />(-23 for losing)
|raw|gooseemon3's rating: 1203 &rarr; <strong>1226</strong><br />(+23 for winning)
|l| ohko_smeargle
|l|☆gooseemon3
|player|p2|
|l|☆moogathekid
|player|p1|
