|html|<div class="broadcast-blue"><strong>[Gen 9] OU is currently suspecting Tera Blast! For information on how to participate check out the <a href="https://www.smogon.com/tools/suspects/view/200">suspect thread</a>.</strong></div>
|j|☆Dragonzord6
|j|☆Locky_Gamess_
|t:|1776167712
|gametype|singles
|player|p1|Dragonzord6|lance|1521
|player|p2|Locky_Gamess_|lucas-gen4pt|1575
|gen|9
|tier|[Gen 9] OU
|rated|
|rule|HP Percentage Mod: HP is shown in percentages
|rule|Endless Battle Clause: Forcing endless battles is banned
|rule|Species Clause: Limit one of each Pokémon
|rule|OHKO Clause: OHKO moves are banned
|rule|Evasion Items Clause: Evasion items are banned
|rule|Evasion Moves Clause: Evasion moves are banned
|rule|Evasion Abilities Clause: Evasion abilities are banned
|rule|Sleep Moves Clause: Sleep-inducing moves are banned
|clearpoke
|poke|p1|Pelipper, M|
|poke|p1|Barraskewda, M|
|poke|p1|Kingdra, M|
|poke|p1|Raging Bolt|
|poke|p1|Kingambit, M|
|poke|p1|Zamazenta-*|
|poke|p2|Ting-Lu|
|poke|p2|Slowking-Galar, F|
|poke|p2|Kyurem|
|poke|p2|Iron Treads|
|poke|p2|Iron Valiant|
|poke|p2|Zamazenta-*|
|teampreview
|inactive|Battle timer is ON: inactive players will automatically lose when time's up. (requested by Dragonzord6)
|
|t:|1776167722
|teamsize|p1|6
|teamsize|p2|6
|start
|switch|p1a: Pelipper|Pelipper, M, shiny|100/100
|switch|p2a: Kyurem|Kyurem|100/100
|-ability|p2a: Kyurem|Pressure
|-weather|RainDance|[from] ability: Drizzle|[of] p1a: Pelipper
|turn|1
|
|t:|1776167731
|switch|p1a: Kingambit|Kingambit, M|100/100
|move|p2a: Kyurem|Freeze-Dry|p1a: Kingambit
|-resisted|p1a: Kingambit
|-damage|p1a: Kingambit|81/100
|
|-weather|RainDance|[upkeep]
|upkeep
|turn|2
|
|t:|1776167743
|move|p2a: Kyurem|Body Press|p1a: Kingambit
|-supereffective|p1a: Kingambit
|-damage|p1a: Kingambit|16/100
|move|p1a: Kingambit|Kowtow Cleave|p2a: Kyurem
|-damage|p2a: Kyurem|55/100
|
|-weather|RainDance|[upkeep]
|upkeep
|turn|3
|
|t:|1776167757
|switch|p2a: Ting-Lu|Ting-Lu|100/100
|-ability|p2a: Ting-Lu|Vessel of Ruin
|-terastallize|p1a: Kingambit|Ghost
|move|p1a: Kingambit|Iron Head|p2a: Ting-Lu
|-damage|p2a: Ting-Lu|79/100
|
|-weather|RainDance|[upkeep]
|-heal|p2a: Ting-Lu|86/100|[from] item: Leftovers
|upkeep
|turn|4
|
|t:|1776167773
|move|p1a: Kingambit|Kowtow Cleave|p2a: Ting-Lu
|-resisted|p2a: Ting-Lu
|-damage|p2a: Ting-Lu|73/100
|move|p2a: Ting-Lu|Stealth Rock|p1a: Kingambit
|-sidestart|p1: Dragonzord6|move: Stealth Rock
|
|-weather|RainDance|[upkeep]
|-heal|p2a: Ting-Lu|79/100|[from] item: Leftovers
|upkeep
|turn|5
|
|t:|1776167783
|move|p1a: Kingambit|Iron Head|p2a: Ting-Lu
|-damage|p2a: Ting-Lu|61/100
|move|p2a: Ting-Lu|Whirlwind|p1a: Kingambit
|drag|p1a: Kingdra|Kingdra, M, shiny|100/100
|-damage|p1a: Kingdra|88/100|[from] Stealth Rock
|
|-weather|RainDance|[upkeep]
|-heal|p2a: Ting-Lu|67/100|[from] item: Leftovers
|upkeep
|turn|6
|
|t:|1776167800
|move|p1a: Kingdra|Weather Ball|p2a: Ting-Lu
|-supereffective|p2a: Ting-Lu
|-damage|p2a: Ting-Lu|0 fnt
|faint|p2a: Ting-Lu
|
|-weather|RainDance|[upkeep]
|upkeep
|
|t:|1776167802
|switch|p2a: Slowking|Slowking-Galar, F|100/100
|turn|7
|
|t:|1776167809
|move|p1a: Kingdra|Weather Ball|p2a: Slowking
|-damage|p2a: Slowking|37/100
|-prepare|p2a: Slowking|Chilly Reception|[premajor]
|move|p2a: Slowking|Chilly Reception|p2a: Slowking
|-weather|Snowscape
|
|t:|1776167812
|switch|p2a: Kyurem|Kyurem|55/100|[from] Chilly Reception
|-ability|p2a: Kyurem|Pressure
|
|-weather|Snowscape|[upkeep]
|upkeep
|turn|8
|
|t:|1776167821
|switch|p1a: Pelipper|Pelipper, M, shiny|100/100
|-damage|p1a: Pelipper|76/100|[from] Stealth Rock
|-weather|RainDance|[from] ability: Drizzle|[of] p1a: Pelipper
|move|p2a: Kyurem|Freeze-Dry|p1a: Pelipper
|-supereffective|p1a: Pelipper
|-crit|p1a: Pelipper
|-damage|p1a: Pelipper|0 fnt
|faint|p1a: Pelipper
|
|-weather|RainDance|[upkeep]
|upkeep
|
|t:|1776167834
|switch|p1a: Kingdra|Kingdra, M, shiny|88/100
|-damage|p1a: Kingdra|76/100|[from] Stealth Rock
|turn|9
|
|t:|1776167842
|switch|p2a: Iron Treads|Iron Treads|100/100
|-enditem|p2a: Iron Treads|Booster Energy
|-activate|p2a: Iron Treads|ability: Quark Drive|[fromitem]
|-start|p2a: Iron Treads|quarkdrivespe
|move|p1a: Kingdra|Weather Ball|p2a: Iron Treads
|-supereffective|p2a: Iron Treads
|-crit|p2a: Iron Treads
|-damage|p2a: Iron Treads|0 fnt
|faint|p2a: Iron Treads
|-end|p2a: Iron Treads|Quark Drive|[silent]
|
|-weather|RainDance|[upkeep]
|upkeep
|
|t:|1776167844
|switch|p2a: Slowking|Slowking-Galar, F|70/100
|turn|10
|
|t:|1776167856
|-terastallize|p2a: Slowking|Water
|move|p1a: Kingdra|Weather Ball|p2a: Slowking
|-resisted|p2a: Slowking
|-damage|p2a: Slowking|42/100
|-prepare|p2a: Slowking|Chilly Reception|[premajor]
|move|p2a: Slowking|Chilly Reception|p2a: Slowking
|-weather|Snowscape
|
|t:|1776167862
|switch|p2a: Kyurem|Kyurem|55/100|[from] Chilly Reception
|-ability|p2a: Kyurem|Pressure
|
|-weather|Snowscape|[upkeep]
|upkeep
|turn|11
|
|t:|1776167874
|switch|p1a: Kingambit|Kingambit, M, tera:Ghost|16/100
|-damage|p1a: Kingambit|4/100|[from] Stealth Rock
|move|p2a: Kyurem|Freeze-Dry|p1a: Kingambit
|-damage|p1a: Kingambit|0 fnt
|faint|p1a: Kingambit
|
|-weather|Snowscape|[upkeep]
|upkeep
|
|t:|1776167883
|switch|p1a: Zamazenta|Zamazenta, shiny|100/100
|-damage|p1a: Zamazenta|94/100|[from] Stealth Rock
|-ability|p1a: Zamazenta|Dauntless Shield|boost
|-boost|p1a: Zamazenta|def|1
|turn|12
|
|t:|1776167889
|switch|p2a: Iron Valiant|Iron Valiant|100/100
|-enditem|p2a: Iron Valiant|Booster Energy
|-activate|p2a: Iron Valiant|ability: Quark Drive|[fromitem]
|-start|p2a: Iron Valiant|quarkdrivespe
|move|p1a: Zamazenta|Iron Defense|p1a: Zamazenta
|-boost|p1a: Zamazenta|def|2
|
|-weather|Snowscape|[upkeep]
|-heal|p1a: Zamazenta|100/100|[from] item: Leftovers
|upkeep
|turn|13
|
|t:|1776167899
|move|p2a: Iron Valiant|Moonblast|p1a: Zamazenta
|-supereffective|p1a: Zamazenta
|-damage|p1a: Zamazenta|14/100
|move|p1a: Zamazenta|Roar|p2a: Iron Valiant
|-end|p2a: Iron Valiant|Quark Drive|[silent]
|drag|p2a: Kyurem|Kyurem|55/100
|-ability|p2a: Kyurem|Pressure
|
|-weather|Snowscape|[upkeep]
|-heal|p1a: Zamazenta|20/100|[from] item: Leftovers
|upkeep
|turn|14
|
|t:|1776167910
|switch|p2a: Iron Valiant|Iron Valiant|100/100
|move|p1a: Zamazenta|Body Press|p2a: Iron Valiant
|-resisted|p2a: Iron Valiant
|-damage|p2a: Iron Valiant|43/100
|
|-weather|none
|-heal|p1a: Zamazenta|26/100|[from] item: Leftovers
|upkeep
|turn|15
|
|t:|1776167919
|move|p1a: Zamazenta|Body Press|p2a: Iron Valiant
|-resisted|p2a: Iron Valiant
|-damage|p2a: Iron Valiant|0 fnt
|faint|p2a: Iron Valiant
|-end|p2a: Iron Valiant|Quark Drive|[silent]
|
|-heal|p1a: Zamazenta|32/100|[from] item: Leftovers
|upkeep
|
|t:|1776167921
|switch|p2a: Zamazenta|Zamazenta|100/100
|-ability|p2a: Zamazenta|Dauntless Shield|boost
|-boost|p2a: Zamazenta|def|1
|turn|16
|
|t:|1776167932
|move|p2a: Zamazenta|Body Press|p1a: Zamazenta
|-damage|p1a: Zamazenta|16/100
|move|p1a: Zamazenta|Roar|p2a: Zamazenta
|drag|p2a: Slowking|Slowking-Galar, F, tera:Water|76/100
|
|-heal|p1a: Zamazenta|23/100|[from] item: Leftovers
|upkeep
|turn|17
|
|t:|1776167942
|switch|p2a: Zamazenta|Zamazenta|100/100
|move|p1a: Zamazenta|Body Press|p2a: Zamazenta
|-damage|p2a: Zamazenta|26/100
|
|-heal|p1a: Zamazenta|29/100|[from] item: Leftovers
|-heal|p2a: Zamazenta|32/100|[from] item: Leftovers
|upkeep
|turn|18
|
|t:|1776167950
|move|p1a: Zamazenta|Body Press|p2a: Zamazenta
|-damage|p2a: Zamazenta|0 fnt
|faint|p2a: Zamazenta
|
|-heal|p1a: Zamazenta|35/100|[from] item: Leftovers
|upkeep
|
|t:|1776167951
|switch|p2a: Slowking|Slowking-Galar, F, tera:Water|100/100
|turn|19
|
|t:|1776167963
|move|p1a: Zamazenta|Body Press|p2a: Slowking
|-damage|p2a: Slowking|0 fnt
|faint|p2a: Slowking
|
|-heal|p1a: Zamazenta|41/100|[from] item: Leftovers
|upkeep
|-message|Locky_Gamess_ forfeited.
|
|win|Dragonzord6
|raw|Dragonzord6's rating: 1521 &rarr; <strong>1544</strong><br />(+23 for winning)
|raw|Locky_Gamess_'s rating: 1575 &rarr; <strong>1552</strong><br />(-23 for losing)
|l|☆Locky_Gamess_
|player|p2|
