|html|<div class="broadcast-blue"><strong>[Gen 9] OU is currently suspecting Tera Blast! For information on how to participate check out the <a href="https://www.smogon.com/tools/suspects/view/200">suspect thread</a>.</strong></div>
|j|☆Hajun420
|j|☆Cinder Stan!
|t:|1776141541
|gametype|singles
|player|p1|Hajun420|cynthia-gen4|1084
|player|p2|Cinder Stan!|emmet|1138
|gen|9
|tier|[Gen 9] OU
|rated|
|rule|HP Percentage Mod: HP is shown in percentages
|rule|Endless Battle Clause: Forcing endless battles is banned
|rule|Species Clause: Limit one of each Pokémon
|rule|OHKO Clause: OHKO moves are banned
|rule|Evasion Items Clause: Evasion items are banned
|rule|Evasion Moves Clause: Evasion moves are banned
|rule|Evasion Abilities Clause: Evasion abilities are banned
|rule|Sleep Moves Clause: Sleep-inducing moves are banned
|clearpoke
|poke|p1|Glimmora, M|
|poke|p1|Hydrapple, F|
|poke|p1|Ogerpon-Cornerstone, F|
|poke|p1|Moltres|
|poke|p1|Pecharunt|
|poke|p1|Samurott-Hisui, F|
|poke|p2|Cinderace, M|
|poke|p2|Meowscarada, F|
|poke|p2|Ogerpon-Wellspring, F|
|poke|p2|Kingambit, F|
|poke|p2|Gholdengo|
|poke|p2|Iron Valiant|
|teampreview
|inactive|Battle timer is ON: inactive players will automatically lose when time's up. (requested by Hajun420)
|
|t:|1776141557
|teamsize|p1|6
|teamsize|p2|6
|start
|switch|p1a: Glimmora|Glimmora, M|100/100
|switch|p2a: Ogerpon|Ogerpon-Wellspring, F|100/100
|turn|1
|
|t:|1776141564
|move|p2a: Ogerpon|Swords Dance|p2a: Ogerpon
|-boost|p2a: Ogerpon|atk|2
|move|p1a: Glimmora|Stealth Rock|p2a: Ogerpon
|-sidestart|p2: Cinder Stan!|move: Stealth Rock
|
|upkeep
|turn|2
|
|t:|1776141578
|move|p2a: Ogerpon|Ivy Cudgel|p1a: Glimmora|[anim] Ivy Cudgel Water
|-supereffective|p1a: Glimmora
|-damage|p1a: Glimmora|0 fnt
|-activate|p1a: Glimmora|ability: Toxic Debris
|-sidestart|p2: Cinder Stan!|move: Toxic Spikes
|faint|p1a: Glimmora
|
|upkeep
|
|t:|1776141587
|switch|p1a: Hydrapple|Hydrapple, F|100/100
|turn|3
|
|t:|1776141596
|move|p2a: Ogerpon|Swords Dance|p2a: Ogerpon
|-boost|p2a: Ogerpon|atk|2
|move|p1a: Hydrapple|Giga Drain|p2a: Ogerpon
|-damage|p2a: Ogerpon|33/100
|-damage|p1a: Hydrapple|91/100|[from] item: Life Orb
|
|upkeep
|turn|4
|
|t:|1776141615
|move|p2a: Ogerpon|Horn Leech|p1a: Hydrapple
|-resisted|p1a: Hydrapple
|-damage|p1a: Hydrapple|60/100
|-heal|p2a: Ogerpon|51/100|[from] drain|[of] p1a: Hydrapple
|move|p1a: Hydrapple|Giga Drain|p2a: Ogerpon
|-damage|p2a: Ogerpon|0 fnt
|-heal|p1a: Hydrapple|82/100|[from] drain|[of] p2a: Ogerpon
|faint|p2a: Ogerpon
|-damage|p1a: Hydrapple|72/100|[from] item: Life Orb
|
|upkeep
|
|t:|1776141623
|switch|p2a: Meowscarada|Meowscarada, F|100/100
|-damage|p2a: Meowscarada|88/100|[from] Stealth Rock
|-status|p2a: Meowscarada|psn
|turn|5
|
|t:|1776141630
|-terastallize|p1a: Hydrapple|Poison
|move|p2a: Meowscarada|Triple Axel|p1a: Hydrapple
|-start|p2a: Meowscarada|typechange|Ice|[from] ability: Protean
|-damage|p1a: Hydrapple|63/100
|-damage|p1a: Hydrapple|46/100
|-damage|p1a: Hydrapple|17/100
|-hitcount|p1a: Hydrapple|3
|move|p1a: Hydrapple|Nasty Plot|p1a: Hydrapple
|-boost|p1a: Hydrapple|spa|2
|
|-damage|p2a: Meowscarada|76/100 psn|[from] psn
|upkeep
|turn|6
|
|t:|1776141641
|move|p2a: Meowscarada|Triple Axel|p1a: Hydrapple
|-damage|p1a: Hydrapple|7/100
|-damage|p1a: Hydrapple|0 fnt
|faint|p1a: Hydrapple
|-hitcount|p1: Hydrapple|2
|
|-damage|p2a: Meowscarada|64/100 psn|[from] psn
|upkeep
|
|t:|1776141660
|switch|p1a: Ogerpon|Ogerpon-Cornerstone, F|100/100
|turn|7
|
|t:|1776141668
|switch|p1a: Moltres|Moltres|100/100
|move|p2a: Meowscarada|Triple Axel|p1a: Moltres
|-damage|p1a: Moltres|92/100
|-crit|p1a: Moltres
|-damage|p1a: Moltres|70/100
|-damage|p1a: Moltres|50/100
|-hitcount|p1a: Moltres|3
|
|-damage|p2a: Meowscarada|51/100 psn|[from] psn
|upkeep
|turn|8
|
|t:|1776141678
|move|p2a: Meowscarada|Triple Axel|p1a: Moltres
|-damage|p1a: Moltres|42/100
|-damage|p1a: Moltres|27/100
|-damage|p1a: Moltres|5/100
|-hitcount|p1a: Moltres|3
|move|p1a: Moltres|Roost|p1a: Moltres
|-heal|p1a: Moltres|55/100
|-singleturn|p1a: Moltres|move: Roost
|
|-damage|p2a: Meowscarada|39/100 psn|[from] psn
|upkeep
|turn|9
|
|t:|1776141686
|move|p2a: Meowscarada|Triple Axel|p1a: Moltres
|-damage|p1a: Moltres|47/100
|-damage|p1a: Moltres|32/100
|-damage|p1a: Moltres|11/100
|-hitcount|p1a: Moltres|3
|move|p1a: Moltres|Roost|p1a: Moltres
|-heal|p1a: Moltres|61/100
|-singleturn|p1a: Moltres|move: Roost
|
|-damage|p2a: Meowscarada|27/100 psn|[from] psn
|upkeep
|turn|10
|
|t:|1776141694
|move|p2a: Meowscarada|Triple Axel|p1a: Moltres
|-crit|p1a: Moltres
|-damage|p1a: Moltres|49/100
|-damage|p1a: Moltres|34/100
|-damage|p1a: Moltres|11/100
|-hitcount|p1a: Moltres|3
|move|p1a: Moltres|Flamethrower|p2a: Meowscarada
|-supereffective|p2a: Meowscarada
|-damage|p2a: Meowscarada|0 fnt
|faint|p2a: Meowscarada
|
|upkeep
|
|t:|1776141711
|switch|p2a: Iron Valiant|Iron Valiant|100/100
|-damage|p2a: Iron Valiant|94/100|[from] Stealth Rock
|-status|p2a: Iron Valiant|psn
|-enditem|p2a: Iron Valiant|Booster Energy
|-activate|p2a: Iron Valiant|ability: Quark Drive|[fromitem]
|-start|p2a: Iron Valiant|quarkdrivespe
|turn|11
|inactive|Hajun420 has 120 seconds left.
|
|t:|1776141749
|move|p2a: Iron Valiant|Thunderbolt|p1a: Moltres
|-supereffective|p1a: Moltres
|-damage|p1a: Moltres|0 fnt
|faint|p1a: Moltres
|
|-damage|p2a: Iron Valiant|82/100 psn|[from] psn
|upkeep
|
|t:|1776141766
|switch|p1a: Ogerpon|Ogerpon-Cornerstone, F|100/100
|turn|12
|
|t:|1776141774
|switch|p1a: Pecharunt|Pecharunt|100/100
|move|p2a: Iron Valiant|Aura Sphere|p1a: Pecharunt
|-immune|p1a: Pecharunt
|
|-damage|p2a: Iron Valiant|69/100 psn|[from] psn
|upkeep
|turn|13
|
|t:|1776141783
|move|p2a: Iron Valiant|Shadow Ball|p1a: Pecharunt
|-supereffective|p1a: Pecharunt
|-crit|p1a: Pecharunt
|-damage|p1a: Pecharunt|22/100
|move|p1a: Pecharunt|Nasty Plot|p1a: Pecharunt
|-boost|p1a: Pecharunt|spa|2
|
|-damage|p2a: Iron Valiant|57/100 psn|[from] psn
|upkeep
|turn|14
|inactive|Hajun420 has 120 seconds left.
|
|t:|1776141790
|move|p2a: Iron Valiant|Shadow Ball|p1a: Pecharunt
|-supereffective|p1a: Pecharunt
|-damage|p1a: Pecharunt|0 fnt
|faint|p1a: Pecharunt
|
|-damage|p2a: Iron Valiant|44/100 psn|[from] psn
|upkeep
|
|t:|1776141794
|switch|p1a: Samurott|Samurott-Hisui, F|100/100
|turn|15
|
|t:|1776141801
|move|p1a: Samurott|Aqua Jet|p2a: Iron Valiant
|-damage|p2a: Iron Valiant|2/100 psn
|move|p2a: Iron Valiant|Aura Sphere|p1a: Samurott
|-supereffective|p1a: Samurott
|-damage|p1a: Samurott|0 fnt
|faint|p1a: Samurott
|
|-damage|p2a: Iron Valiant|0 fnt|[from] psn
|faint|p2a: Iron Valiant
|-end|p2a: Iron Valiant|Quark Drive|[silent]
|upkeep
|
|t:|1776141815
|switch|p2a: Gholdengo|Gholdengo|100/100
|switch|p1a: Ogerpon|Ogerpon-Cornerstone, F|100/100
|-damage|p2a: Gholdengo|94/100|[from] Stealth Rock
|-item|p2a: Gholdengo|Air Balloon
|turn|16
|
|t:|1776141828
|-terastallize|p2a: Gholdengo|Steel
|move|p1a: Ogerpon|Swords Dance|p1a: Ogerpon
|-boost|p1a: Ogerpon|atk|2
|move|p2a: Gholdengo|Make It Rain|p1a: Ogerpon
|-supereffective|p1a: Ogerpon
|-ability|p1a: Ogerpon|Sturdy
|-damage|p1a: Ogerpon|1/100
|-unboost|p2a: Gholdengo|spa|1
|
|upkeep
|turn|17
|
|t:|1776141856
|move|p1a: Ogerpon|Power Whip|p2a: Gholdengo
|-resisted|p2a: Gholdengo
|-damage|p2a: Gholdengo|8/100
|-enditem|p2a: Gholdengo|Air Balloon
|move|p2a: Gholdengo|Dazzling Gleam|p1a: Ogerpon
|-damage|p1a: Ogerpon|0 fnt
|faint|p1a: Ogerpon
|
|win|Cinder Stan!
|raw|Hajun420's rating: 1084 &rarr; <strong>1065</strong><br />(-19 for losing)
|raw|Cinder Stan!'s rating: 1138 &rarr; <strong>1159</strong><br />(+21 for winning)
|l|☆Hajun420
|player|p1|
