|html|<div class="broadcast-blue"><strong>[Gen 9] OU is currently suspecting Tera Blast! For information on how to participate check out the <a href="https://www.smogon.com/tools/suspects/view/200">suspect thread</a>.</strong></div>
|j|☆bird_198
|j|☆lourde
|t:|1776337144
|gametype|singles
|player|p1|bird_198|pokemaniac|1057
|player|p2|lourde|1|1027
|gen|9
|tier|[Gen 9] OU
|rated|
|rule|HP Percentage Mod: HP is shown in percentages
|rule|Endless Battle Clause: Forcing endless battles is banned
|rule|Species Clause: Limit one of each Pokémon
|rule|OHKO Clause: OHKO moves are banned
|rule|Evasion Items Clause: Evasion items are banned
|rule|Evasion Moves Clause: Evasion moves are banned
|rule|Evasion Abilities Clause: Evasion abilities are banned
|rule|Sleep Moves Clause: Sleep-inducing moves are banned
|clearpoke
|poke|p1|Grafaiai, F|
|poke|p1|Smeargle, F|
|poke|p1|Gholdengo|
|poke|p1|Jumpluff, M|
|poke|p1|Flamigo, M|
|poke|p1|Cloyster, M|
|poke|p2|Altaria, M|
|poke|p2|Dragapult, M|
|poke|p2|Incineroar, M|
|poke|p2|Garchomp, M|
|poke|p2|Slowking, M|
|poke|p2|Corviknight, F|
|teampreview
|
|t:|1776337158
|teamsize|p1|6
|teamsize|p2|6
|start
|switch|p1a: Jumpluff|Jumpluff, M|100/100
|switch|p2a: Altaria|Altaria, M|100/100
|-ability|p2a: Altaria|Cloud Nine
|turn|1
|
|t:|1776337171
|move|p1a: Jumpluff|Swords Dance|p1a: Jumpluff
|-boost|p1a: Jumpluff|atk|2
|move|p2a: Altaria|Ice Beam|p1a: Jumpluff
|-supereffective|p1a: Jumpluff
|-damage|p1a: Jumpluff|0 fnt
|faint|p1a: Jumpluff
|
|upkeep
|
|t:|1776337180
|switch|p1a: Cloyster|Cloyster, M|100/100
|turn|2
|
|t:|1776337185
|move|p2a: Altaria|Tailwind|p2a: Altaria
|-sidestart|p2: lourde|move: Tailwind
|move|p1a: Cloyster|Shell Smash|p1a: Cloyster
|-unboost|p1a: Cloyster|def|1
|-unboost|p1a: Cloyster|spd|1
|-boost|p1a: Cloyster|atk|2
|-boost|p1a: Cloyster|spa|2
|-boost|p1a: Cloyster|spe|2
|-enditem|p1a: Cloyster|Eject Pack
|
|t:|1776337191
|switch|p1a: Flamigoat|Flamigo, M|100/100
|
|upkeep
|turn|3
|
|t:|1776337210
|move|p2a: Altaria|Moonblast|p1a: Flamigoat
|-supereffective|p1a: Flamigoat
|-damage|p1a: Flamigoat|34/100
|move|p1a: Flamigoat|Copycat|p1a: Flamigoat
|move|p1a: Flamigoat|Moonblast|p2a: Altaria|[from] move: Copycat
|-supereffective|p2a: Altaria
|-damage|p2a: Altaria|74/100
|
|-heal|p2a: Altaria|81/100|[from] item: Leftovers
|upkeep
|turn|4
|
|t:|1776337222
|move|p1a: Flamigoat|Upper Hand||[still]
|-fail|p1a: Flamigoat
|move|p2a: Altaria|Moonblast|p1a: Flamigoat
|-supereffective|p1a: Flamigoat
|-damage|p1a: Flamigoat|0 fnt
|faint|p1a: Flamigoat
|
|-heal|p2a: Altaria|87/100|[from] item: Leftovers
|upkeep
|
|t:|1776337229
|switch|p1a: Cloyster|Cloyster, M|100/100
|turn|5
|
|t:|1776337242
|move|p2a: Altaria|Moonblast|p1a: Cloyster
|-damage|p1a: Cloyster|74/100
|move|p1a: Cloyster|Icicle Spear|p2a: Altaria
|-supereffective|p2a: Altaria
|-damage|p2a: Altaria|46/100
|-supereffective|p2a: Altaria
|-damage|p2a: Altaria|0 fnt
|faint|p2a: Altaria
|-hitcount|p2: Altaria|2
|
|-sideend|p2: lourde|move: Tailwind
|upkeep
|
|t:|1776337268
|switch|p2a: Incineroar|Incineroar, M|100/100
|-ability|p2a: Incineroar|Intimidate|boost
|-unboost|p1a: Cloyster|atk|1
|turn|6
|
|t:|1776337274
|move|p2a: Incineroar|Close Combat|p1a: Cloyster
|-supereffective|p1a: Cloyster
|-damage|p1a: Cloyster|27/100
|-unboost|p2a: Incineroar|def|1
|-unboost|p2a: Incineroar|spd|1
|move|p1a: Cloyster|Spikes|p2a: Incineroar
|-sidestart|p2: lourde|Spikes
|
|upkeep
|turn|7
|
|t:|1776337282
|move|p2a: Incineroar|Close Combat|p1a: Cloyster
|-supereffective|p1a: Cloyster
|-damage|p1a: Cloyster|0 fnt
|-unboost|p2a: Incineroar|def|1
|-unboost|p2a: Incineroar|spd|1
|faint|p1a: Cloyster
|
|upkeep
|
|t:|1776337288
|switch|p1a: Gholdengo|Gholdengo|100/100
|turn|8
|
|t:|1776337300
|move|p1a: Gholdengo|Make It Rain|p2a: Incineroar
|-resisted|p2a: Incineroar
|-damage|p2a: Incineroar|40/100
|-unboost|p1a: Gholdengo|spa|1
|move|p2a: Incineroar|Bulk Up|p2a: Incineroar
|-boost|p2a: Incineroar|atk|1
|-boost|p2a: Incineroar|def|1
|
|-heal|p2a: Incineroar|46/100|[from] item: Leftovers
|upkeep
|turn|9
|
|t:|1776337312
|move|p1a: Gholdengo|Make It Rain|p2a: Incineroar
|-resisted|p2a: Incineroar
|-damage|p2a: Incineroar|7/100
|-unboost|p1a: Gholdengo|spa|1
|move|p2a: Incineroar|Knock Off|p1a: Gholdengo
|-supereffective|p1a: Gholdengo
|-damage|p1a: Gholdengo|0 fnt
|-enditem|p1a: Gholdengo|Choice Scarf|[from] move: Knock Off|[of] p2a: Incineroar
|faint|p1a: Gholdengo
|
|-heal|p2a: Incineroar|13/100|[from] item: Leftovers
|upkeep
|
|t:|1776337323
|switch|p1a: Grafaiai|Grafaiai, F|100/100
|turn|10
|
|t:|1776337330
|-terastallize|p1a: Grafaiai|Flying
|move|p2a: Incineroar|Fire Punch|p1a: Grafaiai
|-damage|p1a: Grafaiai|17/100
|move|p1a: Grafaiai|Dig||[still]
|-prepare|p1a: Grafaiai|Dig
|
|-heal|p2a: Incineroar|20/100|[from] item: Leftovers
|upkeep
|turn|11
|
|t:|1776337341
|move|p2a: Incineroar|Bulk Up|p2a: Incineroar
|-boost|p2a: Incineroar|atk|1
|-boost|p2a: Incineroar|def|1
|move|p1a: Grafaiai|Dig|p2a: Incineroar|[from] lockedmove
|-supereffective|p2a: Incineroar
|-damage|p2a: Incineroar|0 fnt
|faint|p2a: Incineroar
|
|upkeep
|
|t:|1776337350
|switch|p2a: Corviknight|Corviknight, F|100/100
|turn|12
|
|t:|1776337358
|switch|p1a: Smeargle|Smeargle, F|100/100
|move|p2a: Corviknight|Bulk Up|p2a: Corviknight
|-boost|p2a: Corviknight|atk|1
|-boost|p2a: Corviknight|def|1
|
|upkeep
|turn|13
|
|t:|1776337366
|move|p1a: Smeargle|Jaw Lock|p2a: Corviknight
|-damage|p2a: Corviknight|94/100
|-activate|p1a: Smeargle|trapped
|-activate|p2a: Corviknight|trapped
|move|p2a: Corviknight|Body Press|p1a: Smeargle
|-supereffective|p1a: Smeargle
|-damage|p1a: Smeargle|0 fnt
|faint|p1a: Smeargle
|
|upkeep
|-message|bird_198 forfeited.
|
|win|lourde
|raw|bird_198's rating: 1057 &rarr; <strong>1037</strong><br />(-20 for losing)
|raw|lourde's rating: 1027 &rarr; <strong>1066</strong><br />(+39 for winning)
|l|☆bird_198
|player|p1|
