|html|<div class="broadcast-blue"><strong>[Gen 9] OU is currently suspecting Volcarona! For information on how to participate check out the <a href="https://www.smogon.com/tools/suspects/view/208">suspect thread</a>.</strong></div>
|j|☆Agathina
|j|☆athos345
|t:|1778505844
|gametype|singles
|player|p1|Agathina|cynthia-gen4|1338
|player|p2|athos345|101|1339
|gen|9
|tier|[Gen 9] OU
|rated|
|rule|HP Percentage Mod: HP is shown in percentages
|rule|Endless Battle Clause: Forcing endless battles is banned
|rule|Species Clause: Limit one of each Pokémon
|rule|OHKO Clause: OHKO moves are banned
|rule|Evasion Items Clause: Evasion items are banned
|rule|Evasion Moves Clause: Evasion moves are banned
|rule|Evasion Abilities Clause: Evasion abilities are banned
|rule|Sleep Moves Clause: Sleep-inducing moves are banned
|clearpoke
|poke|p1|Ninetales, M|
|poke|p1|Blaziken, M|
|poke|p1|Walking Wake|
|poke|p1|Whimsicott, M|
|poke|p1|Great Tusk|
|poke|p1|Iron Moth|
|poke|p2|Primarina, M|
|poke|p2|Iron Treads|
|poke|p2|Lokix, M|
|poke|p2|Kingdra, M|
|poke|p2|Pelipper, M|
|poke|p2|Toxicroak, M|
|teampreview
|
|t:|1778505859
|teamsize|p1|6
|teamsize|p2|6
|start
|switch|p1a: Walking Wake|Walking Wake|100/100
|switch|p2a: Pelipper|Pelipper, M, shiny|100/100
|-weather|RainDance|[from] ability: Drizzle|[of] p2a: Pelipper
|turn|1
|
|t:|1778505873
|move|p1a: Walking Wake|Knock Off|p2a: Pelipper
|-damage|p2a: Pelipper|83/100
|-enditem|p2a: Pelipper|Damp Rock|[from] move: Knock Off|[of] p1a: Walking Wake
|move|p2a: Pelipper|U-turn|p1a: Walking Wake
|-damage|p1a: Walking Wake|92/100
|
|t:|1778505879
|switch|p2a: Primarina|Primarina, M, shiny|100/100|[from] U-turn
|
|-weather|RainDance|[upkeep]
|upkeep
|turn|2
|inactive|Battle timer is ON: inactive players will automatically lose when time's up. (requested by athos345)
|
|t:|1778505885
|move|p1a: Walking Wake|Flip Turn|p2a: Primarina
|-resisted|p2a: Primarina
|-damage|p2a: Primarina|84/100
|
|t:|1778505887
|-end|p1a: Walking Wake|Protosynthesis|[silent]
|switch|p1a: Ninetales|Ninetales, M|100/100|[from] Flip Turn
|-weather|SunnyDay|[from] ability: Drought|[of] p1a: Ninetales
|move|p2a: Primarina|Substitute|p2a: Primarina
|-start|p2a: Primarina|Substitute
|-damage|p2a: Primarina|59/100
|
|-weather|SunnyDay|[upkeep]
|-heal|p2a: Primarina|65/100|[from] item: Leftovers
|upkeep
|turn|3
|
|t:|1778505891
|move|p1a: Ninetales|Encore|p2a: Primarina
|-start|p2a: Primarina|Encore
|move|p2a: Primarina|Substitute|p2a: Primarina
|-fail|p2a: Primarina|move: Substitute
|
|-weather|SunnyDay|[upkeep]
|-heal|p2a: Primarina|71/100|[from] item: Leftovers
|upkeep
|turn|4
|inactive|Agathina has 120 seconds left.
|
|t:|1778505944
|switch|p1a: Great Tusk|Great Tusk|100/100
|-activate|p1a: Great Tusk|ability: Protosynthesis
|-start|p1a: Great Tusk|protosynthesisspe
|switch|p2a: Pelipper|Pelipper, M, shiny|83/100
|-weather|RainDance|[from] ability: Drizzle|[of] p2a: Pelipper
|-end|p1a: Great Tusk|Protosynthesis
|
|-weather|RainDance|[upkeep]
|upkeep
|turn|5
|
|t:|1778505951
|-end|p1a: Great Tusk|Protosynthesis|[silent]
|switch|p1a: Ninetales|Ninetales, M|100/100
|-weather|SunnyDay|[from] ability: Drought|[of] p1a: Ninetales
|move|p2a: Pelipper|Surf|p1a: Ninetales
|-supereffective|p1a: Ninetales
|-damage|p1a: Ninetales|63/100
|
|-weather|SunnyDay|[upkeep]
|upkeep
|turn|6
|
|t:|1778505964
|switch|p1a: Great Tusk|Great Tusk|100/100
|-activate|p1a: Great Tusk|ability: Protosynthesis
|-start|p1a: Great Tusk|protosynthesisspe
|switch|p2a: Kingdra|Kingdra, M, shiny|100/100
|
|-weather|SunnyDay|[upkeep]
|upkeep
|turn|7
|
|t:|1778505979
|switch|p2a: Pelipper|Pelipper, M, shiny|83/100
|-weather|RainDance|[from] ability: Drizzle|[of] p2a: Pelipper
|-end|p1a: Great Tusk|Protosynthesis
|move|p1a: Great Tusk|Stealth Rock|p2a: Pelipper
|-sidestart|p2: athos345|move: Stealth Rock
|
|-weather|RainDance|[upkeep]
|upkeep
|turn|8
|
|t:|1778505984
|-end|p1a: Great Tusk|Protosynthesis|[silent]
|switch|p1a: Walking Wake|Walking Wake|92/100
|move|p2a: Pelipper|U-turn|p1a: Walking Wake
|-crit|p1a: Walking Wake
|-damage|p1a: Walking Wake|79/100
|
|t:|1778505988
|switch|p2a: Primarina|Primarina, M, shiny|71/100|[from] U-turn
|-damage|p2a: Primarina|58/100|[from] Stealth Rock
|
|-weather|RainDance|[upkeep]
|-heal|p2a: Primarina|64/100|[from] item: Leftovers
|upkeep
|turn|9
|inactive|Agathina has 120 seconds left.
|
|t:|1778506007
|move|p1a: Walking Wake|Flip Turn|p2a: Primarina
|-resisted|p2a: Primarina
|-damage|p2a: Primarina|45/100
|
|t:|1778506009
|-end|p1a: Walking Wake|Protosynthesis|[silent]
|switch|p1a: Whimsicott|Whimsicott, M|100/100|[from] Flip Turn
|move|p2a: Primarina|Whirlpool|p1a: Whimsicott
|-resisted|p1a: Whimsicott
|-damage|p1a: Whimsicott|78/100
|-activate|p1a: Whimsicott|move: Whirlpool|[of] p2a: Primarina
|
|-weather|RainDance|[upkeep]
|-heal|p2a: Primarina|51/100|[from] item: Leftovers
|-damage|p1a: Whimsicott|66/100|[from] move: Whirlpool|[partiallytrapped]
|upkeep
|turn|10
|inactive|Agathina has 120 seconds left.
|
|t:|1778506026
|switch|p2a: Toxicroak|Toxicroak, M, shiny|100/100
|-damage|p2a: Toxicroak|94/100|[from] Stealth Rock
|move|p1a: Whimsicott|Giga Drain|p2a: Toxicroak
|-resisted|p2a: Toxicroak
|-damage|p2a: Toxicroak|69/100
|-heal|p1a: Whimsicott|81/100|[from] drain|[of] p2a: Toxicroak
|-damage|p1a: Whimsicott|71/100|[from] item: Life Orb
|
|-weather|RainDance|[upkeep]
|-heal|p2a: Toxicroak|81/100|[from] ability: Dry Skin
|-end|p1a: Whimsicott|Whirlpool|[partiallytrapped]|[silent]
|upkeep
|turn|11
|inactive|Agathina has 120 seconds left.
|
|t:|1778506041
|switch|p1a: Great Tusk|Great Tusk|100/100
|move|p2a: Toxicroak|Toxic|p1a: Great Tusk
|-status|p1a: Great Tusk|tox
|
|-weather|none
|-damage|p1a: Great Tusk|94/100 tox|[from] psn
|upkeep
|turn|12
|inactive|Agathina has 120 seconds left.
|
|t:|1778506061
|switch|p2a: Pelipper|Pelipper, M, shiny|83/100
|-damage|p2a: Pelipper|59/100|[from] Stealth Rock
|-weather|RainDance|[from] ability: Drizzle|[of] p2a: Pelipper
|move|p1a: Great Tusk|Ice Spinner|p2a: Pelipper
|-damage|p2a: Pelipper|35/100
|
|-weather|RainDance|[upkeep]
|-damage|p1a: Great Tusk|82/100 tox|[from] psn
|upkeep
|turn|13
|
|t:|1778506069
|-end|p1a: Great Tusk|Protosynthesis|[silent]
|switch|p1a: Ninetales|Ninetales, M|63/100
|-weather|SunnyDay|[from] ability: Drought|[of] p1a: Ninetales
|move|p2a: Pelipper|Roost|p2a: Pelipper
|-heal|p2a: Pelipper|85/100
|-singleturn|p2a: Pelipper|move: Roost
|
|-weather|SunnyDay|[upkeep]
|upkeep
|turn|14
|inactive|Agathina has 120 seconds left.
|
|t:|1778506078
|switch|p2a: Iron Treads|Iron Treads, shiny|100/100
|move|p1a: Ninetales|Overheat|p2a: Iron Treads
|-supereffective|p2a: Iron Treads
|-damage|p2a: Iron Treads|0 fnt
|-unboost|p1a: Ninetales|spa|2
|faint|p2a: Iron Treads
|-end|p2a: Iron Treads|Quark Drive|[silent]
|
|-weather|SunnyDay|[upkeep]
|upkeep
|
|t:|1778506082
|switch|p2a: Pelipper|Pelipper, M, shiny|85/100
|-damage|p2a: Pelipper|60/100|[from] Stealth Rock
|-weather|RainDance|[from] ability: Drizzle|[of] p2a: Pelipper
|turn|15
|
|t:|1778506088
|switch|p1a: Walking Wake|Walking Wake|79/100
|move|p2a: Pelipper|Surf|p1a: Walking Wake
|-resisted|p1a: Walking Wake
|-damage|p1a: Walking Wake|72/100
|
|-weather|RainDance|[upkeep]
|upkeep
|turn|16
|
|t:|1778506099
|move|p1a: Walking Wake|Draco Meteor|p2a: Pelipper
|-damage|p2a: Pelipper|7/100
|-unboost|p1a: Walking Wake|spa|2
|move|p2a: Pelipper|Roost|p2a: Pelipper
|-heal|p2a: Pelipper|57/100
|-singleturn|p2a: Pelipper|move: Roost
|
|-weather|RainDance|[upkeep]
|upkeep
|turn|17
|
|t:|1778506108
|-end|p1a: Walking Wake|Protosynthesis|[silent]
|switch|p1a: Ninetales|Ninetales, M|63/100
|-weather|SunnyDay|[from] ability: Drought|[of] p1a: Ninetales
|move|p2a: Pelipper|Roost|p2a: Pelipper
|-heal|p2a: Pelipper|100/100
|-singleturn|p2a: Pelipper|move: Roost
|
|-weather|SunnyDay|[upkeep]
|upkeep
|turn|18
|
|t:|1778506131
|switch|p1a: Blaziken|Blaziken, M|100/100
|move|p2a: Pelipper|Surf|p1a: Blaziken
|-supereffective|p1a: Blaziken
|-damage|p1a: Blaziken|54/100
|
|-weather|SunnyDay|[upkeep]
|-heal|p1a: Blaziken|60/100|[from] item: Leftovers
|upkeep
|turn|19
|inactive|Agathina has 120 seconds left.
|
|t:|1778506154
|-terastallize|p1a: Blaziken|Ghost
|move|p1a: Blaziken|Protect|p1a: Blaziken
|-singleturn|p1a: Blaziken|Protect
|move|p2a: Pelipper|Surf|p1a: Blaziken
|-activate|p1a: Blaziken|move: Protect
|
|-weather|SunnyDay|[upkeep]
|-heal|p1a: Blaziken|66/100|[from] item: Leftovers
|-ability|p1a: Blaziken|Speed Boost|boost
|-boost|p1a: Blaziken|spe|1
|upkeep
|turn|20
|inactive|Agathina has 120 seconds left.
|
|t:|1778506163
|move|p1a: Blaziken|Swords Dance|p1a: Blaziken
|-boost|p1a: Blaziken|atk|2
|move|p2a: Pelipper|U-turn|p1a: Blaziken
|-resisted|p1a: Blaziken
|-damage|p1a: Blaziken|58/100
|
|t:|1778506165
|switch|p2a: Lokix|Lokix, M, shiny|100/100|[from] U-turn
|-damage|p2a: Lokix|76/100|[from] Stealth Rock
|
|-weather|SunnyDay|[upkeep]
|-heal|p1a: Blaziken|64/100|[from] item: Leftovers
|-ability|p1a: Blaziken|Speed Boost|boost
|-boost|p1a: Blaziken|spe|1
|upkeep
|turn|21
|
|t:|1778506172
|move|p1a: Blaziken|Protect|p1a: Blaziken
|-singleturn|p1a: Blaziken|Protect
|move|p2a: Lokix|First Impression|p1a: Blaziken
|-activate|p1a: Blaziken|move: Protect
|
|-weather|SunnyDay|[upkeep]
|-heal|p1a: Blaziken|70/100|[from] item: Leftovers
|-ability|p1a: Blaziken|Speed Boost|boost
|-boost|p1a: Blaziken|spe|1
|upkeep
|turn|22
|
|t:|1778506179
|switch|p2a: Primarina|Primarina, M, shiny|51/100
|-damage|p2a: Primarina|39/100|[from] Stealth Rock
|move|p1a: Blaziken|Flare Blitz|p2a: Primarina
|-resisted|p2a: Primarina
|-damage|p2a: Primarina|0 fnt
|faint|p2a: Primarina
|-damage|p1a: Blaziken|58/100|[from] Recoil
|
|-weather|SunnyDay|[upkeep]
|-heal|p1a: Blaziken|64/100|[from] item: Leftovers
|-ability|p1a: Blaziken|Speed Boost|boost
|-boost|p1a: Blaziken|spe|1
|upkeep
|
|t:|1778506182
|switch|p2a: Pelipper|Pelipper, M, shiny|100/100
|-damage|p2a: Pelipper|76/100|[from] Stealth Rock
|-weather|RainDance|[from] ability: Drizzle|[of] p2a: Pelipper
|turn|23
|
|t:|1778506192
|move|p1a: Blaziken|Protect|p1a: Blaziken
|-singleturn|p1a: Blaziken|Protect
|move|p2a: Pelipper|Surf|p1a: Blaziken
|-activate|p1a: Blaziken|move: Protect
|
|-weather|RainDance|[upkeep]
|-heal|p1a: Blaziken|70/100|[from] item: Leftovers
|-ability|p1a: Blaziken|Speed Boost|boost
|-boost|p1a: Blaziken|spe|1
|upkeep
|turn|24
|
|t:|1778506214
|switch|p1a: Walking Wake|Walking Wake|72/100
|move|p2a: Pelipper|Surf|p1a: Walking Wake
|-resisted|p1a: Walking Wake
|-damage|p1a: Walking Wake|65/100
|
|-weather|RainDance|[upkeep]
|upkeep
|turn|25
|
|t:|1778506228
|move|p1a: Walking Wake|Hydro Steam|p2a: Pelipper
|-resisted|p2a: Pelipper
|-damage|p2a: Pelipper|51/100
|move|p2a: Pelipper|Roost|p2a: Pelipper
|-heal|p2a: Pelipper|100/100
|-singleturn|p2a: Pelipper|move: Roost
|
|-weather|RainDance|[upkeep]
|upkeep
|turn|26
|
|t:|1778506235
|switch|p2a: Kingdra|Kingdra, M, shiny|100/100
|-damage|p2a: Kingdra|88/100|[from] Stealth Rock
|move|p1a: Walking Wake|Flip Turn|p2a: Kingdra
|-resisted|p2a: Kingdra
|-damage|p2a: Kingdra|81/100
|
|t:|1778506240
|-end|p1a: Walking Wake|Protosynthesis|[silent]
|switch|p1a: Ninetales|Ninetales, M|63/100|[from] Flip Turn
|-weather|SunnyDay|[from] ability: Drought|[of] p1a: Ninetales
|
|-weather|SunnyDay|[upkeep]
|upkeep
|turn|27
|
|t:|1778506254
|switch|p1a: Whimsicott|Whimsicott, M|71/100
|move|p2a: Kingdra|Draco Meteor|p1a: Whimsicott
|-immune|p1a: Whimsicott
|
|-weather|SunnyDay|[upkeep]
|upkeep
|turn|28
|
|t:|1778506261
|switch|p2a: Pelipper|Pelipper, M, shiny|100/100
|-damage|p2a: Pelipper|76/100|[from] Stealth Rock
|-weather|RainDance|[from] ability: Drizzle|[of] p2a: Pelipper
|move|p1a: Whimsicott|Moonblast|p2a: Pelipper
|-damage|p2a: Pelipper|25/100
|-damage|p1a: Whimsicott|62/100|[from] item: Life Orb
|
|-weather|RainDance|[upkeep]
|upkeep
|turn|29
|
|t:|1778506270
|switch|p2a: Toxicroak|Toxicroak, M, shiny|81/100
|-damage|p2a: Toxicroak|75/100|[from] Stealth Rock
|move|p1a: Whimsicott|Moonblast|p2a: Toxicroak
|-damage|p2a: Toxicroak|5/100
|-damage|p1a: Whimsicott|52/100|[from] item: Life Orb
|
|-weather|RainDance|[upkeep]
|-heal|p2a: Toxicroak|18/100|[from] ability: Dry Skin
|upkeep
|turn|30
|-message|athos345 forfeited.
|
|win|Agathina
|raw|Agathina's rating: 1338 &rarr; <strong>1358</strong><br />(+20 for winning)
|raw|athos345's rating: 1339 &rarr; <strong>1319</strong><br />(-20 for losing)
|l|☆athos345
|player|p2|
