|html|<div class="broadcast-blue"><strong>[Gen 9] OU is currently suspecting Volcarona! For information on how to participate check out the <a href="https://www.smogon.com/tools/suspects/view/208">suspect thread</a>.</strong></div>
|j|☆vqtrung
|j|☆Harshweather
|t:|1778507056
|gametype|singles
|player|p1|vqtrung|169|1068
|player|p2|Harshweather|1|1091
|gen|9
|tier|[Gen 9] OU
|rated|
|rule|HP Percentage Mod: HP is shown in percentages
|rule|Endless Battle Clause: Forcing endless battles is banned
|rule|Species Clause: Limit one of each Pokémon
|rule|OHKO Clause: OHKO moves are banned
|rule|Evasion Items Clause: Evasion items are banned
|rule|Evasion Moves Clause: Evasion moves are banned
|rule|Evasion Abilities Clause: Evasion abilities are banned
|rule|Sleep Moves Clause: Sleep-inducing moves are banned
|clearpoke
|poke|p1|Alomomola, M|
|poke|p1|Slowking-Galar, M|
|poke|p1|Toxapex, M|
|poke|p1|Glimmora, F|
|poke|p1|Tornadus-Therian, M|
|poke|p1|Iron Valiant|
|poke|p2|Zangoose, F|
|poke|p2|Iron Moth|
|poke|p2|Deoxys-Speed|
|poke|p2|Ninetales-Alola, F|
|poke|p2|Dragapult, M|
|poke|p2|Vikavolt, F|
|teampreview
|
|t:|1778507061
|teamsize|p1|6
|teamsize|p2|6
|start
|switch|p1a: Glimmora|Glimmora, F|100/100
|switch|p2a: Victim|Deoxys-Speed|100/100
|-ability|p2a: Victim|Pressure
|turn|1
|
|t:|1778507065
|move|p2a: Victim|Taunt|p1a: Glimmora
|-start|p1a: Glimmora|move: Taunt
|cant|p1a: Glimmora|move: Taunt|Stealth Rock
|
|upkeep
|turn|2
|inactive|Battle timer is ON: inactive players will automatically lose when time's up. (requested by Harshweather)
|
|t:|1778507072
|switch|p1a: Slowking|Slowking-Galar, M|100/100
|move|p2a: Victim|Stealth Rock|p1a: Slowking
|-sidestart|p1: vqtrung|move: Stealth Rock
|
|upkeep
|turn|3
|
|t:|1778507080
|move|p2a: Victim|Taunt|p1a: Slowking
|-start|p1a: Slowking|move: Taunt
|-prepare|p1a: Slowking|Chilly Reception|[premajor]
|cant|p1a: Slowking|move: Taunt|Chilly Reception
|
|upkeep
|turn|4
|
|t:|1778507090
|switch|p1a: Glimmora|Glimmora, F|100/100
|-damage|p1a: Glimmora|88/100|[from] Stealth Rock
|move|p2a: Victim|Light Screen|p2a: Victim
|-sidestart|p2: Harshweather|move: Light Screen
|
|upkeep
|turn|5
|
|t:|1778507099
|move|p2a: Victim|Taunt|p1a: Glimmora
|-start|p1a: Glimmora|move: Taunt
|move|p1a: Glimmora|Earth Power|p2a: Victim
|-damage|p2a: Victim|81/100
|
|upkeep
|turn|6
|
|t:|1778507103
|move|p2a: Victim|Reflect|p2a: Victim
|-sidestart|p2: Harshweather|Reflect
|move|p1a: Glimmora|Mortal Spin|p2a: Victim
|-damage|p2a: Victim|77/100
|-status|p2a: Victim|psn
|-sideend|p1: vqtrung|Stealth Rock|[from] move: Mortal Spin|[of] p1a: Glimmora
|
|-damage|p2a: Victim|65/100 psn|[from] psn
|upkeep
|turn|7
|
|t:|1778507122
|switch|p2a: Victim 3|Ninetales-Alola, F|100/100
|-weather|Snowscape|[from] ability: Snow Warning|[of] p2a: Victim 3
|switch|p1a: Toxapex|Toxapex, M|100/100
|
|-weather|Snowscape|[upkeep]
|upkeep
|turn|8
|
|t:|1778507136
|move|p2a: Victim 3|Aurora Veil|p2a: Victim 3
|-sidestart|p2: Harshweather|move: Aurora Veil
|move|p1a: Toxapex|Toxic|p2a: Victim 3
|-status|p2a: Victim 3|tox
|
|-weather|Snowscape|[upkeep]
|-damage|p2a: Victim 3|94/100 tox|[from] psn
|upkeep
|turn|9
|
|t:|1778507149
|switch|p1a: Alomomola|Alomomola, M|100/100
|move|p2a: Victim 3|Encore||[still]
|-fail|p2a: Victim 3
|
|-weather|Snowscape|[upkeep]
|-damage|p2a: Victim 3|82/100 tox|[from] psn
|upkeep
|turn|10
|
|t:|1778507156
|switch|p2a: molester|Zangoose, F|100/100
|move|p1a: Alomomola|Wish|p1a: Alomomola
|
|-weather|Snowscape|[upkeep]
|-status|p2a: molester|tox|[from] item: Toxic Orb
|upkeep
|turn|11
|
|t:|1778507167
|move|p2a: molester|Swords Dance|p2a: molester
|-boost|p2a: molester|atk|2
|move|p1a: Alomomola|Flip Turn|p2a: molester
|-damage|p2a: molester|85/100 tox
|
|t:|1778507170
|switch|p1a: Toxapex|Toxapex, M|100/100|[from] Flip Turn
|
|-weather|none
|-damage|p2a: molester|79/100 tox|[from] psn
|-sideend|p2: Harshweather|move: Light Screen
|upkeep
|turn|12
|
|t:|1778507177
|move|p2a: molester|Facade|p1a: Toxapex
|-damage|p1a: Toxapex|0 fnt
|-damage|p2a: molester|63/100 tox|[from] item: Rocky Helmet|[of] p1a: Toxapex
|faint|p1a: Toxapex
|
|-damage|p2a: molester|51/100 tox|[from] psn
|upkeep
|
|t:|1778507202
|switch|p1a: Glimmora|Glimmora, F|88/100
|turn|13
|
|t:|1778507206
|move|p2a: molester|Facade|p1a: Glimmora
|-resisted|p1a: Glimmora
|-damage|p1a: Glimmora|0 fnt
|-activate|p1a: Glimmora|ability: Toxic Debris
|-sidestart|p2: Harshweather|move: Toxic Spikes
|faint|p1a: Glimmora
|
|-damage|p2a: molester|33/100 tox|[from] psn
|-sideend|p2: Harshweather|Reflect
|upkeep
|
|t:|1778507219
|switch|p1a: Tornadus|Tornadus-Therian, M|100/100
|turn|14
|
|t:|1778507238
|move|p2a: molester|Quick Attack|p1a: Tornadus
|-damage|p1a: Tornadus|20/100
|move|p1a: Tornadus|U-turn|p2a: molester
|-damage|p2a: molester|18/100 tox
|
|t:|1778507248
|switch|p1a: Alomomola|Alomomola, M|100/100|[from] U-turn
|
|-damage|p2a: molester|0 fnt|[from] psn
|faint|p2a: molester
|upkeep
|
|t:|1778507252
|switch|p2a: Victim|Deoxys-Speed|65/100 psn
|-ability|p2a: Victim|Pressure
|turn|15
|
|t:|1778507259
|move|p2a: Victim|Reflect|p2a: Victim
|-sidestart|p2: Harshweather|Reflect
|move|p1a: Alomomola|Wish|p1a: Alomomola
|
|-damage|p2a: Victim|53/100 psn|[from] psn
|-sideend|p2: Harshweather|move: Aurora Veil
|upkeep
|turn|16
|
|t:|1778507265
|move|p2a: Victim|Light Screen|p2a: Victim
|-sidestart|p2: Harshweather|move: Light Screen
|move|p1a: Alomomola|Flip Turn|p2a: Victim
|-damage|p2a: Victim|42/100 psn
|
|t:|1778507268
|switch|p1a: Tornadus|Tornadus-Therian, M|53/100|[from] Flip Turn
|
|-heal|p1a: Tornadus|100/100|[from] move: Wish|[wisher] Alomomola
|-damage|p2a: Victim|30/100 psn|[from] psn
|upkeep
|turn|17
|
|t:|1778507284
|switch|p1a: Alomomola|Alomomola, M|100/100
|move|p2a: Victim|Taunt|p1a: Alomomola
|-start|p1a: Alomomola|move: Taunt
|
|-damage|p2a: Victim|18/100 psn|[from] psn
|upkeep
|turn|18
|
|t:|1778507291
|switch|p2a: Victim 3|Ninetales-Alola, F|82/100 tox
|-weather|Snowscape|[from] ability: Snow Warning|[of] p2a: Victim 3
|move|p1a: Alomomola|Flip Turn|p2a: Victim 3
|-damage|p2a: Victim 3|76/100 tox
|
|t:|1778507298
|switch|p1a: Slowking|Slowking-Galar, M|100/100|[from] Flip Turn
|
|-weather|Snowscape|[upkeep]
|-damage|p2a: Victim 3|70/100 tox|[from] psn
|upkeep
|turn|19
|
|t:|1778507310
|move|p2a: Victim 3|Aurora Veil|p2a: Victim 3
|-sidestart|p2: Harshweather|move: Aurora Veil
|move|p1a: Slowking|Flamethrower|p2a: Victim 3
|-supereffective|p2a: Victim 3
|-damage|p2a: Victim 3|46/100 tox
|
|-weather|Snowscape|[upkeep]
|-damage|p2a: Victim 3|34/100 tox|[from] psn
|upkeep
|turn|20
|
|t:|1778507320
|switch|p2a: 2nd molester|Iron Moth|100/100
|-sideend|p2: Harshweather|move: Toxic Spikes|[of] p2a: 2nd molester
|-enditem|p2a: 2nd molester|Booster Energy
|-activate|p2a: 2nd molester|ability: Quark Drive|[fromitem]
|-start|p2a: 2nd molester|quarkdrivespa
|move|p1a: Slowking|Future Sight|p2a: 2nd molester
|-start|p1a: Slowking|move: Future Sight
|
|-weather|Snowscape|[upkeep]
|upkeep
|turn|21
|
|t:|1778507329
|move|p2a: 2nd molester|Fiery Dance|p1a: Slowking
|-damage|p1a: Slowking|64/100
|-boost|p2a: 2nd molester|spa|1
|-prepare|p1a: Slowking|Chilly Reception|[premajor]
|move|p1a: Slowking|Chilly Reception|p1a: Slowking
|
|t:|1778507332
|switch|p1a: Alomomola|Alomomola, M|100/100|[from] Chilly Reception
|
|-weather|Snowscape|[upkeep]
|upkeep
|turn|22
|
|t:|1778507347
|move|p2a: 2nd molester|Energy Ball|p1a: Alomomola
|-supereffective|p1a: Alomomola
|-damage|p1a: Alomomola|0 fnt
|faint|p1a: Alomomola
|
|-weather|none
|-end|p2a: 2nd molester|move: Future Sight
|-supereffective|p2a: 2nd molester
|-damage|p2a: 2nd molester|51/100
|-sideend|p2: Harshweather|Reflect
|upkeep
|inactive|vqtrung has 120 seconds left.
|
|t:|1778507378
|switch|p1a: Iron Valiant|Iron Valiant|100/100
|-enditem|p1a: Iron Valiant|Booster Energy
|-activate|p1a: Iron Valiant|ability: Quark Drive|[fromitem]
|-start|p1a: Iron Valiant|quarkdrivespa
|turn|23
|inactive|vqtrung has 120 seconds left.
|inactive|vqtrung has 90 seconds left.
|c|☆Harshweather|u there bruv
|
|t:|1778507418
|-terastallize|p2a: 2nd molester|Fairy
|move|p2a: 2nd molester|Dazzling Gleam|p1a: Iron Valiant
|-supereffective|p1a: Iron Valiant
|-damage|p1a: Iron Valiant|0 fnt
|faint|p1a: Iron Valiant
|-end|p1a: Iron Valiant|Quark Drive|[silent]
|
|-sideend|p2: Harshweather|move: Light Screen
|upkeep
|
|t:|1778507422
|switch|p1a: Tornadus|Tornadus-Therian, M|100/100
|turn|24
|
|t:|1778507428
|move|p2a: 2nd molester|Fiery Dance|p1a: Tornadus
|-damage|p1a: Tornadus|0 fnt
|-boost|p2a: 2nd molester|spa|1
|faint|p1a: Tornadus
|
|upkeep
|
|t:|1778507430
|switch|p1a: Slowking|Slowking-Galar, M|97/100
|turn|25
|c|☆Harshweather|ggs
|
|t:|1778507440
|move|p2a: 2nd molester|Fiery Dance|p1a: Slowking
|-damage|p1a: Slowking|29/100
|move|p1a: Slowking|Sludge Bomb|p2a: 2nd molester
|-supereffective|p2a: 2nd molester
|-damage|p2a: 2nd molester|13/100
|-status|p2a: 2nd molester|psn
|
|-heal|p1a: Slowking|35/100|[from] item: Leftovers
|-damage|p2a: 2nd molester|1/100 psn|[from] psn
|upkeep
|turn|26
|inactive|vqtrung has 120 seconds left.
|c|☆Harshweather|now ggs
|
|t:|1778507456
|move|p2a: 2nd molester|Fiery Dance|p1a: Slowking
|-damage|p1a: Slowking|0 fnt
|-boost|p2a: 2nd molester|spa|1
|faint|p1a: Slowking
|
|win|Harshweather
|raw|vqtrung's rating: 1068 &rarr; <strong>1049</strong><br />(-19 for losing)
|raw|Harshweather's rating: 1091 &rarr; <strong>1116</strong><br />(+25 for winning)
|l|☆Harshweather
|player|p2|
|l|☆vqtrung
|player|p1|
