|html|<div class="broadcast-blue"><strong>[Gen 9] OU is currently suspecting Tera Blast! For information on how to participate check out the <a href="https://www.smogon.com/tools/suspects/view/200">suspect thread</a>.</strong></div>
|j|☆Jeryko
|j|☆gulp1
|t:|1776094081
|gametype|singles
|player|p1|Jeryko|madame|1064
|player|p2|gulp1|pokemonbreeder-gen4|1026
|gen|9
|tier|[Gen 9] OU
|rated|
|rule|HP Percentage Mod: HP is shown in percentages
|rule|Endless Battle Clause: Forcing endless battles is banned
|rule|Species Clause: Limit one of each Pokémon
|rule|OHKO Clause: OHKO moves are banned
|rule|Evasion Items Clause: Evasion items are banned
|rule|Evasion Moves Clause: Evasion moves are banned
|rule|Evasion Abilities Clause: Evasion abilities are banned
|rule|Sleep Moves Clause: Sleep-inducing moves are banned
|clearpoke
|poke|p1|Blissey, F|
|poke|p1|Clefable, F|
|poke|p1|Wigglytuff, F|
|poke|p1|Mew|
|poke|p1|Enamorus, F|
|poke|p1|Diancie|
|poke|p2|Snorlax, F|
|poke|p2|Serperior, F|
|poke|p2|Golurk|
|poke|p2|Lanturn, M|
|poke|p2|Ceruledge, F|
|poke|p2|Clefable, F|
|teampreview
|inactive|Battle timer is ON: inactive players will automatically lose when time's up. (requested by gulp1)
|
|t:|1776094090
|teamsize|p1|6
|teamsize|p2|6
|start
|switch|p1a: Diancie|Diancie|100/100
|switch|p2a: Clefable|Clefable, F, shiny|100/100
|turn|1
|
|t:|1776094107
|move|p2a: Clefable|Knock Off|p1a: Diancie
|-resisted|p1a: Diancie
|-damage|p1a: Diancie|95/100
|-enditem|p1a: Diancie|Leftovers|[from] move: Knock Off|[of] p2a: Clefable
|move|p1a: Diancie|Stealth Rock|p2a: Clefable
|-sidestart|p2: gulp1|move: Stealth Rock
|
|upkeep
|turn|2
|
|t:|1776094114
|move|p2a: Clefable|Stealth Rock|p1a: Diancie
|-sidestart|p1: Jeryko|move: Stealth Rock
|move|p1a: Diancie|Spikes|p2a: Clefable
|-sidestart|p2: gulp1|Spikes
|
|upkeep
|turn|3
|
|t:|1776094120
|switch|p2a: Golurk|Golurk, shiny|100/100
|-damage|p2a: Golurk|94/100|[from] Stealth Rock
|-damage|p2a: Golurk|82/100|[from] Spikes
|move|p1a: Diancie|Stealth Rock||[still]
|-fail|p1a: Diancie
|
|-damage|p2a: Golurk|70/100|[from] item: Sticky Barb
|upkeep
|turn|4
|
|t:|1776094136
|-terastallize|p1a: Diancie|Fairy
|move|p2a: Golurk|Trick|p1a: Diancie
|-activate|p2a: Golurk|move: Trick|[of] p1a: Diancie
|-item|p1a: Diancie|Sticky Barb|[from] move: Trick
|-enditem|p2a: Golurk|Sticky Barb|[silent]|[from] move: Trick
|move|p1a: Diancie|Diamond Storm|p2a: Golurk
|-resisted|p2a: Golurk
|-damage|p2a: Golurk|53/100
|
|-damage|p1a: Diancie|83/100|[from] item: Sticky Barb
|upkeep
|turn|5
|
|t:|1776094155
|move|p2a: Golurk|Earthquake|p1a: Diancie
|-crit|p1a: Diancie
|-damage|p1a: Diancie|36/100
|move|p1a: Diancie|Diamond Storm|p2a: Golurk
|-resisted|p2a: Golurk
|-damage|p2a: Golurk|36/100
|
|-damage|p1a: Diancie|24/100|[from] item: Sticky Barb
|upkeep
|turn|6
|
|t:|1776094173
|switch|p2a: Clefable|Clefable, F, shiny|100/100
|switch|p1a: Enamorus|Enamorus, F|100/100
|-damage|p1a: Enamorus|76/100|[from] Stealth Rock
|
|-heal|p1a: Enamorus|82/100|[from] item: Leftovers
|upkeep
|turn|7
|
|t:|1776094187
|move|p1a: Enamorus|Calm Mind|p1a: Enamorus
|-boost|p1a: Enamorus|spa|1
|-boost|p1a: Enamorus|spd|1
|move|p2a: Clefable|Knock Off|p1a: Enamorus
|-resisted|p1a: Enamorus
|-damage|p1a: Enamorus|69/100
|-enditem|p1a: Enamorus|Leftovers|[from] move: Knock Off|[of] p2a: Clefable
|
|upkeep
|turn|8
|
|t:|1776094195
|move|p1a: Enamorus|Calm Mind|p1a: Enamorus
|-boost|p1a: Enamorus|spa|1
|-boost|p1a: Enamorus|spd|1
|move|p2a: Clefable|Calm Mind|p2a: Clefable
|-boost|p2a: Clefable|spa|1
|-boost|p2a: Clefable|spd|1
|
|upkeep
|turn|9
|
|t:|1776094203
|move|p1a: Enamorus|Alluring Voice|p2a: Clefable
|-damage|p2a: Clefable|41/100
|move|p2a: Clefable|Draining Kiss|p1a: Enamorus
|-damage|p1a: Enamorus|52/100
|-heal|p2a: Clefable|51/100|[from] drain|[of] p1a: Enamorus
|
|upkeep
|turn|10
|
|t:|1776094220
|move|p1a: Enamorus|Alluring Voice|p2a: Clefable
|-damage|p2a: Clefable|0 fnt
|faint|p2a: Clefable
|
|upkeep
|
|t:|1776094230
|switch|p2a: Serperior|Serperior, F|100/100
|-damage|p2a: Serperior|88/100|[from] Stealth Rock
|-damage|p2a: Serperior|76/100|[from] Spikes
|turn|11
|
|t:|1776094240
|move|p2a: Serperior|Leaf Storm|p1a: Enamorus
|-resisted|p1a: Enamorus
|-damage|p1a: Enamorus|36/100
|-boost|p2a: Serperior|spa|2
|move|p1a: Enamorus|Psychic|p2a: Serperior
|-damage|p2a: Serperior|0 fnt
|faint|p2a: Serperior
|
|upkeep
|inactive|gulp1 has 120 seconds left.
|
|t:|1776094257
|switch|p2a: Lanturn|Lanturn, M|100/100
|turn|12
|
|t:|1776094269
|-terastallize|p2a: Lanturn|Fairy
|move|p1a: Enamorus|Psychic|p2a: Lanturn
|-damage|p2a: Lanturn|23/100
|move|p2a: Lanturn|Discharge|p1a: Enamorus
|-supereffective|p1a: Enamorus
|-damage|p1a: Enamorus|0 fnt
|faint|p1a: Enamorus
|
|upkeep
|
|t:|1776094288
|switch|p1a: Wigglytuff|Wigglytuff, F|100/100
|-damage|p1a: Wigglytuff|88/100|[from] Stealth Rock
|turn|13
|
|t:|1776094298
|move|p2a: Lanturn|Thunder Wave|p1a: Wigglytuff
|-status|p1a: Wigglytuff|par
|move|p1a: Wigglytuff|Expanding Force|p2a: Lanturn
|-damage|p2a: Lanturn|0 fnt
|faint|p2a: Lanturn
|
|-heal|p1a: Wigglytuff|94/100 par|[from] item: Leftovers
|upkeep
|inactive|gulp1 has 120 seconds left.
|
|t:|1776094314
|switch|p2a: Snorlax|Snorlax, F|100/100
|-damage|p2a: Snorlax|88/100|[from] Stealth Rock
|-damage|p2a: Snorlax|76/100|[from] Spikes
|turn|14
|
|t:|1776094321
|move|p2a: Snorlax|Curse|p2a: Snorlax
|-unboost|p2a: Snorlax|spe|1
|-boost|p2a: Snorlax|atk|1
|-boost|p2a: Snorlax|def|1
|cant|p1a: Wigglytuff|par
|
|-heal|p1a: Wigglytuff|100/100 par|[from] item: Leftovers
|upkeep
|turn|15
|
|t:|1776094330
|move|p2a: Snorlax|Curse|p2a: Snorlax
|-unboost|p2a: Snorlax|spe|1
|-boost|p2a: Snorlax|atk|1
|-boost|p2a: Snorlax|def|1
|move|p1a: Wigglytuff|Perish Song|p1a: Wigglytuff
|-start|p1a: Wigglytuff|perish3|[silent]
|-start|p2a: Snorlax|perish3|[silent]
|-fieldactivate|move: Perish Song
|
|-start|p1a: Wigglytuff|perish3
|-start|p2a: Snorlax|perish3
|upkeep
|turn|16
|
|t:|1776094342
|move|p1a: Wigglytuff|Protect|p1a: Wigglytuff
|-singleturn|p1a: Wigglytuff|Protect
|move|p2a: Snorlax|Earthquake|p1a: Wigglytuff
|-activate|p1a: Wigglytuff|move: Protect
|
|-start|p1a: Wigglytuff|perish2
|-start|p2a: Snorlax|perish2
|upkeep
|turn|17
|
|t:|1776094363
|switch|p1a: Diancie|Diancie, tera:Fairy|24/100
|-damage|p1a: Diancie|11/100|[from] Stealth Rock
|move|p2a: Snorlax|Earthquake|p1a: Diancie
|-damage|p1a: Diancie|0 fnt
|faint|p1a: Diancie
|
|-start|p2a: Snorlax|perish1
|upkeep
|
|t:|1776094375
|switch|p1a: Mew|Mew|100/100
|-damage|p1a: Mew|88/100|[from] Stealth Rock
|turn|18
|
|t:|1776094383
|switch|p2a: Golurk|Golurk, shiny|36/100
|-damage|p2a: Golurk|30/100|[from] Stealth Rock
|-damage|p2a: Golurk|17/100|[from] Spikes
|move|p1a: Mew|Giga Drain|p2a: Golurk
|-supereffective|p2a: Golurk
|-damage|p2a: Golurk|0 fnt
|-heal|p1a: Mew|97/100|[from] drain|[of] p2a: Golurk
|faint|p2a: Golurk
|
|-heal|p1a: Mew|100/100|[from] item: Leftovers
|upkeep
|
|t:|1776094393
|switch|p2a: Ceruledge|Ceruledge, F|100/100
|-damage|p2a: Ceruledge|76/100|[from] Stealth Rock
|-damage|p2a: Ceruledge|63/100|[from] Spikes
|turn|19
|
|t:|1776094404
|move|p1a: Mew|Toxic|p2a: Ceruledge
|-status|p2a: Ceruledge|tox
|move|p2a: Ceruledge|Bitter Blade|p1a: Mew
|-damage|p1a: Mew|56/100
|-heal|p2a: Ceruledge|90/100 tox|[from] drain|[of] p1a: Mew
|
|-heal|p1a: Mew|62/100|[from] item: Leftovers
|-damage|p2a: Ceruledge|84/100 tox|[from] psn
|upkeep
|turn|20
|
|t:|1776094418
|switch|p1a: Blissey|Blissey, F, shiny|100/100
|-damage|p1a: Blissey|88/100|[from] Stealth Rock
|move|p2a: Ceruledge|Bitter Blade|p1a: Blissey
|-damage|p1a: Blissey|0 fnt
|-heal|p2a: Ceruledge|100/100 tox|[from] drain|[of] p1a: Blissey
|faint|p1a: Blissey
|
|-damage|p2a: Ceruledge|88/100 tox|[from] psn
|upkeep
|
|t:|1776094431
|switch|p1a: Clefable|Clefable, F|100/100
|turn|21
|
|t:|1776094437
|switch|p2a: Snorlax|Snorlax, F|76/100
|-damage|p2a: Snorlax|63/100|[from] Stealth Rock
|-damage|p2a: Snorlax|51/100|[from] Spikes
|move|p1a: Clefable|Protect||[still]
|-fail|p1a: Clefable
|
|upkeep
|turn|22
|
|t:|1776094448
|move|p1a: Clefable|Calm Mind|p1a: Clefable
|-boost|p1a: Clefable|spa|1
|-boost|p1a: Clefable|spd|1
|move|p2a: Snorlax|Rest|p2a: Snorlax
|-status|p2a: Snorlax|slp|[from] move: Rest
|-heal|p2a: Snorlax|100/100 slp|[silent]
|-enditem|p2a: Snorlax|Chesto Berry|[eat]
|-curestatus|p2a: Snorlax|slp|[msg]
|
|upkeep
|turn|23
|
|t:|1776094460
|move|p1a: Clefable|Calm Mind|p1a: Clefable
|-boost|p1a: Clefable|spa|1
|-boost|p1a: Clefable|spd|1
|move|p2a: Snorlax|Earthquake|p1a: Clefable
|-damage|p1a: Clefable|60/100
|
|-heal|p1a: Clefable|66/100|[from] item: Leftovers
|upkeep
|turn|24
|
|t:|1776094471
|move|p1a: Clefable|Moonblast|p2a: Snorlax
|-damage|p2a: Snorlax|50/100
|move|p2a: Snorlax|Earthquake|p1a: Clefable
|-damage|p1a: Clefable|29/100
|
|-heal|p1a: Clefable|35/100|[from] item: Leftovers
|upkeep
|turn|25
|
|t:|1776094481
|move|p1a: Clefable|Moonblast|p2a: Snorlax
|-damage|p2a: Snorlax|0 fnt
|faint|p2a: Snorlax
|
|-heal|p1a: Clefable|41/100|[from] item: Leftovers
|upkeep
|
|t:|1776094487
|switch|p2a: Ceruledge|Ceruledge, F|88/100 tox
|-damage|p2a: Ceruledge|63/100 tox|[from] Stealth Rock
|-damage|p2a: Ceruledge|51/100 tox|[from] Spikes
|turn|26
|
|t:|1776094494
|move|p1a: Clefable|Protect|p1a: Clefable
|-singleturn|p1a: Clefable|Protect
|move|p2a: Ceruledge|Bitter Blade|p1a: Clefable
|-activate|p1a: Clefable|move: Protect
|
|-heal|p1a: Clefable|47/100|[from] item: Leftovers
|-damage|p2a: Ceruledge|45/100 tox|[from] psn
|upkeep
|turn|27
|
|t:|1776094504
|move|p2a: Ceruledge|Bitter Blade|p1a: Clefable
|-damage|p1a: Clefable|0 fnt
|-heal|p2a: Ceruledge|74/100 tox|[from] drain|[of] p1a: Clefable
|faint|p1a: Clefable
|
|-damage|p2a: Ceruledge|62/100 tox|[from] psn
|upkeep
|
|t:|1776094514
|switch|p1a: Mew|Mew|62/100
|-damage|p1a: Mew|49/100|[from] Stealth Rock
|turn|28
|
|t:|1776094524
|move|p1a: Mew|Outrage|p2a: Ceruledge
|-damage|p2a: Ceruledge|25/100 tox
|-damage|p1a: Mew|33/100|[from] item: Rocky Helmet|[of] p2a: Ceruledge
|-ability|p2a: Ceruledge|Weak Armor|boost
|-unboost|p2a: Ceruledge|def|1
|-boost|p2a: Ceruledge|spe|2
|move|p2a: Ceruledge|Bitter Blade|p1a: Mew
|-damage|p1a: Mew|0 fnt
|-heal|p2a: Ceruledge|44/100 tox|[from] drain|[of] p1a: Mew
|faint|p1a: Mew
|
|-damage|p2a: Ceruledge|25/100 tox|[from] psn
|upkeep
|
|t:|1776094538
|switch|p1a: Wigglytuff|Wigglytuff, F|100/100 par
|-damage|p1a: Wigglytuff|88/100 par|[from] Stealth Rock
|turn|29
|
|t:|1776094549
|move|p1a: Wigglytuff|Protect|p1a: Wigglytuff
|-singleturn|p1a: Wigglytuff|Protect
|move|p2a: Ceruledge|Destiny Bond|p2a: Ceruledge
|-singlemove|p2a: Ceruledge|Destiny Bond
|
|-heal|p1a: Wigglytuff|94/100 par|[from] item: Leftovers
|-damage|p2a: Ceruledge|0 fnt|[from] psn
|faint|p2a: Ceruledge
|
|win|Jeryko
|raw|Jeryko's rating: 1064 &rarr; <strong>1091</strong><br />(+27 for winning)
|raw|gulp1's rating: 1026 &rarr; <strong>1014</strong><br />(-12 for losing)
