|j|☆encore21768768
|j|☆Abyssal Bot
|t:|1776080196
|gametype|singles
|player|p1|encore21768768|265|
|player|p2|Abyssal Bot|supernerd|
|teamsize|p1|6
|teamsize|p2|6
|gen|9
|tier|[Gen 9] OU
|rule|Species Clause: Limit one of each Pokémon
|rule|OHKO Clause: OHKO moves are banned
|rule|Evasion Items Clause: Evasion items are banned
|rule|Evasion Moves Clause: Evasion moves are banned
|rule|Endless Battle Clause: Forcing endless battles is banned
|rule|HP Percentage Mod: HP is shown in percentages
|rule|Sleep Moves Clause: Sleep-inducing moves are banned
|clearpoke
|poke|p1|Volcanion|
|poke|p1|Polteageist|
|poke|p1|Kingdra, F|
|poke|p1|Scrafty, M|
|poke|p1|Raging Bolt|
|poke|p1|Great Tusk|
|poke|p2|Skarmory, M|
|poke|p2|Ting-Lu|
|poke|p2|Zamazenta-*|
|poke|p2|Weavile, F|
|poke|p2|Kyurem|
|poke|p2|Slowking-Galar, M|
|teampreview
|c|☆Abyssal Bot|**WARNING**: Expect much hax.
|inactive|Battle timer is ON: inactive players will automatically lose when time's up. (requested by Abyssal Bot)
|j|*Turbo Bottttt
|
|t:|1776080203
|start
|switch|p1a: Scrafty|Scrafty, M|100/100
|switch|p2a: Kyurem|Kyurem|100/100
|-ability|p2a: Kyurem|Pressure
|turn|1
|
|t:|1776080205
|move|p2a: Kyurem|Ice Beam|p1a: Scrafty
|-damage|p1a: Scrafty|67/100
|-status|p1a: Scrafty|frz
|cant|p1a: Scrafty|frz
|
|upkeep
|turn|2
|
|t:|1776080209
|move|p2a: Kyurem|Ice Beam|p1a: Scrafty
|-damage|p1a: Scrafty|35/100 frz
|cant|p1a: Scrafty|frz
|
|upkeep
|turn|3
|
|t:|1776080215
|move|p2a: Kyurem|Earth Power|p1a: Scrafty
|-damage|p1a: Scrafty|15/100 frz
|-curestatus|p1a: Scrafty|frz|[msg]
|move|p1a: Scrafty|Rain Dance|p1a: Scrafty
|-weather|Rain Dance
|
|-weather|Rain Dance|[upkeep]
|upkeep
|turn|4
|
|t:|1776080217
|move|p2a: Kyurem|Freeze-Dry|p1a: Scrafty
|-damage|p1a: Scrafty|0
|faint|p1a: Scrafty
|
|-weather|Rain Dance|[upkeep]
|upkeep
|
|t:|1776080227
|switch|p1a: Kingdra|Kingdra, F|100/100
|turn|5
|
|t:|1776080228
|move|p1a: Kingdra|Draco Meteor|p2a: Kyurem
|-supereffective|p2a: Kyurem
|-damage|p2a: Kyurem|0
|-unboost|p1a: Kingdra|spa|2
|faint|p2a: Kyurem
|
|-weather|Rain Dance|[upkeep]
|upkeep
|
|t:|1776080228
|switch|p2a: Skarmory|Skarmory, M|100/100
|turn|6
|
|t:|1776080231
|move|p1a: Kingdra|Focus Energy|p1a: Kingdra
|-start|p1a: Kingdra|move: Focus Energy
|move|p2a: Skarmory|Brave Bird|p1a: Kingdra
|-damage|p1a: Kingdra|65/100
|-damage|p2a: Skarmory|88/100|[from] Recoil
|
|-weather|Rain Dance|[upkeep]
|upkeep
|turn|7
|
|t:|1776080232
|move|p1a: Kingdra|Scald|p2a: Skarmory
|-crit|p2a: Skarmory
|-damage|p2a: Skarmory|0
|faint|p2a: Skarmory
|
|-weather|Rain Dance|[upkeep]
|upkeep
|c|☆Abyssal Bot|Oh crap, that crit...
|
|t:|1776080233
|switch|p2a: Zamazenta|Zamazenta|100/100
|-ability|p2a: Zamazenta|Dauntless Shield|boost
|-boost|p2a: Zamazenta|def|1
|turn|8
|
|t:|1776080235
|move|p1a: Kingdra|Scald|p2a: Zamazenta
|-crit|p2a: Zamazenta
|-damage|p2a: Zamazenta|30/100
|move|p2a: Zamazenta|Close Combat|p1a: Kingdra
|-damage|p1a: Kingdra|0
|-unboost|p2a: Zamazenta|def|1
|-unboost|p2a: Zamazenta|spd|1
|faint|p1a: Kingdra
|
|-weather|Rain Dance|[upkeep]
|upkeep
|c|☆Abyssal Bot|I should be the one who gets hax ;-;
|
|t:|1776080251
|switch|p1a: Volcanion|Volcanion|100/100
|turn|9
|
|t:|1776080253
|move|p2a: Zamazenta|Close Combat|p1a: Volcanion
|-damage|p1a: Volcanion|61/100
|-unboost|p2a: Zamazenta|def|1
|-unboost|p2a: Zamazenta|spd|1
|move|p1a: Volcanion|Steam Eruption|p2a: Zamazenta
|-damage|p2a: Zamazenta|0
|faint|p2a: Zamazenta
|
|-weather|Rain Dance|[upkeep]
|upkeep
|
|t:|1776080253
|switch|p2a: Slowking|Slowking-Galar, M|100/100
|turn|10
|
|t:|1776080257
|move|p1a: Volcanion|Steam Eruption|p2a: Slowking
|-damage|p2a: Slowking|58/100
|-status|p2a: Slowking|brn
|move|p2a: Slowking|Toxic|p1a: Volcanion
|-status|p1a: Volcanion|tox
|
|-weather|none
|-damage|p1a: Volcanion|55/100 tox|[from] psn|[of] p2a: Slowking
|-damage|p2a: Slowking|52/100 brn|[from] brn|[of] p1a: Volcanion
|upkeep
|turn|11
|
|t:|1776080271
|switch|p1a: Great Tusk|Great Tusk|100/100
|move|p2a: Slowking|Future Sight|p1a: Great Tusk
|-start|p2a: Slowking|move: Future Sight
|
|-damage|p2a: Slowking|46/100 brn|[from] brn|[of] p1: Volcanion
|upkeep
|turn|12
|
|t:|1776080274
|move|p1a: Great Tusk|Earthquake|p2a: Slowking
|-supereffective|p2a: Slowking
|-damage|p2a: Slowking|0 brn
|faint|p2a: Slowking
|
|upkeep
|
|t:|1776080274
|switch|p2a: Ting-Lu|Ting-Lu|100/100
|-ability|p2a: Ting-Lu|Vessel of Ruin
|turn|13
|
|t:|1776080283
|-end|p1a: Great Tusk|Protosynthesis|[silent]
|switch|p1a: Raging Bolt|Raging Bolt|100/100
|move|p2a: Ting-Lu|Spikes|p1a: Raging Bolt
|-sidestart|p1: encore21768768|Spikes
|
|-end|p1a: Raging Bolt|move: Future Sight
|-damage|p1a: Raging Bolt|73/100
|upkeep
|turn|14
|
|t:|1776080284
|move|p1a: Raging Bolt|Draco Meteor|p2a: Ting-Lu
|-damage|p2a: Ting-Lu|67/100
|-unboost|p1a: Raging Bolt|spa|2
|move|p2a: Ting-Lu|Spikes|p1a: Raging Bolt
|-sidestart|p1: encore21768768|Spikes
|
|upkeep
|turn|15
|
|t:|1776080288
|move|p1a: Raging Bolt|Draco Meteor|p2a: Ting-Lu
|-crit|p2a: Ting-Lu
|-damage|p2a: Ting-Lu|16/100
|-unboost|p1a: Raging Bolt|spa|2
|move|p2a: Ting-Lu|Earthquake|p1a: Raging Bolt
|-supereffective|p1a: Raging Bolt
|-damage|p1a: Raging Bolt|27/100
|
|upkeep
|turn|16
|c|☆Abyssal Bot|I should be the one who gets hax ;-;
|
|t:|1776080290
|move|p1a: Raging Bolt|Draco Meteor|p2a: Ting-Lu
|-damage|p2a: Ting-Lu|4/100
|-unboost|p1a: Raging Bolt|spa|2
|move|p2a: Ting-Lu|Earthquake|p1a: Raging Bolt
|-supereffective|p1a: Raging Bolt
|-damage|p1a: Raging Bolt|0
|faint|p1a: Raging Bolt
|-end|p1a: Raging Bolt|Protosynthesis|[silent]
|
|upkeep
|
|t:|1776080299
|switch|p1a: Great Tusk|Great Tusk|100/100
|turn|17
|
|t:|1776080301
|move|p1a: Great Tusk|Rapid Spin|p2a: Ting-Lu
|-damage|p2a: Ting-Lu|0
|-boost|p1a: Great Tusk|spe|1
|-sideend|p1: encore21768768|Spikes|[from] move: Rapid Spin|[of] p1a: Great Tusk
|faint|p2a: Ting-Lu
|
|upkeep
|
|t:|1776080301
|switch|p2a: Weavile|Weavile, F|100/100
|turn|18
|
|t:|1776080303
|move|p1a: Great Tusk|Earthquake|p2a: Weavile
|-damage|p2a: Weavile|26/100
|move|p2a: Weavile|Low Kick|p1a: Great Tusk
|-damage|p1a: Great Tusk|74/100
|
|upkeep
|turn|19
|
|t:|1776080305
|move|p1a: Great Tusk|Earthquake|p2a: Weavile
|-damage|p2a: Weavile|0
|faint|p2a: Weavile
|
|win|encore21768768
|c|☆Abyssal Bot|Oh, I lost. Good Game.
|l|☆Abyssal Bot
|player|p2|
|l|*Turbo Bottttt
