|html|<div class="broadcast-blue"><strong>[Gen 9] OU is currently suspecting Tera Blast! For information on how to participate check out the <a href="https://www.smogon.com/tools/suspects/view/200">suspect thread</a>.</strong></div>
|j|☆meganga
|j|☆XOman_acc
|t:|1776118427
|gametype|singles
|player|p1|meganga|102|1119
|player|p2|XOman_acc|brock|1072
|gen|9
|tier|[Gen 9] OU
|rated|
|rule|HP Percentage Mod: HP is shown in percentages
|rule|Endless Battle Clause: Forcing endless battles is banned
|rule|Species Clause: Limit one of each Pokémon
|rule|OHKO Clause: OHKO moves are banned
|rule|Evasion Items Clause: Evasion items are banned
|rule|Evasion Moves Clause: Evasion moves are banned
|rule|Evasion Abilities Clause: Evasion abilities are banned
|rule|Sleep Moves Clause: Sleep-inducing moves are banned
|clearpoke
|poke|p1|Landorus-Therian, M|
|poke|p1|Kingambit, M|
|poke|p1|Raging Bolt|
|poke|p1|Gengar, M|
|poke|p1|Skarmory, F|
|poke|p1|Incineroar, M|
|poke|p2|Ting-Lu|
|poke|p2|Samurott-Hisui, M|
|poke|p2|Great Tusk|
|poke|p2|Gholdengo|
|poke|p2|Dragapult, F|
|poke|p2|Kingambit, F|
|teampreview
|inactive|Battle timer is ON: inactive players will automatically lose when time's up. (requested by meganga)
|
|t:|1776118435
|teamsize|p1|6
|teamsize|p2|6
|start
|switch|p1a: Landorus|Landorus-Therian, M|100/100
|switch|p2a: Gholdengo|Gholdengo|100/100
|-ability|p1a: Landorus|Intimidate|boost
|-unboost|p2a: Gholdengo|atk|1
|turn|1
|
|t:|1776118441
|-terastallize|p2a: Gholdengo|Steel
|move|p2a: Gholdengo|Make It Rain|p1a: Landorus
|-damage|p1a: Landorus|17/100
|-unboost|p2a: Gholdengo|spa|1
|move|p1a: Landorus|Stealth Rock|p2a: Gholdengo
|-sidestart|p2: XOman_acc|move: Stealth Rock
|
|upkeep
|turn|2
|
|t:|1776118452
|move|p2a: Gholdengo|Make It Rain|p1a: Landorus
|-damage|p1a: Landorus|0 fnt
|-unboost|p2a: Gholdengo|spa|1
|faint|p1a: Landorus
|
|upkeep
|
|t:|1776118455
|switch|p1a: Incineroar|Incineroar, M|100/100
|-ability|p1a: Incineroar|Intimidate|boost
|-unboost|p2a: Gholdengo|atk|1
|turn|3
|
|t:|1776118457
|move|p2a: Gholdengo|Make It Rain|p1a: Incineroar
|-resisted|p1a: Incineroar
|-damage|p1a: Incineroar|81/100
|-unboost|p2a: Gholdengo|spa|1
|move|p1a: Incineroar|Flare Blitz|p2a: Gholdengo
|-supereffective|p2a: Gholdengo
|-damage|p2a: Gholdengo|0 fnt
|faint|p2a: Gholdengo
|-damage|p1a: Incineroar|55/100|[from] Recoil
|
|upkeep
|
|t:|1776118461
|switch|p2a: Samurott|Samurott-Hisui, M|100/100
|-damage|p2a: Samurott|88/100|[from] Stealth Rock
|turn|4
|
|t:|1776118466
|move|p2a: Samurott|Razor Shell|p1a: Incineroar
|-supereffective|p1a: Incineroar
|-damage|p1a: Incineroar|0 fnt
|faint|p1a: Incineroar
|
|upkeep
|
|t:|1776118471
|switch|p1a: Raging Bolt|Raging Bolt|100/100
|turn|5
|
|t:|1776118476
|switch|p2a: Great Tusk|Great Tusk|100/100
|-damage|p2a: Great Tusk|98/100|[from] Stealth Rock
|move|p1a: Raging Bolt|Thunderclap||[still]
|-fail|p1a: Raging Bolt
|
|upkeep
|turn|6
|
|t:|1776118487
|-end|p1a: Raging Bolt|Protosynthesis|[silent]
|switch|p1a: Skarmory|Skarmory, F, shiny|100/100
|move|p2a: Great Tusk|Headlong Rush|p1a: Skarmory
|-immune|p1a: Skarmory
|
|upkeep
|turn|7
|
|t:|1776118497
|move|p2a: Great Tusk|Ice Spinner|p1a: Skarmory
|-damage|p1a: Skarmory|84/100
|move|p1a: Skarmory|Spikes|p2a: Great Tusk
|-sidestart|p2: XOman_acc|Spikes
|
|-heal|p1a: Skarmory|90/100|[from] item: Leftovers
|upkeep
|turn|8
|
|t:|1776118505
|move|p2a: Great Tusk|Knock Off|p1a: Skarmory
|-damage|p1a: Skarmory|71/100
|-enditem|p1a: Skarmory|Leftovers|[from] move: Knock Off|[of] p2a: Great Tusk
|move|p1a: Skarmory|Body Press|p2a: Great Tusk
|-damage|p2a: Great Tusk|74/100
|-damage|p1a: Skarmory|55/100|[from] item: Rocky Helmet|[of] p2a: Great Tusk
|
|upkeep
|turn|9
|
|t:|1776118514
|-end|p2a: Great Tusk|Protosynthesis|[silent]
|switch|p2a: Dragapult|Dragapult, F|100/100
|-damage|p2a: Dragapult|88/100|[from] Stealth Rock
|-damage|p2a: Dragapult|76/100|[from] Spikes
|move|p1a: Skarmory|Roost|p1a: Skarmory
|-heal|p1a: Skarmory|100/100
|-singleturn|p1a: Skarmory|move: Roost
|
|upkeep
|turn|10
|
|t:|1776118519
|move|p2a: Dragapult|Dragon Darts|p1a: Skarmory
|-resisted|p1a: Skarmory
|-damage|p1a: Skarmory|95/100
|-anim|p2a: Dragapult|Dragon Darts|p1a: Skarmory
|-resisted|p1a: Skarmory
|-damage|p1a: Skarmory|90/100
|move|p1a: Skarmory|Whirlwind|p2a: Dragapult
|drag|p2a: Great Tusk|Great Tusk|74/100
|-damage|p2a: Great Tusk|71/100|[from] Stealth Rock
|-damage|p2a: Great Tusk|59/100|[from] Spikes
|
|upkeep
|turn|11
|
|t:|1776118532
|-end|p2a: Great Tusk|Protosynthesis|[silent]
|switch|p2a: Samurott|Samurott-Hisui, M|88/100
|-damage|p2a: Samurott|76/100|[from] Stealth Rock
|-damage|p2a: Samurott|64/100|[from] Spikes
|move|p1a: Skarmory|Body Press|p2a: Samurott
|-supereffective|p2a: Samurott
|-damage|p2a: Samurott|0 fnt
|faint|p2a: Samurott
|
|upkeep
|
|t:|1776118538
|switch|p2a: Dragapult|Dragapult, F|76/100
|-damage|p2a: Dragapult|64/100|[from] Stealth Rock
|-damage|p2a: Dragapult|51/100|[from] Spikes
|turn|12
|
|t:|1776118545
|move|p2a: Dragapult|Flamethrower|p1a: Skarmory
|-supereffective|p1a: Skarmory
|-damage|p1a: Skarmory|0 fnt
|faint|p1a: Skarmory
|
|upkeep
|
|t:|1776118552
|switch|p1a: Kingambit|Kingambit, M|100/100
|-activate|p1a: Kingambit|ability: Supreme Overlord
|-start|p1a: Kingambit|fallen3|[silent]
|turn|13
|
|t:|1776118560
|switch|p2a: Ting-Lu|Ting-Lu|100/100
|-damage|p2a: Ting-Lu|94/100|[from] Stealth Rock
|-damage|p2a: Ting-Lu|82/100|[from] Spikes
|-ability|p2a: Ting-Lu|Vessel of Ruin
|move|p1a: Kingambit|Sucker Punch||[still]
|-fail|p1a: Kingambit
|
|-heal|p2a: Ting-Lu|88/100|[from] item: Leftovers
|upkeep
|turn|14
|
|t:|1776118570
|-terastallize|p1a: Kingambit|Dark
|move|p1a: Kingambit|Iron Head|p2a: Ting-Lu
|-damage|p2a: Ting-Lu|56/100
|move|p2a: Ting-Lu|Ruination|p1a: Kingambit|[miss]
|-miss|p2a: Ting-Lu|p1a: Kingambit
|
|-heal|p2a: Ting-Lu|63/100|[from] item: Leftovers
|upkeep
|turn|15
|
|t:|1776118576
|move|p1a: Kingambit|Swords Dance|p1a: Kingambit
|-boost|p1a: Kingambit|atk|2
|move|p2a: Ting-Lu|Earthquake|p1a: Kingambit
|-damage|p1a: Kingambit|72/100
|
|-heal|p2a: Ting-Lu|69/100|[from] item: Leftovers
|upkeep
|turn|16
|
|t:|1776118582
|move|p1a: Kingambit|Iron Head|p2a: Ting-Lu
|-damage|p2a: Ting-Lu|4/100
|move|p2a: Ting-Lu|Whirlwind|p1a: Kingambit
|-end|p1a: Kingambit|fallen3|[silent]
|drag|p1a: Raging Bolt|Raging Bolt|100/100
|
|-heal|p2a: Ting-Lu|10/100|[from] item: Leftovers
|upkeep
|turn|17
|
|t:|1776118587
|move|p1a: Raging Bolt|Heavy Slam|p2a: Ting-Lu
|-damage|p2a: Ting-Lu|6/100
|move|p2a: Ting-Lu|Earthquake|p1a: Raging Bolt
|-supereffective|p1a: Raging Bolt
|-damage|p1a: Raging Bolt|46/100
|
|-heal|p1a: Raging Bolt|52/100|[from] item: Leftovers
|-heal|p2a: Ting-Lu|12/100|[from] item: Leftovers
|upkeep
|turn|18
|
|t:|1776118591
|move|p1a: Raging Bolt|Heavy Slam|p2a: Ting-Lu
|-damage|p2a: Ting-Lu|8/100
|move|p2a: Ting-Lu|Earthquake|p1a: Raging Bolt
|-supereffective|p1a: Raging Bolt
|-damage|p1a: Raging Bolt|0 fnt
|faint|p1a: Raging Bolt
|-end|p1a: Raging Bolt|Protosynthesis|[silent]
|
|-heal|p2a: Ting-Lu|15/100|[from] item: Leftovers
|upkeep
|
|t:|1776118597
|switch|p1a: Gengar|Gengar, M, shiny|100/100
|turn|19
|
|t:|1776118601
|switch|p2a: Kingambit|Kingambit, F|100/100
|-damage|p2a: Kingambit|94/100|[from] Stealth Rock
|-damage|p2a: Kingambit|82/100|[from] Spikes
|-activate|p2a: Kingambit|ability: Supreme Overlord
|-start|p2a: Kingambit|fallen2|[silent]
|move|p1a: Gengar|Focus Blast|p2a: Kingambit
|-supereffective|p2a: Kingambit
|-damage|p2a: Kingambit|0 fnt
|faint|p2a: Kingambit
|-end|p2a: Kingambit|fallen2|[silent]
|-damage|p1a: Gengar|91/100|[from] item: Life Orb
|
|upkeep
|
|t:|1776118619
|switch|p2a: Dragapult|Dragapult, F|51/100
|-damage|p2a: Dragapult|39/100|[from] Stealth Rock
|-damage|p2a: Dragapult|27/100|[from] Spikes
|turn|20
|inactive|meganga has 120 seconds left.
|
|t:|1776118653
|move|p2a: Dragapult|Flamethrower|p1a: Gengar
|-damage|p1a: Gengar|28/100
|-start|p2a: Dragapult|Disable|Flamethrower|[from] ability: Cursed Body|[of] p1a: Gengar
|move|p1a: Gengar|Shadow Ball|p2a: Dragapult
|-supereffective|p2a: Dragapult
|-damage|p2a: Dragapult|0 fnt
|faint|p2a: Dragapult
|-damage|p1a: Gengar|18/100|[from] item: Life Orb
|
|upkeep
|
|t:|1776118660
|switch|p2a: Ting-Lu|Ting-Lu|15/100
|-damage|p2a: Ting-Lu|8/100|[from] Stealth Rock
|-damage|p2a: Ting-Lu|0 fnt|[from] Spikes
|faint|p2a: Ting-Lu
|
|t:|1776118663
|switch|p2a: Great Tusk|Great Tusk|59/100
|-damage|p2a: Great Tusk|56/100|[from] Stealth Rock
|-damage|p2a: Great Tusk|44/100|[from] Spikes
|turn|21
|
|t:|1776118671
|move|p1a: Gengar|Shadow Ball|p2a: Great Tusk
|-damage|p2a: Great Tusk|0 fnt
|faint|p2a: Great Tusk
|-end|p2a: Great Tusk|Protosynthesis|[silent]
|-damage|p1a: Gengar|8/100|[from] item: Life Orb
|
|win|meganga
|raw|meganga's rating: 1119 &rarr; <strong>1141</strong><br />(+22 for winning)
|raw|XOman_acc's rating: 1072 &rarr; <strong>1054</strong><br />(-18 for losing)
