|html|<div class="broadcast-blue"><strong>[Gen 9] OU is currently suspecting Tera Blast! For information on how to participate check out the <a href="https://www.smogon.com/tools/suspects/view/200">suspect thread</a>.</strong></div>
|j|☆gooseemon3
|j|☆calacon
|t:|1776082056
|gametype|singles
|player|p1|gooseemon3|clown|1252
|player|p2|calacon|steven|1179
|gen|9
|tier|[Gen 9] OU
|rated|
|rule|HP Percentage Mod: HP is shown in percentages
|rule|Endless Battle Clause: Forcing endless battles is banned
|rule|Species Clause: Limit one of each Pokémon
|rule|OHKO Clause: OHKO moves are banned
|rule|Evasion Items Clause: Evasion items are banned
|rule|Evasion Moves Clause: Evasion moves are banned
|rule|Evasion Abilities Clause: Evasion abilities are banned
|rule|Sleep Moves Clause: Sleep-inducing moves are banned
|clearpoke
|poke|p1|Braviary-Hisui, M|
|poke|p1|Blaziken, M|
|poke|p1|Kyurem|
|poke|p1|Primarina, F|
|poke|p1|Regidrago|
|poke|p1|Iron Treads|
|poke|p2|Bastiodon, M|
|poke|p2|Gallade, M|
|poke|p2|Gengar, M|
|poke|p2|Arboliva, F|
|poke|p2|Kleavor, F|
|poke|p2|Florges, F|
|teampreview
|inactive|Battle timer is ON: inactive players will automatically lose when time's up. (requested by calacon)
|
|t:|1776082072
|teamsize|p1|6
|teamsize|p2|6
|start
|switch|p1a: Braviary|Braviary-Hisui, M|100/100
|switch|p2a: Kleavor|Kleavor, F|100/100
|turn|1
|
|t:|1776082078
|move|p2a: Kleavor|Stone Axe|p1a: Braviary
|-supereffective|p1a: Braviary
|-enditem|p1a: Braviary|Focus Sash
|-damage|p1a: Braviary|1/100
|-sidestart|p1: gooseemon3|move: Stealth Rock
|move|p1a: Braviary|Esper Wing|p2a: Kleavor
|-damage|p2a: Kleavor|33/100
|-boost|p1a: Braviary|spe|1
|
|-heal|p2a: Kleavor|39/100|[from] item: Leftovers
|upkeep
|turn|2
|
|t:|1776082085
|move|p1a: Braviary|Esper Wing|p2a: Kleavor
|-damage|p2a: Kleavor|0 fnt
|-boost|p1a: Braviary|spe|1
|faint|p2a: Kleavor
|
|upkeep
|
|t:|1776082093
|switch|p2a: Florges|Florges, F, shiny|100/100
|turn|3
|
|t:|1776082098
|move|p1a: Braviary|Air Slash|p2a: Florges
|-damage|p2a: Florges|82/100
|move|p2a: Florges|Calm Mind|p2a: Florges
|-boost|p2a: Florges|spa|1
|-boost|p2a: Florges|spd|1
|
|-heal|p2a: Florges|88/100|[from] item: Leftovers
|upkeep
|turn|4
|
|t:|1776082105
|move|p1a: Braviary|Air Slash|p2a: Florges
|-damage|p2a: Florges|74/100
|move|p2a: Florges|Psychic|p1a: Braviary
|-resisted|p1a: Braviary
|-damage|p1a: Braviary|0 fnt
|faint|p1a: Braviary
|
|-heal|p2a: Florges|80/100|[from] item: Leftovers
|upkeep
|
|t:|1776082111
|switch|p1a: Iron Treads|Iron Treads|100/100
|-damage|p1a: Iron Treads|97/100|[from] Stealth Rock
|-enditem|p1a: Iron Treads|Booster Energy
|-activate|p1a: Iron Treads|ability: Quark Drive|[fromitem]
|-start|p1a: Iron Treads|quarkdriveatk
|turn|5
|
|t:|1776082118
|switch|p2a: Bastiodon|Bastiodon, M, shiny|100/100
|move|p1a: Iron Treads|Iron Head|p2a: Bastiodon
|-damage|p2a: Bastiodon|72/100
|
|-heal|p2a: Bastiodon|79/100|[from] item: Leftovers
|upkeep
|turn|6
|
|t:|1776082126
|-terastallize|p2a: Bastiodon|Flying
|move|p1a: Iron Treads|Earthquake|p2a: Bastiodon
|-immune|p2a: Bastiodon
|move|p2a: Bastiodon|Body Press|p1a: Iron Treads
|-supereffective|p1a: Iron Treads
|-damage|p1a: Iron Treads|30/100
|
|-heal|p2a: Bastiodon|85/100|[from] item: Leftovers
|upkeep
|turn|7
|
|t:|1776082143
|-terastallize|p1a: Iron Treads|Ghost
|move|p1a: Iron Treads|Rapid Spin|p2a: Bastiodon
|-damage|p2a: Bastiodon|72/100
|-boost|p1a: Iron Treads|spe|1
|-sideend|p1: gooseemon3|Stealth Rock|[from] move: Rapid Spin|[of] p1a: Iron Treads
|move|p2a: Bastiodon|Body Press|p1a: Iron Treads
|-immune|p1a: Iron Treads
|
|-heal|p2a: Bastiodon|78/100|[from] item: Leftovers
|upkeep
|turn|8
|
|t:|1776082151
|move|p1a: Iron Treads|Ice Spinner|p2a: Bastiodon
|-supereffective|p2a: Bastiodon
|-damage|p2a: Bastiodon|41/100
|move|p2a: Bastiodon|Foul Play|p1a: Iron Treads
|-supereffective|p1a: Iron Treads
|-crit|p1a: Iron Treads
|-damage|p1a: Iron Treads|0 fnt
|faint|p1a: Iron Treads
|-end|p1a: Iron Treads|Quark Drive|[silent]
|
|-heal|p2a: Bastiodon|47/100|[from] item: Leftovers
|upkeep
|
|t:|1776082158
|switch|p1a: Primarina|Primarina, F|100/100
|turn|9
|
|t:|1776082164
|switch|p2a: Arboliva|Arboliva, F, shiny|100/100
|move|p1a: Primarina|Hyper Voice|p2a: Arboliva
|-resisted|p2a: Arboliva
|-damage|p2a: Arboliva|83/100
|-fieldstart|move: Grassy Terrain|[from] ability: Seed Sower|[of] p2a: Arboliva
|-enditem|p1a: Primarina|Throat Spray
|-boost|p1a: Primarina|spa|1|[from] item: Throat Spray
|
|-heal|p2a: Arboliva|89/100|[from] Grassy Terrain
|-heal|p2a: Arboliva|95/100|[from] item: Leftovers
|upkeep
|turn|10
|
|t:|1776082171
|move|p1a: Primarina|Moonblast|p2a: Arboliva
|-damage|p2a: Arboliva|43/100
|move|p2a: Arboliva|Giga Drain|p1a: Primarina
|-supereffective|p1a: Primarina
|-damage|p1a: Primarina|0 fnt
|-heal|p2a: Arboliva|85/100|[from] drain|[of] p1a: Primarina
|faint|p1a: Primarina
|
|-heal|p2a: Arboliva|91/100|[from] Grassy Terrain
|-heal|p2a: Arboliva|97/100|[from] item: Leftovers
|upkeep
|
|t:|1776082176
|switch|p1a: Regidrago|Regidrago|100/100
|turn|11
|
|t:|1776082179
|move|p1a: Regidrago|Dragon Energy|p2a: Arboliva
|-crit|p2a: Arboliva
|-damage|p2a: Arboliva|0 fnt
|faint|p2a: Arboliva
|
|upkeep
|
|t:|1776082184
|switch|p2a: Florges|Florges, F, shiny|80/100
|turn|12
|
|t:|1776082191
|switch|p1a: Kyurem|Kyurem, shiny|100/100
|-ability|p1a: Kyurem|Pressure
|move|p2a: Florges|Calm Mind|p2a: Florges
|-boost|p2a: Florges|spa|1
|-boost|p2a: Florges|spd|1
|
|-heal|p2a: Florges|86/100|[from] Grassy Terrain
|-heal|p2a: Florges|92/100|[from] item: Leftovers
|upkeep
|turn|13
|
|t:|1776082198
|move|p1a: Kyurem|Icicle Spear|p2a: Florges
|-damage|p2a: Florges|74/100
|-damage|p2a: Florges|57/100
|-damage|p2a: Florges|40/100
|-damage|p2a: Florges|21/100
|-hitcount|p2a: Florges|4
|move|p2a: Florges|Moonblast|p1a: Kyurem
|-supereffective|p1a: Kyurem
|-damage|p1a: Kyurem|3/100
|
|-heal|p1a: Kyurem|9/100|[from] Grassy Terrain
|-heal|p2a: Florges|27/100|[from] Grassy Terrain
|-heal|p2a: Florges|34/100|[from] item: Leftovers
|-fieldend|move: Grassy Terrain
|upkeep
|turn|14
|
|t:|1776082224
|move|p1a: Kyurem|Dragon Dance|p1a: Kyurem
|-boost|p1a: Kyurem|atk|1
|-boost|p1a: Kyurem|spe|1
|move|p2a: Florges|Moonblast|p1a: Kyurem
|-supereffective|p1a: Kyurem
|-damage|p1a: Kyurem|0 fnt
|faint|p1a: Kyurem
|
|-heal|p2a: Florges|40/100|[from] item: Leftovers
|upkeep
|
|t:|1776082229
|switch|p1a: Blaziken|Blaziken, M|100/100
|turn|15
|
|t:|1776082234
|move|p1a: Blaziken|Flamethrower|p2a: Florges
|-damage|p2a: Florges|24/100
|-status|p2a: Florges|brn
|move|p2a: Florges|Psychic|p1a: Blaziken
|-supereffective|p1a: Blaziken
|-damage|p1a: Blaziken|3/100
|
|-heal|p2a: Florges|30/100 brn|[from] item: Leftovers
|-damage|p2a: Florges|24/100 brn|[from] brn
|-ability|p1a: Blaziken|Speed Boost|boost
|-boost|p1a: Blaziken|spe|1
|upkeep
|turn|16
|
|t:|1776082240
|move|p1a: Blaziken|Flamethrower|p2a: Florges
|-damage|p2a: Florges|8/100 brn
|move|p2a: Florges|Calm Mind|p2a: Florges
|-boost|p2a: Florges|spa|1
|-boost|p2a: Florges|spd|1
|
|-heal|p2a: Florges|14/100 brn|[from] item: Leftovers
|-damage|p2a: Florges|8/100 brn|[from] brn
|-ability|p1a: Blaziken|Speed Boost|boost
|-boost|p1a: Blaziken|spe|1
|upkeep
|turn|17
|-message|gooseemon3 forfeited.
|
|win|calacon
|raw|gooseemon3's rating: 1252 &rarr; <strong>1222</strong><br />(-30 for losing)
|raw|calacon's rating: 1179 &rarr; <strong>1209</strong><br />(+30 for winning)
|l|☆gooseemon3
|player|p1|
|l|☆calacon
|player|p2|
