|html|<div class="broadcast-blue"><strong>[Gen 9] OU is currently suspecting Tera Blast! For information on how to participate check out the <a href="https://www.smogon.com/tools/suspects/view/200">suspect thread</a>.</strong></div>
|j|☆Allsopp
|j|☆jimborri
|t:|1776070593
|gametype|singles
|player|p1|Allsopp|dawn|1206
|player|p2|jimborri|blackbelt|1172
|gen|9
|tier|[Gen 9] OU
|rated|
|rule|HP Percentage Mod: HP is shown in percentages
|rule|Endless Battle Clause: Forcing endless battles is banned
|rule|Species Clause: Limit one of each Pokémon
|rule|OHKO Clause: OHKO moves are banned
|rule|Evasion Items Clause: Evasion items are banned
|rule|Evasion Moves Clause: Evasion moves are banned
|rule|Evasion Abilities Clause: Evasion abilities are banned
|rule|Sleep Moves Clause: Sleep-inducing moves are banned
|clearpoke
|poke|p1|Gholdengo|
|poke|p1|Torterra, M|
|poke|p1|Alomomola, M|
|poke|p1|Arcanine-Hisui, M|
|poke|p1|Dragonite, M|
|poke|p1|Weezing-Galar, M|
|poke|p2|Jolteon, M|
|poke|p2|Skeledirge, F|
|poke|p2|Forretress, F|
|poke|p2|Hitmonlee, M|
|poke|p2|Hydrapple, M|
|poke|p2|Cloyster, M|
|teampreview
|inactive|Battle timer is ON: inactive players will automatically lose when time's up. (requested by Allsopp)
|
|t:|1776070603
|teamsize|p1|6
|teamsize|p2|6
|start
|switch|p1a: Torterra|Torterra, M|100/100
|switch|p2a: Forretress|Forretress, F|100/100
|turn|1
|
|t:|1776070610
|move|p1a: Torterra|Shell Smash|p1a: Torterra
|-unboost|p1a: Torterra|def|1
|-unboost|p1a: Torterra|spd|1
|-boost|p1a: Torterra|atk|2
|-boost|p1a: Torterra|spa|2
|-boost|p1a: Torterra|spe|2
|-enditem|p1a: Torterra|White Herb
|-clearnegativeboost|p1a: Torterra|[silent]
|move|p2a: Forretress|Stealth Rock|p1a: Torterra
|-sidestart|p1: Allsopp|move: Stealth Rock
|
|upkeep
|turn|2
|inactive|jimborri has 120 seconds left.
|
|t:|1776070651
|switch|p2a: Skeledirge|Skeledirge, F|100/100
|move|p1a: Torterra|Shell Smash|p1a: Torterra
|-unboost|p1a: Torterra|def|1
|-unboost|p1a: Torterra|spd|1
|-boost|p1a: Torterra|atk|2
|-boost|p1a: Torterra|spa|2
|-boost|p1a: Torterra|spe|2
|
|upkeep
|turn|3
|
|t:|1776070660
|-terastallize|p1a: Torterra|Water
|-terastallize|p2a: Skeledirge|Flying
|move|p1a: Torterra|Earthquake|p2a: Skeledirge
|-immune|p2a: Skeledirge
|move|p2a: Skeledirge|Torch Song|p1a: Torterra
|-resisted|p1a: Torterra
|-damage|p1a: Torterra|79/100
|-boost|p2a: Skeledirge|spa|1
|-enditem|p2a: Skeledirge|Throat Spray
|-boost|p2a: Skeledirge|spa|1|[from] item: Throat Spray
|
|upkeep
|turn|4
|
|t:|1776070671
|move|p1a: Torterra|Rock Slide|p2a: Skeledirge
|-supereffective|p2a: Skeledirge
|-damage|p2a: Skeledirge|65/100
|move|p2a: Skeledirge|Shadow Ball|p1a: Torterra
|-damage|p1a: Torterra|0 fnt
|faint|p1a: Torterra
|
|upkeep
|
|t:|1776070684
|switch|p1a: Arcanine|Arcanine-Hisui, M|100/100
|-damage|p1a: Arcanine|76/100|[from] Stealth Rock
|turn|5
|
|t:|1776070688
|switch|p2a: Forretress|Forretress, F|100/100
|move|p1a: Arcanine|Head Smash|p2a: Forretress
|-damage|p2a: Forretress|54/100
|
|upkeep
|turn|6
|
|t:|1776070695
|move|p1a: Arcanine|Head Smash|p2a: Forretress
|-damage|p2a: Forretress|8/100
|move|p2a: Forretress|Thunder Wave|p1a: Arcanine
|-status|p1a: Arcanine|par
|
|upkeep
|turn|7
|
|t:|1776070703
|cant|p1a: Arcanine|par
|move|p2a: Forretress|Volt Switch|p1a: Arcanine
|-damage|p1a: Arcanine|63/100 par
|
|t:|1776070708
|switch|p2a: Hydrapple|Hydrapple, M|100/100|[from] Volt Switch
|
|upkeep
|turn|8
|
|t:|1776070718
|switch|p1a: Weezing|Weezing-Galar, M|100/100
|-damage|p1a: Weezing|88/100|[from] Stealth Rock
|move|p2a: Hydrapple|Earth Power|p1a: Weezing
|-immune|p1a: Weezing|[from] ability: Levitate
|
|upkeep
|turn|9
|
|t:|1776070740
|switch|p2a: Skeledirge|Skeledirge, F, tera:Flying|65/100
|move|p1a: Weezing|Dazzling Gleam|p2a: Skeledirge
|-damage|p2a: Skeledirge|24/100
|
|upkeep
|turn|10
|
|t:|1776070753
|move|p2a: Skeledirge|Slack Off|p2a: Skeledirge
|-heal|p2a: Skeledirge|74/100
|move|p1a: Weezing|Dazzling Gleam|p2a: Skeledirge
|-damage|p2a: Skeledirge|35/100
|
|upkeep
|turn|11
|
|t:|1776070759
|move|p2a: Skeledirge|Torch Song|p1a: Weezing
|-damage|p1a: Weezing|37/100
|-boost|p2a: Skeledirge|spa|1
|move|p1a: Weezing|Dazzling Gleam|p2a: Skeledirge
|-damage|p2a: Skeledirge|0 fnt
|faint|p2a: Skeledirge
|
|upkeep
|
|t:|1776070786
|switch|p2a: Cloyster|Cloyster, M|100/100
|turn|12
|
|t:|1776070789
|move|p2a: Cloyster|Shell Smash|p2a: Cloyster
|-unboost|p2a: Cloyster|def|1
|-unboost|p2a: Cloyster|spd|1
|-boost|p2a: Cloyster|atk|2
|-boost|p2a: Cloyster|spa|2
|-boost|p2a: Cloyster|spe|2
|move|p1a: Weezing|Clear Smog|p2a: Cloyster
|-damage|p2a: Cloyster|13/100
|-clearboost|p2a: Cloyster
|
|upkeep
|turn|13
|
|t:|1776070800
|move|p2a: Cloyster|Icicle Spear|p1a: Weezing
|-crit|p1a: Weezing
|-damage|p1a: Weezing|21/100
|-damage|p1a: Weezing|11/100
|-damage|p1a: Weezing|1/100
|-damage|p1a: Weezing|0 fnt
|faint|p1a: Weezing
|-hitcount|p1: Weezing|4
|
|upkeep
|
|t:|1776070813
|switch|p1a: Dragonite|Dragonite, M|100/100
|-damage|p1a: Dragonite|76/100|[from] Stealth Rock
|turn|14
|
|t:|1776070818
|move|p1a: Dragonite|Extreme Speed|p2a: Cloyster
|-damage|p2a: Cloyster|0 fnt
|faint|p2a: Cloyster
|
|-heal|p1a: Dragonite|82/100|[from] item: Leftovers
|upkeep
|
|t:|1776070824
|switch|p2a: Forretress|Forretress, F|8/100
|turn|15
|
|t:|1776070826
|move|p1a: Dragonite|Extreme Speed|p2a: Forretress
|-resisted|p2a: Forretress
|-damage|p2a: Forretress|0 fnt
|faint|p2a: Forretress
|
|-heal|p1a: Dragonite|88/100|[from] item: Leftovers
|upkeep
|
|t:|1776070829
|switch|p2a: Jolteon|Jolteon, M|100/100
|turn|16
|
|t:|1776070835
|move|p1a: Dragonite|Extreme Speed|p2a: Jolteon
|-damage|p2a: Jolteon|36/100
|move|p2a: Jolteon|Alluring Voice|p1a: Dragonite
|-supereffective|p1a: Dragonite
|-damage|p1a: Dragonite|40/100
|
|-heal|p2a: Jolteon|42/100|[from] item: Leftovers
|-heal|p1a: Dragonite|46/100|[from] item: Leftovers
|upkeep
|turn|17
|
|t:|1776070841
|switch|p2a: Hydrapple|Hydrapple, M|100/100
|move|p1a: Dragonite|Extreme Speed|p2a: Hydrapple
|-damage|p2a: Hydrapple|72/100
|
|-heal|p1a: Dragonite|52/100|[from] item: Leftovers
|upkeep
|turn|18
|
|t:|1776070853
|move|p2a: Hydrapple|Fickle Beam|p1a: Dragonite|[anim] Fickle Beam All Out
|-activate|p2a: Hydrapple|move: Fickle Beam
|-supereffective|p1a: Dragonite
|-damage|p1a: Dragonite|0 fnt
|faint|p1a: Dragonite
|
|upkeep
|
|t:|1776070862
|switch|p1a: Gholdengo|Gholdengo|100/100
|-damage|p1a: Gholdengo|94/100|[from] Stealth Rock
|-item|p1a: Gholdengo|Air Balloon
|turn|19
|
|t:|1776070873
|move|p1a: Gholdengo|Nasty Plot|p1a: Gholdengo
|-boost|p1a: Gholdengo|spa|2
|move|p2a: Hydrapple|Giga Drain|p1a: Gholdengo
|-resisted|p1a: Gholdengo
|-damage|p1a: Gholdengo|73/100
|-heal|p2a: Hydrapple|82/100|[from] drain|[of] p1a: Gholdengo
|-enditem|p1a: Gholdengo|Air Balloon
|
|upkeep
|turn|20
|inactive|jimborri has 120 seconds left.
|inactive|jimborri has 90 seconds left.
|
|t:|1776070934
|move|p1a: Gholdengo|Make It Rain|p2a: Hydrapple
|-crit|p2a: Hydrapple
|-damage|p2a: Hydrapple|0 fnt
|-unboost|p1a: Gholdengo|spa|1
|faint|p2a: Hydrapple
|
|upkeep
|inactive|jimborri has 90 seconds left.
|
|t:|1776070941
|switch|p2a: Hitmonlee|Hitmonlee, M|100/100
|turn|21
|
|t:|1776070945
|move|p2a: Hitmonlee|Endure|p2a: Hitmonlee
|-singleturn|p2a: Hitmonlee|move: Endure
|move|p1a: Gholdengo|Make It Rain|p2a: Hitmonlee
|-activate|p2a: Hitmonlee|move: Endure
|-damage|p2a: Hitmonlee|1/100
|-unboost|p1a: Gholdengo|spa|1
|-enditem|p2a: Hitmonlee|Liechi Berry|[eat]
|-boost|p2a: Hitmonlee|atk|1|[from] item: Liechi Berry
|
|upkeep
|turn|22
|
|t:|1776070955
|switch|p1a: Arcanine|Arcanine-Hisui, M|63/100 par
|-damage|p1a: Arcanine|39/100 par|[from] Stealth Rock
|move|p2a: Hitmonlee|Knock Off|p1a: Arcanine
|-damage|p1a: Arcanine|0 fnt
|-enditem|p1a: Arcanine|Choice Scarf|[from] move: Knock Off|[of] p2a: Hitmonlee
|faint|p1a: Arcanine
|
|upkeep
|
|t:|1776070963
|switch|p1a: Alomomola|Alomomola, M|100/100
|-damage|p1a: Alomomola|88/100|[from] Stealth Rock
|turn|23
|
|t:|1776070968
|move|p2a: Hitmonlee|Reversal|p1a: Alomomola
|-damage|p1a: Alomomola|0 fnt
|faint|p1a: Alomomola
|
|upkeep
|c|☆Allsopp|ggs
|-message|Allsopp forfeited.
|
|win|jimborri
|raw|Allsopp's rating: 1206 &rarr; <strong>1179</strong><br />(-27 for losing)
|raw|jimborri's rating: 1172 &rarr; <strong>1199</strong><br />(+27 for winning)
|l|☆Allsopp
|player|p1|
|l|☆jimborri
|player|p2|
