|html|<div class="broadcast-blue"><strong>[Gen 9] OU is currently suspecting Tera Blast! For information on how to participate check out the <a href="https://www.smogon.com/tools/suspects/view/200">suspect thread</a>.</strong></div>
|j|☆Angeboii
|j|☆DongWure
|t:|1776090287
|gametype|singles
|player|p1|Angeboii|pokekid|1247
|player|p2|DongWure|steven|1292
|gen|9
|tier|[Gen 9] OU
|rated|
|rule|HP Percentage Mod: HP is shown in percentages
|rule|Endless Battle Clause: Forcing endless battles is banned
|rule|Species Clause: Limit one of each Pokémon
|rule|OHKO Clause: OHKO moves are banned
|rule|Evasion Items Clause: Evasion items are banned
|rule|Evasion Moves Clause: Evasion moves are banned
|rule|Evasion Abilities Clause: Evasion abilities are banned
|rule|Sleep Moves Clause: Sleep-inducing moves are banned
|clearpoke
|poke|p1|Cinccino, M|
|poke|p1|Rhyperior, M|
|poke|p1|Weavile, M|
|poke|p1|Dragonite, M|
|poke|p1|Dragapult, F|
|poke|p1|Milotic, F|
|poke|p2|Deoxys-Speed|
|poke|p2|Kingambit, M|
|poke|p2|Ceruledge, M|
|poke|p2|Ogerpon-Wellspring, F|
|poke|p2|Zamazenta-*|
|poke|p2|Dragonite, M|
|teampreview
|inactive|Battle timer is ON: inactive players will automatically lose when time's up. (requested by DongWure)
|
|t:|1776090307
|teamsize|p1|6
|teamsize|p2|6
|start
|switch|p1a: Looooonnng Bob|Milotic, F|100/100
|switch|p2a: Deoxys|Deoxys-Speed|100/100
|-ability|p2a: Deoxys|Pressure
|turn|1
|
|t:|1776090329
|move|p2a: Deoxys|Light Screen|p2a: Deoxys
|-sidestart|p2: DongWure|move: Light Screen
|move|p1a: Looooonnng Bob|Scald|p2a: Deoxys
|-damage|p2a: Deoxys|83/100
|
|-status|p1a: Looooonnng Bob|brn|[from] item: Flame Orb
|upkeep
|turn|2
|inactive|DongWure has 120 seconds left.
|
|t:|1776090349
|move|p2a: Deoxys|Stealth Rock|p1a: Looooonnng Bob
|-sidestart|p1: Angeboii|move: Stealth Rock
|move|p1a: Looooonnng Bob|Scald|p2a: Deoxys
|-damage|p2a: Deoxys|64/100
|
|-damage|p1a: Looooonnng Bob|94/100 brn|[from] brn
|upkeep
|turn|3
|
|t:|1776090358
|switch|p2a: Ogerpon|Ogerpon-Wellspring, F|100/100
|move|p1a: Looooonnng Bob|Scald|p2a: Ogerpon
|-immune|p2a: Ogerpon|[from] ability: Water Absorb
|
|-damage|p1a: Looooonnng Bob|88/100 brn|[from] brn
|upkeep
|turn|4
|
|t:|1776090368
|move|p2a: Ogerpon|Swords Dance|p2a: Ogerpon
|-boost|p2a: Ogerpon|atk|2
|move|p1a: Looooonnng Bob|Ice Beam|p2a: Ogerpon
|-damage|p2a: Ogerpon|88/100
|
|-damage|p1a: Looooonnng Bob|82/100 brn|[from] brn
|upkeep
|turn|5
|
|t:|1776090379
|move|p2a: Ogerpon|Horn Leech|p1a: Looooonnng Bob
|-supereffective|p1a: Looooonnng Bob
|-damage|p1a: Looooonnng Bob|0 fnt
|-heal|p2a: Ogerpon|100/100|[from] drain|[of] p1a: Looooonnng Bob
|faint|p1a: Looooonnng Bob
|
|upkeep
|
|t:|1776090382
|switch|p1a: Strong Bobs|Dragapult, F|100/100
|-damage|p1a: Strong Bobs|88/100|[from] Stealth Rock
|turn|6
|
|t:|1776090400
|move|p1a: Strong Bobs|Dragon Darts|p2a: Ogerpon
|-damage|p2a: Ogerpon|52/100
|-anim|p1a: Strong Bobs|Dragon Darts|p2a: Ogerpon
|-damage|p2a: Ogerpon|8/100
|-damage|p1a: Strong Bobs|78/100|[from] item: Life Orb
|move|p2a: Ogerpon|Play Rough|p1a: Strong Bobs|[miss]
|-miss|p2a: Ogerpon|p1a: Strong Bobs
|
|upkeep
|turn|7
|inactive|DongWure has 120 seconds left.
|
|t:|1776090427
|move|p1a: Strong Bobs|Dragon Darts|p2a: Ogerpon
|-damage|p2a: Ogerpon|0 fnt
|faint|p2a: Ogerpon
|-damage|p1a: Strong Bobs|69/100|[from] item: Life Orb
|
|upkeep
|
|t:|1776090451
|switch|p2a: Kingambit|Kingambit, M|100/100
|-activate|p2a: Kingambit|ability: Supreme Overlord
|-start|p2a: Kingambit|fallen1|[silent]
|turn|8
|
|t:|1776090479
|move|p1a: Strong Bobs|Phantom Force||[still]
|-prepare|p1a: Strong Bobs|Phantom Force
|move|p2a: Kingambit|Kowtow Cleave|p1a: Strong Bobs|[miss]
|-miss|p2a: Kingambit|p1a: Strong Bobs
|
|-sideend|p2: DongWure|move: Light Screen
|upkeep
|turn|9
|
|t:|1776090486
|move|p1a: Strong Bobs|Phantom Force|p2a: Kingambit|[from] lockedmove
|-resisted|p2a: Kingambit
|-damage|p2a: Kingambit|79/100
|-damage|p1a: Strong Bobs|59/100|[from] item: Life Orb
|move|p2a: Kingambit|Kowtow Cleave|p1a: Strong Bobs
|-supereffective|p1a: Strong Bobs
|-damage|p1a: Strong Bobs|0 fnt
|faint|p1a: Strong Bobs
|
|-heal|p2a: Kingambit|85/100|[from] item: Leftovers
|upkeep
|
|t:|1776090497
|switch|p1a: Bob but hard|Rhyperior, M|100/100
|-damage|p1a: Bob but hard|94/100|[from] Stealth Rock
|turn|10
|
|t:|1776090516
|-end|p2a: Kingambit|fallen1|[silent]
|switch|p2a: Dragonite|Dragonite, M|100/100
|move|p1a: Bob but hard|Rock Polish|p1a: Bob but hard
|-boost|p1a: Bob but hard|spe|2
|
|upkeep
|turn|11
|inactive|DongWure has 90 seconds left.
|
|t:|1776090545
|-terastallize|p2a: Dragonite|Ground
|move|p1a: Bob but hard|Rock Slide|p2a: Dragonite
|-resisted|p2a: Dragonite
|-damage|p2a: Dragonite|90/100
|move|p2a: Dragonite|Earthquake|p1a: Bob but hard
|-supereffective|p1a: Bob but hard
|-damage|p1a: Bob but hard|25/100
|-enditem|p1a: Bob but hard|Weakness Policy
|-boost|p1a: Bob but hard|atk|2|[from] item: Weakness Policy
|-boost|p1a: Bob but hard|spa|2|[from] item: Weakness Policy
|
|upkeep
|turn|12
|inactive|DongWure has 90 seconds left.
|
|t:|1776090563
|move|p1a: Bob but hard|Earthquake|p2a: Dragonite
|-damage|p2a: Dragonite|0 fnt
|faint|p2a: Dragonite
|
|upkeep
|
|t:|1776090574
|switch|p2a: Zamazenta|Zamazenta|100/100
|-ability|p2a: Zamazenta|Dauntless Shield|boost
|-boost|p2a: Zamazenta|def|1
|turn|13
|
|t:|1776090581
|move|p1a: Bob but hard|Earthquake|p2a: Zamazenta
|-crit|p2a: Zamazenta
|-damage|p2a: Zamazenta|0 fnt
|faint|p2a: Zamazenta
|
|upkeep
|
|t:|1776090586
|switch|p2a: Deoxys|Deoxys-Speed|64/100
|-ability|p2a: Deoxys|Pressure
|turn|14
|inactive|DongWure has 90 seconds left.
|inactive|Angeboii has 120 seconds left.
|inactive|DongWure has 60 seconds left.
|inactive|Angeboii has 90 seconds left.
|inactive|Angeboii has 60 seconds left.
|l|☆Angeboii
|inactive|Angeboii disconnected and has a minute to reconnect!
|player|p1|
|j|☆Angeboii
|inactive|Angeboii reconnected and has 45 seconds left.
|player|p1|Angeboii|pokekid|
|
|t:|1776090695
|move|p2a: Deoxys|Reflect|p2a: Deoxys
|-sidestart|p2: DongWure|Reflect
|move|p1a: Bob but hard|Earthquake|p2a: Deoxys
|-damage|p2a: Deoxys|0 fnt
|faint|p2a: Deoxys
|
|upkeep
|inactive|DongWure has 60 seconds left.
|
|t:|1776090701
|switch|p2a: Ceruledge|Ceruledge, M|100/100
|turn|15
|inactive|DongWure has 60 seconds left.
|
|t:|1776090721
|move|p1a: Bob but hard|Earthquake|p2a: Ceruledge
|-supereffective|p2a: Ceruledge
|-enditem|p2a: Ceruledge|Focus Sash
|-damage|p2a: Ceruledge|1/100
|-ability|p2a: Ceruledge|Weak Armor|boost
|-unboost|p2a: Ceruledge|def|1
|-boost|p2a: Ceruledge|spe|2
|move|p2a: Ceruledge|Swords Dance|p2a: Ceruledge
|-boost|p2a: Ceruledge|atk|2
|
|upkeep
|turn|16
|inactive|DongWure has 60 seconds left.
|inactive|Angeboii has 60 seconds left.
|
|t:|1776090732
|move|p2a: Ceruledge|Bitter Blade|p1a: Bob but hard
|-resisted|p1a: Bob but hard
|-damage|p1a: Bob but hard|0 fnt
|-heal|p2a: Ceruledge|17/100|[from] drain|[of] p1a: Bob but hard
|faint|p1a: Bob but hard
|
|upkeep
|inactive|Angeboii has 60 seconds left.
|
|t:|1776090742
|switch|p1a: Small Bob|Dragonite, M|100/100
|-damage|p1a: Small Bob|75/100|[from] Stealth Rock
|turn|17
|inactive|DongWure has 60 seconds left.
|
|t:|1776090757
|move|p2a: Ceruledge|Poltergeist|p1a: Small Bob
|-activate|p1a: Small Bob|move: Poltergeist|White Herb
|-damage|p1a: Small Bob|0 fnt
|faint|p1a: Small Bob
|
|upkeep
|inactive|Angeboii has 60 seconds left.
|
|t:|1776090780
|switch|p1a: Little Bob|Cinccino, M|100/100
|-damage|p1a: Little Bob|88/100|[from] Stealth Rock
|turn|18
|
|t:|1776090789
|move|p2a: Ceruledge|Bitter Blade|p1a: Little Bob
|-damage|p1a: Little Bob|0 fnt
|-heal|p2a: Ceruledge|61/100|[from] drain|[of] p1a: Little Bob
|faint|p1a: Little Bob
|
|upkeep
|
|t:|1776090792
|switch|p1a: Sweeper Bob|Weavile, M|100/100
|-damage|p1a: Sweeper Bob|76/100|[from] Stealth Rock
|-ability|p1a: Sweeper Bob|Pressure
|turn|19
|-message|Angeboii forfeited.
|
|win|DongWure
|raw|Angeboii's rating: 1247 &rarr; <strong>1225</strong><br />(-22 for losing)
|raw|DongWure's rating: 1292 &rarr; <strong>1314</strong><br />(+22 for winning)
|l|☆Angeboii
|player|p1|
