|html|<div class="broadcast-blue"><strong>[Gen 9] OU is currently suspecting Tera Blast! For information on how to participate check out the <a href="https://www.smogon.com/tools/suspects/view/200">suspect thread</a>.</strong></div>
|j|☆nerdy_head
|j|☆Pig Perfect
|t:|1776092206
|gametype|singles
|player|p1|nerdy_head|swimmer-gen4|1562
|player|p2|Pig Perfect|workerice|1571
|gen|9
|tier|[Gen 9] OU
|rated|
|rule|HP Percentage Mod: HP is shown in percentages
|rule|Endless Battle Clause: Forcing endless battles is banned
|rule|Species Clause: Limit one of each Pokémon
|rule|OHKO Clause: OHKO moves are banned
|rule|Evasion Items Clause: Evasion items are banned
|rule|Evasion Moves Clause: Evasion moves are banned
|rule|Evasion Abilities Clause: Evasion abilities are banned
|rule|Sleep Moves Clause: Sleep-inducing moves are banned
|clearpoke
|poke|p1|Deoxys-Speed|
|poke|p1|Ceruledge, F|
|poke|p1|Zamazenta-*|
|poke|p1|Glimmora, M|
|poke|p1|Kommo-o, M|
|poke|p1|Ogerpon-Wellspring, F|
|poke|p2|Iron Leaves|
|poke|p2|Iron Treads|
|poke|p2|Kingambit, F|
|poke|p2|Pawmot, F|
|poke|p2|Pincurchin, M|
|poke|p2|Raging Bolt|
|teampreview
|j| ohko_smeargle
|
|t:|1776092247
|teamsize|p1|6
|teamsize|p2|6
|start
|switch|p1a: Glimmora|Glimmora, M|100/100
|switch|p2a: Sew What?|Pincurchin, M|100/100
|-fieldstart|move: Electric Terrain|[from] ability: Electric Surge|[of] p2a: Sew What?
|turn|1
|
|t:|1776092279
|switch|p2a: Iron Trunk|Iron Treads|100/100
|-item|p2a: Iron Trunk|Air Balloon
|-activate|p2a: Iron Trunk|ability: Quark Drive
|-start|p2a: Iron Trunk|quarkdrivespe
|move|p1a: Glimmora|Stealth Rock|p2a: Iron Trunk
|-sidestart|p2: Pig Perfect|move: Stealth Rock
|
|upkeep
|turn|2
|
|t:|1776092294
|move|p2a: Iron Trunk|Stealth Rock|p1a: Glimmora
|-sidestart|p1: nerdy_head|move: Stealth Rock
|move|p1a: Glimmora|Power Gem|p2a: Iron Trunk
|-resisted|p2a: Iron Trunk
|-damage|p2a: Iron Trunk|87/100
|-enditem|p2a: Iron Trunk|Air Balloon
|
|upkeep
|turn|3
|
|t:|1776092303
|switch|p1a: Ogerpon|Ogerpon-Wellspring, F|100/100
|-damage|p1a: Ogerpon|88/100|[from] Stealth Rock
|move|p2a: Iron Trunk|Rapid Spin|p1a: Ogerpon
|-damage|p1a: Ogerpon|74/100
|-boost|p2a: Iron Trunk|spe|1
|-sideend|p2: Pig Perfect|Stealth Rock|[from] move: Rapid Spin|[of] p2a: Iron Trunk
|
|upkeep
|turn|4
|
|t:|1776092318
|-end|p2a: Iron Trunk|Quark Drive|[silent]
|switch|p2a: So ein Mist!|Kingambit, F|100/100
|move|p1a: Ogerpon|Ivy Cudgel|p2a: So ein Mist!|[anim] Ivy Cudgel Water
|-crit|p2a: So ein Mist!
|-damage|p2a: So ein Mist!|30/100
|
|-heal|p2a: So ein Mist!|36/100|[from] item: Leftovers
|upkeep
|turn|5
|
|t:|1776092329
|-end|p2a: So ein Mist!|fallenundefined|[silent]
|switch|p2a: Necky's Nuts|Raging Bolt|100/100
|-enditem|p2a: Necky's Nuts|Booster Energy
|-activate|p2a: Necky's Nuts|ability: Protosynthesis|[fromitem]
|-start|p2a: Necky's Nuts|protosynthesisspa
|move|p1a: Ogerpon|Encore||[still]
|-fail|p1a: Ogerpon
|
|upkeep
|turn|6
|
|t:|1776092374
|move|p1a: Ogerpon|Ivy Cudgel|p2a: Necky's Nuts|[anim] Ivy Cudgel Water
|-resisted|p2a: Necky's Nuts
|-crit|p2a: Necky's Nuts
|-damage|p2a: Necky's Nuts|59/100
|move|p2a: Necky's Nuts|Rising Voltage|p1a: Ogerpon
|-hint|Rising Voltage's BP doubled on grounded target.
|-damage|p1a: Ogerpon|0 fnt
|faint|p1a: Ogerpon
|
|upkeep
|
|t:|1776092385
|switch|p1a: Glimmora|Glimmora, M|100/100
|-damage|p1a: Glimmora|88/100|[from] Stealth Rock
|turn|7
|
|t:|1776092418
|move|p2a: Necky's Nuts|Thunderclap|p1a: Glimmora
|-damage|p1a: Glimmora|0 fnt
|faint|p1a: Glimmora
|
|upkeep
|
|t:|1776092441
|switch|p1a: Deoxys|Deoxys-Speed|100/100
|-damage|p1a: Deoxys|88/100|[from] Stealth Rock
|-ability|p1a: Deoxys|Pressure
|turn|8
|
|t:|1776092453
|move|p1a: Deoxys|Light Screen|p1a: Deoxys
|-sidestart|p1: nerdy_head|move: Light Screen
|move|p2a: Necky's Nuts|Rising Voltage|p1a: Deoxys
|-hint|Rising Voltage's BP doubled on grounded target.
|-damage|p1a: Deoxys|0 fnt
|faint|p1a: Deoxys
|
|-fieldend|move: Electric Terrain
|upkeep
|
|t:|1776092461
|switch|p1a: Kommo-o|Kommo-o, M|100/100
|-damage|p1a: Kommo-o|94/100|[from] Stealth Rock
|turn|9
|
|t:|1776092471
|-terastallize|p1a: Kommo-o|Normal
|move|p1a: Kommo-o|Clangorous Soul|p1a: Kommo-o
|-boost|p1a: Kommo-o|atk|1
|-boost|p1a: Kommo-o|def|1
|-boost|p1a: Kommo-o|spa|1
|-boost|p1a: Kommo-o|spd|1
|-boost|p1a: Kommo-o|spe|1
|-damage|p1a: Kommo-o|61/100
|-enditem|p1a: Kommo-o|Throat Spray
|-boost|p1a: Kommo-o|spa|1|[from] item: Throat Spray
|move|p2a: Necky's Nuts|Dragon Pulse|p1a: Kommo-o
|-damage|p1a: Kommo-o|35/100
|
|upkeep
|turn|10
|
|t:|1776092486
|move|p2a: Necky's Nuts|Thunderclap|p1a: Kommo-o
|-damage|p1a: Kommo-o|14/100
|move|p1a: Kommo-o|Boomburst|p2a: Necky's Nuts
|-damage|p2a: Necky's Nuts|0 fnt
|faint|p2a: Necky's Nuts
|-end|p2a: Necky's Nuts|Protosynthesis|[silent]
|
|upkeep
|
|t:|1776092491
|switch|p2a: Sew What?|Pincurchin, M|100/100
|-fieldstart|move: Electric Terrain|[from] ability: Electric Surge|[of] p2a: Sew What?
|turn|11
|
|t:|1776092499
|move|p1a: Kommo-o|Flamethrower|p2a: Sew What?
|-damage|p2a: Sew What?|28/100
|move|p2a: Sew What?|Spikes|p1a: Kommo-o
|-sidestart|p1: nerdy_head|Spikes
|
|upkeep
|turn|12
|
|t:|1776092507
|move|p1a: Kommo-o|Flamethrower|p2a: Sew What?
|-damage|p2a: Sew What?|0 fnt
|faint|p2a: Sew What?
|
|upkeep
|
|t:|1776092512
|switch|p2a: *Leaves Game*|Iron Leaves|100/100
|-activate|p2a: *Leaves Game*|ability: Quark Drive
|-start|p2a: *Leaves Game*|quarkdrivespe
|turn|13
|
|t:|1776092520
|move|p2a: *Leaves Game*|Psyblade|p1a: Kommo-o
|-damage|p1a: Kommo-o|0 fnt
|faint|p1a: Kommo-o
|
|upkeep
|
|t:|1776092529
|switch|p1a: Ceruledge|Ceruledge, F|100/100
|-damage|p1a: Ceruledge|76/100|[from] Stealth Rock
|-damage|p1a: Ceruledge|63/100|[from] Spikes
|turn|14
|
|t:|1776092541
|move|p2a: *Leaves Game*|Psyblade|p1a: Ceruledge
|-damage|p1a: Ceruledge|0 fnt
|faint|p1a: Ceruledge
|
|upkeep
|
|t:|1776092546
|switch|p1a: Zamazenta|Zamazenta|100/100
|-damage|p1a: Zamazenta|94/100|[from] Stealth Rock
|-damage|p1a: Zamazenta|82/100|[from] Spikes
|-ability|p1a: Zamazenta|Dauntless Shield|boost
|-boost|p1a: Zamazenta|def|1
|turn|15
|
|t:|1776092555
|move|p2a: *Leaves Game*|Substitute|p2a: *Leaves Game*
|-start|p2a: *Leaves Game*|Substitute
|-damage|p2a: *Leaves Game*|75/100
|move|p1a: Zamazenta|Crunch|p2a: *Leaves Game*
|-supereffective|p2a: *Leaves Game*
|-end|p2a: *Leaves Game*|Substitute
|
|-heal|p2a: *Leaves Game*|82/100|[from] item: Leftovers
|-heal|p1a: Zamazenta|88/100|[from] item: Leftovers
|-sideend|p1: nerdy_head|move: Light Screen
|upkeep
|turn|16
|
|t:|1776092568
|move|p2a: *Leaves Game*|Psyblade|p1a: Zamazenta
|-supereffective|p1a: Zamazenta
|-damage|p1a: Zamazenta|25/100
|move|p1a: Zamazenta|Crunch|p2a: *Leaves Game*
|-supereffective|p2a: *Leaves Game*
|-damage|p2a: *Leaves Game*|38/100
|
|-heal|p2a: *Leaves Game*|44/100|[from] item: Leftovers
|-heal|p1a: Zamazenta|32/100|[from] item: Leftovers
|upkeep
|turn|17
|c|☆Pig Perfect|gg
|
|t:|1776092579
|move|p2a: *Leaves Game*|Psyblade|p1a: Zamazenta
|-supereffective|p1a: Zamazenta
|-crit|p1a: Zamazenta
|-damage|p1a: Zamazenta|0 fnt
|faint|p1a: Zamazenta
|
|win|Pig Perfect
|raw|nerdy_head's rating: 1562 &rarr; <strong>1543</strong><br />(-19 for losing)
|raw|Pig Perfect's rating: 1571 &rarr; <strong>1590</strong><br />(+19 for winning)
|l|☆Pig Perfect
|player|p2|
|l|☆nerdy_head
|player|p1|
