|html|<div class="broadcast-blue"><strong>[Gen 9] OU is currently suspecting Tera Blast! For information on how to participate check out the <a href="https://www.smogon.com/tools/suspects/view/200">suspect thread</a>.</strong></div>
|j|☆tapeonastick
|j|☆idg9tfgifidici
|t:|1776038978
|gametype|singles
|player|p1|tapeonastick|101|1271
|player|p2|idg9tfgifidici|dawn-gen4pt|1298
|gen|9
|tier|[Gen 9] OU
|rated|
|rule|HP Percentage Mod: HP is shown in percentages
|rule|Endless Battle Clause: Forcing endless battles is banned
|rule|Species Clause: Limit one of each Pokémon
|rule|OHKO Clause: OHKO moves are banned
|rule|Evasion Items Clause: Evasion items are banned
|rule|Evasion Moves Clause: Evasion moves are banned
|rule|Evasion Abilities Clause: Evasion abilities are banned
|rule|Sleep Moves Clause: Sleep-inducing moves are banned
|clearpoke
|poke|p1|Samurott-Hisui, F|
|poke|p1|Iron Valiant|
|poke|p1|Pecharunt|
|poke|p1|Reuniclus, F|
|poke|p1|Darkrai|
|poke|p1|Kingambit, F|
|poke|p2|Rillaboom, M|
|poke|p2|Porygon-Z|
|poke|p2|Kingambit, F|
|poke|p2|Dragapult, F|
|poke|p2|Gholdengo|
|poke|p2|Great Tusk|
|teampreview
|inactive|Battle timer is ON: inactive players will automatically lose when time's up. (requested by tapeonastick)
|
|t:|1776039007
|teamsize|p1|6
|teamsize|p2|6
|start
|switch|p1a: Valediction|Samurott-Hisui, F|100/100
|switch|p2a: Rillaboom|Rillaboom, M|100/100
|-fieldstart|move: Grassy Terrain|[from] ability: Grassy Surge|[of] p2a: Rillaboom
|turn|1
|
|t:|1776039019
|move|p2a: Rillaboom|Grassy Glide|p1a: Valediction
|-supereffective|p1a: Valediction
|-crit|p1a: Valediction
|-enditem|p1a: Valediction|Focus Sash
|-damage|p1a: Valediction|1/100
|move|p1a: Valediction|Ceaseless Edge|p2a: Rillaboom
|-damage|p2a: Rillaboom|62/100
|-sidestart|p2: idg9tfgifidici|Spikes
|
|-heal|p1a: Valediction|7/100|[from] Grassy Terrain
|-heal|p2a: Rillaboom|68/100|[from] Grassy Terrain
|-heal|p2a: Rillaboom|74/100|[from] item: Leftovers
|upkeep
|turn|2
|
|t:|1776039029
|move|p1a: Valediction|Aqua Jet|p2a: Rillaboom
|-resisted|p2a: Rillaboom
|-damage|p2a: Rillaboom|66/100
|move|p2a: Rillaboom|Grassy Glide|p1a: Valediction
|-supereffective|p1a: Valediction
|-damage|p1a: Valediction|0 fnt
|faint|p1a: Valediction
|
|-heal|p2a: Rillaboom|72/100|[from] Grassy Terrain
|-heal|p2a: Rillaboom|78/100|[from] item: Leftovers
|upkeep
|
|t:|1776039040
|switch|p1a: Azathoth|Pecharunt|100/100
|turn|3
|inactive|idg9tfgifidici has 120 seconds left.
|
|t:|1776039097
|switch|p2a: Dragapult|Dragapult, F|100/100
|-damage|p2a: Dragapult|88/100|[from] Spikes
|move|p1a: Azathoth|Shadow Ball|p2a: Dragapult
|-supereffective|p2a: Dragapult
|-damage|p2a: Dragapult|5/100
|
|-heal|p2a: Dragapult|11/100|[from] Grassy Terrain
|upkeep
|turn|4
|
|t:|1776039114
|switch|p1a: Scarlet Devil|Darkrai|100/100
|move|p2a: Dragapult|Shadow Ball|p1a: Scarlet Devil
|-resisted|p1a: Scarlet Devil
|-damage|p1a: Scarlet Devil|60/100
|
|-heal|p2a: Dragapult|17/100|[from] Grassy Terrain
|-heal|p1a: Scarlet Devil|66/100|[from] Grassy Terrain
|upkeep
|turn|5
|inactive|idg9tfgifidici has 90 seconds left.
|inactive|idg9tfgifidici has 60 seconds left.
|
|t:|1776039182
|switch|p2a: Porygon-Z|Porygon-Z|100/100
|-damage|p2a: Porygon-Z|88/100|[from] Spikes
|move|p1a: Scarlet Devil|Sucker Punch||[still]
|-fail|p1a: Scarlet Devil
|
|-heal|p1a: Scarlet Devil|72/100|[from] Grassy Terrain
|-heal|p2a: Porygon-Z|94/100|[from] Grassy Terrain
|-fieldend|move: Grassy Terrain
|upkeep
|turn|6
|
|t:|1776039200
|switch|p1a: Murasama|Kingambit, F|100/100
|-activate|p1a: Murasama|ability: Supreme Overlord
|-start|p1a: Murasama|fallen1|[silent]
|move|p2a: Porygon-Z|Tri Attack|p1a: Murasama
|-resisted|p1a: Murasama
|-damage|p1a: Murasama|63/100
|-damage|p2a: Porygon-Z|84/100|[from] item: Life Orb
|
|upkeep
|turn|7
|
|t:|1776039221
|-terastallize|p2a: Porygon-Z|Ground
|move|p2a: Porygon-Z|Tera Blast|p1a: Murasama|[anim] Tera Blast Ground
|-supereffective|p1a: Murasama
|-damage|p1a: Murasama|0 fnt
|faint|p1a: Murasama
|-end|p1a: Murasama|fallen1|[silent]
|-damage|p2a: Porygon-Z|74/100|[from] item: Life Orb
|
|upkeep
|
|t:|1776039228
|switch|p1a: Scarlet Devil|Darkrai|72/100
|turn|8
|
|t:|1776039233
|switch|p2a: Gholdengo|Gholdengo|100/100
|-damage|p2a: Gholdengo|88/100|[from] Spikes
|move|p1a: Scarlet Devil|Ice Beam|p2a: Gholdengo
|-resisted|p2a: Gholdengo
|-damage|p2a: Gholdengo|71/100
|
|upkeep
|turn|9
|inactive|idg9tfgifidici has 60 seconds left.
|
|t:|1776039251
|move|p1a: Scarlet Devil|Sucker Punch|p2a: Gholdengo
|-supereffective|p2a: Gholdengo
|-damage|p2a: Gholdengo|14/100
|move|p2a: Gholdengo|Make It Rain|p1a: Scarlet Devil
|-damage|p1a: Scarlet Devil|0 fnt
|-unboost|p2a: Gholdengo|spa|1
|faint|p1a: Scarlet Devil
|
|upkeep
|
|t:|1776039259
|switch|p1a: Mani Katti|Iron Valiant|100/100
|-enditem|p1a: Mani Katti|Booster Energy
|-activate|p1a: Mani Katti|ability: Quark Drive|[fromitem]
|-start|p1a: Mani Katti|quarkdrivespa
|turn|10
|
|t:|1776039267
|move|p2a: Gholdengo|Make It Rain|p1a: Mani Katti
|-supereffective|p1a: Mani Katti
|-damage|p1a: Mani Katti|0 fnt
|-unboost|p2a: Gholdengo|spa|1
|faint|p1a: Mani Katti
|-end|p1a: Mani Katti|Quark Drive|[silent]
|
|upkeep
|
|t:|1776039287
|switch|p1a: Metastasis|Reuniclus, F|100/100
|turn|11
|
|t:|1776039300
|switch|p2a: Kingambit|Kingambit, F|100/100
|-damage|p2a: Kingambit|88/100|[from] Spikes
|move|p1a: Metastasis|Trick Room|p1a: Metastasis
|-fieldstart|move: Trick Room|[of] p1a: Metastasis
|
|upkeep
|turn|12
|inactive|idg9tfgifidici has 60 seconds left.
|
|t:|1776039328
|-terastallize|p1a: Metastasis|Fighting
|move|p2a: Kingambit|Sucker Punch|p1a: Metastasis
|-resisted|p1a: Metastasis
|-damage|p1a: Metastasis|79/100
|move|p1a: Metastasis|Focus Blast|p2a: Kingambit|[miss]
|-miss|p1a: Metastasis|p2a: Kingambit
|
|upkeep
|turn|13
|c|☆tapeonastick|well
|inactive|idg9tfgifidici has 60 seconds left.
|l|☆idg9tfgifidici
|inactive|idg9tfgifidici disconnected and has a minute to reconnect!
|player|p2|
|j|☆idg9tfgifidici
|inactive|idg9tfgifidici reconnected and has 50 seconds left.
|player|p2|idg9tfgifidici|dawn-gen4pt|
|
|t:|1776039360
|move|p2a: Kingambit|Sucker Punch|p1a: Metastasis
|-resisted|p1a: Metastasis
|-damage|p1a: Metastasis|56/100
|move|p1a: Metastasis|Focus Blast|p2a: Kingambit
|-supereffective|p2a: Kingambit
|-damage|p2a: Kingambit|0 fnt
|faint|p2a: Kingambit
|-end|p2a: Kingambit|fallenundefined|[silent]
|
|upkeep
|
|t:|1776039365
|switch|p2a: Dragapult|Dragapult, F|17/100
|-damage|p2a: Dragapult|5/100|[from] Spikes
|turn|14
|
|t:|1776039368
|move|p1a: Metastasis|Shadow Ball|p2a: Dragapult
|-supereffective|p2a: Dragapult
|-damage|p2a: Dragapult|0 fnt
|faint|p2a: Dragapult
|
|upkeep
|
|t:|1776039374
|switch|p2a: Great Tusk|Great Tusk|100/100
|-damage|p2a: Great Tusk|88/100|[from] Spikes
|turn|15
|
|t:|1776039379
|move|p1a: Metastasis|Psychic Noise|p2a: Great Tusk
|-supereffective|p2a: Great Tusk
|-damage|p2a: Great Tusk|0 fnt
|faint|p2a: Great Tusk
|-end|p2a: Great Tusk|Protosynthesis|[silent]
|
|-fieldend|move: Trick Room
|upkeep
|inactive|idg9tfgifidici has 60 seconds left.
|
|t:|1776039386
|switch|p2a: Porygon-Z|Porygon-Z, tera:Ground|74/100
|-damage|p2a: Porygon-Z|62/100|[from] Spikes
|turn|16
|
|t:|1776039399
|move|p2a: Porygon-Z|Tera Blast|p1a: Metastasis|[anim] Tera Blast Ground
|-crit|p1a: Metastasis
|-damage|p1a: Metastasis|0 fnt
|faint|p1a: Metastasis
|-damage|p2a: Porygon-Z|52/100|[from] item: Life Orb
|
|upkeep
|
|t:|1776039405
|switch|p1a: Azathoth|Pecharunt|100/100
|turn|17
|c|☆tapeonastick|ggwp
|
|t:|1776039413
|move|p2a: Porygon-Z|Tera Blast|p1a: Azathoth|[anim] Tera Blast Ground
|-supereffective|p1a: Azathoth
|-enditem|p1a: Azathoth|Shuca Berry|[eat]
|-enditem|p1a: Azathoth|Shuca Berry|[weaken]
|-damage|p1a: Azathoth|17/100
|-damage|p2a: Porygon-Z|42/100|[from] item: Life Orb
|move|p1a: Azathoth|Shadow Ball|p2a: Porygon-Z
|-damage|p2a: Porygon-Z|1/100
|
|upkeep
|turn|18
|inactive|idg9tfgifidici has 90 seconds left.
|
|t:|1776039423
|move|p2a: Porygon-Z|Tera Blast|p1a: Azathoth|[anim] Tera Blast Ground
|-supereffective|p1a: Azathoth
|-damage|p1a: Azathoth|0 fnt
|faint|p1a: Azathoth
|-damage|p2a: Porygon-Z|0 fnt|[from] item: Life Orb
|faint|p2a: Porygon-Z
|
|win|idg9tfgifidici
|raw|tapeonastick's rating: 1271 &rarr; <strong>1248</strong><br />(-23 for losing)
|raw|idg9tfgifidici's rating: 1298 &rarr; <strong>1321</strong><br />(+23 for winning)
|l|☆tapeonastick
|player|p1|
|l|☆idg9tfgifidici
|player|p2|
