|html|<div class="broadcast-blue"><strong>[Gen 9] OU is currently suspecting Tera Blast! For information on how to participate check out the <a href="https://www.smogon.com/tools/suspects/view/200">suspect thread</a>.</strong></div>
|j|☆AbsolutNOOB1.2
|j|☆K33t3n
|t:|1776282366
|gametype|singles
|player|p1|AbsolutNOOB1.2|170|1082
|player|p2|K33t3n|veteran|1043
|gen|9
|tier|[Gen 9] OU
|rated|
|rule|HP Percentage Mod: HP is shown in percentages
|rule|Endless Battle Clause: Forcing endless battles is banned
|rule|Species Clause: Limit one of each Pokémon
|rule|OHKO Clause: OHKO moves are banned
|rule|Evasion Items Clause: Evasion items are banned
|rule|Evasion Moves Clause: Evasion moves are banned
|rule|Evasion Abilities Clause: Evasion abilities are banned
|rule|Sleep Moves Clause: Sleep-inducing moves are banned
|clearpoke
|poke|p1|Great Tusk|
|poke|p1|Brute Bonnet|
|poke|p1|Walking Wake|
|poke|p1|Torkoal, F|
|poke|p1|Raging Bolt|
|poke|p1|Alomomola, F|
|poke|p2|Tyranitar, M|
|poke|p2|Excadrill, M|
|poke|p2|Gyarados, M|
|poke|p2|Braviary-Hisui, M|
|poke|p2|Jolteon, M|
|poke|p2|Heatran, M|
|teampreview
|inactive|Battle timer is ON: inactive players will automatically lose when time's up. (requested by AbsolutNOOB1.2)
|
|t:|1776282372
|teamsize|p1|6
|teamsize|p2|6
|start
|switch|p1a: Sunny|Torkoal, F|100/100
|switch|p2a: Gojira|Tyranitar, M, shiny|100/100
|-weather|Sandstorm|[from] ability: Sand Stream|[of] p2a: Gojira
|-weather|SunnyDay|[from] ability: Drought|[of] p1a: Sunny
|turn|1
|
|t:|1776282384
|move|p2a: Gojira|Stealth Rock|p1a: Sunny
|-sidestart|p1: AbsolutNOOB1.2|move: Stealth Rock
|move|p1a: Sunny|Stealth Rock|p2a: Gojira
|-sidestart|p2: K33t3n|move: Stealth Rock
|
|-weather|SunnyDay|[upkeep]
|upkeep
|turn|2
|
|t:|1776282393
|move|p2a: Gojira|Stone Edge|p1a: Sunny
|-supereffective|p1a: Sunny
|-crit|p1a: Sunny
|-damage|p1a: Sunny|11/100
|move|p1a: Sunny|Rapid Spin|p2a: Gojira
|-resisted|p2a: Gojira
|-damage|p2a: Gojira|97/100
|-boost|p1a: Sunny|spe|1
|-sideend|p1: AbsolutNOOB1.2|Stealth Rock|[from] move: Rapid Spin|[of] p1a: Sunny
|
|-weather|SunnyDay|[upkeep]
|-heal|p2a: Gojira|100/100|[from] item: Leftovers
|-heal|p1a: Sunny|17/100|[from] item: Leftovers
|upkeep
|turn|3
|
|t:|1776282407
|switch|p1a: Momy|Alomomola, F, shiny|100/100
|move|p2a: Gojira|Stone Edge|p1a: Momy
|-damage|p1a: Momy|76/100
|
|-weather|SunnyDay|[upkeep]
|-heal|p1a: Momy|82/100|[from] item: Leftovers
|upkeep
|turn|4
|
|t:|1776282420
|switch|p2a: Bolt|Jolteon, M|100/100
|-damage|p2a: Bolt|88/100|[from] Stealth Rock
|move|p1a: Momy|Flip Turn|p2a: Bolt
|-damage|p2a: Bolt|73/100
|
|t:|1776282427
|switch|p1a: Bazil-eau|Great Tusk, shiny|100/100|[from] Flip Turn
|-activate|p1a: Bazil-eau|ability: Protosynthesis
|-start|p1a: Bazil-eau|protosynthesisatk
|
|-weather|SunnyDay|[upkeep]
|upkeep
|turn|5
|
|t:|1776282439
|switch|p2a: Sora|Braviary-Hisui, M, shiny|100/100
|-damage|p2a: Sora|76/100|[from] Stealth Rock
|move|p1a: Bazil-eau|Headlong Rush|p2a: Sora
|-immune|p2a: Sora
|
|-weather|none
|-end|p1a: Bazil-eau|Protosynthesis
|upkeep
|turn|6
|
|t:|1776282451
|-end|p1a: Bazil-eau|Protosynthesis|[silent]
|switch|p1a: Momy|Alomomola, F, shiny|100/100
|move|p2a: Sora|Psychic|p1a: Momy
|-damage|p1a: Momy|27/100
|
|-heal|p1a: Momy|33/100|[from] item: Leftovers
|upkeep
|turn|7
|
|t:|1776282467
|switch|p1a: Brute Bonnet|Brute Bonnet|100/100
|move|p2a: Sora|Psychic|p1a: Brute Bonnet
|-immune|p1a: Brute Bonnet
|
|upkeep
|turn|8
|
|t:|1776282475
|move|p2a: Sora|Heat Wave|p1a: Brute Bonnet
|-supereffective|p1a: Brute Bonnet
|-damage|p1a: Brute Bonnet|10/100
|move|p1a: Brute Bonnet|Crunch|p2a: Sora
|-supereffective|p2a: Sora
|-damage|p2a: Sora|0 fnt
|faint|p2a: Sora
|
|-heal|p1a: Brute Bonnet|16/100|[from] item: Leftovers
|upkeep
|
|t:|1776282486
|switch|p2a: Gojira|Tyranitar, M, shiny|100/100
|-damage|p2a: Gojira|88/100|[from] Stealth Rock
|-weather|Sandstorm|[from] ability: Sand Stream|[of] p2a: Gojira
|turn|9
|
|t:|1776282495
|-end|p1a: Brute Bonnet|Protosynthesis|[silent]
|switch|p1a: Momy|Alomomola, F, shiny|66/100
|move|p2a: Gojira|Stealth Rock|p1a: Momy
|-sidestart|p1: AbsolutNOOB1.2|move: Stealth Rock
|
|-weather|Sandstorm|[upkeep]
|-damage|p1a: Momy|60/100|[from] Sandstorm
|-heal|p1a: Momy|66/100|[from] item: Leftovers
|-heal|p2a: Gojira|94/100|[from] item: Leftovers
|upkeep
|turn|10
|
|t:|1776282515
|switch|p2a: Crimson|Gyarados, M, shiny|100/100
|-ability|p2a: Crimson|Intimidate|boost
|-unboost|p1a: Momy|atk|1
|move|p1a: Momy|Protect||[still]
|-fail|p1a: Momy
|
|-weather|Sandstorm|[upkeep]
|-damage|p2a: Crimson|94/100|[from] Sandstorm
|-damage|p1a: Momy|60/100|[from] Sandstorm
|-heal|p1a: Momy|66/100|[from] item: Leftovers
|upkeep
|turn|11
|
|t:|1776282528
|move|p2a: Crimson|Earthquake|p1a: Momy
|-damage|p1a: Momy|45/100
|move|p1a: Momy|Scald|p2a: Crimson
|-resisted|p2a: Crimson
|-damage|p2a: Crimson|88/100
|-status|p2a: Crimson|brn
|
|-weather|Sandstorm|[upkeep]
|-damage|p2a: Crimson|82/100 brn|[from] Sandstorm
|-damage|p1a: Momy|39/100|[from] Sandstorm
|-heal|p1a: Momy|45/100|[from] item: Leftovers
|-damage|p2a: Crimson|76/100 brn|[from] brn
|upkeep
|turn|12
|
|t:|1776282544
|move|p2a: Crimson|Dragon Dance|p2a: Crimson
|-boost|p2a: Crimson|atk|1
|-boost|p2a: Crimson|spe|1
|move|p1a: Momy|Flip Turn|p2a: Crimson
|-resisted|p2a: Crimson
|-damage|p2a: Crimson|70/100 brn
|
|t:|1776282551
|switch|p1a: Bazil-eau|Great Tusk, shiny|100/100|[from] Flip Turn
|-damage|p1a: Bazil-eau|97/100|[from] Stealth Rock
|
|-weather|Sandstorm|[upkeep]
|-damage|p2a: Crimson|64/100 brn|[from] Sandstorm
|-damage|p2a: Crimson|58/100 brn|[from] brn
|upkeep
|turn|13
|
|t:|1776282564
|move|p2a: Crimson|Waterfall|p1a: Bazil-eau
|-supereffective|p1a: Bazil-eau
|-crit|p1a: Bazil-eau
|-damage|p1a: Bazil-eau|34/100
|move|p1a: Bazil-eau|Rapid Spin|p2a: Crimson
|-damage|p2a: Crimson|35/100 brn
|-boost|p1a: Bazil-eau|spe|1
|-sideend|p1: AbsolutNOOB1.2|Stealth Rock|[from] move: Rapid Spin|[of] p1a: Bazil-eau
|
|-weather|none
|-damage|p2a: Crimson|29/100 brn|[from] brn
|upkeep
|turn|14
|
|t:|1776282585
|move|p2a: Crimson|Waterfall|p1a: Bazil-eau
|-supereffective|p1a: Bazil-eau
|-crit|p1a: Bazil-eau
|-damage|p1a: Bazil-eau|0 fnt
|faint|p1a: Bazil-eau
|-end|p1a: Bazil-eau|Protosynthesis|[silent]
|
|-damage|p2a: Crimson|23/100 brn|[from] brn
|upkeep
|
|t:|1776282595
|switch|p1a: Momy|Alomomola, F, shiny|79/100
|turn|15
|
|t:|1776282599
|move|p2a: Crimson|Earthquake|p1a: Momy
|-damage|p1a: Momy|63/100
|move|p1a: Momy|Wish|p1a: Momy
|
|-heal|p1a: Momy|70/100|[from] item: Leftovers
|-damage|p2a: Crimson|17/100 brn|[from] brn
|upkeep
|turn|16
|
|t:|1776282608
|move|p2a: Crimson|Earthquake|p1a: Momy
|-damage|p1a: Momy|55/100
|move|p1a: Momy|Flip Turn|p2a: Crimson
|-resisted|p2a: Crimson
|-damage|p2a: Crimson|7/100 brn
|
|t:|1776282620
|switch|p1a: Sunny|Torkoal, F|17/100|[from] Flip Turn
|-weather|SunnyDay|[from] ability: Drought|[of] p1a: Sunny
|
|-weather|SunnyDay|[upkeep]
|-heal|p1a: Sunny|95/100|[from] move: Wish|[wisher] Momy
|-heal|p1a: Sunny|100/100|[from] item: Leftovers
|-damage|p2a: Crimson|0 fnt|[from] brn
|faint|p2a: Crimson
|upkeep
|
|t:|1776282635
|switch|p2a: Gojira|Tyranitar, M, shiny|94/100
|-damage|p2a: Gojira|82/100|[from] Stealth Rock
|-weather|Sandstorm|[from] ability: Sand Stream|[of] p2a: Gojira
|turn|17
|
|t:|1776282657
|switch|p1a: Momy|Alomomola, F, shiny|88/100
|move|p2a: Gojira|Stone Edge|p1a: Momy
|-damage|p1a: Momy|60/100
|
|-weather|Sandstorm|[upkeep]
|-damage|p1a: Momy|54/100|[from] Sandstorm
|-heal|p1a: Momy|60/100|[from] item: Leftovers
|-heal|p2a: Gojira|88/100|[from] item: Leftovers
|upkeep
|turn|18
|
|t:|1776282670
|switch|p2a: Bolt|Jolteon, M|73/100
|-damage|p2a: Bolt|61/100|[from] Stealth Rock
|move|p1a: Momy|Protect||[still]
|-fail|p1a: Momy
|
|-weather|Sandstorm|[upkeep]
|-damage|p2a: Bolt|55/100|[from] Sandstorm
|-damage|p1a: Momy|54/100|[from] Sandstorm
|-heal|p1a: Momy|60/100|[from] item: Leftovers
|upkeep
|turn|19
|
|t:|1776282681
|move|p2a: Bolt|Thunderbolt|p1a: Momy
|-supereffective|p1a: Momy
|-damage|p1a: Momy|0 fnt
|faint|p1a: Momy
|
|-weather|Sandstorm|[upkeep]
|-damage|p2a: Bolt|48/100|[from] Sandstorm
|upkeep
|
|t:|1776282694
|switch|p1a: Sunny|Torkoal, F|100/100
|-weather|SunnyDay|[from] ability: Drought|[of] p1a: Sunny
|turn|20
|
|t:|1776282706
|move|p2a: Bolt|Thunderbolt|p1a: Sunny
|-damage|p1a: Sunny|35/100
|move|p1a: Sunny|Weather Ball|p2a: Bolt
|-damage|p2a: Bolt|0 fnt
|faint|p2a: Bolt
|
|-weather|SunnyDay|[upkeep]
|-heal|p1a: Sunny|41/100|[from] item: Leftovers
|upkeep
|
|t:|1776282720
|switch|p2a: Gojira|Tyranitar, M, shiny|88/100
|-damage|p2a: Gojira|76/100|[from] Stealth Rock
|-weather|Sandstorm|[from] ability: Sand Stream|[of] p2a: Gojira
|turn|21
|
|t:|1776282730
|switch|p1a: Brute Bonnet|Brute Bonnet|16/100
|move|p2a: Gojira|Stone Edge|p1a: Brute Bonnet
|-damage|p1a: Brute Bonnet|0 fnt
|faint|p1a: Brute Bonnet
|-end|p1a: Brute Bonnet|Protosynthesis|[silent]
|
|-weather|Sandstorm|[upkeep]
|-heal|p2a: Gojira|82/100|[from] item: Leftovers
|upkeep
|
|t:|1776282740
|switch|p1a: Sunny|Torkoal, F|41/100
|-weather|SunnyDay|[from] ability: Drought|[of] p1a: Sunny
|turn|22
|
|t:|1776282748
|move|p2a: Gojira|Stone Edge|p1a: Sunny
|-supereffective|p1a: Sunny
|-crit|p1a: Sunny
|-damage|p1a: Sunny|0 fnt
|faint|p1a: Sunny
|
|-weather|SunnyDay|[upkeep]
|-heal|p2a: Gojira|88/100|[from] item: Leftovers
|upkeep
|
|t:|1776282756
|switch|p1a: Serpent-eau|Walking Wake|100/100
|-activate|p1a: Serpent-eau|ability: Protosynthesis
|-start|p1a: Serpent-eau|protosynthesisspa
|turn|23
|
|t:|1776282765
|-terastallize|p1a: Serpent-eau|Water
|move|p1a: Serpent-eau|Hydro Steam|p2a: Gojira
|-supereffective|p2a: Gojira
|-damage|p2a: Gojira|0 fnt
|faint|p2a: Gojira
|
|-weather|SunnyDay|[upkeep]
|upkeep
|
|t:|1776282775
|switch|p2a: Turbo|Excadrill, M|100/100
|-damage|p2a: Turbo|97/100|[from] Stealth Rock
|turn|24
|
|t:|1776282784
|move|p1a: Serpent-eau|Hydro Steam|p2a: Turbo
|-supereffective|p2a: Turbo
|-damage|p2a: Turbo|0 fnt
|faint|p2a: Turbo
|
|-weather|SunnyDay|[upkeep]
|upkeep
|
|t:|1776282789
|switch|p2a: Dallas|Heatran, M|100/100
|-damage|p2a: Dallas|88/100|[from] Stealth Rock
|turn|25
|
|t:|1776282795
|move|p1a: Serpent-eau|Hydro Steam|p2a: Dallas
|-supereffective|p2a: Dallas
|-damage|p2a: Dallas|0 fnt
|faint|p2a: Dallas
|
|win|AbsolutNOOB1.2
|raw|AbsolutNOOB1.2's rating: 1082 &rarr; <strong>1107</strong><br />(+25 for winning)
|raw|K33t3n's rating: 1043 &rarr; <strong>1028</strong><br />(-15 for losing)
