|html|<div class="broadcast-blue"><strong>[Gen 9] OU is currently suspecting Tera Blast! For information on how to participate check out the <a href="https://www.smogon.com/tools/suspects/view/200">suspect thread</a>.</strong></div>
|j|☆Nacho1407
|j|☆hennyhardaway1
|t:|1776039449
|gametype|singles
|player|p1|Nacho1407|benga|1209
|player|p2|hennyhardaway1|morty|1242
|gen|9
|tier|[Gen 9] OU
|rated|
|rule|HP Percentage Mod: HP is shown in percentages
|rule|Endless Battle Clause: Forcing endless battles is banned
|rule|Species Clause: Limit one of each Pokémon
|rule|OHKO Clause: OHKO moves are banned
|rule|Evasion Items Clause: Evasion items are banned
|rule|Evasion Moves Clause: Evasion moves are banned
|rule|Evasion Abilities Clause: Evasion abilities are banned
|rule|Sleep Moves Clause: Sleep-inducing moves are banned
|clearpoke
|poke|p1|Rillaboom, M|
|poke|p1|Serperior, F|
|poke|p1|Heatran, M|
|poke|p1|Gholdengo|
|poke|p1|Zamazenta-*|
|poke|p1|Great Tusk|
|poke|p2|Blaziken, F|
|poke|p2|Alomomola, F|
|poke|p2|Kyurem|
|poke|p2|Corviknight, F|
|poke|p2|Great Tusk|
|poke|p2|Dragapult, F|
|teampreview
|inactive|Battle timer is ON: inactive players will automatically lose when time's up. (requested by Nacho1407)
|
|t:|1776039460
|teamsize|p1|6
|teamsize|p2|6
|start
|switch|p1a: Heatran|Heatran, M|100/100
|switch|p2a: Blaziken|Blaziken, F, shiny|100/100
|-item|p1a: Heatran|Air Balloon
|turn|1
|
|t:|1776039465
|move|p2a: Blaziken|Substitute|p2a: Blaziken
|-start|p2a: Blaziken|Substitute
|-damage|p2a: Blaziken|76/100
|move|p1a: Heatran|Stealth Rock|p2a: Blaziken
|-sidestart|p2: hennyhardaway1|move: Stealth Rock
|
|-heal|p2a: Blaziken|82/100|[from] item: Leftovers
|-ability|p2a: Blaziken|Speed Boost|boost
|-boost|p2a: Blaziken|spe|1
|upkeep
|turn|2
|
|t:|1776039470
|move|p2a: Blaziken|Close Combat|p1a: Heatran
|-supereffective|p1a: Heatran
|-damage|p1a: Heatran|0 fnt
|-unboost|p2a: Blaziken|def|1
|-unboost|p2a: Blaziken|spd|1
|-enditem|p1a: Heatran|Air Balloon
|faint|p1a: Heatran
|
|-heal|p2a: Blaziken|88/100|[from] item: Leftovers
|-ability|p2a: Blaziken|Speed Boost|boost
|-boost|p2a: Blaziken|spe|1
|upkeep
|
|t:|1776039478
|switch|p1a: Zamazenta|Zamazenta|100/100
|-ability|p1a: Zamazenta|Dauntless Shield|boost
|-boost|p1a: Zamazenta|def|1
|turn|3
|
|t:|1776039482
|move|p2a: Blaziken|Bulk Up|p2a: Blaziken
|-boost|p2a: Blaziken|atk|1
|-boost|p2a: Blaziken|def|1
|move|p1a: Zamazenta|Crunch|p2a: Blaziken
|-resisted|p2a: Blaziken
|-end|p2a: Blaziken|Substitute
|-damage|p1a: Zamazenta|91/100|[from] item: Life Orb
|
|-heal|p2a: Blaziken|94/100|[from] item: Leftovers
|-ability|p2a: Blaziken|Speed Boost|boost
|-boost|p2a: Blaziken|spe|1
|upkeep
|turn|4
|
|t:|1776039494
|switch|p2a: Alomomola|Alomomola, F|100/100
|-damage|p2a: Alomomola|88/100|[from] Stealth Rock
|move|p1a: Zamazenta|Psychic Fangs|p2a: Alomomola
|-damage|p2a: Alomomola|68/100
|-damage|p1a: Zamazenta|81/100|[from] item: Life Orb
|
|upkeep
|turn|5
|
|t:|1776039502
|move|p1a: Zamazenta|Crunch|p2a: Alomomola
|-damage|p2a: Alomomola|48/100
|-unboost|p2a: Alomomola|def|1
|-damage|p1a: Zamazenta|71/100|[from] item: Life Orb
|move|p2a: Alomomola|Flip Turn|p1a: Zamazenta
|-damage|p1a: Zamazenta|60/100
|inactive|hennyhardaway1 has 120 seconds left.
|
|t:|1776039549
|switch|p2a: Dragapult|Dragapult, F|100/100|[from] Flip Turn
|
|upkeep
|turn|6
|
|t:|1776039551
|move|p2a: Dragapult|Will-O-Wisp|p1a: Zamazenta
|-status|p1a: Zamazenta|brn
|move|p1a: Zamazenta|Ice Fang|p2a: Dragapult
|-supereffective|p2a: Dragapult
|-damage|p2a: Dragapult|58/100
|-damage|p1a: Zamazenta|50/100 brn|[from] item: Life Orb
|
|-damage|p1a: Zamazenta|44/100 brn|[from] brn
|upkeep
|turn|7
|inactive|hennyhardaway1 has 120 seconds left.
|
|t:|1776039561
|move|p2a: Dragapult|U-turn|p1a: Zamazenta
|-resisted|p1a: Zamazenta
|-damage|p1a: Zamazenta|36/100 brn
|
|t:|1776039564
|switch|p2a: Corviknight|Corviknight, F|100/100|[from] U-turn
|-damage|p2a: Corviknight|88/100|[from] Stealth Rock
|-ability|p2a: Corviknight|Pressure
|move|p1a: Zamazenta|Crunch|p2a: Corviknight
|-damage|p2a: Corviknight|76/100
|-damage|p1a: Zamazenta|19/100 brn|[from] item: Rocky Helmet|[of] p2a: Corviknight
|-damage|p1a: Zamazenta|9/100 brn|[from] item: Life Orb
|
|-damage|p1a: Zamazenta|3/100 brn|[from] brn
|upkeep
|turn|8
|
|t:|1776039575
|switch|p1a: Serperior|Serperior, F, shiny|100/100
|move|p2a: Corviknight|Defog|p1a: Serperior
|-boost|p1a: Serperior|evasion|1
|-sideend|p2: hennyhardaway1|Stealth Rock|[from] move: Defog|[of] p2a: Corviknight
|
|upkeep
|turn|9
|
|t:|1776039581
|move|p1a: Serperior|Knock Off|p2a: Corviknight
|-damage|p2a: Corviknight|67/100
|-damage|p1a: Serperior|84/100|[from] item: Rocky Helmet|[of] p2a: Corviknight
|-enditem|p2a: Corviknight|Rocky Helmet|[from] move: Knock Off|[of] p1a: Serperior
|move|p2a: Corviknight|U-turn|p1a: Serperior
|-supereffective|p1a: Serperior
|-damage|p1a: Serperior|51/100
|
|t:|1776039590
|switch|p2a: Dragapult|Dragapult, F|58/100|[from] U-turn
|
|upkeep
|turn|10
|
|t:|1776039594
|move|p1a: Serperior|Knock Off|p2a: Dragapult
|-supereffective|p2a: Dragapult
|-damage|p2a: Dragapult|12/100
|-enditem|p2a: Dragapult|Heavy-Duty Boots|[from] move: Knock Off|[of] p1a: Serperior
|move|p2a: Dragapult|U-turn|p1a: Serperior
|-supereffective|p1a: Serperior
|-crit|p1a: Serperior
|-damage|p1a: Serperior|0 fnt
|faint|p1a: Serperior
|
|t:|1776039603
|switch|p2a: Blaziken|Blaziken, F, shiny|94/100|[from] U-turn
|
|-heal|p2a: Blaziken|99/100|[from] item: Leftovers
|upkeep
|
|t:|1776039611
|switch|p1a: Great Tusk|Great Tusk|100/100
|-enditem|p1a: Great Tusk|Booster Energy
|-activate|p1a: Great Tusk|ability: Protosynthesis|[fromitem]
|-start|p1a: Great Tusk|protosynthesisspe
|turn|11
|
|t:|1776039617
|switch|p2a: Corviknight|Corviknight, F|67/100
|-ability|p2a: Corviknight|Pressure
|move|p1a: Great Tusk|Bulk Up|p1a: Great Tusk
|-boost|p1a: Great Tusk|atk|1
|-boost|p1a: Great Tusk|def|1
|
|upkeep
|turn|12
|
|t:|1776039620
|move|p1a: Great Tusk|Head Smash|p2a: Corviknight|[miss]
|-miss|p1a: Great Tusk|p2a: Corviknight
|move|p2a: Corviknight|Brave Bird|p1a: Great Tusk
|-supereffective|p1a: Great Tusk
|-damage|p1a: Great Tusk|68/100
|-damage|p2a: Corviknight|55/100|[from] Recoil
|
|upkeep
|turn|13
|
|t:|1776039625
|move|p1a: Great Tusk|Head Smash|p2a: Corviknight
|-damage|p2a: Corviknight|20/100
|-damage|p1a: Great Tusk|52/100|[from] Recoil
|move|p2a: Corviknight|Roost|p2a: Corviknight
|-heal|p2a: Corviknight|70/100
|-singleturn|p2a: Corviknight|move: Roost
|
|upkeep
|turn|14
|
|t:|1776039631
|move|p1a: Great Tusk|Bulk Up|p1a: Great Tusk
|-boost|p1a: Great Tusk|atk|1
|-boost|p1a: Great Tusk|def|1
|move|p2a: Corviknight|Brave Bird|p1a: Great Tusk
|-supereffective|p1a: Great Tusk
|-damage|p1a: Great Tusk|28/100
|-damage|p2a: Corviknight|61/100|[from] Recoil
|
|upkeep
|turn|15
|
|t:|1776039637
|move|p1a: Great Tusk|Head Smash|p2a: Corviknight
|-damage|p2a: Corviknight|8/100
|-damage|p1a: Great Tusk|3/100|[from] Recoil
|move|p2a: Corviknight|Roost|p2a: Corviknight
|-heal|p2a: Corviknight|58/100
|-singleturn|p2a: Corviknight|move: Roost
|
|upkeep
|turn|16
|
|t:|1776039644
|move|p1a: Great Tusk|Head Smash|p2a: Corviknight
|-damage|p2a: Corviknight|11/100
|-damage|p1a: Great Tusk|0 fnt|[from] Recoil
|faint|p1a: Great Tusk
|-end|p1a: Great Tusk|Protosynthesis|[silent]
|move|p2a: Corviknight|Roost|p2a: Corviknight
|-heal|p2a: Corviknight|61/100
|-singleturn|p2a: Corviknight|move: Roost
|
|upkeep
|-message|Nacho1407 forfeited.
|
|win|hennyhardaway1
|raw|Nacho1407's rating: 1209 &rarr; <strong>1186</strong><br />(-23 for losing)
|raw|hennyhardaway1's rating: 1242 &rarr; <strong>1265</strong><br />(+23 for winning)
|l|☆Nacho1407
|player|p1|
