|html|<div class="broadcast-blue"><strong>[Gen 9] OU is currently suspecting Tera Blast! For information on how to participate check out the <a href="https://www.smogon.com/tools/suspects/view/200">suspect thread</a>.</strong></div>
|j|☆Machasz
|j|☆CyborgParrot127
|t:|1776177457
|gametype|singles
|player|p1|Machasz|265|1575
|player|p2|CyborgParrot127|266|1573
|gen|9
|tier|[Gen 9] OU
|rated|
|rule|HP Percentage Mod: HP is shown in percentages
|rule|Endless Battle Clause: Forcing endless battles is banned
|rule|Species Clause: Limit one of each Pokémon
|rule|OHKO Clause: OHKO moves are banned
|rule|Evasion Items Clause: Evasion items are banned
|rule|Evasion Moves Clause: Evasion moves are banned
|rule|Evasion Abilities Clause: Evasion abilities are banned
|rule|Sleep Moves Clause: Sleep-inducing moves are banned
|clearpoke
|poke|p1|Hippowdon, M|
|poke|p1|Excadrill, F|
|poke|p1|Garganacl, M|
|poke|p1|Skarmory, M|
|poke|p1|Sinistcha|
|poke|p1|Weavile, F|
|poke|p2|Weavile, M|
|poke|p2|Raging Bolt|
|poke|p2|Great Tusk|
|poke|p2|Tornadus-Therian, M|
|poke|p2|Hatterene, F|
|poke|p2|Zamazenta-*|
|teampreview
|inactive|Battle timer is ON: inactive players will automatically lose when time's up. (requested by Machasz)
|inactive|CyborgParrot127 has 120 seconds left.
|
|t:|1776177504
|teamsize|p1|6
|teamsize|p2|6
|start
|switch|p1a: Hippowdon|Hippowdon, M|100/100
|switch|p2a: Great Tusk|Great Tusk|100/100
|-weather|Sandstorm|[from] ability: Sand Stream|[of] p1a: Hippowdon
|turn|1
|
|t:|1776177508
|move|p2a: Great Tusk|Stealth Rock|p1a: Hippowdon
|-sidestart|p1: Machasz|move: Stealth Rock
|move|p1a: Hippowdon|Earthquake|p2a: Great Tusk
|-damage|p2a: Great Tusk|72/100
|
|-weather|Sandstorm|[upkeep]
|upkeep
|turn|2
|
|t:|1776177519
|-end|p2a: Great Tusk|Protosynthesis|[silent]
|switch|p2a: Tornadus|Tornadus-Therian, M|100/100
|move|p1a: Hippowdon|Stealth Rock|p2a: Tornadus
|-sidestart|p2: CyborgParrot127|move: Stealth Rock
|
|-weather|Sandstorm|[upkeep]
|-damage|p2a: Tornadus|94/100|[from] Sandstorm
|upkeep
|turn|3
|
|t:|1776177522
|switch|p1a: Garganacl|Garganacl, M, shiny|100/100
|-damage|p1a: Garganacl|88/100|[from] Stealth Rock
|move|p2a: Tornadus|Knock Off|p1a: Garganacl
|-damage|p1a: Garganacl|75/100
|-enditem|p1a: Garganacl|Leftovers|[from] move: Knock Off|[of] p2a: Tornadus
|
|-weather|Sandstorm|[upkeep]
|-damage|p2a: Tornadus|88/100|[from] Sandstorm
|upkeep
|turn|4
|
|t:|1776177528
|move|p2a: Tornadus|U-turn|p1a: Garganacl
|-crit|p1a: Garganacl
|-damage|p1a: Garganacl|60/100
|
|t:|1776177530
|switch|p2a: Great Tusk|Great Tusk|72/100|[from] U-turn
|move|p1a: Garganacl|Salt Cure|p2a: Great Tusk
|-resisted|p2a: Great Tusk
|-damage|p2a: Great Tusk|70/100
|-start|p2a: Great Tusk|Salt Cure
|
|-weather|Sandstorm|[upkeep]
|-damage|p2a: Great Tusk|57/100|[from] Salt Cure
|upkeep
|turn|5
|
|t:|1776177533
|switch|p1a: Sinistcha|Sinistcha, shiny|100/100
|move|p2a: Great Tusk|Close Combat|p1a: Sinistcha
|-immune|p1a: Sinistcha
|
|-weather|Sandstorm|[upkeep]
|-damage|p1a: Sinistcha|94/100|[from] Sandstorm
|-damage|p2a: Great Tusk|45/100|[from] Salt Cure
|upkeep
|turn|6
|
|t:|1776177541
|-end|p2a: Great Tusk|Protosynthesis|[silent]
|switch|p2a: Raging Bolt|Raging Bolt|100/100
|-damage|p2a: Raging Bolt|88/100|[from] Stealth Rock
|move|p1a: Sinistcha|Shadow Ball|p2a: Raging Bolt
|-damage|p2a: Raging Bolt|60/100
|
|-weather|Sandstorm|[upkeep]
|-damage|p2a: Raging Bolt|54/100|[from] Sandstorm
|-damage|p1a: Sinistcha|88/100|[from] Sandstorm
|upkeep
|turn|7
|
|t:|1776177545
|switch|p1a: Excadrill|Excadrill, F|100/100
|-damage|p1a: Excadrill|97/100|[from] Stealth Rock
|-item|p1a: Excadrill|Air Balloon
|move|p2a: Raging Bolt|Draco Meteor|p1a: Excadrill
|-resisted|p1a: Excadrill
|-damage|p1a: Excadrill|15/100
|-unboost|p2a: Raging Bolt|spa|2
|-enditem|p1a: Excadrill|Air Balloon
|
|-weather|Sandstorm|[upkeep]
|-damage|p2a: Raging Bolt|48/100|[from] Sandstorm
|upkeep
|turn|8
|
|t:|1776177556
|-end|p2a: Raging Bolt|Protosynthesis|[silent]
|switch|p2a: Tornadus|Tornadus-Therian, M|100/100
|-damage|p2a: Tornadus|76/100|[from] Stealth Rock
|move|p1a: Excadrill|Rapid Spin|p2a: Tornadus
|-damage|p2a: Tornadus|52/100
|-boost|p1a: Excadrill|spe|1
|-sideend|p1: Machasz|Stealth Rock|[from] move: Rapid Spin|[of] p1a: Excadrill
|
|-weather|none
|upkeep
|turn|9
|
|t:|1776177560
|move|p1a: Excadrill|Iron Head|p2a: Tornadus
|-damage|p2a: Tornadus|3/100
|move|p2a: Tornadus|Heat Wave|p1a: Excadrill
|-supereffective|p1a: Excadrill
|-damage|p1a: Excadrill|0 fnt
|faint|p1a: Excadrill
|
|upkeep
|
|t:|1776177563
|switch|p1a: Weavile|Weavile, F, shiny|100/100
|-ability|p1a: Weavile|Pressure
|turn|10
|
|t:|1776177577
|switch|p2a: Great Tusk|Great Tusk|45/100
|move|p1a: Weavile|Knock Off|p2a: Great Tusk
|-resisted|p2a: Great Tusk
|-damage|p2a: Great Tusk|27/100
|-enditem|p2a: Great Tusk|Heavy-Duty Boots|[from] move: Knock Off|[of] p1a: Weavile
|
|upkeep
|turn|11
|
|t:|1776177582
|move|p1a: Weavile|Triple Axel|p2a: Great Tusk|[miss]
|-miss|p1a: Weavile|p2a: Great Tusk
|move|p2a: Great Tusk|Stealth Rock|p1a: Weavile
|-sidestart|p1: Machasz|move: Stealth Rock
|
|upkeep
|turn|12
|
|t:|1776177586
|move|p1a: Weavile|Triple Axel|p2a: Great Tusk|[miss]
|-miss|p1a: Weavile|p2a: Great Tusk
|move|p2a: Great Tusk|Close Combat|p1a: Weavile
|-supereffective|p1a: Weavile
|-damage|p1a: Weavile|0 fnt
|-unboost|p2a: Great Tusk|def|1
|-unboost|p2a: Great Tusk|spd|1
|faint|p1a: Weavile
|
|upkeep
|c|☆CyborgParrot127|my b
|c|☆Machasz|Okay
|
|t:|1776177594
|switch|p1a: Skarmory|Skarmory, M|100/100
|-damage|p1a: Skarmory|88/100|[from] Stealth Rock
|turn|13
|
|t:|1776177596
|-end|p2a: Great Tusk|Protosynthesis|[silent]
|switch|p2a: Hatterene|Hatterene, F|100/100
|-damage|p2a: Hatterene|88/100|[from] Stealth Rock
|move|p1a: Skarmory|Spikes|p2a: Hatterene
|move|p2a: Hatterene|Spikes|p1a: Skarmory|[from] ability: Magic Bounce
|-sidestart|p1: Machasz|Spikes
|
|upkeep
|turn|14
|j| gimmicks strategy
|
|t:|1776177603
|switch|p1a: Hippowdon|Hippowdon, M|100/100
|-damage|p1a: Hippowdon|94/100|[from] Stealth Rock
|-damage|p1a: Hippowdon|82/100|[from] Spikes
|-weather|Sandstorm|[from] ability: Sand Stream|[of] p1a: Hippowdon
|move|p2a: Hatterene|Nuzzle|p1a: Hippowdon
|-immune|p1a: Hippowdon
|
|-weather|Sandstorm|[upkeep]
|-damage|p2a: Hatterene|82/100|[from] Sandstorm
|upkeep
|turn|15
|
|t:|1776177606
|move|p1a: Hippowdon|Earthquake|p2a: Hatterene
|-damage|p2a: Hatterene|38/100
|move|p2a: Hatterene|Draining Kiss|p1a: Hippowdon
|-damage|p1a: Hippowdon|64/100
|-heal|p2a: Hatterene|55/100|[from] drain|[of] p1a: Hippowdon
|
|-weather|Sandstorm|[upkeep]
|-damage|p2a: Hatterene|49/100|[from] Sandstorm
|upkeep
|turn|16
|
|t:|1776177619
|move|p1a: Hippowdon|Earthquake|p2a: Hatterene
|-damage|p2a: Hatterene|10/100
|move|p2a: Hatterene|Draining Kiss|p1a: Hippowdon
|-damage|p1a: Hippowdon|45/100
|-heal|p2a: Hatterene|29/100|[from] drain|[of] p1a: Hippowdon
|
|-weather|Sandstorm|[upkeep]
|-damage|p2a: Hatterene|23/100|[from] Sandstorm
|upkeep
|turn|17
|
|t:|1776177626
|move|p1a: Hippowdon|Slack Off|p1a: Hippowdon
|-heal|p1a: Hippowdon|95/100
|move|p2a: Hatterene|Draining Kiss|p1a: Hippowdon
|-damage|p1a: Hippowdon|74/100
|-heal|p2a: Hatterene|43/100|[from] drain|[of] p1a: Hippowdon
|
|-weather|Sandstorm|[upkeep]
|-damage|p2a: Hatterene|37/100|[from] Sandstorm
|upkeep
|turn|18
|
|t:|1776177631
|switch|p2a: Tornadus|Tornadus-Therian, M|36/100
|-damage|p2a: Tornadus|11/100|[from] Stealth Rock
|move|p1a: Hippowdon|Earthquake|p2a: Tornadus
|-immune|p2a: Tornadus
|
|-weather|Sandstorm|[upkeep]
|-damage|p2a: Tornadus|5/100|[from] Sandstorm
|upkeep
|turn|19
|
|t:|1776177640
|move|p2a: Tornadus|Bleakwind Storm|p1a: Hippowdon
|-crit|p1a: Hippowdon
|-damage|p1a: Hippowdon|31/100
|move|p1a: Hippowdon|Whirlwind|p2a: Tornadus
|drag|p2a: Weavile|Weavile, M|100/100
|-ability|p2a: Weavile|Pressure
|
|-weather|Sandstorm|[upkeep]
|-damage|p2a: Weavile|94/100|[from] Sandstorm
|upkeep
|turn|20
|
|t:|1776177648
|switch|p2a: Tornadus|Tornadus-Therian, M|38/100
|-damage|p2a: Tornadus|13/100|[from] Stealth Rock
|switch|p1a: Skarmory|Skarmory, M|88/100
|-damage|p1a: Skarmory|76/100|[from] Stealth Rock
|
|-weather|Sandstorm|[upkeep]
|-damage|p2a: Tornadus|7/100|[from] Sandstorm
|upkeep
|turn|21
|l| gimmicks strategy
|
|t:|1776177655
|switch|p1a: Garganacl|Garganacl, M, shiny|60/100
|-damage|p1a: Garganacl|47/100|[from] Stealth Rock
|-damage|p1a: Garganacl|35/100|[from] Spikes
|move|p2a: Tornadus|U-turn|p1a: Garganacl
|-damage|p1a: Garganacl|25/100
|
|t:|1776177669
|switch|p2a: Weavile|Weavile, M|94/100|[from] U-turn
|-ability|p2a: Weavile|Pressure
|
|-weather|none
|upkeep
|turn|22
|
|t:|1776177674
|move|p2a: Weavile|Knock Off|p1a: Garganacl
|-damage|p1a: Garganacl|6/100
|move|p1a: Garganacl|Recover|p1a: Garganacl
|-heal|p1a: Garganacl|56/100
|
|upkeep
|turn|23
|
|t:|1776177681
|switch|p2a: Great Tusk|Great Tusk|27/100
|-damage|p2a: Great Tusk|24/100|[from] Stealth Rock
|move|p1a: Garganacl|Recover|p1a: Garganacl
|-heal|p1a: Garganacl|100/100
|
|upkeep
|turn|24
|
|t:|1776177686
|-end|p2a: Great Tusk|Protosynthesis|[silent]
|switch|p2a: Raging Bolt|Raging Bolt|48/100
|-damage|p2a: Raging Bolt|35/100|[from] Stealth Rock
|move|p1a: Garganacl|Salt Cure|p2a: Raging Bolt
|-damage|p2a: Raging Bolt|21/100
|-start|p2a: Raging Bolt|Salt Cure
|
|-damage|p2a: Raging Bolt|8/100|[from] Salt Cure
|upkeep
|turn|25
|
|t:|1776177690
|switch|p1a: Hippowdon|Hippowdon, M|31/100
|-damage|p1a: Hippowdon|25/100|[from] Stealth Rock
|-damage|p1a: Hippowdon|12/100|[from] Spikes
|-weather|Sandstorm|[from] ability: Sand Stream|[of] p1a: Hippowdon
|move|p2a: Raging Bolt|Draco Meteor|p1a: Hippowdon
|-damage|p1a: Hippowdon|0 fnt
|-unboost|p2a: Raging Bolt|spa|2
|faint|p1a: Hippowdon
|
|-weather|Sandstorm|[upkeep]
|-damage|p2a: Raging Bolt|2/100|[from] Sandstorm
|-damage|p2a: Raging Bolt|0 fnt|[from] Salt Cure
|faint|p2a: Raging Bolt
|-end|p2a: Raging Bolt|Protosynthesis|[silent]
|upkeep
|
|t:|1776177700
|switch|p2a: Great Tusk|Great Tusk|24/100
|switch|p1a: Sinistcha|Sinistcha, shiny|88/100
|-damage|p2a: Great Tusk|21/100|[from] Stealth Rock
|turn|26
|
|t:|1776177705
|-end|p2a: Great Tusk|Protosynthesis|[silent]
|switch|p2a: Tornadus|Tornadus-Therian, M|40/100
|-damage|p2a: Tornadus|15/100|[from] Stealth Rock
|move|p1a: Sinistcha|Shadow Ball|p2a: Tornadus
|-damage|p2a: Tornadus|0 fnt
|faint|p2a: Tornadus
|
|-weather|Sandstorm|[upkeep]
|-damage|p1a: Sinistcha|82/100|[from] Sandstorm
|upkeep
|
|t:|1776177707
|switch|p2a: Weavile|Weavile, M|94/100
|-ability|p2a: Weavile|Pressure
|turn|27
|
|t:|1776177711
|switch|p1a: Skarmory|Skarmory, M|76/100
|-damage|p1a: Skarmory|64/100|[from] Stealth Rock
|-terastallize|p2a: Weavile|Ice
|move|p2a: Weavile|Triple Axel|p1a: Skarmory|[miss]
|-miss|p2a: Weavile|p1a: Skarmory
|
|-weather|Sandstorm|[upkeep]
|-damage|p2a: Weavile|88/100|[from] Sandstorm
|upkeep
|turn|28
|
|t:|1776177724
|switch|p2a: Great Tusk|Great Tusk|21/100
|-damage|p2a: Great Tusk|18/100|[from] Stealth Rock
|move|p1a: Skarmory|Iron Defense|p1a: Skarmory
|-boost|p1a: Skarmory|def|2
|
|-weather|Sandstorm|[upkeep]
|upkeep
|turn|29
|
|t:|1776177728
|move|p2a: Great Tusk|Close Combat|p1a: Skarmory
|-damage|p1a: Skarmory|43/100
|-unboost|p2a: Great Tusk|def|1
|-unboost|p2a: Great Tusk|spd|1
|-damage|p2a: Great Tusk|2/100|[from] item: Rocky Helmet|[of] p1a: Skarmory
|move|p1a: Skarmory|Spikes|p2a: Great Tusk
|-sidestart|p2: CyborgParrot127|Spikes
|
|-weather|Sandstorm|[upkeep]
|upkeep
|turn|30
|
|t:|1776177731
|move|p2a: Great Tusk|Close Combat|p1a: Skarmory
|-damage|p1a: Skarmory|22/100
|-unboost|p2a: Great Tusk|def|1
|-unboost|p2a: Great Tusk|spd|1
|-damage|p2a: Great Tusk|0 fnt|[from] item: Rocky Helmet|[of] p1a: Skarmory
|faint|p2a: Great Tusk
|-end|p2a: Great Tusk|Protosynthesis|[silent]
|move|p1a: Skarmory|Roost|p1a: Skarmory
|-heal|p1a: Skarmory|72/100
|-singleturn|p1a: Skarmory|move: Roost
|
|-weather|Sandstorm|[upkeep]
|upkeep
|
|t:|1776177735
|switch|p2a: Hatterene|Hatterene, F|37/100
|-damage|p2a: Hatterene|25/100|[from] Stealth Rock
|-damage|p2a: Hatterene|13/100|[from] Spikes
|turn|31
|
|t:|1776177737
|move|p1a: Skarmory|Body Press|p2a: Hatterene
|-resisted|p2a: Hatterene
|-damage|p2a: Hatterene|0 fnt
|faint|p2a: Hatterene
|
|-weather|Sandstorm|[upkeep]
|upkeep
|-message|CyborgParrot127 forfeited.
|
|win|Machasz
|raw|Machasz's rating: 1575 &rarr; <strong>1595</strong><br />(+20 for winning)
|raw|CyborgParrot127's rating: 1573 &rarr; <strong>1553</strong><br />(-20 for losing)
|l|☆CyborgParrot127
|player|p2|
