|html|<div class="broadcast-blue"><strong>[Gen 9] OU is currently suspecting Volcarona! For information on how to participate check out the <a href="https://www.smogon.com/tools/suspects/view/208">suspect thread</a>.</strong></div>
|j|☆prova77
|j|☆spiderkitty410
|t:|1778517341
|gametype|singles
|player|p1|prova77|swimmerf-gen4dp|1381
|player|p2|spiderkitty410|brendan-masters|1479
|gen|9
|tier|[Gen 9] OU
|rated|
|rule|HP Percentage Mod: HP is shown in percentages
|rule|Endless Battle Clause: Forcing endless battles is banned
|rule|Species Clause: Limit one of each Pokémon
|rule|OHKO Clause: OHKO moves are banned
|rule|Evasion Items Clause: Evasion items are banned
|rule|Evasion Moves Clause: Evasion moves are banned
|rule|Evasion Abilities Clause: Evasion abilities are banned
|rule|Sleep Moves Clause: Sleep-inducing moves are banned
|clearpoke
|poke|p1|Gliscor, F|
|poke|p1|Alomomola, M|
|poke|p1|Regieleki|
|poke|p1|Rillaboom, M|
|poke|p1|Iron Valiant|
|poke|p1|Iron Moth|
|poke|p2|Alomomola, M|
|poke|p2|Garchomp, M|
|poke|p2|Landorus-Therian, M|
|poke|p2|Gholdengo|
|poke|p2|Greninja-*, M|
|poke|p2|Iron Treads|
|teampreview
|inactive|Battle timer is ON: inactive players will automatically lose when time's up. (requested by prova77)
|j| g2f7ef8as
|inactive|prova77 has 120 seconds left.
|inactive|spiderkitty410 has 120 seconds left.
|
|t:|1778517399
|teamsize|p1|6
|teamsize|p2|6
|start
|switch|p1a: Iron Valiant|Iron Valiant|100/100
|switch|p2a: Landorus|Landorus-Therian, M|100/100
|-ability|p2a: Landorus|Intimidate|boost
|-unboost|p1a: Iron Valiant|atk|1
|turn|1
|
|t:|1778517406
|move|p1a: Iron Valiant|Moonblast|p2a: Landorus
|-damage|p2a: Landorus|34/100
|-damage|p1a: Iron Valiant|90/100|[from] item: Life Orb
|move|p2a: Landorus|U-turn|p1a: Iron Valiant
|-resisted|p1a: Iron Valiant
|-damage|p1a: Iron Valiant|83/100
|
|t:|1778517414
|switch|p2a: Gholdengo|Gholdengo|100/100|[from] U-turn
|
|upkeep
|turn|2
|
|t:|1778517426
|-end|p1a: Iron Valiant|Quark Drive|[silent]
|switch|p1a: Alomomola|Alomomola, M|100/100
|move|p2a: Gholdengo|Shadow Ball|p1a: Alomomola
|-damage|p1a: Alomomola|49/100
|-unboost|p1a: Alomomola|spd|1
|
|upkeep
|turn|3
|
|t:|1778517442
|switch|p1a: Gliscor|Gliscor, F|100/100
|move|p2a: Gholdengo|Shadow Ball|p1a: Gliscor
|-damage|p1a: Gliscor|52/100
|-unboost|p1a: Gliscor|spd|1
|
|-status|p1a: Gliscor|tox|[from] item: Toxic Orb
|upkeep
|turn|4
|c|☆spiderkitty410|these drops
|c|☆spiderkitty410|im no sgrace i swear
|
|t:|1778517459
|move|p1a: Gliscor|Protect|p1a: Gliscor
|-singleturn|p1a: Gliscor|Protect
|move|p2a: Gholdengo|Shadow Ball|p1a: Gliscor
|-activate|p1a: Gliscor|move: Protect
|
|-heal|p1a: Gliscor|64/100 tox|[from] ability: Poison Heal
|upkeep
|turn|5
|
|t:|1778517484
|move|p2a: Gholdengo|Shadow Ball|p1a: Gliscor
|-damage|p1a: Gliscor|0 fnt
|faint|p1a: Gliscor
|
|upkeep
|
|t:|1778517486
|switch|p1a: Iron Moth|Iron Moth|100/100
|-enditem|p1a: Iron Moth|Booster Energy
|-activate|p1a: Iron Moth|ability: Quark Drive|[fromitem]
|-start|p1a: Iron Moth|quarkdrivespe
|turn|6
|
|t:|1778517490
|switch|p2a: Alomomola|Alomomola, M|100/100
|move|p1a: Iron Moth|Fiery Dance|p2a: Alomomola
|-resisted|p2a: Alomomola
|-damage|p2a: Alomomola|76/100
|-enditem|p2a: Alomomola|Red Card|[of] p1a: Iron Moth
|-end|p1a: Iron Moth|Quark Drive|[silent]
|drag|p1a: Rillaboom|Rillaboom, M|100/100
|-fieldstart|move: Grassy Terrain|[from] ability: Grassy Surge|[of] p1a: Rillaboom
|
|-heal|p2a: Alomomola|83/100|[from] Grassy Terrain
|upkeep
|turn|7
|
|t:|1778517496
|switch|p2a: Garchomp|Garchomp, M|100/100
|move|p1a: Rillaboom|Wood Hammer|p2a: Garchomp
|-damage|p2a: Garchomp|25/100
|-damage|p1a: Rillaboom|88/100|[from] ability: Rough Skin|[of] p2a: Garchomp
|-damage|p1a: Rillaboom|72/100|[from] item: Rocky Helmet|[of] p2a: Garchomp
|-damage|p1a: Rillaboom|41/100|[from] Recoil
|
|-heal|p1a: Rillaboom|47/100|[from] Grassy Terrain
|-heal|p2a: Garchomp|32/100|[from] Grassy Terrain
|upkeep
|turn|8
|inactive|spiderkitty410 has 120 seconds left.
|
|t:|1778517527
|switch|p2a: Landorus|Landorus-Therian, M|34/100
|-ability|p2a: Landorus|Intimidate|boost
|-unboost|p1a: Rillaboom|atk|1
|move|p1a: Rillaboom|Wood Hammer|p2a: Landorus
|-damage|p2a: Landorus|0 fnt
|faint|p2a: Landorus
|-damage|p1a: Rillaboom|35/100|[from] Recoil
|
|-heal|p1a: Rillaboom|41/100|[from] Grassy Terrain
|upkeep
|inactive|spiderkitty410 has 120 seconds left.
|
|t:|1778517542
|switch|p2a: Greninja|Greninja, M|100/100
|turn|9
|
|t:|1778517545
|switch|p1a: Alomomola|Alomomola, M|82/100
|move|p2a: Greninja|Sludge Wave|p1a: Alomomola
|-damage|p1a: Alomomola|62/100
|
|-heal|p1a: Alomomola|69/100|[from] Grassy Terrain
|upkeep
|turn|10
|
|t:|1778517553
|switch|p2a: Alomomola|Alomomola, M|100/100
|move|p1a: Alomomola|Wish|p1a: Alomomola
|
|-heal|p1a: Alomomola|75/100|[from] Grassy Terrain
|-fieldend|move: Grassy Terrain
|upkeep
|turn|11
|
|t:|1778517558
|move|p2a: Alomomola|Wish|p2a: Alomomola
|move|p1a: Alomomola|Flip Turn|p2a: Alomomola
|-resisted|p2a: Alomomola
|-damage|p2a: Alomomola|96/100
|
|t:|1778517562
|switch|p1a: Rillaboom|Rillaboom, M|41/100|[from] Flip Turn
|-fieldstart|move: Grassy Terrain|[from] ability: Grassy Surge|[of] p1a: Rillaboom
|
|-heal|p1a: Rillaboom|100/100|[from] move: Wish|[wisher] Alomomola
|-heal|p2a: Alomomola|100/100|[from] Grassy Terrain
|upkeep
|turn|12
|
|t:|1778517576
|-terastallize|p1a: Rillaboom|Grass
|-terastallize|p2a: Alomomola|Flying
|move|p1a: Rillaboom|Wood Hammer|p2a: Alomomola
|-resisted|p2a: Alomomola
|-damage|p2a: Alomomola|58/100
|-damage|p1a: Rillaboom|79/100|[from] Recoil
|move|p2a: Alomomola|Acrobatics|p1a: Rillaboom
|-supereffective|p1a: Rillaboom
|-damage|p1a: Rillaboom|13/100
|
|-heal|p2a: Alomomola|100/100|[from] move: Wish|[wisher] Alomomola
|-heal|p1a: Rillaboom|19/100|[from] Grassy Terrain
|upkeep
|turn|13
|
|t:|1778517596
|switch|p1a: Alomomola|Alomomola, M|100/100
|move|p2a: Alomomola|Wish|p2a: Alomomola
|
|upkeep
|turn|14
|
|t:|1778517608
|move|p2a: Alomomola|Flip Turn|p1a: Alomomola
|-resisted|p1a: Alomomola
|-damage|p1a: Alomomola|95/100
|
|t:|1778517610
|switch|p2a: Garchomp|Garchomp, M|32/100|[from] Flip Turn
|move|p1a: Alomomola|Tickle|p2a: Garchomp
|-unboost|p2a: Garchomp|atk|1
|-unboost|p2a: Garchomp|def|1
|
|-heal|p2a: Garchomp|95/100|[from] move: Wish|[wisher] Alomomola
|-heal|p2a: Garchomp|100/100|[from] Grassy Terrain
|-heal|p1a: Alomomola|100/100|[from] Grassy Terrain
|upkeep
|turn|15
|
|t:|1778517626
|move|p2a: Garchomp|Stealth Rock|p1a: Alomomola
|-sidestart|p1: prova77|move: Stealth Rock
|move|p1a: Alomomola|Wish|p1a: Alomomola
|
|-fieldend|move: Grassy Terrain
|upkeep
|turn|16
|
|t:|1778517634
|switch|p2a: Gholdengo|Gholdengo|100/100
|move|p1a: Alomomola|Flip Turn|p2a: Gholdengo
|-damage|p2a: Gholdengo|82/100
|
|t:|1778517640
|switch|p1a: Iron Moth|Iron Moth|100/100|[from] Flip Turn
|-damage|p1a: Iron Moth|75/100|[from] Stealth Rock
|
|-heal|p1a: Iron Moth|100/100|[from] move: Wish|[wisher] Alomomola
|upkeep
|turn|17
|
|t:|1778517658
|switch|p2a: Iron Treads|Iron Treads|100/100
|move|p1a: Iron Moth|Substitute|p1a: Iron Moth
|-start|p1a: Iron Moth|Substitute
|-damage|p1a: Iron Moth|75/100
|
|upkeep
|turn|18
|
|t:|1778517673
|move|p1a: Iron Moth|Fiery Dance|p2a: Iron Treads
|-supereffective|p2a: Iron Treads
|-damage|p2a: Iron Treads|36/100
|move|p2a: Iron Treads|Rapid Spin|p1a: Iron Moth
|-activate|p1a: Iron Moth|move: Substitute|[damage]
|-boost|p2a: Iron Treads|spe|1
|
|upkeep
|turn|19
|l|☆spiderkitty410
|inactive|spiderkitty410 disconnected and has a minute to reconnect!
|player|p2|
|c|☆prova77|You're alomo is insane
|j|☆spiderkitty410
|inactive|spiderkitty410 reconnected and has 115 seconds left.
|player|p2|spiderkitty410|brendan-masters|
|c|☆spiderkitty410|ancient set
|c|☆spiderkitty410|gets the job done though
|c|☆prova77|Very very cool
|inactive|spiderkitty410 has 90 seconds left.
|
|t:|1778517756
|move|p2a: Iron Treads|Earthquake|p1a: Iron Moth
|-supereffective|p1a: Iron Moth
|-end|p1a: Iron Moth|Substitute
|move|p1a: Iron Moth|Fiery Dance|p2a: Iron Treads
|-supereffective|p2a: Iron Treads
|-damage|p2a: Iron Treads|0 fnt
|-boost|p1a: Iron Moth|spa|1
|faint|p2a: Iron Treads
|-end|p2a: Iron Treads|Quark Drive|[silent]
|
|upkeep
|inactive|spiderkitty410 has 60 seconds left.
|
|t:|1778517766
|switch|p2a: Greninja|Greninja, M|100/100
|turn|20
|
|t:|1778517772
|-end|p1a: Iron Moth|Quark Drive|[silent]
|switch|p1a: Alomomola|Alomomola, M|100/100
|move|p2a: Greninja|Surf|p1a: Alomomola
|-resisted|p1a: Alomomola
|-damage|p1a: Alomomola|82/100
|
|upkeep
|turn|21
|
|t:|1778517777
|switch|p2a: Garchomp|Garchomp, M|100/100
|move|p1a: Alomomola|Wish|p1a: Alomomola
|
|upkeep
|turn|22
|
|t:|1778517786
|move|p2a: Garchomp|Spikes|p1a: Alomomola
|-sidestart|p1: prova77|Spikes
|move|p1a: Alomomola|Flip Turn|p2a: Garchomp
|-damage|p2a: Garchomp|90/100
|-damage|p1a: Alomomola|70/100|[from] ability: Rough Skin|[of] p2a: Garchomp
|-damage|p1a: Alomomola|53/100|[from] item: Rocky Helmet|[of] p2a: Garchomp
|
|t:|1778517805
|switch|p1a: Iron Valiant|Iron Valiant|83/100|[from] Flip Turn
|-damage|p1a: Iron Valiant|77/100|[from] Stealth Rock
|-damage|p1a: Iron Valiant|65/100|[from] Spikes
|
|-heal|p1a: Iron Valiant|100/100|[from] move: Wish|[wisher] Alomomola
|upkeep
|turn|23
|
|t:|1778517813
|switch|p2a: Alomomola|Alomomola, M, tera:Flying|100/100
|move|p1a: Iron Valiant|Moonblast|p2a: Alomomola
|-damage|p2a: Alomomola|31/100
|-unboost|p2a: Alomomola|spa|1
|-damage|p1a: Iron Valiant|90/100|[from] item: Life Orb
|
|upkeep
|turn|24
|inactive|spiderkitty410 has 90 seconds left.
|inactive|spiderkitty410 has 60 seconds left.
|
|t:|1778517861
|switch|p2a: Gholdengo|Gholdengo|82/100
|move|p1a: Iron Valiant|Moonblast|p2a: Gholdengo
|-resisted|p2a: Gholdengo
|-damage|p2a: Gholdengo|44/100
|-damage|p1a: Iron Valiant|80/100|[from] item: Life Orb
|
|upkeep
|turn|25
|
|t:|1778517865
|move|p1a: Iron Valiant|Shadow Ball|p2a: Gholdengo
|-supereffective|p2a: Gholdengo
|-damage|p2a: Gholdengo|0 fnt
|faint|p2a: Gholdengo
|-damage|p1a: Iron Valiant|70/100|[from] item: Life Orb
|
|upkeep
|
|t:|1778517868
|switch|p2a: Alomomola|Alomomola, M, tera:Flying|65/100
|turn|26
|
|t:|1778517884
|switch|p2a: Greninja|Greninja, M|100/100
|move|p1a: Iron Valiant|Moonblast|p2a: Greninja
|-supereffective|p2a: Greninja
|-damage|p2a: Greninja|0 fnt
|faint|p2a: Greninja
|-damage|p1a: Iron Valiant|60/100|[from] item: Life Orb
|
|upkeep
|
|t:|1778517886
|switch|p2a: Alomomola|Alomomola, M, tera:Flying|98/100
|turn|27
|
|t:|1778517892
|-end|p1a: Iron Valiant|Quark Drive|[silent]
|switch|p1a: Regieleki|Regieleki|100/100
|move|p2a: Alomomola|Acrobatics|p1a: Regieleki
|-resisted|p1a: Regieleki
|-damage|p1a: Regieleki|71/100
|
|upkeep
|turn|28
|
|t:|1778517897
|switch|p2a: Garchomp|Garchomp, M|90/100
|move|p1a: Regieleki|Rapid Spin|p2a: Garchomp
|-damage|p2a: Garchomp|84/100
|-boost|p1a: Regieleki|spe|1
|-damage|p1a: Regieleki|58/100|[from] ability: Rough Skin|[of] p2a: Garchomp
|-damage|p1a: Regieleki|42/100|[from] item: Rocky Helmet|[of] p2a: Garchomp
|-sideend|p1: prova77|Spikes|[from] move: Rapid Spin|[of] p1a: Regieleki
|-sideend|p1: prova77|Stealth Rock|[from] move: Rapid Spin|[of] p1a: Regieleki
|
|upkeep
|turn|29
|
|t:|1778517906
|switch|p1a: Iron Moth|Iron Moth|75/100
|move|p2a: Garchomp|Spikes|p1a: Iron Moth
|-sidestart|p1: prova77|Spikes
|
|upkeep
|turn|30
|
|t:|1778517913
|move|p1a: Iron Moth|Fiery Dance|p2a: Garchomp
|-resisted|p2a: Garchomp
|-damage|p2a: Garchomp|65/100
|-boost|p1a: Iron Moth|spa|1
|move|p2a: Garchomp|Earthquake|p1a: Iron Moth
|-supereffective|p1a: Iron Moth
|-damage|p1a: Iron Moth|0 fnt
|faint|p1a: Iron Moth
|-end|p1a: Iron Moth|Quark Drive|[silent]
|
|upkeep
|
|t:|1778517920
|switch|p1a: Iron Valiant|Iron Valiant|60/100
|-damage|p1a: Iron Valiant|48/100|[from] Spikes
|turn|31
|c|☆spiderkitty410|surely i win this
|
|t:|1778517929
|move|p1a: Iron Valiant|Moonblast|p2a: Garchomp
|-supereffective|p2a: Garchomp
|-damage|p2a: Garchomp|0 fnt
|faint|p2a: Garchomp
|-damage|p1a: Iron Valiant|38/100|[from] item: Life Orb
|
|upkeep
|
|t:|1778517931
|switch|p2a: Alomomola|Alomomola, M, tera:Flying|100/100
|turn|32
|
|t:|1778517934
|move|p1a: Iron Valiant|Moonblast|p2a: Alomomola
|-damage|p2a: Alomomola|25/100
|-damage|p1a: Iron Valiant|28/100|[from] item: Life Orb
|move|p2a: Alomomola|Acrobatics|p1a: Iron Valiant
|-supereffective|p1a: Iron Valiant
|-damage|p1a: Iron Valiant|0 fnt
|faint|p1a: Iron Valiant
|-end|p1a: Iron Valiant|Quark Drive|[silent]
|
|upkeep
|
|t:|1778517946
|switch|p1a: Rillaboom|Rillaboom, M, tera:Grass|19/100
|-damage|p1a: Rillaboom|7/100|[from] Spikes
|-fieldstart|move: Grassy Terrain|[from] ability: Grassy Surge|[of] p1a: Rillaboom
|turn|33
|
|t:|1778517966
|move|p2a: Alomomola|Protect|p2a: Alomomola
|-singleturn|p2a: Alomomola|Protect
|move|p1a: Rillaboom|Wood Hammer|p2a: Alomomola
|-activate|p2a: Alomomola|move: Protect
|
|-heal|p1a: Rillaboom|13/100|[from] Grassy Terrain
|upkeep
|turn|34
|c|☆spiderkitty410|ye gg
|
|t:|1778517970
|move|p1a: Rillaboom|Wood Hammer|p2a: Alomomola
|-resisted|p2a: Alomomola
|-damage|p2a: Alomomola|0 fnt
|faint|p2a: Alomomola
|-damage|p1a: Rillaboom|0 fnt|[from] Recoil
|faint|p1a: Rillaboom
|
|win|prova77
|raw|prova77's rating: 1381 &rarr; <strong>1406</strong><br />(+25 for winning)
|raw|spiderkitty410's rating: 1479 &rarr; <strong>1454</strong><br />(-25 for losing)
|c|☆prova77|Gg
