|html|<div class="broadcast-blue"><strong>[Gen 9] OU is currently suspecting Tera Blast! For information on how to participate check out the <a href="https://www.smogon.com/tools/suspects/view/200">suspect thread</a>.</strong></div>
|j|☆testingolem
|j|☆greedman456
|t:|1776097755
|gametype|singles
|player|p1|testingolem|hiker-gen4|1628
|player|p2|greedman456|brock|1583
|gen|9
|tier|[Gen 9] OU
|rated|
|rule|HP Percentage Mod: HP is shown in percentages
|rule|Endless Battle Clause: Forcing endless battles is banned
|rule|Species Clause: Limit one of each Pokémon
|rule|OHKO Clause: OHKO moves are banned
|rule|Evasion Items Clause: Evasion items are banned
|rule|Evasion Moves Clause: Evasion moves are banned
|rule|Evasion Abilities Clause: Evasion abilities are banned
|rule|Sleep Moves Clause: Sleep-inducing moves are banned
|clearpoke
|poke|p1|Kingambit, M|
|poke|p1|Deoxys-Speed|
|poke|p1|Great Tusk|
|poke|p1|Primarina, M|
|poke|p1|Raging Bolt|
|poke|p1|Smeargle, F|
|poke|p2|Great Tusk|
|poke|p2|Gholdengo|
|poke|p2|Ninetales-Alola, F|
|poke|p2|Kyurem|
|poke|p2|Scizor, F|
|poke|p2|Cloyster, M|
|teampreview
|inactive|Battle timer is ON: inactive players will automatically lose when time's up. (requested by greedman456)
|
|t:|1776097761
|teamsize|p1|6
|teamsize|p2|6
|start
|switch|p1a: Deoxys|Deoxys-Speed|100/100
|switch|p2a: Ninetales|Ninetales-Alola, F|100/100
|-ability|p1a: Deoxys|Pressure
|-weather|Snowscape|[from] ability: Snow Warning|[of] p2a: Ninetales
|turn|1
|
|t:|1776097764
|move|p1a: Deoxys|Knock Off|p2a: Ninetales
|-resisted|p2a: Ninetales
|-damage|p2a: Ninetales|88/100
|-enditem|p2a: Ninetales|Icy Rock|[from] move: Knock Off|[of] p1a: Deoxys
|-damage|p1a: Deoxys|91/100|[from] item: Life Orb
|move|p2a: Ninetales|Aurora Veil|p2a: Ninetales
|-sidestart|p2: greedman456|move: Aurora Veil
|
|-weather|Snowscape|[upkeep]
|upkeep
|turn|2
|
|t:|1776097775
|move|p1a: Deoxys|Psycho Boost|p2a: Ninetales
|-damage|p2a: Ninetales|45/100
|-unboost|p1a: Deoxys|spa|2
|-damage|p1a: Deoxys|81/100|[from] item: Life Orb
|move|p2a: Ninetales|Blizzard|p1a: Deoxys
|-damage|p1a: Deoxys|26/100
|
|-weather|Snowscape|[upkeep]
|upkeep
|turn|3
|
|t:|1776097783
|switch|p2a: Cloyster|Cloyster, M|100/100
|move|p1a: Deoxys|Recover|p1a: Deoxys
|-heal|p1a: Deoxys|76/100
|
|-weather|Snowscape|[upkeep]
|upkeep
|turn|4
|
|t:|1776097789
|switch|p1a: Primarina|Primarina, M|100/100
|move|p2a: Cloyster|Shell Smash|p2a: Cloyster
|-unboost|p2a: Cloyster|def|1
|-unboost|p2a: Cloyster|spd|1
|-boost|p2a: Cloyster|atk|2
|-boost|p2a: Cloyster|spa|2
|-boost|p2a: Cloyster|spe|2
|
|-weather|Snowscape|[upkeep]
|upkeep
|turn|5
|
|t:|1776097796
|-terastallize|p2a: Cloyster|Ice
|move|p2a: Cloyster|Icicle Spear|p1a: Primarina
|-resisted|p1a: Primarina
|-damage|p1a: Primarina|79/100
|-resisted|p1a: Primarina
|-damage|p1a: Primarina|57/100
|-resisted|p1a: Primarina
|-damage|p1a: Primarina|33/100
|-resisted|p1a: Primarina
|-damage|p1a: Primarina|13/100
|-resisted|p1a: Primarina
|-damage|p1a: Primarina|0 fnt
|faint|p1a: Primarina
|-hitcount|p1: Primarina|5
|
|-weather|Snowscape|[upkeep]
|-sideend|p2: greedman456|move: Aurora Veil
|upkeep
|
|t:|1776097807
|switch|p1a: Kingambit|Kingambit, M|100/100
|-activate|p1a: Kingambit|ability: Supreme Overlord
|-start|p1a: Kingambit|fallen1|[silent]
|-item|p1a: Kingambit|Air Balloon
|turn|6
|
|t:|1776097811
|move|p2a: Cloyster|Icicle Spear|p1a: Kingambit
|-resisted|p1a: Kingambit
|-damage|p1a: Kingambit|87/100
|-enditem|p1a: Kingambit|Air Balloon
|-resisted|p1a: Kingambit
|-damage|p1a: Kingambit|73/100
|-resisted|p1a: Kingambit
|-damage|p1a: Kingambit|60/100
|-resisted|p1a: Kingambit
|-damage|p1a: Kingambit|46/100
|-resisted|p1a: Kingambit
|-damage|p1a: Kingambit|32/100
|-hitcount|p1a: Kingambit|5
|move|p1a: Kingambit|Kowtow Cleave|p2a: Cloyster
|-damage|p2a: Cloyster|51/100
|
|-weather|Snowscape|[upkeep]
|upkeep
|turn|7
|
|t:|1776097831
|move|p1a: Kingambit|Sucker Punch|p2a: Cloyster
|-damage|p2a: Cloyster|15/100
|move|p2a: Cloyster|Icicle Spear|p1a: Kingambit
|-resisted|p1a: Kingambit
|-damage|p1a: Kingambit|18/100
|-resisted|p1a: Kingambit
|-damage|p1a: Kingambit|4/100
|-resisted|p1a: Kingambit
|-damage|p1a: Kingambit|0 fnt
|faint|p1a: Kingambit
|-end|p1a: Kingambit|fallen1|[silent]
|-hitcount|p1: Kingambit|3
|
|-weather|Snowscape|[upkeep]
|upkeep
|
|t:|1776097834
|switch|p1a: Smeargle|Smeargle, F|100/100
|turn|8
|
|t:|1776097841
|move|p1a: Smeargle|Burning Bulwark|p1a: Smeargle
|-singleturn|p1a: Smeargle|move: Protect
|move|p2a: Cloyster|Icicle Spear|p1a: Smeargle
|-activate|p1a: Smeargle|move: Protect
|
|-weather|none
|upkeep
|turn|9
|
|t:|1776097844
|move|p1a: Smeargle|Extreme Speed|p2a: Cloyster
|-damage|p2a: Cloyster|0 fnt
|faint|p2a: Cloyster
|
|upkeep
|
|t:|1776097849
|switch|p2a: Ninetales|Ninetales-Alola, F|45/100
|-weather|Snowscape|[from] ability: Snow Warning|[of] p2a: Ninetales
|turn|10
|
|t:|1776097852
|move|p2a: Ninetales|Aurora Veil|p2a: Ninetales
|-sidestart|p2: greedman456|move: Aurora Veil
|move|p1a: Smeargle|Stone Axe|p2a: Ninetales
|-supereffective|p2a: Ninetales
|-damage|p2a: Ninetales|37/100
|-sidestart|p2: greedman456|move: Stealth Rock
|
|-weather|Snowscape|[upkeep]
|upkeep
|turn|11
|
|t:|1776097860
|move|p2a: Ninetales|Blizzard|p1a: Smeargle
|-damage|p1a: Smeargle|23/100
|move|p1a: Smeargle|Endeavor|p2a: Ninetales
|-damage|p2a: Ninetales|17/100
|
|-weather|Snowscape|[upkeep]
|upkeep
|turn|12
|
|t:|1776097870
|move|p1a: Smeargle|Extreme Speed|p2a: Ninetales
|-damage|p2a: Ninetales|10/100
|move|p2a: Ninetales|Blizzard|p1a: Smeargle
|-damage|p1a: Smeargle|0 fnt
|faint|p1a: Smeargle
|
|-weather|Snowscape|[upkeep]
|upkeep
|
|t:|1776097874
|switch|p1a: Deoxys|Deoxys-Speed|76/100
|-ability|p1a: Deoxys|Pressure
|turn|13
|
|t:|1776097880
|move|p1a: Deoxys|Recover|p1a: Deoxys
|-heal|p1a: Deoxys|100/100
|move|p2a: Ninetales|Blizzard|p1a: Deoxys
|-damage|p1a: Deoxys|43/100
|
|-weather|Snowscape|[upkeep]
|upkeep
|turn|14
|
|t:|1776097887
|move|p1a: Deoxys|Recover|p1a: Deoxys
|-heal|p1a: Deoxys|93/100
|move|p2a: Ninetales|Blizzard|p1a: Deoxys
|-damage|p1a: Deoxys|40/100
|-status|p1a: Deoxys|frz
|
|-weather|none
|-sideend|p2: greedman456|move: Aurora Veil
|upkeep
|turn|15
|
|t:|1776097896
|switch|p2a: Scizor|Scizor, F|100/100
|-damage|p2a: Scizor|88/100|[from] Stealth Rock
|cant|p1a: Deoxys|frz
|
|upkeep
|turn|16
|
|t:|1776097901
|cant|p1a: Deoxys|frz
|move|p2a: Scizor|Defog|p1a: Deoxys
|-unboost|p1a: Deoxys|evasion|1
|-sideend|p2: greedman456|Stealth Rock|[from] move: Defog|[of] p2a: Scizor
|
|upkeep
|turn|17
|
|t:|1776097904
|switch|p2a: Ninetales|Ninetales-Alola, F|10/100
|-weather|Snowscape|[from] ability: Snow Warning|[of] p2a: Ninetales
|-curestatus|p1a: Deoxys|frz|[msg]
|move|p1a: Deoxys|Psycho Boost|p2a: Ninetales
|-damage|p2a: Ninetales|0 fnt
|-unboost|p1a: Deoxys|spa|2
|faint|p2a: Ninetales
|-damage|p1a: Deoxys|30/100|[from] item: Life Orb
|
|-weather|Snowscape|[upkeep]
|upkeep
|
|t:|1776097916
|switch|p2a: Great Tusk|Great Tusk|100/100
|-enditem|p2a: Great Tusk|Booster Energy
|-activate|p2a: Great Tusk|ability: Protosynthesis|[fromitem]
|-start|p2a: Great Tusk|protosynthesisspe
|turn|18
|
|t:|1776097921
|move|p1a: Deoxys|Psycho Boost|p2a: Great Tusk
|-supereffective|p2a: Great Tusk
|-damage|p2a: Great Tusk|0 fnt
|-unboost|p1a: Deoxys|spa|2
|faint|p2a: Great Tusk
|-end|p2a: Great Tusk|Protosynthesis|[silent]
|-damage|p1a: Deoxys|20/100|[from] item: Life Orb
|
|-weather|Snowscape|[upkeep]
|upkeep
|
|t:|1776097927
|switch|p2a: Gholdengo|Gholdengo|100/100
|turn|19
|
|t:|1776097930
|move|p1a: Deoxys|Knock Off|p2a: Gholdengo
|-supereffective|p2a: Gholdengo
|-damage|p2a: Gholdengo|40/100
|-enditem|p2a: Gholdengo|Metal Coat|[from] move: Knock Off|[of] p1a: Deoxys
|-damage|p1a: Deoxys|10/100|[from] item: Life Orb
|move|p2a: Gholdengo|Nasty Plot|p2a: Gholdengo
|-boost|p2a: Gholdengo|spa|2
|
|-weather|Snowscape|[upkeep]
|upkeep
|turn|20
|
|t:|1776097937
|move|p1a: Deoxys|Knock Off|p2a: Gholdengo
|-supereffective|p2a: Gholdengo
|-damage|p2a: Gholdengo|0 fnt
|faint|p2a: Gholdengo
|-damage|p1a: Deoxys|0 fnt|[from] item: Life Orb
|faint|p1a: Deoxys
|
|-weather|Snowscape|[upkeep]
|upkeep
|
|t:|1776097943
|switch|p1a: Raging Bolt|Raging Bolt|100/100
|switch|p2a: Kyurem|Kyurem|100/100
|-ability|p2a: Kyurem|Pressure
|-enditem|p1a: Raging Bolt|Booster Energy
|-activate|p1a: Raging Bolt|ability: Protosynthesis|[fromitem]
|-start|p1a: Raging Bolt|protosynthesisspa
|turn|21
|
|t:|1776097945
|move|p2a: Kyurem|Blizzard|p1a: Raging Bolt
|-supereffective|p1a: Raging Bolt
|-damage|p1a: Raging Bolt|19/100
|move|p1a: Raging Bolt|Dragon Pulse|p2a: Kyurem
|-supereffective|p2a: Kyurem
|-damage|p2a: Kyurem|22/100
|
|-weather|none
|upkeep
|turn|22
|
|t:|1776097950
|move|p1a: Raging Bolt|Thunderclap|p2a: Kyurem
|-resisted|p2a: Kyurem
|-damage|p2a: Kyurem|3/100
|move|p2a: Kyurem|Freeze-Dry|p1a: Raging Bolt
|-supereffective|p1a: Raging Bolt
|-damage|p1a: Raging Bolt|0 fnt
|faint|p1a: Raging Bolt
|-end|p1a: Raging Bolt|Protosynthesis|[silent]
|
|upkeep
|
|t:|1776097953
|switch|p1a: Great Tusk|Great Tusk|100/100
|-enditem|p1a: Great Tusk|Booster Energy
|-activate|p1a: Great Tusk|ability: Protosynthesis|[fromitem]
|-start|p1a: Great Tusk|protosynthesisspe
|turn|23
|
|t:|1776097959
|move|p1a: Great Tusk|Earthquake|p2a: Kyurem
|-damage|p2a: Kyurem|0 fnt
|faint|p2a: Kyurem
|
|upkeep
|
|t:|1776097961
|switch|p2a: Scizor|Scizor, F|88/100
|turn|24
|
|t:|1776097964
|-terastallize|p1a: Great Tusk|Ground
|move|p2a: Scizor|Bullet Punch|p1a: Great Tusk
|-damage|p1a: Great Tusk|67/100
|move|p1a: Great Tusk|Earthquake|p2a: Scizor
|-damage|p2a: Scizor|31/100
|
|upkeep
|turn|25
|
|t:|1776097970
|move|p2a: Scizor|Bullet Punch|p1a: Great Tusk
|-damage|p1a: Great Tusk|36/100
|move|p1a: Great Tusk|Earthquake|p2a: Scizor
|-damage|p2a: Scizor|0 fnt
|faint|p2a: Scizor
|
|win|testingolem
|raw|testingolem's rating: 1628 &rarr; <strong>1645</strong><br />(+17 for winning)
|raw|greedman456's rating: 1583 &rarr; <strong>1566</strong><br />(-17 for losing)
|l|☆greedman456
|player|p2|
|l|☆testingolem
|player|p1|
