|html|<div class="broadcast-blue"><strong>[Gen 9] OU is currently suspecting Volcarona! For information on how to participate check out the <a href="https://www.smogon.com/tools/suspects/view/208">suspect thread</a>.</strong></div>
|j|☆esperanta
|j|☆Loverer
|t:|1778516654
|gametype|singles
|player|p1|esperanta|101|1287
|player|p2|Loverer|koga-lgpe|1344
|gen|9
|tier|[Gen 9] OU
|rated|
|rule|HP Percentage Mod: HP is shown in percentages
|rule|Endless Battle Clause: Forcing endless battles is banned
|rule|Species Clause: Limit one of each Pokémon
|rule|OHKO Clause: OHKO moves are banned
|rule|Evasion Items Clause: Evasion items are banned
|rule|Evasion Moves Clause: Evasion moves are banned
|rule|Evasion Abilities Clause: Evasion abilities are banned
|rule|Sleep Moves Clause: Sleep-inducing moves are banned
|clearpoke
|poke|p1|Gyarados, F|
|poke|p1|Ninetales-Alola, F|
|poke|p1|Great Tusk|
|poke|p1|Gholdengo|
|poke|p1|Kingambit, M|
|poke|p1|Gliscor, F|
|poke|p2|Samurott-Hisui, F|
|poke|p2|Tyranitar, M|
|poke|p2|Alomomola, M|
|poke|p2|Latios, M|
|poke|p2|Slowking-Galar, M|
|poke|p2|Regieleki|
|teampreview
|inactive|Battle timer is ON: inactive players will automatically lose when time's up. (requested by Loverer)
|inactive|esperanta also wants the timer to be on.
|
|t:|1778516661
|teamsize|p1|6
|teamsize|p2|6
|start
|switch|p1a: Ninetales|Ninetales-Alola, F|100/100
|switch|p2a: Regieleki|Regieleki|100/100
|-weather|Snowscape|[from] ability: Snow Warning|[of] p1a: Ninetales
|turn|1
|
|t:|1778516668
|move|p2a: Regieleki|Volt Switch|p1a: Ninetales
|-damage|p1a: Ninetales|68/100
|
|t:|1778516682
|switch|p2a: Slowking|Slowking-Galar, M|100/100|[from] Volt Switch
|move|p1a: Ninetales|Aurora Veil|p1a: Ninetales
|-sidestart|p1: esperanta|move: Aurora Veil
|
|-weather|Snowscape|[upkeep]
|upkeep
|turn|2
|
|t:|1778516695
|switch|p1a: Great Tusk|Great Tusk|100/100
|-enditem|p1a: Great Tusk|Booster Energy
|-activate|p1a: Great Tusk|ability: Protosynthesis|[fromitem]
|-start|p1a: Great Tusk|protosynthesisatk
|move|p2a: Slowking|Future Sight|p1a: Great Tusk
|-start|p2a: Slowking|move: Future Sight
|
|-weather|Snowscape|[upkeep]
|upkeep
|turn|3
|
|t:|1778516703
|switch|p2a: Alomomola|Alomomola, M|100/100
|move|p1a: Great Tusk|Stealth Rock|p2a: Alomomola
|-sidestart|p2: Loverer|move: Stealth Rock
|
|-weather|Snowscape|[upkeep]
|upkeep
|turn|4
|
|t:|1778516720
|move|p1a: Great Tusk|Headlong Rush|p2a: Alomomola
|-damage|p2a: Alomomola|54/100
|-unboost|p1a: Great Tusk|def|1
|-unboost|p1a: Great Tusk|spd|1
|-damage|p1a: Great Tusk|84/100|[from] item: Rocky Helmet|[of] p2a: Alomomola
|move|p2a: Alomomola|Scald|p1a: Great Tusk
|-supereffective|p1a: Great Tusk
|-damage|p1a: Great Tusk|55/100
|
|-weather|Snowscape|[upkeep]
|-end|p1a: Great Tusk|move: Future Sight
|-supereffective|p1a: Great Tusk
|-damage|p1a: Great Tusk|0 fnt
|faint|p1a: Great Tusk
|-end|p1a: Great Tusk|Protosynthesis|[silent]
|upkeep
|
|t:|1778516727
|switch|p1a: Gyarados|Gyarados, F|100/100
|-ability|p1a: Gyarados|Intimidate|boost
|-unboost|p2a: Alomomola|atk|1
|turn|5
|
|t:|1778516737
|move|p1a: Gyarados|Dragon Dance|p1a: Gyarados
|-boost|p1a: Gyarados|atk|1
|-boost|p1a: Gyarados|spe|1
|move|p2a: Alomomola|Scald|p1a: Gyarados
|-resisted|p1a: Gyarados
|-damage|p1a: Gyarados|97/100
|
|-weather|none
|upkeep
|turn|6
|
|t:|1778516744
|move|p1a: Gyarados|Dragon Dance|p1a: Gyarados
|-boost|p1a: Gyarados|atk|1
|-boost|p1a: Gyarados|spe|1
|move|p2a: Alomomola|Scald|p1a: Gyarados
|-resisted|p1a: Gyarados
|-damage|p1a: Gyarados|94/100
|
|upkeep
|turn|7
|
|t:|1778516751
|move|p1a: Gyarados|Dragon Dance|p1a: Gyarados
|-boost|p1a: Gyarados|atk|1
|-boost|p1a: Gyarados|spe|1
|move|p2a: Alomomola|Scald|p1a: Gyarados
|-resisted|p1a: Gyarados
|-damage|p1a: Gyarados|91/100
|
|upkeep
|turn|8
|
|t:|1778516758
|move|p1a: Gyarados|Dragon Dance|p1a: Gyarados
|-boost|p1a: Gyarados|atk|1
|-boost|p1a: Gyarados|spe|1
|move|p2a: Alomomola|Scald|p1a: Gyarados
|-resisted|p1a: Gyarados
|-damage|p1a: Gyarados|87/100
|
|-sideend|p1: esperanta|move: Aurora Veil
|upkeep
|turn|9
|
|t:|1778516762
|move|p1a: Gyarados|Earthquake|p2a: Alomomola
|-damage|p2a: Alomomola|0 fnt
|faint|p2a: Alomomola
|
|upkeep
|
|t:|1778516779
|switch|p2a: Latios|Latios, M|100/100
|-damage|p2a: Latios|88/100|[from] Stealth Rock
|turn|10
|
|t:|1778516799
|-terastallize|p2a: Latios|Steel
|move|p1a: Gyarados|Ice Fang|p2a: Latios
|-resisted|p2a: Latios
|-damage|p2a: Latios|45/100
|move|p2a: Latios|Draco Meteor|p1a: Gyarados
|-damage|p1a: Gyarados|12/100
|-unboost|p2a: Latios|spa|2
|
|upkeep
|turn|11
|
|t:|1778516811
|switch|p2a: Tyranitar|Tyranitar, M|100/100
|-damage|p2a: Tyranitar|88/100|[from] Stealth Rock
|-weather|Sandstorm|[from] ability: Sand Stream|[of] p2a: Tyranitar
|move|p1a: Gyarados|Waterfall|p2a: Tyranitar
|-supereffective|p2a: Tyranitar
|-damage|p2a: Tyranitar|0 fnt
|faint|p2a: Tyranitar
|
|-weather|Sandstorm|[upkeep]
|-damage|p1a: Gyarados|6/100|[from] Sandstorm
|upkeep
|
|t:|1778516822
|switch|p2a: Regieleki|Regieleki|100/100
|turn|12
|
|t:|1778516826
|switch|p2a: Latios|Latios, M, tera:Steel|45/100
|-damage|p2a: Latios|39/100|[from] Stealth Rock
|move|p1a: Gyarados|Earthquake|p2a: Latios
|-immune|p2a: Latios|[from] ability: Levitate
|
|-weather|Sandstorm|[upkeep]
|-damage|p1a: Gyarados|0 fnt|[from] Sandstorm
|faint|p1a: Gyarados
|upkeep
|
|t:|1778516831
|switch|p1a: Ninetales|Ninetales-Alola, F|68/100
|-weather|Snowscape|[from] ability: Snow Warning|[of] p1a: Ninetales
|turn|13
|
|t:|1778516843
|move|p2a: Latios|Psychic Noise|p1a: Ninetales
|-damage|p1a: Ninetales|31/100
|-start|p1a: Ninetales|move: Heal Block
|move|p1a: Ninetales|Aurora Veil|p1a: Ninetales
|-sidestart|p1: esperanta|move: Aurora Veil
|
|-weather|Snowscape|[upkeep]
|upkeep
|turn|14
|
|t:|1778516854
|switch|p2a: Regieleki|Regieleki|100/100
|switch|p1a: Kingambit|Kingambit, M|100/100
|-activate|p1a: Kingambit|ability: Supreme Overlord
|-start|p1a: Kingambit|fallen2|[silent]
|
|-weather|Snowscape|[upkeep]
|upkeep
|turn|15
|
|t:|1778516861
|move|p1a: Kingambit|Sucker Punch||[still]
|-fail|p1a: Kingambit
|move|p2a: Regieleki|Reflect|p2a: Regieleki
|-sidestart|p2: Loverer|Reflect
|
|-weather|Snowscape|[upkeep]
|upkeep
|turn|16
|
|t:|1778516873
|move|p2a: Regieleki|Volt Switch|p1a: Kingambit
|-damage|p1a: Kingambit|83/100
|
|t:|1778516875
|switch|p2a: Samurott|Samurott-Hisui, F|100/100|[from] Volt Switch
|-damage|p2a: Samurott|88/100|[from] Stealth Rock
|move|p1a: Kingambit|Kowtow Cleave|p2a: Samurott
|-resisted|p2a: Samurott
|-damage|p2a: Samurott|72/100
|
|-weather|Snowscape|[upkeep]
|-heal|p1a: Kingambit|89/100|[from] item: Leftovers
|upkeep
|turn|17
|
|t:|1778516883
|-end|p1a: Kingambit|fallen2|[silent]
|switch|p1a: Gliscor|Gliscor, F|100/100
|move|p2a: Samurott|Sacred Sword|p1a: Gliscor
|-resisted|p1a: Gliscor
|-damage|p1a: Gliscor|95/100
|
|-weather|none
|-status|p1a: Gliscor|tox|[from] item: Toxic Orb
|upkeep
|turn|18
|
|t:|1778516888
|move|p1a: Gliscor|Toxic|p2a: Samurott
|-status|p2a: Samurott|tox
|move|p2a: Samurott|Razor Shell|p1a: Gliscor
|-supereffective|p1a: Gliscor
|-damage|p1a: Gliscor|64/100 tox
|-unboost|p1a: Gliscor|def|1
|
|-heal|p1a: Gliscor|77/100 tox|[from] ability: Poison Heal
|-damage|p2a: Samurott|66/100 tox|[from] psn
|upkeep
|turn|19
|
|t:|1778516895
|switch|p2a: Latios|Latios, M, tera:Steel|39/100
|-damage|p2a: Latios|33/100|[from] Stealth Rock
|move|p1a: Gliscor|Protect||[still]
|-fail|p1a: Gliscor
|
|-heal|p1a: Gliscor|89/100 tox|[from] ability: Poison Heal
|-sideend|p2: Loverer|Reflect
|upkeep
|turn|20
|
|t:|1778516903
|switch|p1a: Gholdengo|Gholdengo|100/100
|move|p2a: Latios|Ice Beam|p1a: Gholdengo
|-resisted|p1a: Gholdengo
|-damage|p1a: Gholdengo|92/100
|
|-sideend|p1: esperanta|move: Aurora Veil
|upkeep
|turn|21
|
|t:|1778516910
|switch|p2a: Slowking|Slowking-Galar, M|100/100
|move|p1a: Gholdengo|Shadow Ball|p2a: Slowking
|-supereffective|p2a: Slowking
|-damage|p2a: Slowking|47/100
|
|upkeep
|turn|22
|
|t:|1778516918
|switch|p2a: Samurott|Samurott-Hisui, F|66/100 tox
|-damage|p2a: Samurott|54/100 tox|[from] Stealth Rock
|move|p1a: Gholdengo|Shadow Ball|p2a: Samurott
|-resisted|p2a: Samurott
|-damage|p2a: Samurott|38/100 tox
|
|-damage|p2a: Samurott|32/100 tox|[from] psn
|upkeep
|turn|23
|
|t:|1778516925
|switch|p1a: Kingambit|Kingambit, M|89/100
|-activate|p1a: Kingambit|ability: Supreme Overlord
|-start|p1a: Kingambit|fallen2|[silent]
|move|p2a: Samurott|Ceaseless Edge|p1a: Kingambit
|-resisted|p1a: Kingambit
|-damage|p1a: Kingambit|72/100
|-sidestart|p1: esperanta|Spikes
|
|-heal|p1a: Kingambit|78/100|[from] item: Leftovers
|-damage|p2a: Samurott|20/100 tox|[from] psn
|upkeep
|turn|24
|
|t:|1778516936
|switch|p2a: Regieleki|Regieleki|100/100
|move|p1a: Kingambit|Sucker Punch||[still]
|-fail|p1a: Kingambit
|
|-heal|p1a: Kingambit|85/100|[from] item: Leftovers
|upkeep
|turn|25
|
|t:|1778516945
|move|p2a: Regieleki|Light Screen|p2a: Regieleki
|-sidestart|p2: Loverer|move: Light Screen
|move|p1a: Kingambit|Swords Dance|p1a: Kingambit
|-boost|p1a: Kingambit|atk|2
|
|-heal|p1a: Kingambit|91/100|[from] item: Leftovers
|upkeep
|turn|26
|
|t:|1778516950
|move|p2a: Regieleki|Reflect|p2a: Regieleki
|-sidestart|p2: Loverer|Reflect
|move|p1a: Kingambit|Swords Dance|p1a: Kingambit
|-boost|p1a: Kingambit|atk|2
|
|-heal|p1a: Kingambit|97/100|[from] item: Leftovers
|upkeep
|turn|27
|
|t:|1778516953
|move|p2a: Regieleki|Volt Switch|p1a: Kingambit
|-damage|p1a: Kingambit|66/100
|
|t:|1778516960
|switch|p2a: Samurott|Samurott-Hisui, F|20/100 tox|[from] Volt Switch
|-damage|p2a: Samurott|8/100 tox|[from] Stealth Rock
|move|p1a: Kingambit|Kowtow Cleave|p2a: Samurott
|-resisted|p2a: Samurott
|-damage|p2a: Samurott|0 fnt
|faint|p2a: Samurott
|
|-heal|p1a: Kingambit|72/100|[from] item: Leftovers
|upkeep
|
|t:|1778516967
|switch|p2a: Latios|Latios, M, tera:Steel|33/100
|-damage|p2a: Latios|27/100|[from] Stealth Rock
|turn|28
|
|t:|1778516972
|move|p1a: Kingambit|Sucker Punch||[still]
|-fail|p1a: Kingambit
|move|p2a: Latios|Trick|p1a: Kingambit
|-activate|p2a: Latios|move: Trick|[of] p1a: Kingambit
|-item|p1a: Kingambit|Choice Scarf|[from] move: Trick
|-item|p2a: Latios|Leftovers|[from] move: Trick
|
|-heal|p2a: Latios|33/100|[from] item: Leftovers
|upkeep
|turn|29
|
|t:|1778516982
|switch|p2a: Slowking|Slowking-Galar, M|80/100
|move|p1a: Kingambit|Kowtow Cleave|p2a: Slowking
|-supereffective|p2a: Slowking
|-damage|p2a: Slowking|0 fnt
|faint|p2a: Slowking
|
|-sideend|p2: Loverer|move: Light Screen
|upkeep
|-message|Loverer forfeited.
|
|win|esperanta
|raw|esperanta's rating: 1287 &rarr; <strong>1316</strong><br />(+29 for winning)
|raw|Loverer's rating: 1344 &rarr; <strong>1321</strong><br />(-23 for losing)
|l|☆Loverer
|player|p2|
|l|☆esperanta
|player|p1|
