|html|<div class="broadcast-blue"><strong>[Gen 9] OU is currently suspecting Tera Blast! For information on how to participate check out the <a href="https://www.smogon.com/tools/suspects/view/200">suspect thread</a>.</strong></div>
|j|☆ninomiya07
|j|☆okbomber
|t:|1776052894
|gametype|singles
|player|p1|ninomiya07|2|1476
|player|p2|okbomber|1|1579
|gen|9
|tier|[Gen 9] OU
|rated|
|rule|HP Percentage Mod: HP is shown in percentages
|rule|Endless Battle Clause: Forcing endless battles is banned
|rule|Species Clause: Limit one of each Pokémon
|rule|OHKO Clause: OHKO moves are banned
|rule|Evasion Items Clause: Evasion items are banned
|rule|Evasion Moves Clause: Evasion moves are banned
|rule|Evasion Abilities Clause: Evasion abilities are banned
|rule|Sleep Moves Clause: Sleep-inducing moves are banned
|clearpoke
|poke|p1|Darkrai|
|poke|p1|Cinderace, F|
|poke|p1|Alomomola, F|
|poke|p1|Muk-Alola, F|
|poke|p1|Dragapult, M|
|poke|p1|Zapdos-Galar|
|poke|p2|Iron Moth|
|poke|p2|Gliscor, F|
|poke|p2|Hatterene, F|
|poke|p2|Ogerpon-Wellspring, F|
|poke|p2|Raging Bolt|
|poke|p2|Zamazenta-*|
|teampreview
|inactive|Battle timer is ON: inactive players will automatically lose when time's up. (requested by ninomiya07)
|
|t:|1776052927
|teamsize|p1|6
|teamsize|p2|6
|start
|switch|p1a: Darkrai|Darkrai|100/100
|switch|p2a: Zamazenta|Zamazenta|100/100
|-ability|p2a: Zamazenta|Dauntless Shield|boost
|-boost|p2a: Zamazenta|def|1
|turn|1
|
|t:|1776052949
|switch|p1a: Alomomola|Alomomola, F|100/100
|move|p2a: Zamazenta|Light Screen|p2a: Zamazenta
|-sidestart|p2: okbomber|move: Light Screen
|
|upkeep
|turn|2
|
|t:|1776052955
|move|p2a: Zamazenta|Reflect|p2a: Zamazenta
|-sidestart|p2: okbomber|Reflect
|move|p1a: Alomomola|Flip Turn|p2a: Zamazenta
|-damage|p2a: Zamazenta|97/100
|
|t:|1776052958
|switch|p1a: Cinderace|Cinderace, F|100/100|[from] Flip Turn
|
|upkeep
|turn|3
|
|t:|1776052964
|switch|p2a: Iron Moth|Iron Moth|100/100
|-enditem|p2a: Iron Moth|Booster Energy
|-activate|p2a: Iron Moth|ability: Quark Drive|[fromitem]
|-start|p2a: Iron Moth|quarkdrivespe
|move|p1a: Cinderace|Court Change|p1a: Cinderace
|-swapsideconditions
|-activate|p1a: Cinderace|move: Court Change
|
|upkeep
|turn|4
|
|t:|1776052971
|move|p2a: Iron Moth|Toxic Spikes|p1a: Cinderace
|-sidestart|p1: ninomiya07|move: Toxic Spikes
|move|p1a: Cinderace|U-turn|p2a: Iron Moth
|-resisted|p2a: Iron Moth
|-damage|p2a: Iron Moth|92/100
|
|t:|1776052977
|switch|p1a: Muk|Muk-Alola, F|100/100|[from] U-turn
|-sideend|p1: ninomiya07|move: Toxic Spikes|[of] p1a: Muk
|
|upkeep
|turn|5
|
|t:|1776052988
|move|p2a: Iron Moth|Fiery Dance|p1a: Muk
|-damage|p1a: Muk|92/100
|move|p1a: Muk|Knock Off|p2a: Iron Moth
|-damage|p2a: Iron Moth|54/100
|
|upkeep
|turn|6
|
|t:|1776052993
|move|p2a: Iron Moth|Fiery Dance|p1a: Muk
|-damage|p1a: Muk|85/100
|-boost|p2a: Iron Moth|spa|1
|move|p1a: Muk|Knock Off|p2a: Iron Moth
|-damage|p2a: Iron Moth|17/100
|
|upkeep
|turn|7
|
|t:|1776053000
|move|p2a: Iron Moth|Toxic Spikes|p1a: Muk
|-sidestart|p1: ninomiya07|move: Toxic Spikes
|move|p1a: Muk|Knock Off|p2a: Iron Moth
|-damage|p2a: Iron Moth|0 fnt
|faint|p2a: Iron Moth
|-end|p2a: Iron Moth|Quark Drive|[silent]
|
|upkeep
|
|t:|1776053017
|switch|p2a: Ogerpon|Ogerpon-Wellspring, F|100/100
|turn|8
|
|t:|1776053024
|move|p2a: Ogerpon|Swords Dance|p2a: Ogerpon
|-boost|p2a: Ogerpon|atk|2
|move|p1a: Muk|Poison Jab|p2a: Ogerpon
|-supereffective|p2a: Ogerpon
|-damage|p2a: Ogerpon|18/100
|
|-sideend|p1: ninomiya07|move: Light Screen
|upkeep
|turn|9
|
|t:|1776053033
|move|p2a: Ogerpon|Ivy Cudgel|p1a: Muk|[anim] Ivy Cudgel Water
|-damage|p1a: Muk|18/100
|move|p1a: Muk|Knock Off|p2a: Ogerpon
|-damage|p2a: Ogerpon|0 fnt
|faint|p2a: Ogerpon
|
|-sideend|p1: ninomiya07|Reflect
|upkeep
|
|t:|1776053043
|switch|p2a: Raging Bolt|Raging Bolt|100/100
|-enditem|p2a: Raging Bolt|Booster Energy
|-activate|p2a: Raging Bolt|ability: Protosynthesis|[fromitem]
|-start|p2a: Raging Bolt|protosynthesisspa
|turn|10
|
|t:|1776053049
|move|p2a: Raging Bolt|Calm Mind|p2a: Raging Bolt
|-boost|p2a: Raging Bolt|spa|1
|-boost|p2a: Raging Bolt|spd|1
|move|p1a: Muk|Poison Jab|p2a: Raging Bolt
|-damage|p2a: Raging Bolt|74/100
|-status|p2a: Raging Bolt|psn
|
|-damage|p2a: Raging Bolt|61/100 psn|[from] psn
|upkeep
|turn|11
|
|t:|1776053055
|move|p2a: Raging Bolt|Thunderbolt|p1a: Muk
|-damage|p1a: Muk|0 fnt
|faint|p1a: Muk
|
|-damage|p2a: Raging Bolt|49/100 psn|[from] psn
|upkeep
|
|t:|1776053079
|switch|p1a: Alomomola|Alomomola, F|100/100
|-status|p1a: Alomomola|psn
|turn|12
|
|t:|1776053086
|move|p1a: Alomomola|Protect|p1a: Alomomola
|-singleturn|p1a: Alomomola|Protect
|move|p2a: Raging Bolt|Thunderbolt|p1a: Alomomola
|-activate|p1a: Alomomola|move: Protect
|
|-damage|p2a: Raging Bolt|37/100 psn|[from] psn
|-damage|p1a: Alomomola|88/100 psn|[from] psn
|upkeep
|turn|13
|
|t:|1776053093
|-terastallize|p1a: Alomomola|Grass
|move|p2a: Raging Bolt|Dragon Pulse|p1a: Alomomola
|-damage|p1a: Alomomola|0 fnt
|faint|p1a: Alomomola
|
|-damage|p2a: Raging Bolt|25/100 psn|[from] psn
|upkeep
|
|t:|1776053104
|switch|p1a: Cinderace|Cinderace, F|100/100
|turn|14
|
|t:|1776053110
|move|p1a: Cinderace|Sucker Punch|p2a: Raging Bolt
|-damage|p2a: Raging Bolt|4/100 psn
|move|p2a: Raging Bolt|Thunderbolt|p1a: Cinderace
|-damage|p1a: Cinderace|0 fnt
|faint|p1a: Cinderace
|
|-damage|p2a: Raging Bolt|0 fnt|[from] psn
|faint|p2a: Raging Bolt
|-end|p2a: Raging Bolt|Protosynthesis|[silent]
|upkeep
|
|t:|1776053121
|switch|p1a: Zapdos|Zapdos-Galar|100/100
|switch|p2a: Zamazenta|Zamazenta|97/100
|turn|15
|
|t:|1776053126
|move|p1a: Zapdos|Brave Bird|p2a: Zamazenta
|-supereffective|p2a: Zamazenta
|-damage|p2a: Zamazenta|0 fnt
|faint|p2a: Zamazenta
|-damage|p1a: Zapdos|63/100|[from] Recoil
|
|upkeep
|
|t:|1776053137
|switch|p2a: Gliscor|Gliscor, F|100/100
|turn|16
|
|t:|1776053146
|move|p1a: Zapdos|Brave Bird|p2a: Gliscor
|-damage|p2a: Gliscor|53/100
|-damage|p1a: Zapdos|47/100|[from] Recoil
|move|p2a: Gliscor|Agility|p2a: Gliscor
|-boost|p2a: Gliscor|spe|2
|
|-status|p2a: Gliscor|tox|[from] item: Toxic Orb
|upkeep
|turn|17
|
|t:|1776053151
|move|p2a: Gliscor|Facade|p1a: Zapdos
|-damage|p1a: Zapdos|0 fnt
|faint|p1a: Zapdos
|
|-heal|p2a: Gliscor|65/100 tox|[from] ability: Poison Heal
|upkeep
|
|t:|1776053156
|switch|p1a: Darkrai|Darkrai|100/100
|-status|p1a: Darkrai|psn
|turn|18
|inactive|okbomber has 120 seconds left.
|
|t:|1776053205
|-terastallize|p2a: Gliscor|Normal
|move|p2a: Gliscor|Swords Dance|p2a: Gliscor
|-boost|p2a: Gliscor|atk|2
|move|p1a: Darkrai|Focus Blast|p2a: Gliscor
|-supereffective|p2a: Gliscor
|-damage|p2a: Gliscor|0 fnt
|faint|p2a: Gliscor
|
|-damage|p1a: Darkrai|88/100 psn|[from] psn
|upkeep
|
|t:|1776053211
|switch|p2a: Hatterene|Hatterene, F|100/100
|turn|19
|
|t:|1776053217
|move|p1a: Darkrai|Dark Pulse|p2a: Hatterene
|-damage|p2a: Hatterene|57/100
|cant|p2a: Hatterene|flinch
|
|-heal|p2a: Hatterene|63/100|[from] item: Leftovers
|-damage|p1a: Darkrai|76/100 psn|[from] psn
|upkeep
|turn|20
|
|t:|1776053221
|move|p1a: Darkrai|Dark Pulse|p2a: Hatterene
|-damage|p2a: Hatterene|17/100
|move|p2a: Hatterene|Draining Kiss|p1a: Darkrai
|-supereffective|p1a: Darkrai
|-damage|p1a: Darkrai|19/100 psn
|-heal|p2a: Hatterene|55/100|[from] drain|[of] p1a: Darkrai
|
|-heal|p2a: Hatterene|61/100|[from] item: Leftovers
|-damage|p1a: Darkrai|7/100 psn|[from] psn
|upkeep
|turn|21
|
|t:|1776053225
|move|p1a: Darkrai|Dark Pulse|p2a: Hatterene
|-damage|p2a: Hatterene|17/100
|cant|p2a: Hatterene|flinch
|
|-heal|p2a: Hatterene|23/100|[from] item: Leftovers
|-damage|p1a: Darkrai|0 fnt|[from] psn
|faint|p1a: Darkrai
|upkeep
|
|t:|1776053227
|switch|p1a: Dragapult|Dragapult, M|100/100
|-status|p1a: Dragapult|psn
|turn|22
|
|t:|1776053230
|move|p1a: Dragapult|Hex|p2a: Hatterene
|-supereffective|p2a: Hatterene
|-damage|p2a: Hatterene|0 fnt
|faint|p2a: Hatterene
|
|win|ninomiya07
|raw|ninomiya07's rating: 1476 &rarr; <strong>1502</strong><br />(+26 for winning)
|raw|okbomber's rating: 1579 &rarr; <strong>1553</strong><br />(-26 for losing)
|l|☆okbomber
|player|p2|
|l|☆ninomiya07
|player|p1|
