|html|<div class="broadcast-blue"><strong>[Gen 9] OU is currently suspecting Tera Blast! For information on how to participate check out the <a href="https://www.smogon.com/tools/suspects/view/200">suspect thread</a>.</strong></div>
|j|☆Srposi
|j|☆Chrisfeb1992
|t:|1776193661
|gametype|singles
|player|p1|Srposi|170|1262
|player|p2|Chrisfeb1992|102|1337
|gen|9
|tier|[Gen 9] OU
|rated|
|rule|HP Percentage Mod: HP is shown in percentages
|rule|Endless Battle Clause: Forcing endless battles is banned
|rule|Species Clause: Limit one of each Pokémon
|rule|OHKO Clause: OHKO moves are banned
|rule|Evasion Items Clause: Evasion items are banned
|rule|Evasion Moves Clause: Evasion moves are banned
|rule|Evasion Abilities Clause: Evasion abilities are banned
|rule|Sleep Moves Clause: Sleep-inducing moves are banned
|clearpoke
|poke|p1|Golurk|
|poke|p1|Weavile, F|
|poke|p1|Iron Moth|
|poke|p1|Glimmora, M|
|poke|p1|Great Tusk|
|poke|p1|Jolteon, M|
|poke|p2|Corviknight, M|
|poke|p2|Weavile, F|
|poke|p2|Blaziken, M|
|poke|p2|Latias, F|
|poke|p2|Raging Bolt|
|poke|p2|Gliscor, M|
|teampreview
|
|t:|1776193671
|teamsize|p1|6
|teamsize|p2|6
|start
|switch|p1a: Glimmora|Glimmora, M|100/100
|switch|p2a: Gliscor|Gliscor, M|100/100
|turn|1
|
|t:|1776193679
|move|p1a: Glimmora|Power Gem|p2a: Gliscor
|-damage|p2a: Gliscor|45/100
|move|p2a: Gliscor|Earthquake|p1a: Glimmora
|-supereffective|p1a: Glimmora
|-damage|p1a: Glimmora|0 fnt
|-activate|p1a: Glimmora|ability: Toxic Debris
|-sidestart|p2: Chrisfeb1992|move: Toxic Spikes
|faint|p1a: Glimmora
|
|-status|p2a: Gliscor|tox|[from] item: Toxic Orb
|upkeep
|
|t:|1776193697
|switch|p1a: Iron Moth|Iron Moth|100/100
|-enditem|p1a: Iron Moth|Booster Energy
|-activate|p1a: Iron Moth|ability: Quark Drive|[fromitem]
|-start|p1a: Iron Moth|quarkdrivespe
|turn|2
|
|t:|1776193702
|move|p2a: Gliscor|Protect|p2a: Gliscor
|-singleturn|p2a: Gliscor|Protect
|move|p1a: Iron Moth|Fiery Dance|p2a: Gliscor
|-activate|p2a: Gliscor|move: Protect
|
|-heal|p2a: Gliscor|58/100 tox|[from] ability: Poison Heal
|upkeep
|turn|3
|
|t:|1776193711
|move|p1a: Iron Moth|Fiery Dance|p2a: Gliscor
|-damage|p2a: Gliscor|8/100 tox
|move|p2a: Gliscor|Earthquake|p1a: Iron Moth
|-supereffective|p1a: Iron Moth
|-damage|p1a: Iron Moth|0 fnt
|faint|p1a: Iron Moth
|-end|p1a: Iron Moth|Quark Drive|[silent]
|
|-heal|p2a: Gliscor|21/100 tox|[from] ability: Poison Heal
|upkeep
|
|t:|1776193719
|switch|p1a: Weavile|Weavile, F|100/100
|turn|4
|
|t:|1776193724
|move|p2a: Gliscor|Protect|p2a: Gliscor
|-singleturn|p2a: Gliscor|Protect
|move|p1a: Weavile|Knock Off|p2a: Gliscor
|-activate|p2a: Gliscor|move: Protect
|
|-heal|p2a: Gliscor|33/100 tox|[from] ability: Poison Heal
|upkeep
|turn|5
|
|t:|1776193734
|move|p1a: Weavile|Triple Axel|p2a: Gliscor
|-supereffective|p2a: Gliscor
|-damage|p2a: Gliscor|5/100 tox
|-supereffective|p2a: Gliscor
|-damage|p2a: Gliscor|0 fnt
|faint|p2a: Gliscor
|-hitcount|p2: Gliscor|2
|
|upkeep
|
|t:|1776193742
|switch|p2a: Corviknight|Corviknight, M|100/100
|-ability|p2a: Corviknight|Pressure
|turn|6
|
|t:|1776193747
|switch|p1a: Golurk|Golurk|100/100
|move|p2a: Corviknight|Defog|p1a: Golurk
|-unboost|p1a: Golurk|evasion|1
|-sideend|p2: Chrisfeb1992|Toxic Spikes|[from] move: Defog|[of] p2a: Corviknight
|
|upkeep
|turn|7
|
|t:|1776193755
|move|p2a: Corviknight|Brave Bird|p1a: Golurk
|-damage|p1a: Golurk|62/100
|-damage|p2a: Corviknight|88/100|[from] Recoil
|move|p1a: Golurk|Poltergeist|p2a: Corviknight
|-activate|p2a: Corviknight|move: Poltergeist|Rocky Helmet
|-crit|p2a: Corviknight
|-damage|p2a: Corviknight|1/100
|
|upkeep
|turn|8
|
|t:|1776193765
|move|p2a: Corviknight|U-turn|p1a: Golurk
|-resisted|p1a: Golurk
|-damage|p1a: Golurk|54/100
|
|t:|1776193772
|switch|p2a: Weavile|Weavile, F|100/100|[from] U-turn
|-ability|p2a: Weavile|Pressure
|move|p1a: Golurk|Poltergeist|p2a: Weavile
|-activate|p2a: Weavile|move: Poltergeist|Heavy-Duty Boots
|-resisted|p2a: Weavile
|-damage|p2a: Weavile|19/100
|
|upkeep
|turn|9
|
|t:|1776193785
|switch|p1a: Jolteon|Jolteon, M|100/100
|move|p2a: Weavile|Knock Off|p1a: Jolteon
|-damage|p1a: Jolteon|15/100
|-enditem|p1a: Jolteon|Choice Scarf|[from] move: Knock Off|[of] p2a: Weavile
|
|upkeep
|turn|10
|
|t:|1776193801
|move|p2a: Weavile|Ice Shard|p1a: Jolteon
|-damage|p1a: Jolteon|0 fnt
|faint|p1a: Jolteon
|
|upkeep
|
|t:|1776193805
|switch|p1a: Weavile|Weavile, F|100/100
|turn|11
|
|t:|1776193809
|move|p1a: Weavile|Fake Out|p2a: Weavile
|-damage|p2a: Weavile|0 fnt
|faint|p2a: Weavile
|
|upkeep
|
|t:|1776193815
|switch|p2a: Blaziken|Blaziken, M|100/100
|turn|12
|
|t:|1776193823
|switch|p1a: Great Tusk|Great Tusk|100/100
|-enditem|p1a: Great Tusk|Booster Energy
|-activate|p1a: Great Tusk|ability: Protosynthesis|[fromitem]
|-start|p1a: Great Tusk|protosynthesisatk
|move|p2a: Blaziken|Swords Dance|p2a: Blaziken
|-boost|p2a: Blaziken|atk|2
|
|-ability|p2a: Blaziken|Speed Boost|boost
|-boost|p2a: Blaziken|spe|1
|upkeep
|turn|13
|
|t:|1776193834
|-terastallize|p2a: Blaziken|Flying
|move|p2a: Blaziken|Tera Blast|p1a: Great Tusk|[anim] Tera Blast Flying
|-supereffective|p1a: Great Tusk
|-damage|p1a: Great Tusk|0 fnt
|faint|p1a: Great Tusk
|-end|p1a: Great Tusk|Protosynthesis|[silent]
|
|-ability|p2a: Blaziken|Speed Boost|boost
|-boost|p2a: Blaziken|spe|1
|upkeep
|
|t:|1776193841
|switch|p1a: Weavile|Weavile, F|100/100
|turn|14
|
|t:|1776193846
|-terastallize|p1a: Weavile|Ghost
|move|p2a: Blaziken|Tera Blast|p1a: Weavile|[anim] Tera Blast Flying
|-damage|p1a: Weavile|0 fnt
|faint|p1a: Weavile
|
|-ability|p2a: Blaziken|Speed Boost|boost
|-boost|p2a: Blaziken|spe|1
|upkeep
|-message|Srposi forfeited.
|
|win|Chrisfeb1992
|raw|Srposi's rating: 1262 &rarr; <strong>1242</strong><br />(-20 for losing)
|raw|Chrisfeb1992's rating: 1337 &rarr; <strong>1353</strong><br />(+16 for winning)
|l|☆Srposi
|player|p1|
