|html|<div class="broadcast-blue"><strong>[Gen 9] OU is currently suspecting Tera Blast! For information on how to participate check out the <a href="https://www.smogon.com/tools/suspects/view/200">suspect thread</a>.</strong></div>
|j|☆Asbad
|j|☆Idennn
|t:|1776076579
|gametype|singles
|player|p1|Asbad|hiker-gen4|1406
|player|p2|Idennn|rosa|1339
|gen|9
|tier|[Gen 9] OU
|rated|
|rule|HP Percentage Mod: HP is shown in percentages
|rule|Endless Battle Clause: Forcing endless battles is banned
|rule|Species Clause: Limit one of each Pokémon
|rule|OHKO Clause: OHKO moves are banned
|rule|Evasion Items Clause: Evasion items are banned
|rule|Evasion Moves Clause: Evasion moves are banned
|rule|Evasion Abilities Clause: Evasion abilities are banned
|rule|Sleep Moves Clause: Sleep-inducing moves are banned
|clearpoke
|poke|p1|Kingambit, M|
|poke|p1|Pecharunt|
|poke|p1|Tornadus-Therian, M|
|poke|p1|Samurott-Hisui, F|
|poke|p1|Cinderace, M|
|poke|p1|Gliscor, F|
|poke|p2|Zapdos|
|poke|p2|Great Tusk|
|poke|p2|Gholdengo|
|poke|p2|Heatran, M|
|poke|p2|Greninja-*, M|
|poke|p2|Milotic, M|
|teampreview
|inactive|Battle timer is ON: inactive players will automatically lose when time's up. (requested by Asbad)
|
|t:|1776076598
|teamsize|p1|6
|teamsize|p2|6
|start
|switch|p1a: Gliscor|Gliscor, F|100/100
|switch|p2a: Two|Zapdos|100/100
|turn|1
|
|t:|1776076606
|switch|p2a: Milotic|Milotic, M, shiny|100/100
|move|p1a: Gliscor|Stealth Rock|p2a: Milotic
|-sidestart|p2: Idennn|move: Stealth Rock
|
|-status|p1a: Gliscor|tox|[from] item: Toxic Orb
|-status|p2a: Milotic|brn|[from] item: Flame Orb
|upkeep
|turn|2
|
|t:|1776076618
|move|p1a: Gliscor|Protect|p1a: Gliscor
|-singleturn|p1a: Gliscor|Protect
|move|p2a: Milotic|Hydro Pump|p1a: Gliscor
|-activate|p1a: Gliscor|move: Protect
|
|-damage|p2a: Milotic|94/100 brn|[from] brn
|upkeep
|turn|3
|
|t:|1776076621
|switch|p1a: Tommy|Samurott-Hisui, F|100/100
|move|p2a: Milotic|Hydro Pump|p1a: Tommy
|-resisted|p1a: Tommy
|-damage|p1a: Tommy|80/100
|
|-damage|p2a: Milotic|88/100 brn|[from] brn
|upkeep
|turn|4
|
|t:|1776076634
|move|p1a: Tommy|Aqua Cutter|p2a: Milotic
|-resisted|p2a: Milotic
|-damage|p2a: Milotic|71/100 brn
|move|p2a: Milotic|Hydro Pump|p1a: Tommy
|-resisted|p1a: Tommy
|-damage|p1a: Tommy|60/100
|
|-damage|p2a: Milotic|65/100 brn|[from] brn
|upkeep
|turn|5
|
|t:|1776076660
|move|p1a: Tommy|Ceaseless Edge|p2a: Milotic
|-damage|p2a: Milotic|33/100 brn
|-sidestart|p2: Idennn|Spikes
|move|p2a: Milotic|Hydro Pump|p1a: Tommy|[miss]
|-miss|p2a: Milotic|p1a: Tommy
|
|-damage|p2a: Milotic|27/100 brn|[from] brn
|upkeep
|turn|6
|
|t:|1776076665
|switch|p2a: Greater Tusk|Great Tusk, shiny|100/100
|move|p1a: Tommy|Ceaseless Edge|p2a: Greater Tusk
|-resisted|p2a: Greater Tusk
|-damage|p2a: Greater Tusk|84/100
|-sidestart|p2: Idennn|Spikes
|
|upkeep
|turn|7
|
|t:|1776076670
|switch|p1a: Diane|Pecharunt|100/100
|-item|p1a: Diane|Air Balloon
|move|p2a: Greater Tusk|Rapid Spin|p1a: Diane
|-immune|p1a: Diane
|
|upkeep
|turn|8
|
|t:|1776076689
|-end|p2a: Greater Tusk|Protosynthesis|[silent]
|switch|p2a: lava forg|Heatran, M|100/100
|-damage|p2a: lava forg|88/100|[from] Stealth Rock
|-damage|p2a: lava forg|71/100|[from] Spikes
|move|p1a: Diane|Toxic|p2a: lava forg
|-immune|p2a: lava forg
|
|upkeep
|turn|9
|
|t:|1776076694
|switch|p1a: Gliscor|Gliscor, F|100/100 tox
|move|p2a: lava forg|Magma Storm|p1a: Gliscor|[miss]
|-miss|p2a: lava forg|p1a: Gliscor
|
|upkeep
|turn|10
|
|t:|1776076700
|switch|p2a: Greater Tusk|Great Tusk, shiny|84/100
|move|p1a: Gliscor|Knock Off|p2a: Greater Tusk
|-resisted|p2a: Greater Tusk
|-damage|p2a: Greater Tusk|76/100
|-enditem|p2a: Greater Tusk|Heavy-Duty Boots|[from] move: Knock Off|[of] p1a: Gliscor
|
|upkeep
|turn|11
|
|t:|1776076707
|move|p1a: Gliscor|Protect|p1a: Gliscor
|-singleturn|p1a: Gliscor|Protect
|move|p2a: Greater Tusk|Knock Off|p1a: Gliscor
|-activate|p1a: Gliscor|move: Protect
|
|upkeep
|turn|12
|
|t:|1776076717
|switch|p1a: Diane|Pecharunt|100/100
|-item|p1a: Diane|Air Balloon
|move|p2a: Greater Tusk|Rapid Spin|p1a: Diane
|-immune|p1a: Diane
|
|upkeep
|turn|13
|-message|Idennn forfeited.
|
|win|Asbad
|raw|Asbad's rating: 1406 &rarr; <strong>1422</strong><br />(+16 for winning)
|raw|Idennn's rating: 1339 &rarr; <strong>1323</strong><br />(-16 for losing)
|l|☆Idennn
|player|p2|
|l|☆Asbad
|player|p1|
