|html|<div class="broadcast-blue"><strong>[Gen 9] OU is currently suspecting Volcarona! For information on how to participate check out the <a href="https://www.smogon.com/tools/suspects/view/208">suspect thread</a>.</strong></div>
|j|☆xp180
|j|☆AbraviousTinkaton
|t:|1778507214
|gametype|singles
|player|p1|xp180|101|1609
|player|p2|AbraviousTinkaton|2|1670
|gen|9
|tier|[Gen 9] OU
|rated|
|rule|HP Percentage Mod: HP is shown in percentages
|rule|Endless Battle Clause: Forcing endless battles is banned
|rule|Species Clause: Limit one of each Pokémon
|rule|OHKO Clause: OHKO moves are banned
|rule|Evasion Items Clause: Evasion items are banned
|rule|Evasion Moves Clause: Evasion moves are banned
|rule|Evasion Abilities Clause: Evasion abilities are banned
|rule|Sleep Moves Clause: Sleep-inducing moves are banned
|clearpoke
|poke|p1|Araquanid, M|
|poke|p1|Gholdengo|
|poke|p1|Raging Bolt|
|poke|p1|Iron Valiant|
|poke|p1|Ceruledge, F|
|poke|p1|Deoxys-Speed|
|poke|p2|Ribombee, M|
|poke|p2|Manaphy|
|poke|p2|Raging Bolt|
|poke|p2|Pecharunt|
|poke|p2|Enamorus, F|
|poke|p2|Great Tusk|
|teampreview
|
|t:|1778507226
|teamsize|p1|6
|teamsize|p2|6
|start
|switch|p1a: Araquanid|Araquanid, M|100/100
|switch|p2a: Ribombee|Ribombee, M|100/100
|turn|1
|
|t:|1778507236
|move|p2a: Ribombee|Sticky Web|p1a: Araquanid
|-sidestart|p1: xp180|move: Sticky Web
|move|p1a: Araquanid|Sticky Web|p2a: Ribombee
|-sidestart|p2: AbraviousTinkaton|move: Sticky Web
|
|upkeep
|turn|2
|
|t:|1778507241
|move|p2a: Ribombee|Stun Spore|p1a: Araquanid
|-status|p1a: Araquanid|par
|move|p1a: Araquanid|Surf|p2a: Ribombee
|-damage|p2a: Ribombee|40/100
|
|upkeep
|turn|3
|
|t:|1778507247
|move|p2a: Ribombee|Skill Swap|p1a: Araquanid
|-activate|p2a: Ribombee|Skill Swap|Water Bubble|Shield Dust|[of] p1a: Araquanid
|move|p1a: Araquanid|Surf|p2a: Ribombee
|-damage|p2a: Ribombee|9/100
|
|upkeep
|turn|4
|
|t:|1778507257
|move|p2a: Ribombee|Moonblast|p1a: Araquanid
|-damage|p1a: Araquanid|81/100 par
|cant|p1a: Araquanid|par
|
|upkeep
|turn|5
|
|t:|1778507262
|move|p2a: Ribombee|Moonblast|p1a: Araquanid
|-damage|p1a: Araquanid|59/100 par
|move|p1a: Araquanid|Lunge|p2a: Ribombee
|-resisted|p2a: Ribombee
|-damage|p2a: Ribombee|0 fnt
|faint|p2a: Ribombee
|
|upkeep
|
|t:|1778507265
|switch|p2a: Enamorus|Enamorus, F|100/100
|turn|6
|
|t:|1778507268
|move|p1a: Araquanid|Endure|p1a: Araquanid
|-singleturn|p1a: Araquanid|move: Endure
|move|p2a: Enamorus|Calm Mind|p2a: Enamorus
|-boost|p2a: Enamorus|spa|1
|-boost|p2a: Enamorus|spd|1
|
|upkeep
|turn|7
|
|t:|1778507271
|move|p2a: Enamorus|Calm Mind|p2a: Enamorus
|-boost|p2a: Enamorus|spa|1
|-boost|p2a: Enamorus|spd|1
|cant|p1a: Araquanid|par
|
|upkeep
|turn|8
|
|t:|1778507274
|move|p2a: Enamorus|Substitute|p2a: Enamorus
|-start|p2a: Enamorus|Substitute
|-damage|p2a: Enamorus|76/100
|cant|p1a: Araquanid|par
|
|-heal|p2a: Enamorus|82/100|[from] item: Leftovers
|upkeep
|turn|9
|
|t:|1778507277
|move|p2a: Enamorus|Moonblast|p1a: Araquanid
|-damage|p1a: Araquanid|0 fnt
|faint|p1a: Araquanid
|
|-heal|p2a: Enamorus|88/100|[from] item: Leftovers
|upkeep
|
|t:|1778507281
|switch|p1a: Gholdengo|Gholdengo|100/100
|-item|p1a: Gholdengo|Air Balloon
|turn|10
|
|t:|1778507286
|-terastallize|p2a: Enamorus|Ground
|move|p2a: Enamorus|Moonblast|p1a: Gholdengo
|-resisted|p1a: Gholdengo
|-damage|p1a: Gholdengo|47/100
|-enditem|p1a: Gholdengo|Air Balloon
|move|p1a: Gholdengo|Make It Rain|p2a: Enamorus
|-end|p2a: Enamorus|Substitute
|-unboost|p1a: Gholdengo|spa|1
|
|-heal|p2a: Enamorus|94/100|[from] item: Leftovers
|upkeep
|turn|11
|
|t:|1778507297
|move|p2a: Enamorus|Substitute|p2a: Enamorus
|-start|p2a: Enamorus|Substitute
|-damage|p2a: Enamorus|69/100
|move|p1a: Gholdengo|Shadow Ball|p2a: Enamorus
|-activate|p2a: Enamorus|move: Substitute|[damage]
|
|-heal|p2a: Enamorus|76/100|[from] item: Leftovers
|upkeep
|turn|12
|
|t:|1778507305
|move|p2a: Enamorus|Moonblast|p1a: Gholdengo
|-resisted|p1a: Gholdengo
|-damage|p1a: Gholdengo|0 fnt
|faint|p1a: Gholdengo
|
|-heal|p2a: Enamorus|82/100|[from] item: Leftovers
|upkeep
|
|t:|1778507311
|switch|p1a: Ceruledge|Ceruledge, F|100/100
|-activate|p1a: Ceruledge|move: Sticky Web
|-unboost|p1a: Ceruledge|spe|1
|turn|13
|
|t:|1778507316
|move|p2a: Enamorus|Earth Power|p1a: Ceruledge
|-supereffective|p1a: Ceruledge
|-enditem|p1a: Ceruledge|Focus Sash
|-damage|p1a: Ceruledge|1/100
|move|p1a: Ceruledge|Swords Dance|p1a: Ceruledge
|-boost|p1a: Ceruledge|atk|2
|
|-heal|p2a: Enamorus|88/100|[from] item: Leftovers
|upkeep
|turn|14
|
|t:|1778507320
|move|p1a: Ceruledge|Shadow Sneak|p2a: Enamorus
|-end|p2a: Enamorus|Substitute
|move|p2a: Enamorus|Moonblast|p1a: Ceruledge
|-resisted|p1a: Ceruledge
|-damage|p1a: Ceruledge|0 fnt
|faint|p1a: Ceruledge
|
|-heal|p2a: Enamorus|94/100|[from] item: Leftovers
|upkeep
|
|t:|1778507327
|switch|p1a: Iron Valiant|Iron Valiant|100/100
|-activate|p1a: Iron Valiant|move: Sticky Web
|-unboost|p1a: Iron Valiant|spe|1
|-enditem|p1a: Iron Valiant|Booster Energy
|-activate|p1a: Iron Valiant|ability: Quark Drive|[fromitem]
|-start|p1a: Iron Valiant|quarkdrivespa
|turn|15
|
|t:|1778507332
|move|p2a: Enamorus|Earth Power|p1a: Iron Valiant
|-damage|p1a: Iron Valiant|0 fnt
|faint|p1a: Iron Valiant
|-end|p1a: Iron Valiant|Quark Drive|[silent]
|
|-heal|p2a: Enamorus|100/100|[from] item: Leftovers
|upkeep
|-message|xp180 forfeited.
|
|win|AbraviousTinkaton
|raw|xp180's rating: 1609 &rarr; <strong>1592</strong><br />(-17 for losing)
|raw|AbraviousTinkaton's rating: 1670 &rarr; <strong>1687</strong><br />(+17 for winning)
|l|☆xp180
|player|p1|
|l|☆AbraviousTinkaton
|player|p2|
