|html|<div class="broadcast-blue"><strong>[Gen 9] OU is currently suspecting Tera Blast! For information on how to participate check out the <a href="https://www.smogon.com/tools/suspects/view/200">suspect thread</a>.</strong></div>
|j|☆whatisherm3l0n
|j|☆Oddsin
|t:|1776062911
|gametype|singles
|player|p1|whatisherm3l0n|acetrainer-gen4dp|1223
|player|p2|Oddsin|gambler|1186
|gen|9
|tier|[Gen 9] OU
|rated|
|rule|HP Percentage Mod: HP is shown in percentages
|rule|Endless Battle Clause: Forcing endless battles is banned
|rule|Species Clause: Limit one of each Pokémon
|rule|OHKO Clause: OHKO moves are banned
|rule|Evasion Items Clause: Evasion items are banned
|rule|Evasion Moves Clause: Evasion moves are banned
|rule|Evasion Abilities Clause: Evasion abilities are banned
|rule|Sleep Moves Clause: Sleep-inducing moves are banned
|clearpoke
|poke|p1|Pelipper, M|
|poke|p1|Manaphy|
|poke|p1|Bruxish, F|
|poke|p1|Overqwil, F|
|poke|p1|Iron Treads|
|poke|p1|Raging Bolt|
|poke|p2|Scizor, M|
|poke|p2|Grimmsnarl, M|
|poke|p2|Salamence, F|
|poke|p2|Blastoise, M|
|poke|p2|Jolteon, M|
|poke|p2|Ceruledge, M|
|teampreview
|inactive|Battle timer is ON: inactive players will automatically lose when time's up. (requested by Oddsin)
|
|t:|1776062919
|teamsize|p1|6
|teamsize|p2|6
|start
|switch|p1a: Iron Treads|Iron Treads, shiny|100/100
|switch|p2a: Jolteon|Jolteon, M|100/100
|-enditem|p1a: Iron Treads|Booster Energy
|-activate|p1a: Iron Treads|ability: Quark Drive|[fromitem]
|-start|p1a: Iron Treads|quarkdrivespe
|turn|1
|
|t:|1776062929
|switch|p2a: Salamence|Salamence, F|100/100
|-ability|p2a: Salamence|Intimidate|boost
|-unboost|p1a: Iron Treads|atk|1
|move|p1a: Iron Treads|Knock Off|p2a: Salamence
|-damage|p2a: Salamence|83/100
|-enditem|p2a: Salamence|Eject Pack|[from] move: Knock Off|[of] p1a: Iron Treads
|
|upkeep
|turn|2
|
|t:|1776062938
|move|p1a: Iron Treads|Stealth Rock|p2a: Salamence
|-sidestart|p2: Oddsin|move: Stealth Rock
|move|p2a: Salamence|Tailwind|p2a: Salamence
|-sidestart|p2: Oddsin|move: Tailwind
|
|upkeep
|turn|3
|
|t:|1776062951
|-end|p1a: Iron Treads|Quark Drive|[silent]
|switch|p1a: Dr. Pelipper|Pelipper, M, shiny|100/100
|-weather|RainDance|[from] ability: Drizzle|[of] p1a: Dr. Pelipper
|move|p2a: Salamence|Flamethrower|p1a: Dr. Pelipper
|-resisted|p1a: Dr. Pelipper
|-damage|p1a: Dr. Pelipper|89/100
|
|-weather|RainDance|[upkeep]
|upkeep
|turn|4
|
|t:|1776062963
|move|p2a: Salamence|Draco Meteor|p1a: Dr. Pelipper
|-damage|p1a: Dr. Pelipper|0 fnt
|-unboost|p2a: Salamence|spa|2
|faint|p1a: Dr. Pelipper
|
|-weather|RainDance|[upkeep]
|upkeep
|
|t:|1776062978
|switch|p1a: Raging Bolt|Raging Bolt|100/100
|-enditem|p1a: Raging Bolt|Booster Energy
|-activate|p1a: Raging Bolt|ability: Protosynthesis|[fromitem]
|-start|p1a: Raging Bolt|protosynthesisspa
|turn|5
|
|t:|1776062993
|switch|p2a: Jolteon|Jolteon, M|100/100
|-damage|p2a: Jolteon|88/100|[from] Stealth Rock
|-terastallize|p1a: Raging Bolt|Fairy
|move|p1a: Raging Bolt|Dragon Pulse|p2a: Jolteon
|-damage|p2a: Jolteon|21/100
|
|-weather|RainDance|[upkeep]
|-sideend|p2: Oddsin|move: Tailwind
|-status|p2a: Jolteon|brn|[from] item: Flame Orb
|upkeep
|turn|6
|inactive|whatisherm3l0n has 120 seconds left.
|
|t:|1776063016
|move|p2a: Jolteon|Weather Ball|p1a: Raging Bolt
|-damage|p1a: Raging Bolt|57/100
|move|p1a: Raging Bolt|Weather Ball|p2a: Jolteon
|-damage|p2a: Jolteon|0 fnt
|faint|p2a: Jolteon
|
|-weather|RainDance|[upkeep]
|upkeep
|
|t:|1776063025
|switch|p2a: Blastoise|Blastoise, M|100/100
|-damage|p2a: Blastoise|88/100|[from] Stealth Rock
|turn|7
|
|t:|1776063032
|-terastallize|p2a: Blastoise|Steel
|move|p1a: Raging Bolt|Thunderclap|p2a: Blastoise
|-damage|p2a: Blastoise|51/100
|move|p2a: Blastoise|Rapid Spin|p1a: Raging Bolt
|-damage|p1a: Raging Bolt|48/100
|-boost|p2a: Blastoise|spe|1
|-sideend|p2: Oddsin|Stealth Rock|[from] move: Rapid Spin|[of] p2a: Blastoise
|
|-weather|RainDance|[upkeep]
|-heal|p2a: Blastoise|57/100|[from] ability: Rain Dish
|-heal|p2a: Blastoise|63/100|[from] item: Leftovers
|upkeep
|turn|8
|
|t:|1776063047
|move|p1a: Raging Bolt|Thunderbolt|p2a: Blastoise
|-damage|p2a: Blastoise|15/100
|move|p2a: Blastoise|Mirror Coat|p1a: Raging Bolt
|-damage|p1a: Raging Bolt|0 fnt
|faint|p1a: Raging Bolt
|-end|p1a: Raging Bolt|Protosynthesis|[silent]
|
|-weather|RainDance|[upkeep]
|-heal|p2a: Blastoise|21/100|[from] ability: Rain Dish
|-heal|p2a: Blastoise|27/100|[from] item: Leftovers
|upkeep
|inactive|whatisherm3l0n has 120 seconds left.
|
|t:|1776063059
|switch|p1a: Overqwil|Overqwil, F, shiny|100/100
|turn|9
|
|t:|1776063067
|move|p1a: Overqwil|Liquidation|p2a: Blastoise
|-damage|p2a: Blastoise|0 fnt
|faint|p2a: Blastoise
|-damage|p1a: Overqwil|91/100|[from] item: Life Orb
|
|-weather|RainDance|[upkeep]
|upkeep
|
|t:|1776063079
|switch|p2a: Grimmsnarl|Grimmsnarl, M|100/100
|turn|10
|
|t:|1776063087
|move|p2a: Grimmsnarl|Bulk Up|p2a: Grimmsnarl
|-boost|p2a: Grimmsnarl|atk|1
|-boost|p2a: Grimmsnarl|def|1
|move|p1a: Overqwil|Gunk Shot|p2a: Grimmsnarl
|-supereffective|p2a: Grimmsnarl
|-damage|p2a: Grimmsnarl|0 fnt
|faint|p2a: Grimmsnarl
|-damage|p1a: Overqwil|81/100|[from] item: Life Orb
|
|-weather|none
|upkeep
|
|t:|1776063097
|switch|p2a: Scizor|Scizor, M|100/100
|turn|11
|
|t:|1776063106
|move|p1a: Overqwil|Swords Dance|p1a: Overqwil
|-boost|p1a: Overqwil|atk|2
|move|p2a: Scizor|Swords Dance|p2a: Scizor
|-boost|p2a: Scizor|atk|2
|
|upkeep
|turn|12
|
|t:|1776063113
|move|p1a: Overqwil|Crunch|p2a: Scizor
|-damage|p2a: Scizor|12/100
|-damage|p1a: Overqwil|71/100|[from] item: Life Orb
|move|p2a: Scizor|Close Combat|p1a: Overqwil
|-damage|p1a: Overqwil|0 fnt
|-unboost|p2a: Scizor|def|1
|-unboost|p2a: Scizor|spd|1
|faint|p1a: Overqwil
|
|upkeep
|
|t:|1776063122
|switch|p1a: Bruxish|Bruxish, F, shiny|100/100
|turn|13
|
|t:|1776063130
|move|p2a: Scizor|Bullet Punch||[still]
|cant|p1a: Bruxish|ability: Dazzling|Bullet Punch|[of] p2a: Scizor
|move|p1a: Bruxish|Psychic Fangs|p2a: Scizor
|-resisted|p2a: Scizor
|-damage|p2a: Scizor|0 fnt
|faint|p2a: Scizor
|
|upkeep
|
|t:|1776063141
|switch|p2a: Salamence|Salamence, F|83/100
|-ability|p2a: Salamence|Intimidate|boost
|-unboost|p1a: Bruxish|atk|1
|turn|14
|
|t:|1776063146
|move|p1a: Bruxish|Psychic Fangs|p2a: Salamence
|-damage|p2a: Salamence|55/100
|move|p2a: Salamence|Tailwind|p2a: Salamence
|-sidestart|p2: Oddsin|move: Tailwind
|
|upkeep
|turn|15
|
|t:|1776063156
|switch|p1a: Iron Treads|Iron Treads, shiny|100/100
|move|p2a: Salamence|Draco Meteor|p1a: Iron Treads
|-resisted|p1a: Iron Treads
|-crit|p1a: Iron Treads
|-damage|p1a: Iron Treads|54/100
|-unboost|p2a: Salamence|spa|2
|
|upkeep
|turn|16
|
|t:|1776063167
|move|p2a: Salamence|Hydro Pump|p1a: Iron Treads
|-supereffective|p1a: Iron Treads
|-damage|p1a: Iron Treads|18/100
|move|p1a: Iron Treads|Stealth Rock|p2a: Salamence
|-sidestart|p2: Oddsin|move: Stealth Rock
|
|upkeep
|turn|17
|
|t:|1776063183
|-end|p1a: Iron Treads|Quark Drive|[silent]
|switch|p1a: Manaphy|Manaphy, shiny|100/100
|move|p2a: Salamence|Flamethrower|p1a: Manaphy
|-resisted|p1a: Manaphy
|-damage|p1a: Manaphy|92/100
|
|-sideend|p2: Oddsin|move: Tailwind
|upkeep
|turn|18
|
|t:|1776063190
|move|p1a: Manaphy|Ice Beam|p2a: Salamence
|-supereffective|p2a: Salamence
|-damage|p2a: Salamence|0 fnt
|faint|p2a: Salamence
|
|upkeep
|
|t:|1776063193
|switch|p2a: Ceruledge|Ceruledge, M|100/100
|-damage|p2a: Ceruledge|75/100|[from] Stealth Rock
|turn|19
|c|☆whatisherm3l0n|gg
|
|t:|1776063198
|move|p1a: Manaphy|Surf|p2a: Ceruledge
|-supereffective|p2a: Ceruledge
|-damage|p2a: Ceruledge|0 fnt
|faint|p2a: Ceruledge
|
|win|whatisherm3l0n
|raw|whatisherm3l0n's rating: 1223 &rarr; <strong>1245</strong><br />(+22 for winning)
|raw|Oddsin's rating: 1186 &rarr; <strong>1164</strong><br />(-22 for losing)
|l|☆Oddsin
|player|p2|
|l|☆whatisherm3l0n
|player|p1|
