|html|<div class="broadcast-blue"><strong>[Gen 9] OU is currently suspecting Tera Blast! For information on how to participate check out the <a href="https://www.smogon.com/tools/suspects/view/200">suspect thread</a>.</strong></div>
|j|☆kjojon
|j|☆Luffanwana
|t:|1776352687
|gametype|singles
|player|p1|kjojon|brock|1183
|player|p2|Luffanwana|flint|1237
|gen|9
|tier|[Gen 9] OU
|rated|
|rule|HP Percentage Mod: HP is shown in percentages
|rule|Endless Battle Clause: Forcing endless battles is banned
|rule|Species Clause: Limit one of each Pokémon
|rule|OHKO Clause: OHKO moves are banned
|rule|Evasion Items Clause: Evasion items are banned
|rule|Evasion Moves Clause: Evasion moves are banned
|rule|Evasion Abilities Clause: Evasion abilities are banned
|rule|Sleep Moves Clause: Sleep-inducing moves are banned
|clearpoke
|poke|p1|Gardevoir, F|
|poke|p1|Incineroar, F|
|poke|p1|Duraludon, M|
|poke|p1|Hitmontop, M|
|poke|p1|Necrozma|
|poke|p1|Porygon-Z|
|poke|p2|Ninetales, M|
|poke|p2|Cresselia, F|
|poke|p2|Raging Bolt|
|poke|p2|Iron Moth|
|poke|p2|Great Tusk|
|poke|p2|Walking Wake|
|teampreview
|
|t:|1776352695
|teamsize|p1|6
|teamsize|p2|6
|start
|switch|p1a: PoyPee|Porygon-Z, shiny|100/100
|switch|p2a: Ninetales|Ninetales, M, shiny|100/100
|-weather|SunnyDay|[from] ability: Drought|[of] p2a: Ninetales
|turn|1
|inactive|Battle timer is ON: inactive players will automatically lose when time's up. (requested by Luffanwana)
|
|t:|1776352706
|move|p2a: Ninetales|Will-O-Wisp|p1a: PoyPee
|-status|p1a: PoyPee|brn
|move|p1a: PoyPee|Tri Attack|p2a: Ninetales
|-damage|p2a: Ninetales|43/100
|
|-weather|SunnyDay|[upkeep]
|-damage|p1a: PoyPee|94/100 brn|[from] brn
|upkeep
|turn|2
|
|t:|1776352714
|switch|p2a: Great Tusk|Great Tusk|100/100
|-activate|p2a: Great Tusk|ability: Protosynthesis
|-start|p2a: Great Tusk|protosynthesisspe
|move|p1a: PoyPee|Tri Attack|p2a: Great Tusk
|-damage|p2a: Great Tusk|21/100
|
|-weather|SunnyDay|[upkeep]
|-damage|p1a: PoyPee|88/100 brn|[from] brn
|upkeep
|turn|3
|
|t:|1776352723
|move|p2a: Great Tusk|Stealth Rock|p1a: PoyPee
|-sidestart|p1: kjojon|move: Stealth Rock
|move|p1a: PoyPee|Tri Attack|p2a: Great Tusk
|-damage|p2a: Great Tusk|0 fnt
|faint|p2a: Great Tusk
|-end|p2a: Great Tusk|Protosynthesis|[silent]
|
|-weather|SunnyDay|[upkeep]
|-damage|p1a: PoyPee|82/100 brn|[from] brn
|upkeep
|
|t:|1776352730
|switch|p2a: Hollow Purple|Walking Wake|100/100
|-activate|p2a: Hollow Purple|ability: Protosynthesis
|-start|p2a: Hollow Purple|protosynthesisspa
|turn|4
|
|t:|1776352732
|-terastallize|p2a: Hollow Purple|Water
|move|p2a: Hollow Purple|Hydro Steam|p1a: PoyPee
|-damage|p1a: PoyPee|0 fnt
|faint|p1a: PoyPee
|
|-weather|SunnyDay|[upkeep]
|upkeep
|
|t:|1776352747
|switch|p1a: Babylon|Duraludon, M, shiny|100/100
|-damage|p1a: Babylon|95/100|[from] Stealth Rock
|turn|5
|
|t:|1776352751
|move|p2a: Hollow Purple|Hydro Steam|p1a: Babylon
|-resisted|p1a: Babylon
|-damage|p1a: Babylon|0 fnt
|faint|p1a: Babylon
|
|-weather|SunnyDay|[upkeep]
|upkeep
|
|t:|1776352764
|switch|p1a: R-Pyrite|Necrozma, shiny|100/100
|-damage|p1a: R-Pyrite|88/100|[from] Stealth Rock
|turn|6
|
|t:|1776352768
|move|p2a: Hollow Purple|Hydro Steam|p1a: R-Pyrite
|-damage|p1a: R-Pyrite|0 fnt
|faint|p1a: R-Pyrite
|
|-weather|SunnyDay|[upkeep]
|upkeep
|
|t:|1776352774
|switch|p1a: Garfiel|Hitmontop, M|100/100
|-damage|p1a: Garfiel|94/100|[from] Stealth Rock
|turn|7
|
|t:|1776352777
|move|p1a: Garfiel|Fake Out|p2a: Hollow Purple
|-damage|p2a: Hollow Purple|76/100
|cant|p2a: Hollow Purple|flinch
|
|-weather|SunnyDay|[upkeep]
|upkeep
|turn|8
|
|t:|1776352786
|move|p1a: Garfiel|Mach Punch|p2a: Hollow Purple
|-damage|p2a: Hollow Purple|41/100
|move|p2a: Hollow Purple|Hydro Steam|p1a: Garfiel
|-damage|p1a: Garfiel|0 fnt
|faint|p1a: Garfiel
|
|-weather|none
|-end|p2a: Hollow Purple|Protosynthesis
|upkeep
|
|t:|1776352796
|switch|p1a: Xodium|Gardevoir, F, shiny|100/100
|-damage|p1a: Xodium|88/100|[from] Stealth Rock
|turn|9
|
|t:|1776352803
|move|p1a: Xodium|Psychic|p2a: Hollow Purple
|-damage|p2a: Hollow Purple|0 fnt
|faint|p2a: Hollow Purple
|-end|p2a: Hollow Purple|Protosynthesis|[silent]
|
|upkeep
|
|t:|1776352810
|switch|p2a: Ninetales|Ninetales, M, shiny|43/100
|-ability|p1a: Xodium|Drought|Trace|[from] ability: Trace|[of] p2a: Ninetales
|-weather|SunnyDay|[from] ability: Drought|[of] p1a: Xodium
|turn|10
|
|t:|1776352813
|move|p1a: Xodium|Psychic|p2a: Ninetales
|-damage|p2a: Ninetales|0 fnt
|faint|p2a: Ninetales
|
|-weather|SunnyDay|[upkeep]
|upkeep
|
|t:|1776352819
|switch|p2a: Cresselia|Cresselia, F|100/100
|turn|11
|
|t:|1776352822
|switch|p1a: Rose|Incineroar, F|100/100
|-damage|p1a: Rose|76/100|[from] Stealth Rock
|-ability|p1a: Rose|Intimidate|boost
|-unboost|p2a: Cresselia|atk|1
|move|p2a: Cresselia|Thunder Wave|p1a: Rose
|-status|p1a: Rose|par
|
|-weather|SunnyDay|[upkeep]
|upkeep
|turn|12
|
|t:|1776352831
|switch|p2a: Iron Moth|Iron Moth|100/100
|-enditem|p2a: Iron Moth|Booster Energy
|-activate|p2a: Iron Moth|ability: Quark Drive|[fromitem]
|-start|p2a: Iron Moth|quarkdrivespe
|move|p1a: Rose|Fake Out|p2a: Iron Moth
|-damage|p2a: Iron Moth|82/100
|
|-weather|SunnyDay|[upkeep]
|upkeep
|turn|13
|
|t:|1776352838
|move|p2a: Iron Moth|Sludge Wave|p1a: Rose
|-damage|p1a: Rose|32/100 par
|cant|p1a: Rose|par
|
|-weather|SunnyDay|[upkeep]
|upkeep
|turn|14
|
|t:|1776352842
|move|p2a: Iron Moth|Sludge Wave|p1a: Rose
|-damage|p1a: Rose|0 fnt
|faint|p1a: Rose
|
|-weather|none
|upkeep
|
|t:|1776352844
|switch|p1a: Xodium|Gardevoir, F, shiny|88/100
|-damage|p1a: Xodium|75/100|[from] Stealth Rock
|turn|15
|
|t:|1776352847
|move|p2a: Iron Moth|Sludge Wave|p1a: Xodium
|-supereffective|p1a: Xodium
|-damage|p1a: Xodium|0 fnt
|faint|p1a: Xodium
|
|win|Luffanwana
|raw|kjojon's rating: 1183 &rarr; <strong>1162</strong><br />(-21 for losing)
|raw|Luffanwana's rating: 1237 &rarr; <strong>1258</strong><br />(+21 for winning)
|c|☆kjojon|gg's
