|html|<div class="broadcast-blue"><strong>[Gen 9] OU is currently suspecting Volcarona! For information on how to participate check out the <a href="https://www.smogon.com/tools/suspects/view/208">suspect thread</a>.</strong></div>
|j|☆gokufvnii
|j|☆MassholeFlatlander
|t:|1778507496
|gametype|singles
|player|p1|gokufvnii|lady|1106
|player|p2|MassholeFlatlander|n|1116
|gen|9
|tier|[Gen 9] OU
|rated|
|rule|HP Percentage Mod: HP is shown in percentages
|rule|Endless Battle Clause: Forcing endless battles is banned
|rule|Species Clause: Limit one of each Pokémon
|rule|OHKO Clause: OHKO moves are banned
|rule|Evasion Items Clause: Evasion items are banned
|rule|Evasion Moves Clause: Evasion moves are banned
|rule|Evasion Abilities Clause: Evasion abilities are banned
|rule|Sleep Moves Clause: Sleep-inducing moves are banned
|clearpoke
|poke|p1|Ting-Lu|
|poke|p1|Gholdengo|
|poke|p1|Dragonite, F|
|poke|p1|Volcarona, F|
|poke|p1|Ogerpon-Wellspring, F|
|poke|p1|Kingambit, F|
|poke|p2|Hydreigon, F|
|poke|p2|Probopass, F|
|poke|p2|Sinistcha|
|poke|p2|Empoleon, F|
|poke|p2|Seviper, F|
|poke|p2|Sylveon, M|
|teampreview
|
|t:|1778507513
|teamsize|p1|6
|teamsize|p2|6
|start
|switch|p1a: Gholdengo|Gholdengo|100/100
|switch|p2a: Sylveon|Sylveon, M|100/100
|turn|1
|
|t:|1778507519
|switch|p2a: Empoleon|Empoleon, F|100/100
|move|p1a: Gholdengo|Trick|p2a: Empoleon
|-activate|p1a: Gholdengo|move: Trick|[of] p2a: Empoleon
|-item|p2a: Empoleon|Choice Scarf|[from] move: Trick
|-item|p1a: Gholdengo|Leftovers|[from] move: Trick
|
|upkeep
|turn|2
|
|t:|1778507527
|switch|p1a: Ogerpon|Ogerpon-Wellspring, F|100/100
|move|p2a: Empoleon|Surf|p1a: Ogerpon
|-immune|p1a: Ogerpon|[from] ability: Water Absorb
|
|upkeep
|turn|3
|
|t:|1778507535
|switch|p2a: Jelly Belly Pools|Sinistcha|100/100
|move|p1a: Ogerpon|U-turn|p2a: Jelly Belly Pools
|-damage|p2a: Jelly Belly Pools|80/100
|
|t:|1778507540
|switch|p1a: Volcarona|Volcarona, F|100/100|[from] U-turn
|
|-heal|p2a: Jelly Belly Pools|86/100|[from] item: Leftovers
|upkeep
|turn|4
|
|t:|1778507551
|switch|p2a: My secret weapon|Hydreigon, F|100/100
|move|p1a: Volcarona|Quiver Dance|p1a: Volcarona
|-boost|p1a: Volcarona|spa|1
|-boost|p1a: Volcarona|spd|1
|-boost|p1a: Volcarona|spe|1
|
|upkeep
|turn|5
|
|t:|1778507559
|move|p1a: Volcarona|Bug Buzz|p2a: My secret weapon
|-supereffective|p2a: My secret weapon
|-damage|p2a: My secret weapon|0 fnt
|faint|p2a: My secret weapon
|
|upkeep
|
|t:|1778507566
|switch|p2a: Sylveon|Sylveon, M|100/100
|turn|6
|
|t:|1778507569
|move|p1a: Volcarona|Quiver Dance|p1a: Volcarona
|-boost|p1a: Volcarona|spa|1
|-boost|p1a: Volcarona|spd|1
|-boost|p1a: Volcarona|spe|1
|move|p2a: Sylveon|Calm Mind|p2a: Sylveon
|-boost|p2a: Sylveon|spa|1
|-boost|p2a: Sylveon|spd|1
|
|upkeep
|turn|7
|
|t:|1778507580
|move|p1a: Volcarona|Fiery Dance|p2a: Sylveon
|-damage|p2a: Sylveon|73/100
|move|p2a: Sylveon|Calm Mind|p2a: Sylveon
|-boost|p2a: Sylveon|spa|1
|-boost|p2a: Sylveon|spd|1
|
|upkeep
|turn|8
|
|t:|1778507587
|move|p1a: Volcarona|Quiver Dance|p1a: Volcarona
|-boost|p1a: Volcarona|spa|1
|-boost|p1a: Volcarona|spd|1
|-boost|p1a: Volcarona|spe|1
|move|p2a: Sylveon|Wish|p2a: Sylveon
|
|upkeep
|turn|9
|
|t:|1778507593
|move|p1a: Volcarona|Quiver Dance|p1a: Volcarona
|-boost|p1a: Volcarona|spa|1
|-boost|p1a: Volcarona|spd|1
|-boost|p1a: Volcarona|spe|1
|move|p2a: Sylveon|Calm Mind|p2a: Sylveon
|-boost|p2a: Sylveon|spa|1
|-boost|p2a: Sylveon|spd|1
|
|-heal|p2a: Sylveon|100/100|[from] move: Wish|[wisher] Sylveon
|upkeep
|turn|10
|
|t:|1778507602
|move|p1a: Volcarona|Quiver Dance|p1a: Volcarona
|-boost|p1a: Volcarona|spa|1
|-boost|p1a: Volcarona|spd|1
|-boost|p1a: Volcarona|spe|1
|move|p2a: Sylveon|Calm Mind|p2a: Sylveon
|-boost|p2a: Sylveon|spa|1
|-boost|p2a: Sylveon|spd|1
|
|upkeep
|turn|11
|
|t:|1778507612
|move|p1a: Volcarona|Quiver Dance|p1a: Volcarona
|-boost|p1a: Volcarona|spa|1
|-boost|p1a: Volcarona|spd|1
|-boost|p1a: Volcarona|spe|1
|move|p2a: Sylveon|Calm Mind|p2a: Sylveon
|-boost|p2a: Sylveon|spa|1
|-boost|p2a: Sylveon|spd|1
|
|upkeep
|turn|12
|
|t:|1778507619
|move|p1a: Volcarona|Fiery Dance|p2a: Sylveon
|-damage|p2a: Sylveon|77/100
|move|p2a: Sylveon|Hyper Beam|p1a: Volcarona|[miss]
|-miss|p2a: Sylveon|p1a: Volcarona
|
|upkeep
|turn|13
|
|t:|1778507627
|move|p1a: Volcarona|Fiery Dance|p2a: Sylveon
|-damage|p2a: Sylveon|53/100
|move|p2a: Sylveon|Wish|p2a: Sylveon
|
|upkeep
|turn|14
|
|t:|1778507633
|move|p1a: Volcarona|Fiery Dance|p2a: Sylveon
|-damage|p2a: Sylveon|31/100
|move|p2a: Sylveon|Calm Mind|p2a: Sylveon
|-boost|p2a: Sylveon|spa|1
|-boost|p2a: Sylveon|spd|1
|
|-heal|p2a: Sylveon|81/100|[from] move: Wish|[wisher] Sylveon
|upkeep
|turn|15
|
|t:|1778507642
|move|p1a: Volcarona|Fiery Dance|p2a: Sylveon
|-damage|p2a: Sylveon|61/100
|move|p2a: Sylveon|Wish|p2a: Sylveon
|
|upkeep
|turn|16
|
|t:|1778507647
|move|p1a: Volcarona|Fiery Dance|p2a: Sylveon
|-damage|p2a: Sylveon|40/100
|move|p2a: Sylveon|Hyper Beam|p1a: Volcarona
|-resisted|p1a: Volcarona
|-damage|p1a: Volcarona|54/100
|-mustrecharge|p2a: Sylveon
|-damage|p2a: Sylveon|30/100|[from] item: Life Orb
|
|-heal|p2a: Sylveon|80/100|[from] move: Wish|[wisher] Sylveon
|upkeep
|turn|17
|
|t:|1778507658
|move|p1a: Volcarona|Psychic|p2a: Sylveon
|-damage|p2a: Sylveon|66/100
|cant|p2a: Sylveon|recharge
|
|upkeep
|turn|18
|
|t:|1778507664
|move|p1a: Volcarona|Psychic|p2a: Sylveon
|-damage|p2a: Sylveon|50/100
|move|p2a: Sylveon|Wish|p2a: Sylveon
|
|upkeep
|turn|19
|
|t:|1778507670
|move|p1a: Volcarona|Psychic|p2a: Sylveon
|-damage|p2a: Sylveon|35/100
|-unboost|p2a: Sylveon|spd|1
|move|p2a: Sylveon|Hyper Beam|p1a: Volcarona
|-resisted|p1a: Volcarona
|-damage|p1a: Volcarona|10/100
|-mustrecharge|p2a: Sylveon
|-damage|p2a: Sylveon|25/100|[from] item: Life Orb
|
|-heal|p2a: Sylveon|75/100|[from] move: Wish|[wisher] Sylveon
|upkeep
|turn|20
|
|t:|1778507681
|move|p1a: Volcarona|Psychic|p2a: Sylveon
|-damage|p2a: Sylveon|58/100
|-unboost|p2a: Sylveon|spd|1
|cant|p2a: Sylveon|recharge
|
|upkeep
|turn|21
|
|t:|1778507688
|move|p1a: Volcarona|Fiery Dance|p2a: Sylveon
|-damage|p2a: Sylveon|29/100
|move|p2a: Sylveon|Wish|p2a: Sylveon
|
|upkeep
|turn|22
|
|t:|1778507694
|move|p1a: Volcarona|Psychic|p2a: Sylveon
|-crit|p2a: Sylveon
|-damage|p2a: Sylveon|0 fnt
|faint|p2a: Sylveon
|
|upkeep
|
|t:|1778507699
|switch|p2a: Probopass|Probopass, F|100/100
|turn|23
|
|t:|1778507704
|move|p1a: Volcarona|Fiery Dance|p2a: Probopass
|-damage|p2a: Probopass|2/100
|move|p2a: Probopass|Meteor Beam||[still]
|-prepare|p2a: Probopass|Meteor Beam
|-boost|p2a: Probopass|spa|1
|-enditem|p2a: Probopass|Power Herb
|-anim|p2a: Probopass|Meteor Beam|p1a: Volcarona|[miss]
|-miss|p2a: Probopass|p1a: Volcarona
|
|upkeep
|turn|24
|-message|MassholeFlatlander forfeited.
|
|win|gokufvnii
|raw|gokufvnii's rating: 1106 &rarr; <strong>1132</strong><br />(+26 for winning)
|raw|MassholeFlatlander's rating: 1116 &rarr; <strong>1090</strong><br />(-26 for losing)
|l|☆MassholeFlatlander
|player|p2|
|l|☆gokufvnii
|player|p1|
