|html|<div class="broadcast-blue"><strong>[Gen 9] OU is currently suspecting Tera Blast! For information on how to participate check out the <a href="https://www.smogon.com/tools/suspects/view/200">suspect thread</a>.</strong></div>
|j|☆sharkerthantheteal
|j|☆liyeniubi4
|t:|1776342498
|gametype|singles
|player|p1|sharkerthantheteal|cynthia-gen4|1193
|player|p2|liyeniubi4|nate|1177
|gen|9
|tier|[Gen 9] OU
|rated|
|rule|HP Percentage Mod: HP is shown in percentages
|rule|Endless Battle Clause: Forcing endless battles is banned
|rule|Species Clause: Limit one of each Pokémon
|rule|OHKO Clause: OHKO moves are banned
|rule|Evasion Items Clause: Evasion items are banned
|rule|Evasion Moves Clause: Evasion moves are banned
|rule|Evasion Abilities Clause: Evasion abilities are banned
|rule|Sleep Moves Clause: Sleep-inducing moves are banned
|clearpoke
|poke|p1|Cetitan, F|
|poke|p1|Ninetales-Alola, F|
|poke|p1|Hariyama, M|
|poke|p1|Dragapult, M|
|poke|p1|Iron Valiant|
|poke|p1|Gholdengo|
|poke|p2|Primarina, F|
|poke|p2|Goodra-Hisui, F|
|poke|p2|Iron Crown|
|poke|p2|Weezing-Galar, M|
|poke|p2|Weavile, M|
|poke|p2|Kyurem|
|teampreview
|
|t:|1776342532
|teamsize|p1|6
|teamsize|p2|6
|start
|switch|p1a: Gholdengo|Gholdengo|100/100
|switch|p2a: Iron Crown|Iron Crown|100/100
|turn|1
|
|t:|1776342537
|move|p1a: Gholdengo|Shadow Ball|p2a: Iron Crown
|-supereffective|p2a: Iron Crown
|-damage|p2a: Iron Crown|20/100
|move|p2a: Iron Crown|Volt Switch|p1a: Gholdengo
|-damage|p1a: Gholdengo|54/100
|
|t:|1776342546
|-end|p2a: Iron Crown|Quark Drive|[silent]
|switch|p2a: Weavile|Weavile, M|100/100|[from] Volt Switch
|-ability|p2a: Weavile|Pressure
|
|upkeep
|turn|2
|
|t:|1776342554
|move|p1a: Gholdengo|Shadow Ball|p2a: Weavile
|-resisted|p2a: Weavile
|-damage|p2a: Weavile|71/100
|move|p2a: Weavile|Swords Dance|p2a: Weavile
|-boost|p2a: Weavile|atk|2
|
|upkeep
|turn|3
|
|t:|1776342561
|switch|p1a: Ninetales|Ninetales-Alola, F|100/100
|-weather|Snowscape|[from] ability: Snow Warning|[of] p1a: Ninetales
|move|p2a: Weavile|Swords Dance|p2a: Weavile
|-boost|p2a: Weavile|atk|2
|
|-weather|Snowscape|[upkeep]
|upkeep
|turn|4
|
|t:|1776342569
|-terastallize|p2a: Weavile|Ice
|move|p2a: Weavile|Triple Axel|p1a: Ninetales
|-resisted|p1a: Ninetales
|-damage|p1a: Ninetales|84/100
|-resisted|p1a: Ninetales
|-damage|p1a: Ninetales|51/100
|-resisted|p1a: Ninetales
|-damage|p1a: Ninetales|3/100
|-hitcount|p1a: Ninetales|3
|move|p1a: Ninetales|Aurora Veil|p1a: Ninetales
|-sidestart|p1: sharkerthantheteal|move: Aurora Veil
|
|-weather|Snowscape|[upkeep]
|upkeep
|turn|5
|
|t:|1776342580
|move|p2a: Weavile|Ice Shard|p1a: Ninetales
|-resisted|p1a: Ninetales
|-damage|p1a: Ninetales|0 fnt
|faint|p1a: Ninetales
|
|-weather|Snowscape|[upkeep]
|upkeep
|
|t:|1776342585
|switch|p1a: Cetitan|Cetitan, F|100/100
|turn|6
|
|t:|1776342588
|move|p1a: Cetitan|Earthquake|p2a: Weavile
|-damage|p2a: Weavile|33/100
|move|p2a: Weavile|Knock Off|p1a: Cetitan
|-damage|p1a: Cetitan|50/100
|-enditem|p1a: Cetitan|Sitrus Berry|[from] move: Knock Off|[of] p2a: Weavile
|
|-weather|Snowscape|[upkeep]
|upkeep
|turn|7
|
|t:|1776342602
|switch|p2a: Weezing|Weezing-Galar, M|100/100
|move|p1a: Cetitan|Earthquake|p2a: Weezing
|-immune|p2a: Weezing|[from] ability: Levitate
|
|-weather|none
|upkeep
|turn|8
|
|t:|1776342616
|move|p1a: Cetitan|Belly Drum||[still]
|-fail|p1a: Cetitan
|move|p2a: Weezing|Will-O-Wisp|p1a: Cetitan
|-status|p1a: Cetitan|brn
|
|-damage|p1a: Cetitan|44/100 brn|[from] brn
|upkeep
|turn|9
|
|t:|1776342632
|switch|p2a: Primarina|Primarina, F|100/100
|move|p1a: Cetitan|Ice Spinner|p2a: Primarina
|-resisted|p2a: Primarina
|-damage|p2a: Primarina|89/100
|
|-damage|p1a: Cetitan|38/100 brn|[from] brn
|upkeep
|turn|10
|
|t:|1776342639
|switch|p2a: Weezing|Weezing-Galar, M|100/100
|move|p1a: Cetitan|Earthquake|p2a: Weezing
|-immune|p2a: Weezing|[from] ability: Levitate
|
|-damage|p1a: Cetitan|32/100 brn|[from] brn
|upkeep
|turn|11
|
|t:|1776342647
|move|p1a: Cetitan|Ice Spinner|p2a: Weezing
|-damage|p2a: Weezing|86/100
|move|p2a: Weezing|Sludge Bomb|p1a: Cetitan
|-damage|p1a: Cetitan|14/100 brn
|
|-heal|p2a: Weezing|93/100|[from] item: Leftovers
|-damage|p1a: Cetitan|7/100 brn|[from] brn
|-sideend|p1: sharkerthantheteal|move: Aurora Veil
|upkeep
|turn|12
|
|t:|1776342662
|move|p1a: Cetitan|Ice Spinner|p2a: Weezing
|-damage|p2a: Weezing|77/100
|move|p2a: Weezing|Sludge Bomb|p1a: Cetitan
|-damage|p1a: Cetitan|0 fnt
|faint|p1a: Cetitan
|
|-heal|p2a: Weezing|83/100|[from] item: Leftovers
|upkeep
|
|t:|1776342670
|switch|p1a: Iron Valiant|Iron Valiant|100/100
|-enditem|p1a: Iron Valiant|Booster Energy
|-activate|p1a: Iron Valiant|ability: Quark Drive|[fromitem]
|-start|p1a: Iron Valiant|quarkdrivespe
|turn|13
|
|t:|1776342674
|move|p1a: Iron Valiant|Disable|p2a: Weezing
|-start|p2a: Weezing|Disable|Sludge Bomb
|cant|p2a: Weezing|Disable|Sludge Bomb
|
|-heal|p2a: Weezing|89/100|[from] item: Leftovers
|upkeep
|turn|14
|
|t:|1776342680
|move|p1a: Iron Valiant|Calm Mind|p1a: Iron Valiant
|-boost|p1a: Iron Valiant|spa|1
|-boost|p1a: Iron Valiant|spd|1
|move|p2a: Weezing|Strange Steam|p1a: Iron Valiant
|-supereffective|p1a: Iron Valiant
|-damage|p1a: Iron Valiant|6/100
|
|-heal|p2a: Weezing|96/100|[from] item: Leftovers
|upkeep
|turn|15
|
|t:|1776342700
|move|p1a: Iron Valiant|Moonblast|p2a: Weezing
|-resisted|p2a: Weezing
|-damage|p2a: Weezing|50/100
|move|p2a: Weezing|Strange Steam|p1a: Iron Valiant
|-supereffective|p1a: Iron Valiant
|-damage|p1a: Iron Valiant|0 fnt
|faint|p1a: Iron Valiant
|-end|p1a: Iron Valiant|Quark Drive|[silent]
|
|-heal|p2a: Weezing|57/100|[from] item: Leftovers
|upkeep
|
|t:|1776342708
|switch|p1a: Hariyama|Hariyama, M|100/100
|turn|16
|
|t:|1776342720
|move|p2a: Weezing|Strange Steam|p1a: Hariyama
|-supereffective|p1a: Hariyama
|-damage|p1a: Hariyama|28/100
|move|p1a: Hariyama|Belly Drum||[still]
|-fail|p1a: Hariyama
|
|-heal|p2a: Weezing|63/100|[from] item: Leftovers
|-end|p2a: Weezing|Disable
|-status|p1a: Hariyama|brn|[from] item: Flame Orb
|upkeep
|turn|17
|c|☆sharkerthantheteal|forgot to tera rip gg
|
|t:|1776342736
|move|p2a: Weezing|Strange Steam|p1a: Hariyama
|-supereffective|p1a: Hariyama
|-damage|p1a: Hariyama|0 fnt
|faint|p1a: Hariyama
|
|-heal|p2a: Weezing|69/100|[from] item: Leftovers
|upkeep
|
|t:|1776342742
|switch|p1a: Gholdengo|Gholdengo|54/100
|turn|18
|
|t:|1776342754
|move|p1a: Gholdengo|Trick|p2a: Weezing
|-activate|p1a: Gholdengo|move: Trick|[of] p2a: Weezing
|-item|p2a: Weezing|Choice Scarf|[from] move: Trick
|-item|p1a: Gholdengo|Leftovers|[from] move: Trick
|move|p2a: Weezing|Strange Steam|p1a: Gholdengo
|-resisted|p1a: Gholdengo
|-crit|p1a: Gholdengo
|-damage|p1a: Gholdengo|24/100
|
|-heal|p1a: Gholdengo|30/100|[from] item: Leftovers
|upkeep
|turn|19
|
|t:|1776342765
|switch|p2a: Primarina|Primarina, F|89/100
|move|p1a: Gholdengo|Shadow Ball|p2a: Primarina
|-damage|p2a: Primarina|55/100
|
|-heal|p1a: Gholdengo|36/100|[from] item: Leftovers
|upkeep
|turn|20
|
|t:|1776342772
|move|p1a: Gholdengo|Shadow Ball|p2a: Primarina
|-damage|p2a: Primarina|22/100
|move|p2a: Primarina|Sparkling Aria|p1a: Gholdengo
|-damage|p1a: Gholdengo|0 fnt
|faint|p1a: Gholdengo
|
|upkeep
|
|t:|1776342782
|switch|p1a: Dragapult|Dragapult, M|100/100
|turn|21
|
|t:|1776342786
|-terastallize|p1a: Dragapult|Ghost
|move|p1a: Dragapult|Shadow Ball|p2a: Primarina
|-crit|p2a: Primarina
|-damage|p2a: Primarina|0 fnt
|faint|p2a: Primarina
|
|upkeep
|
|t:|1776342794
|switch|p2a: Goodra|Goodra-Hisui, F|100/100
|turn|22
|
|t:|1776342799
|move|p1a: Dragapult|Shadow Ball|p2a: Goodra
|-damage|p2a: Goodra|58/100
|move|p2a: Goodra|Draco Meteor|p1a: Dragapult
|-damage|p1a: Dragapult|23/100
|-unboost|p2a: Goodra|spa|2
|
|-heal|p2a: Goodra|64/100|[from] item: Leftovers
|upkeep
|turn|23
|c|☆sharkerthantheteal|gg
|
|t:|1776342808
|move|p1a: Dragapult|Shadow Ball|p2a: Goodra
|-damage|p2a: Goodra|20/100
|move|p2a: Goodra|Heavy Slam|p1a: Dragapult
|-damage|p1a: Dragapult|0 fnt
|faint|p1a: Dragapult
|
|win|liyeniubi4
|raw|sharkerthantheteal's rating: 1193 &rarr; <strong>1167</strong><br />(-26 for losing)
|raw|liyeniubi4's rating: 1177 &rarr; <strong>1203</strong><br />(+26 for winning)
|c|☆liyeniubi4|gg
