|html|<div class="broadcast-blue"><strong>[Gen 9] OU is currently suspecting Tera Blast! For information on how to participate check out the <a href="https://www.smogon.com/tools/suspects/view/200">suspect thread</a>.</strong></div>
|j|☆dugsingle
|j|☆Billwack123
|t:|1776101567
|gametype|singles
|player|p1|dugsingle|marley|1376
|player|p2|Billwack123|shadowtriad|1402
|gen|9
|tier|[Gen 9] OU
|rated|
|rule|HP Percentage Mod: HP is shown in percentages
|rule|Endless Battle Clause: Forcing endless battles is banned
|rule|Species Clause: Limit one of each Pokémon
|rule|OHKO Clause: OHKO moves are banned
|rule|Evasion Items Clause: Evasion items are banned
|rule|Evasion Moves Clause: Evasion moves are banned
|rule|Evasion Abilities Clause: Evasion abilities are banned
|rule|Sleep Moves Clause: Sleep-inducing moves are banned
|clearpoke
|poke|p1|Quagsire, M|
|poke|p1|Gholdengo|
|poke|p1|Dugtrio, M|
|poke|p1|Porygon2|
|poke|p1|Gengar, M|
|poke|p1|Granbull, F|
|poke|p2|Dragonite, M|
|poke|p2|Ogerpon-Cornerstone, F|
|poke|p2|Hatterene, F|
|poke|p2|Iron Treads|
|poke|p2|Kingambit, F|
|poke|p2|Zapdos|
|teampreview
|inactive|Battle timer is ON: inactive players will automatically lose when time's up. (requested by Billwack123)
|
|t:|1776101575
|teamsize|p1|6
|teamsize|p2|6
|start
|switch|p1a: Dugtrio|Dugtrio, M|100/100
|switch|p2a: Zapdos|Zapdos|100/100
|turn|1
|
|t:|1776101580
|move|p2a: Zapdos|Hurricane|p1a: Dugtrio
|-enditem|p1a: Dugtrio|Focus Sash
|-damage|p1a: Dugtrio|1/100
|move|p1a: Dugtrio|Stealth Rock|p2a: Zapdos
|-sidestart|p2: Billwack123|move: Stealth Rock
|
|upkeep
|turn|2
|
|t:|1776101591
|move|p1a: Dugtrio|Sucker Punch|p2a: Zapdos
|-damage|p2a: Zapdos|75/100
|move|p2a: Zapdos|Hurricane|p1a: Dugtrio
|-damage|p1a: Dugtrio|0 fnt
|faint|p1a: Dugtrio
|
|upkeep
|
|t:|1776101594
|switch|p1a: Gholdengo|Gholdengo|100/100
|-item|p1a: Gholdengo|Air Balloon
|turn|3
|
|t:|1776101601
|switch|p2a: Kingambit|Kingambit, F|100/100
|-damage|p2a: Kingambit|94/100|[from] Stealth Rock
|switch|p1a: Quagsire|Quagsire, M|100/100
|
|-heal|p2a: Kingambit|100/100|[from] item: Leftovers
|upkeep
|turn|4
|
|t:|1776101605
|-end|p2a: Kingambit|fallenundefined|[silent]
|switch|p2a: Iron Treads|Iron Treads|100/100
|-damage|p2a: Iron Treads|97/100|[from] Stealth Rock
|-item|p2a: Iron Treads|Air Balloon
|move|p1a: Quagsire|Spikes|p2a: Iron Treads
|-sidestart|p2: Billwack123|Spikes
|
|upkeep
|turn|5
|
|t:|1776101608
|move|p2a: Iron Treads|Knock Off|p1a: Quagsire
|-damage|p1a: Quagsire|77/100
|-enditem|p1a: Quagsire|Leftovers|[from] move: Knock Off|[of] p2a: Iron Treads
|move|p1a: Quagsire|Surf|p2a: Iron Treads
|-supereffective|p2a: Iron Treads
|-damage|p2a: Iron Treads|41/100
|-enditem|p2a: Iron Treads|Air Balloon
|
|upkeep
|turn|6
|
|t:|1776101611
|switch|p1a: Gengar|Gengar, M|100/100
|move|p2a: Iron Treads|Rapid Spin|p1a: Gengar
|-immune|p1a: Gengar
|
|upkeep
|turn|7
|
|t:|1776101615
|-end|p2a: Iron Treads|Quark Drive|[silent]
|switch|p2a: Kingambit|Kingambit, F|100/100
|-damage|p2a: Kingambit|94/100|[from] Stealth Rock
|-damage|p2a: Kingambit|82/100|[from] Spikes
|move|p1a: Gengar|Shadow Ball|p2a: Kingambit
|-resisted|p2a: Kingambit
|-damage|p2a: Kingambit|59/100
|-unboost|p2a: Kingambit|spd|1
|
|-heal|p2a: Kingambit|65/100|[from] item: Leftovers
|upkeep
|turn|8
|
|t:|1776101619
|switch|p1a: Quagsire|Quagsire, M|77/100
|move|p2a: Kingambit|Iron Head|p1a: Quagsire
|-resisted|p1a: Quagsire
|-damage|p1a: Quagsire|63/100
|
|-heal|p2a: Kingambit|71/100|[from] item: Leftovers
|upkeep
|turn|9
|
|t:|1776101622
|-end|p2a: Kingambit|fallenundefined|[silent]
|switch|p2a: Zapdos|Zapdos|75/100
|-damage|p2a: Zapdos|50/100|[from] Stealth Rock
|move|p1a: Quagsire|Surf|p2a: Zapdos
|-damage|p2a: Zapdos|26/100
|
|upkeep
|turn|10
|
|t:|1776101627
|move|p2a: Zapdos|Hurricane|p1a: Quagsire
|-damage|p1a: Quagsire|1/100
|move|p1a: Quagsire|Recover|p1a: Quagsire
|-heal|p1a: Quagsire|51/100
|
|upkeep
|turn|11
|
|t:|1776101630
|switch|p1a: Gholdengo|Gholdengo|100/100
|-item|p1a: Gholdengo|Air Balloon
|move|p2a: Zapdos|Hurricane|p1a: Gholdengo
|-resisted|p1a: Gholdengo
|-damage|p1a: Gholdengo|73/100
|-enditem|p1a: Gholdengo|Air Balloon
|
|upkeep
|turn|12
|
|t:|1776101635
|move|p2a: Zapdos|Hurricane|p1a: Gholdengo
|-resisted|p1a: Gholdengo
|-damage|p1a: Gholdengo|45/100
|move|p1a: Gholdengo|Make It Rain|p2a: Zapdos
|-resisted|p2a: Zapdos
|-damage|p2a: Zapdos|0 fnt
|-unboost|p1a: Gholdengo|spa|1
|faint|p2a: Zapdos
|
|upkeep
|
|t:|1776101637
|switch|p2a: Iron Treads|Iron Treads|41/100
|-damage|p2a: Iron Treads|38/100|[from] Stealth Rock
|-damage|p2a: Iron Treads|25/100|[from] Spikes
|turn|13
|
|t:|1776101640
|move|p2a: Iron Treads|Earthquake|p1a: Gholdengo
|-supereffective|p1a: Gholdengo
|-damage|p1a: Gholdengo|0 fnt
|faint|p1a: Gholdengo
|
|upkeep
|
|t:|1776101644
|switch|p1a: Gengar|Gengar, M|100/100
|turn|14
|
|t:|1776101648
|-end|p2a: Iron Treads|Quark Drive|[silent]
|switch|p2a: Kingambit|Kingambit, F|71/100
|-damage|p2a: Kingambit|65/100|[from] Stealth Rock
|-damage|p2a: Kingambit|53/100|[from] Spikes
|-activate|p2a: Kingambit|ability: Supreme Overlord
|-start|p2a: Kingambit|fallen1|[silent]
|move|p1a: Gengar|Shadow Ball|p2a: Kingambit
|-resisted|p2a: Kingambit
|-damage|p2a: Kingambit|30/100
|
|-heal|p2a: Kingambit|36/100|[from] item: Leftovers
|upkeep
|turn|15
|
|t:|1776101652
|switch|p1a: Granbull|Granbull, F|100/100
|-ability|p1a: Granbull|Intimidate|boost
|-unboost|p2a: Kingambit|atk|1
|move|p2a: Kingambit|Sucker Punch||[still]
|-fail|p2a: Kingambit
|
|-heal|p2a: Kingambit|42/100|[from] item: Leftovers
|upkeep
|turn|16
|
|t:|1776101660
|move|p2a: Kingambit|Iron Head|p1a: Granbull
|-supereffective|p1a: Granbull
|-damage|p1a: Granbull|53/100
|cant|p1a: Granbull|flinch
|
|-heal|p2a: Kingambit|49/100|[from] item: Leftovers
|-heal|p1a: Granbull|59/100|[from] item: Leftovers
|upkeep
|turn|17
|
|t:|1776101664
|move|p2a: Kingambit|Iron Head|p1a: Granbull
|-supereffective|p1a: Granbull
|-damage|p1a: Granbull|9/100
|move|p1a: Granbull|Thunder Wave|p2a: Kingambit
|-status|p2a: Kingambit|par
|
|-heal|p1a: Granbull|15/100|[from] item: Leftovers
|-heal|p2a: Kingambit|55/100 par|[from] item: Leftovers
|upkeep
|turn|18
|
|t:|1776101668
|move|p1a: Granbull|Taunt|p2a: Kingambit
|-start|p2a: Kingambit|move: Taunt
|move|p2a: Kingambit|Iron Head|p1a: Granbull
|-supereffective|p1a: Granbull
|-damage|p1a: Granbull|0 fnt
|faint|p1a: Granbull
|
|-heal|p2a: Kingambit|61/100 par|[from] item: Leftovers
|upkeep
|
|t:|1776101676
|switch|p1a: Quagsire|Quagsire, M|51/100
|turn|19
|
|t:|1776101680
|move|p2a: Kingambit|Sucker Punch||[still]
|-fail|p2a: Kingambit
|move|p1a: Quagsire|Spikes|p2a: Kingambit
|-sidestart|p2: Billwack123|Spikes
|
|-heal|p2a: Kingambit|67/100 par|[from] item: Leftovers
|upkeep
|turn|20
|
|t:|1776101684
|cant|p2a: Kingambit|par
|move|p1a: Quagsire|Recover|p1a: Quagsire
|-heal|p1a: Quagsire|100/100
|
|-heal|p2a: Kingambit|73/100 par|[from] item: Leftovers
|-end|p2a: Kingambit|move: Taunt
|upkeep
|turn|21
|
|t:|1776101687
|-end|p2a: Kingambit|fallen1|[silent]
|switch|p2a: Iron Treads|Iron Treads|25/100
|-damage|p2a: Iron Treads|22/100|[from] Stealth Rock
|-damage|p2a: Iron Treads|5/100|[from] Spikes
|move|p1a: Quagsire|Spikes|p2a: Iron Treads
|-sidestart|p2: Billwack123|Spikes
|
|upkeep
|turn|22
|
|t:|1776101690
|switch|p1a: Gengar|Gengar, M|100/100
|move|p2a: Iron Treads|Knock Off|p1a: Gengar
|-supereffective|p1a: Gengar
|-damage|p1a: Gengar|0 fnt
|-enditem|p1a: Gengar|Choice Scarf|[from] move: Knock Off|[of] p2a: Iron Treads
|faint|p1a: Gengar
|
|upkeep
|
|t:|1776101696
|switch|p1a: Quagsire|Quagsire, M|100/100
|turn|23
|-message|dugsingle forfeited.
|
|win|Billwack123
|raw|dugsingle's rating: 1376 &rarr; <strong>1357</strong><br />(-19 for losing)
|raw|Billwack123's rating: 1402 &rarr; <strong>1421</strong><br />(+19 for winning)
|l|☆dugsingle
|player|p1|
|l|☆Billwack123
|player|p2|
