|html|<div class="broadcast-blue"><strong>[Gen 9] OU is currently suspecting Volcarona! For information on how to participate check out the <a href="https://www.smogon.com/tools/suspects/view/208">suspect thread</a>.</strong></div>
|j|☆Mouu'D
|j|‽I'mAScarecrow181
|t:|1778515559
|gametype|singles
|player|p1|Mouu'D|youngster-gen4dp|1212
|player|p2|I'mAScarecrow181|101|1169
|gen|9
|tier|[Gen 9] OU
|rated|
|rule|HP Percentage Mod: HP is shown in percentages
|rule|Endless Battle Clause: Forcing endless battles is banned
|rule|Species Clause: Limit one of each Pokémon
|rule|OHKO Clause: OHKO moves are banned
|rule|Evasion Items Clause: Evasion items are banned
|rule|Evasion Moves Clause: Evasion moves are banned
|rule|Evasion Abilities Clause: Evasion abilities are banned
|rule|Sleep Moves Clause: Sleep-inducing moves are banned
|clearpoke
|poke|p1|Deoxys-Defense|
|poke|p1|Diancie|
|poke|p1|Glastrier|
|poke|p1|Ursaluna, F|
|poke|p1|Exeggutor-Alola, M|
|poke|p1|Conkeldurr, M|
|poke|p2|Torkoal, M|
|poke|p2|Ogerpon-Wellspring, F|
|poke|p2|Sandy Shocks|
|poke|p2|Rillaboom, F|
|poke|p2|Walking Wake|
|poke|p2|Skeledirge, M|
|teampreview
|
|t:|1778515578
|teamsize|p1|6
|teamsize|p2|6
|start
|switch|p1a: Vegapunk 03|Deoxys-Defense, shiny|100/100
|switch|p2a: Torkoal|Torkoal, M|100/100
|-ability|p1a: Vegapunk 03|Pressure
|-weather|SunnyDay|[from] ability: Drought|[of] p2a: Torkoal
|turn|1
|
|t:|1778515585
|move|p2a: Torkoal|Stealth Rock|p1a: Vegapunk 03
|-sidestart|p1: Mouu'D|move: Stealth Rock
|move|p1a: Vegapunk 03|Trick Room|p1a: Vegapunk 03
|-fieldstart|move: Trick Room|[of] p1a: Vegapunk 03
|
|-weather|SunnyDay|[upkeep]
|upkeep
|turn|2
|
|t:|1778515592
|switch|p1a: Luffy gear 4th|Conkeldurr, M|100/100
|-damage|p1a: Luffy gear 4th|94/100|[from] Stealth Rock
|move|p2a: Torkoal|Will-O-Wisp|p1a: Luffy gear 4th
|-status|p1a: Luffy gear 4th|brn
|
|-weather|SunnyDay|[upkeep]
|-damage|p1a: Luffy gear 4th|88/100 brn|[from] brn
|upkeep
|turn|3
|
|t:|1778515599
|move|p2a: Torkoal|Weather Ball|p1a: Luffy gear 4th
|-damage|p1a: Luffy gear 4th|35/100 brn
|move|p1a: Luffy gear 4th|Knock Off|p2a: Torkoal
|-damage|p2a: Torkoal|56/100
|-enditem|p2a: Torkoal|Heat Rock|[from] move: Knock Off|[of] p1a: Luffy gear 4th
|
|-weather|SunnyDay|[upkeep]
|-damage|p1a: Luffy gear 4th|29/100 brn|[from] brn
|upkeep
|turn|4
|
|t:|1778515607
|move|p2a: Torkoal|Weather Ball|p1a: Luffy gear 4th
|-damage|p1a: Luffy gear 4th|0 fnt
|faint|p1a: Luffy gear 4th
|
|-weather|SunnyDay|[upkeep]
|upkeep
|
|t:|1778515615
|switch|p1a: Kuma|Ursaluna, F|100/100
|-damage|p1a: Kuma|94/100|[from] Stealth Rock
|turn|5
|
|t:|1778515623
|switch|p2a: Rillaboom|Rillaboom, F|100/100
|-fieldstart|move: Grassy Terrain|[from] ability: Grassy Surge|[of] p2a: Rillaboom
|move|p1a: Kuma|Earthquake|p2a: Rillaboom
|-resisted|p2a: Rillaboom
|-damage|p2a: Rillaboom|86/100
|
|-weather|SunnyDay|[upkeep]
|-heal|p1a: Kuma|100/100|[from] Grassy Terrain
|-heal|p2a: Rillaboom|92/100|[from] Grassy Terrain
|-fieldend|move: Trick Room
|-status|p1a: Kuma|brn|[from] item: Flame Orb
|upkeep
|turn|6
|inactive|Battle timer is ON: inactive players will automatically lose when time's up. (requested by Mouu'D)
|
|t:|1778515634
|move|p2a: Rillaboom|Low Kick|p1a: Kuma
|-supereffective|p1a: Kuma
|-damage|p1a: Kuma|38/100 brn
|move|p1a: Kuma|Facade|p2a: Rillaboom
|-damage|p2a: Rillaboom|0 fnt
|faint|p2a: Rillaboom
|
|-weather|SunnyDay|[upkeep]
|-heal|p1a: Kuma|44/100 brn|[from] Grassy Terrain
|-damage|p1a: Kuma|38/100 brn|[from] brn
|upkeep
|
|t:|1778515641
|switch|p2a: Walking Wake|Walking Wake|100/100
|-activate|p2a: Walking Wake|ability: Protosynthesis
|-start|p2a: Walking Wake|protosynthesisspe
|turn|7
|
|t:|1778515649
|move|p2a: Walking Wake|Hydro Steam|p1a: Kuma
|-supereffective|p1a: Kuma
|-damage|p1a: Kuma|0 fnt
|faint|p1a: Kuma
|
|-weather|SunnyDay|[upkeep]
|upkeep
|
|t:|1778515654
|switch|p1a: Sodom|Exeggutor-Alola, M, shiny|100/100
|-damage|p1a: Sodom|88/100|[from] Stealth Rock
|turn|8
|
|t:|1778515658
|-end|p2a: Walking Wake|Protosynthesis|[silent]
|switch|p2a: Sandy Shocks|Sandy Shocks|100/100
|-activate|p2a: Sandy Shocks|ability: Protosynthesis
|-start|p2a: Sandy Shocks|protosynthesisspa
|-terastallize|p1a: Sodom|Poison
|move|p1a: Sodom|Trick Room|p1a: Sodom
|-fieldstart|move: Trick Room|[of] p1a: Sodom
|
|-weather|none
|-end|p2a: Sandy Shocks|Protosynthesis
|-heal|p1a: Sodom|94/100|[from] Grassy Terrain
|upkeep
|turn|9
|
|t:|1778515669
|move|p1a: Sodom|Energy Ball|p2a: Sandy Shocks
|-supereffective|p2a: Sandy Shocks
|-damage|p2a: Sandy Shocks|0 fnt
|faint|p2a: Sandy Shocks
|-end|p2a: Sandy Shocks|Protosynthesis|[silent]
|
|-heal|p1a: Sodom|99/100|[from] Grassy Terrain
|upkeep
|
|t:|1778515679
|switch|p2a: Skeledirge|Skeledirge, M|100/100
|turn|10
|
|t:|1778515686
|switch|p1a: Stronger|Glastrier|100/100
|-damage|p1a: Stronger|76/100|[from] Stealth Rock
|move|p2a: Skeledirge|Torch Song|p1a: Stronger
|-supereffective|p1a: Stronger
|-damage|p1a: Stronger|47/100
|-boost|p2a: Skeledirge|spa|1
|
|-heal|p1a: Stronger|53/100|[from] Grassy Terrain
|upkeep
|turn|11
|
|t:|1778515694
|move|p1a: Stronger|Stomping Tantrum|p2a: Skeledirge
|-supereffective|p2a: Skeledirge
|-damage|p2a: Skeledirge|46/100
|move|p2a: Skeledirge|Torch Song|p1a: Stronger
|-supereffective|p1a: Stronger
|-damage|p1a: Stronger|11/100
|-boost|p2a: Skeledirge|spa|1
|
|-heal|p1a: Stronger|17/100|[from] Grassy Terrain
|-heal|p2a: Skeledirge|52/100|[from] Grassy Terrain
|upkeep
|turn|12
|
|t:|1778515701
|-terastallize|p2a: Skeledirge|Fairy
|move|p1a: Stronger|Crunch|p2a: Skeledirge
|-resisted|p2a: Skeledirge
|-damage|p2a: Skeledirge|37/100
|move|p2a: Skeledirge|Torch Song|p1a: Stronger
|-supereffective|p1a: Stronger
|-damage|p1a: Stronger|0 fnt
|-boost|p2a: Skeledirge|spa|1
|faint|p1a: Stronger
|
|-heal|p2a: Skeledirge|43/100|[from] Grassy Terrain
|-fieldend|move: Trick Room
|-fieldend|move: Grassy Terrain
|upkeep
|
|t:|1778515708
|switch|p1a: Joz|Diancie|100/100
|-damage|p1a: Joz|88/100|[from] Stealth Rock
|turn|13
|
|t:|1778515713
|move|p2a: Skeledirge|Slack Off|p2a: Skeledirge
|-heal|p2a: Skeledirge|93/100
|move|p1a: Joz|Trick Room|p1a: Joz
|-fieldstart|move: Trick Room|[of] p1a: Joz
|
|upkeep
|turn|14
|
|t:|1778515720
|move|p1a: Joz|Moonblast|p2a: Skeledirge
|-damage|p2a: Skeledirge|63/100
|move|p2a: Skeledirge|Torch Song|p1a: Joz
|-resisted|p1a: Joz
|-crit|p1a: Joz
|-damage|p1a: Joz|43/100
|-boost|p2a: Skeledirge|spa|1
|
|upkeep
|turn|15
|
|t:|1778515727
|move|p1a: Joz|Moonblast|p2a: Skeledirge
|-damage|p2a: Skeledirge|33/100
|move|p2a: Skeledirge|Hex|p1a: Joz
|-damage|p1a: Joz|0 fnt
|faint|p1a: Joz
|
|upkeep
|
|t:|1778515735
|switch|p1a: Sodom|Exeggutor-Alola, M, shiny, tera:Poison|99/100
|-damage|p1a: Sodom|88/100|[from] Stealth Rock
|turn|16
|
|t:|1778515739
|move|p1a: Sodom|Sludge Bomb|p2a: Skeledirge
|-supereffective|p2a: Skeledirge
|-damage|p2a: Skeledirge|0 fnt
|faint|p2a: Skeledirge
|
|upkeep
|
|t:|1778515745
|switch|p2a: Torkoal|Torkoal, M|56/100
|-weather|SunnyDay|[from] ability: Drought|[of] p2a: Torkoal
|turn|17
|
|t:|1778515752
|switch|p2a: Walking Wake|Walking Wake|100/100
|-activate|p2a: Walking Wake|ability: Protosynthesis
|-start|p2a: Walking Wake|protosynthesisspe
|move|p1a: Sodom|Sludge Bomb|p2a: Walking Wake
|-damage|p2a: Walking Wake|39/100
|
|-weather|SunnyDay|[upkeep]
|-fieldend|move: Trick Room
|upkeep
|turn|18
|
|t:|1778515758
|move|p2a: Walking Wake|Hydro Steam|p1a: Sodom
|-damage|p1a: Sodom|0 fnt
|faint|p1a: Sodom
|
|-weather|SunnyDay|[upkeep]
|upkeep
|
|t:|1778515761
|switch|p1a: Vegapunk 03|Deoxys-Defense, shiny|100/100
|-damage|p1a: Vegapunk 03|88/100|[from] Stealth Rock
|-ability|p1a: Vegapunk 03|Pressure
|turn|19
|
|t:|1778515765
|move|p2a: Walking Wake|Hydro Steam|p1a: Vegapunk 03
|-damage|p1a: Vegapunk 03|37/100
|move|p1a: Vegapunk 03|Psycho Boost|p2a: Walking Wake
|-damage|p2a: Walking Wake|0 fnt
|-unboost|p1a: Vegapunk 03|spa|2
|faint|p2a: Walking Wake
|-end|p2a: Walking Wake|Protosynthesis|[silent]
|
|-weather|SunnyDay|[upkeep]
|upkeep
|
|t:|1778515769
|switch|p2a: Ogerpon|Ogerpon-Wellspring, F|100/100
|turn|20
|
|t:|1778515777
|move|p2a: Ogerpon|Swords Dance|p2a: Ogerpon
|-boost|p2a: Ogerpon|atk|2
|move|p1a: Vegapunk 03|Recover|p1a: Vegapunk 03
|-heal|p1a: Vegapunk 03|87/100
|
|-weather|SunnyDay|[upkeep]
|upkeep
|turn|21
|
|t:|1778515785
|move|p2a: Ogerpon|Horn Leech|p1a: Vegapunk 03
|-damage|p1a: Vegapunk 03|22/100
|move|p1a: Vegapunk 03|Trick Room|p1a: Vegapunk 03
|-fieldstart|move: Trick Room|[of] p1a: Vegapunk 03
|
|-weather|none
|upkeep
|turn|22
|
|t:|1778515792
|move|p1a: Vegapunk 03|Recover|p1a: Vegapunk 03
|-heal|p1a: Vegapunk 03|72/100
|move|p2a: Ogerpon|Horn Leech|p1a: Vegapunk 03
|-damage|p1a: Vegapunk 03|10/100
|
|upkeep
|turn|23
|
|t:|1778515799
|move|p1a: Vegapunk 03|Recover|p1a: Vegapunk 03
|-heal|p1a: Vegapunk 03|60/100
|move|p2a: Ogerpon|Horn Leech|p1a: Vegapunk 03
|-damage|p1a: Vegapunk 03|0 fnt
|faint|p1a: Vegapunk 03
|
|win|I'mAScarecrow181
|raw|Mouu&apos;D's rating: 1212 &rarr; <strong>1184</strong><br />(-28 for losing)
|raw|I&apos;mAScarecrow181's rating: 1169 &rarr; <strong>1197</strong><br />(+28 for winning)
|l|☆Mouu'D
|player|p1|
|j|☆Mouu'D
|player|p1|Mouu'D|youngster-gen4dp|
|l|☆Mouu'D
|player|p1|
|l|‽I'mAScarecrow181
|player|p2|
