|html|<div class="broadcast-blue"><strong>[Gen 9] OU is currently suspecting Volcarona! For information on how to participate check out the <a href="https://www.smogon.com/tools/suspects/view/208">suspect thread</a>.</strong></div>
|j|☆cuerodeolancho
|j|☆gibelobe
|t:|1778515691
|gametype|singles
|player|p1|cuerodeolancho|iris-gen5bw2|1661
|player|p2|gibelobe|169|1662
|gen|9
|tier|[Gen 9] OU
|rated|
|rule|HP Percentage Mod: HP is shown in percentages
|rule|Endless Battle Clause: Forcing endless battles is banned
|rule|Species Clause: Limit one of each Pokémon
|rule|OHKO Clause: OHKO moves are banned
|rule|Evasion Items Clause: Evasion items are banned
|rule|Evasion Moves Clause: Evasion moves are banned
|rule|Evasion Abilities Clause: Evasion abilities are banned
|rule|Sleep Moves Clause: Sleep-inducing moves are banned
|clearpoke
|poke|p1|Volcarona, F|
|poke|p1|Ting-Lu|
|poke|p1|Kingambit, M|
|poke|p1|Gholdengo|
|poke|p1|Dragonite, F|
|poke|p1|Ogerpon-Wellspring, F|
|poke|p2|Volcarona, M|
|poke|p2|Gardevoir, F|
|poke|p2|Great Tusk|
|poke|p2|Dragonite, M|
|poke|p2|Zamazenta-*|
|poke|p2|Pecharunt|
|teampreview
|inactive|Battle timer is ON: inactive players will automatically lose when time's up. (requested by cuerodeolancho)
|
|t:|1778515704
|teamsize|p1|6
|teamsize|p2|6
|start
|switch|p1a: Ting-Lu|Ting-Lu|100/100
|switch|p2a: Gardevoir|Gardevoir, F|100/100
|-ability|p2a: Gardevoir|Vessel of Ruin|Trace|[from] ability: Trace|[of] p1a: Ting-Lu
|-ability|p2a: Gardevoir|Vessel of Ruin
|-ability|p1a: Ting-Lu|Vessel of Ruin
|turn|1
|
|t:|1778515719
|move|p2a: Gardevoir|Moonblast|p1a: Ting-Lu
|-supereffective|p1a: Ting-Lu
|-damage|p1a: Ting-Lu|43/100
|-unboost|p1a: Ting-Lu|spa|1
|move|p1a: Ting-Lu|Stealth Rock|p2a: Gardevoir
|-sidestart|p2: gibelobe|move: Stealth Rock
|
|upkeep
|turn|2
|
|t:|1778515726
|switch|p1a: Gholdengo|Gholdengo|100/100
|move|p2a: Gardevoir|Moonblast|p1a: Gholdengo
|-resisted|p1a: Gholdengo
|-damage|p1a: Gholdengo|71/100
|-unboost|p1a: Gholdengo|spa|1
|
|upkeep
|turn|3
|
|t:|1778515743
|switch|p2a: Dragonite|Dragonite, M|100/100
|move|p1a: Gholdengo|Shadow Ball|p2a: Dragonite
|-damage|p2a: Dragonite|88/100
|
|upkeep
|turn|4
|
|t:|1778515756
|switch|p1a: Ting-Lu|Ting-Lu|43/100
|-ability|p1a: Ting-Lu|Vessel of Ruin
|move|p2a: Dragonite|Dragon Tail|p1a: Ting-Lu
|-damage|p1a: Ting-Lu|23/100
|-damage|p2a: Dragonite|71/100|[from] item: Rocky Helmet|[of] p1a: Ting-Lu
|drag|p1a: Kingambit|Kingambit, M|100/100
|
|upkeep
|turn|5
|
|t:|1778515767
|move|p2a: Dragonite|Earthquake|p1a: Kingambit
|-supereffective|p1a: Kingambit
|-damage|p1a: Kingambit|28/100
|move|p1a: Kingambit|Kowtow Cleave|p2a: Dragonite
|-damage|p2a: Dragonite|19/100
|
|upkeep
|turn|6
|
|t:|1778515774
|move|p2a: Dragonite|Roost|p2a: Dragonite
|-heal|p2a: Dragonite|69/100
|-singleturn|p2a: Dragonite|move: Roost
|move|p1a: Kingambit|Kowtow Cleave|p2a: Dragonite
|-damage|p2a: Dragonite|9/100
|
|upkeep
|turn|7
|
|t:|1778515781
|move|p2a: Dragonite|Roost|p2a: Dragonite
|-heal|p2a: Dragonite|59/100
|-singleturn|p2a: Dragonite|move: Roost
|move|p1a: Kingambit|Kowtow Cleave|p2a: Dragonite
|-damage|p2a: Dragonite|8/100
|
|upkeep
|turn|8
|
|t:|1778515789
|move|p2a: Dragonite|Earthquake|p1a: Kingambit
|-supereffective|p1a: Kingambit
|-damage|p1a: Kingambit|0 fnt
|faint|p1a: Kingambit
|-end|p1a: Kingambit|fallenundefined|[silent]
|
|upkeep
|
|t:|1778515795
|switch|p1a: Gholdengo|Gholdengo|71/100
|turn|9
|
|t:|1778515825
|move|p1a: Gholdengo|Shadow Ball|p2a: Dragonite
|-damage|p2a: Dragonite|0 fnt
|faint|p2a: Dragonite
|
|upkeep
|inactive|gibelobe has 120 seconds left.
|inactive|gibelobe has 90 seconds left.
|
|t:|1778515888
|switch|p2a: Volcarona|Volcarona, M|100/100
|turn|10
|
|t:|1778515894
|switch|p1a: Ting-Lu|Ting-Lu|23/100
|-ability|p1a: Ting-Lu|Vessel of Ruin
|move|p2a: Volcarona|Quiver Dance|p2a: Volcarona
|-boost|p2a: Volcarona|spa|1
|-boost|p2a: Volcarona|spd|1
|-boost|p2a: Volcarona|spe|1
|
|upkeep
|turn|11
|
|t:|1778515902
|move|p2a: Volcarona|Bug Buzz|p1a: Ting-Lu
|-supereffective|p1a: Ting-Lu
|-damage|p1a: Ting-Lu|0 fnt
|faint|p1a: Ting-Lu
|
|upkeep
|
|t:|1778515905
|switch|p1a: Ogerpon|Ogerpon-Wellspring, F|100/100
|turn|12
|inactive|gibelobe has 90 seconds left.
|
|t:|1778515923
|-terastallize|p1a: Ogerpon|Water
|detailschange|p1a: Ogerpon|Ogerpon-Wellspring-Tera, F, tera:Water
|-ability|p1a: Ogerpon|Embody Aspect (Wellspring)|boost
|-boost|p1a: Ogerpon|spd|1
|move|p2a: Volcarona|Substitute|p2a: Volcarona
|-start|p2a: Volcarona|Substitute
|-damage|p2a: Volcarona|76/100
|move|p1a: Ogerpon|Ivy Cudgel|p2a: Volcarona|[anim] Ivy Cudgel Water
|-supereffective|p2a: Volcarona
|-end|p2a: Volcarona|Substitute
|
|upkeep
|turn|13
|
|t:|1778515933
|move|p2a: Volcarona|Substitute|p2a: Volcarona
|-start|p2a: Volcarona|Substitute
|-damage|p2a: Volcarona|51/100
|move|p1a: Ogerpon|Ivy Cudgel|p2a: Volcarona|[anim] Ivy Cudgel Water
|-supereffective|p2a: Volcarona
|-end|p2a: Volcarona|Substitute
|
|upkeep
|turn|14
|
|t:|1778515941
|move|p2a: Volcarona|Substitute|p2a: Volcarona
|-start|p2a: Volcarona|Substitute
|-damage|p2a: Volcarona|26/100
|move|p1a: Ogerpon|Ivy Cudgel|p2a: Volcarona|[anim] Ivy Cudgel Water
|-supereffective|p2a: Volcarona
|-crit|p2a: Volcarona
|-end|p2a: Volcarona|Substitute
|
|upkeep
|turn|15
|inactive|gibelobe has 90 seconds left.
|c|☆cuerodeolancho|?
|
|t:|1778515949
|move|p2a: Volcarona|Bug Buzz|p1a: Ogerpon
|-damage|p1a: Ogerpon|3/100
|move|p1a: Ogerpon|Ivy Cudgel|p2a: Volcarona|[anim] Ivy Cudgel Water
|-supereffective|p2a: Volcarona
|-damage|p2a: Volcarona|0 fnt
|faint|p2a: Volcarona
|
|upkeep
|inactive|gibelobe has 90 seconds left.
|
|t:|1778515957
|switch|p2a: Gardevoir|Gardevoir, F|100/100
|-damage|p2a: Gardevoir|88/100|[from] Stealth Rock
|turn|16
|
|t:|1778515982
|move|p2a: Gardevoir|Psychic|p1a: Ogerpon
|-damage|p1a: Ogerpon|0 fnt
|faint|p1a: Ogerpon
|detailschange|p1: Ogerpon|Ogerpon-Wellspring, F|[silent]
|
|upkeep
|
|t:|1778515986
|switch|p1a: Volcarona|Volcarona, F, shiny|100/100
|-ability|p2a: Gardevoir|Flame Body|Trace|[from] ability: Trace|[of] p1a: Volcarona
|turn|17
|
|t:|1778515995
|switch|p2a: Zamazenta|Zamazenta|100/100
|-damage|p2a: Zamazenta|94/100|[from] Stealth Rock
|-ability|p2a: Zamazenta|Dauntless Shield|boost
|-boost|p2a: Zamazenta|def|1
|move|p1a: Volcarona|Quiver Dance|p1a: Volcarona
|-boost|p1a: Volcarona|spa|1
|-boost|p1a: Volcarona|spd|1
|-boost|p1a: Volcarona|spe|1
|
|-heal|p2a: Zamazenta|100/100|[from] item: Leftovers
|upkeep
|turn|18
|
|t:|1778516007
|switch|p1a: Gholdengo|Gholdengo|71/100
|-terastallize|p2a: Zamazenta|Fire
|move|p2a: Zamazenta|Roar|p1a: Gholdengo
|-immune|p1a: Gholdengo|[from] ability: Good as Gold
|
|upkeep
|turn|19
|
|t:|1778516017
|switch|p2a: Gardevoir|Gardevoir, F|88/100
|-damage|p2a: Gardevoir|76/100|[from] Stealth Rock
|-ability|p2a: Gardevoir|Good as Gold|Trace|[from] ability: Trace|[of] p1a: Gholdengo
|move|p1a: Gholdengo|Shadow Ball|p2a: Gardevoir
|-supereffective|p2a: Gardevoir
|-damage|p2a: Gardevoir|0 fnt
|faint|p2a: Gardevoir
|
|upkeep
|
|t:|1778516020
|switch|p2a: Great Tusk|Great Tusk|100/100
|turn|20
|
|t:|1778516022
|move|p1a: Gholdengo|Shadow Ball|p2a: Great Tusk
|-damage|p2a: Great Tusk|33/100
|move|p2a: Great Tusk|Headlong Rush|p1a: Gholdengo
|-supereffective|p1a: Gholdengo
|-damage|p1a: Gholdengo|0 fnt
|-unboost|p2a: Great Tusk|def|1
|-unboost|p2a: Great Tusk|spd|1
|faint|p1a: Gholdengo
|
|upkeep
|
|t:|1778516026
|switch|p1a: Dragonite|Dragonite, F|100/100
|turn|21
|
|t:|1778516039
|move|p2a: Great Tusk|Rapid Spin|p1a: Dragonite
|-damage|p1a: Dragonite|92/100
|-boost|p2a: Great Tusk|spe|1
|-sideend|p2: gibelobe|Stealth Rock|[from] move: Rapid Spin|[of] p2a: Great Tusk
|move|p1a: Dragonite|Earthquake|p2a: Great Tusk
|-damage|p2a: Great Tusk|0 fnt
|faint|p2a: Great Tusk
|-end|p2a: Great Tusk|Protosynthesis|[silent]
|
|upkeep
|
|t:|1778516052
|switch|p2a: Pecharunt|Pecharunt|100/100
|turn|22
|
|t:|1778516057
|move|p1a: Dragonite|Earthquake|p2a: Pecharunt
|-supereffective|p2a: Pecharunt
|-damage|p2a: Pecharunt|67/100
|move|p2a: Pecharunt|Malignant Chain|p1a: Dragonite
|-crit|p1a: Dragonite
|-damage|p1a: Dragonite|46/100
|
|upkeep
|turn|23
|
|t:|1778516064
|move|p1a: Dragonite|Earthquake|p2a: Pecharunt
|-supereffective|p2a: Pecharunt
|-damage|p2a: Pecharunt|32/100
|move|p2a: Pecharunt|Malignant Chain|p1a: Dragonite
|-damage|p1a: Dragonite|17/100
|
|upkeep
|turn|24
|
|t:|1778516068
|move|p1a: Dragonite|Earthquake|p2a: Pecharunt
|-supereffective|p2a: Pecharunt
|-damage|p2a: Pecharunt|0 fnt
|faint|p2a: Pecharunt
|
|upkeep
|
|t:|1778516069
|switch|p2a: Zamazenta|Zamazenta, tera:Fire|100/100
|turn|25
|
|t:|1778516072
|move|p1a: Dragonite|Extreme Speed|p2a: Zamazenta
|-damage|p2a: Zamazenta|78/100
|move|p2a: Zamazenta|Iron Defense|p2a: Zamazenta
|-boost|p2a: Zamazenta|def|2
|
|-heal|p2a: Zamazenta|84/100|[from] item: Leftovers
|upkeep
|turn|26
|
|t:|1778516079
|move|p1a: Dragonite|Extreme Speed|p2a: Zamazenta
|-damage|p2a: Zamazenta|72/100
|move|p2a: Zamazenta|Iron Defense|p2a: Zamazenta
|-boost|p2a: Zamazenta|def|2
|
|-heal|p2a: Zamazenta|78/100|[from] item: Leftovers
|upkeep
|turn|27
|
|t:|1778516082
|move|p2a: Zamazenta|Iron Defense|p2a: Zamazenta
|-boost|p2a: Zamazenta|def|2
|move|p1a: Dragonite|Earthquake|p2a: Zamazenta
|-supereffective|p2a: Zamazenta
|-damage|p2a: Zamazenta|63/100
|
|-heal|p2a: Zamazenta|70/100|[from] item: Leftovers
|upkeep
|turn|28
|
|t:|1778516090
|move|p2a: Zamazenta|Body Press|p1a: Dragonite
|-resisted|p1a: Dragonite
|-damage|p1a: Dragonite|0 fnt
|faint|p1a: Dragonite
|
|-heal|p2a: Zamazenta|76/100|[from] item: Leftovers
|upkeep
|
|t:|1778516094
|switch|p1a: Volcarona|Volcarona, F, shiny|100/100
|turn|29
|
|t:|1778516100
|move|p2a: Zamazenta|Body Press|p1a: Volcarona
|-resisted|p1a: Volcarona
|-damage|p1a: Volcarona|15/100
|move|p1a: Volcarona|Psychic|p2a: Zamazenta
|-damage|p2a: Zamazenta|52/100
|
|-heal|p2a: Zamazenta|58/100|[from] item: Leftovers
|upkeep
|turn|30
|
|t:|1778516108
|move|p2a: Zamazenta|Body Press|p1a: Volcarona
|-resisted|p1a: Volcarona
|-damage|p1a: Volcarona|0 fnt
|faint|p1a: Volcarona
|
|win|gibelobe
|raw|cuerodeolancho's rating: 1661 &rarr; <strong>1641</strong><br />(-20 for losing)
|raw|gibelobe's rating: 1662 &rarr; <strong>1682</strong><br />(+20 for winning)
|l|☆gibelobe
|player|p2|
