|html|<div class="broadcast-blue"><strong>[Gen 9] OU is currently suspecting Tera Blast! For information on how to participate check out the <a href="https://www.smogon.com/tools/suspects/view/200">suspect thread</a>.</strong></div>
|j|☆justthewaves!
|j|☆Payomatic
|t:|1776042066
|gametype|singles
|player|p1|justthewaves!|265|1323
|player|p2|Payomatic|169|1310
|gen|9
|tier|[Gen 9] OU
|rated|
|rule|HP Percentage Mod: HP is shown in percentages
|rule|Endless Battle Clause: Forcing endless battles is banned
|rule|Species Clause: Limit one of each Pokémon
|rule|OHKO Clause: OHKO moves are banned
|rule|Evasion Items Clause: Evasion items are banned
|rule|Evasion Moves Clause: Evasion moves are banned
|rule|Evasion Abilities Clause: Evasion abilities are banned
|rule|Sleep Moves Clause: Sleep-inducing moves are banned
|clearpoke
|poke|p1|Kyurem|
|poke|p1|Great Tusk|
|poke|p1|Corviknight, M|
|poke|p1|Weavile, M|
|poke|p1|Pecharunt|
|poke|p1|Primarina, M|
|poke|p2|Alomomola, F|
|poke|p2|Cryogonal|
|poke|p2|Persian, F|
|poke|p2|Clefable, F|
|poke|p2|Samurott-Hisui, F|
|poke|p2|Iron Valiant|
|teampreview
|inactive|Battle timer is ON: inactive players will automatically lose when time's up. (requested by justthewaves!)
|
|t:|1776042092
|teamsize|p1|6
|teamsize|p2|6
|start
|switch|p1a: Weavile|Weavile, M, shiny|100/100
|switch|p2a: Persian|Persian, F|100/100
|-ability|p1a: Weavile|Pressure
|turn|1
|
|t:|1776042108
|switch|p2a: Alomomola|Alomomola, F|100/100
|move|p1a: Weavile|Low Kick|p2a: Alomomola
|-damage|p2a: Alomomola|86/100
|-damage|p1a: Weavile|84/100|[from] item: Rocky Helmet|[of] p2a: Alomomola
|
|upkeep
|turn|2
|inactive|justthewaves! has 120 seconds left.
|
|t:|1776042150
|switch|p1a: Corviknight|Corviknight, M, shiny|100/100
|-ability|p1a: Corviknight|Pressure
|move|p2a: Alomomola|Scald|p1a: Corviknight
|-damage|p1a: Corviknight|86/100
|
|upkeep
|turn|3
|
|t:|1776042166
|move|p2a: Alomomola|Scald|p1a: Corviknight
|-damage|p1a: Corviknight|74/100
|-status|p1a: Corviknight|brn
|move|p1a: Corviknight|U-turn|p2a: Alomomola
|-damage|p2a: Alomomola|82/100
|-damage|p1a: Corviknight|57/100 brn|[from] item: Rocky Helmet|[of] p2a: Alomomola
|
|t:|1776042168
|switch|p1a: Kyurem|Kyurem, shiny|100/100|[from] U-turn
|-ability|p1a: Kyurem|Pressure
|
|upkeep
|turn|4
|
|t:|1776042171
|move|p1a: Kyurem|Substitute|p1a: Kyurem
|-start|p1a: Kyurem|Substitute
|-damage|p1a: Kyurem|76/100
|move|p2a: Alomomola|Scald|p1a: Kyurem
|-resisted|p1a: Kyurem
|-activate|p1a: Kyurem|move: Substitute|[damage]
|
|-heal|p1a: Kyurem|82/100|[from] item: Leftovers
|upkeep
|turn|5
|
|t:|1776042174
|move|p1a: Kyurem|Freeze-Dry|p2a: Alomomola
|-supereffective|p2a: Alomomola
|-crit|p2a: Alomomola
|-damage|p2a: Alomomola|0 fnt
|faint|p2a: Alomomola
|
|-heal|p1a: Kyurem|88/100|[from] item: Leftovers
|upkeep
|
|t:|1776042178
|switch|p2a: Samurott|Samurott-Hisui, F|100/100
|turn|6
|
|t:|1776042185
|switch|p2a: Cryogonal|Cryogonal|100/100
|move|p1a: Kyurem|Freeze-Dry|p2a: Cryogonal
|-resisted|p2a: Cryogonal
|-damage|p2a: Cryogonal|85/100
|
|-heal|p1a: Kyurem|94/100|[from] item: Leftovers
|upkeep
|turn|7
|
|t:|1776042190
|move|p2a: Cryogonal|Flash Cannon|p1a: Kyurem
|-supereffective|p1a: Kyurem
|-end|p1a: Kyurem|Substitute
|move|p1a: Kyurem|Flash Cannon|p2a: Cryogonal
|-supereffective|p2a: Cryogonal
|-damage|p2a: Cryogonal|39/100
|
|-heal|p1a: Kyurem|99/100|[from] item: Leftovers
|upkeep
|turn|8
|
|t:|1776042198
|move|p2a: Cryogonal|Flash Cannon|p1a: Kyurem
|-supereffective|p1a: Kyurem
|-damage|p1a: Kyurem|43/100
|move|p1a: Kyurem|Flash Cannon|p2a: Cryogonal
|-supereffective|p2a: Cryogonal
|-damage|p2a: Cryogonal|0 fnt
|faint|p2a: Cryogonal
|
|-heal|p1a: Kyurem|50/100|[from] item: Leftovers
|upkeep
|
|t:|1776042205
|switch|p2a: Persian|Persian, F|100/100
|turn|9
|
|t:|1776042227
|switch|p1a: Corviknight|Corviknight, M, shiny|57/100 brn
|-ability|p1a: Corviknight|Pressure
|move|p2a: Persian|Fake Out|p1a: Corviknight
|-resisted|p1a: Corviknight
|-damage|p1a: Corviknight|48/100 brn
|-damage|p2a: Persian|84/100|[from] item: Rocky Helmet|[of] p1a: Corviknight
|-damage|p2a: Persian|74/100|[from] item: Life Orb
|
|-damage|p1a: Corviknight|42/100 brn|[from] brn
|upkeep
|turn|10
|
|t:|1776042234
|move|p2a: Persian|Fake Out||[still]
|-hint|Fake Out only works on your first turn out.
|-fail|p2a: Persian
|move|p1a: Corviknight|Roost|p1a: Corviknight
|-heal|p1a: Corviknight|92/100 brn
|-singleturn|p1a: Corviknight|move: Roost
|
|-damage|p1a: Corviknight|86/100 brn|[from] brn
|upkeep
|turn|11
|
|t:|1776042239
|switch|p2a: Samurott|Samurott-Hisui, F|100/100
|move|p1a: Corviknight|Bulk Up|p1a: Corviknight
|-boost|p1a: Corviknight|atk|1
|-boost|p1a: Corviknight|def|1
|
|-damage|p1a: Corviknight|80/100 brn|[from] brn
|upkeep
|turn|12
|
|t:|1776042245
|move|p2a: Samurott|Ceaseless Edge|p1a: Corviknight
|-damage|p1a: Corviknight|62/100 brn
|-damage|p2a: Samurott|84/100|[from] item: Rocky Helmet|[of] p1a: Corviknight
|-sidestart|p1: justthewaves!|Spikes
|move|p1a: Corviknight|U-turn|p2a: Samurott
|-supereffective|p2a: Samurott
|-damage|p2a: Samurott|58/100
|
|t:|1776042258
|switch|p1a: Weavile|Weavile, M, shiny|84/100|[from] U-turn
|-damage|p1a: Weavile|72/100|[from] Spikes
|-ability|p1a: Weavile|Pressure
|
|upkeep
|turn|13
|
|t:|1776042263
|move|p1a: Weavile|Low Kick|p2a: Samurott
|-supereffective|p2a: Samurott
|-damage|p2a: Samurott|0 fnt
|faint|p2a: Samurott
|
|upkeep
|
|t:|1776042265
|switch|p2a: Persian|Persian, F|74/100
|turn|14
|
|t:|1776042268
|move|p2a: Persian|Fake Out|p1a: Weavile
|-damage|p1a: Weavile|24/100
|-damage|p2a: Persian|64/100|[from] item: Life Orb
|cant|p1a: Weavile|flinch
|
|upkeep
|turn|15
|
|t:|1776042271
|move|p2a: Persian|Feint|p1a: Weavile
|-damage|p1a: Weavile|0 fnt
|faint|p1a: Weavile
|-damage|p2a: Persian|54/100|[from] item: Life Orb
|
|upkeep
|c|☆justthewaves!|!data Feint
|c|☆justthewaves!|/raw <ul class="utilichart"><li class="result"><span class="col movenamecol"><a href="https://dex.pokemonshowdown.com/moves/feint">Feint</a></span> <span class="col typecol"><img src="//play.pokemonshowdown.com/sprites/types/Normal.png" alt="Normal" width="32" height="14"><img src="//play.pokemonshowdown.com/sprites/categories/Physical.png" alt="Physical" width="32" height="14"></span> <span class="col labelcol"><em>Power</em><br>30</span> <span class="col widelabelcol"><em>Accuracy</em><br>100%</span> <span class="col pplabelcol"><em>PP</em><br>16</span> <span class="col movedesccol">Nullifies Detect, Protect, and Quick/Wide Guard.</span> </li><li style="clear:both"></li></ul>

|inactive|justthewaves! has 120 seconds left.
|
|t:|1776042317
|switch|p1a: Great Tusk|Great Tusk, shiny|100/100
|turn|16
|
|t:|1776042323
|move|p2a: Persian|Double-Edge|p1a: Great Tusk
|-damage|p1a: Great Tusk|59/100
|-damage|p2a: Persian|36/100|[from] Recoil
|-damage|p2a: Persian|26/100|[from] item: Life Orb
|move|p1a: Great Tusk|Rapid Spin|p2a: Persian
|-damage|p2a: Persian|0 fnt
|-boost|p1a: Great Tusk|spe|1
|-sideend|p1: justthewaves!|Spikes|[from] move: Rapid Spin|[of] p1a: Great Tusk
|faint|p2a: Persian
|
|upkeep
|
|t:|1776042336
|switch|p2a: Iron Valiant|Iron Valiant|100/100
|-enditem|p2a: Iron Valiant|Booster Energy
|-activate|p2a: Iron Valiant|ability: Quark Drive|[fromitem]
|-start|p2a: Iron Valiant|quarkdrivespe
|turn|17
|
|t:|1776042359
|move|p2a: Iron Valiant|Spirit Break|p1a: Great Tusk
|-supereffective|p1a: Great Tusk
|-damage|p1a: Great Tusk|0 fnt
|faint|p1a: Great Tusk
|-end|p1a: Great Tusk|Protosynthesis|[silent]
|
|upkeep
|
|t:|1776042364
|switch|p1a: Corviknight|Corviknight, M, shiny|62/100 brn
|-ability|p1a: Corviknight|Pressure
|turn|18
|
|t:|1776042367
|move|p2a: Iron Valiant|Substitute|p2a: Iron Valiant
|-start|p2a: Iron Valiant|Substitute
|-damage|p2a: Iron Valiant|76/100
|move|p1a: Corviknight|Roost|p1a: Corviknight
|-heal|p1a: Corviknight|100/100 brn
|-singleturn|p1a: Corviknight|move: Roost
|
|-damage|p1a: Corviknight|94/100 brn|[from] brn
|upkeep
|turn|19
|
|t:|1776042379
|move|p2a: Iron Valiant|Close Combat|p1a: Corviknight
|-damage|p1a: Corviknight|59/100 brn
|-unboost|p2a: Iron Valiant|def|1
|-unboost|p2a: Iron Valiant|spd|1
|-damage|p2a: Iron Valiant|59/100|[from] item: Rocky Helmet|[of] p1a: Corviknight
|move|p1a: Corviknight|Bulk Up|p1a: Corviknight
|-boost|p1a: Corviknight|atk|1
|-boost|p1a: Corviknight|def|1
|
|-damage|p1a: Corviknight|53/100 brn|[from] brn
|upkeep
|turn|20
|
|t:|1776042390
|move|p2a: Iron Valiant|Close Combat|p1a: Corviknight
|-damage|p1a: Corviknight|29/100 brn
|-unboost|p2a: Iron Valiant|def|1
|-unboost|p2a: Iron Valiant|spd|1
|-damage|p2a: Iron Valiant|42/100|[from] item: Rocky Helmet|[of] p1a: Corviknight
|move|p1a: Corviknight|Roost|p1a: Corviknight
|-heal|p1a: Corviknight|79/100 brn
|-singleturn|p1a: Corviknight|move: Roost
|
|-damage|p1a: Corviknight|73/100 brn|[from] brn
|upkeep
|turn|21
|
|t:|1776042406
|move|p2a: Iron Valiant|Spirit Break|p1a: Corviknight
|-resisted|p1a: Corviknight
|-damage|p1a: Corviknight|65/100 brn
|-unboost|p1a: Corviknight|spa|1
|-damage|p2a: Iron Valiant|26/100|[from] item: Rocky Helmet|[of] p1a: Corviknight
|move|p1a: Corviknight|Roost|p1a: Corviknight
|-heal|p1a: Corviknight|100/100 brn
|-singleturn|p1a: Corviknight|move: Roost
|
|-damage|p1a: Corviknight|94/100 brn|[from] brn
|upkeep
|turn|22
|
|t:|1776042414
|-end|p2a: Iron Valiant|Quark Drive|[silent]
|switch|p2a: Clefable|Clefable, F|100/100
|move|p1a: Corviknight|Bulk Up|p1a: Corviknight
|-boost|p1a: Corviknight|atk|1
|-boost|p1a: Corviknight|def|1
|
|-damage|p1a: Corviknight|88/100 brn|[from] brn
|upkeep
|turn|23
|
|t:|1776042424
|-terastallize|p2a: Clefable|Steel
|move|p2a: Clefable|Fire Blast|p1a: Corviknight
|-supereffective|p1a: Corviknight
|-damage|p1a: Corviknight|39/100 brn
|move|p1a: Corviknight|Bulk Up|p1a: Corviknight
|-boost|p1a: Corviknight|atk|1
|-boost|p1a: Corviknight|def|1
|
|-damage|p1a: Corviknight|33/100 brn|[from] brn
|upkeep
|turn|24
|
|t:|1776042432
|-terastallize|p1a: Corviknight|Water
|move|p2a: Clefable|Fire Blast|p1a: Corviknight
|-resisted|p1a: Corviknight
|-damage|p1a: Corviknight|22/100 brn
|move|p1a: Corviknight|Roost|p1a: Corviknight
|-heal|p1a: Corviknight|72/100 brn
|
|-damage|p1a: Corviknight|66/100 brn|[from] brn
|upkeep
|turn|25
|
|t:|1776042439
|move|p2a: Clefable|Moonblast|p1a: Corviknight
|-damage|p1a: Corviknight|36/100 brn
|move|p1a: Corviknight|Roost|p1a: Corviknight
|-heal|p1a: Corviknight|86/100 brn
|
|-damage|p1a: Corviknight|80/100 brn|[from] brn
|upkeep
|turn|26
|
|t:|1776042457
|switch|p1a: Kyurem|Kyurem, shiny|50/100
|-ability|p1a: Kyurem|Pressure
|move|p2a: Clefable|Moonblast|p1a: Kyurem
|-supereffective|p1a: Kyurem
|-damage|p1a: Kyurem|0 fnt
|faint|p1a: Kyurem
|
|upkeep
|
|t:|1776042465
|switch|p1a: Primarina|Primarina, M, shiny|100/100
|turn|27
|
|t:|1776042468
|move|p1a: Primarina|Whirlpool|p2a: Clefable
|-damage|p2a: Clefable|88/100
|-activate|p2a: Clefable|move: Whirlpool|[of] p1a: Primarina
|move|p2a: Clefable|Moonblast|p1a: Primarina
|-damage|p1a: Primarina|82/100
|
|-heal|p2a: Clefable|94/100|[from] item: Leftovers
|-damage|p2a: Clefable|82/100|[from] move: Whirlpool|[partiallytrapped]
|upkeep
|turn|28
|
|t:|1776042476
|move|p1a: Primarina|Psychic Noise|p2a: Clefable
|-damage|p2a: Clefable|54/100
|-start|p2a: Clefable|move: Heal Block
|move|p2a: Clefable|Thunder Wave|p1a: Primarina
|-status|p1a: Primarina|par
|
|-damage|p2a: Clefable|42/100|[from] move: Whirlpool|[partiallytrapped]
|upkeep
|turn|29
|
|t:|1776042485
|move|p2a: Clefable|Moonblast|p1a: Primarina
|-damage|p1a: Primarina|66/100 par
|move|p1a: Primarina|Psychic Noise|p2a: Clefable
|-damage|p2a: Clefable|14/100
|
|-damage|p2a: Clefable|2/100|[from] move: Whirlpool|[partiallytrapped]
|-end|p2a: Clefable|move: Heal Block
|upkeep
|turn|30
|
|t:|1776042493
|move|p2a: Clefable|Moonlight|p2a: Clefable
|-heal|p2a: Clefable|52/100
|cant|p1a: Primarina|par
|
|-heal|p2a: Clefable|58/100|[from] item: Leftovers
|-damage|p2a: Clefable|45/100|[from] move: Whirlpool|[partiallytrapped]
|upkeep
|turn|31
|
|t:|1776042497
|switch|p1a: Pecharunt|Pecharunt|100/100
|move|p2a: Clefable|Moonlight|p2a: Clefable
|-heal|p2a: Clefable|95/100
|
|-heal|p2a: Clefable|100/100|[from] item: Leftovers
|-end|p2a: Clefable|Whirlpool|[partiallytrapped]
|upkeep
|turn|32
|
|t:|1776042501
|move|p1a: Pecharunt|Shadow Ball|p2a: Clefable
|-crit|p2a: Clefable
|-damage|p2a: Clefable|76/100
|move|p2a: Clefable|Thunder Wave|p1a: Pecharunt
|-status|p1a: Pecharunt|par
|
|-heal|p2a: Clefable|82/100|[from] item: Leftovers
|upkeep
|turn|33
|
|t:|1776042509
|move|p2a: Clefable|Fire Blast|p1a: Pecharunt
|-damage|p1a: Pecharunt|82/100 par
|cant|p1a: Pecharunt|par
|
|-heal|p2a: Clefable|88/100|[from] item: Leftovers
|upkeep
|turn|34
|
|t:|1776042514
|move|p2a: Clefable|Fire Blast|p1a: Pecharunt
|-damage|p1a: Pecharunt|63/100 par
|move|p1a: Pecharunt|Parting Shot|p2a: Clefable
|-unboost|p2a: Clefable|atk|1
|-unboost|p2a: Clefable|spa|1
|
|t:|1776042516
|switch|p1a: Primarina|Primarina, M, shiny|66/100 par|[from] Parting Shot
|
|-heal|p2a: Clefable|94/100|[from] item: Leftovers
|upkeep
|turn|35
|
|t:|1776042520
|move|p2a: Clefable|Moonblast|p1a: Primarina
|-damage|p1a: Primarina|54/100 par
|-unboost|p1a: Primarina|spa|1
|cant|p1a: Primarina|par
|
|-heal|p2a: Clefable|100/100|[from] item: Leftovers
|upkeep
|turn|36
|
|t:|1776042539
|move|p2a: Clefable|Moonblast|p1a: Primarina
|-damage|p1a: Primarina|43/100 par
|cant|p1a: Primarina|par
|
|upkeep
|turn|37
|
|t:|1776042545
|switch|p2a: Iron Valiant|Iron Valiant|26/100
|move|p1a: Primarina|Psychic Noise|p2a: Iron Valiant
|-damage|p2a: Iron Valiant|0 fnt
|faint|p2a: Iron Valiant
|-end|p2a: Iron Valiant|Quark Drive|[silent]
|
|upkeep
|
|t:|1776042550
|switch|p2a: Clefable|Clefable, F, tera:Steel|100/100
|turn|38
|
|t:|1776042554
|move|p2a: Clefable|Moonblast|p1a: Primarina
|-damage|p1a: Primarina|27/100 par
|-unboost|p1a: Primarina|spa|1
|cant|p1a: Primarina|par
|
|upkeep
|turn|39
|
|t:|1776042559
|move|p2a: Clefable|Moonblast|p1a: Primarina
|-damage|p1a: Primarina|11/100 par
|move|p1a: Primarina|Whirlpool|p2a: Clefable
|-damage|p2a: Clefable|87/100
|-activate|p2a: Clefable|move: Whirlpool|[of] p1a: Primarina
|
|-heal|p2a: Clefable|93/100|[from] item: Leftovers
|-damage|p2a: Clefable|81/100|[from] move: Whirlpool|[partiallytrapped]
|upkeep
|turn|40
|
|t:|1776042565
|move|p2a: Clefable|Moonblast|p1a: Primarina
|-damage|p1a: Primarina|0 fnt
|faint|p1a: Primarina
|
|-heal|p2a: Clefable|87/100|[from] item: Leftovers
|-end|p2a: Clefable|Whirlpool|[partiallytrapped]|[silent]
|upkeep
|
|t:|1776042567
|switch|p1a: Pecharunt|Pecharunt|63/100 par
|turn|41
|
|t:|1776042572
|move|p2a: Clefable|Moonblast|p1a: Pecharunt
|-resisted|p1a: Pecharunt
|-damage|p1a: Pecharunt|51/100 par
|-unboost|p1a: Pecharunt|spa|1
|move|p1a: Pecharunt|Parting Shot|p2a: Clefable
|-unboost|p2a: Clefable|atk|1
|-unboost|p2a: Clefable|spa|1
|
|t:|1776042574
|switch|p1a: Corviknight|Corviknight, M, shiny, tera:Water|80/100 brn|[from] Parting Shot
|-ability|p1a: Corviknight|Pressure
|
|-heal|p2a: Clefable|93/100|[from] item: Leftovers
|-damage|p1a: Corviknight|74/100 brn|[from] brn
|upkeep
|turn|42
|
|t:|1776042583
|move|p2a: Clefable|Moonblast|p1a: Corviknight
|-damage|p1a: Corviknight|53/100 brn
|move|p1a: Corviknight|U-turn|p2a: Clefable
|-resisted|p2a: Clefable
|-damage|p2a: Clefable|89/100
|
|t:|1776042586
|switch|p1a: Pecharunt|Pecharunt|51/100 par|[from] U-turn
|
|-heal|p2a: Clefable|95/100|[from] item: Leftovers
|upkeep
|turn|43
|
|t:|1776042589
|move|p2a: Clefable|Moonblast|p1a: Pecharunt
|-resisted|p1a: Pecharunt
|-damage|p1a: Pecharunt|43/100 par
|move|p1a: Pecharunt|Recover|p1a: Pecharunt
|-heal|p1a: Pecharunt|93/100 par
|
|-heal|p2a: Clefable|100/100|[from] item: Leftovers
|upkeep
|turn|44
|
|t:|1776042598
|move|p2a: Clefable|Moonblast|p1a: Pecharunt
|-resisted|p1a: Pecharunt
|-damage|p1a: Pecharunt|84/100 par
|cant|p1a: Pecharunt|par
|
|upkeep
|turn|45
|
|t:|1776042610
|move|p2a: Clefable|Moonblast|p1a: Pecharunt
|-resisted|p1a: Pecharunt
|-damage|p1a: Pecharunt|76/100 par
|move|p1a: Pecharunt|Parting Shot|p2a: Clefable
|-unboost|p2a: Clefable|atk|1
|-unboost|p2a: Clefable|spa|1
|
|t:|1776042612
|switch|p1a: Corviknight|Corviknight, M, shiny, tera:Water|53/100 brn|[from] Parting Shot
|-ability|p1a: Corviknight|Pressure
|
|-damage|p1a: Corviknight|47/100 brn|[from] brn
|upkeep
|turn|46
|
|t:|1776042616
|move|p2a: Clefable|Moonblast|p1a: Corviknight
|-damage|p1a: Corviknight|31/100 brn
|-unboost|p1a: Corviknight|spa|1
|move|p1a: Corviknight|Roost|p1a: Corviknight
|-heal|p1a: Corviknight|81/100 brn
|
|-damage|p1a: Corviknight|75/100 brn|[from] brn
|upkeep
|turn|47
|
|t:|1776042625
|move|p2a: Clefable|Thunder Wave||[still]
|-fail|p2a: Clefable
|move|p1a: Corviknight|U-turn|p2a: Clefable
|-resisted|p2a: Clefable
|-damage|p2a: Clefable|97/100
|
|t:|1776042627
|switch|p1a: Pecharunt|Pecharunt|76/100 par|[from] U-turn
|
|-heal|p2a: Clefable|100/100|[from] item: Leftovers
|upkeep
|turn|48
|
|t:|1776042632
|move|p2a: Clefable|Thunder Wave|p1a: Pecharunt
|-fail|p1a: Pecharunt|par
|move|p1a: Pecharunt|Parting Shot|p2a: Clefable
|-unboost|p2a: Clefable|atk|1
|-unboost|p2a: Clefable|spa|1
|
|t:|1776042634
|switch|p1a: Corviknight|Corviknight, M, shiny, tera:Water|75/100 brn|[from] Parting Shot
|-ability|p1a: Corviknight|Pressure
|
|-damage|p1a: Corviknight|69/100 brn|[from] brn
|upkeep
|turn|49
|
|t:|1776042640
|switch|p1a: Pecharunt|Pecharunt|76/100 par
|move|p2a: Clefable|Thunder Wave|p1a: Pecharunt
|-fail|p1a: Pecharunt|par
|
|upkeep
|turn|50
|
|t:|1776042648
|move|p2a: Clefable|Thunder Wave|p1a: Pecharunt
|-fail|p1a: Pecharunt|par
|cant|p1a: Pecharunt|par
|
|upkeep
|turn|51
|
|t:|1776042652
|switch|p1a: Corviknight|Corviknight, M, shiny, tera:Water|69/100 brn
|-ability|p1a: Corviknight|Pressure
|move|p2a: Clefable|Thunder Wave||[still]
|-fail|p2a: Clefable
|
|-damage|p1a: Corviknight|63/100 brn|[from] brn
|upkeep
|turn|52
|
|t:|1776042654
|switch|p1a: Pecharunt|Pecharunt|76/100 par
|move|p2a: Clefable|Moonblast|p1a: Pecharunt
|-resisted|p1a: Pecharunt
|-damage|p1a: Pecharunt|71/100 par
|
|upkeep
|turn|53
|
|t:|1776042660
|switch|p1a: Corviknight|Corviknight, M, shiny, tera:Water|63/100 brn
|-ability|p1a: Corviknight|Pressure
|move|p2a: Clefable|Moonlight|p2a: Clefable
|-fail|p2a: Clefable|heal
|
|-damage|p1a: Corviknight|57/100 brn|[from] brn
|upkeep
|turn|54
|
|t:|1776042662
|switch|p1a: Pecharunt|Pecharunt|71/100 par
|move|p2a: Clefable|Thunder Wave|p1a: Pecharunt
|-fail|p1a: Pecharunt|par
|
|upkeep
|turn|55
|
|t:|1776042667
|switch|p1a: Corviknight|Corviknight, M, shiny, tera:Water|57/100 brn
|-ability|p1a: Corviknight|Pressure
|move|p2a: Clefable|Moonblast|p1a: Corviknight
|-damage|p1a: Corviknight|45/100 brn
|-unboost|p1a: Corviknight|spa|1
|
|-damage|p1a: Corviknight|39/100 brn|[from] brn
|upkeep
|turn|56
|
|t:|1776042679
|move|p2a: Clefable|Moonblast|p1a: Corviknight
|-damage|p1a: Corviknight|28/100 brn
|move|p1a: Corviknight|Roost|p1a: Corviknight
|-heal|p1a: Corviknight|78/100 brn
|
|-damage|p1a: Corviknight|72/100 brn|[from] brn
|upkeep
|turn|57
|
|t:|1776042689
|switch|p1a: Pecharunt|Pecharunt|71/100 par
|move|p2a: Clefable|Thunder Wave|p1a: Pecharunt
|-fail|p1a: Pecharunt|par
|
|upkeep
|turn|58
|
|t:|1776042691
|move|p2a: Clefable|Thunder Wave|p1a: Pecharunt
|-fail|p1a: Pecharunt|par
|cant|p1a: Pecharunt|par
|
|upkeep
|turn|59
|
|t:|1776042693
|move|p2a: Clefable|Thunder Wave|p1a: Pecharunt
|-fail|p1a: Pecharunt|par
|move|p1a: Pecharunt|Parting Shot|p2a: Clefable
|-unboost|p2a: Clefable|atk|1
|-unboost|p2a: Clefable|spa|1
|
|t:|1776042696
|switch|p1a: Corviknight|Corviknight, M, shiny, tera:Water|72/100 brn|[from] Parting Shot
|-ability|p1a: Corviknight|Pressure
|
|-damage|p1a: Corviknight|66/100 brn|[from] brn
|upkeep
|turn|60
|
|t:|1776042698
|switch|p1a: Pecharunt|Pecharunt|71/100 par
|move|p2a: Clefable|Thunder Wave|p1a: Pecharunt
|-fail|p1a: Pecharunt|par
|
|upkeep
|turn|61
|
|t:|1776042700
|move|p2a: Clefable|Thunder Wave|p1a: Pecharunt
|-fail|p1a: Pecharunt|par
|move|p1a: Pecharunt|Parting Shot|p2a: Clefable
|-unboost|p2a: Clefable|atk|1
|-unboost|p2a: Clefable|spa|1
|
|t:|1776042702
|switch|p1a: Corviknight|Corviknight, M, shiny, tera:Water|66/100 brn|[from] Parting Shot
|-ability|p1a: Corviknight|Pressure
|
|-damage|p1a: Corviknight|60/100 brn|[from] brn
|upkeep
|turn|62
|
|t:|1776042704
|switch|p1a: Pecharunt|Pecharunt|71/100 par
|move|p2a: Clefable|Thunder Wave|p1a: Pecharunt
|-fail|p1a: Pecharunt|par
|
|upkeep
|turn|63
|
|t:|1776042711
|move|p2a: Clefable|Thunder Wave|p1a: Pecharunt
|-fail|p1a: Pecharunt|par
|move|p1a: Pecharunt|Parting Shot|p2a: Clefable
|-unboost|p2a: Clefable|atk|1
|-unboost|p2a: Clefable|spa|1
|
|t:|1776042714
|switch|p1a: Corviknight|Corviknight, M, shiny, tera:Water|60/100 brn|[from] Parting Shot
|-ability|p1a: Corviknight|Pressure
|
|-damage|p1a: Corviknight|54/100 brn|[from] brn
|upkeep
|turn|64
|
|t:|1776042721
|switch|p1a: Pecharunt|Pecharunt|71/100 par
|move|p2a: Clefable|Fire Blast|p1a: Pecharunt|[miss]
|-miss|p2a: Clefable|p1a: Pecharunt
|
|upkeep
|turn|65
|
|t:|1776042727
|switch|p1a: Corviknight|Corviknight, M, shiny, tera:Water|54/100 brn
|-ability|p1a: Corviknight|Pressure
|move|p2a: Clefable|Thunder Wave||[still]
|-fail|p2a: Clefable
|
|-damage|p1a: Corviknight|48/100 brn|[from] brn
|upkeep
|turn|66
|
|t:|1776042733
|move|p2a: Clefable|Thunder Wave||[still]
|-fail|p2a: Clefable
|move|p1a: Corviknight|U-turn|p2a: Clefable
|-resisted|p2a: Clefable
|-damage|p2a: Clefable|96/100
|
|t:|1776042735
|switch|p1a: Pecharunt|Pecharunt|71/100 par|[from] U-turn
|
|-heal|p2a: Clefable|100/100|[from] item: Leftovers
|upkeep
|turn|67
|
|t:|1776042737
|move|p2a: Clefable|Fire Blast|p1a: Pecharunt
|-damage|p1a: Pecharunt|66/100 par
|move|p1a: Pecharunt|Parting Shot|p2a: Clefable
|-unboost|p2a: Clefable|atk|0
|-unboost|p2a: Clefable|spa|0
|
|upkeep
|turn|68
|
|t:|1776042743
|move|p2a: Clefable|Thunder Wave|p1a: Pecharunt
|-fail|p1a: Pecharunt|par
|move|p1a: Pecharunt|Parting Shot|p2a: Clefable
|-unboost|p2a: Clefable|atk|0
|-unboost|p2a: Clefable|spa|0
|
|upkeep
|turn|69
|
|t:|1776042750
|move|p2a: Clefable|Thunder Wave|p1a: Pecharunt
|-fail|p1a: Pecharunt|par
|move|p1a: Pecharunt|Parting Shot|p2a: Clefable
|-unboost|p2a: Clefable|atk|0
|-unboost|p2a: Clefable|spa|0
|
|upkeep
|turn|70
|
|t:|1776042753
|switch|p1a: Corviknight|Corviknight, M, shiny, tera:Water|48/100 brn
|-ability|p1a: Corviknight|Pressure
|move|p2a: Clefable|Thunder Wave||[still]
|-fail|p2a: Clefable
|
|-damage|p1a: Corviknight|42/100 brn|[from] brn
|upkeep
|turn|71
|
|t:|1776042758
|move|p2a: Clefable|Thunder Wave||[still]
|-fail|p2a: Clefable
|move|p1a: Corviknight|U-turn|p2a: Clefable
|-resisted|p2a: Clefable
|-damage|p2a: Clefable|96/100
|
|t:|1776042760
|switch|p1a: Pecharunt|Pecharunt|66/100 par|[from] U-turn
|
|-heal|p2a: Clefable|100/100|[from] item: Leftovers
|upkeep
|turn|72
|
|t:|1776042763
|move|p2a: Clefable|Thunder Wave|p1a: Pecharunt
|-fail|p1a: Pecharunt|par
|move|p1a: Pecharunt|Parting Shot|p2a: Clefable
|-unboost|p2a: Clefable|atk|0
|-unboost|p2a: Clefable|spa|0
|
|upkeep
|turn|73
|
|t:|1776042765
|switch|p1a: Corviknight|Corviknight, M, shiny, tera:Water|42/100 brn
|-ability|p1a: Corviknight|Pressure
|move|p2a: Clefable|Thunder Wave||[still]
|-fail|p2a: Clefable
|
|-damage|p1a: Corviknight|36/100 brn|[from] brn
|upkeep
|turn|74
|
|t:|1776042767
|move|p2a: Clefable|Thunder Wave||[still]
|-fail|p2a: Clefable
|move|p1a: Corviknight|U-turn|p2a: Clefable
|-resisted|p2a: Clefable
|-damage|p2a: Clefable|97/100
|
|t:|1776042769
|switch|p1a: Pecharunt|Pecharunt|66/100 par|[from] U-turn
|
|-heal|p2a: Clefable|100/100|[from] item: Leftovers
|upkeep
|turn|75
|
|t:|1776042773
|move|p2a: Clefable|Moonlight|p2a: Clefable
|-fail|p2a: Clefable|heal
|move|p1a: Pecharunt|Shadow Ball|p2a: Clefable
|-damage|p2a: Clefable|83/100
|
|-heal|p2a: Clefable|89/100|[from] item: Leftovers
|upkeep
|turn|76
|
|t:|1776042794
|switch|p1a: Corviknight|Corviknight, M, shiny, tera:Water|36/100 brn
|-ability|p1a: Corviknight|Pressure
|move|p2a: Clefable|Moonlight|p2a: Clefable
|-heal|p2a: Clefable|100/100
|
|-damage|p1a: Corviknight|30/100 brn|[from] brn
|upkeep
|turn|77
|inactive|Payomatic has 120 seconds left.
|
|t:|1776042817
|move|p2a: Clefable|Moonlight|p2a: Clefable
|-fail|p2a: Clefable|heal
|move|p1a: Corviknight|Bulk Up|p1a: Corviknight
|-boost|p1a: Corviknight|atk|1
|-boost|p1a: Corviknight|def|1
|
|-damage|p1a: Corviknight|24/100 brn|[from] brn
|upkeep
|turn|78
|
|t:|1776042820
|move|p2a: Clefable|Moonlight|p2a: Clefable
|-fail|p2a: Clefable|heal
|move|p1a: Corviknight|Bulk Up|p1a: Corviknight
|-boost|p1a: Corviknight|atk|1
|-boost|p1a: Corviknight|def|1
|
|-damage|p1a: Corviknight|18/100 brn|[from] brn
|upkeep
|turn|79
|
|t:|1776042823
|move|p2a: Clefable|Moonlight|p2a: Clefable
|-fail|p2a: Clefable|heal
|move|p1a: Corviknight|Bulk Up|p1a: Corviknight
|-boost|p1a: Corviknight|atk|1
|-boost|p1a: Corviknight|def|1
|
|-damage|p1a: Corviknight|12/100 brn|[from] brn
|upkeep
|turn|80
|
|t:|1776042826
|-activate|p2a: Clefable|move: Struggle
|move|p2a: Clefable|Struggle|p1a: Corviknight
|-damage|p1a: Corviknight|11/100 brn
|-damage|p2a: Clefable|84/100|[from] item: Rocky Helmet|[of] p1a: Corviknight
|-damage|p2a: Clefable|59/100|[from] recoil
|move|p1a: Corviknight|Brave Bird|p2a: Clefable
|-resisted|p2a: Clefable
|-damage|p2a: Clefable|48/100
|-damage|p1a: Corviknight|7/100 brn|[from] Recoil
|
|-heal|p2a: Clefable|54/100|[from] item: Leftovers
|-damage|p1a: Corviknight|1/100 brn|[from] brn
|upkeep
|turn|81
|
|t:|1776042834
|-activate|p2a: Clefable|move: Struggle
|move|p2a: Clefable|Struggle|p1a: Corviknight
|-damage|p1a: Corviknight|0 fnt
|-damage|p2a: Clefable|38/100|[from] item: Rocky Helmet|[of] p1a: Corviknight
|faint|p1a: Corviknight
|-damage|p2a: Clefable|12/100|[from] recoil
|
|-heal|p2a: Clefable|19/100|[from] item: Leftovers
|upkeep
|
|t:|1776042839
|switch|p1a: Pecharunt|Pecharunt|66/100 par
|turn|82
|c|☆Payomatic|Gg
|c|☆justthewaves!|gg
|
|t:|1776042848
|-activate|p2a: Clefable|move: Struggle
|move|p2a: Clefable|Struggle|p1a: Pecharunt
|-damage|p1a: Pecharunt|65/100 par
|-damage|p2a: Clefable|0 fnt|[from] recoil
|faint|p2a: Clefable
|
|win|justthewaves!
|raw|justthewaves!'s rating: 1323 &rarr; <strong>1342</strong><br />(+19 for winning)
|raw|Payomatic's rating: 1310 &rarr; <strong>1291</strong><br />(-19 for losing)
|l|☆Payomatic
|player|p2|
|l|☆justthewaves!
|player|p1|
