|html|<div class="broadcast-blue"><strong>[Gen 9] OU is currently suspecting Tera Blast! For information on how to participate check out the <a href="https://www.smogon.com/tools/suspects/view/200">suspect thread</a>.</strong></div>
|j|☆Thederpa1
|j|☆Raltsthecutieuwu
|t:|1776070026
|gametype|singles
|player|p1|Thederpa1|swimmer-gen4dp|1482
|player|p2|Raltsthecutieuwu|marnie-league|1515
|gen|9
|tier|[Gen 9] OU
|rated|
|rule|HP Percentage Mod: HP is shown in percentages
|rule|Endless Battle Clause: Forcing endless battles is banned
|rule|Species Clause: Limit one of each Pokémon
|rule|OHKO Clause: OHKO moves are banned
|rule|Evasion Items Clause: Evasion items are banned
|rule|Evasion Moves Clause: Evasion moves are banned
|rule|Evasion Abilities Clause: Evasion abilities are banned
|rule|Sleep Moves Clause: Sleep-inducing moves are banned
|clearpoke
|poke|p1|Corviknight, M|
|poke|p1|Tyranitar, M|
|poke|p1|Samurott-Hisui, M|
|poke|p1|Emboar, M|
|poke|p1|Deoxys-Speed|
|poke|p1|Magnezone|
|poke|p2|Dragapult, M|
|poke|p2|Rillaboom, M|
|poke|p2|Cinderace, M|
|poke|p2|Gliscor, F|
|poke|p2|Primarina, F|
|poke|p2|Kingambit, F|
|teampreview
|inactive|Battle timer is ON: inactive players will automatically lose when time's up. (requested by Thederpa1)
|inactive|Raltsthecutieuwu has 120 seconds left.
|
|t:|1776070064
|teamsize|p1|6
|teamsize|p2|6
|start
|switch|p1a: Samurott|Samurott-Hisui, M|100/100
|switch|p2a: Rillaboom|Rillaboom, M|100/100
|-fieldstart|move: Grassy Terrain|[from] ability: Grassy Surge|[of] p2a: Rillaboom
|turn|1
|
|t:|1776070070
|switch|p1a: Corviknight|Corviknight, M|100/100
|-ability|p1a: Corviknight|Pressure
|move|p2a: Rillaboom|U-turn|p1a: Corviknight
|-resisted|p1a: Corviknight
|-damage|p1a: Corviknight|95/100
|
|t:|1776070081
|switch|p2a: Primarina|Primarina, F|100/100|[from] U-turn
|
|-heal|p1a: Corviknight|100/100|[from] item: Leftovers
|upkeep
|turn|2
|
|t:|1776070091
|move|p2a: Primarina|Hydro Pump|p1a: Corviknight
|-damage|p1a: Corviknight|13/100
|move|p1a: Corviknight|Brave Bird|p2a: Primarina
|-damage|p2a: Primarina|48/100
|-damage|p1a: Corviknight|0 fnt|[from] Recoil
|faint|p1a: Corviknight
|
|-heal|p2a: Primarina|54/100|[from] Grassy Terrain
|upkeep
|
|t:|1776070095
|switch|p1a: Samurott|Samurott-Hisui, M|100/100
|turn|3
|
|t:|1776070104
|move|p1a: Samurott|Razor Shell|p2a: Primarina
|-resisted|p2a: Primarina
|-damage|p2a: Primarina|0 fnt
|faint|p2a: Primarina
|
|upkeep
|
|t:|1776070112
|switch|p2a: Rillaboom|Rillaboom, M|100/100
|turn|4
|
|t:|1776070118
|switch|p1a: Magnezone|Magnezone|100/100
|move|p2a: Rillaboom|U-turn|p1a: Magnezone
|-resisted|p1a: Magnezone
|-damage|p1a: Magnezone|84/100
|
|t:|1776070146
|switch|p2a: Cinderace|Cinderace, M|100/100|[from] U-turn
|
|-heal|p1a: Magnezone|90/100|[from] Grassy Terrain
|upkeep
|turn|5
|
|t:|1776070154
|switch|p1a: Emboar|Emboar, M|100/100
|move|p2a: Cinderace|U-turn|p1a: Emboar
|-start|p2a: Cinderace|typechange|Bug|[from] ability: Libero
|-resisted|p1a: Emboar
|-damage|p1a: Emboar|92/100
|inactive|Raltsthecutieuwu has 120 seconds left.
|
|t:|1776070172
|switch|p2a: Gliscor|Gliscor, F|100/100|[from] U-turn
|
|-heal|p1a: Emboar|98/100|[from] Grassy Terrain
|-heal|p1a: Emboar|100/100|[from] item: Leftovers
|-fieldend|move: Grassy Terrain
|-status|p2a: Gliscor|tox|[from] item: Toxic Orb
|upkeep
|turn|6
|
|t:|1776070178
|switch|p1a: Samurott|Samurott-Hisui, M|100/100
|move|p2a: Gliscor|High Horsepower|p1a: Samurott
|-damage|p1a: Samurott|57/100
|
|upkeep
|turn|7
|
|t:|1776070187
|move|p2a: Gliscor|Protect|p2a: Gliscor
|-singleturn|p2a: Gliscor|Protect
|move|p1a: Samurott|Ceaseless Edge|p2a: Gliscor
|-activate|p2a: Gliscor|move: Protect
|
|upkeep
|turn|8
|
|t:|1776070203
|-terastallize|p2a: Gliscor|Water
|move|p1a: Samurott|Ceaseless Edge|p2a: Gliscor
|-damage|p2a: Gliscor|51/100 tox
|-sidestart|p2: Raltsthecutieuwu|Spikes
|move|p2a: Gliscor|High Horsepower|p1a: Samurott
|-damage|p1a: Samurott|18/100
|
|-heal|p2a: Gliscor|64/100 tox|[from] ability: Poison Heal
|upkeep
|turn|9
|
|t:|1776070220
|move|p2a: Gliscor|Protect|p2a: Gliscor
|-singleturn|p2a: Gliscor|Protect
|move|p1a: Samurott|Ceaseless Edge|p2a: Gliscor
|-activate|p2a: Gliscor|move: Protect
|
|-heal|p2a: Gliscor|76/100 tox|[from] ability: Poison Heal
|upkeep
|turn|10
|
|t:|1776070231
|move|p1a: Samurott|Ceaseless Edge|p2a: Gliscor
|-damage|p2a: Gliscor|27/100 tox
|-sidestart|p2: Raltsthecutieuwu|Spikes
|move|p2a: Gliscor|High Horsepower|p1a: Samurott
|-damage|p1a: Samurott|0 fnt
|faint|p1a: Samurott
|
|-heal|p2a: Gliscor|39/100 tox|[from] ability: Poison Heal
|upkeep
|
|t:|1776070239
|switch|p1a: Deoxys|Deoxys-Speed|100/100
|-ability|p1a: Deoxys|Pressure
|turn|11
|
|t:|1776070246
|move|p2a: Gliscor|Protect|p2a: Gliscor
|-singleturn|p2a: Gliscor|Protect
|move|p1a: Deoxys|Psycho Boost|p2a: Gliscor
|-activate|p2a: Gliscor|move: Protect
|
|-heal|p2a: Gliscor|51/100 tox|[from] ability: Poison Heal
|upkeep
|turn|12
|
|t:|1776070264
|switch|p2a: Cinderace|Cinderace, M|100/100
|-terastallize|p1a: Deoxys|Psychic
|move|p1a: Deoxys|Psycho Boost|p2a: Cinderace
|-damage|p2a: Cinderace|0 fnt
|-unboost|p1a: Deoxys|spa|2
|faint|p2a: Cinderace
|-damage|p1a: Deoxys|91/100|[from] item: Life Orb
|
|upkeep
|inactive|Raltsthecutieuwu has 120 seconds left.
|
|t:|1776070294
|switch|p2a: Rillaboom|Rillaboom, M|100/100
|-damage|p2a: Rillaboom|84/100|[from] Spikes
|-fieldstart|move: Grassy Terrain|[from] ability: Grassy Surge|[of] p2a: Rillaboom
|turn|13
|
|t:|1776070300
|switch|p1a: Emboar|Emboar, M|100/100
|move|p2a: Rillaboom|U-turn|p1a: Emboar
|-resisted|p1a: Emboar
|-damage|p1a: Emboar|90/100
|
|t:|1776070312
|switch|p2a: Gliscor|Gliscor, F, tera:Water|51/100 tox|[from] U-turn
|-damage|p2a: Gliscor|35/100 tox|[from] Spikes
|
|-heal|p2a: Gliscor|41/100 tox|[from] Grassy Terrain
|-heal|p1a: Emboar|96/100|[from] Grassy Terrain
|-heal|p1a: Emboar|100/100|[from] item: Leftovers
|-heal|p2a: Gliscor|54/100 tox|[from] ability: Poison Heal
|upkeep
|turn|14
|
|t:|1776070322
|move|p2a: Gliscor|High Horsepower|p1a: Emboar
|-supereffective|p1a: Emboar
|-damage|p1a: Emboar|29/100
|move|p1a: Emboar|Bulk Up|p1a: Emboar
|-boost|p1a: Emboar|atk|1
|-boost|p1a: Emboar|def|1
|
|-heal|p2a: Gliscor|60/100 tox|[from] Grassy Terrain
|-heal|p1a: Emboar|35/100|[from] Grassy Terrain
|-heal|p1a: Emboar|42/100|[from] item: Leftovers
|-heal|p2a: Gliscor|72/100 tox|[from] ability: Poison Heal
|upkeep
|turn|15
|
|t:|1776070340
|move|p2a: Gliscor|Protect|p2a: Gliscor
|-singleturn|p2a: Gliscor|Protect
|move|p1a: Emboar|Close Combat|p2a: Gliscor
|-activate|p2a: Gliscor|move: Protect
|
|-heal|p2a: Gliscor|79/100 tox|[from] Grassy Terrain
|-heal|p1a: Emboar|48/100|[from] Grassy Terrain
|-heal|p1a: Emboar|54/100|[from] item: Leftovers
|-heal|p2a: Gliscor|91/100 tox|[from] ability: Poison Heal
|upkeep
|turn|16
|
|t:|1776070351
|move|p2a: Gliscor|Toxic|p1a: Emboar
|-status|p1a: Emboar|tox
|move|p1a: Emboar|Close Combat|p2a: Gliscor
|-damage|p2a: Gliscor|20/100 tox
|-unboost|p1a: Emboar|def|1
|-unboost|p1a: Emboar|spd|1
|
|-heal|p2a: Gliscor|26/100 tox|[from] Grassy Terrain
|-heal|p1a: Emboar|60/100 tox|[from] Grassy Terrain
|-heal|p1a: Emboar|66/100 tox|[from] item: Leftovers
|-heal|p2a: Gliscor|38/100 tox|[from] ability: Poison Heal
|-damage|p1a: Emboar|60/100 tox|[from] psn
|upkeep
|turn|17
|
|t:|1776070361
|move|p2a: Gliscor|High Horsepower|p1a: Emboar
|-supereffective|p1a: Emboar
|-damage|p1a: Emboar|0 fnt
|faint|p1a: Emboar
|
|-heal|p2a: Gliscor|45/100 tox|[from] Grassy Terrain
|-heal|p2a: Gliscor|57/100 tox|[from] ability: Poison Heal
|-fieldend|move: Grassy Terrain
|upkeep
|
|t:|1776070367
|switch|p1a: Deoxys|Deoxys-Speed, tera:Psychic|91/100
|-ability|p1a: Deoxys|Pressure
|turn|18
|inactive|Raltsthecutieuwu has 120 seconds left.
|
|t:|1776070373
|move|p2a: Gliscor|Protect|p2a: Gliscor
|-singleturn|p2a: Gliscor|Protect
|move|p1a: Deoxys|Psycho Boost|p2a: Gliscor
|-activate|p2a: Gliscor|move: Protect
|
|-heal|p2a: Gliscor|70/100 tox|[from] ability: Poison Heal
|upkeep
|turn|19
|
|t:|1776070379
|switch|p2a: Kingambit|Kingambit, F|100/100
|-damage|p2a: Kingambit|84/100|[from] Spikes
|-activate|p2a: Kingambit|ability: Supreme Overlord
|-start|p2a: Kingambit|fallen2|[silent]
|move|p1a: Deoxys|Psycho Boost|p2a: Kingambit
|-immune|p2a: Kingambit
|
|-heal|p2a: Kingambit|90/100|[from] item: Leftovers
|upkeep
|turn|20
|
|t:|1776070391
|move|p2a: Kingambit|Sucker Punch||[still]
|-fail|p2a: Kingambit
|move|p1a: Deoxys|Taunt|p2a: Kingambit
|-start|p2a: Kingambit|move: Taunt
|
|-heal|p2a: Kingambit|96/100|[from] item: Leftovers
|upkeep
|turn|21
|
|t:|1776070394
|switch|p1a: Tyranitar|Tyranitar, M|100/100
|-weather|Sandstorm|[from] ability: Sand Stream|[of] p1a: Tyranitar
|move|p2a: Kingambit|Sucker Punch||[still]
|-fail|p2a: Kingambit
|
|-weather|Sandstorm|[upkeep]
|-heal|p2a: Kingambit|100/100|[from] item: Leftovers
|upkeep
|turn|22
|
|t:|1776070402
|-end|p2a: Kingambit|fallen2|[silent]
|switch|p2a: Dragapult|Dragapult, M|100/100
|move|p1a: Tyranitar|Earthquake|p2a: Dragapult
|-damage|p2a: Dragapult|52/100
|
|-weather|Sandstorm|[upkeep]
|-damage|p2a: Dragapult|46/100|[from] Sandstorm
|upkeep
|turn|23
|
|t:|1776070409
|move|p2a: Dragapult|Will-O-Wisp|p1a: Tyranitar
|-status|p1a: Tyranitar|brn
|move|p1a: Tyranitar|Stealth Rock|p2a: Dragapult
|-sidestart|p2: Raltsthecutieuwu|move: Stealth Rock
|
|-weather|Sandstorm|[upkeep]
|-damage|p2a: Dragapult|40/100|[from] Sandstorm
|-damage|p1a: Tyranitar|94/100 brn|[from] brn
|upkeep
|turn|24
|
|t:|1776070420
|move|p2a: Dragapult|Dragon Darts|p1a: Tyranitar
|-damage|p1a: Tyranitar|76/100 brn
|-anim|p2a: Dragapult|Dragon Darts|p1a: Tyranitar
|-damage|p1a: Tyranitar|56/100 brn
|move|p1a: Tyranitar|Knock Off|p2a: Dragapult
|-supereffective|p2a: Dragapult
|-damage|p2a: Dragapult|0 fnt
|-enditem|p2a: Dragapult|Heavy-Duty Boots|[from] move: Knock Off|[of] p1a: Tyranitar
|faint|p2a: Dragapult
|
|-weather|Sandstorm|[upkeep]
|-heal|p1a: Tyranitar|62/100 brn|[from] item: Leftovers
|-damage|p1a: Tyranitar|56/100 brn|[from] brn
|upkeep
|
|t:|1776070428
|switch|p2a: Rillaboom|Rillaboom, M|84/100
|-damage|p2a: Rillaboom|68/100|[from] Spikes
|-damage|p2a: Rillaboom|55/100|[from] Stealth Rock
|-fieldstart|move: Grassy Terrain|[from] ability: Grassy Surge|[of] p2a: Rillaboom
|turn|25
|
|t:|1776070437
|move|p2a: Rillaboom|Grassy Glide|p1a: Tyranitar
|-supereffective|p1a: Tyranitar
|-damage|p1a: Tyranitar|0 fnt
|faint|p1a: Tyranitar
|
|-weather|none
|-heal|p2a: Rillaboom|61/100|[from] Grassy Terrain
|upkeep
|
|t:|1776070440
|switch|p1a: Magnezone|Magnezone|90/100
|turn|26
|
|t:|1776070448
|move|p2a: Rillaboom|Grassy Glide|p1a: Magnezone
|-resisted|p1a: Magnezone
|-damage|p1a: Magnezone|65/100
|move|p1a: Magnezone|Thunderbolt|p2a: Rillaboom
|-resisted|p2a: Rillaboom
|-damage|p2a: Rillaboom|34/100
|
|-heal|p2a: Rillaboom|40/100|[from] Grassy Terrain
|-heal|p1a: Magnezone|71/100|[from] Grassy Terrain
|upkeep
|turn|27
|
|t:|1776070466
|switch|p2a: Gliscor|Gliscor, F, tera:Water|70/100 tox
|-damage|p2a: Gliscor|53/100 tox|[from] Spikes
|-damage|p2a: Gliscor|41/100 tox|[from] Stealth Rock
|move|p1a: Magnezone|Flash Cannon|p2a: Gliscor
|-resisted|p2a: Gliscor
|-damage|p2a: Gliscor|26/100 tox
|
|-heal|p2a: Gliscor|33/100 tox|[from] Grassy Terrain
|-heal|p1a: Magnezone|77/100|[from] Grassy Terrain
|-heal|p2a: Gliscor|45/100 tox|[from] ability: Poison Heal
|upkeep
|turn|28
|
|t:|1776070473
|switch|p1a: Deoxys|Deoxys-Speed, tera:Psychic|91/100
|-ability|p1a: Deoxys|Pressure
|move|p2a: Gliscor|High Horsepower|p1a: Deoxys
|-damage|p1a: Deoxys|41/100
|
|-heal|p1a: Deoxys|47/100|[from] Grassy Terrain
|-heal|p2a: Gliscor|51/100 tox|[from] Grassy Terrain
|-heal|p2a: Gliscor|64/100 tox|[from] ability: Poison Heal
|upkeep
|turn|29
|
|t:|1776070483
|move|p2a: Gliscor|Protect|p2a: Gliscor
|-singleturn|p2a: Gliscor|Protect
|move|p1a: Deoxys|Psycho Boost|p2a: Gliscor
|-activate|p2a: Gliscor|move: Protect
|
|-heal|p1a: Deoxys|53/100|[from] Grassy Terrain
|-heal|p2a: Gliscor|70/100 tox|[from] Grassy Terrain
|-heal|p2a: Gliscor|82/100 tox|[from] ability: Poison Heal
|-fieldend|move: Grassy Terrain
|upkeep
|turn|30
|
|t:|1776070510
|move|p1a: Deoxys|Psycho Boost|p2a: Gliscor
|-damage|p2a: Gliscor|17/100 tox
|-unboost|p1a: Deoxys|spa|2
|-damage|p1a: Deoxys|43/100|[from] item: Life Orb
|move|p2a: Gliscor|Toxic|p1a: Deoxys
|-status|p1a: Deoxys|tox
|
|-damage|p1a: Deoxys|37/100 tox|[from] psn
|-heal|p2a: Gliscor|29/100 tox|[from] ability: Poison Heal
|upkeep
|turn|31
|
|t:|1776070531
|switch|p1a: Magnezone|Magnezone|77/100
|move|p2a: Gliscor|Protect||[still]
|-fail|p2a: Gliscor
|
|-heal|p2a: Gliscor|42/100 tox|[from] ability: Poison Heal
|upkeep
|turn|32
|
|t:|1776070539
|move|p2a: Gliscor|High Horsepower|p1a: Magnezone
|-supereffective|p1a: Magnezone
|-damage|p1a: Magnezone|0 fnt
|faint|p1a: Magnezone
|
|-heal|p2a: Gliscor|54/100 tox|[from] ability: Poison Heal
|upkeep
|-message|Thederpa1 forfeited.
|
|win|Raltsthecutieuwu
|raw|Thederpa1's rating: 1482 &rarr; <strong>1464</strong><br />(-18 for losing)
|raw|Raltsthecutieuwu's rating: 1515 &rarr; <strong>1533</strong><br />(+18 for winning)
|l|☆Thederpa1
|player|p1|
|c|☆Raltsthecutieuwu|Gg
|l|☆Raltsthecutieuwu
|player|p2|
|j|☆Raltsthecutieuwu
|player|p2|Raltsthecutieuwu|marnie-league|
|l|☆Raltsthecutieuwu
|player|p2|
