|html|<div class="broadcast-blue"><strong>[Gen 9] OU is currently suspecting Tera Blast! For information on how to participate check out the <a href="https://www.smogon.com/tools/suspects/view/200">suspect thread</a>.</strong></div>
|j|☆connexus200
|j|☆mokaka765
|t:|1776159641
|gametype|singles
|player|p1|connexus200|youngster-gen4dp|1184
|player|p2|mokaka765|roxie|1111
|gen|9
|tier|[Gen 9] OU
|rated|
|rule|HP Percentage Mod: HP is shown in percentages
|rule|Endless Battle Clause: Forcing endless battles is banned
|rule|Species Clause: Limit one of each Pokémon
|rule|OHKO Clause: OHKO moves are banned
|rule|Evasion Items Clause: Evasion items are banned
|rule|Evasion Moves Clause: Evasion moves are banned
|rule|Evasion Abilities Clause: Evasion abilities are banned
|rule|Sleep Moves Clause: Sleep-inducing moves are banned
|clearpoke
|poke|p1|Sandy Shocks|
|poke|p1|Heatran, M|
|poke|p1|Azumarill, F|
|poke|p1|Dragonite, M|
|poke|p1|Great Tusk|
|poke|p1|Dragapult, F|
|poke|p2|Iron Moth|
|poke|p2|Gliscor, M|
|poke|p2|Hatterene, F|
|poke|p2|Ogerpon-Wellspring, F|
|poke|p2|Raging Bolt|
|poke|p2|Zamazenta-*|
|teampreview
|
|t:|1776159648
|teamsize|p1|6
|teamsize|p2|6
|start
|switch|p1a: Shandy Socks|Sandy Shocks|100/100
|switch|p2a: Zamazenta|Zamazenta|100/100
|-ability|p2a: Zamazenta|Dauntless Shield|boost
|-boost|p2a: Zamazenta|def|1
|turn|1
|
|t:|1776159657
|switch|p2a: Hatterene|Hatterene, F|100/100
|move|p1a: Shandy Socks|Volt Switch|p2a: Hatterene
|-damage|p2a: Hatterene|65/100
|
|t:|1776159663
|-end|p1a: Shandy Socks|Protosynthesis|[silent]
|switch|p1a: Tutel|Heatran, M|100/100|[from] Volt Switch
|
|-heal|p2a: Hatterene|71/100|[from] item: Leftovers
|upkeep
|turn|2
|
|t:|1776159675
|switch|p2a: Gliscor|Gliscor, M|100/100
|move|p1a: Tutel|Lava Plume|p2a: Gliscor
|-damage|p2a: Gliscor|43/100
|
|-status|p2a: Gliscor|tox|[from] item: Toxic Orb
|upkeep
|turn|3
|
|t:|1776159688
|switch|p1a: Treat Gusk|Great Tusk|100/100
|-terastallize|p2a: Gliscor|Normal
|move|p2a: Gliscor|Earthquake|p1a: Treat Gusk
|-damage|p1a: Treat Gusk|73/100
|
|-heal|p2a: Gliscor|55/100 tox|[from] ability: Poison Heal
|upkeep
|turn|4
|
|t:|1776159700
|move|p1a: Treat Gusk|Headlong Rush|p2a: Gliscor
|-damage|p2a: Gliscor|10/100 tox
|-unboost|p1a: Treat Gusk|def|1
|-unboost|p1a: Treat Gusk|spd|1
|move|p2a: Gliscor|Facade|p1a: Treat Gusk
|-damage|p1a: Treat Gusk|17/100
|-damage|p2a: Gliscor|0 fnt|[from] item: Rocky Helmet|[of] p1a: Treat Gusk
|faint|p2a: Gliscor
|
|upkeep
|
|t:|1776159722
|switch|p2a: Ogerpon|Ogerpon-Wellspring, F|100/100
|turn|5
|
|t:|1776159732
|move|p2a: Ogerpon|Trailblaze|p1a: Treat Gusk
|-supereffective|p1a: Treat Gusk
|-damage|p1a: Treat Gusk|0 fnt
|-boost|p2a: Ogerpon|spe|1
|-damage|p2a: Ogerpon|84/100|[from] item: Rocky Helmet|[of] p1a: Treat Gusk
|faint|p1a: Treat Gusk
|-end|p1a: Treat Gusk|Protosynthesis|[silent]
|
|upkeep
|
|t:|1776159738
|switch|p1a: Norman|Dragonite, M|100/100
|turn|6
|
|t:|1776159764
|move|p2a: Ogerpon|Ivy Cudgel|p1a: Norman|[anim] Ivy Cudgel Water
|-resisted|p1a: Norman
|-damage|p1a: Norman|86/100
|move|p1a: Norman|Dragon Dance|p1a: Norman
|-boost|p1a: Norman|atk|1
|-boost|p1a: Norman|spe|1
|
|upkeep
|turn|7
|
|t:|1776159787
|move|p2a: Ogerpon|Encore|p1a: Norman
|-start|p1a: Norman|Encore
|move|p1a: Norman|Dragon Dance|p1a: Norman
|-boost|p1a: Norman|atk|1
|-boost|p1a: Norman|spe|1
|
|upkeep
|turn|8
|
|t:|1776159794
|switch|p1a: Shandy Socks|Sandy Shocks|100/100
|switch|p2a: Raging Bolt|Raging Bolt|100/100
|-enditem|p2a: Raging Bolt|Booster Energy
|-activate|p2a: Raging Bolt|ability: Protosynthesis|[fromitem]
|-start|p2a: Raging Bolt|protosynthesisspa
|
|upkeep
|turn|9
|
|t:|1776159806
|move|p1a: Shandy Socks|Stealth Rock|p2a: Raging Bolt
|-sidestart|p2: mokaka765|move: Stealth Rock
|move|p2a: Raging Bolt|Dragon Pulse|p1a: Shandy Socks
|-damage|p1a: Shandy Socks|27/100
|
|upkeep
|turn|10
|
|t:|1776159818
|move|p1a: Shandy Socks|Earth Power|p2a: Raging Bolt
|-supereffective|p2a: Raging Bolt
|-damage|p2a: Raging Bolt|10/100
|move|p2a: Raging Bolt|Dragon Pulse|p1a: Shandy Socks
|-damage|p1a: Shandy Socks|0 fnt
|faint|p1a: Shandy Socks
|-end|p1a: Shandy Socks|Protosynthesis|[silent]
|
|upkeep
|
|t:|1776159824
|switch|p1a: Tutel|Heatran, M|100/100
|turn|11
|
|t:|1776159838
|move|p2a: Raging Bolt|Thunderclap|p1a: Tutel
|-damage|p1a: Tutel|72/100
|move|p1a: Tutel|Earth Power|p2a: Raging Bolt
|-supereffective|p2a: Raging Bolt
|-damage|p2a: Raging Bolt|0 fnt
|faint|p2a: Raging Bolt
|-end|p2a: Raging Bolt|Protosynthesis|[silent]
|
|upkeep
|
|t:|1776159858
|switch|p2a: Ogerpon|Ogerpon-Wellspring, F|84/100
|-damage|p2a: Ogerpon|72/100|[from] Stealth Rock
|turn|12
|
|t:|1776159886
|move|p2a: Ogerpon|Trailblaze|p1a: Tutel
|-resisted|p1a: Tutel
|-damage|p1a: Tutel|65/100
|-boost|p2a: Ogerpon|spe|1
|move|p1a: Tutel|Lava Plume|p2a: Ogerpon
|-damage|p2a: Ogerpon|20/100
|
|upkeep
|turn|13
|
|t:|1776159897
|-terastallize|p1a: Tutel|Grass
|move|p2a: Ogerpon|Ivy Cudgel|p1a: Tutel|[anim] Ivy Cudgel Water
|-resisted|p1a: Tutel
|-damage|p1a: Tutel|38/100
|move|p1a: Tutel|Lava Plume|p2a: Ogerpon
|-damage|p2a: Ogerpon|0 fnt
|faint|p2a: Ogerpon
|
|upkeep
|
|t:|1776159911
|switch|p2a: Zamazenta|Zamazenta|100/100
|-damage|p2a: Zamazenta|94/100|[from] Stealth Rock
|turn|14
|
|t:|1776159916
|move|p2a: Zamazenta|Close Combat|p1a: Tutel
|-damage|p1a: Tutel|0 fnt
|-unboost|p2a: Zamazenta|def|1
|-unboost|p2a: Zamazenta|spd|1
|faint|p1a: Tutel
|
|upkeep
|
|t:|1776159919
|switch|p1a: Dreepy Dispenser|Dragapult, F|100/100
|turn|15
|
|t:|1776159931
|move|p1a: Dreepy Dispenser|Shadow Ball|p2a: Zamazenta
|-crit|p2a: Zamazenta
|-damage|p2a: Zamazenta|36/100
|move|p2a: Zamazenta|Light Screen|p2a: Zamazenta
|-sidestart|p2: mokaka765|move: Light Screen
|
|upkeep
|turn|16
|
|t:|1776159943
|switch|p2a: Hatterene|Hatterene, F|71/100
|-damage|p2a: Hatterene|59/100|[from] Stealth Rock
|move|p1a: Dreepy Dispenser|Draco Meteor|p2a: Hatterene
|-immune|p2a: Hatterene
|
|-heal|p2a: Hatterene|65/100|[from] item: Leftovers
|upkeep
|turn|17
|
|t:|1776159956
|switch|p1a: Kinder Bueno|Azumarill, F, shiny|100/100
|move|p2a: Hatterene|Draining Kiss|p1a: Kinder Bueno
|-crit|p1a: Kinder Bueno
|-damage|p1a: Kinder Bueno|68/100
|-heal|p2a: Hatterene|96/100|[from] drain|[of] p1a: Kinder Bueno
|
|-heal|p1a: Kinder Bueno|74/100|[from] item: Leftovers
|-heal|p2a: Hatterene|100/100|[from] item: Leftovers
|upkeep
|turn|18
|
|t:|1776159966
|move|p1a: Kinder Bueno|Play Rough|p2a: Hatterene
|-crit|p2a: Hatterene
|-damage|p2a: Hatterene|30/100
|move|p2a: Hatterene|Stored Power|p1a: Kinder Bueno
|-damage|p1a: Kinder Bueno|64/100
|
|-heal|p1a: Kinder Bueno|70/100|[from] item: Leftovers
|-heal|p2a: Hatterene|36/100|[from] item: Leftovers
|upkeep
|turn|19
|
|t:|1776159991
|move|p1a: Kinder Bueno|Play Rough|p2a: Hatterene
|-damage|p2a: Hatterene|0 fnt
|faint|p2a: Hatterene
|
|-heal|p1a: Kinder Bueno|76/100|[from] item: Leftovers
|upkeep
|
|t:|1776159999
|switch|p2a: Zamazenta|Zamazenta|36/100
|-damage|p2a: Zamazenta|30/100|[from] Stealth Rock
|turn|20
|
|t:|1776160013
|move|p2a: Zamazenta|Ice Fang|p1a: Kinder Bueno
|-resisted|p1a: Kinder Bueno
|-damage|p1a: Kinder Bueno|67/100
|move|p1a: Kinder Bueno|Play Rough|p2a: Zamazenta|[miss]
|-miss|p1a: Kinder Bueno|p2a: Zamazenta
|
|-heal|p1a: Kinder Bueno|73/100|[from] item: Leftovers
|upkeep
|turn|21
|
|t:|1776160024
|move|p2a: Zamazenta|Close Combat|p1a: Kinder Bueno
|-resisted|p1a: Kinder Bueno
|-damage|p1a: Kinder Bueno|49/100
|-unboost|p2a: Zamazenta|def|1
|-unboost|p2a: Zamazenta|spd|1
|move|p1a: Kinder Bueno|Play Rough|p2a: Zamazenta|[miss]
|-miss|p1a: Kinder Bueno|p2a: Zamazenta
|
|-heal|p1a: Kinder Bueno|55/100|[from] item: Leftovers
|upkeep
|turn|22
|c|☆connexus200|Kinder Bueno why
|c|☆connexus200|Why must you fail me
|
|t:|1776160049
|switch|p2a: Iron Moth|Iron Moth|100/100
|-damage|p2a: Iron Moth|76/100|[from] Stealth Rock
|-enditem|p2a: Iron Moth|Booster Energy
|-activate|p2a: Iron Moth|ability: Quark Drive|[fromitem]
|-start|p2a: Iron Moth|quarkdrivespe
|move|p1a: Kinder Bueno|Aqua Jet|p2a: Iron Moth
|-supereffective|p2a: Iron Moth
|-damage|p2a: Iron Moth|0 fnt
|faint|p2a: Iron Moth
|-end|p2a: Iron Moth|Quark Drive|[silent]
|
|-heal|p1a: Kinder Bueno|61/100|[from] item: Leftovers
|-sideend|p2: mokaka765|move: Light Screen
|upkeep
|
|t:|1776160062
|switch|p2a: Zamazenta|Zamazenta|30/100
|-damage|p2a: Zamazenta|24/100|[from] Stealth Rock
|turn|23
|
|t:|1776160066
|move|p1a: Kinder Bueno|Aqua Jet|p2a: Zamazenta
|-damage|p2a: Zamazenta|4/100
|move|p2a: Zamazenta|Close Combat|p1a: Kinder Bueno
|-resisted|p1a: Kinder Bueno
|-damage|p1a: Kinder Bueno|34/100
|-unboost|p2a: Zamazenta|def|1
|-unboost|p2a: Zamazenta|spd|1
|
|-heal|p1a: Kinder Bueno|40/100|[from] item: Leftovers
|upkeep
|turn|24
|c|☆connexus200|GG
|
|t:|1776160077
|move|p1a: Kinder Bueno|Aqua Jet|p2a: Zamazenta
|-damage|p2a: Zamazenta|0 fnt
|faint|p2a: Zamazenta
|
|win|connexus200
|raw|connexus200's rating: 1184 &rarr; <strong>1204</strong><br />(+20 for winning)
|raw|mokaka765's rating: 1111 &rarr; <strong>1091</strong><br />(-20 for losing)
