|html|<div class="broadcast-blue"><strong>[Gen 9] OU is currently suspecting Tera Blast! For information on how to participate check out the <a href="https://www.smogon.com/tools/suspects/view/200">suspect thread</a>.</strong></div>
|j|☆goodnightnite
|j|☆bahnmiking
|t:|1776075460
|gametype|singles
|player|p1|goodnightnite|cynthia-masters|1642
|player|p2|bahnmiking|bianca|1674
|gen|9
|tier|[Gen 9] OU
|rated|
|rule|HP Percentage Mod: HP is shown in percentages
|rule|Endless Battle Clause: Forcing endless battles is banned
|rule|Species Clause: Limit one of each Pokémon
|rule|OHKO Clause: OHKO moves are banned
|rule|Evasion Items Clause: Evasion items are banned
|rule|Evasion Moves Clause: Evasion moves are banned
|rule|Evasion Abilities Clause: Evasion abilities are banned
|rule|Sleep Moves Clause: Sleep-inducing moves are banned
|clearpoke
|poke|p1|Pelipper, F|
|poke|p1|Raging Bolt|
|poke|p1|Overqwil, M|
|poke|p1|Barraskewda, M|
|poke|p1|Iron Treads|
|poke|p1|Kingambit, M|
|poke|p2|Gholdengo|
|poke|p2|Raging Bolt|
|poke|p2|Ceruledge, F|
|poke|p2|Ribombee, M|
|poke|p2|Dragonite, F|
|poke|p2|Great Tusk|
|teampreview
|inactive|Battle timer is ON: inactive players will automatically lose when time's up. (requested by goodnightnite)
|j| ohko_smeargle
|
|t:|1776075465
|teamsize|p1|6
|teamsize|p2|6
|start
|switch|p1a: Iron Treads|Iron Treads|100/100
|switch|p2a: Ribombee|Ribombee, M|100/100
|-enditem|p1a: Iron Treads|Booster Energy
|-activate|p1a: Iron Treads|ability: Quark Drive|[fromitem]
|-start|p1a: Iron Treads|quarkdrivespe
|turn|1
|
|t:|1776075470
|move|p1a: Iron Treads|Rapid Spin|p2a: Ribombee
|-damage|p2a: Ribombee|79/100
|-boost|p1a: Iron Treads|spe|1
|move|p2a: Ribombee|Stun Spore|p1a: Iron Treads
|-status|p1a: Iron Treads|par
|
|upkeep
|turn|2
|
|t:|1776075478
|move|p2a: Ribombee|Sticky Web|p1a: Iron Treads
|-sidestart|p1: goodnightnite|move: Sticky Web
|cant|p1a: Iron Treads|par
|
|upkeep
|turn|3
|
|t:|1776075482
|switch|p2a: Gholdengo|Gholdengo|100/100
|-item|p2a: Gholdengo|Air Balloon
|cant|p1a: Iron Treads|par
|
|upkeep
|turn|4
|
|t:|1776075487
|move|p1a: Iron Treads|Stealth Rock|p2a: Gholdengo
|-sidestart|p2: bahnmiking|move: Stealth Rock
|move|p2a: Gholdengo|Nasty Plot|p2a: Gholdengo
|-boost|p2a: Gholdengo|spa|2
|
|upkeep
|turn|5
|
|t:|1776075493
|-end|p1a: Iron Treads|Quark Drive|[silent]
|switch|p1a: Kingambit|Kingambit, M|100/100
|-activate|p1a: Kingambit|move: Sticky Web
|-unboost|p1a: Kingambit|spe|1
|move|p2a: Gholdengo|Shadow Ball|p1a: Kingambit
|-resisted|p1a: Kingambit
|-damage|p1a: Kingambit|57/100
|-unboost|p1a: Kingambit|spd|1
|
|-heal|p1a: Kingambit|63/100|[from] item: Leftovers
|upkeep
|turn|6
|
|t:|1776075512
|-terastallize|p2a: Gholdengo|Fairy
|move|p1a: Kingambit|Sucker Punch|p2a: Gholdengo
|-resisted|p2a: Gholdengo
|-damage|p2a: Gholdengo|78/100
|-enditem|p2a: Gholdengo|Air Balloon
|move|p2a: Gholdengo|Dazzling Gleam|p1a: Kingambit
|-damage|p1a: Kingambit|0 fnt
|faint|p1a: Kingambit
|-end|p1a: Kingambit|fallenundefined|[silent]
|
|upkeep
|j| Kyurem
|
|t:|1776075529
|switch|p1a: Pelipper|Pelipper, F|100/100
|-weather|RainDance|[from] ability: Drizzle|[of] p1a: Pelipper
|turn|7
|
|t:|1776075536
|switch|p1a: Overqwil|Overqwil, M|100/100
|-activate|p1a: Overqwil|move: Sticky Web
|-unboost|p1a: Overqwil|spe|1
|move|p2a: Gholdengo|Dazzling Gleam|p1a: Overqwil
|-damage|p1a: Overqwil|0 fnt
|faint|p1a: Overqwil
|
|-weather|RainDance|[upkeep]
|upkeep
|
|t:|1776075540
|switch|p1a: Barraskewda|Barraskewda, M|100/100
|-activate|p1a: Barraskewda|move: Sticky Web
|-unboost|p1a: Barraskewda|spe|1
|turn|8
|
|t:|1776075544
|switch|p2a: Ribombee|Ribombee, M|79/100
|-damage|p2a: Ribombee|55/100|[from] Stealth Rock
|move|p1a: Barraskewda|Flip Turn|p2a: Ribombee
|-damage|p2a: Ribombee|0 fnt
|faint|p2a: Ribombee
|
|t:|1776075549
|switch|p1a: Raging Bolt|Raging Bolt|100/100|[from] Flip Turn
|-activate|p1a: Raging Bolt|move: Sticky Web
|-unboost|p1a: Raging Bolt|spe|1
|-enditem|p1a: Raging Bolt|Booster Energy
|-activate|p1a: Raging Bolt|ability: Protosynthesis|[fromitem]
|-start|p1a: Raging Bolt|protosynthesisspa
|
|-weather|RainDance|[upkeep]
|upkeep
|j| gsdfgsfsfes
|
|t:|1776075564
|switch|p2a: Great Tusk|Great Tusk|100/100
|-damage|p2a: Great Tusk|98/100|[from] Stealth Rock
|-enditem|p2a: Great Tusk|Booster Energy
|-activate|p2a: Great Tusk|ability: Protosynthesis|[fromitem]
|-start|p2a: Great Tusk|protosynthesisatk
|turn|9
|
|t:|1776075573
|-terastallize|p1a: Raging Bolt|Fairy
|move|p2a: Great Tusk|Headlong Rush|p1a: Raging Bolt
|-damage|p1a: Raging Bolt|34/100
|-unboost|p2a: Great Tusk|def|1
|-unboost|p2a: Great Tusk|spd|1
|move|p1a: Raging Bolt|Weather Ball|p2a: Great Tusk
|-supereffective|p2a: Great Tusk
|-damage|p2a: Great Tusk|0 fnt
|faint|p2a: Great Tusk
|-end|p2a: Great Tusk|Protosynthesis|[silent]
|
|-weather|RainDance|[upkeep]
|upkeep
|
|t:|1776075592
|switch|p2a: Raging Bolt|Raging Bolt|100/100
|-damage|p2a: Raging Bolt|88/100|[from] Stealth Rock
|-enditem|p2a: Raging Bolt|Booster Energy
|-activate|p2a: Raging Bolt|ability: Protosynthesis|[fromitem]
|-start|p2a: Raging Bolt|protosynthesisspa
|turn|10
|
|t:|1776075598
|-end|p1a: Raging Bolt|Protosynthesis|[silent]
|switch|p1a: Iron Treads|Iron Treads|100/100 par
|-activate|p1a: Iron Treads|move: Sticky Web
|-unboost|p1a: Iron Treads|spe|1
|move|p2a: Raging Bolt|Discharge|p1a: Iron Treads
|-immune|p1a: Iron Treads
|
|-weather|RainDance|[upkeep]
|upkeep
|turn|11
|
|t:|1776075607
|move|p2a: Raging Bolt|Dragon Pulse|p1a: Iron Treads
|-resisted|p1a: Iron Treads
|-damage|p1a: Iron Treads|53/100 par
|move|p1a: Iron Treads|Rapid Spin|p2a: Raging Bolt
|-damage|p2a: Raging Bolt|77/100
|-boost|p1a: Iron Treads|spe|1
|-sideend|p1: goodnightnite|Sticky Web|[from] move: Rapid Spin|[of] p1a: Iron Treads
|
|-weather|RainDance|[upkeep]
|upkeep
|turn|12
|
|t:|1776075612
|move|p2a: Raging Bolt|Dragon Pulse|p1a: Iron Treads
|-resisted|p1a: Iron Treads
|-damage|p1a: Iron Treads|3/100 par
|cant|p1a: Iron Treads|par
|
|-weather|RainDance|[upkeep]
|upkeep
|turn|13
|
|t:|1776075618
|move|p2a: Raging Bolt|Dragon Pulse|p1a: Iron Treads
|-resisted|p1a: Iron Treads
|-crit|p1a: Iron Treads
|-damage|p1a: Iron Treads|0 fnt
|faint|p1a: Iron Treads
|-end|p1a: Iron Treads|Quark Drive|[silent]
|
|-weather|RainDance|[upkeep]
|upkeep
|j| chillncurry
|
|t:|1776075624
|switch|p1a: Raging Bolt|Raging Bolt, tera:Fairy|34/100
|turn|14
|
|t:|1776075627
|move|p2a: Raging Bolt|Discharge|p1a: Raging Bolt
|-crit|p1a: Raging Bolt
|-damage|p1a: Raging Bolt|0 fnt
|faint|p1a: Raging Bolt
|-end|p1a: Raging Bolt|Protosynthesis|[silent]
|
|-weather|none
|upkeep
|-message|goodnightnite forfeited.
|
|win|bahnmiking
|raw|goodnightnite's rating: 1642 &rarr; <strong>1624</strong><br />(-18 for losing)
|raw|bahnmiking's rating: 1674 &rarr; <strong>1692</strong><br />(+18 for winning)
|l|☆goodnightnite
|player|p1|
|l| ohko_smeargle
|l| chillncurry
