|html|<div class="broadcast-blue"><strong>[Gen 9] OU is currently suspecting Tera Blast! For information on how to participate check out the <a href="https://www.smogon.com/tools/suspects/view/200">suspect thread</a>.</strong></div>
|j|☆mano5608
|j|☆Drftskull
|t:|1776137508
|gametype|singles
|player|p1|mano5608|1|1111
|player|p2|Drftskull|colress|1108
|gen|9
|tier|[Gen 9] OU
|rated|
|rule|HP Percentage Mod: HP is shown in percentages
|rule|Endless Battle Clause: Forcing endless battles is banned
|rule|Species Clause: Limit one of each Pokémon
|rule|OHKO Clause: OHKO moves are banned
|rule|Evasion Items Clause: Evasion items are banned
|rule|Evasion Moves Clause: Evasion moves are banned
|rule|Evasion Abilities Clause: Evasion abilities are banned
|rule|Sleep Moves Clause: Sleep-inducing moves are banned
|clearpoke
|poke|p1|Pelipper, F|
|poke|p1|Barraskewda, M|
|poke|p1|Ting-Lu|
|poke|p1|Alomomola, M|
|poke|p1|Jolteon, M|
|poke|p1|Hydreigon, F|
|poke|p2|Tyranitar, F|
|poke|p2|Excadrill, M|
|poke|p2|Kingambit, F|
|poke|p2|Garchomp, F|
|poke|p2|Pecharunt|
|poke|p2|Rotom-Wash|
|teampreview
|
|t:|1776137513
|teamsize|p1|6
|teamsize|p2|6
|start
|switch|p1a: Pelipper|Pelipper, F|100/100
|switch|p2a: Tyranitar|Tyranitar, F|100/100
|-weather|RainDance|[from] ability: Drizzle|[of] p1a: Pelipper
|-weather|Sandstorm|[from] ability: Sand Stream|[of] p2a: Tyranitar
|turn|1
|inactive|Battle timer is ON: inactive players will automatically lose when time's up. (requested by mano5608)
|
|t:|1776137525
|switch|p1a: Alomomola|Alomomola, M|100/100
|switch|p2a: Rotom|Rotom-Wash|100/100
|
|-weather|Sandstorm|[upkeep]
|-damage|p2a: Rotom|94/100|[from] Sandstorm
|-damage|p1a: Alomomola|94/100|[from] Sandstorm
|-heal|p2a: Rotom|100/100|[from] item: Leftovers
|upkeep
|turn|2
|
|t:|1776137530
|move|p2a: Rotom|Volt Switch|p1a: Alomomola
|-supereffective|p1a: Alomomola
|-damage|p1a: Alomomola|39/100
|
|t:|1776137533
|switch|p2a: Pecharunt|Pecharunt|100/100|[from] Volt Switch
|-item|p2a: Pecharunt|Air Balloon
|move|p1a: Alomomola|Flip Turn|p2a: Pecharunt
|-damage|p2a: Pecharunt|93/100
|-enditem|p2a: Pecharunt|Air Balloon
|
|t:|1776137538
|switch|p1a: Pelipper|Pelipper, F|100/100|[from] Flip Turn
|-weather|RainDance|[from] ability: Drizzle|[of] p1a: Pelipper
|
|-weather|RainDance|[upkeep]
|upkeep
|turn|3
|
|t:|1776137545
|switch|p1a: Ting-Lu|Ting-Lu|100/100
|-ability|p1a: Ting-Lu|Vessel of Ruin
|move|p2a: Pecharunt|Parting Shot|p1a: Ting-Lu
|-unboost|p1a: Ting-Lu|atk|1
|-unboost|p1a: Ting-Lu|spa|1
|
|t:|1776137548
|switch|p2a: Tyranitar|Tyranitar, F|100/100|[from] Parting Shot
|-weather|Sandstorm|[from] ability: Sand Stream|[of] p2a: Tyranitar
|
|-weather|Sandstorm|[upkeep]
|upkeep
|turn|4
|
|t:|1776137561
|move|p2a: Tyranitar|Ice Beam|p1a: Ting-Lu
|-supereffective|p1a: Ting-Lu
|-damage|p1a: Ting-Lu|85/100
|move|p1a: Ting-Lu|Earthquake|p2a: Tyranitar
|-supereffective|p2a: Tyranitar
|-damage|p2a: Tyranitar|60/100
|
|-weather|Sandstorm|[upkeep]
|-heal|p1a: Ting-Lu|91/100|[from] item: Leftovers
|upkeep
|turn|5
|
|t:|1776137568
|move|p2a: Tyranitar|Knock Off|p1a: Ting-Lu
|-resisted|p1a: Ting-Lu
|-damage|p1a: Ting-Lu|79/100
|-enditem|p1a: Ting-Lu|Leftovers|[from] move: Knock Off|[of] p2a: Tyranitar
|move|p1a: Ting-Lu|Stealth Rock|p2a: Tyranitar
|-sidestart|p2: Drftskull|move: Stealth Rock
|
|-weather|Sandstorm|[upkeep]
|upkeep
|turn|6
|
|t:|1776137572
|move|p2a: Tyranitar|Stealth Rock|p1a: Ting-Lu
|-sidestart|p1: mano5608|move: Stealth Rock
|move|p1a: Ting-Lu|Spikes|p2a: Tyranitar
|-sidestart|p2: Drftskull|Spikes
|
|-weather|Sandstorm|[upkeep]
|upkeep
|turn|7
|
|t:|1776137585
|switch|p2a: Excadrill|Excadrill, M|100/100
|-damage|p2a: Excadrill|97/100|[from] Stealth Rock
|-damage|p2a: Excadrill|85/100|[from] Spikes
|move|p1a: Ting-Lu|Whirlwind|p2a: Excadrill
|drag|p2a: Tyranitar|Tyranitar, F|60/100
|-damage|p2a: Tyranitar|48/100|[from] Stealth Rock
|-damage|p2a: Tyranitar|36/100|[from] Spikes
|
|-weather|Sandstorm|[upkeep]
|upkeep
|turn|8
|
|t:|1776137593
|move|p2a: Tyranitar|Knock Off|p1a: Ting-Lu
|-resisted|p1a: Ting-Lu
|-damage|p1a: Ting-Lu|71/100
|move|p1a: Ting-Lu|Earthquake|p2a: Tyranitar
|-supereffective|p2a: Tyranitar
|-damage|p2a: Tyranitar|0 fnt
|faint|p2a: Tyranitar
|
|-weather|Sandstorm|[upkeep]
|upkeep
|
|t:|1776137597
|switch|p2a: Excadrill|Excadrill, M|85/100
|-damage|p2a: Excadrill|82/100|[from] Stealth Rock
|-damage|p2a: Excadrill|69/100|[from] Spikes
|turn|9
|
|t:|1776137600
|switch|p1a: Pelipper|Pelipper, F|100/100
|-damage|p1a: Pelipper|76/100|[from] Stealth Rock
|-weather|RainDance|[from] ability: Drizzle|[of] p1a: Pelipper
|move|p2a: Excadrill|Earthquake|p1a: Pelipper
|-immune|p1a: Pelipper
|
|-weather|RainDance|[upkeep]
|upkeep
|turn|10
|
|t:|1776137606
|switch|p2a: Rotom|Rotom-Wash|100/100
|-damage|p2a: Rotom|88/100|[from] Stealth Rock
|move|p1a: Pelipper|U-turn|p2a: Rotom
|-damage|p2a: Rotom|81/100
|
|t:|1776137609
|switch|p1a: Alomomola|Alomomola, M|73/100|[from] U-turn
|
|-weather|RainDance|[upkeep]
|-heal|p2a: Rotom|88/100|[from] item: Leftovers
|upkeep
|turn|11
|
|t:|1776137613
|move|p2a: Rotom|Volt Switch|p1a: Alomomola
|-supereffective|p1a: Alomomola
|-damage|p1a: Alomomola|15/100
|
|t:|1776137616
|switch|p2a: Pecharunt|Pecharunt|93/100|[from] Volt Switch
|-damage|p2a: Pecharunt|81/100|[from] Stealth Rock
|-damage|p2a: Pecharunt|68/100|[from] Spikes
|move|p1a: Alomomola|Mirror Coat|p2a: Pecharunt
|-damage|p2a: Pecharunt|0 fnt
|faint|p2a: Pecharunt
|
|-weather|RainDance|[upkeep]
|upkeep
|
|t:|1776137620
|switch|p2a: Rotom|Rotom-Wash|88/100
|-damage|p2a: Rotom|75/100|[from] Stealth Rock
|turn|12
|
|t:|1776137624
|switch|p1a: Jolteon|Jolteon, M|100/100
|-damage|p1a: Jolteon|88/100|[from] Stealth Rock
|move|p2a: Rotom|Volt Switch|p1a: Jolteon
|-heal|p1a: Jolteon|100/100|[from] ability: Volt Absorb|[of] p2a: Rotom
|
|-weather|RainDance|[upkeep]
|-heal|p2a: Rotom|81/100|[from] item: Leftovers
|upkeep
|turn|13
|
|t:|1776137633
|switch|p2a: Garchomp|Garchomp, F|100/100
|-damage|p2a: Garchomp|94/100|[from] Stealth Rock
|-damage|p2a: Garchomp|82/100|[from] Spikes
|move|p1a: Jolteon|Volt Switch|p2a: Garchomp
|-immune|p2a: Garchomp
|
|-weather|RainDance|[upkeep]
|upkeep
|turn|14
|
|t:|1776137640
|switch|p1a: Hydreigon|Hydreigon, F|100/100
|-damage|p1a: Hydreigon|88/100|[from] Stealth Rock
|move|p2a: Garchomp|Earthquake|p1a: Hydreigon
|-immune|p1a: Hydreigon|[from] ability: Levitate
|
|-weather|RainDance|[upkeep]
|upkeep
|turn|15
|
|t:|1776137648
|move|p1a: Hydreigon|Draco Meteor|p2a: Garchomp
|-supereffective|p2a: Garchomp
|-damage|p2a: Garchomp|0 fnt
|-unboost|p1a: Hydreigon|spa|2
|faint|p2a: Garchomp
|
|-weather|RainDance|[upkeep]
|upkeep
|
|t:|1776137652
|switch|p2a: Rotom|Rotom-Wash|81/100
|-damage|p2a: Rotom|69/100|[from] Stealth Rock
|turn|16
|
|t:|1776137666
|move|p1a: Hydreigon|Draco Meteor|p2a: Rotom
|-damage|p2a: Rotom|32/100
|-unboost|p1a: Hydreigon|spa|2
|move|p2a: Rotom|Hydro Pump|p1a: Hydreigon
|-resisted|p1a: Hydreigon
|-damage|p1a: Hydreigon|55/100
|
|-weather|none
|-heal|p2a: Rotom|38/100|[from] item: Leftovers
|upkeep
|turn|17
|
|t:|1776137672
|switch|p1a: Pelipper|Pelipper, F|76/100
|-damage|p1a: Pelipper|51/100|[from] Stealth Rock
|-weather|RainDance|[from] ability: Drizzle|[of] p1a: Pelipper
|move|p2a: Rotom|Volt Switch|p1a: Pelipper
|-supereffective|p1a: Pelipper
|-damage|p1a: Pelipper|0 fnt
|faint|p1a: Pelipper
|
|t:|1776137676
|switch|p2a: Excadrill|Excadrill, M|69/100|[from] Volt Switch
|-damage|p2a: Excadrill|66/100|[from] Stealth Rock
|-damage|p2a: Excadrill|54/100|[from] Spikes
|
|-weather|RainDance|[upkeep]
|upkeep
|
|t:|1776137678
|switch|p1a: Barraskewda|Barraskewda, M|100/100
|-damage|p1a: Barraskewda|88/100|[from] Stealth Rock
|turn|18
|
|t:|1776137683
|switch|p2a: Rotom|Rotom-Wash|38/100
|-damage|p2a: Rotom|26/100|[from] Stealth Rock
|-terastallize|p1a: Barraskewda|Water
|move|p1a: Barraskewda|Liquidation|p2a: Rotom
|-resisted|p2a: Rotom
|-damage|p2a: Rotom|0 fnt
|faint|p2a: Rotom
|
|-weather|RainDance|[upkeep]
|upkeep
|
|t:|1776137686
|switch|p2a: Excadrill|Excadrill, M|54/100
|-damage|p2a: Excadrill|51/100|[from] Stealth Rock
|-damage|p2a: Excadrill|38/100|[from] Spikes
|turn|19
|
|t:|1776137691
|move|p1a: Barraskewda|Liquidation|p2a: Excadrill
|-supereffective|p2a: Excadrill
|-damage|p2a: Excadrill|0 fnt
|faint|p2a: Excadrill
|
|-weather|RainDance|[upkeep]
|upkeep
|
|t:|1776137694
|switch|p2a: Kingambit|Kingambit, F|100/100
|-damage|p2a: Kingambit|94/100|[from] Stealth Rock
|-damage|p2a: Kingambit|82/100|[from] Spikes
|-activate|p2a: Kingambit|ability: Supreme Overlord
|-start|p2a: Kingambit|fallen5|[silent]
|turn|20
|
|t:|1776137698
|move|p2a: Kingambit|Sucker Punch|p1a: Barraskewda
|-damage|p1a: Barraskewda|0 fnt
|faint|p1a: Barraskewda
|
|-weather|RainDance|[upkeep]
|upkeep
|
|t:|1776137700
|switch|p1a: Hydreigon|Hydreigon, F|55/100
|-damage|p1a: Hydreigon|42/100|[from] Stealth Rock
|turn|21
|
|t:|1776137707
|-terastallize|p2a: Kingambit|Dark
|move|p1a: Hydreigon|Earth Power|p2a: Kingambit
|-damage|p2a: Kingambit|49/100
|move|p2a: Kingambit|Iron Head|p1a: Hydreigon
|-damage|p1a: Hydreigon|0 fnt
|faint|p1a: Hydreigon
|
|-weather|RainDance|[upkeep]
|upkeep
|
|t:|1776137715
|switch|p1a: Ting-Lu|Ting-Lu|71/100
|-damage|p1a: Ting-Lu|65/100|[from] Stealth Rock
|-ability|p1a: Ting-Lu|Vessel of Ruin
|turn|22
|
|t:|1776137730
|move|p2a: Kingambit|Iron Head|p1a: Ting-Lu
|-damage|p1a: Ting-Lu|22/100
|move|p1a: Ting-Lu|Earthquake|p2a: Kingambit
|-damage|p2a: Kingambit|19/100
|
|-weather|RainDance|[upkeep]
|upkeep
|turn|23
|
|t:|1776137750
|move|p2a: Kingambit|Iron Head|p1a: Ting-Lu
|-damage|p1a: Ting-Lu|0 fnt
|faint|p1a: Ting-Lu
|
|-weather|RainDance|[upkeep]
|upkeep
|
|t:|1776137752
|switch|p1a: Alomomola|Alomomola, M|49/100
|turn|24
|
|t:|1776137757
|move|p2a: Kingambit|Sucker Punch||[still]
|-fail|p2a: Kingambit
|move|p1a: Alomomola|Wish|p1a: Alomomola
|
|-weather|none
|upkeep
|turn|25
|
|t:|1776137768
|move|p2a: Kingambit|Sucker Punch|p1a: Alomomola
|-damage|p1a: Alomomola|0 fnt
|faint|p1a: Alomomola
|
|upkeep
|
|t:|1776137771
|switch|p1a: Jolteon|Jolteon, M|100/100
|-damage|p1a: Jolteon|88/100|[from] Stealth Rock
|turn|26
|
|t:|1776137776
|move|p2a: Kingambit|Sucker Punch|p1a: Jolteon
|-damage|p1a: Jolteon|0 fnt
|faint|p1a: Jolteon
|
|win|Drftskull
|raw|mano5608's rating: 1111 &rarr; <strong>1086</strong><br />(-25 for losing)
|raw|Drftskull's rating: 1108 &rarr; <strong>1133</strong><br />(+25 for winning)
|l|☆mano5608
|player|p1|
