|html|<div class="broadcast-blue"><strong>[Gen 9] OU is currently suspecting Tera Blast! For information on how to participate check out the <a href="https://www.smogon.com/tools/suspects/view/200">suspect thread</a>.</strong></div>
|j|☆kulaan mey
|j|☆jojo100000
|t:|1776083007
|gametype|singles
|player|p1|kulaan mey|scientist-gen4|1249
|player|p2|jojo100000|265|1233
|gen|9
|tier|[Gen 9] OU
|rated|
|rule|HP Percentage Mod: HP is shown in percentages
|rule|Endless Battle Clause: Forcing endless battles is banned
|rule|Species Clause: Limit one of each Pokémon
|rule|OHKO Clause: OHKO moves are banned
|rule|Evasion Items Clause: Evasion items are banned
|rule|Evasion Moves Clause: Evasion moves are banned
|rule|Evasion Abilities Clause: Evasion abilities are banned
|rule|Sleep Moves Clause: Sleep-inducing moves are banned
|clearpoke
|poke|p1|Incineroar, M|
|poke|p1|Darkrai|
|poke|p1|Rhyperior, M|
|poke|p1|Ting-Lu|
|poke|p1|Kyurem|
|poke|p1|Slowking, M|
|poke|p2|Landorus-Therian, M|
|poke|p2|Kingambit, M|
|poke|p2|Walking Wake|
|poke|p2|Tornadus-Therian, M|
|poke|p2|Gholdengo|
|poke|p2|Cinderace, F|
|teampreview
|
|t:|1776083040
|teamsize|p1|6
|teamsize|p2|6
|start
|switch|p1a: Incineroar|Incineroar, M, shiny|100/100
|switch|p2a: Landorus|Landorus-Therian, M|100/100
|-ability|p2a: Landorus|Intimidate|boost
|-unboost|p1a: Incineroar|atk|1
|-ability|p1a: Incineroar|Intimidate|boost
|-unboost|p2a: Landorus|atk|1
|turn|1
|
|t:|1776083044
|switch|p1a: Slowking|Slowking, M, shiny|100/100
|move|p2a: Landorus|Earthquake|p1a: Slowking
|-crit|p1a: Slowking
|-damage|p1a: Slowking|43/100
|
|upkeep
|turn|2
|
|t:|1776083059
|move|p2a: Landorus|Stealth Rock|p1a: Slowking
|-sidestart|p1: kulaan mey|move: Stealth Rock
|-prepare|p1a: Slowking|Chilly Reception|[premajor]
|move|p1a: Slowking|Chilly Reception|p1a: Slowking
|-weather|Snowscape
|
|t:|1776083068
|switch|p1a: Darkrai|Darkrai|100/100|[from] Chilly Reception
|-damage|p1a: Darkrai|88/100|[from] Stealth Rock
|
|-weather|Snowscape|[upkeep]
|upkeep
|turn|3
|
|t:|1776083107
|move|p1a: Darkrai|Ice Beam|p2a: Landorus
|-supereffective|p2a: Landorus
|-enditem|p2a: Landorus|Yache Berry|[eat]
|-enditem|p2a: Landorus|Yache Berry|[weaken]
|-damage|p2a: Landorus|0 fnt
|faint|p2a: Landorus
|
|-weather|Snowscape|[upkeep]
|upkeep
|
|t:|1776083132
|switch|p2a: Gholdengo|Gholdengo|100/100
|-item|p2a: Gholdengo|Air Balloon
|turn|4
|
|t:|1776083145
|move|p1a: Darkrai|Ice Beam|p2a: Gholdengo
|-resisted|p2a: Gholdengo
|-damage|p2a: Gholdengo|74/100
|-enditem|p2a: Gholdengo|Air Balloon
|move|p2a: Gholdengo|Focus Blast|p1a: Darkrai|[miss]
|-miss|p2a: Gholdengo|p1a: Darkrai
|
|-weather|Snowscape|[upkeep]
|upkeep
|turn|5
|
|t:|1776083213
|switch|p1a: Ting-Lu|Ting-Lu, shiny|100/100
|-damage|p1a: Ting-Lu|94/100|[from] Stealth Rock
|-ability|p1a: Ting-Lu|Vessel of Ruin
|move|p2a: Gholdengo|Focus Blast|p1a: Ting-Lu|[miss]
|-miss|p2a: Gholdengo|p1a: Ting-Lu
|
|-weather|Snowscape|[upkeep]
|-heal|p1a: Ting-Lu|100/100|[from] item: Leftovers
|upkeep
|turn|6
|
|t:|1776083277
|switch|p2a: Cinderace|Cinderace, F|100/100
|move|p1a: Ting-Lu|Spikes|p2a: Cinderace
|-sidestart|p2: jojo100000|Spikes
|
|-weather|none
|upkeep
|turn|7
|
|t:|1776083295
|move|p2a: Cinderace|High Jump Kick|p1a: Ting-Lu
|-start|p2a: Cinderace|typechange|Fighting|[from] ability: Libero
|-supereffective|p1a: Ting-Lu
|-damage|p1a: Ting-Lu|29/100
|-damage|p2a: Cinderace|91/100|[from] item: Life Orb
|move|p1a: Ting-Lu|Spikes|p2a: Cinderace
|-sidestart|p2: jojo100000|Spikes
|
|-heal|p1a: Ting-Lu|35/100|[from] item: Leftovers
|upkeep
|turn|8
|
|t:|1776083303
|switch|p1a: Slowking|Slowking, M, shiny|77/100
|move|p2a: Cinderace|High Jump Kick|p1a: Slowking
|-resisted|p1a: Slowking
|-crit|p1a: Slowking
|-damage|p1a: Slowking|36/100
|-damage|p2a: Cinderace|81/100|[from] item: Life Orb
|
|upkeep
|turn|9
|c|☆kulaan mey|can you stop crit my child
|inactive|Battle timer is ON: inactive players will automatically lose when time's up. (requested by jojo100000)
|
|t:|1776083317
|move|p2a: Cinderace|U-turn|p1a: Slowking
|-supereffective|p1a: Slowking
|-damage|p1a: Slowking|0 fnt
|faint|p1a: Slowking
|-damage|p2a: Cinderace|71/100|[from] item: Life Orb
|
|t:|1776083322
|switch|p2a: Gholdengo|Gholdengo|74/100|[from] U-turn
|-damage|p2a: Gholdengo|58/100|[from] Spikes
|
|upkeep
|c|☆jojo100000|xd
|
|t:|1776083325
|switch|p1a: Darkrai|Darkrai|88/100
|-damage|p1a: Darkrai|76/100|[from] Stealth Rock
|turn|10
|
|t:|1776083327
|move|p1a: Darkrai|Dark Pulse|p2a: Gholdengo
|-supereffective|p2a: Gholdengo
|-damage|p2a: Gholdengo|0 fnt
|faint|p2a: Gholdengo
|
|upkeep
|
|t:|1776083329
|switch|p2a: Kingambit|Kingambit, M|100/100
|-damage|p2a: Kingambit|84/100|[from] Spikes
|-activate|p2a: Kingambit|ability: Supreme Overlord
|-start|p2a: Kingambit|fallen2|[silent]
|turn|11
|
|t:|1776083332
|switch|p1a: Incineroar|Incineroar, M, shiny|100/100
|-ability|p1a: Incineroar|Intimidate|boost
|-unboost|p2a: Kingambit|atk|1
|move|p2a: Kingambit|Iron Head|p1a: Incineroar
|-resisted|p1a: Incineroar
|-damage|p1a: Incineroar|88/100
|
|-heal|p2a: Kingambit|90/100|[from] item: Leftovers
|upkeep
|turn|12
|
|t:|1776083336
|-end|p2a: Kingambit|fallen2|[silent]
|switch|p2a: Walking Wake|Walking Wake|100/100
|-damage|p2a: Walking Wake|84/100|[from] Spikes
|move|p1a: Incineroar|Will-O-Wisp|p2a: Walking Wake
|-status|p2a: Walking Wake|brn
|
|-damage|p2a: Walking Wake|78/100 brn|[from] brn
|upkeep
|turn|13
|
|t:|1776083343
|-terastallize|p1a: Incineroar|Water
|move|p2a: Walking Wake|Draco Meteor|p1a: Incineroar|[miss]
|-miss|p2a: Walking Wake|p1a: Incineroar
|move|p1a: Incineroar|Knock Off|p2a: Walking Wake
|-damage|p2a: Walking Wake|37/100 brn
|-enditem|p2a: Walking Wake|Choice Specs|[from] move: Knock Off|[of] p1a: Incineroar
|
|-damage|p2a: Walking Wake|31/100 brn|[from] brn
|upkeep
|turn|14
|
|t:|1776083353
|move|p2a: Walking Wake|Draco Meteor|p1a: Incineroar
|-damage|p1a: Incineroar|27/100
|-unboost|p2a: Walking Wake|spa|2
|move|p1a: Incineroar|Knock Off|p2a: Walking Wake
|-damage|p2a: Walking Wake|4/100 brn
|
|-damage|p2a: Walking Wake|0 fnt|[from] brn
|faint|p2a: Walking Wake
|-end|p2a: Walking Wake|Protosynthesis|[silent]
|upkeep
|
|t:|1776083361
|switch|p2a: Cinderace|Cinderace, F|71/100
|-damage|p2a: Cinderace|54/100|[from] Spikes
|turn|15
|
|t:|1776083364
|switch|p1a: Rhyperior|Rhyperior, M|100/100
|-damage|p1a: Rhyperior|94/100|[from] Stealth Rock
|move|p2a: Cinderace|High Jump Kick|p1a: Rhyperior
|-start|p2a: Cinderace|typechange|Fighting|[from] ability: Libero
|-supereffective|p1a: Rhyperior
|-damage|p1a: Rhyperior|10/100
|-damage|p2a: Cinderace|44/100|[from] item: Life Orb
|
|-heal|p1a: Rhyperior|16/100|[from] item: Leftovers
|upkeep
|turn|16
|
|t:|1776083372
|move|p2a: Cinderace|High Jump Kick|p1a: Rhyperior|[miss]
|-miss|p2a: Cinderace|p1a: Rhyperior
|-damage|p2a: Cinderace|0 fnt|[from] highjumpkick
|faint|p2a: Cinderace
|move|p1a: Rhyperior|Stealth Rock|p2: Cinderace
|-sidestart|p2: jojo100000|move: Stealth Rock
|
|-heal|p1a: Rhyperior|22/100|[from] item: Leftovers
|upkeep
|
|t:|1776083375
|switch|p2a: Tornadus|Tornadus-Therian, M|100/100
|turn|17
|
|t:|1776083377
|move|p2a: Tornadus|Hurricane|p1a: Rhyperior
|-resisted|p1a: Rhyperior
|-damage|p1a: Rhyperior|0 fnt
|faint|p1a: Rhyperior
|
|upkeep
|
|t:|1776083381
|switch|p1a: Kyurem|Kyurem|100/100
|-damage|p1a: Kyurem|75/100|[from] Stealth Rock
|-ability|p1a: Kyurem|Pressure
|turn|18
|
|t:|1776083384
|move|p2a: Tornadus|Hurricane|p1a: Kyurem
|-damage|p1a: Kyurem|47/100
|move|p1a: Kyurem|Ice Beam|p2a: Tornadus
|-supereffective|p2a: Tornadus
|-damage|p2a: Tornadus|0 fnt
|faint|p2a: Tornadus
|
|upkeep
|
|t:|1776083389
|switch|p2a: Kingambit|Kingambit, M|90/100
|-damage|p2a: Kingambit|74/100|[from] Spikes
|-damage|p2a: Kingambit|68/100|[from] Stealth Rock
|-activate|p2a: Kingambit|ability: Supreme Overlord
|-start|p2a: Kingambit|fallen5|[silent]
|turn|19
|
|t:|1776083399
|move|p1a: Kyurem|Earth Power|p2a: Kingambit
|-supereffective|p2a: Kingambit
|-damage|p2a: Kingambit|0 fnt
|faint|p2a: Kingambit
|-end|p2a: Kingambit|fallen5|[silent]
|
|win|kulaan mey
|raw|kulaan mey's rating: 1249 &rarr; <strong>1273</strong><br />(+24 for winning)
|raw|jojo100000's rating: 1233 &rarr; <strong>1209</strong><br />(-24 for losing)
|l|☆jojo100000
|player|p2|
|l|☆kulaan mey
|player|p1|
