|html|<div class="broadcast-blue"><strong>[Gen 9] OU is currently suspecting Tera Blast! For information on how to participate check out the <a href="https://www.smogon.com/tools/suspects/view/200">suspect thread</a>.</strong></div>
|j|☆thedeathtaco1
|j|☆no1stallh8er
|t:|1776082840
|gametype|singles
|player|p1|thedeathtaco1|101|1318
|player|p2|no1stallh8er|nurse|1347
|gen|9
|tier|[Gen 9] OU
|rated|
|rule|HP Percentage Mod: HP is shown in percentages
|rule|Endless Battle Clause: Forcing endless battles is banned
|rule|Species Clause: Limit one of each Pokémon
|rule|OHKO Clause: OHKO moves are banned
|rule|Evasion Items Clause: Evasion items are banned
|rule|Evasion Moves Clause: Evasion moves are banned
|rule|Evasion Abilities Clause: Evasion abilities are banned
|rule|Sleep Moves Clause: Sleep-inducing moves are banned
|clearpoke
|poke|p1|Dragapult, F|
|poke|p1|Clodsire, F|
|poke|p1|Kyurem|
|poke|p1|Scizor, F|
|poke|p1|Dondozo, F|
|poke|p1|Tsareena, F|
|poke|p2|Great Tusk|
|poke|p2|Walking Wake|
|poke|p2|Venusaur, M|
|poke|p2|Ninetales, M|
|poke|p2|Raging Bolt|
|poke|p2|Kingambit, M|
|teampreview
|
|t:|1776082890
|teamsize|p1|6
|teamsize|p2|6
|start
|switch|p1a: The yellow king|Dondozo, F, shiny|100/100
|switch|p2a: Venusaur|Venusaur, M|100/100
|turn|1
|
|t:|1776082900
|switch|p2a: Ninetales|Ninetales, M|100/100
|-weather|SunnyDay|[from] ability: Drought|[of] p2a: Ninetales
|switch|p1a: The blue prince|Kyurem, shiny|100/100
|-ability|p1a: The blue prince|Pressure
|
|-weather|SunnyDay|[upkeep]
|upkeep
|turn|2
|
|t:|1776082910
|switch|p2a: Raging Bolt|Raging Bolt|100/100
|-item|p2a: Raging Bolt|Air Balloon
|-activate|p2a: Raging Bolt|ability: Protosynthesis
|-start|p2a: Raging Bolt|protosynthesisspa
|move|p1a: The blue prince|Draco Meteor|p2a: Raging Bolt
|-supereffective|p2a: Raging Bolt
|-crit|p2a: Raging Bolt
|-damage|p2a: Raging Bolt|0 fnt
|-unboost|p1a: The blue prince|spa|2
|-enditem|p2a: Raging Bolt|Air Balloon
|faint|p2a: Raging Bolt
|-end|p2a: Raging Bolt|Protosynthesis|[silent]
|
|-weather|SunnyDay|[upkeep]
|upkeep
|
|t:|1776082920
|switch|p2a: Kingambit|Kingambit, M|100/100
|-activate|p2a: Kingambit|ability: Supreme Overlord
|-start|p2a: Kingambit|fallen1|[silent]
|turn|3
|
|t:|1776082933
|switch|p1a: The yellow king|Dondozo, F, shiny|100/100
|-end|p2a: Kingambit|fallen1|[silent]
|switch|p2a: Venusaur|Venusaur, M|100/100
|
|-weather|SunnyDay|[upkeep]
|upkeep
|turn|4
|
|t:|1776082941
|switch|p1a: The red queen|Tsareena, F, shiny|100/100
|move|p2a: Venusaur|Growth|p2a: Venusaur
|-boost|p2a: Venusaur|atk|2
|-boost|p2a: Venusaur|spa|2
|
|-weather|SunnyDay|[upkeep]
|upkeep
|turn|5
|
|t:|1776082950
|move|p2a: Venusaur|Weather Ball|p1a: The red queen
|-supereffective|p1a: The red queen
|-damage|p1a: The red queen|0 fnt
|faint|p1a: The red queen
|-damage|p2a: Venusaur|91/100|[from] item: Life Orb
|
|-weather|SunnyDay|[upkeep]
|upkeep
|
|t:|1776082967
|switch|p1a: Dragapult|Dragapult, F|100/100
|turn|6
|
|t:|1776082985
|move|p2a: Venusaur|Giga Drain|p1a: Dragapult
|-resisted|p1a: Dragapult
|-damage|p1a: Dragapult|46/100
|-heal|p2a: Venusaur|100/100|[from] drain|[of] p1a: Dragapult
|-damage|p2a: Venusaur|91/100|[from] item: Life Orb
|move|p1a: Dragapult|Psychic Fangs|p2a: Venusaur
|-supereffective|p2a: Venusaur
|-damage|p2a: Venusaur|13/100
|
|-weather|SunnyDay|[upkeep]
|upkeep
|turn|7
|
|t:|1776082996
|move|p2a: Venusaur|Giga Drain|p1a: Dragapult
|-resisted|p1a: Dragapult
|-damage|p1a: Dragapult|0 fnt
|-heal|p2a: Venusaur|37/100|[from] drain|[of] p1a: Dragapult
|faint|p1a: Dragapult
|-damage|p2a: Venusaur|27/100|[from] item: Life Orb
|
|-weather|SunnyDay|[upkeep]
|upkeep
|
|t:|1776083005
|switch|p1a: The green knight|Scizor, F, shiny|100/100
|turn|8
|
|t:|1776083009
|-terastallize|p2a: Venusaur|Fire
|move|p1a: The green knight|Bullet Punch|p2a: Venusaur
|-resisted|p2a: Venusaur
|-damage|p2a: Venusaur|0 fnt
|faint|p2a: Venusaur
|
|-weather|none
|upkeep
|
|t:|1776083014
|switch|p2a: Ninetales|Ninetales, M|100/100
|-weather|SunnyDay|[from] ability: Drought|[of] p2a: Ninetales
|turn|9
|
|t:|1776083023
|switch|p1a: The lavender room|Clodsire, F|100/100
|move|p2a: Ninetales|Will-O-Wisp|p1a: The lavender room
|-status|p1a: The lavender room|brn
|
|-weather|SunnyDay|[upkeep]
|-damage|p1a: The lavender room|94/100 brn|[from] brn
|upkeep
|turn|10
|
|t:|1776083034
|move|p2a: Ninetales|Weather Ball|p1a: The lavender room
|-damage|p1a: The lavender room|70/100 brn
|move|p1a: The lavender room|Stealth Rock|p2a: Ninetales
|-sidestart|p2: no1stallh8er|move: Stealth Rock
|
|-weather|SunnyDay|[upkeep]
|-heal|p1a: The lavender room|77/100 brn|[from] item: Black Sludge
|-damage|p1a: The lavender room|70/100 brn|[from] brn
|upkeep
|turn|11
|
|t:|1776083044
|switch|p2a: Great Tusk|Great Tusk|100/100
|-damage|p2a: Great Tusk|98/100|[from] Stealth Rock
|-activate|p2a: Great Tusk|ability: Protosynthesis
|-start|p2a: Great Tusk|protosynthesisatk
|move|p1a: The lavender room|Earthquake|p2a: Great Tusk
|-damage|p2a: Great Tusk|89/100
|
|-weather|SunnyDay|[upkeep]
|-heal|p1a: The lavender room|77/100 brn|[from] item: Black Sludge
|-damage|p1a: The lavender room|70/100 brn|[from] brn
|upkeep
|turn|12
|
|t:|1776083064
|move|p2a: Great Tusk|Rapid Spin|p1a: The lavender room
|-damage|p1a: The lavender room|46/100 brn
|-boost|p2a: Great Tusk|spe|1
|-sideend|p2: no1stallh8er|Stealth Rock|[from] move: Rapid Spin|[of] p2a: Great Tusk
|move|p1a: The lavender room|Spikes|p2a: Great Tusk
|-sidestart|p2: no1stallh8er|Spikes
|
|-weather|SunnyDay|[upkeep]
|-heal|p1a: The lavender room|52/100 brn|[from] item: Black Sludge
|-damage|p1a: The lavender room|46/100 brn|[from] brn
|upkeep
|turn|13
|
|t:|1776083082
|switch|p1a: The blue prince|Kyurem, shiny|100/100
|-ability|p1a: The blue prince|Pressure
|move|p2a: Great Tusk|Rapid Spin|p1a: The blue prince
|-damage|p1a: The blue prince|80/100
|-boost|p2a: Great Tusk|spe|1
|-sideend|p2: no1stallh8er|Spikes|[from] move: Rapid Spin|[of] p2a: Great Tusk
|
|-weather|SunnyDay|[upkeep]
|upkeep
|turn|14
|
|t:|1776083094
|move|p2a: Great Tusk|Headlong Rush|p1a: The blue prince
|-damage|p1a: The blue prince|6/100
|-unboost|p2a: Great Tusk|def|1
|-unboost|p2a: Great Tusk|spd|1
|move|p1a: The blue prince|Freeze-Dry|p2a: Great Tusk
|-supereffective|p2a: Great Tusk
|-damage|p2a: Great Tusk|0 fnt
|faint|p2a: Great Tusk
|-end|p2a: Great Tusk|Protosynthesis|[silent]
|
|-weather|SunnyDay|[upkeep]
|upkeep
|
|t:|1776083098
|switch|p2a: Kingambit|Kingambit, M|100/100
|-activate|p2a: Kingambit|ability: Supreme Overlord
|-start|p2a: Kingambit|fallen3|[silent]
|turn|15
|
|t:|1776083109
|switch|p1a: The yellow king|Dondozo, F, shiny|100/100
|move|p2a: Kingambit|Kowtow Cleave|p1a: The yellow king
|-damage|p1a: The yellow king|65/100
|
|-weather|SunnyDay|[upkeep]
|-heal|p1a: The yellow king|72/100|[from] item: Leftovers
|upkeep
|turn|16
|
|t:|1776083127
|move|p2a: Kingambit|Kowtow Cleave|p1a: The yellow king
|-damage|p1a: The yellow king|35/100
|move|p1a: The yellow king|Body Press|p2a: Kingambit
|-supereffective|p2a: Kingambit
|-damage|p2a: Kingambit|18/100
|
|-weather|none
|-heal|p1a: The yellow king|41/100|[from] item: Leftovers
|upkeep
|turn|17
|
|t:|1776083139
|-end|p2a: Kingambit|fallen3|[silent]
|switch|p2a: Ninetales|Ninetales, M|100/100
|-weather|SunnyDay|[from] ability: Drought|[of] p2a: Ninetales
|move|p1a: The yellow king|Body Press|p2a: Ninetales
|-damage|p2a: Ninetales|67/100
|
|-weather|SunnyDay|[upkeep]
|-heal|p1a: The yellow king|47/100|[from] item: Leftovers
|upkeep
|turn|18
|
|t:|1776083154
|move|p2a: Ninetales|Will-O-Wisp|p1a: The yellow king
|-status|p1a: The yellow king|brn
|move|p1a: The yellow king|Rest|p1a: The yellow king
|-status|p1a: The yellow king|slp|[from] move: Rest
|-heal|p1a: The yellow king|100/100 slp|[silent]
|
|-weather|SunnyDay|[upkeep]
|upkeep
|turn|19
|
|t:|1776083167
|move|p2a: Ninetales|Healing Wish|p2a: Ninetales
|faint|p2a: Ninetales
|cant|p1a: The yellow king|slp
|move|p1a: The yellow king|Sleep Talk|p1a: The yellow king
|move|p1a: The yellow king|Body Press|p2: Ninetales|[from] move: Sleep Talk|[notarget]
|-fail|p1a: The yellow king
|
|-weather|SunnyDay|[upkeep]
|upkeep
|
|t:|1776083172
|switch|p2a: Walking Wake|Walking Wake|100/100
|-activate|p2a: Walking Wake|ability: Protosynthesis
|-start|p2a: Walking Wake|protosynthesisspe
|turn|20
|
|t:|1776083179
|move|p2a: Walking Wake|Hydro Steam|p1a: The yellow king
|-resisted|p1a: The yellow king
|-damage|p1a: The yellow king|71/100 slp
|cant|p1a: The yellow king|slp
|move|p1a: The yellow king|Sleep Talk|p1a: The yellow king
|move|p1a: The yellow king|Body Press|p2a: Walking Wake|[from] move: Sleep Talk
|-damage|p2a: Walking Wake|72/100
|
|-weather|SunnyDay|[upkeep]
|-heal|p1a: The yellow king|77/100 slp|[from] item: Leftovers
|upkeep
|turn|21
|
|t:|1776083195
|switch|p1a: The lavender room|Clodsire, F|46/100 brn
|move|p2a: Walking Wake|Hydro Steam|p1a: The lavender room
|-heal|p1a: The lavender room|71/100 brn|[from] ability: Water Absorb|[of] p2a: Walking Wake
|
|-weather|SunnyDay|[upkeep]
|-heal|p1a: The lavender room|77/100 brn|[from] item: Black Sludge
|-damage|p1a: The lavender room|71/100 brn|[from] brn
|upkeep
|turn|22
|
|t:|1776083205
|move|p2a: Walking Wake|Draco Meteor|p1a: The lavender room
|-damage|p1a: The lavender room|35/100 brn
|-unboost|p2a: Walking Wake|spa|2
|move|p1a: The lavender room|Stealth Rock|p2a: Walking Wake
|-sidestart|p2: no1stallh8er|move: Stealth Rock
|
|-weather|SunnyDay|[upkeep]
|-heal|p1a: The lavender room|41/100 brn|[from] item: Black Sludge
|-damage|p1a: The lavender room|35/100 brn|[from] brn
|upkeep
|turn|23
|
|t:|1776083216
|move|p2a: Walking Wake|Flamethrower|p1a: The lavender room
|-damage|p1a: The lavender room|21/100 brn
|move|p1a: The lavender room|Recover|p1a: The lavender room
|-heal|p1a: The lavender room|71/100 brn
|
|-weather|SunnyDay|[upkeep]
|-heal|p1a: The lavender room|78/100 brn|[from] item: Black Sludge
|-damage|p1a: The lavender room|71/100 brn|[from] brn
|upkeep
|turn|24
|
|t:|1776083226
|move|p2a: Walking Wake|Draco Meteor|p1a: The lavender room
|-damage|p1a: The lavender room|51/100 brn
|-unboost|p2a: Walking Wake|spa|2
|move|p1a: The lavender room|Spikes|p2a: Walking Wake
|-sidestart|p2: no1stallh8er|Spikes
|
|-weather|none
|-end|p2a: Walking Wake|Protosynthesis
|-heal|p1a: The lavender room|57/100 brn|[from] item: Black Sludge
|-damage|p1a: The lavender room|51/100 brn|[from] brn
|upkeep
|turn|25
|
|t:|1776083237
|-end|p2a: Walking Wake|Protosynthesis|[silent]
|switch|p2a: Kingambit|Kingambit, M|18/100
|-heal|p2a: Kingambit|100/100|[from] move: Healing Wish
|-damage|p2a: Kingambit|94/100|[from] Stealth Rock
|-damage|p2a: Kingambit|82/100|[from] Spikes
|-activate|p2a: Kingambit|ability: Supreme Overlord
|-start|p2a: Kingambit|fallen4|[silent]
|move|p1a: The lavender room|Spikes|p2a: Kingambit
|-sidestart|p2: no1stallh8er|Spikes
|
|-heal|p1a: The lavender room|57/100 brn|[from] item: Black Sludge
|-damage|p1a: The lavender room|51/100 brn|[from] brn
|upkeep
|turn|26
|
|t:|1776083266
|move|p2a: Kingambit|Kowtow Cleave|p1a: The lavender room
|-damage|p1a: The lavender room|0 fnt
|faint|p1a: The lavender room
|
|upkeep
|
|t:|1776083271
|switch|p1a: The yellow king|Dondozo, F, shiny|77/100 slp
|turn|27
|
|t:|1776083282
|-end|p2a: Kingambit|fallen4|[silent]
|switch|p2a: Walking Wake|Walking Wake|72/100
|-damage|p2a: Walking Wake|60/100|[from] Stealth Rock
|-damage|p2a: Walking Wake|43/100|[from] Spikes
|-curestatus|p1a: The yellow king|slp|[msg]
|move|p1a: The yellow king|Body Press|p2a: Walking Wake
|-damage|p2a: Walking Wake|12/100
|
|-heal|p1a: The yellow king|83/100|[from] item: Leftovers
|upkeep
|turn|28
|
|t:|1776083293
|move|p2a: Walking Wake|Draco Meteor|p1a: The yellow king
|-damage|p1a: The yellow king|16/100
|-unboost|p2a: Walking Wake|spa|2
|move|p1a: The yellow king|Body Press|p2a: Walking Wake
|-damage|p2a: Walking Wake|0 fnt
|faint|p2a: Walking Wake
|-end|p2a: Walking Wake|Protosynthesis|[silent]
|
|-heal|p1a: The yellow king|22/100|[from] item: Leftovers
|upkeep
|
|t:|1776083297
|switch|p2a: Kingambit|Kingambit, M|82/100
|-damage|p2a: Kingambit|76/100|[from] Stealth Rock
|-damage|p2a: Kingambit|59/100|[from] Spikes
|-activate|p2a: Kingambit|ability: Supreme Overlord
|-start|p2a: Kingambit|fallen5|[silent]
|turn|29
|
|t:|1776083309
|move|p2a: Kingambit|Kowtow Cleave|p1a: The yellow king
|-crit|p1a: The yellow king
|-damage|p1a: The yellow king|0 fnt
|faint|p1a: The yellow king
|
|upkeep
|
|t:|1776083316
|switch|p1a: The blue prince|Kyurem, shiny|6/100
|-ability|p1a: The blue prince|Pressure
|turn|30
|
|t:|1776083321
|move|p2a: Kingambit|Sucker Punch|p1a: The blue prince
|-damage|p1a: The blue prince|0 fnt
|faint|p1a: The blue prince
|
|upkeep
|
|t:|1776083325
|switch|p1a: The green knight|Scizor, F, shiny|100/100
|turn|31
|
|t:|1776083331
|move|p2a: Kingambit|Sucker Punch|p1a: The green knight
|-damage|p1a: The green knight|30/100
|move|p1a: The green knight|U-turn|p2a: Kingambit
|-damage|p2a: Kingambit|19/100
|
|upkeep
|turn|32
|
|t:|1776083341
|move|p2a: Kingambit|Sucker Punch|p1a: The green knight
|-damage|p1a: The green knight|0 fnt
|faint|p1a: The green knight
|
|win|no1stallh8er
|raw|thedeathtaco1's rating: 1318 &rarr; <strong>1300</strong><br />(-18 for losing)
|raw|no1stallh8er's rating: 1347 &rarr; <strong>1365</strong><br />(+18 for winning)
|c|☆no1stallh8er|gg
|l|☆thedeathtaco1
|player|p1|
|l|☆no1stallh8er
|player|p2|
