|html|<div class="broadcast-blue"><strong>[Gen 9] OU is currently suspecting Tera Blast! For information on how to participate check out the <a href="https://www.smogon.com/tools/suspects/view/200">suspect thread</a>.</strong></div>
|j|☆zimore
|j|☆Dragonzord6
|t:|1776104850
|gametype|singles
|player|p1|zimore|iris-gen5bw2|1511
|player|p2|Dragonzord6|2|1449
|gen|9
|tier|[Gen 9] OU
|rated|
|rule|HP Percentage Mod: HP is shown in percentages
|rule|Endless Battle Clause: Forcing endless battles is banned
|rule|Species Clause: Limit one of each Pokémon
|rule|OHKO Clause: OHKO moves are banned
|rule|Evasion Items Clause: Evasion items are banned
|rule|Evasion Moves Clause: Evasion moves are banned
|rule|Evasion Abilities Clause: Evasion abilities are banned
|rule|Sleep Moves Clause: Sleep-inducing moves are banned
|clearpoke
|poke|p1|Ninetales-Alola, F|
|poke|p1|Excadrill, F|
|poke|p1|Cetitan, F|
|poke|p1|Walking Wake|
|poke|p1|Overqwil, F|
|poke|p1|Weezing-Galar, F|
|poke|p2|Pelipper, M|
|poke|p2|Barraskewda, M|
|poke|p2|Kingdra, M|
|poke|p2|Raging Bolt|
|poke|p2|Kingambit, F|
|poke|p2|Zamazenta-*|
|teampreview
|inactive|Battle timer is ON: inactive players will automatically lose when time's up. (requested by Dragonzord6)
|
|t:|1776104877
|teamsize|p1|6
|teamsize|p2|6
|start
|switch|p1a: Ninetales|Ninetales-Alola, F|100/100
|switch|p2a: Pelipper|Pelipper, M, shiny|100/100
|-weather|Snowscape|[from] ability: Snow Warning|[of] p1a: Ninetales
|-weather|RainDance|[from] ability: Drizzle|[of] p2a: Pelipper
|turn|1
|
|t:|1776104890
|switch|p2a: Raging Bolt|Raging Bolt|100/100
|move|p1a: Ninetales|Freeze-Dry|p2a: Raging Bolt
|-supereffective|p2a: Raging Bolt
|-damage|p2a: Raging Bolt|73/100
|
|-weather|RainDance|[upkeep]
|upkeep
|turn|2
|
|t:|1776104898
|switch|p1a: Excadrill|Excadrill, F|100/100
|move|p2a: Raging Bolt|Weather Ball|p1a: Excadrill
|-supereffective|p1a: Excadrill
|-damage|p1a: Excadrill|0 fnt
|faint|p1a: Excadrill
|
|-weather|RainDance|[upkeep]
|upkeep
|
|t:|1776104907
|switch|p1a: Ninetales|Ninetales-Alola, F|100/100
|-weather|Snowscape|[from] ability: Snow Warning|[of] p1a: Ninetales
|turn|3
|
|t:|1776104917
|move|p1a: Ninetales|Aurora Veil|p1a: Ninetales
|-sidestart|p1: zimore|move: Aurora Veil
|move|p2a: Raging Bolt|Thunder|p1a: Ninetales|[miss]
|-miss|p2a: Raging Bolt|p1a: Ninetales
|
|-weather|Snowscape|[upkeep]
|upkeep
|turn|4
|
|t:|1776104924
|move|p1a: Ninetales|Blizzard|p2a: Raging Bolt
|-supereffective|p2a: Raging Bolt
|-damage|p2a: Raging Bolt|24/100
|move|p2a: Raging Bolt|Thunder|p1a: Ninetales
|-damage|p1a: Ninetales|63/100
|
|-weather|Snowscape|[upkeep]
|upkeep
|turn|5
|
|t:|1776104933
|move|p2a: Raging Bolt|Thunderclap|p1a: Ninetales
|-damage|p1a: Ninetales|37/100
|move|p1a: Ninetales|Freeze-Dry|p2a: Raging Bolt
|-supereffective|p2a: Raging Bolt
|-damage|p2a: Raging Bolt|0 fnt
|faint|p2a: Raging Bolt
|-end|p2a: Raging Bolt|Protosynthesis|[silent]
|
|-weather|Snowscape|[upkeep]
|upkeep
|
|t:|1776104948
|switch|p2a: Barraskewda|Barraskewda, M, shiny|100/100
|turn|6
|
|t:|1776104959
|switch|p1a: Weezing|Weezing-Galar, F|100/100
|-terastallize|p2a: Barraskewda|Water
|move|p2a: Barraskewda|Flip Turn|p1a: Weezing
|-damage|p1a: Weezing|81/100
|-damage|p2a: Barraskewda|84/100|[from] item: Rocky Helmet|[of] p1a: Weezing
|
|t:|1776104967
|switch|p2a: Pelipper|Pelipper, M, shiny|100/100|[from] Flip Turn
|-weather|RainDance|[from] ability: Drizzle|[of] p2a: Pelipper
|
|-weather|RainDance|[upkeep]
|upkeep
|turn|7
|
|t:|1776104995
|switch|p1a: Ninetales|Ninetales-Alola, F|37/100
|-weather|Snowscape|[from] ability: Snow Warning|[of] p1a: Ninetales
|move|p2a: Pelipper|U-turn|p1a: Ninetales
|-resisted|p1a: Ninetales
|-damage|p1a: Ninetales|35/100
|
|t:|1776105001
|switch|p2a: Barraskewda|Barraskewda, M, shiny, tera:Water|84/100|[from] U-turn
|
|-weather|Snowscape|[upkeep]
|-sideend|p1: zimore|move: Aurora Veil
|upkeep
|turn|8
|
|t:|1776105008
|switch|p1a: Weezing|Weezing-Galar, F|81/100
|move|p2a: Barraskewda|Liquidation|p1a: Weezing
|-damage|p1a: Weezing|18/100
|-damage|p2a: Barraskewda|68/100|[from] item: Rocky Helmet|[of] p1a: Weezing
|
|-weather|Snowscape|[upkeep]
|upkeep
|turn|9
|
|t:|1776105016
|switch|p1a: Walking Wake|Walking Wake|100/100
|move|p2a: Barraskewda|Liquidation|p1a: Walking Wake
|-resisted|p1a: Walking Wake
|-damage|p1a: Walking Wake|75/100
|
|-weather|Snowscape|[upkeep]
|upkeep
|turn|10
|
|t:|1776105026
|switch|p2a: Pelipper|Pelipper, M, shiny|100/100
|-weather|RainDance|[from] ability: Drizzle|[of] p2a: Pelipper
|move|p1a: Walking Wake|Draco Meteor|p2a: Pelipper
|-damage|p2a: Pelipper|0 fnt
|-unboost|p1a: Walking Wake|spa|2
|faint|p2a: Pelipper
|
|-weather|RainDance|[upkeep]
|upkeep
|
|t:|1776105044
|switch|p2a: Barraskewda|Barraskewda, M, shiny, tera:Water|68/100
|turn|11
|
|t:|1776105048
|-end|p1a: Walking Wake|Protosynthesis|[silent]
|switch|p1a: Weezing|Weezing-Galar, F|18/100
|move|p2a: Barraskewda|Close Combat|p1a: Weezing
|-resisted|p1a: Weezing
|-damage|p1a: Weezing|6/100
|-unboost|p2a: Barraskewda|def|1
|-unboost|p2a: Barraskewda|spd|1
|-damage|p2a: Barraskewda|51/100|[from] item: Rocky Helmet|[of] p1a: Weezing
|
|-weather|RainDance|[upkeep]
|upkeep
|turn|12
|
|t:|1776105058
|move|p2a: Barraskewda|Close Combat|p1a: Weezing
|-resisted|p1a: Weezing
|-damage|p1a: Weezing|0 fnt
|-unboost|p2a: Barraskewda|def|1
|-unboost|p2a: Barraskewda|spd|1
|-damage|p2a: Barraskewda|35/100|[from] item: Rocky Helmet|[of] p1a: Weezing
|faint|p1a: Weezing
|
|-weather|RainDance|[upkeep]
|upkeep
|
|t:|1776105070
|switch|p1a: Overqwil|Overqwil, F|100/100
|turn|13
|
|t:|1776105073
|move|p1a: Overqwil|Aqua Jet|p2a: Barraskewda
|-resisted|p2a: Barraskewda
|-damage|p2a: Barraskewda|0 fnt
|faint|p2a: Barraskewda
|-damage|p1a: Overqwil|91/100|[from] item: Life Orb
|
|-weather|RainDance|[upkeep]
|upkeep
|
|t:|1776105083
|switch|p2a: Kingdra|Kingdra, M, shiny|100/100
|turn|14
|
|t:|1776105103
|move|p2a: Kingdra|Draco Meteor|p1a: Overqwil
|-damage|p1a: Overqwil|0 fnt
|-unboost|p2a: Kingdra|spa|2
|faint|p1a: Overqwil
|
|-weather|RainDance|[upkeep]
|upkeep
|
|t:|1776105106
|switch|p1a: Ninetales|Ninetales-Alola, F|35/100
|-weather|Snowscape|[from] ability: Snow Warning|[of] p1a: Ninetales
|turn|15
|
|t:|1776105113
|switch|p2a: Kingambit|Kingambit, F|100/100
|move|p1a: Ninetales|Aurora Veil|p1a: Ninetales
|-sidestart|p1: zimore|move: Aurora Veil
|
|-weather|Snowscape|[upkeep]
|upkeep
|turn|16
|
|t:|1776105139
|switch|p1a: Walking Wake|Walking Wake|75/100
|move|p2a: Kingambit|Swords Dance|p2a: Kingambit
|-boost|p2a: Kingambit|atk|2
|
|-weather|Snowscape|[upkeep]
|upkeep
|turn|17
|
|t:|1776105150
|move|p2a: Kingambit|Sucker Punch|p1a: Walking Wake
|-damage|p1a: Walking Wake|22/100
|move|p1a: Walking Wake|Flamethrower|p2a: Kingambit
|-supereffective|p2a: Kingambit
|-damage|p2a: Kingambit|15/100
|-status|p2a: Kingambit|brn
|
|-weather|Snowscape|[upkeep]
|-damage|p2a: Kingambit|9/100 brn|[from] brn
|upkeep
|turn|18
|
|t:|1776105161
|move|p1a: Walking Wake|Flamethrower|p2a: Kingambit
|-supereffective|p2a: Kingambit
|-damage|p2a: Kingambit|0 fnt
|faint|p2a: Kingambit
|
|-weather|Snowscape|[upkeep]
|upkeep
|
|t:|1776105171
|switch|p2a: Kingdra|Kingdra, M, shiny|100/100
|turn|19
|
|t:|1776105175
|move|p1a: Walking Wake|Flamethrower|p2a: Kingdra
|-resisted|p2a: Kingdra
|-damage|p2a: Kingdra|86/100
|move|p2a: Kingdra|Hurricane|p1a: Walking Wake|[miss]
|-miss|p2a: Kingdra|p1a: Walking Wake
|
|-weather|Snowscape|[upkeep]
|-sideend|p1: zimore|move: Aurora Veil
|upkeep
|turn|20
|
|t:|1776105184
|move|p1a: Walking Wake|Flamethrower|p2a: Kingdra
|-resisted|p2a: Kingdra
|-damage|p2a: Kingdra|72/100
|move|p2a: Kingdra|Hurricane|p1a: Walking Wake|[miss]
|-miss|p2a: Kingdra|p1a: Walking Wake
|
|-weather|Snowscape|[upkeep]
|upkeep
|turn|21
|
|t:|1776105192
|move|p1a: Walking Wake|Flamethrower|p2a: Kingdra
|-resisted|p2a: Kingdra
|-damage|p2a: Kingdra|58/100
|move|p2a: Kingdra|Hurricane|p1a: Walking Wake
|-damage|p1a: Walking Wake|0 fnt
|faint|p1a: Walking Wake
|-end|p1a: Walking Wake|Protosynthesis|[silent]
|
|-weather|Snowscape|[upkeep]
|upkeep
|
|t:|1776105207
|switch|p1a: Ninetales|Ninetales-Alola, F|35/100
|turn|22
|
|t:|1776105211
|move|p1a: Ninetales|Moonblast|p2a: Kingdra
|-supereffective|p2a: Kingdra
|-damage|p2a: Kingdra|0 fnt
|faint|p2a: Kingdra
|
|-weather|none
|upkeep
|
|t:|1776105217
|switch|p2a: Zamazenta|Zamazenta, shiny|100/100
|-ability|p2a: Zamazenta|Dauntless Shield|boost
|-boost|p2a: Zamazenta|def|1
|turn|23
|
|t:|1776105237
|move|p2a: Zamazenta|Body Press|p1a: Ninetales
|-damage|p1a: Ninetales|0 fnt
|faint|p1a: Ninetales
|
|upkeep
|
|t:|1776105240
|switch|p1a: Cetitan|Cetitan, F|100/100
|turn|24
|inactive|zimore has 120 seconds left.
|
|t:|1776105267
|-terastallize|p1a: Cetitan|Water
|move|p2a: Zamazenta|Body Press|p1a: Cetitan
|-damage|p1a: Cetitan|47/100
|-enditem|p1a: Cetitan|Sitrus Berry|[eat]
|-heal|p1a: Cetitan|72/100|[from] item: Sitrus Berry
|move|p1a: Cetitan|Belly Drum|p1a: Cetitan
|-damage|p1a: Cetitan|22/100
|-setboost|p1a: Cetitan|atk|6|[from] move: Belly Drum
|
|upkeep
|turn|25
|inactive|zimore has 120 seconds left.
|
|t:|1776105285
|move|p1a: Cetitan|Ice Shard|p2a: Zamazenta
|-damage|p2a: Zamazenta|55/100
|move|p2a: Zamazenta|Body Press|p1a: Cetitan
|-damage|p1a: Cetitan|0 fnt
|faint|p1a: Cetitan
|
|win|Dragonzord6
|raw|zimore's rating: 1511 &rarr; <strong>1487</strong><br />(-24 for losing)
|raw|Dragonzord6's rating: 1449 &rarr; <strong>1473</strong><br />(+24 for winning)
|c|☆zimore|gg
