|html|<div class="broadcast-blue"><strong>[Gen 9] OU is currently suspecting Tera Blast! For information on how to participate check out the <a href="https://www.smogon.com/tools/suspects/view/200">suspect thread</a>.</strong></div>
|j|☆TheRuinedKingXYZ
|j|☆AlienXotic
|t:|1776041338
|gametype|singles
|player|p1|TheRuinedKingXYZ|169|1286
|player|p2|AlienXotic|266|1288
|gen|9
|tier|[Gen 9] OU
|rated|
|rule|HP Percentage Mod: HP is shown in percentages
|rule|Endless Battle Clause: Forcing endless battles is banned
|rule|Species Clause: Limit one of each Pokémon
|rule|OHKO Clause: OHKO moves are banned
|rule|Evasion Items Clause: Evasion items are banned
|rule|Evasion Moves Clause: Evasion moves are banned
|rule|Evasion Abilities Clause: Evasion abilities are banned
|rule|Sleep Moves Clause: Sleep-inducing moves are banned
|clearpoke
|poke|p1|Slowking-Galar, M|
|poke|p1|Alomomola, L99, F|
|poke|p1|Corviknight, F|
|poke|p1|Blissey, F|
|poke|p1|Clodsire, M|
|poke|p1|Quagsire, F|
|poke|p2|Slither Wing|
|poke|p2|Ninetales, M|
|poke|p2|Walking Wake|
|poke|p2|Iron Moth|
|poke|p2|Hatterene, F|
|poke|p2|Blaziken, F|
|teampreview
|inactive|Battle timer is ON: inactive players will automatically lose when time's up. (requested by TheRuinedKingXYZ)
|j| couchthulhu
|
|t:|1776041367
|teamsize|p1|6
|teamsize|p2|6
|start
|switch|p1a: Mr. King|Slowking-Galar, M|100/100
|switch|p2a: Aruarian|Ninetales, M, shiny|100/100
|-weather|SunnyDay|[from] ability: Drought|[of] p2a: Aruarian
|turn|1
|
|t:|1776041377
|switch|p2a: Covet&Lust|Hatterene, F, shiny|100/100
|move|p1a: Mr. King|Toxic|p2a: Covet&Lust
|move|p2a: Covet&Lust|Toxic|p1a: Mr. King|[from] ability: Magic Bounce
|-immune|p1a: Mr. King
|
|-weather|SunnyDay|[upkeep]
|upkeep
|turn|2
|
|t:|1776041392
|move|p2a: Covet&Lust|Nuzzle|p1a: Mr. King
|-damage|p1a: Mr. King|97/100
|-status|p1a: Mr. King|par
|-prepare|p1a: Mr. King|Chilly Reception|[premajor]
|cant|p1a: Mr. King|par
|
|-weather|SunnyDay|[upkeep]
|upkeep
|turn|3
|
|t:|1776041402
|move|p2a: Covet&Lust|Psychic Noise|p1a: Mr. King
|-damage|p1a: Mr. King|70/100 par
|-start|p1a: Mr. King|move: Heal Block
|move|p1a: Mr. King|Toxic|p2a: Covet&Lust
|move|p2a: Covet&Lust|Toxic||[from] ability: Magic Bounce|[still]
|-fail|p2a: Covet&Lust
|
|-weather|SunnyDay|[upkeep]
|upkeep
|turn|4
|
|t:|1776041410
|switch|p1a: Blissey|Blissey, F|100/100
|move|p2a: Covet&Lust|Psychic Noise|p1a: Blissey
|-damage|p1a: Blissey|91/100
|-start|p1a: Blissey|move: Heal Block
|
|-weather|SunnyDay|[upkeep]
|upkeep
|turn|5
|
|t:|1776041422
|switch|p2a: Sizzlin' Hot Wings|Blaziken, F, shiny|100/100
|move|p1a: Blissey|Flamethrower|p2a: Sizzlin' Hot Wings
|-resisted|p2a: Sizzlin' Hot Wings
|-damage|p2a: Sizzlin' Hot Wings|81/100
|
|-weather|SunnyDay|[upkeep]
|-end|p1a: Blissey|move: Heal Block
|upkeep
|turn|6
|
|t:|1776041432
|switch|p1a: Brother Sire|Quagsire, F|100/100
|move|p2a: Sizzlin' Hot Wings|Swords Dance|p2a: Sizzlin' Hot Wings
|-boost|p2a: Sizzlin' Hot Wings|atk|2
|
|-weather|SunnyDay|[upkeep]
|-ability|p2a: Sizzlin' Hot Wings|Speed Boost|boost
|-boost|p2a: Sizzlin' Hot Wings|spe|1
|upkeep
|turn|7
|
|t:|1776041444
|-terastallize|p2a: Sizzlin' Hot Wings|Fighting
|move|p2a: Sizzlin' Hot Wings|Close Combat|p1a: Brother Sire
|-damage|p1a: Brother Sire|21/100
|-unboost|p2a: Sizzlin' Hot Wings|def|1
|-unboost|p2a: Sizzlin' Hot Wings|spd|1
|-damage|p2a: Sizzlin' Hot Wings|71/100|[from] item: Life Orb
|move|p1a: Brother Sire|Counter|p2a: Sizzlin' Hot Wings
|-damage|p2a: Sizzlin' Hot Wings|0 fnt
|faint|p2a: Sizzlin' Hot Wings
|
|-weather|SunnyDay|[upkeep]
|upkeep
|
|t:|1776041458
|switch|p2a: The better one?|Iron Moth|100/100
|-enditem|p2a: The better one?|Booster Energy
|-activate|p2a: The better one?|ability: Quark Drive|[fromitem]
|-start|p2a: The better one?|quarkdrivespe
|turn|8
|
|t:|1776041464
|switch|p1a: Young Sire|Clodsire, M|100/100
|move|p2a: The better one?|Fiery Dance|p1a: Young Sire
|-damage|p1a: Young Sire|68/100
|-boost|p2a: The better one?|spa|1
|
|-weather|none
|upkeep
|turn|9
|
|t:|1776041473
|move|p2a: The better one?|Psychic|p1a: Young Sire
|-supereffective|p1a: Young Sire
|-damage|p1a: Young Sire|35/100
|move|p1a: Young Sire|Earthquake|p2a: The better one?
|-supereffective|p2a: The better one?
|-damage|p2a: The better one?|0 fnt
|faint|p2a: The better one?
|-end|p2a: The better one?|Quark Drive|[silent]
|
|upkeep
|
|t:|1776041478
|switch|p2a: Aruarian|Ninetales, M, shiny|100/100
|-weather|SunnyDay|[from] ability: Drought|[of] p2a: Aruarian
|turn|10
|inactive|AlienXotic has 120 seconds left.
|
|t:|1776041532
|switch|p1a: Alomomola|Alomomola, L99, F|100/100
|move|p2a: Aruarian|Will-O-Wisp|p1a: Alomomola
|-status|p1a: Alomomola|brn
|
|-weather|SunnyDay|[upkeep]
|-damage|p1a: Alomomola|94/100 brn|[from] brn
|upkeep
|turn|11
|
|t:|1776041539
|move|p2a: Aruarian|Overheat|p1a: Alomomola|[miss]
|-miss|p2a: Aruarian|p1a: Alomomola
|move|p1a: Alomomola|Wish|p1a: Alomomola
|
|-weather|SunnyDay|[upkeep]
|-damage|p1a: Alomomola|88/100 brn|[from] brn
|upkeep
|turn|12
|
|t:|1776041544
|move|p2a: Aruarian|Overheat|p1a: Alomomola|[miss]
|-miss|p2a: Aruarian|p1a: Alomomola
|move|p1a: Alomomola|Flip Turn|p2a: Aruarian
|-supereffective|p2a: Aruarian
|-damage|p2a: Aruarian|90/100
|
|t:|1776041550
|switch|p1a: Young Sire|Clodsire, M|35/100|[from] Flip Turn
|
|-weather|SunnyDay|[upkeep]
|-heal|p1a: Young Sire|92/100|[from] move: Wish|[wisher] Alomomola
|upkeep
|turn|13
|
|t:|1776041556
|move|p2a: Aruarian|Will-O-Wisp|p1a: Young Sire
|-status|p1a: Young Sire|brn
|move|p1a: Young Sire|Earthquake|p2a: Aruarian
|-supereffective|p2a: Aruarian
|-damage|p2a: Aruarian|59/100
|
|-weather|SunnyDay|[upkeep]
|-damage|p1a: Young Sire|86/100 brn|[from] brn
|upkeep
|turn|14
|
|t:|1776041565
|switch|p2a: Beru|Slither Wing, shiny|100/100
|-activate|p2a: Beru|ability: Protosynthesis
|-start|p2a: Beru|protosynthesisatk
|switch|p1a: Blissey|Blissey, F|91/100
|
|-weather|SunnyDay|[upkeep]
|upkeep
|turn|15
|
|t:|1776041578
|switch|p1a: Mr. King|Slowking-Galar, M|100/100 par
|move|p2a: Beru|First Impression|p1a: Mr. King
|-crit|p1a: Mr. King
|-damage|p1a: Mr. King|0 fnt
|faint|p1a: Mr. King
|
|-weather|SunnyDay|[upkeep]
|upkeep
|
|t:|1776041586
|switch|p1a: Brother Sire|Quagsire, F|21/100
|turn|16
|
|t:|1776041590
|-end|p2a: Beru|Protosynthesis|[silent]
|switch|p2a: Renewal|Walking Wake|100/100
|-activate|p2a: Renewal|ability: Protosynthesis
|-start|p2a: Renewal|protosynthesisspe
|move|p1a: Brother Sire|Recover|p1a: Brother Sire
|-heal|p1a: Brother Sire|71/100
|
|-weather|SunnyDay|[upkeep]
|upkeep
|turn|17
|
|t:|1776041598
|switch|p1a: Blissey|Blissey, F|91/100
|move|p2a: Renewal|Flip Turn|p1a: Blissey
|-damage|p1a: Blissey|76/100
|
|t:|1776041605
|-end|p2a: Renewal|Protosynthesis|[silent]
|switch|p2a: Beru|Slither Wing, shiny|100/100|[from] Flip Turn
|-activate|p2a: Beru|ability: Protosynthesis
|-start|p2a: Beru|protosynthesisatk
|
|-weather|none
|-end|p2a: Beru|Protosynthesis
|upkeep
|turn|18
|
|t:|1776041609
|switch|p1a: Brother Sire|Quagsire, F|71/100
|move|p2a: Beru|First Impression|p1a: Brother Sire
|-damage|p1a: Brother Sire|16/100
|
|upkeep
|turn|19
|
|t:|1776041615
|-end|p2a: Beru|Protosynthesis|[silent]
|switch|p2a: Aruarian|Ninetales, M, shiny|59/100
|-weather|SunnyDay|[from] ability: Drought|[of] p2a: Aruarian
|move|p1a: Brother Sire|Recover|p1a: Brother Sire
|-heal|p1a: Brother Sire|66/100
|
|-weather|SunnyDay|[upkeep]
|upkeep
|turn|20
|
|t:|1776041626
|switch|p1a: Alomomola|Alomomola, L99, F|100/100 brn
|move|p2a: Aruarian|Will-O-Wisp|p1a: Alomomola
|-fail|p1a: Alomomola|brn
|
|-weather|SunnyDay|[upkeep]
|-damage|p1a: Alomomola|94/100 brn|[from] brn
|upkeep
|turn|21
|
|t:|1776041637
|move|p2a: Aruarian|Overheat|p1a: Alomomola
|-resisted|p1a: Alomomola
|-damage|p1a: Alomomola|57/100 brn
|-unboost|p2a: Aruarian|spa|2
|move|p1a: Alomomola|Wish|p1a: Alomomola
|
|-weather|SunnyDay|[upkeep]
|-damage|p1a: Alomomola|51/100 brn|[from] brn
|upkeep
|turn|22
|
|t:|1776041643
|move|p2a: Aruarian|Encore|p1a: Alomomola
|-start|p1a: Alomomola|Encore
|move|p1a: Alomomola|Wish||[still]
|-fail|p1a: Alomomola
|
|-weather|SunnyDay|[upkeep]
|-heal|p1a: Alomomola|100/100 brn|[from] move: Wish|[wisher] Alomomola
|-damage|p1a: Alomomola|94/100 brn|[from] brn
|upkeep
|turn|23
|
|t:|1776041656
|switch|p2a: Renewal|Walking Wake|100/100
|-activate|p2a: Renewal|ability: Protosynthesis
|-start|p2a: Renewal|protosynthesisspe
|move|p1a: Alomomola|Wish|p1a: Alomomola
|
|-weather|SunnyDay|[upkeep]
|-damage|p1a: Alomomola|88/100 brn|[from] brn
|upkeep
|turn|24
|
|t:|1776041668
|switch|p1a: Blissey|Blissey, F|76/100
|move|p2a: Renewal|Flip Turn|p1a: Blissey
|-crit|p1a: Blissey
|-damage|p1a: Blissey|54/100
|
|t:|1776041674
|-end|p2a: Renewal|Protosynthesis|[silent]
|switch|p2a: Beru|Slither Wing, shiny|100/100|[from] Flip Turn
|-activate|p2a: Beru|ability: Protosynthesis
|-start|p2a: Beru|protosynthesisatk
|
|-weather|SunnyDay|[upkeep]
|-heal|p1a: Blissey|91/100|[from] move: Wish|[wisher] Alomomola
|upkeep
|turn|25
|
|t:|1776041680
|switch|p1a: Corviknight|Corviknight, F|100/100
|-ability|p1a: Corviknight|Pressure
|move|p2a: Beru|First Impression|p1a: Corviknight
|-resisted|p1a: Corviknight
|-damage|p1a: Corviknight|84/100
|-damage|p2a: Beru|84/100|[from] item: Rocky Helmet|[of] p1a: Corviknight
|
|-weather|SunnyDay|[upkeep]
|upkeep
|turn|26
|
|t:|1776041701
|-end|p2a: Beru|Protosynthesis|[silent]
|switch|p2a: Covet&Lust|Hatterene, F, shiny|100/100
|move|p1a: Corviknight|U-turn|p2a: Covet&Lust
|-damage|p2a: Covet&Lust|88/100
|-enditem|p2a: Covet&Lust|Eject Button
|
|t:|1776041710
|switch|p2a: Beru|Slither Wing, shiny|84/100
|-activate|p2a: Beru|ability: Protosynthesis
|-start|p2a: Beru|protosynthesisatk
|
|-weather|none
|-end|p2a: Beru|Protosynthesis
|upkeep
|turn|27
|
|t:|1776041723
|-end|p2a: Beru|Protosynthesis|[silent]
|switch|p2a: Aruarian|Ninetales, M, shiny|59/100
|-weather|SunnyDay|[from] ability: Drought|[of] p2a: Aruarian
|switch|p1a: Brother Sire|Quagsire, F|66/100
|
|-weather|SunnyDay|[upkeep]
|upkeep
|turn|28
|
|t:|1776041733
|switch|p1a: Blissey|Blissey, F|91/100
|move|p2a: Aruarian|Will-O-Wisp|p1a: Blissey
|-status|p1a: Blissey|brn
|
|-weather|SunnyDay|[upkeep]
|-damage|p1a: Blissey|84/100 brn|[from] brn
|upkeep
|turn|29
|
|t:|1776041743
|switch|p2a: Renewal|Walking Wake|100/100
|-activate|p2a: Renewal|ability: Protosynthesis
|-start|p2a: Renewal|protosynthesisspe
|move|p1a: Blissey|Heal Bell|p1a: Blissey
|-activate|p1a: Blissey|move: Heal Bell
|-curestatus|p1a: Blissey|brn|[msg]
|-curestatus|p1: Alomomola|brn|[msg]
|-curestatus|p1: Young Sire|brn|[msg]
|
|-weather|SunnyDay|[upkeep]
|upkeep
|turn|30
|
|t:|1776041750
|move|p2a: Renewal|Flip Turn|p1a: Blissey
|-damage|p1a: Blissey|68/100
|
|t:|1776041754
|-end|p2a: Renewal|Protosynthesis|[silent]
|switch|p2a: Beru|Slither Wing, shiny|84/100|[from] Flip Turn
|-activate|p2a: Beru|ability: Protosynthesis
|-start|p2a: Beru|protosynthesisatk
|move|p1a: Blissey|Calm Mind|p1a: Blissey
|-boost|p1a: Blissey|spa|1
|-boost|p1a: Blissey|spd|1
|
|-weather|SunnyDay|[upkeep]
|upkeep
|turn|31
|
|t:|1776041763
|switch|p1a: Corviknight|Corviknight, F|84/100
|-ability|p1a: Corviknight|Pressure
|move|p2a: Beru|Close Combat|p1a: Corviknight
|-damage|p1a: Corviknight|0 fnt
|-unboost|p2a: Beru|def|1
|-unboost|p2a: Beru|spd|1
|-damage|p2a: Beru|68/100|[from] item: Rocky Helmet|[of] p1a: Corviknight
|faint|p1a: Corviknight
|
|-weather|SunnyDay|[upkeep]
|upkeep
|
|t:|1776041771
|switch|p1a: Brother Sire|Quagsire, F|66/100
|turn|32
|
|t:|1776041789
|-end|p2a: Beru|Protosynthesis|[silent]
|switch|p2a: Covet&Lust|Hatterene, F, shiny|88/100
|move|p1a: Brother Sire|Toxic|p2a: Covet&Lust
|move|p2a: Covet&Lust|Toxic|p1a: Brother Sire|[from] ability: Magic Bounce
|-status|p1a: Brother Sire|tox
|
|-weather|SunnyDay|[upkeep]
|-damage|p1a: Brother Sire|60/100 tox|[from] psn
|upkeep
|turn|33
|
|t:|1776041811
|move|p2a: Covet&Lust|Psychic Noise|p1a: Brother Sire
|-damage|p1a: Brother Sire|19/100 tox
|-start|p1a: Brother Sire|move: Heal Block
|cant|p1a: Brother Sire|move: Heal Block|Recover
|
|-weather|SunnyDay|[upkeep]
|-damage|p1a: Brother Sire|7/100 tox|[from] psn
|upkeep
|turn|34
|
|t:|1776041824
|switch|p1a: Blissey|Blissey, F|68/100
|move|p2a: Covet&Lust|Psychic Noise|p1a: Blissey
|-damage|p1a: Blissey|60/100
|-start|p1a: Blissey|move: Heal Block
|
|-weather|none
|upkeep
|turn|35
|
|t:|1776041836
|switch|p2a: Aruarian|Ninetales, M, shiny|59/100
|-weather|SunnyDay|[from] ability: Drought|[of] p2a: Aruarian
|move|p1a: Blissey|Heal Bell|p1a: Blissey
|-activate|p1a: Blissey|move: Heal Bell
|-curestatus|p1: Brother Sire|tox|[msg]
|
|-weather|SunnyDay|[upkeep]
|-end|p1a: Blissey|move: Heal Block
|upkeep
|turn|36
|
|t:|1776041851
|switch|p1a: Alomomola|Alomomola, L99, F|100/100
|move|p2a: Aruarian|Encore||[still]
|-fail|p2a: Aruarian
|
|-weather|SunnyDay|[upkeep]
|upkeep
|turn|37
|inactive|AlienXotic has 120 seconds left.
|
|t:|1776041866
|switch|p2a: Beru|Slither Wing, shiny|68/100
|-activate|p2a: Beru|ability: Protosynthesis
|-start|p2a: Beru|protosynthesisatk
|move|p1a: Alomomola|Wish|p1a: Alomomola
|
|-weather|SunnyDay|[upkeep]
|upkeep
|turn|38
|
|t:|1776041876
|move|p2a: Beru|First Impression|p1a: Alomomola
|-damage|p1a: Alomomola|45/100
|move|p1a: Alomomola|Scald|p2a: Beru
|-damage|p2a: Beru|61/100
|
|-weather|SunnyDay|[upkeep]
|-heal|p1a: Alomomola|95/100|[from] move: Wish|[wisher] Alomomola
|upkeep
|turn|39
|
|t:|1776041884
|-end|p2a: Beru|Protosynthesis|[silent]
|switch|p2a: Renewal|Walking Wake|100/100
|-activate|p2a: Renewal|ability: Protosynthesis
|-start|p2a: Renewal|protosynthesisspe
|move|p1a: Alomomola|Scald|p2a: Renewal
|-resisted|p2a: Renewal
|-damage|p2a: Renewal|99/100
|
|-weather|SunnyDay|[upkeep]
|upkeep
|turn|40
|inactive|AlienXotic has 120 seconds left.
|inactive|AlienXotic has 90 seconds left.
|
|t:|1776041949
|move|p1a: Alomomola|Protect|p1a: Alomomola
|-singleturn|p1a: Alomomola|Protect
|move|p2a: Renewal|Draco Meteor|p1a: Alomomola
|-activate|p1a: Alomomola|move: Protect
|
|-weather|SunnyDay|[upkeep]
|upkeep
|turn|41
|
|t:|1776041956
|-end|p2a: Renewal|Protosynthesis|[silent]
|switch|p2a: Beru|Slither Wing, shiny|61/100
|-activate|p2a: Beru|ability: Protosynthesis
|-start|p2a: Beru|protosynthesisatk
|switch|p1a: Blissey|Blissey, F|60/100
|
|-weather|SunnyDay|[upkeep]
|upkeep
|turn|42
|inactive|AlienXotic has 90 seconds left.
|
|t:|1776041969
|switch|p1a: Alomomola|Alomomola, L99, F|100/100
|move|p2a: Beru|U-turn|p1a: Alomomola
|-crit|p1a: Alomomola
|-damage|p1a: Alomomola|35/100
|
|t:|1776041989
|-end|p2a: Beru|Protosynthesis|[silent]
|switch|p2a: Renewal|Walking Wake|99/100|[from] U-turn
|-activate|p2a: Renewal|ability: Protosynthesis
|-start|p2a: Renewal|protosynthesisspe
|
|-weather|none
|-end|p2a: Renewal|Protosynthesis
|upkeep
|turn|43
|
|t:|1776041996
|move|p1a: Alomomola|Protect|p1a: Alomomola
|-singleturn|p1a: Alomomola|Protect
|move|p2a: Renewal|Flip Turn|p1a: Alomomola
|-activate|p1a: Alomomola|move: Protect
|
|upkeep
|turn|44
|
|t:|1776042006
|switch|p1a: Blissey|Blissey, F|60/100
|move|p2a: Renewal|Flip Turn|p1a: Blissey
|-damage|p1a: Blissey|31/100
|inactive|AlienXotic has 90 seconds left.
|
|t:|1776042013
|-end|p2a: Renewal|Protosynthesis|[silent]
|switch|p2a: Beru|Slither Wing, shiny|61/100|[from] Flip Turn
|
|upkeep
|turn|45
|
|t:|1776042026
|switch|p1a: Alomomola|Alomomola, L99, F|68/100
|move|p2a: Beru|First Impression|p1a: Alomomola
|-damage|p1a: Alomomola|26/100
|
|upkeep
|turn|46
|
|t:|1776042033
|-end|p2a: Beru|Protosynthesis|[silent]
|switch|p2a: Aruarian|Ninetales, M, shiny|59/100
|-weather|SunnyDay|[from] ability: Drought|[of] p2a: Aruarian
|move|p1a: Alomomola|Wish|p1a: Alomomola
|
|-weather|SunnyDay|[upkeep]
|upkeep
|turn|47
|
|t:|1776042043
|move|p2a: Aruarian|Overheat|p1a: Alomomola
|-resisted|p1a: Alomomola
|-crit|p1a: Alomomola
|-damage|p1a: Alomomola|0 fnt
|-unboost|p2a: Aruarian|spa|2
|faint|p1a: Alomomola
|
|-weather|SunnyDay|[upkeep]
|upkeep
|
|t:|1776042047
|switch|p1a: Young Sire|Clodsire, M|86/100
|turn|48
|inactive|AlienXotic has 120 seconds left.
|
|t:|1776042064
|switch|p2a: Renewal|Walking Wake|99/100
|-activate|p2a: Renewal|ability: Protosynthesis
|-start|p2a: Renewal|protosynthesisspe
|move|p1a: Young Sire|Toxic|p2a: Renewal
|-status|p2a: Renewal|tox
|
|-weather|SunnyDay|[upkeep]
|-damage|p2a: Renewal|93/100 tox|[from] psn
|upkeep
|turn|49
|
|t:|1776042075
|-end|p2a: Renewal|Protosynthesis|[silent]
|switch|p2a: Covet&Lust|Hatterene, F, shiny|88/100
|switch|p1a: Blissey|Blissey, F|31/100
|
|-weather|SunnyDay|[upkeep]
|upkeep
|turn|50
|
|t:|1776042081
|switch|p1a: Young Sire|Clodsire, M|86/100
|move|p2a: Covet&Lust|Psychic Noise|p1a: Young Sire
|-supereffective|p1a: Young Sire
|-damage|p1a: Young Sire|52/100
|-start|p1a: Young Sire|move: Heal Block
|
|-weather|SunnyDay|[upkeep]
|upkeep
|turn|51
|inactive|AlienXotic has 120 seconds left.
|
|t:|1776042088
|switch|p1a: Blissey|Blissey, F|31/100
|move|p2a: Covet&Lust|Psychic Noise|p1a: Blissey
|-damage|p1a: Blissey|21/100
|-start|p1a: Blissey|move: Heal Block
|
|-weather|SunnyDay|[upkeep]
|upkeep
|turn|52
|inactive|AlienXotic has 120 seconds left.
|
|t:|1776042113
|switch|p1a: Brother Sire|Quagsire, F|7/100
|move|p2a: Covet&Lust|Psychic Noise|p1a: Brother Sire
|-damage|p1a: Brother Sire|0 fnt
|faint|p1a: Brother Sire
|
|-weather|SunnyDay|[upkeep]
|upkeep
|inactive|TheRuinedKingXYZ has 120 seconds left.
|
|t:|1776042141
|switch|p1a: Young Sire|Clodsire, M|52/100
|turn|53
|inactive|TheRuinedKingXYZ has 120 seconds left.
|
|t:|1776042149
|move|p2a: Covet&Lust|Psychic Noise|p1a: Young Sire
|-supereffective|p1a: Young Sire
|-damage|p1a: Young Sire|14/100
|-start|p1a: Young Sire|move: Heal Block
|move|p1a: Young Sire|Earthquake|p2a: Covet&Lust
|-damage|p2a: Covet&Lust|64/100
|
|-weather|none
|upkeep
|turn|54
|c|☆AlienXotic|gg
|inactive|TheRuinedKingXYZ has 120 seconds left.
|
|t:|1776042159
|switch|p1a: Blissey|Blissey, F|21/100
|move|p2a: Covet&Lust|Psychic Noise|p1a: Blissey
|-damage|p1a: Blissey|12/100
|-start|p1a: Blissey|move: Heal Block
|
|upkeep
|turn|55
|
|t:|1776042169
|move|p1a: Blissey|Flamethrower|p2a: Covet&Lust
|-damage|p2a: Covet&Lust|48/100
|move|p2a: Covet&Lust|Psychic Noise|p1a: Blissey
|-damage|p1a: Blissey|2/100
|
|-end|p1a: Blissey|move: Heal Block
|upkeep
|turn|56
|
|t:|1776042178
|move|p1a: Blissey|Soft-Boiled|p1a: Blissey
|-heal|p1a: Blissey|52/100
|move|p2a: Covet&Lust|Psychic Noise|p1a: Blissey
|-damage|p1a: Blissey|43/100
|-start|p1a: Blissey|move: Heal Block
|
|upkeep
|turn|57
|
|t:|1776042190
|move|p1a: Blissey|Flamethrower|p2a: Covet&Lust
|-damage|p2a: Covet&Lust|29/100
|move|p2a: Covet&Lust|Mystical Fire|p1a: Blissey
|-damage|p1a: Blissey|36/100
|-unboost|p1a: Blissey|spa|1
|
|-end|p1a: Blissey|move: Heal Block
|upkeep
|turn|58
|
|t:|1776042200
|move|p1a: Blissey|Soft-Boiled|p1a: Blissey
|-heal|p1a: Blissey|86/100
|move|p2a: Covet&Lust|Psychic Noise|p1a: Blissey
|-damage|p1a: Blissey|76/100
|-start|p1a: Blissey|move: Heal Block
|
|upkeep
|turn|59
|
|t:|1776042209
|switch|p2a: Renewal|Walking Wake|93/100 tox
|move|p1a: Blissey|Calm Mind|p1a: Blissey
|-boost|p1a: Blissey|spa|1
|-boost|p1a: Blissey|spd|1
|
|-damage|p2a: Renewal|86/100 tox|[from] psn
|-end|p1a: Blissey|move: Heal Block
|upkeep
|turn|60
|
|t:|1776042218
|move|p2a: Renewal|Flip Turn|p1a: Blissey
|-damage|p1a: Blissey|44/100
|
|t:|1776042223
|-end|p2a: Renewal|Protosynthesis|[silent]
|switch|p2a: Aruarian|Ninetales, M, shiny|59/100|[from] Flip Turn
|-weather|SunnyDay|[from] ability: Drought|[of] p2a: Aruarian
|move|p1a: Blissey|Calm Mind|p1a: Blissey
|-boost|p1a: Blissey|spa|1
|-boost|p1a: Blissey|spd|1
|
|-weather|SunnyDay|[upkeep]
|upkeep
|turn|61
|
|t:|1776042230
|move|p2a: Aruarian|Encore|p1a: Blissey
|-start|p1a: Blissey|Encore
|move|p1a: Blissey|Calm Mind|p1a: Blissey
|-boost|p1a: Blissey|spa|1
|-boost|p1a: Blissey|spd|1
|
|-weather|SunnyDay|[upkeep]
|upkeep
|turn|62
|
|t:|1776042234
|switch|p2a: Beru|Slither Wing, shiny|61/100
|-activate|p2a: Beru|ability: Protosynthesis
|-start|p2a: Beru|protosynthesisatk
|move|p1a: Blissey|Calm Mind|p1a: Blissey
|-boost|p1a: Blissey|spa|1
|-boost|p1a: Blissey|spd|1
|
|-weather|SunnyDay|[upkeep]
|upkeep
|turn|63
|
|t:|1776042242
|-terastallize|p1a: Blissey|Ghost
|move|p2a: Beru|Earthquake|p1a: Blissey
|-damage|p1a: Blissey|0 fnt
|faint|p1a: Blissey
|
|-weather|SunnyDay|[upkeep]
|upkeep
|
|t:|1776042247
|switch|p1a: Young Sire|Clodsire, M|14/100
|turn|64
|
|t:|1776042249
|move|p2a: Beru|Earthquake|p1a: Young Sire
|-supereffective|p1a: Young Sire
|-damage|p1a: Young Sire|0 fnt
|faint|p1a: Young Sire
|
|win|AlienXotic
|raw|TheRuinedKingXYZ's rating: 1286 &rarr; <strong>1261</strong><br />(-25 for losing)
|raw|AlienXotic's rating: 1288 &rarr; <strong>1313</strong><br />(+25 for winning)
