|html|<div class="broadcast-blue"><strong>[Gen 9] OU is currently suspecting Tera Blast! For information on how to participate check out the <a href="https://www.smogon.com/tools/suspects/view/200">suspect thread</a>.</strong></div>
|j|☆GreninjaMyFav
|j|☆JangarRifin
|t:|1776058137
|gametype|singles
|player|p1|GreninjaMyFav|skyla|1528
|player|p2|JangarRifin|265|1509
|gen|9
|tier|[Gen 9] OU
|rated|
|rule|HP Percentage Mod: HP is shown in percentages
|rule|Endless Battle Clause: Forcing endless battles is banned
|rule|Species Clause: Limit one of each Pokémon
|rule|OHKO Clause: OHKO moves are banned
|rule|Evasion Items Clause: Evasion items are banned
|rule|Evasion Moves Clause: Evasion moves are banned
|rule|Evasion Abilities Clause: Evasion abilities are banned
|rule|Sleep Moves Clause: Sleep-inducing moves are banned
|clearpoke
|poke|p1|Greninja-*, F|
|poke|p1|Ceruledge, M|
|poke|p1|Alomomola, F|
|poke|p1|Great Tusk|
|poke|p1|Rillaboom, M|
|poke|p1|Raging Bolt|
|poke|p2|Pelipper, F|
|poke|p2|Iron Treads|
|poke|p2|Raging Bolt|
|poke|p2|Overqwil, M|
|poke|p2|Greninja-*, M|
|poke|p2|Kingambit, M|
|teampreview
|
|t:|1776058144
|teamsize|p1|6
|teamsize|p2|6
|start
|switch|p1a: Greninja|Greninja, F|100/100
|switch|p2a: Pelipper|Pelipper, F|100/100
|-weather|RainDance|[from] ability: Drizzle|[of] p2a: Pelipper
|turn|1
|
|t:|1776058148
|move|p1a: Greninja|Ice Beam|p2a: Pelipper
|-start|p1a: Greninja|typechange|Ice|[from] ability: Protean
|-crit|p2a: Pelipper
|-damage|p2a: Pelipper|0 fnt
|faint|p2a: Pelipper
|
|-weather|RainDance|[upkeep]
|upkeep
|
|t:|1776058157
|switch|p2a: Overqwil|Overqwil, M|100/100
|turn|2
|
|t:|1776058174
|switch|p1a: Alomomola|Alomomola, F|100/100
|move|p2a: Overqwil|Toxic Spikes|p1a: Alomomola
|-sidestart|p1: GreninjaMyFav|move: Toxic Spikes
|
|-weather|RainDance|[upkeep]
|upkeep
|turn|3
|
|t:|1776058177
|move|p2a: Overqwil|Toxic Spikes|p1a: Alomomola
|-sidestart|p1: GreninjaMyFav|move: Toxic Spikes
|move|p1a: Alomomola|Flip Turn|p2a: Overqwil
|-damage|p2a: Overqwil|73/100
|
|t:|1776058182
|switch|p1a: Great Tusk|Great Tusk|100/100|[from] Flip Turn
|
|-weather|RainDance|[upkeep]
|upkeep
|turn|4
|
|t:|1776058188
|-end|p1a: Great Tusk|Protosynthesis|[silent]
|switch|p1a: Raging Bolt|Raging Bolt|100/100
|-status|p1a: Raging Bolt|tox
|move|p2a: Overqwil|Liquidation|p1a: Raging Bolt
|-resisted|p1a: Raging Bolt
|-damage|p1a: Raging Bolt|74/100 tox
|-damage|p2a: Overqwil|63/100|[from] item: Life Orb
|
|-weather|RainDance|[upkeep]
|-damage|p1a: Raging Bolt|68/100 tox|[from] psn
|upkeep
|turn|5
|
|t:|1776058194
|move|p2a: Overqwil|Poison Jab|p1a: Raging Bolt
|-damage|p1a: Raging Bolt|19/100 tox
|-damage|p2a: Overqwil|53/100|[from] item: Life Orb
|move|p1a: Raging Bolt|Draco Meteor|p2a: Overqwil
|-damage|p2a: Overqwil|0 fnt
|-unboost|p1a: Raging Bolt|spa|2
|faint|p2a: Overqwil
|
|-weather|RainDance|[upkeep]
|-damage|p1a: Raging Bolt|7/100 tox|[from] psn
|upkeep
|
|t:|1776058201
|switch|p2a: Greninja|Greninja, M|100/100
|turn|6
|
|t:|1776058211
|-end|p1a: Raging Bolt|Protosynthesis|[silent]
|switch|p1a: Alomomola|Alomomola, F|100/100
|-status|p1a: Alomomola|tox
|move|p2a: Greninja|Dark Pulse|p1a: Alomomola
|-damage|p1a: Alomomola|76/100 tox
|-damage|p2a: Greninja|91/100|[from] item: Life Orb
|
|-weather|RainDance|[upkeep]
|-damage|p1a: Alomomola|69/100 tox|[from] psn
|upkeep
|turn|7
|
|t:|1776058218
|move|p2a: Greninja|Dark Pulse|p1a: Alomomola
|-damage|p1a: Alomomola|47/100 tox
|-damage|p2a: Greninja|81/100|[from] item: Life Orb
|move|p1a: Alomomola|Flip Turn|p2a: Greninja
|-resisted|p2a: Greninja
|-damage|p2a: Greninja|60/100
|
|t:|1776058224
|switch|p1a: Rillaboom|Rillaboom, M|100/100|[from] Flip Turn
|-status|p1a: Rillaboom|tox
|-fieldstart|move: Grassy Terrain|[from] ability: Grassy Surge|[of] p1a: Rillaboom
|
|-weather|RainDance|[upkeep]
|-heal|p2a: Greninja|66/100|[from] Grassy Terrain
|-damage|p1a: Rillaboom|94/100 tox|[from] psn
|upkeep
|turn|8
|
|t:|1776058230
|-terastallize|p1a: Rillaboom|Grass
|move|p1a: Rillaboom|Grassy Glide|p2a: Greninja
|-supereffective|p2a: Greninja
|-damage|p2a: Greninja|0 fnt
|faint|p2a: Greninja
|
|-weather|none
|-heal|p1a: Rillaboom|100/100 tox|[from] Grassy Terrain
|-damage|p1a: Rillaboom|88/100 tox|[from] psn
|upkeep
|
|t:|1776058247
|switch|p2a: Kingambit|Kingambit, M|100/100
|-activate|p2a: Kingambit|ability: Supreme Overlord
|-start|p2a: Kingambit|fallen3|[silent]
|turn|9
|
|t:|1776058249
|switch|p1a: Raging Bolt|Raging Bolt|7/100 tox
|move|p2a: Kingambit|Iron Head|p1a: Raging Bolt
|-resisted|p1a: Raging Bolt
|-damage|p1a: Raging Bolt|0 fnt
|faint|p1a: Raging Bolt
|-end|p1a: Raging Bolt|Protosynthesis|[silent]
|
|upkeep
|
|t:|1776058251
|switch|p1a: Ceruledge|Ceruledge, M|100/100
|turn|10
|
|t:|1776058262
|-end|p2a: Kingambit|fallen3|[silent]
|switch|p2a: Iron Treads|Iron Treads|100/100
|move|p1a: Ceruledge|Will-O-Wisp|p2a: Iron Treads
|-status|p2a: Iron Treads|brn
|
|-damage|p2a: Iron Treads|94/100 brn|[from] brn
|upkeep
|turn|11
|
|t:|1776058267
|move|p2a: Iron Treads|Stealth Rock|p1a: Ceruledge
|-sidestart|p1: GreninjaMyFav|move: Stealth Rock
|move|p1a: Ceruledge|Bitter Blade|p2a: Iron Treads
|-supereffective|p2a: Iron Treads
|-damage|p2a: Iron Treads|19/100 brn
|-enditem|p2a: Iron Treads|Red Card|[of] p1a: Ceruledge
|drag|p1a: Rillaboom|Rillaboom, M, tera:Grass|88/100 tox
|-damage|p1a: Rillaboom|76/100 tox|[from] Stealth Rock
|
|-heal|p2a: Iron Treads|25/100 brn|[from] Grassy Terrain
|-heal|p1a: Rillaboom|82/100 tox|[from] Grassy Terrain
|-damage|p1a: Rillaboom|76/100 tox|[from] psn
|-damage|p2a: Iron Treads|19/100 brn|[from] brn
|-fieldend|move: Grassy Terrain
|upkeep
|turn|12
|
|t:|1776058274
|switch|p1a: Ceruledge|Ceruledge, M|100/100
|move|p2a: Iron Treads|Knock Off|p1a: Ceruledge
|-supereffective|p1a: Ceruledge
|-damage|p1a: Ceruledge|74/100
|-enditem|p1a: Ceruledge|Heavy-Duty Boots|[from] move: Knock Off|[of] p2a: Iron Treads
|
|-damage|p2a: Iron Treads|12/100 brn|[from] brn
|upkeep
|turn|13
|
|t:|1776058281
|move|p1a: Ceruledge|Shadow Sneak|p2a: Iron Treads
|-damage|p2a: Iron Treads|0 fnt
|faint|p2a: Iron Treads
|-end|p2a: Iron Treads|Quark Drive|[silent]
|
|upkeep
|
|t:|1776058284
|switch|p2a: Kingambit|Kingambit, M|100/100
|-activate|p2a: Kingambit|ability: Supreme Overlord
|-start|p2a: Kingambit|fallen4|[silent]
|turn|14
|
|t:|1776058290
|move|p1a: Ceruledge|Will-O-Wisp|p2a: Kingambit
|-status|p2a: Kingambit|brn
|move|p2a: Kingambit|Kowtow Cleave|p1a: Ceruledge
|-supereffective|p1a: Ceruledge
|-damage|p1a: Ceruledge|0 fnt
|faint|p1a: Ceruledge
|
|-damage|p2a: Kingambit|94/100 brn|[from] brn
|upkeep
|
|t:|1776058299
|switch|p1a: Great Tusk|Great Tusk|100/100
|turn|15
|
|t:|1776058317
|-end|p1a: Great Tusk|Protosynthesis|[silent]
|switch|p1a: Greninja|Greninja, F|100/100
|-status|p1a: Greninja|tox
|-damage|p1a: Greninja|88/100 tox|[from] Stealth Rock
|move|p2a: Kingambit|Iron Head|p1a: Greninja
|-resisted|p1a: Greninja
|-damage|p1a: Greninja|59/100 tox
|
|-heal|p2a: Kingambit|100/100 brn|[from] item: Leftovers
|-damage|p1a: Greninja|53/100 tox|[from] psn
|-damage|p2a: Kingambit|94/100 brn|[from] brn
|upkeep
|turn|16
|
|t:|1776058324
|move|p2a: Kingambit|Sucker Punch|p1a: Greninja
|-resisted|p1a: Greninja
|-damage|p1a: Greninja|29/100 tox
|move|p1a: Greninja|Ice Beam|p2a: Kingambit
|-start|p1a: Greninja|typechange|Ice|[from] ability: Protean
|-resisted|p2a: Kingambit
|-damage|p2a: Kingambit|63/100 brn
|
|-heal|p2a: Kingambit|69/100 brn|[from] item: Leftovers
|-damage|p1a: Greninja|17/100 tox|[from] psn
|-damage|p2a: Kingambit|63/100 brn|[from] brn
|upkeep
|turn|17
|
|t:|1776058328
|move|p2a: Kingambit|Sucker Punch|p1a: Greninja
|-damage|p1a: Greninja|0 fnt
|faint|p1a: Greninja
|
|-heal|p2a: Kingambit|69/100 brn|[from] item: Leftovers
|-damage|p2a: Kingambit|63/100 brn|[from] brn
|upkeep
|
|t:|1776058329
|switch|p1a: Great Tusk|Great Tusk|100/100
|turn|18
|
|t:|1776058332
|move|p1a: Great Tusk|Rapid Spin|p2a: Kingambit
|-resisted|p2a: Kingambit
|-crit|p2a: Kingambit
|-damage|p2a: Kingambit|53/100 brn
|-boost|p1a: Great Tusk|spe|1
|-sideend|p1: GreninjaMyFav|Toxic Spikes|[from] move: Rapid Spin|[of] p1a: Great Tusk
|-sideend|p1: GreninjaMyFav|Stealth Rock|[from] move: Rapid Spin|[of] p1a: Great Tusk
|move|p2a: Kingambit|Iron Head|p1a: Great Tusk
|-damage|p1a: Great Tusk|76/100
|
|-heal|p2a: Kingambit|60/100 brn|[from] item: Leftovers
|-damage|p2a: Kingambit|53/100 brn|[from] brn
|upkeep
|turn|19
|
|t:|1776058339
|move|p1a: Great Tusk|Headlong Rush|p2a: Kingambit
|-supereffective|p2a: Kingambit
|-damage|p2a: Kingambit|0 fnt
|-unboost|p1a: Great Tusk|def|1
|-unboost|p1a: Great Tusk|spd|1
|faint|p2a: Kingambit
|-end|p2a: Kingambit|fallen4|[silent]
|
|upkeep
|
|t:|1776058342
|switch|p2a: Raging Bolt|Raging Bolt|100/100
|turn|20
|
|t:|1776058345
|-terastallize|p2a: Raging Bolt|Fairy
|move|p1a: Great Tusk|Headlong Rush|p2a: Raging Bolt
|-damage|p2a: Raging Bolt|44/100
|-unboost|p1a: Great Tusk|def|1
|-unboost|p1a: Great Tusk|spd|1
|move|p2a: Raging Bolt|Tera Blast|p1a: Great Tusk|[anim] Tera Blast Fairy
|-supereffective|p1a: Great Tusk
|-damage|p1a: Great Tusk|0 fnt
|faint|p1a: Great Tusk
|-end|p1a: Great Tusk|Protosynthesis|[silent]
|
|upkeep
|
|t:|1776058346
|switch|p1a: Rillaboom|Rillaboom, M, tera:Grass|76/100 tox
|-fieldstart|move: Grassy Terrain|[from] ability: Grassy Surge|[of] p1a: Rillaboom
|turn|21
|
|t:|1776058354
|move|p1a: Rillaboom|Grassy Glide|p2a: Raging Bolt
|-damage|p2a: Raging Bolt|0 fnt
|faint|p2a: Raging Bolt
|-end|p2a: Raging Bolt|Protosynthesis|[silent]
|
|win|GreninjaMyFav
|raw|GreninjaMyFav's rating: 1528 &rarr; <strong>1547</strong><br />(+19 for winning)
|raw|JangarRifin's rating: 1509 &rarr; <strong>1490</strong><br />(-19 for losing)
|l|☆JangarRifin
|player|p2|
|l|☆GreninjaMyFav
|player|p1|
