|html|<div class="broadcast-blue"><strong>[Gen 9] OU is currently suspecting Tera Blast! For information on how to participate check out the <a href="https://www.smogon.com/tools/suspects/view/200">suspect thread</a>.</strong></div>
|j|☆tetroak
|j|☆HageverMelech
|t:|1776236168
|gametype|singles
|player|p1|tetroak|boarder|1465
|player|p2|HageverMelech|ghetsis-gen5bw|1503
|gen|9
|tier|[Gen 9] OU
|rated|
|rule|HP Percentage Mod: HP is shown in percentages
|rule|Endless Battle Clause: Forcing endless battles is banned
|rule|Species Clause: Limit one of each Pokémon
|rule|OHKO Clause: OHKO moves are banned
|rule|Evasion Items Clause: Evasion items are banned
|rule|Evasion Moves Clause: Evasion moves are banned
|rule|Evasion Abilities Clause: Evasion abilities are banned
|rule|Sleep Moves Clause: Sleep-inducing moves are banned
|clearpoke
|poke|p1|Serperior, F|
|poke|p1|Jirachi|
|poke|p1|Alomomola, M|
|poke|p1|Great Tusk|
|poke|p1|Kingambit, M|
|poke|p1|Dragonite, F|
|poke|p2|Tyranitar, M|
|poke|p2|Corviknight, M|
|poke|p2|Slowking-Galar, F|
|poke|p2|Dondozo, M|
|poke|p2|Great Tusk|
|poke|p2|Dragapult, M|
|teampreview
|
|t:|1776236195
|teamsize|p1|6
|teamsize|p2|6
|start
|switch|p1a: Serperior|Serperior, F|100/100
|switch|p2a: Dragapult|Dragapult, M|100/100
|turn|1
|inactive|Battle timer is ON: inactive players will automatically lose when time's up. (requested by HageverMelech)
|
|t:|1776236210
|move|p2a: Dragapult|U-turn|p1a: Serperior
|-supereffective|p1a: Serperior
|-damage|p1a: Serperior|67/100
|
|t:|1776236216
|switch|p2a: Dondozo|Dondozo, M|100/100|[from] U-turn
|move|p1a: Serperior|Glare|p2a: Dondozo
|-status|p2a: Dondozo|par
|
|-heal|p1a: Serperior|73/100|[from] item: Leftovers
|upkeep
|turn|2
|
|t:|1776236222
|switch|p2a: Slowking|Slowking-Galar, F|100/100
|move|p1a: Serperior|Leech Seed|p2a: Slowking
|-start|p2a: Slowking|move: Leech Seed
|
|-heal|p1a: Serperior|79/100|[from] item: Leftovers
|-damage|p2a: Slowking|88/100|[from] Leech Seed|[of] p1a: Serperior
|-heal|p1a: Serperior|93/100|[silent]
|upkeep
|turn|3
|
|t:|1776236231
|switch|p2a: Corviknight|Corviknight, M|100/100
|-ability|p2a: Corviknight|Pressure
|move|p1a: Serperior|Glare|p2a: Corviknight
|-status|p2a: Corviknight|par
|
|-heal|p1a: Serperior|99/100|[from] item: Leftovers
|upkeep
|turn|4
|
|t:|1776236248
|switch|p1a: Alomomola|Alomomola, M|100/100
|move|p2a: Corviknight|Brave Bird|p1a: Alomomola
|-damage|p1a: Alomomola|82/100
|-damage|p2a: Corviknight|92/100 par|[from] Recoil
|
|upkeep
|turn|5
|
|t:|1776236255
|move|p1a: Alomomola|Flip Turn|p2a: Corviknight
|-damage|p2a: Corviknight|82/100 par
|-damage|p1a: Alomomola|66/100|[from] item: Rocky Helmet|[of] p2a: Corviknight
|
|t:|1776236259
|switch|p1a: Jirachi|Jirachi|100/100|[from] Flip Turn
|move|p2a: Corviknight|U-turn|p1a: Jirachi
|-damage|p1a: Jirachi|86/100
|
|t:|1776236270
|switch|p2a: Slowking|Slowking-Galar, F|100/100|[from] U-turn
|
|-heal|p1a: Jirachi|92/100|[from] item: Leftovers
|upkeep
|turn|6
|
|t:|1776236274
|move|p1a: Jirachi|Body Slam|p2a: Slowking
|-damage|p2a: Slowking|76/100
|move|p2a: Slowking|Future Sight|p1a: Jirachi
|-start|p2a: Slowking|move: Future Sight
|
|-heal|p1a: Jirachi|98/100|[from] item: Leftovers
|upkeep
|turn|7
|
|t:|1776236279
|switch|p2a: Corviknight|Corviknight, M|82/100 par
|-ability|p2a: Corviknight|Pressure
|move|p1a: Jirachi|Body Slam|p2a: Corviknight
|-resisted|p2a: Corviknight
|-damage|p2a: Corviknight|74/100 par
|-damage|p1a: Jirachi|81/100|[from] item: Rocky Helmet|[of] p2a: Corviknight
|
|-heal|p1a: Jirachi|88/100|[from] item: Leftovers
|upkeep
|turn|8
|
|t:|1776236282
|move|p1a: Jirachi|Stealth Rock|p2a: Corviknight
|-sidestart|p2: HageverMelech|move: Stealth Rock
|cant|p2a: Corviknight|par
|
|-end|p1a: Jirachi|move: Future Sight
|-resisted|p1a: Jirachi
|-damage|p1a: Jirachi|75/100
|-heal|p1a: Jirachi|81/100|[from] item: Leftovers
|upkeep
|turn|9
|
|t:|1776236292
|switch|p1a: Alomomola|Alomomola, M|99/100
|move|p2a: Corviknight|Defog|p1a: Alomomola
|-unboost|p1a: Alomomola|evasion|1
|-sideend|p2: HageverMelech|Stealth Rock|[from] move: Defog|[of] p2a: Corviknight
|
|upkeep
|turn|10
|
|t:|1776236296
|move|p1a: Alomomola|Wish|p1a: Alomomola
|move|p2a: Corviknight|U-turn|p1a: Alomomola
|-damage|p1a: Alomomola|91/100
|
|t:|1776236302
|switch|p2a: Slowking|Slowking-Galar, F|100/100|[from] U-turn
|
|upkeep
|turn|11
|
|t:|1776236305
|move|p1a: Alomomola|Body Slam|p2a: Slowking
|-crit|p2a: Slowking
|-damage|p2a: Slowking|77/100
|move|p2a: Slowking|Future Sight|p1a: Alomomola
|-start|p2a: Slowking|move: Future Sight
|
|-heal|p1a: Alomomola|100/100|[from] move: Wish|[wisher] Alomomola
|upkeep
|turn|12
|
|t:|1776236312
|switch|p1a: Jirachi|Jirachi|81/100
|switch|p2a: Dragapult|Dragapult, M|100/100
|
|-heal|p1a: Jirachi|88/100|[from] item: Leftovers
|upkeep
|turn|13
|
|t:|1776236319
|switch|p1a: Alomomola|Alomomola, M|100/100
|move|p2a: Dragapult|Flamethrower|p1a: Alomomola
|-resisted|p1a: Alomomola
|-damage|p1a: Alomomola|77/100
|
|-end|p1a: Alomomola|move: Future Sight
|-damage|p1a: Alomomola|19/100
|upkeep
|turn|14
|
|t:|1776236328
|switch|p1a: Jirachi|Jirachi|88/100
|move|p2a: Dragapult|Flamethrower|p1a: Jirachi
|-supereffective|p1a: Jirachi
|-damage|p1a: Jirachi|5/100
|
|-heal|p1a: Jirachi|11/100|[from] item: Leftovers
|upkeep
|turn|15
|
|t:|1776236334
|switch|p1a: Alomomola|Alomomola, M|52/100
|move|p2a: Dragapult|Flamethrower|p1a: Alomomola
|-resisted|p1a: Alomomola
|-damage|p1a: Alomomola|28/100
|
|upkeep
|turn|16
|
|t:|1776236339
|move|p2a: Dragapult|Flamethrower|p1a: Alomomola
|-resisted|p1a: Alomomola
|-damage|p1a: Alomomola|3/100
|move|p1a: Alomomola|Wish|p1a: Alomomola
|
|upkeep
|turn|17
|
|t:|1776236346
|switch|p2a: Tyranitar|Tyranitar, M|100/100
|-weather|Sandstorm|[from] ability: Sand Stream|[of] p2a: Tyranitar
|move|p1a: Alomomola|Protect||[still]
|-fail|p1a: Alomomola
|
|-weather|Sandstorm|[upkeep]
|-damage|p1a: Alomomola|0 fnt|[from] Sandstorm
|faint|p1a: Alomomola
|upkeep
|
|t:|1776236352
|switch|p1a: Jirachi|Jirachi|11/100
|turn|18
|
|t:|1776236356
|switch|p2a: Corviknight|Corviknight, M|74/100 par
|-ability|p2a: Corviknight|Pressure
|move|p1a: Jirachi|Stealth Rock|p2a: Corviknight
|-sidestart|p2: HageverMelech|move: Stealth Rock
|
|-weather|Sandstorm|[upkeep]
|-heal|p1a: Jirachi|17/100|[from] item: Leftovers
|upkeep
|turn|19
|
|t:|1776236364
|switch|p1a: Serperior|Serperior, F|99/100
|move|p2a: Corviknight|Brave Bird|p1a: Serperior
|-supereffective|p1a: Serperior
|-damage|p1a: Serperior|24/100
|-damage|p2a: Corviknight|52/100 par|[from] Recoil
|
|-weather|Sandstorm|[upkeep]
|-damage|p1a: Serperior|18/100|[from] Sandstorm
|-heal|p1a: Serperior|24/100|[from] item: Leftovers
|upkeep
|turn|20
|
|t:|1776236369
|move|p1a: Serperior|Leech Seed|p2a: Corviknight|[miss]
|-miss|p1a: Serperior|p2a: Corviknight
|move|p2a: Corviknight|Roost|p2a: Corviknight
|-heal|p2a: Corviknight|100/100 par
|-singleturn|p2a: Corviknight|move: Roost
|
|-weather|Sandstorm|[upkeep]
|-damage|p1a: Serperior|18/100|[from] Sandstorm
|-heal|p1a: Serperior|24/100|[from] item: Leftovers
|upkeep
|turn|21
|
|t:|1776236374
|move|p1a: Serperior|Leaf Storm|p2a: Corviknight
|-resisted|p2a: Corviknight
|-damage|p2a: Corviknight|93/100 par
|-boost|p1a: Serperior|spa|2
|move|p2a: Corviknight|U-turn|p1a: Serperior
|-supereffective|p1a: Serperior
|-damage|p1a: Serperior|0 fnt
|faint|p1a: Serperior
|
|t:|1776236378
|switch|p2a: Great Tusk|Great Tusk|100/100|[from] U-turn
|
|-weather|none
|upkeep
|
|t:|1776236381
|switch|p1a: Jirachi|Jirachi|17/100
|turn|22
|
|t:|1776236383
|move|p1a: Jirachi|Body Slam|p2a: Great Tusk
|-damage|p2a: Great Tusk|82/100
|-status|p2a: Great Tusk|par
|move|p2a: Great Tusk|Rapid Spin|p1a: Jirachi
|-resisted|p1a: Jirachi
|-damage|p1a: Jirachi|9/100
|-boost|p2a: Great Tusk|spe|1
|-sideend|p2: HageverMelech|Stealth Rock|[from] move: Rapid Spin|[of] p2a: Great Tusk
|
|-heal|p1a: Jirachi|15/100|[from] item: Leftovers
|upkeep
|turn|23
|
|t:|1776236388
|move|p1a: Jirachi|Stealth Rock|p2a: Great Tusk
|-sidestart|p2: HageverMelech|move: Stealth Rock
|move|p2a: Great Tusk|Rapid Spin|p1a: Jirachi
|-resisted|p1a: Jirachi
|-damage|p1a: Jirachi|5/100
|-boost|p2a: Great Tusk|spe|1
|-sideend|p2: HageverMelech|Stealth Rock|[from] move: Rapid Spin|[of] p2a: Great Tusk
|
|-heal|p1a: Jirachi|12/100|[from] item: Leftovers
|upkeep
|turn|24
|
|t:|1776236393
|move|p1a: Jirachi|Stealth Rock|p2a: Great Tusk
|-sidestart|p2: HageverMelech|move: Stealth Rock
|cant|p2a: Great Tusk|par
|
|-heal|p1a: Jirachi|18/100|[from] item: Leftovers
|upkeep
|turn|25
|
|t:|1776236398
|move|p1a: Jirachi|Iron Head|p2a: Great Tusk
|-damage|p2a: Great Tusk|59/100 par
|cant|p2a: Great Tusk|flinch
|
|-heal|p1a: Jirachi|24/100|[from] item: Leftovers
|upkeep
|turn|26
|
|t:|1776236402
|-end|p2a: Great Tusk|Protosynthesis|[silent]
|switch|p2a: Corviknight|Corviknight, M|93/100 par
|-damage|p2a: Corviknight|81/100 par|[from] Stealth Rock
|-ability|p2a: Corviknight|Pressure
|move|p1a: Jirachi|Iron Head|p2a: Corviknight
|-resisted|p2a: Corviknight
|-damage|p2a: Corviknight|70/100 par
|-damage|p1a: Jirachi|8/100|[from] item: Rocky Helmet|[of] p2a: Corviknight
|
|-heal|p1a: Jirachi|14/100|[from] item: Leftovers
|upkeep
|turn|27
|
|t:|1776236404
|move|p1a: Jirachi|Iron Head|p2a: Corviknight
|-resisted|p2a: Corviknight
|-damage|p2a: Corviknight|59/100 par
|-damage|p1a: Jirachi|0 fnt|[from] item: Rocky Helmet|[of] p2a: Corviknight
|faint|p1a: Jirachi
|cant|p2a: Corviknight|flinch
|
|upkeep
|
|t:|1776236418
|switch|p1a: Dragonite|Dragonite, F|100/100
|turn|28
|
|t:|1776236421
|move|p1a: Dragonite|Dragon Dance|p1a: Dragonite
|-boost|p1a: Dragonite|atk|1
|-boost|p1a: Dragonite|spe|1
|move|p2a: Corviknight|U-turn|p1a: Dragonite
|-resisted|p1a: Dragonite
|-damage|p1a: Dragonite|96/100
|
|t:|1776236429
|switch|p2a: Dondozo|Dondozo, M|100/100 par|[from] U-turn
|-damage|p2a: Dondozo|88/100 par|[from] Stealth Rock
|
|-heal|p2a: Dondozo|94/100 par|[from] item: Leftovers
|upkeep
|turn|29
|
|t:|1776236435
|move|p1a: Dragonite|Tera Blast|p2a: Dondozo
|-damage|p2a: Dondozo|79/100 par
|move|p2a: Dondozo|Rest|p2a: Dondozo
|-status|p2a: Dondozo|slp|[from] move: Rest
|-heal|p2a: Dondozo|100/100 slp|[silent]
|
|upkeep
|turn|30
|
|t:|1776236440
|move|p1a: Dragonite|Dragon Dance|p1a: Dragonite
|-boost|p1a: Dragonite|atk|1
|-boost|p1a: Dragonite|spe|1
|cant|p2a: Dondozo|slp
|move|p2a: Dondozo|Sleep Talk|p2a: Dondozo
|move|p2a: Dondozo|Rest||[from] move: Sleep Talk|[still]
|-fail|p2a: Dondozo
|
|upkeep
|turn|31
|
|t:|1776236445
|move|p1a: Dragonite|Dragon Dance|p1a: Dragonite
|-boost|p1a: Dragonite|atk|1
|-boost|p1a: Dragonite|spe|1
|cant|p2a: Dondozo|slp
|move|p2a: Dondozo|Sleep Talk|p2a: Dondozo
|move|p2a: Dondozo|Waterfall|p1a: Dragonite|[from] move: Sleep Talk
|-resisted|p1a: Dragonite
|-damage|p1a: Dragonite|81/100
|
|upkeep
|turn|32
|
|t:|1776236451
|move|p1a: Dragonite|Dragon Dance|p1a: Dragonite
|-boost|p1a: Dragonite|atk|1
|-boost|p1a: Dragonite|spe|1
|-curestatus|p2a: Dondozo|slp|[msg]
|move|p2a: Dondozo|Body Press|p1a: Dragonite
|-resisted|p1a: Dragonite
|-damage|p1a: Dragonite|65/100
|
|upkeep
|turn|33
|
|t:|1776236455
|move|p1a: Dragonite|Dragon Dance|p1a: Dragonite
|-boost|p1a: Dragonite|atk|1
|-boost|p1a: Dragonite|spe|1
|move|p2a: Dondozo|Waterfall|p1a: Dragonite
|-resisted|p1a: Dragonite
|-damage|p1a: Dragonite|50/100
|
|upkeep
|turn|34
|
|t:|1776236459
|move|p1a: Dragonite|Encore|p2a: Dondozo
|-start|p2a: Dondozo|Encore
|move|p2a: Dondozo|Waterfall|p1a: Dragonite
|-resisted|p1a: Dragonite
|-damage|p1a: Dragonite|35/100
|
|upkeep
|turn|35
|
|t:|1776236462
|move|p1a: Dragonite|Tera Blast|p2a: Dondozo
|-damage|p2a: Dondozo|86/100
|move|p2a: Dondozo|Waterfall|p1a: Dragonite
|-resisted|p1a: Dragonite
|-damage|p1a: Dragonite|19/100
|
|-heal|p2a: Dondozo|92/100|[from] item: Leftovers
|upkeep
|turn|36
|
|t:|1776236466
|move|p1a: Dragonite|Tera Blast|p2a: Dondozo
|-damage|p2a: Dondozo|75/100
|move|p2a: Dondozo|Waterfall|p1a: Dragonite
|-resisted|p1a: Dragonite
|-damage|p1a: Dragonite|4/100
|
|-heal|p2a: Dondozo|81/100|[from] item: Leftovers
|-end|p2a: Dondozo|Encore
|upkeep
|turn|37
|
|t:|1776236470
|move|p1a: Dragonite|Earthquake|p2a: Dondozo
|-damage|p2a: Dondozo|65/100
|move|p2a: Dondozo|Body Press|p1a: Dragonite
|-resisted|p1a: Dragonite
|-damage|p1a: Dragonite|0 fnt
|faint|p1a: Dragonite
|
|-heal|p2a: Dondozo|71/100|[from] item: Leftovers
|upkeep
|
|t:|1776236475
|switch|p1a: Kingambit|Kingambit, M|100/100
|-activate|p1a: Kingambit|ability: Supreme Overlord
|-start|p1a: Kingambit|fallen4|[silent]
|turn|38
|
|t:|1776236478
|-terastallize|p1a: Kingambit|Dark
|move|p1a: Kingambit|Kowtow Cleave|p2a: Dondozo
|-damage|p2a: Dondozo|21/100
|move|p2a: Dondozo|Body Press|p1a: Kingambit
|-supereffective|p1a: Kingambit
|-damage|p1a: Kingambit|63/100
|
|-heal|p2a: Dondozo|27/100|[from] item: Leftovers
|upkeep
|turn|39
|
|t:|1776236487
|move|p1a: Kingambit|Kowtow Cleave|p2a: Dondozo
|-damage|p2a: Dondozo|0 fnt
|faint|p2a: Dondozo
|
|upkeep
|
|t:|1776236491
|switch|p2a: Tyranitar|Tyranitar, M|100/100
|-damage|p2a: Tyranitar|88/100|[from] Stealth Rock
|-weather|Sandstorm|[from] ability: Sand Stream|[of] p2a: Tyranitar
|turn|40
|
|t:|1776236493
|-end|p1a: Kingambit|fallen4|[silent]
|switch|p1a: Great Tusk|Great Tusk|100/100
|move|p2a: Tyranitar|Low Kick|p1a: Great Tusk
|-damage|p1a: Great Tusk|55/100
|
|-weather|Sandstorm|[upkeep]
|upkeep
|turn|41
|
|t:|1776236499
|switch|p2a: Corviknight|Corviknight, M|59/100 par
|-damage|p2a: Corviknight|46/100 par|[from] Stealth Rock
|-ability|p2a: Corviknight|Pressure
|move|p1a: Great Tusk|Headlong Rush|p2a: Corviknight
|-immune|p2a: Corviknight
|
|-weather|Sandstorm|[upkeep]
|upkeep
|turn|42
|
|t:|1776236502
|move|p1a: Great Tusk|Bulk Up|p1a: Great Tusk
|-boost|p1a: Great Tusk|atk|1
|-boost|p1a: Great Tusk|def|1
|move|p2a: Corviknight|Roost|p2a: Corviknight
|-heal|p2a: Corviknight|96/100 par
|-singleturn|p2a: Corviknight|move: Roost
|
|-weather|Sandstorm|[upkeep]
|upkeep
|turn|43
|
|t:|1776236506
|move|p1a: Great Tusk|Bulk Up|p1a: Great Tusk
|-boost|p1a: Great Tusk|atk|1
|-boost|p1a: Great Tusk|def|1
|move|p2a: Corviknight|Brave Bird|p1a: Great Tusk
|-supereffective|p1a: Great Tusk
|-damage|p1a: Great Tusk|31/100
|-damage|p2a: Corviknight|88/100 par|[from] Recoil
|
|-weather|Sandstorm|[upkeep]
|upkeep
|turn|44
|
|t:|1776236514
|switch|p2a: Dragapult|Dragapult, M|100/100
|-damage|p2a: Dragapult|88/100|[from] Stealth Rock
|move|p1a: Great Tusk|Ice Spinner|p2a: Dragapult
|-supereffective|p2a: Dragapult
|-damage|p2a: Dragapult|0 fnt
|faint|p2a: Dragapult
|
|-weather|none
|upkeep
|
|t:|1776236522
|switch|p2a: Corviknight|Corviknight, M|88/100 par
|-damage|p2a: Corviknight|76/100 par|[from] Stealth Rock
|-ability|p2a: Corviknight|Pressure
|turn|45
|
|t:|1776236526
|move|p1a: Great Tusk|Ice Spinner|p2a: Corviknight
|-damage|p2a: Corviknight|35/100 par
|-damage|p1a: Great Tusk|14/100|[from] item: Rocky Helmet|[of] p2a: Corviknight
|move|p2a: Corviknight|Brave Bird|p1a: Great Tusk
|-supereffective|p1a: Great Tusk
|-damage|p1a: Great Tusk|0 fnt
|faint|p1a: Great Tusk
|-end|p1a: Great Tusk|Protosynthesis|[silent]
|-damage|p2a: Corviknight|30/100 par|[from] Recoil
|
|upkeep
|
|t:|1776236532
|switch|p1a: Kingambit|Kingambit, M, tera:Dark|63/100
|-activate|p1a: Kingambit|ability: Supreme Overlord
|-start|p1a: Kingambit|fallen5|[silent]
|turn|46
|
|t:|1776236535
|move|p1a: Kingambit|Swords Dance|p1a: Kingambit
|-boost|p1a: Kingambit|atk|2
|move|p2a: Corviknight|U-turn|p1a: Kingambit
|-supereffective|p1a: Kingambit
|-damage|p1a: Kingambit|44/100
|
|t:|1776236538
|switch|p2a: Tyranitar|Tyranitar, M|88/100|[from] U-turn
|-damage|p2a: Tyranitar|76/100|[from] Stealth Rock
|-weather|Sandstorm|[from] ability: Sand Stream|[of] p2a: Tyranitar
|
|-weather|Sandstorm|[upkeep]
|-damage|p1a: Kingambit|37/100|[from] Sandstorm
|upkeep
|turn|47
|
|t:|1776236543
|switch|p2a: Corviknight|Corviknight, M|30/100 par
|-damage|p2a: Corviknight|17/100 par|[from] Stealth Rock
|-ability|p2a: Corviknight|Pressure
|move|p1a: Kingambit|Sucker Punch||[still]
|-fail|p1a: Kingambit
|
|-weather|Sandstorm|[upkeep]
|-damage|p1a: Kingambit|31/100|[from] Sandstorm
|upkeep
|turn|48
|
|t:|1776236553
|move|p1a: Kingambit|Kowtow Cleave|p2a: Corviknight
|-damage|p2a: Corviknight|0 fnt
|-damage|p1a: Kingambit|15/100|[from] item: Rocky Helmet|[of] p2a: Corviknight
|faint|p2a: Corviknight
|
|-weather|Sandstorm|[upkeep]
|-damage|p1a: Kingambit|8/100|[from] Sandstorm
|upkeep
|
|t:|1776236558
|switch|p2a: Great Tusk|Great Tusk|59/100 par
|turn|49
|
|t:|1776236561
|move|p1a: Kingambit|Sucker Punch|p2a: Great Tusk
|-resisted|p2a: Great Tusk
|-damage|p2a: Great Tusk|0 fnt
|faint|p2a: Great Tusk
|-end|p2a: Great Tusk|Protosynthesis|[silent]
|
|-weather|Sandstorm|[upkeep]
|-damage|p1a: Kingambit|2/100|[from] Sandstorm
|upkeep
|
|t:|1776236566
|switch|p2a: Slowking|Slowking-Galar, F|100/100
|-damage|p2a: Slowking|88/100|[from] Stealth Rock
|turn|50
|
|t:|1776236569
|move|p1a: Kingambit|Kowtow Cleave|p2a: Slowking
|-supereffective|p2a: Slowking
|-damage|p2a: Slowking|0 fnt
|faint|p2a: Slowking
|
|-weather|none
|upkeep
|
|t:|1776236571
|switch|p2a: Tyranitar|Tyranitar, M|76/100
|-damage|p2a: Tyranitar|64/100|[from] Stealth Rock
|-weather|Sandstorm|[from] ability: Sand Stream|[of] p2a: Tyranitar
|turn|51
|
|t:|1776236575
|move|p1a: Kingambit|Sucker Punch|p2a: Tyranitar
|-resisted|p2a: Tyranitar
|-damage|p2a: Tyranitar|0 fnt
|faint|p2a: Tyranitar
|
|win|tetroak
|raw|tetroak's rating: 1465 &rarr; <strong>1487</strong><br />(+22 for winning)
|raw|HageverMelech's rating: 1503 &rarr; <strong>1481</strong><br />(-22 for losing)
|c|☆tetroak|gg
|l|☆HageverMelech
|player|p2|
