|html|<div class="broadcast-blue"><strong>[Gen 9] OU is currently suspecting Tera Blast! For information on how to participate check out the <a href="https://www.smogon.com/tools/suspects/view/200">suspect thread</a>.</strong></div>
|j|☆phaitos
|j|☆Veragheral
|t:|1776092146
|gametype|singles
|player|p1|phaitos|n|1171
|player|p2|Veragheral|170|1196
|gen|9
|tier|[Gen 9] OU
|rated|
|rule|HP Percentage Mod: HP is shown in percentages
|rule|Endless Battle Clause: Forcing endless battles is banned
|rule|Species Clause: Limit one of each Pokémon
|rule|OHKO Clause: OHKO moves are banned
|rule|Evasion Items Clause: Evasion items are banned
|rule|Evasion Moves Clause: Evasion moves are banned
|rule|Evasion Abilities Clause: Evasion abilities are banned
|rule|Sleep Moves Clause: Sleep-inducing moves are banned
|clearpoke
|poke|p1|Hawlucha, F|
|poke|p1|Kyurem|
|poke|p1|Ogerpon-Wellspring, F|
|poke|p1|Glimmora, F|
|poke|p1|Gholdengo|
|poke|p1|Toxapex, M|
|poke|p2|Kyurem|
|poke|p2|Cinderace, M|
|poke|p2|Hatterene, F|
|poke|p2|Dragalge, M|
|poke|p2|Lokix, F|
|poke|p2|Deoxys-Defense|
|teampreview
|
|t:|1776092158
|teamsize|p1|6
|teamsize|p2|6
|start
|switch|p1a: Glimmora|Glimmora, F|100/100
|switch|p2a: Deoxys|Deoxys-Defense|100/100
|-ability|p2a: Deoxys|Pressure
|turn|1
|
|t:|1776092164
|move|p1a: Glimmora|Meteor Beam||[still]
|-prepare|p1a: Glimmora|Meteor Beam
|-boost|p1a: Glimmora|spa|1
|-enditem|p1a: Glimmora|Power Herb
|-anim|p1a: Glimmora|Meteor Beam|p2a: Deoxys
|-damage|p2a: Deoxys|29/100
|move|p2a: Deoxys|Light Screen|p2a: Deoxys
|-sidestart|p2: Veragheral|move: Light Screen
|
|upkeep
|turn|2
|
|t:|1776092174
|move|p1a: Glimmora|Mortal Spin|p2a: Deoxys
|-damage|p2a: Deoxys|22/100
|-status|p2a: Deoxys|psn
|move|p2a: Deoxys|Reflect|p2a: Deoxys
|-sidestart|p2: Veragheral|Reflect
|
|-damage|p2a: Deoxys|10/100 psn|[from] psn
|upkeep
|turn|3
|
|t:|1776092182
|move|p1a: Glimmora|Stealth Rock|p2a: Deoxys
|-sidestart|p2: Veragheral|move: Stealth Rock
|move|p2a: Deoxys|Stealth Rock|p1a: Glimmora
|-sidestart|p1: phaitos|move: Stealth Rock
|
|-damage|p2a: Deoxys|0 fnt|[from] psn
|faint|p2a: Deoxys
|upkeep
|
|t:|1776092207
|switch|p2a: Hatterene|Hatterene, F, shiny|100/100
|-damage|p2a: Hatterene|88/100|[from] Stealth Rock
|turn|4
|
|t:|1776092219
|move|p1a: Glimmora|Mortal Spin|p2a: Hatterene
|-supereffective|p2a: Hatterene
|-damage|p2a: Hatterene|80/100
|-status|p2a: Hatterene|psn
|-sideend|p1: phaitos|Stealth Rock|[from] move: Mortal Spin|[of] p1a: Glimmora
|move|p2a: Hatterene|Calm Mind|p2a: Hatterene
|-boost|p2a: Hatterene|spa|1
|-boost|p2a: Hatterene|spd|1
|
|-damage|p2a: Hatterene|68/100 psn|[from] psn
|upkeep
|turn|5
|
|t:|1776092227
|move|p1a: Glimmora|Meteor Beam||[still]
|-prepare|p1a: Glimmora|Meteor Beam
|-boost|p1a: Glimmora|spa|1
|move|p2a: Hatterene|Trick Room|p2a: Hatterene
|-fieldstart|move: Trick Room|[of] p2a: Hatterene
|
|-damage|p2a: Hatterene|56/100 psn|[from] psn
|upkeep
|turn|6
|
|t:|1776092241
|move|p2a: Hatterene|Psychic Noise|p1a: Glimmora
|-supereffective|p1a: Glimmora
|-damage|p1a: Glimmora|0 fnt
|faint|p1a: Glimmora
|
|-damage|p2a: Hatterene|44/100 psn|[from] psn
|upkeep
|
|t:|1776092248
|switch|p1a: Hawlucha|Hawlucha, F|100/100
|turn|7
|
|t:|1776092252
|move|p1a: Hawlucha|Endure|p1a: Hawlucha
|-singleturn|p1a: Hawlucha|move: Endure
|move|p2a: Hatterene|Draining Kiss|p1a: Hawlucha
|-supereffective|p1a: Hawlucha
|-activate|p1a: Hawlucha|move: Endure
|-damage|p1a: Hawlucha|1/100
|-heal|p2a: Hatterene|100/100 psn|[from] drain|[of] p1a: Hawlucha
|-enditem|p1a: Hawlucha|Weakness Policy
|-boost|p1a: Hawlucha|atk|2|[from] item: Weakness Policy
|-boost|p1a: Hawlucha|spa|2|[from] item: Weakness Policy
|
|-damage|p2a: Hatterene|88/100 psn|[from] psn
|upkeep
|turn|8
|
|t:|1776092262
|move|p2a: Hatterene|Psychic Noise|p1a: Hawlucha
|-supereffective|p1a: Hawlucha
|-damage|p1a: Hawlucha|0 fnt
|faint|p1a: Hawlucha
|
|-damage|p2a: Hatterene|76/100 psn|[from] psn
|-sideend|p2: Veragheral|move: Light Screen
|upkeep
|
|t:|1776092271
|switch|p1a: Gholdengo|Gholdengo|100/100
|turn|9
|
|t:|1776092280
|move|p2a: Hatterene|Psychic Noise|p1a: Gholdengo
|-resisted|p1a: Gholdengo
|-damage|p1a: Gholdengo|58/100
|-start|p1a: Gholdengo|move: Heal Block
|move|p1a: Gholdengo|Make It Rain|p2a: Hatterene
|-supereffective|p2a: Hatterene
|-damage|p2a: Hatterene|0 fnt
|-unboost|p1a: Gholdengo|spa|1
|faint|p2a: Hatterene
|
|-sideend|p2: Veragheral|Reflect
|-fieldend|move: Trick Room
|upkeep
|
|t:|1776092290
|switch|p2a: Cinderace|Cinderace, M|100/100
|turn|10
|
|t:|1776092294
|switch|p1a: Toxapex|Toxapex, M|100/100
|move|p2a: Cinderace|Pyro Ball|p1a: Toxapex|[miss]
|-miss|p2a: Cinderace|p1a: Toxapex
|
|upkeep
|turn|11
|
|t:|1776092301
|move|p2a: Cinderace|Court Change|p2a: Cinderace
|-start|p2a: Cinderace|typechange|Normal|[from] ability: Libero
|-swapsideconditions
|-activate|p2a: Cinderace|move: Court Change
|move|p1a: Toxapex|Toxic|p2a: Cinderace
|-status|p2a: Cinderace|tox
|
|-damage|p2a: Cinderace|95/100 tox|[from] psn
|upkeep
|turn|12
|
|t:|1776092310
|move|p2a: Cinderace|U-turn|p1a: Toxapex
|-resisted|p1a: Toxapex
|-damage|p1a: Toxapex|93/100
|-enditem|p1a: Toxapex|Red Card|[of] p2a: Cinderace
|drag|p2a: Lokix|Lokix, F|100/100
|move|p1a: Toxapex|Chilling Water|p2a: Lokix
|-damage|p2a: Lokix|80/100
|-unboost|p2a: Lokix|atk|1
|
|upkeep
|turn|13
|
|t:|1776092326
|switch|p2a: Dragalge|Dragalge, M|100/100
|move|p1a: Toxapex|Toxic|p2a: Dragalge
|-immune|p2a: Dragalge
|
|upkeep
|turn|14
|
|t:|1776092340
|move|p2a: Dragalge|Dragon Pulse|p1a: Toxapex
|-damage|p1a: Toxapex|48/100
|move|p1a: Toxapex|Chilling Water|p2a: Dragalge
|-resisted|p2a: Dragalge
|-damage|p2a: Dragalge|98/100
|-unboost|p2a: Dragalge|atk|1
|
|upkeep
|turn|15
|
|t:|1776092348
|move|p2a: Dragalge|Dragon Pulse|p1a: Toxapex
|-damage|p1a: Toxapex|4/100
|move|p1a: Toxapex|Recover|p1a: Toxapex
|-heal|p1a: Toxapex|54/100
|
|upkeep
|turn|16
|
|t:|1776092356
|move|p2a: Dragalge|Dragon Pulse|p1a: Toxapex
|-damage|p1a: Toxapex|10/100
|move|p1a: Toxapex|Recover|p1a: Toxapex
|-heal|p1a: Toxapex|60/100
|
|upkeep
|turn|17
|
|t:|1776092361
|move|p1a: Toxapex|Baneful Bunker|p1a: Toxapex
|-singleturn|p1a: Toxapex|move: Protect
|move|p2a: Dragalge|Dragon Pulse|p1a: Toxapex
|-activate|p1a: Toxapex|move: Protect
|
|upkeep
|turn|18
|
|t:|1776092367
|move|p2a: Dragalge|Dragon Pulse|p1a: Toxapex
|-damage|p1a: Toxapex|16/100
|move|p1a: Toxapex|Recover|p1a: Toxapex
|-heal|p1a: Toxapex|66/100
|
|upkeep
|turn|19
|
|t:|1776092373
|move|p1a: Toxapex|Baneful Bunker|p1a: Toxapex
|-singleturn|p1a: Toxapex|move: Protect
|move|p2a: Dragalge|Dragon Pulse|p1a: Toxapex
|-activate|p1a: Toxapex|move: Protect
|
|upkeep
|turn|20
|
|t:|1776092380
|move|p2a: Dragalge|Dragon Pulse|p1a: Toxapex
|-damage|p1a: Toxapex|23/100
|move|p1a: Toxapex|Recover|p1a: Toxapex
|-heal|p1a: Toxapex|73/100
|
|upkeep
|turn|21
|
|t:|1776092385
|move|p1a: Toxapex|Baneful Bunker|p1a: Toxapex
|-singleturn|p1a: Toxapex|move: Protect
|move|p2a: Dragalge|Shadow Ball|p1a: Toxapex
|-activate|p1a: Toxapex|move: Protect
|
|upkeep
|turn|22
|
|t:|1776092395
|move|p2a: Dragalge|Dragon Pulse|p1a: Toxapex
|-damage|p1a: Toxapex|29/100
|move|p1a: Toxapex|Recover|p1a: Toxapex
|-heal|p1a: Toxapex|79/100
|
|upkeep
|turn|23
|
|t:|1776092400
|move|p1a: Toxapex|Baneful Bunker|p1a: Toxapex
|-singleturn|p1a: Toxapex|move: Protect
|move|p2a: Dragalge|Shadow Ball|p1a: Toxapex
|-activate|p1a: Toxapex|move: Protect
|
|upkeep
|turn|24
|
|t:|1776092407
|switch|p1a: Gholdengo|Gholdengo|58/100
|-damage|p1a: Gholdengo|52/100|[from] Stealth Rock
|move|p2a: Dragalge|Dragon Pulse|p1a: Gholdengo
|-resisted|p1a: Gholdengo
|-damage|p1a: Gholdengo|20/100
|
|upkeep
|turn|25
|
|t:|1776092421
|-terastallize|p1a: Gholdengo|Steel
|move|p1a: Gholdengo|Make It Rain|p2a: Dragalge
|-damage|p2a: Dragalge|44/100
|-unboost|p1a: Gholdengo|spa|1
|move|p2a: Dragalge|Shadow Ball|p1a: Gholdengo
|-damage|p1a: Gholdengo|0 fnt
|faint|p1a: Gholdengo
|
|upkeep
|
|t:|1776092439
|switch|p1a: Kyurem|Kyurem|100/100
|-damage|p1a: Kyurem|76/100|[from] Stealth Rock
|-ability|p1a: Kyurem|Pressure
|turn|26
|
|t:|1776092445
|move|p1a: Kyurem|Scale Shot|p2a: Dragalge
|-supereffective|p2a: Dragalge
|-damage|p2a: Dragalge|2/100
|-supereffective|p2a: Dragalge
|-damage|p2a: Dragalge|0 fnt
|faint|p2a: Dragalge
|-hitcount|p2: Dragalge|2
|-unboost|p1a: Kyurem|def|1
|-boost|p1a: Kyurem|spe|1
|
|upkeep
|
|t:|1776092449
|switch|p2a: Lokix|Lokix, F|80/100
|turn|27
|
|t:|1776092453
|-terastallize|p2a: Lokix|Bug
|move|p2a: Lokix|First Impression|p1a: Kyurem
|-damage|p1a: Kyurem|0 fnt
|faint|p1a: Kyurem
|
|upkeep
|
|t:|1776092457
|switch|p1a: Ogerpon|Ogerpon-Wellspring, F|100/100
|-damage|p1a: Ogerpon|88/100|[from] Stealth Rock
|turn|28
|
|t:|1776092465
|move|p1a: Ogerpon|Ivy Cudgel|p2a: Lokix|[anim] Ivy Cudgel Water
|-crit|p2a: Lokix
|-damage|p2a: Lokix|0 fnt
|faint|p2a: Lokix
|
|upkeep
|
|t:|1776092472
|switch|p2a: Kyurem|Kyurem|100/100
|-ability|p2a: Kyurem|Pressure
|turn|29
|
|t:|1776092476
|move|p1a: Ogerpon|Play Rough|p2a: Kyurem
|-supereffective|p2a: Kyurem
|-damage|p2a: Kyurem|31/100
|move|p2a: Kyurem|Freeze-Dry|p1a: Ogerpon
|-supereffective|p1a: Ogerpon
|-damage|p1a: Ogerpon|0 fnt
|faint|p1a: Ogerpon
|
|upkeep
|
|t:|1776092482
|switch|p1a: Toxapex|Toxapex, M|100/100
|-damage|p1a: Toxapex|88/100|[from] Stealth Rock
|turn|30
|
|t:|1776092488
|move|p2a: Kyurem|Freeze-Dry|p1a: Toxapex
|-supereffective|p1a: Toxapex
|-crit|p1a: Toxapex
|-damage|p1a: Toxapex|0 fnt
|faint|p1a: Toxapex
|
|win|Veragheral
|raw|phaitos's rating: 1171 &rarr; <strong>1148</strong><br />(-23 for losing)
|raw|Veragheral's rating: 1196 &rarr; <strong>1219</strong><br />(+23 for winning)
|l|☆phaitos
|player|p1|
|l|☆Veragheral
|player|p2|
