|html|<div class="broadcast-blue"><strong>[Gen 9] OU is currently suspecting Tera Blast! For information on how to participate check out the <a href="https://www.smogon.com/tools/suspects/view/200">suspect thread</a>.</strong></div>
|j|☆Ranta Naoya
|j|☆Lano Del Rey2
|t:|1776077434
|gametype|singles
|player|p1|Ranta Naoya|lucas|1256
|player|p2|Lano Del Rey2|bugcatcher-gen4dp|1281
|gen|9
|tier|[Gen 9] OU
|rated|
|rule|HP Percentage Mod: HP is shown in percentages
|rule|Endless Battle Clause: Forcing endless battles is banned
|rule|Species Clause: Limit one of each Pokémon
|rule|OHKO Clause: OHKO moves are banned
|rule|Evasion Items Clause: Evasion items are banned
|rule|Evasion Moves Clause: Evasion moves are banned
|rule|Evasion Abilities Clause: Evasion abilities are banned
|rule|Sleep Moves Clause: Sleep-inducing moves are banned
|clearpoke
|poke|p1|Moltres-Galar|
|poke|p1|Gholdengo|
|poke|p1|Samurott-Hisui, F|
|poke|p1|Smeargle, M|
|poke|p1|Zamazenta-*|
|poke|p1|Deoxys-Speed|
|poke|p2|Rotom-Wash|
|poke|p2|Dragonite, M|
|poke|p2|Heatran, F|
|poke|p2|Sinistcha-Masterpiece|
|poke|p2|Clefable, M|
|poke|p2|Excadrill, F|
|teampreview
|inactive|Battle timer is ON: inactive players will automatically lose when time's up. (requested by Lano Del Rey2)
|
|t:|1776077446
|teamsize|p1|6
|teamsize|p2|6
|start
|switch|p1a: Samurott|Samurott-Hisui, F|100/100
|switch|p2a: Heatran|Heatran, F, shiny|100/100
|turn|1
|
|t:|1776077451
|-terastallize|p2a: Heatran|Grass
|move|p1a: Samurott|Razor Shell|p2a: Heatran|[miss]
|-miss|p1a: Samurott|p2a: Heatran
|move|p2a: Heatran|Stealth Rock|p1a: Samurott
|-sidestart|p1: Ranta Naoya|move: Stealth Rock
|
|upkeep
|turn|2
|
|t:|1776077462
|switch|p2a: Sinistcha|Sinistcha-Masterpiece, shiny|100/100
|move|p1a: Samurott|Encore||[still]
|-fail|p1a: Samurott
|
|upkeep
|turn|3
|
|t:|1776077467
|move|p1a: Samurott|Ceaseless Edge|p2a: Sinistcha
|-supereffective|p2a: Sinistcha
|-damage|p2a: Sinistcha|24/100
|-sidestart|p2: Lano Del Rey2|Spikes
|move|p2a: Sinistcha|Strength Sap|p1a: Samurott
|-unboost|p1a: Samurott|atk|1
|-heal|p2a: Sinistcha|100/100
|
|upkeep
|turn|4
|inactive|Ranta Naoya has 120 seconds left.
|
|t:|1776077503
|move|p1a: Samurott|Encore|p2a: Sinistcha
|-start|p2a: Sinistcha|Encore
|move|p2a: Sinistcha|Strength Sap|p1a: Samurott
|-unboost|p1a: Samurott|atk|1
|
|upkeep
|turn|5
|
|t:|1776077513
|move|p1a: Samurott|Ceaseless Edge|p2a: Sinistcha|[miss]
|-miss|p1a: Samurott|p2a: Sinistcha
|move|p2a: Sinistcha|Strength Sap|p1a: Samurott
|-unboost|p1a: Samurott|atk|1
|
|upkeep
|turn|6
|
|t:|1776077527
|move|p1a: Samurott|Ceaseless Edge|p2a: Sinistcha
|-supereffective|p2a: Sinistcha
|-damage|p2a: Sinistcha|69/100
|-sidestart|p2: Lano Del Rey2|Spikes
|move|p2a: Sinistcha|Strength Sap|p1a: Samurott
|-unboost|p1a: Samurott|atk|1
|-heal|p2a: Sinistcha|100/100
|
|-end|p2a: Sinistcha|Encore
|upkeep
|turn|7
|
|t:|1776077538
|move|p1a: Samurott|Encore|p2a: Sinistcha
|-start|p2a: Sinistcha|Encore
|move|p2a: Sinistcha|Strength Sap|p1a: Samurott
|-unboost|p1a: Samurott|atk|1
|
|upkeep
|turn|8
|inactive|Ranta Naoya has 120 seconds left.
|
|t:|1776077563
|switch|p2a: Excadrill|Excadrill, F, shiny|100/100
|-ability|p2a: Excadrill|Mold Breaker
|-item|p2a: Excadrill|Air Balloon
|move|p1a: Samurott|Ceaseless Edge|p2a: Excadrill
|-damage|p2a: Excadrill|83/100
|-enditem|p2a: Excadrill|Air Balloon
|-sidestart|p2: Lano Del Rey2|Spikes
|
|upkeep
|turn|9
|
|t:|1776077574
|switch|p1a: Gholdengo|Gholdengo|100/100
|-damage|p1a: Gholdengo|94/100|[from] Stealth Rock
|move|p2a: Excadrill|Rapid Spin|p1a: Gholdengo
|-immune|p1a: Gholdengo
|
|upkeep
|turn|10
|
|t:|1776077581
|move|p1a: Gholdengo|Trick|p2a: Excadrill
|-activate|p1a: Gholdengo|move: Trick|[of] p2a: Excadrill
|-item|p2a: Excadrill|Choice Scarf|[from] move: Trick
|-enditem|p1a: Gholdengo|Choice Scarf|[silent]|[from] move: Trick
|move|p2a: Excadrill|Earthquake|p1a: Gholdengo
|-supereffective|p1a: Gholdengo
|-damage|p1a: Gholdengo|0 fnt
|faint|p1a: Gholdengo
|
|upkeep
|
|t:|1776077594
|switch|p1a: Smeargle|Smeargle, M|100/100
|-damage|p1a: Smeargle|88/100|[from] Stealth Rock
|turn|11
|
|t:|1776077598
|-terastallize|p1a: Smeargle|Flying
|move|p2a: Excadrill|Earthquake|p1a: Smeargle
|-immune|p1a: Smeargle
|move|p1a: Smeargle|Jaw Lock|p2a: Excadrill
|-damage|p2a: Excadrill|65/100
|-activate|p1a: Smeargle|trapped
|-activate|p2a: Excadrill|trapped
|
|upkeep
|turn|12
|
|t:|1776077613
|move|p2a: Excadrill|Earthquake|p1a: Smeargle
|-immune|p1a: Smeargle
|move|p1a: Smeargle|No Retreat|p1a: Smeargle
|-boost|p1a: Smeargle|atk|1
|-boost|p1a: Smeargle|def|1
|-boost|p1a: Smeargle|spa|1
|-boost|p1a: Smeargle|spd|1
|-boost|p1a: Smeargle|spe|1
|
|upkeep
|turn|13
|
|t:|1776077620
|move|p2a: Excadrill|Earthquake|p1a: Smeargle
|-immune|p1a: Smeargle
|move|p1a: Smeargle|No Retreat|p1a: Smeargle
|-boost|p1a: Smeargle|atk|1
|-boost|p1a: Smeargle|def|1
|-boost|p1a: Smeargle|spa|1
|-boost|p1a: Smeargle|spd|1
|-boost|p1a: Smeargle|spe|1
|
|upkeep
|turn|14
|
|t:|1776077627
|move|p2a: Excadrill|Earthquake|p1a: Smeargle
|-immune|p1a: Smeargle
|move|p1a: Smeargle|No Retreat|p1a: Smeargle
|-boost|p1a: Smeargle|atk|1
|-boost|p1a: Smeargle|def|1
|-boost|p1a: Smeargle|spa|1
|-boost|p1a: Smeargle|spd|1
|-boost|p1a: Smeargle|spe|1
|
|upkeep
|turn|15
|
|t:|1776077634
|move|p1a: Smeargle|No Retreat|p1a: Smeargle
|-boost|p1a: Smeargle|atk|1
|-boost|p1a: Smeargle|def|1
|-boost|p1a: Smeargle|spa|1
|-boost|p1a: Smeargle|spd|1
|-boost|p1a: Smeargle|spe|1
|move|p2a: Excadrill|Earthquake|p1a: Smeargle
|-immune|p1a: Smeargle
|
|upkeep
|turn|16
|
|t:|1776077642
|move|p1a: Smeargle|No Retreat|p1a: Smeargle
|-boost|p1a: Smeargle|atk|1
|-boost|p1a: Smeargle|def|1
|-boost|p1a: Smeargle|spa|1
|-boost|p1a: Smeargle|spd|1
|-boost|p1a: Smeargle|spe|1
|move|p2a: Excadrill|Earthquake|p1a: Smeargle
|-immune|p1a: Smeargle
|
|upkeep
|turn|17
|
|t:|1776077649
|move|p1a: Smeargle|No Retreat|p1a: Smeargle
|-boost|p1a: Smeargle|atk|1
|-boost|p1a: Smeargle|def|1
|-boost|p1a: Smeargle|spa|1
|-boost|p1a: Smeargle|spd|1
|-boost|p1a: Smeargle|spe|1
|move|p2a: Excadrill|Earthquake|p1a: Smeargle
|-immune|p1a: Smeargle
|
|upkeep
|turn|18
|
|t:|1776077656
|move|p1a: Smeargle|Population Bomb|p2a: Excadrill
|-resisted|p2a: Excadrill
|-damage|p2a: Excadrill|45/100
|-resisted|p2a: Excadrill
|-damage|p2a: Excadrill|25/100
|-resisted|p2a: Excadrill
|-damage|p2a: Excadrill|6/100
|-resisted|p2a: Excadrill
|-damage|p2a: Excadrill|0 fnt
|faint|p2a: Excadrill
|-hitcount|p2: Excadrill|4
|
|upkeep
|
|t:|1776077667
|switch|p2a: Sinistcha|Sinistcha-Masterpiece, shiny|100/100
|-damage|p2a: Sinistcha|76/100|[from] Spikes
|turn|19
|
|t:|1776077671
|move|p1a: Smeargle|Power Trip|p2a: Sinistcha
|-supereffective|p2a: Sinistcha
|-damage|p2a: Sinistcha|0 fnt
|faint|p2a: Sinistcha
|
|upkeep
|
|t:|1776077680
|switch|p2a: Heatran|Heatran, F, shiny, tera:Grass|100/100
|-damage|p2a: Heatran|76/100|[from] Spikes
|turn|20
|
|t:|1776077685
|move|p1a: Smeargle|Power Trip|p2a: Heatran
|-damage|p2a: Heatran|0 fnt
|faint|p2a: Heatran
|
|upkeep
|
|t:|1776077691
|switch|p2a: Dragonite|Dragonite, M|100/100
|turn|21
|
|t:|1776077694
|move|p1a: Smeargle|Population Bomb|p2a: Dragonite
|-damage|p2a: Dragonite|86/100
|-damage|p2a: Dragonite|55/100
|-damage|p2a: Dragonite|27/100
|-damage|p2a: Dragonite|0 fnt
|faint|p2a: Dragonite
|-hitcount|p2: Dragonite|4
|
|upkeep
|-message|Lano Del Rey2 forfeited.
|
|win|Ranta Naoya
|raw|Ranta Naoya's rating: 1282 &rarr; <strong>1307</strong><br />(+25 for winning)
|raw|Lano Del Rey2's rating: 1281 &rarr; <strong>1256</strong><br />(-25 for losing)
|l|☆Lano Del Rey2
|player|p2|
