|html|<div class="broadcast-blue"><strong>[Gen 9] OU is currently suspecting Tera Blast! For information on how to participate check out the <a href="https://www.smogon.com/tools/suspects/view/200">suspect thread</a>.</strong></div>
|j|☆PabloGYT
|j|☆la5495
|t:|1776072623
|gametype|singles
|player|p1|PabloGYT|n|1187
|player|p2|la5495|ghetsis|1245
|gen|9
|tier|[Gen 9] OU
|rated|
|rule|HP Percentage Mod: HP is shown in percentages
|rule|Endless Battle Clause: Forcing endless battles is banned
|rule|Species Clause: Limit one of each Pokémon
|rule|OHKO Clause: OHKO moves are banned
|rule|Evasion Items Clause: Evasion items are banned
|rule|Evasion Moves Clause: Evasion moves are banned
|rule|Evasion Abilities Clause: Evasion abilities are banned
|rule|Sleep Moves Clause: Sleep-inducing moves are banned
|clearpoke
|poke|p1|Toxtricity-Low-Key, M|
|poke|p1|Kyurem|
|poke|p1|Grimmsnarl, M|
|poke|p1|Cinderace, F|
|poke|p1|Garchomp, M|
|poke|p1|Zapdos-Galar|
|poke|p2|Empoleon, F|
|poke|p2|Serperior, F|
|poke|p2|Kingambit, M|
|poke|p2|Cinderace, F|
|poke|p2|Ribombee, M|
|poke|p2|Dragapult, M|
|teampreview
|inactive|Battle timer is ON: inactive players will automatically lose when time's up. (requested by PabloGYT)
|inactive|la5495 also wants the timer to be on.
|
|t:|1776072631
|teamsize|p1|6
|teamsize|p2|6
|start
|switch|p1a: A kird|Zapdos-Galar, shiny|100/100
|switch|p2a: Ribombee|Ribombee, M|100/100
|turn|1
|
|t:|1776072635
|move|p2a: Ribombee|Sticky Web|p1a: A kird
|-sidestart|p1: PabloGYT|move: Sticky Web
|move|p1a: A kird|Brave Bird|p2a: Ribombee
|-supereffective|p2a: Ribombee
|-enditem|p2a: Ribombee|Focus Sash
|-damage|p2a: Ribombee|1/100
|-damage|p1a: A kird|74/100|[from] Recoil
|
|-heal|p1a: A kird|80/100|[from] item: Leftovers
|upkeep
|turn|2
|
|t:|1776072651
|move|p2a: Ribombee|Moonblast|p1a: A kird
|-supereffective|p1a: A kird
|-damage|p1a: A kird|0 fnt
|faint|p1a: A kird
|
|upkeep
|
|t:|1776072659
|switch|p1a: Cinderace|Cinderace, F|100/100
|turn|3
|
|t:|1776072671
|move|p2a: Ribombee|Stun Spore|p1a: Cinderace
|-status|p1a: Cinderace|par
|move|p1a: Cinderace|U-turn|p2a: Ribombee
|-start|p1a: Cinderace|typechange|Bug|[from] ability: Libero
|-resisted|p2a: Ribombee
|-damage|p2a: Ribombee|0 fnt
|faint|p2a: Ribombee
|
|t:|1776072676
|switch|p1a: Grimmsnarl|Grimmsnarl, M|100/100|[from] U-turn
|-activate|p1a: Grimmsnarl|move: Sticky Web
|-unboost|p1a: Grimmsnarl|spe|1
|
|upkeep
|
|t:|1776072703
|switch|p2a: Dragapult|Dragapult, M|100/100
|turn|4
|
|t:|1776072707
|move|p1a: Grimmsnarl|Reflect|p1a: Grimmsnarl
|-sidestart|p1: PabloGYT|Reflect
|move|p2a: Dragapult|Curse|p1a: Grimmsnarl
|-start|p1a: Grimmsnarl|Curse|[of] p2a: Dragapult
|-damage|p2a: Dragapult|50/100
|
|-damage|p1a: Grimmsnarl|76/100|[from] Curse
|upkeep
|turn|5
|
|t:|1776072723
|move|p2a: Dragapult|Light Screen|p2a: Dragapult
|-sidestart|p2: la5495|move: Light Screen
|move|p1a: Grimmsnarl|Spirit Break|p2a: Dragapult
|-supereffective|p2a: Dragapult
|-damage|p2a: Dragapult|0 fnt
|faint|p2a: Dragapult
|
|-damage|p1a: Grimmsnarl|51/100|[from] Curse
|upkeep
|
|t:|1776072728
|switch|p2a: Cinderace|Cinderace, F|100/100
|turn|6
|
|t:|1776072732
|move|p1a: Grimmsnarl|Parting Shot|p2a: Cinderace
|-unboost|p2a: Cinderace|atk|1
|-unboost|p2a: Cinderace|spa|1
|
|t:|1776072735
|switch|p1a: Cinderace|Cinderace, F|100/100 par|[from] Parting Shot
|move|p2a: Cinderace|Court Change|p2a: Cinderace
|-start|p2a: Cinderace|typechange|Normal|[from] ability: Libero
|-swapsideconditions
|-activate|p2a: Cinderace|move: Court Change
|
|upkeep
|turn|7
|
|t:|1776072759
|move|p2a: Cinderace|Will-O-Wisp||[still]
|-fail|p2a: Cinderace
|move|p1a: Cinderace|Low Kick|p2a: Cinderace
|-start|p1a: Cinderace|typechange|Fighting|[from] ability: Libero
|-supereffective|p2a: Cinderace
|-damage|p2a: Cinderace|67/100
|
|upkeep
|turn|8
|
|t:|1776072767
|move|p2a: Cinderace|Will-O-Wisp||[still]
|-fail|p2a: Cinderace
|move|p1a: Cinderace|Low Kick|p2a: Cinderace
|-supereffective|p2a: Cinderace
|-damage|p2a: Cinderace|29/100
|
|upkeep
|turn|9
|
|t:|1776072777
|move|p2a: Cinderace|Pyro Ball|p1a: Cinderace
|-damage|p1a: Cinderace|67/100 par
|move|p1a: Cinderace|Court Change|p1a: Cinderace
|-swapsideconditions
|-activate|p1a: Cinderace|move: Court Change
|
|upkeep
|turn|10
|
|t:|1776072783
|move|p2a: Cinderace|Court Change|p2a: Cinderace
|-swapsideconditions
|-activate|p2a: Cinderace|move: Court Change
|move|p1a: Cinderace|Low Kick|p2a: Cinderace
|-supereffective|p2a: Cinderace
|-damage|p2a: Cinderace|0 fnt
|faint|p2a: Cinderace
|
|upkeep
|
|t:|1776072791
|switch|p2a: Serperior|Serperior, F|100/100
|-activate|p2a: Serperior|move: Sticky Web
|-boost|p2a: Serperior|spe|1
|turn|11
|
|t:|1776072802
|-terastallize|p2a: Serperior|Fire
|move|p2a: Serperior|Leaf Storm|p1a: Cinderace
|-damage|p1a: Cinderace|34/100 par
|-boost|p2a: Serperior|spa|2
|move|p1a: Cinderace|Court Change|p1a: Cinderace
|-swapsideconditions
|-activate|p1a: Cinderace|move: Court Change
|
|-sideend|p1: PabloGYT|Reflect
|upkeep
|turn|12
|
|t:|1776072810
|move|p2a: Serperior|Leaf Storm|p1a: Cinderace
|-damage|p1a: Cinderace|0 fnt
|-boost|p2a: Serperior|spa|2
|faint|p1a: Cinderace
|
|-sideend|p2: la5495|move: Light Screen
|upkeep
|
|t:|1776072816
|switch|p1a: Grimmsnarl|Grimmsnarl, M|51/100
|-activate|p1a: Grimmsnarl|move: Sticky Web
|-unboost|p1a: Grimmsnarl|spe|1
|turn|13
|
|t:|1776072823
|move|p1a: Grimmsnarl|Light Screen|p1a: Grimmsnarl
|-sidestart|p1: PabloGYT|move: Light Screen
|move|p2a: Serperior|Leaf Storm|p1a: Grimmsnarl
|-damage|p1a: Grimmsnarl|2/100
|-boost|p2a: Serperior|spa|2
|
|upkeep
|turn|14
|
|t:|1776072828
|move|p2a: Serperior|Substitute|p2a: Serperior
|-start|p2a: Serperior|Substitute
|-damage|p2a: Serperior|76/100
|move|p1a: Grimmsnarl|Spirit Break|p2a: Serperior
|-resisted|p2a: Serperior
|-activate|p2a: Serperior|move: Substitute|[damage]
|
|-heal|p2a: Serperior|82/100|[from] item: Leftovers
|upkeep
|turn|15
|
|t:|1776072835
|move|p2a: Serperior|Leaf Storm|p1a: Grimmsnarl|[miss]
|-miss|p2a: Serperior|p1a: Grimmsnarl
|move|p1a: Grimmsnarl|Spirit Break|p2a: Serperior
|-resisted|p2a: Serperior
|-end|p2a: Serperior|Substitute
|
|-heal|p2a: Serperior|88/100|[from] item: Leftovers
|upkeep
|turn|16
|
|t:|1776072845
|move|p1a: Grimmsnarl|Reflect|p1a: Grimmsnarl
|-sidestart|p1: PabloGYT|Reflect
|move|p2a: Serperior|Substitute|p2a: Serperior
|-start|p2a: Serperior|Substitute
|-damage|p2a: Serperior|63/100
|
|-heal|p2a: Serperior|70/100|[from] item: Leftovers
|upkeep
|turn|17
|
|t:|1776072849
|move|p2a: Serperior|Leaf Storm|p1a: Grimmsnarl
|-damage|p1a: Grimmsnarl|0 fnt
|faint|p1a: Grimmsnarl
|
|-heal|p2a: Serperior|76/100|[from] item: Leftovers
|upkeep
|
|t:|1776072856
|switch|p1a: Kyurem|Kyurem|100/100
|-activate|p1a: Kyurem|move: Sticky Web
|-unboost|p1a: Kyurem|spe|1
|-ability|p1a: Kyurem|Pressure
|turn|18
|
|t:|1776072866
|move|p2a: Serperior|Tera Blast|p1a: Kyurem|[anim] Tera Blast Fire
|-damage|p1a: Kyurem|50/100
|move|p1a: Kyurem|Earth Power|p2a: Serperior
|-supereffective|p2a: Serperior
|-end|p2a: Serperior|Substitute
|
|-heal|p2a: Serperior|82/100|[from] item: Leftovers
|upkeep
|turn|19
|
|t:|1776072871
|move|p2a: Serperior|Tera Blast|p1a: Kyurem|[anim] Tera Blast Fire
|-damage|p1a: Kyurem|0 fnt
|faint|p1a: Kyurem
|
|-heal|p2a: Serperior|88/100|[from] item: Leftovers
|upkeep
|
|t:|1776072879
|switch|p1a: Toxtricity|Toxtricity-Low-Key, M, shiny|100/100
|-activate|p1a: Toxtricity|move: Sticky Web
|-unboost|p1a: Toxtricity|spe|1
|turn|20
|
|t:|1776072889
|-terastallize|p1a: Toxtricity|Normal
|move|p2a: Serperior|Substitute|p2a: Serperior
|-start|p2a: Serperior|Substitute
|-damage|p2a: Serperior|63/100
|move|p1a: Toxtricity|Boomburst|p2a: Serperior
|-damage|p2a: Serperior|0 fnt
|faint|p2a: Serperior
|
|-sideend|p1: PabloGYT|move: Light Screen
|upkeep
|
|t:|1776072907
|switch|p2a: Empoleon|Empoleon, F|100/100
|turn|21
|
|t:|1776072914
|switch|p1a: Garchomp|Garchomp, M|100/100
|-activate|p1a: Garchomp|move: Sticky Web
|-unboost|p1a: Garchomp|spe|1
|move|p2a: Empoleon|Vacuum Wave|p1a: Garchomp
|-damage|p1a: Garchomp|92/100
|
|upkeep
|turn|22
|
|t:|1776072922
|move|p1a: Garchomp|Earthquake|p2a: Empoleon
|-supereffective|p2a: Empoleon
|-crit|p2a: Empoleon
|-damage|p2a: Empoleon|0 fnt
|faint|p2a: Empoleon
|
|upkeep
|
|t:|1776072925
|switch|p2a: Kingambit|Kingambit, M|100/100
|turn|23
|
|t:|1776072932
|move|p1a: Garchomp|Stealth Rock|p2a: Kingambit
|-sidestart|p2: la5495|move: Stealth Rock
|move|p2a: Kingambit|Swords Dance|p2a: Kingambit
|-boost|p2a: Kingambit|atk|2
|
|-sideend|p1: PabloGYT|Reflect
|upkeep
|turn|24
|inactive|la5495 has 120 seconds left.
|
|t:|1776072964
|move|p1a: Garchomp|Earthquake|p2a: Kingambit
|-supereffective|p2a: Kingambit
|-damage|p2a: Kingambit|38/100
|move|p2a: Kingambit|Swords Dance|p2a: Kingambit
|-boost|p2a: Kingambit|atk|2
|
|upkeep
|turn|25
|
|t:|1776072971
|move|p2a: Kingambit|Sucker Punch||[still]
|-fail|p2a: Kingambit
|move|p1a: Garchomp|Spikes|p2a: Kingambit
|-sidestart|p2: la5495|Spikes
|
|upkeep
|turn|26
|
|t:|1776072979
|move|p2a: Kingambit|Sucker Punch||[still]
|-fail|p2a: Kingambit
|move|p1a: Garchomp|Spikes|p2a: Kingambit
|-sidestart|p2: la5495|Spikes
|
|upkeep
|turn|27
|
|t:|1776072982
|move|p1a: Garchomp|Earthquake|p2a: Kingambit
|-supereffective|p2a: Kingambit
|-damage|p2a: Kingambit|0 fnt
|faint|p2a: Kingambit
|
|win|PabloGYT
|raw|PabloGYT's rating: 1187 &rarr; <strong>1216</strong><br />(+29 for winning)
|raw|la5495's rating: 1245 &rarr; <strong>1216</strong><br />(-29 for losing)
|l|☆la5495
|player|p2|
|l|☆PabloGYT
|player|p1|
