|html|<div class="broadcast-blue"><strong>[Gen 9] OU is currently suspecting Tera Blast! For information on how to participate check out the <a href="https://www.smogon.com/tools/suspects/view/200">suspect thread</a>.</strong></div>
|j|☆mathismathin
|j|☆jcdnb
|t:|1776218246
|gametype|singles
|player|p1|mathismathin|bugsy-masters|1711
|player|p2|jcdnb|169|1727
|gen|9
|tier|[Gen 9] OU
|rated|
|rule|HP Percentage Mod: HP is shown in percentages
|rule|Endless Battle Clause: Forcing endless battles is banned
|rule|Species Clause: Limit one of each Pokémon
|rule|OHKO Clause: OHKO moves are banned
|rule|Evasion Items Clause: Evasion items are banned
|rule|Evasion Moves Clause: Evasion moves are banned
|rule|Evasion Abilities Clause: Evasion abilities are banned
|rule|Sleep Moves Clause: Sleep-inducing moves are banned
|clearpoke
|poke|p1|Ribombee, F|
|poke|p1|Ogerpon-Wellspring, F|
|poke|p1|Lycanroc-Dusk, F|
|poke|p1|Basculegion-F, F|
|poke|p1|Cinderace, F|
|poke|p1|Glimmora, F|
|poke|p2|Rillaboom, F|
|poke|p2|Ogerpon-Wellspring, F|
|poke|p2|Great Tusk|
|poke|p2|Glimmora, M|
|poke|p2|Heatran, M|
|poke|p2|Hatterene, F|
|teampreview
|
|t:|1776218251
|teamsize|p1|6
|teamsize|p2|6
|start
|switch|p1a: Ribombee|Ribombee, F|100/100
|switch|p2a: Great Tusk|Great Tusk|100/100
|turn|1
|
|t:|1776218256
|move|p1a: Ribombee|Moonblast|p2a: Great Tusk
|-supereffective|p2a: Great Tusk
|-damage|p2a: Great Tusk|56/100
|move|p2a: Great Tusk|Rapid Spin|p1a: Ribombee
|-damage|p1a: Ribombee|71/100
|-boost|p2a: Great Tusk|spe|1
|
|upkeep
|turn|2
|
|t:|1776218262
|move|p1a: Ribombee|Moonblast|p2a: Great Tusk
|-supereffective|p2a: Great Tusk
|-damage|p2a: Great Tusk|14/100
|-unboost|p2a: Great Tusk|spa|1
|move|p2a: Great Tusk|Rapid Spin|p1a: Ribombee
|-crit|p1a: Ribombee
|-damage|p1a: Ribombee|27/100
|-boost|p2a: Great Tusk|spe|1
|
|upkeep
|turn|3
|
|t:|1776218271
|switch|p1a: Basculegion|Basculegion-F, F|100/100
|-item|p1a: Basculegion|Air Balloon
|move|p2a: Great Tusk|Ice Spinner|p1a: Basculegion
|-resisted|p1a: Basculegion
|-damage|p1a: Basculegion|86/100
|-enditem|p1a: Basculegion|Air Balloon
|
|upkeep
|turn|4
|
|t:|1776218280
|move|p2a: Great Tusk|Knock Off|p1a: Basculegion
|-supereffective|p1a: Basculegion
|-damage|p1a: Basculegion|41/100
|move|p1a: Basculegion|Shadow Ball|p2a: Great Tusk
|-crit|p2a: Great Tusk
|-damage|p2a: Great Tusk|0 fnt
|faint|p2a: Great Tusk
|-end|p2a: Great Tusk|Protosynthesis|[silent]
|
|upkeep
|j| MewNinetynine
|
|t:|1776218289
|switch|p2a: Rillaboom|Rillaboom, F|100/100
|-fieldstart|move: Grassy Terrain|[from] ability: Grassy Surge|[of] p2a: Rillaboom
|turn|5
|
|t:|1776218295
|move|p2a: Rillaboom|Grassy Glide|p1a: Basculegion
|-supereffective|p1a: Basculegion
|-damage|p1a: Basculegion|0 fnt
|faint|p1a: Basculegion
|
|upkeep
|
|t:|1776218298
|switch|p1a: Glimmora|Glimmora, F|100/100
|turn|6
|
|t:|1776218301
|move|p1a: Glimmora|Meteor Beam||[still]
|-prepare|p1a: Glimmora|Meteor Beam
|-boost|p1a: Glimmora|spa|1
|-enditem|p1a: Glimmora|Power Herb
|-anim|p1a: Glimmora|Meteor Beam|p2a: Rillaboom|[miss]
|-miss|p1a: Glimmora|p2a: Rillaboom
|move|p2a: Rillaboom|High Horsepower|p1a: Glimmora|[miss]
|-miss|p2a: Rillaboom|p1a: Glimmora
|
|upkeep
|turn|7
|
|t:|1776218310
|move|p1a: Glimmora|Sludge Wave|p2a: Rillaboom
|-supereffective|p2a: Rillaboom
|-damage|p2a: Rillaboom|0 fnt
|faint|p2a: Rillaboom
|
|upkeep
|
|t:|1776218314
|switch|p2a: Glimmora|Glimmora, M|100/100
|turn|8
|
|t:|1776218318
|move|p2a: Glimmora|Earth Power|p1a: Glimmora
|-supereffective|p1a: Glimmora
|-damage|p1a: Glimmora|0 fnt
|faint|p1a: Glimmora
|
|upkeep
|
|t:|1776218320
|switch|p1a: Ogerpon|Ogerpon-Wellspring, F|100/100
|turn|9
|
|t:|1776218324
|move|p1a: Ogerpon|Swords Dance|p1a: Ogerpon
|-boost|p1a: Ogerpon|atk|2
|move|p2a: Glimmora|Stealth Rock|p1a: Ogerpon
|-sidestart|p1: mathismathin|move: Stealth Rock
|
|upkeep
|turn|10
|j| akabrithan
|
|t:|1776218331
|move|p1a: Ogerpon|Ivy Cudgel|p2a: Glimmora|[anim] Ivy Cudgel Water
|-supereffective|p2a: Glimmora
|-enditem|p2a: Glimmora|Focus Sash
|-damage|p2a: Glimmora|1/100
|-activate|p2a: Glimmora|ability: Toxic Debris
|-sidestart|p1: mathismathin|move: Toxic Spikes
|move|p2a: Glimmora|Power Gem|p1a: Ogerpon
|-damage|p1a: Ogerpon|55/100
|
|-heal|p1a: Ogerpon|61/100|[from] Grassy Terrain
|-heal|p2a: Glimmora|7/100|[from] Grassy Terrain
|upkeep
|turn|11
|l| akabrithan
|
|t:|1776218342
|move|p1a: Ogerpon|Swords Dance|p1a: Ogerpon
|-boost|p1a: Ogerpon|atk|2
|move|p2a: Glimmora|Power Gem|p1a: Ogerpon
|-damage|p1a: Ogerpon|14/100
|
|-heal|p1a: Ogerpon|20/100|[from] Grassy Terrain
|-heal|p2a: Glimmora|13/100|[from] Grassy Terrain
|upkeep
|turn|12
|
|t:|1776218351
|move|p1a: Ogerpon|Trailblaze|p2a: Glimmora
|-damage|p2a: Glimmora|0 fnt
|-boost|p1a: Ogerpon|spe|1
|-activate|p2a: Glimmora|ability: Toxic Debris
|-sidestart|p1: mathismathin|move: Toxic Spikes
|faint|p2a: Glimmora
|
|-heal|p1a: Ogerpon|26/100|[from] Grassy Terrain
|-fieldend|move: Grassy Terrain
|upkeep
|
|t:|1776218360
|switch|p2a: Heatran|Heatran, M|100/100
|turn|13
|
|t:|1776218366
|-terastallize|p1a: Ogerpon|Water
|detailschange|p1a: Ogerpon|Ogerpon-Wellspring-Tera, F, tera:Water
|-ability|p1a: Ogerpon|Embody Aspect (Wellspring)|boost
|-boost|p1a: Ogerpon|spd|1
|-terastallize|p2a: Heatran|Bug
|move|p1a: Ogerpon|Ivy Cudgel|p2a: Heatran|[anim] Ivy Cudgel Water
|-damage|p2a: Heatran|0 fnt
|faint|p2a: Heatran
|
|upkeep
|
|t:|1776218375
|switch|p2a: Ogerpon|Ogerpon-Wellspring, F|100/100
|turn|14
|
|t:|1776218378
|move|p1a: Ogerpon|Trailblaze|p2a: Ogerpon
|-damage|p2a: Ogerpon|33/100
|-boost|p1a: Ogerpon|spe|1
|move|p2a: Ogerpon|Horn Leech|p1a: Ogerpon
|-supereffective|p1a: Ogerpon
|-damage|p1a: Ogerpon|0 fnt
|-heal|p2a: Ogerpon|44/100|[from] drain|[of] p1a: Ogerpon
|faint|p1a: Ogerpon
|detailschange|p1: Ogerpon|Ogerpon-Wellspring, F|[silent]
|
|upkeep
|
|t:|1776218386
|switch|p1a: Cinderace|Cinderace, F|100/100
|turn|15
|j| jjsjywdez
|
|t:|1776218395
|move|p1a: Cinderace|Pyro Ball|p2a: Ogerpon
|-damage|p2a: Ogerpon|0 fnt
|faint|p2a: Ogerpon
|
|upkeep
|
|t:|1776218399
|switch|p2a: Hatterene|Hatterene, F|100/100
|turn|16
|
|t:|1776218402
|move|p1a: Cinderace|Swords Dance|p1a: Cinderace
|-boost|p1a: Cinderace|atk|2
|move|p2a: Hatterene|Psychic Noise|p1a: Cinderace
|-damage|p1a: Cinderace|56/100
|-start|p1a: Cinderace|move: Heal Block
|
|upkeep
|turn|17
|inactive|Battle timer is ON: inactive players will automatically lose when time's up. (requested by mathismathin)
|
|t:|1776218425
|move|p1a: Cinderace|Pyro Ball|p2a: Hatterene
|-crit|p2a: Hatterene
|-damage|p2a: Hatterene|0 fnt
|faint|p2a: Hatterene
|
|win|mathismathin
|raw|mathismathin's rating: 1711 &rarr; <strong>1732</strong><br />(+21 for winning)
|raw|jcdnb's rating: 1727 &rarr; <strong>1706</strong><br />(-21 for losing)
|l|☆jcdnb
|player|p2|
|l| MewNinetynine
