|html|<div class="broadcast-blue"><strong>[Gen 9] OU is currently suspecting Tera Blast! For information on how to participate check out the <a href="https://www.smogon.com/tools/suspects/view/200">suspect thread</a>.</strong></div>
|j|☆Yuri Downham
|j|☆The Tay
|t:|1776039090
|gametype|singles
|player|p1|Yuri Downham|palmer|1377
|player|p2|The Tay|raihan-masters|1385
|gen|9
|tier|[Gen 9] OU
|rated|
|rule|HP Percentage Mod: HP is shown in percentages
|rule|Endless Battle Clause: Forcing endless battles is banned
|rule|Species Clause: Limit one of each Pokémon
|rule|OHKO Clause: OHKO moves are banned
|rule|Evasion Items Clause: Evasion items are banned
|rule|Evasion Moves Clause: Evasion moves are banned
|rule|Evasion Abilities Clause: Evasion abilities are banned
|rule|Sleep Moves Clause: Sleep-inducing moves are banned
|clearpoke
|poke|p1|Samurott-Hisui, M|
|poke|p1|Ceruledge, M|
|poke|p1|Rillaboom, F|
|poke|p1|Moltres|
|poke|p1|Darkrai|
|poke|p1|Great Tusk|
|poke|p2|Iron Hands|
|poke|p2|Zamazenta-*|
|poke|p2|Iron Moth|
|poke|p2|Zoroark, F|
|poke|p2|Cinderace, M|
|poke|p2|Pecharunt|
|teampreview
|j| ohko_smeargle
|
|t:|1776039125
|teamsize|p1|6
|teamsize|p2|6
|start
|switch|p1a: Samurott|Samurott-Hisui, M|100/100
|switch|p2a: Cinderace|Cinderace, M|100/100
|turn|1
|
|t:|1776039149
|move|p1a: Samurott|Razor Shell|p2a: Cinderace
|-supereffective|p2a: Cinderace
|-damage|p2a: Cinderace|0 fnt
|faint|p2a: Cinderace
|
|upkeep
|
|t:|1776039172
|switch|p2a: Pecharunt|Pecharunt|100/100
|turn|2
|
|t:|1776039178
|switch|p1a: Darkrai|Darkrai|100/100
|move|p2a: Pecharunt|Focus Blast|p1a: Darkrai|[miss]
|-miss|p2a: Pecharunt|p1a: Darkrai
|
|upkeep
|turn|3
|
|t:|1776039186
|move|p1a: Darkrai|Sludge Bomb|p2a: Pecharunt
|-damage|p2a: Pecharunt|38/100
|replace|p2a: Zoroark|Zoroark, F
|-end|p2a: Zoroark|Illusion
|move|p2a: Zoroark|Focus Blast|p1a: Darkrai|[miss]
|-miss|p2a: Zoroark|p1a: Darkrai
|
|upkeep
|turn|4
|
|t:|1776039192
|move|p1a: Darkrai|Sludge Bomb|p2a: Zoroark
|-damage|p2a: Zoroark|0 fnt
|faint|p2a: Zoroark
|
|upkeep
|c|☆Yuri Downham|near
|c|☆Yuri Downham|neat
|c|☆The Tay|doube miss
|c|☆The Tay|ggs
|
|t:|1776039218
|switch|p2a: Zamazenta|Zamazenta|100/100
|-ability|p2a: Zamazenta|Dauntless Shield|boost
|-boost|p2a: Zamazenta|def|1
|turn|5
|
|t:|1776039231
|switch|p1a: Moltres|Moltres|100/100
|move|p2a: Zamazenta|Iron Defense|p2a: Zamazenta
|-boost|p2a: Zamazenta|def|2
|
|upkeep
|turn|6
|
|t:|1776039240
|-terastallize|p1a: Moltres|Water
|move|p1a: Moltres|Will-O-Wisp|p2a: Zamazenta
|-status|p2a: Zamazenta|brn
|move|p2a: Zamazenta|Roar|p1a: Moltres
|drag|p1a: Rillaboom|Rillaboom, F|100/100
|-fieldstart|move: Grassy Terrain|[from] ability: Grassy Surge|[of] p1a: Rillaboom
|
|-damage|p2a: Zamazenta|94/100 brn|[from] brn
|upkeep
|turn|7
|
|t:|1776039249
|switch|p2a: Iron Moth|Iron Moth|100/100
|-enditem|p2a: Iron Moth|Booster Energy
|-activate|p2a: Iron Moth|ability: Quark Drive|[fromitem]
|-start|p2a: Iron Moth|quarkdrivespe
|move|p1a: Rillaboom|Knock Off|p2a: Iron Moth
|-damage|p2a: Iron Moth|65/100
|
|-heal|p2a: Iron Moth|71/100|[from] Grassy Terrain
|upkeep
|turn|8
|
|t:|1776039256
|move|p1a: Rillaboom|Grassy Glide|p2a: Iron Moth
|-resisted|p2a: Iron Moth
|-damage|p2a: Iron Moth|56/100
|move|p2a: Iron Moth|Substitute|p2a: Iron Moth
|-start|p2a: Iron Moth|Substitute
|-damage|p2a: Iron Moth|32/100
|
|-heal|p2a: Iron Moth|38/100|[from] Grassy Terrain
|upkeep
|turn|9
|
|t:|1776039261
|move|p1a: Rillaboom|Grassy Glide|p2a: Iron Moth
|-resisted|p2a: Iron Moth
|-activate|p2a: Iron Moth|move: Substitute|[damage]
|move|p2a: Iron Moth|Fiery Dance|p1a: Rillaboom
|-supereffective|p1a: Rillaboom
|-damage|p1a: Rillaboom|45/100
|-boost|p2a: Iron Moth|spa|1
|
|-heal|p2a: Iron Moth|44/100|[from] Grassy Terrain
|-heal|p1a: Rillaboom|52/100|[from] Grassy Terrain
|upkeep
|turn|10
|
|t:|1776039274
|move|p1a: Rillaboom|Grassy Glide|p2a: Iron Moth
|-resisted|p2a: Iron Moth
|-end|p2a: Iron Moth|Substitute
|move|p2a: Iron Moth|Substitute|p2a: Iron Moth
|-start|p2a: Iron Moth|Substitute
|-damage|p2a: Iron Moth|19/100
|
|-heal|p2a: Iron Moth|25/100|[from] Grassy Terrain
|-heal|p1a: Rillaboom|58/100|[from] Grassy Terrain
|-fieldend|move: Grassy Terrain
|upkeep
|turn|11
|
|t:|1776039287
|move|p2a: Iron Moth|Fiery Dance|p1a: Rillaboom
|-supereffective|p1a: Rillaboom
|-damage|p1a: Rillaboom|0 fnt
|faint|p1a: Rillaboom
|
|upkeep
|
|t:|1776039292
|switch|p1a: Great Tusk|Great Tusk|100/100
|turn|12
|
|t:|1776039305
|-terastallize|p2a: Iron Moth|Fairy
|move|p2a: Iron Moth|Dazzling Gleam|p1a: Great Tusk
|-supereffective|p1a: Great Tusk
|-damage|p1a: Great Tusk|1/100
|move|p1a: Great Tusk|Headlong Rush|p2a: Iron Moth
|-end|p2a: Iron Moth|Substitute
|-unboost|p1a: Great Tusk|def|1
|-unboost|p1a: Great Tusk|spd|1
|
|upkeep
|turn|13
|
|t:|1776039313
|move|p2a: Iron Moth|Fiery Dance|p1a: Great Tusk
|-damage|p1a: Great Tusk|0 fnt
|-boost|p2a: Iron Moth|spa|1
|faint|p1a: Great Tusk
|-end|p1a: Great Tusk|Protosynthesis|[silent]
|
|upkeep
|
|t:|1776039316
|switch|p1a: Ceruledge|Ceruledge, M|100/100
|turn|14
|
|t:|1776039330
|move|p1a: Ceruledge|Shadow Sneak|p2a: Iron Moth
|-crit|p2a: Iron Moth
|-damage|p2a: Iron Moth|0 fnt
|faint|p2a: Iron Moth
|-end|p2a: Iron Moth|Quark Drive|[silent]
|-damage|p1a: Ceruledge|90/100|[from] item: Life Orb
|
|upkeep
|c|☆The Tay|and a crit
|c|☆The Tay|this is not my match
|c|☆Yuri Downham|didnt matter
|c|☆The Tay|literally did
|c|☆Yuri Downham|life orb sneak surely kills
|c|☆The Tay|I have defense iron moth
|c|☆Yuri Downham|and im adamnt
|
|t:|1776039381
|switch|p2a: Pecharunt|Pecharunt|100/100
|turn|15
|
|t:|1776039386
|switch|p1a: Samurott|Samurott-Hisui, M|100/100
|move|p2a: Pecharunt|Shadow Ball|p1a: Samurott
|-resisted|p1a: Samurott
|-damage|p1a: Samurott|83/100
|
|upkeep
|turn|16
|
|t:|1776039398
|move|p1a: Samurott|Ceaseless Edge|p2a: Pecharunt
|-supereffective|p2a: Pecharunt
|-damage|p2a: Pecharunt|56/100
|-sidestart|p2: The Tay|Spikes
|move|p2a: Pecharunt|Malignant Chain|p1a: Samurott
|-damage|p1a: Samurott|41/100
|-status|p1a: Samurott|tox
|-start|p1a: Samurott|confusion|[from] ability: Poison Puppeteer|[of] p2a: Pecharunt
|
|-heal|p2a: Pecharunt|62/100|[from] item: Black Sludge
|-damage|p1a: Samurott|34/100 tox|[from] psn
|upkeep
|turn|17
|
|t:|1776039418
|-activate|p1a: Samurott|confusion
|-damage|p1a: Samurott|18/100 tox|[from] confusion
|move|p2a: Pecharunt|Parting Shot|p1a: Samurott
|-unboost|p1a: Samurott|atk|1
|-unboost|p1a: Samurott|spa|1
|
|t:|1776039422
|switch|p2a: Iron Hands|Iron Hands|100/100|[from] Parting Shot
|-damage|p2a: Iron Hands|88/100|[from] Spikes
|-enditem|p2a: Iron Hands|Booster Energy
|-activate|p2a: Iron Hands|ability: Quark Drive|[fromitem]
|-start|p2a: Iron Hands|quarkdriveatk
|
|-damage|p1a: Samurott|5/100 tox|[from] psn
|upkeep
|turn|18
|
|t:|1776039426
|-activate|p1a: Samurott|confusion
|move|p1a: Samurott|Ceaseless Edge|p2a: Iron Hands
|-resisted|p2a: Iron Hands
|-damage|p2a: Iron Hands|78/100
|-sidestart|p2: The Tay|Spikes
|move|p2a: Iron Hands|Swords Dance|p2a: Iron Hands
|-boost|p2a: Iron Hands|atk|2
|
|-damage|p1a: Samurott|0 fnt|[from] psn
|faint|p1a: Samurott
|upkeep
|
|t:|1776039431
|switch|p1a: Moltres|Moltres, tera:Water|100/100
|turn|19
|
|t:|1776039434
|move|p1a: Moltres|Will-O-Wisp|p2a: Iron Hands
|-status|p2a: Iron Hands|brn
|move|p2a: Iron Hands|Supercell Slam|p1a: Moltres
|-supereffective|p1a: Moltres
|-damage|p1a: Moltres|0 fnt
|faint|p1a: Moltres
|
|-damage|p2a: Iron Hands|72/100 brn|[from] brn
|upkeep
|
|t:|1776039443
|switch|p1a: Darkrai|Darkrai|100/100
|turn|20
|
|t:|1776039447
|move|p1a: Darkrai|Sludge Bomb|p2a: Iron Hands
|-damage|p2a: Iron Hands|49/100 brn
|move|p2a: Iron Hands|Drain Punch|p1a: Darkrai
|-supereffective|p1a: Darkrai
|-damage|p1a: Darkrai|0 fnt
|-heal|p2a: Iron Hands|77/100 brn|[from] drain|[of] p1a: Darkrai
|faint|p1a: Darkrai
|
|-damage|p2a: Iron Hands|71/100 brn|[from] brn
|upkeep
|
|t:|1776039452
|switch|p1a: Ceruledge|Ceruledge, M|90/100
|turn|21
|
|t:|1776039455
|move|p1a: Ceruledge|Swords Dance|p1a: Ceruledge
|-boost|p1a: Ceruledge|atk|2
|move|p2a: Iron Hands|Earthquake|p1a: Ceruledge
|-supereffective|p1a: Ceruledge
|-damage|p1a: Ceruledge|0 fnt
|faint|p1a: Ceruledge
|
|win|The Tay
|raw|Yuri Downham's rating: 1377 &rarr; <strong>1357</strong><br />(-20 for losing)
|raw|The Tay's rating: 1385 &rarr; <strong>1405</strong><br />(+20 for winning)
|l| ohko_smeargle
|c|☆The Tay|ggs
|c|☆Yuri Downham|gg
|l|☆Yuri Downham
|player|p1|
|l|☆The Tay
|player|p2|
