|html|<div class="broadcast-blue"><strong>[Gen 9] OU is currently suspecting Tera Blast! For information on how to participate check out the <a href="https://www.smogon.com/tools/suspects/view/200">suspect thread</a>.</strong></div>
|j|☆Avery Lv.100
|j|‽blooflazh
|t:|1776054515
|gametype|singles
|player|p1|Avery Lv.100|janitor|1222
|player|p2|blooflazh|rood|1175
|gen|9
|tier|[Gen 9] OU
|rated|
|rule|HP Percentage Mod: HP is shown in percentages
|rule|Endless Battle Clause: Forcing endless battles is banned
|rule|Species Clause: Limit one of each Pokémon
|rule|OHKO Clause: OHKO moves are banned
|rule|Evasion Items Clause: Evasion items are banned
|rule|Evasion Moves Clause: Evasion moves are banned
|rule|Evasion Abilities Clause: Evasion abilities are banned
|rule|Sleep Moves Clause: Sleep-inducing moves are banned
|clearpoke
|poke|p1|Volcanion|
|poke|p1|Dragonite, M|
|poke|p1|Tyranitar, M|
|poke|p1|Landorus-Therian, M|
|poke|p1|Iron Moth|
|poke|p1|Hoopa-Unbound|
|poke|p2|Blaziken, F|
|poke|p2|Zapdos|
|poke|p2|Salamence, F|
|poke|p2|Mew|
|poke|p2|Cryogonal|
|poke|p2|Scizor, M|
|teampreview
|
|t:|1776054536
|teamsize|p1|6
|teamsize|p2|6
|start
|switch|p1a: Volcaronot|Iron Moth|100/100
|switch|p2a: Cryogonal|Cryogonal|100/100
|-enditem|p1a: Volcaronot|Booster Energy
|-activate|p1a: Volcaronot|ability: Quark Drive|[fromitem]
|-start|p1a: Volcaronot|quarkdrivespa
|turn|1
|
|t:|1776054545
|switch|p2a: Salamence|Salamence, F|100/100
|-ability|p2a: Salamence|Intimidate|boost
|-unboost|p1a: Volcaronot|atk|1
|move|p1a: Volcaronot|Fiery Dance|p2a: Salamence
|-resisted|p2a: Salamence
|-damage|p2a: Salamence|66/100
|-boost|p1a: Volcaronot|spa|1
|
|upkeep
|turn|2
|
|t:|1776054557
|move|p1a: Volcaronot|Fiery Dance|p2a: Salamence
|-resisted|p2a: Salamence
|-damage|p2a: Salamence|9/100
|-boost|p1a: Volcaronot|spa|1
|move|p2a: Salamence|Dragon Dance|p2a: Salamence
|-boost|p2a: Salamence|atk|1
|-boost|p2a: Salamence|spe|1
|
|upkeep
|turn|3
|
|t:|1776054565
|move|p2a: Salamence|Dual Wingbeat|p1a: Volcaronot
|-damage|p1a: Volcaronot|41/100
|-damage|p1a: Volcaronot|0 fnt
|faint|p1a: Volcaronot
|-end|p1a: Volcaronot|Quark Drive|[silent]
|-hitcount|p1: Volcaronot|2
|
|upkeep
|
|t:|1776054571
|switch|p1a: Sherman|Dragonite, M|100/100
|turn|4
|
|t:|1776054577
|switch|p2a: Cryogonal|Cryogonal|100/100
|move|p1a: Sherman|Extreme Speed|p2a: Cryogonal
|-damage|p2a: Cryogonal|19/100
|
|upkeep
|turn|5
|
|t:|1776054586
|switch|p2a: Salamence|Salamence, F|9/100
|-ability|p2a: Salamence|Intimidate|boost
|-unboost|p1a: Sherman|atk|1
|move|p1a: Sherman|Extreme Speed|p2a: Salamence
|-damage|p2a: Salamence|0 fnt
|faint|p2a: Salamence
|
|upkeep
|
|t:|1776054591
|switch|p2a: Scizor|Scizor, M, shiny|100/100
|turn|6
|
|t:|1776054599
|switch|p1a: The Gate|Volcanion|100/100
|switch|p2a: Blaziken|Blaziken, F|100/100
|
|upkeep
|turn|7
|
|t:|1776054606
|move|p2a: Blaziken|Swords Dance|p2a: Blaziken
|-boost|p2a: Blaziken|atk|2
|move|p1a: The Gate|Steam Eruption|p2a: Blaziken
|-supereffective|p2a: Blaziken
|-enditem|p2a: Blaziken|Focus Sash
|-damage|p2a: Blaziken|1/100
|
|-ability|p2a: Blaziken|Speed Boost|boost
|-boost|p2a: Blaziken|spe|1
|upkeep
|turn|8
|
|t:|1776054634
|move|p2a: Blaziken|Earthquake|p1a: The Gate
|-supereffective|p1a: The Gate
|-damage|p1a: The Gate|0 fnt
|faint|p1a: The Gate
|
|-ability|p2a: Blaziken|Speed Boost|boost
|-boost|p2a: Blaziken|spe|1
|upkeep
|
|t:|1776054641
|switch|p1a: Sherman|Dragonite, M|100/100
|turn|9
|
|t:|1776054648
|move|p1a: Sherman|Extreme Speed|p2a: Blaziken
|-crit|p2a: Blaziken
|-damage|p2a: Blaziken|0 fnt
|faint|p2a: Blaziken
|
|upkeep
|
|t:|1776054658
|switch|p2a: Scizor|Scizor, M, shiny|100/100
|turn|10
|
|t:|1776054671
|switch|p1a: Landorus|Landorus-Therian, M|100/100
|-ability|p1a: Landorus|Intimidate|boost
|-unboost|p2a: Scizor|atk|1
|move|p2a: Scizor|Swords Dance|p2a: Scizor
|-boost|p2a: Scizor|atk|2
|
|upkeep
|turn|11
|
|t:|1776054709
|move|p1a: Landorus|Earthquake|p2a: Scizor
|-damage|p2a: Scizor|24/100
|move|p2a: Scizor|Swords Dance|p2a: Scizor
|-boost|p2a: Scizor|atk|2
|
|-heal|p2a: Scizor|30/100|[from] item: Leftovers
|upkeep
|turn|12
|
|t:|1776054731
|move|p2a: Scizor|Bullet Punch|p1a: Landorus
|-damage|p1a: Landorus|0 fnt
|faint|p1a: Landorus
|
|-heal|p2a: Scizor|36/100|[from] item: Leftovers
|upkeep
|
|t:|1776054741
|switch|p1a: Sherman|Dragonite, M|100/100
|turn|13
|
|t:|1776054763
|move|p1a: Sherman|Extreme Speed|p2a: Scizor
|-resisted|p2a: Scizor
|-damage|p2a: Scizor|8/100
|move|p2a: Scizor|Bullet Punch|p1a: Sherman
|-damage|p1a: Sherman|55/100
|
|-heal|p2a: Scizor|14/100|[from] item: Leftovers
|upkeep
|turn|14
|
|t:|1776054776
|move|p1a: Sherman|Extreme Speed|p2a: Scizor
|-resisted|p2a: Scizor
|-damage|p2a: Scizor|0 fnt
|faint|p2a: Scizor
|
|upkeep
|
|t:|1776054799
|switch|p2a: Mew|Mew|100/100
|turn|15
|
|t:|1776054806
|-terastallize|p1a: Sherman|Normal
|move|p1a: Sherman|Extreme Speed|p2a: Mew
|-damage|p2a: Mew|33/100
|move|p2a: Mew|Ice Spinner|p1a: Sherman
|-damage|p1a: Sherman|24/100
|
|-heal|p2a: Mew|40/100|[from] item: Leftovers
|upkeep
|turn|16
|
|t:|1776054817
|move|p1a: Sherman|Extreme Speed|p2a: Mew
|-damage|p2a: Mew|0 fnt
|faint|p2a: Mew
|
|upkeep
|
|t:|1776054819
|switch|p2a: Zapdos|Zapdos|100/100
|turn|17
|
|t:|1776054827
|move|p1a: Sherman|Extreme Speed|p2a: Zapdos
|-damage|p2a: Zapdos|8/100
|move|p2a: Zapdos|Thunderbolt|p1a: Sherman
|-damage|p1a: Sherman|0 fnt
|faint|p1a: Sherman
|-damage|p2a: Zapdos|0 fnt|[from] item: Life Orb
|faint|p2a: Zapdos
|
|upkeep
|-message|blooflazh forfeited.
|
|win|Avery Lv.100
|raw|Avery Lv.100's rating: 1222 &rarr; <strong>1244</strong><br />(+22 for winning)
|raw|blooflazh's rating: 1175 &rarr; <strong>1153</strong><br />(-22 for losing)
|l|‽blooflazh
|player|p2|
|l|☆Avery Lv.100
|player|p1|
