|html|<div class="broadcast-blue"><strong>[Gen 9] OU is currently suspecting Tera Blast! For information on how to participate check out the <a href="https://www.smogon.com/tools/suspects/view/200">suspect thread</a>.</strong></div>
|j|☆IOwnALottaHats
|j|☆ItsLuminenn
|t:|1776055828
|gametype|singles
|player|p1|IOwnALottaHats|265|1056
|player|p2|ItsLuminenn|iris-gen5bw2|1056
|gen|9
|tier|[Gen 9] OU
|rated|
|rule|HP Percentage Mod: HP is shown in percentages
|rule|Endless Battle Clause: Forcing endless battles is banned
|rule|Species Clause: Limit one of each Pokémon
|rule|OHKO Clause: OHKO moves are banned
|rule|Evasion Items Clause: Evasion items are banned
|rule|Evasion Moves Clause: Evasion moves are banned
|rule|Evasion Abilities Clause: Evasion abilities are banned
|rule|Sleep Moves Clause: Sleep-inducing moves are banned
|clearpoke
|poke|p1|Charizard, M|
|poke|p1|Malamar, M|
|poke|p1|Corviknight, F|
|poke|p1|Mudsdale, M|
|poke|p1|Lurantis, F|
|poke|p1|Glimmora, M|
|poke|p2|Iron Valiant|
|poke|p2|Rotom-Wash|
|poke|p2|Great Tusk|
|poke|p2|Gholdengo|
|poke|p2|Ogerpon-Wellspring, F|
|poke|p2|Tornadus-Therian, M|
|teampreview
|j| ohko_smeargle
|inactive|Battle timer is ON: inactive players will automatically lose when time's up. (requested by ItsLuminenn)
|
|t:|1776055862
|teamsize|p1|6
|teamsize|p2|6
|start
|switch|p1a: Glimmora|Glimmora, M|100/100
|switch|p2a: Iron Valiant|Iron Valiant|100/100
|-enditem|p2a: Iron Valiant|Booster Energy
|-activate|p2a: Iron Valiant|ability: Quark Drive|[fromitem]
|-start|p2a: Iron Valiant|quarkdrivespe
|turn|1
|j| mojk
|
|t:|1776055878
|move|p2a: Iron Valiant|Swords Dance|p2a: Iron Valiant
|-boost|p2a: Iron Valiant|atk|2
|move|p1a: Glimmora|Stealth Rock|p2a: Iron Valiant
|-sidestart|p2: ItsLuminenn|move: Stealth Rock
|
|upkeep
|turn|2
|
|t:|1776055889
|move|p2a: Iron Valiant|Close Combat|p1a: Glimmora
|-enditem|p1a: Glimmora|Focus Sash
|-damage|p1a: Glimmora|1/100
|-unboost|p2a: Iron Valiant|def|1
|-unboost|p2a: Iron Valiant|spd|1
|-activate|p1a: Glimmora|ability: Toxic Debris
|-sidestart|p2: ItsLuminenn|move: Toxic Spikes
|move|p1a: Glimmora|Spikes|p2a: Iron Valiant
|-sidestart|p2: ItsLuminenn|Spikes
|
|upkeep
|turn|3
|
|t:|1776055900
|move|p1a: Glimmora|Spiky Shield|p1a: Glimmora
|-singleturn|p1a: Glimmora|move: Protect
|move|p2a: Iron Valiant|Knock Off|p1a: Glimmora
|-activate|p1a: Glimmora|move: Protect
|-damage|p2a: Iron Valiant|88/100|[from] Spiky Shield|[of] p1a: Glimmora
|
|upkeep
|turn|4
|
|t:|1776055909
|move|p2a: Iron Valiant|Knock Off|p1a: Glimmora
|-damage|p1a: Glimmora|0 fnt
|-activate|p1a: Glimmora|ability: Toxic Debris
|-sidestart|p2: ItsLuminenn|move: Toxic Spikes
|faint|p1a: Glimmora
|
|upkeep
|
|t:|1776055924
|switch|p1a: Mudsdale|Mudsdale, M|100/100
|turn|5
|
|t:|1776055935
|-terastallize|p1a: Mudsdale|Poison
|move|p2a: Iron Valiant|Close Combat|p1a: Mudsdale
|-resisted|p1a: Mudsdale
|-damage|p1a: Mudsdale|50/100
|-unboost|p2a: Iron Valiant|def|1
|-unboost|p2a: Iron Valiant|spd|1
|-ability|p1a: Mudsdale|Stamina|boost
|-boost|p1a: Mudsdale|def|1
|move|p1a: Mudsdale|Heavy Slam|p2a: Iron Valiant
|-supereffective|p2a: Iron Valiant
|-damage|p2a: Iron Valiant|0 fnt
|faint|p2a: Iron Valiant
|-end|p2a: Iron Valiant|Quark Drive|[silent]
|
|-heal|p1a: Mudsdale|56/100|[from] item: Leftovers
|upkeep
|
|t:|1776055946
|switch|p2a: Great Tusk|Great Tusk|100/100
|-damage|p2a: Great Tusk|98/100|[from] Stealth Rock
|-status|p2a: Great Tusk|tox
|-damage|p2a: Great Tusk|85/100 tox|[from] Spikes
|-enditem|p2a: Great Tusk|Booster Energy
|-activate|p2a: Great Tusk|ability: Protosynthesis|[fromitem]
|-start|p2a: Great Tusk|protosynthesisatk
|turn|6
|
|t:|1776055963
|move|p2a: Great Tusk|Rapid Spin|p1a: Mudsdale
|-damage|p1a: Mudsdale|45/100
|-boost|p2a: Great Tusk|spe|1
|-ability|p1a: Mudsdale|Stamina|boost
|-boost|p1a: Mudsdale|def|1
|-sideend|p2: ItsLuminenn|Spikes|[from] move: Rapid Spin|[of] p2a: Great Tusk
|-sideend|p2: ItsLuminenn|Toxic Spikes|[from] move: Rapid Spin|[of] p2a: Great Tusk
|-sideend|p2: ItsLuminenn|Stealth Rock|[from] move: Rapid Spin|[of] p2a: Great Tusk
|move|p1a: Mudsdale|Counter|p2a: Great Tusk
|-damage|p2a: Great Tusk|65/100 tox
|
|-heal|p1a: Mudsdale|51/100|[from] item: Leftovers
|-damage|p2a: Great Tusk|58/100 tox|[from] psn
|upkeep
|turn|7
|
|t:|1776055977
|move|p2a: Great Tusk|Headlong Rush|p1a: Mudsdale
|-supereffective|p1a: Mudsdale
|-damage|p1a: Mudsdale|0 fnt
|-unboost|p2a: Great Tusk|def|1
|-unboost|p2a: Great Tusk|spd|1
|faint|p1a: Mudsdale
|
|-damage|p2a: Great Tusk|46/100 tox|[from] psn
|upkeep
|
|t:|1776055986
|switch|p1a: Lurantis|Lurantis, F|100/100
|turn|8
|
|t:|1776055991
|move|p2a: Great Tusk|Ice Spinner|p1a: Lurantis
|-supereffective|p1a: Lurantis
|-damage|p1a: Lurantis|19/100
|move|p1a: Lurantis|Leaf Storm|p2a: Great Tusk
|-supereffective|p2a: Great Tusk
|-damage|p2a: Great Tusk|0 fnt
|-boost|p1a: Lurantis|spa|2
|faint|p2a: Great Tusk
|-end|p2a: Great Tusk|Protosynthesis|[silent]
|
|-heal|p1a: Lurantis|25/100|[from] item: Leftovers
|upkeep
|
|t:|1776056000
|switch|p2a: Tornadus|Tornadus-Therian, M, shiny|100/100
|turn|9
|
|t:|1776056007
|move|p2a: Tornadus|Bleakwind Storm|p1a: Lurantis
|-supereffective|p1a: Lurantis
|-damage|p1a: Lurantis|0 fnt
|faint|p1a: Lurantis
|
|upkeep
|-message|IOwnALottaHats forfeited.
|
|win|ItsLuminenn
|raw|IOwnALottaHats's rating: 1056 &rarr; <strong>1038</strong><br />(-18 for losing)
|raw|ItsLuminenn's rating: 1056 &rarr; <strong>1088</strong><br />(+32 for winning)
|l|☆IOwnALottaHats
|player|p1|
|l| ohko_smeargle
|l|☆ItsLuminenn
|player|p2|
|l| mojk
