|html|<div class="broadcast-blue"><strong>[Gen 9] OU is currently suspecting Tera Blast! For information on how to participate check out the <a href="https://www.smogon.com/tools/suspects/view/200">suspect thread</a>.</strong></div>
|j|☆Sepublic
|j|☆chessmaster 2000
|t:|1776166419
|gametype|singles
|player|p1|Sepublic|169|1322
|player|p2|chessmaster 2000|blackbelt-gen4dp|1336
|gen|9
|tier|[Gen 9] OU
|rated|
|rule|HP Percentage Mod: HP is shown in percentages
|rule|Endless Battle Clause: Forcing endless battles is banned
|rule|Species Clause: Limit one of each Pokémon
|rule|OHKO Clause: OHKO moves are banned
|rule|Evasion Items Clause: Evasion items are banned
|rule|Evasion Moves Clause: Evasion moves are banned
|rule|Evasion Abilities Clause: Evasion abilities are banned
|rule|Sleep Moves Clause: Sleep-inducing moves are banned
|clearpoke
|poke|p1|Regidrago|
|poke|p1|Iron Moth|
|poke|p1|Corviknight, M|
|poke|p1|Samurott-Hisui, F|
|poke|p1|Sinistcha|
|poke|p1|Great Tusk|
|poke|p2|Regidrago|
|poke|p2|Pecharunt|
|poke|p2|Great Tusk|
|poke|p2|Rillaboom, F|
|poke|p2|Iron Crown|
|poke|p2|Alomomola, F|
|teampreview
|inactive|Battle timer is ON: inactive players will automatically lose when time's up. (requested by chessmaster 2000)
|c|☆Sepublic|lmao
|
|t:|1776166446
|teamsize|p1|6
|teamsize|p2|6
|start
|switch|p1a: Great Tusk|Great Tusk|100/100
|switch|p2a: Rillaboom|Rillaboom, F|100/100
|-fieldstart|move: Grassy Terrain|[from] ability: Grassy Surge|[of] p2a: Rillaboom
|-enditem|p1a: Great Tusk|Booster Energy
|-activate|p1a: Great Tusk|ability: Protosynthesis|[fromitem]
|-start|p1a: Great Tusk|protosynthesisspe
|turn|1
|c|☆chessmaster 2000|Spiderman pointing at Spiderman.
|
|t:|1776166464
|-terastallize|p1a: Great Tusk|Ice
|move|p2a: Rillaboom|Grassy Glide|p1a: Great Tusk
|-damage|p1a: Great Tusk|62/100
|move|p1a: Great Tusk|Bulk Up|p1a: Great Tusk
|-boost|p1a: Great Tusk|atk|1
|-boost|p1a: Great Tusk|def|1
|
|-heal|p1a: Great Tusk|68/100|[from] Grassy Terrain
|upkeep
|turn|2
|c|☆Sepublic|i did not finish watching the live, is your team directly from the live?
|inactive|chessmaster 2000 has 120 seconds left.
|inactive|Sepublic has 120 seconds left.
|c|☆Sepublic|Cause i saw the idea and built my own team
|c|☆chessmaster 2000|Yes.
|
|t:|1776166520
|switch|p2a: Pecharunt|Pecharunt|100/100
|move|p1a: Great Tusk|Ice Spinner|p2a: Pecharunt
|-damage|p2a: Pecharunt|77/100
|-fieldend|move: Grassy Terrain
|
|upkeep
|turn|3
|c|☆chessmaster 2000|Is your's dd explosion?
|inactive|chessmaster 2000 has 120 seconds left.
|
|t:|1776166530
|-terastallize|p2a: Pecharunt|Fairy
|move|p1a: Great Tusk|Headlong Rush|p2a: Pecharunt
|-crit|p2a: Pecharunt
|-damage|p2a: Pecharunt|22/100
|-unboost|p1a: Great Tusk|def|1
|-unboost|p1a: Great Tusk|spd|1
|move|p2a: Pecharunt|Malignant Chain|p1a: Great Tusk
|-damage|p1a: Great Tusk|2/100
|
|upkeep
|turn|4
|
|t:|1776166542
|move|p1a: Great Tusk|Headlong Rush|p2a: Pecharunt
|-damage|p2a: Pecharunt|0 fnt
|-unboost|p1a: Great Tusk|def|1
|-unboost|p1a: Great Tusk|spd|1
|faint|p2a: Pecharunt
|
|upkeep
|inactive|chessmaster 2000 has 120 seconds left.
|c|☆chessmaster 2000|Mine is scarf.
|
|t:|1776166557
|switch|p2a: Rillaboom|Rillaboom, F|100/100
|-fieldstart|move: Grassy Terrain|[from] ability: Grassy Surge|[of] p2a: Rillaboom
|turn|5
|
|t:|1776166565
|move|p2a: Rillaboom|Grassy Glide|p1a: Great Tusk
|-damage|p1a: Great Tusk|0 fnt
|faint|p1a: Great Tusk
|-end|p1a: Great Tusk|Protosynthesis|[silent]
|
|upkeep
|
|t:|1776166573
|switch|p1a: Sinistcha|Sinistcha|100/100
|turn|6
|
|t:|1776166584
|switch|p2a: Iron Crown|Iron Crown|100/100
|move|p1a: Sinistcha|Calm Mind|p1a: Sinistcha
|-boost|p1a: Sinistcha|spa|1
|-boost|p1a: Sinistcha|spd|1
|
|upkeep
|turn|7
|c|☆Sepublic|mine aswell
|inactive|Sepublic has 120 seconds left.
|c|☆Sepublic|I have same set as pinka but rest is different
|
|t:|1776166614
|move|p2a: Iron Crown|Tachyon Cutter|p1a: Sinistcha
|-damage|p1a: Sinistcha|73/100
|-damage|p1a: Sinistcha|41/100
|-hitcount|p1a: Sinistcha|2
|move|p1a: Sinistcha|Calm Mind|p1a: Sinistcha
|-boost|p1a: Sinistcha|spa|1
|-boost|p1a: Sinistcha|spd|1
|
|-heal|p1a: Sinistcha|47/100|[from] Grassy Terrain
|upkeep
|turn|8
|
|t:|1776166621
|move|p2a: Iron Crown|Tachyon Cutter|p1a: Sinistcha
|-damage|p1a: Sinistcha|27/100
|-damage|p1a: Sinistcha|3/100
|-hitcount|p1a: Sinistcha|2
|move|p1a: Sinistcha|Strength Sap|p2a: Iron Crown
|-unboost|p2a: Iron Crown|atk|1
|-heal|p1a: Sinistcha|47/100
|
|-heal|p1a: Sinistcha|53/100|[from] Grassy Terrain
|upkeep
|turn|9
|inactive|Sepublic has 120 seconds left.
|
|t:|1776166627
|move|p2a: Iron Crown|Tachyon Cutter|p1a: Sinistcha
|-damage|p1a: Sinistcha|29/100
|-damage|p1a: Sinistcha|8/100
|-hitcount|p1a: Sinistcha|2
|move|p1a: Sinistcha|Shadow Ball|p2a: Iron Crown
|-supereffective|p2a: Iron Crown
|-damage|p2a: Iron Crown|0 fnt
|faint|p2a: Iron Crown
|-end|p2a: Iron Crown|Quark Drive|[silent]
|
|-heal|p1a: Sinistcha|14/100|[from] Grassy Terrain
|-fieldend|move: Grassy Terrain
|upkeep
|
|t:|1776166640
|switch|p2a: Regidrago|Regidrago, shiny|100/100
|turn|10
|inactive|Sepublic has 120 seconds left.
|
|t:|1776166658
|move|p2a: Regidrago|Dragon Energy|p1a: Sinistcha
|-damage|p1a: Sinistcha|0 fnt
|faint|p1a: Sinistcha
|
|upkeep
|
|t:|1776166662
|switch|p1a: Samurott|Samurott-Hisui, F|100/100
|turn|11
|
|t:|1776166668
|switch|p2a: Great Tusk|Great Tusk|100/100
|move|p1a: Samurott|Ceaseless Edge|p2a: Great Tusk|[miss]
|-miss|p1a: Samurott|p2a: Great Tusk
|
|upkeep
|turn|12
|
|t:|1776166678
|switch|p1a: Corviknight|Corviknight, M|100/100
|-ability|p1a: Corviknight|Pressure
|move|p2a: Great Tusk|Rapid Spin|p1a: Corviknight
|-resisted|p1a: Corviknight
|-damage|p1a: Corviknight|93/100
|-boost|p2a: Great Tusk|spe|1
|
|-heal|p1a: Corviknight|99/100|[from] item: Leftovers
|upkeep
|turn|13
|
|t:|1776166684
|move|p2a: Great Tusk|Stealth Rock|p1a: Corviknight
|-sidestart|p1: Sepublic|move: Stealth Rock
|move|p1a: Corviknight|U-turn|p2a: Great Tusk
|-resisted|p2a: Great Tusk
|-damage|p2a: Great Tusk|95/100
|
|t:|1776166697
|switch|p1a: Regidrago|Regidrago|100/100|[from] U-turn
|-damage|p1a: Regidrago|88/100|[from] Stealth Rock
|
|upkeep
|turn|14
|
|t:|1776166705
|move|p2a: Great Tusk|Ice Spinner|p1a: Regidrago
|-supereffective|p1a: Regidrago
|-damage|p1a: Regidrago|28/100
|move|p1a: Regidrago|Draco Meteor|p2a: Great Tusk
|-damage|p2a: Great Tusk|0 fnt
|-unboost|p1a: Regidrago|spa|2
|faint|p2a: Great Tusk
|-end|p2a: Great Tusk|Protosynthesis|[silent]
|
|upkeep
|
|t:|1776166713
|switch|p2a: Rillaboom|Rillaboom, F|100/100
|-fieldstart|move: Grassy Terrain|[from] ability: Grassy Surge|[of] p2a: Rillaboom
|turn|15
|
|t:|1776166718
|switch|p1a: Corviknight|Corviknight, M|99/100
|-damage|p1a: Corviknight|86/100|[from] Stealth Rock
|-ability|p1a: Corviknight|Pressure
|move|p2a: Rillaboom|Knock Off|p1a: Corviknight
|-damage|p1a: Corviknight|40/100
|-enditem|p1a: Corviknight|Leftovers|[from] move: Knock Off|[of] p2a: Rillaboom
|
|upkeep
|turn|16
|
|t:|1776166724
|switch|p2a: Alomomola|Alomomola, F|100/100
|move|p1a: Corviknight|Roost|p1a: Corviknight
|-heal|p1a: Corviknight|90/100
|-singleturn|p1a: Corviknight|move: Roost
|
|-heal|p1a: Corviknight|96/100|[from] Grassy Terrain
|upkeep
|turn|17
|
|t:|1776166730
|move|p1a: Corviknight|Defog|p2a: Alomomola
|-unboost|p2a: Alomomola|evasion|1
|-sideend|p1: Sepublic|Stealth Rock|[from] move: Defog|[of] p1a: Corviknight
|-fieldend|move: Grassy Terrain
|move|p2a: Alomomola|Flip Turn|p1a: Corviknight
|-crit|p1a: Corviknight
|-damage|p1a: Corviknight|76/100
|
|t:|1776166737
|switch|p2a: Rillaboom|Rillaboom, F|100/100|[from] Flip Turn
|-fieldstart|move: Grassy Terrain|[from] ability: Grassy Surge|[of] p2a: Rillaboom
|
|upkeep
|turn|18
|
|t:|1776166741
|move|p2a: Rillaboom|U-turn|p1a: Corviknight
|-resisted|p1a: Corviknight
|-damage|p1a: Corviknight|69/100
|
|t:|1776166745
|switch|p2a: Alomomola|Alomomola, F|100/100|[from] U-turn
|move|p1a: Corviknight|U-turn|p2a: Alomomola
|-damage|p2a: Alomomola|89/100
|
|t:|1776166751
|switch|p1a: Samurott|Samurott-Hisui, F|100/100|[from] U-turn
|
|-heal|p2a: Alomomola|95/100|[from] Grassy Terrain
|upkeep
|turn|19
|c|☆chessmaster 2000|Gg
|-message|chessmaster 2000 forfeited.
|
|win|Sepublic
|raw|Sepublic's rating: 1322 &rarr; <strong>1343</strong><br />(+21 for winning)
|raw|chessmaster 2000's rating: 1336 &rarr; <strong>1315</strong><br />(-21 for losing)
|c|☆Sepublic|gg
