|html|<div class="broadcast-blue"><strong>[Gen 9] OU is currently suspecting Tera Blast! For information on how to participate check out the <a href="https://www.smogon.com/tools/suspects/view/200">suspect thread</a>.</strong></div>
|j|☆40kQuaQrash
|j|☆alexis dipoalo
|t:|1776038599
|gametype|singles
|player|p1|40kQuaQrash|169|1372
|player|p2|alexis dipoalo|pokemonbreederf|1392
|gen|9
|tier|[Gen 9] OU
|rated|
|rule|HP Percentage Mod: HP is shown in percentages
|rule|Endless Battle Clause: Forcing endless battles is banned
|rule|Species Clause: Limit one of each Pokémon
|rule|OHKO Clause: OHKO moves are banned
|rule|Evasion Items Clause: Evasion items are banned
|rule|Evasion Moves Clause: Evasion moves are banned
|rule|Evasion Abilities Clause: Evasion abilities are banned
|rule|Sleep Moves Clause: Sleep-inducing moves are banned
|clearpoke
|poke|p1|Sableye, M|
|poke|p1|Slowking-Galar, F|
|poke|p1|Zamazenta-*|
|poke|p1|Great Tusk|
|poke|p1|Samurott-Hisui, M|
|poke|p1|Enamorus, F|
|poke|p2|Dondozo, F|
|poke|p2|Blissey, F|
|poke|p2|Gliscor, F|
|poke|p2|Toxapex, F|
|poke|p2|Mandibuzz, F|
|poke|p2|Talonflame, M|
|teampreview
|inactive|Battle timer is ON: inactive players will automatically lose when time's up. (requested by alexis dipoalo)
|j| ohko_smeargle
|
|t:|1776038627
|teamsize|p1|6
|teamsize|p2|6
|start
|switch|p1a: Samurott|Samurott-Hisui, M|100/100
|switch|p2a: Gliscor|Gliscor, F|100/100
|turn|1
|
|t:|1776038640
|switch|p2a: Talonflame|Talonflame, M|100/100
|move|p1a: Samurott|Swords Dance|p1a: Samurott
|-boost|p1a: Samurott|atk|2
|
|upkeep
|turn|2
|inactive|40kQuaQrash has 120 seconds left.
|
|t:|1776038671
|switch|p1a: Slowking|Slowking-Galar, F|100/100
|move|p2a: Talonflame|Will-O-Wisp|p1a: Slowking
|-status|p1a: Slowking|brn
|
|-damage|p1a: Slowking|94/100 brn|[from] brn
|upkeep
|turn|3
|
|t:|1776038684
|switch|p2a: Gliscor|Gliscor, F|100/100
|move|p1a: Slowking|Future Sight|p2a: Gliscor
|-start|p1a: Slowking|move: Future Sight
|
|-damage|p1a: Slowking|88/100 brn|[from] brn
|-status|p2a: Gliscor|tox|[from] item: Toxic Orb
|upkeep
|turn|4
|
|t:|1776038691
|move|p2a: Gliscor|Knock Off|p1a: Slowking
|-supereffective|p1a: Slowking
|-damage|p1a: Slowking|47/100 brn
|-enditem|p1a: Slowking|Heavy-Duty Boots|[from] move: Knock Off|[of] p2a: Gliscor
|-prepare|p1a: Slowking|Chilly Reception|[premajor]
|move|p1a: Slowking|Chilly Reception|p1a: Slowking
|-weather|Snowscape
|
|t:|1776038697
|switch|p1a: Samurott|Samurott-Hisui, M|100/100|[from] Chilly Reception
|
|-weather|Snowscape|[upkeep]
|upkeep
|turn|5
|
|t:|1776038702
|move|p2a: Gliscor|Protect|p2a: Gliscor
|-singleturn|p2a: Gliscor|Protect
|move|p1a: Samurott|Swords Dance|p1a: Samurott
|-boost|p1a: Samurott|atk|2
|
|-weather|Snowscape|[upkeep]
|-end|p2a: Gliscor|move: Future Sight
|-damage|p2a: Gliscor|64/100 tox
|-heal|p2a: Gliscor|76/100 tox|[from] ability: Poison Heal
|upkeep
|turn|6
|
|t:|1776038709
|switch|p2a: Dondozo|Dondozo, F|100/100
|move|p1a: Samurott|Ceaseless Edge|p2a: Dondozo
|-damage|p2a: Dondozo|73/100
|-sidestart|p2: alexis dipoalo|Spikes
|
|-weather|Snowscape|[upkeep]
|-heal|p2a: Dondozo|79/100|[from] item: Leftovers
|upkeep
|turn|7
|
|t:|1776038727
|switch|p1a: Great Tusk|Great Tusk|100/100
|move|p2a: Dondozo|Body Press|p1a: Great Tusk
|-damage|p1a: Great Tusk|84/100
|-damage|p2a: Dondozo|63/100|[from] item: Rocky Helmet|[of] p1a: Great Tusk
|
|-weather|Snowscape|[upkeep]
|-heal|p2a: Dondozo|69/100|[from] item: Leftovers
|upkeep
|turn|8
|
|t:|1776038732
|move|p1a: Great Tusk|Knock Off|p2a: Dondozo
|-damage|p2a: Dondozo|56/100
|-enditem|p2a: Dondozo|Leftovers|[from] move: Knock Off|[of] p1a: Great Tusk
|move|p2a: Dondozo|Rest|p2a: Dondozo
|-status|p2a: Dondozo|slp|[from] move: Rest
|-heal|p2a: Dondozo|100/100 slp|[silent]
|
|-weather|none
|upkeep
|turn|9
|
|t:|1776038738
|switch|p2a: Talonflame|Talonflame, M|100/100
|move|p1a: Great Tusk|Stealth Rock|p2a: Talonflame
|-sidestart|p2: alexis dipoalo|move: Stealth Rock
|
|upkeep
|turn|10
|
|t:|1776038743
|move|p1a: Great Tusk|Knock Off|p2a: Talonflame
|-damage|p2a: Talonflame|75/100
|-enditem|p2a: Talonflame|Heavy-Duty Boots|[from] move: Knock Off|[of] p1a: Great Tusk
|move|p2a: Talonflame|Defog|p1a: Great Tusk
|-unboost|p1a: Great Tusk|evasion|1
|-sideend|p2: alexis dipoalo|Spikes|[from] move: Defog|[of] p2a: Talonflame
|-sideend|p2: alexis dipoalo|Stealth Rock|[from] move: Defog|[of] p2a: Talonflame
|
|upkeep
|turn|11
|
|t:|1776038750
|-end|p1a: Great Tusk|Protosynthesis|[silent]
|switch|p1a: Slowking|Slowking-Galar, F|80/100 brn
|move|p2a: Talonflame|Roost|p2a: Talonflame
|-heal|p2a: Talonflame|100/100
|-singleturn|p2a: Talonflame|move: Roost
|
|-damage|p1a: Slowking|74/100 brn|[from] brn
|upkeep
|turn|12
|
|t:|1776038761
|switch|p2a: Gliscor|Gliscor, F|76/100 tox
|move|p1a: Slowking|Future Sight|p2a: Gliscor
|-start|p1a: Slowking|move: Future Sight
|
|-heal|p2a: Gliscor|89/100 tox|[from] ability: Poison Heal
|-damage|p1a: Slowking|68/100 brn|[from] brn
|upkeep
|turn|13
|inactive|40kQuaQrash has 120 seconds left.
|
|t:|1776038791
|move|p2a: Gliscor|Spikes|p1a: Slowking
|-sidestart|p1: 40kQuaQrash|Spikes
|-prepare|p1a: Slowking|Chilly Reception|[premajor]
|move|p1a: Slowking|Chilly Reception|p1a: Slowking
|-weather|Snowscape
|inactive|40kQuaQrash has 120 seconds left.
|
|t:|1776038796
|switch|p1a: Samurott|Samurott-Hisui, M|100/100|[from] Chilly Reception
|-damage|p1a: Samurott|88/100|[from] Spikes
|
|-weather|Snowscape|[upkeep]
|-heal|p2a: Gliscor|100/100 tox|[from] ability: Poison Heal
|upkeep
|turn|14
|inactive|40kQuaQrash has 120 seconds left.
|
|t:|1776038817
|switch|p2a: Dondozo|Dondozo, F|100/100 slp
|move|p1a: Samurott|Ceaseless Edge|p2a: Dondozo
|-damage|p2a: Dondozo|72/100 slp
|-sidestart|p2: alexis dipoalo|Spikes
|
|-weather|Snowscape|[upkeep]
|-end|p2a: Dondozo|move: Future Sight
|-damage|p2a: Dondozo|33/100 slp
|upkeep
|turn|15
|
|t:|1776038834
|move|p1a: Samurott|Ceaseless Edge|p2a: Dondozo
|-damage|p2a: Dondozo|7/100 slp
|-sidestart|p2: alexis dipoalo|Spikes
|cant|p2a: Dondozo|slp
|move|p2a: Dondozo|Sleep Talk|p2a: Dondozo
|move|p2a: Dondozo|Body Press|p1a: Samurott|[from] move: Sleep Talk
|-supereffective|p1a: Samurott
|-damage|p1a: Samurott|10/100
|
|-weather|Snowscape|[upkeep]
|upkeep
|turn|16
|
|t:|1776038845
|switch|p2a: Talonflame|Talonflame, M|100/100
|move|p1a: Samurott|Ceaseless Edge|p2a: Talonflame
|-damage|p2a: Talonflame|53/100
|-status|p1a: Samurott|brn|[from] ability: Flame Body|[of] p2a: Talonflame
|-sidestart|p2: alexis dipoalo|Spikes
|
|-weather|Snowscape|[upkeep]
|-damage|p1a: Samurott|4/100 brn|[from] brn
|upkeep
|turn|17
|
|t:|1776038853
|move|p2a: Talonflame|Defog|p1a: Samurott
|-unboost|p1a: Samurott|evasion|1
|-sideend|p1: 40kQuaQrash|Spikes|[from] move: Defog|[of] p2a: Talonflame
|-sideend|p2: alexis dipoalo|Spikes|[from] move: Defog|[of] p2a: Talonflame
|move|p1a: Samurott|Razor Shell|p2a: Talonflame
|-supereffective|p2a: Talonflame
|-damage|p2a: Talonflame|3/100
|
|-weather|none
|-damage|p1a: Samurott|0 fnt|[from] brn
|faint|p1a: Samurott
|upkeep
|
|t:|1776038856
|switch|p1a: Great Tusk|Great Tusk|84/100
|turn|18
|
|t:|1776038863
|move|p1a: Great Tusk|Knock Off|p2a: Talonflame
|-crit|p2a: Talonflame
|-damage|p2a: Talonflame|0 fnt
|faint|p2a: Talonflame
|
|upkeep
|
|t:|1776038872
|switch|p2a: Mandibuzz|Mandibuzz, F|100/100
|turn|19
|
|t:|1776038889
|move|p1a: Great Tusk|Stealth Rock|p2a: Mandibuzz
|-sidestart|p2: alexis dipoalo|move: Stealth Rock
|move|p2a: Mandibuzz|Toxic|p1a: Great Tusk
|-status|p1a: Great Tusk|tox
|
|-damage|p1a: Great Tusk|78/100 tox|[from] psn
|upkeep
|turn|20
|
|t:|1776038897
|-end|p1a: Great Tusk|Protosynthesis|[silent]
|switch|p1a: Slowking|Slowking-Galar, F|100/100 brn
|move|p2a: Mandibuzz|Defog|p1a: Slowking
|-unboost|p1a: Slowking|evasion|1
|-sideend|p2: alexis dipoalo|Stealth Rock|[from] move: Defog|[of] p2a: Mandibuzz
|
|-damage|p1a: Slowking|94/100 brn|[from] brn
|upkeep
|turn|21
|
|t:|1776038905
|switch|p2a: Toxapex|Toxapex, F|100/100
|move|p1a: Slowking|Future Sight|p2a: Toxapex
|-start|p1a: Slowking|move: Future Sight
|
|-damage|p1a: Slowking|88/100 brn|[from] brn
|upkeep
|turn|22
|
|t:|1776038911
|move|p2a: Toxapex|Toxic Spikes|p1a: Slowking
|-sidestart|p1: 40kQuaQrash|move: Toxic Spikes
|-prepare|p1a: Slowking|Chilly Reception|[premajor]
|move|p1a: Slowking|Chilly Reception|p1a: Slowking
|-weather|Snowscape
|
|t:|1776038918
|switch|p1a: Great Tusk|Great Tusk|78/100 tox|[from] Chilly Reception
|
|-weather|Snowscape|[upkeep]
|-damage|p1a: Great Tusk|72/100 tox|[from] psn
|upkeep
|turn|23
|
|t:|1776038929
|switch|p2a: Mandibuzz|Mandibuzz, F|100/100
|move|p1a: Great Tusk|Stealth Rock|p2a: Mandibuzz
|-sidestart|p2: alexis dipoalo|move: Stealth Rock
|
|-weather|Snowscape|[upkeep]
|-end|p2a: Mandibuzz|move: Future Sight
|-immune|p2a: Mandibuzz
|-damage|p1a: Great Tusk|59/100 tox|[from] psn
|upkeep
|turn|24
|
|t:|1776038934
|move|p1a: Great Tusk|Knock Off|p2a: Mandibuzz
|-resisted|p2a: Mandibuzz
|-damage|p2a: Mandibuzz|92/100
|-enditem|p2a: Mandibuzz|Heavy-Duty Boots|[from] move: Knock Off|[of] p1a: Great Tusk
|move|p2a: Mandibuzz|Defog|p1a: Great Tusk
|-unboost|p1a: Great Tusk|evasion|1
|-sideend|p1: 40kQuaQrash|Toxic Spikes|[from] move: Defog|[of] p2a: Mandibuzz
|-sideend|p2: alexis dipoalo|Stealth Rock|[from] move: Defog|[of] p2a: Mandibuzz
|
|-weather|Snowscape|[upkeep]
|-damage|p1a: Great Tusk|41/100 tox|[from] psn
|upkeep
|turn|25
|
|t:|1776038939
|-end|p1a: Great Tusk|Protosynthesis|[silent]
|switch|p1a: Slowking|Slowking-Galar, F|100/100 brn
|move|p2a: Mandibuzz|Knock Off|p1a: Slowking
|-supereffective|p1a: Slowking
|-damage|p1a: Slowking|65/100 brn
|
|-weather|Snowscape|[upkeep]
|-damage|p1a: Slowking|59/100 brn|[from] brn
|upkeep
|turn|26
|
|t:|1776038950
|switch|p2a: Gliscor|Gliscor, F|100/100 tox
|move|p1a: Slowking|Future Sight|p2a: Gliscor
|-start|p1a: Slowking|move: Future Sight
|
|-weather|none
|-damage|p1a: Slowking|53/100 brn|[from] brn
|upkeep
|turn|27
|
|t:|1776038958
|move|p2a: Gliscor|Earthquake|p1a: Slowking
|-supereffective|p1a: Slowking
|-damage|p1a: Slowking|0 fnt
|faint|p1a: Slowking
|
|upkeep
|
|t:|1776038962
|switch|p1a: Zamazenta|Zamazenta|100/100
|-ability|p1a: Zamazenta|Dauntless Shield|boost
|-boost|p1a: Zamazenta|def|1
|turn|28
|
|t:|1776038978
|move|p2a: Gliscor|Protect|p2a: Gliscor
|-singleturn|p2a: Gliscor|Protect
|move|p1a: Zamazenta|Ice Fang|p2a: Gliscor
|-activate|p2a: Gliscor|move: Protect
|
|-end|p2a: Gliscor|move: Future Sight
|-damage|p2a: Gliscor|64/100 tox
|-heal|p2a: Gliscor|76/100 tox|[from] ability: Poison Heal
|upkeep
|turn|29
|
|t:|1776038984
|switch|p2a: Toxapex|Toxapex, F|100/100
|move|p1a: Zamazenta|Ice Fang|p2a: Toxapex
|-resisted|p2a: Toxapex
|-damage|p2a: Toxapex|89/100
|
|-heal|p2a: Toxapex|96/100|[from] item: Black Sludge
|upkeep
|turn|30
|
|t:|1776038989
|switch|p1a: Great Tusk|Great Tusk|41/100 tox
|move|p2a: Toxapex|Sludge Bomb|p1a: Great Tusk
|-resisted|p1a: Great Tusk
|-damage|p1a: Great Tusk|29/100 tox
|
|-heal|p2a: Toxapex|100/100|[from] item: Black Sludge
|-damage|p1a: Great Tusk|22/100 tox|[from] psn
|upkeep
|turn|31
|-message|40kQuaQrash forfeited.
|
|win|alexis dipoalo
|raw|40kQuaQrash's rating: 1372 &rarr; <strong>1353</strong><br />(-19 for losing)
|raw|alexis dipoalo's rating: 1392 &rarr; <strong>1411</strong><br />(+19 for winning)
|l|☆40kQuaQrash
|player|p1|
|l| ohko_smeargle
|l|☆alexis dipoalo
|player|p2|
