|html|<div class="broadcast-blue"><strong>[Gen 9] OU is currently suspecting Tera Blast! For information on how to participate check out the <a href="https://www.smogon.com/tools/suspects/view/200">suspect thread</a>.</strong></div>
|j|☆ghostfreak99
|j|☆inoutofink
|t:|1776117882
|gametype|singles
|player|p1|ghostfreak99|265|1420
|player|p2|inoutofink|hoopster|1362
|gen|9
|tier|[Gen 9] OU
|rated|
|rule|HP Percentage Mod: HP is shown in percentages
|rule|Endless Battle Clause: Forcing endless battles is banned
|rule|Species Clause: Limit one of each Pokémon
|rule|OHKO Clause: OHKO moves are banned
|rule|Evasion Items Clause: Evasion items are banned
|rule|Evasion Moves Clause: Evasion moves are banned
|rule|Evasion Abilities Clause: Evasion abilities are banned
|rule|Sleep Moves Clause: Sleep-inducing moves are banned
|clearpoke
|poke|p1|Dondozo, M|
|poke|p1|Dragapult, F|
|poke|p1|Florges-White, F|
|poke|p1|Landorus-Therian, M|
|poke|p1|Darkrai|
|poke|p1|Cinderace, M|
|poke|p2|Zamazenta-*|
|poke|p2|Landorus-Therian, M|
|poke|p2|Dondozo, M|
|poke|p2|Weezing-Galar, M|
|poke|p2|Arcanine-Hisui, F|
|poke|p2|Gholdengo|
|teampreview
|inactive|Battle timer is ON: inactive players will automatically lose when time's up. (requested by ghostfreak99)
|
|t:|1776117909
|teamsize|p1|6
|teamsize|p2|6
|start
|switch|p1a: Darkrai|Darkrai|100/100
|switch|p2a: Landorus|Landorus-Therian, M|100/100
|-ability|p2a: Landorus|Intimidate|boost
|-unboost|p1a: Darkrai|atk|1
|turn|1
|
|t:|1776117919
|switch|p2a: Weezing|Weezing-Galar, M|100/100
|move|p1a: Darkrai|Dark Pulse|p2a: Weezing
|-resisted|p2a: Weezing
|-damage|p2a: Weezing|53/100
|
|upkeep
|turn|2
|
|t:|1776117938
|switch|p1a: MESSI 🔟|Cinderace, M, shiny|100/100
|move|p2a: Weezing|Toxic|p1a: MESSI 🔟
|-status|p1a: MESSI 🔟|tox
|
|-damage|p1a: MESSI 🔟|95/100 tox|[from] psn
|upkeep
|turn|3
|c|☆inoutofink|messi suck
|
|t:|1776117960
|switch|p2a: Dondozo|Dondozo, M|100/100
|move|p1a: MESSI 🔟|Pyro Ball|p2a: Dondozo
|-resisted|p2a: Dondozo
|-damage|p2a: Dondozo|75/100
|
|-damage|p1a: MESSI 🔟|83/100 tox|[from] psn
|upkeep
|turn|4
|inactive|ghostfreak99 has 120 seconds left.
|c|☆inoutofink|messi is shi
|inactive|ghostfreak99 has 90 seconds left.
|
|t:|1776118023
|switch|p1a: Bege 🎩|Dondozo, M, shiny|100/100
|move|p2a: Dondozo|Body Slam|p1a: Bege 🎩
|-damage|p1a: Bege 🎩|91/100
|
|-heal|p1a: Bege 🎩|98/100|[from] item: Leftovers
|upkeep
|turn|5
|
|t:|1776118040
|switch|p2a: Weezing|Weezing-Galar, M|53/100
|move|p1a: Bege 🎩|Curse|p1a: Bege 🎩
|-unboost|p1a: Bege 🎩|spe|1
|-boost|p1a: Bege 🎩|atk|1
|-boost|p1a: Bege 🎩|def|1
|
|-heal|p1a: Bege 🎩|100/100|[from] item: Leftovers
|upkeep
|turn|6
|
|t:|1776118050
|move|p2a: Weezing|Pain Split|p1a: Bege 🎩
|-sethp|p1a: Bege 🎩|68/100|[from] move: Pain Split|[silent]
|-sethp|p2a: Weezing|100/100|[from] move: Pain Split
|move|p1a: Bege 🎩|Wave Crash|p2a: Weezing
|-damage|p2a: Weezing|58/100
|-damage|p1a: Bege 🎩|51/100|[from] item: Rocky Helmet|[of] p2a: Weezing
|-damage|p1a: Bege 🎩|42/100|[from] Recoil
|
|-heal|p1a: Bege 🎩|48/100|[from] item: Leftovers
|upkeep
|turn|7
|
|t:|1776118059
|move|p2a: Weezing|Toxic|p1a: Bege 🎩
|-status|p1a: Bege 🎩|tox
|move|p1a: Bege 🎩|Wave Crash|p2a: Weezing
|-damage|p2a: Weezing|16/100
|-damage|p1a: Bege 🎩|31/100 tox|[from] item: Rocky Helmet|[of] p2a: Weezing
|-damage|p1a: Bege 🎩|22/100 tox|[from] Recoil
|
|-heal|p1a: Bege 🎩|28/100 tox|[from] item: Leftovers
|-damage|p1a: Bege 🎩|22/100 tox|[from] psn
|upkeep
|turn|8
|
|t:|1776118074
|switch|p2a: Dondozo|Dondozo, M|75/100
|move|p1a: Bege 🎩|Rest|p1a: Bege 🎩
|-status|p1a: Bege 🎩|slp|[from] move: Rest
|-heal|p1a: Bege 🎩|100/100 slp|[silent]
|
|upkeep
|turn|9
|
|t:|1776118082
|switch|p2a: Gholdengo|Gholdengo|100/100
|cant|p1a: Bege 🎩|slp
|
|upkeep
|turn|10
|
|t:|1776118089
|switch|p1a: MESSI 🔟|Cinderace, M, shiny|83/100 tox
|move|p2a: Gholdengo|Thunderbolt|p1a: MESSI 🔟
|-damage|p1a: MESSI 🔟|15/100 tox
|
|-damage|p1a: MESSI 🔟|9/100 tox|[from] psn
|upkeep
|turn|11
|
|t:|1776118101
|switch|p2a: Weezing|Weezing-Galar, M|16/100
|move|p1a: MESSI 🔟|Pyro Ball|p2a: Weezing
|-damage|p2a: Weezing|0 fnt
|faint|p2a: Weezing
|
|-damage|p1a: MESSI 🔟|0 fnt|[from] psn
|faint|p1a: MESSI 🔟
|upkeep
|inactive|ghostfreak99 has 120 seconds left.
|
|t:|1776118117
|switch|p1a: Darkrai|Darkrai|100/100
|switch|p2a: Gholdengo|Gholdengo|100/100
|turn|12
|
|t:|1776118129
|-terastallize|p2a: Gholdengo|Fairy
|move|p1a: Darkrai|Thunder|p2a: Gholdengo|[miss]
|-miss|p1a: Darkrai|p2a: Gholdengo
|move|p2a: Gholdengo|Dazzling Gleam|p1a: Darkrai
|-supereffective|p1a: Darkrai
|-damage|p1a: Darkrai|0 fnt
|faint|p1a: Darkrai
|
|upkeep
|inactive|ghostfreak99 has 120 seconds left.
|
|t:|1776118147
|switch|p1a: Landorus|Landorus-Therian, M|100/100
|-ability|p1a: Landorus|Intimidate|boost
|-unboost|p2a: Gholdengo|atk|1
|turn|13
|
|t:|1776118158
|switch|p2a: Dondozo|Dondozo, M|75/100
|move|p1a: Landorus|Earthquake|p2a: Dondozo
|-crit|p2a: Dondozo
|-damage|p2a: Dondozo|4/100
|
|upkeep
|turn|14
|
|t:|1776118168
|move|p1a: Landorus|Earthquake|p2a: Dondozo
|-damage|p2a: Dondozo|0 fnt
|faint|p2a: Dondozo
|
|upkeep
|
|t:|1776118180
|switch|p2a: Zamazenta|Zamazenta|100/100
|-ability|p2a: Zamazenta|Dauntless Shield|boost
|-boost|p2a: Zamazenta|def|1
|turn|15
|
|t:|1776118197
|switch|p1a: Bege 🎩|Dondozo, M, shiny|100/100 slp
|move|p2a: Zamazenta|Iron Defense|p2a: Zamazenta
|-boost|p2a: Zamazenta|def|2
|
|upkeep
|turn|16
|
|t:|1776118205
|switch|p2a: Gholdengo|Gholdengo, tera:Fairy|100/100
|cant|p1a: Bege 🎩|slp
|
|upkeep
|turn|17
|
|t:|1776118212
|switch|p1a: PLANT MOM ☘️|Florges-White, F, shiny|100/100
|move|p2a: Gholdengo|Dazzling Gleam|p1a: PLANT MOM ☘️
|-damage|p1a: PLANT MOM ☘️|68/100
|
|-heal|p1a: PLANT MOM ☘️|74/100|[from] item: Leftovers
|upkeep
|turn|18
|
|t:|1776118226
|switch|p2a: Arcanine|Arcanine-Hisui, F|100/100
|move|p1a: PLANT MOM ☘️|Moonblast|p2a: Arcanine
|-resisted|p2a: Arcanine
|-damage|p2a: Arcanine|79/100
|-unboost|p2a: Arcanine|spa|1
|
|-heal|p1a: PLANT MOM ☘️|80/100|[from] item: Leftovers
|upkeep
|turn|19
|
|t:|1776118231
|switch|p1a: Bege 🎩|Dondozo, M, shiny|100/100 slp
|move|p2a: Arcanine|Head Smash|p1a: Bege 🎩
|-damage|p1a: Bege 🎩|60/100 slp
|-damage|p2a: Arcanine|69/100|[from] item: Life Orb
|
|-heal|p1a: Bege 🎩|66/100 slp|[from] item: Leftovers
|upkeep
|turn|20
|
|t:|1776118243
|move|p2a: Arcanine|Head Smash|p1a: Bege 🎩
|-damage|p1a: Bege 🎩|25/100 slp
|-damage|p2a: Arcanine|59/100|[from] item: Life Orb
|-curestatus|p1a: Bege 🎩|slp|[msg]
|move|p1a: Bege 🎩|Wave Crash|p2a: Arcanine
|-supereffective|p2a: Arcanine
|-damage|p2a: Arcanine|0 fnt
|faint|p2a: Arcanine
|-damage|p1a: Bege 🎩|12/100|[from] Recoil
|
|-heal|p1a: Bege 🎩|19/100|[from] item: Leftovers
|upkeep
|
|t:|1776118250
|switch|p2a: Gholdengo|Gholdengo, tera:Fairy|100/100
|turn|21
|
|t:|1776118258
|switch|p1a: PLANT MOM ☘️|Florges-White, F, shiny|80/100
|move|p2a: Gholdengo|Make It Rain|p1a: PLANT MOM ☘️
|-supereffective|p1a: PLANT MOM ☘️
|-damage|p1a: PLANT MOM ☘️|0 fnt
|-unboost|p2a: Gholdengo|spa|1
|faint|p1a: PLANT MOM ☘️
|
|upkeep
|
|t:|1776118272
|switch|p1a: STREAK ⚡|Dragapult, F, shiny|100/100
|turn|22
|
|t:|1776118280
|switch|p2a: Landorus|Landorus-Therian, M|100/100
|-ability|p2a: Landorus|Intimidate|boost
|-fail|p1a: STREAK ⚡|unboost|[from] ability: Clear Body|[of] p1a: STREAK ⚡
|-terastallize|p1a: STREAK ⚡|Steel
|move|p1a: STREAK ⚡|Tera Blast|p2a: Landorus|[anim] Tera Blast Steel
|-damage|p2a: Landorus|38/100
|-damage|p1a: STREAK ⚡|91/100|[from] item: Life Orb
|
|-heal|p2a: Landorus|44/100|[from] item: Leftovers
|upkeep
|turn|23
|
|t:|1776118295
|move|p1a: STREAK ⚡|Dragon Darts|p2a: Landorus
|-damage|p2a: Landorus|8/100
|-anim|p1a: STREAK ⚡|Dragon Darts|p2a: Landorus
|-damage|p2a: Landorus|0 fnt
|faint|p2a: Landorus
|-damage|p1a: STREAK ⚡|81/100|[from] item: Life Orb
|
|upkeep
|
|t:|1776118298
|switch|p2a: Zamazenta|Zamazenta|100/100
|turn|24
|
|t:|1776118308
|switch|p1a: Landorus|Landorus-Therian, M|100/100
|-ability|p1a: Landorus|Intimidate|boost
|-unboost|p2a: Zamazenta|atk|1
|move|p2a: Zamazenta|Body Press|p1a: Landorus
|-resisted|p1a: Landorus
|-damage|p1a: Landorus|80/100
|
|upkeep
|turn|25
|
|t:|1776118318
|move|p2a: Zamazenta|Iron Defense|p2a: Zamazenta
|-boost|p2a: Zamazenta|def|2
|move|p1a: Landorus|Earthquake|p2a: Zamazenta
|-damage|p2a: Zamazenta|66/100
|
|-heal|p2a: Zamazenta|72/100|[from] item: Leftovers
|upkeep
|turn|26
|
|t:|1776118327
|move|p2a: Zamazenta|Iron Defense|p2a: Zamazenta
|-boost|p2a: Zamazenta|def|2
|move|p1a: Landorus|Earthquake|p2a: Zamazenta
|-damage|p2a: Zamazenta|51/100
|
|-heal|p2a: Zamazenta|57/100|[from] item: Leftovers
|upkeep
|turn|27
|
|t:|1776118336
|move|p2a: Zamazenta|Iron Defense|p2a: Zamazenta
|-boost|p2a: Zamazenta|def|2
|move|p1a: Landorus|Earthquake|p2a: Zamazenta
|-damage|p2a: Zamazenta|41/100
|
|-heal|p2a: Zamazenta|47/100|[from] item: Leftovers
|upkeep
|turn|28
|
|t:|1776118342
|move|p2a: Zamazenta|Body Press|p1a: Landorus
|-resisted|p1a: Landorus
|-damage|p1a: Landorus|0 fnt
|faint|p1a: Landorus
|
|-heal|p2a: Zamazenta|53/100|[from] item: Leftovers
|upkeep
|
|t:|1776118346
|switch|p1a: Bege 🎩|Dondozo, M, shiny|19/100
|turn|29
|
|t:|1776118352
|move|p2a: Zamazenta|Body Press|p1a: Bege 🎩
|-damage|p1a: Bege 🎩|0 fnt
|faint|p1a: Bege 🎩
|
|-heal|p2a: Zamazenta|59/100|[from] item: Leftovers
|upkeep
|
|t:|1776118356
|switch|p1a: STREAK ⚡|Dragapult, F, shiny, tera:Steel|81/100
|turn|30
|
|t:|1776118361
|move|p2a: Zamazenta|Body Press|p1a: STREAK ⚡
|-supereffective|p1a: STREAK ⚡
|-damage|p1a: STREAK ⚡|0 fnt
|faint|p1a: STREAK ⚡
|
|win|inoutofink
|raw|ghostfreak99's rating: 1420 &rarr; <strong>1397</strong><br />(-23 for losing)
|raw|inoutofink's rating: 1362 &rarr; <strong>1385</strong><br />(+23 for winning)
|l|☆ghostfreak99
|player|p1|
|l|☆inoutofink
|player|p2|
