|html|<div class="broadcast-blue"><strong>[Gen 9] OU is currently suspecting Tera Blast! For information on how to participate check out the <a href="https://www.smogon.com/tools/suspects/view/200">suspect thread</a>.</strong></div>
|j|☆Marley40x
|j|☆MiamiCondom
|t:|1776305449
|gametype|singles
|player|p1|Marley40x|ethan|
|player|p2|MiamiCondom|roxie|
|gen|9
|tier|[Gen 9] OU
|rule|HP Percentage Mod: HP is shown in percentages
|rule|Endless Battle Clause: Forcing endless battles is banned
|rule|Species Clause: Limit one of each Pokémon
|rule|OHKO Clause: OHKO moves are banned
|rule|Evasion Items Clause: Evasion items are banned
|rule|Evasion Moves Clause: Evasion moves are banned
|rule|Evasion Abilities Clause: Evasion abilities are banned
|rule|Sleep Moves Clause: Sleep-inducing moves are banned
|clearpoke
|poke|p1|Torkoal, M|
|poke|p1|Walking Wake|
|poke|p1|Slither Wing|
|poke|p1|Hatterene, F|
|poke|p1|Iron Moth|
|poke|p1|Landorus-Therian, M|
|poke|p2|Darkrai|
|poke|p2|Ting-Lu|
|poke|p2|Corviknight, M|
|poke|p2|Dondozo, F|
|poke|p2|Slowking-Galar, F|
|poke|p2|Hydrapple, M|
|teampreview
|
|t:|1776305458
|teamsize|p1|6
|teamsize|p2|6
|start
|switch|p1a: UNC|Landorus-Therian, M, shiny|100/100
|switch|p2a: Slowking|Slowking-Galar, F|100/100
|-ability|p1a: UNC|Intimidate|boost
|-unboost|p2a: Slowking|atk|1
|turn|1
|
|t:|1776305477
|switch|p2a: Dondozo|Dondozo, F|100/100
|move|p1a: UNC|Earth Power|p2a: Dondozo
|-damage|p2a: Dondozo|82/100
|
|-heal|p2a: Dondozo|88/100|[from] item: Leftovers
|upkeep
|turn|2
|
|t:|1776305497
|switch|p1a: MandemStyle|Hatterene, F|100/100
|switch|p2a: Corviknight|Corviknight, M, shiny|100/100
|-ability|p2a: Corviknight|Pressure
|
|upkeep
|turn|3
|
|t:|1776305515
|switch|p2a: Slowking|Slowking-Galar, F|100/100
|move|p1a: MandemStyle|Nuzzle|p2a: Slowking
|-damage|p2a: Slowking|97/100
|-status|p2a: Slowking|par
|
|upkeep
|turn|4
|
|t:|1776305543
|move|p1a: MandemStyle|Psychic Noise|p2a: Slowking
|-damage|p2a: Slowking|73/100 par
|-start|p2a: Slowking|move: Heal Block
|move|p2a: Slowking|Sludge Bomb|p1a: MandemStyle
|-supereffective|p1a: MandemStyle
|-damage|p1a: MandemStyle|24/100
|
|upkeep
|turn|5
|
|t:|1776305553
|move|p1a: MandemStyle|Pain Split|p2a: Slowking
|-sethp|p2a: Slowking|46/100 par|[from] move: Pain Split|[silent]
|-sethp|p1a: MandemStyle|57/100|[from] move: Pain Split
|move|p2a: Slowking|Sludge Bomb|p1a: MandemStyle
|-supereffective|p1a: MandemStyle
|-damage|p1a: MandemStyle|0 fnt
|faint|p1a: MandemStyle
|
|-end|p2a: Slowking|move: Heal Block
|upkeep
|
|t:|1776305567
|switch|p1a: UNC|Landorus-Therian, M, shiny|100/100
|-ability|p1a: UNC|Intimidate|boost
|-unboost|p2a: Slowking|atk|1
|turn|6
|
|t:|1776305580
|switch|p2a: Hydrapple|Hydrapple, M|100/100
|move|p1a: UNC|Earth Power|p2a: Hydrapple
|-resisted|p2a: Hydrapple
|-damage|p2a: Hydrapple|86/100
|
|-heal|p2a: Hydrapple|92/100|[from] item: Leftovers
|upkeep
|turn|7
|
|t:|1776305594
|move|p1a: UNC|Stealth Rock|p2a: Hydrapple
|-sidestart|p2: MiamiCondom|move: Stealth Rock
|move|p2a: Hydrapple|Fickle Beam|p1a: UNC|[anim] Fickle Beam All Out
|-activate|p2a: Hydrapple|move: Fickle Beam
|-crit|p1a: UNC
|-damage|p1a: UNC|0 fnt
|faint|p1a: UNC
|
|-heal|p2a: Hydrapple|98/100|[from] item: Leftovers
|upkeep
|
|t:|1776305603
|switch|p1a: Frank Ocean|Walking Wake|100/100
|turn|8
|
|t:|1776305616
|switch|p2a: Slowking|Slowking-Galar, F|80/100 par
|move|p1a: Frank Ocean|Draco Meteor|p2a: Slowking
|-damage|p2a: Slowking|10/100 par
|-unboost|p1a: Frank Ocean|spa|2
|
|upkeep
|turn|9
|
|t:|1776305628
|-end|p1a: Frank Ocean|Protosynthesis|[silent]
|switch|p1a: Heatwave|Torkoal, M|100/100
|-weather|SunnyDay|[from] ability: Drought|[of] p1a: Heatwave
|switch|p2a: Ting-Lu|Ting-Lu|100/100
|-damage|p2a: Ting-Lu|94/100|[from] Stealth Rock
|-ability|p2a: Ting-Lu|Vessel of Ruin
|
|-weather|SunnyDay|[upkeep]
|-heal|p2a: Ting-Lu|100/100|[from] item: Leftovers
|upkeep
|turn|10
|
|t:|1776305648
|switch|p1a: Frank Ocean|Walking Wake|100/100
|-activate|p1a: Frank Ocean|ability: Protosynthesis
|-start|p1a: Frank Ocean|protosynthesisspe
|move|p2a: Ting-Lu|Earthquake|p1a: Frank Ocean
|-damage|p1a: Frank Ocean|58/100
|
|-weather|SunnyDay|[upkeep]
|upkeep
|turn|11
|
|t:|1776305661
|move|p1a: Frank Ocean|Hydro Steam|p2a: Ting-Lu
|-supereffective|p2a: Ting-Lu
|-damage|p2a: Ting-Lu|28/100
|move|p2a: Ting-Lu|Payback|p1a: Frank Ocean
|-damage|p1a: Frank Ocean|18/100
|
|-weather|SunnyDay|[upkeep]
|-heal|p2a: Ting-Lu|34/100|[from] item: Leftovers
|upkeep
|turn|12
|
|t:|1776305670
|switch|p2a: Hydrapple|Hydrapple, M|100/100
|-damage|p2a: Hydrapple|88/100|[from] Stealth Rock
|move|p1a: Frank Ocean|Hydro Steam|p2a: Hydrapple
|-resisted|p2a: Hydrapple
|-damage|p2a: Hydrapple|66/100
|
|-weather|SunnyDay|[upkeep]
|-heal|p2a: Hydrapple|72/100|[from] item: Leftovers
|upkeep
|turn|13
|
|t:|1776305687
|-end|p1a: Frank Ocean|Protosynthesis|[silent]
|switch|p1a: Heatwave|Torkoal, M|100/100
|move|p2a: Hydrapple|Fickle Beam|p1a: Heatwave|[anim] Fickle Beam All Out
|-activate|p2a: Hydrapple|move: Fickle Beam
|-damage|p1a: Heatwave|11/100
|
|-weather|SunnyDay|[upkeep]
|-heal|p2a: Hydrapple|78/100|[from] item: Leftovers
|upkeep
|turn|14
|
|t:|1776305700
|switch|p2a: Slowking|Slowking-Galar, F|43/100 par
|switch|p1a: Frank Ocean|Walking Wake|18/100
|-activate|p1a: Frank Ocean|ability: Protosynthesis
|-start|p1a: Frank Ocean|protosynthesisspe
|
|-weather|SunnyDay|[upkeep]
|upkeep
|turn|15
|
|t:|1776305732
|switch|p2a: Corviknight|Corviknight, M, shiny|100/100
|-damage|p2a: Corviknight|88/100|[from] Stealth Rock
|-ability|p2a: Corviknight|Pressure
|move|p1a: Frank Ocean|Weather Ball|p2a: Corviknight
|-supereffective|p2a: Corviknight
|-damage|p2a: Corviknight|0 fnt
|faint|p2a: Corviknight
|
|-weather|SunnyDay|[upkeep]
|upkeep
|
|t:|1776305763
|switch|p2a: Dondozo|Dondozo, F|88/100
|-damage|p2a: Dondozo|76/100|[from] Stealth Rock
|turn|16
|
|t:|1776305773
|-end|p1a: Frank Ocean|Protosynthesis|[silent]
|switch|p1a: Howard Taft|Slither Wing|100/100
|-activate|p1a: Howard Taft|ability: Protosynthesis
|-start|p1a: Howard Taft|protosynthesisatk
|move|p2a: Dondozo|Rest|p2a: Dondozo
|-status|p2a: Dondozo|slp|[from] move: Rest
|-heal|p2a: Dondozo|100/100 slp|[silent]
|
|-weather|none
|-end|p1a: Howard Taft|Protosynthesis
|upkeep
|turn|17
|
|t:|1776305793
|move|p1a: Howard Taft|First Impression|p2a: Dondozo
|-damage|p2a: Dondozo|68/100 slp
|cant|p2a: Dondozo|slp
|move|p2a: Dondozo|Sleep Talk|p2a: Dondozo
|move|p2a: Dondozo|Liquidation|p1a: Howard Taft|[from] move: Sleep Talk
|-damage|p1a: Howard Taft|64/100
|
|-heal|p2a: Dondozo|74/100 slp|[from] item: Leftovers
|upkeep
|turn|18
|
|t:|1776305813
|move|p1a: Howard Taft|Close Combat|p2a: Dondozo
|-damage|p2a: Dondozo|29/100 slp
|-unboost|p1a: Howard Taft|def|1
|-unboost|p1a: Howard Taft|spd|1
|cant|p2a: Dondozo|slp
|move|p2a: Dondozo|Sleep Talk|p2a: Dondozo
|move|p2a: Dondozo|Liquidation|p1a: Howard Taft|[from] move: Sleep Talk
|-damage|p1a: Howard Taft|24/100
|
|-heal|p2a: Dondozo|35/100 slp|[from] item: Leftovers
|upkeep
|turn|19
|
|t:|1776305826
|move|p1a: Howard Taft|Close Combat|p2a: Dondozo
|-damage|p2a: Dondozo|0 fnt
|-unboost|p1a: Howard Taft|def|1
|-unboost|p1a: Howard Taft|spd|1
|faint|p2a: Dondozo
|
|upkeep
|
|t:|1776305831
|switch|p2a: Darkrai|Darkrai|100/100
|turn|20
|
|t:|1776305841
|move|p2a: Darkrai|Dark Pulse|p1a: Howard Taft
|-resisted|p1a: Howard Taft
|-damage|p1a: Howard Taft|0 fnt
|faint|p1a: Howard Taft
|-end|p1a: Howard Taft|Protosynthesis|[silent]
|
|upkeep
|
|t:|1776305847
|switch|p1a: Frank Ocean|Walking Wake|18/100
|turn|21
|
|t:|1776305861
|move|p2a: Darkrai|Dark Pulse|p1a: Frank Ocean
|-damage|p1a: Frank Ocean|0 fnt
|faint|p1a: Frank Ocean
|-end|p1a: Frank Ocean|Protosynthesis|[silent]
|
|upkeep
|
|t:|1776305878
|switch|p1a: Heatwave|Torkoal, M|11/100
|-weather|SunnyDay|[from] ability: Drought|[of] p1a: Heatwave
|turn|22
|
|t:|1776305884
|move|p2a: Darkrai|Dark Pulse|p1a: Heatwave
|-damage|p1a: Heatwave|0 fnt
|faint|p1a: Heatwave
|
|-weather|SunnyDay|[upkeep]
|upkeep
|
|t:|1776305890
|switch|p1a: Super-Karna|Iron Moth|100/100
|-enditem|p1a: Super-Karna|Booster Energy
|-activate|p1a: Super-Karna|ability: Quark Drive|[fromitem]
|-start|p1a: Super-Karna|quarkdrivespe
|turn|23
|
|t:|1776305913
|-terastallize|p1a: Super-Karna|Fire
|move|p1a: Super-Karna|Dazzling Gleam|p2a: Darkrai
|-supereffective|p2a: Darkrai
|-damage|p2a: Darkrai|28/100
|move|p2a: Darkrai|Dark Pulse|p1a: Super-Karna
|-damage|p1a: Super-Karna|54/100
|
|-weather|SunnyDay|[upkeep]
|upkeep
|turn|24
|
|t:|1776305922
|switch|p2a: Slowking|Slowking-Galar, F|76/100 par
|move|p1a: Super-Karna|Dazzling Gleam|p2a: Slowking
|-resisted|p2a: Slowking
|-damage|p2a: Slowking|66/100 par
|
|-weather|SunnyDay|[upkeep]
|upkeep
|turn|25
|
|t:|1776305940
|move|p1a: Super-Karna|Fiery Dance|p2a: Slowking
|-damage|p2a: Slowking|5/100 par
|-boost|p1a: Super-Karna|spa|1
|move|p2a: Slowking|Toxic|p1a: Super-Karna
|-status|p1a: Super-Karna|tox
|
|-weather|SunnyDay|[upkeep]
|-damage|p1a: Super-Karna|48/100 tox|[from] psn
|upkeep
|turn|26
|
|t:|1776305988
|switch|p2a: Darkrai|Darkrai|28/100
|move|p1a: Super-Karna|Fiery Dance|p2a: Darkrai
|-damage|p2a: Darkrai|0 fnt
|faint|p2a: Darkrai
|
|-weather|SunnyDay|[upkeep]
|-damage|p1a: Super-Karna|36/100 tox|[from] psn
|upkeep
|
|t:|1776305994
|switch|p2a: Slowking|Slowking-Galar, F|38/100 par
|turn|27
|
|t:|1776305999
|switch|p2a: Ting-Lu|Ting-Lu|34/100
|-damage|p2a: Ting-Lu|28/100|[from] Stealth Rock
|-ability|p2a: Ting-Lu|Vessel of Ruin
|move|p1a: Super-Karna|Fiery Dance|p2a: Ting-Lu
|-damage|p2a: Ting-Lu|0 fnt
|faint|p2a: Ting-Lu
|
|-weather|SunnyDay|[upkeep]
|-damage|p1a: Super-Karna|18/100 tox|[from] psn
|upkeep
|
|t:|1776306002
|switch|p2a: Hydrapple|Hydrapple, M|100/100
|-damage|p2a: Hydrapple|88/100|[from] Stealth Rock
|turn|28
|
|t:|1776306014
|move|p1a: Super-Karna|Dazzling Gleam|p2a: Hydrapple
|-supereffective|p2a: Hydrapple
|-damage|p2a: Hydrapple|14/100
|move|p2a: Hydrapple|Fickle Beam|p1a: Super-Karna
|-damage|p1a: Super-Karna|0 fnt
|faint|p1a: Super-Karna
|-end|p1a: Super-Karna|Quark Drive|[silent]
|
|win|MiamiCondom
|l|☆MiamiCondom
|player|p2|
