|html|<div class="broadcast-blue"><strong>[Gen 9] OU is currently suspecting Tera Blast! For information on how to participate check out the <a href="https://www.smogon.com/tools/suspects/view/200">suspect thread</a>.</strong></div>
|j|☆Hunter_of_Keys
|j|☆mathismathin
|t:|1776124205
|gametype|singles
|player|p1|Hunter_of_Keys|veteran|1535
|player|p2|mathismathin|bugsy-masters|1615
|gen|9
|tier|[Gen 9] OU
|rated|
|rule|HP Percentage Mod: HP is shown in percentages
|rule|Endless Battle Clause: Forcing endless battles is banned
|rule|Species Clause: Limit one of each Pokémon
|rule|OHKO Clause: OHKO moves are banned
|rule|Evasion Items Clause: Evasion items are banned
|rule|Evasion Moves Clause: Evasion moves are banned
|rule|Evasion Abilities Clause: Evasion abilities are banned
|rule|Sleep Moves Clause: Sleep-inducing moves are banned
|clearpoke
|poke|p1|Gallade, M|
|poke|p1|Armarouge, M|
|poke|p1|Indeedee, M|
|poke|p1|Cresselia, F|
|poke|p1|Rabsca, M|
|poke|p1|Espeon, M|
|poke|p2|Ribombee, M|
|poke|p2|Zarude-Dada|
|poke|p2|Lycanroc-Dusk, M|
|poke|p2|Gholdengo|
|poke|p2|Iron Valiant|
|poke|p2|Glimmora, M|
|teampreview
|inactive|Battle timer is ON: inactive players will automatically lose when time's up. (requested by Hunter_of_Keys)
|
|t:|1776124218
|teamsize|p1|6
|teamsize|p2|6
|start
|switch|p1a: Indeedee|Indeedee, M|100/100
|switch|p2a: Zarude|Zarude-Dada|100/100
|-fieldstart|move: Psychic Terrain|[from] ability: Psychic Surge|[of] p1a: Indeedee
|turn|1
|
|t:|1776124228
|switch|p1a: Gallade|Gallade, M|100/100
|move|p2a: Zarude|Knock Off|p1a: Gallade
|-damage|p1a: Gallade|1/100
|-enditem|p1a: Gallade|Focus Sash|[from] move: Knock Off|[of] p2a: Zarude
|-damage|p2a: Zarude|91/100|[from] item: Life Orb
|
|upkeep
|turn|2
|
|t:|1776124249
|move|p2a: Zarude|Knock Off|p1a: Gallade
|-damage|p1a: Gallade|0 fnt
|faint|p1a: Gallade
|-damage|p2a: Zarude|81/100|[from] item: Life Orb
|
|upkeep
|
|t:|1776124252
|switch|p1a: Armarouge|Armarouge, M|100/100
|turn|3
|inactive|mathismathin has 120 seconds left.
|
|t:|1776124279
|move|p1a: Armarouge|Endure|p1a: Armarouge
|-singleturn|p1a: Armarouge|move: Endure
|move|p2a: Zarude|Knock Off|p1a: Armarouge
|-supereffective|p1a: Armarouge
|-activate|p1a: Armarouge|move: Endure
|-damage|p1a: Armarouge|1/100
|-ability|p1a: Armarouge|Weak Armor|boost
|-unboost|p1a: Armarouge|def|1
|-boost|p1a: Armarouge|spe|2
|-enditem|p1a: Armarouge|Weakness Policy
|-boost|p1a: Armarouge|atk|2|[from] item: Weakness Policy
|-boost|p1a: Armarouge|spa|2|[from] item: Weakness Policy
|-damage|p2a: Zarude|71/100|[from] item: Life Orb
|
|upkeep
|turn|4
|
|t:|1776124282
|move|p1a: Armarouge|Armor Cannon|p2a: Zarude
|-supereffective|p2a: Zarude
|-damage|p2a: Zarude|0 fnt
|-unboost|p1a: Armarouge|def|1
|-unboost|p1a: Armarouge|spd|1
|faint|p2a: Zarude
|
|upkeep
|
|t:|1776124283
|switch|p2a: Ribombee|Ribombee, M|100/100
|turn|5
|
|t:|1776124285
|switch|p1a: Espeon|Espeon, M|100/100
|move|p2a: Ribombee|Moonblast|p1a: Espeon
|-damage|p1a: Espeon|56/100
|-unboost|p1a: Espeon|spa|1
|
|upkeep
|turn|6
|j| petertheatre
|
|t:|1776124303
|move|p2a: Ribombee|Moonblast|p1a: Espeon
|-damage|p1a: Espeon|12/100
|-unboost|p1a: Espeon|spa|1
|move|p1a: Espeon|Psychic Noise|p2a: Ribombee
|-damage|p2a: Ribombee|66/100
|
|upkeep
|turn|7
|
|t:|1776124311
|switch|p1a: Cresselia|Cresselia, F|100/100
|move|p2a: Ribombee|Moonblast|p1a: Cresselia
|-damage|p1a: Cresselia|77/100
|
|upkeep
|turn|8
|
|t:|1776124334
|switch|p1a: Espeon|Espeon, M|12/100
|move|p2a: Ribombee|Skill Swap|p1a: Espeon
|-block|p1a: Espeon|item: Ability Shield
|
|-fieldend|move: Psychic Terrain
|upkeep
|turn|9
|
|t:|1776124339
|move|p2a: Ribombee|Moonblast|p1a: Espeon
|-damage|p1a: Espeon|0 fnt
|faint|p1a: Espeon
|
|upkeep
|
|t:|1776124342
|switch|p1a: Indeedee|Indeedee, M|100/100
|-fieldstart|move: Psychic Terrain|[from] ability: Psychic Surge|[of] p1a: Indeedee
|turn|10
|inactive|mathismathin has 120 seconds left.
|
|t:|1776124374
|move|p2a: Ribombee|Sticky Web|p1a: Indeedee
|-sidestart|p1: Hunter_of_Keys|move: Sticky Web
|move|p1a: Indeedee|Expanding Force|p2a: Ribombee
|-damage|p2a: Ribombee|0 fnt
|faint|p2a: Ribombee
|
|upkeep
|
|t:|1776124378
|switch|p2a: Gholdengo|Gholdengo|100/100
|-item|p2a: Gholdengo|Air Balloon
|turn|11
|
|t:|1776124381
|move|p1a: Indeedee|Shadow Ball|p2a: Gholdengo
|-supereffective|p2a: Gholdengo
|-damage|p2a: Gholdengo|43/100
|-unboost|p2a: Gholdengo|spd|1
|-enditem|p2a: Gholdengo|Air Balloon
|move|p2a: Gholdengo|Nasty Plot|p2a: Gholdengo
|-boost|p2a: Gholdengo|spa|2
|
|upkeep
|turn|12
|
|t:|1776124393
|move|p1a: Indeedee|Expanding Force|p2a: Gholdengo
|-resisted|p2a: Gholdengo
|-damage|p2a: Gholdengo|0 fnt
|faint|p2a: Gholdengo
|
|upkeep
|
|t:|1776124398
|switch|p2a: Lycanroc|Lycanroc-Dusk, M|100/100
|turn|13
|
|t:|1776124414
|move|p2a: Lycanroc|Close Combat|p1a: Indeedee
|-damage|p1a: Indeedee|0 fnt
|-unboost|p2a: Lycanroc|def|1
|-unboost|p2a: Lycanroc|spd|1
|faint|p1a: Indeedee
|-damage|p2a: Lycanroc|91/100|[from] item: Life Orb
|
|upkeep
|
|t:|1776124419
|switch|p1a: Cresselia|Cresselia, F|77/100
|turn|14
|
|t:|1776124438
|switch|p2a: Glimmora|Glimmora, M|100/100
|move|p1a: Cresselia|Thunder Wave|p2a: Glimmora
|-status|p2a: Glimmora|par
|
|upkeep
|turn|15
|
|t:|1776124441
|move|p1a: Cresselia|Lunar Dance|p1a: Cresselia
|faint|p1a: Cresselia
|move|p2a: Glimmora|Meteor Beam||[still]
|-prepare|p2a: Glimmora|Meteor Beam
|-boost|p2a: Glimmora|spa|1
|-enditem|p2a: Glimmora|Power Herb
|-anim|p2a: Glimmora|Meteor Beam|p1: Cresselia|[notarget]
|-fail|p2a: Glimmora
|
|upkeep
|
|t:|1776124459
|switch|p1a: Rabsca|Rabsca, M|100/100
|-activate|p1a: Rabsca|move: Sticky Web
|-unboost|p1a: Rabsca|spe|1
|turn|16
|
|t:|1776124470
|-terastallize|p1a: Rabsca|Water
|move|p2a: Glimmora|Sludge Wave|p1a: Rabsca
|-damage|p1a: Rabsca|35/100
|move|p1a: Rabsca|Speed Swap|p2a: Glimmora
|-activate|p1a: Rabsca|move: Speed Swap|[of] p2a: Glimmora
|
|upkeep
|turn|17
|
|t:|1776124475
|move|p1a: Rabsca|Revival Blessing|p1a: Rabsca
|-enditem|p1a: Rabsca|Leppa Berry|[eat]
|-activate|p1a: Rabsca|item: Leppa Berry|Revival Blessing|[consumed]
|
|t:|1776124484
|-heal|p1: Indeedee|50/100|[from] move: Revival Blessing
|cant|p2a: Glimmora|par
|
|-fieldend|move: Psychic Terrain
|upkeep
|turn|18
|
|t:|1776124499
|move|p1a: Rabsca|Revival Blessing|p1a: Rabsca
|
|t:|1776124511
|-heal|p1: Cresselia|50/100|[from] move: Revival Blessing
|move|p2a: Glimmora|Sludge Wave|p1a: Rabsca
|-damage|p1a: Rabsca|0 fnt
|faint|p1a: Rabsca
|
|upkeep
|inactive|Hunter_of_Keys has 120 seconds left.
|
|t:|1776124546
|switch|p1a: Indeedee|Indeedee, M|50/100
|-heal|p1a: Indeedee|100/100|[from] move: Lunar Dance
|-activate|p1a: Indeedee|move: Sticky Web
|-unboost|p1a: Indeedee|spe|1
|-fieldstart|move: Psychic Terrain|[from] ability: Psychic Surge|[of] p1a: Indeedee
|turn|19
|
|t:|1776124558
|move|p1a: Indeedee|Expanding Force|p2a: Glimmora
|-supereffective|p2a: Glimmora
|-crit|p2a: Glimmora
|-damage|p2a: Glimmora|0 fnt
|faint|p2a: Glimmora
|
|upkeep
|
|t:|1776124567
|switch|p2a: Lycanroc|Lycanroc-Dusk, M|91/100
|turn|20
|
|t:|1776124570
|switch|p1a: Cresselia|Cresselia, F|50/100
|move|p2a: Lycanroc|Close Combat|p1a: Cresselia
|-resisted|p1a: Cresselia
|-damage|p1a: Cresselia|31/100
|-unboost|p2a: Lycanroc|def|1
|-unboost|p2a: Lycanroc|spd|1
|-damage|p2a: Lycanroc|74/100|[from] item: Rocky Helmet|[of] p1a: Cresselia
|-damage|p2a: Lycanroc|64/100|[from] item: Life Orb
|
|upkeep
|turn|21
|
|t:|1776124576
|move|p2a: Lycanroc|Swords Dance|p2a: Lycanroc
|-boost|p2a: Lycanroc|atk|2
|move|p1a: Cresselia|Thunder Wave|p2a: Lycanroc
|-status|p2a: Lycanroc|par
|
|upkeep
|turn|22
|
|t:|1776124582
|move|p2a: Lycanroc|Accelerock|p1a: Cresselia
|-hint|Psychic Terrain doesn't affect airborne Pokémon.
|-damage|p1a: Cresselia|0 fnt
|-damage|p2a: Lycanroc|48/100 par|[from] item: Rocky Helmet|[of] p1a: Cresselia
|faint|p1a: Cresselia
|-damage|p2a: Lycanroc|38/100 par|[from] item: Life Orb
|
|upkeep
|
|t:|1776124592
|switch|p1a: Indeedee|Indeedee, M|100/100
|-activate|p1a: Indeedee|move: Sticky Web
|-unboost|p1a: Indeedee|spe|1
|turn|23
|inactive|mathismathin has 120 seconds left.
|
|t:|1776124639
|move|p1a: Indeedee|Expanding Force|p2a: Lycanroc
|-damage|p2a: Lycanroc|0 fnt
|faint|p2a: Lycanroc
|
|upkeep
|
|t:|1776124640
|switch|p2a: Iron Valiant|Iron Valiant|100/100
|-enditem|p2a: Iron Valiant|Booster Energy
|-activate|p2a: Iron Valiant|ability: Quark Drive|[fromitem]
|-start|p2a: Iron Valiant|quarkdrivespa
|turn|24
|
|t:|1776124647
|-terastallize|p2a: Iron Valiant|Ghost
|move|p2a: Iron Valiant|Moonblast|p1a: Indeedee
|-damage|p1a: Indeedee|3/100
|move|p1a: Indeedee|Expanding Force|p2a: Iron Valiant
|-damage|p2a: Iron Valiant|0 fnt
|faint|p2a: Iron Valiant
|-end|p2a: Iron Valiant|Quark Drive|[silent]
|
|win|Hunter_of_Keys
|raw|Hunter_of_Keys's rating: 1535 &rarr; <strong>1560</strong><br />(+25 for winning)
|raw|mathismathin's rating: 1620 &rarr; <strong>1595</strong><br />(-25 for losing)
