|html|<div class="broadcast-blue"><strong>[Gen 9] OU is currently suspecting Tera Blast! For information on how to participate check out the <a href="https://www.smogon.com/tools/suspects/view/200">suspect thread</a>.</strong></div>
|j|☆ExeggutorrBoi192
|j|☆bigmanbigmanpants
|t:|1776115567
|gametype|singles
|player|p1|ExeggutorrBoi192|ltsurge|1309
|player|p2|bigmanbigmanpants|koga-lgpe|1322
|gen|9
|tier|[Gen 9] OU
|rated|
|rule|HP Percentage Mod: HP is shown in percentages
|rule|Endless Battle Clause: Forcing endless battles is banned
|rule|Species Clause: Limit one of each Pokémon
|rule|OHKO Clause: OHKO moves are banned
|rule|Evasion Items Clause: Evasion items are banned
|rule|Evasion Moves Clause: Evasion moves are banned
|rule|Evasion Abilities Clause: Evasion abilities are banned
|rule|Sleep Moves Clause: Sleep-inducing moves are banned
|clearpoke
|poke|p1|Tyranitar, F|
|poke|p1|Excadrill, M|
|poke|p1|Zapdos|
|poke|p1|Primarina, M|
|poke|p1|Pecharunt|
|poke|p1|Kommo-o, M|
|poke|p2|Porygon2|
|poke|p2|Reuniclus, F|
|poke|p2|Rampardos, M|
|poke|p2|Ting-Lu|
|poke|p2|Bronzong|
|poke|p2|Glastrier|
|teampreview
|inactive|Battle timer is ON: inactive players will automatically lose when time's up. (requested by ExeggutorrBoi192)
|
|t:|1776115577
|teamsize|p1|6
|teamsize|p2|6
|start
|switch|p1a: Madonna|Primarina, M|100/100
|switch|p2a: Porygon2|Porygon2|100/100
|-ability|p2a: Porygon2|Download|boost
|-boost|p2a: Porygon2|spa|1
|turn|1
|
|t:|1776115591
|move|p1a: Madonna|Substitute|p1a: Madonna
|-start|p1a: Madonna|Substitute
|-damage|p1a: Madonna|75/100
|move|p2a: Porygon2|Trick Room|p2a: Porygon2
|-fieldstart|move: Trick Room|[of] p2a: Porygon2
|
|-heal|p1a: Madonna|82/100|[from] item: Leftovers
|upkeep
|turn|2
|
|t:|1776115596
|move|p2a: Porygon2|Tri Attack|p1a: Madonna
|-end|p1a: Madonna|Substitute
|move|p1a: Madonna|Calm Mind|p1a: Madonna
|-boost|p1a: Madonna|spa|1
|-boost|p1a: Madonna|spd|1
|
|-heal|p1a: Madonna|88/100|[from] item: Leftovers
|upkeep
|turn|3
|
|t:|1776115603
|move|p2a: Porygon2|Tri Attack|p1a: Madonna
|-damage|p1a: Madonna|63/100
|-status|p1a: Madonna|frz
|cant|p1a: Madonna|frz
|
|-heal|p1a: Madonna|69/100 frz|[from] item: Leftovers
|upkeep
|turn|4
|
|t:|1776115608
|switch|p2a: Rampardos|Rampardos, M|100/100
|cant|p1a: Madonna|frz
|
|-heal|p1a: Madonna|75/100 frz|[from] item: Leftovers
|upkeep
|turn|5
|
|t:|1776115613
|move|p2a: Rampardos|Rock Slide|p1a: Madonna
|-damage|p1a: Madonna|0 fnt
|faint|p1a: Madonna
|
|-fieldend|move: Trick Room
|upkeep
|
|t:|1776115627
|switch|p1a: Kommowo|Kommo-o, M|100/100
|turn|6
|
|t:|1776115632
|switch|p2a: Bronzong|Bronzong|100/100
|move|p1a: Kommowo|Clangorous Soul|p1a: Kommowo
|-boost|p1a: Kommowo|atk|1
|-boost|p1a: Kommowo|def|1
|-boost|p1a: Kommowo|spa|1
|-boost|p1a: Kommowo|spd|1
|-boost|p1a: Kommowo|spe|1
|-damage|p1a: Kommowo|68/100
|-enditem|p1a: Kommowo|Throat Spray
|-boost|p1a: Kommowo|spa|1|[from] item: Throat Spray
|
|upkeep
|turn|7
|
|t:|1776115638
|-terastallize|p1a: Kommowo|Normal
|move|p1a: Kommowo|Flamethrower|p2a: Bronzong
|-supereffective|p2a: Bronzong
|-damage|p2a: Bronzong|11/100
|move|p2a: Bronzong|Trick Room|p2a: Bronzong
|-fieldstart|move: Trick Room|[of] p2a: Bronzong
|
|upkeep
|turn|8
|
|t:|1776115646
|move|p2a: Bronzong|Meteor Beam||[still]
|-prepare|p2a: Bronzong|Meteor Beam
|-boost|p2a: Bronzong|spa|1
|-enditem|p2a: Bronzong|Power Herb
|-anim|p2a: Bronzong|Meteor Beam|p1a: Kommowo
|-damage|p1a: Kommowo|28/100
|move|p1a: Kommowo|Flamethrower|p2a: Bronzong
|-supereffective|p2a: Bronzong
|-damage|p2a: Bronzong|0 fnt
|faint|p2a: Bronzong
|
|upkeep
|
|t:|1776115655
|switch|p2a: Reuniclus|Reuniclus, F|100/100
|turn|9
|
|t:|1776115657
|move|p2a: Reuniclus|Psychic|p1a: Kommowo
|-damage|p1a: Kommowo|0 fnt
|faint|p1a: Kommowo
|
|upkeep
|
|t:|1776115662
|switch|p1a: CBT|Tyranitar, F|100/100
|-weather|Sandstorm|[from] ability: Sand Stream|[of] p1a: CBT
|turn|10
|
|t:|1776115669
|move|p2a: Reuniclus|Focus Blast|p1a: CBT
|-supereffective|p1a: CBT
|-damage|p1a: CBT|0 fnt
|faint|p1a: CBT
|
|-weather|Sandstorm|[upkeep]
|upkeep
|
|t:|1776115677
|switch|p1a: Demon Speeding|Excadrill, M|100/100
|-item|p1a: Demon Speeding|Air Balloon
|turn|11
|
|t:|1776115681
|switch|p1a: Thunderstruck|Zapdos|100/100
|move|p2a: Reuniclus|Focus Blast|p1a: Thunderstruck|[miss]
|-miss|p2a: Reuniclus|p1a: Thunderstruck
|
|-weather|Sandstorm|[upkeep]
|-damage|p1a: Thunderstruck|94/100|[from] Sandstorm
|-fieldend|move: Trick Room
|upkeep
|turn|12
|
|t:|1776115684
|move|p1a: Thunderstruck|Thunder Wave|p2a: Reuniclus
|-status|p2a: Reuniclus|par
|move|p2a: Reuniclus|Trick Room|p2a: Reuniclus
|-fieldstart|move: Trick Room|[of] p2a: Reuniclus
|
|-weather|Sandstorm|[upkeep]
|-damage|p1a: Thunderstruck|88/100|[from] Sandstorm
|upkeep
|turn|13
|
|t:|1776115687
|move|p2a: Reuniclus|Psychic|p1a: Thunderstruck
|-damage|p1a: Thunderstruck|20/100
|move|p1a: Thunderstruck|Hurricane|p2a: Reuniclus
|-damage|p2a: Reuniclus|56/100 par
|
|-weather|Sandstorm|[upkeep]
|-damage|p1a: Thunderstruck|14/100|[from] Sandstorm
|upkeep
|turn|14
|
|t:|1776115690
|move|p2a: Reuniclus|Psychic|p1a: Thunderstruck
|-damage|p1a: Thunderstruck|0 fnt
|faint|p1a: Thunderstruck
|
|-weather|none
|upkeep
|-message|ExeggutorrBoi192 forfeited.
|
|win|bigmanbigmanpants
|raw|ExeggutorrBoi192's rating: 1309 &rarr; <strong>1290</strong><br />(-19 for losing)
|raw|bigmanbigmanpants's rating: 1322 &rarr; <strong>1341</strong><br />(+19 for winning)
|l|☆ExeggutorrBoi192
|player|p1|
|l|☆bigmanbigmanpants
|player|p2|
