|html|<div class="broadcast-blue"><strong>[Gen 9] OU is currently suspecting Tera Blast! For information on how to participate check out the <a href="https://www.smogon.com/tools/suspects/view/200">suspect thread</a>.</strong></div>
|j|☆red123x
|j|☆rashyd
|t:|1776108328
|gametype|singles
|player|p1|red123x|265|1499
|player|p2|rashyd|volkner|1463
|gen|9
|tier|[Gen 9] OU
|rated|
|rule|HP Percentage Mod: HP is shown in percentages
|rule|Endless Battle Clause: Forcing endless battles is banned
|rule|Species Clause: Limit one of each Pokémon
|rule|OHKO Clause: OHKO moves are banned
|rule|Evasion Items Clause: Evasion items are banned
|rule|Evasion Moves Clause: Evasion moves are banned
|rule|Evasion Abilities Clause: Evasion abilities are banned
|rule|Sleep Moves Clause: Sleep-inducing moves are banned
|clearpoke
|poke|p1|Iron Treads|
|poke|p1|Ninetales-Alola, M|
|poke|p1|Gholdengo|
|poke|p1|Hawlucha, M|
|poke|p1|Garchomp, F|
|poke|p1|Ursaluna, M|
|poke|p2|Tyranitar, M|
|poke|p2|Hippowdon, M|
|poke|p2|Corviknight, F|
|poke|p2|Gastrodon, F|
|poke|p2|Sandy Shocks|
|poke|p2|Excadrill, F|
|teampreview
|inactive|Battle timer is ON: inactive players will automatically lose when time's up. (requested by rashyd)
|
|t:|1776108338
|teamsize|p1|6
|teamsize|p2|6
|start
|switch|p1a: Ursaluna|Ursaluna, M|100/100
|switch|p2a: Hippowdon|Hippowdon, M|100/100
|-weather|Sandstorm|[from] ability: Sand Stream|[of] p2a: Hippowdon
|turn|1
|
|t:|1776108346
|move|p1a: Ursaluna|Swords Dance|p1a: Ursaluna
|-boost|p1a: Ursaluna|atk|2
|move|p2a: Hippowdon|Ice Fang|p1a: Ursaluna
|-supereffective|p1a: Ursaluna
|-damage|p1a: Ursaluna|75/100
|
|-weather|Sandstorm|[upkeep]
|-status|p1a: Ursaluna|brn|[from] item: Flame Orb
|upkeep
|turn|2
|
|t:|1776108356
|move|p1a: Ursaluna|Facade|p2a: Hippowdon
|-damage|p2a: Hippowdon|0 fnt
|faint|p2a: Hippowdon
|
|-weather|Sandstorm|[upkeep]
|-damage|p1a: Ursaluna|69/100 brn|[from] brn
|upkeep
|
|t:|1776108367
|switch|p2a: Corviknight|Corviknight, F|100/100
|turn|3
|
|t:|1776108370
|move|p2a: Corviknight|Body Press|p1a: Ursaluna
|-supereffective|p1a: Ursaluna
|-damage|p1a: Ursaluna|27/100 brn
|move|p1a: Ursaluna|Fire Punch|p2a: Corviknight
|-supereffective|p2a: Corviknight
|-damage|p2a: Corviknight|0 fnt
|faint|p2a: Corviknight
|
|-weather|Sandstorm|[upkeep]
|-damage|p1a: Ursaluna|21/100 brn|[from] brn
|upkeep
|
|t:|1776108381
|switch|p2a: Excadrill|Excadrill, F|100/100
|turn|4
|
|t:|1776108387
|move|p2a: Excadrill|Iron Head|p1a: Ursaluna
|-damage|p1a: Ursaluna|0 fnt
|faint|p1a: Ursaluna
|
|-weather|Sandstorm|[upkeep]
|upkeep
|
|t:|1776108391
|switch|p1a: Garchomp|Garchomp, F|100/100
|turn|5
|
|t:|1776108397
|-terastallize|p2a: Excadrill|Fairy
|move|p2a: Excadrill|Swords Dance|p2a: Excadrill
|-boost|p2a: Excadrill|atk|2
|move|p1a: Garchomp|Earthquake|p2a: Excadrill
|-damage|p2a: Excadrill|31/100
|
|-weather|Sandstorm|[upkeep]
|upkeep
|turn|6
|
|t:|1776108408
|switch|p1a: Ninetales|Ninetales-Alola, M|100/100
|-weather|Snowscape|[from] ability: Snow Warning|[of] p1a: Ninetales
|move|p2a: Excadrill|Earthquake|p1a: Ninetales
|-damage|p1a: Ninetales|0 fnt
|faint|p1a: Ninetales
|
|-weather|Snowscape|[upkeep]
|upkeep
|
|t:|1776108411
|switch|p1a: Garchomp|Garchomp, F|100/100
|turn|7
|
|t:|1776108421
|move|p1a: Garchomp|Earthquake|p2a: Excadrill
|-damage|p2a: Excadrill|0 fnt
|faint|p2a: Excadrill
|
|-weather|Snowscape|[upkeep]
|upkeep
|
|t:|1776108433
|switch|p2a: Gastrodon|Gastrodon, F|100/100
|turn|8
|
|t:|1776108443
|move|p1a: Garchomp|Swords Dance|p1a: Garchomp
|-boost|p1a: Garchomp|atk|2
|move|p2a: Gastrodon|Surf|p1a: Garchomp
|-damage|p1a: Garchomp|69/100
|
|-weather|Snowscape|[upkeep]
|upkeep
|turn|9
|
|t:|1776108451
|move|p1a: Garchomp|Earthquake|p2a: Gastrodon
|-damage|p2a: Gastrodon|0 fnt
|faint|p2a: Gastrodon
|
|-weather|Snowscape|[upkeep]
|upkeep
|
|t:|1776108462
|switch|p2a: Tyranitar|Tyranitar, M|100/100
|-weather|Sandstorm|[from] ability: Sand Stream|[of] p2a: Tyranitar
|turn|10
|
|t:|1776108468
|move|p1a: Garchomp|Earthquake|p2a: Tyranitar
|-supereffective|p2a: Tyranitar
|-damage|p2a: Tyranitar|0 fnt
|faint|p2a: Tyranitar
|
|-weather|Sandstorm|[upkeep]
|upkeep
|-message|rashyd forfeited.
|
|win|red123x
|raw|red123x's rating: 1499 &rarr; <strong>1517</strong><br />(+18 for winning)
|raw|rashyd's rating: 1463 &rarr; <strong>1445</strong><br />(-18 for losing)
|l|☆rashyd
|player|p2|
