|html|<div class="broadcast-blue"><strong>[Gen 9] OU is currently suspecting Tera Blast! For information on how to participate check out the <a href="https://www.smogon.com/tools/suspects/view/200">suspect thread</a>.</strong></div>
|j|☆kkkuroi
|j|☆SpiralShift
|t:|1776337154
|gametype|singles
|player|p1|kkkuroi|clerk|1168
|player|p2|SpiralShift|gambler|1165
|gen|9
|tier|[Gen 9] OU
|rated|
|rule|HP Percentage Mod: HP is shown in percentages
|rule|Endless Battle Clause: Forcing endless battles is banned
|rule|Species Clause: Limit one of each Pokémon
|rule|OHKO Clause: OHKO moves are banned
|rule|Evasion Items Clause: Evasion items are banned
|rule|Evasion Moves Clause: Evasion moves are banned
|rule|Evasion Abilities Clause: Evasion abilities are banned
|rule|Sleep Moves Clause: Sleep-inducing moves are banned
|clearpoke
|poke|p1|Iron Moth|
|poke|p1|Gliscor, F|
|poke|p1|Hatterene, F|
|poke|p1|Ogerpon-Wellspring, F|
|poke|p1|Raging Bolt|
|poke|p1|Zamazenta-*|
|poke|p2|Scizor, M|
|poke|p2|Skarmory, F|
|poke|p2|Galvantula, M|
|poke|p2|Feraligatr, F|
|poke|p2|Bisharp, M|
|poke|p2|Blaziken, F|
|teampreview
|
|t:|1776337173
|teamsize|p1|6
|teamsize|p2|6
|start
|switch|p1a: Zamazenta|Zamazenta|100/100
|switch|p2a: Blaziken|Blaziken, F|100/100
|-ability|p1a: Zamazenta|Dauntless Shield|boost
|-boost|p1a: Zamazenta|def|1
|turn|1
|
|t:|1776337183
|move|p1a: Zamazenta|Reflect|p1a: Zamazenta
|-sidestart|p1: kkkuroi|Reflect
|move|p2a: Blaziken|Focus Energy|p2a: Blaziken
|-start|p2a: Blaziken|move: Focus Energy
|
|-ability|p2a: Blaziken|Speed Boost|boost
|-boost|p2a: Blaziken|spe|1
|upkeep
|turn|2
|
|t:|1776337194
|move|p1a: Zamazenta|Light Screen|p1a: Zamazenta
|-sidestart|p1: kkkuroi|move: Light Screen
|move|p2a: Blaziken|Overheat|p1a: Zamazenta
|-crit|p1a: Zamazenta
|-damage|p1a: Zamazenta|28/100
|-unboost|p2a: Blaziken|spa|2
|
|-ability|p2a: Blaziken|Speed Boost|boost
|-boost|p2a: Blaziken|spe|1
|upkeep
|turn|3
|
|t:|1776337217
|switch|p1a: Raging Bolt|Raging Bolt|100/100
|-enditem|p1a: Raging Bolt|Booster Energy
|-activate|p1a: Raging Bolt|ability: Protosynthesis|[fromitem]
|-start|p1a: Raging Bolt|protosynthesisspa
|move|p2a: Blaziken|Aura Sphere|p1a: Raging Bolt
|-crit|p1a: Raging Bolt
|-damage|p1a: Raging Bolt|46/100
|
|-ability|p2a: Blaziken|Speed Boost|boost
|-boost|p2a: Blaziken|spe|1
|upkeep
|turn|4
|
|t:|1776337228
|move|p1a: Raging Bolt|Thunderclap|p2a: Blaziken
|-damage|p2a: Blaziken|31/100
|move|p2a: Blaziken|Overheat|p1a: Raging Bolt|[miss]
|-miss|p2a: Blaziken|p1a: Raging Bolt
|
|-ability|p2a: Blaziken|Speed Boost|boost
|-boost|p2a: Blaziken|spe|1
|upkeep
|turn|5
|
|t:|1776337240
|move|p1a: Raging Bolt|Thunderclap||[still]
|-fail|p1a: Raging Bolt
|move|p2a: Blaziken|Focus Energy||[still]
|-fail|p2a: Blaziken
|
|-ability|p2a: Blaziken|Speed Boost|boost
|-boost|p2a: Blaziken|spe|1
|upkeep
|turn|6
|
|t:|1776337248
|move|p1a: Raging Bolt|Thunderclap|p2a: Blaziken
|-damage|p2a: Blaziken|0 fnt
|faint|p2a: Blaziken
|
|upkeep
|-message|SpiralShift forfeited.
|
|win|kkkuroi
|raw|kkkuroi's rating: 1168 &rarr; <strong>1193</strong><br />(+25 for winning)
|raw|SpiralShift's rating: 1165 &rarr; <strong>1140</strong><br />(-25 for losing)
|l|☆SpiralShift
|player|p2|
|c|☆kkkuroi|bro??
|c|☆kkkuroi|HAJSJSJSJAJSJ
|c|☆kkkuroi|hermanito no sabe que thunder clap tiene prioridad
