|html|<div class="broadcast-blue"><strong>[Gen 9] OU is currently suspecting Tera Blast! For information on how to participate check out the <a href="https://www.smogon.com/tools/suspects/view/200">suspect thread</a>.</strong></div>
|j|☆xXDoge
|j|☆magistermilitum420
|t:|1776036290
|gametype|singles
|player|p1|xXDoge|veteran|1120
|player|p2|magistermilitum420|blue|1151
|gen|9
|tier|[Gen 9] OU
|rated|
|rule|HP Percentage Mod: HP is shown in percentages
|rule|Endless Battle Clause: Forcing endless battles is banned
|rule|Species Clause: Limit one of each Pokémon
|rule|OHKO Clause: OHKO moves are banned
|rule|Evasion Items Clause: Evasion items are banned
|rule|Evasion Moves Clause: Evasion moves are banned
|rule|Evasion Abilities Clause: Evasion abilities are banned
|rule|Sleep Moves Clause: Sleep-inducing moves are banned
|clearpoke
|poke|p1|Kleavor, F|
|poke|p1|Samurott-Hisui, F|
|poke|p1|Avalugg, M|
|poke|p1|Blaziken, F|
|poke|p1|Walking Wake|
|poke|p1|Serperior, F|
|poke|p2|Meowscarada, M|
|poke|p2|Great Tusk|
|poke|p2|Alomomola, F|
|poke|p2|Slowking-Galar, F|
|poke|p2|Dragonite, M|
|poke|p2|Heatran, M|
|teampreview
|inactive|Battle timer is ON: inactive players will automatically lose when time's up. (requested by xXDoge)
|
|t:|1776036300
|teamsize|p1|6
|teamsize|p2|6
|start
|switch|p1a: Samurott|Samurott-Hisui, F, shiny|100/100
|switch|p2a: Mahad|Meowscarada, M, shiny|100/100
|turn|1
|
|t:|1776036314
|move|p2a: Mahad|U-turn|p1a: Samurott
|-start|p2a: Mahad|typechange|Bug|[from] ability: Protean
|-supereffective|p1a: Samurott
|-damage|p1a: Samurott|16/100
|
|t:|1776036319
|switch|p2a: Charybdis|Alomomola, F, shiny|100/100|[from] U-turn
|move|p1a: Samurott|Sacred Sword|p2a: Charybdis
|-damage|p2a: Charybdis|77/100
|
|upkeep
|turn|2
|
|t:|1776036331
|move|p1a: Samurott|Ceaseless Edge|p2a: Charybdis
|-damage|p2a: Charybdis|55/100
|-sidestart|p2: magistermilitum420|Spikes
|move|p2a: Charybdis|Scald|p1a: Samurott
|-resisted|p1a: Samurott
|-damage|p1a: Samurott|11/100
|
|upkeep
|turn|3
|
|t:|1776036337
|move|p1a: Samurott|Ceaseless Edge|p2a: Charybdis
|-damage|p2a: Charybdis|30/100
|-sidestart|p2: magistermilitum420|Spikes
|move|p2a: Charybdis|Wish|p2a: Charybdis
|
|upkeep
|turn|4
|
|t:|1776036345
|move|p1a: Samurott|Ceaseless Edge|p2a: Charybdis
|-damage|p2a: Charybdis|6/100
|-sidestart|p2: magistermilitum420|Spikes
|move|p2a: Charybdis|Scald|p1a: Samurott
|-resisted|p1a: Samurott
|-damage|p1a: Samurott|6/100
|
|-heal|p2a: Charybdis|56/100|[from] move: Wish|[wisher] Charybdis
|upkeep
|turn|5
|
|t:|1776036358
|move|p1a: Samurott|Sacred Sword|p2a: Charybdis
|-damage|p2a: Charybdis|33/100
|move|p2a: Charybdis|Wish|p2a: Charybdis
|
|upkeep
|turn|6
|
|t:|1776036369
|move|p2a: Charybdis|Protect|p2a: Charybdis
|-singleturn|p2a: Charybdis|Protect
|move|p1a: Samurott|Sacred Sword|p2a: Charybdis
|-activate|p2a: Charybdis|move: Protect
|
|-heal|p2a: Charybdis|83/100|[from] move: Wish|[wisher] Charybdis
|upkeep
|turn|7
|
|t:|1776036376
|move|p1a: Samurott|Flip Turn|p2a: Charybdis
|-resisted|p2a: Charybdis
|-damage|p2a: Charybdis|76/100
|
|t:|1776036378
|switch|p1a: Serperior|Serperior, F, shiny|100/100|[from] Flip Turn
|move|p2a: Charybdis|Wish|p2a: Charybdis
|
|upkeep
|turn|8
|
|t:|1776036390
|switch|p2a: Vulcanus|Heatran, M, shiny|100/100
|-damage|p2a: Vulcanus|76/100|[from] Spikes
|move|p1a: Serperior|Leaf Storm|p2a: Vulcanus|[miss]
|-miss|p1a: Serperior|p2a: Vulcanus
|
|-heal|p2a: Vulcanus|100/100|[from] move: Wish|[wisher] Charybdis
|upkeep
|turn|9
|
|t:|1776036404
|-terastallize|p1a: Serperior|Fire
|move|p1a: Serperior|Glare|p2a: Vulcanus
|-status|p2a: Vulcanus|par
|cant|p2a: Vulcanus|par
|
|upkeep
|turn|10
|
|t:|1776036416
|switch|p1a: Samurott|Samurott-Hisui, F, shiny|6/100
|move|p2a: Vulcanus|Earth Power|p1a: Samurott
|-damage|p1a: Samurott|0 fnt
|faint|p1a: Samurott
|
|upkeep
|
|t:|1776036425
|switch|p1a: Walking Wake|Walking Wake|100/100
|-enditem|p1a: Walking Wake|Booster Energy
|-activate|p1a: Walking Wake|ability: Protosynthesis|[fromitem]
|-start|p1a: Walking Wake|protosynthesisspa
|turn|11
|
|t:|1776036450
|switch|p2a: Mithridates|Slowking-Galar, F|100/100
|-damage|p2a: Mithridates|76/100|[from] Spikes
|move|p1a: Walking Wake|Hydro Pump|p2a: Mithridates|[miss]
|-miss|p1a: Walking Wake|p2a: Mithridates
|
|upkeep
|turn|12
|
|t:|1776036464
|move|p1a: Walking Wake|Draco Meteor|p2a: Mithridates
|-damage|p2a: Mithridates|32/100
|-unboost|p1a: Walking Wake|spa|2
|move|p2a: Mithridates|Future Sight|p1a: Walking Wake
|-start|p2a: Mithridates|move: Future Sight
|
|upkeep
|turn|13
|
|t:|1776036483
|-end|p1a: Walking Wake|Protosynthesis|[silent]
|switch|p1a: Avalugg|Avalugg, M, shiny|100/100
|switch|p2a: Charybdis|Alomomola, F, shiny|100/100
|
|upkeep
|turn|14
|
|t:|1776036498
|switch|p1a: Walking Wake|Walking Wake|100/100
|move|p2a: Charybdis|Scald|p1a: Walking Wake
|-resisted|p1a: Walking Wake
|-damage|p1a: Walking Wake|97/100
|
|-end|p1a: Walking Wake|move: Future Sight
|-damage|p1a: Walking Wake|25/100
|upkeep
|turn|15
|
|t:|1776036506
|move|p1a: Walking Wake|Draco Meteor|p2a: Charybdis
|-damage|p2a: Charybdis|28/100
|-unboost|p1a: Walking Wake|spa|2
|move|p2a: Charybdis|Wish|p2a: Charybdis
|
|upkeep
|turn|16
|
|t:|1776036518
|-end|p1a: Walking Wake|Protosynthesis|[silent]
|switch|p1a: Serperior|Serperior, F, shiny, tera:Fire|100/100
|switch|p2a: Mithridates|Slowking-Galar, F|65/100
|-damage|p2a: Mithridates|41/100|[from] Spikes
|
|-heal|p2a: Mithridates|100/100|[from] move: Wish|[wisher] Charybdis
|upkeep
|turn|17
|
|t:|1776036534
|move|p1a: Serperior|Glare|p2a: Mithridates
|-status|p2a: Mithridates|par
|move|p2a: Mithridates|Sludge Bomb|p1a: Serperior
|-damage|p1a: Serperior|49/100
|-status|p1a: Serperior|psn
|
|-heal|p1a: Serperior|55/100 psn|[from] item: Leftovers
|-damage|p1a: Serperior|43/100 psn|[from] psn
|upkeep
|turn|18
|
|t:|1776036546
|switch|p1a: Avalugg|Avalugg, M, shiny|100/100
|move|p2a: Mithridates|Sludge Bomb|p1a: Avalugg
|-damage|p1a: Avalugg|36/100
|-status|p1a: Avalugg|psn
|
|-heal|p1a: Avalugg|42/100 psn|[from] item: Leftovers
|-damage|p1a: Avalugg|29/100 psn|[from] psn
|upkeep
|turn|19
|
|t:|1776036562
|switch|p2a: Charybdis|Alomomola, F, shiny|61/100
|move|p1a: Avalugg|Earthquake|p2a: Charybdis
|-damage|p2a: Charybdis|43/100
|
|-heal|p1a: Avalugg|35/100 psn|[from] item: Leftovers
|-damage|p1a: Avalugg|23/100 psn|[from] psn
|upkeep
|turn|20
|
|t:|1776036586
|switch|p1a: Walking Wake|Walking Wake|25/100
|move|p2a: Charybdis|Wish|p2a: Charybdis
|
|upkeep
|turn|21
|
|t:|1776036605
|switch|p2a: Mithridates|Slowking-Galar, F|100/100 par
|-damage|p2a: Mithridates|76/100 par|[from] Spikes
|move|p1a: Walking Wake|Flamethrower|p2a: Mithridates
|-crit|p2a: Mithridates
|-damage|p2a: Mithridates|52/100 par
|
|-heal|p2a: Mithridates|100/100 par|[from] move: Wish|[wisher] Charybdis
|upkeep
|turn|22
|
|t:|1776036614
|move|p1a: Walking Wake|Hydro Pump|p2a: Mithridates
|-damage|p2a: Mithridates|75/100 par
|move|p2a: Mithridates|Psychic Noise|p1a: Walking Wake
|-damage|p1a: Walking Wake|0 fnt
|faint|p1a: Walking Wake
|-end|p1a: Walking Wake|Protosynthesis|[silent]
|
|upkeep
|
|t:|1776036622
|switch|p1a: Blaziken|Blaziken, F, shiny|100/100
|turn|23
|
|t:|1776036630
|move|p1a: Blaziken|Swords Dance|p1a: Blaziken
|-boost|p1a: Blaziken|atk|2
|cant|p2a: Mithridates|par
|
|-ability|p1a: Blaziken|Speed Boost|boost
|-boost|p1a: Blaziken|spe|1
|upkeep
|turn|24
|
|t:|1776036637
|move|p1a: Blaziken|Flare Blitz|p2a: Mithridates
|-damage|p2a: Mithridates|0 fnt
|faint|p2a: Mithridates
|-damage|p1a: Blaziken|68/100|[from] Recoil
|
|-heal|p1a: Blaziken|74/100|[from] item: Leftovers
|-ability|p1a: Blaziken|Speed Boost|boost
|-boost|p1a: Blaziken|spe|1
|upkeep
|
|t:|1776036651
|switch|p2a: Charybdis|Alomomola, F, shiny|76/100
|turn|25
|
|t:|1776036655
|move|p1a: Blaziken|Close Combat|p2a: Charybdis
|-damage|p2a: Charybdis|12/100
|-unboost|p1a: Blaziken|def|1
|-unboost|p1a: Blaziken|spd|1
|move|p2a: Charybdis|Scald|p1a: Blaziken
|-supereffective|p1a: Blaziken
|-damage|p1a: Blaziken|10/100
|
|-heal|p1a: Blaziken|16/100|[from] item: Leftovers
|-ability|p1a: Blaziken|Speed Boost|boost
|-boost|p1a: Blaziken|spe|1
|upkeep
|turn|26
|
|t:|1776036679
|move|p2a: Charybdis|Protect|p2a: Charybdis
|-singleturn|p2a: Charybdis|Protect
|move|p1a: Blaziken|Close Combat|p2a: Charybdis
|-activate|p2a: Charybdis|move: Protect
|
|-heal|p1a: Blaziken|22/100|[from] item: Leftovers
|-ability|p1a: Blaziken|Speed Boost|boost
|-boost|p1a: Blaziken|spe|1
|upkeep
|turn|27
|
|t:|1776036689
|-terastallize|p2a: Charybdis|Ghost
|move|p1a: Blaziken|Close Combat|p2a: Charybdis
|-immune|p2a: Charybdis
|move|p2a: Charybdis|Scald|p1a: Blaziken
|-supereffective|p1a: Blaziken
|-damage|p1a: Blaziken|0 fnt
|faint|p1a: Blaziken
|
|upkeep
|
|t:|1776036707
|switch|p1a: Kleavor|Kleavor, F, shiny|100/100
|turn|28
|
|t:|1776036720
|switch|p2a: Vulcanus|Heatran, M, shiny|100/100 par
|-damage|p2a: Vulcanus|76/100 par|[from] Spikes
|move|p1a: Kleavor|Stone Axe|p2a: Vulcanus
|-damage|p2a: Vulcanus|26/100 par
|-sidestart|p2: magistermilitum420|move: Stealth Rock
|
|upkeep
|turn|29
|
|t:|1776036744
|switch|p2a: Barca|Great Tusk|100/100
|move|p1a: Kleavor|Stone Axe|p2a: Barca
|-resisted|p2a: Barca
|-damage|p2a: Barca|91/100
|
|upkeep
|turn|30
|
|t:|1776036755
|move|p2a: Barca|Stealth Rock|p1a: Kleavor
|-sidestart|p1: xXDoge|move: Stealth Rock
|move|p1a: Kleavor|Lunge|p2a: Barca
|-resisted|p2a: Barca
|-damage|p2a: Barca|75/100
|-unboost|p2a: Barca|atk|1
|
|upkeep
|turn|31
|
|t:|1776036761
|move|p2a: Barca|Knock Off|p1a: Kleavor
|-damage|p1a: Kleavor|73/100
|-enditem|p1a: Kleavor|Assault Vest|[from] move: Knock Off|[of] p2a: Barca
|move|p1a: Kleavor|Lunge|p2a: Barca
|-resisted|p2a: Barca
|-damage|p2a: Barca|60/100
|-unboost|p2a: Barca|atk|1
|
|upkeep
|turn|32
|
|t:|1776036768
|move|p2a: Barca|Rapid Spin|p1a: Kleavor
|-resisted|p1a: Kleavor
|-damage|p1a: Kleavor|68/100
|-boost|p2a: Barca|spe|1
|-sideend|p2: magistermilitum420|Spikes|[from] move: Rapid Spin|[of] p2a: Barca
|-sideend|p2: magistermilitum420|Stealth Rock|[from] move: Rapid Spin|[of] p2a: Barca
|move|p1a: Kleavor|Lunge|p2a: Barca
|-resisted|p2a: Barca
|-damage|p2a: Barca|46/100
|-unboost|p2a: Barca|atk|1
|
|upkeep
|turn|33
|
|t:|1776036794
|move|p2a: Barca|Close Combat|p1a: Kleavor
|-damage|p1a: Kleavor|34/100
|-unboost|p2a: Barca|def|1
|-unboost|p2a: Barca|spd|1
|move|p1a: Kleavor|U-turn|p2a: Barca
|-resisted|p2a: Barca
|-damage|p2a: Barca|25/100
|
|t:|1776036797
|switch|p1a: Serperior|Serperior, F, shiny, tera:Fire|43/100 psn|[from] U-turn
|-damage|p1a: Serperior|18/100 psn|[from] Stealth Rock
|
|-heal|p1a: Serperior|24/100 psn|[from] item: Leftovers
|-damage|p1a: Serperior|12/100 psn|[from] psn
|upkeep
|turn|34
|
|t:|1776036815
|move|p2a: Barca|Knock Off|p1a: Serperior
|-damage|p1a: Serperior|0 fnt
|-enditem|p1a: Serperior|Leftovers|[from] move: Knock Off|[of] p2a: Barca
|faint|p1a: Serperior
|
|upkeep
|-message|xXDoge forfeited.
|
|win|magistermilitum420
|raw|xXDoge's rating: 1120 &rarr; <strong>1097</strong><br />(-23 for losing)
|raw|magistermilitum420's rating: 1151 &rarr; <strong>1174</strong><br />(+23 for winning)
|l|☆xXDoge
|player|p1|
