|html|<div class="broadcast-blue"><strong>[Gen 9] OU is currently suspecting Tera Blast! For information on how to participate check out the <a href="https://www.smogon.com/tools/suspects/view/200">suspect thread</a>.</strong></div>
|j|☆Artist70
|j|☆pavelight
|t:|1776040093
|gametype|singles
|player|p1|Artist70|170|1215
|player|p2|pavelight|102|1199
|gen|9
|tier|[Gen 9] OU
|rated|
|rule|HP Percentage Mod: HP is shown in percentages
|rule|Endless Battle Clause: Forcing endless battles is banned
|rule|Species Clause: Limit one of each Pokémon
|rule|OHKO Clause: OHKO moves are banned
|rule|Evasion Items Clause: Evasion items are banned
|rule|Evasion Moves Clause: Evasion moves are banned
|rule|Evasion Abilities Clause: Evasion abilities are banned
|rule|Sleep Moves Clause: Sleep-inducing moves are banned
|clearpoke
|poke|p1|Krookodile, M|
|poke|p1|Venusaur, M|
|poke|p1|Arcanine-Hisui, M|
|poke|p1|Swampert, F|
|poke|p1|Mimikyu, F|
|poke|p1|Haxorus, M|
|poke|p2|Dragonite, M|
|poke|p2|Scream Tail|
|poke|p2|Hippowdon, F|
|poke|p2|Ceruledge, M|
|poke|p2|Glimmora, M|
|poke|p2|Dragapult, F|
|teampreview
|
|t:|1776040103
|teamsize|p1|6
|teamsize|p2|6
|start
|switch|p1a: Krookodile|Krookodile, M|100/100
|switch|p2a: Glimmora|Glimmora, M, shiny|100/100
|turn|1
|inactive|Battle timer is ON: inactive players will automatically lose when time's up. (requested by pavelight)
|
|t:|1776040112
|move|p1a: Krookodile|Earthquake|p2a: Glimmora
|-supereffective|p2a: Glimmora
|-crit|p2a: Glimmora
|-enditem|p2a: Glimmora|Focus Sash
|-damage|p2a: Glimmora|1/100
|-activate|p2a: Glimmora|ability: Toxic Debris
|-sidestart|p1: Artist70|move: Toxic Spikes
|move|p2a: Glimmora|Spikes|p1a: Krookodile
|-sidestart|p1: Artist70|Spikes
|
|upkeep
|turn|2
|
|t:|1776040121
|move|p1a: Krookodile|Earthquake|p2a: Glimmora
|-supereffective|p2a: Glimmora
|-damage|p2a: Glimmora|0 fnt
|-activate|p2a: Glimmora|ability: Toxic Debris
|-sidestart|p1: Artist70|move: Toxic Spikes
|faint|p2a: Glimmora
|-ability|p1a: Krookodile|Moxie|boost
|-boost|p1a: Krookodile|atk|1
|
|upkeep
|
|t:|1776040131
|switch|p2a: Hippowdon|Hippowdon, F|100/100
|turn|3
|
|t:|1776040139
|move|p1a: Krookodile|Earthquake|p2a: Hippowdon
|-crit|p2a: Hippowdon
|-damage|p2a: Hippowdon|44/100
|move|p2a: Hippowdon|Whirlwind|p1a: Krookodile
|drag|p1a: Arcanine|Arcanine-Hisui, M|100/100
|-status|p1a: Arcanine|tox
|-damage|p1a: Arcanine|88/100 tox|[from] Spikes
|
|-heal|p2a: Hippowdon|50/100|[from] item: Leftovers
|-damage|p1a: Arcanine|82/100 tox|[from] psn
|upkeep
|turn|4
|
|t:|1776040152
|move|p1a: Arcanine|Double-Edge|p2a: Hippowdon
|-damage|p2a: Hippowdon|19/100
|move|p2a: Hippowdon|Slack Off|p2a: Hippowdon
|-heal|p2a: Hippowdon|69/100
|
|-heal|p2a: Hippowdon|75/100|[from] item: Leftovers
|-damage|p1a: Arcanine|70/100 tox|[from] psn
|upkeep
|turn|5
|
|t:|1776040162
|switch|p1a: Venusaur|Venusaur, M|100/100
|-sideend|p1: Artist70|move: Toxic Spikes|[of] p1a: Venusaur
|-damage|p1a: Venusaur|88/100|[from] Spikes
|move|p2a: Hippowdon|Slack Off|p2a: Hippowdon
|-heal|p2a: Hippowdon|100/100
|
|upkeep
|turn|6
|
|t:|1776040171
|move|p1a: Venusaur|Power Whip|p2a: Hippowdon|[miss]
|-miss|p1a: Venusaur|p2a: Hippowdon
|move|p2a: Hippowdon|Whirlwind|p1a: Venusaur
|drag|p1a: Mimikyu|Mimikyu, F, shiny|100/100
|-damage|p1a: Mimikyu|88/100|[from] Spikes
|
|upkeep
|turn|7
|
|t:|1776040180
|move|p1a: Mimikyu|Swords Dance|p1a: Mimikyu
|-boost|p1a: Mimikyu|atk|2
|move|p2a: Hippowdon|Earthquake|p1a: Mimikyu
|-activate|p1a: Mimikyu|ability: Disguise
|-damage|p1a: Mimikyu|88/100
|detailschange|p1a: Mimikyu|Mimikyu-Busted, F, shiny
|-damage|p1a: Mimikyu|76/100|[from] pokemon: Mimikyu-Busted
|
|upkeep
|turn|8
|
|t:|1776040189
|move|p1a: Mimikyu|Drain Punch|p2a: Hippowdon
|-damage|p2a: Hippowdon|75/100
|-heal|p1a: Mimikyu|97/100|[from] drain|[of] p2a: Hippowdon
|move|p2a: Hippowdon|Whirlwind|p1a: Mimikyu
|drag|p1a: Krookodile|Krookodile, M|100/100
|-damage|p1a: Krookodile|88/100|[from] Spikes
|
|-heal|p2a: Hippowdon|82/100|[from] item: Leftovers
|upkeep
|turn|9
|
|t:|1776040202
|move|p1a: Krookodile|Earthquake|p2a: Hippowdon
|-damage|p2a: Hippowdon|56/100
|move|p2a: Hippowdon|Slack Off|p2a: Hippowdon
|-heal|p2a: Hippowdon|100/100
|
|upkeep
|turn|10
|
|t:|1776040209
|move|p1a: Krookodile|Earthquake|p2a: Hippowdon
|-damage|p2a: Hippowdon|77/100
|move|p2a: Hippowdon|Body Press|p1a: Krookodile
|-supereffective|p1a: Krookodile
|-damage|p1a: Krookodile|16/100
|
|-heal|p2a: Hippowdon|83/100|[from] item: Leftovers
|upkeep
|turn|11
|
|t:|1776040219
|switch|p1a: Swampert|Swampert, F, shiny|100/100
|-damage|p1a: Swampert|88/100|[from] Spikes
|move|p2a: Hippowdon|Earthquake|p1a: Swampert
|-damage|p1a: Swampert|50/100
|
|-heal|p2a: Hippowdon|89/100|[from] item: Leftovers
|upkeep
|turn|12
|
|t:|1776040229
|move|p1a: Swampert|Ice Punch|p2a: Hippowdon
|-supereffective|p2a: Hippowdon
|-crit|p2a: Hippowdon
|-damage|p2a: Hippowdon|52/100
|move|p2a: Hippowdon|Whirlwind|p1a: Swampert
|drag|p1a: Krookodile|Krookodile, M|16/100
|-damage|p1a: Krookodile|4/100|[from] Spikes
|
|-heal|p2a: Hippowdon|59/100|[from] item: Leftovers
|upkeep
|turn|13
|-message|Artist70 forfeited.
|
|win|pavelight
|raw|Artist70's rating: 1215 &rarr; <strong>1189</strong><br />(-26 for losing)
|raw|pavelight's rating: 1199 &rarr; <strong>1225</strong><br />(+26 for winning)
|l|☆Artist70
|player|p1|
