|html|<div class="broadcast-blue"><strong>[Gen 9] OU is currently suspecting Tera Blast! For information on how to participate check out the <a href="https://www.smogon.com/tools/suspects/view/200">suspect thread</a>.</strong></div>
|j|☆la5495
|j|☆delllllll
|t:|1776050253
|gametype|singles
|player|p1|la5495|ghetsis|1286
|player|p2|delllllll|lance|1245
|gen|9
|tier|[Gen 9] OU
|rated|
|rule|HP Percentage Mod: HP is shown in percentages
|rule|Endless Battle Clause: Forcing endless battles is banned
|rule|Species Clause: Limit one of each Pokémon
|rule|OHKO Clause: OHKO moves are banned
|rule|Evasion Items Clause: Evasion items are banned
|rule|Evasion Moves Clause: Evasion moves are banned
|rule|Evasion Abilities Clause: Evasion abilities are banned
|rule|Sleep Moves Clause: Sleep-inducing moves are banned
|clearpoke
|poke|p1|Cobalion|
|poke|p1|Enamorus, F|
|poke|p1|Pecharunt|
|poke|p1|Tyranitar, M|
|poke|p1|Minior-Violet|
|poke|p1|Excadrill, M|
|poke|p2|Great Tusk|
|poke|p2|Ting-Lu|
|poke|p2|Dragapult, F|
|poke|p2|Heatran, M|
|poke|p2|Ogerpon-Wellspring, F|
|poke|p2|Gholdengo|
|teampreview
|inactive|Battle timer is ON: inactive players will automatically lose when time's up. (requested by la5495)
|
|t:|1776050274
|teamsize|p1|6
|teamsize|p2|6
|start
|switch|p1a: Enamorus|Enamorus, F|100/100
|switch|p2a: Dragapult|Dragapult, F|100/100
|turn|1
|inactive|la5495 has 120 seconds left.
|
|t:|1776050308
|move|p2a: Dragapult|U-turn|p1a: Enamorus
|-resisted|p1a: Enamorus
|-damage|p1a: Enamorus|94/100
|
|t:|1776050319
|switch|p2a: Heatran|Heatran, M|100/100|[from] U-turn
|-item|p2a: Heatran|Air Balloon
|move|p1a: Enamorus|Mystical Fire|p2a: Heatran
|-start|p2a: Heatran|ability: Flash Fire
|
|upkeep
|turn|2
|
|t:|1776050334
|switch|p1a: Tyranitar|Tyranitar, M|100/100
|-weather|Sandstorm|[from] ability: Sand Stream|[of] p1a: Tyranitar
|move|p2a: Heatran|Stealth Rock|p1a: Tyranitar
|-sidestart|p1: la5495|move: Stealth Rock
|
|-weather|Sandstorm|[upkeep]
|upkeep
|turn|3
|
|t:|1776050349
|move|p2a: Heatran|Earth Power|p1a: Tyranitar
|-supereffective|p1a: Tyranitar
|-crit|p1a: Tyranitar
|-damage|p1a: Tyranitar|68/100
|-unboost|p1a: Tyranitar|spd|1
|move|p1a: Tyranitar|Stealth Rock|p2a: Heatran
|-sidestart|p2: delllllll|move: Stealth Rock
|
|-weather|Sandstorm|[upkeep]
|upkeep
|turn|4
|
|t:|1776050363
|move|p2a: Heatran|Earth Power|p1a: Tyranitar
|-supereffective|p1a: Tyranitar
|-damage|p1a: Tyranitar|37/100
|move|p1a: Tyranitar|Knock Off|p2a: Heatran
|-damage|p2a: Heatran|62/100
|-enditem|p2a: Heatran|Air Balloon
|
|-weather|Sandstorm|[upkeep]
|upkeep
|turn|5
|
|t:|1776050387
|-end|p2a: Heatran|ability: Flash Fire|[silent]
|switch|p2a: Ting-Lu|Ting-Lu|100/100
|-damage|p2a: Ting-Lu|94/100|[from] Stealth Rock
|-ability|p2a: Ting-Lu|Vessel of Ruin
|switch|p1a: 紫色有韵味|Minior-Violet|100/100
|-damage|p1a: 紫色有韵味|76/100|[from] Stealth Rock
|-formechange|p1a: 紫色有韵味|Minior-Meteor||[from] ability: Shields Down
|
|-weather|Sandstorm|[upkeep]
|-heal|p2a: Ting-Lu|100/100|[from] item: Leftovers
|upkeep
|turn|6
|inactive|delllllll has 120 seconds left.
|
|t:|1776050408
|switch|p1a: Excadrill|Excadrill, M|100/100
|-damage|p1a: Excadrill|97/100|[from] Stealth Rock
|-item|p1a: Excadrill|Air Balloon
|switch|p2a: Dragapult|Dragapult, F|100/100
|-damage|p2a: Dragapult|88/100|[from] Stealth Rock
|
|-weather|Sandstorm|[upkeep]
|-damage|p2a: Dragapult|82/100|[from] Sandstorm
|upkeep
|turn|7
|inactive|delllllll has 120 seconds left.
|
|t:|1776050425
|move|p1a: Excadrill|Earthquake|p2a: Dragapult
|-damage|p2a: Dragapult|10/100
|move|p2a: Dragapult|Flamethrower|p1a: Excadrill
|-supereffective|p1a: Excadrill
|-damage|p1a: Excadrill|0 fnt
|-enditem|p1a: Excadrill|Air Balloon
|faint|p1a: Excadrill
|
|-weather|Sandstorm|[upkeep]
|-damage|p2a: Dragapult|4/100|[from] Sandstorm
|upkeep
|inactive|la5495 has 120 seconds left.
|
|t:|1776050448
|switch|p1a: 紫色有韵味|Minior-Violet|76/100
|-damage|p1a: 紫色有韵味|51/100|[from] Stealth Rock
|-formechange|p1a: 紫色有韵味|Minior-Meteor||[from] ability: Shields Down
|turn|8
|inactive|delllllll has 120 seconds left.
|
|t:|1776050457
|switch|p1a: Enamorus|Enamorus, F|94/100
|-damage|p1a: Enamorus|69/100|[from] Stealth Rock
|move|p2a: Dragapult|Flamethrower|p1a: Enamorus
|-damage|p1a: Enamorus|33/100
|
|-weather|Sandstorm|[upkeep]
|-damage|p2a: Dragapult|0 fnt|[from] Sandstorm
|-damage|p1a: Enamorus|26/100|[from] Sandstorm
|faint|p2a: Dragapult
|upkeep
|inactive|delllllll has 120 seconds left.
|
|t:|1776050476
|switch|p2a: Ogerpon|Ogerpon-Wellspring, F|100/100
|-damage|p2a: Ogerpon|88/100|[from] Stealth Rock
|turn|9
|
|t:|1776050483
|move|p2a: Ogerpon|Ivy Cudgel|p1a: Enamorus|[anim] Ivy Cudgel Water
|-damage|p1a: Enamorus|0 fnt
|faint|p1a: Enamorus
|
|-weather|none
|upkeep
|
|t:|1776050486
|switch|p1a: Tyranitar|Tyranitar, M|37/100
|-damage|p1a: Tyranitar|24/100|[from] Stealth Rock
|-weather|Sandstorm|[from] ability: Sand Stream|[of] p1a: Tyranitar
|turn|10
|inactive|delllllll has 120 seconds left.
|
|t:|1776050497
|switch|p1a: Pecharunt|Pecharunt|100/100
|-damage|p1a: Pecharunt|88/100|[from] Stealth Rock
|move|p2a: Ogerpon|Ivy Cudgel|p1a: Pecharunt|[anim] Ivy Cudgel Water
|-damage|p1a: Pecharunt|60/100
|
|-weather|Sandstorm|[upkeep]
|-damage|p2a: Ogerpon|82/100|[from] Sandstorm
|-damage|p1a: Pecharunt|54/100|[from] Sandstorm
|upkeep
|turn|11
|inactive|delllllll has 120 seconds left.
|
|t:|1776050514
|switch|p2a: Ting-Lu|Ting-Lu|100/100
|-damage|p2a: Ting-Lu|94/100|[from] Stealth Rock
|-ability|p2a: Ting-Lu|Vessel of Ruin
|move|p1a: Pecharunt|Recover|p1a: Pecharunt
|-heal|p1a: Pecharunt|100/100
|
|-weather|Sandstorm|[upkeep]
|-damage|p1a: Pecharunt|94/100|[from] Sandstorm
|-heal|p2a: Ting-Lu|100/100|[from] item: Leftovers
|upkeep
|turn|12
|inactive|delllllll has 120 seconds left.
|
|t:|1776050527
|move|p1a: Pecharunt|Parting Shot|p2a: Ting-Lu
|-unboost|p2a: Ting-Lu|atk|1
|-unboost|p2a: Ting-Lu|spa|1
|
|t:|1776050530
|switch|p1a: 紫色有韵味|Minior-Violet|51/100|[from] Parting Shot
|-damage|p1a: 紫色有韵味|26/100|[from] Stealth Rock
|move|p2a: Ting-Lu|Spikes|p1a: 紫色有韵味
|-sidestart|p1: la5495|Spikes
|
|-weather|Sandstorm|[upkeep]
|upkeep
|turn|13
|
|t:|1776050539
|switch|p2a: Gholdengo|Gholdengo|100/100
|-damage|p2a: Gholdengo|94/100|[from] Stealth Rock
|move|p1a: 紫色有韵味|Shell Smash|p1a: 紫色有韵味
|-unboost|p1a: 紫色有韵味|def|1
|-unboost|p1a: 紫色有韵味|spd|1
|-boost|p1a: 紫色有韵味|atk|2
|-boost|p1a: 紫色有韵味|spa|2
|-boost|p1a: 紫色有韵味|spe|2
|-enditem|p1a: 紫色有韵味|White Herb
|-clearnegativeboost|p1a: 紫色有韵味|[silent]
|
|-weather|Sandstorm|[upkeep]
|-heal|p2a: Gholdengo|100/100|[from] item: Leftovers
|upkeep
|turn|14
|
|t:|1776050553
|move|p1a: 紫色有韵味|Earth Power|p2a: Gholdengo
|-supereffective|p2a: Gholdengo
|-damage|p2a: Gholdengo|0 fnt
|faint|p2a: Gholdengo
|
|-weather|Sandstorm|[upkeep]
|upkeep
|inactive|delllllll has 120 seconds left.
|
|t:|1776050574
|switch|p2a: Ting-Lu|Ting-Lu|100/100
|-damage|p2a: Ting-Lu|94/100|[from] Stealth Rock
|-ability|p2a: Ting-Lu|Vessel of Ruin
|turn|15
|
|t:|1776050583
|-terastallize|p1a: 紫色有韵味|Fairy
|move|p1a: 紫色有韵味|Dazzling Gleam|p2a: Ting-Lu
|-supereffective|p2a: Ting-Lu
|-damage|p2a: Ting-Lu|27/100
|move|p2a: Ting-Lu|Whirlwind|p1a: 紫色有韵味
|drag|p1a: Pecharunt|Pecharunt|94/100
|-damage|p1a: Pecharunt|82/100|[from] Stealth Rock
|-damage|p1a: Pecharunt|70/100|[from] Spikes
|
|-weather|Sandstorm|[upkeep]
|-damage|p1a: Pecharunt|64/100|[from] Sandstorm
|-heal|p2a: Ting-Lu|33/100|[from] item: Leftovers
|upkeep
|turn|16
|inactive|delllllll has 120 seconds left.
|
|t:|1776050599
|move|p1a: Pecharunt|Parting Shot|p2a: Ting-Lu
|-unboost|p2a: Ting-Lu|atk|1
|-unboost|p2a: Ting-Lu|spa|1
|
|t:|1776050602
|switch|p1a: 紫色有韵味|Minior-Violet, tera:Fairy|26/100|[from] Parting Shot
|-damage|p1a: 紫色有韵味|14/100|[from] Stealth Rock
|-damage|p1a: 紫色有韵味|2/100|[from] Spikes
|move|p2a: Ting-Lu|Earthquake|p1a: 紫色有韵味
|-damage|p1a: 紫色有韵味|0 fnt
|faint|p1a: 紫色有韵味
|
|-weather|Sandstorm|[upkeep]
|-heal|p2a: Ting-Lu|39/100|[from] item: Leftovers
|upkeep
|
|t:|1776050623
|switch|p1a: Cobalion|Cobalion|100/100
|-damage|p1a: Cobalion|97/100|[from] Stealth Rock
|-damage|p1a: Cobalion|85/100|[from] Spikes
|turn|17
|inactive|delllllll has 120 seconds left.
|
|t:|1776050637
|move|p1a: Cobalion|Body Press|p2a: Ting-Lu
|-supereffective|p2a: Ting-Lu
|-damage|p2a: Ting-Lu|0 fnt
|faint|p2a: Ting-Lu
|
|-weather|none
|-heal|p1a: Cobalion|91/100|[from] item: Leftovers
|upkeep
|inactive|delllllll has 120 seconds left.
|
|t:|1776050652
|switch|p2a: Great Tusk|Great Tusk|100/100
|-damage|p2a: Great Tusk|98/100|[from] Stealth Rock
|-enditem|p2a: Great Tusk|Booster Energy
|-activate|p2a: Great Tusk|ability: Protosynthesis|[fromitem]
|-start|p2a: Great Tusk|protosynthesisatk
|turn|18
|inactive|delllllll has 120 seconds left.
|
|t:|1776050668
|switch|p1a: Tyranitar|Tyranitar, M|24/100
|-damage|p1a: Tyranitar|12/100|[from] Stealth Rock
|-damage|p1a: Tyranitar|0 fnt|[from] Spikes
|faint|p1a: Tyranitar
|move|p2a: Great Tusk|Headlong Rush|p1: Tyranitar|[notarget]
|-fail|p2a: Great Tusk
|
|upkeep
|
|t:|1776050673
|switch|p1a: Pecharunt|Pecharunt|64/100
|-damage|p1a: Pecharunt|51/100|[from] Stealth Rock
|-damage|p1a: Pecharunt|39/100|[from] Spikes
|turn|19
|
|t:|1776050681
|move|p2a: Great Tusk|Headlong Rush|p1a: Pecharunt
|-supereffective|p1a: Pecharunt
|-damage|p1a: Pecharunt|0 fnt
|-unboost|p2a: Great Tusk|def|1
|-unboost|p2a: Great Tusk|spd|1
|-damage|p2a: Great Tusk|81/100|[from] item: Rocky Helmet|[of] p1a: Pecharunt
|faint|p1a: Pecharunt
|
|upkeep
|
|t:|1776050684
|switch|p1a: Cobalion|Cobalion|91/100
|-damage|p1a: Cobalion|88/100|[from] Stealth Rock
|-damage|p1a: Cobalion|76/100|[from] Spikes
|turn|20
|
|t:|1776050693
|move|p2a: Great Tusk|Headlong Rush|p1a: Cobalion
|-supereffective|p1a: Cobalion
|-damage|p1a: Cobalion|0 fnt
|-unboost|p2a: Great Tusk|def|1
|-unboost|p2a: Great Tusk|spd|1
|faint|p1a: Cobalion
|
|win|delllllll
|raw|la5495's rating: 1286 &rarr; <strong>1258</strong><br />(-28 for losing)
|raw|delllllll's rating: 1245 &rarr; <strong>1273</strong><br />(+28 for winning)
|l|☆la5495
|player|p1|
|l|☆delllllll
|player|p2|
