|html|<div class="broadcast-blue"><strong>[Gen 9] OU is currently suspecting Tera Blast! For information on how to participate check out the <a href="https://www.smogon.com/tools/suspects/view/200">suspect thread</a>.</strong></div>
|j|☆Dripple3000
|j|☆blisseyisbroken
|t:|1776039597
|gametype|singles
|player|p1|Dripple3000|ingo|1554
|player|p2|blisseyisbroken|#uwcivbrazil|1619
|gen|9
|tier|[Gen 9] OU
|rated|
|rule|HP Percentage Mod: HP is shown in percentages
|rule|Endless Battle Clause: Forcing endless battles is banned
|rule|Species Clause: Limit one of each Pokémon
|rule|OHKO Clause: OHKO moves are banned
|rule|Evasion Items Clause: Evasion items are banned
|rule|Evasion Moves Clause: Evasion moves are banned
|rule|Evasion Abilities Clause: Evasion abilities are banned
|rule|Sleep Moves Clause: Sleep-inducing moves are banned
|clearpoke
|poke|p1|Pelipper, M|
|poke|p1|Barraskewda, M|
|poke|p1|Iron Treads|
|poke|p1|Overqwil, M|
|poke|p1|Raging Bolt|
|poke|p1|Kingambit, F|
|poke|p2|Dragonite, F|
|poke|p2|Raging Bolt|
|poke|p2|Glimmora, F|
|poke|p2|Ting-Lu|
|poke|p2|Gholdengo|
|poke|p2|Zamazenta-*|
|teampreview
|inactive|Battle timer is ON: inactive players will automatically lose when time's up. (requested by Dripple3000)
|
|t:|1776039614
|teamsize|p1|6
|teamsize|p2|6
|start
|switch|p1a: Nigel|Pelipper, M, shiny|100/100
|switch|p2a: Glimmora|Glimmora, F|100/100
|-weather|RainDance|[from] ability: Drizzle|[of] p1a: Nigel
|turn|1
|inactive|Dripple3000 has 120 seconds left.
|
|t:|1776039650
|move|p2a: Glimmora|Stealth Rock|p1a: Nigel
|-sidestart|p1: Dripple3000|move: Stealth Rock
|move|p1a: Nigel|Weather Ball|p2a: Glimmora
|-supereffective|p2a: Glimmora
|-damage|p2a: Glimmora|0 fnt
|faint|p2a: Glimmora
|
|-weather|RainDance|[upkeep]
|upkeep
|
|t:|1776039662
|switch|p2a: Dragonite|Dragonite, F|100/100
|turn|2
|
|t:|1776039670
|move|p2a: Dragonite|Dragon Dance|p2a: Dragonite
|-boost|p2a: Dragonite|atk|1
|-boost|p2a: Dragonite|spe|1
|move|p1a: Nigel|Hurricane|p2a: Dragonite
|-damage|p2a: Dragonite|81/100
|
|-weather|RainDance|[upkeep]
|upkeep
|turn|3
|
|t:|1776039677
|move|p2a: Dragonite|Dragon Dance|p2a: Dragonite
|-boost|p2a: Dragonite|atk|1
|-boost|p2a: Dragonite|spe|1
|move|p1a: Nigel|U-turn|p2a: Dragonite
|-resisted|p2a: Dragonite
|-damage|p2a: Dragonite|76/100
|
|t:|1776039689
|switch|p1a: Ghoti|Barraskewda, M|100/100|[from] U-turn
|-damage|p1a: Ghoti|88/100|[from] Stealth Rock
|
|-weather|RainDance|[upkeep]
|upkeep
|turn|4
|
|t:|1776039694
|-terastallize|p1a: Ghoti|Water
|move|p2a: Dragonite|Extreme Speed|p1a: Ghoti
|-damage|p1a: Ghoti|0 fnt
|faint|p1a: Ghoti
|
|-weather|RainDance|[upkeep]
|upkeep
|
|t:|1776039706
|switch|p1a: Nelly|Iron Treads|100/100
|-damage|p1a: Nelly|97/100|[from] Stealth Rock
|-enditem|p1a: Nelly|Booster Energy
|-activate|p1a: Nelly|ability: Quark Drive|[fromitem]
|-start|p1a: Nelly|quarkdrivespe
|turn|5
|
|t:|1776039715
|-terastallize|p2a: Dragonite|Normal
|move|p2a: Dragonite|Dragon Dance|p2a: Dragonite
|-boost|p2a: Dragonite|atk|1
|-boost|p2a: Dragonite|spe|1
|move|p1a: Nelly|Steel Beam|p2a: Dragonite
|-damage|p2a: Dragonite|23/100
|-damage|p1a: Nelly|47/100|[from] steelbeam
|
|-weather|RainDance|[upkeep]
|upkeep
|turn|6
|
|t:|1776039723
|move|p2a: Dragonite|Roost|p2a: Dragonite
|-heal|p2a: Dragonite|73/100
|move|p1a: Nelly|Steel Beam|p2a: Dragonite
|-damage|p2a: Dragonite|18/100
|-damage|p1a: Nelly|0 fnt|[from] steelbeam
|faint|p1a: Nelly
|-end|p1a: Nelly|Quark Drive|[silent]
|
|-weather|RainDance|[upkeep]
|upkeep
|
|t:|1776039733
|switch|p1a: Little Foot|Raging Bolt|100/100
|-damage|p1a: Little Foot|88/100|[from] Stealth Rock
|-enditem|p1a: Little Foot|Booster Energy
|-activate|p1a: Little Foot|ability: Protosynthesis|[fromitem]
|-start|p1a: Little Foot|protosynthesisspa
|turn|7
|
|t:|1776039739
|move|p2a: Dragonite|Extreme Speed|p1a: Little Foot
|-damage|p1a: Little Foot|0 fnt
|faint|p1a: Little Foot
|-end|p1a: Little Foot|Protosynthesis|[silent]
|
|-weather|RainDance|[upkeep]
|upkeep
|
|t:|1776039748
|switch|p1a: Nobunaga|Kingambit, F, shiny|100/100
|-damage|p1a: Nobunaga|94/100|[from] Stealth Rock
|-activate|p1a: Nobunaga|ability: Supreme Overlord
|-start|p1a: Nobunaga|fallen3|[silent]
|turn|8
|
|t:|1776039753
|move|p1a: Nobunaga|Sucker Punch||[still]
|-fail|p1a: Nobunaga
|move|p2a: Dragonite|Roost|p2a: Dragonite
|-heal|p2a: Dragonite|68/100
|
|-weather|none
|-heal|p1a: Nobunaga|100/100|[from] item: Leftovers
|upkeep
|turn|9
|
|t:|1776039757
|move|p2a: Dragonite|Earthquake|p1a: Nobunaga
|-supereffective|p1a: Nobunaga
|-crit|p1a: Nobunaga
|-damage|p1a: Nobunaga|0 fnt
|faint|p1a: Nobunaga
|-end|p1a: Nobunaga|fallen3|[silent]
|
|upkeep
|
|t:|1776039763
|switch|p1a: Nigel|Pelipper, M, shiny|100/100
|-damage|p1a: Nigel|76/100|[from] Stealth Rock
|-weather|RainDance|[from] ability: Drizzle|[of] p1a: Nigel
|turn|10
|
|t:|1776039765
|move|p2a: Dragonite|Extreme Speed|p1a: Nigel
|-crit|p1a: Nigel
|-damage|p1a: Nigel|0 fnt
|faint|p1a: Nigel
|
|-weather|RainDance|[upkeep]
|upkeep
|
|t:|1776039768
|switch|p1a: Kinta|Overqwil, M|100/100
|-damage|p1a: Kinta|88/100|[from] Stealth Rock
|turn|11
|
|t:|1776039771
|move|p2a: Dragonite|Extreme Speed|p1a: Kinta
|-crit|p1a: Kinta
|-damage|p1a: Kinta|0 fnt
|faint|p1a: Kinta
|
|win|blisseyisbroken
|raw|Dripple3000's rating: 1554 &rarr; <strong>1538</strong><br />(-16 for losing)
|raw|blisseyisbroken's rating: 1619 &rarr; <strong>1635</strong><br />(+16 for winning)
|l|☆blisseyisbroken
|player|p2|
|l|☆Dripple3000
|player|p1|
