|html|<div class="broadcast-blue"><strong>[Gen 9] OU is currently suspecting Tera Blast! For information on how to participate check out the <a href="https://www.smogon.com/tools/suspects/view/200">suspect thread</a>.</strong></div>
|j|☆pixel_dragon9
|j|☆germanybro
|t:|1776326979
|gametype|singles
|player|p1|pixel_dragon9|265|1302
|player|p2|germanybro|supernerd|1362
|gen|9
|tier|[Gen 9] OU
|rated|
|rule|HP Percentage Mod: HP is shown in percentages
|rule|Endless Battle Clause: Forcing endless battles is banned
|rule|Species Clause: Limit one of each Pokémon
|rule|OHKO Clause: OHKO moves are banned
|rule|Evasion Items Clause: Evasion items are banned
|rule|Evasion Moves Clause: Evasion moves are banned
|rule|Evasion Abilities Clause: Evasion abilities are banned
|rule|Sleep Moves Clause: Sleep-inducing moves are banned
|clearpoke
|poke|p1|Alomomola, M|
|poke|p1|Dondozo, F|
|poke|p1|Clodsire, M|
|poke|p1|Slowking-Galar, F|
|poke|p1|Clefable, M|
|poke|p1|Gliscor, M|
|poke|p2|Greninja-*, M|
|poke|p2|Rillaboom, F|
|poke|p2|Iron Valiant|
|poke|p2|Dragapult, M|
|poke|p2|Great Tusk|
|poke|p2|Tornadus-Therian, M|
|teampreview
|inactive|Battle timer is ON: inactive players will automatically lose when time's up. (requested by pixel_dragon9)
|
|t:|1776326993
|teamsize|p1|6
|teamsize|p2|6
|start
|switch|p1a: Gliscor|Gliscor, M|100/100
|switch|p2a: Rillaboom|Rillaboom, F|100/100
|-fieldstart|move: Grassy Terrain|[from] ability: Grassy Surge|[of] p2a: Rillaboom
|turn|1
|
|t:|1776326996
|move|p1a: Gliscor|Protect|p1a: Gliscor
|-singleturn|p1a: Gliscor|Protect
|move|p2a: Rillaboom|Knock Off|p1a: Gliscor
|-activate|p1a: Gliscor|move: Protect
|
|-status|p1a: Gliscor|tox|[from] item: Toxic Orb
|upkeep
|turn|2
|
|t:|1776327002
|move|p2a: Rillaboom|Knock Off|p1a: Gliscor
|-damage|p1a: Gliscor|79/100 tox
|-enditem|p1a: Gliscor|Toxic Orb|[from] move: Knock Off|[of] p2a: Rillaboom
|move|p1a: Gliscor|Toxic|p2a: Rillaboom
|-status|p2a: Rillaboom|tox
|
|-damage|p2a: Rillaboom|94/100 tox|[from] psn
|-heal|p1a: Gliscor|91/100 tox|[from] ability: Poison Heal
|upkeep
|turn|3
|
|t:|1776327010
|switch|p2a: Dragapult|Dragapult, M|100/100
|move|p1a: Gliscor|Spikes|p2a: Dragapult
|-sidestart|p2: germanybro|Spikes
|
|-heal|p1a: Gliscor|100/100 tox|[from] ability: Poison Heal
|upkeep
|turn|4
|
|t:|1776327015
|move|p1a: Gliscor|Protect|p1a: Gliscor
|-singleturn|p1a: Gliscor|Protect
|move|p2a: Dragapult|Hex|p1a: Gliscor
|-activate|p1a: Gliscor|move: Protect
|
|upkeep
|turn|5
|
|t:|1776327022
|switch|p1a: Clefable|Clefable, M|100/100
|move|p2a: Dragapult|Hex|p1a: Clefable
|-damage|p1a: Clefable|84/100
|
|-heal|p1a: Clefable|90/100|[from] Grassy Terrain
|-heal|p1a: Clefable|96/100|[from] item: Leftovers
|-fieldend|move: Grassy Terrain
|upkeep
|turn|6
|
|t:|1776327027
|move|p2a: Dragapult|U-turn|p1a: Clefable
|-resisted|p1a: Clefable
|-damage|p1a: Clefable|83/100
|
|t:|1776327031
|switch|p2a: Tornadus|Tornadus-Therian, M|100/100|[from] U-turn
|move|p1a: Clefable|Stealth Rock|p2a: Tornadus
|-sidestart|p2: germanybro|move: Stealth Rock
|
|-heal|p1a: Clefable|89/100|[from] item: Leftovers
|upkeep
|turn|7
|
|t:|1776327036
|move|p1a: Clefable|Protect|p1a: Clefable
|-singleturn|p1a: Clefable|Protect
|move|p2a: Tornadus|Bleakwind Storm|p1a: Clefable
|-activate|p1a: Clefable|move: Protect
|
|-heal|p1a: Clefable|95/100|[from] item: Leftovers
|upkeep
|turn|8
|
|t:|1776327042
|move|p2a: Tornadus|Bleakwind Storm|p1a: Clefable
|-damage|p1a: Clefable|65/100
|move|p1a: Clefable|Moonblast|p2a: Tornadus
|-damage|p2a: Tornadus|62/100
|
|-heal|p1a: Clefable|71/100|[from] item: Leftovers
|upkeep
|turn|9
|
|t:|1776327050
|move|p2a: Tornadus|U-turn|p1a: Clefable
|-resisted|p1a: Clefable
|-damage|p1a: Clefable|64/100
|
|t:|1776327056
|switch|p2a: Great Tusk|Great Tusk|100/100|[from] U-turn
|-damage|p2a: Great Tusk|88/100|[from] Spikes
|-damage|p2a: Great Tusk|85/100|[from] Stealth Rock
|move|p1a: Clefable|Wish|p1a: Clefable
|
|-heal|p2a: Great Tusk|91/100|[from] item: Leftovers
|-heal|p1a: Clefable|70/100|[from] item: Leftovers
|upkeep
|turn|10
|
|t:|1776327059
|move|p1a: Clefable|Protect|p1a: Clefable
|-singleturn|p1a: Clefable|Protect
|move|p2a: Great Tusk|Rapid Spin|p1a: Clefable
|-activate|p1a: Clefable|move: Protect
|
|-heal|p1a: Clefable|100/100|[from] move: Wish|[wisher] Clefable
|-heal|p2a: Great Tusk|98/100|[from] item: Leftovers
|upkeep
|turn|11
|
|t:|1776327064
|switch|p1a: Gliscor|Gliscor, M|100/100 tox
|move|p2a: Great Tusk|Rapid Spin|p1a: Gliscor
|-damage|p1a: Gliscor|88/100 tox
|-boost|p2a: Great Tusk|spe|1
|-sideend|p2: germanybro|Spikes|[from] move: Rapid Spin|[of] p2a: Great Tusk
|-sideend|p2: germanybro|Stealth Rock|[from] move: Rapid Spin|[of] p2a: Great Tusk
|
|-heal|p2a: Great Tusk|100/100|[from] item: Leftovers
|-heal|p1a: Gliscor|100/100 tox|[from] ability: Poison Heal
|upkeep
|turn|12
|
|t:|1776327072
|move|p2a: Great Tusk|Stealth Rock|p1a: Gliscor
|-sidestart|p1: pixel_dragon9|move: Stealth Rock
|move|p1a: Gliscor|Toxic|p2a: Great Tusk
|-status|p2a: Great Tusk|tox
|
|-damage|p2a: Great Tusk|94/100 tox|[from] psn
|upkeep
|turn|13
|
|t:|1776327078
|-end|p2a: Great Tusk|Protosynthesis|[silent]
|switch|p2a: Rillaboom|Rillaboom, F|94/100 tox
|-fieldstart|move: Grassy Terrain|[from] ability: Grassy Surge|[of] p2a: Rillaboom
|move|p1a: Gliscor|Protect||[still]
|-fail|p1a: Gliscor
|
|-heal|p2a: Rillaboom|100/100 tox|[from] Grassy Terrain
|-damage|p2a: Rillaboom|94/100 tox|[from] psn
|upkeep
|turn|14
|
|t:|1776327088
|switch|p2a: Iron Valiant|Iron Valiant|100/100
|-enditem|p2a: Iron Valiant|Booster Energy
|-activate|p2a: Iron Valiant|ability: Quark Drive|[fromitem]
|-start|p2a: Iron Valiant|quarkdrivespe
|move|p1a: Gliscor|Spikes|p2a: Iron Valiant
|-sidestart|p2: germanybro|Spikes
|
|upkeep
|turn|15
|
|t:|1776327096
|switch|p1a: Clodsire|Clodsire, M|100/100
|move|p2a: Iron Valiant|Moonblast|p1a: Clodsire
|-resisted|p1a: Clodsire
|-damage|p1a: Clodsire|87/100
|
|-heal|p1a: Clodsire|93/100|[from] Grassy Terrain
|upkeep
|turn|16
|
|t:|1776327103
|move|p1a: Clodsire|Protect|p1a: Clodsire
|-singleturn|p1a: Clodsire|Protect
|move|p2a: Iron Valiant|Moonblast|p1a: Clodsire
|-activate|p1a: Clodsire|move: Protect
|
|-heal|p1a: Clodsire|99/100|[from] Grassy Terrain
|upkeep
|turn|17
|
|t:|1776327107
|move|p2a: Iron Valiant|Moonblast|p1a: Clodsire
|-resisted|p1a: Clodsire
|-damage|p1a: Clodsire|87/100
|move|p1a: Clodsire|Toxic Spikes|p2a: Iron Valiant
|-sidestart|p2: germanybro|move: Toxic Spikes
|
|-heal|p1a: Clodsire|93/100|[from] Grassy Terrain
|-fieldend|move: Grassy Terrain
|upkeep
|turn|18
|
|t:|1776327111
|move|p2a: Iron Valiant|Moonblast|p1a: Clodsire
|-resisted|p1a: Clodsire
|-damage|p1a: Clodsire|81/100
|move|p1a: Clodsire|Toxic Spikes|p2a: Iron Valiant
|-sidestart|p2: germanybro|move: Toxic Spikes
|
|upkeep
|turn|19
|
|t:|1776327114
|move|p2a: Iron Valiant|Moonblast|p1a: Clodsire
|-resisted|p1a: Clodsire
|-damage|p1a: Clodsire|67/100
|-unboost|p1a: Clodsire|spa|1
|move|p1a: Clodsire|Earthquake|p2a: Iron Valiant
|-damage|p2a: Iron Valiant|62/100
|
|upkeep
|turn|20
|
|t:|1776327118
|move|p2a: Iron Valiant|Moonblast|p1a: Clodsire
|-resisted|p1a: Clodsire
|-damage|p1a: Clodsire|55/100
|move|p1a: Clodsire|Recover|p1a: Clodsire
|-heal|p1a: Clodsire|100/100
|
|upkeep
|turn|21
|
|t:|1776327120
|move|p2a: Iron Valiant|Moonblast|p1a: Clodsire
|-resisted|p1a: Clodsire
|-damage|p1a: Clodsire|89/100
|move|p1a: Clodsire|Earthquake|p2a: Iron Valiant
|-damage|p2a: Iron Valiant|28/100
|
|upkeep
|turn|22
|
|t:|1776327125
|move|p2a: Iron Valiant|Destiny Bond|p2a: Iron Valiant
|-singlemove|p2a: Iron Valiant|Destiny Bond
|move|p1a: Clodsire|Earthquake|p2a: Iron Valiant
|-damage|p2a: Iron Valiant|0 fnt
|faint|p2a: Iron Valiant
|-activate|p2a: Iron Valiant|move: Destiny Bond
|-end|p2a: Iron Valiant|Quark Drive|[silent]
|faint|p1a: Clodsire
|
|upkeep
|
|t:|1776327131
|switch|p2a: Great Tusk|Great Tusk|94/100 tox
|switch|p1a: Gliscor|Gliscor, M|100/100 tox
|-damage|p2a: Great Tusk|82/100 tox|[from] Spikes
|-damage|p1a: Gliscor|88/100 tox|[from] Stealth Rock
|turn|23
|
|t:|1776327135
|move|p1a: Gliscor|Protect|p1a: Gliscor
|-singleturn|p1a: Gliscor|Protect
|move|p2a: Great Tusk|Rapid Spin|p1a: Gliscor
|-activate|p1a: Gliscor|move: Protect
|
|-heal|p2a: Great Tusk|88/100 tox|[from] item: Leftovers
|-damage|p2a: Great Tusk|82/100 tox|[from] psn
|-heal|p1a: Gliscor|100/100 tox|[from] ability: Poison Heal
|upkeep
|turn|24
|
|t:|1776327139
|switch|p1a: Alomomola|Alomomola, M|100/100
|move|p2a: Great Tusk|Rapid Spin|p1a: Alomomola
|-damage|p1a: Alomomola|91/100
|-boost|p2a: Great Tusk|spe|1
|-sideend|p2: germanybro|Spikes|[from] move: Rapid Spin|[of] p2a: Great Tusk
|-sideend|p2: germanybro|Toxic Spikes|[from] move: Rapid Spin|[of] p2a: Great Tusk
|
|-heal|p2a: Great Tusk|88/100 tox|[from] item: Leftovers
|-damage|p2a: Great Tusk|76/100 tox|[from] psn
|upkeep
|turn|25
|
|t:|1776327146
|-end|p2a: Great Tusk|Protosynthesis|[silent]
|switch|p2a: Rillaboom|Rillaboom, F|94/100 tox
|-fieldstart|move: Grassy Terrain|[from] ability: Grassy Surge|[of] p2a: Rillaboom
|move|p1a: Alomomola|Flip Turn|p2a: Rillaboom
|-resisted|p2a: Rillaboom
|-damage|p2a: Rillaboom|87/100 tox
|
|t:|1776327150
|switch|p1a: Gliscor|Gliscor, M|100/100 tox|[from] Flip Turn
|-damage|p1a: Gliscor|88/100 tox|[from] Stealth Rock
|
|-heal|p2a: Rillaboom|93/100 tox|[from] Grassy Terrain
|-damage|p2a: Rillaboom|87/100 tox|[from] psn
|-heal|p1a: Gliscor|100/100 tox|[from] ability: Poison Heal
|upkeep
|turn|26
|
|t:|1776327161
|move|p2a: Rillaboom|U-turn|p1a: Gliscor
|-resisted|p1a: Gliscor
|-damage|p1a: Gliscor|93/100 tox
|
|t:|1776327166
|switch|p2a: Tornadus|Tornadus-Therian, M|95/100|[from] U-turn
|move|p1a: Gliscor|Spikes|p2a: Tornadus
|-sidestart|p2: germanybro|Spikes
|
|-heal|p1a: Gliscor|100/100 tox|[from] ability: Poison Heal
|upkeep
|turn|27
|
|t:|1776327172
|move|p2a: Tornadus|Bleakwind Storm|p1a: Gliscor
|-damage|p1a: Gliscor|41/100 tox
|-unboost|p1a: Gliscor|spe|1
|move|p1a: Gliscor|Toxic|p2a: Tornadus
|-status|p2a: Tornadus|tox
|
|-damage|p2a: Tornadus|89/100 tox|[from] psn
|-heal|p1a: Gliscor|53/100 tox|[from] ability: Poison Heal
|upkeep
|turn|28
|
|t:|1776327178
|move|p1a: Gliscor|Protect|p1a: Gliscor
|-singleturn|p1a: Gliscor|Protect
|move|p2a: Tornadus|Bleakwind Storm|p1a: Gliscor
|-activate|p1a: Gliscor|move: Protect
|
|-damage|p2a: Tornadus|77/100 tox|[from] psn
|-heal|p1a: Gliscor|66/100 tox|[from] ability: Poison Heal
|upkeep
|turn|29
|
|t:|1776327182
|switch|p1a: Clefable|Clefable, M|100/100
|move|p2a: Tornadus|Bleakwind Storm|p1a: Clefable
|-damage|p1a: Clefable|67/100
|
|-heal|p1a: Clefable|73/100|[from] Grassy Terrain
|-heal|p1a: Clefable|79/100|[from] item: Leftovers
|-damage|p2a: Tornadus|59/100 tox|[from] psn
|-fieldend|move: Grassy Terrain
|upkeep
|turn|30
|
|t:|1776327187
|move|p2a: Tornadus|U-turn|p1a: Clefable
|-resisted|p1a: Clefable
|-damage|p1a: Clefable|71/100
|
|t:|1776327204
|switch|p2a: Rillaboom|Rillaboom, F|87/100 tox|[from] U-turn
|-fieldstart|move: Grassy Terrain|[from] ability: Grassy Surge|[of] p2a: Rillaboom
|move|p1a: Clefable|Wish|p1a: Clefable
|
|-heal|p2a: Rillaboom|93/100 tox|[from] Grassy Terrain
|-heal|p1a: Clefable|77/100|[from] Grassy Terrain
|-heal|p1a: Clefable|83/100|[from] item: Leftovers
|-damage|p2a: Rillaboom|87/100 tox|[from] psn
|upkeep
|turn|31
|
|t:|1776327208
|switch|p1a: Gliscor|Gliscor, M|66/100 tox
|-damage|p1a: Gliscor|53/100 tox|[from] Stealth Rock
|move|p2a: Rillaboom|Knock Off|p1a: Gliscor
|-damage|p1a: Gliscor|40/100 tox
|
|-heal|p1a: Gliscor|95/100 tox|[from] move: Wish|[wisher] Clefable
|-heal|p2a: Rillaboom|93/100 tox|[from] Grassy Terrain
|-damage|p2a: Rillaboom|81/100 tox|[from] psn
|-heal|p1a: Gliscor|100/100 tox|[from] ability: Poison Heal
|upkeep
|turn|32
|
|t:|1776327216
|move|p2a: Rillaboom|U-turn|p1a: Gliscor
|-resisted|p1a: Gliscor
|-damage|p1a: Gliscor|93/100 tox
|
|t:|1776327218
|switch|p2a: Greninja|Greninja, M|100/100|[from] U-turn
|-damage|p2a: Greninja|88/100|[from] Spikes
|move|p1a: Gliscor|Knock Off|p2a: Greninja
|-resisted|p2a: Greninja
|-damage|p2a: Greninja|72/100
|-enditem|p2a: Greninja|Life Orb|[from] move: Knock Off|[of] p1a: Gliscor
|
|-heal|p2a: Greninja|78/100|[from] Grassy Terrain
|-heal|p1a: Gliscor|100/100 tox|[from] ability: Poison Heal
|upkeep
|turn|33
|
|t:|1776327224
|switch|p1a: Slowking|Slowking-Galar, F|100/100
|move|p2a: Greninja|Dark Pulse|p1a: Slowking
|-supereffective|p1a: Slowking
|-damage|p1a: Slowking|62/100
|
|-heal|p2a: Greninja|84/100|[from] Grassy Terrain
|-heal|p1a: Slowking|68/100|[from] Grassy Terrain
|upkeep
|turn|34
|
|t:|1776327232
|move|p2a: Greninja|Dark Pulse|p1a: Slowking
|-supereffective|p1a: Slowking
|-damage|p1a: Slowking|26/100
|move|p1a: Slowking|Toxic|p2a: Greninja
|-status|p2a: Greninja|tox
|
|-heal|p2a: Greninja|90/100 tox|[from] Grassy Terrain
|-heal|p1a: Slowking|32/100|[from] Grassy Terrain
|-damage|p2a: Greninja|84/100 tox|[from] psn
|-fieldend|move: Grassy Terrain
|upkeep
|turn|35
|
|t:|1776327238
|switch|p1a: Clefable|Clefable, M|83/100
|move|p2a: Greninja|Hydro Pump|p1a: Clefable
|-crit|p1a: Clefable
|-damage|p1a: Clefable|37/100
|
|-heal|p1a: Clefable|43/100|[from] item: Leftovers
|-damage|p2a: Greninja|72/100 tox|[from] psn
|upkeep
|turn|36
|-message|germanybro forfeited.
|
|win|pixel_dragon9
|raw|pixel_dragon9's rating: 1302 &rarr; <strong>1325</strong><br />(+23 for winning)
|raw|germanybro's rating: 1362 &rarr; <strong>1339</strong><br />(-23 for losing)
|l|☆germanybro
|player|p2|
