|html|<div class="broadcast-blue"><strong>[Gen 9] OU is currently suspecting Tera Blast! For information on how to participate check out the <a href="https://www.smogon.com/tools/suspects/view/200">suspect thread</a>.</strong></div>
|j|☆Smizzo
|j|☆HAZ696
|t:|1776033797
|gametype|singles
|player|p1|Smizzo|170|1138
|player|p2|HAZ696|swimmerf-gen4|1112
|gen|9
|tier|[Gen 9] OU
|rated|
|rule|HP Percentage Mod: HP is shown in percentages
|rule|Endless Battle Clause: Forcing endless battles is banned
|rule|Species Clause: Limit one of each Pokémon
|rule|OHKO Clause: OHKO moves are banned
|rule|Evasion Items Clause: Evasion items are banned
|rule|Evasion Moves Clause: Evasion moves are banned
|rule|Evasion Abilities Clause: Evasion abilities are banned
|rule|Sleep Moves Clause: Sleep-inducing moves are banned
|clearpoke
|poke|p1|Pawmot, M|
|poke|p1|Crawdaunt, M|
|poke|p1|Hatterene, F|
|poke|p1|Ceruledge, F|
|poke|p1|Lucario, M|
|poke|p1|Glimmora, M|
|poke|p2|Delphox, F|
|poke|p2|Salazzle, F|
|poke|p2|Vaporeon, F|
|poke|p2|Virizion|
|poke|p2|Meowscarada, F|
|poke|p2|Gardevoir, F|
|teampreview
|inactive|Battle timer is ON: inactive players will automatically lose when time's up. (requested by HAZ696)
|
|t:|1776033814
|teamsize|p1|6
|teamsize|p2|6
|start
|switch|p1a: Pawmot|Pawmot, M|100/100
|switch|p2a: Wife Material|Gardevoir, F|100/100
|-ability|p2a: Wife Material|Iron Fist|Trace|[from] ability: Trace|[of] p1a: Pawmot
|turn|1
|
|t:|1776033824
|move|p2a: Wife Material|Psychic|p1a: Pawmot
|-supereffective|p1a: Pawmot
|-damage|p1a: Pawmot|0 fnt
|faint|p1a: Pawmot
|
|upkeep
|
|t:|1776033830
|switch|p1a: Crawdaunt|Crawdaunt, M|100/100
|turn|2
|
|t:|1776033838
|switch|p2a: Uma musume|Virizion|100/100
|move|p1a: Crawdaunt|Dragon Dance|p1a: Crawdaunt
|-boost|p1a: Crawdaunt|atk|1
|-boost|p1a: Crawdaunt|spe|1
|
|upkeep
|turn|3
|
|t:|1776033853
|move|p1a: Crawdaunt|Crabhammer|p2a: Uma musume
|-resisted|p2a: Uma musume
|-damage|p2a: Uma musume|38/100
|move|p2a: Uma musume|Sacred Sword|p1a: Crawdaunt
|-supereffective|p1a: Crawdaunt
|-enditem|p1a: Crawdaunt|Focus Sash
|-damage|p1a: Crawdaunt|1/100
|
|upkeep
|turn|4
|
|t:|1776033866
|move|p1a: Crawdaunt|Crabhammer|p2a: Uma musume
|-resisted|p2a: Uma musume
|-damage|p2a: Uma musume|0 fnt
|faint|p2a: Uma musume
|
|upkeep
|
|t:|1776033871
|switch|p2a: Hot Furry|Meowscarada, F, shiny|100/100
|turn|5
|
|t:|1776033880
|switch|p1a: Glimmora|Glimmora, M|100/100
|move|p2a: Hot Furry|U-turn|p1a: Glimmora
|-start|p2a: Hot Furry|typechange|Bug|[from] ability: Protean
|-resisted|p1a: Glimmora
|-damage|p1a: Glimmora|79/100
|-activate|p1a: Glimmora|ability: Toxic Debris
|-sidestart|p2: HAZ696|move: Toxic Spikes
|
|t:|1776033888
|switch|p2a: 10/10 Redhead|Delphox, F|100/100|[from] U-turn
|-status|p2a: 10/10 Redhead|psn
|
|-damage|p2a: 10/10 Redhead|88/100 psn|[from] psn
|upkeep
|turn|6
|
|t:|1776033895
|-terastallize|p1a: Glimmora|Flying
|move|p2a: 10/10 Redhead|Psychic|p1a: Glimmora
|-damage|p1a: Glimmora|28/100
|move|p1a: Glimmora|Meteor Beam||[still]
|-prepare|p1a: Glimmora|Meteor Beam
|-boost|p1a: Glimmora|spa|1
|-enditem|p1a: Glimmora|Power Herb
|-anim|p1a: Glimmora|Meteor Beam|p2a: 10/10 Redhead
|-supereffective|p2a: 10/10 Redhead
|-damage|p2a: 10/10 Redhead|0 fnt
|faint|p2a: 10/10 Redhead
|
|upkeep
|
|t:|1776033907
|switch|p2a: Pocket Poreon|Vaporeon, F, shiny|100/100
|-status|p2a: Pocket Poreon|psn
|turn|7
|
|t:|1776033913
|move|p1a: Glimmora|Tera Blast|p2a: Pocket Poreon|[anim] Tera Blast Flying
|-crit|p2a: Pocket Poreon
|-damage|p2a: Pocket Poreon|25/100 psn
|move|p2a: Pocket Poreon|Ice Beam|p1a: Glimmora
|-supereffective|p1a: Glimmora
|-damage|p1a: Glimmora|0 fnt
|faint|p1a: Glimmora
|
|-damage|p2a: Pocket Poreon|13/100 psn|[from] psn
|upkeep
|
|t:|1776033921
|switch|p1a: Crawdaunt|Crawdaunt, M|1/100
|turn|8
|
|t:|1776033926
|move|p1a: Crawdaunt|Knock Off|p2a: Pocket Poreon
|-damage|p2a: Pocket Poreon|0 fnt
|-enditem|p2a: Pocket Poreon|Choice Specs|[from] move: Knock Off|[of] p1a: Crawdaunt
|faint|p2a: Pocket Poreon
|
|upkeep
|
|t:|1776033932
|switch|p2a: Hot Furry|Meowscarada, F, shiny|100/100
|-status|p2a: Hot Furry|psn
|turn|9
|
|t:|1776033941
|move|p2a: Hot Furry|Flower Trick|p1a: Crawdaunt
|-start|p2a: Hot Furry|typechange|Grass|[from] ability: Protean
|-supereffective|p1a: Crawdaunt
|-crit|p1a: Crawdaunt
|-damage|p1a: Crawdaunt|0 fnt
|faint|p1a: Crawdaunt
|
|-damage|p2a: Hot Furry|88/100 psn|[from] psn
|upkeep
|
|t:|1776033944
|switch|p1a: Lucario|Lucario, M|100/100
|-item|p1a: Lucario|Air Balloon
|turn|10
|
|t:|1776033953
|switch|p2a: Goth Baddie|Salazzle, F, shiny|100/100
|-sideend|p2: HAZ696|move: Toxic Spikes|[of] p2a: Goth Baddie
|move|p1a: Lucario|Nasty Plot|p1a: Lucario
|-boost|p1a: Lucario|spa|2
|
|upkeep
|turn|11
|
|t:|1776033961
|switch|p1a: Ceruledge|Ceruledge, F|100/100
|move|p2a: Goth Baddie|Flamethrower|p1a: Ceruledge
|-start|p1a: Ceruledge|ability: Flash Fire
|
|upkeep
|turn|12
|
|t:|1776033971
|switch|p2a: Wife Material|Gardevoir, F|100/100
|-ability|p2a: Wife Material|Flash Fire|Trace|[from] ability: Trace|[of] p1a: Ceruledge
|move|p1a: Ceruledge|Substitute|p1a: Ceruledge
|-start|p1a: Ceruledge|Substitute
|-damage|p1a: Ceruledge|76/100
|
|-heal|p1a: Ceruledge|82/100|[from] item: Leftovers
|upkeep
|turn|13
|
|t:|1776033982
|move|p2a: Wife Material|Shadow Ball|p1a: Ceruledge
|-supereffective|p1a: Ceruledge
|-end|p1a: Ceruledge|Substitute
|move|p1a: Ceruledge|Swords Dance|p1a: Ceruledge
|-boost|p1a: Ceruledge|atk|2
|
|-heal|p1a: Ceruledge|88/100|[from] item: Leftovers
|upkeep
|turn|14
|
|t:|1776033993
|move|p1a: Ceruledge|Shadow Sneak|p2a: Wife Material
|-supereffective|p2a: Wife Material
|-damage|p2a: Wife Material|0 fnt
|faint|p2a: Wife Material
|
|-heal|p1a: Ceruledge|94/100|[from] item: Leftovers
|upkeep
|
|t:|1776034001
|switch|p2a: Hot Furry|Meowscarada, F, shiny|88/100 psn
|turn|15
|
|t:|1776034014
|-end|p1a: Ceruledge|ability: Flash Fire|[silent]
|switch|p1a: Lucario|Lucario, M|100/100
|-item|p1a: Lucario|Air Balloon
|move|p2a: Hot Furry|Knock Off|p1a: Lucario
|-start|p2a: Hot Furry|typechange|Dark|[from] ability: Protean
|-resisted|p1a: Lucario
|-damage|p1a: Lucario|72/100
|-ability|p1a: Lucario|Justified|boost
|-boost|p1a: Lucario|atk|1
|-enditem|p1a: Lucario|Air Balloon
|
|-damage|p2a: Hot Furry|76/100 psn|[from] psn
|upkeep
|turn|16
|
|t:|1776034033
|-terastallize|p2a: Hot Furry|Fire
|move|p2a: Hot Furry|Knock Off|p1a: Lucario
|-resisted|p1a: Lucario
|-damage|p1a: Lucario|50/100
|-ability|p1a: Lucario|Justified|boost
|-boost|p1a: Lucario|atk|1
|move|p1a: Lucario|Dragon Pulse|p2a: Hot Furry
|-damage|p2a: Hot Furry|26/100 psn
|
|-damage|p2a: Hot Furry|13/100 psn|[from] psn
|upkeep
|turn|17
|
|t:|1776034047
|move|p2a: Hot Furry|Knock Off|p1a: Lucario
|-resisted|p1a: Lucario
|-crit|p1a: Lucario
|-damage|p1a: Lucario|19/100
|-ability|p1a: Lucario|Justified|boost
|-boost|p1a: Lucario|atk|1
|move|p1a: Lucario|Dragon Pulse|p2a: Hot Furry
|-damage|p2a: Hot Furry|0 fnt
|faint|p2a: Hot Furry
|
|upkeep
|
|t:|1776034055
|switch|p2a: Goth Baddie|Salazzle, F, shiny|100/100
|turn|18
|
|t:|1776034062
|move|p2a: Goth Baddie|Flamethrower|p1a: Lucario
|-supereffective|p1a: Lucario
|-damage|p1a: Lucario|0 fnt
|faint|p1a: Lucario
|
|upkeep
|
|t:|1776034066
|switch|p1a: Hatterene|Hatterene, F|100/100
|turn|19
|
|t:|1776034073
|move|p2a: Goth Baddie|Sludge Bomb|p1a: Hatterene
|-supereffective|p1a: Hatterene
|-damage|p1a: Hatterene|38/100
|-status|p1a: Hatterene|psn
|move|p1a: Hatterene|Psychic Noise|p2a: Goth Baddie
|-supereffective|p2a: Goth Baddie
|-damage|p2a: Goth Baddie|5/100
|-start|p2a: Goth Baddie|move: Heal Block
|
|-damage|p1a: Hatterene|26/100 psn|[from] psn
|upkeep
|turn|20
|
|t:|1776034084
|move|p2a: Goth Baddie|Sludge Bomb|p1a: Hatterene
|-supereffective|p1a: Hatterene
|-damage|p1a: Hatterene|0 fnt
|faint|p1a: Hatterene
|
|-end|p2a: Goth Baddie|move: Heal Block
|upkeep
|
|t:|1776034086
|switch|p1a: Ceruledge|Ceruledge, F|94/100
|turn|21
|
|t:|1776034097
|move|p1a: Ceruledge|Shadow Sneak|p2a: Goth Baddie
|-damage|p2a: Goth Baddie|0 fnt
|faint|p2a: Goth Baddie
|
|win|Smizzo
|raw|Smizzo's rating: 1138 &rarr; <strong>1161</strong><br />(+23 for winning)
|raw|HAZ696's rating: 1112 &rarr; <strong>1089</strong><br />(-23 for losing)
|l|☆Smizzo
|player|p1|
|l|☆HAZ696
|player|p2|
