|html|<div class="broadcast-blue"><strong>[Gen 9] OU is currently suspecting Volcarona! For information on how to participate check out the <a href="https://www.smogon.com/tools/suspects/view/208">suspect thread</a>.</strong></div>
|j|☆yatsalgado
|j|‽FlintAndSteelType
|t:|1778505867
|gametype|singles
|player|p1|yatsalgado|roxie|1301
|player|p2|FlintAndSteelType|elesa|1257
|gen|9
|tier|[Gen 9] OU
|rated|
|rule|HP Percentage Mod: HP is shown in percentages
|rule|Endless Battle Clause: Forcing endless battles is banned
|rule|Species Clause: Limit one of each Pokémon
|rule|OHKO Clause: OHKO moves are banned
|rule|Evasion Items Clause: Evasion items are banned
|rule|Evasion Moves Clause: Evasion moves are banned
|rule|Evasion Abilities Clause: Evasion abilities are banned
|rule|Sleep Moves Clause: Sleep-inducing moves are banned
|clearpoke
|poke|p1|Mienshao, M|
|poke|p1|Corviknight, M|
|poke|p1|Latios, M|
|poke|p1|Alomomola, F|
|poke|p1|Excadrill, M|
|poke|p1|Darkrai|
|poke|p2|Dondozo, F|
|poke|p2|Blissey, F|
|poke|p2|Corviknight, M|
|poke|p2|Weezing-Galar, F|
|poke|p2|Gliscor, F|
|poke|p2|Toxapex, M|
|teampreview
|inactive|Battle timer is ON: inactive players will automatically lose when time's up. (requested by yatsalgado)
|
|t:|1778505881
|teamsize|p1|6
|teamsize|p2|6
|start
|switch|p1a: Mienshao|Mienshao, M, shiny|100/100
|switch|p2a: Gliscor|Gliscor, F|100/100
|turn|1
|
|t:|1778505889
|move|p2a: Gliscor|Protect|p2a: Gliscor
|-singleturn|p2a: Gliscor|Protect
|move|p1a: Mienshao|U-turn|p2a: Gliscor
|-activate|p2a: Gliscor|move: Protect
|
|-status|p2a: Gliscor|tox|[from] item: Toxic Orb
|upkeep
|turn|2
|
|t:|1778505900
|switch|p1a: Corviknight|Corviknight, M|100/100
|-ability|p1a: Corviknight|Pressure
|move|p2a: Gliscor|Spikes|p1a: Corviknight
|-sidestart|p1: yatsalgado|Spikes
|
|upkeep
|turn|3
|
|t:|1778505907
|move|p2a: Gliscor|Knock Off|p1a: Corviknight
|-damage|p1a: Corviknight|87/100
|-damage|p2a: Gliscor|84/100 tox|[from] item: Rocky Helmet|[of] p1a: Corviknight
|-enditem|p1a: Corviknight|Rocky Helmet|[from] move: Knock Off|[of] p2a: Gliscor
|move|p1a: Corviknight|Defog|p2a: Gliscor
|-unboost|p2a: Gliscor|evasion|1
|-sideend|p1: yatsalgado|Spikes|[from] move: Defog|[of] p1a: Corviknight
|
|-heal|p2a: Gliscor|97/100 tox|[from] ability: Poison Heal
|upkeep
|turn|4
|
|t:|1778505917
|move|p2a: Gliscor|Spikes|p1a: Corviknight
|-sidestart|p1: yatsalgado|Spikes
|move|p1a: Corviknight|Brave Bird|p2a: Gliscor
|-damage|p2a: Gliscor|65/100 tox
|-damage|p1a: Corviknight|78/100|[from] Recoil
|
|-heal|p2a: Gliscor|77/100 tox|[from] ability: Poison Heal
|upkeep
|turn|5
|
|t:|1778505927
|switch|p2a: Corviknight|Corviknight, M|100/100
|move|p1a: Corviknight|Defog|p2a: Corviknight
|-ability|p2a: Corviknight|Mirror Armor
|-unboost|p1a: Corviknight|evasion|1
|-sideend|p1: yatsalgado|Spikes|[from] move: Defog|[of] p1a: Corviknight
|
|upkeep
|turn|6
|
|t:|1778505942
|switch|p1a: Alomomola|Alomomola, F|100/100
|move|p2a: Corviknight|Body Press|p1a: Alomomola
|-damage|p1a: Alomomola|87/100
|
|upkeep
|turn|7
|
|t:|1778505962
|move|p2a: Corviknight|Body Press|p1a: Alomomola
|-damage|p1a: Alomomola|75/100
|move|p1a: Alomomola|Scald|p2a: Corviknight
|-crit|p2a: Corviknight
|-damage|p2a: Corviknight|80/100
|-status|p2a: Corviknight|brn
|
|-damage|p2a: Corviknight|74/100 brn|[from] brn
|upkeep
|turn|8
|
|t:|1778505983
|switch|p2a: Dondozo|Dondozo, F|100/100
|move|p1a: Alomomola|Flip Turn|p2a: Dondozo
|-resisted|p2a: Dondozo
|-damage|p2a: Dondozo|98/100
|
|t:|1778505992
|switch|p1a: Latios|Latios, M|100/100|[from] Flip Turn
|
|-heal|p2a: Dondozo|100/100|[from] item: Leftovers
|upkeep
|turn|9
|
|t:|1778506002
|switch|p2a: Corviknight|Corviknight, M|74/100 brn
|move|p1a: Latios|Luster Purge|p2a: Corviknight
|-resisted|p2a: Corviknight
|-damage|p2a: Corviknight|35/100 brn
|-ability|p2a: Corviknight|Mirror Armor
|-unboost|p1a: Latios|spd|1
|
|-damage|p2a: Corviknight|29/100 brn|[from] brn
|upkeep
|turn|10
|
|t:|1778506012
|switch|p2a: Blissey|Blissey, F|100/100
|move|p1a: Latios|Luster Purge|p2a: Blissey
|-damage|p2a: Blissey|76/100
|
|-heal|p2a: Blissey|83/100|[from] item: Leftovers
|upkeep
|turn|11
|
|t:|1778506022
|move|p1a: Latios|Luster Purge|p2a: Blissey
|-damage|p2a: Blissey|57/100
|move|p2a: Blissey|Stealth Rock|p1a: Latios
|-sidestart|p1: yatsalgado|move: Stealth Rock
|
|-heal|p2a: Blissey|64/100|[from] item: Leftovers
|upkeep
|turn|12
|
|t:|1778506032
|move|p1a: Latios|Luster Purge|p2a: Blissey
|-damage|p2a: Blissey|41/100
|-unboost|p2a: Blissey|spd|1
|move|p2a: Blissey|Thunder Wave|p1a: Latios
|-status|p1a: Latios|par
|
|-heal|p2a: Blissey|47/100|[from] item: Leftovers
|upkeep
|turn|13
|
|t:|1778506041
|move|p1a: Latios|Luster Purge|p2a: Blissey
|-damage|p2a: Blissey|9/100
|move|p2a: Blissey|Soft-Boiled|p2a: Blissey
|-heal|p2a: Blissey|59/100
|
|-heal|p2a: Blissey|65/100|[from] item: Leftovers
|upkeep
|turn|14
|
|t:|1778506053
|switch|p2a: Corviknight|Corviknight, M|29/100 brn
|move|p1a: Latios|Luster Purge|p2a: Corviknight
|-resisted|p2a: Corviknight
|-damage|p2a: Corviknight|0 fnt
|faint|p2a: Corviknight
|
|upkeep
|
|t:|1778506058
|switch|p2a: Blissey|Blissey, F|65/100
|turn|15
|
|t:|1778506068
|switch|p1a: Mienshao|Mienshao, M, shiny|100/100
|-damage|p1a: Mienshao|94/100|[from] Stealth Rock
|move|p2a: Blissey|Seismic Toss|p1a: Mienshao
|-damage|p1a: Mienshao|60/100
|
|-heal|p2a: Blissey|72/100|[from] item: Leftovers
|upkeep
|turn|16
|
|t:|1778506089
|switch|p2a: Weezing|Weezing-Galar, F|100/100
|move|p1a: Mienshao|U-turn|p2a: Weezing
|-resisted|p2a: Weezing
|-damage|p2a: Weezing|96/100
|
|t:|1778506095
|switch|p1a: Excadrill|Excadrill, M|100/100|[from] U-turn
|-damage|p1a: Excadrill|97/100|[from] Stealth Rock
|-ability|p1a: Excadrill|Mold Breaker
|
|upkeep
|turn|17
|
|t:|1778506107
|move|p1a: Excadrill|Rapid Spin|p2a: Weezing
|-crit|p2a: Weezing
|-damage|p2a: Weezing|79/100
|-boost|p1a: Excadrill|spe|1
|-sideend|p1: yatsalgado|Stealth Rock|[from] move: Rapid Spin|[of] p1a: Excadrill
|move|p2a: Weezing|Will-O-Wisp|p1a: Excadrill
|-status|p1a: Excadrill|brn
|
|-damage|p1a: Excadrill|91/100 brn|[from] brn
|upkeep
|turn|18
|
|t:|1778506131
|switch|p1a: Alomomola|Alomomola, F|100/100
|switch|p2a: Dondozo|Dondozo, F|100/100
|
|upkeep
|turn|19
|
|t:|1778506143
|move|p1a: Alomomola|Flip Turn|p2a: Dondozo
|-resisted|p2a: Dondozo
|-damage|p2a: Dondozo|98/100
|
|t:|1778506151
|switch|p1a: Latios|Latios, M|100/100 par|[from] Flip Turn
|move|p2a: Dondozo|Wave Crash|p1a: Latios
|-resisted|p1a: Latios
|-damage|p1a: Latios|74/100 par
|-damage|p2a: Dondozo|92/100|[from] Recoil
|
|-heal|p2a: Dondozo|99/100|[from] item: Leftovers
|upkeep
|turn|20
|
|t:|1778506162
|switch|p2a: Blissey|Blissey, F|72/100
|move|p1a: Latios|Luster Purge|p2a: Blissey
|-damage|p2a: Blissey|47/100
|
|-heal|p2a: Blissey|53/100|[from] item: Leftovers
|upkeep
|turn|21
|
|t:|1778506173
|switch|p1a: Mienshao|Mienshao, M, shiny|60/100
|move|p2a: Blissey|Soft-Boiled|p2a: Blissey
|-heal|p2a: Blissey|100/100
|
|upkeep
|turn|22
|
|t:|1778506181
|switch|p2a: Weezing|Weezing-Galar, F|79/100
|move|p1a: Mienshao|U-turn|p2a: Weezing
|-resisted|p2a: Weezing
|-damage|p2a: Weezing|75/100
|
|t:|1778506188
|switch|p1a: Latios|Latios, M|74/100 par|[from] U-turn
|
|upkeep
|turn|23
|
|t:|1778506194
|switch|p2a: Blissey|Blissey, F|100/100
|move|p1a: Latios|Luster Purge|p2a: Blissey
|-damage|p2a: Blissey|74/100
|-unboost|p2a: Blissey|spd|1
|
|-heal|p2a: Blissey|80/100|[from] item: Leftovers
|upkeep
|turn|24
|
|t:|1778506214
|-activate|p1a: Latios|move: Struggle
|move|p1a: Latios|Struggle|p2a: Blissey
|-damage|p2a: Blissey|70/100
|-damage|p1a: Latios|49/100 par|[from] recoil
|move|p2a: Blissey|Stealth Rock|p1a: Latios
|-sidestart|p1: yatsalgado|move: Stealth Rock
|
|-heal|p2a: Blissey|76/100|[from] item: Leftovers
|upkeep
|turn|25
|
|t:|1778506224
|switch|p1a: Mienshao|Mienshao, M, shiny|60/100
|-damage|p1a: Mienshao|54/100|[from] Stealth Rock
|move|p2a: Blissey|Seismic Toss|p1a: Mienshao
|-damage|p1a: Mienshao|20/100
|
|-heal|p2a: Blissey|82/100|[from] item: Leftovers
|upkeep
|turn|26
|
|t:|1778506234
|switch|p2a: Weezing|Weezing-Galar, F|75/100
|move|p1a: Mienshao|U-turn|p2a: Weezing
|-resisted|p2a: Weezing
|-damage|p2a: Weezing|71/100
|
|t:|1778506246
|switch|p1a: Darkrai|Darkrai|100/100|[from] U-turn
|-damage|p1a: Darkrai|88/100|[from] Stealth Rock
|
|upkeep
|turn|27
|
|t:|1778506256
|switch|p2a: Blissey|Blissey, F|82/100
|move|p1a: Darkrai|Nasty Plot|p1a: Darkrai
|-boost|p1a: Darkrai|spa|2
|
|-heal|p2a: Blissey|88/100|[from] item: Leftovers
|upkeep
|turn|28
|
|t:|1778506267
|move|p1a: Darkrai|Dark Pulse|p2a: Blissey
|-damage|p2a: Blissey|57/100
|-damage|p1a: Darkrai|78/100|[from] item: Life Orb
|move|p2a: Blissey|Thunder Wave|p1a: Darkrai
|-status|p1a: Darkrai|par
|
|-heal|p2a: Blissey|63/100|[from] item: Leftovers
|upkeep
|turn|29
|
|t:|1778506279
|switch|p1a: Corviknight|Corviknight, M|78/100
|-damage|p1a: Corviknight|65/100|[from] Stealth Rock
|-ability|p1a: Corviknight|Pressure
|move|p2a: Blissey|Seismic Toss|p1a: Corviknight
|-damage|p1a: Corviknight|40/100
|
|-heal|p2a: Blissey|69/100|[from] item: Leftovers
|upkeep
|turn|30
|
|t:|1778506296
|switch|p2a: Gliscor|Gliscor, F|77/100 tox
|move|p1a: Corviknight|Roost|p1a: Corviknight
|-heal|p1a: Corviknight|90/100
|-singleturn|p1a: Corviknight|move: Roost
|
|-heal|p2a: Gliscor|90/100 tox|[from] ability: Poison Heal
|upkeep
|turn|31
|
|t:|1778506319
|switch|p2a: Toxapex|Toxapex, M|100/100
|move|p1a: Corviknight|Defog|p2a: Toxapex
|-unboost|p2a: Toxapex|evasion|1
|-sideend|p1: yatsalgado|Stealth Rock|[from] move: Defog|[of] p1a: Corviknight
|
|upkeep
|turn|32
|
|t:|1778506326
|move|p1a: Corviknight|Roost|p1a: Corviknight
|-heal|p1a: Corviknight|100/100
|-singleturn|p1a: Corviknight|move: Roost
|move|p2a: Toxapex|Toxic|p1a: Corviknight
|-immune|p1a: Corviknight
|
|upkeep
|turn|33
|
|t:|1778506337
|switch|p1a: Darkrai|Darkrai|78/100 par
|move|p2a: Toxapex|Toxic||[still]
|-fail|p2a: Toxapex
|
|upkeep
|turn|34
|
|t:|1778506345
|switch|p2a: Blissey|Blissey, F|69/100
|cant|p1a: Darkrai|par
|
|-heal|p2a: Blissey|75/100|[from] item: Leftovers
|upkeep
|turn|35
|
|t:|1778506354
|switch|p1a: Mienshao|Mienshao, M, shiny|20/100
|move|p2a: Blissey|Stealth Rock|p1a: Mienshao
|-sidestart|p1: yatsalgado|move: Stealth Rock
|
|-heal|p2a: Blissey|81/100|[from] item: Leftovers
|upkeep
|turn|36
|
|t:|1778506367
|switch|p2a: Weezing|Weezing-Galar, F|71/100
|move|p1a: Mienshao|U-turn|p2a: Weezing
|-resisted|p2a: Weezing
|-damage|p2a: Weezing|67/100
|
|t:|1778506374
|switch|p1a: Alomomola|Alomomola, F|100/100|[from] U-turn
|
|upkeep
|turn|37
|
|t:|1778506380
|move|p1a: Alomomola|Wish|p1a: Alomomola
|move|p2a: Weezing|Toxic Spikes|p1a: Alomomola
|-sidestart|p1: yatsalgado|move: Toxic Spikes
|
|upkeep
|turn|38
|
|t:|1778506402
|move|p1a: Alomomola|Flip Turn|p2a: Weezing
|-damage|p2a: Weezing|59/100
|
|t:|1778506408
|switch|p1a: Latios|Latios, M|49/100 par|[from] Flip Turn
|-damage|p1a: Latios|36/100 par|[from] Stealth Rock
|move|p2a: Weezing|Toxic Spikes|p1a: Latios
|-sidestart|p1: yatsalgado|move: Toxic Spikes
|
|-heal|p1a: Latios|100/100 par|[from] move: Wish|[wisher] Alomomola
|upkeep
|turn|39
|
|t:|1778506423
|switch|p2a: Blissey|Blissey, F|81/100
|move|p1a: Latios|Surf|p2a: Blissey
|-damage|p2a: Blissey|67/100
|
|-heal|p2a: Blissey|73/100|[from] item: Leftovers
|upkeep
|turn|40
|
|t:|1778506432
|switch|p1a: Corviknight|Corviknight, M|100/100
|-damage|p1a: Corviknight|88/100|[from] Stealth Rock
|-ability|p1a: Corviknight|Pressure
|move|p2a: Blissey|Seismic Toss|p1a: Corviknight
|-damage|p1a: Corviknight|62/100
|
|-heal|p2a: Blissey|79/100|[from] item: Leftovers
|upkeep
|turn|41
|
|t:|1778506443
|move|p1a: Corviknight|Defog|p2a: Blissey
|-unboost|p2a: Blissey|evasion|1
|-sideend|p1: yatsalgado|Toxic Spikes|[from] move: Defog|[of] p1a: Corviknight
|-sideend|p1: yatsalgado|Stealth Rock|[from] move: Defog|[of] p1a: Corviknight
|move|p2a: Blissey|Thunder Wave|p1a: Corviknight
|-status|p1a: Corviknight|par
|
|-heal|p2a: Blissey|85/100|[from] item: Leftovers
|upkeep
|turn|42
|
|t:|1778506453
|move|p2a: Blissey|Stealth Rock|p1a: Corviknight
|-sidestart|p1: yatsalgado|move: Stealth Rock
|cant|p1a: Corviknight|par
|
|-heal|p2a: Blissey|91/100|[from] item: Leftovers
|upkeep
|turn|43
|
|t:|1778506459
|move|p2a: Blissey|Seismic Toss|p1a: Corviknight
|-damage|p1a: Corviknight|36/100 par
|move|p1a: Corviknight|Body Press|p2a: Blissey
|-supereffective|p2a: Blissey
|-damage|p2a: Blissey|32/100
|
|-heal|p2a: Blissey|38/100|[from] item: Leftovers
|upkeep
|turn|44
|
|t:|1778506476
|switch|p2a: Weezing|Weezing-Galar, F|59/100
|move|p1a: Corviknight|Roost|p1a: Corviknight
|-heal|p1a: Corviknight|87/100 par
|-singleturn|p1a: Corviknight|move: Roost
|
|upkeep
|turn|45
|
|t:|1778506487
|move|p2a: Weezing|Toxic Spikes|p1a: Corviknight
|-sidestart|p1: yatsalgado|move: Toxic Spikes
|move|p1a: Corviknight|Defog|p2a: Weezing
|-unboost|p2a: Weezing|evasion|1
|-sideend|p1: yatsalgado|Toxic Spikes|[from] move: Defog|[of] p1a: Corviknight
|-sideend|p1: yatsalgado|Stealth Rock|[from] move: Defog|[of] p1a: Corviknight
|
|upkeep
|turn|46
|
|t:|1778506497
|switch|p1a: Alomomola|Alomomola, F|100/100
|move|p2a: Weezing|Toxic Spikes|p1a: Alomomola
|-sidestart|p1: yatsalgado|move: Toxic Spikes
|
|upkeep
|turn|47
|
|t:|1778506504
|move|p1a: Alomomola|Wish|p1a: Alomomola
|move|p2a: Weezing|Toxic Spikes|p1a: Alomomola
|-sidestart|p1: yatsalgado|move: Toxic Spikes
|
|upkeep
|turn|48
|
|t:|1778506512
|move|p1a: Alomomola|Flip Turn|p2a: Weezing
|-damage|p2a: Weezing|52/100
|
|t:|1778506515
|switch|p1a: Mienshao|Mienshao, M, shiny|20/100|[from] Flip Turn
|-status|p1a: Mienshao|tox
|move|p2a: Weezing|Pain Split|p1a: Mienshao
|-sethp|p1a: Mienshao|39/100 tox|[from] move: Pain Split|[silent]
|-sethp|p2a: Weezing|35/100|[from] move: Pain Split
|
|-heal|p1a: Mienshao|100/100 tox|[from] move: Wish|[wisher] Alomomola
|-damage|p1a: Mienshao|94/100 tox|[from] psn
|upkeep
|turn|49
|
|t:|1778506533
|move|p1a: Mienshao|Triple Axel|p2a: Weezing
|-damage|p2a: Weezing|30/100
|-damage|p2a: Weezing|19/100
|-damage|p2a: Weezing|4/100
|-hitcount|p2a: Weezing|3
|move|p2a: Weezing|Pain Split|p1a: Mienshao
|-sethp|p1a: Mienshao|49/100 tox|[from] move: Pain Split|[silent]
|-sethp|p2a: Weezing|44/100|[from] move: Pain Split
|
|-damage|p1a: Mienshao|37/100 tox|[from] psn
|upkeep
|turn|50
|
|t:|1778506550
|switch|p1a: Alomomola|Alomomola, F|100/100
|switch|p2a: Dondozo|Dondozo, F|99/100
|
|-heal|p2a: Dondozo|100/100|[from] item: Leftovers
|upkeep
|turn|51
|
|t:|1778506568
|switch|p2a: Blissey|Blissey, F|38/100
|move|p1a: Alomomola|Wish|p1a: Alomomola
|
|-heal|p2a: Blissey|44/100|[from] item: Leftovers
|upkeep
|turn|52
|
|t:|1778506576
|move|p1a: Alomomola|Flip Turn|p2a: Blissey
|-damage|p2a: Blissey|30/100
|
|t:|1778506579
|switch|p1a: Mienshao|Mienshao, M, shiny|37/100 tox|[from] Flip Turn
|move|p2a: Blissey|Soft-Boiled|p2a: Blissey
|-heal|p2a: Blissey|80/100
|
|-heal|p1a: Mienshao|100/100 tox|[from] move: Wish|[wisher] Alomomola
|-heal|p2a: Blissey|87/100|[from] item: Leftovers
|-damage|p1a: Mienshao|94/100 tox|[from] psn
|upkeep
|turn|53
|
|t:|1778506593
|switch|p2a: Dondozo|Dondozo, F|100/100
|move|p1a: Mienshao|High Jump Kick|p2a: Dondozo
|-damage|p2a: Dondozo|60/100
|
|-heal|p2a: Dondozo|67/100|[from] item: Leftovers
|-damage|p1a: Mienshao|82/100 tox|[from] psn
|upkeep
|turn|54
|
|t:|1778506604
|move|p1a: Mienshao|High Jump Kick|p2a: Dondozo
|-damage|p2a: Dondozo|30/100
|move|p2a: Dondozo|Rest|p2a: Dondozo
|-status|p2a: Dondozo|slp|[from] move: Rest
|-heal|p2a: Dondozo|100/100 slp|[silent]
|
|-damage|p1a: Mienshao|64/100 tox|[from] psn
|upkeep
|turn|55
|
|t:|1778506617
|switch|p1a: Latios|Latios, M|100/100 par
|cant|p2a: Dondozo|slp
|move|p2a: Dondozo|Sleep Talk|p2a: Dondozo
|move|p2a: Dondozo|Wave Crash|p1a: Latios|[from] move: Sleep Talk
|-resisted|p1a: Latios
|-damage|p1a: Latios|70/100 par
|-damage|p2a: Dondozo|95/100 slp|[from] Recoil
|
|-heal|p2a: Dondozo|100/100 slp|[from] item: Leftovers
|upkeep
|turn|56
|
|t:|1778506630
|switch|p1a: Mienshao|Mienshao, M, shiny|64/100 tox
|switch|p2a: Blissey|Blissey, F|87/100
|
|-heal|p2a: Blissey|93/100|[from] item: Leftovers
|-damage|p1a: Mienshao|58/100 tox|[from] psn
|upkeep
|turn|57
|
|t:|1778506647
|switch|p2a: Dondozo|Dondozo, F|100/100 slp
|move|p1a: Mienshao|Knock Off|p2a: Dondozo
|-damage|p2a: Dondozo|86/100 slp
|-enditem|p2a: Dondozo|Leftovers|[from] move: Knock Off|[of] p1a: Mienshao
|
|-damage|p1a: Mienshao|45/100 tox|[from] psn
|upkeep
|turn|58
|
|t:|1778506665
|switch|p1a: Alomomola|Alomomola, F|100/100
|cant|p2a: Dondozo|slp
|move|p2a: Dondozo|Sleep Talk|p2a: Dondozo
|move|p2a: Dondozo|Rest||[from] move: Sleep Talk|[still]
|-fail|p2a: Dondozo
|
|upkeep
|turn|59
|
|t:|1778506676
|switch|p2a: Gliscor|Gliscor, F|90/100 tox
|move|p1a: Alomomola|Wish|p1a: Alomomola
|
|-heal|p2a: Gliscor|100/100 tox|[from] ability: Poison Heal
|upkeep
|turn|60
|
|t:|1778506685
|move|p2a: Gliscor|Knock Off|p1a: Alomomola
|-damage|p1a: Alomomola|90/100
|-enditem|p1a: Alomomola|Heavy-Duty Boots|[from] move: Knock Off|[of] p2a: Gliscor
|move|p1a: Alomomola|Flip Turn|p2a: Gliscor
|-supereffective|p2a: Gliscor
|-damage|p2a: Gliscor|82/100 tox
|
|t:|1778506692
|switch|p1a: Mienshao|Mienshao, M, shiny|45/100 tox|[from] Flip Turn
|
|-heal|p1a: Mienshao|100/100 tox|[from] move: Wish|[wisher] Alomomola
|-damage|p1a: Mienshao|94/100 tox|[from] psn
|-heal|p2a: Gliscor|94/100 tox|[from] ability: Poison Heal
|upkeep
|turn|61
|
|t:|1778506701
|move|p2a: Gliscor|Protect|p2a: Gliscor
|-singleturn|p2a: Gliscor|Protect
|move|p1a: Mienshao|Triple Axel|p2a: Gliscor
|-activate|p2a: Gliscor|move: Protect
|
|-damage|p1a: Mienshao|82/100 tox|[from] psn
|-heal|p2a: Gliscor|100/100 tox|[from] ability: Poison Heal
|upkeep
|turn|62
|
|t:|1778506711
|switch|p2a: Dondozo|Dondozo, F|86/100 slp
|move|p1a: Mienshao|Triple Axel|p2a: Dondozo
|-resisted|p2a: Dondozo
|-damage|p2a: Dondozo|84/100 slp
|-resisted|p2a: Dondozo
|-damage|p2a: Dondozo|81/100 slp
|-resisted|p2a: Dondozo
|-damage|p2a: Dondozo|75/100 slp
|-hitcount|p2a: Dondozo|3
|
|-damage|p1a: Mienshao|64/100 tox|[from] psn
|upkeep
|turn|63
|
|t:|1778506730
|switch|p1a: Alomomola|Alomomola, F|100/100
|-status|p1a: Alomomola|tox
|-curestatus|p2a: Dondozo|slp|[msg]
|move|p2a: Dondozo|Avalanche|p1a: Alomomola
|-resisted|p1a: Alomomola
|-crit|p1a: Alomomola
|-damage|p1a: Alomomola|95/100 tox
|
|-damage|p1a: Alomomola|88/100 tox|[from] psn
|upkeep
|turn|64
|
|t:|1778506742
|switch|p2a: Gliscor|Gliscor, F|100/100 tox
|move|p1a: Alomomola|Wish|p1a: Alomomola
|
|-damage|p1a: Alomomola|76/100 tox|[from] psn
|upkeep
|turn|65
|
|t:|1778506754
|switch|p1a: Latios|Latios, M|70/100 par
|move|p2a: Gliscor|Spikes|p1a: Latios
|-sidestart|p1: yatsalgado|Spikes
|
|-heal|p1a: Latios|100/100 par|[from] move: Wish|[wisher] Alomomola
|upkeep
|turn|66
|
|t:|1778506763
|switch|p2a: Blissey|Blissey, F|93/100
|move|p1a: Latios|Surf|p2a: Blissey
|-damage|p2a: Blissey|78/100
|
|-heal|p2a: Blissey|84/100|[from] item: Leftovers
|upkeep
|turn|67
|
|t:|1778506780
|switch|p1a: Corviknight|Corviknight, M|87/100 par
|-ability|p1a: Corviknight|Pressure
|move|p2a: Blissey|Seismic Toss|p1a: Corviknight
|-damage|p1a: Corviknight|61/100 par
|
|-heal|p2a: Blissey|90/100|[from] item: Leftovers
|upkeep
|turn|68
|
|t:|1778506796
|switch|p2a: Weezing|Weezing-Galar, F|44/100
|move|p1a: Corviknight|Defog|p2a: Weezing
|-unboost|p2a: Weezing|evasion|1
|-sideend|p1: yatsalgado|Spikes|[from] move: Defog|[of] p1a: Corviknight
|-sideend|p1: yatsalgado|Toxic Spikes|[from] move: Defog|[of] p1a: Corviknight
|
|upkeep
|turn|69
|
|t:|1778506804
|move|p2a: Weezing|Toxic Spikes|p1a: Corviknight
|-sidestart|p1: yatsalgado|move: Toxic Spikes
|cant|p1a: Corviknight|par
|
|upkeep
|turn|70
|
|t:|1778506811
|move|p2a: Weezing|Pain Split|p1a: Corviknight
|-sethp|p1a: Corviknight|49/100 par|[from] move: Pain Split|[silent]
|-sethp|p2a: Weezing|57/100|[from] move: Pain Split
|cant|p1a: Corviknight|par
|
|upkeep
|turn|71
|
|t:|1778506822
|move|p2a: Weezing|Toxic Spikes|p1a: Corviknight
|-sidestart|p1: yatsalgado|move: Toxic Spikes
|move|p1a: Corviknight|Roost|p1a: Corviknight
|-heal|p1a: Corviknight|99/100 par
|-singleturn|p1a: Corviknight|move: Roost
|
|upkeep
|turn|72
|
|t:|1778506836
|switch|p1a: Excadrill|Excadrill, M|91/100 brn
|-ability|p1a: Excadrill|Mold Breaker
|move|p2a: Weezing|Pain Split|p1a: Excadrill
|-sethp|p1a: Excadrill|72/100 brn|[from] move: Pain Split|[silent]
|-sethp|p2a: Weezing|78/100|[from] move: Pain Split
|
|-damage|p1a: Excadrill|66/100 brn|[from] brn
|upkeep
|turn|73
|
|t:|1778506855
|switch|p2a: Dondozo|Dondozo, F|75/100
|move|p1a: Excadrill|Earthquake|p2a: Dondozo
|-damage|p2a: Dondozo|64/100
|
|-damage|p1a: Excadrill|60/100 brn|[from] brn
|upkeep
|turn|74
|
|t:|1778506867
|switch|p1a: Latios|Latios, M|100/100 par
|move|p2a: Dondozo|Wave Crash|p1a: Latios
|-resisted|p1a: Latios
|-damage|p1a: Latios|71/100 par
|-damage|p2a: Dondozo|59/100|[from] Recoil
|
|upkeep
|turn|75
|
|t:|1778506877
|move|p1a: Latios|Aura Sphere|p2a: Dondozo
|-crit|p2a: Dondozo
|-damage|p2a: Dondozo|0 fnt
|faint|p2a: Dondozo
|
|upkeep
|
|t:|1778506885
|switch|p2a: Blissey|Blissey, F|90/100
|turn|76
|
|t:|1778506897
|move|p1a: Latios|Aura Sphere|p2a: Blissey
|-supereffective|p2a: Blissey
|-damage|p2a: Blissey|63/100
|move|p2a: Blissey|Seismic Toss|p1a: Latios
|-damage|p1a: Latios|38/100 par
|
|-heal|p2a: Blissey|69/100|[from] item: Leftovers
|upkeep
|turn|77
|
|t:|1778506906
|cant|p1a: Latios|par
|move|p2a: Blissey|Seismic Toss|p1a: Latios
|-damage|p1a: Latios|4/100 par
|
|-heal|p2a: Blissey|75/100|[from] item: Leftovers
|upkeep
|turn|78
|
|t:|1778506914
|switch|p1a: Alomomola|Alomomola, F|100/100 tox
|move|p2a: Blissey|Seismic Toss|p1a: Alomomola
|-damage|p1a: Alomomola|82/100 tox
|
|-heal|p2a: Blissey|81/100|[from] item: Leftovers
|-damage|p1a: Alomomola|76/100 tox|[from] psn
|upkeep
|turn|79
|
|t:|1778506924
|move|p1a: Alomomola|Wish|p1a: Alomomola
|move|p2a: Blissey|Seismic Toss|p1a: Alomomola
|-damage|p1a: Alomomola|57/100 tox
|
|-heal|p2a: Blissey|87/100|[from] item: Leftovers
|-damage|p1a: Alomomola|45/100 tox|[from] psn
|upkeep
|turn|80
|
|t:|1778506934
|switch|p1a: Excadrill|Excadrill, M|60/100 brn
|-ability|p1a: Excadrill|Mold Breaker
|move|p2a: Blissey|Seismic Toss|p1a: Excadrill
|-damage|p1a: Excadrill|32/100 brn
|
|-heal|p1a: Excadrill|100/100 brn|[from] move: Wish|[wisher] Alomomola
|-heal|p2a: Blissey|94/100|[from] item: Leftovers
|-damage|p1a: Excadrill|94/100 brn|[from] brn
|upkeep
|turn|81
|
|t:|1778506952
|switch|p2a: Weezing|Weezing-Galar, F|78/100
|move|p1a: Excadrill|Earthquake|p2a: Weezing
|-supereffective|p2a: Weezing
|-damage|p2a: Weezing|42/100
|
|-damage|p1a: Excadrill|88/100 brn|[from] brn
|upkeep
|turn|82
|
|t:|1778506964
|switch|p2a: Gliscor|Gliscor, F|100/100 tox
|move|p1a: Excadrill|Earthquake|p2a: Gliscor
|-immune|p2a: Gliscor
|
|-damage|p1a: Excadrill|82/100 brn|[from] brn
|upkeep
|turn|83
|
|t:|1778506976
|switch|p1a: Alomomola|Alomomola, F|78/100 tox
|move|p2a: Gliscor|Earthquake|p1a: Alomomola
|-damage|p1a: Alomomola|60/100 tox
|
|-damage|p1a: Alomomola|53/100 tox|[from] psn
|upkeep
|turn|84
|
|t:|1778506990
|move|p2a: Gliscor|Spikes|p1a: Alomomola
|-sidestart|p1: yatsalgado|Spikes
|move|p1a: Alomomola|Wish|p1a: Alomomola
|
|-damage|p1a: Alomomola|41/100 tox|[from] psn
|upkeep
|turn|85
|
|t:|1778506996
|move|p2a: Gliscor|Earthquake|p1a: Alomomola
|-damage|p1a: Alomomola|21/100 tox
|move|p1a: Alomomola|Flip Turn|p2a: Gliscor
|-supereffective|p2a: Gliscor
|-damage|p2a: Gliscor|81/100 tox
|
|t:|1778507003
|switch|p1a: Latios|Latios, M|4/100 par|[from] Flip Turn
|
|-heal|p1a: Latios|93/100 par|[from] move: Wish|[wisher] Alomomola
|-heal|p2a: Gliscor|94/100 tox|[from] ability: Poison Heal
|upkeep
|turn|86
|
|t:|1778507021
|move|p2a: Gliscor|Knock Off|p1a: Latios
|-supereffective|p1a: Latios
|-damage|p1a: Latios|35/100 par
|-enditem|p1a: Latios|Choice Specs|[from] move: Knock Off|[of] p2a: Gliscor
|move|p1a: Latios|Surf|p2a: Gliscor
|-supereffective|p2a: Gliscor
|-damage|p2a: Gliscor|39/100 tox
|
|-heal|p2a: Gliscor|51/100 tox|[from] ability: Poison Heal
|upkeep
|turn|87
|
|t:|1778507033
|switch|p1a: Alomomola|Alomomola, F|55/100 tox
|-damage|p1a: Alomomola|42/100 tox|[from] Spikes
|move|p2a: Gliscor|Protect||[still]
|-fail|p2a: Gliscor
|
|-heal|p2a: Gliscor|64/100 tox|[from] ability: Poison Heal
|-damage|p1a: Alomomola|36/100 tox|[from] psn
|upkeep
|turn|88
|
|t:|1778507043
|switch|p1a: Corviknight|Corviknight, M|99/100 par
|-ability|p1a: Corviknight|Pressure
|move|p2a: Gliscor|Earthquake|p1a: Corviknight
|-immune|p1a: Corviknight
|
|-heal|p2a: Gliscor|76/100 tox|[from] ability: Poison Heal
|upkeep
|turn|89
|
|t:|1778507058
|switch|p2a: Weezing|Weezing-Galar, F|42/100
|move|p1a: Corviknight|Defog|p2a: Weezing
|-unboost|p2a: Weezing|evasion|1
|-sideend|p1: yatsalgado|Spikes|[from] move: Defog|[of] p1a: Corviknight
|-sideend|p1: yatsalgado|Toxic Spikes|[from] move: Defog|[of] p1a: Corviknight
|
|upkeep
|turn|90
|
|t:|1778507069
|switch|p1a: Alomomola|Alomomola, F|70/100 tox
|move|p2a: Weezing|Toxic Spikes|p1a: Alomomola
|-sidestart|p1: yatsalgado|move: Toxic Spikes
|
|-damage|p1a: Alomomola|63/100 tox|[from] psn
|upkeep
|turn|91
|
|t:|1778507080
|switch|p2a: Gliscor|Gliscor, F|76/100 tox
|move|p1a: Alomomola|Wish|p1a: Alomomola
|
|-heal|p2a: Gliscor|89/100 tox|[from] ability: Poison Heal
|-damage|p1a: Alomomola|51/100 tox|[from] psn
|upkeep
|turn|92
|
|t:|1778507096
|move|p2a: Gliscor|Spikes|p1a: Alomomola
|-sidestart|p1: yatsalgado|Spikes
|move|p1a: Alomomola|Flip Turn|p2a: Gliscor
|-supereffective|p2a: Gliscor
|-damage|p2a: Gliscor|68/100 tox
|
|t:|1778507103
|switch|p1a: Latios|Latios, M|35/100 par|[from] Flip Turn
|
|-heal|p1a: Latios|100/100 par|[from] move: Wish|[wisher] Alomomola
|-heal|p2a: Gliscor|80/100 tox|[from] ability: Poison Heal
|upkeep
|turn|93
|
|t:|1778507111
|-terastallize|p1a: Latios|Water
|move|p2a: Gliscor|Protect|p2a: Gliscor
|-singleturn|p2a: Gliscor|Protect
|move|p1a: Latios|Surf|p2a: Gliscor
|-activate|p2a: Gliscor|move: Protect
|
|-heal|p2a: Gliscor|93/100 tox|[from] ability: Poison Heal
|upkeep
|turn|94
|
|t:|1778507121
|switch|p2a: Toxapex|Toxapex, M|100/100
|move|p1a: Latios|Surf|p2a: Toxapex
|-resisted|p2a: Toxapex
|-damage|p2a: Toxapex|84/100
|
|-heal|p2a: Toxapex|91/100|[from] item: Leftovers
|upkeep
|turn|95
|
|t:|1778507133
|move|p1a: Latios|Draco Meteor|p2a: Toxapex
|-damage|p2a: Toxapex|42/100
|-unboost|p1a: Latios|spa|2
|move|p2a: Toxapex|Lunge|p1a: Latios
|-damage|p1a: Latios|86/100 par
|-unboost|p1a: Latios|atk|1
|
|-heal|p2a: Toxapex|49/100|[from] item: Leftovers
|upkeep
|turn|96
|
|t:|1778507151
|switch|p1a: Excadrill|Excadrill, M|82/100 brn
|-damage|p1a: Excadrill|70/100 brn|[from] Spikes
|-ability|p1a: Excadrill|Mold Breaker
|switch|p2a: Blissey|Blissey, F|94/100
|
|-heal|p2a: Blissey|99/100|[from] item: Leftovers
|-damage|p1a: Excadrill|64/100 brn|[from] brn
|upkeep
|turn|97
|
|t:|1778507167
|switch|p2a: Gliscor|Gliscor, F|93/100 tox
|move|p1a: Excadrill|Iron Head|p2a: Gliscor
|-damage|p2a: Gliscor|77/100 tox
|
|-heal|p2a: Gliscor|90/100 tox|[from] ability: Poison Heal
|-damage|p1a: Excadrill|58/100 brn|[from] brn
|upkeep
|turn|98
|
|t:|1778507180
|move|p1a: Excadrill|Iron Head|p2a: Gliscor
|-damage|p2a: Gliscor|74/100 tox
|move|p2a: Gliscor|Earthquake|p1a: Excadrill
|-supereffective|p1a: Excadrill
|-damage|p1a: Excadrill|0 fnt
|faint|p1a: Excadrill
|
|-heal|p2a: Gliscor|87/100 tox|[from] ability: Poison Heal
|upkeep
|
|t:|1778507191
|switch|p1a: Mienshao|Mienshao, M, shiny|64/100 tox
|-damage|p1a: Mienshao|52/100 tox|[from] Spikes
|turn|99
|
|t:|1778507203
|move|p2a: Gliscor|Protect|p2a: Gliscor
|-singleturn|p2a: Gliscor|Protect
|move|p1a: Mienshao|Triple Axel|p2a: Gliscor
|-activate|p2a: Gliscor|move: Protect
|
|-damage|p1a: Mienshao|45/100 tox|[from] psn
|-heal|p2a: Gliscor|99/100 tox|[from] ability: Poison Heal
|upkeep
|turn|100
|
|t:|1778507213
|-terastallize|p2a: Gliscor|Water
|move|p1a: Mienshao|Triple Axel|p2a: Gliscor
|-resisted|p2a: Gliscor
|-damage|p2a: Gliscor|96/100 tox
|-resisted|p2a: Gliscor
|-damage|p2a: Gliscor|90/100 tox
|-resisted|p2a: Gliscor
|-damage|p2a: Gliscor|81/100 tox
|-hitcount|p2a: Gliscor|3
|move|p2a: Gliscor|Earthquake|p1a: Mienshao
|-damage|p1a: Mienshao|0 fnt
|faint|p1a: Mienshao
|
|-heal|p2a: Gliscor|94/100 tox|[from] ability: Poison Heal
|upkeep
|
|t:|1778507241
|switch|p1a: Darkrai|Darkrai|78/100 par
|-damage|p1a: Darkrai|66/100 par|[from] Spikes
|turn|101
|
|t:|1778507260
|move|p2a: Gliscor|Earthquake|p1a: Darkrai
|-damage|p1a: Darkrai|23/100 par
|move|p1a: Darkrai|Nasty Plot|p1a: Darkrai
|-boost|p1a: Darkrai|spa|2
|
|-heal|p2a: Gliscor|100/100 tox|[from] ability: Poison Heal
|upkeep
|turn|102
|
|t:|1778507271
|switch|p1a: Latios|Latios, M, tera:Water|86/100 par
|move|p2a: Gliscor|Earthquake|p1a: Latios
|-immune|p1a: Latios|[from] ability: Levitate
|
|upkeep
|turn|103
|
|t:|1778507279
|move|p2a: Gliscor|Knock Off|p1a: Latios
|-damage|p1a: Latios|65/100 par
|move|p1a: Latios|Draco Meteor|p2a: Gliscor
|-damage|p2a: Gliscor|37/100 tox
|-unboost|p1a: Latios|spa|2
|
|-heal|p2a: Gliscor|50/100 tox|[from] ability: Poison Heal
|upkeep
|turn|104
|inactive|yatsalgado has 120 seconds left.
|
|t:|1778507291
|move|p2a: Gliscor|Protect|p2a: Gliscor
|-singleturn|p2a: Gliscor|Protect
|cant|p1a: Latios|par
|
|-heal|p2a: Gliscor|62/100 tox|[from] ability: Poison Heal
|upkeep
|turn|105
|inactive|yatsalgado has 120 seconds left.
|inactive|FlintAndSteelType has 120 seconds left.
|
|t:|1778507313
|switch|p2a: Toxapex|Toxapex, M|82/100
|move|p1a: Latios|Draco Meteor|p2a: Toxapex
|-damage|p2a: Toxapex|57/100
|-unboost|p1a: Latios|spa|2
|
|-heal|p2a: Toxapex|63/100|[from] item: Leftovers
|upkeep
|turn|106
|inactive|yatsalgado has 120 seconds left.
|inactive|FlintAndSteelType has 120 seconds left.
|
|t:|1778507334
|switch|p1a: Alomomola|Alomomola, F|84/100 tox
|-damage|p1a: Alomomola|72/100 tox|[from] Spikes
|move|p2a: Toxapex|Lunge|p1a: Alomomola
|-damage|p1a: Alomomola|66/100 tox
|-unboost|p1a: Alomomola|atk|1
|
|-heal|p2a: Toxapex|70/100|[from] item: Leftovers
|-damage|p1a: Alomomola|59/100 tox|[from] psn
|upkeep
|turn|107
|
|t:|1778507346
|move|p1a: Alomomola|Wish|p1a: Alomomola
|move|p2a: Toxapex|Lunge|p1a: Alomomola
|-damage|p1a: Alomomola|53/100 tox
|-unboost|p1a: Alomomola|atk|1
|
|-heal|p2a: Toxapex|76/100|[from] item: Leftovers
|-damage|p1a: Alomomola|41/100 tox|[from] psn
|upkeep
|turn|108
|
|t:|1778507358
|move|p1a: Alomomola|Flip Turn|p2a: Toxapex
|-resisted|p2a: Toxapex
|-damage|p2a: Toxapex|74/100
|
|t:|1778507362
|switch|p1a: Latios|Latios, M, tera:Water|65/100 par|[from] Flip Turn
|move|p2a: Toxapex|Lunge|p1a: Latios
|-damage|p1a: Latios|49/100 par
|-unboost|p1a: Latios|atk|1
|
|-heal|p1a: Latios|100/100 par|[from] move: Wish|[wisher] Alomomola
|-heal|p2a: Toxapex|80/100|[from] item: Leftovers
|upkeep
|turn|109
|
|t:|1778507374
|switch|p2a: Weezing|Weezing-Galar, F|42/100
|move|p1a: Latios|Draco Meteor|p2a: Weezing
|-immune|p2a: Weezing
|
|upkeep
|turn|110
|
|t:|1778507383
|switch|p2a: Blissey|Blissey, F|99/100
|move|p1a: Latios|Surf|p2a: Blissey
|-damage|p2a: Blissey|85/100
|
|-heal|p2a: Blissey|91/100|[from] item: Leftovers
|upkeep
|turn|111
|
|t:|1778507394
|move|p1a: Latios|Aura Sphere|p2a: Blissey
|-supereffective|p2a: Blissey
|-damage|p2a: Blissey|71/100
|move|p2a: Blissey|Stealth Rock|p1a: Latios
|-sidestart|p1: yatsalgado|move: Stealth Rock
|
|-heal|p2a: Blissey|77/100|[from] item: Leftovers
|upkeep
|turn|112
|inactive|FlintAndSteelType has 90 seconds left.
|
|t:|1778507417
|move|p1a: Latios|Aura Sphere|p2a: Blissey
|-supereffective|p2a: Blissey
|-damage|p2a: Blissey|57/100
|move|p2a: Blissey|Seismic Toss|p1a: Latios
|-damage|p1a: Latios|67/100 par
|
|-heal|p2a: Blissey|64/100|[from] item: Leftovers
|upkeep
|turn|113
|
|t:|1778507426
|move|p1a: Latios|Aura Sphere|p2a: Blissey
|-supereffective|p2a: Blissey
|-damage|p2a: Blissey|44/100
|move|p2a: Blissey|Soft-Boiled|p2a: Blissey
|-heal|p2a: Blissey|94/100
|
|-heal|p2a: Blissey|99/100|[from] item: Leftovers
|upkeep
|turn|114
|
|t:|1778507435
|move|p1a: Latios|Aura Sphere|p2a: Blissey
|-supereffective|p2a: Blissey
|-damage|p2a: Blissey|82/100
|move|p2a: Blissey|Seismic Toss|p1a: Latios
|-damage|p1a: Latios|34/100 par
|
|-heal|p2a: Blissey|88/100|[from] item: Leftovers
|upkeep
|turn|115
|
|t:|1778507445
|switch|p1a: Alomomola|Alomomola, F|74/100 tox
|-damage|p1a: Alomomola|62/100 tox|[from] Spikes
|-damage|p1a: Alomomola|49/100 tox|[from] Stealth Rock
|move|p2a: Blissey|Seismic Toss|p1a: Alomomola
|-damage|p1a: Alomomola|30/100 tox
|
|-heal|p2a: Blissey|94/100|[from] item: Leftovers
|-damage|p1a: Alomomola|24/100 tox|[from] psn
|upkeep
|turn|116
|
|t:|1778507456
|move|p1a: Alomomola|Flip Turn|p2a: Blissey
|-damage|p2a: Blissey|80/100
|
|t:|1778507459
|switch|p1a: Corviknight|Corviknight, M|99/100 par|[from] Flip Turn
|-damage|p1a: Corviknight|87/100 par|[from] Stealth Rock
|-ability|p1a: Corviknight|Pressure
|move|p2a: Blissey|Seismic Toss|p1a: Corviknight
|-damage|p1a: Corviknight|61/100 par
|
|-heal|p2a: Blissey|86/100|[from] item: Leftovers
|upkeep
|turn|117
|
|t:|1778507470
|switch|p2a: Weezing|Weezing-Galar, F|42/100
|move|p1a: Corviknight|Body Press|p2a: Weezing
|-resisted|p2a: Weezing
|-damage|p2a: Weezing|39/100
|
|upkeep
|turn|118
|
|t:|1778507480
|move|p2a: Weezing|Pain Split|p1a: Corviknight
|-sethp|p1a: Corviknight|47/100 par|[from] move: Pain Split|[silent]
|-sethp|p2a: Weezing|54/100|[from] move: Pain Split
|cant|p1a: Corviknight|par
|
|upkeep
|turn|119
|
|t:|1778507490
|switch|p2a: Gliscor|Gliscor, F, tera:Water|62/100 tox
|cant|p1a: Corviknight|par
|
|-heal|p2a: Gliscor|75/100 tox|[from] ability: Poison Heal
|upkeep
|turn|120
|
|t:|1778507500
|move|p2a: Gliscor|Knock Off|p1a: Corviknight
|-damage|p1a: Corviknight|38/100 par
|move|p1a: Corviknight|Defog|p2a: Gliscor
|-unboost|p2a: Gliscor|evasion|1
|-sideend|p1: yatsalgado|Spikes|[from] move: Defog|[of] p1a: Corviknight
|-sideend|p1: yatsalgado|Toxic Spikes|[from] move: Defog|[of] p1a: Corviknight
|-sideend|p1: yatsalgado|Stealth Rock|[from] move: Defog|[of] p1a: Corviknight
|
|-heal|p2a: Gliscor|87/100 tox|[from] ability: Poison Heal
|upkeep
|turn|121
|
|t:|1778507510
|move|p2a: Gliscor|Spikes|p1a: Corviknight
|-sidestart|p1: yatsalgado|Spikes
|move|p1a: Corviknight|Roost|p1a: Corviknight
|-heal|p1a: Corviknight|88/100 par
|-singleturn|p1a: Corviknight|move: Roost
|
|-heal|p2a: Gliscor|99/100 tox|[from] ability: Poison Heal
|upkeep
|turn|122
|
|t:|1778507520
|switch|p1a: Alomomola|Alomomola, F|58/100 tox
|-damage|p1a: Alomomola|45/100 tox|[from] Spikes
|move|p2a: Gliscor|Spikes|p1a: Alomomola
|-sidestart|p1: yatsalgado|Spikes
|
|-heal|p2a: Gliscor|100/100 tox|[from] ability: Poison Heal
|-damage|p1a: Alomomola|39/100 tox|[from] psn
|upkeep
|turn|123
|
|t:|1778507530
|switch|p1a: Corviknight|Corviknight, M|88/100 par
|-ability|p1a: Corviknight|Pressure
|move|p2a: Gliscor|Earthquake|p1a: Corviknight
|-immune|p1a: Corviknight
|
|upkeep
|turn|124
|
|t:|1778507539
|move|p2a: Gliscor|Knock Off|p1a: Corviknight
|-damage|p1a: Corviknight|78/100 par
|move|p1a: Corviknight|Defog|p2a: Gliscor
|-unboost|p2a: Gliscor|evasion|1
|-sideend|p1: yatsalgado|Spikes|[from] move: Defog|[of] p1a: Corviknight
|
|upkeep
|turn|125
|
|t:|1778507547
|switch|p1a: Alomomola|Alomomola, F|72/100 tox
|move|p2a: Gliscor|Spikes|p1a: Alomomola
|-sidestart|p1: yatsalgado|Spikes
|
|-damage|p1a: Alomomola|66/100 tox|[from] psn
|upkeep
|turn|126
|inactive|FlintAndSteelType has 60 seconds left.
|
|t:|1778507567
|switch|p2a: Blissey|Blissey, F|86/100
|move|p1a: Alomomola|Wish|p1a: Alomomola
|
|-heal|p2a: Blissey|93/100|[from] item: Leftovers
|-damage|p1a: Alomomola|54/100 tox|[from] psn
|upkeep
|turn|127
|
|t:|1778507575
|move|p1a: Alomomola|Flip Turn|p2a: Blissey
|-damage|p2a: Blissey|78/100
|
|t:|1778507579
|switch|p1a: Latios|Latios, M, tera:Water|34/100 par|[from] Flip Turn
|move|p2a: Blissey|Seismic Toss|p1a: Latios
|-damage|p1a: Latios|1/100 par
|
|-heal|p1a: Latios|90/100 par|[from] move: Wish|[wisher] Alomomola
|-heal|p2a: Blissey|84/100|[from] item: Leftovers
|upkeep
|turn|128
|inactive|FlintAndSteelType has 60 seconds left.
|
|t:|1778507591
|switch|p1a: Alomomola|Alomomola, F|87/100 tox
|-damage|p1a: Alomomola|75/100 tox|[from] Spikes
|move|p2a: Blissey|Stealth Rock|p1a: Alomomola
|-sidestart|p1: yatsalgado|move: Stealth Rock
|
|-heal|p2a: Blissey|90/100|[from] item: Leftovers
|-damage|p1a: Alomomola|69/100 tox|[from] psn
|upkeep
|turn|129
|inactive|yatsalgado has 90 seconds left.
|
|t:|1778507602
|move|p1a: Alomomola|Flip Turn|p2a: Blissey
|-damage|p2a: Blissey|77/100
|
|t:|1778507604
|switch|p1a: Corviknight|Corviknight, M|78/100 par|[from] Flip Turn
|-damage|p1a: Corviknight|66/100 par|[from] Stealth Rock
|-ability|p1a: Corviknight|Pressure
|move|p2a: Blissey|Seismic Toss|p1a: Corviknight
|-damage|p1a: Corviknight|40/100 par
|
|-heal|p2a: Blissey|83/100|[from] item: Leftovers
|upkeep
|turn|130
|inactive|FlintAndSteelType has 60 seconds left.
|inactive|yatsalgado has 90 seconds left.
|
|t:|1778507616
|move|p2a: Blissey|Seismic Toss|p1a: Corviknight
|-damage|p1a: Corviknight|14/100 par
|move|p1a: Corviknight|Defog|p2a: Blissey
|-unboost|p2a: Blissey|evasion|1
|-sideend|p1: yatsalgado|Spikes|[from] move: Defog|[of] p1a: Corviknight
|-sideend|p1: yatsalgado|Stealth Rock|[from] move: Defog|[of] p1a: Corviknight
|
|-heal|p2a: Blissey|89/100|[from] item: Leftovers
|upkeep
|turn|131
|inactive|yatsalgado has 90 seconds left.
|
|t:|1778507629
|switch|p1a: Alomomola|Alomomola, F|100/100 tox
|move|p2a: Blissey|Seismic Toss|p1a: Alomomola
|-damage|p1a: Alomomola|82/100 tox
|
|-heal|p2a: Blissey|95/100|[from] item: Leftovers
|-damage|p1a: Alomomola|76/100 tox|[from] psn
|upkeep
|turn|132
|
|t:|1778507639
|move|p1a: Alomomola|Wish|p1a: Alomomola
|move|p2a: Blissey|Stealth Rock|p1a: Alomomola
|-sidestart|p1: yatsalgado|move: Stealth Rock
|
|-heal|p2a: Blissey|100/100|[from] item: Leftovers
|-damage|p1a: Alomomola|63/100 tox|[from] psn
|upkeep
|turn|133
|
|t:|1778507651
|move|p1a: Alomomola|Scald|p2a: Blissey
|-damage|p2a: Blissey|96/100
|move|p2a: Blissey|Seismic Toss|p1a: Alomomola
|-damage|p1a: Alomomola|45/100 tox
|
|-heal|p1a: Alomomola|95/100 tox|[from] move: Wish|[wisher] Alomomola
|-heal|p2a: Blissey|100/100|[from] item: Leftovers
|-damage|p1a: Alomomola|76/100 tox|[from] psn
|upkeep
|turn|134
|
|t:|1778507665
|switch|p2a: Toxapex|Toxapex, M|100/100
|move|p1a: Alomomola|Scald|p2a: Toxapex
|-resisted|p2a: Toxapex
|-damage|p2a: Toxapex|97/100
|
|-heal|p2a: Toxapex|100/100|[from] item: Leftovers
|-damage|p1a: Alomomola|51/100 tox|[from] psn
|upkeep
|turn|135
|
|t:|1778507679
|switch|p2a: Weezing|Weezing-Galar, F|54/100
|move|p1a: Alomomola|Flip Turn|p2a: Weezing
|-damage|p2a: Weezing|46/100
|
|t:|1778507694
|switch|p1a: Darkrai|Darkrai|23/100 par|[from] Flip Turn
|-damage|p1a: Darkrai|10/100 par|[from] Stealth Rock
|
|upkeep
|turn|136
|
|t:|1778507703
|switch|p2a: Blissey|Blissey, F|100/100
|move|p1a: Darkrai|Sludge Bomb|p2a: Blissey
|-damage|p2a: Blissey|87/100
|-damage|p1a: Darkrai|0 fnt|[from] item: Life Orb
|faint|p1a: Darkrai
|
|-heal|p2a: Blissey|93/100|[from] item: Leftovers
|upkeep
|
|t:|1778507714
|switch|p1a: Corviknight|Corviknight, M|14/100 par
|-damage|p1a: Corviknight|2/100 par|[from] Stealth Rock
|-ability|p1a: Corviknight|Pressure
|turn|137
|
|t:|1778507723
|move|p2a: Blissey|Seismic Toss|p1a: Corviknight
|-damage|p1a: Corviknight|0 fnt
|faint|p1a: Corviknight
|
|-heal|p2a: Blissey|99/100|[from] item: Leftovers
|upkeep
|inactive|yatsalgado has 60 seconds left.
|
|t:|1778507735
|switch|p1a: Alomomola|Alomomola, F|85/100 tox
|-damage|p1a: Alomomola|72/100 tox|[from] Stealth Rock
|turn|138
|
|t:|1778507744
|switch|p2a: Gliscor|Gliscor, F, tera:Water|100/100 tox
|move|p1a: Alomomola|Scald|p2a: Gliscor
|-resisted|p2a: Gliscor
|-damage|p2a: Gliscor|95/100 tox
|
|-heal|p2a: Gliscor|100/100 tox|[from] ability: Poison Heal
|-damage|p1a: Alomomola|66/100 tox|[from] psn
|upkeep
|turn|139
|
|t:|1778507754
|move|p2a: Gliscor|Spikes|p1a: Alomomola
|-sidestart|p1: yatsalgado|Spikes
|move|p1a: Alomomola|Flip Turn|p2a: Gliscor
|-resisted|p2a: Gliscor
|-damage|p2a: Gliscor|96/100 tox
|
|t:|1778507759
|switch|p1a: Latios|Latios, M, tera:Water|90/100 par|[from] Flip Turn
|-damage|p1a: Latios|77/100 par|[from] Stealth Rock
|
|-heal|p2a: Gliscor|100/100 tox|[from] ability: Poison Heal
|upkeep
|turn|140
|inactive|yatsalgado has 60 seconds left.
|
|t:|1778507771
|move|p2a: Gliscor|Protect|p2a: Gliscor
|-singleturn|p2a: Gliscor|Protect
|move|p1a: Latios|Draco Meteor|p2a: Gliscor
|-activate|p2a: Gliscor|move: Protect
|
|upkeep
|turn|141
|inactive|yatsalgado has 60 seconds left.
|
|t:|1778507778
|switch|p2a: Toxapex|Toxapex, M|100/100
|move|p1a: Latios|Draco Meteor|p2a: Toxapex
|-damage|p2a: Toxapex|56/100
|-unboost|p1a: Latios|spa|2
|
|-heal|p2a: Toxapex|62/100|[from] item: Leftovers
|upkeep
|turn|142
|inactive|yatsalgado has 60 seconds left.
|
|t:|1778507787
|switch|p1a: Alomomola|Alomomola, F|99/100 tox
|-damage|p1a: Alomomola|87/100 tox|[from] Stealth Rock
|-damage|p1a: Alomomola|75/100 tox|[from] Spikes
|switch|p2a: Weezing|Weezing-Galar, F|46/100
|
|-damage|p1a: Alomomola|68/100 tox|[from] psn
|upkeep
|turn|143
|inactive|yatsalgado has 60 seconds left.
|
|t:|1778507799
|move|p1a: Alomomola|Flip Turn|p2a: Weezing
|-damage|p2a: Weezing|38/100
|
|t:|1778507801
|switch|p1a: Latios|Latios, M, tera:Water|77/100 par|[from] Flip Turn
|-damage|p1a: Latios|65/100 par|[from] Stealth Rock
|move|p2a: Weezing|Pain Split|p1a: Latios
|-sethp|p1a: Latios|53/100 par|[from] move: Pain Split|[silent]
|-sethp|p2a: Weezing|48/100|[from] move: Pain Split
|
|upkeep
|turn|144
|inactive|yatsalgado has 60 seconds left.
|
|t:|1778507811
|switch|p2a: Blissey|Blissey, F|99/100
|move|p1a: Latios|Surf|p2a: Blissey
|-damage|p2a: Blissey|83/100
|
|-heal|p2a: Blissey|89/100|[from] item: Leftovers
|upkeep
|turn|145
|inactive|yatsalgado has 60 seconds left.
|
|t:|1778507825
|move|p1a: Latios|Aura Sphere|p2a: Blissey
|-supereffective|p2a: Blissey
|-crit|p2a: Blissey
|-damage|p2a: Blissey|63/100
|move|p2a: Blissey|Seismic Toss|p1a: Latios
|-damage|p1a: Latios|20/100 par
|
|-heal|p2a: Blissey|69/100|[from] item: Leftovers
|upkeep
|turn|146
|inactive|yatsalgado has 60 seconds left.
|
|t:|1778507843
|switch|p1a: Alomomola|Alomomola, F|100/100 tox
|-damage|p1a: Alomomola|88/100 tox|[from] Stealth Rock
|-damage|p1a: Alomomola|76/100 tox|[from] Spikes
|move|p2a: Blissey|Seismic Toss|p1a: Alomomola
|-damage|p1a: Alomomola|57/100 tox
|
|-heal|p2a: Blissey|75/100|[from] item: Leftovers
|-damage|p1a: Alomomola|51/100 tox|[from] psn
|upkeep
|turn|147
|inactive|yatsalgado has 60 seconds left.
|inactive|FlintAndSteelType has 30 seconds left.
|
|t:|1778507860
|switch|p2a: Weezing|Weezing-Galar, F|48/100
|move|p1a: Alomomola|Wish|p1a: Alomomola
|
|-damage|p1a: Alomomola|39/100 tox|[from] psn
|upkeep
|turn|148
|inactive|FlintAndSteelType has 30 seconds left.
|inactive|FlintAndSteelType has 20 seconds left.
|
|t:|1778507875
|switch|p2a: Gliscor|Gliscor, F, tera:Water|100/100 tox
|move|p1a: Alomomola|Flip Turn|p2a: Gliscor
|-resisted|p2a: Gliscor
|-damage|p2a: Gliscor|96/100 tox
|
|t:|1778507881
|switch|p1a: Latios|Latios, M, tera:Water|20/100 par|[from] Flip Turn
|-damage|p1a: Latios|8/100 par|[from] Stealth Rock
|
|-heal|p1a: Latios|97/100 par|[from] move: Wish|[wisher] Alomomola
|-heal|p2a: Gliscor|100/100 tox|[from] ability: Poison Heal
|upkeep
|turn|149
|inactive|FlintAndSteelType has 30 seconds left this turn.
|
|t:|1778507896
|switch|p2a: Blissey|Blissey, F|75/100
|move|p1a: Latios|Draco Meteor|p2a: Blissey
|-damage|p2a: Blissey|52/100
|-unboost|p1a: Latios|spa|2
|
|-heal|p2a: Blissey|59/100|[from] item: Leftovers
|upkeep
|turn|150
|inactive|FlintAndSteelType has 30 seconds left this turn.
|inactive|FlintAndSteelType has 20 seconds left.
|
|t:|1778507907
|switch|p1a: Alomomola|Alomomola, F|72/100 tox
|-damage|p1a: Alomomola|59/100 tox|[from] Stealth Rock
|-damage|p1a: Alomomola|47/100 tox|[from] Spikes
|move|p2a: Blissey|Soft-Boiled|p2a: Blissey
|-heal|p2a: Blissey|100/100
|
|-damage|p1a: Alomomola|41/100 tox|[from] psn
|upkeep
|turn|151
|inactive|FlintAndSteelType has 25 seconds left this turn.
|inactive|FlintAndSteelType has 20 seconds left.
|inactive|FlintAndSteelType has 15 seconds left.
|
|t:|1778507919
|switch|p2a: Toxapex|Toxapex, M|95/100
|move|p1a: Alomomola|Wish|p1a: Alomomola
|
|-heal|p2a: Toxapex|100/100|[from] item: Leftovers
|-damage|p1a: Alomomola|29/100 tox|[from] psn
|upkeep
|turn|152
|inactive|FlintAndSteelType has 20 seconds left this turn.
|
|t:|1778507926
|move|p1a: Alomomola|Scald|p2a: Toxapex
|-resisted|p2a: Toxapex
|-damage|p2a: Toxapex|97/100
|move|p2a: Toxapex|Lunge|p1a: Alomomola
|-damage|p1a: Alomomola|22/100 tox
|-unboost|p1a: Alomomola|atk|1
|
|-heal|p1a: Alomomola|72/100 tox|[from] move: Wish|[wisher] Alomomola
|-heal|p2a: Toxapex|100/100|[from] item: Leftovers
|-damage|p1a: Alomomola|53/100 tox|[from] psn
|upkeep
|turn|153
|inactive|FlintAndSteelType has 25 seconds left this turn.
|inactive|yatsalgado has 30 seconds left.
|
|t:|1778507940
|move|p1a: Alomomola|Flip Turn|p2a: Toxapex
|-resisted|p2a: Toxapex
|-damage|p2a: Toxapex|97/100
|
|t:|1778507944
|switch|p1a: Latios|Latios, M, tera:Water|97/100 par|[from] Flip Turn
|-damage|p1a: Latios|84/100 par|[from] Stealth Rock
|move|p2a: Toxapex|Lunge|p1a: Latios
|-crit|p1a: Latios
|-damage|p1a: Latios|59/100 par
|-unboost|p1a: Latios|atk|1
|
|-heal|p2a: Toxapex|100/100|[from] item: Leftovers
|upkeep
|turn|154
|inactive|yatsalgado has 30 seconds left.
|inactive|yatsalgado has 20 seconds left.
|
|t:|1778507966
|move|p1a: Latios|Surf|p2a: Toxapex
|-resisted|p2a: Toxapex
|-damage|p2a: Toxapex|85/100
|move|p2a: Toxapex|Lunge|p1a: Latios
|-crit|p1a: Latios
|-damage|p1a: Latios|34/100 par
|-unboost|p1a: Latios|atk|1
|
|-heal|p2a: Toxapex|91/100|[from] item: Leftovers
|upkeep
|turn|155
|inactive|yatsalgado has 25 seconds left this turn.
|inactive|yatsalgado has 20 seconds left.
|inactive|yatsalgado has 15 seconds left.
|
|t:|1778507977
|switch|p1a: Alomomola|Alomomola, F|87/100 tox
|-damage|p1a: Alomomola|74/100 tox|[from] Stealth Rock
|-damage|p1a: Alomomola|62/100 tox|[from] Spikes
|move|p2a: Toxapex|Lunge|p1a: Alomomola
|-damage|p1a: Alomomola|55/100 tox
|-unboost|p1a: Alomomola|atk|1
|
|-heal|p2a: Toxapex|98/100|[from] item: Leftovers
|-damage|p1a: Alomomola|49/100 tox|[from] psn
|upkeep
|turn|156
|inactive|yatsalgado has 20 seconds left this turn.
|inactive|yatsalgado has 15 seconds left.
|inactive|yatsalgado has 10 seconds left.
|
|t:|1778507990
|move|p1a: Alomomola|Wish|p1a: Alomomola
|move|p2a: Toxapex|Lunge|p1a: Alomomola
|-damage|p1a: Alomomola|43/100 tox
|-unboost|p1a: Alomomola|atk|1
|
|-heal|p2a: Toxapex|100/100|[from] item: Leftovers
|-damage|p1a: Alomomola|31/100 tox|[from] psn
|upkeep
|turn|157
|inactive|yatsalgado has 15 seconds left this turn.
|inactive|yatsalgado has 10 seconds left.
|
|t:|1778507999
|move|p1a: Alomomola|Flip Turn|p2a: Toxapex
|-resisted|p2a: Toxapex
|-damage|p2a: Toxapex|98/100
|inactive|yatsalgado has 15 seconds left this turn.
|
|t:|1778508001
|switch|p1a: Latios|Latios, M, tera:Water|34/100 par|[from] Flip Turn
|-damage|p1a: Latios|22/100 par|[from] Stealth Rock
|move|p2a: Toxapex|Lunge|p1a: Latios
|-damage|p1a: Latios|8/100 par
|-unboost|p1a: Latios|atk|1
|
|-heal|p1a: Latios|97/100 par|[from] move: Wish|[wisher] Alomomola
|-heal|p2a: Toxapex|100/100|[from] item: Leftovers
|upkeep
|turn|158
|inactive|yatsalgado has 20 seconds left this turn.
|inactive|yatsalgado has 15 seconds left.
|inactive|yatsalgado has 10 seconds left.
|
|t:|1778508013
|cant|p1a: Latios|par
|move|p2a: Toxapex|Lunge|p1a: Latios
|-damage|p1a: Latios|81/100 par
|-unboost|p1a: Latios|atk|1
|
|upkeep
|turn|159
|inactive|yatsalgado has 15 seconds left this turn.
|inactive|yatsalgado has 10 seconds left.
|
|t:|1778508020
|move|p1a: Latios|Draco Meteor|p2a: Toxapex
|-damage|p2a: Toxapex|56/100
|-unboost|p1a: Latios|spa|2
|move|p2a: Toxapex|Lunge|p1a: Latios
|-damage|p1a: Latios|66/100 par
|-unboost|p1a: Latios|atk|1
|
|-heal|p2a: Toxapex|62/100|[from] item: Leftovers
|upkeep
|turn|160
|inactive|yatsalgado has 15 seconds left this turn.
|inactive|yatsalgado has 10 seconds left.
|inactive|yatsalgado has 5 seconds left.
|
|t:|1778508031
|switch|p2a: Blissey|Blissey, F|100/100
|cant|p1a: Latios|par
|
|upkeep
|turn|161
|inactive|yatsalgado has 10 seconds left this turn.
|inactive|yatsalgado has 5 seconds left.
|
|t:|1778508037
|move|p1a: Latios|Surf|p2a: Blissey
|-damage|p2a: Blissey|93/100
|move|p2a: Blissey|Seismic Toss|p1a: Latios
|-damage|p1a: Latios|32/100 par
|
|-heal|p2a: Blissey|99/100|[from] item: Leftovers
|upkeep
|turn|162
|inactive|yatsalgado has 10 seconds left this turn.
|inactive|yatsalgado has 5 seconds left.
|
|t:|1778508045
|switch|p1a: Alomomola|Alomomola, F|64/100 tox
|-damage|p1a: Alomomola|52/100 tox|[from] Stealth Rock
|-damage|p1a: Alomomola|39/100 tox|[from] Spikes
|switch|p2a: Gliscor|Gliscor, F, tera:Water|100/100 tox
|
|-damage|p1a: Alomomola|33/100 tox|[from] psn
|upkeep
|turn|163
|inactive|yatsalgado has 10 seconds left this turn.
|inactive|yatsalgado has 5 seconds left.
|
|t:|1778508052
|move|p2a: Gliscor|Knock Off|p1a: Alomomola
|-damage|p1a: Alomomola|26/100 tox
|move|p1a: Alomomola|Flip Turn|p2a: Gliscor
|-resisted|p2a: Gliscor
|-damage|p2a: Gliscor|96/100 tox
|inactive|yatsalgado has 10 seconds left this turn.
|
|t:|1778508055
|switch|p1a: Latios|Latios, M, tera:Water|32/100 par|[from] Flip Turn
|-damage|p1a: Latios|20/100 par|[from] Stealth Rock
|
|-heal|p2a: Gliscor|100/100 tox|[from] ability: Poison Heal
|upkeep
|turn|164
|inactive|yatsalgado has 15 seconds left this turn.
|inactive|yatsalgado has 10 seconds left.
|
|t:|1778508063
|switch|p2a: Blissey|Blissey, F|99/100
|switch|p1a: Alomomola|Alomomola, F|59/100 tox
|-damage|p1a: Alomomola|47/100 tox|[from] Stealth Rock
|-damage|p1a: Alomomola|34/100 tox|[from] Spikes
|
|-heal|p2a: Blissey|100/100|[from] item: Leftovers
|-damage|p1a: Alomomola|28/100 tox|[from] psn
|upkeep
|turn|165
|inactive|yatsalgado has 15 seconds left this turn.
|inactive|yatsalgado has 10 seconds left.
|
|t:|1778508072
|move|p1a: Alomomola|Wish|p1a: Alomomola
|move|p2a: Blissey|Stealth Rock||[still]
|-fail|p2a: Blissey
|
|-damage|p1a: Alomomola|16/100 tox|[from] psn
|upkeep
|turn|166
|inactive|yatsalgado has 15 seconds left this turn.
|inactive|yatsalgado has 10 seconds left.
|
|t:|1778508079
|move|p1a: Alomomola|Scald|p2a: Blissey
|-damage|p2a: Blissey|96/100
|-status|p2a: Blissey|brn
|move|p2a: Blissey|Stealth Rock||[still]
|-fail|p2a: Blissey
|
|-heal|p1a: Alomomola|66/100 tox|[from] move: Wish|[wisher] Alomomola
|-heal|p2a: Blissey|100/100 brn|[from] item: Leftovers
|-damage|p1a: Alomomola|47/100 tox|[from] psn
|-damage|p2a: Blissey|94/100 brn|[from] brn
|upkeep
|turn|167
|inactive|yatsalgado has 15 seconds left this turn.
|inactive|yatsalgado has 10 seconds left.
|
|t:|1778508087
|move|p1a: Alomomola|Wish|p1a: Alomomola
|move|p2a: Blissey|Stealth Rock||[still]
|-fail|p2a: Blissey
|
|-heal|p2a: Blissey|100/100 brn|[from] item: Leftovers
|-damage|p1a: Alomomola|23/100 tox|[from] psn
|-damage|p2a: Blissey|94/100 brn|[from] brn
|upkeep
|turn|168
|inactive|yatsalgado has 15 seconds left this turn.
|
|t:|1778508093
|-curestatus|p2a: Blissey|brn|[from] ability: Natural Cure|[silent]
|switch|p2a: Gliscor|Gliscor, F, tera:Water|100/100 tox
|move|p1a: Alomomola|Flip Turn|p2a: Gliscor
|-resisted|p2a: Gliscor
|-crit|p2a: Gliscor
|-damage|p2a: Gliscor|94/100 tox
|inactive|yatsalgado has 20 seconds left this turn.
|inactive|yatsalgado has 15 seconds left.
|
|t:|1778508100
|switch|p1a: Latios|Latios, M, tera:Water|20/100 par|[from] Flip Turn
|-damage|p1a: Latios|8/100 par|[from] Stealth Rock
|
|-heal|p1a: Latios|97/100 par|[from] move: Wish|[wisher] Alomomola
|-heal|p2a: Gliscor|100/100 tox|[from] ability: Poison Heal
|upkeep
|turn|169
|inactive|yatsalgado has 20 seconds left this turn.
|inactive|yatsalgado has 15 seconds left.
|inactive|yatsalgado has 10 seconds left.
|
|t:|1778508111
|switch|p2a: Blissey|Blissey, F|94/100
|move|p1a: Latios|Surf|p2a: Blissey
|-damage|p2a: Blissey|79/100
|
|-heal|p2a: Blissey|85/100|[from] item: Leftovers
|upkeep
|turn|170
|inactive|yatsalgado has 15 seconds left this turn.
|inactive|yatsalgado has 10 seconds left.
|
|t:|1778508119
|switch|p1a: Alomomola|Alomomola, F|56/100 tox
|-damage|p1a: Alomomola|44/100 tox|[from] Stealth Rock
|-damage|p1a: Alomomola|31/100 tox|[from] Spikes
|move|p2a: Blissey|Stealth Rock||[still]
|-fail|p2a: Blissey
|
|-heal|p2a: Blissey|91/100|[from] item: Leftovers
|-damage|p1a: Alomomola|25/100 tox|[from] psn
|upkeep
|turn|171
|inactive|yatsalgado has 15 seconds left this turn.
|inactive|yatsalgado has 10 seconds left.
|inactive|yatsalgado has 5 seconds left.
|
|t:|1778508132
|move|p1a: Alomomola|Flip Turn|p2a: Blissey
|-damage|p2a: Blissey|77/100
|inactive|yatsalgado has 10 seconds left this turn.
|
|t:|1778508135
|switch|p1a: Latios|Latios, M, tera:Water|97/100 par|[from] Flip Turn
|-damage|p1a: Latios|84/100 par|[from] Stealth Rock
|move|p2a: Blissey|Thunder Wave|p1a: Latios
|-fail|p1a: Latios|par
|
|-heal|p2a: Blissey|83/100|[from] item: Leftovers
|upkeep
|turn|172
|inactive|yatsalgado has 15 seconds left this turn.
|inactive|yatsalgado has 10 seconds left.
|inactive|yatsalgado has 5 seconds left.
|
|t:|1778508145
|move|p1a: Latios|Aura Sphere|p2a: Blissey
|-supereffective|p2a: Blissey
|-damage|p2a: Blissey|63/100
|move|p2a: Blissey|Stealth Rock||[still]
|-fail|p2a: Blissey
|
|-heal|p2a: Blissey|70/100|[from] item: Leftovers
|upkeep
|turn|173
|inactive|yatsalgado has 10 seconds left this turn.
|inactive|yatsalgado has 5 seconds left.
|
|t:|1778508154
|cant|p1a: Latios|par
|move|p2a: Blissey|Stealth Rock||[still]
|-fail|p2a: Blissey
|
|-heal|p2a: Blissey|76/100|[from] item: Leftovers
|upkeep
|turn|174
|inactive|yatsalgado has 10 seconds left this turn.
|inactive|yatsalgado has 5 seconds left.
|
|t:|1778508161
|switch|p2a: Toxapex|Toxapex, M|96/100
|cant|p1a: Latios|par
|
|-heal|p2a: Toxapex|100/100|[from] item: Leftovers
|upkeep
|turn|175
|inactive|yatsalgado has 10 seconds left this turn.
|inactive|yatsalgado has 5 seconds left.
|
|t:|1778508168
|move|p1a: Latios|Aura Sphere|p2a: Toxapex
|-resisted|p2a: Toxapex
|-damage|p2a: Toxapex|91/100
|move|p2a: Toxapex|Lunge|p1a: Latios
|-damage|p1a: Latios|68/100 par
|-unboost|p1a: Latios|atk|1
|
|-heal|p2a: Toxapex|98/100|[from] item: Leftovers
|upkeep
|turn|176
|inactive|yatsalgado has 10 seconds left this turn.
|inactive|yatsalgado has 5 seconds left.
|
|t:|1778508178
|move|p1a: Latios|Surf|p2a: Toxapex
|-resisted|p2a: Toxapex
|-damage|p2a: Toxapex|80/100
|move|p2a: Toxapex|Lunge|p1a: Latios
|-damage|p1a: Latios|52/100 par
|-unboost|p1a: Latios|atk|1
|
|-heal|p2a: Toxapex|86/100|[from] item: Leftovers
|upkeep
|turn|177
|inactive|yatsalgado has 10 seconds left this turn.
|inactive|yatsalgado has 5 seconds left.
|
|t:|1778508186
|switch|p1a: Alomomola|Alomomola, F|58/100 tox
|-damage|p1a: Alomomola|46/100 tox|[from] Stealth Rock
|-damage|p1a: Alomomola|34/100 tox|[from] Spikes
|move|p2a: Toxapex|Lunge|p1a: Alomomola
|-damage|p1a: Alomomola|27/100 tox
|-unboost|p1a: Alomomola|atk|1
|
|-heal|p2a: Toxapex|92/100|[from] item: Leftovers
|-damage|p1a: Alomomola|21/100 tox|[from] psn
|upkeep
|turn|178
|inactive|yatsalgado has 10 seconds left this turn.
|inactive|yatsalgado has 5 seconds left.
|-message|yatsalgado lost due to inactivity.
|
|win|FlintAndSteelType
|raw|yatsalgado's rating: 1301 &rarr; <strong>1278</strong><br />(-23 for losing)
|raw|FlintAndSteelType's rating: 1257 &rarr; <strong>1285</strong><br />(+28 for winning)
|l|☆yatsalgado
|player|p1|
|l|‽FlintAndSteelType
|player|p2|
