|html|<div class="broadcast-blue"><strong>[Gen 9] OU is currently suspecting Volcarona! For information on how to participate check out the <a href="https://www.smogon.com/tools/suspects/view/208">suspect thread</a>.</strong></div>
|j|☆MoncefTheW
|j|☆Guess My Avatar⧉
|t:|1778498438
|gametype|singles
|player|p1|MoncefTheW|psychic-gen4|1258
|player|p2|Guess My Avatar⧉|hilda-masters2|1267
|gen|9
|tier|[Gen 9] OU
|rated|
|rule|HP Percentage Mod: HP is shown in percentages
|rule|Endless Battle Clause: Forcing endless battles is banned
|rule|Species Clause: Limit one of each Pokémon
|rule|OHKO Clause: OHKO moves are banned
|rule|Evasion Items Clause: Evasion items are banned
|rule|Evasion Moves Clause: Evasion moves are banned
|rule|Evasion Abilities Clause: Evasion abilities are banned
|rule|Sleep Moves Clause: Sleep-inducing moves are banned
|clearpoke
|poke|p1|Meowscarada, F|
|poke|p1|Volcanion|
|poke|p1|Scizor, M|
|poke|p1|Mimikyu, M|
|poke|p1|Metagross|
|poke|p1|Iron Hands|
|poke|p2|Gliscor, F|
|poke|p2|Gholdengo|
|poke|p2|Ting-Lu|
|poke|p2|Zamazenta-*|
|poke|p2|Weavile, M|
|poke|p2|Glimmora, M|
|teampreview
|inactive|Battle timer is ON: inactive players will automatically lose when time's up. (requested by MoncefTheW)
|inactive|Guess My Avatar⧉ also wants the timer to be on.
|
|t:|1778498446
|teamsize|p1|6
|teamsize|p2|6
|start
|switch|p1a: Jolyne|Meowscarada, F, shiny|100/100
|switch|p2a: Glimmora|Glimmora, M|100/100
|turn|1
|inactive|MoncefTheW has 120 seconds left.
|inactive|MoncefTheW has 90 seconds left.
|
|t:|1778498510
|move|p1a: Jolyne|Thunder Punch|p2a: Glimmora
|-start|p1a: Jolyne|typechange|Electric|[from] ability: Protean
|-damage|p2a: Glimmora|33/100
|-status|p2a: Glimmora|par
|-activate|p2a: Glimmora|ability: Toxic Debris
|-sidestart|p1: MoncefTheW|move: Toxic Spikes
|cant|p2a: Glimmora|par
|
|upkeep
|turn|2
|inactive|MoncefTheW has 90 seconds left.
|
|t:|1778498546
|move|p1a: Jolyne|Thunder Punch|p2a: Glimmora
|-damage|p2a: Glimmora|0 fnt
|-activate|p2a: Glimmora|ability: Toxic Debris
|-sidestart|p1: MoncefTheW|move: Toxic Spikes
|faint|p2a: Glimmora
|
|upkeep
|
|t:|1778498560
|switch|p2a: Zamazenta|Zamazenta|100/100
|-ability|p2a: Zamazenta|Dauntless Shield|boost
|-boost|p2a: Zamazenta|def|1
|turn|3
|
|t:|1778498565
|move|p2a: Zamazenta|Close Combat|p1a: Jolyne
|-damage|p1a: Jolyne|13/100
|-unboost|p2a: Zamazenta|def|1
|-unboost|p2a: Zamazenta|spd|1
|move|p1a: Jolyne|Thunder Punch|p2a: Zamazenta
|-damage|p2a: Zamazenta|52/100
|-status|p2a: Zamazenta|par
|
|upkeep
|turn|4
|
|t:|1778498573
|switch|p2a: Ting-Lu|Ting-Lu|100/100
|-ability|p2a: Ting-Lu|Vessel of Ruin
|move|p1a: Jolyne|Thunder Punch|p2a: Ting-Lu
|-immune|p2a: Ting-Lu
|
|upkeep
|turn|5
|inactive|MoncefTheW has 90 seconds left.
|inactive|MoncefTheW has 60 seconds left.
|inactive|MoncefTheW has 30 seconds left.
|
|t:|1778498645
|switch|p1a: Josuke|Volcanion|100/100
|-status|p1a: Josuke|tox
|switch|p2a: Gliscor|Gliscor, F|100/100
|
|-damage|p1a: Josuke|95/100 tox|[from] psn
|-status|p2a: Gliscor|tox|[from] item: Toxic Orb
|upkeep
|turn|6
|inactive|MoncefTheW has 30 seconds left.
|inactive|MoncefTheW has 20 seconds left.
|inactive|MoncefTheW has 15 seconds left.
|
|t:|1778498675
|switch|p2a: Zamazenta|Zamazenta|52/100 par
|move|p1a: Josuke|Steam Eruption|p2a: Zamazenta
|-damage|p2a: Zamazenta|0 fnt
|faint|p2a: Zamazenta
|
|-heal|p1a: Josuke|100/100 tox|[from] item: Leftovers
|-damage|p1a: Josuke|89/100 tox|[from] psn
|upkeep
|
|t:|1778498681
|switch|p2a: Gholdengo|Gholdengo|100/100
|turn|7
|inactive|MoncefTheW has 30 seconds left this turn.
|
|t:|1778498685
|move|p2a: Gholdengo|Shadow Ball|p1a: Josuke
|-damage|p1a: Josuke|40/100 tox
|move|p1a: Josuke|Flamethrower|p2a: Gholdengo
|-supereffective|p2a: Gholdengo
|-damage|p2a: Gholdengo|0 fnt
|faint|p2a: Gholdengo
|
|-heal|p1a: Josuke|46/100 tox|[from] item: Leftovers
|-damage|p1a: Josuke|28/100 tox|[from] psn
|upkeep
|
|t:|1778498707
|switch|p2a: Gliscor|Gliscor, F|100/100 tox
|turn|8
|
|t:|1778498720
|move|p2a: Gliscor|Protect|p2a: Gliscor
|-singleturn|p2a: Gliscor|Protect
|move|p1a: Josuke|Steam Eruption|p2a: Gliscor
|-activate|p2a: Gliscor|move: Protect
|
|-heal|p1a: Josuke|34/100 tox|[from] item: Leftovers
|-damage|p1a: Josuke|10/100 tox|[from] psn
|upkeep
|turn|9
|
|t:|1778498729
|move|p1a: Josuke|Steam Eruption|p2a: Gliscor
|-supereffective|p2a: Gliscor
|-damage|p2a: Gliscor|0 fnt
|faint|p2a: Gliscor
|
|-heal|p1a: Josuke|16/100 tox|[from] item: Leftovers
|-damage|p1a: Josuke|0 fnt|[from] psn
|faint|p1a: Josuke
|upkeep
|
|t:|1778498735
|switch|p1a: Jolyne|Meowscarada, F, shiny|13/100
|switch|p2a: Ting-Lu|Ting-Lu|100/100
|-status|p1a: Jolyne|tox
|-ability|p2a: Ting-Lu|Vessel of Ruin
|turn|10
|
|t:|1778498742
|switch|p2a: Weavile|Weavile, M|100/100
|-ability|p2a: Weavile|Pressure
|move|p1a: Jolyne|Triple Axel|p2a: Weavile
|-start|p1a: Jolyne|typechange|Ice|[from] ability: Protean
|-resisted|p2a: Weavile
|-damage|p2a: Weavile|88/100
|-resisted|p2a: Weavile
|-damage|p2a: Weavile|64/100
|-resisted|p2a: Weavile
|-damage|p2a: Weavile|26/100
|-hitcount|p2a: Weavile|3
|
|-damage|p1a: Jolyne|7/100 tox|[from] psn
|upkeep
|turn|11
|inactive|MoncefTheW has 60 seconds left.
|
|t:|1778498768
|move|p2a: Weavile|False Swipe|p1a: Jolyne
|-damage|p1a: Jolyne|1/100 tox
|move|p1a: Jolyne|Triple Axel|p2a: Weavile
|-resisted|p2a: Weavile
|-damage|p2a: Weavile|15/100
|-resisted|p2a: Weavile
|-damage|p2a: Weavile|0 fnt
|faint|p2a: Weavile
|-hitcount|p2: Weavile|2
|
|-damage|p1a: Jolyne|0 fnt|[from] psn
|faint|p1a: Jolyne
|upkeep
|-message|Guess My Avatar⧉ forfeited.
|
|win|MoncefTheW
|raw|MoncefTheW's rating: 1258 &rarr; <strong>1284</strong><br />(+26 for winning)
|raw|Guess My Avatar⧉'s rating: 1267 &rarr; <strong>1241</strong><br />(-26 for losing)
|l|☆Guess My Avatar⧉
|player|p2|
