|html|<div class="broadcast-blue"><strong>[Gen 9] OU is currently suspecting Volcarona! For information on how to participate check out the <a href="https://www.smogon.com/tools/suspects/view/208">suspect thread</a>.</strong></div>
|j|☆ChickenMuncher2012
|j|☆bookywasmabyhere
|t:|1778502298
|gametype|singles
|player|p1|ChickenMuncher2012|hoopster|1183
|player|p2|bookywasmabyhere|hooligans|1146
|gen|9
|tier|[Gen 9] OU
|rated|
|rule|HP Percentage Mod: HP is shown in percentages
|rule|Endless Battle Clause: Forcing endless battles is banned
|rule|Species Clause: Limit one of each Pokémon
|rule|OHKO Clause: OHKO moves are banned
|rule|Evasion Items Clause: Evasion items are banned
|rule|Evasion Moves Clause: Evasion moves are banned
|rule|Evasion Abilities Clause: Evasion abilities are banned
|rule|Sleep Moves Clause: Sleep-inducing moves are banned
|clearpoke
|poke|p1|Gliscor, F|
|poke|p1|Gholdengo|
|poke|p1|Dragonite, M|
|poke|p1|Great Tusk|
|poke|p1|Slowking-Galar, M|
|poke|p1|Lycanroc-Dusk, M|
|poke|p2|Corviknight, M|
|poke|p2|Golurk|
|poke|p2|Ogerpon-Wellspring, F|
|poke|p2|Arcanine-Hisui, M|
|poke|p2|Zoroark-Hisui, F|
|poke|p2|Hitmontop, M|
|teampreview
|
|t:|1778502310
|teamsize|p1|6
|teamsize|p2|6
|start
|switch|p1a: Gliscor|Gliscor, F|100/100
|switch|p2a: Golurk|Golurk|100/100
|turn|1
|
|t:|1778502327
|switch|p2a: Golurk|Golurk|100/100
|move|p1a: Gliscor|Spikes|p2a: Golurk
|-sidestart|p2: bookywasmabyhere|Spikes
|
|-status|p1a: Gliscor|tox|[from] item: Toxic Orb
|upkeep
|turn|2
|
|t:|1778502336
|move|p1a: Gliscor|Earthquake|p2a: Golurk
|-damage|p2a: Golurk|64/100
|move|p2a: Golurk|Ice Punch|p1a: Gliscor
|-supereffective|p1a: Gliscor
|-damage|p1a: Gliscor|27/100 tox
|
|-heal|p2a: Golurk|70/100|[from] item: Leftovers
|-heal|p1a: Gliscor|39/100 tox|[from] ability: Poison Heal
|upkeep
|turn|3
|
|t:|1778502348
|move|p1a: Gliscor|Protect|p1a: Gliscor
|-singleturn|p1a: Gliscor|Protect
|move|p2a: Golurk|Ice Punch|p1a: Gliscor
|-activate|p1a: Gliscor|move: Protect
|
|-heal|p2a: Golurk|76/100|[from] item: Leftovers
|-heal|p1a: Gliscor|52/100 tox|[from] ability: Poison Heal
|upkeep
|turn|4
|inactive|Battle timer is ON: inactive players will automatically lose when time's up. (requested by ChickenMuncher2012)
|
|t:|1778502364
|switch|p1a: Slowking|Slowking-Galar, M|100/100
|move|p2a: Golurk|Ice Punch|p1a: Slowking
|-damage|p1a: Slowking|65/100
|
|-heal|p2a: Golurk|82/100|[from] item: Leftovers
|upkeep
|turn|5
|
|t:|1778502381
|switch|p1a: Great Tusk|Great Tusk|100/100
|move|p2a: Golurk|Poltergeist|p1a: Great Tusk
|-activate|p1a: Great Tusk|move: Poltergeist|Assault Vest
|-damage|p1a: Great Tusk|64/100
|
|-heal|p2a: Golurk|88/100|[from] item: Leftovers
|upkeep
|turn|6
|
|t:|1778502393
|move|p1a: Great Tusk|Ice Spinner|p2a: Golurk
|-supereffective|p2a: Golurk
|-damage|p2a: Golurk|40/100
|move|p2a: Golurk|Ice Punch|p1a: Great Tusk
|-supereffective|p1a: Great Tusk
|-damage|p1a: Great Tusk|23/100
|
|-heal|p2a: Golurk|46/100|[from] item: Leftovers
|upkeep
|turn|7
|
|t:|1778502410
|switch|p2a: Corviknight|Corviknight, M|100/100
|-ability|p2a: Corviknight|Unnerve
|move|p1a: Great Tusk|Ice Spinner|p2a: Corviknight
|-damage|p2a: Corviknight|80/100
|
|-heal|p2a: Corviknight|87/100|[from] item: Leftovers
|upkeep
|turn|8
|
|t:|1778502423
|move|p1a: Great Tusk|Rapid Spin|p2a: Corviknight
|-resisted|p2a: Corviknight
|-damage|p2a: Corviknight|81/100
|-boost|p1a: Great Tusk|spe|1
|move|p2a: Corviknight|Drill Peck|p1a: Great Tusk
|-supereffective|p1a: Great Tusk
|-damage|p1a: Great Tusk|0 fnt
|faint|p1a: Great Tusk
|-end|p1a: Great Tusk|Protosynthesis|[silent]
|
|-heal|p2a: Corviknight|87/100|[from] item: Leftovers
|upkeep
|
|t:|1778502447
|switch|p1a: Gliscor|Gliscor, F|52/100 tox
|turn|9
|
|t:|1778502459
|switch|p2a: Golurk|Golurk|46/100
|-damage|p2a: Golurk|34/100|[from] Spikes
|move|p1a: Gliscor|Protect||[still]
|-fail|p1a: Gliscor
|
|-heal|p2a: Golurk|40/100|[from] item: Leftovers
|-heal|p1a: Gliscor|64/100 tox|[from] ability: Poison Heal
|upkeep
|turn|10
|
|t:|1778502471
|move|p1a: Gliscor|Protect|p1a: Gliscor
|-singleturn|p1a: Gliscor|Protect
|move|p2a: Golurk|Ice Punch|p1a: Gliscor
|-activate|p1a: Gliscor|move: Protect
|
|-heal|p2a: Golurk|46/100|[from] item: Leftovers
|-heal|p1a: Gliscor|77/100 tox|[from] ability: Poison Heal
|upkeep
|turn|11
|
|t:|1778502482
|switch|p1a: Slowking|Slowking-Galar, M|98/100
|move|p2a: Golurk|Ice Punch|p1a: Slowking
|-damage|p1a: Slowking|65/100
|
|-heal|p2a: Golurk|52/100|[from] item: Leftovers
|upkeep
|turn|12
|
|t:|1778502490
|move|p2a: Golurk|Poltergeist|p1a: Slowking
|-activate|p1a: Slowking|move: Poltergeist|Heavy-Duty Boots
|-supereffective|p1a: Slowking
|-damage|p1a: Slowking|0 fnt
|faint|p1a: Slowking
|
|-heal|p2a: Golurk|58/100|[from] item: Leftovers
|upkeep
|
|t:|1778502503
|switch|p1a: Gholdengo|Gholdengo|100/100
|turn|13
|
|t:|1778502516
|move|p1a: Gholdengo|Shadow Ball|p2a: Golurk
|-supereffective|p2a: Golurk
|-damage|p2a: Golurk|0 fnt
|faint|p2a: Golurk
|
|upkeep
|
|t:|1778502525
|switch|p2a: Arcanine|Arcanine-Hisui, M|100/100
|-damage|p2a: Arcanine|88/100|[from] Spikes
|-ability|p2a: Arcanine|Intimidate|boost
|-unboost|p1a: Gholdengo|atk|1
|turn|14
|
|t:|1778502532
|switch|p1a: Gliscor|Gliscor, F|77/100 tox
|-terastallize|p2a: Arcanine|Fire
|move|p2a: Arcanine|Flare Blitz|p1a: Gliscor
|-damage|p1a: Gliscor|21/100 tox
|-damage|p2a: Arcanine|69/100|[from] Recoil
|-damage|p2a: Arcanine|59/100|[from] item: Life Orb
|
|-heal|p1a: Gliscor|34/100 tox|[from] ability: Poison Heal
|upkeep
|turn|15
|
|t:|1778502548
|move|p1a: Gliscor|Protect|p1a: Gliscor
|-singleturn|p1a: Gliscor|Protect
|move|p2a: Arcanine|Extreme Speed|p1a: Gliscor
|-activate|p1a: Gliscor|move: Protect
|
|-heal|p1a: Gliscor|46/100 tox|[from] ability: Poison Heal
|upkeep
|turn|16
|
|t:|1778502564
|switch|p1a: Dragonite|Dragonite, M|100/100
|move|p2a: Arcanine|Flare Blitz|p1a: Dragonite
|-resisted|p1a: Dragonite
|-damage|p1a: Dragonite|78/100
|-damage|p2a: Arcanine|51/100|[from] Recoil
|-damage|p2a: Arcanine|41/100|[from] item: Life Orb
|
|upkeep
|turn|17
|
|t:|1778502577
|move|p2a: Arcanine|Head Smash|p1a: Dragonite|[miss]
|-miss|p2a: Arcanine|p1a: Dragonite
|move|p1a: Dragonite|Earthquake|p2a: Arcanine
|-supereffective|p2a: Arcanine
|-damage|p2a: Arcanine|0 fnt
|faint|p2a: Arcanine
|
|upkeep
|
|t:|1778502588
|switch|p2a: Hitmontop|Hitmontop, M|100/100
|-damage|p2a: Hitmontop|88/100|[from] Spikes
|turn|18
|
|t:|1778502599
|move|p2a: Hitmontop|Nasty Plot|p2a: Hitmontop
|-boost|p2a: Hitmontop|spa|2
|move|p1a: Dragonite|Roost|p1a: Dragonite
|-heal|p1a: Dragonite|100/100
|-singleturn|p1a: Dragonite|move: Roost
|
|upkeep
|turn|19
|
|t:|1778502609
|move|p2a: Hitmontop|Shadow Ball|p1a: Dragonite
|-damage|p1a: Dragonite|61/100
|move|p1a: Dragonite|Dragon Dance|p1a: Dragonite
|-boost|p1a: Dragonite|atk|1
|-boost|p1a: Dragonite|spe|1
|
|upkeep
|turn|20
|
|t:|1778502617
|move|p2a: Hitmontop|Shadow Ball|p1a: Dragonite
|-crit|p1a: Dragonite
|-damage|p1a: Dragonite|0 fnt
|faint|p1a: Dragonite
|
|upkeep
|inactive|ChickenMuncher2012 has 120 seconds left.
|inactive|ChickenMuncher2012 has 90 seconds left.
|c|☆bookywasmabyhere|hurry up
|l|☆ChickenMuncher2012
|inactive|ChickenMuncher2012 disconnected and has a minute to reconnect!
|player|p1|
|c|☆bookywasmabyhere|bruh
|inactive|ChickenMuncher2012 has 30 seconds to reconnect!
|inactive|ChickenMuncher2012 has 20 seconds to reconnect!
|inactive|ChickenMuncher2012 has 15 seconds to reconnect!
|inactive|ChickenMuncher2012 has 10 seconds to reconnect!
|inactive|ChickenMuncher2012 has 5 seconds to reconnect!
|-message|ChickenMuncher2012 lost due to inactivity.
|
|win|bookywasmabyhere
|raw|ChickenMuncher2012's rating: 1183 &rarr; <strong>1155</strong><br />(-28 for losing)
|raw|bookywasmabyhere's rating: 1146 &rarr; <strong>1174</strong><br />(+28 for winning)
|l|☆bookywasmabyhere
|player|p2|
