|html|<div class="broadcast-blue"><strong>[Gen 9] OU is currently suspecting Tera Blast! For information on how to participate check out the <a href="https://www.smogon.com/tools/suspects/view/200">suspect thread</a>.</strong></div>
|j|☆Ares_1997
|j|☆4axes
|t:|1776074531
|gametype|singles
|player|p1|Ares_1997|265|1491
|player|p2|4axes|guitarist|1445
|gen|9
|tier|[Gen 9] OU
|rated|
|rule|HP Percentage Mod: HP is shown in percentages
|rule|Endless Battle Clause: Forcing endless battles is banned
|rule|Species Clause: Limit one of each Pokémon
|rule|OHKO Clause: OHKO moves are banned
|rule|Evasion Items Clause: Evasion items are banned
|rule|Evasion Moves Clause: Evasion moves are banned
|rule|Evasion Abilities Clause: Evasion abilities are banned
|rule|Sleep Moves Clause: Sleep-inducing moves are banned
|clearpoke
|poke|p1|Iron Crown|
|poke|p1|Enamorus, F|
|poke|p1|Great Tusk|
|poke|p1|Probopass, F|
|poke|p1|Deoxys-Speed|
|poke|p1|Dragapult, F|
|poke|p2|Zamazenta-*|
|poke|p2|Corviknight, F|
|poke|p2|Sinistcha|
|poke|p2|Gliscor, F|
|poke|p2|Clodsire, F|
|poke|p2|Zapdos|
|teampreview
|
|t:|1776074543
|teamsize|p1|6
|teamsize|p2|6
|start
|switch|p1a: Deoxys|Deoxys-Speed|100/100
|switch|p2a: Gliscor|Gliscor, F|100/100
|-ability|p1a: Deoxys|Pressure
|turn|1
|inactive|Battle timer is ON: inactive players will automatically lose when time's up. (requested by Ares_1997)
|
|t:|1776074548
|move|p2a: Gliscor|Protect|p2a: Gliscor
|-singleturn|p2a: Gliscor|Protect
|move|p1a: Deoxys|Knock Off|p2a: Gliscor
|-activate|p2a: Gliscor|move: Protect
|
|-status|p2a: Gliscor|tox|[from] item: Toxic Orb
|upkeep
|turn|2
|
|t:|1776074553
|move|p1a: Deoxys|Ice Beam|p2a: Gliscor
|-supereffective|p2a: Gliscor
|-damage|p2a: Gliscor|16/100 tox
|move|p2a: Gliscor|Knock Off|p1a: Deoxys
|-supereffective|p1a: Deoxys
|-crit|p1a: Deoxys
|-damage|p1a: Deoxys|2/100
|-enditem|p1a: Deoxys|Eject Pack|[from] move: Knock Off|[of] p2a: Gliscor
|
|-heal|p2a: Gliscor|29/100 tox|[from] ability: Poison Heal
|upkeep
|turn|3
|
|t:|1776074558
|move|p2a: Gliscor|Protect|p2a: Gliscor
|-singleturn|p2a: Gliscor|Protect
|move|p1a: Deoxys|Knock Off|p2a: Gliscor
|-activate|p2a: Gliscor|move: Protect
|
|-heal|p2a: Gliscor|41/100 tox|[from] ability: Poison Heal
|upkeep
|turn|4
|
|t:|1776074570
|switch|p2a: Corviknight|Corviknight, F|100/100
|-ability|p2a: Corviknight|Pressure
|move|p1a: Deoxys|Psycho Boost|p2a: Corviknight
|-resisted|p2a: Corviknight
|-damage|p2a: Corviknight|81/100
|-unboost|p1a: Deoxys|spa|2
|
|upkeep
|turn|5
|
|t:|1776074600
|switch|p2a: Gliscor|Gliscor, F|41/100 tox
|move|p1a: Deoxys|Knock Off|p2a: Gliscor
|-damage|p2a: Gliscor|22/100 tox
|-enditem|p2a: Gliscor|Toxic Orb|[from] move: Knock Off|[of] p1a: Deoxys
|
|-heal|p2a: Gliscor|35/100 tox|[from] ability: Poison Heal
|upkeep
|turn|6
|
|t:|1776074605
|move|p2a: Gliscor|Protect|p2a: Gliscor
|-singleturn|p2a: Gliscor|Protect
|move|p1a: Deoxys|Ice Beam|p2a: Gliscor
|-activate|p2a: Gliscor|move: Protect
|
|-heal|p2a: Gliscor|47/100 tox|[from] ability: Poison Heal
|upkeep
|turn|7
|
|t:|1776074612
|switch|p1a: Iron Crown|Iron Crown|100/100
|-enditem|p1a: Iron Crown|Booster Energy
|-activate|p1a: Iron Crown|ability: Quark Drive|[fromitem]
|-start|p1a: Iron Crown|quarkdrivespa
|switch|p2a: Corviknight|Corviknight, F|81/100
|-ability|p2a: Corviknight|Pressure
|
|upkeep
|turn|8
|
|t:|1776074626
|switch|p2a: Clodsire|Clodsire, F|100/100
|move|p1a: Iron Crown|Calm Mind|p1a: Iron Crown
|-boost|p1a: Iron Crown|spa|1
|-boost|p1a: Iron Crown|spd|1
|
|upkeep
|turn|9
|inactive|4axes has 120 seconds left.
|
|t:|1776074657
|move|p1a: Iron Crown|Agility|p1a: Iron Crown
|-boost|p1a: Iron Crown|spe|2
|move|p2a: Clodsire|Recover||[still]
|-fail|p2a: Clodsire|heal
|
|upkeep
|turn|10
|
|t:|1776074665
|move|p1a: Iron Crown|Calm Mind|p1a: Iron Crown
|-boost|p1a: Iron Crown|spa|1
|-boost|p1a: Iron Crown|spd|1
|move|p2a: Clodsire|Amnesia|p2a: Clodsire
|-boost|p2a: Clodsire|spd|2
|
|upkeep
|turn|11
|
|t:|1776074673
|-terastallize|p2a: Clodsire|Dark
|move|p1a: Iron Crown|Stored Power|p2a: Clodsire
|-immune|p2a: Clodsire
|move|p2a: Clodsire|Earthquake|p1a: Iron Crown
|-supereffective|p1a: Iron Crown
|-damage|p1a: Iron Crown|48/100
|
|upkeep
|turn|12
|
|t:|1776074679
|-end|p1a: Iron Crown|Quark Drive|[silent]
|switch|p1a: Deoxys|Deoxys-Speed|2/100
|-ability|p1a: Deoxys|Pressure
|move|p2a: Clodsire|Earthquake|p1a: Deoxys
|-damage|p1a: Deoxys|0 fnt
|faint|p1a: Deoxys
|
|upkeep
|
|t:|1776074685
|switch|p1a: Enamorus|Enamorus, F|100/100
|turn|13
|
|t:|1776074700
|switch|p2a: Corviknight|Corviknight, F|81/100
|-ability|p2a: Corviknight|Pressure
|move|p1a: Enamorus|Moonblast|p2a: Corviknight
|-resisted|p2a: Corviknight
|-damage|p2a: Corviknight|56/100
|
|upkeep
|turn|14
|
|t:|1776074706
|move|p1a: Enamorus|Calm Mind|p1a: Enamorus
|-boost|p1a: Enamorus|spa|1
|-boost|p1a: Enamorus|spd|1
|move|p2a: Corviknight|Roost|p2a: Corviknight
|-heal|p2a: Corviknight|100/100
|-singleturn|p2a: Corviknight|move: Roost
|
|upkeep
|turn|15
|
|t:|1776074709
|move|p1a: Enamorus|Agility|p1a: Enamorus
|-boost|p1a: Enamorus|spe|2
|move|p2a: Corviknight|Iron Head|p1a: Enamorus
|-supereffective|p1a: Enamorus
|-damage|p1a: Enamorus|24/100
|
|upkeep
|turn|16
|
|t:|1776074719
|switch|p1a: Probopass|Probopass, F|100/100
|move|p2a: Corviknight|Iron Head|p1a: Probopass
|-damage|p1a: Probopass|85/100
|-damage|p2a: Corviknight|84/100|[from] item: Rocky Helmet|[of] p1a: Probopass
|
|upkeep
|turn|17
|
|t:|1776074725
|move|p2a: Corviknight|Protect|p2a: Corviknight
|-singleturn|p2a: Corviknight|Protect
|move|p1a: Probopass|Thunder Wave|p2a: Corviknight
|-activate|p2a: Corviknight|move: Protect
|
|upkeep
|turn|18
|
|t:|1776074733
|move|p2a: Corviknight|Iron Head|p1a: Probopass
|-damage|p1a: Probopass|72/100
|-damage|p2a: Corviknight|67/100|[from] item: Rocky Helmet|[of] p1a: Probopass
|move|p1a: Probopass|Thunder Wave|p2a: Corviknight
|-status|p2a: Corviknight|par
|
|upkeep
|turn|19
|
|t:|1776074739
|move|p2a: Corviknight|Protect|p2a: Corviknight
|-singleturn|p2a: Corviknight|Protect
|move|p1a: Probopass|Stealth Rock|p2a: Corviknight
|-sidestart|p2: 4axes|move: Stealth Rock
|
|upkeep
|turn|20
|
|t:|1776074746
|move|p1a: Probopass|Body Press|p2a: Corviknight
|-damage|p2a: Corviknight|39/100 par
|move|p2a: Corviknight|Roost|p2a: Corviknight
|-heal|p2a: Corviknight|89/100 par
|-singleturn|p2a: Corviknight|move: Roost
|
|upkeep
|turn|21
|
|t:|1776074750
|move|p1a: Probopass|Body Press|p2a: Corviknight
|-damage|p2a: Corviknight|59/100 par
|move|p2a: Corviknight|Iron Head|p1a: Probopass
|-damage|p1a: Probopass|58/100
|-damage|p2a: Corviknight|43/100 par|[from] item: Rocky Helmet|[of] p1a: Probopass
|
|upkeep
|turn|22
|
|t:|1776074753
|move|p1a: Probopass|Body Press|p2a: Corviknight
|-damage|p2a: Corviknight|14/100 par
|move|p2a: Corviknight|Roost|p2a: Corviknight
|-heal|p2a: Corviknight|64/100 par
|-singleturn|p2a: Corviknight|move: Roost
|
|upkeep
|turn|23
|
|t:|1776074756
|move|p2a: Corviknight|Protect|p2a: Corviknight
|-singleturn|p2a: Corviknight|Protect
|move|p1a: Probopass|Body Press|p2a: Corviknight
|-activate|p2a: Corviknight|move: Protect
|
|upkeep
|turn|24
|
|t:|1776074764
|move|p1a: Probopass|Body Press|p2a: Corviknight
|-damage|p2a: Corviknight|38/100 par
|move|p2a: Corviknight|Roost|p2a: Corviknight
|-heal|p2a: Corviknight|88/100 par
|-singleturn|p2a: Corviknight|move: Roost
|
|upkeep
|turn|25
|
|t:|1776074789
|move|p1a: Probopass|Volt Switch|p2a: Corviknight
|-supereffective|p2a: Corviknight
|-damage|p2a: Corviknight|71/100 par
|
|t:|1776074794
|switch|p1a: Enamorus|Enamorus, F|24/100|[from] Volt Switch
|move|p2a: Corviknight|Iron Head|p1a: Enamorus
|-supereffective|p1a: Enamorus
|-damage|p1a: Enamorus|0 fnt
|faint|p1a: Enamorus
|
|upkeep
|
|t:|1776074796
|switch|p1a: Probopass|Probopass, F|58/100
|turn|26
|
|t:|1776074799
|move|p2a: Corviknight|Protect|p2a: Corviknight
|-singleturn|p2a: Corviknight|Protect
|move|p1a: Probopass|Volt Switch|p2a: Corviknight
|-activate|p2a: Corviknight|move: Protect
|
|upkeep
|turn|27
|
|t:|1776074806
|move|p1a: Probopass|Volt Switch|p2a: Corviknight
|-supereffective|p2a: Corviknight
|-damage|p2a: Corviknight|55/100 par
|
|t:|1776074809
|switch|p1a: Dragapult|Dragapult, F|100/100|[from] Volt Switch
|move|p2a: Corviknight|Roost|p2a: Corviknight
|-heal|p2a: Corviknight|100/100 par
|-singleturn|p2a: Corviknight|move: Roost
|
|upkeep
|turn|28
|
|t:|1776074819
|switch|p1a: Probopass|Probopass, F|58/100
|move|p2a: Corviknight|Brave Bird|p1a: Probopass
|-resisted|p1a: Probopass
|-damage|p1a: Probopass|53/100
|-damage|p2a: Corviknight|84/100 par|[from] item: Rocky Helmet|[of] p1a: Probopass
|-damage|p2a: Corviknight|82/100 par|[from] Recoil
|
|upkeep
|turn|29
|
|t:|1776074834
|move|p1a: Probopass|Body Press|p2a: Corviknight
|-damage|p2a: Corviknight|57/100 par
|move|p2a: Corviknight|Iron Head|p1a: Probopass
|-damage|p1a: Probopass|38/100
|-damage|p2a: Corviknight|41/100 par|[from] item: Rocky Helmet|[of] p1a: Probopass
|
|upkeep
|turn|30
|
|t:|1776074838
|move|p2a: Corviknight|Protect|p2a: Corviknight
|-singleturn|p2a: Corviknight|Protect
|move|p1a: Probopass|Volt Switch|p2a: Corviknight
|-activate|p2a: Corviknight|move: Protect
|
|upkeep
|turn|31
|
|t:|1776074843
|move|p1a: Probopass|Volt Switch|p2a: Corviknight
|-supereffective|p2a: Corviknight
|-damage|p2a: Corviknight|23/100 par
|
|t:|1776074845
|switch|p1a: Dragapult|Dragapult, F|100/100|[from] Volt Switch
|move|p2a: Corviknight|Roost|p2a: Corviknight
|-heal|p2a: Corviknight|73/100 par
|-singleturn|p2a: Corviknight|move: Roost
|
|upkeep
|turn|32
|
|t:|1776074850
|switch|p1a: Probopass|Probopass, F|38/100
|move|p2a: Corviknight|Protect||[still]
|-fail|p2a: Corviknight
|
|upkeep
|turn|33
|
|t:|1776074856
|move|p1a: Probopass|Thunder Wave|p2a: Corviknight
|-fail|p2a: Corviknight|par
|move|p2a: Corviknight|Iron Head|p1a: Probopass
|-damage|p1a: Probopass|23/100
|-damage|p2a: Corviknight|57/100 par|[from] item: Rocky Helmet|[of] p1a: Probopass
|
|upkeep
|turn|34
|
|t:|1776074861
|move|p1a: Probopass|Body Press|p2a: Corviknight
|-damage|p2a: Corviknight|30/100 par
|move|p2a: Corviknight|Roost|p2a: Corviknight
|-heal|p2a: Corviknight|80/100 par
|-singleturn|p2a: Corviknight|move: Roost
|
|upkeep
|turn|35
|
|t:|1776074867
|move|p2a: Corviknight|Protect|p2a: Corviknight
|-singleturn|p2a: Corviknight|Protect
|move|p1a: Probopass|Volt Switch|p2a: Corviknight
|-activate|p2a: Corviknight|move: Protect
|
|upkeep
|turn|36
|
|t:|1776074873
|move|p1a: Probopass|Body Press|p2a: Corviknight
|-damage|p2a: Corviknight|55/100 par
|move|p2a: Corviknight|Iron Head|p1a: Probopass
|-damage|p1a: Probopass|7/100
|-damage|p2a: Corviknight|38/100 par|[from] item: Rocky Helmet|[of] p1a: Probopass
|
|upkeep
|turn|37
|
|t:|1776074880
|move|p1a: Probopass|Volt Switch|p2a: Corviknight
|-supereffective|p2a: Corviknight
|-damage|p2a: Corviknight|20/100 par
|
|t:|1776074883
|switch|p1a: Dragapult|Dragapult, F|100/100|[from] Volt Switch
|move|p2a: Corviknight|Roost|p2a: Corviknight
|-heal|p2a: Corviknight|70/100 par
|-singleturn|p2a: Corviknight|move: Roost
|
|upkeep
|turn|38
|
|t:|1776074890
|switch|p1a: Probopass|Probopass, F|7/100
|switch|p2a: Gliscor|Gliscor, F|47/100 tox
|-damage|p2a: Gliscor|35/100 tox|[from] Stealth Rock
|
|-heal|p2a: Gliscor|47/100 tox|[from] ability: Poison Heal
|upkeep
|turn|39
|
|t:|1776074901
|move|p2a: Gliscor|Earthquake|p1a: Probopass
|-supereffective|p1a: Probopass
|-damage|p1a: Probopass|0 fnt
|faint|p1a: Probopass
|
|-heal|p2a: Gliscor|60/100 tox|[from] ability: Poison Heal
|upkeep
|
|t:|1776074906
|switch|p1a: Great Tusk|Great Tusk|100/100
|-enditem|p1a: Great Tusk|Booster Energy
|-activate|p1a: Great Tusk|ability: Protosynthesis|[fromitem]
|-start|p1a: Great Tusk|protosynthesisspe
|turn|40
|
|t:|1776074925
|switch|p2a: Sinistcha|Sinistcha|100/100
|move|p1a: Great Tusk|Bulk Up|p1a: Great Tusk
|-boost|p1a: Great Tusk|atk|1
|-boost|p1a: Great Tusk|def|1
|
|upkeep
|turn|41
|
|t:|1776074929
|move|p1a: Great Tusk|Rock Slide|p2a: Sinistcha
|-damage|p2a: Sinistcha|78/100
|move|p2a: Sinistcha|Strength Sap|p1a: Great Tusk
|-unboost|p1a: Great Tusk|atk|1
|-heal|p2a: Sinistcha|100/100
|
|upkeep
|turn|42
|
|t:|1776074935
|-end|p1a: Great Tusk|Protosynthesis|[silent]
|switch|p1a: Iron Crown|Iron Crown|48/100
|move|p2a: Sinistcha|Matcha Gotcha|p1a: Iron Crown
|-resisted|p1a: Iron Crown
|-damage|p1a: Iron Crown|31/100
|
|upkeep
|turn|43
|
|t:|1776074942
|switch|p2a: Clodsire|Clodsire, F, tera:Dark|100/100
|move|p1a: Iron Crown|Calm Mind|p1a: Iron Crown
|-boost|p1a: Iron Crown|spa|1
|-boost|p1a: Iron Crown|spd|1
|
|upkeep
|turn|44
|
|t:|1776074946
|move|p1a: Iron Crown|Focus Blast|p2a: Clodsire
|-supereffective|p2a: Clodsire
|-damage|p2a: Clodsire|52/100
|move|p2a: Clodsire|Earthquake|p1a: Iron Crown
|-supereffective|p1a: Iron Crown
|-damage|p1a: Iron Crown|0 fnt
|faint|p1a: Iron Crown
|-end|p1a: Iron Crown|Quark Drive|[silent]
|
|upkeep
|
|t:|1776074949
|switch|p1a: Dragapult|Dragapult, F|100/100
|turn|45
|
|t:|1776074962
|move|p1a: Dragapult|Dragon Dance|p1a: Dragapult
|-boost|p1a: Dragapult|atk|1
|-boost|p1a: Dragapult|spe|1
|move|p2a: Clodsire|Earthquake|p1a: Dragapult
|-damage|p1a: Dragapult|65/100
|
|-heal|p1a: Dragapult|71/100|[from] item: Leftovers
|upkeep
|turn|46
|
|t:|1776074979
|switch|p2a: Gliscor|Gliscor, F|60/100 tox
|-damage|p2a: Gliscor|47/100 tox|[from] Stealth Rock
|move|p1a: Dragapult|Dragon Darts|p2a: Gliscor
|-damage|p2a: Gliscor|13/100 tox
|-anim|p1a: Dragapult|Dragon Darts|p2a: Gliscor
|-damage|p2a: Gliscor|0 fnt
|faint|p2a: Gliscor
|
|-heal|p1a: Dragapult|77/100|[from] item: Leftovers
|upkeep
|
|t:|1776074986
|switch|p2a: Zapdos|Zapdos|100/100
|turn|47
|
|t:|1776074991
|move|p1a: Dragapult|Substitute|p1a: Dragapult
|-start|p1a: Dragapult|Substitute
|-damage|p1a: Dragapult|52/100
|move|p2a: Zapdos|Thunder Wave||[still]
|-fail|p2a: Zapdos
|
|-heal|p1a: Dragapult|58/100|[from] item: Leftovers
|upkeep
|turn|48
|
|t:|1776074994
|move|p1a: Dragapult|Dragon Darts|p2a: Zapdos
|-damage|p2a: Zapdos|72/100
|-anim|p1a: Dragapult|Dragon Darts|p2a: Zapdos
|-crit|p2a: Zapdos
|-damage|p2a: Zapdos|30/100
|move|p2a: Zapdos|Thunderbolt|p1a: Dragapult
|-resisted|p1a: Dragapult
|-end|p1a: Dragapult|Substitute
|
|-heal|p1a: Dragapult|64/100|[from] item: Leftovers
|upkeep
|turn|49
|
|t:|1776074998
|move|p1a: Dragapult|Dragon Darts|p2a: Zapdos
|-damage|p2a: Zapdos|3/100
|-anim|p1a: Dragapult|Dragon Darts|p2a: Zapdos
|-damage|p2a: Zapdos|0 fnt
|faint|p2a: Zapdos
|
|-heal|p1a: Dragapult|70/100|[from] item: Leftovers
|upkeep
|
|t:|1776075000
|switch|p2a: Zamazenta|Zamazenta|100/100
|-ability|p2a: Zamazenta|Dauntless Shield|boost
|-boost|p2a: Zamazenta|def|1
|turn|50
|
|t:|1776075010
|move|p1a: Dragapult|Phantom Force||[still]
|-prepare|p1a: Dragapult|Phantom Force
|move|p2a: Zamazenta|Crunch|p1a: Dragapult|[miss]
|-miss|p2a: Zamazenta|p1a: Dragapult
|
|-heal|p1a: Dragapult|76/100|[from] item: Leftovers
|upkeep
|turn|51
|
|t:|1776075013
|move|p1a: Dragapult|Phantom Force|p2a: Zamazenta|[from] lockedmove
|-damage|p2a: Zamazenta|51/100
|move|p2a: Zamazenta|Crunch|p1a: Dragapult
|-supereffective|p1a: Dragapult
|-damage|p1a: Dragapult|6/100
|
|-heal|p1a: Dragapult|12/100|[from] item: Leftovers
|upkeep
|turn|52
|
|t:|1776075022
|-terastallize|p1a: Dragapult|Dragon
|move|p1a: Dragapult|Dragon Darts|p2a: Zamazenta
|-damage|p2a: Zamazenta|14/100
|-anim|p1a: Dragapult|Dragon Darts|p2a: Zamazenta
|-damage|p2a: Zamazenta|0 fnt
|faint|p2a: Zamazenta
|
|-heal|p1a: Dragapult|18/100|[from] item: Leftovers
|upkeep
|
|t:|1776075028
|switch|p2a: Corviknight|Corviknight, F|70/100 par
|-damage|p2a: Corviknight|57/100 par|[from] Stealth Rock
|-ability|p2a: Corviknight|Pressure
|turn|53
|
|t:|1776075038
|move|p1a: Dragapult|Phantom Force||[still]
|-prepare|p1a: Dragapult|Phantom Force
|move|p2a: Corviknight|Brave Bird|p1a: Dragapult|[miss]
|-miss|p2a: Corviknight|p1a: Dragapult
|
|-heal|p1a: Dragapult|24/100|[from] item: Leftovers
|upkeep
|turn|54
|
|t:|1776075056
|move|p1a: Dragapult|Phantom Force|p2a: Corviknight|[from] lockedmove
|-crit|p2a: Corviknight
|-damage|p2a: Corviknight|0 fnt
|faint|p2a: Corviknight
|
|-heal|p1a: Dragapult|30/100|[from] item: Leftovers
|upkeep
|
|t:|1776075059
|switch|p2a: Clodsire|Clodsire, F, tera:Dark|52/100
|turn|55
|
|t:|1776075063
|move|p1a: Dragapult|Dragon Darts|p2a: Clodsire
|-crit|p2a: Clodsire
|-damage|p2a: Clodsire|0 fnt
|faint|p2a: Clodsire
|
|-heal|p1a: Dragapult|36/100|[from] item: Leftovers
|upkeep
|
|t:|1776075065
|switch|p2a: Sinistcha|Sinistcha|100/100
|turn|56
|-message|4axes forfeited.
|
|win|Ares_1997
|raw|Ares_1997's rating: 1491 &rarr; <strong>1508</strong><br />(+17 for winning)
|raw|4axes's rating: 1445 &rarr; <strong>1428</strong><br />(-17 for losing)
|l|☆4axes
|player|p2|
