|html|<div class="broadcast-blue"><strong>[Gen 9] OU is currently suspecting Tera Blast! For information on how to participate check out the <a href="https://www.smogon.com/tools/suspects/view/200">suspect thread</a>.</strong></div>
|j|☆Samarand
|j|‽abat489
|t:|1776089573
|gametype|singles
|player|p1|Samarand|birdkeeper-gen4dp|1373
|player|p2|abat489|backpacker|1369
|gen|9
|tier|[Gen 9] OU
|rated|
|rule|HP Percentage Mod: HP is shown in percentages
|rule|Endless Battle Clause: Forcing endless battles is banned
|rule|Species Clause: Limit one of each Pokémon
|rule|OHKO Clause: OHKO moves are banned
|rule|Evasion Items Clause: Evasion items are banned
|rule|Evasion Moves Clause: Evasion moves are banned
|rule|Evasion Abilities Clause: Evasion abilities are banned
|rule|Sleep Moves Clause: Sleep-inducing moves are banned
|clearpoke
|poke|p1|Torterra, M|
|poke|p1|Delphox, F|
|poke|p1|Walking Wake|
|poke|p1|Leafeon, M|
|poke|p1|Ninetales, F|
|poke|p1|Great Tusk|
|poke|p2|Tyranitar, F|
|poke|p2|Clefable, M|
|poke|p2|Toxapex, F|
|poke|p2|Dragapult, F|
|poke|p2|Gliscor, F|
|poke|p2|Slither Wing|
|teampreview
|inactive|Battle timer is ON: inactive players will automatically lose when time's up. (requested by abat489)
|inactive|abat489 has 120 seconds left.
|
|t:|1776089607
|teamsize|p1|6
|teamsize|p2|6
|start
|switch|p1a: Karl|Torterra, M|100/100
|switch|p2a: Gliscor|Gliscor, F|100/100
|turn|1
|
|t:|1776089615
|move|p2a: Gliscor|Toxic|p1a: Karl
|-status|p1a: Karl|tox
|move|p1a: Karl|Stealth Rock|p2a: Gliscor
|-sidestart|p2: abat489|move: Stealth Rock
|
|-damage|p1a: Karl|94/100 tox|[from] psn
|-status|p2a: Gliscor|tox|[from] item: Toxic Orb
|upkeep
|turn|2
|
|t:|1776089622
|move|p2a: Gliscor|Knock Off|p1a: Karl
|-damage|p1a: Karl|77/100 tox
|-enditem|p1a: Karl|Leftovers|[from] move: Knock Off|[of] p2a: Gliscor
|move|p1a: Karl|Wood Hammer|p2a: Gliscor
|-damage|p2a: Gliscor|62/100 tox
|-damage|p1a: Karl|65/100 tox|[from] Recoil
|
|-heal|p2a: Gliscor|75/100 tox|[from] ability: Poison Heal
|-damage|p1a: Karl|53/100 tox|[from] psn
|upkeep
|turn|3
|
|t:|1776089630
|switch|p1a: Biscuit|Walking Wake|100/100
|move|p2a: Gliscor|Protect||[still]
|-fail|p2a: Gliscor
|
|-heal|p2a: Gliscor|87/100 tox|[from] ability: Poison Heal
|upkeep
|turn|4
|
|t:|1776089638
|switch|p2a: Clefable|Clefable, M|100/100
|move|p1a: Biscuit|Hydro Steam|p2a: Clefable
|-damage|p2a: Clefable|59/100
|
|upkeep
|turn|5
|
|t:|1776089648
|-end|p1a: Biscuit|Protosynthesis|[silent]
|switch|p1a: Hecate|Delphox, F|100/100
|move|p2a: Clefable|Moonlight|p2a: Clefable
|-heal|p2a: Clefable|100/100
|
|upkeep
|turn|6
|
|t:|1776089671
|move|p1a: Hecate|Nasty Plot|p1a: Hecate
|-boost|p1a: Hecate|spa|2
|move|p2a: Clefable|Thunder Wave|p1a: Hecate
|-status|p1a: Hecate|par
|
|upkeep
|turn|7
|
|t:|1776089676
|switch|p2a: Gliscor|Gliscor, F|87/100 tox
|-damage|p2a: Gliscor|75/100 tox|[from] Stealth Rock
|move|p1a: Hecate|Psyshock|p2a: Gliscor
|-damage|p2a: Gliscor|31/100 tox
|
|-heal|p2a: Gliscor|43/100 tox|[from] ability: Poison Heal
|upkeep
|turn|8
|
|t:|1776089679
|move|p2a: Gliscor|Protect|p2a: Gliscor
|-singleturn|p2a: Gliscor|Protect
|move|p1a: Hecate|Psychic|p2a: Gliscor
|-activate|p2a: Gliscor|move: Protect
|
|-heal|p2a: Gliscor|56/100 tox|[from] ability: Poison Heal
|upkeep
|turn|9
|inactive|abat489 has 120 seconds left.
|
|t:|1776089736
|move|p2a: Gliscor|Earthquake|p1a: Hecate
|-supereffective|p1a: Hecate
|-damage|p1a: Hecate|1/100 par
|move|p1a: Hecate|Flamethrower|p2a: Gliscor
|-damage|p2a: Gliscor|0 fnt
|faint|p2a: Gliscor
|
|upkeep
|
|t:|1776089740
|switch|p2a: Dragapult|Dragapult, F|100/100
|turn|10
|
|t:|1776089751
|move|p2a: Dragapult|U-turn|p1a: Hecate
|-damage|p1a: Hecate|0 fnt
|faint|p1a: Hecate
|
|t:|1776089772
|switch|p2a: Slither Wing|Slither Wing|100/100|[from] U-turn
|
|upkeep
|
|t:|1776089785
|switch|p1a: Karl|Torterra, M|53/100 tox
|turn|11
|
|t:|1776089800
|move|p2a: Slither Wing|U-turn|p1a: Karl
|-supereffective|p1a: Karl
|-damage|p1a: Karl|3/100 tox
|
|t:|1776089807
|-end|p2a: Slither Wing|Protosynthesis|[silent]
|switch|p2a: Dragapult|Dragapult, F|100/100|[from] U-turn
|move|p1a: Karl|Synthesis|p1a: Karl
|-heal|p1a: Karl|53/100 tox
|
|-damage|p1a: Karl|46/100 tox|[from] psn
|upkeep
|turn|12
|
|t:|1776089812
|move|p2a: Dragapult|Hex|p1a: Karl
|-damage|p1a: Karl|0 fnt
|faint|p1a: Karl
|
|upkeep
|
|t:|1776089822
|switch|p1a: Biscuit|Walking Wake|100/100
|turn|13
|inactive|abat489 has 120 seconds left.
|
|t:|1776089830
|-end|p1a: Biscuit|Protosynthesis|[silent]
|switch|p1a: Eleya|Ninetales, F|100/100
|-weather|SunnyDay|[from] ability: Drought|[of] p1a: Eleya
|-terastallize|p2a: Dragapult|Ghost
|move|p2a: Dragapult|Dragon Darts|p1a: Eleya
|-damage|p1a: Eleya|76/100
|-anim|p2a: Dragapult|Dragon Darts|p1a: Eleya
|-damage|p1a: Eleya|50/100
|
|-weather|SunnyDay|[upkeep]
|upkeep
|turn|14
|
|t:|1776089836
|switch|p1a: Hans|Leafeon, M|100/100
|move|p2a: Dragapult|Dragon Darts|p1a: Hans
|-damage|p1a: Hans|81/100
|-anim|p2a: Dragapult|Dragon Darts|p1a: Hans
|-damage|p1a: Hans|58/100
|
|-weather|SunnyDay|[upkeep]
|upkeep
|turn|15
|inactive|abat489 has 120 seconds left.
|
|t:|1776089883
|move|p1a: Hans|Solar Blade||[still]
|-prepare|p1a: Hans|Solar Blade
|-anim|p1a: Hans|Solar Blade|p2a: Dragapult
|-damage|p2a: Dragapult|0 fnt
|faint|p2a: Dragapult
|-damage|p1a: Hans|48/100|[from] item: Life Orb
|
|-weather|SunnyDay|[upkeep]
|upkeep
|
|t:|1776089887
|switch|p2a: Slither Wing|Slither Wing|100/100
|-activate|p2a: Slither Wing|ability: Protosynthesis
|-start|p2a: Slither Wing|protosynthesisatk
|turn|16
|
|t:|1776089891
|-terastallize|p1a: Hans|Fire
|move|p1a: Hans|Tera Blast|p2a: Slither Wing|[anim] Tera Blast Fire
|-supereffective|p2a: Slither Wing
|-damage|p2a: Slither Wing|0 fnt
|faint|p2a: Slither Wing
|-end|p2a: Slither Wing|Protosynthesis|[silent]
|-damage|p1a: Hans|39/100|[from] item: Life Orb
|
|-weather|SunnyDay|[upkeep]
|upkeep
|inactive|abat489 has 90 seconds left.
|inactive|abat489 has 60 seconds left.
|
|t:|1776089957
|switch|p2a: Tyranitar|Tyranitar, F|100/100
|-damage|p2a: Tyranitar|88/100|[from] Stealth Rock
|-weather|Sandstorm|[from] ability: Sand Stream|[of] p2a: Tyranitar
|turn|17
|
|t:|1776089964
|switch|p1a: Turbo Genius|Great Tusk|100/100
|move|p2a: Tyranitar|Knock Off|p1a: Turbo Genius
|-resisted|p1a: Turbo Genius
|-damage|p1a: Turbo Genius|87/100
|-enditem|p1a: Turbo Genius|Assault Vest|[from] move: Knock Off|[of] p2a: Tyranitar
|
|-weather|Sandstorm|[upkeep]
|upkeep
|turn|18
|
|t:|1776089969
|switch|p2a: Clefable|Clefable, M|100/100
|move|p1a: Turbo Genius|Headlong Rush|p2a: Clefable
|-damage|p2a: Clefable|46/100
|-unboost|p1a: Turbo Genius|def|1
|-unboost|p1a: Turbo Genius|spd|1
|
|-weather|Sandstorm|[upkeep]
|-damage|p2a: Clefable|40/100|[from] Sandstorm
|upkeep
|turn|19
|
|t:|1776089975
|move|p1a: Turbo Genius|Headlong Rush|p2a: Clefable
|-damage|p2a: Clefable|0 fnt
|-unboost|p1a: Turbo Genius|def|1
|-unboost|p1a: Turbo Genius|spd|1
|faint|p2a: Clefable
|
|-weather|Sandstorm|[upkeep]
|upkeep
|
|t:|1776089990
|switch|p2a: Tyranitar|Tyranitar, F|88/100
|-damage|p2a: Tyranitar|76/100|[from] Stealth Rock
|turn|20
|
|t:|1776089993
|move|p1a: Turbo Genius|Close Combat|p2a: Tyranitar
|-supereffective|p2a: Tyranitar
|-damage|p2a: Tyranitar|0 fnt
|-unboost|p1a: Turbo Genius|def|1
|-unboost|p1a: Turbo Genius|spd|1
|faint|p2a: Tyranitar
|
|-weather|Sandstorm|[upkeep]
|upkeep
|inactive|abat489 has 60 seconds left.
|inactive|abat489 has 30 seconds left.
|inactive|abat489 has 20 seconds left.
|inactive|abat489 has 15 seconds left.
|inactive|abat489 has 10 seconds left.
|inactive|abat489 has 5 seconds left.
|-message|abat489 lost due to inactivity.
|
|win|Samarand
|raw|Samarand's rating: 1373 &rarr; <strong>1394</strong><br />(+21 for winning)
|raw|abat489's rating: 1387 &rarr; <strong>1366</strong><br />(-21 for losing)
|l|‽abat489
|player|p2|
|l|☆Samarand
|player|p1|
