|html|<div class="broadcast-blue"><strong>[Gen 9] OU is currently suspecting Tera Blast! For information on how to participate check out the <a href="https://www.smogon.com/tools/suspects/view/200">suspect thread</a>.</strong></div>
|j|☆herutod
|j|☆Dodiabla
|t:|1776053894
|gametype|singles
|player|p1|herutod|102|1309
|player|p2|Dodiabla|blue|1260
|gen|9
|tier|[Gen 9] OU
|rated|
|rule|HP Percentage Mod: HP is shown in percentages
|rule|Endless Battle Clause: Forcing endless battles is banned
|rule|Species Clause: Limit one of each Pokémon
|rule|OHKO Clause: OHKO moves are banned
|rule|Evasion Items Clause: Evasion items are banned
|rule|Evasion Moves Clause: Evasion moves are banned
|rule|Evasion Abilities Clause: Evasion abilities are banned
|rule|Sleep Moves Clause: Sleep-inducing moves are banned
|clearpoke
|poke|p1|Hydrapple, M|
|poke|p1|Gliscor, M|
|poke|p1|Slowking-Galar, M|
|poke|p1|Cinderace, M|
|poke|p1|Kingambit, M|
|poke|p1|Iron Valiant|
|poke|p2|Conkeldurr, M|
|poke|p2|Metagross|
|poke|p2|Glimmora, F|
|poke|p2|Enamorus, F|
|poke|p2|Clodsire, F|
|poke|p2|Zapdos|
|teampreview
|
|t:|1776053904
|teamsize|p1|6
|teamsize|p2|6
|start
|switch|p1a: Cinderace|Cinderace, M, shiny|100/100
|switch|p2a: Glimmora|Glimmora, F|100/100
|turn|1
|
|t:|1776053912
|move|p1a: Cinderace|U-turn|p2a: Glimmora
|-start|p1a: Cinderace|typechange|Bug|[from] ability: Libero
|-resisted|p2a: Glimmora
|-damage|p2a: Glimmora|84/100
|-activate|p2a: Glimmora|ability: Toxic Debris
|-sidestart|p1: herutod|move: Toxic Spikes
|
|t:|1776053921
|switch|p1a: Slowking|Slowking-Galar, M, shiny|100/100|[from] U-turn
|-sideend|p1: herutod|move: Toxic Spikes|[of] p1a: Slowking
|move|p2a: Glimmora|Earth Power|p1a: Slowking
|-supereffective|p1a: Slowking
|-damage|p1a: Slowking|73/100
|
|upkeep
|turn|2
|
|t:|1776053928
|switch|p2a: Metagross|Metagross|100/100
|move|p1a: Slowking|Whirlpool|p2a: Metagross|[miss]
|-miss|p1a: Slowking|p2a: Metagross
|
|upkeep
|turn|3
|
|t:|1776053936
|move|p2a: Metagross|Knock Off|p1a: Slowking
|-supereffective|p1a: Slowking
|-damage|p1a: Slowking|24/100
|-enditem|p1a: Slowking|Assault Vest|[from] move: Knock Off|[of] p2a: Metagross
|move|p1a: Slowking|Flamethrower|p2a: Metagross
|-supereffective|p2a: Metagross
|-damage|p2a: Metagross|49/100
|
|upkeep
|turn|4
|
|t:|1776053949
|switch|p1a: Gliscor|Gliscor, M, shiny|100/100
|move|p2a: Metagross|Knock Off|p1a: Gliscor
|-damage|p1a: Gliscor|68/100
|-enditem|p1a: Gliscor|Toxic Orb|[from] move: Knock Off|[of] p2a: Metagross
|
|upkeep
|turn|5
|
|t:|1776053967
|switch|p2a: Zapdos|Zapdos|100/100
|move|p1a: Gliscor|Earthquake|p2a: Zapdos
|-immune|p2a: Zapdos
|
|upkeep
|turn|6
|
|t:|1776053986
|switch|p1a: Slowking|Slowking-Galar, M, shiny|57/100
|move|p2a: Zapdos|Hurricane|p1a: Slowking
|-damage|p1a: Slowking|11/100
|-start|p1a: Slowking|confusion
|
|upkeep
|turn|7
|
|t:|1776053996
|switch|p1a: Iron Valiant|Iron Valiant, shiny|100/100
|-enditem|p1a: Iron Valiant|Booster Energy
|-activate|p1a: Iron Valiant|ability: Quark Drive|[fromitem]
|-start|p1a: Iron Valiant|quarkdrivespe
|move|p2a: Zapdos|Volt Switch|p1a: Iron Valiant
|-damage|p1a: Iron Valiant|16/100
|
|t:|1776054009
|switch|p2a: Metagross|Metagross|49/100|[from] Volt Switch
|
|upkeep
|turn|8
|
|t:|1776054013
|move|p1a: Iron Valiant|Knock Off|p2a: Metagross
|-supereffective|p2a: Metagross
|-damage|p2a: Metagross|0 fnt
|-enditem|p2a: Metagross|Choice Scarf|[from] move: Knock Off|[of] p1a: Iron Valiant
|faint|p2a: Metagross
|
|upkeep
|
|t:|1776054017
|switch|p2a: Glimmora|Glimmora, F|84/100
|turn|9
|
|t:|1776054036
|move|p1a: Iron Valiant|Knock Off|p2a: Glimmora
|-damage|p2a: Glimmora|55/100
|-activate|p2a: Glimmora|ability: Toxic Debris
|-sidestart|p1: herutod|move: Toxic Spikes
|-enditem|p2a: Glimmora|Focus Sash|[from] move: Knock Off|[of] p1a: Iron Valiant
|move|p2a: Glimmora|Stealth Rock|p1a: Iron Valiant
|-sidestart|p1: herutod|move: Stealth Rock
|
|upkeep
|turn|10
|
|t:|1776054047
|move|p1a: Iron Valiant|Moonblast|p2a: Glimmora
|-resisted|p2a: Glimmora
|-damage|p2a: Glimmora|30/100
|-unboost|p2a: Glimmora|spa|1
|move|p2a: Glimmora|Earth Power|p1a: Iron Valiant
|-damage|p1a: Iron Valiant|0 fnt
|faint|p1a: Iron Valiant
|-end|p1a: Iron Valiant|Quark Drive|[silent]
|
|upkeep
|
|t:|1776054059
|switch|p1a: Gliscor|Gliscor, M, shiny|68/100
|-damage|p1a: Gliscor|55/100|[from] Stealth Rock
|turn|11
|
|t:|1776054079
|switch|p2a: Zapdos|Zapdos|100/100
|move|p1a: Gliscor|Earthquake|p2a: Zapdos
|-immune|p2a: Zapdos
|
|upkeep
|turn|12
|
|t:|1776054088
|move|p1a: Gliscor|Protect|p1a: Gliscor
|-singleturn|p1a: Gliscor|Protect
|move|p2a: Zapdos|Hurricane|p1a: Gliscor
|-activate|p1a: Gliscor|move: Protect
|
|upkeep
|turn|13
|
|t:|1776054101
|switch|p1a: Cinderace|Cinderace, M, shiny|100/100
|move|p2a: Zapdos|Hurricane|p1a: Cinderace
|-damage|p1a: Cinderace|18/100
|-start|p1a: Cinderace|confusion
|
|upkeep
|turn|14
|
|t:|1776054109
|-activate|p1a: Cinderace|confusion
|move|p1a: Cinderace|Court Change|p1a: Cinderace
|-start|p1a: Cinderace|typechange|Normal|[from] ability: Libero
|-swapsideconditions
|-activate|p1a: Cinderace|move: Court Change
|move|p2a: Zapdos|Volt Switch|p1a: Cinderace
|-damage|p1a: Cinderace|0 fnt
|faint|p1a: Cinderace
|
|t:|1776054119
|switch|p2a: Clodsire|Clodsire, F|100/100|[from] Volt Switch
|-sideend|p2: Dodiabla|move: Toxic Spikes|[of] p2a: Clodsire
|-damage|p2a: Clodsire|94/100|[from] Stealth Rock
|
|upkeep
|
|t:|1776054125
|switch|p1a: Hydrapple|Hydrapple, M, shiny|100/100
|turn|15
|
|t:|1776054136
|move|p1a: Hydrapple|Nasty Plot|p1a: Hydrapple
|-boost|p1a: Hydrapple|spa|2
|move|p2a: Clodsire|Poison Jab|p1a: Hydrapple
|-supereffective|p1a: Hydrapple
|-damage|p1a: Hydrapple|69/100
|
|upkeep
|turn|16
|
|t:|1776054146
|-terastallize|p1a: Hydrapple|Dragon
|move|p1a: Hydrapple|Earth Power|p2a: Clodsire
|-supereffective|p2a: Clodsire
|-damage|p2a: Clodsire|6/100
|-damage|p1a: Hydrapple|59/100|[from] item: Life Orb
|move|p2a: Clodsire|Poison Jab|p1a: Hydrapple
|-crit|p1a: Hydrapple
|-damage|p1a: Hydrapple|33/100
|-status|p1a: Hydrapple|psn
|
|-damage|p1a: Hydrapple|21/100 psn|[from] psn
|upkeep
|turn|17
|
|t:|1776054159
|move|p1a: Hydrapple|Giga Drain|p2a: Clodsire
|-damage|p2a: Clodsire|0 fnt
|-heal|p1a: Hydrapple|24/100 psn|[from] drain|[of] p2a: Clodsire
|faint|p2a: Clodsire
|-damage|p1a: Hydrapple|14/100 psn|[from] item: Life Orb
|
|-damage|p1a: Hydrapple|2/100 psn|[from] psn
|upkeep
|
|t:|1776054165
|switch|p2a: Conkeldurr|Conkeldurr, M|100/100
|-damage|p2a: Conkeldurr|94/100|[from] Stealth Rock
|turn|18
|
|t:|1776054172
|move|p2a: Conkeldurr|Mach Punch|p1a: Hydrapple
|-damage|p1a: Hydrapple|0 fnt
|faint|p1a: Hydrapple
|-damage|p2a: Conkeldurr|85/100|[from] item: Life Orb
|
|upkeep
|
|t:|1776054177
|switch|p1a: Slowking|Slowking-Galar, M, shiny|44/100
|turn|19
|
|t:|1776054180
|switch|p1a: Gliscor|Gliscor, M, shiny|55/100
|move|p2a: Conkeldurr|High Horsepower|p1a: Gliscor
|-immune|p1a: Gliscor
|
|upkeep
|turn|20
|
|t:|1776054185
|move|p1a: Gliscor|Protect|p1a: Gliscor
|-singleturn|p1a: Gliscor|Protect
|move|p2a: Conkeldurr|Ice Punch|p1a: Gliscor
|-activate|p1a: Gliscor|move: Protect
|
|upkeep
|turn|21
|
|t:|1776054192
|switch|p2a: Zapdos|Zapdos|100/100
|move|p1a: Gliscor|Earthquake|p2a: Zapdos
|-immune|p2a: Zapdos
|
|upkeep
|turn|22
|
|t:|1776054198
|switch|p1a: Slowking|Slowking-Galar, M, shiny|77/100
|move|p2a: Zapdos|Hurricane|p1a: Slowking
|-damage|p1a: Slowking|27/100
|
|upkeep
|turn|23
|
|t:|1776054214
|move|p2a: Zapdos|Hurricane|p1a: Slowking
|-damage|p1a: Slowking|0 fnt
|faint|p1a: Slowking
|
|upkeep
|
|t:|1776054221
|switch|p1a: Gliscor|Gliscor, M, shiny|55/100
|turn|24
|
|t:|1776054230
|move|p1a: Gliscor|Swords Dance|p1a: Gliscor
|-boost|p1a: Gliscor|atk|2
|move|p2a: Zapdos|Hurricane|p1a: Gliscor
|-damage|p1a: Gliscor|0 fnt
|faint|p1a: Gliscor
|
|upkeep
|
|t:|1776054235
|switch|p1a: Kingambit|Kingambit, M, shiny|100/100
|-activate|p1a: Kingambit|ability: Supreme Overlord
|-start|p1a: Kingambit|fallen5|[silent]
|-item|p1a: Kingambit|Air Balloon
|turn|25
|
|t:|1776054250
|move|p2a: Zapdos|Heat Wave|p1a: Kingambit
|-supereffective|p1a: Kingambit
|-damage|p1a: Kingambit|14/100
|-enditem|p1a: Kingambit|Air Balloon
|move|p1a: Kingambit|Swords Dance|p1a: Kingambit
|-boost|p1a: Kingambit|atk|2
|
|upkeep
|turn|26
|
|t:|1776054257
|move|p1a: Kingambit|Sucker Punch|p2a: Zapdos
|-damage|p2a: Zapdos|0 fnt
|faint|p2a: Zapdos
|
|upkeep
|
|t:|1776054260
|switch|p2a: Conkeldurr|Conkeldurr, M|85/100
|-damage|p2a: Conkeldurr|79/100|[from] Stealth Rock
|turn|27
|
|t:|1776054275
|move|p1a: Kingambit|Sucker Punch|p2a: Conkeldurr
|-resisted|p2a: Conkeldurr
|-damage|p2a: Conkeldurr|33/100
|move|p2a: Conkeldurr|Mach Punch|p1a: Kingambit
|-supereffective|p1a: Kingambit
|-damage|p1a: Kingambit|0 fnt
|faint|p1a: Kingambit
|-end|p1a: Kingambit|fallen5|[silent]
|-damage|p2a: Conkeldurr|23/100|[from] item: Life Orb
|
|win|Dodiabla
|raw|herutod's rating: 1309 &rarr; <strong>1286</strong><br />(-23 for losing)
|raw|Dodiabla's rating: 1260 &rarr; <strong>1289</strong><br />(+29 for winning)
|l|☆Dodiabla
|player|p2|
|c|☆herutod|GG
|l|☆herutod
|player|p1|
