|html|<div class="broadcast-blue"><strong>[Gen 9] OU is currently suspecting Tera Blast! For information on how to participate check out the <a href="https://www.smogon.com/tools/suspects/view/200">suspect thread</a>.</strong></div>
|j|☆t44 (the one)
|j|☆Extremeraider03
|t:|1776036939
|gametype|singles
|player|p1|t44 (the one)|170|1429
|player|p2|Extremeraider03|palmer|1379
|gen|9
|tier|[Gen 9] OU
|rated|
|rule|HP Percentage Mod: HP is shown in percentages
|rule|Endless Battle Clause: Forcing endless battles is banned
|rule|Species Clause: Limit one of each Pokémon
|rule|OHKO Clause: OHKO moves are banned
|rule|Evasion Items Clause: Evasion items are banned
|rule|Evasion Moves Clause: Evasion moves are banned
|rule|Evasion Abilities Clause: Evasion abilities are banned
|rule|Sleep Moves Clause: Sleep-inducing moves are banned
|clearpoke
|poke|p1|Deoxys-Speed|
|poke|p1|Moltres-Galar|
|poke|p1|Blaziken, M|
|poke|p1|Ursaluna, F|
|poke|p1|Kingambit, M|
|poke|p1|Latias, F|
|poke|p2|Hatterene, F|
|poke|p2|Raging Bolt|
|poke|p2|Walking Wake|
|poke|p2|Great Tusk|
|poke|p2|Ninetales, F|
|poke|p2|Ceruledge, M|
|teampreview
|inactive|Battle timer is ON: inactive players will automatically lose when time's up. (requested by t44 (the one))
|
|t:|1776036946
|teamsize|p1|6
|teamsize|p2|6
|start
|switch|p1a: Deoxys|Deoxys-Speed|100/100
|switch|p2a: mnbdcb|Hatterene, F|100/100
|-ability|p1a: Deoxys|Pressure
|turn|1
|
|t:|1776036948
|move|p1a: Deoxys|Light Screen|p1a: Deoxys
|-sidestart|p1: t44 (the one)|move: Light Screen
|move|p2a: mnbdcb|Nuzzle|p1a: Deoxys
|-damage|p1a: Deoxys|96/100
|-status|p1a: Deoxys|par
|
|upkeep
|turn|2
|
|t:|1776036951
|cant|p1a: Deoxys|par
|move|p2a: mnbdcb|Mystical Fire|p1a: Deoxys
|-damage|p1a: Deoxys|82/100 par
|-unboost|p1a: Deoxys|spa|1
|
|upkeep
|turn|3
|
|t:|1776036954
|cant|p1a: Deoxys|par
|move|p2a: mnbdcb|Mystical Fire|p1a: Deoxys
|-damage|p1a: Deoxys|69/100 par
|-unboost|p1a: Deoxys|spa|1
|
|upkeep
|turn|4
|
|t:|1776036957
|switch|p2a: SixSeven|Ninetales, F|100/100
|-weather|SunnyDay|[from] ability: Drought|[of] p2a: SixSeven
|cant|p1a: Deoxys|par
|
|-weather|SunnyDay|[upkeep]
|upkeep
|turn|5
|
|t:|1776036964
|switch|p2a: Goonedge|Ceruledge, M|100/100
|move|p1a: Deoxys|Reflect|p1a: Deoxys
|-sidestart|p1: t44 (the one)|Reflect
|
|-weather|SunnyDay|[upkeep]
|upkeep
|turn|6
|
|t:|1776036968
|move|p1a: Deoxys|Taunt|p2a: Goonedge
|-start|p2a: Goonedge|move: Taunt
|cant|p2a: Goonedge|move: Taunt|Swords Dance
|
|-weather|SunnyDay|[upkeep]
|upkeep
|turn|7
|
|t:|1776036974
|switch|p1a: Ursaluna|Ursaluna, F|100/100
|move|p2a: Goonedge|Bitter Blade|p1a: Ursaluna
|-damage|p1a: Ursaluna|68/100
|
|-weather|SunnyDay|[upkeep]
|-status|p1a: Ursaluna|brn|[from] item: Flame Orb
|upkeep
|turn|8
|
|t:|1776036977
|switch|p2a: Great Musk|Great Tusk|100/100
|-activate|p2a: Great Musk|ability: Protosynthesis
|-start|p2a: Great Musk|protosynthesisdef
|move|p1a: Ursaluna|Headlong Rush|p2a: Great Musk
|-damage|p2a: Great Musk|51/100
|-unboost|p1a: Ursaluna|def|1
|-unboost|p1a: Ursaluna|spd|1
|-damage|p1a: Ursaluna|51/100 brn|[from] item: Rocky Helmet|[of] p2a: Great Musk
|
|-weather|none
|-end|p2a: Great Musk|Protosynthesis
|-damage|p1a: Ursaluna|45/100 brn|[from] brn
|-sideend|p1: t44 (the one)|move: Light Screen
|upkeep
|turn|9
|
|t:|1776036986
|move|p2a: Great Musk|Knock Off|p1a: Ursaluna
|-crit|p1a: Ursaluna
|-damage|p1a: Ursaluna|0 fnt
|-enditem|p1a: Ursaluna|Flame Orb|[from] move: Knock Off|[of] p2a: Great Musk
|faint|p1a: Ursaluna
|
|upkeep
|
|t:|1776036990
|switch|p1a: Deoxys|Deoxys-Speed|69/100 par
|-ability|p1a: Deoxys|Pressure
|turn|10
|
|t:|1776036994
|-end|p2a: Great Musk|Protosynthesis|[silent]
|switch|p2a: mnbdcb|Hatterene, F|100/100
|cant|p1a: Deoxys|par
|
|upkeep
|turn|11
|
|t:|1776036999
|cant|p1a: Deoxys|par
|move|p2a: mnbdcb|Mystical Fire|p1a: Deoxys
|-crit|p1a: Deoxys
|-damage|p1a: Deoxys|26/100 par
|-unboost|p1a: Deoxys|spa|1
|
|upkeep
|turn|12
|
|t:|1776037002
|cant|p1a: Deoxys|par
|move|p2a: mnbdcb|Mystical Fire|p1a: Deoxys
|-damage|p1a: Deoxys|0 fnt
|faint|p1a: Deoxys
|
|-sideend|p1: t44 (the one)|Reflect
|upkeep
|
|t:|1776037010
|switch|p1a: Moltres|Moltres-Galar|100/100
|turn|13
|
|t:|1776037014
|switch|p2a: SixSeven|Ninetales, F|100/100
|-weather|SunnyDay|[from] ability: Drought|[of] p2a: SixSeven
|move|p1a: Moltres|Nasty Plot|p1a: Moltres
|-boost|p1a: Moltres|spa|2
|
|-weather|SunnyDay|[upkeep]
|upkeep
|turn|14
|
|t:|1776037022
|switch|p2a: Great Musk|Great Tusk|51/100
|-activate|p2a: Great Musk|ability: Protosynthesis
|-start|p2a: Great Musk|protosynthesisdef
|move|p1a: Moltres|Agility|p1a: Moltres
|-boost|p1a: Moltres|spe|2
|
|-weather|SunnyDay|[upkeep]
|upkeep
|turn|15
|
|t:|1776037028
|move|p1a: Moltres|Tera Blast|p2a: Great Musk
|-damage|p2a: Great Musk|0 fnt
|faint|p2a: Great Musk
|-end|p2a: Great Musk|Protosynthesis|[silent]
|
|-weather|SunnyDay|[upkeep]
|upkeep
|
|t:|1776037031
|switch|p2a: Raging Bait|Raging Bolt|100/100
|-activate|p2a: Raging Bait|ability: Protosynthesis
|-start|p2a: Raging Bait|protosynthesisspa
|turn|16
|
|t:|1776037036
|-terastallize|p1a: Moltres|Fairy
|move|p2a: Raging Bait|Thunderclap|p1a: Moltres
|-damage|p1a: Moltres|43/100
|-ability|p1a: Moltres|Berserk|boost
|-boost|p1a: Moltres|spa|1
|-damage|p2a: Raging Bait|91/100|[from] item: Life Orb
|-enditem|p1a: Moltres|Sitrus Berry|[eat]
|-heal|p1a: Moltres|68/100|[from] item: Sitrus Berry
|move|p1a: Moltres|Tera Blast|p2a: Raging Bait|[anim] Tera Blast Fairy
|-supereffective|p2a: Raging Bait
|-damage|p2a: Raging Bait|0 fnt
|faint|p2a: Raging Bait
|-end|p2a: Raging Bait|Protosynthesis|[silent]
|
|-weather|SunnyDay|[upkeep]
|upkeep
|
|t:|1776037045
|switch|p2a: mnbdcb|Hatterene, F|100/100
|turn|17
|
|t:|1776037047
|move|p1a: Moltres|Fiery Wrath|p2a: mnbdcb
|-damage|p2a: mnbdcb|26/100
|move|p2a: mnbdcb|Nuzzle|p1a: Moltres
|-damage|p1a: Moltres|63/100
|-status|p1a: Moltres|par
|
|-weather|none
|upkeep
|turn|18
|
|t:|1776037052
|cant|p1a: Moltres|par
|move|p2a: mnbdcb|Draining Kiss|p1a: Moltres
|-damage|p1a: Moltres|42/100 par
|-heal|p2a: mnbdcb|42/100|[from] drain|[of] p1a: Moltres
|-ability|p1a: Moltres|Berserk|boost
|-boost|p1a: Moltres|spa|1
|
|upkeep
|turn|19
|
|t:|1776037055
|move|p1a: Moltres|Fiery Wrath|p2a: mnbdcb
|-damage|p2a: mnbdcb|0 fnt
|faint|p2a: mnbdcb
|
|upkeep
|
|t:|1776037062
|switch|p2a: SixSeven|Ninetales, F|100/100
|-weather|SunnyDay|[from] ability: Drought|[of] p2a: SixSeven
|turn|20
|
|t:|1776037065
|move|p2a: SixSeven|Overheat|p1a: Moltres
|-damage|p1a: Moltres|0 fnt
|-unboost|p2a: SixSeven|spa|2
|faint|p1a: Moltres
|
|-weather|SunnyDay|[upkeep]
|upkeep
|
|t:|1776037070
|switch|p1a: Latias|Latias, F|100/100
|turn|21
|
|t:|1776037073
|move|p1a: Latias|Agility|p1a: Latias
|-boost|p1a: Latias|spe|2
|move|p2a: SixSeven|Will-O-Wisp|p1a: Latias
|-status|p1a: Latias|brn
|
|-weather|SunnyDay|[upkeep]
|-damage|p1a: Latias|94/100 brn|[from] brn
|upkeep
|turn|22
|
|t:|1776037084
|move|p1a: Latias|Calm Mind|p1a: Latias
|-boost|p1a: Latias|spa|1
|-boost|p1a: Latias|spd|1
|move|p2a: SixSeven|Encore|p1a: Latias
|-start|p1a: Latias|Encore
|
|-weather|SunnyDay|[upkeep]
|-damage|p1a: Latias|88/100 brn|[from] brn
|upkeep
|turn|23
|
|t:|1776037086
|switch|p2a: Goonedge|Ceruledge, M|100/100
|move|p1a: Latias|Calm Mind|p1a: Latias
|-boost|p1a: Latias|spa|1
|-boost|p1a: Latias|spd|1
|
|-weather|SunnyDay|[upkeep]
|-damage|p1a: Latias|82/100 brn|[from] brn
|upkeep
|turn|24
|
|t:|1776037090
|switch|p1a: Blaziken|Blaziken, M|100/100
|move|p2a: Goonedge|Poltergeist|p1a: Blaziken
|-activate|p1a: Blaziken|move: Poltergeist|Life Orb
|-damage|p1a: Blaziken|14/100
|
|-weather|none
|upkeep
|turn|25
|
|t:|1776037092
|move|p1a: Blaziken|Protect|p1a: Blaziken
|-singleturn|p1a: Blaziken|Protect
|move|p2a: Goonedge|Shadow Sneak|p1a: Blaziken
|-activate|p1a: Blaziken|move: Protect
|
|-ability|p1a: Blaziken|Speed Boost|boost
|-boost|p1a: Blaziken|spe|1
|upkeep
|turn|26
|
|t:|1776037094
|move|p2a: Goonedge|Shadow Sneak|p1a: Blaziken
|-damage|p1a: Blaziken|0 fnt
|faint|p1a: Blaziken
|
|upkeep
|
|t:|1776037097
|switch|p1a: Kingambit|Kingambit, M|100/100
|-activate|p1a: Kingambit|ability: Supreme Overlord
|-start|p1a: Kingambit|fallen4|[silent]
|turn|27
|
|t:|1776037103
|switch|p2a: SixSeven|Ninetales, F|100/100
|-weather|SunnyDay|[from] ability: Drought|[of] p2a: SixSeven
|move|p1a: Kingambit|Kowtow Cleave|p2a: SixSeven
|-damage|p2a: SixSeven|0 fnt
|faint|p2a: SixSeven
|
|-weather|SunnyDay|[upkeep]
|upkeep
|
|t:|1776037111
|switch|p2a: Walking Peak|Walking Wake|100/100
|-activate|p2a: Walking Peak|ability: Protosynthesis
|-start|p2a: Walking Peak|protosynthesisspa
|turn|28
|
|t:|1776037114
|-end|p2a: Walking Peak|Protosynthesis|[silent]
|switch|p2a: Goonedge|Ceruledge, M|100/100
|-end|p1a: Kingambit|fallen4|[silent]
|switch|p1a: Latias|Latias, F|82/100 brn
|
|-weather|SunnyDay|[upkeep]
|-damage|p1a: Latias|76/100 brn|[from] brn
|upkeep
|turn|29
|
|t:|1776037121
|move|p1a: Latias|Calm Mind|p1a: Latias
|-boost|p1a: Latias|spa|1
|-boost|p1a: Latias|spd|1
|move|p2a: Goonedge|Poltergeist|p1a: Latias
|-activate|p1a: Latias|move: Poltergeist|Weakness Policy
|-supereffective|p1a: Latias
|-damage|p1a: Latias|0 fnt
|faint|p1a: Latias
|
|-weather|SunnyDay|[upkeep]
|upkeep
|
|t:|1776037123
|switch|p1a: Kingambit|Kingambit, M|100/100
|-activate|p1a: Kingambit|ability: Supreme Overlord
|-start|p1a: Kingambit|fallen5|[silent]
|turn|30
|
|t:|1776037129
|move|p1a: Kingambit|Sucker Punch||[still]
|-fail|p1a: Kingambit
|move|p2a: Goonedge|Swords Dance|p2a: Goonedge
|-boost|p2a: Goonedge|atk|2
|
|-weather|SunnyDay|[upkeep]
|upkeep
|turn|31
|
|t:|1776037132
|move|p2a: Goonedge|Swords Dance|p2a: Goonedge
|-boost|p2a: Goonedge|atk|2
|move|p1a: Kingambit|Kowtow Cleave|p2a: Goonedge
|-supereffective|p2a: Goonedge
|-damage|p2a: Goonedge|0 fnt
|faint|p2a: Goonedge
|
|-weather|none
|upkeep
|
|t:|1776037134
|switch|p2a: Walking Peak|Walking Wake|100/100
|turn|32
|
|t:|1776037139
|-terastallize|p2a: Walking Peak|Water
|move|p2a: Walking Peak|Hydro Steam|p1a: Kingambit
|-damage|p1a: Kingambit|35/100
|move|p1a: Kingambit|Kowtow Cleave|p2a: Walking Peak
|-damage|p2a: Walking Peak|9/100
|
|upkeep
|turn|33
|
|t:|1776037145
|move|p1a: Kingambit|Sucker Punch|p2a: Walking Peak
|-damage|p2a: Walking Peak|0 fnt
|faint|p2a: Walking Peak
|-end|p2a: Walking Peak|Protosynthesis|[silent]
|
|win|t44 (the one)
|raw|t44 (the one)'s rating: 1445 &rarr; <strong>1461</strong><br />(+16 for winning)
|raw|Extremeraider03's rating: 1379 &rarr; <strong>1363</strong><br />(-16 for losing)
