|html|<div class="broadcast-blue"><strong>[Gen 9] OU is currently suspecting Tera Blast! For information on how to participate check out the <a href="https://www.smogon.com/tools/suspects/view/200">suspect thread</a>.</strong></div>
|j|☆carcol
|j|☆BobbyGum
|t:|1776109688
|gametype|singles
|player|p1|carcol|lady|1212
|player|p2|BobbyGum|red|1191
|gen|9
|tier|[Gen 9] OU
|rated|
|rule|HP Percentage Mod: HP is shown in percentages
|rule|Endless Battle Clause: Forcing endless battles is banned
|rule|Species Clause: Limit one of each Pokémon
|rule|OHKO Clause: OHKO moves are banned
|rule|Evasion Items Clause: Evasion items are banned
|rule|Evasion Moves Clause: Evasion moves are banned
|rule|Evasion Abilities Clause: Evasion abilities are banned
|rule|Sleep Moves Clause: Sleep-inducing moves are banned
|clearpoke
|poke|p1|Chesnaught, M|
|poke|p1|Oricorio-Pom-Pom, M|
|poke|p1|Mienshao, F|
|poke|p1|Alomomola, M|
|poke|p1|Glimmora, F|
|poke|p1|Porygon-Z|
|poke|p2|Venusaur, M|
|poke|p2|Torkoal, M|
|poke|p2|Walking Wake|
|poke|p2|Darkrai|
|poke|p2|Slither Wing|
|poke|p2|Blaziken, M|
|teampreview
|
|t:|1776109714
|teamsize|p1|6
|teamsize|p2|6
|start
|switch|p1a: Glimmora|Glimmora, F|100/100
|switch|p2a: Blaziken|Blaziken, M|100/100
|turn|1
|
|t:|1776109720
|move|p1a: Glimmora|Earth Power|p2a: Blaziken
|-supereffective|p2a: Blaziken
|-damage|p2a: Blaziken|12/100
|move|p2a: Blaziken|Swords Dance|p2a: Blaziken
|-boost|p2a: Blaziken|atk|2
|
|-ability|p2a: Blaziken|Speed Boost|boost
|-boost|p2a: Blaziken|spe|1
|upkeep
|turn|2
|
|t:|1776109730
|move|p2a: Blaziken|Close Combat|p1a: Glimmora
|-enditem|p1a: Glimmora|Focus Sash
|-damage|p1a: Glimmora|1/100
|-unboost|p2a: Blaziken|def|1
|-unboost|p2a: Blaziken|spd|1
|-activate|p1a: Glimmora|ability: Toxic Debris
|-sidestart|p2: BobbyGum|move: Toxic Spikes
|-damage|p2a: Blaziken|2/100|[from] item: Life Orb
|move|p1a: Glimmora|Earth Power|p2a: Blaziken
|-supereffective|p2a: Blaziken
|-damage|p2a: Blaziken|0 fnt
|faint|p2a: Blaziken
|
|upkeep
|
|t:|1776109745
|switch|p2a: Venusaur|Venusaur, M|100/100
|-sideend|p2: BobbyGum|move: Toxic Spikes|[of] p2a: Venusaur
|turn|3
|
|t:|1776109761
|move|p1a: Glimmora|Stealth Rock|p2a: Venusaur
|-sidestart|p2: BobbyGum|move: Stealth Rock
|move|p2a: Venusaur|Earth Power|p1a: Glimmora
|-supereffective|p1a: Glimmora
|-damage|p1a: Glimmora|0 fnt
|faint|p1a: Glimmora
|-damage|p2a: Venusaur|91/100|[from] item: Life Orb
|
|upkeep
|
|t:|1776109765
|switch|p1a: Alomomola|Alomomola, M|100/100
|turn|4
|
|t:|1776109771
|switch|p2a: Torkoal|Torkoal, M|100/100
|-damage|p2a: Torkoal|76/100|[from] Stealth Rock
|-weather|SunnyDay|[from] ability: Drought|[of] p2a: Torkoal
|move|p1a: Alomomola|Mirror Coat||[still]
|-fail|p1a: Alomomola
|
|-weather|SunnyDay|[upkeep]
|upkeep
|turn|5
|
|t:|1776109779
|move|p1a: Alomomola|Wish|p1a: Alomomola
|move|p2a: Torkoal|Rapid Spin|p1a: Alomomola
|-damage|p1a: Alomomola|93/100
|-boost|p2a: Torkoal|spe|1
|-sideend|p2: BobbyGum|Stealth Rock|[from] move: Rapid Spin|[of] p2a: Torkoal
|
|-weather|SunnyDay|[upkeep]
|upkeep
|turn|6
|
|t:|1776109788
|switch|p2a: Venusaur|Venusaur, M|91/100
|move|p1a: Alomomola|Flip Turn|p2a: Venusaur
|-resisted|p2a: Venusaur
|-damage|p2a: Venusaur|86/100
|
|t:|1776109794
|switch|p1a: Chesnaught|Chesnaught, M|100/100|[from] Flip Turn
|
|-weather|SunnyDay|[upkeep]
|upkeep
|turn|7
|
|t:|1776109807
|switch|p2a: Slither Wing|Slither Wing, shiny|100/100
|-activate|p2a: Slither Wing|ability: Protosynthesis
|-start|p2a: Slither Wing|protosynthesisatk
|move|p1a: Chesnaught|Knock Off|p2a: Slither Wing
|-resisted|p2a: Slither Wing
|-damage|p2a: Slither Wing|84/100
|-damage|p1a: Chesnaught|84/100|[from] item: Rocky Helmet|[of] p2a: Slither Wing
|-enditem|p2a: Slither Wing|Rocky Helmet|[from] move: Knock Off|[of] p1a: Chesnaught
|
|-weather|SunnyDay|[upkeep]
|upkeep
|turn|8
|
|t:|1776109817
|switch|p1a: Alomomola|Alomomola, M|100/100
|move|p2a: Slither Wing|Flame Charge|p1a: Alomomola
|-resisted|p1a: Alomomola
|-damage|p1a: Alomomola|88/100
|-boost|p2a: Slither Wing|spe|1
|
|-weather|SunnyDay|[upkeep]
|upkeep
|turn|9
|
|t:|1776109825
|move|p2a: Slither Wing|Bulk Up|p2a: Slither Wing
|-boost|p2a: Slither Wing|atk|1
|-boost|p2a: Slither Wing|def|1
|move|p1a: Alomomola|Scald|p2a: Slither Wing
|-damage|p2a: Slither Wing|78/100
|
|-weather|SunnyDay|[upkeep]
|upkeep
|turn|10
|
|t:|1776109833
|move|p2a: Slither Wing|Close Combat|p1a: Alomomola
|-damage|p1a: Alomomola|0 fnt
|-unboost|p2a: Slither Wing|def|1
|-unboost|p2a: Slither Wing|spd|1
|faint|p1a: Alomomola
|
|-weather|SunnyDay|[upkeep]
|upkeep
|
|t:|1776109840
|switch|p1a: Porygon-Z|Porygon-Z|100/100
|-ability|p1a: Porygon-Z|Download|boost
|-boost|p1a: Porygon-Z|spa|1
|turn|11
|
|t:|1776109846
|move|p1a: Porygon-Z|Tri Attack|p2a: Slither Wing
|-damage|p2a: Slither Wing|0 fnt
|faint|p2a: Slither Wing
|-end|p2a: Slither Wing|Protosynthesis|[silent]
|
|-weather|none
|upkeep
|
|t:|1776109853
|switch|p2a: Torkoal|Torkoal, M|76/100
|-weather|SunnyDay|[from] ability: Drought|[of] p2a: Torkoal
|turn|12
|
|t:|1776109859
|move|p1a: Porygon-Z|Tri Attack|p2a: Torkoal
|-damage|p2a: Torkoal|0 fnt
|faint|p2a: Torkoal
|
|-weather|SunnyDay|[upkeep]
|upkeep
|
|t:|1776109865
|switch|p2a: Walking Wake|Walking Wake|100/100
|-activate|p2a: Walking Wake|ability: Protosynthesis
|-start|p2a: Walking Wake|protosynthesisspa
|turn|13
|
|t:|1776109882
|switch|p1a: Mienshao|Mienshao, F|100/100
|move|p2a: Walking Wake|Hydro Steam|p1a: Mienshao
|-damage|p1a: Mienshao|0 fnt
|faint|p1a: Mienshao
|
|-weather|SunnyDay|[upkeep]
|upkeep
|
|t:|1776109884
|switch|p1a: Porygon-Z|Porygon-Z|100/100
|-ability|p1a: Porygon-Z|Download|boost
|-boost|p1a: Porygon-Z|spa|1
|turn|14
|
|t:|1776109894
|-terastallize|p1a: Porygon-Z|Normal
|move|p1a: Porygon-Z|Tri Attack|p2a: Walking Wake
|-damage|p2a: Walking Wake|0 fnt
|faint|p2a: Walking Wake
|-end|p2a: Walking Wake|Protosynthesis|[silent]
|
|-weather|SunnyDay|[upkeep]
|upkeep
|
|t:|1776109901
|switch|p2a: Venusaur|Venusaur, M|86/100
|turn|15
|
|t:|1776109905
|move|p2a: Venusaur|Solar Beam||[still]
|-prepare|p2a: Venusaur|Solar Beam
|-anim|p2a: Venusaur|Solar Beam|p1a: Porygon-Z
|-damage|p1a: Porygon-Z|5/100
|-damage|p2a: Venusaur|76/100|[from] item: Life Orb
|move|p1a: Porygon-Z|Tri Attack|p2a: Venusaur
|-damage|p2a: Venusaur|0 fnt
|faint|p2a: Venusaur
|
|-weather|SunnyDay|[upkeep]
|upkeep
|
|t:|1776109915
|switch|p2a: Darkrai|Darkrai, shiny|100/100
|turn|16
|
|t:|1776109917
|move|p1a: Porygon-Z|Tri Attack|p2a: Darkrai
|-damage|p2a: Darkrai|0 fnt
|faint|p2a: Darkrai
|
|win|carcol
|raw|carcol's rating: 1212 &rarr; <strong>1235</strong><br />(+23 for winning)
|raw|BobbyGum's rating: 1191 &rarr; <strong>1168</strong><br />(-23 for losing)
|l|☆BobbyGum
|player|p2|
