|html|<div class="broadcast-blue"><strong>[Gen 9] OU is currently suspecting Tera Blast! For information on how to participate check out the <a href="https://www.smogon.com/tools/suspects/view/200">suspect thread</a>.</strong></div>
|j|☆LiamUtp
|j|☆blooaxolotl
|t:|1776351313
|gametype|singles
|player|p1|LiamUtp|lucas|
|player|p2|blooaxolotl|gambler|
|gen|9
|tier|[Gen 9] OU
|rule|HP Percentage Mod: HP is shown in percentages
|rule|Endless Battle Clause: Forcing endless battles is banned
|rule|Species Clause: Limit one of each Pokémon
|rule|OHKO Clause: OHKO moves are banned
|rule|Evasion Items Clause: Evasion items are banned
|rule|Evasion Moves Clause: Evasion moves are banned
|rule|Evasion Abilities Clause: Evasion abilities are banned
|rule|Sleep Moves Clause: Sleep-inducing moves are banned
|clearpoke
|poke|p1|Ribombee, M|
|poke|p1|Rabsca, M|
|poke|p1|Kleavor, M|
|poke|p1|Lokix, F|
|poke|p1|Vikavolt, M|
|poke|p1|Yanmega, M|
|poke|p2|Dragalge, F|
|poke|p2|Articuno-Galar|
|poke|p2|Blastoise, F|
|poke|p2|Garchomp, F|
|poke|p2|Ceruledge, F|
|poke|p2|Exeggutor-Alola, M|
|teampreview
|
|t:|1776351320
|teamsize|p1|6
|teamsize|p2|6
|start
|switch|p1a: Lokix|Lokix, F|100/100
|switch|p2a: Ceruledge|Ceruledge, F|100/100
|turn|1
|
|t:|1776351326
|move|p1a: Lokix|First Impression|p2a: Ceruledge
|-resisted|p2a: Ceruledge
|-damage|p2a: Ceruledge|75/100
|-ability|p2a: Ceruledge|Weak Armor|boost
|-unboost|p2a: Ceruledge|def|1
|-boost|p2a: Ceruledge|spe|2
|move|p2a: Ceruledge|Bitter Blade|p1a: Lokix
|-supereffective|p1a: Lokix
|-enditem|p1a: Lokix|Focus Sash
|-damage|p1a: Lokix|1/100
|-heal|p2a: Ceruledge|100/100|[from] drain|[of] p1a: Lokix
|
|upkeep
|turn|2
|
|t:|1776351339
|move|p1a: Lokix|Sucker Punch|p2a: Ceruledge
|-supereffective|p2a: Ceruledge
|-enditem|p2a: Ceruledge|Focus Sash
|-damage|p2a: Ceruledge|1/100
|-ability|p2a: Ceruledge|Weak Armor|boost
|-unboost|p2a: Ceruledge|def|1
|-boost|p2a: Ceruledge|spe|2
|move|p2a: Ceruledge|Bitter Blade|p1a: Lokix
|-supereffective|p1a: Lokix
|-damage|p1a: Lokix|0 fnt
|-heal|p2a: Ceruledge|1/100|[from] drain|[of] p1a: Lokix
|faint|p1a: Lokix
|
|upkeep
|
|t:|1776351351
|switch|p1a: Rabsca|Rabsca, M|100/100
|turn|3
|inactive|Battle timer is ON: inactive players will automatically lose when time's up. (requested by blooaxolotl)
|
|t:|1776351354
|move|p2a: Ceruledge|Bitter Blade|p1a: Rabsca
|-supereffective|p1a: Rabsca
|-enditem|p1a: Rabsca|Focus Sash
|-damage|p1a: Rabsca|1/100
|-heal|p2a: Ceruledge|62/100|[from] drain|[of] p1a: Rabsca
|move|p1a: Rabsca|Bug Buzz|p2a: Ceruledge
|-resisted|p2a: Ceruledge
|-damage|p2a: Ceruledge|47/100
|
|upkeep
|turn|4
|
|t:|1776351363
|move|p2a: Ceruledge|Bitter Blade|p1a: Rabsca
|-supereffective|p1a: Rabsca
|-damage|p1a: Rabsca|0 fnt
|-heal|p2a: Ceruledge|48/100|[from] drain|[of] p1a: Rabsca
|faint|p1a: Rabsca
|
|upkeep
|
|t:|1776351379
|switch|p1a: Kleavor|Kleavor, M|100/100
|turn|5
|
|t:|1776351383
|move|p2a: Ceruledge|Bitter Blade|p1a: Kleavor
|-damage|p1a: Kleavor|42/100
|-heal|p2a: Ceruledge|76/100|[from] drain|[of] p1a: Kleavor
|move|p1a: Kleavor|Stone Axe|p2a: Ceruledge
|-supereffective|p2a: Ceruledge
|-damage|p2a: Ceruledge|0 fnt
|-sidestart|p2: blooaxolotl|move: Stealth Rock
|faint|p2a: Ceruledge
|
|upkeep
|
|t:|1776351393
|switch|p2a: Garchomp|Garchomp, F|100/100
|-damage|p2a: Garchomp|94/100|[from] Stealth Rock
|turn|6
|
|t:|1776351400
|-terastallize|p2a: Garchomp|Ghost
|move|p2a: Garchomp|Earthquake|p1a: Kleavor
|-damage|p1a: Kleavor|0 fnt
|faint|p1a: Kleavor
|
|upkeep
|
|t:|1776351406
|switch|p1a: Ribombee|Ribombee, M|100/100
|turn|7
|
|t:|1776351411
|move|p1a: Ribombee|Sticky Web|p2a: Garchomp
|-sidestart|p2: blooaxolotl|move: Sticky Web
|move|p2a: Garchomp|Swords Dance|p2a: Garchomp
|-boost|p2a: Garchomp|atk|2
|
|upkeep
|turn|8
|
|t:|1776351416
|move|p1a: Ribombee|Alluring Voice|p2a: Garchomp
|-crit|p2a: Garchomp
|-damage|p2a: Garchomp|54/100
|move|p2a: Garchomp|Earthquake|p1a: Ribombee
|-resisted|p1a: Ribombee
|-damage|p1a: Ribombee|6/100
|
|upkeep
|turn|9
|
|t:|1776351425
|move|p1a: Ribombee|Alluring Voice|p2a: Garchomp
|-damage|p2a: Garchomp|25/100
|move|p2a: Garchomp|Earthquake|p1a: Ribombee
|-resisted|p1a: Ribombee
|-damage|p1a: Ribombee|0 fnt
|faint|p1a: Ribombee
|
|upkeep
|
|t:|1776351431
|switch|p1a: Yanmega|Yanmega, M|100/100
|turn|10
|
|t:|1776351435
|move|p1a: Yanmega|Detect|p1a: Yanmega
|-singleturn|p1a: Yanmega|Protect
|move|p2a: Garchomp|Scale Shot|p1a: Yanmega
|-activate|p1a: Yanmega|move: Protect
|
|-ability|p1a: Yanmega|Speed Boost|boost
|-boost|p1a: Yanmega|spe|1
|upkeep
|turn|11
|
|t:|1776351443
|move|p1a: Yanmega|Air Slash|p2a: Garchomp
|-damage|p2a: Garchomp|0 fnt
|faint|p2a: Garchomp
|
|-ability|p1a: Yanmega|Speed Boost|boost
|-boost|p1a: Yanmega|spe|1
|upkeep
|
|t:|1776351447
|switch|p2a: Exeggutor|Exeggutor-Alola, M|100/100
|-damage|p2a: Exeggutor|88/100|[from] Stealth Rock
|-activate|p2a: Exeggutor|move: Sticky Web
|-unboost|p2a: Exeggutor|spe|1
|turn|12
|
|t:|1776351452
|move|p1a: Yanmega|Bug Buzz|p2a: Exeggutor
|-supereffective|p2a: Exeggutor
|-damage|p2a: Exeggutor|0 fnt
|faint|p2a: Exeggutor
|
|-ability|p1a: Yanmega|Speed Boost|boost
|-boost|p1a: Yanmega|spe|1
|upkeep
|
|t:|1776351457
|switch|p2a: Dragalge|Dragalge, F|100/100
|-damage|p2a: Dragalge|88/100|[from] Stealth Rock
|-activate|p2a: Dragalge|move: Sticky Web
|-unboost|p2a: Dragalge|spe|1
|turn|13
|
|t:|1776351462
|move|p1a: Yanmega|Psychic|p2a: Dragalge
|-supereffective|p2a: Dragalge
|-damage|p2a: Dragalge|31/100
|move|p2a: Dragalge|Sludge Bomb|p1a: Yanmega
|-damage|p1a: Yanmega|11/100
|-status|p1a: Yanmega|psn
|
|-heal|p2a: Dragalge|37/100|[from] item: Black Sludge
|-damage|p1a: Yanmega|0 fnt|[from] psn
|faint|p1a: Yanmega
|upkeep
|
|t:|1776351472
|switch|p1a: Vikavolt|Vikavolt, M|100/100
|turn|14
|
|t:|1776351479
|move|p1a: Vikavolt|Bug Buzz|p2a: Dragalge
|-resisted|p2a: Dragalge
|-damage|p2a: Dragalge|15/100
|move|p2a: Dragalge|Sludge Bomb|p1a: Vikavolt
|-damage|p1a: Vikavolt|30/100
|
|-heal|p1a: Vikavolt|36/100|[from] item: Leftovers
|-heal|p2a: Dragalge|21/100|[from] item: Black Sludge
|upkeep
|turn|15
|
|t:|1776351491
|move|p1a: Vikavolt|Bug Buzz|p2a: Dragalge
|-resisted|p2a: Dragalge
|-damage|p2a: Dragalge|0 fnt
|faint|p2a: Dragalge
|
|-heal|p1a: Vikavolt|42/100|[from] item: Leftovers
|upkeep
|
|t:|1776351494
|switch|p2a: Articuno|Articuno-Galar|100/100
|-damage|p2a: Articuno|76/100|[from] Stealth Rock
|turn|16
|
|t:|1776351500
|move|p2a: Articuno|Stored Power|p1a: Vikavolt
|-damage|p1a: Vikavolt|30/100
|move|p1a: Vikavolt|Thunderbolt|p2a: Articuno
|-supereffective|p2a: Articuno
|-damage|p2a: Articuno|0 fnt
|faint|p2a: Articuno
|
|-heal|p1a: Vikavolt|37/100|[from] item: Leftovers
|upkeep
|
|t:|1776351503
|switch|p2a: Blastoise|Blastoise, F|100/100
|-damage|p2a: Blastoise|88/100|[from] Stealth Rock
|-activate|p2a: Blastoise|move: Sticky Web
|-unboost|p2a: Blastoise|spe|1
|turn|17
|
|t:|1776351512
|move|p2a: Blastoise|Surf|p1a: Vikavolt
|-damage|p1a: Vikavolt|0 fnt
|faint|p1a: Vikavolt
|-heal|p2a: Blastoise|93/100|[from] item: Shell Bell|[of] p1: Vikavolt
|
|win|blooaxolotl
|l|☆LiamUtp
|player|p1|
