|html|<div class="broadcast-blue"><strong>[Gen 9] OU is currently suspecting Tera Blast! For information on how to participate check out the <a href="https://www.smogon.com/tools/suspects/view/200">suspect thread</a>.</strong></div>
|j|☆jirachi_fan342
|j|☆ZaneCrescentb
|t:|1776341201
|gametype|singles
|player|p1|jirachi_fan342|swimmerf-gen4|1165
|player|p2|ZaneCrescentb|vessa|1175
|gen|9
|tier|[Gen 9] OU
|rated|
|rule|HP Percentage Mod: HP is shown in percentages
|rule|Endless Battle Clause: Forcing endless battles is banned
|rule|Species Clause: Limit one of each Pokémon
|rule|OHKO Clause: OHKO moves are banned
|rule|Evasion Items Clause: Evasion items are banned
|rule|Evasion Moves Clause: Evasion moves are banned
|rule|Evasion Abilities Clause: Evasion abilities are banned
|rule|Sleep Moves Clause: Sleep-inducing moves are banned
|clearpoke
|poke|p1|Kingambit, F|
|poke|p1|Darkrai|
|poke|p1|Zoroark-Hisui, M|
|poke|p1|Ceruledge, F|
|poke|p1|Primarina, M|
|poke|p1|Great Tusk|
|poke|p2|Pawmot, F|
|poke|p2|Alomomola, F|
|poke|p2|Grimmsnarl, M|
|poke|p2|Glimmora, F|
|poke|p2|Iron Valiant|
|poke|p2|Goodra, F|
|teampreview
|c|☆ZaneCrescentb|Gl hf.
|c|☆ZaneCrescentb|Let's GO!
|
|t:|1776341219
|teamsize|p1|6
|teamsize|p2|6
|start
|switch|p1a: Ceruledge|Ceruledge, F|100/100
|switch|p2a: Florablo|Glimmora, F|100/100
|turn|1
|c|☆jirachi_fan342|u too
|
|t:|1776341241
|move|p2a: Florablo|Power Gem|p1a: Ceruledge
|-supereffective|p1a: Ceruledge
|-damage|p1a: Ceruledge|6/100
|move|p1a: Ceruledge|Close Combat|p2a: Florablo
|-damage|p2a: Florablo|35/100
|-unboost|p1a: Ceruledge|def|1
|-unboost|p1a: Ceruledge|spd|1
|-activate|p2a: Florablo|ability: Toxic Debris
|-sidestart|p1: jirachi_fan342|move: Toxic Spikes
|-damage|p1a: Ceruledge|0 fnt|[from] item: Life Orb
|faint|p1a: Ceruledge
|
|upkeep
|
|t:|1776341252
|switch|p1a: Kingambit|Kingambit, F, shiny|100/100
|turn|2
|
|t:|1776341255
|switch|p2a: MoMolto|Alomomola, F|100/100
|move|p1a: Kingambit|Shadow Ball|p2a: MoMolto
|-crit|p2a: MoMolto
|-damage|p2a: MoMolto|53/100
|
|-heal|p2a: MoMolto|59/100|[from] item: Leftovers
|upkeep
|turn|3
|
|t:|1776341264
|move|p1a: Kingambit|Nasty Plot|p1a: Kingambit
|-boost|p1a: Kingambit|spa|2
|move|p2a: MoMolto|Mirror Coat||[still]
|-fail|p2a: MoMolto
|
|-heal|p2a: MoMolto|65/100|[from] item: Leftovers
|upkeep
|turn|4
|
|t:|1776341270
|switch|p2a: Grimm...|Grimmsnarl, M|100/100
|move|p1a: Kingambit|Nasty Plot|p1a: Kingambit
|-boost|p1a: Kingambit|spa|2
|
|upkeep
|turn|5
|
|t:|1776341276
|move|p2a: Grimm...|Light Screen|p2a: Grimm...
|-sidestart|p2: ZaneCrescentb|move: Light Screen
|move|p1a: Kingambit|Shadow Ball|p2a: Grimm...
|-resisted|p2a: Grimm...
|-damage|p2a: Grimm...|73/100
|
|upkeep
|turn|6
|
|t:|1776341281
|move|p1a: Kingambit|Nasty Plot|p1a: Kingambit
|-boost|p1a: Kingambit|spa|2
|move|p2a: Grimm...|False Surrender|p1a: Kingambit
|-supereffective|p1a: Kingambit
|-damage|p1a: Kingambit|0 fnt
|replace|p1a: Zoroark|Zoroark-Hisui, M
|-end|p1a: Zoroark|Illusion
|faint|p1a: Zoroark
|
|upkeep
|
|t:|1776341289
|switch|p1a: Darkrai|Darkrai, shiny|100/100
|-status|p1a: Darkrai|psn
|turn|7
|c|☆ZaneCrescentb|What you thought this was?
|
|t:|1776341297
|move|p1a: Darkrai|Focus Blast|p2a: Grimm...
|-damage|p2a: Grimm...|51/100
|move|p2a: Grimm...|Spirit Break|p1a: Darkrai
|-supereffective|p1a: Darkrai
|-damage|p1a: Darkrai|7/100 psn
|-unboost|p1a: Darkrai|spa|1
|
|-damage|p1a: Darkrai|0 fnt|[from] psn
|faint|p1a: Darkrai
|upkeep
|c|☆ZaneCrescentb|Like honestly.
|c|☆ZaneCrescentb|I'm tired of my Grimm being underestimated.
|c|☆ZaneCrescentb|What you thought this was?
|
|t:|1776341307
|switch|p1a: Primarina|Primarina, M|100/100
|-status|p1a: Primarina|psn
|turn|8
|
|t:|1776341315
|move|p2a: Grimm...|Spirit Break|p1a: Primarina
|-damage|p1a: Primarina|58/100 psn
|-unboost|p1a: Primarina|spa|1
|move|p1a: Primarina|Play Rough|p2a: Grimm...|[miss]
|-miss|p1a: Primarina|p2a: Grimm...
|
|-damage|p1a: Primarina|46/100 psn|[from] psn
|upkeep
|turn|9
|
|t:|1776341334
|move|p2a: Grimm...|Spirit Break|p1a: Primarina
|-damage|p1a: Primarina|0 fnt
|faint|p1a: Primarina
|
|upkeep
|
|t:|1776341339
|switch|p1a: Great Tusk|Great Tusk|100/100
|-status|p1a: Great Tusk|psn
|-enditem|p1a: Great Tusk|Booster Energy
|-activate|p1a: Great Tusk|ability: Protosynthesis|[fromitem]
|-start|p1a: Great Tusk|protosynthesisatk
|turn|10
|
|t:|1776341347
|-terastallize|p1a: Great Tusk|Steel
|move|p2a: Grimm...|Reflect|p2a: Grimm...
|-sidestart|p2: ZaneCrescentb|Reflect
|move|p1a: Great Tusk|Headlong Rush|p2a: Grimm...
|-damage|p2a: Grimm...|4/100
|-unboost|p1a: Great Tusk|def|1
|-unboost|p1a: Great Tusk|spd|1
|
|-damage|p1a: Great Tusk|88/100 psn|[from] psn
|upkeep
|turn|11
|
|t:|1776341357
|switch|p2a: MoMolto|Alomomola, F|99/100
|move|p1a: Great Tusk|Knock Off|p2a: MoMolto
|-damage|p2a: MoMolto|83/100
|-enditem|p2a: MoMolto|Leftovers|[from] move: Knock Off|[of] p1a: Great Tusk
|
|-damage|p1a: Great Tusk|76/100 psn|[from] psn
|upkeep
|turn|12
|
|t:|1776341370
|move|p1a: Great Tusk|Headlong Rush|p2a: MoMolto
|-damage|p2a: MoMolto|56/100
|-unboost|p1a: Great Tusk|def|1
|-unboost|p1a: Great Tusk|spd|1
|move|p2a: MoMolto|Wish|p2a: MoMolto
|
|-damage|p1a: Great Tusk|63/100 psn|[from] psn
|-sideend|p2: ZaneCrescentb|move: Light Screen
|upkeep
|turn|13
|
|t:|1776341377
|move|p1a: Great Tusk|Close Combat|p2a: MoMolto
|-damage|p2a: MoMolto|27/100
|-unboost|p1a: Great Tusk|def|1
|-unboost|p1a: Great Tusk|spd|1
|move|p2a: MoMolto|Flip Turn|p1a: Great Tusk
|-damage|p1a: Great Tusk|35/100 psn
|
|t:|1776341389
|switch|p2a: Amoura the Vali|Iron Valiant|100/100|[from] Flip Turn
|-enditem|p2a: Amoura the Vali|Booster Energy
|-activate|p2a: Amoura the Vali|ability: Quark Drive|[fromitem]
|-start|p2a: Amoura the Vali|quarkdrivespe
|
|-damage|p1a: Great Tusk|22/100 psn|[from] psn
|upkeep
|turn|14
|
|t:|1776341397
|move|p2a: Amoura the Vali|Shadow Ball|p1a: Great Tusk
|-damage|p1a: Great Tusk|0 fnt
|faint|p1a: Great Tusk
|-end|p1a: Great Tusk|Protosynthesis|[silent]
|
|upkeep
|
|t:|1776341401
|switch|p1a: Kingambit|Kingambit, F, shiny|100/100
|-activate|p1a: Kingambit|ability: Supreme Overlord
|-start|p1a: Kingambit|fallen5|[silent]
|turn|15
|
|t:|1776341407
|move|p2a: Amoura the Vali|Close Combat|p1a: Kingambit
|-supereffective|p1a: Kingambit
|-damage|p1a: Kingambit|0 fnt
|-unboost|p2a: Amoura the Vali|def|1
|-unboost|p2a: Amoura the Vali|spd|1
|faint|p1a: Kingambit
|-end|p1a: Kingambit|fallen5|[silent]
|
|win|ZaneCrescentb
|raw|jirachi_fan342's rating: 1165 &rarr; <strong>1141</strong><br />(-24 for losing)
|raw|ZaneCrescentb's rating: 1175 &rarr; <strong>1199</strong><br />(+24 for winning)
|c|☆ZaneCrescentb|GG!
|l|☆jirachi_fan342
|player|p1|
|c|☆ZaneCrescentb|I never end on a loss!
