|html|<div class="broadcast-blue"><strong>[Gen 9] OU is currently suspecting Tera Blast! For information on how to participate check out the <a href="https://www.smogon.com/tools/suspects/view/200">suspect thread</a>.</strong></div>
|j|☆jujulian13
|j|☆amongus20202020
|t:|1776062282
|gametype|singles
|player|p1|jujulian13|n|1080
|player|p2|amongus20202020|plasmagruntf-gen5bw|1123
|gen|9
|tier|[Gen 9] OU
|rated|
|rule|HP Percentage Mod: HP is shown in percentages
|rule|Endless Battle Clause: Forcing endless battles is banned
|rule|Species Clause: Limit one of each Pokémon
|rule|OHKO Clause: OHKO moves are banned
|rule|Evasion Items Clause: Evasion items are banned
|rule|Evasion Moves Clause: Evasion moves are banned
|rule|Evasion Abilities Clause: Evasion abilities are banned
|rule|Sleep Moves Clause: Sleep-inducing moves are banned
|clearpoke
|poke|p1|Quagsire, M|
|poke|p1|Metagross|
|poke|p1|Exeggutor-Alola, M|
|poke|p1|Morpeko, M|
|poke|p1|Salazzle, F|
|poke|p1|Beartic, F|
|poke|p2|Great Tusk|
|poke|p2|Garganacl, M|
|poke|p2|Dragapult, F|
|poke|p2|Kingambit, F|
|poke|p2|Clodsire, F|
|poke|p2|Samurott-Hisui, M|
|teampreview
|
|t:|1776062304
|teamsize|p1|6
|teamsize|p2|6
|start
|switch|p1a: Big gill|Quagsire, M|100/100
|switch|p2a: Jack|Samurott-Hisui, M, shiny|100/100
|turn|1
|
|t:|1776062324
|move|p2a: Jack|Ceaseless Edge|p1a: Big gill
|-damage|p1a: Big gill|73/100
|-sidestart|p1: jujulian13|Spikes
|move|p1a: Big gill|Spikes|p2a: Jack
|-sidestart|p2: amongus20202020|Spikes
|
|upkeep
|turn|2
|c|☆amongus20202020|big gill
|c|☆jujulian13|we love big gil
|
|t:|1776062346
|move|p2a: Jack|Ceaseless Edge|p1a: Big gill
|-damage|p1a: Big gill|48/100
|-sidestart|p1: jujulian13|Spikes
|move|p1a: Big gill|Spikes|p2a: Jack
|-sidestart|p2: amongus20202020|Spikes
|
|upkeep
|turn|3
|
|t:|1776062353
|move|p2a: Jack|Ceaseless Edge|p1a: Big gill
|-damage|p1a: Big gill|18/100
|-sidestart|p1: jujulian13|Spikes
|move|p1a: Big gill|Earthquake|p2a: Jack
|-damage|p2a: Jack|74/100
|
|upkeep
|turn|4
|
|t:|1776062369
|move|p2a: Jack|Sacred Sword|p1a: Big gill
|-damage|p1a: Big gill|0 fnt
|faint|p1a: Big gill
|
|upkeep
|
|t:|1776062385
|switch|p1a: Yggsdrasil|Exeggutor-Alola, M|100/100
|-damage|p1a: Yggsdrasil|76/100|[from] Spikes
|-item|p2a: Jack|Assault Vest|[from] ability: Frisk|[of] p1a: Yggsdrasil
|turn|5
|
|t:|1776062421
|switch|p2a: Queengambit|Kingambit, F, shiny|100/100
|-damage|p2a: Queengambit|84/100|[from] Spikes
|move|p1a: Yggsdrasil|Leaf Storm|p2a: Queengambit
|-resisted|p2a: Queengambit
|-damage|p2a: Queengambit|30/100
|-unboost|p1a: Yggsdrasil|spa|2
|
|upkeep
|turn|6
|
|t:|1776062434
|move|p1a: Yggsdrasil|Leaf Storm|p2a: Queengambit
|-resisted|p2a: Queengambit
|-damage|p2a: Queengambit|5/100
|-unboost|p1a: Yggsdrasil|spa|2
|move|p2a: Queengambit|Kowtow Cleave|p1a: Yggsdrasil
|-damage|p1a: Yggsdrasil|12/100
|
|upkeep
|turn|7
|
|t:|1776062445
|move|p2a: Queengambit|Sucker Punch|p1a: Yggsdrasil
|-damage|p1a: Yggsdrasil|0 fnt
|faint|p1a: Yggsdrasil
|
|upkeep
|
|t:|1776062459
|switch|p1a: Greenland|Beartic, F|100/100
|-damage|p1a: Greenland|76/100|[from] Spikes
|turn|8
|
|t:|1776062466
|move|p1a: Greenland|Close Combat|p2a: Queengambit
|-supereffective|p2a: Queengambit
|-damage|p2a: Queengambit|0 fnt
|-unboost|p1a: Greenland|def|1
|-unboost|p1a: Greenland|spd|1
|faint|p2a: Queengambit
|-end|p2a: Queengambit|fallenundefined|[silent]
|
|upkeep
|
|t:|1776062469
|switch|p2a: Stealth Bomber|Dragapult, F|100/100
|-damage|p2a: Stealth Bomber|84/100|[from] Spikes
|turn|9
|
|t:|1776062477
|move|p2a: Stealth Bomber|Flamethrower|p1a: Greenland
|-supereffective|p1a: Greenland
|-damage|p1a: Greenland|0 fnt
|faint|p1a: Greenland
|
|upkeep
|
|t:|1776062490
|switch|p1a: Lil jit|Morpeko, M|100/100
|turn|10
|
|t:|1776062504
|switch|p2a: Sand Underused|Great Tusk|100/100
|move|p1a: Lil jit|Knock Off|p2a: Sand Underused
|-resisted|p2a: Sand Underused
|-damage|p2a: Sand Underused|87/100
|-enditem|p2a: Sand Underused|Heavy-Duty Boots|[from] move: Knock Off|[of] p1a: Lil jit
|
|-formechange|p1a: Lil jit|Morpeko-Hangry||[from] ability: Hunger Switch
|upkeep
|turn|11
|c|☆amongus20202020|he hangy
|
|t:|1776062519
|move|p1a: Lil jit|Parting Shot|p2a: Sand Underused
|-unboost|p2a: Sand Underused|atk|1
|-unboost|p2a: Sand Underused|spa|1
|
|t:|1776062527
|switch|p1a: Death metal|Metagross|100/100|[from] Parting Shot
|-damage|p1a: Death metal|76/100|[from] Spikes
|move|p2a: Sand Underused|Rapid Spin|p1a: Death metal
|-resisted|p1a: Death metal
|-damage|p1a: Death metal|71/100
|-boost|p2a: Sand Underused|spe|1
|-sideend|p2: amongus20202020|Spikes|[from] move: Rapid Spin|[of] p2a: Sand Underused
|
|upkeep
|turn|12
|
|t:|1776062546
|move|p2a: Sand Underused|Knock Off|p1a: Death metal
|-supereffective|p1a: Death metal
|-damage|p1a: Death metal|30/100
|-enditem|p1a: Death metal|Choice Band|[from] move: Knock Off|[of] p2a: Sand Underused
|move|p1a: Death metal|Heavy Slam|p2a: Sand Underused
|-damage|p2a: Sand Underused|69/100
|
|upkeep
|turn|13
|
|t:|1776062556
|move|p2a: Sand Underused|Headlong Rush|p1a: Death metal
|-supereffective|p1a: Death metal
|-damage|p1a: Death metal|0 fnt
|-unboost|p2a: Sand Underused|def|1
|-unboost|p2a: Sand Underused|spd|1
|faint|p1a: Death metal
|
|upkeep
|
|t:|1776062564
|switch|p1a: Razzle and dazzle|Salazzle, F|100/100
|turn|14
|
|t:|1776062577
|-terastallize|p1a: Razzle and dazzle|Ground
|move|p2a: Sand Underused|Headlong Rush|p1a: Razzle and dazzle
|-damage|p1a: Razzle and dazzle|27/100
|-unboost|p2a: Sand Underused|def|1
|-unboost|p2a: Sand Underused|spd|1
|move|p1a: Razzle and dazzle|Fire Blast|p2a: Sand Underused
|-damage|p2a: Sand Underused|0 fnt
|faint|p2a: Sand Underused
|-end|p2a: Sand Underused|Protosynthesis|[silent]
|
|upkeep
|c|☆amongus20202020|Habbo Hotel
|
|t:|1776062587
|switch|p2a: Stealth Bomber|Dragapult, F|84/100
|turn|15
|
|t:|1776062597
|move|p2a: Stealth Bomber|Dragon Pulse|p1a: Razzle and dazzle
|-damage|p1a: Razzle and dazzle|0 fnt
|faint|p1a: Razzle and dazzle
|
|upkeep
|
|t:|1776062601
|switch|p1a: Lil jit|Morpeko, M|100/100
|turn|16
|
|t:|1776062606
|move|p2a: Stealth Bomber|Dragon Pulse|p1a: Lil jit
|-damage|p1a: Lil jit|0 fnt
|faint|p1a: Lil jit
|
|win|amongus20202020
|raw|jujulian13's rating: 1080 &rarr; <strong>1061</strong><br />(-19 for losing)
|raw|amongus20202020's rating: 1123 &rarr; <strong>1145</strong><br />(+22 for winning)
|l|☆jujulian13
|player|p1|
|l|☆amongus20202020
|player|p2|
