|html|<div class="broadcast-blue"><strong>[Gen 9] OU is currently suspecting Tera Blast! For information on how to participate check out the <a href="https://www.smogon.com/tools/suspects/view/200">suspect thread</a>.</strong></div>
|j|☆1200s chud
|j|☆fatheralex909
|t:|1776044195
|gametype|singles
|player|p1|1200s chud|drayton|1589
|player|p2|fatheralex909|1|1643
|gen|9
|tier|[Gen 9] OU
|rated|
|rule|HP Percentage Mod: HP is shown in percentages
|rule|Endless Battle Clause: Forcing endless battles is banned
|rule|Species Clause: Limit one of each Pokémon
|rule|OHKO Clause: OHKO moves are banned
|rule|Evasion Items Clause: Evasion items are banned
|rule|Evasion Moves Clause: Evasion moves are banned
|rule|Evasion Abilities Clause: Evasion abilities are banned
|rule|Sleep Moves Clause: Sleep-inducing moves are banned
|clearpoke
|poke|p1|Araquanid, F|
|poke|p1|Gholdengo|
|poke|p1|Rillaboom, M|
|poke|p1|Zamazenta-*|
|poke|p1|Glimmora, M|
|poke|p1|Heatran, M|
|poke|p2|Dragapult, F|
|poke|p2|Samurott-Hisui, F|
|poke|p2|Iron Treads|
|poke|p2|Iron Valiant|
|poke|p2|Gholdengo|
|poke|p2|Ogerpon-Wellspring, F|
|teampreview
|inactive|Battle timer is ON: inactive players will automatically lose when time's up. (requested by 1200s chud)
|
|t:|1776044216
|teamsize|p1|6
|teamsize|p2|6
|start
|switch|p1a: Rillaboom|Rillaboom, M|100/100
|switch|p2a: Samurott|Samurott-Hisui, F|100/100
|-fieldstart|move: Grassy Terrain|[from] ability: Grassy Surge|[of] p1a: Rillaboom
|turn|1
|
|t:|1776044223
|switch|p2a: Gholdengo|Gholdengo|100/100
|move|p1a: Rillaboom|Wood Hammer|p2a: Gholdengo
|-resisted|p2a: Gholdengo
|-crit|p2a: Gholdengo
|-damage|p2a: Gholdengo|48/100
|-damage|p1a: Rillaboom|87/100|[from] Recoil
|
|-heal|p2a: Gholdengo|54/100|[from] Grassy Terrain
|-heal|p1a: Rillaboom|93/100|[from] Grassy Terrain
|upkeep
|turn|2
|
|t:|1776044234
|move|p2a: Gholdengo|Make It Rain|p1a: Rillaboom
|-damage|p1a: Rillaboom|27/100
|-unboost|p2a: Gholdengo|spa|1
|move|p1a: Rillaboom|Knock Off|p2a: Gholdengo
|-supereffective|p2a: Gholdengo
|-damage|p2a: Gholdengo|0 fnt
|-enditem|p2a: Gholdengo|Choice Scarf|[from] move: Knock Off|[of] p1a: Rillaboom
|faint|p2a: Gholdengo
|
|-heal|p1a: Rillaboom|33/100|[from] Grassy Terrain
|upkeep
|
|t:|1776044245
|switch|p2a: Dragapult|Dragapult, F|100/100
|turn|3
|
|t:|1776044270
|switch|p1a: Heatran|Heatran, M|100/100
|move|p2a: Dragapult|Dragon Darts|p1a: Heatran
|-resisted|p1a: Heatran
|-damage|p1a: Heatran|90/100
|-anim|p2a: Dragapult|Dragon Darts|p1a: Heatran
|-resisted|p1a: Heatran
|-damage|p1a: Heatran|78/100
|
|-heal|p1a: Heatran|84/100|[from] Grassy Terrain
|-heal|p1a: Heatran|91/100|[from] item: Leftovers
|upkeep
|turn|4
|inactive|1200s chud has 120 seconds left.
|
|t:|1776044286
|switch|p2a: Samurott|Samurott-Hisui, F|100/100
|switch|p1a: Rillaboom|Rillaboom, M|33/100
|
|-heal|p1a: Rillaboom|39/100|[from] Grassy Terrain
|upkeep
|turn|5
|
|t:|1776044291
|move|p1a: Rillaboom|Grassy Glide|p2a: Samurott
|-supereffective|p2a: Samurott
|-damage|p2a: Samurott|36/100
|move|p2a: Samurott|Sucker Punch||[still]
|-fail|p2a: Samurott
|
|-heal|p1a: Rillaboom|45/100|[from] Grassy Terrain
|-heal|p2a: Samurott|42/100|[from] Grassy Terrain
|upkeep
|turn|6
|
|t:|1776044297
|switch|p2a: Dragapult|Dragapult, F|100/100
|move|p1a: Rillaboom|Grassy Glide|p2a: Dragapult
|-resisted|p2a: Dragapult
|-damage|p2a: Dragapult|82/100
|
|-heal|p2a: Dragapult|88/100|[from] Grassy Terrain
|-heal|p2a: Dragapult|94/100|[from] item: Leftovers
|-heal|p1a: Rillaboom|51/100|[from] Grassy Terrain
|upkeep
|turn|7
|
|t:|1776044304
|switch|p2a: Ogerpon|Ogerpon-Wellspring, F|100/100
|move|p1a: Rillaboom|Knock Off|p2a: Ogerpon
|-damage|p2a: Ogerpon|77/100
|
|-heal|p2a: Ogerpon|83/100|[from] Grassy Terrain
|-heal|p1a: Rillaboom|58/100|[from] Grassy Terrain
|upkeep
|turn|8
|
|t:|1776044309
|move|p2a: Ogerpon|Play Rough|p1a: Rillaboom
|-damage|p1a: Rillaboom|27/100
|move|p1a: Rillaboom|U-turn|p2a: Ogerpon
|-supereffective|p2a: Ogerpon
|-damage|p2a: Ogerpon|29/100
|
|t:|1776044326
|switch|p1a: Araquanid|Araquanid, F|100/100|[from] U-turn
|
|-heal|p2a: Ogerpon|35/100|[from] Grassy Terrain
|-fieldend|move: Grassy Terrain
|upkeep
|turn|9
|
|t:|1776044332
|switch|p2a: Samurott|Samurott-Hisui, F|42/100
|move|p1a: Araquanid|Sticky Web|p2a: Samurott
|-sidestart|p2: fatheralex909|move: Sticky Web
|
|upkeep
|turn|10
|
|t:|1776044336
|switch|p1a: Zamazenta|Zamazenta|100/100
|-ability|p1a: Zamazenta|Dauntless Shield|boost
|-boost|p1a: Zamazenta|def|1
|move|p2a: Samurott|Ceaseless Edge|p1a: Zamazenta
|-resisted|p1a: Zamazenta
|-damage|p1a: Zamazenta|89/100
|-sidestart|p1: 1200s chud|Spikes
|
|upkeep
|turn|11
|
|t:|1776044346
|move|p1a: Zamazenta|Crunch|p2a: Samurott
|-resisted|p2a: Samurott
|-crit|p2a: Samurott
|-damage|p2a: Samurott|23/100
|move|p2a: Samurott|Ceaseless Edge|p1a: Zamazenta
|-resisted|p1a: Zamazenta
|-damage|p1a: Zamazenta|78/100
|-sidestart|p1: 1200s chud|Spikes
|
|upkeep
|turn|12
|
|t:|1776044349
|move|p1a: Zamazenta|Body Press|p2a: Samurott
|-supereffective|p2a: Samurott
|-damage|p2a: Samurott|0 fnt
|faint|p2a: Samurott
|
|upkeep
|
|t:|1776044351
|switch|p2a: Iron Valiant|Iron Valiant|100/100
|-activate|p2a: Iron Valiant|move: Sticky Web
|-unboost|p2a: Iron Valiant|spe|1
|turn|13
|
|t:|1776044356
|switch|p1a: Glimmora|Glimmora, M|100/100
|-damage|p1a: Glimmora|84/100|[from] Spikes
|move|p2a: Iron Valiant|Moonblast|p1a: Glimmora
|-resisted|p1a: Glimmora
|-damage|p1a: Glimmora|28/100
|-enditem|p1a: Glimmora|Red Card|[of] p2a: Iron Valiant
|-end|p2a: Iron Valiant|Quark Drive|[silent]
|drag|p2a: Dragapult|Dragapult, F|94/100
|-activate|p2a: Dragapult|move: Sticky Web
|-unboost|p2a: Dragapult|spe|1
|
|-heal|p2a: Dragapult|99/100|[from] item: Leftovers
|upkeep
|turn|14
|
|t:|1776044363
|move|p1a: Glimmora|Mortal Spin|p2a: Dragapult
|-resisted|p2a: Dragapult
|-damage|p2a: Dragapult|95/100
|-status|p2a: Dragapult|psn
|-sideend|p1: 1200s chud|Spikes|[from] move: Mortal Spin|[of] p1a: Glimmora
|move|p2a: Dragapult|Substitute|p2a: Dragapult
|-start|p2a: Dragapult|Substitute
|-damage|p2a: Dragapult|70/100 psn
|
|-heal|p2a: Dragapult|76/100 psn|[from] item: Leftovers
|-damage|p2a: Dragapult|64/100 psn|[from] psn
|upkeep
|turn|15
|
|t:|1776044370
|move|p1a: Glimmora|Power Gem|p2a: Dragapult
|-end|p2a: Dragapult|Substitute
|move|p2a: Dragapult|Dragon Dance|p2a: Dragapult
|-boost|p2a: Dragapult|atk|1
|-boost|p2a: Dragapult|spe|1
|
|-heal|p2a: Dragapult|70/100 psn|[from] item: Leftovers
|-damage|p2a: Dragapult|57/100 psn|[from] psn
|upkeep
|turn|16
|
|t:|1776044374
|move|p2a: Dragapult|Dragon Darts|p1a: Glimmora
|-damage|p1a: Glimmora|0 fnt
|-activate|p1a: Glimmora|ability: Toxic Debris
|-sidestart|p2: fatheralex909|move: Toxic Spikes
|faint|p1a: Glimmora
|
|-heal|p2a: Dragapult|63/100 psn|[from] item: Leftovers
|-damage|p2a: Dragapult|51/100 psn|[from] psn
|upkeep
|
|t:|1776044383
|switch|p1a: Zamazenta|Zamazenta|78/100
|turn|17
|
|t:|1776044387
|switch|p2a: Ogerpon|Ogerpon-Wellspring, F|35/100
|-activate|p2a: Ogerpon|move: Sticky Web
|-unboost|p2a: Ogerpon|spe|1
|-status|p2a: Ogerpon|psn
|move|p1a: Zamazenta|Crunch|p2a: Ogerpon
|-damage|p2a: Ogerpon|8/100 psn
|
|-damage|p2a: Ogerpon|0 fnt|[from] psn
|faint|p2a: Ogerpon
|upkeep
|
|t:|1776044389
|switch|p2a: Iron Treads|Iron Treads|100/100
|-activate|p2a: Iron Treads|move: Sticky Web
|-unboost|p2a: Iron Treads|spe|1
|turn|18
|
|t:|1776044406
|switch|p1a: Gholdengo|Gholdengo|100/100
|move|p2a: Iron Treads|Knock Off|p1a: Gholdengo
|-supereffective|p1a: Gholdengo
|-damage|p1a: Gholdengo|47/100
|-enditem|p1a: Gholdengo|Grassy Seed|[from] move: Knock Off|[of] p2a: Iron Treads
|
|upkeep
|turn|19
|
|t:|1776044413
|switch|p1a: Araquanid|Araquanid, F|100/100
|move|p2a: Iron Treads|Earthquake|p1a: Araquanid
|-resisted|p1a: Araquanid
|-damage|p1a: Araquanid|78/100
|
|upkeep
|turn|20
|
|t:|1776044414
|move|p2a: Iron Treads|Rapid Spin|p1a: Araquanid
|-damage|p1a: Araquanid|63/100
|-boost|p2a: Iron Treads|spe|1
|-sideend|p2: fatheralex909|Toxic Spikes|[from] move: Rapid Spin|[of] p2a: Iron Treads
|-sideend|p2: fatheralex909|Sticky Web|[from] move: Rapid Spin|[of] p2a: Iron Treads
|move|p1a: Araquanid|Liquidation|p2a: Iron Treads
|-supereffective|p2a: Iron Treads
|-damage|p2a: Iron Treads|0 fnt
|-damage|p1a: Araquanid|46/100|[from] item: Rocky Helmet|[of] p2a: Iron Treads
|faint|p2a: Iron Treads
|-end|p2a: Iron Treads|Quark Drive|[silent]
|
|upkeep
|
|t:|1776044420
|switch|p2a: Dragapult|Dragapult, F|51/100 psn
|turn|21
|
|t:|1776044424
|move|p2a: Dragapult|Dragon Dance|p2a: Dragapult
|-boost|p2a: Dragapult|atk|1
|-boost|p2a: Dragapult|spe|1
|move|p1a: Araquanid|Liquidation|p2a: Dragapult
|-resisted|p2a: Dragapult
|-damage|p2a: Dragapult|0 fnt
|faint|p2a: Dragapult
|
|upkeep
|-message|fatheralex909 forfeited.
|
|win|1200s chud
|raw|1200s chud's rating: 1589 &rarr; <strong>1612</strong><br />(+23 for winning)
|raw|fatheralex909's rating: 1643 &rarr; <strong>1620</strong><br />(-23 for losing)
|l|☆fatheralex909
|player|p2|
