|html|<div class="broadcast-blue"><strong>[Gen 9] OU is currently suspecting Tera Blast! For information on how to participate check out the <a href="https://www.smogon.com/tools/suspects/view/200">suspect thread</a>.</strong></div>
|j|☆ItsHarry
|j|☆shoumu01
|t:|1776083852
|gametype|singles
|player|p1|ItsHarry|265|1319
|player|p2|shoumu01|102|1283
|gen|9
|tier|[Gen 9] OU
|rated|
|rule|HP Percentage Mod: HP is shown in percentages
|rule|Endless Battle Clause: Forcing endless battles is banned
|rule|Species Clause: Limit one of each Pokémon
|rule|OHKO Clause: OHKO moves are banned
|rule|Evasion Items Clause: Evasion items are banned
|rule|Evasion Moves Clause: Evasion moves are banned
|rule|Evasion Abilities Clause: Evasion abilities are banned
|rule|Sleep Moves Clause: Sleep-inducing moves are banned
|clearpoke
|poke|p1|Blaziken, M|
|poke|p1|Dragapult, F|
|poke|p1|Galvantula, F|
|poke|p1|Rillaboom, F|
|poke|p1|Samurott-Hisui, F|
|poke|p1|Kingambit, F|
|poke|p2|Dondozo, F|
|poke|p2|Clodsire, M|
|poke|p2|Corviknight, M|
|poke|p2|Great Tusk|
|poke|p2|Blissey, F|
|poke|p2|Ogerpon-Wellspring, F|
|teampreview
|inactive|Battle timer is ON: inactive players will automatically lose when time's up. (requested by ItsHarry)
|
|t:|1776083858
|teamsize|p1|6
|teamsize|p2|6
|start
|switch|p1a: Galvantula|Galvantula, F|100/100
|switch|p2a: Great Tusk|Great Tusk|100/100
|turn|1
|
|t:|1776083866
|move|p1a: Galvantula|Sticky Web|p2a: Great Tusk
|-sidestart|p2: shoumu01|move: Sticky Web
|move|p2a: Great Tusk|Headlong Rush|p1a: Galvantula
|-enditem|p1a: Galvantula|Focus Sash
|-damage|p1a: Galvantula|1/100
|-unboost|p2a: Great Tusk|def|1
|-unboost|p2a: Great Tusk|spd|1
|
|upkeep
|turn|2
|
|t:|1776083875
|switch|p1a: Rillaboom|Rillaboom, F|100/100
|-fieldstart|move: Grassy Terrain|[from] ability: Grassy Surge|[of] p1a: Rillaboom
|move|p2a: Great Tusk|Rapid Spin|p1a: Rillaboom
|-damage|p1a: Rillaboom|82/100
|-boost|p2a: Great Tusk|spe|1
|-sideend|p2: shoumu01|Sticky Web|[from] move: Rapid Spin|[of] p2a: Great Tusk
|
|-heal|p1a: Rillaboom|88/100|[from] Grassy Terrain
|upkeep
|turn|3
|
|t:|1776083890
|move|p2a: Great Tusk|Ice Spinner|p1a: Rillaboom
|-supereffective|p1a: Rillaboom
|-damage|p1a: Rillaboom|24/100
|-fieldend|move: Grassy Terrain
|move|p1a: Rillaboom|Wood Hammer|p2a: Great Tusk
|-supereffective|p2a: Great Tusk
|-damage|p2a: Great Tusk|0 fnt
|faint|p2a: Great Tusk
|-end|p2a: Great Tusk|Protosynthesis|[silent]
|-damage|p1a: Rillaboom|0 fnt|[from] Recoil
|faint|p1a: Rillaboom
|
|upkeep
|
|t:|1776083909
|switch|p2a: Ogerpon|Ogerpon-Wellspring, F|100/100
|switch|p1a: Galvantula|Galvantula, F|1/100
|turn|4
|
|t:|1776083915
|move|p2a: Ogerpon|Quick Attack|p1a: Galvantula
|-damage|p1a: Galvantula|0 fnt
|faint|p1a: Galvantula
|
|upkeep
|c|☆ItsHarry|Wtf
|
|t:|1776083927
|switch|p1a: Dragapult|Dragapult, F|100/100
|turn|5
|
|t:|1776083937
|-terastallize|p2a: Ogerpon|Water
|detailschange|p2a: Ogerpon|Ogerpon-Wellspring-Tera, F, tera:Water
|-ability|p2a: Ogerpon|Embody Aspect (Wellspring)|boost
|-boost|p2a: Ogerpon|spd|1
|move|p1a: Dragapult|Will-O-Wisp|p2a: Ogerpon
|-status|p2a: Ogerpon|brn
|move|p2a: Ogerpon|Ivy Cudgel|p1a: Dragapult|[anim] Ivy Cudgel Water
|-resisted|p1a: Dragapult
|-damage|p1a: Dragapult|73/100
|
|-damage|p2a: Ogerpon|95/100 brn|[from] brn
|upkeep
|turn|6
|
|t:|1776083953
|move|p1a: Dragapult|Hex|p2a: Ogerpon
|-crit|p2a: Ogerpon
|-damage|p2a: Ogerpon|0 fnt
|faint|p2a: Ogerpon
|detailschange|p2: Ogerpon|Ogerpon-Wellspring, F|[silent]
|
|upkeep
|
|t:|1776083962
|switch|p2a: Blissey|Blissey, F|100/100
|turn|7
|
|t:|1776083967
|move|p1a: Dragapult|Dragon Darts|p2a: Blissey
|-damage|p2a: Blissey|53/100
|-anim|p1a: Dragapult|Dragon Darts|p2a: Blissey
|-damage|p2a: Blissey|13/100
|move|p2a: Blissey|Flamethrower|p1a: Dragapult
|-resisted|p1a: Dragapult
|-damage|p1a: Dragapult|56/100
|-status|p1a: Dragapult|brn
|
|-heal|p2a: Blissey|19/100|[from] item: Leftovers
|-damage|p1a: Dragapult|50/100 brn|[from] brn
|upkeep
|turn|8
|
|t:|1776083980
|switch|p2a: Clodsire|Clodsire, M|100/100
|move|p1a: Dragapult|Dragon Darts|p2a: Clodsire
|-damage|p2a: Clodsire|89/100
|-anim|p1a: Dragapult|Dragon Darts|p2a: Clodsire
|-damage|p2a: Clodsire|79/100
|
|-heal|p2a: Clodsire|85/100|[from] item: Leftovers
|-damage|p1a: Dragapult|44/100 brn|[from] brn
|upkeep
|turn|9
|
|t:|1776083993
|move|p1a: Dragapult|Will-O-Wisp|p2a: Clodsire
|-status|p2a: Clodsire|brn
|move|p2a: Clodsire|Stealth Rock|p1a: Dragapult
|-sidestart|p1: ItsHarry|move: Stealth Rock
|
|-heal|p2a: Clodsire|91/100 brn|[from] item: Leftovers
|-damage|p1a: Dragapult|38/100 brn|[from] brn
|-damage|p2a: Clodsire|85/100 brn|[from] brn
|upkeep
|turn|10
|
|t:|1776084005
|move|p1a: Dragapult|Hex|p2a: Clodsire
|-damage|p2a: Clodsire|53/100 brn
|move|p2a: Clodsire|Earthquake|p1a: Dragapult
|-damage|p1a: Dragapult|22/100 brn
|
|-heal|p2a: Clodsire|59/100 brn|[from] item: Leftovers
|-damage|p1a: Dragapult|16/100 brn|[from] brn
|-damage|p2a: Clodsire|53/100 brn|[from] brn
|upkeep
|turn|11
|
|t:|1776084017
|switch|p1a: Blaziken|Blaziken, M|100/100
|-damage|p1a: Blaziken|88/100|[from] Stealth Rock
|-item|p1a: Blaziken|Air Balloon
|move|p2a: Clodsire|Recover|p2a: Clodsire
|-heal|p2a: Clodsire|100/100 brn
|
|-damage|p2a: Clodsire|94/100 brn|[from] brn
|upkeep
|turn|12
|
|t:|1776084029
|switch|p2a: Dondozo|Dondozo, F|100/100
|move|p1a: Blaziken|Swords Dance|p1a: Blaziken
|-boost|p1a: Blaziken|atk|2
|
|-ability|p1a: Blaziken|Speed Boost|boost
|-boost|p1a: Blaziken|spe|1
|upkeep
|turn|13
|
|t:|1776084037
|move|p1a: Blaziken|Knock Off|p2a: Dondozo
|-damage|p2a: Dondozo|84/100
|-damage|p1a: Blaziken|72/100|[from] item: Rocky Helmet|[of] p2a: Dondozo
|-enditem|p2a: Dondozo|Rocky Helmet|[from] move: Knock Off|[of] p1a: Blaziken
|move|p2a: Dondozo|Wave Crash|p1a: Blaziken
|-supereffective|p1a: Blaziken
|-damage|p1a: Blaziken|0 fnt
|-enditem|p1a: Blaziken|Air Balloon
|faint|p1a: Blaziken
|-damage|p2a: Dondozo|70/100|[from] Recoil
|
|upkeep
|
|t:|1776084041
|switch|p1a: Dragapult|Dragapult, F|16/100 brn
|-damage|p1a: Dragapult|4/100 brn|[from] Stealth Rock
|turn|14
|
|t:|1776084053
|switch|p2a: Blissey|Blissey, F|19/100
|move|p1a: Dragapult|Will-O-Wisp|p2a: Blissey
|-status|p2a: Blissey|brn
|
|-heal|p2a: Blissey|26/100 brn|[from] item: Leftovers
|-damage|p1a: Dragapult|0 fnt|[from] brn
|faint|p1a: Dragapult
|-damage|p2a: Blissey|19/100 brn|[from] brn
|upkeep
|
|t:|1776084061
|switch|p1a: Samurott|Samurott-Hisui, F|100/100
|-damage|p1a: Samurott|88/100|[from] Stealth Rock
|turn|15
|
|t:|1776084076
|switch|p2a: Corviknight|Corviknight, M|100/100
|-ability|p2a: Corviknight|Pressure
|move|p1a: Samurott|Ceaseless Edge|p2a: Corviknight
|-damage|p2a: Corviknight|78/100
|-damage|p1a: Samurott|72/100|[from] item: Rocky Helmet|[of] p2a: Corviknight
|-sidestart|p2: shoumu01|Spikes
|
|upkeep
|turn|16
|
|t:|1776084087
|move|p1a: Samurott|Surf|p2a: Corviknight
|-damage|p2a: Corviknight|43/100
|move|p2a: Corviknight|Iron Defense|p2a: Corviknight
|-boost|p2a: Corviknight|def|2
|
|upkeep
|turn|17
|
|t:|1776084094
|move|p1a: Samurott|Ice Beam|p2a: Corviknight
|-damage|p2a: Corviknight|22/100
|move|p2a: Corviknight|Roost|p2a: Corviknight
|-heal|p2a: Corviknight|72/100
|-singleturn|p2a: Corviknight|move: Roost
|
|upkeep
|turn|18
|
|t:|1776084103
|move|p1a: Samurott|Surf|p2a: Corviknight
|-damage|p2a: Corviknight|39/100
|move|p2a: Corviknight|Iron Defense|p2a: Corviknight
|-boost|p2a: Corviknight|def|2
|
|upkeep
|turn|19
|
|t:|1776084109
|move|p1a: Samurott|Surf|p2a: Corviknight
|-damage|p2a: Corviknight|6/100
|move|p2a: Corviknight|Roost|p2a: Corviknight
|-heal|p2a: Corviknight|56/100
|-singleturn|p2a: Corviknight|move: Roost
|
|upkeep
|turn|20
|
|t:|1776084117
|move|p1a: Samurott|Surf|p2a: Corviknight
|-damage|p2a: Corviknight|21/100
|move|p2a: Corviknight|Roost|p2a: Corviknight
|-heal|p2a: Corviknight|71/100
|-singleturn|p2a: Corviknight|move: Roost
|
|upkeep
|turn|21
|
|t:|1776084125
|move|p1a: Samurott|Surf|p2a: Corviknight
|-damage|p2a: Corviknight|36/100
|move|p2a: Corviknight|Roost|p2a: Corviknight
|-heal|p2a: Corviknight|86/100
|-singleturn|p2a: Corviknight|move: Roost
|
|upkeep
|turn|22
|
|t:|1776084134
|move|p1a: Samurott|Surf|p2a: Corviknight
|-damage|p2a: Corviknight|50/100
|move|p2a: Corviknight|Body Press|p1a: Samurott
|-supereffective|p1a: Samurott
|-damage|p1a: Samurott|0 fnt
|faint|p1a: Samurott
|
|upkeep
|
|t:|1776084137
|switch|p1a: Kingambit|Kingambit, F|100/100
|-damage|p1a: Kingambit|94/100|[from] Stealth Rock
|-activate|p1a: Kingambit|ability: Supreme Overlord
|-start|p1a: Kingambit|fallen5|[silent]
|turn|23
|
|t:|1776084148
|move|p2a: Corviknight|Roost|p2a: Corviknight
|-heal|p2a: Corviknight|99/100
|-singleturn|p2a: Corviknight|move: Roost
|move|p1a: Kingambit|Low Kick|p2a: Corviknight
|-supereffective|p2a: Corviknight
|-damage|p2a: Corviknight|82/100
|-damage|p1a: Kingambit|78/100|[from] item: Rocky Helmet|[of] p2a: Corviknight
|
|upkeep
|turn|24
|-message|ItsHarry forfeited.
|
|win|shoumu01
|raw|ItsHarry's rating: 1319 &rarr; <strong>1297</strong><br />(-22 for losing)
|raw|shoumu01's rating: 1283 &rarr; <strong>1311</strong><br />(+28 for winning)
|l|☆ItsHarry
|player|p1|
|l|☆shoumu01
|player|p2|
