|html|<div class="broadcast-blue"><strong>[Gen 9] OU is currently suspecting Tera Blast! For information on how to participate check out the <a href="https://www.smogon.com/tools/suspects/view/200">suspect thread</a>.</strong></div>
|j|☆omoqaqqwq
|j|☆Blastoise_Choice
|t:|1776071219
|gametype|singles
|player|p1|omoqaqqwq|cynthia-gen4|1651
|player|p2|Blastoise_Choice|benga|1564
|gen|9
|tier|[Gen 9] OU
|rated|
|rule|HP Percentage Mod: HP is shown in percentages
|rule|Endless Battle Clause: Forcing endless battles is banned
|rule|Species Clause: Limit one of each Pokémon
|rule|OHKO Clause: OHKO moves are banned
|rule|Evasion Items Clause: Evasion items are banned
|rule|Evasion Moves Clause: Evasion moves are banned
|rule|Evasion Abilities Clause: Evasion abilities are banned
|rule|Sleep Moves Clause: Sleep-inducing moves are banned
|clearpoke
|poke|p1|Ogerpon, F|
|poke|p1|Scizor, M|
|poke|p1|Latios, M|
|poke|p1|Sandy Shocks|
|poke|p1|Manaphy|
|poke|p1|Iron Jugulis|
|poke|p2|Hydrapple, M|
|poke|p2|Tyranitar, F|
|poke|p2|Moltres|
|poke|p2|Zamazenta-*|
|poke|p2|Slowking-Galar, M|
|poke|p2|Excadrill, F|
|teampreview
|inactive|Battle timer is ON: inactive players will automatically lose when time's up. (requested by omoqaqqwq)
|
|t:|1776071228
|teamsize|p1|6
|teamsize|p2|6
|start
|switch|p1a: Sandy Shocks|Sandy Shocks|100/100
|switch|p2a: Slowking|Slowking-Galar, M|100/100
|-enditem|p1a: Sandy Shocks|Booster Energy
|-activate|p1a: Sandy Shocks|ability: Protosynthesis|[fromitem]
|-start|p1a: Sandy Shocks|protosynthesisspe
|turn|1
|c|☆Blastoise_Choice|hf
|inactive|Blastoise_Choice also wants the timer to be on.
|
|t:|1776071234
|move|p1a: Sandy Shocks|Stealth Rock|p2a: Slowking
|-sidestart|p2: Blastoise_Choice|move: Stealth Rock
|move|p2a: Slowking|Ice Beam|p1a: Sandy Shocks
|-supereffective|p1a: Sandy Shocks
|-damage|p1a: Sandy Shocks|48/100
|
|upkeep
|turn|2
|
|t:|1776071241
|move|p1a: Sandy Shocks|Earth Power|p2a: Slowking
|-supereffective|p2a: Slowking
|-damage|p2a: Slowking|55/100
|move|p2a: Slowking|Sludge Bomb|p1a: Sandy Shocks
|-resisted|p1a: Sandy Shocks
|-damage|p1a: Sandy Shocks|27/100
|
|upkeep
|turn|3
|
|t:|1776071250
|switch|p2a: Hydrapple|Hydrapple, M|100/100
|move|p1a: Sandy Shocks|Earth Power|p2a: Hydrapple
|-resisted|p2a: Hydrapple
|-damage|p2a: Hydrapple|79/100
|
|upkeep
|turn|4
|
|t:|1776071257
|move|p1a: Sandy Shocks|Spikes|p2a: Hydrapple
|-sidestart|p2: Blastoise_Choice|Spikes
|move|p2a: Hydrapple|Fickle Beam|p1a: Sandy Shocks|[anim] Fickle Beam All Out
|-activate|p2a: Hydrapple|move: Fickle Beam
|-crit|p1a: Sandy Shocks
|-damage|p1a: Sandy Shocks|0 fnt
|faint|p1a: Sandy Shocks
|-end|p1a: Sandy Shocks|Protosynthesis|[silent]
|
|upkeep
|
|t:|1776071264
|switch|p1a: Manaphy|Manaphy|100/100
|turn|5
|
|t:|1776071271
|move|p1a: Manaphy|Tail Glow|p1a: Manaphy
|-boost|p1a: Manaphy|spa|3
|move|p2a: Hydrapple|Giga Drain|p1a: Manaphy
|-supereffective|p1a: Manaphy
|-damage|p1a: Manaphy|41/100
|-heal|p2a: Hydrapple|100/100|[from] drain|[of] p1a: Manaphy
|-enditem|p1a: Manaphy|Sitrus Berry|[eat]
|-heal|p1a: Manaphy|66/100|[from] item: Sitrus Berry
|
|upkeep
|turn|6
|
|t:|1776071278
|move|p1a: Manaphy|Ice Beam|p2a: Hydrapple
|-supereffective|p2a: Hydrapple
|-damage|p2a: Hydrapple|0 fnt
|faint|p2a: Hydrapple
|
|upkeep
|
|t:|1776071284
|switch|p2a: Zamazenta|Zamazenta|100/100
|-damage|p2a: Zamazenta|94/100|[from] Stealth Rock
|-damage|p2a: Zamazenta|82/100|[from] Spikes
|-ability|p2a: Zamazenta|Dauntless Shield|boost
|-boost|p2a: Zamazenta|def|1
|turn|7
|
|t:|1776071295
|move|p2a: Zamazenta|Body Press|p1a: Manaphy
|-damage|p1a: Manaphy|13/100
|move|p1a: Manaphy|Surf|p2a: Zamazenta
|-damage|p2a: Zamazenta|0 fnt
|faint|p2a: Zamazenta
|
|upkeep
|
|t:|1776071299
|switch|p2a: Slowking|Slowking-Galar, M|88/100
|-damage|p2a: Slowking|76/100|[from] Stealth Rock
|-damage|p2a: Slowking|63/100|[from] Spikes
|turn|8
|
|t:|1776071303
|move|p1a: Manaphy|Surf|p2a: Slowking
|-damage|p2a: Slowking|11/100
|move|p2a: Slowking|Psyshock|p1a: Manaphy
|-damage|p1a: Manaphy|0 fnt
|faint|p1a: Manaphy
|
|upkeep
|
|t:|1776071314
|switch|p1a: Ogerpon|Ogerpon, F|100/100
|turn|9
|
|t:|1776071321
|switch|p2a: Moltres|Moltres|100/100
|move|p1a: Ogerpon|Ivy Cudgel|p2a: Moltres
|-resisted|p2a: Moltres
|-damage|p2a: Moltres|93/100
|
|upkeep
|turn|10
|
|t:|1776071327
|move|p1a: Ogerpon|Rock Tomb|p2a: Moltres
|-supereffective|p2a: Moltres
|-damage|p2a: Moltres|36/100
|-unboost|p2a: Moltres|spe|1
|move|p2a: Moltres|U-turn|p1a: Ogerpon
|-supereffective|p1a: Ogerpon
|-damage|p1a: Ogerpon|63/100
|
|t:|1776071334
|switch|p2a: Excadrill|Excadrill, F|100/100|[from] U-turn
|-damage|p2a: Excadrill|97/100|[from] Stealth Rock
|-item|p2a: Excadrill|Air Balloon
|
|upkeep
|turn|11
|
|t:|1776071340
|-terastallize|p1a: Ogerpon|Grass
|detailschange|p1a: Ogerpon|Ogerpon-Teal-Tera, F, tera:Grass
|-ability|p1a: Ogerpon|Embody Aspect (Teal)|boost
|-boost|p1a: Ogerpon|spe|1
|move|p1a: Ogerpon|Ivy Cudgel|p2a: Excadrill
|-damage|p2a: Excadrill|0 fnt
|-enditem|p2a: Excadrill|Air Balloon
|faint|p2a: Excadrill
|
|upkeep
|
|t:|1776071346
|switch|p2a: Moltres|Moltres|36/100
|turn|12
|
|t:|1776071353
|-terastallize|p2a: Moltres|Fairy
|move|p1a: Ogerpon|Rock Tomb|p2a: Moltres
|-damage|p2a: Moltres|23/100
|-unboost|p2a: Moltres|spe|1
|move|p2a: Moltres|Roost|p2a: Moltres
|-heal|p2a: Moltres|74/100
|
|upkeep
|turn|13
|
|t:|1776071359
|move|p1a: Ogerpon|Ivy Cudgel|p2a: Moltres
|-damage|p2a: Moltres|27/100
|move|p2a: Moltres|Roost|p2a: Moltres
|-heal|p2a: Moltres|77/100
|
|upkeep
|turn|14
|
|t:|1776071365
|move|p1a: Ogerpon|Encore|p2a: Moltres
|-start|p2a: Moltres|Encore
|move|p2a: Moltres|Roost|p2a: Moltres
|-heal|p2a: Moltres|100/100
|
|upkeep
|turn|15
|
|t:|1776071369
|move|p1a: Ogerpon|Swords Dance|p1a: Ogerpon
|-boost|p1a: Ogerpon|atk|2
|move|p2a: Moltres|Roost||[still]
|-fail|p2a: Moltres|heal
|
|upkeep
|turn|16
|
|t:|1776071373
|switch|p2a: Tyranitar|Tyranitar, F|100/100
|-damage|p2a: Tyranitar|88/100|[from] Stealth Rock
|-damage|p2a: Tyranitar|76/100|[from] Spikes
|-weather|Sandstorm|[from] ability: Sand Stream|[of] p2a: Tyranitar
|move|p1a: Ogerpon|Swords Dance|p1a: Ogerpon
|-boost|p1a: Ogerpon|atk|2
|
|-weather|Sandstorm|[upkeep]
|-damage|p1a: Ogerpon|57/100|[from] Sandstorm
|upkeep
|turn|17
|
|t:|1776071376
|move|p1a: Ogerpon|Ivy Cudgel|p2a: Tyranitar
|-supereffective|p2a: Tyranitar
|-crit|p2a: Tyranitar
|-damage|p2a: Tyranitar|0 fnt
|faint|p2a: Tyranitar
|
|-weather|Sandstorm|[upkeep]
|-damage|p1a: Ogerpon|51/100|[from] Sandstorm
|upkeep
|
|t:|1776071380
|switch|p2a: Moltres|Moltres, tera:Fairy|100/100
|turn|18
|
|t:|1776071383
|move|p1a: Ogerpon|Ivy Cudgel|p2a: Moltres
|-damage|p2a: Moltres|0 fnt
|faint|p2a: Moltres
|
|-weather|Sandstorm|[upkeep]
|-damage|p1a: Ogerpon|45/100|[from] Sandstorm
|upkeep
|
|t:|1776071386
|switch|p2a: Slowking|Slowking-Galar, M|45/100
|-damage|p2a: Slowking|32/100|[from] Stealth Rock
|-damage|p2a: Slowking|20/100|[from] Spikes
|turn|19
|
|t:|1776071390
|move|p1a: Ogerpon|Ivy Cudgel|p2a: Slowking
|-resisted|p2a: Slowking
|-damage|p2a: Slowking|0 fnt
|faint|p2a: Slowking
|
|win|omoqaqqwq
|raw|omoqaqqwq's rating: 1651 &rarr; <strong>1666</strong><br />(+15 for winning)
|raw|Blastoise_Choice's rating: 1564 &rarr; <strong>1549</strong><br />(-15 for losing)
|c|☆Blastoise_Choice|gg
