|html|<div class="broadcast-blue"><strong>[Gen 9] OU is currently suspecting Tera Blast! For information on how to participate check out the <a href="https://www.smogon.com/tools/suspects/view/200">suspect thread</a>.</strong></div>
|j|☆team10thPlanet
|j|☆a jellyfish
|t:|1776040157
|gametype|singles
|player|p1|team10thPlanet|veteran|1698
|player|p2|a jellyfish|bianca|1734
|gen|9
|tier|[Gen 9] OU
|rated|
|rule|HP Percentage Mod: HP is shown in percentages
|rule|Endless Battle Clause: Forcing endless battles is banned
|rule|Species Clause: Limit one of each Pokémon
|rule|OHKO Clause: OHKO moves are banned
|rule|Evasion Items Clause: Evasion items are banned
|rule|Evasion Moves Clause: Evasion moves are banned
|rule|Evasion Abilities Clause: Evasion abilities are banned
|rule|Sleep Moves Clause: Sleep-inducing moves are banned
|clearpoke
|poke|p1|Zamazenta-*|
|poke|p1|Dragonite, M|
|poke|p1|Hoopa-Unbound|
|poke|p1|Araquanid, M|
|poke|p1|Iron Treads|
|poke|p1|Raikou|
|poke|p2|Ogerpon-Wellspring, F|
|poke|p2|Ting-Lu|
|poke|p2|Great Tusk|
|poke|p2|Gholdengo|
|poke|p2|Hydreigon, M|
|poke|p2|Moltres|
|teampreview
|inactive|Battle timer is ON: inactive players will automatically lose when time's up. (requested by a jellyfish)
|
|t:|1776040169
|teamsize|p1|6
|teamsize|p2|6
|start
|switch|p1a: Diego ⚡️|Raikou|100/100
|switch|p2a: Hydreigon|Hydreigon, M, shiny|100/100
|turn|1
|
|t:|1776040179
|move|p1a: Diego ⚡️|Aura Sphere|p2a: Hydreigon
|-supereffective|p2a: Hydreigon
|-damage|p2a: Hydreigon|12/100
|move|p2a: Hydreigon|Draco Meteor|p1a: Diego ⚡️
|-damage|p1a: Diego ⚡️|0 fnt
|-unboost|p2a: Hydreigon|spa|2
|faint|p1a: Diego ⚡️
|
|upkeep
|
|t:|1776040194
|switch|p1a: Hoopa|Hoopa-Unbound|100/100
|turn|2
|
|t:|1776040201
|switch|p2a: Ting-Lu|Ting-Lu|100/100
|-ability|p2a: Ting-Lu|Vessel of Ruin
|move|p1a: Hoopa|Tera Blast|p2a: Ting-Lu
|-damage|p2a: Ting-Lu|87/100
|
|upkeep
|turn|3
|
|t:|1776040210
|switch|p1a: Johnny Tsunami 🌊|Araquanid, M|100/100
|move|p2a: Ting-Lu|Stealth Rock|p1a: Johnny Tsunami 🌊
|-sidestart|p1: team10thPlanet|move: Stealth Rock
|
|upkeep
|turn|4
|
|t:|1776040218
|switch|p2a: Ogerpon|Ogerpon-Wellspring, F|100/100
|move|p1a: Johnny Tsunami 🌊|Sticky Web|p2a: Ogerpon
|-sidestart|p2: a jellyfish|move: Sticky Web
|
|upkeep
|turn|5
|
|t:|1776040224
|move|p2a: Ogerpon|Encore|p1a: Johnny Tsunami 🌊
|-start|p1a: Johnny Tsunami 🌊|Encore
|move|p1a: Johnny Tsunami 🌊|Sticky Web||[still]
|-fail|p1a: Johnny Tsunami 🌊
|
|upkeep
|turn|6
|
|t:|1776040237
|move|p2a: Ogerpon|Knock Off|p1a: Johnny Tsunami 🌊
|-damage|p1a: Johnny Tsunami 🌊|60/100
|-enditem|p1a: Johnny Tsunami 🌊|Custap Berry|[from] move: Knock Off|[of] p2a: Ogerpon
|move|p1a: Johnny Tsunami 🌊|Sticky Web||[still]
|-fail|p1a: Johnny Tsunami 🌊
|
|upkeep
|turn|7
|
|t:|1776040245
|move|p2a: Ogerpon|Spikes|p1a: Johnny Tsunami 🌊
|-sidestart|p1: team10thPlanet|Spikes
|move|p1a: Johnny Tsunami 🌊|Sticky Web||[still]
|-fail|p1a: Johnny Tsunami 🌊
|
|-end|p1a: Johnny Tsunami 🌊|Encore
|upkeep
|turn|8
|
|t:|1776040254
|switch|p1a: Iron Treads|Iron Treads|100/100
|-damage|p1a: Iron Treads|97/100|[from] Stealth Rock
|-damage|p1a: Iron Treads|85/100|[from] Spikes
|-enditem|p1a: Iron Treads|Booster Energy
|-activate|p1a: Iron Treads|ability: Quark Drive|[fromitem]
|-start|p1a: Iron Treads|quarkdrivespe
|move|p2a: Ogerpon|Encore||[still]
|-fail|p2a: Ogerpon
|
|upkeep
|turn|9
|
|t:|1776040265
|move|p1a: Iron Treads|Rapid Spin|p2a: Ogerpon
|-damage|p2a: Ogerpon|81/100
|-boost|p1a: Iron Treads|spe|1
|-sideend|p1: team10thPlanet|Spikes|[from] move: Rapid Spin|[of] p1a: Iron Treads
|-sideend|p1: team10thPlanet|Stealth Rock|[from] move: Rapid Spin|[of] p1a: Iron Treads
|move|p2a: Ogerpon|Ivy Cudgel|p1a: Iron Treads|[anim] Ivy Cudgel Water
|-supereffective|p1a: Iron Treads
|-damage|p1a: Iron Treads|0 fnt
|faint|p1a: Iron Treads
|-end|p1a: Iron Treads|Quark Drive|[silent]
|
|upkeep
|
|t:|1776040288
|switch|p1a: Fat Boy|Dragonite, M, shiny|100/100
|turn|10
|
|t:|1776040294
|-terastallize|p1a: Fat Boy|Normal
|move|p1a: Fat Boy|Extreme Speed|p2a: Ogerpon
|-damage|p2a: Ogerpon|0 fnt
|faint|p2a: Ogerpon
|
|upkeep
|
|t:|1776040299
|switch|p2a: Great Tusk|Great Tusk|100/100
|turn|11
|
|t:|1776040305
|switch|p1a: Johnny Tsunami 🌊|Araquanid, M|60/100
|move|p2a: Great Tusk|Rapid Spin|p1a: Johnny Tsunami 🌊
|-damage|p1a: Johnny Tsunami 🌊|40/100
|-boost|p2a: Great Tusk|spe|1
|-sideend|p2: a jellyfish|Sticky Web|[from] move: Rapid Spin|[of] p2a: Great Tusk
|
|upkeep
|turn|12
|
|t:|1776040333
|-end|p2a: Great Tusk|Protosynthesis|[silent]
|switch|p2a: Hydreigon|Hydreigon, M, shiny|12/100
|move|p1a: Johnny Tsunami 🌊|Surf|p2a: Hydreigon
|-resisted|p2a: Hydreigon
|-damage|p2a: Hydreigon|0 fnt
|faint|p2a: Hydreigon
|
|upkeep
|
|t:|1776040334
|switch|p2a: Gholdengo|Gholdengo|100/100
|turn|13
|
|t:|1776040350
|move|p2a: Gholdengo|Shadow Ball|p1a: Johnny Tsunami 🌊
|-damage|p1a: Johnny Tsunami 🌊|4/100
|move|p1a: Johnny Tsunami 🌊|Surf|p2a: Gholdengo
|-damage|p2a: Gholdengo|36/100
|
|upkeep
|turn|14
|
|t:|1776040357
|move|p2a: Gholdengo|Shadow Ball|p1a: Johnny Tsunami 🌊
|-damage|p1a: Johnny Tsunami 🌊|0 fnt
|faint|p1a: Johnny Tsunami 🌊
|
|upkeep
|
|t:|1776040365
|switch|p1a: Hoopa|Hoopa-Unbound|100/100
|turn|15
|
|t:|1776040373
|switch|p2a: Ting-Lu|Ting-Lu|87/100
|-ability|p2a: Ting-Lu|Vessel of Ruin
|move|p1a: Hoopa|Thunderbolt|p2a: Ting-Lu
|-immune|p2a: Ting-Lu
|
|upkeep
|turn|16
|
|t:|1776040385
|switch|p1a: Fat Boy|Dragonite, M, shiny, tera:Normal|100/100
|move|p2a: Ting-Lu|Ruination|p1a: Fat Boy
|-damage|p1a: Fat Boy|50/100
|
|upkeep
|turn|17
|
|t:|1776040396
|switch|p2a: Gholdengo|Gholdengo|36/100
|move|p1a: Fat Boy|Outrage|p2a: Gholdengo
|-resisted|p2a: Gholdengo
|-damage|p2a: Gholdengo|0 fnt
|faint|p2a: Gholdengo
|
|upkeep
|
|t:|1776040398
|switch|p2a: Great Tusk|Great Tusk|100/100
|turn|18
|
|t:|1776040406
|move|p2a: Great Tusk|Headlong Rush|p1a: Fat Boy
|-damage|p1a: Fat Boy|0 fnt
|-unboost|p2a: Great Tusk|def|1
|-unboost|p2a: Great Tusk|spd|1
|faint|p1a: Fat Boy
|
|upkeep
|
|t:|1776040416
|switch|p1a: Zamazenta|Zamazenta|100/100
|-ability|p1a: Zamazenta|Dauntless Shield|boost
|-boost|p1a: Zamazenta|def|1
|turn|19
|
|t:|1776040426
|-end|p2a: Great Tusk|Protosynthesis|[silent]
|switch|p2a: Moltres|Moltres, shiny|100/100
|move|p1a: Zamazenta|Ice Fang|p2a: Moltres
|-damage|p2a: Moltres|75/100
|-status|p1a: Zamazenta|brn|[from] ability: Flame Body|[of] p2a: Moltres
|
|-damage|p1a: Zamazenta|94/100 brn|[from] brn
|upkeep
|turn|20
|
|t:|1776040436
|switch|p1a: Hoopa|Hoopa-Unbound|100/100
|move|p2a: Moltres|Flamethrower|p1a: Hoopa
|-damage|p1a: Hoopa|68/100
|
|upkeep
|turn|21
|-message|team10thPlanet forfeited.
|
|win|a jellyfish
|raw|team10thPlanet's rating: 1698 &rarr; <strong>1679</strong><br />(-19 for losing)
|raw|a jellyfish's rating: 1717 &rarr; <strong>1736</strong><br />(+19 for winning)
|l|☆team10thPlanet
|player|p1|
|l|☆a jellyfish
|player|p2|
