|html|<div class="broadcast-blue"><strong>[Gen 9] OU is currently suspecting Tera Blast! For information on how to participate check out the <a href="https://www.smogon.com/tools/suspects/view/200">suspect thread</a>.</strong></div>
|j|‽celestialmehdi947
|j|☆Raltsthecutieuwu
|t:|1776069824
|gametype|singles
|player|p1|celestialmehdi947|101|1519
|player|p2|Raltsthecutieuwu|marnie-league|1494
|gen|9
|tier|[Gen 9] OU
|rated|
|rule|HP Percentage Mod: HP is shown in percentages
|rule|Endless Battle Clause: Forcing endless battles is banned
|rule|Species Clause: Limit one of each Pokémon
|rule|OHKO Clause: OHKO moves are banned
|rule|Evasion Items Clause: Evasion items are banned
|rule|Evasion Moves Clause: Evasion moves are banned
|rule|Evasion Abilities Clause: Evasion abilities are banned
|rule|Sleep Moves Clause: Sleep-inducing moves are banned
|clearpoke
|poke|p1|Great Tusk|
|poke|p1|Moltres|
|poke|p1|Weezing-Galar, M|
|poke|p1|Kingambit, M|
|poke|p1|Iron Valiant|
|poke|p1|Ceruledge, M|
|poke|p2|Dragapult, F|
|poke|p2|Rillaboom, M|
|poke|p2|Cinderace, M|
|poke|p2|Gliscor, M|
|poke|p2|Primarina, M|
|poke|p2|Kingambit, M|
|teampreview
|inactive|Battle timer is ON: inactive players will automatically lose when time's up. (requested by celestialmehdi947)
|
|t:|1776069842
|teamsize|p1|6
|teamsize|p2|6
|start
|switch|p1a: Moltres|Moltres|100/100
|switch|p2a: Primarina|Primarina, M|100/100
|turn|1
|
|t:|1776069849
|move|p2a: Primarina|Hydro Pump|p1a: Moltres
|-supereffective|p1a: Moltres
|-damage|p1a: Moltres|0 fnt
|faint|p1a: Moltres
|
|upkeep
|
|t:|1776069861
|switch|p1a: Ceruledge|Ceruledge, M|100/100
|turn|2
|
|t:|1776069868
|move|p1a: Ceruledge|Swords Dance|p1a: Ceruledge
|-boost|p1a: Ceruledge|atk|2
|move|p2a: Primarina|Hydro Pump|p1a: Ceruledge
|-supereffective|p1a: Ceruledge
|-enditem|p1a: Ceruledge|Focus Sash
|-damage|p1a: Ceruledge|1/100
|
|upkeep
|turn|3
|
|t:|1776069887
|move|p1a: Ceruledge|Bitter Blade|p2a: Primarina
|-resisted|p2a: Primarina
|-damage|p2a: Primarina|34/100
|-heal|p1a: Ceruledge|36/100|[from] drain|[of] p2a: Primarina
|move|p2a: Primarina|Hydro Pump|p1a: Ceruledge
|-supereffective|p1a: Ceruledge
|-damage|p1a: Ceruledge|0 fnt
|faint|p1a: Ceruledge
|
|upkeep
|
|t:|1776069893
|switch|p1a: Iron Valiant|Iron Valiant|100/100
|-enditem|p1a: Iron Valiant|Booster Energy
|-activate|p1a: Iron Valiant|ability: Quark Drive|[fromitem]
|-start|p1a: Iron Valiant|quarkdrivespe
|turn|4
|
|t:|1776069906
|move|p1a: Iron Valiant|Calm Mind|p1a: Iron Valiant
|-boost|p1a: Iron Valiant|spa|1
|-boost|p1a: Iron Valiant|spd|1
|move|p2a: Primarina|Hydro Pump|p1a: Iron Valiant
|-crit|p1a: Iron Valiant
|-damage|p1a: Iron Valiant|0 fnt
|faint|p1a: Iron Valiant
|-end|p1a: Iron Valiant|Quark Drive|[silent]
|
|upkeep
|
|t:|1776069915
|switch|p1a: Kingambit|Kingambit, M|100/100
|-activate|p1a: Kingambit|ability: Supreme Overlord
|-start|p1a: Kingambit|fallen3|[silent]
|turn|5
|
|t:|1776069923
|move|p2a: Primarina|Hydro Pump|p1a: Kingambit
|-damage|p1a: Kingambit|12/100
|move|p1a: Kingambit|Swords Dance|p1a: Kingambit
|-boost|p1a: Kingambit|atk|2
|
|-heal|p1a: Kingambit|18/100|[from] item: Leftovers
|upkeep
|turn|6
|
|t:|1776069934
|switch|p2a: Cinderace|Cinderace, M|100/100
|move|p1a: Kingambit|Sucker Punch||[still]
|-fail|p1a: Kingambit
|
|-heal|p1a: Kingambit|24/100|[from] item: Leftovers
|upkeep
|turn|7
|
|t:|1776069942
|move|p2a: Cinderace|Sucker Punch|p1a: Kingambit
|-start|p2a: Cinderace|typechange|Dark|[from] ability: Libero
|-resisted|p1a: Kingambit
|-damage|p1a: Kingambit|12/100
|move|p1a: Kingambit|Sucker Punch||[still]
|-fail|p1a: Kingambit
|
|-heal|p1a: Kingambit|18/100|[from] item: Leftovers
|upkeep
|turn|8
|
|t:|1776069949
|move|p1a: Kingambit|Sucker Punch|p2a: Cinderace
|-resisted|p2a: Cinderace
|-damage|p2a: Cinderace|22/100
|move|p2a: Cinderace|Pyro Ball|p1a: Kingambit
|-supereffective|p1a: Kingambit
|-damage|p1a: Kingambit|0 fnt
|faint|p1a: Kingambit
|-end|p1a: Kingambit|fallen3|[silent]
|
|upkeep
|
|t:|1776069954
|switch|p1a: Great Tusk|Great Tusk|100/100
|turn|9
|
|t:|1776069961
|move|p1a: Great Tusk|Ice Spinner|p2a: Cinderace
|-damage|p2a: Cinderace|0 fnt
|faint|p2a: Cinderace
|
|upkeep
|
|t:|1776069970
|switch|p2a: Dragapult|Dragapult, F|100/100
|turn|10
|
|t:|1776069973
|move|p1a: Great Tusk|Ice Spinner|p2a: Dragapult
|-supereffective|p2a: Dragapult
|-damage|p2a: Dragapult|17/100
|move|p2a: Dragapult|Will-O-Wisp|p1a: Great Tusk|[miss]
|-miss|p2a: Dragapult|p1a: Great Tusk
|
|upkeep
|turn|11
|
|t:|1776069979
|switch|p2a: Kingambit|Kingambit, M|100/100
|-activate|p2a: Kingambit|ability: Supreme Overlord
|-start|p2a: Kingambit|fallen1|[silent]
|move|p1a: Great Tusk|Ice Spinner|p2a: Kingambit
|-resisted|p2a: Kingambit
|-damage|p2a: Kingambit|90/100
|
|-heal|p2a: Kingambit|96/100|[from] item: Leftovers
|upkeep
|turn|12
|
|t:|1776069987
|-end|p1a: Great Tusk|Protosynthesis|[silent]
|switch|p1a: Weezing|Weezing-Galar, M|100/100
|move|p2a: Kingambit|Iron Head|p1a: Weezing
|-supereffective|p1a: Weezing
|-damage|p1a: Weezing|10/100
|
|-heal|p2a: Kingambit|100/100|[from] item: Leftovers
|upkeep
|turn|13
|
|t:|1776069993
|move|p1a: Weezing|Will-O-Wisp|p2a: Kingambit
|-status|p2a: Kingambit|brn
|move|p2a: Kingambit|Iron Head|p1a: Weezing
|-supereffective|p1a: Weezing
|-damage|p1a: Weezing|0 fnt
|faint|p1a: Weezing
|
|-damage|p2a: Kingambit|94/100 brn|[from] brn
|upkeep
|
|t:|1776069995
|switch|p1a: Great Tusk|Great Tusk|100/100
|turn|14
|-message|celestialmehdi947 forfeited.
|
|win|Raltsthecutieuwu
|raw|celestialmehdi947's rating: 1519 &rarr; <strong>1498</strong><br />(-21 for losing)
|raw|Raltsthecutieuwu's rating: 1494 &rarr; <strong>1515</strong><br />(+21 for winning)
|l|‽celestialmehdi947
|player|p1|
|l|☆Raltsthecutieuwu
|player|p2|
|j|☆Raltsthecutieuwu
|player|p2|Raltsthecutieuwu|marnie-league|
