|html|<div class="broadcast-blue"><strong>[Gen 9] OU is currently suspecting Tera Blast! For information on how to participate check out the <a href="https://www.smogon.com/tools/suspects/view/200">suspect thread</a>.</strong></div>
|j|☆wnk93
|j|☆Remove tera blast
|t:|1776240437
|gametype|singles
|player|p1|wnk93|1|1396
|player|p2|Remove tera blast|morty|1426
|gen|9
|tier|[Gen 9] OU
|rated|
|rule|HP Percentage Mod: HP is shown in percentages
|rule|Endless Battle Clause: Forcing endless battles is banned
|rule|Species Clause: Limit one of each Pokémon
|rule|OHKO Clause: OHKO moves are banned
|rule|Evasion Items Clause: Evasion items are banned
|rule|Evasion Moves Clause: Evasion moves are banned
|rule|Evasion Abilities Clause: Evasion abilities are banned
|rule|Sleep Moves Clause: Sleep-inducing moves are banned
|clearpoke
|poke|p1|Pelipper, M|
|poke|p1|Raging Bolt|
|poke|p1|Overqwil, F|
|poke|p1|Barraskewda, M|
|poke|p1|Iron Treads|
|poke|p1|Kingambit, F|
|poke|p2|Samurott-Hisui, M|
|poke|p2|Gliscor, F|
|poke|p2|Ogerpon, F|
|poke|p2|Zamazenta-*|
|poke|p2|Garganacl, M|
|poke|p2|Gholdengo|
|teampreview
|inactive|Battle timer is ON: inactive players will automatically lose when time's up. (requested by Remove tera blast)
|inactive|Remove tera blast has 120 seconds left.
|
|t:|1776240479
|teamsize|p1|6
|teamsize|p2|6
|start
|switch|p1a: Pelipper|Pelipper, M|100/100
|switch|p2a: Garganacl|Garganacl, M, shiny|100/100
|-weather|RainDance|[from] ability: Drizzle|[of] p1a: Pelipper
|turn|1
|
|t:|1776240504
|switch|p1a: Iron Treads|Iron Treads|100/100
|-enditem|p1a: Iron Treads|Booster Energy
|-activate|p1a: Iron Treads|ability: Quark Drive|[fromitem]
|-start|p1a: Iron Treads|quarkdrivespe
|move|p2a: Garganacl|Stealth Rock|p1a: Iron Treads
|-sidestart|p1: wnk93|move: Stealth Rock
|
|-weather|RainDance|[upkeep]
|upkeep
|turn|2
|
|t:|1776240513
|move|p1a: Iron Treads|Stealth Rock|p2a: Garganacl
|-sidestart|p2: Remove tera blast|move: Stealth Rock
|move|p2a: Garganacl|Salt Cure|p1a: Iron Treads
|-resisted|p1a: Iron Treads
|-damage|p1a: Iron Treads|97/100
|-start|p1a: Iron Treads|Salt Cure
|
|-weather|RainDance|[upkeep]
|-damage|p1a: Iron Treads|72/100|[from] Salt Cure
|upkeep
|turn|3
|
|t:|1776240524
|move|p2a: Garganacl|Protect|p2a: Garganacl
|-singleturn|p2a: Garganacl|Protect
|move|p1a: Iron Treads|Steel Beam|p2a: Garganacl
|-activate|p2a: Garganacl|move: Protect
|-damage|p1a: Iron Treads|22/100|[from] steelbeam
|
|-weather|RainDance|[upkeep]
|-damage|p1a: Iron Treads|0 fnt|[from] Salt Cure
|faint|p1a: Iron Treads
|-end|p1a: Iron Treads|Quark Drive|[silent]
|upkeep
|
|t:|1776240536
|switch|p1a: Barraskewda|Barraskewda, M|100/100
|-damage|p1a: Barraskewda|88/100|[from] Stealth Rock
|turn|4
|inactive|Remove tera blast has 120 seconds left.
|
|t:|1776240569
|-terastallize|p2a: Garganacl|Water
|move|p1a: Barraskewda|Liquidation|p2a: Garganacl
|-resisted|p2a: Garganacl
|-damage|p2a: Garganacl|62/100
|move|p2a: Garganacl|Salt Cure|p1a: Barraskewda
|-damage|p1a: Barraskewda|61/100
|-start|p1a: Barraskewda|Salt Cure
|
|-weather|RainDance|[upkeep]
|-heal|p2a: Garganacl|68/100|[from] item: Leftovers
|-damage|p1a: Barraskewda|36/100|[from] Salt Cure
|upkeep
|turn|5
|inactive|Remove tera blast has 120 seconds left.
|
|t:|1776240588
|switch|p1a: Raging Bolt|Raging Bolt|100/100
|-damage|p1a: Raging Bolt|88/100|[from] Stealth Rock
|-enditem|p1a: Raging Bolt|Booster Energy
|-activate|p1a: Raging Bolt|ability: Protosynthesis|[fromitem]
|-start|p1a: Raging Bolt|protosynthesisspa
|move|p2a: Garganacl|Salt Cure|p1a: Raging Bolt
|-damage|p1a: Raging Bolt|77/100
|-start|p1a: Raging Bolt|Salt Cure
|
|-weather|RainDance|[upkeep]
|-heal|p2a: Garganacl|74/100|[from] item: Leftovers
|-damage|p1a: Raging Bolt|64/100|[from] Salt Cure
|upkeep
|turn|6
|
|t:|1776240603
|switch|p2a: Gliscor|Gliscor, F, shiny|100/100
|-damage|p2a: Gliscor|88/100|[from] Stealth Rock
|move|p1a: Raging Bolt|Thunder|p2a: Gliscor
|-immune|p2a: Gliscor
|
|-weather|RainDance|[upkeep]
|-damage|p1a: Raging Bolt|52/100|[from] Salt Cure
|-status|p2a: Gliscor|tox|[from] item: Toxic Orb
|upkeep
|turn|7
|inactive|Remove tera blast has 120 seconds left.
|
|t:|1776240621
|-end|p1a: Raging Bolt|Protosynthesis|[silent]
|switch|p1a: Overqwil|Overqwil, F|100/100
|-damage|p1a: Overqwil|88/100|[from] Stealth Rock
|move|p2a: Gliscor|Protect||[still]
|-fail|p2a: Gliscor
|
|-weather|RainDance|[upkeep]
|-heal|p2a: Gliscor|100/100 tox|[from] ability: Poison Heal
|upkeep
|turn|8
|
|t:|1776240632
|switch|p2a: Zamazenta|Zamazenta, shiny|100/100
|-damage|p2a: Zamazenta|94/100|[from] Stealth Rock
|-ability|p2a: Zamazenta|Dauntless Shield|boost
|-boost|p2a: Zamazenta|def|1
|move|p1a: Overqwil|Swords Dance|p1a: Overqwil
|-boost|p1a: Overqwil|atk|2
|
|-weather|none
|upkeep
|turn|9
|inactive|wnk93 has 120 seconds left.
|
|t:|1776240649
|move|p2a: Zamazenta|Body Press|p1a: Overqwil
|-damage|p1a: Overqwil|31/100
|move|p1a: Overqwil|Liquidation|p2a: Zamazenta
|-damage|p2a: Zamazenta|57/100
|-damage|p1a: Overqwil|21/100|[from] item: Life Orb
|
|upkeep
|turn|10
|
|t:|1776240657
|switch|p1a: Pelipper|Pelipper, M|100/100
|-damage|p1a: Pelipper|76/100|[from] Stealth Rock
|-weather|RainDance|[from] ability: Drizzle|[of] p1a: Pelipper
|move|p2a: Zamazenta|Body Press|p1a: Pelipper
|-resisted|p1a: Pelipper
|-damage|p1a: Pelipper|55/100
|
|-weather|RainDance|[upkeep]
|upkeep
|turn|11
|
|t:|1776240668
|switch|p2a: Garganacl|Garganacl, M, shiny, tera:Water|74/100
|-damage|p2a: Garganacl|62/100|[from] Stealth Rock
|move|p1a: Pelipper|Hurricane|p2a: Garganacl
|-damage|p2a: Garganacl|36/100
|
|-weather|RainDance|[upkeep]
|-heal|p2a: Garganacl|43/100|[from] item: Leftovers
|upkeep
|turn|12
|
|t:|1776240682
|switch|p1a: Kingambit|Kingambit, F|100/100
|-damage|p1a: Kingambit|94/100|[from] Stealth Rock
|-activate|p1a: Kingambit|ability: Supreme Overlord
|-start|p1a: Kingambit|fallen1|[silent]
|move|p2a: Garganacl|Salt Cure|p1a: Kingambit
|-resisted|p1a: Kingambit
|-damage|p1a: Kingambit|89/100
|-start|p1a: Kingambit|Salt Cure
|
|-weather|RainDance|[upkeep]
|-heal|p1a: Kingambit|95/100|[from] item: Leftovers
|-heal|p2a: Garganacl|49/100|[from] item: Leftovers
|-damage|p1a: Kingambit|70/100|[from] Salt Cure
|upkeep
|turn|13
|
|t:|1776240697
|switch|p2a: Zamazenta|Zamazenta, shiny|57/100
|-damage|p2a: Zamazenta|51/100|[from] Stealth Rock
|move|p1a: Kingambit|Swords Dance|p1a: Kingambit
|-boost|p1a: Kingambit|atk|2
|
|-weather|RainDance|[upkeep]
|-heal|p1a: Kingambit|77/100|[from] item: Leftovers
|-damage|p1a: Kingambit|52/100|[from] Salt Cure
|upkeep
|turn|14
|
|t:|1776240710
|move|p2a: Zamazenta|Iron Defense|p2a: Zamazenta
|-boost|p2a: Zamazenta|def|2
|move|p1a: Kingambit|Iron Head|p2a: Zamazenta
|-damage|p2a: Zamazenta|15/100
|
|-weather|RainDance|[upkeep]
|-heal|p1a: Kingambit|58/100|[from] item: Leftovers
|-damage|p1a: Kingambit|33/100|[from] Salt Cure
|upkeep
|turn|15
|
|t:|1776240723
|-end|p1a: Kingambit|fallen1|[silent]
|switch|p1a: Pelipper|Pelipper, M|55/100
|-damage|p1a: Pelipper|31/100|[from] Stealth Rock
|move|p2a: Zamazenta|Rest|p2a: Zamazenta
|-status|p2a: Zamazenta|slp|[from] move: Rest
|-heal|p2a: Zamazenta|100/100 slp|[silent]
|-enditem|p2a: Zamazenta|Chesto Berry|[eat]
|-curestatus|p2a: Zamazenta|slp|[msg]
|
|-weather|RainDance|[upkeep]
|upkeep
|turn|16
|
|t:|1776240737
|move|p2a: Zamazenta|Body Press|p1a: Pelipper
|-resisted|p1a: Pelipper
|-damage|p1a: Pelipper|6/100
|move|p1a: Pelipper|Weather Ball|p2a: Zamazenta
|-damage|p2a: Zamazenta|57/100
|
|-weather|RainDance|[upkeep]
|upkeep
|turn|17
|
|t:|1776240749
|switch|p1a: Raging Bolt|Raging Bolt|52/100
|-damage|p1a: Raging Bolt|40/100|[from] Stealth Rock
|move|p2a: Zamazenta|Body Press|p1a: Raging Bolt
|-damage|p1a: Raging Bolt|0 fnt
|faint|p1a: Raging Bolt
|-end|p1a: Raging Bolt|Protosynthesis|[silent]
|
|-weather|none
|upkeep
|inactive|wnk93 has 120 seconds left.
|
|t:|1776240759
|switch|p1a: Pelipper|Pelipper, M|6/100
|-damage|p1a: Pelipper|0 fnt|[from] Stealth Rock
|faint|p1a: Pelipper
|
|t:|1776240764
|switch|p1a: Barraskewda|Barraskewda, M|36/100
|-damage|p1a: Barraskewda|23/100|[from] Stealth Rock
|turn|18
|
|t:|1776240771
|move|p2a: Zamazenta|Body Press|p1a: Barraskewda
|-damage|p1a: Barraskewda|0 fnt
|faint|p1a: Barraskewda
|
|upkeep
|-message|wnk93 forfeited.
|
|win|Remove tera blast
|raw|wnk93's rating: 1396 &rarr; <strong>1378</strong><br />(-18 for losing)
|raw|Remove tera blast's rating: 1426 &rarr; <strong>1444</strong><br />(+18 for winning)
|l|☆wnk93
|player|p1|
