|html|<div class="broadcast-blue"><strong>[Gen 9] OU is currently suspecting Tera Blast! For information on how to participate check out the <a href="https://www.smogon.com/tools/suspects/view/200">suspect thread</a>.</strong></div>
|j|☆foamserver
|j|☆Proseidon3
|t:|1776340404
|gametype|singles
|player|p1|foamserver|hilbert|1148
|player|p2|Proseidon3|2|1223
|gen|9
|tier|[Gen 9] OU
|rated|
|rule|HP Percentage Mod: HP is shown in percentages
|rule|Endless Battle Clause: Forcing endless battles is banned
|rule|Species Clause: Limit one of each Pokémon
|rule|OHKO Clause: OHKO moves are banned
|rule|Evasion Items Clause: Evasion items are banned
|rule|Evasion Moves Clause: Evasion moves are banned
|rule|Evasion Abilities Clause: Evasion abilities are banned
|rule|Sleep Moves Clause: Sleep-inducing moves are banned
|clearpoke
|poke|p1|Indeedee, M|
|poke|p1|Tatsugiri, F|
|poke|p1|Vaporeon, F|
|poke|p1|Braviary-Hisui, M|
|poke|p1|Porygon2|
|poke|p1|Kingambit, F|
|poke|p2|Ninetales, M|
|poke|p2|Cresselia, F|
|poke|p2|Raging Bolt|
|poke|p2|Iron Moth|
|poke|p2|Great Tusk|
|poke|p2|Walking Wake|
|teampreview
|inactive|Battle timer is ON: inactive players will automatically lose when time's up. (requested by Proseidon3)
|
|t:|1776340423
|teamsize|p1|6
|teamsize|p2|6
|start
|switch|p1a: 超管|Indeedee, M|100/100
|switch|p2a: Ninetales|Ninetales, M|100/100
|-weather|SunnyDay|[from] ability: Drought|[of] p2a: Ninetales
|-fieldstart|move: Psychic Terrain|[from] ability: Psychic Surge|[of] p1a: 超管
|turn|1
|
|t:|1776340441
|switch|p2a: Cresselia|Cresselia, F|100/100
|move|p1a: 超管|Expanding Force|p2a: Cresselia
|-resisted|p2a: Cresselia
|-damage|p2a: Cresselia|79/100
|-enditem|p2a: Cresselia|Eject Button
|
|t:|1776340457
|switch|p2a: Iron Moth|Iron Moth|100/100
|-enditem|p2a: Iron Moth|Booster Energy
|-activate|p2a: Iron Moth|ability: Quark Drive|[fromitem]
|-start|p2a: Iron Moth|quarkdrivespe
|
|-weather|SunnyDay|[upkeep]
|upkeep
|turn|2
|
|t:|1776340466
|move|p2a: Iron Moth|Fiery Dance|p1a: 超管
|-damage|p1a: 超管|16/100
|move|p1a: 超管|Expanding Force|p2a: Iron Moth
|-supereffective|p2a: Iron Moth
|-damage|p2a: Iron Moth|0 fnt
|faint|p2a: Iron Moth
|-end|p2a: Iron Moth|Quark Drive|[silent]
|
|-weather|SunnyDay|[upkeep]
|upkeep
|inactive|Proseidon3 has 120 seconds left.
|
|t:|1776340483
|switch|p2a: Raging Bolt|Raging Bolt|100/100
|-activate|p2a: Raging Bolt|ability: Protosynthesis
|-start|p2a: Raging Bolt|protosynthesisspa
|turn|3
|
|t:|1776340492
|switch|p1a: 我是物理盾|Porygon2|100/100
|-ability|p1a: 我是物理盾|Download|boost
|-boost|p1a: 我是物理盾|spa|1
|move|p2a: Raging Bolt|Thunderclap||[still]
|-fail|p2a: Raging Bolt
|
|-weather|SunnyDay|[upkeep]
|upkeep
|turn|4
|
|t:|1776340499
|move|p2a: Raging Bolt|Thunderbolt|p1a: 我是物理盾
|-damage|p1a: 我是物理盾|40/100
|-damage|p2a: Raging Bolt|91/100|[from] item: Life Orb
|move|p1a: 我是物理盾|Ice Beam|p2a: Raging Bolt
|-supereffective|p2a: Raging Bolt
|-damage|p2a: Raging Bolt|2/100
|
|-weather|SunnyDay|[upkeep]
|upkeep
|turn|5
|
|t:|1776340516
|-end|p2a: Raging Bolt|Protosynthesis|[silent]
|switch|p2a: Cresselia|Cresselia, F|79/100
|move|p1a: 我是物理盾|Tri Attack|p2a: Cresselia
|-damage|p2a: Cresselia|41/100
|
|-weather|SunnyDay|[upkeep]
|upkeep
|turn|6
|
|t:|1776340523
|move|p2a: Cresselia|Thunder Wave|p1a: 我是物理盾
|-status|p1a: 我是物理盾|par
|move|p1a: 我是物理盾|Shadow Ball|p2a: Cresselia
|-supereffective|p2a: Cresselia
|-crit|p2a: Cresselia
|-damage|p2a: Cresselia|0 fnt
|faint|p2a: Cresselia
|
|-weather|SunnyDay|[upkeep]
|upkeep
|
|t:|1776340533
|switch|p2a: Great Tusk|Great Tusk|100/100
|-activate|p2a: Great Tusk|ability: Protosynthesis
|-start|p2a: Great Tusk|protosynthesisspe
|turn|7
|
|t:|1776340547
|move|p2a: Great Tusk|Stealth Rock|p1a: 我是物理盾
|-sidestart|p1: foamserver|move: Stealth Rock
|cant|p1a: 我是物理盾|par
|
|-weather|SunnyDay|[upkeep]
|upkeep
|turn|8
|
|t:|1776340561
|move|p2a: Great Tusk|Head Smash|p1a: 我是物理盾
|-damage|p1a: 我是物理盾|12/100 par
|-damage|p2a: Great Tusk|88/100|[from] Recoil
|move|p1a: 我是物理盾|Ice Beam|p2a: Great Tusk
|-supereffective|p2a: Great Tusk
|-damage|p2a: Great Tusk|0 fnt
|faint|p2a: Great Tusk
|-end|p2a: Great Tusk|Protosynthesis|[silent]
|
|-weather|none
|-fieldend|move: Psychic Terrain
|upkeep
|
|t:|1776340569
|switch|p2a: Ninetales|Ninetales, M|100/100
|-weather|SunnyDay|[from] ability: Drought|[of] p2a: Ninetales
|turn|9
|
|t:|1776340578
|move|p2a: Ninetales|Healing Wish|p2a: Ninetales
|faint|p2a: Ninetales
|cant|p1a: 我是物理盾|par
|
|-weather|SunnyDay|[upkeep]
|upkeep
|
|t:|1776340582
|switch|p2a: Raging Bolt|Raging Bolt|2/100
|-heal|p2a: Raging Bolt|100/100|[from] move: Healing Wish
|-activate|p2a: Raging Bolt|ability: Protosynthesis
|-start|p2a: Raging Bolt|protosynthesisspa
|turn|10
|
|t:|1776340591
|move|p2a: Raging Bolt|Thunderbolt|p1a: 我是物理盾
|-damage|p1a: 我是物理盾|0 fnt
|faint|p1a: 我是物理盾
|-damage|p2a: Raging Bolt|91/100|[from] item: Life Orb
|
|-weather|SunnyDay|[upkeep]
|upkeep
|l|☆foamserver
|inactive|foamserver disconnected and has a minute to reconnect!
|player|p1|
|j|☆foamserver
|inactive|foamserver reconnected and has 115 seconds left.
|player|p1|foamserver|hilbert|
|
|t:|1776340631
|switch|p1a: 超管|Indeedee, M|16/100
|-damage|p1a: 超管|4/100|[from] Stealth Rock
|-fieldstart|move: Psychic Terrain|[from] ability: Psychic Surge|[of] p1a: 超管
|turn|11
|inactive|foamserver has 120 seconds left.
|
|t:|1776340646
|move|p1a: 超管|Expanding Force|p2a: Raging Bolt
|-damage|p2a: Raging Bolt|23/100
|move|p2a: Raging Bolt|Thunderbolt|p1a: 超管
|-damage|p1a: 超管|0 fnt
|faint|p1a: 超管
|-damage|p2a: Raging Bolt|13/100|[from] item: Life Orb
|
|-weather|SunnyDay|[upkeep]
|upkeep
|
|t:|1776340651
|switch|p1a: 时尚前沿の鸟|Braviary-Hisui, M|100/100
|-damage|p1a: 时尚前沿の鸟|76/100|[from] Stealth Rock
|turn|12
|inactive|foamserver has 120 seconds left.
|
|t:|1776340657
|-terastallize|p1a: 时尚前沿の鸟|Psychic
|move|p2a: Raging Bolt|Thunderclap|p1a: 时尚前沿の鸟
|-activate|p1a: 时尚前沿の鸟|move: Psychic Terrain
|move|p1a: 时尚前沿の鸟|Expanding Force|p2a: Raging Bolt
|-damage|p2a: Raging Bolt|0 fnt
|faint|p2a: Raging Bolt
|-end|p2a: Raging Bolt|Protosynthesis|[silent]
|
|-weather|SunnyDay|[upkeep]
|upkeep
|
|t:|1776340671
|switch|p2a: Walking Wake|Walking Wake|100/100
|-activate|p2a: Walking Wake|ability: Protosynthesis
|-start|p2a: Walking Wake|protosynthesisspa
|turn|13
|
|t:|1776340680
|-terastallize|p2a: Walking Wake|Water
|move|p1a: 时尚前沿の鸟|Expanding Force|p2a: Walking Wake
|-damage|p2a: Walking Wake|0 fnt
|faint|p2a: Walking Wake
|-end|p2a: Walking Wake|Protosynthesis|[silent]
|
|win|foamserver
|raw|foamserver's rating: 1148 &rarr; <strong>1178</strong><br />(+30 for winning)
|raw|Proseidon3's rating: 1223 &rarr; <strong>1193</strong><br />(-30 for losing)
