|html|<div class="broadcast-blue"><strong>[Gen 9] OU is currently suspecting Tera Blast! For information on how to participate check out the <a href="https://www.smogon.com/tools/suspects/view/200">suspect thread</a>.</strong></div>
|j|☆solim04
|j|☆bigdumpie
|t:|1776129805
|gametype|singles
|player|p1|solim04|169|1057
|player|p2|bigdumpie|firebreather|1000
|gen|9
|tier|[Gen 9] OU
|rated|
|rule|HP Percentage Mod: HP is shown in percentages
|rule|Endless Battle Clause: Forcing endless battles is banned
|rule|Species Clause: Limit one of each Pokémon
|rule|OHKO Clause: OHKO moves are banned
|rule|Evasion Items Clause: Evasion items are banned
|rule|Evasion Moves Clause: Evasion moves are banned
|rule|Evasion Abilities Clause: Evasion abilities are banned
|rule|Sleep Moves Clause: Sleep-inducing moves are banned
|clearpoke
|poke|p1|Dragonite, M|
|poke|p1|Hatterene, F|
|poke|p1|Weavile, M|
|poke|p1|Ogerpon-Wellspring, F|
|poke|p1|Kingambit, F|
|poke|p1|Great Tusk|
|poke|p2|Hatterene, F|
|poke|p2|Dragapult, F|
|poke|p2|Corviknight, F|
|poke|p2|Cinderace, F|
|poke|p2|Ting-Lu|
|poke|p2|Zapdos|
|teampreview
|
|t:|1776129827
|teamsize|p1|6
|teamsize|p2|6
|start
|switch|p1a: Swish|Dragonite, M|100/100
|switch|p2a: Mordecai|Zapdos, shiny|100/100
|turn|1
|
|t:|1776129834
|move|p2a: Mordecai|Thunder Wave|p1a: Swish
|-status|p1a: Swish|par
|cant|p1a: Swish|par
|
|upkeep
|turn|2
|
|t:|1776129845
|move|p2a: Mordecai|Discharge|p1a: Swish
|-damage|p1a: Swish|79/100 par
|move|p1a: Swish|Dragon Dance|p1a: Swish
|-boost|p1a: Swish|atk|1
|-boost|p1a: Swish|spe|1
|
|-heal|p1a: Swish|85/100 par|[from] item: Leftovers
|upkeep
|turn|3
|
|t:|1776129854
|move|p2a: Mordecai|Light Screen|p2a: Mordecai
|-sidestart|p2: bigdumpie|move: Light Screen
|cant|p1a: Swish|par
|
|-heal|p1a: Swish|92/100 par|[from] item: Leftovers
|upkeep
|turn|4
|
|t:|1776129860
|move|p2a: Mordecai|Volt Switch|p1a: Swish
|-damage|p1a: Swish|52/100 par
|
|t:|1776129863
|switch|p2a: Katia|Hatterene, F, shiny|100/100|[from] Volt Switch
|move|p1a: Swish|Dragon Dance|p1a: Swish
|-boost|p1a: Swish|atk|1
|-boost|p1a: Swish|spe|1
|
|-heal|p1a: Swish|58/100 par|[from] item: Leftovers
|upkeep
|turn|5
|
|t:|1776129877
|move|p1a: Swish|Earthquake|p2a: Katia
|-damage|p2a: Katia|25/100
|move|p2a: Katia|Draining Kiss|p1a: Swish
|-supereffective|p1a: Swish
|-damage|p1a: Swish|0 fnt
|-heal|p2a: Katia|69/100|[from] drain|[of] p1a: Swish
|faint|p1a: Swish
|
|-heal|p2a: Katia|75/100|[from] item: Leftovers
|upkeep
|
|t:|1776129887
|switch|p1a: PrinceDeSangMêlé|Kingambit, F|100/100
|-activate|p1a: PrinceDeSangMêlé|ability: Supreme Overlord
|-start|p1a: PrinceDeSangMêlé|fallen1|[silent]
|turn|6
|
|t:|1776129903
|move|p1a: PrinceDeSangMêlé|Iron Head|p2a: Katia
|-supereffective|p2a: Katia
|-damage|p2a: Katia|0 fnt
|faint|p2a: Katia
|
|upkeep
|
|t:|1776129909
|switch|p2a: Mordecai|Zapdos, shiny|100/100
|turn|7
|inactive|Battle timer is ON: inactive players will automatically lose when time's up. (requested by bigdumpie)
|inactive|solim04 has 120 seconds left.
|
|t:|1776129981
|move|p2a: Mordecai|Thunder Wave|p1a: PrinceDeSangMêlé
|-status|p1a: PrinceDeSangMêlé|par
|cant|p1a: PrinceDeSangMêlé|par
|
|-sideend|p2: bigdumpie|move: Light Screen
|upkeep
|turn|8
|
|t:|1776129989
|move|p2a: Mordecai|Discharge|p1a: PrinceDeSangMêlé
|-damage|p1a: PrinceDeSangMêlé|53/100 par
|move|p1a: PrinceDeSangMêlé|Swords Dance|p1a: PrinceDeSangMêlé
|-boost|p1a: PrinceDeSangMêlé|atk|2
|
|upkeep
|turn|9
|
|t:|1776129998
|move|p1a: PrinceDeSangMêlé|Sucker Punch|p2a: Mordecai
|-damage|p2a: Mordecai|0 fnt
|faint|p2a: Mordecai
|
|upkeep
|
|t:|1776130006
|switch|p2a: Mongo|Cinderace, F, shiny|100/100
|turn|10
|
|t:|1776130019
|move|p1a: PrinceDeSangMêlé|Sucker Punch|p2a: Mongo
|-damage|p2a: Mongo|0 fnt
|faint|p2a: Mongo
|
|upkeep
|
|t:|1776130025
|switch|p2a: Donut|Ting-Lu, shiny|100/100
|-ability|p2a: Donut|Vessel of Ruin
|turn|11
|
|t:|1776130039
|-end|p1a: PrinceDeSangMêlé|fallen1|[silent]
|switch|p1a: Maladresse|Ogerpon-Wellspring, F|100/100
|move|p2a: Donut|Stealth Rock|p1a: Maladresse
|-sidestart|p1: solim04|move: Stealth Rock
|
|upkeep
|turn|12
|
|t:|1776130052
|-terastallize|p2a: Donut|Water
|move|p1a: Maladresse|Ivy Cudgel|p2a: Donut|[anim] Ivy Cudgel Water
|-resisted|p2a: Donut
|-damage|p2a: Donut|84/100
|move|p2a: Donut|Ruination|p1a: Maladresse
|-damage|p1a: Maladresse|51/100
|
|-heal|p2a: Donut|91/100|[from] item: Leftovers
|upkeep
|turn|13
|
|t:|1776130071
|switch|p2a: Louie|Corviknight, F, shiny|100/100
|move|p1a: Maladresse|Power Whip|p2a: Louie
|-resisted|p2a: Louie
|-damage|p2a: Louie|90/100
|
|-heal|p2a: Louie|96/100|[from] item: Leftovers
|upkeep
|turn|14
|inactive|solim04 has 120 seconds left.
|
|t:|1776130116
|switch|p1a: Hello .RAW-Z|Weavile, M|100/100
|-damage|p1a: Hello .RAW-Z|76/100|[from] Stealth Rock
|move|p2a: Louie|Brave Bird|p1a: Hello .RAW-Z
|-damage|p1a: Hello .RAW-Z|8/100
|-damage|p2a: Louie|80/100|[from] Recoil
|
|-heal|p2a: Louie|87/100|[from] item: Leftovers
|upkeep
|turn|15
|
|t:|1776130127
|move|p1a: Hello .RAW-Z|Icicle Crash|p2a: Louie|[miss]
|-miss|p1a: Hello .RAW-Z|p2a: Louie
|move|p2a: Louie|U-turn|p1a: Hello .RAW-Z
|-supereffective|p1a: Hello .RAW-Z
|-damage|p1a: Hello .RAW-Z|0 fnt
|faint|p1a: Hello .RAW-Z
|
|t:|1776130135
|switch|p2a: Carl|Dragapult, F, shiny|100/100|[from] U-turn
|
|upkeep
|inactive|solim04 has 120 seconds left.
|inactive|solim04 has 90 seconds left.
|
|t:|1776130175
|switch|p1a: Vent de l'est|Hatterene, F|100/100
|-damage|p1a: Vent de l'est|88/100|[from] Stealth Rock
|turn|16
|inactive|solim04 has 90 seconds left.
|
|t:|1776130186
|move|p2a: Carl|U-turn|p1a: Vent de l'est
|-damage|p1a: Vent de l'est|61/100
|-damage|p2a: Carl|84/100|[from] item: Rocky Helmet|[of] p1a: Vent de l'est
|
|t:|1776130194
|switch|p2a: Donut|Ting-Lu, shiny, tera:Water|91/100|[from] U-turn
|-ability|p2a: Donut|Vessel of Ruin
|move|p1a: Vent de l'est|Psychic Noise|p2a: Donut
|-damage|p2a: Donut|71/100
|-start|p2a: Donut|move: Heal Block
|
|upkeep
|turn|17
|
|t:|1776130206
|move|p2a: Donut|Heavy Slam|p1a: Vent de l'est
|-supereffective|p1a: Vent de l'est
|-crit|p1a: Vent de l'est
|-damage|p1a: Vent de l'est|0 fnt
|-damage|p2a: Donut|55/100|[from] item: Rocky Helmet|[of] p1a: Vent de l'est
|faint|p1a: Vent de l'est
|
|-end|p2a: Donut|move: Heal Block
|upkeep
|
|t:|1776130212
|switch|p1a: PrinceDeSangMêlé|Kingambit, F|53/100 par
|-damage|p1a: PrinceDeSangMêlé|47/100 par|[from] Stealth Rock
|-activate|p1a: PrinceDeSangMêlé|ability: Supreme Overlord
|-start|p1a: PrinceDeSangMêlé|fallen3|[silent]
|turn|18
|
|t:|1776130222
|move|p1a: PrinceDeSangMêlé|Sucker Punch|p2a: Donut
|-damage|p2a: Donut|26/100
|move|p2a: Donut|Earthquake|p1a: PrinceDeSangMêlé
|-supereffective|p1a: PrinceDeSangMêlé
|-damage|p1a: PrinceDeSangMêlé|0 fnt
|faint|p1a: PrinceDeSangMêlé
|-end|p1a: PrinceDeSangMêlé|fallen3|[silent]
|
|-heal|p2a: Donut|32/100|[from] item: Leftovers
|upkeep
|
|t:|1776130230
|switch|p1a: Z-machine|Great Tusk|100/100
|-damage|p1a: Z-machine|98/100|[from] Stealth Rock
|turn|19
|
|t:|1776130240
|switch|p2a: Louie|Corviknight, F, shiny|87/100
|move|p1a: Z-machine|Headlong Rush|p2a: Louie
|-immune|p2a: Louie
|
|-heal|p2a: Louie|93/100|[from] item: Leftovers
|upkeep
|turn|20
|
|t:|1776130252
|move|p1a: Z-machine|Close Combat|p2a: Louie
|-damage|p2a: Louie|57/100
|-unboost|p1a: Z-machine|def|1
|-unboost|p1a: Z-machine|spd|1
|move|p2a: Louie|Brave Bird|p1a: Z-machine
|-supereffective|p1a: Z-machine
|-damage|p1a: Z-machine|22/100
|-damage|p2a: Louie|33/100|[from] Recoil
|
|-heal|p2a: Louie|40/100|[from] item: Leftovers
|upkeep
|turn|21
|
|t:|1776130265
|switch|p2a: Carl|Dragapult, F, shiny|84/100
|move|p1a: Z-machine|Close Combat|p2a: Carl
|-immune|p2a: Carl
|
|upkeep
|turn|22
|inactive|solim04 has 90 seconds left.
|inactive|solim04 has 60 seconds left.
|c|☆bigdumpie|Helllooo
|
|t:|1776130343
|move|p2a: Carl|Dragon Darts|p1a: Z-machine
|-damage|p1a: Z-machine|0 fnt
|faint|p1a: Z-machine
|-end|p1a: Z-machine|Protosynthesis|[silent]
|
|upkeep
|
|t:|1776130346
|switch|p1a: Maladresse|Ogerpon-Wellspring, F|51/100
|-damage|p1a: Maladresse|38/100|[from] Stealth Rock
|turn|23
|inactive|solim04 has 30 seconds left.
|inactive|solim04 has 20 seconds left.
|c|☆bigdumpie|My guy goooo
|inactive|solim04 has 15 seconds left.
|
|t:|1776130392
|move|p2a: Carl|Dragon Darts|p1a: Maladresse
|-damage|p1a: Maladresse|0 fnt
|faint|p1a: Maladresse
|
|win|bigdumpie
|raw|solim04's rating: 1057 &rarr; <strong>1035</strong><br />(-22 for losing)
|raw|bigdumpie's rating: 1000 &rarr; <strong>1047</strong><br />(+47 for winning)
