|html|<div class="broadcast-blue"><strong>[Gen 9] OU is currently suspecting Tera Blast! For information on how to participate check out the <a href="https://www.smogon.com/tools/suspects/view/200">suspect thread</a>.</strong></div>
|j|☆rashyd
|j|☆iblamecigar
|t:|1776100274
|gametype|singles
|player|p1|rashyd|volkner|1466
|player|p2|iblamecigar|gambler|1470
|gen|9
|tier|[Gen 9] OU
|rated|
|rule|HP Percentage Mod: HP is shown in percentages
|rule|Endless Battle Clause: Forcing endless battles is banned
|rule|Species Clause: Limit one of each Pokémon
|rule|OHKO Clause: OHKO moves are banned
|rule|Evasion Items Clause: Evasion items are banned
|rule|Evasion Moves Clause: Evasion moves are banned
|rule|Evasion Abilities Clause: Evasion abilities are banned
|rule|Sleep Moves Clause: Sleep-inducing moves are banned
|clearpoke
|poke|p1|Tyranitar, F|
|poke|p1|Hippowdon, F|
|poke|p1|Corviknight, M|
|poke|p1|Gastrodon, M|
|poke|p1|Sandy Shocks|
|poke|p1|Excadrill, F|
|poke|p2|Deoxys-Speed|
|poke|p2|Kingambit, F|
|poke|p2|Ogerpon-Wellspring, F|
|poke|p2|Zamazenta-*|
|poke|p2|Gholdengo|
|poke|p2|Dragonite, F|
|teampreview
|inactive|Battle timer is ON: inactive players will automatically lose when time's up. (requested by iblamecigar)
|
|t:|1776100279
|teamsize|p1|6
|teamsize|p2|6
|start
|switch|p1a: Corviknight|Corviknight, M|100/100
|switch|p2a: Deoxys|Deoxys-Speed|100/100
|-ability|p2a: Deoxys|Pressure
|turn|1
|
|t:|1776100295
|move|p2a: Deoxys|Stealth Rock|p1a: Corviknight
|-sidestart|p1: rashyd|move: Stealth Rock
|move|p1a: Corviknight|Brave Bird|p2a: Deoxys
|-damage|p2a: Deoxys|30/100
|-damage|p1a: Corviknight|85/100|[from] Recoil
|
|-heal|p1a: Corviknight|91/100|[from] item: Leftovers
|upkeep
|turn|2
|
|t:|1776100307
|move|p2a: Deoxys|Taunt|p1a: Corviknight
|-start|p1a: Corviknight|move: Taunt
|cant|p1a: Corviknight|move: Taunt|Defog
|
|-heal|p1a: Corviknight|97/100|[from] item: Leftovers
|upkeep
|turn|3
|
|t:|1776100325
|move|p2a: Deoxys|Focus Blast|p1a: Corviknight
|-damage|p1a: Corviknight|61/100
|move|p1a: Corviknight|Brave Bird|p2a: Deoxys
|-damage|p2a: Deoxys|0 fnt
|faint|p2a: Deoxys
|-damage|p1a: Corviknight|54/100|[from] Recoil
|
|-heal|p1a: Corviknight|60/100|[from] item: Leftovers
|upkeep
|
|t:|1776100332
|switch|p2a: Ogerpon|Ogerpon-Wellspring, F|100/100
|turn|4
|
|t:|1776100341
|-terastallize|p2a: Ogerpon|Water
|detailschange|p2a: Ogerpon|Ogerpon-Wellspring-Tera, F, tera:Water
|-ability|p2a: Ogerpon|Embody Aspect (Wellspring)|boost
|-boost|p2a: Ogerpon|spd|1
|move|p2a: Ogerpon|Swords Dance|p2a: Ogerpon
|-boost|p2a: Ogerpon|atk|2
|move|p1a: Corviknight|Brave Bird|p2a: Ogerpon
|-damage|p2a: Ogerpon|44/100
|-damage|p1a: Corviknight|45/100|[from] Recoil
|
|-heal|p1a: Corviknight|51/100|[from] item: Leftovers
|-end|p1a: Corviknight|move: Taunt
|upkeep
|turn|5
|
|t:|1776100356
|switch|p1a: Gastrodon|Gastrodon, M|100/100
|-damage|p1a: Gastrodon|94/100|[from] Stealth Rock
|move|p2a: Ogerpon|Ivy Cudgel|p1a: Gastrodon|[anim] Ivy Cudgel Water
|-ability|p1a: Gastrodon|Storm Drain|boost
|-boost|p1a: Gastrodon|spa|1
|
|-heal|p1a: Gastrodon|100/100|[from] item: Leftovers
|upkeep
|turn|6
|
|t:|1776100369
|-terastallize|p1a: Gastrodon|Poison
|move|p2a: Ogerpon|Knock Off|p1a: Gastrodon
|-damage|p1a: Gastrodon|16/100
|-enditem|p1a: Gastrodon|Leftovers|[from] move: Knock Off|[of] p2a: Ogerpon
|move|p1a: Gastrodon|Sludge Wave|p2a: Ogerpon
|-damage|p2a: Ogerpon|5/100
|
|upkeep
|turn|7
|c|☆iblamecigar|heh
|
|t:|1776100390
|switch|p1a: Tyranitar|Tyranitar, F|100/100
|-damage|p1a: Tyranitar|88/100|[from] Stealth Rock
|-weather|Sandstorm|[from] ability: Sand Stream|[of] p1a: Tyranitar
|move|p2a: Ogerpon|Knock Off|p1a: Tyranitar
|-resisted|p1a: Tyranitar
|-damage|p1a: Tyranitar|54/100
|-enditem|p1a: Tyranitar|Choice Band|[from] move: Knock Off|[of] p2a: Ogerpon
|
|-weather|Sandstorm|[upkeep]
|-damage|p2a: Ogerpon|0 fnt|[from] Sandstorm
|faint|p2a: Ogerpon
|detailschange|p2: Ogerpon|Ogerpon-Wellspring, F|[silent]
|upkeep
|
|t:|1776100417
|switch|p2a: Zamazenta|Zamazenta|100/100
|-ability|p2a: Zamazenta|Dauntless Shield|boost
|-boost|p2a: Zamazenta|def|1
|turn|8
|
|t:|1776100423
|move|p2a: Zamazenta|Close Combat|p1a: Tyranitar
|-supereffective|p1a: Tyranitar
|-damage|p1a: Tyranitar|0 fnt
|-unboost|p2a: Zamazenta|def|1
|-unboost|p2a: Zamazenta|spd|1
|faint|p1a: Tyranitar
|
|-weather|Sandstorm|[upkeep]
|-damage|p2a: Zamazenta|94/100|[from] Sandstorm
|upkeep
|
|t:|1776100437
|switch|p1a: Corviknight|Corviknight, M|51/100
|-damage|p1a: Corviknight|39/100|[from] Stealth Rock
|turn|9
|
|t:|1776100441
|move|p2a: Zamazenta|Close Combat|p1a: Corviknight
|-damage|p1a: Corviknight|0 fnt
|-unboost|p2a: Zamazenta|def|1
|-unboost|p2a: Zamazenta|spd|1
|faint|p1a: Corviknight
|
|-weather|Sandstorm|[upkeep]
|-damage|p2a: Zamazenta|88/100|[from] Sandstorm
|upkeep
|
|t:|1776100450
|switch|p1a: Excadrill|Excadrill, F|100/100
|-damage|p1a: Excadrill|97/100|[from] Stealth Rock
|turn|10
|
|t:|1776100460
|move|p1a: Excadrill|Iron Head|p2a: Zamazenta
|-damage|p2a: Zamazenta|24/100
|cant|p2a: Zamazenta|flinch
|
|-weather|Sandstorm|[upkeep]
|-damage|p2a: Zamazenta|18/100|[from] Sandstorm
|upkeep
|turn|11
|c|☆iblamecigar|wow
|
|t:|1776100469
|switch|p2a: Kingambit|Kingambit, F|100/100
|-activate|p2a: Kingambit|ability: Supreme Overlord
|-start|p2a: Kingambit|fallen2|[silent]
|move|p1a: Excadrill|Iron Head|p2a: Kingambit
|-resisted|p2a: Kingambit
|-damage|p2a: Kingambit|80/100
|
|-weather|none
|-heal|p2a: Kingambit|86/100|[from] item: Leftovers
|upkeep
|turn|12
|
|t:|1776100486
|move|p1a: Excadrill|Earthquake|p2a: Kingambit
|-supereffective|p2a: Kingambit
|-damage|p2a: Kingambit|0 fnt
|faint|p2a: Kingambit
|-end|p2a: Kingambit|fallen2|[silent]
|
|upkeep
|
|t:|1776100490
|switch|p2a: Zamazenta|Zamazenta|18/100
|turn|13
|
|t:|1776100495
|switch|p1a: Hippowdon|Hippowdon, F|100/100
|-damage|p1a: Hippowdon|94/100|[from] Stealth Rock
|-weather|Sandstorm|[from] ability: Sand Stream|[of] p1a: Hippowdon
|move|p2a: Zamazenta|Close Combat|p1a: Hippowdon
|-damage|p1a: Hippowdon|49/100
|-unboost|p2a: Zamazenta|def|1
|-unboost|p2a: Zamazenta|spd|1
|
|-weather|Sandstorm|[upkeep]
|-damage|p2a: Zamazenta|12/100|[from] Sandstorm
|upkeep
|turn|14
|c|☆iblamecigar|ah shit here we go again
|
|t:|1776100509
|move|p2a: Zamazenta|Close Combat|p1a: Hippowdon
|-damage|p1a: Hippowdon|1/100
|-unboost|p2a: Zamazenta|def|1
|-unboost|p2a: Zamazenta|spd|1
|move|p1a: Hippowdon|Earthquake|p2a: Zamazenta
|-damage|p2a: Zamazenta|0 fnt
|faint|p2a: Zamazenta
|
|-weather|Sandstorm|[upkeep]
|upkeep
|
|t:|1776100519
|switch|p2a: Dragonite|Dragonite, F|100/100
|turn|15
|
|t:|1776100523
|move|p2a: Dragonite|Dragon Dance|p2a: Dragonite
|-boost|p2a: Dragonite|atk|1
|-boost|p2a: Dragonite|spe|1
|move|p1a: Hippowdon|Ice Fang|p2a: Dragonite
|-supereffective|p2a: Dragonite
|-damage|p2a: Dragonite|62/100
|
|-weather|Sandstorm|[upkeep]
|-damage|p2a: Dragonite|56/100|[from] Sandstorm
|upkeep
|turn|16
|
|t:|1776100532
|move|p2a: Dragonite|Extreme Speed|p1a: Hippowdon
|-damage|p1a: Hippowdon|0 fnt
|faint|p1a: Hippowdon
|
|-weather|Sandstorm|[upkeep]
|-damage|p2a: Dragonite|50/100|[from] Sandstorm
|upkeep
|
|t:|1776100540
|switch|p1a: Excadrill|Excadrill, F|97/100
|-damage|p1a: Excadrill|94/100|[from] Stealth Rock
|turn|17
|
|t:|1776100544
|move|p1a: Excadrill|Iron Head|p2a: Dragonite
|-damage|p2a: Dragonite|2/100
|cant|p2a: Dragonite|flinch
|
|-weather|Sandstorm|[upkeep]
|-damage|p2a: Dragonite|0 fnt|[from] Sandstorm
|faint|p2a: Dragonite
|upkeep
|c|☆iblamecigar|AINT NO FUCKING WAY
|c|☆iblamecigar|AINT
|c|☆iblamecigar|NO
|c|☆iblamecigar|FUCKIN WAY
|
|t:|1776100558
|switch|p2a: Gholdengo|Gholdengo|100/100
|turn|18
|
|t:|1776100562
|move|p1a: Excadrill|Earthquake|p2a: Gholdengo
|-supereffective|p2a: Gholdengo
|-damage|p2a: Gholdengo|0 fnt
|faint|p2a: Gholdengo
|
|win|rashyd
|raw|rashyd's rating: 1466 &rarr; <strong>1486</strong><br />(+20 for winning)
|raw|iblamecigar's rating: 1470 &rarr; <strong>1450</strong><br />(-20 for losing)
|c|☆iblamecigar|BROO
|c|☆iblamecigar|TWIIICIEE
|l|☆rashyd
|player|p1|
|l|☆iblamecigar
|player|p2|
