|html|<div class="broadcast-blue"><strong>[Gen 9] OU is currently suspecting Tera Blast! For information on how to participate check out the <a href="https://www.smogon.com/tools/suspects/view/200">suspect thread</a>.</strong></div>
|j|☆Iron Fist286
|j|☆cursid420
|t:|1776049549
|gametype|singles
|player|p1|Iron Fist286|n|1160
|player|p2|cursid420|102|1209
|gen|9
|tier|[Gen 9] OU
|rated|
|rule|HP Percentage Mod: HP is shown in percentages
|rule|Endless Battle Clause: Forcing endless battles is banned
|rule|Species Clause: Limit one of each Pokémon
|rule|OHKO Clause: OHKO moves are banned
|rule|Evasion Items Clause: Evasion items are banned
|rule|Evasion Moves Clause: Evasion moves are banned
|rule|Evasion Abilities Clause: Evasion abilities are banned
|rule|Sleep Moves Clause: Sleep-inducing moves are banned
|clearpoke
|poke|p1|Tyranitar, M|
|poke|p1|Excadrill, M|
|poke|p1|Iron Valiant|
|poke|p1|Zapdos|
|poke|p1|Ogerpon, F|
|poke|p1|Toxapex, M|
|poke|p2|Walking Wake|
|poke|p2|Cinccino, M|
|poke|p2|Charizard, M|
|poke|p2|Golduck, F|
|poke|p2|Dondozo, M|
|poke|p2|Hawlucha, M|
|teampreview
|
|t:|1776049572
|teamsize|p1|6
|teamsize|p2|6
|start
|switch|p1a: Toxapex|Toxapex, M, shiny|100/100
|switch|p2a: Golduck|Golduck, F|100/100
|-ability|p2a: Golduck|Cloud Nine
|turn|1
|
|t:|1776049580
|move|p2a: Golduck|Psychic|p1a: Toxapex
|-supereffective|p1a: Toxapex
|-damage|p1a: Toxapex|41/100
|-enditem|p1a: Toxapex|Eject Button
|
|t:|1776049586
|switch|p1a: Tyranitar|Tyranitar, M, shiny|100/100
|-weather|Sandstorm|[from] ability: Sand Stream|[of] p1a: Tyranitar
|
|-weather|Sandstorm|[upkeep]
|upkeep
|turn|2
|inactive|Battle timer is ON: inactive players will automatically lose when time's up. (requested by cursid420)
|
|t:|1776049618
|switch|p2a: Dondozo|Dondozo, M|100/100
|move|p1a: Tyranitar|Stealth Rock|p2a: Dondozo
|-sidestart|p2: cursid420|move: Stealth Rock
|
|-weather|Sandstorm|[upkeep]
|-damage|p2a: Dondozo|94/100|[from] Sandstorm
|upkeep
|turn|3
|
|t:|1776049639
|switch|p1a: Toxapex|Toxapex, M, shiny|74/100
|move|p2a: Dondozo|Avalanche|p1a: Toxapex
|-resisted|p1a: Toxapex
|-damage|p1a: Toxapex|65/100
|
|-weather|Sandstorm|[upkeep]
|-damage|p2a: Dondozo|88/100|[from] Sandstorm
|-damage|p1a: Toxapex|59/100|[from] Sandstorm
|upkeep
|turn|4
|
|t:|1776049658
|switch|p2a: Golduck|Golduck, F|100/100
|-damage|p2a: Golduck|88/100|[from] Stealth Rock
|-ability|p2a: Golduck|Cloud Nine
|move|p1a: Toxapex|Toxic|p2a: Golduck
|-status|p2a: Golduck|tox
|
|-weather|Sandstorm|[upkeep]
|-damage|p2a: Golduck|82/100 tox|[from] psn
|upkeep
|turn|5
|
|t:|1776049669
|move|p2a: Golduck|Flip Turn|p1a: Toxapex
|-resisted|p1a: Toxapex
|-damage|p1a: Toxapex|53/100
|inactive|cursid420 has 120 seconds left.
|
|t:|1776049702
|switch|p2a: Cinccino|Cinccino, M|100/100|[from] Flip Turn
|-damage|p2a: Cinccino|88/100|[from] Stealth Rock
|move|p1a: Toxapex|Toxic Spikes|p2a: Cinccino
|-sidestart|p2: cursid420|move: Toxic Spikes
|
|-weather|Sandstorm|[upkeep]
|-damage|p2a: Cinccino|82/100|[from] Sandstorm
|-damage|p1a: Toxapex|47/100|[from] Sandstorm
|upkeep
|turn|6
|
|t:|1776049717
|switch|p1a: Excadrill|Excadrill, M, shiny|100/100
|move|p2a: Cinccino|Encore||[still]
|-fail|p2a: Cinccino
|
|-weather|Sandstorm|[upkeep]
|-damage|p2a: Cinccino|76/100|[from] Sandstorm
|upkeep
|turn|7
|
|t:|1776049729
|switch|p2a: Charizard|Charizard, M|100/100
|move|p1a: Excadrill|Substitute|p1a: Excadrill
|-start|p1a: Excadrill|Substitute
|-damage|p1a: Excadrill|76/100
|
|-weather|Sandstorm|[upkeep]
|-damage|p2a: Charizard|94/100|[from] Sandstorm
|-heal|p1a: Excadrill|82/100|[from] item: Leftovers
|upkeep
|turn|8
|
|t:|1776049741
|-terastallize|p2a: Charizard|Ground
|move|p1a: Excadrill|Rock Slide|p2a: Charizard
|-resisted|p2a: Charizard
|-damage|p2a: Charizard|73/100
|move|p2a: Charizard|Flamethrower|p1a: Excadrill
|-supereffective|p1a: Excadrill
|-end|p1a: Excadrill|Substitute
|
|-weather|none
|-heal|p1a: Excadrill|88/100|[from] item: Leftovers
|upkeep
|turn|9
|
|t:|1776049765
|switch|p1a: Toxapex|Toxapex, M, shiny|80/100
|move|p2a: Charizard|Scorching Sands|p1a: Toxapex
|-supereffective|p1a: Toxapex
|-damage|p1a: Toxapex|36/100
|-status|p1a: Toxapex|brn
|
|-damage|p1a: Toxapex|31/100 brn|[from] brn
|upkeep
|turn|10
|
|t:|1776049782
|switch|p1a: Tyranitar|Tyranitar, M, shiny|100/100
|-weather|Sandstorm|[from] ability: Sand Stream|[of] p1a: Tyranitar
|move|p2a: Charizard|Scorching Sands|p1a: Tyranitar
|-supereffective|p1a: Tyranitar
|-damage|p1a: Tyranitar|58/100
|
|-weather|Sandstorm|[upkeep]
|upkeep
|turn|11
|
|t:|1776049793
|move|p2a: Charizard|Will-O-Wisp|p1a: Tyranitar
|-status|p1a: Tyranitar|brn
|move|p1a: Tyranitar|Ice Punch|p2a: Charizard
|-supereffective|p2a: Charizard
|-damage|p2a: Charizard|35/100
|
|-weather|Sandstorm|[upkeep]
|-damage|p1a: Tyranitar|52/100 brn|[from] brn
|upkeep
|turn|12
|
|t:|1776049807
|switch|p2a: Dondozo|Dondozo, M|88/100
|-damage|p2a: Dondozo|76/100|[from] Stealth Rock
|-status|p2a: Dondozo|psn
|move|p1a: Tyranitar|Knock Off|p2a: Dondozo
|-damage|p2a: Dondozo|59/100 psn
|-enditem|p2a: Dondozo|Choice Band|[from] move: Knock Off|[of] p1a: Tyranitar
|
|-weather|Sandstorm|[upkeep]
|-damage|p2a: Dondozo|53/100 psn|[from] Sandstorm
|-damage|p2a: Dondozo|41/100 psn|[from] psn
|-damage|p1a: Tyranitar|46/100 brn|[from] brn
|upkeep
|turn|13
|
|t:|1776049824
|switch|p1a: Toxapex|Toxapex, M, shiny|64/100 brn
|move|p2a: Dondozo|Earthquake|p1a: Toxapex
|-supereffective|p1a: Toxapex
|-damage|p1a: Toxapex|15/100 brn
|
|-weather|Sandstorm|[upkeep]
|-damage|p2a: Dondozo|34/100 psn|[from] Sandstorm
|-damage|p1a: Toxapex|9/100 brn|[from] Sandstorm
|-damage|p2a: Dondozo|22/100 psn|[from] psn
|-damage|p1a: Toxapex|3/100 brn|[from] brn
|upkeep
|turn|14
|
|t:|1776049835
|switch|p1a: Zapdos|Zapdos, shiny|100/100
|move|p2a: Dondozo|Liquidation|p1a: Zapdos
|-crit|p1a: Zapdos
|-damage|p1a: Zapdos|25/100
|-unboost|p1a: Zapdos|def|1
|
|-weather|Sandstorm|[upkeep]
|-damage|p1a: Zapdos|19/100|[from] Sandstorm
|-damage|p2a: Dondozo|16/100 psn|[from] Sandstorm
|-damage|p2a: Dondozo|4/100 psn|[from] psn
|upkeep
|turn|15
|
|t:|1776049846
|move|p1a: Zapdos|Volt Switch|p2a: Dondozo
|-supereffective|p2a: Dondozo
|-crit|p2a: Dondozo
|-damage|p2a: Dondozo|0 fnt
|faint|p2a: Dondozo
|
|t:|1776049852
|switch|p1a: Toxapex|Toxapex, M, shiny|36/100 brn|[from] Volt Switch
|
|-weather|Sandstorm|[upkeep]
|-damage|p1a: Toxapex|31/100 brn|[from] Sandstorm
|-damage|p1a: Toxapex|25/100 brn|[from] brn
|upkeep
|
|t:|1776049868
|switch|p2a: Cinccino|Cinccino, M|76/100
|-damage|p2a: Cinccino|63/100|[from] Stealth Rock
|-status|p2a: Cinccino|psn
|turn|16
|
|t:|1776049893
|switch|p1a: Excadrill|Excadrill, M, shiny|88/100
|move|p2a: Cinccino|Tidy Up|p2a: Cinccino
|-sideend|p2: cursid420|Toxic Spikes
|-sideend|p2: cursid420|Stealth Rock
|-activate|p2a: Cinccino|move: Tidy Up
|-boost|p2a: Cinccino|atk|1
|-boost|p2a: Cinccino|spe|1
|
|-weather|Sandstorm|[upkeep]
|-damage|p2a: Cinccino|57/100 psn|[from] Sandstorm
|-heal|p1a: Excadrill|94/100|[from] item: Leftovers
|-damage|p2a: Cinccino|45/100 psn|[from] psn
|upkeep
|turn|17
|
|t:|1776049921
|move|p1a: Excadrill|Substitute|p1a: Excadrill
|-start|p1a: Excadrill|Substitute
|-damage|p1a: Excadrill|69/100
|move|p2a: Cinccino|Knock Off|p1a: Excadrill
|-end|p1a: Excadrill|Substitute
|
|-weather|none
|-heal|p1a: Excadrill|75/100|[from] item: Leftovers
|-damage|p2a: Cinccino|32/100 psn|[from] psn
|upkeep
|turn|18
|
|t:|1776049931
|move|p2a: Cinccino|Encore|p1a: Excadrill
|-start|p1a: Excadrill|Encore
|move|p1a: Excadrill|Substitute|p1a: Excadrill
|-start|p1a: Excadrill|Substitute
|-damage|p1a: Excadrill|50/100
|
|-heal|p1a: Excadrill|56/100|[from] item: Leftovers
|-damage|p2a: Cinccino|20/100 psn|[from] psn
|upkeep
|turn|19
|
|t:|1776049938
|move|p2a: Cinccino|Knock Off|p1a: Excadrill
|-end|p1a: Excadrill|Substitute
|move|p1a: Excadrill|Substitute|p1a: Excadrill
|-start|p1a: Excadrill|Substitute
|-damage|p1a: Excadrill|31/100
|
|-heal|p1a: Excadrill|37/100|[from] item: Leftovers
|-damage|p2a: Cinccino|8/100 psn|[from] psn
|upkeep
|turn|20
|
|t:|1776049948
|move|p2a: Cinccino|Knock Off|p1a: Excadrill
|-end|p1a: Excadrill|Substitute
|move|p1a: Excadrill|Substitute|p1a: Excadrill
|-start|p1a: Excadrill|Substitute
|-damage|p1a: Excadrill|12/100
|
|-heal|p1a: Excadrill|19/100|[from] item: Leftovers
|-damage|p2a: Cinccino|0 fnt|[from] psn
|faint|p2a: Cinccino
|-end|p1a: Excadrill|Encore
|upkeep
|
|t:|1776049960
|switch|p2a: Walking Wake|Walking Wake|100/100
|turn|21
|
|t:|1776049979
|move|p2a: Walking Wake|Scald|p1a: Excadrill
|-supereffective|p1a: Excadrill
|-end|p1a: Excadrill|Substitute
|move|p1a: Excadrill|Earthquake|p2a: Walking Wake
|-damage|p2a: Walking Wake|33/100
|
|-heal|p1a: Excadrill|25/100|[from] item: Leftovers
|upkeep
|turn|22
|
|t:|1776050000
|switch|p1a: Toxapex|Toxapex, M, shiny|58/100 brn
|move|p2a: Walking Wake|Scald|p1a: Toxapex
|-resisted|p1a: Toxapex
|-damage|p1a: Toxapex|43/100 brn
|
|-damage|p1a: Toxapex|37/100 brn|[from] brn
|upkeep
|turn|23
|
|t:|1776050014
|move|p2a: Walking Wake|Draco Meteor|p1a: Toxapex
|-damage|p1a: Toxapex|0 fnt
|-unboost|p2a: Walking Wake|spa|2
|faint|p1a: Toxapex
|
|upkeep
|inactive|Iron Fist286 has 120 seconds left.
|
|t:|1776050031
|switch|p1a: Iron Valiant|Iron Valiant, shiny|100/100
|turn|24
|inactive|cursid420 has 90 seconds left.
|
|t:|1776050083
|move|p1a: Iron Valiant|Vacuum Wave|p2a: Walking Wake
|-damage|p2a: Walking Wake|1/100
|move|p2a: Walking Wake|Knock Off|p1a: Iron Valiant
|-resisted|p1a: Iron Valiant
|-damage|p1a: Iron Valiant|95/100
|-enditem|p1a: Iron Valiant|Choice Specs|[from] move: Knock Off|[of] p2a: Walking Wake
|
|upkeep
|turn|25
|inactive|cursid420 has 60 seconds left.
|
|t:|1776050117
|move|p1a: Iron Valiant|Vacuum Wave|p2a: Walking Wake
|-damage|p2a: Walking Wake|0 fnt
|faint|p2a: Walking Wake
|-end|p2a: Walking Wake|Protosynthesis|[silent]
|
|upkeep
|inactive|cursid420 has 30 seconds left.
|
|t:|1776050145
|switch|p2a: Hawlucha|Hawlucha, M|100/100
|turn|26
|inactive|cursid420 has 30 seconds left.
|inactive|cursid420 has 20 seconds left.
|inactive|Iron Fist286 has 120 seconds left.
|
|t:|1776050165
|-terastallize|p1a: Iron Valiant|Ghost
|move|p1a: Iron Valiant|Moonblast|p2a: Hawlucha
|-supereffective|p2a: Hawlucha
|-crit|p2a: Hawlucha
|-damage|p2a: Hawlucha|0 fnt
|faint|p2a: Hawlucha
|
|upkeep
|inactive|cursid420 has 25 seconds left this turn.
|inactive|cursid420 has 20 seconds left.
|-message|cursid420 forfeited.
|
|win|Iron Fist286
|raw|Iron Fist286's rating: 1160 &rarr; <strong>1189</strong><br />(+29 for winning)
|raw|cursid420's rating: 1209 &rarr; <strong>1180</strong><br />(-29 for losing)
|l|☆cursid420
|player|p2|
|c|☆Iron Fist286|gg
|l|☆Iron Fist286
|player|p1|
