|html|<div class="broadcast-blue"><strong>[Gen 9] OU is currently suspecting Tera Blast! For information on how to participate check out the <a href="https://www.smogon.com/tools/suspects/view/200">suspect thread</a>.</strong></div>
|j|☆phaitos
|j|☆underWATer144
|t:|1776259921
|gametype|singles
|player|p1|phaitos|cynthia-gen4|1086
|player|p2|underWATer144|nate|1114
|gen|9
|tier|[Gen 9] OU
|rated|
|rule|HP Percentage Mod: HP is shown in percentages
|rule|Endless Battle Clause: Forcing endless battles is banned
|rule|Species Clause: Limit one of each Pokémon
|rule|OHKO Clause: OHKO moves are banned
|rule|Evasion Items Clause: Evasion items are banned
|rule|Evasion Moves Clause: Evasion moves are banned
|rule|Evasion Abilities Clause: Evasion abilities are banned
|rule|Sleep Moves Clause: Sleep-inducing moves are banned
|clearpoke
|poke|p1|Hawlucha, M|
|poke|p1|Kyurem|
|poke|p1|Ogerpon-Wellspring, F|
|poke|p1|Glimmora, M|
|poke|p1|Gholdengo|
|poke|p1|Toxapex, F|
|poke|p2|Lurantis, M|
|poke|p2|Clodsire, M|
|poke|p2|Dragonite, F|
|poke|p2|Tinkaton, F|
|poke|p2|Rotom-Wash|
|poke|p2|Lokix, M|
|teampreview
|inactive|Battle timer is ON: inactive players will automatically lose when time's up. (requested by underWATer144)
|
|t:|1776259931
|teamsize|p1|6
|teamsize|p2|6
|start
|switch|p1a: Kyurem|Kyurem|100/100
|switch|p2a: Loaf|Clodsire, M|100/100
|-ability|p1a: Kyurem|Pressure
|turn|1
|
|t:|1776259942
|switch|p1a: Gholdengo|Gholdengo|100/100
|move|p2a: Loaf|Toxic|p1a: Gholdengo
|-immune|p1a: Gholdengo|[from] ability: Good as Gold
|
|upkeep
|turn|2
|
|t:|1776259951
|move|p1a: Gholdengo|Shadow Ball|p2a: Loaf
|-damage|p2a: Loaf|79/100
|move|p2a: Loaf|Stealth Rock|p1a: Gholdengo
|-sidestart|p1: phaitos|move: Stealth Rock
|
|-heal|p2a: Loaf|85/100|[from] item: Leftovers
|upkeep
|turn|3
|
|t:|1776259963
|switch|p1a: Glimmora|Glimmora, M|100/100
|-damage|p1a: Glimmora|88/100|[from] Stealth Rock
|move|p2a: Loaf|Earthquake|p1a: Glimmora
|-supereffective|p1a: Glimmora
|-damage|p1a: Glimmora|0 fnt
|-activate|p1a: Glimmora|ability: Toxic Debris
|-sidestart|p2: underWATer144|move: Toxic Spikes
|faint|p1a: Glimmora
|
|-heal|p2a: Loaf|91/100|[from] item: Leftovers
|upkeep
|
|t:|1776259974
|switch|p1a: Kyurem|Kyurem|100/100
|-damage|p1a: Kyurem|76/100|[from] Stealth Rock
|-ability|p1a: Kyurem|Pressure
|turn|4
|
|t:|1776259983
|switch|p2a: Slim Jim|Lokix, M|100/100
|-terastallize|p1a: Kyurem|Ground
|move|p1a: Kyurem|Dragon Dance|p1a: Kyurem
|-boost|p1a: Kyurem|atk|1
|-boost|p1a: Kyurem|spe|1
|
|upkeep
|turn|5
|
|t:|1776260005
|move|p2a: Slim Jim|First Impression|p1a: Kyurem
|-damage|p1a: Kyurem|31/100
|move|p1a: Kyurem|Icicle Spear|p2a: Slim Jim
|-damage|p2a: Slim Jim|70/100
|-damage|p2a: Slim Jim|35/100
|-damage|p2a: Slim Jim|6/100
|-damage|p2a: Slim Jim|0 fnt
|faint|p2a: Slim Jim
|-hitcount|p2: Slim Jim|4
|
|upkeep
|
|t:|1776260015
|switch|p2a: Loaf|Clodsire, M|91/100
|-sideend|p2: underWATer144|move: Toxic Spikes|[of] p2a: Loaf
|turn|6
|
|t:|1776260024
|switch|p2a: Rotarau|Rotom-Wash, shiny|100/100
|move|p1a: Kyurem|Icicle Spear|p2a: Rotarau
|-resisted|p2a: Rotarau
|-damage|p2a: Rotarau|93/100
|-resisted|p2a: Rotarau
|-damage|p2a: Rotarau|83/100
|-resisted|p2a: Rotarau
|-crit|p2a: Rotarau
|-damage|p2a: Rotarau|71/100
|-resisted|p2a: Rotarau
|-damage|p2a: Rotarau|63/100
|-hitcount|p2a: Rotarau|4
|
|-heal|p2a: Rotarau|70/100|[from] item: Leftovers
|upkeep
|turn|7
|
|t:|1776260035
|move|p1a: Kyurem|Scale Shot|p2a: Rotarau
|-damage|p2a: Rotarau|52/100
|-damage|p2a: Rotarau|36/100
|-damage|p2a: Rotarau|20/100
|-damage|p2a: Rotarau|3/100
|-damage|p2a: Rotarau|0 fnt
|faint|p2a: Rotarau
|-hitcount|p2: Rotarau|5
|-unboost|p1a: Kyurem|def|1
|-boost|p1a: Kyurem|spe|1
|
|upkeep
|inactive|underWATer144 has 120 seconds left.
|
|t:|1776260066
|switch|p2a: Saturn|Lurantis, M, shiny|100/100
|turn|8
|
|t:|1776260070
|-terastallize|p2a: Saturn|Water
|move|p1a: Kyurem|Icicle Spear|p2a: Saturn
|-resisted|p2a: Saturn
|-damage|p2a: Saturn|89/100
|-resisted|p2a: Saturn
|-damage|p2a: Saturn|77/100
|-resisted|p2a: Saturn
|-damage|p2a: Saturn|66/100
|-resisted|p2a: Saturn
|-damage|p2a: Saturn|53/100
|-resisted|p2a: Saturn
|-damage|p2a: Saturn|41/100
|-hitcount|p2a: Saturn|5
|move|p2a: Saturn|Leaf Storm|p1a: Kyurem
|-supereffective|p1a: Kyurem
|-damage|p1a: Kyurem|0 fnt
|-boost|p2a: Saturn|spa|2
|faint|p1a: Kyurem
|
|-heal|p2a: Saturn|47/100|[from] item: Leftovers
|upkeep
|
|t:|1776260076
|switch|p1a: Ogerpon|Ogerpon-Wellspring, F|100/100
|-damage|p1a: Ogerpon|88/100|[from] Stealth Rock
|turn|9
|inactive|underWATer144 has 120 seconds left.
|
|t:|1776260106
|move|p1a: Ogerpon|Trailblaze|p2a: Saturn
|-supereffective|p2a: Saturn
|-damage|p2a: Saturn|0 fnt
|-boost|p1a: Ogerpon|spe|1
|faint|p2a: Saturn
|
|upkeep
|
|t:|1776260114
|switch|p2a: Loaf|Clodsire, M|91/100
|turn|10
|inactive|underWATer144 has 120 seconds left.
|
|t:|1776260122
|move|p1a: Ogerpon|Swords Dance|p1a: Ogerpon
|-boost|p1a: Ogerpon|atk|2
|move|p2a: Loaf|Toxic|p1a: Ogerpon
|-status|p1a: Ogerpon|tox
|
|-heal|p2a: Loaf|98/100|[from] item: Leftovers
|-damage|p1a: Ogerpon|82/100 tox|[from] psn
|upkeep
|turn|11
|
|t:|1776260131
|switch|p2a: Piko|Dragonite, F|100/100
|move|p1a: Ogerpon|Horn Leech|p2a: Piko
|-resisted|p2a: Piko
|-damage|p2a: Piko|89/100
|-heal|p1a: Ogerpon|88/100 tox|[from] drain|[of] p2a: Piko
|
|-damage|p1a: Ogerpon|76/100 tox|[from] psn
|upkeep
|turn|12
|
|t:|1776260143
|move|p1a: Ogerpon|Ivy Cudgel|p2a: Piko|[anim] Ivy Cudgel Water
|-resisted|p2a: Piko
|-damage|p2a: Piko|23/100
|move|p2a: Piko|Dragon Dance|p2a: Piko
|-boost|p2a: Piko|atk|1
|-boost|p2a: Piko|spe|1
|
|-damage|p1a: Ogerpon|58/100 tox|[from] psn
|upkeep
|turn|13
|inactive|underWATer144 has 120 seconds left.
|
|t:|1776260161
|move|p1a: Ogerpon|Ivy Cudgel|p2a: Piko|[anim] Ivy Cudgel Water
|-resisted|p2a: Piko
|-damage|p2a: Piko|0 fnt
|faint|p2a: Piko
|
|-damage|p1a: Ogerpon|34/100 tox|[from] psn
|upkeep
|inactive|underWATer144 has 120 seconds left.
|
|t:|1776260169
|switch|p2a: Loaf|Clodsire, M|98/100
|turn|14
|
|t:|1776260174
|switch|p2a: Kirby|Tinkaton, F, shiny|100/100
|-ability|p2a: Kirby|Mold Breaker
|move|p1a: Ogerpon|Horn Leech|p2a: Kirby
|-resisted|p2a: Kirby
|-damage|p2a: Kirby|51/100
|-heal|p1a: Ogerpon|65/100 tox|[from] drain|[of] p2a: Kirby
|
|-heal|p2a: Kirby|57/100|[from] item: Leftovers
|-damage|p1a: Ogerpon|35/100 tox|[from] psn
|upkeep
|turn|15
|inactive|underWATer144 has 120 seconds left.
|
|t:|1776260198
|move|p1a: Ogerpon|Ivy Cudgel|p2a: Kirby|[anim] Ivy Cudgel Water
|-damage|p2a: Kirby|0 fnt
|faint|p2a: Kirby
|
|-damage|p1a: Ogerpon|0 fnt|[from] psn
|faint|p1a: Ogerpon
|upkeep
|
|t:|1776260216
|switch|p1a: Gholdengo|Gholdengo|100/100
|switch|p2a: Loaf|Clodsire, M|98/100
|-damage|p1a: Gholdengo|94/100|[from] Stealth Rock
|turn|16
|
|t:|1776260226
|move|p1a: Gholdengo|Make It Rain|p2a: Loaf
|-damage|p2a: Loaf|65/100
|-unboost|p1a: Gholdengo|spa|1
|move|p2a: Loaf|Earthquake|p1a: Gholdengo
|-supereffective|p1a: Gholdengo
|-damage|p1a: Gholdengo|28/100
|
|-heal|p2a: Loaf|72/100|[from] item: Leftovers
|upkeep
|turn|17
|
|t:|1776260235
|move|p1a: Gholdengo|Make It Rain|p2a: Loaf
|-damage|p2a: Loaf|49/100
|-unboost|p1a: Gholdengo|spa|1
|move|p2a: Loaf|Earthquake|p1a: Gholdengo
|-supereffective|p1a: Gholdengo
|-damage|p1a: Gholdengo|0 fnt
|faint|p1a: Gholdengo
|
|-heal|p2a: Loaf|56/100|[from] item: Leftovers
|upkeep
|
|t:|1776260241
|switch|p1a: Hawlucha|Hawlucha, M|100/100
|-damage|p1a: Hawlucha|88/100|[from] Stealth Rock
|turn|18
|
|t:|1776260252
|move|p1a: Hawlucha|Acrobatics|p2a: Loaf
|-damage|p2a: Loaf|29/100
|move|p2a: Loaf|Recover|p2a: Loaf
|-heal|p2a: Loaf|79/100
|
|-heal|p2a: Loaf|85/100|[from] item: Leftovers
|upkeep
|turn|19
|
|t:|1776260259
|move|p1a: Hawlucha|Drain Punch|p2a: Loaf
|-resisted|p2a: Loaf
|-damage|p2a: Loaf|68/100
|-heal|p1a: Hawlucha|100/100|[from] drain|[of] p2a: Loaf
|move|p2a: Loaf|Toxic|p1a: Hawlucha
|-status|p1a: Hawlucha|tox
|
|-heal|p2a: Loaf|74/100|[from] item: Leftovers
|-damage|p1a: Hawlucha|94/100 tox|[from] psn
|upkeep
|turn|20
|
|t:|1776260272
|move|p1a: Hawlucha|Acrobatics|p2a: Loaf
|-damage|p2a: Loaf|45/100
|move|p2a: Loaf|Recover|p2a: Loaf
|-heal|p2a: Loaf|95/100
|
|-heal|p2a: Loaf|100/100|[from] item: Leftovers
|-damage|p1a: Hawlucha|82/100 tox|[from] psn
|upkeep
|turn|21
|
|t:|1776260280
|switch|p1a: Toxapex|Toxapex, F|100/100
|-damage|p1a: Toxapex|88/100|[from] Stealth Rock
|move|p2a: Loaf|Recover||[still]
|-fail|p2a: Loaf|heal
|
|upkeep
|turn|22
|
|t:|1776260293
|move|p1a: Toxapex|Toxic|p2a: Loaf
|-immune|p2a: Loaf
|move|p2a: Loaf|Earthquake|p1a: Toxapex
|-supereffective|p1a: Toxapex
|-damage|p1a: Toxapex|53/100
|
|upkeep
|turn|23
|
|t:|1776260308
|move|p1a: Toxapex|Recover|p1a: Toxapex
|-heal|p1a: Toxapex|100/100
|move|p2a: Loaf|Recover||[still]
|-fail|p2a: Loaf|heal
|
|upkeep
|turn|24
|
|t:|1776260314
|move|p1a: Toxapex|Baneful Bunker|p1a: Toxapex
|-singleturn|p1a: Toxapex|move: Protect
|move|p2a: Loaf|Earthquake|p1a: Toxapex
|-activate|p1a: Toxapex|move: Protect
|
|upkeep
|turn|25
|
|t:|1776260320
|move|p1a: Toxapex|Chilling Water|p2a: Loaf
|-immune|p2a: Loaf|[from] ability: Water Absorb
|move|p2a: Loaf|Earthquake|p1a: Toxapex
|-supereffective|p1a: Toxapex
|-damage|p1a: Toxapex|68/100
|
|upkeep
|turn|26
|
|t:|1776260327
|move|p1a: Toxapex|Recover|p1a: Toxapex
|-heal|p1a: Toxapex|100/100
|move|p2a: Loaf|Earthquake|p1a: Toxapex
|-supereffective|p1a: Toxapex
|-damage|p1a: Toxapex|70/100
|
|upkeep
|turn|27
|
|t:|1776260332
|move|p1a: Toxapex|Baneful Bunker|p1a: Toxapex
|-singleturn|p1a: Toxapex|move: Protect
|move|p2a: Loaf|Earthquake|p1a: Toxapex
|-activate|p1a: Toxapex|move: Protect
|
|upkeep
|turn|28
|
|t:|1776260340
|move|p1a: Toxapex|Baneful Bunker|p1a: Toxapex
|-singleturn|p1a: Toxapex|move: Protect
|move|p2a: Loaf|Earthquake|p1a: Toxapex
|-activate|p1a: Toxapex|move: Protect
|
|upkeep
|turn|29
|
|t:|1776260344
|move|p1a: Toxapex|Baneful Bunker||[still]
|-fail|p1a: Toxapex
|move|p2a: Loaf|Earthquake|p1a: Toxapex
|-supereffective|p1a: Toxapex
|-damage|p1a: Toxapex|36/100
|
|upkeep
|turn|30
|
|t:|1776260351
|move|p1a: Toxapex|Recover|p1a: Toxapex
|-heal|p1a: Toxapex|87/100
|move|p2a: Loaf|Earthquake|p1a: Toxapex
|-supereffective|p1a: Toxapex
|-damage|p1a: Toxapex|56/100
|
|upkeep
|turn|31
|
|t:|1776260356
|move|p1a: Toxapex|Baneful Bunker|p1a: Toxapex
|-singleturn|p1a: Toxapex|move: Protect
|move|p2a: Loaf|Earthquake|p1a: Toxapex
|-activate|p1a: Toxapex|move: Protect
|
|upkeep
|turn|32
|
|t:|1776260361
|move|p1a: Toxapex|Baneful Bunker||[still]
|-fail|p1a: Toxapex
|move|p2a: Loaf|Earthquake|p1a: Toxapex
|-supereffective|p1a: Toxapex
|-damage|p1a: Toxapex|26/100
|
|upkeep
|turn|33
|
|t:|1776260367
|move|p1a: Toxapex|Recover|p1a: Toxapex
|-heal|p1a: Toxapex|76/100
|move|p2a: Loaf|Earthquake|p1a: Toxapex
|-supereffective|p1a: Toxapex
|-damage|p1a: Toxapex|46/100
|
|upkeep
|turn|34
|
|t:|1776260390
|move|p1a: Toxapex|Recover|p1a: Toxapex
|-heal|p1a: Toxapex|96/100
|move|p2a: Loaf|Toxic|p1a: Toxapex
|-immune|p1a: Toxapex
|
|upkeep
|turn|35
|
|t:|1776260397
|move|p1a: Toxapex|Toxic|p2a: Loaf
|-immune|p2a: Loaf
|move|p2a: Loaf|Earthquake|p1a: Toxapex
|-supereffective|p1a: Toxapex
|-damage|p1a: Toxapex|64/100
|
|upkeep
|turn|36
|
|t:|1776260406
|move|p1a: Toxapex|Toxic|p2a: Loaf
|-immune|p2a: Loaf
|move|p2a: Loaf|Earthquake|p1a: Toxapex
|-supereffective|p1a: Toxapex
|-damage|p1a: Toxapex|27/100
|
|upkeep
|turn|37
|
|t:|1776260422
|move|p1a: Toxapex|Recover|p1a: Toxapex
|-heal|p1a: Toxapex|77/100
|move|p2a: Loaf|Toxic|p1a: Toxapex
|-immune|p1a: Toxapex
|
|upkeep
|turn|38
|
|t:|1776260429
|move|p1a: Toxapex|Baneful Bunker|p1a: Toxapex
|-singleturn|p1a: Toxapex|move: Protect
|move|p2a: Loaf|Recover||[still]
|-fail|p2a: Loaf|heal
|
|upkeep
|turn|39
|
|t:|1776260438
|move|p1a: Toxapex|Toxic|p2a: Loaf
|-immune|p2a: Loaf
|move|p2a: Loaf|Stealth Rock||[still]
|-fail|p2a: Loaf
|
|upkeep
|turn|40
|
|t:|1776260445
|move|p1a: Toxapex|Chilling Water|p2a: Loaf
|-immune|p2a: Loaf|[from] ability: Water Absorb
|move|p2a: Loaf|Stealth Rock||[still]
|-fail|p2a: Loaf
|
|upkeep
|turn|41
|
|t:|1776260450
|move|p1a: Toxapex|Chilling Water|p2a: Loaf
|-immune|p2a: Loaf|[from] ability: Water Absorb
|move|p2a: Loaf|Stealth Rock||[still]
|-fail|p2a: Loaf
|
|upkeep
|turn|42
|
|t:|1776260455
|move|p1a: Toxapex|Chilling Water|p2a: Loaf
|-immune|p2a: Loaf|[from] ability: Water Absorb
|move|p2a: Loaf|Stealth Rock||[still]
|-fail|p2a: Loaf
|
|upkeep
|turn|43
|
|t:|1776260460
|move|p1a: Toxapex|Chilling Water|p2a: Loaf
|-immune|p2a: Loaf|[from] ability: Water Absorb
|move|p2a: Loaf|Stealth Rock||[still]
|-fail|p2a: Loaf
|
|upkeep
|turn|44
|
|t:|1776260465
|move|p1a: Toxapex|Chilling Water|p2a: Loaf
|-immune|p2a: Loaf|[from] ability: Water Absorb
|move|p2a: Loaf|Stealth Rock||[still]
|-fail|p2a: Loaf
|
|upkeep
|turn|45
|
|t:|1776260470
|move|p1a: Toxapex|Chilling Water|p2a: Loaf
|-immune|p2a: Loaf|[from] ability: Water Absorb
|move|p2a: Loaf|Stealth Rock||[still]
|-fail|p2a: Loaf
|
|upkeep
|turn|46
|
|t:|1776260475
|move|p1a: Toxapex|Chilling Water|p2a: Loaf
|-immune|p2a: Loaf|[from] ability: Water Absorb
|move|p2a: Loaf|Stealth Rock||[still]
|-fail|p2a: Loaf
|
|upkeep
|turn|47
|
|t:|1776260480
|move|p1a: Toxapex|Chilling Water|p2a: Loaf
|-immune|p2a: Loaf|[from] ability: Water Absorb
|move|p2a: Loaf|Stealth Rock||[still]
|-fail|p2a: Loaf
|
|upkeep
|turn|48
|
|t:|1776260484
|move|p1a: Toxapex|Chilling Water|p2a: Loaf
|-immune|p2a: Loaf|[from] ability: Water Absorb
|move|p2a: Loaf|Stealth Rock||[still]
|-fail|p2a: Loaf
|
|upkeep
|turn|49
|inactive|underWATer144 has 120 seconds left.
|
|t:|1776260526
|move|p1a: Toxapex|Chilling Water|p2a: Loaf
|-immune|p2a: Loaf|[from] ability: Water Absorb
|move|p2a: Loaf|Stealth Rock||[still]
|-fail|p2a: Loaf
|
|upkeep
|turn|50
|
|t:|1776260532
|move|p1a: Toxapex|Chilling Water|p2a: Loaf
|-immune|p2a: Loaf|[from] ability: Water Absorb
|move|p2a: Loaf|Stealth Rock||[still]
|-fail|p2a: Loaf
|
|upkeep
|turn|51
|c|☆phaitos|gg
|
|t:|1776260538
|move|p1a: Toxapex|Chilling Water|p2a: Loaf
|-immune|p2a: Loaf|[from] ability: Water Absorb
|move|p2a: Loaf|Stealth Rock||[still]
|-fail|p2a: Loaf
|
|upkeep
|turn|52
|c|☆underWATer144|ggs
|
|t:|1776260546
|move|p1a: Toxapex|Chilling Water|p2a: Loaf
|-immune|p2a: Loaf|[from] ability: Water Absorb
|move|p2a: Loaf|Stealth Rock||[still]
|-fail|p2a: Loaf
|
|upkeep
|turn|53
|
|t:|1776260553
|move|p1a: Toxapex|Chilling Water|p2a: Loaf
|-immune|p2a: Loaf|[from] ability: Water Absorb
|move|p2a: Loaf|Stealth Rock||[still]
|-fail|p2a: Loaf
|
|upkeep
|turn|54
|
|t:|1776260558
|move|p1a: Toxapex|Chilling Water|p2a: Loaf
|-immune|p2a: Loaf|[from] ability: Water Absorb
|move|p2a: Loaf|Stealth Rock||[still]
|-fail|p2a: Loaf
|
|upkeep
|turn|55
|
|t:|1776260563
|move|p1a: Toxapex|Chilling Water|p2a: Loaf
|-immune|p2a: Loaf|[from] ability: Water Absorb
|move|p2a: Loaf|Stealth Rock||[still]
|-fail|p2a: Loaf
|
|upkeep
|turn|56
|
|t:|1776260568
|move|p1a: Toxapex|Chilling Water|p2a: Loaf
|-immune|p2a: Loaf|[from] ability: Water Absorb
|move|p2a: Loaf|Stealth Rock||[still]
|-fail|p2a: Loaf
|
|upkeep
|turn|57
|
|t:|1776260574
|move|p1a: Toxapex|Chilling Water|p2a: Loaf
|-immune|p2a: Loaf|[from] ability: Water Absorb
|move|p2a: Loaf|Stealth Rock||[still]
|-fail|p2a: Loaf
|
|upkeep
|turn|58
|
|t:|1776260578
|move|p1a: Toxapex|Chilling Water|p2a: Loaf
|-immune|p2a: Loaf|[from] ability: Water Absorb
|move|p2a: Loaf|Stealth Rock||[still]
|-fail|p2a: Loaf
|
|upkeep
|turn|59
|
|t:|1776260588
|move|p1a: Toxapex|Chilling Water|p2a: Loaf
|-immune|p2a: Loaf|[from] ability: Water Absorb
|move|p2a: Loaf|Stealth Rock||[still]
|-fail|p2a: Loaf
|
|upkeep
|turn|60
|
|t:|1776260594
|move|p1a: Toxapex|Chilling Water|p2a: Loaf
|-immune|p2a: Loaf|[from] ability: Water Absorb
|move|p2a: Loaf|Stealth Rock||[still]
|-fail|p2a: Loaf
|
|upkeep
|turn|61
|
|t:|1776260599
|move|p1a: Toxapex|Chilling Water|p2a: Loaf
|-immune|p2a: Loaf|[from] ability: Water Absorb
|move|p2a: Loaf|Toxic|p1a: Toxapex
|-immune|p1a: Toxapex
|
|upkeep
|turn|62
|
|t:|1776260604
|move|p1a: Toxapex|Chilling Water|p2a: Loaf
|-immune|p2a: Loaf|[from] ability: Water Absorb
|move|p2a: Loaf|Toxic|p1a: Toxapex
|-immune|p1a: Toxapex
|
|upkeep
|turn|63
|
|t:|1776260610
|move|p1a: Toxapex|Chilling Water|p2a: Loaf
|-immune|p2a: Loaf|[from] ability: Water Absorb
|move|p2a: Loaf|Toxic|p1a: Toxapex
|-immune|p1a: Toxapex
|
|upkeep
|turn|64
|
|t:|1776260615
|move|p1a: Toxapex|Chilling Water|p2a: Loaf
|-immune|p2a: Loaf|[from] ability: Water Absorb
|move|p2a: Loaf|Toxic|p1a: Toxapex
|-immune|p1a: Toxapex
|
|upkeep
|turn|65
|
|t:|1776260621
|move|p1a: Toxapex|Chilling Water|p2a: Loaf
|-immune|p2a: Loaf|[from] ability: Water Absorb
|move|p2a: Loaf|Stealth Rock||[still]
|-fail|p2a: Loaf
|
|upkeep
|turn|66
|
|t:|1776260626
|move|p1a: Toxapex|Chilling Water|p2a: Loaf
|-immune|p2a: Loaf|[from] ability: Water Absorb
|move|p2a: Loaf|Stealth Rock||[still]
|-fail|p2a: Loaf
|
|upkeep
|turn|67
|
|t:|1776260631
|move|p1a: Toxapex|Chilling Water|p2a: Loaf
|-immune|p2a: Loaf|[from] ability: Water Absorb
|move|p2a: Loaf|Stealth Rock||[still]
|-fail|p2a: Loaf
|
|upkeep
|turn|68
|
|t:|1776260637
|move|p1a: Toxapex|Chilling Water|p2a: Loaf
|-immune|p2a: Loaf|[from] ability: Water Absorb
|move|p2a: Loaf|Stealth Rock||[still]
|-fail|p2a: Loaf
|
|upkeep
|turn|69
|
|t:|1776260642
|move|p1a: Toxapex|Chilling Water|p2a: Loaf
|-immune|p2a: Loaf|[from] ability: Water Absorb
|move|p2a: Loaf|Stealth Rock||[still]
|-fail|p2a: Loaf
|
|upkeep
|turn|70
|
|t:|1776260650
|move|p1a: Toxapex|Chilling Water|p2a: Loaf
|-immune|p2a: Loaf|[from] ability: Water Absorb
|move|p2a: Loaf|Toxic|p1a: Toxapex
|-immune|p1a: Toxapex
|
|upkeep
|turn|71
|
|t:|1776260676
|move|p1a: Toxapex|Toxic|p2a: Loaf
|-immune|p2a: Loaf
|move|p2a: Loaf|Stealth Rock||[still]
|-fail|p2a: Loaf
|
|upkeep
|turn|72
|
|t:|1776260685
|move|p1a: Toxapex|Toxic|p2a: Loaf
|-immune|p2a: Loaf
|move|p2a: Loaf|Toxic|p1a: Toxapex
|-immune|p1a: Toxapex
|
|upkeep
|turn|73
|
|t:|1776260690
|move|p1a: Toxapex|Toxic|p2a: Loaf
|-immune|p2a: Loaf
|move|p2a: Loaf|Toxic|p1a: Toxapex
|-immune|p1a: Toxapex
|
|upkeep
|turn|74
|
|t:|1776260695
|move|p1a: Toxapex|Toxic|p2a: Loaf
|-immune|p2a: Loaf
|move|p2a: Loaf|Toxic|p1a: Toxapex
|-immune|p1a: Toxapex
|
|upkeep
|turn|75
|
|t:|1776260701
|move|p1a: Toxapex|Toxic|p2a: Loaf
|-immune|p2a: Loaf
|move|p2a: Loaf|Toxic|p1a: Toxapex
|-immune|p1a: Toxapex
|
|upkeep
|turn|76
|
|t:|1776260706
|move|p1a: Toxapex|Toxic|p2a: Loaf
|-immune|p2a: Loaf
|move|p2a: Loaf|Stealth Rock||[still]
|-fail|p2a: Loaf
|
|upkeep
|turn|77
|
|t:|1776260711
|move|p1a: Toxapex|Toxic|p2a: Loaf
|-immune|p2a: Loaf
|move|p2a: Loaf|Toxic|p1a: Toxapex
|-immune|p1a: Toxapex
|
|upkeep
|turn|78
|
|t:|1776260716
|move|p1a: Toxapex|Toxic|p2a: Loaf
|-immune|p2a: Loaf
|move|p2a: Loaf|Toxic|p1a: Toxapex
|-immune|p1a: Toxapex
|
|upkeep
|turn|79
|
|t:|1776260722
|move|p1a: Toxapex|Toxic|p2a: Loaf
|-immune|p2a: Loaf
|move|p2a: Loaf|Stealth Rock||[still]
|-fail|p2a: Loaf
|
|upkeep
|turn|80
|
|t:|1776260727
|move|p1a: Toxapex|Toxic|p2a: Loaf
|-immune|p2a: Loaf
|move|p2a: Loaf|Stealth Rock||[still]
|-fail|p2a: Loaf
|
|upkeep
|turn|81
|
|t:|1776260733
|move|p1a: Toxapex|Toxic|p2a: Loaf
|-immune|p2a: Loaf
|move|p2a: Loaf|Recover||[still]
|-fail|p2a: Loaf|heal
|
|upkeep
|turn|82
|
|t:|1776260738
|move|p1a: Toxapex|Toxic|p2a: Loaf
|-immune|p2a: Loaf
|move|p2a: Loaf|Recover||[still]
|-fail|p2a: Loaf|heal
|
|upkeep
|turn|83
|
|t:|1776260743
|move|p1a: Toxapex|Baneful Bunker|p1a: Toxapex
|-singleturn|p1a: Toxapex|move: Protect
|move|p2a: Loaf|Recover||[still]
|-fail|p2a: Loaf|heal
|
|upkeep
|turn|84
|
|t:|1776260749
|move|p1a: Toxapex|Recover|p1a: Toxapex
|-heal|p1a: Toxapex|100/100
|-activate|p2a: Loaf|move: Struggle
|move|p2a: Loaf|Struggle|p1a: Toxapex
|-damage|p1a: Toxapex|95/100
|-damage|p2a: Loaf|75/100|[from] recoil
|
|-heal|p2a: Loaf|82/100|[from] item: Leftovers
|upkeep
|turn|85
|
|t:|1776260758
|move|p1a: Toxapex|Baneful Bunker|p1a: Toxapex
|-singleturn|p1a: Toxapex|move: Protect
|-activate|p2a: Loaf|move: Struggle
|move|p2a: Loaf|Struggle|p1a: Toxapex
|-activate|p1a: Toxapex|move: Protect
|
|-heal|p2a: Loaf|88/100|[from] item: Leftovers
|upkeep
|turn|86
|
|t:|1776260764
|move|p1a: Toxapex|Recover|p1a: Toxapex
|-heal|p1a: Toxapex|100/100
|-activate|p2a: Loaf|move: Struggle
|move|p2a: Loaf|Struggle|p1a: Toxapex
|-damage|p1a: Toxapex|95/100
|-damage|p2a: Loaf|63/100|[from] recoil
|
|-heal|p2a: Loaf|69/100|[from] item: Leftovers
|upkeep
|turn|87
|
|t:|1776260773
|switch|p1a: Hawlucha|Hawlucha, M|82/100 tox
|-damage|p1a: Hawlucha|70/100 tox|[from] Stealth Rock
|-activate|p2a: Loaf|move: Struggle
|move|p2a: Loaf|Struggle|p1a: Hawlucha
|-damage|p1a: Hawlucha|57/100 tox
|-damage|p2a: Loaf|44/100|[from] recoil
|
|-heal|p2a: Loaf|50/100|[from] item: Leftovers
|-damage|p1a: Hawlucha|51/100 tox|[from] psn
|upkeep
|turn|88
|
|t:|1776260783
|move|p1a: Hawlucha|Drain Punch|p2a: Loaf
|-resisted|p2a: Loaf
|-damage|p2a: Loaf|30/100
|-heal|p1a: Hawlucha|67/100 tox|[from] drain|[of] p2a: Loaf
|-activate|p2a: Loaf|move: Struggle
|move|p2a: Loaf|Struggle|p1a: Hawlucha
|-damage|p1a: Hawlucha|54/100 tox
|-damage|p2a: Loaf|5/100|[from] recoil
|
|-heal|p2a: Loaf|12/100|[from] item: Leftovers
|-damage|p1a: Hawlucha|42/100 tox|[from] psn
|upkeep
|turn|89
|c|☆underWATer144|ggs
|
|t:|1776260796
|move|p1a: Hawlucha|Drain Punch|p2a: Loaf
|-resisted|p2a: Loaf
|-damage|p2a: Loaf|0 fnt
|-heal|p1a: Hawlucha|50/100 tox|[from] drain|[of] p2a: Loaf
|faint|p2a: Loaf
|
|win|phaitos
|raw|phaitos's rating: 1086 &rarr; <strong>1115</strong><br />(+29 for winning)
|raw|underWATer144's rating: 1114 &rarr; <strong>1087</strong><br />(-27 for losing)
|c|☆phaitos|gg
|l|☆underWATer144
|player|p2|
