|html|<div class="broadcast-blue"><strong>[Gen 9] OU is currently suspecting Tera Blast! For information on how to participate check out the <a href="https://www.smogon.com/tools/suspects/view/200">suspect thread</a>.</strong></div>
|j|☆samroyal
|j|☆cwilky55
|t:|1776057698
|gametype|singles
|player|p1|samroyal|veteran|1098
|player|p2|cwilky55|1|1084
|gen|9
|tier|[Gen 9] OU
|rated|
|rule|HP Percentage Mod: HP is shown in percentages
|rule|Endless Battle Clause: Forcing endless battles is banned
|rule|Species Clause: Limit one of each Pokémon
|rule|OHKO Clause: OHKO moves are banned
|rule|Evasion Items Clause: Evasion items are banned
|rule|Evasion Moves Clause: Evasion moves are banned
|rule|Evasion Abilities Clause: Evasion abilities are banned
|rule|Sleep Moves Clause: Sleep-inducing moves are banned
|clearpoke
|poke|p1|Garchomp, M|
|poke|p1|Tyranitar, M|
|poke|p1|Serperior, F|
|poke|p1|Clefable, F|
|poke|p1|Great Tusk|
|poke|p1|Iron Crown|
|poke|p2|Chandelure, M|
|poke|p2|Grimmsnarl, M|
|poke|p2|Sandy Shocks|
|poke|p2|Reuniclus, F|
|poke|p2|Goodra, F|
|poke|p2|Glimmora, F|
|teampreview
|
|t:|1776057705
|teamsize|p1|6
|teamsize|p2|6
|start
|switch|p1a: Iron Crown|Iron Crown|100/100
|switch|p2a: Glimmora|Glimmora, F|100/100
|turn|1
|inactive|Battle timer is ON: inactive players will automatically lose when time's up. (requested by samroyal)
|
|t:|1776057725
|switch|p2a: Grimmsnarl|Grimmsnarl, M|100/100
|move|p1a: Iron Crown|Tachyon Cutter|p2a: Grimmsnarl
|-supereffective|p2a: Grimmsnarl
|-damage|p2a: Grimmsnarl|56/100
|-supereffective|p2a: Grimmsnarl
|-damage|p2a: Grimmsnarl|11/100
|-hitcount|p2a: Grimmsnarl|2
|
|-heal|p2a: Grimmsnarl|17/100|[from] item: Leftovers
|upkeep
|turn|2
|
|t:|1776057737
|move|p2a: Grimmsnarl|Sucker Punch|p1a: Iron Crown
|-supereffective|p1a: Iron Crown
|-damage|p1a: Iron Crown|44/100
|move|p1a: Iron Crown|Volt Switch|p2a: Grimmsnarl
|-damage|p2a: Grimmsnarl|0 fnt
|faint|p2a: Grimmsnarl
|
|t:|1776057745
|-end|p1a: Iron Crown|Quark Drive|[silent]
|switch|p1a: Clefable|Clefable, F|100/100|[from] Volt Switch
|
|upkeep
|
|t:|1776057763
|switch|p2a: Sandy Shocks|Sandy Shocks|100/100
|-enditem|p2a: Sandy Shocks|Booster Energy
|-activate|p2a: Sandy Shocks|ability: Protosynthesis|[fromitem]
|-start|p2a: Sandy Shocks|protosynthesisspa
|turn|3
|
|t:|1776057769
|move|p2a: Sandy Shocks|Flash Cannon|p1a: Clefable
|-supereffective|p1a: Clefable
|-damage|p1a: Clefable|35/100
|move|p1a: Clefable|Wish|p1a: Clefable
|
|-heal|p1a: Clefable|41/100|[from] item: Leftovers
|upkeep
|turn|4
|
|t:|1776057785
|switch|p1a: Iron Crown|Iron Crown|44/100
|move|p2a: Sandy Shocks|Flash Cannon|p1a: Iron Crown
|-resisted|p1a: Iron Crown
|-damage|p1a: Iron Crown|32/100
|
|-heal|p1a: Iron Crown|93/100|[from] move: Wish|[wisher] Clefable
|upkeep
|turn|5
|
|t:|1776057797
|move|p2a: Sandy Shocks|Earth Power|p1a: Iron Crown
|-supereffective|p1a: Iron Crown
|-damage|p1a: Iron Crown|21/100
|move|p1a: Iron Crown|Psychic Noise|p2a: Sandy Shocks
|-damage|p2a: Sandy Shocks|52/100
|-start|p2a: Sandy Shocks|move: Heal Block
|
|upkeep
|turn|6
|
|t:|1776057810
|-end|p1a: Iron Crown|Quark Drive|[silent]
|switch|p1a: Serperior|Serperior, F|100/100
|move|p2a: Sandy Shocks|Earth Power|p1a: Serperior
|-resisted|p1a: Serperior
|-damage|p1a: Serperior|65/100
|
|-heal|p1a: Serperior|71/100|[from] item: Leftovers
|-end|p2a: Sandy Shocks|move: Heal Block
|upkeep
|turn|7
|
|t:|1776057835
|-end|p2a: Sandy Shocks|Protosynthesis|[silent]
|switch|p2a: Goodra|Goodra, F|100/100
|move|p1a: Serperior|Leaf Storm|p2a: Goodra
|-ability|p2a: Goodra|Sap Sipper|boost
|-boost|p2a: Goodra|atk|1
|
|-heal|p1a: Serperior|77/100|[from] item: Leftovers
|upkeep
|turn|8
|inactive|cwilky55 has 120 seconds left.
|
|t:|1776057864
|move|p1a: Serperior|Dragon Pulse|p2a: Goodra
|-supereffective|p2a: Goodra
|-damage|p2a: Goodra|82/100
|move|p2a: Goodra|Earthquake|p1a: Serperior
|-resisted|p1a: Serperior
|-damage|p1a: Serperior|48/100
|
|-heal|p1a: Serperior|54/100|[from] item: Leftovers
|upkeep
|turn|9
|
|t:|1776057877
|switch|p1a: Garchomp|Garchomp, M|100/100
|move|p2a: Goodra|Dragon Claw|p1a: Garchomp
|-supereffective|p1a: Garchomp
|-damage|p1a: Garchomp|0 fnt
|-damage|p2a: Goodra|70/100|[from] ability: Rough Skin|[of] p1a: Garchomp
|-damage|p2a: Goodra|54/100|[from] item: Rocky Helmet|[of] p1a: Garchomp
|faint|p1a: Garchomp
|
|upkeep
|-message|samroyal forfeited.
|
|win|cwilky55
|raw|samroyal's rating: 1098 &rarr; <strong>1072</strong><br />(-26 for losing)
|raw|cwilky55's rating: 1084 &rarr; <strong>1113</strong><br />(+29 for winning)
|l|☆samroyal
|player|p1|
|l|☆cwilky55
|player|p2|
