|html|<div class="broadcast-blue"><strong>[Gen 9] OU is currently suspecting Tera Blast! For information on how to participate check out the <a href="https://www.smogon.com/tools/suspects/view/200">suspect thread</a>.</strong></div>
|j|☆RoLi404
|j|☆HigherThanRotom-F
|t:|1776056117
|gametype|singles
|player|p1|RoLi404|jacinthe|1720
|player|p2|HigherThanRotom-F|zinnia|1681
|gen|9
|tier|[Gen 9] OU
|rated|
|rule|HP Percentage Mod: HP is shown in percentages
|rule|Endless Battle Clause: Forcing endless battles is banned
|rule|Species Clause: Limit one of each Pokémon
|rule|OHKO Clause: OHKO moves are banned
|rule|Evasion Items Clause: Evasion items are banned
|rule|Evasion Moves Clause: Evasion moves are banned
|rule|Evasion Abilities Clause: Evasion abilities are banned
|rule|Sleep Moves Clause: Sleep-inducing moves are banned
|clearpoke
|poke|p1|Primarina, M|
|poke|p1|Great Tusk|
|poke|p1|Enamorus, F|
|poke|p1|Slowking-Galar, M|
|poke|p1|Ogerpon, F|
|poke|p1|Kingambit, M|
|poke|p2|Pelipper, M|
|poke|p2|Raging Bolt|
|poke|p2|Landorus-Therian, M|
|poke|p2|Barraskewda, F|
|poke|p2|Iron Treads|
|poke|p2|Kingambit, M|
|teampreview
|inactive|Battle timer is ON: inactive players will automatically lose when time's up. (requested by RoLi404)
|
|t:|1776056129
|teamsize|p1|6
|teamsize|p2|6
|start
|switch|p1a: Celestine|Primarina, M, shiny|100/100
|switch|p2a: Iron Treads|Iron Treads|100/100
|-enditem|p2a: Iron Treads|Booster Energy
|-activate|p2a: Iron Treads|ability: Quark Drive|[fromitem]
|-start|p2a: Iron Treads|quarkdrivespe
|turn|1
|
|t:|1776056133
|move|p2a: Iron Treads|Steel Beam|p1a: Celestine
|-damage|p1a: Celestine|42/100
|-damage|p2a: Iron Treads|50/100|[from] steelbeam
|move|p1a: Celestine|Psychic Noise|p2a: Iron Treads
|-supereffective|p2a: Iron Treads
|-damage|p2a: Iron Treads|0 fnt
|faint|p2a: Iron Treads
|-end|p2a: Iron Treads|Quark Drive|[silent]
|
|-heal|p1a: Celestine|48/100|[from] item: Leftovers
|upkeep
|
|t:|1776056147
|switch|p2a: Landorus|Landorus-Therian, M|100/100
|-ability|p2a: Landorus|Intimidate|boost
|-unboost|p1a: Celestine|atk|1
|turn|2
|
|t:|1776056155
|switch|p1a: Gin|Enamorus, F, shiny|100/100
|move|p2a: Landorus|Earthquake|p1a: Gin
|-immune|p1a: Gin
|
|upkeep
|turn|3
|
|t:|1776056159
|switch|p2a: Kingambit|Kingambit, M|100/100
|-activate|p2a: Kingambit|ability: Supreme Overlord
|-start|p2a: Kingambit|fallen1|[silent]
|move|p1a: Gin|Moonblast|p2a: Kingambit
|-damage|p2a: Kingambit|50/100
|
|-heal|p2a: Kingambit|57/100|[from] item: Leftovers
|upkeep
|turn|4
|
|t:|1776056163
|switch|p1a: Behemoth|Great Tusk, shiny|100/100
|-end|p2a: Kingambit|fallen1|[silent]
|switch|p2a: Pelipper|Pelipper, M|100/100
|-weather|RainDance|[from] ability: Drizzle|[of] p2a: Pelipper
|
|-weather|RainDance|[upkeep]
|upkeep
|turn|5
|
|t:|1776056170
|-end|p1a: Behemoth|Protosynthesis|[silent]
|switch|p1a: Mantra|Slowking-Galar, M, shiny|100/100
|move|p2a: Pelipper|Hurricane|p1a: Mantra
|-damage|p1a: Mantra|81/100
|
|-weather|RainDance|[upkeep]
|upkeep
|turn|6
|j| Goldman100000
|
|t:|1776056173
|move|p2a: Pelipper|U-turn|p1a: Mantra
|-damage|p1a: Mantra|74/100
|
|t:|1776056177
|switch|p2a: Barraskewda|Barraskewda, F|100/100|[from] U-turn
|move|p1a: Mantra|Ice Beam|p2a: Barraskewda
|-resisted|p2a: Barraskewda
|-damage|p2a: Barraskewda|77/100
|
|-weather|RainDance|[upkeep]
|upkeep
|turn|7
|
|t:|1776056188
|switch|p1a: Celestine|Primarina, M, shiny|48/100
|move|p2a: Barraskewda|Liquidation|p1a: Celestine
|-resisted|p1a: Celestine
|-damage|p1a: Celestine|0 fnt
|faint|p1a: Celestine
|
|-weather|RainDance|[upkeep]
|upkeep
|
|t:|1776056192
|switch|p1a: Anonymous|Ogerpon, F|100/100
|turn|8
|
|t:|1776056197
|switch|p2a: Landorus|Landorus-Therian, M|100/100
|-ability|p2a: Landorus|Intimidate|boost
|-unboost|p1a: Anonymous|atk|1
|-ability|p1a: Anonymous|Defiant|boost
|-boost|p1a: Anonymous|atk|2
|move|p1a: Anonymous|Ivy Cudgel|p2a: Landorus
|-damage|p2a: Landorus|0 fnt
|faint|p2a: Landorus
|
|-weather|RainDance|[upkeep]
|upkeep
|
|t:|1776056203
|switch|p2a: Pelipper|Pelipper, M|100/100
|turn|9
|
|t:|1776056213
|-terastallize|p1a: Anonymous|Grass
|detailschange|p1a: Anonymous|Ogerpon-Teal-Tera, F, tera:Grass
|-ability|p1a: Anonymous|Embody Aspect (Teal)|boost
|-boost|p1a: Anonymous|spe|1
|move|p1a: Anonymous|Ivy Cudgel|p2a: Pelipper
|-damage|p2a: Pelipper|0 fnt
|faint|p2a: Pelipper
|
|-weather|RainDance|[upkeep]
|upkeep
|
|t:|1776056221
|switch|p2a: Raging Bolt|Raging Bolt|100/100
|-enditem|p2a: Raging Bolt|Booster Energy
|-activate|p2a: Raging Bolt|ability: Protosynthesis|[fromitem]
|-start|p2a: Raging Bolt|protosynthesisspa
|turn|10
|
|t:|1776056226
|move|p1a: Anonymous|Ivy Cudgel|p2a: Raging Bolt
|-resisted|p2a: Raging Bolt
|-damage|p2a: Raging Bolt|37/100
|move|p2a: Raging Bolt|Draco Meteor|p1a: Anonymous
|-damage|p1a: Anonymous|0 fnt
|-unboost|p2a: Raging Bolt|spa|2
|faint|p1a: Anonymous
|detailschange|p1: Anonymous|Ogerpon, F|[silent]
|
|-weather|RainDance|[upkeep]
|upkeep
|
|t:|1776056231
|switch|p1a: Behemoth|Great Tusk, shiny|100/100
|turn|11
|j| Disscratch
|
|t:|1776056246
|move|p1a: Behemoth|Rapid Spin|p2a: Raging Bolt
|-damage|p2a: Raging Bolt|22/100
|-boost|p1a: Behemoth|spe|1
|move|p2a: Raging Bolt|Weather Ball|p1a: Behemoth
|-supereffective|p1a: Behemoth
|-damage|p1a: Behemoth|0 fnt
|faint|p1a: Behemoth
|-end|p1a: Behemoth|Protosynthesis|[silent]
|
|-weather|none
|upkeep
|
|t:|1776056256
|switch|p1a: Overgod|Kingambit, M, shiny|100/100
|-activate|p1a: Overgod|ability: Supreme Overlord
|-start|p1a: Overgod|fallen3|[silent]
|turn|12
|
|t:|1776056261
|move|p2a: Raging Bolt|Thunder|p1a: Overgod|[miss]
|-miss|p2a: Raging Bolt|p1a: Overgod
|move|p1a: Overgod|Swords Dance|p1a: Overgod
|-boost|p1a: Overgod|atk|2
|
|upkeep
|turn|13
|
|t:|1776056264
|move|p1a: Overgod|Sucker Punch|p2a: Raging Bolt
|-damage|p2a: Raging Bolt|0 fnt
|faint|p2a: Raging Bolt
|-end|p2a: Raging Bolt|Protosynthesis|[silent]
|
|upkeep
|
|t:|1776056269
|switch|p2a: Kingambit|Kingambit, M|57/100
|-activate|p2a: Kingambit|ability: Supreme Overlord
|-start|p2a: Kingambit|fallen4|[silent]
|turn|14
|
|t:|1776056272
|move|p2a: Kingambit|Kowtow Cleave|p1a: Overgod
|-resisted|p1a: Overgod
|-crit|p1a: Overgod
|-damage|p1a: Overgod|61/100
|move|p1a: Overgod|Kowtow Cleave|p2a: Kingambit
|-resisted|p2a: Kingambit
|-damage|p2a: Kingambit|13/100
|
|-heal|p2a: Kingambit|19/100|[from] item: Leftovers
|-heal|p1a: Overgod|67/100|[from] item: Leftovers
|upkeep
|turn|15
|
|t:|1776056276
|move|p2a: Kingambit|Kowtow Cleave|p1a: Overgod
|-resisted|p1a: Overgod
|-damage|p1a: Overgod|43/100
|move|p1a: Overgod|Kowtow Cleave|p2a: Kingambit
|-resisted|p2a: Kingambit
|-crit|p2a: Kingambit
|-damage|p2a: Kingambit|0 fnt
|faint|p2a: Kingambit
|-end|p2a: Kingambit|fallen4|[silent]
|
|-heal|p1a: Overgod|49/100|[from] item: Leftovers
|upkeep
|
|t:|1776056278
|switch|p2a: Barraskewda|Barraskewda, F|77/100
|turn|16
|
|t:|1776056279
|-terastallize|p2a: Barraskewda|Water
|move|p2a: Barraskewda|Aqua Jet|p1a: Overgod
|-damage|p1a: Overgod|17/100
|move|p1a: Overgod|Sucker Punch||[still]
|-fail|p1a: Overgod
|
|-heal|p1a: Overgod|23/100|[from] item: Leftovers
|upkeep
|turn|17
|
|t:|1776056285
|move|p2a: Barraskewda|Aqua Jet|p1a: Overgod
|-damage|p1a: Overgod|0 fnt
|faint|p1a: Overgod
|-end|p1a: Overgod|fallen3|[silent]
|
|upkeep
|
|t:|1776056290
|switch|p1a: Gin|Enamorus, F, shiny|100/100
|turn|18
|
|t:|1776056291
|move|p2a: Barraskewda|Aqua Jet|p1a: Gin
|-damage|p1a: Gin|33/100
|move|p1a: Gin|Moonblast|p2a: Barraskewda
|-damage|p2a: Barraskewda|0 fnt
|faint|p2a: Barraskewda
|
|win|RoLi404
|raw|RoLi404's rating: 1720 &rarr; <strong>1738</strong><br />(+18 for winning)
|raw|HigherThanRotom-F's rating: 1681 &rarr; <strong>1663</strong><br />(-18 for losing)
|l|☆RoLi404
|player|p1|
|l|☆HigherThanRotom-F
|player|p2|
|l| Disscratch
