|html|<div class="broadcast-blue"><strong>[Gen 9] OU is currently suspecting Tera Blast! For information on how to participate check out the <a href="https://www.smogon.com/tools/suspects/view/200">suspect thread</a>.</strong></div>
|j|☆llaves tipos god
|j|☆CilenTreeco
|t:|1776068463
|gametype|singles
|player|p1|llaves tipos god|flannery|1138
|player|p2|CilenTreeco|2|1175
|gen|9
|tier|[Gen 9] OU
|rated|
|rule|HP Percentage Mod: HP is shown in percentages
|rule|Endless Battle Clause: Forcing endless battles is banned
|rule|Species Clause: Limit one of each Pokémon
|rule|OHKO Clause: OHKO moves are banned
|rule|Evasion Items Clause: Evasion items are banned
|rule|Evasion Moves Clause: Evasion moves are banned
|rule|Evasion Abilities Clause: Evasion abilities are banned
|rule|Sleep Moves Clause: Sleep-inducing moves are banned
|clearpoke
|poke|p1|Azelf|
|poke|p1|Gholdengo|
|poke|p1|Sableye, F|
|poke|p1|Greninja-*, F|
|poke|p1|Primarina, F|
|poke|p1|Great Tusk|
|poke|p2|Quaquaval, F|
|poke|p2|Sinistcha-Masterpiece|
|poke|p2|Armarouge, F|
|poke|p2|Goodra-Hisui, F|
|poke|p2|Enamorus, F|
|poke|p2|Persian, F|
|teampreview
|inactive|Battle timer is ON: inactive players will automatically lose when time's up. (requested by llaves tipos god)
|
|t:|1776068477
|teamsize|p1|6
|teamsize|p2|6
|start
|switch|p1a: Sableye|Sableye, F|100/100
|switch|p2a: Persian|Persian, F, shiny|100/100
|turn|1
|
|t:|1776068480
|move|p1a: Sableye|Reflect|p1a: Sableye
|-sidestart|p1: llaves tipos god|Reflect
|move|p2a: Persian|Taunt|p1a: Sableye
|-start|p1a: Sableye|move: Taunt
|
|upkeep
|turn|2
|
|t:|1776068496
|switch|p1a: Great Tusk|Great Tusk|100/100
|move|p2a: Persian|Taunt|p1a: Great Tusk
|-start|p1a: Great Tusk|move: Taunt
|
|upkeep
|turn|3
|
|t:|1776068510
|switch|p2a: Sinistcha|Sinistcha-Masterpiece, shiny|100/100
|move|p1a: Great Tusk|Ice Spinner|p2a: Sinistcha
|-supereffective|p2a: Sinistcha
|-damage|p2a: Sinistcha|56/100
|
|upkeep
|turn|4
|
|t:|1776068533
|-end|p1a: Great Tusk|Protosynthesis|[silent]
|switch|p1a: Sableye|Sableye, F|100/100
|move|p2a: Sinistcha|Matcha Gotcha|p1a: Sableye|[miss]
|-miss|p2a: Sinistcha|p1a: Sableye
|
|upkeep
|turn|5
|inactive|llaves tipos god has 120 seconds left.
|
|t:|1776068550
|switch|p2a: Persian|Persian, F, shiny|100/100
|move|p1a: Sableye|Light Screen|p1a: Sableye
|-sidestart|p1: llaves tipos god|move: Light Screen
|
|-sideend|p1: llaves tipos god|Reflect
|upkeep
|turn|6
|
|t:|1776068558
|move|p1a: Sableye|Trick|p2a: Persian
|-activate|p1a: Sableye|move: Trick|[of] p2a: Persian
|-item|p2a: Persian|Iron Ball|[from] move: Trick
|-item|p1a: Sableye|Choice Scarf|[from] move: Trick
|move|p2a: Persian|Switcheroo|p1a: Sableye
|-activate|p2a: Persian|move: Trick|[of] p1a: Sableye
|-item|p1a: Sableye|Iron Ball|[from] move: Switcheroo
|-item|p2a: Persian|Choice Scarf|[from] move: Switcheroo
|
|upkeep
|turn|7
|inactive|llaves tipos god has 120 seconds left.
|
|t:|1776068578
|move|p1a: Sableye|Trick|p2a: Persian
|-activate|p1a: Sableye|move: Trick|[of] p2a: Persian
|-item|p2a: Persian|Iron Ball|[from] move: Trick
|-item|p1a: Sableye|Choice Scarf|[from] move: Trick
|move|p2a: Persian|U-turn|p1a: Sableye
|-damage|p1a: Sableye|86/100
|
|t:|1776068586
|switch|p2a: Enamorus|Enamorus, F|100/100|[from] U-turn
|
|upkeep
|turn|8
|
|t:|1776068593
|switch|p1a: Gholdengo|Gholdengo|100/100
|move|p2a: Enamorus|Play Rough|p1a: Gholdengo
|-resisted|p1a: Gholdengo
|-damage|p1a: Gholdengo|79/100
|
|upkeep
|turn|9
|
|t:|1776068602
|switch|p2a: Goodra|Goodra-Hisui, F, shiny|100/100
|move|p1a: Gholdengo|Shadow Ball|p2a: Goodra
|-damage|p2a: Goodra|83/100
|
|-sideend|p1: llaves tipos god|move: Light Screen
|upkeep
|turn|10
|inactive|llaves tipos god has 120 seconds left.
|
|t:|1776068623
|move|p1a: Gholdengo|Shadow Ball|p2a: Goodra
|-damage|p2a: Goodra|67/100
|move|p2a: Goodra|Knock Off|p1a: Gholdengo
|-supereffective|p1a: Gholdengo
|-damage|p1a: Gholdengo|32/100
|-enditem|p1a: Gholdengo|Ability Shield|[from] move: Knock Off|[of] p2a: Goodra
|
|upkeep
|turn|11
|
|t:|1776068632
|switch|p1a: Great Tusk|Great Tusk|100/100
|move|p2a: Goodra|Knock Off|p1a: Great Tusk
|-resisted|p1a: Great Tusk
|-damage|p1a: Great Tusk|91/100
|-enditem|p1a: Great Tusk|Rawst Berry|[from] move: Knock Off|[of] p2a: Goodra
|
|upkeep
|turn|12
|
|t:|1776068639
|switch|p2a: Enamorus|Enamorus, F|100/100
|move|p1a: Great Tusk|Stealth Rock|p2a: Enamorus
|-sidestart|p2: CilenTreeco|move: Stealth Rock
|
|upkeep
|turn|13
|inactive|llaves tipos god has 120 seconds left.
|
|t:|1776068664
|move|p2a: Enamorus|Play Rough|p1a: Great Tusk
|-supereffective|p1a: Great Tusk
|-damage|p1a: Great Tusk|31/100
|move|p1a: Great Tusk|Rapid Spin|p2a: Enamorus
|-damage|p2a: Enamorus|75/100
|-boost|p1a: Great Tusk|spe|1
|
|upkeep
|turn|14
|
|t:|1776068671
|move|p2a: Enamorus|Play Rough|p1a: Great Tusk
|-supereffective|p1a: Great Tusk
|-damage|p1a: Great Tusk|0 fnt
|faint|p1a: Great Tusk
|-end|p1a: Great Tusk|Protosynthesis|[silent]
|
|upkeep
|inactive|llaves tipos god has 120 seconds left.
|
|t:|1776068682
|switch|p1a: Gholdengo|Gholdengo|32/100
|turn|15
|
|t:|1776068690
|switch|p2a: Goodra|Goodra-Hisui, F, shiny|67/100
|-damage|p2a: Goodra|61/100|[from] Stealth Rock
|move|p1a: Gholdengo|Shadow Ball|p2a: Goodra
|-damage|p2a: Goodra|44/100
|-unboost|p2a: Goodra|spd|1
|
|upkeep
|turn|16
|
|t:|1776068702
|switch|p1a: Greninja|Greninja, F|100/100
|move|p2a: Goodra|Knock Off|p1a: Greninja
|-resisted|p1a: Greninja
|-damage|p1a: Greninja|80/100
|-enditem|p1a: Greninja|Covert Cloak|[from] move: Knock Off|[of] p2a: Goodra
|
|upkeep
|turn|17
|inactive|llaves tipos god has 120 seconds left.
|
|t:|1776068730
|move|p1a: Greninja|Toxic Spikes|p2a: Goodra
|-start|p1a: Greninja|typechange|Poison|[from] ability: Protean
|-sidestart|p2: CilenTreeco|move: Toxic Spikes
|move|p2a: Goodra|Dragon Tail|p1a: Greninja
|-damage|p1a: Greninja|43/100
|drag|p1a: Primarina|Primarina, F|100/100
|
|upkeep
|turn|18
|inactive|llaves tipos god has 120 seconds left.
|
|t:|1776068743
|move|p1a: Primarina|Moonblast|p2a: Goodra
|-damage|p2a: Goodra|13/100
|move|p2a: Goodra|Heavy Slam|p1a: Primarina
|-damage|p1a: Primarina|54/100
|
|-heal|p1a: Primarina|60/100|[from] item: Leftovers
|upkeep
|turn|19
|
|t:|1776068752
|move|p1a: Primarina|Moonblast|p2a: Goodra
|-crit|p2a: Goodra
|-damage|p2a: Goodra|0 fnt
|faint|p2a: Goodra
|
|-heal|p1a: Primarina|67/100|[from] item: Leftovers
|upkeep
|
|t:|1776068757
|switch|p2a: Enamorus|Enamorus, F|75/100
|-damage|p2a: Enamorus|50/100|[from] Stealth Rock
|turn|20
|
|t:|1776068773
|move|p2a: Enamorus|Iron Head|p1a: Primarina
|-damage|p1a: Primarina|37/100
|move|p1a: Primarina|Moonblast|p2a: Enamorus
|-damage|p2a: Enamorus|0 fnt
|faint|p2a: Enamorus
|
|-heal|p1a: Primarina|43/100|[from] item: Leftovers
|upkeep
|
|t:|1776068782
|switch|p2a: Quaquaval|Quaquaval, F, shiny|100/100
|-damage|p2a: Quaquaval|94/100|[from] Stealth Rock
|-status|p2a: Quaquaval|psn
|turn|21
|
|t:|1776068788
|switch|p1a: Sableye|Sableye, F|86/100
|-terastallize|p2a: Quaquaval|Poison
|move|p2a: Quaquaval|Rapid Spin|p1a: Sableye
|-immune|p1a: Sableye
|
|-damage|p2a: Quaquaval|82/100 psn|[from] psn
|upkeep
|turn|22
|
|t:|1776068803
|move|p1a: Sableye|Trick|p2a: Quaquaval
|-activate|p1a: Sableye|move: Trick|[of] p2a: Quaquaval
|-item|p2a: Quaquaval|Choice Scarf|[from] move: Trick
|-item|p1a: Sableye|Assault Vest|[from] move: Trick
|move|p2a: Quaquaval|Aqua Step|p1a: Sableye
|-damage|p1a: Sableye|34/100
|-boost|p2a: Quaquaval|spe|1
|
|-damage|p2a: Quaquaval|69/100 psn|[from] psn
|upkeep
|turn|23
|
|t:|1776068818
|move|p2a: Quaquaval|Aqua Step|p1a: Sableye
|-damage|p1a: Sableye|0 fnt
|-boost|p2a: Quaquaval|spe|1
|faint|p1a: Sableye
|-ability|p2a: Quaquaval|Moxie|boost
|-boost|p2a: Quaquaval|atk|1
|
|-damage|p2a: Quaquaval|57/100 psn|[from] psn
|upkeep
|
|t:|1776068825
|switch|p1a: Primarina|Primarina, F|43/100
|turn|24
|
|t:|1776068827
|move|p2a: Quaquaval|Aqua Step|p1a: Primarina
|-resisted|p1a: Primarina
|-crit|p1a: Primarina
|-damage|p1a: Primarina|0 fnt
|-boost|p2a: Quaquaval|spe|1
|faint|p1a: Primarina
|-ability|p2a: Quaquaval|Moxie|boost
|-boost|p2a: Quaquaval|atk|1
|
|-damage|p2a: Quaquaval|44/100 psn|[from] psn
|upkeep
|-message|llaves tipos god forfeited.
|
|win|CilenTreeco
|raw|llaves tipos god's rating: 1138 &rarr; <strong>1116</strong><br />(-22 for losing)
|raw|CilenTreeco's rating: 1175 &rarr; <strong>1197</strong><br />(+22 for winning)
|l|☆CilenTreeco
|player|p2|
|l|☆llaves tipos god
|player|p1|
