|html|<div class="broadcast-blue"><strong>[Gen 9] OU is currently suspecting Tera Blast! For information on how to participate check out the <a href="https://www.smogon.com/tools/suspects/view/200">suspect thread</a>.</strong></div>
|j|☆jpflying
|j|☆Sasori07
|t:|1776223458
|gametype|singles
|player|p1|jpflying|striker|
|player|p2|Sasori07|volkner|
|gen|9
|tier|[Gen 9] OU
|rule|HP Percentage Mod: HP is shown in percentages
|rule|Endless Battle Clause: Forcing endless battles is banned
|rule|Species Clause: Limit one of each Pokémon
|rule|OHKO Clause: OHKO moves are banned
|rule|Evasion Items Clause: Evasion items are banned
|rule|Evasion Moves Clause: Evasion moves are banned
|rule|Evasion Abilities Clause: Evasion abilities are banned
|rule|Sleep Moves Clause: Sleep-inducing moves are banned
|clearpoke
|poke|p1|Salamence, L75, M|
|poke|p1|Hatterene, L75, F|
|poke|p1|Basculegion, L75, M|
|poke|p1|Kleavor, L75, M|
|poke|p1|Grimmsnarl, L75, M|
|poke|p1|Grafaiai, L75, M|
|poke|p2|Serperior, L75, F|
|poke|p2|Zoroark-Hisui, L75, M|
|poke|p2|Corviknight, L75, F|
|poke|p2|Bisharp, L75, M|
|poke|p2|Sylveon, L75, F|
|poke|p2|Smeargle, L75, M|
|teampreview
|inactive|Battle timer is ON: inactive players will automatically lose when time's up. (requested by jpflying)
|inactive|jpflying has 270 seconds left.
|inactive|jpflying has 240 seconds left.
|
|t:|1776223529
|teamsize|p1|6
|teamsize|p2|6
|start
|switch|p1a: Basculegion|Basculegion, L75, M|100/100
|switch|p2a: Smeargle|Smeargle, L75, M|100/100
|turn|1
|
|t:|1776223545
|switch|p1a: Hatterene|Hatterene, L75, F|100/100
|move|p2a: Smeargle|Stone Axe|p1a: Hatterene
|-damage|p1a: Hatterene|92/100
|-sidestart|p1: jpflying|move: Stealth Rock
|
|-heal|p1a: Hatterene|98/100|[from] item: Leftovers
|upkeep
|turn|2
|
|t:|1776223563
|switch|p2a: Bisharp|Bisharp, L75, M|100/100
|-ability|p2a: Bisharp|Pressure
|move|p1a: Hatterene|Nuzzle|p2a: Bisharp
|-damage|p2a: Bisharp|98/100
|-status|p2a: Bisharp|par
|
|-heal|p1a: Hatterene|100/100|[from] item: Leftovers
|upkeep
|turn|3
|
|t:|1776223590
|switch|p1a: Basculegion|Basculegion, L75, M|100/100
|-damage|p1a: Basculegion|88/100|[from] Stealth Rock
|move|p2a: Bisharp|Iron Head|p1a: Basculegion
|-resisted|p1a: Basculegion
|-damage|p1a: Basculegion|59/100
|
|upkeep
|turn|4
|
|t:|1776223602
|move|p1a: Basculegion|Wave Crash|p2a: Bisharp
|-damage|p2a: Bisharp|42/100 par
|-damage|p1a: Basculegion|44/100|[from] Recoil
|cant|p2a: Bisharp|par
|
|upkeep
|turn|5
|
|t:|1776223614
|move|p2a: Bisharp|Sucker Punch|p1a: Basculegion
|-supereffective|p1a: Basculegion
|-damage|p1a: Basculegion|0 fnt
|faint|p1a: Basculegion
|
|upkeep
|
|t:|1776223631
|switch|p1a: Grimmsnarl|Grimmsnarl, L75, M|100/100
|-damage|p1a: Grimmsnarl|88/100|[from] Stealth Rock
|turn|6
|
|t:|1776223643
|move|p1a: Grimmsnarl|Reflect|p1a: Grimmsnarl
|-sidestart|p1: jpflying|Reflect
|move|p2a: Bisharp|Swords Dance|p2a: Bisharp
|-boost|p2a: Bisharp|atk|2
|
|upkeep
|turn|7
|
|t:|1776223654
|move|p1a: Grimmsnarl|Foul Play|p2a: Bisharp
|-resisted|p2a: Bisharp
|-damage|p2a: Bisharp|9/100 par
|move|p2a: Bisharp|Iron Head|p1a: Grimmsnarl
|-supereffective|p1a: Grimmsnarl
|-damage|p1a: Grimmsnarl|0 fnt
|faint|p1a: Grimmsnarl
|
|upkeep
|
|t:|1776223660
|switch|p1a: Kleavor|Kleavor, L75, M|100/100
|-damage|p1a: Kleavor|76/100|[from] Stealth Rock
|turn|8
|
|t:|1776223673
|move|p1a: Kleavor|Stone Axe|p2a: Bisharp
|-resisted|p2a: Bisharp
|-damage|p2a: Bisharp|0 fnt
|-sidestart|p2: Sasori07|move: Stealth Rock
|faint|p2a: Bisharp
|
|upkeep
|
|t:|1776223685
|switch|p2a: Sylveon|Sylveon, L75, F|100/100
|-damage|p2a: Sylveon|88/100|[from] Stealth Rock
|turn|9
|
|t:|1776223691
|move|p1a: Kleavor|Swords Dance|p1a: Kleavor
|-boost|p1a: Kleavor|atk|2
|move|p2a: Sylveon|Moonblast|p1a: Kleavor
|-damage|p1a: Kleavor|0 fnt
|faint|p1a: Kleavor
|
|upkeep
|
|t:|1776223695
|switch|p1a: Grafaiai|Grafaiai, L75, M|100/100
|-damage|p1a: Grafaiai|88/100|[from] Stealth Rock
|turn|10
|
|t:|1776223702
|switch|p2a: Smeargle|Smeargle, L75, M|100/100
|-damage|p2a: Smeargle|88/100|[from] Stealth Rock
|move|p1a: Grafaiai|Knock Off|p2a: Smeargle
|-damage|p2a: Smeargle|22/100
|-enditem|p2a: Smeargle|Focus Sash|[from] move: Knock Off|[of] p1a: Grafaiai
|
|-heal|p1a: Grafaiai|94/100|[from] item: Black Sludge
|-sideend|p1: jpflying|Reflect
|upkeep
|turn|11
|
|t:|1776223710
|move|p2a: Smeargle|Stone Axe|p1a: Grafaiai
|-damage|p1a: Grafaiai|82/100
|move|p1a: Grafaiai|Gunk Shot|p2a: Smeargle
|-damage|p2a: Smeargle|0 fnt
|faint|p2a: Smeargle
|
|-heal|p1a: Grafaiai|88/100|[from] item: Black Sludge
|upkeep
|
|t:|1776223729
|switch|p2a: Sylveon|Sylveon, L75, F|100/100
|-damage|p2a: Sylveon|88/100|[from] Stealth Rock
|turn|12
|
|t:|1776223735
|move|p2a: Sylveon|Hyper Voice|p1a: Grafaiai
|-damage|p1a: Grafaiai|46/100
|move|p1a: Grafaiai|Gunk Shot|p2a: Sylveon
|-resisted|p2a: Sylveon
|-damage|p2a: Sylveon|46/100
|replace|p2a: Zoroark|Zoroark-Hisui, L75, M
|-end|p2a: Zoroark|Illusion
|
|-heal|p1a: Grafaiai|52/100|[from] item: Black Sludge
|upkeep
|turn|13
|
|t:|1776223749
|move|p2a: Zoroark|Hyper Voice|p1a: Grafaiai
|-damage|p1a: Grafaiai|9/100
|move|p1a: Grafaiai|Knock Off|p2a: Zoroark
|-supereffective|p2a: Zoroark
|-damage|p2a: Zoroark|0 fnt
|-enditem|p2a: Zoroark|Choice Scarf|[from] move: Knock Off|[of] p1a: Grafaiai
|faint|p2a: Zoroark
|
|-heal|p1a: Grafaiai|15/100|[from] item: Black Sludge
|upkeep
|
|t:|1776223754
|switch|p2a: Serperior|Serperior, L75, F|100/100
|-damage|p2a: Serperior|88/100|[from] Stealth Rock
|turn|14
|
|t:|1776223760
|move|p1a: Grafaiai|Parting Shot|p2a: Serperior
|-boost|p2a: Serperior|atk|1
|-boost|p2a: Serperior|spa|1
|
|t:|1776223763
|switch|p1a: Hatterene|Hatterene, L75, F|100/100|[from] Parting Shot
|-damage|p1a: Hatterene|88/100|[from] Stealth Rock
|move|p2a: Serperior|Leaf Storm|p1a: Hatterene
|-damage|p1a: Hatterene|22/100
|-boost|p2a: Serperior|spa|2
|
|-heal|p2a: Serperior|94/100|[from] item: Leftovers
|-heal|p1a: Hatterene|28/100|[from] item: Leftovers
|upkeep
|turn|15
|
|t:|1776223771
|move|p2a: Serperior|Leaf Storm|p1a: Hatterene
|-damage|p1a: Hatterene|0 fnt
|-boost|p2a: Serperior|spa|2
|faint|p1a: Hatterene
|
|-heal|p2a: Serperior|99/100|[from] item: Leftovers
|upkeep
|
|t:|1776223789
|switch|p1a: Salamence|Salamence, L75, M|100/100
|-damage|p1a: Salamence|76/100|[from] Stealth Rock
|turn|16
|
|t:|1776223797
|move|p2a: Serperior|Dragon Pulse|p1a: Salamence
|-supereffective|p1a: Salamence
|-damage|p1a: Salamence|0 fnt
|faint|p1a: Salamence
|
|-heal|p2a: Serperior|100/100|[from] item: Leftovers
|upkeep
|
|t:|1776223800
|switch|p1a: Grafaiai|Grafaiai, L75, M|15/100
|-damage|p1a: Grafaiai|3/100|[from] Stealth Rock
|turn|17
|
|t:|1776223802
|move|p2a: Serperior|Dragon Pulse|p1a: Grafaiai
|-damage|p1a: Grafaiai|0 fnt
|faint|p1a: Grafaiai
|
|win|Sasori07
