|html|<div class="broadcast-blue"><strong>[Gen 9] OU is currently suspecting Tera Blast! For information on how to participate check out the <a href="https://www.smogon.com/tools/suspects/view/200">suspect thread</a>.</strong></div>
|j|☆Kaidekaida
|j|☆pupi2807
|t:|1776036574
|gametype|singles
|player|p1|Kaidekaida|swimmerf-gen4dp|1149
|player|p2|pupi2807|benga|1135
|gen|9
|tier|[Gen 9] OU
|rated|
|rule|HP Percentage Mod: HP is shown in percentages
|rule|Endless Battle Clause: Forcing endless battles is banned
|rule|Species Clause: Limit one of each Pokémon
|rule|OHKO Clause: OHKO moves are banned
|rule|Evasion Items Clause: Evasion items are banned
|rule|Evasion Moves Clause: Evasion moves are banned
|rule|Evasion Abilities Clause: Evasion abilities are banned
|rule|Sleep Moves Clause: Sleep-inducing moves are banned
|clearpoke
|poke|p1|Dragonite, F|
|poke|p1|Kingambit, M|
|poke|p1|Gholdengo|
|poke|p1|Ogerpon-Wellspring, F|
|poke|p1|Iron Valiant|
|poke|p1|Raging Bolt|
|poke|p2|Toxapex, F|
|poke|p2|Dragonite, M|
|poke|p2|Gholdengo|
|poke|p2|Rillaboom, M|
|poke|p2|Heatran, F|
|poke|p2|Iron Valiant|
|teampreview
|j| ohko_smeargle
|
|t:|1776036588
|teamsize|p1|6
|teamsize|p2|6
|start
|switch|p1a: Titi|Ogerpon-Wellspring, F|100/100
|switch|p2a: Heatran|Heatran, F|100/100
|turn|1
|
|t:|1776036597
|switch|p2a: Toxapex|Toxapex, F|100/100
|move|p1a: Titi|Ivy Cudgel|p2a: Toxapex|[anim] Ivy Cudgel Water
|-resisted|p2a: Toxapex
|-damage|p2a: Toxapex|82/100
|
|-heal|p2a: Toxapex|88/100|[from] item: Black Sludge
|upkeep
|turn|2
|
|t:|1776036606
|switch|p1a: Prepucio|Dragonite, F|100/100
|move|p2a: Toxapex|Toxic Spikes|p1a: Prepucio
|-sidestart|p1: Kaidekaida|move: Toxic Spikes
|
|-heal|p2a: Toxapex|95/100|[from] item: Black Sludge
|upkeep
|turn|3
|
|t:|1776036616
|move|p1a: Prepucio|Earthquake|p2a: Toxapex
|-supereffective|p2a: Toxapex
|-damage|p2a: Toxapex|47/100
|move|p2a: Toxapex|Toxic Spikes|p1a: Prepucio
|-sidestart|p1: Kaidekaida|move: Toxic Spikes
|
|-heal|p2a: Toxapex|53/100|[from] item: Black Sludge
|upkeep
|turn|4
|
|t:|1776036643
|switch|p2a: Iron Valiant|Iron Valiant, shiny|100/100
|-enditem|p2a: Iron Valiant|Booster Energy
|-activate|p2a: Iron Valiant|ability: Quark Drive|[fromitem]
|-start|p2a: Iron Valiant|quarkdrivespe
|move|p1a: Prepucio|Dragon Dance|p1a: Prepucio
|-boost|p1a: Prepucio|atk|1
|-boost|p1a: Prepucio|spe|1
|
|upkeep
|turn|5
|
|t:|1776036658
|-terastallize|p2a: Iron Valiant|Fairy
|move|p1a: Prepucio|Extreme Speed|p2a: Iron Valiant
|-damage|p2a: Iron Valiant|41/100
|move|p2a: Iron Valiant|Moonblast|p1a: Prepucio
|-supereffective|p1a: Prepucio
|-damage|p1a: Prepucio|40/100
|
|upkeep
|turn|6
|
|t:|1776036674
|move|p1a: Prepucio|Extreme Speed|p2a: Iron Valiant
|-crit|p2a: Iron Valiant
|-damage|p2a: Iron Valiant|0 fnt
|faint|p2a: Iron Valiant
|-end|p2a: Iron Valiant|Quark Drive|[silent]
|
|upkeep
|
|t:|1776036678
|switch|p2a: Heatran|Heatran, F|100/100
|turn|7
|
|t:|1776036691
|switch|p2a: Gholdengo|Gholdengo|100/100
|-item|p2a: Gholdengo|Air Balloon
|move|p1a: Prepucio|Earthquake|p2a: Gholdengo
|-immune|p2a: Gholdengo
|
|upkeep
|turn|8
|
|t:|1776036703
|move|p1a: Prepucio|Dragon Claw|p2a: Gholdengo
|-resisted|p2a: Gholdengo
|-damage|p2a: Gholdengo|58/100
|-enditem|p2a: Gholdengo|Air Balloon
|move|p2a: Gholdengo|Shadow Ball|p1a: Prepucio
|-damage|p1a: Prepucio|0 fnt
|faint|p1a: Prepucio
|
|upkeep
|
|t:|1776036725
|switch|p1a: Kai Cenat|Gholdengo|100/100
|-item|p1a: Kai Cenat|Air Balloon
|turn|9
|
|t:|1776036734
|move|p1a: Kai Cenat|Shadow Ball|p2a: Gholdengo
|-supereffective|p2a: Gholdengo
|-damage|p2a: Gholdengo|0 fnt
|faint|p2a: Gholdengo
|
|upkeep
|
|t:|1776036748
|switch|p2a: Rillaboom|Rillaboom, M, shiny|100/100
|-fieldstart|move: Grassy Terrain|[from] ability: Grassy Surge|[of] p2a: Rillaboom
|turn|10
|
|t:|1776036755
|move|p2a: Rillaboom|Knock Off|p1a: Kai Cenat
|-supereffective|p1a: Kai Cenat
|-damage|p1a: Kai Cenat|22/100
|-enditem|p1a: Kai Cenat|Air Balloon
|move|p1a: Kai Cenat|Make It Rain|p2a: Rillaboom
|-damage|p2a: Rillaboom|48/100
|-unboost|p1a: Kai Cenat|spa|1
|
|-heal|p2a: Rillaboom|54/100|[from] Grassy Terrain
|-heal|p1a: Kai Cenat|28/100|[from] Grassy Terrain
|upkeep
|turn|11
|
|t:|1776036770
|move|p2a: Rillaboom|Knock Off|p1a: Kai Cenat
|-supereffective|p1a: Kai Cenat
|-damage|p1a: Kai Cenat|0 fnt
|faint|p1a: Kai Cenat
|
|-heal|p2a: Rillaboom|61/100|[from] Grassy Terrain
|upkeep
|
|t:|1776036774
|switch|p1a: Pucio|Iron Valiant, shiny|100/100
|-status|p1a: Pucio|tox
|-enditem|p1a: Pucio|Booster Energy
|-activate|p1a: Pucio|ability: Quark Drive|[fromitem]
|-start|p1a: Pucio|quarkdrivespe
|turn|12
|
|t:|1776036791
|switch|p2a: Toxapex|Toxapex, F|87/100
|move|p1a: Pucio|Moonblast|p2a: Toxapex
|-resisted|p2a: Toxapex
|-damage|p2a: Toxapex|69/100
|
|-heal|p2a: Toxapex|75/100|[from] Grassy Terrain
|-heal|p2a: Toxapex|81/100|[from] item: Black Sludge
|-damage|p1a: Pucio|94/100 tox|[from] psn
|upkeep
|turn|13
|
|t:|1776036819
|-end|p1a: Pucio|Quark Drive|[silent]
|switch|p1a: Raging Bolt|Raging Bolt|100/100
|-status|p1a: Raging Bolt|tox
|-enditem|p1a: Raging Bolt|Booster Energy
|-activate|p1a: Raging Bolt|ability: Protosynthesis|[fromitem]
|-start|p1a: Raging Bolt|protosynthesisspa
|move|p2a: Toxapex|Surf|p1a: Raging Bolt
|-resisted|p1a: Raging Bolt
|-damage|p1a: Raging Bolt|93/100 tox
|
|-heal|p1a: Raging Bolt|99/100 tox|[from] Grassy Terrain
|-heal|p2a: Toxapex|87/100|[from] Grassy Terrain
|-heal|p2a: Toxapex|94/100|[from] item: Black Sludge
|-damage|p1a: Raging Bolt|93/100 tox|[from] psn
|upkeep
|turn|14
|
|t:|1776036836
|switch|p2a: Rillaboom|Rillaboom, M, shiny|61/100
|-terastallize|p1a: Raging Bolt|Flying
|move|p1a: Raging Bolt|Draco Meteor|p2a: Rillaboom
|-damage|p2a: Rillaboom|0 fnt
|-unboost|p1a: Raging Bolt|spa|2
|faint|p2a: Rillaboom
|
|-damage|p1a: Raging Bolt|80/100 tox|[from] psn
|-fieldend|move: Grassy Terrain
|upkeep
|
|t:|1776036853
|switch|p2a: Heatran|Heatran, F|100/100
|turn|15
|
|t:|1776036859
|move|p2a: Heatran|Stealth Rock|p1a: Raging Bolt
|-sidestart|p1: Kaidekaida|move: Stealth Rock
|move|p1a: Raging Bolt|Draco Meteor|p2a: Heatran|[miss]
|-miss|p1a: Raging Bolt|p2a: Heatran
|
|-damage|p1a: Raging Bolt|62/100 tox|[from] psn
|upkeep
|turn|16
|
|t:|1776036871
|move|p2a: Heatran|Magma Storm|p1a: Raging Bolt
|-damage|p1a: Raging Bolt|26/100 tox
|-activate|p1a: Raging Bolt|move: Magma Storm|[of] p2a: Heatran
|move|p1a: Raging Bolt|Thunder|p2a: Heatran
|-damage|p2a: Heatran|74/100
|
|-heal|p2a: Heatran|80/100|[from] item: Leftovers
|-damage|p1a: Raging Bolt|2/100 tox|[from] psn
|-damage|p1a: Raging Bolt|0 fnt|[from] move: Magma Storm|[partiallytrapped]
|faint|p1a: Raging Bolt
|-end|p1a: Raging Bolt|Protosynthesis|[silent]
|upkeep
|
|t:|1776036878
|switch|p1a: Titi|Ogerpon-Wellspring, F|100/100
|-status|p1a: Titi|tox
|-damage|p1a: Titi|88/100 tox|[from] Stealth Rock
|turn|17
|
|t:|1776036904
|switch|p2a: Dragonite|Dragonite, M|100/100
|move|p1a: Titi|Swords Dance|p1a: Titi
|-boost|p1a: Titi|atk|2
|
|-damage|p1a: Titi|82/100 tox|[from] psn
|upkeep
|turn|18
|
|t:|1776036912
|move|p1a: Titi|Ivy Cudgel|p2a: Dragonite|[anim] Ivy Cudgel Water
|-resisted|p2a: Dragonite
|-damage|p2a: Dragonite|67/100
|move|p2a: Dragonite|Dragon Dance|p2a: Dragonite
|-boost|p2a: Dragonite|atk|1
|-boost|p2a: Dragonite|spe|1
|
|-damage|p1a: Titi|70/100 tox|[from] psn
|upkeep
|turn|19
|
|t:|1776036921
|switch|p1a: Pucio|Iron Valiant, shiny|94/100 tox
|-damage|p1a: Pucio|88/100 tox|[from] Stealth Rock
|move|p2a: Dragonite|Dragon Claw|p1a: Pucio
|-immune|p1a: Pucio
|
|-damage|p1a: Pucio|82/100 tox|[from] psn
|upkeep
|turn|20
|
|t:|1776036934
|switch|p2a: Toxapex|Toxapex, F|100/100
|move|p1a: Pucio|Aura Sphere|p2a: Toxapex
|-resisted|p2a: Toxapex
|-damage|p2a: Toxapex|83/100
|
|-heal|p2a: Toxapex|90/100|[from] item: Black Sludge
|-damage|p1a: Pucio|69/100 tox|[from] psn
|upkeep
|turn|21
|
|t:|1776036946
|-end|p1a: Pucio|Quark Drive|[silent]
|switch|p1a: Postpucio|Kingambit, M|100/100
|-damage|p1a: Postpucio|94/100|[from] Stealth Rock
|-activate|p1a: Postpucio|ability: Supreme Overlord
|-start|p1a: Postpucio|fallen3|[silent]
|move|p2a: Toxapex|Surf|p1a: Postpucio
|-damage|p1a: Postpucio|71/100
|
|-heal|p2a: Toxapex|96/100|[from] item: Black Sludge
|upkeep
|turn|22
|
|t:|1776036958
|move|p1a: Postpucio|Kowtow Cleave|p2a: Toxapex
|-damage|p2a: Toxapex|56/100
|move|p2a: Toxapex|Surf|p1a: Postpucio
|-damage|p1a: Postpucio|48/100
|
|-heal|p2a: Toxapex|63/100|[from] item: Black Sludge
|upkeep
|turn|23
|
|t:|1776036967
|move|p1a: Postpucio|Kowtow Cleave|p2a: Toxapex
|-damage|p2a: Toxapex|20/100
|move|p2a: Toxapex|Surf|p1a: Postpucio
|-damage|p1a: Postpucio|28/100
|
|-heal|p2a: Toxapex|26/100|[from] item: Black Sludge
|upkeep
|turn|24
|
|t:|1776036981
|move|p1a: Postpucio|Kowtow Cleave|p2a: Toxapex
|-damage|p2a: Toxapex|0 fnt
|faint|p2a: Toxapex
|
|upkeep
|
|t:|1776036987
|switch|p2a: Dragonite|Dragonite, M|67/100
|turn|25
|
|t:|1776037000
|move|p2a: Dragonite|Dragon Claw|p1a: Postpucio
|-resisted|p1a: Postpucio
|-damage|p1a: Postpucio|10/100
|move|p1a: Postpucio|Kowtow Cleave|p2a: Dragonite
|-damage|p2a: Dragonite|0 fnt
|faint|p2a: Dragonite
|
|upkeep
|
|t:|1776037007
|switch|p2a: Heatran|Heatran, F|80/100
|turn|26
|
|t:|1776037012
|move|p1a: Postpucio|Kowtow Cleave|p2a: Heatran
|-damage|p2a: Heatran|22/100
|move|p2a: Heatran|Earth Power|p1a: Postpucio
|-supereffective|p1a: Postpucio
|-damage|p1a: Postpucio|0 fnt
|faint|p1a: Postpucio
|-end|p1a: Postpucio|fallen3|[silent]
|
|-heal|p2a: Heatran|28/100|[from] item: Leftovers
|upkeep
|
|t:|1776037018
|switch|p1a: Titi|Ogerpon-Wellspring, F|70/100 tox
|-damage|p1a: Titi|58/100 tox|[from] Stealth Rock
|turn|27
|
|t:|1776037025
|move|p1a: Titi|Ivy Cudgel|p2a: Heatran|[anim] Ivy Cudgel Water
|-supereffective|p2a: Heatran
|-damage|p2a: Heatran|0 fnt
|faint|p2a: Heatran
|
|win|Kaidekaida
|raw|Kaidekaida's rating: 1149 &rarr; <strong>1173</strong><br />(+24 for winning)
|raw|pupi2807's rating: 1135 &rarr; <strong>1111</strong><br />(-24 for losing)
|l| ohko_smeargle
|l|☆pupi2807
|player|p2|
