|html|<div class="broadcast-blue"><strong>[Gen 9] OU is currently suspecting Tera Blast! For information on how to participate check out the <a href="https://www.smogon.com/tools/suspects/view/200">suspect thread</a>.</strong></div>
|j|☆twoflowersluggage
|j|☆FireWaterPlant
|t:|1776075439
|gametype|singles
|player|p1|twoflowersluggage|pokefan-gen6|1534
|player|p2|FireWaterPlant|lucas-gen4pt|1470
|gen|9
|tier|[Gen 9] OU
|rated|
|rule|HP Percentage Mod: HP is shown in percentages
|rule|Endless Battle Clause: Forcing endless battles is banned
|rule|Species Clause: Limit one of each Pokémon
|rule|OHKO Clause: OHKO moves are banned
|rule|Evasion Items Clause: Evasion items are banned
|rule|Evasion Moves Clause: Evasion moves are banned
|rule|Evasion Abilities Clause: Evasion abilities are banned
|rule|Sleep Moves Clause: Sleep-inducing moves are banned
|clearpoke
|poke|p1|Hatterene, F|
|poke|p1|Ursaluna, M|
|poke|p1|Porygon2|
|poke|p1|Cresselia, F|
|poke|p1|Iron Hands|
|poke|p1|Volcanion|
|poke|p2|Ogerpon-Wellspring, F|
|poke|p2|Great Tusk|
|poke|p2|Gliscor, M|
|poke|p2|Gholdengo|
|poke|p2|Kingambit, M|
|poke|p2|Raging Bolt|
|teampreview
|
|t:|1776075457
|teamsize|p1|6
|teamsize|p2|6
|start
|switch|p1a: Porygon2|Porygon2|100/100
|switch|p2a: Kingambit|Kingambit, M|100/100
|-ability|p1a: Porygon2|Download|boost
|-boost|p1a: Porygon2|spa|1
|turn|1
|inactive|Battle timer is ON: inactive players will automatically lose when time's up. (requested by twoflowersluggage)
|
|t:|1776075478
|-end|p2a: Kingambit|fallenundefined|[silent]
|switch|p2a: Gholdengo|Gholdengo|100/100
|-terastallize|p1a: Porygon2|Ground
|move|p1a: Porygon2|Tera Blast|p2a: Gholdengo|[anim] Tera Blast Ground
|-supereffective|p2a: Gholdengo
|-damage|p2a: Gholdengo|0 fnt
|faint|p2a: Gholdengo
|
|upkeep
|
|t:|1776075491
|switch|p2a: Ogerpon|Ogerpon-Wellspring, F|100/100
|turn|2
|
|t:|1776075497
|switch|p1a: Volcanion|Volcanion|100/100
|move|p2a: Ogerpon|Ivy Cudgel|p1a: Volcanion|[anim] Ivy Cudgel Water
|-immune|p1a: Volcanion|[from] ability: Water Absorb
|
|upkeep
|turn|3
|
|t:|1776075512
|switch|p2a: Raging Bolt|Raging Bolt|100/100
|move|p1a: Volcanion|Sludge Bomb|p2a: Raging Bolt
|-damage|p2a: Raging Bolt|52/100
|-status|p2a: Raging Bolt|psn
|
|-damage|p2a: Raging Bolt|40/100 psn|[from] psn
|upkeep
|turn|4
|
|t:|1776075522
|switch|p1a: Cresselia|Cresselia, F, shiny|100/100
|move|p2a: Raging Bolt|Draco Meteor|p1a: Cresselia
|-damage|p1a: Cresselia|28/100
|-unboost|p2a: Raging Bolt|spa|2
|
|-damage|p2a: Raging Bolt|27/100 psn|[from] psn
|upkeep
|turn|5
|
|t:|1776075534
|-end|p2a: Raging Bolt|Protosynthesis|[silent]
|switch|p2a: Kingambit|Kingambit, M|100/100
|-activate|p2a: Kingambit|ability: Supreme Overlord
|-start|p2a: Kingambit|fallen1|[silent]
|switch|p1a: Hatterene|Hatterene, F, shiny|100/100
|
|upkeep
|turn|6
|l|☆FireWaterPlant
|inactive|FireWaterPlant disconnected and has a minute to reconnect!
|player|p2|
|j|☆FireWaterPlant
|inactive|FireWaterPlant reconnected and has 120 seconds left.
|player|p2|FireWaterPlant|lucas-gen4pt|
|
|t:|1776075580
|move|p2a: Kingambit|Swords Dance|p2a: Kingambit
|-boost|p2a: Kingambit|atk|2
|move|p1a: Hatterene|Trick Room|p1a: Hatterene
|-fieldstart|move: Trick Room|[of] p1a: Hatterene
|
|upkeep
|turn|7
|
|t:|1776075594
|move|p1a: Hatterene|Healing Wish|p1a: Hatterene
|faint|p1a: Hatterene
|move|p2a: Kingambit|Kowtow Cleave|p1: Hatterene|[notarget]
|-fail|p2a: Kingambit
|
|upkeep
|
|t:|1776075618
|switch|p1a: Volcanion|Volcanion|100/100
|turn|8
|
|t:|1776075624
|-terastallize|p2a: Kingambit|Dark
|move|p1a: Volcanion|Flamethrower|p2a: Kingambit
|-crit|p2a: Kingambit
|-damage|p2a: Kingambit|0 fnt
|faint|p2a: Kingambit
|-end|p2a: Kingambit|fallen1|[silent]
|
|upkeep
|c|☆FireWaterPlant|Wow.
|
|t:|1776075648
|switch|p2a: Raging Bolt|Raging Bolt|27/100 psn
|turn|9
|
|t:|1776075658
|switch|p1a: Ursaluna|Ursaluna, M|100/100
|move|p2a: Raging Bolt|Volt Switch|p1a: Ursaluna
|-immune|p1a: Ursaluna
|
|-damage|p2a: Raging Bolt|15/100 psn|[from] psn
|-status|p1a: Ursaluna|brn|[from] item: Flame Orb
|upkeep
|turn|10
|
|t:|1776075664
|-end|p2a: Raging Bolt|Protosynthesis|[silent]
|switch|p2a: Gliscor|Gliscor, M|100/100
|move|p1a: Ursaluna|Facade|p2a: Gliscor
|-damage|p2a: Gliscor|10/100
|
|-damage|p1a: Ursaluna|94/100 brn|[from] brn
|-fieldend|move: Trick Room
|-status|p2a: Gliscor|tox|[from] item: Toxic Orb
|upkeep
|turn|11
|
|t:|1776075670
|move|p2a: Gliscor|Protect|p2a: Gliscor
|-singleturn|p2a: Gliscor|Protect
|move|p1a: Ursaluna|Facade|p2a: Gliscor
|-activate|p2a: Gliscor|move: Protect
|
|-heal|p2a: Gliscor|23/100 tox|[from] ability: Poison Heal
|-damage|p1a: Ursaluna|88/100 brn|[from] brn
|upkeep
|turn|12
|inactive|FireWaterPlant has 120 seconds left.
|
|t:|1776075680
|move|p2a: Gliscor|Spikes|p1a: Ursaluna
|-sidestart|p1: twoflowersluggage|Spikes
|move|p1a: Ursaluna|Facade|p2a: Gliscor
|-damage|p2a: Gliscor|0 fnt
|faint|p2a: Gliscor
|
|-damage|p1a: Ursaluna|82/100 brn|[from] brn
|upkeep
|
|t:|1776075689
|switch|p2a: Raging Bolt|Raging Bolt|15/100 psn
|turn|13
|
|t:|1776075699
|move|p1a: Ursaluna|Protect|p1a: Ursaluna
|-singleturn|p1a: Ursaluna|Protect
|move|p2a: Raging Bolt|Draco Meteor|p1a: Ursaluna
|-activate|p1a: Ursaluna|move: Protect
|
|-damage|p2a: Raging Bolt|3/100 psn|[from] psn
|-damage|p1a: Ursaluna|76/100 brn|[from] brn
|upkeep
|turn|14
|
|t:|1776075710
|switch|p1a: Cresselia|Cresselia, F, shiny|28/100
|-heal|p1a: Cresselia|100/100|[from] move: Healing Wish
|move|p2a: Raging Bolt|Draco Meteor|p1a: Cresselia
|-damage|p1a: Cresselia|30/100
|-unboost|p2a: Raging Bolt|spa|2
|
|-damage|p2a: Raging Bolt|0 fnt|[from] psn
|faint|p2a: Raging Bolt
|-end|p2a: Raging Bolt|Protosynthesis|[silent]
|upkeep
|
|t:|1776075721
|switch|p2a: Ogerpon|Ogerpon-Wellspring, F|100/100
|turn|15
|
|t:|1776075731
|move|p2a: Ogerpon|Swords Dance|p2a: Ogerpon
|-boost|p2a: Ogerpon|atk|2
|move|p1a: Cresselia|Trick Room|p1a: Cresselia
|-fieldstart|move: Trick Room|[of] p1a: Cresselia
|
|upkeep
|turn|16
|
|t:|1776075740
|move|p1a: Cresselia|Lunar Dance|p1a: Cresselia
|faint|p1a: Cresselia
|move|p2a: Ogerpon|Ivy Cudgel|p1: Cresselia|[notarget]
|-fail|p2a: Ogerpon
|
|upkeep
|inactive|twoflowersluggage has 120 seconds left.
|
|t:|1776075788
|switch|p1a: Ursaluna|Ursaluna, M|76/100 brn
|-heal|p1a: Ursaluna|100/100|[from] move: Lunar Dance
|-damage|p1a: Ursaluna|88/100|[from] Spikes
|turn|17
|
|t:|1776075809
|move|p1a: Ursaluna|Protect|p1a: Ursaluna
|-singleturn|p1a: Ursaluna|Protect
|move|p2a: Ogerpon|Power Whip|p1a: Ursaluna
|-activate|p1a: Ursaluna|move: Protect
|
|-status|p1a: Ursaluna|brn|[from] item: Flame Orb
|upkeep
|turn|18
|inactive|twoflowersluggage has 120 seconds left.
|
|t:|1776075832
|move|p1a: Ursaluna|Facade|p2a: Ogerpon
|-damage|p2a: Ogerpon|0 fnt
|faint|p2a: Ogerpon
|
|-damage|p1a: Ursaluna|82/100 brn|[from] brn
|upkeep
|
|t:|1776075836
|switch|p2a: Great Tusk|Great Tusk|100/100
|turn|19
|
|t:|1776075840
|move|p1a: Ursaluna|Facade|p2a: Great Tusk
|-damage|p2a: Great Tusk|1/100
|move|p2a: Great Tusk|Earthquake|p1a: Ursaluna
|-damage|p1a: Ursaluna|47/100 brn
|
|-damage|p1a: Ursaluna|41/100 brn|[from] brn
|-fieldend|move: Trick Room
|upkeep
|turn|20
|c|☆FireWaterPlant|Honestly pretty shit team if it wasnt for rng saving u. I wouldnt expect u to go past 1600
|inactive|FireWaterPlant has 120 seconds left.
|-message|FireWaterPlant forfeited.
|
|win|twoflowersluggage
|raw|twoflowersluggage's rating: 1534 &rarr; <strong>1550</strong><br />(+16 for winning)
|raw|FireWaterPlant's rating: 1470 &rarr; <strong>1454</strong><br />(-16 for losing)
|l|☆FireWaterPlant
|player|p2|
|l|☆twoflowersluggage
|player|p1|
