|html|<div class="broadcast-blue"><strong>[Gen 9] OU is currently suspecting Tera Blast! For information on how to participate check out the <a href="https://www.smogon.com/tools/suspects/view/200">suspect thread</a>.</strong></div>
|j|☆katai18
|j|☆Gregorio Serrao
|t:|1776079054
|gametype|singles
|player|p1|katai18|170|1350
|player|p2|Gregorio Serrao|102|1345
|gen|9
|tier|[Gen 9] OU
|rated|
|rule|HP Percentage Mod: HP is shown in percentages
|rule|Endless Battle Clause: Forcing endless battles is banned
|rule|Species Clause: Limit one of each Pokémon
|rule|OHKO Clause: OHKO moves are banned
|rule|Evasion Items Clause: Evasion items are banned
|rule|Evasion Moves Clause: Evasion moves are banned
|rule|Evasion Abilities Clause: Evasion abilities are banned
|rule|Sleep Moves Clause: Sleep-inducing moves are banned
|clearpoke
|poke|p1|Hatterene, F|
|poke|p1|Farigiraf, F|
|poke|p1|Mimikyu, M|
|poke|p1|Slither Wing|
|poke|p1|Ursaluna, F|
|poke|p1|Torkoal, F|
|poke|p2|Landorus-Therian, M|
|poke|p2|Skarmory, F|
|poke|p2|Darkrai|
|poke|p2|Zamazenta-*|
|poke|p2|Garganacl, F|
|poke|p2|Kingambit, M|
|teampreview
|
|t:|1776079065
|teamsize|p1|6
|teamsize|p2|6
|start
|switch|p1a: Hatterene|Hatterene, F|100/100
|switch|p2a: Landorus|Landorus-Therian, M|100/100
|-ability|p2a: Landorus|Intimidate|boost
|-unboost|p1a: Hatterene|atk|1
|turn|1
|
|t:|1776079084
|move|p2a: Landorus|Earthquake|p1a: Hatterene
|-damage|p1a: Hatterene|37/100
|move|p1a: Hatterene|Trick Room|p1a: Hatterene
|-fieldstart|move: Trick Room|[of] p1a: Hatterene
|
|upkeep
|turn|2
|
|t:|1776079090
|move|p1a: Hatterene|Misty Explosion|p2a: Landorus
|-damage|p2a: Landorus|20/100
|faint|p1a: Hatterene
|move|p2a: Landorus|Earthquake|p1: Hatterene|[notarget]
|-fail|p2a: Landorus
|
|upkeep
|
|t:|1776079095
|switch|p1a: Farigiraf|Farigiraf, F|100/100
|turn|3
|
|t:|1776079106
|switch|p2a: Garganacl|Garganacl, F|100/100
|move|p1a: Farigiraf|Hyper Voice|p2a: Garganacl
|-resisted|p2a: Garganacl
|-damage|p2a: Garganacl|84/100
|-enditem|p1a: Farigiraf|Throat Spray
|-boost|p1a: Farigiraf|spa|1|[from] item: Throat Spray
|
|-heal|p2a: Garganacl|90/100|[from] item: Leftovers
|upkeep
|turn|4
|
|t:|1776079119
|switch|p1a: Ursaluna|Ursaluna, F|100/100
|move|p2a: Garganacl|Salt Cure|p1a: Ursaluna
|-resisted|p1a: Ursaluna
|-damage|p1a: Ursaluna|96/100
|-start|p1a: Ursaluna|Salt Cure
|
|-heal|p2a: Garganacl|97/100|[from] item: Leftovers
|-damage|p1a: Ursaluna|83/100|[from] Salt Cure
|-status|p1a: Ursaluna|brn|[from] item: Flame Orb
|upkeep
|turn|5
|
|t:|1776079130
|move|p2a: Garganacl|Protect|p2a: Garganacl
|-singleturn|p2a: Garganacl|Protect
|move|p1a: Ursaluna|Facade|p2a: Garganacl
|-activate|p2a: Garganacl|move: Protect
|
|-heal|p2a: Garganacl|100/100|[from] item: Leftovers
|-damage|p1a: Ursaluna|77/100 brn|[from] brn
|-damage|p1a: Ursaluna|65/100 brn|[from] Salt Cure
|-fieldend|move: Trick Room
|upkeep
|turn|6
|
|t:|1776079159
|switch|p2a: Skarmory|Skarmory, F|100/100
|switch|p1a: Mimikyu|Mimikyu, M|100/100
|
|upkeep
|turn|7
|
|t:|1776079169
|move|p2a: Skarmory|Spikes|p1a: Mimikyu
|-sidestart|p1: katai18|Spikes
|move|p1a: Mimikyu|Trick Room|p1a: Mimikyu
|-fieldstart|move: Trick Room|[of] p1a: Mimikyu
|
|upkeep
|turn|8
|
|t:|1776079175
|move|p1a: Mimikyu|Curse|p2a: Skarmory
|-start|p2a: Skarmory|Curse|[of] p1a: Mimikyu
|-damage|p1a: Mimikyu|50/100
|move|p2a: Skarmory|Spikes|p1a: Mimikyu
|-sidestart|p1: katai18|Spikes
|
|-damage|p2a: Skarmory|76/100|[from] Curse
|upkeep
|turn|9
|
|t:|1776079188
|switch|p1a: Slither Wing|Slither Wing|100/100
|-damage|p1a: Slither Wing|84/100|[from] Spikes
|switch|p2a: Garganacl|Garganacl, F|100/100
|
|upkeep
|turn|10
|
|t:|1776079197
|-terastallize|p2a: Garganacl|Fairy
|move|p2a: Garganacl|Salt Cure|p1a: Slither Wing
|-damage|p1a: Slither Wing|68/100
|-start|p1a: Slither Wing|Salt Cure
|move|p1a: Slither Wing|Close Combat|p2a: Garganacl
|-resisted|p2a: Garganacl
|-damage|p2a: Garganacl|66/100
|-unboost|p1a: Slither Wing|def|1
|-unboost|p1a: Slither Wing|spd|1
|
|-heal|p2a: Garganacl|73/100|[from] item: Leftovers
|-damage|p1a: Slither Wing|56/100|[from] Salt Cure
|upkeep
|turn|11
|
|t:|1776079214
|-end|p1a: Slither Wing|Protosynthesis|[silent]
|switch|p1a: Farigiraf|Farigiraf, F|100/100
|-damage|p1a: Farigiraf|84/100|[from] Spikes
|move|p2a: Garganacl|Stealth Rock|p1a: Farigiraf
|-sidestart|p1: katai18|move: Stealth Rock
|
|-heal|p2a: Garganacl|79/100|[from] item: Leftovers
|-fieldend|move: Trick Room
|upkeep
|turn|12
|
|t:|1776079223
|move|p2a: Garganacl|Salt Cure|p1a: Farigiraf
|-damage|p1a: Farigiraf|69/100
|-start|p1a: Farigiraf|Salt Cure
|move|p1a: Farigiraf|Trick Room|p1a: Farigiraf
|-fieldstart|move: Trick Room|[of] p1a: Farigiraf
|
|-heal|p2a: Garganacl|85/100|[from] item: Leftovers
|-damage|p1a: Farigiraf|56/100|[from] Salt Cure
|upkeep
|turn|13
|
|t:|1776079232
|move|p2a: Garganacl|Protect|p2a: Garganacl
|-singleturn|p2a: Garganacl|Protect
|move|p1a: Farigiraf|Nasty Plot|p1a: Farigiraf
|-boost|p1a: Farigiraf|spa|2
|
|-heal|p2a: Garganacl|91/100|[from] item: Leftovers
|-damage|p1a: Farigiraf|44/100|[from] Salt Cure
|upkeep
|turn|14
|
|t:|1776079242
|move|p2a: Garganacl|Recover|p2a: Garganacl
|-heal|p2a: Garganacl|100/100
|move|p1a: Farigiraf|Hyper Voice|p2a: Garganacl
|-damage|p2a: Garganacl|34/100
|
|-heal|p2a: Garganacl|40/100|[from] item: Leftovers
|-damage|p1a: Farigiraf|31/100|[from] Salt Cure
|upkeep
|turn|15
|
|t:|1776079251
|move|p2a: Garganacl|Protect|p2a: Garganacl
|-singleturn|p2a: Garganacl|Protect
|move|p1a: Farigiraf|Nasty Plot|p1a: Farigiraf
|-boost|p1a: Farigiraf|spa|2
|
|-heal|p2a: Garganacl|46/100|[from] item: Leftovers
|-damage|p1a: Farigiraf|19/100|[from] Salt Cure
|upkeep
|turn|16
|
|t:|1776079264
|switch|p2a: Landorus|Landorus-Therian, M|20/100
|-ability|p2a: Landorus|Intimidate|boost
|-unboost|p1a: Farigiraf|atk|1
|move|p1a: Farigiraf|Hyper Voice|p2a: Landorus
|-damage|p2a: Landorus|0 fnt
|faint|p2a: Landorus
|
|-damage|p1a: Farigiraf|6/100|[from] Salt Cure
|-fieldend|move: Trick Room
|upkeep
|
|t:|1776079283
|switch|p2a: Darkrai|Darkrai|100/100
|turn|17
|
|t:|1776079295
|move|p2a: Darkrai|Ice Beam|p1a: Farigiraf
|-damage|p1a: Farigiraf|0 fnt
|faint|p1a: Farigiraf
|
|upkeep
|
|t:|1776079297
|switch|p1a: Slither Wing|Slither Wing|56/100
|-damage|p1a: Slither Wing|39/100|[from] Spikes
|-damage|p1a: Slither Wing|27/100|[from] Stealth Rock
|turn|18
|
|t:|1776079304
|move|p1a: Slither Wing|First Impression|p2a: Darkrai
|-supereffective|p2a: Darkrai
|-damage|p2a: Darkrai|0 fnt
|faint|p2a: Darkrai
|
|upkeep
|
|t:|1776079312
|switch|p2a: Garganacl|Garganacl, F, tera:Fairy|46/100
|turn|19
|
|t:|1776079316
|-end|p1a: Slither Wing|Protosynthesis|[silent]
|switch|p1a: Mimikyu|Mimikyu, M|50/100
|-damage|p1a: Mimikyu|34/100|[from] Spikes
|-damage|p1a: Mimikyu|22/100|[from] Stealth Rock
|move|p2a: Garganacl|Recover|p2a: Garganacl
|-heal|p2a: Garganacl|96/100
|
|-heal|p2a: Garganacl|100/100|[from] item: Leftovers
|upkeep
|turn|20
|
|t:|1776079326
|move|p2a: Garganacl|Salt Cure|p1a: Mimikyu
|-activate|p1a: Mimikyu|ability: Disguise
|-damage|p1a: Mimikyu|22/100
|-start|p1a: Mimikyu|Salt Cure
|detailschange|p1a: Mimikyu|Mimikyu-Busted, M
|-damage|p1a: Mimikyu|9/100|[from] pokemon: Mimikyu-Busted
|move|p1a: Mimikyu|Trick Room|p1a: Mimikyu
|-fieldstart|move: Trick Room|[of] p1a: Mimikyu
|
|-damage|p1a: Mimikyu|0 fnt|[from] Salt Cure
|faint|p1a: Mimikyu
|upkeep
|
|t:|1776079331
|switch|p1a: Ursaluna|Ursaluna, F|65/100 brn
|-damage|p1a: Ursaluna|48/100 brn|[from] Spikes
|-damage|p1a: Ursaluna|42/100 brn|[from] Stealth Rock
|turn|21
|
|t:|1776079344
|move|p1a: Ursaluna|Swords Dance|p1a: Ursaluna
|-boost|p1a: Ursaluna|atk|2
|move|p2a: Garganacl|Salt Cure|p1a: Ursaluna
|-resisted|p1a: Ursaluna
|-damage|p1a: Ursaluna|37/100 brn
|-start|p1a: Ursaluna|Salt Cure
|
|-damage|p1a: Ursaluna|31/100 brn|[from] brn
|-damage|p1a: Ursaluna|19/100 brn|[from] Salt Cure
|upkeep
|turn|22
|
|t:|1776079354
|move|p2a: Garganacl|Protect|p2a: Garganacl
|-singleturn|p2a: Garganacl|Protect
|move|p1a: Ursaluna|Facade|p2a: Garganacl
|-activate|p2a: Garganacl|move: Protect
|
|-damage|p1a: Ursaluna|12/100 brn|[from] brn
|-damage|p1a: Ursaluna|0 fnt|[from] Salt Cure
|faint|p1a: Ursaluna
|upkeep
|
|t:|1776079359
|switch|p1a: Torkoal|Torkoal, F|100/100
|-damage|p1a: Torkoal|84/100|[from] Spikes
|-damage|p1a: Torkoal|59/100|[from] Stealth Rock
|-weather|SunnyDay|[from] ability: Drought|[of] p1a: Torkoal
|turn|23
|
|t:|1776079370
|-terastallize|p1a: Torkoal|Fire
|move|p1a: Torkoal|Flamethrower|p2a: Garganacl
|-damage|p2a: Garganacl|27/100
|move|p2a: Garganacl|Salt Cure|p1a: Torkoal
|-supereffective|p1a: Torkoal
|-damage|p1a: Torkoal|38/100
|-start|p1a: Torkoal|Salt Cure
|
|-weather|SunnyDay|[upkeep]
|-heal|p2a: Garganacl|33/100|[from] item: Leftovers
|-damage|p1a: Torkoal|25/100|[from] Salt Cure
|upkeep
|turn|24
|l|☆katai18
|player|p1|
|
|t:|1776079383
|move|p2a: Garganacl|Protect|p2a: Garganacl
|-singleturn|p2a: Garganacl|Protect
|move|p1a: Torkoal|Flamethrower|p2a: Garganacl
|-activate|p2a: Garganacl|move: Protect
|
|-weather|SunnyDay|[upkeep]
|-heal|p2a: Garganacl|39/100|[from] item: Leftovers
|-damage|p1a: Torkoal|13/100|[from] Salt Cure
|-fieldend|move: Trick Room
|upkeep
|turn|25
|inactive|Battle timer is ON: inactive players will automatically lose when time's up. (requested by Gregorio Serrao)
|inactive|katai18 has 30 seconds to reconnect!
|inactive|katai18 has 20 seconds to reconnect!
|inactive|katai18 has 15 seconds to reconnect!
|inactive|katai18 has 10 seconds to reconnect!
|inactive|katai18 has 5 seconds to reconnect!
|-message|katai18 lost due to inactivity.
|
|win|Gregorio Serrao
|raw|katai18's rating: 1350 &rarr; <strong>1330</strong><br />(-20 for losing)
|raw|Gregorio Serrao's rating: 1345 &rarr; <strong>1365</strong><br />(+20 for winning)
|l|☆Gregorio Serrao
|player|p2|
