|html|<div class="broadcast-blue"><strong>[Gen 9] OU is currently suspecting Tera Blast! For information on how to participate check out the <a href="https://www.smogon.com/tools/suspects/view/200">suspect thread</a>.</strong></div>
|j|☆TheRegisAreCool
|j|☆Virid18
|t:|1776048645
|gametype|singles
|player|p1|TheRegisAreCool|fisherman-gen4|1153
|player|p2|Virid18|101|1111
|gen|9
|tier|[Gen 9] OU
|rated|
|rule|HP Percentage Mod: HP is shown in percentages
|rule|Endless Battle Clause: Forcing endless battles is banned
|rule|Species Clause: Limit one of each Pokémon
|rule|OHKO Clause: OHKO moves are banned
|rule|Evasion Items Clause: Evasion items are banned
|rule|Evasion Moves Clause: Evasion moves are banned
|rule|Evasion Abilities Clause: Evasion abilities are banned
|rule|Sleep Moves Clause: Sleep-inducing moves are banned
|clearpoke
|poke|p1|Conkeldurr, M|
|poke|p1|Iron Moth|
|poke|p1|Glimmora, F|
|poke|p1|Kommo-o, F|
|poke|p1|Samurott-Hisui, M|
|poke|p1|Donphan, F|
|poke|p2|Milotic, M|
|poke|p2|Ursaluna, M|
|poke|p2|Glimmora, M|
|poke|p2|Cinderace, M|
|poke|p2|Gliscor, M|
|poke|p2|Perrserker, F|
|teampreview
|inactive|Battle timer is ON: inactive players will automatically lose when time's up. (requested by TheRegisAreCool)
|
|t:|1776048656
|teamsize|p1|6
|teamsize|p2|6
|start
|switch|p1a: Glimmora|Glimmora, F|100/100
|switch|p2a: Glimmora|Glimmora, M|100/100
|turn|1
|
|t:|1776048664
|move|p1a: Glimmora|Earth Power|p2a: Glimmora
|-supereffective|p2a: Glimmora
|-damage|p2a: Glimmora|0 fnt
|faint|p2a: Glimmora
|
|upkeep
|
|t:|1776048676
|switch|p2a: Gliscor|Gliscor, M|100/100
|turn|2
|
|t:|1776048681
|-terastallize|p1a: Glimmora|Rock
|move|p2a: Gliscor|Earthquake|p1a: Glimmora
|-supereffective|p1a: Glimmora
|-damage|p1a: Glimmora|1/100
|-activate|p1a: Glimmora|ability: Toxic Debris
|-sidestart|p2: Virid18|move: Toxic Spikes
|move|p1a: Glimmora|Power Gem|p2a: Gliscor
|-damage|p2a: Gliscor|24/100
|
|-status|p2a: Gliscor|tox|[from] item: Toxic Orb
|upkeep
|turn|3
|
|t:|1776048694
|move|p2a: Gliscor|Earthquake|p1a: Glimmora
|-supereffective|p1a: Glimmora
|-damage|p1a: Glimmora|0 fnt
|-activate|p1a: Glimmora|ability: Toxic Debris
|-sidestart|p2: Virid18|move: Toxic Spikes
|faint|p1a: Glimmora
|
|-heal|p2a: Gliscor|37/100 tox|[from] ability: Poison Heal
|upkeep
|
|t:|1776048716
|switch|p1a: Donphan|Donphan, F|100/100
|turn|4
|
|t:|1776048742
|move|p2a: Gliscor|Facade|p1a: Donphan
|-damage|p1a: Donphan|63/100
|move|p1a: Donphan|Knock Off|p2a: Gliscor
|-damage|p2a: Gliscor|2/100 tox
|-enditem|p2a: Gliscor|Toxic Orb|[from] move: Knock Off|[of] p1a: Donphan
|
|-heal|p2a: Gliscor|14/100 tox|[from] ability: Poison Heal
|upkeep
|turn|5
|inactive|Virid18 has 120 seconds left.
|
|t:|1776048763
|move|p1a: Donphan|Ice Shard|p2a: Gliscor
|-supereffective|p2a: Gliscor
|-damage|p2a: Gliscor|0 fnt
|faint|p2a: Gliscor
|
|upkeep
|
|t:|1776048774
|switch|p2a: Milotic|Milotic, M|100/100
|-status|p2a: Milotic|tox
|turn|6
|
|t:|1776048780
|move|p2a: Milotic|Scald|p1a: Donphan
|-supereffective|p1a: Donphan
|-damage|p1a: Donphan|0 fnt
|faint|p1a: Donphan
|
|-damage|p2a: Milotic|94/100 tox|[from] psn
|upkeep
|
|t:|1776048790
|switch|p1a: Samurott|Samurott-Hisui, M|100/100
|turn|7
|
|t:|1776048796
|move|p1a: Samurott|Ceaseless Edge|p2a: Milotic
|-damage|p2a: Milotic|61/100 tox
|-sidestart|p2: Virid18|Spikes
|move|p2a: Milotic|Scald|p1a: Samurott
|-resisted|p1a: Samurott
|-damage|p1a: Samurott|85/100
|
|-heal|p2a: Milotic|67/100 tox|[from] item: Leftovers
|-damage|p2a: Milotic|55/100 tox|[from] psn
|upkeep
|turn|8
|
|t:|1776048809
|move|p1a: Samurott|Ceaseless Edge|p2a: Milotic
|-damage|p2a: Milotic|19/100 tox
|-sidestart|p2: Virid18|Spikes
|move|p2a: Milotic|Alluring Voice|p1a: Samurott
|-supereffective|p1a: Samurott
|-damage|p1a: Samurott|45/100
|
|-heal|p2a: Milotic|25/100 tox|[from] item: Leftovers
|-damage|p2a: Milotic|7/100 tox|[from] psn
|upkeep
|turn|9
|
|t:|1776048821
|move|p1a: Samurott|Ceaseless Edge|p2a: Milotic
|-damage|p2a: Milotic|0 fnt
|-sidestart|p2: Virid18|Spikes
|faint|p2a: Milotic
|
|upkeep
|
|t:|1776048830
|switch|p2a: Cinderace|Cinderace, M|100/100
|-status|p2a: Cinderace|tox
|-damage|p2a: Cinderace|76/100 tox|[from] Spikes
|turn|10
|inactive|TheRegisAreCool has 120 seconds left.
|
|t:|1776048862
|move|p2a: Cinderace|U-turn|p1a: Samurott
|-start|p2a: Cinderace|typechange|Bug|[from] ability: Libero
|-supereffective|p1a: Samurott
|-damage|p1a: Samurott|0 fnt
|faint|p1a: Samurott
|
|t:|1776048871
|switch|p2a: Perrserker|Perrserker, F|100/100|[from] U-turn
|-damage|p2a: Perrserker|76/100|[from] Spikes
|
|upkeep
|inactive|TheRegisAreCool has 120 seconds left.
|
|t:|1776048882
|switch|p1a: Kommo-o|Kommo-o, F|100/100
|turn|11
|
|t:|1776048892
|-terastallize|p2a: Perrserker|Flying
|move|p1a: Kommo-o|Aura Sphere|p2a: Perrserker
|-resisted|p2a: Perrserker
|-damage|p2a: Perrserker|46/100
|move|p2a: Perrserker|Iron Head|p1a: Kommo-o
|-damage|p1a: Kommo-o|18/100
|
|-heal|p1a: Kommo-o|24/100|[from] item: Leftovers
|upkeep
|turn|12
|
|t:|1776048903
|move|p1a: Kommo-o|Clanging Scales|p2a: Perrserker
|-damage|p2a: Perrserker|0 fnt
|faint|p2a: Perrserker
|-unboost|p1a: Kommo-o|def|1
|
|-heal|p1a: Kommo-o|30/100|[from] item: Leftovers
|upkeep
|
|t:|1776048914
|switch|p2a: Cinderace|Cinderace, M|76/100 tox
|-damage|p2a: Cinderace|51/100 tox|[from] Spikes
|turn|13
|
|t:|1776048926
|move|p2a: Cinderace|Iron Head|p1a: Kommo-o
|-start|p2a: Cinderace|typechange|Steel|[from] ability: Libero
|-damage|p1a: Kommo-o|0 fnt
|faint|p1a: Kommo-o
|
|-damage|p2a: Cinderace|45/100 tox|[from] psn
|upkeep
|inactive|TheRegisAreCool has 120 seconds left.
|
|t:|1776048970
|switch|p1a: Conkeldurr|Conkeldurr, M|100/100
|turn|14
|
|t:|1776048976
|move|p1a: Conkeldurr|Mach Punch|p2a: Cinderace
|-supereffective|p2a: Cinderace
|-damage|p2a: Cinderace|0 fnt
|faint|p2a: Cinderace
|
|-status|p1a: Conkeldurr|brn|[from] item: Flame Orb
|upkeep
|
|t:|1776048984
|switch|p2a: Ursaluna|Ursaluna, M|100/100
|-status|p2a: Ursaluna|tox
|-damage|p2a: Ursaluna|75/100 tox|[from] Spikes
|turn|15
|
|t:|1776048989
|move|p2a: Ursaluna|Earthquake|p1a: Conkeldurr
|-crit|p1a: Conkeldurr
|-damage|p1a: Conkeldurr|0 fnt
|faint|p1a: Conkeldurr
|
|-damage|p2a: Ursaluna|69/100 tox|[from] psn
|upkeep
|
|t:|1776048993
|switch|p1a: Iron Moth|Iron Moth|100/100
|-enditem|p1a: Iron Moth|Booster Energy
|-activate|p1a: Iron Moth|ability: Quark Drive|[fromitem]
|-start|p1a: Iron Moth|quarkdrivespe
|turn|16
|
|t:|1776049002
|move|p1a: Iron Moth|Energy Ball|p2a: Ursaluna
|-supereffective|p2a: Ursaluna
|-damage|p2a: Ursaluna|13/100 tox
|-enditem|p2a: Ursaluna|Sitrus Berry|[eat]
|-heal|p2a: Ursaluna|38/100 tox|[from] item: Sitrus Berry
|move|p2a: Ursaluna|Earthquake|p1a: Iron Moth
|-supereffective|p1a: Iron Moth
|-damage|p1a: Iron Moth|0 fnt
|faint|p1a: Iron Moth
|-end|p1a: Iron Moth|Quark Drive|[silent]
|
|win|Virid18
|raw|TheRegisAreCool's rating: 1153 &rarr; <strong>1125</strong><br />(-28 for losing)
|raw|Virid18's rating: 1111 &rarr; <strong>1139</strong><br />(+28 for winning)
|l|☆TheRegisAreCool
|player|p1|
|n|☆Virid18|virid18
