|html|<div class="broadcast-blue"><strong>[Gen 9] OU is currently suspecting Tera Blast! For information on how to participate check out the <a href="https://www.smogon.com/tools/suspects/view/200">suspect thread</a>.</strong></div>
|j|☆kjojon
|j|☆raxiahsta
|t:|1776133619
|gametype|singles
|player|p1|kjojon|brock|1140
|player|p2|raxiahsta|rocketgruntf|1082
|gen|9
|tier|[Gen 9] OU
|rated|
|rule|HP Percentage Mod: HP is shown in percentages
|rule|Endless Battle Clause: Forcing endless battles is banned
|rule|Species Clause: Limit one of each Pokémon
|rule|OHKO Clause: OHKO moves are banned
|rule|Evasion Items Clause: Evasion items are banned
|rule|Evasion Moves Clause: Evasion moves are banned
|rule|Evasion Abilities Clause: Evasion abilities are banned
|rule|Sleep Moves Clause: Sleep-inducing moves are banned
|clearpoke
|poke|p1|Gardevoir, F|
|poke|p1|Cinderace, F|
|poke|p1|Duraludon, M|
|poke|p1|Hitmontop, M|
|poke|p1|Necrozma|
|poke|p1|Porygon-Z|
|poke|p2|Tyranitar, F|
|poke|p2|Hitmonchan, M|
|poke|p2|Meganium, M|
|poke|p2|Froslass, F|
|poke|p2|Ampharos, M|
|poke|p2|Vaporeon, F|
|teampreview
|inactive|Battle timer is ON: inactive players will automatically lose when time's up. (requested by raxiahsta)
|
|t:|1776133625
|teamsize|p1|6
|teamsize|p2|6
|start
|switch|p1a: PoyPee|Porygon-Z, shiny|100/100
|switch|p2a: Froslass|Froslass, F|100/100
|turn|1
|
|t:|1776133647
|move|p2a: Froslass|Spikes|p1a: PoyPee
|-sidestart|p1: kjojon|Spikes
|move|p1a: PoyPee|Shadow Ball|p2a: Froslass
|-supereffective|p2a: Froslass
|-enditem|p2a: Froslass|Focus Sash
|-damage|p2a: Froslass|1/100
|-unboost|p2a: Froslass|spd|1
|
|upkeep
|turn|2
|
|t:|1776133657
|move|p2a: Froslass|Destiny Bond|p2a: Froslass
|-singlemove|p2a: Froslass|Destiny Bond
|move|p1a: PoyPee|Shadow Ball|p2a: Froslass
|-supereffective|p2a: Froslass
|-damage|p2a: Froslass|0 fnt
|faint|p2a: Froslass
|-activate|p2a: Froslass|move: Destiny Bond
|faint|p1a: PoyPee
|
|upkeep
|
|t:|1776133666
|switch|p2a: Meganium|Meganium, M, shiny|100/100
|switch|p1a: Joao|Cinderace, F, shiny|100/100
|-damage|p1a: Joao|88/100|[from] Spikes
|turn|3
|
|t:|1776133672
|switch|p2a: Vaporeon|Vaporeon, F|100/100
|move|p1a: Joao|Court Change|p1a: Joao
|-start|p1a: Joao|typechange|Normal|[from] ability: Libero
|-swapsideconditions
|-activate|p1a: Joao|move: Court Change
|
|upkeep
|turn|4
|
|t:|1776133682
|move|p1a: Joao|Gunk Shot|p2a: Vaporeon
|-damage|p2a: Vaporeon|51/100
|-status|p2a: Vaporeon|psn
|move|p2a: Vaporeon|Surf|p1a: Joao
|-damage|p1a: Joao|41/100
|
|-heal|p2a: Vaporeon|57/100 psn|[from] item: Leftovers
|-damage|p2a: Vaporeon|45/100 psn|[from] psn
|upkeep
|turn|5
|
|t:|1776133694
|switch|p1a: Garfiel|Hitmontop, M|100/100
|move|p2a: Vaporeon|Wish|p2a: Vaporeon
|
|-heal|p2a: Vaporeon|51/100 psn|[from] item: Leftovers
|-damage|p2a: Vaporeon|39/100 psn|[from] psn
|upkeep
|turn|6
|
|t:|1776133701
|move|p2a: Vaporeon|Protect|p2a: Vaporeon
|-singleturn|p2a: Vaporeon|Protect
|move|p1a: Garfiel|Fake Out|p2a: Vaporeon
|-activate|p2a: Vaporeon|move: Protect
|
|-heal|p2a: Vaporeon|89/100 psn|[from] move: Wish|[wisher] Vaporeon
|-heal|p2a: Vaporeon|95/100 psn|[from] item: Leftovers
|-damage|p2a: Vaporeon|82/100 psn|[from] psn
|upkeep
|turn|7
|
|t:|1776133712
|move|p1a: Garfiel|Rapid Spin|p2a: Vaporeon
|-damage|p2a: Vaporeon|55/100 psn
|-boost|p1a: Garfiel|spe|1
|move|p2a: Vaporeon|Surf|p1a: Garfiel
|-damage|p1a: Garfiel|65/100
|
|-heal|p2a: Vaporeon|62/100 psn|[from] item: Leftovers
|-damage|p2a: Vaporeon|49/100 psn|[from] psn
|upkeep
|turn|8
|
|t:|1776133723
|move|p1a: Garfiel|Rapid Spin|p2a: Vaporeon
|-damage|p2a: Vaporeon|19/100 psn
|-boost|p1a: Garfiel|spe|1
|move|p2a: Vaporeon|Wish|p2a: Vaporeon
|
|-heal|p2a: Vaporeon|25/100 psn|[from] item: Leftovers
|-damage|p2a: Vaporeon|13/100 psn|[from] psn
|upkeep
|turn|9
|
|t:|1776133730
|move|p2a: Vaporeon|Protect|p2a: Vaporeon
|-singleturn|p2a: Vaporeon|Protect
|move|p1a: Garfiel|Mach Punch|p2a: Vaporeon
|-activate|p2a: Vaporeon|move: Protect
|
|-heal|p2a: Vaporeon|63/100 psn|[from] move: Wish|[wisher] Vaporeon
|-heal|p2a: Vaporeon|69/100 psn|[from] item: Leftovers
|-damage|p2a: Vaporeon|56/100 psn|[from] psn
|upkeep
|turn|10
|
|t:|1776133744
|switch|p2a: Ampharos|Ampharos, M|100/100
|-damage|p2a: Ampharos|88/100|[from] Spikes
|move|p1a: Garfiel|Rapid Spin|p2a: Ampharos
|-damage|p2a: Ampharos|64/100
|-boost|p1a: Garfiel|spe|1
|
|-heal|p2a: Ampharos|70/100|[from] item: Leftovers
|upkeep
|turn|11
|
|t:|1776133755
|move|p1a: Garfiel|Mach Punch|p2a: Ampharos
|-damage|p2a: Ampharos|39/100
|move|p2a: Ampharos|Discharge|p1a: Garfiel
|-damage|p1a: Garfiel|13/100
|
|-heal|p2a: Ampharos|45/100|[from] item: Leftovers
|upkeep
|turn|12
|
|t:|1776133764
|move|p1a: Garfiel|Rapid Spin|p2a: Ampharos
|-damage|p2a: Ampharos|18/100
|-boost|p1a: Garfiel|spe|1
|move|p2a: Ampharos|Discharge|p1a: Garfiel
|-damage|p1a: Garfiel|0 fnt
|faint|p1a: Garfiel
|
|-heal|p2a: Ampharos|24/100|[from] item: Leftovers
|upkeep
|
|t:|1776133775
|switch|p1a: Joao|Cinderace, F, shiny|41/100
|turn|13
|
|t:|1776133779
|move|p1a: Joao|Sucker Punch|p2a: Ampharos
|-start|p1a: Joao|typechange|Dark|[from] ability: Libero
|-damage|p2a: Ampharos|0 fnt
|-status|p1a: Joao|par|[from] ability: Static|[of] p2a: Ampharos
|faint|p2a: Ampharos
|
|upkeep
|
|t:|1776133794
|switch|p2a: Tyranitar|Tyranitar, F|100/100
|-damage|p2a: Tyranitar|88/100|[from] Spikes
|-weather|Sandstorm|[from] ability: Sand Stream|[of] p2a: Tyranitar
|turn|14
|
|t:|1776133804
|move|p2a: Tyranitar|Dragon Dance|p2a: Tyranitar
|-boost|p2a: Tyranitar|atk|1
|-boost|p2a: Tyranitar|spe|1
|move|p1a: Joao|Gunk Shot|p2a: Tyranitar
|-resisted|p2a: Tyranitar
|-damage|p2a: Tyranitar|69/100
|
|-weather|Sandstorm|[upkeep]
|-damage|p1a: Joao|35/100 par|[from] Sandstorm
|upkeep
|turn|15
|
|t:|1776133816
|move|p2a: Tyranitar|Crunch|p1a: Joao
|-resisted|p1a: Joao
|-damage|p1a: Joao|0 fnt
|faint|p1a: Joao
|
|-weather|Sandstorm|[upkeep]
|upkeep
|
|t:|1776133825
|switch|p1a: Babylon|Duraludon, M, shiny|100/100
|turn|16
|
|t:|1776133835
|move|p2a: Tyranitar|Crunch|p1a: Babylon
|-damage|p1a: Babylon|61/100
|-unboost|p1a: Babylon|def|1
|move|p1a: Babylon|Flash Cannon|p2a: Tyranitar
|-supereffective|p2a: Tyranitar
|-damage|p2a: Tyranitar|9/100
|
|-weather|Sandstorm|[upkeep]
|upkeep
|turn|17
|
|t:|1776133847
|move|p2a: Tyranitar|Crunch|p1a: Babylon
|-damage|p1a: Babylon|0 fnt
|faint|p1a: Babylon
|
|-weather|Sandstorm|[upkeep]
|upkeep
|
|t:|1776133856
|switch|p1a: R-Pyrite|Necrozma, shiny|100/100
|turn|18
|
|t:|1776133861
|-terastallize|p1a: R-Pyrite|Normal
|move|p2a: Tyranitar|Crunch|p1a: R-Pyrite
|-damage|p1a: R-Pyrite|34/100
|move|p1a: R-Pyrite|Dragon Dance|p1a: R-Pyrite
|-boost|p1a: R-Pyrite|atk|1
|-boost|p1a: R-Pyrite|spe|1
|
|-weather|none
|upkeep
|turn|19
|
|t:|1776133868
|move|p1a: R-Pyrite|Brick Break|p2a: Tyranitar
|-supereffective|p2a: Tyranitar
|-damage|p2a: Tyranitar|0 fnt
|faint|p2a: Tyranitar
|
|upkeep
|
|t:|1776133874
|switch|p2a: Hitmonchan|Hitmonchan, M|100/100
|-damage|p2a: Hitmonchan|88/100|[from] Spikes
|turn|20
|
|t:|1776133878
|move|p2a: Hitmonchan|Mach Punch|p1a: R-Pyrite
|-supereffective|p1a: R-Pyrite
|-damage|p1a: R-Pyrite|0 fnt
|faint|p1a: R-Pyrite
|
|-heal|p2a: Hitmonchan|94/100|[from] item: Leftovers
|upkeep
|
|t:|1776133881
|switch|p1a: Xodium|Gardevoir, F, shiny|100/100
|-ability|p1a: Xodium|Iron Fist|Trace|[from] ability: Trace|[of] p2a: Hitmonchan
|turn|21
|
|t:|1776133893
|move|p2a: Hitmonchan|Mach Punch|p1a: Xodium
|-resisted|p1a: Xodium
|-damage|p1a: Xodium|90/100
|move|p1a: Xodium|Moonblast|p2a: Hitmonchan
|-supereffective|p2a: Hitmonchan
|-damage|p2a: Hitmonchan|0 fnt
|faint|p2a: Hitmonchan
|
|upkeep
|
|t:|1776133908
|switch|p2a: Meganium|Meganium, M, shiny|100/100
|-damage|p2a: Meganium|88/100|[from] Spikes
|turn|22
|
|t:|1776133914
|move|p1a: Xodium|Moonblast|p2a: Meganium
|-crit|p2a: Meganium
|-damage|p2a: Meganium|13/100
|move|p2a: Meganium|Leech Seed|p1a: Xodium
|-start|p1a: Xodium|move: Leech Seed
|
|-damage|p1a: Xodium|77/100|[from] Leech Seed|[of] p2a: Meganium
|-heal|p2a: Meganium|24/100|[silent]
|upkeep
|turn|23
|
|t:|1776133922
|move|p1a: Xodium|Moonblast|p2a: Meganium
|-damage|p2a: Meganium|0 fnt
|faint|p2a: Meganium
|
|upkeep
|
|t:|1776133926
|switch|p2a: Vaporeon|Vaporeon, F|56/100 psn
|-damage|p2a: Vaporeon|44/100 psn|[from] Spikes
|turn|24
|
|t:|1776133931
|move|p2a: Vaporeon|Protect|p2a: Vaporeon
|-singleturn|p2a: Vaporeon|Protect
|move|p1a: Xodium|Moonblast|p2a: Vaporeon
|-activate|p2a: Vaporeon|move: Protect
|
|-heal|p2a: Vaporeon|50/100 psn|[from] item: Leftovers
|-damage|p1a: Xodium|65/100|[from] Leech Seed|[of] p2a: Vaporeon
|-heal|p2a: Vaporeon|57/100 psn|[silent]
|-damage|p2a: Vaporeon|45/100 psn|[from] psn
|upkeep
|turn|25
|
|t:|1776133943
|move|p1a: Xodium|Moonblast|p2a: Vaporeon
|-damage|p2a: Vaporeon|16/100 psn
|-unboost|p2a: Vaporeon|spa|1
|move|p2a: Vaporeon|Wish|p2a: Vaporeon
|
|-heal|p2a: Vaporeon|23/100 psn|[from] item: Leftovers
|-damage|p1a: Xodium|53/100|[from] Leech Seed|[of] p2a: Vaporeon
|-heal|p2a: Vaporeon|30/100 psn|[silent]
|-damage|p2a: Vaporeon|18/100 psn|[from] psn
|upkeep
|turn|26
|
|t:|1776133953
|move|p2a: Vaporeon|Protect|p2a: Vaporeon
|-singleturn|p2a: Vaporeon|Protect
|move|p1a: Xodium|Moonblast|p2a: Vaporeon
|-activate|p2a: Vaporeon|move: Protect
|
|-heal|p2a: Vaporeon|68/100 psn|[from] move: Wish|[wisher] Vaporeon
|-heal|p2a: Vaporeon|74/100 psn|[from] item: Leftovers
|-damage|p1a: Xodium|41/100|[from] Leech Seed|[of] p2a: Vaporeon
|-heal|p2a: Vaporeon|81/100 psn|[silent]
|-damage|p2a: Vaporeon|69/100 psn|[from] psn
|upkeep
|turn|27
|
|t:|1776133964
|move|p1a: Xodium|Moonblast|p2a: Vaporeon
|-damage|p2a: Vaporeon|40/100 psn
|-unboost|p2a: Vaporeon|spa|1
|move|p2a: Vaporeon|Wish|p2a: Vaporeon
|
|-heal|p2a: Vaporeon|46/100 psn|[from] item: Leftovers
|-damage|p1a: Xodium|29/100|[from] Leech Seed|[of] p2a: Vaporeon
|-heal|p2a: Vaporeon|54/100 psn|[silent]
|-damage|p2a: Vaporeon|41/100 psn|[from] psn
|upkeep
|turn|28
|
|t:|1776133974
|move|p2a: Vaporeon|Protect|p2a: Vaporeon
|-singleturn|p2a: Vaporeon|Protect
|move|p1a: Xodium|Moonblast|p2a: Vaporeon
|-activate|p2a: Vaporeon|move: Protect
|
|-heal|p2a: Vaporeon|91/100 psn|[from] move: Wish|[wisher] Vaporeon
|-heal|p2a: Vaporeon|97/100 psn|[from] item: Leftovers
|-damage|p1a: Xodium|16/100|[from] Leech Seed|[of] p2a: Vaporeon
|-heal|p2a: Vaporeon|100/100 psn|[silent]
|-damage|p2a: Vaporeon|88/100 psn|[from] psn
|upkeep
|turn|29
|c|☆kjojon|gg's
|c|☆raxiahsta|gg
|
|t:|1776133986
|move|p1a: Xodium|Moonblast|p2a: Vaporeon
|-damage|p2a: Vaporeon|63/100 psn
|-unboost|p2a: Vaporeon|spa|1
|move|p2a: Vaporeon|Surf|p1a: Xodium
|-crit|p1a: Xodium
|-damage|p1a: Xodium|0 fnt
|faint|p1a: Xodium
|
|win|raxiahsta
|raw|kjojon's rating: 1140 &rarr; <strong>1111</strong><br />(-29 for losing)
|raw|raxiahsta's rating: 1082 &rarr; <strong>1114</strong><br />(+32 for winning)
