|html|<div class="broadcast-blue"><strong>[Gen 9] OU is currently suspecting Tera Blast! For information on how to participate check out the <a href="https://www.smogon.com/tools/suspects/view/200">suspect thread</a>.</strong></div>
|j|☆BFromTheMFBay
|j|☆Mathdragon
|t:|1776040940
|gametype|singles
|player|p1|BFromTheMFBay|265|1414
|player|p2|Mathdragon|lady-gen4|1365
|gen|9
|tier|[Gen 9] OU
|rated|
|rule|HP Percentage Mod: HP is shown in percentages
|rule|Endless Battle Clause: Forcing endless battles is banned
|rule|Species Clause: Limit one of each Pokémon
|rule|OHKO Clause: OHKO moves are banned
|rule|Evasion Items Clause: Evasion items are banned
|rule|Evasion Moves Clause: Evasion moves are banned
|rule|Evasion Abilities Clause: Evasion abilities are banned
|rule|Sleep Moves Clause: Sleep-inducing moves are banned
|clearpoke
|poke|p1|Zamazenta-*|
|poke|p1|Kyurem|
|poke|p1|Iron Treads|
|poke|p1|Tornadus-Therian, M|
|poke|p1|Pecharunt|
|poke|p1|Ting-Lu|
|poke|p2|Hatterene, F|
|poke|p2|Drifblim, F|
|poke|p2|Whimsicott, M|
|poke|p2|Dondozo, M|
|poke|p2|Blissey, F|
|poke|p2|Exeggutor, F|
|teampreview
|inactive|Battle timer is ON: inactive players will automatically lose when time's up. (requested by Mathdragon)
|
|t:|1776040958
|teamsize|p1|6
|teamsize|p2|6
|start
|switch|p1a: Pecharunt|Pecharunt|100/100
|switch|p2a: Whimsicott|Whimsicott, M|100/100
|turn|1
|c|☆BFromTheMFBay|hf
|inactive|BFromTheMFBay also wants the timer to be on.
|
|t:|1776040974
|move|p2a: Whimsicott|U-turn|p1a: Pecharunt
|-resisted|p1a: Pecharunt
|-damage|p1a: Pecharunt|99/100
|
|t:|1776040981
|switch|p2a: Blissey|Blissey, F|100/100|[from] U-turn
|move|p1a: Pecharunt|Malignant Chain|p2a: Blissey
|-damage|p2a: Blissey|92/100
|-status|p2a: Blissey|tox
|-start|p2a: Blissey|confusion|[from] ability: Poison Puppeteer|[of] p1a: Pecharunt
|
|-damage|p2a: Blissey|85/100 tox|[from] psn
|upkeep
|turn|2
|
|t:|1776040998
|move|p1a: Pecharunt|Malignant Chain|p2a: Blissey
|-crit|p2a: Blissey
|-damage|p2a: Blissey|71/100 tox
|-activate|p2a: Blissey|confusion
|-damage|p2a: Blissey|70/100 tox|[from] confusion
|
|-damage|p2a: Blissey|58/100 tox|[from] psn
|upkeep
|turn|3
|
|t:|1776041015
|move|p1a: Pecharunt|Malignant Chain|p2a: Blissey
|-damage|p2a: Blissey|49/100 tox
|-activate|p2a: Blissey|confusion
|move|p2a: Blissey|Soft-Boiled|p2a: Blissey
|-heal|p2a: Blissey|99/100 tox
|
|-damage|p2a: Blissey|80/100 tox|[from] psn
|upkeep
|turn|4
|
|t:|1776041031
|move|p1a: Pecharunt|Malignant Chain|p2a: Blissey
|-damage|p2a: Blissey|70/100 tox
|-activate|p2a: Blissey|confusion
|-damage|p2a: Blissey|69/100 tox|[from] confusion
|
|-damage|p2a: Blissey|45/100 tox|[from] psn
|upkeep
|turn|5
|inactive|BFromTheMFBay has 120 seconds left.
|
|t:|1776041048
|move|p1a: Pecharunt|Malignant Chain|p2a: Blissey
|-damage|p2a: Blissey|35/100 tox
|-activate|p2a: Blissey|confusion
|move|p2a: Blissey|Heal Bell|p2a: Blissey
|-activate|p2a: Blissey|move: Heal Bell
|-curestatus|p2a: Blissey|tox|[msg]
|
|upkeep
|turn|6
|inactive|BFromTheMFBay has 120 seconds left.
|
|t:|1776041065
|move|p1a: Pecharunt|Nasty Plot|p1a: Pecharunt
|-boost|p1a: Pecharunt|spa|2
|-end|p2a: Blissey|confusion
|move|p2a: Blissey|Soft-Boiled|p2a: Blissey
|-heal|p2a: Blissey|85/100
|
|upkeep
|turn|7
|inactive|BFromTheMFBay has 120 seconds left.
|
|t:|1776041081
|move|p1a: Pecharunt|Malignant Chain|p2a: Blissey
|-damage|p2a: Blissey|65/100
|move|p2a: Blissey|Shadow Ball|p1a: Pecharunt
|-supereffective|p1a: Pecharunt
|-damage|p1a: Pecharunt|72/100
|
|upkeep
|turn|8
|
|t:|1776041103
|move|p1a: Pecharunt|Recover|p1a: Pecharunt
|-heal|p1a: Pecharunt|100/100
|move|p2a: Blissey|Shadow Ball|p1a: Pecharunt
|-supereffective|p1a: Pecharunt
|-damage|p1a: Pecharunt|73/100
|
|upkeep
|turn|9
|inactive|BFromTheMFBay has 120 seconds left.
|
|t:|1776041112
|move|p1a: Pecharunt|Recover|p1a: Pecharunt
|-heal|p1a: Pecharunt|100/100
|move|p2a: Blissey|Shadow Ball|p1a: Pecharunt
|-supereffective|p1a: Pecharunt
|-damage|p1a: Pecharunt|73/100
|
|upkeep
|turn|10
|
|t:|1776041120
|move|p1a: Pecharunt|Recover|p1a: Pecharunt
|-heal|p1a: Pecharunt|100/100
|move|p2a: Blissey|Shadow Ball|p1a: Pecharunt
|-supereffective|p1a: Pecharunt
|-damage|p1a: Pecharunt|71/100
|
|upkeep
|turn|11
|
|t:|1776041129
|move|p1a: Pecharunt|Recover|p1a: Pecharunt
|-heal|p1a: Pecharunt|100/100
|move|p2a: Blissey|Shadow Ball|p1a: Pecharunt
|-supereffective|p1a: Pecharunt
|-damage|p1a: Pecharunt|70/100
|
|upkeep
|turn|12
|
|t:|1776041137
|move|p1a: Pecharunt|Recover|p1a: Pecharunt
|-heal|p1a: Pecharunt|100/100
|move|p2a: Blissey|Shadow Ball|p1a: Pecharunt
|-supereffective|p1a: Pecharunt
|-damage|p1a: Pecharunt|72/100
|
|upkeep
|turn|13
|
|t:|1776041146
|move|p1a: Pecharunt|Recover|p1a: Pecharunt
|-heal|p1a: Pecharunt|100/100
|move|p2a: Blissey|Shadow Ball|p1a: Pecharunt
|-supereffective|p1a: Pecharunt
|-damage|p1a: Pecharunt|70/100
|
|upkeep
|turn|14
|
|t:|1776041154
|move|p1a: Pecharunt|Recover|p1a: Pecharunt
|-heal|p1a: Pecharunt|100/100
|move|p2a: Blissey|Shadow Ball|p1a: Pecharunt
|-supereffective|p1a: Pecharunt
|-damage|p1a: Pecharunt|70/100
|
|upkeep
|turn|15
|
|t:|1776041163
|move|p1a: Pecharunt|Malignant Chain|p2a: Blissey
|-damage|p2a: Blissey|45/100
|-status|p2a: Blissey|tox
|-start|p2a: Blissey|confusion|[from] ability: Poison Puppeteer|[of] p1a: Pecharunt
|-activate|p2a: Blissey|confusion
|move|p2a: Blissey|Shadow Ball|p1a: Pecharunt
|-supereffective|p1a: Pecharunt
|-damage|p1a: Pecharunt|43/100
|
|-damage|p2a: Blissey|39/100 tox|[from] psn
|upkeep
|turn|16
|
|t:|1776041176
|move|p1a: Pecharunt|Recover|p1a: Pecharunt
|-heal|p1a: Pecharunt|93/100
|-activate|p2a: Blissey|confusion
|move|p2a: Blissey|Heal Bell|p2a: Blissey
|-activate|p2a: Blissey|move: Heal Bell
|-curestatus|p2a: Blissey|tox|[msg]
|
|upkeep
|turn|17
|
|t:|1776041185
|move|p1a: Pecharunt|Malignant Chain|p2a: Blissey
|-damage|p2a: Blissey|19/100
|-status|p2a: Blissey|tox
|-activate|p2a: Blissey|confusion
|move|p2a: Blissey|Soft-Boiled|p2a: Blissey
|-heal|p2a: Blissey|69/100 tox
|
|-damage|p2a: Blissey|63/100 tox|[from] psn
|upkeep
|turn|18
|
|t:|1776041195
|switch|p1a: Kyurem|Kyurem|100/100
|-ability|p1a: Kyurem|Pressure
|-activate|p2a: Blissey|confusion
|move|p2a: Blissey|Heal Bell|p2a: Blissey
|-activate|p2a: Blissey|move: Heal Bell
|-curestatus|p2a: Blissey|tox|[msg]
|
|upkeep
|turn|19
|
|t:|1776041205
|switch|p2a: Whimsicott|Whimsicott, M|100/100
|move|p1a: Kyurem|Ice Beam|p2a: Whimsicott
|-supereffective|p2a: Whimsicott
|-damage|p2a: Whimsicott|0 fnt
|faint|p2a: Whimsicott
|
|upkeep
|
|t:|1776041216
|switch|p2a: Exeggutor|Exeggutor, F|100/100
|turn|20
|
|t:|1776041232
|-terastallize|p2a: Exeggutor|Poison
|move|p1a: Kyurem|Ice Beam|p2a: Exeggutor
|-crit|p2a: Exeggutor
|-damage|p2a: Exeggutor|31/100
|-enditem|p2a: Exeggutor|Sitrus Berry|[eat]
|-heal|p2a: Exeggutor|56/100|[from] item: Sitrus Berry
|move|p2a: Exeggutor|Calm Mind|p2a: Exeggutor
|-boost|p2a: Exeggutor|spa|1
|-boost|p2a: Exeggutor|spd|1
|
|upkeep
|turn|21
|
|t:|1776041250
|move|p1a: Kyurem|Ice Beam|p2a: Exeggutor
|-damage|p2a: Exeggutor|27/100
|move|p2a: Exeggutor|Giga Drain|p1a: Kyurem
|-resisted|p1a: Kyurem
|-damage|p1a: Kyurem|86/100
|-heal|p2a: Exeggutor|34/100|[from] drain|[of] p1a: Kyurem
|
|-item|p2a: Exeggutor|Sitrus Berry|[from] ability: Harvest
|upkeep
|-enditem|p2a: Exeggutor|Sitrus Berry|[eat]
|-heal|p2a: Exeggutor|59/100|[from] item: Sitrus Berry
|turn|22
|
|t:|1776041267
|move|p1a: Kyurem|Ice Beam|p2a: Exeggutor
|-damage|p2a: Exeggutor|30/100
|move|p2a: Exeggutor|Calm Mind|p2a: Exeggutor
|-boost|p2a: Exeggutor|spa|1
|-boost|p2a: Exeggutor|spd|1
|
|-item|p2a: Exeggutor|Sitrus Berry|[from] ability: Harvest
|upkeep
|-enditem|p2a: Exeggutor|Sitrus Berry|[eat]
|-heal|p2a: Exeggutor|55/100|[from] item: Sitrus Berry
|turn|23
|inactive|BFromTheMFBay has 120 seconds left.
|
|t:|1776041284
|move|p1a: Kyurem|Earth Power|p2a: Exeggutor
|-supereffective|p2a: Exeggutor
|-damage|p2a: Exeggutor|25/100
|move|p2a: Exeggutor|Psychic Noise|p1a: Kyurem
|-damage|p1a: Kyurem|48/100
|-start|p1a: Kyurem|move: Heal Block
|
|upkeep
|turn|24
|
|t:|1776041293
|move|p2a: Exeggutor|Protect|p2a: Exeggutor
|-singleturn|p2a: Exeggutor|Protect
|move|p1a: Kyurem|Earth Power|p2a: Exeggutor
|-activate|p2a: Exeggutor|move: Protect
|
|-end|p1a: Kyurem|move: Heal Block
|upkeep
|turn|25
|
|t:|1776041309
|switch|p2a: Blissey|Blissey, F|63/100
|move|p1a: Kyurem|Earth Power|p2a: Blissey
|-damage|p2a: Blissey|54/100
|
|upkeep
|turn|26
|
|t:|1776041318
|move|p1a: Kyurem|Body Press|p2a: Blissey
|-supereffective|p2a: Blissey
|-damage|p2a: Blissey|5/100
|move|p2a: Blissey|Soft-Boiled|p2a: Blissey
|-heal|p2a: Blissey|55/100
|
|upkeep
|turn|27
|
|t:|1776041328
|switch|p2a: Hatterene|Hatterene, F|100/100
|move|p1a: Kyurem|Body Press|p2a: Hatterene
|-resisted|p2a: Hatterene
|-damage|p2a: Hatterene|96/100
|-damage|p1a: Kyurem|31/100|[from] item: Rocky Helmet|[of] p2a: Hatterene
|
|upkeep
|turn|28
|
|t:|1776041346
|move|p1a: Kyurem|Ice Beam|p2a: Hatterene
|-damage|p2a: Hatterene|46/100
|move|p2a: Hatterene|Draining Kiss|p1a: Kyurem
|-supereffective|p1a: Kyurem
|-damage|p1a: Kyurem|0 fnt
|-heal|p2a: Hatterene|74/100|[from] drain|[of] p1a: Kyurem
|faint|p1a: Kyurem
|
|upkeep
|
|t:|1776041365
|switch|p1a: Tornadus|Tornadus-Therian, M|100/100
|turn|29
|inactive|BFromTheMFBay has 120 seconds left.
|
|t:|1776041381
|move|p1a: Tornadus|Nasty Plot|p1a: Tornadus
|-boost|p1a: Tornadus|spa|2
|move|p2a: Hatterene|Nuzzle|p1a: Tornadus
|-supereffective|p1a: Tornadus
|-damage|p1a: Tornadus|91/100
|-status|p1a: Tornadus|par
|
|upkeep
|turn|30
|inactive|BFromTheMFBay has 120 seconds left.
|
|t:|1776041399
|switch|p2a: Blissey|Blissey, F|55/100
|cant|p1a: Tornadus|par
|
|upkeep
|turn|31
|inactive|BFromTheMFBay has 120 seconds left.
|
|t:|1776041407
|move|p1a: Tornadus|Taunt|p2a: Blissey
|-start|p2a: Blissey|move: Taunt
|cant|p2a: Blissey|move: Taunt|Soft-Boiled
|
|upkeep
|turn|32
|
|t:|1776041416
|move|p1a: Tornadus|Knock Off|p2a: Blissey
|-damage|p2a: Blissey|35/100
|-enditem|p2a: Blissey|Heavy-Duty Boots|[from] move: Knock Off|[of] p1a: Tornadus
|move|p2a: Blissey|Seismic Toss|p1a: Tornadus
|-damage|p1a: Tornadus|63/100 par
|
|upkeep
|turn|33
|
|t:|1776041426
|switch|p1a: Ting-Lu|Ting-Lu|100/100
|-ability|p1a: Ting-Lu|Vessel of Ruin
|move|p2a: Blissey|Seismic Toss|p1a: Ting-Lu
|-damage|p1a: Ting-Lu|81/100
|
|-heal|p1a: Ting-Lu|87/100|[from] item: Leftovers
|-end|p2a: Blissey|move: Taunt
|upkeep
|turn|34
|
|t:|1776041437
|switch|p2a: Hatterene|Hatterene, F|74/100
|move|p1a: Ting-Lu|Whirlwind|p2a: Hatterene
|move|p2a: Hatterene|Whirlwind|p1a: Ting-Lu|[from] ability: Magic Bounce
|drag|p1a: Pecharunt|Pecharunt|93/100
|
|upkeep
|turn|35
|
|t:|1776041453
|switch|p1a: Tornadus|Tornadus-Therian, M|97/100 par
|move|p2a: Hatterene|Nuzzle|p1a: Tornadus
|-supereffective|p1a: Tornadus
|-damage|p1a: Tornadus|88/100 par
|
|upkeep
|turn|36
|
|t:|1776041471
|move|p1a: Tornadus|Nasty Plot|p1a: Tornadus
|-boost|p1a: Tornadus|spa|2
|move|p2a: Hatterene|Psychic Noise|p1a: Tornadus
|-damage|p1a: Tornadus|56/100 par
|-start|p1a: Tornadus|move: Heal Block
|
|upkeep
|turn|37
|
|t:|1776041482
|switch|p2a: Blissey|Blissey, F|35/100
|move|p1a: Tornadus|Bleakwind Storm|p2a: Blissey|[miss]
|-miss|p1a: Tornadus|p2a: Blissey
|
|-end|p1a: Tornadus|move: Heal Block
|upkeep
|turn|38
|
|t:|1776041491
|move|p1a: Tornadus|Taunt|p2a: Blissey
|-start|p2a: Blissey|move: Taunt
|cant|p2a: Blissey|move: Taunt|Soft-Boiled
|
|upkeep
|turn|39
|
|t:|1776041499
|switch|p1a: Ting-Lu|Ting-Lu|87/100
|-ability|p1a: Ting-Lu|Vessel of Ruin
|move|p2a: Blissey|Seismic Toss|p1a: Ting-Lu
|-damage|p1a: Ting-Lu|68/100
|
|-heal|p1a: Ting-Lu|74/100|[from] item: Leftovers
|upkeep
|turn|40
|
|t:|1776041527
|switch|p2a: Hatterene|Hatterene, F|74/100
|move|p1a: Ting-Lu|Whirlwind|p2a: Hatterene
|move|p2a: Hatterene|Whirlwind|p1a: Ting-Lu|[from] ability: Magic Bounce
|drag|p1a: Iron Treads|Iron Treads|100/100
|
|upkeep
|turn|41
|inactive|Mathdragon has 120 seconds left.
|
|t:|1776041549
|move|p1a: Iron Treads|Rapid Spin|p2a: Hatterene
|-damage|p2a: Hatterene|63/100
|-boost|p1a: Iron Treads|spe|1
|-damage|p1a: Iron Treads|84/100|[from] item: Rocky Helmet|[of] p2a: Hatterene
|move|p2a: Hatterene|Pain Split|p1a: Iron Treads
|-sethp|p1a: Iron Treads|68/100|[from] move: Pain Split|[silent]
|-sethp|p2a: Hatterene|82/100|[from] move: Pain Split
|
|-heal|p1a: Iron Treads|74/100|[from] item: Leftovers
|upkeep
|turn|42
|inactive|Mathdragon has 120 seconds left.
|
|t:|1776041562
|move|p1a: Iron Treads|Earthquake|p2a: Hatterene
|-damage|p2a: Hatterene|48/100
|move|p2a: Hatterene|Psychic Noise|p1a: Iron Treads
|-resisted|p1a: Iron Treads
|-damage|p1a: Iron Treads|59/100
|-start|p1a: Iron Treads|move: Heal Block
|
|upkeep
|turn|43
|inactive|Mathdragon has 120 seconds left.
|
|t:|1776041572
|switch|p2a: Drifblim|Drifblim, F|100/100
|move|p1a: Iron Treads|Rapid Spin|p2a: Drifblim
|-immune|p2a: Drifblim
|
|-end|p1a: Iron Treads|move: Heal Block
|upkeep
|turn|44
|
|t:|1776041588
|-end|p1a: Iron Treads|Quark Drive|[silent]
|switch|p1a: Tornadus|Tornadus-Therian, M|89/100 par
|move|p2a: Drifblim|Will-O-Wisp||[still]
|-fail|p2a: Drifblim
|
|upkeep
|turn|45
|
|t:|1776041605
|switch|p1a: Ting-Lu|Ting-Lu|74/100
|-ability|p1a: Ting-Lu|Vessel of Ruin
|move|p2a: Drifblim|Hex|p1a: Ting-Lu
|-resisted|p1a: Ting-Lu
|-damage|p1a: Ting-Lu|69/100
|
|-heal|p1a: Ting-Lu|75/100|[from] item: Leftovers
|upkeep
|turn|46
|
|t:|1776041623
|move|p2a: Drifblim|Will-O-Wisp|p1a: Ting-Lu
|-status|p1a: Ting-Lu|brn
|move|p1a: Ting-Lu|Ruination|p2a: Drifblim
|-damage|p2a: Drifblim|51/100
|
|-heal|p1a: Ting-Lu|81/100 brn|[from] item: Leftovers
|-damage|p1a: Ting-Lu|75/100 brn|[from] brn
|upkeep
|turn|47
|inactive|BFromTheMFBay has 120 seconds left.
|
|t:|1776041641
|move|p2a: Drifblim|Strength Sap|p1a: Ting-Lu
|-unboost|p1a: Ting-Lu|atk|1
|-heal|p2a: Drifblim|100/100
|move|p1a: Ting-Lu|Ruination|p2a: Drifblim
|-damage|p2a: Drifblim|51/100
|
|-heal|p1a: Ting-Lu|81/100 brn|[from] item: Leftovers
|-damage|p1a: Ting-Lu|75/100 brn|[from] brn
|upkeep
|turn|48
|
|t:|1776041653
|move|p2a: Drifblim|Strength Sap|p1a: Ting-Lu
|-unboost|p1a: Ting-Lu|atk|1
|-heal|p2a: Drifblim|89/100
|move|p1a: Ting-Lu|Ruination|p2a: Drifblim
|-damage|p2a: Drifblim|45/100
|
|-heal|p1a: Ting-Lu|81/100 brn|[from] item: Leftovers
|-damage|p1a: Ting-Lu|75/100 brn|[from] brn
|upkeep
|turn|49
|
|t:|1776041664
|switch|p2a: Hatterene|Hatterene, F|48/100
|move|p1a: Ting-Lu|Ruination|p2a: Hatterene
|-damage|p2a: Hatterene|24/100
|
|-heal|p1a: Ting-Lu|81/100 brn|[from] item: Leftovers
|-damage|p1a: Ting-Lu|75/100 brn|[from] brn
|upkeep
|turn|50
|
|t:|1776041673
|switch|p1a: Iron Treads|Iron Treads|59/100
|move|p2a: Hatterene|Draining Kiss|p1a: Iron Treads
|-resisted|p1a: Iron Treads
|-damage|p1a: Iron Treads|48/100
|-heal|p2a: Hatterene|34/100|[from] drain|[of] p1a: Iron Treads
|
|-heal|p1a: Iron Treads|54/100|[from] item: Leftovers
|upkeep
|turn|51
|
|t:|1776041684
|move|p1a: Iron Treads|Ice Spinner|p2a: Hatterene
|-damage|p2a: Hatterene|14/100
|-damage|p1a: Iron Treads|37/100|[from] item: Rocky Helmet|[of] p2a: Hatterene
|move|p2a: Hatterene|Pain Split|p1a: Iron Treads
|-sethp|p1a: Iron Treads|24/100|[from] move: Pain Split|[silent]
|-sethp|p2a: Hatterene|29/100|[from] move: Pain Split
|
|-heal|p1a: Iron Treads|31/100|[from] item: Leftovers
|upkeep
|turn|52
|
|t:|1776041694
|switch|p2a: Dondozo|Dondozo, M|100/100
|move|p1a: Iron Treads|Earthquake|p2a: Dondozo
|-damage|p2a: Dondozo|81/100
|
|-heal|p1a: Iron Treads|37/100|[from] item: Leftovers
|-heal|p2a: Dondozo|87/100|[from] item: Leftovers
|upkeep
|turn|53
|
|t:|1776041712
|-end|p1a: Iron Treads|Quark Drive|[silent]
|switch|p1a: Pecharunt|Pecharunt|93/100
|move|p2a: Dondozo|Wave Crash|p1a: Pecharunt
|-damage|p1a: Pecharunt|70/100
|-damage|p2a: Dondozo|82/100|[from] Recoil
|
|-heal|p2a: Dondozo|88/100|[from] item: Leftovers
|upkeep
|turn|54
|
|t:|1776041729
|switch|p2a: Blissey|Blissey, F|35/100
|move|p1a: Pecharunt|Shadow Ball|p2a: Blissey
|-immune|p2a: Blissey
|
|upkeep
|turn|55
|
|t:|1776041738
|switch|p1a: Iron Treads|Iron Treads|37/100
|move|p2a: Blissey|Soft-Boiled|p2a: Blissey
|-heal|p2a: Blissey|85/100
|
|-heal|p1a: Iron Treads|43/100|[from] item: Leftovers
|upkeep
|turn|56
|
|t:|1776041747
|switch|p2a: Drifblim|Drifblim, F|45/100
|move|p1a: Iron Treads|Stealth Rock|p2a: Drifblim
|-sidestart|p2: Mathdragon|move: Stealth Rock
|
|-heal|p1a: Iron Treads|49/100|[from] item: Leftovers
|upkeep
|turn|57
|
|t:|1776041755
|-end|p1a: Iron Treads|Quark Drive|[silent]
|switch|p1a: Pecharunt|Pecharunt|70/100
|move|p2a: Drifblim|Strength Sap|p1a: Pecharunt
|-unboost|p1a: Pecharunt|atk|1
|-heal|p2a: Drifblim|82/100
|
|upkeep
|turn|58
|
|t:|1776041764
|switch|p2a: Blissey|Blissey, F|85/100
|-damage|p2a: Blissey|73/100|[from] Stealth Rock
|move|p1a: Pecharunt|Shadow Ball|p2a: Blissey
|-immune|p2a: Blissey
|
|upkeep
|turn|59
|
|t:|1776041772
|switch|p1a: Zamazenta|Zamazenta|100/100
|-ability|p1a: Zamazenta|Dauntless Shield|boost
|-boost|p1a: Zamazenta|def|1
|move|p2a: Blissey|Shadow Ball|p1a: Zamazenta
|-damage|p1a: Zamazenta|89/100
|
|-heal|p1a: Zamazenta|95/100|[from] item: Leftovers
|upkeep
|turn|60
|
|t:|1776041782
|switch|p2a: Drifblim|Drifblim, F|82/100
|move|p1a: Zamazenta|Crunch|p2a: Drifblim
|-supereffective|p2a: Drifblim
|-damage|p2a: Drifblim|39/100
|
|-heal|p1a: Zamazenta|100/100|[from] item: Leftovers
|upkeep
|turn|61
|
|t:|1776041792
|move|p1a: Zamazenta|Crunch|p2a: Drifblim
|-supereffective|p2a: Drifblim
|-damage|p2a: Drifblim|0 fnt
|-damage|p1a: Zamazenta|76/100|[from] ability: Aftermath|[of] p2a: Drifblim
|faint|p2a: Drifblim
|
|-heal|p1a: Zamazenta|82/100|[from] item: Leftovers
|upkeep
|
|t:|1776041803
|switch|p2a: Hatterene|Hatterene, F|29/100
|-damage|p2a: Hatterene|17/100|[from] Stealth Rock
|turn|62
|
|t:|1776041812
|move|p1a: Zamazenta|Crunch|p2a: Hatterene
|-damage|p2a: Hatterene|0 fnt
|-damage|p1a: Zamazenta|65/100|[from] item: Rocky Helmet|[of] p2a: Hatterene
|faint|p2a: Hatterene
|
|-heal|p1a: Zamazenta|72/100|[from] item: Leftovers
|upkeep
|
|t:|1776041820
|switch|p2a: Exeggutor|Exeggutor, F, tera:Poison|25/100
|-damage|p2a: Exeggutor|13/100|[from] Stealth Rock
|turn|63
|
|t:|1776041828
|move|p2a: Exeggutor|Protect|p2a: Exeggutor
|-singleturn|p2a: Exeggutor|Protect
|move|p1a: Zamazenta|Body Press|p2a: Exeggutor
|-activate|p2a: Exeggutor|move: Protect
|
|-heal|p1a: Zamazenta|78/100|[from] item: Leftovers
|-item|p2a: Exeggutor|Sitrus Berry|[from] ability: Harvest
|upkeep
|-enditem|p2a: Exeggutor|Sitrus Berry|[eat]
|-heal|p2a: Exeggutor|38/100|[from] item: Sitrus Berry
|turn|64
|
|t:|1776041840
|move|p1a: Zamazenta|Body Press|p2a: Exeggutor
|-resisted|p2a: Exeggutor
|-damage|p2a: Exeggutor|17/100
|move|p2a: Exeggutor|Giga Drain|p1a: Zamazenta
|-damage|p1a: Zamazenta|53/100
|-heal|p2a: Exeggutor|29/100|[from] drain|[of] p1a: Zamazenta
|
|-heal|p1a: Zamazenta|59/100|[from] item: Leftovers
|-item|p2a: Exeggutor|Sitrus Berry|[from] ability: Harvest
|upkeep
|-enditem|p2a: Exeggutor|Sitrus Berry|[eat]
|-heal|p2a: Exeggutor|54/100|[from] item: Sitrus Berry
|turn|65
|
|t:|1776041854
|move|p2a: Exeggutor|Giga Drain|p1a: Zamazenta
|-damage|p1a: Zamazenta|32/100
|-heal|p2a: Exeggutor|66/100|[from] drain|[of] p1a: Zamazenta
|move|p1a: Zamazenta|Roar|p2a: Exeggutor
|drag|p2a: Dondozo|Dondozo, M|88/100
|-damage|p2a: Dondozo|75/100|[from] Stealth Rock
|
|-heal|p1a: Zamazenta|38/100|[from] item: Leftovers
|-heal|p2a: Dondozo|82/100|[from] item: Leftovers
|upkeep
|turn|66
|
|t:|1776041871
|move|p2a: Dondozo|Body Press|p1a: Zamazenta
|-damage|p1a: Zamazenta|15/100
|move|p1a: Zamazenta|Roar|p2a: Dondozo
|drag|p2a: Blissey|Blissey, F|73/100
|-damage|p2a: Blissey|61/100|[from] Stealth Rock
|
|-heal|p1a: Zamazenta|21/100|[from] item: Leftovers
|upkeep
|turn|67
|
|t:|1776041882
|switch|p2a: Dondozo|Dondozo, M|82/100
|-damage|p2a: Dondozo|69/100|[from] Stealth Rock
|move|p1a: Zamazenta|Body Press|p2a: Dondozo
|-damage|p2a: Dondozo|55/100
|
|-heal|p1a: Zamazenta|27/100|[from] item: Leftovers
|-heal|p2a: Dondozo|61/100|[from] item: Leftovers
|upkeep
|turn|68
|
|t:|1776041898
|switch|p1a: Pecharunt|Pecharunt|70/100
|move|p2a: Dondozo|Body Press|p1a: Pecharunt
|-immune|p1a: Pecharunt
|
|-heal|p2a: Dondozo|67/100|[from] item: Leftovers
|upkeep
|turn|69
|
|t:|1776041914
|switch|p2a: Blissey|Blissey, F|61/100
|-damage|p2a: Blissey|48/100|[from] Stealth Rock
|move|p1a: Pecharunt|Shadow Ball|p2a: Blissey
|-immune|p2a: Blissey
|
|upkeep
|turn|70
|
|t:|1776041924
|switch|p1a: Ting-Lu|Ting-Lu|75/100 brn
|-ability|p1a: Ting-Lu|Vessel of Ruin
|move|p2a: Blissey|Soft-Boiled|p2a: Blissey
|-heal|p2a: Blissey|98/100
|
|-heal|p1a: Ting-Lu|81/100 brn|[from] item: Leftovers
|-damage|p1a: Ting-Lu|75/100 brn|[from] brn
|upkeep
|turn|71
|
|t:|1776041934
|switch|p2a: Exeggutor|Exeggutor, F, tera:Poison|66/100
|-damage|p2a: Exeggutor|54/100|[from] Stealth Rock
|move|p1a: Ting-Lu|Spikes|p2a: Exeggutor
|-sidestart|p2: Mathdragon|Spikes
|
|-heal|p1a: Ting-Lu|81/100 brn|[from] item: Leftovers
|-damage|p1a: Ting-Lu|75/100 brn|[from] brn
|upkeep
|turn|72
|
|t:|1776041944
|switch|p1a: Iron Treads|Iron Treads|49/100
|move|p2a: Exeggutor|Giga Drain|p1a: Iron Treads
|-damage|p1a: Iron Treads|19/100
|-heal|p2a: Exeggutor|69/100|[from] drain|[of] p1a: Iron Treads
|
|-heal|p1a: Iron Treads|25/100|[from] item: Leftovers
|upkeep
|turn|73
|
|t:|1776041953
|move|p1a: Iron Treads|Earthquake|p2a: Exeggutor
|-supereffective|p2a: Exeggutor
|-damage|p2a: Exeggutor|0 fnt
|faint|p2a: Exeggutor
|
|-heal|p1a: Iron Treads|31/100|[from] item: Leftovers
|upkeep
|-message|Mathdragon forfeited.
|
|win|BFromTheMFBay
|raw|BFromTheMFBay's rating: 1414 &rarr; <strong>1431</strong><br />(+17 for winning)
|raw|Mathdragon's rating: 1365 &rarr; <strong>1348</strong><br />(-17 for losing)
|c|☆BFromTheMFBay|gg
|l|☆Mathdragon
|player|p2|
|l|☆BFromTheMFBay
|player|p1|
|j| North Ryder
|l| North Ryder
