|html|<div class="broadcast-blue"><strong>[Gen 9] OU is currently suspecting Volcarona! For information on how to participate check out the <a href="https://www.smogon.com/tools/suspects/view/208">suspect thread</a>.</strong></div>
|j|☆V3RD35
|j|☆Srgtcobra
|t:|1778509534
|gametype|singles
|player|p1|V3RD35|2|1450
|player|p2|Srgtcobra|1|1506
|gen|9
|tier|[Gen 9] OU
|rated|
|rule|HP Percentage Mod: HP is shown in percentages
|rule|Endless Battle Clause: Forcing endless battles is banned
|rule|Species Clause: Limit one of each Pokémon
|rule|OHKO Clause: OHKO moves are banned
|rule|Evasion Items Clause: Evasion items are banned
|rule|Evasion Moves Clause: Evasion moves are banned
|rule|Evasion Abilities Clause: Evasion abilities are banned
|rule|Sleep Moves Clause: Sleep-inducing moves are banned
|clearpoke
|poke|p1|Landorus-Therian, M|
|poke|p1|Cinderace, M|
|poke|p1|Dragapult, M|
|poke|p1|Rillaboom, M|
|poke|p1|Primarina, M|
|poke|p1|Tyranitar, M|
|poke|p2|Regieleki|
|poke|p2|Magnezone|
|poke|p2|Enamorus, F|
|poke|p2|Scizor, F|
|poke|p2|Dondozo, M|
|poke|p2|Darkrai|
|teampreview
|inactive|Battle timer is ON: inactive players will automatically lose when time's up. (requested by Srgtcobra)
|
|t:|1778509556
|teamsize|p1|6
|teamsize|p2|6
|start
|switch|p1a: Rillaboom|Rillaboom, M|100/100
|switch|p2a: Darkrai|Darkrai|100/100
|-fieldstart|move: Grassy Terrain|[from] ability: Grassy Surge|[of] p1a: Rillaboom
|turn|1
|
|t:|1778509564
|-terastallize|p1a: Rillaboom|Grass
|move|p1a: Rillaboom|Grassy Glide|p2a: Darkrai
|-damage|p2a: Darkrai|0 fnt
|faint|p2a: Darkrai
|
|upkeep
|
|t:|1778509568
|switch|p2a: Scizor|Scizor, F|100/100
|turn|2
|
|t:|1778509578
|switch|p1a: Landorus|Landorus-Therian, M|100/100
|-ability|p1a: Landorus|Intimidate|boost
|-unboost|p2a: Scizor|atk|1
|move|p2a: Scizor|U-turn|p1a: Landorus
|-resisted|p1a: Landorus
|-damage|p1a: Landorus|86/100
|
|t:|1778509584
|switch|p2a: Enamorus|Enamorus, F|100/100|[from] U-turn
|
|upkeep
|turn|3
|
|t:|1778509589
|move|p1a: Landorus|Stone Edge|p2a: Enamorus
|-supereffective|p2a: Enamorus
|-damage|p2a: Enamorus|2/100
|move|p2a: Enamorus|Calm Mind|p2a: Enamorus
|-boost|p2a: Enamorus|spa|1
|-boost|p2a: Enamorus|spd|1
|
|upkeep
|turn|4
|
|t:|1778509596
|move|p1a: Landorus|Stone Edge|p2a: Enamorus
|-supereffective|p2a: Enamorus
|-damage|p2a: Enamorus|0 fnt
|faint|p2a: Enamorus
|
|upkeep
|
|t:|1778509599
|switch|p2a: Magnezone|Magnezone|100/100
|turn|5
|
|t:|1778509610
|switch|p1a: Tyranitar|Tyranitar, M|100/100
|-weather|Sandstorm|[from] ability: Sand Stream|[of] p1a: Tyranitar
|move|p2a: Magnezone|Steel Beam|p1a: Tyranitar
|-supereffective|p1a: Tyranitar
|-damage|p1a: Tyranitar|0 fnt
|-damage|p2a: Magnezone|50/100|[from] steelbeam
|faint|p1a: Tyranitar
|
|-weather|Sandstorm|[upkeep]
|-heal|p2a: Magnezone|56/100|[from] Grassy Terrain
|-fieldend|move: Grassy Terrain
|upkeep
|
|t:|1778509624
|switch|p1a: Landorus|Landorus-Therian, M|86/100
|-ability|p1a: Landorus|Intimidate|boost
|-unboost|p2a: Magnezone|atk|1
|turn|6
|
|t:|1778509629
|switch|p2a: Dondozo|Dondozo, M|100/100
|move|p1a: Landorus|Earthquake|p2a: Dondozo
|-damage|p2a: Dondozo|65/100
|
|-weather|Sandstorm|[upkeep]
|-damage|p2a: Dondozo|59/100|[from] Sandstorm
|-heal|p2a: Dondozo|65/100|[from] item: Leftovers
|upkeep
|turn|7
|
|t:|1778509639
|switch|p1a: Rillaboom|Rillaboom, M, tera:Grass|100/100
|-fieldstart|move: Grassy Terrain|[from] ability: Grassy Surge|[of] p1a: Rillaboom
|move|p2a: Dondozo|Liquidation|p1a: Rillaboom
|-resisted|p1a: Rillaboom
|-damage|p1a: Rillaboom|87/100
|
|-weather|Sandstorm|[upkeep]
|-damage|p1a: Rillaboom|81/100|[from] Sandstorm
|-damage|p2a: Dondozo|59/100|[from] Sandstorm
|-heal|p1a: Rillaboom|87/100|[from] Grassy Terrain
|-heal|p2a: Dondozo|65/100|[from] Grassy Terrain
|-heal|p2a: Dondozo|71/100|[from] item: Leftovers
|upkeep
|turn|8
|
|t:|1778509652
|switch|p2a: Scizor|Scizor, F|100/100
|move|p1a: Rillaboom|U-turn|p2a: Scizor
|-resisted|p2a: Scizor
|-damage|p2a: Scizor|82/100
|
|t:|1778509657
|switch|p1a: Cinderace|Cinderace, M|100/100|[from] U-turn
|
|-weather|Sandstorm|[upkeep]
|-damage|p1a: Cinderace|95/100|[from] Sandstorm
|-heal|p1a: Cinderace|100/100|[from] Grassy Terrain
|-heal|p2a: Scizor|88/100|[from] Grassy Terrain
|-heal|p2a: Scizor|94/100|[from] item: Leftovers
|upkeep
|turn|9
|
|t:|1778509667
|move|p2a: Scizor|Protect|p2a: Scizor
|-singleturn|p2a: Scizor|Protect
|move|p1a: Cinderace|U-turn|p2a: Scizor
|-start|p1a: Cinderace|typechange|Bug|[from] ability: Libero
|-activate|p2a: Scizor|move: Protect
|
|-weather|none
|-heal|p2a: Scizor|99/100|[from] Grassy Terrain
|-heal|p2a: Scizor|100/100|[from] item: Leftovers
|upkeep
|turn|10
|
|t:|1778509677
|-terastallize|p2a: Scizor|Steel
|move|p2a: Scizor|Bullet Punch|p1a: Cinderace
|-damage|p1a: Cinderace|29/100
|move|p1a: Cinderace|Pyro Ball|p2a: Scizor
|-supereffective|p2a: Scizor
|-damage|p2a: Scizor|28/100
|
|-heal|p1a: Cinderace|35/100|[from] Grassy Terrain
|-heal|p2a: Scizor|35/100|[from] Grassy Terrain
|-heal|p2a: Scizor|41/100|[from] item: Leftovers
|upkeep
|turn|11
|
|t:|1778509689
|switch|p1a: Landorus|Landorus-Therian, M|86/100
|-ability|p1a: Landorus|Intimidate|boost
|-unboost|p2a: Scizor|atk|1
|move|p2a: Scizor|Bullet Punch|p1a: Landorus
|-damage|p1a: Landorus|48/100
|
|-heal|p2a: Scizor|47/100|[from] Grassy Terrain
|-heal|p2a: Scizor|53/100|[from] item: Leftovers
|-fieldend|move: Grassy Terrain
|upkeep
|turn|12
|
|t:|1778509703
|move|p2a: Scizor|Protect|p2a: Scizor
|-singleturn|p2a: Scizor|Protect
|move|p1a: Landorus|Earthquake|p2a: Scizor
|-activate|p2a: Scizor|move: Protect
|
|-heal|p2a: Scizor|59/100|[from] item: Leftovers
|upkeep
|turn|13
|
|t:|1778509712
|switch|p2a: Dondozo|Dondozo, M|71/100
|move|p1a: Landorus|Earthquake|p2a: Dondozo
|-damage|p2a: Dondozo|35/100
|
|-heal|p2a: Dondozo|41/100|[from] item: Leftovers
|upkeep
|turn|14
|
|t:|1778509720
|switch|p1a: Rillaboom|Rillaboom, M, tera:Grass|87/100
|-fieldstart|move: Grassy Terrain|[from] ability: Grassy Surge|[of] p1a: Rillaboom
|move|p2a: Dondozo|Liquidation|p1a: Rillaboom
|-resisted|p1a: Rillaboom
|-damage|p1a: Rillaboom|73/100
|
|-heal|p1a: Rillaboom|79/100|[from] Grassy Terrain
|-heal|p2a: Dondozo|47/100|[from] Grassy Terrain
|-heal|p2a: Dondozo|53/100|[from] item: Leftovers
|upkeep
|turn|15
|
|t:|1778509732
|move|p1a: Rillaboom|High Horsepower|p2a: Dondozo
|-damage|p2a: Dondozo|21/100
|move|p2a: Dondozo|Liquidation|p1a: Rillaboom
|-resisted|p1a: Rillaboom
|-damage|p1a: Rillaboom|67/100
|
|-heal|p1a: Rillaboom|73/100|[from] Grassy Terrain
|-heal|p2a: Dondozo|27/100|[from] Grassy Terrain
|-heal|p2a: Dondozo|33/100|[from] item: Leftovers
|upkeep
|turn|16
|
|t:|1778509742
|move|p1a: Rillaboom|High Horsepower|p2a: Dondozo
|-damage|p2a: Dondozo|3/100
|move|p2a: Dondozo|Rest|p2a: Dondozo
|-status|p2a: Dondozo|slp|[from] move: Rest
|-heal|p2a: Dondozo|100/100 slp|[silent]
|
|-heal|p1a: Rillaboom|79/100|[from] Grassy Terrain
|upkeep
|turn|17
|
|t:|1778509752
|switch|p1a: Dragapult|Dragapult, M|100/100
|cant|p2a: Dondozo|slp
|
|upkeep
|turn|18
|
|t:|1778509761
|move|p1a: Dragapult|Shadow Ball|p2a: Dondozo
|-damage|p2a: Dondozo|70/100 slp
|cant|p2a: Dondozo|slp
|
|-heal|p2a: Dondozo|76/100 slp|[from] Grassy Terrain
|-heal|p2a: Dondozo|82/100 slp|[from] item: Leftovers
|-fieldend|move: Grassy Terrain
|upkeep
|turn|19
|
|t:|1778509771
|move|p1a: Dragapult|Shadow Ball|p2a: Dondozo
|-damage|p2a: Dondozo|48/100 slp
|-unboost|p2a: Dondozo|spd|1
|-curestatus|p2a: Dondozo|slp|[msg]
|move|p2a: Dondozo|Curse|p2a: Dondozo
|-unboost|p2a: Dondozo|spe|1
|-boost|p2a: Dondozo|atk|1
|-boost|p2a: Dondozo|def|1
|
|-heal|p2a: Dondozo|54/100|[from] item: Leftovers
|upkeep
|turn|20
|
|t:|1778509782
|move|p1a: Dragapult|Shadow Ball|p2a: Dondozo
|-damage|p2a: Dondozo|0 fnt
|faint|p2a: Dondozo
|
|upkeep
|
|t:|1778509791
|switch|p2a: Regieleki|Regieleki|100/100
|turn|21
|
|t:|1778509795
|move|p2a: Regieleki|Supercell Slam|p1a: Dragapult
|-resisted|p1a: Dragapult
|-damage|p1a: Dragapult|61/100
|move|p1a: Dragapult|Shadow Ball|p2a: Regieleki
|-damage|p2a: Regieleki|0 fnt
|faint|p2a: Regieleki
|
|upkeep
|
|t:|1778509800
|switch|p2a: Magnezone|Magnezone|56/100
|turn|22
|
|t:|1778509805
|move|p1a: Dragapult|Shadow Ball|p2a: Magnezone
|-damage|p2a: Magnezone|0 fnt
|faint|p2a: Magnezone
|
|upkeep
|
|t:|1778509807
|switch|p2a: Scizor|Scizor, F, tera:Steel|59/100
|turn|23
|
|t:|1778509816
|switch|p1a: Landorus|Landorus-Therian, M|48/100
|-ability|p1a: Landorus|Intimidate|boost
|-unboost|p2a: Scizor|atk|1
|move|p2a: Scizor|Protect||[still]
|-fail|p2a: Scizor
|
|-heal|p2a: Scizor|65/100|[from] item: Leftovers
|upkeep
|turn|24
|
|t:|1778509825
|move|p1a: Landorus|Earthquake|p2a: Scizor
|-supereffective|p2a: Scizor
|-damage|p2a: Scizor|0 fnt
|faint|p2a: Scizor
|
|win|V3RD35
|raw|V3RD35's rating: 1450 &rarr; <strong>1473</strong><br />(+23 for winning)
|raw|Srgtcobra's rating: 1506 &rarr; <strong>1483</strong><br />(-23 for losing)
|c|☆V3RD35|5-0
|c|☆V3RD35|Nada mal
|c|☆Srgtcobra|So def drop
|l|☆Srgtcobra
|player|p2|
|l|☆V3RD35
|player|p1|
