|html|<div class="broadcast-blue"><strong>[Gen 9] OU is currently suspecting Tera Blast! For information on how to participate check out the <a href="https://www.smogon.com/tools/suspects/view/200">suspect thread</a>.</strong></div>
|j|☆mathismathin
|j|☆DonovanIsNotHere
|t:|1776124677
|gametype|singles
|player|p1|mathismathin|bugsy-masters|1577
|player|p2|DonovanIsNotHere|170|1621
|gen|9
|tier|[Gen 9] OU
|rated|
|rule|HP Percentage Mod: HP is shown in percentages
|rule|Endless Battle Clause: Forcing endless battles is banned
|rule|Species Clause: Limit one of each Pokémon
|rule|OHKO Clause: OHKO moves are banned
|rule|Evasion Items Clause: Evasion items are banned
|rule|Evasion Moves Clause: Evasion moves are banned
|rule|Evasion Abilities Clause: Evasion abilities are banned
|rule|Sleep Moves Clause: Sleep-inducing moves are banned
|clearpoke
|poke|p1|Ribombee, F|
|poke|p1|Zarude-Dada|
|poke|p1|Lycanroc-Dusk, M|
|poke|p1|Gholdengo|
|poke|p1|Blaziken, F|
|poke|p1|Glimmora, M|
|poke|p2|Venusaur, F|
|poke|p2|Magnezone|
|poke|p2|Moltres|
|poke|p2|Ogerpon-Wellspring, F|
|poke|p2|Clefable, F|
|poke|p2|Pecharunt|
|teampreview
|
|t:|1776124696
|teamsize|p1|6
|teamsize|p2|6
|start
|switch|p1a: Ribombee|Ribombee, F|100/100
|switch|p2a: Bird Trap|Magnezone|100/100
|turn|1
|inactive|Battle timer is ON: inactive players will automatically lose when time's up. (requested by DonovanIsNotHere)
|
|t:|1776124703
|move|p1a: Ribombee|Sticky Web|p2a: Bird Trap
|-sidestart|p2: DonovanIsNotHere|move: Sticky Web
|move|p2a: Bird Trap|Thunderbolt|p1a: Ribombee
|-enditem|p1a: Ribombee|Focus Sash
|-damage|p1a: Ribombee|1/100
|
|upkeep
|turn|2
|
|t:|1776124708
|move|p1a: Ribombee|Moonblast|p2a: Bird Trap
|-resisted|p2a: Bird Trap
|-damage|p2a: Bird Trap|73/100
|move|p2a: Bird Trap|Thunderbolt|p1a: Ribombee
|-damage|p1a: Ribombee|0 fnt
|faint|p1a: Ribombee
|
|upkeep
|
|t:|1776124713
|switch|p1a: Blaziken|Blaziken, F|100/100
|turn|3
|
|t:|1776124716
|move|p1a: Blaziken|Flare Blitz|p2a: Bird Trap
|-supereffective|p2a: Bird Trap
|-damage|p2a: Bird Trap|0 fnt
|faint|p2a: Bird Trap
|-damage|p1a: Blaziken|78/100|[from] Recoil
|-damage|p1a: Blaziken|68/100|[from] item: Life Orb
|
|-ability|p1a: Blaziken|Speed Boost|boost
|-boost|p1a: Blaziken|spe|1
|upkeep
|
|t:|1776124720
|switch|p2a: Pecharunt|Pecharunt|100/100
|turn|4
|
|t:|1776124748
|switch|p1a: Gholdengo|Gholdengo|100/100
|-item|p1a: Gholdengo|Air Balloon
|move|p2a: Pecharunt|Parting Shot|p1a: Gholdengo
|-immune|p1a: Gholdengo|[from] ability: Good as Gold
|
|upkeep
|turn|5
|
|t:|1776124755
|switch|p2a: Flytrap|Venusaur, F|100/100
|-activate|p2a: Flytrap|move: Sticky Web
|-unboost|p2a: Flytrap|spe|1
|move|p1a: Gholdengo|Shadow Ball|p2a: Flytrap
|-damage|p2a: Flytrap|66/100
|
|-heal|p2a: Flytrap|72/100|[from] item: Leftovers
|upkeep
|turn|6
|
|t:|1776124761
|move|p1a: Gholdengo|Nasty Plot|p1a: Gholdengo
|-boost|p1a: Gholdengo|spa|2
|move|p2a: Flytrap|Giga Drain|p1a: Gholdengo
|-resisted|p1a: Gholdengo
|-damage|p1a: Gholdengo|86/100
|-heal|p2a: Flytrap|79/100|[from] drain|[of] p1a: Gholdengo
|-enditem|p1a: Gholdengo|Air Balloon
|
|-heal|p2a: Flytrap|85/100|[from] item: Leftovers
|upkeep
|turn|7
|
|t:|1776124766
|move|p1a: Gholdengo|Psyshock|p2a: Flytrap
|-supereffective|p2a: Flytrap
|-damage|p2a: Flytrap|0 fnt
|faint|p2a: Flytrap
|
|upkeep
|
|t:|1776124771
|switch|p2a: Clefable|Clefable, F|100/100
|-activate|p2a: Clefable|move: Sticky Web
|-unboost|p2a: Clefable|spe|1
|turn|8
|inactive|mathismathin has 120 seconds left.
|
|t:|1776124806
|switch|p2a: Dog Trap|Moltres|100/100
|move|p1a: Gholdengo|Shadow Ball|p2a: Dog Trap
|-damage|p2a: Dog Trap|4/100
|
|upkeep
|turn|9
|
|t:|1776124819
|move|p1a: Gholdengo|Shadow Ball|p2a: Dog Trap
|-damage|p2a: Dog Trap|0 fnt
|faint|p2a: Dog Trap
|
|upkeep
|
|t:|1776124822
|switch|p2a: Ogerpon|Ogerpon-Wellspring, F|100/100
|-activate|p2a: Ogerpon|move: Sticky Web
|-unboost|p2a: Ogerpon|spe|1
|turn|10
|c|☆DonovanIsNotHere|wp
|inactive|mathismathin has 120 seconds left.
|
|t:|1776124849
|-terastallize|p2a: Ogerpon|Water
|detailschange|p2a: Ogerpon|Ogerpon-Wellspring-Tera, F, tera:Water
|-ability|p2a: Ogerpon|Embody Aspect (Wellspring)|boost
|-boost|p2a: Ogerpon|spd|1
|move|p1a: Gholdengo|Shadow Ball|p2a: Ogerpon
|-damage|p2a: Ogerpon|29/100
|move|p2a: Ogerpon|Knock Off|p1a: Gholdengo
|-supereffective|p1a: Gholdengo
|-damage|p1a: Gholdengo|32/100
|
|upkeep
|turn|11
|
|t:|1776124871
|move|p1a: Gholdengo|Shadow Ball|p2a: Ogerpon
|-damage|p2a: Ogerpon|0 fnt
|faint|p2a: Ogerpon
|detailschange|p2: Ogerpon|Ogerpon-Wellspring, F|[silent]
|
|upkeep
|
|t:|1776124872
|switch|p2a: Clefable|Clefable, F|100/100
|-activate|p2a: Clefable|move: Sticky Web
|-unboost|p2a: Clefable|spe|1
|turn|12
|c|☆DonovanIsNotHere|gg
|
|t:|1776124885
|move|p1a: Gholdengo|Shadow Ball|p2a: Clefable
|-damage|p2a: Clefable|37/100
|-unboost|p2a: Clefable|spd|1
|move|p2a: Clefable|Moonblast|p1a: Gholdengo
|-resisted|p1a: Gholdengo
|-damage|p1a: Gholdengo|14/100
|
|-heal|p2a: Clefable|43/100|[from] item: Leftovers
|upkeep
|turn|13
|c|☆mathismathin|gg
|inactive|DonovanIsNotHere has 120 seconds left.
|
|t:|1776124922
|move|p1a: Gholdengo|Shadow Ball|p2a: Clefable
|-damage|p2a: Clefable|0 fnt
|faint|p2a: Clefable
|
|upkeep
|
|t:|1776124923
|switch|p2a: Pecharunt|Pecharunt|100/100
|turn|14
|inactive|mathismathin has 120 seconds left.
|
|t:|1776124959
|move|p1a: Gholdengo|Shadow Ball|p2a: Pecharunt
|-supereffective|p2a: Pecharunt
|-damage|p2a: Pecharunt|0 fnt
|faint|p2a: Pecharunt
|
|win|mathismathin
|raw|mathismathin's rating: 1619 &rarr; <strong>1639</strong><br />(+20 for winning)
|raw|DonovanIsNotHere's rating: 1621 &rarr; <strong>1601</strong><br />(-20 for losing)
