|html|<div class="broadcast-blue"><strong>[Gen 9] OU is currently suspecting Tera Blast! For information on how to participate check out the <a href="https://www.smogon.com/tools/suspects/view/200">suspect thread</a>.</strong></div>
|j|☆mally054
|j|☆P0TenS
|t:|1776342470
|gametype|singles
|player|p1|mally054|hugh|1174
|player|p2|P0TenS|170|1211
|gen|9
|tier|[Gen 9] OU
|rated|
|rule|HP Percentage Mod: HP is shown in percentages
|rule|Endless Battle Clause: Forcing endless battles is banned
|rule|Species Clause: Limit one of each Pokémon
|rule|OHKO Clause: OHKO moves are banned
|rule|Evasion Items Clause: Evasion items are banned
|rule|Evasion Moves Clause: Evasion moves are banned
|rule|Evasion Abilities Clause: Evasion abilities are banned
|rule|Sleep Moves Clause: Sleep-inducing moves are banned
|clearpoke
|poke|p1|Iron Crown|
|poke|p1|Great Tusk|
|poke|p1|Samurott-Hisui, M|
|poke|p1|Slowking-Galar, M|
|poke|p1|Rillaboom, M|
|poke|p1|Cinderace, F|
|poke|p2|Blaziken, M|
|poke|p2|Weavile, F|
|poke|p2|Zapdos|
|poke|p2|Dragapult, M|
|poke|p2|Clodsire, F|
|poke|p2|Primarina, M|
|teampreview
|inactive|Battle timer is ON: inactive players will automatically lose when time's up. (requested by P0TenS)
|
|t:|1776342494
|teamsize|p1|6
|teamsize|p2|6
|start
|switch|p1a: Samurott|Samurott-Hisui, M|100/100
|switch|p2a: Zapdos|Zapdos|100/100
|turn|1
|
|t:|1776342500
|move|p2a: Zapdos|Discharge|p1a: Samurott
|-supereffective|p1a: Samurott
|-damage|p1a: Samurott|37/100
|-status|p1a: Samurott|par
|cant|p1a: Samurott|par
|
|upkeep
|turn|2
|
|t:|1776342507
|move|p1a: Samurott|Sucker Punch|p2a: Zapdos
|-damage|p2a: Zapdos|71/100
|move|p2a: Zapdos|Volt Switch|p1a: Samurott
|-supereffective|p1a: Samurott
|-damage|p1a: Samurott|0 fnt
|faint|p1a: Samurott
|inactive|P0TenS has 120 seconds left.
|
|t:|1776342544
|switch|p2a: Weavile|Weavile, F|100/100|[from] Volt Switch
|-ability|p2a: Weavile|Pressure
|
|upkeep
|
|t:|1776342548
|switch|p1a: Iron Crown|Iron Crown|100/100
|turn|3
|
|t:|1776342555
|-terastallize|p1a: Iron Crown|Steel
|-terastallize|p2a: Weavile|Dark
|move|p1a: Iron Crown|Tachyon Cutter|p2a: Weavile
|-damage|p2a: Weavile|49/100
|-damage|p2a: Weavile|0 fnt
|faint|p2a: Weavile
|-hitcount|p2: Weavile|2
|
|upkeep
|inactive|P0TenS has 120 seconds left.
|inactive|P0TenS has 90 seconds left.
|
|t:|1776342608
|switch|p2a: Primarina|Primarina, M|100/100
|turn|4
|
|t:|1776342617
|move|p1a: Iron Crown|Tachyon Cutter|p2a: Primarina
|-damage|p2a: Primarina|81/100
|-damage|p2a: Primarina|63/100
|-hitcount|p2a: Primarina|2
|move|p2a: Primarina|Flip Turn|p1a: Iron Crown
|-damage|p1a: Iron Crown|83/100
|inactive|P0TenS has 90 seconds left.
|
|t:|1776342626
|switch|p2a: Dragapult|Dragapult, M|100/100|[from] Flip Turn
|
|upkeep
|turn|5
|
|t:|1776342632
|move|p1a: Iron Crown|Tachyon Cutter|p2a: Dragapult
|-damage|p2a: Dragapult|49/100
|-damage|p2a: Dragapult|3/100
|-hitcount|p2a: Dragapult|2
|move|p2a: Dragapult|Will-O-Wisp|p1a: Iron Crown
|-status|p1a: Iron Crown|brn
|
|-damage|p1a: Iron Crown|77/100 brn|[from] brn
|upkeep
|turn|6
|
|t:|1776342642
|switch|p2a: Primarina|Primarina, M|63/100
|move|p1a: Iron Crown|Tachyon Cutter|p2a: Primarina
|-damage|p2a: Primarina|45/100
|-damage|p2a: Primarina|26/100
|-hitcount|p2a: Primarina|2
|
|-damage|p1a: Iron Crown|71/100 brn|[from] brn
|upkeep
|turn|7
|
|t:|1776342652
|move|p1a: Iron Crown|Tachyon Cutter|p2a: Primarina
|-crit|p2a: Primarina
|-damage|p2a: Primarina|0 fnt
|faint|p2a: Primarina
|-hitcount|p2: Primarina|1
|
|-damage|p1a: Iron Crown|65/100 brn|[from] brn
|upkeep
|
|t:|1776342663
|switch|p2a: Dragapult|Dragapult, M|3/100
|turn|8
|
|t:|1776342668
|move|p1a: Iron Crown|Tachyon Cutter|p2a: Dragapult
|-damage|p2a: Dragapult|0 fnt
|faint|p2a: Dragapult
|-hitcount|p2: Dragapult|1
|
|-damage|p1a: Iron Crown|58/100 brn|[from] brn
|upkeep
|
|t:|1776342675
|switch|p2a: Blaziken|Blaziken, M|100/100
|turn|9
|
|t:|1776342681
|move|p1a: Iron Crown|Tachyon Cutter|p2a: Blaziken
|-resisted|p2a: Blaziken
|-damage|p2a: Blaziken|70/100
|-resisted|p2a: Blaziken
|-damage|p2a: Blaziken|41/100
|-hitcount|p2a: Blaziken|2
|move|p2a: Blaziken|Swords Dance|p2a: Blaziken
|-boost|p2a: Blaziken|atk|2
|
|-damage|p1a: Iron Crown|52/100 brn|[from] brn
|-ability|p2a: Blaziken|Speed Boost|boost
|-boost|p2a: Blaziken|spe|1
|upkeep
|turn|10
|inactive|P0TenS has 120 seconds left.
|
|t:|1776342694
|move|p1a: Iron Crown|Tachyon Cutter|p2a: Blaziken
|-resisted|p2a: Blaziken
|-damage|p2a: Blaziken|11/100
|-resisted|p2a: Blaziken
|-damage|p2a: Blaziken|0 fnt
|faint|p2a: Blaziken
|-hitcount|p2: Blaziken|2
|
|-damage|p1a: Iron Crown|46/100 brn|[from] brn
|upkeep
|-message|P0TenS forfeited.
|
|win|mally054
|raw|mally054's rating: 1174 &rarr; <strong>1202</strong><br />(+28 for winning)
|raw|P0TenS's rating: 1211 &rarr; <strong>1183</strong><br />(-28 for losing)
|l|☆P0TenS
|player|p2|
