|html|<div class="broadcast-blue"><strong>[Gen 9] OU is currently suspecting Tera Blast! For information on how to participate check out the <a href="https://www.smogon.com/tools/suspects/view/200">suspect thread</a>.</strong></div>
|j|☆ZYROX_OP
|j|☆Bien gay444
|t:|1776324243
|gametype|singles
|player|p1|ZYROX_OP|169|1103
|player|p2|Bien gay444|firebreather|1093
|gen|9
|tier|[Gen 9] OU
|rated|
|rule|HP Percentage Mod: HP is shown in percentages
|rule|Endless Battle Clause: Forcing endless battles is banned
|rule|Species Clause: Limit one of each Pokémon
|rule|OHKO Clause: OHKO moves are banned
|rule|Evasion Items Clause: Evasion items are banned
|rule|Evasion Moves Clause: Evasion moves are banned
|rule|Evasion Abilities Clause: Evasion abilities are banned
|rule|Sleep Moves Clause: Sleep-inducing moves are banned
|clearpoke
|poke|p1|Torkoal, F|
|poke|p1|Scovillain, F|
|poke|p1|Walking Wake|
|poke|p1|Hatterene, F|
|poke|p1|Great Tusk|
|poke|p1|Ceruledge, F|
|poke|p2|Maushold|
|poke|p2|Gholdengo|
|poke|p2|Great Tusk|
|poke|p2|Dragapult, F|
|poke|p2|Kingambit, M|
|poke|p2|Iron Valiant|
|teampreview
|c|☆Bien gay444|Hiii
|
|t:|1776324252
|teamsize|p1|6
|teamsize|p2|6
|start
|switch|p1a: Torkoal|Torkoal, F|100/100
|switch|p2a: Maushold|Maushold|100/100
|-weather|SunnyDay|[from] ability: Drought|[of] p1a: Torkoal
|turn|1
|
|t:|1776324260
|switch|p1a: Hatterene|Hatterene, F, shiny|100/100
|move|p2a: Maushold|Bite|p1a: Hatterene
|-crit|p1a: Hatterene
|-damage|p1a: Hatterene|73/100
|-enditem|p1a: Hatterene|Eject Button
|
|t:|1776324268
|switch|p1a: Ceruledge|Ceruledge, F|100/100
|
|-weather|SunnyDay|[upkeep]
|upkeep
|turn|2
|
|t:|1776324278
|move|p2a: Maushold|Bite|p1a: Ceruledge
|-supereffective|p1a: Ceruledge
|-damage|p1a: Ceruledge|43/100
|-ability|p1a: Ceruledge|Weak Armor|boost
|-unboost|p1a: Ceruledge|def|1
|-boost|p1a: Ceruledge|spe|2
|move|p1a: Ceruledge|Swords Dance|p1a: Ceruledge
|-boost|p1a: Ceruledge|atk|2
|
|-weather|SunnyDay|[upkeep]
|upkeep
|turn|3
|
|t:|1776324296
|move|p1a: Ceruledge|Bitter Blade|p2a: Maushold
|-damage|p2a: Maushold|0 fnt
|-heal|p1a: Ceruledge|93/100|[from] drain|[of] p2a: Maushold
|faint|p2a: Maushold
|
|-weather|SunnyDay|[upkeep]
|upkeep
|
|t:|1776324305
|switch|p2a: Gholdengo|Gholdengo|100/100
|turn|4
|
|t:|1776324309
|move|p1a: Ceruledge|Bitter Blade|p2a: Gholdengo
|-supereffective|p2a: Gholdengo
|-damage|p2a: Gholdengo|0 fnt
|-heal|p1a: Ceruledge|100/100|[from] drain|[of] p2a: Gholdengo
|faint|p2a: Gholdengo
|
|-weather|SunnyDay|[upkeep]
|upkeep
|
|t:|1776324315
|switch|p2a: Kingambit|Kingambit, M|100/100
|-activate|p2a: Kingambit|ability: Supreme Overlord
|-start|p2a: Kingambit|fallen2|[silent]
|turn|5
|
|t:|1776324321
|-terastallize|p2a: Kingambit|Dark
|move|p2a: Kingambit|Sucker Punch|p1a: Ceruledge
|-supereffective|p1a: Ceruledge
|-enditem|p1a: Ceruledge|Focus Sash
|-damage|p1a: Ceruledge|1/100
|-ability|p1a: Ceruledge|Weak Armor|boost
|-unboost|p1a: Ceruledge|def|1
|-boost|p1a: Ceruledge|spe|2
|move|p1a: Ceruledge|Bitter Blade|p2a: Kingambit
|-damage|p2a: Kingambit|0 fnt
|-heal|p1a: Ceruledge|70/100|[from] drain|[of] p2a: Kingambit
|faint|p2a: Kingambit
|-end|p2a: Kingambit|fallen2|[silent]
|
|-weather|SunnyDay|[upkeep]
|upkeep
|c|☆Bien gay444|What hell
|
|t:|1776324341
|switch|p2a: Dragapult|Dragapult, F|100/100
|turn|6
|c|☆ZYROX_OP|2x speed due to weak armor and focus sash
|
|t:|1776324362
|move|p1a: Ceruledge|Shadow Sneak|p2a: Dragapult
|-supereffective|p2a: Dragapult
|-damage|p2a: Dragapult|0 fnt
|faint|p2a: Dragapult
|
|-weather|SunnyDay|[upkeep]
|upkeep
|
|t:|1776324370
|switch|p2a: Great Tusk|Great Tusk|100/100
|-activate|p2a: Great Tusk|ability: Protosynthesis
|-start|p2a: Great Tusk|protosynthesisatk
|turn|7
|
|t:|1776324376
|move|p1a: Ceruledge|Solar Blade||[still]
|-prepare|p1a: Ceruledge|Solar Blade
|-anim|p1a: Ceruledge|Solar Blade|p2a: Great Tusk
|-supereffective|p2a: Great Tusk
|-damage|p2a: Great Tusk|0 fnt
|faint|p2a: Great Tusk
|-end|p2a: Great Tusk|Protosynthesis|[silent]
|
|-weather|SunnyDay|[upkeep]
|upkeep
|c|☆Bien gay444|A
|c|☆Bien gay444|Me cago en la puta
|c|☆Bien gay444|Joder
|
|t:|1776324395
|switch|p2a: Iron Valiant|Iron Valiant|100/100
|-enditem|p2a: Iron Valiant|Booster Energy
|-activate|p2a: Iron Valiant|ability: Quark Drive|[fromitem]
|-start|p2a: Iron Valiant|quarkdrivespe
|turn|8
|
|t:|1776324416
|move|p1a: Ceruledge|Bitter Blade|p2a: Iron Valiant
|-damage|p2a: Iron Valiant|0 fnt
|-heal|p1a: Ceruledge|100/100|[from] drain|[of] p2a: Iron Valiant
|faint|p2a: Iron Valiant
|-end|p2a: Iron Valiant|Quark Drive|[silent]
|
|win|ZYROX_OP
|raw|ZYROX_OP's rating: 1103 &rarr; <strong>1127</strong><br />(+24 for winning)
|raw|Bien gay444's rating: 1093 &rarr; <strong>1070</strong><br />(-23 for losing)
|c|☆Bien gay444|Gg
|l|☆Bien gay444
|player|p2|
