|html|<div class="broadcast-blue"><strong>[Gen 9] OU is currently suspecting Tera Blast! For information on how to participate check out the <a href="https://www.smogon.com/tools/suspects/view/200">suspect thread</a>.</strong></div>
|j|☆magickarp_lol_33
|j|☆Leadshark0091
|t:|1776044098
|gametype|singles
|player|p1|magickarp_lol_33|parasollady-gen4|1079
|player|p2|Leadshark0091|2|1124
|gen|9
|tier|[Gen 9] OU
|rated|
|rule|HP Percentage Mod: HP is shown in percentages
|rule|Endless Battle Clause: Forcing endless battles is banned
|rule|Species Clause: Limit one of each Pokémon
|rule|OHKO Clause: OHKO moves are banned
|rule|Evasion Items Clause: Evasion items are banned
|rule|Evasion Moves Clause: Evasion moves are banned
|rule|Evasion Abilities Clause: Evasion abilities are banned
|rule|Sleep Moves Clause: Sleep-inducing moves are banned
|clearpoke
|poke|p1|Eiscue, F|
|poke|p1|Zamazenta-*|
|poke|p1|Victreebel, M|
|poke|p1|Ninetales, F|
|poke|p1|Gholdengo|
|poke|p1|Walking Wake|
|poke|p2|Electivire, F|
|poke|p2|Gastrodon, M|
|poke|p2|Rotom-Wash|
|poke|p2|Infernape, M|
|poke|p2|Breloom, M|
|poke|p2|Necrozma|
|teampreview
|c|☆magickarp_lol_33|Nice team
|
|t:|1776044111
|teamsize|p1|6
|teamsize|p2|6
|start
|switch|p1a: Eiscue|Eiscue, F|100/100
|switch|p2a: Breloom|Breloom, M|100/100
|turn|1
|
|t:|1776044118
|move|p2a: Breloom|Bullet Seed|p1a: Eiscue
|-activate|p1a: Eiscue|ability: Ice Face
|-damage|p1a: Eiscue|100/100
|detailschange|p1a: Eiscue|Eiscue-Noice, F
|-damage|p1a: Eiscue|72/100
|-damage|p1a: Eiscue|42/100
|-damage|p1a: Eiscue|12/100
|-damage|p1a: Eiscue|0 fnt
|faint|p1a: Eiscue
|-hitcount|p1: Eiscue|5
|
|upkeep
|
|t:|1776044126
|switch|p1a: Ninetales|Ninetales, F|100/100
|-weather|SunnyDay|[from] ability: Drought|[of] p1a: Ninetales
|turn|2
|
|t:|1776044130
|-terastallize|p2a: Breloom|Rock
|move|p1a: Ninetales|Flamethrower|p2a: Breloom
|-resisted|p2a: Breloom
|-damage|p2a: Breloom|50/100
|move|p2a: Breloom|Rock Tomb|p1a: Ninetales
|-supereffective|p1a: Ninetales
|-damage|p1a: Ninetales|0 fnt
|faint|p1a: Ninetales
|
|-weather|SunnyDay|[upkeep]
|upkeep
|
|t:|1776044137
|switch|p1a: Victreebel|Victreebel, M|100/100
|turn|3
|
|t:|1776044143
|move|p1a: Victreebel|Leaf Blade|p2a: Breloom
|-supereffective|p2a: Breloom
|-damage|p2a: Breloom|0 fnt
|faint|p2a: Breloom
|-damage|p1a: Victreebel|91/100|[from] item: Life Orb
|
|-weather|SunnyDay|[upkeep]
|upkeep
|
|t:|1776044146
|switch|p2a: Necrozma|Necrozma|100/100
|turn|4
|
|t:|1776044149
|move|p1a: Victreebel|Knock Off|p2a: Necrozma
|-supereffective|p2a: Necrozma
|-damage|p2a: Necrozma|48/100
|-enditem|p2a: Necrozma|Leftovers|[from] move: Knock Off|[of] p1a: Victreebel
|-damage|p1a: Victreebel|81/100|[from] item: Life Orb
|move|p2a: Necrozma|Heat Wave|p1a: Victreebel
|-supereffective|p1a: Victreebel
|-damage|p1a: Victreebel|0 fnt
|faint|p1a: Victreebel
|
|-weather|SunnyDay|[upkeep]
|upkeep
|
|t:|1776044162
|switch|p1a: Walking Wake|Walking Wake|100/100
|-activate|p1a: Walking Wake|ability: Protosynthesis
|-start|p1a: Walking Wake|protosynthesisspe
|turn|5
|c|☆Leadshark0091|Thank you like wise bro. I love wake !!
|
|t:|1776044194
|move|p1a: Walking Wake|Hydro Steam|p2a: Necrozma
|-damage|p2a: Necrozma|0 fnt
|faint|p2a: Necrozma
|-damage|p1a: Walking Wake|91/100|[from] item: Life Orb
|
|-weather|SunnyDay|[upkeep]
|upkeep
|
|t:|1776044199
|switch|p2a: Infernape|Infernape, M|100/100
|turn|6
|
|t:|1776044204
|switch|p2a: Gastrodon|Gastrodon, M|100/100
|move|p1a: Walking Wake|Hydro Steam|p2a: Gastrodon
|-ability|p2a: Gastrodon|Storm Drain|boost
|-boost|p2a: Gastrodon|spa|1
|
|-weather|none
|-end|p1a: Walking Wake|Protosynthesis
|upkeep
|turn|7
|
|t:|1776044212
|move|p1a: Walking Wake|Draco Meteor|p2a: Gastrodon
|-damage|p2a: Gastrodon|49/100
|-unboost|p1a: Walking Wake|spa|2
|-damage|p1a: Walking Wake|81/100|[from] item: Life Orb
|move|p2a: Gastrodon|Mirror Coat|p1a: Walking Wake
|-damage|p1a: Walking Wake|0 fnt
|faint|p1a: Walking Wake
|-end|p1a: Walking Wake|Protosynthesis|[silent]
|
|upkeep
|
|t:|1776044220
|switch|p1a: Gholdengo|Gholdengo|100/100
|turn|8
|
|t:|1776044227
|move|p1a: Gholdengo|Trick|p2a: Gastrodon
|-activate|p1a: Gholdengo|move: Trick|[of] p2a: Gastrodon
|-item|p2a: Gastrodon|Choice Scarf|[from] move: Trick
|-item|p1a: Gholdengo|Assault Vest|[from] move: Trick
|move|p2a: Gastrodon|Earth Power|p1a: Gholdengo
|-supereffective|p1a: Gholdengo
|-damage|p1a: Gholdengo|11/100
|
|upkeep
|turn|9
|
|t:|1776044237
|-terastallize|p1a: Gholdengo|Steel
|move|p1a: Gholdengo|Make It Rain|p2a: Gastrodon
|-resisted|p2a: Gastrodon
|-damage|p2a: Gastrodon|15/100
|-unboost|p1a: Gholdengo|spa|1
|move|p2a: Gastrodon|Earth Power|p1a: Gholdengo
|-supereffective|p1a: Gholdengo
|-damage|p1a: Gholdengo|0 fnt
|faint|p1a: Gholdengo
|
|upkeep
|
|t:|1776044244
|switch|p1a: Zamazenta|Zamazenta|100/100
|-ability|p1a: Zamazenta|Dauntless Shield|boost
|-boost|p1a: Zamazenta|def|1
|turn|10
|
|t:|1776044265
|move|p1a: Zamazenta|Crunch|p2a: Gastrodon
|-damage|p2a: Gastrodon|0 fnt
|faint|p2a: Gastrodon
|
|upkeep
|
|t:|1776044271
|switch|p2a: Rotom|Rotom-Wash|100/100
|turn|11
|
|t:|1776044277
|move|p1a: Zamazenta|Crunch|p2a: Rotom
|-damage|p2a: Rotom|66/100
|-unboost|p2a: Rotom|def|1
|move|p2a: Rotom|Will-O-Wisp|p1a: Zamazenta
|-status|p1a: Zamazenta|brn
|
|-damage|p1a: Zamazenta|94/100 brn|[from] brn
|-damage|p2a: Rotom|54/100|[from] item: Sticky Barb
|upkeep
|turn|12
|
|t:|1776044285
|move|p1a: Zamazenta|Close Combat|p2a: Rotom
|-damage|p2a: Rotom|0 fnt
|-unboost|p1a: Zamazenta|def|1
|-unboost|p1a: Zamazenta|spd|1
|faint|p2a: Rotom
|
|-damage|p1a: Zamazenta|88/100 brn|[from] brn
|upkeep
|
|t:|1776044289
|switch|p2a: Infernape|Infernape, M|100/100
|turn|13
|
|t:|1776044301
|move|p1a: Zamazenta|Close Combat|p2a: Infernape
|-damage|p2a: Infernape|58/100
|-unboost|p1a: Zamazenta|def|1
|-unboost|p1a: Zamazenta|spd|1
|move|p2a: Infernape|Flare Blitz|p1a: Zamazenta
|-crit|p1a: Zamazenta
|-damage|p1a: Zamazenta|0 fnt
|faint|p1a: Zamazenta
|-damage|p2a: Infernape|26/100|[from] Recoil
|
|win|Leadshark0091
|raw|magickarp_lol_33's rating: 1079 &rarr; <strong>1060</strong><br />(-19 for losing)
|raw|Leadshark0091's rating: 1124 &rarr; <strong>1146</strong><br />(+22 for winning)
|l|☆magickarp_lol_33
|player|p1|
|c|☆Leadshark0091|Gg
|l|☆Leadshark0091
|player|p2|
