|html|<div class="broadcast-blue"><strong>[Gen 9] OU is currently suspecting Tera Blast! For information on how to participate check out the <a href="https://www.smogon.com/tools/suspects/view/200">suspect thread</a>.</strong></div>
|j|☆AmygdalanResponse
|j|☆phreshoatmeal
|t:|1776054128
|gametype|singles
|player|p1|AmygdalanResponse|marshal|1538
|player|p2|phreshoatmeal|170|1594
|gen|9
|tier|[Gen 9] OU
|rated|
|rule|HP Percentage Mod: HP is shown in percentages
|rule|Endless Battle Clause: Forcing endless battles is banned
|rule|Species Clause: Limit one of each Pokémon
|rule|OHKO Clause: OHKO moves are banned
|rule|Evasion Items Clause: Evasion items are banned
|rule|Evasion Moves Clause: Evasion moves are banned
|rule|Evasion Abilities Clause: Evasion abilities are banned
|rule|Sleep Moves Clause: Sleep-inducing moves are banned
|clearpoke
|poke|p1|Indeedee, M|
|poke|p1|Iron Boulder|
|poke|p1|Deoxys-Speed|
|poke|p1|Iron Valiant|
|poke|p1|Glimmora, F|
|poke|p1|Dragapult, F|
|poke|p2|Rotom-Heat|
|poke|p2|Mamoswine, F|
|poke|p2|Gholdengo|
|poke|p2|Chesnaught, M|
|poke|p2|Dragonite, F|
|poke|p2|Clefable, F|
|teampreview
|c|☆AmygdalanResponse|gl hf
|inactive|Battle timer is ON: inactive players will automatically lose when time's up. (requested by AmygdalanResponse)
|
|t:|1776054209
|teamsize|p1|6
|teamsize|p2|6
|start
|switch|p1a: Glimmora|Glimmora, F|100/100
|switch|p2a: Gholdengo|Gholdengo|100/100
|turn|1
|
|t:|1776054219
|move|p2a: Gholdengo|Make It Rain|p1a: Glimmora
|-supereffective|p1a: Glimmora
|-enditem|p1a: Glimmora|Focus Sash
|-damage|p1a: Glimmora|1/100
|-unboost|p2a: Gholdengo|spa|1
|move|p1a: Glimmora|Earth Power|p2a: Gholdengo
|-supereffective|p2a: Gholdengo
|-damage|p2a: Gholdengo|24/100
|
|upkeep
|turn|2
|
|t:|1776054236
|move|p2a: Gholdengo|Make It Rain|p1a: Glimmora
|-supereffective|p1a: Glimmora
|-damage|p1a: Glimmora|0 fnt
|-unboost|p2a: Gholdengo|spa|1
|faint|p1a: Glimmora
|
|upkeep
|
|t:|1776054243
|switch|p1a: Indeedee|Indeedee, M|100/100
|-fieldstart|move: Psychic Terrain|[from] ability: Psychic Surge|[of] p1a: Indeedee
|turn|3
|
|t:|1776054262
|switch|p2a: Clefable|Clefable, F|100/100
|move|p1a: Indeedee|Expanding Force|p2a: Clefable
|-damage|p2a: Clefable|57/100
|
|-heal|p2a: Clefable|63/100|[from] item: Leftovers
|upkeep
|turn|4
|
|t:|1776054274
|switch|p1a: Deoxys|Deoxys-Speed|100/100
|-ability|p1a: Deoxys|Pressure
|move|p2a: Clefable|Moonlight|p2a: Clefable
|-heal|p2a: Clefable|100/100
|
|upkeep
|turn|5
|
|t:|1776054279
|move|p1a: Deoxys|Expanding Force|p2a: Clefable
|-crit|p2a: Clefable
|-damage|p2a: Clefable|0 fnt
|faint|p2a: Clefable
|
|upkeep
|
|t:|1776054291
|switch|p2a: Dragonite|Dragonite, F|100/100
|turn|6
|
|t:|1776054305
|move|p1a: Deoxys|Expanding Force|p2a: Dragonite
|-damage|p2a: Dragonite|48/100
|move|p2a: Dragonite|Earthquake|p1a: Deoxys
|-damage|p1a: Deoxys|43/100
|
|upkeep
|turn|7
|
|t:|1776054315
|move|p1a: Deoxys|Expanding Force|p2a: Dragonite
|-damage|p2a: Dragonite|0 fnt
|faint|p2a: Dragonite
|
|upkeep
|
|t:|1776054324
|switch|p2a: Rotom|Rotom-Heat|100/100
|turn|8
|
|t:|1776054326
|-terastallize|p2a: Rotom|Steel
|move|p1a: Deoxys|Expanding Force|p2a: Rotom
|-resisted|p2a: Rotom
|-damage|p2a: Rotom|41/100
|move|p2a: Rotom|Thunderbolt|p1a: Deoxys
|-damage|p1a: Deoxys|0 fnt
|faint|p1a: Deoxys
|
|upkeep
|
|t:|1776054348
|switch|p1a: Iron Valiant|Iron Valiant|100/100
|-enditem|p1a: Iron Valiant|Booster Energy
|-activate|p1a: Iron Valiant|ability: Quark Drive|[fromitem]
|-start|p1a: Iron Valiant|quarkdrivespe
|turn|9
|
|t:|1776054362
|move|p1a: Iron Valiant|Calm Mind|p1a: Iron Valiant
|-boost|p1a: Iron Valiant|spa|1
|-boost|p1a: Iron Valiant|spd|1
|move|p2a: Rotom|Overheat|p1a: Iron Valiant
|-damage|p1a: Iron Valiant|30/100
|-unboost|p2a: Rotom|spa|2
|
|upkeep
|turn|10
|
|t:|1776054386
|switch|p2a: Gholdengo|Gholdengo|24/100
|move|p1a: Iron Valiant|Moonblast|p2a: Gholdengo
|-resisted|p2a: Gholdengo
|-damage|p2a: Gholdengo|0 fnt
|faint|p2a: Gholdengo
|
|-fieldend|move: Psychic Terrain
|upkeep
|
|t:|1776054394
|switch|p2a: Mamoswine|Mamoswine, F|100/100
|turn|11
|
|t:|1776054397
|-end|p1a: Iron Valiant|Quark Drive|[silent]
|switch|p1a: Indeedee|Indeedee, M|100/100
|-fieldstart|move: Psychic Terrain|[from] ability: Psychic Surge|[of] p1a: Indeedee
|move|p2a: Mamoswine|Ice Shard|p1a: Indeedee
|-activate|p1a: Indeedee|move: Psychic Terrain
|
|upkeep
|turn|12
|
|t:|1776054412
|move|p1a: Indeedee|Encore|p2a: Mamoswine
|-start|p2a: Mamoswine|Encore
|move|p2a: Mamoswine|Ice Shard|p1a: Indeedee
|-damage|p1a: Indeedee|48/100
|
|upkeep
|turn|13
|
|t:|1776054423
|switch|p2a: Rotom|Rotom-Heat, tera:Steel|41/100
|move|p1a: Indeedee|Expanding Force|p2a: Rotom
|-resisted|p2a: Rotom
|-damage|p2a: Rotom|4/100
|
|upkeep
|turn|14
|
|t:|1776054432
|move|p1a: Indeedee|Expanding Force|p2a: Rotom
|-resisted|p2a: Rotom
|-damage|p2a: Rotom|0 fnt
|faint|p2a: Rotom
|
|upkeep
|
|t:|1776054435
|switch|p2a: Mamoswine|Mamoswine, F|100/100
|turn|15
|
|t:|1776054437
|move|p1a: Indeedee|Expanding Force|p2a: Mamoswine
|-damage|p2a: Mamoswine|5/100
|move|p2a: Mamoswine|Knock Off|p1a: Indeedee
|-supereffective|p1a: Indeedee
|-damage|p1a: Indeedee|0 fnt
|-enditem|p1a: Indeedee|Terrain Extender|[from] move: Knock Off|[of] p2a: Mamoswine
|faint|p1a: Indeedee
|
|upkeep
|
|t:|1776054440
|switch|p1a: Iron Valiant|Iron Valiant|30/100
|turn|16
|
|t:|1776054444
|switch|p2a: Chesnaught|Chesnaught, M|100/100
|move|p1a: Iron Valiant|Psyshock|p2a: Chesnaught
|-supereffective|p2a: Chesnaught
|-damage|p2a: Chesnaught|60/100
|
|upkeep
|turn|17
|
|t:|1776054453
|move|p1a: Iron Valiant|Moonblast|p2a: Chesnaught
|-supereffective|p2a: Chesnaught
|-damage|p2a: Chesnaught|0 fnt
|faint|p2a: Chesnaught
|
|upkeep
|
|t:|1776054455
|switch|p2a: Mamoswine|Mamoswine, F|5/100
|turn|18
|
|t:|1776054457
|move|p1a: Iron Valiant|Moonblast|p2a: Mamoswine
|-damage|p2a: Mamoswine|0 fnt
|faint|p2a: Mamoswine
|
|win|AmygdalanResponse
|raw|AmygdalanResponse's rating: 1538 &rarr; <strong>1561</strong><br />(+23 for winning)
|raw|phreshoatmeal's rating: 1594 &rarr; <strong>1571</strong><br />(-23 for losing)
|l|☆phreshoatmeal
|player|p2|
