|html|<div class="broadcast-blue"><strong>[Gen 9] OU is currently suspecting Tera Blast! For information on how to participate check out the <a href="https://www.smogon.com/tools/suspects/view/200">suspect thread</a>.</strong></div>
|j|☆JangarRifin
|j|☆Blackmagicfr
|t:|1776032090
|gametype|singles
|player|p1|JangarRifin|2|1486
|player|p2|Blackmagicfr|giovanni|1405
|gen|9
|tier|[Gen 9] OU
|rated|
|rule|HP Percentage Mod: HP is shown in percentages
|rule|Endless Battle Clause: Forcing endless battles is banned
|rule|Species Clause: Limit one of each Pokémon
|rule|OHKO Clause: OHKO moves are banned
|rule|Evasion Items Clause: Evasion items are banned
|rule|Evasion Moves Clause: Evasion moves are banned
|rule|Evasion Abilities Clause: Evasion abilities are banned
|rule|Sleep Moves Clause: Sleep-inducing moves are banned
|clearpoke
|poke|p1|Zamazenta-*|
|poke|p1|Garchomp, M|
|poke|p1|Slowking-Galar, M|
|poke|p1|Kyurem|
|poke|p1|Iron Moth|
|poke|p1|Great Tusk|
|poke|p2|Goodra-Hisui, M|
|poke|p2|Pelipper, M|
|poke|p2|Iron Treads|
|poke|p2|Barraskewda, M|
|poke|p2|Kingdra, M|
|poke|p2|Iron Valiant|
|teampreview
|inactive|Battle timer is ON: inactive players will automatically lose when time's up. (requested by Blackmagicfr)
|j| ohko_smeargle
|
|t:|1776032111
|teamsize|p1|6
|teamsize|p2|6
|start
|switch|p1a: Garchomp|Garchomp, M|100/100
|switch|p2a: Barraskewda|Barraskewda, M, shiny|100/100
|turn|1
|
|t:|1776032127
|move|p2a: Barraskewda|Liquidation|p1a: Garchomp
|-damage|p1a: Garchomp|26/100
|-damage|p2a: Barraskewda|88/100|[from] ability: Rough Skin|[of] p1a: Garchomp
|move|p1a: Garchomp|Scale Shot|p2a: Barraskewda
|-damage|p2a: Barraskewda|61/100
|-damage|p2a: Barraskewda|36/100
|-damage|p2a: Barraskewda|11/100
|-damage|p2a: Barraskewda|0 fnt
|faint|p2a: Barraskewda
|-hitcount|p2: Barraskewda|4
|-unboost|p1a: Garchomp|def|1
|-boost|p1a: Garchomp|spe|1
|
|upkeep
|
|t:|1776032133
|switch|p2a: Iron Valiant|Iron Valiant|100/100
|-enditem|p2a: Iron Valiant|Booster Energy
|-activate|p2a: Iron Valiant|ability: Quark Drive|[fromitem]
|-start|p2a: Iron Valiant|quarkdrivespe
|turn|2
|
|t:|1776032139
|switch|p1a: Slowking|Slowking-Galar, M|100/100
|move|p2a: Iron Valiant|Knock Off|p1a: Slowking
|-supereffective|p1a: Slowking
|-damage|p1a: Slowking|29/100
|-enditem|p1a: Slowking|Heavy-Duty Boots|[from] move: Knock Off|[of] p2a: Iron Valiant
|
|upkeep
|turn|3
|
|t:|1776032148
|switch|p1a: Iron Moth|Iron Moth|100/100
|move|p2a: Iron Valiant|Knock Off|p1a: Iron Moth
|-damage|p1a: Iron Moth|41/100
|-enditem|p1a: Iron Moth|Choice Specs|[from] move: Knock Off|[of] p2a: Iron Valiant
|
|upkeep
|turn|4
|
|t:|1776032156
|-end|p2a: Iron Valiant|Quark Drive|[silent]
|switch|p2a: Pelipper|Pelipper, M|100/100
|-weather|RainDance|[from] ability: Drizzle|[of] p2a: Pelipper
|move|p1a: Iron Moth|Overheat|p2a: Pelipper
|-resisted|p2a: Pelipper
|-damage|p2a: Pelipper|76/100
|-unboost|p1a: Iron Moth|spa|2
|
|-weather|RainDance|[upkeep]
|upkeep
|turn|5
|
|t:|1776032165
|-end|p1a: Iron Moth|Quark Drive|[silent]
|switch|p1a: Slowking|Slowking-Galar, M|63/100
|move|p2a: Pelipper|U-turn|p1a: Slowking
|-damage|p1a: Slowking|52/100
|
|t:|1776032169
|switch|p2a: Kingdra|Kingdra, M, shiny|100/100|[from] U-turn
|
|-weather|RainDance|[upkeep]
|upkeep
|turn|6
|
|t:|1776032173
|switch|p1a: Garchomp|Garchomp, M|26/100
|move|p2a: Kingdra|Weather Ball|p1a: Garchomp
|-crit|p1a: Garchomp
|-damage|p1a: Garchomp|0 fnt
|faint|p1a: Garchomp
|
|-weather|RainDance|[upkeep]
|upkeep
|
|t:|1776032178
|switch|p1a: Slowking|Slowking-Galar, M|86/100
|turn|7
|
|t:|1776032182
|switch|p2a: Goodra|Goodra-Hisui, M, shiny|100/100
|move|p1a: Slowking|Toxic Spikes|p2a: Goodra
|-sidestart|p2: Blackmagicfr|move: Toxic Spikes
|
|-weather|RainDance|[upkeep]
|upkeep
|turn|8
|
|t:|1776032189
|move|p2a: Goodra|Knock Off|p1a: Slowking
|-supereffective|p1a: Slowking
|-damage|p1a: Slowking|53/100
|move|p1a: Slowking|Toxic Spikes|p2a: Goodra
|-sidestart|p2: Blackmagicfr|move: Toxic Spikes
|
|-weather|RainDance|[upkeep]
|upkeep
|turn|9
|
|t:|1776032192
|move|p2a: Goodra|Earthquake|p1a: Slowking
|-supereffective|p1a: Slowking
|-damage|p1a: Slowking|4/100
|-prepare|p1a: Slowking|Chilly Reception|[premajor]
|move|p1a: Slowking|Chilly Reception|p1a: Slowking
|-weather|Snowscape
|
|t:|1776032199
|switch|p1a: Kyurem|Kyurem|100/100|[from] Chilly Reception
|-ability|p1a: Kyurem|Pressure
|
|-weather|Snowscape|[upkeep]
|upkeep
|turn|10
|
|t:|1776032204
|move|p1a: Kyurem|Earth Power|p2a: Goodra
|-supereffective|p2a: Goodra
|-damage|p2a: Goodra|79/100
|move|p2a: Goodra|Flash Cannon|p1a: Kyurem
|-supereffective|p1a: Kyurem
|-damage|p1a: Kyurem|62/100
|
|-weather|Snowscape|[upkeep]
|upkeep
|turn|11
|
|t:|1776032211
|move|p1a: Kyurem|Freeze-Dry|p2a: Goodra
|-damage|p2a: Goodra|66/100
|move|p2a: Goodra|Knock Off|p1a: Kyurem
|-damage|p1a: Kyurem|48/100
|-enditem|p1a: Kyurem|Assault Vest|[from] move: Knock Off|[of] p2a: Goodra
|
|-weather|Snowscape|[upkeep]
|upkeep
|turn|12
|
|t:|1776032227
|move|p1a: Kyurem|Earth Power|p2a: Goodra
|-supereffective|p2a: Goodra
|-damage|p2a: Goodra|42/100
|move|p2a: Goodra|Flash Cannon|p1a: Kyurem
|-supereffective|p1a: Kyurem
|-damage|p1a: Kyurem|0 fnt
|faint|p1a: Kyurem
|
|-weather|Snowscape|[upkeep]
|upkeep
|
|t:|1776032233
|switch|p1a: Great Tusk|Great Tusk|100/100
|turn|13
|
|t:|1776032240
|move|p1a: Great Tusk|Stealth Rock|p2a: Goodra
|-sidestart|p2: Blackmagicfr|move: Stealth Rock
|move|p2a: Goodra|Draco Meteor|p1a: Great Tusk
|-damage|p1a: Great Tusk|34/100
|-unboost|p2a: Goodra|spa|2
|
|-weather|none
|upkeep
|turn|14
|
|t:|1776032243
|move|p1a: Great Tusk|Body Press|p2a: Goodra
|-supereffective|p2a: Goodra
|-damage|p2a: Goodra|0 fnt
|faint|p2a: Goodra
|
|upkeep
|
|t:|1776032245
|switch|p2a: Iron Treads|Iron Treads|100/100
|-damage|p2a: Iron Treads|97/100|[from] Stealth Rock
|-enditem|p2a: Iron Treads|Booster Energy
|-activate|p2a: Iron Treads|ability: Quark Drive|[fromitem]
|-start|p2a: Iron Treads|quarkdrivespe
|turn|15
|
|t:|1776032252
|move|p2a: Iron Treads|Steel Beam|p1a: Great Tusk
|-damage|p1a: Great Tusk|0 fnt
|-damage|p2a: Iron Treads|47/100|[from] steelbeam
|faint|p1a: Great Tusk
|-end|p1a: Great Tusk|Protosynthesis|[silent]
|
|upkeep
|
|t:|1776032268
|switch|p1a: Zamazenta|Zamazenta|100/100
|-ability|p1a: Zamazenta|Dauntless Shield|boost
|-boost|p1a: Zamazenta|def|1
|turn|16
|
|t:|1776032272
|move|p2a: Iron Treads|Rapid Spin|p1a: Zamazenta
|-damage|p1a: Zamazenta|92/100
|-boost|p2a: Iron Treads|spe|1
|-sideend|p2: Blackmagicfr|Toxic Spikes|[from] move: Rapid Spin|[of] p2a: Iron Treads
|-sideend|p2: Blackmagicfr|Stealth Rock|[from] move: Rapid Spin|[of] p2a: Iron Treads
|move|p1a: Zamazenta|Close Combat|p2a: Iron Treads
|-supereffective|p2a: Iron Treads
|-damage|p2a: Iron Treads|0 fnt
|-unboost|p1a: Zamazenta|def|1
|-unboost|p1a: Zamazenta|spd|1
|faint|p2a: Iron Treads
|-end|p2a: Iron Treads|Quark Drive|[silent]
|-damage|p1a: Zamazenta|83/100|[from] item: Life Orb
|
|upkeep
|
|t:|1776032278
|switch|p2a: Pelipper|Pelipper, M|76/100
|-weather|RainDance|[from] ability: Drizzle|[of] p2a: Pelipper
|turn|17
|
|t:|1776032281
|switch|p1a: Slowking|Slowking-Galar, M|37/100
|move|p2a: Pelipper|Hurricane|p1a: Slowking
|-damage|p1a: Slowking|15/100
|
|-weather|RainDance|[upkeep]
|upkeep
|turn|18
|
|t:|1776032284
|move|p2a: Pelipper|Surf|p1a: Slowking
|-damage|p1a: Slowking|0 fnt
|faint|p1a: Slowking
|
|-weather|RainDance|[upkeep]
|upkeep
|
|t:|1776032288
|switch|p1a: Iron Moth|Iron Moth|41/100
|turn|19
|
|t:|1776032293
|move|p1a: Iron Moth|Discharge|p2a: Pelipper
|-supereffective|p2a: Pelipper
|-damage|p2a: Pelipper|0 fnt
|faint|p2a: Pelipper
|
|-weather|RainDance|[upkeep]
|upkeep
|
|t:|1776032294
|switch|p2a: Kingdra|Kingdra, M, shiny|100/100
|turn|20
|
|t:|1776032300
|move|p2a: Kingdra|Weather Ball|p1a: Iron Moth
|-supereffective|p1a: Iron Moth
|-damage|p1a: Iron Moth|0 fnt
|faint|p1a: Iron Moth
|-end|p1a: Iron Moth|Quark Drive|[silent]
|
|-weather|RainDance|[upkeep]
|upkeep
|
|t:|1776032305
|switch|p1a: Zamazenta|Zamazenta|83/100
|turn|21
|
|t:|1776032313
|-terastallize|p2a: Kingdra|Water
|move|p2a: Kingdra|Weather Ball|p1a: Zamazenta
|-damage|p1a: Zamazenta|0 fnt
|faint|p1a: Zamazenta
|
|win|Blackmagicfr
|raw|JangarRifin's rating: 1486 &rarr; <strong>1461</strong><br />(-25 for losing)
|raw|Blackmagicfr's rating: 1405 &rarr; <strong>1430</strong><br />(+25 for winning)
|l| ohko_smeargle
|l|☆JangarRifin
|player|p1|
|l|☆Blackmagicfr
|player|p2|
