|html|<div class="broadcast-blue"><strong>[Gen 9] OU is currently suspecting Tera Blast! For information on how to participate check out the <a href="https://www.smogon.com/tools/suspects/view/200">suspect thread</a>.</strong></div>
|j|☆totally ligit
|j|☆chriiiisa
|t:|1776082417
|gametype|singles
|player|p1|totally ligit|170|1233
|player|p2|chriiiisa|2|1210
|gen|9
|tier|[Gen 9] OU
|rated|
|rule|HP Percentage Mod: HP is shown in percentages
|rule|Endless Battle Clause: Forcing endless battles is banned
|rule|Species Clause: Limit one of each Pokémon
|rule|OHKO Clause: OHKO moves are banned
|rule|Evasion Items Clause: Evasion items are banned
|rule|Evasion Moves Clause: Evasion moves are banned
|rule|Evasion Abilities Clause: Evasion abilities are banned
|rule|Sleep Moves Clause: Sleep-inducing moves are banned
|clearpoke
|poke|p1|Walking Wake|
|poke|p1|Arcanine-Hisui, M|
|poke|p1|Torkoal, F|
|poke|p1|Talonflame, F|
|poke|p1|Tropius, M|
|poke|p1|Iron Moth|
|poke|p2|Gholdengo|
|poke|p2|Dragonite, M|
|poke|p2|Raging Bolt|
|poke|p2|Great Tusk|
|poke|p2|Iron Valiant|
|poke|p2|Ting-Lu|
|teampreview
|inactive|Battle timer is ON: inactive players will automatically lose when time's up. (requested by totally ligit)
|
|t:|1776082425
|teamsize|p1|6
|teamsize|p2|6
|start
|switch|p1a: Tropius|Tropius, M|100/100
|switch|p2a: Ting-Lu|Ting-Lu|100/100
|-ability|p2a: Ting-Lu|Vessel of Ruin
|turn|1
|
|t:|1776082434
|move|p2a: Ting-Lu|Stealth Rock|p1a: Tropius
|-sidestart|p1: totally ligit|move: Stealth Rock
|move|p1a: Tropius|Leech Seed|p2a: Ting-Lu
|-start|p2a: Ting-Lu|move: Leech Seed
|
|-damage|p2a: Ting-Lu|88/100|[from] Leech Seed|[of] p1a: Tropius
|upkeep
|turn|2
|
|t:|1776082441
|move|p1a: Tropius|U-turn|p2a: Ting-Lu
|-supereffective|p2a: Ting-Lu
|-damage|p2a: Ting-Lu|76/100
|
|t:|1776082445
|switch|p1a: Torkoal|Torkoal, F|100/100|[from] U-turn
|-damage|p1a: Torkoal|76/100|[from] Stealth Rock
|-weather|SunnyDay|[from] ability: Drought|[of] p1a: Torkoal
|move|p2a: Ting-Lu|Whirlwind|p1a: Torkoal
|drag|p1a: Arcanine|Arcanine-Hisui, M|100/100
|-damage|p1a: Arcanine|76/100|[from] Stealth Rock
|
|-weather|SunnyDay|[upkeep]
|-heal|p2a: Ting-Lu|82/100|[from] item: Leftovers
|-damage|p2a: Ting-Lu|69/100|[from] Leech Seed|[of] p1a: Arcanine
|-heal|p1a: Arcanine|95/100|[silent]
|upkeep
|turn|3
|
|t:|1776082458
|switch|p1a: Talonflame|Talonflame, F, shiny|100/100
|move|p2a: Ting-Lu|Earthquake|p1a: Talonflame
|-immune|p1a: Talonflame
|
|-weather|SunnyDay|[upkeep]
|-heal|p2a: Ting-Lu|76/100|[from] item: Leftovers
|-damage|p2a: Ting-Lu|63/100|[from] Leech Seed|[of] p1a: Talonflame
|upkeep
|turn|4
|
|t:|1776082461
|move|p1a: Talonflame|Defog|p2a: Ting-Lu
|-unboost|p2a: Ting-Lu|evasion|1
|-sideend|p1: totally ligit|Stealth Rock|[from] move: Defog|[of] p1a: Talonflame
|move|p2a: Ting-Lu|Whirlwind|p1a: Talonflame
|drag|p1a: Tropius|Tropius, M|100/100
|
|-weather|SunnyDay|[upkeep]
|-heal|p2a: Ting-Lu|69/100|[from] item: Leftovers
|-damage|p2a: Ting-Lu|57/100|[from] Leech Seed|[of] p1a: Tropius
|upkeep
|turn|5
|
|t:|1776082465
|move|p2a: Ting-Lu|Stealth Rock|p1a: Tropius
|-sidestart|p1: totally ligit|move: Stealth Rock
|move|p1a: Tropius|U-turn|p2a: Ting-Lu
|-supereffective|p2a: Ting-Lu
|-damage|p2a: Ting-Lu|46/100
|
|t:|1776082474
|switch|p1a: Talonflame|Talonflame, F, shiny|100/100|[from] U-turn
|
|-weather|SunnyDay|[upkeep]
|-heal|p2a: Ting-Lu|52/100|[from] item: Leftovers
|-damage|p2a: Ting-Lu|39/100|[from] Leech Seed|[of] p1a: Talonflame
|upkeep
|turn|6
|
|t:|1776082487
|switch|p2a: Raging Bolt|Raging Bolt|100/100
|-activate|p2a: Raging Bolt|ability: Protosynthesis
|-start|p2a: Raging Bolt|protosynthesisspa
|move|p1a: Talonflame|Flamethrower|p2a: Raging Bolt
|-resisted|p2a: Raging Bolt
|-crit|p2a: Raging Bolt
|-damage|p2a: Raging Bolt|80/100
|
|-weather|SunnyDay|[upkeep]
|upkeep
|turn|7
|
|t:|1776082498
|move|p1a: Talonflame|U-turn|p2a: Raging Bolt
|-crit|p2a: Raging Bolt
|-damage|p2a: Raging Bolt|63/100
|
|t:|1776082500
|switch|p1a: Tropius|Tropius, M|100/100|[from] U-turn
|-damage|p1a: Tropius|76/100|[from] Stealth Rock
|move|p2a: Raging Bolt|Volt Switch|p1a: Tropius
|-damage|p1a: Tropius|23/100
|-enditem|p1a: Tropius|Sitrus Berry|[eat]
|-heal|p1a: Tropius|48/100|[from] item: Sitrus Berry
|
|t:|1776082511
|-end|p2a: Raging Bolt|Protosynthesis|[silent]
|switch|p2a: Great Tusk|Great Tusk|100/100|[from] Volt Switch
|-activate|p2a: Great Tusk|ability: Protosynthesis
|-start|p2a: Great Tusk|protosynthesisatk
|
|-weather|SunnyDay|[upkeep]
|-item|p1a: Tropius|Sitrus Berry|[from] ability: Harvest
|upkeep
|-enditem|p1a: Tropius|Sitrus Berry|[eat]
|-heal|p1a: Tropius|72/100|[from] item: Sitrus Berry
|turn|8
|
|t:|1776082515
|switch|p1a: Talonflame|Talonflame, F, shiny|100/100
|move|p2a: Great Tusk|Ice Spinner|p1a: Talonflame
|-damage|p1a: Talonflame|68/100
|-status|p2a: Great Tusk|brn|[from] ability: Flame Body|[of] p1a: Talonflame
|
|-weather|SunnyDay|[upkeep]
|-damage|p2a: Great Tusk|94/100 brn|[from] brn
|upkeep
|turn|9
|
|t:|1776082541
|-end|p2a: Great Tusk|Protosynthesis|[silent]
|switch|p2a: Dragonite|Dragonite, M|100/100
|move|p1a: Talonflame|Defog|p2a: Dragonite
|-unboost|p2a: Dragonite|evasion|1
|-sideend|p1: totally ligit|Stealth Rock|[from] move: Defog|[of] p1a: Talonflame
|
|-weather|none
|upkeep
|turn|10
|
|t:|1776082545
|move|p1a: Talonflame|U-turn|p2a: Dragonite
|-resisted|p2a: Dragonite
|-damage|p2a: Dragonite|97/100
|
|t:|1776082556
|switch|p1a: Tropius|Tropius, M|72/100|[from] U-turn
|move|p2a: Dragonite|Dragon Dance|p2a: Dragonite
|-boost|p2a: Dragonite|atk|1
|-boost|p2a: Dragonite|spe|1
|
|-item|p1a: Tropius|Sitrus Berry|[from] ability: Harvest
|upkeep
|turn|11
|
|t:|1776082568
|move|p2a: Dragonite|Dragon Dance|p2a: Dragonite
|-boost|p2a: Dragonite|atk|1
|-boost|p2a: Dragonite|spe|1
|move|p1a: Tropius|Leech Seed|p2a: Dragonite
|-start|p2a: Dragonite|move: Leech Seed
|
|-damage|p2a: Dragonite|85/100|[from] Leech Seed|[of] p1a: Tropius
|-heal|p1a: Tropius|83/100|[silent]
|upkeep
|turn|12
|
|t:|1776082583
|move|p1a: Tropius|Protect|p1a: Tropius
|-singleturn|p1a: Tropius|Protect
|move|p2a: Dragonite|Outrage|p1a: Tropius
|-activate|p1a: Tropius|move: Protect
|
|-damage|p2a: Dragonite|73/100|[from] Leech Seed|[of] p1a: Tropius
|-heal|p1a: Tropius|94/100|[silent]
|upkeep
|turn|13
|
|t:|1776082596
|switch|p1a: Torkoal|Torkoal, F|76/100
|-weather|SunnyDay|[from] ability: Drought|[of] p1a: Torkoal
|move|p2a: Dragonite|Outrage|p1a: Torkoal
|-damage|p1a: Torkoal|0 fnt
|faint|p1a: Torkoal
|
|-weather|SunnyDay|[upkeep]
|upkeep
|
|t:|1776082599
|switch|p1a: Arcanine|Arcanine-Hisui, M|95/100
|turn|14
|
|t:|1776082607
|-terastallize|p1a: Arcanine|Normal
|move|p1a: Arcanine|Extreme Speed|p2a: Dragonite
|-damage|p2a: Dragonite|12/100
|move|p2a: Dragonite|Outrage|p1a: Arcanine|[from] lockedmove
|-damage|p1a: Arcanine|0 fnt
|faint|p1a: Arcanine
|
|-weather|SunnyDay|[upkeep]
|upkeep
|
|t:|1776082615
|switch|p1a: Tropius|Tropius, M|94/100
|turn|15
|
|t:|1776082619
|move|p1a: Tropius|Protect|p1a: Tropius
|-singleturn|p1a: Tropius|Protect
|move|p2a: Dragonite|Outrage|p1a: Tropius|[from] lockedmove
|-activate|p1a: Tropius|move: Protect
|-start|p2a: Dragonite|confusion|[fatigue]
|
|-weather|SunnyDay|[upkeep]
|-damage|p2a: Dragonite|0 fnt|[from] Leech Seed|[of] p1a: Tropius
|-heal|p1a: Tropius|100/100|[silent]
|faint|p2a: Dragonite
|upkeep
|
|t:|1776082635
|switch|p2a: Gholdengo|Gholdengo|100/100
|turn|16
|
|t:|1776082641
|move|p2a: Gholdengo|Trick|p1a: Tropius
|-activate|p2a: Gholdengo|move: Trick|[of] p1a: Tropius
|-item|p1a: Tropius|Choice Specs|[from] move: Trick
|-item|p2a: Gholdengo|Sitrus Berry|[from] move: Trick
|move|p1a: Tropius|U-turn|p2a: Gholdengo
|-resisted|p2a: Gholdengo
|-damage|p2a: Gholdengo|97/100
|
|t:|1776082645
|switch|p1a: Iron Moth|Iron Moth|100/100|[from] U-turn
|
|-weather|SunnyDay|[upkeep]
|upkeep
|turn|17
|
|t:|1776082670
|move|p1a: Iron Moth|Agility|p1a: Iron Moth
|-boost|p1a: Iron Moth|spe|2
|move|p2a: Gholdengo|Shadow Ball|p1a: Iron Moth
|-damage|p1a: Iron Moth|52/100
|
|-weather|SunnyDay|[upkeep]
|upkeep
|turn|18
|
|t:|1776082677
|move|p1a: Iron Moth|Fiery Dance|p2a: Gholdengo
|-supereffective|p2a: Gholdengo
|-crit|p2a: Gholdengo
|-damage|p2a: Gholdengo|0 fnt
|faint|p2a: Gholdengo
|-damage|p1a: Iron Moth|42/100|[from] item: Life Orb
|
|-weather|SunnyDay|[upkeep]
|upkeep
|
|t:|1776082684
|switch|p2a: Raging Bolt|Raging Bolt|63/100
|-activate|p2a: Raging Bolt|ability: Protosynthesis
|-start|p2a: Raging Bolt|protosynthesisspa
|turn|19
|
|t:|1776082687
|move|p2a: Raging Bolt|Thunderclap||[still]
|-fail|p2a: Raging Bolt
|move|p1a: Iron Moth|Morning Sun|p1a: Iron Moth
|-heal|p1a: Iron Moth|100/100
|
|-weather|SunnyDay|[upkeep]
|upkeep
|turn|20
|
|t:|1776082693
|move|p2a: Raging Bolt|Thunderclap|p1a: Iron Moth
|-damage|p1a: Iron Moth|18/100
|move|p1a: Iron Moth|Fiery Dance|p2a: Raging Bolt
|-resisted|p2a: Raging Bolt
|-damage|p2a: Raging Bolt|22/100
|-boost|p1a: Iron Moth|spa|1
|-damage|p1a: Iron Moth|8/100|[from] item: Life Orb
|
|-weather|none
|-end|p2a: Raging Bolt|Protosynthesis
|upkeep
|turn|21
|
|t:|1776082698
|move|p2a: Raging Bolt|Thunderclap|p1a: Iron Moth
|-damage|p1a: Iron Moth|0 fnt
|faint|p1a: Iron Moth
|-end|p1a: Iron Moth|Quark Drive|[silent]
|
|upkeep
|
|t:|1776082703
|switch|p1a: Walking Wake|Walking Wake|100/100
|turn|22
|
|t:|1776082707
|move|p2a: Raging Bolt|Thunderclap|p1a: Walking Wake
|-damage|p1a: Walking Wake|29/100
|move|p1a: Walking Wake|Hydro Steam|p2a: Raging Bolt
|-resisted|p2a: Raging Bolt
|-crit|p2a: Raging Bolt
|-damage|p2a: Raging Bolt|0 fnt
|faint|p2a: Raging Bolt
|-end|p2a: Raging Bolt|Protosynthesis|[silent]
|
|upkeep
|
|t:|1776082711
|switch|p2a: Iron Valiant|Iron Valiant|100/100
|-enditem|p2a: Iron Valiant|Booster Energy
|-activate|p2a: Iron Valiant|ability: Quark Drive|[fromitem]
|-start|p2a: Iron Valiant|quarkdrivespe
|turn|23
|
|t:|1776082715
|-end|p1a: Walking Wake|Protosynthesis|[silent]
|switch|p1a: Tropius|Tropius, M|100/100
|move|p2a: Iron Valiant|Moonblast|p1a: Tropius
|-damage|p1a: Tropius|68/100
|-unboost|p1a: Tropius|spa|1
|
|upkeep
|turn|24
|
|t:|1776082724
|move|p2a: Iron Valiant|Moonblast|p1a: Tropius
|-damage|p1a: Tropius|38/100
|-unboost|p1a: Tropius|spa|1
|move|p1a: Tropius|Leech Seed|p2a: Iron Valiant
|-start|p2a: Iron Valiant|move: Leech Seed
|
|-damage|p2a: Iron Valiant|88/100|[from] Leech Seed|[of] p1a: Tropius
|-heal|p1a: Tropius|47/100|[silent]
|upkeep
|turn|25
|
|t:|1776082731
|switch|p1a: Talonflame|Talonflame, F, shiny|68/100
|move|p2a: Iron Valiant|Moonblast|p1a: Talonflame
|-resisted|p1a: Talonflame
|-damage|p1a: Talonflame|38/100
|
|-damage|p2a: Iron Valiant|76/100|[from] Leech Seed|[of] p1a: Talonflame
|-heal|p1a: Talonflame|48/100|[silent]
|upkeep
|turn|26
|
|t:|1776082741
|move|p2a: Iron Valiant|Moonblast|p1a: Talonflame
|-resisted|p1a: Talonflame
|-damage|p1a: Talonflame|19/100
|-unboost|p1a: Talonflame|spa|1
|move|p1a: Talonflame|Roost|p1a: Talonflame
|-heal|p1a: Talonflame|69/100
|-singleturn|p1a: Talonflame|move: Roost
|
|-damage|p2a: Iron Valiant|63/100|[from] Leech Seed|[of] p1a: Talonflame
|-heal|p1a: Talonflame|79/100|[silent]
|upkeep
|turn|27
|
|t:|1776082753
|move|p2a: Iron Valiant|Encore|p1a: Talonflame
|-start|p1a: Talonflame|Encore
|move|p1a: Talonflame|Roost|p1a: Talonflame
|-heal|p1a: Talonflame|100/100
|-singleturn|p1a: Talonflame|move: Roost
|
|-damage|p2a: Iron Valiant|51/100|[from] Leech Seed|[of] p1a: Talonflame
|upkeep
|turn|28
|
|t:|1776082758
|-end|p2a: Iron Valiant|Quark Drive|[silent]
|switch|p2a: Great Tusk|Great Tusk|94/100 brn
|switch|p1a: Tropius|Tropius, M|47/100
|
|-damage|p2a: Great Tusk|88/100 brn|[from] brn
|upkeep
|turn|29
|
|t:|1776082764
|move|p1a: Tropius|Protect|p1a: Tropius
|-singleturn|p1a: Tropius|Protect
|move|p2a: Great Tusk|Ice Spinner|p1a: Tropius
|-activate|p1a: Tropius|move: Protect
|
|-damage|p2a: Great Tusk|82/100 brn|[from] brn
|upkeep
|turn|30
|
|t:|1776082770
|switch|p1a: Talonflame|Talonflame, F, shiny|100/100
|move|p2a: Great Tusk|Ice Spinner|p1a: Talonflame
|-damage|p1a: Talonflame|87/100
|
|-damage|p2a: Great Tusk|76/100 brn|[from] brn
|upkeep
|turn|31
|
|t:|1776082784
|-end|p2a: Great Tusk|Protosynthesis|[silent]
|switch|p2a: Ting-Lu|Ting-Lu|39/100
|-ability|p2a: Ting-Lu|Vessel of Ruin
|move|p1a: Talonflame|Flamethrower|p2a: Ting-Lu
|-damage|p2a: Ting-Lu|30/100
|
|-heal|p2a: Ting-Lu|36/100|[from] item: Leftovers
|upkeep
|turn|32
|
|t:|1776082789
|move|p1a: Talonflame|U-turn|p2a: Ting-Lu
|-supereffective|p2a: Ting-Lu
|-damage|p2a: Ting-Lu|22/100
|
|t:|1776082791
|switch|p1a: Tropius|Tropius, M|47/100|[from] U-turn
|move|p2a: Ting-Lu|Ruination|p1a: Tropius
|-damage|p1a: Tropius|24/100
|
|-heal|p2a: Ting-Lu|28/100|[from] item: Leftovers
|upkeep
|turn|33
|-message|chriiiisa forfeited.
|
|win|totally ligit
|raw|totally ligit's rating: 1233 &rarr; <strong>1256</strong><br />(+23 for winning)
|raw|chriiiisa's rating: 1210 &rarr; <strong>1187</strong><br />(-23 for losing)
|l|☆chriiiisa
|player|p2|
|l|☆totally ligit
|player|p1|
