|html|<div class="broadcast-blue"><strong>[Gen 9] OU is currently suspecting Tera Blast! For information on how to participate check out the <a href="https://www.smogon.com/tools/suspects/view/200">suspect thread</a>.</strong></div>
|j|☆dasdadawdasdad
|j|☆licoriceGUTZ
|t:|1776051269
|gametype|singles
|player|p1|dasdadawdasdad|preschooler|1252
|player|p2|licoriceGUTZ|shauntal|1236
|gen|9
|tier|[Gen 9] OU
|rated|
|rule|HP Percentage Mod: HP is shown in percentages
|rule|Endless Battle Clause: Forcing endless battles is banned
|rule|Species Clause: Limit one of each Pokémon
|rule|OHKO Clause: OHKO moves are banned
|rule|Evasion Items Clause: Evasion items are banned
|rule|Evasion Moves Clause: Evasion moves are banned
|rule|Evasion Abilities Clause: Evasion abilities are banned
|rule|Sleep Moves Clause: Sleep-inducing moves are banned
|clearpoke
|poke|p1|Dondozo, M|
|poke|p1|Alomomola, F|
|poke|p1|Gliscor, M|
|poke|p1|Corviknight, F|
|poke|p1|Garganacl, M|
|poke|p1|Clodsire, F|
|poke|p2|Garganacl, F|
|poke|p2|Darkrai|
|poke|p2|Great Tusk|
|poke|p2|Hatterene, F|
|poke|p2|Tornadus-Therian, M|
|poke|p2|Dragonite, M|
|teampreview
|
|t:|1776051286
|teamsize|p1|6
|teamsize|p2|6
|start
|switch|p1a: Garganacl|Garganacl, M|100/100
|switch|p2a: Hatterene|Hatterene, F|100/100
|turn|1
|
|t:|1776051293
|move|p1a: Garganacl|Salt Cure|p2a: Hatterene
|-damage|p2a: Hatterene|89/100
|-start|p2a: Hatterene|Salt Cure
|move|p2a: Hatterene|Nuzzle|p1a: Garganacl
|-damage|p1a: Garganacl|98/100
|
|-damage|p2a: Hatterene|76/100|[from] Salt Cure
|upkeep
|turn|2
|
|t:|1776051313
|switch|p2a: Darkrai|Darkrai|100/100
|move|p1a: Garganacl|Protect||[still]
|-fail|p1a: Garganacl
|
|upkeep
|turn|3
|
|t:|1776051321
|move|p2a: Darkrai|Focus Blast|p1a: Garganacl
|-supereffective|p1a: Garganacl
|-damage|p1a: Garganacl|3/100
|-enditem|p1a: Garganacl|Iapapa Berry|[eat]
|-heal|p1a: Garganacl|36/100|[from] item: Iapapa Berry
|move|p1a: Garganacl|Stealth Rock|p2a: Darkrai
|-sidestart|p2: licoriceGUTZ|move: Stealth Rock
|
|upkeep
|turn|4
|
|t:|1776051330
|switch|p1a: Alomomola|Alomomola, F|100/100
|move|p2a: Darkrai|Focus Blast|p1a: Alomomola|[miss]
|-miss|p2a: Darkrai|p1a: Alomomola
|
|upkeep
|turn|5
|
|t:|1776051354
|switch|p2a: Great Tusk|Great Tusk|100/100
|-damage|p2a: Great Tusk|98/100|[from] Stealth Rock
|-enditem|p2a: Great Tusk|Booster Energy
|-activate|p2a: Great Tusk|ability: Protosynthesis|[fromitem]
|-start|p2a: Great Tusk|protosynthesisatk
|move|p1a: Alomomola|Mirror Coat||[still]
|-fail|p1a: Alomomola
|
|upkeep
|turn|6
|
|t:|1776051367
|move|p2a: Great Tusk|Rapid Spin|p1a: Alomomola
|-damage|p1a: Alomomola|88/100
|-boost|p2a: Great Tusk|spe|1
|-sideend|p2: licoriceGUTZ|Stealth Rock|[from] move: Rapid Spin|[of] p2a: Great Tusk
|move|p1a: Alomomola|Scald|p2a: Great Tusk
|-supereffective|p2a: Great Tusk
|-damage|p2a: Great Tusk|62/100
|
|upkeep
|turn|7
|
|t:|1776051379
|-end|p2a: Great Tusk|Protosynthesis|[silent]
|switch|p2a: Tornadus|Tornadus-Therian, M, shiny|100/100
|move|p1a: Alomomola|Scald|p2a: Tornadus
|-damage|p2a: Tornadus|92/100
|
|upkeep
|turn|8
|
|t:|1776051394
|switch|p1a: Clodsire|Clodsire, F|100/100
|move|p2a: Tornadus|Knock Off|p1a: Clodsire
|-damage|p1a: Clodsire|77/100
|-enditem|p1a: Clodsire|Black Sludge|[from] move: Knock Off|[of] p2a: Tornadus
|
|upkeep
|turn|9
|
|t:|1776051410
|move|p2a: Tornadus|Bleakwind Storm|p1a: Clodsire
|-damage|p1a: Clodsire|56/100
|move|p1a: Clodsire|Toxic|p2a: Tornadus
|-status|p2a: Tornadus|tox
|
|-damage|p2a: Tornadus|85/100 tox|[from] psn
|upkeep
|turn|10
|
|t:|1776051420
|switch|p2a: Hatterene|Hatterene, F|76/100
|move|p1a: Clodsire|Recover|p1a: Clodsire
|-heal|p1a: Clodsire|100/100
|
|upkeep
|turn|11
|
|t:|1776051440
|switch|p1a: Alomomola|Alomomola, F|100/100
|move|p2a: Hatterene|Future Sight|p1a: Alomomola
|-start|p2a: Hatterene|move: Future Sight
|
|upkeep
|turn|12
|
|t:|1776051457
|switch|p2a: Dragonite|Dragonite, M|100/100
|move|p1a: Alomomola|Wish|p1a: Alomomola
|
|upkeep
|turn|13
|
|t:|1776051468
|move|p2a: Dragonite|Dragon Dance|p2a: Dragonite
|-boost|p2a: Dragonite|atk|1
|-boost|p2a: Dragonite|spe|1
|move|p1a: Alomomola|Mirror Coat||[still]
|-fail|p1a: Alomomola
|
|-end|p1a: Alomomola|move: Future Sight
|-damage|p1a: Alomomola|39/100
|-heal|p1a: Alomomola|89/100|[from] move: Wish|[wisher] Alomomola
|upkeep
|turn|14
|
|t:|1776051479
|move|p2a: Dragonite|Dragon Dance|p2a: Dragonite
|-boost|p2a: Dragonite|atk|1
|-boost|p2a: Dragonite|spe|1
|move|p1a: Alomomola|Scald|p2a: Dragonite
|-resisted|p2a: Dragonite
|-damage|p2a: Dragonite|98/100
|-status|p2a: Dragonite|brn
|
|-damage|p2a: Dragonite|92/100 brn|[from] brn
|upkeep
|turn|15
|
|t:|1776051494
|move|p2a: Dragonite|Dragon Dance|p2a: Dragonite
|-boost|p2a: Dragonite|atk|1
|-boost|p2a: Dragonite|spe|1
|move|p1a: Alomomola|Wish|p1a: Alomomola
|
|-damage|p2a: Dragonite|86/100 brn|[from] brn
|upkeep
|turn|16
|
|t:|1776051500
|move|p2a: Dragonite|Dragon Dance|p2a: Dragonite
|-boost|p2a: Dragonite|atk|1
|-boost|p2a: Dragonite|spe|1
|move|p1a: Alomomola|Flip Turn|p2a: Dragonite
|-resisted|p2a: Dragonite
|-damage|p2a: Dragonite|79/100 brn
|
|t:|1776051507
|switch|p1a: Garganacl|Garganacl, M|36/100|[from] Flip Turn
|
|-heal|p1a: Garganacl|100/100|[from] move: Wish|[wisher] Alomomola
|-damage|p2a: Dragonite|73/100 brn|[from] brn
|upkeep
|turn|17
|inactive|Battle timer is ON: inactive players will automatically lose when time's up. (requested by licoriceGUTZ)
|
|t:|1776051515
|move|p2a: Dragonite|Earthquake|p1a: Garganacl
|-supereffective|p1a: Garganacl
|-damage|p1a: Garganacl|34/100
|move|p1a: Garganacl|Stealth Rock|p2a: Dragonite
|-sidestart|p2: licoriceGUTZ|move: Stealth Rock
|
|-damage|p2a: Dragonite|67/100 brn|[from] brn
|upkeep
|turn|18
|
|t:|1776051528
|move|p1a: Garganacl|Protect|p1a: Garganacl
|-singleturn|p1a: Garganacl|Protect
|move|p2a: Dragonite|Roost|p2a: Dragonite
|-heal|p2a: Dragonite|100/100 brn
|-singleturn|p2a: Dragonite|move: Roost
|
|-damage|p2a: Dragonite|94/100 brn|[from] brn
|upkeep
|turn|19
|
|t:|1776051544
|switch|p1a: Corviknight|Corviknight, F|100/100
|-ability|p1a: Corviknight|Pressure
|move|p2a: Dragonite|Extreme Speed|p1a: Corviknight
|-resisted|p1a: Corviknight
|-damage|p1a: Corviknight|83/100
|-damage|p2a: Dragonite|78/100 brn|[from] item: Rocky Helmet|[of] p1a: Corviknight
|
|-damage|p2a: Dragonite|72/100 brn|[from] brn
|upkeep
|turn|20
|
|t:|1776051559
|move|p2a: Dragonite|Roost|p2a: Dragonite
|-heal|p2a: Dragonite|100/100 brn
|-singleturn|p2a: Dragonite|move: Roost
|move|p1a: Corviknight|Iron Defense|p1a: Corviknight
|-boost|p1a: Corviknight|def|2
|
|-damage|p2a: Dragonite|94/100 brn|[from] brn
|upkeep
|turn|21
|
|t:|1776051575
|switch|p2a: Garganacl|Garganacl, F|100/100
|-damage|p2a: Garganacl|88/100|[from] Stealth Rock
|move|p1a: Corviknight|Iron Defense|p1a: Corviknight
|-boost|p1a: Corviknight|def|2
|
|-heal|p2a: Garganacl|94/100|[from] item: Leftovers
|upkeep
|turn|22
|
|t:|1776051585
|-terastallize|p2a: Garganacl|Water
|move|p1a: Corviknight|Body Press|p2a: Garganacl
|-damage|p2a: Garganacl|42/100
|move|p2a: Garganacl|Salt Cure|p1a: Corviknight
|-damage|p1a: Corviknight|80/100
|-start|p1a: Corviknight|Salt Cure
|
|-heal|p2a: Garganacl|49/100|[from] item: Leftovers
|-damage|p1a: Corviknight|55/100|[from] Salt Cure
|upkeep
|turn|23
|
|t:|1776051598
|move|p2a: Garganacl|Protect|p2a: Garganacl
|-singleturn|p2a: Garganacl|Protect
|move|p1a: Corviknight|Body Press|p2a: Garganacl
|-activate|p2a: Garganacl|move: Protect
|
|-heal|p2a: Garganacl|55/100|[from] item: Leftovers
|-damage|p1a: Corviknight|30/100|[from] Salt Cure
|upkeep
|turn|24
|
|t:|1776051607
|move|p1a: Corviknight|Roost|p1a: Corviknight
|-heal|p1a: Corviknight|80/100
|-singleturn|p1a: Corviknight|move: Roost
|move|p2a: Garganacl|Recover|p2a: Garganacl
|-heal|p2a: Garganacl|100/100
|
|-damage|p1a: Corviknight|55/100|[from] Salt Cure
|upkeep
|turn|25
|
|t:|1776051620
|move|p1a: Corviknight|Roost|p1a: Corviknight
|-heal|p1a: Corviknight|100/100
|-singleturn|p1a: Corviknight|move: Roost
|move|p2a: Garganacl|Salt Cure|p1a: Corviknight
|-resisted|p1a: Corviknight
|-damage|p1a: Corviknight|99/100
|
|-damage|p1a: Corviknight|74/100|[from] Salt Cure
|upkeep
|turn|26
|
|t:|1776051632
|switch|p1a: Alomomola|Alomomola, F|100/100
|move|p2a: Garganacl|Stealth Rock|p1a: Alomomola
|-sidestart|p1: dasdadawdasdad|move: Stealth Rock
|
|upkeep
|turn|27
|
|t:|1776051640
|move|p1a: Alomomola|Wish|p1a: Alomomola
|move|p2a: Garganacl|Salt Cure|p1a: Alomomola
|-damage|p1a: Alomomola|93/100
|-start|p1a: Alomomola|Salt Cure
|
|-damage|p1a: Alomomola|68/100|[from] Salt Cure
|upkeep
|turn|28
|
|t:|1776051648
|switch|p2a: Great Tusk|Great Tusk|62/100
|-damage|p2a: Great Tusk|59/100|[from] Stealth Rock
|move|p1a: Alomomola|Flip Turn|p2a: Great Tusk
|-supereffective|p2a: Great Tusk
|-damage|p2a: Great Tusk|41/100
|
|t:|1776051655
|switch|p1a: Garganacl|Garganacl, M|34/100|[from] Flip Turn
|-damage|p1a: Garganacl|22/100|[from] Stealth Rock
|
|-heal|p1a: Garganacl|88/100|[from] move: Wish|[wisher] Alomomola
|upkeep
|turn|29
|inactive|licoriceGUTZ has 120 seconds left.
|
|t:|1776051691
|-terastallize|p1a: Garganacl|Flying
|move|p2a: Great Tusk|Close Combat|p1a: Garganacl
|-resisted|p1a: Garganacl
|-damage|p1a: Garganacl|71/100
|-unboost|p2a: Great Tusk|def|1
|-unboost|p2a: Great Tusk|spd|1
|move|p1a: Garganacl|Salt Cure|p2a: Great Tusk
|-resisted|p2a: Great Tusk
|-damage|p2a: Great Tusk|37/100
|-start|p2a: Great Tusk|Salt Cure
|
|-damage|p2a: Great Tusk|25/100|[from] Salt Cure
|upkeep
|turn|30
|inactive|licoriceGUTZ has 120 seconds left.
|
|t:|1776051714
|move|p1a: Garganacl|Protect|p1a: Garganacl
|-singleturn|p1a: Garganacl|Protect
|move|p2a: Great Tusk|Rapid Spin|p1a: Garganacl
|-activate|p1a: Garganacl|move: Protect
|
|-damage|p2a: Great Tusk|12/100|[from] Salt Cure
|upkeep
|turn|31
|
|t:|1776051721
|move|p2a: Great Tusk|Rapid Spin|p1a: Garganacl
|-crit|p1a: Garganacl
|-damage|p1a: Garganacl|57/100
|-boost|p2a: Great Tusk|spe|1
|-sideend|p2: licoriceGUTZ|Stealth Rock|[from] move: Rapid Spin|[of] p2a: Great Tusk
|move|p1a: Garganacl|Stealth Rock|p2a: Great Tusk
|-sidestart|p2: licoriceGUTZ|move: Stealth Rock
|
|-damage|p2a: Great Tusk|0 fnt|[from] Salt Cure
|faint|p2a: Great Tusk
|-end|p2a: Great Tusk|Protosynthesis|[silent]
|upkeep
|inactive|licoriceGUTZ has 90 seconds left.
|
|t:|1776051770
|switch|p2a: Darkrai|Darkrai|100/100
|-damage|p2a: Darkrai|88/100|[from] Stealth Rock
|turn|32
|
|t:|1776051775
|move|p2a: Darkrai|Dark Pulse|p1a: Garganacl
|-damage|p1a: Garganacl|9/100
|move|p1a: Garganacl|Recover|p1a: Garganacl
|-heal|p1a: Garganacl|59/100
|
|upkeep
|turn|33
|
|t:|1776051788
|switch|p1a: Clodsire|Clodsire, F|100/100
|-damage|p1a: Clodsire|94/100|[from] Stealth Rock
|move|p2a: Darkrai|Dark Pulse|p1a: Clodsire
|-damage|p1a: Clodsire|61/100
|
|upkeep
|turn|34
|inactive|licoriceGUTZ has 90 seconds left.
|
|t:|1776051795
|move|p2a: Darkrai|Dark Pulse|p1a: Clodsire
|-damage|p1a: Clodsire|26/100
|move|p1a: Clodsire|Toxic|p2a: Darkrai
|-status|p2a: Darkrai|tox
|
|-damage|p2a: Darkrai|82/100 tox|[from] psn
|upkeep
|turn|35
|
|t:|1776051803
|move|p1a: Clodsire|Protect|p1a: Clodsire
|-singleturn|p1a: Clodsire|Protect
|move|p2a: Darkrai|Dark Pulse|p1a: Clodsire
|-activate|p1a: Clodsire|move: Protect
|
|-damage|p2a: Darkrai|70/100 tox|[from] psn
|upkeep
|turn|36
|
|t:|1776051810
|move|p2a: Darkrai|Dark Pulse|p1a: Clodsire
|-damage|p1a: Clodsire|0 fnt
|faint|p1a: Clodsire
|
|-damage|p2a: Darkrai|52/100 tox|[from] psn
|upkeep
|
|t:|1776051816
|switch|p1a: Alomomola|Alomomola, F|100/100
|-damage|p1a: Alomomola|88/100|[from] Stealth Rock
|turn|37
|inactive|licoriceGUTZ has 90 seconds left.
|
|t:|1776051841
|switch|p2a: Garganacl|Garganacl, F, tera:Water|100/100
|-damage|p2a: Garganacl|88/100|[from] Stealth Rock
|move|p1a: Alomomola|Mirror Coat||[still]
|-fail|p1a: Alomomola
|
|-heal|p2a: Garganacl|94/100|[from] item: Leftovers
|upkeep
|turn|38
|
|t:|1776051849
|move|p1a: Alomomola|Wish|p1a: Alomomola
|move|p2a: Garganacl|Salt Cure|p1a: Alomomola
|-damage|p1a: Alomomola|81/100
|-start|p1a: Alomomola|Salt Cure
|
|-heal|p2a: Garganacl|100/100|[from] item: Leftovers
|-damage|p1a: Alomomola|56/100|[from] Salt Cure
|upkeep
|turn|39
|
|t:|1776051856
|move|p1a: Alomomola|Flip Turn|p2a: Garganacl
|-resisted|p2a: Garganacl
|-damage|p2a: Garganacl|96/100
|
|t:|1776051861
|switch|p1a: Garganacl|Garganacl, M, tera:Flying|59/100|[from] Flip Turn
|-damage|p1a: Garganacl|34/100|[from] Stealth Rock
|move|p2a: Garganacl|Salt Cure|p1a: Garganacl
|-supereffective|p1a: Garganacl
|-damage|p1a: Garganacl|19/100
|-start|p1a: Garganacl|Salt Cure
|
|-heal|p1a: Garganacl|85/100|[from] move: Wish|[wisher] Alomomola
|-heal|p2a: Garganacl|100/100|[from] item: Leftovers
|-damage|p1a: Garganacl|73/100|[from] Salt Cure
|upkeep
|turn|40
|
|t:|1776051876
|move|p2a: Garganacl|Protect|p2a: Garganacl
|-singleturn|p2a: Garganacl|Protect
|move|p1a: Garganacl|Salt Cure|p2a: Garganacl
|-activate|p2a: Garganacl|move: Protect
|
|-damage|p1a: Garganacl|61/100|[from] Salt Cure
|upkeep
|turn|41
|inactive|licoriceGUTZ has 90 seconds left.
|
|t:|1776051905
|switch|p2a: Hatterene|Hatterene, F|76/100
|-damage|p2a: Hatterene|64/100|[from] Stealth Rock
|move|p1a: Garganacl|Recover|p1a: Garganacl
|-heal|p1a: Garganacl|100/100
|
|-damage|p1a: Garganacl|88/100|[from] Salt Cure
|upkeep
|turn|42
|inactive|licoriceGUTZ has 90 seconds left.
|
|t:|1776051914
|switch|p1a: Corviknight|Corviknight, F|74/100
|-damage|p1a: Corviknight|61/100|[from] Stealth Rock
|-ability|p1a: Corviknight|Pressure
|move|p2a: Hatterene|Pain Split|p1a: Corviknight
|-sethp|p1a: Corviknight|56/100|[from] move: Pain Split|[silent]
|-sethp|p2a: Hatterene|71/100|[from] move: Pain Split
|
|upkeep
|turn|43
|inactive|licoriceGUTZ has 90 seconds left.
|
|t:|1776051926
|move|p1a: Corviknight|Defog|p2a: Hatterene
|move|p2a: Hatterene|Defog|p1a: Corviknight|[from] ability: Magic Bounce
|-unboost|p1a: Corviknight|evasion|1
|-sideend|p1: dasdadawdasdad|Stealth Rock|[from] move: Defog|[of] p2a: Hatterene
|-sideend|p2: licoriceGUTZ|Stealth Rock|[from] move: Defog|[of] p2a: Hatterene
|move|p2a: Hatterene|Nuzzle|p1a: Corviknight
|-supereffective|p1a: Corviknight
|-damage|p1a: Corviknight|50/100
|-status|p1a: Corviknight|par
|-damage|p2a: Hatterene|54/100|[from] item: Rocky Helmet|[of] p1a: Corviknight
|
|upkeep
|turn|44
|inactive|licoriceGUTZ has 90 seconds left.
|
|t:|1776051945
|switch|p2a: Darkrai|Darkrai|52/100 tox
|move|p1a: Corviknight|Roost|p1a: Corviknight
|-heal|p1a: Corviknight|100/100 par
|-singleturn|p1a: Corviknight|move: Roost
|
|-damage|p2a: Darkrai|46/100 tox|[from] psn
|upkeep
|turn|45
|inactive|licoriceGUTZ has 90 seconds left.
|
|t:|1776051961
|switch|p1a: Dondozo|Dondozo, M|100/100
|move|p2a: Darkrai|Focus Blast|p1a: Dondozo
|-damage|p1a: Dondozo|45/100
|
|-heal|p1a: Dondozo|51/100|[from] item: Leftovers
|-damage|p2a: Darkrai|34/100 tox|[from] psn
|upkeep
|turn|46
|
|t:|1776051970
|move|p1a: Dondozo|Protect|p1a: Dondozo
|-singleturn|p1a: Dondozo|Protect
|move|p2a: Darkrai|Focus Blast|p1a: Dondozo
|-activate|p1a: Dondozo|move: Protect
|
|-heal|p1a: Dondozo|57/100|[from] item: Leftovers
|-damage|p2a: Darkrai|15/100 tox|[from] psn
|upkeep
|turn|47
|
|t:|1776051979
|move|p2a: Darkrai|Focus Blast|p1a: Dondozo
|-damage|p1a: Dondozo|0 fnt
|faint|p1a: Dondozo
|
|-damage|p2a: Darkrai|0 fnt|[from] psn
|faint|p2a: Darkrai
|upkeep
|
|t:|1776051991
|switch|p2a: Garganacl|Garganacl, F, tera:Water|100/100
|switch|p1a: Garganacl|Garganacl, M, tera:Flying|88/100
|turn|48
|
|t:|1776051999
|move|p2a: Garganacl|Protect|p2a: Garganacl
|-singleturn|p2a: Garganacl|Protect
|move|p1a: Garganacl|Salt Cure|p2a: Garganacl
|-activate|p2a: Garganacl|move: Protect
|
|upkeep
|turn|49
|
|t:|1776052012
|switch|p2a: Hatterene|Hatterene, F|54/100
|move|p1a: Garganacl|Salt Cure|p2a: Hatterene
|-damage|p2a: Hatterene|44/100
|-start|p2a: Hatterene|Salt Cure
|
|-damage|p2a: Hatterene|31/100|[from] Salt Cure
|upkeep
|turn|50
|
|t:|1776052022
|move|p1a: Garganacl|Protect|p1a: Garganacl
|-singleturn|p1a: Garganacl|Protect
|move|p2a: Hatterene|Pain Split|p1a: Garganacl
|-activate|p1a: Garganacl|move: Protect
|
|-damage|p2a: Hatterene|19/100|[from] Salt Cure
|upkeep
|turn|51
|
|t:|1776052031
|move|p1a: Garganacl|Recover|p1a: Garganacl
|-heal|p1a: Garganacl|100/100
|move|p2a: Hatterene|Pain Split|p1a: Garganacl
|-sethp|p1a: Garganacl|58/100|[from] move: Pain Split|[silent]
|-sethp|p2a: Hatterene|74/100|[from] move: Pain Split
|
|-damage|p2a: Hatterene|61/100|[from] Salt Cure
|upkeep
|turn|52
|
|t:|1776052041
|move|p1a: Garganacl|Recover|p1a: Garganacl
|-heal|p1a: Garganacl|100/100
|move|p2a: Hatterene|Future Sight|p1a: Garganacl
|-start|p2a: Hatterene|move: Future Sight
|
|-damage|p2a: Hatterene|49/100|[from] Salt Cure
|upkeep
|turn|53
|inactive|licoriceGUTZ has 120 seconds left.
|
|t:|1776052049
|move|p1a: Garganacl|Salt Cure|p2a: Hatterene
|-damage|p2a: Hatterene|37/100
|move|p2a: Hatterene|Nuzzle|p1a: Garganacl
|-supereffective|p1a: Garganacl
|-damage|p1a: Garganacl|95/100
|
|-damage|p2a: Hatterene|25/100|[from] Salt Cure
|upkeep
|turn|54
|
|t:|1776052061
|switch|p1a: Alomomola|Alomomola, F|89/100
|move|p2a: Hatterene|Pain Split|p1a: Alomomola
|-sethp|p1a: Alomomola|52/100|[from] move: Pain Split|[silent]
|-sethp|p2a: Hatterene|88/100|[from] move: Pain Split
|
|-end|p1a: Alomomola|move: Future Sight
|-damage|p1a: Alomomola|0 fnt
|faint|p1a: Alomomola
|-damage|p2a: Hatterene|75/100|[from] Salt Cure
|upkeep
|
|t:|1776052075
|switch|p1a: Gliscor|Gliscor, M|100/100
|turn|55
|
|t:|1776052089
|move|p1a: Gliscor|Substitute|p1a: Gliscor
|-start|p1a: Gliscor|Substitute
|-damage|p1a: Gliscor|76/100
|move|p2a: Hatterene|Future Sight|p1a: Gliscor
|-start|p2a: Hatterene|move: Future Sight
|
|-damage|p2a: Hatterene|63/100|[from] Salt Cure
|-status|p1a: Gliscor|tox|[from] item: Toxic Orb
|upkeep
|turn|56
|
|t:|1776052103
|switch|p2a: Dragonite|Dragonite, M|94/100 brn
|move|p1a: Gliscor|Swords Dance|p1a: Gliscor
|-boost|p1a: Gliscor|atk|2
|
|-heal|p1a: Gliscor|88/100 tox|[from] ability: Poison Heal
|-damage|p2a: Dragonite|88/100 brn|[from] brn
|upkeep
|turn|57
|
|t:|1776052120
|move|p1a: Gliscor|Protect|p1a: Gliscor
|-singleturn|p1a: Gliscor|Protect
|move|p2a: Dragonite|Dragon Dance|p2a: Dragonite
|-boost|p2a: Dragonite|atk|1
|-boost|p2a: Dragonite|spe|1
|
|-end|p1a: Gliscor|move: Future Sight
|-end|p1a: Gliscor|Substitute
|-heal|p1a: Gliscor|100/100 tox|[from] ability: Poison Heal
|-damage|p2a: Dragonite|82/100 brn|[from] brn
|upkeep
|turn|58
|
|t:|1776052134
|switch|p1a: Corviknight|Corviknight, F|100/100 par
|-ability|p1a: Corviknight|Pressure
|move|p2a: Dragonite|Extreme Speed|p1a: Corviknight
|-resisted|p1a: Corviknight
|-damage|p1a: Corviknight|92/100 par
|-damage|p2a: Dragonite|66/100 brn|[from] item: Rocky Helmet|[of] p1a: Corviknight
|
|-damage|p2a: Dragonite|60/100 brn|[from] brn
|upkeep
|turn|59
|
|t:|1776052151
|move|p2a: Dragonite|Roost|p2a: Dragonite
|-heal|p2a: Dragonite|100/100 brn
|-singleturn|p2a: Dragonite|move: Roost
|move|p1a: Corviknight|Iron Defense|p1a: Corviknight
|-boost|p1a: Corviknight|def|2
|
|-damage|p2a: Dragonite|94/100 brn|[from] brn
|upkeep
|turn|60
|
|t:|1776052164
|switch|p2a: Tornadus|Tornadus-Therian, M, shiny|100/100 tox
|move|p1a: Corviknight|Iron Defense|p1a: Corviknight
|-boost|p1a: Corviknight|def|2
|
|-damage|p2a: Tornadus|94/100 tox|[from] psn
|upkeep
|turn|61
|
|t:|1776052172
|move|p2a: Tornadus|Knock Off|p1a: Corviknight
|-damage|p1a: Corviknight|88/100 par
|-damage|p2a: Tornadus|78/100 tox|[from] item: Rocky Helmet|[of] p1a: Corviknight
|-enditem|p1a: Corviknight|Rocky Helmet|[from] move: Knock Off|[of] p2a: Tornadus
|move|p1a: Corviknight|Body Press|p2a: Tornadus
|-resisted|p2a: Tornadus
|-damage|p2a: Tornadus|34/100 tox
|
|-damage|p2a: Tornadus|22/100 tox|[from] psn
|upkeep
|turn|62
|
|t:|1776052183
|switch|p2a: Hatterene|Hatterene, F|63/100
|cant|p1a: Corviknight|par
|
|upkeep
|turn|63
|
|t:|1776052193
|move|p1a: Corviknight|Body Press|p2a: Hatterene
|-resisted|p2a: Hatterene
|-damage|p2a: Hatterene|47/100
|-damage|p1a: Corviknight|71/100 par|[from] item: Rocky Helmet|[of] p2a: Hatterene
|move|p2a: Hatterene|Future Sight|p1a: Corviknight
|-start|p2a: Hatterene|move: Future Sight
|
|upkeep
|turn|64
|
|t:|1776052209
|cant|p1a: Corviknight|par
|move|p2a: Hatterene|Pain Split|p1a: Corviknight
|-sethp|p1a: Corviknight|54/100 par|[from] move: Pain Split|[silent]
|-sethp|p2a: Hatterene|69/100|[from] move: Pain Split
|
|upkeep
|turn|65
|
|t:|1776052218
|move|p1a: Corviknight|Roost|p1a: Corviknight
|-heal|p1a: Corviknight|100/100 par
|-singleturn|p1a: Corviknight|move: Roost
|move|p2a: Hatterene|Dazzling Gleam|p1a: Corviknight
|-resisted|p1a: Corviknight
|-damage|p1a: Corviknight|83/100 par
|
|-end|p1a: Corviknight|move: Future Sight
|-resisted|p1a: Corviknight
|-damage|p1a: Corviknight|55/100 par
|upkeep
|turn|66
|
|t:|1776052229
|cant|p1a: Corviknight|par
|move|p2a: Hatterene|Future Sight|p1a: Corviknight
|-start|p2a: Hatterene|move: Future Sight
|
|upkeep
|turn|67
|
|t:|1776052236
|move|p1a: Corviknight|Roost|p1a: Corviknight
|-heal|p1a: Corviknight|100/100 par
|-singleturn|p1a: Corviknight|move: Roost
|move|p2a: Hatterene|Dazzling Gleam|p1a: Corviknight
|-resisted|p1a: Corviknight
|-damage|p1a: Corviknight|83/100 par
|
|upkeep
|turn|68
|
|t:|1776052248
|cant|p1a: Corviknight|par
|move|p2a: Hatterene|Dazzling Gleam|p1a: Corviknight
|-resisted|p1a: Corviknight
|-damage|p1a: Corviknight|65/100 par
|
|-end|p1a: Corviknight|move: Future Sight
|-resisted|p1a: Corviknight
|-damage|p1a: Corviknight|41/100 par
|upkeep
|turn|69
|
|t:|1776052259
|move|p1a: Corviknight|Roost|p1a: Corviknight
|-heal|p1a: Corviknight|91/100 par
|-singleturn|p1a: Corviknight|move: Roost
|move|p2a: Hatterene|Pain Split|p1a: Corviknight
|-sethp|p1a: Corviknight|72/100 par|[from] move: Pain Split|[silent]
|-sethp|p2a: Hatterene|92/100|[from] move: Pain Split
|
|upkeep
|turn|70
|
|t:|1776052269
|move|p1a: Corviknight|Body Press|p2a: Hatterene
|-resisted|p2a: Hatterene
|-damage|p2a: Hatterene|77/100
|-damage|p1a: Corviknight|56/100 par|[from] item: Rocky Helmet|[of] p2a: Hatterene
|move|p2a: Hatterene|Future Sight|p1a: Corviknight
|-start|p2a: Hatterene|move: Future Sight
|
|upkeep
|turn|71
|
|t:|1776052282
|switch|p1a: Gliscor|Gliscor, M|100/100 tox
|move|p2a: Hatterene|Dazzling Gleam|p1a: Gliscor
|-damage|p1a: Gliscor|66/100 tox
|
|-heal|p1a: Gliscor|78/100 tox|[from] ability: Poison Heal
|upkeep
|turn|72
|
|t:|1776052307
|move|p1a: Gliscor|Substitute|p1a: Gliscor
|-start|p1a: Gliscor|Substitute
|-damage|p1a: Gliscor|53/100 tox
|move|p2a: Hatterene|Dazzling Gleam|p1a: Gliscor
|-end|p1a: Gliscor|Substitute
|
|-end|p1a: Gliscor|move: Future Sight
|-damage|p1a: Gliscor|3/100 tox
|-heal|p1a: Gliscor|16/100 tox|[from] ability: Poison Heal
|upkeep
|turn|73
|
|t:|1776052317
|move|p1a: Gliscor|Protect|p1a: Gliscor
|-singleturn|p1a: Gliscor|Protect
|move|p2a: Hatterene|Dazzling Gleam|p1a: Gliscor
|-activate|p1a: Gliscor|move: Protect
|
|-heal|p1a: Gliscor|28/100 tox|[from] ability: Poison Heal
|upkeep
|turn|74
|
|t:|1776052324
|move|p1a: Gliscor|Substitute|p1a: Gliscor
|-start|p1a: Gliscor|Substitute
|-damage|p1a: Gliscor|3/100 tox
|move|p2a: Hatterene|Future Sight|p1a: Gliscor
|-start|p2a: Hatterene|move: Future Sight
|
|-heal|p1a: Gliscor|16/100 tox|[from] ability: Poison Heal
|upkeep
|turn|75
|inactive|dasdadawdasdad has 120 seconds left.
|
|t:|1776052364
|move|p1a: Gliscor|Protect|p1a: Gliscor
|-singleturn|p1a: Gliscor|Protect
|move|p2a: Hatterene|Dazzling Gleam|p1a: Gliscor
|-activate|p1a: Gliscor|move: Protect
|
|-heal|p1a: Gliscor|28/100 tox|[from] ability: Poison Heal
|upkeep
|turn|76
|inactive|dasdadawdasdad has 120 seconds left.
|
|t:|1776052395
|move|p1a: Gliscor|Swords Dance|p1a: Gliscor
|-boost|p1a: Gliscor|atk|2
|move|p2a: Hatterene|Dazzling Gleam|p1a: Gliscor
|-end|p1a: Gliscor|Substitute
|
|-end|p1a: Gliscor|move: Future Sight
|-damage|p1a: Gliscor|0 fnt
|faint|p1a: Gliscor
|upkeep
|
|t:|1776052404
|switch|p1a: Garganacl|Garganacl, M, tera:Flying|95/100
|turn|77
|
|t:|1776052417
|move|p1a: Garganacl|Salt Cure|p2a: Hatterene
|-damage|p2a: Hatterene|65/100
|-start|p2a: Hatterene|Salt Cure
|move|p2a: Hatterene|Future Sight|p1a: Garganacl
|-start|p2a: Hatterene|move: Future Sight
|
|-damage|p2a: Hatterene|53/100|[from] Salt Cure
|upkeep
|turn|78
|
|t:|1776052432
|switch|p2a: Tornadus|Tornadus-Therian, M, shiny|55/100 tox
|move|p1a: Garganacl|Salt Cure|p2a: Tornadus
|-supereffective|p2a: Tornadus
|-damage|p2a: Tornadus|23/100 tox
|-start|p2a: Tornadus|Salt Cure
|
|-damage|p2a: Tornadus|17/100 tox|[from] psn
|-damage|p2a: Tornadus|5/100 tox|[from] Salt Cure
|upkeep
|turn|79
|
|t:|1776052451
|move|p2a: Tornadus|U-turn|p1a: Garganacl
|-resisted|p1a: Garganacl
|-damage|p1a: Garganacl|91/100
|
|t:|1776052464
|switch|p2a: Dragonite|Dragonite, M|94/100 brn|[from] U-turn
|move|p1a: Garganacl|Stealth Rock|p2a: Dragonite
|-sidestart|p2: licoriceGUTZ|move: Stealth Rock
|
|-end|p1a: Garganacl|move: Future Sight
|-damage|p1a: Garganacl|49/100
|-damage|p2a: Dragonite|88/100 brn|[from] brn
|upkeep
|turn|80
|
|t:|1776052478
|move|p2a: Dragonite|Extreme Speed|p1a: Garganacl
|-damage|p1a: Garganacl|38/100
|move|p1a: Garganacl|Recover|p1a: Garganacl
|-heal|p1a: Garganacl|88/100
|
|-damage|p2a: Dragonite|82/100 brn|[from] brn
|upkeep
|turn|81
|
|t:|1776052488
|move|p2a: Dragonite|Dragon Dance|p2a: Dragonite
|-boost|p2a: Dragonite|atk|1
|-boost|p2a: Dragonite|spe|1
|move|p1a: Garganacl|Salt Cure|p2a: Dragonite
|-supereffective|p2a: Dragonite
|-damage|p2a: Dragonite|57/100 brn
|-start|p2a: Dragonite|Salt Cure
|
|-damage|p2a: Dragonite|51/100 brn|[from] brn
|-damage|p2a: Dragonite|38/100 brn|[from] Salt Cure
|upkeep
|turn|82
|
|t:|1776052498
|move|p1a: Garganacl|Protect|p1a: Garganacl
|-singleturn|p1a: Garganacl|Protect
|move|p2a: Dragonite|Roost|p2a: Dragonite
|-heal|p2a: Dragonite|88/100 brn
|-singleturn|p2a: Dragonite|move: Roost
|
|-damage|p2a: Dragonite|82/100 brn|[from] brn
|-damage|p2a: Dragonite|70/100 brn|[from] Salt Cure
|upkeep
|turn|83
|inactive|dasdadawdasdad has 120 seconds left.
|
|t:|1776052512
|move|p2a: Dragonite|Dragon Dance|p2a: Dragonite
|-boost|p2a: Dragonite|atk|1
|-boost|p2a: Dragonite|spe|1
|move|p1a: Garganacl|Salt Cure|p2a: Dragonite
|-supereffective|p2a: Dragonite
|-damage|p2a: Dragonite|41/100 brn
|
|-damage|p2a: Dragonite|35/100 brn|[from] brn
|-damage|p2a: Dragonite|23/100 brn|[from] Salt Cure
|upkeep
|turn|84
|
|t:|1776052521
|move|p1a: Garganacl|Protect|p1a: Garganacl
|-singleturn|p1a: Garganacl|Protect
|move|p2a: Dragonite|Roost|p2a: Dragonite
|-heal|p2a: Dragonite|73/100 brn
|-singleturn|p2a: Dragonite|move: Roost
|
|-damage|p2a: Dragonite|67/100 brn|[from] brn
|-damage|p2a: Dragonite|55/100 brn|[from] Salt Cure
|upkeep
|turn|85
|
|t:|1776052530
|move|p2a: Dragonite|Roost|p2a: Dragonite
|-heal|p2a: Dragonite|100/100 brn
|-singleturn|p2a: Dragonite|move: Roost
|move|p1a: Garganacl|Salt Cure|p2a: Dragonite
|-damage|p2a: Dragonite|93/100 brn
|
|-damage|p2a: Dragonite|87/100 brn|[from] brn
|-damage|p2a: Dragonite|75/100 brn|[from] Salt Cure
|upkeep
|turn|86
|
|t:|1776052540
|move|p2a: Dragonite|Dragon Dance|p2a: Dragonite
|-boost|p2a: Dragonite|atk|1
|-boost|p2a: Dragonite|spe|1
|move|p1a: Garganacl|Salt Cure|p2a: Dragonite
|-supereffective|p2a: Dragonite
|-damage|p2a: Dragonite|45/100 brn
|
|-damage|p2a: Dragonite|39/100 brn|[from] brn
|-damage|p2a: Dragonite|26/100 brn|[from] Salt Cure
|upkeep
|turn|87
|
|t:|1776052549
|move|p2a: Dragonite|Roost|p2a: Dragonite
|-heal|p2a: Dragonite|76/100 brn
|-singleturn|p2a: Dragonite|move: Roost
|move|p1a: Garganacl|Salt Cure|p2a: Dragonite
|-damage|p2a: Dragonite|63/100 brn
|
|-damage|p2a: Dragonite|57/100 brn|[from] brn
|-damage|p2a: Dragonite|45/100 brn|[from] Salt Cure
|upkeep
|turn|88
|
|t:|1776052558
|move|p2a: Dragonite|Roost|p2a: Dragonite
|-heal|p2a: Dragonite|95/100 brn
|-singleturn|p2a: Dragonite|move: Roost
|move|p1a: Garganacl|Salt Cure|p2a: Dragonite
|-damage|p2a: Dragonite|81/100 brn
|
|-damage|p2a: Dragonite|75/100 brn|[from] brn
|-damage|p2a: Dragonite|63/100 brn|[from] Salt Cure
|upkeep
|turn|89
|
|t:|1776052567
|move|p2a: Dragonite|Extreme Speed|p1a: Garganacl
|-damage|p1a: Garganacl|60/100
|move|p1a: Garganacl|Salt Cure|p2a: Dragonite
|-supereffective|p2a: Dragonite
|-damage|p2a: Dragonite|32/100 brn
|
|-damage|p2a: Dragonite|26/100 brn|[from] brn
|-damage|p2a: Dragonite|14/100 brn|[from] Salt Cure
|upkeep
|turn|90
|
|t:|1776052586
|move|p2a: Dragonite|Extreme Speed|p1a: Garganacl
|-damage|p1a: Garganacl|34/100
|move|p1a: Garganacl|Recover|p1a: Garganacl
|-heal|p1a: Garganacl|84/100
|
|-damage|p2a: Dragonite|8/100 brn|[from] brn
|-damage|p2a: Dragonite|0 fnt|[from] Salt Cure
|faint|p2a: Dragonite
|upkeep
|
|t:|1776052599
|switch|p2a: Hatterene|Hatterene, F|53/100
|-damage|p2a: Hatterene|40/100|[from] Stealth Rock
|turn|91
|
|t:|1776052605
|move|p1a: Garganacl|Salt Cure|p2a: Hatterene
|-damage|p2a: Hatterene|29/100
|-start|p2a: Hatterene|Salt Cure
|move|p2a: Hatterene|Pain Split|p1a: Garganacl
|-sethp|p1a: Garganacl|53/100|[from] move: Pain Split|[silent]
|-sethp|p2a: Hatterene|68/100|[from] move: Pain Split
|
|-damage|p2a: Hatterene|56/100|[from] Salt Cure
|upkeep
|turn|92
|
|t:|1776052617
|move|p1a: Garganacl|Protect|p1a: Garganacl
|-singleturn|p1a: Garganacl|Protect
|move|p2a: Hatterene|Future Sight|p1a: Garganacl
|-start|p2a: Hatterene|move: Future Sight
|
|-damage|p2a: Hatterene|43/100|[from] Salt Cure
|upkeep
|turn|93
|
|t:|1776052634
|move|p1a: Garganacl|Salt Cure|p2a: Hatterene
|-crit|p2a: Hatterene
|-damage|p2a: Hatterene|27/100
|move|p2a: Hatterene|Pain Split|p1a: Garganacl
|-sethp|p1a: Garganacl|37/100|[from] move: Pain Split|[silent]
|-sethp|p2a: Hatterene|47/100|[from] move: Pain Split
|
|-damage|p2a: Hatterene|35/100|[from] Salt Cure
|upkeep
|turn|94
|
|t:|1776052645
|move|p1a: Garganacl|Recover|p1a: Garganacl
|-heal|p1a: Garganacl|87/100
|move|p2a: Hatterene|Pain Split|p1a: Garganacl
|-sethp|p1a: Garganacl|57/100|[from] move: Pain Split|[silent]
|-sethp|p2a: Hatterene|73/100|[from] move: Pain Split
|
|-end|p1a: Garganacl|move: Future Sight
|-damage|p1a: Garganacl|18/100
|-damage|p2a: Hatterene|61/100|[from] Salt Cure
|upkeep
|turn|95
|
|t:|1776052657
|move|p1a: Garganacl|Recover|p1a: Garganacl
|-heal|p1a: Garganacl|68/100
|move|p2a: Hatterene|Dazzling Gleam|p1a: Garganacl
|-damage|p1a: Garganacl|40/100
|
|-damage|p2a: Hatterene|48/100|[from] Salt Cure
|upkeep
|turn|96
|
|t:|1776052666
|switch|p1a: Corviknight|Corviknight, F|56/100 par
|-ability|p1a: Corviknight|Pressure
|move|p2a: Hatterene|Pain Split|p1a: Corviknight
|-sethp|p1a: Corviknight|47/100 par|[from] move: Pain Split|[silent]
|-sethp|p2a: Hatterene|60/100|[from] move: Pain Split
|
|-damage|p2a: Hatterene|47/100|[from] Salt Cure
|upkeep
|turn|97
|
|t:|1776052677
|cant|p1a: Corviknight|par
|move|p2a: Hatterene|Future Sight|p1a: Corviknight
|-start|p2a: Hatterene|move: Future Sight
|
|-damage|p2a: Hatterene|35/100|[from] Salt Cure
|upkeep
|turn|98
|
|t:|1776052683
|move|p1a: Corviknight|Body Press|p2a: Hatterene
|-resisted|p2a: Hatterene
|-damage|p2a: Hatterene|29/100
|-damage|p1a: Corviknight|30/100 par|[from] item: Rocky Helmet|[of] p2a: Hatterene
|move|p2a: Hatterene|Pain Split|p1a: Corviknight
|-sethp|p1a: Corviknight|27/100 par|[from] move: Pain Split|[silent]
|-sethp|p2a: Hatterene|34/100|[from] move: Pain Split
|
|-damage|p2a: Hatterene|21/100|[from] Salt Cure
|upkeep
|turn|99
|
|t:|1776052694
|cant|p1a: Corviknight|par
|move|p2a: Hatterene|Dazzling Gleam|p1a: Corviknight
|-resisted|p1a: Corviknight
|-damage|p1a: Corviknight|9/100 par
|
|-end|p1a: Corviknight|move: Future Sight
|-resisted|p1a: Corviknight
|-damage|p1a: Corviknight|0 fnt
|faint|p1a: Corviknight
|-damage|p2a: Hatterene|9/100|[from] Salt Cure
|upkeep
|
|t:|1776052704
|switch|p1a: Garganacl|Garganacl, M, tera:Flying|40/100
|turn|100
|
|t:|1776052715
|switch|p2a: Garganacl|Garganacl, F, tera:Water|100/100
|-damage|p2a: Garganacl|88/100|[from] Stealth Rock
|move|p1a: Garganacl|Protect||[still]
|-fail|p1a: Garganacl
|
|-heal|p2a: Garganacl|94/100|[from] item: Leftovers
|upkeep
|turn|101
|
|t:|1776052724
|move|p2a: Garganacl|Salt Cure|p1a: Garganacl
|-supereffective|p1a: Garganacl
|-damage|p1a: Garganacl|23/100
|-start|p1a: Garganacl|Salt Cure
|move|p1a: Garganacl|Salt Cure|p2a: Garganacl
|-damage|p2a: Garganacl|85/100
|-start|p2a: Garganacl|Salt Cure
|
|-heal|p2a: Garganacl|91/100|[from] item: Leftovers
|-damage|p2a: Garganacl|66/100|[from] Salt Cure
|-damage|p1a: Garganacl|11/100|[from] Salt Cure
|upkeep
|turn|102
|-message|dasdadawdasdad forfeited.
|
|win|licoriceGUTZ
|raw|dasdadawdasdad's rating: 1252 &rarr; <strong>1226</strong><br />(-26 for losing)
|raw|licoriceGUTZ's rating: 1236 &rarr; <strong>1262</strong><br />(+26 for winning)
|l|☆dasdadawdasdad
|player|p1|
|c|☆licoriceGUTZ|gg :)
