|html|<div class="broadcast-blue"><strong>[Gen 9] OU is currently suspecting Tera Blast! For information on how to participate check out the <a href="https://www.smogon.com/tools/suspects/view/200">suspect thread</a>.</strong></div>
|j|☆Chaincrush
|j|☆too short to ride
|t:|1776034939
|gametype|singles
|player|p1|Chaincrush|101|1360
|player|p2|too short to ride|scientistf|1415
|gen|9
|tier|[Gen 9] OU
|rated|
|rule|HP Percentage Mod: HP is shown in percentages
|rule|Endless Battle Clause: Forcing endless battles is banned
|rule|Species Clause: Limit one of each Pokémon
|rule|OHKO Clause: OHKO moves are banned
|rule|Evasion Items Clause: Evasion items are banned
|rule|Evasion Moves Clause: Evasion moves are banned
|rule|Evasion Abilities Clause: Evasion abilities are banned
|rule|Sleep Moves Clause: Sleep-inducing moves are banned
|clearpoke
|poke|p1|Rillaboom, M|
|poke|p1|Hawlucha, M|
|poke|p1|Virizion|
|poke|p1|Slowking-Galar, F|
|poke|p1|Kyurem|
|poke|p1|Salamence, F|
|poke|p2|Ceruledge, F|
|poke|p2|Deoxys-Speed|
|poke|p2|Ogerpon-Wellspring, F|
|poke|p2|Moltres-Galar|
|poke|p2|Zamazenta-*|
|poke|p2|Glimmora, F|
|teampreview
|inactive|Battle timer is ON: inactive players will automatically lose when time's up. (requested by Chaincrush)
|inactive|too short to ride has 120 seconds left.
|inactive|too short to ride has 90 seconds left.
|
|t:|1776035028
|teamsize|p1|6
|teamsize|p2|6
|start
|switch|p1a: Kyurem|Kyurem|100/100
|switch|p2a: Glimmora|Glimmora, F|100/100
|-ability|p1a: Kyurem|Pressure
|turn|1
|
|t:|1776035035
|switch|p2a: Deoxys|Deoxys-Speed|100/100
|-ability|p2a: Deoxys|Pressure
|move|p1a: Kyurem|Earth Power|p2a: Deoxys
|-damage|p2a: Deoxys|41/100
|
|upkeep
|turn|2
|
|t:|1776035043
|move|p2a: Deoxys|Light Screen|p2a: Deoxys
|-sidestart|p2: too short to ride|move: Light Screen
|move|p1a: Kyurem|Earth Power|p2a: Deoxys
|-damage|p2a: Deoxys|15/100
|
|upkeep
|turn|3
|
|t:|1776035051
|switch|p2a: Moltres|Moltres-Galar|100/100
|move|p1a: Kyurem|Earth Power|p2a: Moltres
|-immune|p2a: Moltres
|
|upkeep
|turn|4
|
|t:|1776035059
|switch|p1a: Slowking|Slowking-Galar, F|100/100
|move|p2a: Moltres|Agility|p2a: Moltres
|-boost|p2a: Moltres|spe|2
|
|upkeep
|turn|5
|
|t:|1776035066
|move|p2a: Moltres|Nasty Plot|p2a: Moltres
|-boost|p2a: Moltres|spa|2
|move|p1a: Slowking|Toxic|p2a: Moltres
|-status|p2a: Moltres|tox
|
|-damage|p2a: Moltres|94/100 tox|[from] psn
|upkeep
|turn|6
|
|t:|1776035080
|switch|p1a: Virizion|Virizion|100/100
|move|p2a: Moltres|Fiery Wrath|p1a: Virizion
|-resisted|p1a: Virizion
|-damage|p1a: Virizion|71/100
|-ability|p1a: Virizion|Justified|boost
|-boost|p1a: Virizion|atk|1
|
|-damage|p2a: Moltres|82/100 tox|[from] psn
|upkeep
|turn|7
|
|t:|1776035096
|move|p2a: Moltres|Tera Blast|p1a: Virizion
|-damage|p1a: Virizion|36/100
|move|p1a: Virizion|Stone Edge|p2a: Moltres
|-supereffective|p2a: Moltres
|-damage|p2a: Moltres|0 fnt
|faint|p2a: Moltres
|
|upkeep
|
|t:|1776035101
|switch|p2a: Deoxys|Deoxys-Speed|15/100
|-ability|p2a: Deoxys|Pressure
|turn|8
|
|t:|1776035106
|move|p2a: Deoxys|Reflect|p2a: Deoxys
|-sidestart|p2: too short to ride|Reflect
|move|p1a: Virizion|Grassy Glide|p2a: Deoxys
|-damage|p2a: Deoxys|0 fnt
|faint|p2a: Deoxys
|
|upkeep
|
|t:|1776035122
|switch|p2a: Glimmora|Glimmora, F|100/100
|turn|9
|
|t:|1776035127
|switch|p1a: Slowking|Slowking-Galar, F|100/100
|move|p2a: Glimmora|Meteor Beam||[still]
|-prepare|p2a: Glimmora|Meteor Beam
|-boost|p2a: Glimmora|spa|1
|-enditem|p2a: Glimmora|Power Herb
|-anim|p2a: Glimmora|Meteor Beam|p1a: Slowking
|-damage|p1a: Slowking|44/100
|
|-sideend|p2: too short to ride|move: Light Screen
|upkeep
|turn|10
|
|t:|1776035141
|switch|p1a: Rillaboom|Rillaboom, M|100/100
|-fieldstart|move: Grassy Terrain|[from] ability: Grassy Surge|[of] p1a: Rillaboom
|move|p2a: Glimmora|Earth Power|p1a: Rillaboom
|-resisted|p1a: Rillaboom
|-damage|p1a: Rillaboom|74/100
|
|-heal|p1a: Rillaboom|80/100|[from] Grassy Terrain
|upkeep
|turn|11
|
|t:|1776035154
|switch|p1a: Virizion|Virizion|36/100
|-enditem|p1a: Virizion|Grassy Seed
|-boost|p1a: Virizion|def|1|[from] item: Grassy Seed
|move|p2a: Glimmora|Meteor Beam||[still]
|-prepare|p2a: Glimmora|Meteor Beam
|-boost|p2a: Glimmora|spa|1
|
|-heal|p1a: Virizion|42/100|[from] Grassy Terrain
|upkeep
|turn|12
|
|t:|1776035170
|move|p2a: Glimmora|Meteor Beam|p1a: Virizion|[from] lockedmove
|-resisted|p1a: Virizion
|-damage|p1a: Virizion|0 fnt
|faint|p1a: Virizion
|
|upkeep
|
|t:|1776035174
|switch|p1a: Kyurem|Kyurem|100/100
|-ability|p1a: Kyurem|Pressure
|turn|13
|
|t:|1776035182
|switch|p2a: Ogerpon|Ogerpon-Wellspring, F|100/100
|move|p1a: Kyurem|Earth Power|p2a: Ogerpon
|-resisted|p2a: Ogerpon
|-damage|p2a: Ogerpon|75/100
|
|-heal|p2a: Ogerpon|81/100|[from] Grassy Terrain
|upkeep
|turn|14
|
|t:|1776035191
|switch|p1a: Hawlucha|Hawlucha, M|100/100
|-enditem|p1a: Hawlucha|Grassy Seed
|-boost|p1a: Hawlucha|def|1|[from] item: Grassy Seed
|move|p2a: Ogerpon|Swords Dance|p2a: Ogerpon
|-boost|p2a: Ogerpon|atk|2
|
|-heal|p2a: Ogerpon|87/100|[from] Grassy Terrain
|-fieldend|move: Grassy Terrain
|upkeep
|turn|15
|
|t:|1776035205
|move|p1a: Hawlucha|Acrobatics|p2a: Ogerpon
|-supereffective|p2a: Ogerpon
|-damage|p2a: Ogerpon|26/100
|move|p2a: Ogerpon|Ivy Cudgel|p1a: Hawlucha|[anim] Ivy Cudgel Water
|-damage|p1a: Hawlucha|0 fnt
|faint|p1a: Hawlucha
|
|-sideend|p2: too short to ride|Reflect
|upkeep
|
|t:|1776035214
|switch|p1a: Rillaboom|Rillaboom, M|80/100
|-fieldstart|move: Grassy Terrain|[from] ability: Grassy Surge|[of] p1a: Rillaboom
|turn|16
|inactive|too short to ride has 120 seconds left.
|
|t:|1776035258
|switch|p2a: Zamazenta|Zamazenta|100/100
|-ability|p2a: Zamazenta|Dauntless Shield|boost
|-boost|p2a: Zamazenta|def|1
|move|p1a: Rillaboom|Grassy Glide|p2a: Zamazenta
|-damage|p2a: Zamazenta|69/100
|
|-heal|p2a: Zamazenta|75/100|[from] Grassy Terrain
|-heal|p2a: Zamazenta|81/100|[from] item: Leftovers
|-heal|p1a: Rillaboom|86/100|[from] Grassy Terrain
|upkeep
|turn|17
|
|t:|1776035274
|switch|p2a: Ceruledge|Ceruledge, F|100/100
|switch|p1a: Slowking|Slowking-Galar, F|77/100
|
|-heal|p1a: Slowking|83/100|[from] Grassy Terrain
|upkeep
|turn|18
|
|t:|1776035282
|move|p2a: Ceruledge|Poltergeist|p1a: Slowking
|-activate|p1a: Slowking|move: Poltergeist|Heavy-Duty Boots
|-supereffective|p1a: Slowking
|-damage|p1a: Slowking|0 fnt
|faint|p1a: Slowking
|-damage|p2a: Ceruledge|91/100|[from] item: Life Orb
|
|-heal|p2a: Ceruledge|97/100|[from] Grassy Terrain
|upkeep
|
|t:|1776035287
|switch|p1a: Salamence|Salamence, F|100/100
|turn|19
|
|t:|1776035299
|move|p1a: Salamence|Earthquake|p2a: Ceruledge
|-supereffective|p2a: Ceruledge
|-damage|p2a: Ceruledge|55/100
|-ability|p2a: Ceruledge|Weak Armor|boost
|-unboost|p2a: Ceruledge|def|1
|-boost|p2a: Ceruledge|spe|2
|move|p2a: Ceruledge|Poltergeist|p1a: Salamence
|-activate|p1a: Salamence|move: Poltergeist|Lum Berry
|-damage|p1a: Salamence|5/100
|-damage|p2a: Ceruledge|46/100|[from] item: Life Orb
|
|-heal|p2a: Ceruledge|52/100|[from] Grassy Terrain
|upkeep
|turn|20
|
|t:|1776035313
|move|p2a: Ceruledge|Bitter Blade|p1a: Salamence
|-resisted|p1a: Salamence
|-damage|p1a: Salamence|0 fnt
|-heal|p2a: Ceruledge|54/100|[from] drain|[of] p1a: Salamence
|faint|p1a: Salamence
|-damage|p2a: Ceruledge|44/100|[from] item: Life Orb
|
|-heal|p2a: Ceruledge|50/100|[from] Grassy Terrain
|-fieldend|move: Grassy Terrain
|upkeep
|
|t:|1776035315
|switch|p1a: Kyurem|Kyurem|100/100
|-ability|p1a: Kyurem|Pressure
|turn|21
|-message|Chaincrush forfeited.
|
|win|too short to ride
|raw|Chaincrush's rating: 1360 &rarr; <strong>1343</strong><br />(-17 for losing)
|raw|too short to ride's rating: 1415 &rarr; <strong>1432</strong><br />(+17 for winning)
|l|☆Chaincrush
|player|p1|
