|html|<div class="broadcast-blue"><strong>[Gen 9] OU is currently suspecting Tera Blast! For information on how to participate check out the <a href="https://www.smogon.com/tools/suspects/view/200">suspect thread</a>.</strong></div>
|j|☆SafieKaya
|j|☆1papaya2papaya
|t:|1776109090
|gametype|singles
|player|p1|SafieKaya|clerkf|1168
|player|p2|1papaya2papaya|wallace|1210
|gen|9
|tier|[Gen 9] OU
|rated|
|rule|HP Percentage Mod: HP is shown in percentages
|rule|Endless Battle Clause: Forcing endless battles is banned
|rule|Species Clause: Limit one of each Pokémon
|rule|OHKO Clause: OHKO moves are banned
|rule|Evasion Items Clause: Evasion items are banned
|rule|Evasion Moves Clause: Evasion moves are banned
|rule|Evasion Abilities Clause: Evasion abilities are banned
|rule|Sleep Moves Clause: Sleep-inducing moves are banned
|clearpoke
|poke|p1|Alomomola, M|
|poke|p1|Hatterene, F|
|poke|p1|Great Tusk|
|poke|p1|Skeledirge, F|
|poke|p1|Glimmora, M|
|poke|p1|Meowscarada, M|
|poke|p2|Slowking-Galar, M|
|poke|p2|Darkrai|
|poke|p2|Rillaboom, F|
|poke|p2|Primarina, F|
|poke|p2|Zamazenta-*|
|poke|p2|Moltres|
|teampreview
|inactive|Battle timer is ON: inactive players will automatically lose when time's up. (requested by 1papaya2papaya)
|
|t:|1776109130
|teamsize|p1|6
|teamsize|p2|6
|start
|switch|p1a: Glimmora|Glimmora, M|100/100
|switch|p2a: venom|Slowking-Galar, M|100/100
|turn|1
|
|t:|1776109147
|move|p1a: Glimmora|Spikes|p2a: venom
|-sidestart|p2: 1papaya2papaya|Spikes
|move|p2a: venom|Future Sight|p1a: Glimmora
|-start|p2a: venom|move: Future Sight
|
|upkeep
|turn|2
|
|t:|1776109159
|switch|p2a: floof|Zamazenta|100/100
|-damage|p2a: floof|88/100|[from] Spikes
|-ability|p2a: floof|Dauntless Shield|boost
|-boost|p2a: floof|def|1
|move|p1a: Glimmora|Earth Power|p2a: floof
|-damage|p2a: floof|62/100
|
|-heal|p2a: floof|68/100|[from] item: Leftovers
|upkeep
|turn|3
|inactive|SafieKaya has 120 seconds left.
|
|t:|1776109192
|switch|p1a: Jane Juliet|Skeledirge, F|100/100
|move|p2a: floof|Iron Defense|p2a: floof
|-boost|p2a: floof|def|2
|
|-end|p1a: Jane Juliet|move: Future Sight
|-damage|p1a: Jane Juliet|56/100
|-heal|p2a: floof|74/100|[from] item: Leftovers
|-heal|p1a: Jane Juliet|62/100|[from] item: Leftovers
|upkeep
|turn|4
|
|t:|1776109201
|move|p2a: floof|Crunch|p1a: Jane Juliet
|-supereffective|p1a: Jane Juliet
|-crit|p1a: Jane Juliet
|-damage|p1a: Jane Juliet|8/100
|move|p1a: Jane Juliet|Will-O-Wisp|p2a: floof
|-status|p2a: floof|brn
|
|-heal|p2a: floof|80/100 brn|[from] item: Leftovers
|-heal|p1a: Jane Juliet|14/100|[from] item: Leftovers
|-damage|p2a: floof|74/100 brn|[from] brn
|upkeep
|turn|5
|
|t:|1776109211
|switch|p1a: Alololololomomola|Alomomola, M|100/100
|move|p2a: floof|Crunch|p1a: Alololololomomola
|-damage|p1a: Alololololomomola|95/100
|
|-heal|p2a: floof|80/100 brn|[from] item: Leftovers
|-heal|p1a: Alololololomomola|100/100|[from] item: Leftovers
|-damage|p2a: floof|74/100 brn|[from] brn
|upkeep
|turn|6
|
|t:|1776109223
|move|p2a: floof|Iron Defense|p2a: floof
|-boost|p2a: floof|def|2
|move|p1a: Alololololomomola|Wish|p1a: Alololololomomola
|
|-heal|p2a: floof|80/100 brn|[from] item: Leftovers
|-damage|p2a: floof|74/100 brn|[from] brn
|upkeep
|turn|7
|
|t:|1776109232
|move|p2a: floof|Body Press|p1a: Alololololomomola
|-damage|p1a: Alololololomomola|68/100
|move|p1a: Alololololomomola|Flip Turn|p2a: floof
|-damage|p2a: floof|71/100 brn
|
|t:|1776109238
|switch|p1a: Jane Juliet|Skeledirge, F|14/100|[from] Flip Turn
|
|-heal|p1a: Jane Juliet|78/100|[from] move: Wish|[wisher] Alololololomomola
|-heal|p2a: floof|77/100 brn|[from] item: Leftovers
|-heal|p1a: Jane Juliet|84/100|[from] item: Leftovers
|-damage|p2a: floof|71/100 brn|[from] brn
|upkeep
|turn|8
|
|t:|1776109248
|move|p2a: floof|Crunch|p1a: Jane Juliet
|-supereffective|p1a: Jane Juliet
|-damage|p1a: Jane Juliet|68/100
|move|p1a: Jane Juliet|Torch Song|p2a: floof
|-damage|p2a: floof|43/100 brn
|-boost|p1a: Jane Juliet|spa|1
|
|-heal|p2a: floof|49/100 brn|[from] item: Leftovers
|-heal|p1a: Jane Juliet|74/100|[from] item: Leftovers
|-damage|p2a: floof|43/100 brn|[from] brn
|upkeep
|turn|9
|
|t:|1776109262
|move|p1a: Jane Juliet|Slack Off|p1a: Jane Juliet
|-heal|p1a: Jane Juliet|100/100
|move|p2a: floof|Roar|p1a: Jane Juliet
|drag|p1a: Yuri|Hatterene, F|100/100
|
|-heal|p2a: floof|49/100 brn|[from] item: Leftovers
|-damage|p2a: floof|43/100 brn|[from] brn
|upkeep
|turn|10
|
|t:|1776109289
|switch|p2a: venom|Slowking-Galar, M|100/100
|move|p1a: Yuri|Draining Kiss|p2a: venom
|-resisted|p2a: venom
|-damage|p2a: venom|89/100
|
|upkeep
|turn|11
|c|☆1papaya2papaya|holy shit yuri
|c|☆SafieKaya|yuri nuke
|inactive|1papaya2papaya has 120 seconds left.
|inactive|SafieKaya has 120 seconds left.
|
|t:|1776109326
|switch|p1a: Glimmora|Glimmora, M|100/100
|move|p2a: venom|Sludge Bomb|p1a: Glimmora
|-resisted|p1a: Glimmora
|-damage|p1a: Glimmora|90/100
|
|upkeep
|turn|12
|inactive|SafieKaya has 120 seconds left.
|inactive|1papaya2papaya has 120 seconds left.
|
|t:|1776109342
|move|p1a: Glimmora|Spikes|p2a: venom
|-sidestart|p2: 1papaya2papaya|Spikes
|move|p2a: venom|Future Sight|p1a: Glimmora
|-start|p2a: venom|move: Future Sight
|
|upkeep
|turn|13
|inactive|SafieKaya has 120 seconds left.
|
|t:|1776109360
|switch|p1a: Alololololomomola|Alomomola, M|100/100
|switch|p2a: spicy chicken|Moltres|100/100
|
|upkeep
|turn|14
|inactive|SafieKaya has 120 seconds left.
|inactive|1papaya2papaya has 120 seconds left.
|
|t:|1776109375
|move|p1a: Alololololomomola|Scald|p2a: spicy chicken
|-supereffective|p2a: spicy chicken
|-damage|p2a: spicy chicken|73/100
|move|p2a: spicy chicken|Roar|p1a: Alololololomomola
|drag|p1a: Hannibal|Great Tusk|100/100
|
|-end|p1a: Hannibal|move: Future Sight
|-supereffective|p1a: Hannibal
|-damage|p1a: Hannibal|0 fnt
|faint|p1a: Hannibal
|-end|p1a: Hannibal|Protosynthesis|[silent]
|upkeep
|inactive|SafieKaya has 120 seconds left.
|c|☆SafieKaya|:(
|c|☆1papaya2papaya|lol
|
|t:|1776109392
|switch|p1a: Meowscarada|Meowscarada, M|100/100
|turn|15
|
|t:|1776109401
|move|p1a: Meowscarada|Thunder Punch|p2a: spicy chicken
|-start|p1a: Meowscarada|typechange|Electric|[from] ability: Protean
|-supereffective|p2a: spicy chicken
|-damage|p2a: spicy chicken|6/100
|-damage|p1a: Meowscarada|91/100|[from] item: Life Orb
|move|p2a: spicy chicken|U-turn|p1a: Meowscarada
|-damage|p1a: Meowscarada|68/100
|
|t:|1776109413
|switch|p2a: wanna go apeshit?|Rillaboom, F|100/100|[from] U-turn
|-damage|p2a: wanna go apeshit?|84/100|[from] Spikes
|-fieldstart|move: Grassy Terrain|[from] ability: Grassy Surge|[of] p2a: wanna go apeshit?
|
|-heal|p1a: Meowscarada|75/100|[from] Grassy Terrain
|-heal|p2a: wanna go apeshit?|90/100|[from] Grassy Terrain
|upkeep
|turn|16
|inactive|SafieKaya has 120 seconds left.
|
|t:|1776109433
|move|p1a: Meowscarada|Triple Axel|p2a: wanna go apeshit?
|-supereffective|p2a: wanna go apeshit?
|-damage|p2a: wanna go apeshit?|73/100
|-supereffective|p2a: wanna go apeshit?
|-damage|p2a: wanna go apeshit?|38/100
|-supereffective|p2a: wanna go apeshit?
|-damage|p2a: wanna go apeshit?|0 fnt
|faint|p2a: wanna go apeshit?
|-hitcount|p2: wanna go apeshit?|3
|-damage|p1a: Meowscarada|65/100|[from] item: Life Orb
|
|-heal|p1a: Meowscarada|71/100|[from] Grassy Terrain
|upkeep
|inactive|1papaya2papaya has 120 seconds left.
|
|t:|1776109448
|switch|p2a: jim|Darkrai|100/100
|-damage|p2a: jim|84/100|[from] Spikes
|turn|17
|
|t:|1776109461
|switch|p1a: Alololololomomola|Alomomola, M|100/100
|move|p2a: jim|Dark Pulse|p1a: Alololololomomola
|-damage|p1a: Alololololomomola|18/100
|
|-heal|p2a: jim|90/100|[from] Grassy Terrain
|-heal|p1a: Alololololomomola|24/100|[from] Grassy Terrain
|-heal|p1a: Alololololomomola|30/100|[from] item: Leftovers
|upkeep
|turn|18
|
|t:|1776109475
|move|p2a: jim|Dark Pulse|p1a: Alololololomomola
|-crit|p1a: Alololololomomola
|-damage|p1a: Alololololomomola|0 fnt
|faint|p1a: Alololololomomola
|
|-heal|p2a: jim|96/100|[from] Grassy Terrain
|upkeep
|inactive|SafieKaya has 120 seconds left.
|
|t:|1776109497
|switch|p1a: Yuri|Hatterene, F|100/100
|turn|19
|
|t:|1776109508
|switch|p2a: venom|Slowking-Galar, M|100/100
|move|p1a: Yuri|Draining Kiss|p2a: venom
|-resisted|p2a: venom
|-damage|p2a: venom|89/100
|
|-heal|p2a: venom|95/100|[from] Grassy Terrain
|-fieldend|move: Grassy Terrain
|upkeep
|turn|20
|inactive|SafieKaya has 120 seconds left.
|
|t:|1776109524
|switch|p1a: Glimmora|Glimmora, M|90/100
|move|p2a: venom|Future Sight|p1a: Glimmora
|-start|p2a: venom|move: Future Sight
|
|upkeep
|turn|21
|
|t:|1776109545
|switch|p2a: spicy chicken|Moltres|6/100
|move|p1a: Glimmora|Meteor Beam||[still]
|-prepare|p1a: Glimmora|Meteor Beam
|-boost|p1a: Glimmora|spa|1
|-enditem|p1a: Glimmora|Power Herb
|-anim|p1a: Glimmora|Meteor Beam|p2a: spicy chicken
|-supereffective|p2a: spicy chicken
|-damage|p2a: spicy chicken|0 fnt
|faint|p2a: spicy chicken
|
|upkeep
|
|t:|1776109555
|switch|p2a: ariel|Primarina, F|100/100
|-damage|p2a: ariel|84/100|[from] Spikes
|turn|22
|
|t:|1776109565
|move|p1a: Glimmora|Flash Cannon|p2a: ariel
|-damage|p2a: ariel|43/100
|move|p2a: ariel|Substitute|p2a: ariel
|-start|p2a: ariel|Substitute
|-damage|p2a: ariel|18/100
|
|-end|p1a: Glimmora|move: Future Sight
|-supereffective|p1a: Glimmora
|-damage|p1a: Glimmora|0 fnt
|faint|p1a: Glimmora
|-heal|p2a: ariel|24/100|[from] item: Leftovers
|upkeep
|
|t:|1776109581
|switch|p1a: Yuri|Hatterene, F|100/100
|turn|23
|
|t:|1776109587
|move|p2a: ariel|Calm Mind|p2a: ariel
|-boost|p2a: ariel|spa|1
|-boost|p2a: ariel|spd|1
|move|p1a: Yuri|Calm Mind|p1a: Yuri
|-boost|p1a: Yuri|spa|1
|-boost|p1a: Yuri|spd|1
|
|-heal|p2a: ariel|31/100|[from] item: Leftovers
|upkeep
|turn|24
|
|t:|1776109595
|move|p2a: ariel|Calm Mind|p2a: ariel
|-boost|p2a: ariel|spa|1
|-boost|p2a: ariel|spd|1
|move|p1a: Yuri|Psychic|p2a: ariel
|-end|p2a: ariel|Substitute
|
|-heal|p2a: ariel|37/100|[from] item: Leftovers
|upkeep
|turn|25
|
|t:|1776109603
|move|p2a: ariel|Surf|p1a: Yuri
|-damage|p1a: Yuri|28/100
|move|p1a: Yuri|Psychic|p2a: ariel
|-damage|p2a: ariel|0 fnt
|faint|p2a: ariel
|
|-heal|p1a: Yuri|34/100|[from] item: Leftovers
|upkeep
|
|t:|1776109610
|switch|p2a: jim|Darkrai|96/100
|-damage|p2a: jim|80/100|[from] Spikes
|turn|26
|
|t:|1776109618
|move|p2a: jim|Sludge Bomb|p1a: Yuri
|-supereffective|p1a: Yuri
|-damage|p1a: Yuri|0 fnt
|faint|p1a: Yuri
|
|upkeep
|
|t:|1776109627
|switch|p1a: Jane Juliet|Skeledirge, F|100/100
|turn|27
|
|t:|1776109633
|switch|p2a: venom|Slowking-Galar, M|100/100
|-terastallize|p1a: Jane Juliet|Water
|move|p1a: Jane Juliet|Torch Song|p2a: venom
|-damage|p2a: venom|71/100
|-boost|p1a: Jane Juliet|spa|1
|
|upkeep
|turn|28
|
|t:|1776109644
|move|p1a: Jane Juliet|Torch Song|p2a: venom
|-damage|p2a: venom|23/100
|-boost|p1a: Jane Juliet|spa|1
|move|p2a: venom|Future Sight|p1a: Jane Juliet
|-start|p2a: venom|move: Future Sight
|
|upkeep
|turn|29
|
|t:|1776109653
|move|p1a: Jane Juliet|Torch Song|p2a: venom
|-damage|p2a: venom|0 fnt
|-boost|p1a: Jane Juliet|spa|1
|faint|p2a: venom
|
|upkeep
|
|t:|1776109661
|switch|p2a: jim|Darkrai|80/100
|-damage|p2a: jim|63/100|[from] Spikes
|turn|30
|
|t:|1776109669
|-terastallize|p2a: jim|Dark
|move|p2a: jim|Dark Pulse|p1a: Jane Juliet
|-damage|p1a: Jane Juliet|11/100
|move|p1a: Jane Juliet|Torch Song|p2a: jim
|-damage|p2a: jim|0 fnt
|-boost|p1a: Jane Juliet|spa|1
|faint|p2a: jim
|
|-end|p1a: Jane Juliet|move: Future Sight
|-damage|p1a: Jane Juliet|0 fnt
|faint|p1a: Jane Juliet
|upkeep
|
|t:|1776109680
|switch|p2a: floof|Zamazenta|43/100 brn
|switch|p1a: Meowscarada|Meowscarada, M|71/100
|-damage|p2a: floof|27/100 brn|[from] Spikes
|turn|31
|
|t:|1776109689
|move|p1a: Meowscarada|Sucker Punch|p2a: floof
|-start|p1a: Meowscarada|typechange|Dark|[from] ability: Protean
|-resisted|p2a: floof
|-damage|p2a: floof|10/100 brn
|-damage|p1a: Meowscarada|61/100|[from] item: Life Orb
|move|p2a: floof|Body Press|p1a: Meowscarada
|-supereffective|p1a: Meowscarada
|-damage|p1a: Meowscarada|12/100
|
|-heal|p2a: floof|16/100 brn|[from] item: Leftovers
|-damage|p2a: floof|10/100 brn|[from] brn
|upkeep
|turn|32
|c|☆1papaya2papaya|ok i think you win
|c|☆1papaya2papaya|gg
|l|☆SafieKaya
|inactive|SafieKaya disconnected and has a minute to reconnect!
|player|p1|
|j|☆SafieKaya
|inactive|SafieKaya reconnected and has 115 seconds left.
|player|p1|SafieKaya|clerkf|
|c|☆SafieKaya|oops
|c|☆SafieKaya|yeah i think
|c|☆SafieKaya|I do
|c|☆SafieKaya|gg though
|
|t:|1776109739
|move|p1a: Meowscarada|Sucker Punch||[still]
|-fail|p1a: Meowscarada
|move|p2a: floof|Iron Defense|p2a: floof
|-boost|p2a: floof|def|2
|
|-heal|p2a: floof|16/100 brn|[from] item: Leftovers
|-damage|p2a: floof|10/100 brn|[from] brn
|upkeep
|turn|33
|
|t:|1776109748
|move|p2a: floof|Body Press|p1a: Meowscarada
|-supereffective|p1a: Meowscarada
|-damage|p1a: Meowscarada|0 fnt
|faint|p1a: Meowscarada
|
|win|1papaya2papaya
|raw|SafieKaya's rating: 1168 &rarr; <strong>1146</strong><br />(-22 for losing)
|raw|1papaya2papaya's rating: 1210 &rarr; <strong>1232</strong><br />(+22 for winning)
|c|☆1papaya2papaya|gg
|c|☆SafieKaya|OH
|c|☆SafieKaya|gg
|c|☆SafieKaya|nice one
|c|☆1papaya2papaya|thx
|l|☆1papaya2papaya
|player|p2|
