|html|<div class="broadcast-blue"><strong>[Gen 9] OU is currently suspecting Volcarona! For information on how to participate check out the <a href="https://www.smogon.com/tools/suspects/view/208">suspect thread</a>.</strong></div>
|j|☆snorlax50
|j|☆Hero Bomb
|t:|1778517810
|gametype|singles
|player|p1|snorlax50|101|1182
|player|p2|Hero Bomb|ltsurge|1221
|gen|9
|tier|[Gen 9] OU
|rated|
|rule|HP Percentage Mod: HP is shown in percentages
|rule|Endless Battle Clause: Forcing endless battles is banned
|rule|Species Clause: Limit one of each Pokémon
|rule|OHKO Clause: OHKO moves are banned
|rule|Evasion Items Clause: Evasion items are banned
|rule|Evasion Moves Clause: Evasion moves are banned
|rule|Evasion Abilities Clause: Evasion abilities are banned
|rule|Sleep Moves Clause: Sleep-inducing moves are banned
|clearpoke
|poke|p1|Ceruledge, F|
|poke|p1|Cloyster, F|
|poke|p1|Hawlucha, F|
|poke|p1|Azumarill, F|
|poke|p1|Blaziken, F|
|poke|p1|Gyarados, F|
|poke|p2|Rillaboom, M|
|poke|p2|Chesnaught, F|
|poke|p2|Heatran, F|
|poke|p2|Grimmsnarl, M|
|poke|p2|Zamazenta-*|
|poke|p2|Hatterene, F|
|teampreview
|inactive|Battle timer is ON: inactive players will automatically lose when time's up. (requested by Hero Bomb)
|
|t:|1778517813
|teamsize|p1|6
|teamsize|p2|6
|start
|switch|p1a: Ceruledge|Ceruledge, F|100/100
|switch|p2a: Grimmsnarl|Grimmsnarl, M|100/100
|turn|1
|
|t:|1778517826
|move|p2a: Grimmsnarl|Reflect|p2a: Grimmsnarl
|-sidestart|p2: Hero Bomb|Reflect
|move|p1a: Ceruledge|Swords Dance|p1a: Ceruledge
|-boost|p1a: Ceruledge|atk|2
|
|upkeep
|turn|2
|
|t:|1778517831
|move|p2a: Grimmsnarl|Light Screen|p2a: Grimmsnarl
|-sidestart|p2: Hero Bomb|move: Light Screen
|move|p1a: Ceruledge|Swords Dance|p1a: Ceruledge
|-boost|p1a: Ceruledge|atk|2
|
|upkeep
|turn|3
|c|☆Hero Bomb|hmmmm
|
|t:|1778517843
|move|p2a: Grimmsnarl|Parting Shot|p1a: Ceruledge
|-unboost|p1a: Ceruledge|atk|1
|-unboost|p1a: Ceruledge|spa|1
|
|t:|1778517846
|switch|p2a: Heatran|Heatran, F|100/100|[from] Parting Shot
|move|p1a: Ceruledge|Bitter Blade|p2a: Heatran
|-start|p2a: Heatran|ability: Flash Fire
|
|upkeep
|turn|4
|
|t:|1778517854
|move|p1a: Ceruledge|Close Combat|p2a: Heatran
|-supereffective|p2a: Heatran
|-damage|p2a: Heatran|14/100
|-unboost|p1a: Ceruledge|def|1
|-unboost|p1a: Ceruledge|spd|1
|move|p2a: Heatran|Earth Power|p1a: Ceruledge
|-supereffective|p1a: Ceruledge
|-damage|p1a: Ceruledge|15/100
|
|-heal|p2a: Heatran|20/100|[from] item: Leftovers
|upkeep
|turn|5
|
|t:|1778517862
|move|p1a: Ceruledge|Close Combat|p2a: Heatran
|-supereffective|p2a: Heatran
|-damage|p2a: Heatran|0 fnt
|-unboost|p1a: Ceruledge|def|1
|-unboost|p1a: Ceruledge|spd|1
|faint|p2a: Heatran
|
|upkeep
|
|t:|1778517867
|switch|p2a: Rillaboom|Rillaboom, M|100/100
|-fieldstart|move: Grassy Terrain|[from] ability: Grassy Surge|[of] p2a: Rillaboom
|turn|6
|
|t:|1778517876
|move|p2a: Rillaboom|Grassy Glide|p1a: Ceruledge
|-resisted|p1a: Ceruledge
|-damage|p1a: Ceruledge|0 fnt
|faint|p1a: Ceruledge
|
|upkeep
|
|t:|1778517880
|switch|p1a: Blaziken|Blaziken, F|100/100
|turn|7
|
|t:|1778517888
|move|p1a: Blaziken|Swords Dance|p1a: Blaziken
|-boost|p1a: Blaziken|atk|2
|move|p2a: Rillaboom|High Horsepower|p1a: Blaziken|[miss]
|-miss|p2a: Rillaboom|p1a: Blaziken
|
|-ability|p1a: Blaziken|Speed Boost|boost
|-boost|p1a: Blaziken|spe|1
|upkeep
|turn|8
|
|t:|1778517897
|move|p1a: Blaziken|Protect|p1a: Blaziken
|-singleturn|p1a: Blaziken|Protect
|move|p2a: Rillaboom|High Horsepower|p1a: Blaziken
|-activate|p1a: Blaziken|move: Protect
|
|-sideend|p2: Hero Bomb|Reflect
|-ability|p1a: Blaziken|Speed Boost|boost
|-boost|p1a: Blaziken|spe|1
|upkeep
|turn|9
|
|t:|1778517908
|move|p1a: Blaziken|Flare Blitz|p2a: Rillaboom
|-supereffective|p2a: Rillaboom
|-damage|p2a: Rillaboom|0 fnt
|faint|p2a: Rillaboom
|-damage|p1a: Blaziken|62/100|[from] Recoil
|-damage|p1a: Blaziken|52/100|[from] item: Life Orb
|
|-heal|p1a: Blaziken|58/100|[from] Grassy Terrain
|-sideend|p2: Hero Bomb|move: Light Screen
|-ability|p1a: Blaziken|Speed Boost|boost
|-boost|p1a: Blaziken|spe|1
|upkeep
|
|t:|1778517911
|switch|p2a: Grimmsnarl|Grimmsnarl, M|100/100
|turn|10
|
|t:|1778517924
|move|p2a: Grimmsnarl|Reflect|p2a: Grimmsnarl
|-sidestart|p2: Hero Bomb|Reflect
|move|p1a: Blaziken|Flare Blitz|p2a: Grimmsnarl
|-damage|p2a: Grimmsnarl|10/100
|-damage|p1a: Blaziken|19/100|[from] Recoil
|-damage|p1a: Blaziken|9/100|[from] item: Life Orb
|
|-heal|p1a: Blaziken|15/100|[from] Grassy Terrain
|-heal|p2a: Grimmsnarl|16/100|[from] Grassy Terrain
|-ability|p1a: Blaziken|Speed Boost|boost
|-boost|p1a: Blaziken|spe|1
|upkeep
|turn|11
|
|t:|1778517932
|move|p2a: Grimmsnarl|Light Screen|p2a: Grimmsnarl
|-sidestart|p2: Hero Bomb|move: Light Screen
|move|p1a: Blaziken|Close Combat|p2a: Grimmsnarl
|-damage|p2a: Grimmsnarl|0 fnt
|-unboost|p1a: Blaziken|def|1
|-unboost|p1a: Blaziken|spd|1
|faint|p2a: Grimmsnarl
|-damage|p1a: Blaziken|5/100|[from] item: Life Orb
|
|-heal|p1a: Blaziken|11/100|[from] Grassy Terrain
|-ability|p1a: Blaziken|Speed Boost|boost
|-boost|p1a: Blaziken|spe|1
|upkeep
|
|t:|1778517938
|switch|p2a: Chesnaught|Chesnaught, F|100/100
|turn|12
|
|t:|1778517944
|move|p2a: Chesnaught|Grassy Glide|p1a: Blaziken
|-resisted|p1a: Blaziken
|-damage|p1a: Blaziken|0 fnt
|faint|p1a: Blaziken
|
|upkeep
|
|t:|1778517948
|switch|p1a: Hawlucha|Hawlucha, F|100/100
|turn|13
|
|t:|1778517954
|move|p1a: Hawlucha|Swords Dance|p1a: Hawlucha
|-boost|p1a: Hawlucha|atk|2
|move|p2a: Chesnaught|Belly Drum|p2a: Chesnaught
|-damage|p2a: Chesnaught|50/100
|-setboost|p2a: Chesnaught|atk|6|[from] move: Belly Drum
|-enditem|p2a: Chesnaught|Sitrus Berry|[eat]
|-heal|p2a: Chesnaught|75/100|[from] item: Sitrus Berry
|
|-heal|p2a: Chesnaught|82/100|[from] Grassy Terrain
|-fieldend|move: Grassy Terrain
|upkeep
|turn|14
|
|t:|1778517963
|-terastallize|p2a: Chesnaught|Steel
|move|p1a: Hawlucha|Substitute|p1a: Hawlucha
|-start|p1a: Hawlucha|Substitute
|-damage|p1a: Hawlucha|76/100
|move|p2a: Chesnaught|Drain Punch|p1a: Hawlucha
|-resisted|p1a: Hawlucha
|-end|p1a: Hawlucha|Substitute
|-heal|p2a: Chesnaught|92/100|[from] drain|[of] p1a: Hawlucha
|
|upkeep
|turn|15
|
|t:|1778517970
|move|p1a: Hawlucha|Close Combat|p2a: Chesnaught
|-supereffective|p2a: Chesnaught
|-damage|p2a: Chesnaught|1/100
|-unboost|p1a: Hawlucha|def|1
|-unboost|p1a: Hawlucha|spd|1
|-enditem|p1a: Hawlucha|White Herb
|-clearnegativeboost|p1a: Hawlucha|[silent]
|move|p2a: Chesnaught|Drain Punch|p1a: Hawlucha
|-resisted|p1a: Hawlucha
|-crit|p1a: Hawlucha
|-damage|p1a: Hawlucha|0 fnt
|-heal|p2a: Chesnaught|32/100|[from] drain|[of] p1a: Hawlucha
|faint|p1a: Hawlucha
|
|upkeep
|
|t:|1778517982
|switch|p1a: Gyarados|Gyarados, F|100/100
|turn|16
|
|t:|1778517989
|move|p1a: Gyarados|Dragon Dance|p1a: Gyarados
|-boost|p1a: Gyarados|atk|1
|-boost|p1a: Gyarados|spe|1
|move|p2a: Chesnaught|Knock Off|p1a: Gyarados
|-damage|p1a: Gyarados|0 fnt
|-enditem|p1a: Gyarados|Heavy-Duty Boots|[from] move: Knock Off|[of] p2a: Chesnaught
|faint|p1a: Gyarados
|
|upkeep
|
|t:|1778517996
|switch|p1a: Azumarill|Azumarill, F|100/100
|turn|17
|
|t:|1778518000
|move|p2a: Chesnaught|Grassy Glide|p1a: Azumarill
|-supereffective|p1a: Azumarill
|-damage|p1a: Azumarill|0 fnt
|faint|p1a: Azumarill
|
|-sideend|p2: Hero Bomb|Reflect
|upkeep
|-message|snorlax50 forfeited.
|
|win|Hero Bomb
|raw|snorlax50's rating: 1182 &rarr; <strong>1160</strong><br />(-22 for losing)
|raw|Hero Bomb's rating: 1221 &rarr; <strong>1243</strong><br />(+22 for winning)
|l|☆snorlax50
|player|p1|
