|html|<div class="broadcast-blue"><strong>[Gen 9] OU is currently suspecting Tera Blast! For information on how to participate check out the <a href="https://www.smogon.com/tools/suspects/view/200">suspect thread</a>.</strong></div>
|j|☆AteefIsThug
|j|☆Upnotout
|t:|1776103478
|gametype|singles
|player|p1|AteefIsThug|ingo|1239
|player|p2|Upnotout|1|1237
|gen|9
|tier|[Gen 9] OU
|rated|
|rule|HP Percentage Mod: HP is shown in percentages
|rule|Endless Battle Clause: Forcing endless battles is banned
|rule|Species Clause: Limit one of each Pokémon
|rule|OHKO Clause: OHKO moves are banned
|rule|Evasion Items Clause: Evasion items are banned
|rule|Evasion Moves Clause: Evasion moves are banned
|rule|Evasion Abilities Clause: Evasion abilities are banned
|rule|Sleep Moves Clause: Sleep-inducing moves are banned
|clearpoke
|poke|p1|Cloyster, M|
|poke|p1|Garganacl, F|
|poke|p1|Dondozo, M|
|poke|p1|Dragonite, M|
|poke|p1|Pecharunt|
|poke|p1|Iron Moth|
|poke|p2|Persian-Alola, F|
|poke|p2|Dragonite, M|
|poke|p2|Iron Valiant|
|poke|p2|Scizor, M|
|poke|p2|Weezing-Galar, F|
|poke|p2|Clodsire, M|
|teampreview
|inactive|Battle timer is ON: inactive players will automatically lose when time's up. (requested by Upnotout)
|
|t:|1776103484
|teamsize|p1|6
|teamsize|p2|6
|start
|switch|p1a: Garganacl|Garganacl, F|100/100
|switch|p2a: Persian|Persian-Alola, F|100/100
|turn|1
|
|t:|1776103493
|move|p2a: Persian|Knock Off|p1a: Garganacl
|-damage|p1a: Garganacl|85/100
|-enditem|p1a: Garganacl|Leftovers|[from] move: Knock Off|[of] p2a: Persian
|move|p1a: Garganacl|Stealth Rock|p2a: Persian
|-sidestart|p2: Upnotout|move: Stealth Rock
|
|upkeep
|turn|2
|
|t:|1776103502
|move|p2a: Persian|Parting Shot|p1a: Garganacl
|-fail|p1a: Garganacl|unboost|[from] ability: Clear Body|[of] p1a: Garganacl
|move|p1a: Garganacl|Salt Cure|p2a: Persian
|-crit|p2a: Persian
|-damage|p2a: Persian|89/100
|-start|p2a: Persian|Salt Cure
|
|-damage|p2a: Persian|76/100|[from] Salt Cure
|upkeep
|turn|3
|
|t:|1776103512
|switch|p2a: Weezing|Weezing-Galar, F|100/100
|move|p1a: Garganacl|Iron Defense|p1a: Garganacl
|-boost|p1a: Garganacl|def|2
|
|upkeep
|turn|4
|
|t:|1776103524
|move|p2a: Weezing|Fire Blast|p1a: Garganacl
|-resisted|p1a: Garganacl
|-damage|p1a: Garganacl|77/100
|move|p1a: Garganacl|Salt Cure|p2a: Weezing
|-damage|p2a: Weezing|89/100
|-start|p2a: Weezing|Salt Cure
|
|-damage|p2a: Weezing|77/100|[from] Salt Cure
|upkeep
|turn|5
|
|t:|1776103533
|move|p2a: Weezing|Defog|p1a: Garganacl
|-fail|p1a: Garganacl|unboost|[from] ability: Clear Body|[of] p1a: Garganacl
|-sideend|p2: Upnotout|Stealth Rock|[from] move: Defog|[of] p2a: Weezing
|move|p1a: Garganacl|Salt Cure|p2a: Weezing
|-damage|p2a: Weezing|65/100
|
|-damage|p2a: Weezing|52/100|[from] Salt Cure
|upkeep
|turn|6
|inactive|Upnotout has 120 seconds left.
|
|t:|1776103572
|move|p2a: Weezing|Pain Split|p1a: Garganacl
|-sethp|p1a: Garganacl|60/100|[from] move: Pain Split|[silent]
|-sethp|p2a: Weezing|73/100|[from] move: Pain Split
|move|p1a: Garganacl|Iron Defense|p1a: Garganacl
|-boost|p1a: Garganacl|def|2
|
|-damage|p2a: Weezing|60/100|[from] Salt Cure
|upkeep
|turn|7
|inactive|Upnotout has 120 seconds left.
|
|t:|1776103602
|switch|p2a: Iron Valiant|Iron Valiant|100/100
|-enditem|p2a: Iron Valiant|Booster Energy
|-activate|p2a: Iron Valiant|ability: Quark Drive|[fromitem]
|-start|p2a: Iron Valiant|quarkdrivespe
|move|p1a: Garganacl|Stealth Rock|p2a: Iron Valiant
|-sidestart|p2: Upnotout|move: Stealth Rock
|
|upkeep
|turn|8
|
|t:|1776103610
|move|p2a: Iron Valiant|Encore|p1a: Garganacl
|-start|p1a: Garganacl|Encore
|move|p1a: Garganacl|Stealth Rock||[still]
|-fail|p1a: Garganacl
|
|upkeep
|turn|9
|
|t:|1776103615
|switch|p1a: Pecharunt|Pecharunt|100/100
|move|p2a: Iron Valiant|Calm Mind|p2a: Iron Valiant
|-boost|p2a: Iron Valiant|spa|1
|-boost|p2a: Iron Valiant|spd|1
|
|upkeep
|turn|10
|
|t:|1776103626
|move|p2a: Iron Valiant|Moonblast|p1a: Pecharunt
|-resisted|p1a: Pecharunt
|-damage|p1a: Pecharunt|65/100
|-unboost|p1a: Pecharunt|spa|1
|move|p1a: Pecharunt|Malignant Chain|p2a: Iron Valiant
|-supereffective|p2a: Iron Valiant
|-damage|p2a: Iron Valiant|32/100
|-status|p2a: Iron Valiant|tox
|-start|p2a: Iron Valiant|confusion|[from] ability: Poison Puppeteer|[of] p1a: Pecharunt
|
|-damage|p2a: Iron Valiant|26/100 tox|[from] psn
|upkeep
|turn|11
|
|t:|1776103646
|move|p1a: Pecharunt|Protect|p1a: Pecharunt
|-singleturn|p1a: Pecharunt|Protect
|-activate|p2a: Iron Valiant|confusion
|-damage|p2a: Iron Valiant|13/100 tox|[from] confusion
|
|-damage|p2a: Iron Valiant|1/100 tox|[from] psn
|upkeep
|turn|12
|
|t:|1776103653
|-activate|p2a: Iron Valiant|confusion
|-damage|p2a: Iron Valiant|0 fnt|[from] confusion
|faint|p2a: Iron Valiant
|-end|p2a: Iron Valiant|Quark Drive|[silent]
|move|p1a: Pecharunt|Recover|p1a: Pecharunt
|-heal|p1a: Pecharunt|100/100
|
|upkeep
|
|t:|1776103664
|switch|p2a: Scizor|Scizor, M|100/100
|-damage|p2a: Scizor|88/100|[from] Stealth Rock
|turn|13
|
|t:|1776103669
|switch|p1a: Garganacl|Garganacl, F|60/100
|move|p2a: Scizor|Bullet Punch|p1a: Garganacl
|-supereffective|p1a: Garganacl
|-damage|p1a: Garganacl|0 fnt
|faint|p1a: Garganacl
|
|upkeep
|
|t:|1776103673
|switch|p1a: Iron Moth|Iron Moth, shiny|100/100
|-enditem|p1a: Iron Moth|Booster Energy
|-activate|p1a: Iron Moth|ability: Quark Drive|[fromitem]
|-start|p1a: Iron Moth|quarkdrivespa
|turn|14
|inactive|Upnotout has 120 seconds left.
|
|t:|1776103683
|switch|p2a: Weezing|Weezing-Galar, F|60/100
|move|p1a: Iron Moth|Fiery Dance|p2a: Weezing
|-damage|p2a: Weezing|12/100
|
|upkeep
|turn|15
|inactive|Upnotout has 120 seconds left.
|
|t:|1776103702
|move|p1a: Iron Moth|Fiery Dance|p2a: Weezing
|-crit|p2a: Weezing
|-damage|p2a: Weezing|0 fnt
|faint|p2a: Weezing
|
|upkeep
|
|t:|1776103710
|switch|p2a: Dragonite|Dragonite, M|100/100
|-damage|p2a: Dragonite|76/100|[from] Stealth Rock
|turn|16
|
|t:|1776103715
|-terastallize|p1a: Iron Moth|Flying
|move|p1a: Iron Moth|Dazzling Gleam|p2a: Dragonite
|-supereffective|p2a: Dragonite
|-damage|p2a: Dragonite|0 fnt
|faint|p2a: Dragonite
|
|upkeep
|inactive|Upnotout has 120 seconds left.
|-message|Upnotout forfeited.
|
|win|AteefIsThug
|raw|AteefIsThug's rating: 1239 &rarr; <strong>1264</strong><br />(+25 for winning)
|raw|Upnotout's rating: 1237 &rarr; <strong>1212</strong><br />(-25 for losing)
|l|☆Upnotout
|player|p2|
