|html|<div class="broadcast-blue"><strong>[Gen 9] OU is currently suspecting Tera Blast! For information on how to participate check out the <a href="https://www.smogon.com/tools/suspects/view/200">suspect thread</a>.</strong></div>
|j|☆mymicisasian
|j|☆Chrisfeb1992
|t:|1776179929
|gametype|singles
|player|p1|mymicisasian|170|1448
|player|p2|Chrisfeb1992|102|1464
|gen|9
|tier|[Gen 9] OU
|rated|
|rule|HP Percentage Mod: HP is shown in percentages
|rule|Endless Battle Clause: Forcing endless battles is banned
|rule|Species Clause: Limit one of each Pokémon
|rule|OHKO Clause: OHKO moves are banned
|rule|Evasion Items Clause: Evasion items are banned
|rule|Evasion Moves Clause: Evasion moves are banned
|rule|Evasion Abilities Clause: Evasion abilities are banned
|rule|Sleep Moves Clause: Sleep-inducing moves are banned
|clearpoke
|poke|p1|Dragapult, F|
|poke|p1|Alomomola, F|
|poke|p1|Ting-Lu|
|poke|p1|Kyurem|
|poke|p1|Weezing-Galar, F|
|poke|p1|Corviknight, F|
|poke|p2|Torkoal, M|
|poke|p2|Walking Wake|
|poke|p2|Deoxys-Speed|
|poke|p2|Zamazenta-*|
|poke|p2|Cinderace, F|
|poke|p2|Ceruledge, F|
|teampreview
|inactive|Battle timer is ON: inactive players will automatically lose when time's up. (requested by mymicisasian)
|
|t:|1776179946
|teamsize|p1|6
|teamsize|p2|6
|start
|switch|p1a: Weezing|Weezing-Galar, F|100/100
|switch|p2a: Ceruledge|Ceruledge, F|100/100
|-ability|p1a: Weezing|Neutralizing Gas
|turn|1
|
|t:|1776179964
|-end|p1a: Weezing|ability: Neutralizing Gas
|switch|p1a: Ting-Lu|Ting-Lu|100/100
|-ability|p1a: Ting-Lu|Vessel of Ruin
|move|p2a: Ceruledge|Swords Dance|p2a: Ceruledge
|-boost|p2a: Ceruledge|atk|2
|
|upkeep
|turn|2
|
|t:|1776179974
|-terastallize|p2a: Ceruledge|Ghost
|move|p2a: Ceruledge|Bitter Blade|p1a: Ting-Lu
|-damage|p1a: Ting-Lu|47/100
|move|p1a: Ting-Lu|Whirlwind|p2a: Ceruledge
|drag|p2a: Walking Wake|Walking Wake|100/100
|
|-heal|p1a: Ting-Lu|53/100|[from] item: Leftovers
|upkeep
|turn|3
|
|t:|1776179986
|switch|p1a: Corviknight|Corviknight, F|100/100
|-ability|p1a: Corviknight|Pressure
|move|p2a: Walking Wake|Flip Turn|p1a: Corviknight
|-damage|p1a: Corviknight|88/100
|
|t:|1776179993
|-end|p2a: Walking Wake|Protosynthesis|[silent]
|switch|p2a: Ceruledge|Ceruledge, F, tera:Ghost|100/100|[from] Flip Turn
|
|-heal|p1a: Corviknight|94/100|[from] item: Leftovers
|upkeep
|turn|4
|
|t:|1776180000
|switch|p1a: Moody Blues|Dragapult, F|100/100
|move|p2a: Ceruledge|Swords Dance|p2a: Ceruledge
|-boost|p2a: Ceruledge|atk|2
|
|upkeep
|turn|5
|
|t:|1776180006
|-terastallize|p1a: Moody Blues|Fairy
|move|p2a: Ceruledge|Shadow Sneak|p1a: Moody Blues
|-damage|p1a: Moody Blues|30/100
|move|p1a: Moody Blues|Dragon Darts|p2a: Ceruledge
|-damage|p2a: Ceruledge|52/100
|-ability|p2a: Ceruledge|Weak Armor|boost
|-unboost|p2a: Ceruledge|def|1
|-boost|p2a: Ceruledge|spe|2
|-anim|p1a: Moody Blues|Dragon Darts|p2a: Ceruledge
|-damage|p2a: Ceruledge|0 fnt
|faint|p2a: Ceruledge
|
|upkeep
|
|t:|1776180021
|switch|p2a: Torkoal|Torkoal, M|100/100
|-weather|SunnyDay|[from] ability: Drought|[of] p2a: Torkoal
|turn|6
|
|t:|1776180027
|switch|p1a: Weezing|Weezing-Galar, F|100/100
|-ability|p1a: Weezing|Neutralizing Gas
|move|p2a: Torkoal|Stealth Rock|p1a: Weezing
|-sidestart|p1: mymicisasian|move: Stealth Rock
|
|-weather|SunnyDay|[upkeep]
|upkeep
|turn|7
|
|t:|1776180037
|switch|p2a: Walking Wake|Walking Wake|100/100
|move|p1a: Weezing|Protect||[still]
|-fail|p1a: Weezing
|
|-weather|SunnyDay|[upkeep]
|upkeep
|turn|8
|
|t:|1776180046
|-end|p1a: Weezing|ability: Neutralizing Gas
|-activate|p2a: Walking Wake|ability: Protosynthesis
|-start|p2a: Walking Wake|protosynthesisspe
|switch|p1a: Ting-Lu|Ting-Lu|53/100
|-damage|p1a: Ting-Lu|47/100|[from] Stealth Rock
|-ability|p1a: Ting-Lu|Vessel of Ruin
|move|p2a: Walking Wake|Flip Turn|p1a: Ting-Lu
|-supereffective|p1a: Ting-Lu
|-damage|p1a: Ting-Lu|38/100
|
|t:|1776180058
|-end|p2a: Walking Wake|Protosynthesis|[silent]
|switch|p2a: Zamazenta|Zamazenta|100/100|[from] Flip Turn
|-ability|p2a: Zamazenta|Dauntless Shield|boost
|-boost|p2a: Zamazenta|def|1
|
|-weather|SunnyDay|[upkeep]
|-heal|p1a: Ting-Lu|44/100|[from] item: Leftovers
|upkeep
|turn|9
|
|t:|1776180067
|switch|p2a: Cinderace|Cinderace, F|100/100
|move|p1a: Ting-Lu|Whirlwind|p2a: Cinderace
|drag|p2a: Deoxys|Deoxys-Speed|100/100
|-ability|p2a: Deoxys|Pressure
|
|-weather|SunnyDay|[upkeep]
|-heal|p1a: Ting-Lu|50/100|[from] item: Leftovers
|upkeep
|turn|10
|
|t:|1776180078
|switch|p1a: Corviknight|Corviknight, F|94/100
|-damage|p1a: Corviknight|81/100|[from] Stealth Rock
|-ability|p1a: Corviknight|Pressure
|move|p2a: Deoxys|Reflect|p2a: Deoxys
|-sidestart|p2: Chrisfeb1992|Reflect
|
|-weather|SunnyDay|[upkeep]
|-heal|p1a: Corviknight|88/100|[from] item: Leftovers
|upkeep
|turn|11
|
|t:|1776180090
|move|p2a: Deoxys|Taunt|p1a: Corviknight
|-start|p1a: Corviknight|move: Taunt
|cant|p1a: Corviknight|move: Taunt|Defog
|
|-weather|SunnyDay|[upkeep]
|-heal|p1a: Corviknight|94/100|[from] item: Leftovers
|upkeep
|turn|12
|
|t:|1776180098
|move|p2a: Deoxys|Light Screen|p2a: Deoxys
|-sidestart|p2: Chrisfeb1992|move: Light Screen
|move|p1a: Corviknight|U-turn|p2a: Deoxys
|-supereffective|p2a: Deoxys
|-damage|p2a: Deoxys|83/100
|
|t:|1776180101
|switch|p1a: Weezing|Weezing-Galar, F|100/100|[from] U-turn
|-ability|p1a: Weezing|Neutralizing Gas
|-damage|p1a: Weezing|88/100|[from] Stealth Rock
|
|-weather|SunnyDay|[upkeep]
|-heal|p1a: Weezing|94/100|[from] item: Leftovers
|upkeep
|turn|13
|
|t:|1776180111
|move|p1a: Weezing|Protect|p1a: Weezing
|-singleturn|p1a: Weezing|Protect
|move|p2a: Deoxys|Psycho Boost|p1a: Weezing
|-activate|p1a: Weezing|move: Protect
|
|-weather|none
|-heal|p1a: Weezing|100/100|[from] item: Leftovers
|upkeep
|turn|14
|
|t:|1776180120
|switch|p2a: Torkoal|Torkoal, M|100/100
|-end|p1a: Weezing|ability: Neutralizing Gas
|-weather|SunnyDay|[from] ability: Drought|[of] p2a: Torkoal
|switch|p1a: Corviknight|Corviknight, F|94/100
|-damage|p1a: Corviknight|81/100|[from] Stealth Rock
|-ability|p1a: Corviknight|Pressure
|
|-weather|SunnyDay|[upkeep]
|-heal|p1a: Corviknight|88/100|[from] item: Leftovers
|upkeep
|turn|15
|
|t:|1776180132
|move|p1a: Corviknight|Defog|p2a: Torkoal
|-unboost|p2a: Torkoal|evasion|1
|-sideend|p2: Chrisfeb1992|Reflect
|-sideend|p2: Chrisfeb1992|move: Light Screen
|-sideend|p1: mymicisasian|Stealth Rock|[from] move: Defog|[of] p1a: Corviknight
|move|p2a: Torkoal|Lava Plume|p1a: Corviknight
|-supereffective|p1a: Corviknight
|-damage|p1a: Corviknight|37/100
|
|-weather|SunnyDay|[upkeep]
|-heal|p1a: Corviknight|43/100|[from] item: Leftovers
|upkeep
|turn|16
|
|t:|1776180143
|switch|p2a: Walking Wake|Walking Wake|100/100
|-activate|p2a: Walking Wake|ability: Protosynthesis
|-start|p2a: Walking Wake|protosynthesisspe
|move|p1a: Corviknight|Roost|p1a: Corviknight
|-heal|p1a: Corviknight|93/100
|-singleturn|p1a: Corviknight|move: Roost
|
|-weather|SunnyDay|[upkeep]
|-heal|p1a: Corviknight|99/100|[from] item: Leftovers
|upkeep
|turn|17
|
|t:|1776180154
|switch|p1a: Fogbound Lake|Alomomola, F|100/100
|move|p2a: Walking Wake|Hydro Steam|p1a: Fogbound Lake
|-resisted|p1a: Fogbound Lake
|-damage|p1a: Fogbound Lake|53/100
|
|-weather|SunnyDay|[upkeep]
|upkeep
|turn|18
|
|t:|1776180163
|move|p2a: Walking Wake|Hydro Steam|p1a: Fogbound Lake
|-resisted|p1a: Fogbound Lake
|-damage|p1a: Fogbound Lake|0 fnt
|faint|p1a: Fogbound Lake
|
|-weather|SunnyDay|[upkeep]
|upkeep
|
|t:|1776180165
|switch|p1a: Tiffany BlueStones|Kyurem, shiny|100/100
|-ability|p1a: Tiffany BlueStones|Pressure
|turn|19
|
|t:|1776180176
|-end|p2a: Walking Wake|Protosynthesis|[silent]
|switch|p2a: Zamazenta|Zamazenta|100/100
|move|p1a: Tiffany BlueStones|Substitute|p1a: Tiffany BlueStones
|-start|p1a: Tiffany BlueStones|Substitute
|-damage|p1a: Tiffany BlueStones|76/100
|
|-weather|SunnyDay|[upkeep]
|-heal|p1a: Tiffany BlueStones|82/100|[from] item: Leftovers
|upkeep
|turn|20
|
|t:|1776180185
|move|p2a: Zamazenta|Crunch|p1a: Tiffany BlueStones
|-activate|p1a: Tiffany BlueStones|move: Substitute|[damage]
|move|p1a: Tiffany BlueStones|Freeze-Dry|p2a: Zamazenta
|-damage|p2a: Zamazenta|64/100
|
|-weather|SunnyDay|[upkeep]
|-heal|p1a: Tiffany BlueStones|88/100|[from] item: Leftovers
|upkeep
|turn|21
|
|t:|1776180195
|move|p2a: Zamazenta|Crunch|p1a: Tiffany BlueStones
|-end|p1a: Tiffany BlueStones|Substitute
|move|p1a: Tiffany BlueStones|Substitute|p1a: Tiffany BlueStones
|-start|p1a: Tiffany BlueStones|Substitute
|-damage|p1a: Tiffany BlueStones|63/100
|
|-weather|none
|-heal|p1a: Tiffany BlueStones|69/100|[from] item: Leftovers
|upkeep
|turn|22
|
|t:|1776180203
|move|p2a: Zamazenta|Body Press|p1a: Tiffany BlueStones
|-supereffective|p1a: Tiffany BlueStones
|-end|p1a: Tiffany BlueStones|Substitute
|move|p1a: Tiffany BlueStones|Freeze-Dry|p2a: Zamazenta
|-damage|p2a: Zamazenta|24/100
|
|-heal|p1a: Tiffany BlueStones|75/100|[from] item: Leftovers
|upkeep
|turn|23
|
|t:|1776180212
|switch|p1a: Corviknight|Corviknight, F|99/100
|-ability|p1a: Corviknight|Pressure
|move|p2a: Zamazenta|Body Press|p1a: Corviknight
|-damage|p1a: Corviknight|68/100
|
|-heal|p1a: Corviknight|74/100|[from] item: Leftovers
|upkeep
|turn|24
|
|t:|1776180223
|switch|p2a: Torkoal|Torkoal, M|100/100
|-weather|SunnyDay|[from] ability: Drought|[of] p2a: Torkoal
|move|p1a: Corviknight|U-turn|p2a: Torkoal
|-resisted|p2a: Torkoal
|-damage|p2a: Torkoal|96/100
|
|t:|1776180229
|switch|p1a: Weezing|Weezing-Galar, F|100/100|[from] U-turn
|-ability|p1a: Weezing|Neutralizing Gas
|
|-weather|SunnyDay|[upkeep]
|upkeep
|turn|25
|
|t:|1776180237
|switch|p2a: Cinderace|Cinderace, F|100/100
|move|p1a: Weezing|Toxic Spikes|p2a: Cinderace
|-sidestart|p2: Chrisfeb1992|move: Toxic Spikes
|
|-weather|SunnyDay|[upkeep]
|upkeep
|turn|26
|
|t:|1776180244
|move|p2a: Cinderace|Pyro Ball|p1a: Weezing
|-damage|p1a: Weezing|39/100
|move|p1a: Weezing|Toxic Spikes|p2a: Cinderace
|-sidestart|p2: Chrisfeb1992|move: Toxic Spikes
|
|-weather|SunnyDay|[upkeep]
|-heal|p1a: Weezing|45/100|[from] item: Leftovers
|upkeep
|turn|27
|
|t:|1776180252
|move|p1a: Weezing|Protect|p1a: Weezing
|-singleturn|p1a: Weezing|Protect
|move|p2a: Cinderace|Pyro Ball|p1a: Weezing
|-activate|p1a: Weezing|move: Protect
|
|-weather|SunnyDay|[upkeep]
|-heal|p1a: Weezing|51/100|[from] item: Leftovers
|upkeep
|turn|28
|
|t:|1776180261
|-end|p1a: Weezing|ability: Neutralizing Gas
|switch|p1a: Ting-Lu|Ting-Lu|50/100
|-ability|p1a: Ting-Lu|Vessel of Ruin
|move|p2a: Cinderace|Pyro Ball|p1a: Ting-Lu
|-damage|p1a: Ting-Lu|6/100
|
|-weather|SunnyDay|[upkeep]
|-heal|p1a: Ting-Lu|12/100|[from] item: Leftovers
|upkeep
|turn|29
|
|t:|1776180272
|move|p2a: Cinderace|Will-O-Wisp|p1a: Ting-Lu|[miss]
|-miss|p2a: Cinderace|p1a: Ting-Lu
|move|p1a: Ting-Lu|Whirlwind|p2a: Cinderace
|drag|p2a: Walking Wake|Walking Wake|100/100
|-status|p2a: Walking Wake|tox
|-activate|p2a: Walking Wake|ability: Protosynthesis
|-start|p2a: Walking Wake|protosynthesisspe
|
|-weather|SunnyDay|[upkeep]
|-heal|p1a: Ting-Lu|18/100|[from] item: Leftovers
|-damage|p2a: Walking Wake|94/100 tox|[from] psn
|upkeep
|turn|30
|
|t:|1776180287
|move|p2a: Walking Wake|Hydro Steam|p1a: Ting-Lu
|-supereffective|p1a: Ting-Lu
|-damage|p1a: Ting-Lu|0 fnt
|faint|p1a: Ting-Lu
|
|-weather|SunnyDay|[upkeep]
|-damage|p2a: Walking Wake|82/100 tox|[from] psn
|upkeep
|
|t:|1776180291
|switch|p1a: Weezing|Weezing-Galar, F|51/100
|-ability|p1a: Weezing|Neutralizing Gas
|turn|31
|
|t:|1776180301
|move|p1a: Weezing|Protect|p1a: Weezing
|-singleturn|p1a: Weezing|Protect
|move|p2a: Walking Wake|Hydro Steam|p1a: Weezing
|-activate|p1a: Weezing|move: Protect
|
|-weather|none
|-heal|p1a: Weezing|57/100|[from] item: Leftovers
|-damage|p2a: Walking Wake|63/100 tox|[from] psn
|upkeep
|turn|32
|
|t:|1776180314
|-end|p1a: Weezing|ability: Neutralizing Gas
|-end|p2a: Walking Wake|Protosynthesis
|switch|p1a: Tiffany BlueStones|Kyurem, shiny|75/100
|-ability|p1a: Tiffany BlueStones|Pressure
|move|p2a: Walking Wake|Hydro Steam|p1a: Tiffany BlueStones
|-resisted|p1a: Tiffany BlueStones
|-damage|p1a: Tiffany BlueStones|49/100
|
|-heal|p1a: Tiffany BlueStones|55/100|[from] item: Leftovers
|-damage|p2a: Walking Wake|39/100 tox|[from] psn
|upkeep
|turn|33
|
|t:|1776180328
|-end|p2a: Walking Wake|Protosynthesis|[silent]
|switch|p2a: Torkoal|Torkoal, M|96/100
|-status|p2a: Torkoal|tox
|-weather|SunnyDay|[from] ability: Drought|[of] p2a: Torkoal
|move|p1a: Tiffany BlueStones|Freeze-Dry|p2a: Torkoal
|-resisted|p2a: Torkoal
|-damage|p2a: Torkoal|69/100 tox
|
|-weather|SunnyDay|[upkeep]
|-heal|p1a: Tiffany BlueStones|61/100|[from] item: Leftovers
|-damage|p2a: Torkoal|62/100 tox|[from] psn
|upkeep
|turn|34
|
|t:|1776180340
|move|p1a: Tiffany BlueStones|Earth Power|p2a: Torkoal
|-supereffective|p2a: Torkoal
|-crit|p2a: Torkoal
|-damage|p2a: Torkoal|0 fnt
|faint|p2a: Torkoal
|
|-weather|SunnyDay|[upkeep]
|-heal|p1a: Tiffany BlueStones|67/100|[from] item: Leftovers
|upkeep
|
|t:|1776180348
|switch|p2a: Cinderace|Cinderace, F|100/100
|turn|35
|
|t:|1776180352
|move|p2a: Cinderace|Pyro Ball|p1a: Tiffany BlueStones
|-damage|p1a: Tiffany BlueStones|0 fnt
|faint|p1a: Tiffany BlueStones
|
|-weather|SunnyDay|[upkeep]
|upkeep
|
|t:|1776180355
|switch|p1a: Moody Blues|Dragapult, F, tera:Fairy|30/100
|turn|36
|
|t:|1776180362
|switch|p1a: Weezing|Weezing-Galar, F|57/100
|-ability|p1a: Weezing|Neutralizing Gas
|switch|p2a: Zamazenta|Zamazenta|24/100
|-status|p2a: Zamazenta|tox
|
|-weather|SunnyDay|[upkeep]
|-heal|p1a: Weezing|63/100|[from] item: Leftovers
|-damage|p2a: Zamazenta|18/100 tox|[from] psn
|upkeep
|turn|37
|
|t:|1776180374
|move|p1a: Weezing|Protect|p1a: Weezing
|-singleturn|p1a: Weezing|Protect
|move|p2a: Zamazenta|Stone Edge|p1a: Weezing
|-activate|p1a: Weezing|move: Protect
|
|-weather|SunnyDay|[upkeep]
|-heal|p1a: Weezing|70/100|[from] item: Leftovers
|-damage|p2a: Zamazenta|5/100 tox|[from] psn
|upkeep
|turn|38
|
|t:|1776180383
|-end|p1a: Weezing|ability: Neutralizing Gas
|switch|p1a: Corviknight|Corviknight, F|74/100
|-ability|p1a: Corviknight|Pressure
|move|p2a: Zamazenta|Stone Edge|p1a: Corviknight
|-damage|p1a: Corviknight|49/100
|
|-weather|SunnyDay|[upkeep]
|-heal|p1a: Corviknight|55/100|[from] item: Leftovers
|-damage|p2a: Zamazenta|0 fnt|[from] psn
|faint|p2a: Zamazenta
|upkeep
|
|t:|1776180396
|switch|p2a: Walking Wake|Walking Wake|39/100 tox
|-activate|p2a: Walking Wake|ability: Protosynthesis
|-start|p2a: Walking Wake|protosynthesisspe
|turn|39
|
|t:|1776180402
|move|p2a: Walking Wake|Hydro Steam|p1a: Corviknight
|-damage|p1a: Corviknight|0 fnt
|faint|p1a: Corviknight
|
|-weather|SunnyDay|[upkeep]
|-damage|p2a: Walking Wake|32/100 tox|[from] psn
|upkeep
|
|t:|1776180406
|switch|p1a: Weezing|Weezing-Galar, F|70/100
|-ability|p1a: Weezing|Neutralizing Gas
|turn|40
|
|t:|1776180413
|move|p1a: Weezing|Protect|p1a: Weezing
|-singleturn|p1a: Weezing|Protect
|move|p2a: Walking Wake|Hydro Steam|p1a: Weezing
|-activate|p1a: Weezing|move: Protect
|
|-weather|none
|-heal|p1a: Weezing|76/100|[from] item: Leftovers
|-damage|p2a: Walking Wake|20/100 tox|[from] psn
|upkeep
|turn|41
|
|t:|1776180423
|move|p1a: Weezing|Protect||[still]
|-fail|p1a: Weezing
|move|p2a: Walking Wake|Hydro Steam|p1a: Weezing
|-damage|p1a: Weezing|0 fnt
|faint|p1a: Weezing
|-end|p1a: Weezing|ability: Neutralizing Gas
|-end|p2a: Walking Wake|Protosynthesis
|
|-damage|p2a: Walking Wake|1/100 tox|[from] psn
|upkeep
|
|t:|1776180426
|switch|p1a: Moody Blues|Dragapult, F, tera:Fairy|30/100
|turn|42
|
|t:|1776180435
|move|p1a: Moody Blues|Dragon Darts|p2a: Walking Wake
|-supereffective|p2a: Walking Wake
|-damage|p2a: Walking Wake|0 fnt
|faint|p2a: Walking Wake
|-end|p2a: Walking Wake|Protosynthesis|[silent]
|
|upkeep
|c|☆mymicisasian|Gg
|c|☆mymicisasian|Rip
|
|t:|1776180440
|switch|p2a: Deoxys|Deoxys-Speed|83/100
|-status|p2a: Deoxys|tox
|-ability|p2a: Deoxys|Pressure
|turn|43
|c|☆mymicisasian|Man i trolled
|
|t:|1776180446
|move|p2a: Deoxys|Psycho Boost|p1a: Moody Blues
|-damage|p1a: Moody Blues|0 fnt
|-unboost|p2a: Deoxys|spa|2
|faint|p1a: Moody Blues
|
|win|Chrisfeb1992
|raw|mymicisasian's rating: 1448 &rarr; <strong>1429</strong><br />(-19 for losing)
|raw|Chrisfeb1992's rating: 1464 &rarr; <strong>1483</strong><br />(+19 for winning)
