|html|<div class="broadcast-blue"><strong>[Gen 9] OU is currently suspecting Tera Blast! For information on how to participate check out the <a href="https://www.smogon.com/tools/suspects/view/200">suspect thread</a>.</strong></div>
|j|☆exosc2
|j|☆Orosu1922
|t:|1776034586
|gametype|singles
|player|p1|exosc2|twins-gen4|1091
|player|p2|Orosu1922|iris-gen5bw2|1137
|gen|9
|tier|[Gen 9] OU
|rated|
|rule|HP Percentage Mod: HP is shown in percentages
|rule|Endless Battle Clause: Forcing endless battles is banned
|rule|Species Clause: Limit one of each Pokémon
|rule|OHKO Clause: OHKO moves are banned
|rule|Evasion Items Clause: Evasion items are banned
|rule|Evasion Moves Clause: Evasion moves are banned
|rule|Evasion Abilities Clause: Evasion abilities are banned
|rule|Sleep Moves Clause: Sleep-inducing moves are banned
|clearpoke
|poke|p1|Dondozo, F|
|poke|p1|Gliscor, F|
|poke|p1|Corviknight, M|
|poke|p1|Clodsire, F|
|poke|p1|Shaymin|
|poke|p1|Garganacl, F|
|poke|p2|Tyranitar, M|
|poke|p2|Excadrill, M|
|poke|p2|Zamazenta-*|
|poke|p2|Ogerpon-Wellspring, F|
|poke|p2|Moltres|
|poke|p2|Primarina, F|
|teampreview
|inactive|Battle timer is ON: inactive players will automatically lose when time's up. (requested by exosc2)
|c|☆Orosu1922|Ohhhh my god bro
|
|t:|1776034602
|teamsize|p1|6
|teamsize|p2|6
|start
|switch|p1a: Gliscor|Gliscor, F|100/100
|switch|p2a: Tyranitar|Tyranitar, M|100/100
|-weather|Sandstorm|[from] ability: Sand Stream|[of] p2a: Tyranitar
|turn|1
|
|t:|1776034610
|move|p1a: Gliscor|Toxic|p2a: Tyranitar
|-status|p2a: Tyranitar|tox
|move|p2a: Tyranitar|Knock Off|p1a: Gliscor
|-damage|p1a: Gliscor|66/100
|-enditem|p1a: Gliscor|Toxic Orb|[from] move: Knock Off|[of] p2a: Tyranitar
|
|-weather|Sandstorm|[upkeep]
|-damage|p2a: Tyranitar|94/100 tox|[from] psn
|upkeep
|turn|2
|
|t:|1776034621
|move|p1a: Gliscor|Substitute|p1a: Gliscor
|-start|p1a: Gliscor|Substitute
|-damage|p1a: Gliscor|41/100
|move|p2a: Tyranitar|Ice Beam|p1a: Gliscor
|-supereffective|p1a: Gliscor
|-end|p1a: Gliscor|Substitute
|
|-weather|Sandstorm|[upkeep]
|-damage|p2a: Tyranitar|82/100 tox|[from] psn
|upkeep
|turn|3
|
|t:|1776034631
|move|p1a: Gliscor|Protect|p1a: Gliscor
|-singleturn|p1a: Gliscor|Protect
|move|p2a: Tyranitar|Ice Beam|p1a: Gliscor
|-activate|p1a: Gliscor|move: Protect
|
|-weather|Sandstorm|[upkeep]
|-damage|p2a: Tyranitar|63/100 tox|[from] psn
|upkeep
|turn|4
|
|t:|1776034639
|switch|p2a: Excadrill|Excadrill, M|100/100
|-item|p2a: Excadrill|Air Balloon
|move|p1a: Gliscor|Earthquake|p2a: Excadrill
|-immune|p2a: Excadrill
|
|-weather|Sandstorm|[upkeep]
|upkeep
|turn|5
|
|t:|1776034656
|move|p1a: Gliscor|Protect|p1a: Gliscor
|-singleturn|p1a: Gliscor|Protect
|move|p2a: Excadrill|Iron Head|p1a: Gliscor
|-activate|p1a: Gliscor|move: Protect
|
|-weather|Sandstorm|[upkeep]
|upkeep
|turn|6
|inactive|Orosu1922 has 120 seconds left.
|
|t:|1776034683
|switch|p1a: Garganacl|Garganacl, F|100/100
|move|p2a: Excadrill|Iron Head|p1a: Garganacl
|-supereffective|p1a: Garganacl
|-damage|p1a: Garganacl|44/100
|
|-weather|Sandstorm|[upkeep]
|-heal|p1a: Garganacl|50/100|[from] item: Leftovers
|upkeep
|turn|7
|inactive|Orosu1922 has 120 seconds left.
|
|t:|1776034694
|-terastallize|p1a: Garganacl|Fairy
|move|p2a: Excadrill|Iron Head|p1a: Garganacl
|-supereffective|p1a: Garganacl
|-damage|p1a: Garganacl|0 fnt
|faint|p1a: Garganacl
|
|-weather|Sandstorm|[upkeep]
|upkeep
|
|t:|1776034700
|switch|p1a: Dondozo|Dondozo, F|100/100
|turn|8
|c|☆Orosu1922|Yo😭
|inactive|Orosu1922 has 120 seconds left.
|c|☆Orosu1922|This dude went tera fairy into excadrill
|c|☆Orosu1922|I’m actually crying u might be the worst stall player ever
|
|t:|1776034741
|switch|p2a: Primarina|Primarina, F|100/100
|move|p1a: Dondozo|Curse|p1a: Dondozo
|-unboost|p1a: Dondozo|spe|1
|-boost|p1a: Dondozo|atk|1
|-boost|p1a: Dondozo|def|1
|
|-weather|none
|upkeep
|turn|9
|
|t:|1776034748
|move|p2a: Primarina|Draining Kiss|p1a: Dondozo
|-damage|p1a: Dondozo|80/100
|move|p1a: Dondozo|Curse|p1a: Dondozo
|-unboost|p1a: Dondozo|spe|1
|-boost|p1a: Dondozo|atk|1
|-boost|p1a: Dondozo|def|1
|
|-heal|p1a: Dondozo|86/100|[from] item: Leftovers
|upkeep
|turn|10
|
|t:|1776034757
|move|p2a: Primarina|Draining Kiss|p1a: Dondozo
|-damage|p1a: Dondozo|64/100
|move|p1a: Dondozo|Curse|p1a: Dondozo
|-unboost|p1a: Dondozo|spe|1
|-boost|p1a: Dondozo|atk|1
|-boost|p1a: Dondozo|def|1
|
|-heal|p1a: Dondozo|71/100|[from] item: Leftovers
|upkeep
|turn|11
|
|t:|1776034765
|switch|p2a: Zamazenta|Zamazenta|100/100
|-ability|p2a: Zamazenta|Dauntless Shield|boost
|-boost|p2a: Zamazenta|def|1
|move|p1a: Dondozo|Curse|p1a: Dondozo
|-unboost|p1a: Dondozo|spe|1
|-boost|p1a: Dondozo|atk|1
|-boost|p1a: Dondozo|def|1
|
|-heal|p1a: Dondozo|77/100|[from] item: Leftovers
|upkeep
|turn|12
|
|t:|1776034774
|move|p1a: Dondozo|Curse|p1a: Dondozo
|-unboost|p1a: Dondozo|spe|1
|-boost|p1a: Dondozo|atk|1
|-boost|p1a: Dondozo|def|1
|move|p2a: Zamazenta|Roar|p1a: Dondozo
|drag|p1a: Gliscor|Gliscor, F|41/100
|
|upkeep
|turn|13
|inactive|Orosu1922 has 120 seconds left.
|
|t:|1776034790
|switch|p2a: Tyranitar|Tyranitar, M|63/100 tox
|-weather|Sandstorm|[from] ability: Sand Stream|[of] p2a: Tyranitar
|move|p1a: Gliscor|Toxic|p2a: Tyranitar
|-fail|p2a: Tyranitar|tox
|
|-weather|Sandstorm|[upkeep]
|-damage|p2a: Tyranitar|57/100 tox|[from] psn
|upkeep
|turn|14
|
|t:|1776034798
|move|p1a: Gliscor|Protect|p1a: Gliscor
|-singleturn|p1a: Gliscor|Protect
|move|p2a: Tyranitar|Stealth Rock|p1a: Gliscor
|-sidestart|p1: exosc2|move: Stealth Rock
|
|-weather|Sandstorm|[upkeep]
|-damage|p2a: Tyranitar|45/100 tox|[from] psn
|upkeep
|turn|15
|
|t:|1776034805
|move|p1a: Gliscor|Substitute|p1a: Gliscor
|-start|p1a: Gliscor|Substitute
|-damage|p1a: Gliscor|16/100
|move|p2a: Tyranitar|Ice Beam|p1a: Gliscor
|-supereffective|p1a: Gliscor
|-end|p1a: Gliscor|Substitute
|
|-weather|Sandstorm|[upkeep]
|-damage|p2a: Tyranitar|26/100 tox|[from] psn
|upkeep
|turn|16
|
|t:|1776034814
|switch|p2a: Excadrill|Excadrill, M|100/100
|-item|p2a: Excadrill|Air Balloon
|move|p1a: Gliscor|Toxic|p2a: Excadrill
|-immune|p2a: Excadrill
|
|-weather|Sandstorm|[upkeep]
|upkeep
|turn|17
|
|t:|1776034828
|switch|p1a: Dondozo|Dondozo, F|77/100
|-damage|p1a: Dondozo|64/100|[from] Stealth Rock
|move|p2a: Excadrill|Rapid Spin|p1a: Dondozo
|-damage|p1a: Dondozo|56/100
|-boost|p2a: Excadrill|spe|1
|
|-weather|Sandstorm|[upkeep]
|-damage|p1a: Dondozo|50/100|[from] Sandstorm
|-heal|p1a: Dondozo|56/100|[from] item: Leftovers
|upkeep
|turn|18
|inactive|Orosu1922 has 120 seconds left.
|
|t:|1776034866
|switch|p2a: Ogerpon|Ogerpon-Wellspring, F|100/100
|move|p1a: Dondozo|Rest|p1a: Dondozo
|-status|p1a: Dondozo|slp|[from] move: Rest
|-heal|p1a: Dondozo|100/100 slp|[silent]
|
|-weather|Sandstorm|[upkeep]
|-damage|p2a: Ogerpon|95/100|[from] Sandstorm
|-damage|p1a: Dondozo|94/100 slp|[from] Sandstorm
|-heal|p1a: Dondozo|100/100 slp|[from] item: Leftovers
|upkeep
|turn|19
|
|t:|1776034875
|switch|p1a: Shaymin|Shaymin|100/100
|-damage|p1a: Shaymin|88/100|[from] Stealth Rock
|move|p2a: Ogerpon|Knock Off|p1a: Shaymin
|-damage|p1a: Shaymin|56/100
|-enditem|p1a: Shaymin|Leftovers|[from] move: Knock Off|[of] p2a: Ogerpon
|
|-weather|Sandstorm|[upkeep]
|-damage|p2a: Ogerpon|89/100|[from] Sandstorm
|-damage|p1a: Shaymin|49/100|[from] Sandstorm
|upkeep
|turn|20
|inactive|Orosu1922 has 120 seconds left.
|
|t:|1776034890
|switch|p2a: Moltres|Moltres|100/100
|move|p1a: Shaymin|Protect||[still]
|-fail|p1a: Shaymin
|
|-weather|none
|upkeep
|turn|21
|inactive|Orosu1922 has 120 seconds left.
|
|t:|1776034898
|move|p1a: Shaymin|Protect|p1a: Shaymin
|-singleturn|p1a: Shaymin|Protect
|move|p2a: Moltres|Will-O-Wisp|p1a: Shaymin
|-activate|p1a: Shaymin|move: Protect
|
|upkeep
|turn|22
|
|t:|1776034905
|move|p1a: Shaymin|Substitute|p1a: Shaymin
|-start|p1a: Shaymin|Substitute
|-damage|p1a: Shaymin|25/100
|move|p2a: Moltres|U-turn|p1a: Shaymin
|-supereffective|p1a: Shaymin
|-crit|p1a: Shaymin
|-end|p1a: Shaymin|Substitute
|inactive|Orosu1922 has 120 seconds left.
|
|t:|1776034920
|switch|p2a: Ogerpon|Ogerpon-Wellspring, F|89/100|[from] U-turn
|
|upkeep
|turn|23
|
|t:|1776034930
|switch|p1a: Corviknight|Corviknight, M|100/100
|-damage|p1a: Corviknight|88/100|[from] Stealth Rock
|-ability|p1a: Corviknight|Pressure
|move|p2a: Ogerpon|U-turn|p1a: Corviknight
|-resisted|p1a: Corviknight
|-damage|p1a: Corviknight|84/100
|-damage|p2a: Ogerpon|72/100|[from] item: Rocky Helmet|[of] p1a: Corviknight
|
|t:|1776034942
|switch|p2a: Moltres|Moltres|100/100|[from] U-turn
|
|upkeep
|turn|24
|
|t:|1776034951
|move|p2a: Moltres|Flamethrower|p1a: Corviknight
|-supereffective|p1a: Corviknight
|-damage|p1a: Corviknight|12/100
|move|p1a: Corviknight|Defog|p2a: Moltres
|-unboost|p2a: Moltres|evasion|1
|-sideend|p1: exosc2|Stealth Rock|[from] move: Defog|[of] p1a: Corviknight
|
|upkeep
|turn|25
|
|t:|1776034961
|switch|p1a: Dondozo|Dondozo, F|100/100 slp
|move|p2a: Moltres|Flamethrower|p1a: Dondozo
|-resisted|p1a: Dondozo
|-damage|p1a: Dondozo|82/100 slp
|
|-heal|p1a: Dondozo|89/100 slp|[from] item: Leftovers
|upkeep
|turn|26
|
|t:|1776034971
|move|p2a: Moltres|U-turn|p1a: Dondozo
|-damage|p1a: Dondozo|82/100 slp
|
|t:|1776034974
|switch|p2a: Primarina|Primarina, F|100/100|[from] U-turn
|cant|p1a: Dondozo|slp
|move|p1a: Dondozo|Sleep Talk|p1a: Dondozo
|move|p1a: Dondozo|Liquidation|p2a: Primarina|[from] move: Sleep Talk
|-resisted|p2a: Primarina
|-damage|p2a: Primarina|88/100
|
|-heal|p1a: Dondozo|88/100 slp|[from] item: Leftovers
|upkeep
|turn|27
|
|t:|1776034983
|move|p2a: Primarina|Psychic Noise|p1a: Dondozo
|-resisted|p1a: Dondozo
|-damage|p1a: Dondozo|73/100 slp
|-start|p1a: Dondozo|move: Heal Block
|-enditem|p2a: Primarina|Throat Spray
|-boost|p2a: Primarina|spa|1|[from] item: Throat Spray
|cant|p1a: Dondozo|slp
|move|p1a: Dondozo|Sleep Talk|p1a: Dondozo
|move|p1a: Dondozo|Liquidation|p2a: Primarina|[from] move: Sleep Talk
|-resisted|p2a: Primarina
|-damage|p2a: Primarina|76/100
|
|upkeep
|turn|28
|
|t:|1776034996
|move|p2a: Primarina|Calm Mind|p2a: Primarina
|-boost|p2a: Primarina|spa|1
|-boost|p2a: Primarina|spd|1
|-curestatus|p1a: Dondozo|slp|[msg]
|move|p1a: Dondozo|Curse|p1a: Dondozo
|-unboost|p1a: Dondozo|spe|1
|-boost|p1a: Dondozo|atk|1
|-boost|p1a: Dondozo|def|1
|
|-end|p1a: Dondozo|move: Heal Block
|upkeep
|turn|29
|
|t:|1776035009
|move|p2a: Primarina|Draining Kiss|p1a: Dondozo
|-damage|p1a: Dondozo|53/100
|-heal|p2a: Primarina|97/100|[from] drain|[of] p1a: Dondozo
|move|p1a: Dondozo|Curse|p1a: Dondozo
|-unboost|p1a: Dondozo|spe|1
|-boost|p1a: Dondozo|atk|1
|-boost|p1a: Dondozo|def|1
|
|-heal|p1a: Dondozo|59/100|[from] item: Leftovers
|upkeep
|turn|30
|
|t:|1776035018
|move|p2a: Primarina|Draining Kiss|p1a: Dondozo
|-damage|p1a: Dondozo|39/100
|-heal|p2a: Primarina|100/100|[from] drain|[of] p1a: Dondozo
|move|p1a: Dondozo|Curse|p1a: Dondozo
|-unboost|p1a: Dondozo|spe|1
|-boost|p1a: Dondozo|atk|1
|-boost|p1a: Dondozo|def|1
|
|-heal|p1a: Dondozo|45/100|[from] item: Leftovers
|upkeep
|turn|31
|
|t:|1776035027
|move|p2a: Primarina|Psychic Noise|p1a: Dondozo
|-resisted|p1a: Dondozo
|-damage|p1a: Dondozo|28/100
|-start|p1a: Dondozo|move: Heal Block
|cant|p1a: Dondozo|move: Heal Block|Rest
|
|upkeep
|turn|32
|
|t:|1776035043
|move|p2a: Primarina|Calm Mind|p2a: Primarina
|-boost|p2a: Primarina|spa|1
|-boost|p2a: Primarina|spd|1
|move|p1a: Dondozo|Liquidation|p2a: Primarina
|-resisted|p2a: Primarina
|-damage|p2a: Primarina|71/100
|
|-end|p1a: Dondozo|move: Heal Block
|upkeep
|turn|33
|
|t:|1776035053
|move|p2a: Primarina|Psychic Noise|p1a: Dondozo
|-resisted|p1a: Dondozo
|-damage|p1a: Dondozo|12/100
|-start|p1a: Dondozo|move: Heal Block
|move|p1a: Dondozo|Liquidation|p2a: Primarina
|-resisted|p2a: Primarina
|-damage|p2a: Primarina|41/100
|
|upkeep
|turn|34
|
|t:|1776035066
|switch|p1a: Shaymin|Shaymin|25/100
|move|p2a: Primarina|Draining Kiss|p1a: Shaymin
|-damage|p1a: Shaymin|0 fnt
|-heal|p2a: Primarina|61/100|[from] drain|[of] p1a: Shaymin
|faint|p1a: Shaymin
|
|upkeep
|
|t:|1776035073
|switch|p1a: Clodsire|Clodsire, F|100/100
|turn|35
|
|t:|1776035087
|switch|p2a: Moltres|Moltres|100/100
|move|p1a: Clodsire|Stealth Rock|p2a: Moltres
|-sidestart|p2: Orosu1922|move: Stealth Rock
|
|upkeep
|turn|36
|
|t:|1776035096
|move|p2a: Moltres|U-turn|p1a: Clodsire
|-resisted|p1a: Clodsire
|-damage|p1a: Clodsire|92/100
|
|t:|1776035098
|switch|p2a: Tyranitar|Tyranitar, M|26/100 tox|[from] U-turn
|-damage|p2a: Tyranitar|14/100 tox|[from] Stealth Rock
|-weather|Sandstorm|[from] ability: Sand Stream|[of] p2a: Tyranitar
|move|p1a: Clodsire|Toxic|p2a: Tyranitar
|-fail|p2a: Tyranitar|tox
|
|-weather|Sandstorm|[upkeep]
|-heal|p1a: Clodsire|98/100|[from] item: Leftovers
|-damage|p2a: Tyranitar|8/100 tox|[from] psn
|upkeep
|turn|37
|
|t:|1776035110
|move|p2a: Tyranitar|Ice Beam|p1a: Clodsire
|-supereffective|p1a: Clodsire
|-damage|p1a: Clodsire|79/100
|move|p1a: Clodsire|High Horsepower|p2a: Tyranitar
|-supereffective|p2a: Tyranitar
|-damage|p2a: Tyranitar|0 fnt
|faint|p2a: Tyranitar
|
|-weather|Sandstorm|[upkeep]
|-heal|p1a: Clodsire|85/100|[from] item: Leftovers
|upkeep
|
|t:|1776035119
|switch|p2a: Excadrill|Excadrill, M|100/100
|-damage|p2a: Excadrill|97/100|[from] Stealth Rock
|-item|p2a: Excadrill|Air Balloon
|turn|38
|
|t:|1776035147
|-terastallize|p2a: Excadrill|Ice
|move|p2a: Excadrill|Tera Blast|p1a: Clodsire|[anim] Tera Blast Ice
|-supereffective|p1a: Clodsire
|-damage|p1a: Clodsire|0 fnt
|faint|p1a: Clodsire
|
|-weather|Sandstorm|[upkeep]
|upkeep
|
|t:|1776035157
|switch|p1a: Dondozo|Dondozo, F|12/100
|turn|39
|
|t:|1776035162
|move|p2a: Excadrill|Earthquake|p1a: Dondozo
|-damage|p1a: Dondozo|0 fnt
|faint|p1a: Dondozo
|
|-weather|Sandstorm|[upkeep]
|upkeep
|
|t:|1776035168
|switch|p1a: Corviknight|Corviknight, M|12/100
|-ability|p1a: Corviknight|Pressure
|turn|40
|
|t:|1776035175
|move|p2a: Excadrill|Iron Head|p1a: Corviknight
|-resisted|p1a: Corviknight
|-damage|p1a: Corviknight|0 fnt
|-damage|p2a: Excadrill|81/100|[from] item: Rocky Helmet|[of] p1a: Corviknight
|faint|p1a: Corviknight
|
|-weather|Sandstorm|[upkeep]
|upkeep
|
|t:|1776035181
|switch|p1a: Gliscor|Gliscor, F|16/100
|turn|41
|
|t:|1776035185
|move|p1a: Gliscor|Protect|p1a: Gliscor
|-singleturn|p1a: Gliscor|Protect
|move|p2a: Excadrill|Tera Blast|p1a: Gliscor|[anim] Tera Blast Ice
|-activate|p1a: Gliscor|move: Protect
|
|-weather|Sandstorm|[upkeep]
|upkeep
|turn|42
|
|t:|1776035193
|move|p1a: Gliscor|Protect||[still]
|-fail|p1a: Gliscor
|move|p2a: Excadrill|Tera Blast|p1a: Gliscor|[anim] Tera Blast Ice
|-supereffective|p1a: Gliscor
|-damage|p1a: Gliscor|0 fnt
|faint|p1a: Gliscor
|
|win|Orosu1922
|raw|exosc2's rating: 1091 &rarr; <strong>1070</strong><br />(-21 for losing)
|raw|Orosu1922's rating: 1137 &rarr; <strong>1159</strong><br />(+22 for winning)
|c|☆Orosu1922|Never run stall again ur butt
|l|☆exosc2
|player|p1|
|c|☆Orosu1922|gg
