|html|<div class="broadcast-blue"><strong>[Gen 9] OU is currently suspecting Volcarona! For information on how to participate check out the <a href="https://www.smogon.com/tools/suspects/view/208">suspect thread</a>.</strong></div>
|j|☆cometeestax2
|j|☆areddy6umd.edu
|t:|1778504238
|gametype|singles
|player|p1|cometeestax2|cyclist-gen4|1159
|player|p2|areddy6umd.edu|drayden|1104
|gen|9
|tier|[Gen 9] OU
|rated|
|rule|HP Percentage Mod: HP is shown in percentages
|rule|Endless Battle Clause: Forcing endless battles is banned
|rule|Species Clause: Limit one of each Pokémon
|rule|OHKO Clause: OHKO moves are banned
|rule|Evasion Items Clause: Evasion items are banned
|rule|Evasion Moves Clause: Evasion moves are banned
|rule|Evasion Abilities Clause: Evasion abilities are banned
|rule|Sleep Moves Clause: Sleep-inducing moves are banned
|clearpoke
|poke|p1|Toxicroak, F|
|poke|p1|Gliscor, M|
|poke|p1|Blissey, F|
|poke|p1|Scizor, F|
|poke|p1|Azelf|
|poke|p1|Dragapult, M|
|poke|p2|Feraligatr, M|
|poke|p2|Charizard, M|
|poke|p2|Sceptile, M|
|poke|p2|Tyranitar, M|
|poke|p2|Dragapult, M|
|poke|p2|Metagross|
|teampreview
|inactive|Battle timer is ON: inactive players will automatically lose when time's up. (requested by cometeestax2)
|
|t:|1778504247
|teamsize|p1|6
|teamsize|p2|6
|start
|switch|p1a: Scizor|Scizor, F, shiny|100/100
|switch|p2a: Tyranitar|Tyranitar, M|100/100
|-weather|Sandstorm|[from] ability: Sand Stream|[of] p2a: Tyranitar
|turn|1
|
|t:|1778504255
|move|p1a: Scizor|Swords Dance|p1a: Scizor
|-boost|p1a: Scizor|atk|2
|move|p2a: Tyranitar|Earthquake|p1a: Scizor
|-damage|p1a: Scizor|64/100
|
|-weather|Sandstorm|[upkeep]
|upkeep
|turn|2
|
|t:|1778504264
|move|p1a: Scizor|Bullet Punch|p2a: Tyranitar
|-supereffective|p2a: Tyranitar
|-damage|p2a: Tyranitar|0 fnt
|faint|p2a: Tyranitar
|-damage|p1a: Scizor|55/100|[from] item: Life Orb
|
|-weather|Sandstorm|[upkeep]
|upkeep
|
|t:|1778504272
|switch|p2a: Charizard|Charizard, M|100/100
|turn|3
|
|t:|1778504277
|-terastallize|p1a: Scizor|Fighting
|move|p2a: Charizard|Flamethrower|p1a: Scizor
|-damage|p1a: Scizor|4/100
|move|p1a: Scizor|Knock Off|p2a: Charizard
|-damage|p2a: Charizard|0 fnt
|-enditem|p2a: Charizard|Heavy-Duty Boots|[from] move: Knock Off|[of] p1a: Scizor
|faint|p2a: Charizard
|-damage|p1a: Scizor|0 fnt|[from] item: Life Orb
|faint|p1a: Scizor
|
|-weather|Sandstorm|[upkeep]
|upkeep
|
|t:|1778504300
|switch|p2a: Feraligatr|Feraligatr, M|100/100
|switch|p1a: Azelf|Azelf, shiny|100/100
|turn|4
|
|t:|1778504305
|move|p1a: Azelf|Trick|p2a: Feraligatr
|-activate|p1a: Azelf|move: Trick|[of] p2a: Feraligatr
|-item|p2a: Feraligatr|Choice Scarf|[from] move: Trick
|-item|p1a: Azelf|Leftovers|[from] move: Trick
|move|p2a: Feraligatr|Crunch|p1a: Azelf
|-supereffective|p1a: Azelf
|-damage|p1a: Azelf|0 fnt
|faint|p1a: Azelf
|
|-weather|Sandstorm|[upkeep]
|-damage|p2a: Feraligatr|94/100|[from] Sandstorm
|upkeep
|
|t:|1778504316
|switch|p1a: Toxicroak|Toxicroak, F, shiny|100/100
|turn|5
|
|t:|1778504321
|switch|p2a: Metagross|Metagross|100/100
|move|p1a: Toxicroak|Swords Dance|p1a: Toxicroak
|-boost|p1a: Toxicroak|atk|2
|
|-weather|none
|upkeep
|turn|6
|
|t:|1778504329
|move|p1a: Toxicroak|Earthquake|p2a: Metagross
|-supereffective|p2a: Metagross
|-damage|p2a: Metagross|0 fnt
|faint|p2a: Metagross
|-damage|p1a: Toxicroak|91/100|[from] item: Life Orb
|
|upkeep
|
|t:|1778504335
|switch|p2a: Dragapult|Dragapult, M|100/100
|turn|7
|
|t:|1778504342
|move|p1a: Toxicroak|Sucker Punch|p2a: Dragapult
|-supereffective|p2a: Dragapult
|-damage|p2a: Dragapult|0 fnt
|faint|p2a: Dragapult
|-damage|p1a: Toxicroak|81/100|[from] item: Life Orb
|
|upkeep
|
|t:|1778504351
|switch|p2a: Feraligatr|Feraligatr, M|94/100
|turn|8
|
|t:|1778504361
|move|p2a: Feraligatr|Liquidation|p1a: Toxicroak
|-damage|p1a: Toxicroak|0 fnt
|faint|p1a: Toxicroak
|
|upkeep
|
|t:|1778504366
|switch|p1a: Dragapult|Dragapult, M, shiny|100/100
|turn|9
|
|t:|1778504370
|move|p1a: Dragapult|Will-O-Wisp|p2a: Feraligatr|[miss]
|-miss|p1a: Dragapult|p2a: Feraligatr
|move|p2a: Feraligatr|Liquidation|p1a: Dragapult
|-resisted|p1a: Dragapult
|-damage|p1a: Dragapult|69/100
|
|-heal|p1a: Dragapult|75/100|[from] item: Leftovers
|upkeep
|turn|10
|
|t:|1778504383
|move|p1a: Dragapult|Substitute|p1a: Dragapult
|-start|p1a: Dragapult|Substitute
|-damage|p1a: Dragapult|50/100
|move|p2a: Feraligatr|Liquidation|p1a: Dragapult
|-resisted|p1a: Dragapult
|-crit|p1a: Dragapult
|-end|p1a: Dragapult|Substitute
|
|-heal|p1a: Dragapult|56/100|[from] item: Leftovers
|upkeep
|turn|11
|
|t:|1778504393
|move|p1a: Dragapult|Will-O-Wisp|p2a: Feraligatr
|-status|p2a: Feraligatr|brn
|move|p2a: Feraligatr|Liquidation|p1a: Dragapult
|-resisted|p1a: Dragapult
|-damage|p1a: Dragapult|40/100
|
|-heal|p1a: Dragapult|46/100|[from] item: Leftovers
|-damage|p2a: Feraligatr|88/100 brn|[from] brn
|upkeep
|turn|12
|
|t:|1778504403
|switch|p2a: Sceptile|Sceptile, M|100/100
|move|p1a: Dragapult|Hex|p2a: Sceptile
|-damage|p2a: Sceptile|68/100
|
|-heal|p1a: Dragapult|52/100|[from] item: Leftovers
|-heal|p2a: Sceptile|75/100|[from] item: Leftovers
|upkeep
|turn|13
|
|t:|1778504413
|move|p1a: Dragapult|Will-O-Wisp|p2a: Sceptile
|-status|p2a: Sceptile|brn
|move|p2a: Sceptile|Dragon Pulse|p1a: Dragapult
|-supereffective|p1a: Dragapult
|-damage|p1a: Dragapult|0 fnt
|faint|p1a: Dragapult
|
|-heal|p2a: Sceptile|81/100 brn|[from] item: Leftovers
|-damage|p2a: Sceptile|75/100 brn|[from] brn
|upkeep
|
|t:|1778504424
|switch|p1a: Blissey|Blissey, F, shiny|100/100
|turn|14
|
|t:|1778504429
|move|p2a: Sceptile|Leech Seed|p1a: Blissey
|-start|p1a: Blissey|move: Leech Seed
|move|p1a: Blissey|Seismic Toss|p2a: Sceptile
|-damage|p2a: Sceptile|39/100 brn
|
|-heal|p2a: Sceptile|45/100 brn|[from] item: Leftovers
|-damage|p1a: Blissey|88/100|[from] Leech Seed|[of] p2a: Sceptile
|-heal|p2a: Sceptile|77/100 brn|[silent]
|-damage|p2a: Sceptile|71/100 brn|[from] brn
|upkeep
|turn|15
|
|t:|1778504440
|switch|p1a: Gliscor|Gliscor, M, shiny|100/100
|move|p2a: Sceptile|Giga Drain|p1a: Gliscor
|-damage|p1a: Gliscor|47/100
|-heal|p2a: Sceptile|98/100 brn|[from] drain|[of] p1a: Gliscor
|
|-heal|p2a: Sceptile|100/100 brn|[from] item: Leftovers
|-damage|p2a: Sceptile|94/100 brn|[from] brn
|-status|p1a: Gliscor|tox|[from] item: Toxic Orb
|upkeep
|turn|16
|
|t:|1778504452
|move|p2a: Sceptile|Giga Drain|p1a: Gliscor
|-damage|p1a: Gliscor|0 fnt
|-heal|p2a: Sceptile|100/100 brn|[from] drain|[of] p1a: Gliscor
|faint|p1a: Gliscor
|
|-damage|p2a: Sceptile|94/100 brn|[from] brn
|upkeep
|
|t:|1778504460
|switch|p1a: Blissey|Blissey, F, shiny|88/100
|turn|17
|
|t:|1778504465
|move|p2a: Sceptile|Leech Seed|p1a: Blissey
|-start|p1a: Blissey|move: Leech Seed
|move|p1a: Blissey|Seismic Toss|p2a: Sceptile
|-damage|p2a: Sceptile|59/100 brn
|
|-heal|p2a: Sceptile|65/100 brn|[from] item: Leftovers
|-heal|p1a: Blissey|94/100|[from] item: Leftovers
|-damage|p1a: Blissey|82/100|[from] Leech Seed|[of] p2a: Sceptile
|-heal|p2a: Sceptile|97/100 brn|[silent]
|-damage|p2a: Sceptile|91/100 brn|[from] brn
|upkeep
|turn|18
|
|t:|1778504476
|move|p2a: Sceptile|Focus Blast|p1a: Blissey
|-supereffective|p1a: Blissey
|-damage|p1a: Blissey|51/100
|move|p1a: Blissey|Seismic Toss|p2a: Sceptile
|-damage|p2a: Sceptile|55/100 brn
|
|-heal|p2a: Sceptile|61/100 brn|[from] item: Leftovers
|-heal|p1a: Blissey|58/100|[from] item: Leftovers
|-damage|p1a: Blissey|45/100|[from] Leech Seed|[of] p2a: Sceptile
|-heal|p2a: Sceptile|93/100 brn|[silent]
|-damage|p2a: Sceptile|87/100 brn|[from] brn
|upkeep
|turn|19
|-message|cometeestax2 forfeited.
|
|win|areddy6umd.edu
|raw|cometeestax2's rating: 1159 &rarr; <strong>1130</strong><br />(-29 for losing)
|raw|areddy6umd.edu's rating: 1104 &rarr; <strong>1133</strong><br />(+29 for winning)
|l|☆cometeestax2
|player|p1|
|l|☆areddy6umd.edu
|player|p2|
