|html|<div class="broadcast-blue"><strong>[Gen 9] OU is currently suspecting Tera Blast! For information on how to participate check out the <a href="https://www.smogon.com/tools/suspects/view/200">suspect thread</a>.</strong></div>
|j|☆TheMutanabbi
|j|☆Cheeyz13
|t:|1776102258
|gametype|singles
|player|p1|TheMutanabbi|lucas|1442
|player|p2|Cheeyz13|2|1405
|gen|9
|tier|[Gen 9] OU
|rated|
|rule|HP Percentage Mod: HP is shown in percentages
|rule|Endless Battle Clause: Forcing endless battles is banned
|rule|Species Clause: Limit one of each Pokémon
|rule|OHKO Clause: OHKO moves are banned
|rule|Evasion Items Clause: Evasion items are banned
|rule|Evasion Moves Clause: Evasion moves are banned
|rule|Evasion Abilities Clause: Evasion abilities are banned
|rule|Sleep Moves Clause: Sleep-inducing moves are banned
|clearpoke
|poke|p1|Arcanine-Hisui, F|
|poke|p1|Slowking-Galar, F|
|poke|p1|Corviknight, F|
|poke|p1|Primarina, F|
|poke|p1|Meowscarada, F|
|poke|p1|Great Tusk|
|poke|p2|Spidops, F|
|poke|p2|Alomomola, F|
|poke|p2|Hydreigon, M|
|poke|p2|Clodsire, F|
|poke|p2|Gholdengo|
|poke|p2|Great Tusk|
|teampreview
|
|t:|1776102271
|teamsize|p1|6
|teamsize|p2|6
|start
|switch|p1a: Arcanine|Arcanine-Hisui, F|100/100
|switch|p2a: Spidops|Spidops, F|100/100
|turn|1
|inactive|Battle timer is ON: inactive players will automatically lose when time's up. (requested by Cheeyz13)
|
|t:|1776102284
|switch|p2a: Alomomola|Alomomola, F|100/100
|move|p1a: Arcanine|Flare Blitz|p2a: Alomomola
|-resisted|p2a: Alomomola
|-damage|p2a: Alomomola|78/100
|-damage|p1a: Arcanine|84/100|[from] item: Rocky Helmet|[of] p2a: Alomomola
|
|upkeep
|turn|2
|
|t:|1776102293
|switch|p1a: Primarina|Primarina, F|100/100
|move|p2a: Alomomola|Flip Turn|p1a: Primarina
|-resisted|p1a: Primarina
|-damage|p1a: Primarina|89/100
|
|t:|1776102301
|switch|p2a: Gholdengo|Gholdengo|100/100|[from] Flip Turn
|
|upkeep
|turn|3
|
|t:|1776102310
|move|p2a: Gholdengo|Trick|p1a: Primarina
|-activate|p2a: Gholdengo|move: Trick|[of] p1a: Primarina
|-item|p1a: Primarina|Choice Scarf|[from] move: Trick
|-item|p2a: Gholdengo|Assault Vest|[from] move: Trick
|move|p1a: Primarina|Surf|p2a: Gholdengo
|-damage|p2a: Gholdengo|60/100
|
|upkeep
|turn|4
|
|t:|1776102326
|switch|p2a: Alomomola|Alomomola, F|100/100
|move|p1a: Primarina|Surf|p2a: Alomomola
|-resisted|p2a: Alomomola
|-crit|p2a: Alomomola
|-damage|p2a: Alomomola|53/100
|
|upkeep
|turn|5
|
|t:|1776102331
|switch|p1a: Meowscarada|Meowscarada, F|100/100
|move|p2a: Alomomola|Wish|p2a: Alomomola
|
|upkeep
|turn|6
|
|t:|1776102335
|switch|p2a: Spidops|Spidops, F|100/100
|move|p1a: Meowscarada|U-turn|p2a: Spidops
|-start|p1a: Meowscarada|typechange|Bug|[from] ability: Protean
|-damage|p2a: Spidops|65/100
|
|t:|1776102341
|switch|p1a: Arcanine|Arcanine-Hisui, F|84/100|[from] U-turn
|
|-heal|p2a: Spidops|100/100|[from] move: Wish|[wisher] Alomomola
|upkeep
|turn|7
|
|t:|1776102349
|switch|p2a: Alomomola|Alomomola, F|86/100
|move|p1a: Arcanine|Flare Blitz|p2a: Alomomola
|-resisted|p2a: Alomomola
|-damage|p2a: Alomomola|63/100
|-damage|p1a: Arcanine|67/100|[from] item: Rocky Helmet|[of] p2a: Alomomola
|
|upkeep
|turn|8
|
|t:|1776102355
|switch|p1a: Primarina|Primarina, F|89/100
|move|p2a: Alomomola|Wish|p2a: Alomomola
|
|upkeep
|turn|9
|
|t:|1776102364
|move|p1a: Primarina|Flip Turn|p2a: Alomomola
|-resisted|p2a: Alomomola
|-crit|p2a: Alomomola
|-damage|p2a: Alomomola|58/100
|-damage|p1a: Primarina|73/100|[from] item: Rocky Helmet|[of] p2a: Alomomola
|
|t:|1776102369
|switch|p1a: Meowscarada|Meowscarada, F|100/100|[from] Flip Turn
|move|p2a: Alomomola|Flip Turn|p1a: Meowscarada
|-resisted|p1a: Meowscarada
|-damage|p1a: Meowscarada|88/100
|
|t:|1776102374
|switch|p2a: Spidops|Spidops, F|100/100|[from] Flip Turn
|
|upkeep
|turn|10
|
|t:|1776102378
|move|p2a: Spidops|First Impression|p1a: Meowscarada
|-supereffective|p1a: Meowscarada
|-damage|p1a: Meowscarada|0 fnt
|faint|p1a: Meowscarada
|
|upkeep
|
|t:|1776102382
|switch|p1a: Arcanine|Arcanine-Hisui, F|67/100
|turn|11
|
|t:|1776102389
|switch|p2a: Alomomola|Alomomola, F|91/100
|move|p1a: Arcanine|Head Smash|p2a: Alomomola
|-damage|p2a: Alomomola|37/100
|-damage|p1a: Arcanine|51/100|[from] item: Rocky Helmet|[of] p2a: Alomomola
|
|upkeep
|turn|12
|
|t:|1776102395
|switch|p2a: Great Tusk|Great Tusk|100/100
|-enditem|p2a: Great Tusk|Booster Energy
|-activate|p2a: Great Tusk|ability: Protosynthesis|[fromitem]
|-start|p2a: Great Tusk|protosynthesisatk
|move|p1a: Arcanine|Head Smash|p2a: Great Tusk|[miss]
|-miss|p1a: Arcanine|p2a: Great Tusk
|
|upkeep
|turn|13
|
|t:|1776102402
|switch|p1a: Corviknight|Corviknight, F|100/100
|-ability|p1a: Corviknight|Pressure
|move|p2a: Great Tusk|Rapid Spin|p1a: Corviknight
|-resisted|p1a: Corviknight
|-damage|p1a: Corviknight|94/100
|-boost|p2a: Great Tusk|spe|1
|-damage|p2a: Great Tusk|84/100|[from] item: Rocky Helmet|[of] p1a: Corviknight
|
|upkeep
|turn|14
|
|t:|1776102428
|-terastallize|p2a: Great Tusk|Fire
|move|p2a: Great Tusk|Temper Flare|p1a: Corviknight
|-supereffective|p1a: Corviknight
|-damage|p1a: Corviknight|35/100
|-damage|p2a: Great Tusk|68/100|[from] item: Rocky Helmet|[of] p1a: Corviknight
|move|p1a: Corviknight|U-turn|p2a: Great Tusk
|-resisted|p2a: Great Tusk
|-damage|p2a: Great Tusk|62/100
|
|t:|1776102435
|switch|p1a: Primarina|Primarina, F|73/100|[from] U-turn
|
|upkeep
|turn|15
|
|t:|1776102439
|move|p2a: Great Tusk|Headlong Rush|p1a: Primarina
|-damage|p1a: Primarina|0 fnt
|-unboost|p2a: Great Tusk|def|1
|-unboost|p2a: Great Tusk|spd|1
|faint|p1a: Primarina
|
|upkeep
|
|t:|1776102453
|switch|p1a: Great Tusk|Great Tusk|100/100
|turn|16
|
|t:|1776102469
|-end|p2a: Great Tusk|Protosynthesis|[silent]
|switch|p2a: Hydreigon|Hydreigon, M|100/100
|move|p1a: Great Tusk|Headlong Rush|p2a: Hydreigon
|-immune|p2a: Hydreigon|[from] ability: Levitate
|
|upkeep
|turn|17
|
|t:|1776102478
|-end|p1a: Great Tusk|Protosynthesis|[silent]
|switch|p1a: Corviknight|Corviknight, F|35/100
|-ability|p1a: Corviknight|Pressure
|move|p2a: Hydreigon|Draco Meteor|p1a: Corviknight|[miss]
|-miss|p2a: Hydreigon|p1a: Corviknight
|
|upkeep
|turn|18
|
|t:|1776102484
|move|p2a: Hydreigon|Draco Meteor|p1a: Corviknight
|-resisted|p1a: Corviknight
|-crit|p1a: Corviknight
|-damage|p1a: Corviknight|0 fnt
|-unboost|p2a: Hydreigon|spa|2
|faint|p1a: Corviknight
|
|upkeep
|
|t:|1776102492
|switch|p1a: Arcanine|Arcanine-Hisui, F|51/100
|turn|19
|
|t:|1776102500
|switch|p2a: Alomomola|Alomomola, F|70/100
|move|p1a: Arcanine|Close Combat|p2a: Alomomola
|-damage|p2a: Alomomola|40/100
|-unboost|p1a: Arcanine|def|1
|-unboost|p1a: Arcanine|spd|1
|-damage|p1a: Arcanine|34/100|[from] item: Rocky Helmet|[of] p2a: Alomomola
|
|upkeep
|turn|20
|
|t:|1776102513
|switch|p1a: Slowking|Slowking-Galar, F|100/100
|move|p2a: Alomomola|Wish|p2a: Alomomola
|
|upkeep
|turn|21
|
|t:|1776102517
|move|p2a: Alomomola|Flip Turn|p1a: Slowking
|-damage|p1a: Slowking|85/100
|
|t:|1776102521
|switch|p2a: Great Tusk|Great Tusk, tera:Fire|62/100|[from] Flip Turn
|move|p1a: Slowking|Future Sight|p2a: Great Tusk
|-start|p1a: Slowking|move: Future Sight
|
|-heal|p2a: Great Tusk|100/100|[from] move: Wish|[wisher] Alomomola
|upkeep
|turn|22
|
|t:|1776102531
|move|p2a: Great Tusk|Headlong Rush|p1a: Slowking
|-supereffective|p1a: Slowking
|-damage|p1a: Slowking|0 fnt
|-unboost|p2a: Great Tusk|def|1
|-unboost|p2a: Great Tusk|spd|1
|faint|p1a: Slowking
|
|upkeep
|
|t:|1776102535
|switch|p1a: Great Tusk|Great Tusk|100/100
|turn|23
|
|t:|1776102558
|-end|p2a: Great Tusk|Protosynthesis|[silent]
|switch|p2a: Spidops|Spidops, F|100/100
|move|p1a: Great Tusk|Rapid Spin|p2a: Spidops
|-damage|p2a: Spidops|81/100
|-boost|p1a: Great Tusk|spe|1
|
|-end|p2a: Spidops|move: Future Sight
|-damage|p2a: Spidops|24/100
|upkeep
|turn|24
|
|t:|1776102574
|move|p1a: Great Tusk|Stealth Rock|p2a: Spidops
|-sidestart|p2: Cheeyz13|move: Stealth Rock
|move|p2a: Spidops|U-turn|p1a: Great Tusk
|-resisted|p1a: Great Tusk
|-damage|p1a: Great Tusk|86/100
|inactive|Cheeyz13 has 120 seconds left.
|
|t:|1776102593
|switch|p2a: Hydreigon|Hydreigon, M|100/100|[from] U-turn
|-damage|p2a: Hydreigon|88/100|[from] Stealth Rock
|
|upkeep
|turn|25
|inactive|Cheeyz13 has 120 seconds left.
|
|t:|1776102599
|move|p1a: Great Tusk|Close Combat|p2a: Hydreigon
|-supereffective|p2a: Hydreigon
|-damage|p2a: Hydreigon|0 fnt
|-unboost|p1a: Great Tusk|def|1
|-unboost|p1a: Great Tusk|spd|1
|faint|p2a: Hydreigon
|
|upkeep
|inactive|Cheeyz13 has 120 seconds left.
|
|t:|1776102608
|switch|p2a: Alomomola|Alomomola, F|73/100
|-damage|p2a: Alomomola|61/100|[from] Stealth Rock
|turn|26
|
|t:|1776102624
|-terastallize|p1a: Great Tusk|Steel
|move|p1a: Great Tusk|Headlong Rush|p2a: Alomomola
|-damage|p2a: Alomomola|30/100
|-unboost|p1a: Great Tusk|def|1
|-unboost|p1a: Great Tusk|spd|1
|-damage|p1a: Great Tusk|70/100|[from] item: Rocky Helmet|[of] p2a: Alomomola
|move|p2a: Alomomola|Flip Turn|p1a: Great Tusk
|-damage|p1a: Great Tusk|44/100
|inactive|Cheeyz13 has 120 seconds left.
|
|t:|1776102642
|switch|p2a: Spidops|Spidops, F|24/100|[from] Flip Turn
|-damage|p2a: Spidops|0 fnt|[from] Stealth Rock
|faint|p2a: Spidops
|
|upkeep
|
|t:|1776102644
|switch|p2a: Alomomola|Alomomola, F|63/100
|-damage|p2a: Alomomola|51/100|[from] Stealth Rock
|turn|27
|
|t:|1776102652
|move|p1a: Great Tusk|Rapid Spin|p2a: Alomomola
|-damage|p2a: Alomomola|41/100
|-boost|p1a: Great Tusk|spe|1
|-damage|p1a: Great Tusk|27/100|[from] item: Rocky Helmet|[of] p2a: Alomomola
|move|p2a: Alomomola|Wish|p2a: Alomomola
|
|upkeep
|turn|28
|
|t:|1776102660
|move|p2a: Alomomola|Protect|p2a: Alomomola
|-singleturn|p2a: Alomomola|Protect
|move|p1a: Great Tusk|Headlong Rush|p2a: Alomomola
|-activate|p2a: Alomomola|move: Protect
|
|-heal|p2a: Alomomola|91/100|[from] move: Wish|[wisher] Alomomola
|upkeep
|turn|29
|
|t:|1776102670
|move|p1a: Great Tusk|Headlong Rush|p2a: Alomomola
|-damage|p2a: Alomomola|56/100
|-unboost|p1a: Great Tusk|def|1
|-unboost|p1a: Great Tusk|spd|1
|-damage|p1a: Great Tusk|11/100|[from] item: Rocky Helmet|[of] p2a: Alomomola
|move|p2a: Alomomola|Tickle|p1a: Great Tusk
|-unboost|p1a: Great Tusk|atk|1
|-unboost|p1a: Great Tusk|def|1
|
|upkeep
|turn|30
|
|t:|1776102688
|move|p1a: Great Tusk|Headlong Rush|p2a: Alomomola
|-damage|p2a: Alomomola|33/100
|-unboost|p1a: Great Tusk|def|1
|-unboost|p1a: Great Tusk|spd|1
|-damage|p1a: Great Tusk|0 fnt|[from] item: Rocky Helmet|[of] p2a: Alomomola
|faint|p1a: Great Tusk
|-end|p1a: Great Tusk|Protosynthesis|[silent]
|move|p2a: Alomomola|Wish|p2a: Alomomola
|
|upkeep
|
|t:|1776102696
|switch|p1a: Arcanine|Arcanine-Hisui, F|34/100
|turn|31
|
|t:|1776102701
|move|p2a: Alomomola|Protect|p2a: Alomomola
|-singleturn|p2a: Alomomola|Protect
|move|p1a: Arcanine|Head Smash|p2a: Alomomola
|-activate|p2a: Alomomola|move: Protect
|
|-heal|p2a: Alomomola|83/100|[from] move: Wish|[wisher] Alomomola
|upkeep
|turn|32
|
|t:|1776102708
|move|p1a: Arcanine|Head Smash|p2a: Alomomola
|-damage|p2a: Alomomola|30/100
|-damage|p1a: Arcanine|18/100|[from] item: Rocky Helmet|[of] p2a: Alomomola
|move|p2a: Alomomola|Flip Turn|p1a: Arcanine
|-supereffective|p1a: Arcanine
|-damage|p1a: Arcanine|0 fnt
|faint|p1a: Arcanine
|
|win|Cheeyz13
|raw|TheMutanabbi's rating: 1442 &rarr; <strong>1420</strong><br />(-22 for losing)
|raw|Cheeyz13's rating: 1405 &rarr; <strong>1427</strong><br />(+22 for winning)
|l|☆TheMutanabbi
|player|p1|
|l|☆Cheeyz13
|player|p2|
