|html|<div class="broadcast-blue"><strong>[Gen 9] OU is currently suspecting Volcarona! For information on how to participate check out the <a href="https://www.smogon.com/tools/suspects/view/208">suspect thread</a>.</strong></div>
|j|☆pscplayer
|j|☆kierieee
|t:|1778508351
|gametype|singles
|player|p1|pscplayer|169|1140
|player|p2|kierieee|170|1163
|gen|9
|tier|[Gen 9] OU
|rated|
|rule|HP Percentage Mod: HP is shown in percentages
|rule|Endless Battle Clause: Forcing endless battles is banned
|rule|Species Clause: Limit one of each Pokémon
|rule|OHKO Clause: OHKO moves are banned
|rule|Evasion Items Clause: Evasion items are banned
|rule|Evasion Moves Clause: Evasion moves are banned
|rule|Evasion Abilities Clause: Evasion abilities are banned
|rule|Sleep Moves Clause: Sleep-inducing moves are banned
|clearpoke
|poke|p1|Dragonite, F|
|poke|p1|Great Tusk|
|poke|p1|Deoxys-Speed|
|poke|p1|Gholdengo|
|poke|p1|Zamazenta-*|
|poke|p1|Iron Valiant|
|poke|p2|Meowscarada, F|
|poke|p2|Gholdengo|
|poke|p2|Samurott-Hisui, F|
|poke|p2|Quaquaval, M|
|poke|p2|Gliscor, M|
|poke|p2|Ceruledge, M|
|teampreview
|inactive|Battle timer is ON: inactive players will automatically lose when time's up. (requested by kierieee)
|
|t:|1778508369
|teamsize|p1|6
|teamsize|p2|6
|start
|switch|p1a: Deoxys|Deoxys-Speed|100/100
|switch|p2a: Hisu|Samurott-Hisui, F|100/100
|-ability|p1a: Deoxys|Pressure
|turn|1
|inactive|pscplayer also wants the timer to be on.
|
|t:|1778508381
|move|p1a: Deoxys|Stealth Rock|p2a: Hisu
|-sidestart|p2: kierieee|move: Stealth Rock
|move|p2a: Hisu|Ceaseless Edge|p1a: Deoxys
|-supereffective|p1a: Deoxys
|-damage|p1a: Deoxys|1/100
|-sidestart|p1: pscplayer|Spikes
|
|upkeep
|turn|2
|
|t:|1778508392
|move|p2a: Hisu|Aqua Jet|p1a: Deoxys
|-damage|p1a: Deoxys|0 fnt
|faint|p1a: Deoxys
|
|upkeep
|
|t:|1778508406
|switch|p1a: Zamazenta|Zamazenta|100/100
|-damage|p1a: Zamazenta|88/100|[from] Spikes
|-ability|p1a: Zamazenta|Dauntless Shield|boost
|-boost|p1a: Zamazenta|def|1
|turn|3
|
|t:|1778508418
|switch|p2a: Vamp|Gliscor, M|100/100
|-damage|p2a: Vamp|88/100|[from] Stealth Rock
|move|p1a: Zamazenta|Close Combat|p2a: Vamp
|-resisted|p2a: Vamp
|-damage|p2a: Vamp|52/100
|-unboost|p1a: Zamazenta|def|1
|-unboost|p1a: Zamazenta|spd|1
|-damage|p1a: Zamazenta|78/100|[from] item: Life Orb
|
|-status|p2a: Vamp|tox|[from] item: Toxic Orb
|upkeep
|turn|4
|
|t:|1778508435
|move|p1a: Zamazenta|Ice Fang|p2a: Vamp
|-supereffective|p2a: Vamp
|-damage|p2a: Vamp|0 fnt
|faint|p2a: Vamp
|-damage|p1a: Zamazenta|68/100|[from] item: Life Orb
|
|upkeep
|
|t:|1778508439
|switch|p2a: Quaquaval|Quaquaval, M|100/100
|-damage|p2a: Quaquaval|94/100|[from] Stealth Rock
|turn|5
|
|t:|1778508450
|move|p1a: Zamazenta|Close Combat|p2a: Quaquaval
|-damage|p2a: Quaquaval|0 fnt
|-unboost|p1a: Zamazenta|def|1
|-unboost|p1a: Zamazenta|spd|1
|faint|p2a: Quaquaval
|-damage|p1a: Zamazenta|59/100|[from] item: Life Orb
|
|upkeep
|
|t:|1778508467
|switch|p2a: Terri|Meowscarada, F|100/100
|-damage|p2a: Terri|88/100|[from] Stealth Rock
|turn|6
|
|t:|1778508491
|move|p2a: Terri|Flower Trick|p1a: Zamazenta
|-start|p2a: Terri|typechange|Grass|[from] ability: Protean
|-crit|p1a: Zamazenta
|-damage|p1a: Zamazenta|0 fnt
|faint|p1a: Zamazenta
|-damage|p2a: Terri|78/100|[from] item: Life Orb
|
|upkeep
|inactive|pscplayer has 120 seconds left.
|l|☆kierieee
|inactive|kierieee disconnected and has a minute to reconnect!
|player|p2|
|
|t:|1778508528
|switch|p1a: Dragonite|Dragonite, F|100/100
|turn|7
|j|☆kierieee
|inactive|kierieee reconnected and has 130 seconds left.
|player|p2|kierieee|170|
|
|t:|1778508553
|move|p2a: Terri|Triple Axel|p1a: Dragonite
|-supereffective|p1a: Dragonite
|-damage|p1a: Dragonite|82/100
|-supereffective|p1a: Dragonite
|-crit|p1a: Dragonite
|-damage|p1a: Dragonite|0 fnt
|faint|p1a: Dragonite
|-hitcount|p1: Dragonite|2
|-damage|p2a: Terri|68/100|[from] item: Life Orb
|
|upkeep
|inactive|pscplayer has 90 seconds left.
|
|t:|1778508576
|switch|p1a: Iron Valiant|Iron Valiant|100/100
|-damage|p1a: Iron Valiant|88/100|[from] Spikes
|-enditem|p1a: Iron Valiant|Booster Energy
|-activate|p1a: Iron Valiant|ability: Quark Drive|[fromitem]
|-start|p1a: Iron Valiant|quarkdrivespe
|turn|8
|inactive|pscplayer has 90 seconds left.
|
|t:|1778508597
|switch|p2a: Gold|Gholdengo|100/100
|-damage|p2a: Gold|94/100|[from] Stealth Rock
|move|p1a: Iron Valiant|Moonblast|p2a: Gold
|-resisted|p2a: Gold
|-damage|p2a: Gold|73/100
|
|-heal|p2a: Gold|79/100|[from] item: Leftovers
|upkeep
|turn|9
|
|t:|1778508614
|move|p1a: Iron Valiant|Knock Off|p2a: Gold
|-supereffective|p2a: Gold
|-damage|p2a: Gold|42/100
|-enditem|p2a: Gold|Leftovers|[from] move: Knock Off|[of] p1a: Iron Valiant
|move|p2a: Gold|Make It Rain|p1a: Iron Valiant
|-supereffective|p1a: Iron Valiant
|-damage|p1a: Iron Valiant|0 fnt
|-unboost|p2a: Gold|spa|1
|faint|p1a: Iron Valiant
|-end|p1a: Iron Valiant|Quark Drive|[silent]
|
|upkeep
|inactive|pscplayer has 60 seconds left.
|
|t:|1778508630
|switch|p1a: Great Tusk|Great Tusk|100/100
|-damage|p1a: Great Tusk|88/100|[from] Spikes
|-enditem|p1a: Great Tusk|Booster Energy
|-activate|p1a: Great Tusk|ability: Protosynthesis|[fromitem]
|-start|p1a: Great Tusk|protosynthesisspe
|turn|10
|inactive|pscplayer has 60 seconds left.
|
|t:|1778508642
|move|p1a: Great Tusk|Headlong Rush|p2a: Gold
|-supereffective|p2a: Gold
|-damage|p2a: Gold|0 fnt
|-unboost|p1a: Great Tusk|def|1
|-unboost|p1a: Great Tusk|spd|1
|faint|p2a: Gold
|
|upkeep
|inactive|kierieee has 120 seconds left.
|
|t:|1778508665
|switch|p2a: Hisu|Samurott-Hisui, F|100/100
|-damage|p2a: Hisu|88/100|[from] Stealth Rock
|turn|11
|inactive|pscplayer has 60 seconds left.
|
|t:|1778508690
|-terastallize|p2a: Hisu|Ghost
|move|p1a: Great Tusk|Headlong Rush|p2a: Hisu
|-damage|p2a: Hisu|22/100
|-unboost|p1a: Great Tusk|def|1
|-unboost|p1a: Great Tusk|spd|1
|move|p2a: Hisu|Aqua Cutter|p1a: Great Tusk
|-supereffective|p1a: Great Tusk
|-damage|p1a: Great Tusk|0 fnt
|faint|p1a: Great Tusk
|-end|p1a: Great Tusk|Protosynthesis|[silent]
|
|upkeep
|
|t:|1778508691
|switch|p1a: Gholdengo|Gholdengo|100/100
|-damage|p1a: Gholdengo|88/100|[from] Spikes
|turn|12
|inactive|pscplayer has 60 seconds left.
|
|t:|1778508706
|move|p2a: Hisu|Knock Off|p1a: Gholdengo
|-supereffective|p1a: Gholdengo
|-damage|p1a: Gholdengo|18/100
|-enditem|p1a: Gholdengo|Custap Berry|[from] move: Knock Off|[of] p2a: Hisu
|move|p1a: Gholdengo|Shadow Ball|p2a: Hisu
|-supereffective|p2a: Hisu
|-damage|p2a: Hisu|0 fnt
|faint|p2a: Hisu
|
|upkeep
|
|t:|1778508710
|switch|p2a: Edgelord|Ceruledge, M|100/100
|-damage|p2a: Edgelord|76/100|[from] Stealth Rock
|turn|13
|inactive|pscplayer has 60 seconds left.
|
|t:|1778508749
|move|p2a: Edgelord|Bitter Blade|p1a: Gholdengo
|-supereffective|p1a: Gholdengo
|-damage|p1a: Gholdengo|0 fnt
|-heal|p2a: Edgelord|87/100|[from] drain|[of] p1a: Gholdengo
|faint|p1a: Gholdengo
|
|win|kierieee
|raw|pscplayer's rating: 1140 &rarr; <strong>1117</strong><br />(-23 for losing)
|raw|kierieee's rating: 1163 &rarr; <strong>1186</strong><br />(+23 for winning)
