|html|<div class="broadcast-blue"><strong>[Gen 9] OU is currently suspecting Volcarona! For information on how to participate check out the <a href="https://www.smogon.com/tools/suspects/view/208">suspect thread</a>.</strong></div>
|j|☆waybuloo
|j|☆Dominator296
|t:|1778500990
|gametype|singles
|player|p1|waybuloo|erika-gen1rb|1413
|player|p2|Dominator296|steven|1425
|gen|9
|tier|[Gen 9] OU
|rated|
|rule|HP Percentage Mod: HP is shown in percentages
|rule|Endless Battle Clause: Forcing endless battles is banned
|rule|Species Clause: Limit one of each Pokémon
|rule|OHKO Clause: OHKO moves are banned
|rule|Evasion Items Clause: Evasion items are banned
|rule|Evasion Moves Clause: Evasion moves are banned
|rule|Evasion Abilities Clause: Evasion abilities are banned
|rule|Sleep Moves Clause: Sleep-inducing moves are banned
|clearpoke
|poke|p1|Glimmora, F|
|poke|p1|Darkrai|
|poke|p1|Ogerpon-Wellspring, F|
|poke|p1|Iron Valiant|
|poke|p1|Hatterene, F|
|poke|p1|Kingambit, M|
|poke|p2|Dragapult, F|
|poke|p2|Corviknight, F|
|poke|p2|Conkeldurr, F|
|poke|p2|Iron Moth|
|poke|p2|Volcanion|
|poke|p2|Kingambit, F|
|teampreview
|
|t:|1778501003
|teamsize|p1|6
|teamsize|p2|6
|start
|switch|p1a: Darkrai|Darkrai|100/100
|switch|p2a: Dragapult|Dragapult, F|100/100
|turn|1
|
|t:|1778501016
|move|p2a: Dragapult|Draco Meteor|p1a: Darkrai
|-damage|p1a: Darkrai|0 fnt
|-unboost|p2a: Dragapult|spa|2
|faint|p1a: Darkrai
|-damage|p2a: Dragapult|91/100|[from] item: Life Orb
|
|upkeep
|
|t:|1778501019
|switch|p1a: Glimmora|Glimmora, F|100/100
|turn|2
|
|t:|1778501030
|move|p2a: Dragapult|Dragon Darts|p1a: Glimmora
|-damage|p1a: Glimmora|71/100
|-activate|p1a: Glimmora|ability: Toxic Debris
|-sidestart|p2: Dominator296|move: Toxic Spikes
|-anim|p2a: Dragapult|Dragon Darts|p1a: Glimmora
|-damage|p1a: Glimmora|39/100
|-activate|p1a: Glimmora|ability: Toxic Debris
|-sidestart|p2: Dominator296|move: Toxic Spikes
|-damage|p2a: Dragapult|81/100|[from] item: Life Orb
|move|p1a: Glimmora|Stealth Rock|p2a: Dragapult
|-sidestart|p2: Dominator296|move: Stealth Rock
|
|upkeep
|turn|3
|
|t:|1778501034
|switch|p1a: Hatterene|Hatterene, F|100/100
|move|p2a: Dragapult|Dragon Darts|p1a: Hatterene
|-immune|p1a: Hatterene
|
|upkeep
|turn|4
|
|t:|1778501040
|move|p2a: Dragapult|Shadow Ball|p1a: Hatterene
|-supereffective|p1a: Hatterene
|-damage|p1a: Hatterene|53/100
|-damage|p2a: Dragapult|71/100|[from] item: Life Orb
|move|p1a: Hatterene|Nuzzle|p2a: Dragapult
|-resisted|p2a: Dragapult
|-damage|p2a: Dragapult|68/100
|-status|p2a: Dragapult|par
|
|upkeep
|turn|5
|
|t:|1778501044
|move|p2a: Dragapult|Shadow Ball|p1a: Hatterene
|-supereffective|p1a: Hatterene
|-damage|p1a: Hatterene|8/100
|-unboost|p1a: Hatterene|spd|1
|-damage|p2a: Dragapult|59/100 par|[from] item: Life Orb
|move|p1a: Hatterene|Draining Kiss|p2a: Dragapult
|-supereffective|p2a: Dragapult
|-damage|p2a: Dragapult|0 fnt
|-heal|p1a: Hatterene|51/100|[from] drain|[of] p2a: Dragapult
|faint|p2a: Dragapult
|
|upkeep
|
|t:|1778501048
|switch|p2a: Iron Moth|Iron Moth|100/100
|-sideend|p2: Dominator296|move: Toxic Spikes|[of] p2a: Iron Moth
|-damage|p2a: Iron Moth|76/100|[from] Stealth Rock
|-enditem|p2a: Iron Moth|Booster Energy
|-activate|p2a: Iron Moth|ability: Quark Drive|[fromitem]
|-start|p2a: Iron Moth|quarkdrivespa
|turn|6
|
|t:|1778501054
|move|p2a: Iron Moth|Fiery Dance|p1a: Hatterene
|-damage|p1a: Hatterene|0 fnt
|-boost|p2a: Iron Moth|spa|1
|faint|p1a: Hatterene
|
|upkeep
|
|t:|1778501069
|switch|p1a: Glimmora|Glimmora, F|39/100
|turn|7
|
|t:|1778501077
|move|p2a: Iron Moth|Energy Ball|p1a: Glimmora
|-damage|p1a: Glimmora|0 fnt
|faint|p1a: Glimmora
|
|upkeep
|
|t:|1778501082
|switch|p1a: Ogerpon|Ogerpon-Wellspring, F|100/100
|turn|8
|
|t:|1778501093
|-terastallize|p2a: Iron Moth|Grass
|move|p2a: Iron Moth|Sludge Wave|p1a: Ogerpon
|-supereffective|p1a: Ogerpon
|-damage|p1a: Ogerpon|0 fnt
|faint|p1a: Ogerpon
|
|upkeep
|
|t:|1778501097
|switch|p1a: Iron Valiant|Iron Valiant|100/100
|-enditem|p1a: Iron Valiant|Booster Energy
|-activate|p1a: Iron Valiant|ability: Quark Drive|[fromitem]
|-start|p1a: Iron Valiant|quarkdrivespe
|turn|9
|
|t:|1778501102
|move|p1a: Iron Valiant|Destiny Bond|p1a: Iron Valiant
|-singlemove|p1a: Iron Valiant|Destiny Bond
|move|p2a: Iron Moth|Sludge Wave|p1a: Iron Valiant
|-supereffective|p1a: Iron Valiant
|-damage|p1a: Iron Valiant|0 fnt
|faint|p1a: Iron Valiant
|-activate|p1a: Iron Valiant|move: Destiny Bond
|-end|p1a: Iron Valiant|Quark Drive|[silent]
|faint|p2a: Iron Moth
|-end|p2a: Iron Moth|Quark Drive|[silent]
|
|upkeep
|
|t:|1778501105
|switch|p1a: Kingambit|Kingambit, M|100/100
|switch|p2a: Volcanion|Volcanion|100/100
|-damage|p2a: Volcanion|76/100|[from] Stealth Rock
|-activate|p1a: Kingambit|ability: Supreme Overlord
|-start|p1a: Kingambit|fallen5|[silent]
|turn|10
|
|t:|1778501110
|-terastallize|p1a: Kingambit|Dark
|move|p2a: Volcanion|Substitute|p2a: Volcanion
|-start|p2a: Volcanion|Substitute
|-damage|p2a: Volcanion|51/100
|move|p1a: Kingambit|Kowtow Cleave|p2a: Volcanion
|-end|p2a: Volcanion|Substitute
|
|-heal|p2a: Volcanion|57/100|[from] item: Leftovers
|upkeep
|turn|11
|
|t:|1778501117
|move|p2a: Volcanion|Steam Eruption|p1a: Kingambit
|-damage|p1a: Kingambit|39/100
|move|p1a: Kingambit|Kowtow Cleave|p2a: Volcanion
|-damage|p2a: Volcanion|0 fnt
|faint|p2a: Volcanion
|
|upkeep
|
|t:|1778501123
|switch|p2a: Conkeldurr|Conkeldurr, F|100/100
|-damage|p2a: Conkeldurr|94/100|[from] Stealth Rock
|turn|12
|
|t:|1778501125
|move|p1a: Kingambit|Iron Head|p2a: Conkeldurr
|-damage|p2a: Conkeldurr|29/100
|cant|p2a: Conkeldurr|flinch
|
|upkeep
|turn|13
|
|t:|1778501129
|move|p2a: Conkeldurr|Mach Punch|p1a: Kingambit
|-supereffective|p1a: Kingambit
|-damage|p1a: Kingambit|0 fnt
|faint|p1a: Kingambit
|-end|p1a: Kingambit|fallen5|[silent]
|
|win|Dominator296
|raw|waybuloo's rating: 1413 &rarr; <strong>1394</strong><br />(-19 for losing)
|raw|Dominator296's rating: 1425 &rarr; <strong>1444</strong><br />(+19 for winning)
|l|☆waybuloo
|player|p1|
|l|☆Dominator296
|player|p2|
