|html|<div class="broadcast-blue"><strong>[Gen 9] OU is currently suspecting Tera Blast! For information on how to participate check out the <a href="https://www.smogon.com/tools/suspects/view/200">suspect thread</a>.</strong></div>
|j|☆Sprakenheit
|j|☆tgdztg
|t:|1776086815
|gametype|singles
|player|p1|Sprakenheit|marley|1248
|player|p2|tgdztg|harlequin|1211
|gen|9
|tier|[Gen 9] OU
|rated|
|rule|HP Percentage Mod: HP is shown in percentages
|rule|Endless Battle Clause: Forcing endless battles is banned
|rule|Species Clause: Limit one of each Pokémon
|rule|OHKO Clause: OHKO moves are banned
|rule|Evasion Items Clause: Evasion items are banned
|rule|Evasion Moves Clause: Evasion moves are banned
|rule|Evasion Abilities Clause: Evasion abilities are banned
|rule|Sleep Moves Clause: Sleep-inducing moves are banned
|clearpoke
|poke|p1|Great Tusk|
|poke|p1|Corviknight, F|
|poke|p1|Raging Bolt|
|poke|p1|Meowscarada, F|
|poke|p1|Slowking-Galar, F|
|poke|p1|Kyurem|
|poke|p2|Darkrai|
|poke|p2|Great Tusk|
|poke|p2|Tornadus-Therian, M|
|poke|p2|Raging Bolt|
|poke|p2|Iron Crown|
|poke|p2|Ogerpon-Wellspring, F|
|teampreview
|inactive|Battle timer is ON: inactive players will automatically lose when time's up. (requested by Sprakenheit)
|
|t:|1776086831
|teamsize|p1|6
|teamsize|p2|6
|start
|switch|p1a: Meowscarada|Meowscarada, F|100/100
|switch|p2a: Tornadus|Tornadus-Therian, M|100/100
|turn|1
|
|t:|1776086839
|switch|p1a: Slowking|Slowking-Galar, F|100/100
|move|p2a: Tornadus|Sludge Wave|p1a: Slowking
|-resisted|p1a: Slowking
|-damage|p1a: Slowking|93/100
|
|upkeep
|turn|2
|
|t:|1776086848
|move|p2a: Tornadus|Knock Off|p1a: Slowking
|-supereffective|p1a: Slowking
|-damage|p1a: Slowking|51/100
|-enditem|p1a: Slowking|Heavy-Duty Boots|[from] move: Knock Off|[of] p2a: Tornadus
|-prepare|p1a: Slowking|Chilly Reception|[premajor]
|move|p1a: Slowking|Chilly Reception|p1a: Slowking
|-weather|Snowscape
|
|t:|1776086853
|switch|p1a: Kyurem|Kyurem|100/100|[from] Chilly Reception
|-ability|p1a: Kyurem|Pressure
|
|-weather|Snowscape|[upkeep]
|upkeep
|turn|3
|
|t:|1776086863
|switch|p2a: Iron Crown|Iron Crown|100/100
|-enditem|p2a: Iron Crown|Booster Energy
|-activate|p2a: Iron Crown|ability: Quark Drive|[fromitem]
|-start|p2a: Iron Crown|quarkdrivespa
|move|p1a: Kyurem|Dragon Dance|p1a: Kyurem
|-boost|p1a: Kyurem|atk|1
|-boost|p1a: Kyurem|spe|1
|
|-weather|Snowscape|[upkeep]
|upkeep
|turn|4
|
|t:|1776086880
|move|p1a: Kyurem|Earth Power|p2a: Iron Crown
|-supereffective|p2a: Iron Crown
|-damage|p2a: Iron Crown|43/100
|move|p2a: Iron Crown|Tachyon Cutter|p1a: Kyurem
|-supereffective|p1a: Kyurem
|-damage|p1a: Kyurem|35/100
|-supereffective|p1a: Kyurem
|-damage|p1a: Kyurem|0 fnt
|faint|p1a: Kyurem
|-hitcount|p1: Kyurem|2
|
|-weather|Snowscape|[upkeep]
|upkeep
|
|t:|1776086893
|switch|p1a: Meowscarada|Meowscarada, F|100/100
|turn|5
|
|t:|1776086903
|move|p1a: Meowscarada|Knock Off|p2a: Iron Crown
|-start|p1a: Meowscarada|typechange|Dark|[from] ability: Protean
|-supereffective|p2a: Iron Crown
|-damage|p2a: Iron Crown|0 fnt
|faint|p2a: Iron Crown
|-end|p2a: Iron Crown|Quark Drive|[silent]
|
|-weather|Snowscape|[upkeep]
|upkeep
|
|t:|1776086911
|switch|p2a: Tornadus|Tornadus-Therian, M|100/100
|turn|6
|
|t:|1776086915
|switch|p1a: Slowking|Slowking-Galar, F|85/100
|move|p2a: Tornadus|Knock Off|p1a: Slowking
|-supereffective|p1a: Slowking
|-damage|p1a: Slowking|57/100
|
|-weather|none
|upkeep
|turn|7
|
|t:|1776086924
|move|p2a: Tornadus|U-turn|p1a: Slowking
|-damage|p1a: Slowking|41/100
|
|t:|1776086929
|switch|p2a: Great Tusk|Great Tusk|100/100|[from] U-turn
|move|p1a: Slowking|Thunder Wave|p2a: Great Tusk
|-immune|p2a: Great Tusk
|
|upkeep
|turn|8
|
|t:|1776086936
|switch|p1a: Corviknight|Corviknight, F|100/100
|-ability|p1a: Corviknight|Pressure
|move|p2a: Great Tusk|Stealth Rock|p1a: Corviknight
|-sidestart|p1: Sprakenheit|move: Stealth Rock
|
|upkeep
|turn|9
|
|t:|1776086946
|-end|p2a: Great Tusk|Protosynthesis|[silent]
|switch|p2a: Raging Bolt|Raging Bolt|100/100
|move|p1a: Corviknight|U-turn|p2a: Raging Bolt
|-damage|p2a: Raging Bolt|88/100
|
|t:|1776086956
|switch|p1a: Great Tusk|Great Tusk|100/100|[from] U-turn
|
|upkeep
|turn|10
|
|t:|1776086962
|move|p1a: Great Tusk|Rapid Spin|p2a: Raging Bolt
|-damage|p2a: Raging Bolt|76/100
|-boost|p1a: Great Tusk|spe|1
|-sideend|p1: Sprakenheit|Stealth Rock|[from] move: Rapid Spin|[of] p1a: Great Tusk
|move|p2a: Raging Bolt|Draco Meteor|p1a: Great Tusk
|-damage|p1a: Great Tusk|2/100
|-unboost|p2a: Raging Bolt|spa|2
|
|upkeep
|turn|11
|
|t:|1776086974
|-end|p2a: Raging Bolt|Protosynthesis|[silent]
|switch|p2a: Tornadus|Tornadus-Therian, M|100/100
|move|p1a: Great Tusk|Headlong Rush|p2a: Tornadus
|-immune|p2a: Tornadus
|
|upkeep
|turn|12
|
|t:|1776086980
|move|p1a: Great Tusk|Ice Spinner|p2a: Tornadus
|-supereffective|p2a: Tornadus
|-damage|p2a: Tornadus|46/100
|move|p2a: Tornadus|Knock Off|p1a: Great Tusk
|-resisted|p1a: Great Tusk
|-damage|p1a: Great Tusk|0 fnt
|-enditem|p1a: Great Tusk|Heavy-Duty Boots|[from] move: Knock Off|[of] p2a: Tornadus
|faint|p1a: Great Tusk
|-end|p1a: Great Tusk|Protosynthesis|[silent]
|
|upkeep
|
|t:|1776086994
|switch|p1a: Meowscarada|Meowscarada, F|100/100
|turn|13
|
|t:|1776086999
|move|p1a: Meowscarada|Triple Axel|p2a: Tornadus
|-start|p1a: Meowscarada|typechange|Ice|[from] ability: Protean
|-supereffective|p2a: Tornadus
|-damage|p2a: Tornadus|24/100
|-supereffective|p2a: Tornadus
|-damage|p2a: Tornadus|0 fnt
|faint|p2a: Tornadus
|-hitcount|p2: Tornadus|2
|
|upkeep
|
|t:|1776087018
|switch|p2a: Darkrai|Darkrai|100/100
|turn|14
|
|t:|1776087033
|switch|p1a: Slowking|Slowking-Galar, F|74/100
|move|p2a: Darkrai|Dark Pulse|p1a: Slowking
|-supereffective|p1a: Slowking
|-damage|p1a: Slowking|0 fnt
|faint|p1a: Slowking
|
|upkeep
|
|t:|1776087042
|switch|p1a: Meowscarada|Meowscarada, F|100/100
|turn|15
|
|t:|1776087045
|move|p1a: Meowscarada|U-turn|p2a: Darkrai
|-start|p1a: Meowscarada|typechange|Bug|[from] ability: Protean
|-supereffective|p2a: Darkrai
|-damage|p2a: Darkrai|20/100
|
|t:|1776087050
|switch|p1a: Corviknight|Corviknight, F|100/100|[from] U-turn
|-ability|p1a: Corviknight|Pressure
|move|p2a: Darkrai|Dark Pulse|p1a: Corviknight
|-damage|p1a: Corviknight|35/100
|
|upkeep
|turn|16
|
|t:|1776087057
|move|p2a: Darkrai|Dark Pulse|p1a: Corviknight
|-damage|p1a: Corviknight|0 fnt
|faint|p1a: Corviknight
|
|upkeep
|
|t:|1776087060
|switch|p1a: Meowscarada|Meowscarada, F|100/100
|turn|17
|
|t:|1776087073
|switch|p2a: Raging Bolt|Raging Bolt|76/100
|move|p1a: Meowscarada|U-turn|p2a: Raging Bolt
|-start|p1a: Meowscarada|typechange|Bug|[from] ability: Protean
|-damage|p2a: Raging Bolt|48/100
|
|t:|1776087076
|switch|p1a: Raging Bolt|Raging Bolt|100/100|[from] U-turn
|
|upkeep
|turn|18
|
|t:|1776087084
|-terastallize|p1a: Raging Bolt|Fairy
|-terastallize|p2a: Raging Bolt|Fairy
|move|p1a: Raging Bolt|Tera Blast|p2a: Raging Bolt|[anim] Tera Blast Fairy
|-damage|p2a: Raging Bolt|8/100
|move|p2a: Raging Bolt|Draco Meteor|p1a: Raging Bolt
|-immune|p1a: Raging Bolt
|
|upkeep
|turn|19
|
|t:|1776087096
|move|p1a: Raging Bolt|Thunderclap|p2a: Raging Bolt
|-damage|p2a: Raging Bolt|0 fnt
|faint|p2a: Raging Bolt
|-end|p2a: Raging Bolt|Protosynthesis|[silent]
|
|upkeep
|
|t:|1776087105
|switch|p2a: Great Tusk|Great Tusk|100/100
|turn|20
|
|t:|1776087109
|move|p2a: Great Tusk|Earthquake|p1a: Raging Bolt
|-damage|p1a: Raging Bolt|50/100
|move|p1a: Raging Bolt|Tera Blast|p2a: Great Tusk|[anim] Tera Blast Fairy
|-supereffective|p2a: Great Tusk
|-damage|p2a: Great Tusk|0 fnt
|faint|p2a: Great Tusk
|-end|p2a: Great Tusk|Protosynthesis|[silent]
|
|upkeep
|
|t:|1776087116
|switch|p2a: Ogerpon|Ogerpon-Wellspring, F|100/100
|turn|21
|
|t:|1776087123
|-end|p1a: Raging Bolt|Protosynthesis|[silent]
|switch|p1a: Meowscarada|Meowscarada, F|100/100
|move|p2a: Ogerpon|Horn Leech|p1a: Meowscarada
|-resisted|p1a: Meowscarada
|-damage|p1a: Meowscarada|67/100
|
|upkeep
|turn|22
|-message|tgdztg forfeited.
|
|win|Sprakenheit
|raw|Sprakenheit's rating: 1248 &rarr; <strong>1270</strong><br />(+22 for winning)
|raw|tgdztg's rating: 1211 &rarr; <strong>1189</strong><br />(-22 for losing)
|l|☆tgdztg
|player|p2|
