|html|<div class="broadcast-blue"><strong>[Gen 9] OU is currently suspecting Tera Blast! For information on how to participate check out the <a href="https://www.smogon.com/tools/suspects/view/200">suspect thread</a>.</strong></div>
|j|☆magistermilitum420
|j|☆pavelight
|t:|1776032350
|gametype|singles
|player|p1|magistermilitum420|blue|1153
|player|p2|pavelight|102|1153
|gen|9
|tier|[Gen 9] OU
|rated|
|rule|HP Percentage Mod: HP is shown in percentages
|rule|Endless Battle Clause: Forcing endless battles is banned
|rule|Species Clause: Limit one of each Pokémon
|rule|OHKO Clause: OHKO moves are banned
|rule|Evasion Items Clause: Evasion items are banned
|rule|Evasion Moves Clause: Evasion moves are banned
|rule|Evasion Abilities Clause: Evasion abilities are banned
|rule|Sleep Moves Clause: Sleep-inducing moves are banned
|clearpoke
|poke|p1|Meowscarada, F|
|poke|p1|Great Tusk|
|poke|p1|Alomomola, M|
|poke|p1|Slowking-Galar, F|
|poke|p1|Dragonite, F|
|poke|p1|Heatran, M|
|poke|p2|Dragonite, M|
|poke|p2|Scream Tail|
|poke|p2|Hippowdon, M|
|poke|p2|Ceruledge, F|
|poke|p2|Glimmora, M|
|poke|p2|Dragapult, F|
|teampreview
|
|t:|1776032374
|teamsize|p1|6
|teamsize|p2|6
|start
|switch|p1a: Mahad|Meowscarada, F, shiny|100/100
|switch|p2a: Dragapult|Dragapult, F|100/100
|turn|1
|
|t:|1776032384
|move|p1a: Mahad|Knock Off|p2a: Dragapult
|-start|p1a: Mahad|typechange|Dark|[from] ability: Protean
|-supereffective|p2a: Dragapult
|-damage|p2a: Dragapult|0 fnt
|-enditem|p2a: Dragapult|Choice Specs|[from] move: Knock Off|[of] p1a: Mahad
|faint|p2a: Dragapult
|
|upkeep
|
|t:|1776032396
|switch|p2a: Dragonite|Dragonite, M|100/100
|turn|2
|
|t:|1776032409
|move|p1a: Mahad|Knock Off|p2a: Dragonite
|-damage|p2a: Dragonite|81/100
|-enditem|p2a: Dragonite|Silk Scarf|[from] move: Knock Off|[of] p1a: Mahad
|move|p2a: Dragonite|Dragon Dance|p2a: Dragonite
|-boost|p2a: Dragonite|atk|1
|-boost|p2a: Dragonite|spe|1
|
|upkeep
|turn|3
|
|t:|1776032420
|switch|p1a: Charybdis|Alomomola, M, shiny|100/100
|move|p2a: Dragonite|Dragon Dance|p2a: Dragonite
|-boost|p2a: Dragonite|atk|1
|-boost|p2a: Dragonite|spe|1
|
|upkeep
|turn|4
|
|t:|1776032427
|move|p2a: Dragonite|Dragon Dance|p2a: Dragonite
|-boost|p2a: Dragonite|atk|1
|-boost|p2a: Dragonite|spe|1
|move|p1a: Charybdis|Scald|p2a: Dragonite
|-resisted|p2a: Dragonite
|-damage|p2a: Dragonite|73/100
|-status|p2a: Dragonite|brn
|
|-damage|p2a: Dragonite|67/100 brn|[from] brn
|upkeep
|turn|5
|
|t:|1776032446
|move|p2a: Dragonite|Dragon Dance|p2a: Dragonite
|-boost|p2a: Dragonite|atk|1
|-boost|p2a: Dragonite|spe|1
|move|p1a: Charybdis|Wish|p1a: Charybdis
|
|-damage|p2a: Dragonite|61/100 brn|[from] brn
|upkeep
|turn|6
|
|t:|1776032458
|move|p2a: Dragonite|Dragon Dance|p2a: Dragonite
|-boost|p2a: Dragonite|atk|1
|-boost|p2a: Dragonite|spe|1
|move|p1a: Charybdis|Flip Turn|p2a: Dragonite
|-resisted|p2a: Dragonite
|-damage|p2a: Dragonite|54/100 brn
|
|t:|1776032471
|switch|p1a: Mahad|Meowscarada, F, shiny|100/100|[from] Flip Turn
|
|-damage|p2a: Dragonite|48/100 brn|[from] brn
|upkeep
|turn|7
|
|t:|1776032507
|switch|p1a: Charybdis|Alomomola, M, shiny|100/100
|-terastallize|p2a: Dragonite|Normal
|move|p2a: Dragonite|Extreme Speed|p1a: Charybdis
|-damage|p1a: Charybdis|54/100
|
|-damage|p2a: Dragonite|42/100 brn|[from] brn
|upkeep
|turn|8
|
|t:|1776032517
|move|p2a: Dragonite|Roost|p2a: Dragonite
|-heal|p2a: Dragonite|92/100 brn
|move|p1a: Charybdis|Wish|p1a: Charybdis
|
|-damage|p2a: Dragonite|85/100 brn|[from] brn
|upkeep
|turn|9
|
|t:|1776032525
|-terastallize|p1a: Charybdis|Ghost
|move|p2a: Dragonite|Extreme Speed|p1a: Charybdis
|-immune|p1a: Charybdis
|move|p1a: Charybdis|Scald|p2a: Dragonite
|-damage|p2a: Dragonite|73/100 brn
|
|-heal|p1a: Charybdis|100/100|[from] move: Wish|[wisher] Charybdis
|-damage|p2a: Dragonite|67/100 brn|[from] brn
|upkeep
|turn|10
|
|t:|1776032538
|move|p2a: Dragonite|Dragon Dance|p2a: Dragonite
|-boost|p2a: Dragonite|atk|1
|-boost|p2a: Dragonite|spe|1
|move|p1a: Charybdis|Scald|p2a: Dragonite
|-damage|p2a: Dragonite|53/100 brn
|
|-damage|p2a: Dragonite|47/100 brn|[from] brn
|upkeep
|turn|11
|
|t:|1776032548
|move|p2a: Dragonite|Roost|p2a: Dragonite
|-heal|p2a: Dragonite|97/100 brn
|move|p1a: Charybdis|Scald|p2a: Dragonite
|-damage|p2a: Dragonite|85/100 brn
|
|-damage|p2a: Dragonite|78/100 brn|[from] brn
|upkeep
|turn|12
|
|t:|1776032558
|move|p2a: Dragonite|Earthquake|p1a: Charybdis
|-damage|p1a: Charybdis|57/100
|move|p1a: Charybdis|Scald|p2a: Dragonite
|-damage|p2a: Dragonite|65/100 brn
|
|-damage|p2a: Dragonite|59/100 brn|[from] brn
|upkeep
|turn|13
|
|t:|1776032567
|move|p2a: Dragonite|Earthquake|p1a: Charybdis
|-damage|p1a: Charybdis|16/100
|move|p1a: Charybdis|Wish|p1a: Charybdis
|
|-damage|p2a: Dragonite|53/100 brn|[from] brn
|upkeep
|turn|14
|
|t:|1776032585
|move|p1a: Charybdis|Protect|p1a: Charybdis
|-singleturn|p1a: Charybdis|Protect
|move|p2a: Dragonite|Earthquake|p1a: Charybdis
|-activate|p1a: Charybdis|move: Protect
|
|-heal|p1a: Charybdis|66/100|[from] move: Wish|[wisher] Charybdis
|-damage|p2a: Dragonite|47/100 brn|[from] brn
|upkeep
|turn|15
|
|t:|1776032595
|move|p2a: Dragonite|Roost|p2a: Dragonite
|-heal|p2a: Dragonite|97/100 brn
|move|p1a: Charybdis|Wish|p1a: Charybdis
|
|-damage|p2a: Dragonite|91/100 brn|[from] brn
|upkeep
|turn|16
|
|t:|1776032604
|switch|p2a: Scream Tail|Scream Tail, shiny|100/100
|-enditem|p2a: Scream Tail|Booster Energy
|-activate|p2a: Scream Tail|ability: Protosynthesis|[fromitem]
|-start|p2a: Scream Tail|protosynthesisdef
|move|p1a: Charybdis|Scald|p2a: Scream Tail
|-damage|p2a: Scream Tail|92/100
|
|-heal|p1a: Charybdis|100/100|[from] move: Wish|[wisher] Charybdis
|upkeep
|turn|17
|
|t:|1776032625
|switch|p1a: Mahad|Meowscarada, F, shiny|100/100
|move|p2a: Scream Tail|Thunder Wave|p1a: Mahad|[miss]
|-miss|p2a: Scream Tail|p1a: Mahad
|
|upkeep
|turn|18
|
|t:|1776032632
|move|p1a: Mahad|Knock Off|p2a: Scream Tail
|-start|p1a: Mahad|typechange|Dark|[from] ability: Protean
|-damage|p2a: Scream Tail|76/100
|move|p2a: Scream Tail|Thunder Wave|p1a: Mahad
|-status|p1a: Mahad|par
|
|upkeep
|turn|19
|
|t:|1776032657
|switch|p1a: Mithridates|Slowking-Galar, F|100/100
|-end|p2a: Scream Tail|Protosynthesis|[silent]
|switch|p2a: Glimmora|Glimmora, M, shiny|100/100
|
|upkeep
|turn|20
|
|t:|1776032667
|move|p2a: Glimmora|Spikes|p1a: Mithridates
|-sidestart|p1: magistermilitum420|Spikes
|move|p1a: Mithridates|Psychic Noise|p2a: Glimmora
|-supereffective|p2a: Glimmora
|-damage|p2a: Glimmora|28/100
|-start|p2a: Glimmora|move: Heal Block
|
|upkeep
|turn|21
|inactive|Battle timer is ON: inactive players will automatically lose when time's up. (requested by pavelight)
|
|t:|1776032675
|move|p2a: Glimmora|Spikes|p1a: Mithridates
|-sidestart|p1: magistermilitum420|Spikes
|move|p1a: Mithridates|Psychic Noise|p2a: Glimmora
|-supereffective|p2a: Glimmora
|-damage|p2a: Glimmora|0 fnt
|faint|p2a: Glimmora
|
|upkeep
|
|t:|1776032686
|switch|p2a: Hippowdon|Hippowdon, M|100/100
|turn|22
|
|t:|1776032696
|switch|p1a: Mahad|Meowscarada, F, shiny|100/100 par
|-damage|p1a: Mahad|84/100 par|[from] Spikes
|move|p2a: Hippowdon|Earthquake|p1a: Mahad
|-resisted|p1a: Mahad
|-damage|p1a: Mahad|54/100 par
|
|upkeep
|turn|23
|
|t:|1776032706
|switch|p2a: Scream Tail|Scream Tail, shiny|76/100
|move|p1a: Mahad|Flower Trick|p2a: Scream Tail
|-start|p1a: Mahad|typechange|Grass|[from] ability: Protean
|-crit|p2a: Scream Tail
|-damage|p2a: Scream Tail|45/100
|
|upkeep
|turn|24
|
|t:|1776032721
|switch|p1a: Mithridates|Slowking-Galar, F|100/100
|-damage|p1a: Mithridates|84/100|[from] Spikes
|move|p2a: Scream Tail|Wish|p2a: Scream Tail
|
|upkeep
|turn|25
|
|t:|1776032732
|move|p2a: Scream Tail|Protect|p2a: Scream Tail
|-singleturn|p2a: Scream Tail|Protect
|move|p1a: Mithridates|Psychic Noise|p2a: Scream Tail
|-activate|p2a: Scream Tail|move: Protect
|
|-heal|p2a: Scream Tail|95/100|[from] move: Wish|[wisher] Scream Tail
|upkeep
|turn|26
|
|t:|1776032741
|move|p2a: Scream Tail|Psychic Noise|p1a: Mithridates
|-damage|p1a: Mithridates|76/100
|-start|p1a: Mithridates|move: Heal Block
|move|p1a: Mithridates|Sludge Bomb|p2a: Scream Tail
|-supereffective|p2a: Scream Tail
|-damage|p2a: Scream Tail|42/100
|
|upkeep
|turn|27
|
|t:|1776032751
|move|p2a: Scream Tail|Thunder Wave|p1a: Mithridates
|-status|p1a: Mithridates|par
|cant|p1a: Mithridates|par
|
|-end|p1a: Mithridates|move: Heal Block
|upkeep
|turn|28
|
|t:|1776032763
|-end|p2a: Scream Tail|Protosynthesis|[silent]
|switch|p2a: Hippowdon|Hippowdon, M|100/100
|move|p1a: Mithridates|Sludge Bomb|p2a: Hippowdon
|-resisted|p2a: Hippowdon
|-damage|p2a: Hippowdon|77/100
|
|-heal|p2a: Hippowdon|84/100|[from] item: Leftovers
|upkeep
|turn|29
|
|t:|1776032779
|switch|p1a: Barca|Great Tusk|100/100
|move|p2a: Hippowdon|Earthquake|p1a: Barca
|-damage|p1a: Barca|74/100
|
|-heal|p2a: Hippowdon|90/100|[from] item: Leftovers
|upkeep
|turn|30
|
|t:|1776032791
|move|p1a: Barca|Rapid Spin|p2a: Hippowdon
|-damage|p2a: Hippowdon|80/100
|-boost|p1a: Barca|spe|1
|-sideend|p1: magistermilitum420|Spikes|[from] move: Rapid Spin|[of] p1a: Barca
|move|p2a: Hippowdon|Earthquake|p1a: Barca
|-damage|p1a: Barca|43/100
|
|-heal|p2a: Hippowdon|86/100|[from] item: Leftovers
|upkeep
|turn|31
|
|t:|1776032804
|move|p1a: Barca|Knock Off|p2a: Hippowdon
|-damage|p2a: Hippowdon|68/100
|-enditem|p2a: Hippowdon|Leftovers|[from] move: Knock Off|[of] p1a: Barca
|move|p2a: Hippowdon|Earthquake|p1a: Barca
|-damage|p1a: Barca|13/100
|
|upkeep
|turn|32
|
|t:|1776032816
|-end|p1a: Barca|Protosynthesis|[silent]
|switch|p1a: Charybdis|Alomomola, M, shiny, tera:Ghost|100/100
|move|p2a: Hippowdon|Slack Off|p2a: Hippowdon
|-heal|p2a: Hippowdon|100/100
|
|upkeep
|turn|33
|
|t:|1776032823
|switch|p2a: Scream Tail|Scream Tail, shiny|42/100
|move|p1a: Charybdis|Scald|p2a: Scream Tail
|-damage|p2a: Scream Tail|33/100
|-status|p2a: Scream Tail|brn
|
|-damage|p2a: Scream Tail|26/100 brn|[from] brn
|upkeep
|turn|34
|
|t:|1776032832
|move|p2a: Scream Tail|Wish|p2a: Scream Tail
|move|p1a: Charybdis|Wish|p1a: Charybdis
|
|-damage|p2a: Scream Tail|20/100 brn|[from] brn
|upkeep
|turn|35
|
|t:|1776032848
|switch|p1a: Barca|Great Tusk|13/100
|move|p2a: Scream Tail|Psychic Noise|p1a: Barca
|-supereffective|p1a: Barca
|-damage|p1a: Barca|0 fnt
|faint|p1a: Barca
|-end|p1a: Barca|Protosynthesis|[silent]
|
|-heal|p2a: Scream Tail|70/100 brn|[from] move: Wish|[wisher] Scream Tail
|-damage|p2a: Scream Tail|64/100 brn|[from] brn
|upkeep
|
|t:|1776032858
|switch|p1a: Mithridates|Slowking-Galar, F|100/100 par
|turn|36
|
|t:|1776032864
|move|p2a: Scream Tail|Wish|p2a: Scream Tail
|cant|p1a: Mithridates|par
|
|-damage|p2a: Scream Tail|58/100 brn|[from] brn
|upkeep
|turn|37
|
|t:|1776032871
|move|p2a: Scream Tail|Psychic Noise|p1a: Mithridates
|-damage|p1a: Mithridates|93/100 par
|-start|p1a: Mithridates|move: Heal Block
|cant|p1a: Mithridates|par
|
|-heal|p2a: Scream Tail|100/100 brn|[from] move: Wish|[wisher] Scream Tail
|-damage|p2a: Scream Tail|94/100 brn|[from] brn
|upkeep
|turn|38
|
|t:|1776032883
|-end|p2a: Scream Tail|Protosynthesis|[silent]
|switch|p2a: Ceruledge|Ceruledge, F|100/100
|move|p1a: Mithridates|Future Sight|p2a: Ceruledge
|-start|p1a: Mithridates|move: Future Sight
|
|-end|p1a: Mithridates|move: Heal Block
|upkeep
|turn|39
|
|t:|1776032902
|move|p2a: Ceruledge|Shadow Sneak|p1a: Mithridates
|-supereffective|p1a: Mithridates
|-damage|p1a: Mithridates|47/100 par
|move|p1a: Mithridates|Surf|p2a: Ceruledge
|-supereffective|p2a: Ceruledge
|-damage|p2a: Ceruledge|37/100
|
|upkeep
|turn|40
|
|t:|1776032918
|switch|p2a: Scream Tail|Scream Tail, shiny|94/100 brn
|switch|p1a: Charybdis|Alomomola, M, shiny, tera:Ghost|100/100
|
|-end|p2a: Scream Tail|move: Future Sight
|-resisted|p2a: Scream Tail
|-damage|p2a: Scream Tail|78/100 brn
|-damage|p2a: Scream Tail|71/100 brn|[from] brn
|upkeep
|turn|41
|
|t:|1776032929
|move|p2a: Scream Tail|Psychic Noise|p1a: Charybdis
|-damage|p1a: Charybdis|81/100
|-start|p1a: Charybdis|move: Heal Block
|cant|p1a: Charybdis|move: Heal Block|Wish
|
|-damage|p2a: Scream Tail|65/100 brn|[from] brn
|upkeep
|turn|42
|
|t:|1776032941
|switch|p1a: Vulcanus|Heatran, M, shiny|100/100
|move|p2a: Scream Tail|Thunder Wave|p1a: Vulcanus
|-status|p1a: Vulcanus|par
|
|-damage|p2a: Scream Tail|59/100 brn|[from] brn
|upkeep
|turn|43
|
|t:|1776032950
|-end|p2a: Scream Tail|Protosynthesis|[silent]
|switch|p2a: Hippowdon|Hippowdon, M|100/100
|move|p1a: Vulcanus|Flash Cannon|p2a: Hippowdon
|-damage|p2a: Hippowdon|34/100
|
|upkeep
|turn|44
|
|t:|1776032964
|switch|p1a: Mahad|Meowscarada, F, shiny|54/100 par
|move|p2a: Hippowdon|Earthquake|p1a: Mahad
|-resisted|p1a: Mahad
|-damage|p1a: Mahad|23/100 par
|
|upkeep
|turn|45
|
|t:|1776032978
|switch|p2a: Scream Tail|Scream Tail, shiny|59/100 brn
|move|p1a: Mahad|Flower Trick|p2a: Scream Tail
|-start|p1a: Mahad|typechange|Grass|[from] ability: Protean
|-crit|p2a: Scream Tail
|-damage|p2a: Scream Tail|29/100 brn
|
|-damage|p2a: Scream Tail|22/100 brn|[from] brn
|upkeep
|turn|46
|
|t:|1776032993
|switch|p1a: Mithridates|Slowking-Galar, F|80/100 par
|move|p2a: Scream Tail|Wish|p2a: Scream Tail
|
|-damage|p2a: Scream Tail|16/100 brn|[from] brn
|upkeep
|turn|47
|
|t:|1776033005
|-end|p2a: Scream Tail|Protosynthesis|[silent]
|switch|p2a: Ceruledge|Ceruledge, F|37/100
|move|p1a: Mithridates|Psychic Noise|p2a: Ceruledge
|-damage|p2a: Ceruledge|0 fnt
|faint|p2a: Ceruledge
|
|upkeep
|-message|pavelight forfeited.
|
|win|magistermilitum420
|raw|magistermilitum420's rating: 1153 &rarr; <strong>1178</strong><br />(+25 for winning)
|raw|pavelight's rating: 1153 &rarr; <strong>1128</strong><br />(-25 for losing)
|l|☆pavelight
|player|p2|
