|html|<div class="broadcast-blue"><strong>[Gen 9] OU is currently suspecting Tera Blast! For information on how to participate check out the <a href="https://www.smogon.com/tools/suspects/view/200">suspect thread</a>.</strong></div>
|j|☆Isabelldra
|j|☆rilladih
|t:|1776070938
|gametype|singles
|player|p1|Isabelldra|gardenia|1354
|player|p2|rilladih|266|1450
|gen|9
|tier|[Gen 9] OU
|rated|
|rule|HP Percentage Mod: HP is shown in percentages
|rule|Endless Battle Clause: Forcing endless battles is banned
|rule|Species Clause: Limit one of each Pokémon
|rule|OHKO Clause: OHKO moves are banned
|rule|Evasion Items Clause: Evasion items are banned
|rule|Evasion Moves Clause: Evasion moves are banned
|rule|Evasion Abilities Clause: Evasion abilities are banned
|rule|Sleep Moves Clause: Sleep-inducing moves are banned
|clearpoke
|poke|p1|Klefki, M|
|poke|p1|Gholdengo|
|poke|p1|Kingambit, F|
|poke|p1|Dragapult, M|
|poke|p1|Dragonite, F|
|poke|p1|Azelf|
|poke|p2|Meowscarada, F|
|poke|p2|Pecharunt|
|poke|p2|Enamorus, F|
|poke|p2|Iron Treads|
|poke|p2|Skarmory, F|
|poke|p2|Slowking, F|
|teampreview
|inactive|Battle timer is ON: inactive players will automatically lose when time's up. (requested by rilladih)
|
|t:|1776070960
|teamsize|p1|6
|teamsize|p2|6
|start
|switch|p1a: Klefki|Klefki, M|100/100
|switch|p2a: Meowscarada|Meowscarada, F|100/100
|turn|1
|
|t:|1776070970
|switch|p2a: Iron Treads|Iron Treads|100/100
|move|p1a: Klefki|Reflect|p1a: Klefki
|-sidestart|p1: Isabelldra|Reflect
|
|upkeep
|turn|2
|
|t:|1776070975
|move|p1a: Klefki|Spikes|p2a: Iron Treads
|-sidestart|p2: rilladih|Spikes
|move|p2a: Iron Treads|Stealth Rock|p1a: Klefki
|-sidestart|p1: Isabelldra|move: Stealth Rock
|
|upkeep
|turn|3
|
|t:|1776070980
|move|p1a: Klefki|Spikes|p2a: Iron Treads
|-sidestart|p2: rilladih|Spikes
|move|p2a: Iron Treads|Rapid Spin|p1a: Klefki
|-resisted|p1a: Klefki
|-damage|p1a: Klefki|98/100
|-boost|p2a: Iron Treads|spe|1
|-sideend|p2: rilladih|Spikes|[from] move: Rapid Spin|[of] p2a: Iron Treads
|
|upkeep
|turn|4
|
|t:|1776070986
|move|p1a: Klefki|Magic Room|p1a: Klefki
|-fieldstart|move: Magic Room|[of] p1a: Klefki
|move|p2a: Iron Treads|Earthquake|p1a: Klefki
|-supereffective|p1a: Klefki
|-damage|p1a: Klefki|67/100
|
|upkeep
|turn|5
|
|t:|1776071014
|move|p1a: Klefki|Light Screen|p1a: Klefki
|-sidestart|p1: Isabelldra|move: Light Screen
|move|p2a: Iron Treads|Earthquake|p1a: Klefki
|-supereffective|p1a: Klefki
|-damage|p1a: Klefki|37/100
|
|upkeep
|turn|6
|
|t:|1776071027
|switch|p1a: Dragonite|Dragonite, F|100/100
|-damage|p1a: Dragonite|76/100|[from] Stealth Rock
|move|p2a: Iron Treads|Earthquake|p1a: Dragonite
|-immune|p1a: Dragonite
|
|upkeep
|turn|7
|
|t:|1776071049
|-end|p2a: Iron Treads|Quark Drive|[silent]
|switch|p2a: Skarmory|Skarmory, F|100/100
|-terastallize|p1a: Dragonite|Flying
|move|p1a: Dragonite|Dragon Dance|p1a: Dragonite
|-boost|p1a: Dragonite|atk|1
|-boost|p1a: Dragonite|spe|1
|
|upkeep
|turn|8
|
|t:|1776071062
|move|p1a: Dragonite|Fire Punch|p2a: Skarmory
|-supereffective|p2a: Skarmory
|-damage|p2a: Skarmory|42/100
|move|p2a: Skarmory|Iron Defense|p2a: Skarmory
|-boost|p2a: Skarmory|def|2
|
|-sideend|p1: Isabelldra|Reflect
|-fieldend|move: Magic Room|[of] p1: Klefki
|upkeep
|turn|9
|inactive|Isabelldra has 120 seconds left.
|
|t:|1776071089
|move|p1a: Dragonite|Tera Blast|p2a: Skarmory|[anim] Tera Blast Flying
|-resisted|p2a: Skarmory
|-damage|p2a: Skarmory|18/100
|move|p2a: Skarmory|Roost|p2a: Skarmory
|-heal|p2a: Skarmory|68/100
|-singleturn|p2a: Skarmory|move: Roost
|
|-heal|p2a: Skarmory|74/100|[from] item: Leftovers
|-sideend|p1: Isabelldra|move: Light Screen
|upkeep
|turn|10
|
|t:|1776071096
|move|p1a: Dragonite|Tera Blast|p2a: Skarmory|[anim] Tera Blast Flying
|-resisted|p2a: Skarmory
|-damage|p2a: Skarmory|54/100
|move|p2a: Skarmory|Roost|p2a: Skarmory
|-heal|p2a: Skarmory|100/100
|-singleturn|p2a: Skarmory|move: Roost
|
|upkeep
|turn|11
|
|t:|1776071101
|move|p1a: Dragonite|Tera Blast|p2a: Skarmory|[anim] Tera Blast Flying
|-resisted|p2a: Skarmory
|-damage|p2a: Skarmory|78/100
|move|p2a: Skarmory|Iron Defense|p2a: Skarmory
|-boost|p2a: Skarmory|def|2
|
|-heal|p2a: Skarmory|84/100|[from] item: Leftovers
|upkeep
|turn|12
|
|t:|1776071106
|move|p1a: Dragonite|Tera Blast|p2a: Skarmory|[anim] Tera Blast Flying
|-resisted|p2a: Skarmory
|-damage|p2a: Skarmory|69/100
|move|p2a: Skarmory|Iron Defense|p2a: Skarmory
|-boost|p2a: Skarmory|def|2
|
|-heal|p2a: Skarmory|75/100|[from] item: Leftovers
|upkeep
|turn|13
|
|t:|1776071110
|switch|p1a: Klefki|Klefki, M|37/100
|-damage|p1a: Klefki|31/100|[from] Stealth Rock
|move|p2a: Skarmory|Roost|p2a: Skarmory
|-heal|p2a: Skarmory|100/100
|-singleturn|p2a: Skarmory|move: Roost
|
|upkeep
|turn|14
|
|t:|1776071122
|move|p1a: Klefki|Reflect|p1a: Klefki
|-sidestart|p1: Isabelldra|Reflect
|move|p2a: Skarmory|Body Press|p1a: Klefki
|-damage|p1a: Klefki|0 fnt
|faint|p1a: Klefki
|
|upkeep
|
|t:|1776071131
|switch|p1a: Azelf|Azelf|100/100
|-damage|p1a: Azelf|88/100|[from] Stealth Rock
|turn|15
|
|t:|1776071134
|move|p1a: Azelf|Magic Room|p1a: Azelf
|-fieldstart|move: Magic Room|[of] p1a: Azelf
|move|p2a: Skarmory|Body Press|p1a: Azelf
|-resisted|p1a: Azelf
|-damage|p1a: Azelf|52/100
|
|upkeep
|turn|16
|
|t:|1776071146
|move|p1a: Azelf|Stealth Rock|p2a: Skarmory
|-sidestart|p2: rilladih|move: Stealth Rock
|move|p2a: Skarmory|Body Press|p1a: Azelf
|-resisted|p1a: Azelf
|-damage|p1a: Azelf|15/100
|
|upkeep
|turn|17
|
|t:|1776071154
|move|p1a: Azelf|Light Screen|p1a: Azelf
|-sidestart|p1: Isabelldra|move: Light Screen
|move|p2a: Skarmory|Body Press|p1a: Azelf
|-resisted|p1a: Azelf
|-damage|p1a: Azelf|0 fnt
|faint|p1a: Azelf
|
|upkeep
|
|t:|1776071171
|switch|p1a: Dragapult|Dragapult, M|100/100
|-damage|p1a: Dragapult|88/100|[from] Stealth Rock
|turn|18
|
|t:|1776071176
|switch|p2a: Slowking|Slowking, F|100/100
|-damage|p2a: Slowking|88/100|[from] Stealth Rock
|move|p1a: Dragapult|Dragon Dance|p1a: Dragapult
|-boost|p1a: Dragapult|atk|1
|-boost|p1a: Dragapult|spe|1
|
|upkeep
|turn|19
|
|t:|1776071188
|move|p1a: Dragapult|Phantom Force||[still]
|-prepare|p1a: Dragapult|Phantom Force
|move|p2a: Slowking|Future Sight|p1a: Dragapult
|-start|p2a: Slowking|move: Future Sight
|
|-fieldend|move: Magic Room|[of] p1: Azelf
|upkeep
|turn|20
|inactive|rilladih has 120 seconds left.
|
|t:|1776071224
|-terastallize|p2a: Slowking|Steel
|move|p1a: Dragapult|Phantom Force|p2a: Slowking|[from] lockedmove
|-damage|p2a: Slowking|0 fnt
|faint|p2a: Slowking
|
|upkeep
|
|t:|1776071244
|switch|p2a: Iron Treads|Iron Treads|100/100
|-damage|p2a: Iron Treads|98/100|[from] Stealth Rock
|turn|21
|
|t:|1776071247
|move|p1a: Dragapult|Phantom Force||[still]
|-prepare|p1a: Dragapult|Phantom Force
|move|p2a: Iron Treads|Knock Off|p1a: Dragapult|[miss]|[miss]
|-miss|p2a: Iron Treads|p1a: Dragapult
|
|-end|p1a: Dragapult|move: Future Sight
|-miss|p2: Slowking|p1a: Dragapult
|-heal|p2a: Iron Treads|100/100|[from] item: Leftovers
|-sideend|p1: Isabelldra|Reflect
|-sideend|p1: Isabelldra|move: Light Screen
|upkeep
|turn|22
|
|t:|1776071259
|move|p1a: Dragapult|Phantom Force|p2a: Iron Treads|[from] lockedmove
|-damage|p2a: Iron Treads|11/100
|move|p2a: Iron Treads|Knock Off|p1a: Dragapult
|-supereffective|p1a: Dragapult
|-damage|p1a: Dragapult|19/100
|-enditem|p1a: Dragapult|Choice Band|[from] move: Knock Off|[of] p2a: Iron Treads
|
|-heal|p2a: Iron Treads|17/100|[from] item: Leftovers
|upkeep
|turn|23
|
|t:|1776071273
|move|p1a: Dragapult|Dragon Darts|p2a: Iron Treads
|-resisted|p2a: Iron Treads
|-damage|p2a: Iron Treads|1/100
|-anim|p1a: Dragapult|Dragon Darts|p2a: Iron Treads
|-resisted|p2a: Iron Treads
|-damage|p2a: Iron Treads|0 fnt
|faint|p2a: Iron Treads
|-end|p2a: Iron Treads|Quark Drive|[silent]
|
|upkeep
|inactive|rilladih has 120 seconds left.
|
|t:|1776071287
|switch|p2a: Enamorus|Enamorus, F|100/100
|-damage|p2a: Enamorus|76/100|[from] Stealth Rock
|turn|24
|
|t:|1776071291
|move|p1a: Dragapult|Phantom Force||[still]
|-prepare|p1a: Dragapult|Phantom Force
|move|p2a: Enamorus|Moonblast|p1a: Dragapult|[miss]
|-miss|p2a: Enamorus|p1a: Dragapult
|
|upkeep
|turn|25
|
|t:|1776071295
|move|p1a: Dragapult|Phantom Force|p2a: Enamorus|[from] lockedmove
|-damage|p2a: Enamorus|0 fnt
|faint|p2a: Enamorus
|
|upkeep
|
|t:|1776071298
|switch|p2a: Meowscarada|Meowscarada, F|100/100
|-damage|p2a: Meowscarada|88/100|[from] Stealth Rock
|turn|26
|
|t:|1776071306
|move|p1a: Dragapult|Dragon Darts|p2a: Meowscarada
|-crit|p2a: Meowscarada
|-damage|p2a: Meowscarada|0 fnt
|faint|p2a: Meowscarada
|
|upkeep
|
|t:|1776071309
|switch|p2a: Pecharunt|Pecharunt|100/100
|-damage|p2a: Pecharunt|88/100|[from] Stealth Rock
|turn|27
|
|t:|1776071312
|move|p1a: Dragapult|Phantom Force||[still]
|-prepare|p1a: Dragapult|Phantom Force
|move|p2a: Pecharunt|Foul Play|p1a: Dragapult|[miss]
|-miss|p2a: Pecharunt|p1a: Dragapult
|
|upkeep
|turn|28
|
|t:|1776071315
|move|p1a: Dragapult|Phantom Force|p2a: Pecharunt|[from] lockedmove
|-supereffective|p2a: Pecharunt
|-damage|p2a: Pecharunt|20/100
|-damage|p1a: Dragapult|3/100|[from] item: Rocky Helmet|[of] p2a: Pecharunt
|move|p2a: Pecharunt|Foul Play|p1a: Dragapult
|-supereffective|p1a: Dragapult
|-damage|p1a: Dragapult|0 fnt
|faint|p1a: Dragapult
|
|upkeep
|
|t:|1776071333
|switch|p1a: Gholdengo|Gholdengo|100/100
|-damage|p1a: Gholdengo|94/100|[from] Stealth Rock
|turn|29
|
|t:|1776071342
|move|p1a: Gholdengo|Shadow Ball|p2a: Pecharunt
|-supereffective|p2a: Pecharunt
|-damage|p2a: Pecharunt|0 fnt
|faint|p2a: Pecharunt
|
|upkeep
|-message|rilladih forfeited.
|
|win|Isabelldra
|raw|Isabelldra's rating: 1354 &rarr; <strong>1379</strong><br />(+25 for winning)
|raw|rilladih's rating: 1450 &rarr; <strong>1425</strong><br />(-25 for losing)
|l|☆rilladih
|player|p2|
|l|☆Isabelldra
|player|p1|
