|html|<div class="broadcast-blue"><strong>[Gen 9] OU is currently suspecting Volcarona! For information on how to participate check out the <a href="https://www.smogon.com/tools/suspects/view/208">suspect thread</a>.</strong></div>
|j|☆VolcaronaSlimyTime
|j|☆x_Anabolic_x
|t:|1778511499
|gametype|singles
|player|p1|VolcaronaSlimyTime|ltsurge|1382
|player|p2|x_Anabolic_x|ltsurge|1296
|gen|9
|tier|[Gen 9] OU
|rated|
|rule|HP Percentage Mod: HP is shown in percentages
|rule|Endless Battle Clause: Forcing endless battles is banned
|rule|Species Clause: Limit one of each Pokémon
|rule|OHKO Clause: OHKO moves are banned
|rule|Evasion Items Clause: Evasion items are banned
|rule|Evasion Moves Clause: Evasion moves are banned
|rule|Evasion Abilities Clause: Evasion abilities are banned
|rule|Sleep Moves Clause: Sleep-inducing moves are banned
|clearpoke
|poke|p1|Ninetales-Alola, F|
|poke|p1|Volcarona, M|
|poke|p1|Great Tusk|
|poke|p1|Samurott-Hisui, M|
|poke|p1|Raging Bolt|
|poke|p1|Corviknight, M|
|poke|p2|Hitmonlee, M|
|poke|p2|Azumarill, F|
|poke|p2|Moltres|
|poke|p2|Jolteon, F|
|poke|p2|Dragonite, M|
|poke|p2|Snorlax, M|
|teampreview
|
|t:|1778511509
|teamsize|p1|6
|teamsize|p2|6
|start
|switch|p1a: Samurott|Samurott-Hisui, M|100/100
|switch|p2a: Jolteon|Jolteon, F|100/100
|turn|1
|
|t:|1778511521
|switch|p1a: Raging Bolt|Raging Bolt|100/100
|-enditem|p1a: Raging Bolt|Booster Energy
|-activate|p1a: Raging Bolt|ability: Protosynthesis|[fromitem]
|-start|p1a: Raging Bolt|protosynthesisspa
|move|p2a: Jolteon|Volt Switch|p1a: Raging Bolt
|-resisted|p1a: Raging Bolt
|-damage|p1a: Raging Bolt|90/100
|-damage|p2a: Jolteon|91/100|[from] item: Life Orb
|
|t:|1778511538
|switch|p2a: Snorlax|Snorlax, M|100/100|[from] Volt Switch
|
|upkeep
|turn|2
|
|t:|1778511545
|move|p1a: Raging Bolt|Thunderbolt|p2a: Snorlax
|-damage|p2a: Snorlax|69/100
|move|p2a: Snorlax|Ice Punch|p1a: Raging Bolt
|-supereffective|p1a: Raging Bolt
|-damage|p1a: Raging Bolt|58/100
|
|-heal|p2a: Snorlax|75/100|[from] item: Leftovers
|upkeep
|turn|3
|
|t:|1778511554
|move|p1a: Raging Bolt|Thunderbolt|p2a: Snorlax
|-damage|p2a: Snorlax|40/100
|move|p2a: Snorlax|Curse|p2a: Snorlax
|-unboost|p2a: Snorlax|spe|1
|-boost|p2a: Snorlax|atk|1
|-boost|p2a: Snorlax|def|1
|
|-heal|p2a: Snorlax|46/100|[from] item: Leftovers
|upkeep
|turn|4
|
|t:|1778511564
|move|p1a: Raging Bolt|Thunderbolt|p2a: Snorlax
|-damage|p2a: Snorlax|15/100
|move|p2a: Snorlax|Ice Punch|p1a: Raging Bolt
|-supereffective|p1a: Raging Bolt
|-damage|p1a: Raging Bolt|7/100
|
|-heal|p2a: Snorlax|22/100|[from] item: Leftovers
|upkeep
|turn|5
|
|t:|1778511579
|switch|p2a: Jolteon|Jolteon, F|91/100
|move|p1a: Raging Bolt|Dragon Pulse|p2a: Jolteon
|-damage|p2a: Jolteon|1/100
|
|upkeep
|turn|6
|
|t:|1778511589
|move|p2a: Jolteon|Volt Switch|p1a: Raging Bolt
|-resisted|p1a: Raging Bolt
|-damage|p1a: Raging Bolt|0 fnt
|faint|p1a: Raging Bolt
|-end|p1a: Raging Bolt|Protosynthesis|[silent]
|-damage|p2a: Jolteon|0 fnt|[from] item: Life Orb
|faint|p2a: Jolteon
|
|upkeep
|
|t:|1778511604
|switch|p2a: Moltres|Moltres|100/100
|switch|p1a: Samurott|Samurott-Hisui, M|100/100
|turn|7
|
|t:|1778511614
|switch|p2a: Azumarill|Azumarill, F|100/100
|move|p1a: Samurott|Razor Shell|p2a: Azumarill
|-resisted|p2a: Azumarill
|-damage|p2a: Azumarill|74/100
|-unboost|p2a: Azumarill|def|1
|
|upkeep
|turn|8
|
|t:|1778511626
|move|p1a: Samurott|Ceaseless Edge|p2a: Azumarill
|-resisted|p2a: Azumarill
|-damage|p2a: Azumarill|30/100
|-sidestart|p2: x_Anabolic_x|Spikes
|-enditem|p2a: Azumarill|Sitrus Berry|[eat]
|-heal|p2a: Azumarill|55/100|[from] item: Sitrus Berry
|move|p2a: Azumarill|Belly Drum|p2a: Azumarill
|-damage|p2a: Azumarill|5/100
|-setboost|p2a: Azumarill|atk|6|[from] move: Belly Drum
|
|upkeep
|turn|9
|
|t:|1778511636
|move|p2a: Azumarill|Aqua Jet|p1a: Samurott
|-resisted|p1a: Samurott
|-damage|p1a: Samurott|31/100
|move|p1a: Samurott|Ceaseless Edge|p2a: Azumarill
|-resisted|p2a: Azumarill
|-damage|p2a: Azumarill|0 fnt
|-sidestart|p2: x_Anabolic_x|Spikes
|faint|p2a: Azumarill
|
|upkeep
|
|t:|1778511660
|switch|p2a: Dragonite|Dragonite, M|100/100
|turn|10
|
|t:|1778511668
|move|p1a: Samurott|Ceaseless Edge|p2a: Dragonite
|-damage|p2a: Dragonite|73/100
|-sidestart|p2: x_Anabolic_x|Spikes
|move|p2a: Dragonite|Scale Shot|p1a: Samurott
|-damage|p1a: Samurott|14/100
|-damage|p1a: Samurott|0 fnt
|faint|p1a: Samurott
|-hitcount|p1: Samurott|2
|-unboost|p2a: Dragonite|def|1
|-boost|p2a: Dragonite|spe|1
|
|upkeep
|
|t:|1778511671
|switch|p1a: Ninetales|Ninetales-Alola, F|100/100
|-weather|Snowscape|[from] ability: Snow Warning|[of] p1a: Ninetales
|turn|11
|
|t:|1778511684
|-terastallize|p2a: Dragonite|Fire
|move|p1a: Ninetales|Freeze-Dry|p2a: Dragonite
|-resisted|p2a: Dragonite
|-damage|p2a: Dragonite|64/100
|move|p2a: Dragonite|Dragon Dance|p2a: Dragonite
|-boost|p2a: Dragonite|atk|1
|-boost|p2a: Dragonite|spe|1
|
|-weather|Snowscape|[upkeep]
|upkeep
|turn|12
|
|t:|1778511697
|move|p2a: Dragonite|Fire Punch|p1a: Ninetales
|-supereffective|p1a: Ninetales
|-damage|p1a: Ninetales|0 fnt
|faint|p1a: Ninetales
|
|-weather|Snowscape|[upkeep]
|upkeep
|
|t:|1778511700
|switch|p1a: Great Tusk|Great Tusk|100/100
|-enditem|p1a: Great Tusk|Booster Energy
|-activate|p1a: Great Tusk|ability: Protosynthesis|[fromitem]
|-start|p1a: Great Tusk|protosynthesisatk
|turn|13
|
|t:|1778511708
|move|p2a: Dragonite|Scale Shot|p1a: Great Tusk
|-damage|p1a: Great Tusk|85/100
|-damage|p1a: Great Tusk|69/100
|-damage|p1a: Great Tusk|53/100
|-damage|p1a: Great Tusk|37/100
|-hitcount|p1a: Great Tusk|4
|-unboost|p2a: Dragonite|def|1
|-boost|p2a: Dragonite|spe|1
|move|p1a: Great Tusk|Headlong Rush|p2a: Dragonite
|-supereffective|p2a: Dragonite
|-damage|p2a: Dragonite|0 fnt
|-unboost|p1a: Great Tusk|def|1
|-unboost|p1a: Great Tusk|spd|1
|faint|p2a: Dragonite
|
|-weather|Snowscape|[upkeep]
|upkeep
|
|t:|1778511723
|switch|p2a: Moltres|Moltres|100/100
|turn|14
|
|t:|1778511728
|move|p2a: Moltres|Air Slash|p1a: Great Tusk
|-supereffective|p1a: Great Tusk
|-damage|p1a: Great Tusk|0 fnt
|faint|p1a: Great Tusk
|-end|p1a: Great Tusk|Protosynthesis|[silent]
|
|-weather|Snowscape|[upkeep]
|upkeep
|
|t:|1778511733
|switch|p1a: Volcarona|Volcarona, M|100/100
|turn|15
|
|t:|1778511736
|-terastallize|p1a: Volcarona|Fire
|move|p2a: Moltres|Air Slash|p1a: Volcarona
|-damage|p1a: Volcarona|39/100
|move|p1a: Volcarona|Quiver Dance|p1a: Volcarona
|-boost|p1a: Volcarona|spa|1
|-boost|p1a: Volcarona|spd|1
|-boost|p1a: Volcarona|spe|1
|
|-weather|none
|upkeep
|turn|16
|
|t:|1778511743
|move|p1a: Volcarona|Psychic|p2a: Moltres
|-damage|p2a: Moltres|40/100
|move|p2a: Moltres|Air Slash|p1a: Volcarona
|-damage|p1a: Volcarona|1/100
|
|upkeep
|turn|17
|
|t:|1778511753
|move|p1a: Volcarona|Flamethrower|p2a: Moltres
|-resisted|p2a: Moltres
|-damage|p2a: Moltres|0 fnt
|faint|p2a: Moltres
|
|upkeep
|
|t:|1778511758
|switch|p2a: Hitmonlee|Hitmonlee, M|100/100
|-damage|p2a: Hitmonlee|76/100|[from] Spikes
|turn|18
|
|t:|1778511764
|move|p2a: Hitmonlee|Endure|p2a: Hitmonlee
|-singleturn|p2a: Hitmonlee|move: Endure
|move|p1a: Volcarona|Flamethrower|p2a: Hitmonlee
|-activate|p2a: Hitmonlee|move: Endure
|-damage|p2a: Hitmonlee|1/100
|-enditem|p2a: Hitmonlee|Liechi Berry|[eat]
|-boost|p2a: Hitmonlee|atk|1|[from] item: Liechi Berry
|
|upkeep
|turn|19
|
|t:|1778511774
|move|p2a: Hitmonlee|Reversal|p1a: Volcarona
|-damage|p1a: Volcarona|0 fnt
|faint|p1a: Volcarona
|
|upkeep
|
|t:|1778511777
|switch|p1a: Corviknight|Corviknight, M|100/100
|turn|20
|
|t:|1778511781
|move|p2a: Hitmonlee|Reversal|p1a: Corviknight
|-damage|p1a: Corviknight|0 fnt
|faint|p1a: Corviknight
|
|win|x_Anabolic_x
|raw|VolcaronaSlimyTime's rating: 1382 &rarr; <strong>1357</strong><br />(-25 for losing)
|raw|x_Anabolic_x's rating: 1296 &rarr; <strong>1327</strong><br />(+31 for winning)
|l|☆VolcaronaSlimyTime
|player|p1|
|l|☆x_Anabolic_x
|player|p2|
