|html|<div class="broadcast-blue"><strong>[Gen 9] OU is currently suspecting Tera Blast! For information on how to participate check out the <a href="https://www.smogon.com/tools/suspects/view/200">suspect thread</a>.</strong></div>
|j|☆sorry4usingstall
|j|☆drop a baby
|t:|1776053410
|gametype|singles
|player|p1|sorry4usingstall|colress|1662
|player|p2|drop a baby|chase|1829
|gen|9
|tier|[Gen 9] OU
|rated|
|rule|HP Percentage Mod: HP is shown in percentages
|rule|Endless Battle Clause: Forcing endless battles is banned
|rule|Species Clause: Limit one of each Pokémon
|rule|OHKO Clause: OHKO moves are banned
|rule|Evasion Items Clause: Evasion items are banned
|rule|Evasion Moves Clause: Evasion moves are banned
|rule|Evasion Abilities Clause: Evasion abilities are banned
|rule|Sleep Moves Clause: Sleep-inducing moves are banned
|clearpoke
|poke|p1|Clodsire, M|
|poke|p1|Dondozo, F|
|poke|p1|Alomomola, F|
|poke|p1|Talonflame, F|
|poke|p1|Toxapex, F|
|poke|p1|Blissey, F|
|poke|p2|Iron Valiant|
|poke|p2|Greninja-*, M|
|poke|p2|Glimmora, M|
|poke|p2|Kingambit, F|
|poke|p2|Iron Jugulis|
|poke|p2|Iron Moth|
|teampreview
|c|☆drop a baby|hf big bro
|
|t:|1776053422
|teamsize|p1|6
|teamsize|p2|6
|start
|switch|p1a: Toxapex|Toxapex, F|100/100
|switch|p2a: Iron Jugulis|Iron Jugulis|100/100
|-enditem|p2a: Iron Jugulis|Booster Energy
|-activate|p2a: Iron Jugulis|ability: Quark Drive|[fromitem]
|-start|p2a: Iron Jugulis|quarkdrivespe
|turn|1
|
|t:|1776053428
|move|p2a: Iron Jugulis|Taunt|p1a: Toxapex
|-start|p1a: Toxapex|move: Taunt
|cant|p1a: Toxapex|move: Taunt|Toxic
|
|upkeep
|turn|2
|
|t:|1776053430
|switch|p1a: Blissey|Blissey, F|100/100
|move|p2a: Iron Jugulis|Knock Off|p1a: Blissey
|-damage|p1a: Blissey|47/100
|-enditem|p1a: Blissey|Heavy-Duty Boots|[from] move: Knock Off|[of] p2a: Iron Jugulis
|
|upkeep
|turn|3
|
|t:|1776053433
|move|p2a: Iron Jugulis|Taunt|p1a: Blissey
|-start|p1a: Blissey|move: Taunt
|cant|p1a: Blissey|move: Taunt|Soft-Boiled
|
|upkeep
|turn|4
|
|t:|1776053437
|switch|p1a: Dondozo|Dondozo, F|100/100
|move|p2a: Iron Jugulis|Knock Off|p1a: Dondozo
|-damage|p1a: Dondozo|89/100
|-enditem|p1a: Dondozo|Heavy-Duty Boots|[from] move: Knock Off|[of] p2a: Iron Jugulis
|
|upkeep
|turn|5
|
|t:|1776053439
|move|p2a: Iron Jugulis|Hurricane|p1a: Dondozo
|-damage|p1a: Dondozo|41/100
|move|p1a: Dondozo|Body Press|p2a: Iron Jugulis
|-damage|p2a: Iron Jugulis|70/100
|
|upkeep
|turn|6
|inactive|Battle timer is ON: inactive players will automatically lose when time's up. (requested by drop a baby)
|
|t:|1776053446
|switch|p1a: Toxapex|Toxapex, F|100/100
|move|p2a: Iron Jugulis|Knock Off|p1a: Toxapex
|-crit|p1a: Toxapex
|-damage|p1a: Toxapex|78/100
|-enditem|p1a: Toxapex|Heavy-Duty Boots|[from] move: Knock Off|[of] p2a: Iron Jugulis
|
|upkeep
|turn|7
|
|t:|1776053449
|move|p2a: Iron Jugulis|Taunt|p1a: Toxapex
|-start|p1a: Toxapex|move: Taunt
|move|p1a: Toxapex|Infestation|p2a: Iron Jugulis
|-damage|p2a: Iron Jugulis|66/100
|-activate|p2a: Iron Jugulis|move: Infestation|[of] p1a: Toxapex
|
|-damage|p2a: Iron Jugulis|54/100|[from] move: Infestation|[partiallytrapped]
|upkeep
|turn|8
|j| Dhoom Again
|
|t:|1776053455
|move|p2a: Iron Jugulis|Hurricane|p1a: Toxapex
|-damage|p1a: Toxapex|35/100
|move|p1a: Toxapex|Infestation|p2a: Iron Jugulis
|-damage|p2a: Iron Jugulis|50/100
|
|-damage|p2a: Iron Jugulis|38/100|[from] move: Infestation|[partiallytrapped]
|upkeep
|turn|9
|c|☆sorry4usingstall|that mon is cooking
|
|t:|1776053475
|switch|p1a: Clodsire|Clodsire, M|100/100
|move|p2a: Iron Jugulis|Hurricane|p1a: Clodsire|[miss]
|-miss|p2a: Iron Jugulis|p1a: Clodsire
|
|-end|p2a: Iron Jugulis|Infestation|[partiallytrapped]|[silent]
|upkeep
|turn|10
|
|t:|1776053485
|move|p2a: Iron Jugulis|Taunt|p1a: Clodsire
|-start|p1a: Clodsire|move: Taunt
|move|p1a: Clodsire|Gunk Shot|p2a: Iron Jugulis|[miss]
|-miss|p1a: Clodsire|p2a: Iron Jugulis
|
|upkeep
|turn|11
|c|☆drop a baby|mb
|
|t:|1776053496
|move|p2a: Iron Jugulis|Knock Off|p1a: Clodsire
|-damage|p1a: Clodsire|75/100
|-enditem|p1a: Clodsire|Heavy-Duty Boots|[from] move: Knock Off|[of] p2a: Iron Jugulis
|move|p1a: Clodsire|Gunk Shot|p2a: Iron Jugulis
|-damage|p2a: Iron Jugulis|1/100
|
|upkeep
|turn|12
|
|t:|1776053502
|move|p2a: Iron Jugulis|Hurricane|p1a: Clodsire|[miss]
|-miss|p2a: Iron Jugulis|p1a: Clodsire
|move|p1a: Clodsire|Gunk Shot|p2a: Iron Jugulis
|-damage|p2a: Iron Jugulis|0 fnt
|faint|p2a: Iron Jugulis
|-end|p2a: Iron Jugulis|Quark Drive|[silent]
|
|-end|p1a: Clodsire|move: Taunt
|upkeep
|c|☆sorry4usingstall|tbh taunt cooks my team lol
|inactive|drop a baby has 120 seconds left.
|c|☆drop a baby|tbf this is true with stall in general
|
|t:|1776053556
|switch|p2a: Greninja|Greninja, M|100/100
|turn|13
|
|t:|1776053562
|switch|p1a: Toxapex|Toxapex, F|68/100
|move|p2a: Greninja|Spikes|p1a: Toxapex
|-sidestart|p1: sorry4usingstall|Spikes
|
|upkeep
|turn|14
|
|t:|1776053571
|switch|p2a: Kingambit|Kingambit, F|100/100
|-activate|p2a: Kingambit|ability: Supreme Overlord
|-start|p2a: Kingambit|fallen1|[silent]
|move|p1a: Toxapex|Toxic|p2a: Kingambit
|-immune|p2a: Kingambit
|
|upkeep
|turn|15
|
|t:|1776053576
|-end|p2a: Kingambit|fallen1|[silent]
|switch|p2a: Greninja|Greninja, M|100/100
|switch|p1a: Talonflame|Talonflame, F|100/100
|
|upkeep
|turn|16
|inactive|drop a baby has 120 seconds left.
|
|t:|1776053582
|switch|p1a: Toxapex|Toxapex, F|100/100
|-damage|p1a: Toxapex|88/100|[from] Spikes
|move|p2a: Greninja|Hydro Pump|p1a: Toxapex|[miss]
|-miss|p2a: Greninja|p1a: Toxapex
|
|upkeep
|turn|17
|j| Shucklepilled
|
|t:|1776053589
|switch|p2a: Kingambit|Kingambit, F|100/100
|-activate|p2a: Kingambit|ability: Supreme Overlord
|-start|p2a: Kingambit|fallen1|[silent]
|move|p1a: Toxapex|Infestation|p2a: Kingambit
|-damage|p2a: Kingambit|97/100
|-activate|p2a: Kingambit|move: Infestation|[of] p1a: Toxapex
|
|-heal|p2a: Kingambit|100/100|[from] item: Leftovers
|-damage|p2a: Kingambit|88/100|[from] move: Infestation|[partiallytrapped]
|upkeep
|turn|18
|
|t:|1776053593
|move|p2a: Kingambit|Swords Dance|p2a: Kingambit
|-boost|p2a: Kingambit|atk|2
|move|p1a: Toxapex|Haze|p1a: Toxapex
|-clearallboost
|
|-heal|p2a: Kingambit|94/100|[from] item: Leftovers
|-damage|p2a: Kingambit|82/100|[from] move: Infestation|[partiallytrapped]
|upkeep
|turn|19
|
|t:|1776053596
|switch|p1a: Talonflame|Talonflame, F|100/100
|move|p2a: Kingambit|Swords Dance|p2a: Kingambit
|-boost|p2a: Kingambit|atk|2
|
|-heal|p2a: Kingambit|88/100|[from] item: Leftovers
|-end|p2a: Kingambit|Infestation|[partiallytrapped]|[silent]
|upkeep
|turn|20
|
|t:|1776053600
|-end|p2a: Kingambit|fallen1|[silent]
|switch|p2a: Greninja|Greninja, M|100/100
|move|p1a: Talonflame|Will-O-Wisp|p2a: Greninja
|-status|p2a: Greninja|brn
|
|-damage|p2a: Greninja|95/100 brn|[from] brn
|upkeep
|turn|21
|
|t:|1776053606
|switch|p1a: Toxapex|Toxapex, F|100/100
|-damage|p1a: Toxapex|88/100|[from] Spikes
|move|p2a: Greninja|Dark Pulse|p1a: Toxapex
|-damage|p1a: Toxapex|48/100
|-damage|p2a: Greninja|85/100 brn|[from] item: Life Orb
|
|-damage|p2a: Greninja|79/100 brn|[from] brn
|upkeep
|turn|22
|j| peneplain
|
|t:|1776053610
|switch|p1a: Blissey|Blissey, F|47/100
|-damage|p1a: Blissey|35/100|[from] Spikes
|move|p2a: Greninja|Dark Pulse|p1a: Blissey
|-damage|p1a: Blissey|22/100
|-damage|p2a: Greninja|69/100 brn|[from] item: Life Orb
|
|-damage|p2a: Greninja|63/100 brn|[from] brn
|upkeep
|turn|23
|
|t:|1776053618
|move|p2a: Greninja|Dark Pulse|p1a: Blissey
|-crit|p1a: Blissey
|-damage|p1a: Blissey|3/100
|-damage|p2a: Greninja|53/100 brn|[from] item: Life Orb
|move|p1a: Blissey|Soft-Boiled|p1a: Blissey
|-heal|p1a: Blissey|53/100
|
|-damage|p2a: Greninja|47/100 brn|[from] brn
|upkeep
|turn|24
|
|t:|1776053626
|move|p2a: Greninja|Spikes|p1a: Blissey
|-sidestart|p1: sorry4usingstall|Spikes
|move|p1a: Blissey|Soft-Boiled|p1a: Blissey
|-heal|p1a: Blissey|100/100
|
|-damage|p2a: Greninja|41/100 brn|[from] brn
|upkeep
|turn|25
|
|t:|1776053633
|switch|p2a: Iron Valiant|Iron Valiant|100/100
|-enditem|p2a: Iron Valiant|Booster Energy
|-activate|p2a: Iron Valiant|ability: Quark Drive|[fromitem]
|-start|p2a: Iron Valiant|quarkdrivespe
|move|p1a: Blissey|Seismic Toss|p2a: Iron Valiant
|-damage|p2a: Iron Valiant|66/100
|
|upkeep
|turn|26
|
|t:|1776053636
|switch|p1a: Clodsire|Clodsire, M|75/100
|-damage|p1a: Clodsire|58/100|[from] Spikes
|move|p2a: Iron Valiant|Swords Dance|p2a: Iron Valiant
|-boost|p2a: Iron Valiant|atk|2
|
|upkeep
|turn|27
|
|t:|1776053640
|move|p2a: Iron Valiant|Close Combat|p1a: Clodsire
|-resisted|p1a: Clodsire
|-damage|p1a: Clodsire|25/100
|-unboost|p2a: Iron Valiant|def|1
|-unboost|p2a: Iron Valiant|spd|1
|move|p1a: Clodsire|Recover|p1a: Clodsire
|-heal|p1a: Clodsire|75/100
|
|upkeep
|turn|28
|
|t:|1776053644
|-end|p2a: Iron Valiant|Quark Drive|[silent]
|switch|p2a: Greninja|Greninja, M|41/100 brn
|move|p1a: Clodsire|Toxic||[still]
|-fail|p1a: Clodsire
|
|-damage|p2a: Greninja|35/100 brn|[from] brn
|upkeep
|turn|29
|
|t:|1776053651
|switch|p1a: Toxapex|Toxapex, F|81/100
|-damage|p1a: Toxapex|65/100|[from] Spikes
|move|p2a: Greninja|Spikes|p1a: Toxapex
|-sidestart|p1: sorry4usingstall|Spikes
|
|-damage|p2a: Greninja|29/100 brn|[from] brn
|upkeep
|turn|30
|
|t:|1776053655
|switch|p2a: Glimmora|Glimmora, M|100/100
|move|p1a: Toxapex|Recover|p1a: Toxapex
|-heal|p1a: Toxapex|100/100
|
|upkeep
|turn|31
|
|t:|1776053659
|switch|p1a: Clodsire|Clodsire, M|75/100
|-damage|p1a: Clodsire|50/100|[from] Spikes
|move|p2a: Glimmora|Power Gem|p1a: Clodsire
|-resisted|p1a: Clodsire
|-damage|p1a: Clodsire|38/100
|
|upkeep
|turn|32
|
|t:|1776053663
|switch|p2a: Greninja|Greninja, M|29/100 brn
|move|p1a: Clodsire|Earthquake|p2a: Greninja
|-damage|p2a: Greninja|0 fnt
|faint|p2a: Greninja
|
|upkeep
|
|t:|1776053667
|switch|p2a: Kingambit|Kingambit, F|88/100
|-activate|p2a: Kingambit|ability: Supreme Overlord
|-start|p2a: Kingambit|fallen2|[silent]
|turn|33
|
|t:|1776053674
|switch|p1a: Talonflame|Talonflame, F|100/100
|move|p2a: Kingambit|Iron Head|p1a: Talonflame
|-resisted|p1a: Talonflame
|-damage|p1a: Talonflame|75/100
|-status|p2a: Kingambit|brn|[from] ability: Flame Body|[of] p1a: Talonflame
|
|-heal|p2a: Kingambit|94/100 brn|[from] item: Leftovers
|-damage|p2a: Kingambit|88/100 brn|[from] brn
|upkeep
|turn|34
|
|t:|1776053677
|switch|p1a: Alomomola|Alomomola, F|100/100
|-end|p2a: Kingambit|fallen2|[silent]
|switch|p2a: Glimmora|Glimmora, M|100/100
|
|upkeep
|turn|35
|
|t:|1776053685
|move|p2a: Glimmora|Stealth Rock|p1a: Alomomola
|-sidestart|p1: sorry4usingstall|move: Stealth Rock
|move|p1a: Alomomola|Flip Turn|p2a: Glimmora
|-supereffective|p2a: Glimmora
|-damage|p2a: Glimmora|61/100
|-activate|p2a: Glimmora|ability: Toxic Debris
|-sidestart|p1: sorry4usingstall|move: Toxic Spikes
|
|t:|1776053689
|switch|p1a: Blissey|Blissey, F|100/100|[from] Flip Turn
|-damage|p1a: Blissey|76/100|[from] Spikes
|-damage|p1a: Blissey|63/100|[from] Stealth Rock
|-status|p1a: Blissey|psn
|
|-damage|p1a: Blissey|51/100 psn|[from] psn
|upkeep
|turn|36
|
|t:|1776053694
|switch|p2a: Iron Valiant|Iron Valiant|66/100
|move|p1a: Blissey|Soft-Boiled|p1a: Blissey
|-heal|p1a: Blissey|100/100 psn
|
|-damage|p1a: Blissey|88/100 psn|[from] psn
|upkeep
|turn|37
|
|t:|1776053700
|-curestatus|p1a: Blissey|psn|[from] ability: Natural Cure
|switch|p1a: Talonflame|Talonflame, F|75/100
|move|p2a: Iron Valiant|Knock Off|p1a: Talonflame
|-damage|p1a: Talonflame|40/100
|-enditem|p1a: Talonflame|Heavy-Duty Boots|[from] move: Knock Off|[of] p2a: Iron Valiant
|
|upkeep
|turn|38
|
|t:|1776053706
|move|p2a: Iron Valiant|Swords Dance|p2a: Iron Valiant
|-boost|p2a: Iron Valiant|atk|2
|move|p1a: Talonflame|Defog|p2a: Iron Valiant
|-unboost|p2a: Iron Valiant|evasion|1
|-sideend|p1: sorry4usingstall|Spikes|[from] move: Defog|[of] p1a: Talonflame
|-sideend|p1: sorry4usingstall|Toxic Spikes|[from] move: Defog|[of] p1a: Talonflame
|-sideend|p1: sorry4usingstall|Stealth Rock|[from] move: Defog|[of] p1a: Talonflame
|
|upkeep
|turn|39
|
|t:|1776053715
|move|p2a: Iron Valiant|Close Combat|p1a: Talonflame
|-resisted|p1a: Talonflame
|-damage|p1a: Talonflame|0 fnt
|-unboost|p2a: Iron Valiant|def|1
|-unboost|p2a: Iron Valiant|spd|1
|-status|p2a: Iron Valiant|brn|[from] ability: Flame Body|[of] p1a: Talonflame
|faint|p1a: Talonflame
|
|-damage|p2a: Iron Valiant|60/100 brn|[from] brn
|upkeep
|
|t:|1776053721
|switch|p1a: Alomomola|Alomomola, F|100/100
|turn|40
|
|t:|1776053724
|move|p2a: Iron Valiant|Knock Off|p1a: Alomomola
|-damage|p1a: Alomomola|84/100
|-enditem|p1a: Alomomola|Heavy-Duty Boots|[from] move: Knock Off|[of] p2a: Iron Valiant
|move|p1a: Alomomola|Wish|p1a: Alomomola
|
|-damage|p2a: Iron Valiant|53/100 brn|[from] brn
|upkeep
|turn|41
|l| peneplain
|
|t:|1776053730
|move|p2a: Iron Valiant|Close Combat|p1a: Alomomola
|-damage|p1a: Alomomola|49/100
|-unboost|p2a: Iron Valiant|def|1
|-unboost|p2a: Iron Valiant|spd|1
|move|p1a: Alomomola|Flip Turn|p2a: Iron Valiant
|-damage|p2a: Iron Valiant|12/100 brn
|
|t:|1776053733
|switch|p1a: Dondozo|Dondozo, F|41/100|[from] Flip Turn
|
|-heal|p1a: Dondozo|94/100|[from] move: Wish|[wisher] Alomomola
|-damage|p2a: Iron Valiant|6/100 brn|[from] brn
|upkeep
|turn|42
|
|t:|1776053739
|move|p2a: Iron Valiant|Close Combat|p1a: Dondozo
|-damage|p1a: Dondozo|80/100
|-unboost|p2a: Iron Valiant|def|1
|-unboost|p2a: Iron Valiant|spd|1
|move|p1a: Dondozo|Liquidation|p2a: Iron Valiant
|-damage|p2a: Iron Valiant|0 fnt
|faint|p2a: Iron Valiant
|-end|p2a: Iron Valiant|Quark Drive|[silent]
|
|upkeep
|
|t:|1776053741
|switch|p2a: Glimmora|Glimmora, M|61/100
|turn|43
|
|t:|1776053745
|move|p2a: Glimmora|Stealth Rock|p1a: Dondozo
|-sidestart|p1: sorry4usingstall|move: Stealth Rock
|move|p1a: Dondozo|Liquidation|p2a: Glimmora
|-supereffective|p2a: Glimmora
|-damage|p2a: Glimmora|0 fnt
|-activate|p2a: Glimmora|ability: Toxic Debris
|-sidestart|p1: sorry4usingstall|move: Toxic Spikes
|faint|p2a: Glimmora
|
|upkeep
|
|t:|1776053751
|switch|p2a: Iron Moth|Iron Moth|100/100
|-enditem|p2a: Iron Moth|Booster Energy
|-activate|p2a: Iron Moth|ability: Quark Drive|[fromitem]
|-start|p2a: Iron Moth|quarkdrivespe
|turn|44
|
|t:|1776053760
|switch|p1a: Blissey|Blissey, F|88/100
|-damage|p1a: Blissey|76/100|[from] Stealth Rock
|-status|p1a: Blissey|psn
|move|p2a: Iron Moth|Fiery Dance|p1a: Blissey
|-damage|p1a: Blissey|64/100 psn
|
|-damage|p1a: Blissey|51/100 psn|[from] psn
|upkeep
|turn|45
|
|t:|1776053764
|move|p2a: Iron Moth|Fiery Dance|p1a: Blissey
|-damage|p1a: Blissey|40/100 psn
|move|p1a: Blissey|Seismic Toss|p2a: Iron Moth
|-damage|p2a: Iron Moth|67/100
|
|-damage|p1a: Blissey|27/100 psn|[from] psn
|upkeep
|turn|46
|
|t:|1776053769
|move|p2a: Iron Moth|Fiery Dance|p1a: Blissey
|-damage|p1a: Blissey|16/100 psn
|move|p1a: Blissey|Seismic Toss|p2a: Iron Moth
|-damage|p2a: Iron Moth|34/100
|
|-damage|p1a: Blissey|3/100 psn|[from] psn
|upkeep
|turn|47
|
|t:|1776053772
|move|p2a: Iron Moth|Fiery Dance|p1a: Blissey
|-damage|p1a: Blissey|0 fnt
|faint|p1a: Blissey
|
|upkeep
|
|t:|1776053775
|switch|p1a: Clodsire|Clodsire, M|38/100
|-damage|p1a: Clodsire|32/100|[from] Stealth Rock
|-sideend|p1: sorry4usingstall|move: Toxic Spikes|[of] p1a: Clodsire
|turn|48
|
|t:|1776053782
|-terastallize|p2a: Iron Moth|Ground
|move|p2a: Iron Moth|Tera Blast|p1a: Clodsire|[anim] Tera Blast Ground
|-supereffective|p1a: Clodsire
|-damage|p1a: Clodsire|0 fnt
|faint|p1a: Clodsire
|
|upkeep
|
|t:|1776053797
|switch|p1a: Toxapex|Toxapex, F|100/100
|-damage|p1a: Toxapex|88/100|[from] Stealth Rock
|turn|49
|
|t:|1776053803
|-terastallize|p1a: Toxapex|Fairy
|move|p2a: Iron Moth|Substitute|p2a: Iron Moth
|-start|p2a: Iron Moth|Substitute
|-damage|p2a: Iron Moth|9/100
|move|p1a: Toxapex|Toxic||[still]
|-fail|p1a: Toxapex
|
|upkeep
|turn|50
|c|☆sorry4usingstall|bruh
|
|t:|1776053816
|move|p2a: Iron Moth|Fiery Dance|p1a: Toxapex
|-damage|p1a: Toxapex|51/100
|-boost|p2a: Iron Moth|spa|1
|move|p1a: Toxapex|Infestation|p2a: Iron Moth
|-activate|p2a: Iron Moth|move: Substitute|[damage]
|
|upkeep
|turn|51
|
|t:|1776053822
|move|p2a: Iron Moth|Sludge Wave|p1a: Toxapex
|-supereffective|p1a: Toxapex
|-damage|p1a: Toxapex|0 fnt
|faint|p1a: Toxapex
|
|upkeep
|
|t:|1776053824
|switch|p1a: Dondozo|Dondozo, F|80/100
|-damage|p1a: Dondozo|67/100|[from] Stealth Rock
|turn|52
|
|t:|1776053829
|move|p2a: Iron Moth|Sludge Wave|p1a: Dondozo
|-damage|p1a: Dondozo|18/100
|move|p1a: Dondozo|Rest|p1a: Dondozo
|-status|p1a: Dondozo|slp|[from] move: Rest
|-heal|p1a: Dondozo|100/100 slp|[silent]
|
|upkeep
|turn|53
|
|t:|1776053833
|move|p2a: Iron Moth|Sludge Wave|p1a: Dondozo
|-damage|p1a: Dondozo|52/100 slp
|cant|p1a: Dondozo|slp
|move|p1a: Dondozo|Sleep Talk|p1a: Dondozo
|move|p1a: Dondozo|Body Press|p2a: Iron Moth|[from] move: Sleep Talk
|-end|p2a: Iron Moth|Substitute
|
|upkeep
|turn|54
|
|t:|1776053837
|move|p2a: Iron Moth|Sludge Wave|p1a: Dondozo
|-damage|p1a: Dondozo|5/100 slp
|cant|p1a: Dondozo|slp
|move|p1a: Dondozo|Sleep Talk|p1a: Dondozo
|move|p1a: Dondozo|Liquidation|p2a: Iron Moth|[from] move: Sleep Talk
|-supereffective|p2a: Iron Moth
|-damage|p2a: Iron Moth|0 fnt
|faint|p2a: Iron Moth
|-end|p2a: Iron Moth|Quark Drive|[silent]
|
|upkeep
|
|t:|1776053839
|switch|p2a: Kingambit|Kingambit, F|88/100 brn
|-activate|p2a: Kingambit|ability: Supreme Overlord
|-start|p2a: Kingambit|fallen5|[silent]
|turn|55
|
|t:|1776053843
|move|p2a: Kingambit|Low Kick|p1a: Dondozo
|-damage|p1a: Dondozo|0 fnt
|faint|p1a: Dondozo
|
|-heal|p2a: Kingambit|94/100 brn|[from] item: Leftovers
|-damage|p2a: Kingambit|88/100 brn|[from] brn
|upkeep
|
|t:|1776053848
|switch|p1a: Alomomola|Alomomola, F|82/100
|-damage|p1a: Alomomola|70/100|[from] Stealth Rock
|turn|56
|
|t:|1776053850
|move|p2a: Kingambit|Swords Dance|p2a: Kingambit
|-boost|p2a: Kingambit|atk|2
|move|p1a: Alomomola|Whirlpool|p2a: Kingambit
|-damage|p2a: Kingambit|81/100 brn
|-activate|p2a: Kingambit|move: Whirlpool|[of] p1a: Alomomola
|
|-heal|p2a: Kingambit|87/100 brn|[from] item: Leftovers
|-damage|p2a: Kingambit|81/100 brn|[from] brn
|-damage|p2a: Kingambit|69/100 brn|[from] move: Whirlpool|[partiallytrapped]
|upkeep
|turn|57
|
|t:|1776053855
|move|p2a: Kingambit|Swords Dance|p2a: Kingambit
|-boost|p2a: Kingambit|atk|2
|move|p1a: Alomomola|Wish|p1a: Alomomola
|
|-heal|p2a: Kingambit|75/100 brn|[from] item: Leftovers
|-damage|p2a: Kingambit|69/100 brn|[from] brn
|-damage|p2a: Kingambit|57/100 brn|[from] move: Whirlpool|[partiallytrapped]
|upkeep
|turn|58
|
|t:|1776053859
|move|p2a: Kingambit|Swords Dance|p2a: Kingambit
|-boost|p2a: Kingambit|atk|2
|move|p1a: Alomomola|Whirlpool|p2a: Kingambit
|-damage|p2a: Kingambit|50/100 brn
|
|-heal|p1a: Alomomola|100/100|[from] move: Wish|[wisher] Alomomola
|-heal|p2a: Kingambit|56/100 brn|[from] item: Leftovers
|-damage|p2a: Kingambit|50/100 brn|[from] brn
|-damage|p2a: Kingambit|38/100 brn|[from] move: Whirlpool|[partiallytrapped]
|upkeep
|turn|59
|
|t:|1776053866
|move|p1a: Alomomola|Protect|p1a: Alomomola
|-singleturn|p1a: Alomomola|Protect
|move|p2a: Kingambit|Iron Head|p1a: Alomomola
|-activate|p1a: Alomomola|move: Protect
|
|-heal|p2a: Kingambit|44/100 brn|[from] item: Leftovers
|-damage|p2a: Kingambit|38/100 brn|[from] brn
|-damage|p2a: Kingambit|25/100 brn|[from] move: Whirlpool|[partiallytrapped]
|upkeep
|turn|60
|
|t:|1776053879
|move|p2a: Kingambit|Iron Head|p1a: Alomomola
|-resisted|p1a: Alomomola
|-damage|p1a: Alomomola|62/100
|cant|p1a: Alomomola|flinch
|
|-heal|p2a: Kingambit|32/100 brn|[from] item: Leftovers
|-damage|p2a: Kingambit|25/100 brn|[from] brn
|-damage|p2a: Kingambit|13/100 brn|[from] move: Whirlpool|[partiallytrapped]
|upkeep
|turn|61
|
|t:|1776053888
|move|p1a: Alomomola|Protect|p1a: Alomomola
|-singleturn|p1a: Alomomola|Protect
|move|p2a: Kingambit|Sucker Punch||[still]
|-fail|p2a: Kingambit
|
|-heal|p2a: Kingambit|19/100 brn|[from] item: Leftovers
|-damage|p2a: Kingambit|13/100 brn|[from] brn
|-end|p2a: Kingambit|Whirlpool|[partiallytrapped]
|upkeep
|turn|62
|
|t:|1776053893
|move|p2a: Kingambit|Iron Head|p1a: Alomomola
|-resisted|p1a: Alomomola
|-damage|p1a: Alomomola|27/100
|cant|p1a: Alomomola|flinch
|
|-heal|p2a: Kingambit|19/100 brn|[from] item: Leftovers
|-damage|p2a: Kingambit|13/100 brn|[from] brn
|upkeep
|turn|63
|c|☆drop a baby|bruh
|c|☆sorry4usingstall|crazzy
|c|☆sorry4usingstall|gg, its fine xd
|
|t:|1776053911
|move|p2a: Kingambit|Iron Head|p1a: Alomomola
|-resisted|p1a: Alomomola
|-damage|p1a: Alomomola|0 fnt
|faint|p1a: Alomomola
|
|win|drop a baby
|raw|sorry4usingstall's rating: 1662 &rarr; <strong>1651</strong><br />(-11 for losing)
|raw|drop a baby's rating: 1829 &rarr; <strong>1840</strong><br />(+11 for winning)
|c|☆drop a baby|gg
|c|☆drop a baby|mb
|l|☆sorry4usingstall
|player|p1|
|l| Dhoom Again
|l|☆drop a baby
|player|p2|
