|html|<div class="broadcast-blue"><strong>[Gen 9] OU is currently suspecting Tera Blast! For information on how to participate check out the <a href="https://www.smogon.com/tools/suspects/view/200">suspect thread</a>.</strong></div>
|j|☆mafiacityyy
|j|☆Exilos
|t:|1776056787
|gametype|singles
|player|p1|mafiacityyy|caitlin|1148
|player|p2|Exilos|iono-masters|1162
|gen|9
|tier|[Gen 9] OU
|rated|
|rule|HP Percentage Mod: HP is shown in percentages
|rule|Endless Battle Clause: Forcing endless battles is banned
|rule|Species Clause: Limit one of each Pokémon
|rule|OHKO Clause: OHKO moves are banned
|rule|Evasion Items Clause: Evasion items are banned
|rule|Evasion Moves Clause: Evasion moves are banned
|rule|Evasion Abilities Clause: Evasion abilities are banned
|rule|Sleep Moves Clause: Sleep-inducing moves are banned
|clearpoke
|poke|p1|Dondozo, F|
|poke|p1|Weezing-Galar, F|
|poke|p1|Enamorus, F|
|poke|p1|Ting-Lu|
|poke|p1|Alomomola, M|
|poke|p1|Revavroom, F|
|poke|p2|Pecharunt|
|poke|p2|Mew|
|poke|p2|Iron Valiant|
|poke|p2|Bellibolt, F|
|poke|p2|Dragonite, F|
|poke|p2|Zamazenta-*|
|teampreview
|inactive|Battle timer is ON: inactive players will automatically lose when time's up. (requested by Exilos)
|
|t:|1776056811
|teamsize|p1|6
|teamsize|p2|6
|start
|switch|p1a: Ting-Lu|Ting-Lu|100/100
|switch|p2a: Bellibolt|Bellibolt, F|100/100
|-ability|p1a: Ting-Lu|Vessel of Ruin
|turn|1
|
|t:|1776056822
|switch|p2a: Dragonite|Dragonite, F|100/100
|move|p1a: Ting-Lu|Stealth Rock|p2a: Dragonite
|-sidestart|p2: Exilos|move: Stealth Rock
|
|upkeep
|turn|2
|
|t:|1776056827
|move|p1a: Ting-Lu|Ruination|p2a: Dragonite
|-damage|p2a: Dragonite|50/100
|move|p2a: Dragonite|Dragon Tail|p1a: Ting-Lu
|-damage|p1a: Ting-Lu|81/100
|drag|p1a: Alomomola|Alomomola, M|100/100
|
|upkeep
|turn|3
|
|t:|1776056836
|move|p2a: Dragonite|Roost|p2a: Dragonite
|-heal|p2a: Dragonite|100/100
|-singleturn|p2a: Dragonite|move: Roost
|move|p1a: Alomomola|Wish|p1a: Alomomola
|
|upkeep
|turn|4
|
|t:|1776056848
|switch|p2a: Iron Valiant|Iron Valiant|100/100
|-damage|p2a: Iron Valiant|94/100|[from] Stealth Rock
|-enditem|p2a: Iron Valiant|Booster Energy
|-activate|p2a: Iron Valiant|ability: Quark Drive|[fromitem]
|-start|p2a: Iron Valiant|quarkdrivespe
|switch|p1a: Enamorus|Enamorus, F|100/100
|
|upkeep
|turn|5
|
|t:|1776056868
|switch|p1a: Dondozo|Dondozo, F|100/100
|move|p2a: Iron Valiant|Moonblast|p1a: Dondozo
|-damage|p1a: Dondozo|52/100
|-unboost|p1a: Dondozo|spa|1
|
|-heal|p1a: Dondozo|58/100|[from] item: Leftovers
|upkeep
|turn|6
|
|t:|1776056877
|move|p2a: Iron Valiant|Calm Mind|p2a: Iron Valiant
|-boost|p2a: Iron Valiant|spa|1
|-boost|p2a: Iron Valiant|spd|1
|move|p1a: Dondozo|Wave Crash|p2a: Iron Valiant
|-damage|p2a: Iron Valiant|20/100
|-damage|p1a: Dondozo|44/100|[from] Recoil
|
|-heal|p1a: Dondozo|50/100|[from] item: Leftovers
|upkeep
|turn|7
|
|t:|1776056886
|move|p2a: Iron Valiant|Moonblast|p1a: Dondozo
|-damage|p1a: Dondozo|3/100
|move|p1a: Dondozo|Wave Crash|p2a: Iron Valiant
|-damage|p2a: Iron Valiant|0 fnt
|faint|p2a: Iron Valiant
|-end|p2a: Iron Valiant|Quark Drive|[silent]
|-damage|p1a: Dondozo|0 fnt|[from] Recoil
|faint|p1a: Dondozo
|
|upkeep
|inactive|Exilos has 120 seconds left.
|
|t:|1776056919
|switch|p2a: Zamazenta|Zamazenta|100/100
|switch|p1a: Alomomola|Alomomola, M|100/100
|-damage|p2a: Zamazenta|94/100|[from] Stealth Rock
|-ability|p2a: Zamazenta|Dauntless Shield|boost
|-boost|p2a: Zamazenta|def|1
|turn|8
|
|t:|1776056926
|move|p2a: Zamazenta|Stone Edge|p1a: Alomomola|[miss]
|-miss|p2a: Zamazenta|p1a: Alomomola
|move|p1a: Alomomola|Wish|p1a: Alomomola
|
|upkeep
|turn|9
|
|t:|1776056936
|move|p2a: Zamazenta|Stone Edge|p1a: Alomomola
|-damage|p1a: Alomomola|77/100
|move|p1a: Alomomola|Scald|p2a: Zamazenta
|-damage|p2a: Zamazenta|86/100
|
|-heal|p1a: Alomomola|100/100|[from] move: Wish|[wisher] Alomomola
|upkeep
|turn|10
|
|t:|1776056945
|switch|p2a: Pecharunt|Pecharunt|100/100
|move|p1a: Alomomola|Scald|p2a: Pecharunt
|-damage|p2a: Pecharunt|86/100
|-status|p2a: Pecharunt|brn
|
|-damage|p2a: Pecharunt|80/100 brn|[from] brn
|upkeep
|turn|11
|
|t:|1776056954
|move|p2a: Pecharunt|Malignant Chain|p1a: Alomomola
|-damage|p1a: Alomomola|80/100
|-status|p1a: Alomomola|tox
|-start|p1a: Alomomola|confusion|[from] ability: Poison Puppeteer|[of] p2a: Pecharunt
|-activate|p1a: Alomomola|confusion
|move|p1a: Alomomola|Wish|p1a: Alomomola
|
|-damage|p1a: Alomomola|74/100 tox|[from] psn
|-damage|p2a: Pecharunt|74/100 brn|[from] brn
|upkeep
|turn|12
|
|t:|1776056968
|switch|p1a: Revavroom|Revavroom, F|100/100
|move|p2a: Pecharunt|Parting Shot|p1a: Revavroom
|-unboost|p1a: Revavroom|atk|1
|-unboost|p1a: Revavroom|spa|1
|
|t:|1776056988
|switch|p2a: Dragonite|Dragonite, F|100/100|[from] Parting Shot
|
|upkeep
|turn|13
|
|t:|1776056999
|switch|p2a: Mew|Mew, shiny|100/100
|-damage|p2a: Mew|88/100|[from] Stealth Rock
|move|p1a: Revavroom|Poison Jab|p2a: Mew
|-damage|p2a: Mew|60/100
|
|upkeep
|turn|14
|
|t:|1776057008
|move|p1a: Revavroom|Poison Jab|p2a: Mew
|-damage|p2a: Mew|32/100
|-status|p2a: Mew|psn
|-activate|p2a: Mew|ability: Synchronize
|-immune|p1a: Revavroom
|move|p2a: Mew|Knock Off|p1a: Revavroom
|-damage|p1a: Revavroom|60/100
|-enditem|p1a: Revavroom|Choice Scarf|[from] move: Knock Off|[of] p2a: Mew
|
|-damage|p2a: Mew|20/100 psn|[from] psn
|upkeep
|turn|15
|
|t:|1776057028
|switch|p2a: Dragonite|Dragonite, F|100/100
|move|p1a: Revavroom|Poison Jab|p2a: Dragonite
|-damage|p2a: Dragonite|88/100
|
|upkeep
|turn|16
|
|t:|1776057044
|move|p1a: Revavroom|Spin Out|p2a: Dragonite
|-damage|p2a: Dragonite|56/100
|-unboost|p1a: Revavroom|spe|2
|move|p2a: Dragonite|Earthquake|p1a: Revavroom
|-supereffective|p1a: Revavroom
|-damage|p1a: Revavroom|0 fnt
|faint|p1a: Revavroom
|
|upkeep
|
|t:|1776057054
|switch|p1a: Weezing|Weezing-Galar, F|100/100
|turn|17
|
|t:|1776057074
|switch|p2a: Pecharunt|Pecharunt|74/100 brn
|move|p1a: Weezing|Toxic||[still]
|-fail|p1a: Weezing
|
|-damage|p2a: Pecharunt|68/100 brn|[from] brn
|upkeep
|turn|18
|
|t:|1776057081
|move|p2a: Pecharunt|Parting Shot|p1a: Weezing
|-unboost|p1a: Weezing|atk|1
|-unboost|p1a: Weezing|spa|1
|
|t:|1776057088
|switch|p2a: Bellibolt|Bellibolt, F|100/100|[from] Parting Shot
|-damage|p2a: Bellibolt|88/100|[from] Stealth Rock
|move|p1a: Weezing|Thunderbolt|p2a: Bellibolt
|-resisted|p2a: Bellibolt
|-damage|p2a: Bellibolt|84/100
|-start|p2a: Bellibolt|Charge|Thunderbolt|[from] ability: Electromorphosis
|
|upkeep
|turn|19
|
|t:|1776057103
|switch|p1a: Ting-Lu|Ting-Lu|81/100
|-ability|p1a: Ting-Lu|Vessel of Ruin
|move|p2a: Bellibolt|Chilling Water|p1a: Ting-Lu
|-supereffective|p1a: Ting-Lu
|-damage|p1a: Ting-Lu|71/100
|-unboost|p1a: Ting-Lu|atk|1
|
|-heal|p1a: Ting-Lu|77/100|[from] item: Leftovers
|upkeep
|turn|20
|
|t:|1776057117
|move|p2a: Bellibolt|Chilling Water|p1a: Ting-Lu
|-supereffective|p1a: Ting-Lu
|-damage|p1a: Ting-Lu|67/100
|-unboost|p1a: Ting-Lu|atk|1
|move|p1a: Ting-Lu|Ruination|p2a: Bellibolt
|-damage|p2a: Bellibolt|42/100
|-start|p2a: Bellibolt|Charge|Ruination|[from] ability: Electromorphosis
|
|-heal|p1a: Ting-Lu|73/100|[from] item: Leftovers
|upkeep
|turn|21
|
|t:|1776057127
|move|p1a: Ting-Lu|Earthquake|p2a: Bellibolt
|-supereffective|p2a: Bellibolt
|-damage|p2a: Bellibolt|18/100
|-start|p2a: Bellibolt|Charge|Earthquake|[from] ability: Electromorphosis
|move|p2a: Bellibolt|Chilling Water|p1a: Ting-Lu
|-supereffective|p1a: Ting-Lu
|-damage|p1a: Ting-Lu|62/100
|-unboost|p1a: Ting-Lu|atk|1
|
|-heal|p1a: Ting-Lu|68/100|[from] item: Leftovers
|upkeep
|turn|22
|
|t:|1776057137
|switch|p2a: Zamazenta|Zamazenta|86/100
|-damage|p2a: Zamazenta|80/100|[from] Stealth Rock
|move|p1a: Ting-Lu|Earthquake|p2a: Zamazenta
|-damage|p2a: Zamazenta|67/100
|
|-heal|p1a: Ting-Lu|74/100|[from] item: Leftovers
|upkeep
|turn|23
|
|t:|1776057147
|switch|p1a: Enamorus|Enamorus, F|100/100
|move|p2a: Zamazenta|Close Combat|p1a: Enamorus
|-resisted|p1a: Enamorus
|-damage|p1a: Enamorus|77/100
|-unboost|p2a: Zamazenta|def|1
|-unboost|p2a: Zamazenta|spd|1
|
|upkeep
|turn|24
|
|t:|1776057155
|move|p2a: Zamazenta|Heavy Slam|p1a: Enamorus
|-supereffective|p1a: Enamorus
|-damage|p1a: Enamorus|0 fnt
|faint|p1a: Enamorus
|
|upkeep
|-message|mafiacityyy forfeited.
|
|win|Exilos
|raw|mafiacityyy's rating: 1148 &rarr; <strong>1124</strong><br />(-24 for losing)
|raw|Exilos's rating: 1162 &rarr; <strong>1186</strong><br />(+24 for winning)
|l|☆mafiacityyy
|player|p1|
|l|☆Exilos
|player|p2|
