|html|<div class="broadcast-blue"><strong>[Gen 9] OU is currently suspecting Volcarona! For information on how to participate check out the <a href="https://www.smogon.com/tools/suspects/view/208">suspect thread</a>.</strong></div>
|j|☆big strokuh
|j|☆chetthankz
|t:|1778507435
|gametype|singles
|player|p1|big strokuh|scientist|1475
|player|p2|chetthankz|rood|1456
|gen|9
|tier|[Gen 9] OU
|rated|
|rule|HP Percentage Mod: HP is shown in percentages
|rule|Endless Battle Clause: Forcing endless battles is banned
|rule|Species Clause: Limit one of each Pokémon
|rule|OHKO Clause: OHKO moves are banned
|rule|Evasion Items Clause: Evasion items are banned
|rule|Evasion Moves Clause: Evasion moves are banned
|rule|Evasion Abilities Clause: Evasion abilities are banned
|rule|Sleep Moves Clause: Sleep-inducing moves are banned
|clearpoke
|poke|p1|Gholdengo|
|poke|p1|Landorus-Therian, M|
|poke|p1|Samurott-Hisui, F|
|poke|p1|Kingambit, F|
|poke|p1|Iron Valiant|
|poke|p1|Dragonite, F|
|poke|p2|Magnezone|
|poke|p2|Cinderace, F|
|poke|p2|Regieleki|
|poke|p2|Great Tusk|
|poke|p2|Gholdengo|
|poke|p2|Kyurem|
|teampreview
|inactive|Battle timer is ON: inactive players will automatically lose when time's up. (requested by big strokuh)
|
|t:|1778507449
|teamsize|p1|6
|teamsize|p2|6
|start
|switch|p1a: Samurott|Samurott-Hisui, F|100/100
|switch|p2a: Poo Chainz|Cinderace, F|100/100
|turn|1
|
|t:|1778507455
|move|p1a: Samurott|Aqua Jet|p2a: Poo Chainz
|-supereffective|p2a: Poo Chainz
|-damage|p2a: Poo Chainz|57/100
|move|p2a: Poo Chainz|U-turn|p1a: Samurott
|-start|p2a: Poo Chainz|typechange|Bug|[from] ability: Libero
|-supereffective|p1a: Samurott
|-damage|p1a: Samurott|0 fnt
|faint|p1a: Samurott
|
|t:|1778507469
|switch|p2a: Magnum Jones|Magnezone|100/100|[from] U-turn
|
|upkeep
|
|t:|1778507474
|switch|p1a: Landorus|Landorus-Therian, M|100/100
|-ability|p1a: Landorus|Intimidate|boost
|-unboost|p2a: Magnum Jones|atk|1
|turn|2
|
|t:|1778507478
|-terastallize|p2a: Magnum Jones|Flying
|move|p1a: Landorus|Earthquake|p2a: Magnum Jones
|-immune|p2a: Magnum Jones
|move|p2a: Magnum Jones|Flash Cannon|p1a: Landorus
|-damage|p1a: Landorus|0 fnt
|faint|p1a: Landorus
|
|upkeep
|
|t:|1778507490
|switch|p1a: Iron Valiant|Iron Valiant|100/100
|-enditem|p1a: Iron Valiant|Booster Energy
|-activate|p1a: Iron Valiant|ability: Quark Drive|[fromitem]
|-start|p1a: Iron Valiant|quarkdrivespe
|turn|3
|
|t:|1778507498
|move|p1a: Iron Valiant|Destiny Bond|p1a: Iron Valiant
|-singlemove|p1a: Iron Valiant|Destiny Bond
|move|p2a: Magnum Jones|Flash Cannon|p1a: Iron Valiant
|-supereffective|p1a: Iron Valiant
|-damage|p1a: Iron Valiant|0 fnt
|faint|p1a: Iron Valiant
|-activate|p1a: Iron Valiant|move: Destiny Bond
|-end|p1a: Iron Valiant|Quark Drive|[silent]
|faint|p2a: Magnum Jones
|
|upkeep
|
|t:|1778507510
|switch|p1a: Dragonite|Dragonite, F|100/100
|switch|p2a: Regieleki|Regieleki|100/100
|turn|4
|
|t:|1778507513
|move|p2a: Regieleki|Volt Switch|p1a: Dragonite
|-damage|p1a: Dragonite|67/100
|
|t:|1778507518
|switch|p2a: Big Tuskackus|Great Tusk|100/100|[from] Volt Switch
|-enditem|p2a: Big Tuskackus|Booster Energy
|-activate|p2a: Big Tuskackus|ability: Protosynthesis|[fromitem]
|-start|p2a: Big Tuskackus|protosynthesisspe
|move|p1a: Dragonite|Dragon Dance|p1a: Dragonite
|-boost|p1a: Dragonite|atk|1
|-boost|p1a: Dragonite|spe|1
|
|upkeep
|turn|5
|inactive|big strokuh has 120 seconds left.
|
|t:|1778507555
|-terastallize|p1a: Dragonite|Normal
|move|p2a: Big Tuskackus|Knock Off|p1a: Dragonite
|-damage|p1a: Dragonite|38/100
|-enditem|p1a: Dragonite|Heavy-Duty Boots|[from] move: Knock Off|[of] p2a: Big Tuskackus
|move|p1a: Dragonite|Ice Spinner|p2a: Big Tuskackus
|-supereffective|p2a: Big Tuskackus
|-damage|p2a: Big Tuskackus|43/100
|
|upkeep
|turn|6
|inactive|big strokuh has 120 seconds left.
|
|t:|1778507563
|move|p1a: Dragonite|Extreme Speed|p2a: Big Tuskackus
|-damage|p2a: Big Tuskackus|1/100
|move|p2a: Big Tuskackus|Headlong Rush|p1a: Dragonite
|-damage|p1a: Dragonite|0 fnt
|-unboost|p2a: Big Tuskackus|def|1
|-unboost|p2a: Big Tuskackus|spd|1
|faint|p1a: Dragonite
|
|upkeep
|inactive|big strokuh has 120 seconds left.
|
|t:|1778507570
|switch|p1a: Kingambit|Kingambit, F|100/100
|-activate|p1a: Kingambit|ability: Supreme Overlord
|-start|p1a: Kingambit|fallen4|[silent]
|turn|7
|
|t:|1778507575
|move|p2a: Big Tuskackus|Stealth Rock|p1a: Kingambit
|-sidestart|p1: big strokuh|move: Stealth Rock
|move|p1a: Kingambit|Iron Head|p2a: Big Tuskackus
|-damage|p2a: Big Tuskackus|0 fnt
|faint|p2a: Big Tuskackus
|-end|p2a: Big Tuskackus|Protosynthesis|[silent]
|
|upkeep
|
|t:|1778507579
|switch|p2a: Regieleki|Regieleki|100/100
|turn|8
|
|t:|1778507583
|move|p1a: Kingambit|Sucker Punch|p2a: Regieleki
|-damage|p2a: Regieleki|0 fnt
|faint|p2a: Regieleki
|
|upkeep
|
|t:|1778507591
|switch|p2a: Poo Chainz|Cinderace, F|57/100
|turn|9
|
|t:|1778507599
|move|p2a: Poo Chainz|Sucker Punch|p1a: Kingambit
|-start|p2a: Poo Chainz|typechange|Dark|[from] ability: Libero
|-resisted|p1a: Kingambit
|-damage|p1a: Kingambit|82/100
|move|p1a: Kingambit|Sucker Punch||[still]
|-fail|p1a: Kingambit
|
|-heal|p1a: Kingambit|88/100|[from] item: Leftovers
|upkeep
|turn|10
|
|t:|1778507608
|switch|p2a: Gholdengo|Gholdengo|100/100
|-item|p2a: Gholdengo|Air Balloon
|move|p1a: Kingambit|Sucker Punch||[still]
|-fail|p1a: Kingambit
|
|-heal|p1a: Kingambit|94/100|[from] item: Leftovers
|upkeep
|turn|11
|
|t:|1778507619
|move|p1a: Kingambit|Sucker Punch|p2a: Gholdengo
|-supereffective|p2a: Gholdengo
|-damage|p2a: Gholdengo|0 fnt
|-enditem|p2a: Gholdengo|Air Balloon
|faint|p2a: Gholdengo
|
|-heal|p1a: Kingambit|100/100|[from] item: Leftovers
|upkeep
|
|t:|1778507624
|switch|p2a: Victor Krum|Kyurem|100/100
|-ability|p2a: Victor Krum|Pressure
|turn|12
|
|t:|1778507635
|move|p2a: Victor Krum|Icicle Spear|p1a: Kingambit
|-resisted|p1a: Kingambit
|-damage|p1a: Kingambit|95/100
|-resisted|p1a: Kingambit
|-damage|p1a: Kingambit|90/100
|-resisted|p1a: Kingambit
|-damage|p1a: Kingambit|86/100
|-resisted|p1a: Kingambit
|-damage|p1a: Kingambit|80/100
|-hitcount|p1a: Kingambit|4
|move|p1a: Kingambit|Iron Head|p2a: Victor Krum
|-supereffective|p2a: Victor Krum
|-damage|p2a: Victor Krum|0 fnt
|faint|p2a: Victor Krum
|
|-heal|p1a: Kingambit|86/100|[from] item: Leftovers
|upkeep
|
|t:|1778507638
|switch|p2a: Poo Chainz|Cinderace, F|57/100
|turn|13
|
|t:|1778507646
|move|p2a: Poo Chainz|Sucker Punch|p1a: Kingambit
|-start|p2a: Poo Chainz|typechange|Dark|[from] ability: Libero
|-resisted|p1a: Kingambit
|-damage|p1a: Kingambit|68/100
|move|p1a: Kingambit|Sucker Punch||[still]
|-fail|p1a: Kingambit
|
|-heal|p1a: Kingambit|74/100|[from] item: Leftovers
|upkeep
|turn|14
|
|t:|1778507649
|move|p2a: Poo Chainz|Sucker Punch|p1a: Kingambit
|-resisted|p1a: Kingambit
|-damage|p1a: Kingambit|55/100
|move|p1a: Kingambit|Sucker Punch||[still]
|-fail|p1a: Kingambit
|
|-heal|p1a: Kingambit|62/100|[from] item: Leftovers
|upkeep
|turn|15
|
|t:|1778507652
|move|p2a: Poo Chainz|Sucker Punch|p1a: Kingambit
|-resisted|p1a: Kingambit
|-damage|p1a: Kingambit|43/100
|move|p1a: Kingambit|Sucker Punch||[still]
|-fail|p1a: Kingambit
|
|-heal|p1a: Kingambit|49/100|[from] item: Leftovers
|upkeep
|turn|16
|
|t:|1778507655
|move|p2a: Poo Chainz|Sucker Punch|p1a: Kingambit
|-resisted|p1a: Kingambit
|-crit|p1a: Kingambit
|-damage|p1a: Kingambit|20/100
|move|p1a: Kingambit|Sucker Punch||[still]
|-fail|p1a: Kingambit
|
|-heal|p1a: Kingambit|26/100|[from] item: Leftovers
|upkeep
|turn|17
|
|t:|1778507659
|move|p2a: Poo Chainz|Sucker Punch|p1a: Kingambit
|-resisted|p1a: Kingambit
|-crit|p1a: Kingambit
|-damage|p1a: Kingambit|0 fnt
|faint|p1a: Kingambit
|-end|p1a: Kingambit|fallen4|[silent]
|
|upkeep
|
|t:|1778507661
|switch|p1a: Gholdengo|Gholdengo|100/100
|-damage|p1a: Gholdengo|94/100|[from] Stealth Rock
|turn|18
|c|☆big strokuh|oh youre banded
|c|☆big strokuh|i gotta be so dumb
|
|t:|1778507679
|move|p2a: Poo Chainz|Sucker Punch|p1a: Gholdengo
|-supereffective|p1a: Gholdengo
|-damage|p1a: Gholdengo|0 fnt
|faint|p1a: Gholdengo
|
|win|chetthankz
|raw|big strokuh's rating: 1475 &rarr; <strong>1454</strong><br />(-21 for losing)
|raw|chetthankz's rating: 1456 &rarr; <strong>1477</strong><br />(+21 for winning)
|c|☆chetthankz|Zoinks!
|c|☆big strokuh|w/e
|c|☆big strokuh|thats what i get for playing at work
|c|☆big strokuh|gg
|c|☆chetthankz|same lol gg
|l|☆big strokuh
|player|p1|
|l|☆chetthankz
|player|p2|
