|html|<div class="broadcast-blue"><strong>[Gen 9] OU is currently suspecting Tera Blast! For information on how to participate check out the <a href="https://www.smogon.com/tools/suspects/view/200">suspect thread</a>.</strong></div>
|j|☆KiyutoXx
|j|☆kulaan mey
|t:|1776108305
|gametype|singles
|player|p1|KiyutoXx|acetrainersnowf|1306
|player|p2|kulaan mey|scientist-gen4|1328
|gen|9
|tier|[Gen 9] OU
|rated|
|rule|HP Percentage Mod: HP is shown in percentages
|rule|Endless Battle Clause: Forcing endless battles is banned
|rule|Species Clause: Limit one of each Pokémon
|rule|OHKO Clause: OHKO moves are banned
|rule|Evasion Items Clause: Evasion items are banned
|rule|Evasion Moves Clause: Evasion moves are banned
|rule|Evasion Abilities Clause: Evasion abilities are banned
|rule|Sleep Moves Clause: Sleep-inducing moves are banned
|clearpoke
|poke|p1|Dragapult, M|
|poke|p1|Great Tusk|
|poke|p1|Gholdengo|
|poke|p1|Kingambit, F|
|poke|p1|Rotom-Wash|
|poke|p1|Dragonite, M|
|poke|p2|Incineroar, M|
|poke|p2|Darkrai|
|poke|p2|Rhyperior, M|
|poke|p2|Ting-Lu|
|poke|p2|Kyurem|
|poke|p2|Slowking, M|
|teampreview
|inactive|Battle timer is ON: inactive players will automatically lose when time's up. (requested by KiyutoXx)
|
|t:|1776108321
|teamsize|p1|6
|teamsize|p2|6
|start
|switch|p1a: Dragapult|Dragapult, M|100/100
|switch|p2a: Slowking|Slowking, M, shiny|100/100
|turn|1
|
|t:|1776108328
|move|p1a: Dragapult|Shadow Ball|p2a: Slowking
|-supereffective|p2a: Slowking
|-damage|p2a: Slowking|12/100
|-unboost|p2a: Slowking|spd|1
|move|p2a: Slowking|Thunder Wave|p1a: Dragapult
|-status|p1a: Dragapult|par
|
|upkeep
|turn|2
|
|t:|1776108338
|switch|p2a: Ting-Lu|Ting-Lu, shiny|100/100
|-ability|p2a: Ting-Lu|Vessel of Ruin
|move|p1a: Dragapult|Shadow Ball|p2a: Ting-Lu
|-resisted|p2a: Ting-Lu
|-damage|p2a: Ting-Lu|88/100
|
|-heal|p2a: Ting-Lu|94/100|[from] item: Leftovers
|upkeep
|turn|3
|
|t:|1776108349
|switch|p1a: Great Tusk|Great Tusk|100/100
|move|p2a: Ting-Lu|Ruination|p1a: Great Tusk
|-damage|p1a: Great Tusk|50/100
|
|-heal|p1a: Great Tusk|57/100|[from] item: Leftovers
|-heal|p2a: Ting-Lu|99/100|[from] item: Leftovers
|upkeep
|turn|4
|
|t:|1776108368
|switch|p2a: Incineroar|Incineroar, M, shiny|100/100
|-ability|p2a: Incineroar|Intimidate|boost
|-unboost|p1a: Great Tusk|atk|1
|move|p1a: Great Tusk|Stealth Rock|p2a: Incineroar
|-sidestart|p2: kulaan mey|move: Stealth Rock
|
|-heal|p1a: Great Tusk|63/100|[from] item: Leftovers
|upkeep
|turn|5
|
|t:|1776108379
|move|p1a: Great Tusk|Earthquake|p2a: Incineroar
|-supereffective|p2a: Incineroar
|-damage|p2a: Incineroar|64/100
|move|p2a: Incineroar|Will-O-Wisp|p1a: Great Tusk
|-status|p1a: Great Tusk|brn
|
|-heal|p1a: Great Tusk|69/100 brn|[from] item: Leftovers
|-damage|p1a: Great Tusk|63/100 brn|[from] brn
|upkeep
|turn|6
|
|t:|1776108391
|switch|p2a: Slowking|Slowking, M, shiny|45/100
|move|p1a: Great Tusk|Earthquake|p2a: Slowking
|-damage|p2a: Slowking|35/100
|
|-heal|p1a: Great Tusk|69/100 brn|[from] item: Leftovers
|-damage|p1a: Great Tusk|63/100 brn|[from] brn
|upkeep
|turn|7
|
|t:|1776108400
|-end|p1a: Great Tusk|Protosynthesis|[silent]
|switch|p1a: Dragapult|Dragapult, M|100/100 par
|move|p2a: Slowking|Future Sight|p1a: Dragapult
|-start|p2a: Slowking|move: Future Sight
|
|upkeep
|turn|8
|
|t:|1776108405
|switch|p2a: Ting-Lu|Ting-Lu, shiny|99/100
|-damage|p2a: Ting-Lu|94/100|[from] Stealth Rock
|-ability|p2a: Ting-Lu|Vessel of Ruin
|move|p1a: Dragapult|Shadow Ball|p2a: Ting-Lu
|-resisted|p2a: Ting-Lu
|-damage|p2a: Ting-Lu|79/100
|-unboost|p2a: Ting-Lu|spd|1
|
|-heal|p2a: Ting-Lu|85/100|[from] item: Leftovers
|upkeep
|turn|9
|
|t:|1776108419
|switch|p1a: Great Tusk|Great Tusk|63/100 brn
|move|p2a: Ting-Lu|Earthquake|p1a: Great Tusk
|-damage|p1a: Great Tusk|45/100 brn
|
|-end|p1a: Great Tusk|move: Future Sight
|-supereffective|p1a: Great Tusk
|-damage|p1a: Great Tusk|0 fnt
|faint|p1a: Great Tusk
|-end|p1a: Great Tusk|Protosynthesis|[silent]
|-heal|p2a: Ting-Lu|91/100|[from] item: Leftovers
|upkeep
|
|t:|1776108429
|switch|p1a: Rotom|Rotom-Wash|100/100
|turn|10
|
|t:|1776108435
|move|p1a: Rotom|Hydro Pump|p2a: Ting-Lu
|-supereffective|p2a: Ting-Lu
|-damage|p2a: Ting-Lu|8/100
|move|p2a: Ting-Lu|Spikes|p1a: Rotom
|-sidestart|p1: KiyutoXx|Spikes
|
|-heal|p2a: Ting-Lu|14/100|[from] item: Leftovers
|upkeep
|turn|11
|
|t:|1776108442
|move|p1a: Rotom|Hydro Pump|p2a: Ting-Lu
|-supereffective|p2a: Ting-Lu
|-damage|p2a: Ting-Lu|0 fnt
|faint|p2a: Ting-Lu
|
|upkeep
|
|t:|1776108444
|switch|p2a: Slowking|Slowking, M, shiny|69/100
|turn|12
|
|t:|1776108450
|switch|p1a: Dragapult|Dragapult, M|100/100 par
|-damage|p1a: Dragapult|88/100 par|[from] Spikes
|move|p2a: Slowking|Future Sight|p1a: Dragapult
|-start|p2a: Slowking|move: Future Sight
|
|upkeep
|turn|13
|
|t:|1776108456
|switch|p2a: Rhyperior|Rhyperior, M|100/100
|-damage|p2a: Rhyperior|94/100|[from] Stealth Rock
|move|p1a: Dragapult|Shadow Ball|p2a: Rhyperior
|-damage|p2a: Rhyperior|40/100
|-unboost|p2a: Rhyperior|spd|1
|
|-heal|p2a: Rhyperior|46/100|[from] item: Leftovers
|upkeep
|turn|14
|
|t:|1776108465
|move|p1a: Dragapult|Shadow Ball|p2a: Rhyperior
|-damage|p2a: Rhyperior|0 fnt
|faint|p2a: Rhyperior
|
|-end|p1a: Dragapult|move: Future Sight
|-damage|p1a: Dragapult|34/100 par
|upkeep
|
|t:|1776108473
|switch|p2a: Darkrai|Darkrai|100/100
|-damage|p2a: Darkrai|88/100|[from] Stealth Rock
|turn|15
|
|t:|1776108481
|switch|p1a: Rotom|Rotom-Wash|100/100
|move|p2a: Darkrai|Dark Pulse|p1a: Rotom
|-damage|p1a: Rotom|7/100
|
|upkeep
|turn|16
|
|t:|1776108491
|move|p1a: Rotom|Thunderbolt|p2a: Darkrai
|-damage|p2a: Darkrai|31/100
|move|p2a: Darkrai|Dark Pulse|p1a: Rotom
|-damage|p1a: Rotom|0 fnt
|faint|p1a: Rotom
|
|upkeep
|
|t:|1776108498
|switch|p1a: Dragonite|Dragonite, M|100/100
|turn|17
|
|t:|1776108510
|move|p1a: Dragonite|Extreme Speed|p2a: Darkrai
|-damage|p2a: Darkrai|0 fnt
|faint|p2a: Darkrai
|
|upkeep
|
|t:|1776108513
|switch|p2a: Incineroar|Incineroar, M, shiny|64/100
|-ability|p2a: Incineroar|Intimidate|boost
|-unboost|p1a: Dragonite|atk|1
|turn|18
|
|t:|1776108526
|move|p1a: Dragonite|Earthquake|p2a: Incineroar
|-supereffective|p2a: Incineroar
|-crit|p2a: Incineroar
|-damage|p2a: Incineroar|0 fnt
|faint|p2a: Incineroar
|
|upkeep
|
|t:|1776108529
|switch|p2a: Slowking|Slowking, M, shiny|100/100
|turn|19
|
|t:|1776108534
|switch|p1a: Dragapult|Dragapult, M|34/100 par
|-damage|p1a: Dragapult|22/100 par|[from] Spikes
|move|p2a: Slowking|Future Sight|p1a: Dragapult
|-start|p2a: Slowking|move: Future Sight
|
|upkeep
|turn|20
|
|t:|1776108542
|move|p1a: Dragapult|Shadow Ball|p2a: Slowking
|-supereffective|p2a: Slowking
|-damage|p2a: Slowking|17/100
|-prepare|p2a: Slowking|Chilly Reception|[premajor]
|move|p2a: Slowking|Chilly Reception|p2a: Slowking
|-weather|Snowscape
|
|t:|1776108544
|switch|p2a: Kyurem|Kyurem|100/100|[from] Chilly Reception
|-damage|p2a: Kyurem|75/100|[from] Stealth Rock
|-ability|p2a: Kyurem|Pressure
|
|-weather|Snowscape|[upkeep]
|upkeep
|turn|21
|
|t:|1776108555
|move|p2a: Kyurem|Freeze-Dry|p1a: Dragapult
|-supereffective|p1a: Dragapult
|-damage|p1a: Dragapult|0 fnt
|faint|p1a: Dragapult
|
|-weather|Snowscape|[upkeep]
|-hint|Future Sight did not hit because the target is fainted.
|upkeep
|
|t:|1776108565
|switch|p1a: Gholdengo|Gholdengo, shiny|100/100
|-item|p1a: Gholdengo|Air Balloon
|turn|22
|
|t:|1776108573
|-terastallize|p2a: Kyurem|Steel
|move|p1a: Gholdengo|Make It Rain|p2a: Kyurem
|-resisted|p2a: Kyurem
|-damage|p2a: Kyurem|57/100
|-unboost|p1a: Gholdengo|spa|1
|move|p2a: Kyurem|Freeze-Dry|p1a: Gholdengo
|-resisted|p1a: Gholdengo
|-damage|p1a: Gholdengo|77/100
|-enditem|p1a: Gholdengo|Air Balloon
|
|-weather|Snowscape|[upkeep]
|upkeep
|turn|23
|
|t:|1776108585
|move|p1a: Gholdengo|Nasty Plot|p1a: Gholdengo
|-boost|p1a: Gholdengo|spa|2
|move|p2a: Kyurem|Earth Power|p1a: Gholdengo
|-supereffective|p1a: Gholdengo
|-damage|p1a: Gholdengo|5/100
|
|-weather|Snowscape|[upkeep]
|upkeep
|turn|24
|
|t:|1776108594
|move|p1a: Gholdengo|Shadow Ball|p2a: Kyurem
|-damage|p2a: Kyurem|24/100
|move|p2a: Kyurem|Ice Beam|p1a: Gholdengo
|-resisted|p1a: Gholdengo
|-damage|p1a: Gholdengo|0 fnt
|faint|p1a: Gholdengo
|
|-weather|none
|upkeep
|
|t:|1776108603
|switch|p1a: Dragonite|Dragonite, M|100/100
|turn|25
|
|t:|1776108607
|move|p2a: Kyurem|Ice Beam|p1a: Dragonite
|-supereffective|p1a: Dragonite
|-damage|p1a: Dragonite|4/100
|move|p1a: Dragonite|Earthquake|p2a: Kyurem
|-supereffective|p2a: Kyurem
|-damage|p2a: Kyurem|0 fnt
|faint|p2a: Kyurem
|
|upkeep
|
|t:|1776108610
|switch|p2a: Slowking|Slowking, M, shiny|50/100
|turn|26
|
|t:|1776108624
|move|p1a: Dragonite|Extreme Speed|p2a: Slowking
|-damage|p2a: Slowking|27/100
|move|p2a: Slowking|Scald|p1a: Dragonite
|-resisted|p1a: Dragonite
|-damage|p1a: Dragonite|0 fnt
|faint|p1a: Dragonite
|
|upkeep
|
|t:|1776108631
|switch|p1a: Kingambit|Kingambit, F|100/100
|-damage|p1a: Kingambit|88/100|[from] Spikes
|-activate|p1a: Kingambit|ability: Supreme Overlord
|-start|p1a: Kingambit|fallen5|[silent]
|turn|27
|
|t:|1776108637
|-terastallize|p1a: Kingambit|Dark
|move|p1a: Kingambit|Kowtow Cleave|p2a: Slowking
|-supereffective|p2a: Slowking
|-damage|p2a: Slowking|0 fnt
|faint|p2a: Slowking
|
|win|KiyutoXx
|raw|KiyutoXx's rating: 1306 &rarr; <strong>1327</strong><br />(+21 for winning)
|raw|kulaan mey's rating: 1328 &rarr; <strong>1307</strong><br />(-21 for losing)
|l|☆kulaan mey
|player|p2|
|c|☆KiyutoXx|gg
|l|☆KiyutoXx
|player|p1|
