|j|☆Sulfura152
|j|☆kyyyroooo
|t:|1776280394
|gametype|singles
|player|p1|Sulfura152|turo-ai|
|player|p2|kyyyroooo|volo-ginkgo|
|gen|9
|tier|[Gen 9] OU
|rated|Tournament battle
|rule|HP Percentage Mod: HP is shown in percentages
|rule|Endless Battle Clause: Forcing endless battles is banned
|rule|OHKO Clause: OHKO moves are banned
|rule|Evasion Items Clause: Evasion items are banned
|rule|Evasion Moves Clause: Evasion moves are banned
|rule|Evasion Abilities Clause: Evasion abilities are banned
|rule|Sleep Moves Clause: Sleep-inducing moves are banned
|raw|<div class="infobox"><details class="readmore" open><summary><strong>2 custom rules:</strong></summary> !species clause, min level=100</details></div>
|clearpoke
|poke|p1|Luxio, F|
|poke|p1|Dodrio, M|
|poke|p1|Chansey, F|
|poke|p2|Psyduck, M|
|poke|p2|Copperajah, M|
|poke|p2|Dragapult, F|
|teampreview
|inactive|Battle timer is ON: inactive players will automatically lose when time's up. (requested by Sulfura152)
|inactive|kyyyroooo also wants the timer to be on.
|j| Aphynobiprime
|c|☆kyyyroooo|hf
|j| orteliun
|j|@Thorys
|j| Tyranhorys Rex
|c|☆Sulfura152|glhf
|
|t:|1776280411
|teamsize|p1|3
|teamsize|p2|3
|start
|switch|p1a: Luxio|Luxio, F|100/100
|switch|p2a: Copperajah|Copperajah, M|100/100
|-ability|p1a: Luxio|Intimidate|boost
|-unboost|p2a: Copperajah|atk|1
|turn|1
|c| Tyranhorys Rex|Wesh la team de kyro
|j| chinchidou<3
|
|t:|1776280420
|move|p1a: Luxio|Fire Fang|p2a: Copperajah
|-supereffective|p2a: Copperajah
|-damage|p2a: Copperajah|63/100
|cant|p2a: Copperajah|flinch
|
|upkeep
|turn|2
|
|t:|1776280424
|switch|p2a: Psyduck|Psyduck, M, shiny|100/100
|-ability|p2a: Psyduck|Cloud Nine
|move|p1a: Luxio|Fire Fang|p2a: Psyduck
|-resisted|p2a: Psyduck
|-damage|p2a: Psyduck|83/100
|
|-heal|p2a: Psyduck|90/100|[from] item: Leftovers
|upkeep
|turn|3
|
|t:|1776280429
|switch|p1a: Chansey|Chansey, F|100/100
|move|p2a: Psyduck|Encore||[still]
|-fail|p2a: Psyduck
|
|-heal|p2a: Psyduck|96/100|[from] item: Leftovers
|upkeep
|turn|4
|
|t:|1776280435
|move|p2a: Psyduck|Surf|p1a: Chansey
|-damage|p1a: Chansey|91/100
|move|p1a: Chansey|Stealth Rock|p2a: Psyduck
|-sidestart|p2: kyyyroooo|move: Stealth Rock
|
|-heal|p2a: Psyduck|100/100|[from] item: Leftovers
|upkeep
|turn|5
|
|t:|1776280438
|switch|p1a: Luxio|Luxio, F|100/100
|-ability|p1a: Luxio|Intimidate|boost
|-unboost|p2a: Psyduck|atk|1
|move|p2a: Psyduck|Encore||[still]
|-fail|p2a: Psyduck
|
|upkeep
|turn|6
|j| RB2012!
|
|t:|1776280445
|move|p2a: Psyduck|Vacuum Wave|p1a: Luxio
|-damage|p1a: Luxio|85/100
|move|p1a: Luxio|Trailblaze|p2a: Psyduck
|-supereffective|p2a: Psyduck
|-damage|p2a: Psyduck|43/100
|-boost|p1a: Luxio|spe|1
|
|-heal|p2a: Psyduck|50/100|[from] item: Leftovers
|upkeep
|turn|7
|
|t:|1776280452
|move|p2a: Psyduck|Vacuum Wave|p1a: Luxio
|-damage|p1a: Luxio|71/100
|move|p1a: Luxio|Trailblaze|p2a: Psyduck
|-supereffective|p2a: Psyduck
|-damage|p2a: Psyduck|0 fnt
|-boost|p1a: Luxio|spe|1
|faint|p2a: Psyduck
|
|upkeep
|
|t:|1776280463
|switch|p2a: Copperajah|Copperajah, M|63/100
|-damage|p2a: Copperajah|57/100|[from] Stealth Rock
|turn|8
|
|t:|1776280474
|-terastallize|p2a: Copperajah|Dragon
|move|p1a: Luxio|Wild Charge|p2a: Copperajah
|-resisted|p2a: Copperajah
|-damage|p2a: Copperajah|39/100
|-damage|p1a: Luxio|63/100|[from] Recoil
|move|p2a: Copperajah|Outrage|p1a: Luxio
|-damage|p1a: Luxio|0 fnt
|faint|p1a: Luxio
|
|upkeep
|
|t:|1776280485
|switch|p1a: Dodrio|Dodrio, M|100/100
|turn|9
|
|t:|1776280491
|move|p1a: Dodrio|Endure|p1a: Dodrio
|-singleturn|p1a: Dodrio|move: Endure
|move|p2a: Copperajah|Outrage|p1a: Dodrio|[from] lockedmove
|-activate|p1a: Dodrio|move: Endure
|-damage|p1a: Dodrio|1/100
|-enditem|p1a: Dodrio|Liechi Berry|[eat]
|-boost|p1a: Dodrio|atk|1|[from] item: Liechi Berry
|-start|p2a: Copperajah|confusion|[fatigue]
|
|upkeep
|turn|10
|
|t:|1776280500
|move|p1a: Dodrio|Acrobatics|p2a: Copperajah
|-damage|p2a: Copperajah|0 fnt
|faint|p2a: Copperajah
|
|upkeep
|
|t:|1776280503
|switch|p2a: Dragapult|Dragapult, F, shiny|100/100
|-damage|p2a: Dragapult|88/100|[from] Stealth Rock
|turn|11
|
|t:|1776280506
|switch|p1a: Chansey|Chansey, F|91/100
|move|p2a: Dragapult|Dragon Darts|p1a: Chansey
|-damage|p1a: Chansey|69/100
|-anim|p2a: Dragapult|Dragon Darts|p1a: Chansey
|-damage|p1a: Chansey|50/100
|-damage|p2a: Dragapult|78/100|[from] item: Life Orb
|
|upkeep
|turn|12
|
|t:|1776280513
|move|p2a: Dragapult|Dragon Darts|p1a: Chansey
|-damage|p1a: Chansey|31/100
|-anim|p2a: Dragapult|Dragon Darts|p1a: Chansey
|-damage|p1a: Chansey|10/100
|-damage|p2a: Dragapult|69/100|[from] item: Life Orb
|move|p1a: Chansey|Soft-Boiled|p1a: Chansey
|-heal|p1a: Chansey|60/100
|
|upkeep
|turn|13
|
|t:|1776280519
|move|p2a: Dragapult|Dragon Darts|p1a: Chansey
|-crit|p1a: Chansey
|-damage|p1a: Chansey|29/100
|-anim|p2a: Dragapult|Dragon Darts|p1a: Chansey
|-damage|p1a: Chansey|10/100
|-damage|p2a: Dragapult|59/100|[from] item: Life Orb
|move|p1a: Chansey|Soft-Boiled|p1a: Chansey
|-heal|p1a: Chansey|60/100
|
|upkeep
|turn|14
|j|+Akotelette
|
|t:|1776280531
|move|p2a: Dragapult|Dragon Darts|p1a: Chansey
|-damage|p1a: Chansey|41/100
|-anim|p2a: Dragapult|Dragon Darts|p1a: Chansey
|-damage|p1a: Chansey|19/100
|-damage|p2a: Dragapult|49/100|[from] item: Life Orb
|move|p1a: Chansey|Soft-Boiled|p1a: Chansey
|-heal|p1a: Chansey|69/100
|
|upkeep
|turn|15
|
|t:|1776280536
|move|p2a: Dragapult|Sucker Punch||[still]
|-fail|p2a: Dragapult
|move|p1a: Chansey|Soft-Boiled|p1a: Chansey
|-heal|p1a: Chansey|100/100
|
|upkeep
|turn|16
|
|t:|1776280539
|move|p2a: Dragapult|Dragon Darts|p1a: Chansey
|-damage|p1a: Chansey|80/100
|-anim|p2a: Dragapult|Dragon Darts|p1a: Chansey
|-damage|p1a: Chansey|58/100
|-damage|p2a: Dragapult|39/100|[from] item: Life Orb
|move|p1a: Chansey|Thunder Wave|p2a: Dragapult
|-status|p2a: Dragapult|par
|
|upkeep
|turn|17
|
|t:|1776280542
|cant|p2a: Dragapult|par
|move|p1a: Chansey|Soft-Boiled|p1a: Chansey
|-heal|p1a: Chansey|100/100
|
|upkeep
|turn|18
|j|+tf
|l| chinchidou<3
|c|☆kyyyroooo|gg
|l| orteliun
|-message|kyyyroooo forfeited.
|
|win|Sulfura152
|n|☆Sulfura152|sulfura152
|n|☆kyyyroooo|kyyyroooo
|n| Aphynobiprime|aphynobiprime
|n| Thorys|thorys
|n| Tyranhorys Rex|tyranhorysrex
|n| RB2012!|rb2012
|n| Akotelette|akotelette
|n| tf|tf
