|html|<div class="broadcast-blue"><strong>[Gen 9] OU is currently suspecting Tera Blast! For information on how to participate check out the <a href="https://www.smogon.com/tools/suspects/view/200">suspect thread</a>.</strong></div>
|j|☆Mynooismybko
|j|☆Sm00th23
|t:|1776055549
|gametype|singles
|player|p1|Mynooismybko|265|1077
|player|p2|Sm00th23|alder|1065
|gen|9
|tier|[Gen 9] OU
|rated|
|rule|HP Percentage Mod: HP is shown in percentages
|rule|Endless Battle Clause: Forcing endless battles is banned
|rule|Species Clause: Limit one of each Pokémon
|rule|OHKO Clause: OHKO moves are banned
|rule|Evasion Items Clause: Evasion items are banned
|rule|Evasion Moves Clause: Evasion moves are banned
|rule|Evasion Abilities Clause: Evasion abilities are banned
|rule|Sleep Moves Clause: Sleep-inducing moves are banned
|clearpoke
|poke|p1|Froslass, F|
|poke|p1|Palossand, M|
|poke|p1|Chandelure, M|
|poke|p1|Mimikyu, F|
|poke|p1|Spiritomb, F|
|poke|p1|Ceruledge, M|
|poke|p2|Darkrai|
|poke|p2|Iron Treads|
|poke|p2|Tornadus-Therian, M|
|poke|p2|Primarina, F|
|poke|p2|Goodra-Hisui, M|
|poke|p2|Rillaboom, F|
|teampreview
|inactive|Battle timer is ON: inactive players will automatically lose when time's up. (requested by Mynooismybko)
|
|t:|1776055561
|teamsize|p1|6
|teamsize|p2|6
|start
|switch|p1a: Froslass|Froslass, F|100/100
|switch|p2a: Iron Treads|Iron Treads|100/100
|turn|1
|
|t:|1776055567
|move|p1a: Froslass|Taunt|p2a: Iron Treads
|-start|p2a: Iron Treads|move: Taunt
|cant|p2a: Iron Treads|move: Taunt|Stealth Rock
|
|upkeep
|turn|2
|
|t:|1776055573
|move|p1a: Froslass|Spikes|p2a: Iron Treads
|-sidestart|p2: Sm00th23|Spikes
|move|p2a: Iron Treads|Iron Head|p1a: Froslass
|-supereffective|p1a: Froslass
|-enditem|p1a: Froslass|Focus Sash
|-damage|p1a: Froslass|1/100
|
|upkeep
|turn|3
|
|t:|1776055583
|move|p1a: Froslass|Spikes|p2a: Iron Treads
|-sidestart|p2: Sm00th23|Spikes
|move|p2a: Iron Treads|Earthquake|p1a: Froslass
|-damage|p1a: Froslass|0 fnt
|faint|p1a: Froslass
|
|-end|p2a: Iron Treads|move: Taunt
|upkeep
|
|t:|1776055599
|switch|p1a: Mimikyu|Mimikyu, F, shiny|100/100
|turn|4
|
|t:|1776055603
|move|p2a: Iron Treads|Iron Head|p1a: Mimikyu
|-activate|p1a: Mimikyu|ability: Disguise
|-damage|p1a: Mimikyu|100/100
|detailschange|p1a: Mimikyu|Mimikyu-Busted, F, shiny
|-damage|p1a: Mimikyu|88/100|[from] pokemon: Mimikyu-Busted
|move|p1a: Mimikyu|Swords Dance|p1a: Mimikyu
|-boost|p1a: Mimikyu|atk|2
|
|upkeep
|turn|5
|
|t:|1776055614
|move|p2a: Iron Treads|Iron Head|p1a: Mimikyu
|-supereffective|p1a: Mimikyu
|-damage|p1a: Mimikyu|0 fnt
|faint|p1a: Mimikyu
|
|upkeep
|
|t:|1776055622
|switch|p1a: Chandelure|Chandelure, M|100/100
|turn|6
|
|t:|1776055626
|move|p2a: Iron Treads|Earthquake|p1a: Chandelure
|-supereffective|p1a: Chandelure
|-damage|p1a: Chandelure|0 fnt
|faint|p1a: Chandelure
|
|upkeep
|
|t:|1776055633
|switch|p1a: Palossand|Palossand, M|100/100
|turn|7
|
|t:|1776055640
|move|p2a: Iron Treads|Earthquake|p1a: Palossand
|-damage|p1a: Palossand|71/100
|move|p1a: Palossand|Earth Power|p2a: Iron Treads
|-supereffective|p2a: Iron Treads
|-damage|p2a: Iron Treads|13/100
|
|-heal|p2a: Iron Treads|19/100|[from] item: Leftovers
|-heal|p1a: Palossand|78/100|[from] item: Leftovers
|upkeep
|turn|8
|
|t:|1776055649
|move|p2a: Iron Treads|Stealth Rock|p1a: Palossand
|-sidestart|p1: Mynooismybko|move: Stealth Rock
|move|p1a: Palossand|Earth Power|p2a: Iron Treads
|-supereffective|p2a: Iron Treads
|-damage|p2a: Iron Treads|0 fnt
|faint|p2a: Iron Treads
|-end|p2a: Iron Treads|Quark Drive|[silent]
|
|-heal|p1a: Palossand|84/100|[from] item: Leftovers
|upkeep
|
|t:|1776055661
|switch|p2a: Rillaboom|Rillaboom, F|100/100
|-damage|p2a: Rillaboom|84/100|[from] Spikes
|-fieldstart|move: Grassy Terrain|[from] ability: Grassy Surge|[of] p2a: Rillaboom
|turn|9
|
|t:|1776055674
|switch|p1a: Ceruledge|Ceruledge, M|100/100
|move|p2a: Rillaboom|Knock Off|p1a: Ceruledge
|-supereffective|p1a: Ceruledge
|-damage|p1a: Ceruledge|0 fnt
|-enditem|p1a: Ceruledge|Heavy-Duty Boots|[from] move: Knock Off|[of] p2a: Rillaboom
|faint|p1a: Ceruledge
|
|-heal|p2a: Rillaboom|90/100|[from] Grassy Terrain
|upkeep
|
|t:|1776055684
|switch|p1a: Spiritomb|Spiritomb, F|100/100
|-damage|p1a: Spiritomb|88/100|[from] Stealth Rock
|turn|10
|
|t:|1776055691
|move|p2a: Rillaboom|Knock Off|p1a: Spiritomb
|-damage|p1a: Spiritomb|43/100
|-enditem|p1a: Spiritomb|Leftovers|[from] move: Knock Off|[of] p2a: Rillaboom
|move|p1a: Spiritomb|Foul Play|p2a: Rillaboom
|-damage|p2a: Rillaboom|40/100
|
|-heal|p2a: Rillaboom|46/100|[from] Grassy Terrain
|-heal|p1a: Spiritomb|49/100|[from] Grassy Terrain
|upkeep
|turn|11
|
|t:|1776055701
|switch|p2a: Goodra|Goodra-Hisui, M|100/100
|-damage|p2a: Goodra|84/100|[from] Spikes
|move|p1a: Spiritomb|Hex|p2a: Goodra
|-damage|p2a: Goodra|75/100
|
|-heal|p2a: Goodra|81/100|[from] Grassy Terrain
|-heal|p2a: Goodra|87/100|[from] item: Leftovers
|-heal|p1a: Spiritomb|55/100|[from] Grassy Terrain
|upkeep
|turn|12
|
|t:|1776055714
|move|p1a: Spiritomb|Foul Play|p2a: Goodra
|-damage|p2a: Goodra|58/100
|move|p2a: Goodra|Dragon Tail|p1a: Spiritomb
|-damage|p1a: Spiritomb|35/100
|drag|p1a: Palossand|Palossand, M|84/100
|-damage|p1a: Palossand|78/100|[from] Stealth Rock
|
|-heal|p2a: Goodra|64/100|[from] Grassy Terrain
|-heal|p2a: Goodra|70/100|[from] item: Leftovers
|-heal|p1a: Palossand|84/100|[from] Grassy Terrain
|-heal|p1a: Palossand|90/100|[from] item: Leftovers
|upkeep
|turn|13
|
|t:|1776055729
|move|p2a: Goodra|Knock Off|p1a: Palossand
|-supereffective|p1a: Palossand
|-crit|p1a: Palossand
|-damage|p1a: Palossand|50/100
|-enditem|p1a: Palossand|Leftovers|[from] move: Knock Off|[of] p2a: Goodra
|move|p1a: Palossand|Earth Power|p2a: Goodra
|-supereffective|p2a: Goodra
|-damage|p2a: Goodra|40/100
|
|-heal|p2a: Goodra|46/100|[from] Grassy Terrain
|-heal|p2a: Goodra|52/100|[from] item: Leftovers
|-heal|p1a: Palossand|56/100|[from] Grassy Terrain
|-fieldend|move: Grassy Terrain
|upkeep
|turn|14
|
|t:|1776055742
|move|p1a: Palossand|Earth Power|p2a: Goodra
|-supereffective|p2a: Goodra
|-damage|p2a: Goodra|20/100
|move|p2a: Goodra|Dragon Tail|p1a: Palossand
|-damage|p1a: Palossand|43/100
|drag|p1a: Spiritomb|Spiritomb, F|35/100
|-damage|p1a: Spiritomb|22/100|[from] Stealth Rock
|
|-heal|p2a: Goodra|26/100|[from] item: Leftovers
|upkeep
|turn|15
|
|t:|1776055754
|move|p1a: Spiritomb|Foul Play|p2a: Goodra
|-damage|p2a: Goodra|0 fnt
|faint|p2a: Goodra
|
|upkeep
|
|t:|1776055765
|switch|p2a: Rillaboom|Rillaboom, F|46/100
|-damage|p2a: Rillaboom|30/100|[from] Spikes
|-fieldstart|move: Grassy Terrain|[from] ability: Grassy Surge|[of] p2a: Rillaboom
|turn|16
|
|t:|1776055773
|move|p2a: Rillaboom|Grassy Glide|p1a: Spiritomb
|-damage|p1a: Spiritomb|0 fnt
|faint|p1a: Spiritomb
|
|-heal|p2a: Rillaboom|36/100|[from] Grassy Terrain
|upkeep
|
|t:|1776055781
|switch|p1a: Palossand|Palossand, M|43/100
|-damage|p1a: Palossand|37/100|[from] Stealth Rock
|turn|17
|
|t:|1776055789
|move|p2a: Rillaboom|Grassy Glide|p1a: Palossand
|-supereffective|p1a: Palossand
|-damage|p1a: Palossand|0 fnt
|faint|p1a: Palossand
|
|win|Sm00th23
|raw|Mynooismybko's rating: 1077 &rarr; <strong>1055</strong><br />(-22 for losing)
|raw|Sm00th23's rating: 1065 &rarr; <strong>1096</strong><br />(+31 for winning)
|l|☆Mynooismybko
|player|p1|
|l|☆Sm00th23
|player|p2|
