|html|<div class="broadcast-blue"><strong>[Gen 9] OU is currently suspecting Tera Blast! For information on how to participate check out the <a href="https://www.smogon.com/tools/suspects/view/200">suspect thread</a>.</strong></div>
|j|☆hillbilly z
|j|☆Chorley Cakes
|t:|1776105170
|gametype|singles
|player|p1|hillbilly z|266|1677
|player|p2|Chorley Cakes|waiter-gen4|1567
|gen|9
|tier|[Gen 9] OU
|rated|
|rule|HP Percentage Mod: HP is shown in percentages
|rule|Endless Battle Clause: Forcing endless battles is banned
|rule|Species Clause: Limit one of each Pokémon
|rule|OHKO Clause: OHKO moves are banned
|rule|Evasion Items Clause: Evasion items are banned
|rule|Evasion Moves Clause: Evasion moves are banned
|rule|Evasion Abilities Clause: Evasion abilities are banned
|rule|Sleep Moves Clause: Sleep-inducing moves are banned
|clearpoke
|poke|p1|Torkoal, F|
|poke|p1|Scovillain, F|
|poke|p1|Walking Wake|
|poke|p1|Hatterene, F|
|poke|p1|Great Tusk|
|poke|p1|Ceruledge, M|
|poke|p2|Ogerpon-Wellspring, F|
|poke|p2|Darkrai|
|poke|p2|Cinderace, F|
|poke|p2|Corviknight, F|
|poke|p2|Gliscor, M|
|poke|p2|Kingambit, M|
|teampreview
|inactive|Battle timer is ON: inactive players will automatically lose when time's up. (requested by Chorley Cakes)
|j| ddgfdhad
|j| Kyurem
|inactive|hillbilly z has 120 seconds left.
|
|t:|1776105203
|teamsize|p1|6
|teamsize|p2|6
|start
|switch|p1a: Torkoal|Torkoal, F|100/100
|switch|p2a: Darkrai|Darkrai|100/100
|-weather|SunnyDay|[from] ability: Drought|[of] p1a: Torkoal
|turn|1
|
|t:|1776105209
|switch|p1a: Hatterene|Hatterene, F|100/100
|move|p2a: Darkrai|Substitute|p2a: Darkrai
|-start|p2a: Darkrai|Substitute
|-damage|p2a: Darkrai|76/100
|
|-weather|SunnyDay|[upkeep]
|-heal|p2a: Darkrai|82/100|[from] item: Leftovers
|upkeep
|turn|2
|
|t:|1776105221
|move|p2a: Darkrai|Sludge Bomb|p1a: Hatterene
|-supereffective|p1a: Hatterene
|-damage|p1a: Hatterene|43/100
|-status|p1a: Hatterene|psn
|-enditem|p1a: Hatterene|Eject Button
|
|t:|1776105234
|switch|p1a: Walking Wake|Walking Wake|100/100
|-activate|p1a: Walking Wake|ability: Protosynthesis
|-start|p1a: Walking Wake|protosynthesisspa
|
|-weather|SunnyDay|[upkeep]
|-heal|p2a: Darkrai|88/100|[from] item: Leftovers
|upkeep
|turn|3
|
|t:|1776105241
|move|p2a: Darkrai|Nasty Plot|p2a: Darkrai
|-boost|p2a: Darkrai|spa|2
|move|p1a: Walking Wake|Flamethrower|p2a: Darkrai
|-end|p2a: Darkrai|Substitute
|
|-weather|SunnyDay|[upkeep]
|-heal|p2a: Darkrai|94/100|[from] item: Leftovers
|upkeep
|turn|4
|
|t:|1776105249
|-end|p1a: Walking Wake|Protosynthesis|[silent]
|switch|p1a: Hatterene|Hatterene, F|43/100 psn
|move|p2a: Darkrai|Dark Pulse|p1a: Hatterene
|-damage|p1a: Hatterene|0 fnt
|faint|p1a: Hatterene
|
|-weather|SunnyDay|[upkeep]
|-heal|p2a: Darkrai|99/100|[from] item: Leftovers
|upkeep
|
|t:|1776105254
|switch|p1a: Scovillain|Scovillain, F|100/100
|turn|5
|
|t:|1776105279
|switch|p2a: Cinderace|Cinderace, F|100/100
|move|p1a: Scovillain|Flamethrower|p2a: Cinderace
|-resisted|p2a: Cinderace
|-damage|p2a: Cinderace|54/100
|-damage|p1a: Scovillain|91/100|[from] item: Life Orb
|
|-weather|SunnyDay|[upkeep]
|upkeep
|turn|6
|
|t:|1776105291
|switch|p1a: Don|Great Tusk|100/100
|-activate|p1a: Don|ability: Protosynthesis
|-start|p1a: Don|protosynthesisatk
|move|p2a: Cinderace|U-turn|p1a: Don
|-resisted|p1a: Don
|-damage|p1a: Don|94/100
|-damage|p2a: Cinderace|38/100|[from] item: Rocky Helmet|[of] p1a: Don
|inactive|Chorley Cakes has 120 seconds left.
|
|t:|1776105320
|switch|p2a: Ogerpon|Ogerpon-Wellspring, F|100/100|[from] U-turn
|
|-weather|SunnyDay|[upkeep]
|upkeep
|turn|7
|
|t:|1776105330
|move|p2a: Ogerpon|Substitute|p2a: Ogerpon
|-start|p2a: Ogerpon|Substitute
|-damage|p2a: Ogerpon|76/100
|move|p1a: Don|Rapid Spin|p2a: Ogerpon
|-end|p2a: Ogerpon|Substitute
|-boost|p1a: Don|spe|1
|
|-weather|SunnyDay|[upkeep]
|upkeep
|turn|8
|
|t:|1776105336
|switch|p2a: Corviknight|Corviknight, F|100/100
|-ability|p2a: Corviknight|Pressure
|move|p1a: Don|Temper Flare|p2a: Corviknight
|-supereffective|p2a: Corviknight
|-damage|p2a: Corviknight|34/100
|-damage|p1a: Don|77/100|[from] item: Rocky Helmet|[of] p2a: Corviknight
|
|-weather|none
|-end|p1a: Don|Protosynthesis
|upkeep
|turn|9
|
|t:|1776105345
|move|p1a: Don|Temper Flare|p2a: Corviknight
|-supereffective|p2a: Corviknight
|-damage|p2a: Corviknight|0 fnt
|-damage|p1a: Don|60/100|[from] item: Rocky Helmet|[of] p2a: Corviknight
|faint|p2a: Corviknight
|
|upkeep
|
|t:|1776105363
|switch|p2a: Ogerpon|Ogerpon-Wellspring, F|76/100
|turn|10
|inactive|hillbilly z has 120 seconds left.
|
|t:|1776105394
|-end|p1a: Don|Protosynthesis|[silent]
|switch|p1a: Torkoal|Torkoal, F|100/100
|-weather|SunnyDay|[from] ability: Drought|[of] p1a: Torkoal
|move|p2a: Ogerpon|Ivy Cudgel|p1a: Torkoal|[anim] Ivy Cudgel Water
|-supereffective|p1a: Torkoal
|-damage|p1a: Torkoal|52/100
|
|-weather|SunnyDay|[upkeep]
|upkeep
|turn|11
|inactive|hillbilly z has 120 seconds left.
|
|t:|1776105407
|switch|p1a: Ceruledge|Ceruledge, M|100/100
|move|p2a: Ogerpon|Substitute|p2a: Ogerpon
|-start|p2a: Ogerpon|Substitute
|-damage|p2a: Ogerpon|51/100
|
|-weather|SunnyDay|[upkeep]
|upkeep
|turn|12
|
|t:|1776105414
|move|p1a: Ceruledge|Shadow Sneak|p2a: Ogerpon
|-end|p2a: Ogerpon|Substitute
|move|p2a: Ogerpon|Ivy Cudgel|p1a: Ceruledge|[anim] Ivy Cudgel Water
|-supereffective|p1a: Ceruledge
|-damage|p1a: Ceruledge|26/100
|-ability|p1a: Ceruledge|Weak Armor|boost
|-unboost|p1a: Ceruledge|def|1
|-boost|p1a: Ceruledge|spe|2
|
|-weather|SunnyDay|[upkeep]
|upkeep
|turn|13
|
|t:|1776105428
|switch|p2a: Cinderace|Cinderace, F|38/100
|move|p1a: Ceruledge|Swords Dance|p1a: Ceruledge
|-boost|p1a: Ceruledge|atk|2
|
|-weather|SunnyDay|[upkeep]
|upkeep
|turn|14
|
|t:|1776105432
|move|p1a: Ceruledge|Shadow Sneak|p2a: Cinderace
|-damage|p2a: Cinderace|0 fnt
|faint|p2a: Cinderace
|
|-weather|SunnyDay|[upkeep]
|upkeep
|
|t:|1776105439
|switch|p2a: Kingambit|Kingambit, M|100/100
|-activate|p2a: Kingambit|ability: Supreme Overlord
|-start|p2a: Kingambit|fallen2|[silent]
|turn|15
|
|t:|1776105443
|move|p1a: Ceruledge|Shadow Sneak|p2a: Kingambit
|-resisted|p2a: Kingambit
|-damage|p2a: Kingambit|83/100
|move|p2a: Kingambit|Sucker Punch||[still]
|-fail|p2a: Kingambit
|
|-weather|SunnyDay|[upkeep]
|-heal|p2a: Kingambit|89/100|[from] item: Leftovers
|upkeep
|turn|16
|
|t:|1776105445
|move|p1a: Ceruledge|Shadow Sneak|p2a: Kingambit
|-resisted|p2a: Kingambit
|-damage|p2a: Kingambit|74/100
|move|p2a: Kingambit|Sucker Punch||[still]
|-fail|p2a: Kingambit
|
|-weather|SunnyDay|[upkeep]
|-heal|p2a: Kingambit|80/100|[from] item: Leftovers
|upkeep
|turn|17
|
|t:|1776105447
|move|p1a: Ceruledge|Shadow Sneak|p2a: Kingambit
|-resisted|p2a: Kingambit
|-damage|p2a: Kingambit|62/100
|move|p2a: Kingambit|Sucker Punch||[still]
|-fail|p2a: Kingambit
|
|-weather|none
|-heal|p2a: Kingambit|68/100|[from] item: Leftovers
|upkeep
|turn|18
|
|t:|1776105449
|move|p2a: Kingambit|Sucker Punch|p1a: Ceruledge
|-supereffective|p1a: Ceruledge
|-damage|p1a: Ceruledge|0 fnt
|faint|p1a: Ceruledge
|
|-heal|p2a: Kingambit|75/100|[from] item: Leftovers
|upkeep
|
|t:|1776105452
|switch|p1a: Don|Great Tusk|60/100
|turn|19
|
|t:|1776105464
|-end|p2a: Kingambit|fallen2|[silent]
|switch|p2a: Gliscor|Gliscor, M|100/100
|move|p1a: Don|Headlong Rush|p2a: Gliscor
|-immune|p2a: Gliscor
|
|-status|p2a: Gliscor|tox|[from] item: Toxic Orb
|upkeep
|turn|20
|
|t:|1776105468
|move|p1a: Don|Ice Spinner|p2a: Gliscor
|-supereffective|p2a: Gliscor
|-damage|p2a: Gliscor|19/100 tox
|move|p2a: Gliscor|Toxic|p1a: Don|[miss]
|-miss|p2a: Gliscor|p1a: Don
|
|-heal|p2a: Gliscor|31/100 tox|[from] ability: Poison Heal
|upkeep
|turn|21
|
|t:|1776105475
|move|p2a: Gliscor|Protect|p2a: Gliscor
|-singleturn|p2a: Gliscor|Protect
|move|p1a: Don|Ice Spinner|p2a: Gliscor
|-activate|p2a: Gliscor|move: Protect
|
|-heal|p2a: Gliscor|44/100 tox|[from] ability: Poison Heal
|upkeep
|turn|22
|
|t:|1776105487
|move|p1a: Don|Headlong Rush|p2a: Gliscor
|-immune|p2a: Gliscor
|move|p2a: Gliscor|Toxic|p1a: Don
|-status|p1a: Don|tox
|
|-damage|p1a: Don|54/100 tox|[from] psn
|-heal|p2a: Gliscor|56/100 tox|[from] ability: Poison Heal
|upkeep
|turn|23
|
|t:|1776105494
|-end|p1a: Don|Protosynthesis|[silent]
|switch|p1a: Torkoal|Torkoal, F|52/100
|-weather|SunnyDay|[from] ability: Drought|[of] p1a: Torkoal
|move|p2a: Gliscor|Toxic|p1a: Torkoal
|-status|p1a: Torkoal|tox
|
|-weather|SunnyDay|[upkeep]
|-heal|p2a: Gliscor|69/100 tox|[from] ability: Poison Heal
|-damage|p1a: Torkoal|45/100 tox|[from] psn
|upkeep
|turn|24
|
|t:|1776105503
|switch|p1a: Don|Great Tusk|54/100 tox
|-activate|p1a: Don|ability: Protosynthesis
|-start|p1a: Don|protosynthesisatk
|move|p2a: Gliscor|Earthquake|p1a: Don
|-damage|p1a: Don|29/100 tox
|
|-weather|SunnyDay|[upkeep]
|-damage|p1a: Don|23/100 tox|[from] psn
|-heal|p2a: Gliscor|81/100 tox|[from] ability: Poison Heal
|upkeep
|turn|25
|
|t:|1776105507
|move|p2a: Gliscor|Protect|p2a: Gliscor
|-singleturn|p2a: Gliscor|Protect
|move|p1a: Don|Ice Spinner|p2a: Gliscor
|-activate|p2a: Gliscor|move: Protect
|
|-weather|SunnyDay|[upkeep]
|-damage|p1a: Don|10/100 tox|[from] psn
|-heal|p2a: Gliscor|94/100 tox|[from] ability: Poison Heal
|upkeep
|turn|26
|
|t:|1776105514
|move|p2a: Gliscor|Protect||[still]
|-fail|p2a: Gliscor
|move|p1a: Don|Headlong Rush|p2a: Gliscor
|-immune|p2a: Gliscor
|
|-weather|SunnyDay|[upkeep]
|-damage|p1a: Don|0 fnt|[from] psn
|faint|p1a: Don
|-end|p1a: Don|Protosynthesis|[silent]
|-heal|p2a: Gliscor|100/100 tox|[from] ability: Poison Heal
|upkeep
|
|t:|1776105517
|switch|p1a: Walking Wake|Walking Wake|100/100
|-activate|p1a: Walking Wake|ability: Protosynthesis
|-start|p1a: Walking Wake|protosynthesisspa
|turn|27
|
|t:|1776105521
|move|p2a: Gliscor|Protect|p2a: Gliscor
|-singleturn|p2a: Gliscor|Protect
|move|p1a: Walking Wake|Draco Meteor|p2a: Gliscor
|-activate|p2a: Gliscor|move: Protect
|
|-weather|SunnyDay|[upkeep]
|upkeep
|turn|28
|
|t:|1776105535
|move|p1a: Walking Wake|Draco Meteor|p2a: Gliscor
|-damage|p2a: Gliscor|0 fnt
|-unboost|p1a: Walking Wake|spa|2
|faint|p2a: Gliscor
|
|-weather|SunnyDay|[upkeep]
|upkeep
|
|t:|1776105550
|switch|p2a: Darkrai|Darkrai|99/100
|turn|29
|
|t:|1776105555
|move|p2a: Darkrai|Substitute|p2a: Darkrai
|-start|p2a: Darkrai|Substitute
|-damage|p2a: Darkrai|75/100
|move|p1a: Walking Wake|Draco Meteor|p2a: Darkrai
|-end|p2a: Darkrai|Substitute
|-unboost|p1a: Walking Wake|spa|2
|
|-weather|SunnyDay|[upkeep]
|-heal|p2a: Darkrai|81/100|[from] item: Leftovers
|upkeep
|turn|30
|
|t:|1776105560
|move|p2a: Darkrai|Substitute|p2a: Darkrai
|-start|p2a: Darkrai|Substitute
|-damage|p2a: Darkrai|56/100
|move|p1a: Walking Wake|Draco Meteor|p2a: Darkrai
|-end|p2a: Darkrai|Substitute
|-unboost|p1a: Walking Wake|spa|2
|
|-weather|none
|-end|p1a: Walking Wake|Protosynthesis
|-heal|p2a: Darkrai|62/100|[from] item: Leftovers
|upkeep
|turn|31
|
|t:|1776105564
|move|p2a: Darkrai|Substitute|p2a: Darkrai
|-start|p2a: Darkrai|Substitute
|-damage|p2a: Darkrai|37/100
|move|p1a: Walking Wake|Draco Meteor|p2a: Darkrai
|-end|p2a: Darkrai|Substitute
|
|-heal|p2a: Darkrai|43/100|[from] item: Leftovers
|upkeep
|turn|32
|
|t:|1776105566
|move|p2a: Darkrai|Substitute|p2a: Darkrai
|-start|p2a: Darkrai|Substitute
|-damage|p2a: Darkrai|18/100
|move|p1a: Walking Wake|Draco Meteor|p2a: Darkrai
|-end|p2a: Darkrai|Substitute
|
|-heal|p2a: Darkrai|24/100|[from] item: Leftovers
|upkeep
|turn|33
|
|t:|1776105571
|move|p2a: Darkrai|Dark Pulse|p1a: Walking Wake
|-damage|p1a: Walking Wake|48/100
|move|p1a: Walking Wake|Draco Meteor|p2a: Darkrai
|-damage|p2a: Darkrai|0 fnt
|faint|p2a: Darkrai
|
|upkeep
|
|t:|1776105573
|switch|p2a: Ogerpon|Ogerpon-Wellspring, F|51/100
|turn|34
|
|t:|1776105579
|-end|p1a: Walking Wake|Protosynthesis|[silent]
|switch|p1a: Torkoal|Torkoal, F|45/100 tox
|-weather|SunnyDay|[from] ability: Drought|[of] p1a: Torkoal
|-terastallize|p2a: Ogerpon|Water
|detailschange|p2a: Ogerpon|Ogerpon-Wellspring-Tera, F, tera:Water
|-ability|p2a: Ogerpon|Embody Aspect (Wellspring)|boost
|-boost|p2a: Ogerpon|spd|1
|move|p2a: Ogerpon|Swords Dance|p2a: Ogerpon
|-boost|p2a: Ogerpon|atk|2
|
|-weather|SunnyDay|[upkeep]
|-damage|p1a: Torkoal|39/100 tox|[from] psn
|upkeep
|turn|35
|
|t:|1776105586
|move|p2a: Ogerpon|Substitute|p2a: Ogerpon
|-start|p2a: Ogerpon|Substitute
|-damage|p2a: Ogerpon|26/100
|move|p1a: Torkoal|Clear Smog|p2a: Ogerpon
|-activate|p2a: Ogerpon|move: Substitute|[damage]
|
|-weather|SunnyDay|[upkeep]
|-damage|p1a: Torkoal|27/100 tox|[from] psn
|upkeep
|turn|36
|
|t:|1776105593
|move|p2a: Ogerpon|Ivy Cudgel|p1a: Torkoal|[anim] Ivy Cudgel Water
|-supereffective|p1a: Torkoal
|-crit|p1a: Torkoal
|-damage|p1a: Torkoal|0 fnt
|faint|p1a: Torkoal
|
|-weather|SunnyDay|[upkeep]
|upkeep
|
|t:|1776105595
|switch|p1a: Walking Wake|Walking Wake|48/100
|-activate|p1a: Walking Wake|ability: Protosynthesis
|-start|p1a: Walking Wake|protosynthesisspa
|turn|37
|
|t:|1776105600
|move|p2a: Ogerpon|Horn Leech|p1a: Walking Wake
|-damage|p1a: Walking Wake|0 fnt
|-heal|p2a: Ogerpon|53/100|[from] drain|[of] p1a: Walking Wake
|faint|p1a: Walking Wake
|-end|p1a: Walking Wake|Protosynthesis|[silent]
|
|-weather|SunnyDay|[upkeep]
|upkeep
|-message|hillbilly z forfeited.
|
|win|Chorley Cakes
|raw|hillbilly z's rating: 1677 &rarr; <strong>1651</strong><br />(-26 for losing)
|raw|Chorley Cakes's rating: 1567 &rarr; <strong>1593</strong><br />(+26 for winning)
|l|☆Chorley Cakes
|player|p2|
|l| Kyurem
