|html|<div class="broadcast-blue"><strong>[Gen 9] OU is currently suspecting Tera Blast! For information on how to participate check out the <a href="https://www.smogon.com/tools/suspects/view/200">suspect thread</a>.</strong></div>
|j|☆MADMANWHO
|j|☆beentheredonepat
|t:|1776090230
|gametype|singles
|player|p1|MADMANWHO|hiker-gen4|1252
|player|p2|beentheredonepat|spark-casual|1289
|gen|9
|tier|[Gen 9] OU
|rated|
|rule|HP Percentage Mod: HP is shown in percentages
|rule|Endless Battle Clause: Forcing endless battles is banned
|rule|Species Clause: Limit one of each Pokémon
|rule|OHKO Clause: OHKO moves are banned
|rule|Evasion Items Clause: Evasion items are banned
|rule|Evasion Moves Clause: Evasion moves are banned
|rule|Evasion Abilities Clause: Evasion abilities are banned
|rule|Sleep Moves Clause: Sleep-inducing moves are banned
|clearpoke
|poke|p1|Rillaboom, M|
|poke|p1|Tyranitar, F|
|poke|p1|Corviknight, F|
|poke|p1|Scizor, M|
|poke|p1|Slowking, F|
|poke|p1|Iron Valiant|
|poke|p2|Typhlosion, M|
|poke|p2|Ninetales, F|
|poke|p2|Torkoal, F|
|poke|p2|Shiftry, M|
|poke|p2|Hatterene, F|
|poke|p2|Blissey, F|
|teampreview
|inactive|Battle timer is ON: inactive players will automatically lose when time's up. (requested by beentheredonepat)
|inactive|MADMANWHO also wants the timer to be on.
|
|t:|1776090252
|teamsize|p1|6
|teamsize|p2|6
|start
|switch|p1a: Slowking|Slowking, F|100/100
|switch|p2a: Torkoal|Torkoal, F|100/100
|-weather|SunnyDay|[from] ability: Drought|[of] p2a: Torkoal
|turn|1
|
|t:|1776090258
|move|p2a: Torkoal|Stealth Rock|p1a: Slowking
|-sidestart|p1: MADMANWHO|move: Stealth Rock
|-prepare|p1a: Slowking|Chilly Reception|[premajor]
|move|p1a: Slowking|Chilly Reception|p1a: Slowking
|-weather|Snowscape
|
|t:|1776090281
|switch|p1a: Corviknight|Corviknight, F|100/100|[from] Chilly Reception
|-damage|p1a: Corviknight|88/100|[from] Stealth Rock
|
|-weather|Snowscape|[upkeep]
|upkeep
|turn|2
|
|t:|1776090287
|switch|p2a: Ninetales|Ninetales, F|100/100
|-weather|SunnyDay|[from] ability: Drought|[of] p2a: Ninetales
|move|p1a: Corviknight|U-turn|p2a: Ninetales
|-resisted|p2a: Ninetales
|-damage|p2a: Ninetales|92/100
|
|t:|1776090296
|switch|p1a: Slowking|Slowking, F|100/100|[from] U-turn
|-damage|p1a: Slowking|88/100|[from] Stealth Rock
|
|-weather|SunnyDay|[upkeep]
|upkeep
|turn|3
|
|t:|1776090304
|move|p2a: Ninetales|Solar Beam||[still]
|-prepare|p2a: Ninetales|Solar Beam
|-anim|p2a: Ninetales|Solar Beam|p1a: Slowking
|-supereffective|p1a: Slowking
|-damage|p1a: Slowking|51/100
|-prepare|p1a: Slowking|Chilly Reception|[premajor]
|move|p1a: Slowking|Chilly Reception|p1a: Slowking
|-weather|Snowscape
|
|t:|1776090315
|switch|p1a: Tyranitar|Tyranitar, F|100/100|[from] Chilly Reception
|-damage|p1a: Tyranitar|88/100|[from] Stealth Rock
|-weather|Sandstorm|[from] ability: Sand Stream|[of] p1a: Tyranitar
|
|-weather|Sandstorm|[upkeep]
|-damage|p2a: Ninetales|86/100|[from] Sandstorm
|upkeep
|turn|4
|
|t:|1776090326
|move|p2a: Ninetales|Will-O-Wisp|p1a: Tyranitar
|-status|p1a: Tyranitar|brn
|move|p1a: Tyranitar|Knock Off|p2a: Ninetales
|-damage|p2a: Ninetales|52/100
|-enditem|p2a: Ninetales|Eject Pack|[from] move: Knock Off|[of] p1a: Tyranitar
|
|-weather|Sandstorm|[upkeep]
|-damage|p2a: Ninetales|46/100|[from] Sandstorm
|-damage|p1a: Tyranitar|82/100 brn|[from] brn
|upkeep
|turn|5
|
|t:|1776090336
|switch|p2a: Torkoal|Torkoal, F|100/100
|-weather|SunnyDay|[from] ability: Drought|[of] p2a: Torkoal
|move|p1a: Tyranitar|Rock Tomb|p2a: Torkoal
|-supereffective|p2a: Torkoal
|-damage|p2a: Torkoal|78/100
|-unboost|p2a: Torkoal|spe|1
|
|-weather|SunnyDay|[upkeep]
|-damage|p1a: Tyranitar|76/100 brn|[from] brn
|upkeep
|turn|6
|
|t:|1776090346
|switch|p1a: Slowking|Slowking, F|84/100
|-damage|p1a: Slowking|72/100|[from] Stealth Rock
|move|p2a: Torkoal|Earthquake|p1a: Slowking
|-damage|p1a: Slowking|54/100
|
|-weather|SunnyDay|[upkeep]
|upkeep
|turn|7
|
|t:|1776090355
|-prepare|p1a: Slowking|Chilly Reception|[premajor]
|move|p1a: Slowking|Chilly Reception|p1a: Slowking
|-weather|Snowscape
|
|t:|1776090367
|switch|p1a: Corviknight|Corviknight, F|88/100|[from] Chilly Reception
|-damage|p1a: Corviknight|75/100|[from] Stealth Rock
|move|p2a: Torkoal|Flare Blitz|p1a: Corviknight
|-supereffective|p1a: Corviknight
|-damage|p1a: Corviknight|30/100
|-damage|p2a: Torkoal|61/100|[from] item: Rocky Helmet|[of] p1a: Corviknight
|-damage|p2a: Torkoal|44/100|[from] Recoil
|
|-weather|Snowscape|[upkeep]
|upkeep
|turn|8
|
|t:|1776090377
|move|p1a: Corviknight|Roost|p1a: Corviknight
|-heal|p1a: Corviknight|80/100
|-singleturn|p1a: Corviknight|move: Roost
|move|p2a: Torkoal|Flare Blitz|p1a: Corviknight
|-supereffective|p1a: Corviknight
|-damage|p1a: Corviknight|34/100
|-damage|p2a: Torkoal|28/100|[from] item: Rocky Helmet|[of] p1a: Corviknight
|-damage|p2a: Torkoal|10/100|[from] Recoil
|
|-weather|Snowscape|[upkeep]
|upkeep
|turn|9
|
|t:|1776090387
|switch|p2a: Ninetales|Ninetales, F|46/100
|-weather|SunnyDay|[from] ability: Drought|[of] p2a: Ninetales
|move|p1a: Corviknight|Roost|p1a: Corviknight
|-heal|p1a: Corviknight|84/100
|-singleturn|p1a: Corviknight|move: Roost
|
|-weather|SunnyDay|[upkeep]
|upkeep
|turn|10
|
|t:|1776090395
|switch|p1a: Tyranitar|Tyranitar, F|76/100 brn
|-damage|p1a: Tyranitar|64/100 brn|[from] Stealth Rock
|-weather|Sandstorm|[from] ability: Sand Stream|[of] p1a: Tyranitar
|move|p2a: Ninetales|Will-O-Wisp|p1a: Tyranitar
|-fail|p1a: Tyranitar|brn
|
|-weather|Sandstorm|[upkeep]
|-damage|p2a: Ninetales|40/100|[from] Sandstorm
|-damage|p1a: Tyranitar|58/100 brn|[from] brn
|upkeep
|turn|11
|
|t:|1776090417
|switch|p2a: Torkoal|Torkoal, F|10/100
|-weather|SunnyDay|[from] ability: Drought|[of] p2a: Torkoal
|move|p1a: Tyranitar|Knock Off|p2a: Torkoal
|-damage|p2a: Torkoal|0 fnt
|-enditem|p2a: Torkoal|Heat Rock|[from] move: Knock Off|[of] p1a: Tyranitar
|faint|p2a: Torkoal
|
|-weather|SunnyDay|[upkeep]
|-damage|p1a: Tyranitar|51/100 brn|[from] brn
|upkeep
|
|t:|1776090426
|switch|p2a: Hatterene|Hatterene, F|100/100
|turn|12
|
|t:|1776090438
|move|p1a: Tyranitar|Knock Off|p2a: Hatterene
|-damage|p2a: Hatterene|74/100
|-enditem|p2a: Hatterene|Leftovers|[from] move: Knock Off|[of] p1a: Tyranitar
|move|p2a: Hatterene|Calm Mind|p2a: Hatterene
|-boost|p2a: Hatterene|spa|1
|-boost|p2a: Hatterene|spd|1
|
|-weather|SunnyDay|[upkeep]
|-damage|p1a: Tyranitar|45/100 brn|[from] brn
|upkeep
|turn|13
|l|☆MADMANWHO
|inactive|MADMANWHO disconnected and has a minute to reconnect!
|player|p1|
|inactive|MADMANWHO has 30 seconds to reconnect!
|j|☆MADMANWHO
|inactive|MADMANWHO reconnected and has 100 seconds left.
|player|p1|MADMANWHO|hiker-gen4|
|inactive|MADMANWHO has 90 seconds left.
|
|t:|1776090495
|move|p1a: Tyranitar|Iron Head|p2a: Hatterene
|-supereffective|p2a: Hatterene
|-damage|p2a: Hatterene|49/100
|move|p2a: Hatterene|Mystical Fire|p1a: Tyranitar
|-resisted|p1a: Tyranitar
|-damage|p1a: Tyranitar|27/100 brn
|-unboost|p1a: Tyranitar|spa|1
|
|-weather|SunnyDay|[upkeep]
|-damage|p1a: Tyranitar|20/100 brn|[from] brn
|upkeep
|turn|14
|
|t:|1776090504
|move|p1a: Tyranitar|Iron Head|p2a: Hatterene
|-supereffective|p2a: Hatterene
|-damage|p2a: Hatterene|20/100
|cant|p2a: Hatterene|flinch
|
|-weather|SunnyDay|[upkeep]
|-damage|p1a: Tyranitar|14/100 brn|[from] brn
|upkeep
|turn|15
|
|t:|1776090511
|move|p1a: Tyranitar|Iron Head|p2a: Hatterene
|-supereffective|p2a: Hatterene
|-damage|p2a: Hatterene|0 fnt
|faint|p2a: Hatterene
|
|-weather|SunnyDay|[upkeep]
|-damage|p1a: Tyranitar|8/100 brn|[from] brn
|upkeep
|
|t:|1776090514
|switch|p2a: Typhlosion|Typhlosion, M|100/100
|turn|16
|
|t:|1776090519
|-terastallize|p2a: Typhlosion|Fire
|move|p2a: Typhlosion|Eruption|p1a: Tyranitar
|-resisted|p1a: Tyranitar
|-damage|p1a: Tyranitar|0 fnt
|faint|p1a: Tyranitar
|
|-weather|SunnyDay|[upkeep]
|upkeep
|
|t:|1776090530
|switch|p1a: Slowking|Slowking, F|87/100
|-damage|p1a: Slowking|75/100|[from] Stealth Rock
|turn|17
|
|t:|1776090542
|move|p2a: Typhlosion|Eruption|p1a: Slowking
|-resisted|p1a: Slowking
|-damage|p1a: Slowking|23/100
|-enditem|p1a: Slowking|Sitrus Berry|[eat]
|-heal|p1a: Slowking|48/100|[from] item: Sitrus Berry
|-prepare|p1a: Slowking|Chilly Reception|[premajor]
|move|p1a: Slowking|Chilly Reception|p1a: Slowking
|-weather|Snowscape
|
|t:|1776090557
|switch|p1a: Iron Valiant|Iron Valiant|100/100|[from] Chilly Reception
|-damage|p1a: Iron Valiant|94/100|[from] Stealth Rock
|-enditem|p1a: Iron Valiant|Booster Energy
|-activate|p1a: Iron Valiant|ability: Quark Drive|[fromitem]
|-start|p1a: Iron Valiant|quarkdrivespe
|
|-weather|Snowscape|[upkeep]
|upkeep
|turn|18
|
|t:|1776090573
|switch|p2a: Blissey|Blissey, F|100/100
|-terastallize|p1a: Iron Valiant|Electric
|move|p1a: Iron Valiant|Thunderbolt|p2a: Blissey
|-damage|p2a: Blissey|87/100
|
|-weather|Snowscape|[upkeep]
|upkeep
|turn|19
|
|t:|1776090580
|move|p1a: Iron Valiant|Close Combat|p2a: Blissey
|-supereffective|p2a: Blissey
|-damage|p2a: Blissey|0 fnt
|-unboost|p1a: Iron Valiant|def|1
|-unboost|p1a: Iron Valiant|spd|1
|faint|p2a: Blissey
|
|-weather|Snowscape|[upkeep]
|upkeep
|
|t:|1776090584
|switch|p2a: Shiftry|Shiftry, M|100/100
|turn|20
|
|t:|1776090590
|move|p1a: Iron Valiant|Moonblast|p2a: Shiftry
|-supereffective|p2a: Shiftry
|-enditem|p2a: Shiftry|Focus Sash
|-damage|p2a: Shiftry|1/100
|move|p2a: Shiftry|Tailwind|p2a: Shiftry
|-sidestart|p2: beentheredonepat|move: Tailwind
|-ability|p2a: Shiftry|Wind Rider|boost
|-boost|p2a: Shiftry|atk|1
|
|-weather|Snowscape|[upkeep]
|upkeep
|turn|21
|
|t:|1776090604
|-end|p1a: Iron Valiant|Quark Drive|[silent]
|switch|p1a: Rillaboom|Rillaboom, M|100/100
|-damage|p1a: Rillaboom|88/100|[from] Stealth Rock
|-fieldstart|move: Grassy Terrain|[from] ability: Grassy Surge|[of] p1a: Rillaboom
|move|p2a: Shiftry|Knock Off|p1a: Rillaboom
|-damage|p1a: Rillaboom|16/100
|-enditem|p1a: Rillaboom|Choice Band|[from] move: Knock Off|[of] p2a: Shiftry
|
|-weather|none
|-heal|p2a: Shiftry|7/100|[from] Grassy Terrain
|-heal|p1a: Rillaboom|22/100|[from] Grassy Terrain
|upkeep
|turn|22
|
|t:|1776090622
|move|p1a: Rillaboom|Grassy Glide|p2a: Shiftry
|-resisted|p2a: Shiftry
|-damage|p2a: Shiftry|0 fnt
|faint|p2a: Shiftry
|
|-heal|p1a: Rillaboom|28/100|[from] Grassy Terrain
|upkeep
|
|t:|1776090624
|switch|p2a: Ninetales|Ninetales, F|40/100
|-weather|SunnyDay|[from] ability: Drought|[of] p2a: Ninetales
|turn|23
|
|t:|1776090634
|move|p1a: Rillaboom|Grassy Glide|p2a: Ninetales
|-resisted|p2a: Ninetales
|-damage|p2a: Ninetales|15/100
|move|p2a: Ninetales|Overheat|p1a: Rillaboom
|-supereffective|p1a: Rillaboom
|-damage|p1a: Rillaboom|0 fnt
|-unboost|p2a: Ninetales|spa|2
|faint|p1a: Rillaboom
|
|-weather|SunnyDay|[upkeep]
|-heal|p2a: Ninetales|21/100|[from] Grassy Terrain
|-sideend|p2: beentheredonepat|move: Tailwind
|upkeep
|
|t:|1776090646
|switch|p1a: Slowking|Slowking, F|81/100
|-damage|p1a: Slowking|69/100|[from] Stealth Rock
|turn|24
|
|t:|1776090652
|move|p2a: Ninetales|Will-O-Wisp|p1a: Slowking
|-status|p1a: Slowking|brn
|-prepare|p1a: Slowking|Chilly Reception|[premajor]
|move|p1a: Slowking|Chilly Reception|p1a: Slowking
|-weather|Snowscape
|
|t:|1776090663
|switch|p1a: Scizor|Scizor, M|100/100|[from] Chilly Reception
|-damage|p1a: Scizor|88/100|[from] Stealth Rock
|
|-weather|Snowscape|[upkeep]
|-heal|p2a: Ninetales|27/100|[from] Grassy Terrain
|-heal|p1a: Scizor|94/100|[from] Grassy Terrain
|-heal|p1a: Scizor|100/100|[from] item: Leftovers
|upkeep
|turn|25
|
|t:|1776090671
|switch|p2a: Typhlosion|Typhlosion, M, tera:Fire|100/100
|move|p1a: Scizor|Bullet Punch|p2a: Typhlosion
|-resisted|p2a: Typhlosion
|-damage|p2a: Typhlosion|75/100
|
|-weather|Snowscape|[upkeep]
|-heal|p2a: Typhlosion|81/100|[from] Grassy Terrain
|-fieldend|move: Grassy Terrain
|upkeep
|turn|26
|inactive|MADMANWHO has 120 seconds left.
|
|t:|1776090682
|move|p1a: Scizor|Bullet Punch|p2a: Typhlosion
|-resisted|p2a: Typhlosion
|-damage|p2a: Typhlosion|57/100
|move|p2a: Typhlosion|Eruption|p1a: Scizor
|-supereffective|p1a: Scizor
|-damage|p1a: Scizor|0 fnt
|faint|p1a: Scizor
|
|-weather|Snowscape|[upkeep]
|upkeep
|inactive|MADMANWHO has 120 seconds left.
|l|☆MADMANWHO
|inactive|MADMANWHO disconnected and has a minute to reconnect!
|player|p1|
|inactive|MADMANWHO has 30 seconds to reconnect!
|inactive|MADMANWHO has 20 seconds to reconnect!
|inactive|MADMANWHO has 15 seconds to reconnect!
|inactive|MADMANWHO has 10 seconds to reconnect!
|j|☆MADMANWHO
|inactive|MADMANWHO reconnected and has 70 seconds left.
|player|p1|MADMANWHO|hiker-gen4|
|inactive|MADMANWHO has 60 seconds left.
|
|t:|1776090765
|switch|p1a: Slowking|Slowking, F|100/100 brn
|-damage|p1a: Slowking|88/100 brn|[from] Stealth Rock
|turn|27
|
|t:|1776090771
|switch|p2a: Ninetales|Ninetales, F|27/100
|-weather|SunnyDay|[from] ability: Drought|[of] p2a: Ninetales
|move|p1a: Slowking|Scald|p2a: Ninetales
|-supereffective|p2a: Ninetales
|-damage|p2a: Ninetales|8/100
|
|-weather|SunnyDay|[upkeep]
|-damage|p1a: Slowking|82/100 brn|[from] brn
|upkeep
|turn|28
|inactive|MADMANWHO has 60 seconds left.
|
|t:|1776090781
|move|p2a: Ninetales|Encore|p1a: Slowking
|-start|p1a: Slowking|Encore
|move|p1a: Slowking|Scald|p2a: Ninetales
|-supereffective|p2a: Ninetales
|-damage|p2a: Ninetales|0 fnt
|faint|p2a: Ninetales
|
|-weather|SunnyDay|[upkeep]
|-damage|p1a: Slowking|76/100 brn|[from] brn
|upkeep
|
|t:|1776090782
|switch|p2a: Typhlosion|Typhlosion, M, tera:Fire|57/100
|turn|29
|
|t:|1776090791
|switch|p1a: Corviknight|Corviknight, F|84/100
|-damage|p1a: Corviknight|71/100|[from] Stealth Rock
|move|p2a: Typhlosion|Flamethrower|p1a: Corviknight
|-supereffective|p1a: Corviknight
|-damage|p1a: Corviknight|0 fnt
|faint|p1a: Corviknight
|
|-weather|SunnyDay|[upkeep]
|upkeep
|
|t:|1776090799
|switch|p1a: Slowking|Slowking, F|100/100 brn
|-damage|p1a: Slowking|88/100 brn|[from] Stealth Rock
|turn|30
|
|t:|1776090804
|move|p2a: Typhlosion|Flamethrower|p1a: Slowking
|-resisted|p1a: Slowking
|-damage|p1a: Slowking|55/100 brn
|-prepare|p1a: Slowking|Chilly Reception|[premajor]
|move|p1a: Slowking|Chilly Reception|p1a: Slowking
|-weather|Snowscape
|
|t:|1776090811
|switch|p1a: Iron Valiant|Iron Valiant, tera:Electric|94/100|[from] Chilly Reception
|-damage|p1a: Iron Valiant|82/100|[from] Stealth Rock
|
|-weather|Snowscape|[upkeep]
|upkeep
|turn|31
|
|t:|1776090816
|move|p2a: Typhlosion|Flamethrower|p1a: Iron Valiant
|-damage|p1a: Iron Valiant|0 fnt
|faint|p1a: Iron Valiant
|-end|p1a: Iron Valiant|Quark Drive|[silent]
|
|-weather|Snowscape|[upkeep]
|upkeep
|
|t:|1776090822
|switch|p1a: Slowking|Slowking, F|89/100 brn
|-damage|p1a: Slowking|76/100 brn|[from] Stealth Rock
|turn|32
|
|t:|1776090825
|move|p2a: Typhlosion|Flamethrower|p1a: Slowking
|-resisted|p1a: Slowking
|-damage|p1a: Slowking|56/100 brn
|move|p1a: Slowking|Scald|p2a: Typhlosion
|-supereffective|p2a: Typhlosion
|-damage|p2a: Typhlosion|0 fnt
|faint|p2a: Typhlosion
|
|win|MADMANWHO
|raw|MADMANWHO's rating: 1252 &rarr; <strong>1280</strong><br />(+28 for winning)
|raw|beentheredonepat's rating: 1289 &rarr; <strong>1261</strong><br />(-28 for losing)
|l|☆beentheredonepat
|player|p2|
|l|☆MADMANWHO
|player|p1|
