|html|<div class="broadcast-blue"><strong>[Gen 9] OU is currently suspecting Tera Blast! For information on how to participate check out the <a href="https://www.smogon.com/tools/suspects/view/200">suspect thread</a>.</strong></div>
|j|☆terablastdontbanit
|j|☆sbango77
|t:|1776320728
|gametype|singles
|player|p1|terablastdontbanit|169|1336
|player|p2|sbango77|swimmer-gen4|1324
|gen|9
|tier|[Gen 9] OU
|rated|
|rule|HP Percentage Mod: HP is shown in percentages
|rule|Endless Battle Clause: Forcing endless battles is banned
|rule|Species Clause: Limit one of each Pokémon
|rule|OHKO Clause: OHKO moves are banned
|rule|Evasion Items Clause: Evasion items are banned
|rule|Evasion Moves Clause: Evasion moves are banned
|rule|Evasion Abilities Clause: Evasion abilities are banned
|rule|Sleep Moves Clause: Sleep-inducing moves are banned
|clearpoke
|poke|p1|Darkrai|
|poke|p1|Zamazenta-*|
|poke|p1|Iron Treads|
|poke|p1|Ting-Lu|
|poke|p1|Gholdengo|
|poke|p1|Dragonite, M|
|poke|p2|Hydrapple, M|
|poke|p2|Tyranitar, F|
|poke|p2|Moltres|
|poke|p2|Zamazenta-*|
|poke|p2|Slowking-Galar, F|
|poke|p2|Excadrill, F|
|teampreview
|inactive|Battle timer is ON: inactive players will automatically lose when time's up. (requested by terablastdontbanit)
|
|t:|1776320740
|teamsize|p1|6
|teamsize|p2|6
|start
|switch|p1a: Ting-Lu|Ting-Lu|100/100
|switch|p2a: Tyranitar|Tyranitar, F|100/100
|-weather|Sandstorm|[from] ability: Sand Stream|[of] p2a: Tyranitar
|-ability|p1a: Ting-Lu|Vessel of Ruin
|turn|1
|
|t:|1776320761
|switch|p2a: Zamazenta|Zamazenta|100/100
|-ability|p2a: Zamazenta|Dauntless Shield|boost
|-boost|p2a: Zamazenta|def|1
|move|p1a: Ting-Lu|Stealth Rock|p2a: Zamazenta
|-sidestart|p2: sbango77|move: Stealth Rock
|
|-weather|Sandstorm|[upkeep]
|-damage|p2a: Zamazenta|94/100|[from] Sandstorm
|-heal|p2a: Zamazenta|100/100|[from] item: Leftovers
|upkeep
|turn|2
|
|t:|1776320773
|switch|p1a: Zamazenta|Zamazenta|100/100
|-ability|p1a: Zamazenta|Dauntless Shield|boost
|-boost|p1a: Zamazenta|def|1
|move|p2a: Zamazenta|Iron Defense|p2a: Zamazenta
|-boost|p2a: Zamazenta|def|2
|
|-weather|Sandstorm|[upkeep]
|-damage|p2a: Zamazenta|94/100|[from] Sandstorm
|-damage|p1a: Zamazenta|94/100|[from] Sandstorm
|-heal|p1a: Zamazenta|100/100|[from] item: Leftovers
|-heal|p2a: Zamazenta|100/100|[from] item: Leftovers
|upkeep
|turn|3
|
|t:|1776320780
|move|p1a: Zamazenta|Iron Defense|p1a: Zamazenta
|-boost|p1a: Zamazenta|def|2
|move|p2a: Zamazenta|Body Press|p1a: Zamazenta
|-damage|p1a: Zamazenta|72/100
|
|-weather|Sandstorm|[upkeep]
|-damage|p1a: Zamazenta|65/100|[from] Sandstorm
|-damage|p2a: Zamazenta|94/100|[from] Sandstorm
|-heal|p2a: Zamazenta|100/100|[from] item: Leftovers
|-heal|p1a: Zamazenta|72/100|[from] item: Leftovers
|upkeep
|turn|4
|
|t:|1776320786
|move|p1a: Zamazenta|Iron Defense|p1a: Zamazenta
|-boost|p1a: Zamazenta|def|2
|move|p2a: Zamazenta|Roar|p1a: Zamazenta
|drag|p1a: Ting-Lu|Ting-Lu|100/100
|-ability|p1a: Ting-Lu|Vessel of Ruin
|
|-weather|Sandstorm|[upkeep]
|-damage|p2a: Zamazenta|94/100|[from] Sandstorm
|-heal|p2a: Zamazenta|100/100|[from] item: Leftovers
|upkeep
|turn|5
|
|t:|1776320793
|move|p2a: Zamazenta|Body Press|p1a: Ting-Lu
|-supereffective|p1a: Ting-Lu
|-damage|p1a: Ting-Lu|0 fnt
|faint|p1a: Ting-Lu
|
|-weather|Sandstorm|[upkeep]
|-damage|p2a: Zamazenta|94/100|[from] Sandstorm
|-heal|p2a: Zamazenta|100/100|[from] item: Leftovers
|upkeep
|
|t:|1776320807
|switch|p1a: Gholdengo|Gholdengo|100/100
|-item|p1a: Gholdengo|Air Balloon
|turn|6
|
|t:|1776320811
|move|p2a: Zamazenta|Crunch|p1a: Gholdengo
|-supereffective|p1a: Gholdengo
|-damage|p1a: Gholdengo|70/100
|-enditem|p1a: Gholdengo|Air Balloon
|move|p1a: Gholdengo|Thunder Wave|p2a: Zamazenta
|-status|p2a: Zamazenta|par
|
|-weather|Sandstorm|[upkeep]
|-damage|p2a: Zamazenta|94/100 par|[from] Sandstorm
|-heal|p2a: Zamazenta|100/100 par|[from] item: Leftovers
|upkeep
|turn|7
|
|t:|1776320819
|move|p1a: Gholdengo|Hex|p2a: Zamazenta
|-damage|p2a: Zamazenta|45/100 par
|move|p2a: Zamazenta|Crunch|p1a: Gholdengo
|-supereffective|p1a: Gholdengo
|-crit|p1a: Gholdengo
|-damage|p1a: Gholdengo|27/100
|
|-weather|Sandstorm|[upkeep]
|-damage|p2a: Zamazenta|39/100 par|[from] Sandstorm
|-heal|p2a: Zamazenta|45/100 par|[from] item: Leftovers
|upkeep
|turn|8
|
|t:|1776320832
|move|p1a: Gholdengo|Recover|p1a: Gholdengo
|-heal|p1a: Gholdengo|77/100
|move|p2a: Zamazenta|Crunch|p1a: Gholdengo
|-supereffective|p1a: Gholdengo
|-damage|p1a: Gholdengo|47/100
|
|-weather|none
|-heal|p2a: Zamazenta|51/100 par|[from] item: Leftovers
|upkeep
|turn|9
|
|t:|1776320840
|move|p1a: Gholdengo|Recover|p1a: Gholdengo
|-heal|p1a: Gholdengo|97/100
|move|p2a: Zamazenta|Crunch|p1a: Gholdengo
|-supereffective|p1a: Gholdengo
|-damage|p1a: Gholdengo|67/100
|-unboost|p1a: Gholdengo|def|1
|
|-heal|p2a: Zamazenta|57/100 par|[from] item: Leftovers
|upkeep
|turn|10
|
|t:|1776320851
|switch|p1a: Zamazenta|Zamazenta|72/100
|cant|p2a: Zamazenta|par
|
|-heal|p1a: Zamazenta|78/100|[from] item: Leftovers
|-heal|p2a: Zamazenta|63/100 par|[from] item: Leftovers
|upkeep
|turn|11
|
|t:|1776320857
|move|p2a: Zamazenta|Body Press|p1a: Zamazenta
|-damage|p1a: Zamazenta|5/100
|move|p1a: Zamazenta|Roar|p2a: Zamazenta
|drag|p2a: Slowking|Slowking-Galar, F|100/100
|-damage|p2a: Slowking|88/100|[from] Stealth Rock
|
|-heal|p1a: Zamazenta|12/100|[from] item: Leftovers
|upkeep
|turn|12
|
|t:|1776320869
|switch|p1a: Gholdengo|Gholdengo|67/100
|move|p2a: Slowking|Ice Beam|p1a: Gholdengo
|-resisted|p1a: Gholdengo
|-damage|p1a: Gholdengo|56/100
|
|upkeep
|turn|13
|
|t:|1776320876
|move|p1a: Gholdengo|Thunder Wave|p2a: Slowking
|-status|p2a: Slowking|par
|move|p2a: Slowking|Flamethrower|p1a: Gholdengo
|-supereffective|p1a: Gholdengo
|-damage|p1a: Gholdengo|10/100
|
|upkeep
|turn|14
|
|t:|1776320881
|move|p1a: Gholdengo|Recover|p1a: Gholdengo
|-heal|p1a: Gholdengo|60/100
|cant|p2a: Slowking|par
|
|upkeep
|turn|15
|
|t:|1776320886
|switch|p2a: Tyranitar|Tyranitar, F|100/100
|-damage|p2a: Tyranitar|88/100|[from] Stealth Rock
|-weather|Sandstorm|[from] ability: Sand Stream|[of] p2a: Tyranitar
|move|p1a: Gholdengo|Hex|p2a: Tyranitar
|-resisted|p2a: Tyranitar
|-damage|p2a: Tyranitar|82/100
|
|-weather|Sandstorm|[upkeep]
|upkeep
|turn|16
|
|t:|1776320893
|move|p1a: Gholdengo|Make It Rain|p2a: Tyranitar
|-supereffective|p2a: Tyranitar
|-damage|p2a: Tyranitar|34/100
|-unboost|p1a: Gholdengo|spa|1
|move|p2a: Tyranitar|Knock Off|p1a: Gholdengo
|-supereffective|p1a: Gholdengo
|-damage|p1a: Gholdengo|18/100
|
|-weather|Sandstorm|[upkeep]
|upkeep
|turn|17
|
|t:|1776320904
|move|p1a: Gholdengo|Recover|p1a: Gholdengo
|-heal|p1a: Gholdengo|68/100
|move|p2a: Tyranitar|Knock Off|p1a: Gholdengo
|-supereffective|p1a: Gholdengo
|-damage|p1a: Gholdengo|27/100
|
|-weather|Sandstorm|[upkeep]
|upkeep
|turn|18
|
|t:|1776320913
|switch|p2a: Excadrill|Excadrill, F|100/100
|-damage|p2a: Excadrill|97/100|[from] Stealth Rock
|-item|p2a: Excadrill|Air Balloon
|move|p1a: Gholdengo|Recover|p1a: Gholdengo
|-heal|p1a: Gholdengo|77/100
|
|-weather|Sandstorm|[upkeep]
|upkeep
|turn|19
|
|t:|1776320937
|move|p2a: Excadrill|Swords Dance|p2a: Excadrill
|-boost|p2a: Excadrill|atk|2
|move|p1a: Gholdengo|Hex|p2a: Excadrill
|-damage|p2a: Excadrill|70/100
|-enditem|p2a: Excadrill|Air Balloon
|
|-weather|Sandstorm|[upkeep]
|upkeep
|turn|20
|
|t:|1776320939
|move|p2a: Excadrill|Earthquake|p1a: Gholdengo
|-supereffective|p1a: Gholdengo
|-damage|p1a: Gholdengo|0 fnt
|faint|p1a: Gholdengo
|
|-weather|Sandstorm|[upkeep]
|upkeep
|
|t:|1776320943
|switch|p1a: Dragonite|Dragonite, M|100/100
|turn|21
|
|t:|1776320953
|move|p2a: Excadrill|Iron Head|p1a: Dragonite
|-damage|p1a: Dragonite|53/100
|move|p1a: Dragonite|Earthquake|p2a: Excadrill
|-supereffective|p2a: Excadrill
|-damage|p2a: Excadrill|0 fnt
|faint|p2a: Excadrill
|
|-weather|Sandstorm|[upkeep]
|-damage|p1a: Dragonite|47/100|[from] Sandstorm
|upkeep
|
|t:|1776320963
|switch|p2a: Slowking|Slowking-Galar, F|100/100 par
|-damage|p2a: Slowking|88/100 par|[from] Stealth Rock
|turn|22
|
|t:|1776320980
|move|p1a: Dragonite|Earthquake|p2a: Slowking
|-supereffective|p2a: Slowking
|-damage|p2a: Slowking|36/100 par
|move|p2a: Slowking|Ice Beam|p1a: Dragonite
|-supereffective|p1a: Dragonite
|-damage|p1a: Dragonite|0 fnt
|faint|p1a: Dragonite
|
|-weather|none
|upkeep
|
|t:|1776320989
|switch|p1a: Iron Treads|Iron Treads|100/100
|turn|23
|
|t:|1776320997
|move|p1a: Iron Treads|Earthquake|p2a: Slowking
|-supereffective|p2a: Slowking
|-damage|p2a: Slowking|0 fnt
|faint|p2a: Slowking
|
|upkeep
|
|t:|1776321008
|switch|p2a: Zamazenta|Zamazenta|63/100 par
|-damage|p2a: Zamazenta|57/100 par|[from] Stealth Rock
|turn|24
|
|t:|1776321022
|move|p1a: Iron Treads|Earthquake|p2a: Zamazenta
|-damage|p2a: Zamazenta|24/100 par
|move|p2a: Zamazenta|Body Press|p1a: Iron Treads
|-supereffective|p1a: Iron Treads
|-damage|p1a: Iron Treads|36/100
|
|-heal|p1a: Iron Treads|43/100|[from] item: Leftovers
|-heal|p2a: Zamazenta|30/100 par|[from] item: Leftovers
|upkeep
|turn|25
|
|t:|1776321028
|move|p1a: Iron Treads|Earthquake|p2a: Zamazenta
|-damage|p2a: Zamazenta|0 fnt
|faint|p2a: Zamazenta
|
|-heal|p1a: Iron Treads|49/100|[from] item: Leftovers
|upkeep
|
|t:|1776321037
|switch|p2a: Tyranitar|Tyranitar, F|34/100
|-damage|p2a: Tyranitar|21/100|[from] Stealth Rock
|-weather|Sandstorm|[from] ability: Sand Stream|[of] p2a: Tyranitar
|turn|26
|
|t:|1776321043
|move|p1a: Iron Treads|Earthquake|p2a: Tyranitar
|-supereffective|p2a: Tyranitar
|-damage|p2a: Tyranitar|0 fnt
|faint|p2a: Tyranitar
|
|-weather|Sandstorm|[upkeep]
|-heal|p1a: Iron Treads|55/100|[from] item: Leftovers
|upkeep
|
|t:|1776321046
|switch|p2a: Moltres|Moltres|100/100
|turn|27
|
|t:|1776321057
|move|p1a: Iron Treads|Knock Off|p2a: Moltres
|-damage|p2a: Moltres|79/100
|-enditem|p2a: Moltres|Heavy-Duty Boots|[from] move: Knock Off|[of] p1a: Iron Treads
|move|p2a: Moltres|Flamethrower|p1a: Iron Treads
|-supereffective|p1a: Iron Treads
|-damage|p1a: Iron Treads|0 fnt
|faint|p1a: Iron Treads
|-end|p1a: Iron Treads|Quark Drive|[silent]
|
|-weather|Sandstorm|[upkeep]
|-damage|p2a: Moltres|73/100|[from] Sandstorm
|upkeep
|inactive|terablastdontbanit has 120 seconds left.
|inactive|terablastdontbanit has 90 seconds left.
|
|t:|1776321112
|switch|p1a: Zamazenta|Zamazenta|12/100
|turn|28
|inactive|terablastdontbanit has 90 seconds left.
|
|t:|1776321131
|move|p1a: Zamazenta|Body Press|p2a: Moltres
|-resisted|p2a: Moltres
|-crit|p2a: Moltres
|-damage|p2a: Moltres|53/100
|move|p2a: Moltres|Flamethrower|p1a: Zamazenta
|-damage|p1a: Zamazenta|0 fnt
|faint|p1a: Zamazenta
|
|-weather|Sandstorm|[upkeep]
|-damage|p2a: Moltres|47/100|[from] Sandstorm
|upkeep
|
|t:|1776321136
|switch|p1a: Darkrai|Darkrai|100/100
|turn|29
|inactive|terablastdontbanit has 90 seconds left.
|inactive|terablastdontbanit has 60 seconds left.
|
|t:|1776321172
|-terastallize|p1a: Darkrai|Poison
|move|p1a: Darkrai|Sludge Bomb|p2a: Moltres
|-damage|p2a: Moltres|0 fnt
|faint|p2a: Moltres
|
|-weather|Sandstorm|[upkeep]
|-damage|p1a: Darkrai|94/100|[from] Sandstorm
|upkeep
|
|t:|1776321176
|switch|p2a: Hydrapple|Hydrapple, M|100/100
|turn|30
|
|t:|1776321183
|-terastallize|p2a: Hydrapple|Poison
|move|p1a: Darkrai|Sludge Bomb|p2a: Hydrapple
|-resisted|p2a: Hydrapple
|-damage|p2a: Hydrapple|64/100
|move|p2a: Hydrapple|Earth Power|p1a: Darkrai
|-supereffective|p1a: Darkrai
|-damage|p1a: Darkrai|20/100
|
|-weather|Sandstorm|[upkeep]
|-damage|p1a: Darkrai|14/100|[from] Sandstorm
|-damage|p2a: Hydrapple|58/100|[from] Sandstorm
|upkeep
|turn|31
|
|t:|1776321190
|move|p1a: Darkrai|Sludge Bomb|p2a: Hydrapple
|-resisted|p2a: Hydrapple
|-crit|p2a: Hydrapple
|-damage|p2a: Hydrapple|1/100
|move|p2a: Hydrapple|Earth Power|p1a: Darkrai
|-supereffective|p1a: Darkrai
|-damage|p1a: Darkrai|0 fnt
|faint|p1a: Darkrai
|
|win|sbango77
|raw|terablastdontbanit's rating: 1336 &rarr; <strong>1315</strong><br />(-21 for losing)
|raw|sbango77's rating: 1324 &rarr; <strong>1345</strong><br />(+21 for winning)
