|html|<div class="broadcast-blue"><strong>[Gen 9] OU is currently suspecting Tera Blast! For information on how to participate check out the <a href="https://www.smogon.com/tools/suspects/view/200">suspect thread</a>.</strong></div>
|j|☆TheBlackestRaven
|j|☆EeroyeTheCamerupt
|t:|1776093788
|gametype|singles
|player|p1|TheBlackestRaven|burglar|1177
|player|p2|EeroyeTheCamerupt|hilda|1185
|gen|9
|tier|[Gen 9] OU
|rated|
|rule|HP Percentage Mod: HP is shown in percentages
|rule|Endless Battle Clause: Forcing endless battles is banned
|rule|Species Clause: Limit one of each Pokémon
|rule|OHKO Clause: OHKO moves are banned
|rule|Evasion Items Clause: Evasion items are banned
|rule|Evasion Moves Clause: Evasion moves are banned
|rule|Evasion Abilities Clause: Evasion abilities are banned
|rule|Sleep Moves Clause: Sleep-inducing moves are banned
|clearpoke
|poke|p1|Blaziken, M|
|poke|p1|Gardevoir, M|
|poke|p1|Corviknight, F|
|poke|p1|Garchomp, M|
|poke|p1|Samurott-Hisui, F|
|poke|p1|Pecharunt|
|poke|p2|Swanna, F|
|poke|p2|Gholdengo|
|poke|p2|Iron Valiant|
|poke|p2|Cinderace, M|
|poke|p2|Kingambit, F|
|poke|p2|Clodsire, F|
|teampreview
|inactive|Battle timer is ON: inactive players will automatically lose when time's up. (requested by TheBlackestRaven)
|
|t:|1776093799
|teamsize|p1|6
|teamsize|p2|6
|start
|switch|p1a: kuro|Corviknight, F, shiny|100/100
|switch|p2a: CLODfromElemental|Clodsire, F|100/100
|-ability|p1a: kuro|Pressure
|turn|1
|
|t:|1776093814
|switch|p1a: Brody|Garchomp, M, shiny|100/100
|move|p2a: CLODfromElemental|Rock Tomb|p1a: Brody
|-resisted|p1a: Brody
|-crit|p1a: Brody
|-damage|p1a: Brody|95/100
|-unboost|p1a: Brody|spe|1
|
|-heal|p1a: Brody|100/100|[from] item: Leftovers
|upkeep
|turn|2
|
|t:|1776093824
|move|p1a: Brody|Stealth Rock|p2a: CLODfromElemental
|-sidestart|p2: EeroyeTheCamerupt|move: Stealth Rock
|move|p2a: CLODfromElemental|Toxic|p1a: Brody
|-status|p1a: Brody|tox
|
|-damage|p1a: Brody|94/100 tox|[from] psn
|upkeep
|turn|3
|
|t:|1776093830
|move|p1a: Brody|Earthquake|p2a: CLODfromElemental
|-supereffective|p2a: CLODfromElemental
|-damage|p2a: CLODfromElemental|13/100
|move|p2a: CLODfromElemental|Rock Tomb|p1a: Brody
|-resisted|p1a: Brody
|-crit|p1a: Brody
|-damage|p1a: Brody|89/100 tox
|-unboost|p1a: Brody|spe|1
|
|-heal|p1a: Brody|95/100 tox|[from] item: Leftovers
|-heal|p2a: CLODfromElemental|19/100|[from] item: Black Sludge
|-damage|p1a: Brody|83/100 tox|[from] psn
|upkeep
|turn|4
|
|t:|1776093842
|move|p2a: CLODfromElemental|Recover|p2a: CLODfromElemental
|-heal|p2a: CLODfromElemental|69/100
|move|p1a: Brody|Dragon Tail|p2a: CLODfromElemental
|-damage|p2a: CLODfromElemental|41/100
|drag|p2a: Goldilocks|Gholdengo|100/100
|-damage|p2a: Goldilocks|94/100|[from] Stealth Rock
|
|-heal|p1a: Brody|89/100 tox|[from] item: Leftovers
|-damage|p1a: Brody|70/100 tox|[from] psn
|upkeep
|turn|5
|
|t:|1776093852
|switch|p2a: CLODfromElemental|Clodsire, F|41/100
|-damage|p2a: CLODfromElemental|35/100|[from] Stealth Rock
|move|p1a: Brody|Earthquake|p2a: CLODfromElemental
|-supereffective|p2a: CLODfromElemental
|-damage|p2a: CLODfromElemental|0 fnt
|faint|p2a: CLODfromElemental
|
|-heal|p1a: Brody|77/100 tox|[from] item: Leftovers
|-damage|p1a: Brody|52/100 tox|[from] psn
|upkeep
|
|t:|1776093865
|switch|p2a: Cygnus|Swanna, F|100/100
|-damage|p2a: Cygnus|76/100|[from] Stealth Rock
|turn|6
|
|t:|1776093872
|move|p2a: Cygnus|Alluring Voice|p1a: Brody
|-supereffective|p1a: Brody
|-damage|p1a: Brody|14/100 tox
|move|p1a: Brody|Dragon Tail|p2a: Cygnus
|-damage|p2a: Cygnus|30/100
|drag|p2a: Uramasa|Kingambit, F|100/100
|-damage|p2a: Uramasa|94/100|[from] Stealth Rock
|-activate|p2a: Uramasa|ability: Supreme Overlord
|-start|p2a: Uramasa|fallen1|[silent]
|
|-heal|p1a: Brody|20/100 tox|[from] item: Leftovers
|-heal|p2a: Uramasa|100/100|[from] item: Leftovers
|-damage|p1a: Brody|0 fnt|[from] psn
|faint|p1a: Brody
|upkeep
|
|t:|1776093889
|switch|p1a: Buffalo|Blaziken, M, shiny|100/100
|turn|7
|
|t:|1776093895
|-end|p2a: Uramasa|fallen1|[silent]
|switch|p2a: Cygnus|Swanna, F|30/100
|-damage|p2a: Cygnus|5/100|[from] Stealth Rock
|move|p1a: Buffalo|Close Combat|p2a: Cygnus
|-resisted|p2a: Cygnus
|-damage|p2a: Cygnus|0 fnt
|-unboost|p1a: Buffalo|def|1
|-unboost|p1a: Buffalo|spd|1
|faint|p2a: Cygnus
|-damage|p1a: Buffalo|91/100|[from] item: Life Orb
|
|-ability|p1a: Buffalo|Speed Boost|boost
|-boost|p1a: Buffalo|spe|1
|upkeep
|
|t:|1776093900
|switch|p2a: Valiant|Iron Valiant|100/100
|-damage|p2a: Valiant|94/100|[from] Stealth Rock
|-enditem|p2a: Valiant|Booster Energy
|-activate|p2a: Valiant|ability: Quark Drive|[fromitem]
|-start|p2a: Valiant|quarkdrivespe
|turn|8
|
|t:|1776093914
|move|p1a: Buffalo|Protect|p1a: Buffalo
|-singleturn|p1a: Buffalo|Protect
|move|p2a: Valiant|Moonblast|p1a: Buffalo
|-activate|p1a: Buffalo|move: Protect
|
|-ability|p1a: Buffalo|Speed Boost|boost
|-boost|p1a: Buffalo|spe|1
|upkeep
|turn|9
|
|t:|1776093921
|move|p2a: Valiant|Moonblast|p1a: Buffalo
|-damage|p1a: Buffalo|0 fnt
|faint|p1a: Buffalo
|
|upkeep
|
|t:|1776093928
|switch|p1a: kuro|Corviknight, F, shiny|100/100
|-ability|p1a: kuro|Pressure
|turn|10
|
|t:|1776093932
|move|p2a: Valiant|Thunderbolt|p1a: kuro
|-supereffective|p1a: kuro
|-damage|p1a: kuro|44/100
|move|p1a: kuro|Iron Head|p2a: Valiant
|-supereffective|p2a: Valiant
|-damage|p2a: Valiant|26/100
|
|-heal|p1a: kuro|51/100|[from] item: Leftovers
|upkeep
|turn|11
|
|t:|1776093942
|move|p2a: Valiant|Thunderbolt|p1a: kuro
|-supereffective|p1a: kuro
|-damage|p1a: kuro|0 fnt
|faint|p1a: kuro
|
|upkeep
|
|t:|1776093949
|switch|p1a: Pecharunt|Pecharunt|100/100
|turn|12
|
|t:|1776093953
|move|p2a: Valiant|Psychic|p1a: Pecharunt
|-supereffective|p1a: Pecharunt
|-damage|p1a: Pecharunt|45/100
|move|p1a: Pecharunt|Malignant Chain|p2a: Valiant
|-supereffective|p2a: Valiant
|-damage|p2a: Valiant|0 fnt
|faint|p2a: Valiant
|-end|p2a: Valiant|Quark Drive|[silent]
|
|upkeep
|
|t:|1776093958
|switch|p2a: Goldilocks|Gholdengo|94/100
|-damage|p2a: Goldilocks|88/100|[from] Stealth Rock
|turn|13
|
|t:|1776093967
|switch|p1a: Toronaga|Samurott-Hisui, F, shiny|100/100
|move|p2a: Goldilocks|Shadow Ball|p1a: Toronaga
|-resisted|p1a: Toronaga
|-damage|p1a: Toronaga|84/100
|
|upkeep
|turn|14
|
|t:|1776093978
|move|p2a: Goldilocks|Shadow Ball|p1a: Toronaga
|-resisted|p1a: Toronaga
|-crit|p1a: Toronaga
|-damage|p1a: Toronaga|62/100
|move|p1a: Toronaga|Ceaseless Edge|p2a: Goldilocks
|-supereffective|p2a: Goldilocks
|-crit|p2a: Goldilocks
|-damage|p2a: Goldilocks|0 fnt
|-sidestart|p2: EeroyeTheCamerupt|Spikes
|faint|p2a: Goldilocks
|
|upkeep
|
|t:|1776093988
|switch|p2a: Uramasa|Kingambit, F|100/100
|-damage|p2a: Uramasa|94/100|[from] Stealth Rock
|-damage|p2a: Uramasa|82/100|[from] Spikes
|-activate|p2a: Uramasa|ability: Supreme Overlord
|-start|p2a: Uramasa|fallen4|[silent]
|turn|15
|
|t:|1776094008
|-terastallize|p1a: Toronaga|Ground
|move|p1a: Toronaga|Knock Off|p2a: Uramasa
|-resisted|p2a: Uramasa
|-damage|p2a: Uramasa|66/100
|-enditem|p2a: Uramasa|Leftovers|[from] move: Knock Off|[of] p1a: Toronaga
|move|p2a: Uramasa|Iron Head|p1a: Toronaga
|-damage|p1a: Toronaga|0 fnt
|faint|p1a: Toronaga
|
|upkeep
|
|t:|1776094019
|switch|p1a: Garden|Gardevoir, M, shiny|100/100
|-ability|p1a: Garden|Supreme Overlord|Trace|[from] ability: Trace|[of] p2a: Uramasa
|-activate|p1a: Garden|ability: Supreme Overlord
|-start|p1a: Garden|fallen4|[silent]
|turn|16
|
|t:|1776094030
|-end|p2a: Uramasa|fallen4|[silent]
|switch|p2a: Trixie|Cinderace, M|100/100
|move|p1a: Garden|Thunderbolt|p2a: Trixie
|-damage|p2a: Trixie|34/100
|
|upkeep
|turn|17
|
|t:|1776094036
|move|p1a: Garden|Thunderbolt|p2a: Trixie
|-crit|p2a: Trixie
|-damage|p2a: Trixie|0 fnt
|faint|p2a: Trixie
|
|upkeep
|
|t:|1776094039
|switch|p2a: Uramasa|Kingambit, F|66/100
|-damage|p2a: Uramasa|59/100|[from] Stealth Rock
|-damage|p2a: Uramasa|47/100|[from] Spikes
|-activate|p2a: Uramasa|ability: Supreme Overlord
|-start|p2a: Uramasa|fallen5|[silent]
|turn|18
|
|t:|1776094045
|move|p1a: Garden|Thunderbolt|p2a: Uramasa
|-damage|p2a: Uramasa|9/100
|move|p2a: Uramasa|Iron Head|p1a: Garden
|-supereffective|p1a: Garden
|-damage|p1a: Garden|0 fnt
|faint|p1a: Garden
|-end|p1a: Garden|fallen4|[silent]
|
|upkeep
|
|t:|1776094052
|switch|p1a: Pecharunt|Pecharunt|45/100
|turn|19
|
|t:|1776094057
|move|p2a: Uramasa|Sucker Punch|p1a: Pecharunt
|-supereffective|p1a: Pecharunt
|-damage|p1a: Pecharunt|0 fnt
|faint|p1a: Pecharunt
|
|win|EeroyeTheCamerupt
|raw|TheBlackestRaven's rating: 1177 &rarr; <strong>1153</strong><br />(-24 for losing)
|raw|EeroyeTheCamerupt's rating: 1185 &rarr; <strong>1209</strong><br />(+24 for winning)
|c|☆EeroyeTheCamerupt|gg
|l|☆TheBlackestRaven
|player|p1|
|l|☆EeroyeTheCamerupt
|player|p2|
