|html|<div class="broadcast-blue"><strong>[Gen 9] OU is currently suspecting Tera Blast! For information on how to participate check out the <a href="https://www.smogon.com/tools/suspects/view/200">suspect thread</a>.</strong></div>
|j|☆lilpoem
|j|☆airportwifiisgood
|t:|1776058076
|gametype|singles
|player|p1|lilpoem|266|1300
|player|p2|airportwifiisgood|pilot|1351
|gen|9
|tier|[Gen 9] OU
|rated|
|rule|HP Percentage Mod: HP is shown in percentages
|rule|Endless Battle Clause: Forcing endless battles is banned
|rule|Species Clause: Limit one of each Pokémon
|rule|OHKO Clause: OHKO moves are banned
|rule|Evasion Items Clause: Evasion items are banned
|rule|Evasion Moves Clause: Evasion moves are banned
|rule|Evasion Abilities Clause: Evasion abilities are banned
|rule|Sleep Moves Clause: Sleep-inducing moves are banned
|clearpoke
|poke|p1|Okidogi, M|
|poke|p1|Great Tusk|
|poke|p1|Kommo-o, M|
|poke|p1|Iron Hands|
|poke|p1|Zamazenta-*|
|poke|p1|Iron Valiant|
|poke|p2|Glimmora, M|
|poke|p2|Toxapex, M|
|poke|p2|Mismagius, F|
|poke|p2|Hydreigon, F|
|poke|p2|Ninetales-Alola, M|
|poke|p2|Rhyperior, F|
|teampreview
|inactive|Battle timer is ON: inactive players will automatically lose when time's up. (requested by airportwifiisgood)
|
|t:|1776058085
|teamsize|p1|6
|teamsize|p2|6
|start
|switch|p1a: Okidoge|Okidogi, M|100/100
|switch|p2a: Glimmora|Glimmora, M|100/100
|turn|1
|
|t:|1776058092
|move|p2a: Glimmora|Stealth Rock|p1a: Okidoge
|-sidestart|p1: lilpoem|move: Stealth Rock
|move|p1a: Okidoge|Close Combat|p2a: Glimmora
|-damage|p2a: Glimmora|22/100
|-unboost|p1a: Okidoge|def|1
|-unboost|p1a: Okidoge|spd|1
|-activate|p2a: Glimmora|ability: Toxic Debris
|-sidestart|p1: lilpoem|move: Toxic Spikes
|
|upkeep
|turn|2
|
|t:|1776058106
|move|p2a: Glimmora|Toxic Spikes|p1a: Okidoge
|-sidestart|p1: lilpoem|move: Toxic Spikes
|move|p1a: Okidoge|Close Combat|p2a: Glimmora
|-damage|p2a: Glimmora|0 fnt
|-unboost|p1a: Okidoge|def|1
|-unboost|p1a: Okidoge|spd|1
|faint|p2a: Glimmora
|
|upkeep
|
|t:|1776058121
|switch|p2a: Rhyperior|Rhyperior, F|100/100
|turn|3
|
|t:|1776058133
|switch|p1a: SOL TAKER|Iron Valiant|100/100
|-damage|p1a: SOL TAKER|94/100|[from] Stealth Rock
|-status|p1a: SOL TAKER|tox
|move|p2a: Rhyperior|Rock Polish|p2a: Rhyperior
|-boost|p2a: Rhyperior|spe|2
|
|-damage|p1a: SOL TAKER|88/100 tox|[from] psn
|upkeep
|turn|4
|
|t:|1776058149
|move|p1a: SOL TAKER|Destiny Bond|p1a: SOL TAKER
|-singlemove|p1a: SOL TAKER|Destiny Bond
|move|p2a: Rhyperior|Earthquake|p1a: SOL TAKER
|-crit|p1a: SOL TAKER
|-damage|p1a: SOL TAKER|0 fnt
|faint|p1a: SOL TAKER
|-activate|p1a: SOL TAKER|move: Destiny Bond
|-end|p1a: SOL TAKER|Quark Drive|[silent]
|faint|p2a: Rhyperior
|
|upkeep
|
|t:|1776058166
|switch|p1a: Okidoge|Okidogi, M|100/100
|switch|p2a: Mismagius|Mismagius, F, shiny|100/100
|-damage|p1a: Okidoge|94/100|[from] Stealth Rock
|-sideend|p1: lilpoem|move: Toxic Spikes|[of] p1a: Okidoge
|turn|5
|
|t:|1776058176
|move|p2a: Mismagius|Will-O-Wisp|p1a: Okidoge|[miss]
|-miss|p2a: Mismagius|p1a: Okidoge
|move|p1a: Okidoge|Fling|p2a: Mismagius
|-supereffective|p2a: Mismagius
|-damage|p2a: Mismagius|52/100
|-status|p2a: Mismagius|par
|-enditem|p1a: Okidoge|Light Ball|[from] move: Fling
|
|upkeep
|turn|6
|
|t:|1776058183
|-terastallize|p1a: Okidoge|Dark
|move|p1a: Okidoge|Tera Blast|p2a: Mismagius|[anim] Tera Blast Dark
|-supereffective|p2a: Mismagius
|-damage|p2a: Mismagius|0 fnt
|faint|p2a: Mismagius
|
|upkeep
|
|t:|1776058198
|switch|p2a: Ninetales|Ninetales-Alola, M|100/100
|-weather|Snowscape|[from] ability: Snow Warning|[of] p2a: Ninetales
|turn|7
|
|t:|1776058202
|move|p2a: Ninetales|Aurora Veil|p2a: Ninetales
|-sidestart|p2: airportwifiisgood|move: Aurora Veil
|move|p1a: Okidoge|Close Combat|p2a: Ninetales
|-damage|p2a: Ninetales|65/100
|-unboost|p1a: Okidoge|def|1
|-unboost|p1a: Okidoge|spd|1
|
|-weather|Snowscape|[upkeep]
|upkeep
|turn|8
|
|t:|1776058209
|move|p2a: Ninetales|Nasty Plot|p2a: Ninetales
|-boost|p2a: Ninetales|spa|2
|move|p1a: Okidoge|Close Combat|p2a: Ninetales
|-damage|p2a: Ninetales|32/100
|-unboost|p1a: Okidoge|def|1
|-unboost|p1a: Okidoge|spd|1
|
|-weather|Snowscape|[upkeep]
|upkeep
|turn|9
|
|t:|1776058216
|move|p2a: Ninetales|Moonblast|p1a: Okidoge
|-supereffective|p1a: Okidoge
|-crit|p1a: Okidoge
|-damage|p1a: Okidoge|0 fnt
|faint|p1a: Okidoge
|
|-weather|Snowscape|[upkeep]
|upkeep
|
|t:|1776058225
|switch|p1a: Dark Aura|Zamazenta|100/100
|-damage|p1a: Dark Aura|94/100|[from] Stealth Rock
|-ability|p1a: Dark Aura|Dauntless Shield|boost
|-boost|p1a: Dark Aura|def|1
|turn|10
|
|t:|1776058230
|move|p1a: Dark Aura|Iron Head|p2a: Ninetales
|-supereffective|p2a: Ninetales
|-damage|p2a: Ninetales|0 fnt
|faint|p2a: Ninetales
|
|-weather|Snowscape|[upkeep]
|upkeep
|
|t:|1776058237
|switch|p2a: Hydreigon|Hydreigon, F|100/100
|turn|11
|
|t:|1776058259
|move|p1a: Dark Aura|Close Combat|p2a: Hydreigon
|-supereffective|p2a: Hydreigon
|-damage|p2a: Hydreigon|22/100
|-unboost|p1a: Dark Aura|def|1
|-unboost|p1a: Dark Aura|spd|1
|move|p2a: Hydreigon|Dragon Dance|p2a: Hydreigon
|-boost|p2a: Hydreigon|atk|1
|-boost|p2a: Hydreigon|spe|1
|
|-weather|none
|upkeep
|turn|12
|
|t:|1776058271
|-terastallize|p2a: Hydreigon|Steel
|move|p2a: Hydreigon|Scale Shot|p1a: Dark Aura
|-crit|p1a: Dark Aura
|-damage|p1a: Dark Aura|68/100
|-damage|p1a: Dark Aura|52/100
|-damage|p1a: Dark Aura|34/100
|-damage|p1a: Dark Aura|17/100
|-hitcount|p1a: Dark Aura|4
|-unboost|p2a: Hydreigon|def|1
|-boost|p2a: Hydreigon|spe|1
|move|p1a: Dark Aura|Close Combat|p2a: Hydreigon
|-supereffective|p2a: Hydreigon
|-damage|p2a: Hydreigon|0 fnt
|-unboost|p1a: Dark Aura|def|1
|-unboost|p1a: Dark Aura|spd|1
|faint|p2a: Hydreigon
|
|upkeep
|
|t:|1776058279
|switch|p2a: Toxapex|Toxapex, M|100/100
|turn|13
|
|t:|1776058285
|move|p1a: Dark Aura|Crunch|p2a: Toxapex
|-damage|p2a: Toxapex|90/100
|move|p2a: Toxapex|Hydro Pump|p1a: Dark Aura
|-damage|p1a: Dark Aura|0 fnt
|faint|p1a: Dark Aura
|
|-heal|p2a: Toxapex|97/100|[from] item: Leftovers
|upkeep
|
|t:|1776058296
|switch|p1a: Iron Hands|Iron Hands|100/100
|-damage|p1a: Iron Hands|94/100|[from] Stealth Rock
|-enditem|p1a: Iron Hands|Booster Energy
|-activate|p1a: Iron Hands|ability: Quark Drive|[fromitem]
|-start|p1a: Iron Hands|quarkdriveatk
|turn|14
|
|t:|1776058308
|move|p1a: Iron Hands|Fake Out|p2a: Toxapex
|-damage|p2a: Toxapex|88/100
|cant|p2a: Toxapex|flinch
|
|-heal|p2a: Toxapex|94/100|[from] item: Leftovers
|-sideend|p2: airportwifiisgood|move: Aurora Veil
|upkeep
|turn|15
|
|t:|1776058310
|move|p1a: Iron Hands|Bulldoze|p2a: Toxapex
|-supereffective|p2a: Toxapex
|-damage|p2a: Toxapex|41/100
|-unboost|p2a: Toxapex|spe|1
|move|p2a: Toxapex|Hydro Pump|p1a: Iron Hands
|-damage|p1a: Iron Hands|60/100
|
|-heal|p2a: Toxapex|47/100|[from] item: Leftovers
|upkeep
|turn|16
|
|t:|1776058313
|move|p1a: Iron Hands|Bulldoze|p2a: Toxapex
|-supereffective|p2a: Toxapex
|-damage|p2a: Toxapex|0 fnt
|faint|p2a: Toxapex
|
|win|lilpoem
|raw|lilpoem's rating: 1300 &rarr; <strong>1329</strong><br />(+29 for winning)
|raw|airportwifiisgood's rating: 1351 &rarr; <strong>1328</strong><br />(-23 for losing)
|c|☆lilpoem|Gg
|l|☆lilpoem
|player|p1|
|l|☆airportwifiisgood
|player|p2|
