|html|<div class="broadcast-blue"><strong>[Gen 9] OU is currently suspecting Tera Blast! For information on how to participate check out the <a href="https://www.smogon.com/tools/suspects/view/200">suspect thread</a>.</strong></div>
|j|☆barrman1313
|j|☆niccommoc
|t:|1776093758
|gametype|singles
|player|p1|barrman1313|janitor|1560
|player|p2|niccommoc|cyclist|1517
|gen|9
|tier|[Gen 9] OU
|rated|
|rule|HP Percentage Mod: HP is shown in percentages
|rule|Endless Battle Clause: Forcing endless battles is banned
|rule|Species Clause: Limit one of each Pokémon
|rule|OHKO Clause: OHKO moves are banned
|rule|Evasion Items Clause: Evasion items are banned
|rule|Evasion Moves Clause: Evasion moves are banned
|rule|Evasion Abilities Clause: Evasion abilities are banned
|rule|Sleep Moves Clause: Sleep-inducing moves are banned
|clearpoke
|poke|p1|Diancie|
|poke|p1|Kyurem|
|poke|p1|Necrozma|
|poke|p1|Hatterene, F|
|poke|p1|Iron Hands|
|poke|p1|Landorus-Therian, M|
|poke|p2|Ninetales-Alola, F|
|poke|p2|Kyurem|
|poke|p2|Gliscor, F|
|poke|p2|Iron Moth|
|poke|p2|Iron Hands|
|poke|p2|Great Tusk|
|teampreview
|inactive|Battle timer is ON: inactive players will automatically lose when time's up. (requested by niccommoc)
|inactive|niccommoc has 120 seconds left.
|inactive|barrman1313 has 120 seconds left.
|
|t:|1776093823
|teamsize|p1|6
|teamsize|p2|6
|start
|switch|p1a: Kyurem|Kyurem|100/100
|switch|p2a: Ninetales|Ninetales-Alola, F|100/100
|-weather|Snowscape|[from] ability: Snow Warning|[of] p2a: Ninetales
|-ability|p1a: Kyurem|Pressure
|turn|1
|
|t:|1776093847
|-terastallize|p1a: Kyurem|Fire
|move|p2a: Ninetales|Aurora Veil|p2a: Ninetales
|-sidestart|p2: niccommoc|move: Aurora Veil
|move|p1a: Kyurem|Dragon Dance|p1a: Kyurem
|-boost|p1a: Kyurem|atk|1
|-boost|p1a: Kyurem|spe|1
|
|-weather|Snowscape|[upkeep]
|upkeep
|turn|2
|
|t:|1776093863
|move|p1a: Kyurem|Icicle Spear|p2a: Ninetales
|-resisted|p2a: Ninetales
|-damage|p2a: Ninetales|96/100
|-resisted|p2a: Ninetales
|-damage|p2a: Ninetales|91/100
|-resisted|p2a: Ninetales
|-damage|p2a: Ninetales|86/100
|-resisted|p2a: Ninetales
|-damage|p2a: Ninetales|82/100
|-hitcount|p2a: Ninetales|4
|move|p2a: Ninetales|Encore|p1a: Kyurem
|-start|p1a: Kyurem|Encore
|
|-weather|Snowscape|[upkeep]
|upkeep
|turn|3
|
|t:|1776093874
|switch|p2a: Iron Moth|Iron Moth|100/100
|-enditem|p2a: Iron Moth|Booster Energy
|-activate|p2a: Iron Moth|ability: Quark Drive|[fromitem]
|-start|p2a: Iron Moth|quarkdrivespe
|move|p1a: Kyurem|Icicle Spear|p2a: Iron Moth
|-resisted|p2a: Iron Moth
|-damage|p2a: Iron Moth|94/100
|-resisted|p2a: Iron Moth
|-damage|p2a: Iron Moth|85/100
|-resisted|p2a: Iron Moth
|-damage|p2a: Iron Moth|77/100
|-resisted|p2a: Iron Moth
|-damage|p2a: Iron Moth|69/100
|-resisted|p2a: Iron Moth
|-damage|p2a: Iron Moth|61/100
|-hitcount|p2a: Iron Moth|5
|
|-weather|Snowscape|[upkeep]
|upkeep
|turn|4
|
|t:|1776093894
|move|p2a: Iron Moth|Fiery Dance|p1a: Kyurem
|-resisted|p1a: Kyurem
|-damage|p1a: Kyurem|80/100
|move|p1a: Kyurem|Icicle Spear|p2a: Iron Moth
|-resisted|p2a: Iron Moth
|-damage|p2a: Iron Moth|54/100
|-resisted|p2a: Iron Moth
|-damage|p2a: Iron Moth|47/100
|-resisted|p2a: Iron Moth
|-damage|p2a: Iron Moth|40/100
|-resisted|p2a: Iron Moth
|-damage|p2a: Iron Moth|32/100
|-resisted|p2a: Iron Moth
|-damage|p2a: Iron Moth|25/100
|-hitcount|p2a: Iron Moth|5
|
|-weather|Snowscape|[upkeep]
|upkeep
|turn|5
|
|t:|1776093909
|move|p2a: Iron Moth|Sludge Wave|p1a: Kyurem
|-damage|p1a: Kyurem|32/100
|move|p1a: Kyurem|Icicle Spear|p2a: Iron Moth
|-resisted|p2a: Iron Moth
|-damage|p2a: Iron Moth|17/100
|-resisted|p2a: Iron Moth
|-damage|p2a: Iron Moth|9/100
|-resisted|p2a: Iron Moth
|-crit|p2a: Iron Moth
|-damage|p2a: Iron Moth|0 fnt
|faint|p2a: Iron Moth
|-end|p2a: Iron Moth|Quark Drive|[silent]
|-hitcount|p2: Iron Moth|3
|
|-weather|none
|-end|p1a: Kyurem|Encore
|upkeep
|
|t:|1776093913
|switch|p2a: Kyurem|Kyurem|100/100
|-ability|p2a: Kyurem|Pressure
|turn|6
|
|t:|1776093926
|-terastallize|p2a: Kyurem|Electric
|move|p1a: Kyurem|Scale Shot|p2a: Kyurem
|-damage|p2a: Kyurem|89/100
|-damage|p2a: Kyurem|79/100
|-damage|p2a: Kyurem|69/100
|-damage|p2a: Kyurem|58/100
|-damage|p2a: Kyurem|48/100
|-hitcount|p2a: Kyurem|5
|-unboost|p1a: Kyurem|def|1
|-boost|p1a: Kyurem|spe|1
|move|p2a: Kyurem|Scale Shot|p1a: Kyurem
|-damage|p1a: Kyurem|10/100
|-damage|p1a: Kyurem|0 fnt
|faint|p1a: Kyurem
|-hitcount|p1: Kyurem|2
|-unboost|p2a: Kyurem|def|1
|-boost|p2a: Kyurem|spe|1
|
|upkeep
|inactive|barrman1313 has 120 seconds left.
|
|t:|1776093949
|switch|p1a: Hatterene|Hatterene, F|100/100
|turn|7
|
|t:|1776093953
|move|p2a: Kyurem|Icicle Spear|p1a: Hatterene
|-damage|p1a: Hatterene|84/100
|-damage|p1a: Hatterene|68/100
|-damage|p1a: Hatterene|52/100
|-damage|p1a: Hatterene|34/100
|-hitcount|p1a: Hatterene|4
|move|p1a: Hatterene|Trick Room|p1a: Hatterene
|-fieldstart|move: Trick Room|[of] p1a: Hatterene
|
|upkeep
|turn|8
|
|t:|1776093973
|switch|p2a: Ninetales|Ninetales-Alola, F|82/100
|-weather|Snowscape|[from] ability: Snow Warning|[of] p2a: Ninetales
|move|p1a: Hatterene|Psyshock|p2a: Ninetales
|-damage|p2a: Ninetales|58/100
|-damage|p1a: Hatterene|24/100|[from] item: Life Orb
|
|-weather|Snowscape|[upkeep]
|-sideend|p2: niccommoc|move: Aurora Veil
|upkeep
|turn|9
|
|t:|1776093986
|move|p1a: Hatterene|Mystical Fire|p2a: Ninetales
|-supereffective|p2a: Ninetales
|-damage|p2a: Ninetales|0 fnt
|faint|p2a: Ninetales
|-damage|p1a: Hatterene|15/100|[from] item: Life Orb
|
|-weather|Snowscape|[upkeep]
|upkeep
|
|t:|1776093998
|switch|p2a: Kyurem|Kyurem, tera:Electric|48/100
|-ability|p2a: Kyurem|Pressure
|turn|10
|
|t:|1776094004
|move|p1a: Hatterene|Psyshock|p2a: Kyurem
|-damage|p2a: Kyurem|0 fnt
|faint|p2a: Kyurem
|-damage|p1a: Hatterene|5/100|[from] item: Life Orb
|
|-weather|Snowscape|[upkeep]
|upkeep
|
|t:|1776094009
|switch|p2a: Gliscor|Gliscor, F|100/100
|turn|11
|
|t:|1776094015
|move|p1a: Hatterene|Draining Kiss|p2a: Gliscor
|-damage|p2a: Gliscor|54/100
|-heal|p1a: Hatterene|44/100|[from] drain|[of] p2a: Gliscor
|-damage|p1a: Hatterene|34/100|[from] item: Life Orb
|move|p2a: Gliscor|Swords Dance|p2a: Gliscor
|-boost|p2a: Gliscor|atk|2
|
|-weather|Snowscape|[upkeep]
|-fieldend|move: Trick Room
|-status|p2a: Gliscor|tox|[from] item: Toxic Orb
|upkeep
|turn|12
|
|t:|1776094028
|switch|p1a: Landorus|Landorus-Therian, M|100/100
|-ability|p1a: Landorus|Intimidate|boost
|-unboost|p2a: Gliscor|atk|1
|move|p2a: Gliscor|Facade|p1a: Landorus
|-damage|p1a: Landorus|48/100
|-damage|p2a: Gliscor|37/100 tox|[from] item: Rocky Helmet|[of] p1a: Landorus
|
|-weather|none
|-heal|p2a: Gliscor|50/100 tox|[from] ability: Poison Heal
|upkeep
|turn|13
|
|t:|1776094035
|move|p1a: Landorus|Taunt|p2a: Gliscor
|-start|p2a: Gliscor|move: Taunt
|cant|p2a: Gliscor|move: Taunt|Swords Dance
|
|-heal|p2a: Gliscor|62/100 tox|[from] ability: Poison Heal
|upkeep
|turn|14
|
|t:|1776094050
|switch|p1a: Hatterene|Hatterene, F|34/100
|move|p2a: Gliscor|Facade|p1a: Hatterene
|-damage|p1a: Hatterene|0 fnt
|faint|p1a: Hatterene
|
|-heal|p2a: Gliscor|75/100 tox|[from] ability: Poison Heal
|upkeep
|inactive|barrman1313 has 120 seconds left.
|
|t:|1776094082
|switch|p1a: Iron Hands|Iron Hands|100/100
|-enditem|p1a: Iron Hands|Booster Energy
|-activate|p1a: Iron Hands|ability: Quark Drive|[fromitem]
|-start|p1a: Iron Hands|quarkdriveatk
|turn|15
|
|t:|1776094103
|move|p2a: Gliscor|Earthquake|p1a: Iron Hands
|-supereffective|p1a: Iron Hands
|-damage|p1a: Iron Hands|24/100
|move|p1a: Iron Hands|Ice Punch|p2a: Gliscor
|-supereffective|p2a: Gliscor
|-damage|p2a: Gliscor|0 fnt
|faint|p2a: Gliscor
|
|upkeep
|
|t:|1776094115
|switch|p2a: Iron Hands|Iron Hands|100/100
|-enditem|p2a: Iron Hands|Booster Energy
|-activate|p2a: Iron Hands|ability: Quark Drive|[fromitem]
|-start|p2a: Iron Hands|quarkdriveatk
|turn|16
|
|t:|1776094122
|move|p2a: Iron Hands|Ice Punch|p1a: Iron Hands
|-damage|p1a: Iron Hands|0 fnt
|faint|p1a: Iron Hands
|-end|p1a: Iron Hands|Quark Drive|[silent]
|
|upkeep
|
|t:|1776094134
|switch|p1a: Landorus|Landorus-Therian, M|48/100
|-ability|p1a: Landorus|Intimidate|boost
|-unboost|p2a: Iron Hands|atk|1
|turn|17
|
|t:|1776094137
|move|p1a: Landorus|Earth Power|p2a: Iron Hands
|-supereffective|p2a: Iron Hands
|-damage|p2a: Iron Hands|48/100
|move|p2a: Iron Hands|Ice Punch|p1a: Landorus
|-supereffective|p1a: Landorus
|-damage|p1a: Landorus|0 fnt
|-damage|p2a: Iron Hands|32/100|[from] item: Rocky Helmet|[of] p1a: Landorus
|faint|p1a: Landorus
|
|upkeep
|
|t:|1776094147
|switch|p1a: Necrozma|Necrozma|100/100
|turn|18
|
|t:|1776094150
|move|p2a: Iron Hands|Thunder Punch|p1a: Necrozma
|-damage|p1a: Necrozma|67/100
|move|p1a: Necrozma|Photon Geyser|p2a: Iron Hands
|-supereffective|p2a: Iron Hands
|-damage|p2a: Iron Hands|0 fnt
|faint|p2a: Iron Hands
|-end|p2a: Iron Hands|Quark Drive|[silent]
|
|upkeep
|
|t:|1776094160
|switch|p2a: Great Tusk|Great Tusk|100/100
|-enditem|p2a: Great Tusk|Booster Energy
|-activate|p2a: Great Tusk|ability: Protosynthesis|[fromitem]
|-start|p2a: Great Tusk|protosynthesisspe
|turn|19
|
|t:|1776094168
|move|p2a: Great Tusk|Headlong Rush|p1a: Necrozma
|-damage|p1a: Necrozma|26/100
|-unboost|p2a: Great Tusk|def|1
|-unboost|p2a: Great Tusk|spd|1
|move|p1a: Necrozma|Trick Room|p1a: Necrozma
|-fieldstart|move: Trick Room|[of] p1a: Necrozma
|
|upkeep
|turn|20
|-message|niccommoc forfeited.
|
|win|barrman1313
|raw|barrman1313's rating: 1560 &rarr; <strong>1578</strong><br />(+18 for winning)
|raw|niccommoc's rating: 1517 &rarr; <strong>1499</strong><br />(-18 for losing)
|l|☆niccommoc
|player|p2|
|l|☆barrman1313
|player|p1|
