|html|<div class="broadcast-blue"><strong>[Gen 9] OU is currently suspecting Tera Blast! For information on how to participate check out the <a href="https://www.smogon.com/tools/suspects/view/200">suspect thread</a>.</strong></div>
|j|☆TristanPlaysPKMN
|j|☆Themusiqking
|t:|1776079402
|gametype|singles
|player|p1|TristanPlaysPKMN|ghetsis|1204
|player|p2|Themusiqking|169|1173
|gen|9
|tier|[Gen 9] OU
|rated|
|rule|HP Percentage Mod: HP is shown in percentages
|rule|Endless Battle Clause: Forcing endless battles is banned
|rule|Species Clause: Limit one of each Pokémon
|rule|OHKO Clause: OHKO moves are banned
|rule|Evasion Items Clause: Evasion items are banned
|rule|Evasion Moves Clause: Evasion moves are banned
|rule|Evasion Abilities Clause: Evasion abilities are banned
|rule|Sleep Moves Clause: Sleep-inducing moves are banned
|clearpoke
|poke|p1|Gogoat, M|
|poke|p1|Ceruledge, M|
|poke|p1|Raging Bolt|
|poke|p1|Garganacl, M|
|poke|p1|Araquanid, F|
|poke|p1|Braviary-Hisui, M|
|poke|p2|Alomomola, F|
|poke|p2|Corviknight, F|
|poke|p2|Kyurem|
|poke|p2|Ditto|
|poke|p2|Slowking-Galar, F|
|poke|p2|Landorus-Therian, M|
|teampreview
|inactive|Battle timer is ON: inactive players will automatically lose when time's up. (requested by TristanPlaysPKMN)
|
|t:|1776079424
|teamsize|p1|6
|teamsize|p2|6
|start
|switch|p1a: Plip|Araquanid, F, shiny|100/100
|switch|p2a: Alomomola|Alomomola, F|100/100
|turn|1
|
|t:|1776079436
|move|p2a: Alomomola|Play Rough|p1a: Plip
|-damage|p1a: Plip|73/100
|-damage|p2a: Alomomola|91/100|[from] item: Life Orb
|move|p1a: Plip|Sticky Web|p2a: Alomomola
|-sidestart|p2: Themusiqking|move: Sticky Web
|
|upkeep
|turn|2
|
|t:|1776079443
|move|p2a: Alomomola|Flip Turn|p1a: Plip
|-resisted|p1a: Plip
|-damage|p1a: Plip|60/100
|-damage|p2a: Alomomola|81/100|[from] item: Life Orb
|
|t:|1776079454
|switch|p2a: Landorus|Landorus-Therian, M|100/100|[from] Flip Turn
|-ability|p2a: Landorus|Intimidate|boost
|-unboost|p1a: Plip|atk|1
|move|p1a: Plip|Surf|p2a: Landorus
|-supereffective|p2a: Landorus
|-damage|p2a: Landorus|0 fnt
|faint|p2a: Landorus
|
|upkeep
|
|t:|1776079470
|switch|p2a: Ditto|Ditto|100/100
|-activate|p2a: Ditto|move: Sticky Web
|-unboost|p2a: Ditto|spe|1
|-transform|p2a: Ditto|p1a: Plip|[from] ability: Imposter
|turn|3
|
|t:|1776079479
|move|p2a: Ditto|Sticky Web|p1a: Plip
|-sidestart|p1: TristanPlaysPKMN|move: Sticky Web
|move|p1a: Plip|Surf|p2a: Ditto
|-resisted|p2a: Ditto
|-damage|p2a: Ditto|77/100
|
|upkeep
|turn|4
|
|t:|1776079490
|switch|p2a: Alomomola|Alomomola, F|100/100
|-activate|p2a: Alomomola|move: Sticky Web
|-unboost|p2a: Alomomola|spe|1
|move|p1a: Plip|Surf|p2a: Alomomola
|-resisted|p2a: Alomomola
|-damage|p2a: Alomomola|73/100
|
|upkeep
|turn|5
|
|t:|1776079504
|move|p1a: Plip|Surf|p2a: Alomomola
|-resisted|p2a: Alomomola
|-damage|p2a: Alomomola|43/100
|move|p2a: Alomomola|Flip Turn|p1a: Plip
|-resisted|p1a: Plip
|-damage|p1a: Plip|46/100
|-damage|p2a: Alomomola|33/100|[from] item: Life Orb
|inactive|Themusiqking has 120 seconds left.
|
|t:|1776079545
|switch|p2a: Kyurem|Kyurem|100/100|[from] Flip Turn
|-activate|p2a: Kyurem|move: Sticky Web
|-unboost|p2a: Kyurem|spe|1
|-ability|p2a: Kyurem|Pressure
|
|upkeep
|turn|6
|
|t:|1776079558
|move|p1a: Plip|Endure|p1a: Plip
|-singleturn|p1a: Plip|move: Endure
|move|p2a: Kyurem|Substitute|p2a: Kyurem
|-start|p2a: Kyurem|Substitute
|-damage|p2a: Kyurem|76/100
|
|-heal|p2a: Kyurem|82/100|[from] item: Leftovers
|upkeep
|turn|7
|
|t:|1776079564
|move|p2a: Kyurem|Freeze-Dry|p1a: Plip
|-supereffective|p1a: Plip
|-damage|p1a: Plip|0 fnt
|faint|p1a: Plip
|
|-heal|p2a: Kyurem|88/100|[from] item: Leftovers
|upkeep
|
|t:|1776079571
|switch|p1a: TargetOfAffection|Raging Bolt|100/100
|-activate|p1a: TargetOfAffection|move: Sticky Web
|-unboost|p1a: TargetOfAffection|spe|1
|-enditem|p1a: TargetOfAffection|Booster Energy
|-activate|p1a: TargetOfAffection|ability: Protosynthesis|[fromitem]
|-start|p1a: TargetOfAffection|protosynthesisspa
|turn|8
|inactive|Themusiqking has 120 seconds left.
|
|t:|1776079586
|-terastallize|p1a: TargetOfAffection|Fairy
|move|p1a: TargetOfAffection|Thunderbolt|p2a: Kyurem
|-resisted|p2a: Kyurem
|-activate|p2a: Kyurem|move: Substitute|[damage]
|move|p2a: Kyurem|Dragon Tail|p1a: TargetOfAffection
|-immune|p1a: TargetOfAffection
|
|-heal|p2a: Kyurem|94/100|[from] item: Leftovers
|upkeep
|turn|9
|inactive|Themusiqking has 120 seconds left.
|
|t:|1776079599
|move|p1a: TargetOfAffection|Thunderclap||[still]
|-fail|p1a: TargetOfAffection
|move|p2a: Kyurem|Substitute|p2a: Kyurem
|-fail|p2a: Kyurem|move: Substitute
|
|-heal|p2a: Kyurem|99/100|[from] item: Leftovers
|upkeep
|turn|10
|inactive|Themusiqking has 120 seconds left.
|
|t:|1776079606
|move|p1a: TargetOfAffection|Thunderbolt|p2a: Kyurem
|-resisted|p2a: Kyurem
|-end|p2a: Kyurem|Substitute
|move|p2a: Kyurem|Substitute|p2a: Kyurem
|-start|p2a: Kyurem|Substitute
|-damage|p2a: Kyurem|75/100
|
|-heal|p2a: Kyurem|82/100|[from] item: Leftovers
|upkeep
|turn|11
|
|t:|1776079614
|-end|p1a: TargetOfAffection|Protosynthesis|[silent]
|switch|p1a: Crusty|Garganacl, M, shiny|100/100
|-activate|p1a: Crusty|move: Sticky Web
|-unboost|p1a: Crusty|spe|1
|move|p2a: Kyurem|Freeze-Dry|p1a: Crusty
|-damage|p1a: Crusty|78/100
|
|-heal|p2a: Kyurem|88/100|[from] item: Leftovers
|upkeep
|turn|12
|inactive|Themusiqking has 120 seconds left.
|l|☆TristanPlaysPKMN
|inactive|TristanPlaysPKMN disconnected and has a minute to reconnect!
|player|p1|
|inactive|Themusiqking has 90 seconds left.
|j|☆TristanPlaysPKMN
|inactive|TristanPlaysPKMN reconnected.
|player|p1|TristanPlaysPKMN|ghetsis|
|inactive|Themusiqking has 60 seconds left.
|
|t:|1776079695
|move|p2a: Kyurem|Earth Power|p1a: Crusty
|-supereffective|p1a: Crusty
|-damage|p1a: Crusty|44/100
|move|p1a: Crusty|Salt Cure|p2a: Kyurem
|-supereffective|p2a: Kyurem
|-activate|p2a: Kyurem|move: Substitute|[damage]
|
|-heal|p2a: Kyurem|94/100|[from] item: Leftovers
|upkeep
|turn|13
|inactive|Themusiqking has 60 seconds left.
|inactive|Themusiqking has 30 seconds left.
|
|t:|1776079738
|move|p2a: Kyurem|Freeze-Dry|p1a: Crusty
|-damage|p1a: Crusty|22/100
|move|p1a: Crusty|Recover|p1a: Crusty
|-heal|p1a: Crusty|72/100
|
|-heal|p2a: Kyurem|99/100|[from] item: Leftovers
|upkeep
|turn|14
|inactive|Themusiqking has 30 seconds left.
|
|t:|1776079743
|move|p2a: Kyurem|Earth Power|p1a: Crusty
|-supereffective|p1a: Crusty
|-damage|p1a: Crusty|37/100
|-unboost|p1a: Crusty|spd|1
|move|p1a: Crusty|Stealth Rock|p2a: Kyurem
|-sidestart|p2: Themusiqking|move: Stealth Rock
|
|-heal|p2a: Kyurem|100/100|[from] item: Leftovers
|upkeep
|turn|15
|inactive|Themusiqking has 30 seconds left.
|inactive|Themusiqking has 20 seconds left.
|
|t:|1776079763
|switch|p1a: Swordsman|Ceruledge, M, shiny|100/100
|-activate|p1a: Swordsman|move: Sticky Web
|-unboost|p1a: Swordsman|spe|1
|move|p2a: Kyurem|Earth Power|p1a: Swordsman
|-supereffective|p1a: Swordsman
|-damage|p1a: Swordsman|44/100
|-enditem|p1a: Swordsman|Weakness Policy
|-boost|p1a: Swordsman|atk|2|[from] item: Weakness Policy
|-boost|p1a: Swordsman|spa|2|[from] item: Weakness Policy
|
|upkeep
|turn|16
|inactive|Themusiqking has 30 seconds left this turn.
|
|t:|1776079769
|move|p1a: Swordsman|Shadow Sneak|p2a: Kyurem
|-end|p2a: Kyurem|Substitute
|move|p2a: Kyurem|Earth Power|p1a: Swordsman
|-supereffective|p1a: Swordsman
|-damage|p1a: Swordsman|0 fnt
|faint|p1a: Swordsman
|
|upkeep
|
|t:|1776079776
|switch|p1a: TargetOfAffection|Raging Bolt, tera:Fairy|100/100
|-activate|p1a: TargetOfAffection|move: Sticky Web
|-unboost|p1a: TargetOfAffection|spe|1
|turn|17
|
|t:|1776079785
|switch|p2a: Corviknight|Corviknight, F|100/100
|-damage|p2a: Corviknight|88/100|[from] Stealth Rock
|-ability|p2a: Corviknight|Pressure
|move|p1a: TargetOfAffection|Draco Meteor|p2a: Corviknight
|-resisted|p2a: Corviknight
|-damage|p2a: Corviknight|56/100
|-unboost|p1a: TargetOfAffection|spa|2
|
|-heal|p2a: Corviknight|62/100|[from] item: Leftovers
|upkeep
|turn|18
|inactive|Themusiqking has 30 seconds left.
|inactive|Themusiqking has 20 seconds left.
|
|t:|1776079811
|move|p2a: Corviknight|Roost|p2a: Corviknight
|-heal|p2a: Corviknight|100/100
|-singleturn|p2a: Corviknight|move: Roost
|move|p1a: TargetOfAffection|Thunderbolt|p2a: Corviknight
|-damage|p2a: Corviknight|77/100
|
|-heal|p2a: Corviknight|83/100|[from] item: Leftovers
|upkeep
|turn|19
|inactive|Themusiqking has 30 seconds left this turn.
|inactive|Themusiqking has 20 seconds left.
|inactive|Themusiqking has 15 seconds left.
|
|t:|1776079829
|-end|p1a: TargetOfAffection|Protosynthesis|[silent]
|switch|p1a: Espiary|Braviary-Hisui, M, shiny|100/100
|move|p2a: Corviknight|Defog|p1a: Espiary
|-unboost|p1a: Espiary|evasion|1
|-sideend|p1: TristanPlaysPKMN|Sticky Web|[from] move: Defog|[of] p2a: Corviknight
|-sideend|p2: Themusiqking|Stealth Rock|[from] move: Defog|[of] p2a: Corviknight
|-sideend|p2: Themusiqking|Sticky Web|[from] move: Defog|[of] p2a: Corviknight
|
|-heal|p2a: Corviknight|89/100|[from] item: Leftovers
|upkeep
|turn|20
|inactive|Themusiqking has 25 seconds left this turn.
|inactive|Themusiqking has 20 seconds left.
|
|t:|1776079838
|move|p1a: Espiary|Calm Mind|p1a: Espiary
|-boost|p1a: Espiary|spa|1
|-boost|p1a: Espiary|spd|1
|move|p2a: Corviknight|U-turn|p1a: Espiary
|-damage|p1a: Espiary|80/100
|inactive|Themusiqking has 25 seconds left this turn.
|inactive|Themusiqking has 20 seconds left.
|inactive|Themusiqking has 15 seconds left.
|inactive|Themusiqking has 10 seconds left.
|
|t:|1776079856
|switch|p2a: Slowking|Slowking-Galar, F|100/100|[from] U-turn
|
|-heal|p1a: Espiary|86/100|[from] item: Leftovers
|upkeep
|turn|21
|inactive|Themusiqking has 20 seconds left this turn.
|
|t:|1776079860
|move|p1a: Espiary|Esper Wing|p2a: Slowking
|-crit|p2a: Slowking
|-damage|p2a: Slowking|40/100
|-boost|p1a: Espiary|spe|1
|move|p2a: Slowking|Sludge Bomb|p1a: Espiary
|-damage|p1a: Espiary|40/100
|
|-heal|p1a: Espiary|46/100|[from] item: Leftovers
|upkeep
|turn|22
|inactive|Themusiqking has 30 seconds left this turn.
|inactive|Themusiqking has 20 seconds left.
|
|t:|1776079871
|switch|p2a: Corviknight|Corviknight, F|89/100
|-ability|p2a: Corviknight|Pressure
|move|p1a: Espiary|Esper Wing|p2a: Corviknight
|-resisted|p2a: Corviknight
|-crit|p2a: Corviknight
|-damage|p2a: Corviknight|9/100
|-boost|p1a: Espiary|spe|1
|
|-heal|p1a: Espiary|52/100|[from] item: Leftovers
|-heal|p2a: Corviknight|15/100|[from] item: Leftovers
|upkeep
|turn|23
|inactive|Themusiqking has 30 seconds left this turn.
|inactive|Themusiqking has 20 seconds left.
|inactive|Themusiqking has 15 seconds left.
|inactive|Themusiqking has 10 seconds left.
|
|t:|1776079894
|switch|p2a: Ditto|Ditto|77/100
|-transform|p2a: Ditto|p1a: Espiary|[from] ability: Imposter
|move|p1a: Espiary|Esper Wing|p2a: Ditto
|-resisted|p2a: Ditto
|-damage|p2a: Ditto|15/100
|-boost|p1a: Espiary|spe|1
|
|-heal|p1a: Espiary|58/100|[from] item: Leftovers
|upkeep
|turn|24
|inactive|Themusiqking has 20 seconds left this turn.
|inactive|Themusiqking has 15 seconds left.
|inactive|Themusiqking has 10 seconds left.
|
|t:|1776079907
|switch|p2a: Corviknight|Corviknight, F|15/100
|-ability|p2a: Corviknight|Pressure
|move|p1a: Espiary|Esper Wing|p2a: Corviknight
|-resisted|p2a: Corviknight
|-damage|p2a: Corviknight|0 fnt
|-boost|p1a: Espiary|spe|1
|faint|p2a: Corviknight
|
|-heal|p1a: Espiary|64/100|[from] item: Leftovers
|upkeep
|inactive|Themusiqking has 15 seconds left this turn.
|
|t:|1776079909
|switch|p2a: Ditto|Ditto|15/100
|-transform|p2a: Ditto|p1a: Espiary|[from] ability: Imposter
|turn|25
|inactive|Themusiqking has 25 seconds left this turn.
|inactive|Themusiqking has 20 seconds left.
|
|t:|1776079915
|move|p2a: Ditto|Hurricane|p1a: Espiary
|-damage|p1a: Espiary|0 fnt
|faint|p1a: Espiary
|
|upkeep
|
|t:|1776079929
|switch|p1a: TargetOfAffection|Raging Bolt, tera:Fairy|100/100
|turn|26
|inactive|Themusiqking has 30 seconds left.
|
|t:|1776079935
|switch|p2a: Slowking|Slowking-Galar, F|74/100
|move|p1a: TargetOfAffection|Thunderclap||[still]
|-fail|p1a: TargetOfAffection
|
|upkeep
|turn|27
|
|t:|1776079942
|move|p1a: TargetOfAffection|Calm Mind|p1a: TargetOfAffection
|-boost|p1a: TargetOfAffection|spa|1
|-boost|p1a: TargetOfAffection|spd|1
|move|p2a: Slowking|Sludge Bomb|p1a: TargetOfAffection
|-supereffective|p1a: TargetOfAffection
|-damage|p1a: TargetOfAffection|32/100
|-status|p1a: TargetOfAffection|psn
|
|-damage|p1a: TargetOfAffection|20/100 psn|[from] psn
|upkeep
|turn|28
|
|t:|1776079950
|switch|p2a: Ditto|Ditto|15/100
|-transform|p2a: Ditto|p1a: TargetOfAffection|[from] ability: Imposter
|move|p1a: TargetOfAffection|Draco Meteor|p2a: Ditto
|-supereffective|p2a: Ditto
|-damage|p2a: Ditto|0 fnt
|-unboost|p1a: TargetOfAffection|spa|2
|faint|p2a: Ditto
|-end|p2a: Ditto|Protosynthesis|[silent]
|
|-damage|p1a: TargetOfAffection|8/100 psn|[from] psn
|upkeep
|
|t:|1776079955
|switch|p2a: Alomomola|Alomomola, F|67/100
|turn|29
|
|t:|1776079966
|move|p2a: Alomomola|Aqua Jet|p1a: TargetOfAffection
|-damage|p1a: TargetOfAffection|0 fnt
|faint|p1a: TargetOfAffection
|-end|p1a: TargetOfAffection|Protosynthesis|[silent]
|-damage|p2a: Alomomola|57/100|[from] item: Life Orb
|
|upkeep
|
|t:|1776079971
|switch|p1a: THE GOAT|Gogoat, M, shiny|100/100
|turn|30
|inactive|Themusiqking has 60 seconds left.
|
|t:|1776079988
|switch|p2a: Slowking|Slowking-Galar, F|100/100
|move|p1a: THE GOAT|Bulk Up|p1a: THE GOAT
|-boost|p1a: THE GOAT|atk|1
|-boost|p1a: THE GOAT|def|1
|
|upkeep
|turn|31
|inactive|Themusiqking has 60 seconds left.
|
|t:|1776079994
|move|p1a: THE GOAT|Earthquake|p2a: Slowking
|-supereffective|p2a: Slowking
|-damage|p2a: Slowking|28/100
|move|p2a: Slowking|Sludge Bomb|p1a: THE GOAT
|-supereffective|p1a: THE GOAT
|-damage|p1a: THE GOAT|37/100
|-status|p1a: THE GOAT|psn
|
|-heal|p1a: THE GOAT|44/100 psn|[from] item: Leftovers
|-damage|p1a: THE GOAT|31/100 psn|[from] psn
|upkeep
|turn|32
|
|t:|1776080009
|switch|p2a: Kyurem|Kyurem|100/100
|-ability|p2a: Kyurem|Pressure
|move|p1a: THE GOAT|Earthquake|p2a: Kyurem
|-damage|p2a: Kyurem|75/100
|
|-heal|p2a: Kyurem|81/100|[from] item: Leftovers
|-heal|p1a: THE GOAT|37/100 psn|[from] item: Leftovers
|-damage|p1a: THE GOAT|25/100 psn|[from] psn
|upkeep
|turn|33
|
|t:|1776080025
|move|p2a: Kyurem|Freeze-Dry|p1a: THE GOAT
|-supereffective|p1a: THE GOAT
|-damage|p1a: THE GOAT|0 fnt
|faint|p1a: THE GOAT
|
|-heal|p2a: Kyurem|87/100|[from] item: Leftovers
|upkeep
|
|t:|1776080028
|switch|p1a: Crusty|Garganacl, M, shiny|37/100
|turn|34
|
|t:|1776080030
|move|p2a: Kyurem|Earth Power|p1a: Crusty
|-supereffective|p1a: Crusty
|-damage|p1a: Crusty|0 fnt
|faint|p1a: Crusty
|
|win|Themusiqking
|raw|TristanPlaysPKMN's rating: 1204 &rarr; <strong>1177</strong><br />(-27 for losing)
|raw|Themusiqking's rating: 1173 &rarr; <strong>1200</strong><br />(+27 for winning)
|l|☆TristanPlaysPKMN
|player|p1|
|l|☆Themusiqking
|player|p2|
