|html|<div class="broadcast-blue"><strong>[Gen 9] OU is currently suspecting Tera Blast! For information on how to participate check out the <a href="https://www.smogon.com/tools/suspects/view/200">suspect thread</a>.</strong></div>
|j|☆GreninjaMyFav
|j|☆FreeBob
|t:|1776056797
|gametype|singles
|player|p1|GreninjaMyFav|skyla|1547
|player|p2|FreeBob|hiker-gen4|1461
|gen|9
|tier|[Gen 9] OU
|rated|
|rule|HP Percentage Mod: HP is shown in percentages
|rule|Endless Battle Clause: Forcing endless battles is banned
|rule|Species Clause: Limit one of each Pokémon
|rule|OHKO Clause: OHKO moves are banned
|rule|Evasion Items Clause: Evasion items are banned
|rule|Evasion Moves Clause: Evasion moves are banned
|rule|Evasion Abilities Clause: Evasion abilities are banned
|rule|Sleep Moves Clause: Sleep-inducing moves are banned
|clearpoke
|poke|p1|Ninetales-Alola, M|
|poke|p1|Darkrai|
|poke|p1|Zamazenta-*|
|poke|p1|Gliscor, F|
|poke|p1|Ceruledge, F|
|poke|p1|Hatterene, F|
|poke|p2|Garchomp, F|
|poke|p2|Slither Wing|
|poke|p2|Slowking-Galar, F|
|poke|p2|Ogerpon-Wellspring, F|
|poke|p2|Moltres|
|poke|p2|Gholdengo|
|teampreview
|
|t:|1776056811
|teamsize|p1|6
|teamsize|p2|6
|start
|switch|p1a: Ninetales|Ninetales-Alola, M|100/100
|switch|p2a: Gholdengo|Gholdengo|100/100
|-weather|Snowscape|[from] ability: Snow Warning|[of] p1a: Ninetales
|turn|1
|inactive|Battle timer is ON: inactive players will automatically lose when time's up. (requested by FreeBob)
|
|t:|1776056824
|switch|p1a: Gliscor|Gliscor, F|100/100
|move|p2a: Gholdengo|Make It Rain|p1a: Gliscor
|-damage|p1a: Gliscor|24/100
|-unboost|p2a: Gholdengo|spa|1
|
|-weather|Snowscape|[upkeep]
|-status|p1a: Gliscor|tox|[from] item: Toxic Orb
|upkeep
|turn|2
|
|t:|1776056831
|switch|p1a: Ceruledge|Ceruledge, F|100/100
|move|p2a: Gholdengo|Make It Rain|p1a: Ceruledge
|-resisted|p1a: Ceruledge
|-damage|p1a: Ceruledge|85/100
|-unboost|p2a: Gholdengo|spa|1
|
|-weather|Snowscape|[upkeep]
|upkeep
|turn|3
|
|t:|1776056835
|switch|p2a: Moltres|Moltres|100/100
|switch|p1a: Ninetales|Ninetales-Alola, M|100/100
|
|-weather|Snowscape|[upkeep]
|upkeep
|turn|4
|
|t:|1776056839
|move|p1a: Ninetales|Aurora Veil|p1a: Ninetales
|-sidestart|p1: GreninjaMyFav|move: Aurora Veil
|move|p2a: Moltres|Flamethrower|p1a: Ninetales
|-supereffective|p1a: Ninetales
|-damage|p1a: Ninetales|64/100
|
|-weather|Snowscape|[upkeep]
|upkeep
|turn|5
|
|t:|1776056847
|switch|p1a: Darkrai|Darkrai|100/100
|move|p2a: Moltres|Roar|p1a: Darkrai
|drag|p1a: Gliscor|Gliscor, F|24/100 tox
|
|-weather|none
|-heal|p1a: Gliscor|36/100 tox|[from] ability: Poison Heal
|upkeep
|turn|6
|
|t:|1776056870
|switch|p1a: Hatterene|Hatterene, F|100/100
|switch|p2a: Ogerpon|Ogerpon-Wellspring, F|100/100
|
|upkeep
|turn|7
|
|t:|1776056875
|switch|p2a: Slowking|Slowking-Galar, F|100/100
|move|p1a: Hatterene|Nuzzle|p2a: Slowking
|-damage|p2a: Slowking|96/100
|-status|p2a: Slowking|par
|
|upkeep
|turn|8
|
|t:|1776056879
|switch|p1a: Gliscor|Gliscor, F|36/100 tox
|move|p2a: Slowking|Future Sight|p1a: Gliscor
|-start|p2a: Slowking|move: Future Sight
|
|-heal|p1a: Gliscor|49/100 tox|[from] ability: Poison Heal
|upkeep
|turn|9
|
|t:|1776056882
|move|p1a: Gliscor|Agility|p1a: Gliscor
|-boost|p1a: Gliscor|spe|2
|-prepare|p2a: Slowking|Chilly Reception|[premajor]
|move|p2a: Slowking|Chilly Reception|p2a: Slowking
|-weather|Snowscape
|
|t:|1776056887
|switch|p2a: Ogerpon|Ogerpon-Wellspring, F|100/100|[from] Chilly Reception
|
|-weather|Snowscape|[upkeep]
|-heal|p1a: Gliscor|61/100 tox|[from] ability: Poison Heal
|upkeep
|turn|10
|
|t:|1776056904
|switch|p1a: Hatterene|Hatterene, F|100/100
|move|p2a: Ogerpon|Ivy Cudgel|p1a: Hatterene|[anim] Ivy Cudgel Water
|-damage|p1a: Hatterene|76/100
|
|-weather|Snowscape|[upkeep]
|-end|p1a: Hatterene|move: Future Sight
|-resisted|p1a: Hatterene
|-damage|p1a: Hatterene|64/100
|-heal|p1a: Hatterene|70/100|[from] item: Leftovers
|upkeep
|turn|11
|
|t:|1776056919
|switch|p2a: Slowking|Slowking-Galar, F|100/100 par
|switch|p1a: Ninetales|Ninetales-Alola, M|64/100
|
|-weather|Snowscape|[upkeep]
|-sideend|p1: GreninjaMyFav|move: Aurora Veil
|upkeep
|turn|12
|
|t:|1776056922
|move|p1a: Ninetales|Aurora Veil|p1a: Ninetales
|-sidestart|p1: GreninjaMyFav|move: Aurora Veil
|move|p2a: Slowking|Sludge Bomb|p1a: Ninetales
|-supereffective|p1a: Ninetales
|-damage|p1a: Ninetales|31/100
|-status|p1a: Ninetales|psn
|
|-weather|Snowscape|[upkeep]
|-damage|p1a: Ninetales|19/100 psn|[from] psn
|upkeep
|turn|13
|
|t:|1776056931
|switch|p1a: Gliscor|Gliscor, F|61/100 tox
|move|p2a: Slowking|Future Sight|p1a: Gliscor
|-start|p2a: Slowking|move: Future Sight
|
|-weather|none
|-heal|p1a: Gliscor|74/100 tox|[from] ability: Poison Heal
|upkeep
|turn|14
|
|t:|1776056936
|move|p1a: Gliscor|Swords Dance|p1a: Gliscor
|-boost|p1a: Gliscor|atk|2
|-prepare|p2a: Slowking|Chilly Reception|[premajor]
|move|p2a: Slowking|Chilly Reception|p2a: Slowking
|-weather|Snowscape
|
|t:|1776056939
|switch|p2a: Ogerpon|Ogerpon-Wellspring, F|100/100|[from] Chilly Reception
|
|-weather|Snowscape|[upkeep]
|-heal|p1a: Gliscor|86/100 tox|[from] ability: Poison Heal
|upkeep
|turn|15
|
|t:|1776056941
|-terastallize|p1a: Gliscor|Normal
|move|p2a: Ogerpon|Encore|p1a: Gliscor
|-start|p1a: Gliscor|Encore
|move|p1a: Gliscor|Swords Dance|p1a: Gliscor
|-boost|p1a: Gliscor|atk|2
|
|-weather|Snowscape|[upkeep]
|-end|p1a: Gliscor|move: Future Sight
|-damage|p1a: Gliscor|58/100 tox
|-heal|p1a: Gliscor|70/100 tox|[from] ability: Poison Heal
|upkeep
|turn|16
|
|t:|1776056947
|switch|p1a: Darkrai|Darkrai|100/100
|move|p2a: Ogerpon|Swords Dance|p2a: Ogerpon
|-boost|p2a: Ogerpon|atk|2
|
|-weather|Snowscape|[upkeep]
|upkeep
|turn|17
|
|t:|1776056954
|-terastallize|p2a: Ogerpon|Water
|detailschange|p2a: Ogerpon|Ogerpon-Wellspring-Tera, F, tera:Water
|-ability|p2a: Ogerpon|Embody Aspect (Wellspring)|boost
|-boost|p2a: Ogerpon|spd|1
|move|p1a: Darkrai|Nasty Plot|p1a: Darkrai
|-boost|p1a: Darkrai|spa|2
|move|p2a: Ogerpon|Ivy Cudgel|p1a: Darkrai|[anim] Ivy Cudgel Water
|-damage|p1a: Darkrai|0 fnt
|faint|p1a: Darkrai
|
|-weather|Snowscape|[upkeep]
|upkeep
|
|t:|1776056958
|switch|p1a: Zamazenta|Zamazenta|100/100
|-ability|p1a: Zamazenta|Dauntless Shield|boost
|-boost|p1a: Zamazenta|def|1
|turn|18
|
|t:|1776056967
|switch|p2a: Moltres|Moltres|100/100
|move|p1a: Zamazenta|Iron Defense|p1a: Zamazenta
|-boost|p1a: Zamazenta|def|2
|
|-weather|none
|upkeep
|turn|19
|
|t:|1776056973
|move|p1a: Zamazenta|Stone Edge|p2a: Moltres
|-supereffective|p2a: Moltres
|-damage|p2a: Moltres|27/100
|move|p2a: Moltres|Roar|p1a: Zamazenta
|drag|p1a: Ninetales|Ninetales-Alola, M|19/100 psn
|-weather|Snowscape|[from] ability: Snow Warning|[of] p1a: Ninetales
|
|-weather|Snowscape|[upkeep]
|-damage|p1a: Ninetales|6/100 psn|[from] psn
|-sideend|p1: GreninjaMyFav|move: Aurora Veil
|upkeep
|turn|20
|
|t:|1776056983
|move|p1a: Ninetales|Aurora Veil|p1a: Ninetales
|-sidestart|p1: GreninjaMyFav|move: Aurora Veil
|move|p2a: Moltres|Roost|p2a: Moltres
|-heal|p2a: Moltres|78/100
|-singleturn|p2a: Moltres|move: Roost
|
|-weather|Snowscape|[upkeep]
|-damage|p1a: Ninetales|0 fnt|[from] psn
|faint|p1a: Ninetales
|upkeep
|
|t:|1776056991
|switch|p1a: Gliscor|Gliscor, F, tera:Normal|70/100 tox
|turn|21
|
|t:|1776056999
|switch|p2a: Slither Wing|Slither Wing|100/100
|move|p1a: Gliscor|Facade|p2a: Slither Wing
|-damage|p2a: Slither Wing|23/100
|
|-weather|Snowscape|[upkeep]
|-heal|p1a: Gliscor|83/100 tox|[from] ability: Poison Heal
|upkeep
|turn|22
|
|t:|1776057026
|-end|p2a: Slither Wing|Protosynthesis|[silent]
|switch|p2a: Gholdengo|Gholdengo|100/100
|move|p1a: Gliscor|Facade|p2a: Gholdengo
|-immune|p2a: Gholdengo
|
|-weather|Snowscape|[upkeep]
|-heal|p1a: Gliscor|95/100 tox|[from] ability: Poison Heal
|upkeep
|turn|23
|
|t:|1776057035
|switch|p1a: Ceruledge|Ceruledge, F|85/100
|move|p2a: Gholdengo|Trick|p1a: Ceruledge
|-activate|p2a: Gholdengo|move: Trick|[of] p1a: Ceruledge
|-item|p1a: Ceruledge|Choice Scarf|[from] move: Trick
|-item|p2a: Gholdengo|Covert Cloak|[from] move: Trick
|
|-weather|none
|upkeep
|turn|24
|
|t:|1776057049
|switch|p1a: Gliscor|Gliscor, F, tera:Normal|95/100 tox
|switch|p2a: Moltres|Moltres|78/100
|
|-heal|p1a: Gliscor|100/100 tox|[from] ability: Poison Heal
|upkeep
|turn|25
|
|t:|1776057054
|move|p1a: Gliscor|Facade|p2a: Moltres
|-damage|p2a: Moltres|41/100
|move|p2a: Moltres|Roar|p1a: Gliscor
|drag|p1a: Zamazenta|Zamazenta|100/100
|
|upkeep
|turn|26
|
|t:|1776057069
|switch|p2a: Gholdengo|Gholdengo|100/100
|move|p1a: Zamazenta|Iron Defense|p1a: Zamazenta
|-boost|p1a: Zamazenta|def|2
|
|upkeep
|turn|27
|
|t:|1776057090
|move|p1a: Zamazenta|Crunch|p2a: Gholdengo
|-supereffective|p2a: Gholdengo
|-damage|p2a: Gholdengo|52/100
|move|p2a: Gholdengo|Shadow Ball|p1a: Zamazenta
|-damage|p1a: Zamazenta|85/100
|
|-heal|p1a: Zamazenta|91/100|[from] item: Leftovers
|-sideend|p1: GreninjaMyFav|move: Aurora Veil
|upkeep
|turn|28
|
|t:|1776057094
|move|p1a: Zamazenta|Crunch|p2a: Gholdengo
|-supereffective|p2a: Gholdengo
|-damage|p2a: Gholdengo|3/100
|move|p2a: Gholdengo|Make It Rain|p1a: Zamazenta
|-damage|p1a: Zamazenta|38/100
|-unboost|p2a: Gholdengo|spa|1
|
|-heal|p1a: Zamazenta|44/100|[from] item: Leftovers
|upkeep
|turn|29
|
|t:|1776057101
|move|p1a: Zamazenta|Stone Edge|p2a: Gholdengo
|-resisted|p2a: Gholdengo
|-damage|p2a: Gholdengo|0 fnt
|faint|p2a: Gholdengo
|
|-heal|p1a: Zamazenta|50/100|[from] item: Leftovers
|upkeep
|
|t:|1776057110
|switch|p2a: Slowking|Slowking-Galar, F|100/100 par
|turn|30
|
|t:|1776057119
|switch|p1a: Gliscor|Gliscor, F, tera:Normal|100/100 tox
|move|p2a: Slowking|Sludge Bomb|p1a: Gliscor
|-damage|p1a: Gliscor|61/100 tox
|
|-heal|p1a: Gliscor|74/100 tox|[from] ability: Poison Heal
|upkeep
|turn|31
|
|t:|1776057121
|move|p1a: Gliscor|Agility|p1a: Gliscor
|-boost|p1a: Gliscor|spe|2
|-prepare|p2a: Slowking|Chilly Reception|[premajor]
|move|p2a: Slowking|Chilly Reception|p2a: Slowking
|-weather|Snowscape
|
|t:|1776057132
|switch|p2a: Garchomp|Garchomp, F|100/100|[from] Chilly Reception
|
|-weather|Snowscape|[upkeep]
|-heal|p1a: Gliscor|86/100 tox|[from] ability: Poison Heal
|upkeep
|turn|32
|
|t:|1776057135
|move|p1a: Gliscor|Swords Dance|p1a: Gliscor
|-boost|p1a: Gliscor|atk|2
|move|p2a: Garchomp|Earthquake|p1a: Gliscor
|-damage|p1a: Gliscor|38/100 tox
|-damage|p2a: Garchomp|91/100|[from] item: Life Orb
|
|-weather|Snowscape|[upkeep]
|-heal|p1a: Gliscor|51/100 tox|[from] ability: Poison Heal
|upkeep
|turn|33
|
|t:|1776057142
|move|p1a: Gliscor|Facade|p2a: Garchomp
|-damage|p2a: Garchomp|0 fnt
|-damage|p1a: Gliscor|38/100 tox|[from] ability: Rough Skin|[of] p2a: Garchomp
|faint|p2a: Garchomp
|
|-weather|Snowscape|[upkeep]
|-heal|p1a: Gliscor|51/100 tox|[from] ability: Poison Heal
|upkeep
|
|t:|1776057149
|switch|p2a: Slither Wing|Slither Wing|23/100
|turn|34
|
|t:|1776057154
|switch|p1a: Ceruledge|Ceruledge, F|85/100
|move|p2a: Slither Wing|First Impression|p1a: Ceruledge
|-resisted|p1a: Ceruledge
|-damage|p1a: Ceruledge|69/100
|
|-weather|Snowscape|[upkeep]
|upkeep
|turn|35
|
|t:|1776057159
|switch|p1a: Gliscor|Gliscor, F, tera:Normal|51/100 tox
|-end|p2a: Slither Wing|Protosynthesis|[silent]
|switch|p2a: Moltres|Moltres|41/100
|
|-weather|none
|-heal|p1a: Gliscor|63/100 tox|[from] ability: Poison Heal
|upkeep
|turn|36
|
|t:|1776057163
|move|p1a: Gliscor|Swords Dance|p1a: Gliscor
|-boost|p1a: Gliscor|atk|2
|move|p2a: Moltres|Roar|p1a: Gliscor
|drag|p1a: Ceruledge|Ceruledge, F|69/100
|
|upkeep
|turn|37
|
|t:|1776057165
|move|p1a: Ceruledge|Taunt|p2a: Moltres
|-start|p2a: Moltres|move: Taunt
|cant|p2a: Moltres|move: Taunt|Roost
|
|upkeep
|turn|38
|
|t:|1776057170
|switch|p1a: Gliscor|Gliscor, F, tera:Normal|63/100 tox
|switch|p2a: Slither Wing|Slither Wing|23/100
|
|-heal|p1a: Gliscor|76/100 tox|[from] ability: Poison Heal
|upkeep
|turn|39
|
|t:|1776057176
|move|p1a: Gliscor|Facade|p2a: Slither Wing
|-damage|p2a: Slither Wing|0 fnt
|faint|p2a: Slither Wing
|-end|p2a: Slither Wing|Protosynthesis|[silent]
|
|-heal|p1a: Gliscor|88/100 tox|[from] ability: Poison Heal
|upkeep
|
|t:|1776057178
|switch|p2a: Ogerpon|Ogerpon-Wellspring-Tera, F, tera:Water|100/100
|-ability|p2a: Ogerpon|Embody Aspect (Wellspring)|boost
|-boost|p2a: Ogerpon|spd|1
|turn|40
|
|t:|1776057182
|move|p2a: Ogerpon|Ivy Cudgel|p1a: Gliscor|[anim] Ivy Cudgel Water
|-damage|p1a: Gliscor|24/100 tox
|move|p1a: Gliscor|Facade|p2a: Ogerpon
|-damage|p2a: Ogerpon|34/100
|
|-heal|p1a: Gliscor|37/100 tox|[from] ability: Poison Heal
|upkeep
|turn|41
|
|t:|1776057187
|switch|p1a: Ceruledge|Ceruledge, F|69/100
|move|p2a: Ogerpon|Ivy Cudgel|p1a: Ceruledge|[anim] Ivy Cudgel Water
|-supereffective|p1a: Ceruledge
|-damage|p1a: Ceruledge|0 fnt
|faint|p1a: Ceruledge
|
|upkeep
|
|t:|1776057191
|switch|p1a: Zamazenta|Zamazenta|50/100
|turn|42
|
|t:|1776057194
|switch|p2a: Moltres|Moltres|41/100
|move|p1a: Zamazenta|Iron Defense|p1a: Zamazenta
|-boost|p1a: Zamazenta|def|2
|
|-heal|p1a: Zamazenta|56/100|[from] item: Leftovers
|upkeep
|turn|43
|
|t:|1776057204
|switch|p2a: Slowking|Slowking-Galar, F|100/100 par
|move|p1a: Zamazenta|Stone Edge|p2a: Slowking
|-damage|p2a: Slowking|75/100 par
|
|-heal|p1a: Zamazenta|63/100|[from] item: Leftovers
|upkeep
|turn|44
|
|t:|1776057209
|move|p1a: Zamazenta|Crunch|p2a: Slowking
|-supereffective|p2a: Slowking
|-damage|p2a: Slowking|33/100 par
|cant|p2a: Slowking|par
|
|-heal|p1a: Zamazenta|69/100|[from] item: Leftovers
|upkeep
|turn|45
|
|t:|1776057212
|switch|p2a: Moltres|Moltres|41/100
|move|p1a: Zamazenta|Stone Edge|p2a: Moltres
|-supereffective|p2a: Moltres
|-damage|p2a: Moltres|0 fnt
|faint|p2a: Moltres
|
|-heal|p1a: Zamazenta|75/100|[from] item: Leftovers
|upkeep
|
|t:|1776057215
|switch|p2a: Slowking|Slowking-Galar, F|67/100 par
|turn|46
|
|t:|1776057217
|move|p1a: Zamazenta|Crunch|p2a: Slowking
|-supereffective|p2a: Slowking
|-damage|p2a: Slowking|19/100 par
|-unboost|p2a: Slowking|def|1
|-prepare|p2a: Slowking|Chilly Reception|[premajor]
|cant|p2a: Slowking|par
|
|-heal|p1a: Zamazenta|81/100|[from] item: Leftovers
|upkeep
|turn|47
|
|t:|1776057222
|move|p1a: Zamazenta|Body Press|p2a: Slowking
|-resisted|p2a: Slowking
|-damage|p2a: Slowking|0 fnt
|faint|p2a: Slowking
|
|-heal|p1a: Zamazenta|87/100|[from] item: Leftovers
|upkeep
|
|t:|1776057224
|switch|p2a: Ogerpon|Ogerpon-Wellspring-Tera, F, tera:Water|34/100
|-ability|p2a: Ogerpon|Embody Aspect (Wellspring)|boost
|-boost|p2a: Ogerpon|spd|1
|turn|48
|
|t:|1776057225
|move|p1a: Zamazenta|Body Press|p2a: Ogerpon
|-damage|p2a: Ogerpon|0 fnt
|faint|p2a: Ogerpon
|detailschange|p2: Ogerpon|Ogerpon-Wellspring, F|[silent]
|
|win|GreninjaMyFav
|raw|GreninjaMyFav's rating: 1547 &rarr; <strong>1562</strong><br />(+15 for winning)
|raw|FreeBob's rating: 1461 &rarr; <strong>1446</strong><br />(-15 for losing)
|l|☆GreninjaMyFav
|player|p1|
|l|☆FreeBob
|player|p2|
