|html|<div class="broadcast-blue"><strong>[Gen 9] OU is currently suspecting Tera Blast! For information on how to participate check out the <a href="https://www.smogon.com/tools/suspects/view/200">suspect thread</a>.</strong></div>
|j|☆magistermilitum420
|j|☆skillauraryt
|t:|1776128691
|gametype|singles
|player|p1|magistermilitum420|blue|1284
|player|p2|skillauraryt|n|1233
|gen|9
|tier|[Gen 9] OU
|rated|
|rule|HP Percentage Mod: HP is shown in percentages
|rule|Endless Battle Clause: Forcing endless battles is banned
|rule|Species Clause: Limit one of each Pokémon
|rule|OHKO Clause: OHKO moves are banned
|rule|Evasion Items Clause: Evasion items are banned
|rule|Evasion Moves Clause: Evasion moves are banned
|rule|Evasion Abilities Clause: Evasion abilities are banned
|rule|Sleep Moves Clause: Sleep-inducing moves are banned
|clearpoke
|poke|p1|Meowscarada, M|
|poke|p1|Great Tusk|
|poke|p1|Alomomola, F|
|poke|p1|Slowking-Galar, F|
|poke|p1|Dragonite, F|
|poke|p1|Heatran, F|
|poke|p2|Slowking-Galar, F|
|poke|p2|Ting-Lu|
|poke|p2|Hydrapple, M|
|poke|p2|Corviknight, M|
|poke|p2|Cinderace, M|
|poke|p2|Dondozo, M|
|teampreview
|inactive|Battle timer is ON: inactive players will automatically lose when time's up. (requested by skillauraryt)
|
|t:|1776128718
|teamsize|p1|6
|teamsize|p2|6
|start
|switch|p1a: Mahad|Meowscarada, M, shiny|100/100
|switch|p2a: Corviknight|Corviknight, M, shiny|100/100
|-ability|p2a: Corviknight|Pressure
|turn|1
|
|t:|1776128729
|move|p1a: Mahad|U-turn|p2a: Corviknight
|-start|p1a: Mahad|typechange|Bug|[from] ability: Protean
|-resisted|p2a: Corviknight
|-damage|p2a: Corviknight|95/100
|-damage|p1a: Mahad|84/100|[from] item: Rocky Helmet|[of] p2a: Corviknight
|
|t:|1776128737
|switch|p1a: Charybdis|Alomomola, F, shiny|100/100|[from] U-turn
|move|p2a: Corviknight|U-turn|p1a: Charybdis
|-damage|p1a: Charybdis|93/100
|
|t:|1776128749
|switch|p2a: Hydrapple|Hydrapple, M|100/100|[from] U-turn
|
|upkeep
|turn|2
|
|t:|1776128766
|switch|p1a: Mithridates|Slowking-Galar, F|100/100
|move|p2a: Hydrapple|Fickle Beam|p1a: Mithridates
|-damage|p1a: Mithridates|83/100
|
|upkeep
|turn|3
|
|t:|1776128787
|switch|p2a: Slowking|Slowking-Galar, F|100/100
|move|p1a: Mithridates|Surf|p2a: Slowking
|-damage|p2a: Slowking|79/100
|
|-heal|p2a: Slowking|86/100|[from] item: Black Sludge
|upkeep
|turn|4
|inactive|magistermilitum420 has 120 seconds left.
|
|t:|1776128813
|switch|p1a: Vulcanus|Heatran, F, shiny|100/100
|-prepare|p2a: Slowking|Chilly Reception|[premajor]
|move|p2a: Slowking|Chilly Reception|p2a: Slowking
|-weather|Snowscape
|
|t:|1776128828
|switch|p2a: Hydrapple|Hydrapple, M|100/100|[from] Chilly Reception
|
|-weather|Snowscape|[upkeep]
|upkeep
|turn|5
|inactive|magistermilitum420 has 120 seconds left.
|
|t:|1776128847
|switch|p1a: Mithridates|Slowking-Galar, F|100/100
|move|p2a: Hydrapple|Earth Power|p1a: Mithridates
|-supereffective|p1a: Mithridates
|-damage|p1a: Mithridates|74/100
|
|-weather|Snowscape|[upkeep]
|upkeep
|turn|6
|inactive|magistermilitum420 has 120 seconds left.
|
|t:|1776128863
|move|p2a: Hydrapple|Earth Power|p1a: Mithridates
|-supereffective|p1a: Mithridates
|-damage|p1a: Mithridates|47/100
|move|p1a: Mithridates|Future Sight|p2a: Hydrapple
|-start|p1a: Mithridates|move: Future Sight
|
|-weather|Snowscape|[upkeep]
|upkeep
|turn|7
|
|t:|1776128875
|switch|p1a: Ladon|Dragonite, F, shiny|100/100
|move|p2a: Hydrapple|Fickle Beam|p1a: Ladon
|-supereffective|p1a: Ladon
|-damage|p1a: Ladon|65/100
|
|-weather|Snowscape|[upkeep]
|upkeep
|turn|8
|
|t:|1776128897
|switch|p1a: Barca|Great Tusk|100/100
|switch|p2a: Corviknight|Corviknight, M, shiny|95/100
|-ability|p2a: Corviknight|Pressure
|
|-weather|none
|-end|p2a: Corviknight|move: Future Sight
|-resisted|p2a: Corviknight
|-damage|p2a: Corviknight|68/100
|upkeep
|turn|9
|
|t:|1776128912
|switch|p2a: Dondozo|Dondozo, M|100/100
|move|p1a: Barca|Knock Off|p2a: Dondozo
|-damage|p2a: Dondozo|80/100
|-enditem|p2a: Dondozo|Leftovers|[from] move: Knock Off|[of] p1a: Barca
|
|upkeep
|turn|10
|inactive|skillauraryt has 120 seconds left.
|
|t:|1776128933
|-end|p1a: Barca|Protosynthesis|[silent]
|switch|p1a: Charybdis|Alomomola, F, shiny|100/100
|switch|p2a: Corviknight|Corviknight, M, shiny|68/100
|-ability|p2a: Corviknight|Pressure
|
|upkeep
|turn|11
|
|t:|1776128945
|move|p2a: Corviknight|Roost|p2a: Corviknight
|-heal|p2a: Corviknight|100/100
|-singleturn|p2a: Corviknight|move: Roost
|move|p1a: Charybdis|Scald|p2a: Corviknight
|-damage|p2a: Corviknight|87/100
|-status|p2a: Corviknight|brn
|
|-damage|p2a: Corviknight|81/100 brn|[from] brn
|upkeep
|turn|12
|
|t:|1776128958
|move|p2a: Corviknight|U-turn|p1a: Charybdis
|-damage|p1a: Charybdis|97/100
|
|t:|1776128962
|switch|p2a: Hydrapple|Hydrapple, M|100/100|[from] U-turn
|move|p1a: Charybdis|Scald|p2a: Hydrapple
|-resisted|p2a: Hydrapple
|-damage|p2a: Hydrapple|97/100
|
|-heal|p2a: Hydrapple|100/100|[from] item: Leftovers
|upkeep
|turn|13
|
|t:|1776128978
|switch|p1a: Mithridates|Slowking-Galar, F|80/100
|move|p2a: Hydrapple|Giga Drain|p1a: Mithridates
|-resisted|p1a: Mithridates
|-crit|p1a: Mithridates
|-damage|p1a: Mithridates|69/100
|
|upkeep
|turn|14
|inactive|magistermilitum420 has 90 seconds left.
|
|t:|1776128999
|move|p2a: Hydrapple|Fickle Beam|p1a: Mithridates
|-crit|p1a: Mithridates
|-damage|p1a: Mithridates|42/100
|move|p1a: Mithridates|Sludge Bomb|p2a: Hydrapple
|-supereffective|p2a: Hydrapple
|-damage|p2a: Hydrapple|21/100
|
|-heal|p2a: Hydrapple|27/100|[from] item: Leftovers
|upkeep
|turn|15
|inactive|magistermilitum420 has 90 seconds left.
|inactive|skillauraryt has 120 seconds left.
|
|t:|1776129020
|switch|p2a: Slowking|Slowking-Galar, F|100/100
|move|p1a: Mithridates|Sludge Bomb|p2a: Slowking
|-resisted|p2a: Slowking
|-damage|p2a: Slowking|85/100
|
|-heal|p2a: Slowking|91/100|[from] item: Black Sludge
|upkeep
|turn|16
|inactive|skillauraryt has 120 seconds left.
|
|t:|1776129037
|move|p1a: Mithridates|Psychic Noise|p2a: Slowking
|-damage|p2a: Slowking|62/100
|-start|p2a: Slowking|move: Heal Block
|-prepare|p2a: Slowking|Chilly Reception|[premajor]
|move|p2a: Slowking|Chilly Reception|p2a: Slowking
|-weather|Snowscape
|inactive|skillauraryt has 120 seconds left.
|
|t:|1776129046
|switch|p2a: Hydrapple|Hydrapple, M|60/100|[from] Chilly Reception
|
|-weather|Snowscape|[upkeep]
|-heal|p2a: Hydrapple|66/100|[from] item: Leftovers
|upkeep
|turn|17
|
|t:|1776129060
|switch|p2a: Slowking|Slowking-Galar, F|95/100
|move|p1a: Mithridates|Sludge Bomb|p2a: Slowking
|-resisted|p2a: Slowking
|-damage|p2a: Slowking|81/100
|
|-weather|Snowscape|[upkeep]
|-heal|p2a: Slowking|87/100|[from] item: Black Sludge
|upkeep
|turn|18
|inactive|skillauraryt has 120 seconds left.
|
|t:|1776129076
|move|p1a: Mithridates|Future Sight|p2a: Slowking
|-start|p1a: Mithridates|move: Future Sight
|move|p2a: Slowking|Psychic Noise|p1a: Mithridates
|-damage|p1a: Mithridates|27/100
|-start|p1a: Mithridates|move: Heal Block
|
|-weather|Snowscape|[upkeep]
|-heal|p2a: Slowking|93/100|[from] item: Black Sludge
|upkeep
|turn|19
|inactive|skillauraryt has 120 seconds left.
|
|t:|1776129091
|move|p1a: Mithridates|Psychic Noise|p2a: Slowking
|-damage|p2a: Slowking|64/100
|-start|p2a: Slowking|move: Heal Block
|move|p2a: Slowking|Sludge Bomb|p1a: Mithridates
|-resisted|p1a: Mithridates
|-damage|p1a: Mithridates|20/100
|
|-weather|Snowscape|[upkeep]
|-end|p1a: Mithridates|move: Heal Block
|upkeep
|turn|20
|inactive|skillauraryt has 120 seconds left.
|
|t:|1776129108
|switch|p1a: Vulcanus|Heatran, F, shiny|100/100
|switch|p2a: Corviknight|Corviknight, M, shiny|81/100 brn
|-ability|p2a: Corviknight|Pressure
|
|-weather|none
|-end|p2a: Corviknight|move: Future Sight
|-resisted|p2a: Corviknight
|-damage|p2a: Corviknight|53/100 brn
|-damage|p2a: Corviknight|47/100 brn|[from] brn
|upkeep
|turn|21
|inactive|skillauraryt has 120 seconds left.
|inactive|magistermilitum420 has 60 seconds left.
|
|t:|1776129142
|switch|p2a: Hydrapple|Hydrapple, M|99/100
|move|p1a: Vulcanus|Overheat|p2a: Hydrapple
|-damage|p2a: Hydrapple|0 fnt
|-unboost|p1a: Vulcanus|spa|2
|faint|p2a: Hydrapple
|
|upkeep
|inactive|skillauraryt has 90 seconds left.
|
|t:|1776129165
|switch|p2a: Dondozo|Dondozo, M|80/100
|turn|22
|inactive|magistermilitum420 has 60 seconds left.
|
|t:|1776129173
|switch|p1a: Charybdis|Alomomola, F, shiny|100/100
|move|p2a: Dondozo|Curse|p2a: Dondozo
|-unboost|p2a: Dondozo|spe|1
|-boost|p2a: Dondozo|atk|1
|-boost|p2a: Dondozo|def|1
|
|upkeep
|turn|23
|
|t:|1776129183
|move|p1a: Charybdis|Scald|p2a: Dondozo
|-resisted|p2a: Dondozo
|-damage|p2a: Dondozo|76/100
|move|p2a: Dondozo|Curse|p2a: Dondozo
|-unboost|p2a: Dondozo|spe|1
|-boost|p2a: Dondozo|atk|1
|-boost|p2a: Dondozo|def|1
|
|upkeep
|turn|24
|
|t:|1776129191
|move|p1a: Charybdis|Scald|p2a: Dondozo
|-resisted|p2a: Dondozo
|-damage|p2a: Dondozo|72/100
|move|p2a: Dondozo|Curse|p2a: Dondozo
|-unboost|p2a: Dondozo|spe|1
|-boost|p2a: Dondozo|atk|1
|-boost|p2a: Dondozo|def|1
|
|upkeep
|turn|25
|
|t:|1776129200
|move|p1a: Charybdis|Scald|p2a: Dondozo
|-resisted|p2a: Dondozo
|-damage|p2a: Dondozo|68/100
|-status|p2a: Dondozo|brn
|move|p2a: Dondozo|Curse|p2a: Dondozo
|-unboost|p2a: Dondozo|spe|1
|-boost|p2a: Dondozo|atk|1
|-boost|p2a: Dondozo|def|1
|
|-damage|p2a: Dondozo|61/100 brn|[from] brn
|upkeep
|turn|26
|inactive|skillauraryt has 120 seconds left.
|
|t:|1776129217
|move|p1a: Charybdis|Scald|p2a: Dondozo
|-resisted|p2a: Dondozo
|-damage|p2a: Dondozo|57/100 brn
|move|p2a: Dondozo|Rest|p2a: Dondozo
|-status|p2a: Dondozo|slp|[from] move: Rest
|-heal|p2a: Dondozo|100/100 slp|[silent]
|
|upkeep
|turn|27
|inactive|skillauraryt has 120 seconds left.
|
|t:|1776129232
|move|p1a: Charybdis|Wish|p1a: Charybdis
|cant|p2a: Dondozo|slp
|move|p2a: Dondozo|Sleep Talk|p2a: Dondozo
|move|p2a: Dondozo|Liquidation|p1a: Charybdis|[from] move: Sleep Talk
|-resisted|p1a: Charybdis
|-damage|p1a: Charybdis|75/100
|
|upkeep
|turn|28
|
|t:|1776129244
|move|p1a: Charybdis|Flip Turn|p2a: Dondozo
|-resisted|p2a: Dondozo
|-damage|p2a: Dondozo|99/100 slp
|
|t:|1776129248
|switch|p1a: Mahad|Meowscarada, M, shiny|84/100|[from] Flip Turn
|cant|p2a: Dondozo|slp
|move|p2a: Dondozo|Sleep Talk|p2a: Dondozo
|move|p2a: Dondozo|Curse|p2a: Dondozo|[from] move: Sleep Talk
|-unboost|p2a: Dondozo|spe|1
|-boost|p2a: Dondozo|atk|1
|-boost|p2a: Dondozo|def|1
|
|-heal|p1a: Mahad|100/100|[from] move: Wish|[wisher] Charybdis
|upkeep
|turn|29
|
|t:|1776129265
|move|p1a: Mahad|Flower Trick|p2a: Dondozo
|-start|p1a: Mahad|typechange|Grass|[from] ability: Protean
|-supereffective|p2a: Dondozo
|-crit|p2a: Dondozo
|-damage|p2a: Dondozo|45/100 slp
|-curestatus|p2a: Dondozo|slp|[msg]
|move|p2a: Dondozo|Liquidation|p1a: Mahad
|-resisted|p1a: Mahad
|-damage|p1a: Mahad|22/100
|
|upkeep
|turn|30
|
|t:|1776129279
|move|p1a: Mahad|Flower Trick|p2a: Dondozo
|-supereffective|p2a: Dondozo
|-crit|p2a: Dondozo
|-damage|p2a: Dondozo|0 fnt
|faint|p2a: Dondozo
|
|upkeep
|inactive|skillauraryt has 120 seconds left.
|c|☆skillauraryt|??
|c|☆skillauraryt|Does it always crit?
|c|☆magistermilitum420|yes
|c|☆magistermilitum420|it always crits
|c|☆skillauraryt|Ohhh
|inactive|skillauraryt has 90 seconds left.
|
|t:|1776129326
|switch|p2a: Cinderace|Cinderace, M|100/100
|turn|31
|inactive|skillauraryt has 90 seconds left.
|
|t:|1776129333
|switch|p1a: Charybdis|Alomomola, F, shiny|100/100
|move|p2a: Cinderace|Will-O-Wisp|p1a: Charybdis
|-status|p1a: Charybdis|brn
|
|-damage|p1a: Charybdis|94/100 brn|[from] brn
|upkeep
|turn|32
|
|t:|1776129345
|move|p2a: Cinderace|U-turn|p1a: Charybdis
|-damage|p1a: Charybdis|84/100 brn
|
|t:|1776129350
|switch|p2a: Corviknight|Corviknight, M, shiny|47/100 brn|[from] U-turn
|-ability|p2a: Corviknight|Pressure
|move|p1a: Charybdis|Scald|p2a: Corviknight
|-damage|p2a: Corviknight|35/100 brn
|
|-damage|p2a: Corviknight|29/100 brn|[from] brn
|-damage|p1a: Charybdis|78/100 brn|[from] brn
|upkeep
|turn|33
|inactive|magistermilitum420 has 90 seconds left.
|
|t:|1776129362
|move|p2a: Corviknight|Roost|p2a: Corviknight
|-heal|p2a: Corviknight|79/100 brn
|-singleturn|p2a: Corviknight|move: Roost
|move|p1a: Charybdis|Flip Turn|p2a: Corviknight
|-damage|p2a: Corviknight|74/100 brn
|-damage|p1a: Charybdis|62/100 brn|[from] item: Rocky Helmet|[of] p2a: Corviknight
|
|t:|1776129370
|switch|p1a: Vulcanus|Heatran, F, shiny|100/100|[from] Flip Turn
|
|-damage|p2a: Corviknight|68/100 brn|[from] brn
|upkeep
|turn|34
|inactive|magistermilitum420 has 90 seconds left.
|
|t:|1776129380
|move|p1a: Vulcanus|Overheat|p2a: Corviknight
|-supereffective|p2a: Corviknight
|-damage|p2a: Corviknight|0 fnt
|-unboost|p1a: Vulcanus|spa|2
|faint|p2a: Corviknight
|
|upkeep
|
|t:|1776129391
|switch|p2a: Ting-Lu|Ting-Lu|100/100
|-ability|p2a: Ting-Lu|Vessel of Ruin
|turn|35
|inactive|magistermilitum420 has 90 seconds left.
|
|t:|1776129412
|switch|p1a: Charybdis|Alomomola, F, shiny|95/100 brn
|move|p2a: Ting-Lu|Earthquake|p1a: Charybdis
|-damage|p1a: Charybdis|76/100 brn
|
|-damage|p1a: Charybdis|70/100 brn|[from] brn
|upkeep
|turn|36
|inactive|magistermilitum420 has 90 seconds left.
|
|t:|1776129420
|move|p2a: Ting-Lu|Payback|p1a: Charybdis
|-damage|p1a: Charybdis|60/100 brn
|move|p1a: Charybdis|Flip Turn|p2a: Ting-Lu
|-supereffective|p2a: Ting-Lu
|-damage|p2a: Ting-Lu|91/100
|inactive|magistermilitum420 has 90 seconds left.
|
|t:|1776129426
|switch|p1a: Barca|Great Tusk|100/100|[from] Flip Turn
|
|-heal|p2a: Ting-Lu|97/100|[from] item: Leftovers
|upkeep
|turn|37
|inactive|skillauraryt has 120 seconds left.
|inactive|magistermilitum420 has 90 seconds left.
|
|t:|1776129439
|move|p1a: Barca|Rapid Spin|p2a: Ting-Lu
|-damage|p2a: Ting-Lu|86/100
|-boost|p1a: Barca|spe|1
|move|p2a: Ting-Lu|Earthquake|p1a: Barca
|-damage|p1a: Barca|75/100
|
|-heal|p2a: Ting-Lu|93/100|[from] item: Leftovers
|upkeep
|turn|38
|inactive|magistermilitum420 has 90 seconds left.
|inactive|skillauraryt has 120 seconds left.
|
|t:|1776129466
|-terastallize|p2a: Ting-Lu|Poison
|move|p1a: Barca|Rapid Spin|p2a: Ting-Lu
|-damage|p2a: Ting-Lu|83/100
|-boost|p1a: Barca|spe|1
|move|p2a: Ting-Lu|Earthquake|p1a: Barca
|-crit|p1a: Barca
|-damage|p1a: Barca|34/100
|
|-heal|p2a: Ting-Lu|89/100|[from] item: Leftovers
|upkeep
|turn|39
|inactive|magistermilitum420 has 90 seconds left.
|
|t:|1776129486
|move|p1a: Barca|Knock Off|p2a: Ting-Lu
|-damage|p2a: Ting-Lu|70/100
|-enditem|p2a: Ting-Lu|Leftovers|[from] move: Knock Off|[of] p1a: Barca
|move|p2a: Ting-Lu|Earthquake|p1a: Barca
|-damage|p1a: Barca|8/100
|
|upkeep
|turn|40
|
|t:|1776129505
|move|p1a: Barca|Stealth Rock|p2a: Ting-Lu
|-sidestart|p2: skillauraryt|move: Stealth Rock
|move|p2a: Ting-Lu|Rest|p2a: Ting-Lu
|-status|p2a: Ting-Lu|slp|[from] move: Rest
|-heal|p2a: Ting-Lu|100/100 slp|[silent]
|
|upkeep
|turn|41
|inactive|magistermilitum420 has 60 seconds left.
|
|t:|1776129537
|-end|p1a: Barca|Protosynthesis|[silent]
|switch|p1a: Charybdis|Alomomola, F, shiny|94/100 brn
|cant|p2a: Ting-Lu|slp
|move|p2a: Ting-Lu|Sleep Talk|p2a: Ting-Lu
|move|p2a: Ting-Lu|Rest||[from] move: Sleep Talk|[still]
|-fail|p2a: Ting-Lu
|
|-damage|p1a: Charybdis|87/100 brn|[from] brn
|upkeep
|turn|42
|inactive|magistermilitum420 has 60 seconds left.
|
|t:|1776129559
|cant|p2a: Ting-Lu|slp
|move|p2a: Ting-Lu|Sleep Talk|p2a: Ting-Lu
|move|p2a: Ting-Lu|Rest||[from] move: Sleep Talk|[still]
|-fail|p2a: Ting-Lu
|move|p1a: Charybdis|Wish|p1a: Charybdis
|
|-damage|p1a: Charybdis|81/100 brn|[from] brn
|upkeep
|turn|43
|inactive|magistermilitum420 has 60 seconds left.
|inactive|skillauraryt has 90 seconds left.
|c|☆magistermilitum420|please do not run this set for your own good  ever again
|
|t:|1776129584
|-curestatus|p2a: Ting-Lu|slp|[msg]
|move|p2a: Ting-Lu|Earthquake|p1a: Charybdis
|-damage|p1a: Charybdis|60/100 brn
|move|p1a: Charybdis|Flip Turn|p2a: Ting-Lu
|-damage|p2a: Ting-Lu|96/100
|
|t:|1776129591
|switch|p1a: Ladon|Dragonite, F, shiny|65/100|[from] Flip Turn
|
|-heal|p1a: Ladon|100/100|[from] move: Wish|[wisher] Charybdis
|upkeep
|turn|44
|
|t:|1776129601
|move|p1a: Ladon|Dragon Dance|p1a: Ladon
|-boost|p1a: Ladon|atk|1
|-boost|p1a: Ladon|spe|1
|move|p2a: Ting-Lu|Payback|p1a: Ladon
|-damage|p1a: Ladon|80/100
|
|upkeep
|turn|45
|
|t:|1776129611
|move|p1a: Ladon|Earthquake|p2a: Ting-Lu
|-supereffective|p2a: Ting-Lu
|-damage|p2a: Ting-Lu|37/100
|move|p2a: Ting-Lu|Payback|p1a: Ladon
|-damage|p1a: Ladon|40/100
|
|upkeep
|turn|46
|inactive|magistermilitum420 has 60 seconds left.
|inactive|skillauraryt has 90 seconds left.
|
|t:|1776129635
|move|p1a: Ladon|Earthquake|p2a: Ting-Lu
|-supereffective|p2a: Ting-Lu
|-damage|p2a: Ting-Lu|0 fnt
|faint|p2a: Ting-Lu
|
|upkeep
|inactive|skillauraryt has 90 seconds left.
|
|t:|1776129645
|switch|p2a: Cinderace|Cinderace, M|100/100
|turn|47
|inactive|skillauraryt has 90 seconds left.
|inactive|magistermilitum420 has 60 seconds left.
|
|t:|1776129663
|move|p1a: Ladon|Earthquake|p2a: Cinderace
|-supereffective|p2a: Cinderace
|-damage|p2a: Cinderace|0 fnt
|faint|p2a: Cinderace
|
|upkeep
|-message|skillauraryt forfeited.
|
|win|magistermilitum420
|raw|magistermilitum420's rating: 1284 &rarr; <strong>1305</strong><br />(+21 for winning)
|raw|skillauraryt's rating: 1233 &rarr; <strong>1212</strong><br />(-21 for losing)
|l|☆skillauraryt
|player|p2|
