|html|<div class="broadcast-blue"><strong>[Gen 9] OU is currently suspecting Tera Blast! For information on how to participate check out the <a href="https://www.smogon.com/tools/suspects/view/200">suspect thread</a>.</strong></div>
|j|☆Lumiore
|j|☆M4teo010101
|t:|1776318782
|gametype|singles
|player|p1|Lumiore|erika|1431
|player|p2|M4teo010101|brendan-gen3rs|1474
|gen|9
|tier|[Gen 9] OU
|rated|
|rule|HP Percentage Mod: HP is shown in percentages
|rule|Endless Battle Clause: Forcing endless battles is banned
|rule|Species Clause: Limit one of each Pokémon
|rule|OHKO Clause: OHKO moves are banned
|rule|Evasion Items Clause: Evasion items are banned
|rule|Evasion Moves Clause: Evasion moves are banned
|rule|Evasion Abilities Clause: Evasion abilities are banned
|rule|Sleep Moves Clause: Sleep-inducing moves are banned
|clearpoke
|poke|p1|Hatterene, F|
|poke|p1|Iron Treads|
|poke|p1|Dondozo, F|
|poke|p1|Sinistcha-Masterpiece|
|poke|p1|Blissey, F|
|poke|p1|Clodsire, F|
|poke|p2|Great Tusk|
|poke|p2|Walking Wake|
|poke|p2|Kingambit, F|
|poke|p2|Venusaur, F|
|poke|p2|Ninetales, F|
|poke|p2|Raging Bolt|
|teampreview
|inactive|Battle timer is ON: inactive players will automatically lose when time's up. (requested by Lumiore)
|inactive|M4teo010101 also wants the timer to be on.
|
|t:|1776318799
|teamsize|p1|6
|teamsize|p2|6
|start
|switch|p1a: Clodsire|Clodsire, F|100/100
|switch|p2a: Kingambit|Kingambit, F|100/100
|-item|p2a: Kingambit|Air Balloon
|turn|1
|
|t:|1776318810
|move|p2a: Kingambit|Kowtow Cleave|p1a: Clodsire
|-damage|p1a: Clodsire|66/100
|move|p1a: Clodsire|Stealth Rock|p2a: Kingambit
|-sidestart|p2: M4teo010101|move: Stealth Rock
|
|-heal|p1a: Clodsire|72/100|[from] item: Leftovers
|upkeep
|turn|2
|
|t:|1776318822
|switch|p1a: Dondozo|Dondozo, F|100/100
|move|p2a: Kingambit|Kowtow Cleave|p1a: Dondozo
|-damage|p1a: Dondozo|78/100
|-damage|p2a: Kingambit|84/100|[from] item: Rocky Helmet|[of] p1a: Dondozo
|
|upkeep
|turn|3
|
|t:|1776318834
|-end|p2a: Kingambit|fallenundefined|[silent]
|switch|p2a: Venusaur|Venusaur, F|100/100
|-damage|p2a: Venusaur|88/100|[from] Stealth Rock
|move|p1a: Dondozo|Body Press|p2a: Venusaur
|-resisted|p2a: Venusaur
|-damage|p2a: Venusaur|70/100
|
|upkeep
|turn|4
|
|t:|1776318845
|switch|p1a: Clodsire|Clodsire, F|72/100
|move|p2a: Venusaur|Giga Drain|p1a: Clodsire
|-damage|p1a: Clodsire|39/100
|-heal|p2a: Venusaur|96/100|[from] drain|[of] p1a: Clodsire
|-damage|p2a: Venusaur|86/100|[from] item: Life Orb
|
|-heal|p1a: Clodsire|45/100|[from] item: Leftovers
|upkeep
|turn|5
|
|t:|1776318856
|move|p2a: Venusaur|Growth|p2a: Venusaur
|-boost|p2a: Venusaur|atk|1
|-boost|p2a: Venusaur|spa|1
|move|p1a: Clodsire|Recover|p1a: Clodsire
|-heal|p1a: Clodsire|95/100
|
|-heal|p1a: Clodsire|100/100|[from] item: Leftovers
|upkeep
|turn|6
|
|t:|1776318867
|move|p2a: Venusaur|Growth|p2a: Venusaur
|-boost|p2a: Venusaur|atk|1
|-boost|p2a: Venusaur|spa|1
|move|p1a: Clodsire|Earthquake|p2a: Venusaur
|-damage|p2a: Venusaur|50/100
|
|upkeep
|turn|7
|
|t:|1776318873
|move|p2a: Venusaur|Giga Drain|p1a: Clodsire
|-damage|p1a: Clodsire|69/100
|-heal|p2a: Venusaur|74/100|[from] drain|[of] p1a: Clodsire
|-damage|p2a: Venusaur|64/100|[from] item: Life Orb
|move|p1a: Clodsire|Earthquake|p2a: Venusaur
|-damage|p2a: Venusaur|26/100
|
|-heal|p1a: Clodsire|75/100|[from] item: Leftovers
|upkeep
|turn|8
|
|t:|1776318880
|move|p2a: Venusaur|Giga Drain|p1a: Clodsire
|-damage|p1a: Clodsire|45/100
|-heal|p2a: Venusaur|50/100|[from] drain|[of] p1a: Clodsire
|-damage|p2a: Venusaur|40/100|[from] item: Life Orb
|move|p1a: Clodsire|Earthquake|p2a: Venusaur
|-damage|p2a: Venusaur|2/100
|
|-heal|p1a: Clodsire|51/100|[from] item: Leftovers
|upkeep
|turn|9
|
|t:|1776318887
|move|p2a: Venusaur|Giga Drain|p1a: Clodsire
|-damage|p1a: Clodsire|18/100
|-heal|p2a: Venusaur|27/100|[from] drain|[of] p1a: Clodsire
|-damage|p2a: Venusaur|17/100|[from] item: Life Orb
|move|p1a: Clodsire|Earthquake|p2a: Venusaur
|-damage|p2a: Venusaur|0 fnt
|faint|p2a: Venusaur
|
|-heal|p1a: Clodsire|24/100|[from] item: Leftovers
|upkeep
|
|t:|1776318894
|switch|p2a: Walking Wake|Walking Wake|100/100
|-damage|p2a: Walking Wake|88/100|[from] Stealth Rock
|turn|10
|
|t:|1776318900
|switch|p1a: Blissey|Blissey, F|100/100
|move|p2a: Walking Wake|Hydro Steam|p1a: Blissey
|-damage|p1a: Blissey|88/100
|
|-heal|p1a: Blissey|94/100|[from] item: Leftovers
|upkeep
|turn|11
|
|t:|1776318913
|move|p2a: Walking Wake|Flip Turn|p1a: Blissey
|-damage|p1a: Blissey|65/100
|
|t:|1776318927
|-end|p2a: Walking Wake|Protosynthesis|[silent]
|switch|p2a: Raging Bolt|Raging Bolt|100/100|[from] Flip Turn
|-damage|p2a: Raging Bolt|88/100|[from] Stealth Rock
|-item|p2a: Raging Bolt|Air Balloon
|move|p1a: Blissey|Thunder Wave|p2a: Raging Bolt|[miss]
|-miss|p1a: Blissey|p2a: Raging Bolt
|
|-heal|p1a: Blissey|71/100|[from] item: Leftovers
|upkeep
|turn|12
|
|t:|1776318939
|move|p2a: Raging Bolt|Calm Mind|p2a: Raging Bolt
|-boost|p2a: Raging Bolt|spa|1
|-boost|p2a: Raging Bolt|spd|1
|move|p1a: Blissey|Soft-Boiled|p1a: Blissey
|-heal|p1a: Blissey|100/100
|
|upkeep
|turn|13
|
|t:|1776318951
|switch|p1a: Clodsire|Clodsire, F|24/100
|move|p2a: Raging Bolt|Calm Mind|p2a: Raging Bolt
|-boost|p2a: Raging Bolt|spa|1
|-boost|p2a: Raging Bolt|spd|1
|
|-heal|p1a: Clodsire|30/100|[from] item: Leftovers
|upkeep
|turn|14
|
|t:|1776318959
|-terastallize|p1a: Clodsire|Fairy
|move|p2a: Raging Bolt|Dragon Pulse|p1a: Clodsire
|-immune|p1a: Clodsire
|move|p1a: Clodsire|Recover|p1a: Clodsire
|-heal|p1a: Clodsire|80/100
|
|-heal|p1a: Clodsire|87/100|[from] item: Leftovers
|upkeep
|turn|15
|
|t:|1776318965
|-end|p2a: Raging Bolt|Protosynthesis|[silent]
|switch|p2a: Kingambit|Kingambit, F|84/100
|-damage|p2a: Kingambit|78/100|[from] Stealth Rock
|-activate|p2a: Kingambit|ability: Supreme Overlord
|-start|p2a: Kingambit|fallen1|[silent]
|-item|p2a: Kingambit|Air Balloon
|move|p1a: Clodsire|Toxic|p2a: Kingambit
|-immune|p2a: Kingambit
|
|-heal|p1a: Clodsire|93/100|[from] item: Leftovers
|upkeep
|turn|16
|
|t:|1776318971
|-end|p2a: Kingambit|fallen1|[silent]
|switch|p2a: Walking Wake|Walking Wake|88/100
|-damage|p2a: Walking Wake|76/100|[from] Stealth Rock
|switch|p1a: Dondozo|Dondozo, F|78/100
|
|upkeep
|turn|17
|
|t:|1776318983
|switch|p1a: Clodsire|Clodsire, F, tera:Fairy|93/100
|move|p2a: Walking Wake|Hydro Steam|p1a: Clodsire
|-damage|p1a: Clodsire|57/100
|
|-heal|p1a: Clodsire|64/100|[from] item: Leftovers
|upkeep
|turn|18
|
|t:|1776318989
|move|p2a: Walking Wake|Hydro Steam|p1a: Clodsire
|-damage|p1a: Clodsire|30/100
|move|p1a: Clodsire|Recover|p1a: Clodsire
|-heal|p1a: Clodsire|80/100
|
|-heal|p1a: Clodsire|87/100|[from] item: Leftovers
|upkeep
|turn|19
|
|t:|1776318995
|switch|p1a: Blissey|Blissey, F|100/100
|move|p2a: Walking Wake|Flip Turn|p1a: Blissey
|-damage|p1a: Blissey|69/100
|
|t:|1776319006
|-end|p2a: Walking Wake|Protosynthesis|[silent]
|switch|p2a: Great Tusk|Great Tusk|100/100|[from] Flip Turn
|-damage|p2a: Great Tusk|98/100|[from] Stealth Rock
|
|-heal|p1a: Blissey|75/100|[from] item: Leftovers
|upkeep
|turn|20
|
|t:|1776319017
|-end|p2a: Great Tusk|Protosynthesis|[silent]
|switch|p2a: Raging Bolt|Raging Bolt|88/100
|-damage|p2a: Raging Bolt|75/100|[from] Stealth Rock
|-item|p2a: Raging Bolt|Air Balloon
|switch|p1a: Sinistcha|Sinistcha-Masterpiece|100/100
|
|upkeep
|turn|21
|
|t:|1776319027
|switch|p1a: Iron Treads|Iron Treads|100/100
|move|p2a: Raging Bolt|Calm Mind|p2a: Raging Bolt
|-boost|p2a: Raging Bolt|spa|1
|-boost|p2a: Raging Bolt|spd|1
|
|upkeep
|turn|22
|
|t:|1776319038
|move|p1a: Iron Treads|Knock Off|p2a: Raging Bolt
|-damage|p2a: Raging Bolt|51/100
|-enditem|p2a: Raging Bolt|Air Balloon
|move|p2a: Raging Bolt|Dragon Pulse|p1a: Iron Treads
|-resisted|p1a: Iron Treads
|-damage|p1a: Iron Treads|69/100
|
|-heal|p1a: Iron Treads|75/100|[from] item: Leftovers
|upkeep
|turn|23
|
|t:|1776319049
|-end|p2a: Raging Bolt|Protosynthesis|[silent]
|switch|p2a: Kingambit|Kingambit, F|78/100
|-damage|p2a: Kingambit|72/100|[from] Stealth Rock
|-activate|p2a: Kingambit|ability: Supreme Overlord
|-start|p2a: Kingambit|fallen1|[silent]
|-item|p2a: Kingambit|Air Balloon
|move|p1a: Iron Treads|Earthquake|p2a: Kingambit
|-immune|p2a: Kingambit
|
|-heal|p1a: Iron Treads|81/100|[from] item: Leftovers
|upkeep
|turn|24
|
|t:|1776319060
|move|p1a: Iron Treads|Knock Off|p2a: Kingambit
|-resisted|p2a: Kingambit
|-damage|p2a: Kingambit|63/100
|-enditem|p2a: Kingambit|Air Balloon
|move|p2a: Kingambit|Kowtow Cleave|p1a: Iron Treads
|-damage|p1a: Iron Treads|38/100
|
|-heal|p1a: Iron Treads|44/100|[from] item: Leftovers
|upkeep
|turn|25
|
|t:|1776319071
|-end|p1a: Iron Treads|Quark Drive|[silent]
|switch|p1a: Dondozo|Dondozo, F|78/100
|move|p2a: Kingambit|Kowtow Cleave|p1a: Dondozo
|-damage|p1a: Dondozo|51/100
|-damage|p2a: Kingambit|47/100|[from] item: Rocky Helmet|[of] p1a: Dondozo
|
|upkeep
|turn|26
|
|t:|1776319082
|-end|p2a: Kingambit|fallen1|[silent]
|switch|p2a: Great Tusk|Great Tusk|98/100
|-damage|p2a: Great Tusk|95/100|[from] Stealth Rock
|move|p1a: Dondozo|Rest|p1a: Dondozo
|-status|p1a: Dondozo|slp|[from] move: Rest
|-heal|p1a: Dondozo|100/100 slp|[silent]
|
|upkeep
|turn|27
|
|t:|1776319092
|-end|p2a: Great Tusk|Protosynthesis|[silent]
|switch|p2a: Kingambit|Kingambit, F|47/100
|-damage|p2a: Kingambit|40/100|[from] Stealth Rock
|-activate|p2a: Kingambit|ability: Supreme Overlord
|-start|p2a: Kingambit|fallen1|[silent]
|switch|p1a: Sinistcha|Sinistcha-Masterpiece|100/100
|
|upkeep
|turn|28
|
|t:|1776319103
|switch|p1a: Dondozo|Dondozo, F|100/100 slp
|move|p2a: Kingambit|Kowtow Cleave|p1a: Dondozo
|-damage|p1a: Dondozo|74/100 slp
|-damage|p2a: Kingambit|24/100|[from] item: Rocky Helmet|[of] p1a: Dondozo
|
|upkeep
|turn|29
|
|t:|1776319114
|move|p2a: Kingambit|Kowtow Cleave|p1a: Dondozo
|-damage|p1a: Dondozo|49/100 slp
|-damage|p2a: Kingambit|7/100|[from] item: Rocky Helmet|[of] p1a: Dondozo
|cant|p1a: Dondozo|slp
|move|p1a: Dondozo|Sleep Talk|p1a: Dondozo
|move|p1a: Dondozo|Body Press|p2a: Kingambit|[from] move: Sleep Talk
|-supereffective|p2a: Kingambit
|-damage|p2a: Kingambit|0 fnt
|faint|p2a: Kingambit
|-end|p2a: Kingambit|fallen1|[silent]
|
|upkeep
|
|t:|1776319120
|switch|p2a: Walking Wake|Walking Wake|76/100
|-damage|p2a: Walking Wake|64/100|[from] Stealth Rock
|turn|30
|
|t:|1776319126
|switch|p1a: Blissey|Blissey, F|75/100
|move|p2a: Walking Wake|Hydro Steam|p1a: Blissey
|-damage|p1a: Blissey|62/100
|
|-heal|p1a: Blissey|68/100|[from] item: Leftovers
|upkeep
|turn|31
|
|t:|1776319137
|move|p2a: Walking Wake|Flamethrower|p1a: Blissey
|-damage|p1a: Blissey|59/100
|move|p1a: Blissey|Soft-Boiled|p1a: Blissey
|-heal|p1a: Blissey|100/100
|
|upkeep
|turn|32
|
|t:|1776319148
|move|p2a: Walking Wake|Flip Turn|p1a: Blissey
|-damage|p1a: Blissey|68/100
|
|t:|1776319159
|-end|p2a: Walking Wake|Protosynthesis|[silent]
|switch|p2a: Great Tusk|Great Tusk|95/100|[from] Flip Turn
|-damage|p2a: Great Tusk|92/100|[from] Stealth Rock
|move|p1a: Blissey|Thunder Wave|p2a: Great Tusk
|-immune|p2a: Great Tusk
|
|-heal|p1a: Blissey|74/100|[from] item: Leftovers
|upkeep
|turn|33
|
|t:|1776319169
|switch|p1a: Sinistcha|Sinistcha-Masterpiece|100/100
|move|p2a: Great Tusk|Ice Spinner|p1a: Sinistcha
|-supereffective|p1a: Sinistcha
|-damage|p1a: Sinistcha|59/100
|
|upkeep
|turn|34
|
|t:|1776319180
|-end|p2a: Great Tusk|Protosynthesis|[silent]
|switch|p2a: Ninetales|Ninetales, F|100/100
|-damage|p2a: Ninetales|76/100|[from] Stealth Rock
|-weather|SunnyDay|[from] ability: Drought|[of] p2a: Ninetales
|move|p1a: Sinistcha|Strength Sap|p2a: Ninetales
|-unboost|p2a: Ninetales|atk|1
|-heal|p1a: Sinistcha|99/100
|
|-weather|SunnyDay|[upkeep]
|upkeep
|turn|35
|
|t:|1776319191
|switch|p1a: Blissey|Blissey, F|74/100
|move|p2a: Ninetales|Weather Ball|p1a: Blissey
|-damage|p1a: Blissey|61/100
|
|-weather|SunnyDay|[upkeep]
|-heal|p1a: Blissey|67/100|[from] item: Leftovers
|upkeep
|turn|36
|
|t:|1776319202
|switch|p2a: Great Tusk|Great Tusk|92/100
|-damage|p2a: Great Tusk|89/100|[from] Stealth Rock
|-activate|p2a: Great Tusk|ability: Protosynthesis
|-start|p2a: Great Tusk|protosynthesisatk
|move|p1a: Blissey|Seismic Toss|p2a: Great Tusk
|-damage|p2a: Great Tusk|64/100
|
|-weather|SunnyDay|[upkeep]
|-heal|p1a: Blissey|73/100|[from] item: Leftovers
|upkeep
|turn|37
|
|t:|1776319214
|switch|p1a: Sinistcha|Sinistcha-Masterpiece|99/100
|move|p2a: Great Tusk|Rapid Spin|p1a: Sinistcha
|-immune|p1a: Sinistcha
|
|-weather|SunnyDay|[upkeep]
|upkeep
|turn|38
|
|t:|1776319224
|-end|p2a: Great Tusk|Protosynthesis|[silent]
|switch|p2a: Raging Bolt|Raging Bolt|51/100
|-damage|p2a: Raging Bolt|39/100|[from] Stealth Rock
|-activate|p2a: Raging Bolt|ability: Protosynthesis
|-start|p2a: Raging Bolt|protosynthesisspa
|move|p1a: Sinistcha|Strength Sap|p2a: Raging Bolt
|-unboost|p2a: Raging Bolt|atk|1
|-heal|p1a: Sinistcha|100/100
|
|-weather|SunnyDay|[upkeep]
|upkeep
|turn|39
|
|t:|1776319235
|-end|p2a: Raging Bolt|Protosynthesis|[silent]
|switch|p2a: Great Tusk|Great Tusk|64/100
|-damage|p2a: Great Tusk|62/100|[from] Stealth Rock
|-activate|p2a: Great Tusk|ability: Protosynthesis
|-start|p2a: Great Tusk|protosynthesisatk
|switch|p1a: Iron Treads|Iron Treads|44/100
|
|-weather|SunnyDay|[upkeep]
|-heal|p1a: Iron Treads|50/100|[from] item: Leftovers
|upkeep
|turn|40
|
|t:|1776319246
|move|p2a: Great Tusk|Rapid Spin|p1a: Iron Treads
|-resisted|p1a: Iron Treads
|-damage|p1a: Iron Treads|42/100
|-boost|p2a: Great Tusk|spe|1
|-sideend|p2: M4teo010101|Stealth Rock|[from] move: Rapid Spin|[of] p2a: Great Tusk
|move|p1a: Iron Treads|Knock Off|p2a: Great Tusk
|-resisted|p2a: Great Tusk
|-damage|p2a: Great Tusk|54/100
|-enditem|p2a: Great Tusk|Assault Vest|[from] move: Knock Off|[of] p1a: Iron Treads
|
|-weather|SunnyDay|[upkeep]
|-heal|p1a: Iron Treads|48/100|[from] item: Leftovers
|upkeep
|turn|41
|
|t:|1776319256
|-end|p1a: Iron Treads|Quark Drive|[silent]
|switch|p1a: Sinistcha|Sinistcha-Masterpiece|100/100
|move|p2a: Great Tusk|Ice Spinner|p1a: Sinistcha
|-supereffective|p1a: Sinistcha
|-damage|p1a: Sinistcha|46/100
|
|-weather|none
|-end|p2a: Great Tusk|Protosynthesis
|upkeep
|turn|42
|
|t:|1776319268
|-end|p2a: Great Tusk|Protosynthesis|[silent]
|switch|p2a: Ninetales|Ninetales, F|76/100
|-weather|SunnyDay|[from] ability: Drought|[of] p2a: Ninetales
|move|p1a: Sinistcha|Strength Sap|p2a: Ninetales
|-unboost|p2a: Ninetales|atk|1
|-heal|p1a: Sinistcha|87/100
|
|-weather|SunnyDay|[upkeep]
|upkeep
|turn|43
|
|t:|1776319278
|switch|p1a: Blissey|Blissey, F|73/100
|move|p2a: Ninetales|Weather Ball|p1a: Blissey
|-crit|p1a: Blissey
|-damage|p1a: Blissey|56/100
|
|-weather|SunnyDay|[upkeep]
|-heal|p1a: Blissey|62/100|[from] item: Leftovers
|upkeep
|turn|44
|
|t:|1776319286
|switch|p2a: Great Tusk|Great Tusk|54/100
|-activate|p2a: Great Tusk|ability: Protosynthesis
|-start|p2a: Great Tusk|protosynthesisatk
|move|p1a: Blissey|Seismic Toss|p2a: Great Tusk
|-damage|p2a: Great Tusk|30/100
|
|-weather|SunnyDay|[upkeep]
|-heal|p1a: Blissey|69/100|[from] item: Leftovers
|upkeep
|turn|45
|
|t:|1776319296
|switch|p1a: Dondozo|Dondozo, F|49/100 slp
|move|p2a: Great Tusk|Headlong Rush|p1a: Dondozo
|-damage|p1a: Dondozo|14/100 slp
|-unboost|p2a: Great Tusk|def|1
|-unboost|p2a: Great Tusk|spd|1
|-damage|p2a: Great Tusk|13/100|[from] item: Rocky Helmet|[of] p1a: Dondozo
|
|-weather|SunnyDay|[upkeep]
|upkeep
|turn|46
|
|t:|1776319305
|-end|p2a: Great Tusk|Protosynthesis|[silent]
|switch|p2a: Walking Wake|Walking Wake|64/100
|-activate|p2a: Walking Wake|ability: Protosynthesis
|-start|p2a: Walking Wake|protosynthesisspe
|cant|p1a: Dondozo|slp
|
|-weather|SunnyDay|[upkeep]
|upkeep
|turn|47
|
|t:|1776319312
|switch|p1a: Blissey|Blissey, F|69/100
|move|p2a: Walking Wake|Flip Turn|p1a: Blissey
|-damage|p1a: Blissey|52/100
|
|t:|1776319318
|-end|p2a: Walking Wake|Protosynthesis|[silent]
|switch|p2a: Great Tusk|Great Tusk|13/100|[from] Flip Turn
|-activate|p2a: Great Tusk|ability: Protosynthesis
|-start|p2a: Great Tusk|protosynthesisatk
|
|-weather|SunnyDay|[upkeep]
|-heal|p1a: Blissey|59/100|[from] item: Leftovers
|upkeep
|turn|48
|
|t:|1776319324
|-end|p2a: Great Tusk|Protosynthesis|[silent]
|switch|p2a: Walking Wake|Walking Wake|64/100
|-activate|p2a: Walking Wake|ability: Protosynthesis
|-start|p2a: Walking Wake|protosynthesisspe
|switch|p1a: Dondozo|Dondozo, F|14/100 slp
|
|-weather|SunnyDay|[upkeep]
|upkeep
|turn|49
|
|t:|1776319332
|switch|p1a: Blissey|Blissey, F|59/100
|move|p2a: Walking Wake|Hydro Steam|p1a: Blissey
|-damage|p1a: Blissey|41/100
|
|-weather|none
|-end|p2a: Walking Wake|Protosynthesis
|-heal|p1a: Blissey|48/100|[from] item: Leftovers
|upkeep
|turn|50
|
|t:|1776319338
|move|p2a: Walking Wake|Flip Turn|p1a: Blissey
|-damage|p1a: Blissey|14/100
|
|t:|1776319344
|-end|p2a: Walking Wake|Protosynthesis|[silent]
|switch|p2a: Great Tusk|Great Tusk|13/100|[from] Flip Turn
|move|p1a: Blissey|Soft-Boiled|p1a: Blissey
|-heal|p1a: Blissey|64/100
|
|-heal|p1a: Blissey|70/100|[from] item: Leftovers
|upkeep
|turn|51
|
|t:|1776319351
|-end|p2a: Great Tusk|Protosynthesis|[silent]
|switch|p2a: Walking Wake|Walking Wake|64/100
|switch|p1a: Dondozo|Dondozo, F|14/100 slp
|
|upkeep
|turn|52
|
|t:|1776319360
|switch|p1a: 络幽|Hatterene, F, shiny|100/100
|move|p2a: Walking Wake|Flamethrower|p1a: 络幽
|-damage|p1a: 络幽|65/100
|
|upkeep
|turn|53
|
|t:|1776319371
|move|p2a: Walking Wake|Flip Turn|p1a: 络幽
|-damage|p1a: 络幽|52/100
|
|t:|1776319382
|-end|p2a: Walking Wake|Protosynthesis|[silent]
|switch|p2a: Ninetales|Ninetales, F|76/100|[from] Flip Turn
|-weather|SunnyDay|[from] ability: Drought|[of] p2a: Ninetales
|move|p1a: 络幽|Draining Kiss|p2a: Ninetales
|-resisted|p2a: Ninetales
|-damage|p2a: Ninetales|65/100
|-heal|p1a: 络幽|61/100|[from] drain|[of] p2a: Ninetales
|
|-weather|SunnyDay|[upkeep]
|upkeep
|turn|54
|
|t:|1776319392
|switch|p2a: Great Tusk|Great Tusk|13/100
|-activate|p2a: Great Tusk|ability: Protosynthesis
|-start|p2a: Great Tusk|protosynthesisatk
|switch|p1a: Blissey|Blissey, F|70/100
|
|-weather|SunnyDay|[upkeep]
|-heal|p1a: Blissey|76/100|[from] item: Leftovers
|upkeep
|turn|55
|
|t:|1776319398
|-end|p2a: Great Tusk|Protosynthesis|[silent]
|switch|p2a: Walking Wake|Walking Wake|64/100
|-activate|p2a: Walking Wake|ability: Protosynthesis
|-start|p2a: Walking Wake|protosynthesisspe
|switch|p1a: Dondozo|Dondozo, F|14/100 slp
|
|-weather|SunnyDay|[upkeep]
|upkeep
|turn|56
|
|t:|1776319404
|switch|p1a: 络幽|Hatterene, F, shiny|61/100
|move|p2a: Walking Wake|Flip Turn|p1a: 络幽
|-damage|p1a: 络幽|55/100
|
|t:|1776319415
|-end|p2a: Walking Wake|Protosynthesis|[silent]
|switch|p2a: Great Tusk|Great Tusk|13/100|[from] Flip Turn
|-activate|p2a: Great Tusk|ability: Protosynthesis
|-start|p2a: Great Tusk|protosynthesisatk
|
|-weather|SunnyDay|[upkeep]
|upkeep
|turn|57
|
|t:|1776319426
|-end|p2a: Great Tusk|Protosynthesis|[silent]
|switch|p2a: Walking Wake|Walking Wake|64/100
|-activate|p2a: Walking Wake|ability: Protosynthesis
|-start|p2a: Walking Wake|protosynthesisspe
|move|p1a: 络幽|Draining Kiss|p2a: Walking Wake
|-supereffective|p2a: Walking Wake
|-damage|p2a: Walking Wake|7/100
|-heal|p1a: 络幽|100/100|[from] drain|[of] p2a: Walking Wake
|
|-weather|SunnyDay|[upkeep]
|upkeep
|turn|58
|
|t:|1776319436
|move|p2a: Walking Wake|Flip Turn|p1a: 络幽
|-damage|p1a: 络幽|95/100
|
|t:|1776319447
|-end|p2a: Walking Wake|Protosynthesis|[silent]
|switch|p2a: Ninetales|Ninetales, F|65/100|[from] Flip Turn
|move|p1a: 络幽|Nuzzle|p2a: Ninetales
|-damage|p2a: Ninetales|61/100
|-status|p2a: Ninetales|par
|
|-weather|SunnyDay|[upkeep]
|upkeep
|turn|59
|
|t:|1776319458
|move|p2a: Ninetales|Weather Ball|p1a: 络幽
|-damage|p1a: 络幽|49/100
|move|p1a: 络幽|Calm Mind|p1a: 络幽
|-boost|p1a: 络幽|spa|1
|-boost|p1a: 络幽|spd|1
|
|-weather|SunnyDay|[upkeep]
|upkeep
|turn|60
|
|t:|1776319464
|cant|p2a: Ninetales|par
|move|p1a: 络幽|Draining Kiss|p2a: Ninetales
|-resisted|p2a: Ninetales
|-damage|p2a: Ninetales|45/100 par
|-heal|p1a: 络幽|62/100|[from] drain|[of] p2a: Ninetales
|
|-weather|none
|upkeep
|turn|61
|
|t:|1776319470
|switch|p2a: Walking Wake|Walking Wake|7/100
|move|p1a: 络幽|Draining Kiss|p2a: Walking Wake
|-supereffective|p2a: Walking Wake
|-damage|p2a: Walking Wake|0 fnt
|-heal|p1a: 络幽|67/100|[from] drain|[of] p2a: Walking Wake
|faint|p2a: Walking Wake
|-end|p2a: Walking Wake|Protosynthesis|[silent]
|
|upkeep
|
|t:|1776319476
|switch|p2a: Ninetales|Ninetales, F|45/100 par
|-weather|SunnyDay|[from] ability: Drought|[of] p2a: Ninetales
|turn|62
|
|t:|1776319482
|move|p2a: Ninetales|Healing Wish|p2a: Ninetales
|faint|p2a: Ninetales
|move|p1a: 络幽|Psyshock|p2: Ninetales|[notarget]
|-fail|p1a: 络幽
|
|-weather|SunnyDay|[upkeep]
|upkeep
|
|t:|1776319488
|switch|p2a: Great Tusk|Great Tusk|13/100
|-heal|p2a: Great Tusk|100/100|[from] move: Healing Wish
|-activate|p2a: Great Tusk|ability: Protosynthesis
|-start|p2a: Great Tusk|protosynthesisatk
|turn|63
|
|t:|1776319494
|move|p2a: Great Tusk|Headlong Rush|p1a: 络幽
|-damage|p1a: 络幽|2/100
|-unboost|p2a: Great Tusk|def|1
|-unboost|p2a: Great Tusk|spd|1
|move|p1a: 络幽|Draining Kiss|p2a: Great Tusk
|-supereffective|p2a: Great Tusk
|-crit|p2a: Great Tusk
|-damage|p2a: Great Tusk|0 fnt
|-heal|p1a: 络幽|99/100|[from] drain|[of] p2a: Great Tusk
|faint|p2a: Great Tusk
|-end|p2a: Great Tusk|Protosynthesis|[silent]
|
|-weather|SunnyDay|[upkeep]
|upkeep
|
|t:|1776319500
|switch|p2a: Raging Bolt|Raging Bolt|39/100
|-activate|p2a: Raging Bolt|ability: Protosynthesis
|-start|p2a: Raging Bolt|protosynthesisspa
|turn|64
|
|t:|1776319505
|move|p2a: Raging Bolt|Thunderbolt|p1a: 络幽
|-crit|p1a: 络幽
|-damage|p1a: 络幽|0 fnt
|faint|p1a: 络幽
|
|-weather|SunnyDay|[upkeep]
|upkeep
|
|t:|1776319510
|switch|p1a: Iron Treads|Iron Treads|48/100
|turn|65
|
|t:|1776319519
|move|p2a: Raging Bolt|Thunderclap|p1a: Iron Treads
|-immune|p1a: Iron Treads
|move|p1a: Iron Treads|Earthquake|p2a: Raging Bolt
|-supereffective|p2a: Raging Bolt
|-damage|p2a: Raging Bolt|0 fnt
|faint|p2a: Raging Bolt
|-end|p2a: Raging Bolt|Protosynthesis|[silent]
|
|win|Lumiore
|raw|Lumiore's rating: 1431 &rarr; <strong>1453</strong><br />(+22 for winning)
|raw|M4teo010101's rating: 1474 &rarr; <strong>1452</strong><br />(-22 for losing)
