|html|<div class="broadcast-blue"><strong>[Gen 9] OU is currently suspecting Volcarona! For information on how to participate check out the <a href="https://www.smogon.com/tools/suspects/view/208">suspect thread</a>.</strong></div>
|j|☆eliteballknower
|j|☆zermoon
|t:|1778509279
|gametype|singles
|player|p1|eliteballknower|cheryl|1118
|player|p2|zermoon|unknown|1099
|gen|9
|tier|[Gen 9] OU
|rated|
|rule|HP Percentage Mod: HP is shown in percentages
|rule|Endless Battle Clause: Forcing endless battles is banned
|rule|Species Clause: Limit one of each Pokémon
|rule|OHKO Clause: OHKO moves are banned
|rule|Evasion Items Clause: Evasion items are banned
|rule|Evasion Moves Clause: Evasion moves are banned
|rule|Evasion Abilities Clause: Evasion abilities are banned
|rule|Sleep Moves Clause: Sleep-inducing moves are banned
|clearpoke
|poke|p1|Infernape, M|
|poke|p1|Garchomp, F|
|poke|p1|Porygon2|
|poke|p1|Serperior, M|
|poke|p1|Gliscor, M|
|poke|p1|Slowking-Galar, M|
|poke|p2|Pikachu-Partner, M|
|poke|p2|Charizard, M|
|poke|p2|Venusaur, M|
|poke|p2|Blastoise, M|
|poke|p2|Lapras, M|
|poke|p2|Snorlax, M|
|teampreview
|inactive|Battle timer is ON: inactive players will automatically lose when time's up. (requested by eliteballknower)
|c|☆eliteballknower|yo????????
|c|☆eliteballknower|it changed my team
|c|☆eliteballknower|wtf
|
|t:|1778509307
|teamsize|p1|6
|teamsize|p2|6
|start
|switch|p1a: Cynthia|Garchomp, F, shiny|100/100
|switch|p2a: Venusaur|Venusaur, M|100/100
|turn|1
|
|t:|1778509316
|move|p1a: Cynthia|Stealth Rock|p2a: Venusaur
|-sidestart|p2: zermoon|move: Stealth Rock
|move|p2a: Venusaur|Leech Seed|p1a: Cynthia
|-start|p1a: Cynthia|move: Leech Seed
|
|-damage|p1a: Cynthia|88/100|[from] Leech Seed|[of] p2a: Venusaur
|upkeep
|turn|2
|
|t:|1778509324
|switch|p1a: Sir Perrier|Serperior, M, shiny|100/100
|move|p2a: Venusaur|Toxic|p1a: Sir Perrier
|-status|p1a: Sir Perrier|tox
|
|-damage|p1a: Sir Perrier|94/100 tox|[from] psn
|upkeep
|turn|3
|
|t:|1778509333
|move|p2a: Venusaur|Knock Off|p1a: Sir Perrier
|-damage|p1a: Sir Perrier|74/100 tox
|-enditem|p1a: Sir Perrier|Assault Vest|[from] move: Knock Off|[of] p2a: Venusaur
|move|p1a: Sir Perrier|Mirror Coat||[still]
|-fail|p1a: Sir Perrier
|
|-damage|p1a: Sir Perrier|62/100 tox|[from] psn
|upkeep
|turn|4
|
|t:|1778509344
|move|p2a: Venusaur|Protect|p2a: Venusaur
|-singleturn|p2a: Venusaur|Protect
|move|p1a: Sir Perrier|Hyper Beam|p2a: Venusaur
|-activate|p2a: Venusaur|move: Protect
|
|-damage|p1a: Sir Perrier|43/100 tox|[from] psn
|upkeep
|turn|5
|
|t:|1778509353
|switch|p1a: Clippy|Porygon2, shiny|100/100
|-ability|p1a: Clippy|Download|boost
|-boost|p1a: Clippy|atk|1
|move|p2a: Venusaur|Knock Off|p1a: Clippy
|-damage|p1a: Clippy|90/100
|-enditem|p1a: Clippy|Eviolite|[from] move: Knock Off|[of] p2a: Venusaur
|
|upkeep
|turn|6
|
|t:|1778509363
|move|p2a: Venusaur|Leech Seed|p1a: Clippy
|-start|p1a: Clippy|move: Leech Seed
|move|p1a: Clippy|Psyshock|p2a: Venusaur
|-supereffective|p2a: Venusaur
|-damage|p2a: Venusaur|48/100
|
|-heal|p2a: Venusaur|54/100|[from] item: Black Sludge
|-damage|p1a: Clippy|78/100|[from] Leech Seed|[of] p2a: Venusaur
|-heal|p2a: Venusaur|66/100|[silent]
|upkeep
|turn|7
|
|t:|1778509373
|-terastallize|p1a: Clippy|Psychic
|move|p2a: Venusaur|Protect|p2a: Venusaur
|-singleturn|p2a: Venusaur|Protect
|move|p1a: Clippy|Psyshock|p2a: Venusaur
|-activate|p2a: Venusaur|move: Protect
|
|-heal|p2a: Venusaur|72/100|[from] item: Black Sludge
|-damage|p1a: Clippy|65/100|[from] Leech Seed|[of] p2a: Venusaur
|-heal|p2a: Venusaur|85/100|[silent]
|upkeep
|turn|8
|
|t:|1778509385
|move|p2a: Venusaur|Toxic|p1a: Clippy
|-status|p1a: Clippy|tox
|move|p1a: Clippy|Psyshock|p2a: Venusaur
|-supereffective|p2a: Venusaur
|-damage|p2a: Venusaur|0 fnt
|faint|p2a: Venusaur
|
|-damage|p1a: Clippy|59/100 tox|[from] psn
|upkeep
|
|t:|1778509406
|switch|p2a: Snorlax|Snorlax, M|100/100
|-damage|p2a: Snorlax|88/100|[from] Stealth Rock
|turn|9
|
|t:|1778509417
|move|p1a: Clippy|Psyshock|p2a: Snorlax
|-damage|p2a: Snorlax|50/100
|move|p2a: Snorlax|Body Slam|p1a: Clippy
|-damage|p1a: Clippy|4/100 tox
|
|-damage|p1a: Clippy|0 fnt|[from] Leech Seed|[of] p2a: Snorlax
|-heal|p2a: Snorlax|52/100|[silent]
|faint|p1a: Clippy
|upkeep
|
|t:|1778509430
|switch|p1a: Triton|Slowking-Galar, M, shiny|100/100
|turn|10
|
|t:|1778509437
|move|p2a: Snorlax|Rest|p2a: Snorlax
|-status|p2a: Snorlax|slp|[from] move: Rest
|-heal|p2a: Snorlax|100/100 slp|[silent]
|move|p1a: Triton|Trick|p2a: Snorlax
|-activate|p1a: Triton|move: Trick|[of] p2a: Snorlax
|-item|p2a: Snorlax|Black Sludge|[from] move: Trick
|-item|p1a: Triton|Silk Scarf|[from] move: Trick
|
|-damage|p2a: Snorlax|88/100 slp|[from] item: Black Sludge
|upkeep
|turn|11
|
|t:|1778509453
|cant|p2a: Snorlax|slp
|move|p2a: Snorlax|Sleep Talk|p2a: Snorlax
|move|p2a: Snorlax|Body Slam|p1a: Triton|[from] move: Sleep Talk
|-damage|p1a: Triton|57/100
|-status|p1a: Triton|par
|move|p1a: Triton|Future Sight|p2a: Snorlax
|-start|p1a: Triton|move: Future Sight
|
|-damage|p2a: Snorlax|76/100 slp|[from] item: Black Sludge
|upkeep
|turn|12
|
|t:|1778509478
|switch|p1a: Sir Perrier|Serperior, M, shiny|43/100 tox
|cant|p2a: Snorlax|slp
|move|p2a: Snorlax|Sleep Talk|p2a: Snorlax
|move|p2a: Snorlax|Giga Impact|p1a: Sir Perrier|[from] move: Sleep Talk
|-damage|p1a: Sir Perrier|0 fnt
|-mustrecharge|p2a: Snorlax
|faint|p1a: Sir Perrier
|
|-damage|p2a: Snorlax|63/100 slp|[from] item: Black Sludge
|upkeep
|
|t:|1778509488
|switch|p1a: Mayweather|Infernape, M, shiny|100/100
|turn|13
|
|t:|1778509494
|move|p1a: Mayweather|Swords Dance|p1a: Mayweather
|-boost|p1a: Mayweather|atk|2
|cant|p2a: Snorlax|recharge
|
|-end|p2a: Snorlax|move: Future Sight
|-damage|p2a: Snorlax|25/100 slp
|-damage|p2a: Snorlax|13/100 slp|[from] item: Black Sludge
|upkeep
|turn|14
|
|t:|1778509508
|move|p1a: Mayweather|Mach Punch|p2a: Snorlax
|-supereffective|p2a: Snorlax
|-damage|p2a: Snorlax|0 fnt
|faint|p2a: Snorlax
|
|upkeep
|
|t:|1778509521
|switch|p2a: Charizard|Charizard, M|100/100
|-damage|p2a: Charizard|51/100|[from] Stealth Rock
|turn|15
|
|t:|1778509528
|move|p2a: Charizard|Air Slash|p1a: Mayweather
|-supereffective|p1a: Mayweather
|-damage|p1a: Mayweather|0 fnt
|faint|p1a: Mayweather
|
|upkeep
|c|☆eliteballknower|we cant be fr
|c|☆eliteballknower|the one thing that 3ould outspeed
|c|☆eliteballknower|and you just happen to have it
|
|t:|1778509555
|switch|p1a: Triton|Slowking-Galar, M, shiny|90/100 par
|turn|16
|
|t:|1778509564
|move|p2a: Charizard|Air Slash|p1a: Triton
|-damage|p1a: Triton|59/100 par
|move|p1a: Triton|Surf|p2a: Charizard
|-supereffective|p2a: Charizard
|-damage|p2a: Charizard|0 fnt
|faint|p2a: Charizard
|
|upkeep
|c|☆eliteballknower|scarf zard is some bs
|
|t:|1778509574
|switch|p2a: Blastoise|Blastoise, M|100/100
|-damage|p2a: Blastoise|88/100|[from] Stealth Rock
|turn|17
|
|t:|1778509584
|move|p2a: Blastoise|Shell Smash|p2a: Blastoise
|-unboost|p2a: Blastoise|def|1
|-unboost|p2a: Blastoise|spd|1
|-boost|p2a: Blastoise|atk|2
|-boost|p2a: Blastoise|spa|2
|-boost|p2a: Blastoise|spe|2
|-enditem|p2a: Blastoise|White Herb
|-clearnegativeboost|p2a: Blastoise|[silent]
|move|p1a: Triton|Trick|p2a: Blastoise
|-activate|p1a: Triton|move: Trick|[of] p2a: Blastoise
|-item|p2a: Blastoise|Silk Scarf|[from] move: Trick
|-enditem|p1a: Triton|Silk Scarf|[silent]|[from] move: Trick
|
|upkeep
|turn|18
|
|t:|1778509611
|move|p2a: Blastoise|Shell Smash|p2a: Blastoise
|-unboost|p2a: Blastoise|def|1
|-unboost|p2a: Blastoise|spd|1
|-boost|p2a: Blastoise|atk|2
|-boost|p2a: Blastoise|spa|2
|-boost|p2a: Blastoise|spe|2
|move|p1a: Triton|Future Sight|p2a: Blastoise
|-start|p1a: Triton|move: Future Sight
|
|upkeep
|turn|19
|
|t:|1778509623
|move|p2a: Blastoise|Wave Crash|p1a: Triton
|-damage|p1a: Triton|0 fnt
|faint|p1a: Triton
|-damage|p2a: Blastoise|63/100|[from] Recoil
|
|upkeep
|
|t:|1778509635
|switch|p1a: Cynthia|Garchomp, F, shiny|88/100
|turn|20
|
|t:|1778509643
|move|p2a: Blastoise|Wave Crash|p1a: Cynthia
|-damage|p1a: Cynthia|0 fnt
|-damage|p2a: Blastoise|50/100|[from] ability: Rough Skin|[of] p1a: Cynthia
|-damage|p2a: Blastoise|34/100|[from] item: Rocky Helmet|[of] p1a: Cynthia
|faint|p1a: Cynthia
|-damage|p2a: Blastoise|0 fnt|[from] Recoil
|faint|p2a: Blastoise
|
|-hint|Future Sight did not hit because the target is fainted.
|upkeep
|
|t:|1778509657
|switch|p1a: Man-Bat|Gliscor, M, shiny|100/100
|switch|p2a: Lapras|Lapras, M|100/100
|-damage|p2a: Lapras|75/100|[from] Stealth Rock
|turn|21
|
|t:|1778509670
|move|p2a: Lapras|Protect|p2a: Lapras
|-singleturn|p2a: Lapras|Protect
|move|p1a: Man-Bat|Swords Dance|p1a: Man-Bat
|-boost|p1a: Man-Bat|atk|2
|
|-heal|p2a: Lapras|82/100|[from] item: Leftovers
|-status|p1a: Man-Bat|tox|[from] item: Toxic Orb
|upkeep
|turn|22
|
|t:|1778509682
|move|p1a: Man-Bat|Facade|p2a: Lapras
|-damage|p2a: Lapras|11/100
|move|p2a: Lapras|Perish Song|p2a: Lapras
|-start|p1a: Man-Bat|perish3|[silent]
|-start|p2a: Lapras|perish3|[silent]
|-fieldactivate|move: Perish Song
|
|-heal|p2a: Lapras|17/100|[from] item: Leftovers
|-start|p1a: Man-Bat|perish3
|-start|p2a: Lapras|perish3
|upkeep
|turn|23
|
|t:|1778509693
|move|p2a: Lapras|Protect|p2a: Lapras
|-singleturn|p2a: Lapras|Protect
|move|p1a: Man-Bat|Agility|p1a: Man-Bat
|-boost|p1a: Man-Bat|spe|2
|
|-heal|p2a: Lapras|23/100|[from] item: Leftovers
|-start|p1a: Man-Bat|perish2
|-start|p2a: Lapras|perish2
|upkeep
|turn|24
|
|t:|1778509704
|move|p2a: Lapras|Protect||[still]
|-fail|p2a: Lapras
|move|p1a: Man-Bat|Facade|p2a: Lapras
|-damage|p2a: Lapras|0 fnt
|faint|p2a: Lapras
|
|-start|p1a: Man-Bat|perish1
|upkeep
|
|t:|1778509715
|switch|p2a: Pikachu|Pikachu-Partner, M|100/100
|-damage|p2a: Pikachu|88/100|[from] Stealth Rock
|turn|25
|
|t:|1778509721
|move|p2a: Pikachu|Fake Out|p1a: Man-Bat
|-crit|p1a: Man-Bat
|-damage|p1a: Man-Bat|89/100 tox
|cant|p1a: Man-Bat|flinch
|
|-heal|p1a: Man-Bat|100/100 tox|[from] ability: Poison Heal
|-start|p1a: Man-Bat|perish0
|faint|p1a: Man-Bat
|
|win|zermoon
|raw|eliteballknower's rating: 1118 &rarr; <strong>1092</strong><br />(-26 for losing)
|raw|zermoon's rating: 1099 &rarr; <strong>1126</strong><br />(+27 for winning)
|c|☆eliteballknower|dork
|l|☆eliteballknower
|player|p1|
|l|☆zermoon
|player|p2|
