|html|<div class="broadcast-blue"><strong>[Gen 9] OU is currently suspecting Tera Blast! For information on how to participate check out the <a href="https://www.smogon.com/tools/suspects/view/200">suspect thread</a>.</strong></div>
|j|☆vbryantv
|j|☆ur so nasty
|t:|1776046578
|gametype|singles
|player|p1|vbryantv|marlon|1110
|player|p2|ur so nasty|blue|1104
|gen|9
|tier|[Gen 9] OU
|rated|
|rule|HP Percentage Mod: HP is shown in percentages
|rule|Endless Battle Clause: Forcing endless battles is banned
|rule|Species Clause: Limit one of each Pokémon
|rule|OHKO Clause: OHKO moves are banned
|rule|Evasion Items Clause: Evasion items are banned
|rule|Evasion Moves Clause: Evasion moves are banned
|rule|Evasion Abilities Clause: Evasion abilities are banned
|rule|Sleep Moves Clause: Sleep-inducing moves are banned
|clearpoke
|poke|p1|Pelipper, M|
|poke|p1|Barraskewda, M|
|poke|p1|Kingdra, M|
|poke|p1|Zapdos|
|poke|p1|Great Tusk|
|poke|p1|Corviknight, F|
|poke|p2|Excadrill, M|
|poke|p2|Tyranitar, M|
|poke|p2|Glimmora, F|
|poke|p2|Rillaboom, M|
|poke|p2|Zapdos|
|poke|p2|Hydreigon, M|
|teampreview
|
|t:|1776046585
|teamsize|p1|6
|teamsize|p2|6
|start
|switch|p1a: Barraskewda|Barraskewda, M|100/100
|switch|p2a: Glimmora|Glimmora, F|100/100
|turn|1
|inactive|Battle timer is ON: inactive players will automatically lose when time's up. (requested by vbryantv)
|
|t:|1776046595
|move|p1a: Barraskewda|Aqua Jet|p2a: Glimmora
|-supereffective|p2a: Glimmora
|-damage|p2a: Glimmora|18/100
|-activate|p2a: Glimmora|ability: Toxic Debris
|-sidestart|p1: vbryantv|move: Toxic Spikes
|move|p2a: Glimmora|Stealth Rock|p1a: Barraskewda
|-sidestart|p1: vbryantv|move: Stealth Rock
|
|upkeep
|turn|2
|
|t:|1776046606
|move|p1a: Barraskewda|Aqua Jet|p2a: Glimmora
|-supereffective|p2a: Glimmora
|-damage|p2a: Glimmora|0 fnt
|-activate|p2a: Glimmora|ability: Toxic Debris
|-sidestart|p1: vbryantv|move: Toxic Spikes
|faint|p2a: Glimmora
|
|upkeep
|
|t:|1776046611
|switch|p2a: Rillaboom|Rillaboom, M|100/100
|-fieldstart|move: Grassy Terrain|[from] ability: Grassy Surge|[of] p2a: Rillaboom
|turn|3
|
|t:|1776046618
|switch|p1a: Corviknight|Corviknight, F|100/100
|-damage|p1a: Corviknight|88/100|[from] Stealth Rock
|-ability|p1a: Corviknight|Pressure
|move|p2a: Rillaboom|Grassy Glide|p1a: Corviknight
|-resisted|p1a: Corviknight
|-damage|p1a: Corviknight|81/100
|-damage|p2a: Rillaboom|84/100|[from] item: Rocky Helmet|[of] p1a: Corviknight
|
|-heal|p2a: Rillaboom|90/100|[from] Grassy Terrain
|upkeep
|turn|4
|
|t:|1776046630
|switch|p2a: Tyranitar|Tyranitar, M|100/100
|-weather|Sandstorm|[from] ability: Sand Stream|[of] p2a: Tyranitar
|move|p1a: Corviknight|Defog|p2a: Tyranitar
|-unboost|p2a: Tyranitar|evasion|1
|-sideend|p1: vbryantv|Toxic Spikes|[from] move: Defog|[of] p1a: Corviknight
|-sideend|p1: vbryantv|Stealth Rock|[from] move: Defog|[of] p1a: Corviknight
|-fieldend|move: Grassy Terrain
|
|-weather|Sandstorm|[upkeep]
|upkeep
|turn|5
|
|t:|1776046659
|switch|p1a: Barraskewda|Barraskewda, M|100/100
|move|p2a: Tyranitar|Knock Off|p1a: Barraskewda
|-damage|p1a: Barraskewda|17/100
|-enditem|p1a: Barraskewda|Choice Band|[from] move: Knock Off|[of] p2a: Tyranitar
|
|-weather|Sandstorm|[upkeep]
|-damage|p1a: Barraskewda|11/100|[from] Sandstorm
|upkeep
|turn|6
|
|t:|1776046678
|switch|p2a: Rillaboom|Rillaboom, M|90/100
|-fieldstart|move: Grassy Terrain|[from] ability: Grassy Surge|[of] p2a: Rillaboom
|move|p1a: Barraskewda|Close Combat|p2a: Rillaboom
|-damage|p2a: Rillaboom|51/100
|-unboost|p1a: Barraskewda|def|1
|-unboost|p1a: Barraskewda|spd|1
|
|-weather|Sandstorm|[upkeep]
|-damage|p1a: Barraskewda|5/100|[from] Sandstorm
|-damage|p2a: Rillaboom|45/100|[from] Sandstorm
|-heal|p1a: Barraskewda|11/100|[from] Grassy Terrain
|-heal|p2a: Rillaboom|51/100|[from] Grassy Terrain
|upkeep
|turn|7
|inactive|vbryantv has 120 seconds left.
|
|t:|1776046694
|move|p2a: Rillaboom|Grassy Glide|p1a: Barraskewda
|-supereffective|p1a: Barraskewda
|-crit|p1a: Barraskewda
|-damage|p1a: Barraskewda|0 fnt
|faint|p1a: Barraskewda
|
|-weather|Sandstorm|[upkeep]
|-damage|p2a: Rillaboom|45/100|[from] Sandstorm
|-heal|p2a: Rillaboom|51/100|[from] Grassy Terrain
|upkeep
|inactive|vbryantv has 120 seconds left.
|
|t:|1776046704
|switch|p1a: Pelipper|Pelipper, M|100/100
|-weather|RainDance|[from] ability: Drizzle|[of] p1a: Pelipper
|turn|8
|inactive|vbryantv has 120 seconds left.
|
|t:|1776046717
|switch|p2a: Zapdos|Zapdos|100/100
|move|p1a: Pelipper|Hurricane|p2a: Zapdos
|-resisted|p2a: Zapdos
|-damage|p2a: Zapdos|83/100
|
|-weather|RainDance|[upkeep]
|upkeep
|turn|9
|inactive|vbryantv has 120 seconds left.
|
|t:|1776046739
|switch|p1a: Great Tusk|Great Tusk|100/100
|move|p2a: Zapdos|Thunder Wave|p1a: Great Tusk
|-immune|p1a: Great Tusk
|
|-weather|RainDance|[upkeep]
|upkeep
|turn|10
|
|t:|1776046748
|move|p1a: Great Tusk|Ice Spinner|p2a: Zapdos
|-supereffective|p2a: Zapdos
|-damage|p2a: Zapdos|51/100
|-fieldend|move: Grassy Terrain
|move|p2a: Zapdos|Hurricane|p1a: Great Tusk
|-supereffective|p1a: Great Tusk
|-damage|p1a: Great Tusk|0 fnt
|faint|p1a: Great Tusk
|-end|p1a: Great Tusk|Protosynthesis|[silent]
|
|-weather|RainDance|[upkeep]
|upkeep
|
|t:|1776046764
|switch|p1a: Kingdra|Kingdra, M|100/100
|turn|11
|
|t:|1776046775
|switch|p2a: Rillaboom|Rillaboom, M|51/100
|-fieldstart|move: Grassy Terrain|[from] ability: Grassy Surge|[of] p2a: Rillaboom
|move|p1a: Kingdra|Draco Meteor|p2a: Rillaboom
|-damage|p2a: Rillaboom|0 fnt
|-unboost|p1a: Kingdra|spa|2
|faint|p2a: Rillaboom
|
|-weather|RainDance|[upkeep]
|upkeep
|
|t:|1776046790
|switch|p2a: Zapdos|Zapdos|51/100
|turn|12
|
|t:|1776046805
|switch|p1a: Zapdos|Zapdos|100/100
|-terastallize|p2a: Zapdos|Steel
|move|p2a: Zapdos|Thunder Wave|p1a: Zapdos
|-immune|p1a: Zapdos
|
|-weather|RainDance|[upkeep]
|-heal|p2a: Zapdos|57/100|[from] Grassy Terrain
|upkeep
|turn|13
|
|t:|1776046817
|move|p1a: Zapdos|Thunder|p2a: Zapdos
|-damage|p2a: Zapdos|0 fnt
|faint|p2a: Zapdos
|
|-weather|RainDance|[upkeep]
|upkeep
|
|t:|1776046836
|switch|p2a: Tyranitar|Tyranitar, M|100/100
|-weather|Sandstorm|[from] ability: Sand Stream|[of] p2a: Tyranitar
|turn|14
|inactive|ur so nasty has 120 seconds left.
|
|t:|1776046864
|move|p1a: Zapdos|Volt Switch|p2a: Tyranitar
|-damage|p2a: Tyranitar|85/100
|
|t:|1776046872
|switch|p1a: Pelipper|Pelipper, M|100/100|[from] Volt Switch
|-weather|RainDance|[from] ability: Drizzle|[of] p1a: Pelipper
|move|p2a: Tyranitar|Ice Beam|p1a: Pelipper
|-damage|p1a: Pelipper|72/100
|
|-weather|RainDance|[upkeep]
|-heal|p2a: Tyranitar|92/100|[from] Grassy Terrain
|upkeep
|turn|15
|inactive|ur so nasty has 120 seconds left.
|
|t:|1776046890
|move|p1a: Pelipper|Hurricane|p2a: Tyranitar
|-resisted|p2a: Tyranitar
|-damage|p2a: Tyranitar|80/100
|-start|p2a: Tyranitar|confusion
|-activate|p2a: Tyranitar|confusion
|move|p2a: Tyranitar|Ice Beam|p1a: Pelipper
|-damage|p1a: Pelipper|43/100
|
|-weather|RainDance|[upkeep]
|-heal|p2a: Tyranitar|86/100|[from] Grassy Terrain
|-fieldend|move: Grassy Terrain
|upkeep
|turn|16
|inactive|ur so nasty has 120 seconds left.
|
|t:|1776046903
|move|p1a: Pelipper|Surf|p2a: Tyranitar
|-supereffective|p2a: Tyranitar
|-damage|p2a: Tyranitar|25/100
|-activate|p2a: Tyranitar|confusion
|-damage|p2a: Tyranitar|16/100|[from] confusion
|
|-weather|RainDance|[upkeep]
|upkeep
|turn|17
|inactive|ur so nasty has 120 seconds left.
|
|t:|1776046915
|switch|p2a: Hydreigon|Hydreigon, M|100/100
|move|p1a: Pelipper|Surf|p2a: Hydreigon
|-resisted|p2a: Hydreigon
|-damage|p2a: Hydreigon|73/100
|
|-weather|RainDance|[upkeep]
|upkeep
|turn|18
|inactive|ur so nasty has 120 seconds left.
|
|t:|1776046927
|move|p2a: Hydreigon|Dark Pulse|p1a: Pelipper
|-damage|p1a: Pelipper|0 fnt
|faint|p1a: Pelipper
|
|-weather|RainDance|[upkeep]
|upkeep
|
|t:|1776046934
|switch|p1a: Kingdra|Kingdra, M|100/100
|turn|19
|inactive|ur so nasty has 120 seconds left.
|
|t:|1776046953
|switch|p2a: Tyranitar|Tyranitar, M|16/100
|-weather|Sandstorm|[from] ability: Sand Stream|[of] p2a: Tyranitar
|move|p1a: Kingdra|Dragon Pulse|p2a: Tyranitar
|-damage|p2a: Tyranitar|0 fnt
|faint|p2a: Tyranitar
|
|-weather|Sandstorm|[upkeep]
|-damage|p1a: Kingdra|94/100|[from] Sandstorm
|upkeep
|
|t:|1776046962
|switch|p2a: Hydreigon|Hydreigon, M|73/100
|turn|20
|
|t:|1776046965
|move|p2a: Hydreigon|Draco Meteor|p1a: Kingdra
|-supereffective|p1a: Kingdra
|-damage|p1a: Kingdra|0 fnt
|-unboost|p2a: Hydreigon|spa|2
|faint|p1a: Kingdra
|
|-weather|Sandstorm|[upkeep]
|-damage|p2a: Hydreigon|67/100|[from] Sandstorm
|upkeep
|
|t:|1776046974
|switch|p1a: Zapdos|Zapdos|100/100
|turn|21
|
|t:|1776046977
|switch|p2a: Excadrill|Excadrill, M|100/100
|-item|p2a: Excadrill|Air Balloon
|move|p1a: Zapdos|Thunder|p2a: Excadrill
|-immune|p2a: Excadrill
|
|-weather|Sandstorm|[upkeep]
|-damage|p1a: Zapdos|94/100|[from] Sandstorm
|upkeep
|turn|22
|
|t:|1776046996
|switch|p1a: Corviknight|Corviknight, F|81/100
|-ability|p1a: Corviknight|Pressure
|move|p2a: Excadrill|Swords Dance|p2a: Excadrill
|-boost|p2a: Excadrill|atk|2
|
|-weather|Sandstorm|[upkeep]
|upkeep
|turn|23
|
|t:|1776047007
|move|p2a: Excadrill|Rock Slide|p1a: Corviknight|[miss]
|-miss|p2a: Excadrill|p1a: Corviknight
|move|p1a: Corviknight|Iron Defense|p1a: Corviknight
|-boost|p1a: Corviknight|def|2
|
|-weather|Sandstorm|[upkeep]
|upkeep
|turn|24
|
|t:|1776047014
|move|p2a: Excadrill|Rock Slide|p1a: Corviknight
|-damage|p1a: Corviknight|56/100
|move|p1a: Corviknight|Iron Defense|p1a: Corviknight
|-boost|p1a: Corviknight|def|2
|
|-weather|Sandstorm|[upkeep]
|upkeep
|turn|25
|
|t:|1776047020
|move|p2a: Excadrill|Swords Dance|p2a: Excadrill
|-boost|p2a: Excadrill|atk|2
|move|p1a: Corviknight|Body Press|p2a: Excadrill
|-supereffective|p2a: Excadrill
|-damage|p2a: Excadrill|0 fnt
|-enditem|p2a: Excadrill|Air Balloon
|faint|p2a: Excadrill
|
|-weather|Sandstorm|[upkeep]
|upkeep
|
|t:|1776047026
|switch|p2a: Hydreigon|Hydreigon, M|67/100
|turn|26
|c|☆ur so nasty|gg
|
|t:|1776047037
|-terastallize|p1a: Corviknight|Fighting
|move|p2a: Hydreigon|Dark Pulse|p1a: Corviknight
|-resisted|p1a: Corviknight
|-damage|p1a: Corviknight|36/100
|move|p1a: Corviknight|Body Press|p2a: Hydreigon
|-supereffective|p2a: Hydreigon
|-damage|p2a: Hydreigon|0 fnt
|faint|p2a: Hydreigon
|
|win|vbryantv
|raw|vbryantv's rating: 1110 &rarr; <strong>1135</strong><br />(+25 for winning)
|raw|ur so nasty's rating: 1104 &rarr; <strong>1079</strong><br />(-25 for losing)
|l|☆ur so nasty
|player|p2|
|c|☆vbryantv|gg
