|html|<div class="broadcast-blue"><strong>[Gen 9] OU is currently suspecting Tera Blast! For information on how to participate check out the <a href="https://www.smogon.com/tools/suspects/view/200">suspect thread</a>.</strong></div>
|badge|p2|silver|gen9ou|30-9
|uhtml|medal-msg|<div class="broadcast-blue">Curious what those medals under the avatar are? PS now has Ladder Seasons! For more information, check out the <a href="https://www.smogon.com/forums/threads/3740067/">thread on Smogon.</a></div>
|j|☆drop a baby
|j|☆sv gurt
|t:|1776034089
|gametype|singles
|player|p1|drop a baby|chase|1763
|player|p2|sv gurt|bugsy-masters|1846
|gen|9
|tier|[Gen 9] OU
|rated|
|rule|HP Percentage Mod: HP is shown in percentages
|rule|Endless Battle Clause: Forcing endless battles is banned
|rule|Species Clause: Limit one of each Pokémon
|rule|OHKO Clause: OHKO moves are banned
|rule|Evasion Items Clause: Evasion items are banned
|rule|Evasion Moves Clause: Evasion moves are banned
|rule|Evasion Abilities Clause: Evasion abilities are banned
|rule|Sleep Moves Clause: Sleep-inducing moves are banned
|clearpoke
|poke|p1|Darkrai|
|poke|p1|Deoxys-Speed|
|poke|p1|Raging Bolt|
|poke|p1|Kingambit, M|
|poke|p1|Iron Valiant|
|poke|p1|Great Tusk|
|poke|p2|Samurott-Hisui, M|
|poke|p2|Hoopa-Unbound|
|poke|p2|Dragonite, M|
|poke|p2|Dragapult, F|
|poke|p2|Scizor, M|
|poke|p2|Kingambit, F|
|teampreview
|c|☆drop a baby|Hf sv gurt
|j| loen_64
|inactive|Battle timer is ON: inactive players will automatically lose when time's up. (requested by drop a baby)
|
|t:|1776034115
|teamsize|p1|6
|teamsize|p2|6
|start
|switch|p1a: Hito no mi Model⚡️|Raging Bolt|100/100
|switch|p2a: SWAGGED OFF A PILL|Dragapult, F|100/100
|-enditem|p1a: Hito no mi Model⚡️|Booster Energy
|-activate|p1a: Hito no mi Model⚡️|ability: Protosynthesis|[fromitem]
|-start|p1a: Hito no mi Model⚡️|protosynthesisspa
|turn|1
|c|☆sv gurt|hf
|j| Vicillo03
|
|t:|1776034126
|-end|p1a: Hito no mi Model⚡️|Protosynthesis|[silent]
|switch|p1a: 🎭|Iron Valiant, shiny|100/100
|-enditem|p1a: 🎭|Booster Energy
|-activate|p1a: 🎭|ability: Quark Drive|[fromitem]
|-start|p1a: 🎭|quarkdrivespe
|move|p2a: SWAGGED OFF A PILL|Draco Meteor|p1a: 🎭
|-immune|p1a: 🎭
|
|upkeep
|turn|2
|
|t:|1776034138
|-end|p1a: 🎭|Quark Drive|[silent]
|switch|p1a: BROTD|Great Tusk, shiny|100/100
|-enditem|p1a: BROTD|Booster Energy
|-activate|p1a: BROTD|ability: Protosynthesis|[fromitem]
|-start|p1a: BROTD|protosynthesisspe
|move|p2a: SWAGGED OFF A PILL|Thunder Wave|p1a: BROTD
|-immune|p1a: BROTD
|
|upkeep
|turn|3
|
|t:|1776034144
|move|p1a: BROTD|Taunt|p2a: SWAGGED OFF A PILL
|-start|p2a: SWAGGED OFF A PILL|move: Taunt
|cant|p2a: SWAGGED OFF A PILL|move: Taunt|Will-O-Wisp
|
|upkeep
|turn|4
|
|t:|1776034153
|switch|p2a: ROTTEN $AM|Samurott-Hisui, M|100/100
|move|p1a: BROTD|Headlong Rush|p2a: ROTTEN $AM
|-damage|p2a: ROTTEN $AM|29/100
|-unboost|p1a: BROTD|def|1
|-unboost|p1a: BROTD|spd|1
|
|upkeep
|turn|5
|
|t:|1776034156
|move|p1a: BROTD|Headlong Rush|p2a: ROTTEN $AM
|-damage|p2a: ROTTEN $AM|0 fnt
|-unboost|p1a: BROTD|def|1
|-unboost|p1a: BROTD|spd|1
|faint|p2a: ROTTEN $AM
|
|upkeep
|
|t:|1776034165
|switch|p2a: 6RACKSONMYWRISTS|Hoopa-Unbound|100/100
|turn|6
|
|t:|1776034174
|move|p1a: BROTD|Headlong Rush|p2a: 6RACKSONMYWRISTS
|-damage|p2a: 6RACKSONMYWRISTS|31/100
|-unboost|p1a: BROTD|def|1
|-unboost|p1a: BROTD|spd|1
|move|p2a: 6RACKSONMYWRISTS|Psychic Noise|p1a: BROTD
|-supereffective|p1a: BROTD
|-damage|p1a: BROTD|0 fnt
|faint|p1a: BROTD
|-end|p1a: BROTD|Protosynthesis|[silent]
|
|-heal|p2a: 6RACKSONMYWRISTS|37/100|[from] item: Leftovers
|upkeep
|
|t:|1776034178
|switch|p1a: Hito no mi Model⚡️|Raging Bolt|100/100
|turn|7
|
|t:|1776034190
|move|p1a: Hito no mi Model⚡️|Thunderbolt|p2a: 6RACKSONMYWRISTS
|-damage|p2a: 6RACKSONMYWRISTS|0 fnt
|faint|p2a: 6RACKSONMYWRISTS
|
|upkeep
|
|t:|1776034193
|switch|p2a: SWAGGED OFF A PILL|Dragapult, F|100/100
|turn|8
|
|t:|1776034197
|-end|p1a: Hito no mi Model⚡️|Protosynthesis|[silent]
|switch|p1a: 🎭|Iron Valiant, shiny|100/100
|move|p2a: SWAGGED OFF A PILL|Draco Meteor|p1a: 🎭
|-immune|p1a: 🎭
|
|upkeep
|turn|9
|
|t:|1776034202
|move|p2a: SWAGGED OFF A PILL|Thunder Wave|p1a: 🎭
|-status|p1a: 🎭|par
|move|p1a: 🎭|Moonblast|p2a: SWAGGED OFF A PILL
|-supereffective|p2a: SWAGGED OFF A PILL
|-enditem|p2a: SWAGGED OFF A PILL|Focus Sash
|-damage|p2a: SWAGGED OFF A PILL|1/100
|-unboost|p2a: SWAGGED OFF A PILL|spa|1
|
|upkeep
|turn|10
|
|t:|1776034205
|switch|p2a: kuwaiti bomb squad|Scizor, M|100/100
|move|p1a: 🎭|Moonblast|p2a: kuwaiti bomb squad
|-resisted|p2a: kuwaiti bomb squad
|-damage|p2a: kuwaiti bomb squad|68/100
|-unboost|p2a: kuwaiti bomb squad|spa|1
|
|upkeep
|turn|11
|
|t:|1776034208
|-end|p1a: 🎭|Quark Drive|[silent]
|switch|p1a: Hito no mi Model⚡️|Raging Bolt|100/100
|move|p2a: kuwaiti bomb squad|Bullet Punch|p1a: Hito no mi Model⚡️
|-resisted|p1a: Hito no mi Model⚡️
|-damage|p1a: Hito no mi Model⚡️|80/100
|
|upkeep
|turn|12
|
|t:|1776034213
|move|p1a: Hito no mi Model⚡️|Thunderbolt|p2a: kuwaiti bomb squad
|-damage|p2a: kuwaiti bomb squad|0 fnt
|faint|p2a: kuwaiti bomb squad
|
|upkeep
|
|t:|1776034216
|switch|p2a: SIR T. FOCUS XVI|Dragonite, M|100/100
|turn|13
|
|t:|1776034222
|move|p2a: SIR T. FOCUS XVI|Outrage|p1a: Hito no mi Model⚡️
|-supereffective|p1a: Hito no mi Model⚡️
|-damage|p1a: Hito no mi Model⚡️|0 fnt
|faint|p1a: Hito no mi Model⚡️
|-end|p1a: Hito no mi Model⚡️|Protosynthesis|[silent]
|-damage|p2a: SIR T. FOCUS XVI|91/100|[from] item: Life Orb
|
|upkeep
|
|t:|1776034225
|switch|p1a: 🎭|Iron Valiant, shiny|100/100 par
|turn|14
|
|t:|1776034242
|move|p2a: SIR T. FOCUS XVI|Outrage|p1a: 🎭|[from] lockedmove
|-immune|p1a: 🎭
|cant|p1a: 🎭|par
|
|upkeep
|turn|15
|
|t:|1776034251
|move|p2a: SIR T. FOCUS XVI|Extreme Speed|p1a: 🎭
|-damage|p1a: 🎭|47/100 par
|-damage|p2a: SIR T. FOCUS XVI|81/100|[from] item: Life Orb
|cant|p1a: 🎭|par
|
|upkeep
|turn|16
|
|t:|1776034257
|move|p2a: SIR T. FOCUS XVI|Extreme Speed|p1a: 🎭
|-damage|p1a: 🎭|0 fnt
|faint|p1a: 🎭
|-end|p1a: 🎭|Quark Drive|[silent]
|-damage|p2a: SIR T. FOCUS XVI|71/100|[from] item: Life Orb
|
|upkeep
|
|t:|1776034263
|switch|p1a: IMU|Darkrai|100/100
|turn|17
|
|t:|1776034276
|move|p2a: SIR T. FOCUS XVI|Extreme Speed|p1a: IMU
|-damage|p1a: IMU|48/100
|-damage|p2a: SIR T. FOCUS XVI|61/100|[from] item: Life Orb
|move|p1a: IMU|Ice Beam|p2a: SIR T. FOCUS XVI
|-supereffective|p2a: SIR T. FOCUS XVI
|-crit|p2a: SIR T. FOCUS XVI
|-damage|p2a: SIR T. FOCUS XVI|0 fnt
|faint|p2a: SIR T. FOCUS XVI
|
|upkeep
|
|t:|1776034278
|switch|p2a: SWAGGED OFF A PILL|Dragapult, F|1/100
|turn|18
|
|t:|1776034280
|switch|p1a: Speedy Gonzales|Deoxys-Speed, shiny|100/100
|-ability|p1a: Speedy Gonzales|Pressure
|move|p2a: SWAGGED OFF A PILL|Draco Meteor|p1a: Speedy Gonzales
|-damage|p1a: Speedy Gonzales|8/100
|-unboost|p2a: SWAGGED OFF A PILL|spa|2
|
|upkeep
|turn|19
|
|t:|1776034283
|switch|p2a: JOHNNY P. CASH|Kingambit, F|100/100
|-activate|p2a: JOHNNY P. CASH|ability: Supreme Overlord
|-start|p2a: JOHNNY P. CASH|fallen4|[silent]
|move|p1a: Speedy Gonzales|Stealth Rock|p2a: JOHNNY P. CASH
|-sidestart|p2: sv gurt|move: Stealth Rock
|
|upkeep
|turn|20
|
|t:|1776034288
|move|p1a: Speedy Gonzales|Taunt|p2a: JOHNNY P. CASH
|-start|p2a: JOHNNY P. CASH|move: Taunt
|move|p2a: JOHNNY P. CASH|Kowtow Cleave|p1a: Speedy Gonzales
|-supereffective|p1a: Speedy Gonzales
|-damage|p1a: Speedy Gonzales|0 fnt
|faint|p1a: Speedy Gonzales
|
|upkeep
|
|t:|1776034292
|switch|p1a: IMU|Darkrai|48/100
|turn|21
|
|t:|1776034296
|-end|p2a: JOHNNY P. CASH|fallen4|[silent]
|switch|p2a: SWAGGED OFF A PILL|Dragapult, F|1/100
|-damage|p2a: SWAGGED OFF A PILL|0 fnt|[from] Stealth Rock
|faint|p2a: SWAGGED OFF A PILL
|move|p1a: IMU|Nasty Plot|p1a: IMU
|-boost|p1a: IMU|spa|2
|
|upkeep
|l| Vicillo03
|
|t:|1776034298
|switch|p2a: JOHNNY P. CASH|Kingambit, F|100/100
|-damage|p2a: JOHNNY P. CASH|94/100|[from] Stealth Rock
|-activate|p2a: JOHNNY P. CASH|ability: Supreme Overlord
|-start|p2a: JOHNNY P. CASH|fallen5|[silent]
|turn|22
|
|t:|1776034300
|move|p2a: JOHNNY P. CASH|Sucker Punch|p1a: IMU
|-resisted|p1a: IMU
|-damage|p1a: IMU|5/100
|move|p1a: IMU|Dark Pulse|p2a: JOHNNY P. CASH
|-resisted|p2a: JOHNNY P. CASH
|-damage|p2a: JOHNNY P. CASH|55/100
|
|-heal|p2a: JOHNNY P. CASH|62/100|[from] item: Leftovers
|upkeep
|turn|23
|
|t:|1776034304
|move|p1a: IMU|Dark Pulse|p2a: JOHNNY P. CASH
|-resisted|p2a: JOHNNY P. CASH
|-damage|p2a: JOHNNY P. CASH|18/100
|move|p2a: JOHNNY P. CASH|Swords Dance|p2a: JOHNNY P. CASH
|-boost|p2a: JOHNNY P. CASH|atk|2
|
|-heal|p2a: JOHNNY P. CASH|24/100|[from] item: Leftovers
|upkeep
|turn|24
|
|t:|1776034307
|move|p2a: JOHNNY P. CASH|Sucker Punch|p1a: IMU
|-resisted|p1a: IMU
|-damage|p1a: IMU|0 fnt
|faint|p1a: IMU
|
|-heal|p2a: JOHNNY P. CASH|30/100|[from] item: Leftovers
|upkeep
|
|t:|1776034308
|switch|p1a: Mihawk|Kingambit, M|100/100
|-activate|p1a: Mihawk|ability: Supreme Overlord
|-start|p1a: Mihawk|fallen5|[silent]
|turn|25
|
|t:|1776034310
|-terastallize|p1a: Mihawk|Dark
|-terastallize|p2a: JOHNNY P. CASH|Fairy
|move|p1a: Mihawk|Sucker Punch|p2a: JOHNNY P. CASH
|-resisted|p2a: JOHNNY P. CASH
|-damage|p2a: JOHNNY P. CASH|0 fnt
|faint|p2a: JOHNNY P. CASH
|-end|p2a: JOHNNY P. CASH|fallen5|[silent]
|
|win|drop a baby
|raw|drop a baby's rating: 1763 &rarr; <strong>1788</strong><br />(+25 for winning)
|raw|sv gurt's rating: 1856 &rarr; <strong>1831</strong><br />(-25 for losing)
|l|☆sv gurt
|player|p2|
|l|☆drop a baby
|player|p1|
|l| loen_64
