|html|<div class="broadcast-blue"><strong>[Gen 9] OU is currently suspecting Tera Blast! For information on how to participate check out the <a href="https://www.smogon.com/tools/suspects/view/200">suspect thread</a>.</strong></div>
|j|☆alandopao
|j|☆BLK DG
|t:|1776302100
|gametype|singles
|player|p1|alandopao|roxie|1047
|player|p2|BLK DG|irida|1043
|gen|9
|tier|[Gen 9] OU
|rated|
|rule|HP Percentage Mod: HP is shown in percentages
|rule|Endless Battle Clause: Forcing endless battles is banned
|rule|Species Clause: Limit one of each Pokémon
|rule|OHKO Clause: OHKO moves are banned
|rule|Evasion Items Clause: Evasion items are banned
|rule|Evasion Moves Clause: Evasion moves are banned
|rule|Evasion Abilities Clause: Evasion abilities are banned
|rule|Sleep Moves Clause: Sleep-inducing moves are banned
|clearpoke
|poke|p1|Clefable, F|
|poke|p1|Jirachi|
|poke|p1|Cinccino, F|
|poke|p1|Forretress, M|
|poke|p1|Carbink|
|poke|p1|Pawmot, M|
|poke|p2|Mew|
|poke|p2|Iron Moth|
|poke|p2|Alomomola, F|
|poke|p2|Quaquaval, M|
|poke|p2|Hawlucha, F|
|poke|p2|Dragonite, F|
|teampreview
|
|t:|1776302107
|teamsize|p1|6
|teamsize|p2|6
|start
|switch|p1a: Testiculo do hiv|Forretress, M|100/100
|switch|p2a: Quaquaval|Quaquaval, M|100/100
|turn|1
|inactive|Battle timer is ON: inactive players will automatically lose when time's up. (requested by BLK DG)
|
|t:|1776302116
|move|p2a: Quaquaval|Aqua Step|p1a: Testiculo do hiv
|-damage|p1a: Testiculo do hiv|71/100
|-boost|p2a: Quaquaval|spe|1
|move|p1a: Testiculo do hiv|Stealth Rock|p2a: Quaquaval
|-sidestart|p2: BLK DG|move: Stealth Rock
|
|-heal|p1a: Testiculo do hiv|77/100|[from] item: Leftovers
|upkeep
|turn|2
|
|t:|1776302125
|move|p2a: Quaquaval|Aqua Step|p1a: Testiculo do hiv
|-damage|p1a: Testiculo do hiv|46/100
|-boost|p2a: Quaquaval|spe|1
|move|p1a: Testiculo do hiv|Spikes|p2a: Quaquaval
|-sidestart|p2: BLK DG|Spikes
|
|-heal|p1a: Testiculo do hiv|52/100|[from] item: Leftovers
|upkeep
|turn|3
|
|t:|1776302137
|move|p2a: Quaquaval|Aqua Step|p1a: Testiculo do hiv
|-damage|p1a: Testiculo do hiv|24/100
|-boost|p2a: Quaquaval|spe|1
|move|p1a: Testiculo do hiv|Sandstorm|p1a: Testiculo do hiv
|-weather|Sandstorm
|
|-weather|Sandstorm|[upkeep]
|-damage|p2a: Quaquaval|94/100|[from] Sandstorm
|-heal|p1a: Testiculo do hiv|30/100|[from] item: Leftovers
|upkeep
|turn|4
|
|t:|1776302159
|move|p2a: Quaquaval|Close Combat|p1a: Testiculo do hiv
|-damage|p1a: Testiculo do hiv|0 fnt
|-unboost|p2a: Quaquaval|def|1
|-unboost|p2a: Quaquaval|spd|1
|faint|p1a: Testiculo do hiv
|-ability|p2a: Quaquaval|Moxie|boost
|-boost|p2a: Quaquaval|atk|1
|
|-weather|Sandstorm|[upkeep]
|-damage|p2a: Quaquaval|88/100|[from] Sandstorm
|upkeep
|
|t:|1776302171
|switch|p1a: Tapa ma piroca|Cinccino, F|100/100
|turn|5
|
|t:|1776302175
|-terastallize|p1a: Tapa ma piroca|Ghost
|move|p2a: Quaquaval|Triple Axel|p1a: Tapa ma piroca
|-damage|p1a: Tapa ma piroca|83/100
|-damage|p1a: Tapa ma piroca|46/100
|-damage|p1a: Tapa ma piroca|0 fnt
|faint|p1a: Tapa ma piroca
|-ability|p2a: Quaquaval|Moxie|boost
|-boost|p2a: Quaquaval|atk|1
|-hitcount|p1: Tapa ma piroca|3
|
|-weather|Sandstorm|[upkeep]
|-damage|p2a: Quaquaval|82/100|[from] Sandstorm
|upkeep
|
|t:|1776302184
|switch|p1a: Black Flash|Jirachi|100/100
|turn|6
|
|t:|1776302191
|move|p2a: Quaquaval|Close Combat|p1a: Black Flash
|-damage|p1a: Black Flash|0 fnt
|-unboost|p2a: Quaquaval|def|1
|-unboost|p2a: Quaquaval|spd|1
|faint|p1a: Black Flash
|-ability|p2a: Quaquaval|Moxie|boost
|-boost|p2a: Quaquaval|atk|1
|
|-weather|Sandstorm|[upkeep]
|-damage|p2a: Quaquaval|76/100|[from] Sandstorm
|upkeep
|
|t:|1776302197
|switch|p1a: Bola gorda|Clefable, F|100/100
|turn|7
|
|t:|1776302200
|move|p2a: Quaquaval|Triple Axel|p1a: Bola gorda
|-damage|p1a: Bola gorda|86/100
|-damage|p1a: Bola gorda|61/100
|-damage|p1a: Bola gorda|19/100
|-hitcount|p1a: Bola gorda|3
|move|p1a: Bola gorda|Cosmic Power|p1a: Bola gorda
|-boost|p1a: Bola gorda|def|1
|-boost|p1a: Bola gorda|spd|1
|
|-weather|none
|-heal|p1a: Bola gorda|25/100|[from] item: Leftovers
|upkeep
|turn|8
|
|t:|1776302210
|move|p2a: Quaquaval|Triple Axel|p1a: Bola gorda
|-damage|p1a: Bola gorda|16/100
|-damage|p1a: Bola gorda|0 fnt
|faint|p1a: Bola gorda
|-ability|p2a: Quaquaval|Moxie|boost
|-boost|p2a: Quaquaval|atk|1
|-hitcount|p1: Bola gorda|2
|
|upkeep
|
|t:|1776302222
|switch|p1a: Cocaina|Carbink|100/100
|turn|9
|
|t:|1776302225
|move|p2a: Quaquaval|Aqua Step|p1a: Cocaina
|-supereffective|p1a: Cocaina
|-damage|p1a: Cocaina|0 fnt
|-boost|p2a: Quaquaval|spe|1
|faint|p1a: Cocaina
|-ability|p2a: Quaquaval|Moxie|boost
|-boost|p2a: Quaquaval|atk|1
|
|upkeep
|
|t:|1776302234
|switch|p1a: Subaru|Pawmot, M|100/100
|turn|10
|
|t:|1776302236
|move|p1a: Subaru|Fake Out|p2a: Quaquaval
|-damage|p2a: Quaquaval|48/100
|cant|p2a: Quaquaval|flinch
|
|upkeep
|turn|11
|
|t:|1776302242
|-terastallize|p2a: Quaquaval|Ground
|move|p2a: Quaquaval|Triple Axel|p1a: Subaru
|-damage|p1a: Subaru|69/100
|-damage|p1a: Subaru|14/100
|-hitcount|p1a: Subaru|2
|move|p1a: Subaru|Nuzzle|p2a: Quaquaval
|-immune|p2a: Quaquaval
|
|upkeep
|turn|12
|-message|alandopao forfeited.
|
|win|BLK DG
|raw|alandopao's rating: 1047 &rarr; <strong>1030</strong><br />(-17 for losing)
|raw|BLK DG's rating: 1043 &rarr; <strong>1077</strong><br />(+34 for winning)
|l|☆alandopao
|player|p1|
