|html|<div class="broadcast-blue"><strong>[Gen 9] OU is currently suspecting Tera Blast! For information on how to participate check out the <a href="https://www.smogon.com/tools/suspects/view/200">suspect thread</a>.</strong></div>
|j|☆vivina_thedrama
|j|☆Bien gay444
|t:|1776053967
|gametype|singles
|player|p1|vivina_thedrama|caitlin|1085
|player|p2|Bien gay444|firebreather|1064
|gen|9
|tier|[Gen 9] OU
|rated|
|rule|HP Percentage Mod: HP is shown in percentages
|rule|Endless Battle Clause: Forcing endless battles is banned
|rule|Species Clause: Limit one of each Pokémon
|rule|OHKO Clause: OHKO moves are banned
|rule|Evasion Items Clause: Evasion items are banned
|rule|Evasion Moves Clause: Evasion moves are banned
|rule|Evasion Abilities Clause: Evasion abilities are banned
|rule|Sleep Moves Clause: Sleep-inducing moves are banned
|clearpoke
|poke|p1|Malamar, M|
|poke|p1|Jirachi|
|poke|p1|Cramorant, F|
|poke|p1|Uxie|
|poke|p1|Blaziken, F|
|poke|p1|Piloswine, F|
|poke|p2|Maushold|
|poke|p2|Gholdengo|
|poke|p2|Great Tusk|
|poke|p2|Dragapult, F|
|poke|p2|Kingambit, F|
|poke|p2|Iron Valiant|
|teampreview
|
|t:|1776053977
|teamsize|p1|6
|teamsize|p2|6
|start
|switch|p1a: Pineapple|Uxie|100/100
|switch|p2a: Nordestinos|Maushold, shiny|100/100
|turn|1
|
|t:|1776053981
|-terastallize|p2a: Nordestinos|Normal
|move|p2a: Nordestinos|Population Bomb|p1a: Pineapple
|-damage|p1a: Pineapple|89/100
|-damage|p1a: Pineapple|78/100
|-damage|p1a: Pineapple|67/100
|-damage|p1a: Pineapple|55/100
|-damage|p1a: Pineapple|43/100
|-damage|p1a: Pineapple|32/100
|-damage|p1a: Pineapple|20/100
|-damage|p1a: Pineapple|8/100
|-damage|p1a: Pineapple|0 fnt
|faint|p1a: Pineapple
|-hitcount|p1: Pineapple|9
|
|upkeep
|
|t:|1776054005
|switch|p1a: Wishing Star|Jirachi|100/100
|turn|2
|
|t:|1776054023
|move|p1a: Wishing Star|Iron Head|p2a: Nordestinos
|-damage|p2a: Nordestinos|45/100
|move|p2a: Nordestinos|Bite|p1a: Wishing Star
|-supereffective|p1a: Wishing Star
|-damage|p1a: Wishing Star|59/100
|
|upkeep
|turn|3
|
|t:|1776054039
|switch|p2a: Safado|Dragapult, F|100/100
|move|p1a: Wishing Star|Iron Head|p2a: Safado
|-damage|p2a: Safado|52/100
|
|upkeep
|turn|4
|
|t:|1776054048
|move|p2a: Safado|Sucker Punch|p1a: Wishing Star
|-supereffective|p1a: Wishing Star
|-damage|p1a: Wishing Star|0 fnt
|faint|p1a: Wishing Star
|
|upkeep
|
|t:|1776054060
|switch|p1a: Mrs. Gulp|Cramorant, F|100/100
|turn|5
|
|t:|1776054066
|move|p2a: Safado|Sucker Punch|p1a: Mrs. Gulp
|-damage|p1a: Mrs. Gulp|31/100
|move|p1a: Mrs. Gulp|Ice Beam|p2a: Safado
|-supereffective|p2a: Safado
|-damage|p2a: Safado|0 fnt
|faint|p2a: Safado
|
|upkeep
|
|t:|1776054078
|switch|p2a: Shogun|Kingambit, F|100/100
|-activate|p2a: Shogun|ability: Supreme Overlord
|-start|p2a: Shogun|fallen1|[silent]
|turn|6
|
|t:|1776054082
|move|p2a: Shogun|Sucker Punch|p1a: Mrs. Gulp
|-damage|p1a: Mrs. Gulp|0 fnt
|faint|p1a: Mrs. Gulp
|
|upkeep
|
|t:|1776054090
|switch|p1a: Blondie|Piloswine, F, shiny|100/100
|turn|7
|
|t:|1776054096
|move|p2a: Shogun|Iron Head|p1a: Blondie
|-supereffective|p1a: Blondie
|-damage|p1a: Blondie|29/100
|move|p1a: Blondie|Curse|p1a: Blondie
|-unboost|p1a: Blondie|spe|1
|-boost|p1a: Blondie|atk|1
|-boost|p1a: Blondie|def|1
|
|upkeep
|turn|8
|
|t:|1776054103
|move|p1a: Blondie|Ice Shard|p2a: Shogun
|-resisted|p2a: Shogun
|-crit|p2a: Shogun
|-damage|p2a: Shogun|86/100
|move|p2a: Shogun|Iron Head|p1a: Blondie
|-supereffective|p1a: Blondie
|-crit|p1a: Blondie
|-damage|p1a: Blondie|0 fnt
|faint|p1a: Blondie
|
|upkeep
|
|t:|1776054107
|switch|p1a: Squidward|Malamar, M|100/100
|turn|9
|
|t:|1776054113
|move|p1a: Squidward|Lunge|p2a: Shogun
|-damage|p2a: Shogun|73/100
|-unboost|p2a: Shogun|atk|1
|move|p2a: Shogun|Swords Dance|p2a: Shogun
|-boost|p2a: Shogun|atk|2
|
|upkeep
|turn|10
|
|t:|1776054123
|move|p1a: Squidward|Lunge|p2a: Shogun
|-damage|p2a: Shogun|60/100
|-unboost|p2a: Shogun|atk|1
|move|p2a: Shogun|Swords Dance|p2a: Shogun
|-boost|p2a: Shogun|atk|2
|
|upkeep
|turn|11
|
|t:|1776054133
|move|p1a: Squidward|Topsy-Turvy|p2a: Shogun
|-invertboost|p2a: Shogun|[from] move: Topsy-Turvy
|move|p2a: Shogun|Kowtow Cleave|p1a: Squidward
|-damage|p1a: Squidward|79/100
|
|-heal|p1a: Squidward|85/100|[from] item: Leftovers
|upkeep
|turn|12
|
|t:|1776054141
|switch|p1a: Sasha|Blaziken, F|100/100
|move|p2a: Shogun|Iron Head|p1a: Sasha
|-resisted|p1a: Sasha
|-damage|p1a: Sasha|80/100
|
|upkeep
|turn|13
|
|t:|1776054153
|move|p1a: Sasha|Swords Dance|p1a: Sasha
|-boost|p1a: Sasha|atk|2
|move|p2a: Shogun|Iron Head|p1a: Sasha
|-resisted|p1a: Sasha
|-damage|p1a: Sasha|59/100
|
|-ability|p1a: Sasha|Speed Boost|boost
|-boost|p1a: Sasha|spe|1
|upkeep
|turn|14
|
|t:|1776054163
|-end|p2a: Shogun|fallen1|[silent]
|switch|p2a: Buster gold|Gholdengo|100/100
|move|p1a: Sasha|Swords Dance|p1a: Sasha
|-boost|p1a: Sasha|atk|2
|
|-ability|p1a: Sasha|Speed Boost|boost
|-boost|p1a: Sasha|spe|1
|upkeep
|turn|15
|
|t:|1776054170
|switch|p1a: Squidward|Malamar, M|85/100
|move|p2a: Buster gold|Shadow Ball|p1a: Squidward
|-damage|p1a: Squidward|12/100
|
|-heal|p1a: Squidward|19/100|[from] item: Leftovers
|upkeep
|turn|16
|
|t:|1776054176
|move|p2a: Buster gold|Shadow Ball|p1a: Squidward
|-damage|p1a: Squidward|0 fnt
|faint|p1a: Squidward
|
|upkeep
|l|☆vivina_thedrama
|player|p1|
|inactive|Battle timer is ON: inactive players will automatically lose when time's up. (requested by Bien gay444)
|inactive|vivina_thedrama has 30 seconds to reconnect!
|inactive|vivina_thedrama has 20 seconds to reconnect!
|inactive|vivina_thedrama has 15 seconds to reconnect!
|inactive|vivina_thedrama has 10 seconds to reconnect!
|inactive|vivina_thedrama has 5 seconds to reconnect!
|-message|vivina_thedrama lost due to inactivity.
|
|win|Bien gay444
|raw|vivina_thedrama's rating: 1085 &rarr; <strong>1061</strong><br />(-24 for losing)
|raw|Bien gay444's rating: 1064 &rarr; <strong>1096</strong><br />(+32 for winning)
|l|☆Bien gay444
|player|p2|
