|html|<div class="broadcast-blue"><strong>[Gen 9] OU is currently suspecting Tera Blast! For information on how to participate check out the <a href="https://www.smogon.com/tools/suspects/view/200">suspect thread</a>.</strong></div>
|j|☆Fitis3
|j|☆g.dini
|t:|1776064375
|gametype|singles
|player|p1|Fitis3|170|1189
|player|p2|g.dini|102|1210
|gen|9
|tier|[Gen 9] OU
|rated|
|rule|HP Percentage Mod: HP is shown in percentages
|rule|Endless Battle Clause: Forcing endless battles is banned
|rule|Species Clause: Limit one of each Pokémon
|rule|OHKO Clause: OHKO moves are banned
|rule|Evasion Items Clause: Evasion items are banned
|rule|Evasion Moves Clause: Evasion moves are banned
|rule|Evasion Abilities Clause: Evasion abilities are banned
|rule|Sleep Moves Clause: Sleep-inducing moves are banned
|clearpoke
|poke|p1|Gliscor, F|
|poke|p1|Gholdengo|
|poke|p1|Great Tusk|
|poke|p1|Dragonite, F|
|poke|p1|Tyranitar, M|
|poke|p1|Iron Valiant|
|poke|p2|Ditto|
|poke|p2|Slowking-Galar, M|
|poke|p2|Clefable, M|
|poke|p2|Darkrai|
|poke|p2|Mandibuzz, F|
|poke|p2|Chansey, F|
|teampreview
|j| endeng
|
|t:|1776064393
|teamsize|p1|6
|teamsize|p2|6
|start
|switch|p1a: Gholdengo|Gholdengo|100/100
|switch|p2a: Darkrai|Darkrai|100/100
|turn|1
|
|t:|1776064400
|-terastallize|p2a: Darkrai|Dark
|move|p1a: Gholdengo|Trick|p2a: Darkrai
|-activate|p1a: Gholdengo|move: Trick|[of] p2a: Darkrai
|-item|p2a: Darkrai|Choice Scarf|[from] move: Trick
|-item|p1a: Gholdengo|Choice Specs|[from] move: Trick
|move|p2a: Darkrai|Dark Pulse|p1a: Gholdengo
|-supereffective|p1a: Gholdengo
|-damage|p1a: Gholdengo|0 fnt
|faint|p1a: Gholdengo
|
|upkeep
|
|t:|1776064408
|switch|p1a: Great Tusk|Great Tusk|100/100
|turn|2
|
|t:|1776064412
|switch|p2a: Slowking|Slowking-Galar, M|100/100
|move|p1a: Great Tusk|Stealth Rock|p2a: Slowking
|-sidestart|p2: g.dini|move: Stealth Rock
|
|upkeep
|turn|3
|
|t:|1776064418
|move|p1a: Great Tusk|Knock Off|p2a: Slowking
|-supereffective|p2a: Slowking
|-damage|p2a: Slowking|58/100
|-enditem|p2a: Slowking|Leftovers|[from] move: Knock Off|[of] p1a: Great Tusk
|move|p2a: Slowking|Toxic Spikes|p1a: Great Tusk
|-sidestart|p1: Fitis3|move: Toxic Spikes
|
|upkeep
|turn|4
|
|t:|1776064430
|move|p1a: Great Tusk|Earthquake|p2a: Slowking
|-supereffective|p2a: Slowking
|-crit|p2a: Slowking
|-damage|p2a: Slowking|0 fnt
|faint|p2a: Slowking
|
|upkeep
|
|t:|1776064435
|switch|p2a: Darkrai|Darkrai, tera:Dark|100/100
|-damage|p2a: Darkrai|88/100|[from] Stealth Rock
|turn|5
|
|t:|1776064439
|-end|p1a: Great Tusk|Protosynthesis|[silent]
|switch|p1a: Tyranitar|Tyranitar, M|100/100
|-status|p1a: Tyranitar|psn
|-weather|Sandstorm|[from] ability: Sand Stream|[of] p1a: Tyranitar
|move|p2a: Darkrai|Ice Beam|p1a: Tyranitar
|-damage|p1a: Tyranitar|89/100 psn
|
|-weather|Sandstorm|[upkeep]
|-damage|p2a: Darkrai|82/100|[from] Sandstorm
|-damage|p1a: Tyranitar|76/100 psn|[from] psn
|upkeep
|turn|6
|
|t:|1776064450
|switch|p2a: Mandibuzz|Mandibuzz, F|100/100
|-damage|p2a: Mandibuzz|75/100|[from] Stealth Rock
|move|p1a: Tyranitar|Stone Edge|p2a: Mandibuzz|[miss]
|-miss|p1a: Tyranitar|p2a: Mandibuzz
|
|-weather|Sandstorm|[upkeep]
|-heal|p2a: Mandibuzz|82/100|[from] item: Leftovers
|-damage|p1a: Tyranitar|64/100 psn|[from] psn
|upkeep
|turn|7
|inactive|Battle timer is ON: inactive players will automatically lose when time's up. (requested by Fitis3)
|
|t:|1776064459
|move|p2a: Mandibuzz|Defog|p1a: Tyranitar
|-unboost|p1a: Tyranitar|evasion|1
|-sideend|p1: Fitis3|Toxic Spikes|[from] move: Defog|[of] p2a: Mandibuzz
|-sideend|p2: g.dini|Stealth Rock|[from] move: Defog|[of] p2a: Mandibuzz
|move|p1a: Tyranitar|Stone Edge|p2a: Mandibuzz|[miss]
|-miss|p1a: Tyranitar|p2a: Mandibuzz
|
|-weather|Sandstorm|[upkeep]
|-heal|p2a: Mandibuzz|88/100|[from] item: Leftovers
|-damage|p1a: Tyranitar|52/100 psn|[from] psn
|upkeep
|turn|8
|
|t:|1776064470
|move|p2a: Mandibuzz|Knock Off|p1a: Tyranitar
|-resisted|p1a: Tyranitar
|-damage|p1a: Tyranitar|43/100 psn
|-enditem|p1a: Tyranitar|Assault Vest|[from] move: Knock Off|[of] p2a: Mandibuzz
|move|p1a: Tyranitar|Stone Edge|p2a: Mandibuzz
|-supereffective|p2a: Mandibuzz
|-damage|p2a: Mandibuzz|36/100
|
|-weather|Sandstorm|[upkeep]
|-heal|p2a: Mandibuzz|42/100|[from] item: Leftovers
|-damage|p1a: Tyranitar|30/100 psn|[from] psn
|upkeep
|turn|9
|
|t:|1776064481
|switch|p1a: Iron Valiant|Iron Valiant|100/100
|move|p2a: Mandibuzz|Roost|p2a: Mandibuzz
|-heal|p2a: Mandibuzz|92/100
|-singleturn|p2a: Mandibuzz|move: Roost
|
|-weather|none
|-heal|p2a: Mandibuzz|99/100|[from] item: Leftovers
|upkeep
|turn|10
|
|t:|1776064494
|switch|p2a: Chansey|Chansey, F|100/100
|move|p1a: Iron Valiant|Moonblast|p2a: Chansey
|-damage|p2a: Chansey|82/100
|-damage|p1a: Iron Valiant|91/100|[from] item: Life Orb
|
|upkeep
|turn|11
|
|t:|1776064502
|move|p1a: Iron Valiant|Close Combat|p2a: Chansey
|-supereffective|p2a: Chansey
|-damage|p2a: Chansey|0 fnt
|-unboost|p1a: Iron Valiant|def|1
|-unboost|p1a: Iron Valiant|spd|1
|faint|p2a: Chansey
|-damage|p1a: Iron Valiant|81/100|[from] item: Life Orb
|
|upkeep
|
|t:|1776064509
|switch|p2a: Clefable|Clefable, M|100/100
|turn|12
|
|t:|1776064524
|move|p1a: Iron Valiant|Moonblast|p2a: Clefable
|-damage|p2a: Clefable|61/100
|-damage|p1a: Iron Valiant|71/100|[from] item: Life Orb
|move|p2a: Clefable|Stealth Rock|p1a: Iron Valiant
|-sidestart|p1: Fitis3|move: Stealth Rock
|
|-heal|p2a: Clefable|67/100|[from] item: Leftovers
|upkeep
|turn|13
|c|☆g.dini|asshole
|
|t:|1776064532
|move|p1a: Iron Valiant|Encore|p2a: Clefable
|-start|p2a: Clefable|Encore
|move|p2a: Clefable|Stealth Rock||[still]
|-fail|p2a: Clefable
|
|-heal|p2a: Clefable|73/100|[from] item: Leftovers
|upkeep
|turn|14
|
|t:|1776064541
|move|p1a: Iron Valiant|Moonblast|p2a: Clefable
|-crit|p2a: Clefable
|-damage|p2a: Clefable|14/100
|-unboost|p2a: Clefable|spa|1
|-damage|p1a: Iron Valiant|62/100|[from] item: Life Orb
|move|p2a: Clefable|Stealth Rock||[still]
|-fail|p2a: Clefable
|
|-heal|p2a: Clefable|20/100|[from] item: Leftovers
|upkeep
|turn|15
|
|t:|1776064550
|move|p1a: Iron Valiant|Moonblast|p2a: Clefable
|-damage|p2a: Clefable|0 fnt
|faint|p2a: Clefable
|-damage|p1a: Iron Valiant|52/100|[from] item: Life Orb
|
|upkeep
|
|t:|1776064556
|switch|p2a: Ditto|Ditto|100/100
|-transform|p2a: Ditto|p1a: Iron Valiant|[from] ability: Imposter
|turn|16
|
|t:|1776064570
|-end|p1a: Iron Valiant|Quark Drive|[silent]
|switch|p1a: Tyranitar|Tyranitar, M|30/100 psn
|-damage|p1a: Tyranitar|18/100 psn|[from] Stealth Rock
|-weather|Sandstorm|[from] ability: Sand Stream|[of] p1a: Tyranitar
|move|p2a: Ditto|Moonblast|p1a: Tyranitar
|-supereffective|p1a: Tyranitar
|-damage|p1a: Tyranitar|0 fnt
|faint|p1a: Tyranitar
|
|-weather|Sandstorm|[upkeep]
|-damage|p2a: Ditto|94/100|[from] Sandstorm
|upkeep
|inactive|Fitis3 has 120 seconds left.
|
|t:|1776064619
|switch|p1a: Gliscor|Gliscor, F|100/100
|-damage|p1a: Gliscor|88/100|[from] Stealth Rock
|turn|17
|inactive|g.dini has 120 seconds left.
|inactive|g.dini has 90 seconds left.
|
|t:|1776064685
|-end|p2a: Ditto|Quark Drive|[silent]
|switch|p2a: Mandibuzz|Mandibuzz, F|99/100
|move|p1a: Gliscor|Agility|p1a: Gliscor
|-boost|p1a: Gliscor|spe|2
|
|-weather|Sandstorm|[upkeep]
|-heal|p2a: Mandibuzz|100/100|[from] item: Leftovers
|-status|p1a: Gliscor|tox|[from] item: Toxic Orb
|upkeep
|turn|18
|inactive|g.dini has 90 seconds left.
|inactive|Fitis3 has 90 seconds left.
|
|t:|1776064712
|switch|p2a: Ditto|Ditto|94/100
|-transform|p2a: Ditto|p1a: Gliscor|[from] ability: Imposter
|move|p1a: Gliscor|Swords Dance|p1a: Gliscor
|-boost|p1a: Gliscor|atk|2
|
|-weather|Sandstorm|[upkeep]
|-heal|p1a: Gliscor|100/100 tox|[from] ability: Poison Heal
|upkeep
|turn|19
|
|t:|1776064734
|switch|p2a: Mandibuzz|Mandibuzz, F|100/100
|-terastallize|p1a: Gliscor|Normal
|move|p1a: Gliscor|Facade|p2a: Mandibuzz
|-damage|p2a: Mandibuzz|33/100
|
|-weather|Sandstorm|[upkeep]
|-damage|p1a: Gliscor|94/100 tox|[from] Sandstorm
|-heal|p2a: Mandibuzz|39/100|[from] item: Leftovers
|-heal|p1a: Gliscor|100/100 tox|[from] ability: Poison Heal
|upkeep
|turn|20
|-message|g.dini forfeited.
|
|win|Fitis3
|raw|Fitis3's rating: 1189 &rarr; <strong>1216</strong><br />(+27 for winning)
|raw|g.dini's rating: 1210 &rarr; <strong>1183</strong><br />(-27 for losing)
|l|☆g.dini
|player|p2|
|l|☆Fitis3
|player|p1|
|l| endeng
