|html|<div class="broadcast-blue"><strong>[Gen 9] OU is currently suspecting Volcarona! For information on how to participate check out the <a href="https://www.smogon.com/tools/suspects/view/208">suspect thread</a>.</strong></div>
|j|☆GavilarKholin
|j|☆A Welcome Guest
|t:|1778516870
|gametype|singles
|player|p1|GavilarKholin|fantina|1675
|player|p2|A Welcome Guest|pokemaniac|1620
|gen|9
|tier|[Gen 9] OU
|rated|
|rule|HP Percentage Mod: HP is shown in percentages
|rule|Endless Battle Clause: Forcing endless battles is banned
|rule|Species Clause: Limit one of each Pokémon
|rule|OHKO Clause: OHKO moves are banned
|rule|Evasion Items Clause: Evasion items are banned
|rule|Evasion Moves Clause: Evasion moves are banned
|rule|Evasion Abilities Clause: Evasion abilities are banned
|rule|Sleep Moves Clause: Sleep-inducing moves are banned
|clearpoke
|poke|p1|Alomomola, F|
|poke|p1|Iron Crown|
|poke|p1|Zamazenta-*|
|poke|p1|Pecharunt|
|poke|p1|Gliscor, F|
|poke|p1|Weavile, F|
|poke|p2|Ogerpon, F|
|poke|p2|Pecharunt|
|poke|p2|Ting-Lu|
|poke|p2|Rotom-Wash|
|poke|p2|Gholdengo|
|poke|p2|Deoxys-Speed|
|teampreview
|c|☆A Welcome Guest|hf
|c|☆GavilarKholin|U2
|
|t:|1778516911
|teamsize|p1|6
|teamsize|p2|6
|start
|switch|p1a: Weavile|Weavile, F|100/100
|switch|p2a: Rotom|Rotom-Wash|100/100
|-ability|p1a: Weavile|Pressure
|turn|1
|
|t:|1778516917
|switch|p1a: Alomomola|Alomomola, F|100/100
|move|p2a: Rotom|Will-O-Wisp|p1a: Alomomola
|-status|p1a: Alomomola|brn
|
|-damage|p1a: Alomomola|94/100 brn|[from] brn
|upkeep
|turn|2
|
|t:|1778516921
|move|p2a: Rotom|Volt Switch|p1a: Alomomola
|-supereffective|p1a: Alomomola
|-damage|p1a: Alomomola|61/100 brn
|
|t:|1778516922
|switch|p2a: Ting-Lu|Ting-Lu|100/100|[from] Volt Switch
|-ability|p2a: Ting-Lu|Vessel of Ruin
|move|p1a: Alomomola|Flip Turn|p2a: Ting-Lu
|-supereffective|p2a: Ting-Lu
|-damage|p2a: Ting-Lu|92/100
|-enditem|p2a: Ting-Lu|Red Card|[of] p1a: Alomomola
|drag|p1a: Iron Crown|Iron Crown|100/100
|
|upkeep
|turn|3
|
|t:|1778516927
|-end|p1a: Iron Crown|Quark Drive|[silent]
|switch|p1a: Gliscor|Gliscor, F|100/100
|move|p2a: Ting-Lu|Ruination|p1a: Gliscor
|-damage|p1a: Gliscor|50/100
|
|-status|p1a: Gliscor|tox|[from] item: Toxic Orb
|upkeep
|turn|4
|
|t:|1778516936
|move|p1a: Gliscor|Toxic|p2a: Ting-Lu
|-status|p2a: Ting-Lu|tox
|move|p2a: Ting-Lu|Stealth Rock|p1a: Gliscor
|-sidestart|p1: GavilarKholin|move: Stealth Rock
|
|-heal|p1a: Gliscor|63/100 tox|[from] ability: Poison Heal
|-damage|p2a: Ting-Lu|86/100 tox|[from] psn
|upkeep
|turn|5
|
|t:|1778516949
|move|p1a: Gliscor|Spikes|p2a: Ting-Lu
|-sidestart|p2: A Welcome Guest|Spikes
|move|p2a: Ting-Lu|Ruination|p1a: Gliscor
|-damage|p1a: Gliscor|32/100 tox
|
|-heal|p1a: Gliscor|44/100 tox|[from] ability: Poison Heal
|-damage|p2a: Ting-Lu|73/100 tox|[from] psn
|upkeep
|turn|6
|
|t:|1778516952
|move|p1a: Gliscor|Spikes|p2a: Ting-Lu
|-sidestart|p2: A Welcome Guest|Spikes
|move|p2a: Ting-Lu|Spikes|p1a: Gliscor
|-sidestart|p1: GavilarKholin|Spikes
|
|-heal|p1a: Gliscor|57/100 tox|[from] ability: Poison Heal
|-damage|p2a: Ting-Lu|55/100 tox|[from] psn
|upkeep
|turn|7
|
|t:|1778516956
|move|p1a: Gliscor|Protect|p1a: Gliscor
|-singleturn|p1a: Gliscor|Protect
|move|p2a: Ting-Lu|Spikes|p1a: Gliscor
|-sidestart|p1: GavilarKholin|Spikes
|
|-heal|p1a: Gliscor|69/100 tox|[from] ability: Poison Heal
|-damage|p2a: Ting-Lu|30/100 tox|[from] psn
|upkeep
|turn|8
|
|t:|1778516960
|switch|p2a: Rotom|Rotom-Wash|100/100
|move|p1a: Gliscor|Spikes|p2a: Rotom
|-sidestart|p2: A Welcome Guest|Spikes
|
|-heal|p1a: Gliscor|82/100 tox|[from] ability: Poison Heal
|upkeep
|turn|9
|
|t:|1778516967
|move|p1a: Gliscor|Protect|p1a: Gliscor
|-singleturn|p1a: Gliscor|Protect
|move|p2a: Rotom|Hydro Pump|p1a: Gliscor
|-activate|p1a: Gliscor|move: Protect
|
|-heal|p1a: Gliscor|94/100 tox|[from] ability: Poison Heal
|upkeep
|turn|10
|
|t:|1778516975
|switch|p1a: Alomomola|Alomomola, F|94/100 brn
|-terastallize|p2a: Rotom|Steel
|move|p2a: Rotom|Hydro Pump|p1a: Alomomola
|-resisted|p1a: Alomomola
|-damage|p1a: Alomomola|79/100 brn
|
|-damage|p1a: Alomomola|73/100 brn|[from] brn
|upkeep
|turn|11
|j| Goobshiester1st
|
|t:|1778516983
|move|p2a: Rotom|Volt Switch|p1a: Alomomola
|-supereffective|p1a: Alomomola
|-damage|p1a: Alomomola|36/100 brn
|
|t:|1778516996
|switch|p2a: Ting-Lu|Ting-Lu|30/100 tox|[from] Volt Switch
|-damage|p2a: Ting-Lu|5/100 tox|[from] Spikes
|-ability|p2a: Ting-Lu|Vessel of Ruin
|move|p1a: Alomomola|Mirror Coat|p2a: Ting-Lu
|-immune|p2a: Ting-Lu
|
|-damage|p2a: Ting-Lu|0 fnt|[from] psn
|faint|p2a: Ting-Lu
|-damage|p1a: Alomomola|29/100 brn|[from] brn
|upkeep
|
|t:|1778517020
|switch|p2a: Rotom|Rotom-Wash, tera:Steel|100/100
|turn|12
|
|t:|1778517023
|move|p1a: Alomomola|Protect|p1a: Alomomola
|-singleturn|p1a: Alomomola|Protect
|move|p2a: Rotom|Volt Switch|p1a: Alomomola
|-activate|p1a: Alomomola|move: Protect
|
|-damage|p1a: Alomomola|23/100 brn|[from] brn
|upkeep
|turn|13
|
|t:|1778517032
|switch|p1a: Iron Crown|Iron Crown|100/100
|-damage|p1a: Iron Crown|94/100|[from] Stealth Rock
|-damage|p1a: Iron Crown|78/100|[from] Spikes
|move|p2a: Rotom|Volt Switch|p1a: Iron Crown
|-damage|p1a: Iron Crown|53/100
|
|t:|1778517055
|switch|p2a: Ogerpon|Ogerpon, F|100/100|[from] Volt Switch
|
|upkeep
|turn|14
|
|t:|1778517059
|-end|p1a: Iron Crown|Quark Drive|[silent]
|switch|p1a: Gliscor|Gliscor, F|94/100 tox
|-damage|p1a: Gliscor|82/100 tox|[from] Stealth Rock
|move|p2a: Ogerpon|Knock Off|p1a: Gliscor
|-crit|p1a: Gliscor
|-damage|p1a: Gliscor|43/100 tox
|-enditem|p1a: Gliscor|Toxic Orb|[from] move: Knock Off|[of] p2a: Ogerpon
|
|-heal|p1a: Gliscor|56/100 tox|[from] ability: Poison Heal
|upkeep
|turn|15
|
|t:|1778517078
|switch|p2a: Rotom|Rotom-Wash, tera:Steel|100/100
|move|p1a: Gliscor|Protect||[still]
|-fail|p1a: Gliscor
|
|-heal|p1a: Gliscor|68/100 tox|[from] ability: Poison Heal
|upkeep
|turn|16
|
|t:|1778517080
|move|p1a: Gliscor|Protect|p1a: Gliscor
|-singleturn|p1a: Gliscor|Protect
|move|p2a: Rotom|Hydro Pump|p1a: Gliscor
|-activate|p1a: Gliscor|move: Protect
|
|-heal|p1a: Gliscor|81/100 tox|[from] ability: Poison Heal
|upkeep
|turn|17
|
|t:|1778517087
|switch|p1a: Alomomola|Alomomola, F|56/100 brn
|move|p2a: Rotom|Hydro Pump|p1a: Alomomola
|-resisted|p1a: Alomomola
|-damage|p1a: Alomomola|41/100 brn
|
|-damage|p1a: Alomomola|35/100 brn|[from] brn
|upkeep
|turn|18
|
|t:|1778517096
|switch|p1a: Gliscor|Gliscor, F|81/100 tox
|-damage|p1a: Gliscor|68/100 tox|[from] Stealth Rock
|move|p2a: Rotom|Volt Switch|p1a: Gliscor
|-immune|p1a: Gliscor
|
|-heal|p1a: Gliscor|81/100 tox|[from] ability: Poison Heal
|upkeep
|turn|19
|
|t:|1778517102
|move|p1a: Gliscor|Protect|p1a: Gliscor
|-singleturn|p1a: Gliscor|Protect
|move|p2a: Rotom|Will-O-Wisp|p1a: Gliscor
|-activate|p1a: Gliscor|move: Protect
|
|-heal|p1a: Gliscor|93/100 tox|[from] ability: Poison Heal
|upkeep
|turn|20
|
|t:|1778517105
|switch|p1a: Alomomola|Alomomola, F|68/100 brn
|move|p2a: Rotom|Volt Switch|p1a: Alomomola
|-supereffective|p1a: Alomomola
|-damage|p1a: Alomomola|29/100 brn
|
|t:|1778517110
|switch|p2a: Ogerpon|Ogerpon, F|100/100|[from] Volt Switch
|
|-damage|p1a: Alomomola|23/100 brn|[from] brn
|upkeep
|turn|21
|
|t:|1778517112
|switch|p1a: Gliscor|Gliscor, F|93/100 tox
|-damage|p1a: Gliscor|81/100 tox|[from] Stealth Rock
|move|p2a: Ogerpon|Ivy Cudgel|p1a: Gliscor
|-damage|p1a: Gliscor|42/100 tox
|
|-heal|p1a: Gliscor|55/100 tox|[from] ability: Poison Heal
|upkeep
|turn|22
|
|t:|1778517116
|switch|p2a: Rotom|Rotom-Wash, tera:Steel|100/100
|move|p1a: Gliscor|Protect||[still]
|-fail|p1a: Gliscor
|
|-heal|p1a: Gliscor|67/100 tox|[from] ability: Poison Heal
|upkeep
|turn|23
|
|t:|1778517119
|move|p1a: Gliscor|Protect|p1a: Gliscor
|-singleturn|p1a: Gliscor|Protect
|move|p2a: Rotom|Will-O-Wisp|p1a: Gliscor
|-activate|p1a: Gliscor|move: Protect
|
|-heal|p1a: Gliscor|80/100 tox|[from] ability: Poison Heal
|upkeep
|turn|24
|
|t:|1778517121
|switch|p1a: Alomomola|Alomomola, F|56/100 brn
|move|p2a: Rotom|Volt Switch|p1a: Alomomola
|-supereffective|p1a: Alomomola
|-damage|p1a: Alomomola|18/100 brn
|
|t:|1778517133
|switch|p2a: Deoxys|Deoxys-Speed|100/100|[from] Volt Switch
|-ability|p2a: Deoxys|Pressure
|
|-damage|p1a: Alomomola|12/100 brn|[from] brn
|upkeep
|turn|25
|
|t:|1778517139
|switch|p1a: Weavile|Weavile, F|100/100
|-ability|p1a: Weavile|Pressure
|move|p2a: Deoxys|Knock Off|p1a: Weavile
|-resisted|p1a: Weavile
|-damage|p1a: Weavile|79/100
|-enditem|p1a: Weavile|Heavy-Duty Boots|[from] move: Knock Off|[of] p2a: Deoxys
|
|upkeep
|turn|26
|inactive|Battle timer is ON: inactive players will automatically lose when time's up. (requested by GavilarKholin)
|inactive|A Welcome Guest has 120 seconds left.
|
|t:|1778517210
|switch|p2a: Rotom|Rotom-Wash, tera:Steel|100/100
|move|p1a: Weavile|Knock Off|p2a: Rotom
|-damage|p2a: Rotom|64/100
|-damage|p1a: Weavile|62/100|[from] item: Rocky Helmet|[of] p2a: Rotom
|-enditem|p2a: Rotom|Rocky Helmet|[from] move: Knock Off|[of] p1a: Weavile
|
|upkeep
|turn|27
|
|t:|1778517216
|move|p1a: Weavile|Swords Dance|p1a: Weavile
|-boost|p1a: Weavile|atk|2
|move|p2a: Rotom|Volt Switch|p1a: Weavile
|-damage|p1a: Weavile|29/100
|
|t:|1778517222
|switch|p2a: Deoxys|Deoxys-Speed|100/100|[from] Volt Switch
|-ability|p2a: Deoxys|Pressure
|
|upkeep
|turn|28
|
|t:|1778517226
|move|p1a: Weavile|Ice Shard|p2a: Deoxys
|-damage|p2a: Deoxys|37/100
|move|p2a: Deoxys|Low Kick|p1a: Weavile
|-supereffective|p1a: Weavile
|-damage|p1a: Weavile|0 fnt
|faint|p1a: Weavile
|
|upkeep
|
|t:|1778517232
|switch|p1a: Alomomola|Alomomola, F|46/100 brn
|turn|29
|
|t:|1778517242
|switch|p1a: Gliscor|Gliscor, F|80/100 tox
|-damage|p1a: Gliscor|67/100 tox|[from] Stealth Rock
|move|p2a: Deoxys|Knock Off|p1a: Gliscor
|-damage|p1a: Gliscor|54/100 tox
|
|-heal|p1a: Gliscor|66/100 tox|[from] ability: Poison Heal
|upkeep
|turn|30
|
|t:|1778517249
|switch|p2a: Rotom|Rotom-Wash, tera:Steel|64/100
|move|p1a: Gliscor|Protect||[still]
|-fail|p1a: Gliscor
|
|-heal|p1a: Gliscor|79/100 tox|[from] ability: Poison Heal
|upkeep
|turn|31
|
|t:|1778517253
|move|p1a: Gliscor|Spikes||[still]
|-fail|p1a: Gliscor
|move|p2a: Rotom|Will-O-Wisp||[still]
|-fail|p2a: Rotom
|
|-heal|p1a: Gliscor|91/100 tox|[from] ability: Poison Heal
|upkeep
|turn|32
|
|t:|1778517258
|move|p1a: Gliscor|Protect|p1a: Gliscor
|-singleturn|p1a: Gliscor|Protect
|move|p2a: Rotom|Will-O-Wisp|p1a: Gliscor
|-activate|p1a: Gliscor|move: Protect
|
|-heal|p1a: Gliscor|100/100 tox|[from] ability: Poison Heal
|upkeep
|turn|33
|
|t:|1778517261
|move|p1a: Gliscor|Spikes||[still]
|-fail|p1a: Gliscor
|move|p2a: Rotom|Volt Switch|p1a: Gliscor
|-immune|p1a: Gliscor
|
|upkeep
|turn|34
|
|t:|1778517266
|move|p1a: Gliscor|Spikes||[still]
|-fail|p1a: Gliscor
|move|p2a: Rotom|Will-O-Wisp|p1a: Gliscor|[miss]
|-miss|p2a: Rotom|p1a: Gliscor
|
|upkeep
|turn|35
|j| bhybhddd
|
|t:|1778517274
|move|p1a: Gliscor|Spikes||[still]
|-fail|p1a: Gliscor
|move|p2a: Rotom|Volt Switch|p1a: Gliscor
|-immune|p1a: Gliscor
|
|upkeep
|turn|36
|
|t:|1778517278
|move|p1a: Gliscor|Spikes||[still]
|-fail|p1a: Gliscor
|move|p2a: Rotom|Volt Switch|p1a: Gliscor
|-immune|p1a: Gliscor
|
|upkeep
|turn|37
|
|t:|1778517284
|move|p1a: Gliscor|Spikes||[still]
|-fail|p1a: Gliscor
|move|p2a: Rotom|Pain Split|p1a: Gliscor
|-sethp|p1a: Gliscor|78/100 tox|[from] move: Pain Split|[silent]
|-sethp|p2a: Rotom|90/100|[from] move: Pain Split
|
|-heal|p1a: Gliscor|90/100 tox|[from] ability: Poison Heal
|upkeep
|turn|38
|
|t:|1778517306
|move|p1a: Gliscor|Spikes||[still]
|-fail|p1a: Gliscor
|move|p2a: Rotom|Volt Switch|p1a: Gliscor
|-immune|p1a: Gliscor
|
|-heal|p1a: Gliscor|100/100 tox|[from] ability: Poison Heal
|upkeep
|turn|39
|
|t:|1778517316
|move|p1a: Gliscor|Spikes||[still]
|-fail|p1a: Gliscor
|move|p2a: Rotom|Volt Switch|p1a: Gliscor
|-immune|p1a: Gliscor
|
|upkeep
|turn|40
|j| aefqerf134645375
|
|t:|1778517321
|move|p1a: Gliscor|Spikes||[still]
|-fail|p1a: Gliscor
|move|p2a: Rotom|Will-O-Wisp||[still]
|-fail|p2a: Rotom
|
|upkeep
|turn|41
|
|t:|1778517331
|switch|p2a: Pecharunt|Pecharunt|100/100
|move|p1a: Gliscor|Spikes||[still]
|-fail|p1a: Gliscor
|
|upkeep
|turn|42
|
|t:|1778517335
|move|p2a: Pecharunt|Parting Shot|p1a: Gliscor
|-unboost|p1a: Gliscor|atk|1
|-unboost|p1a: Gliscor|spa|1
|l| aefqerf134645375
|
|t:|1778517337
|switch|p2a: Rotom|Rotom-Wash, tera:Steel|90/100|[from] Parting Shot
|move|p1a: Gliscor|Earthquake|p2a: Rotom
|-immune|p2a: Rotom|[from] ability: Levitate
|
|upkeep
|turn|43
|
|t:|1778517345
|switch|p1a: Alomomola|Alomomola, F|79/100 brn
|switch|p2a: Pecharunt|Pecharunt|100/100
|
|-damage|p1a: Alomomola|73/100 brn|[from] brn
|upkeep
|turn|44
|j| SUBMACHINEGOTH
|
|t:|1778517364
|move|p2a: Pecharunt|Parting Shot|p1a: Alomomola
|-unboost|p1a: Alomomola|atk|1
|-unboost|p1a: Alomomola|spa|1
|
|t:|1778517376
|switch|p2a: Rotom|Rotom-Wash, tera:Steel|90/100|[from] Parting Shot
|move|p1a: Alomomola|Flip Turn|p2a: Rotom
|-damage|p2a: Rotom|86/100
|
|t:|1778517378
|switch|p1a: Zamazenta|Zamazenta|100/100|[from] Flip Turn
|-ability|p1a: Zamazenta|Dauntless Shield|boost
|-boost|p1a: Zamazenta|def|1
|
|upkeep
|turn|45
|
|t:|1778517381
|switch|p2a: Pecharunt|Pecharunt|100/100
|move|p1a: Zamazenta|Close Combat|p2a: Pecharunt
|-immune|p2a: Pecharunt
|
|upkeep
|turn|46
|
|t:|1778517384
|switch|p1a: Alomomola|Alomomola, F|100/100 brn
|move|p2a: Pecharunt|Parting Shot|p1a: Alomomola
|-unboost|p1a: Alomomola|atk|1
|-unboost|p1a: Alomomola|spa|1
|
|t:|1778517386
|switch|p2a: Deoxys|Deoxys-Speed|37/100|[from] Parting Shot
|-ability|p2a: Deoxys|Pressure
|
|-damage|p1a: Alomomola|94/100 brn|[from] brn
|upkeep
|turn|47
|
|t:|1778517389
|switch|p1a: Gliscor|Gliscor, F|100/100 tox
|-damage|p1a: Gliscor|88/100 tox|[from] Stealth Rock
|move|p2a: Deoxys|Knock Off|p1a: Gliscor
|-damage|p1a: Gliscor|75/100 tox
|
|-heal|p1a: Gliscor|88/100 tox|[from] ability: Poison Heal
|upkeep
|turn|48
|
|t:|1778517395
|switch|p2a: Pecharunt|Pecharunt|100/100
|move|p1a: Gliscor|Earthquake|p2a: Pecharunt
|-supereffective|p2a: Pecharunt
|-damage|p2a: Pecharunt|59/100
|
|-heal|p1a: Gliscor|100/100 tox|[from] ability: Poison Heal
|upkeep
|turn|49
|
|t:|1778517400
|move|p2a: Pecharunt|Recover|p2a: Pecharunt
|-heal|p2a: Pecharunt|100/100
|move|p1a: Gliscor|Earthquake|p2a: Pecharunt
|-supereffective|p2a: Pecharunt
|-damage|p2a: Pecharunt|61/100
|
|upkeep
|turn|50
|
|t:|1778517403
|move|p2a: Pecharunt|Parting Shot|p1a: Gliscor
|-unboost|p1a: Gliscor|atk|1
|-unboost|p1a: Gliscor|spa|1
|
|t:|1778517404
|switch|p2a: Rotom|Rotom-Wash, tera:Steel|86/100|[from] Parting Shot
|move|p1a: Gliscor|Earthquake|p2a: Rotom
|-immune|p2a: Rotom|[from] ability: Levitate
|
|upkeep
|turn|51
|
|t:|1778517407
|switch|p1a: Alomomola|Alomomola, F|100/100 brn
|switch|p2a: Pecharunt|Pecharunt|61/100
|
|-damage|p1a: Alomomola|94/100 brn|[from] brn
|upkeep
|turn|52
|
|t:|1778517410
|move|p2a: Pecharunt|Recover|p2a: Pecharunt
|-heal|p2a: Pecharunt|100/100
|move|p1a: Alomomola|Flip Turn|p2a: Pecharunt
|-damage|p2a: Pecharunt|96/100
|
|t:|1778517418
|switch|p1a: Gliscor|Gliscor, F|100/100 tox|[from] Flip Turn
|-damage|p1a: Gliscor|88/100 tox|[from] Stealth Rock
|
|-heal|p1a: Gliscor|100/100 tox|[from] ability: Poison Heal
|upkeep
|turn|53
|
|t:|1778517421
|move|p2a: Pecharunt|Parting Shot|p1a: Gliscor
|-unboost|p1a: Gliscor|atk|1
|-unboost|p1a: Gliscor|spa|1
|
|t:|1778517422
|switch|p2a: Rotom|Rotom-Wash, tera:Steel|86/100|[from] Parting Shot
|move|p1a: Gliscor|Earthquake|p2a: Rotom
|-immune|p2a: Rotom|[from] ability: Levitate
|
|upkeep
|turn|54
|
|t:|1778517428
|switch|p1a: Alomomola|Alomomola, F|100/100 brn
|switch|p2a: Pecharunt|Pecharunt|96/100
|
|-damage|p1a: Alomomola|94/100 brn|[from] brn
|upkeep
|turn|55
|
|t:|1778517431
|move|p2a: Pecharunt|Parting Shot|p1a: Alomomola
|-unboost|p1a: Alomomola|atk|1
|-unboost|p1a: Alomomola|spa|1
|
|t:|1778517433
|switch|p2a: Rotom|Rotom-Wash, tera:Steel|86/100|[from] Parting Shot
|move|p1a: Alomomola|Wish|p1a: Alomomola
|
|-damage|p1a: Alomomola|88/100 brn|[from] brn
|upkeep
|turn|56
|
|t:|1778517445
|move|p2a: Rotom|Will-O-Wisp|p1a: Alomomola|[miss]
|-miss|p2a: Rotom|p1a: Alomomola
|move|p1a: Alomomola|Flip Turn|p2a: Rotom
|-damage|p2a: Rotom|81/100
|
|t:|1778517447
|switch|p1a: Iron Crown|Iron Crown|53/100|[from] Flip Turn
|-damage|p1a: Iron Crown|47/100|[from] Stealth Rock
|-damage|p1a: Iron Crown|31/100|[from] Spikes
|
|-heal|p1a: Iron Crown|100/100|[from] move: Wish|[wisher] Alomomola
|upkeep
|turn|57
|
|t:|1778517453
|switch|p2a: Ogerpon|Ogerpon, F|100/100
|move|p1a: Iron Crown|Focus Blast|p2a: Ogerpon
|-damage|p2a: Ogerpon|28/100
|
|upkeep
|turn|58
|
|t:|1778517460
|-end|p1a: Iron Crown|Quark Drive|[silent]
|switch|p1a: Gliscor|Gliscor, F|100/100 tox
|-damage|p1a: Gliscor|88/100 tox|[from] Stealth Rock
|move|p2a: Ogerpon|Ivy Cudgel|p1a: Gliscor
|-damage|p1a: Gliscor|49/100 tox
|
|-heal|p1a: Gliscor|61/100 tox|[from] ability: Poison Heal
|upkeep
|turn|59
|
|t:|1778517471
|switch|p2a: Rotom|Rotom-Wash, tera:Steel|81/100
|move|p1a: Gliscor|Earthquake|p2a: Rotom
|-immune|p2a: Rotom|[from] ability: Levitate
|
|-heal|p1a: Gliscor|74/100 tox|[from] ability: Poison Heal
|upkeep
|turn|60
|
|t:|1778517477
|switch|p1a: Alomomola|Alomomola, F|100/100 brn
|move|p2a: Rotom|Volt Switch|p1a: Alomomola
|-supereffective|p1a: Alomomola
|-damage|p1a: Alomomola|61/100 brn
|
|t:|1778517480
|switch|p2a: Deoxys|Deoxys-Speed|37/100|[from] Volt Switch
|-ability|p2a: Deoxys|Pressure
|
|-damage|p1a: Alomomola|55/100 brn|[from] brn
|upkeep
|turn|61
|
|t:|1778517483
|switch|p1a: Gliscor|Gliscor, F|74/100 tox
|-damage|p1a: Gliscor|61/100 tox|[from] Stealth Rock
|move|p2a: Deoxys|Ice Beam|p1a: Gliscor
|-supereffective|p1a: Gliscor
|-crit|p1a: Gliscor
|-damage|p1a: Gliscor|0 fnt
|faint|p1a: Gliscor
|
|upkeep
|
|t:|1778517491
|switch|p1a: Iron Crown|Iron Crown|100/100
|-damage|p1a: Iron Crown|94/100|[from] Stealth Rock
|-damage|p1a: Iron Crown|78/100|[from] Spikes
|turn|62
|
|t:|1778517503
|switch|p2a: Ogerpon|Ogerpon, F|28/100
|move|p1a: Iron Crown|Tachyon Cutter|p2a: Ogerpon
|-damage|p2a: Ogerpon|0 fnt
|faint|p2a: Ogerpon
|-hitcount|p2: Ogerpon|1
|
|upkeep
|
|t:|1778517513
|switch|p2a: Gholdengo|Gholdengo|100/100
|-damage|p2a: Gholdengo|76/100|[from] Spikes
|turn|63
|
|t:|1778517518
|-end|p1a: Iron Crown|Quark Drive|[silent]
|switch|p1a: Alomomola|Alomomola, F|88/100 brn
|move|p2a: Gholdengo|Nasty Plot|p2a: Gholdengo
|-boost|p2a: Gholdengo|spa|2
|
|-damage|p1a: Alomomola|82/100 brn|[from] brn
|upkeep
|turn|64
|
|t:|1778517522
|move|p2a: Gholdengo|Recover|p2a: Gholdengo
|-heal|p2a: Gholdengo|100/100
|move|p1a: Alomomola|Flip Turn|p2a: Gholdengo
|-damage|p2a: Gholdengo|95/100
|
|t:|1778517525
|switch|p1a: Zamazenta|Zamazenta|100/100|[from] Flip Turn
|
|upkeep
|turn|65
|
|t:|1778517528
|-terastallize|p1a: Zamazenta|Dark
|move|p1a: Zamazenta|Crunch|p2a: Gholdengo
|-supereffective|p2a: Gholdengo
|-damage|p2a: Gholdengo|36/100
|move|p2a: Gholdengo|Make It Rain|p1a: Zamazenta
|-damage|p1a: Zamazenta|3/100
|-unboost|p2a: Gholdengo|spa|1
|
|upkeep
|turn|66
|
|t:|1778517539
|switch|p2a: Rotom|Rotom-Wash, tera:Steel|81/100
|move|p1a: Zamazenta|Crunch|p2a: Rotom
|-damage|p2a: Rotom|52/100
|-unboost|p2a: Rotom|def|1
|
|upkeep
|turn|67
|
|t:|1778517543
|move|p1a: Zamazenta|Close Combat|p2a: Rotom
|-supereffective|p2a: Rotom
|-damage|p2a: Rotom|0 fnt
|-unboost|p1a: Zamazenta|def|1
|-unboost|p1a: Zamazenta|spd|1
|faint|p2a: Rotom
|
|upkeep
|
|t:|1778517546
|switch|p2a: Deoxys|Deoxys-Speed|37/100
|-ability|p2a: Deoxys|Pressure
|turn|68
|
|t:|1778517550
|switch|p1a: Pecharunt|Pecharunt|100/100
|move|p2a: Deoxys|Knock Off|p1a: Pecharunt
|-supereffective|p1a: Pecharunt
|-damage|p1a: Pecharunt|75/100
|-enditem|p1a: Pecharunt|Heavy-Duty Boots|[from] move: Knock Off|[of] p2a: Deoxys
|
|upkeep
|turn|69
|
|t:|1778517559
|switch|p2a: Pecharunt|Pecharunt|96/100
|move|p1a: Pecharunt|Foul Play|p2a: Pecharunt
|-supereffective|p2a: Pecharunt
|-damage|p2a: Pecharunt|78/100
|
|upkeep
|turn|70
|
|t:|1778517563
|move|p2a: Pecharunt|Hex|p1a: Pecharunt
|-supereffective|p1a: Pecharunt
|-damage|p1a: Pecharunt|31/100
|move|p1a: Pecharunt|Parting Shot|p2a: Pecharunt
|-unboost|p2a: Pecharunt|atk|1
|-unboost|p2a: Pecharunt|spa|1
|
|t:|1778517565
|switch|p1a: Alomomola|Alomomola, F|100/100 brn|[from] Parting Shot
|
|-damage|p1a: Alomomola|94/100 brn|[from] brn
|upkeep
|turn|71
|
|t:|1778517567
|move|p2a: Pecharunt|Parting Shot|p1a: Alomomola
|-unboost|p1a: Alomomola|atk|1
|-unboost|p1a: Alomomola|spa|1
|
|t:|1778517569
|switch|p2a: Deoxys|Deoxys-Speed|37/100|[from] Parting Shot
|-ability|p2a: Deoxys|Pressure
|move|p1a: Alomomola|Wish|p1a: Alomomola
|
|-damage|p1a: Alomomola|88/100 brn|[from] brn
|upkeep
|turn|72
|
|t:|1778517578
|move|p2a: Deoxys|Knock Off|p1a: Alomomola
|-damage|p1a: Alomomola|70/100 brn
|-enditem|p1a: Alomomola|Heavy-Duty Boots|[from] move: Knock Off|[of] p2a: Deoxys
|move|p1a: Alomomola|Flip Turn|p2a: Deoxys
|-damage|p2a: Deoxys|28/100
|
|t:|1778517580
|switch|p1a: Zamazenta|Zamazenta, tera:Dark|3/100|[from] Flip Turn
|
|-heal|p1a: Zamazenta|85/100|[from] move: Wish|[wisher] Alomomola
|upkeep
|turn|73
|
|t:|1778517585
|switch|p2a: Pecharunt|Pecharunt|78/100
|move|p1a: Zamazenta|Crunch|p2a: Pecharunt
|-supereffective|p2a: Pecharunt
|-damage|p2a: Pecharunt|34/100
|-unboost|p2a: Pecharunt|def|1
|
|upkeep
|turn|74
|
|t:|1778517587
|move|p1a: Zamazenta|Crunch|p2a: Pecharunt
|-supereffective|p2a: Pecharunt
|-damage|p2a: Pecharunt|0 fnt
|faint|p2a: Pecharunt
|
|upkeep
|
|t:|1778517589
|switch|p2a: Deoxys|Deoxys-Speed|28/100
|-ability|p2a: Deoxys|Pressure
|turn|75
|
|t:|1778517590
|move|p2a: Deoxys|Low Kick|p1a: Zamazenta
|-supereffective|p1a: Zamazenta
|-damage|p1a: Zamazenta|34/100
|move|p1a: Zamazenta|Crunch|p2a: Deoxys
|-supereffective|p2a: Deoxys
|-damage|p2a: Deoxys|0 fnt
|faint|p2a: Deoxys
|
|upkeep
|-message|A Welcome Guest forfeited.
|
|win|GavilarKholin
|raw|GavilarKholin's rating: 1675 &rarr; <strong>1692</strong><br />(+17 for winning)
|raw|A Welcome Guest's rating: 1620 &rarr; <strong>1603</strong><br />(-17 for losing)
|l|☆A Welcome Guest
|player|p2|
|l|☆GavilarKholin
|player|p1|
|l| SUBMACHINEGOTH
|l| bhybhddd
