|html|<div class="broadcast-blue"><strong>[Gen 9] OU is currently suspecting Tera Blast! For information on how to participate check out the <a href="https://www.smogon.com/tools/suspects/view/200">suspect thread</a>.</strong></div>
|j|☆XavLep10
|j|☆akamaru
|t:|1776078592
|gametype|singles
|player|p1|XavLep10|skier|1075
|player|p2|akamaru|preschooler|1062
|gen|9
|tier|[Gen 9] OU
|rated|
|rule|HP Percentage Mod: HP is shown in percentages
|rule|Endless Battle Clause: Forcing endless battles is banned
|rule|Species Clause: Limit one of each Pokémon
|rule|OHKO Clause: OHKO moves are banned
|rule|Evasion Items Clause: Evasion items are banned
|rule|Evasion Moves Clause: Evasion moves are banned
|rule|Evasion Abilities Clause: Evasion abilities are banned
|rule|Sleep Moves Clause: Sleep-inducing moves are banned
|clearpoke
|poke|p1|Deoxys-Speed|
|poke|p1|Ceruledge, M|
|poke|p1|Zamazenta-*|
|poke|p1|Ogerpon-Wellspring, F|
|poke|p1|Glimmora, M|
|poke|p1|Moltres-Galar|
|poke|p2|Iron Valiant|
|poke|p2|Keldeo|
|poke|p2|Kleavor, F|
|poke|p2|Latios, M|
|poke|p2|Mew|
|poke|p2|Slaking, F|
|teampreview
|j| ohko_smeargle
|
|t:|1776078609
|teamsize|p1|6
|teamsize|p2|6
|start
|switch|p1a: Ogerpon|Ogerpon-Wellspring, F|100/100
|switch|p2a: Mew|Mew|100/100
|turn|1
|
|t:|1776078624
|move|p2a: Mew|Nasty Plot|p2a: Mew
|-boost|p2a: Mew|spa|2
|move|p1a: Ogerpon|Horn Leech|p2a: Mew
|-damage|p2a: Mew|51/100
|
|-heal|p2a: Mew|57/100|[from] item: Leftovers
|upkeep
|turn|2
|
|t:|1776078638
|move|p2a: Mew|Bug Buzz|p1a: Ogerpon
|-supereffective|p1a: Ogerpon
|-damage|p1a: Ogerpon|0 fnt
|faint|p1a: Ogerpon
|
|-heal|p2a: Mew|64/100|[from] item: Leftovers
|upkeep
|
|t:|1776078654
|switch|p1a: Ceruledge|Ceruledge, M|100/100
|turn|3
|
|t:|1776078663
|move|p2a: Mew|Sludge Wave|p1a: Ceruledge
|-resisted|p1a: Ceruledge
|-damage|p1a: Ceruledge|71/100
|move|p1a: Ceruledge|Poltergeist|p2a: Mew
|-activate|p2a: Mew|move: Poltergeist|Leftovers
|-supereffective|p2a: Mew
|-damage|p2a: Mew|0 fnt
|faint|p2a: Mew
|-damage|p1a: Ceruledge|62/100|[from] item: Life Orb
|
|upkeep
|
|t:|1776078672
|switch|p2a: Latios|Latios, M|100/100
|turn|4
|
|t:|1776078698
|switch|p2a: Slaking|Slaking, F|100/100
|move|p1a: Ceruledge|Poltergeist|p2a: Slaking
|-immune|p2a: Slaking
|
|upkeep
|turn|5
|
|t:|1776078708
|move|p2a: Slaking|Earthquake|p1a: Ceruledge
|-supereffective|p1a: Ceruledge
|-damage|p1a: Ceruledge|0 fnt
|faint|p1a: Ceruledge
|
|upkeep
|
|t:|1776078714
|switch|p1a: Zamazenta|Zamazenta|100/100
|-ability|p1a: Zamazenta|Dauntless Shield|boost
|-boost|p1a: Zamazenta|def|1
|turn|6
|
|t:|1776078733
|switch|p2a: Latios|Latios, M|100/100
|move|p1a: Zamazenta|Iron Defense|p1a: Zamazenta
|-boost|p1a: Zamazenta|def|2
|
|upkeep
|turn|7
|
|t:|1776078751
|move|p1a: Zamazenta|Heavy Slam|p2a: Latios
|-damage|p2a: Latios|71/100
|move|p2a: Latios|Psychic|p1a: Zamazenta
|-supereffective|p1a: Zamazenta
|-damage|p1a: Zamazenta|0 fnt
|faint|p1a: Zamazenta
|
|upkeep
|
|t:|1776078767
|switch|p1a: Moltres|Moltres-Galar|100/100
|turn|8
|
|t:|1776078777
|move|p2a: Latios|Ice Beam|p1a: Moltres
|-supereffective|p1a: Moltres
|-damage|p1a: Moltres|44/100
|-ability|p1a: Moltres|Berserk|boost
|-boost|p1a: Moltres|spa|1
|-enditem|p1a: Moltres|Sitrus Berry|[eat]
|-heal|p1a: Moltres|69/100|[from] item: Sitrus Berry
|move|p1a: Moltres|Nasty Plot|p1a: Moltres
|-boost|p1a: Moltres|spa|2
|
|upkeep
|turn|9
|
|t:|1776078795
|move|p2a: Latios|Ice Beam|p1a: Moltres
|-supereffective|p1a: Moltres
|-damage|p1a: Moltres|10/100
|-ability|p1a: Moltres|Berserk|boost
|-boost|p1a: Moltres|spa|1
|move|p1a: Moltres|Fiery Wrath|p2a: Latios
|-supereffective|p2a: Latios
|-damage|p2a: Latios|0 fnt
|faint|p2a: Latios
|
|upkeep
|
|t:|1776078803
|switch|p2a: Kleavor|Kleavor, F|100/100
|turn|10
|
|t:|1776078822
|move|p2a: Kleavor|Stone Axe|p1a: Moltres
|-supereffective|p1a: Moltres
|-damage|p1a: Moltres|0 fnt
|-sidestart|p1: XavLep10|move: Stealth Rock
|faint|p1a: Moltres
|
|upkeep
|
|t:|1776078832
|switch|p1a: Deoxys|Deoxys-Speed|100/100
|-damage|p1a: Deoxys|88/100|[from] Stealth Rock
|-ability|p1a: Deoxys|Pressure
|turn|11
|
|t:|1776078845
|move|p1a: Deoxys|Light Screen|p1a: Deoxys
|-sidestart|p1: XavLep10|move: Light Screen
|move|p2a: Kleavor|Pounce|p1a: Deoxys
|-supereffective|p1a: Deoxys
|-damage|p1a: Deoxys|19/100
|-unboost|p1a: Deoxys|spe|1
|
|upkeep
|turn|12
|
|t:|1776078853
|move|p1a: Deoxys|Reflect|p1a: Deoxys
|-sidestart|p1: XavLep10|Reflect
|move|p2a: Kleavor|Pounce|p1a: Deoxys
|-supereffective|p1a: Deoxys
|-damage|p1a: Deoxys|0 fnt
|faint|p1a: Deoxys
|
|upkeep
|
|t:|1776078859
|switch|p1a: Glimmora|Glimmora, M|100/100
|-damage|p1a: Glimmora|88/100|[from] Stealth Rock
|turn|13
|
|t:|1776078870
|move|p1a: Glimmora|Meteor Beam||[still]
|-prepare|p1a: Glimmora|Meteor Beam
|-boost|p1a: Glimmora|spa|1
|-enditem|p1a: Glimmora|Power Herb
|-anim|p1a: Glimmora|Meteor Beam|p2a: Kleavor
|-supereffective|p2a: Kleavor
|-enditem|p2a: Kleavor|Focus Sash
|-damage|p2a: Kleavor|1/100
|move|p2a: Kleavor|Night Slash|p1a: Glimmora
|-damage|p1a: Glimmora|64/100
|-activate|p1a: Glimmora|ability: Toxic Debris
|-sidestart|p2: akamaru|move: Toxic Spikes
|
|upkeep
|turn|14
|
|t:|1776078890
|move|p1a: Glimmora|Mortal Spin|p2a: Kleavor
|-resisted|p2a: Kleavor
|-damage|p2a: Kleavor|0 fnt
|-sideend|p1: XavLep10|Stealth Rock|[from] move: Mortal Spin|[of] p1a: Glimmora
|faint|p2a: Kleavor
|
|upkeep
|
|t:|1776078901
|switch|p2a: Slaking|Slaking, F|100/100
|-status|p2a: Slaking|psn
|turn|15
|
|t:|1776078909
|move|p2a: Slaking|Earthquake|p1a: Glimmora
|-supereffective|p1a: Glimmora
|-damage|p1a: Glimmora|0 fnt
|-activate|p1a: Glimmora|ability: Toxic Debris
|-sidestart|p2: akamaru|move: Toxic Spikes
|faint|p1a: Glimmora
|
|win|akamaru
|raw|XavLep10's rating: 1075 &rarr; <strong>1053</strong><br />(-22 for losing)
|raw|akamaru's rating: 1062 &rarr; <strong>1094</strong><br />(+32 for winning)
|l| ohko_smeargle
|l|☆XavLep10
|player|p1|
|l|☆akamaru
|player|p2|
