|html|<div class="broadcast-blue"><strong>[Gen 9] OU is currently suspecting Tera Blast! For information on how to participate check out the <a href="https://www.smogon.com/tools/suspects/view/200">suspect thread</a>.</strong></div>
|j|☆zimbabwe2137
|j|☆alwzson
|t:|1776079007
|gametype|singles
|player|p1|zimbabwe2137|101|1127
|player|p2|alwzson|2|1068
|gen|9
|tier|[Gen 9] OU
|rated|
|rule|HP Percentage Mod: HP is shown in percentages
|rule|Endless Battle Clause: Forcing endless battles is banned
|rule|Species Clause: Limit one of each Pokémon
|rule|OHKO Clause: OHKO moves are banned
|rule|Evasion Items Clause: Evasion items are banned
|rule|Evasion Moves Clause: Evasion moves are banned
|rule|Evasion Abilities Clause: Evasion abilities are banned
|rule|Sleep Moves Clause: Sleep-inducing moves are banned
|clearpoke
|poke|p1|Alomomola, F|
|poke|p1|Kingambit, M|
|poke|p1|Great Tusk|
|poke|p1|Ogerpon-Wellspring, F|
|poke|p1|Gholdengo|
|poke|p1|Primarina, F|
|poke|p2|Avalugg-Hisui, F|
|poke|p2|Arboliva, F|
|poke|p2|Chesnaught, M|
|poke|p2|Flamigo, M|
|poke|p2|Rotom-Heat|
|poke|p2|Slowbro, M|
|teampreview
|
|t:|1776079017
|teamsize|p1|6
|teamsize|p2|6
|start
|switch|p1a: Primarina|Primarina, F|100/100
|switch|p2a: Namie Amuro|Avalugg-Hisui, F, shiny|100/100
|turn|1
|
|t:|1776079028
|move|p1a: Primarina|Surf|p2a: Namie Amuro
|-supereffective|p2a: Namie Amuro
|-ability|p2a: Namie Amuro|Sturdy
|-damage|p2a: Namie Amuro|1/100
|move|p2a: Namie Amuro|Stealth Rock|p1a: Primarina
|-sidestart|p1: zimbabwe2137|move: Stealth Rock
|
|upkeep
|turn|2
|
|t:|1776079042
|switch|p2a: Hikaru Utada|Arboliva, F, shiny|100/100
|move|p1a: Primarina|Calm Mind|p1a: Primarina
|-boost|p1a: Primarina|spa|1
|-boost|p1a: Primarina|spd|1
|
|upkeep
|turn|3
|
|t:|1776079055
|move|p1a: Primarina|Moonblast|p2a: Hikaru Utada
|-damage|p2a: Hikaru Utada|39/100
|-fieldstart|move: Grassy Terrain|[from] ability: Seed Sower|[of] p2a: Hikaru Utada
|move|p2a: Hikaru Utada|Earth Power|p1a: Primarina
|-damage|p1a: Primarina|83/100
|-unboost|p1a: Primarina|spd|1
|
|-heal|p1a: Primarina|90/100|[from] Grassy Terrain
|-heal|p2a: Hikaru Utada|45/100|[from] Grassy Terrain
|upkeep
|turn|4
|
|t:|1776079069
|move|p1a: Primarina|Moonblast|p2a: Hikaru Utada
|-damage|p2a: Hikaru Utada|0 fnt
|faint|p2a: Hikaru Utada
|
|-heal|p1a: Primarina|96/100|[from] Grassy Terrain
|upkeep
|
|t:|1776079077
|switch|p2a: Ayumi Hamasaki|Chesnaught, M, shiny|100/100
|turn|5
|
|t:|1776079085
|-terastallize|p1a: Primarina|Grass
|-terastallize|p2a: Ayumi Hamasaki|Water
|move|p1a: Primarina|Moonblast|p2a: Ayumi Hamasaki
|-damage|p2a: Ayumi Hamasaki|6/100
|-unboost|p2a: Ayumi Hamasaki|spa|1
|-enditem|p2a: Ayumi Hamasaki|Sitrus Berry|[eat]
|-heal|p2a: Ayumi Hamasaki|31/100|[from] item: Sitrus Berry
|move|p2a: Ayumi Hamasaki|Belly Drum||[still]
|-fail|p2a: Ayumi Hamasaki
|
|-heal|p1a: Primarina|100/100|[from] Grassy Terrain
|-heal|p2a: Ayumi Hamasaki|37/100|[from] Grassy Terrain
|upkeep
|turn|6
|-message|alwzson forfeited.
|
|win|zimbabwe2137
|raw|zimbabwe2137's rating: 1127 &rarr; <strong>1148</strong><br />(+21 for winning)
|raw|alwzson's rating: 1068 &rarr; <strong>1051</strong><br />(-17 for losing)
|l|☆alwzson
|player|p2|
