|html|<div class="broadcast-blue"><strong>[Gen 9] OU is currently suspecting Tera Blast! For information on how to participate check out the <a href="https://www.smogon.com/tools/suspects/view/200">suspect thread</a>.</strong></div>
|j|☆da bus ID
|j|☆FreeMoonNVolc
|t:|1776186610
|gametype|singles
|player|p1|da bus ID|1|1062
|player|p2|FreeMoonNVolc|clair|1077
|gen|9
|tier|[Gen 9] OU
|rated|
|rule|HP Percentage Mod: HP is shown in percentages
|rule|Endless Battle Clause: Forcing endless battles is banned
|rule|Species Clause: Limit one of each Pokémon
|rule|OHKO Clause: OHKO moves are banned
|rule|Evasion Items Clause: Evasion items are banned
|rule|Evasion Moves Clause: Evasion moves are banned
|rule|Evasion Abilities Clause: Evasion abilities are banned
|rule|Sleep Moves Clause: Sleep-inducing moves are banned
|clearpoke
|poke|p1|Klefki, F|
|poke|p1|Kleavor, F|
|poke|p1|Empoleon, M|
|poke|p1|Zapdos-Galar|
|poke|p1|Magmortar, F|
|poke|p1|Komala, M|
|poke|p2|Raging Bolt|
|poke|p2|Darkrai|
|poke|p2|Ogerpon-Wellspring, F|
|poke|p2|Zamazenta-*|
|poke|p2|Iron Moth|
|poke|p2|Landorus-Therian, M|
|teampreview
|inactive|Battle timer is ON: inactive players will automatically lose when time's up. (requested by da bus ID)
|
|t:|1776186618
|teamsize|p1|6
|teamsize|p2|6
|start
|switch|p1a: Kleavor|Kleavor, F|100/100
|switch|p2a: M Y . L I F E|Landorus-Therian, M, shiny|100/100
|-ability|p2a: M Y . L I F E|Intimidate|boost
|-unboost|p1a: Kleavor|atk|1
|turn|1
|
|t:|1776186624
|move|p2a: M Y . L I F E|Stealth Rock|p1a: Kleavor
|-sidestart|p1: da bus ID|move: Stealth Rock
|move|p1a: Kleavor|Stone Axe|p2a: M Y . L I F E
|-damage|p2a: M Y . L I F E|63/100
|-damage|p1a: Kleavor|84/100|[from] item: Rocky Helmet|[of] p2a: M Y . L I F E
|-sidestart|p2: FreeMoonNVolc|move: Stealth Rock
|
|upkeep
|turn|2
|inactive|FreeMoonNVolc has 120 seconds left.
|
|t:|1776186659
|switch|p1a: Zapdos|Zapdos-Galar|100/100
|-damage|p1a: Zapdos|88/100|[from] Stealth Rock
|move|p2a: M Y . L I F E|Earth Power|p1a: Zapdos
|-immune|p1a: Zapdos
|
|upkeep
|turn|3
|
|t:|1776186667
|move|p1a: Zapdos|Brave Bird|p2a: M Y . L I F E
|-damage|p2a: M Y . L I F E|3/100
|-damage|p1a: Zapdos|72/100|[from] item: Rocky Helmet|[of] p2a: M Y . L I F E
|-damage|p1a: Zapdos|48/100|[from] Recoil
|move|p2a: M Y . L I F E|U-turn|p1a: Zapdos
|-resisted|p1a: Zapdos
|-damage|p1a: Zapdos|42/100
|
|t:|1776186674
|switch|p2a: HEADLINES|Raging Bolt|100/100|[from] U-turn
|-damage|p2a: HEADLINES|88/100|[from] Stealth Rock
|-enditem|p2a: HEADLINES|Booster Energy
|-activate|p2a: HEADLINES|ability: Protosynthesis|[fromitem]
|-start|p2a: HEADLINES|protosynthesisspa
|
|upkeep
|turn|4
|
|t:|1776186679
|move|p1a: Zapdos|Knock Off|p2a: HEADLINES
|-damage|p2a: HEADLINES|71/100
|move|p2a: HEADLINES|Calm Mind|p2a: HEADLINES
|-boost|p2a: HEADLINES|spa|1
|-boost|p2a: HEADLINES|spd|1
|
|upkeep
|turn|5
|
|t:|1776186684
|move|p2a: HEADLINES|Thunderclap|p1a: Zapdos
|-supereffective|p1a: Zapdos
|-damage|p1a: Zapdos|0 fnt
|faint|p1a: Zapdos
|
|upkeep
|
|t:|1776186689
|switch|p1a: BooBoo|Klefki, F|100/100
|-damage|p1a: BooBoo|95/100|[from] Stealth Rock
|turn|6
|
|t:|1776186693
|move|p1a: BooBoo|Light Screen|p1a: BooBoo
|-sidestart|p1: da bus ID|move: Light Screen
|move|p2a: HEADLINES|Thunderbolt|p1a: BooBoo
|-damage|p1a: BooBoo|47/100
|-status|p1a: BooBoo|par
|
|upkeep
|turn|7
|
|t:|1776186700
|move|p1a: BooBoo|Spikes|p2a: HEADLINES
|-sidestart|p2: FreeMoonNVolc|Spikes
|move|p2a: HEADLINES|Calm Mind|p2a: HEADLINES
|-boost|p2a: HEADLINES|spa|1
|-boost|p2a: HEADLINES|spd|1
|
|upkeep
|turn|8
|-message|da bus ID forfeited.
|
|win|FreeMoonNVolc
|raw|da bus ID's rating: 1062 &rarr; <strong>1044</strong><br />(-18 for losing)
|raw|FreeMoonNVolc's rating: 1077 &rarr; <strong>1104</strong><br />(+27 for winning)
|l|☆da bus ID
|player|p1|
