|html|<div class="broadcast-blue"><strong>[Gen 9] OU is currently suspecting Tera Blast! For information on how to participate check out the <a href="https://www.smogon.com/tools/suspects/view/200">suspect thread</a>.</strong></div>
|j|☆Efrain.9
|j|☆jai is hot
|t:|1776036132
|gametype|singles
|player|p1|Efrain.9|hilbert-wonderlauncher|1578
|player|p2|jai is hot|swimmerf-gen4|1630
|gen|9
|tier|[Gen 9] OU
|rated|
|rule|HP Percentage Mod: HP is shown in percentages
|rule|Endless Battle Clause: Forcing endless battles is banned
|rule|Species Clause: Limit one of each Pokémon
|rule|OHKO Clause: OHKO moves are banned
|rule|Evasion Items Clause: Evasion items are banned
|rule|Evasion Moves Clause: Evasion moves are banned
|rule|Evasion Abilities Clause: Evasion abilities are banned
|rule|Sleep Moves Clause: Sleep-inducing moves are banned
|clearpoke
|poke|p1|Pelipper, F|
|poke|p1|Kingambit, F|
|poke|p1|Weezing-Galar, M|
|poke|p1|Great Tusk|
|poke|p1|Raging Bolt|
|poke|p1|Ogerpon-Wellspring, F|
|poke|p2|Landorus-Therian, M|
|poke|p2|Samurott-Hisui, F|
|poke|p2|Pecharunt|
|poke|p2|Scizor, M|
|poke|p2|Latios, M|
|poke|p2|Zamazenta-*|
|teampreview
|inactive|Battle timer is ON: inactive players will automatically lose when time's up. (requested by jai is hot)
|
|t:|1776036146
|teamsize|p1|6
|teamsize|p2|6
|start
|switch|p1a: Raging Bolt|Raging Bolt|100/100
|switch|p2a: Scizor|Scizor, M|100/100
|turn|1
|
|t:|1776036151
|switch|p2a: Landorus|Landorus-Therian, M|100/100
|-ability|p2a: Landorus|Intimidate|boost
|-unboost|p1a: Raging Bolt|atk|1
|move|p1a: Raging Bolt|Volt Switch|p2a: Landorus
|-immune|p2a: Landorus
|
|upkeep
|turn|2
|
|t:|1776036159
|-end|p1a: Raging Bolt|Protosynthesis|[silent]
|switch|p1a: Weezing|Weezing-Galar, M|100/100
|move|p2a: Landorus|Stealth Rock|p1a: Weezing
|-sidestart|p1: Efrain.9|move: Stealth Rock
|
|upkeep
|turn|3
|
|t:|1776036166
|move|p2a: Landorus|U-turn|p1a: Weezing
|-resisted|p1a: Weezing
|-damage|p1a: Weezing|96/100
|
|t:|1776036168
|switch|p2a: Pecharunt|Pecharunt|100/100|[from] U-turn
|move|p1a: Weezing|Defog|p2a: Pecharunt
|-unboost|p2a: Pecharunt|evasion|1
|-sideend|p1: Efrain.9|Stealth Rock|[from] move: Defog|[of] p1a: Weezing
|
|-heal|p1a: Weezing|100/100|[from] item: Leftovers
|upkeep
|turn|4
|
|t:|1776036176
|move|p2a: Pecharunt|Parting Shot|p1a: Weezing
|-unboost|p1a: Weezing|atk|1
|-unboost|p1a: Weezing|spa|1
|
|t:|1776036178
|switch|p2a: Latios|Latios, M|100/100|[from] Parting Shot
|move|p1a: Weezing|Toxic Spikes|p2a: Latios
|-sidestart|p2: jai is hot|move: Toxic Spikes
|
|upkeep
|turn|5
|
|t:|1776036192
|move|p2a: Latios|Calm Mind|p2a: Latios
|-boost|p2a: Latios|spa|1
|-boost|p2a: Latios|spd|1
|move|p1a: Weezing|Strange Steam|p2a: Latios
|-supereffective|p2a: Latios
|-damage|p2a: Latios|75/100
|
|upkeep
|turn|6
|
|t:|1776036201
|switch|p1a: Raging Bolt|Raging Bolt|100/100
|move|p2a: Latios|Psychic Noise|p1a: Raging Bolt
|-damage|p1a: Raging Bolt|34/100
|-start|p1a: Raging Bolt|move: Heal Block
|
|upkeep
|turn|7
|
|t:|1776036209
|-end|p1a: Raging Bolt|Protosynthesis|[silent]
|switch|p1a: Kingambit|Kingambit, F|100/100
|move|p2a: Latios|Psychic Noise|p1a: Kingambit
|-immune|p1a: Kingambit
|
|upkeep
|turn|8
|
|t:|1776036216
|switch|p2a: Landorus|Landorus-Therian, M|100/100
|-ability|p2a: Landorus|Intimidate|boost
|-unboost|p1a: Kingambit|atk|1
|-ability|p1a: Kingambit|Defiant|boost
|-boost|p1a: Kingambit|atk|2
|move|p1a: Kingambit|Sucker Punch||[still]
|-fail|p1a: Kingambit
|
|upkeep
|turn|9
|
|t:|1776036224
|-terastallize|p1a: Kingambit|Flying
|move|p2a: Landorus|Earthquake|p1a: Kingambit
|-immune|p1a: Kingambit
|move|p1a: Kingambit|Swords Dance|p1a: Kingambit
|-boost|p1a: Kingambit|atk|2
|
|upkeep
|turn|10
|j| Kyurem
|
|t:|1776036237
|move|p2a: Landorus|Smack Down|p1a: Kingambit
|-supereffective|p1a: Kingambit
|-damage|p1a: Kingambit|75/100
|-start|p1a: Kingambit|Smack Down
|move|p1a: Kingambit|Tera Blast|p2a: Landorus|[anim] Tera Blast Flying
|-damage|p2a: Landorus|0 fnt
|faint|p2a: Landorus
|
|upkeep
|
|t:|1776036244
|switch|p2a: Pecharunt|Pecharunt|100/100
|-sideend|p2: jai is hot|move: Toxic Spikes|[of] p2a: Pecharunt
|turn|11
|
|t:|1776036249
|-terastallize|p2a: Pecharunt|Dark
|move|p1a: Kingambit|Sucker Punch|p2a: Pecharunt
|-resisted|p2a: Pecharunt
|-damage|p2a: Pecharunt|70/100
|move|p2a: Pecharunt|Malignant Chain|p1a: Kingambit
|-damage|p1a: Kingambit|41/100
|-status|p1a: Kingambit|tox
|-start|p1a: Kingambit|confusion|[from] ability: Poison Puppeteer|[of] p2a: Pecharunt
|-enditem|p1a: Kingambit|Lum Berry|[eat]
|-curestatus|p1a: Kingambit|tox|[msg]
|-end|p1a: Kingambit|confusion
|
|upkeep
|turn|12
|
|t:|1776036262
|move|p2a: Pecharunt|Malignant Chain|p1a: Kingambit
|-damage|p1a: Kingambit|6/100
|-status|p1a: Kingambit|tox
|-start|p1a: Kingambit|confusion|[from] ability: Poison Puppeteer|[of] p2a: Pecharunt
|-activate|p1a: Kingambit|confusion
|move|p1a: Kingambit|Tera Blast|p2a: Pecharunt|[anim] Tera Blast Flying
|-damage|p2a: Pecharunt|2/100
|
|-damage|p1a: Kingambit|0 fnt|[from] psn
|faint|p1a: Kingambit
|upkeep
|
|t:|1776036275
|switch|p1a: Raging Bolt|Raging Bolt|34/100
|turn|13
|
|t:|1776036282
|move|p2a: Pecharunt|Malignant Chain|p1a: Raging Bolt
|-damage|p1a: Raging Bolt|5/100
|-status|p1a: Raging Bolt|tox
|-start|p1a: Raging Bolt|confusion|[from] ability: Poison Puppeteer|[of] p2a: Pecharunt
|-activate|p1a: Raging Bolt|confusion
|move|p1a: Raging Bolt|Volt Switch|p2a: Pecharunt
|-damage|p2a: Pecharunt|0 fnt
|faint|p2a: Pecharunt
|-damage|p1a: Raging Bolt|0 fnt|[from] item: Life Orb
|faint|p1a: Raging Bolt
|-end|p1a: Raging Bolt|Protosynthesis|[silent]
|
|upkeep
|
|t:|1776036298
|switch|p2a: Scizor|Scizor, M|100/100
|switch|p1a: Pelipper|Pelipper, F|100/100
|-weather|RainDance|[from] ability: Drizzle|[of] p1a: Pelipper
|turn|14
|
|t:|1776036304
|move|p2a: Scizor|Knock Off|p1a: Pelipper
|-damage|p1a: Pelipper|58/100
|-enditem|p1a: Pelipper|Damp Rock|[from] move: Knock Off|[of] p2a: Scizor
|move|p1a: Pelipper|Weather Ball|p2a: Scizor
|-damage|p2a: Scizor|2/100
|
|-weather|RainDance|[upkeep]
|upkeep
|turn|15
|
|t:|1776036312
|move|p2a: Scizor|Knock Off|p1a: Pelipper
|-crit|p1a: Pelipper
|-damage|p1a: Pelipper|16/100
|move|p1a: Pelipper|Roost|p1a: Pelipper
|-heal|p1a: Pelipper|66/100
|-singleturn|p1a: Pelipper|move: Roost
|
|-weather|RainDance|[upkeep]
|upkeep
|turn|16
|
|t:|1776036321
|move|p2a: Scizor|Swords Dance|p2a: Scizor
|-boost|p2a: Scizor|atk|2
|move|p1a: Pelipper|Hurricane|p2a: Scizor
|-damage|p2a: Scizor|0 fnt
|faint|p2a: Scizor
|
|-weather|RainDance|[upkeep]
|upkeep
|
|t:|1776036323
|switch|p2a: Latios|Latios, M|75/100
|turn|17
|
|t:|1776036330
|move|p2a: Latios|Calm Mind|p2a: Latios
|-boost|p2a: Latios|spa|1
|-boost|p2a: Latios|spd|1
|move|p1a: Pelipper|Ice Beam|p2a: Latios
|-supereffective|p2a: Latios
|-damage|p2a: Latios|39/100
|-status|p2a: Latios|frz
|
|-weather|RainDance|[upkeep]
|upkeep
|turn|18
|
|t:|1776036338
|-curestatus|p2a: Latios|frz|[msg]
|move|p2a: Latios|Psychic Noise|p1a: Pelipper
|-damage|p1a: Pelipper|0 fnt
|faint|p1a: Pelipper
|
|-weather|RainDance|[upkeep]
|upkeep
|
|t:|1776036345
|switch|p1a: Ogerpon|Ogerpon-Wellspring, F|100/100
|turn|19
|
|t:|1776036351
|switch|p2a: Zamazenta|Zamazenta|100/100
|-ability|p2a: Zamazenta|Dauntless Shield|boost
|-boost|p2a: Zamazenta|def|1
|move|p1a: Ogerpon|Ivy Cudgel|p2a: Zamazenta|[anim] Ivy Cudgel Water
|-damage|p2a: Zamazenta|56/100
|
|-weather|RainDance|[upkeep]
|-heal|p2a: Zamazenta|62/100|[from] item: Leftovers
|upkeep
|turn|20
|
|t:|1776036360
|switch|p1a: Weezing|Weezing-Galar, M|100/100
|move|p2a: Zamazenta|Body Press|p1a: Weezing
|-resisted|p1a: Weezing
|-damage|p1a: Weezing|88/100
|
|-weather|RainDance|[upkeep]
|-heal|p2a: Zamazenta|68/100|[from] item: Leftovers
|-heal|p1a: Weezing|94/100|[from] item: Leftovers
|upkeep
|turn|21
|
|t:|1776036368
|switch|p2a: Samurott|Samurott-Hisui, F|100/100
|move|p1a: Weezing|Strange Steam|p2a: Samurott
|-supereffective|p2a: Samurott
|-damage|p2a: Samurott|52/100
|-start|p2a: Samurott|confusion
|
|-weather|none
|-heal|p1a: Weezing|99/100|[from] item: Leftovers
|upkeep
|turn|22
|
|t:|1776036377
|-activate|p2a: Samurott|confusion
|move|p2a: Samurott|Ceaseless Edge|p1a: Weezing
|-resisted|p1a: Weezing
|-damage|p1a: Weezing|80/100
|-sidestart|p1: Efrain.9|Spikes
|move|p1a: Weezing|Strange Steam|p2a: Samurott
|-supereffective|p2a: Samurott
|-damage|p2a: Samurott|0 fnt
|faint|p2a: Samurott
|
|-heal|p1a: Weezing|86/100|[from] item: Leftovers
|upkeep
|
|t:|1776036381
|switch|p2a: Latios|Latios, M|39/100
|turn|23
|
|t:|1776036392
|switch|p1a: Ogerpon|Ogerpon-Wellspring, F|100/100
|-damage|p1a: Ogerpon|88/100|[from] Spikes
|move|p2a: Latios|Draco Meteor|p1a: Ogerpon
|-damage|p1a: Ogerpon|0 fnt
|-unboost|p2a: Latios|spa|2
|faint|p1a: Ogerpon
|
|upkeep
|
|t:|1776036400
|switch|p1a: Weezing|Weezing-Galar, M|86/100
|turn|24
|
|t:|1776036407
|switch|p2a: Zamazenta|Zamazenta|68/100
|move|p1a: Weezing|Strange Steam|p2a: Zamazenta
|-supereffective|p2a: Zamazenta
|-damage|p2a: Zamazenta|22/100
|-start|p2a: Zamazenta|confusion
|
|-heal|p2a: Zamazenta|28/100|[from] item: Leftovers
|-heal|p1a: Weezing|92/100|[from] item: Leftovers
|upkeep
|turn|25
|
|t:|1776036415
|-activate|p2a: Zamazenta|confusion
|-damage|p2a: Zamazenta|20/100|[from] confusion
|move|p1a: Weezing|Strange Steam|p2a: Zamazenta
|-supereffective|p2a: Zamazenta
|-damage|p2a: Zamazenta|0 fnt
|faint|p2a: Zamazenta
|
|-heal|p1a: Weezing|98/100|[from] item: Leftovers
|upkeep
|
|t:|1776036417
|switch|p2a: Latios|Latios, M|39/100
|turn|26
|
|t:|1776036425
|move|p2a: Latios|Psychic Noise|p1a: Weezing
|-supereffective|p1a: Weezing
|-damage|p1a: Weezing|0 fnt
|faint|p1a: Weezing
|
|upkeep
|
|t:|1776036430
|switch|p1a: Great Tusk|Great Tusk|100/100
|-damage|p1a: Great Tusk|88/100|[from] Spikes
|turn|27
|
|t:|1776036436
|move|p1a: Great Tusk|Head Smash|p2a: Latios|[miss]
|-miss|p1a: Great Tusk|p2a: Latios
|move|p2a: Latios|Psychic Noise|p1a: Great Tusk
|-supereffective|p1a: Great Tusk
|-damage|p1a: Great Tusk|0 fnt
|faint|p1a: Great Tusk
|-end|p1a: Great Tusk|Protosynthesis|[silent]
|
|win|jai is hot
|raw|Efrain.9's rating: 1578 &rarr; <strong>1561</strong><br />(-17 for losing)
|raw|jai is hot's rating: 1630 &rarr; <strong>1647</strong><br />(+17 for winning)
|c|☆jai is hot|lol
|l|☆Efrain.9
|player|p1|
|l|☆jai is hot
|player|p2|
