|html|<div class="broadcast-blue"><strong>[Gen 9] OU is currently suspecting Tera Blast! For information on how to participate check out the <a href="https://www.smogon.com/tools/suspects/view/200">suspect thread</a>.</strong></div>
|j|☆rydenzhou
|j|☆Jammin16
|t:|1776068692
|gametype|singles
|player|p1|rydenzhou|2|1425
|player|p2|Jammin16|2|1388
|gen|9
|tier|[Gen 9] OU
|rated|
|rule|HP Percentage Mod: HP is shown in percentages
|rule|Endless Battle Clause: Forcing endless battles is banned
|rule|Species Clause: Limit one of each Pokémon
|rule|OHKO Clause: OHKO moves are banned
|rule|Evasion Items Clause: Evasion items are banned
|rule|Evasion Moves Clause: Evasion moves are banned
|rule|Evasion Abilities Clause: Evasion abilities are banned
|rule|Sleep Moves Clause: Sleep-inducing moves are banned
|clearpoke
|poke|p1|Glimmora, M|
|poke|p1|Gholdengo|
|poke|p1|Gliscor, F|
|poke|p1|Toxapex, M|
|poke|p1|Blaziken, M|
|poke|p1|Incineroar, F|
|poke|p2|Lokix, M|
|poke|p2|Hydreigon, F|
|poke|p2|Alomomola, M|
|poke|p2|Great Tusk|
|poke|p2|Gholdengo|
|poke|p2|Clodsire, F|
|teampreview
|inactive|Battle timer is ON: inactive players will automatically lose when time's up. (requested by Jammin16)
|
|t:|1776068708
|teamsize|p1|6
|teamsize|p2|6
|start
|switch|p1a: Glimmora|Glimmora, M, shiny|100/100
|switch|p2a: Gholdengo|Gholdengo|100/100
|turn|1
|
|t:|1776068714
|move|p2a: Gholdengo|Shadow Ball|p1a: Glimmora
|-damage|p1a: Glimmora|41/100
|-unboost|p1a: Glimmora|spd|1
|move|p1a: Glimmora|Stealth Rock|p2a: Gholdengo
|-sidestart|p2: Jammin16|move: Stealth Rock
|
|upkeep
|turn|2
|
|t:|1776068721
|switch|p1a: Toxapex|Toxapex, M, shiny|100/100
|move|p2a: Gholdengo|Shadow Ball|p1a: Toxapex
|-damage|p1a: Toxapex|75/100
|
|-heal|p1a: Toxapex|81/100|[from] item: Leftovers
|upkeep
|turn|3
|
|t:|1776068731
|switch|p2a: Clodsire|Clodsire, F|100/100
|move|p1a: Toxapex|Toxic Spikes|p2a: Clodsire
|-sidestart|p2: Jammin16|move: Toxic Spikes
|
|-heal|p1a: Toxapex|87/100|[from] item: Leftovers
|upkeep
|turn|4
|
|t:|1776068739
|switch|p1a: Gliscor|Gliscor, F, shiny|100/100
|move|p2a: Clodsire|Spikes|p1a: Gliscor
|-sidestart|p1: rydenzhou|Spikes
|
|-status|p1a: Gliscor|tox|[from] item: Toxic Orb
|upkeep
|turn|5
|
|t:|1776068747
|switch|p2a: Great Tusk|Great Tusk|100/100
|-damage|p2a: Great Tusk|98/100|[from] Stealth Rock
|-status|p2a: Great Tusk|psn
|-enditem|p2a: Great Tusk|Booster Energy
|-activate|p2a: Great Tusk|ability: Protosynthesis|[fromitem]
|-start|p2a: Great Tusk|protosynthesisatk
|move|p1a: Gliscor|Knock Off|p2a: Great Tusk
|-resisted|p2a: Great Tusk
|-damage|p2a: Great Tusk|92/100 psn
|
|-damage|p2a: Great Tusk|80/100 psn|[from] psn
|upkeep
|turn|6
|
|t:|1776068760
|move|p1a: Gliscor|Protect|p1a: Gliscor
|-singleturn|p1a: Gliscor|Protect
|move|p2a: Great Tusk|Rapid Spin|p1a: Gliscor
|-activate|p1a: Gliscor|move: Protect
|
|-damage|p2a: Great Tusk|67/100 psn|[from] psn
|upkeep
|turn|7
|
|t:|1776068768
|switch|p1a: Gholdengo|Gholdengo, shiny|100/100
|-item|p1a: Gholdengo|Air Balloon
|move|p2a: Great Tusk|Rapid Spin|p1a: Gholdengo
|-immune|p1a: Gholdengo
|
|-damage|p2a: Great Tusk|55/100 psn|[from] psn
|upkeep
|turn|8
|
|t:|1776068777
|move|p2a: Great Tusk|Temper Flare|p1a: Gholdengo
|-supereffective|p1a: Gholdengo
|-damage|p1a: Gholdengo|10/100
|-enditem|p1a: Gholdengo|Air Balloon
|move|p1a: Gholdengo|Shadow Ball|p2a: Great Tusk
|-damage|p2a: Great Tusk|6/100 psn
|
|-damage|p2a: Great Tusk|0 fnt|[from] psn
|faint|p2a: Great Tusk
|-end|p2a: Great Tusk|Protosynthesis|[silent]
|upkeep
|
|t:|1776068785
|switch|p2a: Hydreigon|Hydreigon, F|100/100
|-damage|p2a: Hydreigon|88/100|[from] Stealth Rock
|turn|9
|
|t:|1776068798
|switch|p1a: Toxapex|Toxapex, M, shiny|100/100
|-damage|p1a: Toxapex|88/100|[from] Spikes
|move|p2a: Hydreigon|Earth Power|p1a: Toxapex
|-supereffective|p1a: Toxapex
|-damage|p1a: Toxapex|32/100
|
|-heal|p1a: Toxapex|38/100|[from] item: Leftovers
|upkeep
|turn|10
|
|t:|1776068808
|switch|p1a: Gliscor|Gliscor, F, shiny|100/100 tox
|move|p2a: Hydreigon|Earth Power|p1a: Gliscor
|-immune|p1a: Gliscor
|
|upkeep
|turn|11
|
|t:|1776068817
|switch|p2a: Gholdengo|Gholdengo|100/100
|-damage|p2a: Gholdengo|94/100|[from] Stealth Rock
|move|p1a: Gliscor|Spikes|p2a: Gholdengo
|-sidestart|p2: Jammin16|Spikes
|
|upkeep
|turn|12
|
|t:|1776068827
|move|p1a: Gliscor|Protect|p1a: Gliscor
|-singleturn|p1a: Gliscor|Protect
|move|p2a: Gholdengo|Trick|p1a: Gliscor
|-activate|p1a: Gliscor|move: Protect
|
|upkeep
|turn|13
|
|t:|1776068835
|switch|p2a: Alomomola|Alomomola, M|100/100
|-damage|p2a: Alomomola|88/100|[from] Stealth Rock
|-status|p2a: Alomomola|psn
|-damage|p2a: Alomomola|76/100 psn|[from] Spikes
|switch|p1a: Glimmora|Glimmora, M, shiny|41/100
|-damage|p1a: Glimmora|28/100|[from] Spikes
|
|-damage|p2a: Alomomola|63/100 psn|[from] psn
|upkeep
|turn|14
|
|t:|1776068849
|move|p1a: Glimmora|Mortal Spin|p2a: Alomomola
|-damage|p2a: Alomomola|60/100 psn
|-damage|p1a: Glimmora|12/100|[from] item: Rocky Helmet|[of] p2a: Alomomola
|-sideend|p1: rydenzhou|Spikes|[from] move: Mortal Spin|[of] p1a: Glimmora
|move|p2a: Alomomola|Flip Turn|p1a: Glimmora
|-supereffective|p1a: Glimmora
|-damage|p1a: Glimmora|0 fnt
|-activate|p1a: Glimmora|ability: Toxic Debris
|-sidestart|p2: Jammin16|move: Toxic Spikes
|faint|p1a: Glimmora
|
|t:|1776068853
|switch|p2a: Clodsire|Clodsire, F|100/100|[from] Flip Turn
|-sideend|p2: Jammin16|move: Toxic Spikes|[of] p2a: Clodsire
|
|upkeep
|
|t:|1776068863
|switch|p1a: Gholdengo|Gholdengo, shiny|10/100
|turn|15
|
|t:|1776068868
|move|p1a: Gholdengo|Recover|p1a: Gholdengo
|-heal|p1a: Gholdengo|60/100
|move|p2a: Clodsire|Earthquake|p1a: Gholdengo
|-supereffective|p1a: Gholdengo
|-damage|p1a: Gholdengo|26/100
|
|upkeep
|turn|16
|
|t:|1776068877
|switch|p1a: Gliscor|Gliscor, F, shiny|100/100 tox
|move|p2a: Clodsire|Spikes|p1a: Gliscor
|-sidestart|p1: rydenzhou|Spikes
|
|upkeep
|turn|17
|
|t:|1776068884
|switch|p2a: Alomomola|Alomomola, M|93/100 psn
|-damage|p2a: Alomomola|81/100 psn|[from] Stealth Rock
|-damage|p2a: Alomomola|69/100 psn|[from] Spikes
|move|p1a: Gliscor|Knock Off|p2a: Alomomola
|-damage|p2a: Alomomola|58/100 psn
|-damage|p1a: Gliscor|84/100 tox|[from] item: Rocky Helmet|[of] p2a: Alomomola
|-enditem|p2a: Alomomola|Rocky Helmet|[from] move: Knock Off|[of] p1a: Gliscor
|
|-heal|p1a: Gliscor|96/100 tox|[from] ability: Poison Heal
|-damage|p2a: Alomomola|45/100 psn|[from] psn
|upkeep
|turn|18
|
|t:|1776068897
|move|p1a: Gliscor|Spikes|p2a: Alomomola
|-sidestart|p2: Jammin16|Spikes
|move|p2a: Alomomola|Wish|p2a: Alomomola
|
|-heal|p1a: Gliscor|100/100 tox|[from] ability: Poison Heal
|-damage|p2a: Alomomola|33/100 psn|[from] psn
|upkeep
|turn|19
|
|t:|1776068905
|move|p1a: Gliscor|Spikes|p2a: Alomomola
|-sidestart|p2: Jammin16|Spikes
|move|p2a: Alomomola|Flip Turn|p1a: Gliscor
|-supereffective|p1a: Gliscor
|-damage|p1a: Gliscor|75/100 tox
|
|t:|1776068909
|switch|p2a: Lokix|Lokix, M|100/100|[from] Flip Turn
|-damage|p2a: Lokix|76/100|[from] Stealth Rock
|-damage|p2a: Lokix|51/100|[from] Spikes
|
|-heal|p2a: Lokix|100/100|[from] move: Wish|[wisher] Alomomola
|-heal|p1a: Gliscor|88/100 tox|[from] ability: Poison Heal
|upkeep
|turn|20
|
|t:|1776068919
|-terastallize|p2a: Lokix|Bug
|move|p1a: Gliscor|Protect|p1a: Gliscor
|-singleturn|p1a: Gliscor|Protect
|move|p2a: Lokix|U-turn|p1a: Gliscor
|-activate|p1a: Gliscor|move: Protect
|
|-heal|p1a: Gliscor|99/100 tox|[from] ability: Poison Heal
|upkeep
|turn|21
|
|t:|1776068929
|move|p2a: Lokix|U-turn|p1a: Gliscor
|-resisted|p1a: Gliscor
|-damage|p1a: Gliscor|47/100 tox
|
|t:|1776068933
|switch|p2a: Hydreigon|Hydreigon, F|88/100|[from] U-turn
|-damage|p2a: Hydreigon|76/100|[from] Stealth Rock
|move|p1a: Gliscor|Knock Off|p2a: Hydreigon
|-resisted|p2a: Hydreigon
|-damage|p2a: Hydreigon|64/100
|-enditem|p2a: Hydreigon|Choice Specs|[from] move: Knock Off|[of] p1a: Gliscor
|
|-heal|p1a: Gliscor|59/100 tox|[from] ability: Poison Heal
|upkeep
|turn|22
|
|t:|1776068944
|move|p1a: Gliscor|Protect|p1a: Gliscor
|-singleturn|p1a: Gliscor|Protect
|move|p2a: Hydreigon|Draco Meteor|p1a: Gliscor
|-activate|p1a: Gliscor|move: Protect
|
|-heal|p1a: Gliscor|72/100 tox|[from] ability: Poison Heal
|upkeep
|turn|23
|
|t:|1776068953
|move|p2a: Hydreigon|Draco Meteor|p1a: Gliscor
|-damage|p1a: Gliscor|16/100 tox
|-unboost|p2a: Hydreigon|spa|2
|move|p1a: Gliscor|Toxic|p2a: Hydreigon
|-status|p2a: Hydreigon|tox
|
|-damage|p2a: Hydreigon|58/100 tox|[from] psn
|-heal|p1a: Gliscor|29/100 tox|[from] ability: Poison Heal
|upkeep
|turn|24
|
|t:|1776068966
|switch|p2a: Alomomola|Alomomola, M|66/100 psn
|-damage|p2a: Alomomola|54/100 psn|[from] Stealth Rock
|-damage|p2a: Alomomola|29/100 psn|[from] Spikes
|move|p1a: Gliscor|Protect||[still]
|-fail|p1a: Gliscor
|
|-heal|p1a: Gliscor|41/100 tox|[from] ability: Poison Heal
|-damage|p2a: Alomomola|17/100 psn|[from] psn
|upkeep
|turn|25
|
|t:|1776068977
|switch|p2a: Clodsire|Clodsire, F|100/100
|move|p1a: Gliscor|Knock Off|p2a: Clodsire
|-damage|p2a: Clodsire|79/100
|-enditem|p2a: Clodsire|Heavy-Duty Boots|[from] move: Knock Off|[of] p1a: Gliscor
|
|-heal|p1a: Gliscor|54/100 tox|[from] ability: Poison Heal
|upkeep
|turn|26
|
|t:|1776068988
|switch|p1a: Gholdengo|Gholdengo, shiny|26/100
|-damage|p1a: Gholdengo|14/100|[from] Spikes
|move|p2a: Clodsire|Spikes|p1a: Gholdengo
|-sidestart|p1: rydenzhou|Spikes
|
|upkeep
|turn|27
|
|t:|1776068996
|move|p1a: Gholdengo|Recover|p1a: Gholdengo
|-heal|p1a: Gholdengo|64/100
|move|p2a: Clodsire|Spikes|p1a: Gholdengo
|-sidestart|p1: rydenzhou|Spikes
|
|upkeep
|turn|28
|
|t:|1776069003
|switch|p1a: Gliscor|Gliscor, F, shiny|54/100 tox
|move|p2a: Clodsire|Earthquake|p1a: Gliscor
|-immune|p1a: Gliscor
|
|-heal|p1a: Gliscor|66/100 tox|[from] ability: Poison Heal
|upkeep
|turn|29
|
|t:|1776069011
|move|p1a: Gliscor|Knock Off|p2a: Clodsire
|-damage|p2a: Clodsire|61/100
|move|p2a: Clodsire|Toxic|p1a: Gliscor
|-fail|p1a: Gliscor|tox
|
|-heal|p1a: Gliscor|78/100 tox|[from] ability: Poison Heal
|upkeep
|turn|30
|
|t:|1776069019
|move|p1a: Gliscor|Knock Off|p2a: Clodsire
|-damage|p2a: Clodsire|46/100
|move|p2a: Clodsire|Recover|p2a: Clodsire
|-heal|p2a: Clodsire|96/100
|
|-heal|p1a: Gliscor|91/100 tox|[from] ability: Poison Heal
|upkeep
|turn|31
|
|t:|1776069029
|move|p1a: Gliscor|Knock Off|p2a: Clodsire
|-damage|p2a: Clodsire|80/100
|move|p2a: Clodsire|Earthquake|p1a: Gliscor
|-immune|p1a: Gliscor
|
|-heal|p1a: Gliscor|100/100 tox|[from] ability: Poison Heal
|upkeep
|turn|32
|
|t:|1776069037
|move|p1a: Gliscor|Knock Off|p2a: Clodsire
|-damage|p2a: Clodsire|65/100
|move|p2a: Clodsire|Spikes||[still]
|-fail|p2a: Clodsire
|
|upkeep
|turn|33
|
|t:|1776069043
|switch|p1a: Incineroar|Incineroar, F, shiny|100/100
|-ability|p1a: Incineroar|Intimidate|boost
|-unboost|p2a: Clodsire|atk|1
|move|p2a: Clodsire|Spikes||[still]
|-fail|p2a: Clodsire
|
|upkeep
|turn|34
|
|t:|1776069051
|move|p1a: Incineroar|Will-O-Wisp|p2a: Clodsire
|-status|p2a: Clodsire|brn
|move|p2a: Clodsire|Toxic|p1a: Incineroar
|-status|p1a: Incineroar|tox
|
|-damage|p1a: Incineroar|94/100 tox|[from] psn
|-damage|p2a: Clodsire|59/100 brn|[from] brn
|upkeep
|turn|35
|
|t:|1776069060
|move|p1a: Incineroar|Parting Shot|p2a: Clodsire
|-unboost|p2a: Clodsire|atk|1
|-unboost|p2a: Clodsire|spa|1
|
|t:|1776069064
|switch|p1a: Gholdengo|Gholdengo, shiny|64/100|[from] Parting Shot
|-damage|p1a: Gholdengo|39/100|[from] Spikes
|move|p2a: Clodsire|Recover|p2a: Clodsire
|-heal|p2a: Clodsire|100/100 brn
|
|-damage|p2a: Clodsire|94/100 brn|[from] brn
|upkeep
|turn|36
|
|t:|1776069074
|switch|p2a: Gholdengo|Gholdengo|94/100
|-damage|p2a: Gholdengo|88/100|[from] Stealth Rock
|-damage|p2a: Gholdengo|64/100|[from] Spikes
|move|p1a: Gholdengo|Recover|p1a: Gholdengo
|-heal|p1a: Gholdengo|89/100
|
|upkeep
|turn|37
|
|t:|1776069083
|move|p2a: Gholdengo|Shadow Ball|p1a: Gholdengo
|-supereffective|p1a: Gholdengo
|-damage|p1a: Gholdengo|7/100
|move|p1a: Gholdengo|Shadow Ball|p2a: Gholdengo
|-supereffective|p2a: Gholdengo
|-damage|p2a: Gholdengo|0 fnt
|faint|p2a: Gholdengo
|
|upkeep
|
|t:|1776069094
|switch|p2a: Hydreigon|Hydreigon, F|58/100 tox
|-damage|p2a: Hydreigon|46/100 tox|[from] Stealth Rock
|turn|38
|
|t:|1776069102
|switch|p1a: Gliscor|Gliscor, F, shiny|100/100 tox
|move|p2a: Hydreigon|Dark Pulse|p1a: Gliscor
|-damage|p1a: Gliscor|67/100 tox
|
|-damage|p2a: Hydreigon|40/100 tox|[from] psn
|-heal|p1a: Gliscor|80/100 tox|[from] ability: Poison Heal
|upkeep
|turn|39
|
|t:|1776069111
|move|p1a: Gliscor|Protect|p1a: Gliscor
|-singleturn|p1a: Gliscor|Protect
|move|p2a: Hydreigon|Dark Pulse|p1a: Gliscor
|-activate|p1a: Gliscor|move: Protect
|
|-damage|p2a: Hydreigon|27/100 tox|[from] psn
|-heal|p1a: Gliscor|92/100 tox|[from] ability: Poison Heal
|upkeep
|turn|40
|-message|Jammin16 forfeited.
|
|win|rydenzhou
|raw|rydenzhou's rating: 1425 &rarr; <strong>1443</strong><br />(+18 for winning)
|raw|Jammin16's rating: 1388 &rarr; <strong>1370</strong><br />(-18 for losing)
|l|☆Jammin16
|player|p2|
|l|☆rydenzhou
|player|p1|
