|html|<div class="broadcast-blue"><strong>[Gen 9] OU is currently suspecting Tera Blast! For information on how to participate check out the <a href="https://www.smogon.com/tools/suspects/view/200">suspect thread</a>.</strong></div>
|j|☆Gyrados687
|j|☆ii4
|t:|1776090879
|gametype|singles
|player|p1|Gyrados687|265|1121
|player|p2|ii4|red|1119
|gen|9
|tier|[Gen 9] OU
|rated|
|rule|HP Percentage Mod: HP is shown in percentages
|rule|Endless Battle Clause: Forcing endless battles is banned
|rule|Species Clause: Limit one of each Pokémon
|rule|OHKO Clause: OHKO moves are banned
|rule|Evasion Items Clause: Evasion items are banned
|rule|Evasion Moves Clause: Evasion moves are banned
|rule|Evasion Abilities Clause: Evasion abilities are banned
|rule|Sleep Moves Clause: Sleep-inducing moves are banned
|clearpoke
|poke|p1|Blaziken, F|
|poke|p1|Ogerpon-Wellspring, F|
|poke|p1|Blissey, F|
|poke|p1|Dragapult, M|
|poke|p1|Rotom-Wash|
|poke|p1|Kyurem|
|poke|p2|Torkoal, F|
|poke|p2|Arcanine, M|
|poke|p2|Charizard, M|
|poke|p2|Whimsicott, F|
|poke|p2|Lapras, M|
|poke|p2|Blaziken, M|
|teampreview
|inactive|Battle timer is ON: inactive players will automatically lose when time's up. (requested by Gyrados687)
|j| ohko_smeargle
|
|t:|1776090902
|teamsize|p1|6
|teamsize|p2|6
|start
|switch|p1a: Kyurem|Kyurem|100/100
|switch|p2a: Torkoal|Torkoal, F|100/100
|-ability|p1a: Kyurem|Pressure
|-weather|SunnyDay|[from] ability: Drought|[of] p2a: Torkoal
|turn|1
|
|t:|1776090913
|move|p1a: Kyurem|Earth Power|p2a: Torkoal
|-supereffective|p2a: Torkoal
|-damage|p2a: Torkoal|42/100
|move|p2a: Torkoal|Stealth Rock|p1a: Kyurem
|-sidestart|p1: Gyrados687|move: Stealth Rock
|
|-weather|SunnyDay|[upkeep]
|upkeep
|turn|2
|
|t:|1776090924
|switch|p2a: Whimsicott|Whimsicott, F|100/100
|move|p1a: Kyurem|Earth Power|p2a: Whimsicott
|-resisted|p2a: Whimsicott
|-damage|p2a: Whimsicott|83/100
|
|-weather|SunnyDay|[upkeep]
|upkeep
|turn|3
|
|t:|1776090938
|move|p2a: Whimsicott|Tailwind|p2a: Whimsicott
|-sidestart|p2: ii4|move: Tailwind
|move|p1a: Kyurem|Ice Beam|p2a: Whimsicott
|-supereffective|p2a: Whimsicott
|-damage|p2a: Whimsicott|0 fnt
|faint|p2a: Whimsicott
|
|-weather|SunnyDay|[upkeep]
|upkeep
|
|t:|1776090945
|switch|p2a: Charizard|Charizard, M|100/100
|turn|4
|inactive|Gyrados687 has 120 seconds left.
|
|t:|1776090978
|switch|p1a: Ogerpon|Ogerpon-Wellspring, F|100/100
|-damage|p1a: Ogerpon|88/100|[from] Stealth Rock
|move|p2a: Charizard|Flamethrower|p1a: Ogerpon
|-damage|p1a: Ogerpon|0 fnt
|faint|p1a: Ogerpon
|-damage|p2a: Charizard|91/100|[from] item: Life Orb
|
|-weather|SunnyDay|[upkeep]
|-damage|p2a: Charizard|78/100|[from] ability: Solar Power|[of] p2a: Charizard
|upkeep
|inactive|Gyrados687 has 120 seconds left.
|
|t:|1776090991
|switch|p1a: Dragapult|Dragapult, M|100/100
|turn|5
|inactive|Gyrados687 has 120 seconds left.
|
|t:|1776091003
|move|p2a: Charizard|Flamethrower|p1a: Dragapult
|-resisted|p1a: Dragapult
|-damage|p1a: Dragapult|4/100
|-damage|p2a: Charizard|69/100|[from] item: Life Orb
|move|p1a: Dragapult|Phantom Force||[still]
|-prepare|p1a: Dragapult|Phantom Force
|
|-weather|SunnyDay|[upkeep]
|-damage|p2a: Charizard|56/100|[from] ability: Solar Power|[of] p2a: Charizard
|upkeep
|turn|6
|inactive|Gyrados687 has 120 seconds left.
|
|t:|1776091023
|switch|p2a: Arcanine|Arcanine, M|100/100
|-ability|p2a: Arcanine|Intimidate|boost
|-unboost|p1a: Dragapult|atk|1
|move|p1a: Dragapult|Phantom Force|p2a: Arcanine|[from] lockedmove
|-damage|p2a: Arcanine|72/100
|
|-weather|SunnyDay|[upkeep]
|-heal|p2a: Arcanine|78/100|[from] item: Leftovers
|-sideend|p2: ii4|move: Tailwind
|upkeep
|turn|7
|inactive|Gyrados687 has 120 seconds left.
|
|t:|1776091037
|switch|p1a: Rotom|Rotom-Wash|100/100
|-damage|p1a: Rotom|88/100|[from] Stealth Rock
|move|p2a: Arcanine|Flare Blitz|p1a: Rotom
|-resisted|p1a: Rotom
|-damage|p1a: Rotom|61/100
|-damage|p2a: Arcanine|71/100|[from] Recoil
|
|-weather|SunnyDay|[upkeep]
|-heal|p2a: Arcanine|77/100|[from] item: Leftovers
|-heal|p1a: Rotom|67/100|[from] item: Leftovers
|upkeep
|turn|8
|inactive|Gyrados687 has 120 seconds left.
|
|t:|1776091050
|switch|p2a: Lapras|Lapras, M|100/100
|move|p1a: Rotom|Hydro Pump|p2a: Lapras
|-immune|p2a: Lapras|[from] ability: Water Absorb
|
|-weather|none
|-heal|p1a: Rotom|74/100|[from] item: Leftovers
|upkeep
|turn|9
|inactive|Gyrados687 has 120 seconds left.
|
|t:|1776091063
|-terastallize|p1a: Rotom|Electric
|move|p2a: Lapras|Protect|p2a: Lapras
|-singleturn|p2a: Lapras|Protect
|move|p1a: Rotom|Volt Switch|p2a: Lapras
|-activate|p2a: Lapras|move: Protect
|
|-heal|p1a: Rotom|80/100|[from] item: Leftovers
|upkeep
|turn|10
|
|t:|1776091076
|switch|p2a: Torkoal|Torkoal, F|42/100
|-weather|SunnyDay|[from] ability: Drought|[of] p2a: Torkoal
|move|p1a: Rotom|Volt Switch|p2a: Torkoal
|-damage|p2a: Torkoal|6/100
|
|t:|1776091091
|switch|p1a: Kyurem|Kyurem|100/100|[from] Volt Switch
|-damage|p1a: Kyurem|75/100|[from] Stealth Rock
|-ability|p1a: Kyurem|Pressure
|
|-weather|SunnyDay|[upkeep]
|upkeep
|turn|11
|
|t:|1776091101
|move|p1a: Kyurem|Earth Power|p2a: Torkoal
|-supereffective|p2a: Torkoal
|-damage|p2a: Torkoal|0 fnt
|faint|p2a: Torkoal
|
|-weather|SunnyDay|[upkeep]
|upkeep
|
|t:|1776091107
|switch|p2a: Charizard|Charizard, M|56/100
|turn|12
|
|t:|1776091116
|move|p1a: Kyurem|Ice Beam|p2a: Charizard
|-damage|p2a: Charizard|5/100
|move|p2a: Charizard|Flamethrower|p1a: Kyurem
|-damage|p1a: Kyurem|0 fnt
|faint|p1a: Kyurem
|-damage|p2a: Charizard|0 fnt|[from] item: Life Orb
|faint|p2a: Charizard
|
|-weather|SunnyDay|[upkeep]
|upkeep
|
|t:|1776091130
|switch|p1a: Rotom|Rotom-Wash, tera:Electric|80/100
|switch|p2a: Blaziken|Blaziken, M|100/100
|-damage|p1a: Rotom|67/100|[from] Stealth Rock
|turn|13
|
|t:|1776091140
|move|p2a: Blaziken|Swords Dance|p2a: Blaziken
|-boost|p2a: Blaziken|atk|2
|move|p1a: Rotom|Hydro Pump|p2a: Blaziken
|-supereffective|p2a: Blaziken
|-damage|p2a: Blaziken|39/100
|
|-weather|SunnyDay|[upkeep]
|-heal|p1a: Rotom|74/100|[from] item: Leftovers
|-ability|p2a: Blaziken|Speed Boost|boost
|-boost|p2a: Blaziken|spe|1
|upkeep
|turn|14
|
|t:|1776091158
|-terastallize|p2a: Blaziken|Fire
|move|p2a: Blaziken|Fire Punch|p1a: Rotom
|-crit|p1a: Rotom
|-damage|p1a: Rotom|0 fnt
|faint|p1a: Rotom
|
|-weather|SunnyDay|[upkeep]
|-ability|p2a: Blaziken|Speed Boost|boost
|-boost|p2a: Blaziken|spe|1
|upkeep
|-message|Gyrados687 forfeited.
|
|win|ii4
|raw|Gyrados687's rating: 1121 &rarr; <strong>1096</strong><br />(-25 for losing)
|raw|ii4's rating: 1119 &rarr; <strong>1144</strong><br />(+25 for winning)
|l|☆Gyrados687
|player|p1|
|l| ohko_smeargle
|l|☆ii4
|player|p2|
