|html|<div class="broadcast-blue"><strong>[Gen 9] OU is currently suspecting Volcarona! For information on how to participate check out the <a href="https://www.smogon.com/tools/suspects/view/208">suspect thread</a>.</strong></div>
|j|☆ankitayare134
|j|☆baronmufasa
|t:|1778506708
|gametype|singles
|player|p1|ankitayare134|170|1115
|player|p2|baronmufasa|marshal|1155
|gen|9
|tier|[Gen 9] OU
|rated|
|rule|HP Percentage Mod: HP is shown in percentages
|rule|Endless Battle Clause: Forcing endless battles is banned
|rule|Species Clause: Limit one of each Pokémon
|rule|OHKO Clause: OHKO moves are banned
|rule|Evasion Items Clause: Evasion items are banned
|rule|Evasion Moves Clause: Evasion moves are banned
|rule|Evasion Abilities Clause: Evasion abilities are banned
|rule|Sleep Moves Clause: Sleep-inducing moves are banned
|clearpoke
|poke|p1|Milotic, M|
|poke|p1|Eelektrik, M|
|poke|p2|Torkoal, F|
|poke|p2|Walking Wake|
|poke|p2|Great Tusk|
|poke|p2|Hatterene, F|
|poke|p2|Raging Bolt|
|poke|p2|Ceruledge, M|
|teampreview
|inactive|Battle timer is ON: inactive players will automatically lose when time's up. (requested by ankitayare134)
|
|t:|1778506731
|teamsize|p1|2
|teamsize|p2|6
|start
|switch|p1a: Milotic|Milotic, M|100/100
|switch|p2a: Galet Pagos|Torkoal, F|100/100
|-weather|SunnyDay|[from] ability: Drought|[of] p2a: Galet Pagos
|turn|1
|
|t:|1778506743
|move|p1a: Milotic|Coil|p1a: Milotic
|-boost|p1a: Milotic|atk|1
|-boost|p1a: Milotic|def|1
|-boost|p1a: Milotic|accuracy|1
|move|p2a: Galet Pagos|Stealth Rock|p1a: Milotic
|-sidestart|p1: ankitayare134|move: Stealth Rock
|
|-weather|SunnyDay|[upkeep]
|upkeep
|turn|2
|
|t:|1778506756
|switch|p2a: Yes I'm Suicune|Walking Wake|100/100
|-activate|p2a: Yes I'm Suicune|ability: Protosynthesis
|-start|p2a: Yes I'm Suicune|protosynthesisspe
|move|p1a: Milotic|Coil|p1a: Milotic
|-boost|p1a: Milotic|atk|1
|-boost|p1a: Milotic|def|1
|-boost|p1a: Milotic|accuracy|1
|
|-weather|SunnyDay|[upkeep]
|upkeep
|turn|3
|
|t:|1778506767
|move|p2a: Yes I'm Suicune|Draco Meteor|p1a: Milotic
|-crit|p1a: Milotic
|-damage|p1a: Milotic|24/100
|-unboost|p2a: Yes I'm Suicune|spa|2
|move|p1a: Milotic|Blizzard|p2a: Yes I'm Suicune
|-damage|p2a: Yes I'm Suicune|71/100
|
|-weather|SunnyDay|[upkeep]
|-heal|p1a: Milotic|30/100|[from] item: Leftovers
|upkeep
|turn|4
|
|t:|1778506777
|move|p2a: Yes I'm Suicune|Draco Meteor|p1a: Milotic
|-damage|p1a: Milotic|6/100
|-unboost|p2a: Yes I'm Suicune|spa|2
|move|p1a: Milotic|Recover|p1a: Milotic
|-heal|p1a: Milotic|56/100
|
|-weather|SunnyDay|[upkeep]
|-heal|p1a: Milotic|62/100|[from] item: Leftovers
|upkeep
|turn|5
|
|t:|1778506789
|-end|p2a: Yes I'm Suicune|Protosynthesis|[silent]
|switch|p2a: I'm a Giraffe|Raging Bolt|100/100
|-activate|p2a: I'm a Giraffe|ability: Protosynthesis
|-start|p2a: I'm a Giraffe|protosynthesisspa
|move|p1a: Milotic|Recover|p1a: Milotic
|-heal|p1a: Milotic|100/100
|
|-weather|SunnyDay|[upkeep]
|upkeep
|turn|6
|
|t:|1778506798
|move|p2a: I'm a Giraffe|Thunderclap|p1a: Milotic
|-supereffective|p1a: Milotic
|-damage|p1a: Milotic|38/100
|move|p1a: Milotic|Blizzard|p2a: I'm a Giraffe
|-supereffective|p2a: I'm a Giraffe
|-damage|p2a: I'm a Giraffe|53/100
|
|-weather|SunnyDay|[upkeep]
|-heal|p2a: I'm a Giraffe|60/100|[from] item: Leftovers
|-heal|p1a: Milotic|44/100|[from] item: Leftovers
|upkeep
|turn|7
|
|t:|1778506807
|move|p2a: I'm a Giraffe|Thunderclap|p1a: Milotic
|-supereffective|p1a: Milotic
|-damage|p1a: Milotic|0 fnt
|faint|p1a: Milotic
|
|-weather|SunnyDay|[upkeep]
|-heal|p2a: I'm a Giraffe|66/100|[from] item: Leftovers
|upkeep
|
|t:|1778506810
|switch|p1a: Eelektrik|Eelektrik, M|100/100
|-damage|p1a: Eelektrik|88/100|[from] Stealth Rock
|turn|8
|
|t:|1778506821
|move|p2a: I'm a Giraffe|Calm Mind|p2a: I'm a Giraffe
|-boost|p2a: I'm a Giraffe|spa|1
|-boost|p2a: I'm a Giraffe|spd|1
|move|p1a: Eelektrik|Coil|p1a: Eelektrik
|-boost|p1a: Eelektrik|atk|1
|-boost|p1a: Eelektrik|def|1
|-boost|p1a: Eelektrik|accuracy|1
|
|-weather|none
|-end|p2a: I'm a Giraffe|Protosynthesis
|-heal|p2a: I'm a Giraffe|72/100|[from] item: Leftovers
|upkeep
|turn|9
|
|t:|1778506833
|move|p2a: I'm a Giraffe|Draco Meteor|p1a: Eelektrik
|-damage|p1a: Eelektrik|0 fnt
|-unboost|p2a: I'm a Giraffe|spa|2
|faint|p1a: Eelektrik
|
|win|baronmufasa
|raw|ankitayare134's rating: 1115 &rarr; <strong>1093</strong><br />(-22 for losing)
|raw|baronmufasa's rating: 1155 &rarr; <strong>1177</strong><br />(+22 for winning)
|l|☆ankitayare134
|player|p1|
|l|☆baronmufasa
|player|p2|
