|html|<div class="broadcast-blue"><strong>[Gen 9] OU is currently suspecting Tera Blast! For information on how to participate check out the <a href="https://www.smogon.com/tools/suspects/view/200">suspect thread</a>.</strong></div>
|j|☆RYUDRAH
|j|☆Geyserg
|t:|1776047691
|gametype|singles
|player|p1|RYUDRAH|rocketgrunt|1245
|player|p2|Geyserg|2|1188
|gen|9
|tier|[Gen 9] OU
|rated|
|rule|HP Percentage Mod: HP is shown in percentages
|rule|Endless Battle Clause: Forcing endless battles is banned
|rule|Species Clause: Limit one of each Pokémon
|rule|OHKO Clause: OHKO moves are banned
|rule|Evasion Items Clause: Evasion items are banned
|rule|Evasion Moves Clause: Evasion moves are banned
|rule|Evasion Abilities Clause: Evasion abilities are banned
|rule|Sleep Moves Clause: Sleep-inducing moves are banned
|clearpoke
|poke|p1|Haxorus, F|
|poke|p1|Iron Moth|
|poke|p1|Zoroark-Hisui, F|
|poke|p1|Pecharunt|
|poke|p1|Raging Bolt|
|poke|p1|Ogerpon-Wellspring, F|
|poke|p2|Blaziken, F|
|poke|p2|Greninja-*, M|
|poke|p2|Garganacl, M|
|poke|p2|Noivern, M|
|poke|p2|Scizor, F|
|poke|p2|Dusclops, M|
|teampreview
|inactive|Battle timer is ON: inactive players will automatically lose when time's up. (requested by Geyserg)
|
|t:|1776047716
|teamsize|p1|6
|teamsize|p2|6
|start
|switch|p1a: anahole|Ogerpon-Wellspring, F|100/100
|switch|p2a: Garganacl|Garganacl, M|100/100
|turn|1
|
|t:|1776047731
|switch|p2a: Dusclops|Dusclops, M|100/100
|-item|p1a: anahole|Choice Specs|[from] ability: Frisk|[of] p2a: Dusclops
|move|p1a: anahole|Trick|p2a: Dusclops
|-activate|p1a: anahole|move: Trick|[of] p2a: Dusclops
|-item|p2a: Dusclops|Choice Specs|[from] move: Trick
|-item|p1a: anahole|Eviolite|[from] move: Trick
|
|upkeep
|turn|2
|
|t:|1776047748
|move|p1a: anahole|Bitter Malice|p2a: Dusclops
|-supereffective|p2a: Dusclops
|-damage|p2a: Dusclops|46/100
|-unboost|p2a: Dusclops|atk|1
|move|p2a: Dusclops|Will-O-Wisp|p1a: anahole
|-status|p1a: anahole|brn
|
|-damage|p1a: anahole|95/100 brn|[from] brn
|upkeep
|turn|3
|
|t:|1776047760
|move|p1a: anahole|Bitter Malice|p2a: Dusclops
|-supereffective|p2a: Dusclops
|-crit|p2a: Dusclops
|-damage|p2a: Dusclops|0 fnt
|faint|p2a: Dusclops
|
|-damage|p1a: anahole|89/100 brn|[from] brn
|upkeep
|
|t:|1776047771
|switch|p2a: Noivern|Noivern, M|100/100
|turn|4
|
|t:|1776047783
|move|p2a: Noivern|Air Slash|p1a: anahole
|-damage|p1a: anahole|0 fnt
|replace|p1a: trick man|Zoroark-Hisui, F, shiny
|-end|p1a: trick man|Illusion
|faint|p1a: trick man
|
|upkeep
|
|t:|1776047792
|switch|p1a: raging Dih|Raging Bolt|100/100
|-enditem|p1a: raging Dih|Booster Energy
|-activate|p1a: raging Dih|ability: Protosynthesis|[fromitem]
|-start|p1a: raging Dih|protosynthesisspa
|turn|5
|
|t:|1776047802
|switch|p2a: Garganacl|Garganacl, M|100/100
|-terastallize|p1a: raging Dih|Flying
|move|p1a: raging Dih|Calm Mind|p1a: raging Dih
|-boost|p1a: raging Dih|spa|1
|-boost|p1a: raging Dih|spd|1
|
|upkeep
|turn|6
|
|t:|1776047811
|move|p2a: Garganacl|Salt Cure|p1a: raging Dih
|-supereffective|p1a: raging Dih
|-damage|p1a: raging Dih|79/100
|-start|p1a: raging Dih|Salt Cure
|move|p1a: raging Dih|Roar|p2a: Garganacl
|drag|p2a: Noivern|Noivern, M|100/100
|
|-damage|p1a: raging Dih|66/100|[from] Salt Cure
|upkeep
|turn|7
|
|t:|1776047829
|switch|p2a: Garganacl|Garganacl, M|100/100
|move|p1a: raging Dih|Thunderclap||[still]
|-fail|p1a: raging Dih
|
|-damage|p1a: raging Dih|54/100|[from] Salt Cure
|upkeep
|turn|8
|
|t:|1776047840
|move|p1a: raging Dih|Thunderclap|p2a: Garganacl
|-damage|p2a: Garganacl|23/100
|move|p2a: Garganacl|Ice Punch|p1a: raging Dih
|-supereffective|p1a: raging Dih
|-damage|p1a: raging Dih|29/100
|
|-heal|p2a: Garganacl|29/100|[from] item: Leftovers
|-damage|p1a: raging Dih|17/100|[from] Salt Cure
|upkeep
|turn|9
|
|t:|1776047856
|move|p1a: raging Dih|Thunderclap||[still]
|-fail|p1a: raging Dih
|move|p2a: Garganacl|Recover|p2a: Garganacl
|-heal|p2a: Garganacl|79/100
|
|-heal|p2a: Garganacl|85/100|[from] item: Leftovers
|-damage|p1a: raging Dih|5/100|[from] Salt Cure
|upkeep
|turn|10
|
|t:|1776047870
|move|p1a: raging Dih|Thunderclap||[still]
|-fail|p1a: raging Dih
|move|p2a: Garganacl|Recover|p2a: Garganacl
|-heal|p2a: Garganacl|100/100
|
|-damage|p1a: raging Dih|0 fnt|[from] Salt Cure
|faint|p1a: raging Dih
|-end|p1a: raging Dih|Protosynthesis|[silent]
|upkeep
|
|t:|1776047882
|switch|p1a: Sayryu|Haxorus, F, shiny|100/100
|-ability|p1a: Sayryu|Mold Breaker
|turn|11
|
|t:|1776047888
|move|p1a: Sayryu|Dragon Dance|p1a: Sayryu
|-boost|p1a: Sayryu|atk|1
|-boost|p1a: Sayryu|spe|1
|move|p2a: Garganacl|Salt Cure|p1a: Sayryu
|-damage|p1a: Sayryu|83/100
|-start|p1a: Sayryu|Salt Cure
|
|-damage|p1a: Sayryu|71/100|[from] Salt Cure
|upkeep
|turn|12
|
|t:|1776047905
|move|p1a: Sayryu|Dragon Dance|p1a: Sayryu
|-boost|p1a: Sayryu|atk|1
|-boost|p1a: Sayryu|spe|1
|move|p2a: Garganacl|Ice Punch|p1a: Sayryu
|-supereffective|p1a: Sayryu
|-damage|p1a: Sayryu|26/100
|
|-damage|p1a: Sayryu|14/100|[from] Salt Cure
|upkeep
|turn|13
|
|t:|1776047919
|move|p1a: Sayryu|Iron Head|p2a: Garganacl
|-supereffective|p2a: Garganacl
|-damage|p2a: Garganacl|38/100
|move|p2a: Garganacl|Recover|p2a: Garganacl
|-heal|p2a: Garganacl|88/100
|
|-heal|p2a: Garganacl|94/100|[from] item: Leftovers
|-damage|p1a: Sayryu|2/100|[from] Salt Cure
|upkeep
|turn|14
|
|t:|1776047929
|move|p1a: Sayryu|Outrage|p2a: Garganacl
|-damage|p2a: Garganacl|28/100
|move|p2a: Garganacl|Recover|p2a: Garganacl
|-heal|p2a: Garganacl|78/100
|
|-heal|p2a: Garganacl|84/100|[from] item: Leftovers
|-damage|p1a: Sayryu|0 fnt|[from] Salt Cure
|faint|p1a: Sayryu
|upkeep
|-message|RYUDRAH forfeited.
|
|win|Geyserg
|raw|RYUDRAH's rating: 1245 &rarr; <strong>1216</strong><br />(-29 for losing)
|raw|Geyserg's rating: 1188 &rarr; <strong>1217</strong><br />(+29 for winning)
|l|☆RYUDRAH
|player|p1|
|l|☆Geyserg
|player|p2|
