|html|<div class="broadcast-blue"><strong>[Gen 9] OU is currently suspecting Tera Blast! For information on how to participate check out the <a href="https://www.smogon.com/tools/suspects/view/200">suspect thread</a>.</strong></div>
|j|☆pressacanadagoose
|j|☆untilting1877
|t:|1776044403
|gametype|singles
|player|p1|pressacanadagoose|169|1667
|player|p2|untilting1877|2|1583
|gen|9
|tier|[Gen 9] OU
|rated|
|rule|HP Percentage Mod: HP is shown in percentages
|rule|Endless Battle Clause: Forcing endless battles is banned
|rule|Species Clause: Limit one of each Pokémon
|rule|OHKO Clause: OHKO moves are banned
|rule|Evasion Items Clause: Evasion items are banned
|rule|Evasion Moves Clause: Evasion moves are banned
|rule|Evasion Abilities Clause: Evasion abilities are banned
|rule|Sleep Moves Clause: Sleep-inducing moves are banned
|clearpoke
|poke|p1|Deoxys-Speed|
|poke|p1|Ceruledge, M|
|poke|p1|Zamazenta-*|
|poke|p1|Ogerpon-Wellspring, F|
|poke|p1|Glimmora, M|
|poke|p1|Moltres-Galar|
|poke|p2|Tornadus-Therian, M|
|poke|p2|Tinkaton, F|
|poke|p2|Slowking-Galar, F|
|poke|p2|Sinistcha|
|poke|p2|Weavile, M|
|poke|p2|Volcanion|
|teampreview
|
|t:|1776044421
|teamsize|p1|6
|teamsize|p2|6
|start
|switch|p1a: Ogerpon|Ogerpon-Wellspring, F|100/100
|switch|p2a: Tinkaton|Tinkaton, F|100/100
|-item|p2a: Tinkaton|Air Balloon
|turn|1
|
|t:|1776044444
|move|p1a: Ogerpon|Ivy Cudgel|p2a: Tinkaton|[anim] Ivy Cudgel Water
|-damage|p2a: Tinkaton|36/100
|-enditem|p2a: Tinkaton|Air Balloon
|move|p2a: Tinkaton|Stealth Rock|p1a: Ogerpon
|-sidestart|p1: pressacanadagoose|move: Stealth Rock
|
|upkeep
|turn|2
|
|t:|1776044450
|switch|p2a: Sinistcha|Sinistcha|100/100
|move|p1a: Ogerpon|Play Rough|p2a: Sinistcha
|-damage|p2a: Sinistcha|76/100
|
|upkeep
|turn|3
|
|t:|1776044460
|switch|p1a: Glimmora|Glimmora, M|100/100
|-damage|p1a: Glimmora|88/100|[from] Stealth Rock
|move|p2a: Sinistcha|Matcha Gotcha|p1a: Glimmora
|-damage|p1a: Glimmora|47/100
|-heal|p2a: Sinistcha|94/100|[from] drain|[of] p1a: Glimmora
|
|upkeep
|turn|4
|
|t:|1776044463
|switch|p2a: Tinkaton|Tinkaton, F|36/100
|move|p1a: Glimmora|Meteor Beam||[still]
|-prepare|p1a: Glimmora|Meteor Beam
|-boost|p1a: Glimmora|spa|1
|-enditem|p1a: Glimmora|Power Herb
|-anim|p1a: Glimmora|Meteor Beam|p2a: Tinkaton
|-resisted|p2a: Tinkaton
|-damage|p2a: Tinkaton|0 fnt
|faint|p2a: Tinkaton
|
|upkeep
|
|t:|1776044478
|switch|p2a: Tornadus|Tornadus-Therian, M|100/100
|turn|5
|
|t:|1776044485
|-terastallize|p2a: Tornadus|Ground
|move|p2a: Tornadus|Tera Blast|p1a: Glimmora|[anim] Tera Blast Ground
|-supereffective|p1a: Glimmora
|-damage|p1a: Glimmora|0 fnt
|faint|p1a: Glimmora
|-damage|p2a: Tornadus|91/100|[from] item: Life Orb
|
|upkeep
|
|t:|1776044489
|switch|p1a: Deoxys|Deoxys-Speed|100/100
|-damage|p1a: Deoxys|88/100|[from] Stealth Rock
|-ability|p1a: Deoxys|Pressure
|turn|6
|
|t:|1776044491
|switch|p2a: Slowking|Slowking-Galar, F|100/100
|move|p1a: Deoxys|Light Screen|p1a: Deoxys
|-sidestart|p1: pressacanadagoose|move: Light Screen
|
|upkeep
|turn|7
|
|t:|1776044496
|move|p1a: Deoxys|Taunt|p2a: Slowking
|-start|p2a: Slowking|move: Taunt
|cant|p2a: Slowking|move: Taunt|Toxic Spikes
|
|upkeep
|turn|8
|
|t:|1776044501
|switch|p2a: Weavile|Weavile, M|100/100
|-ability|p2a: Weavile|Pressure
|move|p1a: Deoxys|Reflect|p1a: Deoxys
|-sidestart|p1: pressacanadagoose|Reflect
|
|upkeep
|turn|9
|
|t:|1776044507
|switch|p1a: Zamazenta|Zamazenta|100/100
|-damage|p1a: Zamazenta|94/100|[from] Stealth Rock
|-ability|p1a: Zamazenta|Dauntless Shield|boost
|-boost|p1a: Zamazenta|def|1
|move|p2a: Weavile|Knock Off|p1a: Zamazenta
|-resisted|p1a: Zamazenta
|-damage|p1a: Zamazenta|88/100
|-enditem|p1a: Zamazenta|Leftovers|[from] move: Knock Off|[of] p2a: Weavile
|
|upkeep
|turn|10
|
|t:|1776044514
|switch|p1a: Moltres|Moltres-Galar|100/100
|-damage|p1a: Moltres|76/100|[from] Stealth Rock
|switch|p2a: Slowking|Slowking-Galar, F|100/100
|
|upkeep
|turn|11
|
|t:|1776044519
|move|p1a: Moltres|Fiery Wrath|p2a: Slowking
|-supereffective|p2a: Slowking
|-damage|p2a: Slowking|54/100
|-prepare|p2a: Slowking|Chilly Reception|[premajor]
|cant|p2a: Slowking|flinch
|
|upkeep
|turn|12
|
|t:|1776044530
|switch|p2a: Weavile|Weavile, M|100/100
|-ability|p2a: Weavile|Pressure
|move|p1a: Moltres|Agility|p1a: Moltres
|-boost|p1a: Moltres|spe|2
|
|upkeep
|turn|13
|
|t:|1776044537
|-terastallize|p1a: Moltres|Fairy
|move|p1a: Moltres|Tera Blast|p2a: Weavile|[anim] Tera Blast Fairy
|-supereffective|p2a: Weavile
|-damage|p2a: Weavile|4/100
|move|p2a: Weavile|Triple Axel|p1a: Moltres
|-damage|p1a: Moltres|70/100
|-damage|p1a: Moltres|59/100
|-damage|p1a: Moltres|42/100
|-enditem|p1a: Moltres|Sitrus Berry|[eat]
|-heal|p1a: Moltres|67/100|[from] item: Sitrus Berry
|-hitcount|p1a: Moltres|3
|
|-sideend|p1: pressacanadagoose|move: Light Screen
|upkeep
|turn|14
|
|t:|1776044549
|switch|p2a: Slowking|Slowking-Galar, F|88/100
|move|p1a: Moltres|Fiery Wrath|p2a: Slowking
|-supereffective|p2a: Slowking
|-damage|p2a: Slowking|39/100
|
|upkeep
|turn|15
|
|t:|1776044553
|switch|p2a: Weavile|Weavile, M|4/100
|-ability|p2a: Weavile|Pressure
|move|p1a: Moltres|Fiery Wrath|p2a: Weavile
|-resisted|p2a: Weavile
|-damage|p2a: Weavile|0 fnt
|faint|p2a: Weavile
|
|-sideend|p1: pressacanadagoose|Reflect
|upkeep
|
|t:|1776044555
|switch|p2a: Slowking|Slowking-Galar, F|72/100
|turn|16
|
|t:|1776044556
|move|p1a: Moltres|Nasty Plot|p1a: Moltres
|-boost|p1a: Moltres|spa|2
|move|p2a: Slowking|Sludge Bomb|p1a: Moltres
|-supereffective|p1a: Moltres
|-damage|p1a: Moltres|7/100
|-ability|p1a: Moltres|Berserk|boost
|-boost|p1a: Moltres|spa|1
|
|upkeep
|turn|17
|
|t:|1776044563
|switch|p2a: Sinistcha|Sinistcha|94/100
|move|p1a: Moltres|Fiery Wrath|p2a: Sinistcha
|-supereffective|p2a: Sinistcha
|-damage|p2a: Sinistcha|0 fnt
|faint|p2a: Sinistcha
|
|upkeep
|
|t:|1776044564
|switch|p2a: Slowking|Slowking-Galar, F|100/100
|turn|18
|
|t:|1776044566
|move|p1a: Moltres|Fiery Wrath|p2a: Slowking
|-supereffective|p2a: Slowking
|-damage|p2a: Slowking|0 fnt
|faint|p2a: Slowking
|
|upkeep
|-message|untilting1877 forfeited.
|
|win|pressacanadagoose
|raw|pressacanadagoose's rating: 1667 &rarr; <strong>1682</strong><br />(+15 for winning)
|raw|untilting1877's rating: 1583 &rarr; <strong>1568</strong><br />(-15 for losing)
|l|☆untilting1877
|player|p2|
|l|☆pressacanadagoose
|player|p1|
