|html|<div class="broadcast-blue"><strong>[Gen 9] OU is currently suspecting Tera Blast! For information on how to participate check out the <a href="https://www.smogon.com/tools/suspects/view/200">suspect thread</a>.</strong></div>
|j|☆napkinscience
|j|☆pikachuplanet
|t:|1776277043
|gametype|singles
|player|p1|napkinscience|akari|1455
|player|p2|pikachuplanet|pokekid|1413
|gen|9
|tier|[Gen 9] OU
|rated|
|rule|HP Percentage Mod: HP is shown in percentages
|rule|Endless Battle Clause: Forcing endless battles is banned
|rule|Species Clause: Limit one of each Pokémon
|rule|OHKO Clause: OHKO moves are banned
|rule|Evasion Items Clause: Evasion items are banned
|rule|Evasion Moves Clause: Evasion moves are banned
|rule|Evasion Abilities Clause: Evasion abilities are banned
|rule|Sleep Moves Clause: Sleep-inducing moves are banned
|clearpoke
|poke|p1|Garganacl, F|
|poke|p1|Darkrai|
|poke|p1|Great Tusk|
|poke|p1|Hatterene, F|
|poke|p1|Tornadus-Therian, M|
|poke|p1|Dragonite, M|
|poke|p2|Dragonite, M|
|poke|p2|Cinderace, M|
|poke|p2|Slowking-Galar, M|
|poke|p2|Alomomola, F|
|poke|p2|Great Tusk|
|poke|p2|Kyurem|
|teampreview
|inactive|Battle timer is ON: inactive players will automatically lose when time's up. (requested by pikachuplanet)
|
|t:|1776277057
|teamsize|p1|6
|teamsize|p2|6
|start
|switch|p1a: Tornadus|Tornadus-Therian, M, shiny|100/100
|switch|p2a: Cinderace|Cinderace, M|100/100
|turn|1
|
|t:|1776277063
|move|p1a: Tornadus|Knock Off|p2a: Cinderace
|-damage|p2a: Cinderace|71/100
|-enditem|p2a: Cinderace|Heavy-Duty Boots|[from] move: Knock Off|[of] p1a: Tornadus
|move|p2a: Cinderace|Pyro Ball|p1a: Tornadus
|-damage|p1a: Tornadus|32/100
|
|upkeep
|turn|2
|
|t:|1776277070
|move|p2a: Cinderace|Sucker Punch|p1a: Tornadus
|-start|p2a: Cinderace|typechange|Dark|[from] ability: Libero
|-damage|p1a: Tornadus|0 fnt
|faint|p1a: Tornadus
|
|upkeep
|
|t:|1776277089
|switch|p1a: Garganacl|Garganacl, F|100/100
|turn|3
|
|t:|1776277093
|move|p2a: Cinderace|U-turn|p1a: Garganacl
|-damage|p1a: Garganacl|87/100
|
|t:|1776277095
|switch|p2a: Alomomola|Alomomola, F|100/100|[from] U-turn
|move|p1a: Garganacl|Salt Cure|p2a: Alomomola
|-damage|p2a: Alomomola|94/100
|-start|p2a: Alomomola|Salt Cure
|
|-heal|p2a: Alomomola|99/100|[from] item: Leftovers
|-heal|p1a: Garganacl|93/100|[from] item: Leftovers
|-damage|p2a: Alomomola|75/100|[from] Salt Cure
|upkeep
|turn|4
|
|t:|1776277105
|move|p2a: Alomomola|Flip Turn|p1a: Garganacl
|-supereffective|p1a: Garganacl
|-damage|p1a: Garganacl|70/100
|
|t:|1776277109
|switch|p2a: Dragonite|Dragonite, M|100/100|[from] Flip Turn
|move|p1a: Garganacl|Stealth Rock|p2a: Dragonite
|-sidestart|p2: pikachuplanet|move: Stealth Rock
|
|-heal|p1a: Garganacl|76/100|[from] item: Leftovers
|upkeep
|turn|5
|
|t:|1776277113
|move|p2a: Dragonite|Encore|p1a: Garganacl
|-start|p1a: Garganacl|Encore
|move|p1a: Garganacl|Stealth Rock||[still]
|-fail|p1a: Garganacl
|
|-heal|p1a: Garganacl|82/100|[from] item: Leftovers
|upkeep
|turn|6
|
|t:|1776277117
|switch|p1a: Great Tusk|Great Tusk|100/100
|-enditem|p1a: Great Tusk|Booster Energy
|-activate|p1a: Great Tusk|ability: Protosynthesis|[fromitem]
|-start|p1a: Great Tusk|protosynthesisatk
|move|p2a: Dragonite|Dragon Dance|p2a: Dragonite
|-boost|p2a: Dragonite|atk|1
|-boost|p2a: Dragonite|spe|1
|
|upkeep
|turn|7
|
|t:|1776277123
|-terastallize|p2a: Dragonite|Ghost
|move|p2a: Dragonite|Dragon Dance|p2a: Dragonite
|-boost|p2a: Dragonite|atk|1
|-boost|p2a: Dragonite|spe|1
|move|p1a: Great Tusk|Rapid Spin|p2a: Dragonite
|-immune|p2a: Dragonite
|
|upkeep
|turn|8
|
|t:|1776277129
|move|p2a: Dragonite|Encore|p1a: Great Tusk
|-start|p1a: Great Tusk|Encore
|move|p1a: Great Tusk|Rapid Spin|p2a: Dragonite
|-immune|p2a: Dragonite
|
|upkeep
|turn|9
|
|t:|1776277135
|-end|p1a: Great Tusk|Protosynthesis|[silent]
|switch|p1a: Hatterene|Hatterene, F|100/100
|move|p2a: Dragonite|Dragon Dance|p2a: Dragonite
|-boost|p2a: Dragonite|atk|1
|-boost|p2a: Dragonite|spe|1
|
|upkeep
|turn|10
|
|t:|1776277138
|move|p2a: Dragonite|Tera Blast|p1a: Hatterene|[anim] Tera Blast Ghost
|-supereffective|p1a: Hatterene
|-damage|p1a: Hatterene|0 fnt
|faint|p1a: Hatterene
|
|upkeep
|
|t:|1776277141
|switch|p1a: Garganacl|Garganacl, F|82/100
|turn|11
|
|t:|1776277144
|move|p2a: Dragonite|Low Kick|p1a: Garganacl
|-supereffective|p1a: Garganacl
|-damage|p1a: Garganacl|0 fnt
|faint|p1a: Garganacl
|
|upkeep
|
|t:|1776277153
|switch|p1a: Dragonite|Dragonite, M|100/100
|turn|12
|
|t:|1776277156
|-terastallize|p1a: Dragonite|Normal
|move|p2a: Dragonite|Tera Blast|p1a: Dragonite|[anim] Tera Blast Ghost
|-immune|p1a: Dragonite
|move|p1a: Dragonite|Earthquake|p2a: Dragonite
|-damage|p2a: Dragonite|78/100
|
|upkeep
|turn|13
|
|t:|1776277162
|move|p2a: Dragonite|Low Kick|p1a: Dragonite
|-supereffective|p1a: Dragonite
|-damage|p1a: Dragonite|4/100
|move|p1a: Dragonite|Earthquake|p2a: Dragonite
|-damage|p2a: Dragonite|35/100
|
|upkeep
|turn|14
|
|t:|1776277167
|move|p2a: Dragonite|Low Kick|p1a: Dragonite
|-supereffective|p1a: Dragonite
|-damage|p1a: Dragonite|0 fnt
|faint|p1a: Dragonite
|
|upkeep
|
|t:|1776277168
|switch|p1a: Great Tusk|Great Tusk|100/100
|turn|15
|
|t:|1776277172
|move|p2a: Dragonite|Tera Blast|p1a: Great Tusk|[anim] Tera Blast Ghost
|-crit|p1a: Great Tusk
|-damage|p1a: Great Tusk|0 fnt
|faint|p1a: Great Tusk
|-end|p1a: Great Tusk|Protosynthesis|[silent]
|
|upkeep
|-message|napkinscience forfeited.
|
|win|pikachuplanet
|raw|napkinscience's rating: 1455 &rarr; <strong>1433</strong><br />(-22 for losing)
|raw|pikachuplanet's rating: 1413 &rarr; <strong>1435</strong><br />(+22 for winning)
|l|☆napkinscience
|player|p1|
|l|☆pikachuplanet
|player|p2|
|j|☆napkinscience
|player|p1|napkinscience|akari|
