|html|<div class="broadcast-blue"><strong>[Gen 9] OU is currently suspecting Tera Blast! For information on how to participate check out the <a href="https://www.smogon.com/tools/suspects/view/200">suspect thread</a>.</strong></div>
|j|☆TrahsAltNotAlt
|j|☆raonar303
|t:|1776348916
|gametype|singles
|player|p1|TrahsAltNotAlt|iris-gen5bw2|1583
|player|p2|raonar303|gwynn|1621
|gen|9
|tier|[Gen 9] OU
|rated|
|rule|HP Percentage Mod: HP is shown in percentages
|rule|Endless Battle Clause: Forcing endless battles is banned
|rule|Species Clause: Limit one of each Pokémon
|rule|OHKO Clause: OHKO moves are banned
|rule|Evasion Items Clause: Evasion items are banned
|rule|Evasion Moves Clause: Evasion moves are banned
|rule|Evasion Abilities Clause: Evasion abilities are banned
|rule|Sleep Moves Clause: Sleep-inducing moves are banned
|clearpoke
|poke|p1|Garganacl, M|
|poke|p1|Darkrai|
|poke|p1|Great Tusk|
|poke|p1|Hatterene, F|
|poke|p1|Tornadus-Therian, M|
|poke|p1|Dragonite, M|
|poke|p2|Iron Valiant|
|poke|p2|Rillaboom, M|
|poke|p2|Heatran, F|
|poke|p2|Great Tusk|
|poke|p2|Zapdos|
|poke|p2|Samurott-Hisui, F|
|teampreview
|inactive|Battle timer is ON: inactive players will automatically lose when time's up. (requested by raonar303)
|
|t:|1776348936
|teamsize|p1|6
|teamsize|p2|6
|start
|switch|p1a: Darkrai|Darkrai|100/100
|switch|p2a: Heatran|Heatran, F|100/100
|turn|1
|
|t:|1776348948
|move|p1a: Darkrai|Focus Blast|p2a: Heatran|[miss]
|-miss|p1a: Darkrai|p2a: Heatran
|move|p2a: Heatran|Magma Storm|p1a: Darkrai|[miss]
|-miss|p2a: Heatran|p1a: Darkrai
|
|upkeep
|turn|2
|
|t:|1776348956
|switch|p1a: Hatterene|Hatterene, F|100/100
|move|p2a: Heatran|Magma Storm|p1a: Hatterene|[miss]
|-miss|p2a: Heatran|p1a: Hatterene
|
|upkeep
|turn|3
|
|t:|1776348963
|switch|p1a: Garganacl|Garganacl, M|100/100
|move|p2a: Heatran|Magma Storm|p1a: Garganacl
|-resisted|p1a: Garganacl
|-damage|p1a: Garganacl|85/100
|-activate|p1a: Garganacl|move: Magma Storm|[of] p2a: Heatran
|
|-heal|p1a: Garganacl|92/100|[from] item: Leftovers
|-damage|p1a: Garganacl|79/100|[from] move: Magma Storm|[partiallytrapped]
|upkeep
|turn|4
|
|t:|1776348971
|switch|p2a: Rillaboom|Rillaboom, M|100/100
|-fieldstart|move: Grassy Terrain|[from] ability: Grassy Surge|[of] p2a: Rillaboom
|move|p1a: Garganacl|Salt Cure|p2a: Rillaboom
|-damage|p2a: Rillaboom|86/100
|-start|p2a: Rillaboom|Salt Cure
|
|-heal|p2a: Rillaboom|92/100|[from] Grassy Terrain
|-heal|p1a: Garganacl|85/100|[from] Grassy Terrain
|-heal|p1a: Garganacl|92/100|[from] item: Leftovers
|-damage|p2a: Rillaboom|79/100|[from] Salt Cure
|-end|p1a: Garganacl|Magma Storm|[partiallytrapped]|[silent]
|upkeep
|turn|5
|
|t:|1776348986
|move|p1a: Garganacl|Protect|p1a: Garganacl
|-singleturn|p1a: Garganacl|Protect
|move|p2a: Rillaboom|Wood Hammer|p1a: Garganacl
|-activate|p1a: Garganacl|move: Protect
|
|-heal|p2a: Rillaboom|86/100|[from] Grassy Terrain
|-heal|p1a: Garganacl|98/100|[from] Grassy Terrain
|-heal|p1a: Garganacl|100/100|[from] item: Leftovers
|-damage|p2a: Rillaboom|73/100|[from] Salt Cure
|upkeep
|turn|6
|
|t:|1776348999
|switch|p1a: Tornadus|Tornadus-Therian, M, shiny|100/100
|move|p2a: Rillaboom|Knock Off|p1a: Tornadus
|-damage|p1a: Tornadus|43/100
|-enditem|p1a: Tornadus|Assault Vest|[from] move: Knock Off|[of] p2a: Rillaboom
|-damage|p2a: Rillaboom|63/100|[from] item: Life Orb
|
|-heal|p2a: Rillaboom|69/100|[from] Grassy Terrain
|-damage|p2a: Rillaboom|57/100|[from] Salt Cure
|upkeep
|turn|7
|
|t:|1776349006
|switch|p2a: Heatran|Heatran, F|100/100
|move|p1a: Tornadus|Bleakwind Storm|p2a: Heatran
|-resisted|p2a: Heatran
|-damage|p2a: Heatran|89/100
|
|-heal|p2a: Heatran|95/100|[from] Grassy Terrain
|-heal|p2a: Heatran|100/100|[from] item: Leftovers
|upkeep
|turn|8
|
|t:|1776349011
|switch|p1a: Garganacl|Garganacl, M|100/100
|move|p2a: Heatran|Magma Storm|p1a: Garganacl|[miss]
|-miss|p2a: Heatran|p1a: Garganacl
|
|-fieldend|move: Grassy Terrain
|upkeep
|turn|9
|
|t:|1776349022
|switch|p2a: Rillaboom|Rillaboom, M|57/100
|-fieldstart|move: Grassy Terrain|[from] ability: Grassy Surge|[of] p2a: Rillaboom
|move|p1a: Garganacl|Salt Cure|p2a: Rillaboom
|-damage|p2a: Rillaboom|43/100
|-start|p2a: Rillaboom|Salt Cure
|
|-heal|p2a: Rillaboom|49/100|[from] Grassy Terrain
|-damage|p2a: Rillaboom|37/100|[from] Salt Cure
|upkeep
|turn|10
|
|t:|1776349029
|move|p1a: Garganacl|Protect|p1a: Garganacl
|-singleturn|p1a: Garganacl|Protect
|move|p2a: Rillaboom|Wood Hammer|p1a: Garganacl
|-activate|p1a: Garganacl|move: Protect
|
|-heal|p2a: Rillaboom|43/100|[from] Grassy Terrain
|-damage|p2a: Rillaboom|30/100|[from] Salt Cure
|upkeep
|turn|11
|
|t:|1776349036
|switch|p1a: Tornadus|Tornadus-Therian, M, shiny|76/100
|move|p2a: Rillaboom|Wood Hammer|p1a: Tornadus
|-resisted|p1a: Tornadus
|-damage|p1a: Tornadus|5/100
|-damage|p2a: Rillaboom|7/100|[from] Recoil
|-damage|p2a: Rillaboom|0 fnt|[from] item: Life Orb
|faint|p2a: Rillaboom
|
|upkeep
|
|t:|1776349042
|switch|p2a: Samurott|Samurott-Hisui, F|100/100
|turn|12
|
|t:|1776349045
|move|p1a: Tornadus|U-turn|p2a: Samurott
|-supereffective|p2a: Samurott
|-damage|p2a: Samurott|68/100
|
|t:|1776349052
|switch|p1a: Hatterene|Hatterene, F|100/100|[from] U-turn
|move|p2a: Samurott|Ceaseless Edge|p1a: Hatterene
|-damage|p1a: Hatterene|69/100
|-damage|p2a: Samurott|52/100|[from] item: Rocky Helmet|[of] p1a: Hatterene
|-sidestart|p1: TrahsAltNotAlt|Spikes
|
|-heal|p2a: Samurott|58/100|[from] Grassy Terrain
|-heal|p1a: Hatterene|75/100|[from] Grassy Terrain
|upkeep
|turn|13
|
|t:|1776349068
|switch|p2a: Heatran|Heatran, F|100/100
|move|p1a: Hatterene|Dazzling Gleam|p2a: Heatran
|-resisted|p2a: Heatran
|-damage|p2a: Heatran|95/100
|
|-heal|p2a: Heatran|100/100|[from] Grassy Terrain
|-heal|p1a: Hatterene|81/100|[from] Grassy Terrain
|-fieldend|move: Grassy Terrain
|upkeep
|turn|14
|
|t:|1776349081
|switch|p1a: Tornadus|Tornadus-Therian, M, shiny|38/100
|move|p2a: Heatran|Magma Storm|p1a: Tornadus
|-damage|p1a: Tornadus|0 fnt
|faint|p1a: Tornadus
|
|upkeep
|
|t:|1776349086
|switch|p1a: Garganacl|Garganacl, M|100/100
|-damage|p1a: Garganacl|88/100|[from] Spikes
|turn|15
|
|t:|1776349090
|move|p2a: Heatran|Stealth Rock|p1a: Garganacl
|-sidestart|p1: TrahsAltNotAlt|move: Stealth Rock
|move|p1a: Garganacl|Salt Cure|p2a: Heatran
|-damage|p2a: Heatran|89/100
|-start|p2a: Heatran|Salt Cure
|
|-heal|p2a: Heatran|95/100|[from] item: Leftovers
|-heal|p1a: Garganacl|94/100|[from] item: Leftovers
|-damage|p2a: Heatran|70/100|[from] Salt Cure
|upkeep
|turn|16
|j| testingrainteam1
|
|t:|1776349103
|switch|p2a: Great Tusk|Great Tusk|100/100
|move|p1a: Garganacl|Protect||[still]
|-fail|p1a: Garganacl
|
|-heal|p1a: Garganacl|100/100|[from] item: Leftovers
|upkeep
|turn|17
|
|t:|1776349108
|switch|p1a: Great Tusk|Great Tusk|100/100
|-damage|p1a: Great Tusk|88/100|[from] Spikes
|-damage|p1a: Great Tusk|85/100|[from] Stealth Rock
|-enditem|p1a: Great Tusk|Booster Energy
|-activate|p1a: Great Tusk|ability: Protosynthesis|[fromitem]
|-start|p1a: Great Tusk|protosynthesisatk
|move|p2a: Great Tusk|Knock Off|p1a: Great Tusk
|-resisted|p1a: Great Tusk
|-damage|p1a: Great Tusk|77/100
|
|upkeep
|turn|18
|
|t:|1776349116
|-end|p2a: Great Tusk|Protosynthesis|[silent]
|switch|p2a: Zapdos|Zapdos|100/100
|move|p1a: Great Tusk|Rapid Spin|p2a: Zapdos
|-damage|p2a: Zapdos|85/100
|-boost|p1a: Great Tusk|spe|1
|-status|p1a: Great Tusk|par|[from] ability: Static|[of] p2a: Zapdos
|-sideend|p1: TrahsAltNotAlt|Spikes|[from] move: Rapid Spin|[of] p1a: Great Tusk
|-sideend|p1: TrahsAltNotAlt|Stealth Rock|[from] move: Rapid Spin|[of] p1a: Great Tusk
|
|upkeep
|turn|19
|
|t:|1776349126
|move|p2a: Zapdos|Hurricane|p1a: Great Tusk|[miss]
|-miss|p2a: Zapdos|p1a: Great Tusk
|cant|p1a: Great Tusk|par
|
|upkeep
|turn|20
|
|t:|1776349137
|-end|p1a: Great Tusk|Protosynthesis|[silent]
|switch|p1a: Garganacl|Garganacl, M|100/100
|move|p2a: Zapdos|Hurricane|p1a: Garganacl|[miss]
|-miss|p2a: Zapdos|p1a: Garganacl
|
|upkeep
|turn|21
|
|t:|1776349145
|move|p2a: Zapdos|Volt Switch|p1a: Garganacl
|-damage|p1a: Garganacl|81/100
|
|t:|1776349154
|switch|p2a: Great Tusk|Great Tusk|100/100|[from] Volt Switch
|move|p1a: Garganacl|Salt Cure|p2a: Great Tusk
|-resisted|p2a: Great Tusk
|-damage|p2a: Great Tusk|98/100
|-start|p2a: Great Tusk|Salt Cure
|
|-heal|p1a: Garganacl|87/100|[from] item: Leftovers
|-damage|p2a: Great Tusk|85/100|[from] Salt Cure
|upkeep
|turn|22
|
|t:|1776349161
|switch|p1a: Hatterene|Hatterene, F|81/100
|move|p2a: Great Tusk|Headlong Rush|p1a: Hatterene
|-damage|p1a: Hatterene|34/100
|-unboost|p2a: Great Tusk|def|1
|-unboost|p2a: Great Tusk|spd|1
|-damage|p2a: Great Tusk|69/100|[from] item: Rocky Helmet|[of] p1a: Hatterene
|
|-damage|p2a: Great Tusk|57/100|[from] Salt Cure
|upkeep
|turn|23
|
|t:|1776349168
|switch|p1a: Dragonite|Dragonite, M|100/100
|move|p2a: Great Tusk|Headlong Rush|p1a: Dragonite
|-immune|p1a: Dragonite
|
|-damage|p2a: Great Tusk|44/100|[from] Salt Cure
|upkeep
|turn|24
|l| testingrainteam1
|
|t:|1776349175
|-end|p2a: Great Tusk|Protosynthesis|[silent]
|switch|p2a: Zapdos|Zapdos|85/100
|move|p1a: Dragonite|Dragon Dance|p1a: Dragonite
|-boost|p1a: Dragonite|atk|1
|-boost|p1a: Dragonite|spe|1
|
|upkeep
|turn|25
|
|t:|1776349179
|move|p1a: Dragonite|Dragon Dance|p1a: Dragonite
|-boost|p1a: Dragonite|atk|1
|-boost|p1a: Dragonite|spe|1
|move|p2a: Zapdos|Thunder Wave|p1a: Dragonite
|-status|p1a: Dragonite|par
|
|upkeep
|turn|26
|
|t:|1776349187
|move|p2a: Zapdos|Hurricane|p1a: Dragonite
|-damage|p1a: Dragonite|77/100 par
|move|p1a: Dragonite|Dragon Dance|p1a: Dragonite
|-boost|p1a: Dragonite|atk|1
|-boost|p1a: Dragonite|spe|1
|
|upkeep
|turn|27
|
|t:|1776349195
|cant|p1a: Dragonite|par
|move|p2a: Zapdos|Hurricane|p1a: Dragonite
|-damage|p1a: Dragonite|36/100 par
|
|upkeep
|turn|28
|
|t:|1776349199
|cant|p1a: Dragonite|par
|move|p2a: Zapdos|Hurricane|p1a: Dragonite|[miss]
|-miss|p2a: Zapdos|p1a: Dragonite
|
|upkeep
|turn|29
|
|t:|1776349202
|move|p1a: Dragonite|Roost|p1a: Dragonite
|-heal|p1a: Dragonite|86/100 par
|-singleturn|p1a: Dragonite|move: Roost
|move|p2a: Zapdos|Hurricane|p1a: Dragonite
|-crit|p1a: Dragonite
|-damage|p1a: Dragonite|25/100 par
|
|upkeep
|turn|30
|j| testingrainteam1
|
|t:|1776349209
|move|p1a: Dragonite|Extreme Speed|p2a: Zapdos
|-damage|p2a: Zapdos|16/100
|move|p2a: Zapdos|Volt Switch|p1a: Dragonite
|-damage|p1a: Dragonite|0 fnt
|faint|p1a: Dragonite
|-message|TrahsAltNotAlt forfeited.
|
|win|raonar303
|raw|TrahsAltNotAlt's rating: 1583 &rarr; <strong>1565</strong><br />(-18 for losing)
|raw|raonar303's rating: 1621 &rarr; <strong>1639</strong><br />(+18 for winning)
|l|☆TrahsAltNotAlt
|player|p1|
