|html|<div class="broadcast-blue"><strong>[Gen 9] OU is currently suspecting Tera Blast! For information on how to participate check out the <a href="https://www.smogon.com/tools/suspects/view/200">suspect thread</a>.</strong></div>
|j|☆arachno23
|j|☆Wheatum
|t:|1776237956
|gametype|singles
|player|p1|arachno23|170|1137
|player|p2|Wheatum|2|1132
|gen|9
|tier|[Gen 9] OU
|rated|
|rule|HP Percentage Mod: HP is shown in percentages
|rule|Endless Battle Clause: Forcing endless battles is banned
|rule|Species Clause: Limit one of each Pokémon
|rule|OHKO Clause: OHKO moves are banned
|rule|Evasion Items Clause: Evasion items are banned
|rule|Evasion Moves Clause: Evasion moves are banned
|rule|Evasion Abilities Clause: Evasion abilities are banned
|rule|Sleep Moves Clause: Sleep-inducing moves are banned
|clearpoke
|poke|p1|Excadrill, M|
|poke|p1|Tyranitar, F|
|poke|p1|Kingambit, F|
|poke|p1|Garchomp, M|
|poke|p1|Iron Treads|
|poke|p1|Dragapult, M|
|poke|p2|Moltres-Galar|
|poke|p2|Gholdengo|
|poke|p2|Samurott-Hisui, M|
|poke|p2|Smeargle, M|
|poke|p2|Zamazenta-*|
|poke|p2|Deoxys-Speed|
|teampreview
|inactive|Battle timer is ON: inactive players will automatically lose when time's up. (requested by Wheatum)
|
|t:|1776237968
|teamsize|p1|6
|teamsize|p2|6
|start
|switch|p1a: Tyranitar|Tyranitar, F, shiny|100/100
|switch|p2a: Samurott|Samurott-Hisui, M|100/100
|-weather|Sandstorm|[from] ability: Sand Stream|[of] p1a: Tyranitar
|turn|1
|
|t:|1776237976
|move|p2a: Samurott|Ceaseless Edge|p1a: Tyranitar
|-resisted|p1a: Tyranitar
|-damage|p1a: Tyranitar|82/100
|-sidestart|p1: arachno23|Spikes
|move|p1a: Tyranitar|Stealth Rock|p2a: Samurott
|-sidestart|p2: Wheatum|move: Stealth Rock
|
|-weather|Sandstorm|[upkeep]
|-damage|p2a: Samurott|94/100|[from] Sandstorm
|upkeep
|turn|2
|
|t:|1776238003
|move|p2a: Samurott|Ceaseless Edge|p1a: Tyranitar
|-resisted|p1a: Tyranitar
|-damage|p1a: Tyranitar|65/100
|-sidestart|p1: arachno23|Spikes
|move|p1a: Tyranitar|Knock Off|p2a: Samurott
|-resisted|p2a: Samurott
|-damage|p2a: Samurott|67/100
|-enditem|p2a: Samurott|Focus Sash|[from] move: Knock Off|[of] p1a: Tyranitar
|
|-weather|Sandstorm|[upkeep]
|-damage|p2a: Samurott|60/100|[from] Sandstorm
|upkeep
|turn|3
|
|t:|1776238012
|switch|p1a: Iron Treads|Iron Treads, shiny|100/100
|move|p2a: Samurott|Ceaseless Edge|p1a: Iron Treads|[miss]
|-miss|p2a: Samurott|p1a: Iron Treads
|
|-weather|Sandstorm|[upkeep]
|-damage|p2a: Samurott|54/100|[from] Sandstorm
|upkeep
|turn|4
|
|t:|1776238019
|switch|p2a: Gholdengo|Gholdengo|100/100
|-damage|p2a: Gholdengo|94/100|[from] Stealth Rock
|move|p1a: Iron Treads|Rapid Spin|p2a: Gholdengo
|-immune|p2a: Gholdengo
|
|-weather|Sandstorm|[upkeep]
|upkeep
|turn|5
|
|t:|1776238029
|move|p2a: Gholdengo|Trick|p1a: Iron Treads
|-activate|p2a: Gholdengo|move: Trick|[of] p1a: Iron Treads
|-item|p1a: Iron Treads|Choice Scarf|[from] move: Trick
|-item|p2a: Gholdengo|Heavy-Duty Boots|[from] move: Trick
|move|p1a: Iron Treads|Earthquake|p2a: Gholdengo
|-supereffective|p2a: Gholdengo
|-damage|p2a: Gholdengo|0 fnt
|faint|p2a: Gholdengo
|
|-weather|Sandstorm|[upkeep]
|upkeep
|
|t:|1776238031
|switch|p2a: Smeargle|Smeargle, M|100/100
|-damage|p2a: Smeargle|88/100|[from] Stealth Rock
|turn|6
|
|t:|1776238036
|-terastallize|p2a: Smeargle|Flying
|move|p1a: Iron Treads|Earthquake|p2a: Smeargle
|-immune|p2a: Smeargle
|move|p2a: Smeargle|Jaw Lock|p1a: Iron Treads
|-damage|p1a: Iron Treads|90/100
|-activate|p2a: Smeargle|trapped
|-activate|p1a: Iron Treads|trapped
|
|-weather|Sandstorm|[upkeep]
|-damage|p2a: Smeargle|82/100|[from] Sandstorm
|upkeep
|turn|7
|c|☆Wheatum|finally
|c|☆Wheatum|its been years
|
|t:|1776238049
|move|p1a: Iron Treads|Earthquake|p2a: Smeargle
|-immune|p2a: Smeargle
|move|p2a: Smeargle|No Retreat|p2a: Smeargle
|-boost|p2a: Smeargle|atk|1
|-boost|p2a: Smeargle|def|1
|-boost|p2a: Smeargle|spa|1
|-boost|p2a: Smeargle|spd|1
|-boost|p2a: Smeargle|spe|1
|
|-weather|Sandstorm|[upkeep]
|-damage|p2a: Smeargle|76/100|[from] Sandstorm
|upkeep
|turn|8
|
|t:|1776238058
|move|p1a: Iron Treads|Earthquake|p2a: Smeargle
|-immune|p2a: Smeargle
|move|p2a: Smeargle|No Retreat|p2a: Smeargle
|-boost|p2a: Smeargle|atk|1
|-boost|p2a: Smeargle|def|1
|-boost|p2a: Smeargle|spa|1
|-boost|p2a: Smeargle|spd|1
|-boost|p2a: Smeargle|spe|1
|
|-weather|none
|upkeep
|turn|9
|
|t:|1776238072
|move|p1a: Iron Treads|Earthquake|p2a: Smeargle
|-immune|p2a: Smeargle
|move|p2a: Smeargle|No Retreat|p2a: Smeargle
|-boost|p2a: Smeargle|atk|1
|-boost|p2a: Smeargle|def|1
|-boost|p2a: Smeargle|spa|1
|-boost|p2a: Smeargle|spd|1
|-boost|p2a: Smeargle|spe|1
|
|upkeep
|turn|10
|
|t:|1776238081
|move|p1a: Iron Treads|Earthquake|p2a: Smeargle
|-immune|p2a: Smeargle
|move|p2a: Smeargle|No Retreat|p2a: Smeargle
|-boost|p2a: Smeargle|atk|1
|-boost|p2a: Smeargle|def|1
|-boost|p2a: Smeargle|spa|1
|-boost|p2a: Smeargle|spd|1
|-boost|p2a: Smeargle|spe|1
|
|upkeep
|turn|11
|
|t:|1776238087
|move|p2a: Smeargle|No Retreat|p2a: Smeargle
|-boost|p2a: Smeargle|atk|1
|-boost|p2a: Smeargle|def|1
|-boost|p2a: Smeargle|spa|1
|-boost|p2a: Smeargle|spd|1
|-boost|p2a: Smeargle|spe|1
|move|p1a: Iron Treads|Earthquake|p2a: Smeargle
|-immune|p2a: Smeargle
|
|upkeep
|turn|12
|
|t:|1776238090
|move|p2a: Smeargle|No Retreat|p2a: Smeargle
|-boost|p2a: Smeargle|atk|1
|-boost|p2a: Smeargle|def|1
|-boost|p2a: Smeargle|spa|1
|-boost|p2a: Smeargle|spd|1
|-boost|p2a: Smeargle|spe|1
|move|p1a: Iron Treads|Earthquake|p2a: Smeargle
|-immune|p2a: Smeargle
|
|upkeep
|turn|13
|
|t:|1776238092
|move|p2a: Smeargle|Population Bomb|p1a: Iron Treads
|-resisted|p1a: Iron Treads
|-damage|p1a: Iron Treads|77/100
|-resisted|p1a: Iron Treads
|-damage|p1a: Iron Treads|66/100
|-resisted|p1a: Iron Treads
|-crit|p1a: Iron Treads
|-damage|p1a: Iron Treads|48/100
|-resisted|p1a: Iron Treads
|-damage|p1a: Iron Treads|34/100
|-resisted|p1a: Iron Treads
|-damage|p1a: Iron Treads|22/100
|-resisted|p1a: Iron Treads
|-damage|p1a: Iron Treads|11/100
|-resisted|p1a: Iron Treads
|-damage|p1a: Iron Treads|0 fnt
|faint|p1a: Iron Treads
|-end|p1a: Iron Treads|Quark Drive|[silent]
|-hitcount|p1: Iron Treads|7
|
|upkeep
|
|t:|1776238102
|switch|p1a: Tyranitar|Tyranitar, F, shiny|65/100
|-damage|p1a: Tyranitar|48/100|[from] Spikes
|-weather|Sandstorm|[from] ability: Sand Stream|[of] p1a: Tyranitar
|turn|14
|
|t:|1776238106
|move|p2a: Smeargle|Power Trip|p1a: Tyranitar
|-resisted|p1a: Tyranitar
|-damage|p1a: Tyranitar|0 fnt
|faint|p1a: Tyranitar
|
|-weather|Sandstorm|[upkeep]
|-damage|p2a: Smeargle|70/100|[from] Sandstorm
|upkeep
|
|t:|1776238132
|switch|p1a: Excadrill|Excadrill, M, shiny|100/100
|-damage|p1a: Excadrill|84/100|[from] Spikes
|turn|15
|
|t:|1776238141
|move|p2a: Smeargle|Power Trip|p1a: Excadrill
|-damage|p1a: Excadrill|0 fnt
|faint|p1a: Excadrill
|
|-weather|Sandstorm|[upkeep]
|-damage|p2a: Smeargle|64/100|[from] Sandstorm
|upkeep
|
|t:|1776238146
|switch|p1a: Dragapult|Dragapult, M, shiny|100/100
|turn|16
|
|t:|1776238149
|move|p2a: Smeargle|Power Trip|p1a: Dragapult
|-supereffective|p1a: Dragapult
|-damage|p1a: Dragapult|0 fnt
|faint|p1a: Dragapult
|
|-weather|Sandstorm|[upkeep]
|-damage|p2a: Smeargle|58/100|[from] Sandstorm
|upkeep
|
|t:|1776238151
|switch|p1a: Garchomp|Garchomp, M, shiny|100/100
|-damage|p1a: Garchomp|84/100|[from] Spikes
|turn|17
|
|t:|1776238160
|move|p2a: Smeargle|Power Trip|p1a: Garchomp
|-damage|p1a: Garchomp|0 fnt
|-damage|p2a: Smeargle|45/100|[from] ability: Rough Skin|[of] p1a: Garchomp
|faint|p1a: Garchomp
|
|-weather|Sandstorm|[upkeep]
|-damage|p2a: Smeargle|39/100|[from] Sandstorm
|upkeep
|
|t:|1776238167
|switch|p1a: Kingambit|Kingambit, F|100/100
|-damage|p1a: Kingambit|84/100|[from] Spikes
|-activate|p1a: Kingambit|ability: Supreme Overlord
|-start|p1a: Kingambit|fallen5|[silent]
|turn|18
|
|t:|1776238174
|move|p2a: Smeargle|Population Bomb|p1a: Kingambit
|-resisted|p1a: Kingambit
|-damage|p1a: Kingambit|75/100
|-resisted|p1a: Kingambit
|-damage|p1a: Kingambit|65/100
|-resisted|p1a: Kingambit
|-damage|p1a: Kingambit|56/100
|-resisted|p1a: Kingambit
|-crit|p1a: Kingambit
|-damage|p1a: Kingambit|43/100
|-resisted|p1a: Kingambit
|-damage|p1a: Kingambit|33/100
|-resisted|p1a: Kingambit
|-damage|p1a: Kingambit|24/100
|-resisted|p1a: Kingambit
|-damage|p1a: Kingambit|13/100
|-resisted|p1a: Kingambit
|-damage|p1a: Kingambit|4/100
|-resisted|p1a: Kingambit
|-damage|p1a: Kingambit|0 fnt
|faint|p1a: Kingambit
|-end|p1a: Kingambit|fallen5|[silent]
|-hitcount|p1: Kingambit|9
|
|win|Wheatum
|raw|arachno23's rating: 1137 &rarr; <strong>1112</strong><br />(-25 for losing)
|raw|Wheatum's rating: 1132 &rarr; <strong>1157</strong><br />(+25 for winning)
|l|☆arachno23
|player|p1|
