|html|<div class="broadcast-blue"><strong>[Gen 9] OU is currently suspecting Tera Blast! For information on how to participate check out the <a href="https://www.smogon.com/tools/suspects/view/200">suspect thread</a>.</strong></div>
|j|☆HTF-Kraken
|j|☆Lyrick
|t:|1776053550
|gametype|singles
|player|p1|HTF-Kraken|2|1073
|player|p2|Lyrick|101|1059
|gen|9
|tier|[Gen 9] OU
|rated|
|rule|HP Percentage Mod: HP is shown in percentages
|rule|Endless Battle Clause: Forcing endless battles is banned
|rule|Species Clause: Limit one of each Pokémon
|rule|OHKO Clause: OHKO moves are banned
|rule|Evasion Items Clause: Evasion items are banned
|rule|Evasion Moves Clause: Evasion moves are banned
|rule|Evasion Abilities Clause: Evasion abilities are banned
|rule|Sleep Moves Clause: Sleep-inducing moves are banned
|clearpoke
|poke|p1|Dragapult, F|
|poke|p1|Glastrier|
|poke|p1|Tinkaton, F|
|poke|p1|Ting-Lu|
|poke|p1|Iron Hands|
|poke|p1|Moltres|
|poke|p2|Zoroark-Hisui, F|
|poke|p2|Misdreavus, F|
|poke|p2|Sableye, M|
|poke|p2|Tinkaton, F|
|poke|p2|Hatterene, F|
|poke|p2|Swadloon, M|
|teampreview
|
|t:|1776053560
|teamsize|p1|6
|teamsize|p2|6
|start
|switch|p1a: Moltres|Moltres|100/100
|switch|p2a: Swadloon|Swadloon, M|100/100
|turn|1
|
|t:|1776053566
|move|p1a: Moltres|Flamethrower|p2a: Swadloon
|-supereffective|p2a: Swadloon
|-damage|p2a: Swadloon|0 fnt
|faint|p2a: Swadloon
|
|upkeep
|
|t:|1776053571
|switch|p2a: Sableye|Sableye, M|100/100
|turn|2
|
|t:|1776053593
|switch|p1a: Ting-Lu|Ting-Lu|100/100
|-ability|p1a: Ting-Lu|Vessel of Ruin
|move|p2a: Sableye|Light Screen|p2a: Sableye
|-sidestart|p2: Lyrick|move: Light Screen
|
|upkeep
|turn|3
|
|t:|1776053598
|move|p2a: Sableye|Reflect|p2a: Sableye
|-sidestart|p2: Lyrick|Reflect
|move|p1a: Ting-Lu|Spikes|p2a: Sableye
|-sidestart|p2: Lyrick|Spikes
|
|upkeep
|turn|4
|
|t:|1776053604
|switch|p2a: Hatterene|Hatterene, F|100/100
|-damage|p2a: Hatterene|88/100|[from] Spikes
|move|p1a: Ting-Lu|Spikes|p2a: Hatterene
|move|p2a: Hatterene|Spikes|p1a: Ting-Lu|[from] ability: Magic Bounce
|-sidestart|p1: HTF-Kraken|Spikes
|
|upkeep
|turn|5
|
|t:|1776053612
|switch|p1a: Moltres|Moltres|100/100
|move|p2a: Hatterene|Calm Mind|p2a: Hatterene
|-boost|p2a: Hatterene|spa|1
|-boost|p2a: Hatterene|spd|1
|
|upkeep
|turn|6
|
|t:|1776053616
|move|p1a: Moltres|U-turn|p2a: Hatterene
|-damage|p2a: Hatterene|81/100
|
|t:|1776053620
|switch|p1a: Ting-Lu|Ting-Lu|100/100|[from] U-turn
|-damage|p1a: Ting-Lu|88/100|[from] Spikes
|-ability|p1a: Ting-Lu|Vessel of Ruin
|move|p2a: Hatterene|Calm Mind|p2a: Hatterene
|-boost|p2a: Hatterene|spa|1
|-boost|p2a: Hatterene|spd|1
|
|-heal|p1a: Ting-Lu|94/100|[from] item: Leftovers
|-sideend|p2: Lyrick|move: Light Screen
|upkeep
|turn|7
|
|t:|1776053630
|move|p1a: Ting-Lu|Ruination|p2a: Hatterene
|-damage|p2a: Hatterene|41/100
|move|p2a: Hatterene|Trick Room|p2a: Hatterene
|-fieldstart|move: Trick Room|[of] p2a: Hatterene
|
|-heal|p1a: Ting-Lu|100/100|[from] item: Leftovers
|-sideend|p2: Lyrick|Reflect
|upkeep
|turn|8
|
|t:|1776053649
|move|p2a: Hatterene|Draining Kiss|p1a: Ting-Lu
|-supereffective|p1a: Ting-Lu
|-damage|p1a: Ting-Lu|64/100
|-heal|p2a: Hatterene|85/100|[from] drain|[of] p1a: Ting-Lu
|move|p1a: Ting-Lu|Earthquake|p2a: Hatterene
|-damage|p2a: Hatterene|55/100
|
|-heal|p1a: Ting-Lu|70/100|[from] item: Leftovers
|upkeep
|turn|9
|
|t:|1776053657
|switch|p1a: Moltres|Moltres|100/100
|move|p2a: Hatterene|Draining Kiss|p1a: Moltres
|-resisted|p1a: Moltres
|-damage|p1a: Moltres|76/100
|-heal|p2a: Hatterene|78/100|[from] drain|[of] p1a: Moltres
|
|upkeep
|turn|10
|
|t:|1776053663
|move|p2a: Hatterene|Stored Power|p1a: Moltres
|-damage|p1a: Moltres|0 fnt
|faint|p1a: Moltres
|
|upkeep
|
|t:|1776053666
|switch|p1a: Ting-Lu|Ting-Lu|70/100
|-damage|p1a: Ting-Lu|58/100|[from] Spikes
|-ability|p1a: Ting-Lu|Vessel of Ruin
|turn|11
|
|t:|1776053671
|move|p2a: Hatterene|Draining Kiss|p1a: Ting-Lu
|-supereffective|p1a: Ting-Lu
|-damage|p1a: Ting-Lu|17/100
|-heal|p2a: Hatterene|100/100|[from] drain|[of] p1a: Ting-Lu
|move|p1a: Ting-Lu|Ruination|p2a: Hatterene
|-damage|p2a: Hatterene|50/100
|
|-heal|p1a: Ting-Lu|24/100|[from] item: Leftovers
|-fieldend|move: Trick Room
|upkeep
|turn|12
|
|t:|1776053683
|move|p1a: Ting-Lu|Earthquake|p2a: Hatterene
|-damage|p2a: Hatterene|19/100
|move|p2a: Hatterene|Trick Room|p2a: Hatterene
|-fieldstart|move: Trick Room|[of] p2a: Hatterene
|
|-heal|p1a: Ting-Lu|30/100|[from] item: Leftovers
|upkeep
|turn|13
|-message|HTF-Kraken forfeited.
|
|win|Lyrick
|raw|HTF-Kraken's rating: 1073 &rarr; <strong>1051</strong><br />(-22 for losing)
|raw|Lyrick's rating: 1059 &rarr; <strong>1091</strong><br />(+32 for winning)
|l|☆HTF-Kraken
|player|p1|
|l|☆Lyrick
|player|p2|
