|html|<div class="broadcast-blue"><strong>[Gen 9] OU is currently suspecting Tera Blast! For information on how to participate check out the <a href="https://www.smogon.com/tools/suspects/view/200">suspect thread</a>.</strong></div>
|j|☆Goodnight Yubi
|j|☆Blastoise_Choice
|t:|1776062578
|gametype|singles
|player|p1|Goodnight Yubi|brycenman|1636
|player|p2|Blastoise_Choice|benga|1627
|gen|9
|tier|[Gen 9] OU
|rated|
|rule|HP Percentage Mod: HP is shown in percentages
|rule|Endless Battle Clause: Forcing endless battles is banned
|rule|Species Clause: Limit one of each Pokémon
|rule|OHKO Clause: OHKO moves are banned
|rule|Evasion Items Clause: Evasion items are banned
|rule|Evasion Moves Clause: Evasion moves are banned
|rule|Evasion Abilities Clause: Evasion abilities are banned
|rule|Sleep Moves Clause: Sleep-inducing moves are banned
|clearpoke
|poke|p1|Weavile, F|
|poke|p1|Raging Bolt|
|poke|p1|Hatterene, F|
|poke|p1|Zamazenta-*|
|poke|p1|Iron Treads|
|poke|p1|Moltres|
|poke|p2|Hydrapple, M|
|poke|p2|Tyranitar, F|
|poke|p2|Moltres|
|poke|p2|Zamazenta-*|
|poke|p2|Slowking-Galar, F|
|poke|p2|Excadrill, F|
|teampreview
|inactive|Battle timer is ON: inactive players will automatically lose when time's up. (requested by Goodnight Yubi)
|c|☆Blastoise_Choice|hf
|inactive|Blastoise_Choice also wants the timer to be on.
|c|☆Goodnight Yubi|you too
|
|t:|1776062602
|teamsize|p1|6
|teamsize|p2|6
|start
|switch|p1a: Weavile|Weavile, F|100/100
|switch|p2a: Slowking|Slowking-Galar, F|100/100
|-ability|p1a: Weavile|Pressure
|turn|1
|
|t:|1776062608
|move|p1a: Weavile|Knock Off|p2a: Slowking
|-supereffective|p2a: Slowking
|-damage|p2a: Slowking|10/100
|-enditem|p2a: Slowking|Assault Vest|[from] move: Knock Off|[of] p1a: Weavile
|-damage|p1a: Weavile|91/100|[from] item: Life Orb
|move|p2a: Slowking|Flamethrower|p1a: Weavile
|-supereffective|p1a: Weavile
|-damage|p1a: Weavile|23/100
|
|upkeep
|turn|2
|
|t:|1776062616
|switch|p2a: Zamazenta|Zamazenta|100/100
|-ability|p2a: Zamazenta|Dauntless Shield|boost
|-boost|p2a: Zamazenta|def|1
|move|p1a: Weavile|Knock Off|p2a: Zamazenta
|-resisted|p2a: Zamazenta
|-damage|p2a: Zamazenta|84/100
|-enditem|p2a: Zamazenta|Leftovers|[from] move: Knock Off|[of] p1a: Weavile
|-damage|p1a: Weavile|13/100|[from] item: Life Orb
|
|upkeep
|turn|3
|
|t:|1776062623
|switch|p1a: Moltres|Moltres|100/100
|move|p2a: Zamazenta|Body Press|p1a: Moltres
|-resisted|p1a: Moltres
|-damage|p1a: Moltres|75/100
|-status|p2a: Zamazenta|brn|[from] ability: Flame Body|[of] p1a: Moltres
|
|-damage|p2a: Zamazenta|77/100 brn|[from] brn
|upkeep
|turn|4
|
|t:|1776062630
|switch|p2a: Tyranitar|Tyranitar, F|100/100
|-weather|Sandstorm|[from] ability: Sand Stream|[of] p2a: Tyranitar
|move|p1a: Moltres|U-turn|p2a: Tyranitar
|-supereffective|p2a: Tyranitar
|-damage|p2a: Tyranitar|78/100
|
|t:|1776062641
|switch|p1a: Iron Treads|Iron Treads|100/100|[from] U-turn
|
|-weather|Sandstorm|[upkeep]
|upkeep
|turn|5
|
|t:|1776062649
|switch|p2a: Hydrapple|Hydrapple, M|100/100
|move|p1a: Iron Treads|Stealth Rock|p2a: Hydrapple
|-sidestart|p2: Blastoise_Choice|move: Stealth Rock
|
|-weather|Sandstorm|[upkeep]
|-damage|p2a: Hydrapple|94/100|[from] Sandstorm
|upkeep
|turn|6
|
|t:|1776062656
|move|p1a: Iron Treads|Ice Spinner|p2a: Hydrapple
|-supereffective|p2a: Hydrapple
|-damage|p2a: Hydrapple|29/100
|move|p2a: Hydrapple|Fickle Beam|p1a: Iron Treads
|-resisted|p1a: Iron Treads
|-damage|p1a: Iron Treads|77/100
|
|-weather|Sandstorm|[upkeep]
|-damage|p2a: Hydrapple|23/100|[from] Sandstorm
|upkeep
|turn|7
|
|t:|1776062663
|-end|p1a: Iron Treads|Quark Drive|[silent]
|switch|p1a: Raging Bolt|Raging Bolt|100/100
|switch|p2a: Excadrill|Excadrill, F|100/100
|-damage|p2a: Excadrill|97/100|[from] Stealth Rock
|-item|p2a: Excadrill|Air Balloon
|
|-weather|Sandstorm|[upkeep]
|-damage|p1a: Raging Bolt|94/100|[from] Sandstorm
|upkeep
|turn|8
|
|t:|1776062669
|-end|p1a: Raging Bolt|Protosynthesis|[silent]
|switch|p1a: Zamazenta|Zamazenta|100/100
|-ability|p1a: Zamazenta|Dauntless Shield|boost
|-boost|p1a: Zamazenta|def|1
|move|p2a: Excadrill|Rapid Spin|p1a: Zamazenta
|-damage|p1a: Zamazenta|92/100
|-boost|p2a: Excadrill|spe|1
|-sideend|p2: Blastoise_Choice|Stealth Rock|[from] move: Rapid Spin|[of] p2a: Excadrill
|
|-weather|Sandstorm|[upkeep]
|-damage|p1a: Zamazenta|86/100|[from] Sandstorm
|-heal|p1a: Zamazenta|92/100|[from] item: Leftovers
|upkeep
|turn|9
|
|t:|1776062676
|switch|p2a: Moltres|Moltres|100/100
|move|p1a: Zamazenta|Iron Defense|p1a: Zamazenta
|-boost|p1a: Zamazenta|def|2
|
|-weather|Sandstorm|[upkeep]
|-damage|p1a: Zamazenta|86/100|[from] Sandstorm
|-damage|p2a: Moltres|94/100|[from] Sandstorm
|-heal|p1a: Zamazenta|92/100|[from] item: Leftovers
|upkeep
|turn|10
|
|t:|1776062693
|switch|p1a: Raging Bolt|Raging Bolt|94/100
|move|p2a: Moltres|Flamethrower|p1a: Raging Bolt
|-resisted|p1a: Raging Bolt
|-damage|p1a: Raging Bolt|78/100
|
|-weather|Sandstorm|[upkeep]
|-damage|p2a: Moltres|88/100|[from] Sandstorm
|-damage|p1a: Raging Bolt|72/100|[from] Sandstorm
|upkeep
|turn|11
|
|t:|1776062699
|switch|p2a: Excadrill|Excadrill, F|97/100
|-item|p2a: Excadrill|Air Balloon
|move|p1a: Raging Bolt|Draco Meteor|p2a: Excadrill
|-resisted|p2a: Excadrill
|-damage|p2a: Excadrill|18/100
|-unboost|p1a: Raging Bolt|spa|2
|-enditem|p2a: Excadrill|Air Balloon
|
|-weather|none
|upkeep
|turn|12
|
|t:|1776062725
|-end|p1a: Raging Bolt|Protosynthesis|[silent]
|switch|p1a: Moltres|Moltres|75/100
|move|p2a: Excadrill|Earthquake|p1a: Moltres
|-immune|p1a: Moltres
|
|upkeep
|turn|13
|
|t:|1776062732
|switch|p2a: Slowking|Slowking-Galar, F|44/100
|switch|p1a: Zamazenta|Zamazenta|92/100
|
|-heal|p1a: Zamazenta|98/100|[from] item: Leftovers
|upkeep
|turn|14
|
|t:|1776062738
|switch|p1a: Iron Treads|Iron Treads|77/100
|switch|p2a: Hydrapple|Hydrapple, M|56/100
|
|upkeep
|turn|15
|j| eggs egs
|
|t:|1776062748
|switch|p2a: Moltres|Moltres|88/100
|move|p1a: Iron Treads|Stealth Rock|p2a: Moltres
|-sidestart|p2: Blastoise_Choice|move: Stealth Rock
|
|upkeep
|turn|16
|
|t:|1776062765
|-end|p1a: Iron Treads|Quark Drive|[silent]
|switch|p1a: Moltres|Moltres|75/100
|move|p2a: Moltres|U-turn|p1a: Moltres
|-resisted|p1a: Moltres
|-damage|p1a: Moltres|72/100
|
|t:|1776062772
|switch|p2a: Slowking|Slowking-Galar, F|77/100|[from] U-turn
|-damage|p2a: Slowking|65/100|[from] Stealth Rock
|
|upkeep
|turn|17
|
|t:|1776062784
|move|p1a: Moltres|U-turn|p2a: Slowking
|-crit|p2a: Slowking
|-damage|p2a: Slowking|47/100
|
|t:|1776062786
|switch|p1a: Iron Treads|Iron Treads|77/100|[from] U-turn
|move|p2a: Slowking|Sludge Bomb|p1a: Iron Treads
|-immune|p1a: Iron Treads
|
|upkeep
|turn|18
|
|t:|1776062793
|-end|p1a: Iron Treads|Quark Drive|[silent]
|switch|p1a: Raging Bolt|Raging Bolt|72/100
|switch|p2a: Excadrill|Excadrill, F|18/100
|-damage|p2a: Excadrill|15/100|[from] Stealth Rock
|
|upkeep
|turn|19
|
|t:|1776062801
|-end|p1a: Raging Bolt|Protosynthesis|[silent]
|switch|p1a: Zamazenta|Zamazenta|98/100
|move|p2a: Excadrill|Rapid Spin|p1a: Zamazenta
|-damage|p1a: Zamazenta|86/100
|-boost|p2a: Excadrill|spe|1
|-sideend|p2: Blastoise_Choice|Stealth Rock|[from] move: Rapid Spin|[of] p2a: Excadrill
|
|-heal|p1a: Zamazenta|93/100|[from] item: Leftovers
|upkeep
|turn|20
|
|t:|1776062809
|move|p2a: Excadrill|Iron Head|p1a: Zamazenta
|-damage|p1a: Zamazenta|61/100
|cant|p1a: Zamazenta|flinch
|
|-heal|p1a: Zamazenta|68/100|[from] item: Leftovers
|upkeep
|turn|21
|
|t:|1776062816
|switch|p1a: Moltres|Moltres|72/100
|move|p2a: Excadrill|Iron Head|p1a: Moltres
|-resisted|p1a: Moltres
|-damage|p1a: Moltres|50/100
|
|upkeep
|turn|22
|
|t:|1776062822
|move|p2a: Excadrill|Iron Head|p1a: Moltres
|-resisted|p1a: Moltres
|-damage|p1a: Moltres|31/100
|move|p1a: Moltres|Roost|p1a: Moltres
|-heal|p1a: Moltres|81/100
|-singleturn|p1a: Moltres|move: Roost
|
|upkeep
|turn|23
|
|t:|1776062829
|move|p2a: Excadrill|Iron Head|p1a: Moltres
|-resisted|p1a: Moltres
|-damage|p1a: Moltres|62/100
|move|p1a: Moltres|Flamethrower|p2a: Excadrill
|-supereffective|p2a: Excadrill
|-damage|p2a: Excadrill|0 fnt
|faint|p2a: Excadrill
|
|upkeep
|
|t:|1776062833
|switch|p2a: Slowking|Slowking-Galar, F|80/100
|turn|24
|
|t:|1776062839
|move|p1a: Moltres|U-turn|p2a: Slowking
|-damage|p2a: Slowking|69/100
|
|t:|1776062840
|switch|p1a: Raging Bolt|Raging Bolt|72/100|[from] U-turn
|move|p2a: Slowking|Sludge Bomb|p1a: Raging Bolt
|-damage|p1a: Raging Bolt|43/100
|
|upkeep
|turn|25
|
|t:|1776062847
|switch|p2a: Tyranitar|Tyranitar, F|78/100
|-weather|Sandstorm|[from] ability: Sand Stream|[of] p2a: Tyranitar
|move|p1a: Raging Bolt|Draco Meteor|p2a: Tyranitar|[miss]
|-miss|p1a: Raging Bolt|p2a: Tyranitar
|
|-weather|Sandstorm|[upkeep]
|-damage|p1a: Raging Bolt|37/100|[from] Sandstorm
|upkeep
|turn|26
|inactive|Goodnight Yubi has 120 seconds left.
|
|t:|1776062885
|-end|p1a: Raging Bolt|Protosynthesis|[silent]
|switch|p1a: Hatterene|Hatterene, F|100/100
|move|p2a: Tyranitar|Knock Off|p1a: Hatterene
|-damage|p1a: Hatterene|65/100
|-enditem|p1a: Hatterene|Assault Vest|[from] move: Knock Off|[of] p2a: Tyranitar
|
|-weather|Sandstorm|[upkeep]
|-damage|p1a: Hatterene|59/100|[from] Sandstorm
|upkeep
|turn|27
|inactive|Goodnight Yubi has 120 seconds left.
|
|t:|1776062893
|move|p2a: Tyranitar|Knock Off|p1a: Hatterene
|-damage|p1a: Hatterene|34/100
|move|p1a: Hatterene|Draining Kiss|p2a: Tyranitar
|-supereffective|p2a: Tyranitar
|-damage|p2a: Tyranitar|57/100
|-heal|p1a: Hatterene|54/100|[from] drain|[of] p2a: Tyranitar
|
|-weather|Sandstorm|[upkeep]
|-damage|p1a: Hatterene|48/100|[from] Sandstorm
|upkeep
|turn|28
|
|t:|1776062901
|switch|p2a: Slowking|Slowking-Galar, F|100/100
|move|p1a: Hatterene|Draining Kiss|p2a: Slowking
|-resisted|p2a: Slowking
|-damage|p2a: Slowking|91/100
|-heal|p1a: Hatterene|57/100|[from] drain|[of] p2a: Slowking
|
|-weather|Sandstorm|[upkeep]
|-damage|p2a: Slowking|85/100|[from] Sandstorm
|-damage|p1a: Hatterene|51/100|[from] Sandstorm
|upkeep
|turn|29
|
|t:|1776062908
|switch|p1a: Iron Treads|Iron Treads|77/100
|move|p2a: Slowking|Sludge Bomb|p1a: Iron Treads
|-immune|p1a: Iron Treads
|
|-weather|Sandstorm|[upkeep]
|-damage|p2a: Slowking|79/100|[from] Sandstorm
|upkeep
|turn|30
|
|t:|1776062932
|switch|p2a: Hydrapple|Hydrapple, M|90/100
|move|p1a: Iron Treads|Stealth Rock|p2a: Hydrapple
|-sidestart|p2: Blastoise_Choice|move: Stealth Rock
|
|-weather|Sandstorm|[upkeep]
|-damage|p2a: Hydrapple|83/100|[from] Sandstorm
|upkeep
|turn|31
|
|t:|1776062938
|move|p1a: Iron Treads|Ice Spinner|p2a: Hydrapple
|-supereffective|p2a: Hydrapple
|-damage|p2a: Hydrapple|25/100
|move|p2a: Hydrapple|Earth Power|p1a: Iron Treads
|-supereffective|p1a: Iron Treads
|-damage|p1a: Iron Treads|0 fnt
|faint|p1a: Iron Treads
|-end|p1a: Iron Treads|Quark Drive|[silent]
|
|-weather|Sandstorm|[upkeep]
|-damage|p2a: Hydrapple|19/100|[from] Sandstorm
|upkeep
|
|t:|1776062944
|switch|p1a: Weavile|Weavile, F|13/100
|-ability|p1a: Weavile|Pressure
|turn|32
|
|t:|1776062950
|switch|p2a: Zamazenta|Zamazenta|77/100 brn
|-damage|p2a: Zamazenta|71/100 brn|[from] Stealth Rock
|move|p1a: Weavile|Knock Off|p2a: Zamazenta
|-resisted|p2a: Zamazenta
|-damage|p2a: Zamazenta|54/100 brn
|-damage|p1a: Weavile|3/100|[from] item: Life Orb
|
|-weather|none
|-damage|p2a: Zamazenta|48/100 brn|[from] brn
|upkeep
|turn|33
|j| wwlolkk
|l| wwlolkk
|
|t:|1776062974
|switch|p2a: Hydrapple|Hydrapple, M|52/100
|move|p1a: Weavile|Ice Shard|p2a: Hydrapple
|-supereffective|p2a: Hydrapple
|-damage|p2a: Hydrapple|0 fnt
|faint|p2a: Hydrapple
|-damage|p1a: Weavile|0 fnt|[from] item: Life Orb
|faint|p1a: Weavile
|
|upkeep
|inactive|Goodnight Yubi has 120 seconds left.
|j| FelipeOuZiiks
|
|t:|1776063008
|switch|p1a: Hatterene|Hatterene, F|51/100
|switch|p2a: Zamazenta|Zamazenta|48/100 brn
|-damage|p2a: Zamazenta|42/100 brn|[from] Stealth Rock
|turn|34
|
|t:|1776063015
|switch|p2a: Slowking|Slowking-Galar, F|100/100
|-damage|p2a: Slowking|88/100|[from] Stealth Rock
|move|p1a: Hatterene|Future Sight|p2a: Slowking
|-start|p1a: Hatterene|move: Future Sight
|
|upkeep
|turn|35
|inactive|Goodnight Yubi has 120 seconds left.
|
|t:|1776063035
|switch|p1a: Moltres|Moltres|62/100
|move|p2a: Slowking|Sludge Bomb|p1a: Moltres
|-damage|p1a: Moltres|37/100
|
|upkeep
|turn|36
|
|t:|1776063040
|move|p1a: Moltres|Roost|p1a: Moltres
|-heal|p1a: Moltres|87/100
|-singleturn|p1a: Moltres|move: Roost
|move|p2a: Slowking|Sludge Bomb|p1a: Moltres
|-damage|p1a: Moltres|60/100
|
|-end|p2a: Slowking|move: Future Sight
|-damage|p2a: Slowking|42/100
|upkeep
|turn|37
|
|t:|1776063050
|move|p1a: Moltres|Flamethrower|p2a: Slowking
|-damage|p2a: Slowking|11/100
|move|p2a: Slowking|Sludge Bomb|p1a: Moltres
|-damage|p1a: Moltres|34/100
|
|upkeep
|turn|38
|
|t:|1776063056
|move|p1a: Moltres|U-turn|p2a: Slowking
|-damage|p2a: Slowking|0 fnt
|faint|p2a: Slowking
|
|t:|1776063061
|switch|p1a: Zamazenta|Zamazenta|68/100|[from] U-turn
|
|-heal|p1a: Zamazenta|74/100|[from] item: Leftovers
|upkeep
|
|t:|1776063068
|switch|p2a: Moltres|Moltres|88/100
|turn|39
|
|t:|1776063074
|switch|p1a: Moltres|Moltres|34/100
|move|p2a: Moltres|U-turn|p1a: Moltres
|-resisted|p1a: Moltres
|-damage|p1a: Moltres|31/100
|
|t:|1776063078
|switch|p2a: Tyranitar|Tyranitar, F|57/100|[from] U-turn
|-damage|p2a: Tyranitar|45/100|[from] Stealth Rock
|-weather|Sandstorm|[from] ability: Sand Stream|[of] p2a: Tyranitar
|
|-weather|Sandstorm|[upkeep]
|-damage|p1a: Moltres|25/100|[from] Sandstorm
|upkeep
|turn|40
|
|t:|1776063082
|move|p1a: Moltres|U-turn|p2a: Tyranitar
|-supereffective|p2a: Tyranitar
|-damage|p2a: Tyranitar|24/100
|
|t:|1776063083
|switch|p1a: Zamazenta|Zamazenta|74/100|[from] U-turn
|move|p2a: Tyranitar|Knock Off|p1a: Zamazenta
|-resisted|p1a: Zamazenta
|-damage|p1a: Zamazenta|58/100
|-enditem|p1a: Zamazenta|Leftovers|[from] move: Knock Off|[of] p2a: Tyranitar
|
|-weather|Sandstorm|[upkeep]
|-damage|p1a: Zamazenta|52/100|[from] Sandstorm
|upkeep
|turn|41
|
|t:|1776063091
|switch|p2a: Moltres|Moltres|88/100
|move|p1a: Zamazenta|Iron Defense|p1a: Zamazenta
|-boost|p1a: Zamazenta|def|2
|
|-weather|Sandstorm|[upkeep]
|-damage|p1a: Zamazenta|46/100|[from] Sandstorm
|-damage|p2a: Moltres|82/100|[from] Sandstorm
|upkeep
|turn|42
|
|t:|1776063100
|switch|p1a: Moltres|Moltres|25/100
|move|p2a: Moltres|Roar|p1a: Moltres
|drag|p1a: Hatterene|Hatterene, F|51/100
|
|-weather|Sandstorm|[upkeep]
|-damage|p2a: Moltres|76/100|[from] Sandstorm
|-damage|p1a: Hatterene|45/100|[from] Sandstorm
|upkeep
|turn|43
|
|t:|1776063106
|move|p2a: Moltres|U-turn|p1a: Hatterene
|-damage|p1a: Hatterene|34/100
|
|t:|1776063113
|switch|p2a: Tyranitar|Tyranitar, F|24/100|[from] U-turn
|-damage|p2a: Tyranitar|12/100|[from] Stealth Rock
|move|p1a: Hatterene|Future Sight|p2a: Tyranitar
|-start|p1a: Hatterene|move: Future Sight
|
|-weather|Sandstorm|[upkeep]
|-damage|p1a: Hatterene|28/100|[from] Sandstorm
|upkeep
|turn|44
|
|t:|1776063119
|switch|p2a: Moltres|Moltres|76/100
|move|p1a: Hatterene|Draining Kiss|p2a: Moltres
|-resisted|p2a: Moltres
|-crit|p2a: Moltres
|-damage|p2a: Moltres|58/100
|-heal|p1a: Hatterene|44/100|[from] drain|[of] p2a: Moltres
|
|-weather|Sandstorm|[upkeep]
|-damage|p2a: Moltres|52/100|[from] Sandstorm
|-damage|p1a: Hatterene|38/100|[from] Sandstorm
|upkeep
|turn|45
|
|t:|1776063130
|switch|p1a: Moltres|Moltres|25/100
|move|p2a: Moltres|Flamethrower|p1a: Moltres
|-resisted|p1a: Moltres
|-damage|p1a: Moltres|12/100
|
|-weather|Sandstorm|[upkeep]
|-damage|p2a: Moltres|46/100|[from] Sandstorm
|-damage|p1a: Moltres|6/100|[from] Sandstorm
|-end|p2a: Moltres|move: Future Sight
|-damage|p2a: Moltres|0 fnt
|faint|p2a: Moltres
|upkeep
|
|t:|1776063134
|switch|p2a: Zamazenta|Zamazenta|42/100 brn
|-damage|p2a: Zamazenta|36/100 brn|[from] Stealth Rock
|turn|46
|
|t:|1776063137
|-terastallize|p2a: Zamazenta|Fire
|move|p1a: Moltres|Flamethrower|p2a: Zamazenta
|-resisted|p2a: Zamazenta
|-damage|p2a: Zamazenta|20/100 brn
|move|p2a: Zamazenta|Roar|p1a: Moltres
|drag|p1a: Zamazenta|Zamazenta|46/100
|
|-weather|none
|-damage|p2a: Zamazenta|13/100 brn|[from] brn
|upkeep
|turn|47
|
|t:|1776063143
|move|p2a: Zamazenta|Iron Defense|p2a: Zamazenta
|-boost|p2a: Zamazenta|def|2
|move|p1a: Zamazenta|Body Press|p2a: Zamazenta
|-damage|p2a: Zamazenta|1/100 brn
|
|-damage|p2a: Zamazenta|0 fnt|[from] brn
|faint|p2a: Zamazenta
|upkeep
|
|t:|1776063148
|switch|p2a: Tyranitar|Tyranitar, F|12/100
|-damage|p2a: Tyranitar|0 fnt|[from] Stealth Rock
|faint|p2a: Tyranitar
|
|win|Goodnight Yubi
|raw|Goodnight Yubi's rating: 1636 &rarr; <strong>1655</strong><br />(+19 for winning)
|raw|Blastoise_Choice's rating: 1627 &rarr; <strong>1608</strong><br />(-19 for losing)
|c|☆Blastoise_Choice|gg
