|html|<div class="broadcast-blue"><strong>[Gen 9] OU is currently suspecting Tera Blast! For information on how to participate check out the <a href="https://www.smogon.com/tools/suspects/view/200">suspect thread</a>.</strong></div>
|j|☆ethanwayneooo
|j|☆zewensenpai
|t:|1776053414
|gametype|singles
|player|p1|ethanwayneooo|cynthia|1155
|player|p2|zewensenpai|pokemonrangerf|1170
|gen|9
|tier|[Gen 9] OU
|rated|
|rule|HP Percentage Mod: HP is shown in percentages
|rule|Endless Battle Clause: Forcing endless battles is banned
|rule|Species Clause: Limit one of each Pokémon
|rule|OHKO Clause: OHKO moves are banned
|rule|Evasion Items Clause: Evasion items are banned
|rule|Evasion Moves Clause: Evasion moves are banned
|rule|Evasion Abilities Clause: Evasion abilities are banned
|rule|Sleep Moves Clause: Sleep-inducing moves are banned
|clearpoke
|poke|p1|Pelipper, M|
|poke|p1|Beartic, F|
|poke|p1|Samurott-Hisui, F|
|poke|p1|Hatterene, F|
|poke|p1|Goodra-Hisui, M|
|poke|p1|Sinistcha|
|poke|p2|Ting-Lu|
|poke|p2|Zamazenta-*|
|poke|p2|Ogerpon-Wellspring, F|
|poke|p2|Dragonite, F|
|poke|p2|Gholdengo|
|poke|p2|Iron Treads|
|teampreview
|
|t:|1776053430
|teamsize|p1|6
|teamsize|p2|6
|start
|switch|p1a: Samurott|Samurott-Hisui, F|100/100
|switch|p2a: Ting-Lu|Ting-Lu|100/100
|-ability|p2a: Ting-Lu|Vessel of Ruin
|turn|1
|
|t:|1776053448
|switch|p1a: Hatterene|Hatterene, F|100/100
|switch|p2a: Ogerpon|Ogerpon-Wellspring, F|100/100
|
|upkeep
|turn|2
|inactive|Battle timer is ON: inactive players will automatically lose when time's up. (requested by ethanwayneooo)
|j| testingrainteam1
|
|t:|1776053460
|move|p2a: Ogerpon|Play Rough|p1a: Hatterene
|-damage|p1a: Hatterene|58/100
|move|p1a: Hatterene|Nuzzle|p2a: Ogerpon
|-damage|p2a: Ogerpon|95/100
|-status|p2a: Ogerpon|par
|
|-heal|p1a: Hatterene|64/100|[from] item: Leftovers
|upkeep
|turn|3
|
|t:|1776053482
|switch|p1a: Sinistcha|Sinistcha|100/100
|move|p2a: Ogerpon|Play Rough|p1a: Sinistcha
|-damage|p1a: Sinistcha|72/100
|
|-heal|p1a: Sinistcha|78/100|[from] item: Leftovers
|upkeep
|turn|4
|
|t:|1776053510
|switch|p2a: Zamazenta|Zamazenta|100/100
|-ability|p2a: Zamazenta|Dauntless Shield|boost
|-boost|p2a: Zamazenta|def|1
|move|p1a: Sinistcha|Strength Sap|p2a: Zamazenta
|-unboost|p2a: Zamazenta|atk|1
|-heal|p1a: Sinistcha|100/100
|
|upkeep
|turn|5
|
|t:|1776053520
|move|p2a: Zamazenta|Crunch|p1a: Sinistcha
|-supereffective|p1a: Sinistcha
|-damage|p1a: Sinistcha|75/100
|move|p1a: Sinistcha|Nasty Plot|p1a: Sinistcha
|-boost|p1a: Sinistcha|spa|2
|
|-heal|p1a: Sinistcha|81/100|[from] item: Leftovers
|upkeep
|turn|6
|
|t:|1776053530
|move|p1a: Sinistcha|Strength Sap|p2a: Zamazenta
|-unboost|p2a: Zamazenta|atk|1
|-heal|p1a: Sinistcha|100/100
|move|p2a: Zamazenta|Roar|p1a: Sinistcha
|drag|p1a: Pelipper|Pelipper, M|100/100
|-weather|RainDance|[from] ability: Drizzle|[of] p1a: Pelipper
|
|-weather|RainDance|[upkeep]
|upkeep
|turn|7
|
|t:|1776053541
|switch|p2a: Ting-Lu|Ting-Lu|100/100
|-ability|p2a: Ting-Lu|Vessel of Ruin
|move|p1a: Pelipper|Hurricane|p2a: Ting-Lu
|-damage|p2a: Ting-Lu|78/100
|-enditem|p2a: Ting-Lu|Red Card|[of] p1a: Pelipper
|drag|p1a: Sinistcha|Sinistcha|100/100
|
|-weather|RainDance|[upkeep]
|upkeep
|turn|8
|
|t:|1776053554
|switch|p1a: Hatterene|Hatterene, F|64/100
|move|p2a: Ting-Lu|Stealth Rock|p1a: Hatterene
|move|p1a: Hatterene|Stealth Rock|p2a: Ting-Lu|[from] ability: Magic Bounce
|-sidestart|p2: zewensenpai|move: Stealth Rock
|
|-weather|RainDance|[upkeep]
|-heal|p1a: Hatterene|70/100|[from] item: Leftovers
|upkeep
|turn|9
|
|t:|1776053566
|move|p1a: Hatterene|Draining Kiss|p2a: Ting-Lu
|-supereffective|p2a: Ting-Lu
|-damage|p2a: Ting-Lu|51/100
|-heal|p1a: Hatterene|99/100|[from] drain|[of] p2a: Ting-Lu
|move|p2a: Ting-Lu|Ruination|p1a: Hatterene
|-damage|p1a: Hatterene|50/100
|
|-weather|RainDance|[upkeep]
|-heal|p1a: Hatterene|56/100|[from] item: Leftovers
|upkeep
|turn|10
|
|t:|1776053577
|switch|p2a: Iron Treads|Iron Treads|100/100
|-damage|p2a: Iron Treads|97/100|[from] Stealth Rock
|-item|p2a: Iron Treads|Air Balloon
|move|p1a: Hatterene|Draining Kiss|p2a: Iron Treads
|-resisted|p2a: Iron Treads
|-damage|p2a: Iron Treads|82/100
|-heal|p1a: Hatterene|68/100|[from] drain|[of] p2a: Iron Treads
|-enditem|p2a: Iron Treads|Air Balloon
|
|-weather|none
|-heal|p1a: Hatterene|74/100|[from] item: Leftovers
|upkeep
|turn|11
|
|t:|1776053590
|switch|p1a: Sinistcha|Sinistcha|100/100
|move|p2a: Iron Treads|Rapid Spin|p1a: Sinistcha
|-immune|p1a: Sinistcha
|
|upkeep
|turn|12
|
|t:|1776053598
|-end|p2a: Iron Treads|Quark Drive|[silent]
|switch|p2a: Gholdengo|Gholdengo|100/100
|-damage|p2a: Gholdengo|94/100|[from] Stealth Rock
|move|p1a: Sinistcha|Strength Sap|p2a: Gholdengo
|-immune|p2a: Gholdengo|[from] ability: Good as Gold
|
|upkeep
|turn|13
|l| testingrainteam1
|
|t:|1776053613
|-terastallize|p1a: Sinistcha|Grass
|move|p2a: Gholdengo|Shadow Ball|p1a: Sinistcha
|-damage|p1a: Sinistcha|52/100
|move|p1a: Sinistcha|Shadow Ball|p2a: Gholdengo
|-supereffective|p2a: Gholdengo
|-damage|p2a: Gholdengo|12/100
|
|-heal|p1a: Sinistcha|59/100|[from] item: Leftovers
|upkeep
|turn|14
|
|t:|1776053629
|switch|p2a: Dragonite|Dragonite, F|100/100
|move|p1a: Sinistcha|Shadow Ball|p2a: Dragonite
|-damage|p2a: Dragonite|85/100
|
|-heal|p1a: Sinistcha|65/100|[from] item: Leftovers
|upkeep
|turn|15
|
|t:|1776053652
|switch|p2a: Zamazenta|Zamazenta|100/100
|-damage|p2a: Zamazenta|94/100|[from] Stealth Rock
|switch|p1a: Goodra|Goodra-Hisui, M|100/100
|
|-heal|p2a: Zamazenta|100/100|[from] item: Leftovers
|upkeep
|turn|16
|
|t:|1776053664
|move|p2a: Zamazenta|Body Press|p1a: Goodra
|-supereffective|p1a: Goodra
|-damage|p1a: Goodra|43/100
|-enditem|p1a: Goodra|Sitrus Berry|[eat]
|-heal|p1a: Goodra|68/100|[from] item: Sitrus Berry
|move|p1a: Goodra|Dragon Tail|p2a: Zamazenta
|-damage|p2a: Zamazenta|85/100
|drag|p2a: Dragonite|Dragonite, F|85/100
|
|upkeep
|turn|17
|
|t:|1776053676
|-terastallize|p2a: Dragonite|Fairy
|move|p2a: Dragonite|Tera Blast|p1a: Goodra|[anim] Tera Blast Fairy
|-damage|p1a: Goodra|41/100
|move|p1a: Goodra|Knock Off|p2a: Dragonite
|-resisted|p2a: Dragonite
|-damage|p2a: Dragonite|76/100
|-enditem|p2a: Dragonite|Heavy-Duty Boots|[from] move: Knock Off|[of] p1a: Goodra
|
|upkeep
|turn|18
|inactive|ethanwayneooo has 120 seconds left.
|
|t:|1776053694
|switch|p1a: Samurott|Samurott-Hisui, F|100/100
|move|p2a: Dragonite|Tera Blast|p1a: Samurott|[anim] Tera Blast Fairy
|-supereffective|p1a: Samurott
|-damage|p1a: Samurott|8/100
|
|-heal|p1a: Samurott|15/100|[from] item: Leftovers
|upkeep
|turn|19
|inactive|ethanwayneooo has 120 seconds left.
|
|t:|1776053715
|switch|p1a: Pelipper|Pelipper, M|100/100
|-weather|RainDance|[from] ability: Drizzle|[of] p1a: Pelipper
|move|p2a: Dragonite|Tera Blast|p1a: Pelipper|[anim] Tera Blast Fairy
|-damage|p1a: Pelipper|56/100
|
|-weather|RainDance|[upkeep]
|-heal|p1a: Pelipper|62/100|[from] item: Leftovers
|upkeep
|turn|20
|
|t:|1776053726
|move|p2a: Dragonite|Tera Blast|p1a: Pelipper|[anim] Tera Blast Fairy
|-damage|p1a: Pelipper|22/100
|move|p1a: Pelipper|Weather Ball|p2a: Dragonite
|-damage|p2a: Dragonite|25/100
|
|-weather|RainDance|[upkeep]
|-heal|p1a: Pelipper|28/100|[from] item: Leftovers
|upkeep
|turn|21
|
|t:|1776053741
|switch|p1a: Hatterene|Hatterene, F|74/100
|move|p2a: Dragonite|Tera Blast|p1a: Hatterene|[anim] Tera Blast Fairy
|-damage|p1a: Hatterene|36/100
|
|-weather|RainDance|[upkeep]
|-heal|p1a: Hatterene|42/100|[from] item: Leftovers
|upkeep
|turn|22
|
|t:|1776053762
|move|p2a: Dragonite|Tera Blast|p1a: Hatterene|[anim] Tera Blast Fairy
|-damage|p1a: Hatterene|4/100
|move|p1a: Hatterene|Psychic|p2a: Dragonite
|-damage|p2a: Dragonite|0 fnt
|faint|p2a: Dragonite
|
|-weather|RainDance|[upkeep]
|-heal|p1a: Hatterene|10/100|[from] item: Leftovers
|upkeep
|
|t:|1776053770
|switch|p2a: Iron Treads|Iron Treads|82/100
|-damage|p2a: Iron Treads|79/100|[from] Stealth Rock
|turn|23
|
|t:|1776053777
|switch|p1a: Sinistcha|Sinistcha, tera:Grass|65/100
|move|p2a: Iron Treads|Ice Spinner|p1a: Sinistcha
|-supereffective|p1a: Sinistcha
|-damage|p1a: Sinistcha|27/100
|
|-weather|none
|-heal|p1a: Sinistcha|33/100|[from] item: Leftovers
|upkeep
|turn|24
|inactive|ethanwayneooo has 120 seconds left.
|
|t:|1776053788
|move|p2a: Iron Treads|Ice Spinner|p1a: Sinistcha
|-supereffective|p1a: Sinistcha
|-damage|p1a: Sinistcha|0 fnt
|faint|p1a: Sinistcha
|
|upkeep
|
|t:|1776053795
|switch|p1a: Pelipper|Pelipper, M|28/100
|-weather|RainDance|[from] ability: Drizzle|[of] p1a: Pelipper
|turn|25
|inactive|ethanwayneooo has 120 seconds left.
|
|t:|1776053810
|switch|p1a: Beartic|Beartic, F|100/100
|move|p2a: Iron Treads|Rapid Spin|p1a: Beartic
|-damage|p1a: Beartic|86/100
|-boost|p2a: Iron Treads|spe|1
|-sideend|p2: zewensenpai|Stealth Rock|[from] move: Rapid Spin|[of] p2a: Iron Treads
|
|-weather|RainDance|[upkeep]
|-heal|p1a: Beartic|92/100|[from] item: Leftovers
|upkeep
|turn|26
|inactive|ethanwayneooo has 120 seconds left.
|
|t:|1776053824
|move|p2a: Iron Treads|Earthquake|p1a: Beartic
|-damage|p1a: Beartic|44/100
|move|p1a: Beartic|Icicle Spear|p2a: Iron Treads
|-damage|p2a: Iron Treads|67/100
|-crit|p2a: Iron Treads
|-damage|p2a: Iron Treads|51/100
|-damage|p2a: Iron Treads|41/100
|-hitcount|p2a: Iron Treads|3
|
|-weather|RainDance|[upkeep]
|-heal|p1a: Beartic|50/100|[from] item: Leftovers
|upkeep
|turn|27
|inactive|ethanwayneooo has 120 seconds left.
|
|t:|1776053836
|move|p2a: Iron Treads|Earthquake|p1a: Beartic
|-damage|p1a: Beartic|4/100
|move|p1a: Beartic|Earthquake|p2a: Iron Treads
|-supereffective|p2a: Iron Treads
|-damage|p2a: Iron Treads|0 fnt
|faint|p2a: Iron Treads
|-end|p2a: Iron Treads|Quark Drive|[silent]
|
|-weather|RainDance|[upkeep]
|-heal|p1a: Beartic|10/100|[from] item: Leftovers
|upkeep
|
|t:|1776053845
|switch|p2a: Gholdengo|Gholdengo|12/100
|turn|28
|
|t:|1776053851
|move|p2a: Gholdengo|Shadow Ball|p1a: Beartic
|-damage|p1a: Beartic|0 fnt
|faint|p1a: Beartic
|
|-weather|RainDance|[upkeep]
|upkeep
|
|t:|1776053862
|switch|p1a: Goodra|Goodra-Hisui, M|41/100
|turn|29
|
|t:|1776053870
|switch|p2a: Ting-Lu|Ting-Lu|51/100
|-ability|p2a: Ting-Lu|Vessel of Ruin
|move|p1a: Goodra|Thunder|p2a: Ting-Lu
|-immune|p2a: Ting-Lu
|
|-weather|none
|upkeep
|turn|30
|
|t:|1776053879
|switch|p1a: Hatterene|Hatterene, F|10/100
|move|p2a: Ting-Lu|Ruination|p1a: Hatterene
|-damage|p1a: Hatterene|6/100
|
|-heal|p1a: Hatterene|12/100|[from] item: Leftovers
|upkeep
|turn|31
|
|t:|1776053888
|move|p1a: Hatterene|Draining Kiss|p2a: Ting-Lu
|-supereffective|p2a: Ting-Lu
|-crit|p2a: Ting-Lu
|-damage|p2a: Ting-Lu|6/100
|-heal|p1a: Hatterene|60/100|[from] drain|[of] p2a: Ting-Lu
|move|p2a: Ting-Lu|Whirlwind|p1a: Hatterene
|move|p1a: Hatterene|Whirlwind|p2a: Ting-Lu|[from] ability: Magic Bounce
|drag|p2a: Ogerpon|Ogerpon-Wellspring, F|95/100 par
|
|-heal|p1a: Hatterene|66/100|[from] item: Leftovers
|upkeep
|turn|32
|
|t:|1776053909
|move|p2a: Ogerpon|Play Rough|p1a: Hatterene
|-damage|p1a: Hatterene|25/100
|move|p1a: Hatterene|Draining Kiss|p2a: Ogerpon
|-damage|p2a: Ogerpon|64/100 par
|-heal|p1a: Hatterene|47/100|[from] drain|[of] p2a: Ogerpon
|
|-heal|p1a: Hatterene|53/100|[from] item: Leftovers
|upkeep
|turn|33
|
|t:|1776053919
|cant|p2a: Ogerpon|par
|move|p1a: Hatterene|Draining Kiss|p2a: Ogerpon
|-damage|p2a: Ogerpon|34/100 par
|-heal|p1a: Hatterene|74/100|[from] drain|[of] p2a: Ogerpon
|
|-heal|p1a: Hatterene|80/100|[from] item: Leftovers
|upkeep
|turn|34
|
|t:|1776053929
|move|p2a: Ogerpon|Synthesis|p2a: Ogerpon
|-heal|p2a: Ogerpon|84/100 par
|move|p1a: Hatterene|Draining Kiss|p2a: Ogerpon
|-damage|p2a: Ogerpon|54/100 par
|-heal|p1a: Hatterene|100/100|[from] drain|[of] p2a: Ogerpon
|
|upkeep
|turn|35
|
|t:|1776053941
|cant|p2a: Ogerpon|par
|move|p1a: Hatterene|Draining Kiss|p2a: Ogerpon
|-damage|p2a: Ogerpon|19/100 par
|
|upkeep
|turn|36
|
|t:|1776053948
|move|p2a: Ogerpon|Synthesis|p2a: Ogerpon
|-heal|p2a: Ogerpon|69/100 par
|move|p1a: Hatterene|Psychic|p2a: Ogerpon
|-damage|p2a: Ogerpon|13/100 par
|
|upkeep
|turn|37
|
|t:|1776053955
|move|p2a: Ogerpon|Synthesis|p2a: Ogerpon
|-heal|p2a: Ogerpon|63/100 par
|move|p1a: Hatterene|Draining Kiss|p2a: Ogerpon
|-crit|p2a: Ogerpon
|-damage|p2a: Ogerpon|13/100 par
|
|upkeep
|turn|38
|
|t:|1776053962
|move|p2a: Ogerpon|Synthesis|p2a: Ogerpon
|-heal|p2a: Ogerpon|63/100 par
|move|p1a: Hatterene|Psychic|p2a: Ogerpon
|-damage|p2a: Ogerpon|7/100 par
|
|upkeep
|turn|39
|
|t:|1776053969
|cant|p2a: Ogerpon|par
|move|p1a: Hatterene|Psychic|p2a: Ogerpon
|-damage|p2a: Ogerpon|0 fnt
|faint|p2a: Ogerpon
|
|upkeep
|
|t:|1776053980
|switch|p2a: Gholdengo|Gholdengo|12/100
|turn|40
|
|t:|1776054003
|switch|p1a: Goodra|Goodra-Hisui, M|41/100
|move|p2a: Gholdengo|Make It Rain|p1a: Goodra
|-resisted|p1a: Goodra
|-damage|p1a: Goodra|20/100
|-unboost|p2a: Gholdengo|spa|1
|
|upkeep
|turn|41
|
|t:|1776054014
|switch|p2a: Ting-Lu|Ting-Lu|6/100
|-ability|p2a: Ting-Lu|Vessel of Ruin
|move|p1a: Goodra|Knock Off|p2a: Ting-Lu
|-resisted|p2a: Ting-Lu
|-damage|p2a: Ting-Lu|3/100
|
|upkeep
|turn|42
|
|t:|1776054027
|move|p1a: Goodra|Knock Off|p2a: Ting-Lu
|-resisted|p2a: Ting-Lu
|-damage|p2a: Ting-Lu|0 fnt
|faint|p2a: Ting-Lu
|
|upkeep
|
|t:|1776054037
|switch|p2a: Gholdengo|Gholdengo|12/100
|turn|43
|
|t:|1776054042
|move|p2a: Gholdengo|Make It Rain|p1a: Goodra
|-resisted|p1a: Goodra
|-damage|p1a: Goodra|0 fnt
|-unboost|p2a: Gholdengo|spa|1
|faint|p1a: Goodra
|
|upkeep
|
|t:|1776054056
|switch|p1a: Samurott|Samurott-Hisui, F|15/100
|turn|44
|
|t:|1776054065
|move|p2a: Gholdengo|Make It Rain|p1a: Samurott
|-resisted|p1a: Samurott
|-damage|p1a: Samurott|0 fnt
|-unboost|p2a: Gholdengo|spa|1
|faint|p1a: Samurott
|
|upkeep
|
|t:|1776054075
|switch|p1a: Pelipper|Pelipper, M|28/100
|-weather|RainDance|[from] ability: Drizzle|[of] p1a: Pelipper
|turn|45
|
|t:|1776054081
|move|p2a: Gholdengo|Make It Rain|p1a: Pelipper
|-resisted|p1a: Pelipper
|-damage|p1a: Pelipper|4/100
|-unboost|p2a: Gholdengo|spa|1
|move|p1a: Pelipper|Roost|p1a: Pelipper
|-heal|p1a: Pelipper|54/100
|-singleturn|p1a: Pelipper|move: Roost
|
|-weather|RainDance|[upkeep]
|-heal|p1a: Pelipper|60/100|[from] item: Leftovers
|upkeep
|turn|46
|
|t:|1776054094
|move|p2a: Gholdengo|Make It Rain|p1a: Pelipper
|-resisted|p1a: Pelipper
|-damage|p1a: Pelipper|41/100
|-unboost|p2a: Gholdengo|spa|1
|move|p1a: Pelipper|Roost|p1a: Pelipper
|-heal|p1a: Pelipper|91/100
|-singleturn|p1a: Pelipper|move: Roost
|
|-weather|RainDance|[upkeep]
|-heal|p1a: Pelipper|97/100|[from] item: Leftovers
|upkeep
|turn|47
|
|t:|1776054108
|switch|p2a: Zamazenta|Zamazenta|85/100
|move|p1a: Pelipper|Weather Ball|p2a: Zamazenta
|-damage|p2a: Zamazenta|33/100
|
|-weather|RainDance|[upkeep]
|-heal|p2a: Zamazenta|39/100|[from] item: Leftovers
|-heal|p1a: Pelipper|100/100|[from] item: Leftovers
|upkeep
|turn|48
|
|t:|1776054118
|move|p1a: Pelipper|Hurricane|p2a: Zamazenta
|-supereffective|p2a: Zamazenta
|-damage|p2a: Zamazenta|0 fnt
|faint|p2a: Zamazenta
|
|-weather|RainDance|[upkeep]
|upkeep
|
|t:|1776054123
|switch|p2a: Gholdengo|Gholdengo|12/100
|turn|49
|
|t:|1776054127
|move|p2a: Gholdengo|Shadow Ball|p1a: Pelipper
|-damage|p1a: Pelipper|39/100
|move|p1a: Pelipper|Weather Ball|p2a: Gholdengo
|-damage|p2a: Gholdengo|0 fnt
|faint|p2a: Gholdengo
|
|win|ethanwayneooo
|raw|ethanwayneooo's rating: 1155 &rarr; <strong>1181</strong><br />(+26 for winning)
|raw|zewensenpai's rating: 1170 &rarr; <strong>1144</strong><br />(-26 for losing)
|l|☆zewensenpai
|player|p2|
|l|☆ethanwayneooo
|player|p1|
