|html|<div class="broadcast-blue"><strong>[Gen 9] OU is currently suspecting Tera Blast! For information on how to participate check out the <a href="https://www.smogon.com/tools/suspects/view/200">suspect thread</a>.</strong></div>
|j|☆biscuitmeow
|j|☆tootymctoot
|t:|1776053526
|gametype|singles
|player|p1|biscuitmeow|waitress|1347
|player|p2|tootymctoot|miku-ghost|1364
|gen|9
|tier|[Gen 9] OU
|rated|
|rule|HP Percentage Mod: HP is shown in percentages
|rule|Endless Battle Clause: Forcing endless battles is banned
|rule|Species Clause: Limit one of each Pokémon
|rule|OHKO Clause: OHKO moves are banned
|rule|Evasion Items Clause: Evasion items are banned
|rule|Evasion Moves Clause: Evasion moves are banned
|rule|Evasion Abilities Clause: Evasion abilities are banned
|rule|Sleep Moves Clause: Sleep-inducing moves are banned
|clearpoke
|poke|p1|Alomomola, M|
|poke|p1|Gliscor, F|
|poke|p1|Ting-Lu|
|poke|p1|Dondozo, F|
|poke|p1|Clefable, F|
|poke|p1|Slowking-Galar, M|
|poke|p2|Ceruledge, M|
|poke|p2|Samurott-Hisui, M|
|poke|p2|Gholdengo|
|poke|p2|Iron Valiant|
|poke|p2|Talonflame, M|
|poke|p2|Sandy Shocks|
|teampreview
|inactive|Battle timer is ON: inactive players will automatically lose when time's up. (requested by tootymctoot)
|
|t:|1776053545
|teamsize|p1|6
|teamsize|p2|6
|start
|switch|p1a: stall-lu|Ting-Lu|100/100
|switch|p2a: Sandy Shocks|Sandy Shocks|100/100
|-ability|p1a: stall-lu|Vessel of Ruin
|-enditem|p2a: Sandy Shocks|Booster Energy
|-activate|p2a: Sandy Shocks|ability: Protosynthesis|[fromitem]
|-start|p2a: Sandy Shocks|protosynthesisspe
|turn|1
|
|t:|1776053552
|-end|p2a: Sandy Shocks|Protosynthesis|[silent]
|switch|p2a: Talonflame|Talonflame, M|100/100
|move|p1a: stall-lu|Earthquake|p2a: Talonflame
|-immune|p2a: Talonflame
|
|upkeep
|turn|2
|
|t:|1776053555
|move|p2a: Talonflame|Brave Bird|p1a: stall-lu
|-damage|p1a: stall-lu|78/100
|-damage|p2a: Talonflame|87/100|[from] Recoil
|move|p1a: stall-lu|Spikes|p2a: Talonflame
|-sidestart|p2: tootymctoot|Spikes
|
|-heal|p1a: stall-lu|84/100|[from] item: Leftovers
|upkeep
|turn|3
|
|t:|1776053562
|move|p2a: Talonflame|Brave Bird|p1a: stall-lu
|-damage|p1a: stall-lu|61/100
|-damage|p2a: Talonflame|74/100|[from] Recoil
|move|p1a: stall-lu|Spikes|p2a: Talonflame
|-sidestart|p2: tootymctoot|Spikes
|
|-heal|p1a: stall-lu|67/100|[from] item: Leftovers
|upkeep
|turn|4
|
|t:|1776053567
|move|p1a: stall-lu|Protect|p1a: stall-lu
|-singleturn|p1a: stall-lu|Protect
|move|p2a: Talonflame|Defog|p1a: stall-lu
|-activate|p1a: stall-lu|move: Protect
|
|-heal|p1a: stall-lu|73/100|[from] item: Leftovers
|upkeep
|turn|5
|
|t:|1776053573
|move|p2a: Talonflame|Defog|p1a: stall-lu
|-unboost|p1a: stall-lu|evasion|1
|-sideend|p2: tootymctoot|Spikes|[from] move: Defog|[of] p2a: Talonflame
|move|p1a: stall-lu|Spikes|p2a: Talonflame
|-sidestart|p2: tootymctoot|Spikes
|
|-heal|p1a: stall-lu|79/100|[from] item: Leftovers
|upkeep
|turn|6
|
|t:|1776053578
|move|p2a: Talonflame|Brave Bird|p1a: stall-lu
|-damage|p1a: stall-lu|56/100
|-damage|p2a: Talonflame|60/100|[from] Recoil
|move|p1a: stall-lu|Spikes|p2a: Talonflame
|-sidestart|p2: tootymctoot|Spikes
|
|-heal|p1a: stall-lu|62/100|[from] item: Leftovers
|upkeep
|turn|7
|
|t:|1776053583
|move|p1a: stall-lu|Protect|p1a: stall-lu
|-singleturn|p1a: stall-lu|Protect
|move|p2a: Talonflame|Brave Bird|p1a: stall-lu
|-activate|p1a: stall-lu|move: Protect
|
|-heal|p1a: stall-lu|68/100|[from] item: Leftovers
|upkeep
|turn|8
|
|t:|1776053589
|move|p2a: Talonflame|Roost|p2a: Talonflame
|-heal|p2a: Talonflame|100/100
|-singleturn|p2a: Talonflame|move: Roost
|move|p1a: stall-lu|Whirlwind|p2a: Talonflame
|drag|p2a: Samurott|Samurott-Hisui, M|100/100
|-damage|p2a: Samurott|84/100|[from] Spikes
|
|-heal|p1a: stall-lu|74/100|[from] item: Leftovers
|upkeep
|turn|9
|
|t:|1776053595
|move|p2a: Samurott|Sacred Sword|p1a: stall-lu
|-supereffective|p1a: stall-lu
|-damage|p1a: stall-lu|40/100
|move|p1a: stall-lu|Spikes|p2a: Samurott
|-sidestart|p2: tootymctoot|Spikes
|
|-heal|p1a: stall-lu|46/100|[from] item: Leftovers
|upkeep
|turn|10
|
|t:|1776053602
|move|p1a: stall-lu|Protect|p1a: stall-lu
|-singleturn|p1a: stall-lu|Protect
|move|p2a: Samurott|Sacred Sword|p1a: stall-lu
|-activate|p1a: stall-lu|move: Protect
|
|-heal|p1a: stall-lu|52/100|[from] item: Leftovers
|upkeep
|turn|11
|
|t:|1776053609
|switch|p1a: stallscor|Gliscor, F|100/100
|move|p2a: Samurott|Sacred Sword|p1a: stallscor
|-resisted|p1a: stallscor
|-damage|p1a: stallscor|88/100
|
|-status|p1a: stallscor|tox|[from] item: Toxic Orb
|upkeep
|turn|12
|
|t:|1776053613
|move|p1a: stallscor|Toxic|p2a: Samurott|[miss]
|-miss|p1a: stallscor|p2a: Samurott
|move|p2a: Samurott|Flip Turn|p1a: stallscor
|-supereffective|p1a: stallscor
|-damage|p1a: stallscor|55/100 tox
|
|t:|1776053625
|switch|p2a: Talonflame|Talonflame, M|100/100|[from] Flip Turn
|
|-heal|p1a: stallscor|68/100 tox|[from] ability: Poison Heal
|upkeep
|turn|13
|
|t:|1776053630
|move|p2a: Talonflame|Defog|p1a: stallscor
|-unboost|p1a: stallscor|evasion|1
|-sideend|p2: tootymctoot|Spikes|[from] move: Defog|[of] p2a: Talonflame
|move|p1a: stallscor|Toxic|p2a: Talonflame
|-status|p2a: Talonflame|tox
|
|-damage|p2a: Talonflame|94/100 tox|[from] psn
|-heal|p1a: stallscor|80/100 tox|[from] ability: Poison Heal
|upkeep
|turn|14
|
|t:|1776053636
|move|p2a: Talonflame|U-turn|p1a: stallscor
|-resisted|p1a: stallscor
|-damage|p1a: stallscor|74/100 tox
|
|t:|1776053642
|switch|p2a: Samurott|Samurott-Hisui, M|84/100|[from] U-turn
|move|p1a: stallscor|Knock Off|p2a: Samurott
|-resisted|p2a: Samurott
|-damage|p2a: Samurott|73/100
|-enditem|p2a: Samurott|Assault Vest|[from] move: Knock Off|[of] p1a: stallscor
|
|-heal|p1a: stallscor|86/100 tox|[from] ability: Poison Heal
|upkeep
|turn|15
|
|t:|1776053649
|move|p1a: stallscor|Toxic|p2a: Samurott
|-status|p2a: Samurott|tox
|move|p2a: Samurott|Flip Turn|p1a: stallscor
|-supereffective|p1a: stallscor
|-damage|p1a: stallscor|57/100 tox
|
|t:|1776053656
|switch|p2a: ambiguous|Iron Valiant|100/100|[from] Flip Turn
|-enditem|p2a: ambiguous|Booster Energy
|-activate|p2a: ambiguous|ability: Quark Drive|[fromitem]
|-start|p2a: ambiguous|quarkdrivespe
|
|-heal|p1a: stallscor|69/100 tox|[from] ability: Poison Heal
|upkeep
|turn|16
|
|t:|1776053661
|-terastallize|p2a: ambiguous|Steel
|move|p1a: stallscor|Protect|p1a: stallscor
|-singleturn|p1a: stallscor|Protect
|move|p2a: ambiguous|Encore|p1a: stallscor
|-activate|p1a: stallscor|move: Protect
|
|-heal|p1a: stallscor|81/100 tox|[from] ability: Poison Heal
|upkeep
|turn|17
|
|t:|1776053672
|switch|p1a: stallking|Slowking-Galar, M|100/100
|move|p2a: ambiguous|Calm Mind|p2a: ambiguous
|-boost|p2a: ambiguous|spa|1
|-boost|p2a: ambiguous|spd|1
|
|upkeep
|turn|18
|
|t:|1776053677
|move|p2a: ambiguous|Shadow Ball|p1a: stallking
|-supereffective|p1a: stallking
|-damage|p1a: stallking|52/100
|move|p1a: stallking|Flamethrower|p2a: ambiguous
|-supereffective|p2a: ambiguous
|-damage|p2a: ambiguous|47/100
|
|upkeep
|turn|19
|
|t:|1776053683
|-end|p2a: ambiguous|Quark Drive|[silent]
|switch|p2a: Samurott|Samurott-Hisui, M|73/100 tox
|move|p1a: stallking|Flamethrower|p2a: Samurott
|-resisted|p2a: Samurott
|-damage|p2a: Samurott|64/100 tox
|
|-damage|p2a: Samurott|57/100 tox|[from] psn
|upkeep
|turn|20
|
|t:|1776053688
|switch|p1a: stallscor|Gliscor, F|81/100 tox
|move|p2a: Samurott|Ceaseless Edge|p1a: stallscor
|-damage|p1a: stallscor|55/100 tox
|-sidestart|p1: biscuitmeow|Spikes
|
|-heal|p1a: stallscor|67/100 tox|[from] ability: Poison Heal
|-damage|p2a: Samurott|45/100 tox|[from] psn
|upkeep
|turn|21
|
|t:|1776053693
|move|p1a: stallscor|Stealth Rock|p2a: Samurott
|-sidestart|p2: tootymctoot|move: Stealth Rock
|move|p2a: Samurott|Flip Turn|p1a: stallscor
|-supereffective|p1a: stallscor
|-damage|p1a: stallscor|38/100 tox
|
|t:|1776053701
|switch|p2a: Gholdengo|Gholdengo|100/100|[from] Flip Turn
|-damage|p2a: Gholdengo|94/100|[from] Stealth Rock
|
|-heal|p1a: stallscor|50/100 tox|[from] ability: Poison Heal
|upkeep
|turn|22
|
|t:|1776053705
|move|p2a: Gholdengo|Shadow Ball|p1a: stallscor
|-damage|p1a: stallscor|10/100 tox
|move|p1a: stallscor|Knock Off|p2a: Gholdengo
|-supereffective|p2a: Gholdengo
|-damage|p2a: Gholdengo|48/100
|-enditem|p2a: Gholdengo|Choice Scarf|[from] move: Knock Off|[of] p1a: stallscor
|
|-heal|p1a: stallscor|22/100 tox|[from] ability: Poison Heal
|upkeep
|turn|23
|
|t:|1776053712
|move|p1a: stallscor|Protect|p1a: stallscor
|-singleturn|p1a: stallscor|Protect
|move|p2a: Gholdengo|Shadow Ball|p1a: stallscor
|-activate|p1a: stallscor|move: Protect
|
|-heal|p1a: stallscor|34/100 tox|[from] ability: Poison Heal
|upkeep
|turn|24
|
|t:|1776053719
|switch|p1a: stall-lu|Ting-Lu|52/100
|-damage|p1a: stall-lu|40/100|[from] Spikes
|-ability|p1a: stall-lu|Vessel of Ruin
|move|p2a: Gholdengo|Make It Rain|p1a: stall-lu
|-crit|p1a: stall-lu
|-damage|p1a: stall-lu|2/100
|-unboost|p2a: Gholdengo|spa|1
|
|-heal|p1a: stall-lu|8/100|[from] item: Leftovers
|upkeep
|turn|25
|
|t:|1776053726
|move|p1a: stall-lu|Protect|p1a: stall-lu
|-singleturn|p1a: stall-lu|Protect
|move|p2a: Gholdengo|Dazzling Gleam|p1a: stall-lu
|-activate|p1a: stall-lu|move: Protect
|
|-heal|p1a: stall-lu|15/100|[from] item: Leftovers
|upkeep
|turn|26
|
|t:|1776053732
|move|p1a: stall-lu|Protect||[still]
|-fail|p1a: stall-lu
|move|p2a: Gholdengo|Dazzling Gleam|p1a: stall-lu
|-supereffective|p1a: stall-lu
|-damage|p1a: stall-lu|0 fnt
|faint|p1a: stall-lu
|
|upkeep
|
|t:|1776053736
|switch|p1a: disfigured cat|Clefable, F|100/100
|turn|27
|
|t:|1776053742
|switch|p2a: Talonflame|Talonflame, M|94/100 tox
|move|p1a: disfigured cat|Thunder Wave||[still]
|-fail|p1a: disfigured cat
|
|-damage|p2a: Talonflame|88/100 tox|[from] psn
|upkeep
|turn|28
|
|t:|1776053751
|switch|p1a: stallscor|Gliscor, F|34/100 tox
|move|p2a: Talonflame|Defog|p1a: stallscor
|-unboost|p1a: stallscor|evasion|1
|-sideend|p1: biscuitmeow|Spikes|[from] move: Defog|[of] p2a: Talonflame
|-sideend|p2: tootymctoot|Stealth Rock|[from] move: Defog|[of] p2a: Talonflame
|
|-damage|p2a: Talonflame|76/100 tox|[from] psn
|-heal|p1a: stallscor|46/100 tox|[from] ability: Poison Heal
|upkeep
|turn|29
|
|t:|1776053757
|move|p2a: Talonflame|U-turn|p1a: stallscor
|-resisted|p1a: stallscor
|-damage|p1a: stallscor|40/100 tox
|
|t:|1776053761
|switch|p2a: Samurott|Samurott-Hisui, M|45/100 tox|[from] U-turn
|move|p1a: stallscor|Knock Off|p2a: Samurott
|-resisted|p2a: Samurott
|-damage|p2a: Samurott|37/100 tox
|
|-heal|p1a: stallscor|52/100 tox|[from] ability: Poison Heal
|-damage|p2a: Samurott|30/100 tox|[from] psn
|upkeep
|turn|30
|
|t:|1776053769
|move|p1a: stallscor|Protect|p1a: stallscor
|-singleturn|p1a: stallscor|Protect
|move|p2a: Samurott|Ceaseless Edge|p1a: stallscor
|-activate|p1a: stallscor|move: Protect
|
|-heal|p1a: stallscor|64/100 tox|[from] ability: Poison Heal
|-damage|p2a: Samurott|18/100 tox|[from] psn
|upkeep
|turn|31
|
|t:|1776053776
|move|p1a: stallscor|Stealth Rock|p2a: Samurott
|-sidestart|p2: tootymctoot|move: Stealth Rock
|move|p2a: Samurott|Flip Turn|p1a: stallscor
|-supereffective|p1a: stallscor
|-damage|p1a: stallscor|34/100 tox
|
|t:|1776053780
|switch|p2a: Talonflame|Talonflame, M|76/100 tox|[from] Flip Turn
|
|-damage|p2a: Talonflame|70/100 tox|[from] psn
|-heal|p1a: stallscor|46/100 tox|[from] ability: Poison Heal
|upkeep
|turn|32
|
|t:|1776053792
|move|p2a: Talonflame|Defog|p1a: stallscor
|-unboost|p1a: stallscor|evasion|1
|-sideend|p2: tootymctoot|Stealth Rock|[from] move: Defog|[of] p2a: Talonflame
|move|p1a: stallscor|Knock Off|p2a: Talonflame
|-damage|p2a: Talonflame|38/100 tox
|-enditem|p2a: Talonflame|Heavy-Duty Boots|[from] move: Knock Off|[of] p1a: stallscor
|
|-damage|p2a: Talonflame|25/100 tox|[from] psn
|-heal|p1a: stallscor|58/100 tox|[from] ability: Poison Heal
|upkeep
|turn|33
|
|t:|1776053802
|move|p1a: stallscor|Protect|p1a: stallscor
|-singleturn|p1a: stallscor|Protect
|move|p2a: Talonflame|U-turn|p1a: stallscor
|-activate|p1a: stallscor|move: Protect
|
|-damage|p2a: Talonflame|7/100 tox|[from] psn
|-heal|p1a: stallscor|70/100 tox|[from] ability: Poison Heal
|upkeep
|turn|34
|
|t:|1776053807
|move|p1a: stallscor|Protect||[still]
|-fail|p1a: stallscor
|move|p2a: Talonflame|Roost|p2a: Talonflame
|-heal|p2a: Talonflame|57/100 tox
|-singleturn|p2a: Talonflame|move: Roost
|
|-damage|p2a: Talonflame|33/100 tox|[from] psn
|-heal|p1a: stallscor|83/100 tox|[from] ability: Poison Heal
|upkeep
|turn|35
|
|t:|1776053813
|switch|p2a: Samurott|Samurott-Hisui, M|18/100 tox
|move|p1a: stallscor|Protect||[still]
|-fail|p1a: stallscor
|
|-heal|p1a: stallscor|95/100 tox|[from] ability: Poison Heal
|-damage|p2a: Samurott|12/100 tox|[from] psn
|upkeep
|turn|36
|
|t:|1776053817
|move|p1a: stallscor|Protect|p1a: stallscor
|-singleturn|p1a: stallscor|Protect
|move|p2a: Samurott|Flip Turn|p1a: stallscor
|-activate|p1a: stallscor|move: Protect
|
|-heal|p1a: stallscor|100/100 tox|[from] ability: Poison Heal
|-damage|p2a: Samurott|0 fnt|[from] psn
|faint|p2a: Samurott
|upkeep
|
|t:|1776053823
|switch|p2a: Gholdengo|Gholdengo|48/100
|turn|37
|
|t:|1776053836
|move|p2a: Gholdengo|Make It Rain|p1a: stallscor
|-damage|p1a: stallscor|45/100 tox
|-unboost|p2a: Gholdengo|spa|1
|move|p1a: stallscor|Knock Off|p2a: Gholdengo
|-supereffective|p2a: Gholdengo
|-damage|p2a: Gholdengo|14/100
|
|-heal|p1a: stallscor|57/100 tox|[from] ability: Poison Heal
|upkeep
|turn|38
|
|t:|1776053846
|switch|p2a: Talonflame|Talonflame, M|33/100 tox
|move|p1a: stallscor|Protect||[still]
|-fail|p1a: stallscor
|
|-damage|p2a: Talonflame|27/100 tox|[from] psn
|-heal|p1a: stallscor|69/100 tox|[from] ability: Poison Heal
|upkeep
|turn|39
|
|t:|1776053850
|move|p2a: Talonflame|Roost|p2a: Talonflame
|-heal|p2a: Talonflame|77/100 tox
|-singleturn|p2a: Talonflame|move: Roost
|move|p1a: stallscor|Stealth Rock|p2a: Talonflame
|-sidestart|p2: tootymctoot|move: Stealth Rock
|
|-damage|p2a: Talonflame|65/100 tox|[from] psn
|-heal|p1a: stallscor|82/100 tox|[from] ability: Poison Heal
|upkeep
|turn|40
|
|t:|1776053854
|move|p1a: stallscor|Protect|p1a: stallscor
|-singleturn|p1a: stallscor|Protect
|move|p2a: Talonflame|Defog|p1a: stallscor
|-activate|p1a: stallscor|move: Protect
|
|-damage|p2a: Talonflame|47/100 tox|[from] psn
|-heal|p1a: stallscor|94/100 tox|[from] ability: Poison Heal
|upkeep
|turn|41
|
|t:|1776053861
|move|p2a: Talonflame|Roost|p2a: Talonflame
|-heal|p2a: Talonflame|97/100 tox
|-singleturn|p2a: Talonflame|move: Roost
|move|p1a: stallscor|Stealth Rock||[still]
|-fail|p1a: stallscor
|
|-damage|p2a: Talonflame|73/100 tox|[from] psn
|-heal|p1a: stallscor|100/100 tox|[from] ability: Poison Heal
|upkeep
|turn|42
|
|t:|1776053865
|move|p2a: Talonflame|Roost|p2a: Talonflame
|-heal|p2a: Talonflame|100/100 tox
|-singleturn|p2a: Talonflame|move: Roost
|move|p1a: stallscor|Stealth Rock||[still]
|-fail|p1a: stallscor
|
|-damage|p2a: Talonflame|70/100 tox|[from] psn
|upkeep
|turn|43
|
|t:|1776053870
|move|p1a: stallscor|Protect|p1a: stallscor
|-singleturn|p1a: stallscor|Protect
|move|p2a: Talonflame|Defog|p1a: stallscor
|-activate|p1a: stallscor|move: Protect
|
|-damage|p2a: Talonflame|34/100 tox|[from] psn
|upkeep
|turn|44
|
|t:|1776053877
|move|p2a: Talonflame|U-turn|p1a: stallscor
|-resisted|p1a: stallscor
|-damage|p1a: stallscor|95/100 tox
|
|t:|1776053879
|switch|p2a: Gholdengo|Gholdengo|14/100|[from] U-turn
|-damage|p2a: Gholdengo|8/100|[from] Stealth Rock
|move|p1a: stallscor|Stealth Rock||[still]
|-fail|p1a: stallscor
|
|-heal|p1a: stallscor|100/100 tox|[from] ability: Poison Heal
|upkeep
|turn|45
|
|t:|1776053885
|move|p2a: Gholdengo|Make It Rain|p1a: stallscor
|-damage|p1a: stallscor|40/100 tox
|-unboost|p2a: Gholdengo|spa|1
|move|p1a: stallscor|Knock Off|p2a: Gholdengo
|-supereffective|p2a: Gholdengo
|-damage|p2a: Gholdengo|0 fnt
|faint|p2a: Gholdengo
|
|-heal|p1a: stallscor|52/100 tox|[from] ability: Poison Heal
|upkeep
|
|t:|1776053892
|switch|p2a: Ceruledge|Ceruledge, M, shiny|100/100
|-damage|p2a: Ceruledge|76/100|[from] Stealth Rock
|turn|46
|
|t:|1776053899
|switch|p1a: stallomola|Alomomola, M|100/100
|move|p2a: Ceruledge|Swords Dance|p2a: Ceruledge
|-boost|p2a: Ceruledge|atk|2
|
|upkeep
|turn|47
|
|t:|1776053903
|move|p2a: Ceruledge|Close Combat|p1a: stallomola
|-damage|p1a: stallomola|51/100
|-unboost|p2a: Ceruledge|def|1
|-unboost|p2a: Ceruledge|spd|1
|move|p1a: stallomola|Flip Turn|p2a: Ceruledge
|-supereffective|p2a: Ceruledge
|-damage|p2a: Ceruledge|10/100
|-ability|p2a: Ceruledge|Weak Armor|boost
|-unboost|p2a: Ceruledge|def|1
|-boost|p2a: Ceruledge|spe|2
|
|t:|1776053906
|switch|p1a: stalldozo|Dondozo, F|100/100|[from] Flip Turn
|
|upkeep
|turn|48
|
|t:|1776053909
|move|p2a: Ceruledge|Bitter Blade|p1a: stalldozo
|-resisted|p1a: stalldozo
|-damage|p1a: stalldozo|91/100
|-heal|p2a: Ceruledge|18/100|[from] drain|[of] p1a: stalldozo
|move|p1a: stalldozo|Waterfall|p2a: Ceruledge
|-supereffective|p2a: Ceruledge
|-damage|p2a: Ceruledge|0 fnt
|faint|p2a: Ceruledge
|
|-heal|p1a: stalldozo|97/100|[from] item: Leftovers
|upkeep
|c|☆tootymctoot|why
|-message|tootymctoot forfeited.
|
|win|biscuitmeow
|raw|biscuitmeow's rating: 1347 &rarr; <strong>1368</strong><br />(+21 for winning)
|raw|tootymctoot's rating: 1364 &rarr; <strong>1343</strong><br />(-21 for losing)
|l|☆tootymctoot
|player|p2|
|c|☆biscuitmeow|sigma
