|html|<div class="broadcast-blue"><strong>[Gen 9] OU is currently suspecting Tera Blast! For information on how to participate check out the <a href="https://www.smogon.com/tools/suspects/view/200">suspect thread</a>.</strong></div>
|j|☆sam2077
|j|☆Chris789001
|t:|1776074809
|gametype|singles
|player|p1|sam2077|red|1291
|player|p2|Chris789001|266|1251
|gen|9
|tier|[Gen 9] OU
|rated|
|rule|HP Percentage Mod: HP is shown in percentages
|rule|Endless Battle Clause: Forcing endless battles is banned
|rule|Species Clause: Limit one of each Pokémon
|rule|OHKO Clause: OHKO moves are banned
|rule|Evasion Items Clause: Evasion items are banned
|rule|Evasion Moves Clause: Evasion moves are banned
|rule|Evasion Abilities Clause: Evasion abilities are banned
|rule|Sleep Moves Clause: Sleep-inducing moves are banned
|clearpoke
|poke|p1|Kingambit, M|
|poke|p1|Serperior, F|
|poke|p1|Dragapult, M|
|poke|p1|Landorus-Therian, M|
|poke|p1|Heatran, M|
|poke|p1|Cinderace, M|
|poke|p2|Cloyster, F|
|poke|p2|Hydreigon, F|
|poke|p2|Froslass, F|
|poke|p2|Lurantis, M|
|poke|p2|Manaphy|
|poke|p2|Blaziken, F|
|teampreview
|
|t:|1776074827
|teamsize|p1|6
|teamsize|p2|6
|start
|switch|p1a: Landorus|Landorus-Therian, M|100/100
|switch|p2a: Blaziken|Blaziken, F|100/100
|-ability|p1a: Landorus|Intimidate|boost
|-unboost|p2a: Blaziken|atk|1
|turn|1
|
|t:|1776074843
|switch|p2a: Hydreigon|Hydreigon, F|100/100
|move|p1a: Landorus|Earthquake|p2a: Hydreigon
|-immune|p2a: Hydreigon|[from] ability: Levitate
|
|upkeep
|turn|2
|
|t:|1776074853
|move|p1a: Landorus|Taunt|p2a: Hydreigon
|-start|p2a: Hydreigon|move: Taunt
|cant|p2a: Hydreigon|move: Taunt|Dragon Dance
|
|upkeep
|turn|3
|
|t:|1776074861
|switch|p2a: Blaziken|Blaziken, F|100/100
|move|p1a: Landorus|Stealth Rock|p2a: Blaziken
|-sidestart|p2: Chris789001|move: Stealth Rock
|
|upkeep
|turn|4
|
|t:|1776074872
|move|p1a: Landorus|Earthquake|p2a: Blaziken
|-supereffective|p2a: Blaziken
|-damage|p2a: Blaziken|0 fnt
|faint|p2a: Blaziken
|
|upkeep
|
|t:|1776074880
|switch|p2a: Hydreigon|Hydreigon, F|100/100
|-damage|p2a: Hydreigon|88/100|[from] Stealth Rock
|turn|5
|
|t:|1776074884
|move|p1a: Landorus|Taunt|p2a: Hydreigon
|-start|p2a: Hydreigon|move: Taunt
|move|p2a: Hydreigon|Dragon Tail|p1a: Landorus
|-crit|p1a: Landorus
|-damage|p1a: Landorus|60/100
|-damage|p2a: Hydreigon|72/100|[from] item: Rocky Helmet|[of] p1a: Landorus
|drag|p1a: Serperior|Serperior, F, shiny|100/100
|
|upkeep
|turn|6
|
|t:|1776074903
|move|p1a: Serperior|Glare|p2a: Hydreigon
|-status|p2a: Hydreigon|par
|cant|p2a: Hydreigon|par
|
|upkeep
|turn|7
|
|t:|1776074909
|move|p1a: Serperior|Leaf Storm|p2a: Hydreigon|[miss]
|-miss|p1a: Serperior|p2a: Hydreigon
|cant|p2a: Hydreigon|par
|
|-end|p2a: Hydreigon|move: Taunt
|upkeep
|turn|8
|
|t:|1776074919
|move|p1a: Serperior|Leaf Storm|p2a: Hydreigon
|-resisted|p2a: Hydreigon
|-damage|p2a: Hydreigon|45/100 par
|-boost|p1a: Serperior|spa|2
|move|p2a: Hydreigon|Dragon Dance|p2a: Hydreigon
|-boost|p2a: Hydreigon|atk|1
|-boost|p2a: Hydreigon|spe|1
|
|upkeep
|turn|9
|
|t:|1776074928
|move|p1a: Serperior|Substitute|p1a: Serperior
|-start|p1a: Serperior|Substitute
|-damage|p1a: Serperior|75/100
|cant|p2a: Hydreigon|par
|
|-heal|p1a: Serperior|82/100|[from] item: Leftovers
|upkeep
|turn|10
|
|t:|1776074935
|move|p1a: Serperior|Leaf Storm|p2a: Hydreigon
|-resisted|p2a: Hydreigon
|-damage|p2a: Hydreigon|0 fnt
|-boost|p1a: Serperior|spa|2
|faint|p2a: Hydreigon
|
|-heal|p1a: Serperior|88/100|[from] item: Leftovers
|upkeep
|
|t:|1776074961
|switch|p2a: Froslass|Froslass, F|100/100
|-damage|p2a: Froslass|76/100|[from] Stealth Rock
|turn|11
|
|t:|1776074970
|move|p1a: Serperior|Leaf Storm|p2a: Froslass
|-damage|p2a: Froslass|0 fnt
|-boost|p1a: Serperior|spa|2
|faint|p2a: Froslass
|
|-heal|p1a: Serperior|94/100|[from] item: Leftovers
|upkeep
|-message|Chris789001 forfeited.
|
|win|sam2077
|raw|sam2077's rating: 1291 &rarr; <strong>1313</strong><br />(+22 for winning)
|raw|Chris789001's rating: 1251 &rarr; <strong>1229</strong><br />(-22 for losing)
|l|☆Chris789001
|player|p2|
|l|☆sam2077
|player|p1|
