|html|<div class="broadcast-blue"><strong>[Gen 9] OU is currently suspecting Tera Blast! For information on how to participate check out the <a href="https://www.smogon.com/tools/suspects/view/200">suspect thread</a>.</strong></div>
|j|☆PinguButGood
|j|☆Gets Ragebaited
|t:|1776194250
|gametype|singles
|player|p1|PinguButGood|falkner|1187
|player|p2|Gets Ragebaited|alec-anime|1225
|gen|9
|tier|[Gen 9] OU
|rated|
|rule|HP Percentage Mod: HP is shown in percentages
|rule|Endless Battle Clause: Forcing endless battles is banned
|rule|Species Clause: Limit one of each Pokémon
|rule|OHKO Clause: OHKO moves are banned
|rule|Evasion Items Clause: Evasion items are banned
|rule|Evasion Moves Clause: Evasion moves are banned
|rule|Evasion Abilities Clause: Evasion abilities are banned
|rule|Sleep Moves Clause: Sleep-inducing moves are banned
|clearpoke
|poke|p1|Kyurem|
|poke|p1|Rillaboom, F|
|poke|p1|Garganacl, M|
|poke|p1|Pecharunt|
|poke|p1|Iron Treads|
|poke|p1|Zamazenta-*|
|poke|p2|Zarude|
|poke|p2|Ting-Lu|
|poke|p2|Cinderace, M|
|poke|p2|Rotom|
|poke|p2|Blastoise, M|
|poke|p2|Latias, F|
|teampreview
|inactive|Battle timer is ON: inactive players will automatically lose when time's up. (requested by PinguButGood)
|
|t:|1776194258
|teamsize|p1|6
|teamsize|p2|6
|start
|switch|p1a: Garganacl|Garganacl, M|100/100
|switch|p2a: Ting-Lu|Ting-Lu|100/100
|-ability|p2a: Ting-Lu|Vessel of Ruin
|turn|1
|
|t:|1776194271
|switch|p1a: Rillaboom|Rillaboom, F|100/100
|-fieldstart|move: Grassy Terrain|[from] ability: Grassy Surge|[of] p1a: Rillaboom
|move|p2a: Ting-Lu|Spikes|p1a: Rillaboom
|-sidestart|p1: PinguButGood|Spikes
|
|upkeep
|turn|2
|
|t:|1776194289
|switch|p2a: Cinderace|Cinderace, M|100/100
|move|p1a: Rillaboom|Wood Hammer|p2a: Cinderace
|-resisted|p2a: Cinderace
|-damage|p2a: Cinderace|0 fnt
|faint|p2a: Cinderace
|-damage|p1a: Rillaboom|71/100|[from] Recoil
|
|-heal|p1a: Rillaboom|78/100|[from] Grassy Terrain
|upkeep
|
|t:|1776194297
|switch|p2a: Zarude|Zarude|100/100
|turn|3
|
|t:|1776194309
|switch|p1a: Zamazenta|Zamazenta|100/100
|-damage|p1a: Zamazenta|88/100|[from] Spikes
|-ability|p1a: Zamazenta|Dauntless Shield|boost
|-boost|p1a: Zamazenta|def|1
|move|p2a: Zarude|Swords Dance|p2a: Zarude
|-boost|p2a: Zarude|atk|2
|
|-heal|p1a: Zamazenta|94/100|[from] Grassy Terrain
|-heal|p1a: Zamazenta|100/100|[from] item: Leftovers
|upkeep
|turn|4
|
|t:|1776194318
|-terastallize|p2a: Zarude|Fairy
|move|p1a: Zamazenta|Body Press|p2a: Zarude
|-resisted|p2a: Zarude
|-damage|p2a: Zarude|73/100
|move|p2a: Zarude|Trailblaze|p1a: Zamazenta
|-damage|p1a: Zamazenta|72/100
|-boost|p2a: Zarude|spe|1
|
|-heal|p2a: Zarude|79/100|[from] Grassy Terrain
|-heal|p2a: Zarude|85/100|[from] item: Leftovers
|-heal|p1a: Zamazenta|78/100|[from] Grassy Terrain
|-heal|p1a: Zamazenta|84/100|[from] item: Leftovers
|upkeep
|turn|5
|
|t:|1776194332
|move|p2a: Zarude|Swords Dance|p2a: Zarude
|-boost|p2a: Zarude|atk|2
|move|p1a: Zamazenta|Iron Defense|p1a: Zamazenta
|-boost|p1a: Zamazenta|def|2
|
|-heal|p2a: Zarude|91/100|[from] Grassy Terrain
|-heal|p2a: Zarude|97/100|[from] item: Leftovers
|-heal|p1a: Zamazenta|90/100|[from] Grassy Terrain
|-heal|p1a: Zamazenta|96/100|[from] item: Leftovers
|-fieldend|move: Grassy Terrain
|upkeep
|turn|6
|
|t:|1776194342
|move|p2a: Zarude|Tera Blast|p1a: Zamazenta|[anim] Tera Blast Fairy
|-supereffective|p1a: Zamazenta
|-damage|p1a: Zamazenta|31/100
|move|p1a: Zamazenta|Iron Defense|p1a: Zamazenta
|-boost|p1a: Zamazenta|def|2
|
|-heal|p2a: Zarude|100/100|[from] item: Leftovers
|-heal|p1a: Zamazenta|37/100|[from] item: Leftovers
|upkeep
|turn|7
|
|t:|1776194358
|-terastallize|p1a: Zamazenta|Fire
|move|p2a: Zarude|Tera Blast|p1a: Zamazenta|[anim] Tera Blast Fairy
|-resisted|p1a: Zamazenta
|-damage|p1a: Zamazenta|25/100
|move|p1a: Zamazenta|Roar|p2a: Zarude
|drag|p2a: Rotom|Rotom|100/100
|
|-heal|p1a: Zamazenta|31/100|[from] item: Leftovers
|upkeep
|turn|8
|
|t:|1776194372
|move|p1a: Zamazenta|Crunch|p2a: Rotom
|-supereffective|p2a: Rotom
|-damage|p2a: Rotom|58/100
|-unboost|p2a: Rotom|def|1
|-damage|p1a: Zamazenta|14/100|[from] item: Rocky Helmet|[of] p2a: Rotom
|move|p2a: Rotom|Hex|p1a: Zamazenta
|-damage|p1a: Zamazenta|0 fnt
|faint|p1a: Zamazenta
|
|upkeep
|inactive|PinguButGood has 120 seconds left.
|
|t:|1776194397
|switch|p1a: Rillaboom|Rillaboom, F|78/100
|-damage|p1a: Rillaboom|65/100|[from] Spikes
|-fieldstart|move: Grassy Terrain|[from] ability: Grassy Surge|[of] p1a: Rillaboom
|turn|9
|inactive|PinguButGood has 120 seconds left.
|
|t:|1776194407
|switch|p2a: Latias|Latias, F|100/100
|move|p1a: Rillaboom|Wood Hammer|p2a: Latias
|-resisted|p2a: Latias
|-damage|p2a: Latias|20/100
|-damage|p1a: Rillaboom|42/100|[from] Recoil
|
|-heal|p1a: Rillaboom|48/100|[from] Grassy Terrain
|upkeep
|turn|10
|
|t:|1776194416
|switch|p1a: Garganacl|Garganacl, M|100/100
|-damage|p1a: Garganacl|88/100|[from] Spikes
|move|p2a: Latias|Healing Wish|p2a: Latias
|faint|p2a: Latias
|
|-heal|p1a: Garganacl|94/100|[from] Grassy Terrain
|-heal|p1a: Garganacl|100/100|[from] item: Leftovers
|upkeep
|
|t:|1776194422
|switch|p2a: Ting-Lu|Ting-Lu|100/100
|-ability|p2a: Ting-Lu|Vessel of Ruin
|turn|11
|
|t:|1776194427
|move|p2a: Ting-Lu|Spikes|p1a: Garganacl
|-sidestart|p1: PinguButGood|Spikes
|move|p1a: Garganacl|Stealth Rock|p2a: Ting-Lu
|-sidestart|p2: Gets Ragebaited|move: Stealth Rock
|
|upkeep
|turn|12
|
|t:|1776194431
|move|p2a: Ting-Lu|Spikes|p1a: Garganacl
|-sidestart|p1: PinguButGood|Spikes
|move|p1a: Garganacl|Salt Cure|p2a: Ting-Lu
|-resisted|p2a: Ting-Lu
|-damage|p2a: Ting-Lu|97/100
|-start|p2a: Ting-Lu|Salt Cure
|
|-heal|p2a: Ting-Lu|100/100|[from] Grassy Terrain
|-damage|p2a: Ting-Lu|88/100|[from] Salt Cure
|upkeep
|turn|13
|
|t:|1776194439
|switch|p1a: Iron Treads|Iron Treads|100/100
|-damage|p1a: Iron Treads|76/100|[from] Spikes
|move|p2a: Ting-Lu|Whirlwind|p1a: Iron Treads
|-end|p1a: Iron Treads|Quark Drive|[silent]
|drag|p1a: Garganacl|Garganacl, M|100/100
|-damage|p1a: Garganacl|75/100|[from] Spikes
|
|-heal|p2a: Ting-Lu|94/100|[from] Grassy Terrain
|-heal|p1a: Garganacl|82/100|[from] Grassy Terrain
|-heal|p1a: Garganacl|88/100|[from] item: Leftovers
|-damage|p2a: Ting-Lu|82/100|[from] Salt Cure
|-fieldend|move: Grassy Terrain
|upkeep
|turn|14
|
|t:|1776194453
|move|p1a: Garganacl|Salt Cure|p2a: Ting-Lu
|-resisted|p2a: Ting-Lu
|-damage|p2a: Ting-Lu|78/100
|move|p2a: Ting-Lu|Whirlwind|p1a: Garganacl
|drag|p1a: Pecharunt|Pecharunt|100/100
|
|-damage|p2a: Ting-Lu|65/100|[from] Salt Cure
|upkeep
|turn|15
|
|t:|1776194470
|move|p1a: Pecharunt|Malignant Chain|p2a: Ting-Lu
|-resisted|p2a: Ting-Lu
|-damage|p2a: Ting-Lu|59/100
|move|p2a: Ting-Lu|Ruination|p1a: Pecharunt
|-damage|p1a: Pecharunt|51/100
|
|-damage|p2a: Ting-Lu|47/100|[from] Salt Cure
|upkeep
|-enditem|p2a: Ting-Lu|Sitrus Berry|[eat]
|-heal|p2a: Ting-Lu|72/100|[from] item: Sitrus Berry
|turn|16
|
|t:|1776194483
|move|p1a: Pecharunt|Malignant Chain|p2a: Ting-Lu
|-resisted|p2a: Ting-Lu
|-damage|p2a: Ting-Lu|65/100
|move|p2a: Ting-Lu|Earthquake|p1a: Pecharunt
|-supereffective|p1a: Pecharunt
|-damage|p1a: Pecharunt|2/100
|
|-damage|p2a: Ting-Lu|53/100|[from] Salt Cure
|upkeep
|turn|17
|
|t:|1776194492
|move|p1a: Pecharunt|Recover|p1a: Pecharunt
|-heal|p1a: Pecharunt|52/100
|move|p2a: Ting-Lu|Whirlwind|p1a: Pecharunt
|drag|p1a: Kyurem|Kyurem|100/100
|-damage|p1a: Kyurem|76/100|[from] Spikes
|-ability|p1a: Kyurem|Pressure
|
|-heal|p1a: Kyurem|82/100|[from] item: Leftovers
|-damage|p2a: Ting-Lu|40/100|[from] Salt Cure
|upkeep
|turn|18
|
|t:|1776194503
|move|p1a: Kyurem|Freeze-Dry|p2a: Ting-Lu
|-supereffective|p2a: Ting-Lu
|-damage|p2a: Ting-Lu|11/100
|move|p2a: Ting-Lu|Ruination|p1a: Kyurem
|-damage|p1a: Kyurem|41/100
|
|-heal|p1a: Kyurem|47/100|[from] item: Leftovers
|-damage|p2a: Ting-Lu|0 fnt|[from] Salt Cure
|faint|p2a: Ting-Lu
|upkeep
|
|t:|1776194508
|switch|p2a: Zarude|Zarude, tera:Fairy|100/100
|-damage|p2a: Zarude|88/100|[from] Stealth Rock
|turn|19
|
|t:|1776194525
|move|p2a: Zarude|Swords Dance|p2a: Zarude
|-boost|p2a: Zarude|atk|2
|move|p1a: Kyurem|Freeze-Dry|p2a: Zarude
|-damage|p2a: Zarude|50/100
|
|-heal|p2a: Zarude|56/100|[from] item: Leftovers
|-heal|p1a: Kyurem|54/100|[from] item: Leftovers
|upkeep
|turn|20
|
|t:|1776194534
|move|p2a: Zarude|Knock Off|p1a: Kyurem
|-damage|p1a: Kyurem|0 fnt
|-enditem|p1a: Kyurem|Leftovers|[from] move: Knock Off|[of] p2a: Zarude
|faint|p1a: Kyurem
|
|-heal|p2a: Zarude|62/100|[from] item: Leftovers
|upkeep
|inactive|PinguButGood has 120 seconds left.
|
|t:|1776194562
|switch|p1a: Iron Treads|Iron Treads|76/100
|-damage|p1a: Iron Treads|51/100|[from] Spikes
|turn|21
|inactive|PinguButGood has 120 seconds left.
|
|t:|1776194578
|switch|p2a: Rotom|Rotom|58/100
|-heal|p2a: Rotom|100/100|[from] move: Healing Wish
|-damage|p2a: Rotom|88/100|[from] Stealth Rock
|move|p1a: Iron Treads|Rapid Spin|p2a: Rotom
|-immune|p2a: Rotom
|
|upkeep
|turn|22
|inactive|PinguButGood has 120 seconds left.
|
|t:|1776194598
|move|p1a: Iron Treads|Knock Off|p2a: Rotom
|-supereffective|p2a: Rotom
|-damage|p2a: Rotom|27/100
|-damage|p1a: Iron Treads|34/100|[from] item: Rocky Helmet|[of] p2a: Rotom
|-enditem|p2a: Rotom|Rocky Helmet|[from] move: Knock Off|[of] p1a: Iron Treads
|move|p2a: Rotom|Will-O-Wisp|p1a: Iron Treads
|-status|p1a: Iron Treads|brn
|
|-damage|p1a: Iron Treads|28/100 brn|[from] brn
|upkeep
|turn|23
|inactive|PinguButGood has 120 seconds left.
|
|t:|1776194612
|-end|p1a: Iron Treads|Quark Drive|[silent]
|switch|p1a: Garganacl|Garganacl, M|88/100
|-damage|p1a: Garganacl|63/100|[from] Spikes
|move|p2a: Rotom|Hex|p1a: Garganacl
|-damage|p1a: Garganacl|55/100
|
|-heal|p1a: Garganacl|61/100|[from] item: Leftovers
|upkeep
|turn|24
|
|t:|1776194621
|move|p2a: Rotom|Volt Switch|p1a: Garganacl
|-damage|p1a: Garganacl|47/100
|
|t:|1776194630
|switch|p2a: Blastoise|Blastoise, M|100/100|[from] Volt Switch
|-damage|p2a: Blastoise|88/100|[from] Stealth Rock
|move|p1a: Garganacl|Salt Cure|p2a: Blastoise
|-damage|p2a: Blastoise|79/100
|-start|p2a: Blastoise|Salt Cure
|
|-heal|p1a: Garganacl|53/100|[from] item: Leftovers
|-damage|p2a: Blastoise|54/100|[from] Salt Cure
|upkeep
|turn|25
|
|t:|1776194643
|move|p1a: Garganacl|Protect|p1a: Garganacl
|-singleturn|p1a: Garganacl|Protect
|move|p2a: Blastoise|Rapid Spin|p1a: Garganacl
|-activate|p1a: Garganacl|move: Protect
|
|-heal|p1a: Garganacl|59/100|[from] item: Leftovers
|-damage|p2a: Blastoise|29/100|[from] Salt Cure
|upkeep
|turn|26
|
|t:|1776194656
|move|p2a: Blastoise|Flip Turn|p1a: Garganacl
|-supereffective|p1a: Garganacl
|-damage|p1a: Garganacl|26/100
|
|t:|1776194661
|switch|p2a: Rotom|Rotom|27/100|[from] Flip Turn
|-damage|p2a: Rotom|15/100|[from] Stealth Rock
|move|p1a: Garganacl|Stealth Rock||[still]
|-fail|p1a: Garganacl
|
|-heal|p1a: Garganacl|32/100|[from] item: Leftovers
|upkeep
|turn|27
|
|t:|1776194672
|move|p2a: Rotom|Volt Switch|p1a: Garganacl
|-damage|p1a: Garganacl|17/100
|
|t:|1776194675
|switch|p2a: Blastoise|Blastoise, M|29/100|[from] Volt Switch
|-damage|p2a: Blastoise|16/100|[from] Stealth Rock
|move|p1a: Garganacl|Recover|p1a: Garganacl
|-heal|p1a: Garganacl|67/100
|
|-heal|p1a: Garganacl|73/100|[from] item: Leftovers
|upkeep
|turn|28
|
|t:|1776194691
|move|p2a: Blastoise|Rapid Spin|p1a: Garganacl
|-resisted|p1a: Garganacl
|-damage|p1a: Garganacl|70/100
|-boost|p2a: Blastoise|spe|1
|-sideend|p2: Gets Ragebaited|Stealth Rock|[from] move: Rapid Spin|[of] p2a: Blastoise
|move|p1a: Garganacl|Salt Cure|p2a: Blastoise
|-damage|p2a: Blastoise|7/100
|-start|p2a: Blastoise|Salt Cure
|
|-heal|p1a: Garganacl|76/100|[from] item: Leftovers
|-damage|p2a: Blastoise|0 fnt|[from] Salt Cure
|faint|p2a: Blastoise
|upkeep
|inactive|Gets Ragebaited has 120 seconds left.
|inactive|Gets Ragebaited has 90 seconds left.
|
|t:|1776194761
|switch|p2a: Zarude|Zarude, tera:Fairy|62/100
|turn|29
|
|t:|1776194766
|move|p2a: Zarude|Swords Dance|p2a: Zarude
|-boost|p2a: Zarude|atk|2
|move|p1a: Garganacl|Salt Cure|p2a: Zarude
|-damage|p2a: Zarude|50/100
|-start|p2a: Zarude|Salt Cure
|
|-heal|p2a: Zarude|56/100|[from] item: Leftovers
|-heal|p1a: Garganacl|82/100|[from] item: Leftovers
|-damage|p2a: Zarude|44/100|[from] Salt Cure
|upkeep
|turn|30
|
|t:|1776194777
|move|p2a: Zarude|Knock Off|p1a: Garganacl
|-damage|p1a: Garganacl|25/100
|-enditem|p1a: Garganacl|Leftovers|[from] move: Knock Off|[of] p2a: Zarude
|move|p1a: Garganacl|Salt Cure|p2a: Zarude
|-damage|p2a: Zarude|31/100
|
|-heal|p2a: Zarude|37/100|[from] item: Leftovers
|-damage|p2a: Zarude|25/100|[from] Salt Cure
|upkeep
|turn|31
|
|t:|1776194786
|move|p1a: Garganacl|Protect|p1a: Garganacl
|-singleturn|p1a: Garganacl|Protect
|move|p2a: Zarude|Trailblaze|p1a: Garganacl
|-activate|p1a: Garganacl|move: Protect
|
|-heal|p2a: Zarude|31/100|[from] item: Leftovers
|-damage|p2a: Zarude|18/100|[from] Salt Cure
|upkeep
|turn|32
|
|t:|1776194794
|move|p2a: Zarude|Trailblaze|p1a: Garganacl
|-supereffective|p1a: Garganacl
|-damage|p1a: Garganacl|0 fnt
|-boost|p2a: Zarude|spe|1
|faint|p1a: Garganacl
|
|-heal|p2a: Zarude|24/100|[from] item: Leftovers
|-damage|p2a: Zarude|12/100|[from] Salt Cure
|upkeep
|
|t:|1776194811
|switch|p1a: Pecharunt|Pecharunt|52/100
|turn|33
|
|t:|1776194815
|move|p2a: Zarude|Knock Off|p1a: Pecharunt
|-supereffective|p1a: Pecharunt
|-damage|p1a: Pecharunt|0 fnt
|-enditem|p1a: Pecharunt|Heavy-Duty Boots|[from] move: Knock Off|[of] p2a: Zarude
|faint|p1a: Pecharunt
|
|-heal|p2a: Zarude|18/100|[from] item: Leftovers
|-damage|p2a: Zarude|6/100|[from] Salt Cure
|upkeep
|
|t:|1776194827
|switch|p1a: Iron Treads|Iron Treads|28/100 brn
|-damage|p1a: Iron Treads|3/100 brn|[from] Spikes
|turn|34
|
|t:|1776194833
|move|p2a: Zarude|Tera Blast|p1a: Iron Treads|[anim] Tera Blast Fairy
|-resisted|p1a: Iron Treads
|-damage|p1a: Iron Treads|0 fnt
|faint|p1a: Iron Treads
|-end|p1a: Iron Treads|Quark Drive|[silent]
|
|-heal|p2a: Zarude|12/100|[from] item: Leftovers
|-damage|p2a: Zarude|0 fnt|[from] Salt Cure
|faint|p2a: Zarude
|upkeep
|
|t:|1776194841
|switch|p2a: Rotom|Rotom|15/100
|switch|p1a: Rillaboom|Rillaboom, F|48/100
|-damage|p1a: Rillaboom|23/100|[from] Spikes
|-fieldstart|move: Grassy Terrain|[from] ability: Grassy Surge|[of] p1a: Rillaboom
|turn|35
|
|t:|1776194849
|move|p1a: Rillaboom|Grassy Glide|p2a: Rotom
|-damage|p2a: Rotom|0 fnt
|faint|p2a: Rotom
|
|win|PinguButGood
|raw|PinguButGood's rating: 1187 &rarr; <strong>1215</strong><br />(+28 for winning)
|raw|Gets Ragebaited's rating: 1225 &rarr; <strong>1197</strong><br />(-28 for losing)
|c|☆PinguButGood|ggwp
