|html|<div class="broadcast-blue"><strong>[Gen 9] OU is currently suspecting Tera Blast! For information on how to participate check out the <a href="https://www.smogon.com/tools/suspects/view/200">suspect thread</a>.</strong></div>
|j|☆Justkeith26
|j|☆S.FROSTE_9
|t:|1776075349
|gametype|singles
|player|p1|Justkeith26|lucas|1099
|player|p2|S.FROSTE_9|steven|1151
|gen|9
|tier|[Gen 9] OU
|rated|
|rule|HP Percentage Mod: HP is shown in percentages
|rule|Endless Battle Clause: Forcing endless battles is banned
|rule|Species Clause: Limit one of each Pokémon
|rule|OHKO Clause: OHKO moves are banned
|rule|Evasion Items Clause: Evasion items are banned
|rule|Evasion Moves Clause: Evasion moves are banned
|rule|Evasion Abilities Clause: Evasion abilities are banned
|rule|Sleep Moves Clause: Sleep-inducing moves are banned
|clearpoke
|poke|p1|Dragonite, F|
|poke|p1|Zamazenta-*|
|poke|p1|Landorus-Therian, M|
|poke|p1|Gholdengo|
|poke|p1|Darkrai|
|poke|p1|Heatran, F|
|poke|p2|Registeel|
|poke|p2|Dragapult, F|
|poke|p2|Glimmora, M|
|poke|p2|Barraskewda, M|
|poke|p2|Sneasel-Hisui, M|
|poke|p2|Iron Valiant|
|teampreview
|inactive|Battle timer is ON: inactive players will automatically lose when time's up. (requested by S.FROSTE_9)
|
|t:|1776075355
|teamsize|p1|6
|teamsize|p2|6
|start
|switch|p1a: Landorus|Landorus-Therian, M|100/100
|switch|p2a: Glimmora|Glimmora, M|100/100
|-ability|p1a: Landorus|Intimidate|boost
|-unboost|p2a: Glimmora|atk|1
|turn|1
|
|t:|1776075364
|move|p2a: Glimmora|Stealth Rock|p1a: Landorus
|-sidestart|p1: Justkeith26|move: Stealth Rock
|move|p1a: Landorus|Earthquake|p2a: Glimmora
|-supereffective|p2a: Glimmora
|-enditem|p2a: Glimmora|Focus Sash
|-damage|p2a: Glimmora|1/100
|-activate|p2a: Glimmora|ability: Toxic Debris
|-sidestart|p1: Justkeith26|move: Toxic Spikes
|
|upkeep
|turn|2
|
|t:|1776075375
|switch|p2a: Dragapult|Dragapult, F|100/100
|move|p1a: Landorus|Stealth Rock|p2a: Dragapult
|-sidestart|p2: S.FROSTE_9|move: Stealth Rock
|
|upkeep
|turn|3
|
|t:|1776075392
|switch|p1a: Darkrai|Darkrai|100/100
|move|p2a: Dragapult|Shadow Ball|p1a: Darkrai
|-resisted|p1a: Darkrai
|-damage|p1a: Darkrai|71/100
|-unboost|p1a: Darkrai|spd|1
|
|upkeep
|turn|4
|
|t:|1776075400
|switch|p2a: Glimmora|Glimmora, M|1/100
|-damage|p2a: Glimmora|0 fnt|[from] Stealth Rock
|faint|p2a: Glimmora
|move|p1a: Darkrai|Dark Pulse|p2: Glimmora|[notarget]
|-fail|p1a: Darkrai
|
|upkeep
|
|t:|1776075411
|switch|p2a: Sneasel|Sneasel-Hisui, M|100/100
|-damage|p2a: Sneasel|95/100|[from] Stealth Rock
|turn|5
|
|t:|1776075420
|switch|p1a: Zamazenta|Zamazenta|100/100
|-damage|p1a: Zamazenta|94/100|[from] Stealth Rock
|-status|p1a: Zamazenta|psn
|-ability|p1a: Zamazenta|Dauntless Shield|boost
|-boost|p1a: Zamazenta|def|1
|move|p2a: Sneasel|Poison Jab|p1a: Zamazenta
|-damage|p1a: Zamazenta|76/100 psn
|
|-heal|p1a: Zamazenta|82/100 psn|[from] item: Leftovers
|-damage|p1a: Zamazenta|70/100 psn|[from] psn
|upkeep
|turn|6
|
|t:|1776075435
|move|p2a: Sneasel|Feint|p1a: Zamazenta
|-damage|p1a: Zamazenta|66/100 psn
|move|p1a: Zamazenta|Heavy Slam|p2a: Sneasel
|-damage|p2a: Sneasel|24/100
|
|-heal|p1a: Zamazenta|72/100 psn|[from] item: Leftovers
|-damage|p1a: Zamazenta|59/100 psn|[from] psn
|upkeep
|turn|7
|
|t:|1776075444
|switch|p1a: Gholdengo|Gholdengo|100/100
|-damage|p1a: Gholdengo|94/100|[from] Stealth Rock
|move|p2a: Sneasel|Feint|p1a: Gholdengo
|-immune|p1a: Gholdengo
|
|-heal|p1a: Gholdengo|100/100|[from] item: Leftovers
|upkeep
|turn|8
|
|t:|1776075453
|move|p2a: Sneasel|Swords Dance|p2a: Sneasel
|-boost|p2a: Sneasel|atk|2
|move|p1a: Gholdengo|Thunderbolt|p2a: Sneasel
|-damage|p2a: Sneasel|0 fnt
|faint|p2a: Sneasel
|
|upkeep
|
|t:|1776075458
|switch|p2a: Dragapult|Dragapult, F|100/100
|-damage|p2a: Dragapult|88/100|[from] Stealth Rock
|turn|9
|
|t:|1776075477
|-terastallize|p1a: Gholdengo|Steel
|move|p2a: Dragapult|Fire Blast|p1a: Gholdengo|[miss]
|-miss|p2a: Dragapult|p1a: Gholdengo
|move|p1a: Gholdengo|Make It Rain|p2a: Dragapult
|-damage|p2a: Dragapult|0 fnt
|-unboost|p1a: Gholdengo|spa|1
|faint|p2a: Dragapult
|
|upkeep
|c|☆S.FROSTE_9|okey
|
|t:|1776075491
|switch|p2a: Iron Valiant|Iron Valiant|100/100
|-damage|p2a: Iron Valiant|94/100|[from] Stealth Rock
|-enditem|p2a: Iron Valiant|Booster Energy
|-activate|p2a: Iron Valiant|ability: Quark Drive|[fromitem]
|-start|p2a: Iron Valiant|quarkdrivespe
|turn|10
|
|t:|1776075515
|switch|p1a: Landorus|Landorus-Therian, M|100/100
|-damage|p1a: Landorus|88/100|[from] Stealth Rock
|-ability|p1a: Landorus|Intimidate|boost
|-unboost|p2a: Iron Valiant|atk|1
|move|p2a: Iron Valiant|Spirit Break|p1a: Landorus
|-damage|p1a: Landorus|63/100
|-unboost|p1a: Landorus|spa|1
|-damage|p2a: Iron Valiant|78/100|[from] item: Rocky Helmet|[of] p1a: Landorus
|
|upkeep
|turn|11
|inactive|S.FROSTE_9 has 120 seconds left.
|
|t:|1776075535
|move|p2a: Iron Valiant|Destiny Bond|p2a: Iron Valiant
|-singlemove|p2a: Iron Valiant|Destiny Bond
|move|p1a: Landorus|Earthquake|p2a: Iron Valiant
|-damage|p2a: Iron Valiant|19/100
|
|upkeep
|turn|12
|
|t:|1776075544
|switch|p1a: Dragonite|Dragonite, F|100/100
|-damage|p1a: Dragonite|76/100|[from] Stealth Rock
|move|p2a: Iron Valiant|Close Combat|p1a: Dragonite
|-resisted|p1a: Dragonite
|-damage|p1a: Dragonite|53/100
|-unboost|p2a: Iron Valiant|def|1
|-unboost|p2a: Iron Valiant|spd|1
|
|upkeep
|turn|13
|
|t:|1776075554
|move|p1a: Dragonite|Extreme Speed|p2a: Iron Valiant
|-damage|p2a: Iron Valiant|0 fnt
|faint|p2a: Iron Valiant
|-end|p2a: Iron Valiant|Quark Drive|[silent]
|
|upkeep
|
|t:|1776075558
|switch|p2a: Barraskewda|Barraskewda, M|100/100
|-damage|p2a: Barraskewda|88/100|[from] Stealth Rock
|turn|14
|
|t:|1776075566
|move|p1a: Dragonite|Extreme Speed|p2a: Barraskewda
|-damage|p2a: Barraskewda|33/100
|move|p2a: Barraskewda|Ice Fang|p1a: Dragonite
|-supereffective|p1a: Dragonite
|-damage|p1a: Dragonite|0 fnt
|faint|p1a: Dragonite
|
|upkeep
|
|t:|1776075576
|switch|p1a: Darkrai|Darkrai|71/100
|turn|15
|
|t:|1776075583
|move|p1a: Darkrai|Dark Pulse|p2a: Barraskewda
|-damage|p2a: Barraskewda|0 fnt
|faint|p2a: Barraskewda
|
|upkeep
|
|t:|1776075585
|switch|p2a: Registeel|Registeel|100/100
|-damage|p2a: Registeel|94/100|[from] Stealth Rock
|turn|16
|
|t:|1776075592
|switch|p1a: Zamazenta|Zamazenta|59/100 psn
|-damage|p1a: Zamazenta|53/100 psn|[from] Stealth Rock
|move|p2a: Registeel|Amnesia|p2a: Registeel
|-boost|p2a: Registeel|spd|2
|
|-heal|p1a: Zamazenta|59/100 psn|[from] item: Leftovers
|-damage|p1a: Zamazenta|47/100 psn|[from] psn
|upkeep
|turn|17
|
|t:|1776075602
|-terastallize|p2a: Registeel|Water
|move|p1a: Zamazenta|Body Press|p2a: Registeel
|-damage|p2a: Registeel|71/100
|move|p2a: Registeel|Iron Defense|p2a: Registeel
|-boost|p2a: Registeel|def|2
|
|-heal|p1a: Zamazenta|53/100 psn|[from] item: Leftovers
|-damage|p1a: Zamazenta|41/100 psn|[from] psn
|upkeep
|turn|18
|
|t:|1776075624
|switch|p1a: Landorus|Landorus-Therian, M|63/100
|-damage|p1a: Landorus|50/100|[from] Stealth Rock
|-ability|p1a: Landorus|Intimidate|boost
|-fail|p2a: Registeel|unboost|[from] ability: Clear Body|[of] p2a: Registeel
|move|p2a: Registeel|Iron Defense|p2a: Registeel
|-boost|p2a: Registeel|def|2
|
|upkeep
|turn|19
|
|t:|1776075636
|move|p1a: Landorus|Taunt|p2a: Registeel
|-start|p2a: Registeel|move: Taunt
|cant|p2a: Registeel|move: Taunt|Iron Defense
|
|upkeep
|turn|20
|inactive|Justkeith26 has 120 seconds left.
|
|t:|1776075656
|switch|p1a: Gholdengo|Gholdengo, tera:Steel|100/100
|-damage|p1a: Gholdengo|94/100|[from] Stealth Rock
|move|p2a: Registeel|Body Press|p1a: Gholdengo
|-supereffective|p1a: Gholdengo
|-damage|p1a: Gholdengo|0 fnt
|faint|p1a: Gholdengo
|
|upkeep
|inactive|Justkeith26 has 120 seconds left.
|
|t:|1776075669
|switch|p1a: Heatran|Heatran, F|100/100
|-damage|p1a: Heatran|88/100|[from] Stealth Rock
|turn|21
|inactive|Justkeith26 has 120 seconds left.
|
|t:|1776075675
|move|p1a: Heatran|Protect|p1a: Heatran
|-singleturn|p1a: Heatran|Protect
|move|p2a: Registeel|Body Press|p1a: Heatran
|-activate|p1a: Heatran|move: Protect
|
|-heal|p1a: Heatran|94/100|[from] item: Leftovers
|-end|p2a: Registeel|move: Taunt
|upkeep
|turn|22
|
|t:|1776075683
|move|p1a: Heatran|Protect||[still]
|-fail|p1a: Heatran
|move|p2a: Registeel|Iron Defense|p2a: Registeel
|-boost|p2a: Registeel|def|2
|
|-heal|p1a: Heatran|100/100|[from] item: Leftovers
|upkeep
|turn|23
|
|t:|1776075690
|move|p1a: Heatran|Protect|p1a: Heatran
|-singleturn|p1a: Heatran|Protect
|move|p2a: Registeel|Amnesia|p2a: Registeel
|-boost|p2a: Registeel|spd|2
|
|upkeep
|turn|24
|
|t:|1776075696
|move|p1a: Heatran|Protect|p1a: Heatran
|-singleturn|p1a: Heatran|Protect
|move|p2a: Registeel|Amnesia|p2a: Registeel
|-boost|p2a: Registeel|spd|2
|
|upkeep
|turn|25
|
|t:|1776075700
|move|p1a: Heatran|Protect||[still]
|-fail|p1a: Heatran
|move|p2a: Registeel|Body Press|p1a: Heatran
|-supereffective|p1a: Heatran
|-damage|p1a: Heatran|0 fnt
|faint|p1a: Heatran
|
|upkeep
|
|t:|1776075707
|switch|p1a: Darkrai|Darkrai|71/100
|turn|26
|
|t:|1776075711
|move|p1a: Darkrai|Ice Beam|p2a: Registeel
|-resisted|p2a: Registeel
|-damage|p2a: Registeel|69/100
|move|p2a: Registeel|Body Press|p1a: Darkrai
|-supereffective|p1a: Darkrai
|-damage|p1a: Darkrai|0 fnt
|faint|p1a: Darkrai
|
|upkeep
|
|t:|1776075719
|switch|p1a: Zamazenta|Zamazenta|41/100 psn
|-damage|p1a: Zamazenta|35/100 psn|[from] Stealth Rock
|turn|27
|
|t:|1776075725
|move|p2a: Registeel|Body Press|p1a: Zamazenta
|-damage|p1a: Zamazenta|0 fnt
|faint|p1a: Zamazenta
|
|upkeep
|-message|Justkeith26 forfeited.
|
|win|S.FROSTE_9
|raw|Justkeith26's rating: 1099 &rarr; <strong>1078</strong><br />(-21 for losing)
|raw|S.FROSTE_9's rating: 1151 &rarr; <strong>1172</strong><br />(+21 for winning)
|l|☆Justkeith26
|player|p1|
|c|☆S.FROSTE_9|gg
|l|☆S.FROSTE_9
|player|p2|
