|html|<div class="broadcast-blue"><strong>[Gen 9] OU is currently suspecting Tera Blast! For information on how to participate check out the <a href="https://www.smogon.com/tools/suspects/view/200">suspect thread</a>.</strong></div>
|j|☆bearfirst4
|j|☆Evilwada
|t:|1776157658
|gametype|singles
|player|p1|bearfirst4|rosa|1195
|player|p2|Evilwada|266|1183
|gen|9
|tier|[Gen 9] OU
|rated|
|rule|HP Percentage Mod: HP is shown in percentages
|rule|Endless Battle Clause: Forcing endless battles is banned
|rule|Species Clause: Limit one of each Pokémon
|rule|OHKO Clause: OHKO moves are banned
|rule|Evasion Items Clause: Evasion items are banned
|rule|Evasion Moves Clause: Evasion moves are banned
|rule|Evasion Abilities Clause: Evasion abilities are banned
|rule|Sleep Moves Clause: Sleep-inducing moves are banned
|clearpoke
|poke|p1|Pincurchin, F|
|poke|p1|Raging Bolt|
|poke|p1|Iron Valiant|
|poke|p1|Sinistcha|
|poke|p1|Great Tusk|
|poke|p1|Ogerpon-Wellspring, F|
|poke|p2|Hatterene, F|
|poke|p2|Gliscor, M|
|poke|p2|Ceruledge, M|
|poke|p2|Ogerpon-Wellspring, F|
|poke|p2|Great Tusk|
|poke|p2|Deoxys-Speed|
|teampreview
|inactive|Battle timer is ON: inactive players will automatically lose when time's up. (requested by Evilwada)
|inactive|bearfirst4 also wants the timer to be on.
|
|t:|1776157669
|teamsize|p1|6
|teamsize|p2|6
|start
|switch|p1a: Ogerpon|Ogerpon-Wellspring, F|100/100
|switch|p2a: Deoxys|Deoxys-Speed|100/100
|-ability|p2a: Deoxys|Pressure
|turn|1
|
|t:|1776157678
|move|p2a: Deoxys|Stealth Rock|p1a: Ogerpon
|-sidestart|p1: bearfirst4|move: Stealth Rock
|move|p1a: Ogerpon|U-turn|p2a: Deoxys
|-supereffective|p2a: Deoxys
|-damage|p2a: Deoxys|25/100
|
|t:|1776157689
|switch|p1a: Pincurchin|Pincurchin, F|100/100|[from] U-turn
|-damage|p1a: Pincurchin|88/100|[from] Stealth Rock
|-fieldstart|move: Electric Terrain|[from] ability: Electric Surge|[of] p1a: Pincurchin
|
|upkeep
|turn|2
|
|t:|1776157697
|move|p2a: Deoxys|Psycho Boost|p1a: Pincurchin
|-damage|p1a: Pincurchin|25/100
|-unboost|p2a: Deoxys|spa|2
|move|p1a: Pincurchin|Scald|p2a: Deoxys
|-damage|p2a: Deoxys|5/100
|
|upkeep
|turn|3
|
|t:|1776157705
|move|p2a: Deoxys|Knock Off|p1a: Pincurchin
|-damage|p1a: Pincurchin|7/100
|-enditem|p1a: Pincurchin|Terrain Extender|[from] move: Knock Off|[of] p2a: Deoxys
|move|p1a: Pincurchin|Discharge|p2a: Deoxys
|-damage|p2a: Deoxys|0 fnt
|faint|p2a: Deoxys
|
|upkeep
|
|t:|1776157721
|switch|p2a: Ogerpon|Ogerpon-Wellspring, F|100/100
|turn|4
|
|t:|1776157724
|move|p2a: Ogerpon|Knock Off|p1a: Pincurchin
|-damage|p1a: Pincurchin|0 fnt
|faint|p1a: Pincurchin
|
|upkeep
|
|t:|1776157733
|switch|p1a: Raging Bolt|Raging Bolt|100/100
|-damage|p1a: Raging Bolt|88/100|[from] Stealth Rock
|turn|5
|
|t:|1776157742
|move|p2a: Ogerpon|Knock Off|p1a: Raging Bolt
|-damage|p1a: Raging Bolt|56/100
|-enditem|p1a: Raging Bolt|Assault Vest|[from] move: Knock Off|[of] p2a: Ogerpon
|move|p1a: Raging Bolt|Draco Meteor|p2a: Ogerpon
|-damage|p2a: Ogerpon|7/100
|-unboost|p1a: Raging Bolt|spa|2
|
|upkeep
|turn|6
|
|t:|1776157751
|move|p1a: Raging Bolt|Thunderclap|p2a: Ogerpon
|-damage|p2a: Ogerpon|0 fnt
|faint|p2a: Ogerpon
|
|upkeep
|
|t:|1776157765
|switch|p2a: Great Tusk|Great Tusk|100/100
|turn|7
|
|t:|1776157782
|-end|p1a: Raging Bolt|Protosynthesis|[silent]
|switch|p1a: Ogerpon|Ogerpon-Wellspring, F|100/100
|-damage|p1a: Ogerpon|88/100|[from] Stealth Rock
|move|p2a: Great Tusk|Headlong Rush|p1a: Ogerpon
|-resisted|p1a: Ogerpon
|-damage|p1a: Ogerpon|48/100
|-unboost|p2a: Great Tusk|def|1
|-unboost|p2a: Great Tusk|spd|1
|
|upkeep
|turn|8
|
|t:|1776157791
|-end|p2a: Great Tusk|Protosynthesis|[silent]
|switch|p2a: Hatterene|Hatterene, F, shiny|100/100
|move|p1a: Ogerpon|Synthesis|p1a: Ogerpon
|-heal|p1a: Ogerpon|98/100
|
|-fieldend|move: Electric Terrain
|upkeep
|turn|9
|
|t:|1776157808
|move|p1a: Ogerpon|Ivy Cudgel|p2a: Hatterene|[anim] Ivy Cudgel Water
|-damage|p2a: Hatterene|30/100
|move|p2a: Hatterene|Nuzzle|p1a: Ogerpon
|-damage|p1a: Ogerpon|93/100
|-status|p1a: Ogerpon|par
|
|-heal|p2a: Hatterene|36/100|[from] item: Leftovers
|upkeep
|turn|10
|
|t:|1776157820
|move|p1a: Ogerpon|Ivy Cudgel|p2a: Hatterene|[anim] Ivy Cudgel Water
|-damage|p2a: Hatterene|0 fnt
|faint|p2a: Hatterene
|
|upkeep
|
|t:|1776157826
|switch|p2a: Ceruledge|Ceruledge, M|100/100
|turn|11
|
|t:|1776157830
|switch|p1a: Iron Valiant|Iron Valiant|100/100
|-damage|p1a: Iron Valiant|94/100|[from] Stealth Rock
|move|p2a: Ceruledge|Swords Dance|p2a: Ceruledge
|-boost|p2a: Ceruledge|atk|2
|
|upkeep
|turn|12
|
|t:|1776157837
|move|p1a: Iron Valiant|Encore|p2a: Ceruledge
|-start|p2a: Ceruledge|Encore
|move|p2a: Ceruledge|Swords Dance|p2a: Ceruledge
|-boost|p2a: Ceruledge|atk|2
|
|upkeep
|turn|13
|
|t:|1776157845
|move|p1a: Iron Valiant|Shadow Ball|p2a: Ceruledge
|-supereffective|p2a: Ceruledge
|-damage|p2a: Ceruledge|14/100
|-damage|p1a: Iron Valiant|84/100|[from] item: Life Orb
|move|p2a: Ceruledge|Swords Dance|p2a: Ceruledge
|-boost|p2a: Ceruledge|atk|2
|
|upkeep
|turn|14
|
|t:|1776157852
|switch|p2a: Gliscor|Gliscor, M|100/100
|move|p1a: Iron Valiant|Moonblast|p2a: Gliscor
|-damage|p2a: Gliscor|8/100
|-damage|p1a: Iron Valiant|74/100|[from] item: Life Orb
|
|-status|p2a: Gliscor|tox|[from] item: Toxic Orb
|upkeep
|turn|15
|-message|Evilwada forfeited.
|
|win|bearfirst4
|raw|bearfirst4's rating: 1195 &rarr; <strong>1219</strong><br />(+24 for winning)
|raw|Evilwada's rating: 1183 &rarr; <strong>1159</strong><br />(-24 for losing)
|l|☆Evilwada
|player|p2|
