|html|<div class="broadcast-blue"><strong>[Gen 9] OU is currently suspecting Tera Blast! For information on how to participate check out the <a href="https://www.smogon.com/tools/suspects/view/200">suspect thread</a>.</strong></div>
|j|☆nerdy_head
|j|☆Zuifeng
|t:|1776112704
|gametype|singles
|player|p1|nerdy_head|swimmer-gen4|1564
|player|p2|Zuifeng|li|1618
|gen|9
|tier|[Gen 9] OU
|rated|
|rule|HP Percentage Mod: HP is shown in percentages
|rule|Endless Battle Clause: Forcing endless battles is banned
|rule|Species Clause: Limit one of each Pokémon
|rule|OHKO Clause: OHKO moves are banned
|rule|Evasion Items Clause: Evasion items are banned
|rule|Evasion Moves Clause: Evasion moves are banned
|rule|Evasion Abilities Clause: Evasion abilities are banned
|rule|Sleep Moves Clause: Sleep-inducing moves are banned
|clearpoke
|poke|p1|Araquanid, F|
|poke|p1|Gholdengo|
|poke|p1|Hoopa-Unbound|
|poke|p1|Enamorus, F|
|poke|p1|Iron Boulder|
|poke|p1|Iron Valiant|
|poke|p2|Darkrai|
|poke|p2|Gholdengo|
|poke|p2|Pecharunt|
|poke|p2|Ting-Lu|
|poke|p2|Dragonite, F|
|poke|p2|Ogerpon, F|
|teampreview
|inactive|Battle timer is ON: inactive players will automatically lose when time's up. (requested by Zuifeng)
|inactive|Zuifeng has 120 seconds left.
|
|t:|1776112742
|teamsize|p1|6
|teamsize|p2|6
|start
|switch|p1a: Araquanid|Araquanid, F, shiny|100/100
|switch|p2a: Pecharunt|Pecharunt|100/100
|turn|1
|
|t:|1776112752
|move|p2a: Pecharunt|Toxic|p1a: Araquanid
|-status|p1a: Araquanid|tox
|-start|p1a: Araquanid|confusion|[from] ability: Poison Puppeteer|[of] p2a: Pecharunt
|-activate|p1a: Araquanid|confusion
|-damage|p1a: Araquanid|95/100 tox|[from] confusion
|
|-damage|p1a: Araquanid|89/100 tox|[from] psn
|upkeep
|turn|2
|
|t:|1776112764
|move|p2a: Pecharunt|Parting Shot|p1a: Araquanid
|-unboost|p1a: Araquanid|atk|1
|-unboost|p1a: Araquanid|spa|1
|
|t:|1776112767
|switch|p2a: Darkrai|Darkrai|100/100|[from] Parting Shot
|-activate|p1a: Araquanid|confusion
|-damage|p1a: Araquanid|85/100 tox|[from] confusion
|
|-damage|p1a: Araquanid|73/100 tox|[from] psn
|upkeep
|turn|3
|
|t:|1776112778
|move|p2a: Darkrai|Dark Pulse|p1a: Araquanid
|-damage|p1a: Araquanid|20/100 tox
|cant|p1a: Araquanid|flinch
|
|-damage|p1a: Araquanid|2/100 tox|[from] psn
|upkeep
|turn|4
|-enditem|p1a: Araquanid|Custap Berry|[eat]
|-activate|p1a: Araquanid|item: Custap Berry|[consumed]
|
|t:|1776112788
|-end|p1a: Araquanid|confusion
|move|p1a: Araquanid|Sticky Web|p2a: Darkrai
|-sidestart|p2: Zuifeng|move: Sticky Web
|move|p2a: Darkrai|Dark Pulse|p1a: Araquanid
|-damage|p1a: Araquanid|0 fnt
|faint|p1a: Araquanid
|
|upkeep
|inactive|nerdy_head has 120 seconds left.
|inactive|nerdy_head has 90 seconds left.
|
|t:|1776112858
|switch|p1a: Iron Boulder|Iron Boulder|100/100
|-enditem|p1a: Iron Boulder|Booster Energy
|-activate|p1a: Iron Boulder|ability: Quark Drive|[fromitem]
|-start|p1a: Iron Boulder|quarkdrivespe
|turn|5
|
|t:|1776112873
|switch|p2a: Pecharunt|Pecharunt|100/100
|-terastallize|p1a: Iron Boulder|Fire
|move|p1a: Iron Boulder|Swords Dance|p1a: Iron Boulder
|-boost|p1a: Iron Boulder|atk|2
|
|upkeep
|turn|6
|
|t:|1776112884
|move|p1a: Iron Boulder|Zen Headbutt|p2a: Pecharunt
|-supereffective|p2a: Pecharunt
|-damage|p2a: Pecharunt|2/100
|move|p2a: Pecharunt|Toxic|p1a: Iron Boulder
|-status|p1a: Iron Boulder|tox
|-start|p1a: Iron Boulder|confusion|[from] ability: Poison Puppeteer|[of] p2a: Pecharunt
|
|-damage|p1a: Iron Boulder|94/100 tox|[from] psn
|upkeep
|turn|7
|inactive|nerdy_head has 90 seconds left.
|inactive|Zuifeng has 120 seconds left.
|
|t:|1776112914
|-activate|p1a: Iron Boulder|confusion
|-damage|p1a: Iron Boulder|61/100 tox|[from] confusion
|move|p2a: Pecharunt|Recover|p2a: Pecharunt
|-heal|p2a: Pecharunt|52/100
|
|-damage|p1a: Iron Boulder|48/100 tox|[from] psn
|upkeep
|turn|8
|inactive|nerdy_head has 90 seconds left.
|inactive|Zuifeng has 120 seconds left.
|
|t:|1776112927
|switch|p2a: Ting-Lu|Ting-Lu|100/100
|-activate|p2a: Ting-Lu|move: Sticky Web
|-unboost|p2a: Ting-Lu|spe|1
|-ability|p2a: Ting-Lu|Vessel of Ruin
|-activate|p1a: Iron Boulder|confusion
|-damage|p1a: Iron Boulder|14/100 tox|[from] confusion
|
|-damage|p1a: Iron Boulder|0 fnt|[from] psn
|faint|p1a: Iron Boulder
|-end|p1a: Iron Boulder|Quark Drive|[silent]
|upkeep
|
|t:|1776112947
|switch|p1a: Iron Valiant|Iron Valiant|100/100
|-enditem|p1a: Iron Valiant|Booster Energy
|-activate|p1a: Iron Valiant|ability: Quark Drive|[fromitem]
|-start|p1a: Iron Valiant|quarkdriveatk
|turn|9
|
|t:|1776112960
|move|p1a: Iron Valiant|Swords Dance|p1a: Iron Valiant
|-boost|p1a: Iron Valiant|atk|2
|move|p2a: Ting-Lu|Heavy Slam|p1a: Iron Valiant
|-supereffective|p1a: Iron Valiant
|-damage|p1a: Iron Valiant|2/100
|
|upkeep
|turn|10
|
|t:|1776112977
|switch|p2a: Pecharunt|Pecharunt|52/100
|move|p1a: Iron Valiant|Close Combat|p2a: Pecharunt
|-immune|p2a: Pecharunt
|
|upkeep
|turn|11
|
|t:|1776112983
|move|p1a: Iron Valiant|Knock Off|p2a: Pecharunt
|-supereffective|p2a: Pecharunt
|-damage|p2a: Pecharunt|0 fnt
|-enditem|p2a: Pecharunt|Heavy-Duty Boots|[from] move: Knock Off|[of] p1a: Iron Valiant
|faint|p2a: Pecharunt
|
|upkeep
|
|t:|1776112986
|switch|p2a: Dragonite|Dragonite, F|100/100
|turn|12
|
|t:|1776112992
|move|p2a: Dragonite|Extreme Speed|p1a: Iron Valiant
|-damage|p1a: Iron Valiant|0 fnt
|faint|p1a: Iron Valiant
|-end|p1a: Iron Valiant|Quark Drive|[silent]
|
|upkeep
|
|t:|1776113003
|switch|p1a: Enamorus|Enamorus, F|100/100
|turn|13
|
|t:|1776113021
|move|p2a: Dragonite|Extreme Speed|p1a: Enamorus
|-damage|p1a: Enamorus|56/100
|move|p1a: Enamorus|Moonblast|p2a: Dragonite
|-supereffective|p2a: Dragonite
|-damage|p2a: Dragonite|20/100
|
|upkeep
|turn|14
|inactive|nerdy_head has 90 seconds left.
|
|t:|1776113031
|move|p2a: Dragonite|Extreme Speed|p1a: Enamorus
|-damage|p1a: Enamorus|10/100
|move|p1a: Enamorus|Moonblast|p2a: Dragonite
|-supereffective|p2a: Dragonite
|-damage|p2a: Dragonite|0 fnt
|faint|p2a: Dragonite
|
|upkeep
|
|t:|1776113037
|switch|p2a: Ogerpon|Ogerpon, F|100/100
|turn|15
|
|t:|1776113045
|move|p2a: Ogerpon|Knock Off|p1a: Enamorus
|-resisted|p1a: Enamorus
|-damage|p1a: Enamorus|0 fnt
|-enditem|p1a: Enamorus|Choice Specs|[from] move: Knock Off|[of] p2a: Ogerpon
|faint|p1a: Enamorus
|
|upkeep
|
|t:|1776113053
|switch|p1a: Hoopa|Hoopa-Unbound|100/100
|turn|16
|
|t:|1776113063
|move|p2a: Ogerpon|U-turn|p1a: Hoopa
|-supereffective|p1a: Hoopa
|-damage|p1a: Hoopa|0 fnt
|faint|p1a: Hoopa
|
|t:|1776113067
|switch|p2a: Darkrai|Darkrai|100/100|[from] U-turn
|-activate|p2a: Darkrai|move: Sticky Web
|-unboost|p2a: Darkrai|spe|1
|
|upkeep
|-message|nerdy_head forfeited.
|
|win|Zuifeng
|raw|nerdy_head's rating: 1564 &rarr; <strong>1547</strong><br />(-17 for losing)
|raw|Zuifeng's rating: 1618 &rarr; <strong>1635</strong><br />(+17 for winning)
|l|☆nerdy_head
|player|p1|
