|html|<div class="broadcast-blue"><strong>[Gen 9] OU is currently suspecting Tera Blast! For information on how to participate check out the <a href="https://www.smogon.com/tools/suspects/view/200">suspect thread</a>.</strong></div>
|j|☆vzn.exe
|j|☆EdrenalineKick
|t:|1776083821
|gametype|singles
|player|p1|vzn.exe|lusamine-nihilego|1448
|player|p2|EdrenalineKick|1|1457
|gen|9
|tier|[Gen 9] OU
|rated|
|rule|HP Percentage Mod: HP is shown in percentages
|rule|Endless Battle Clause: Forcing endless battles is banned
|rule|Species Clause: Limit one of each Pokémon
|rule|OHKO Clause: OHKO moves are banned
|rule|Evasion Items Clause: Evasion items are banned
|rule|Evasion Moves Clause: Evasion moves are banned
|rule|Evasion Abilities Clause: Evasion abilities are banned
|rule|Sleep Moves Clause: Sleep-inducing moves are banned
|clearpoke
|poke|p1|Primarina, M|
|poke|p1|Great Tusk|
|poke|p1|Enamorus, F|
|poke|p1|Slowking-Galar, M|
|poke|p1|Ogerpon, F|
|poke|p1|Kingambit, M|
|poke|p2|Primarina, M|
|poke|p2|Great Tusk|
|poke|p2|Enamorus, F|
|poke|p2|Slowking-Galar, M|
|poke|p2|Ogerpon, F|
|poke|p2|Kingambit, M|
|teampreview
|
|t:|1776083839
|teamsize|p1|6
|teamsize|p2|6
|start
|switch|p1a: Anonymous|Ogerpon, F|100/100
|switch|p2a: Floppa|Enamorus, F, shiny|100/100
|turn|1
|inactive|Battle timer is ON: inactive players will automatically lose when time's up. (requested by EdrenalineKick)
|inactive|vzn.exe also wants the timer to be on.
|
|t:|1776083856
|move|p2a: Floppa|Mystical Fire|p1a: Anonymous
|-supereffective|p1a: Anonymous
|-damage|p1a: Anonymous|30/100
|-unboost|p1a: Anonymous|spa|1
|-ability|p1a: Anonymous|Defiant|boost
|-boost|p1a: Anonymous|atk|2
|move|p1a: Anonymous|U-turn|p2a: Floppa
|-resisted|p2a: Floppa
|-damage|p2a: Floppa|74/100
|
|t:|1776083874
|switch|p1a: Behemoth|Great Tusk, shiny|100/100|[from] U-turn
|
|upkeep
|turn|2
|
|t:|1776083893
|switch|p2a: Car|Primarina, M, shiny|100/100
|move|p1a: Behemoth|Stealth Rock|p2a: Car
|-sidestart|p2: EdrenalineKick|move: Stealth Rock
|
|upkeep
|turn|3
|
|t:|1776083910
|-end|p1a: Behemoth|Protosynthesis|[silent]
|switch|p1a: Mantra|Slowking-Galar, M, shiny|100/100
|move|p2a: Car|Moonblast|p1a: Mantra
|-resisted|p1a: Mantra
|-damage|p1a: Mantra|85/100
|
|upkeep
|turn|4
|
|t:|1776083928
|move|p2a: Car|Substitute|p2a: Car
|-start|p2a: Car|Substitute
|-damage|p2a: Car|76/100
|move|p1a: Mantra|Sludge Bomb|p2a: Car
|-supereffective|p2a: Car
|-end|p2a: Car|Substitute
|
|-heal|p2a: Car|82/100|[from] item: Leftovers
|upkeep
|turn|5
|inactive|vzn.exe has 120 seconds left.
|
|t:|1776083945
|switch|p2a: Chungus|Kingambit, M, shiny|100/100
|-damage|p2a: Chungus|94/100|[from] Stealth Rock
|move|p1a: Mantra|Sludge Bomb|p2a: Chungus
|-immune|p2a: Chungus
|
|-heal|p2a: Chungus|100/100|[from] item: Leftovers
|upkeep
|turn|6
|inactive|vzn.exe has 120 seconds left.
|inactive|EdrenalineKick has 120 seconds left.
|
|t:|1776083977
|switch|p1a: Behemoth|Great Tusk, shiny|100/100
|move|p2a: Chungus|Iron Head|p1a: Behemoth
|-damage|p1a: Behemoth|64/100
|-damage|p2a: Chungus|84/100|[from] item: Rocky Helmet|[of] p1a: Behemoth
|
|-heal|p2a: Chungus|90/100|[from] item: Leftovers
|upkeep
|turn|7
|inactive|vzn.exe has 120 seconds left.
|
|t:|1776083996
|-end|p2a: Chungus|fallenundefined|[silent]
|switch|p2a: Moo Deng|Great Tusk, shiny|100/100
|-damage|p2a: Moo Deng|98/100|[from] Stealth Rock
|move|p1a: Behemoth|Headlong Rush|p2a: Moo Deng
|-damage|p2a: Moo Deng|54/100
|-unboost|p1a: Behemoth|def|1
|-unboost|p1a: Behemoth|spd|1
|-damage|p1a: Behemoth|48/100|[from] item: Rocky Helmet|[of] p2a: Moo Deng
|
|upkeep
|turn|8
|
|t:|1776084013
|move|p1a: Behemoth|Ice Spinner|p2a: Moo Deng
|-supereffective|p2a: Moo Deng
|-damage|p2a: Moo Deng|13/100
|-damage|p1a: Behemoth|31/100|[from] item: Rocky Helmet|[of] p2a: Moo Deng
|move|p2a: Moo Deng|Rapid Spin|p1a: Behemoth
|-damage|p1a: Behemoth|13/100
|-boost|p2a: Moo Deng|spe|1
|-damage|p2a: Moo Deng|0 fnt|[from] item: Rocky Helmet|[of] p1a: Behemoth
|faint|p2a: Moo Deng
|-end|p2a: Moo Deng|Protosynthesis|[silent]
|
|upkeep
|
|t:|1776084027
|switch|p2a: Floppa|Enamorus, F, shiny|74/100
|-damage|p2a: Floppa|49/100|[from] Stealth Rock
|turn|9
|
|t:|1776084044
|-end|p1a: Behemoth|Protosynthesis|[silent]
|switch|p1a: Mantra|Slowking-Galar, M, shiny|100/100
|move|p2a: Floppa|Moonblast|p1a: Mantra
|-resisted|p1a: Mantra
|-damage|p1a: Mantra|84/100
|
|upkeep
|turn|10
|
|t:|1776084062
|switch|p2a: Chungus|Kingambit, M, shiny|90/100
|-damage|p2a: Chungus|84/100|[from] Stealth Rock
|-activate|p2a: Chungus|ability: Supreme Overlord
|-start|p2a: Chungus|fallen1|[silent]
|move|p1a: Mantra|Flamethrower|p2a: Chungus
|-supereffective|p2a: Chungus
|-damage|p2a: Chungus|38/100
|
|-heal|p2a: Chungus|44/100|[from] item: Leftovers
|upkeep
|turn|11
|
|t:|1776084091
|switch|p1a: Behemoth|Great Tusk, shiny|13/100
|move|p2a: Chungus|Kowtow Cleave|p1a: Behemoth
|-resisted|p1a: Behemoth
|-damage|p1a: Behemoth|0 fnt
|-damage|p2a: Chungus|28/100|[from] item: Rocky Helmet|[of] p1a: Behemoth
|faint|p1a: Behemoth
|-end|p1a: Behemoth|Protosynthesis|[silent]
|
|-heal|p2a: Chungus|34/100|[from] item: Leftovers
|upkeep
|inactive|vzn.exe has 90 seconds left.
|
|t:|1776084109
|switch|p1a: Overgod|Kingambit, M, shiny|100/100
|-activate|p1a: Overgod|ability: Supreme Overlord
|-start|p1a: Overgod|fallen1|[silent]
|turn|12
|inactive|vzn.exe has 90 seconds left.
|
|t:|1776084125
|move|p1a: Overgod|Swords Dance|p1a: Overgod
|-boost|p1a: Overgod|atk|2
|move|p2a: Chungus|Kowtow Cleave|p1a: Overgod
|-resisted|p1a: Overgod
|-damage|p1a: Overgod|80/100
|
|-heal|p2a: Chungus|40/100|[from] item: Leftovers
|-heal|p1a: Overgod|86/100|[from] item: Leftovers
|upkeep
|turn|13
|
|t:|1776084143
|move|p1a: Overgod|Kowtow Cleave|p2a: Chungus
|-resisted|p2a: Chungus
|-damage|p2a: Chungus|0 fnt
|faint|p2a: Chungus
|-end|p2a: Chungus|fallen1|[silent]
|
|-heal|p1a: Overgod|92/100|[from] item: Leftovers
|upkeep
|
|t:|1776084158
|switch|p2a: Floppa|Enamorus, F, shiny|49/100
|-damage|p2a: Floppa|24/100|[from] Stealth Rock
|turn|14
|
|t:|1776084175
|move|p1a: Overgod|Sucker Punch|p2a: Floppa
|-resisted|p2a: Floppa
|-damage|p2a: Floppa|0 fnt
|faint|p2a: Floppa
|
|-heal|p1a: Overgod|99/100|[from] item: Leftovers
|upkeep
|-message|EdrenalineKick forfeited.
|
|win|vzn.exe
|raw|vzn.exe's rating: 1448 &rarr; <strong>1469</strong><br />(+21 for winning)
|raw|EdrenalineKick's rating: 1457 &rarr; <strong>1436</strong><br />(-21 for losing)
|l|☆EdrenalineKick
|player|p2|
