|html|<div class="broadcast-blue"><strong>[Gen 9] OU is currently suspecting Tera Blast! For information on how to participate check out the <a href="https://www.smogon.com/tools/suspects/view/200">suspect thread</a>.</strong></div>
|j|☆glos lad
|j|☆Skull2323
|t:|1776259621
|gametype|singles
|player|p1|glos lad|1|1530
|player|p2|Skull2323|caitlin|1508
|gen|9
|tier|[Gen 9] OU
|rated|
|rule|HP Percentage Mod: HP is shown in percentages
|rule|Endless Battle Clause: Forcing endless battles is banned
|rule|Species Clause: Limit one of each Pokémon
|rule|OHKO Clause: OHKO moves are banned
|rule|Evasion Items Clause: Evasion items are banned
|rule|Evasion Moves Clause: Evasion moves are banned
|rule|Evasion Abilities Clause: Evasion abilities are banned
|rule|Sleep Moves Clause: Sleep-inducing moves are banned
|clearpoke
|poke|p1|Moltres-Galar|
|poke|p1|Gholdengo|
|poke|p1|Samurott-Hisui, M|
|poke|p1|Smeargle, F|
|poke|p1|Zamazenta-*|
|poke|p1|Deoxys-Speed|
|poke|p2|Dragonite, M|
|poke|p2|Garganacl, F|
|poke|p2|Ogerpon-Wellspring, F|
|poke|p2|Gholdengo|
|poke|p2|Great Tusk|
|poke|p2|Gliscor, F|
|teampreview
|inactive|Battle timer is ON: inactive players will automatically lose when time's up. (requested by Skull2323)
|inactive|glos lad has 120 seconds left.
|inactive|glos lad has 90 seconds left.
|
|t:|1776259708
|teamsize|p1|6
|teamsize|p2|6
|start
|switch|p1a: Samurott|Samurott-Hisui, M|100/100
|switch|p2a: Ogerpon|Ogerpon-Wellspring, F|100/100
|turn|1
|
|t:|1776259721
|move|p2a: Ogerpon|U-turn|p1a: Samurott
|-supereffective|p1a: Samurott
|-damage|p1a: Samurott|35/100
|
|t:|1776259724
|switch|p2a: Great Tusk|Great Tusk|100/100|[from] U-turn
|move|p1a: Samurott|Ceaseless Edge|p2a: Great Tusk
|-resisted|p2a: Great Tusk
|-damage|p2a: Great Tusk|86/100
|-damage|p1a: Samurott|19/100|[from] item: Rocky Helmet|[of] p2a: Great Tusk
|-sidestart|p2: Skull2323|Spikes
|
|upkeep
|turn|2
|
|t:|1776259731
|move|p2a: Great Tusk|Rapid Spin|p1a: Samurott
|-crit|p1a: Samurott
|-damage|p1a: Samurott|0 fnt
|-boost|p2a: Great Tusk|spe|1
|-sideend|p2: Skull2323|Spikes|[from] move: Rapid Spin|[of] p2a: Great Tusk
|faint|p1a: Samurott
|
|upkeep
|
|t:|1776259743
|switch|p1a: Deoxys|Deoxys-Speed|100/100
|-ability|p1a: Deoxys|Pressure
|turn|3
|
|t:|1776259749
|-end|p2a: Great Tusk|Protosynthesis|[silent]
|switch|p2a: Gholdengo|Gholdengo|100/100
|-item|p2a: Gholdengo|Air Balloon
|move|p1a: Deoxys|Psycho Boost|p2a: Gholdengo
|-resisted|p2a: Gholdengo
|-damage|p2a: Gholdengo|77/100
|-unboost|p1a: Deoxys|spa|2
|-enditem|p2a: Gholdengo|Air Balloon
|
|upkeep
|turn|4
|
|t:|1776259752
|move|p1a: Deoxys|Light Screen|p1a: Deoxys
|-sidestart|p1: glos lad|move: Light Screen
|move|p2a: Gholdengo|Thunder Wave|p1a: Deoxys|[miss]
|-miss|p2a: Gholdengo|p1a: Deoxys
|
|upkeep
|turn|5
|
|t:|1776259756
|move|p1a: Deoxys|Reflect|p1a: Deoxys
|-sidestart|p1: glos lad|Reflect
|move|p2a: Gholdengo|Thunder Wave|p1a: Deoxys
|-status|p1a: Deoxys|par
|
|upkeep
|turn|6
|
|t:|1776259764
|switch|p1a: Gholdengo|Gholdengo|100/100
|switch|p2a: Gliscor|Gliscor, F|100/100
|
|-status|p2a: Gliscor|tox|[from] item: Toxic Orb
|upkeep
|turn|7
|
|t:|1776259778
|move|p1a: Gholdengo|Trick|p2a: Gliscor
|-activate|p1a: Gholdengo|move: Trick|[of] p2a: Gliscor
|-item|p2a: Gliscor|Choice Scarf|[from] move: Trick
|-item|p1a: Gholdengo|Toxic Orb|[from] move: Trick
|move|p2a: Gliscor|Swords Dance|p2a: Gliscor
|-boost|p2a: Gliscor|atk|2
|
|upkeep
|turn|8
|
|t:|1776259791
|switch|p2a: Great Tusk|Great Tusk|86/100
|move|p1a: Gholdengo|Shadow Ball|p2a: Great Tusk
|-damage|p2a: Great Tusk|27/100
|
|upkeep
|turn|9
|
|t:|1776259798
|move|p2a: Great Tusk|Headlong Rush|p1a: Gholdengo
|-supereffective|p1a: Gholdengo
|-damage|p1a: Gholdengo|44/100
|-unboost|p2a: Great Tusk|def|1
|-unboost|p2a: Great Tusk|spd|1
|move|p1a: Gholdengo|Shadow Ball|p2a: Great Tusk
|-damage|p2a: Great Tusk|0 fnt
|faint|p2a: Great Tusk
|-end|p2a: Great Tusk|Protosynthesis|[silent]
|
|upkeep
|
|t:|1776259804
|switch|p2a: Gliscor|Gliscor, F|100/100 tox
|turn|10
|
|t:|1776259809
|move|p2a: Gliscor|Knock Off|p1a: Gholdengo
|-supereffective|p1a: Gholdengo
|-damage|p1a: Gholdengo|20/100
|-enditem|p1a: Gholdengo|Toxic Orb|[from] move: Knock Off|[of] p2a: Gliscor
|move|p1a: Gholdengo|Shadow Ball|p2a: Gliscor
|-damage|p2a: Gliscor|65/100 tox
|
|-heal|p2a: Gliscor|77/100 tox|[from] ability: Poison Heal
|upkeep
|turn|11
|
|t:|1776259817
|move|p2a: Gliscor|Knock Off|p1a: Gholdengo
|-supereffective|p1a: Gholdengo
|-damage|p1a: Gholdengo|5/100
|move|p1a: Gholdengo|Memento|p2a: Gliscor
|-unboost|p2a: Gliscor|atk|2
|-unboost|p2a: Gliscor|spa|2
|faint|p1a: Gholdengo
|
|-heal|p2a: Gliscor|90/100 tox|[from] ability: Poison Heal
|-sideend|p1: glos lad|move: Light Screen
|upkeep
|
|t:|1776259820
|switch|p1a: Smeargle|Smeargle, F|100/100
|turn|12
|
|t:|1776259822
|move|p2a: Gliscor|Knock Off|p1a: Smeargle
|-damage|p1a: Smeargle|87/100
|-enditem|p1a: Smeargle|Wide Lens|[from] move: Knock Off|[of] p2a: Gliscor
|move|p1a: Smeargle|Jaw Lock|p2a: Gliscor
|-damage|p2a: Gliscor|80/100 tox
|-activate|p1a: Smeargle|trapped
|-activate|p2a: Gliscor|trapped
|
|-heal|p2a: Gliscor|92/100 tox|[from] ability: Poison Heal
|-sideend|p1: glos lad|Reflect
|upkeep
|turn|13
|
|t:|1776259828
|move|p2a: Gliscor|Knock Off|p1a: Smeargle
|-damage|p1a: Smeargle|72/100
|move|p1a: Smeargle|No Retreat|p1a: Smeargle
|-boost|p1a: Smeargle|atk|1
|-boost|p1a: Smeargle|def|1
|-boost|p1a: Smeargle|spa|1
|-boost|p1a: Smeargle|spd|1
|-boost|p1a: Smeargle|spe|1
|
|-heal|p2a: Gliscor|100/100 tox|[from] ability: Poison Heal
|upkeep
|turn|14
|
|t:|1776259831
|move|p2a: Gliscor|Knock Off|p1a: Smeargle
|-crit|p1a: Smeargle
|-damage|p1a: Smeargle|22/100
|move|p1a: Smeargle|No Retreat|p1a: Smeargle
|-boost|p1a: Smeargle|atk|1
|-boost|p1a: Smeargle|def|1
|-boost|p1a: Smeargle|spa|1
|-boost|p1a: Smeargle|spd|1
|-boost|p1a: Smeargle|spe|1
|
|upkeep
|turn|15
|
|t:|1776259840
|move|p1a: Smeargle|No Retreat|p1a: Smeargle
|-boost|p1a: Smeargle|atk|1
|-boost|p1a: Smeargle|def|1
|-boost|p1a: Smeargle|spa|1
|-boost|p1a: Smeargle|spd|1
|-boost|p1a: Smeargle|spe|1
|move|p2a: Gliscor|Knock Off|p1a: Smeargle
|-damage|p1a: Smeargle|14/100
|
|upkeep
|turn|16
|
|t:|1776259850
|move|p1a: Smeargle|Power Trip|p2a: Gliscor
|-damage|p2a: Gliscor|13/100 tox
|move|p2a: Gliscor|Knock Off|p1a: Smeargle
|-damage|p1a: Smeargle|7/100
|
|-heal|p2a: Gliscor|25/100 tox|[from] ability: Poison Heal
|upkeep
|turn|17
|
|t:|1776259857
|move|p1a: Smeargle|Power Trip|p2a: Gliscor
|-damage|p2a: Gliscor|0 fnt
|faint|p2a: Gliscor
|
|upkeep
|
|t:|1776259860
|switch|p2a: Jimmy|Dragonite, M, shiny|100/100
|turn|18
|
|t:|1776259865
|move|p2a: Jimmy|Extreme Speed|p1a: Smeargle
|-damage|p1a: Smeargle|0 fnt
|faint|p1a: Smeargle
|
|upkeep
|
|t:|1776259872
|switch|p1a: Deoxys|Deoxys-Speed|100/100 par
|-ability|p1a: Deoxys|Pressure
|turn|19
|
|t:|1776259875
|switch|p2a: Garganacl|Garganacl, F|100/100
|cant|p1a: Deoxys|par
|
|upkeep
|turn|20
|
|t:|1776259879
|move|p1a: Deoxys|Reflect|p1a: Deoxys
|-sidestart|p1: glos lad|Reflect
|move|p2a: Garganacl|Salt Cure|p1a: Deoxys
|-damage|p1a: Deoxys|92/100 par
|-start|p1a: Deoxys|Salt Cure
|
|-damage|p1a: Deoxys|79/100 par|[from] Salt Cure
|upkeep
|turn|21
|
|t:|1776259883
|move|p1a: Deoxys|Taunt|p2a: Garganacl
|-start|p2a: Garganacl|move: Taunt
|cant|p2a: Garganacl|move: Taunt|Stealth Rock
|
|-damage|p1a: Deoxys|67/100 par|[from] Salt Cure
|upkeep
|turn|22
|
|t:|1776259894
|switch|p1a: Zamazenta|Zamazenta|100/100
|-ability|p1a: Zamazenta|Dauntless Shield|boost
|-boost|p1a: Zamazenta|def|1
|move|p2a: Garganacl|Salt Cure|p1a: Zamazenta
|-resisted|p1a: Zamazenta
|-damage|p1a: Zamazenta|99/100
|-start|p1a: Zamazenta|Salt Cure
|
|-heal|p1a: Zamazenta|100/100|[from] item: Leftovers
|-damage|p1a: Zamazenta|88/100|[from] Salt Cure
|upkeep
|turn|23
|
|t:|1776259898
|switch|p2a: Gholdengo|Gholdengo|77/100
|move|p1a: Zamazenta|Iron Defense|p1a: Zamazenta
|-boost|p1a: Zamazenta|def|2
|
|-heal|p1a: Zamazenta|94/100|[from] item: Leftovers
|-damage|p1a: Zamazenta|82/100|[from] Salt Cure
|upkeep
|turn|24
|
|t:|1776259902
|move|p1a: Zamazenta|Heavy Slam|p2a: Gholdengo
|-resisted|p2a: Gholdengo
|-damage|p2a: Gholdengo|65/100
|move|p2a: Gholdengo|Thunder Wave|p1a: Zamazenta
|-status|p1a: Zamazenta|par
|
|-heal|p1a: Zamazenta|88/100 par|[from] item: Leftovers
|-damage|p1a: Zamazenta|76/100 par|[from] Salt Cure
|upkeep
|turn|25
|-message|glos lad forfeited.
|
|win|Skull2323
|raw|glos lad's rating: 1530 &rarr; <strong>1509</strong><br />(-21 for losing)
|raw|Skull2323's rating: 1508 &rarr; <strong>1529</strong><br />(+21 for winning)
|l|☆glos lad
|player|p1|
