|html|<div class="broadcast-blue"><strong>[Gen 9] OU is currently suspecting Tera Blast! For information on how to participate check out the <a href="https://www.smogon.com/tools/suspects/view/200">suspect thread</a>.</strong></div>
|j|☆TrahsAltNotAlt
|j|☆sometimesstandard
|t:|1776114650
|gametype|singles
|player|p1|TrahsAltNotAlt|iris-gen5bw2|1438
|player|p2|sometimesstandard|1|1463
|gen|9
|tier|[Gen 9] OU
|rated|
|rule|HP Percentage Mod: HP is shown in percentages
|rule|Endless Battle Clause: Forcing endless battles is banned
|rule|Species Clause: Limit one of each Pokémon
|rule|OHKO Clause: OHKO moves are banned
|rule|Evasion Items Clause: Evasion items are banned
|rule|Evasion Moves Clause: Evasion moves are banned
|rule|Evasion Abilities Clause: Evasion abilities are banned
|rule|Sleep Moves Clause: Sleep-inducing moves are banned
|clearpoke
|poke|p1|Zamazenta-*|
|poke|p1|Landorus-Therian, M|
|poke|p1|Darkrai|
|poke|p1|Rillaboom, F|
|poke|p1|Quaquaval, M|
|poke|p1|Iron Crown|
|poke|p2|Arbok, F|
|poke|p2|Leavanny, M|
|poke|p2|Houndoom, F|
|poke|p2|Espeon, M|
|poke|p2|Tinkaton, F|
|poke|p2|Blastoise, M|
|teampreview
|
|t:|1776114675
|teamsize|p1|6
|teamsize|p2|6
|start
|switch|p1a: Iron Crown|Iron Crown|100/100
|switch|p2a: Tinkaton|Tinkaton, F|100/100
|-ability|p2a: Tinkaton|Mold Breaker
|-item|p2a: Tinkaton|Air Balloon
|turn|1
|
|t:|1776114681
|move|p1a: Iron Crown|Volt Switch|p2a: Tinkaton
|-damage|p2a: Tinkaton|79/100
|-enditem|p2a: Tinkaton|Air Balloon
|
|t:|1776114685
|-end|p1a: Iron Crown|Quark Drive|[silent]
|switch|p1a: Landorus|Landorus-Therian, M|100/100|[from] Volt Switch
|-ability|p1a: Landorus|Intimidate|boost
|-unboost|p2a: Tinkaton|atk|1
|move|p2a: Tinkaton|Stealth Rock|p1a: Landorus
|-sidestart|p1: TrahsAltNotAlt|move: Stealth Rock
|
|upkeep
|turn|2
|
|t:|1776114710
|switch|p2a: Leavanny|Leavanny, M|100/100
|move|p1a: Landorus|Stealth Rock|p2a: Leavanny
|-sidestart|p2: sometimesstandard|move: Stealth Rock
|
|upkeep
|turn|3
|
|t:|1776114732
|move|p2a: Leavanny|Leaf Blade|p1a: Landorus
|-damage|p1a: Landorus|39/100
|-damage|p2a: Leavanny|84/100|[from] item: Rocky Helmet|[of] p1a: Landorus
|move|p1a: Landorus|U-turn|p2a: Leavanny
|-supereffective|p2a: Leavanny
|-damage|p2a: Leavanny|28/100
|
|t:|1776114743
|switch|p1a: Darkrai|Darkrai|100/100|[from] U-turn
|-damage|p1a: Darkrai|88/100|[from] Stealth Rock
|
|-heal|p1a: Darkrai|94/100|[from] item: Leftovers
|upkeep
|turn|4
|
|t:|1776114756
|switch|p2a: Tinkaton|Tinkaton, F|79/100
|-damage|p2a: Tinkaton|73/100|[from] Stealth Rock
|-ability|p2a: Tinkaton|Mold Breaker
|move|p1a: Darkrai|Nasty Plot|p1a: Darkrai
|-boost|p1a: Darkrai|spa|2
|
|-heal|p1a: Darkrai|99/100|[from] item: Leftovers
|upkeep
|turn|5
|
|t:|1776114767
|move|p1a: Darkrai|Dark Pulse|p2a: Tinkaton
|-resisted|p2a: Tinkaton
|-damage|p2a: Tinkaton|45/100
|move|p2a: Tinkaton|Thunder Wave|p1a: Darkrai
|-status|p1a: Darkrai|par
|
|-heal|p1a: Darkrai|100/100 par|[from] item: Leftovers
|upkeep
|turn|6
|
|t:|1776114776
|move|p2a: Tinkaton|Gigaton Hammer|p1a: Darkrai
|-damage|p1a: Darkrai|46/100 par
|move|p1a: Darkrai|Dark Pulse|p2a: Tinkaton
|-resisted|p2a: Tinkaton
|-damage|p2a: Tinkaton|19/100
|
|-heal|p1a: Darkrai|52/100 par|[from] item: Leftovers
|upkeep
|turn|7
|
|t:|1776114825
|move|p2a: Tinkaton|Encore|p1a: Darkrai
|-start|p1a: Darkrai|Encore
|move|p1a: Darkrai|Dark Pulse|p2a: Tinkaton
|-resisted|p2a: Tinkaton
|-damage|p2a: Tinkaton|0 fnt
|faint|p2a: Tinkaton
|
|-heal|p1a: Darkrai|58/100 par|[from] item: Leftovers
|upkeep
|
|t:|1776114831
|switch|p2a: Leavanny|Leavanny, M|28/100
|-damage|p2a: Leavanny|4/100|[from] Stealth Rock
|turn|8
|
|t:|1776114839
|move|p2a: Leavanny|Leaf Blade|p1a: Darkrai
|-damage|p1a: Darkrai|0 fnt
|faint|p1a: Darkrai
|
|upkeep
|
|t:|1776114846
|switch|p1a: Landorus|Landorus-Therian, M|39/100
|-damage|p1a: Landorus|27/100|[from] Stealth Rock
|-ability|p1a: Landorus|Intimidate|boost
|-unboost|p2a: Leavanny|atk|1
|turn|9
|
|t:|1776114851
|move|p2a: Leavanny|Leaf Blade|p1a: Landorus
|-damage|p1a: Landorus|0 fnt
|-damage|p2a: Leavanny|0 fnt|[from] item: Rocky Helmet|[of] p1a: Landorus
|faint|p1a: Landorus
|faint|p2a: Leavanny
|
|upkeep
|
|t:|1776114875
|switch|p2a: Arbok|Arbok, F|100/100
|switch|p1a: Iron Crown|Iron Crown|100/100
|-damage|p1a: Iron Crown|94/100|[from] Stealth Rock
|-damage|p2a: Arbok|88/100|[from] Stealth Rock
|turn|10
|
|t:|1776114888
|move|p1a: Iron Crown|Tachyon Cutter|p2a: Arbok
|-damage|p2a: Arbok|37/100
|-damage|p2a: Arbok|0 fnt
|faint|p2a: Arbok
|-hitcount|p2: Arbok|2
|
|upkeep
|
|t:|1776114896
|switch|p2a: Blastoise|Blastoise, M|100/100
|-damage|p2a: Blastoise|88/100|[from] Stealth Rock
|turn|11
|
|t:|1776114902
|move|p1a: Iron Crown|Tachyon Cutter|p2a: Blastoise
|-resisted|p2a: Blastoise
|-damage|p2a: Blastoise|69/100
|-resisted|p2a: Blastoise
|-damage|p2a: Blastoise|51/100
|-hitcount|p2a: Blastoise|2
|move|p2a: Blastoise|Shell Smash|p2a: Blastoise
|-unboost|p2a: Blastoise|def|1
|-unboost|p2a: Blastoise|spd|1
|-boost|p2a: Blastoise|atk|2
|-boost|p2a: Blastoise|spa|2
|-boost|p2a: Blastoise|spe|2
|
|upkeep
|turn|12
|
|t:|1776114914
|move|p2a: Blastoise|Surf|p1a: Iron Crown
|-damage|p1a: Iron Crown|21/100
|move|p1a: Iron Crown|Tachyon Cutter|p2a: Blastoise
|-resisted|p2a: Blastoise
|-damage|p2a: Blastoise|20/100
|-resisted|p2a: Blastoise
|-damage|p2a: Blastoise|0 fnt
|faint|p2a: Blastoise
|-hitcount|p2: Blastoise|2
|
|upkeep
|
|t:|1776114934
|switch|p2a: Espeon|Espeon, M|100/100
|-damage|p2a: Espeon|88/100|[from] Stealth Rock
|turn|13
|
|t:|1776114939
|move|p2a: Espeon|Shadow Ball|p1a: Iron Crown
|-supereffective|p1a: Iron Crown
|-damage|p1a: Iron Crown|0 fnt
|faint|p1a: Iron Crown
|-end|p1a: Iron Crown|Quark Drive|[silent]
|-damage|p2a: Espeon|78/100|[from] item: Life Orb
|
|upkeep
|
|t:|1776114950
|switch|p1a: Rillaboom|Rillaboom, F|100/100
|-damage|p1a: Rillaboom|88/100|[from] Stealth Rock
|-fieldstart|move: Grassy Terrain|[from] ability: Grassy Surge|[of] p1a: Rillaboom
|turn|14
|
|t:|1776114955
|move|p2a: Espeon|Psychic|p1a: Rillaboom
|-damage|p1a: Rillaboom|5/100
|-damage|p2a: Espeon|68/100|[from] item: Life Orb
|move|p1a: Rillaboom|U-turn|p2a: Espeon
|-supereffective|p2a: Espeon
|-damage|p2a: Espeon|0 fnt
|faint|p2a: Espeon
|
|t:|1776114961
|switch|p1a: Quaquaval|Quaquaval, M|100/100|[from] U-turn
|-damage|p1a: Quaquaval|94/100|[from] Stealth Rock
|
|-heal|p1a: Quaquaval|100/100|[from] Grassy Terrain
|upkeep
|
|t:|1776114973
|switch|p2a: Houndoom|Houndoom, F|100/100
|-damage|p2a: Houndoom|76/100|[from] Stealth Rock
|turn|15
|
|t:|1776114985
|-terastallize|p2a: Houndoom|Dark
|move|p2a: Houndoom|Dark Pulse|p1a: Quaquaval
|-resisted|p1a: Quaquaval
|-damage|p1a: Quaquaval|64/100
|move|p1a: Quaquaval|Aqua Step|p2a: Houndoom
|-damage|p2a: Houndoom|0 fnt
|-boost|p1a: Quaquaval|spe|1
|faint|p2a: Houndoom
|
|win|TrahsAltNotAlt
|raw|TrahsAltNotAlt's rating: 1438 &rarr; <strong>1459</strong><br />(+21 for winning)
|raw|sometimesstandard's rating: 1463 &rarr; <strong>1442</strong><br />(-21 for losing)
|l|☆TrahsAltNotAlt
|player|p1|
|l|☆sometimesstandard
|player|p2|
