|html|<div class="broadcast-blue"><strong>[Gen 9] OU is currently suspecting Tera Blast! For information on how to participate check out the <a href="https://www.smogon.com/tools/suspects/view/200">suspect thread</a>.</strong></div>
|j|☆Billythekid95
|j|☆Blastoise_Choice
|t:|1776085420
|gametype|singles
|player|p1|Billythekid95|1|1594
|player|p2|Blastoise_Choice|benga|1683
|gen|9
|tier|[Gen 9] OU
|rated|
|rule|HP Percentage Mod: HP is shown in percentages
|rule|Endless Battle Clause: Forcing endless battles is banned
|rule|Species Clause: Limit one of each Pokémon
|rule|OHKO Clause: OHKO moves are banned
|rule|Evasion Items Clause: Evasion items are banned
|rule|Evasion Moves Clause: Evasion moves are banned
|rule|Evasion Abilities Clause: Evasion abilities are banned
|rule|Sleep Moves Clause: Sleep-inducing moves are banned
|clearpoke
|poke|p1|Walking Wake|
|poke|p1|Ribombee, M|
|poke|p1|Gholdengo|
|poke|p1|Torkoal, M|
|poke|p1|Ogerpon, F|
|poke|p1|Great Tusk|
|poke|p2|Garganacl, F|
|poke|p2|Darkrai|
|poke|p2|Great Tusk|
|poke|p2|Hatterene, F|
|poke|p2|Tornadus-Therian, M|
|poke|p2|Dragonite, M|
|teampreview
|j| ohko_smeargle
|c|☆Blastoise_Choice|hf
|inactive|Battle timer is ON: inactive players will automatically lose when time's up. (requested by Blastoise_Choice)
|inactive|Billythekid95 has 120 seconds left.
|
|t:|1776085469
|teamsize|p1|6
|teamsize|p2|6
|start
|switch|p1a: Ribombee|Ribombee, M|100/100
|switch|p2a: Tornadus|Tornadus-Therian, M, shiny|100/100
|turn|1
|
|t:|1776085478
|switch|p2a: Hatterene|Hatterene, F|100/100
|move|p1a: Ribombee|Moonblast|p2a: Hatterene
|-damage|p2a: Hatterene|54/100
|
|upkeep
|turn|2
|
|t:|1776085486
|move|p1a: Ribombee|Skill Swap|p2a: Hatterene
|-activate|p1a: Ribombee|Skill Swap|Magic Bounce|Shield Dust|[of] p2a: Hatterene
|move|p2a: Hatterene|Pain Split|p1a: Ribombee
|-sethp|p1a: Ribombee|83/100|[from] move: Pain Split|[silent]
|-sethp|p2a: Hatterene|69/100|[from] move: Pain Split
|
|upkeep
|turn|3
|
|t:|1776085493
|move|p1a: Ribombee|Sticky Web|p2a: Hatterene
|-sidestart|p2: Blastoise_Choice|move: Sticky Web
|move|p2a: Hatterene|Dazzling Gleam|p1a: Ribombee
|-damage|p1a: Ribombee|17/100
|
|upkeep
|turn|4
|
|t:|1776085497
|switch|p2a: Tornadus|Tornadus-Therian, M, shiny|100/100
|move|p1a: Ribombee|Stun Spore|p2a: Tornadus
|-status|p2a: Tornadus|par
|
|upkeep
|turn|5
|
|t:|1776085504
|move|p1a: Ribombee|Moonblast|p2a: Tornadus
|-damage|p2a: Tornadus|73/100 par
|move|p2a: Tornadus|U-turn|p1a: Ribombee
|-resisted|p1a: Ribombee
|-damage|p1a: Ribombee|3/100
|
|t:|1776085509
|switch|p2a: Garganacl|Garganacl, F|100/100|[from] U-turn
|-activate|p2a: Garganacl|move: Sticky Web
|-unboost|p2a: Garganacl|spe|1
|
|upkeep
|turn|6
|
|t:|1776085514
|move|p1a: Ribombee|Moonblast|p2a: Garganacl
|-damage|p2a: Garganacl|75/100
|move|p2a: Garganacl|Stealth Rock|p1a: Ribombee
|move|p1a: Ribombee|Stealth Rock|p2a: Garganacl|[from] ability: Magic Bounce
|-sidestart|p2: Blastoise_Choice|move: Stealth Rock
|
|-heal|p2a: Garganacl|81/100|[from] item: Leftovers
|upkeep
|turn|7
|
|t:|1776085521
|move|p1a: Ribombee|Moonblast|p2a: Garganacl
|-damage|p2a: Garganacl|56/100
|move|p2a: Garganacl|Recover|p2a: Garganacl
|-heal|p2a: Garganacl|100/100
|
|upkeep
|turn|8
|
|t:|1776085526
|move|p1a: Ribombee|Moonblast|p2a: Garganacl
|-damage|p2a: Garganacl|74/100
|move|p2a: Garganacl|Recover|p2a: Garganacl
|-heal|p2a: Garganacl|100/100
|
|upkeep
|turn|9
|
|t:|1776085532
|move|p1a: Ribombee|Moonblast|p2a: Garganacl
|-damage|p2a: Garganacl|73/100
|-unboost|p2a: Garganacl|spa|1
|move|p2a: Garganacl|Recover|p2a: Garganacl
|-heal|p2a: Garganacl|100/100
|
|upkeep
|turn|10
|
|t:|1776085538
|move|p1a: Ribombee|Moonblast|p2a: Garganacl
|-damage|p2a: Garganacl|71/100
|move|p2a: Garganacl|Salt Cure|p1a: Ribombee
|-supereffective|p1a: Ribombee
|-damage|p1a: Ribombee|0 fnt
|faint|p1a: Ribombee
|
|-heal|p2a: Garganacl|77/100|[from] item: Leftovers
|upkeep
|
|t:|1776085546
|switch|p1a: Walking Wake|Walking Wake|100/100
|turn|11
|
|t:|1776085553
|move|p1a: Walking Wake|Hydro Steam|p2a: Garganacl
|-supereffective|p2a: Garganacl
|-damage|p2a: Garganacl|0 fnt
|faint|p2a: Garganacl
|
|upkeep
|
|t:|1776085560
|switch|p2a: Dragonite|Dragonite, M|100/100
|-damage|p2a: Dragonite|76/100|[from] Stealth Rock
|turn|12
|
|t:|1776085570
|-end|p1a: Walking Wake|Protosynthesis|[silent]
|switch|p1a: Great Tusk|Great Tusk|100/100
|move|p2a: Dragonite|Dragon Dance|p2a: Dragonite
|-boost|p2a: Dragonite|atk|1
|-boost|p2a: Dragonite|spe|1
|
|upkeep
|turn|13
|
|t:|1776085577
|move|p2a: Dragonite|Dragon Dance|p2a: Dragonite
|-boost|p2a: Dragonite|atk|1
|-boost|p2a: Dragonite|spe|1
|move|p1a: Great Tusk|Ice Spinner|p2a: Dragonite
|-supereffective|p2a: Dragonite
|-damage|p2a: Dragonite|0 fnt
|faint|p2a: Dragonite
|
|upkeep
|
|t:|1776085584
|switch|p2a: Great Tusk|Great Tusk|100/100
|-activate|p2a: Great Tusk|move: Sticky Web
|-unboost|p2a: Great Tusk|spe|1
|-damage|p2a: Great Tusk|98/100|[from] Stealth Rock
|-enditem|p2a: Great Tusk|Booster Energy
|-activate|p2a: Great Tusk|ability: Protosynthesis|[fromitem]
|-start|p2a: Great Tusk|protosynthesisatk
|turn|14
|
|t:|1776085592
|-end|p1a: Great Tusk|Protosynthesis|[silent]
|switch|p1a: Gholdengo|Gholdengo|100/100
|move|p2a: Great Tusk|Rapid Spin|p1a: Gholdengo
|-immune|p1a: Gholdengo
|
|upkeep
|turn|15
|
|t:|1776085599
|move|p1a: Gholdengo|Make It Rain|p2a: Great Tusk
|-damage|p2a: Great Tusk|0 fnt
|-unboost|p1a: Gholdengo|spa|1
|faint|p2a: Great Tusk
|-end|p2a: Great Tusk|Protosynthesis|[silent]
|
|upkeep
|
|t:|1776085606
|switch|p2a: Tornadus|Tornadus-Therian, M, shiny|100/100 par
|-damage|p2a: Tornadus|76/100 par|[from] Stealth Rock
|turn|16
|
|t:|1776085613
|switch|p1a: Torkoal|Torkoal, M|100/100
|-weather|SunnyDay|[from] ability: Drought|[of] p1a: Torkoal
|move|p2a: Tornadus|Knock Off|p1a: Torkoal
|-damage|p1a: Torkoal|85/100
|-enditem|p1a: Torkoal|Heat Rock|[from] move: Knock Off|[of] p2a: Tornadus
|
|-weather|SunnyDay|[upkeep]
|upkeep
|turn|17
|
|t:|1776085621
|cant|p2a: Tornadus|par
|move|p1a: Torkoal|Lava Plume|p2a: Tornadus
|-damage|p2a: Tornadus|51/100 par
|
|-weather|SunnyDay|[upkeep]
|upkeep
|turn|18
|
|t:|1776085629
|move|p2a: Tornadus|Knock Off|p1a: Torkoal
|-damage|p1a: Torkoal|75/100
|move|p1a: Torkoal|Lava Plume|p2a: Tornadus
|-damage|p2a: Tornadus|27/100 par
|
|-weather|SunnyDay|[upkeep]
|upkeep
|turn|19
|
|t:|1776085637
|cant|p2a: Tornadus|par
|move|p1a: Torkoal|Lava Plume|p2a: Tornadus
|-damage|p2a: Tornadus|0 fnt
|faint|p2a: Tornadus
|
|-weather|SunnyDay|[upkeep]
|upkeep
|
|t:|1776085644
|switch|p2a: Hatterene|Hatterene, F|69/100
|-activate|p2a: Hatterene|move: Sticky Web
|-unboost|p2a: Hatterene|spe|1
|-damage|p2a: Hatterene|56/100|[from] Stealth Rock
|turn|20
|
|t:|1776085650
|move|p1a: Torkoal|Lava Plume|p2a: Hatterene
|-damage|p2a: Hatterene|18/100
|-status|p2a: Hatterene|brn
|move|p2a: Hatterene|Future Sight|p1a: Torkoal
|-start|p2a: Hatterene|move: Future Sight
|
|-weather|SunnyDay|[upkeep]
|-damage|p2a: Hatterene|12/100 brn|[from] brn
|upkeep
|turn|21
|
|t:|1776085657
|switch|p2a: Darkrai|Darkrai|100/100
|-activate|p2a: Darkrai|move: Sticky Web
|-unboost|p2a: Darkrai|spe|1
|-damage|p2a: Darkrai|88/100|[from] Stealth Rock
|move|p1a: Torkoal|Lava Plume|p2a: Darkrai
|-damage|p2a: Darkrai|43/100
|
|-weather|SunnyDay|[upkeep]
|upkeep
|turn|22
|
|t:|1776085667
|switch|p2a: Hatterene|Hatterene, F|12/100 brn
|-activate|p2a: Hatterene|move: Sticky Web
|-unboost|p2a: Hatterene|spe|1
|-damage|p2a: Hatterene|0 fnt|[from] Stealth Rock
|faint|p2a: Hatterene
|switch|p1a: Gholdengo|Gholdengo|100/100
|
|-weather|SunnyDay|[upkeep]
|-end|p1a: Gholdengo|move: Future Sight
|-resisted|p1a: Gholdengo
|-damage|p1a: Gholdengo|66/100
|upkeep
|
|t:|1776085672
|switch|p2a: Darkrai|Darkrai|43/100
|-activate|p2a: Darkrai|move: Sticky Web
|-unboost|p2a: Darkrai|spe|1
|-damage|p2a: Darkrai|30/100|[from] Stealth Rock
|turn|23
|
|t:|1776085681
|-terastallize|p2a: Darkrai|Poison
|move|p1a: Gholdengo|Make It Rain|p2a: Darkrai
|-damage|p2a: Darkrai|0 fnt
|-unboost|p1a: Gholdengo|spa|1
|faint|p2a: Darkrai
|
|win|Billythekid95
|raw|Billythekid95's rating: 1594 &rarr; <strong>1619</strong><br />(+25 for winning)
|raw|Blastoise_Choice's rating: 1683 &rarr; <strong>1658</strong><br />(-25 for losing)
|c|☆Blastoise_Choice|gg
