|html|<div class="broadcast-blue"><strong>[Gen 9] OU is currently suspecting Tera Blast! For information on how to participate check out the <a href="https://www.smogon.com/tools/suspects/view/200">suspect thread</a>.</strong></div>
|j|☆AllGamesTupra123
|j|☆Elinge12
|t:|1776298815
|gametype|singles
|player|p1|AllGamesTupra123|blue-gen1|
|player|p2|Elinge12|lyra|
|gen|9
|tier|[Gen 9] OU
|rule|HP Percentage Mod: HP is shown in percentages
|rule|Endless Battle Clause: Forcing endless battles is banned
|rule|Species Clause: Limit one of each Pokémon
|rule|OHKO Clause: OHKO moves are banned
|rule|Evasion Items Clause: Evasion items are banned
|rule|Evasion Moves Clause: Evasion moves are banned
|rule|Evasion Abilities Clause: Evasion abilities are banned
|rule|Sleep Moves Clause: Sleep-inducing moves are banned
|clearpoke
|poke|p1|Gliscor, F|
|poke|p1|Gholdengo|
|poke|p1|Alomomola, M|
|poke|p1|Kingambit, M|
|poke|p1|Iron Valiant|
|poke|p1|Ting-Lu|
|poke|p2|Scizor, F|
|poke|p2|Iron Valiant|
|poke|p2|Great Tusk|
|poke|p2|Gholdengo|
|poke|p2|Rotom-Wash|
|poke|p2|Dragapult, M|
|teampreview
|l|☆Elinge12
|player|p2|
|j|☆Elinge12
|player|p2|Elinge12|lyra|
|
|t:|1776298860
|teamsize|p1|6
|teamsize|p2|6
|start
|switch|p1a: Gliscor|Gliscor, F|100/100
|switch|p2a: lava-cu|Rotom-Wash, shiny|100/100
|turn|1
|
|t:|1776298913
|switch|p1a: Gholdengo|Gholdengo|100/100
|-item|p1a: Gholdengo|Air Balloon
|move|p2a: lava-cu|Hydro Pump|p1a: Gholdengo
|-damage|p1a: Gholdengo|54/100
|-enditem|p1a: Gholdengo|Air Balloon
|
|upkeep
|turn|2
|
|t:|1776298929
|move|p1a: Gholdengo|Recover|p1a: Gholdengo
|-heal|p1a: Gholdengo|100/100
|move|p2a: lava-cu|Volt Switch|p1a: Gholdengo
|-damage|p1a: Gholdengo|71/100
|
|t:|1776298958
|switch|p2a: 90% accuracy|Dragapult, M|100/100|[from] Volt Switch
|
|upkeep
|turn|3
|
|t:|1776298971
|switch|p2a: yuri scisoring|Scizor, F|100/100
|move|p1a: Gholdengo|Shadow Ball|p2a: yuri scisoring
|-damage|p2a: yuri scisoring|52/100
|-unboost|p2a: yuri scisoring|spd|1
|
|upkeep
|turn|4
|
|t:|1776298989
|switch|p2a: mecha homossexual|Iron Valiant|100/100
|-enditem|p2a: mecha homossexual|Booster Energy
|-activate|p2a: mecha homossexual|ability: Quark Drive|[fromitem]
|-start|p2a: mecha homossexual|quarkdrivespe
|move|p1a: Gholdengo|Shadow Ball|p2a: mecha homossexual
|-damage|p2a: mecha homossexual|16/100
|
|upkeep
|turn|5
|inactive|Battle timer is ON: inactive players will automatically lose when time's up. (requested by Elinge12)
|
|t:|1776299001
|-end|p2a: mecha homossexual|Quark Drive|[silent]
|switch|p2a: gordo|Great Tusk|100/100
|move|p1a: Gholdengo|Make It Rain|p2a: gordo
|-damage|p2a: gordo|2/100
|-unboost|p1a: Gholdengo|spa|1
|
|-heal|p2a: gordo|9/100|[from] item: Leftovers
|upkeep
|turn|6
|
|t:|1776299016
|-end|p2a: gordo|Protosynthesis|[silent]
|switch|p2a: lava-cu|Rotom-Wash, shiny|100/100
|switch|p1a: Gliscor|Gliscor, F|100/100
|
|-status|p1a: Gliscor|tox|[from] item: Toxic Orb
|upkeep
|turn|7
|
|t:|1776299033
|-terastallize|p1a: Gliscor|Water
|move|p1a: Gliscor|Earthquake|p2a: lava-cu
|-immune|p2a: lava-cu|[from] ability: Levitate
|move|p2a: lava-cu|Hydro Pump|p1a: Gliscor
|-resisted|p1a: Gliscor
|-damage|p1a: Gliscor|83/100 tox
|
|-heal|p1a: Gliscor|95/100 tox|[from] ability: Poison Heal
|upkeep
|turn|8
|
|t:|1776299046
|move|p1a: Gliscor|Spikes|p2a: lava-cu
|-sidestart|p2: Elinge12|Spikes
|move|p2a: lava-cu|Volt Switch|p1a: Gliscor
|-supereffective|p1a: Gliscor
|-crit|p1a: Gliscor
|-damage|p1a: Gliscor|27/100 tox
|
|t:|1776299061
|switch|p2a: mecha homossexual|Iron Valiant|16/100|[from] Volt Switch
|-damage|p2a: mecha homossexual|4/100|[from] Spikes
|
|-heal|p1a: Gliscor|39/100 tox|[from] ability: Poison Heal
|upkeep
|turn|9
|
|t:|1776299074
|move|p1a: Gliscor|Protect|p1a: Gliscor
|-singleturn|p1a: Gliscor|Protect
|move|p2a: mecha homossexual|Thunderbolt|p1a: Gliscor
|-activate|p1a: Gliscor|move: Protect
|
|-heal|p1a: Gliscor|52/100 tox|[from] ability: Poison Heal
|upkeep
|turn|10
|inactive|Elinge12 has 270 seconds left.
|
|t:|1776299123
|-end|p2a: mecha homossexual|Quark Drive|[silent]
|switch|p2a: 90% accuracy|Dragapult, M|100/100
|-damage|p2a: 90% accuracy|88/100|[from] Spikes
|switch|p1a: Kingambit|Kingambit, M|100/100
|
|upkeep
|turn|11
|
|t:|1776299135
|move|p2a: 90% accuracy|Flamethrower|p1a: Kingambit
|-supereffective|p1a: Kingambit
|-damage|p1a: Kingambit|3/100
|move|p1a: Kingambit|Kowtow Cleave|p2a: 90% accuracy
|-supereffective|p2a: 90% accuracy
|-damage|p2a: 90% accuracy|0 fnt
|faint|p2a: 90% accuracy
|
|upkeep
|
|t:|1776299148
|switch|p2a: hakari|Gholdengo|100/100
|-item|p2a: hakari|Air Balloon
|turn|12
|
|t:|1776299164
|-end|p1a: Kingambit|fallenundefined|[silent]
|switch|p1a: Ting-Lu|Ting-Lu|100/100
|-ability|p1a: Ting-Lu|Vessel of Ruin
|move|p2a: hakari|Nasty Plot|p2a: hakari
|-boost|p2a: hakari|spa|2
|
|upkeep
|turn|13
|l|☆Elinge12
|inactive|Elinge12 disconnected and has 300 seconds to reconnect!
|player|p2|
|j|☆Elinge12
|inactive|Elinge12 reconnected and has 275 seconds left.
|player|p2|Elinge12|lyra|
|inactive|Elinge12 has 270 seconds left.
|
|t:|1776299200
|switch|p2a: lava-cu|Rotom-Wash, shiny|100/100
|move|p1a: Ting-Lu|Whirlwind|p2a: lava-cu
|drag|p2a: yuri scisoring|Scizor, F|52/100
|-damage|p2a: yuri scisoring|40/100|[from] Spikes
|
|upkeep
|turn|14
|
|t:|1776299212
|switch|p1a: Gliscor|Gliscor, F, tera:Water|52/100 tox
|move|p2a: yuri scisoring|U-turn|p1a: Gliscor
|-crit|p1a: Gliscor
|-damage|p1a: Gliscor|0 fnt
|faint|p1a: Gliscor
|-damage|p2a: yuri scisoring|30/100|[from] item: Life Orb
|
|t:|1776299220
|switch|p2a: gordo|Great Tusk|9/100|[from] U-turn
|-damage|p2a: gordo|0 fnt|[from] Spikes
|faint|p2a: gordo
|-end|p2a: gordo|Protosynthesis|[silent]
|
|upkeep
|
|t:|1776299228
|switch|p2a: lava-cu|Rotom-Wash, shiny|100/100
|switch|p1a: Alomomola|Alomomola, M|100/100
|turn|15
|
|t:|1776299238
|-terastallize|p2a: lava-cu|Electric
|move|p1a: Alomomola|Protect|p1a: Alomomola
|-singleturn|p1a: Alomomola|Protect
|move|p2a: lava-cu|Volt Switch|p1a: Alomomola
|-activate|p1a: Alomomola|move: Protect
|
|upkeep
|turn|16
|
|t:|1776299248
|switch|p1a: Gholdengo|Gholdengo|71/100
|move|p2a: lava-cu|Protect||[still]
|-fail|p2a: lava-cu
|
|upkeep
|turn|17
|inactive|Elinge12 has 240 seconds left.
|inactiveoff|Battle timer is now OFF.
|
|t:|1776299298
|move|p1a: Gholdengo|Shadow Ball|p2a: lava-cu
|-damage|p2a: lava-cu|67/100
|move|p2a: lava-cu|Volt Switch|p1a: Gholdengo
|-damage|p1a: Gholdengo|32/100
|
|t:|1776299302
|switch|p2a: hakari|Gholdengo|100/100|[from] Volt Switch
|-item|p2a: hakari|Air Balloon
|
|upkeep
|turn|18
|
|t:|1776299312
|switch|p1a: Iron Valiant|Iron Valiant|100/100
|move|p2a: hakari|Shadow Ball|p1a: Iron Valiant
|-damage|p1a: Iron Valiant|18/100
|
|upkeep
|turn|19
|
|t:|1776299326
|move|p1a: Iron Valiant|Thunderbolt|p2a: hakari
|-damage|p2a: hakari|60/100
|-enditem|p2a: hakari|Air Balloon
|move|p2a: hakari|Make It Rain|p1a: Iron Valiant
|-supereffective|p1a: Iron Valiant
|-damage|p1a: Iron Valiant|0 fnt
|-unboost|p2a: hakari|spa|1
|faint|p1a: Iron Valiant
|-end|p1a: Iron Valiant|Quark Drive|[silent]
|
|upkeep
|
|t:|1776299339
|switch|p1a: Alomomola|Alomomola, M|100/100
|turn|20
|
|t:|1776299346
|switch|p2a: lava-cu|Rotom-Wash, shiny, tera:Electric|67/100
|move|p1a: Alomomola|Flip Turn|p2a: lava-cu
|-damage|p2a: lava-cu|51/100
|
|t:|1776299354
|switch|p1a: Ting-Lu|Ting-Lu|100/100|[from] Flip Turn
|-ability|p1a: Ting-Lu|Vessel of Ruin
|
|-heal|p2a: lava-cu|58/100|[from] item: Leftovers
|upkeep
|turn|21
|
|t:|1776299366
|move|p2a: lava-cu|Hydro Pump|p1a: Ting-Lu
|-supereffective|p1a: Ting-Lu
|-damage|p1a: Ting-Lu|65/100
|move|p1a: Ting-Lu|Stealth Rock|p2a: lava-cu
|-sidestart|p2: Elinge12|move: Stealth Rock
|
|-heal|p2a: lava-cu|64/100|[from] item: Leftovers
|-heal|p1a: Ting-Lu|72/100|[from] item: Leftovers
|upkeep
|turn|22
|
|t:|1776299380
|move|p2a: lava-cu|Hydro Pump|p1a: Ting-Lu|[miss]
|-miss|p2a: lava-cu|p1a: Ting-Lu
|move|p1a: Ting-Lu|Whirlwind|p2a: lava-cu
|drag|p2a: hakari|Gholdengo|60/100
|-damage|p2a: hakari|48/100|[from] Spikes
|-damage|p2a: hakari|42/100|[from] Stealth Rock
|
|-heal|p1a: Ting-Lu|78/100|[from] item: Leftovers
|upkeep
|turn|23
|
|t:|1776299391
|move|p2a: hakari|Recover|p2a: hakari
|-heal|p2a: hakari|92/100
|move|p1a: Ting-Lu|Ruination|p2a: hakari
|-damage|p2a: hakari|46/100
|
|-heal|p1a: Ting-Lu|84/100|[from] item: Leftovers
|upkeep
|turn|24
|
|t:|1776299403
|switch|p2a: yuri scisoring|Scizor, F|30/100
|-damage|p2a: yuri scisoring|18/100|[from] Spikes
|-damage|p2a: yuri scisoring|6/100|[from] Stealth Rock
|move|p1a: Ting-Lu|Earthquake|p2a: yuri scisoring
|-damage|p2a: yuri scisoring|0 fnt
|faint|p2a: yuri scisoring
|
|-heal|p1a: Ting-Lu|90/100|[from] item: Leftovers
|upkeep
|
|t:|1776299407
|switch|p2a: lava-cu|Rotom-Wash, shiny, tera:Electric|64/100
|-damage|p2a: lava-cu|51/100|[from] Stealth Rock
|turn|25
|
|t:|1776299419
|move|p2a: lava-cu|Protect|p2a: lava-cu
|-singleturn|p2a: lava-cu|Protect
|move|p1a: Ting-Lu|Whirlwind|p2a: lava-cu
|drag|p2a: hakari|Gholdengo|46/100
|-damage|p2a: hakari|34/100|[from] Spikes
|-damage|p2a: hakari|27/100|[from] Stealth Rock
|
|-heal|p1a: Ting-Lu|97/100|[from] item: Leftovers
|upkeep
|turn|26
|
|t:|1776299431
|switch|p2a: lava-cu|Rotom-Wash, shiny, tera:Electric|51/100
|-damage|p2a: lava-cu|39/100|[from] Stealth Rock
|move|p1a: Ting-Lu|Earthquake|p2a: lava-cu
|-immune|p2a: lava-cu|[from] ability: Levitate
|
|-heal|p2a: lava-cu|45/100|[from] item: Leftovers
|-heal|p1a: Ting-Lu|100/100|[from] item: Leftovers
|upkeep
|turn|27
|
|t:|1776299440
|move|p2a: lava-cu|Hydro Pump|p1a: Ting-Lu
|-supereffective|p1a: Ting-Lu
|-damage|p1a: Ting-Lu|70/100
|move|p1a: Ting-Lu|Whirlwind|p2a: lava-cu
|drag|p2a: mecha homossexual|Iron Valiant|4/100
|-damage|p2a: mecha homossexual|0 fnt|[from] Spikes
|faint|p2a: mecha homossexual
|-end|p2a: mecha homossexual|Quark Drive|[silent]
|
|-heal|p1a: Ting-Lu|76/100|[from] item: Leftovers
|upkeep
|
|t:|1776299447
|switch|p2a: lava-cu|Rotom-Wash, shiny, tera:Electric|45/100
|-damage|p2a: lava-cu|33/100|[from] Stealth Rock
|turn|28
|
|t:|1776299461
|move|p2a: lava-cu|Hydro Pump|p1a: Ting-Lu
|-supereffective|p1a: Ting-Lu
|-damage|p1a: Ting-Lu|41/100
|move|p1a: Ting-Lu|Whirlwind|p2a: lava-cu
|drag|p2a: hakari|Gholdengo|27/100
|-damage|p2a: hakari|15/100|[from] Spikes
|-damage|p2a: hakari|9/100|[from] Stealth Rock
|
|-heal|p1a: Ting-Lu|48/100|[from] item: Leftovers
|upkeep
|turn|29
|
|t:|1776299473
|move|p2a: hakari|Recover|p2a: hakari
|-heal|p2a: hakari|59/100
|move|p1a: Ting-Lu|Earthquake|p2a: hakari
|-supereffective|p2a: hakari
|-damage|p2a: hakari|0 fnt
|faint|p2a: hakari
|
|-heal|p1a: Ting-Lu|54/100|[from] item: Leftovers
|upkeep
|
|t:|1776299476
|switch|p2a: lava-cu|Rotom-Wash, shiny, tera:Electric|33/100
|-damage|p2a: lava-cu|20/100|[from] Stealth Rock
|turn|30
|
|t:|1776299488
|move|p2a: lava-cu|Hydro Pump|p1a: Ting-Lu
|-supereffective|p1a: Ting-Lu
|-damage|p1a: Ting-Lu|21/100
|move|p1a: Ting-Lu|Stealth Rock||[still]
|-fail|p1a: Ting-Lu
|
|-heal|p2a: lava-cu|26/100|[from] item: Leftovers
|-heal|p1a: Ting-Lu|27/100|[from] item: Leftovers
|upkeep
|turn|31
|
|t:|1776299500
|switch|p1a: Gholdengo|Gholdengo|32/100
|move|p2a: lava-cu|Hydro Pump|p1a: Gholdengo
|-damage|p1a: Gholdengo|0 fnt
|faint|p1a: Gholdengo
|
|-heal|p2a: lava-cu|33/100|[from] item: Leftovers
|upkeep
|inactive|Battle timer is ON: inactive players will automatically lose when time's up. (requested by Elinge12)
|
|t:|1776299510
|switch|p1a: Alomomola|Alomomola, M|100/100
|turn|32
|
|t:|1776299517
|move|p1a: Alomomola|Protect|p1a: Alomomola
|-singleturn|p1a: Alomomola|Protect
|move|p2a: lava-cu|Volt Switch|p1a: Alomomola
|-activate|p1a: Alomomola|move: Protect
|
|-heal|p2a: lava-cu|39/100|[from] item: Leftovers
|upkeep
|turn|33
|
|t:|1776299533
|move|p2a: lava-cu|Protect|p2a: lava-cu
|-singleturn|p2a: lava-cu|Protect
|move|p1a: Alomomola|Flip Turn|p2a: lava-cu
|-activate|p2a: lava-cu|move: Protect
|
|-heal|p2a: lava-cu|45/100|[from] item: Leftovers
|upkeep
|turn|34
|inactive|Elinge12 has 270 seconds left.
|
|t:|1776299553
|switch|p1a: Ting-Lu|Ting-Lu|27/100
|-ability|p1a: Ting-Lu|Vessel of Ruin
|move|p2a: lava-cu|Volt Switch|p1a: Ting-Lu
|-immune|p1a: Ting-Lu
|
|-heal|p2a: lava-cu|51/100|[from] item: Leftovers
|-heal|p1a: Ting-Lu|34/100|[from] item: Leftovers
|upkeep
|turn|35
|inactive|Elinge12 has 270 seconds left.
|inactive|AllGamesTupra123 has 270 seconds left.
|
|t:|1776299571
|switch|p1a: Alomomola|Alomomola, M|100/100
|move|p2a: lava-cu|Protect||[still]
|-fail|p2a: lava-cu
|
|-heal|p2a: lava-cu|58/100|[from] item: Leftovers
|upkeep
|turn|36
|inactive|AllGamesTupra123 has 270 seconds left.
|
|t:|1776299581
|move|p2a: lava-cu|Volt Switch|p1a: Alomomola
|-supereffective|p1a: Alomomola
|-damage|p1a: Alomomola|26/100
|move|p1a: Alomomola|Flip Turn|p2a: lava-cu
|-damage|p2a: lava-cu|41/100
|inactive|AllGamesTupra123 has 270 seconds left.
|
|t:|1776299589
|switch|p1a: Ting-Lu|Ting-Lu|34/100|[from] Flip Turn
|-ability|p1a: Ting-Lu|Vessel of Ruin
|
|-heal|p2a: lava-cu|47/100|[from] item: Leftovers
|-heal|p1a: Ting-Lu|40/100|[from] item: Leftovers
|upkeep
|turn|37
|inactive|AllGamesTupra123 has 270 seconds left.
|
|t:|1776299605
|move|p2a: lava-cu|Volt Switch|p1a: Ting-Lu
|-immune|p1a: Ting-Lu
|move|p1a: Ting-Lu|Ruination|p2a: lava-cu
|-damage|p2a: lava-cu|24/100
|
|-heal|p2a: lava-cu|30/100|[from] item: Leftovers
|-heal|p1a: Ting-Lu|46/100|[from] item: Leftovers
|upkeep
|turn|38
|inactive|AllGamesTupra123 has 270 seconds left.
|
|t:|1776299622
|switch|p1a: Kingambit|Kingambit, M|3/100
|-activate|p1a: Kingambit|ability: Supreme Overlord
|-start|p1a: Kingambit|fallen3|[silent]
|move|p2a: lava-cu|Volt Switch|p1a: Kingambit
|-damage|p1a: Kingambit|0 fnt
|faint|p1a: Kingambit
|-end|p1a: Kingambit|fallen3|[silent]
|
|-heal|p2a: lava-cu|36/100|[from] item: Leftovers
|upkeep
|
|t:|1776299631
|switch|p1a: Alomomola|Alomomola, M|60/100
|turn|39
|
|t:|1776299638
|switch|p1a: Ting-Lu|Ting-Lu|46/100
|-ability|p1a: Ting-Lu|Vessel of Ruin
|move|p2a: lava-cu|Will-O-Wisp|p1a: Ting-Lu
|-status|p1a: Ting-Lu|brn
|
|-heal|p2a: lava-cu|43/100|[from] item: Leftovers
|-heal|p1a: Ting-Lu|52/100 brn|[from] item: Leftovers
|-damage|p1a: Ting-Lu|46/100 brn|[from] brn
|upkeep
|turn|40
|inactive|AllGamesTupra123 has 270 seconds left.
|
|t:|1776299662
|move|p2a: lava-cu|Protect|p2a: lava-cu
|-singleturn|p2a: lava-cu|Protect
|move|p1a: Ting-Lu|Stealth Rock||[still]
|-fail|p1a: Ting-Lu
|
|-heal|p2a: lava-cu|49/100|[from] item: Leftovers
|-heal|p1a: Ting-Lu|52/100 brn|[from] item: Leftovers
|-damage|p1a: Ting-Lu|46/100 brn|[from] brn
|upkeep
|turn|41
|
|t:|1776299673
|switch|p1a: Alomomola|Alomomola, M|93/100
|move|p2a: lava-cu|Will-O-Wisp|p1a: Alomomola
|-status|p1a: Alomomola|brn
|
|-heal|p2a: lava-cu|55/100|[from] item: Leftovers
|-damage|p1a: Alomomola|87/100 brn|[from] brn
|upkeep
|turn|42
|
|t:|1776299689
|move|p1a: Alomomola|Protect|p1a: Alomomola
|-singleturn|p1a: Alomomola|Protect
|move|p2a: lava-cu|Will-O-Wisp|p1a: Alomomola
|-activate|p1a: Alomomola|move: Protect
|
|-heal|p2a: lava-cu|61/100|[from] item: Leftovers
|-damage|p1a: Alomomola|81/100 brn|[from] brn
|upkeep
|turn|43
|
|t:|1776299698
|move|p2a: lava-cu|Volt Switch|p1a: Alomomola
|-supereffective|p1a: Alomomola
|-damage|p1a: Alomomola|0 fnt
|faint|p1a: Alomomola
|
|-heal|p2a: lava-cu|68/100|[from] item: Leftovers
|upkeep
|
|t:|1776299705
|switch|p1a: Ting-Lu|Ting-Lu|46/100 brn
|-ability|p1a: Ting-Lu|Vessel of Ruin
|turn|44
|
|t:|1776299709
|move|p2a: lava-cu|Protect|p2a: lava-cu
|-singleturn|p2a: lava-cu|Protect
|move|p1a: Ting-Lu|Stealth Rock||[still]
|-fail|p1a: Ting-Lu
|
|-heal|p2a: lava-cu|74/100|[from] item: Leftovers
|-heal|p1a: Ting-Lu|52/100 brn|[from] item: Leftovers
|-damage|p1a: Ting-Lu|46/100 brn|[from] brn
|upkeep
|turn|45
|inactive|AllGamesTupra123 has 270 seconds left.
|
|t:|1776299723
|move|p2a: lava-cu|Will-O-Wisp|p1a: Ting-Lu
|-fail|p1a: Ting-Lu|brn
|move|p1a: Ting-Lu|Ruination|p2a: lava-cu
|-damage|p2a: lava-cu|37/100
|
|-heal|p2a: lava-cu|44/100|[from] item: Leftovers
|-heal|p1a: Ting-Lu|52/100 brn|[from] item: Leftovers
|-damage|p1a: Ting-Lu|46/100 brn|[from] brn
|upkeep
|turn|46
|inactive|AllGamesTupra123 has 270 seconds left.
|
|t:|1776299735
|move|p2a: lava-cu|Will-O-Wisp|p1a: Ting-Lu
|-fail|p1a: Ting-Lu|brn
|move|p1a: Ting-Lu|Ruination|p2a: lava-cu
|-damage|p2a: lava-cu|22/100
|
|-heal|p2a: lava-cu|28/100|[from] item: Leftovers
|-heal|p1a: Ting-Lu|52/100 brn|[from] item: Leftovers
|-damage|p1a: Ting-Lu|46/100 brn|[from] brn
|upkeep
|turn|47
|inactive|AllGamesTupra123 has 270 seconds left.
|
|t:|1776299750
|move|p2a: lava-cu|Will-O-Wisp|p1a: Ting-Lu
|-fail|p1a: Ting-Lu|brn
|move|p1a: Ting-Lu|Ruination|p2a: lava-cu|[miss]
|-miss|p1a: Ting-Lu|p2a: lava-cu
|
|-heal|p2a: lava-cu|35/100|[from] item: Leftovers
|-heal|p1a: Ting-Lu|52/100 brn|[from] item: Leftovers
|-damage|p1a: Ting-Lu|46/100 brn|[from] brn
|upkeep
|turn|48
|
|t:|1776299765
|move|p2a: lava-cu|Volt Switch|p1a: Ting-Lu
|-immune|p1a: Ting-Lu
|move|p1a: Ting-Lu|Stealth Rock||[still]
|-fail|p1a: Ting-Lu
|
|-heal|p2a: lava-cu|41/100|[from] item: Leftovers
|-heal|p1a: Ting-Lu|52/100 brn|[from] item: Leftovers
|-damage|p1a: Ting-Lu|46/100 brn|[from] brn
|upkeep
|turn|49
|
|t:|1776299777
|move|p2a: lava-cu|Volt Switch|p1a: Ting-Lu
|-immune|p1a: Ting-Lu
|move|p1a: Ting-Lu|Ruination|p2a: lava-cu
|-damage|p2a: lava-cu|21/100
|
|-heal|p2a: lava-cu|27/100|[from] item: Leftovers
|-heal|p1a: Ting-Lu|52/100 brn|[from] item: Leftovers
|-damage|p1a: Ting-Lu|46/100 brn|[from] brn
|upkeep
|turn|50
|
|t:|1776299787
|move|p2a: lava-cu|Protect|p2a: lava-cu
|-singleturn|p2a: lava-cu|Protect
|move|p1a: Ting-Lu|Ruination|p2a: lava-cu
|-activate|p2a: lava-cu|move: Protect
|
|-heal|p2a: lava-cu|33/100|[from] item: Leftovers
|-heal|p1a: Ting-Lu|52/100 brn|[from] item: Leftovers
|-damage|p1a: Ting-Lu|46/100 brn|[from] brn
|upkeep
|turn|51
|
|t:|1776299796
|move|p2a: lava-cu|Protect||[still]
|-fail|p2a: lava-cu
|move|p1a: Ting-Lu|Earthquake|p2a: lava-cu
|-immune|p2a: lava-cu|[from] ability: Levitate
|
|-heal|p2a: lava-cu|40/100|[from] item: Leftovers
|-heal|p1a: Ting-Lu|52/100 brn|[from] item: Leftovers
|-damage|p1a: Ting-Lu|46/100 brn|[from] brn
|upkeep
|turn|52
|
|t:|1776299811
|move|p2a: lava-cu|Volt Switch|p1a: Ting-Lu
|-immune|p1a: Ting-Lu
|move|p1a: Ting-Lu|Ruination|p2a: lava-cu|[miss]
|-miss|p1a: Ting-Lu|p2a: lava-cu
|
|-heal|p2a: lava-cu|46/100|[from] item: Leftovers
|-heal|p1a: Ting-Lu|52/100 brn|[from] item: Leftovers
|-damage|p1a: Ting-Lu|46/100 brn|[from] brn
|upkeep
|turn|53
|
|t:|1776299822
|move|p2a: lava-cu|Volt Switch|p1a: Ting-Lu
|-immune|p1a: Ting-Lu
|move|p1a: Ting-Lu|Ruination|p2a: lava-cu
|-damage|p2a: lava-cu|23/100
|
|-heal|p2a: lava-cu|29/100|[from] item: Leftovers
|-heal|p1a: Ting-Lu|52/100 brn|[from] item: Leftovers
|-damage|p1a: Ting-Lu|46/100 brn|[from] brn
|upkeep
|turn|54
|
|t:|1776299836
|move|p2a: lava-cu|Protect|p2a: lava-cu
|-singleturn|p2a: lava-cu|Protect
|move|p1a: Ting-Lu|Ruination|p2a: lava-cu
|-activate|p2a: lava-cu|move: Protect
|
|-heal|p2a: lava-cu|36/100|[from] item: Leftovers
|-heal|p1a: Ting-Lu|52/100 brn|[from] item: Leftovers
|-damage|p1a: Ting-Lu|46/100 brn|[from] brn
|upkeep
|turn|55
|
|t:|1776299848
|move|p2a: lava-cu|Volt Switch|p1a: Ting-Lu
|-immune|p1a: Ting-Lu
|move|p1a: Ting-Lu|Ruination|p2a: lava-cu
|-damage|p2a: lava-cu|18/100
|
|-heal|p2a: lava-cu|25/100|[from] item: Leftovers
|-heal|p1a: Ting-Lu|52/100 brn|[from] item: Leftovers
|-damage|p1a: Ting-Lu|46/100 brn|[from] brn
|upkeep
|turn|56
|
|t:|1776299864
|move|p2a: lava-cu|Protect|p2a: lava-cu
|-singleturn|p2a: lava-cu|Protect
|move|p1a: Ting-Lu|Earthquake|p2a: lava-cu
|-activate|p2a: lava-cu|move: Protect
|
|-heal|p2a: lava-cu|31/100|[from] item: Leftovers
|-heal|p1a: Ting-Lu|52/100 brn|[from] item: Leftovers
|-damage|p1a: Ting-Lu|46/100 brn|[from] brn
|upkeep
|turn|57
|
|t:|1776299876
|move|p2a: lava-cu|Protect|p2a: lava-cu
|-singleturn|p2a: lava-cu|Protect
|move|p1a: Ting-Lu|Stealth Rock||[still]
|-fail|p1a: Ting-Lu
|
|-heal|p2a: lava-cu|37/100|[from] item: Leftovers
|-heal|p1a: Ting-Lu|52/100 brn|[from] item: Leftovers
|-damage|p1a: Ting-Lu|46/100 brn|[from] brn
|upkeep
|turn|58
|
|t:|1776299890
|move|p2a: lava-cu|Volt Switch|p1a: Ting-Lu
|-immune|p1a: Ting-Lu
|move|p1a: Ting-Lu|Earthquake|p2a: lava-cu
|-immune|p2a: lava-cu|[from] ability: Levitate
|
|-heal|p2a: lava-cu|43/100|[from] item: Leftovers
|-heal|p1a: Ting-Lu|52/100 brn|[from] item: Leftovers
|-damage|p1a: Ting-Lu|46/100 brn|[from] brn
|upkeep
|turn|59
|
|t:|1776299902
|move|p2a: lava-cu|Volt Switch|p1a: Ting-Lu
|-immune|p1a: Ting-Lu
|move|p1a: Ting-Lu|Earthquake|p2a: lava-cu
|-immune|p2a: lava-cu|[from] ability: Levitate
|
|-heal|p2a: lava-cu|50/100|[from] item: Leftovers
|-heal|p1a: Ting-Lu|52/100 brn|[from] item: Leftovers
|-damage|p1a: Ting-Lu|46/100 brn|[from] brn
|upkeep
|turn|60
|
|t:|1776299912
|move|p2a: lava-cu|Volt Switch|p1a: Ting-Lu
|-immune|p1a: Ting-Lu
|move|p1a: Ting-Lu|Stealth Rock||[still]
|-fail|p1a: Ting-Lu
|
|-heal|p2a: lava-cu|56/100|[from] item: Leftovers
|-heal|p1a: Ting-Lu|52/100 brn|[from] item: Leftovers
|-damage|p1a: Ting-Lu|46/100 brn|[from] brn
|upkeep
|turn|61
|inactive|AllGamesTupra123 has 270 seconds left.
|
|t:|1776299922
|move|p2a: lava-cu|Volt Switch|p1a: Ting-Lu
|-immune|p1a: Ting-Lu
|move|p1a: Ting-Lu|Stealth Rock||[still]
|-fail|p1a: Ting-Lu
|
|-heal|p2a: lava-cu|62/100|[from] item: Leftovers
|-heal|p1a: Ting-Lu|52/100 brn|[from] item: Leftovers
|-damage|p1a: Ting-Lu|46/100 brn|[from] brn
|upkeep
|turn|62
|
|t:|1776299932
|move|p2a: lava-cu|Volt Switch|p1a: Ting-Lu
|-immune|p1a: Ting-Lu
|move|p1a: Ting-Lu|Stealth Rock||[still]
|-fail|p1a: Ting-Lu
|
|-heal|p2a: lava-cu|68/100|[from] item: Leftovers
|-heal|p1a: Ting-Lu|52/100 brn|[from] item: Leftovers
|-damage|p1a: Ting-Lu|46/100 brn|[from] brn
|upkeep
|turn|63
|
|t:|1776299944
|move|p2a: lava-cu|Volt Switch|p1a: Ting-Lu
|-immune|p1a: Ting-Lu
|move|p1a: Ting-Lu|Stealth Rock||[still]
|-fail|p1a: Ting-Lu
|
|-heal|p2a: lava-cu|75/100|[from] item: Leftovers
|-heal|p1a: Ting-Lu|52/100 brn|[from] item: Leftovers
|-damage|p1a: Ting-Lu|46/100 brn|[from] brn
|upkeep
|turn|64
|
|t:|1776299953
|move|p2a: lava-cu|Will-O-Wisp|p1a: Ting-Lu
|-fail|p1a: Ting-Lu|brn
|move|p1a: Ting-Lu|Stealth Rock||[still]
|-fail|p1a: Ting-Lu
|
|-heal|p2a: lava-cu|81/100|[from] item: Leftovers
|-heal|p1a: Ting-Lu|52/100 brn|[from] item: Leftovers
|-damage|p1a: Ting-Lu|46/100 brn|[from] brn
|upkeep
|turn|65
|
|t:|1776299962
|move|p2a: lava-cu|Will-O-Wisp|p1a: Ting-Lu
|-fail|p1a: Ting-Lu|brn
|move|p1a: Ting-Lu|Stealth Rock||[still]
|-fail|p1a: Ting-Lu
|
|-heal|p2a: lava-cu|87/100|[from] item: Leftovers
|-heal|p1a: Ting-Lu|52/100 brn|[from] item: Leftovers
|-damage|p1a: Ting-Lu|46/100 brn|[from] brn
|upkeep
|turn|66
|
|t:|1776299973
|move|p2a: lava-cu|Will-O-Wisp|p1a: Ting-Lu
|-fail|p1a: Ting-Lu|brn
|move|p1a: Ting-Lu|Stealth Rock||[still]
|-fail|p1a: Ting-Lu
|
|-heal|p2a: lava-cu|93/100|[from] item: Leftovers
|-heal|p1a: Ting-Lu|52/100 brn|[from] item: Leftovers
|-damage|p1a: Ting-Lu|46/100 brn|[from] brn
|upkeep
|turn|67
|
|t:|1776299984
|move|p2a: lava-cu|Will-O-Wisp|p1a: Ting-Lu|[miss]
|-miss|p2a: lava-cu|p1a: Ting-Lu
|move|p1a: Ting-Lu|Stealth Rock||[still]
|-fail|p1a: Ting-Lu
|
|-heal|p2a: lava-cu|99/100|[from] item: Leftovers
|-heal|p1a: Ting-Lu|52/100 brn|[from] item: Leftovers
|-damage|p1a: Ting-Lu|46/100 brn|[from] brn
|upkeep
|turn|68
|c|☆Elinge12|67
|
|t:|1776299996
|move|p2a: lava-cu|Will-O-Wisp|p1a: Ting-Lu
|-fail|p1a: Ting-Lu|brn
|move|p1a: Ting-Lu|Stealth Rock||[still]
|-fail|p1a: Ting-Lu
|
|-heal|p2a: lava-cu|100/100|[from] item: Leftovers
|-heal|p1a: Ting-Lu|52/100 brn|[from] item: Leftovers
|-damage|p1a: Ting-Lu|46/100 brn|[from] brn
|upkeep
|turn|69
|
|t:|1776300005
|move|p2a: lava-cu|Volt Switch|p1a: Ting-Lu
|-immune|p1a: Ting-Lu
|move|p1a: Ting-Lu|Stealth Rock||[still]
|-fail|p1a: Ting-Lu
|
|-heal|p1a: Ting-Lu|52/100 brn|[from] item: Leftovers
|-damage|p1a: Ting-Lu|46/100 brn|[from] brn
|upkeep
|turn|70
|
|t:|1776300015
|move|p2a: lava-cu|Will-O-Wisp|p1a: Ting-Lu
|-fail|p1a: Ting-Lu|brn
|move|p1a: Ting-Lu|Stealth Rock||[still]
|-fail|p1a: Ting-Lu
|
|-heal|p1a: Ting-Lu|52/100 brn|[from] item: Leftovers
|-damage|p1a: Ting-Lu|46/100 brn|[from] brn
|upkeep
|turn|71
|
|t:|1776300025
|move|p2a: lava-cu|Will-O-Wisp|p1a: Ting-Lu|[miss]
|-miss|p2a: lava-cu|p1a: Ting-Lu
|move|p1a: Ting-Lu|Stealth Rock||[still]
|-fail|p1a: Ting-Lu
|
|-heal|p1a: Ting-Lu|52/100 brn|[from] item: Leftovers
|-damage|p1a: Ting-Lu|46/100 brn|[from] brn
|upkeep
|turn|72
|
|t:|1776300036
|move|p2a: lava-cu|Will-O-Wisp|p1a: Ting-Lu
|-fail|p1a: Ting-Lu|brn
|move|p1a: Ting-Lu|Stealth Rock||[still]
|-fail|p1a: Ting-Lu
|
|-heal|p1a: Ting-Lu|52/100 brn|[from] item: Leftovers
|-damage|p1a: Ting-Lu|46/100 brn|[from] brn
|upkeep
|turn|73
|
|t:|1776300048
|move|p2a: lava-cu|Will-O-Wisp|p1a: Ting-Lu
|-fail|p1a: Ting-Lu|brn
|move|p1a: Ting-Lu|Stealth Rock||[still]
|-fail|p1a: Ting-Lu
|
|-heal|p1a: Ting-Lu|52/100 brn|[from] item: Leftovers
|-damage|p1a: Ting-Lu|46/100 brn|[from] brn
|upkeep
|turn|74
|
|t:|1776300058
|move|p2a: lava-cu|Will-O-Wisp|p1a: Ting-Lu
|-fail|p1a: Ting-Lu|brn
|move|p1a: Ting-Lu|Stealth Rock||[still]
|-fail|p1a: Ting-Lu
|
|-heal|p1a: Ting-Lu|52/100 brn|[from] item: Leftovers
|-damage|p1a: Ting-Lu|46/100 brn|[from] brn
|upkeep
|turn|75
|
|t:|1776300069
|move|p2a: lava-cu|Will-O-Wisp|p1a: Ting-Lu
|-fail|p1a: Ting-Lu|brn
|move|p1a: Ting-Lu|Stealth Rock||[still]
|-fail|p1a: Ting-Lu
|
|-heal|p1a: Ting-Lu|52/100 brn|[from] item: Leftovers
|-damage|p1a: Ting-Lu|46/100 brn|[from] brn
|upkeep
|turn|76
|
|t:|1776300079
|move|p2a: lava-cu|Will-O-Wisp|p1a: Ting-Lu
|-fail|p1a: Ting-Lu|brn
|move|p1a: Ting-Lu|Stealth Rock||[still]
|-fail|p1a: Ting-Lu
|
|-heal|p1a: Ting-Lu|52/100 brn|[from] item: Leftovers
|-damage|p1a: Ting-Lu|46/100 brn|[from] brn
|upkeep
|turn|77
|
|t:|1776300088
|move|p2a: lava-cu|Will-O-Wisp|p1a: Ting-Lu
|-fail|p1a: Ting-Lu|brn
|move|p1a: Ting-Lu|Stealth Rock||[still]
|-fail|p1a: Ting-Lu
|
|-heal|p1a: Ting-Lu|52/100 brn|[from] item: Leftovers
|-damage|p1a: Ting-Lu|46/100 brn|[from] brn
|upkeep
|turn|78
|
|t:|1776300099
|move|p2a: lava-cu|Will-O-Wisp|p1a: Ting-Lu
|-fail|p1a: Ting-Lu|brn
|move|p1a: Ting-Lu|Stealth Rock||[still]
|-fail|p1a: Ting-Lu
|
|-heal|p1a: Ting-Lu|52/100 brn|[from] item: Leftovers
|-damage|p1a: Ting-Lu|46/100 brn|[from] brn
|upkeep
|turn|79
|
|t:|1776300113
|move|p2a: lava-cu|Will-O-Wisp|p1a: Ting-Lu
|-fail|p1a: Ting-Lu|brn
|move|p1a: Ting-Lu|Stealth Rock||[still]
|-fail|p1a: Ting-Lu
|
|-heal|p1a: Ting-Lu|52/100 brn|[from] item: Leftovers
|-damage|p1a: Ting-Lu|46/100 brn|[from] brn
|upkeep
|turn|80
|
|t:|1776300122
|move|p2a: lava-cu|Volt Switch|p1a: Ting-Lu
|-immune|p1a: Ting-Lu
|move|p1a: Ting-Lu|Stealth Rock||[still]
|-fail|p1a: Ting-Lu
|
|-heal|p1a: Ting-Lu|52/100 brn|[from] item: Leftovers
|-damage|p1a: Ting-Lu|46/100 brn|[from] brn
|upkeep
|turn|81
|
|t:|1776300135
|move|p2a: lava-cu|Volt Switch|p1a: Ting-Lu
|-immune|p1a: Ting-Lu
|move|p1a: Ting-Lu|Stealth Rock||[still]
|-fail|p1a: Ting-Lu
|
|-heal|p1a: Ting-Lu|52/100 brn|[from] item: Leftovers
|-damage|p1a: Ting-Lu|46/100 brn|[from] brn
|upkeep
|turn|82
|
|t:|1776300144
|move|p2a: lava-cu|Will-O-Wisp|p1a: Ting-Lu
|-fail|p1a: Ting-Lu|brn
|move|p1a: Ting-Lu|Stealth Rock||[still]
|-fail|p1a: Ting-Lu
|
|-heal|p1a: Ting-Lu|52/100 brn|[from] item: Leftovers
|-damage|p1a: Ting-Lu|46/100 brn|[from] brn
|upkeep
|turn|83
|
|t:|1776300153
|move|p2a: lava-cu|Will-O-Wisp|p1a: Ting-Lu
|-fail|p1a: Ting-Lu|brn
|move|p1a: Ting-Lu|Stealth Rock||[still]
|-fail|p1a: Ting-Lu
|
|-heal|p1a: Ting-Lu|52/100 brn|[from] item: Leftovers
|-damage|p1a: Ting-Lu|46/100 brn|[from] brn
|upkeep
|turn|84
|
|t:|1776300163
|move|p2a: lava-cu|Will-O-Wisp|p1a: Ting-Lu
|-fail|p1a: Ting-Lu|brn
|move|p1a: Ting-Lu|Stealth Rock||[still]
|-fail|p1a: Ting-Lu
|
|-heal|p1a: Ting-Lu|52/100 brn|[from] item: Leftovers
|-damage|p1a: Ting-Lu|46/100 brn|[from] brn
|upkeep
|turn|85
|
|t:|1776300172
|move|p2a: lava-cu|Volt Switch|p1a: Ting-Lu
|-immune|p1a: Ting-Lu
|move|p1a: Ting-Lu|Stealth Rock||[still]
|-fail|p1a: Ting-Lu
|
|-heal|p1a: Ting-Lu|52/100 brn|[from] item: Leftovers
|-damage|p1a: Ting-Lu|46/100 brn|[from] brn
|upkeep
|turn|86
|
|t:|1776300187
|move|p2a: lava-cu|Volt Switch|p1a: Ting-Lu
|-immune|p1a: Ting-Lu
|move|p1a: Ting-Lu|Whirlwind||[still]
|-fail|p1a: Ting-Lu
|
|-heal|p1a: Ting-Lu|52/100 brn|[from] item: Leftovers
|-damage|p1a: Ting-Lu|46/100 brn|[from] brn
|upkeep
|turn|87
|
|t:|1776300196
|move|p2a: lava-cu|Volt Switch|p1a: Ting-Lu
|-immune|p1a: Ting-Lu
|move|p1a: Ting-Lu|Whirlwind||[still]
|-fail|p1a: Ting-Lu
|
|-heal|p1a: Ting-Lu|52/100 brn|[from] item: Leftovers
|-damage|p1a: Ting-Lu|46/100 brn|[from] brn
|upkeep
|turn|88
|
|t:|1776300207
|move|p2a: lava-cu|Volt Switch|p1a: Ting-Lu
|-immune|p1a: Ting-Lu
|move|p1a: Ting-Lu|Whirlwind||[still]
|-fail|p1a: Ting-Lu
|
|-heal|p1a: Ting-Lu|52/100 brn|[from] item: Leftovers
|-damage|p1a: Ting-Lu|46/100 brn|[from] brn
|upkeep
|turn|89
|
|t:|1776300216
|move|p2a: lava-cu|Volt Switch|p1a: Ting-Lu
|-immune|p1a: Ting-Lu
|move|p1a: Ting-Lu|Whirlwind||[still]
|-fail|p1a: Ting-Lu
|
|-heal|p1a: Ting-Lu|52/100 brn|[from] item: Leftovers
|-damage|p1a: Ting-Lu|46/100 brn|[from] brn
|upkeep
|turn|90
|
|t:|1776300225
|move|p2a: lava-cu|Volt Switch|p1a: Ting-Lu
|-immune|p1a: Ting-Lu
|move|p1a: Ting-Lu|Whirlwind||[still]
|-fail|p1a: Ting-Lu
|
|-heal|p1a: Ting-Lu|52/100 brn|[from] item: Leftovers
|-damage|p1a: Ting-Lu|46/100 brn|[from] brn
|upkeep
|turn|91
|
|t:|1776300234
|move|p2a: lava-cu|Volt Switch|p1a: Ting-Lu
|-immune|p1a: Ting-Lu
|move|p1a: Ting-Lu|Whirlwind||[still]
|-fail|p1a: Ting-Lu
|
|-heal|p1a: Ting-Lu|52/100 brn|[from] item: Leftovers
|-damage|p1a: Ting-Lu|46/100 brn|[from] brn
|upkeep
|turn|92
|
|t:|1776300250
|move|p2a: lava-cu|Volt Switch|p1a: Ting-Lu
|-immune|p1a: Ting-Lu
|move|p1a: Ting-Lu|Whirlwind||[still]
|-fail|p1a: Ting-Lu
|
|-heal|p1a: Ting-Lu|52/100 brn|[from] item: Leftovers
|-damage|p1a: Ting-Lu|46/100 brn|[from] brn
|upkeep
|turn|93
|
|t:|1776300260
|move|p2a: lava-cu|Protect|p2a: lava-cu
|-singleturn|p2a: lava-cu|Protect
|move|p1a: Ting-Lu|Whirlwind||[still]
|-fail|p1a: Ting-Lu
|
|-heal|p1a: Ting-Lu|52/100 brn|[from] item: Leftovers
|-damage|p1a: Ting-Lu|46/100 brn|[from] brn
|upkeep
|turn|94
|
|t:|1776300268
|move|p2a: lava-cu|Protect|p2a: lava-cu
|-singleturn|p2a: lava-cu|Protect
|move|p1a: Ting-Lu|Whirlwind||[still]
|-fail|p1a: Ting-Lu
|
|-heal|p1a: Ting-Lu|52/100 brn|[from] item: Leftovers
|-damage|p1a: Ting-Lu|46/100 brn|[from] brn
|upkeep
|turn|95
|
|t:|1776300276
|move|p2a: lava-cu|Protect||[still]
|-fail|p2a: lava-cu
|move|p1a: Ting-Lu|Whirlwind||[still]
|-fail|p1a: Ting-Lu
|
|-heal|p1a: Ting-Lu|52/100 brn|[from] item: Leftovers
|-damage|p1a: Ting-Lu|46/100 brn|[from] brn
|upkeep
|turn|96
|
|t:|1776300283
|move|p2a: lava-cu|Protect|p2a: lava-cu
|-singleturn|p2a: lava-cu|Protect
|move|p1a: Ting-Lu|Whirlwind||[still]
|-fail|p1a: Ting-Lu
|
|-heal|p1a: Ting-Lu|52/100 brn|[from] item: Leftovers
|-damage|p1a: Ting-Lu|46/100 brn|[from] brn
|upkeep
|turn|97
|
|t:|1776300292
|move|p2a: lava-cu|Protect|p2a: lava-cu
|-singleturn|p2a: lava-cu|Protect
|move|p1a: Ting-Lu|Whirlwind||[still]
|-fail|p1a: Ting-Lu
|
|-heal|p1a: Ting-Lu|52/100 brn|[from] item: Leftovers
|-damage|p1a: Ting-Lu|46/100 brn|[from] brn
|upkeep
|turn|98
|c|☆Elinge12|le ultimo protect
|
|t:|1776300300
|-activate|p2a: lava-cu|move: Struggle
|move|p2a: lava-cu|Struggle|p1a: Ting-Lu
|-damage|p1a: Ting-Lu|43/100 brn
|-damage|p2a: lava-cu|75/100|[from] recoil
|move|p1a: Ting-Lu|Whirlwind||[still]
|-fail|p1a: Ting-Lu
|
|-heal|p2a: lava-cu|82/100|[from] item: Leftovers
|-heal|p1a: Ting-Lu|49/100 brn|[from] item: Leftovers
|-damage|p1a: Ting-Lu|43/100 brn|[from] brn
|upkeep
|turn|99
|
|t:|1776300320
|-activate|p2a: lava-cu|move: Struggle
|move|p2a: lava-cu|Struggle|p1a: Ting-Lu
|-damage|p1a: Ting-Lu|39/100 brn
|-damage|p2a: lava-cu|57/100|[from] recoil
|move|p1a: Ting-Lu|Ruination|p2a: lava-cu
|-damage|p2a: lava-cu|29/100
|
|-heal|p2a: lava-cu|35/100|[from] item: Leftovers
|-heal|p1a: Ting-Lu|45/100 brn|[from] item: Leftovers
|-damage|p1a: Ting-Lu|39/100 brn|[from] brn
|upkeep
|turn|100
|
|t:|1776300331
|-activate|p2a: lava-cu|move: Struggle
|move|p2a: lava-cu|Struggle|p1a: Ting-Lu
|-damage|p1a: Ting-Lu|36/100 brn
|-damage|p2a: lava-cu|10/100|[from] recoil
|move|p1a: Ting-Lu|Whirlwind||[still]
|-fail|p1a: Ting-Lu
|
|-heal|p2a: lava-cu|16/100|[from] item: Leftovers
|-heal|p1a: Ting-Lu|42/100 brn|[from] item: Leftovers
|-damage|p1a: Ting-Lu|36/100 brn|[from] brn
|upkeep
|turn|101
|
|t:|1776300345
|-activate|p2a: lava-cu|move: Struggle
|move|p2a: lava-cu|Struggle|p1a: Ting-Lu
|-damage|p1a: Ting-Lu|33/100 brn
|-damage|p2a: lava-cu|0 fnt|[from] recoil
|faint|p2a: lava-cu
|
|win|AllGamesTupra123
