|html|<div class="broadcast-blue"><strong>[Gen 9] OU is currently suspecting Tera Blast! For information on how to participate check out the <a href="https://www.smogon.com/tools/suspects/view/200">suspect thread</a>.</strong></div>
|j|☆felixthinking
|j|☆ZarrHaka
|t:|1776083353
|gametype|singles
|player|p1|felixthinking|drayden|1166
|player|p2|ZarrHaka|pokemaniac|1167
|gen|9
|tier|[Gen 9] OU
|rated|
|rule|HP Percentage Mod: HP is shown in percentages
|rule|Endless Battle Clause: Forcing endless battles is banned
|rule|Species Clause: Limit one of each Pokémon
|rule|OHKO Clause: OHKO moves are banned
|rule|Evasion Items Clause: Evasion items are banned
|rule|Evasion Moves Clause: Evasion moves are banned
|rule|Evasion Abilities Clause: Evasion abilities are banned
|rule|Sleep Moves Clause: Sleep-inducing moves are banned
|clearpoke
|poke|p1|Kyurem|
|poke|p1|Great Tusk|
|poke|p1|Hatterene, F|
|poke|p1|Dragonite, M|
|poke|p1|Gholdengo|
|poke|p1|Kingambit, M|
|poke|p2|Iron Crown|
|poke|p2|Meowscarada, M|
|poke|p2|Lycanroc-Midnight, F|
|poke|p2|Talonflame, F|
|poke|p2|Dragapult, F|
|poke|p2|Polteageist-Antique|
|teampreview
|
|t:|1776083393
|teamsize|p1|6
|teamsize|p2|6
|start
|switch|p1a: Hearts2Hearts|Great Tusk, shiny|100/100
|switch|p2a: Lycanroc|Lycanroc-Midnight, F, shiny|100/100
|turn|1
|
|t:|1776083402
|move|p1a: Hearts2Hearts|Close Combat|p2a: Lycanroc
|-supereffective|p2a: Lycanroc
|-damage|p2a: Lycanroc|7/100
|-unboost|p1a: Hearts2Hearts|def|1
|-unboost|p1a: Hearts2Hearts|spd|1
|move|p2a: Lycanroc|Counter|p1a: Hearts2Hearts
|-damage|p1a: Hearts2Hearts|0 fnt
|faint|p1a: Hearts2Hearts
|-end|p1a: Hearts2Hearts|Protosynthesis|[silent]
|
|upkeep
|
|t:|1776083414
|switch|p1a: NMIXX|Dragonite, M, shiny|100/100
|turn|2
|
|t:|1776083420
|switch|p2a: Dragapult|Dragapult, F|100/100
|move|p1a: NMIXX|Extreme Speed|p2a: Dragapult
|-immune|p2a: Dragapult
|
|upkeep
|turn|3
|
|t:|1776083428
|move|p2a: Dragapult|Dragon Darts|p1a: NMIXX
|-supereffective|p1a: NMIXX
|-damage|p1a: NMIXX|80/100
|-anim|p2a: Dragapult|Dragon Darts|p1a: NMIXX
|-supereffective|p1a: NMIXX
|-damage|p1a: NMIXX|35/100
|move|p1a: NMIXX|Dragon Dance|p1a: NMIXX
|-boost|p1a: NMIXX|atk|1
|-boost|p1a: NMIXX|spe|1
|-enditem|p2a: Dragapult|Mirror Herb
|-boost|p2a: Dragapult|atk|1|[from] item: Mirror Herb
|-boost|p2a: Dragapult|spe|1|[from] item: Mirror Herb
|
|upkeep
|turn|4
|
|t:|1776083440
|move|p2a: Dragapult|Shadow Ball|p1a: NMIXX
|-crit|p1a: NMIXX
|-damage|p1a: NMIXX|0 fnt
|faint|p1a: NMIXX
|
|upkeep
|
|t:|1776083451
|switch|p1a: KiiiKiii|Kyurem, shiny|100/100
|-ability|p1a: KiiiKiii|Pressure
|turn|5
|
|t:|1776083464
|-terastallize|p2a: Dragapult|Steel
|move|p2a: Dragapult|Dragon Darts|p1a: KiiiKiii
|-supereffective|p1a: KiiiKiii
|-damage|p1a: KiiiKiii|48/100
|-anim|p2a: Dragapult|Dragon Darts|p1a: KiiiKiii
|-supereffective|p1a: KiiiKiii
|-damage|p1a: KiiiKiii|0 fnt
|faint|p1a: KiiiKiii
|
|upkeep
|
|t:|1776083473
|switch|p1a: LOOΠ∆|Gholdengo|100/100
|-item|p1a: LOOΠ∆|Air Balloon
|turn|6
|
|t:|1776083485
|switch|p2a: Lycanroc|Lycanroc-Midnight, F, shiny|7/100
|move|p1a: LOOΠ∆|Thunder Wave|p2a: Lycanroc
|-status|p2a: Lycanroc|par
|
|upkeep
|turn|7
|
|t:|1776083496
|move|p1a: LOOΠ∆|Make It Rain|p2a: Lycanroc
|-supereffective|p2a: Lycanroc
|-enditem|p2a: Lycanroc|Babiri Berry|[eat]
|-enditem|p2a: Lycanroc|Babiri Berry|[weaken]
|-damage|p2a: Lycanroc|0 fnt
|-unboost|p1a: LOOΠ∆|spa|1
|faint|p2a: Lycanroc
|
|upkeep
|
|t:|1776083499
|switch|p2a: Polteageist|Polteageist-Antique|100/100
|turn|8
|
|t:|1776083517
|move|p1a: LOOΠ∆|Thunder Wave|p2a: Polteageist
|-status|p2a: Polteageist|par
|move|p2a: Polteageist|Shadow Ball|p1a: LOOΠ∆
|-supereffective|p1a: LOOΠ∆
|-damage|p1a: LOOΠ∆|9/100
|-unboost|p1a: LOOΠ∆|spd|1
|-enditem|p1a: LOOΠ∆|Air Balloon
|
|upkeep
|turn|9
|
|t:|1776083532
|move|p1a: LOOΠ∆|Hex|p2a: Polteageist
|-supereffective|p2a: Polteageist
|-damage|p2a: Polteageist|34/100 par
|-start|p1a: LOOΠ∆|Disable|Hex|[from] ability: Cursed Body|[of] p2a: Polteageist
|cant|p2a: Polteageist|par
|
|upkeep
|turn|10
|
|t:|1776083540
|move|p1a: LOOΠ∆|Make It Rain|p2a: Polteageist
|-damage|p2a: Polteageist|2/100 par
|-unboost|p1a: LOOΠ∆|spa|1
|move|p2a: Polteageist|Strength Sap|p1a: LOOΠ∆
|-immune|p1a: LOOΠ∆|[from] ability: Good as Gold
|
|upkeep
|turn|11
|
|t:|1776083553
|move|p1a: LOOΠ∆|Recover|p1a: LOOΠ∆
|-heal|p1a: LOOΠ∆|59/100
|cant|p2a: Polteageist|par
|
|upkeep
|turn|12
|
|t:|1776083560
|move|p1a: LOOΠ∆|Make It Rain|p2a: Polteageist
|-damage|p2a: Polteageist|0 fnt
|-unboost|p1a: LOOΠ∆|spa|1
|faint|p2a: Polteageist
|
|-end|p1a: LOOΠ∆|Disable
|upkeep
|
|t:|1776083568
|switch|p2a: Dragapult|Dragapult, F, tera:Steel|100/100
|turn|13
|
|t:|1776083572
|move|p2a: Dragapult|Shadow Ball|p1a: LOOΠ∆
|-supereffective|p1a: LOOΠ∆
|-damage|p1a: LOOΠ∆|0 fnt
|faint|p1a: LOOΠ∆
|
|upkeep
|
|t:|1776083579
|switch|p1a: TWICE|Hatterene, F|100/100
|turn|14
|
|t:|1776083587
|switch|p2a: Iron Crown|Iron Crown|100/100
|-enditem|p2a: Iron Crown|Booster Energy
|-activate|p2a: Iron Crown|ability: Quark Drive|[fromitem]
|-start|p2a: Iron Crown|quarkdrivedef
|move|p1a: TWICE|Nuzzle|p2a: Iron Crown
|-damage|p2a: Iron Crown|98/100
|-status|p2a: Iron Crown|par
|
|upkeep
|turn|15
|
|t:|1776083601
|move|p2a: Iron Crown|Tachyon Cutter|p1a: TWICE
|-supereffective|p1a: TWICE
|-damage|p1a: TWICE|78/100
|-supereffective|p1a: TWICE
|-damage|p1a: TWICE|53/100
|-hitcount|p1a: TWICE|2
|move|p1a: TWICE|Mystical Fire|p2a: Iron Crown
|-supereffective|p2a: Iron Crown
|-damage|p2a: Iron Crown|57/100 par
|-unboost|p2a: Iron Crown|spa|1
|
|upkeep
|turn|16
|
|t:|1776083615
|cant|p2a: Iron Crown|par
|move|p1a: TWICE|Mystical Fire|p2a: Iron Crown
|-supereffective|p2a: Iron Crown
|-damage|p2a: Iron Crown|13/100 par
|-unboost|p2a: Iron Crown|spa|1
|
|upkeep
|turn|17
|
|t:|1776083623
|move|p2a: Iron Crown|Tachyon Cutter|p1a: TWICE
|-supereffective|p1a: TWICE
|-damage|p1a: TWICE|41/100
|-supereffective|p1a: TWICE
|-damage|p1a: TWICE|28/100
|-hitcount|p1a: TWICE|2
|move|p1a: TWICE|Mystical Fire|p2a: Iron Crown
|-supereffective|p2a: Iron Crown
|-damage|p2a: Iron Crown|0 fnt
|faint|p2a: Iron Crown
|-end|p2a: Iron Crown|Quark Drive|[silent]
|
|upkeep
|
|t:|1776083627
|switch|p2a: Meowscarada|Meowscarada, M|100/100
|turn|18
|
|t:|1776083636
|move|p2a: Meowscarada|Knock Off|p1a: TWICE
|-start|p2a: Meowscarada|typechange|Dark|[from] ability: Protean
|-damage|p1a: TWICE|0 fnt
|-enditem|p1a: TWICE|Assault Vest|[from] move: Knock Off|[of] p2a: Meowscarada
|faint|p1a: TWICE
|
|upkeep
|
|t:|1776083647
|switch|p1a: NewJeans|Kingambit, M|100/100
|-activate|p1a: NewJeans|ability: Supreme Overlord
|-start|p1a: NewJeans|fallen5|[silent]
|turn|19
|
|t:|1776083652
|switch|p2a: Talonflame|Talonflame, F|100/100
|move|p1a: NewJeans|Swords Dance|p1a: NewJeans
|-boost|p1a: NewJeans|atk|2
|
|upkeep
|turn|20
|
|t:|1776083662
|-terastallize|p1a: NewJeans|Ghost
|move|p1a: NewJeans|Sucker Punch||[still]
|-fail|p1a: NewJeans
|move|p2a: Talonflame|Will-O-Wisp|p1a: NewJeans
|-status|p1a: NewJeans|brn
|
|-damage|p1a: NewJeans|94/100 brn|[from] brn
|upkeep
|turn|21
|
|t:|1776083677
|move|p1a: NewJeans|Sucker Punch|p2a: Talonflame
|-damage|p2a: Talonflame|30/100
|move|p2a: Talonflame|Fire Spin|p1a: NewJeans
|-damage|p1a: NewJeans|85/100 brn
|-activate|p1a: NewJeans|move: Fire Spin|[of] p2a: Talonflame
|
|-damage|p1a: NewJeans|79/100 brn|[from] brn
|-damage|p1a: NewJeans|67/100 brn|[from] move: Fire Spin|[partiallytrapped]
|upkeep
|turn|22
|
|t:|1776083683
|move|p1a: NewJeans|Sucker Punch||[still]
|-fail|p1a: NewJeans
|move|p2a: Talonflame|Defog|p1a: NewJeans
|-unboost|p1a: NewJeans|evasion|1
|
|-damage|p1a: NewJeans|61/100 brn|[from] brn
|-damage|p1a: NewJeans|48/100 brn|[from] move: Fire Spin|[partiallytrapped]
|upkeep
|turn|23
|
|t:|1776083690
|move|p1a: NewJeans|Sucker Punch|p2a: Talonflame
|-crit|p2a: Talonflame
|-damage|p2a: Talonflame|0 fnt
|faint|p2a: Talonflame
|
|-damage|p1a: NewJeans|42/100 brn|[from] brn
|-end|p1a: NewJeans|Fire Spin|[partiallytrapped]|[silent]
|upkeep
|
|t:|1776083693
|switch|p2a: Meowscarada|Meowscarada, M|100/100
|turn|24
|
|t:|1776083700
|move|p2a: Meowscarada|Trick|p1a: NewJeans
|-start|p2a: Meowscarada|typechange|Psychic|[from] ability: Protean
|-activate|p2a: Meowscarada|move: Trick|[of] p1a: NewJeans
|-item|p1a: NewJeans|Choice Band|[from] move: Trick
|-item|p2a: Meowscarada|Black Glasses|[from] move: Trick
|move|p1a: NewJeans|Low Kick|p2a: Meowscarada
|-resisted|p2a: Meowscarada
|-damage|p2a: Meowscarada|63/100
|
|-damage|p1a: NewJeans|36/100 brn|[from] brn
|upkeep
|turn|25
|
|t:|1776083713
|move|p2a: Meowscarada|Knock Off|p1a: NewJeans
|-supereffective|p1a: NewJeans
|-damage|p1a: NewJeans|0 fnt
|-enditem|p1a: NewJeans|Choice Band|[from] move: Knock Off|[of] p2a: Meowscarada
|faint|p1a: NewJeans
|-end|p1a: NewJeans|fallen5|[silent]
|
|win|ZarrHaka
|raw|felixthinking's rating: 1166 &rarr; <strong>1141</strong><br />(-25 for losing)
|raw|ZarrHaka's rating: 1167 &rarr; <strong>1192</strong><br />(+25 for winning)
|l|☆felixthinking
|player|p1|
|l|☆ZarrHaka
|player|p2|
