|html|<div class="broadcast-blue"><strong>[Gen 9] OU is currently suspecting Tera Blast! For information on how to participate check out the <a href="https://www.smogon.com/tools/suspects/view/200">suspect thread</a>.</strong></div>
|j|☆flitrxy
|j|☆SafieKaya
|t:|1776036436
|gametype|singles
|player|p1|flitrxy|veteran-gen4|1145
|player|p2|SafieKaya|clerkf|1172
|gen|9
|tier|[Gen 9] OU
|rated|
|rule|HP Percentage Mod: HP is shown in percentages
|rule|Endless Battle Clause: Forcing endless battles is banned
|rule|Species Clause: Limit one of each Pokémon
|rule|OHKO Clause: OHKO moves are banned
|rule|Evasion Items Clause: Evasion items are banned
|rule|Evasion Moves Clause: Evasion moves are banned
|rule|Evasion Abilities Clause: Evasion abilities are banned
|rule|Sleep Moves Clause: Sleep-inducing moves are banned
|clearpoke
|poke|p1|Ogerpon-Wellspring, F|
|poke|p1|Heatran, F|
|poke|p1|Corviknight, F|
|poke|p1|Dusclops, M|
|poke|p1|Sylveon, M|
|poke|p1|Krookodile, F|
|poke|p2|Alomomola, F|
|poke|p2|Hatterene, F|
|poke|p2|Great Tusk|
|poke|p2|Skeledirge, F|
|poke|p2|Salazzle, F|
|poke|p2|Meowscarada, F|
|teampreview
|
|t:|1776036455
|teamsize|p1|6
|teamsize|p2|6
|start
|switch|p1a: Krookodile|Krookodile, F, shiny|100/100
|switch|p2a: Hannibal|Great Tusk|100/100
|-ability|p1a: Krookodile|Intimidate|boost
|-unboost|p2a: Hannibal|atk|1
|turn|1
|
|t:|1776036470
|move|p1a: Krookodile|Knock Off|p2a: Hannibal
|-resisted|p2a: Hannibal
|-damage|p2a: Hannibal|79/100
|-enditem|p2a: Hannibal|Heavy-Duty Boots|[from] move: Knock Off|[of] p1a: Krookodile
|move|p2a: Hannibal|Stealth Rock|p1a: Krookodile
|-sidestart|p1: flitrxy|move: Stealth Rock
|
|upkeep
|turn|2
|
|t:|1776036495
|move|p1a: Krookodile|Knock Off|p2a: Hannibal
|-resisted|p2a: Hannibal
|-damage|p2a: Hannibal|65/100
|move|p2a: Hannibal|Close Combat|p1a: Krookodile
|-supereffective|p1a: Krookodile
|-damage|p1a: Krookodile|0 fnt
|-unboost|p2a: Hannibal|def|1
|-unboost|p2a: Hannibal|spd|1
|faint|p1a: Krookodile
|
|upkeep
|
|t:|1776036498
|switch|p1a: Corviknight|Corviknight, F, shiny|100/100
|-damage|p1a: Corviknight|88/100|[from] Stealth Rock
|turn|3
|
|t:|1776036515
|-end|p2a: Hannibal|Protosynthesis|[silent]
|switch|p2a: Jane Juliet|Skeledirge, F|100/100
|move|p1a: Corviknight|Brave Bird|p2a: Jane Juliet
|-damage|p2a: Jane Juliet|63/100
|-damage|p1a: Corviknight|75/100|[from] Recoil
|
|-heal|p2a: Jane Juliet|69/100|[from] item: Leftovers
|upkeep
|turn|4
|
|t:|1776036531
|switch|p1a: Heatran|Heatran, F, shiny|100/100
|-damage|p1a: Heatran|88/100|[from] Stealth Rock
|move|p2a: Jane Juliet|Slack Off|p2a: Jane Juliet
|-heal|p2a: Jane Juliet|100/100
|
|-heal|p1a: Heatran|94/100|[from] item: Leftovers
|upkeep
|turn|5
|
|t:|1776036539
|switch|p2a: Alololololomomola|Alomomola, F|100/100
|move|p1a: Heatran|Earth Power|p2a: Alololololomomola
|-damage|p2a: Alololololomomola|65/100
|
|-heal|p1a: Heatran|100/100|[from] item: Leftovers
|-heal|p2a: Alololololomomola|71/100|[from] item: Leftovers
|upkeep
|turn|6
|
|t:|1776036552
|switch|p1a: Dusclops|Dusclops, M, shiny|100/100
|-damage|p1a: Dusclops|88/100|[from] Stealth Rock
|-ability|p1a: Dusclops|Pressure
|move|p2a: Alololololomomola|Flip Turn|p1a: Dusclops
|-damage|p1a: Dusclops|79/100
|
|t:|1776036570
|switch|p2a: Jane Juliet|Skeledirge, F|100/100|[from] Flip Turn
|
|upkeep
|turn|7
|
|t:|1776036588
|switch|p1a: Heatran|Heatran, F, shiny|100/100
|-damage|p1a: Heatran|88/100|[from] Stealth Rock
|move|p2a: Jane Juliet|Hex|p1a: Heatran
|-damage|p1a: Heatran|63/100
|
|-heal|p1a: Heatran|69/100|[from] item: Leftovers
|upkeep
|turn|8
|
|t:|1776036602
|switch|p2a: Alololololomomola|Alomomola, F|100/100
|move|p1a: Heatran|Earth Power|p2a: Alololololomomola
|-damage|p2a: Alololololomomola|67/100
|
|-heal|p1a: Heatran|75/100|[from] item: Leftovers
|-heal|p2a: Alololololomomola|73/100|[from] item: Leftovers
|upkeep
|turn|9
|
|t:|1776036614
|switch|p1a: Sylveon|Sylveon, M, shiny|100/100
|-damage|p1a: Sylveon|88/100|[from] Stealth Rock
|move|p2a: Alololololomomola|Flip Turn|p1a: Sylveon
|-damage|p1a: Sylveon|69/100
|
|t:|1776036632
|switch|p2a: Salazzle|Salazzle, F|100/100|[from] Flip Turn
|-item|p2a: Salazzle|Air Balloon
|
|upkeep
|turn|10
|
|t:|1776036637
|switch|p1a: Heatran|Heatran, F, shiny|75/100
|-damage|p1a: Heatran|63/100|[from] Stealth Rock
|move|p2a: Salazzle|Sludge Wave|p1a: Heatran
|-immune|p1a: Heatran
|
|-heal|p1a: Heatran|69/100|[from] item: Leftovers
|upkeep
|turn|11
|
|t:|1776036647
|switch|p2a: Alololololomomola|Alomomola, F|100/100
|move|p1a: Heatran|Earth Power|p2a: Alololololomomola
|-damage|p2a: Alololololomomola|61/100
|
|-heal|p1a: Heatran|75/100|[from] item: Leftovers
|-heal|p2a: Alololololomomola|67/100|[from] item: Leftovers
|upkeep
|turn|12
|
|t:|1776036660
|switch|p1a: Ogerpon|Ogerpon-Wellspring, F|100/100
|-damage|p1a: Ogerpon|88/100|[from] Stealth Rock
|move|p2a: Alololololomomola|Flip Turn|p1a: Ogerpon
|-heal|p1a: Ogerpon|100/100|[from] ability: Water Absorb|[of] p2a: Alololololomomola
|
|-heal|p2a: Alololololomomola|73/100|[from] item: Leftovers
|upkeep
|turn|13
|
|t:|1776036685
|switch|p2a: Salazzle|Salazzle, F|100/100
|-item|p2a: Salazzle|Air Balloon
|move|p1a: Ogerpon|Ivy Cudgel|p2a: Salazzle|[anim] Ivy Cudgel Water
|-supereffective|p2a: Salazzle
|-damage|p2a: Salazzle|0 fnt
|-enditem|p2a: Salazzle|Air Balloon
|faint|p2a: Salazzle
|
|upkeep
|
|t:|1776036730
|switch|p2a: Jane Juliet|Skeledirge, F|100/100
|turn|14
|
|t:|1776036740
|-terastallize|p2a: Jane Juliet|Water
|move|p1a: Ogerpon|Ivy Cudgel|p2a: Jane Juliet|[anim] Ivy Cudgel Water
|-resisted|p2a: Jane Juliet
|-damage|p2a: Jane Juliet|76/100
|move|p2a: Jane Juliet|Will-O-Wisp|p1a: Ogerpon
|-status|p1a: Ogerpon|brn
|
|-heal|p2a: Jane Juliet|82/100|[from] item: Leftovers
|-damage|p1a: Ogerpon|95/100 brn|[from] brn
|upkeep
|turn|15
|
|t:|1776036757
|switch|p1a: Sylveon|Sylveon, M, shiny|69/100
|-damage|p1a: Sylveon|57/100|[from] Stealth Rock
|move|p2a: Jane Juliet|Hex|p1a: Sylveon
|-damage|p1a: Sylveon|40/100
|
|-heal|p2a: Jane Juliet|88/100|[from] item: Leftovers
|upkeep
|turn|16
|
|t:|1776036771
|switch|p1a: Heatran|Heatran, F, shiny|75/100
|-damage|p1a: Heatran|63/100|[from] Stealth Rock
|move|p2a: Jane Juliet|Torch Song|p1a: Heatran
|-start|p1a: Heatran|ability: Flash Fire
|
|-heal|p1a: Heatran|69/100|[from] item: Leftovers
|-heal|p2a: Jane Juliet|94/100|[from] item: Leftovers
|upkeep
|turn|17
|
|t:|1776036780
|switch|p2a: Alololololomomola|Alomomola, F|100/100
|move|p1a: Heatran|Earth Power|p2a: Alololololomomola
|-damage|p2a: Alololololomomola|62/100
|
|-heal|p1a: Heatran|75/100|[from] item: Leftovers
|-heal|p2a: Alololololomomola|69/100|[from] item: Leftovers
|upkeep
|turn|18
|
|t:|1776036803
|-end|p1a: Heatran|ability: Flash Fire|[silent]
|switch|p1a: Corviknight|Corviknight, F, shiny|75/100
|-damage|p1a: Corviknight|63/100|[from] Stealth Rock
|move|p2a: Alololololomomola|Flip Turn|p1a: Corviknight
|-damage|p1a: Corviknight|52/100
|-damage|p2a: Alololololomomola|52/100|[from] item: Rocky Helmet|[of] p1a: Corviknight
|
|t:|1776036827
|switch|p2a: Jane Juliet|Skeledirge, F, tera:Water|94/100|[from] Flip Turn
|
|-heal|p2a: Jane Juliet|99/100|[from] item: Leftovers
|upkeep
|turn|19
|
|t:|1776036836
|move|p1a: Corviknight|Defog|p2a: Jane Juliet
|-unboost|p2a: Jane Juliet|evasion|1
|-sideend|p1: flitrxy|Stealth Rock|[from] move: Defog|[of] p1a: Corviknight
|move|p2a: Jane Juliet|Torch Song|p1a: Corviknight
|-supereffective|p1a: Corviknight
|-damage|p1a: Corviknight|0 fnt
|-boost|p2a: Jane Juliet|spa|1
|faint|p1a: Corviknight
|
|-heal|p2a: Jane Juliet|100/100|[from] item: Leftovers
|upkeep
|
|t:|1776036860
|switch|p1a: Heatran|Heatran, F, shiny|75/100
|turn|20
|
|t:|1776036870
|switch|p2a: Alololololomomola|Alomomola, F|85/100
|move|p1a: Heatran|Steel Beam|p2a: Alololololomomola
|-resisted|p2a: Alololololomomola
|-damage|p2a: Alololololomomola|45/100
|-damage|p1a: Heatran|25/100|[from] steelbeam
|
|-heal|p1a: Heatran|32/100|[from] item: Leftovers
|-heal|p2a: Alololololomomola|51/100|[from] item: Leftovers
|upkeep
|turn|21
|
|t:|1776036880
|move|p1a: Heatran|Protect|p1a: Heatran
|-singleturn|p1a: Heatran|Protect
|move|p2a: Alololololomomola|Flip Turn|p1a: Heatran
|-activate|p1a: Heatran|move: Protect
|
|-heal|p1a: Heatran|38/100|[from] item: Leftovers
|-heal|p2a: Alololololomomola|57/100|[from] item: Leftovers
|upkeep
|turn|22
|
|t:|1776036887
|switch|p1a: Ogerpon|Ogerpon-Wellspring, F|95/100 brn
|move|p2a: Alololololomomola|Flip Turn|p1a: Ogerpon
|-heal|p1a: Ogerpon|100/100 brn|[from] ability: Water Absorb|[of] p2a: Alololololomomola
|
|-heal|p2a: Alololololomomola|63/100|[from] item: Leftovers
|-damage|p1a: Ogerpon|95/100 brn|[from] brn
|upkeep
|turn|23
|
|t:|1776036899
|switch|p2a: Jane Juliet|Skeledirge, F, tera:Water|100/100
|move|p1a: Ogerpon|Swords Dance|p1a: Ogerpon
|-boost|p1a: Ogerpon|atk|2
|
|-damage|p1a: Ogerpon|89/100 brn|[from] brn
|upkeep
|turn|24
|
|t:|1776036909
|-terastallize|p1a: Ogerpon|Water
|detailschange|p1a: Ogerpon|Ogerpon-Wellspring-Tera, F, tera:Water
|-ability|p1a: Ogerpon|Embody Aspect (Wellspring)|boost
|-boost|p1a: Ogerpon|spd|1
|move|p1a: Ogerpon|Knock Off|p2a: Jane Juliet
|-damage|p2a: Jane Juliet|84/100
|-enditem|p2a: Jane Juliet|Leftovers|[from] move: Knock Off|[of] p1a: Ogerpon
|move|p2a: Jane Juliet|Hex|p1a: Ogerpon
|-damage|p1a: Ogerpon|24/100 brn
|
|-damage|p1a: Ogerpon|18/100 brn|[from] brn
|upkeep
|turn|25
|
|t:|1776036930
|move|p1a: Ogerpon|Ivy Cudgel|p2a: Jane Juliet|[anim] Ivy Cudgel Water
|-resisted|p2a: Jane Juliet
|-damage|p2a: Jane Juliet|67/100
|move|p2a: Jane Juliet|Hex|p1a: Ogerpon
|-damage|p1a: Ogerpon|0 fnt
|faint|p1a: Ogerpon
|detailschange|p1: Ogerpon|Ogerpon-Wellspring, F|[silent]
|
|upkeep
|
|t:|1776036936
|switch|p1a: Heatran|Heatran, F, shiny|38/100
|turn|26
|
|t:|1776036941
|switch|p2a: Alololololomomola|Alomomola, F|97/100
|move|p1a: Heatran|Earth Power|p2a: Alololololomomola
|-damage|p2a: Alololololomomola|60/100
|
|-heal|p1a: Heatran|44/100|[from] item: Leftovers
|-heal|p2a: Alololololomomola|66/100|[from] item: Leftovers
|upkeep
|turn|27
|
|t:|1776036945
|move|p1a: Heatran|Protect|p1a: Heatran
|-singleturn|p1a: Heatran|Protect
|move|p2a: Alololololomomola|Flip Turn|p1a: Heatran
|-activate|p1a: Heatran|move: Protect
|
|-heal|p1a: Heatran|50/100|[from] item: Leftovers
|-heal|p2a: Alololololomomola|73/100|[from] item: Leftovers
|upkeep
|turn|28
|
|t:|1776036949
|move|p1a: Heatran|Steel Beam|p2a: Alololololomomola
|-resisted|p2a: Alololololomomola
|-damage|p2a: Alololololomomola|29/100
|-damage|p1a: Heatran|0 fnt|[from] steelbeam
|faint|p1a: Heatran
|move|p2a: Alololololomomola|Flip Turn|p1: Heatran|[notarget]
|-fail|p2a: Alololololomomola
|
|-heal|p2a: Alololololomomola|35/100|[from] item: Leftovers
|upkeep
|
|t:|1776036953
|switch|p1a: Sylveon|Sylveon, M, shiny|40/100
|turn|29
|
|t:|1776036968
|move|p2a: Alololololomomola|Flip Turn|p1a: Sylveon
|-damage|p1a: Sylveon|23/100
|
|t:|1776036981
|switch|p2a: Yuri|Hatterene, F|100/100|[from] Flip Turn
|move|p1a: Sylveon|Wish|p1a: Sylveon
|
|upkeep
|turn|30
|
|t:|1776036989
|move|p1a: Sylveon|Hyper Beam|p2a: Yuri
|-damage|p2a: Yuri|14/100
|-mustrecharge|p1a: Sylveon
|move|p2a: Yuri|Calm Mind|p2a: Yuri
|-boost|p2a: Yuri|spa|1
|-boost|p2a: Yuri|spd|1
|
|-heal|p1a: Sylveon|73/100|[from] move: Wish|[wisher] Sylveon
|-heal|p2a: Yuri|20/100|[from] item: Leftovers
|upkeep
|turn|31
|
|t:|1776037000
|cant|p1a: Sylveon|recharge
|move|p2a: Yuri|Draining Kiss|p1a: Sylveon
|-damage|p1a: Sylveon|45/100
|-heal|p2a: Yuri|43/100|[from] drain|[of] p1a: Sylveon
|
|-heal|p2a: Yuri|49/100|[from] item: Leftovers
|upkeep
|turn|32
|
|t:|1776037011
|move|p1a: Sylveon|Calm Mind|p1a: Sylveon
|-boost|p1a: Sylveon|spa|1
|-boost|p1a: Sylveon|spd|1
|move|p2a: Yuri|Draining Kiss|p1a: Sylveon
|-damage|p1a: Sylveon|26/100
|-heal|p2a: Yuri|66/100|[from] drain|[of] p1a: Sylveon
|
|-heal|p2a: Yuri|72/100|[from] item: Leftovers
|upkeep
|turn|33
|
|t:|1776037014
|move|p1a: Sylveon|Wish|p1a: Sylveon
|move|p2a: Yuri|Mystical Fire|p1a: Sylveon
|-damage|p1a: Sylveon|6/100
|-unboost|p1a: Sylveon|spa|1
|
|-heal|p2a: Yuri|78/100|[from] item: Leftovers
|upkeep
|turn|34
|
|t:|1776037022
|move|p1a: Sylveon|Hyper Beam|p2a: Yuri|[miss]
|-miss|p1a: Sylveon|p2a: Yuri
|move|p2a: Yuri|Mystical Fire|p1a: Sylveon
|-damage|p1a: Sylveon|0 fnt
|faint|p1a: Sylveon
|
|-heal|p2a: Yuri|84/100|[from] item: Leftovers
|upkeep
|
|t:|1776037028
|switch|p1a: Dusclops|Dusclops, M, shiny|79/100
|-ability|p1a: Dusclops|Pressure
|turn|35
|
|t:|1776037033
|move|p2a: Yuri|Draining Kiss|p1a: Dusclops
|-damage|p1a: Dusclops|56/100
|-heal|p2a: Yuri|99/100|[from] drain|[of] p1a: Dusclops
|move|p1a: Dusclops|Hex|p2a: Yuri
|-supereffective|p2a: Yuri
|-damage|p2a: Yuri|77/100
|
|-heal|p2a: Yuri|83/100|[from] item: Leftovers
|upkeep
|turn|36
|
|t:|1776037041
|move|p2a: Yuri|Draining Kiss|p1a: Dusclops
|-damage|p1a: Dusclops|33/100
|-heal|p2a: Yuri|98/100|[from] drain|[of] p1a: Dusclops
|move|p1a: Dusclops|Haze|p1a: Dusclops
|-clearallboost
|
|-heal|p2a: Yuri|100/100|[from] item: Leftovers
|upkeep
|turn|37
|
|t:|1776037054
|move|p2a: Yuri|Psychic|p1a: Dusclops
|-damage|p1a: Dusclops|4/100
|move|p1a: Dusclops|Pain Split|p2a: Yuri
|-sethp|p2a: Yuri|52/100|[from] move: Pain Split|[silent]
|-sethp|p1a: Dusclops|58/100|[from] move: Pain Split
|
|-heal|p2a: Yuri|58/100|[from] item: Leftovers
|upkeep
|turn|38
|
|t:|1776037067
|move|p2a: Yuri|Psychic|p1a: Dusclops
|-crit|p1a: Dusclops
|-damage|p1a: Dusclops|18/100
|move|p1a: Dusclops|Hex|p2a: Yuri
|-supereffective|p2a: Yuri
|-damage|p2a: Yuri|20/100
|
|-heal|p2a: Yuri|26/100|[from] item: Leftovers
|upkeep
|turn|39
|
|t:|1776037072
|move|p2a: Yuri|Psychic|p1a: Dusclops
|-damage|p1a: Dusclops|0 fnt
|faint|p1a: Dusclops
|
|win|SafieKaya
|raw|flitrxy's rating: 1145 &rarr; <strong>1122</strong><br />(-23 for losing)
|raw|SafieKaya's rating: 1172 &rarr; <strong>1195</strong><br />(+23 for winning)
