|html|<div class="broadcast-blue"><strong>[Gen 9] OU is currently suspecting Tera Blast! For information on how to participate check out the <a href="https://www.smogon.com/tools/suspects/view/200">suspect thread</a>.</strong></div>
|j|☆p8tience
|j|☆Coriolis fell down
|t:|1776076159
|gametype|singles
|player|p1|p8tience|li|1353
|player|p2|Coriolis fell down|101|1289
|gen|9
|tier|[Gen 9] OU
|rated|
|rule|HP Percentage Mod: HP is shown in percentages
|rule|Endless Battle Clause: Forcing endless battles is banned
|rule|Species Clause: Limit one of each Pokémon
|rule|OHKO Clause: OHKO moves are banned
|rule|Evasion Items Clause: Evasion items are banned
|rule|Evasion Moves Clause: Evasion moves are banned
|rule|Evasion Abilities Clause: Evasion abilities are banned
|rule|Sleep Moves Clause: Sleep-inducing moves are banned
|clearpoke
|poke|p1|Hydrapple, M|
|poke|p1|Tyranitar, F|
|poke|p1|Moltres|
|poke|p1|Zamazenta-*|
|poke|p1|Slowking-Galar, F|
|poke|p1|Excadrill, F|
|poke|p2|Dragapult, F|
|poke|p2|Alomomola, F|
|poke|p2|Ting-Lu|
|poke|p2|Kyurem|
|poke|p2|Weezing-Galar, F|
|poke|p2|Corviknight, F|
|teampreview
|inactive|Battle timer is ON: inactive players will automatically lose when time's up. (requested by Coriolis fell down)
|
|t:|1776076170
|teamsize|p1|6
|teamsize|p2|6
|start
|switch|p1a: Tyranitar|Tyranitar, F|100/100
|switch|p2a: Moody Blues|Dragapult, F|100/100
|-weather|Sandstorm|[from] ability: Sand Stream|[of] p1a: Tyranitar
|turn|1
|inactive|p8tience has 120 seconds left.
|
|t:|1776076205
|move|p2a: Moody Blues|U-turn|p1a: Tyranitar
|-supereffective|p1a: Tyranitar
|-damage|p1a: Tyranitar|49/100
|
|t:|1776076209
|switch|p2a: Weezing|Weezing-Galar, F|100/100|[from] U-turn
|-ability|p2a: Weezing|Neutralizing Gas
|move|p1a: Tyranitar|Knock Off|p2a: Weezing
|-resisted|p2a: Weezing
|-damage|p2a: Weezing|84/100
|-enditem|p2a: Weezing|Leftovers|[from] move: Knock Off|[of] p1a: Tyranitar
|
|-weather|Sandstorm|[upkeep]
|-damage|p2a: Weezing|78/100|[from] Sandstorm
|upkeep
|turn|2
|inactive|p8tience has 120 seconds left.
|
|t:|1776076238
|switch|p1a: Slowking|Slowking-Galar, F|100/100
|move|p2a: Weezing|Will-O-Wisp|p1a: Slowking
|-status|p1a: Slowking|brn
|
|-weather|Sandstorm|[upkeep]
|-damage|p2a: Weezing|72/100|[from] Sandstorm
|-damage|p1a: Slowking|94/100 brn|[from] Sandstorm
|-damage|p1a: Slowking|88/100 brn|[from] brn
|upkeep
|turn|3
|
|t:|1776076253
|-end|p2a: Weezing|ability: Neutralizing Gas
|switch|p2a: Ting-Lu|Ting-Lu|100/100
|-ability|p2a: Ting-Lu|Vessel of Ruin
|move|p1a: Slowking|Sludge Bomb|p2a: Ting-Lu
|-resisted|p2a: Ting-Lu
|-damage|p2a: Ting-Lu|93/100
|
|-weather|Sandstorm|[upkeep]
|-damage|p1a: Slowking|82/100 brn|[from] Sandstorm
|-heal|p2a: Ting-Lu|99/100|[from] item: Leftovers
|-damage|p1a: Slowking|76/100 brn|[from] brn
|upkeep
|turn|4
|inactive|p8tience has 90 seconds left.
|
|t:|1776076279
|switch|p1a: Zamazenta|Zamazenta|100/100
|-ability|p1a: Zamazenta|Dauntless Shield|boost
|-boost|p1a: Zamazenta|def|1
|move|p2a: Ting-Lu|Stealth Rock|p1a: Zamazenta
|-sidestart|p1: p8tience|move: Stealth Rock
|
|-weather|Sandstorm|[upkeep]
|-damage|p1a: Zamazenta|94/100|[from] Sandstorm
|-heal|p1a: Zamazenta|100/100|[from] item: Leftovers
|-heal|p2a: Ting-Lu|100/100|[from] item: Leftovers
|upkeep
|turn|5
|inactive|p8tience has 90 seconds left.
|
|t:|1776076291
|switch|p2a: Fogbound Lake|Alomomola, F|100/100
|move|p1a: Zamazenta|Body Press|p2a: Fogbound Lake
|-damage|p2a: Fogbound Lake|72/100
|-damage|p1a: Zamazenta|84/100|[from] item: Rocky Helmet|[of] p2a: Fogbound Lake
|
|-weather|Sandstorm|[upkeep]
|-damage|p1a: Zamazenta|78/100|[from] Sandstorm
|-damage|p2a: Fogbound Lake|66/100|[from] Sandstorm
|-heal|p1a: Zamazenta|84/100|[from] item: Leftovers
|upkeep
|turn|6
|
|t:|1776076294
|move|p1a: Zamazenta|Iron Defense|p1a: Zamazenta
|-boost|p1a: Zamazenta|def|2
|move|p2a: Fogbound Lake|Flip Turn|p1a: Zamazenta
|-damage|p1a: Zamazenta|78/100
|
|t:|1776076297
|switch|p2a: Weezing|Weezing-Galar, F|72/100|[from] Flip Turn
|-ability|p2a: Weezing|Neutralizing Gas
|
|-weather|Sandstorm|[upkeep]
|-damage|p1a: Zamazenta|72/100|[from] Sandstorm
|-damage|p2a: Weezing|66/100|[from] Sandstorm
|-heal|p1a: Zamazenta|78/100|[from] item: Leftovers
|upkeep
|turn|7
|
|t:|1776076306
|-terastallize|p1a: Zamazenta|Fire
|move|p1a: Zamazenta|Body Press|p2a: Weezing
|-resisted|p2a: Weezing
|-crit|p2a: Weezing
|-damage|p2a: Weezing|41/100
|move|p2a: Weezing|Will-O-Wisp|p1a: Zamazenta|[miss]
|-miss|p2a: Weezing|p1a: Zamazenta
|
|-weather|Sandstorm|[upkeep]
|-damage|p1a: Zamazenta|72/100|[from] Sandstorm
|-damage|p2a: Weezing|35/100|[from] Sandstorm
|-heal|p1a: Zamazenta|78/100|[from] item: Leftovers
|upkeep
|turn|8
|
|t:|1776076311
|move|p2a: Weezing|Toxic|p1a: Zamazenta
|-status|p1a: Zamazenta|tox
|move|p1a: Zamazenta|Roar|p2a: Weezing
|-end|p2a: Weezing|ability: Neutralizing Gas
|drag|p2a: Moody Blues|Dragapult, F|100/100
|
|-weather|none
|-heal|p1a: Zamazenta|84/100 tox|[from] item: Leftovers
|-damage|p1a: Zamazenta|78/100 tox|[from] psn
|upkeep
|turn|9
|
|t:|1776076316
|move|p2a: Moody Blues|U-turn|p1a: Zamazenta
|-resisted|p1a: Zamazenta
|-damage|p1a: Zamazenta|73/100 tox
|
|t:|1776076318
|switch|p2a: Fogbound Lake|Alomomola, F|99/100|[from] U-turn
|move|p1a: Zamazenta|Crunch|p2a: Fogbound Lake
|-damage|p2a: Fogbound Lake|87/100
|-damage|p1a: Zamazenta|56/100 tox|[from] item: Rocky Helmet|[of] p2a: Fogbound Lake
|
|-heal|p1a: Zamazenta|62/100 tox|[from] item: Leftovers
|-damage|p1a: Zamazenta|50/100 tox|[from] psn
|upkeep
|turn|10
|
|t:|1776076321
|move|p1a: Zamazenta|Body Press|p2a: Fogbound Lake
|-damage|p2a: Fogbound Lake|36/100
|-damage|p1a: Zamazenta|33/100 tox|[from] item: Rocky Helmet|[of] p2a: Fogbound Lake
|move|p2a: Fogbound Lake|Wish|p2a: Fogbound Lake
|
|-heal|p1a: Zamazenta|40/100 tox|[from] item: Leftovers
|-damage|p1a: Zamazenta|21/100 tox|[from] psn
|upkeep
|turn|11
|
|t:|1776076330
|switch|p2a: Weezing|Weezing-Galar, F|35/100
|-ability|p2a: Weezing|Neutralizing Gas
|move|p1a: Zamazenta|Roar|p2a: Weezing
|-end|p2a: Weezing|ability: Neutralizing Gas
|drag|p2a: Ting-Lu|Ting-Lu|100/100
|-ability|p2a: Ting-Lu|Vessel of Ruin
|
|-heal|p1a: Zamazenta|27/100 tox|[from] item: Leftovers
|-damage|p1a: Zamazenta|3/100 tox|[from] psn
|upkeep
|turn|12
|
|t:|1776076336
|switch|p2a: Moody Blues|Dragapult, F|100/100
|move|p1a: Zamazenta|Body Press|p2a: Moody Blues
|-immune|p2a: Moody Blues
|
|-heal|p1a: Zamazenta|9/100 tox|[from] item: Leftovers
|-damage|p1a: Zamazenta|0 fnt|[from] psn
|faint|p1a: Zamazenta
|upkeep
|
|t:|1776076345
|switch|p1a: Moltres|Moltres|100/100
|turn|13
|
|t:|1776076351
|switch|p2a: Fogbound Lake|Alomomola, F|70/100
|move|p1a: Moltres|Flamethrower|p2a: Fogbound Lake
|-resisted|p2a: Fogbound Lake
|-damage|p2a: Fogbound Lake|48/100
|
|upkeep
|turn|14
|
|t:|1776076357
|move|p1a: Moltres|Flamethrower|p2a: Fogbound Lake
|-resisted|p2a: Fogbound Lake
|-damage|p2a: Fogbound Lake|26/100
|-status|p2a: Fogbound Lake|brn
|move|p2a: Fogbound Lake|Flip Turn|p1a: Moltres
|-supereffective|p1a: Moltres
|-damage|p1a: Moltres|88/100
|
|t:|1776076360
|switch|p2a: Tiffany BlueStones|Kyurem, shiny|100/100|[from] Flip Turn
|-ability|p2a: Tiffany BlueStones|Pressure
|
|upkeep
|turn|15
|
|t:|1776076378
|move|p2a: Tiffany BlueStones|Substitute|p2a: Tiffany BlueStones
|-start|p2a: Tiffany BlueStones|Substitute
|-damage|p2a: Tiffany BlueStones|76/100
|move|p1a: Moltres|Flamethrower|p2a: Tiffany BlueStones
|-end|p2a: Tiffany BlueStones|Substitute
|
|-heal|p2a: Tiffany BlueStones|82/100|[from] item: Leftovers
|upkeep
|turn|16
|
|t:|1776076380
|move|p2a: Tiffany BlueStones|Freeze-Dry|p1a: Moltres
|-damage|p1a: Moltres|53/100
|-status|p1a: Moltres|frz
|-curestatus|p1a: Moltres|frz|[msg]
|move|p1a: Moltres|Flamethrower|p2a: Tiffany BlueStones
|-damage|p2a: Tiffany BlueStones|45/100
|
|-heal|p2a: Tiffany BlueStones|51/100|[from] item: Leftovers
|upkeep
|turn|17
|
|t:|1776076389
|move|p2a: Tiffany BlueStones|Freeze-Dry|p1a: Moltres
|-damage|p1a: Moltres|14/100
|move|p1a: Moltres|Roost|p1a: Moltres
|-heal|p1a: Moltres|64/100
|-singleturn|p1a: Moltres|move: Roost
|
|-heal|p2a: Tiffany BlueStones|57/100|[from] item: Leftovers
|upkeep
|turn|18
|
|t:|1776076397
|switch|p2a: Fogbound Lake|Alomomola, F|59/100 brn
|move|p1a: Moltres|Roost|p1a: Moltres
|-heal|p1a: Moltres|100/100
|-singleturn|p1a: Moltres|move: Roost
|
|-damage|p2a: Fogbound Lake|53/100 brn|[from] brn
|upkeep
|turn|19
|
|t:|1776076408
|switch|p1a: Hydrapple|Hydrapple, M|100/100
|move|p2a: Fogbound Lake|Wish|p2a: Fogbound Lake
|
|-damage|p2a: Fogbound Lake|47/100 brn|[from] brn
|upkeep
|turn|20
|
|t:|1776076413
|switch|p2a: Weezing|Weezing-Galar, F|35/100
|-ability|p2a: Weezing|Neutralizing Gas
|move|p1a: Hydrapple|Giga Drain|p2a: Weezing
|-resisted|p2a: Weezing
|-damage|p2a: Weezing|11/100
|
|-heal|p2a: Weezing|91/100|[from] move: Wish|[wisher] Fogbound Lake
|upkeep
|turn|21
|
|t:|1776076419
|switch|p1a: Slowking|Slowking-Galar, F|100/100 brn
|-damage|p1a: Slowking|88/100 brn|[from] Stealth Rock
|move|p2a: Weezing|Toxic||[still]
|-fail|p2a: Weezing
|
|-damage|p1a: Slowking|82/100 brn|[from] brn
|upkeep
|turn|22
|
|t:|1776076431
|-end|p2a: Weezing|ability: Neutralizing Gas
|switch|p2a: Fogbound Lake|Alomomola, F|80/100 brn
|move|p1a: Slowking|Sludge Bomb|p2a: Fogbound Lake
|-damage|p2a: Fogbound Lake|43/100 brn
|
|-damage|p2a: Fogbound Lake|37/100 brn|[from] brn
|-damage|p1a: Slowking|76/100 brn|[from] brn
|upkeep
|turn|23
|
|t:|1776076437
|switch|p2a: Corviknight|Corviknight, F|100/100
|-ability|p2a: Corviknight|Pressure
|move|p1a: Slowking|Sludge Bomb|p2a: Corviknight
|-immune|p2a: Corviknight
|
|-damage|p1a: Slowking|70/100 brn|[from] brn
|upkeep
|turn|24
|
|t:|1776076439
|move|p2a: Corviknight|Brave Bird|p1a: Slowking
|-damage|p1a: Slowking|39/100 brn
|-damage|p2a: Corviknight|90/100|[from] Recoil
|move|p1a: Slowking|Flamethrower|p2a: Corviknight
|-supereffective|p2a: Corviknight
|-damage|p2a: Corviknight|58/100
|
|-heal|p2a: Corviknight|65/100|[from] item: Leftovers
|-damage|p1a: Slowking|33/100 brn|[from] brn
|upkeep
|turn|25
|
|t:|1776076447
|switch|p1a: Hydrapple|Hydrapple, M|100/100
|move|p2a: Corviknight|Roost|p2a: Corviknight
|-heal|p2a: Corviknight|100/100
|-singleturn|p2a: Corviknight|move: Roost
|
|upkeep
|turn|26
|
|t:|1776076451
|switch|p1a: Slowking|Slowking-Galar, F|66/100 brn
|-damage|p1a: Slowking|54/100 brn|[from] Stealth Rock
|move|p2a: Corviknight|Brave Bird|p1a: Slowking
|-damage|p1a: Slowking|27/100 brn
|-damage|p2a: Corviknight|92/100|[from] Recoil
|
|-heal|p2a: Corviknight|98/100|[from] item: Leftovers
|-damage|p1a: Slowking|21/100 brn|[from] brn
|upkeep
|turn|27
|
|t:|1776076455
|switch|p1a: Moltres|Moltres|100/100
|move|p2a: Corviknight|Brave Bird|p1a: Moltres
|-damage|p1a: Moltres|77/100
|-status|p2a: Corviknight|brn|[from] ability: Flame Body|[of] p1a: Moltres
|-damage|p2a: Corviknight|90/100 brn|[from] Recoil
|
|-heal|p2a: Corviknight|97/100 brn|[from] item: Leftovers
|-damage|p2a: Corviknight|90/100 brn|[from] brn
|upkeep
|turn|28
|
|t:|1776076460
|switch|p1a: Slowking|Slowking-Galar, F|54/100 brn
|-damage|p1a: Slowking|42/100 brn|[from] Stealth Rock
|move|p2a: Corviknight|U-turn|p1a: Slowking
|-damage|p1a: Slowking|37/100 brn
|
|t:|1776076464
|switch|p2a: Moody Blues|Dragapult, F|100/100|[from] U-turn
|
|-damage|p1a: Slowking|31/100 brn|[from] brn
|upkeep
|turn|29
|
|t:|1776076477
|switch|p1a: Tyranitar|Tyranitar, F|49/100
|-damage|p1a: Tyranitar|37/100|[from] Stealth Rock
|-weather|Sandstorm|[from] ability: Sand Stream|[of] p1a: Tyranitar
|move|p2a: Moody Blues|Dragon Darts|p1a: Tyranitar
|-damage|p1a: Tyranitar|10/100
|-anim|p2a: Moody Blues|Dragon Darts|p1a: Tyranitar
|-damage|p1a: Tyranitar|0 fnt
|faint|p1a: Tyranitar
|
|-weather|Sandstorm|[upkeep]
|-damage|p2a: Moody Blues|95/100|[from] Sandstorm
|upkeep
|
|t:|1776076481
|switch|p1a: Excadrill|Excadrill, F|100/100
|-damage|p1a: Excadrill|97/100|[from] Stealth Rock
|-item|p1a: Excadrill|Air Balloon
|turn|30
|
|t:|1776076496
|switch|p2a: Ting-Lu|Ting-Lu|100/100
|-ability|p2a: Ting-Lu|Vessel of Ruin
|move|p1a: Excadrill|Swords Dance|p1a: Excadrill
|-boost|p1a: Excadrill|atk|2
|
|-weather|Sandstorm|[upkeep]
|upkeep
|turn|31
|
|t:|1776076502
|move|p1a: Excadrill|Earthquake|p2a: Ting-Lu
|-damage|p2a: Ting-Lu|44/100
|move|p2a: Ting-Lu|Ruination|p1a: Excadrill
|-damage|p1a: Excadrill|49/100
|-enditem|p1a: Excadrill|Air Balloon
|
|-weather|Sandstorm|[upkeep]
|-heal|p2a: Ting-Lu|50/100|[from] item: Leftovers
|upkeep
|turn|32
|
|t:|1776076515
|move|p1a: Excadrill|Earthquake|p2a: Ting-Lu
|-damage|p2a: Ting-Lu|0 fnt
|faint|p2a: Ting-Lu
|
|-weather|Sandstorm|[upkeep]
|upkeep
|
|t:|1776076525
|switch|p2a: Fogbound Lake|Alomomola, F|70/100 brn
|turn|33
|
|t:|1776076528
|move|p1a: Excadrill|Earthquake|p2a: Fogbound Lake
|-damage|p2a: Fogbound Lake|8/100 brn
|move|p2a: Fogbound Lake|Tickle|p1a: Excadrill
|-unboost|p1a: Excadrill|atk|1
|-unboost|p1a: Excadrill|def|1
|
|-weather|Sandstorm|[upkeep]
|-damage|p2a: Fogbound Lake|2/100 brn|[from] Sandstorm
|-damage|p2a: Fogbound Lake|0 fnt|[from] brn
|faint|p2a: Fogbound Lake
|upkeep
|
|t:|1776076534
|switch|p2a: Corviknight|Corviknight, F|90/100 brn
|-ability|p2a: Corviknight|Pressure
|turn|34
|
|t:|1776076539
|move|p1a: Excadrill|Rapid Spin|p2a: Corviknight
|-resisted|p2a: Corviknight
|-damage|p2a: Corviknight|79/100 brn
|-boost|p1a: Excadrill|spe|1
|-sideend|p1: p8tience|Stealth Rock|[from] move: Rapid Spin|[of] p1a: Excadrill
|move|p2a: Corviknight|U-turn|p1a: Excadrill
|-resisted|p1a: Excadrill
|-damage|p1a: Excadrill|42/100
|
|t:|1776076541
|switch|p2a: Moody Blues|Dragapult, F|95/100|[from] U-turn
|
|-weather|Sandstorm|[upkeep]
|-damage|p2a: Moody Blues|89/100|[from] Sandstorm
|upkeep
|turn|35
|
|t:|1776076545
|switch|p2a: Corviknight|Corviknight, F|79/100 brn
|-ability|p2a: Corviknight|Pressure
|move|p1a: Excadrill|Earthquake|p2a: Corviknight
|-immune|p2a: Corviknight
|
|-weather|Sandstorm|[upkeep]
|-heal|p2a: Corviknight|85/100 brn|[from] item: Leftovers
|-damage|p2a: Corviknight|79/100 brn|[from] brn
|upkeep
|turn|36
|
|t:|1776076552
|move|p1a: Excadrill|Rock Slide|p2a: Corviknight|[miss]
|-miss|p1a: Excadrill|p2a: Corviknight
|move|p2a: Corviknight|Brave Bird|p1a: Excadrill
|-resisted|p1a: Excadrill
|-damage|p1a: Excadrill|22/100
|-damage|p2a: Corviknight|73/100 brn|[from] Recoil
|
|-weather|none
|-heal|p2a: Corviknight|79/100 brn|[from] item: Leftovers
|-damage|p2a: Corviknight|73/100 brn|[from] brn
|upkeep
|turn|37
|
|t:|1776076563
|switch|p1a: Moltres|Moltres|77/100
|move|p2a: Corviknight|Roost|p2a: Corviknight
|-heal|p2a: Corviknight|100/100 brn
|-singleturn|p2a: Corviknight|move: Roost
|
|-damage|p2a: Corviknight|94/100 brn|[from] brn
|upkeep
|turn|38
|
|t:|1776076568
|switch|p2a: Weezing|Weezing-Galar, F|91/100
|-ability|p2a: Weezing|Neutralizing Gas
|move|p1a: Moltres|Roost|p1a: Moltres
|-heal|p1a: Moltres|100/100
|-singleturn|p1a: Moltres|move: Roost
|
|upkeep
|turn|39
|
|t:|1776076572
|switch|p1a: Slowking|Slowking-Galar, F|64/100 brn
|move|p2a: Weezing|Toxic||[still]
|-fail|p2a: Weezing
|
|-damage|p1a: Slowking|58/100 brn|[from] brn
|upkeep
|turn|40
|
|t:|1776076578
|-end|p2a: Weezing|ability: Neutralizing Gas
|switch|p2a: Corviknight|Corviknight, F|94/100 brn
|-ability|p2a: Corviknight|Pressure
|move|p1a: Slowking|Ice Beam|p2a: Corviknight
|-damage|p2a: Corviknight|79/100 brn
|
|-heal|p2a: Corviknight|85/100 brn|[from] item: Leftovers
|-damage|p2a: Corviknight|79/100 brn|[from] brn
|-damage|p1a: Slowking|52/100 brn|[from] brn
|upkeep
|turn|41
|
|t:|1776076594
|switch|p1a: Moltres|Moltres|100/100
|move|p2a: Corviknight|U-turn|p1a: Moltres
|-resisted|p1a: Moltres
|-damage|p1a: Moltres|99/100
|
|t:|1776076600
|switch|p2a: Weezing|Weezing-Galar, F|91/100|[from] U-turn
|-ability|p2a: Weezing|Neutralizing Gas
|
|upkeep
|turn|42
|
|t:|1776076611
|-end|p2a: Weezing|ability: Neutralizing Gas
|switch|p2a: Moody Blues|Dragapult, F|89/100
|move|p1a: Moltres|U-turn|p2a: Moody Blues
|-resisted|p2a: Moody Blues
|-damage|p2a: Moody Blues|79/100
|
|t:|1776076624
|switch|p1a: Slowking|Slowking-Galar, F|85/100 brn|[from] U-turn
|
|-damage|p1a: Slowking|79/100 brn|[from] brn
|upkeep
|turn|43
|
|t:|1776076629
|switch|p1a: Excadrill|Excadrill, F|22/100
|-terastallize|p2a: Moody Blues|Ghost
|move|p2a: Moody Blues|Tera Blast|p1a: Excadrill|[anim] Tera Blast Ghost
|-damage|p1a: Excadrill|0 fnt
|faint|p1a: Excadrill
|
|upkeep
|
|t:|1776076636
|switch|p1a: Moltres|Moltres|99/100
|turn|44
|
|t:|1776076640
|switch|p2a: Weezing|Weezing-Galar, F|91/100
|-ability|p2a: Weezing|Neutralizing Gas
|move|p1a: Moltres|Flamethrower|p2a: Weezing
|-damage|p2a: Weezing|43/100
|
|upkeep
|turn|45
|
|t:|1776076644
|move|p2a: Weezing|Protect|p2a: Weezing
|-singleturn|p2a: Weezing|Protect
|move|p1a: Moltres|Flamethrower|p2a: Weezing
|-activate|p2a: Weezing|move: Protect
|
|upkeep
|turn|46
|
|t:|1776076649
|move|p1a: Moltres|Flamethrower|p2a: Weezing
|-damage|p2a: Weezing|0 fnt
|faint|p2a: Weezing
|-end|p2a: Weezing|ability: Neutralizing Gas
|
|upkeep
|
|t:|1776076651
|switch|p2a: Tiffany BlueStones|Kyurem, shiny|57/100
|-ability|p2a: Tiffany BlueStones|Pressure
|turn|47
|
|t:|1776076659
|move|p2a: Tiffany BlueStones|Freeze-Dry|p1a: Moltres
|-damage|p1a: Moltres|61/100
|move|p1a: Moltres|Flamethrower|p2a: Tiffany BlueStones
|-damage|p2a: Tiffany BlueStones|24/100
|
|-heal|p2a: Tiffany BlueStones|30/100|[from] item: Leftovers
|upkeep
|turn|48
|
|t:|1776076663
|move|p2a: Tiffany BlueStones|Freeze-Dry|p1a: Moltres
|-damage|p1a: Moltres|22/100
|move|p1a: Moltres|Roost|p1a: Moltres
|-heal|p1a: Moltres|73/100
|-singleturn|p1a: Moltres|move: Roost
|
|-heal|p2a: Tiffany BlueStones|36/100|[from] item: Leftovers
|upkeep
|turn|49
|
|t:|1776076667
|move|p2a: Tiffany BlueStones|Freeze-Dry|p1a: Moltres
|-damage|p1a: Moltres|33/100
|move|p1a: Moltres|Roost|p1a: Moltres
|-heal|p1a: Moltres|83/100
|-singleturn|p1a: Moltres|move: Roost
|
|-heal|p2a: Tiffany BlueStones|42/100|[from] item: Leftovers
|upkeep
|turn|50
|
|t:|1776076672
|move|p2a: Tiffany BlueStones|Freeze-Dry|p1a: Moltres
|-damage|p1a: Moltres|44/100
|move|p1a: Moltres|Roost|p1a: Moltres
|-heal|p1a: Moltres|94/100
|-singleturn|p1a: Moltres|move: Roost
|
|-heal|p2a: Tiffany BlueStones|49/100|[from] item: Leftovers
|upkeep
|turn|51
|
|t:|1776076676
|switch|p1a: Slowking|Slowking-Galar, F|100/100 brn
|move|p2a: Tiffany BlueStones|Freeze-Dry|p1a: Slowking
|-damage|p1a: Slowking|82/100 brn
|
|-heal|p2a: Tiffany BlueStones|55/100|[from] item: Leftovers
|-damage|p1a: Slowking|76/100 brn|[from] brn
|upkeep
|turn|52
|
|t:|1776076687
|switch|p2a: Corviknight|Corviknight, F|79/100 brn
|-ability|p2a: Corviknight|Pressure
|move|p1a: Slowking|Sludge Bomb|p2a: Corviknight
|-immune|p2a: Corviknight
|
|-heal|p2a: Corviknight|85/100 brn|[from] item: Leftovers
|-damage|p2a: Corviknight|79/100 brn|[from] brn
|-damage|p1a: Slowking|70/100 brn|[from] brn
|upkeep
|turn|53
|
|t:|1776076697
|move|p2a: Corviknight|U-turn|p1a: Slowking
|-damage|p1a: Slowking|64/100 brn
|
|t:|1776076700
|switch|p2a: Moody Blues|Dragapult, F, tera:Ghost|79/100|[from] U-turn
|move|p1a: Slowking|Flamethrower|p2a: Moody Blues
|-damage|p2a: Moody Blues|49/100
|
|-damage|p1a: Slowking|58/100 brn|[from] brn
|upkeep
|turn|54
|
|t:|1776076707
|switch|p1a: Hydrapple|Hydrapple, M|100/100
|move|p2a: Moody Blues|Dragon Darts|p1a: Hydrapple
|-supereffective|p1a: Hydrapple
|-damage|p1a: Hydrapple|51/100
|-anim|p2a: Moody Blues|Dragon Darts|p1a: Hydrapple
|-supereffective|p1a: Hydrapple
|-damage|p1a: Hydrapple|8/100
|
|upkeep
|turn|55
|inactive|p8tience has 120 seconds left.
|
|t:|1776076749
|move|p2a: Moody Blues|Dragon Darts|p1a: Hydrapple
|-supereffective|p1a: Hydrapple
|-damage|p1a: Hydrapple|0 fnt
|faint|p1a: Hydrapple
|
|upkeep
|
|t:|1776076762
|switch|p1a: Slowking|Slowking-Galar, F|91/100 brn
|turn|56
|j| ohko_smeargle
|
|t:|1776076766
|switch|p2a: Corviknight|Corviknight, F|79/100 brn
|-ability|p2a: Corviknight|Pressure
|move|p1a: Slowking|Psyshock|p2a: Corviknight
|-resisted|p2a: Corviknight
|-damage|p2a: Corviknight|67/100 brn
|
|-heal|p2a: Corviknight|73/100 brn|[from] item: Leftovers
|-damage|p2a: Corviknight|67/100 brn|[from] brn
|-damage|p1a: Slowking|85/100 brn|[from] brn
|upkeep
|turn|57
|inactive|p8tience has 120 seconds left.
|
|t:|1776076775
|move|p2a: Corviknight|Roost|p2a: Corviknight
|-heal|p2a: Corviknight|100/100 brn
|-singleturn|p2a: Corviknight|move: Roost
|move|p1a: Slowking|Sludge Bomb|p2a: Corviknight
|-immune|p2a: Corviknight
|
|-damage|p2a: Corviknight|94/100 brn|[from] brn
|-damage|p1a: Slowking|79/100 brn|[from] brn
|upkeep
|turn|58
|
|t:|1776076778
|move|p2a: Corviknight|U-turn|p1a: Slowking
|-damage|p1a: Slowking|73/100 brn
|
|t:|1776076780
|switch|p2a: Tiffany BlueStones|Kyurem, shiny|55/100|[from] U-turn
|-ability|p2a: Tiffany BlueStones|Pressure
|move|p1a: Slowking|Psyshock|p2a: Tiffany BlueStones
|-damage|p2a: Tiffany BlueStones|25/100
|
|-heal|p2a: Tiffany BlueStones|31/100|[from] item: Leftovers
|-damage|p1a: Slowking|67/100 brn|[from] brn
|upkeep
|turn|59
|
|t:|1776076787
|move|p2a: Tiffany BlueStones|Earth Power|p1a: Slowking
|-supereffective|p1a: Slowking
|-damage|p1a: Slowking|34/100 brn
|move|p1a: Slowking|Flamethrower|p2a: Tiffany BlueStones
|-damage|p2a: Tiffany BlueStones|9/100
|
|-heal|p2a: Tiffany BlueStones|15/100|[from] item: Leftovers
|-damage|p1a: Slowking|27/100 brn|[from] brn
|upkeep
|turn|60
|
|t:|1776076794
|move|p2a: Tiffany BlueStones|Freeze-Dry|p1a: Slowking
|-damage|p1a: Slowking|8/100 brn
|move|p1a: Slowking|Flamethrower|p2a: Tiffany BlueStones
|-damage|p2a: Tiffany BlueStones|0 fnt
|faint|p2a: Tiffany BlueStones
|
|-damage|p1a: Slowking|2/100 brn|[from] brn
|upkeep
|
|t:|1776076797
|switch|p2a: Moody Blues|Dragapult, F, tera:Ghost|49/100
|turn|61
|
|t:|1776076801
|move|p2a: Moody Blues|Tera Blast|p1a: Slowking|[anim] Tera Blast Ghost
|-supereffective|p1a: Slowking
|-damage|p1a: Slowking|0 fnt
|faint|p1a: Slowking
|
|upkeep
|
|t:|1776076803
|switch|p1a: Moltres|Moltres|94/100
|turn|62
|
|t:|1776076805
|move|p2a: Moody Blues|Tera Blast|p1a: Moltres|[anim] Tera Blast Ghost
|-damage|p1a: Moltres|43/100
|move|p1a: Moltres|Flamethrower|p2a: Moody Blues
|-damage|p2a: Moody Blues|0 fnt
|faint|p2a: Moody Blues
|
|upkeep
|-message|Coriolis fell down forfeited.
|
|win|p8tience
|raw|p8tience's rating: 1353 &rarr; <strong>1369</strong><br />(+16 for winning)
|raw|Coriolis fell down's rating: 1289 &rarr; <strong>1269</strong><br />(-20 for losing)
|l|☆Coriolis fell down
|player|p2|
|l| ohko_smeargle
