|html|<div class="broadcast-blue"><strong>[Gen 9] OU is currently suspecting Volcarona! For information on how to participate check out the <a href="https://www.smogon.com/tools/suspects/view/208">suspect thread</a>.</strong></div>
|j|☆Tallon705
|j|‽Krylon68
|t:|1778516905
|gametype|singles
|player|p1|Tallon705|gentleman|1064
|player|p2|Krylon68|101|1119
|gen|9
|tier|[Gen 9] OU
|rated|
|rule|HP Percentage Mod: HP is shown in percentages
|rule|Endless Battle Clause: Forcing endless battles is banned
|rule|Species Clause: Limit one of each Pokémon
|rule|OHKO Clause: OHKO moves are banned
|rule|Evasion Items Clause: Evasion items are banned
|rule|Evasion Moves Clause: Evasion moves are banned
|rule|Evasion Abilities Clause: Evasion abilities are banned
|rule|Sleep Moves Clause: Sleep-inducing moves are banned
|clearpoke
|poke|p1|Meloetta|
|poke|p1|Rotom|
|poke|p1|Great Tusk|
|poke|p1|Hydreigon, F|
|poke|p1|Volcanion|
|poke|p1|Tinkaton, F|
|poke|p2|Lilligant-Hisui, F|
|poke|p2|Torkoal, F|
|poke|p2|Corviknight, F|
|poke|p2|Ceruledge, F|
|poke|p2|Clodsire, M|
|poke|p2|Walking Wake|
|teampreview
|
|t:|1778516911
|teamsize|p1|6
|teamsize|p2|6
|start
|switch|p1a: Tinkaton|Tinkaton, F|100/100
|switch|p2a: Torkoal|Torkoal, F|100/100
|-ability|p1a: Tinkaton|Mold Breaker
|-weather|SunnyDay|[from] ability: Drought|[of] p2a: Torkoal
|turn|1
|
|t:|1778516922
|switch|p1a: Great Tusk|Great Tusk|100/100
|-activate|p1a: Great Tusk|ability: Protosynthesis
|-start|p1a: Great Tusk|protosynthesisatk
|move|p2a: Torkoal|Eruption|p1a: Great Tusk
|-damage|p1a: Great Tusk|0 fnt
|faint|p1a: Great Tusk
|-end|p1a: Great Tusk|Protosynthesis|[silent]
|
|-weather|SunnyDay|[upkeep]
|upkeep
|
|t:|1778516930
|switch|p1a: Volcanion|Volcanion|100/100
|turn|2
|
|t:|1778516945
|switch|p2a: Corviknight|Corviknight, F|100/100
|move|p1a: Volcanion|Sludge Bomb|p2a: Corviknight
|-immune|p2a: Corviknight
|
|-weather|SunnyDay|[upkeep]
|upkeep
|turn|3
|
|t:|1778516955
|switch|p2a: Walking Wake|Walking Wake|100/100
|-activate|p2a: Walking Wake|ability: Protosynthesis
|-start|p2a: Walking Wake|protosynthesisspe
|move|p1a: Volcanion|Flamethrower|p2a: Walking Wake
|-resisted|p2a: Walking Wake
|-damage|p2a: Walking Wake|78/100
|
|-weather|SunnyDay|[upkeep]
|upkeep
|turn|4
|
|t:|1778516965
|move|p2a: Walking Wake|Draco Meteor|p1a: Volcanion
|-damage|p1a: Volcanion|0 fnt
|-unboost|p2a: Walking Wake|spa|2
|faint|p1a: Volcanion
|
|-weather|SunnyDay|[upkeep]
|upkeep
|
|t:|1778516972
|switch|p1a: Rotom|Rotom|100/100
|turn|5
|
|t:|1778516977
|move|p2a: Walking Wake|Draco Meteor|p1a: Rotom
|-damage|p1a: Rotom|15/100
|-unboost|p2a: Walking Wake|spa|2
|move|p1a: Rotom|Will-O-Wisp|p2a: Walking Wake
|-status|p2a: Walking Wake|brn
|
|-weather|SunnyDay|[upkeep]
|-damage|p2a: Walking Wake|72/100 brn|[from] brn
|upkeep
|turn|6
|
|t:|1778516992
|move|p2a: Walking Wake|Draco Meteor|p1a: Rotom
|-damage|p1a: Rotom|0 fnt
|-unboost|p2a: Walking Wake|spa|2
|faint|p1a: Rotom
|
|-weather|SunnyDay|[upkeep]
|-damage|p2a: Walking Wake|66/100 brn|[from] brn
|upkeep
|
|t:|1778516996
|switch|p1a: Tinkaton|Tinkaton, F|100/100
|-ability|p1a: Tinkaton|Mold Breaker
|turn|7
|
|t:|1778517006
|-end|p2a: Walking Wake|Protosynthesis|[silent]
|switch|p2a: Clodsire|Clodsire, M|100/100
|move|p1a: Tinkaton|Stealth Rock|p2a: Clodsire
|-sidestart|p2: Krylon68|move: Stealth Rock
|
|-weather|SunnyDay|[upkeep]
|upkeep
|turn|8
|
|t:|1778517013
|move|p1a: Tinkaton|Knock Off|p2a: Clodsire
|-damage|p2a: Clodsire|75/100
|-enditem|p2a: Clodsire|Black Sludge|[from] move: Knock Off|[of] p1a: Tinkaton
|move|p2a: Clodsire|Earthquake|p1a: Tinkaton
|-supereffective|p1a: Tinkaton
|-damage|p1a: Tinkaton|30/100
|
|-weather|none
|-heal|p1a: Tinkaton|37/100|[from] item: Leftovers
|upkeep
|turn|9
|
|t:|1778517025
|move|p1a: Tinkaton|Encore|p2a: Clodsire
|-start|p2a: Clodsire|Encore
|move|p2a: Clodsire|Earthquake|p1a: Tinkaton
|-supereffective|p1a: Tinkaton
|-damage|p1a: Tinkaton|0 fnt
|faint|p1a: Tinkaton
|
|upkeep
|
|t:|1778517027
|switch|p1a: Hydreigon|Hydreigon, F|100/100
|turn|10
|
|t:|1778517038
|move|p1a: Hydreigon|Dark Pulse|p2a: Clodsire
|-damage|p2a: Clodsire|57/100
|move|p2a: Clodsire|Earthquake|p1a: Hydreigon
|-immune|p1a: Hydreigon|[from] ability: Levitate
|
|upkeep
|turn|11
|
|t:|1778517050
|switch|p2a: Corviknight|Corviknight, F|100/100
|-damage|p2a: Corviknight|88/100|[from] Stealth Rock
|move|p1a: Hydreigon|Dragon Tail|p2a: Corviknight
|-resisted|p2a: Corviknight
|-damage|p2a: Corviknight|80/100
|-damage|p1a: Hydreigon|84/100|[from] item: Rocky Helmet|[of] p2a: Corviknight
|drag|p2a: Ceruledge|Ceruledge, F|100/100
|-damage|p2a: Ceruledge|76/100|[from] Stealth Rock
|
|-heal|p1a: Hydreigon|90/100|[from] item: Leftovers
|upkeep
|turn|12
|
|t:|1778517065
|move|p1a: Hydreigon|Dark Pulse|p2a: Ceruledge
|-supereffective|p2a: Ceruledge
|-damage|p2a: Ceruledge|0 fnt
|faint|p2a: Ceruledge
|
|-heal|p1a: Hydreigon|96/100|[from] item: Leftovers
|upkeep
|
|t:|1778517074
|switch|p2a: Corviknight|Corviknight, F|80/100
|-damage|p2a: Corviknight|68/100|[from] Stealth Rock
|turn|13
|
|t:|1778517078
|move|p2a: Corviknight|Defog|p1a: Hydreigon
|-unboost|p1a: Hydreigon|evasion|1
|-sideend|p2: Krylon68|Stealth Rock|[from] move: Defog|[of] p2a: Corviknight
|move|p1a: Hydreigon|Dragon Tail|p2a: Corviknight|[miss]
|-miss|p1a: Hydreigon|p2a: Corviknight
|
|-heal|p1a: Hydreigon|100/100|[from] item: Leftovers
|upkeep
|turn|14
|
|t:|1778517088
|move|p1a: Hydreigon|Thunder Wave|p2a: Corviknight
|-status|p2a: Corviknight|par
|move|p2a: Corviknight|Body Press|p1a: Hydreigon
|-supereffective|p1a: Hydreigon
|-damage|p1a: Hydreigon|33/100
|
|-heal|p1a: Hydreigon|40/100|[from] item: Leftovers
|upkeep
|turn|15
|
|t:|1778517098
|move|p1a: Hydreigon|Dark Pulse|p2a: Corviknight
|-damage|p2a: Corviknight|35/100 par
|cant|p2a: Corviknight|par
|
|-heal|p1a: Hydreigon|46/100|[from] item: Leftovers
|upkeep
|turn|16
|
|t:|1778517109
|move|p1a: Hydreigon|Dark Pulse|p2a: Corviknight
|-damage|p2a: Corviknight|5/100 par
|cant|p2a: Corviknight|flinch
|
|-heal|p1a: Hydreigon|52/100|[from] item: Leftovers
|upkeep
|turn|17
|
|t:|1778517118
|move|p1a: Hydreigon|Dark Pulse|p2a: Corviknight
|-damage|p2a: Corviknight|0 fnt
|faint|p2a: Corviknight
|
|-heal|p1a: Hydreigon|58/100|[from] item: Leftovers
|upkeep
|
|t:|1778517126
|switch|p2a: Torkoal|Torkoal, F|100/100
|-weather|SunnyDay|[from] ability: Drought|[of] p2a: Torkoal
|turn|18
|
|t:|1778517137
|switch|p2a: Walking Wake|Walking Wake|66/100 brn
|-activate|p2a: Walking Wake|ability: Protosynthesis
|-start|p2a: Walking Wake|protosynthesisspe
|move|p1a: Hydreigon|Dark Pulse|p2a: Walking Wake
|-damage|p2a: Walking Wake|25/100 brn
|
|-weather|SunnyDay|[upkeep]
|-heal|p1a: Hydreigon|64/100|[from] item: Leftovers
|-damage|p2a: Walking Wake|19/100 brn|[from] brn
|upkeep
|turn|19
|
|t:|1778517152
|move|p2a: Walking Wake|Dragon Pulse|p1a: Hydreigon
|-supereffective|p1a: Hydreigon
|-damage|p1a: Hydreigon|0 fnt
|faint|p1a: Hydreigon
|
|-weather|SunnyDay|[upkeep]
|-damage|p2a: Walking Wake|13/100 brn|[from] brn
|upkeep
|
|t:|1778517154
|switch|p1a: Meloetta|Meloetta|100/100
|turn|20
|
|t:|1778517165
|move|p2a: Walking Wake|Dragon Pulse|p1a: Meloetta
|-damage|p1a: Meloetta|72/100
|move|p1a: Meloetta|Relic Song|p2a: Walking Wake
|-damage|p2a: Walking Wake|0 fnt
|faint|p2a: Walking Wake
|-end|p2a: Walking Wake|Protosynthesis|[silent]
|-formechange|p1a: Meloetta|Meloetta-Pirouette|[msg]
|
|-weather|SunnyDay|[upkeep]
|upkeep
|
|t:|1778517177
|switch|p2a: Lilligant|Lilligant-Hisui, F|100/100
|turn|21
|
|t:|1778517183
|move|p2a: Lilligant|Close Combat|p1a: Meloetta
|-supereffective|p1a: Meloetta
|-damage|p1a: Meloetta|0 fnt
|-unboost|p2a: Lilligant|def|1
|-unboost|p2a: Lilligant|spd|1
|faint|p1a: Meloetta
|-damage|p2a: Lilligant|91/100|[from] item: Life Orb
|
|win|Krylon68
|raw|Tallon705's rating: 1064 &rarr; <strong>1047</strong><br />(-17 for losing)
|raw|Krylon68's rating: 1119 &rarr; <strong>1140</strong><br />(+21 for winning)
|l|☆Tallon705
|player|p1|
|l|‽Krylon68
|player|p2|
