|html|<div class="broadcast-blue"><strong>[Gen 9] OU is currently suspecting Tera Blast! For information on how to participate check out the <a href="https://www.smogon.com/tools/suspects/view/200">suspect thread</a>.</strong></div>
|j|☆Callshots
|j|☆Dragonjom
|t:|1776222566
|gametype|singles
|player|p1|Callshots|265|1104
|player|p2|Dragonjom|102|1114
|gen|9
|tier|[Gen 9] OU
|rated|
|rule|HP Percentage Mod: HP is shown in percentages
|rule|Endless Battle Clause: Forcing endless battles is banned
|rule|Species Clause: Limit one of each Pokémon
|rule|OHKO Clause: OHKO moves are banned
|rule|Evasion Items Clause: Evasion items are banned
|rule|Evasion Moves Clause: Evasion moves are banned
|rule|Evasion Abilities Clause: Evasion abilities are banned
|rule|Sleep Moves Clause: Sleep-inducing moves are banned
|clearpoke
|poke|p1|Gliscor, F|
|poke|p1|Azumarill, M|
|poke|p1|Blaziken, F|
|poke|p1|Zapdos|
|poke|p1|Ribombee, M|
|poke|p1|Darkrai|
|poke|p2|Latias, F|
|poke|p2|Iron Hands|
|poke|p2|Garganacl, F|
|poke|p2|Great Tusk|
|poke|p2|Iron Moth|
|poke|p2|Hatterene, F|
|teampreview
|inactive|Battle timer is ON: inactive players will automatically lose when time's up. (requested by Dragonjom)
|
|t:|1776222597
|teamsize|p1|6
|teamsize|p2|6
|start
|switch|p1a: Zapdos|Zapdos|100/100
|switch|p2a: Hatterene|Hatterene, F|100/100
|turn|1
|
|t:|1776222607
|move|p1a: Zapdos|Thunderbolt|p2a: Hatterene
|-damage|p2a: Hatterene|52/100
|move|p2a: Hatterene|Calm Mind|p2a: Hatterene
|-boost|p2a: Hatterene|spa|1
|-boost|p2a: Hatterene|spd|1
|
|-heal|p2a: Hatterene|58/100|[from] item: Leftovers
|upkeep
|turn|2
|
|t:|1776222616
|move|p1a: Zapdos|Thunderbolt|p2a: Hatterene
|-damage|p2a: Hatterene|23/100
|move|p2a: Hatterene|Draining Kiss|p1a: Zapdos
|-damage|p1a: Zapdos|45/100
|-heal|p2a: Hatterene|65/100|[from] drain|[of] p1a: Zapdos
|
|-heal|p2a: Hatterene|71/100|[from] item: Leftovers
|upkeep
|turn|3
|
|t:|1776222642
|move|p1a: Zapdos|Thunderbolt|p2a: Hatterene
|-crit|p2a: Hatterene
|-damage|p2a: Hatterene|0 fnt
|faint|p2a: Hatterene
|
|upkeep
|
|t:|1776222655
|switch|p2a: Garganacl|Garganacl, F|100/100
|turn|4
|
|t:|1776222664
|switch|p1a: Azumarill|Azumarill, M|100/100
|move|p2a: Garganacl|Salt Cure|p1a: Azumarill
|-crit|p1a: Azumarill
|-damage|p1a: Azumarill|79/100
|-start|p1a: Azumarill|Salt Cure
|
|-damage|p1a: Azumarill|54/100|[from] Salt Cure
|upkeep
|turn|5
|
|t:|1776222678
|-terastallize|p2a: Garganacl|Water
|move|p1a: Azumarill|Aqua Jet|p2a: Garganacl
|-resisted|p2a: Garganacl
|-damage|p2a: Garganacl|92/100
|move|p2a: Garganacl|Substitute|p2a: Garganacl
|-start|p2a: Garganacl|Substitute
|-damage|p2a: Garganacl|67/100
|
|-heal|p2a: Garganacl|73/100|[from] item: Leftovers
|-damage|p1a: Azumarill|29/100|[from] Salt Cure
|upkeep
|-enditem|p1a: Azumarill|Sitrus Berry|[eat]
|-heal|p1a: Azumarill|54/100|[from] item: Sitrus Berry
|turn|6
|
|t:|1776222695
|move|p1a: Azumarill|Play Rough|p2a: Garganacl
|-end|p2a: Garganacl|Substitute
|move|p2a: Garganacl|Iron Defense|p2a: Garganacl
|-boost|p2a: Garganacl|def|2
|
|-heal|p2a: Garganacl|79/100|[from] item: Leftovers
|-damage|p1a: Azumarill|29/100|[from] Salt Cure
|upkeep
|turn|7
|
|t:|1776222705
|move|p1a: Azumarill|Play Rough|p2a: Garganacl
|-damage|p2a: Garganacl|61/100
|move|p2a: Garganacl|Substitute|p2a: Garganacl
|-start|p2a: Garganacl|Substitute
|-damage|p2a: Garganacl|36/100
|
|-heal|p2a: Garganacl|42/100|[from] item: Leftovers
|-damage|p1a: Azumarill|4/100|[from] Salt Cure
|upkeep
|turn|8
|
|t:|1776222711
|switch|p1a: Zapdos|Zapdos|45/100
|move|p2a: Garganacl|Recover|p2a: Garganacl
|-heal|p2a: Garganacl|92/100
|
|-heal|p2a: Garganacl|99/100|[from] item: Leftovers
|upkeep
|turn|9
|
|t:|1776222724
|move|p1a: Zapdos|Volt Switch|p2a: Garganacl
|-supereffective|p2a: Garganacl
|-end|p2a: Garganacl|Substitute
|
|t:|1776222731
|switch|p1a: Darkrai|Darkrai, shiny|100/100|[from] Volt Switch
|move|p2a: Garganacl|Salt Cure|p1a: Darkrai
|-damage|p1a: Darkrai|80/100
|-start|p1a: Darkrai|Salt Cure
|
|-heal|p2a: Garganacl|100/100|[from] item: Leftovers
|-damage|p1a: Darkrai|68/100|[from] Salt Cure
|upkeep
|turn|10
|
|t:|1776222744
|move|p1a: Darkrai|Dark Pulse|p2a: Garganacl
|-damage|p2a: Garganacl|63/100
|-damage|p1a: Darkrai|58/100|[from] item: Life Orb
|move|p2a: Garganacl|Substitute|p2a: Garganacl
|-start|p2a: Garganacl|Substitute
|-damage|p2a: Garganacl|38/100
|
|-heal|p2a: Garganacl|44/100|[from] item: Leftovers
|-damage|p1a: Darkrai|45/100|[from] Salt Cure
|upkeep
|turn|11
|
|t:|1776222755
|move|p1a: Darkrai|Dark Pulse|p2a: Garganacl
|-crit|p2a: Garganacl
|-end|p2a: Garganacl|Substitute
|-damage|p1a: Darkrai|35/100|[from] item: Life Orb
|move|p2a: Garganacl|Recover|p2a: Garganacl
|-heal|p2a: Garganacl|94/100
|
|-heal|p2a: Garganacl|99/100|[from] item: Leftovers
|-damage|p1a: Darkrai|23/100|[from] Salt Cure
|upkeep
|turn|12
|
|t:|1776222770
|move|p1a: Darkrai|Dark Pulse|p2a: Garganacl
|-damage|p2a: Garganacl|65/100
|-damage|p1a: Darkrai|13/100|[from] item: Life Orb
|cant|p2a: Garganacl|flinch
|
|-heal|p2a: Garganacl|71/100|[from] item: Leftovers
|-damage|p1a: Darkrai|0 fnt|[from] Salt Cure
|faint|p1a: Darkrai
|upkeep
|
|t:|1776222780
|switch|p1a: Zapdos|Zapdos|45/100
|turn|13
|
|t:|1776222802
|switch|p2a: Iron Hands|Iron Hands|100/100
|-enditem|p2a: Iron Hands|Booster Energy
|-activate|p2a: Iron Hands|ability: Quark Drive|[fromitem]
|-start|p2a: Iron Hands|quarkdriveatk
|move|p1a: Zapdos|Thunderbolt|p2a: Iron Hands
|-resisted|p2a: Iron Hands
|-damage|p2a: Iron Hands|79/100
|
|upkeep
|turn|14
|
|t:|1776222812
|switch|p1a: Gliscor|Gliscor, F, shiny|100/100
|move|p2a: Iron Hands|Fake Out|p1a: Gliscor
|-damage|p1a: Gliscor|81/100
|
|-status|p1a: Gliscor|tox|[from] item: Toxic Orb
|upkeep
|turn|15
|
|t:|1776222827
|move|p1a: Gliscor|Earthquake|p2a: Iron Hands
|-supereffective|p2a: Iron Hands
|-damage|p2a: Iron Hands|31/100
|move|p2a: Iron Hands|Ice Punch|p1a: Gliscor
|-supereffective|p1a: Gliscor
|-damage|p1a: Gliscor|0 fnt
|faint|p1a: Gliscor
|
|upkeep
|
|t:|1776222840
|switch|p1a: Blaziken|Blaziken, F, shiny|100/100
|turn|16
|
|t:|1776222848
|-end|p2a: Iron Hands|Quark Drive|[silent]
|switch|p2a: Garganacl|Garganacl, F, tera:Water|71/100
|move|p1a: Blaziken|Swords Dance|p1a: Blaziken
|-boost|p1a: Blaziken|atk|2
|
|-heal|p2a: Garganacl|77/100|[from] item: Leftovers
|-ability|p1a: Blaziken|Speed Boost|boost
|-boost|p1a: Blaziken|spe|1
|upkeep
|turn|17
|
|t:|1776222859
|move|p1a: Blaziken|Close Combat|p2a: Garganacl
|-damage|p2a: Garganacl|0 fnt
|-unboost|p1a: Blaziken|def|1
|-unboost|p1a: Blaziken|spd|1
|faint|p2a: Garganacl
|-damage|p1a: Blaziken|91/100|[from] item: Life Orb
|
|-ability|p1a: Blaziken|Speed Boost|boost
|-boost|p1a: Blaziken|spe|1
|upkeep
|
|t:|1776222882
|switch|p2a: Great Tusk|Great Tusk|100/100
|-enditem|p2a: Great Tusk|Booster Energy
|-activate|p2a: Great Tusk|ability: Protosynthesis|[fromitem]
|-start|p2a: Great Tusk|protosynthesisatk
|turn|18
|
|t:|1776222889
|move|p1a: Blaziken|Close Combat|p2a: Great Tusk
|-damage|p2a: Great Tusk|0 fnt
|-unboost|p1a: Blaziken|def|1
|-unboost|p1a: Blaziken|spd|1
|faint|p2a: Great Tusk
|-end|p2a: Great Tusk|Protosynthesis|[silent]
|-damage|p1a: Blaziken|81/100|[from] item: Life Orb
|
|-ability|p1a: Blaziken|Speed Boost|boost
|-boost|p1a: Blaziken|spe|1
|upkeep
|
|t:|1776222898
|switch|p2a: Iron Hands|Iron Hands|31/100
|turn|19
|
|t:|1776222907
|move|p2a: Iron Hands|Fake Out|p1a: Blaziken
|-damage|p1a: Blaziken|30/100
|cant|p1a: Blaziken|flinch
|
|-ability|p1a: Blaziken|Speed Boost|boost
|-boost|p1a: Blaziken|spe|1
|upkeep
|turn|20
|
|t:|1776222926
|-end|p2a: Iron Hands|Quark Drive|[silent]
|switch|p2a: Iron Moth|Iron Moth|100/100
|-enditem|p2a: Iron Moth|Booster Energy
|-activate|p2a: Iron Moth|ability: Quark Drive|[fromitem]
|-start|p2a: Iron Moth|quarkdrivespa
|move|p1a: Blaziken|Close Combat|p2a: Iron Moth
|-resisted|p2a: Iron Moth
|-damage|p2a: Iron Moth|0 fnt
|-unboost|p1a: Blaziken|def|1
|-unboost|p1a: Blaziken|spd|1
|faint|p2a: Iron Moth
|-end|p2a: Iron Moth|Quark Drive|[silent]
|-damage|p1a: Blaziken|20/100|[from] item: Life Orb
|
|-ability|p1a: Blaziken|Speed Boost|boost
|-boost|p1a: Blaziken|spe|1
|upkeep
|
|t:|1776222931
|switch|p2a: Iron Hands|Iron Hands|31/100
|turn|21
|
|t:|1776222943
|move|p1a: Blaziken|Protect|p1a: Blaziken
|-singleturn|p1a: Blaziken|Protect
|move|p2a: Iron Hands|Fake Out|p1a: Blaziken
|-activate|p1a: Blaziken|move: Protect
|
|-ability|p1a: Blaziken|Speed Boost|boost
|-boost|p1a: Blaziken|spe|1
|upkeep
|turn|22
|
|t:|1776222962
|move|p1a: Blaziken|Close Combat|p2a: Iron Hands
|-damage|p2a: Iron Hands|0 fnt
|-unboost|p1a: Blaziken|def|1
|-unboost|p1a: Blaziken|spd|1
|faint|p2a: Iron Hands
|-end|p2a: Iron Hands|Quark Drive|[silent]
|-damage|p1a: Blaziken|10/100|[from] item: Life Orb
|
|upkeep
|
|t:|1776222966
|switch|p2a: Latias|Latias, F|100/100
|turn|23
|
|t:|1776222981
|move|p1a: Blaziken|Flare Blitz|p2a: Latias
|-resisted|p2a: Latias
|-damage|p2a: Latias|0 fnt
|faint|p2a: Latias
|-damage|p1a: Blaziken|0 fnt|[from] Recoil
|faint|p1a: Blaziken
|
|win|Callshots
|raw|Callshots's rating: 1104 &rarr; <strong>1130</strong><br />(+26 for winning)
|raw|Dragonjom's rating: 1114 &rarr; <strong>1088</strong><br />(-26 for losing)
|l|☆Dragonjom
|player|p2|
