|html|<div class="broadcast-blue"><strong>[Gen 9] OU is currently suspecting Tera Blast! For information on how to participate check out the <a href="https://www.smogon.com/tools/suspects/view/200">suspect thread</a>.</strong></div>
|j|☆Wuth3rfly
|j|☆contrarystar
|t:|1776046740
|gametype|singles
|player|p1|Wuth3rfly|265|1436
|player|p2|contrarystar|1|1423
|gen|9
|tier|[Gen 9] OU
|rated|
|rule|HP Percentage Mod: HP is shown in percentages
|rule|Endless Battle Clause: Forcing endless battles is banned
|rule|Species Clause: Limit one of each Pokémon
|rule|OHKO Clause: OHKO moves are banned
|rule|Evasion Items Clause: Evasion items are banned
|rule|Evasion Moves Clause: Evasion moves are banned
|rule|Evasion Abilities Clause: Evasion abilities are banned
|rule|Sleep Moves Clause: Sleep-inducing moves are banned
|clearpoke
|poke|p1|Torkoal, M|
|poke|p1|Walking Wake|
|poke|p1|Lilligant-Hisui, F|
|poke|p1|Great Tusk|
|poke|p1|Raging Bolt|
|poke|p1|Kingambit, M|
|poke|p2|Iron Crown|
|poke|p2|Primarina, M|
|poke|p2|Iron Treads|
|poke|p2|Zamazenta-*|
|poke|p2|Moltres|
|poke|p2|Samurott-Hisui, F|
|teampreview
|
|t:|1776046777
|teamsize|p1|6
|teamsize|p2|6
|start
|switch|p1a: Bill Wurtz|Torkoal, M|100/100
|switch|p2a: Samurott|Samurott-Hisui, F|100/100
|-weather|SunnyDay|[from] ability: Drought|[of] p1a: Bill Wurtz
|turn|1
|inactive|Battle timer is ON: inactive players will automatically lose when time's up. (requested by contrarystar)
|
|t:|1776046791
|move|p2a: Samurott|Ceaseless Edge|p1a: Bill Wurtz
|-damage|p1a: Bill Wurtz|70/100
|-sidestart|p1: Wuth3rfly|Spikes
|-damage|p2a: Samurott|91/100|[from] item: Life Orb
|move|p1a: Bill Wurtz|Stealth Rock|p2a: Samurott
|-sidestart|p2: contrarystar|move: Stealth Rock
|
|-weather|SunnyDay|[upkeep]
|upkeep
|turn|2
|
|t:|1776046800
|move|p2a: Samurott|Aqua Cutter|p1a: Bill Wurtz
|-supereffective|p1a: Bill Wurtz
|-damage|p1a: Bill Wurtz|38/100
|-damage|p2a: Samurott|81/100|[from] item: Life Orb
|move|p1a: Bill Wurtz|Rapid Spin|p2a: Samurott
|-damage|p2a: Samurott|67/100
|-boost|p1a: Bill Wurtz|spe|1
|-sideend|p1: Wuth3rfly|Spikes|[from] move: Rapid Spin|[of] p1a: Bill Wurtz
|
|-weather|SunnyDay|[upkeep]
|upkeep
|turn|3
|
|t:|1776046817
|switch|p1a: Squishy|Lilligant-Hisui, F|100/100
|move|p2a: Samurott|Ceaseless Edge|p1a: Squishy
|-resisted|p1a: Squishy
|-damage|p1a: Squishy|54/100
|-sidestart|p1: Wuth3rfly|Spikes
|-damage|p2a: Samurott|57/100|[from] item: Life Orb
|
|-weather|SunnyDay|[upkeep]
|upkeep
|turn|4
|
|t:|1776046839
|switch|p2a: Moltres|Moltres|100/100
|move|p1a: Squishy|Victory Dance|p1a: Squishy
|-boost|p1a: Squishy|atk|1
|-boost|p1a: Squishy|def|1
|-boost|p1a: Squishy|spe|1
|
|-weather|SunnyDay|[upkeep]
|upkeep
|turn|5
|
|t:|1776046849
|move|p1a: Squishy|Ice Spinner|p2a: Moltres
|-damage|p2a: Moltres|57/100
|move|p2a: Moltres|Flamethrower|p1a: Squishy
|-supereffective|p1a: Squishy
|-damage|p1a: Squishy|0 fnt
|faint|p1a: Squishy
|
|-weather|SunnyDay|[upkeep]
|upkeep
|inactive|Wuth3rfly has 120 seconds left.
|
|t:|1776046865
|switch|p1a: Eleanor Forte|Walking Wake|100/100
|-damage|p1a: Eleanor Forte|88/100|[from] Spikes
|-activate|p1a: Eleanor Forte|ability: Protosynthesis
|-start|p1a: Eleanor Forte|protosynthesisspe
|turn|6
|inactive|Wuth3rfly has 120 seconds left.
|inactive|contrarystar has 120 seconds left.
|
|t:|1776046903
|move|p1a: Eleanor Forte|Hydro Steam|p2a: Moltres
|-supereffective|p2a: Moltres
|-damage|p2a: Moltres|0 fnt
|faint|p2a: Moltres
|
|-weather|SunnyDay|[upkeep]
|upkeep
|
|t:|1776046905
|switch|p2a: Primarina|Primarina, M|100/100
|-damage|p2a: Primarina|88/100|[from] Stealth Rock
|turn|7
|inactive|Wuth3rfly has 120 seconds left.
|
|t:|1776046922
|-end|p1a: Eleanor Forte|Protosynthesis|[silent]
|switch|p1a: Fih Eater|Raging Bolt|100/100
|-damage|p1a: Fih Eater|88/100|[from] Spikes
|-activate|p1a: Fih Eater|ability: Protosynthesis
|-start|p1a: Fih Eater|protosynthesisspa
|move|p2a: Primarina|Calm Mind|p2a: Primarina
|-boost|p2a: Primarina|spa|1
|-boost|p2a: Primarina|spd|1
|
|-weather|SunnyDay|[upkeep]
|-heal|p1a: Fih Eater|94/100|[from] item: Leftovers
|-heal|p2a: Primarina|94/100|[from] item: Leftovers
|upkeep
|turn|8
|inactive|Wuth3rfly has 120 seconds left.
|
|t:|1776046935
|move|p1a: Fih Eater|Calm Mind|p1a: Fih Eater
|-boost|p1a: Fih Eater|spa|1
|-boost|p1a: Fih Eater|spd|1
|move|p2a: Primarina|Draining Kiss|p1a: Fih Eater
|-supereffective|p1a: Fih Eater
|-damage|p1a: Fih Eater|52/100
|-heal|p2a: Primarina|100/100|[from] drain|[of] p1a: Fih Eater
|
|-weather|none
|-end|p1a: Fih Eater|Protosynthesis
|-heal|p1a: Fih Eater|58/100|[from] item: Leftovers
|upkeep
|turn|9
|inactive|Wuth3rfly has 120 seconds left.
|
|t:|1776046946
|switch|p2a: Iron Treads|Iron Treads|100/100
|-damage|p2a: Iron Treads|97/100|[from] Stealth Rock
|move|p1a: Fih Eater|Thunderclap||[still]
|-fail|p1a: Fih Eater
|
|-heal|p1a: Fih Eater|64/100|[from] item: Leftovers
|upkeep
|turn|10
|inactive|Wuth3rfly has 120 seconds left.
|
|t:|1776046961
|move|p2a: Iron Treads|Rapid Spin|p1a: Fih Eater
|-crit|p1a: Fih Eater
|-damage|p1a: Fih Eater|49/100
|-boost|p2a: Iron Treads|spe|1
|-sideend|p2: contrarystar|Stealth Rock|[from] move: Rapid Spin|[of] p2a: Iron Treads
|move|p1a: Fih Eater|Draco Meteor|p2a: Iron Treads
|-resisted|p2a: Iron Treads
|-damage|p2a: Iron Treads|49/100
|-unboost|p1a: Fih Eater|spa|2
|
|-heal|p1a: Fih Eater|55/100|[from] item: Leftovers
|upkeep
|turn|11
|inactive|Wuth3rfly has 120 seconds left.
|
|t:|1776046975
|-end|p1a: Fih Eater|Protosynthesis|[silent]
|switch|p1a: Bill Wurtz|Torkoal, M|38/100
|-damage|p1a: Bill Wurtz|26/100|[from] Spikes
|-weather|SunnyDay|[from] ability: Drought|[of] p1a: Bill Wurtz
|move|p2a: Iron Treads|Iron Head|p1a: Bill Wurtz
|-resisted|p1a: Bill Wurtz
|-damage|p1a: Bill Wurtz|16/100
|
|-weather|SunnyDay|[upkeep]
|upkeep
|turn|12
|inactive|Wuth3rfly has 120 seconds left.
|
|t:|1776046987
|-end|p2a: Iron Treads|Quark Drive|[silent]
|switch|p2a: Samurott|Samurott-Hisui, F|57/100
|switch|p1a: 2/3 Def 2/3 SpDef|Great Tusk|100/100
|-damage|p1a: 2/3 Def 2/3 SpDef|88/100|[from] Spikes
|-activate|p1a: 2/3 Def 2/3 SpDef|ability: Protosynthesis
|-start|p1a: 2/3 Def 2/3 SpDef|protosynthesisatk
|
|-weather|SunnyDay|[upkeep]
|-heal|p1a: 2/3 Def 2/3 SpDef|94/100|[from] item: Leftovers
|upkeep
|turn|13
|inactive|Wuth3rfly has 120 seconds left.
|
|t:|1776047013
|move|p2a: Samurott|Ceaseless Edge|p1a: 2/3 Def 2/3 SpDef
|-resisted|p1a: 2/3 Def 2/3 SpDef
|-damage|p1a: 2/3 Def 2/3 SpDef|75/100
|-sidestart|p1: Wuth3rfly|Spikes
|-damage|p2a: Samurott|47/100|[from] item: Life Orb
|move|p1a: 2/3 Def 2/3 SpDef|Rapid Spin|p2a: Samurott
|-damage|p2a: Samurott|18/100
|-boost|p1a: 2/3 Def 2/3 SpDef|spe|1
|-sideend|p1: Wuth3rfly|Spikes|[from] move: Rapid Spin|[of] p1a: 2/3 Def 2/3 SpDef
|
|-weather|SunnyDay|[upkeep]
|-heal|p1a: 2/3 Def 2/3 SpDef|81/100|[from] item: Leftovers
|upkeep
|turn|14
|inactive|Wuth3rfly has 120 seconds left.
|
|t:|1776047026
|move|p1a: 2/3 Def 2/3 SpDef|Rapid Spin|p2a: Samurott
|-damage|p2a: Samurott|0 fnt
|-boost|p1a: 2/3 Def 2/3 SpDef|spe|1
|faint|p2a: Samurott
|
|-weather|SunnyDay|[upkeep]
|-heal|p1a: 2/3 Def 2/3 SpDef|88/100|[from] item: Leftovers
|upkeep
|
|t:|1776047032
|switch|p2a: Zamazenta|Zamazenta|100/100
|-ability|p2a: Zamazenta|Dauntless Shield|boost
|-boost|p2a: Zamazenta|def|1
|turn|15
|
|t:|1776047039
|-end|p1a: 2/3 Def 2/3 SpDef|Protosynthesis|[silent]
|switch|p1a: Eleanor Forte|Walking Wake|88/100
|-activate|p1a: Eleanor Forte|ability: Protosynthesis
|-start|p1a: Eleanor Forte|protosynthesisspe
|move|p2a: Zamazenta|Iron Defense|p2a: Zamazenta
|-boost|p2a: Zamazenta|def|2
|
|-weather|SunnyDay|[upkeep]
|upkeep
|turn|16
|
|t:|1776047053
|move|p1a: Eleanor Forte|Hydro Steam|p2a: Zamazenta
|-crit|p2a: Zamazenta
|-damage|p2a: Zamazenta|0 fnt
|faint|p2a: Zamazenta
|
|-weather|SunnyDay|[upkeep]
|upkeep
|inactive|contrarystar has 120 seconds left.
|
|t:|1776047091
|switch|p2a: Primarina|Primarina, M|100/100
|turn|17
|
|t:|1776047104
|-end|p1a: Eleanor Forte|Protosynthesis|[silent]
|switch|p1a: Fih Eater|Raging Bolt|55/100
|-activate|p1a: Fih Eater|ability: Protosynthesis
|-start|p1a: Fih Eater|protosynthesisspa
|move|p2a: Primarina|Calm Mind|p2a: Primarina
|-boost|p2a: Primarina|spa|1
|-boost|p2a: Primarina|spd|1
|
|-weather|SunnyDay|[upkeep]
|-heal|p1a: Fih Eater|61/100|[from] item: Leftovers
|upkeep
|turn|18
|
|t:|1776047115
|move|p1a: Fih Eater|Thunderclap|p2a: Primarina
|-supereffective|p2a: Primarina
|-damage|p2a: Primarina|43/100
|move|p2a: Primarina|Draining Kiss|p1a: Fih Eater
|-supereffective|p1a: Fih Eater
|-damage|p1a: Fih Eater|0 fnt
|-heal|p2a: Primarina|99/100|[from] drain|[of] p1a: Fih Eater
|faint|p1a: Fih Eater
|-end|p1a: Fih Eater|Protosynthesis|[silent]
|
|-weather|none
|-heal|p2a: Primarina|100/100|[from] item: Leftovers
|upkeep
|
|t:|1776047133
|switch|p1a: Bill Wurtz|Torkoal, M|16/100
|-weather|SunnyDay|[from] ability: Drought|[of] p1a: Bill Wurtz
|turn|19
|
|t:|1776047139
|move|p2a: Primarina|Calm Mind|p2a: Primarina
|-boost|p2a: Primarina|spa|1
|-boost|p2a: Primarina|spd|1
|move|p1a: Bill Wurtz|Will-O-Wisp|p2a: Primarina|[miss]
|-miss|p1a: Bill Wurtz|p2a: Primarina
|
|-weather|SunnyDay|[upkeep]
|upkeep
|turn|20
|
|t:|1776047148
|move|p2a: Primarina|Hyper Voice|p1a: Bill Wurtz
|-supereffective|p1a: Bill Wurtz
|-damage|p1a: Bill Wurtz|0 fnt
|faint|p1a: Bill Wurtz
|
|-weather|SunnyDay|[upkeep]
|upkeep
|
|t:|1776047161
|switch|p1a: Xiao|Kingambit, M|100/100
|-activate|p1a: Xiao|ability: Supreme Overlord
|-start|p1a: Xiao|fallen3|[silent]
|turn|21
|
|t:|1776047171
|move|p2a: Primarina|Draining Kiss|p1a: Xiao
|-damage|p1a: Xiao|45/100
|move|p1a: Xiao|Swords Dance|p1a: Xiao
|-boost|p1a: Xiao|atk|2
|
|-weather|SunnyDay|[upkeep]
|-heal|p1a: Xiao|51/100|[from] item: Leftovers
|upkeep
|turn|22
|
|t:|1776047181
|move|p1a: Xiao|Sucker Punch|p2a: Primarina
|-resisted|p2a: Primarina
|-damage|p2a: Primarina|37/100
|move|p2a: Primarina|Draining Kiss|p1a: Xiao
|-damage|p1a: Xiao|0 fnt
|-heal|p2a: Primarina|80/100|[from] drain|[of] p1a: Xiao
|faint|p1a: Xiao
|-end|p1a: Xiao|fallen3|[silent]
|
|-weather|SunnyDay|[upkeep]
|-heal|p2a: Primarina|86/100|[from] item: Leftovers
|upkeep
|
|t:|1776047194
|switch|p1a: 2/3 Def 2/3 SpDef|Great Tusk|88/100
|-activate|p1a: 2/3 Def 2/3 SpDef|ability: Protosynthesis
|-start|p1a: 2/3 Def 2/3 SpDef|protosynthesisatk
|turn|23
|inactive|contrarystar has 120 seconds left.
|
|t:|1776047241
|switch|p2a: Iron Treads|Iron Treads|49/100
|move|p1a: 2/3 Def 2/3 SpDef|Headlong Rush|p2a: Iron Treads
|-supereffective|p2a: Iron Treads
|-damage|p2a: Iron Treads|0 fnt
|-unboost|p1a: 2/3 Def 2/3 SpDef|def|1
|-unboost|p1a: 2/3 Def 2/3 SpDef|spd|1
|faint|p2a: Iron Treads
|-end|p2a: Iron Treads|Quark Drive|[silent]
|
|-weather|SunnyDay|[upkeep]
|-heal|p1a: 2/3 Def 2/3 SpDef|94/100|[from] item: Leftovers
|upkeep
|
|t:|1776047243
|switch|p2a: Iron Crown|Iron Crown|100/100
|turn|24
|
|t:|1776047260
|-terastallize|p1a: 2/3 Def 2/3 SpDef|Grass
|move|p2a: Iron Crown|Psychic Noise|p1a: 2/3 Def 2/3 SpDef
|-damage|p1a: 2/3 Def 2/3 SpDef|0 fnt
|faint|p1a: 2/3 Def 2/3 SpDef
|-end|p1a: 2/3 Def 2/3 SpDef|Protosynthesis|[silent]
|
|-weather|SunnyDay|[upkeep]
|upkeep
|
|t:|1776047269
|switch|p1a: Eleanor Forte|Walking Wake|88/100
|-activate|p1a: Eleanor Forte|ability: Protosynthesis
|-start|p1a: Eleanor Forte|protosynthesisspe
|turn|25
|
|t:|1776047278
|move|p1a: Eleanor Forte|Hydro Steam|p2a: Iron Crown
|-damage|p2a: Iron Crown|10/100
|move|p2a: Iron Crown|Psychic Noise|p1a: Eleanor Forte
|-damage|p1a: Eleanor Forte|13/100
|-start|p1a: Eleanor Forte|move: Heal Block
|
|-weather|SunnyDay|[upkeep]
|upkeep
|turn|26
|
|t:|1776047288
|move|p1a: Eleanor Forte|Hydro Steam|p2a: Iron Crown
|-damage|p2a: Iron Crown|0 fnt
|faint|p2a: Iron Crown
|-end|p2a: Iron Crown|Quark Drive|[silent]
|
|-weather|none
|-end|p1a: Eleanor Forte|Protosynthesis
|-end|p1a: Eleanor Forte|move: Heal Block
|upkeep
|
|t:|1776047290
|switch|p2a: Primarina|Primarina, M|86/100
|turn|27
|-message|Wuth3rfly forfeited.
|
|win|contrarystar
|raw|Wuth3rfly's rating: 1436 &rarr; <strong>1415</strong><br />(-21 for losing)
|raw|contrarystar's rating: 1423 &rarr; <strong>1444</strong><br />(+21 for winning)
|l|☆Wuth3rfly
|player|p1|
