|html|<div class="broadcast-blue"><strong>[Gen 9] OU is currently suspecting Tera Blast! For information on how to participate check out the <a href="https://www.smogon.com/tools/suspects/view/200">suspect thread</a>.</strong></div>
|j|☆Feepenburg
|j|☆calio5
|t:|1776100262
|gametype|singles
|player|p1|Feepenburg|unknown|1357
|player|p2|calio5|170|1458
|gen|9
|tier|[Gen 9] OU
|rated|
|rule|HP Percentage Mod: HP is shown in percentages
|rule|Endless Battle Clause: Forcing endless battles is banned
|rule|Species Clause: Limit one of each Pokémon
|rule|OHKO Clause: OHKO moves are banned
|rule|Evasion Items Clause: Evasion items are banned
|rule|Evasion Moves Clause: Evasion moves are banned
|rule|Evasion Abilities Clause: Evasion abilities are banned
|rule|Sleep Moves Clause: Sleep-inducing moves are banned
|clearpoke
|poke|p1|Typhlosion-Hisui, M|
|poke|p1|Breloom, M|
|poke|p1|Lokix, M|
|poke|p1|Haxorus, F|
|poke|p1|Iron Moth|
|poke|p1|Great Tusk|
|poke|p2|Zapdos|
|poke|p2|Volcanion|
|poke|p2|Corviknight, F|
|poke|p2|Clodsire, M|
|poke|p2|Dondozo, F|
|poke|p2|Politoed, M|
|teampreview
|inactive|Battle timer is ON: inactive players will automatically lose when time's up. (requested by Feepenburg)
|
|t:|1776100277
|teamsize|p1|6
|teamsize|p2|6
|start
|switch|p1a: Iron Moth|Iron Moth|100/100
|switch|p2a: Volcanion|Volcanion|100/100
|-enditem|p1a: Iron Moth|Booster Energy
|-activate|p1a: Iron Moth|ability: Quark Drive|[fromitem]
|-start|p1a: Iron Moth|quarkdrivespa
|turn|1
|
|t:|1776100290
|move|p1a: Iron Moth|Sludge Wave|p2a: Volcanion
|-damage|p2a: Volcanion|29/100
|move|p2a: Volcanion|Steam Eruption|p1a: Iron Moth
|-supereffective|p1a: Iron Moth
|-damage|p1a: Iron Moth|0 fnt
|faint|p1a: Iron Moth
|-end|p1a: Iron Moth|Quark Drive|[silent]
|
|upkeep
|inactive|Feepenburg has 120 seconds left.
|
|t:|1776100331
|switch|p1a: Great Tusk|Great Tusk|100/100
|-enditem|p1a: Great Tusk|Booster Energy
|-activate|p1a: Great Tusk|ability: Protosynthesis|[fromitem]
|-start|p1a: Great Tusk|protosynthesisatk
|turn|2
|
|t:|1776100338
|move|p1a: Great Tusk|Knock Off|p2a: Volcanion
|-damage|p2a: Volcanion|0 fnt
|-enditem|p2a: Volcanion|Heavy-Duty Boots|[from] move: Knock Off|[of] p1a: Great Tusk
|faint|p2a: Volcanion
|
|upkeep
|
|t:|1776100343
|switch|p2a: Politoed|Politoed, M|100/100
|-weather|RainDance|[from] ability: Drizzle|[of] p2a: Politoed
|turn|3
|
|t:|1776100348
|switch|p2a: Zapdos|Zapdos|100/100
|move|p1a: Great Tusk|Close Combat|p2a: Zapdos
|-resisted|p2a: Zapdos
|-damage|p2a: Zapdos|50/100
|-unboost|p1a: Great Tusk|def|1
|-unboost|p1a: Great Tusk|spd|1
|-status|p1a: Great Tusk|par|[from] ability: Static|[of] p2a: Zapdos
|
|-weather|RainDance|[upkeep]
|upkeep
|turn|4
|
|t:|1776100361
|move|p2a: Zapdos|Hurricane|p1a: Great Tusk
|-supereffective|p1a: Great Tusk
|-damage|p1a: Great Tusk|0 fnt
|faint|p1a: Great Tusk
|-end|p1a: Great Tusk|Protosynthesis|[silent]
|
|-weather|RainDance|[upkeep]
|upkeep
|inactive|Feepenburg has 120 seconds left.
|
|t:|1776100372
|switch|p1a: Haxorus|Haxorus, F|100/100
|-ability|p1a: Haxorus|Mold Breaker
|turn|5
|inactive|Feepenburg has 120 seconds left.
|
|t:|1776100385
|switch|p2a: Dondozo|Dondozo, F|100/100
|move|p1a: Haxorus|Dragon Dance|p1a: Haxorus
|-boost|p1a: Haxorus|atk|1
|-boost|p1a: Haxorus|spe|1
|
|-weather|RainDance|[upkeep]
|upkeep
|turn|6
|
|t:|1776100397
|move|p1a: Haxorus|Dragon Dance|p1a: Haxorus
|-boost|p1a: Haxorus|atk|1
|-boost|p1a: Haxorus|spe|1
|move|p2a: Dondozo|Avalanche|p1a: Haxorus
|-supereffective|p1a: Haxorus
|-damage|p1a: Haxorus|54/100
|
|-weather|RainDance|[upkeep]
|upkeep
|turn|7
|
|t:|1776100405
|move|p1a: Haxorus|Dragon Dance|p1a: Haxorus
|-boost|p1a: Haxorus|atk|1
|-boost|p1a: Haxorus|spe|1
|move|p2a: Dondozo|Avalanche|p1a: Haxorus
|-supereffective|p1a: Haxorus
|-damage|p1a: Haxorus|10/100
|
|-weather|RainDance|[upkeep]
|upkeep
|turn|8
|
|t:|1776100414
|move|p1a: Haxorus|Scale Shot|p2a: Dondozo
|-damage|p2a: Dondozo|81/100
|-damage|p2a: Dondozo|63/100
|-damage|p2a: Dondozo|45/100
|-damage|p2a: Dondozo|25/100
|-damage|p2a: Dondozo|4/100
|-hitcount|p2a: Dondozo|5
|-unboost|p1a: Haxorus|def|1
|-boost|p1a: Haxorus|spe|1
|move|p2a: Dondozo|Earthquake|p1a: Haxorus
|-crit|p1a: Haxorus
|-damage|p1a: Haxorus|0 fnt
|faint|p1a: Haxorus
|
|-weather|RainDance|[upkeep]
|-heal|p2a: Dondozo|10/100|[from] item: Leftovers
|upkeep
|inactive|Feepenburg has 120 seconds left.
|
|t:|1776100453
|switch|p1a: Lokix|Lokix, M, shiny|100/100
|turn|9
|
|t:|1776100474
|move|p1a: Lokix|Knock Off|p2a: Dondozo
|-damage|p2a: Dondozo|0 fnt
|-enditem|p2a: Dondozo|Leftovers|[from] move: Knock Off|[of] p1a: Lokix
|faint|p2a: Dondozo
|
|-weather|RainDance|[upkeep]
|upkeep
|
|t:|1776100481
|switch|p2a: Zapdos|Zapdos|50/100
|turn|10
|inactive|Feepenburg has 120 seconds left.
|
|t:|1776100508
|move|p1a: Lokix|Sucker Punch|p2a: Zapdos
|-damage|p2a: Zapdos|16/100
|move|p2a: Zapdos|Hurricane|p1a: Lokix
|-supereffective|p1a: Lokix
|-damage|p1a: Lokix|0 fnt
|faint|p1a: Lokix
|
|-weather|none
|upkeep
|
|t:|1776100518
|switch|p1a: Typhlosion|Typhlosion-Hisui, M|100/100
|turn|11
|
|t:|1776100532
|switch|p2a: Politoed|Politoed, M|100/100
|-weather|RainDance|[from] ability: Drizzle|[of] p2a: Politoed
|move|p1a: Typhlosion|Shadow Ball|p2a: Politoed
|-damage|p2a: Politoed|73/100
|-unboost|p2a: Politoed|spd|1
|
|-weather|RainDance|[upkeep]
|upkeep
|turn|12
|
|t:|1776100543
|switch|p1a: Breloom|Breloom, M|100/100
|switch|p2a: Clodsire|Clodsire, M|100/100
|
|-weather|RainDance|[upkeep]
|upkeep
|turn|13
|
|t:|1776100551
|move|p1a: Breloom|Bullet Seed|p2a: Clodsire
|-damage|p2a: Clodsire|62/100
|-damage|p2a: Clodsire|22/100
|-crit|p2a: Clodsire
|-damage|p2a: Clodsire|0 fnt
|faint|p2a: Clodsire
|-hitcount|p2: Clodsire|3
|
|-weather|RainDance|[upkeep]
|upkeep
|
|t:|1776100571
|switch|p2a: Zapdos|Zapdos|16/100
|turn|14
|
|t:|1776100575
|switch|p1a: Typhlosion|Typhlosion-Hisui, M|100/100
|move|p2a: Zapdos|Hurricane|p1a: Typhlosion
|-damage|p1a: Typhlosion|28/100
|
|-weather|RainDance|[upkeep]
|upkeep
|turn|15
|inactive|Feepenburg has 120 seconds left.
|
|t:|1776100592
|switch|p2a: Politoed|Politoed, M|73/100
|move|p1a: Typhlosion|Flamethrower|p2a: Politoed
|-resisted|p2a: Politoed
|-damage|p2a: Politoed|60/100
|
|-weather|RainDance|[upkeep]
|upkeep
|turn|16
|inactive|Feepenburg has 120 seconds left.
|
|t:|1776100615
|switch|p1a: Breloom|Breloom, M|100/100
|move|p2a: Politoed|Surf|p1a: Breloom
|-resisted|p1a: Breloom
|-damage|p1a: Breloom|58/100
|
|-weather|RainDance|[upkeep]
|upkeep
|turn|17
|
|t:|1776100630
|switch|p2a: Corviknight|Corviknight, F|100/100
|-ability|p2a: Corviknight|Pressure
|-terastallize|p1a: Breloom|Fighting
|move|p1a: Breloom|Mach Punch|p2a: Corviknight
|-damage|p2a: Corviknight|44/100
|-damage|p1a: Breloom|41/100|[from] item: Rocky Helmet|[of] p2a: Corviknight
|
|-weather|RainDance|[upkeep]
|upkeep
|turn|18
|
|t:|1776100643
|-terastallize|p2a: Corviknight|Flying
|move|p1a: Breloom|Mach Punch|p2a: Corviknight
|-resisted|p2a: Corviknight
|-damage|p2a: Corviknight|17/100
|-damage|p1a: Breloom|25/100|[from] item: Rocky Helmet|[of] p2a: Corviknight
|move|p2a: Corviknight|Roost|p2a: Corviknight
|-heal|p2a: Corviknight|67/100
|-hint|If a Terastallized Pokemon uses Roost, it remains Flying-type.
|
|-weather|none
|upkeep
|turn|19
|
|t:|1776100654
|switch|p1a: Typhlosion|Typhlosion-Hisui, M|28/100
|move|p2a: Corviknight|Roost|p2a: Corviknight
|-heal|p2a: Corviknight|100/100
|-hint|If a Terastallized Pokemon uses Roost, it remains Flying-type.
|
|upkeep
|turn|20
|
|t:|1776100676
|switch|p2a: Politoed|Politoed, M|60/100
|-weather|RainDance|[from] ability: Drizzle|[of] p2a: Politoed
|move|p1a: Typhlosion|Shadow Ball|p2a: Politoed
|-damage|p2a: Politoed|31/100
|
|-weather|RainDance|[upkeep]
|upkeep
|turn|21
|
|t:|1776100685
|move|p1a: Typhlosion|Shadow Ball|p2a: Politoed
|-damage|p2a: Politoed|0 fnt
|faint|p2a: Politoed
|
|-weather|RainDance|[upkeep]
|upkeep
|
|t:|1776100690
|switch|p2a: Corviknight|Corviknight, F, tera:Flying|100/100
|-ability|p2a: Corviknight|Pressure
|turn|22
|
|t:|1776100698
|move|p1a: Typhlosion|Shadow Ball|p2a: Corviknight
|-damage|p2a: Corviknight|71/100
|move|p2a: Corviknight|Sand Attack|p1a: Typhlosion
|-unboost|p1a: Typhlosion|accuracy|1
|
|-weather|RainDance|[upkeep]
|upkeep
|turn|23
|
|t:|1776100708
|move|p1a: Typhlosion|Shadow Ball|p2a: Corviknight
|-damage|p2a: Corviknight|40/100
|move|p2a: Corviknight|Roost|p2a: Corviknight
|-heal|p2a: Corviknight|90/100
|-hint|If a Terastallized Pokemon uses Roost, it remains Flying-type.
|
|-weather|RainDance|[upkeep]
|upkeep
|turn|24
|
|t:|1776100718
|move|p1a: Typhlosion|Shadow Ball|p2a: Corviknight|[miss]
|-miss|p1a: Typhlosion|p2a: Corviknight
|move|p2a: Corviknight|Sand Attack|p1a: Typhlosion
|-unboost|p1a: Typhlosion|accuracy|1
|
|-weather|RainDance|[upkeep]
|upkeep
|turn|25
|
|t:|1776100728
|switch|p1a: Breloom|Breloom, M, tera:Fighting|25/100
|move|p2a: Corviknight|Body Press|p1a: Breloom
|-damage|p1a: Breloom|0 fnt
|faint|p1a: Breloom
|
|-weather|RainDance|[upkeep]
|upkeep
|
|t:|1776100737
|switch|p1a: Typhlosion|Typhlosion-Hisui, M|28/100
|turn|26
|
|t:|1776100742
|move|p1a: Typhlosion|Flamethrower|p2a: Corviknight
|-damage|p2a: Corviknight|65/100
|move|p2a: Corviknight|Sand Attack|p1a: Typhlosion
|-unboost|p1a: Typhlosion|accuracy|1
|
|-weather|RainDance|[upkeep]
|upkeep
|turn|27
|
|t:|1776100749
|move|p1a: Typhlosion|Flamethrower|p2a: Corviknight|[miss]
|-miss|p1a: Typhlosion|p2a: Corviknight
|move|p2a: Corviknight|Sand Attack|p1a: Typhlosion
|-unboost|p1a: Typhlosion|accuracy|1
|
|-weather|none
|upkeep
|turn|28
|
|t:|1776100757
|move|p1a: Typhlosion|Flamethrower|p2a: Corviknight
|-damage|p2a: Corviknight|14/100
|move|p2a: Corviknight|Sand Attack|p1a: Typhlosion
|-unboost|p1a: Typhlosion|accuracy|1
|
|upkeep
|turn|29
|
|t:|1776100764
|move|p1a: Typhlosion|Flamethrower|p2a: Corviknight|[miss]
|-miss|p1a: Typhlosion|p2a: Corviknight
|move|p2a: Corviknight|Roost|p2a: Corviknight
|-heal|p2a: Corviknight|64/100
|-hint|If a Terastallized Pokemon uses Roost, it remains Flying-type.
|
|upkeep
|turn|30
|
|t:|1776100770
|move|p1a: Typhlosion|Flamethrower|p2a: Corviknight
|-damage|p2a: Corviknight|11/100
|move|p2a: Corviknight|Sand Attack|p1a: Typhlosion
|-unboost|p1a: Typhlosion|accuracy|1
|
|upkeep
|turn|31
|
|t:|1776100777
|move|p1a: Typhlosion|Flamethrower|p2a: Corviknight|[miss]
|-miss|p1a: Typhlosion|p2a: Corviknight
|move|p2a: Corviknight|Sand Attack|p1a: Typhlosion
|-unboost|p1a: Typhlosion|accuracy|1
|
|upkeep
|turn|32
|
|t:|1776100786
|move|p1a: Typhlosion|Flamethrower|p2a: Corviknight|[miss]
|-miss|p1a: Typhlosion|p2a: Corviknight
|move|p2a: Corviknight|Defog|p1a: Typhlosion
|-unboost|p1a: Typhlosion|evasion|1
|
|upkeep
|turn|33
|
|t:|1776100792
|move|p1a: Typhlosion|Flamethrower|p2a: Corviknight|[miss]
|-miss|p1a: Typhlosion|p2a: Corviknight
|move|p2a: Corviknight|Defog|p1a: Typhlosion
|-unboost|p1a: Typhlosion|evasion|1
|
|upkeep
|turn|34
|
|t:|1776100799
|move|p1a: Typhlosion|Flamethrower|p2a: Corviknight|[miss]
|-miss|p1a: Typhlosion|p2a: Corviknight
|move|p2a: Corviknight|Defog|p1a: Typhlosion
|-unboost|p1a: Typhlosion|evasion|1
|
|upkeep
|turn|35
|
|t:|1776100805
|move|p1a: Typhlosion|Flamethrower|p2a: Corviknight
|-damage|p2a: Corviknight|0 fnt
|faint|p2a: Corviknight
|
|upkeep
|
|t:|1776100811
|switch|p2a: Zapdos|Zapdos|16/100
|turn|36
|
|t:|1776100815
|move|p1a: Typhlosion|Flamethrower|p2a: Zapdos|[miss]
|-miss|p1a: Typhlosion|p2a: Zapdos
|move|p2a: Zapdos|Thunder|p1a: Typhlosion
|-damage|p1a: Typhlosion|0 fnt
|faint|p1a: Typhlosion
|
|win|calio5
|raw|Feepenburg's rating: 1357 &rarr; <strong>1343</strong><br />(-14 for losing)
|raw|calio5's rating: 1458 &rarr; <strong>1472</strong><br />(+14 for winning)
|l|☆Feepenburg
|player|p1|
|l|☆calio5
|player|p2|
