|html|<div class="broadcast-blue"><strong>[Gen 9] OU is currently suspecting Tera Blast! For information on how to participate check out the <a href="https://www.smogon.com/tools/suspects/view/200">suspect thread</a>.</strong></div>
|j|☆mothfox
|j|☆profesorbonan
|t:|1776176049
|gametype|singles
|player|p1|mothfox|colress|1196
|player|p2|profesorbonan|1|1150
|gen|9
|tier|[Gen 9] OU
|rated|
|rule|HP Percentage Mod: HP is shown in percentages
|rule|Endless Battle Clause: Forcing endless battles is banned
|rule|Species Clause: Limit one of each Pokémon
|rule|OHKO Clause: OHKO moves are banned
|rule|Evasion Items Clause: Evasion items are banned
|rule|Evasion Moves Clause: Evasion moves are banned
|rule|Evasion Abilities Clause: Evasion abilities are banned
|rule|Sleep Moves Clause: Sleep-inducing moves are banned
|clearpoke
|poke|p1|Dragonite, M|
|poke|p1|Clefable, F|
|poke|p1|Gliscor, M|
|poke|p1|Gholdengo|
|poke|p1|Zamazenta-*|
|poke|p1|Ogerpon-Wellspring, F|
|poke|p2|Zamazenta-*|
|poke|p2|Kyurem|
|poke|p2|Iron Treads|
|poke|p2|Tornadus-Therian, M|
|poke|p2|Pecharunt|
|poke|p2|Ting-Lu|
|teampreview
|inactive|Battle timer is ON: inactive players will automatically lose when time's up. (requested by mothfox)
|c|☆mothfox|glhf
|c|☆profesorbonan|ty u2
|
|t:|1776176068
|teamsize|p1|6
|teamsize|p2|6
|start
|switch|p1a: Clefable|Clefable, F|100/100
|switch|p2a: Ting-Lu|Ting-Lu|100/100
|-ability|p2a: Ting-Lu|Vessel of Ruin
|turn|1
|
|t:|1776176078
|move|p1a: Clefable|Knock Off|p2a: Ting-Lu
|-resisted|p2a: Ting-Lu
|-damage|p2a: Ting-Lu|97/100
|-enditem|p2a: Ting-Lu|Leftovers|[from] move: Knock Off|[of] p1a: Clefable
|move|p2a: Ting-Lu|Spikes|p1a: Clefable
|-sidestart|p1: mothfox|Spikes
|
|upkeep
|turn|2
|
|t:|1776176083
|move|p1a: Clefable|Stealth Rock|p2a: Ting-Lu
|-sidestart|p2: profesorbonan|move: Stealth Rock
|move|p2a: Ting-Lu|Spikes|p1a: Clefable
|-sidestart|p1: mothfox|Spikes
|
|upkeep
|turn|3
|
|t:|1776176091
|move|p1a: Clefable|Moonblast|p2a: Ting-Lu
|-supereffective|p2a: Ting-Lu
|-damage|p2a: Ting-Lu|65/100
|move|p2a: Ting-Lu|Spikes|p1a: Clefable
|-sidestart|p1: mothfox|Spikes
|
|upkeep
|turn|4
|
|t:|1776176096
|move|p1a: Clefable|Moonblast|p2a: Ting-Lu
|-supereffective|p2a: Ting-Lu
|-damage|p2a: Ting-Lu|36/100
|-unboost|p2a: Ting-Lu|spa|1
|move|p2a: Ting-Lu|Ruination|p1a: Clefable
|-damage|p1a: Clefable|50/100
|
|upkeep
|turn|5
|
|t:|1776176107
|move|p1a: Clefable|Moonblast|p2a: Ting-Lu
|-supereffective|p2a: Ting-Lu
|-damage|p2a: Ting-Lu|6/100
|move|p2a: Ting-Lu|Whirlwind|p1a: Clefable
|drag|p1a: Dragonite|Dragonite, M|100/100
|
|upkeep
|turn|6
|
|t:|1776176117
|move|p1a: Dragonite|Extreme Speed|p2a: Ting-Lu
|-damage|p2a: Ting-Lu|0 fnt
|faint|p2a: Ting-Lu
|
|upkeep
|
|t:|1776176140
|switch|p2a: Iron Treads|Iron Treads|100/100
|-damage|p2a: Iron Treads|97/100|[from] Stealth Rock
|turn|7
|
|t:|1776176162
|move|p2a: Iron Treads|Rapid Spin|p1a: Dragonite
|-damage|p1a: Dragonite|93/100
|-boost|p2a: Iron Treads|spe|1
|-sideend|p2: profesorbonan|Stealth Rock|[from] move: Rapid Spin|[of] p2a: Iron Treads
|move|p1a: Dragonite|Dragon Dance|p1a: Dragonite
|-boost|p1a: Dragonite|atk|1
|-boost|p1a: Dragonite|spe|1
|
|-heal|p2a: Iron Treads|100/100|[from] item: Leftovers
|upkeep
|turn|8
|
|t:|1776176172
|move|p2a: Iron Treads|Ice Spinner|p1a: Dragonite
|-supereffective|p1a: Dragonite
|-damage|p1a: Dragonite|1/100
|move|p1a: Dragonite|Earthquake|p2a: Iron Treads
|-supereffective|p2a: Iron Treads
|-damage|p2a: Iron Treads|13/100
|
|-heal|p2a: Iron Treads|19/100|[from] item: Leftovers
|upkeep
|turn|9
|
|t:|1776176197
|move|p1a: Dragonite|Extreme Speed|p2a: Iron Treads
|-resisted|p2a: Iron Treads
|-damage|p2a: Iron Treads|2/100
|move|p2a: Iron Treads|Rapid Spin|p1a: Dragonite
|-damage|p1a: Dragonite|0 fnt
|-boost|p2a: Iron Treads|spe|1
|faint|p1a: Dragonite
|
|-heal|p2a: Iron Treads|8/100|[from] item: Leftovers
|upkeep
|c|☆mothfox|fack
|inactive|mothfox has 120 seconds left.
|
|t:|1776176207
|switch|p1a: Gliscor|Gliscor, M|100/100
|turn|10
|
|t:|1776176211
|move|p1a: Gliscor|Protect|p1a: Gliscor
|-singleturn|p1a: Gliscor|Protect
|move|p2a: Iron Treads|Ice Spinner|p1a: Gliscor
|-activate|p1a: Gliscor|move: Protect
|
|-heal|p2a: Iron Treads|14/100|[from] item: Leftovers
|-status|p1a: Gliscor|tox|[from] item: Toxic Orb
|upkeep
|turn|11
|
|t:|1776176220
|move|p2a: Iron Treads|Stealth Rock|p1a: Gliscor
|-sidestart|p1: mothfox|move: Stealth Rock
|move|p1a: Gliscor|Knock Off|p2a: Iron Treads
|-damage|p2a: Iron Treads|0 fnt
|-enditem|p2a: Iron Treads|Leftovers|[from] move: Knock Off|[of] p1a: Gliscor
|faint|p2a: Iron Treads
|-end|p2a: Iron Treads|Quark Drive|[silent]
|
|upkeep
|
|t:|1776176226
|switch|p2a: Kyurem|Kyurem|100/100
|-ability|p2a: Kyurem|Pressure
|turn|12
|
|t:|1776176241
|switch|p1a: Zamazenta|Zamazenta|100/100
|-damage|p1a: Zamazenta|76/100|[from] Spikes
|-damage|p1a: Zamazenta|69/100|[from] Stealth Rock
|-ability|p1a: Zamazenta|Dauntless Shield|boost
|-boost|p1a: Zamazenta|def|1
|move|p2a: Kyurem|Ice Beam|p1a: Zamazenta
|-damage|p1a: Zamazenta|25/100
|
|-heal|p1a: Zamazenta|31/100|[from] item: Leftovers
|upkeep
|turn|13
|
|t:|1776176257
|-terastallize|p2a: Kyurem|Fairy
|move|p1a: Zamazenta|Body Press|p2a: Kyurem
|-resisted|p2a: Kyurem
|-damage|p2a: Kyurem|80/100
|move|p2a: Kyurem|Ice Beam|p1a: Zamazenta
|-damage|p1a: Zamazenta|0 fnt
|faint|p1a: Zamazenta
|
|upkeep
|
|t:|1776176275
|switch|p1a: Clefable|Clefable, F|50/100
|turn|14
|
|t:|1776176284
|move|p2a: Kyurem|Ice Beam|p1a: Clefable
|-damage|p1a: Clefable|5/100
|-status|p1a: Clefable|frz
|cant|p1a: Clefable|frz
|
|upkeep
|turn|15
|
|t:|1776176293
|move|p2a: Kyurem|Ice Beam|p1a: Clefable
|-damage|p1a: Clefable|0 fnt
|faint|p1a: Clefable
|
|upkeep
|
|t:|1776176297
|switch|p1a: JIm|Gholdengo|100/100
|-damage|p1a: JIm|76/100|[from] Spikes
|-damage|p1a: JIm|70/100|[from] Stealth Rock
|turn|16
|
|t:|1776176305
|move|p1a: JIm|Make It Rain|p2a: Kyurem
|-supereffective|p2a: Kyurem
|-damage|p2a: Kyurem|3/100
|-unboost|p1a: JIm|spa|1
|move|p2a: Kyurem|Earth Power|p1a: JIm
|-supereffective|p1a: JIm
|-damage|p1a: JIm|0 fnt
|faint|p1a: JIm
|
|upkeep
|c|☆mothfox|gg
|-message|mothfox forfeited.
|
|win|profesorbonan
|raw|mothfox's rating: 1196 &rarr; <strong>1168</strong><br />(-28 for losing)
|raw|profesorbonan's rating: 1150 &rarr; <strong>1178</strong><br />(+28 for winning)
