|html|<div class="broadcast-blue"><strong>[Gen 9] OU is currently suspecting Tera Blast! For information on how to participate check out the <a href="https://www.smogon.com/tools/suspects/view/200">suspect thread</a>.</strong></div>
|j|☆Obamnas Wife
|j|☆hujjjj
|t:|1776195159
|gametype|singles
|player|p1|Obamnas Wife|marlon|1148
|player|p2|hujjjj|102|1137
|gen|9
|tier|[Gen 9] OU
|rated|
|rule|HP Percentage Mod: HP is shown in percentages
|rule|Endless Battle Clause: Forcing endless battles is banned
|rule|Species Clause: Limit one of each Pokémon
|rule|OHKO Clause: OHKO moves are banned
|rule|Evasion Items Clause: Evasion items are banned
|rule|Evasion Moves Clause: Evasion moves are banned
|rule|Evasion Abilities Clause: Evasion abilities are banned
|rule|Sleep Moves Clause: Sleep-inducing moves are banned
|clearpoke
|poke|p1|Iron Valiant|
|poke|p1|Great Tusk|
|poke|p1|Kingambit, M|
|poke|p1|Gholdengo|
|poke|p1|Dragapult, F|
|poke|p1|Rillaboom, F|
|poke|p2|Ceruledge, M|
|poke|p2|Dragonite, F|
|poke|p2|Primarina, F|
|poke|p2|Garganacl, M|
|poke|p2|Rillaboom, M|
|poke|p2|Gholdengo|
|teampreview
|inactive|Battle timer is ON: inactive players will automatically lose when time's up. (requested by Obamnas Wife)
|
|t:|1776195173
|teamsize|p1|6
|teamsize|p2|6
|start
|switch|p1a: Kingambit|Kingambit, M|100/100
|switch|p2a: Garganacl|Garganacl, M|100/100
|turn|1
|
|t:|1776195183
|move|p1a: Kingambit|Iron Head|p2a: Garganacl
|-supereffective|p2a: Garganacl
|-damage|p2a: Garganacl|52/100
|cant|p2a: Garganacl|flinch
|
|-heal|p2a: Garganacl|59/100|[from] item: Leftovers
|upkeep
|turn|2
|
|t:|1776195194
|move|p1a: Kingambit|Iron Head|p2a: Garganacl
|-supereffective|p2a: Garganacl
|-damage|p2a: Garganacl|7/100
|cant|p2a: Garganacl|flinch
|
|-heal|p2a: Garganacl|13/100|[from] item: Leftovers
|upkeep
|turn|3
|
|t:|1776195199
|move|p2a: Garganacl|Protect|p2a: Garganacl
|-singleturn|p2a: Garganacl|Protect
|move|p1a: Kingambit|Iron Head|p2a: Garganacl
|-activate|p2a: Garganacl|move: Protect
|
|-heal|p2a: Garganacl|19/100|[from] item: Leftovers
|upkeep
|turn|4
|
|t:|1776195207
|switch|p2a: Ceruledge|Ceruledge, M|100/100
|move|p1a: Kingambit|Iron Head|p2a: Ceruledge
|-resisted|p2a: Ceruledge
|-damage|p2a: Ceruledge|66/100
|-ability|p2a: Ceruledge|Weak Armor|boost
|-unboost|p2a: Ceruledge|def|1
|-boost|p2a: Ceruledge|spe|2
|
|upkeep
|turn|5
|
|t:|1776195224
|-end|p1a: Kingambit|fallenundefined|[silent]
|switch|p1a: Great Tusk|Great Tusk|100/100
|move|p2a: Ceruledge|Close Combat|p1a: Great Tusk
|-damage|p1a: Great Tusk|70/100
|-unboost|p2a: Ceruledge|def|1
|-unboost|p2a: Ceruledge|spd|1
|
|upkeep
|turn|6
|
|t:|1776195240
|switch|p2a: Dragonite|Dragonite, F|100/100
|move|p1a: Great Tusk|Stealth Rock|p2a: Dragonite
|-sidestart|p2: hujjjj|move: Stealth Rock
|
|upkeep
|turn|7
|
|t:|1776195250
|-end|p1a: Great Tusk|Protosynthesis|[silent]
|switch|p1a: Gholdengo|Gholdengo|100/100
|move|p2a: Dragonite|Dragon Claw|p1a: Gholdengo
|-resisted|p1a: Gholdengo
|-damage|p1a: Gholdengo|73/100
|
|upkeep
|turn|8
|
|t:|1776195259
|move|p1a: Gholdengo|Trick|p2a: Dragonite
|-activate|p1a: Gholdengo|move: Trick|[of] p2a: Dragonite
|-item|p2a: Dragonite|Choice Specs|[from] move: Trick
|-item|p1a: Gholdengo|Heavy-Duty Boots|[from] move: Trick
|move|p2a: Dragonite|Earthquake|p1a: Gholdengo
|-supereffective|p1a: Gholdengo
|-damage|p1a: Gholdengo|0 fnt
|faint|p1a: Gholdengo
|
|upkeep
|
|t:|1776195265
|switch|p1a: Rillaboom|Rillaboom, F|100/100
|-fieldstart|move: Grassy Terrain|[from] ability: Grassy Surge|[of] p1a: Rillaboom
|turn|9
|
|t:|1776195279
|switch|p2a: Ceruledge|Ceruledge, M|66/100
|-damage|p2a: Ceruledge|41/100|[from] Stealth Rock
|move|p1a: Rillaboom|U-turn|p2a: Ceruledge
|-resisted|p2a: Ceruledge
|-damage|p2a: Ceruledge|26/100
|-ability|p2a: Ceruledge|Weak Armor|boost
|-unboost|p2a: Ceruledge|def|1
|-boost|p2a: Ceruledge|spe|2
|inactive|Obamnas Wife has 120 seconds left.
|c|☆hujjjj|MONKE
|
|t:|1776195324
|switch|p1a: Dragapult|Dragapult, F|100/100|[from] U-turn
|
|-heal|p2a: Ceruledge|32/100|[from] Grassy Terrain
|upkeep
|turn|10
|
|t:|1776195332
|switch|p1a: Kingambit|Kingambit, M|100/100
|-activate|p1a: Kingambit|ability: Supreme Overlord
|-start|p1a: Kingambit|fallen1|[silent]
|move|p2a: Ceruledge|Shadow Sneak|p1a: Kingambit
|-resisted|p1a: Kingambit
|-damage|p1a: Kingambit|92/100
|
|-heal|p2a: Ceruledge|38/100|[from] Grassy Terrain
|-heal|p1a: Kingambit|99/100|[from] Grassy Terrain
|upkeep
|turn|11
|
|t:|1776195343
|move|p1a: Kingambit|Sucker Punch|p2a: Ceruledge
|-supereffective|p2a: Ceruledge
|-damage|p2a: Ceruledge|0 fnt
|faint|p2a: Ceruledge
|
|-heal|p1a: Kingambit|100/100|[from] Grassy Terrain
|upkeep
|
|t:|1776195348
|switch|p2a: Garganacl|Garganacl, M|19/100
|-damage|p2a: Garganacl|7/100|[from] Stealth Rock
|turn|12
|
|t:|1776195356
|move|p1a: Kingambit|Iron Head|p2a: Garganacl
|-supereffective|p2a: Garganacl
|-damage|p2a: Garganacl|0 fnt
|faint|p2a: Garganacl
|
|upkeep
|
|t:|1776195361
|switch|p2a: MONKE|Rillaboom, M|100/100
|-damage|p2a: MONKE|88/100|[from] Stealth Rock
|turn|13
|inactive|Obamnas Wife has 120 seconds left.
|
|t:|1776195373
|-end|p1a: Kingambit|fallen1|[silent]
|switch|p1a: Dragapult|Dragapult, F|100/100
|move|p2a: MONKE|Drain Punch|p1a: Dragapult
|-immune|p1a: Dragapult
|
|-heal|p2a: MONKE|94/100|[from] Grassy Terrain
|-fieldend|move: Grassy Terrain
|upkeep
|turn|14
|inactive|Obamnas Wife has 120 seconds left.
|
|t:|1776195389
|switch|p2a: Primarina|Primarina, F|100/100
|-damage|p2a: Primarina|88/100|[from] Stealth Rock
|move|p1a: Dragapult|Shadow Ball|p2a: Primarina
|-damage|p2a: Primarina|37/100
|
|upkeep
|turn|15
|inactive|Obamnas Wife has 120 seconds left.
|
|t:|1776195400
|move|p1a: Dragapult|Shadow Ball|p2a: Primarina
|-damage|p2a: Primarina|0 fnt
|faint|p2a: Primarina
|
|upkeep
|
|t:|1776195405
|switch|p2a: Dragonite|Dragonite, F|100/100
|-damage|p2a: Dragonite|75/100|[from] Stealth Rock
|turn|16
|
|t:|1776195417
|switch|p1a: Rillaboom|Rillaboom, F|100/100
|-fieldstart|move: Grassy Terrain|[from] ability: Grassy Surge|[of] p1a: Rillaboom
|move|p2a: Dragonite|Dragon Claw|p1a: Rillaboom
|-damage|p1a: Rillaboom|47/100
|
|-heal|p1a: Rillaboom|54/100|[from] Grassy Terrain
|upkeep
|turn|17
|
|t:|1776195430
|move|p1a: Rillaboom|Grassy Glide|p2a: Dragonite
|-resisted|p2a: Dragonite
|-damage|p2a: Dragonite|58/100
|move|p2a: Dragonite|Dragon Claw|p1a: Rillaboom
|-damage|p1a: Rillaboom|1/100
|
|-heal|p1a: Rillaboom|7/100|[from] Grassy Terrain
|upkeep
|turn|18
|
|t:|1776195442
|switch|p2a: Gholdengo|Gholdengo|100/100
|-damage|p2a: Gholdengo|94/100|[from] Stealth Rock
|move|p1a: Rillaboom|Grassy Glide|p2a: Gholdengo
|-resisted|p2a: Gholdengo
|-damage|p2a: Gholdengo|63/100
|
|-heal|p2a: Gholdengo|69/100|[from] Grassy Terrain
|-heal|p1a: Rillaboom|13/100|[from] Grassy Terrain
|upkeep
|turn|19
|
|t:|1776195450
|move|p1a: Rillaboom|Grassy Glide|p2a: Gholdengo
|-resisted|p2a: Gholdengo
|-damage|p2a: Gholdengo|37/100
|move|p2a: Gholdengo|Trick|p1a: Rillaboom
|-activate|p2a: Gholdengo|move: Trick|[of] p1a: Rillaboom
|-item|p1a: Rillaboom|Choice Scarf|[from] move: Trick
|-item|p2a: Gholdengo|Choice Band|[from] move: Trick
|
|-heal|p1a: Rillaboom|19/100|[from] Grassy Terrain
|-heal|p2a: Gholdengo|43/100|[from] Grassy Terrain
|upkeep
|turn|20
|
|t:|1776195464
|move|p1a: Rillaboom|Knock Off|p2a: Gholdengo
|-supereffective|p2a: Gholdengo
|-damage|p2a: Gholdengo|0 fnt
|-enditem|p2a: Gholdengo|Choice Band|[from] move: Knock Off|[of] p1a: Rillaboom
|faint|p2a: Gholdengo
|
|-heal|p1a: Rillaboom|25/100|[from] Grassy Terrain
|-fieldend|move: Grassy Terrain
|upkeep
|
|t:|1776195467
|switch|p2a: Dragonite|Dragonite, F|58/100
|-damage|p2a: Dragonite|33/100|[from] Stealth Rock
|turn|21
|
|t:|1776195483
|move|p1a: Rillaboom|Knock Off|p2a: Dragonite
|-damage|p2a: Dragonite|0 fnt
|-enditem|p2a: Dragonite|Choice Specs|[from] move: Knock Off|[of] p1a: Rillaboom
|faint|p2a: Dragonite
|
|upkeep
|
|t:|1776195486
|switch|p2a: MONKE|Rillaboom, M|94/100
|-damage|p2a: MONKE|82/100|[from] Stealth Rock
|-fieldstart|move: Grassy Terrain|[from] ability: Grassy Surge|[of] p2a: MONKE
|turn|22
|
|t:|1776195503
|move|p1a: Rillaboom|Knock Off|p2a: MONKE
|-damage|p2a: MONKE|39/100
|-enditem|p2a: MONKE|Choice Band|[from] move: Knock Off|[of] p1a: Rillaboom
|move|p2a: MONKE|U-turn|p1a: Rillaboom
|-supereffective|p1a: Rillaboom
|-damage|p1a: Rillaboom|0 fnt
|faint|p1a: Rillaboom
|
|-heal|p2a: MONKE|46/100|[from] Grassy Terrain
|upkeep
|inactive|Obamnas Wife has 120 seconds left.
|
|t:|1776195556
|switch|p1a: Dragapult|Dragapult, F|100/100
|turn|23
|
|t:|1776195560
|move|p1a: Dragapult|Flamethrower|p2a: MONKE
|-supereffective|p2a: MONKE
|-damage|p2a: MONKE|0 fnt
|faint|p2a: MONKE
|
|win|Obamnas Wife
|raw|Obamnas Wife's rating: 1148 &rarr; <strong>1172</strong><br />(+24 for winning)
|raw|hujjjj's rating: 1137 &rarr; <strong>1113</strong><br />(-24 for losing)
|l|☆hujjjj
|player|p2|
