|html|<div class="broadcast-blue"><strong>[Gen 9] OU is currently suspecting Tera Blast! For information on how to participate check out the <a href="https://www.smogon.com/tools/suspects/view/200">suspect thread</a>.</strong></div>
|j|☆ydm14
|j|☆Thederpa1
|t:|1776151109
|gametype|singles
|player|p1|ydm14|169|1356
|player|p2|Thederpa1|swimmer-gen4dp|1350
|gen|9
|tier|[Gen 9] OU
|rated|
|rule|HP Percentage Mod: HP is shown in percentages
|rule|Endless Battle Clause: Forcing endless battles is banned
|rule|Species Clause: Limit one of each Pokémon
|rule|OHKO Clause: OHKO moves are banned
|rule|Evasion Items Clause: Evasion items are banned
|rule|Evasion Moves Clause: Evasion moves are banned
|rule|Evasion Abilities Clause: Evasion abilities are banned
|rule|Sleep Moves Clause: Sleep-inducing moves are banned
|clearpoke
|poke|p1|Alomomola, M|
|poke|p1|Grafaiai, M|
|poke|p1|Iron Moth|
|poke|p1|Great Tusk|
|poke|p1|Ogerpon-Wellspring, F|
|poke|p1|Heatran, F|
|poke|p2|Kyurem|
|poke|p2|Great Tusk|
|poke|p2|Gholdengo|
|poke|p2|Primarina, F|
|poke|p2|Lokix, F|
|poke|p2|Gliscor, F|
|teampreview
|inactive|Battle timer is ON: inactive players will automatically lose when time's up. (requested by ydm14)
|j| ohko_smeargle
|
|t:|1776151123
|teamsize|p1|6
|teamsize|p2|6
|start
|switch|p1a: Ogerpon|Ogerpon-Wellspring, F|100/100
|switch|p2a: Gliscor|Gliscor, F|100/100
|turn|1
|
|t:|1776151132
|move|p1a: Ogerpon|Ivy Cudgel|p2a: Gliscor|[anim] Ivy Cudgel Water
|-supereffective|p2a: Gliscor
|-crit|p2a: Gliscor
|-damage|p2a: Gliscor|0 fnt
|faint|p2a: Gliscor
|
|upkeep
|
|t:|1776151139
|switch|p2a: Lokix|Lokix, F|100/100
|turn|2
|
|t:|1776151145
|switch|p1a: Alomomola|Alomomola, M|100/100
|move|p2a: Lokix|Knock Off|p1a: Alomomola
|-damage|p1a: Alomomola|63/100
|-damage|p2a: Lokix|84/100|[from] item: Rocky Helmet|[of] p1a: Alomomola
|-enditem|p1a: Alomomola|Rocky Helmet|[from] move: Knock Off|[of] p2a: Lokix
|
|upkeep
|turn|3
|
|t:|1776151152
|switch|p2a: Kyurem|Kyurem|100/100
|-ability|p2a: Kyurem|Pressure
|move|p1a: Alomomola|Flip Turn|p2a: Kyurem
|-resisted|p2a: Kyurem
|-damage|p2a: Kyurem|95/100
|
|t:|1776151178
|switch|p1a: Grafaiai|Grafaiai, M|100/100|[from] Flip Turn
|-item|p1a: Grafaiai|Air Balloon
|
|upkeep
|turn|4
|
|t:|1776151185
|switch|p2a: Great Tusk|Great Tusk|100/100
|-enditem|p2a: Great Tusk|Booster Energy
|-activate|p2a: Great Tusk|ability: Protosynthesis|[fromitem]
|-start|p2a: Great Tusk|protosynthesisatk
|move|p1a: Grafaiai|Parting Shot|p2a: Great Tusk
|-unboost|p2a: Great Tusk|atk|1
|-unboost|p2a: Great Tusk|spa|1
|
|t:|1776151192
|switch|p1a: Ogerpon|Ogerpon-Wellspring, F|100/100|[from] Parting Shot
|
|upkeep
|turn|5
|
|t:|1776151199
|-end|p2a: Great Tusk|Protosynthesis|[silent]
|switch|p2a: Kyurem|Kyurem|95/100
|-ability|p2a: Kyurem|Pressure
|move|p1a: Ogerpon|Ivy Cudgel|p2a: Kyurem|[anim] Ivy Cudgel Water
|-resisted|p2a: Kyurem
|-damage|p2a: Kyurem|75/100
|
|upkeep
|turn|6
|
|t:|1776151205
|switch|p1a: Heatran|Heatran, F|100/100
|move|p2a: Kyurem|Ice Beam|p1a: Heatran
|-resisted|p1a: Heatran
|-damage|p1a: Heatran|93/100
|
|-heal|p1a: Heatran|99/100|[from] item: Leftovers
|upkeep
|turn|7
|
|t:|1776151211
|move|p2a: Kyurem|Earth Power|p1a: Heatran
|-supereffective|p1a: Heatran
|-damage|p1a: Heatran|18/100
|move|p1a: Heatran|Stealth Rock|p2a: Kyurem
|-sidestart|p2: Thederpa1|move: Stealth Rock
|
|-heal|p1a: Heatran|24/100|[from] item: Leftovers
|upkeep
|turn|8
|
|t:|1776151218
|move|p1a: Heatran|Protect|p1a: Heatran
|-singleturn|p1a: Heatran|Protect
|move|p2a: Kyurem|Body Press|p1a: Heatran
|-activate|p1a: Heatran|move: Protect
|
|-heal|p1a: Heatran|31/100|[from] item: Leftovers
|upkeep
|turn|9
|
|t:|1776151231
|switch|p1a: Ogerpon|Ogerpon-Wellspring, F|100/100
|move|p2a: Kyurem|Earth Power|p1a: Ogerpon
|-resisted|p1a: Ogerpon
|-damage|p1a: Ogerpon|83/100
|
|upkeep
|turn|10
|
|t:|1776151236
|move|p1a: Ogerpon|Encore|p2a: Kyurem
|-start|p2a: Kyurem|Encore
|move|p2a: Kyurem|Earth Power|p1a: Ogerpon
|-resisted|p1a: Ogerpon
|-damage|p1a: Ogerpon|65/100
|
|upkeep
|turn|11
|
|t:|1776151243
|switch|p1a: Grafaiai|Grafaiai, M|100/100
|-item|p1a: Grafaiai|Air Balloon
|move|p2a: Kyurem|Earth Power|p1a: Grafaiai
|-immune|p1a: Grafaiai
|
|upkeep
|turn|12
|
|t:|1776151248
|switch|p2a: Great Tusk|Great Tusk|100/100
|-damage|p2a: Great Tusk|98/100|[from] Stealth Rock
|move|p1a: Grafaiai|Parting Shot|p2a: Great Tusk
|-unboost|p2a: Great Tusk|atk|1
|-unboost|p2a: Great Tusk|spa|1
|
|t:|1776151255
|switch|p1a: Ogerpon|Ogerpon-Wellspring, F|65/100|[from] Parting Shot
|
|upkeep
|turn|13
|
|t:|1776151257
|-terastallize|p2a: Great Tusk|Steel
|move|p1a: Ogerpon|Ivy Cudgel|p2a: Great Tusk|[anim] Ivy Cudgel Water
|-crit|p2a: Great Tusk
|-damage|p2a: Great Tusk|35/100
|move|p2a: Great Tusk|Rapid Spin|p1a: Ogerpon
|-damage|p1a: Ogerpon|48/100
|-boost|p2a: Great Tusk|spe|1
|-sideend|p2: Thederpa1|Stealth Rock|[from] move: Rapid Spin|[of] p2a: Great Tusk
|
|upkeep
|turn|14
|
|t:|1776151268
|switch|p1a: Alomomola|Alomomola, M|97/100
|move|p2a: Great Tusk|Ice Spinner|p1a: Alomomola
|-resisted|p1a: Alomomola
|-damage|p1a: Alomomola|92/100
|
|upkeep
|turn|15
|
|t:|1776151273
|-end|p2a: Great Tusk|Protosynthesis|[silent]
|switch|p2a: Lokix|Lokix, F|84/100
|move|p1a: Alomomola|Wish|p1a: Alomomola
|
|upkeep
|turn|16
|
|t:|1776151284
|move|p2a: Lokix|U-turn|p1a: Alomomola
|-damage|p1a: Alomomola|65/100
|
|t:|1776151289
|switch|p2a: Kyurem|Kyurem|75/100|[from] U-turn
|-ability|p2a: Kyurem|Pressure
|move|p1a: Alomomola|Flip Turn|p2a: Kyurem
|-resisted|p2a: Kyurem
|-damage|p2a: Kyurem|69/100
|
|t:|1776151291
|switch|p1a: Heatran|Heatran, F|31/100|[from] Flip Turn
|
|-heal|p1a: Heatran|99/100|[from] move: Wish|[wisher] Alomomola
|-heal|p1a: Heatran|100/100|[from] item: Leftovers
|upkeep
|turn|17
|
|t:|1776151295
|-terastallize|p1a: Heatran|Grass
|move|p2a: Kyurem|Earth Power|p1a: Heatran
|-resisted|p1a: Heatran
|-damage|p1a: Heatran|91/100
|move|p1a: Heatran|Magma Storm|p2a: Kyurem
|-damage|p2a: Kyurem|43/100
|-activate|p2a: Kyurem|move: Magma Storm|[of] p1a: Heatran
|
|-heal|p1a: Heatran|98/100|[from] item: Leftovers
|-damage|p2a: Kyurem|31/100|[from] move: Magma Storm|[partiallytrapped]
|upkeep
|turn|18
|
|t:|1776151301
|move|p1a: Heatran|Protect|p1a: Heatran
|-singleturn|p1a: Heatran|Protect
|move|p2a: Kyurem|Ice Beam|p1a: Heatran
|-activate|p1a: Heatran|move: Protect
|
|-heal|p1a: Heatran|100/100|[from] item: Leftovers
|-damage|p2a: Kyurem|18/100|[from] move: Magma Storm|[partiallytrapped]
|upkeep
|turn|19
|
|t:|1776151306
|move|p2a: Kyurem|Ice Beam|p1a: Heatran
|-supereffective|p1a: Heatran
|-damage|p1a: Heatran|38/100
|move|p1a: Heatran|Stealth Rock|p2a: Kyurem
|-sidestart|p2: Thederpa1|move: Stealth Rock
|
|-heal|p1a: Heatran|45/100|[from] item: Leftovers
|-damage|p2a: Kyurem|6/100|[from] move: Magma Storm|[partiallytrapped]
|upkeep
|turn|20
|
|t:|1776151311
|move|p1a: Heatran|Protect|p1a: Heatran
|-singleturn|p1a: Heatran|Protect
|move|p2a: Kyurem|Ice Beam|p1a: Heatran
|-activate|p1a: Heatran|move: Protect
|
|-heal|p1a: Heatran|51/100|[from] item: Leftovers
|-damage|p2a: Kyurem|0 fnt|[from] move: Magma Storm|[partiallytrapped]
|faint|p2a: Kyurem
|upkeep
|
|t:|1776151317
|switch|p2a: Primarina|Primarina, F|100/100
|-damage|p2a: Primarina|88/100|[from] Stealth Rock
|turn|21
|
|t:|1776151329
|switch|p1a: Iron Moth|Iron Moth|100/100
|-enditem|p1a: Iron Moth|Booster Energy
|-activate|p1a: Iron Moth|ability: Quark Drive|[fromitem]
|-start|p1a: Iron Moth|quarkdrivespe
|move|p2a: Primarina|Moonblast|p1a: Iron Moth
|-resisted|p1a: Iron Moth
|-damage|p1a: Iron Moth|89/100
|
|-heal|p2a: Primarina|94/100|[from] item: Leftovers
|upkeep
|turn|22
|
|t:|1776151334
|move|p1a: Iron Moth|Sludge Wave|p2a: Primarina
|-supereffective|p2a: Primarina
|-damage|p2a: Primarina|26/100
|move|p2a: Primarina|Psychic Noise|p1a: Iron Moth
|-supereffective|p1a: Iron Moth
|-damage|p1a: Iron Moth|20/100
|-start|p1a: Iron Moth|move: Heal Block
|
|-heal|p2a: Primarina|32/100|[from] item: Leftovers
|upkeep
|turn|23
|-message|Thederpa1 forfeited.
|
|win|ydm14
|raw|ydm14's rating: 1356 &rarr; <strong>1376</strong><br />(+20 for winning)
|raw|Thederpa1's rating: 1350 &rarr; <strong>1330</strong><br />(-20 for losing)
|l|☆Thederpa1
|player|p2|
|l| ohko_smeargle
