|html|<div class="broadcast-blue"><strong>[Gen 9] OU is currently suspecting Tera Blast! For information on how to participate check out the <a href="https://www.smogon.com/tools/suspects/view/200">suspect thread</a>.</strong></div>
|j|☆tanloke26
|j|‽berry_bns
|t:|1776172687
|gametype|singles
|player|p1|tanloke26|1|1161
|player|p2|berry_bns|n|1194
|gen|9
|tier|[Gen 9] OU
|rated|
|rule|HP Percentage Mod: HP is shown in percentages
|rule|Endless Battle Clause: Forcing endless battles is banned
|rule|Species Clause: Limit one of each Pokémon
|rule|OHKO Clause: OHKO moves are banned
|rule|Evasion Items Clause: Evasion items are banned
|rule|Evasion Moves Clause: Evasion moves are banned
|rule|Evasion Abilities Clause: Evasion abilities are banned
|rule|Sleep Moves Clause: Sleep-inducing moves are banned
|clearpoke
|poke|p1|Iron Treads|
|poke|p1|Garganacl, F|
|poke|p1|Ogerpon-Wellspring, F|
|poke|p1|Moltres|
|poke|p1|Gholdengo|
|poke|p1|Zamazenta-*|
|poke|p2|Deoxys-Speed|
|poke|p2|Ceruledge, M|
|poke|p2|Zamazenta-*|
|poke|p2|Ogerpon-Wellspring, F|
|poke|p2|Glimmora, M|
|poke|p2|Moltres-Galar|
|teampreview
|inactive|Battle timer is ON: inactive players will automatically lose when time's up. (requested by tanloke26)
|
|t:|1776172724
|teamsize|p1|6
|teamsize|p2|6
|start
|switch|p1a: Moltres|Moltres|100/100
|switch|p2a: Deoxys|Deoxys-Speed|100/100
|-ability|p2a: Deoxys|Pressure
|turn|1
|
|t:|1776172738
|move|p2a: Deoxys|Reflect|p2a: Deoxys
|-sidestart|p2: berry_bns|Reflect
|move|p1a: Moltres|Hurricane|p2a: Deoxys
|-damage|p2a: Deoxys|23/100
|
|upkeep
|turn|2
|
|t:|1776172746
|move|p2a: Deoxys|Light Screen|p2a: Deoxys
|-sidestart|p2: berry_bns|move: Light Screen
|move|p1a: Moltres|Hurricane|p2a: Deoxys|[miss]
|-miss|p1a: Moltres|p2a: Deoxys
|
|upkeep
|turn|3
|
|t:|1776172753
|move|p2a: Deoxys|Taunt|p1a: Moltres
|-start|p1a: Moltres|move: Taunt
|move|p1a: Moltres|Fire Blast|p2a: Deoxys
|-damage|p2a: Deoxys|0 fnt
|faint|p2a: Deoxys
|
|upkeep
|
|t:|1776172759
|switch|p2a: Moltres|Moltres-Galar|100/100
|turn|4
|
|t:|1776172765
|move|p2a: Moltres|Agility|p2a: Moltres
|-boost|p2a: Moltres|spe|2
|move|p1a: Moltres|Hurricane|p2a: Moltres|[miss]
|-miss|p1a: Moltres|p2a: Moltres
|
|upkeep
|turn|5
|
|t:|1776172773
|switch|p1a: Ogerpon|Ogerpon-Wellspring, F|100/100
|move|p2a: Moltres|Nasty Plot|p2a: Moltres
|-boost|p2a: Moltres|spa|2
|
|upkeep
|turn|6
|
|t:|1776172790
|-terastallize|p2a: Moltres|Fairy
|-terastallize|p1a: Ogerpon|Water
|detailschange|p1a: Ogerpon|Ogerpon-Wellspring-Tera, F, tera:Water
|-ability|p1a: Ogerpon|Embody Aspect (Wellspring)|boost
|-boost|p1a: Ogerpon|spd|1
|move|p2a: Moltres|Tera Blast|p1a: Ogerpon|[anim] Tera Blast Fairy
|-damage|p1a: Ogerpon|36/100
|move|p1a: Ogerpon|Ivy Cudgel|p2a: Moltres|[anim] Ivy Cudgel Water
|-damage|p2a: Moltres|55/100
|
|upkeep
|turn|7
|inactive|tanloke26 has 120 seconds left.
|
|t:|1776172831
|move|p2a: Moltres|Tera Blast|p1a: Ogerpon|[anim] Tera Blast Fairy
|-damage|p1a: Ogerpon|0 fnt
|faint|p1a: Ogerpon
|detailschange|p1: Ogerpon|Ogerpon-Wellspring, F|[silent]
|
|upkeep
|
|t:|1776172841
|switch|p1a: Garganacl|Garganacl, F, shiny|100/100
|turn|8
|
|t:|1776172844
|move|p2a: Moltres|Tera Blast|p1a: Garganacl|[anim] Tera Blast Fairy
|-damage|p1a: Garganacl|49/100
|move|p1a: Garganacl|Salt Cure|p2a: Moltres
|-damage|p2a: Moltres|47/100
|-start|p2a: Moltres|Salt Cure
|-ability|p2a: Moltres|Berserk|boost
|-boost|p2a: Moltres|spa|1
|-enditem|p2a: Moltres|Sitrus Berry|[eat]
|-heal|p2a: Moltres|72/100|[from] item: Sitrus Berry
|
|-heal|p1a: Garganacl|55/100|[from] item: Leftovers
|-damage|p2a: Moltres|60/100|[from] Salt Cure
|-sideend|p2: berry_bns|Reflect
|upkeep
|turn|9
|inactive|tanloke26 has 120 seconds left.
|
|t:|1776172857
|move|p1a: Garganacl|Protect|p1a: Garganacl
|-singleturn|p1a: Garganacl|Protect
|move|p2a: Moltres|Tera Blast|p1a: Garganacl|[anim] Tera Blast Fairy
|-activate|p1a: Garganacl|move: Protect
|
|-heal|p1a: Garganacl|61/100|[from] item: Leftovers
|-damage|p2a: Moltres|47/100|[from] Salt Cure
|-sideend|p2: berry_bns|move: Light Screen
|upkeep
|turn|10
|inactive|tanloke26 has 120 seconds left.
|
|t:|1776172868
|move|p2a: Moltres|Tera Blast|p1a: Garganacl|[anim] Tera Blast Fairy
|-damage|p1a: Garganacl|0 fnt
|faint|p1a: Garganacl
|
|-damage|p2a: Moltres|35/100|[from] Salt Cure
|upkeep
|inactive|tanloke26 has 120 seconds left.
|
|t:|1776172876
|switch|p1a: Gholdengo|Gholdengo|100/100
|turn|11
|
|t:|1776172880
|move|p2a: Moltres|Fiery Wrath|p1a: Gholdengo
|-supereffective|p1a: Gholdengo
|-damage|p1a: Gholdengo|0 fnt
|faint|p1a: Gholdengo
|
|-damage|p2a: Moltres|23/100|[from] Salt Cure
|upkeep
|
|t:|1776172886
|switch|p1a: Iron Treads|Iron Treads, shiny|100/100
|turn|12
|
|t:|1776172891
|move|p2a: Moltres|Fiery Wrath|p1a: Iron Treads
|-damage|p1a: Iron Treads|45/100
|move|p1a: Iron Treads|Rapid Spin|p2a: Moltres
|-damage|p2a: Moltres|9/100
|-boost|p1a: Iron Treads|spe|1
|
|-damage|p2a: Moltres|0 fnt|[from] Salt Cure
|faint|p2a: Moltres
|upkeep
|
|t:|1776172902
|switch|p2a: Zamazenta|Zamazenta|100/100
|-ability|p2a: Zamazenta|Dauntless Shield|boost
|-boost|p2a: Zamazenta|def|1
|turn|13
|
|t:|1776172912
|move|p2a: Zamazenta|Body Press|p1a: Iron Treads
|-supereffective|p1a: Iron Treads
|-damage|p1a: Iron Treads|0 fnt
|faint|p1a: Iron Treads
|-end|p1a: Iron Treads|Quark Drive|[silent]
|
|upkeep
|inactive|tanloke26 has 120 seconds left.
|
|t:|1776172940
|switch|p1a: Moltres|Moltres|100/100
|turn|14
|
|t:|1776172949
|move|p2a: Zamazenta|Body Press|p1a: Moltres
|-resisted|p1a: Moltres
|-damage|p1a: Moltres|71/100
|-status|p2a: Zamazenta|brn|[from] ability: Flame Body|[of] p1a: Moltres
|move|p1a: Moltres|Hurricane|p2a: Zamazenta
|-supereffective|p2a: Zamazenta
|-damage|p2a: Zamazenta|0 fnt
|faint|p2a: Zamazenta
|
|upkeep
|
|t:|1776172956
|switch|p2a: Ogerpon|Ogerpon-Wellspring, F|100/100
|turn|15
|
|t:|1776172960
|move|p2a: Ogerpon|Ivy Cudgel|p1a: Moltres|[anim] Ivy Cudgel Water
|-supereffective|p1a: Moltres
|-damage|p1a: Moltres|0 fnt
|faint|p1a: Moltres
|
|upkeep
|
|t:|1776172966
|switch|p1a: Zamazenta|Zamazenta|100/100
|-ability|p1a: Zamazenta|Dauntless Shield|boost
|-boost|p1a: Zamazenta|def|1
|turn|16
|
|t:|1776172973
|move|p1a: Zamazenta|Iron Defense|p1a: Zamazenta
|-boost|p1a: Zamazenta|def|2
|move|p2a: Ogerpon|Play Rough|p1a: Zamazenta|[miss]
|-miss|p2a: Ogerpon|p1a: Zamazenta
|
|upkeep
|turn|17
|
|t:|1776172981
|move|p1a: Zamazenta|Iron Defense|p1a: Zamazenta
|-boost|p1a: Zamazenta|def|2
|move|p2a: Ogerpon|Play Rough|p1a: Zamazenta
|-supereffective|p1a: Zamazenta
|-damage|p1a: Zamazenta|85/100
|
|-heal|p1a: Zamazenta|91/100|[from] item: Leftovers
|upkeep
|turn|18
|
|t:|1776172989
|move|p1a: Zamazenta|Iron Defense|p1a: Zamazenta
|-boost|p1a: Zamazenta|def|1
|move|p2a: Ogerpon|Swords Dance|p2a: Ogerpon
|-boost|p2a: Ogerpon|atk|2
|
|-heal|p1a: Zamazenta|98/100|[from] item: Leftovers
|upkeep
|turn|19
|
|t:|1776172996
|move|p1a: Zamazenta|Body Press|p2a: Ogerpon
|-damage|p2a: Ogerpon|0 fnt
|faint|p2a: Ogerpon
|
|-heal|p1a: Zamazenta|100/100|[from] item: Leftovers
|upkeep
|
|t:|1776172999
|switch|p2a: Glimmora|Glimmora, M|100/100
|turn|20
|
|t:|1776173003
|move|p1a: Zamazenta|Body Press|p2a: Glimmora
|-damage|p2a: Glimmora|0 fnt
|-activate|p2a: Glimmora|ability: Toxic Debris
|-sidestart|p1: tanloke26|move: Toxic Spikes
|faint|p2a: Glimmora
|
|upkeep
|
|t:|1776173006
|switch|p2a: Ceruledge|Ceruledge, M|100/100
|turn|21
|
|t:|1776173012
|move|p1a: Zamazenta|Crunch|p2a: Ceruledge
|-supereffective|p2a: Ceruledge
|-damage|p2a: Ceruledge|43/100
|-ability|p2a: Ceruledge|Weak Armor|boost
|-unboost|p2a: Ceruledge|def|1
|-boost|p2a: Ceruledge|spe|2
|move|p2a: Ceruledge|Poltergeist|p1a: Zamazenta
|-activate|p1a: Zamazenta|move: Poltergeist|Leftovers
|-damage|p1a: Zamazenta|87/100
|-damage|p2a: Ceruledge|33/100|[from] item: Life Orb
|
|-heal|p1a: Zamazenta|93/100|[from] item: Leftovers
|upkeep
|turn|22
|
|t:|1776173028
|move|p2a: Ceruledge|Bitter Blade|p1a: Zamazenta
|-damage|p1a: Zamazenta|81/100
|-heal|p2a: Ceruledge|39/100|[from] drain|[of] p1a: Zamazenta
|-damage|p2a: Ceruledge|30/100|[from] item: Life Orb
|move|p1a: Zamazenta|Crunch|p2a: Ceruledge
|-supereffective|p2a: Ceruledge
|-damage|p2a: Ceruledge|0 fnt
|faint|p2a: Ceruledge
|
|win|tanloke26
|raw|tanloke26's rating: 1161 &rarr; <strong>1188</strong><br />(+27 for winning)
|raw|berry_bns's rating: 1194 &rarr; <strong>1167</strong><br />(-27 for losing)
