|html|<div class="broadcast-blue"><strong>[Gen 9] OU is currently suspecting Tera Blast! For information on how to participate check out the <a href="https://www.smogon.com/tools/suspects/view/200">suspect thread</a>.</strong></div>
|j|☆waha8
|j|☆carciox
|t:|1776107510
|gametype|singles
|player|p1|waha8|169|1388
|player|p2|carciox|101|1368
|gen|9
|tier|[Gen 9] OU
|rated|
|rule|HP Percentage Mod: HP is shown in percentages
|rule|Endless Battle Clause: Forcing endless battles is banned
|rule|Species Clause: Limit one of each Pokémon
|rule|OHKO Clause: OHKO moves are banned
|rule|Evasion Items Clause: Evasion items are banned
|rule|Evasion Moves Clause: Evasion moves are banned
|rule|Evasion Abilities Clause: Evasion abilities are banned
|rule|Sleep Moves Clause: Sleep-inducing moves are banned
|clearpoke
|poke|p1|Skeledirge, M|
|poke|p1|Mabosstiff, M|
|poke|p1|Indeedee, M|
|poke|p1|Slowking-Galar, F|
|poke|p1|Ogerpon-Wellspring, F|
|poke|p1|Articuno-Galar|
|poke|p2|Glimmora, M|
|poke|p2|Dragonite, F|
|poke|p2|Great Tusk|
|poke|p2|Gholdengo|
|poke|p2|Kingambit, F|
|poke|p2|Darkrai|
|teampreview
|inactive|Battle timer is ON: inactive players will automatically lose when time's up. (requested by carciox)
|
|t:|1776107524
|teamsize|p1|6
|teamsize|p2|6
|start
|switch|p1a: DeeDee|Indeedee, M|100/100
|switch|p2a: Glimmora|Glimmora, M|100/100
|-fieldstart|move: Psychic Terrain|[from] ability: Psychic Surge|[of] p1a: DeeDee
|turn|1
|
|t:|1776107541
|move|p1a: DeeDee|Expanding Force|p2a: Glimmora
|-supereffective|p2a: Glimmora
|-damage|p2a: Glimmora|0 fnt
|faint|p2a: Glimmora
|
|upkeep
|
|t:|1776107546
|switch|p2a: Kingambit|Kingambit, F|100/100
|-activate|p2a: Kingambit|ability: Supreme Overlord
|-start|p2a: Kingambit|fallen1|[silent]
|turn|2
|
|t:|1776107551
|switch|p1a: Cute|Mabosstiff, M|100/100
|move|p2a: Kingambit|Swords Dance|p2a: Kingambit
|-boost|p2a: Kingambit|atk|2
|
|upkeep
|turn|3
|
|t:|1776107559
|move|p1a: Cute|Play Rough|p2a: Kingambit
|-damage|p2a: Kingambit|65/100
|move|p2a: Kingambit|Iron Head|p1a: Cute
|-damage|p1a: Cute|0 fnt
|faint|p1a: Cute
|
|-heal|p2a: Kingambit|71/100|[from] item: Leftovers
|upkeep
|
|t:|1776107566
|switch|p1a: Ragna|Skeledirge, M|100/100
|turn|4
|
|t:|1776107574
|move|p1a: Ragna|Will-O-Wisp|p2a: Kingambit
|-status|p2a: Kingambit|brn
|move|p2a: Kingambit|Kowtow Cleave|p1a: Ragna
|-supereffective|p1a: Ragna
|-damage|p1a: Ragna|68/100
|
|-heal|p1a: Ragna|74/100|[from] item: Leftovers
|-heal|p2a: Kingambit|77/100 brn|[from] item: Leftovers
|-damage|p2a: Kingambit|71/100 brn|[from] brn
|upkeep
|turn|5
|
|t:|1776107586
|move|p1a: Ragna|Torch Song|p2a: Kingambit
|-supereffective|p2a: Kingambit
|-damage|p2a: Kingambit|16/100 brn
|-boost|p1a: Ragna|spa|1
|move|p2a: Kingambit|Kowtow Cleave|p1a: Ragna
|-supereffective|p1a: Ragna
|-damage|p1a: Ragna|44/100
|
|-heal|p1a: Ragna|50/100|[from] item: Leftovers
|-heal|p2a: Kingambit|22/100 brn|[from] item: Leftovers
|-damage|p2a: Kingambit|16/100 brn|[from] brn
|upkeep
|turn|6
|
|t:|1776107599
|move|p1a: Ragna|Torch Song|p2a: Kingambit
|-supereffective|p2a: Kingambit
|-damage|p2a: Kingambit|0 fnt
|-boost|p1a: Ragna|spa|1
|faint|p2a: Kingambit
|-end|p2a: Kingambit|fallen1|[silent]
|
|-heal|p1a: Ragna|56/100|[from] item: Leftovers
|upkeep
|
|t:|1776107608
|switch|p2a: Great Tusk|Great Tusk|100/100
|-enditem|p2a: Great Tusk|Booster Energy
|-activate|p2a: Great Tusk|ability: Protosynthesis|[fromitem]
|-start|p2a: Great Tusk|protosynthesisspe
|turn|7
|
|t:|1776107620
|-terastallize|p1a: Ragna|Fairy
|move|p2a: Great Tusk|Head Smash|p1a: Ragna
|-damage|p1a: Ragna|28/100
|-damage|p2a: Great Tusk|87/100|[from] Recoil
|move|p1a: Ragna|Will-O-Wisp|p2a: Great Tusk
|-status|p2a: Great Tusk|brn
|
|-heal|p1a: Ragna|34/100|[from] item: Leftovers
|-damage|p2a: Great Tusk|81/100 brn|[from] brn
|upkeep
|turn|8
|
|t:|1776107635
|-end|p2a: Great Tusk|Protosynthesis|[silent]
|switch|p2a: Gholdengo|Gholdengo|100/100
|-item|p2a: Gholdengo|Air Balloon
|move|p1a: Ragna|Torch Song|p2a: Gholdengo
|-supereffective|p2a: Gholdengo
|-damage|p2a: Gholdengo|0 fnt
|-boost|p1a: Ragna|spa|1
|-enditem|p2a: Gholdengo|Air Balloon
|faint|p2a: Gholdengo
|
|-heal|p1a: Ragna|40/100|[from] item: Leftovers
|-fieldend|move: Psychic Terrain
|upkeep
|c|☆carciox|??
|inactive|carciox has 120 seconds left.
|c|☆carciox|So heinous
|c|☆carciox|Makes me wish perform the massacration
|l|☆carciox
|inactive|carciox disconnected and has a minute to reconnect!
|player|p2|
|inactive|carciox has 30 seconds to reconnect!
|inactive|carciox has 20 seconds to reconnect!
|inactive|carciox has 15 seconds to reconnect!
|inactive|carciox has 10 seconds to reconnect!
|inactive|carciox has 5 seconds to reconnect!
|-message|carciox lost due to inactivity.
|
|win|waha8
|raw|waha8's rating: 1388 &rarr; <strong>1407</strong><br />(+19 for winning)
|raw|carciox's rating: 1368 &rarr; <strong>1349</strong><br />(-19 for losing)
|l|☆waha8
|player|p1|
