|html|<div class="broadcast-blue"><strong>[Gen 9] OU is currently suspecting Tera Blast! For information on how to participate check out the <a href="https://www.smogon.com/tools/suspects/view/200">suspect thread</a>.</strong></div>
|j|☆Yespoleon
|j|☆TOMBDADDY
|t:|1776096419
|gametype|singles
|player|p1|Yespoleon|brock|1463
|player|p2|TOMBDADDY|unknown|1512
|gen|9
|tier|[Gen 9] OU
|rated|
|rule|HP Percentage Mod: HP is shown in percentages
|rule|Endless Battle Clause: Forcing endless battles is banned
|rule|Species Clause: Limit one of each Pokémon
|rule|OHKO Clause: OHKO moves are banned
|rule|Evasion Items Clause: Evasion items are banned
|rule|Evasion Moves Clause: Evasion moves are banned
|rule|Evasion Abilities Clause: Evasion abilities are banned
|rule|Sleep Moves Clause: Sleep-inducing moves are banned
|clearpoke
|poke|p1|Kyurem|
|poke|p1|Slowking-Galar, M|
|poke|p1|Iron Treads|
|poke|p1|Cinderace, M|
|poke|p1|Dragonite, M|
|poke|p1|Darkrai|
|poke|p2|Dragapult, F|
|poke|p2|Alomomola, F|
|poke|p2|Ting-Lu|
|poke|p2|Kyurem|
|poke|p2|Weezing-Galar, M|
|poke|p2|Corviknight, M|
|teampreview
|inactive|Battle timer is ON: inactive players will automatically lose when time's up. (requested by Yespoleon)
|j| ohko_smeargle
|
|t:|1776096443
|teamsize|p1|6
|teamsize|p2|6
|start
|switch|p1a: Infection|Slowking-Galar, M, shiny|100/100
|switch|p2a: Dragapult|Dragapult, F|100/100
|turn|1
|
|t:|1776096462
|switch|p1a: Rolling Stones|Iron Treads, shiny|100/100
|-item|p1a: Rolling Stones|Air Balloon
|move|p2a: Dragapult|U-turn|p1a: Rolling Stones
|-resisted|p1a: Rolling Stones
|-damage|p1a: Rolling Stones|85/100
|-enditem|p1a: Rolling Stones|Air Balloon
|
|t:|1776096487
|switch|p2a: Weezing|Weezing-Galar, M|100/100|[from] U-turn
|-ability|p2a: Weezing|Neutralizing Gas
|
|upkeep
|turn|2
|
|t:|1776096508
|-end|p1a: Rolling Stones|Quark Drive|[silent]
|switch|p1a: Infection|Slowking-Galar, M, shiny|100/100
|move|p2a: Weezing|Will-O-Wisp|p1a: Infection
|-status|p1a: Infection|brn
|
|-damage|p1a: Infection|94/100 brn|[from] brn
|upkeep
|turn|3
|
|t:|1776096517
|-end|p2a: Weezing|ability: Neutralizing Gas
|switch|p2a: Ting-Lu|Ting-Lu|100/100
|-ability|p2a: Ting-Lu|Vessel of Ruin
|-prepare|p1a: Infection|Chilly Reception|[premajor]
|move|p1a: Infection|Chilly Reception|p1a: Infection
|-weather|Snowscape
|
|t:|1776096520
|switch|p1a: Cryo Kaiser|Kyurem, shiny|100/100|[from] Chilly Reception
|-ability|p1a: Cryo Kaiser|Pressure
|
|-weather|Snowscape|[upkeep]
|upkeep
|turn|4
|
|t:|1776096531
|move|p1a: Cryo Kaiser|Blizzard|p2a: Ting-Lu
|-supereffective|p2a: Ting-Lu
|-damage|p2a: Ting-Lu|24/100
|move|p2a: Ting-Lu|Ruination|p1a: Cryo Kaiser
|-damage|p1a: Cryo Kaiser|50/100
|
|-weather|Snowscape|[upkeep]
|-heal|p2a: Ting-Lu|30/100|[from] item: Leftovers
|upkeep
|turn|5
|
|t:|1776096540
|switch|p2a: Alomomola|Alomomola, F|100/100
|move|p1a: Cryo Kaiser|Blizzard|p2a: Alomomola
|-resisted|p2a: Alomomola
|-damage|p2a: Alomomola|51/100
|
|-weather|Snowscape|[upkeep]
|upkeep
|turn|6
|
|t:|1776096547
|move|p2a: Alomomola|Protect|p2a: Alomomola
|-singleturn|p2a: Alomomola|Protect
|move|p1a: Cryo Kaiser|Blizzard|p2a: Alomomola
|-activate|p2a: Alomomola|move: Protect
|
|-weather|Snowscape|[upkeep]
|upkeep
|turn|7
|
|t:|1776096553
|switch|p2a: Ting-Lu|Ting-Lu|30/100
|-ability|p2a: Ting-Lu|Vessel of Ruin
|move|p1a: Cryo Kaiser|Blizzard|p2a: Ting-Lu
|-supereffective|p2a: Ting-Lu
|-damage|p2a: Ting-Lu|0 fnt
|faint|p2a: Ting-Lu
|
|-weather|none
|upkeep
|
|t:|1776096556
|switch|p2a: Dragapult|Dragapult, F|100/100
|turn|8
|
|t:|1776096569
|switch|p1a: Rolling Stones|Iron Treads, shiny|85/100
|-terastallize|p2a: Dragapult|Ghost
|move|p2a: Dragapult|Tera Blast|p1a: Rolling Stones|[anim] Tera Blast Ghost
|-damage|p1a: Rolling Stones|21/100
|
|upkeep
|turn|9
|
|t:|1776096573
|move|p2a: Dragapult|Tera Blast|p1a: Rolling Stones|[anim] Tera Blast Ghost
|-crit|p1a: Rolling Stones
|-damage|p1a: Rolling Stones|0 fnt
|faint|p1a: Rolling Stones
|-end|p1a: Rolling Stones|Quark Drive|[silent]
|
|upkeep
|
|t:|1776096577
|switch|p1a: Corrosion|Darkrai, shiny|100/100
|turn|10
|
|t:|1776096586
|switch|p2a: Corviknight|Corviknight, M|100/100
|-ability|p2a: Corviknight|Pressure
|move|p1a: Corrosion|Trick|p2a: Corviknight
|-activate|p1a: Corrosion|move: Trick|[of] p2a: Corviknight
|-item|p2a: Corviknight|Choice Scarf|[from] move: Trick
|-item|p1a: Corrosion|Leftovers|[from] move: Trick
|
|upkeep
|turn|11
|
|t:|1776096593
|switch|p1a: Infection|Slowking-Galar, M, shiny|100/100 brn
|move|p2a: Corviknight|U-turn|p1a: Infection
|-damage|p1a: Infection|86/100 brn
|
|t:|1776096598
|switch|p2a: Dragapult|Dragapult, F, tera:Ghost|100/100|[from] U-turn
|
|-heal|p1a: Infection|92/100 brn|[from] item: Leftovers
|-damage|p1a: Infection|86/100 brn|[from] brn
|upkeep
|turn|12
|
|t:|1776096603
|switch|p1a: Corrosion|Darkrai, shiny|100/100
|move|p2a: Dragapult|Tera Blast|p1a: Corrosion|[anim] Tera Blast Ghost
|-resisted|p1a: Corrosion
|-damage|p1a: Corrosion|44/100
|
|-heal|p1a: Corrosion|50/100|[from] item: Leftovers
|upkeep
|turn|13
|
|t:|1776096612
|move|p2a: Dragapult|Tera Blast|p1a: Corrosion|[anim] Tera Blast Ghost
|-resisted|p1a: Corrosion
|-damage|p1a: Corrosion|0 fnt
|faint|p1a: Corrosion
|
|upkeep
|
|t:|1776096613
|switch|p1a: Mr steal ur game|Dragonite, M, shiny|100/100
|turn|14
|
|t:|1776096621
|switch|p2a: Alomomola|Alomomola, F|84/100
|switch|p1a: Infection|Slowking-Galar, M, shiny|100/100 brn
|
|-damage|p1a: Infection|94/100 brn|[from] brn
|upkeep
|turn|15
|
|t:|1776096625
|move|p2a: Alomomola|Flip Turn|p1a: Infection
|-damage|p1a: Infection|76/100 brn
|
|t:|1776096631
|switch|p2a: Weezing|Weezing-Galar, M|100/100|[from] Flip Turn
|-ability|p2a: Weezing|Neutralizing Gas
|-prepare|p1a: Infection|Chilly Reception|[premajor]
|move|p1a: Infection|Chilly Reception|p1a: Infection
|-weather|Snowscape
|
|t:|1776096633
|switch|p1a: Cryo Kaiser|Kyurem, shiny|50/100|[from] Chilly Reception
|
|-weather|Snowscape|[upkeep]
|upkeep
|turn|16
|
|t:|1776096638
|move|p2a: Weezing|Protect|p2a: Weezing
|-singleturn|p2a: Weezing|Protect
|move|p1a: Cryo Kaiser|Blizzard|p2a: Weezing
|-activate|p2a: Weezing|move: Protect
|
|-weather|Snowscape|[upkeep]
|upkeep
|turn|17
|
|t:|1776096642
|-end|p2a: Weezing|ability: Neutralizing Gas
|-ability|p1a: Cryo Kaiser|Pressure
|switch|p2a: Alomomola|Alomomola, F|100/100
|move|p1a: Cryo Kaiser|Blizzard|p2a: Alomomola
|-resisted|p2a: Alomomola
|-damage|p2a: Alomomola|54/100
|
|-weather|Snowscape|[upkeep]
|upkeep
|turn|18
|
|t:|1776096654
|move|p2a: Alomomola|Protect|p2a: Alomomola
|-singleturn|p2a: Alomomola|Protect
|move|p1a: Cryo Kaiser|Blizzard|p2a: Alomomola
|-activate|p2a: Alomomola|move: Protect
|
|-weather|Snowscape|[upkeep]
|upkeep
|turn|19
|
|t:|1776096660
|switch|p2a: Corviknight|Corviknight, M|100/100
|-ability|p2a: Corviknight|Pressure
|move|p1a: Cryo Kaiser|Blizzard|p2a: Corviknight
|-damage|p2a: Corviknight|44/100
|
|-weather|none
|upkeep
|turn|20
|
|t:|1776096667
|switch|p1a: Scorch|Cinderace, M|100/100
|move|p2a: Corviknight|U-turn|p1a: Scorch
|-resisted|p1a: Scorch
|-damage|p1a: Scorch|91/100
|
|t:|1776096673
|switch|p2a: Kyurem|Kyurem|100/100|[from] U-turn
|-ability|p2a: Kyurem|Pressure
|
|upkeep
|turn|21
|
|t:|1776096678
|move|p1a: Scorch|Pyro Ball|p2a: Kyurem
|-damage|p2a: Kyurem|49/100
|move|p2a: Kyurem|Substitute|p2a: Kyurem
|-start|p2a: Kyurem|Substitute
|-damage|p2a: Kyurem|24/100
|
|-heal|p2a: Kyurem|30/100|[from] item: Leftovers
|upkeep
|turn|22
|
|t:|1776096683
|move|p1a: Scorch|Pyro Ball|p2a: Kyurem
|-end|p2a: Kyurem|Substitute
|move|p2a: Kyurem|Earth Power|p1a: Scorch
|-supereffective|p1a: Scorch
|-damage|p1a: Scorch|5/100
|-unboost|p1a: Scorch|spd|1
|
|-heal|p2a: Kyurem|37/100|[from] item: Leftovers
|upkeep
|turn|23
|
|t:|1776096693
|switch|p2a: Corviknight|Corviknight, M|44/100
|-ability|p2a: Corviknight|Pressure
|move|p1a: Scorch|U-turn|p2a: Corviknight
|-start|p1a: Scorch|typechange|Bug|[from] ability: Libero
|-resisted|p2a: Corviknight
|-damage|p2a: Corviknight|36/100
|
|t:|1776096698
|switch|p1a: Infection|Slowking-Galar, M, shiny|76/100 brn|[from] U-turn
|
|-heal|p1a: Infection|82/100 brn|[from] item: Leftovers
|-damage|p1a: Infection|76/100 brn|[from] brn
|upkeep
|turn|24
|
|t:|1776096708
|move|p2a: Corviknight|Roost|p2a: Corviknight
|-heal|p2a: Corviknight|86/100
|-singleturn|p2a: Corviknight|move: Roost
|-prepare|p1a: Infection|Chilly Reception|[premajor]
|move|p1a: Infection|Chilly Reception|p1a: Infection
|-weather|Snowscape
|
|t:|1776096711
|switch|p1a: Mr steal ur game|Dragonite, M, shiny|100/100|[from] Chilly Reception
|
|-weather|Snowscape|[upkeep]
|upkeep
|turn|25
|
|t:|1776096715
|switch|p2a: Alomomola|Alomomola, F|87/100
|move|p1a: Mr steal ur game|Dragon Dance|p1a: Mr steal ur game
|-boost|p1a: Mr steal ur game|atk|1
|-boost|p1a: Mr steal ur game|spe|1
|
|-weather|Snowscape|[upkeep]
|upkeep
|turn|26
|
|t:|1776096717
|move|p1a: Mr steal ur game|Dragon Dance|p1a: Mr steal ur game
|-boost|p1a: Mr steal ur game|atk|1
|-boost|p1a: Mr steal ur game|spe|1
|move|p2a: Alomomola|Tickle|p1a: Mr steal ur game
|-unboost|p1a: Mr steal ur game|atk|1
|-unboost|p1a: Mr steal ur game|def|1
|
|-weather|Snowscape|[upkeep]
|upkeep
|turn|27
|
|t:|1776096720
|move|p1a: Mr steal ur game|Dragon Dance|p1a: Mr steal ur game
|-boost|p1a: Mr steal ur game|atk|1
|-boost|p1a: Mr steal ur game|spe|1
|move|p2a: Alomomola|Tickle|p1a: Mr steal ur game
|-unboost|p1a: Mr steal ur game|atk|1
|-unboost|p1a: Mr steal ur game|def|1
|
|-weather|Snowscape|[upkeep]
|upkeep
|turn|28
|-message|Yespoleon forfeited.
|
|win|TOMBDADDY
|raw|Yespoleon's rating: 1463 &rarr; <strong>1446</strong><br />(-17 for losing)
|raw|TOMBDADDY's rating: 1512 &rarr; <strong>1529</strong><br />(+17 for winning)
|l|☆Yespoleon
|player|p1|
|l| ohko_smeargle
