|html|<div class="broadcast-blue"><strong>[Gen 9] OU is currently suspecting Tera Blast! For information on how to participate check out the <a href="https://www.smogon.com/tools/suspects/view/200">suspect thread</a>.</strong></div>
|j|☆RAAAFE
|j|☆Nikery1
|t:|1776100624
|gametype|singles
|player|p1|RAAAFE|ghetsis|1077
|player|p2|Nikery1|swimmer-gen4dp|1135
|gen|9
|tier|[Gen 9] OU
|rated|
|rule|HP Percentage Mod: HP is shown in percentages
|rule|Endless Battle Clause: Forcing endless battles is banned
|rule|Species Clause: Limit one of each Pokémon
|rule|OHKO Clause: OHKO moves are banned
|rule|Evasion Items Clause: Evasion items are banned
|rule|Evasion Moves Clause: Evasion moves are banned
|rule|Evasion Abilities Clause: Evasion abilities are banned
|rule|Sleep Moves Clause: Sleep-inducing moves are banned
|clearpoke
|poke|p1|Dragonite, F|
|poke|p1|Landorus-Therian, M|
|poke|p1|Iron Valiant|
|poke|p1|Primarina, M|
|poke|p1|Pecharunt|
|poke|p1|Iron Treads|
|poke|p2|Metagross|
|poke|p2|Regidrago|
|poke|p2|Indeedee, M|
|poke|p2|Rabsca, F|
|poke|p2|Pawmot, M|
|poke|p2|Azelf|
|teampreview
|
|t:|1776100636
|teamsize|p1|6
|teamsize|p2|6
|start
|switch|p1a: Great Tusk Wish|Iron Treads|100/100
|switch|p2a: Iragq|Azelf, shiny|100/100
|turn|1
|
|t:|1776100647
|move|p2a: Iragq|Reflect|p2a: Iragq
|-sidestart|p2: Nikery1|Reflect
|move|p1a: Great Tusk Wish|Stealth Rock|p2a: Iragq
|-sidestart|p2: Nikery1|move: Stealth Rock
|
|upkeep
|turn|2
|
|t:|1776100653
|-end|p1a: Great Tusk Wish|Quark Drive|[silent]
|switch|p1a: Nick Forivoire|Landorus-Therian, M|100/100
|-ability|p1a: Nick Forivoire|Intimidate|boost
|-unboost|p2a: Iragq|atk|1
|move|p2a: Iragq|Light Screen|p2a: Iragq
|-sidestart|p2: Nikery1|move: Light Screen
|
|upkeep
|turn|3
|
|t:|1776100661
|move|p2a: Iragq|Explosion|p1a: Nick Forivoire
|-damage|p1a: Nick Forivoire|47/100
|faint|p2a: Iragq
|move|p1a: Nick Forivoire|Gravity|p1a: Nick Forivoire
|-fieldstart|move: Gravity
|
|upkeep
|
|t:|1776100674
|switch|p2a: Indeedee|Indeedee, M|100/100
|-damage|p2a: Indeedee|88/100|[from] Stealth Rock
|-fieldstart|move: Psychic Terrain|[from] ability: Psychic Surge|[of] p2a: Indeedee
|turn|4
|
|t:|1776100683
|switch|p1a: Casimir|Dragonite, F|100/100
|move|p2a: Indeedee|Encore||[still]
|-fail|p2a: Indeedee
|
|-heal|p2a: Indeedee|94/100|[from] item: Leftovers
|upkeep
|turn|5
|
|t:|1776100699
|move|p1a: Casimir|Earthquake|p2a: Indeedee
|-damage|p2a: Indeedee|63/100
|move|p2a: Indeedee|Trick Room|p2a: Indeedee
|-fieldstart|move: Trick Room|[of] p2a: Indeedee
|
|-heal|p2a: Indeedee|69/100|[from] item: Leftovers
|upkeep
|turn|6
|
|t:|1776100707
|move|p2a: Indeedee|Expanding Force|p1a: Casimir
|-damage|p1a: Casimir|63/100
|move|p1a: Casimir|Ice Spinner|p2a: Indeedee
|-crit|p2a: Indeedee
|-damage|p2a: Indeedee|0 fnt
|-fieldend|move: Psychic Terrain
|faint|p2a: Indeedee
|
|upkeep
|
|t:|1776100711
|switch|p2a: Kamikaze|Metagross, shiny|100/100
|-damage|p2a: Kamikaze|94/100|[from] Stealth Rock
|turn|7
|
|t:|1776100723
|move|p2a: Kamikaze|Explosion|p1a: Casimir
|-damage|p1a: Casimir|0 fnt
|faint|p2a: Kamikaze
|faint|p1a: Casimir
|
|-fieldend|move: Gravity
|upkeep
|
|t:|1776100736
|switch|p2a: Rabsca|Rabsca, F|100/100
|switch|p1a: Oui Tante Tweet!|Pecharunt|100/100
|-damage|p2a: Rabsca|76/100|[from] Stealth Rock
|turn|8
|
|t:|1776100746
|move|p2a: Rabsca|Revival Blessing|p2a: Rabsca
|
|t:|1776100751
|-heal|p2: Kamikaze|50/100|[from] move: Revival Blessing
|move|p1a: Oui Tante Tweet!|Foul Play|p2a: Rabsca
|-supereffective|p2a: Rabsca
|-damage|p2a: Rabsca|67/100
|
|-sideend|p2: Nikery1|Reflect
|upkeep
|turn|9
|
|t:|1776100765
|move|p2a: Rabsca|Expanding Force|p1a: Oui Tante Tweet!
|-supereffective|p1a: Oui Tante Tweet!
|-damage|p1a: Oui Tante Tweet!|29/100
|move|p1a: Oui Tante Tweet!|Foul Play|p2a: Rabsca
|-supereffective|p2a: Rabsca
|-damage|p2a: Rabsca|50/100
|
|-sideend|p2: Nikery1|move: Light Screen
|-fieldend|move: Trick Room
|upkeep
|turn|10
|
|t:|1776100777
|switch|p1a: Great Tusk Wish|Iron Treads|100/100
|move|p2a: Rabsca|Trick Room|p2a: Rabsca
|-fieldstart|move: Trick Room|[of] p2a: Rabsca
|
|upkeep
|turn|11
|c|☆Nikery1|just asking for me to explode you
|
|t:|1776100789
|move|p2a: Rabsca|Expanding Force|p1a: Great Tusk Wish
|-resisted|p1a: Great Tusk Wish
|-damage|p1a: Great Tusk Wish|88/100
|move|p1a: Great Tusk Wish|Ice Spinner|p2a: Rabsca
|-damage|p2a: Rabsca|31/100
|
|-heal|p1a: Great Tusk Wish|94/100|[from] item: Leftovers
|upkeep
|turn|12
|
|t:|1776100799
|switch|p2a: Kamikaze|Metagross, shiny|50/100
|-damage|p2a: Kamikaze|44/100|[from] Stealth Rock
|-end|p1a: Great Tusk Wish|Quark Drive|[silent]
|switch|p1a: Dame Du Lac|Primarina, M|100/100
|
|upkeep
|turn|13
|
|t:|1776100814
|-terastallize|p2a: Kamikaze|Normal
|move|p2a: Kamikaze|Explosion|p1a: Dame Du Lac
|-damage|p1a: Dame Du Lac|0 fnt
|faint|p2a: Kamikaze
|faint|p1a: Dame Du Lac
|
|upkeep
|
|t:|1776100821
|switch|p2a: Pawmot|Pawmot, M|100/100
|switch|p1a: Nick Forivoire|Landorus-Therian, M|47/100
|-ability|p1a: Nick Forivoire|Intimidate|boost
|-unboost|p2a: Pawmot|atk|1
|-damage|p2a: Pawmot|94/100|[from] Stealth Rock
|turn|14
|
|t:|1776100832
|switch|p2a: Rabsca|Rabsca, F|31/100
|-damage|p2a: Rabsca|6/100|[from] Stealth Rock
|move|p1a: Nick Forivoire|Earthquake|p2a: Rabsca
|-resisted|p2a: Rabsca
|-damage|p2a: Rabsca|0 fnt
|faint|p2a: Rabsca
|
|-fieldend|move: Trick Room
|upkeep
|
|t:|1776100836
|switch|p2a: Pawmot|Pawmot, M|94/100
|-damage|p2a: Pawmot|88/100|[from] Stealth Rock
|turn|15
|
|t:|1776100846
|move|p2a: Pawmot|Ice Punch|p1a: Nick Forivoire
|-supereffective|p1a: Nick Forivoire
|-damage|p1a: Nick Forivoire|0 fnt
|faint|p1a: Nick Forivoire
|
|upkeep
|
|t:|1776100854
|switch|p1a: Garde2Faire quoi?|Iron Valiant|100/100
|-enditem|p1a: Garde2Faire quoi?|Booster Energy
|-activate|p1a: Garde2Faire quoi?|ability: Quark Drive|[fromitem]
|-start|p1a: Garde2Faire quoi?|quarkdrivespe
|turn|16
|
|t:|1776100862
|move|p1a: Garde2Faire quoi?|Moonblast|p2a: Pawmot
|-supereffective|p2a: Pawmot
|-crit|p2a: Pawmot
|-damage|p2a: Pawmot|0 fnt
|faint|p2a: Pawmot
|
|upkeep
|
|t:|1776100869
|switch|p2a: Pearl harbor|Regidrago, shiny|100/100
|-damage|p2a: Pearl harbor|88/100|[from] Stealth Rock
|turn|17
|
|t:|1776100876
|move|p1a: Garde2Faire quoi?|Moonblast|p2a: Pearl harbor
|-supereffective|p2a: Pearl harbor
|-damage|p2a: Pearl harbor|9/100
|move|p2a: Pearl harbor|Explosion|p1a: Garde2Faire quoi?
|-damage|p1a: Garde2Faire quoi?|0 fnt
|faint|p2a: Pearl harbor
|faint|p1a: Garde2Faire quoi?
|-end|p1a: Garde2Faire quoi?|Quark Drive|[silent]
|
|win|RAAAFE
|raw|RAAAFE's rating: 1077 &rarr; <strong>1110</strong><br />(+33 for winning)
|raw|Nikery1's rating: 1135 &rarr; <strong>1106</strong><br />(-29 for losing)
|l|☆Nikery1
|player|p2|
|l|☆RAAAFE
|player|p1|
|j|☆RAAAFE
|player|p1|RAAAFE|ghetsis|
