|html|<div class="broadcast-blue"><strong>[Gen 9] OU is currently suspecting Tera Blast! For information on how to participate check out the <a href="https://www.smogon.com/tools/suspects/view/200">suspect thread</a>.</strong></div>
|j|☆PabloGYT
|j|☆DeltaEcho7792
|t:|1776071582
|gametype|singles
|player|p1|PabloGYT|n|1123
|player|p2|DeltaEcho7792|170|1149
|gen|9
|tier|[Gen 9] OU
|rated|
|rule|HP Percentage Mod: HP is shown in percentages
|rule|Endless Battle Clause: Forcing endless battles is banned
|rule|Species Clause: Limit one of each Pokémon
|rule|OHKO Clause: OHKO moves are banned
|rule|Evasion Items Clause: Evasion items are banned
|rule|Evasion Moves Clause: Evasion moves are banned
|rule|Evasion Abilities Clause: Evasion abilities are banned
|rule|Sleep Moves Clause: Sleep-inducing moves are banned
|clearpoke
|poke|p1|Toxtricity-Low-Key, M|
|poke|p1|Kyurem|
|poke|p1|Grimmsnarl, M|
|poke|p1|Cinderace, F|
|poke|p1|Garchomp, M|
|poke|p1|Zapdos-Galar|
|poke|p2|Meowscarada, F|
|poke|p2|Moltres|
|poke|p2|Iron Hands|
|poke|p2|Heatran, F|
|poke|p2|Slowking, F|
|poke|p2|Corviknight, M|
|teampreview
|inactive|Battle timer is ON: inactive players will automatically lose when time's up. (requested by DeltaEcho7792)
|inactive|PabloGYT also wants the timer to be on.
|
|t:|1776071587
|teamsize|p1|6
|teamsize|p2|6
|start
|switch|p1a: A kird|Zapdos-Galar, shiny|100/100
|switch|p2a: Iron Hands|Iron Hands, shiny|100/100
|turn|1
|
|t:|1776071596
|switch|p1a: Garchomp|Garchomp, M|100/100
|move|p2a: Iron Hands|Thunder Punch|p1a: Garchomp
|-immune|p1a: Garchomp
|
|upkeep
|turn|2
|
|t:|1776071601
|move|p1a: Garchomp|Stealth Rock|p2a: Iron Hands
|-sidestart|p2: DeltaEcho7792|move: Stealth Rock
|move|p2a: Iron Hands|Ice Punch|p1a: Garchomp
|-supereffective|p1a: Garchomp
|-damage|p1a: Garchomp|13/100
|-damage|p2a: Iron Hands|88/100|[from] ability: Rough Skin|[of] p1a: Garchomp
|-damage|p2a: Iron Hands|72/100|[from] item: Rocky Helmet|[of] p1a: Garchomp
|
|upkeep
|turn|3
|
|t:|1776071609
|move|p1a: Garchomp|Earthquake|p2a: Iron Hands
|-supereffective|p2a: Iron Hands
|-damage|p2a: Iron Hands|15/100
|move|p2a: Iron Hands|Drain Punch|p1a: Garchomp
|-damage|p1a: Garchomp|0 fnt
|-heal|p2a: Iron Hands|20/100|[from] drain|[of] p1a: Garchomp
|-damage|p2a: Iron Hands|8/100|[from] ability: Rough Skin|[of] p1a: Garchomp
|-damage|p2a: Iron Hands|0 fnt|[from] item: Rocky Helmet|[of] p1a: Garchomp
|faint|p1a: Garchomp
|faint|p2a: Iron Hands
|-end|p2a: Iron Hands|Quark Drive|[silent]
|
|upkeep
|
|t:|1776071633
|switch|p1a: Toxtricity|Toxtricity-Low-Key, M, shiny|100/100
|switch|p2a: Slowking|Slowking, F, shiny|100/100
|turn|4
|
|t:|1776071646
|-terastallize|p1a: Toxtricity|Normal
|-terastallize|p2a: Slowking|Fairy
|move|p1a: Toxtricity|Boomburst|p2a: Slowking
|-damage|p2a: Slowking|48/100
|move|p2a: Slowking|Future Sight|p1a: Toxtricity
|-start|p2a: Slowking|move: Future Sight
|
|upkeep
|turn|5
|
|t:|1776071658
|switch|p2a: Corviknight|Corviknight, M, shiny|100/100
|-damage|p2a: Corviknight|88/100|[from] Stealth Rock
|-ability|p2a: Corviknight|Pressure
|move|p1a: Toxtricity|Boomburst|p2a: Corviknight
|-resisted|p2a: Corviknight
|-damage|p2a: Corviknight|44/100
|
|upkeep
|turn|6
|
|t:|1776071669
|switch|p1a: Grimmsnarl|Grimmsnarl, M|100/100
|move|p2a: Corviknight|Roost|p2a: Corviknight
|-heal|p2a: Corviknight|94/100
|-singleturn|p2a: Corviknight|move: Roost
|
|-end|p1a: Grimmsnarl|move: Future Sight
|-immune|p1a: Grimmsnarl
|upkeep
|turn|7
|
|t:|1776071682
|switch|p2a: Slowking|Slowking, F, shiny, tera:Fairy|82/100
|move|p1a: Grimmsnarl|Reflect|p1a: Grimmsnarl
|-sidestart|p1: PabloGYT|Reflect
|
|upkeep
|turn|8
|
|t:|1776071688
|move|p1a: Grimmsnarl|Spirit Break|p2a: Slowking
|-damage|p2a: Slowking|47/100
|-unboost|p2a: Slowking|spa|1
|move|p2a: Slowking|Future Sight|p1a: Grimmsnarl
|-start|p2a: Slowking|move: Future Sight
|
|upkeep
|turn|9
|
|t:|1776071695
|move|p1a: Grimmsnarl|Spirit Break|p2a: Slowking
|-damage|p2a: Slowking|16/100
|-unboost|p2a: Slowking|spa|1
|-prepare|p2a: Slowking|Chilly Reception|[premajor]
|move|p2a: Slowking|Chilly Reception|p2a: Slowking
|-weather|Snowscape
|
|t:|1776071712
|switch|p2a: Heatran|Heatran, F, shiny|100/100|[from] Chilly Reception
|-damage|p2a: Heatran|88/100|[from] Stealth Rock
|
|-weather|Snowscape|[upkeep]
|-heal|p2a: Heatran|94/100|[from] item: Leftovers
|upkeep
|turn|10
|
|t:|1776071718
|move|p1a: Grimmsnarl|Light Screen|p1a: Grimmsnarl
|-sidestart|p1: PabloGYT|move: Light Screen
|move|p2a: Heatran|Magma Storm|p1a: Grimmsnarl
|-damage|p1a: Grimmsnarl|78/100
|-activate|p1a: Grimmsnarl|move: Magma Storm|[of] p2a: Heatran
|
|-weather|Snowscape|[upkeep]
|-end|p1a: Grimmsnarl|move: Future Sight
|-immune|p1a: Grimmsnarl
|-heal|p2a: Heatran|100/100|[from] item: Leftovers
|-damage|p1a: Grimmsnarl|66/100|[from] move: Magma Storm|[partiallytrapped]
|upkeep
|turn|11
|
|t:|1776071728
|move|p1a: Grimmsnarl|Parting Shot|p2a: Heatran
|-unboost|p2a: Heatran|atk|1
|-unboost|p2a: Heatran|spa|1
|
|t:|1776071730
|switch|p1a: Kyurem|Kyurem|100/100|[from] Parting Shot
|-ability|p1a: Kyurem|Pressure
|move|p2a: Heatran|Earth Power|p1a: Kyurem
|-damage|p1a: Kyurem|91/100
|
|-weather|Snowscape|[upkeep]
|upkeep
|turn|12
|
|t:|1776071741
|move|p1a: Kyurem|Earth Power|p2a: Heatran
|-supereffective|p2a: Heatran
|-damage|p2a: Heatran|0 fnt
|faint|p2a: Heatran
|
|-weather|Snowscape|[upkeep]
|upkeep
|-message|DeltaEcho7792 forfeited.
|
|win|PabloGYT
|raw|PabloGYT's rating: 1123 &rarr; <strong>1150</strong><br />(+27 for winning)
|raw|DeltaEcho7792's rating: 1149 &rarr; <strong>1122</strong><br />(-27 for losing)
|l|☆DeltaEcho7792
|player|p2|
|l|☆PabloGYT
|player|p1|
