|html|<div class="broadcast-blue"><strong>[Gen 9] OU is currently suspecting Tera Blast! For information on how to participate check out the <a href="https://www.smogon.com/tools/suspects/view/200">suspect thread</a>.</strong></div>
|j|☆ohmega76
|j|☆drop a ascent
|t:|1776082175
|gametype|singles
|player|p1|ohmega76|266|1322
|player|p2|drop a ascent|cynthia-gen7|1387
|gen|9
|tier|[Gen 9] OU
|rated|
|rule|HP Percentage Mod: HP is shown in percentages
|rule|Endless Battle Clause: Forcing endless battles is banned
|rule|Species Clause: Limit one of each Pokémon
|rule|OHKO Clause: OHKO moves are banned
|rule|Evasion Items Clause: Evasion items are banned
|rule|Evasion Moves Clause: Evasion moves are banned
|rule|Evasion Abilities Clause: Evasion abilities are banned
|rule|Sleep Moves Clause: Sleep-inducing moves are banned
|clearpoke
|poke|p1|Darkrai|
|poke|p1|Hatterene, F|
|poke|p1|Duraludon, M|
|poke|p1|Zoroark-Hisui, F|
|poke|p1|Shaymin|
|poke|p1|Inteleon, M|
|poke|p2|Ogerpon-Wellspring, F|
|poke|p2|Zapdos|
|poke|p2|Zamazenta-*|
|poke|p2|Pecharunt|
|poke|p2|Garchomp, M|
|poke|p2|Heatran, F|
|teampreview
|inactive|Battle timer is ON: inactive players will automatically lose when time's up. (requested by ohmega76)
|
|t:|1776082200
|teamsize|p1|6
|teamsize|p2|6
|start
|switch|p1a: Hatterene|Hatterene, F, shiny|100/100
|switch|p2a: Heatran|Heatran, F|100/100
|-item|p2a: Heatran|Air Balloon
|turn|1
|
|t:|1776082207
|move|p2a: Heatran|Flash Cannon|p1a: Hatterene
|-supereffective|p1a: Hatterene
|-damage|p1a: Hatterene|0 fnt
|faint|p1a: Hatterene
|
|upkeep
|
|t:|1776082212
|switch|p1a: Inteleon|Inteleon, M, shiny|100/100
|turn|2
|
|t:|1776082221
|switch|p2a: Ogerponheimer|Ogerpon-Wellspring, F|100/100
|move|p1a: Inteleon|Swords Dance|p1a: Inteleon
|-boost|p1a: Inteleon|atk|2
|
|upkeep
|turn|3
|
|t:|1776082226
|-terastallize|p1a: Inteleon|Ice
|move|p2a: Ogerponheimer|Trailblaze|p1a: Inteleon
|-damage|p1a: Inteleon|47/100
|-boost|p2a: Ogerponheimer|spe|1
|move|p1a: Inteleon|Icicle Spear|p2a: Ogerponheimer
|-damage|p2a: Ogerponheimer|73/100
|-damage|p2a: Ogerponheimer|44/100
|-damage|p2a: Ogerponheimer|14/100
|-damage|p2a: Ogerponheimer|0 fnt
|faint|p2a: Ogerponheimer
|-hitcount|p2: Ogerponheimer|4
|
|upkeep
|
|t:|1776082246
|switch|p2a: Pecharunt|Pecharunt|100/100
|turn|4
|
|t:|1776082259
|move|p1a: Inteleon|Icicle Spear|p2a: Pecharunt
|-damage|p2a: Pecharunt|91/100
|-damage|p2a: Pecharunt|80/100
|-damage|p2a: Pecharunt|71/100
|-damage|p2a: Pecharunt|60/100
|-hitcount|p2a: Pecharunt|4
|move|p2a: Pecharunt|Malignant Chain|p1a: Inteleon
|-damage|p1a: Inteleon|0 fnt
|faint|p1a: Inteleon
|
|upkeep
|
|t:|1776082269
|switch|p1a: Duraludon|Duraludon, M, shiny|100/100
|turn|5
|
|t:|1776082287
|move|p1a: Duraludon|Swords Dance|p1a: Duraludon
|-boost|p1a: Duraludon|atk|2
|move|p2a: Pecharunt|Parting Shot|p1a: Duraludon
|-unboost|p1a: Duraludon|atk|1
|-unboost|p1a: Duraludon|spa|1
|
|t:|1776082295
|switch|p2a: Heatran|Heatran, F|100/100|[from] Parting Shot
|-item|p2a: Heatran|Air Balloon
|
|upkeep
|turn|6
|
|t:|1776082304
|move|p1a: Duraludon|Iron Head|p2a: Heatran
|-resisted|p2a: Heatran
|-damage|p2a: Heatran|90/100
|-enditem|p2a: Heatran|Air Balloon
|move|p2a: Heatran|Earth Power|p1a: Duraludon
|-supereffective|p1a: Duraludon
|-damage|p1a: Duraludon|12/100
|
|upkeep
|turn|7
|
|t:|1776082310
|move|p1a: Duraludon|Thunder Wave|p2a: Heatran
|-status|p2a: Heatran|par
|move|p2a: Heatran|Earth Power|p1a: Duraludon
|-supereffective|p1a: Duraludon
|-damage|p1a: Duraludon|0 fnt
|faint|p1a: Duraludon
|
|upkeep
|
|t:|1776082321
|switch|p1a: Darkrai|Darkrai, shiny|100/100
|turn|8
|
|t:|1776082331
|move|p1a: Darkrai|Swords Dance|p1a: Darkrai
|-boost|p1a: Darkrai|atk|2
|cant|p2a: Heatran|par
|
|upkeep
|turn|9
|
|t:|1776082335
|move|p1a: Darkrai|Swords Dance|p1a: Darkrai
|-boost|p1a: Darkrai|atk|2
|move|p2a: Heatran|Magma Storm|p1a: Darkrai
|-damage|p1a: Darkrai|21/100
|-activate|p1a: Darkrai|move: Magma Storm|[of] p2a: Heatran
|
|-damage|p1a: Darkrai|8/100|[from] move: Magma Storm|[partiallytrapped]
|upkeep
|turn|10
|
|t:|1776082345
|move|p1a: Darkrai|Sucker Punch||[still]
|-fail|p1a: Darkrai
|move|p2a: Heatran|Stealth Rock|p1a: Darkrai
|-sidestart|p1: ohmega76|move: Stealth Rock
|
|-damage|p1a: Darkrai|0 fnt|[from] move: Magma Storm|[partiallytrapped]
|faint|p1a: Darkrai
|upkeep
|-message|ohmega76 forfeited.
|
|win|drop a ascent
|raw|ohmega76's rating: 1322 &rarr; <strong>1306</strong><br />(-16 for losing)
|raw|drop a ascent's rating: 1387 &rarr; <strong>1403</strong><br />(+16 for winning)
|l|☆ohmega76
|player|p1|
|l|☆drop a ascent
|player|p2|
