|html|<div class="broadcast-blue"><strong>[Gen 9] OU is currently suspecting Tera Blast! For information on how to participate check out the <a href="https://www.smogon.com/tools/suspects/view/200">suspect thread</a>.</strong></div>
|j|☆wizardrex
|j|☆frankiejkuna
|t:|1776058672
|gametype|singles
|player|p1|wizardrex|101|1145
|player|p2|frankiejkuna|102|1131
|gen|9
|tier|[Gen 9] OU
|rated|
|rule|HP Percentage Mod: HP is shown in percentages
|rule|Endless Battle Clause: Forcing endless battles is banned
|rule|Species Clause: Limit one of each Pokémon
|rule|OHKO Clause: OHKO moves are banned
|rule|Evasion Items Clause: Evasion items are banned
|rule|Evasion Moves Clause: Evasion moves are banned
|rule|Evasion Abilities Clause: Evasion abilities are banned
|rule|Sleep Moves Clause: Sleep-inducing moves are banned
|clearpoke
|poke|p1|Indeedee, M|
|poke|p1|Hatterene, F|
|poke|p1|Hawlucha, F|
|poke|p1|Hoopa-Unbound|
|poke|p1|Armarouge, F|
|poke|p1|Maushold|
|poke|p2|Masquerain, M|
|poke|p2|Squawkabilly-Blue, M|
|poke|p2|Basculin, M|
|poke|p2|Crocalor, M|
|poke|p2|Jolteon, M|
|poke|p2|Gogoat, M|
|teampreview
|j| ohko_smeargle
|
|t:|1776058709
|teamsize|p1|6
|teamsize|p2|6
|start
|switch|p1a: Indeedee|Indeedee, M|100/100
|switch|p2a: Masquerain|Masquerain, M, shiny|100/100
|-fieldstart|move: Psychic Terrain|[from] ability: Psychic Surge|[of] p1a: Indeedee
|-ability|p2a: Masquerain|Intimidate|boost
|-unboost|p1a: Indeedee|atk|1
|turn|1
|
|t:|1776058721
|switch|p1a: Hatterene|Hatterene, F|100/100
|move|p2a: Masquerain|Sticky Web|p1a: Hatterene
|move|p1a: Hatterene|Sticky Web|p2a: Masquerain|[from] ability: Magic Bounce
|-sidestart|p2: frankiejkuna|move: Sticky Web
|
|upkeep
|turn|2
|
|t:|1776058735
|move|p2a: Masquerain|Quiver Dance|p2a: Masquerain
|-boost|p2a: Masquerain|spa|1
|-boost|p2a: Masquerain|spd|1
|-boost|p2a: Masquerain|spe|1
|move|p1a: Hatterene|Psychic Noise|p2a: Masquerain
|-damage|p2a: Masquerain|60/100
|-start|p2a: Masquerain|move: Heal Block
|
|upkeep
|turn|3
|inactive|Battle timer is ON: inactive players will automatically lose when time's up. (requested by wizardrex)
|
|t:|1776058780
|move|p2a: Masquerain|Quiver Dance|p2a: Masquerain
|-boost|p2a: Masquerain|spa|1
|-boost|p2a: Masquerain|spd|1
|-boost|p2a: Masquerain|spe|1
|move|p1a: Hatterene|Nuzzle|p2a: Masquerain
|-supereffective|p2a: Masquerain
|-damage|p2a: Masquerain|45/100
|-status|p2a: Masquerain|par
|
|-end|p2a: Masquerain|move: Heal Block
|upkeep
|turn|4
|
|t:|1776058795
|-terastallize|p2a: Masquerain|Water
|move|p2a: Masquerain|Hydro Pump|p1a: Hatterene|[miss]
|-miss|p2a: Masquerain|p1a: Hatterene
|move|p1a: Hatterene|Psychic Noise|p2a: Masquerain
|-damage|p2a: Masquerain|13/100 par
|-start|p2a: Masquerain|move: Heal Block
|
|upkeep
|turn|5
|
|t:|1776058800
|move|p2a: Masquerain|Hydro Pump|p1a: Hatterene
|-damage|p1a: Hatterene|0 fnt
|faint|p1a: Hatterene
|
|-end|p2a: Masquerain|move: Heal Block
|upkeep
|
|t:|1776058803
|switch|p1a: Hawlucha|Hawlucha, F|100/100
|-enditem|p1a: Hawlucha|Psychic Seed
|-boost|p1a: Hawlucha|spd|1|[from] item: Psychic Seed
|turn|6
|
|t:|1776058810
|move|p1a: Hawlucha|Acrobatics|p2a: Masquerain
|-damage|p2a: Masquerain|0 fnt
|faint|p2a: Masquerain
|
|upkeep
|
|t:|1776058819
|switch|p2a: Crocalor|Crocalor, M, shiny|100/100
|-activate|p2a: Crocalor|move: Sticky Web
|-unboost|p2a: Crocalor|spe|1
|turn|7
|
|t:|1776058830
|move|p1a: Hawlucha|Swords Dance|p1a: Hawlucha
|-boost|p1a: Hawlucha|atk|2
|move|p2a: Crocalor|Will-O-Wisp|p1a: Hawlucha
|-status|p1a: Hawlucha|brn
|
|-damage|p1a: Hawlucha|94/100 brn|[from] brn
|upkeep
|turn|8
|
|t:|1776058845
|move|p1a: Hawlucha|Swords Dance|p1a: Hawlucha
|-boost|p1a: Hawlucha|atk|2
|move|p2a: Crocalor|Flamethrower|p1a: Hawlucha
|-damage|p1a: Hawlucha|50/100 brn
|
|-damage|p1a: Hawlucha|44/100 brn|[from] brn
|-fieldend|move: Psychic Terrain
|upkeep
|turn|9
|
|t:|1776058860
|move|p1a: Hawlucha|Acrobatics|p2a: Crocalor
|-crit|p2a: Crocalor
|-damage|p2a: Crocalor|70/100
|move|p2a: Crocalor|Flamethrower|p1a: Hawlucha
|-damage|p1a: Hawlucha|0 fnt
|faint|p1a: Hawlucha
|
|upkeep
|
|t:|1776058866
|switch|p1a: Maushold|Maushold|100/100
|turn|10
|
|t:|1776058873
|move|p1a: Maushold|Population Bomb|p2a: Crocalor
|-damage|p2a: Crocalor|61/100
|-damage|p2a: Crocalor|52/100
|-damage|p2a: Crocalor|43/100
|-damage|p2a: Crocalor|35/100
|-damage|p2a: Crocalor|27/100
|-damage|p2a: Crocalor|19/100
|-damage|p2a: Crocalor|10/100
|-damage|p2a: Crocalor|2/100
|-damage|p2a: Crocalor|0 fnt
|faint|p2a: Crocalor
|-hitcount|p2: Crocalor|9
|
|upkeep
|inactive|frankiejkuna has 120 seconds left.
|inactive|frankiejkuna has 90 seconds left.
|
|t:|1776058956
|switch|p2a: Basculin|Basculin, M, shiny|100/100
|-activate|p2a: Basculin|move: Sticky Web
|-unboost|p2a: Basculin|spe|1
|turn|11
|inactive|wizardrex has 120 seconds left.
|
|t:|1776058989
|move|p2a: Basculin|Aqua Jet|p1a: Maushold
|-damage|p1a: Maushold|52/100
|move|p1a: Maushold|Tidy Up|p1a: Maushold
|-sideend|p2: frankiejkuna|Sticky Web
|-activate|p1a: Maushold|move: Tidy Up
|-boost|p1a: Maushold|atk|1
|-boost|p1a: Maushold|spe|1
|
|upkeep
|turn|12
|inactive|frankiejkuna has 60 seconds left.
|
|t:|1776059019
|move|p2a: Basculin|Aqua Jet|p1a: Maushold
|-damage|p1a: Maushold|1/100
|move|p1a: Maushold|Population Bomb|p2a: Basculin
|-damage|p2a: Basculin|71/100
|-damage|p2a: Basculin|42/100
|-damage|p2a: Basculin|11/100
|-damage|p2a: Basculin|0 fnt
|faint|p2a: Basculin
|-hitcount|p2: Basculin|4
|
|upkeep
|inactive|frankiejkuna has 30 seconds left.
|
|t:|1776059046
|switch|p2a: Squawkabilly|Squawkabilly-Blue, M, shiny|100/100
|turn|13
|inactive|frankiejkuna has 30 seconds left.
|inactive|frankiejkuna has 20 seconds left.
|inactive|wizardrex has 120 seconds left.
|inactive|frankiejkuna has 15 seconds left.
|inactive|frankiejkuna has 10 seconds left.
|inactive|frankiejkuna has 5 seconds left.
|
|t:|1776059084
|move|p2a: Squawkabilly|Quick Attack|p1a: Maushold
|-damage|p1a: Maushold|0 fnt
|faint|p1a: Maushold
|
|-status|p2a: Squawkabilly|brn|[from] item: Flame Orb
|upkeep
|inactive|wizardrex has 90 seconds left.
|
|t:|1776059136
|switch|p1a: Indeedee|Indeedee, M|100/100
|-fieldstart|move: Psychic Terrain|[from] ability: Psychic Surge|[of] p1a: Indeedee
|turn|14
|inactive|frankiejkuna has 20 seconds left this turn.
|inactive|frankiejkuna has 15 seconds left.
|inactive|frankiejkuna has 10 seconds left.
|
|t:|1776059149
|move|p2a: Squawkabilly|Facade|p1a: Indeedee
|-damage|p1a: Indeedee|0 fnt
|faint|p1a: Indeedee
|
|-damage|p2a: Squawkabilly|94/100 brn|[from] brn
|upkeep
|
|t:|1776059154
|switch|p1a: Armarouge|Armarouge, F|100/100
|turn|15
|inactive|frankiejkuna has 25 seconds left this turn.
|inactive|frankiejkuna has 20 seconds left.
|
|t:|1776059160
|move|p2a: Squawkabilly|Facade|p1a: Armarouge
|-enditem|p1a: Armarouge|Focus Sash
|-damage|p1a: Armarouge|1/100
|-ability|p1a: Armarouge|Weak Armor|boost
|-unboost|p1a: Armarouge|def|1
|-boost|p1a: Armarouge|spe|2
|move|p1a: Armarouge|Expanding Force|p2a: Squawkabilly
|-damage|p2a: Squawkabilly|0 fnt
|faint|p2a: Squawkabilly
|
|upkeep
|inactive|frankiejkuna has 25 seconds left this turn.
|inactive|frankiejkuna has 20 seconds left.
|inactive|frankiejkuna has 15 seconds left.
|inactive|frankiejkuna has 10 seconds left.
|
|t:|1776059176
|switch|p2a: Jolteon|Jolteon, M, shiny|100/100
|turn|16
|inactive|frankiejkuna has 20 seconds left this turn.
|
|t:|1776059182
|move|p1a: Armarouge|Expanding Force|p2a: Jolteon
|-damage|p2a: Jolteon|0 fnt
|faint|p2a: Jolteon
|
|upkeep
|inactive|frankiejkuna has 25 seconds left this turn.
|
|t:|1776059185
|switch|p2a: Gogoat|Gogoat, M, shiny|100/100
|turn|17
|inactive|frankiejkuna has 30 seconds left.
|
|t:|1776059197
|move|p1a: Armarouge|Expanding Force|p2a: Gogoat
|-damage|p2a: Gogoat|43/100
|move|p2a: Gogoat|Horn Leech|p1a: Armarouge
|-resisted|p1a: Armarouge
|-damage|p1a: Armarouge|0 fnt
|-heal|p2a: Gogoat|43/100|[from] drain|[of] p1a: Armarouge
|faint|p1a: Armarouge
|
|-heal|p2a: Gogoat|50/100|[from] item: Leftovers
|upkeep
|
|t:|1776059202
|switch|p1a: Hoopa|Hoopa-Unbound|100/100
|turn|18
|inactive|frankiejkuna has 30 seconds left.
|
|t:|1776059220
|-terastallize|p1a: Hoopa|Poison
|move|p1a: Hoopa|Gunk Shot|p2a: Gogoat
|-supereffective|p2a: Gogoat
|-damage|p2a: Gogoat|0 fnt
|faint|p2a: Gogoat
|
|win|wizardrex
|raw|wizardrex's rating: 1184 &rarr; <strong>1205</strong><br />(+21 for winning)
|raw|frankiejkuna's rating: 1131 &rarr; <strong>1110</strong><br />(-21 for losing)
|l| ohko_smeargle
|l|☆frankiejkuna
|player|p2|
|l|☆wizardrex
|player|p1|
