|html|<div class="broadcast-blue"><strong>[Gen 9] OU is currently suspecting Tera Blast! For information on how to participate check out the <a href="https://www.smogon.com/tools/suspects/view/200">suspect thread</a>.</strong></div>
|j|☆HAZ696
|j|☆Etihadmf
|t:|1776064720
|gametype|singles
|player|p1|HAZ696|swimmerf-gen4|1072
|player|p2|Etihadmf|170|1125
|gen|9
|tier|[Gen 9] OU
|rated|
|rule|HP Percentage Mod: HP is shown in percentages
|rule|Endless Battle Clause: Forcing endless battles is banned
|rule|Species Clause: Limit one of each Pokémon
|rule|OHKO Clause: OHKO moves are banned
|rule|Evasion Items Clause: Evasion items are banned
|rule|Evasion Moves Clause: Evasion moves are banned
|rule|Evasion Abilities Clause: Evasion abilities are banned
|rule|Sleep Moves Clause: Sleep-inducing moves are banned
|clearpoke
|poke|p1|Lycanroc-Dusk, M|
|poke|p1|Arcanine, M|
|poke|p1|Houndstone, F|
|poke|p1|Zamazenta-*|
|poke|p1|Sylveon, F|
|poke|p1|Umbreon, F|
|poke|p2|Bronzong|
|poke|p2|Gengar, F|
|poke|p2|Krookodile, F|
|poke|p2|Enamorus-Therian, F|
|poke|p2|Raichu-Alola, M|
|poke|p2|Cinderace, F|
|teampreview
|inactive|Battle timer is ON: inactive players will automatically lose when time's up. (requested by Etihadmf)
|
|t:|1776064727
|teamsize|p1|6
|teamsize|p2|6
|start
|switch|p1a: Lycanroc|Lycanroc-Dusk, M|100/100
|switch|p2a: Bronzong|Bronzong|100/100
|turn|1
|
|t:|1776064755
|move|p1a: Lycanroc|Stealth Rock|p2a: Bronzong
|-sidestart|p2: Etihadmf|move: Stealth Rock
|move|p2a: Bronzong|Trick|p1a: Lycanroc
|-activate|p2a: Bronzong|move: Trick|[of] p1a: Lycanroc
|-item|p1a: Lycanroc|Lagging Tail|[from] move: Trick
|-item|p2a: Bronzong|Focus Sash|[from] move: Trick
|
|upkeep
|turn|2
|
|t:|1776064773
|move|p1a: Lycanroc|Taunt|p2a: Bronzong
|-start|p2a: Bronzong|move: Taunt
|cant|p2a: Bronzong|move: Taunt|Trick Room
|
|upkeep
|turn|3
|inactive|Etihadmf has 120 seconds left.
|
|t:|1776064799
|switch|p1a: Arcanine|Arcanine, M|100/100
|-ability|p1a: Arcanine|Intimidate|boost
|-unboost|p2a: Bronzong|atk|1
|move|p2a: Bronzong|Body Press|p1a: Arcanine
|-damage|p1a: Arcanine|67/100
|
|upkeep
|turn|4
|
|t:|1776064810
|move|p1a: Arcanine|Flare Blitz|p2a: Bronzong
|-supereffective|p2a: Bronzong
|-enditem|p2a: Bronzong|Focus Sash
|-damage|p2a: Bronzong|1/100
|-damage|p1a: Arcanine|36/100|[from] Recoil
|-damage|p1a: Arcanine|26/100|[from] item: Life Orb
|move|p2a: Bronzong|Night Shade|p1a: Arcanine
|-damage|p1a: Arcanine|0 fnt
|faint|p1a: Arcanine
|
|-end|p2a: Bronzong|move: Taunt
|upkeep
|
|t:|1776064821
|switch|p1a: Lycanroc|Lycanroc-Dusk, M|100/100
|turn|5
|
|t:|1776064823
|move|p1a: Lycanroc|Accelerock|p2a: Bronzong
|-resisted|p2a: Bronzong
|-damage|p2a: Bronzong|0 fnt
|faint|p2a: Bronzong
|
|upkeep
|
|t:|1776064831
|switch|p2a: Krookodile|Krookodile, F|100/100
|-damage|p2a: Krookodile|94/100|[from] Stealth Rock
|turn|6
|
|t:|1776064852
|-terastallize|p1a: Lycanroc|Flying
|move|p2a: Krookodile|Earthquake|p1a: Lycanroc
|-immune|p1a: Lycanroc
|move|p1a: Lycanroc|Counter||[still]
|-fail|p1a: Lycanroc
|
|upkeep
|turn|7
|
|t:|1776064859
|switch|p2a: Cinderace|Cinderace, F|100/100
|move|p1a: Lycanroc|Taunt|p2a: Cinderace
|-start|p2a: Cinderace|move: Taunt
|
|upkeep
|turn|8
|
|t:|1776064866
|move|p1a: Lycanroc|Accelerock|p2a: Cinderace
|-supereffective|p2a: Cinderace
|-damage|p2a: Cinderace|29/100
|move|p2a: Cinderace|U-turn|p1a: Lycanroc
|-start|p2a: Cinderace|typechange|Bug|[from] ability: Libero
|-resisted|p1a: Lycanroc
|-damage|p1a: Lycanroc|69/100
|
|t:|1776064870
|switch|p2a: Krookodile|Krookodile, F|94/100|[from] U-turn
|-damage|p2a: Krookodile|88/100|[from] Stealth Rock
|
|upkeep
|turn|9
|
|t:|1776064880
|-terastallize|p2a: Krookodile|Electric
|move|p2a: Krookodile|Tera Blast|p1a: Lycanroc|[anim] Tera Blast Electric
|-supereffective|p1a: Lycanroc
|-damage|p1a: Lycanroc|0 fnt
|faint|p1a: Lycanroc
|-ability|p2a: Krookodile|Moxie|boost
|-boost|p2a: Krookodile|atk|1
|
|upkeep
|
|t:|1776064897
|switch|p1a: Zamazenta|Zamazenta, shiny|100/100
|-ability|p1a: Zamazenta|Dauntless Shield|boost
|-boost|p1a: Zamazenta|def|1
|turn|10
|
|t:|1776064905
|move|p2a: Krookodile|Tera Blast|p1a: Zamazenta|[anim] Tera Blast Electric
|-damage|p1a: Zamazenta|65/100
|move|p1a: Zamazenta|Close Combat|p2a: Krookodile
|-damage|p2a: Krookodile|22/100
|-unboost|p1a: Zamazenta|def|1
|-unboost|p1a: Zamazenta|spd|1
|
|upkeep
|turn|11
|
|t:|1776064915
|move|p2a: Krookodile|Tera Blast|p1a: Zamazenta|[anim] Tera Blast Electric
|-damage|p1a: Zamazenta|11/100
|move|p1a: Zamazenta|Close Combat|p2a: Krookodile
|-damage|p2a: Krookodile|0 fnt
|-unboost|p1a: Zamazenta|def|1
|-unboost|p1a: Zamazenta|spd|1
|faint|p2a: Krookodile
|
|upkeep
|
|t:|1776064920
|switch|p2a: Enamorus|Enamorus-Therian, F|100/100
|-damage|p2a: Enamorus|76/100|[from] Stealth Rock
|turn|12
|
|t:|1776064940
|switch|p1a: Sylveon|Sylveon, F, shiny|100/100
|move|p2a: Enamorus|Calm Mind|p2a: Enamorus
|-boost|p2a: Enamorus|spa|1
|-boost|p2a: Enamorus|spd|1
|
|upkeep
|turn|13
|
|t:|1776064952
|move|p1a: Sylveon|Hyper Voice|p2a: Enamorus
|-damage|p2a: Enamorus|42/100
|move|p2a: Enamorus|Mystical Fire|p1a: Sylveon
|-damage|p1a: Sylveon|80/100
|-unboost|p1a: Sylveon|spa|1
|
|-heal|p1a: Sylveon|86/100|[from] item: Leftovers
|upkeep
|turn|14
|
|t:|1776064960
|move|p1a: Sylveon|Hyper Voice|p2a: Enamorus
|-damage|p2a: Enamorus|20/100
|move|p2a: Enamorus|Moonblast|p1a: Sylveon
|-damage|p1a: Sylveon|48/100
|
|-heal|p1a: Sylveon|54/100|[from] item: Leftovers
|upkeep
|turn|15
|
|t:|1776064967
|move|p1a: Sylveon|Hyper Voice|p2a: Enamorus
|-damage|p2a: Enamorus|0 fnt
|faint|p2a: Enamorus
|
|-heal|p1a: Sylveon|60/100|[from] item: Leftovers
|upkeep
|
|t:|1776064970
|switch|p2a: Cinderace|Cinderace, F|29/100
|turn|16
|
|t:|1776064985
|switch|p1a: Houndstone|Houndstone, F|100/100
|move|p2a: Cinderace|Court Change|p2a: Cinderace
|-start|p2a: Cinderace|typechange|Normal|[from] ability: Libero
|-swapsideconditions
|-activate|p2a: Cinderace|move: Court Change
|
|upkeep
|turn|17
|
|t:|1776064994
|move|p2a: Cinderace|Pyro Ball|p1a: Houndstone
|-damage|p1a: Houndstone|51/100
|move|p1a: Houndstone|Body Press|p2a: Cinderace
|-supereffective|p2a: Cinderace
|-damage|p2a: Cinderace|0 fnt
|faint|p2a: Cinderace
|
|upkeep
|
|t:|1776065002
|switch|p2a: Gengar|Gengar, F|100/100
|turn|18
|
|t:|1776065008
|switch|p1a: Zamazenta|Zamazenta, shiny|11/100
|-damage|p1a: Zamazenta|4/100|[from] Stealth Rock
|move|p2a: Gengar|Hex|p1a: Zamazenta
|-damage|p1a: Zamazenta|0 fnt
|faint|p1a: Zamazenta
|
|upkeep
|
|t:|1776065016
|switch|p1a: Houndstone|Houndstone, F|51/100
|-damage|p1a: Houndstone|39/100|[from] Stealth Rock
|turn|19
|
|t:|1776065023
|move|p2a: Gengar|Hex|p1a: Houndstone
|-supereffective|p1a: Houndstone
|-crit|p1a: Houndstone
|-damage|p1a: Houndstone|0 fnt
|faint|p1a: Houndstone
|
|upkeep
|
|t:|1776065029
|switch|p1a: Umbreon|Umbreon, F, shiny|100/100
|-damage|p1a: Umbreon|88/100|[from] Stealth Rock
|turn|20
|
|t:|1776065037
|move|p2a: Gengar|Thunder Wave|p1a: Umbreon
|-status|p1a: Umbreon|par
|-activate|p1a: Umbreon|ability: Synchronize
|-status|p2a: Gengar|par
|move|p1a: Umbreon|Psychic|p2a: Gengar
|-supereffective|p2a: Gengar
|-damage|p2a: Gengar|34/100 par
|-damage|p1a: Umbreon|78/100 par|[from] item: Life Orb
|
|upkeep
|turn|21
|
|t:|1776065048
|move|p2a: Gengar|Hex|p1a: Umbreon
|-resisted|p1a: Umbreon
|-damage|p1a: Umbreon|48/100 par
|move|p1a: Umbreon|Psychic|p2a: Gengar
|-supereffective|p2a: Gengar
|-damage|p2a: Gengar|0 fnt
|-start|p1a: Umbreon|Disable|Psychic|[from] ability: Cursed Body|[of] p2a: Gengar
|faint|p2a: Gengar
|-damage|p1a: Umbreon|39/100 par|[from] item: Life Orb
|
|upkeep
|
|t:|1776065051
|switch|p2a: Raichu|Raichu-Alola, M|100/100
|turn|22
|
|t:|1776065062
|move|p2a: Raichu|Nasty Plot|p2a: Raichu
|-boost|p2a: Raichu|spa|2
|move|p1a: Umbreon|Moonlight|p1a: Umbreon
|-heal|p1a: Umbreon|89/100 par
|
|upkeep
|turn|23
|
|t:|1776065068
|move|p2a: Raichu|Nasty Plot|p2a: Raichu
|-boost|p2a: Raichu|spa|2
|cant|p1a: Umbreon|par
|
|upkeep
|turn|24
|
|t:|1776065077
|move|p2a: Raichu|Nasty Plot|p2a: Raichu
|-boost|p2a: Raichu|spa|2
|move|p1a: Umbreon|Dark Pulse|p2a: Raichu
|-supereffective|p2a: Raichu
|-damage|p2a: Raichu|23/100
|-damage|p1a: Umbreon|79/100 par|[from] item: Life Orb
|
|-end|p1a: Umbreon|Disable
|upkeep
|turn|25
|
|t:|1776065085
|move|p2a: Raichu|Volt Switch|p1a: Umbreon
|-damage|p1a: Umbreon|0 fnt
|faint|p1a: Umbreon
|
|upkeep
|
|t:|1776065090
|switch|p1a: Sylveon|Sylveon, F, shiny|60/100
|-damage|p1a: Sylveon|48/100|[from] Stealth Rock
|turn|26
|
|t:|1776065115
|move|p2a: Raichu|Psychic Noise|p1a: Sylveon
|-damage|p1a: Sylveon|0 fnt
|faint|p1a: Sylveon
|
|win|Etihadmf
|raw|HAZ696's rating: 1072 &rarr; <strong>1054</strong><br />(-18 for losing)
|raw|Etihadmf's rating: 1125 &rarr; <strong>1146</strong><br />(+21 for winning)
|l|☆HAZ696
|player|p1|
|l|☆Etihadmf
|player|p2|
