|html|<div class="broadcast-blue"><strong>[Gen 9] OU is currently suspecting Tera Blast! For information on how to participate check out the <a href="https://www.smogon.com/tools/suspects/view/200">suspect thread</a>.</strong></div>
|j|☆liberloliebhaber
|j|☆maisiemeow
|t:|1776042631
|gametype|singles
|player|p1|liberloliebhaber|infielder|1264
|player|p2|maisiemeow|iris|1263
|gen|9
|tier|[Gen 9] OU
|rated|
|rule|HP Percentage Mod: HP is shown in percentages
|rule|Endless Battle Clause: Forcing endless battles is banned
|rule|Species Clause: Limit one of each Pokémon
|rule|OHKO Clause: OHKO moves are banned
|rule|Evasion Items Clause: Evasion items are banned
|rule|Evasion Moves Clause: Evasion moves are banned
|rule|Evasion Abilities Clause: Evasion abilities are banned
|rule|Sleep Moves Clause: Sleep-inducing moves are banned
|clearpoke
|poke|p1|Great Tusk|
|poke|p1|Walking Wake|
|poke|p1|Kingambit, F|
|poke|p1|Venusaur, M|
|poke|p1|Ninetales, F|
|poke|p1|Raging Bolt|
|poke|p2|Meloetta|
|poke|p2|Ting-Lu|
|poke|p2|Alomomola, F|
|poke|p2|Sinistcha|
|poke|p2|Great Tusk|
|poke|p2|Zamazenta-*|
|teampreview
|inactive|Battle timer is ON: inactive players will automatically lose when time's up. (requested by maisiemeow)
|inactive|liberloliebhaber also wants the timer to be on.
|
|t:|1776042640
|teamsize|p1|6
|teamsize|p2|6
|start
|switch|p1a: Ninetales|Ninetales, F|100/100
|switch|p2a: Ting-Lu|Ting-Lu|100/100
|-weather|SunnyDay|[from] ability: Drought|[of] p1a: Ninetales
|-ability|p2a: Ting-Lu|Vessel of Ruin
|turn|1
|
|t:|1776042653
|switch|p1a: Venusaur|Venusaur, M|100/100
|move|p2a: Ting-Lu|Earthquake|p1a: Venusaur
|-damage|p1a: Venusaur|55/100
|
|-weather|SunnyDay|[upkeep]
|upkeep
|turn|2
|
|t:|1776042662
|switch|p2a: Meloetta|Meloetta|100/100
|move|p1a: Venusaur|Growth|p1a: Venusaur
|-boost|p1a: Venusaur|atk|2
|-boost|p1a: Venusaur|spa|2
|
|-weather|SunnyDay|[upkeep]
|upkeep
|turn|3
|
|t:|1776042672
|move|p1a: Venusaur|Giga Drain|p2a: Meloetta
|-damage|p2a: Meloetta|61/100
|-heal|p1a: Venusaur|79/100|[from] drain|[of] p2a: Meloetta
|-damage|p1a: Venusaur|69/100|[from] item: Life Orb
|move|p2a: Meloetta|Psyshock|p1a: Venusaur
|-supereffective|p1a: Venusaur
|-damage|p1a: Venusaur|0 fnt
|faint|p1a: Venusaur
|
|-weather|SunnyDay|[upkeep]
|upkeep
|
|t:|1776042680
|switch|p1a: Kingambit|Kingambit, F|100/100
|-activate|p1a: Kingambit|ability: Supreme Overlord
|-start|p1a: Kingambit|fallen1|[silent]
|-item|p1a: Kingambit|Air Balloon
|turn|4
|
|t:|1776042687
|move|p2a: Meloetta|Close Combat|p1a: Kingambit
|-supereffective|p1a: Kingambit
|-damage|p1a: Kingambit|24/100
|-unboost|p2a: Meloetta|def|1
|-unboost|p2a: Meloetta|spd|1
|-enditem|p1a: Kingambit|Air Balloon
|move|p1a: Kingambit|Swords Dance|p1a: Kingambit
|-boost|p1a: Kingambit|atk|2
|
|-weather|SunnyDay|[upkeep]
|upkeep
|turn|5
|
|t:|1776042694
|switch|p2a: Zamazenta|Zamazenta|100/100
|-ability|p2a: Zamazenta|Dauntless Shield|boost
|-boost|p2a: Zamazenta|def|1
|move|p1a: Kingambit|Sucker Punch||[still]
|-fail|p1a: Kingambit
|
|-weather|SunnyDay|[upkeep]
|upkeep
|turn|6
|
|t:|1776042703
|move|p1a: Kingambit|Sucker Punch|p2a: Zamazenta
|-resisted|p2a: Zamazenta
|-damage|p2a: Zamazenta|74/100
|move|p2a: Zamazenta|Close Combat|p1a: Kingambit
|-supereffective|p1a: Kingambit
|-damage|p1a: Kingambit|0 fnt
|-unboost|p2a: Zamazenta|def|1
|-unboost|p2a: Zamazenta|spd|1
|faint|p1a: Kingambit
|-end|p1a: Kingambit|fallen1|[silent]
|
|-weather|SunnyDay|[upkeep]
|upkeep
|
|t:|1776042708
|switch|p1a: Walking Wake|Walking Wake|100/100
|-activate|p1a: Walking Wake|ability: Protosynthesis
|-start|p1a: Walking Wake|protosynthesisspe
|turn|7
|
|t:|1776042714
|switch|p2a: Ting-Lu|Ting-Lu|100/100
|-ability|p2a: Ting-Lu|Vessel of Ruin
|move|p1a: Walking Wake|Hydro Steam|p2a: Ting-Lu
|-supereffective|p2a: Ting-Lu
|-damage|p2a: Ting-Lu|44/100
|
|-weather|SunnyDay|[upkeep]
|-heal|p2a: Ting-Lu|51/100|[from] item: Leftovers
|upkeep
|turn|8
|
|t:|1776042723
|switch|p2a: Meloetta|Meloetta|61/100
|move|p1a: Walking Wake|Hydro Steam|p2a: Meloetta
|-damage|p2a: Meloetta|30/100
|
|-weather|none
|-end|p1a: Walking Wake|Protosynthesis
|upkeep
|turn|9
|
|t:|1776042736
|-end|p1a: Walking Wake|Protosynthesis|[silent]
|switch|p1a: Ninetales|Ninetales, F|100/100
|-weather|SunnyDay|[from] ability: Drought|[of] p1a: Ninetales
|move|p2a: Meloetta|Hyper Voice|p1a: Ninetales
|-damage|p1a: Ninetales|62/100
|
|-weather|SunnyDay|[upkeep]
|upkeep
|turn|10
|
|t:|1776042753
|move|p1a: Ninetales|Weather Ball|p2a: Meloetta
|-damage|p2a: Meloetta|6/100
|move|p2a: Meloetta|Hyper Voice|p1a: Ninetales
|-damage|p1a: Ninetales|27/100
|
|-weather|SunnyDay|[upkeep]
|upkeep
|turn|11
|
|t:|1776042762
|switch|p2a: Alomomola|Alomomola, F|100/100
|move|p1a: Ninetales|Weather Ball|p2a: Alomomola
|-resisted|p2a: Alomomola
|-damage|p2a: Alomomola|74/100
|
|-weather|SunnyDay|[upkeep]
|upkeep
|turn|12
|
|t:|1776042771
|switch|p1a: Raging Bolt|Raging Bolt|100/100
|-item|p1a: Raging Bolt|Air Balloon
|-activate|p1a: Raging Bolt|ability: Protosynthesis
|-start|p1a: Raging Bolt|protosynthesisspa
|move|p2a: Alomomola|Flip Turn|p1a: Raging Bolt
|-resisted|p1a: Raging Bolt
|-damage|p1a: Raging Bolt|97/100
|-enditem|p1a: Raging Bolt|Air Balloon
|
|t:|1776042775
|switch|p2a: Great Tusk|Great Tusk|100/100|[from] Flip Turn
|-activate|p2a: Great Tusk|ability: Protosynthesis
|-start|p2a: Great Tusk|protosynthesisatk
|
|-weather|SunnyDay|[upkeep]
|upkeep
|turn|13
|
|t:|1776042787
|-end|p1a: Raging Bolt|Protosynthesis|[silent]
|switch|p1a: Walking Wake|Walking Wake|100/100
|-activate|p1a: Walking Wake|ability: Protosynthesis
|-start|p1a: Walking Wake|protosynthesisspe
|move|p2a: Great Tusk|Headlong Rush|p1a: Walking Wake
|-damage|p1a: Walking Wake|13/100
|-unboost|p2a: Great Tusk|def|1
|-unboost|p2a: Great Tusk|spd|1
|
|-weather|SunnyDay|[upkeep]
|upkeep
|turn|14
|
|t:|1776042799
|-end|p2a: Great Tusk|Protosynthesis|[silent]
|switch|p2a: Alomomola|Alomomola, F|100/100
|move|p1a: Walking Wake|Hydro Steam|p2a: Alomomola
|-resisted|p2a: Alomomola
|-damage|p2a: Alomomola|59/100
|
|-weather|SunnyDay|[upkeep]
|upkeep
|turn|15
|
|t:|1776042807
|move|p1a: Walking Wake|Draco Meteor|p2a: Alomomola
|-damage|p2a: Alomomola|0 fnt
|-unboost|p1a: Walking Wake|spa|2
|faint|p2a: Alomomola
|
|-weather|SunnyDay|[upkeep]
|upkeep
|inactive|maisiemeow has 120 seconds left.
|
|t:|1776042837
|switch|p2a: Zamazenta|Zamazenta|74/100
|turn|16
|
|t:|1776042848
|-end|p1a: Walking Wake|Protosynthesis|[silent]
|switch|p1a: Great Tusk|Great Tusk|100/100
|-activate|p1a: Great Tusk|ability: Protosynthesis
|-start|p1a: Great Tusk|protosynthesisatk
|move|p2a: Zamazenta|Ice Fang|p1a: Great Tusk
|-supereffective|p1a: Great Tusk
|-damage|p1a: Great Tusk|57/100
|
|-weather|none
|-end|p1a: Great Tusk|Protosynthesis
|upkeep
|turn|17
|
|t:|1776042866
|switch|p2a: Sinistcha|Sinistcha|100/100
|-end|p1a: Great Tusk|Protosynthesis|[silent]
|switch|p1a: Ninetales|Ninetales, F|27/100
|-weather|SunnyDay|[from] ability: Drought|[of] p1a: Ninetales
|
|-weather|SunnyDay|[upkeep]
|upkeep
|turn|18
|inactive|maisiemeow has 120 seconds left.
|
|t:|1776042884
|-terastallize|p2a: Sinistcha|Fairy
|move|p1a: Ninetales|Healing Wish|p1a: Ninetales
|faint|p1a: Ninetales
|move|p2a: Sinistcha|Calm Mind|p2a: Sinistcha
|-boost|p2a: Sinistcha|spa|1
|-boost|p2a: Sinistcha|spd|1
|
|-weather|SunnyDay|[upkeep]
|upkeep
|
|t:|1776042892
|switch|p1a: Walking Wake|Walking Wake|13/100
|-heal|p1a: Walking Wake|100/100|[from] move: Healing Wish
|-activate|p1a: Walking Wake|ability: Protosynthesis
|-start|p1a: Walking Wake|protosynthesisspe
|turn|19
|
|t:|1776042902
|move|p1a: Walking Wake|Flamethrower|p2a: Sinistcha
|-damage|p2a: Sinistcha|81/100
|move|p2a: Sinistcha|Strength Sap|p1a: Walking Wake
|-unboost|p1a: Walking Wake|atk|1
|-heal|p2a: Sinistcha|100/100
|
|-weather|SunnyDay|[upkeep]
|upkeep
|turn|20
|
|t:|1776042908
|-end|p1a: Walking Wake|Protosynthesis|[silent]
|switch|p1a: Great Tusk|Great Tusk|57/100
|-activate|p1a: Great Tusk|ability: Protosynthesis
|-start|p1a: Great Tusk|protosynthesisatk
|move|p2a: Sinistcha|Matcha Gotcha|p1a: Great Tusk
|-supereffective|p1a: Great Tusk
|-damage|p1a: Great Tusk|0 fnt
|faint|p1a: Great Tusk
|-end|p1a: Great Tusk|Protosynthesis|[silent]
|
|-weather|SunnyDay|[upkeep]
|upkeep
|
|t:|1776042916
|switch|p1a: Raging Bolt|Raging Bolt|97/100
|-activate|p1a: Raging Bolt|ability: Protosynthesis
|-start|p1a: Raging Bolt|protosynthesisspa
|turn|21
|
|t:|1776042925
|switch|p2a: Meloetta|Meloetta|6/100
|-terastallize|p1a: Raging Bolt|Fairy
|move|p1a: Raging Bolt|Calm Mind|p1a: Raging Bolt
|-boost|p1a: Raging Bolt|spa|1
|-boost|p1a: Raging Bolt|spd|1
|
|-weather|SunnyDay|[upkeep]
|upkeep
|turn|22
|
|t:|1776042932
|move|p2a: Meloetta|Psyshock|p1a: Raging Bolt
|-damage|p1a: Raging Bolt|65/100
|move|p1a: Raging Bolt|Thunderbolt|p2a: Meloetta
|-damage|p2a: Meloetta|0 fnt
|faint|p2a: Meloetta
|
|-weather|SunnyDay|[upkeep]
|upkeep
|
|t:|1776042942
|switch|p2a: Ting-Lu|Ting-Lu|51/100
|-ability|p2a: Ting-Lu|Vessel of Ruin
|turn|23
|
|t:|1776042949
|move|p1a: Raging Bolt|Dragon Pulse|p2a: Ting-Lu
|-damage|p2a: Ting-Lu|6/100
|move|p2a: Ting-Lu|Whirlwind|p1a: Raging Bolt
|-end|p1a: Raging Bolt|Protosynthesis|[silent]
|drag|p1a: Walking Wake|Walking Wake|100/100
|-activate|p1a: Walking Wake|ability: Protosynthesis
|-start|p1a: Walking Wake|protosynthesisspe
|
|-weather|SunnyDay|[upkeep]
|-heal|p2a: Ting-Lu|12/100|[from] item: Leftovers
|upkeep
|turn|24
|
|t:|1776042958
|move|p1a: Walking Wake|Hydro Steam|p2a: Ting-Lu
|-supereffective|p2a: Ting-Lu
|-damage|p2a: Ting-Lu|0 fnt
|faint|p2a: Ting-Lu
|
|-weather|none
|-end|p1a: Walking Wake|Protosynthesis
|upkeep
|
|t:|1776042964
|switch|p2a: Sinistcha|Sinistcha, tera:Fairy|100/100
|turn|25
|
|t:|1776042969
|move|p1a: Walking Wake|Flip Turn|p2a: Sinistcha
|-damage|p2a: Sinistcha|90/100
|
|t:|1776042973
|-end|p1a: Walking Wake|Protosynthesis|[silent]
|switch|p1a: Raging Bolt|Raging Bolt, tera:Fairy|65/100|[from] Flip Turn
|move|p2a: Sinistcha|Calm Mind|p2a: Sinistcha
|-boost|p2a: Sinistcha|spa|1
|-boost|p2a: Sinistcha|spd|1
|
|upkeep
|turn|26
|
|t:|1776042979
|move|p1a: Raging Bolt|Thunderbolt|p2a: Sinistcha
|-damage|p2a: Sinistcha|48/100
|move|p2a: Sinistcha|Shadow Ball|p1a: Raging Bolt
|-damage|p1a: Raging Bolt|18/100
|
|upkeep
|turn|27
|
|t:|1776042985
|move|p1a: Raging Bolt|Thunderbolt|p2a: Sinistcha
|-damage|p2a: Sinistcha|3/100
|move|p2a: Sinistcha|Matcha Gotcha|p1a: Raging Bolt
|-damage|p1a: Raging Bolt|0 fnt
|-heal|p2a: Sinistcha|13/100|[from] drain|[of] p1a: Raging Bolt
|faint|p1a: Raging Bolt
|-end|p1a: Raging Bolt|Protosynthesis|[silent]
|
|upkeep
|
|t:|1776042992
|switch|p1a: Walking Wake|Walking Wake|100/100
|turn|28
|
|t:|1776042998
|move|p1a: Walking Wake|Flamethrower|p2a: Sinistcha
|-damage|p2a: Sinistcha|0 fnt
|faint|p2a: Sinistcha
|
|upkeep
|
|t:|1776043004
|switch|p2a: Great Tusk|Great Tusk|100/100
|turn|29
|
|t:|1776043007
|move|p1a: Walking Wake|Hydro Steam|p2a: Great Tusk
|-supereffective|p2a: Great Tusk
|-damage|p2a: Great Tusk|0 fnt
|faint|p2a: Great Tusk
|-end|p2a: Great Tusk|Protosynthesis|[silent]
|
|upkeep
|
|t:|1776043010
|switch|p2a: Zamazenta|Zamazenta|74/100
|turn|30
|
|t:|1776043017
|move|p2a: Zamazenta|Crunch|p1a: Walking Wake
|-damage|p1a: Walking Wake|59/100
|-unboost|p1a: Walking Wake|def|1
|move|p1a: Walking Wake|Hydro Steam|p2a: Zamazenta
|-damage|p2a: Zamazenta|36/100
|
|upkeep
|turn|31
|
|t:|1776043024
|move|p2a: Zamazenta|Crunch|p1a: Walking Wake
|-damage|p1a: Walking Wake|0 fnt
|faint|p1a: Walking Wake
|-end|p1a: Walking Wake|Protosynthesis|[silent]
|
|win|maisiemeow
|raw|liberloliebhaber's rating: 1264 &rarr; <strong>1239</strong><br />(-25 for losing)
|raw|maisiemeow's rating: 1263 &rarr; <strong>1288</strong><br />(+25 for winning)
|c|☆liberloliebhaber|gg
|l|☆maisiemeow
|player|p2|
|l|☆liberloliebhaber
|player|p1|
