|html|<div class="broadcast-blue"><strong>[Gen 9] OU is currently suspecting Tera Blast! For information on how to participate check out the <a href="https://www.smogon.com/tools/suspects/view/200">suspect thread</a>.</strong></div>
|j|☆TeukuMiyama
|j|☆ChanceUser
|t:|1776249793
|gametype|singles
|player|p1|TeukuMiyama|170|1613
|player|p2|ChanceUser|1|1670
|gen|9
|tier|[Gen 9] OU
|rated|
|rule|HP Percentage Mod: HP is shown in percentages
|rule|Endless Battle Clause: Forcing endless battles is banned
|rule|Species Clause: Limit one of each Pokémon
|rule|OHKO Clause: OHKO moves are banned
|rule|Evasion Items Clause: Evasion items are banned
|rule|Evasion Moves Clause: Evasion moves are banned
|rule|Evasion Abilities Clause: Evasion abilities are banned
|rule|Sleep Moves Clause: Sleep-inducing moves are banned
|clearpoke
|poke|p1|Dragapult, M|
|poke|p1|Kingambit, M|
|poke|p1|Corviknight, F|
|poke|p1|Great Tusk|
|poke|p1|Pecharunt|
|poke|p1|Alomomola, M|
|poke|p2|Ting-Lu|
|poke|p2|Dragapult, M|
|poke|p2|Kyurem|
|poke|p2|Iron Valiant|
|poke|p2|Slowking-Galar, M|
|poke|p2|Corviknight, M|
|teampreview
|inactive|Battle timer is ON: inactive players will automatically lose when time's up. (requested by ChanceUser)
|
|t:|1776249805
|teamsize|p1|6
|teamsize|p2|6
|start
|switch|p1a: Dragapult|Dragapult, M|100/100
|switch|p2a: Kyurem|Kyurem|100/100
|-ability|p2a: Kyurem|Pressure
|turn|1
|
|t:|1776249809
|switch|p1a: Alomomola|Alomomola, M|100/100
|move|p2a: Kyurem|Draco Meteor|p1a: Alomomola
|-damage|p1a: Alomomola|67/100
|-unboost|p2a: Kyurem|spa|2
|
|upkeep
|turn|2
|
|t:|1776249817
|switch|p2a: Dragapult|Dragapult, M|100/100
|move|p1a: Alomomola|Flip Turn|p2a: Dragapult
|-resisted|p2a: Dragapult
|-damage|p2a: Dragapult|89/100
|j| amimec
|
|t:|1776249823
|switch|p1a: Kingambit|Kingambit, M|100/100|[from] Flip Turn
|
|upkeep
|turn|3
|
|t:|1776249825
|move|p2a: Dragapult|Will-O-Wisp|p1a: Kingambit
|-status|p1a: Kingambit|brn
|move|p1a: Kingambit|Kowtow Cleave|p2a: Dragapult
|-supereffective|p2a: Dragapult
|-damage|p2a: Dragapult|20/100
|
|-damage|p1a: Kingambit|94/100 brn|[from] brn
|upkeep
|turn|4
|
|t:|1776249830
|switch|p2a: Ting-Lu|Ting-Lu|100/100
|-ability|p2a: Ting-Lu|Vessel of Ruin
|move|p1a: Kingambit|Kowtow Cleave|p2a: Ting-Lu
|-resisted|p2a: Ting-Lu
|-damage|p2a: Ting-Lu|93/100
|
|-heal|p1a: Kingambit|100/100 brn|[from] item: Leftovers
|-heal|p2a: Ting-Lu|99/100|[from] item: Leftovers
|-damage|p1a: Kingambit|94/100 brn|[from] brn
|upkeep
|turn|5
|
|t:|1776249833
|-end|p1a: Kingambit|fallenundefined|[silent]
|switch|p1a: Great Tusk|Great Tusk|100/100
|move|p2a: Ting-Lu|Ruination|p1a: Great Tusk
|-damage|p1a: Great Tusk|51/100
|
|-heal|p2a: Ting-Lu|100/100|[from] item: Leftovers
|upkeep
|turn|6
|
|t:|1776249840
|switch|p2a: Corviknight|Corviknight, M|100/100
|-ability|p2a: Corviknight|Pressure
|move|p1a: Great Tusk|Stealth Rock|p2a: Corviknight
|-sidestart|p2: ChanceUser|move: Stealth Rock
|
|upkeep
|turn|7
|
|t:|1776249842
|-end|p1a: Great Tusk|Protosynthesis|[silent]
|switch|p1a: Dragapult|Dragapult, M|100/100
|move|p2a: Corviknight|Defog|p1a: Dragapult
|-fail|p1a: Dragapult|unboost|[from] ability: Clear Body|[of] p1a: Dragapult
|-sideend|p2: ChanceUser|Stealth Rock|[from] move: Defog|[of] p2a: Corviknight
|
|upkeep
|turn|8
|
|t:|1776249847
|switch|p2a: Kyurem|Kyurem|100/100
|-ability|p2a: Kyurem|Pressure
|move|p1a: Dragapult|Will-O-Wisp|p2a: Kyurem
|-status|p2a: Kyurem|brn
|
|-damage|p2a: Kyurem|94/100 brn|[from] brn
|upkeep
|turn|9
|
|t:|1776249852
|switch|p1a: Alomomola|Alomomola, M|99/100
|move|p2a: Kyurem|Freeze-Dry|p1a: Alomomola
|-supereffective|p1a: Alomomola
|-damage|p1a: Alomomola|60/100
|
|-damage|p2a: Kyurem|88/100 brn|[from] brn
|upkeep
|turn|10
|
|t:|1776249860
|switch|p2a: Corviknight|Corviknight, M|100/100
|-ability|p2a: Corviknight|Pressure
|move|p1a: Alomomola|Flip Turn|p2a: Corviknight
|-damage|p2a: Corviknight|87/100
|-damage|p1a: Alomomola|43/100|[from] item: Rocky Helmet|[of] p2a: Corviknight
|
|t:|1776249863
|switch|p1a: Dragapult|Dragapult, M|100/100|[from] Flip Turn
|
|upkeep
|turn|11
|
|t:|1776249868
|move|p1a: Dragapult|Will-O-Wisp|p2a: Corviknight
|-status|p2a: Corviknight|brn
|move|p2a: Corviknight|U-turn|p1a: Dragapult
|-resisted|p1a: Dragapult
|-damage|p1a: Dragapult|95/100
|
|t:|1776249870
|switch|p2a: Kyurem|Kyurem|88/100 brn|[from] U-turn
|-ability|p2a: Kyurem|Pressure
|
|-damage|p2a: Kyurem|82/100 brn|[from] brn
|upkeep
|turn|12
|
|t:|1776249873
|switch|p1a: Alomomola|Alomomola, M|76/100
|move|p2a: Kyurem|Freeze-Dry|p1a: Alomomola
|-supereffective|p1a: Alomomola
|-damage|p1a: Alomomola|38/100
|-status|p1a: Alomomola|frz
|
|-damage|p2a: Kyurem|76/100 brn|[from] brn
|upkeep
|turn|13
|
|t:|1776249884
|switch|p2a: Dragapult|Dragapult, M|20/100
|-curestatus|p1a: Alomomola|frz|[from] move: Scald
|move|p1a: Alomomola|Scald|p2a: Dragapult
|-resisted|p2a: Dragapult
|-damage|p2a: Dragapult|9/100
|
|upkeep
|turn|14
|
|t:|1776249888
|switch|p1a: Kingambit|Kingambit, M|94/100 brn
|move|p2a: Dragapult|Dragon Darts|p1a: Kingambit
|-resisted|p1a: Kingambit
|-damage|p1a: Kingambit|85/100 brn
|-anim|p2a: Dragapult|Dragon Darts|p1a: Kingambit
|-resisted|p1a: Kingambit
|-damage|p1a: Kingambit|76/100 brn
|
|-heal|p1a: Kingambit|82/100 brn|[from] item: Leftovers
|-damage|p1a: Kingambit|76/100 brn|[from] brn
|upkeep
|turn|15
|
|t:|1776249894
|switch|p2a: Ting-Lu|Ting-Lu|100/100
|-ability|p2a: Ting-Lu|Vessel of Ruin
|-end|p1a: Kingambit|fallenundefined|[silent]
|switch|p1a: Great Tusk|Great Tusk|51/100
|
|upkeep
|turn|16
|
|t:|1776249899
|-end|p1a: Great Tusk|Protosynthesis|[silent]
|switch|p1a: Alomomola|Alomomola, M|71/100
|switch|p2a: Corviknight|Corviknight, M|87/100 brn
|-ability|p2a: Corviknight|Pressure
|
|-damage|p2a: Corviknight|81/100 brn|[from] brn
|upkeep
|turn|17
|
|t:|1776249901
|switch|p1a: Pecharunt|Pecharunt|100/100
|move|p2a: Corviknight|U-turn|p1a: Pecharunt
|-resisted|p1a: Pecharunt
|-damage|p1a: Pecharunt|99/100
|
|t:|1776249903
|switch|p2a: Slowking|Slowking-Galar, M|100/100|[from] U-turn
|
|upkeep
|turn|18
|
|t:|1776249906
|move|p1a: Pecharunt|Shadow Ball|p2a: Slowking
|-supereffective|p2a: Slowking
|-damage|p2a: Slowking|57/100
|move|p2a: Slowking|Psychic Noise|p1a: Pecharunt
|-supereffective|p1a: Pecharunt
|-damage|p1a: Pecharunt|33/100
|-start|p1a: Pecharunt|move: Heal Block
|
|upkeep
|turn|19
|j| gfvsrgvsxrgsdr
|
|t:|1776249911
|move|p1a: Pecharunt|Parting Shot|p2a: Slowking
|-unboost|p2a: Slowking|atk|1
|-unboost|p2a: Slowking|spa|1
|
|t:|1776249914
|switch|p1a: Kingambit|Kingambit, M|76/100 brn|[from] Parting Shot
|-prepare|p2a: Slowking|Chilly Reception|[premajor]
|move|p2a: Slowking|Chilly Reception|p2a: Slowking
|-weather|Snowscape
|
|t:|1776249917
|switch|p2a: Ting-Lu|Ting-Lu|100/100|[from] Chilly Reception
|-ability|p2a: Ting-Lu|Vessel of Ruin
|
|-weather|Snowscape|[upkeep]
|-heal|p1a: Kingambit|82/100 brn|[from] item: Leftovers
|-damage|p1a: Kingambit|76/100 brn|[from] brn
|upkeep
|turn|20
|
|t:|1776249921
|-end|p1a: Kingambit|fallenundefined|[silent]
|switch|p1a: Pecharunt|Pecharunt|33/100
|move|p2a: Ting-Lu|Ruination|p1a: Pecharunt
|-damage|p1a: Pecharunt|17/100
|
|-weather|Snowscape|[upkeep]
|upkeep
|turn|21
|
|t:|1776249924
|move|p1a: Pecharunt|Recover|p1a: Pecharunt
|-heal|p1a: Pecharunt|67/100
|move|p2a: Ting-Lu|Earthquake|p1a: Pecharunt
|-supereffective|p1a: Pecharunt
|-damage|p1a: Pecharunt|23/100
|
|-weather|Snowscape|[upkeep]
|upkeep
|turn|22
|
|t:|1776249926
|move|p1a: Pecharunt|Recover|p1a: Pecharunt
|-heal|p1a: Pecharunt|73/100
|move|p2a: Ting-Lu|Earthquake|p1a: Pecharunt
|-supereffective|p1a: Pecharunt
|-crit|p1a: Pecharunt
|-damage|p1a: Pecharunt|9/100
|
|-weather|Snowscape|[upkeep]
|upkeep
|turn|23
|
|t:|1776249932
|move|p1a: Pecharunt|Recover|p1a: Pecharunt
|-heal|p1a: Pecharunt|59/100
|move|p2a: Ting-Lu|Ruination|p1a: Pecharunt
|-damage|p1a: Pecharunt|30/100
|
|-weather|none
|upkeep
|turn|24
|
|t:|1776249935
|move|p1a: Pecharunt|Parting Shot|p2a: Ting-Lu
|-unboost|p2a: Ting-Lu|atk|1
|-unboost|p2a: Ting-Lu|spa|1
|
|t:|1776249937
|switch|p1a: Great Tusk|Great Tusk|51/100|[from] Parting Shot
|move|p2a: Ting-Lu|Earthquake|p1a: Great Tusk
|-damage|p1a: Great Tusk|26/100
|
|upkeep
|turn|25
|
|t:|1776249945
|move|p1a: Great Tusk|Stealth Rock|p2a: Ting-Lu
|-sidestart|p2: ChanceUser|move: Stealth Rock
|move|p2a: Ting-Lu|Earthquake|p1a: Great Tusk
|-damage|p1a: Great Tusk|4/100
|
|upkeep
|turn|26
|
|t:|1776249948
|-end|p1a: Great Tusk|Protosynthesis|[silent]
|switch|p1a: Dragapult|Dragapult, M|95/100
|move|p2a: Ting-Lu|Earthquake|p1a: Dragapult
|-damage|p1a: Dragapult|54/100
|
|upkeep
|turn|27
|
|t:|1776249952
|switch|p2a: Corviknight|Corviknight, M|81/100 brn
|-damage|p2a: Corviknight|69/100 brn|[from] Stealth Rock
|-ability|p2a: Corviknight|Pressure
|move|p1a: Dragapult|U-turn|p2a: Corviknight
|-resisted|p2a: Corviknight
|-damage|p2a: Corviknight|62/100 brn
|-damage|p1a: Dragapult|38/100|[from] item: Rocky Helmet|[of] p2a: Corviknight
|
|t:|1776249954
|switch|p1a: Pecharunt|Pecharunt|30/100|[from] U-turn
|
|-damage|p2a: Corviknight|56/100 brn|[from] brn
|upkeep
|turn|28
|
|t:|1776249957
|move|p1a: Pecharunt|Recover|p1a: Pecharunt
|-heal|p1a: Pecharunt|80/100
|move|p2a: Corviknight|Defog|p1a: Pecharunt
|-unboost|p1a: Pecharunt|evasion|1
|-sideend|p2: ChanceUser|Stealth Rock|[from] move: Defog|[of] p2a: Corviknight
|
|-damage|p2a: Corviknight|50/100 brn|[from] brn
|upkeep
|turn|29
|
|t:|1776249960
|move|p1a: Pecharunt|Shadow Ball|p2a: Corviknight
|-damage|p2a: Corviknight|34/100 brn
|move|p2a: Corviknight|Roost|p2a: Corviknight
|-heal|p2a: Corviknight|84/100 brn
|-singleturn|p2a: Corviknight|move: Roost
|
|-damage|p2a: Corviknight|78/100 brn|[from] brn
|upkeep
|turn|30
|
|t:|1776249963
|move|p1a: Pecharunt|Shadow Ball|p2a: Corviknight
|-damage|p2a: Corviknight|62/100 brn
|move|p2a: Corviknight|U-turn|p1a: Pecharunt
|-resisted|p1a: Pecharunt
|-damage|p1a: Pecharunt|79/100
|
|t:|1776249971
|switch|p2a: Ting-Lu|Ting-Lu|100/100|[from] U-turn
|-ability|p2a: Ting-Lu|Vessel of Ruin
|
|upkeep
|turn|31
|
|t:|1776249973
|move|p1a: Pecharunt|Parting Shot|p2a: Ting-Lu
|-unboost|p2a: Ting-Lu|atk|1
|-unboost|p2a: Ting-Lu|spa|1
|
|t:|1776249974
|switch|p1a: Alomomola|Alomomola, M|100/100|[from] Parting Shot
|move|p2a: Ting-Lu|Ruination|p1a: Alomomola
|-damage|p1a: Alomomola|50/100
|
|upkeep
|turn|32
|
|t:|1776249986
|switch|p2a: Slowking|Slowking-Galar, M|91/100
|move|p1a: Alomomola|Scald|p2a: Slowking
|-damage|p2a: Slowking|79/100
|
|upkeep
|turn|33
|
|t:|1776249990
|-prepare|p2a: Slowking|Chilly Reception|[premajor]
|move|p2a: Slowking|Chilly Reception|p2a: Slowking
|-weather|Snowscape
|
|t:|1776249993
|switch|p2a: Corviknight|Corviknight, M|62/100 brn|[from] Chilly Reception
|-ability|p2a: Corviknight|Pressure
|move|p1a: Alomomola|Mirror Coat||[still]
|-fail|p1a: Alomomola
|
|-weather|Snowscape|[upkeep]
|-damage|p2a: Corviknight|56/100 brn|[from] brn
|upkeep
|turn|34
|
|t:|1776249996
|move|p2a: Corviknight|U-turn|p1a: Alomomola
|-damage|p1a: Alomomola|45/100
|
|t:|1776250000
|switch|p2a: Slowking|Slowking-Galar, M|100/100|[from] U-turn
|move|p1a: Alomomola|Scald|p2a: Slowking
|-damage|p2a: Slowking|89/100
|
|-weather|Snowscape|[upkeep]
|upkeep
|turn|35
|
|t:|1776250002
|move|p1a: Alomomola|Scald|p2a: Slowking
|-damage|p2a: Slowking|77/100
|-status|p2a: Slowking|brn
|move|p2a: Slowking|Psychic Noise|p1a: Alomomola
|-damage|p1a: Alomomola|28/100
|-start|p1a: Alomomola|move: Heal Block
|
|-weather|Snowscape|[upkeep]
|-damage|p2a: Slowking|71/100 brn|[from] brn
|upkeep
|turn|36
|
|t:|1776250006
|move|p1a: Alomomola|Flip Turn|p2a: Slowking
|-damage|p2a: Slowking|55/100 brn
|
|t:|1776250008
|switch|p1a: Great Tusk|Great Tusk|4/100|[from] Flip Turn
|-prepare|p2a: Slowking|Chilly Reception|[premajor]
|move|p2a: Slowking|Chilly Reception|p2a: Slowking
|
|t:|1776250016
|switch|p2a: Dragapult|Dragapult, M|9/100|[from] Chilly Reception
|
|-weather|Snowscape|[upkeep]
|upkeep
|turn|37
|
|t:|1776250020
|-end|p1a: Great Tusk|Protosynthesis|[silent]
|switch|p1a: Kingambit|Kingambit, M|76/100 brn
|move|p2a: Dragapult|Dragon Darts|p1a: Kingambit
|-resisted|p1a: Kingambit
|-crit|p1a: Kingambit
|-damage|p1a: Kingambit|62/100 brn
|-anim|p2a: Dragapult|Dragon Darts|p1a: Kingambit
|-resisted|p1a: Kingambit
|-damage|p1a: Kingambit|53/100 brn
|
|-weather|none
|-heal|p1a: Kingambit|60/100 brn|[from] item: Leftovers
|-damage|p1a: Kingambit|53/100 brn|[from] brn
|upkeep
|turn|38
|
|t:|1776250028
|switch|p2a: Ting-Lu|Ting-Lu|100/100
|-ability|p2a: Ting-Lu|Vessel of Ruin
|move|p1a: Kingambit|Iron Head|p2a: Ting-Lu
|-damage|p2a: Ting-Lu|87/100
|
|-heal|p1a: Kingambit|60/100 brn|[from] item: Leftovers
|-heal|p2a: Ting-Lu|93/100|[from] item: Leftovers
|-damage|p1a: Kingambit|53/100 brn|[from] brn
|upkeep
|turn|39
|
|t:|1776250034
|-end|p1a: Kingambit|fallenundefined|[silent]
|switch|p1a: Corviknight|Corviknight, F|100/100
|-ability|p1a: Corviknight|Pressure
|move|p2a: Ting-Lu|Earthquake|p1a: Corviknight
|-immune|p1a: Corviknight
|
|-heal|p2a: Ting-Lu|99/100|[from] item: Leftovers
|upkeep
|turn|40
|
|t:|1776250036
|move|p1a: Corviknight|Body Press|p2a: Ting-Lu
|-supereffective|p2a: Ting-Lu
|-damage|p2a: Ting-Lu|72/100
|move|p2a: Ting-Lu|Ruination|p1a: Corviknight
|-damage|p1a: Corviknight|51/100
|
|-heal|p2a: Ting-Lu|78/100|[from] item: Leftovers
|upkeep
|turn|41
|
|t:|1776250039
|switch|p2a: Slowking|Slowking-Galar, M|89/100 brn
|move|p1a: Corviknight|Body Press|p2a: Slowking
|-resisted|p2a: Slowking
|-damage|p2a: Slowking|82/100 brn
|
|-damage|p2a: Slowking|76/100 brn|[from] brn
|upkeep
|turn|42
|
|t:|1776250042
|move|p1a: Corviknight|Roost|p1a: Corviknight
|-heal|p1a: Corviknight|100/100
|-singleturn|p1a: Corviknight|move: Roost
|-prepare|p2a: Slowking|Chilly Reception|[premajor]
|move|p2a: Slowking|Chilly Reception|p2a: Slowking
|-weather|Snowscape
|
|t:|1776250047
|switch|p2a: Dragapult|Dragapult, M|9/100|[from] Chilly Reception
|
|-weather|Snowscape|[upkeep]
|upkeep
|turn|43
|
|t:|1776250053
|switch|p1a: Kingambit|Kingambit, M|53/100 brn
|move|p2a: Dragapult|Will-O-Wisp|p1a: Kingambit
|-fail|p1a: Kingambit|brn
|
|-weather|Snowscape|[upkeep]
|-heal|p1a: Kingambit|60/100 brn|[from] item: Leftovers
|-damage|p1a: Kingambit|53/100 brn|[from] brn
|upkeep
|turn|44
|j| scarry.exe
|
|t:|1776250057
|switch|p2a: Corviknight|Corviknight, M|56/100 brn
|-ability|p2a: Corviknight|Pressure
|-end|p1a: Kingambit|fallenundefined|[silent]
|switch|p1a: Great Tusk|Great Tusk|4/100
|
|-weather|Snowscape|[upkeep]
|-damage|p2a: Corviknight|50/100 brn|[from] brn
|upkeep
|turn|45
|
|t:|1776250061
|-end|p1a: Great Tusk|Protosynthesis|[silent]
|switch|p1a: Corviknight|Corviknight, F|100/100
|-ability|p1a: Corviknight|Pressure
|move|p2a: Corviknight|Roost|p2a: Corviknight
|-heal|p2a: Corviknight|99/100 brn
|-singleturn|p2a: Corviknight|move: Roost
|
|-weather|Snowscape|[upkeep]
|-damage|p2a: Corviknight|94/100 brn|[from] brn
|upkeep
|turn|46
|
|t:|1776250064
|move|p2a: Corviknight|U-turn|p1a: Corviknight
|-resisted|p1a: Corviknight
|-damage|p1a: Corviknight|99/100
|-damage|p2a: Corviknight|78/100 brn|[from] item: Rocky Helmet|[of] p1a: Corviknight
|
|t:|1776250068
|switch|p2a: Ting-Lu|Ting-Lu|78/100|[from] U-turn
|-ability|p2a: Ting-Lu|Vessel of Ruin
|move|p1a: Corviknight|U-turn|p2a: Ting-Lu
|-supereffective|p2a: Ting-Lu
|-damage|p2a: Ting-Lu|61/100
|
|t:|1776250071
|switch|p1a: Dragapult|Dragapult, M|38/100|[from] U-turn
|
|-weather|none
|-heal|p2a: Ting-Lu|67/100|[from] item: Leftovers
|upkeep
|turn|47
|
|t:|1776250074
|move|p1a: Dragapult|U-turn|p2a: Ting-Lu
|-supereffective|p2a: Ting-Lu
|-damage|p2a: Ting-Lu|30/100
|
|t:|1776250078
|switch|p1a: Great Tusk|Great Tusk|4/100|[from] U-turn
|move|p2a: Ting-Lu|Earthquake|p1a: Great Tusk
|-damage|p1a: Great Tusk|0 fnt
|faint|p1a: Great Tusk
|-end|p1a: Great Tusk|Protosynthesis|[silent]
|
|-heal|p2a: Ting-Lu|36/100|[from] item: Leftovers
|upkeep
|
|t:|1776250080
|switch|p1a: Dragapult|Dragapult, M|38/100
|turn|48
|
|t:|1776250082
|move|p1a: Dragapult|U-turn|p2a: Ting-Lu
|-supereffective|p2a: Ting-Lu
|-damage|p2a: Ting-Lu|0 fnt
|faint|p2a: Ting-Lu
|
|t:|1776250087
|switch|p1a: Alomomola|Alomomola, M|61/100|[from] U-turn
|
|upkeep
|
|t:|1776250089
|switch|p2a: Kyurem|Kyurem|76/100 brn
|-ability|p2a: Kyurem|Pressure
|turn|49
|
|t:|1776250094
|switch|p2a: Slowking|Slowking-Galar, M|100/100 brn
|move|p1a: Alomomola|Mirror Coat||[still]
|-fail|p1a: Alomomola
|
|-damage|p2a: Slowking|94/100 brn|[from] brn
|upkeep
|turn|50
|
|t:|1776250097
|move|p1a: Alomomola|Flip Turn|p2a: Slowking
|-damage|p2a: Slowking|79/100 brn
|
|t:|1776250098
|switch|p1a: Kingambit|Kingambit, M|53/100 brn|[from] Flip Turn
|-activate|p1a: Kingambit|ability: Supreme Overlord
|-start|p1a: Kingambit|fallen1|[silent]
|-prepare|p2a: Slowking|Chilly Reception|[premajor]
|move|p2a: Slowking|Chilly Reception|p2a: Slowking
|-weather|Snowscape
|
|t:|1776250106
|switch|p2a: Corviknight|Corviknight, M|78/100 brn|[from] Chilly Reception
|-ability|p2a: Corviknight|Pressure
|
|-weather|Snowscape|[upkeep]
|-heal|p1a: Kingambit|60/100 brn|[from] item: Leftovers
|-damage|p2a: Corviknight|72/100 brn|[from] brn
|-damage|p1a: Kingambit|53/100 brn|[from] brn
|upkeep
|turn|51
|
|t:|1776250109
|-end|p1a: Kingambit|fallen1|[silent]
|switch|p1a: Pecharunt|Pecharunt|79/100
|move|p2a: Corviknight|U-turn|p1a: Pecharunt
|-resisted|p1a: Pecharunt
|-damage|p1a: Pecharunt|78/100
|
|t:|1776250119
|switch|p2a: Dragapult|Dragapult, M|9/100|[from] U-turn
|
|-weather|Snowscape|[upkeep]
|upkeep
|turn|52
|
|t:|1776250123
|switch|p1a: Alomomola|Alomomola, M|95/100
|move|p2a: Dragapult|Hex|p1a: Alomomola
|-damage|p1a: Alomomola|83/100
|
|-weather|Snowscape|[upkeep]
|upkeep
|turn|53
|
|t:|1776250128
|switch|p2a: Slowking|Slowking-Galar, M|100/100 brn
|move|p1a: Alomomola|Flip Turn|p2a: Slowking
|-damage|p2a: Slowking|86/100 brn
|
|t:|1776250131
|switch|p1a: Dragapult|Dragapult, M|38/100|[from] Flip Turn
|
|-weather|Snowscape|[upkeep]
|-damage|p2a: Slowking|80/100 brn|[from] brn
|upkeep
|turn|54
|
|t:|1776250134
|-terastallize|p1a: Dragapult|Ghost
|move|p1a: Dragapult|Tera Blast|p2a: Slowking|[anim] Tera Blast Ghost
|-supereffective|p2a: Slowking
|-damage|p2a: Slowking|0 fnt
|faint|p2a: Slowking
|
|-weather|none
|upkeep
|
|t:|1776250140
|switch|p2a: Kyurem|Kyurem|76/100 brn
|-ability|p2a: Kyurem|Pressure
|turn|55
|
|t:|1776250142
|switch|p1a: Alomomola|Alomomola, M|100/100
|move|p2a: Kyurem|Freeze-Dry|p1a: Alomomola
|-supereffective|p1a: Alomomola
|-damage|p1a: Alomomola|58/100
|
|-damage|p2a: Kyurem|70/100 brn|[from] brn
|upkeep
|turn|56
|
|t:|1776250157
|switch|p2a: Dragapult|Dragapult, M|9/100
|move|p1a: Alomomola|Flip Turn|p2a: Dragapult
|-resisted|p2a: Dragapult
|-damage|p2a: Dragapult|0 fnt
|faint|p2a: Dragapult
|
|t:|1776250163
|switch|p1a: Dragapult|Dragapult, M, tera:Ghost|38/100|[from] Flip Turn
|
|upkeep
|
|t:|1776250166
|switch|p2a: Kyurem|Kyurem|70/100 brn
|-ability|p2a: Kyurem|Pressure
|turn|57
|
|t:|1776250170
|switch|p1a: Kingambit|Kingambit, M|53/100 brn
|-activate|p1a: Kingambit|ability: Supreme Overlord
|-start|p1a: Kingambit|fallen1|[silent]
|move|p2a: Kyurem|Freeze-Dry|p1a: Kingambit
|-resisted|p1a: Kingambit
|-damage|p1a: Kingambit|34/100 brn
|
|-heal|p1a: Kingambit|40/100 brn|[from] item: Leftovers
|-damage|p2a: Kyurem|64/100 brn|[from] brn
|-damage|p1a: Kingambit|34/100 brn|[from] brn
|upkeep
|turn|58
|
|t:|1776250176
|switch|p2a: Corviknight|Corviknight, M|72/100 brn
|-ability|p2a: Corviknight|Pressure
|move|p1a: Kingambit|Kowtow Cleave|p2a: Corviknight
|-damage|p2a: Corviknight|48/100 brn
|-damage|p1a: Kingambit|17/100 brn|[from] item: Rocky Helmet|[of] p2a: Corviknight
|
|-heal|p1a: Kingambit|23/100 brn|[from] item: Leftovers
|-damage|p2a: Corviknight|42/100 brn|[from] brn
|-damage|p1a: Kingambit|17/100 brn|[from] brn
|upkeep
|turn|59
|
|t:|1776250183
|-end|p1a: Kingambit|fallen1|[silent]
|switch|p1a: Dragapult|Dragapult, M, tera:Ghost|38/100
|move|p2a: Corviknight|Iron Head|p1a: Dragapult
|-damage|p1a: Dragapult|20/100
|
|-damage|p2a: Corviknight|36/100 brn|[from] brn
|upkeep
|turn|60
|
|t:|1776250186
|move|p1a: Dragapult|Tera Blast|p2a: Corviknight|[anim] Tera Blast Ghost
|-damage|p2a: Corviknight|0 fnt
|faint|p2a: Corviknight
|
|upkeep
|
|t:|1776250189
|switch|p2a: Kyurem|Kyurem|64/100 brn
|-ability|p2a: Kyurem|Pressure
|turn|61
|
|t:|1776250192
|switch|p1a: Kingambit|Kingambit, M|17/100 brn
|-activate|p1a: Kingambit|ability: Supreme Overlord
|-start|p1a: Kingambit|fallen1|[silent]
|move|p2a: Kyurem|Freeze-Dry|p1a: Kingambit
|-resisted|p1a: Kingambit
|-damage|p1a: Kingambit|0 fnt
|faint|p1a: Kingambit
|-end|p1a: Kingambit|fallen1|[silent]
|
|-damage|p2a: Kyurem|58/100 brn|[from] brn
|upkeep
|
|t:|1776250195
|switch|p1a: Alomomola|Alomomola, M|91/100
|turn|62
|
|t:|1776250197
|move|p2a: Kyurem|Freeze-Dry|p1a: Alomomola
|-supereffective|p1a: Alomomola
|-damage|p1a: Alomomola|52/100
|move|p1a: Alomomola|Flip Turn|p2a: Kyurem
|-resisted|p2a: Kyurem
|-damage|p2a: Kyurem|50/100 brn
|
|t:|1776250200
|switch|p1a: Corviknight|Corviknight, F|99/100|[from] Flip Turn
|-ability|p1a: Corviknight|Pressure
|
|-damage|p2a: Kyurem|43/100 brn|[from] brn
|upkeep
|turn|63
|
|t:|1776250202
|move|p2a: Kyurem|Freeze-Dry|p1a: Corviknight
|-damage|p1a: Corviknight|63/100
|-status|p1a: Corviknight|frz
|cant|p1a: Corviknight|frz
|
|-damage|p2a: Kyurem|37/100 brn|[from] brn
|upkeep
|turn|64
|
|t:|1776250206
|move|p2a: Kyurem|Freeze-Dry|p1a: Corviknight
|-damage|p1a: Corviknight|23/100 frz
|cant|p1a: Corviknight|frz
|
|-damage|p2a: Kyurem|31/100 brn|[from] brn
|upkeep
|turn|65
|
|t:|1776250208
|move|p2a: Kyurem|Freeze-Dry|p1a: Corviknight
|-damage|p1a: Corviknight|0 fnt
|faint|p1a: Corviknight
|
|-damage|p2a: Kyurem|25/100 brn|[from] brn
|upkeep
|
|t:|1776250211
|switch|p1a: Alomomola|Alomomola, M|85/100
|turn|66
|
|t:|1776250214
|move|p2a: Kyurem|Freeze-Dry|p1a: Alomomola
|-supereffective|p1a: Alomomola
|-damage|p1a: Alomomola|48/100
|move|p1a: Alomomola|Body Slam|p2a: Kyurem
|-damage|p2a: Kyurem|9/100 brn
|
|-damage|p2a: Kyurem|3/100 brn|[from] brn
|upkeep
|turn|67
|
|t:|1776250219
|move|p2a: Kyurem|Freeze-Dry|p1a: Alomomola
|-supereffective|p1a: Alomomola
|-damage|p1a: Alomomola|10/100
|move|p1a: Alomomola|Flip Turn|p2a: Kyurem
|-resisted|p2a: Kyurem
|-damage|p2a: Kyurem|0 fnt
|faint|p2a: Kyurem
|
|t:|1776250221
|switch|p1a: Pecharunt|Pecharunt|78/100|[from] Flip Turn
|
|upkeep
|
|t:|1776250223
|switch|p2a: Iron Valiant|Iron Valiant|100/100
|-enditem|p2a: Iron Valiant|Booster Energy
|-activate|p2a: Iron Valiant|ability: Quark Drive|[fromitem]
|-start|p2a: Iron Valiant|quarkdrivespe
|turn|68
|
|t:|1776250226
|-terastallize|p2a: Iron Valiant|Electric
|move|p2a: Iron Valiant|Calm Mind|p2a: Iron Valiant
|-boost|p2a: Iron Valiant|spa|1
|-boost|p2a: Iron Valiant|spd|1
|move|p1a: Pecharunt|Malignant Chain|p2a: Iron Valiant
|-damage|p2a: Iron Valiant|57/100
|
|upkeep
|turn|69
|
|t:|1776250230
|move|p2a: Iron Valiant|Thunderbolt|p1a: Pecharunt
|-damage|p1a: Pecharunt|9/100
|move|p1a: Pecharunt|Malignant Chain|p2a: Iron Valiant
|-damage|p2a: Iron Valiant|16/100
|
|upkeep
|turn|70
|
|t:|1776250232
|move|p2a: Iron Valiant|Thunderbolt|p1a: Pecharunt
|-damage|p1a: Pecharunt|0 fnt
|faint|p1a: Pecharunt
|
|upkeep
|
|t:|1776250234
|switch|p1a: Alomomola|Alomomola, M|43/100
|turn|71
|
|t:|1776250238
|switch|p1a: Dragapult|Dragapult, M, tera:Ghost|20/100
|move|p2a: Iron Valiant|Thunderbolt|p1a: Dragapult
|-damage|p1a: Dragapult|0 fnt
|faint|p1a: Dragapult
|
|upkeep
|
|t:|1776250240
|switch|p1a: Alomomola|Alomomola, M|77/100
|turn|72
|
|t:|1776250242
|move|p2a: Iron Valiant|Thunderbolt|p1a: Alomomola
|-supereffective|p1a: Alomomola
|-damage|p1a: Alomomola|9/100
|move|p1a: Alomomola|Flip Turn|p2a: Iron Valiant
|-damage|p2a: Iron Valiant|0 fnt
|faint|p2a: Iron Valiant
|-end|p2a: Iron Valiant|Quark Drive|[silent]
|
|win|TeukuMiyama
|raw|TeukuMiyama's rating: 1613 &rarr; <strong>1636</strong><br />(+23 for winning)
|raw|ChanceUser's rating: 1670 &rarr; <strong>1647</strong><br />(-23 for losing)
|l| amimec
|l|☆ChanceUser
|player|p2|
