|html|<div class="broadcast-blue"><strong>[Gen 9] OU is currently suspecting Tera Blast! For information on how to participate check out the <a href="https://www.smogon.com/tools/suspects/view/200">suspect thread</a>.</strong></div>
|j|☆erennotyaeger
|j|☆smoldracovish
|t:|1776060098
|gametype|singles
|player|p1|erennotyaeger|102|1661
|player|p2|smoldracovish|170|1603
|gen|9
|tier|[Gen 9] OU
|rated|
|rule|HP Percentage Mod: HP is shown in percentages
|rule|Endless Battle Clause: Forcing endless battles is banned
|rule|Species Clause: Limit one of each Pokémon
|rule|OHKO Clause: OHKO moves are banned
|rule|Evasion Items Clause: Evasion items are banned
|rule|Evasion Moves Clause: Evasion moves are banned
|rule|Evasion Abilities Clause: Evasion abilities are banned
|rule|Sleep Moves Clause: Sleep-inducing moves are banned
|clearpoke
|poke|p1|Dragapult, F|
|poke|p1|Alomomola, F|
|poke|p1|Ting-Lu|
|poke|p1|Kyurem|
|poke|p1|Weezing-Galar, F|
|poke|p1|Corviknight, F|
|poke|p2|Tinkaton, F|
|poke|p2|Ogerpon, F|
|poke|p2|Great Tusk|
|poke|p2|Pecharunt|
|poke|p2|Alomomola, F|
|poke|p2|Hydreigon, M|
|teampreview
|
|t:|1776060141
|teamsize|p1|6
|teamsize|p2|6
|start
|switch|p1a: Moody Blues|Dragapult, F|100/100
|switch|p2a: Alomomola|Alomomola, F|100/100
|turn|1
|
|t:|1776060148
|move|p1a: Moody Blues|U-turn|p2a: Alomomola
|-damage|p2a: Alomomola|73/100
|inactive|Battle timer is ON: inactive players will automatically lose when time's up. (requested by erennotyaeger)
|inactive|erennotyaeger has 120 seconds left.
|
|t:|1776060202
|switch|p1a: Corviknight|Corviknight, F|100/100|[from] U-turn
|-ability|p1a: Corviknight|Pressure
|move|p2a: Alomomola|Flip Turn|p1a: Corviknight
|-damage|p1a: Corviknight|86/100
|
|t:|1776060211
|switch|p2a: Hydreigon|Hydreigon, M|100/100|[from] Flip Turn
|
|-heal|p1a: Corviknight|92/100|[from] item: Leftovers
|upkeep
|turn|2
|
|t:|1776060232
|move|p2a: Hydreigon|Dark Pulse|p1a: Corviknight
|-damage|p1a: Corviknight|50/100
|move|p1a: Corviknight|U-turn|p2a: Hydreigon
|-supereffective|p2a: Hydreigon
|-damage|p2a: Hydreigon|70/100
|
|t:|1776060246
|switch|p1a: Moody Blues|Dragapult, F|100/100|[from] U-turn
|
|upkeep
|turn|3
|
|t:|1776060251
|switch|p2a: Alomomola|Alomomola, F|100/100
|move|p1a: Moody Blues|U-turn|p2a: Alomomola
|-damage|p2a: Alomomola|74/100
|
|t:|1776060264
|switch|p1a: Tiffany BlueStones|Kyurem, shiny|100/100|[from] U-turn
|-ability|p1a: Tiffany BlueStones|Pressure
|
|upkeep
|turn|4
|
|t:|1776060267
|move|p1a: Tiffany BlueStones|Substitute|p1a: Tiffany BlueStones
|-start|p1a: Tiffany BlueStones|Substitute
|-damage|p1a: Tiffany BlueStones|76/100
|move|p2a: Alomomola|Play Rough|p1a: Tiffany BlueStones|[miss]
|-miss|p2a: Alomomola|p1a: Tiffany BlueStones
|
|-heal|p1a: Tiffany BlueStones|82/100|[from] item: Leftovers
|upkeep
|turn|5
|
|t:|1776060274
|move|p1a: Tiffany BlueStones|Freeze-Dry|p2a: Alomomola
|-supereffective|p2a: Alomomola
|-damage|p2a: Alomomola|37/100
|move|p2a: Alomomola|Play Rough|p1a: Tiffany BlueStones|[miss]
|-miss|p2a: Alomomola|p1a: Tiffany BlueStones
|
|-heal|p1a: Tiffany BlueStones|88/100|[from] item: Leftovers
|upkeep
|turn|6
|
|t:|1776060280
|move|p1a: Tiffany BlueStones|Freeze-Dry|p2a: Alomomola
|-supereffective|p2a: Alomomola
|-damage|p2a: Alomomola|3/100
|move|p2a: Alomomola|Play Rough|p1a: Tiffany BlueStones
|-supereffective|p1a: Tiffany BlueStones
|-end|p1a: Tiffany BlueStones|Substitute
|
|-heal|p1a: Tiffany BlueStones|94/100|[from] item: Leftovers
|upkeep
|turn|7
|c|☆erennotyaeger|mb
|
|t:|1776060293
|switch|p2a: Tinkaton|Tinkaton, F|100/100
|-item|p2a: Tinkaton|Air Balloon
|move|p1a: Tiffany BlueStones|Substitute|p1a: Tiffany BlueStones
|-start|p1a: Tiffany BlueStones|Substitute
|-damage|p1a: Tiffany BlueStones|69/100
|
|-heal|p1a: Tiffany BlueStones|75/100|[from] item: Leftovers
|upkeep
|turn|8
|
|t:|1776060311
|move|p1a: Tiffany BlueStones|Freeze-Dry|p2a: Tinkaton
|-resisted|p2a: Tinkaton
|-damage|p2a: Tinkaton|82/100
|-enditem|p2a: Tinkaton|Air Balloon
|move|p2a: Tinkaton|Gigaton Hammer|p1a: Tiffany BlueStones
|-supereffective|p1a: Tiffany BlueStones
|-end|p1a: Tiffany BlueStones|Substitute
|
|-heal|p1a: Tiffany BlueStones|82/100|[from] item: Leftovers
|upkeep
|turn|9
|
|t:|1776060323
|switch|p2a: Alomomola|Alomomola, F|36/100
|move|p1a: Tiffany BlueStones|Substitute|p1a: Tiffany BlueStones
|-start|p1a: Tiffany BlueStones|Substitute
|-damage|p1a: Tiffany BlueStones|57/100
|
|-heal|p1a: Tiffany BlueStones|63/100|[from] item: Leftovers
|upkeep
|turn|10
|
|t:|1776060347
|move|p1a: Tiffany BlueStones|Freeze-Dry|p2a: Alomomola
|-supereffective|p2a: Alomomola
|-damage|p2a: Alomomola|2/100
|move|p2a: Alomomola|Flip Turn|p1a: Tiffany BlueStones
|-resisted|p1a: Tiffany BlueStones
|-activate|p1a: Tiffany BlueStones|move: Substitute|[damage]
|
|t:|1776060349
|switch|p2a: Ogerpon|Ogerpon, F|100/100|[from] Flip Turn
|
|-heal|p1a: Tiffany BlueStones|69/100|[from] item: Leftovers
|upkeep
|turn|11
|
|t:|1776060370
|move|p2a: Ogerpon|U-turn|p1a: Tiffany BlueStones
|-end|p1a: Tiffany BlueStones|Substitute
|
|t:|1776060374
|switch|p2a: Tinkaton|Tinkaton, F|82/100|[from] U-turn
|move|p1a: Tiffany BlueStones|Freeze-Dry|p2a: Tinkaton
|-resisted|p2a: Tinkaton
|-damage|p2a: Tinkaton|61/100
|
|-heal|p1a: Tiffany BlueStones|75/100|[from] item: Leftovers
|upkeep
|turn|12
|
|t:|1776060381
|move|p1a: Tiffany BlueStones|Substitute|p1a: Tiffany BlueStones
|-start|p1a: Tiffany BlueStones|Substitute
|-damage|p1a: Tiffany BlueStones|50/100
|move|p2a: Tinkaton|Gigaton Hammer|p1a: Tiffany BlueStones
|-supereffective|p1a: Tiffany BlueStones
|-end|p1a: Tiffany BlueStones|Substitute
|
|-heal|p1a: Tiffany BlueStones|57/100|[from] item: Leftovers
|upkeep
|turn|13
|
|t:|1776060384
|move|p1a: Tiffany BlueStones|Substitute|p1a: Tiffany BlueStones
|-start|p1a: Tiffany BlueStones|Substitute
|-damage|p1a: Tiffany BlueStones|32/100
|move|p2a: Tinkaton|Encore|p1a: Tiffany BlueStones
|-start|p1a: Tiffany BlueStones|Encore
|
|-heal|p1a: Tiffany BlueStones|38/100|[from] item: Leftovers
|upkeep
|turn|14
|
|t:|1776060412
|switch|p1a: Corviknight|Corviknight, F|50/100
|-ability|p1a: Corviknight|Pressure
|move|p2a: Tinkaton|Stealth Rock|p1a: Corviknight
|-sidestart|p1: erennotyaeger|move: Stealth Rock
|
|-heal|p1a: Corviknight|56/100|[from] item: Leftovers
|upkeep
|turn|15
|
|t:|1776060419
|switch|p2a: Ogerpon|Ogerpon, F|100/100
|move|p1a: Corviknight|Defog|p2a: Ogerpon
|-unboost|p2a: Ogerpon|evasion|1
|-ability|p2a: Ogerpon|Defiant|boost
|-boost|p2a: Ogerpon|atk|2
|-sideend|p1: erennotyaeger|Stealth Rock|[from] move: Defog|[of] p1a: Corviknight
|
|-heal|p1a: Corviknight|62/100|[from] item: Leftovers
|upkeep
|turn|16
|
|t:|1776060434
|switch|p1a: Weezing|Weezing-Galar, F|100/100
|-ability|p1a: Weezing|Neutralizing Gas
|move|p2a: Ogerpon|Knock Off|p1a: Weezing
|-resisted|p1a: Weezing
|-damage|p1a: Weezing|63/100
|-enditem|p1a: Weezing|Leftovers|[from] move: Knock Off|[of] p2a: Ogerpon
|
|upkeep
|turn|17
|inactive|erennotyaeger has 120 seconds left.
|
|t:|1776060468
|switch|p2a: Alomomola|Alomomola, F|35/100
|move|p1a: Weezing|Will-O-Wisp|p2a: Alomomola
|-status|p2a: Alomomola|brn
|
|-damage|p2a: Alomomola|29/100 brn|[from] brn
|upkeep
|turn|18
|
|t:|1776060482
|-end|p1a: Weezing|ability: Neutralizing Gas
|switch|p1a: Corviknight|Corviknight, F|62/100
|-ability|p1a: Corviknight|Pressure
|move|p2a: Alomomola|Flip Turn|p1a: Corviknight
|-damage|p1a: Corviknight|55/100
|
|t:|1776060493
|switch|p2a: Hydreigon|Hydreigon, M|70/100|[from] Flip Turn
|
|-heal|p1a: Corviknight|62/100|[from] item: Leftovers
|upkeep
|turn|19
|inactive|erennotyaeger has 120 seconds left.
|
|t:|1776060509
|move|p2a: Hydreigon|Dark Pulse|p1a: Corviknight
|-damage|p1a: Corviknight|18/100
|move|p1a: Corviknight|Roost|p1a: Corviknight
|-heal|p1a: Corviknight|68/100
|-singleturn|p1a: Corviknight|move: Roost
|
|-heal|p1a: Corviknight|74/100|[from] item: Leftovers
|upkeep
|turn|20
|
|t:|1776060515
|switch|p2a: Alomomola|Alomomola, F|62/100 brn
|switch|p1a: Alysa-Lu|Ting-Lu|100/100
|-ability|p1a: Alysa-Lu|Vessel of Ruin
|
|-damage|p2a: Alomomola|56/100 brn|[from] brn
|upkeep
|turn|21
|
|t:|1776060519
|move|p1a: Alysa-Lu|Stealth Rock|p2a: Alomomola
|-sidestart|p2: smoldracovish|move: Stealth Rock
|move|p2a: Alomomola|Flip Turn|p1a: Alysa-Lu
|-supereffective|p1a: Alysa-Lu
|-damage|p1a: Alysa-Lu|92/100
|
|t:|1776060532
|switch|p2a: Ogerpon|Ogerpon, F|100/100|[from] Flip Turn
|-damage|p2a: Ogerpon|88/100|[from] Stealth Rock
|
|-heal|p1a: Alysa-Lu|98/100|[from] item: Leftovers
|upkeep
|turn|22
|
|t:|1776060538
|switch|p1a: Weezing|Weezing-Galar, F|63/100
|-ability|p1a: Weezing|Neutralizing Gas
|move|p2a: Ogerpon|Knock Off|p1a: Weezing
|-resisted|p1a: Weezing
|-crit|p1a: Weezing
|-damage|p1a: Weezing|46/100
|
|upkeep
|turn|23
|inactive|erennotyaeger has 120 seconds left.
|
|t:|1776060593
|switch|p2a: Alomomola|Alomomola, F|89/100 brn
|-damage|p2a: Alomomola|77/100 brn|[from] Stealth Rock
|move|p1a: Weezing|Will-O-Wisp|p2a: Alomomola
|-fail|p2a: Alomomola|brn
|
|-damage|p2a: Alomomola|71/100 brn|[from] brn
|upkeep
|turn|24
|
|t:|1776060598
|-end|p1a: Weezing|ability: Neutralizing Gas
|switch|p1a: Fogbound Lake|Alomomola, F|100/100
|move|p2a: Alomomola|Flip Turn|p1a: Fogbound Lake
|-resisted|p1a: Fogbound Lake
|-damage|p1a: Fogbound Lake|98/100
|-damage|p2a: Alomomola|54/100 brn|[from] item: Rocky Helmet|[of] p1a: Fogbound Lake
|
|t:|1776060605
|switch|p2a: Pecharunt|Pecharunt|100/100|[from] Flip Turn
|-damage|p2a: Pecharunt|88/100|[from] Stealth Rock
|
|upkeep
|turn|25
|
|t:|1776060610
|switch|p1a: Corviknight|Corviknight, F|74/100
|-ability|p1a: Corviknight|Pressure
|move|p2a: Pecharunt|Shadow Ball|p1a: Corviknight
|-damage|p1a: Corviknight|57/100
|
|-heal|p1a: Corviknight|63/100|[from] item: Leftovers
|upkeep
|turn|26
|
|t:|1776060618
|move|p2a: Pecharunt|Parting Shot|p1a: Corviknight
|-unboost|p1a: Corviknight|atk|1
|-unboost|p1a: Corviknight|spa|1
|
|t:|1776060622
|switch|p2a: Tinkaton|Tinkaton, F|61/100|[from] Parting Shot
|-damage|p2a: Tinkaton|55/100|[from] Stealth Rock
|move|p1a: Corviknight|U-turn|p2a: Tinkaton
|-resisted|p2a: Tinkaton
|-damage|p2a: Tinkaton|52/100
|-enditem|p1a: Corviknight|Leftovers|[silent]|[from] ability: Pickpocket|[of] p1a: Corviknight
|-item|p2a: Tinkaton|Leftovers|[from] ability: Pickpocket|[of] p1a: Corviknight
|inactive|erennotyaeger has 120 seconds left.
|
|t:|1776060662
|switch|p1a: Tiffany BlueStones|Kyurem, shiny|38/100|[from] U-turn
|-ability|p1a: Tiffany BlueStones|Pressure
|
|-heal|p1a: Tiffany BlueStones|44/100|[from] item: Leftovers
|-heal|p2a: Tinkaton|58/100|[from] item: Leftovers
|upkeep
|turn|27
|
|t:|1776060671
|switch|p1a: Fogbound Lake|Alomomola, F|100/100
|move|p2a: Tinkaton|Gigaton Hammer|p1a: Fogbound Lake
|-resisted|p1a: Fogbound Lake
|-damage|p1a: Fogbound Lake|86/100
|
|-heal|p2a: Tinkaton|64/100|[from] item: Leftovers
|upkeep
|turn|28
|
|t:|1776060681
|switch|p1a: Corviknight|Corviknight, F|63/100
|-ability|p1a: Corviknight|Pressure
|move|p2a: Tinkaton|Stealth Rock|p1a: Corviknight
|-sidestart|p1: erennotyaeger|move: Stealth Rock
|
|-heal|p2a: Tinkaton|71/100|[from] item: Leftovers
|upkeep
|turn|29
|
|t:|1776060696
|move|p2a: Tinkaton|Ice Hammer|p1a: Corviknight
|-damage|p1a: Corviknight|45/100
|-unboost|p2a: Tinkaton|spe|1
|move|p1a: Corviknight|Roost|p1a: Corviknight
|-heal|p1a: Corviknight|95/100
|-singleturn|p1a: Corviknight|move: Roost
|
|-heal|p2a: Tinkaton|77/100|[from] item: Leftovers
|upkeep
|turn|30
|inactive|erennotyaeger has 120 seconds left.
|
|t:|1776060703
|move|p2a: Tinkaton|Encore|p1a: Corviknight
|-start|p1a: Corviknight|Encore
|move|p1a: Corviknight|Roost|p1a: Corviknight
|-heal|p1a: Corviknight|100/100
|-singleturn|p1a: Corviknight|move: Roost
|
|-heal|p2a: Tinkaton|83/100|[from] item: Leftovers
|upkeep
|turn|31
|
|t:|1776060708
|switch|p1a: Alysa-Lu|Ting-Lu|98/100
|-damage|p1a: Alysa-Lu|92/100|[from] Stealth Rock
|-ability|p1a: Alysa-Lu|Vessel of Ruin
|move|p2a: Tinkaton|Gigaton Hammer|p1a: Alysa-Lu
|-damage|p1a: Alysa-Lu|58/100
|
|-heal|p2a: Tinkaton|89/100|[from] item: Leftovers
|-heal|p1a: Alysa-Lu|64/100|[from] item: Leftovers
|upkeep
|turn|32
|
|t:|1776060715
|switch|p2a: Alomomola|Alomomola, F|88/100 brn
|-damage|p2a: Alomomola|75/100 brn|[from] Stealth Rock
|move|p1a: Alysa-Lu|Ruination|p2a: Alomomola
|-damage|p2a: Alomomola|38/100 brn
|
|-heal|p1a: Alysa-Lu|70/100|[from] item: Leftovers
|-damage|p2a: Alomomola|32/100 brn|[from] brn
|upkeep
|turn|33
|
|t:|1776060721
|switch|p1a: Fogbound Lake|Alomomola, F|100/100
|-damage|p1a: Fogbound Lake|88/100|[from] Stealth Rock
|switch|p2a: Ogerpon|Ogerpon, F|88/100
|-damage|p2a: Ogerpon|76/100|[from] Stealth Rock
|
|upkeep
|turn|34
|
|t:|1776060731
|switch|p1a: Corviknight|Corviknight, F|100/100
|-damage|p1a: Corviknight|88/100|[from] Stealth Rock
|-ability|p1a: Corviknight|Pressure
|move|p2a: Ogerpon|U-turn|p1a: Corviknight
|-resisted|p1a: Corviknight
|-damage|p1a: Corviknight|81/100
|
|t:|1776060745
|switch|p2a: Alomomola|Alomomola, F|65/100 brn|[from] U-turn
|-damage|p2a: Alomomola|52/100 brn|[from] Stealth Rock
|
|-damage|p2a: Alomomola|46/100 brn|[from] brn
|upkeep
|turn|35
|
|t:|1776060750
|move|p1a: Corviknight|Defog|p2a: Alomomola
|-unboost|p2a: Alomomola|evasion|1
|-sideend|p2: smoldracovish|Stealth Rock|[from] move: Defog|[of] p1a: Corviknight
|-sideend|p1: erennotyaeger|Stealth Rock|[from] move: Defog|[of] p1a: Corviknight
|move|p2a: Alomomola|Flip Turn|p1a: Corviknight
|-damage|p1a: Corviknight|75/100
|
|t:|1776060757
|switch|p2a: Tinkaton|Tinkaton, F|89/100|[from] Flip Turn
|
|-heal|p2a: Tinkaton|95/100|[from] item: Leftovers
|upkeep
|turn|36
|
|t:|1776060765
|move|p2a: Tinkaton|Stealth Rock|p1a: Corviknight
|-sidestart|p1: erennotyaeger|move: Stealth Rock
|move|p1a: Corviknight|U-turn|p2a: Tinkaton
|-resisted|p2a: Tinkaton
|-damage|p2a: Tinkaton|91/100
|
|t:|1776060777
|switch|p1a: Alysa-Lu|Ting-Lu|70/100|[from] U-turn
|-damage|p1a: Alysa-Lu|64/100|[from] Stealth Rock
|-ability|p1a: Alysa-Lu|Vessel of Ruin
|
|-heal|p2a: Tinkaton|97/100|[from] item: Leftovers
|-heal|p1a: Alysa-Lu|70/100|[from] item: Leftovers
|upkeep
|turn|37
|
|t:|1776060788
|switch|p1a: Fogbound Lake|Alomomola, F|100/100
|-damage|p1a: Fogbound Lake|88/100|[from] Stealth Rock
|move|p2a: Tinkaton|Gigaton Hammer|p1a: Fogbound Lake
|-resisted|p1a: Fogbound Lake
|-damage|p1a: Fogbound Lake|72/100
|
|-heal|p2a: Tinkaton|100/100|[from] item: Leftovers
|upkeep
|turn|38
|
|t:|1776060796
|switch|p2a: Great Tusk|Great Tusk|100/100
|move|p1a: Fogbound Lake|Wish|p1a: Fogbound Lake
|
|upkeep
|turn|39
|
|t:|1776060815
|-end|p2a: Great Tusk|Protosynthesis|[silent]
|switch|p2a: Pecharunt|Pecharunt|88/100
|move|p1a: Fogbound Lake|Flip Turn|p2a: Pecharunt
|-damage|p2a: Pecharunt|80/100
|-damage|p1a: Fogbound Lake|55/100|[from] item: Rocky Helmet|[of] p2a: Pecharunt
|
|t:|1776060840
|switch|p1a: Weezing|Weezing-Galar, F|46/100|[from] Flip Turn
|-ability|p1a: Weezing|Neutralizing Gas
|-damage|p1a: Weezing|34/100|[from] Stealth Rock
|
|-heal|p1a: Weezing|100/100|[from] move: Wish|[wisher] Fogbound Lake
|upkeep
|turn|40
|
|t:|1776060849
|switch|p2a: Alomomola|Alomomola, F|79/100 brn
|-end|p1a: Weezing|ability: Neutralizing Gas
|switch|p1a: Corviknight|Corviknight, F|75/100
|-damage|p1a: Corviknight|62/100|[from] Stealth Rock
|-ability|p1a: Corviknight|Pressure
|
|-damage|p2a: Alomomola|73/100 brn|[from] brn
|upkeep
|turn|41
|
|t:|1776060859
|move|p1a: Corviknight|U-turn|p2a: Alomomola
|-damage|p2a: Alomomola|63/100 brn
|
|t:|1776060867
|switch|p1a: Weezing|Weezing-Galar, F|100/100|[from] U-turn
|-ability|p1a: Weezing|Neutralizing Gas
|-damage|p1a: Weezing|88/100|[from] Stealth Rock
|move|p2a: Alomomola|Flip Turn|p1a: Weezing
|-damage|p1a: Weezing|82/100
|
|t:|1776060870
|switch|p2a: Hydreigon|Hydreigon, M|70/100|[from] Flip Turn
|
|upkeep
|turn|42
|
|t:|1776060880
|switch|p2a: Alomomola|Alomomola, F|63/100 brn
|-end|p1a: Weezing|ability: Neutralizing Gas
|switch|p1a: Corviknight|Corviknight, F|62/100
|-damage|p1a: Corviknight|50/100|[from] Stealth Rock
|-ability|p1a: Corviknight|Pressure
|
|-damage|p2a: Alomomola|57/100 brn|[from] brn
|upkeep
|turn|43
|
|t:|1776060888
|switch|p2a: Tinkaton|Tinkaton, F|100/100
|move|p1a: Corviknight|Roost|p1a: Corviknight
|-heal|p1a: Corviknight|99/100
|-singleturn|p1a: Corviknight|move: Roost
|
|upkeep
|turn|44
|
|t:|1776060898
|switch|p1a: Fogbound Lake|Alomomola, F|88/100
|-damage|p1a: Fogbound Lake|76/100|[from] Stealth Rock
|move|p2a: Tinkaton|Encore||[still]
|-fail|p2a: Tinkaton
|
|upkeep
|turn|45
|
|t:|1776060909
|switch|p2a: Ogerpon|Ogerpon, F|76/100
|move|p1a: Fogbound Lake|Wish|p1a: Fogbound Lake
|
|upkeep
|turn|46
|
|t:|1776060915
|switch|p1a: Weezing|Weezing-Galar, F|82/100
|-ability|p1a: Weezing|Neutralizing Gas
|-damage|p1a: Weezing|70/100|[from] Stealth Rock
|move|p2a: Ogerpon|Ivy Cudgel|p1a: Weezing
|-resisted|p1a: Weezing
|-damage|p1a: Weezing|41/100
|
|-heal|p1a: Weezing|100/100|[from] move: Wish|[wisher] Fogbound Lake
|upkeep
|turn|47
|
|t:|1776060929
|switch|p2a: Alomomola|Alomomola, F|90/100 brn
|move|p1a: Weezing|Defog|p2a: Alomomola
|-unboost|p2a: Alomomola|evasion|1
|-sideend|p1: erennotyaeger|Stealth Rock|[from] move: Defog|[of] p1a: Weezing
|
|-damage|p2a: Alomomola|84/100 brn|[from] brn
|upkeep
|turn|48
|
|t:|1776060944
|-end|p1a: Weezing|ability: Neutralizing Gas
|switch|p1a: Fogbound Lake|Alomomola, F|100/100
|move|p2a: Alomomola|Flip Turn|p1a: Fogbound Lake
|-resisted|p1a: Fogbound Lake
|-damage|p1a: Fogbound Lake|98/100
|-damage|p2a: Alomomola|67/100 brn|[from] item: Rocky Helmet|[of] p1a: Fogbound Lake
|
|t:|1776060951
|switch|p2a: Hydreigon|Hydreigon, M|70/100|[from] Flip Turn
|
|upkeep
|turn|49
|
|t:|1776060965
|switch|p1a: Alysa-Lu|Ting-Lu|70/100
|-ability|p1a: Alysa-Lu|Vessel of Ruin
|move|p2a: Hydreigon|Dark Pulse|p1a: Alysa-Lu
|-resisted|p1a: Alysa-Lu
|-damage|p1a: Alysa-Lu|57/100
|
|-heal|p1a: Alysa-Lu|63/100|[from] item: Leftovers
|upkeep
|turn|50
|
|t:|1776060975
|switch|p2a: Great Tusk|Great Tusk|100/100
|move|p1a: Alysa-Lu|Stealth Rock|p2a: Great Tusk
|-sidestart|p2: smoldracovish|move: Stealth Rock
|
|-heal|p1a: Alysa-Lu|70/100|[from] item: Leftovers
|upkeep
|turn|51
|
|t:|1776060988
|switch|p1a: Fogbound Lake|Alomomola, F|100/100
|move|p2a: Great Tusk|Close Combat|p1a: Fogbound Lake
|-damage|p1a: Fogbound Lake|69/100
|-unboost|p2a: Great Tusk|def|1
|-unboost|p2a: Great Tusk|spd|1
|-damage|p2a: Great Tusk|84/100|[from] item: Rocky Helmet|[of] p1a: Fogbound Lake
|
|upkeep
|turn|52
|
|t:|1776061004
|-end|p2a: Great Tusk|Protosynthesis|[silent]
|switch|p2a: Alomomola|Alomomola, F|99/100 brn
|-damage|p2a: Alomomola|88/100 brn|[from] Stealth Rock
|move|p1a: Fogbound Lake|Wish|p1a: Fogbound Lake
|
|-damage|p2a: Alomomola|82/100 brn|[from] brn
|upkeep
|turn|53
|
|t:|1776061008
|move|p1a: Fogbound Lake|Flip Turn|p2a: Alomomola
|-resisted|p2a: Alomomola
|-damage|p2a: Alomomola|76/100 brn
|
|t:|1776061016
|switch|p1a: Tiffany BlueStones|Kyurem, shiny|44/100|[from] Flip Turn
|-ability|p1a: Tiffany BlueStones|Pressure
|move|p2a: Alomomola|Flip Turn|p1a: Tiffany BlueStones
|-resisted|p1a: Tiffany BlueStones
|-damage|p1a: Tiffany BlueStones|40/100
|
|t:|1776061024
|switch|p2a: Tinkaton|Tinkaton, F|100/100|[from] Flip Turn
|-damage|p2a: Tinkaton|94/100|[from] Stealth Rock
|
|-heal|p1a: Tiffany BlueStones|100/100|[from] move: Wish|[wisher] Fogbound Lake
|-heal|p2a: Tinkaton|100/100|[from] item: Leftovers
|upkeep
|turn|54
|
|t:|1776061029
|switch|p1a: Fogbound Lake|Alomomola, F|100/100
|move|p2a: Tinkaton|Stealth Rock|p1a: Fogbound Lake
|-sidestart|p1: erennotyaeger|move: Stealth Rock
|
|upkeep
|turn|55
|
|t:|1776061053
|switch|p2a: Alomomola|Alomomola, F|100/100 brn
|-damage|p2a: Alomomola|88/100 brn|[from] Stealth Rock
|move|p1a: Fogbound Lake|Flip Turn|p2a: Alomomola
|-resisted|p2a: Alomomola
|-damage|p2a: Alomomola|82/100 brn
|
|t:|1776061077
|switch|p1a: Corviknight|Corviknight, F|99/100|[from] Flip Turn
|-damage|p1a: Corviknight|87/100|[from] Stealth Rock
|-ability|p1a: Corviknight|Pressure
|
|-damage|p2a: Alomomola|75/100 brn|[from] brn
|upkeep
|turn|56
|
|t:|1776061083
|switch|p2a: Tinkaton|Tinkaton, F|100/100
|-damage|p2a: Tinkaton|94/100|[from] Stealth Rock
|move|p1a: Corviknight|Defog|p2a: Tinkaton
|-unboost|p2a: Tinkaton|evasion|1
|-sideend|p2: smoldracovish|Stealth Rock|[from] move: Defog|[of] p1a: Corviknight
|-sideend|p1: erennotyaeger|Stealth Rock|[from] move: Defog|[of] p1a: Corviknight
|
|-heal|p2a: Tinkaton|100/100|[from] item: Leftovers
|upkeep
|turn|57
|
|t:|1776061096
|switch|p2a: Pecharunt|Pecharunt|80/100
|switch|p1a: Fogbound Lake|Alomomola, F|100/100
|
|upkeep
|turn|58
|
|t:|1776061117
|switch|p2a: Tinkaton|Tinkaton, F|100/100
|switch|p1a: Corviknight|Corviknight, F|87/100
|-ability|p1a: Corviknight|Pressure
|
|upkeep
|turn|59
|j| 34hippos
|l| 34hippos
|inactive|erennotyaeger has 120 seconds left.
|
|t:|1776061159
|move|p2a: Tinkaton|Stealth Rock|p1a: Corviknight
|-sidestart|p1: erennotyaeger|move: Stealth Rock
|move|p1a: Corviknight|Defog|p2a: Tinkaton
|-unboost|p2a: Tinkaton|evasion|1
|-sideend|p1: erennotyaeger|Stealth Rock|[from] move: Defog|[of] p1a: Corviknight
|
|upkeep
|turn|60
|
|t:|1776061168
|switch|p2a: Alomomola|Alomomola, F|100/100 brn
|move|p1a: Corviknight|U-turn|p2a: Alomomola
|-damage|p2a: Alomomola|88/100 brn
|
|t:|1776061177
|switch|p1a: Tiffany BlueStones|Kyurem, shiny|100/100|[from] U-turn
|-ability|p1a: Tiffany BlueStones|Pressure
|
|-damage|p2a: Alomomola|82/100 brn|[from] brn
|upkeep
|turn|61
|
|t:|1776061183
|switch|p2a: Tinkaton|Tinkaton, F|100/100
|move|p1a: Tiffany BlueStones|Substitute|p1a: Tiffany BlueStones
|-start|p1a: Tiffany BlueStones|Substitute
|-damage|p1a: Tiffany BlueStones|76/100
|
|-heal|p1a: Tiffany BlueStones|82/100|[from] item: Leftovers
|upkeep
|turn|62
|
|t:|1776061192
|move|p1a: Tiffany BlueStones|Earth Power|p2a: Tinkaton
|-supereffective|p2a: Tinkaton
|-damage|p2a: Tinkaton|31/100
|-unboost|p2a: Tinkaton|spd|1
|move|p2a: Tinkaton|Ice Hammer|p1a: Tiffany BlueStones
|-activate|p1a: Tiffany BlueStones|move: Substitute|[damage]
|-unboost|p2a: Tinkaton|spe|1
|
|-heal|p1a: Tiffany BlueStones|88/100|[from] item: Leftovers
|-heal|p2a: Tinkaton|37/100|[from] item: Leftovers
|upkeep
|turn|63
|
|t:|1776061200
|switch|p2a: Alomomola|Alomomola, F|100/100 brn
|move|p1a: Tiffany BlueStones|Earth Power|p2a: Alomomola
|-damage|p2a: Alomomola|86/100 brn
|
|-heal|p1a: Tiffany BlueStones|94/100|[from] item: Leftovers
|-damage|p2a: Alomomola|80/100 brn|[from] brn
|upkeep
|turn|64
|
|t:|1776061204
|move|p1a: Tiffany BlueStones|Freeze-Dry|p2a: Alomomola
|-supereffective|p2a: Alomomola
|-damage|p2a: Alomomola|45/100 brn
|move|p2a: Alomomola|Flip Turn|p1a: Tiffany BlueStones
|-resisted|p1a: Tiffany BlueStones
|-end|p1a: Tiffany BlueStones|Substitute
|
|t:|1776061208
|switch|p2a: Hydreigon|Hydreigon, M|70/100|[from] Flip Turn
|
|-heal|p1a: Tiffany BlueStones|99/100|[from] item: Leftovers
|upkeep
|turn|65
|
|t:|1776061215
|switch|p1a: Corviknight|Corviknight, F|87/100
|-ability|p1a: Corviknight|Pressure
|move|p2a: Hydreigon|Draco Meteor|p1a: Corviknight
|-resisted|p1a: Corviknight
|-damage|p1a: Corviknight|55/100
|-unboost|p2a: Hydreigon|spa|2
|
|upkeep
|turn|66
|
|t:|1776061223
|switch|p2a: Tinkaton|Tinkaton, F|37/100
|move|p1a: Corviknight|U-turn|p2a: Tinkaton
|-resisted|p2a: Tinkaton
|-damage|p2a: Tinkaton|32/100
|
|t:|1776061226
|switch|p1a: Tiffany BlueStones|Kyurem, shiny|99/100|[from] U-turn
|-ability|p1a: Tiffany BlueStones|Pressure
|
|-heal|p1a: Tiffany BlueStones|100/100|[from] item: Leftovers
|-heal|p2a: Tinkaton|38/100|[from] item: Leftovers
|upkeep
|turn|67
|
|t:|1776061253
|switch|p2a: Alomomola|Alomomola, F|78/100 brn
|move|p1a: Tiffany BlueStones|Substitute|p1a: Tiffany BlueStones
|-start|p1a: Tiffany BlueStones|Substitute
|-damage|p1a: Tiffany BlueStones|76/100
|
|-heal|p1a: Tiffany BlueStones|82/100|[from] item: Leftovers
|-damage|p2a: Alomomola|72/100 brn|[from] brn
|upkeep
|turn|68
|
|t:|1776061260
|move|p1a: Tiffany BlueStones|Freeze-Dry|p2a: Alomomola
|-supereffective|p2a: Alomomola
|-damage|p2a: Alomomola|39/100 brn
|move|p2a: Alomomola|Play Rough|p1a: Tiffany BlueStones
|-supereffective|p1a: Tiffany BlueStones
|-activate|p1a: Tiffany BlueStones|move: Substitute|[damage]
|
|-heal|p1a: Tiffany BlueStones|88/100|[from] item: Leftovers
|-damage|p2a: Alomomola|32/100 brn|[from] brn
|upkeep
|turn|69
|
|t:|1776061285
|-terastallize|p2a: Alomomola|Fairy
|move|p1a: Tiffany BlueStones|Freeze-Dry|p2a: Alomomola
|-damage|p2a: Alomomola|14/100 brn
|move|p2a: Alomomola|Flip Turn|p1a: Tiffany BlueStones
|-resisted|p1a: Tiffany BlueStones
|-activate|p1a: Tiffany BlueStones|move: Substitute|[damage]
|
|t:|1776061291
|switch|p2a: Tinkaton|Tinkaton, F|38/100|[from] Flip Turn
|
|-heal|p1a: Tiffany BlueStones|94/100|[from] item: Leftovers
|-heal|p2a: Tinkaton|45/100|[from] item: Leftovers
|upkeep
|turn|70
|
|t:|1776061304
|switch|p2a: Alomomola|Alomomola, F, tera:Fairy|47/100 brn
|move|p1a: Tiffany BlueStones|Earth Power|p2a: Alomomola
|-damage|p2a: Alomomola|33/100 brn
|
|-heal|p1a: Tiffany BlueStones|99/100|[from] item: Leftovers
|-damage|p2a: Alomomola|27/100 brn|[from] brn
|upkeep
|turn|71
|
|t:|1776061308
|move|p1a: Tiffany BlueStones|Flash Cannon|p2a: Alomomola
|-supereffective|p2a: Alomomola
|-damage|p2a: Alomomola|0 fnt
|faint|p2a: Alomomola
|
|-heal|p1a: Tiffany BlueStones|100/100|[from] item: Leftovers
|upkeep
|inactive|smoldracovish has 120 seconds left.
|inactive|smoldracovish has 90 seconds left.
|-message|smoldracovish forfeited.
|
|win|erennotyaeger
|raw|erennotyaeger's rating: 1661 &rarr; <strong>1678</strong><br />(+17 for winning)
|raw|smoldracovish's rating: 1603 &rarr; <strong>1586</strong><br />(-17 for losing)
|l|☆smoldracovish
|player|p2|
|c|☆erennotyaeger|gg
|l|☆erennotyaeger
|player|p1|
