|html|<div class="broadcast-blue"><strong>[Gen 9] OU is currently suspecting Tera Blast! For information on how to participate check out the <a href="https://www.smogon.com/tools/suspects/view/200">suspect thread</a>.</strong></div>
|j|☆user795680
|j|☆Glihdr
|t:|1776089989
|gametype|singles
|player|p1|user795680|lucas|1194
|player|p2|Glihdr|101|1227
|gen|9
|tier|[Gen 9] OU
|rated|
|rule|HP Percentage Mod: HP is shown in percentages
|rule|Endless Battle Clause: Forcing endless battles is banned
|rule|Species Clause: Limit one of each Pokémon
|rule|OHKO Clause: OHKO moves are banned
|rule|Evasion Items Clause: Evasion items are banned
|rule|Evasion Moves Clause: Evasion moves are banned
|rule|Evasion Abilities Clause: Evasion abilities are banned
|rule|Sleep Moves Clause: Sleep-inducing moves are banned
|clearpoke
|poke|p1|Lilligant, F|
|poke|p1|Vikavolt, M|
|poke|p1|Meowscarada, F|
|poke|p1|Oricorio, F|
|poke|p1|Registeel|
|poke|p1|Ursaluna, F|
|poke|p2|Hatterene, F|
|poke|p2|Ursaluna, M|
|poke|p2|Porygon2|
|poke|p2|Cresselia, F|
|poke|p2|Iron Hands|
|poke|p2|Volcanion|
|teampreview
|
|t:|1776090004
|teamsize|p1|6
|teamsize|p2|6
|start
|switch|p1a: Oricorio|Oricorio, F|100/100
|switch|p2a: TARS|Porygon2|100/100
|-ability|p2a: TARS|Download|boost
|-boost|p2a: TARS|spa|1
|turn|1
|
|t:|1776090016
|move|p1a: Oricorio|Quiver Dance|p1a: Oricorio
|-boost|p1a: Oricorio|spa|1
|-boost|p1a: Oricorio|spd|1
|-boost|p1a: Oricorio|spe|1
|move|p2a: TARS|Hyper Beam|p1a: Oricorio
|-damage|p1a: Oricorio|16/100
|-mustrecharge|p2a: TARS
|
|-heal|p1a: Oricorio|22/100|[from] item: Leftovers
|upkeep
|turn|2
|
|t:|1776090026
|move|p1a: Oricorio|Roost|p1a: Oricorio
|-heal|p1a: Oricorio|72/100
|-singleturn|p1a: Oricorio|move: Roost
|cant|p2a: TARS|recharge
|
|-heal|p1a: Oricorio|78/100|[from] item: Leftovers
|upkeep
|turn|3
|
|t:|1776090036
|-terastallize|p2a: TARS|Ground
|move|p1a: Oricorio|Revelation Dance|p2a: TARS
|-damage|p2a: TARS|69/100
|move|p2a: TARS|Tera Blast|p1a: Oricorio|[anim] Tera Blast Ground
|-immune|p1a: Oricorio
|
|-heal|p1a: Oricorio|84/100|[from] item: Leftovers
|upkeep
|turn|4
|
|t:|1776090056
|move|p1a: Oricorio|Revelation Dance|p2a: TARS
|-damage|p2a: TARS|39/100
|move|p2a: TARS|Trick Room|p2a: TARS
|-fieldstart|move: Trick Room|[of] p2a: TARS
|
|-heal|p1a: Oricorio|91/100|[from] item: Leftovers
|upkeep
|turn|5
|
|t:|1776090072
|move|p2a: TARS|Ice Beam|p1a: Oricorio
|-damage|p1a: Oricorio|55/100
|move|p1a: Oricorio|Revelation Dance|p2a: TARS
|-damage|p2a: TARS|12/100
|
|-heal|p1a: Oricorio|61/100|[from] item: Leftovers
|upkeep
|turn|6
|
|t:|1776090082
|move|p2a: TARS|Hyper Beam|p1a: Oricorio
|-damage|p1a: Oricorio|0 fnt
|-mustrecharge|p2a: TARS
|faint|p1a: Oricorio
|
|upkeep
|
|t:|1776090096
|switch|p1a: Lilligant|Lilligant, F|100/100
|turn|7
|
|t:|1776090102
|cant|p2a: TARS|recharge
|move|p1a: Lilligant|Alluring Voice|p2a: TARS
|-damage|p2a: TARS|0 fnt
|faint|p2a: TARS
|
|upkeep
|
|t:|1776090109
|switch|p2a: Mann|Ursaluna, M|100/100
|turn|8
|
|t:|1776090115
|move|p2a: Mann|Fire Punch|p1a: Lilligant
|-supereffective|p1a: Lilligant
|-damage|p1a: Lilligant|51/100
|move|p1a: Lilligant|Giga Drain|p2a: Mann
|-supereffective|p2a: Mann
|-damage|p2a: Mann|53/100
|-heal|p1a: Lilligant|83/100|[from] drain|[of] p2a: Mann
|
|-heal|p1a: Lilligant|89/100|[from] item: Leftovers
|-fieldend|move: Trick Room
|-status|p2a: Mann|brn|[from] item: Flame Orb
|upkeep
|turn|9
|
|t:|1776090131
|switch|p2a: Miller|Cresselia, F, shiny|100/100
|move|p1a: Lilligant|Giga Drain|p2a: Miller
|-damage|p2a: Miller|83/100
|-heal|p1a: Lilligant|99/100|[from] drain|[of] p2a: Miller
|
|-heal|p1a: Lilligant|100/100|[from] item: Leftovers
|upkeep
|turn|10
|
|t:|1776090149
|move|p1a: Lilligant|Quiver Dance|p1a: Lilligant
|-boost|p1a: Lilligant|spa|1
|-boost|p1a: Lilligant|spd|1
|-boost|p1a: Lilligant|spe|1
|move|p2a: Miller|Moonblast|p1a: Lilligant
|-damage|p1a: Lilligant|87/100
|
|-heal|p1a: Lilligant|93/100|[from] item: Leftovers
|upkeep
|turn|11
|
|t:|1776090162
|move|p1a: Lilligant|Alluring Voice|p2a: Miller
|-damage|p2a: Miller|66/100
|move|p2a: Miller|Trick Room|p2a: Miller
|-fieldstart|move: Trick Room|[of] p2a: Miller
|
|-heal|p1a: Lilligant|99/100|[from] item: Leftovers
|upkeep
|turn|12
|
|t:|1776090173
|move|p2a: Miller|Moonblast|p1a: Lilligant
|-damage|p1a: Lilligant|84/100
|move|p1a: Lilligant|Quiver Dance|p1a: Lilligant
|-boost|p1a: Lilligant|spa|1
|-boost|p1a: Lilligant|spd|1
|-boost|p1a: Lilligant|spe|1
|
|-heal|p1a: Lilligant|90/100|[from] item: Leftovers
|upkeep
|turn|13
|
|t:|1776090186
|move|p2a: Miller|Lunar Dance|p2a: Miller
|faint|p2a: Miller
|move|p1a: Lilligant|Giga Drain|p2: Miller|[notarget]
|-fail|p1a: Lilligant
|
|-heal|p1a: Lilligant|96/100|[from] item: Leftovers
|upkeep
|
|t:|1776090193
|switch|p2a: Mann|Ursaluna, M|53/100 brn
|-heal|p2a: Mann|100/100|[from] move: Lunar Dance
|turn|14
|
|t:|1776090204
|move|p2a: Mann|Fire Punch|p1a: Lilligant
|-supereffective|p1a: Lilligant
|-damage|p1a: Lilligant|40/100
|move|p1a: Lilligant|Giga Drain|p2a: Mann
|-supereffective|p2a: Mann
|-damage|p2a: Mann|0 fnt
|-heal|p1a: Lilligant|100/100|[from] drain|[of] p2a: Mann
|faint|p2a: Mann
|
|upkeep
|
|t:|1776090215
|switch|p2a: Brand|Hatterene, F, shiny|100/100
|turn|15
|
|t:|1776090223
|move|p2a: Brand|Psychic Noise|p1a: Lilligant
|-damage|p1a: Lilligant|73/100
|-start|p1a: Lilligant|move: Heal Block
|cant|p1a: Lilligant|move: Heal Block|Giga Drain
|
|-fieldend|move: Trick Room
|upkeep
|turn|16
|
|t:|1776090233
|move|p1a: Lilligant|Alluring Voice|p2a: Brand
|-crit|p2a: Brand
|-damage|p2a: Brand|39/100
|move|p2a: Brand|Trick Room|p2a: Brand
|-fieldstart|move: Trick Room|[of] p2a: Brand
|
|-end|p1a: Lilligant|move: Heal Block
|upkeep
|turn|17
|
|t:|1776090243
|move|p2a: Brand|Psychic Noise|p1a: Lilligant
|-damage|p1a: Lilligant|45/100
|-start|p1a: Lilligant|move: Heal Block
|move|p1a: Lilligant|Alluring Voice|p2a: Brand
|-damage|p2a: Brand|1/100
|
|upkeep
|turn|18
|
|t:|1776090255
|move|p2a: Brand|Psychic Noise|p1a: Lilligant
|-damage|p1a: Lilligant|15/100
|move|p1a: Lilligant|Alluring Voice|p2a: Brand
|-damage|p2a: Brand|0 fnt
|faint|p2a: Brand
|
|-end|p1a: Lilligant|move: Heal Block
|upkeep
|
|t:|1776090265
|switch|p2a: Saturn|Volcanion|100/100
|turn|19
|
|t:|1776090269
|move|p2a: Saturn|Flamethrower|p1a: Lilligant
|-supereffective|p1a: Lilligant
|-damage|p1a: Lilligant|0 fnt
|faint|p1a: Lilligant
|
|upkeep
|
|t:|1776090280
|switch|p1a: Vikavolt|Vikavolt, M|100/100
|turn|20
|
|t:|1776090288
|move|p2a: Saturn|Flamethrower|p1a: Vikavolt
|-supereffective|p1a: Vikavolt
|-damage|p1a: Vikavolt|0 fnt
|faint|p1a: Vikavolt
|
|-fieldend|move: Trick Room
|upkeep
|
|t:|1776090301
|switch|p1a: Meowscarada|Meowscarada, F|100/100
|turn|21
|
|t:|1776090317
|move|p1a: Meowscarada|Shadow Claw|p2a: Saturn
|-start|p1a: Meowscarada|typechange|Ghost|[from] ability: Protean
|-damage|p2a: Saturn|76/100
|move|p2a: Saturn|Flamethrower|p1a: Meowscarada
|-damage|p1a: Meowscarada|4/100
|
|-heal|p1a: Meowscarada|10/100|[from] item: Leftovers
|upkeep
|turn|22
|
|t:|1776090329
|move|p1a: Meowscarada|Shadow Claw|p2a: Saturn
|-damage|p2a: Saturn|51/100
|move|p2a: Saturn|Flamethrower|p1a: Meowscarada
|-damage|p1a: Meowscarada|0 fnt
|faint|p1a: Meowscarada
|
|upkeep
|
|t:|1776090336
|switch|p1a: Ursaluna|Ursaluna, F|100/100
|turn|23
|
|t:|1776090341
|move|p1a: Ursaluna|Earthquake|p2a: Saturn
|-supereffective|p2a: Saturn
|-damage|p2a: Saturn|0 fnt
|faint|p2a: Saturn
|
|-status|p1a: Ursaluna|brn|[from] item: Flame Orb
|upkeep
|
|t:|1776090349
|switch|p2a: CASE|Iron Hands|100/100
|-enditem|p2a: CASE|Booster Energy
|-activate|p2a: CASE|ability: Quark Drive|[fromitem]
|-start|p2a: CASE|quarkdriveatk
|turn|24
|
|t:|1776090359
|move|p1a: Ursaluna|Earthquake|p2a: CASE
|-supereffective|p2a: CASE
|-damage|p2a: CASE|16/100
|move|p2a: CASE|Drain Punch|p1a: Ursaluna
|-supereffective|p1a: Ursaluna
|-damage|p1a: Ursaluna|3/100 brn
|-heal|p2a: CASE|55/100|[from] drain|[of] p1a: Ursaluna
|
|-damage|p1a: Ursaluna|0 fnt|[from] brn
|faint|p1a: Ursaluna
|upkeep
|
|t:|1776090369
|switch|p1a: Registeel|Registeel|100/100
|turn|25
|
|t:|1776090377
|move|p1a: Registeel|Earthquake|p2a: CASE
|-supereffective|p2a: CASE
|-damage|p2a: CASE|29/100
|move|p2a: CASE|Drain Punch|p1a: Registeel
|-supereffective|p1a: Registeel
|-damage|p1a: Registeel|28/100
|-heal|p2a: CASE|55/100|[from] drain|[of] p1a: Registeel
|
|-heal|p1a: Registeel|34/100|[from] item: Leftovers
|upkeep
|turn|26
|
|t:|1776090389
|move|p1a: Registeel|Earthquake|p2a: CASE
|-supereffective|p2a: CASE
|-damage|p2a: CASE|29/100
|move|p2a: CASE|Drain Punch|p1a: Registeel
|-supereffective|p1a: Registeel
|-damage|p1a: Registeel|0 fnt
|-heal|p2a: CASE|41/100|[from] drain|[of] p1a: Registeel
|faint|p1a: Registeel
|
|win|Glihdr
|raw|user795680's rating: 1194 &rarr; <strong>1171</strong><br />(-23 for losing)
|raw|Glihdr's rating: 1227 &rarr; <strong>1250</strong><br />(+23 for winning)
|c|☆user795680|GG
|l|☆user795680
|player|p1|
|l|☆Glihdr
|player|p2|
|j|☆Glihdr
|player|p2|Glihdr|101|
|l|☆Glihdr
|player|p2|
