|html|<div class="broadcast-blue"><strong>[Gen 9] OU is currently suspecting Tera Blast! For information on how to participate check out the <a href="https://www.smogon.com/tools/suspects/view/200">suspect thread</a>.</strong></div>
|j|☆Sharku412
|j|☆Afrojolote
|t:|1776042521
|gametype|singles
|player|p1|Sharku412|youngster|1059
|player|p2|Afrojolote|102|1106
|gen|9
|tier|[Gen 9] OU
|rated|
|rule|HP Percentage Mod: HP is shown in percentages
|rule|Endless Battle Clause: Forcing endless battles is banned
|rule|Species Clause: Limit one of each Pokémon
|rule|OHKO Clause: OHKO moves are banned
|rule|Evasion Items Clause: Evasion items are banned
|rule|Evasion Moves Clause: Evasion moves are banned
|rule|Evasion Abilities Clause: Evasion abilities are banned
|rule|Sleep Moves Clause: Sleep-inducing moves are banned
|clearpoke
|poke|p1|Tatsugiri, M|
|poke|p1|Blaziken, M|
|poke|p1|Garchomp, F|
|poke|p1|Lilligant-Hisui, F|
|poke|p1|Rotom-Wash|
|poke|p1|Hatterene, F|
|poke|p2|Yanmega, M|
|poke|p2|Pelipper, F|
|poke|p2|Sandy Shocks|
|poke|p2|Floatzel, M|
|poke|p2|Ogerpon-Wellspring, F|
|poke|p2|Iron Treads|
|teampreview
|inactive|Battle timer is ON: inactive players will automatically lose when time's up. (requested by Sharku412)
|
|t:|1776042565
|teamsize|p1|6
|teamsize|p2|6
|start
|switch|p1a: Rotom|Rotom-Wash|100/100
|switch|p2a: Yanmega|Yanmega, M, shiny|100/100
|turn|1
|
|t:|1776042573
|move|p2a: Yanmega|Protect|p2a: Yanmega
|-singleturn|p2a: Yanmega|Protect
|move|p1a: Rotom|Volt Switch|p2a: Yanmega
|-activate|p2a: Yanmega|move: Protect
|
|-ability|p2a: Yanmega|Speed Boost|boost
|-boost|p2a: Yanmega|spe|1
|upkeep
|turn|2
|
|t:|1776042584
|move|p2a: Yanmega|Giga Drain|p1a: Rotom
|-supereffective|p1a: Rotom
|-damage|p1a: Rotom|34/100
|move|p1a: Rotom|Volt Switch|p2a: Yanmega
|-supereffective|p2a: Yanmega
|-damage|p2a: Yanmega|0 fnt
|faint|p2a: Yanmega
|
|t:|1776042593
|switch|p1a: Blaziken|Blaziken, M|100/100|[from] Volt Switch
|
|upkeep
|
|t:|1776042609
|switch|p2a: Pelipper|Pelipper, F|100/100
|-weather|RainDance|[from] ability: Drizzle|[of] p2a: Pelipper
|turn|3
|
|t:|1776042626
|switch|p1a: Darwin|Tatsugiri, M|100/100
|move|p2a: Pelipper|U-turn|p1a: Darwin
|-damage|p1a: Darwin|85/100
|
|t:|1776042648
|switch|p2a: Ogerpon|Ogerpon-Wellspring, F|100/100|[from] U-turn
|
|-weather|RainDance|[upkeep]
|upkeep
|turn|4
|
|t:|1776042662
|move|p2a: Ogerpon|Knock Off|p1a: Darwin
|-damage|p1a: Darwin|17/100
|-enditem|p1a: Darwin|Focus Sash|[from] move: Knock Off|[of] p2a: Ogerpon
|move|p1a: Darwin|Nasty Plot|p1a: Darwin
|-boost|p1a: Darwin|spa|2
|
|-weather|RainDance|[upkeep]
|upkeep
|turn|5
|
|t:|1776042675
|move|p2a: Ogerpon|Brick Break|p1a: Darwin
|-damage|p1a: Darwin|0 fnt
|faint|p1a: Darwin
|
|-weather|RainDance|[upkeep]
|upkeep
|
|t:|1776042683
|switch|p1a: Hatterene|Hatterene, F|100/100
|turn|6
|
|t:|1776042687
|move|p2a: Ogerpon|Knock Off|p1a: Hatterene
|-damage|p1a: Hatterene|60/100
|-enditem|p1a: Hatterene|Babiri Berry|[from] move: Knock Off|[of] p2a: Ogerpon
|move|p1a: Hatterene|Trick Room|p1a: Hatterene
|-fieldstart|move: Trick Room|[of] p1a: Hatterene
|
|-weather|RainDance|[upkeep]
|upkeep
|turn|7
|
|t:|1776042700
|move|p1a: Hatterene|Psyshock|p2a: Ogerpon
|-damage|p2a: Ogerpon|38/100
|move|p2a: Ogerpon|Ivy Cudgel|p1a: Hatterene|[anim] Ivy Cudgel Water
|-damage|p1a: Hatterene|0 fnt
|faint|p1a: Hatterene
|
|-weather|RainDance|[upkeep]
|upkeep
|
|t:|1776042715
|switch|p1a: Blaziken|Blaziken, M|100/100
|turn|8
|
|t:|1776042726
|switch|p2a: Floatzel|Floatzel, M|100/100
|move|p1a: Blaziken|Low Kick|p2a: Floatzel
|-damage|p2a: Floatzel|43/100
|
|-weather|RainDance|[upkeep]
|-ability|p1a: Blaziken|Speed Boost|boost
|-boost|p1a: Blaziken|spe|1
|upkeep
|turn|9
|
|t:|1776042742
|move|p2a: Floatzel|Aqua Jet|p1a: Blaziken
|-supereffective|p1a: Blaziken
|-enditem|p1a: Blaziken|Focus Sash
|-damage|p1a: Blaziken|1/100
|move|p1a: Blaziken|Stone Edge|p2a: Floatzel
|-damage|p2a: Floatzel|0 fnt
|faint|p2a: Floatzel
|
|-weather|RainDance|[upkeep]
|-ability|p1a: Blaziken|Speed Boost|boost
|-boost|p1a: Blaziken|spe|1
|upkeep
|inactive|Afrojolote has 120 seconds left.
|
|t:|1776042783
|switch|p2a: Iron Treads|Iron Treads|100/100
|turn|10
|
|t:|1776042794
|move|p2a: Iron Treads|Rapid Spin|p1a: Blaziken
|-damage|p1a: Blaziken|0 fnt
|-boost|p2a: Iron Treads|spe|1
|faint|p1a: Blaziken
|
|-weather|none
|-fieldend|move: Trick Room
|upkeep
|
|t:|1776042803
|switch|p1a: Lilligant|Lilligant-Hisui, F|100/100
|turn|11
|
|t:|1776042824
|move|p2a: Iron Treads|Knock Off|p1a: Lilligant
|-resisted|p1a: Lilligant
|-damage|p1a: Lilligant|77/100
|-enditem|p1a: Lilligant|Life Orb|[from] move: Knock Off|[of] p2a: Iron Treads
|move|p1a: Lilligant|Triple Axel|p2a: Iron Treads
|-damage|p2a: Iron Treads|94/100
|-damage|p2a: Iron Treads|81/100
|-hitcount|p2a: Iron Treads|2
|
|-heal|p2a: Iron Treads|87/100|[from] item: Leftovers
|upkeep
|turn|12
|inactive|Afrojolote has 90 seconds left.
|
|t:|1776042857
|move|p2a: Iron Treads|Knock Off|p1a: Lilligant
|-resisted|p1a: Lilligant
|-damage|p1a: Lilligant|61/100
|move|p1a: Lilligant|Triple Axel|p2a: Iron Treads
|-damage|p2a: Iron Treads|81/100
|-damage|p2a: Iron Treads|69/100
|-damage|p2a: Iron Treads|52/100
|-hitcount|p2a: Iron Treads|3
|
|-heal|p2a: Iron Treads|58/100|[from] item: Leftovers
|upkeep
|turn|13
|inactive|Sharku412 has 120 seconds left.
|
|t:|1776042877
|move|p2a: Iron Treads|Earthquake|p1a: Lilligant
|-resisted|p1a: Lilligant
|-damage|p1a: Lilligant|25/100
|move|p1a: Lilligant|Triple Axel|p2a: Iron Treads
|-damage|p2a: Iron Treads|53/100
|-damage|p2a: Iron Treads|39/100
|-hitcount|p2a: Iron Treads|2
|
|-heal|p2a: Iron Treads|46/100|[from] item: Leftovers
|upkeep
|turn|14
|inactive|Sharku412 has 120 seconds left.
|inactive|Afrojolote has 90 seconds left.
|
|t:|1776042900
|move|p2a: Iron Treads|Earthquake|p1a: Lilligant
|-resisted|p1a: Lilligant
|-damage|p1a: Lilligant|0 fnt
|faint|p1a: Lilligant
|
|-heal|p2a: Iron Treads|52/100|[from] item: Leftovers
|upkeep
|
|t:|1776042906
|switch|p1a: Garchomp|Garchomp, F|100/100
|turn|15
|
|t:|1776042914
|move|p2a: Iron Treads|Knock Off|p1a: Garchomp
|-damage|p1a: Garchomp|72/100
|-damage|p2a: Iron Treads|39/100|[from] ability: Rough Skin|[of] p1a: Garchomp
|-enditem|p1a: Garchomp|Life Orb|[from] move: Knock Off|[of] p2a: Iron Treads
|move|p1a: Garchomp|Swords Dance|p1a: Garchomp
|-boost|p1a: Garchomp|atk|2
|
|-heal|p2a: Iron Treads|46/100|[from] item: Leftovers
|upkeep
|turn|16
|inactive|Afrojolote has 90 seconds left.
|
|t:|1776042927
|move|p2a: Iron Treads|Earthquake|p1a: Garchomp
|-damage|p1a: Garchomp|25/100
|move|p1a: Garchomp|Earthquake|p2a: Iron Treads
|-supereffective|p2a: Iron Treads
|-crit|p2a: Iron Treads
|-damage|p2a: Iron Treads|0 fnt
|faint|p2a: Iron Treads
|-end|p2a: Iron Treads|Quark Drive|[silent]
|
|upkeep
|
|t:|1776042934
|switch|p2a: Pelipper|Pelipper, F|100/100
|-weather|RainDance|[from] ability: Drizzle|[of] p2a: Pelipper
|turn|17
|
|t:|1776042941
|move|p1a: Garchomp|Outrage|p2a: Pelipper
|-damage|p2a: Pelipper|0 fnt
|faint|p2a: Pelipper
|
|-weather|RainDance|[upkeep]
|upkeep
|
|t:|1776042945
|switch|p2a: Ogerpon|Ogerpon-Wellspring, F|38/100
|turn|18
|
|t:|1776042961
|move|p2a: Ogerpon|Horn Leech|p1a: Garchomp
|-crit|p1a: Garchomp
|-damage|p1a: Garchomp|0 fnt
|-heal|p2a: Ogerpon|53/100|[from] drain|[of] p1a: Garchomp
|-damage|p2a: Ogerpon|40/100|[from] ability: Rough Skin|[of] p1a: Garchomp
|faint|p1a: Garchomp
|
|-weather|RainDance|[upkeep]
|upkeep
|
|t:|1776042973
|switch|p1a: Rotom|Rotom-Wash|34/100
|turn|19
|
|t:|1776042985
|move|p1a: Rotom|Trick||[still]
|-fail|p1a: Rotom
|move|p2a: Ogerpon|Horn Leech|p1a: Rotom
|-supereffective|p1a: Rotom
|-damage|p1a: Rotom|0 fnt
|-heal|p2a: Ogerpon|54/100|[from] drain|[of] p1a: Rotom
|faint|p1a: Rotom
|
|win|Afrojolote
|raw|Sharku412's rating: 1059 &rarr; <strong>1043</strong><br />(-16 for losing)
|raw|Afrojolote's rating: 1106 &rarr; <strong>1128</strong><br />(+22 for winning)
|l|☆Afrojolote
|player|p2|
