|html|<div class="broadcast-blue"><strong>[Gen 9] OU is currently suspecting Tera Blast! For information on how to participate check out the <a href="https://www.smogon.com/tools/suspects/view/200">suspect thread</a>.</strong></div>
|j|☆666120y
|j|‽goyboy911
|t:|1776079337
|gametype|singles
|player|p1|666120y|265|1244
|player|p2|goyboy911|steven|1184
|gen|9
|tier|[Gen 9] OU
|rated|
|rule|HP Percentage Mod: HP is shown in percentages
|rule|Endless Battle Clause: Forcing endless battles is banned
|rule|Species Clause: Limit one of each Pokémon
|rule|OHKO Clause: OHKO moves are banned
|rule|Evasion Items Clause: Evasion items are banned
|rule|Evasion Moves Clause: Evasion moves are banned
|rule|Evasion Abilities Clause: Evasion abilities are banned
|rule|Sleep Moves Clause: Sleep-inducing moves are banned
|clearpoke
|poke|p1|Alomomola, F|
|poke|p1|Cinccino, M|
|poke|p1|Kingambit, F|
|poke|p1|Garchomp, F|
|poke|p1|Iron Valiant|
|poke|p1|Gliscor, F|
|poke|p2|Blaziken, M|
|poke|p2|Azumarill, M|
|poke|p2|Gardevoir, F|
|poke|p2|Eelektross, M|
|poke|p2|Lucario, M|
|poke|p2|Krookodile, F|
|teampreview
|inactive|Battle timer is ON: inactive players will automatically lose when time's up. (requested by goyboy911)
|
|t:|1776079353
|teamsize|p1|6
|teamsize|p2|6
|start
|switch|p1a: Gliscor|Gliscor, F, shiny|100/100
|switch|p2a: Azumarill|Azumarill, M|100/100
|turn|1
|
|t:|1776079360
|move|p1a: Gliscor|Toxic|p2a: Azumarill
|-status|p2a: Azumarill|tox
|move|p2a: Azumarill|Waterfall|p1a: Gliscor
|-supereffective|p1a: Gliscor
|-damage|p1a: Gliscor|21/100
|
|-damage|p2a: Azumarill|94/100 tox|[from] psn
|-status|p1a: Gliscor|tox|[from] item: Toxic Orb
|upkeep
|turn|2
|
|t:|1776079366
|move|p1a: Gliscor|Protect|p1a: Gliscor
|-singleturn|p1a: Gliscor|Protect
|move|p2a: Azumarill|Waterfall|p1a: Gliscor
|-activate|p1a: Gliscor|move: Protect
|
|-heal|p1a: Gliscor|33/100 tox|[from] ability: Poison Heal
|-damage|p2a: Azumarill|82/100 tox|[from] psn
|upkeep
|turn|3
|
|t:|1776079371
|switch|p1a: Alomomola|Alomomola, F|100/100
|move|p2a: Azumarill|Ice Spinner|p1a: Alomomola
|-resisted|p1a: Alomomola
|-damage|p1a: Alomomola|92/100
|
|-damage|p2a: Azumarill|64/100 tox|[from] psn
|upkeep
|turn|4
|
|t:|1776079378
|switch|p2a: Eelektross|Eelektross, M|100/100
|move|p1a: Alomomola|Flip Turn|p2a: Eelektross
|-damage|p2a: Eelektross|84/100
|
|t:|1776079381
|switch|p1a: Garchomp|Garchomp, F|100/100|[from] Flip Turn
|
|upkeep
|turn|5
|
|t:|1776079392
|move|p1a: Garchomp|Substitute|p1a: Garchomp
|-start|p1a: Garchomp|Substitute
|-damage|p1a: Garchomp|76/100
|move|p2a: Eelektross|Fire Punch|p1a: Garchomp
|-resisted|p1a: Garchomp
|-activate|p1a: Garchomp|move: Substitute|[damage]
|
|upkeep
|turn|6
|
|t:|1776079399
|move|p1a: Garchomp|Swords Dance|p1a: Garchomp
|-boost|p1a: Garchomp|atk|2
|move|p2a: Eelektross|Fire Punch|p1a: Garchomp
|-resisted|p1a: Garchomp
|-end|p1a: Garchomp|Substitute
|
|upkeep
|turn|7
|
|t:|1776079402
|move|p1a: Garchomp|Substitute|p1a: Garchomp
|-start|p1a: Garchomp|Substitute
|-damage|p1a: Garchomp|51/100
|move|p2a: Eelektross|Fire Punch|p1a: Garchomp
|-resisted|p1a: Garchomp
|-activate|p1a: Garchomp|move: Substitute|[damage]
|
|upkeep
|turn|8
|
|t:|1776079406
|move|p1a: Garchomp|Scale Shot|p2a: Eelektross
|-damage|p2a: Eelektross|58/100
|-damage|p2a: Eelektross|31/100
|-damage|p2a: Eelektross|3/100
|-damage|p2a: Eelektross|0 fnt
|faint|p2a: Eelektross
|-hitcount|p2: Eelektross|4
|-unboost|p1a: Garchomp|def|1
|-boost|p1a: Garchomp|spe|1
|
|upkeep
|
|t:|1776079414
|switch|p2a: Azumarill|Azumarill, M|64/100 tox
|turn|9
|
|t:|1776079417
|move|p2a: Azumarill|Aqua Jet|p1a: Garchomp
|-end|p1a: Garchomp|Substitute
|move|p1a: Garchomp|Earthquake|p2a: Azumarill
|-damage|p2a: Azumarill|0 fnt
|faint|p2a: Azumarill
|
|upkeep
|
|t:|1776079420
|switch|p2a: Gardevoir|Gardevoir, F|100/100
|turn|10
|
|t:|1776079426
|move|p1a: Garchomp|Earthquake|p2a: Gardevoir
|-damage|p2a: Gardevoir|0 fnt
|faint|p2a: Gardevoir
|
|upkeep
|
|t:|1776079431
|switch|p2a: Krookodile|Krookodile, F|100/100
|turn|11
|
|t:|1776079436
|move|p1a: Garchomp|Scale Shot|p2a: Krookodile
|-damage|p2a: Krookodile|68/100
|-damage|p2a: Krookodile|39/100
|-damage|p2a: Krookodile|10/100
|-damage|p2a: Krookodile|0 fnt
|faint|p2a: Krookodile
|-hitcount|p2: Krookodile|4
|-unboost|p1a: Garchomp|def|1
|-boost|p1a: Garchomp|spe|1
|
|upkeep
|
|t:|1776079439
|switch|p2a: Blaziken|Blaziken, M, shiny|100/100
|turn|12
|
|t:|1776079443
|move|p2a: Blaziken|Protect|p2a: Blaziken
|-singleturn|p2a: Blaziken|Protect
|move|p1a: Garchomp|Scale Shot|p2a: Blaziken
|-activate|p2a: Blaziken|move: Protect
|
|-ability|p2a: Blaziken|Speed Boost|boost
|-boost|p2a: Blaziken|spe|1
|upkeep
|turn|13
|
|t:|1776079446
|move|p1a: Garchomp|Scale Shot|p2a: Blaziken
|-damage|p2a: Blaziken|63/100
|-damage|p2a: Blaziken|21/100
|-damage|p2a: Blaziken|0 fnt
|faint|p2a: Blaziken
|-hitcount|p2: Blaziken|3
|-unboost|p1a: Garchomp|def|1
|-boost|p1a: Garchomp|spe|1
|
|upkeep
|
|t:|1776079452
|switch|p2a: Lucario|Lucario, M|100/100
|turn|14
|
|t:|1776079456
|-terastallize|p2a: Lucario|Ghost
|move|p1a: Garchomp|Earthquake|p2a: Lucario
|-damage|p2a: Lucario|0 fnt
|faint|p2a: Lucario
|
|win|666120y
|raw|666120y's rating: 1244 &rarr; <strong>1265</strong><br />(+21 for winning)
|raw|goyboy911's rating: 1184 &rarr; <strong>1163</strong><br />(-21 for losing)
|l|‽goyboy911
|player|p2|
|l|☆666120y
|player|p1|
