|html|<div class="broadcast-blue"><strong>[Gen 9] OU is currently suspecting Tera Blast! For information on how to participate check out the <a href="https://www.smogon.com/tools/suspects/view/200">suspect thread</a>.</strong></div>
|j|‽khel
|j|☆TristanPlaysPKMN
|t:|1776039603
|gametype|singles
|player|p1|khel|1|1248
|player|p2|TristanPlaysPKMN|ghetsis|1226
|gen|9
|tier|[Gen 9] OU
|rated|
|rule|HP Percentage Mod: HP is shown in percentages
|rule|Endless Battle Clause: Forcing endless battles is banned
|rule|Species Clause: Limit one of each Pokémon
|rule|OHKO Clause: OHKO moves are banned
|rule|Evasion Items Clause: Evasion items are banned
|rule|Evasion Moves Clause: Evasion moves are banned
|rule|Evasion Abilities Clause: Evasion abilities are banned
|rule|Sleep Moves Clause: Sleep-inducing moves are banned
|clearpoke
|poke|p1|Glimmora, F|
|poke|p1|Gholdengo|
|poke|p1|Zapdos-Galar|
|poke|p1|Great Tusk|
|poke|p1|Arcanine-Hisui, F|
|poke|p1|Dragonite, M|
|poke|p2|Gogoat, M|
|poke|p2|Ceruledge, M|
|poke|p2|Raging Bolt|
|poke|p2|Garganacl, F|
|poke|p2|Araquanid, M|
|poke|p2|Braviary-Hisui, M|
|teampreview
|inactive|Battle timer is ON: inactive players will automatically lose when time's up. (requested by khel)
|inactive|TristanPlaysPKMN also wants the timer to be on.
|inactive|khel has 120 seconds left.
|inactive|khel has 90 seconds left.
|
|t:|1776039676
|teamsize|p1|6
|teamsize|p2|6
|start
|switch|p1a: Glimmora|Glimmora, F|100/100
|switch|p2a: Plip|Araquanid, M, shiny|100/100
|turn|1
|
|t:|1776039682
|move|p1a: Glimmora|Stealth Rock|p2a: Plip
|-sidestart|p2: TristanPlaysPKMN|move: Stealth Rock
|move|p2a: Plip|Sticky Web|p1a: Glimmora
|-sidestart|p1: khel|move: Sticky Web
|
|upkeep
|turn|2
|
|t:|1776039685
|move|p1a: Glimmora|Spikes|p2a: Plip
|-sidestart|p2: TristanPlaysPKMN|Spikes
|move|p2a: Plip|Surf|p1a: Glimmora
|-supereffective|p1a: Glimmora
|-enditem|p1a: Glimmora|Focus Sash
|-damage|p1a: Glimmora|1/100
|
|upkeep
|turn|3
|inactive|khel has 120 seconds left.
|
|t:|1776039740
|move|p1a: Glimmora|Spikes|p2a: Plip
|-sidestart|p2: TristanPlaysPKMN|Spikes
|move|p2a: Plip|Surf|p1a: Glimmora
|-supereffective|p1a: Glimmora
|-damage|p1a: Glimmora|0 fnt
|faint|p1a: Glimmora
|
|upkeep
|
|t:|1776039743
|switch|p1a: Zapdos|Zapdos-Galar|100/100
|turn|4
|
|t:|1776039749
|move|p2a: Plip|Endure|p2a: Plip
|-singleturn|p2a: Plip|move: Endure
|move|p1a: Zapdos|Brave Bird|p2a: Plip
|-supereffective|p2a: Plip
|-activate|p2a: Plip|move: Endure
|-damage|p2a: Plip|1/100
|-damage|p1a: Zapdos|66/100|[from] Recoil
|
|upkeep
|turn|5
|-enditem|p2a: Plip|Custap Berry|[eat]
|-activate|p2a: Plip|item: Custap Berry|[consumed]
|
|t:|1776039756
|move|p2a: Plip|Endeavor|p1a: Zapdos
|-damage|p1a: Zapdos|1/100
|move|p1a: Zapdos|Brave Bird|p2a: Plip
|-supereffective|p2a: Plip
|-damage|p2a: Plip|0 fnt
|faint|p2a: Plip
|-damage|p1a: Zapdos|0 fnt|[from] Recoil
|faint|p1a: Zapdos
|
|upkeep
|
|t:|1776039768
|switch|p1a: Great Tusk|Great Tusk|100/100
|switch|p2a: Espiary|Braviary-Hisui, M, shiny|100/100
|-activate|p1a: Great Tusk|move: Sticky Web
|-unboost|p1a: Great Tusk|spe|1
|-damage|p2a: Espiary|76/100|[from] Stealth Rock
|turn|6
|
|t:|1776039773
|move|p2a: Espiary|Calm Mind|p2a: Espiary
|-boost|p2a: Espiary|spa|1
|-boost|p2a: Espiary|spd|1
|move|p1a: Great Tusk|Rapid Spin|p2a: Espiary
|-damage|p2a: Espiary|45/100
|-boost|p1a: Great Tusk|spe|1
|-sideend|p1: khel|Sticky Web|[from] move: Rapid Spin|[of] p1a: Great Tusk
|-damage|p1a: Great Tusk|91/100|[from] item: Life Orb
|
|-heal|p2a: Espiary|51/100|[from] item: Leftovers
|upkeep
|turn|7
|
|t:|1776039782
|move|p1a: Great Tusk|Knock Off|p2a: Espiary
|-supereffective|p2a: Espiary
|-damage|p2a: Espiary|0 fnt
|-enditem|p2a: Espiary|Leftovers|[from] move: Knock Off|[of] p1a: Great Tusk
|faint|p2a: Espiary
|-damage|p1a: Great Tusk|81/100|[from] item: Life Orb
|
|upkeep
|c|☆TristanPlaysPKMN|:(
|
|t:|1776039791
|switch|p2a: THE GOAT|Gogoat, M, shiny|100/100
|-damage|p2a: THE GOAT|88/100|[from] Stealth Rock
|-damage|p2a: THE GOAT|71/100|[from] Spikes
|turn|8
|
|t:|1776039802
|move|p1a: Great Tusk|Close Combat|p2a: THE GOAT
|-damage|p2a: THE GOAT|0 fnt
|-unboost|p1a: Great Tusk|def|1
|-unboost|p1a: Great Tusk|spd|1
|faint|p2a: THE GOAT
|-damage|p1a: Great Tusk|71/100|[from] item: Life Orb
|
|upkeep
|c|☆TristanPlaysPKMN|:(
|
|t:|1776039813
|switch|p2a: TargetOfAffection|Raging Bolt|100/100
|-damage|p2a: TargetOfAffection|88/100|[from] Stealth Rock
|-damage|p2a: TargetOfAffection|72/100|[from] Spikes
|-enditem|p2a: TargetOfAffection|Booster Energy
|-activate|p2a: TargetOfAffection|ability: Protosynthesis|[fromitem]
|-start|p2a: TargetOfAffection|protosynthesisspa
|turn|9
|
|t:|1776039819
|-terastallize|p2a: TargetOfAffection|Fairy
|move|p1a: Great Tusk|Headlong Rush|p2a: TargetOfAffection
|-damage|p2a: TargetOfAffection|0 fnt
|-unboost|p1a: Great Tusk|def|1
|-unboost|p1a: Great Tusk|spd|1
|faint|p2a: TargetOfAffection
|-end|p2a: TargetOfAffection|Protosynthesis|[silent]
|-damage|p1a: Great Tusk|61/100|[from] item: Life Orb
|
|upkeep
|-message|TristanPlaysPKMN forfeited.
|
|win|khel
|raw|khel's rating: 1248 &rarr; <strong>1271</strong><br />(+23 for winning)
|raw|TristanPlaysPKMN's rating: 1226 &rarr; <strong>1203</strong><br />(-23 for losing)
|l|☆TristanPlaysPKMN
|player|p2|
|l|‽khel
|player|p1|
