|html|<div class="broadcast-blue"><strong>[Gen 9] OU is currently suspecting Tera Blast! For information on how to participate check out the <a href="https://www.smogon.com/tools/suspects/view/200">suspect thread</a>.</strong></div>
|j|‽rank 1 greninja
|j|☆Garlicmantuff2
|t:|1776143525
|gametype|singles
|player|p1|rank 1 greninja|170|1423
|player|p2|Garlicmantuff2|roxie|1453
|gen|9
|tier|[Gen 9] OU
|rated|
|rule|HP Percentage Mod: HP is shown in percentages
|rule|Endless Battle Clause: Forcing endless battles is banned
|rule|Species Clause: Limit one of each Pokémon
|rule|OHKO Clause: OHKO moves are banned
|rule|Evasion Items Clause: Evasion items are banned
|rule|Evasion Moves Clause: Evasion moves are banned
|rule|Evasion Abilities Clause: Evasion abilities are banned
|rule|Sleep Moves Clause: Sleep-inducing moves are banned
|clearpoke
|poke|p1|Pelipper, M|
|poke|p1|Tornadus-Therian, M|
|poke|p1|Barraskewda, M|
|poke|p1|Iron Treads|
|poke|p1|Ogerpon-Wellspring, F|
|poke|p1|Bronzong|
|poke|p2|Zapdos-Galar|
|poke|p2|Raging Bolt|
|poke|p2|Primarina, F|
|poke|p2|Landorus-Therian, M|
|poke|p2|Iron Treads|
|poke|p2|Darkrai|
|teampreview
|inactive|Battle timer is ON: inactive players will automatically lose when time's up. (requested by rank 1 greninja)
|
|t:|1776143541
|teamsize|p1|6
|teamsize|p2|6
|start
|switch|p1a: Pelipper|Pelipper, M|100/100
|switch|p2a: Landorus|Landorus-Therian, M|100/100
|-ability|p2a: Landorus|Intimidate|boost
|-unboost|p1a: Pelipper|atk|1
|-weather|RainDance|[from] ability: Drizzle|[of] p1a: Pelipper
|turn|1
|
|t:|1776143557
|switch|p2a: Primarina|Primarina, F|100/100
|move|p1a: Pelipper|U-turn|p2a: Primarina
|-resisted|p2a: Primarina
|-damage|p2a: Primarina|97/100
|
|t:|1776143565
|switch|p1a: Iron Treads|Iron Treads|100/100|[from] U-turn
|
|-weather|RainDance|[upkeep]
|upkeep
|turn|2
|
|t:|1776143572
|move|p1a: Iron Treads|Volt Switch|p2a: Primarina
|-supereffective|p2a: Primarina
|-damage|p2a: Primarina|87/100
|
|t:|1776143575
|-end|p1a: Iron Treads|Quark Drive|[silent]
|switch|p1a: Ogerpon|Ogerpon-Wellspring, F|100/100|[from] Volt Switch
|move|p2a: Primarina|Surf|p1a: Ogerpon
|-immune|p1a: Ogerpon|[from] ability: Water Absorb
|
|-weather|RainDance|[upkeep]
|upkeep
|turn|3
|
|t:|1776143586
|switch|p2a: Raging Bolt|Raging Bolt|100/100
|-enditem|p2a: Raging Bolt|Booster Energy
|-activate|p2a: Raging Bolt|ability: Protosynthesis|[fromitem]
|-start|p2a: Raging Bolt|protosynthesisspa
|move|p1a: Ogerpon|Spikes|p2a: Raging Bolt
|-sidestart|p2: Garlicmantuff2|Spikes
|
|-weather|RainDance|[upkeep]
|upkeep
|turn|4
|
|t:|1776143597
|move|p1a: Ogerpon|U-turn|p2a: Raging Bolt
|-damage|p2a: Raging Bolt|76/100
|
|t:|1776143600
|switch|p1a: Iron Treads|Iron Treads|100/100|[from] U-turn
|move|p2a: Raging Bolt|Dragon Pulse|p1a: Iron Treads
|-resisted|p1a: Iron Treads
|-damage|p1a: Iron Treads|82/100
|
|-weather|RainDance|[upkeep]
|upkeep
|turn|5
|
|t:|1776143614
|-end|p1a: Iron Treads|Quark Drive|[silent]
|switch|p1a: Bronzong|Bronzong|100/100
|-end|p2a: Raging Bolt|Protosynthesis|[silent]
|switch|p2a: Landorus|Landorus-Therian, M|100/100
|-ability|p2a: Landorus|Intimidate|boost
|-unboost|p1a: Bronzong|atk|1
|
|-weather|RainDance|[upkeep]
|upkeep
|turn|6
|
|t:|1776143621
|move|p2a: Landorus|Stealth Rock|p1a: Bronzong
|-sidestart|p1: rank 1 greninja|move: Stealth Rock
|move|p1a: Bronzong|Weather Ball|p2a: Landorus
|-supereffective|p2a: Landorus
|-damage|p2a: Landorus|0 fnt
|faint|p2a: Landorus
|
|-weather|RainDance|[upkeep]
|upkeep
|
|t:|1776143629
|switch|p2a: Darkrai|Darkrai|100/100
|-damage|p2a: Darkrai|88/100|[from] Spikes
|turn|7
|
|t:|1776143638
|-terastallize|p1a: Bronzong|Fairy
|move|p2a: Darkrai|Dark Pulse|p1a: Bronzong
|-resisted|p1a: Bronzong
|-damage|p1a: Bronzong|80/100
|move|p1a: Bronzong|Body Press|p2a: Darkrai
|-supereffective|p2a: Darkrai
|-damage|p2a: Darkrai|28/100
|
|-weather|RainDance|[upkeep]
|-heal|p1a: Bronzong|86/100|[from] item: Leftovers
|upkeep
|turn|8
|
|t:|1776143651
|switch|p2a: Primarina|Primarina, F|87/100
|-damage|p2a: Primarina|75/100|[from] Spikes
|move|p1a: Bronzong|Weather Ball|p2a: Primarina
|-resisted|p2a: Primarina
|-damage|p2a: Primarina|66/100
|
|-weather|none
|-heal|p1a: Bronzong|93/100|[from] item: Leftovers
|upkeep
|turn|9
|
|t:|1776143661
|switch|p1a: Iron Treads|Iron Treads|82/100
|-damage|p1a: Iron Treads|79/100|[from] Stealth Rock
|move|p2a: Primarina|Moonblast|p1a: Iron Treads
|-resisted|p1a: Iron Treads
|-damage|p1a: Iron Treads|68/100
|-unboost|p1a: Iron Treads|spa|1
|
|upkeep
|turn|10
|
|t:|1776143669
|move|p1a: Iron Treads|Rapid Spin|p2a: Primarina
|-damage|p2a: Primarina|51/100
|-boost|p1a: Iron Treads|spe|1
|-sideend|p1: rank 1 greninja|Stealth Rock|[from] move: Rapid Spin|[of] p1a: Iron Treads
|move|p2a: Primarina|Surf|p1a: Iron Treads
|-supereffective|p1a: Iron Treads
|-damage|p1a: Iron Treads|29/100
|
|upkeep
|turn|11
|
|t:|1776143678
|move|p1a: Iron Treads|Volt Switch|p2a: Primarina
|-supereffective|p2a: Primarina
|-damage|p2a: Primarina|44/100
|
|t:|1776143681
|-end|p1a: Iron Treads|Quark Drive|[silent]
|switch|p1a: Pelipper|Pelipper, M|100/100|[from] Volt Switch
|-weather|RainDance|[from] ability: Drizzle|[of] p1a: Pelipper
|move|p2a: Primarina|Psychic Noise|p1a: Pelipper
|-damage|p1a: Pelipper|73/100
|-start|p1a: Pelipper|move: Heal Block
|
|-weather|RainDance|[upkeep]
|upkeep
|turn|12
|
|t:|1776143694
|move|p2a: Primarina|Moonblast|p1a: Pelipper
|-damage|p1a: Pelipper|12/100
|move|p1a: Pelipper|U-turn|p2a: Primarina
|-resisted|p2a: Primarina
|-damage|p2a: Primarina|39/100
|
|t:|1776143701
|switch|p1a: Ogerpon|Ogerpon-Wellspring, F|100/100|[from] U-turn
|
|-weather|RainDance|[upkeep]
|upkeep
|turn|13
|inactive|Garlicmantuff2 has 120 seconds left.
|
|t:|1776143735
|switch|p2a: Raging Bolt|Raging Bolt|76/100
|-damage|p2a: Raging Bolt|63/100|[from] Spikes
|move|p1a: Ogerpon|Trailblaze|p2a: Raging Bolt
|-resisted|p2a: Raging Bolt
|-damage|p2a: Raging Bolt|50/100
|-boost|p1a: Ogerpon|spe|1
|
|-weather|RainDance|[upkeep]
|upkeep
|turn|14
|inactive|Garlicmantuff2 has 120 seconds left.
|
|t:|1776143748
|move|p1a: Ogerpon|Ivy Cudgel|p2a: Raging Bolt|[anim] Ivy Cudgel Water
|-resisted|p2a: Raging Bolt
|-damage|p2a: Raging Bolt|9/100
|move|p2a: Raging Bolt|Calm Mind|p2a: Raging Bolt
|-boost|p2a: Raging Bolt|spa|1
|-boost|p2a: Raging Bolt|spd|1
|
|-weather|RainDance|[upkeep]
|upkeep
|turn|15
|
|t:|1776143755
|move|p2a: Raging Bolt|Thunderclap||[still]
|-fail|p2a: Raging Bolt
|move|p1a: Ogerpon|Spikes|p2a: Raging Bolt
|-sidestart|p2: Garlicmantuff2|Spikes
|
|-weather|RainDance|[upkeep]
|upkeep
|turn|16
|
|t:|1776143760
|move|p2a: Raging Bolt|Thunderclap||[still]
|-fail|p2a: Raging Bolt
|move|p1a: Ogerpon|Spikes|p2a: Raging Bolt
|-sidestart|p2: Garlicmantuff2|Spikes
|
|-weather|RainDance|[upkeep]
|upkeep
|turn|17
|
|t:|1776143765
|move|p2a: Raging Bolt|Thunderclap|p1a: Ogerpon
|-damage|p1a: Ogerpon|25/100
|move|p1a: Ogerpon|U-turn|p2a: Raging Bolt
|-damage|p2a: Raging Bolt|0 fnt
|faint|p2a: Raging Bolt
|-end|p2a: Raging Bolt|Protosynthesis|[silent]
|
|t:|1776143770
|switch|p1a: Barraskewda|Barraskewda, M|100/100|[from] U-turn
|
|-weather|RainDance|[upkeep]
|upkeep
|
|t:|1776143787
|switch|p2a: Darkrai|Darkrai|28/100
|-damage|p2a: Darkrai|3/100|[from] Spikes
|turn|18
|
|t:|1776143792
|move|p1a: Barraskewda|Flip Turn|p2a: Darkrai
|-damage|p2a: Darkrai|0 fnt
|faint|p2a: Darkrai
|
|t:|1776143800
|switch|p1a: Ogerpon|Ogerpon-Wellspring, F|25/100|[from] Flip Turn
|
|-weather|none
|upkeep
|
|t:|1776143806
|switch|p2a: Zapdos|Zapdos-Galar|100/100
|turn|19
|
|t:|1776143815
|move|p1a: Ogerpon|U-turn|p2a: Zapdos
|-resisted|p2a: Zapdos
|-damage|p2a: Zapdos|92/100
|
|t:|1776143817
|switch|p1a: Pelipper|Pelipper, M|12/100|[from] U-turn
|-weather|RainDance|[from] ability: Drizzle|[of] p1a: Pelipper
|move|p2a: Zapdos|Thunderous Kick|p1a: Pelipper
|-resisted|p1a: Pelipper
|-damage|p1a: Pelipper|0 fnt
|faint|p1a: Pelipper
|
|-weather|RainDance|[upkeep]
|upkeep
|
|t:|1776143820
|switch|p1a: Barraskewda|Barraskewda, M|100/100
|turn|20
|
|t:|1776143836
|move|p1a: Barraskewda|Liquidation|p2a: Zapdos
|-damage|p2a: Zapdos|0 fnt
|faint|p2a: Zapdos
|
|-weather|RainDance|[upkeep]
|upkeep
|
|t:|1776143841
|switch|p2a: Primarina|Primarina, F|39/100
|-damage|p2a: Primarina|14/100|[from] Spikes
|turn|21
|
|t:|1776143845
|move|p1a: Barraskewda|Liquidation|p2a: Primarina
|-resisted|p2a: Primarina
|-damage|p2a: Primarina|0 fnt
|faint|p2a: Primarina
|
|-weather|RainDance|[upkeep]
|upkeep
|-message|Garlicmantuff2 forfeited.
|
|win|rank 1 greninja
|raw|rank 1 greninja's rating: 1423 &rarr; <strong>1445</strong><br />(+22 for winning)
|raw|Garlicmantuff2's rating: 1453 &rarr; <strong>1431</strong><br />(-22 for losing)
|l|☆Garlicmantuff2
|player|p2|
