|html|<div class="broadcast-blue"><strong>[Gen 9] OU is currently suspecting Tera Blast! For information on how to participate check out the <a href="https://www.smogon.com/tools/suspects/view/200">suspect thread</a>.</strong></div>
|j|☆ikigai road 34
|j|☆AlphaDreams
|t:|1776076726
|gametype|singles
|player|p1|ikigai road 34|266|1251
|player|p2|AlphaDreams|caitlin|1300
|gen|9
|tier|[Gen 9] OU
|rated|
|rule|HP Percentage Mod: HP is shown in percentages
|rule|Endless Battle Clause: Forcing endless battles is banned
|rule|Species Clause: Limit one of each Pokémon
|rule|OHKO Clause: OHKO moves are banned
|rule|Evasion Items Clause: Evasion items are banned
|rule|Evasion Moves Clause: Evasion moves are banned
|rule|Evasion Abilities Clause: Evasion abilities are banned
|rule|Sleep Moves Clause: Sleep-inducing moves are banned
|clearpoke
|poke|p1|Pelipper, F|
|poke|p1|Barraskewda, M|
|poke|p1|Cinderace, F|
|poke|p1|Scizor, F|
|poke|p1|Magnezone|
|poke|p1|Ludicolo, M|
|poke|p2|Samurott-Hisui, M|
|poke|p2|Revavroom, M|
|poke|p2|Rotom-Wash|
|poke|p2|Raging Bolt|
|poke|p2|Great Tusk|
|poke|p2|Gholdengo|
|teampreview
|
|t:|1776076740
|teamsize|p1|6
|teamsize|p2|6
|start
|switch|p1a: Pelipper|Pelipper, F|100/100
|switch|p2a: Samurott|Samurott-Hisui, M|100/100
|-weather|RainDance|[from] ability: Drizzle|[of] p1a: Pelipper
|turn|1
|
|t:|1776076767
|move|p2a: Samurott|Ceaseless Edge|p1a: Pelipper
|-damage|p1a: Pelipper|69/100
|-sidestart|p1: ikigai road 34|Spikes
|move|p1a: Pelipper|Hurricane|p2a: Samurott
|-damage|p2a: Samurott|45/100
|-start|p2a: Samurott|confusion
|
|-weather|RainDance|[upkeep]
|upkeep
|turn|2
|
|t:|1776076776
|-activate|p2a: Samurott|confusion
|move|p2a: Samurott|Ceaseless Edge|p1a: Pelipper
|-damage|p1a: Pelipper|37/100
|-sidestart|p1: ikigai road 34|Spikes
|move|p1a: Pelipper|U-turn|p2a: Samurott
|-supereffective|p2a: Samurott
|-damage|p2a: Samurott|24/100
|
|t:|1776076792
|switch|p1a: Cinderace|Cinderace, F|100/100|[from] U-turn
|
|-weather|RainDance|[upkeep]
|upkeep
|turn|3
|
|t:|1776076798
|-activate|p2a: Samurott|confusion
|move|p2a: Samurott|Ceaseless Edge|p1a: Cinderace
|-damage|p1a: Cinderace|41/100
|-sidestart|p1: ikigai road 34|Spikes
|move|p1a: Cinderace|U-turn|p2a: Samurott
|-start|p1a: Cinderace|typechange|Bug|[from] ability: Libero
|-supereffective|p2a: Samurott
|-damage|p2a: Samurott|0 fnt
|faint|p2a: Samurott
|
|t:|1776076814
|switch|p1a: rock lee|Barraskewda, M|100/100|[from] U-turn
|-damage|p1a: rock lee|76/100|[from] Spikes
|
|-weather|RainDance|[upkeep]
|upkeep
|
|t:|1776076820
|switch|p2a: Rotom|Rotom-Wash|100/100
|turn|4
|
|t:|1776076828
|move|p1a: rock lee|Flip Turn|p2a: Rotom
|-resisted|p2a: Rotom
|-damage|p2a: Rotom|76/100
|-damage|p1a: rock lee|66/100|[from] item: Life Orb
|
|t:|1776076834
|switch|p1a: Magnezone|Magnezone, shiny|100/100|[from] Flip Turn
|-damage|p1a: Magnezone|76/100|[from] Spikes
|move|p2a: Rotom|Will-O-Wisp|p1a: Magnezone
|-status|p1a: Magnezone|brn
|
|-weather|RainDance|[upkeep]
|-heal|p2a: Rotom|83/100|[from] item: Leftovers
|-damage|p1a: Magnezone|70/100 brn|[from] brn
|upkeep
|turn|5
|
|t:|1776076844
|move|p2a: Rotom|Hydro Pump|p1a: Magnezone
|-damage|p1a: Magnezone|9/100 brn
|move|p1a: Magnezone|Volt Switch|p2a: Rotom
|-damage|p2a: Rotom|31/100
|
|t:|1776076850
|switch|p1a: Cinderace|Cinderace, F|41/100|[from] Volt Switch
|
|-weather|RainDance|[upkeep]
|-heal|p2a: Rotom|37/100|[from] item: Leftovers
|upkeep
|turn|6
|
|t:|1776076862
|move|p1a: Cinderace|Court Change|p1a: Cinderace
|-start|p1a: Cinderace|typechange|Normal|[from] ability: Libero
|-swapsideconditions
|-activate|p1a: Cinderace|move: Court Change
|move|p2a: Rotom|Pain Split|p1a: Cinderace
|-sethp|p1a: Cinderace|39/100|[from] move: Pain Split|[silent]
|-sethp|p2a: Rotom|39/100|[from] move: Pain Split
|
|-weather|RainDance|[upkeep]
|-heal|p2a: Rotom|45/100|[from] item: Leftovers
|upkeep
|turn|7
|inactive|Battle timer is ON: inactive players will automatically lose when time's up. (requested by ikigai road 34)
|
|t:|1776076869
|move|p1a: Cinderace|High Jump Kick|p2a: Rotom
|-damage|p2a: Rotom|12/100
|move|p2a: Rotom|Hydro Pump|p1a: Cinderace
|-damage|p1a: Cinderace|0 fnt
|faint|p1a: Cinderace
|
|-weather|RainDance|[upkeep]
|-heal|p2a: Rotom|18/100|[from] item: Leftovers
|upkeep
|
|t:|1776076877
|switch|p1a: Ludicolo|Ludicolo, M|100/100
|turn|8
|
|t:|1776076883
|move|p1a: Ludicolo|Hyper Voice|p2a: Rotom
|-damage|p2a: Rotom|0 fnt
|faint|p2a: Rotom
|-enditem|p1a: Ludicolo|Throat Spray
|-boost|p1a: Ludicolo|spa|1|[from] item: Throat Spray
|
|-weather|none
|upkeep
|
|t:|1776076887
|switch|p2a: Great Tusk|Great Tusk|100/100
|-damage|p2a: Great Tusk|76/100|[from] Spikes
|-enditem|p2a: Great Tusk|Booster Energy
|-activate|p2a: Great Tusk|ability: Protosynthesis|[fromitem]
|-start|p2a: Great Tusk|protosynthesisspe
|turn|9
|
|t:|1776076903
|move|p2a: Great Tusk|Rapid Spin|p1a: Ludicolo
|-damage|p1a: Ludicolo|77/100
|-boost|p2a: Great Tusk|spe|1
|-sideend|p2: AlphaDreams|Spikes|[from] move: Rapid Spin|[of] p2a: Great Tusk
|move|p1a: Ludicolo|Energy Ball|p2a: Great Tusk
|-supereffective|p2a: Great Tusk
|-crit|p2a: Great Tusk
|-damage|p2a: Great Tusk|0 fnt
|faint|p2a: Great Tusk
|-end|p2a: Great Tusk|Protosynthesis|[silent]
|
|upkeep
|
|t:|1776076911
|switch|p2a: Raging Bolt|Raging Bolt|100/100
|-enditem|p2a: Raging Bolt|Booster Energy
|-activate|p2a: Raging Bolt|ability: Protosynthesis|[fromitem]
|-start|p2a: Raging Bolt|protosynthesisspa
|turn|10
|
|t:|1776076916
|move|p2a: Raging Bolt|Calm Mind|p2a: Raging Bolt
|-boost|p2a: Raging Bolt|spa|1
|-boost|p2a: Raging Bolt|spd|1
|move|p1a: Ludicolo|Ice Beam|p2a: Raging Bolt
|-supereffective|p2a: Raging Bolt
|-damage|p2a: Raging Bolt|52/100
|-status|p2a: Raging Bolt|frz
|
|upkeep
|turn|11
|
|t:|1776076926
|-terastallize|p2a: Raging Bolt|Fairy
|cant|p2a: Raging Bolt|frz
|move|p1a: Ludicolo|Ice Beam|p2a: Raging Bolt
|-damage|p2a: Raging Bolt|28/100 frz
|
|upkeep
|turn|12
|
|t:|1776076933
|cant|p2a: Raging Bolt|frz
|move|p1a: Ludicolo|Energy Ball|p2a: Raging Bolt
|-damage|p2a: Raging Bolt|0 fnt
|faint|p2a: Raging Bolt
|-end|p2a: Raging Bolt|Protosynthesis|[silent]
|
|upkeep
|
|t:|1776076936
|switch|p2a: Revavroom|Revavroom, M, shiny|100/100
|-item|p2a: Revavroom|Air Balloon
|turn|13
|
|t:|1776076944
|switch|p1a: Pelipper|Pelipper, F|37/100
|-weather|RainDance|[from] ability: Drizzle|[of] p1a: Pelipper
|move|p2a: Revavroom|Shift Gear|p2a: Revavroom
|-boost|p2a: Revavroom|spe|2
|-boost|p2a: Revavroom|atk|1
|
|-weather|RainDance|[upkeep]
|upkeep
|turn|14
|
|t:|1776076949
|move|p2a: Revavroom|Gunk Shot|p1a: Pelipper
|-damage|p1a: Pelipper|0 fnt
|faint|p1a: Pelipper
|
|-weather|RainDance|[upkeep]
|upkeep
|
|t:|1776076959
|switch|p1a: rock lee|Barraskewda, M|66/100
|turn|15
|
|t:|1776076969
|move|p1a: rock lee|Flip Turn|p2a: Revavroom
|-damage|p2a: Revavroom|22/100
|-enditem|p2a: Revavroom|Air Balloon
|-damage|p1a: rock lee|56/100|[from] item: Life Orb
|
|t:|1776076975
|switch|p1a: Magnezone|Magnezone, shiny|9/100 brn|[from] Flip Turn
|move|p2a: Revavroom|Gunk Shot|p1a: Magnezone
|-immune|p1a: Magnezone
|
|-weather|RainDance|[upkeep]
|-damage|p1a: Magnezone|3/100 brn|[from] brn
|upkeep
|turn|16
|
|t:|1776076980
|move|p2a: Revavroom|Temper Flare|p1a: Magnezone
|-supereffective|p1a: Magnezone
|-damage|p1a: Magnezone|0 fnt
|faint|p1a: Magnezone
|
|-weather|RainDance|[upkeep]
|upkeep
|
|t:|1776076986
|switch|p1a: rock lee|Barraskewda, M|56/100
|turn|17
|
|t:|1776076992
|move|p1a: rock lee|Liquidation|p2a: Revavroom
|-damage|p2a: Revavroom|0 fnt
|faint|p2a: Revavroom
|-damage|p1a: rock lee|46/100|[from] item: Life Orb
|
|-weather|RainDance|[upkeep]
|upkeep
|
|t:|1776076995
|switch|p2a: Gholdengo|Gholdengo|100/100
|-item|p2a: Gholdengo|Air Balloon
|turn|18
|
|t:|1776077000
|move|p1a: rock lee|Liquidation|p2a: Gholdengo
|-damage|p2a: Gholdengo|38/100
|-enditem|p2a: Gholdengo|Air Balloon
|-damage|p1a: rock lee|36/100|[from] item: Life Orb
|move|p2a: Gholdengo|Shadow Ball|p1a: rock lee
|-damage|p1a: rock lee|0 fnt
|faint|p1a: rock lee
|
|-weather|RainDance|[upkeep]
|upkeep
|
|t:|1776077003
|switch|p1a: Ludicolo|Ludicolo, M|77/100
|turn|19
|
|t:|1776077007
|-terastallize|p1a: Ludicolo|Water
|move|p1a: Ludicolo|Weather Ball|p2a: Gholdengo
|-damage|p2a: Gholdengo|0 fnt
|faint|p2a: Gholdengo
|
|win|ikigai road 34
|raw|ikigai road 34's rating: 1251 &rarr; <strong>1280</strong><br />(+29 for winning)
|raw|AlphaDreams's rating: 1300 &rarr; <strong>1271</strong><br />(-29 for losing)
|l|☆AlphaDreams
|player|p2|
|l|☆ikigai road 34
|player|p1|
