|html|<div class="broadcast-blue"><strong>[Gen 9] OU is currently suspecting Tera Blast! For information on how to participate check out the <a href="https://www.smogon.com/tools/suspects/view/200">suspect thread</a>.</strong></div>
|j|☆kingjot
|j|☆Captainfreeze1
|t:|1776108388
|gametype|singles
|player|p1|kingjot|169|1426
|player|p2|Captainfreeze1|gambler|1434
|gen|9
|tier|[Gen 9] OU
|rated|
|rule|HP Percentage Mod: HP is shown in percentages
|rule|Endless Battle Clause: Forcing endless battles is banned
|rule|Species Clause: Limit one of each Pokémon
|rule|OHKO Clause: OHKO moves are banned
|rule|Evasion Items Clause: Evasion items are banned
|rule|Evasion Moves Clause: Evasion moves are banned
|rule|Evasion Abilities Clause: Evasion abilities are banned
|rule|Sleep Moves Clause: Sleep-inducing moves are banned
|clearpoke
|poke|p1|Kyurem|
|poke|p1|Ting-Lu|
|poke|p1|Ogerpon-Wellspring, F|
|poke|p1|Great Tusk|
|poke|p1|Alomomola, M|
|poke|p1|Kingambit, F|
|poke|p2|Landorus-Therian, M|
|poke|p2|Samurott-Hisui, F|
|poke|p2|Gholdengo|
|poke|p2|Thundurus-Therian, M|
|poke|p2|Scizor, F|
|poke|p2|Zamazenta-*|
|teampreview
|
|t:|1776108403
|teamsize|p1|6
|teamsize|p2|6
|start
|switch|p1a: Nuke|Kyurem, shiny|100/100
|switch|p2a: Thundurus|Thundurus-Therian, M|100/100
|-ability|p1a: Nuke|Pressure
|turn|1
|
|t:|1776108414
|-terastallize|p1a: Nuke|Ice
|move|p2a: Thundurus|Volt Switch|p1a: Nuke
|-damage|p1a: Nuke|66/100
|inactive|Battle timer is ON: inactive players will automatically lose when time's up. (requested by Captainfreeze1)
|
|t:|1776108422
|switch|p2a: Scizor|Scizor, F|100/100|[from] Volt Switch
|move|p1a: Nuke|Freeze-Dry|p2a: Scizor
|-resisted|p2a: Scizor
|-damage|p2a: Scizor|45/100
|
|upkeep
|turn|2
|
|t:|1776108433
|switch|p1a: Final Lord|Kingambit, F|100/100
|move|p2a: Scizor|U-turn|p1a: Final Lord
|-damage|p1a: Final Lord|68/100
|
|t:|1776108439
|switch|p2a: Landorus|Landorus-Therian, M|100/100|[from] U-turn
|-ability|p2a: Landorus|Intimidate|boost
|-unboost|p1a: Final Lord|atk|1
|
|-heal|p1a: Final Lord|74/100|[from] item: Leftovers
|upkeep
|turn|3
|
|t:|1776108457
|-end|p1a: Final Lord|fallenundefined|[silent]
|switch|p1a: Drugger|Alomomola, M|100/100
|move|p2a: Landorus|U-turn|p1a: Drugger
|-damage|p1a: Drugger|88/100
|
|t:|1776108460
|switch|p2a: Thundurus|Thundurus-Therian, M|100/100|[from] U-turn
|
|upkeep
|turn|4
|
|t:|1776108465
|switch|p1a: Despair|Ting-Lu|100/100
|-ability|p1a: Despair|Vessel of Ruin
|move|p2a: Thundurus|Knock Off|p1a: Despair
|-resisted|p1a: Despair
|-damage|p1a: Despair|94/100
|-enditem|p1a: Despair|Leftovers|[from] move: Knock Off|[of] p2a: Thundurus
|
|upkeep
|turn|5
|
|t:|1776108471
|switch|p2a: Samurott|Samurott-Hisui, F|100/100
|move|p1a: Despair|Stealth Rock|p2a: Samurott
|-sidestart|p2: Captainfreeze1|move: Stealth Rock
|
|upkeep
|turn|6
|
|t:|1776108480
|move|p2a: Samurott|Razor Shell|p1a: Despair
|-supereffective|p1a: Despair
|-damage|p1a: Despair|37/100
|-unboost|p1a: Despair|def|1
|move|p1a: Despair|Ruination|p2a: Samurott
|-damage|p2a: Samurott|51/100
|
|upkeep
|turn|7
|
|t:|1776108487
|switch|p1a: Pon Devil|Ogerpon-Wellspring, F|100/100
|move|p2a: Samurott|Ceaseless Edge|p1a: Pon Devil
|-damage|p1a: Pon Devil|34/100
|-sidestart|p1: kingjot|Spikes
|
|upkeep
|turn|8
|
|t:|1776108491
|move|p2a: Samurott|Sucker Punch|p1a: Pon Devil
|-damage|p1a: Pon Devil|0 fnt
|faint|p1a: Pon Devil
|
|upkeep
|
|t:|1776108497
|switch|p1a: Nuke|Kyurem, shiny, tera:Ice|66/100
|-damage|p1a: Nuke|54/100|[from] Spikes
|-ability|p1a: Nuke|Pressure
|turn|9
|
|t:|1776108508
|move|p2a: Samurott|Sucker Punch|p1a: Nuke
|-damage|p1a: Nuke|22/100
|move|p1a: Nuke|Freeze-Dry|p2a: Samurott
|-supereffective|p2a: Samurott
|-damage|p2a: Samurott|0 fnt
|faint|p2a: Samurott
|
|upkeep
|
|t:|1776108512
|switch|p2a: Scizor|Scizor, F|45/100
|turn|10
|
|t:|1776108519
|switch|p1a: Despair|Ting-Lu|37/100
|-damage|p1a: Despair|25/100|[from] Spikes
|-ability|p1a: Despair|Vessel of Ruin
|move|p2a: Scizor|Bullet Punch|p1a: Despair
|-damage|p1a: Despair|4/100
|
|upkeep
|turn|11
|
|t:|1776108530
|move|p2a: Scizor|U-turn|p1a: Despair
|-supereffective|p1a: Despair
|-damage|p1a: Despair|0 fnt
|faint|p1a: Despair
|
|t:|1776108548
|switch|p2a: Landorus|Landorus-Therian, M|100/100|[from] U-turn
|-damage|p2a: Landorus|88/100|[from] Stealth Rock
|
|upkeep
|
|t:|1776108553
|switch|p1a: Nuke|Kyurem, shiny, tera:Ice|22/100
|-damage|p1a: Nuke|10/100|[from] Spikes
|-ability|p1a: Nuke|Pressure
|turn|12
|
|t:|1776108570
|move|p1a: Nuke|Ice Beam|p2a: Landorus
|-supereffective|p2a: Landorus
|-damage|p2a: Landorus|0 fnt
|faint|p2a: Landorus
|
|upkeep
|
|t:|1776108572
|switch|p2a: Scizor|Scizor, F|45/100
|turn|13
|
|t:|1776108580
|switch|p1a: Drugger|Alomomola, M|100/100
|move|p2a: Scizor|U-turn|p1a: Drugger
|-damage|p1a: Drugger|81/100
|
|t:|1776108584
|switch|p2a: Thundurus|Thundurus-Therian, M|100/100|[from] U-turn
|
|upkeep
|turn|14
|
|t:|1776108589
|move|p2a: Thundurus|Thunderbolt|p1a: Drugger
|-supereffective|p1a: Drugger
|-damage|p1a: Drugger|0 fnt
|faint|p1a: Drugger
|
|upkeep
|
|t:|1776108593
|switch|p1a: Final Lord|Kingambit, F|74/100
|-damage|p1a: Final Lord|62/100|[from] Spikes
|-activate|p1a: Final Lord|ability: Supreme Overlord
|-start|p1a: Final Lord|fallen3|[silent]
|turn|15
|
|t:|1776108598
|move|p2a: Thundurus|Volt Switch|p1a: Final Lord
|-damage|p1a: Final Lord|18/100
|
|t:|1776108602
|switch|p2a: Zamazenta|Zamazenta|100/100|[from] Volt Switch
|-damage|p2a: Zamazenta|94/100|[from] Stealth Rock
|-ability|p2a: Zamazenta|Dauntless Shield|boost
|-boost|p2a: Zamazenta|def|1
|move|p1a: Final Lord|Swords Dance|p1a: Final Lord
|-boost|p1a: Final Lord|atk|2
|
|-heal|p2a: Zamazenta|100/100|[from] item: Leftovers
|-heal|p1a: Final Lord|25/100|[from] item: Leftovers
|upkeep
|turn|16
|l|☆kingjot
|inactive|kingjot disconnected and has a minute to reconnect!
|player|p1|
|inactive|kingjot has 30 seconds to reconnect!
|inactive|kingjot has 20 seconds to reconnect!
|inactive|kingjot has 15 seconds to reconnect!
|inactive|kingjot has 10 seconds to reconnect!
|j| Lord Spinarak
|inactive|kingjot has 5 seconds to reconnect!
|-message|kingjot lost due to inactivity.
|
|win|Captainfreeze1
|raw|kingjot's rating: 1426 &rarr; <strong>1406</strong><br />(-20 for losing)
|raw|Captainfreeze1's rating: 1434 &rarr; <strong>1454</strong><br />(+20 for winning)
|l| Lord Spinarak
|l|☆Captainfreeze1
|player|p2|
