|html|<div class="broadcast-blue"><strong>[Gen 9] OU is currently suspecting Tera Blast! For information on how to participate check out the <a href="https://www.smogon.com/tools/suspects/view/200">suspect thread</a>.</strong></div>
|j|☆GilgameshxLeonora
|j|☆pacdan111
|t:|1776032315
|gametype|singles
|player|p1|GilgameshxLeonora|nate|1402
|player|p2|pacdan111|morty|1376
|gen|9
|tier|[Gen 9] OU
|rated|
|rule|HP Percentage Mod: HP is shown in percentages
|rule|Endless Battle Clause: Forcing endless battles is banned
|rule|Species Clause: Limit one of each Pokémon
|rule|OHKO Clause: OHKO moves are banned
|rule|Evasion Items Clause: Evasion items are banned
|rule|Evasion Moves Clause: Evasion moves are banned
|rule|Evasion Abilities Clause: Evasion abilities are banned
|rule|Sleep Moves Clause: Sleep-inducing moves are banned
|clearpoke
|poke|p1|Tyranitar, F|
|poke|p1|Iron Boulder|
|poke|p1|Rotom-Wash|
|poke|p1|Mandibuzz, F|
|poke|p1|Garganacl, F|
|poke|p1|Heatran, F|
|poke|p2|Slither Wing|
|poke|p2|Ninetales, F|
|poke|p2|Walking Wake|
|poke|p2|Iron Moth|
|poke|p2|Hatterene, F|
|poke|p2|Blaziken, F|
|teampreview
|inactive|Battle timer is ON: inactive players will automatically lose when time's up. (requested by GilgameshxLeonora)
|
|t:|1776032323
|teamsize|p1|6
|teamsize|p2|6
|start
|switch|p1a: Heatran|Heatran, F|100/100
|switch|p2a: Ninetales|Ninetales, F, shiny|100/100
|-weather|SunnyDay|[from] ability: Drought|[of] p2a: Ninetales
|turn|1
|
|t:|1776032330
|move|p2a: Ninetales|Will-O-Wisp|p1a: Heatran
|-start|p1a: Heatran|ability: Flash Fire
|move|p1a: Heatran|Magma Storm|p2a: Ninetales
|-resisted|p2a: Ninetales
|-damage|p2a: Ninetales|41/100
|-activate|p2a: Ninetales|move: Magma Storm|[of] p1a: Heatran
|
|-weather|SunnyDay|[upkeep]
|-damage|p2a: Ninetales|29/100|[from] move: Magma Storm|[partiallytrapped]
|upkeep
|turn|2
|
|t:|1776032337
|move|p2a: Ninetales|Will-O-Wisp|p1a: Heatran
|-immune|p1a: Heatran|[from] ability: Flash Fire
|move|p1a: Heatran|Earth Power|p2a: Ninetales
|-supereffective|p2a: Ninetales
|-damage|p2a: Ninetales|0 fnt
|faint|p2a: Ninetales
|
|-weather|SunnyDay|[upkeep]
|upkeep
|
|t:|1776032341
|switch|p2a: Walking Wake|Walking Wake|100/100
|-activate|p2a: Walking Wake|ability: Protosynthesis
|-start|p2a: Walking Wake|protosynthesisspe
|turn|3
|
|t:|1776032347
|-terastallize|p2a: Walking Wake|Water
|-terastallize|p1a: Heatran|Grass
|move|p2a: Walking Wake|Hydro Steam|p1a: Heatran
|-resisted|p1a: Heatran
|-damage|p1a: Heatran|48/100
|move|p1a: Heatran|Magma Storm|p2a: Walking Wake
|-resisted|p2a: Walking Wake
|-damage|p2a: Walking Wake|31/100
|-activate|p2a: Walking Wake|move: Magma Storm|[of] p1a: Heatran
|
|-weather|SunnyDay|[upkeep]
|-heal|p1a: Heatran|54/100|[from] item: Leftovers
|-damage|p2a: Walking Wake|19/100|[from] move: Magma Storm|[partiallytrapped]
|upkeep
|turn|4
|
|t:|1776032362
|move|p2a: Walking Wake|Hydro Steam|p1a: Heatran
|-resisted|p1a: Heatran
|-damage|p1a: Heatran|6/100
|move|p1a: Heatran|Earth Power|p2a: Walking Wake
|-crit|p2a: Walking Wake
|-damage|p2a: Walking Wake|0 fnt
|faint|p2a: Walking Wake
|-end|p2a: Walking Wake|Protosynthesis|[silent]
|
|-weather|SunnyDay|[upkeep]
|-heal|p1a: Heatran|12/100|[from] item: Leftovers
|upkeep
|
|t:|1776032367
|switch|p2a: Iron Moth|Iron Moth|100/100
|-enditem|p2a: Iron Moth|Booster Energy
|-activate|p2a: Iron Moth|ability: Quark Drive|[fromitem]
|-start|p2a: Iron Moth|quarkdrivespe
|turn|5
|
|t:|1776032374
|-end|p1a: Heatran|ability: Flash Fire|[silent]
|switch|p1a: Tyranitar|Tyranitar, F|100/100
|-weather|Sandstorm|[from] ability: Sand Stream|[of] p1a: Tyranitar
|move|p2a: Iron Moth|Sludge Wave|p1a: Tyranitar
|-resisted|p1a: Tyranitar
|-damage|p1a: Tyranitar|90/100
|
|-weather|Sandstorm|[upkeep]
|-damage|p2a: Iron Moth|95/100|[from] Sandstorm
|-heal|p1a: Tyranitar|96/100|[from] item: Leftovers
|upkeep
|turn|6
|
|t:|1776032377
|move|p2a: Iron Moth|Dazzling Gleam|p1a: Tyranitar
|-supereffective|p1a: Tyranitar
|-damage|p1a: Tyranitar|76/100
|move|p1a: Tyranitar|Knock Off|p2a: Iron Moth
|-damage|p2a: Iron Moth|49/100
|
|-weather|Sandstorm|[upkeep]
|-damage|p2a: Iron Moth|43/100|[from] Sandstorm
|-heal|p1a: Tyranitar|82/100|[from] item: Leftovers
|upkeep
|turn|7
|
|t:|1776032384
|-end|p2a: Iron Moth|Quark Drive|[silent]
|switch|p2a: Slither Wing|Slither Wing, shiny|100/100
|move|p1a: Tyranitar|Stealth Rock|p2a: Slither Wing
|-sidestart|p2: pacdan111|move: Stealth Rock
|
|-weather|Sandstorm|[upkeep]
|-damage|p2a: Slither Wing|94/100|[from] Sandstorm
|-heal|p1a: Tyranitar|88/100|[from] item: Leftovers
|upkeep
|turn|8
|
|t:|1776032387
|switch|p1a: Mandibuzz|Mandibuzz, F|100/100
|move|p2a: Slither Wing|First Impression|p1a: Mandibuzz
|-damage|p1a: Mandibuzz|53/100
|
|-weather|Sandstorm|[upkeep]
|-damage|p2a: Slither Wing|88/100|[from] Sandstorm
|upkeep
|turn|9
|
|t:|1776032394
|-end|p2a: Slither Wing|Protosynthesis|[silent]
|switch|p2a: Hatterene|Hatterene, F, shiny|100/100
|-damage|p2a: Hatterene|88/100|[from] Stealth Rock
|move|p1a: Mandibuzz|Roost|p1a: Mandibuzz
|-heal|p1a: Mandibuzz|100/100
|-singleturn|p1a: Mandibuzz|move: Roost
|
|-weather|none
|upkeep
|turn|10
|
|t:|1776032400
|switch|p1a: Tyranitar|Tyranitar, F|88/100
|-weather|Sandstorm|[from] ability: Sand Stream|[of] p1a: Tyranitar
|move|p2a: Hatterene|Nuzzle|p1a: Tyranitar
|-damage|p1a: Tyranitar|86/100
|-status|p1a: Tyranitar|par
|
|-weather|Sandstorm|[upkeep]
|-damage|p2a: Hatterene|82/100|[from] Sandstorm
|-heal|p1a: Tyranitar|92/100 par|[from] item: Leftovers
|upkeep
|turn|11
|
|t:|1776032406
|move|p2a: Hatterene|Draining Kiss|p1a: Tyranitar
|-supereffective|p1a: Tyranitar
|-damage|p1a: Tyranitar|74/100 par
|-heal|p2a: Hatterene|99/100|[from] drain|[of] p1a: Tyranitar
|move|p1a: Tyranitar|Knock Off|p2a: Hatterene
|-damage|p2a: Hatterene|64/100
|-enditem|p2a: Hatterene|Eject Button|[from] move: Knock Off|[of] p1a: Tyranitar
|
|-weather|Sandstorm|[upkeep]
|-damage|p2a: Hatterene|58/100|[from] Sandstorm
|-heal|p1a: Tyranitar|80/100 par|[from] item: Leftovers
|upkeep
|turn|12
|
|t:|1776032418
|switch|p2a: Blaziken|Blaziken, F, shiny|100/100
|-damage|p2a: Blaziken|88/100|[from] Stealth Rock
|move|p1a: Tyranitar|Knock Off|p2a: Blaziken
|-resisted|p2a: Blaziken
|-damage|p2a: Blaziken|55/100
|-enditem|p2a: Blaziken|Life Orb|[from] move: Knock Off|[of] p1a: Tyranitar
|
|-weather|Sandstorm|[upkeep]
|-damage|p2a: Blaziken|49/100|[from] Sandstorm
|-heal|p1a: Tyranitar|86/100 par|[from] item: Leftovers
|upkeep
|turn|13
|
|t:|1776032430
|switch|p1a: Mandibuzz|Mandibuzz, F|100/100
|move|p2a: Blaziken|Close Combat|p1a: Mandibuzz
|-damage|p1a: Mandibuzz|63/100
|-unboost|p2a: Blaziken|def|1
|-unboost|p2a: Blaziken|spd|1
|
|-weather|Sandstorm|[upkeep]
|-damage|p2a: Blaziken|43/100|[from] Sandstorm
|-ability|p2a: Blaziken|Speed Boost|boost
|-boost|p2a: Blaziken|spe|1
|upkeep
|turn|14
|
|t:|1776032437
|move|p2a: Blaziken|Swords Dance|p2a: Blaziken
|-boost|p2a: Blaziken|atk|2
|move|p1a: Mandibuzz|Foul Play|p2a: Blaziken
|-resisted|p2a: Blaziken
|-damage|p2a: Blaziken|0 fnt
|faint|p2a: Blaziken
|
|-weather|none
|upkeep
|
|t:|1776032440
|switch|p2a: Slither Wing|Slither Wing, shiny|88/100
|-damage|p2a: Slither Wing|76/100|[from] Stealth Rock
|turn|15
|
|t:|1776032447
|move|p2a: Slither Wing|First Impression|p1a: Mandibuzz
|-damage|p1a: Mandibuzz|21/100
|move|p1a: Mandibuzz|Toxic|p2a: Slither Wing|[miss]
|-miss|p1a: Mandibuzz|p2a: Slither Wing
|
|upkeep
|turn|16
|
|t:|1776032452
|-end|p2a: Slither Wing|Protosynthesis|[silent]
|switch|p2a: Hatterene|Hatterene, F, shiny|58/100
|-damage|p2a: Hatterene|45/100|[from] Stealth Rock
|switch|p1a: Tyranitar|Tyranitar, F|86/100 par
|-weather|Sandstorm|[from] ability: Sand Stream|[of] p1a: Tyranitar
|
|-weather|Sandstorm|[upkeep]
|-damage|p2a: Hatterene|39/100|[from] Sandstorm
|-heal|p1a: Tyranitar|92/100 par|[from] item: Leftovers
|upkeep
|turn|17
|
|t:|1776032456
|switch|p2a: Slither Wing|Slither Wing, shiny|76/100
|-damage|p2a: Slither Wing|63/100|[from] Stealth Rock
|move|p1a: Tyranitar|Knock Off|p2a: Slither Wing
|-resisted|p2a: Slither Wing
|-damage|p2a: Slither Wing|38/100
|-enditem|p2a: Slither Wing|Choice Band|[from] move: Knock Off|[of] p1a: Tyranitar
|
|-weather|Sandstorm|[upkeep]
|-damage|p2a: Slither Wing|31/100|[from] Sandstorm
|-heal|p1a: Tyranitar|98/100 par|[from] item: Leftovers
|upkeep
|turn|18
|
|t:|1776032467
|move|p2a: Slither Wing|First Impression|p1a: Tyranitar
|-supereffective|p1a: Tyranitar
|-damage|p1a: Tyranitar|21/100 par
|move|p1a: Tyranitar|Thunder Wave|p2a: Slither Wing
|-status|p2a: Slither Wing|par
|
|-weather|Sandstorm|[upkeep]
|-damage|p2a: Slither Wing|25/100 par|[from] Sandstorm
|-heal|p1a: Tyranitar|27/100 par|[from] item: Leftovers
|upkeep
|turn|19
|
|t:|1776032478
|cant|p2a: Slither Wing|par
|move|p1a: Tyranitar|Ice Beam|p2a: Slither Wing
|-damage|p2a: Slither Wing|6/100 par
|
|-weather|Sandstorm|[upkeep]
|-damage|p2a: Slither Wing|0 fnt|[from] Sandstorm
|faint|p2a: Slither Wing
|-end|p2a: Slither Wing|Protosynthesis|[silent]
|-heal|p1a: Tyranitar|33/100 par|[from] item: Leftovers
|upkeep
|
|t:|1776032481
|switch|p2a: Iron Moth|Iron Moth|43/100
|-damage|p2a: Iron Moth|18/100|[from] Stealth Rock
|turn|20
|
|t:|1776032492
|move|p2a: Iron Moth|Dazzling Gleam|p1a: Tyranitar
|-supereffective|p1a: Tyranitar
|-damage|p1a: Tyranitar|9/100 par
|move|p1a: Tyranitar|Knock Off|p2a: Iron Moth
|-damage|p2a: Iron Moth|0 fnt
|faint|p2a: Iron Moth
|-end|p2a: Iron Moth|Quark Drive|[silent]
|
|-weather|none
|-heal|p1a: Tyranitar|15/100 par|[from] item: Leftovers
|upkeep
|
|t:|1776032496
|switch|p2a: Hatterene|Hatterene, F, shiny|39/100
|-damage|p2a: Hatterene|27/100|[from] Stealth Rock
|turn|21
|
|t:|1776032507
|switch|p1a: Iron Boulder|Iron Boulder|100/100
|-enditem|p1a: Iron Boulder|Booster Energy
|-activate|p1a: Iron Boulder|ability: Quark Drive|[fromitem]
|-start|p1a: Iron Boulder|quarkdrivespe
|move|p2a: Hatterene|Draining Kiss|p1a: Iron Boulder
|-damage|p1a: Iron Boulder|77/100
|-heal|p2a: Hatterene|45/100|[from] drain|[of] p1a: Iron Boulder
|
|upkeep
|turn|22
|
|t:|1776032516
|move|p1a: Iron Boulder|Mighty Cleave|p2a: Hatterene
|-damage|p2a: Hatterene|8/100
|move|p2a: Hatterene|Nuzzle|p1a: Iron Boulder
|-damage|p1a: Iron Boulder|72/100
|-status|p1a: Iron Boulder|par
|
|upkeep
|turn|23
|
|t:|1776032524
|move|p1a: Iron Boulder|Mighty Cleave|p2a: Hatterene
|-damage|p2a: Hatterene|0 fnt
|faint|p2a: Hatterene
|
|win|GilgameshxLeonora
|raw|GilgameshxLeonora's rating: 1402 &rarr; <strong>1421</strong><br />(+19 for winning)
|raw|pacdan111's rating: 1376 &rarr; <strong>1357</strong><br />(-19 for losing)
|l|☆GilgameshxLeonora
|player|p1|
