|html|<div class="broadcast-blue"><strong>[Gen 9] OU is currently suspecting Volcarona! For information on how to participate check out the <a href="https://www.smogon.com/tools/suspects/view/208">suspect thread</a>.</strong></div>
|j|☆cuckalicious
|j|☆Weehorn Man
|t:|1778513016
|gametype|singles
|player|p1|cuckalicious|marley|1353
|player|p2|Weehorn Man|102|1415
|gen|9
|tier|[Gen 9] OU
|rated|
|rule|HP Percentage Mod: HP is shown in percentages
|rule|Endless Battle Clause: Forcing endless battles is banned
|rule|Species Clause: Limit one of each Pokémon
|rule|OHKO Clause: OHKO moves are banned
|rule|Evasion Items Clause: Evasion items are banned
|rule|Evasion Moves Clause: Evasion moves are banned
|rule|Evasion Abilities Clause: Evasion abilities are banned
|rule|Sleep Moves Clause: Sleep-inducing moves are banned
|clearpoke
|poke|p1|Weavile, F|
|poke|p1|Great Tusk|
|poke|p1|Cinderace, F|
|poke|p1|Pecharunt|
|poke|p1|Iron Valiant|
|poke|p1|Dragonite, M|
|poke|p2|Great Tusk|
|poke|p2|Pecharunt|
|poke|p2|Iron Valiant|
|poke|p2|Iron Crown|
|poke|p2|Samurott-Hisui, M|
|poke|p2|Dragonite, M|
|teampreview
|
|t:|1778513026
|teamsize|p1|6
|teamsize|p2|6
|start
|switch|p1a: Great Tusk|Great Tusk|100/100
|switch|p2a: Samurott|Samurott-Hisui, M, shiny|100/100
|turn|1
|
|t:|1778513031
|move|p1a: Great Tusk|Stealth Rock|p2a: Samurott
|-sidestart|p2: Weehorn Man|move: Stealth Rock
|move|p2a: Samurott|Flip Turn|p1a: Great Tusk
|-supereffective|p1a: Great Tusk
|-damage|p1a: Great Tusk|60/100
|-damage|p2a: Samurott|84/100|[from] item: Rocky Helmet|[of] p1a: Great Tusk
|inactive|Battle timer is ON: inactive players will automatically lose when time's up. (requested by cuckalicious)
|
|t:|1778513040
|switch|p2a: Iron Valiant|Iron Valiant, shiny|100/100|[from] Flip Turn
|-damage|p2a: Iron Valiant|94/100|[from] Stealth Rock
|
|upkeep
|turn|2
|
|t:|1778513048
|-end|p1a: Great Tusk|Protosynthesis|[silent]
|switch|p1a: Pecharunt|Pecharunt|100/100
|move|p2a: Iron Valiant|Moonblast|p1a: Pecharunt
|-resisted|p1a: Pecharunt
|-damage|p1a: Pecharunt|66/100
|
|upkeep
|turn|3
|
|t:|1778513055
|-end|p2a: Iron Valiant|Quark Drive|[silent]
|switch|p2a: Iron Crown|Iron Crown|100/100
|-damage|p2a: Iron Crown|94/100|[from] Stealth Rock
|move|p1a: Pecharunt|Parting Shot|p2a: Iron Crown
|-unboost|p2a: Iron Crown|atk|1
|-unboost|p2a: Iron Crown|spa|1
|
|t:|1778513060
|switch|p1a: Weavile|Weavile, F|100/100|[from] Parting Shot
|-ability|p1a: Weavile|Pressure
|
|upkeep
|turn|4
|
|t:|1778513068
|-end|p2a: Iron Crown|Quark Drive|[silent]
|switch|p2a: Samurott|Samurott-Hisui, M, shiny|84/100
|-damage|p2a: Samurott|72/100|[from] Stealth Rock
|move|p1a: Weavile|Low Kick|p2a: Samurott
|-supereffective|p2a: Samurott
|-damage|p2a: Samurott|0 fnt
|faint|p2a: Samurott
|
|upkeep
|
|t:|1778513076
|switch|p2a: Pecharunt|Pecharunt|100/100
|-damage|p2a: Pecharunt|88/100|[from] Stealth Rock
|turn|5
|
|t:|1778513082
|switch|p1a: Great Tusk|Great Tusk|60/100
|move|p2a: Pecharunt|Recover|p2a: Pecharunt
|-heal|p2a: Pecharunt|100/100
|
|upkeep
|turn|6
|
|t:|1778513088
|move|p1a: Great Tusk|Headlong Rush|p2a: Pecharunt
|-supereffective|p2a: Pecharunt
|-damage|p2a: Pecharunt|50/100
|-unboost|p1a: Great Tusk|def|1
|-unboost|p1a: Great Tusk|spd|1
|-damage|p1a: Great Tusk|43/100|[from] item: Rocky Helmet|[of] p2a: Pecharunt
|move|p2a: Pecharunt|Malignant Chain|p1a: Great Tusk
|-resisted|p1a: Great Tusk
|-damage|p1a: Great Tusk|12/100
|-status|p1a: Great Tusk|tox
|-start|p1a: Great Tusk|confusion|[from] ability: Poison Puppeteer|[of] p2a: Pecharunt
|
|-damage|p1a: Great Tusk|6/100 tox|[from] psn
|upkeep
|turn|7
|
|t:|1778513092
|-activate|p1a: Great Tusk|confusion
|move|p1a: Great Tusk|Ice Spinner|p2a: Pecharunt
|-damage|p2a: Pecharunt|40/100
|-damage|p1a: Great Tusk|0 fnt|[from] item: Rocky Helmet|[of] p2a: Pecharunt
|faint|p1a: Great Tusk
|-end|p1a: Great Tusk|Protosynthesis|[silent]
|move|p2a: Pecharunt|Recover|p2a: Pecharunt
|-heal|p2a: Pecharunt|90/100
|
|upkeep
|
|t:|1778513095
|switch|p1a: Weavile|Weavile, F|100/100
|-ability|p1a: Weavile|Pressure
|turn|8
|
|t:|1778513107
|move|p1a: Weavile|Knock Off|p2a: Pecharunt
|-supereffective|p2a: Pecharunt
|-damage|p2a: Pecharunt|23/100
|-damage|p1a: Weavile|84/100|[from] item: Rocky Helmet|[of] p2a: Pecharunt
|-enditem|p2a: Pecharunt|Rocky Helmet|[from] move: Knock Off|[of] p1a: Weavile
|move|p2a: Pecharunt|Recover|p2a: Pecharunt
|-heal|p2a: Pecharunt|74/100
|
|upkeep
|turn|9
|
|t:|1778513116
|move|p1a: Weavile|Knock Off|p2a: Pecharunt
|-supereffective|p2a: Pecharunt
|-damage|p2a: Pecharunt|30/100
|move|p2a: Pecharunt|Recover|p2a: Pecharunt
|-heal|p2a: Pecharunt|80/100
|
|upkeep
|turn|10
|
|t:|1778513122
|switch|p1a: Pecharunt|Pecharunt|66/100
|switch|p2a: Great Tusk|Great Tusk, shiny|100/100
|
|upkeep
|turn|11
|
|t:|1778513130
|move|p2a: Great Tusk|Stealth Rock|p1a: Pecharunt
|-sidestart|p1: cuckalicious|move: Stealth Rock
|move|p1a: Pecharunt|Parting Shot|p2a: Great Tusk
|-unboost|p2a: Great Tusk|atk|1
|-unboost|p2a: Great Tusk|spa|1
|
|t:|1778513149
|switch|p1a: Weavile|Weavile, F|84/100|[from] Parting Shot
|-damage|p1a: Weavile|59/100|[from] Stealth Rock
|-ability|p1a: Weavile|Pressure
|
|upkeep
|turn|12
|
|t:|1778513161
|move|p1a: Weavile|Triple Axel|p2a: Great Tusk|[miss]
|-miss|p1a: Weavile|p2a: Great Tusk
|move|p2a: Great Tusk|Headlong Rush|p1a: Weavile
|-crit|p1a: Weavile
|-damage|p1a: Weavile|0 fnt
|-unboost|p2a: Great Tusk|def|1
|-unboost|p2a: Great Tusk|spd|1
|faint|p1a: Weavile
|
|upkeep
|
|t:|1778513169
|switch|p1a: Cinderace|Cinderace, F|100/100
|turn|13
|
|t:|1778513173
|-end|p2a: Great Tusk|Protosynthesis|[silent]
|switch|p2a: Pecharunt|Pecharunt|80/100
|-damage|p2a: Pecharunt|68/100|[from] Stealth Rock
|move|p1a: Cinderace|Will-O-Wisp|p2a: Pecharunt|[miss]
|-miss|p1a: Cinderace|p2a: Pecharunt
|
|upkeep
|turn|14
|
|t:|1778513181
|move|p1a: Cinderace|Will-O-Wisp|p2a: Pecharunt
|-status|p2a: Pecharunt|brn
|move|p2a: Pecharunt|Parting Shot|p1a: Cinderace
|-unboost|p1a: Cinderace|atk|1
|-unboost|p1a: Cinderace|spa|1
|
|t:|1778513197
|switch|p2a: Iron Valiant|Iron Valiant, shiny|94/100|[from] Parting Shot
|-damage|p2a: Iron Valiant|88/100|[from] Stealth Rock
|
|upkeep
|turn|15
|
|t:|1778513206
|move|p1a: Cinderace|Pyro Ball|p2a: Iron Valiant
|-damage|p2a: Iron Valiant|45/100
|move|p2a: Iron Valiant|Shadow Ball|p1a: Cinderace
|-damage|p1a: Cinderace|50/100
|
|upkeep
|turn|16
|
|t:|1778513214
|-end|p2a: Iron Valiant|Quark Drive|[silent]
|switch|p2a: Pecharunt|Pecharunt|68/100 brn
|-damage|p2a: Pecharunt|56/100 brn|[from] Stealth Rock
|move|p1a: Cinderace|Pyro Ball|p2a: Pecharunt
|-damage|p2a: Pecharunt|40/100 brn
|
|-damage|p2a: Pecharunt|34/100 brn|[from] brn
|upkeep
|turn|17
|
|t:|1778513218
|move|p1a: Cinderace|U-turn|p2a: Pecharunt
|-resisted|p2a: Pecharunt
|-damage|p2a: Pecharunt|32/100 brn
|
|t:|1778513224
|switch|p1a: Pecharunt|Pecharunt|66/100|[from] U-turn
|move|p2a: Pecharunt|Recover|p2a: Pecharunt
|-heal|p2a: Pecharunt|82/100 brn
|
|-damage|p2a: Pecharunt|76/100 brn|[from] brn
|upkeep
|turn|18
|
|t:|1778513231
|move|p2a: Pecharunt|Shadow Ball|p1a: Pecharunt
|-supereffective|p1a: Pecharunt
|-damage|p1a: Pecharunt|17/100
|move|p1a: Pecharunt|Shadow Ball|p2a: Pecharunt
|-supereffective|p2a: Pecharunt
|-damage|p2a: Pecharunt|28/100 brn
|
|-damage|p2a: Pecharunt|22/100 brn|[from] brn
|upkeep
|turn|19
|
|t:|1778513238
|move|p1a: Pecharunt|Recover|p1a: Pecharunt
|-heal|p1a: Pecharunt|67/100
|move|p2a: Pecharunt|Shadow Ball|p1a: Pecharunt
|-supereffective|p1a: Pecharunt
|-damage|p1a: Pecharunt|16/100
|
|-damage|p2a: Pecharunt|16/100 brn|[from] brn
|upkeep
|turn|20
|
|t:|1778513243
|switch|p2a: Iron Crown|Iron Crown|94/100
|-damage|p2a: Iron Crown|88/100|[from] Stealth Rock
|move|p1a: Pecharunt|Recover|p1a: Pecharunt
|-heal|p1a: Pecharunt|66/100
|
|upkeep
|turn|21
|
|t:|1778513248
|switch|p1a: Cinderace|Cinderace, F|50/100
|move|p2a: Iron Crown|Psychic Noise|p1a: Cinderace
|-damage|p1a: Cinderace|0 fnt
|faint|p1a: Cinderace
|
|upkeep
|
|t:|1778513250
|switch|p1a: Dragonite|Dragonite, M|100/100
|-damage|p1a: Dragonite|76/100|[from] Stealth Rock
|turn|22
|
|t:|1778513258
|-end|p2a: Iron Crown|Quark Drive|[silent]
|switch|p2a: Great Tusk|Great Tusk, shiny|100/100
|move|p1a: Dragonite|Dragon Tail|p2a: Great Tusk
|-damage|p2a: Great Tusk|82/100
|-end|p2a: Great Tusk|Protosynthesis|[silent]
|drag|p2a: Dragonite|Dragonite, M, shiny|100/100
|
|upkeep
|turn|23
|
|t:|1778513268
|move|p2a: Dragonite|Extreme Speed|p1a: Dragonite
|-damage|p1a: Dragonite|50/100
|-damage|p2a: Dragonite|84/100|[from] item: Rocky Helmet|[of] p1a: Dragonite
|move|p1a: Dragonite|Thunder Wave|p2a: Dragonite
|-status|p2a: Dragonite|par
|
|upkeep
|turn|24
|
|t:|1778513271
|move|p2a: Dragonite|Extreme Speed|p1a: Dragonite
|-damage|p1a: Dragonite|25/100
|-damage|p2a: Dragonite|68/100 par|[from] item: Rocky Helmet|[of] p1a: Dragonite
|move|p1a: Dragonite|Roost|p1a: Dragonite
|-heal|p1a: Dragonite|75/100
|-singleturn|p1a: Dragonite|move: Roost
|
|upkeep
|turn|25
|
|t:|1778513275
|move|p1a: Dragonite|Roost|p1a: Dragonite
|-heal|p1a: Dragonite|100/100
|-singleturn|p1a: Dragonite|move: Roost
|cant|p2a: Dragonite|par
|
|upkeep
|turn|26
|
|t:|1778513279
|move|p2a: Dragonite|Roost|p2a: Dragonite
|-heal|p2a: Dragonite|100/100 par
|-singleturn|p2a: Dragonite|move: Roost
|move|p1a: Dragonite|Dragon Tail|p2a: Dragonite|[miss]
|-miss|p1a: Dragonite|p2a: Dragonite
|
|upkeep
|turn|27
|
|t:|1778513282
|move|p2a: Dragonite|Dragon Dance|p2a: Dragonite
|-boost|p2a: Dragonite|atk|1
|-boost|p2a: Dragonite|spe|1
|move|p1a: Dragonite|Dragon Tail|p2a: Dragonite
|-supereffective|p2a: Dragonite
|-damage|p2a: Dragonite|71/100 par
|drag|p2a: Iron Crown|Iron Crown|88/100
|-damage|p2a: Iron Crown|82/100|[from] Stealth Rock
|
|upkeep
|turn|28
|
|t:|1778513285
|move|p2a: Iron Crown|Psychic Noise|p1a: Dragonite
|-damage|p1a: Dragonite|89/100
|-start|p1a: Dragonite|move: Heal Block
|move|p1a: Dragonite|Thunder Wave|p2a: Iron Crown
|-status|p2a: Iron Crown|par
|
|upkeep
|turn|29
|
|t:|1778513289
|move|p2a: Iron Crown|Tachyon Cutter|p1a: Dragonite
|-damage|p1a: Dragonite|74/100
|-damage|p1a: Dragonite|57/100
|-hitcount|p1a: Dragonite|2
|move|p1a: Dragonite|Dragon Tail|p2a: Iron Crown
|-resisted|p2a: Iron Crown
|-damage|p2a: Iron Crown|67/100 par
|-end|p2a: Iron Crown|Quark Drive|[silent]
|drag|p2a: Iron Valiant|Iron Valiant, shiny|45/100
|-damage|p2a: Iron Valiant|39/100|[from] Stealth Rock
|
|-end|p1a: Dragonite|move: Heal Block
|upkeep
|turn|30
|
|t:|1778513294
|move|p1a: Dragonite|Extreme Speed|p2a: Iron Valiant
|-damage|p2a: Iron Valiant|9/100
|move|p2a: Iron Valiant|Moonblast|p1a: Dragonite
|-supereffective|p1a: Dragonite
|-damage|p1a: Dragonite|0 fnt
|faint|p1a: Dragonite
|
|upkeep
|
|t:|1778513298
|switch|p1a: Pecharunt|Pecharunt|66/100
|turn|31
|
|t:|1778513306
|-end|p2a: Iron Valiant|Quark Drive|[silent]
|switch|p2a: Dragonite|Dragonite, M, shiny|71/100 par
|move|p1a: Pecharunt|Shadow Ball|p2a: Dragonite
|-damage|p2a: Dragonite|46/100 par
|
|upkeep
|turn|32
|
|t:|1778513310
|move|p1a: Pecharunt|Shadow Ball|p2a: Dragonite
|-damage|p2a: Dragonite|22/100 par
|move|p2a: Dragonite|Earthquake|p1a: Pecharunt
|-supereffective|p1a: Pecharunt
|-damage|p1a: Pecharunt|32/100
|
|upkeep
|turn|33
|
|t:|1778513313
|move|p1a: Pecharunt|Shadow Ball|p2a: Dragonite
|-damage|p2a: Dragonite|0 fnt
|faint|p2a: Dragonite
|
|upkeep
|
|t:|1778513317
|switch|p2a: Great Tusk|Great Tusk, shiny|82/100
|turn|34
|
|t:|1778513320
|move|p2a: Great Tusk|Headlong Rush|p1a: Pecharunt
|-supereffective|p1a: Pecharunt
|-damage|p1a: Pecharunt|0 fnt
|-unboost|p2a: Great Tusk|def|1
|-unboost|p2a: Great Tusk|spd|1
|faint|p1a: Pecharunt
|
|upkeep
|
|t:|1778513322
|switch|p1a: Iron Valiant|Iron Valiant|100/100
|-damage|p1a: Iron Valiant|94/100|[from] Stealth Rock
|-enditem|p1a: Iron Valiant|Booster Energy
|-activate|p1a: Iron Valiant|ability: Quark Drive|[fromitem]
|-start|p1a: Iron Valiant|quarkdrivespe
|turn|35
|
|t:|1778513328
|move|p1a: Iron Valiant|Moonblast|p2a: Great Tusk
|-supereffective|p2a: Great Tusk
|-damage|p2a: Great Tusk|0 fnt
|faint|p2a: Great Tusk
|-end|p2a: Great Tusk|Protosynthesis|[silent]
|
|upkeep
|
|t:|1778513331
|switch|p2a: Iron Crown|Iron Crown|67/100 par
|-damage|p2a: Iron Crown|61/100 par|[from] Stealth Rock
|turn|36
|
|t:|1778513335
|-terastallize|p1a: Iron Valiant|Ghost
|-terastallize|p2a: Iron Crown|Steel
|move|p1a: Iron Valiant|Knock Off|p2a: Iron Crown
|-damage|p2a: Iron Crown|23/100 par
|-enditem|p2a: Iron Crown|Assault Vest|[from] move: Knock Off|[of] p1a: Iron Valiant
|move|p2a: Iron Crown|Psychic Noise|p1a: Iron Valiant
|-crit|p1a: Iron Valiant
|-damage|p1a: Iron Valiant|0 fnt
|faint|p1a: Iron Valiant
|-end|p1a: Iron Valiant|Quark Drive|[silent]
|
|win|Weehorn Man
|raw|cuckalicious's rating: 1353 &rarr; <strong>1337</strong><br />(-16 for losing)
|raw|Weehorn Man's rating: 1415 &rarr; <strong>1431</strong><br />(+16 for winning)
|c|☆cuckalicious|insane hax
|l|☆cuckalicious
|player|p1|
|c|☆Weehorn Man|god loves me
