|html|<div class="broadcast-blue"><strong>[Gen 9] OU is currently suspecting Volcarona! For information on how to participate check out the <a href="https://www.smogon.com/tools/suspects/view/208">suspect thread</a>.</strong></div>
|j|☆parkinglot12321
|j|☆saiyanromeo
|t:|1778505344
|gametype|singles
|player|p1|parkinglot12321|crasherwake|1196
|player|p2|saiyanromeo|cynthia-gen4|1162
|gen|9
|tier|[Gen 9] OU
|rated|
|rule|HP Percentage Mod: HP is shown in percentages
|rule|Endless Battle Clause: Forcing endless battles is banned
|rule|Species Clause: Limit one of each Pokémon
|rule|OHKO Clause: OHKO moves are banned
|rule|Evasion Items Clause: Evasion items are banned
|rule|Evasion Moves Clause: Evasion moves are banned
|rule|Evasion Abilities Clause: Evasion abilities are banned
|rule|Sleep Moves Clause: Sleep-inducing moves are banned
|clearpoke
|poke|p1|Polteageist-Antique|
|poke|p1|Cloyster, M|
|poke|p1|Torterra, M|
|poke|p1|Blastoise, M|
|poke|p1|Corviknight, M|
|poke|p1|Muk-Alola, M|
|poke|p2|Ribombee, M|
|poke|p2|Glimmora, M|
|poke|p2|Flareon, M|
|poke|p2|Salamence, F|
|poke|p2|Empoleon, F|
|poke|p2|Rillaboom, M|
|teampreview
|inactive|Battle timer is ON: inactive players will automatically lose when time's up. (requested by parkinglot12321)
|
|t:|1778505365
|teamsize|p1|6
|teamsize|p2|6
|start
|switch|p1a: Cloyster|Cloyster, M|100/100
|switch|p2a: Ribombee|Ribombee, M|100/100
|turn|1
|
|t:|1778505371
|move|p2a: Ribombee|Sticky Web|p1a: Cloyster
|-sidestart|p1: parkinglot12321|move: Sticky Web
|move|p1a: Cloyster|Shell Smash|p1a: Cloyster
|-unboost|p1a: Cloyster|def|1
|-unboost|p1a: Cloyster|spd|1
|-boost|p1a: Cloyster|atk|2
|-boost|p1a: Cloyster|spa|2
|-boost|p1a: Cloyster|spe|2
|
|upkeep
|turn|2
|
|t:|1778505381
|move|p1a: Cloyster|Rock Blast|p2a: Ribombee
|-supereffective|p2a: Ribombee
|-damage|p2a: Ribombee|35/100
|-supereffective|p2a: Ribombee
|-damage|p2a: Ribombee|0 fnt
|faint|p2a: Ribombee
|-hitcount|p2: Ribombee|2
|
|upkeep
|
|t:|1778505391
|switch|p2a: Rillaboom|Rillaboom, M|100/100
|-fieldstart|move: Grassy Terrain|[from] ability: Grassy Surge|[of] p2a: Rillaboom
|turn|3
|
|t:|1778505398
|move|p2a: Rillaboom|Grassy Glide|p1a: Cloyster
|-supereffective|p1a: Cloyster
|-damage|p1a: Cloyster|15/100
|move|p1a: Cloyster|Icicle Spear|p2a: Rillaboom
|-supereffective|p2a: Rillaboom
|-damage|p2a: Rillaboom|65/100
|-supereffective|p2a: Rillaboom
|-damage|p2a: Rillaboom|30/100
|-supereffective|p2a: Rillaboom
|-damage|p2a: Rillaboom|0 fnt
|faint|p2a: Rillaboom
|-hitcount|p2: Rillaboom|3
|
|-heal|p1a: Cloyster|21/100|[from] Grassy Terrain
|upkeep
|
|t:|1778505412
|switch|p2a: Empoleon|Empoleon, F|100/100
|-enditem|p2a: Empoleon|Grassy Seed
|-boost|p2a: Empoleon|def|1|[from] item: Grassy Seed
|turn|4
|
|t:|1778505427
|move|p1a: Cloyster|Liquidation|p2a: Empoleon
|-resisted|p2a: Empoleon
|-damage|p2a: Empoleon|74/100
|move|p2a: Empoleon|Flash Cannon|p1a: Cloyster
|-damage|p1a: Cloyster|0 fnt
|faint|p1a: Cloyster
|
|-heal|p2a: Empoleon|80/100|[from] Grassy Terrain
|upkeep
|
|t:|1778505437
|switch|p1a: Corviknight|Corviknight, M|100/100
|-ability|p1a: Corviknight|Pressure
|turn|5
|
|t:|1778505448
|move|p1a: Corviknight|Defog|p2a: Empoleon
|-unboost|p2a: Empoleon|evasion|1
|-ability|p2a: Empoleon|Competitive|boost
|-boost|p2a: Empoleon|spa|2
|-sideend|p1: parkinglot12321|Sticky Web|[from] move: Defog|[of] p1a: Corviknight
|-fieldend|move: Grassy Terrain
|move|p2a: Empoleon|Surf|p1a: Corviknight
|-damage|p1a: Corviknight|23/100
|
|upkeep
|turn|6
|
|t:|1778505467
|move|p1a: Corviknight|U-turn|p2a: Empoleon
|-resisted|p2a: Empoleon
|-damage|p2a: Empoleon|75/100
|
|t:|1778505474
|switch|p1a: Muk|Muk-Alola, M|100/100|[from] U-turn
|move|p2a: Empoleon|Surf|p1a: Muk
|-damage|p1a: Muk|48/100
|
|-heal|p1a: Muk|54/100|[from] item: Black Sludge
|upkeep
|turn|7
|
|t:|1778505488
|move|p2a: Empoleon|Surf|p1a: Muk
|-damage|p1a: Muk|7/100
|move|p1a: Muk|Disable|p2a: Empoleon
|-start|p2a: Empoleon|Disable|Surf
|
|-heal|p1a: Muk|13/100|[from] item: Black Sludge
|upkeep
|turn|8
|
|t:|1778505498
|move|p2a: Empoleon|Ice Beam|p1a: Muk
|-damage|p1a: Muk|0 fnt
|faint|p1a: Muk
|
|upkeep
|
|t:|1778505502
|switch|p1a: Corviknight|Corviknight, M|23/100
|-ability|p1a: Corviknight|Pressure
|turn|9
|
|t:|1778505507
|move|p1a: Corviknight|Roost|p1a: Corviknight
|-heal|p1a: Corviknight|73/100
|-singleturn|p1a: Corviknight|move: Roost
|move|p2a: Empoleon|Ice Beam|p1a: Corviknight
|-resisted|p1a: Corviknight
|-damage|p1a: Corviknight|45/100
|
|upkeep
|turn|10
|
|t:|1778505516
|move|p1a: Corviknight|Roost|p1a: Corviknight
|-heal|p1a: Corviknight|95/100
|-singleturn|p1a: Corviknight|move: Roost
|move|p2a: Empoleon|Ice Beam|p1a: Corviknight
|-resisted|p1a: Corviknight
|-damage|p1a: Corviknight|69/100
|
|upkeep
|turn|11
|
|t:|1778505527
|move|p1a: Corviknight|Brave Bird|p2a: Empoleon
|-resisted|p2a: Empoleon
|-damage|p2a: Empoleon|63/100
|-damage|p1a: Corviknight|66/100|[from] Recoil
|move|p2a: Empoleon|Ice Beam|p1a: Corviknight
|-damage|p1a: Corviknight|9/100
|
|-end|p2a: Empoleon|Disable
|upkeep
|turn|12
|
|t:|1778505547
|move|p1a: Corviknight|Brave Bird|p2a: Empoleon
|-resisted|p2a: Empoleon
|-damage|p2a: Empoleon|50/100
|-damage|p1a: Corviknight|6/100|[from] Recoil
|move|p2a: Empoleon|Surf|p1a: Corviknight
|-damage|p1a: Corviknight|0 fnt
|faint|p1a: Corviknight
|
|upkeep
|l|☆parkinglot12321
|inactive|parkinglot12321 disconnected and has a minute to reconnect!
|player|p1|
|j|☆parkinglot12321
|inactive|parkinglot12321 reconnected and has 115 seconds left.
|player|p1|parkinglot12321|crasherwake|
|
|t:|1778505595
|switch|p1a: Torterra|Torterra, M|100/100
|turn|13
|
|t:|1778505601
|move|p1a: Torterra|Shell Smash|p1a: Torterra
|-unboost|p1a: Torterra|def|1
|-unboost|p1a: Torterra|spd|1
|-boost|p1a: Torterra|atk|2
|-boost|p1a: Torterra|spa|2
|-boost|p1a: Torterra|spe|2
|move|p2a: Empoleon|Ice Beam|p1a: Torterra
|-supereffective|p1a: Torterra
|-enditem|p1a: Torterra|Focus Sash
|-damage|p1a: Torterra|1/100
|
|upkeep
|turn|14
|inactive|parkinglot12321 has 120 seconds left.
|
|t:|1778505619
|move|p1a: Torterra|Headlong Rush|p2a: Empoleon
|-supereffective|p2a: Empoleon
|-crit|p2a: Empoleon
|-damage|p2a: Empoleon|0 fnt
|-unboost|p1a: Torterra|def|1
|-unboost|p1a: Torterra|spd|1
|faint|p2a: Empoleon
|
|upkeep
|
|t:|1778505635
|switch|p2a: Flareon|Flareon, M|100/100
|turn|15
|
|t:|1778505644
|-terastallize|p2a: Flareon|Flying
|move|p1a: Torterra|Headlong Rush|p2a: Flareon
|-immune|p2a: Flareon
|move|p2a: Flareon|Facade|p1a: Torterra
|-damage|p1a: Torterra|0 fnt
|faint|p1a: Torterra
|
|-status|p2a: Flareon|tox|[from] item: Toxic Orb
|upkeep
|inactive|parkinglot12321 has 120 seconds left.
|
|t:|1778505660
|switch|p1a: Blastoise|Blastoise, M|100/100
|turn|16
|inactive|parkinglot12321 has 120 seconds left.
|
|t:|1778505667
|move|p1a: Blastoise|Shell Smash|p1a: Blastoise
|-unboost|p1a: Blastoise|def|1
|-unboost|p1a: Blastoise|spd|1
|-boost|p1a: Blastoise|atk|2
|-boost|p1a: Blastoise|spa|2
|-boost|p1a: Blastoise|spe|2
|move|p2a: Flareon|Facade|p1a: Blastoise
|-enditem|p1a: Blastoise|Focus Sash
|-damage|p1a: Blastoise|1/100
|
|-damage|p2a: Flareon|95/100 tox|[from] psn
|upkeep
|turn|17
|
|t:|1778505682
|move|p1a: Blastoise|Hydro Pump|p2a: Flareon|[miss]
|-miss|p1a: Blastoise|p2a: Flareon
|move|p2a: Flareon|Facade|p1a: Blastoise
|-damage|p1a: Blastoise|0 fnt
|faint|p1a: Blastoise
|
|-damage|p2a: Flareon|83/100 tox|[from] psn
|upkeep
|
|t:|1778505686
|switch|p1a: Polteageist|Polteageist-Antique|100/100
|turn|18
|
|t:|1778505695
|move|p2a: Flareon|Flare Blitz|p1a: Polteageist
|-enditem|p1a: Polteageist|Focus Sash
|-damage|p1a: Polteageist|1/100
|-ability|p1a: Polteageist|Weak Armor|boost
|-unboost|p1a: Polteageist|def|1
|-boost|p1a: Polteageist|spe|2
|-damage|p2a: Flareon|51/100 tox|[from] Recoil
|move|p1a: Polteageist|Shell Smash|p1a: Polteageist
|-unboost|p1a: Polteageist|def|1
|-unboost|p1a: Polteageist|spd|1
|-boost|p1a: Polteageist|atk|2
|-boost|p1a: Polteageist|spa|2
|-boost|p1a: Polteageist|spe|2
|
|-damage|p2a: Flareon|33/100 tox|[from] psn
|upkeep
|turn|19
|
|t:|1778505710
|-terastallize|p1a: Polteageist|Psychic
|move|p1a: Polteageist|Stored Power|p2a: Flareon
|-damage|p2a: Flareon|0 fnt
|faint|p2a: Flareon
|
|upkeep
|
|t:|1778505718
|switch|p2a: Glimmora|Glimmora, M|100/100
|turn|20
|
|t:|1778505722
|move|p1a: Polteageist|Stored Power|p2a: Glimmora
|-supereffective|p2a: Glimmora
|-crit|p2a: Glimmora
|-damage|p2a: Glimmora|0 fnt
|faint|p2a: Glimmora
|
|upkeep
|
|t:|1778505728
|switch|p2a: Salamence|Salamence, F|100/100
|turn|21
|
|t:|1778505732
|move|p1a: Polteageist|Stored Power|p2a: Salamence
|-damage|p2a: Salamence|0 fnt
|faint|p2a: Salamence
|
|win|parkinglot12321
|raw|parkinglot12321's rating: 1196 &rarr; <strong>1219</strong><br />(+23 for winning)
|raw|saiyanromeo's rating: 1162 &rarr; <strong>1139</strong><br />(-23 for losing)
|l|☆saiyanromeo
|player|p2|
|l|☆parkinglot12321
|player|p1|
