|html|<div class="broadcast-blue"><strong>[Gen 9] OU is currently suspecting Tera Blast! For information on how to participate check out the <a href="https://www.smogon.com/tools/suspects/view/200">suspect thread</a>.</strong></div>
|j|☆asurai
|j|☆Dripakuma
|t:|1776054273
|gametype|singles
|player|p1|asurai|volkner|1085
|player|p2|Dripakuma|cynthia|1040
|gen|9
|tier|[Gen 9] OU
|rated|
|rule|HP Percentage Mod: HP is shown in percentages
|rule|Endless Battle Clause: Forcing endless battles is banned
|rule|Species Clause: Limit one of each Pokémon
|rule|OHKO Clause: OHKO moves are banned
|rule|Evasion Items Clause: Evasion items are banned
|rule|Evasion Moves Clause: Evasion moves are banned
|rule|Evasion Abilities Clause: Evasion abilities are banned
|rule|Sleep Moves Clause: Sleep-inducing moves are banned
|clearpoke
|poke|p1|Zamazenta-*|
|poke|p1|Orthworm, F|
|poke|p1|Toxapex, F|
|poke|p1|Iron Valiant|
|poke|p1|Alomomola, M|
|poke|p1|Whimsicott, F|
|poke|p2|Glimmora, M|
|poke|p2|Rampardos, M|
|poke|p2|Noivern, M|
|poke|p2|Ogerpon-Cornerstone, F|
|poke|p2|Great Tusk|
|poke|p2|Kingambit, M|
|teampreview
|
|t:|1776054286
|teamsize|p1|6
|teamsize|p2|6
|start
|switch|p1a: Iron Valiant|Iron Valiant|100/100
|switch|p2a: Glimmora|Glimmora, M, shiny|100/100
|-enditem|p1a: Iron Valiant|Booster Energy
|-activate|p1a: Iron Valiant|ability: Quark Drive|[fromitem]
|-start|p1a: Iron Valiant|quarkdrivespe
|turn|1
|inactive|Battle timer is ON: inactive players will automatically lose when time's up. (requested by Dripakuma)
|
|t:|1776054298
|move|p1a: Iron Valiant|Thunderbolt|p2a: Glimmora
|-damage|p2a: Glimmora|65/100
|move|p2a: Glimmora|Mortal Spin|p1a: Iron Valiant
|-supereffective|p1a: Iron Valiant
|-damage|p1a: Iron Valiant|83/100
|-status|p1a: Iron Valiant|psn
|
|-damage|p1a: Iron Valiant|71/100 psn|[from] psn
|upkeep
|turn|2
|
|t:|1776054316
|-terastallize|p1a: Iron Valiant|Stellar
|move|p1a: Iron Valiant|Thunderbolt|p2a: Glimmora
|-damage|p2a: Glimmora|22/100
|move|p2a: Glimmora|Stealth Rock|p1a: Iron Valiant
|-sidestart|p1: asurai|move: Stealth Rock
|
|-damage|p1a: Iron Valiant|58/100 psn|[from] psn
|upkeep
|turn|3
|
|t:|1776054327
|move|p1a: Iron Valiant|Encore|p2a: Glimmora
|-start|p2a: Glimmora|Encore
|move|p2a: Glimmora|Stealth Rock||[still]
|-fail|p2a: Glimmora
|
|-damage|p1a: Iron Valiant|46/100 psn|[from] psn
|upkeep
|turn|4
|
|t:|1776054333
|move|p1a: Iron Valiant|Thunderbolt|p2a: Glimmora
|-damage|p2a: Glimmora|0 fnt
|faint|p2a: Glimmora
|
|-damage|p1a: Iron Valiant|33/100 psn|[from] psn
|upkeep
|
|t:|1776054338
|switch|p2a: Ogerpon|Ogerpon-Cornerstone, F|100/100
|turn|5
|
|t:|1776054347
|move|p1a: Iron Valiant|Close Combat|p2a: Ogerpon
|-supereffective|p2a: Ogerpon
|-ability|p2a: Ogerpon|Sturdy
|-damage|p2a: Ogerpon|1/100
|-unboost|p1a: Iron Valiant|def|1
|-unboost|p1a: Iron Valiant|spd|1
|move|p2a: Ogerpon|Substitute|p2a: Ogerpon
|-fail|p2a: Ogerpon|move: Substitute|[weak]
|
|-damage|p1a: Iron Valiant|21/100 psn|[from] psn
|upkeep
|turn|6
|
|t:|1776054361
|move|p1a: Iron Valiant|Thunderbolt|p2a: Ogerpon
|-resisted|p2a: Ogerpon
|-damage|p2a: Ogerpon|0 fnt
|faint|p2a: Ogerpon
|
|-damage|p1a: Iron Valiant|8/100 psn|[from] psn
|upkeep
|
|t:|1776054373
|switch|p2a: Great Tusk|Great Tusk, shiny|100/100
|turn|7
|
|t:|1776054379
|move|p1a: Iron Valiant|Moonblast|p2a: Great Tusk
|-supereffective|p2a: Great Tusk
|-damage|p2a: Great Tusk|0 fnt
|faint|p2a: Great Tusk
|-end|p2a: Great Tusk|Protosynthesis|[silent]
|
|-damage|p1a: Iron Valiant|0 fnt|[from] psn
|faint|p1a: Iron Valiant
|-end|p1a: Iron Valiant|Quark Drive|[silent]
|upkeep
|
|t:|1776054395
|switch|p1a: Orthworm|Orthworm, F|100/100
|switch|p2a: Noivern|Noivern, M, shiny|100/100
|-damage|p1a: Orthworm|94/100|[from] Stealth Rock
|turn|8
|
|t:|1776054404
|move|p2a: Noivern|U-turn|p1a: Orthworm
|-resisted|p1a: Orthworm
|-damage|p1a: Orthworm|91/100
|
|t:|1776054407
|switch|p2a: Rampardos|Rampardos, M, shiny|100/100|[from] U-turn
|move|p1a: Orthworm|Stealth Rock|p2a: Rampardos
|-sidestart|p2: Dripakuma|move: Stealth Rock
|
|upkeep
|turn|9
|
|t:|1776054414
|move|p2a: Rampardos|Fire Punch|p1a: Orthworm
|-supereffective|p1a: Orthworm
|-damage|p1a: Orthworm|33/100
|move|p1a: Orthworm|Iron Defense|p1a: Orthworm
|-boost|p1a: Orthworm|def|2
|
|upkeep
|turn|10
|
|t:|1776054422
|move|p2a: Rampardos|Fire Punch|p1a: Orthworm
|-supereffective|p1a: Orthworm
|-damage|p1a: Orthworm|4/100
|move|p1a: Orthworm|Body Press|p2a: Rampardos
|-supereffective|p2a: Rampardos
|-damage|p2a: Rampardos|0 fnt
|faint|p2a: Rampardos
|-damage|p1a: Orthworm|0 fnt|[from] item: Life Orb
|faint|p1a: Orthworm
|
|upkeep
|
|t:|1776054443
|switch|p2a: Noivern|Noivern, M, shiny|100/100
|switch|p1a: Whimsicott|Whimsicott, F|100/100
|-damage|p2a: Noivern|76/100|[from] Stealth Rock
|-damage|p1a: Whimsicott|88/100|[from] Stealth Rock
|turn|11
|
|t:|1776054454
|move|p1a: Whimsicott|Leech Seed|p2a: Noivern
|-start|p2a: Noivern|move: Leech Seed
|move|p2a: Noivern|Hurricane|p1a: Whimsicott|[miss]
|-miss|p2a: Noivern|p1a: Whimsicott
|
|-heal|p1a: Whimsicott|94/100|[from] item: Leftovers
|-damage|p2a: Noivern|64/100|[from] Leech Seed|[of] p1a: Whimsicott
|-heal|p1a: Whimsicott|100/100|[silent]
|upkeep
|turn|12
|
|t:|1776054463
|move|p1a: Whimsicott|Encore|p2a: Noivern
|-start|p2a: Noivern|Encore
|move|p2a: Noivern|Hurricane|p1a: Whimsicott
|-supereffective|p1a: Whimsicott
|-damage|p1a: Whimsicott|0 fnt
|faint|p1a: Whimsicott
|
|upkeep
|
|t:|1776054472
|switch|p1a: Zamazenta|Zamazenta|100/100
|-damage|p1a: Zamazenta|94/100|[from] Stealth Rock
|-ability|p1a: Zamazenta|Dauntless Shield|boost
|-boost|p1a: Zamazenta|def|1
|turn|13
|
|t:|1776054492
|move|p2a: Noivern|Hurricane|p1a: Zamazenta
|-supereffective|p1a: Zamazenta
|-damage|p1a: Zamazenta|0 fnt
|faint|p1a: Zamazenta
|
|upkeep
|
|t:|1776054497
|switch|p1a: Alomomola|Alomomola, M|100/100
|-damage|p1a: Alomomola|88/100|[from] Stealth Rock
|turn|14
|
|t:|1776054503
|move|p2a: Noivern|Hurricane|p1a: Alomomola
|-damage|p1a: Alomomola|5/100
|move|p1a: Alomomola|Mirror Coat|p2a: Noivern
|-damage|p2a: Noivern|0 fnt
|faint|p2a: Noivern
|
|upkeep
|
|t:|1776054508
|switch|p2a: Kingambit|Kingambit, M, shiny|100/100
|-damage|p2a: Kingambit|94/100|[from] Stealth Rock
|-activate|p2a: Kingambit|ability: Supreme Overlord
|-start|p2a: Kingambit|fallen5|[silent]
|turn|15
|
|t:|1776054525
|move|p1a: Alomomola|Protect|p1a: Alomomola
|-singleturn|p1a: Alomomola|Protect
|move|p2a: Kingambit|Swords Dance|p2a: Kingambit
|-boost|p2a: Kingambit|atk|2
|
|-heal|p2a: Kingambit|100/100|[from] item: Leftovers
|upkeep
|turn|16
|
|t:|1776054534
|move|p1a: Alomomola|Pain Split|p2a: Kingambit
|-sethp|p2a: Kingambit|53/100|[from] move: Pain Split|[silent]
|-sethp|p1a: Alomomola|40/100|[from] move: Pain Split
|move|p2a: Kingambit|Kowtow Cleave|p1a: Alomomola
|-damage|p1a: Alomomola|0 fnt
|faint|p1a: Alomomola
|
|-heal|p2a: Kingambit|59/100|[from] item: Leftovers
|upkeep
|
|t:|1776054542
|switch|p1a: Toxapex|Toxapex, F|100/100
|-damage|p1a: Toxapex|88/100|[from] Stealth Rock
|turn|17
|-message|asurai forfeited.
|
|win|Dripakuma
|raw|asurai's rating: 1085 &rarr; <strong>1059</strong><br />(-26 for losing)
|raw|Dripakuma's rating: 1040 &rarr; <strong>1078</strong><br />(+38 for winning)
|l|☆asurai
|player|p1|
