|html|<div class="broadcast-blue"><strong>[Gen 9] OU is currently suspecting Tera Blast! For information on how to participate check out the <a href="https://www.smogon.com/tools/suspects/view/200">suspect thread</a>.</strong></div>
|j|☆team10thPlanet
|j|☆goodnightnite
|t:|1776096483
|gametype|singles
|player|p1|team10thPlanet|veteran|1698
|player|p2|goodnightnite|cynthia-masters|1695
|gen|9
|tier|[Gen 9] OU
|rated|
|rule|HP Percentage Mod: HP is shown in percentages
|rule|Endless Battle Clause: Forcing endless battles is banned
|rule|Species Clause: Limit one of each Pokémon
|rule|OHKO Clause: OHKO moves are banned
|rule|Evasion Items Clause: Evasion items are banned
|rule|Evasion Moves Clause: Evasion moves are banned
|rule|Evasion Abilities Clause: Evasion abilities are banned
|rule|Sleep Moves Clause: Sleep-inducing moves are banned
|clearpoke
|poke|p1|Zamazenta-*|
|poke|p1|Dragonite, M|
|poke|p1|Hoopa-Unbound|
|poke|p1|Araquanid, M|
|poke|p1|Iron Treads|
|poke|p1|Raikou|
|poke|p2|Pelipper, F|
|poke|p2|Raging Bolt|
|poke|p2|Overqwil, M|
|poke|p2|Barraskewda, M|
|poke|p2|Iron Treads|
|poke|p2|Kingambit, M|
|teampreview
|inactive|Battle timer is ON: inactive players will automatically lose when time's up. (requested by goodnightnite)
|
|t:|1776096510
|teamsize|p1|6
|teamsize|p2|6
|start
|switch|p1a: Hoopa|Hoopa-Unbound|100/100
|switch|p2a: Pelipper|Pelipper, F|100/100
|-weather|RainDance|[from] ability: Drizzle|[of] p2a: Pelipper
|turn|1
|
|t:|1776096525
|switch|p2a: Iron Treads|Iron Treads|100/100
|-enditem|p2a: Iron Treads|Booster Energy
|-activate|p2a: Iron Treads|ability: Quark Drive|[fromitem]
|-start|p2a: Iron Treads|quarkdrivespe
|move|p1a: Hoopa|Dark Pulse|p2a: Iron Treads
|-damage|p2a: Iron Treads|24/100
|
|-weather|RainDance|[upkeep]
|upkeep
|turn|2
|
|t:|1776096544
|move|p2a: Iron Treads|Stealth Rock|p1a: Hoopa
|-sidestart|p1: team10thPlanet|move: Stealth Rock
|move|p1a: Hoopa|Dark Pulse|p2a: Iron Treads
|-damage|p2a: Iron Treads|0 fnt
|faint|p2a: Iron Treads
|-end|p2a: Iron Treads|Quark Drive|[silent]
|
|-weather|RainDance|[upkeep]
|upkeep
|
|t:|1776096549
|switch|p2a: Barraskewda|Barraskewda, M|100/100
|turn|3
|
|t:|1776096572
|move|p2a: Barraskewda|Flip Turn|p1a: Hoopa
|-damage|p1a: Hoopa|0 fnt
|faint|p1a: Hoopa
|
|t:|1776096577
|switch|p2a: Overqwil|Overqwil, M|100/100|[from] Flip Turn
|
|-weather|RainDance|[upkeep]
|upkeep
|
|t:|1776096585
|switch|p1a: Iron Treads|Iron Treads|100/100
|-damage|p1a: Iron Treads|97/100|[from] Stealth Rock
|-enditem|p1a: Iron Treads|Booster Energy
|-activate|p1a: Iron Treads|ability: Quark Drive|[fromitem]
|-start|p1a: Iron Treads|quarkdrivespe
|turn|4
|
|t:|1776096592
|move|p2a: Overqwil|Liquidation|p1a: Iron Treads
|-supereffective|p1a: Iron Treads
|-damage|p1a: Iron Treads|0 fnt
|faint|p1a: Iron Treads
|-end|p1a: Iron Treads|Quark Drive|[silent]
|-damage|p2a: Overqwil|91/100|[from] item: Life Orb
|
|-weather|RainDance|[upkeep]
|upkeep
|
|t:|1776096603
|switch|p1a: Johnny Tsunami 🌊|Araquanid, M|100/100
|-damage|p1a: Johnny Tsunami 🌊|75/100|[from] Stealth Rock
|turn|5
|
|t:|1776096608
|move|p2a: Overqwil|Gunk Shot|p1a: Johnny Tsunami 🌊
|-damage|p1a: Johnny Tsunami 🌊|0 fnt
|faint|p1a: Johnny Tsunami 🌊
|-damage|p2a: Overqwil|81/100|[from] item: Life Orb
|
|-weather|RainDance|[upkeep]
|upkeep
|
|t:|1776096618
|switch|p1a: Fat Boy|Dragonite, M, shiny|100/100
|-damage|p1a: Fat Boy|76/100|[from] Stealth Rock
|turn|6
|
|t:|1776096624
|-terastallize|p1a: Fat Boy|Normal
|move|p1a: Fat Boy|Extreme Speed|p2a: Overqwil
|-damage|p2a: Overqwil|0 fnt
|faint|p2a: Overqwil
|
|-weather|RainDance|[upkeep]
|upkeep
|
|t:|1776096630
|switch|p2a: Kingambit|Kingambit, M|100/100
|-activate|p2a: Kingambit|ability: Supreme Overlord
|-start|p2a: Kingambit|fallen2|[silent]
|turn|7
|
|t:|1776096638
|switch|p1a: Zamazenta|Zamazenta|100/100
|-damage|p1a: Zamazenta|94/100|[from] Stealth Rock
|-ability|p1a: Zamazenta|Dauntless Shield|boost
|-boost|p1a: Zamazenta|def|1
|move|p2a: Kingambit|Iron Head|p1a: Zamazenta
|-damage|p1a: Zamazenta|56/100
|
|-weather|RainDance|[upkeep]
|upkeep
|turn|8
|
|t:|1776096650
|-end|p2a: Kingambit|fallen2|[silent]
|switch|p2a: Raging Bolt|Raging Bolt|100/100
|-enditem|p2a: Raging Bolt|Booster Energy
|-activate|p2a: Raging Bolt|ability: Protosynthesis|[fromitem]
|-start|p2a: Raging Bolt|protosynthesisspa
|move|p1a: Zamazenta|Close Combat|p2a: Raging Bolt
|-damage|p2a: Raging Bolt|25/100
|-unboost|p1a: Zamazenta|def|1
|-unboost|p1a: Zamazenta|spd|1
|
|-weather|none
|upkeep
|turn|9
|
|t:|1776096662
|move|p1a: Zamazenta|Close Combat|p2a: Raging Bolt
|-damage|p2a: Raging Bolt|0 fnt
|-unboost|p1a: Zamazenta|def|1
|-unboost|p1a: Zamazenta|spd|1
|faint|p2a: Raging Bolt
|-end|p2a: Raging Bolt|Protosynthesis|[silent]
|
|upkeep
|
|t:|1776096666
|switch|p2a: Pelipper|Pelipper, F|100/100
|-weather|RainDance|[from] ability: Drizzle|[of] p2a: Pelipper
|turn|10
|
|t:|1776096675
|move|p1a: Zamazenta|Close Combat|p2a: Pelipper
|-resisted|p2a: Pelipper
|-damage|p2a: Pelipper|70/100
|-unboost|p1a: Zamazenta|def|1
|-unboost|p1a: Zamazenta|spd|1
|move|p2a: Pelipper|U-turn|p1a: Zamazenta
|-resisted|p1a: Zamazenta
|-damage|p1a: Zamazenta|47/100
|
|t:|1776096678
|switch|p2a: Barraskewda|Barraskewda, M|100/100|[from] U-turn
|
|-weather|RainDance|[upkeep]
|upkeep
|turn|11
|
|t:|1776096687
|move|p2a: Barraskewda|Liquidation|p1a: Zamazenta
|-damage|p1a: Zamazenta|0 fnt
|faint|p1a: Zamazenta
|
|-weather|RainDance|[upkeep]
|upkeep
|
|t:|1776096694
|switch|p1a: Fat Boy|Dragonite, M, shiny, tera:Normal|76/100
|-damage|p1a: Fat Boy|63/100|[from] Stealth Rock
|turn|12
|
|t:|1776096701
|switch|p2a: Kingambit|Kingambit, M|100/100
|-activate|p2a: Kingambit|ability: Supreme Overlord
|-start|p2a: Kingambit|fallen3|[silent]
|move|p1a: Fat Boy|Extreme Speed|p2a: Kingambit
|-resisted|p2a: Kingambit
|-damage|p2a: Kingambit|75/100
|
|-weather|RainDance|[upkeep]
|-heal|p2a: Kingambit|81/100|[from] item: Leftovers
|upkeep
|turn|13
|
|t:|1776096712
|switch|p1a: Diego ⚡️|Raikou|100/100
|-damage|p1a: Diego ⚡️|88/100|[from] Stealth Rock
|move|p2a: Kingambit|Kowtow Cleave|p1a: Diego ⚡️
|-damage|p1a: Diego ⚡️|3/100
|
|-weather|RainDance|[upkeep]
|-heal|p2a: Kingambit|88/100|[from] item: Leftovers
|upkeep
|turn|14
|
|t:|1776096723
|move|p2a: Kingambit|Sucker Punch|p1a: Diego ⚡️
|-damage|p1a: Diego ⚡️|0 fnt
|faint|p1a: Diego ⚡️
|
|-weather|RainDance|[upkeep]
|-heal|p2a: Kingambit|94/100|[from] item: Leftovers
|upkeep
|-message|team10thPlanet forfeited.
|
|win|goodnightnite
|raw|team10thPlanet's rating: 1698 &rarr; <strong>1678</strong><br />(-20 for losing)
|raw|goodnightnite's rating: 1695 &rarr; <strong>1715</strong><br />(+20 for winning)
|l|☆team10thPlanet
|player|p1|
|l|☆goodnightnite
|player|p2|
