|html|<div class="broadcast-blue"><strong>[Gen 9] OU is currently suspecting Tera Blast! For information on how to participate check out the <a href="https://www.smogon.com/tools/suspects/view/200">suspect thread</a>.</strong></div>
|badge|p2|bronze|gen9randombattle|100-9
|uhtml|medal-msg|<div class="broadcast-blue">Curious what those medals under the avatar are? PS now has Ladder Seasons! For more information, check out the <a href="https://www.smogon.com/forums/threads/3740067/">thread on Smogon.</a></div>
|j|☆kooopooolooo
|j|☆M4teo010101
|t:|1776320364
|gametype|singles
|player|p1|kooopooolooo|169|1481
|player|p2|M4teo010101|brendan-gen3rs|1425
|gen|9
|tier|[Gen 9] OU
|rated|
|rule|HP Percentage Mod: HP is shown in percentages
|rule|Endless Battle Clause: Forcing endless battles is banned
|rule|Species Clause: Limit one of each Pokémon
|rule|OHKO Clause: OHKO moves are banned
|rule|Evasion Items Clause: Evasion items are banned
|rule|Evasion Moves Clause: Evasion moves are banned
|rule|Evasion Abilities Clause: Evasion abilities are banned
|rule|Sleep Moves Clause: Sleep-inducing moves are banned
|clearpoke
|poke|p1|Tyranitar, M|
|poke|p1|Rillaboom, M|
|poke|p1|Zamazenta-*|
|poke|p1|Pecharunt|
|poke|p1|Kyurem|
|poke|p1|Iron Treads|
|poke|p2|Garganacl, M|
|poke|p2|Darkrai|
|poke|p2|Great Tusk|
|poke|p2|Hatterene, F|
|poke|p2|Tornadus-Therian, M|
|poke|p2|Dragonite, M|
|teampreview
|inactive|Battle timer is ON: inactive players will automatically lose when time's up. (requested by M4teo010101)
|
|t:|1776320378
|teamsize|p1|6
|teamsize|p2|6
|start
|switch|p1a: Rillaboom|Rillaboom, M|100/100
|switch|p2a: Darkrai|Darkrai|100/100
|-fieldstart|move: Grassy Terrain|[from] ability: Grassy Surge|[of] p1a: Rillaboom
|turn|1
|
|t:|1776320389
|switch|p1a: Lebron|Tyranitar, M|100/100
|-weather|Sandstorm|[from] ability: Sand Stream|[of] p1a: Lebron
|move|p2a: Darkrai|Sludge Bomb|p1a: Lebron
|-resisted|p1a: Lebron
|-damage|p1a: Lebron|92/100
|
|-weather|Sandstorm|[upkeep]
|-damage|p2a: Darkrai|94/100|[from] Sandstorm
|-heal|p2a: Darkrai|100/100|[from] Grassy Terrain
|-heal|p1a: Lebron|98/100|[from] Grassy Terrain
|upkeep
|turn|2
|
|t:|1776320400
|switch|p2a: Hatterene|Hatterene, F|100/100
|move|p1a: Lebron|Knock Off|p2a: Hatterene
|-damage|p2a: Hatterene|64/100
|-damage|p1a: Lebron|82/100|[from] item: Rocky Helmet|[of] p2a: Hatterene
|-enditem|p2a: Hatterene|Rocky Helmet|[from] move: Knock Off|[of] p1a: Lebron
|
|-weather|Sandstorm|[upkeep]
|-damage|p2a: Hatterene|58/100|[from] Sandstorm
|-heal|p1a: Lebron|88/100|[from] Grassy Terrain
|-heal|p2a: Hatterene|64/100|[from] Grassy Terrain
|upkeep
|turn|3
|
|t:|1776320411
|move|p1a: Lebron|Power Gem|p2a: Hatterene
|-damage|p2a: Hatterene|31/100
|move|p2a: Hatterene|Pain Split|p1a: Lebron
|-sethp|p1a: Lebron|56/100|[from] move: Pain Split|[silent]
|-sethp|p2a: Hatterene|72/100|[from] move: Pain Split
|
|-weather|Sandstorm|[upkeep]
|-damage|p2a: Hatterene|66/100|[from] Sandstorm
|-heal|p1a: Lebron|62/100|[from] Grassy Terrain
|-heal|p2a: Hatterene|72/100|[from] Grassy Terrain
|upkeep
|turn|4
|
|t:|1776320422
|switch|p1a: Iron Treads|Iron Treads|100/100
|-enditem|p1a: Iron Treads|Booster Energy
|-activate|p1a: Iron Treads|ability: Quark Drive|[fromitem]
|-start|p1a: Iron Treads|quarkdrivespe
|move|p2a: Hatterene|Nuzzle|p1a: Iron Treads
|-immune|p1a: Iron Treads
|
|-weather|Sandstorm|[upkeep]
|-damage|p2a: Hatterene|66/100|[from] Sandstorm
|-heal|p2a: Hatterene|72/100|[from] Grassy Terrain
|upkeep
|turn|5
|
|t:|1776320433
|move|p1a: Iron Treads|Flash Cannon|p2a: Hatterene
|-supereffective|p2a: Hatterene
|-damage|p2a: Hatterene|9/100
|move|p2a: Hatterene|Pain Split|p1a: Iron Treads
|-sethp|p1a: Iron Treads|54/100|[from] move: Pain Split|[silent]
|-sethp|p2a: Hatterene|55/100|[from] move: Pain Split
|
|-weather|none
|-heal|p1a: Iron Treads|61/100|[from] Grassy Terrain
|-heal|p2a: Hatterene|61/100|[from] Grassy Terrain
|-fieldend|move: Grassy Terrain
|upkeep
|turn|6
|
|t:|1776320444
|switch|p2a: Tornadus|Tornadus-Therian, M, shiny|100/100
|move|p1a: Iron Treads|Flash Cannon|p2a: Tornadus
|-damage|p2a: Tornadus|80/100
|
|upkeep
|turn|7
|
|t:|1776320454
|move|p1a: Iron Treads|Stealth Rock|p2a: Tornadus
|-sidestart|p2: M4teo010101|move: Stealth Rock
|move|p2a: Tornadus|Heat Wave|p1a: Iron Treads
|-supereffective|p1a: Iron Treads
|-damage|p1a: Iron Treads|0 fnt
|faint|p1a: Iron Treads
|-end|p1a: Iron Treads|Quark Drive|[silent]
|
|upkeep
|
|t:|1776320460
|switch|p1a: Lebron|Tyranitar, M|62/100
|-weather|Sandstorm|[from] ability: Sand Stream|[of] p1a: Lebron
|turn|8
|
|t:|1776320470
|move|p2a: Tornadus|U-turn|p1a: Lebron
|-supereffective|p1a: Lebron
|-damage|p1a: Lebron|38/100
|
|t:|1776320481
|switch|p2a: Great Tusk|Great Tusk|100/100|[from] U-turn
|-damage|p2a: Great Tusk|98/100|[from] Stealth Rock
|-enditem|p2a: Great Tusk|Booster Energy
|-activate|p2a: Great Tusk|ability: Protosynthesis|[fromitem]
|-start|p2a: Great Tusk|protosynthesisatk
|move|p1a: Lebron|Ice Beam|p2a: Great Tusk
|-supereffective|p2a: Great Tusk
|-damage|p2a: Great Tusk|29/100
|
|-weather|Sandstorm|[upkeep]
|upkeep
|turn|9
|
|t:|1776320490
|move|p2a: Great Tusk|Rapid Spin|p1a: Lebron
|-resisted|p1a: Lebron
|-damage|p1a: Lebron|29/100
|-boost|p2a: Great Tusk|spe|1
|-sideend|p2: M4teo010101|Stealth Rock|[from] move: Rapid Spin|[of] p2a: Great Tusk
|move|p1a: Lebron|Ice Beam|p2a: Great Tusk
|-supereffective|p2a: Great Tusk
|-damage|p2a: Great Tusk|0 fnt
|faint|p2a: Great Tusk
|-end|p2a: Great Tusk|Protosynthesis|[silent]
|
|-weather|Sandstorm|[upkeep]
|upkeep
|
|t:|1776320496
|switch|p2a: Garganacl|Garganacl, M|100/100
|turn|10
|
|t:|1776320502
|move|p1a: Lebron|Knock Off|p2a: Garganacl
|-damage|p2a: Garganacl|69/100
|-enditem|p2a: Garganacl|Leftovers|[from] move: Knock Off|[of] p1a: Lebron
|move|p2a: Garganacl|Stealth Rock|p1a: Lebron
|-sidestart|p1: kooopooolooo|move: Stealth Rock
|
|-weather|Sandstorm|[upkeep]
|upkeep
|turn|11
|
|t:|1776320508
|move|p2a: Garganacl|Salt Cure|p1a: Lebron
|-damage|p1a: Lebron|19/100
|-start|p1a: Lebron|Salt Cure
|move|p1a: Lebron|Dragon Tail|p2a: Garganacl
|-damage|p2a: Garganacl|56/100
|drag|p2a: Tornadus|Tornadus-Therian, M, shiny|100/100
|
|-weather|Sandstorm|[upkeep]
|-damage|p2a: Tornadus|94/100|[from] Sandstorm
|-damage|p1a: Lebron|7/100|[from] Salt Cure
|upkeep
|turn|12
|
|t:|1776320514
|move|p2a: Tornadus|U-turn|p1a: Lebron
|-supereffective|p1a: Lebron
|-damage|p1a: Lebron|0 fnt
|faint|p1a: Lebron
|
|t:|1776320520
|switch|p2a: Darkrai|Darkrai|100/100|[from] U-turn
|
|-weather|none
|upkeep
|
|t:|1776320524
|switch|p1a: Zamazenta|Zamazenta|100/100
|-ability|p1a: Zamazenta|Dauntless Shield|boost
|-boost|p1a: Zamazenta|def|1
|turn|13
|
|t:|1776320535
|switch|p1a: Pecharunt|Pecharunt|100/100
|switch|p2a: Hatterene|Hatterene, F|61/100
|
|upkeep
|turn|14
|
|t:|1776320545
|switch|p2a: Garganacl|Garganacl, M|56/100
|move|p1a: Pecharunt|Malignant Chain|p2a: Garganacl
|-resisted|p2a: Garganacl
|-damage|p2a: Garganacl|46/100
|
|upkeep
|turn|15
|
|t:|1776320556
|move|p1a: Pecharunt|Parting Shot|p2a: Garganacl
|-unboost|p2a: Garganacl|atk|1
|-unboost|p2a: Garganacl|spa|1
|
|t:|1776320559
|switch|p1a: Rillaboom|Rillaboom, M|100/100|[from] Parting Shot
|-damage|p1a: Rillaboom|88/100|[from] Stealth Rock
|-fieldstart|move: Grassy Terrain|[from] ability: Grassy Surge|[of] p1a: Rillaboom
|move|p2a: Garganacl|Recover|p2a: Garganacl
|-heal|p2a: Garganacl|96/100
|
|-heal|p1a: Rillaboom|94/100|[from] Grassy Terrain
|-heal|p2a: Garganacl|100/100|[from] Grassy Terrain
|upkeep
|turn|16
|
|t:|1776320569
|switch|p2a: Tornadus|Tornadus-Therian, M, shiny|100/100
|move|p1a: Rillaboom|Wood Hammer|p2a: Tornadus
|-resisted|p2a: Tornadus
|-damage|p2a: Tornadus|30/100
|-damage|p1a: Rillaboom|71/100|[from] Recoil
|
|-heal|p1a: Rillaboom|77/100|[from] Grassy Terrain
|upkeep
|turn|17
|
|t:|1776320580
|switch|p1a: Pecharunt|Pecharunt|100/100
|move|p2a: Tornadus|Bleakwind Storm|p1a: Pecharunt
|-damage|p1a: Pecharunt|65/100
|
|-heal|p1a: Pecharunt|72/100|[from] Grassy Terrain
|upkeep
|turn|18
|
|t:|1776320591
|switch|p2a: Darkrai|Darkrai|100/100
|move|p1a: Pecharunt|Parting Shot|p2a: Darkrai
|-unboost|p2a: Darkrai|atk|1
|-unboost|p2a: Darkrai|spa|1
|
|t:|1776320594
|switch|p1a: Zamazenta|Zamazenta|100/100|[from] Parting Shot
|
|upkeep
|turn|19
|
|t:|1776320605
|switch|p2a: Hatterene|Hatterene, F|61/100
|move|p1a: Zamazenta|Close Combat|p2a: Hatterene
|-resisted|p2a: Hatterene
|-crit|p2a: Hatterene
|-damage|p2a: Hatterene|44/100
|-unboost|p1a: Zamazenta|def|1
|-unboost|p1a: Zamazenta|spd|1
|
|-heal|p2a: Hatterene|50/100|[from] Grassy Terrain
|-fieldend|move: Grassy Terrain
|upkeep
|turn|20
|
|t:|1776320616
|move|p1a: Zamazenta|Heavy Slam|p2a: Hatterene
|-supereffective|p2a: Hatterene
|-damage|p2a: Hatterene|0 fnt
|faint|p2a: Hatterene
|
|upkeep
|
|t:|1776320627
|switch|p2a: Dragonite|Dragonite, M|100/100
|turn|21
|
|t:|1776320637
|switch|p1a: Please Ban|Kyurem|100/100
|-damage|p1a: Please Ban|76/100|[from] Stealth Rock
|-ability|p1a: Please Ban|Pressure
|move|p2a: Dragonite|Earthquake|p1a: Please Ban
|-damage|p1a: Please Ban|40/100
|
|upkeep
|turn|22
|
|t:|1776320648
|switch|p2a: Garganacl|Garganacl, M|100/100
|move|p1a: Please Ban|Icicle Spear|p2a: Garganacl
|-damage|p2a: Garganacl|92/100
|-damage|p2a: Garganacl|82/100
|-damage|p2a: Garganacl|73/100
|-damage|p2a: Garganacl|63/100
|-hitcount|p2a: Garganacl|4
|
|upkeep
|turn|23
|
|t:|1776320659
|move|p1a: Please Ban|Icicle Spear|p2a: Garganacl
|-damage|p2a: Garganacl|54/100
|-damage|p2a: Garganacl|46/100
|-damage|p2a: Garganacl|37/100
|-damage|p2a: Garganacl|29/100
|-damage|p2a: Garganacl|21/100
|-hitcount|p2a: Garganacl|5
|move|p2a: Garganacl|Recover|p2a: Garganacl
|-heal|p2a: Garganacl|71/100
|
|upkeep
|turn|24
|
|t:|1776320670
|move|p1a: Please Ban|Dragon Dance|p1a: Please Ban
|-boost|p1a: Please Ban|atk|1
|-boost|p1a: Please Ban|spe|1
|move|p2a: Garganacl|Recover|p2a: Garganacl
|-heal|p2a: Garganacl|100/100
|
|upkeep
|turn|25
|
|t:|1776320680
|move|p1a: Please Ban|Icicle Spear|p2a: Garganacl
|-damage|p2a: Garganacl|88/100
|-damage|p2a: Garganacl|75/100
|-damage|p2a: Garganacl|61/100
|-damage|p2a: Garganacl|49/100
|-crit|p2a: Garganacl
|-damage|p2a: Garganacl|29/100
|-hitcount|p2a: Garganacl|5
|move|p2a: Garganacl|Salt Cure|p1a: Please Ban
|-supereffective|p1a: Please Ban
|-damage|p1a: Please Ban|15/100
|-start|p1a: Please Ban|Salt Cure
|
|-damage|p1a: Please Ban|3/100|[from] Salt Cure
|upkeep
|turn|26
|
|t:|1776320691
|move|p2a: Garganacl|Protect|p2a: Garganacl
|-singleturn|p2a: Garganacl|Protect
|move|p1a: Please Ban|Icicle Spear|p2a: Garganacl
|-activate|p2a: Garganacl|move: Protect
|
|-damage|p1a: Please Ban|0 fnt|[from] Salt Cure
|faint|p1a: Please Ban
|upkeep
|
|t:|1776320700
|switch|p1a: Rillaboom|Rillaboom, M|77/100
|-damage|p1a: Rillaboom|65/100|[from] Stealth Rock
|-fieldstart|move: Grassy Terrain|[from] ability: Grassy Surge|[of] p1a: Rillaboom
|turn|27
|
|t:|1776320710
|move|p1a: Rillaboom|Wood Hammer|p2a: Garganacl
|-supereffective|p2a: Garganacl
|-damage|p2a: Garganacl|0 fnt
|faint|p2a: Garganacl
|-damage|p1a: Rillaboom|54/100|[from] Recoil
|
|-heal|p1a: Rillaboom|60/100|[from] Grassy Terrain
|upkeep
|
|t:|1776320721
|switch|p2a: Darkrai|Darkrai|100/100
|turn|28
|
|t:|1776320732
|move|p2a: Darkrai|Psychic|p1a: Rillaboom
|-damage|p1a: Rillaboom|0 fnt
|faint|p1a: Rillaboom
|
|upkeep
|
|t:|1776320739
|switch|p1a: Pecharunt|Pecharunt|72/100
|turn|29
|
|t:|1776320749
|-terastallize|p1a: Pecharunt|Dark
|move|p2a: Darkrai|Psychic|p1a: Pecharunt
|-immune|p1a: Pecharunt
|move|p1a: Pecharunt|Malignant Chain|p2a: Darkrai
|-damage|p2a: Darkrai|59/100
|
|-heal|p2a: Darkrai|65/100|[from] Grassy Terrain
|-heal|p1a: Pecharunt|78/100|[from] Grassy Terrain
|upkeep
|turn|30
|
|t:|1776320760
|switch|p2a: Tornadus|Tornadus-Therian, M, shiny|63/100
|move|p1a: Pecharunt|Malignant Chain|p2a: Tornadus
|-damage|p2a: Tornadus|43/100
|
|-heal|p1a: Pecharunt|84/100|[from] Grassy Terrain
|upkeep
|turn|31
|
|t:|1776320773
|move|p2a: Tornadus|U-turn|p1a: Pecharunt
|-supereffective|p1a: Pecharunt
|-crit|p1a: Pecharunt
|-damage|p1a: Pecharunt|61/100
|
|t:|1776320785
|switch|p2a: Darkrai|Darkrai|65/100|[from] U-turn
|move|p1a: Pecharunt|Malignant Chain|p2a: Darkrai
|-damage|p2a: Darkrai|25/100
|
|-heal|p2a: Darkrai|31/100|[from] Grassy Terrain
|-heal|p1a: Pecharunt|67/100|[from] Grassy Terrain
|-fieldend|move: Grassy Terrain
|upkeep
|turn|32
|
|t:|1776320797
|switch|p1a: Zamazenta|Zamazenta|100/100
|move|p2a: Darkrai|Focus Blast|p1a: Zamazenta
|-damage|p1a: Zamazenta|43/100
|-unboost|p1a: Zamazenta|spd|1
|
|upkeep
|turn|33
|
|t:|1776320808
|move|p1a: Zamazenta|Heavy Slam|p2a: Darkrai
|-damage|p2a: Darkrai|0 fnt
|faint|p2a: Darkrai
|
|upkeep
|
|t:|1776320819
|switch|p2a: Tornadus|Tornadus-Therian, M, shiny|76/100
|turn|34
|
|t:|1776320829
|move|p1a: Zamazenta|Psychic Fangs|p2a: Tornadus
|-damage|p2a: Tornadus|43/100
|move|p2a: Tornadus|U-turn|p1a: Zamazenta
|-resisted|p1a: Zamazenta
|-damage|p1a: Zamazenta|36/100
|
|t:|1776320836
|switch|p2a: Dragonite|Dragonite, M|100/100|[from] U-turn
|
|upkeep
|turn|35
|
|t:|1776320841
|switch|p1a: Pecharunt|Pecharunt, tera:Dark|67/100
|move|p2a: Dragonite|Dragon Dance|p2a: Dragonite
|-boost|p2a: Dragonite|atk|1
|-boost|p2a: Dragonite|spe|1
|
|upkeep
|turn|36
|
|t:|1776320853
|move|p2a: Dragonite|Dragon Dance|p2a: Dragonite
|-boost|p2a: Dragonite|atk|1
|-boost|p2a: Dragonite|spe|1
|move|p1a: Pecharunt|Recover|p1a: Pecharunt
|-heal|p1a: Pecharunt|100/100
|
|upkeep
|turn|37
|
|t:|1776320858
|move|p2a: Dragonite|Dragon Dance|p2a: Dragonite
|-boost|p2a: Dragonite|atk|1
|-boost|p2a: Dragonite|spe|1
|move|p1a: Pecharunt|Malignant Chain|p2a: Dragonite
|-damage|p2a: Dragonite|87/100
|-status|p2a: Dragonite|tox
|-start|p2a: Dragonite|confusion|[from] ability: Poison Puppeteer|[of] p1a: Pecharunt
|
|-damage|p2a: Dragonite|81/100 tox|[from] psn
|upkeep
|turn|38
|
|t:|1776320865
|switch|p2a: Tornadus|Tornadus-Therian, M, shiny|77/100
|move|p1a: Pecharunt|Foul Play|p2a: Tornadus
|-damage|p2a: Tornadus|42/100
|
|upkeep
|turn|39
|
|t:|1776320870
|move|p2a: Tornadus|Bleakwind Storm|p1a: Pecharunt
|-damage|p1a: Pecharunt|66/100
|move|p1a: Pecharunt|Malignant Chain|p2a: Tornadus
|-damage|p2a: Tornadus|22/100
|-status|p2a: Tornadus|tox
|-start|p2a: Tornadus|confusion|[from] ability: Poison Puppeteer|[of] p1a: Pecharunt
|
|-damage|p2a: Tornadus|16/100 tox|[from] psn
|upkeep
|turn|40
|
|t:|1776320876
|-activate|p2a: Tornadus|confusion
|-damage|p2a: Tornadus|7/100 tox|[from] confusion
|move|p1a: Pecharunt|Foul Play|p2a: Tornadus
|-damage|p2a: Tornadus|0 fnt
|faint|p2a: Tornadus
|
|upkeep
|
|t:|1776320882
|switch|p2a: Dragonite|Dragonite, M|81/100 tox
|turn|41
|
|t:|1776320887
|move|p2a: Dragonite|Roost|p2a: Dragonite
|-heal|p2a: Dragonite|100/100 tox
|-singleturn|p2a: Dragonite|move: Roost
|move|p1a: Pecharunt|Foul Play|p2a: Dragonite
|-damage|p2a: Dragonite|72/100 tox
|
|-damage|p2a: Dragonite|66/100 tox|[from] psn
|upkeep
|turn|42
|
|t:|1776320893
|move|p2a: Dragonite|Roost|p2a: Dragonite
|-heal|p2a: Dragonite|100/100 tox
|-singleturn|p2a: Dragonite|move: Roost
|move|p1a: Pecharunt|Foul Play|p2a: Dragonite
|-damage|p2a: Dragonite|75/100 tox
|
|-damage|p2a: Dragonite|63/100 tox|[from] psn
|upkeep
|turn|43
|
|t:|1776320898
|move|p2a: Dragonite|Roost|p2a: Dragonite
|-heal|p2a: Dragonite|100/100 tox
|-singleturn|p2a: Dragonite|move: Roost
|move|p1a: Pecharunt|Foul Play|p2a: Dragonite
|-damage|p2a: Dragonite|71/100 tox
|
|-damage|p2a: Dragonite|53/100 tox|[from] psn
|upkeep
|turn|44
|
|t:|1776320903
|move|p2a: Dragonite|Roost|p2a: Dragonite
|-heal|p2a: Dragonite|100/100 tox
|-singleturn|p2a: Dragonite|move: Roost
|move|p1a: Pecharunt|Foul Play|p2a: Dragonite
|-damage|p2a: Dragonite|74/100 tox
|
|-damage|p2a: Dragonite|50/100 tox|[from] psn
|upkeep
|turn|45
|
|t:|1776320909
|move|p2a: Dragonite|Roost|p2a: Dragonite
|-heal|p2a: Dragonite|99/100 tox
|-singleturn|p2a: Dragonite|move: Roost
|move|p1a: Pecharunt|Foul Play|p2a: Dragonite
|-damage|p2a: Dragonite|45/100 tox
|
|-damage|p2a: Dragonite|14/100 tox|[from] psn
|upkeep
|turn|46
|
|t:|1776320914
|move|p2a: Dragonite|Earthquake|p1a: Pecharunt
|-damage|p1a: Pecharunt|48/100
|move|p1a: Pecharunt|Foul Play|p2a: Dragonite
|-damage|p2a: Dragonite|0 fnt
|faint|p2a: Dragonite
|
|win|kooopooolooo
|raw|kooopooolooo's rating: 1481 &rarr; <strong>1498</strong><br />(+17 for winning)
|raw|M4teo010101's rating: 1425 &rarr; <strong>1408</strong><br />(-17 for losing)
