|html|<div class="broadcast-blue"><strong>[Gen 9] OU is currently suspecting Tera Blast! For information on how to participate check out the <a href="https://www.smogon.com/tools/suspects/view/200">suspect thread</a>.</strong></div>
|j|☆ItsGarm
|j|☆fish sucker 7000
|t:|1776161093
|gametype|singles
|player|p1|ItsGarm|1|1119
|player|p2|fish sucker 7000|266|1155
|gen|9
|tier|[Gen 9] OU
|rated|
|rule|HP Percentage Mod: HP is shown in percentages
|rule|Endless Battle Clause: Forcing endless battles is banned
|rule|Species Clause: Limit one of each Pokémon
|rule|OHKO Clause: OHKO moves are banned
|rule|Evasion Items Clause: Evasion items are banned
|rule|Evasion Moves Clause: Evasion moves are banned
|rule|Evasion Abilities Clause: Evasion abilities are banned
|rule|Sleep Moves Clause: Sleep-inducing moves are banned
|clearpoke
|poke|p1|Blissey, F|
|poke|p1|Gliscor, F|
|poke|p1|Skeledirge, F|
|poke|p1|Toxapex, F|
|poke|p1|Clodsire, F|
|poke|p1|Ting-Lu|
|poke|p2|Gliscor, F|
|poke|p2|Clefable, F|
|poke|p2|Dondozo, M|
|poke|p2|Blissey, F|
|poke|p2|Clodsire, M|
|poke|p2|Corviknight, M|
|teampreview
|j| ohko_smeargle
|
|t:|1776161101
|teamsize|p1|6
|teamsize|p2|6
|start
|switch|p1a: Blissey|Blissey, F|100/100
|switch|p2a: Gliscor|Gliscor, F|100/100
|turn|1
|
|t:|1776161115
|move|p2a: Gliscor|Spikes|p1a: Blissey
|-sidestart|p1: ItsGarm|Spikes
|move|p1a: Blissey|Stealth Rock|p2a: Gliscor
|-sidestart|p2: fish sucker 7000|move: Stealth Rock
|
|-status|p2a: Gliscor|tox|[from] item: Toxic Orb
|upkeep
|turn|2
|
|t:|1776161125
|move|p2a: Gliscor|Spikes|p1a: Blissey
|-sidestart|p1: ItsGarm|Spikes
|move|p1a: Blissey|Seismic Toss|p2a: Gliscor
|-damage|p2a: Gliscor|72/100 tox
|
|-heal|p2a: Gliscor|85/100 tox|[from] ability: Poison Heal
|upkeep
|turn|3
|
|t:|1776161132
|move|p2a: Gliscor|Spikes|p1a: Blissey
|-sidestart|p1: ItsGarm|Spikes
|move|p1a: Blissey|Seismic Toss|p2a: Gliscor
|-damage|p2a: Gliscor|56/100 tox
|
|-heal|p2a: Gliscor|69/100 tox|[from] ability: Poison Heal
|upkeep
|turn|4
|
|t:|1776161153
|move|p2a: Gliscor|Earthquake|p1a: Blissey
|-damage|p1a: Blissey|69/100
|move|p1a: Blissey|Seismic Toss|p2a: Gliscor
|-damage|p2a: Gliscor|40/100 tox
|
|-heal|p2a: Gliscor|53/100 tox|[from] ability: Poison Heal
|upkeep
|turn|5
|
|t:|1776161164
|switch|p1a: Toxapex|Toxapex, F|100/100
|move|p2a: Gliscor|Protect||[still]
|-fail|p2a: Gliscor
|
|-heal|p2a: Gliscor|65/100 tox|[from] ability: Poison Heal
|upkeep
|turn|6
|
|t:|1776161174
|switch|p2a: Clefable|Clefable, F|100/100
|move|p1a: Toxapex|Toxic|p2a: Clefable
|-status|p2a: Clefable|tox
|
|upkeep
|turn|7
|
|t:|1776161190
|switch|p1a: Gliscor|Gliscor, F|100/100
|move|p2a: Clefable|Stealth Rock|p1a: Gliscor
|-sidestart|p1: ItsGarm|move: Stealth Rock
|
|-status|p1a: Gliscor|tox|[from] item: Toxic Orb
|upkeep
|turn|8
|
|t:|1776161222
|switch|p2a: Corviknight|Corviknight, M|100/100
|-damage|p2a: Corviknight|88/100|[from] Stealth Rock
|-ability|p2a: Corviknight|Pressure
|move|p1a: Gliscor|Knock Off|p2a: Corviknight
|-damage|p2a: Corviknight|76/100
|-damage|p1a: Gliscor|84/100 tox|[from] item: Rocky Helmet|[of] p2a: Corviknight
|-enditem|p2a: Corviknight|Rocky Helmet|[from] move: Knock Off|[of] p1a: Gliscor
|
|-heal|p1a: Gliscor|97/100 tox|[from] ability: Poison Heal
|upkeep
|turn|9
|
|t:|1776161256
|switch|p1a: Ting-Lu|Ting-Lu|100/100
|-damage|p1a: Ting-Lu|76/100|[from] Spikes
|-damage|p1a: Ting-Lu|69/100|[from] Stealth Rock
|-ability|p1a: Ting-Lu|Vessel of Ruin
|move|p2a: Corviknight|Iron Defense|p2a: Corviknight
|-boost|p2a: Corviknight|def|2
|
|-heal|p1a: Ting-Lu|76/100|[from] item: Leftovers
|upkeep
|turn|10
|
|t:|1776161276
|move|p2a: Corviknight|Body Press|p1a: Ting-Lu
|-supereffective|p1a: Ting-Lu
|-damage|p1a: Ting-Lu|15/100
|move|p1a: Ting-Lu|Whirlwind|p2a: Corviknight
|drag|p2a: Blissey|Blissey, F|100/100
|
|-heal|p1a: Ting-Lu|22/100|[from] item: Leftovers
|upkeep
|turn|11
|
|t:|1776161289
|switch|p1a: Skeledirge|Skeledirge, F|100/100
|move|p2a: Blissey|Calm Mind|p2a: Blissey
|-boost|p2a: Blissey|spa|1
|-boost|p2a: Blissey|spd|1
|
|upkeep
|turn|12
|
|t:|1776161304
|switch|p2a: Gliscor|Gliscor, F|65/100 tox
|-damage|p2a: Gliscor|53/100 tox|[from] Stealth Rock
|move|p1a: Skeledirge|Torch Song|p2a: Gliscor
|-damage|p2a: Gliscor|17/100 tox
|-boost|p1a: Skeledirge|spa|1
|
|-heal|p2a: Gliscor|29/100 tox|[from] ability: Poison Heal
|upkeep
|turn|13
|
|t:|1776161316
|move|p2a: Gliscor|Protect|p2a: Gliscor
|-singleturn|p2a: Gliscor|Protect
|move|p1a: Skeledirge|Torch Song|p2a: Gliscor
|-activate|p2a: Gliscor|move: Protect
|
|-heal|p2a: Gliscor|42/100 tox|[from] ability: Poison Heal
|upkeep
|turn|14
|
|t:|1776161328
|switch|p2a: Dondozo|Dondozo, M|100/100
|move|p1a: Skeledirge|Torch Song|p2a: Dondozo
|-resisted|p2a: Dondozo
|-damage|p2a: Dondozo|87/100
|-boost|p1a: Skeledirge|spa|1
|
|upkeep
|turn|15
|
|t:|1776161341
|-terastallize|p1a: Skeledirge|Ghost
|move|p1a: Skeledirge|Hex|p2a: Dondozo
|-damage|p2a: Dondozo|55/100
|move|p2a: Dondozo|Curse|p2a: Dondozo
|-unboost|p2a: Dondozo|spe|1
|-boost|p2a: Dondozo|atk|1
|-boost|p2a: Dondozo|def|1
|
|upkeep
|turn|16
|
|t:|1776161364
|move|p1a: Skeledirge|Hex|p2a: Dondozo
|-damage|p2a: Dondozo|26/100
|move|p2a: Dondozo|Rest|p2a: Dondozo
|-status|p2a: Dondozo|slp|[from] move: Rest
|-heal|p2a: Dondozo|100/100 slp|[silent]
|
|upkeep
|turn|17
|inactive|Battle timer is ON: inactive players will automatically lose when time's up. (requested by ItsGarm)
|
|t:|1776161379
|switch|p2a: Blissey|Blissey, F|100/100
|move|p1a: Skeledirge|Torch Song|p2a: Blissey
|-damage|p2a: Blissey|83/100
|-boost|p1a: Skeledirge|spa|1
|
|upkeep
|turn|18
|
|t:|1776161389
|move|p1a: Skeledirge|Torch Song|p2a: Blissey
|-damage|p2a: Blissey|61/100
|-boost|p1a: Skeledirge|spa|1
|move|p2a: Blissey|Calm Mind|p2a: Blissey
|-boost|p2a: Blissey|spa|1
|-boost|p2a: Blissey|spd|1
|
|upkeep
|turn|19
|
|t:|1776161405
|move|p1a: Skeledirge|Torch Song|p2a: Blissey
|-damage|p2a: Blissey|36/100
|-boost|p1a: Skeledirge|spa|1
|move|p2a: Blissey|Soft-Boiled|p2a: Blissey
|-heal|p2a: Blissey|86/100
|
|upkeep
|turn|20
|
|t:|1776161414
|move|p1a: Skeledirge|Torch Song|p2a: Blissey
|-damage|p2a: Blissey|52/100
|-boost|p1a: Skeledirge|spa|1
|move|p2a: Blissey|Calm Mind|p2a: Blissey
|-boost|p2a: Blissey|spa|1
|-boost|p2a: Blissey|spd|1
|
|upkeep
|turn|21
|
|t:|1776161422
|move|p1a: Skeledirge|Will-O-Wisp|p2a: Blissey
|-status|p2a: Blissey|brn
|move|p2a: Blissey|Soft-Boiled|p2a: Blissey
|-heal|p2a: Blissey|100/100 brn
|
|-damage|p2a: Blissey|94/100 brn|[from] brn
|upkeep
|turn|22
|
|t:|1776161433
|move|p1a: Skeledirge|Torch Song|p2a: Blissey
|-damage|p2a: Blissey|58/100 brn
|move|p2a: Blissey|Shadow Ball|p1a: Skeledirge
|-supereffective|p1a: Skeledirge
|-damage|p1a: Skeledirge|79/100
|
|-damage|p2a: Blissey|51/100 brn|[from] brn
|upkeep
|turn|23
|
|t:|1776161441
|move|p1a: Skeledirge|Torch Song|p2a: Blissey
|-damage|p2a: Blissey|12/100 brn
|move|p2a: Blissey|Soft-Boiled|p2a: Blissey
|-heal|p2a: Blissey|62/100 brn
|
|-damage|p2a: Blissey|56/100 brn|[from] brn
|upkeep
|turn|24
|
|t:|1776161447
|move|p1a: Skeledirge|Torch Song|p2a: Blissey
|-damage|p2a: Blissey|19/100 brn
|move|p2a: Blissey|Soft-Boiled|p2a: Blissey
|-heal|p2a: Blissey|69/100 brn
|
|-damage|p2a: Blissey|63/100 brn|[from] brn
|upkeep
|turn|25
|
|t:|1776161460
|-curestatus|p2a: Blissey|brn|[from] ability: Natural Cure
|switch|p2a: Dondozo|Dondozo, M|100/100 slp
|move|p1a: Skeledirge|Torch Song|p2a: Dondozo
|-resisted|p2a: Dondozo
|-damage|p2a: Dondozo|87/100 slp
|
|upkeep
|turn|26
|
|t:|1776161472
|switch|p2a: Blissey|Blissey, F|63/100
|move|p1a: Skeledirge|Hex|p2a: Blissey
|-immune|p2a: Blissey
|
|upkeep
|turn|27
|
|t:|1776161482
|switch|p2a: Clodsire|Clodsire, M|100/100
|move|p1a: Skeledirge|Will-O-Wisp|p2a: Clodsire
|-status|p2a: Clodsire|brn
|
|-damage|p2a: Clodsire|94/100 brn|[from] brn
|upkeep
|turn|28
|
|t:|1776161496
|move|p1a: Skeledirge|Hex|p2a: Clodsire
|-crit|p2a: Clodsire
|-damage|p2a: Clodsire|44/100 brn
|move|p2a: Clodsire|Amnesia|p2a: Clodsire
|-boost|p2a: Clodsire|spd|2
|
|-damage|p2a: Clodsire|38/100 brn|[from] brn
|upkeep
|turn|29
|
|t:|1776161504
|move|p1a: Skeledirge|Hex|p2a: Clodsire
|-damage|p2a: Clodsire|5/100 brn
|move|p2a: Clodsire|Recover|p2a: Clodsire
|-heal|p2a: Clodsire|55/100 brn
|
|-damage|p2a: Clodsire|49/100 brn|[from] brn
|upkeep
|turn|30
|
|t:|1776161509
|move|p1a: Skeledirge|Hex|p2a: Clodsire
|-damage|p2a: Clodsire|13/100 brn
|move|p2a: Clodsire|Recover|p2a: Clodsire
|-heal|p2a: Clodsire|63/100 brn
|
|-damage|p2a: Clodsire|57/100 brn|[from] brn
|upkeep
|turn|31
|
|t:|1776161513
|move|p1a: Skeledirge|Hex|p2a: Clodsire
|-damage|p2a: Clodsire|23/100 brn
|move|p2a: Clodsire|Recover|p2a: Clodsire
|-heal|p2a: Clodsire|73/100 brn
|
|-damage|p2a: Clodsire|67/100 brn|[from] brn
|upkeep
|turn|32
|
|t:|1776161520
|move|p1a: Skeledirge|Hex|p2a: Clodsire
|-damage|p2a: Clodsire|33/100 brn
|move|p2a: Clodsire|Recover|p2a: Clodsire
|-heal|p2a: Clodsire|83/100 brn
|
|-damage|p2a: Clodsire|77/100 brn|[from] brn
|upkeep
|turn|33
|
|t:|1776161527
|switch|p2a: Blissey|Blissey, F|63/100
|move|p1a: Skeledirge|Hex|p2a: Blissey
|-immune|p2a: Blissey
|
|upkeep
|turn|34
|
|t:|1776161537
|switch|p2a: Clodsire|Clodsire, M|77/100 brn
|move|p1a: Skeledirge|Will-O-Wisp|p2a: Clodsire|[miss]
|-miss|p1a: Skeledirge|p2a: Clodsire
|
|-damage|p2a: Clodsire|71/100 brn|[from] brn
|upkeep
|turn|35
|
|t:|1776161552
|move|p1a: Skeledirge|Will-O-Wisp|p2a: Clodsire
|-fail|p2a: Clodsire|brn
|move|p2a: Clodsire|Poison Jab|p1a: Skeledirge
|-resisted|p1a: Skeledirge
|-damage|p1a: Skeledirge|74/100
|
|-damage|p2a: Clodsire|65/100 brn|[from] brn
|upkeep
|turn|36
|
|t:|1776161561
|move|p1a: Skeledirge|Will-O-Wisp|p2a: Clodsire
|-fail|p2a: Clodsire|brn
|move|p2a: Clodsire|Recover|p2a: Clodsire
|-heal|p2a: Clodsire|100/100 brn
|
|-damage|p2a: Clodsire|94/100 brn|[from] brn
|upkeep
|turn|37
|
|t:|1776161585
|move|p1a: Skeledirge|Slack Off|p1a: Skeledirge
|-heal|p1a: Skeledirge|100/100
|move|p2a: Clodsire|Poison Jab|p1a: Skeledirge
|-resisted|p1a: Skeledirge
|-damage|p1a: Skeledirge|96/100
|
|-damage|p2a: Clodsire|88/100 brn|[from] brn
|upkeep
|turn|38
|
|t:|1776161596
|move|p1a: Skeledirge|Hex|p2a: Clodsire
|-damage|p2a: Clodsire|52/100 brn
|move|p2a: Clodsire|Poison Jab|p1a: Skeledirge
|-resisted|p1a: Skeledirge
|-damage|p1a: Skeledirge|92/100
|
|-damage|p2a: Clodsire|46/100 brn|[from] brn
|upkeep
|turn|39
|
|t:|1776161607
|-terastallize|p2a: Clodsire|Dark
|move|p1a: Skeledirge|Will-O-Wisp|p2a: Clodsire
|-fail|p2a: Clodsire|brn
|move|p2a: Clodsire|Recover|p2a: Clodsire
|-heal|p2a: Clodsire|96/100 brn
|
|-damage|p2a: Clodsire|90/100 brn|[from] brn
|upkeep
|turn|40
|
|t:|1776161618
|move|p1a: Skeledirge|Will-O-Wisp|p2a: Clodsire
|-fail|p2a: Clodsire|brn
|move|p2a: Clodsire|Poison Jab|p1a: Skeledirge
|-resisted|p1a: Skeledirge
|-damage|p1a: Skeledirge|88/100
|-status|p1a: Skeledirge|psn
|
|-damage|p1a: Skeledirge|76/100 psn|[from] psn
|-damage|p2a: Clodsire|84/100 brn|[from] brn
|upkeep
|turn|41
|
|t:|1776161624
|move|p1a: Skeledirge|Will-O-Wisp|p2a: Clodsire
|-fail|p2a: Clodsire|brn
|move|p2a: Clodsire|Amnesia|p2a: Clodsire
|-boost|p2a: Clodsire|spd|2
|
|-damage|p1a: Skeledirge|63/100 psn|[from] psn
|-damage|p2a: Clodsire|78/100 brn|[from] brn
|upkeep
|turn|42
|
|t:|1776161633
|move|p1a: Skeledirge|Hex|p2a: Clodsire
|-resisted|p2a: Clodsire
|-damage|p2a: Clodsire|60/100 brn
|move|p2a: Clodsire|Amnesia|p2a: Clodsire
|-boost|p2a: Clodsire|spd|2
|
|-damage|p1a: Skeledirge|51/100 psn|[from] psn
|-damage|p2a: Clodsire|54/100 brn|[from] brn
|upkeep
|turn|43
|
|t:|1776161640
|move|p1a: Skeledirge|Torch Song|p2a: Clodsire
|-damage|p2a: Clodsire|39/100 brn
|move|p2a: Clodsire|Recover|p2a: Clodsire
|-heal|p2a: Clodsire|89/100 brn
|
|-damage|p1a: Skeledirge|39/100 psn|[from] psn
|-damage|p2a: Clodsire|83/100 brn|[from] brn
|upkeep
|turn|44
|
|t:|1776161648
|move|p1a: Skeledirge|Slack Off|p1a: Skeledirge
|-heal|p1a: Skeledirge|89/100 psn
|move|p2a: Clodsire|Earthquake|p1a: Skeledirge
|-damage|p1a: Skeledirge|78/100 psn
|
|-damage|p1a: Skeledirge|66/100 psn|[from] psn
|-damage|p2a: Clodsire|77/100 brn|[from] brn
|upkeep
|turn|45
|
|t:|1776161660
|move|p1a: Skeledirge|Torch Song|p2a: Clodsire
|-damage|p2a: Clodsire|60/100 brn
|move|p2a: Clodsire|Amnesia|p2a: Clodsire
|-boost|p2a: Clodsire|spd|2
|
|-damage|p1a: Skeledirge|53/100 psn|[from] psn
|-damage|p2a: Clodsire|54/100 brn|[from] brn
|upkeep
|turn|46
|
|t:|1776161669
|move|p1a: Skeledirge|Slack Off|p1a: Skeledirge
|-heal|p1a: Skeledirge|100/100 psn
|move|p2a: Clodsire|Earthquake|p1a: Skeledirge
|-damage|p1a: Skeledirge|89/100 psn
|
|-damage|p1a: Skeledirge|76/100 psn|[from] psn
|-damage|p2a: Clodsire|48/100 brn|[from] brn
|upkeep
|turn|47
|
|t:|1776161695
|switch|p1a: Blissey|Blissey, F|69/100
|switch|p2a: Blissey|Blissey, F|63/100
|
|upkeep
|turn|48
|
|t:|1776161706
|move|p1a: Blissey|Seismic Toss|p2a: Blissey
|-damage|p2a: Blissey|48/100
|move|p2a: Blissey|Soft-Boiled|p2a: Blissey
|-heal|p2a: Blissey|98/100
|
|upkeep
|turn|49
|
|t:|1776161716
|switch|p2a: Gliscor|Gliscor, F|42/100 tox
|-damage|p2a: Gliscor|29/100 tox|[from] Stealth Rock
|move|p1a: Blissey|Thunder Wave|p2a: Gliscor
|-immune|p2a: Gliscor
|
|-heal|p2a: Gliscor|42/100 tox|[from] ability: Poison Heal
|upkeep
|turn|50
|inactive|fish sucker 7000 has 120 seconds left.
|
|t:|1776161735
|switch|p1a: Toxapex|Toxapex, F|100/100
|move|p2a: Gliscor|Earthquake|p1a: Toxapex
|-supereffective|p1a: Toxapex
|-damage|p1a: Toxapex|45/100
|
|-heal|p2a: Gliscor|54/100 tox|[from] ability: Poison Heal
|upkeep
|turn|51
|
|t:|1776161744
|switch|p1a: Gliscor|Gliscor, F|97/100 tox
|-damage|p1a: Gliscor|84/100 tox|[from] Stealth Rock
|move|p2a: Gliscor|Earthquake|p1a: Gliscor
|-immune|p1a: Gliscor
|
|-heal|p2a: Gliscor|67/100 tox|[from] ability: Poison Heal
|-heal|p1a: Gliscor|97/100 tox|[from] ability: Poison Heal
|upkeep
|turn|52
|inactive|fish sucker 7000 has 120 seconds left.
|
|t:|1776161761
|switch|p2a: Clefable|Clefable, F|100/100 tox
|move|p1a: Gliscor|Knock Off|p2a: Clefable
|-resisted|p2a: Clefable
|-damage|p2a: Clefable|93/100 tox
|-enditem|p2a: Clefable|Leftovers|[from] move: Knock Off|[of] p1a: Gliscor
|
|-heal|p1a: Gliscor|100/100 tox|[from] ability: Poison Heal
|upkeep
|turn|53
|inactive|fish sucker 7000 has 120 seconds left.
|
|t:|1776161778
|move|p1a: Gliscor|Earthquake|p2a: Clefable
|-damage|p2a: Clefable|70/100 tox
|move|p2a: Clefable|Knock Off|p1a: Gliscor
|-damage|p1a: Gliscor|91/100 tox
|-enditem|p1a: Gliscor|Toxic Orb|[from] move: Knock Off|[of] p2a: Clefable
|
|-heal|p1a: Gliscor|100/100 tox|[from] ability: Poison Heal
|upkeep
|turn|54
|inactive|fish sucker 7000 has 120 seconds left.
|
|t:|1776161785
|move|p1a: Gliscor|Earthquake|p2a: Clefable
|-damage|p2a: Clefable|45/100 tox
|move|p2a: Clefable|Moonblast|p1a: Gliscor
|-damage|p1a: Gliscor|65/100 tox
|
|-heal|p1a: Gliscor|77/100 tox|[from] ability: Poison Heal
|upkeep
|turn|55
|
|t:|1776161791
|move|p1a: Gliscor|Earthquake|p2a: Clefable
|-crit|p2a: Clefable
|-damage|p2a: Clefable|9/100 tox
|move|p2a: Clefable|Moonlight|p2a: Clefable
|-heal|p2a: Clefable|59/100 tox
|
|-heal|p1a: Gliscor|90/100 tox|[from] ability: Poison Heal
|upkeep
|turn|56
|
|t:|1776161794
|move|p1a: Gliscor|Earthquake|p2a: Clefable
|-damage|p2a: Clefable|32/100 tox
|move|p2a: Clefable|Moonlight|p2a: Clefable
|-heal|p2a: Clefable|82/100 tox
|
|-heal|p1a: Gliscor|100/100 tox|[from] ability: Poison Heal
|upkeep
|turn|57
|
|t:|1776161804
|switch|p2a: Gliscor|Gliscor, F|67/100 tox
|-damage|p2a: Gliscor|54/100 tox|[from] Stealth Rock
|move|p1a: Gliscor|Earthquake|p2a: Gliscor
|-immune|p2a: Gliscor
|
|-heal|p2a: Gliscor|67/100 tox|[from] ability: Poison Heal
|upkeep
|turn|58
|
|t:|1776161816
|switch|p2a: Clefable|Clefable, F|82/100 tox
|move|p1a: Gliscor|Knock Off|p2a: Clefable
|-resisted|p2a: Clefable
|-damage|p2a: Clefable|77/100 tox
|
|upkeep
|turn|59
|
|t:|1776161824
|switch|p2a: Corviknight|Corviknight, M|76/100
|-damage|p2a: Corviknight|63/100|[from] Stealth Rock
|-ability|p2a: Corviknight|Pressure
|move|p1a: Gliscor|Knock Off|p2a: Corviknight
|-damage|p2a: Corviknight|55/100
|
|upkeep
|turn|60
|
|t:|1776161836
|move|p1a: Gliscor|Protect|p1a: Gliscor
|-singleturn|p1a: Gliscor|Protect
|move|p2a: Corviknight|Roost|p2a: Corviknight
|-heal|p2a: Corviknight|100/100
|-singleturn|p2a: Corviknight|move: Roost
|
|upkeep
|turn|61
|
|t:|1776161853
|switch|p1a: Clodsire|Clodsire, F|100/100
|move|p2a: Corviknight|Iron Defense|p2a: Corviknight
|-boost|p2a: Corviknight|def|2
|
|upkeep
|turn|62
|
|t:|1776161865
|move|p2a: Corviknight|Brave Bird|p1a: Clodsire
|-damage|p1a: Clodsire|61/100
|-damage|p2a: Corviknight|85/100|[from] Recoil
|move|p1a: Clodsire|Spikes|p2a: Corviknight
|-sidestart|p2: fish sucker 7000|Spikes
|
|upkeep
|turn|63
|
|t:|1776161873
|move|p2a: Corviknight|Brave Bird|p1a: Clodsire
|-damage|p1a: Clodsire|24/100
|-damage|p2a: Corviknight|71/100|[from] Recoil
|move|p1a: Clodsire|Recover|p1a: Clodsire
|-heal|p1a: Clodsire|74/100
|
|upkeep
|turn|64
|
|t:|1776161878
|move|p2a: Corviknight|Brave Bird|p1a: Clodsire
|-damage|p1a: Clodsire|34/100
|-damage|p2a: Corviknight|56/100|[from] Recoil
|move|p1a: Clodsire|Recover|p1a: Clodsire
|-heal|p1a: Clodsire|84/100
|
|upkeep
|turn|65
|
|t:|1776161888
|switch|p1a: Gliscor|Gliscor, F|100/100 tox
|-damage|p1a: Gliscor|88/100 tox|[from] Stealth Rock
|move|p2a: Corviknight|Brave Bird|p1a: Gliscor
|-damage|p1a: Gliscor|67/100 tox
|-damage|p2a: Corviknight|49/100|[from] Recoil
|
|-heal|p1a: Gliscor|79/100 tox|[from] ability: Poison Heal
|upkeep
|turn|66
|
|t:|1776161899
|move|p1a: Gliscor|Knock Off|p2a: Corviknight
|-damage|p2a: Corviknight|45/100
|move|p2a: Corviknight|Roost|p2a: Corviknight
|-heal|p2a: Corviknight|95/100
|-singleturn|p2a: Corviknight|move: Roost
|
|-heal|p1a: Gliscor|92/100 tox|[from] ability: Poison Heal
|upkeep
|turn|67
|
|t:|1776161905
|move|p1a: Gliscor|Protect|p1a: Gliscor
|-singleturn|p1a: Gliscor|Protect
|move|p2a: Corviknight|Iron Defense|p2a: Corviknight
|-boost|p2a: Corviknight|def|2
|
|-heal|p1a: Gliscor|100/100 tox|[from] ability: Poison Heal
|upkeep
|turn|68
|
|t:|1776161912
|move|p1a: Gliscor|Protect||[still]
|-fail|p1a: Gliscor
|move|p2a: Corviknight|Iron Defense|p2a: Corviknight
|-boost|p2a: Corviknight|def|2
|
|upkeep
|turn|69
|
|t:|1776161921
|move|p1a: Gliscor|Protect|p1a: Gliscor
|-singleturn|p1a: Gliscor|Protect
|move|p2a: Corviknight|Body Press|p1a: Gliscor
|-activate|p1a: Gliscor|move: Protect
|
|upkeep
|turn|70
|
|t:|1776161934
|switch|p1a: Skeledirge|Skeledirge, F, tera:Ghost|76/100 psn
|move|p2a: Corviknight|Body Press|p1a: Skeledirge
|-immune|p1a: Skeledirge
|
|-damage|p1a: Skeledirge|64/100 psn|[from] psn
|upkeep
|turn|71
|
|t:|1776161954
|switch|p2a: Blissey|Blissey, F|98/100
|move|p1a: Skeledirge|Slack Off|p1a: Skeledirge
|-heal|p1a: Skeledirge|100/100 psn
|
|-damage|p1a: Skeledirge|88/100 psn|[from] psn
|upkeep
|turn|72
|
|t:|1776161967
|switch|p1a: Toxapex|Toxapex, F|78/100
|move|p2a: Blissey|Shadow Ball|p1a: Toxapex
|-damage|p1a: Toxapex|68/100
|
|upkeep
|turn|73
|
|t:|1776161977
|move|p2a: Blissey|Seismic Toss|p1a: Toxapex
|-damage|p1a: Toxapex|35/100
|move|p1a: Toxapex|Recover|p1a: Toxapex
|-heal|p1a: Toxapex|85/100
|
|upkeep
|turn|74
|
|t:|1776161986
|move|p2a: Blissey|Seismic Toss|p1a: Toxapex
|-damage|p1a: Toxapex|52/100
|move|p1a: Toxapex|Toxic|p2a: Blissey
|-status|p2a: Blissey|tox
|
|-damage|p2a: Blissey|92/100 tox|[from] psn
|upkeep
|turn|75
|
|t:|1776161990
|move|p2a: Blissey|Seismic Toss|p1a: Toxapex
|-damage|p1a: Toxapex|20/100
|move|p1a: Toxapex|Recover|p1a: Toxapex
|-heal|p1a: Toxapex|70/100
|
|-damage|p2a: Blissey|79/100 tox|[from] psn
|upkeep
|turn|76
|
|t:|1776162010
|-curestatus|p2a: Blissey|tox|[from] ability: Natural Cure
|switch|p2a: Dondozo|Dondozo, M|87/100 slp
|move|p1a: Toxapex|Recover|p1a: Toxapex
|-heal|p1a: Toxapex|100/100
|
|upkeep
|turn|77
|
|t:|1776162029
|switch|p1a: Blissey|Blissey, F|69/100
|switch|p2a: Gliscor|Gliscor, F|67/100 tox
|-damage|p2a: Gliscor|54/100 tox|[from] Stealth Rock
|
|-heal|p2a: Gliscor|67/100 tox|[from] ability: Poison Heal
|upkeep
|turn|78
|
|t:|1776162044
|switch|p1a: Gliscor|Gliscor, F|100/100 tox
|-damage|p1a: Gliscor|88/100 tox|[from] Stealth Rock
|move|p2a: Gliscor|Earthquake|p1a: Gliscor
|-immune|p1a: Gliscor
|
|-heal|p1a: Gliscor|100/100 tox|[from] ability: Poison Heal
|-heal|p2a: Gliscor|79/100 tox|[from] ability: Poison Heal
|upkeep
|turn|79
|
|t:|1776162053
|move|p2a: Gliscor|Protect|p2a: Gliscor
|-singleturn|p2a: Gliscor|Protect
|move|p1a: Gliscor|Protect||[still]
|-fail|p1a: Gliscor
|
|-heal|p2a: Gliscor|92/100 tox|[from] ability: Poison Heal
|upkeep
|turn|80
|
|t:|1776162077
|switch|p2a: Clefable|Clefable, F|77/100 tox
|move|p1a: Gliscor|Knock Off|p2a: Clefable
|-resisted|p2a: Clefable
|-damage|p2a: Clefable|72/100 tox
|
|upkeep
|turn|81
|inactive|fish sucker 7000 has 120 seconds left.
|
|t:|1776162097
|move|p1a: Gliscor|Knock Off|p2a: Clefable
|-resisted|p2a: Clefable
|-damage|p2a: Clefable|66/100 tox
|move|p2a: Clefable|Moonlight|p2a: Clefable
|-heal|p2a: Clefable|100/100 tox
|
|upkeep
|turn|82
|
|t:|1776162107
|move|p1a: Gliscor|Knock Off|p2a: Clefable
|-resisted|p2a: Clefable
|-damage|p2a: Clefable|95/100 tox
|move|p2a: Clefable|Moonblast|p1a: Gliscor
|-damage|p1a: Gliscor|63/100 tox
|
|-heal|p1a: Gliscor|75/100 tox|[from] ability: Poison Heal
|upkeep
|turn|83
|
|t:|1776162110
|move|p1a: Gliscor|Earthquake|p2a: Clefable
|-damage|p2a: Clefable|70/100 tox
|move|p2a: Clefable|Moonblast|p1a: Gliscor
|-damage|p1a: Gliscor|41/100 tox
|-unboost|p1a: Gliscor|spa|1
|
|-heal|p1a: Gliscor|53/100 tox|[from] ability: Poison Heal
|upkeep
|turn|84
|
|t:|1776162117
|move|p1a: Gliscor|Protect|p1a: Gliscor
|-singleturn|p1a: Gliscor|Protect
|move|p2a: Clefable|Moonblast|p1a: Gliscor
|-activate|p1a: Gliscor|move: Protect
|
|-heal|p1a: Gliscor|66/100 tox|[from] ability: Poison Heal
|upkeep
|turn|85
|
|t:|1776162135
|switch|p1a: Clodsire|Clodsire, F|84/100
|move|p2a: Clefable|Moonblast|p1a: Clodsire
|-resisted|p1a: Clodsire
|-damage|p1a: Clodsire|76/100
|
|upkeep
|turn|86
|
|t:|1776162152
|switch|p2a: Dondozo|Dondozo, M|87/100 slp
|move|p1a: Clodsire|Spikes|p2a: Dondozo
|-sidestart|p2: fish sucker 7000|Spikes
|
|upkeep
|turn|87
|
|t:|1776162167
|switch|p1a: Blissey|Blissey, F|69/100
|cant|p2a: Dondozo|slp
|move|p2a: Dondozo|Sleep Talk|p2a: Dondozo
|move|p2a: Dondozo|Waterfall|p1a: Blissey|[from] move: Sleep Talk
|-damage|p1a: Blissey|41/100
|
|upkeep
|turn|88
|
|t:|1776162179
|move|p1a: Blissey|Soft-Boiled|p1a: Blissey
|-heal|p1a: Blissey|91/100
|cant|p2a: Dondozo|slp
|move|p2a: Dondozo|Sleep Talk|p2a: Dondozo
|move|p2a: Dondozo|Curse|p2a: Dondozo|[from] move: Sleep Talk
|-unboost|p2a: Dondozo|spe|1
|-boost|p2a: Dondozo|atk|1
|-boost|p2a: Dondozo|def|1
|
|upkeep
|turn|89
|
|t:|1776162208
|move|p1a: Blissey|Seismic Toss|p2a: Dondozo
|-damage|p2a: Dondozo|67/100 slp
|-curestatus|p2a: Dondozo|slp|[msg]
|move|p2a: Dondozo|Sleep Talk||[still]
|-fail|p2a: Dondozo
|
|upkeep
|turn|90
|
|t:|1776162217
|move|p1a: Blissey|Seismic Toss|p2a: Dondozo
|-damage|p2a: Dondozo|47/100
|move|p2a: Dondozo|Waterfall|p1a: Blissey
|-damage|p1a: Blissey|49/100
|
|upkeep
|turn|91
|
|t:|1776162235
|switch|p1a: Toxapex|Toxapex, F|100/100
|move|p2a: Dondozo|Waterfall|p1a: Toxapex
|-resisted|p1a: Toxapex
|-damage|p1a: Toxapex|84/100
|
|upkeep
|turn|92
|
|t:|1776162245
|switch|p2a: Gliscor|Gliscor, F|92/100 tox
|-damage|p2a: Gliscor|79/100 tox|[from] Stealth Rock
|move|p1a: Toxapex|Chilling Water|p2a: Gliscor
|-supereffective|p2a: Gliscor
|-damage|p2a: Gliscor|52/100 tox
|-unboost|p2a: Gliscor|atk|1
|
|-heal|p2a: Gliscor|65/100 tox|[from] ability: Poison Heal
|upkeep
|turn|93
|
|t:|1776162258
|switch|p1a: Gliscor|Gliscor, F|66/100 tox
|-damage|p1a: Gliscor|53/100 tox|[from] Stealth Rock
|move|p2a: Gliscor|Earthquake|p1a: Gliscor
|-immune|p1a: Gliscor
|
|-heal|p1a: Gliscor|66/100 tox|[from] ability: Poison Heal
|-heal|p2a: Gliscor|77/100 tox|[from] ability: Poison Heal
|upkeep
|turn|94
|
|t:|1776162267
|move|p2a: Gliscor|Protect|p2a: Gliscor
|-singleturn|p2a: Gliscor|Protect
|move|p1a: Gliscor|Earthquake|p2a: Gliscor
|-activate|p2a: Gliscor|move: Protect
|
|-heal|p2a: Gliscor|90/100 tox|[from] ability: Poison Heal
|-heal|p1a: Gliscor|78/100 tox|[from] ability: Poison Heal
|upkeep
|turn|95
|
|t:|1776162285
|switch|p2a: Clefable|Clefable, F|70/100 tox
|move|p1a: Gliscor|Earthquake|p2a: Clefable
|-damage|p2a: Clefable|44/100 tox
|
|-heal|p1a: Gliscor|91/100 tox|[from] ability: Poison Heal
|upkeep
|turn|96
|
|t:|1776162292
|move|p1a: Gliscor|Earthquake|p2a: Clefable
|-damage|p2a: Clefable|17/100 tox
|move|p2a: Clefable|Moonlight|p2a: Clefable
|-heal|p2a: Clefable|67/100 tox
|
|-heal|p1a: Gliscor|100/100 tox|[from] ability: Poison Heal
|upkeep
|turn|97
|
|t:|1776162296
|move|p1a: Gliscor|Earthquake|p2a: Clefable
|-damage|p2a: Clefable|42/100 tox
|move|p2a: Clefable|Moonlight|p2a: Clefable
|-heal|p2a: Clefable|92/100 tox
|
|upkeep
|turn|98
|
|t:|1776162307
|switch|p2a: Corviknight|Corviknight, M|95/100
|-damage|p2a: Corviknight|82/100|[from] Stealth Rock
|-ability|p2a: Corviknight|Pressure
|move|p1a: Gliscor|Earthquake|p2a: Corviknight
|-immune|p2a: Corviknight
|
|upkeep
|turn|99
|
|t:|1776162316
|move|p1a: Gliscor|Protect|p1a: Gliscor
|-singleturn|p1a: Gliscor|Protect
|move|p2a: Corviknight|Iron Defense|p2a: Corviknight
|-boost|p2a: Corviknight|def|2
|
|upkeep
|turn|100
|
|t:|1776162326
|switch|p1a: Skeledirge|Skeledirge, F, tera:Ghost|88/100 psn
|move|p2a: Corviknight|Brave Bird|p1a: Skeledirge
|-damage|p1a: Skeledirge|59/100 psn
|-damage|p2a: Corviknight|72/100|[from] Recoil
|
|-damage|p1a: Skeledirge|47/100 psn|[from] psn
|upkeep
|turn|101
|
|t:|1776162347
|switch|p2a: Blissey|Blissey, F|79/100
|move|p1a: Skeledirge|Torch Song|p2a: Blissey
|-damage|p2a: Blissey|70/100
|-boost|p1a: Skeledirge|spa|1
|
|-damage|p1a: Skeledirge|34/100 psn|[from] psn
|upkeep
|turn|102
|inactive|fish sucker 7000 has 120 seconds left.
|
|t:|1776162366
|switch|p1a: Gliscor|Gliscor, F|100/100 tox
|-damage|p1a: Gliscor|88/100 tox|[from] Stealth Rock
|move|p2a: Blissey|Calm Mind|p2a: Blissey
|-boost|p2a: Blissey|spa|1
|-boost|p2a: Blissey|spd|1
|
|-heal|p1a: Gliscor|100/100 tox|[from] ability: Poison Heal
|upkeep
|turn|103
|inactive|fish sucker 7000 has 120 seconds left.
|
|t:|1776162374
|switch|p2a: Corviknight|Corviknight, M|72/100
|-damage|p2a: Corviknight|60/100|[from] Stealth Rock
|-ability|p2a: Corviknight|Pressure
|move|p1a: Gliscor|Toxic|p2a: Corviknight
|-immune|p2a: Corviknight
|
|upkeep
|turn|104
|inactive|fish sucker 7000 has 120 seconds left.
|
|t:|1776162394
|switch|p1a: Skeledirge|Skeledirge, F, tera:Ghost|34/100 psn
|move|p2a: Corviknight|Roost|p2a: Corviknight
|-heal|p2a: Corviknight|100/100
|-singleturn|p2a: Corviknight|move: Roost
|
|-damage|p1a: Skeledirge|22/100 psn|[from] psn
|upkeep
|turn|105
|
|t:|1776162406
|switch|p2a: Blissey|Blissey, F|70/100
|move|p1a: Skeledirge|Will-O-Wisp|p2a: Blissey
|-status|p2a: Blissey|brn
|
|-damage|p1a: Skeledirge|9/100 psn|[from] psn
|-damage|p2a: Blissey|64/100 brn|[from] brn
|upkeep
|turn|106
|
|t:|1776162424
|move|p1a: Skeledirge|Slack Off|p1a: Skeledirge
|-heal|p1a: Skeledirge|59/100 psn
|move|p2a: Blissey|Calm Mind|p2a: Blissey
|-boost|p2a: Blissey|spa|1
|-boost|p2a: Blissey|spd|1
|
|-damage|p1a: Skeledirge|47/100 psn|[from] psn
|-damage|p2a: Blissey|58/100 brn|[from] brn
|upkeep
|turn|107
|inactive|fish sucker 7000 has 90 seconds left.
|
|t:|1776162435
|switch|p1a: Toxapex|Toxapex, F|100/100
|move|p2a: Blissey|Shadow Ball|p1a: Toxapex
|-damage|p1a: Toxapex|87/100
|
|-damage|p2a: Blissey|52/100 brn|[from] brn
|upkeep
|turn|108
|inactive|fish sucker 7000 has 90 seconds left.
|
|t:|1776162453
|move|p2a: Blissey|Calm Mind|p2a: Blissey
|-boost|p2a: Blissey|spa|1
|-boost|p2a: Blissey|spd|1
|move|p1a: Toxapex|Chilling Water|p2a: Blissey
|-damage|p2a: Blissey|50/100 brn
|-unboost|p2a: Blissey|atk|1
|
|-damage|p2a: Blissey|44/100 brn|[from] brn
|upkeep
|turn|109
|
|t:|1776162470
|move|p2a: Blissey|Soft-Boiled|p2a: Blissey
|-heal|p2a: Blissey|94/100 brn
|move|p1a: Toxapex|Haze|p1a: Toxapex
|-clearallboost
|
|-damage|p2a: Blissey|87/100 brn|[from] brn
|upkeep
|turn|110
|
|t:|1776162487
|-curestatus|p2a: Blissey|brn|[from] ability: Natural Cure
|switch|p2a: Clodsire|Clodsire, M, tera:Dark|48/100 brn
|move|p1a: Toxapex|Chilling Water|p2a: Clodsire
|-damage|p2a: Clodsire|42/100 brn
|-unboost|p2a: Clodsire|atk|1
|
|-damage|p2a: Clodsire|36/100 brn|[from] brn
|upkeep
|turn|111
|inactive|ItsGarm has 120 seconds left.
|
|t:|1776162505
|move|p1a: Toxapex|Chilling Water|p2a: Clodsire
|-damage|p2a: Clodsire|30/100 brn
|-unboost|p2a: Clodsire|atk|1
|move|p2a: Clodsire|Recover|p2a: Clodsire
|-heal|p2a: Clodsire|80/100 brn
|
|-damage|p2a: Clodsire|74/100 brn|[from] brn
|upkeep
|turn|112
|inactive|fish sucker 7000 has 60 seconds left.
|
|t:|1776162519
|switch|p2a: Dondozo|Dondozo, M|47/100
|move|p1a: Toxapex|Chilling Water|p2a: Dondozo
|-resisted|p2a: Dondozo
|-damage|p2a: Dondozo|42/100
|-unboost|p2a: Dondozo|atk|1
|
|upkeep
|turn|113
|inactive|fish sucker 7000 has 60 seconds left.
|
|t:|1776162538
|move|p1a: Toxapex|Toxic|p2a: Dondozo
|-status|p2a: Dondozo|tox
|move|p2a: Dondozo|Curse|p2a: Dondozo
|-unboost|p2a: Dondozo|spe|1
|-boost|p2a: Dondozo|atk|1
|-boost|p2a: Dondozo|def|1
|
|-damage|p2a: Dondozo|36/100 tox|[from] psn
|upkeep
|turn|114
|
|t:|1776162548
|move|p1a: Toxapex|Haze|p1a: Toxapex
|-clearallboost
|move|p2a: Dondozo|Rest|p2a: Dondozo
|-status|p2a: Dondozo|slp|[from] move: Rest
|-heal|p2a: Dondozo|100/100 slp|[silent]
|
|upkeep
|turn|115
|
|t:|1776162558
|move|p1a: Toxapex|Chilling Water|p2a: Dondozo
|-resisted|p2a: Dondozo
|-damage|p2a: Dondozo|96/100 slp
|-unboost|p2a: Dondozo|atk|1
|cant|p2a: Dondozo|slp
|move|p2a: Dondozo|Sleep Talk|p2a: Dondozo
|move|p2a: Dondozo|Rest||[from] move: Sleep Talk|[still]
|-fail|p2a: Dondozo
|
|upkeep
|turn|116
|inactive|ItsGarm has 90 seconds left.
|
|t:|1776162590
|cant|p2a: Dondozo|slp
|move|p2a: Dondozo|Sleep Talk|p2a: Dondozo
|move|p2a: Dondozo|Curse|p2a: Dondozo|[from] move: Sleep Talk
|-unboost|p2a: Dondozo|spe|1
|-boost|p2a: Dondozo|atk|1
|-boost|p2a: Dondozo|def|1
|move|p1a: Toxapex|Chilling Water|p2a: Dondozo
|-resisted|p2a: Dondozo
|-damage|p2a: Dondozo|91/100 slp
|-unboost|p2a: Dondozo|atk|1
|
|upkeep
|turn|117
|
|t:|1776162601
|move|p1a: Toxapex|Chilling Water|p2a: Dondozo
|-resisted|p2a: Dondozo
|-damage|p2a: Dondozo|86/100 slp
|-unboost|p2a: Dondozo|atk|1
|-curestatus|p2a: Dondozo|slp|[msg]
|move|p2a: Dondozo|Sleep Talk||[still]
|-fail|p2a: Dondozo
|
|upkeep
|turn|118
|
|t:|1776162610
|move|p1a: Toxapex|Haze|p1a: Toxapex
|-clearallboost
|move|p2a: Dondozo|Waterfall|p1a: Toxapex
|-resisted|p1a: Toxapex
|-damage|p1a: Toxapex|75/100
|
|upkeep
|turn|119
|inactive|ItsGarm has 60 seconds left.
|
|t:|1776162626
|move|p2a: Dondozo|Waterfall|p1a: Toxapex
|-resisted|p1a: Toxapex
|-damage|p1a: Toxapex|64/100
|move|p1a: Toxapex|Toxic|p2a: Dondozo
|-status|p2a: Dondozo|tox
|
|-damage|p2a: Dondozo|80/100 tox|[from] psn
|upkeep
|turn|120
|inactive|ItsGarm has 60 seconds left.
|
|t:|1776162634
|move|p1a: Toxapex|Recover|p1a: Toxapex
|-heal|p1a: Toxapex|100/100
|move|p2a: Dondozo|Waterfall|p1a: Toxapex
|-resisted|p1a: Toxapex
|-damage|p1a: Toxapex|91/100
|
|-damage|p2a: Dondozo|68/100 tox|[from] psn
|upkeep
|turn|121
|inactive|ItsGarm has 60 seconds left.
|
|t:|1776162645
|move|p1a: Toxapex|Chilling Water|p2a: Dondozo
|-resisted|p2a: Dondozo
|-damage|p2a: Dondozo|63/100 tox
|-unboost|p2a: Dondozo|atk|1
|move|p2a: Dondozo|Curse|p2a: Dondozo
|-unboost|p2a: Dondozo|spe|1
|-boost|p2a: Dondozo|atk|1
|-boost|p2a: Dondozo|def|1
|
|-damage|p2a: Dondozo|45/100 tox|[from] psn
|upkeep
|turn|122
|
|t:|1776162655
|move|p1a: Toxapex|Haze|p1a: Toxapex
|-clearallboost
|move|p2a: Dondozo|Rest|p2a: Dondozo
|-status|p2a: Dondozo|slp|[from] move: Rest
|-heal|p2a: Dondozo|100/100 slp|[silent]
|
|upkeep
|turn|123
|inactive|fish sucker 7000 has 60 seconds left.
|
|t:|1776162683
|switch|p2a: Gliscor|Gliscor, F|90/100 tox
|-damage|p2a: Gliscor|77/100 tox|[from] Stealth Rock
|move|p1a: Toxapex|Chilling Water|p2a: Gliscor
|-supereffective|p2a: Gliscor
|-damage|p2a: Gliscor|51/100 tox
|-unboost|p2a: Gliscor|atk|1
|
|-heal|p2a: Gliscor|64/100 tox|[from] ability: Poison Heal
|upkeep
|turn|124
|inactive|fish sucker 7000 has 60 seconds left.
|
|t:|1776162696
|move|p2a: Gliscor|Protect|p2a: Gliscor
|-singleturn|p2a: Gliscor|Protect
|move|p1a: Toxapex|Chilling Water|p2a: Gliscor
|-activate|p2a: Gliscor|move: Protect
|
|-heal|p2a: Gliscor|76/100 tox|[from] ability: Poison Heal
|upkeep
|turn|125
|inactive|ItsGarm has 30 seconds left.
|
|t:|1776162713
|switch|p2a: Clefable|Clefable, F|92/100 tox
|move|p1a: Toxapex|Chilling Water|p2a: Clefable
|-damage|p2a: Clefable|82/100 tox
|-unboost|p2a: Clefable|atk|1
|
|upkeep
|turn|126
|inactive|ItsGarm has 30 seconds left this turn.
|inactive|ItsGarm has 20 seconds left.
|
|t:|1776162723
|move|p2a: Clefable|Knock Off|p1a: Toxapex
|-damage|p1a: Toxapex|83/100
|-enditem|p1a: Toxapex|Heavy-Duty Boots|[from] move: Knock Off|[of] p2a: Clefable
|move|p1a: Toxapex|Recover|p1a: Toxapex
|-heal|p1a: Toxapex|100/100
|
|upkeep
|turn|127
|inactive|ItsGarm has 25 seconds left this turn.
|inactive|ItsGarm has 20 seconds left.
|inactive|ItsGarm has 15 seconds left.
|inactive|ItsGarm has 10 seconds left.
|inactive|ItsGarm has 5 seconds left.
|
|t:|1776162745
|move|p2a: Clefable|Moonblast|p1a: Toxapex
|-resisted|p1a: Toxapex
|-damage|p1a: Toxapex|92/100
|move|p1a: Toxapex|Chilling Water|p2a: Clefable
|-damage|p2a: Clefable|72/100 tox
|-unboost|p2a: Clefable|atk|1
|
|upkeep
|turn|128
|inactive|ItsGarm has 10 seconds left this turn.
|
|t:|1776162749
|move|p2a: Clefable|Moonblast|p1a: Toxapex
|-resisted|p1a: Toxapex
|-damage|p1a: Toxapex|82/100
|-unboost|p1a: Toxapex|spa|1
|move|p1a: Toxapex|Chilling Water|p2a: Clefable
|-damage|p2a: Clefable|65/100 tox
|-unboost|p2a: Clefable|atk|1
|
|upkeep
|turn|129
|inactive|ItsGarm has 15 seconds left this turn.
|
|t:|1776162751
|move|p2a: Clefable|Moonblast|p1a: Toxapex
|-resisted|p1a: Toxapex
|-damage|p1a: Toxapex|73/100
|move|p1a: Toxapex|Chilling Water|p2a: Clefable
|-damage|p2a: Clefable|58/100 tox
|-unboost|p2a: Clefable|atk|1
|
|upkeep
|turn|130
|inactive|ItsGarm has 20 seconds left this turn.
|
|t:|1776162756
|move|p2a: Clefable|Moonlight|p2a: Clefable
|-heal|p2a: Clefable|100/100 tox
|move|p1a: Toxapex|Chilling Water|p2a: Clefable
|-damage|p2a: Clefable|94/100 tox
|-unboost|p2a: Clefable|atk|1
|
|upkeep
|turn|131
|inactive|ItsGarm has 25 seconds left this turn.
|inactive|ItsGarm has 20 seconds left.
|
|t:|1776162764
|switch|p2a: Dondozo|Dondozo, M|100/100 slp
|move|p1a: Toxapex|Chilling Water|p2a: Dondozo
|-resisted|p2a: Dondozo
|-damage|p2a: Dondozo|95/100 slp
|-unboost|p2a: Dondozo|atk|1
|
|upkeep
|turn|132
|inactive|ItsGarm has 25 seconds left this turn.
|inactive|ItsGarm has 20 seconds left.
|inactive|ItsGarm has 15 seconds left.
|
|t:|1776162776
|switch|p2a: Gliscor|Gliscor, F|76/100 tox
|-damage|p2a: Gliscor|64/100 tox|[from] Stealth Rock
|move|p1a: Toxapex|Chilling Water|p2a: Gliscor
|-supereffective|p2a: Gliscor
|-damage|p2a: Gliscor|47/100 tox
|-unboost|p2a: Gliscor|atk|1
|
|-heal|p2a: Gliscor|59/100 tox|[from] ability: Poison Heal
|upkeep
|turn|133
|inactive|ItsGarm has 20 seconds left this turn.
|inactive|ItsGarm has 15 seconds left.
|
|t:|1776162782
|move|p2a: Gliscor|Earthquake|p1a: Toxapex
|-supereffective|p1a: Toxapex
|-damage|p1a: Toxapex|38/100
|move|p1a: Toxapex|Chilling Water|p2a: Gliscor
|-supereffective|p2a: Gliscor
|-damage|p2a: Gliscor|43/100 tox
|-unboost|p2a: Gliscor|atk|1
|
|-heal|p2a: Gliscor|56/100 tox|[from] ability: Poison Heal
|upkeep
|turn|134
|inactive|ItsGarm has 20 seconds left this turn.
|
|t:|1776162786
|move|p2a: Gliscor|Earthquake|p1a: Toxapex
|-supereffective|p1a: Toxapex
|-damage|p1a: Toxapex|12/100
|move|p1a: Toxapex|Recover|p1a: Toxapex
|-heal|p1a: Toxapex|62/100
|
|-heal|p2a: Gliscor|68/100 tox|[from] ability: Poison Heal
|upkeep
|turn|135
|inactive|ItsGarm has 25 seconds left this turn.
|
|t:|1776162790
|move|p2a: Gliscor|Earthquake|p1a: Toxapex
|-supereffective|p1a: Toxapex
|-damage|p1a: Toxapex|36/100
|move|p1a: Toxapex|Recover|p1a: Toxapex
|-heal|p1a: Toxapex|86/100
|
|-heal|p2a: Gliscor|81/100 tox|[from] ability: Poison Heal
|upkeep
|turn|136
|inactive|ItsGarm has 30 seconds left this turn.
|
|t:|1776162793
|move|p2a: Gliscor|Earthquake|p1a: Toxapex
|-supereffective|p1a: Toxapex
|-damage|p1a: Toxapex|61/100
|move|p1a: Toxapex|Chilling Water|p2a: Gliscor
|-supereffective|p2a: Gliscor
|-damage|p2a: Gliscor|65/100 tox
|-unboost|p2a: Gliscor|atk|1
|
|-heal|p2a: Gliscor|77/100 tox|[from] ability: Poison Heal
|upkeep
|turn|137
|inactive|ItsGarm has 30 seconds left.
|
|t:|1776162806
|move|p2a: Gliscor|Earthquake|p1a: Toxapex
|-supereffective|p1a: Toxapex
|-damage|p1a: Toxapex|40/100
|move|p1a: Toxapex|Recover|p1a: Toxapex
|-heal|p1a: Toxapex|90/100
|
|-heal|p2a: Gliscor|90/100 tox|[from] ability: Poison Heal
|upkeep
|turn|138
|inactive|ItsGarm has 30 seconds left this turn.
|
|t:|1776162813
|switch|p2a: Clefable|Clefable, F|94/100 tox
|move|p1a: Toxapex|Chilling Water|p2a: Clefable
|-damage|p2a: Clefable|87/100 tox
|-unboost|p2a: Clefable|atk|1
|
|upkeep
|turn|139
|inactive|ItsGarm has 30 seconds left this turn.
|
|t:|1776162821
|switch|p2a: Gliscor|Gliscor, F|90/100 tox
|-damage|p2a: Gliscor|77/100 tox|[from] Stealth Rock
|move|p1a: Toxapex|Chilling Water|p2a: Gliscor
|-supereffective|p2a: Gliscor
|-damage|p2a: Gliscor|60/100 tox
|-unboost|p2a: Gliscor|atk|1
|
|-heal|p2a: Gliscor|72/100 tox|[from] ability: Poison Heal
|upkeep
|turn|140
|inactive|ItsGarm has 30 seconds left this turn.
|
|t:|1776162828
|move|p2a: Gliscor|Earthquake|p1a: Toxapex
|-supereffective|p1a: Toxapex
|-damage|p1a: Toxapex|57/100
|move|p1a: Toxapex|Chilling Water|p2a: Gliscor
|-supereffective|p2a: Gliscor
|-damage|p2a: Gliscor|55/100 tox
|-unboost|p2a: Gliscor|atk|1
|
|-heal|p2a: Gliscor|68/100 tox|[from] ability: Poison Heal
|upkeep
|turn|141
|inactive|ItsGarm has 30 seconds left this turn.
|
|t:|1776162831
|move|p2a: Gliscor|Earthquake|p1a: Toxapex
|-supereffective|p1a: Toxapex
|-damage|p1a: Toxapex|29/100
|move|p1a: Toxapex|Chilling Water|p2a: Gliscor
|-supereffective|p2a: Gliscor
|-damage|p2a: Gliscor|49/100 tox
|-unboost|p2a: Gliscor|atk|1
|
|-heal|p2a: Gliscor|61/100 tox|[from] ability: Poison Heal
|upkeep
|turn|142
|inactive|ItsGarm has 30 seconds left.
|
|t:|1776162842
|switch|p1a: Gliscor|Gliscor, F|100/100 tox
|-damage|p1a: Gliscor|88/100 tox|[from] Stealth Rock
|move|p2a: Gliscor|Earthquake|p1a: Gliscor
|-immune|p1a: Gliscor
|
|-heal|p1a: Gliscor|100/100 tox|[from] ability: Poison Heal
|-heal|p2a: Gliscor|74/100 tox|[from] ability: Poison Heal
|upkeep
|turn|143
|inactive|ItsGarm has 30 seconds left this turn.
|
|t:|1776162849
|move|p2a: Gliscor|Protect|p2a: Gliscor
|-singleturn|p2a: Gliscor|Protect
|move|p1a: Gliscor|Knock Off|p2a: Gliscor
|-activate|p2a: Gliscor|move: Protect
|
|-heal|p2a: Gliscor|86/100 tox|[from] ability: Poison Heal
|upkeep
|turn|144
|inactive|ItsGarm has 30 seconds left.
|
|t:|1776162859
|switch|p2a: Corviknight|Corviknight, M|100/100
|-damage|p2a: Corviknight|88/100|[from] Stealth Rock
|-ability|p2a: Corviknight|Pressure
|move|p1a: Gliscor|Knock Off|p2a: Corviknight
|-damage|p2a: Corviknight|79/100
|
|upkeep
|turn|145
|inactive|ItsGarm has 30 seconds left this turn.
|inactive|ItsGarm has 20 seconds left.
|inactive|ItsGarm has 15 seconds left.
|
|t:|1776162877
|move|p1a: Gliscor|Protect|p1a: Gliscor
|-singleturn|p1a: Gliscor|Protect
|move|p2a: Corviknight|Iron Defense|p2a: Corviknight
|-boost|p2a: Corviknight|def|2
|
|upkeep
|turn|146
|inactive|ItsGarm has 20 seconds left this turn.
|
|t:|1776162881
|switch|p1a: Toxapex|Toxapex, F|62/100
|-damage|p1a: Toxapex|37/100|[from] Spikes
|-damage|p1a: Toxapex|25/100|[from] Stealth Rock
|move|p2a: Corviknight|Iron Defense|p2a: Corviknight
|-boost|p2a: Corviknight|def|2
|
|upkeep
|turn|147
|inactive|ItsGarm has 25 seconds left this turn.
|
|t:|1776162888
|switch|p2a: Gliscor|Gliscor, F|86/100 tox
|-damage|p2a: Gliscor|74/100 tox|[from] Stealth Rock
|move|p1a: Toxapex|Haze|p1a: Toxapex
|-clearallboost
|
|-heal|p2a: Gliscor|86/100 tox|[from] ability: Poison Heal
|upkeep
|turn|148
|inactive|ItsGarm has 30 seconds left this turn.
|
|t:|1776162892
|move|p2a: Gliscor|Earthquake|p1a: Toxapex
|-supereffective|p1a: Toxapex
|-damage|p1a: Toxapex|0 fnt
|faint|p1a: Toxapex
|
|-heal|p2a: Gliscor|99/100 tox|[from] ability: Poison Heal
|upkeep
|-message|ItsGarm forfeited.
|
|win|fish sucker 7000
|raw|ItsGarm's rating: 1091 &rarr; <strong>1072</strong><br />(-19 for losing)
|raw|fish sucker 7000's rating: 1155 &rarr; <strong>1175</strong><br />(+20 for winning)
|l|☆ItsGarm
|player|p1|
|l| ohko_smeargle
