|html|<div class="broadcast-blue"><strong>[Gen 9] OU is currently suspecting Tera Blast! For information on how to participate check out the <a href="https://www.smogon.com/tools/suspects/view/200">suspect thread</a>.</strong></div>
|j|☆Ron1n_001
|j|☆jlonriho7
|t:|1776206899
|gametype|singles
|player|p1|Ron1n_001|101|1000
|player|p2|jlonriho7|266|1043
|gen|9
|tier|[Gen 9] OU
|rated|
|rule|HP Percentage Mod: HP is shown in percentages
|rule|Endless Battle Clause: Forcing endless battles is banned
|rule|Species Clause: Limit one of each Pokémon
|rule|OHKO Clause: OHKO moves are banned
|rule|Evasion Items Clause: Evasion items are banned
|rule|Evasion Moves Clause: Evasion moves are banned
|rule|Evasion Abilities Clause: Evasion abilities are banned
|rule|Sleep Moves Clause: Sleep-inducing moves are banned
|clearpoke
|poke|p1|Charizard, M|
|poke|p1|Incineroar, F|
|poke|p1|Garchomp, F|
|poke|p1|Gardevoir, M|
|poke|p1|Milotic, F|
|poke|p1|Venusaur, F|
|poke|p2|Barraskewda, F|
|poke|p2|Zapdos|
|poke|p2|Pelipper, M|
|poke|p2|Kingdra, F|
|poke|p2|Ludicolo, F|
|poke|p2|Toxapex, F|
|teampreview
|
|t:|1776206918
|teamsize|p1|6
|teamsize|p2|6
|start
|switch|p1a: Garchomp|Garchomp, F|100/100
|switch|p2a: Pelipper|Pelipper, M|100/100
|-weather|RainDance|[from] ability: Drizzle|[of] p2a: Pelipper
|turn|1
|
|t:|1776206930
|move|p1a: Garchomp|Rock Slide|p2a: Pelipper|[miss]
|-miss|p1a: Garchomp|p2a: Pelipper
|move|p2a: Pelipper|U-turn|p1a: Garchomp
|-damage|p1a: Garchomp|92/100
|-damage|p2a: Pelipper|88/100|[from] ability: Rough Skin|[of] p1a: Garchomp
|
|t:|1776206945
|switch|p2a: Barraskewda|Barraskewda, F|100/100|[from] U-turn
|
|-weather|RainDance|[upkeep]
|upkeep
|turn|2
|
|t:|1776206956
|move|p1a: Garchomp|Protect|p1a: Garchomp
|-singleturn|p1a: Garchomp|Protect
|move|p2a: Barraskewda|Flip Turn|p1a: Garchomp
|-activate|p1a: Garchomp|move: Protect
|
|-weather|RainDance|[upkeep]
|upkeep
|turn|3
|
|t:|1776206974
|move|p2a: Barraskewda|Flip Turn|p1a: Garchomp
|-damage|p1a: Garchomp|36/100
|-damage|p2a: Barraskewda|88/100|[from] ability: Rough Skin|[of] p1a: Garchomp
|
|t:|1776206989
|switch|p2a: Toxapex|Toxapex, F|100/100|[from] Flip Turn
|move|p1a: Garchomp|Dragon Claw|p2a: Toxapex
|-damage|p2a: Toxapex|69/100
|
|-weather|RainDance|[upkeep]
|-heal|p2a: Toxapex|75/100|[from] item: Black Sludge
|upkeep
|turn|4
|
|t:|1776207000
|move|p2a: Toxapex|Baneful Bunker|p2a: Toxapex
|-singleturn|p2a: Toxapex|move: Protect
|move|p1a: Garchomp|Earthquake|p2a: Toxapex
|-activate|p2a: Toxapex|move: Protect
|
|-weather|RainDance|[upkeep]
|-heal|p2a: Toxapex|81/100|[from] item: Black Sludge
|upkeep
|turn|5
|
|t:|1776207010
|move|p1a: Garchomp|Earthquake|p2a: Toxapex
|-supereffective|p2a: Toxapex
|-damage|p2a: Toxapex|0 fnt
|faint|p2a: Toxapex
|
|-weather|RainDance|[upkeep]
|upkeep
|
|t:|1776207017
|switch|p2a: Kingdra|Kingdra, F|100/100
|turn|6
|
|t:|1776207024
|move|p2a: Kingdra|Ice Beam|p1a: Garchomp
|-supereffective|p1a: Garchomp
|-damage|p1a: Garchomp|0 fnt
|faint|p1a: Garchomp
|
|-weather|RainDance|[upkeep]
|upkeep
|
|t:|1776207037
|switch|p1a: Venusaur|Venusaur, F|100/100
|turn|7
|
|t:|1776207057
|move|p2a: Kingdra|Ice Beam|p1a: Venusaur
|-supereffective|p1a: Venusaur
|-damage|p1a: Venusaur|1/100
|-status|p1a: Venusaur|frz
|cant|p1a: Venusaur|frz
|
|-weather|RainDance|[upkeep]
|upkeep
|turn|8
|
|t:|1776207067
|cant|p1a: Venusaur|frz
|move|p2a: Kingdra|Ice Beam|p1a: Venusaur
|-supereffective|p1a: Venusaur
|-damage|p1a: Venusaur|0 fnt
|faint|p1a: Venusaur
|
|-weather|none
|upkeep
|
|t:|1776207074
|switch|p1a: Milotic|Milotic, F|100/100
|turn|9
|
|t:|1776207096
|move|p2a: Kingdra|Ice Beam|p1a: Milotic
|-resisted|p1a: Milotic
|-damage|p1a: Milotic|86/100
|move|p1a: Milotic|Scald|p2a: Kingdra
|-resisted|p2a: Kingdra
|-damage|p2a: Kingdra|90/100
|
|-heal|p1a: Milotic|92/100|[from] item: Leftovers
|upkeep
|turn|10
|
|t:|1776207110
|switch|p2a: Ludicolo|Ludicolo, F|100/100
|move|p1a: Milotic|Ice Beam|p2a: Ludicolo
|-damage|p2a: Ludicolo|72/100
|
|-heal|p1a: Milotic|98/100|[from] item: Leftovers
|upkeep
|turn|11
|
|t:|1776207121
|move|p1a: Milotic|Protect|p1a: Milotic
|-singleturn|p1a: Milotic|Protect
|move|p2a: Ludicolo|Giga Drain|p1a: Milotic
|-activate|p1a: Milotic|move: Protect
|
|-heal|p1a: Milotic|100/100|[from] item: Leftovers
|upkeep
|turn|12
|
|t:|1776207130
|switch|p1a: Incineroar|Incineroar, F|100/100
|-ability|p1a: Incineroar|Intimidate|boost
|-unboost|p2a: Ludicolo|atk|1
|move|p2a: Ludicolo|Giga Drain|p1a: Incineroar
|-resisted|p1a: Incineroar
|-damage|p1a: Incineroar|82/100
|-heal|p2a: Ludicolo|84/100|[from] drain|[of] p1a: Incineroar
|-damage|p2a: Ludicolo|74/100|[from] item: Life Orb
|
|upkeep
|turn|13
|
|t:|1776207145
|move|p2a: Ludicolo|Hydro Pump|p1a: Incineroar|[miss]
|-miss|p2a: Ludicolo|p1a: Incineroar
|move|p1a: Incineroar|Flare Blitz|p2a: Ludicolo
|-damage|p2a: Ludicolo|0 fnt
|faint|p2a: Ludicolo
|-damage|p1a: Incineroar|63/100|[from] Recoil
|
|upkeep
|
|t:|1776207156
|switch|p2a: Barraskewda|Barraskewda, F|88/100
|turn|14
|
|t:|1776207169
|move|p1a: Incineroar|Fake Out||[still]
|-hint|Fake Out only works on your first turn out.
|-fail|p1a: Incineroar
|move|p2a: Barraskewda|Flip Turn|p1a: Incineroar
|-supereffective|p1a: Incineroar
|-damage|p1a: Incineroar|0 fnt
|faint|p1a: Incineroar
|
|t:|1776207177
|switch|p2a: Pelipper|Pelipper, M|88/100|[from] Flip Turn
|-weather|RainDance|[from] ability: Drizzle|[of] p2a: Pelipper
|
|-weather|RainDance|[upkeep]
|upkeep
|
|t:|1776207185
|switch|p1a: Milotic|Milotic, F|100/100
|turn|15
|
|t:|1776207202
|move|p1a: Milotic|Ice Beam|p2a: Pelipper
|-damage|p2a: Pelipper|54/100
|move|p2a: Pelipper|U-turn|p1a: Milotic
|-damage|p1a: Milotic|93/100
|
|t:|1776207209
|switch|p2a: Zapdos|Zapdos|100/100|[from] U-turn
|
|-weather|RainDance|[upkeep]
|-heal|p1a: Milotic|99/100|[from] item: Leftovers
|upkeep
|turn|16
|
|t:|1776207218
|move|p2a: Zapdos|Thunder|p1a: Milotic
|-supereffective|p1a: Milotic
|-damage|p1a: Milotic|17/100
|move|p1a: Milotic|Ice Beam|p2a: Zapdos
|-supereffective|p2a: Zapdos
|-damage|p2a: Zapdos|45/100
|
|-weather|RainDance|[upkeep]
|-heal|p1a: Milotic|23/100|[from] item: Leftovers
|upkeep
|turn|17
|
|t:|1776207229
|move|p1a: Milotic|Protect|p1a: Milotic
|-singleturn|p1a: Milotic|Protect
|move|p2a: Zapdos|Thunder|p1a: Milotic
|-activate|p1a: Milotic|move: Protect
|
|-weather|RainDance|[upkeep]
|-heal|p1a: Milotic|29/100|[from] item: Leftovers
|upkeep
|turn|18
|
|t:|1776207238
|move|p2a: Zapdos|Thunder|p1a: Milotic
|-supereffective|p1a: Milotic
|-damage|p1a: Milotic|0 fnt
|faint|p1a: Milotic
|
|-weather|RainDance|[upkeep]
|upkeep
|
|t:|1776207246
|switch|p1a: Charizard|Charizard, M|100/100
|turn|19
|
|t:|1776207254
|move|p2a: Zapdos|Thunder|p1a: Charizard
|-supereffective|p1a: Charizard
|-damage|p1a: Charizard|0 fnt
|faint|p1a: Charizard
|
|-weather|RainDance|[upkeep]
|upkeep
|
|t:|1776207260
|switch|p1a: Gardevoir|Gardevoir, M|100/100
|turn|20
|
|t:|1776207266
|move|p1a: Gardevoir|Icy Wind|p2a: Zapdos
|-supereffective|p2a: Zapdos
|-damage|p2a: Zapdos|3/100
|-unboost|p2a: Zapdos|spe|1
|move|p2a: Zapdos|Weather Ball|p1a: Gardevoir
|-damage|p1a: Gardevoir|49/100
|
|-weather|RainDance|[upkeep]
|upkeep
|turn|21
|
|t:|1776207276
|move|p1a: Gardevoir|Icy Wind|p2a: Zapdos
|-supereffective|p2a: Zapdos
|-damage|p2a: Zapdos|0 fnt
|faint|p2a: Zapdos
|
|-weather|none
|upkeep
|
|t:|1776207283
|switch|p2a: Barraskewda|Barraskewda, F|88/100
|turn|22
|
|t:|1776207289
|move|p2a: Barraskewda|Liquidation|p1a: Gardevoir
|-damage|p1a: Gardevoir|0 fnt
|faint|p1a: Gardevoir
|
|win|jlonriho7
|raw|Ron1n_001's rating: 1000 &rarr; <strong>1000</strong><br />(+0 for losing)
|raw|jlonriho7's rating: 1043 &rarr; <strong>1072</strong><br />(+29 for winning)
|l|☆Ron1n_001
|player|p1|
