|html|<div class="broadcast-blue"><strong>[Gen 9] OU is currently suspecting Tera Blast! For information on how to participate check out the <a href="https://www.smogon.com/tools/suspects/view/200">suspect thread</a>.</strong></div>
|j|☆Poochery
|j|☆bigmac1993
|t:|1776199828
|gametype|singles
|player|p1|Poochery|265|1112
|player|p2|bigmac1993|jasmine|1145
|gen|9
|tier|[Gen 9] OU
|rated|
|rule|HP Percentage Mod: HP is shown in percentages
|rule|Endless Battle Clause: Forcing endless battles is banned
|rule|Species Clause: Limit one of each Pokémon
|rule|OHKO Clause: OHKO moves are banned
|rule|Evasion Items Clause: Evasion items are banned
|rule|Evasion Moves Clause: Evasion moves are banned
|rule|Evasion Abilities Clause: Evasion abilities are banned
|rule|Sleep Moves Clause: Sleep-inducing moves are banned
|clearpoke
|poke|p1|Staraptor, F|
|poke|p1|Rillaboom, F|
|poke|p1|Clodsire, F|
|poke|p1|Scizor, M|
|poke|p1|Mimikyu, F|
|poke|p1|Oricorio-Pom-Pom, M|
|poke|p2|Dragonite, M|
|poke|p2|Samurott-Hisui, M|
|poke|p2|Clefable, M|
|poke|p2|Gliscor, M|
|poke|p2|Gholdengo|
|poke|p2|Zamazenta-*|
|teampreview
|inactive|Battle timer is ON: inactive players will automatically lose when time's up. (requested by Poochery)
|
|t:|1776199840
|teamsize|p1|6
|teamsize|p2|6
|start
|switch|p1a: Clodsire|Clodsire, F, shiny|100/100
|switch|p2a: Gucci|Gholdengo|100/100
|turn|1
|
|t:|1776199846
|move|p2a: Gucci|Trick|p1a: Clodsire
|-activate|p2a: Gucci|move: Trick|[of] p1a: Clodsire
|-item|p1a: Clodsire|Choice Scarf|[from] move: Trick
|-item|p2a: Gucci|Leftovers|[from] move: Trick
|move|p1a: Clodsire|Spikes|p2a: Gucci
|-sidestart|p2: bigmac1993|Spikes
|
|upkeep
|turn|2
|
|t:|1776199853
|move|p2a: Gucci|Shadow Ball|p1a: Clodsire
|-damage|p1a: Clodsire|79/100
|move|p1a: Clodsire|Spikes|p2a: Gucci
|-sidestart|p2: bigmac1993|Spikes
|
|upkeep
|turn|3
|
|t:|1776199859
|move|p2a: Gucci|Shadow Ball|p1a: Clodsire
|-damage|p1a: Clodsire|58/100
|move|p1a: Clodsire|Spikes|p2a: Gucci
|-sidestart|p2: bigmac1993|Spikes
|
|upkeep
|turn|4
|
|t:|1776199865
|switch|p1a: Staraptor|Staraptor, F, shiny|100/100
|move|p2a: Gucci|Shadow Ball|p1a: Staraptor
|-immune|p1a: Staraptor
|
|upkeep
|turn|5
|
|t:|1776199876
|switch|p2a: Feet pics|Gliscor, M, shiny|100/100
|move|p1a: Staraptor|U-turn|p2a: Feet pics
|-resisted|p2a: Feet pics
|-damage|p2a: Feet pics|92/100
|
|t:|1776199884
|switch|p1a: Mimikyu|Mimikyu, F, shiny|100/100|[from] U-turn
|
|-status|p2a: Feet pics|tox|[from] item: Toxic Orb
|upkeep
|turn|6
|
|t:|1776199890
|move|p1a: Mimikyu|Swords Dance|p1a: Mimikyu
|-boost|p1a: Mimikyu|atk|2
|move|p2a: Feet pics|Knock Off|p1a: Mimikyu
|-activate|p1a: Mimikyu|ability: Disguise
|-damage|p1a: Mimikyu|100/100
|-enditem|p1a: Mimikyu|Weakness Policy|[from] move: Knock Off|[of] p2a: Feet pics
|detailschange|p1a: Mimikyu|Mimikyu-Busted, F, shiny
|-damage|p1a: Mimikyu|88/100|[from] pokemon: Mimikyu-Busted
|
|-heal|p2a: Feet pics|100/100 tox|[from] ability: Poison Heal
|upkeep
|turn|7
|
|t:|1776199904
|move|p1a: Mimikyu|Play Rough|p2a: Feet pics
|-damage|p2a: Feet pics|43/100 tox
|move|p2a: Feet pics|Knock Off|p1a: Mimikyu
|-damage|p1a: Mimikyu|65/100
|
|-heal|p2a: Feet pics|56/100 tox|[from] ability: Poison Heal
|upkeep
|turn|8
|
|t:|1776199913
|move|p2a: Feet pics|Protect|p2a: Feet pics
|-singleturn|p2a: Feet pics|Protect
|move|p1a: Mimikyu|Swords Dance|p1a: Mimikyu
|-boost|p1a: Mimikyu|atk|2
|
|-heal|p2a: Feet pics|68/100 tox|[from] ability: Poison Heal
|upkeep
|turn|9
|
|t:|1776199924
|switch|p2a: Gucci|Gholdengo|100/100
|-damage|p2a: Gucci|76/100|[from] Spikes
|move|p1a: Mimikyu|Play Rough|p2a: Gucci
|-resisted|p2a: Gucci
|-damage|p2a: Gucci|13/100
|
|-heal|p2a: Gucci|19/100|[from] item: Leftovers
|upkeep
|turn|10
|
|t:|1776199935
|move|p1a: Mimikyu|Shadow Sneak|p2a: Gucci
|-supereffective|p2a: Gucci
|-damage|p2a: Gucci|0 fnt
|faint|p2a: Gucci
|
|upkeep
|
|t:|1776199940
|switch|p2a: Vexbolts|Samurott-Hisui, M, shiny|100/100
|-damage|p2a: Vexbolts|76/100|[from] Spikes
|turn|11
|
|t:|1776199947
|-terastallize|p2a: Vexbolts|Poison
|move|p1a: Mimikyu|Play Rough|p2a: Vexbolts
|-resisted|p2a: Vexbolts
|-damage|p2a: Vexbolts|17/100
|-unboost|p2a: Vexbolts|atk|1
|move|p2a: Vexbolts|Ceaseless Edge|p1a: Mimikyu
|-damage|p1a: Mimikyu|12/100
|-sidestart|p1: Poochery|Spikes
|
|upkeep
|turn|12
|
|t:|1776199959
|move|p2a: Vexbolts|Sucker Punch||[still]
|-fail|p2a: Vexbolts
|move|p1a: Mimikyu|Will-O-Wisp|p2a: Vexbolts|[miss]
|-miss|p1a: Mimikyu|p2a: Vexbolts
|
|upkeep
|turn|13
|
|t:|1776199965
|move|p1a: Mimikyu|Shadow Sneak|p2a: Vexbolts
|-damage|p2a: Vexbolts|0 fnt
|faint|p2a: Vexbolts
|
|upkeep
|
|t:|1776199976
|switch|p2a: Lizzo|Clefable, M|100/100
|turn|14
|
|t:|1776199983
|move|p1a: Mimikyu|Play Rough|p2a: Lizzo
|-damage|p2a: Lizzo|22/100
|move|p2a: Lizzo|Thunder Wave|p1a: Mimikyu
|-status|p1a: Mimikyu|par
|
|-heal|p2a: Lizzo|28/100|[from] item: Leftovers
|upkeep
|turn|15
|c|☆Poochery|Uhh ok
|
|t:|1776199993
|move|p1a: Mimikyu|Shadow Sneak|p2a: Lizzo
|-damage|p2a: Lizzo|0 fnt
|faint|p2a: Lizzo
|
|upkeep
|
|t:|1776200000
|switch|p2a: Feet pics|Gliscor, M, shiny|68/100 tox
|turn|16
|
|t:|1776200004
|move|p1a: Mimikyu|Shadow Sneak|p2a: Feet pics
|-damage|p2a: Feet pics|29/100 tox
|move|p2a: Feet pics|Swords Dance|p2a: Feet pics
|-boost|p2a: Feet pics|atk|2
|
|-heal|p2a: Feet pics|41/100 tox|[from] ability: Poison Heal
|upkeep
|turn|17
|
|t:|1776200012
|move|p2a: Feet pics|Protect|p2a: Feet pics
|-singleturn|p2a: Feet pics|Protect
|move|p1a: Mimikyu|Shadow Sneak|p2a: Feet pics
|-activate|p2a: Feet pics|move: Protect
|
|-heal|p2a: Feet pics|54/100 tox|[from] ability: Poison Heal
|upkeep
|turn|18
|
|t:|1776200020
|move|p1a: Mimikyu|Shadow Sneak|p2a: Feet pics
|-damage|p2a: Feet pics|16/100 tox
|move|p2a: Feet pics|Knock Off|p1a: Mimikyu
|-damage|p1a: Mimikyu|0 fnt
|faint|p1a: Mimikyu
|
|-heal|p2a: Feet pics|28/100 tox|[from] ability: Poison Heal
|upkeep
|
|t:|1776200023
|switch|p1a: Rillaboom|Rillaboom, F, shiny|100/100
|-damage|p1a: Rillaboom|88/100|[from] Spikes
|-fieldstart|move: Grassy Terrain|[from] ability: Grassy Surge|[of] p1a: Rillaboom
|turn|19
|
|t:|1776200034
|move|p2a: Feet pics|Protect|p2a: Feet pics
|-singleturn|p2a: Feet pics|Protect
|move|p1a: Rillaboom|Fake Out|p2a: Feet pics
|-activate|p2a: Feet pics|move: Protect
|
|-heal|p1a: Rillaboom|94/100|[from] Grassy Terrain
|-heal|p2a: Feet pics|41/100 tox|[from] ability: Poison Heal
|upkeep
|turn|20
|c|☆Poochery|Gg
|
|t:|1776200043
|move|p2a: Feet pics|Protect||[still]
|-fail|p2a: Feet pics
|move|p1a: Rillaboom|Grassy Glide|p2a: Feet pics
|-damage|p2a: Feet pics|5/100 tox
|-damage|p1a: Rillaboom|84/100|[from] item: Life Orb
|
|-heal|p1a: Rillaboom|91/100|[from] Grassy Terrain
|-heal|p2a: Feet pics|17/100 tox|[from] ability: Poison Heal
|upkeep
|turn|21
|
|t:|1776200054
|move|p2a: Feet pics|Protect|p2a: Feet pics
|-singleturn|p2a: Feet pics|Protect
|move|p1a: Rillaboom|Knock Off|p2a: Feet pics
|-activate|p2a: Feet pics|move: Protect
|
|-heal|p1a: Rillaboom|97/100|[from] Grassy Terrain
|-heal|p2a: Feet pics|30/100 tox|[from] ability: Poison Heal
|upkeep
|turn|22
|
|t:|1776200065
|switch|p2a: Doge|Zamazenta|100/100
|-damage|p2a: Doge|76/100|[from] Spikes
|-ability|p2a: Doge|Dauntless Shield|boost
|-boost|p2a: Doge|def|1
|move|p1a: Rillaboom|Knock Off|p2a: Doge
|-resisted|p2a: Doge
|-damage|p2a: Doge|63/100
|-enditem|p2a: Doge|Leftovers|[from] move: Knock Off|[of] p1a: Rillaboom
|-damage|p1a: Rillaboom|87/100|[from] item: Life Orb
|
|-heal|p2a: Doge|69/100|[from] Grassy Terrain
|-heal|p1a: Rillaboom|93/100|[from] Grassy Terrain
|upkeep
|turn|23
|
|t:|1776200079
|move|p1a: Rillaboom|Grassy Glide|p2a: Doge
|-damage|p2a: Doge|45/100
|-damage|p1a: Rillaboom|83/100|[from] item: Life Orb
|move|p2a: Doge|Crunch|p1a: Rillaboom
|-damage|p1a: Rillaboom|59/100
|
|-heal|p2a: Doge|51/100|[from] Grassy Terrain
|-heal|p1a: Rillaboom|65/100|[from] Grassy Terrain
|-fieldend|move: Grassy Terrain
|upkeep
|turn|24
|
|t:|1776200091
|move|p2a: Doge|Iron Defense|p2a: Doge
|-boost|p2a: Doge|def|2
|move|p1a: Rillaboom|Drain Punch|p2a: Doge
|-damage|p2a: Doge|41/100
|-heal|p1a: Rillaboom|70/100|[from] drain|[of] p2a: Doge
|-damage|p1a: Rillaboom|60/100|[from] item: Life Orb
|
|upkeep
|turn|25
|
|t:|1776200099
|move|p2a: Doge|Body Press|p1a: Rillaboom
|-damage|p1a: Rillaboom|0 fnt
|faint|p1a: Rillaboom
|
|upkeep
|
|t:|1776200102
|switch|p1a: Oricorio|Oricorio-Pom-Pom, M, shiny|100/100
|turn|26
|
|t:|1776200111
|switch|p2a: Feet pics|Gliscor, M, shiny|30/100 tox
|move|p1a: Oricorio|Revelation Dance|p2a: Feet pics
|-immune|p2a: Feet pics
|
|-heal|p2a: Feet pics|42/100 tox|[from] ability: Poison Heal
|upkeep
|turn|27
|
|t:|1776200120
|move|p2a: Feet pics|Facade|p1a: Oricorio
|-damage|p1a: Oricorio|74/100
|move|p1a: Oricorio|Quiver Dance|p1a: Oricorio
|-boost|p1a: Oricorio|spa|1
|-boost|p1a: Oricorio|spd|1
|-boost|p1a: Oricorio|spe|1
|
|-heal|p2a: Feet pics|55/100 tox|[from] ability: Poison Heal
|upkeep
|turn|28
|
|t:|1776200132
|move|p1a: Oricorio|Revelation Dance|p2a: Feet pics
|-immune|p2a: Feet pics
|move|p2a: Feet pics|Facade|p1a: Oricorio
|-damage|p1a: Oricorio|47/100
|
|-heal|p2a: Feet pics|67/100 tox|[from] ability: Poison Heal
|upkeep
|turn|29
|
|t:|1776200142
|move|p1a: Oricorio|Quiver Dance|p1a: Oricorio
|-boost|p1a: Oricorio|spa|1
|-boost|p1a: Oricorio|spd|1
|-boost|p1a: Oricorio|spe|1
|move|p2a: Feet pics|Facade|p1a: Oricorio
|-damage|p1a: Oricorio|19/100
|
|-heal|p2a: Feet pics|80/100 tox|[from] ability: Poison Heal
|upkeep
|turn|30
|
|t:|1776200151
|move|p1a: Oricorio|Roost|p1a: Oricorio
|-heal|p1a: Oricorio|69/100
|-singleturn|p1a: Oricorio|move: Roost
|move|p2a: Feet pics|Facade|p1a: Oricorio
|-damage|p1a: Oricorio|44/100
|
|-heal|p2a: Feet pics|92/100 tox|[from] ability: Poison Heal
|upkeep
|turn|31
|
|t:|1776200161
|move|p1a: Oricorio|Air Cutter|p2a: Feet pics
|-crit|p2a: Feet pics
|-damage|p2a: Feet pics|39/100 tox
|move|p2a: Feet pics|Swords Dance|p2a: Feet pics
|-boost|p2a: Feet pics|atk|2
|-activate|p1a: Oricorio|ability: Dancer
|move|p1a: Oricorio|Swords Dance|p1a: Oricorio|[from] ability: Dancer
|-boost|p1a: Oricorio|atk|2
|
|-heal|p2a: Feet pics|52/100 tox|[from] ability: Poison Heal
|upkeep
|turn|32
|
|t:|1776200175
|move|p2a: Feet pics|Protect|p2a: Feet pics
|-singleturn|p2a: Feet pics|Protect
|move|p1a: Oricorio|Air Cutter|p2a: Feet pics
|-activate|p2a: Feet pics|move: Protect
|
|-heal|p2a: Feet pics|64/100 tox|[from] ability: Poison Heal
|upkeep
|turn|33
|
|t:|1776200183
|move|p1a: Oricorio|Roost|p1a: Oricorio
|-heal|p1a: Oricorio|94/100
|-singleturn|p1a: Oricorio|move: Roost
|move|p2a: Feet pics|Facade|p1a: Oricorio
|-damage|p1a: Oricorio|40/100
|
|-heal|p2a: Feet pics|77/100 tox|[from] ability: Poison Heal
|upkeep
|turn|34
|
|t:|1776200196
|switch|p1a: Clodsire|Clodsire, F, shiny|58/100
|-damage|p1a: Clodsire|45/100|[from] Spikes
|move|p2a: Feet pics|Facade|p1a: Clodsire
|-damage|p1a: Clodsire|0 fnt
|faint|p1a: Clodsire
|
|-heal|p2a: Feet pics|89/100 tox|[from] ability: Poison Heal
|upkeep
|
|t:|1776200199
|switch|p1a: Oricorio|Oricorio-Pom-Pom, M, shiny|40/100
|turn|35
|
|t:|1776200211
|move|p2a: Feet pics|Swords Dance|p2a: Feet pics
|-boost|p2a: Feet pics|atk|2
|-activate|p1a: Oricorio|ability: Dancer
|move|p1a: Oricorio|Swords Dance|p1a: Oricorio|[from] ability: Dancer
|-boost|p1a: Oricorio|atk|2
|move|p1a: Oricorio|Roost|p1a: Oricorio
|-heal|p1a: Oricorio|90/100
|-singleturn|p1a: Oricorio|move: Roost
|
|-heal|p2a: Feet pics|100/100 tox|[from] ability: Poison Heal
|upkeep
|turn|36
|
|t:|1776200225
|move|p2a: Feet pics|Facade|p1a: Oricorio
|-damage|p1a: Oricorio|3/100
|move|p1a: Oricorio|Quiver Dance|p1a: Oricorio
|-boost|p1a: Oricorio|spa|1
|-boost|p1a: Oricorio|spd|1
|-boost|p1a: Oricorio|spe|1
|
|upkeep
|turn|37
|
|t:|1776200232
|move|p1a: Oricorio|Air Cutter|p2a: Feet pics
|-damage|p2a: Feet pics|71/100 tox
|move|p2a: Feet pics|Facade|p1a: Oricorio
|-damage|p1a: Oricorio|0 fnt
|faint|p1a: Oricorio
|
|-heal|p2a: Feet pics|84/100 tox|[from] ability: Poison Heal
|upkeep
|
|t:|1776200238
|switch|p1a: Scizor|Scizor, M, shiny|100/100
|-damage|p1a: Scizor|88/100|[from] Spikes
|turn|38
|
|t:|1776200245
|move|p2a: Feet pics|Knock Off|p1a: Scizor
|-damage|p1a: Scizor|21/100
|-enditem|p1a: Scizor|Expert Belt|[from] move: Knock Off|[of] p2a: Feet pics
|move|p1a: Scizor|Swords Dance|p1a: Scizor
|-boost|p1a: Scizor|atk|2
|
|-heal|p2a: Feet pics|96/100 tox|[from] ability: Poison Heal
|upkeep
|turn|39
|
|t:|1776200255
|move|p1a: Scizor|Bullet Punch|p2a: Feet pics
|-damage|p2a: Feet pics|37/100 tox
|move|p2a: Feet pics|Facade|p1a: Scizor
|-resisted|p1a: Scizor
|-damage|p1a: Scizor|0 fnt
|faint|p1a: Scizor
|
|-heal|p2a: Feet pics|49/100 tox|[from] ability: Poison Heal
|upkeep
|
|t:|1776200257
|switch|p1a: Staraptor|Staraptor, F, shiny|100/100
|turn|40
|
|t:|1776200267
|-terastallize|p1a: Staraptor|Steel
|move|p2a: Feet pics|Protect|p2a: Feet pics
|-singleturn|p2a: Feet pics|Protect
|move|p1a: Staraptor|Double-Edge|p2a: Feet pics
|-activate|p2a: Feet pics|move: Protect
|
|-heal|p2a: Feet pics|62/100 tox|[from] ability: Poison Heal
|upkeep
|turn|41
|
|t:|1776200278
|move|p1a: Staraptor|Double-Edge|p2a: Feet pics
|-damage|p2a: Feet pics|3/100 tox
|-damage|p1a: Staraptor|79/100|[from] Recoil
|move|p2a: Feet pics|Facade|p1a: Staraptor
|-resisted|p1a: Staraptor
|-damage|p1a: Staraptor|7/100
|
|-heal|p2a: Feet pics|16/100 tox|[from] ability: Poison Heal
|upkeep
|turn|42
|
|t:|1776200289
|move|p1a: Staraptor|U-turn|p2a: Feet pics
|-resisted|p2a: Feet pics
|-damage|p2a: Feet pics|6/100 tox
|move|p2a: Feet pics|Facade|p1a: Staraptor
|-resisted|p1a: Staraptor
|-damage|p1a: Staraptor|0 fnt
|faint|p1a: Staraptor
|
|win|bigmac1993
|raw|Poochery's rating: 1112 &rarr; <strong>1089</strong><br />(-23 for losing)
|raw|bigmac1993's rating: 1145 &rarr; <strong>1168</strong><br />(+23 for winning)
|c|☆Poochery|Stall harder
