|html|<div class="broadcast-blue"><strong>[Gen 9] OU is currently suspecting Tera Blast! For information on how to participate check out the <a href="https://www.smogon.com/tools/suspects/view/200">suspect thread</a>.</strong></div>
|j|☆tracochan
|j|☆Lupinteh3
|t:|1776050378
|gametype|singles
|player|p1|tracochan|170|1131
|player|p2|Lupinteh3|ethan|1087
|gen|9
|tier|[Gen 9] OU
|rated|
|rule|HP Percentage Mod: HP is shown in percentages
|rule|Endless Battle Clause: Forcing endless battles is banned
|rule|Species Clause: Limit one of each Pokémon
|rule|OHKO Clause: OHKO moves are banned
|rule|Evasion Items Clause: Evasion items are banned
|rule|Evasion Moves Clause: Evasion moves are banned
|rule|Evasion Abilities Clause: Evasion abilities are banned
|rule|Sleep Moves Clause: Sleep-inducing moves are banned
|clearpoke
|poke|p1|Garchomp, M|
|poke|p1|Corviknight, F|
|poke|p1|Raging Bolt|
|poke|p1|Great Tusk|
|poke|p1|Ogerpon-Wellspring, F|
|poke|p1|Slowking-Galar, F|
|poke|p2|Overqwil, M|
|poke|p2|Rabsca, F|
|poke|p2|Porygon2|
|poke|p2|Gallade, M|
|poke|p2|Rampardos, F|
|poke|p2|Drifblim, F|
|teampreview
|
|t:|1776050408
|teamsize|p1|6
|teamsize|p2|6
|start
|switch|p1a: Great Tusk|Great Tusk|100/100
|switch|p2a: Sword fight|Gallade, M|100/100
|turn|1
|
|t:|1776050429
|move|p1a: Great Tusk|Stealth Rock|p2a: Sword fight
|-sidestart|p2: Lupinteh3|move: Stealth Rock
|move|p2a: Sword fight|Psycho Cut|p1a: Great Tusk
|-supereffective|p1a: Great Tusk
|-damage|p1a: Great Tusk|0 fnt
|faint|p1a: Great Tusk
|-end|p1a: Great Tusk|Protosynthesis|[silent]
|
|upkeep
|
|t:|1776050450
|switch|p1a: Slowking|Slowking-Galar, F|100/100
|turn|2
|
|t:|1776050458
|move|p2a: Sword fight|Swords Dance|p2a: Sword fight
|-boost|p2a: Sword fight|atk|2
|move|p1a: Slowking|Future Sight|p2a: Sword fight
|-start|p1a: Slowking|move: Future Sight
|
|upkeep
|turn|3
|
|t:|1776050468
|move|p2a: Sword fight|Psycho Cut|p1a: Slowking
|-damage|p1a: Slowking|0 fnt
|faint|p1a: Slowking
|
|upkeep
|
|t:|1776050475
|switch|p1a: Garchomp|Garchomp, M|100/100
|turn|4
|
|t:|1776050481
|move|p1a: Garchomp|Dragon Claw|p2a: Sword fight
|-damage|p2a: Sword fight|7/100
|-damage|p1a: Garchomp|91/100|[from] item: Life Orb
|move|p2a: Sword fight|Aqua Cutter|p1a: Garchomp
|-crit|p1a: Garchomp
|-damage|p1a: Garchomp|0 fnt
|faint|p1a: Garchomp
|
|-end|p2a: Sword fight|move: Future Sight
|-damage|p2a: Sword fight|0 fnt
|faint|p2a: Sword fight
|upkeep
|
|t:|1776050497
|switch|p1a: Corviknight|Corviknight, F|100/100
|switch|p2a: Cockroach|Rabsca, F|100/100
|-ability|p1a: Corviknight|Pressure
|-damage|p2a: Cockroach|76/100|[from] Stealth Rock
|turn|5
|
|t:|1776050510
|move|p1a: Corviknight|Brave Bird|p2a: Cockroach
|-supereffective|p2a: Cockroach
|-crit|p2a: Cockroach
|-damage|p2a: Cockroach|0 fnt
|faint|p2a: Cockroach
|-damage|p1a: Corviknight|78/100|[from] Recoil
|
|-heal|p1a: Corviknight|85/100|[from] item: Leftovers
|upkeep
|
|t:|1776050518
|switch|p2a: :)|Porygon2|100/100
|-damage|p2a: :)|88/100|[from] Stealth Rock
|turn|6
|
|t:|1776050530
|move|p1a: Corviknight|U-turn|p2a: :)
|-damage|p2a: :)|78/100
|
|t:|1776050534
|switch|p1a: Raging Bolt|Raging Bolt|100/100|[from] U-turn
|-enditem|p1a: Raging Bolt|Booster Energy
|-activate|p1a: Raging Bolt|ability: Protosynthesis|[fromitem]
|-start|p1a: Raging Bolt|protosynthesisspa
|move|p2a: :)|Charge Beam|p1a: Raging Bolt
|-resisted|p1a: Raging Bolt
|-damage|p1a: Raging Bolt|96/100
|-boost|p2a: :)|spa|1
|
|upkeep
|turn|7
|
|t:|1776050550
|move|p1a: Raging Bolt|Thunderclap||[still]
|-fail|p1a: Raging Bolt
|move|p2a: :)|Recover|p2a: :)
|-heal|p2a: :)|100/100
|
|upkeep
|turn|8
|
|t:|1776050556
|move|p1a: Raging Bolt|Thunderclap|p2a: :)
|-damage|p2a: :)|64/100
|move|p2a: :)|Ice Beam|p1a: Raging Bolt
|-supereffective|p1a: Raging Bolt
|-damage|p1a: Raging Bolt|6/100
|
|upkeep
|turn|9
|
|t:|1776050570
|move|p1a: Raging Bolt|Volt Switch|p2a: :)
|-crit|p2a: :)
|-damage|p2a: :)|14/100
|
|t:|1776050574
|-end|p1a: Raging Bolt|Protosynthesis|[silent]
|switch|p1a: Ogerpon|Ogerpon-Wellspring, F|100/100|[from] Volt Switch
|move|p2a: :)|Recover|p2a: :)
|-heal|p2a: :)|64/100
|
|upkeep
|turn|10
|
|t:|1776050589
|move|p1a: Ogerpon|Power Whip|p2a: :)
|-damage|p2a: :)|18/100
|move|p2a: :)|Recover|p2a: :)
|-heal|p2a: :)|68/100
|
|upkeep
|turn|11
|
|t:|1776050599
|move|p1a: Ogerpon|Play Rough|p2a: :)
|-damage|p2a: :)|46/100
|move|p2a: :)|Tri Attack|p1a: Ogerpon
|-damage|p1a: Ogerpon|6/100
|
|upkeep
|turn|12
|
|t:|1776050607
|move|p1a: Ogerpon|Power Whip|p2a: :)
|-damage|p2a: :)|0 fnt
|faint|p2a: :)
|
|upkeep
|
|t:|1776050615
|switch|p2a: Balls|Overqwil, M|100/100
|-damage|p2a: Balls|88/100|[from] Stealth Rock
|-ability|p2a: Balls|Intimidate|boost
|-unboost|p1a: Ogerpon|atk|1
|turn|13
|
|t:|1776050633
|move|p1a: Ogerpon|Ivy Cudgel|p2a: Balls|[anim] Ivy Cudgel Water
|-damage|p2a: Balls|42/100
|move|p2a: Balls|Fell Stinger|p1a: Ogerpon
|-supereffective|p1a: Ogerpon
|-damage|p1a: Ogerpon|0 fnt
|faint|p1a: Ogerpon
|-boost|p2a: Balls|atk|3
|
|upkeep
|
|t:|1776050642
|switch|p1a: Corviknight|Corviknight, F|85/100
|-ability|p1a: Corviknight|Pressure
|turn|14
|
|t:|1776050650
|move|p2a: Balls|Liquidation|p1a: Corviknight
|-damage|p1a: Corviknight|47/100
|move|p1a: Corviknight|Brave Bird|p2a: Balls
|-damage|p2a: Balls|0 fnt
|faint|p2a: Balls
|-damage|p1a: Corviknight|36/100|[from] Recoil
|
|-heal|p1a: Corviknight|43/100|[from] item: Leftovers
|upkeep
|
|t:|1776050668
|switch|p2a: Head|Rampardos, F|100/100
|-damage|p2a: Head|88/100|[from] Stealth Rock
|turn|15
|
|t:|1776050674
|move|p2a: Head|Rock Slide|p1a: Corviknight
|-damage|p1a: Corviknight|0 fnt
|faint|p1a: Corviknight
|
|upkeep
|
|t:|1776050679
|switch|p1a: Raging Bolt|Raging Bolt|6/100
|turn|16
|
|t:|1776050683
|move|p1a: Raging Bolt|Thunderclap|p2a: Head
|-damage|p2a: Head|11/100
|move|p2a: Head|Earthquake|p1a: Raging Bolt
|-supereffective|p1a: Raging Bolt
|-damage|p1a: Raging Bolt|0 fnt
|faint|p1a: Raging Bolt
|-end|p1a: Raging Bolt|Protosynthesis|[silent]
|-damage|p2a: Head|1/100|[from] item: Life Orb
|
|win|Lupinteh3
|raw|tracochan's rating: 1131 &rarr; <strong>1103</strong><br />(-28 for losing)
|raw|Lupinteh3's rating: 1087 &rarr; <strong>1117</strong><br />(+30 for winning)
|l|☆tracochan
|player|p1|
|l|☆Lupinteh3
|player|p2|
