|html|<div class="broadcast-blue"><strong>[Gen 9] OU is currently suspecting Tera Blast! For information on how to participate check out the <a href="https://www.smogon.com/tools/suspects/view/200">suspect thread</a>.</strong></div>
|j|☆Rats220
|j|☆supreme saber
|inactive|Battle timer is ON: inactive players will automatically lose when time's up.
|t:|1776314194
|gametype|singles
|player|p1|Rats220|burglar|
|player|p2|supreme saber|169|
|gen|9
|tier|[Gen 9] OU
|rated|Tournament battle
|rule|HP Percentage Mod: HP is shown in percentages
|rule|Endless Battle Clause: Forcing endless battles is banned
|rule|Species Clause: Limit one of each Pokémon
|rule|OHKO Clause: OHKO moves are banned
|rule|Evasion Items Clause: Evasion items are banned
|rule|Evasion Moves Clause: Evasion moves are banned
|rule|Evasion Abilities Clause: Evasion abilities are banned
|rule|Sleep Moves Clause: Sleep-inducing moves are banned
|clearpoke
|poke|p1|Ninetales-Alola, F|
|poke|p1|Cloyster, F|
|poke|p1|Heatran, M|
|poke|p1|Great Tusk|
|poke|p1|Raging Bolt|
|poke|p1|Zapdos|
|poke|p2|Ting-Lu|
|poke|p2|Zamazenta-*|
|poke|p2|Ogerpon-Wellspring, F|
|poke|p2|Dragonite, F|
|poke|p2|Gholdengo|
|poke|p2|Iron Treads|
|teampreview
|inactive|Rats220 also wants the timer to be on.
|j|*Lady Monita 
|c|☆Rats220|hf
|c|☆supreme saber|hiiiiii
|c|☆supreme saber|finally someone who doesnt trash talk me
|j| QNJ ☂‿☂
|inactive|Rats220 has 120 seconds left.
|c|☆supreme saber|have a great game
|c|☆Rats220|ty
|
|t:|1776314237
|teamsize|p1|6
|teamsize|p2|6
|start
|switch|p1a: Ninetales|Ninetales-Alola, F|100/100
|switch|p2a: Ting-Lu|Ting-Lu|100/100
|-weather|Snowscape|[from] ability: Snow Warning|[of] p1a: Ninetales
|-ability|p2a: Ting-Lu|Vessel of Ruin
|turn|1
|
|t:|1776314249
|move|p1a: Ninetales|Aurora Veil|p1a: Ninetales
|-sidestart|p1: Rats220|move: Aurora Veil
|move|p2a: Ting-Lu|Stealth Rock|p1a: Ninetales
|-sidestart|p1: Rats220|move: Stealth Rock
|
|-weather|Snowscape|[upkeep]
|upkeep
|turn|2
|
|t:|1776314252
|move|p1a: Ninetales|Encore|p2a: Ting-Lu
|-start|p2a: Ting-Lu|Encore
|move|p2a: Ting-Lu|Stealth Rock||[still]
|-fail|p2a: Ting-Lu
|
|-weather|Snowscape|[upkeep]
|upkeep
|turn|3
|
|t:|1776314258
|switch|p1a: NotRedRaven|Cloyster, F, shiny|100/100
|-damage|p1a: NotRedRaven|76/100|[from] Stealth Rock
|switch|p2a: Zamazenta|Zamazenta|100/100
|-ability|p2a: Zamazenta|Dauntless Shield|boost
|-boost|p2a: Zamazenta|def|1
|
|-weather|Snowscape|[upkeep]
|upkeep
|turn|4
|
|t:|1776314268
|switch|p1a: Zapdos|Zapdos|100/100
|move|p2a: Zamazenta|Roar|p1a: Zapdos
|drag|p1a: Great Tusk|Great Tusk|100/100
|-damage|p1a: Great Tusk|98/100|[from] Stealth Rock
|
|-weather|Snowscape|[upkeep]
|upkeep
|turn|5
|
|t:|1776314281
|move|p2a: Zamazenta|Iron Defense|p2a: Zamazenta
|-boost|p2a: Zamazenta|def|2
|move|p1a: Great Tusk|Rapid Spin|p2a: Zamazenta
|-damage|p2a: Zamazenta|96/100
|-boost|p1a: Great Tusk|spe|1
|-sideend|p1: Rats220|Stealth Rock|[from] move: Rapid Spin|[of] p1a: Great Tusk
|
|-weather|none
|-heal|p2a: Zamazenta|100/100|[from] item: Leftovers
|upkeep
|turn|6
|j| LPDP
|
|t:|1776314294
|move|p1a: Great Tusk|Stealth Rock|p2a: Zamazenta
|-sidestart|p2: supreme saber|move: Stealth Rock
|move|p2a: Zamazenta|Body Press|p1a: Great Tusk
|-damage|p1a: Great Tusk|70/100
|-damage|p2a: Zamazenta|84/100|[from] item: Rocky Helmet|[of] p1a: Great Tusk
|
|-heal|p2a: Zamazenta|90/100|[from] item: Leftovers
|upkeep
|turn|7
|
|t:|1776314300
|-end|p1a: Great Tusk|Protosynthesis|[silent]
|switch|p1a: Zapdos|Zapdos|100/100
|move|p2a: Zamazenta|Roar|p1a: Zapdos
|drag|p1a: Ninetales|Ninetales-Alola, F|100/100
|-weather|Snowscape|[from] ability: Snow Warning|[of] p1a: Ninetales
|
|-weather|Snowscape|[upkeep]
|-heal|p2a: Zamazenta|96/100|[from] item: Leftovers
|upkeep
|turn|8
|c|☆supreme saber|raaaaaaaaahhhhhhhhhhhh
|
|t:|1776314313
|move|p2a: Zamazenta|Body Press|p1a: Ninetales
|-damage|p1a: Ninetales|60/100
|move|p1a: Ninetales|Moonblast|p2a: Zamazenta
|-supereffective|p2a: Zamazenta
|-damage|p2a: Zamazenta|45/100
|-unboost|p2a: Zamazenta|spa|1
|
|-weather|Snowscape|[upkeep]
|-heal|p2a: Zamazenta|51/100|[from] item: Leftovers
|-sideend|p1: Rats220|move: Aurora Veil
|upkeep
|turn|9
|j| vs115885
|c|☆Rats220|Dwah
|
|t:|1776314326
|switch|p1a: Zapdos|Zapdos|100/100
|move|p2a: Zamazenta|Body Press|p1a: Zapdos
|-resisted|p1a: Zapdos
|-damage|p1a: Zapdos|43/100
|
|-weather|Snowscape|[upkeep]
|-heal|p2a: Zamazenta|57/100|[from] item: Leftovers
|upkeep
|turn|10
|
|t:|1776314334
|move|p2a: Zamazenta|Body Press|p1a: Zapdos
|-resisted|p1a: Zapdos
|-damage|p1a: Zapdos|0 fnt
|faint|p1a: Zapdos
|
|-weather|Snowscape|[upkeep]
|-heal|p2a: Zamazenta|63/100|[from] item: Leftovers
|upkeep
|
|t:|1776314347
|switch|p1a: Raging Bolt|Raging Bolt|100/100
|-enditem|p1a: Raging Bolt|Booster Energy
|-activate|p1a: Raging Bolt|ability: Protosynthesis|[fromitem]
|-start|p1a: Raging Bolt|protosynthesisspa
|turn|11
|c|☆supreme saber|ban this dog
|
|t:|1776314356
|move|p2a: Zamazenta|Body Press|p1a: Raging Bolt
|-damage|p1a: Raging Bolt|8/100
|move|p1a: Raging Bolt|Thunderbolt|p2a: Zamazenta
|-damage|p2a: Zamazenta|0 fnt
|faint|p2a: Zamazenta
|
|-weather|none
|upkeep
|c|☆Rats220|Keep the dwah
|c|☆supreme saber|noooooooooooooooo
|c|☆supreme saber|my dooooooooooog
|c|☆supreme saber|nooooooooooo
|c|☆Rats220|Rip dwah
|
|t:|1776314376
|switch|p2a: Iron Treads|Iron Treads|100/100
|-damage|p2a: Iron Treads|97/100|[from] Stealth Rock
|-item|p2a: Iron Treads|Air Balloon
|turn|12
|l| vs115885
|
|t:|1776314381
|move|p2a: Iron Treads|Rapid Spin|p1a: Raging Bolt
|-damage|p1a: Raging Bolt|0 fnt
|-boost|p2a: Iron Treads|spe|1
|-sideend|p2: supreme saber|Stealth Rock|[from] move: Rapid Spin|[of] p2a: Iron Treads
|faint|p1a: Raging Bolt
|-end|p1a: Raging Bolt|Protosynthesis|[silent]
|
|upkeep
|
|t:|1776314384
|switch|p1a: Ninetales|Ninetales-Alola, F|60/100
|-weather|Snowscape|[from] ability: Snow Warning|[of] p1a: Ninetales
|turn|13
|c|☆supreme saber|u ended my dawg broo
|
|t:|1776314398
|move|p2a: Iron Treads|Knock Off|p1a: Ninetales
|-resisted|p1a: Ninetales
|-damage|p1a: Ninetales|50/100
|-enditem|p1a: Ninetales|Light Clay|[from] move: Knock Off|[of] p2a: Iron Treads
|move|p1a: Ninetales|Aurora Veil|p1a: Ninetales
|-sidestart|p1: Rats220|move: Aurora Veil
|
|-weather|Snowscape|[upkeep]
|upkeep
|turn|14
|
|t:|1776314411
|-end|p2a: Iron Treads|Quark Drive|[silent]
|switch|p2a: Ting-Lu|Ting-Lu|100/100
|-ability|p2a: Ting-Lu|Vessel of Ruin
|switch|p1a: NotRedRaven|Cloyster, F, shiny|76/100
|
|-weather|Snowscape|[upkeep]
|upkeep
|turn|15
|
|t:|1776314420
|move|p1a: NotRedRaven|Icicle Spear|p2a: Ting-Lu
|-supereffective|p2a: Ting-Lu
|-damage|p2a: Ting-Lu|90/100
|-supereffective|p2a: Ting-Lu
|-damage|p2a: Ting-Lu|79/100
|-supereffective|p2a: Ting-Lu
|-damage|p2a: Ting-Lu|69/100
|-supereffective|p2a: Ting-Lu
|-damage|p2a: Ting-Lu|58/100
|-supereffective|p2a: Ting-Lu
|-damage|p2a: Ting-Lu|46/100
|-hitcount|p2a: Ting-Lu|5
|-enditem|p2a: Ting-Lu|Red Card|[of] p1a: NotRedRaven
|drag|p1a: Heatran|Heatran, M|100/100
|-item|p1a: Heatran|Air Balloon
|move|p2a: Ting-Lu|Whirlwind|p1a: Heatran
|drag|p1a: Ninetales|Ninetales-Alola, F|50/100
|
|-weather|Snowscape|[upkeep]
|upkeep
|turn|16
|
|t:|1776314439
|move|p1a: Ninetales|Moonblast|p2a: Ting-Lu
|-supereffective|p2a: Ting-Lu
|-damage|p2a: Ting-Lu|17/100
|move|p2a: Ting-Lu|Stealth Rock|p1a: Ninetales
|-sidestart|p1: Rats220|move: Stealth Rock
|
|-weather|Snowscape|[upkeep]
|upkeep
|turn|17
|
|t:|1776314446
|switch|p2a: Iron Treads|Iron Treads|97/100
|-item|p2a: Iron Treads|Air Balloon
|move|p1a: Ninetales|Encore||[still]
|-fail|p1a: Ninetales
|
|-weather|none
|-sideend|p1: Rats220|move: Aurora Veil
|upkeep
|turn|18
|
|t:|1776314464
|switch|p1a: Great Tusk|Great Tusk|70/100
|-damage|p1a: Great Tusk|67/100|[from] Stealth Rock
|move|p2a: Iron Treads|Earthquake|p1a: Great Tusk
|-damage|p1a: Great Tusk|42/100
|
|upkeep
|turn|19
|
|t:|1776314470
|move|p2a: Iron Treads|Ice Spinner|p1a: Great Tusk
|-supereffective|p1a: Great Tusk
|-damage|p1a: Great Tusk|12/100
|-damage|p2a: Iron Treads|81/100|[from] item: Rocky Helmet|[of] p1a: Great Tusk
|move|p1a: Great Tusk|Rapid Spin|p2a: Iron Treads
|-resisted|p2a: Iron Treads
|-damage|p2a: Iron Treads|75/100
|-boost|p1a: Great Tusk|spe|1
|-enditem|p2a: Iron Treads|Air Balloon
|-sideend|p1: Rats220|Stealth Rock|[from] move: Rapid Spin|[of] p1a: Great Tusk
|
|upkeep
|turn|20
|
|t:|1776314479
|move|p1a: Great Tusk|Headlong Rush|p2a: Iron Treads
|-supereffective|p2a: Iron Treads
|-damage|p2a: Iron Treads|0 fnt
|-unboost|p1a: Great Tusk|def|1
|-unboost|p1a: Great Tusk|spd|1
|faint|p2a: Iron Treads
|-end|p2a: Iron Treads|Quark Drive|[silent]
|
|upkeep
|
|t:|1776314484
|switch|p2a: Dragonite|Dragonite, F|100/100
|turn|21
|
|t:|1776314490
|move|p1a: Great Tusk|Ice Spinner|p2a: Dragonite
|-supereffective|p2a: Dragonite
|-damage|p2a: Dragonite|68/100
|move|p2a: Dragonite|Dragon Dance|p2a: Dragonite
|-boost|p2a: Dragonite|atk|1
|-boost|p2a: Dragonite|spe|1
|
|upkeep
|turn|22
|
|t:|1776314497
|-terastallize|p2a: Dragonite|Fairy
|move|p1a: Great Tusk|Ice Spinner|p2a: Dragonite
|-damage|p2a: Dragonite|49/100
|move|p2a: Dragonite|Dragon Dance|p2a: Dragonite
|-boost|p2a: Dragonite|atk|1
|-boost|p2a: Dragonite|spe|1
|
|upkeep
|turn|23
|
|t:|1776314505
|move|p2a: Dragonite|Tera Blast|p1a: Great Tusk|[anim] Tera Blast Fairy
|-supereffective|p1a: Great Tusk
|-damage|p1a: Great Tusk|0 fnt
|faint|p1a: Great Tusk
|-end|p1a: Great Tusk|Protosynthesis|[silent]
|
|upkeep
|
|t:|1776314507
|switch|p1a: Ninetales|Ninetales-Alola, F|50/100
|-weather|Snowscape|[from] ability: Snow Warning|[of] p1a: Ninetales
|turn|24
|
|t:|1776314513
|move|p2a: Dragonite|Tera Blast|p1a: Ninetales|[anim] Tera Blast Fairy
|-damage|p1a: Ninetales|0 fnt
|faint|p1a: Ninetales
|
|-weather|Snowscape|[upkeep]
|upkeep
|
|t:|1776314516
|switch|p1a: NotRedRaven|Cloyster, F, shiny|76/100
|turn|25
|
|t:|1776314522
|move|p2a: Dragonite|Tera Blast|p1a: NotRedRaven|[anim] Tera Blast Fairy
|-damage|p1a: NotRedRaven|38/100
|move|p1a: NotRedRaven|Shell Smash|p1a: NotRedRaven
|-unboost|p1a: NotRedRaven|def|1
|-unboost|p1a: NotRedRaven|spd|1
|-boost|p1a: NotRedRaven|atk|2
|-boost|p1a: NotRedRaven|spa|2
|-boost|p1a: NotRedRaven|spe|2
|-enditem|p1a: NotRedRaven|White Herb
|-clearnegativeboost|p1a: NotRedRaven|[silent]
|
|-weather|Snowscape|[upkeep]
|upkeep
|turn|26
|c|☆supreme saber|raaaaaaaaahh
|c|☆supreme saber|noooooooooooooooo
|
|t:|1776314532
|move|p1a: NotRedRaven|Icicle Spear|p2a: Dragonite
|-damage|p2a: Dragonite|30/100
|-damage|p2a: Dragonite|12/100
|-damage|p2a: Dragonite|0 fnt
|faint|p2a: Dragonite
|-hitcount|p2: Dragonite|3
|
|-weather|Snowscape|[upkeep]
|upkeep
|
|t:|1776314543
|switch|p2a: Gholdengo|Gholdengo|100/100
|turn|27
|
|t:|1776314555
|move|p1a: NotRedRaven|Drill Run|p2a: Gholdengo
|-supereffective|p2a: Gholdengo
|-damage|p2a: Gholdengo|0 fnt
|faint|p2a: Gholdengo
|
|-weather|Snowscape|[upkeep]
|upkeep
|
|t:|1776314562
|switch|p2a: Ogerpon|Ogerpon-Wellspring, F|100/100
|turn|28
|c|☆supreme saber|gg'
|c|☆Rats220|gg
|c|☆Rats220|wp
|
|t:|1776314573
|move|p1a: NotRedRaven|Icicle Spear|p2a: Ogerpon
|-damage|p2a: Ogerpon|68/100
|-damage|p2a: Ogerpon|39/100
|-damage|p2a: Ogerpon|11/100
|-damage|p2a: Ogerpon|0 fnt
|faint|p2a: Ogerpon
|-hitcount|p2: Ogerpon|4
|
|-weather|none
|upkeep
|
|t:|1776314576
|switch|p2a: Ting-Lu|Ting-Lu|17/100
|-ability|p2a: Ting-Lu|Vessel of Ruin
|turn|29
|
|t:|1776314580
|move|p1a: NotRedRaven|Icicle Spear|p2a: Ting-Lu
|-supereffective|p2a: Ting-Lu
|-damage|p2a: Ting-Lu|0 fnt
|faint|p2a: Ting-Lu
|-hitcount|p2: Ting-Lu|1
|
|win|Rats220
|n|☆Rats220|rats220
|n|☆supreme saber|supremesaber
|n|*Lady Monita |ladymonita
|n| QNJ ☂‿☂|qnj
|n| LPDP|lpdp
