|html|<div class="broadcast-blue"><strong>[Gen 9] OU is currently suspecting Tera Blast! For information on how to participate check out the <a href="https://www.smogon.com/tools/suspects/view/200">suspect thread</a>.</strong></div>
|j|☆DonovanIsNotHere
|j|☆iblamecigar
|t:|1776194252
|gametype|singles
|player|p1|DonovanIsNotHere|101|1391
|player|p2|iblamecigar|gambler|1470
|gen|9
|tier|[Gen 9] OU
|rated|
|rule|HP Percentage Mod: HP is shown in percentages
|rule|Endless Battle Clause: Forcing endless battles is banned
|rule|Species Clause: Limit one of each Pokémon
|rule|OHKO Clause: OHKO moves are banned
|rule|Evasion Items Clause: Evasion items are banned
|rule|Evasion Moves Clause: Evasion moves are banned
|rule|Evasion Abilities Clause: Evasion abilities are banned
|rule|Sleep Moves Clause: Sleep-inducing moves are banned
|clearpoke
|poke|p1|Venusaur, F|
|poke|p1|Magnezone|
|poke|p1|Samurott-Hisui, M|
|poke|p1|Pecharunt|
|poke|p1|Heatran, F|
|poke|p1|Corviknight, M|
|poke|p2|Deoxys-Speed|
|poke|p2|Kingambit, F|
|poke|p2|Ogerpon-Wellspring, F|
|poke|p2|Zamazenta-*|
|poke|p2|Gholdengo|
|poke|p2|Dragonite, M|
|teampreview
|inactive|Battle timer is ON: inactive players will automatically lose when time's up. (requested by iblamecigar)
|
|t:|1776194264
|teamsize|p1|6
|teamsize|p2|6
|start
|switch|p1a: Samurott|Samurott-Hisui, M|100/100
|switch|p2a: zoomies|Deoxys-Speed|100/100
|-ability|p2a: zoomies|Pressure
|turn|1
|
|t:|1776194282
|move|p2a: zoomies|Stealth Rock|p1a: Samurott
|-sidestart|p1: DonovanIsNotHere|move: Stealth Rock
|move|p1a: Samurott|Ceaseless Edge|p2a: zoomies
|-supereffective|p2a: zoomies
|-enditem|p2a: zoomies|Focus Sash
|-damage|p2a: zoomies|1/100
|-sidestart|p2: iblamecigar|Spikes
|
|upkeep
|turn|2
|
|t:|1776194286
|move|p2a: zoomies|Focus Blast|p1a: Samurott|[miss]
|-miss|p2a: zoomies|p1a: Samurott
|move|p1a: Samurott|Ceaseless Edge|p2a: zoomies
|-supereffective|p2a: zoomies
|-damage|p2a: zoomies|0 fnt
|-sidestart|p2: iblamecigar|Spikes
|faint|p2a: zoomies
|
|upkeep
|
|t:|1776194291
|switch|p2a: how is THIS ou|Zamazenta|100/100
|-damage|p2a: how is THIS ou|84/100|[from] Spikes
|-ability|p2a: how is THIS ou|Dauntless Shield|boost
|-boost|p2a: how is THIS ou|def|1
|turn|3
|
|t:|1776194315
|switch|p1a: Pecharunt|Pecharunt|100/100
|move|p2a: how is THIS ou|Close Combat|p1a: Pecharunt
|-immune|p1a: Pecharunt
|
|upkeep
|turn|4
|
|t:|1776194325
|switch|p2a: how|Gholdengo|100/100
|-damage|p2a: how|84/100|[from] Spikes
|move|p1a: Pecharunt|Parting Shot|p2a: how
|-immune|p2a: how|[from] ability: Good as Gold
|
|upkeep
|turn|5
|
|t:|1776194349
|switch|p1a: Samurott|Samurott-Hisui, M|100/100
|-damage|p1a: Samurott|88/100|[from] Stealth Rock
|move|p2a: how|Shadow Ball|p1a: Samurott
|-resisted|p1a: Samurott
|-damage|p1a: Samurott|56/100
|
|upkeep
|turn|6
|inactive|iblamecigar has 120 seconds left.
|
|t:|1776194390
|switch|p2a: how is THIS ou|Zamazenta|84/100
|-damage|p2a: how is THIS ou|67/100|[from] Spikes
|move|p1a: Samurott|Ceaseless Edge|p2a: how is THIS ou|[miss]
|-miss|p1a: Samurott|p2a: how is THIS ou
|
|upkeep
|turn|7
|
|t:|1776194403
|switch|p1a: Pecharunt|Pecharunt|100/100
|move|p2a: how is THIS ou|Close Combat|p1a: Pecharunt
|-immune|p1a: Pecharunt
|
|upkeep
|turn|8
|
|t:|1776194406
|switch|p2a: how|Gholdengo|84/100
|-damage|p2a: how|67/100|[from] Spikes
|move|p1a: Pecharunt|Hex|p2a: how
|-supereffective|p2a: how
|-damage|p2a: how|21/100
|
|upkeep
|turn|9
|
|t:|1776194411
|move|p2a: how|Shadow Ball|p1a: Pecharunt
|-supereffective|p1a: Pecharunt
|-damage|p1a: Pecharunt|10/100
|move|p1a: Pecharunt|Hex|p2a: how
|-supereffective|p2a: how
|-damage|p2a: how|0 fnt
|faint|p2a: how
|
|upkeep
|
|t:|1776194428
|switch|p2a: how is this ou|Ogerpon-Wellspring, F|100/100
|-damage|p2a: how is this ou|84/100|[from] Spikes
|turn|10
|
|t:|1776194442
|switch|p1a: Flytrap|Venusaur, F|100/100
|-damage|p1a: Flytrap|88/100|[from] Stealth Rock
|move|p2a: how is this ou|Ivy Cudgel|p1a: Flytrap|[anim] Ivy Cudgel Water
|-resisted|p1a: Flytrap
|-damage|p1a: Flytrap|55/100
|
|-heal|p1a: Flytrap|61/100|[from] item: Leftovers
|upkeep
|turn|11
|
|t:|1776194452
|switch|p2a: how is THIS ou|Zamazenta|67/100
|-damage|p2a: how is THIS ou|51/100|[from] Spikes
|move|p1a: Flytrap|Acid Spray|p2a: how is THIS ou
|-damage|p2a: how is THIS ou|37/100
|-unboost|p2a: how is THIS ou|spd|2
|
|-heal|p1a: Flytrap|67/100|[from] item: Leftovers
|upkeep
|turn|12
|inactive|DonovanIsNotHere has 120 seconds left.
|inactive|iblamecigar has 120 seconds left.
|
|t:|1776194490
|move|p2a: how is THIS ou|Iron Head|p1a: Flytrap
|-damage|p1a: Flytrap|26/100
|cant|p1a: Flytrap|flinch
|
|-heal|p1a: Flytrap|32/100|[from] item: Leftovers
|upkeep
|turn|13
|
|t:|1776194496
|switch|p1a: Corviknight|Corviknight, M|100/100
|-damage|p1a: Corviknight|88/100|[from] Stealth Rock
|-ability|p1a: Corviknight|Pressure
|move|p2a: how is THIS ou|Iron Head|p1a: Corviknight
|-resisted|p1a: Corviknight
|-damage|p1a: Corviknight|70/100
|
|-heal|p1a: Corviknight|77/100|[from] item: Leftovers
|upkeep
|turn|14
|
|t:|1776194501
|switch|p2a: how is this ou|Ogerpon-Wellspring, F|84/100
|-damage|p2a: how is this ou|67/100|[from] Spikes
|move|p1a: Corviknight|U-turn|p2a: how is this ou
|-supereffective|p2a: how is this ou
|-damage|p2a: how is this ou|29/100
|
|t:|1776194505
|switch|p1a: Flytrap|Venusaur, F|32/100|[from] U-turn
|-damage|p1a: Flytrap|20/100|[from] Stealth Rock
|
|-heal|p1a: Flytrap|26/100|[from] item: Leftovers
|upkeep
|turn|15
|
|t:|1776194528
|move|p2a: how is this ou|Ivy Cudgel|p1a: Flytrap|[anim] Ivy Cudgel Water
|-resisted|p1a: Flytrap
|-damage|p1a: Flytrap|0 fnt
|faint|p1a: Flytrap
|
|upkeep
|
|t:|1776194531
|switch|p1a: Samurott|Samurott-Hisui, M|56/100
|-damage|p1a: Samurott|44/100|[from] Stealth Rock
|turn|16
|inactive|iblamecigar has 120 seconds left.
|
|t:|1776194576
|move|p1a: Samurott|Sucker Punch|p2a: how is this ou
|-damage|p2a: how is this ou|0 fnt
|faint|p2a: how is this ou
|
|upkeep
|
|t:|1776194580
|switch|p2a: how is THIS ou|Zamazenta|37/100
|-damage|p2a: how is THIS ou|21/100|[from] Spikes
|turn|17
|inactive|iblamecigar has 120 seconds left.
|
|t:|1776194595
|switch|p1a: Corviknight|Corviknight, M|77/100
|-damage|p1a: Corviknight|64/100|[from] Stealth Rock
|-ability|p1a: Corviknight|Pressure
|move|p2a: how is THIS ou|Stone Edge|p1a: Corviknight
|-damage|p1a: Corviknight|21/100
|
|-heal|p1a: Corviknight|28/100|[from] item: Leftovers
|upkeep
|turn|18
|
|t:|1776194604
|move|p2a: how is THIS ou|Stone Edge|p1a: Corviknight
|-damage|p1a: Corviknight|0 fnt
|faint|p1a: Corviknight
|
|upkeep
|
|t:|1776194624
|switch|p1a: Pecharunt|Pecharunt|10/100
|turn|19
|
|t:|1776194630
|move|p2a: how is THIS ou|Stone Edge|p1a: Pecharunt
|-damage|p1a: Pecharunt|0 fnt
|faint|p1a: Pecharunt
|
|upkeep
|
|t:|1776194636
|switch|p1a: Bird Trap|Magnezone|100/100
|-damage|p1a: Bird Trap|94/100|[from] Stealth Rock
|turn|20
|
|t:|1776194643
|switch|p2a: older brother|Kingambit, F|100/100
|-damage|p2a: older brother|84/100|[from] Spikes
|-activate|p2a: older brother|ability: Supreme Overlord
|-start|p2a: older brother|fallen3|[silent]
|move|p1a: Bird Trap|Thunderbolt|p2a: older brother
|-damage|p2a: older brother|0 fnt
|faint|p2a: older brother
|-end|p2a: older brother|fallen3|[silent]
|
|upkeep
|c|☆iblamecigar|holy dmg
|
|t:|1776194648
|switch|p2a: how is THIS ou|Zamazenta|21/100
|-damage|p2a: how is THIS ou|4/100|[from] Spikes
|turn|21
|inactive|DonovanIsNotHere has 120 seconds left.
|
|t:|1776194679
|switch|p1a: Heatran|Heatran, F|100/100
|-damage|p1a: Heatran|88/100|[from] Stealth Rock
|-item|p1a: Heatran|Air Balloon
|move|p2a: how is THIS ou|Close Combat|p1a: Heatran
|-supereffective|p1a: Heatran
|-damage|p1a: Heatran|0 fnt
|-unboost|p2a: how is THIS ou|def|1
|-unboost|p2a: how is THIS ou|spd|1
|-enditem|p1a: Heatran|Air Balloon
|faint|p1a: Heatran
|
|upkeep
|
|t:|1776194681
|switch|p1a: Samurott|Samurott-Hisui, M|44/100
|-damage|p1a: Samurott|31/100|[from] Stealth Rock
|turn|22
|
|t:|1776194684
|move|p1a: Samurott|Sucker Punch|p2a: how is THIS ou
|-resisted|p2a: how is THIS ou
|-damage|p2a: how is THIS ou|0 fnt
|faint|p2a: how is THIS ou
|
|upkeep
|
|t:|1776194686
|switch|p2a: BIDEN BLASST|Dragonite, M|100/100
|turn|23
|
|t:|1776194705
|move|p2a: BIDEN BLASST|Dragon Dance|p2a: BIDEN BLASST
|-boost|p2a: BIDEN BLASST|atk|1
|-boost|p2a: BIDEN BLASST|spe|1
|move|p1a: Samurott|Ceaseless Edge|p2a: BIDEN BLASST
|-damage|p2a: BIDEN BLASST|69/100
|-sidestart|p2: iblamecigar|Spikes
|
|upkeep
|turn|24
|
|t:|1776194714
|move|p2a: BIDEN BLASST|Extreme Speed|p1a: Samurott
|-damage|p1a: Samurott|0 fnt
|faint|p1a: Samurott
|
|upkeep
|
|t:|1776194715
|switch|p1a: Bird Trap|Magnezone|94/100
|-damage|p1a: Bird Trap|88/100|[from] Stealth Rock
|turn|25
|
|t:|1776194721
|-terastallize|p1a: Bird Trap|Fairy
|move|p2a: BIDEN BLASST|Earthquake|p1a: Bird Trap
|-damage|p1a: Bird Trap|33/100
|move|p1a: Bird Trap|Tera Blast|p2a: BIDEN BLASST|[anim] Tera Blast Fairy
|-supereffective|p2a: BIDEN BLASST
|-damage|p2a: BIDEN BLASST|0 fnt
|faint|p2a: BIDEN BLASST
|
|win|DonovanIsNotHere
|raw|DonovanIsNotHere's rating: 1371 &rarr; <strong>1397</strong><br />(+26 for winning)
|raw|iblamecigar's rating: 1470 &rarr; <strong>1444</strong><br />(-26 for losing)
