|html|<div class="broadcast-blue"><strong>[Gen 9] OU is currently suspecting Tera Blast! For information on how to participate check out the <a href="https://www.smogon.com/tools/suspects/view/200">suspect thread</a>.</strong></div>
|j|☆V0ldy
|j|☆NeoNaruto✈️_✈️
|t:|1776107244
|gametype|singles
|player|p1|V0ldy|102|1638
|player|p2|NeoNaruto✈️_✈️|medium|1678
|gen|9
|tier|[Gen 9] OU
|rated|
|rule|HP Percentage Mod: HP is shown in percentages
|rule|Endless Battle Clause: Forcing endless battles is banned
|rule|Species Clause: Limit one of each Pokémon
|rule|OHKO Clause: OHKO moves are banned
|rule|Evasion Items Clause: Evasion items are banned
|rule|Evasion Moves Clause: Evasion moves are banned
|rule|Evasion Abilities Clause: Evasion abilities are banned
|rule|Sleep Moves Clause: Sleep-inducing moves are banned
|clearpoke
|poke|p1|Indeedee, M|
|poke|p1|Hawlucha, M|
|poke|p1|Gallade, M|
|poke|p1|Armarouge, F|
|poke|p1|Polteageist-Antique|
|poke|p1|Excadrill, M|
|poke|p2|Tyranitar, F|
|poke|p2|Kyurem|
|poke|p2|Staraptor, M|
|poke|p2|Garchomp, F|
|poke|p2|Torkoal, M|
|poke|p2|Dragonite, M|
|teampreview
|inactive|Battle timer is ON: inactive players will automatically lose when time's up. (requested by NeoNaruto✈️_✈️)
|
|t:|1776107257
|teamsize|p1|6
|teamsize|p2|6
|start
|switch|p1a: Excadrill|Excadrill, M|100/100
|switch|p2a: DA LAST REX(3005)|Tyranitar, F, shiny|100/100
|-ability|p1a: Excadrill|Mold Breaker
|-weather|Sandstorm|[from] ability: Sand Stream|[of] p2a: DA LAST REX(3005)
|turn|1
|
|t:|1776107267
|switch|p2a: I HAVE NO ENEMIES|Garchomp, F|100/100
|move|p1a: Excadrill|Earthquake|p2a: I HAVE NO ENEMIES
|-damage|p2a: I HAVE NO ENEMIES|63/100
|
|-weather|Sandstorm|[upkeep]
|upkeep
|turn|2
|
|t:|1776107273
|move|p1a: Excadrill|Earthquake|p2a: I HAVE NO ENEMIES
|-damage|p2a: I HAVE NO ENEMIES|27/100
|move|p2a: I HAVE NO ENEMIES|Breaking Swipe|p1a: Excadrill
|-resisted|p1a: Excadrill
|-damage|p1a: Excadrill|82/100
|-unboost|p1a: Excadrill|atk|1
|
|-weather|Sandstorm|[upkeep]
|upkeep
|turn|3
|
|t:|1776107282
|move|p1a: Excadrill|Stealth Rock|p2a: I HAVE NO ENEMIES
|-sidestart|p2: NeoNaruto✈️_✈️|move: Stealth Rock
|move|p2a: I HAVE NO ENEMIES|Rest|p2a: I HAVE NO ENEMIES
|-status|p2a: I HAVE NO ENEMIES|slp|[from] move: Rest
|-heal|p2a: I HAVE NO ENEMIES|100/100 slp|[silent]
|
|-weather|Sandstorm|[upkeep]
|upkeep
|turn|4
|
|t:|1776107286
|switch|p1a: Indeedee|Indeedee, M|100/100
|-fieldstart|move: Psychic Terrain|[from] ability: Psychic Surge|[of] p1a: Indeedee
|cant|p2a: I HAVE NO ENEMIES|slp
|
|-weather|Sandstorm|[upkeep]
|-damage|p1a: Indeedee|94/100|[from] Sandstorm
|upkeep
|turn|5
|
|t:|1776107293
|switch|p1a: Excadrill|Excadrill, M|82/100
|-ability|p1a: Excadrill|Mold Breaker
|switch|p2a: OVO CHUBBS|Torkoal, M, shiny|100/100
|-weather|SunnyDay|[from] ability: Drought|[of] p2a: OVO CHUBBS
|
|-weather|SunnyDay|[upkeep]
|upkeep
|turn|6
|
|t:|1776107300
|move|p1a: Excadrill|Earthquake|p2a: OVO CHUBBS
|-supereffective|p2a: OVO CHUBBS
|-damage|p2a: OVO CHUBBS|32/100
|move|p2a: OVO CHUBBS|Lava Plume|p1a: Excadrill
|-supereffective|p1a: Excadrill
|-damage|p1a: Excadrill|0 fnt
|faint|p1a: Excadrill
|
|-weather|SunnyDay|[upkeep]
|upkeep
|
|t:|1776107307
|switch|p1a: Gallade|Gallade, M|100/100
|turn|7
|
|t:|1776107316
|switch|p2a: I HAVE NO ENEMIES|Garchomp, F|100/100 slp
|-damage|p2a: I HAVE NO ENEMIES|94/100 slp|[from] Stealth Rock
|move|p1a: Gallade|Psycho Cut|p2a: I HAVE NO ENEMIES
|-damage|p2a: I HAVE NO ENEMIES|51/100 slp
|
|-weather|SunnyDay|[upkeep]
|upkeep
|turn|8
|
|t:|1776107323
|move|p1a: Gallade|Agility|p1a: Gallade
|-boost|p1a: Gallade|spe|2
|cant|p2a: I HAVE NO ENEMIES|slp
|
|-weather|SunnyDay|[upkeep]
|upkeep
|turn|9
|
|t:|1776107325
|move|p1a: Gallade|Psycho Cut|p2a: I HAVE NO ENEMIES
|-crit|p2a: I HAVE NO ENEMIES
|-damage|p2a: I HAVE NO ENEMIES|0 fnt
|faint|p2a: I HAVE NO ENEMIES
|
|-weather|none
|upkeep
|
|t:|1776107328
|switch|p2a: OVO CHUBBS|Torkoal, M, shiny|32/100
|-weather|SunnyDay|[from] ability: Drought|[of] p2a: OVO CHUBBS
|turn|10
|
|t:|1776107334
|move|p1a: Gallade|Psycho Cut|p2a: OVO CHUBBS
|-crit|p2a: OVO CHUBBS
|-damage|p2a: OVO CHUBBS|0 fnt
|faint|p2a: OVO CHUBBS
|
|-weather|SunnyDay|[upkeep]
|upkeep
|
|t:|1776107339
|switch|p2a: DA LAST REX(3005)|Tyranitar, F, shiny|100/100
|-damage|p2a: DA LAST REX(3005)|88/100|[from] Stealth Rock
|-weather|Sandstorm|[from] ability: Sand Stream|[of] p2a: DA LAST REX(3005)
|turn|11
|
|t:|1776107342
|-terastallize|p2a: DA LAST REX(3005)|Ghost
|move|p1a: Gallade|Sacred Sword|p2a: DA LAST REX(3005)
|-immune|p2a: DA LAST REX(3005)
|move|p2a: DA LAST REX(3005)|Dragon Tail|p1a: Gallade
|-damage|p1a: Gallade|70/100
|drag|p1a: Polteageist|Polteageist-Antique|100/100
|
|-weather|Sandstorm|[upkeep]
|-damage|p1a: Polteageist|94/100|[from] Sandstorm
|-damage|p2a: DA LAST REX(3005)|82/100|[from] Sandstorm
|-fieldend|move: Psychic Terrain
|upkeep
|turn|12
|
|t:|1776107348
|move|p1a: Polteageist|Shadow Ball|p2a: DA LAST REX(3005)
|-supereffective|p2a: DA LAST REX(3005)
|-damage|p2a: DA LAST REX(3005)|44/100
|move|p2a: DA LAST REX(3005)|Knock Off|p1a: Polteageist
|-supereffective|p1a: Polteageist
|-damage|p1a: Polteageist|0 fnt
|-enditem|p1a: Polteageist|Focus Sash|[from] move: Knock Off|[of] p2a: DA LAST REX(3005)
|faint|p1a: Polteageist
|
|-weather|Sandstorm|[upkeep]
|-damage|p2a: DA LAST REX(3005)|38/100|[from] Sandstorm
|upkeep
|
|t:|1776107353
|switch|p1a: Indeedee|Indeedee, M|94/100
|-fieldstart|move: Psychic Terrain|[from] ability: Psychic Surge|[of] p1a: Indeedee
|turn|13
|
|t:|1776107356
|move|p1a: Indeedee|Expanding Force|p2a: DA LAST REX(3005)
|-damage|p2a: DA LAST REX(3005)|7/100
|move|p2a: DA LAST REX(3005)|Knock Off|p1a: Indeedee
|-supereffective|p1a: Indeedee
|-damage|p1a: Indeedee|0 fnt
|-enditem|p1a: Indeedee|Terrain Extender|[from] move: Knock Off|[of] p2a: DA LAST REX(3005)
|faint|p1a: Indeedee
|
|-weather|Sandstorm|[upkeep]
|-damage|p2a: DA LAST REX(3005)|1/100|[from] Sandstorm
|upkeep
|
|t:|1776107367
|switch|p1a: Armarouge|Armarouge, F|100/100
|turn|14
|
|t:|1776107374
|move|p1a: Armarouge|Expanding Force|p2a: DA LAST REX(3005)
|-damage|p2a: DA LAST REX(3005)|0 fnt
|faint|p2a: DA LAST REX(3005)
|
|-weather|Sandstorm|[upkeep]
|-damage|p1a: Armarouge|94/100|[from] Sandstorm
|upkeep
|
|t:|1776107376
|switch|p2a: BIRD JESUS|Staraptor, M|100/100
|-damage|p2a: BIRD JESUS|75/100|[from] Stealth Rock
|turn|15
|
|t:|1776107378
|move|p2a: BIRD JESUS|Brave Bird|p1a: Armarouge
|-damage|p1a: Armarouge|0 fnt
|faint|p1a: Armarouge
|-damage|p2a: BIRD JESUS|45/100|[from] Recoil
|
|-weather|none
|upkeep
|
|t:|1776107381
|switch|p1a: Hawlucha|Hawlucha, M|100/100
|-enditem|p1a: Hawlucha|Psychic Seed
|-boost|p1a: Hawlucha|spd|1|[from] item: Psychic Seed
|turn|16
|
|t:|1776107383
|move|p1a: Hawlucha|Acrobatics|p2a: BIRD JESUS
|-damage|p2a: BIRD JESUS|0 fnt
|faint|p2a: BIRD JESUS
|
|upkeep
|
|t:|1776107392
|switch|p2a: FAT CHARIZARD|Dragonite, M, shiny|100/100
|turn|17
|
|t:|1776107396
|move|p1a: Hawlucha|Acrobatics|p2a: FAT CHARIZARD
|-damage|p2a: FAT CHARIZARD|76/100
|move|p2a: FAT CHARIZARD|Fire Punch|p1a: Hawlucha
|-crit|p1a: Hawlucha
|-damage|p1a: Hawlucha|36/100
|
|upkeep
|turn|18
|
|t:|1776107401
|move|p1a: Hawlucha|Acrobatics|p2a: FAT CHARIZARD
|-damage|p2a: FAT CHARIZARD|22/100
|move|p2a: FAT CHARIZARD|Fire Punch|p1a: Hawlucha
|-damage|p1a: Hawlucha|0 fnt
|faint|p1a: Hawlucha
|
|upkeep
|
|t:|1776107405
|switch|p1a: Gallade|Gallade, M|70/100
|turn|19
|
|t:|1776107409
|move|p1a: Gallade|Psycho Cut|p2a: FAT CHARIZARD
|-crit|p2a: FAT CHARIZARD
|-damage|p2a: FAT CHARIZARD|0 fnt
|faint|p2a: FAT CHARIZARD
|
|upkeep
|
|t:|1776107411
|switch|p2a: VODECi III|Kyurem, shiny|100/100
|-damage|p2a: VODECi III|76/100|[from] Stealth Rock
|-ability|p2a: VODECi III|Pressure
|turn|20
|
|t:|1776107413
|-terastallize|p1a: Gallade|Steel
|move|p2a: VODECi III|Ice Beam|p1a: Gallade
|-resisted|p1a: Gallade
|-damage|p1a: Gallade|25/100
|move|p1a: Gallade|Sacred Sword|p2a: VODECi III
|-supereffective|p2a: VODECi III
|-damage|p2a: VODECi III|0 fnt
|faint|p2a: VODECi III
|
|win|V0ldy
|raw|V0ldy's rating: 1638 &rarr; <strong>1660</strong><br />(+22 for winning)
|raw|NeoNaruto✈️_✈️'s rating: 1678 &rarr; <strong>1656</strong><br />(-22 for losing)
|l|☆NeoNaruto✈️_✈️
|player|p2|
|j| Too Many Caps
|l|☆V0ldy
|player|p1|
