|html|<div class="broadcast-blue"><strong>[Gen 9] OU is currently suspecting Tera Blast! For information on how to participate check out the <a href="https://www.smogon.com/tools/suspects/view/200">suspect thread</a>.</strong></div>
|j|☆pichulenko
|j|☆smashbros87878
|t:|1776046128
|gametype|singles
|player|p1|pichulenko|battlegirl-gen4|1308
|player|p2|smashbros87878|marley|1312
|gen|9
|tier|[Gen 9] OU
|rated|
|rule|HP Percentage Mod: HP is shown in percentages
|rule|Endless Battle Clause: Forcing endless battles is banned
|rule|Species Clause: Limit one of each Pokémon
|rule|OHKO Clause: OHKO moves are banned
|rule|Evasion Items Clause: Evasion items are banned
|rule|Evasion Moves Clause: Evasion moves are banned
|rule|Evasion Abilities Clause: Evasion abilities are banned
|rule|Sleep Moves Clause: Sleep-inducing moves are banned
|clearpoke
|poke|p1|Ninetales-Alola, M|
|poke|p1|Zamazenta-*|
|poke|p1|Latios, M|
|poke|p1|Ceruledge, F|
|poke|p1|Cloyster, F|
|poke|p1|Weezing-Galar, M|
|poke|p2|Grimmsnarl, M|
|poke|p2|Oricorio-Pom-Pom, F|
|poke|p2|Okidogi, M|
|poke|p2|Necrozma|
|poke|p2|Great Tusk|
|poke|p2|Latias, F|
|teampreview
|inactive|Battle timer is ON: inactive players will automatically lose when time's up. (requested by pichulenko)
|inactive|smashbros87878 also wants the timer to be on.
|
|t:|1776046133
|teamsize|p1|6
|teamsize|p2|6
|start
|switch|p1a: Weezing|Weezing-Galar, M|100/100
|switch|p2a: Hairy Boi|Grimmsnarl, M|100/100
|-ability|p1a: Weezing|Neutralizing Gas
|turn|1
|
|t:|1776046141
|move|p2a: Hairy Boi|Taunt|p1a: Weezing
|-start|p1a: Weezing|move: Taunt
|cant|p1a: Weezing|move: Taunt|Toxic
|
|upkeep
|turn|2
|
|t:|1776046147
|move|p1a: Weezing|Strange Steam|p2a: Hairy Boi
|-supereffective|p2a: Hairy Boi
|-damage|p2a: Hairy Boi|58/100
|move|p2a: Hairy Boi|Light Screen|p2a: Hairy Boi
|-sidestart|p2: smashbros87878|move: Light Screen
|
|upkeep
|turn|3
|
|t:|1776046170
|move|p2a: Hairy Boi|Reflect|p2a: Hairy Boi
|-sidestart|p2: smashbros87878|Reflect
|move|p1a: Weezing|Strange Steam|p2a: Hairy Boi
|-supereffective|p2a: Hairy Boi
|-damage|p2a: Hairy Boi|39/100
|
|-end|p1a: Weezing|move: Taunt
|upkeep
|turn|4
|
|t:|1776046187
|move|p2a: Hairy Boi|Taunt|p1a: Weezing
|-start|p1a: Weezing|move: Taunt
|move|p1a: Weezing|Strange Steam|p2a: Hairy Boi
|-supereffective|p2a: Hairy Boi
|-damage|p2a: Hairy Boi|16/100
|
|upkeep
|turn|5
|
|t:|1776046193
|move|p2a: Hairy Boi|Parting Shot|p1a: Weezing
|-unboost|p1a: Weezing|atk|1
|-unboost|p1a: Weezing|spa|1
|
|t:|1776046203
|switch|p2a: Doggo :3|Okidogi, M|100/100|[from] Parting Shot
|move|p1a: Weezing|Strange Steam|p2a: Doggo :3
|-damage|p2a: Doggo :3|91/100
|
|upkeep
|turn|6
|
|t:|1776046217
|-end|p1a: Weezing|ability: Neutralizing Gas
|switch|p1a: Ninetales|Ninetales-Alola, M|100/100
|-weather|Snowscape|[from] ability: Snow Warning|[of] p1a: Ninetales
|move|p2a: Doggo :3|Bulk Up|p2a: Doggo :3
|-boost|p2a: Doggo :3|atk|1
|-boost|p2a: Doggo :3|def|1
|
|-weather|Snowscape|[upkeep]
|upkeep
|turn|7
|
|t:|1776046233
|switch|p2a: Hairy Boi|Grimmsnarl, M|16/100
|move|p1a: Ninetales|Encore||[still]
|-fail|p1a: Ninetales
|
|-weather|Snowscape|[upkeep]
|upkeep
|turn|8
|
|t:|1776046245
|move|p2a: Hairy Boi|Taunt|p1a: Ninetales
|-start|p1a: Ninetales|move: Taunt
|cant|p1a: Ninetales|move: Taunt|Aurora Veil
|
|-weather|Snowscape|[upkeep]
|upkeep
|turn|9
|
|t:|1776046248
|move|p2a: Hairy Boi|Parting Shot|p1a: Ninetales
|-unboost|p1a: Ninetales|atk|1
|-unboost|p1a: Ninetales|spa|1
|
|t:|1776046261
|switch|p2a: Oreocorio :3|Oricorio-Pom-Pom, F|100/100|[from] Parting Shot
|move|p1a: Ninetales|Freeze-Dry|p2a: Oreocorio :3
|-supereffective|p2a: Oreocorio :3
|-damage|p2a: Oreocorio :3|81/100
|
|-weather|Snowscape|[upkeep]
|-sideend|p2: smashbros87878|move: Light Screen
|upkeep
|turn|10
|
|t:|1776046273
|switch|p1a: Weezing|Weezing-Galar, M|100/100
|-ability|p1a: Weezing|Neutralizing Gas
|move|p2a: Oreocorio :3|Roost|p2a: Oreocorio :3
|-heal|p2a: Oreocorio :3|100/100
|-singleturn|p2a: Oreocorio :3|move: Roost
|
|-weather|none
|-sideend|p2: smashbros87878|Reflect
|upkeep
|turn|11
|
|t:|1776046278
|switch|p2a: Doggo :3|Okidogi, M|91/100
|move|p1a: Weezing|Toxic|p2a: Doggo :3
|-immune|p2a: Doggo :3
|
|upkeep
|turn|12
|
|t:|1776046291
|-end|p1a: Weezing|ability: Neutralizing Gas
|switch|p1a: Ceruledge|Ceruledge, F|100/100
|move|p2a: Doggo :3|Gunk Shot|p1a: Ceruledge
|-resisted|p1a: Ceruledge
|-damage|p1a: Ceruledge|56/100
|-ability|p1a: Ceruledge|Weak Armor|boost
|-unboost|p1a: Ceruledge|def|1
|-boost|p1a: Ceruledge|spe|2
|
|upkeep
|turn|13
|
|t:|1776046304
|-terastallize|p2a: Doggo :3|Dark
|move|p1a: Ceruledge|Bitter Blade|p2a: Doggo :3
|-damage|p2a: Doggo :3|48/100
|-heal|p1a: Ceruledge|81/100|[from] drain|[of] p2a: Doggo :3
|move|p2a: Doggo :3|Knock Off|p1a: Ceruledge
|-supereffective|p1a: Ceruledge
|-damage|p1a: Ceruledge|0 fnt
|-enditem|p1a: Ceruledge|Focus Sash|[from] move: Knock Off|[of] p2a: Doggo :3
|faint|p1a: Ceruledge
|
|upkeep
|
|t:|1776046325
|switch|p1a: Zamazenta|Zamazenta|100/100
|-ability|p1a: Zamazenta|Dauntless Shield|boost
|-boost|p1a: Zamazenta|def|1
|turn|14
|
|t:|1776046333
|switch|p2a: Hairy Boi|Grimmsnarl, M|16/100
|move|p1a: Zamazenta|Body Press|p2a: Hairy Boi
|-damage|p2a: Hairy Boi|0 fnt
|faint|p2a: Hairy Boi
|
|upkeep
|
|t:|1776046339
|switch|p2a: 君が大嫌いだ|Latias, F|100/100
|turn|15
|
|t:|1776046346
|switch|p1a: Weezing|Weezing-Galar, M|100/100
|-ability|p1a: Weezing|Neutralizing Gas
|move|p2a: 君が大嫌いだ|Agility|p2a: 君が大嫌いだ
|-boost|p2a: 君が大嫌いだ|spe|2
|
|upkeep
|turn|16
|
|t:|1776046354
|move|p2a: 君が大嫌いだ|Calm Mind|p2a: 君が大嫌いだ
|-boost|p2a: 君が大嫌いだ|spa|1
|-boost|p2a: 君が大嫌いだ|spd|1
|move|p1a: Weezing|Toxic|p2a: 君が大嫌いだ
|-status|p2a: 君が大嫌いだ|tox
|
|-damage|p2a: 君が大嫌いだ|94/100 tox|[from] psn
|upkeep
|turn|17
|
|t:|1776046358
|-end|p1a: Weezing|ability: Neutralizing Gas
|switch|p1a: Ninetales|Ninetales-Alola, M|100/100
|-weather|Snowscape|[from] ability: Snow Warning|[of] p1a: Ninetales
|move|p2a: 君が大嫌いだ|Stored Power|p1a: Ninetales
|-crit|p1a: Ninetales
|-damage|p1a: Ninetales|22/100
|
|-weather|Snowscape|[upkeep]
|-heal|p2a: 君が大嫌いだ|100/100 tox|[from] item: Leftovers
|-damage|p2a: 君が大嫌いだ|88/100 tox|[from] psn
|upkeep
|turn|18
|
|t:|1776046371
|switch|p1a: Latios|Latios, M|100/100
|move|p2a: 君が大嫌いだ|Stored Power|p1a: Latios
|-resisted|p1a: Latios
|-damage|p1a: Latios|72/100
|
|-weather|Snowscape|[upkeep]
|-heal|p2a: 君が大嫌いだ|94/100 tox|[from] item: Leftovers
|-damage|p2a: 君が大嫌いだ|76/100 tox|[from] psn
|upkeep
|turn|19
|
|t:|1776046377
|move|p2a: 君が大嫌いだ|Draining Kiss|p1a: Latios
|-supereffective|p1a: Latios
|-damage|p1a: Latios|33/100
|-heal|p2a: 君が大嫌いだ|99/100 tox|[from] drain|[of] p1a: Latios
|move|p1a: Latios|Recover|p1a: Latios
|-heal|p1a: Latios|83/100
|
|-weather|Snowscape|[upkeep]
|-heal|p2a: 君が大嫌いだ|100/100 tox|[from] item: Leftovers
|-damage|p2a: 君が大嫌いだ|76/100 tox|[from] psn
|upkeep
|turn|20
|
|t:|1776046385
|move|p2a: 君が大嫌いだ|Calm Mind|p2a: 君が大嫌いだ
|-boost|p2a: 君が大嫌いだ|spa|1
|-boost|p2a: 君が大嫌いだ|spd|1
|move|p1a: Latios|Calm Mind|p1a: Latios
|-boost|p1a: Latios|spa|1
|-boost|p1a: Latios|spd|1
|
|-weather|Snowscape|[upkeep]
|-heal|p2a: 君が大嫌いだ|82/100 tox|[from] item: Leftovers
|-damage|p2a: 君が大嫌いだ|52/100 tox|[from] psn
|upkeep
|turn|21
|inactive|pichulenko has 120 seconds left.
|
|t:|1776046425
|move|p2a: 君が大嫌いだ|Draining Kiss|p1a: Latios
|-supereffective|p1a: Latios
|-damage|p1a: Latios|51/100
|-heal|p2a: 君が大嫌いだ|72/100 tox|[from] drain|[of] p1a: Latios
|move|p1a: Latios|Calm Mind|p1a: Latios
|-boost|p1a: Latios|spa|1
|-boost|p1a: Latios|spd|1
|
|-weather|none
|-heal|p2a: 君が大嫌いだ|78/100 tox|[from] item: Leftovers
|-damage|p2a: 君が大嫌いだ|42/100 tox|[from] psn
|upkeep
|turn|22
|
|t:|1776046432
|move|p2a: 君が大嫌いだ|Stored Power|p1a: Latios
|-resisted|p1a: Latios
|-damage|p1a: Latios|25/100
|move|p1a: Latios|Recover|p1a: Latios
|-heal|p1a: Latios|76/100
|
|-heal|p2a: 君が大嫌いだ|48/100 tox|[from] item: Leftovers
|-damage|p2a: 君が大嫌いだ|5/100 tox|[from] psn
|upkeep
|turn|23
|
|t:|1776046438
|move|p2a: 君が大嫌いだ|Stored Power|p1a: Latios
|-resisted|p1a: Latios
|-damage|p1a: Latios|49/100
|move|p1a: Latios|Recover|p1a: Latios
|-heal|p1a: Latios|99/100
|
|-heal|p2a: 君が大嫌いだ|11/100 tox|[from] item: Leftovers
|-damage|p2a: 君が大嫌いだ|0 fnt|[from] psn
|faint|p2a: 君が大嫌いだ
|upkeep
|
|t:|1776046450
|switch|p2a: Doggo :3|Okidogi, M, tera:Dark|48/100
|turn|24
|
|t:|1776046460
|switch|p2a: Spinemaround|Great Tusk|100/100
|move|p1a: Latios|Draco Meteor|p2a: Spinemaround
|-damage|p2a: Spinemaround|0 fnt
|-unboost|p1a: Latios|spa|2
|faint|p2a: Spinemaround
|-end|p2a: Spinemaround|Protosynthesis|[silent]
|
|upkeep
|
|t:|1776046464
|switch|p2a: Oreocorio :3|Oricorio-Pom-Pom, F|100/100
|turn|25
|
|t:|1776046469
|move|p1a: Latios|Draco Meteor|p2a: Oreocorio :3
|-damage|p2a: Oreocorio :3|0 fnt
|-unboost|p1a: Latios|spa|2
|faint|p2a: Oreocorio :3
|
|upkeep
|
|t:|1776046474
|switch|p2a: Doggo :3|Okidogi, M, tera:Dark|48/100
|turn|26
|
|t:|1776046490
|switch|p1a: Ninetales|Ninetales-Alola, M|22/100
|-weather|Snowscape|[from] ability: Snow Warning|[of] p1a: Ninetales
|move|p2a: Doggo :3|Gunk Shot|p1a: Ninetales
|-supereffective|p1a: Ninetales
|-damage|p1a: Ninetales|0 fnt
|faint|p1a: Ninetales
|
|-weather|Snowscape|[upkeep]
|upkeep
|
|t:|1776046497
|switch|p1a: Zamazenta|Zamazenta|100/100
|turn|27
|
|t:|1776046501
|move|p1a: Zamazenta|Body Press|p2a: Doggo :3
|-supereffective|p2a: Doggo :3
|-damage|p2a: Doggo :3|0 fnt
|faint|p2a: Doggo :3
|
|-weather|Snowscape|[upkeep]
|upkeep
|
|t:|1776046505
|switch|p2a: YOUTAKEAKOWTOW!|Necrozma|100/100
|turn|28
|
|t:|1776046512
|switch|p1a: Weezing|Weezing-Galar, M|100/100
|-ability|p1a: Weezing|Neutralizing Gas
|move|p2a: YOUTAKEAKOWTOW!|Dragon Dance|p2a: YOUTAKEAKOWTOW!
|-boost|p2a: YOUTAKEAKOWTOW!|atk|1
|-boost|p2a: YOUTAKEAKOWTOW!|spe|1
|
|-weather|Snowscape|[upkeep]
|upkeep
|turn|29
|
|t:|1776046520
|-terastallize|p1a: Weezing|Flying
|move|p2a: YOUTAKEAKOWTOW!|Photon Geyser|p1a: Weezing
|-damage|p1a: Weezing|55/100
|move|p1a: Weezing|Toxic|p2a: YOUTAKEAKOWTOW!
|-status|p2a: YOUTAKEAKOWTOW!|tox
|
|-weather|Snowscape|[upkeep]
|-damage|p2a: YOUTAKEAKOWTOW!|94/100 tox|[from] psn
|upkeep
|turn|30
|
|t:|1776046529
|move|p2a: YOUTAKEAKOWTOW!|Dragon Dance|p2a: YOUTAKEAKOWTOW!
|-boost|p2a: YOUTAKEAKOWTOW!|atk|1
|-boost|p2a: YOUTAKEAKOWTOW!|spe|1
|move|p1a: Weezing|Pain Split|p2a: YOUTAKEAKOWTOW!
|-sethp|p2a: YOUTAKEAKOWTOW!|74/100 tox|[from] move: Pain Split|[silent]
|-sethp|p1a: Weezing|76/100|[from] move: Pain Split
|
|-weather|none
|-damage|p2a: YOUTAKEAKOWTOW!|62/100 tox|[from] psn
|upkeep
|turn|31
|
|t:|1776046533
|move|p2a: YOUTAKEAKOWTOW!|Photon Geyser|p1a: Weezing
|-damage|p1a: Weezing|14/100
|move|p1a: Weezing|Strange Steam|p2a: YOUTAKEAKOWTOW!
|-damage|p2a: YOUTAKEAKOWTOW!|31/100 tox
|
|-damage|p2a: YOUTAKEAKOWTOW!|12/100 tox|[from] psn
|upkeep
|turn|32
|-message|smashbros87878 forfeited.
|
|win|pichulenko
|raw|pichulenko's rating: 1308 &rarr; <strong>1328</strong><br />(+20 for winning)
|raw|smashbros87878's rating: 1312 &rarr; <strong>1292</strong><br />(-20 for losing)
|l|☆smashbros87878
|player|p2|
|l|☆pichulenko
|player|p1|
