|html|<div class="broadcast-blue"><strong>[Gen 9] OU is currently suspecting Tera Blast! For information on how to participate check out the <a href="https://www.smogon.com/tools/suspects/view/200">suspect thread</a>.</strong></div>
|j|☆ssjemeraldgr
|j|☆zonix14
|t:|1776062514
|gametype|singles
|player|p1|ssjemeraldgr|palmer|1185
|player|p2|zonix14|2|1234
|gen|9
|tier|[Gen 9] OU
|rated|
|rule|HP Percentage Mod: HP is shown in percentages
|rule|Endless Battle Clause: Forcing endless battles is banned
|rule|Species Clause: Limit one of each Pokémon
|rule|OHKO Clause: OHKO moves are banned
|rule|Evasion Items Clause: Evasion items are banned
|rule|Evasion Moves Clause: Evasion moves are banned
|rule|Evasion Abilities Clause: Evasion abilities are banned
|rule|Sleep Moves Clause: Sleep-inducing moves are banned
|clearpoke
|poke|p1|Cinderace, F|
|poke|p1|Latias, F|
|poke|p1|Garganacl, M|
|poke|p1|Glimmora, M|
|poke|p1|Donphan, M|
|poke|p1|Kommo-o, M|
|poke|p2|Serperior, M|
|poke|p2|Gholdengo|
|poke|p2|Cinderace, M|
|poke|p2|Masquerain, F|
|poke|p2|Dragapult, F|
|poke|p2|Hawlucha, F|
|teampreview
|inactive|Battle timer is ON: inactive players will automatically lose when time's up. (requested by ssjemeraldgr)
|inactive|zonix14 also wants the timer to be on.
|
|t:|1776062523
|teamsize|p1|6
|teamsize|p2|6
|start
|switch|p1a: Cinderace|Cinderace, F|100/100
|switch|p2a: Masquerain|Masquerain, F|100/100
|-ability|p2a: Masquerain|Intimidate|boost
|-unboost|p1a: Cinderace|atk|1
|turn|1
|
|t:|1776062530
|move|p1a: Cinderace|Pyro Ball|p2a: Masquerain
|-supereffective|p2a: Masquerain
|-enditem|p2a: Masquerain|Focus Sash
|-damage|p2a: Masquerain|1/100
|move|p2a: Masquerain|Sticky Web|p1a: Cinderace
|-sidestart|p1: ssjemeraldgr|move: Sticky Web
|
|upkeep
|turn|2
|
|t:|1776062535
|move|p1a: Cinderace|U-turn|p2a: Masquerain
|-start|p1a: Cinderace|typechange|Bug|[from] ability: Libero
|-resisted|p2a: Masquerain
|-damage|p2a: Masquerain|0 fnt
|faint|p2a: Masquerain
|
|t:|1776062543
|switch|p1a: Glimmora|Glimmora, M|100/100|[from] U-turn
|-activate|p1a: Glimmora|move: Sticky Web
|-unboost|p1a: Glimmora|spe|1
|
|upkeep
|
|t:|1776062547
|switch|p2a: Cinderace|Cinderace, M|100/100
|turn|3
|
|t:|1776062549
|move|p2a: Cinderace|Court Change|p2a: Cinderace
|-swapsideconditions
|-activate|p2a: Cinderace|move: Court Change
|move|p1a: Glimmora|Stealth Rock|p2a: Cinderace
|-sidestart|p2: zonix14|move: Stealth Rock
|
|upkeep
|turn|4
|
|t:|1776062558
|switch|p2a: Gholdengo|Gholdengo|100/100
|-damage|p2a: Gholdengo|94/100|[from] Stealth Rock
|-item|p2a: Gholdengo|Air Balloon
|move|p1a: Glimmora|Earth Power|p2a: Gholdengo
|-immune|p2a: Gholdengo
|
|upkeep
|turn|5
|
|t:|1776062566
|move|p2a: Gholdengo|Psyshock|p1a: Glimmora
|-supereffective|p1a: Glimmora
|-damage|p1a: Glimmora|44/100
|move|p1a: Glimmora|Energy Ball|p2a: Gholdengo
|-resisted|p2a: Gholdengo
|-damage|p2a: Gholdengo|76/100
|-enditem|p2a: Gholdengo|Air Balloon
|
|upkeep
|turn|6
|
|t:|1776062581
|switch|p1a: Garganacl|Garganacl, M|100/100
|move|p2a: Gholdengo|Shadow Ball|p1a: Garganacl
|-damage|p1a: Garganacl|83/100
|
|upkeep
|turn|7
|
|t:|1776062598
|switch|p2a: Dragapult|Dragapult, F|100/100
|-activate|p2a: Dragapult|move: Sticky Web
|-fail|p2a: Dragapult|unboost|[from] ability: Clear Body|[of] p2a: Dragapult
|-damage|p2a: Dragapult|88/100|[from] Stealth Rock
|move|p1a: Garganacl|Salt Cure|p2a: Dragapult
|-damage|p2a: Dragapult|70/100
|-start|p2a: Dragapult|Salt Cure
|
|-damage|p2a: Dragapult|58/100|[from] Salt Cure
|upkeep
|turn|8
|
|t:|1776062618
|move|p1a: Garganacl|Protect|p1a: Garganacl
|-singleturn|p1a: Garganacl|Protect
|move|p2a: Dragapult|Surf|p1a: Garganacl
|-activate|p1a: Garganacl|move: Protect
|
|-damage|p2a: Dragapult|45/100|[from] Salt Cure
|upkeep
|turn|9
|
|t:|1776062627
|switch|p1a: Latias|Latias, F|100/100
|move|p2a: Dragapult|Shadow Ball|p1a: Latias
|-supereffective|p1a: Latias
|-damage|p1a: Latias|30/100
|-damage|p2a: Dragapult|36/100|[from] item: Life Orb
|
|-damage|p2a: Dragapult|23/100|[from] Salt Cure
|upkeep
|turn|10
|
|t:|1776062632
|move|p2a: Dragapult|Shadow Ball|p1a: Latias
|-supereffective|p1a: Latias
|-damage|p1a: Latias|0 fnt
|faint|p1a: Latias
|-damage|p2a: Dragapult|13/100|[from] item: Life Orb
|
|-damage|p2a: Dragapult|1/100|[from] Salt Cure
|upkeep
|
|t:|1776062637
|switch|p1a: Cinderace|Cinderace, F|100/100
|turn|11
|
|t:|1776062640
|move|p1a: Cinderace|Sucker Punch|p2a: Dragapult
|-start|p1a: Cinderace|typechange|Dark|[from] ability: Libero
|-supereffective|p2a: Dragapult
|-damage|p2a: Dragapult|0 fnt
|faint|p2a: Dragapult
|
|upkeep
|
|t:|1776062657
|switch|p2a: Serperior|Serperior, M|100/100
|-activate|p2a: Serperior|move: Sticky Web
|-boost|p2a: Serperior|spe|1
|-damage|p2a: Serperior|88/100|[from] Stealth Rock
|turn|12
|
|t:|1776062677
|-terastallize|p2a: Serperior|Ghost
|move|p2a: Serperior|Leaf Storm|p1a: Cinderace
|-damage|p1a: Cinderace|46/100
|-boost|p2a: Serperior|spa|2
|move|p1a: Cinderace|U-turn|p2a: Serperior
|-resisted|p2a: Serperior
|-damage|p2a: Serperior|77/100
|
|t:|1776062697
|switch|p1a: Donphan|Donphan, M|100/100|[from] U-turn
|
|upkeep
|turn|13
|
|t:|1776062707
|move|p2a: Serperior|Leaf Storm|p1a: Donphan
|-supereffective|p1a: Donphan
|-ability|p1a: Donphan|Sturdy
|-damage|p1a: Donphan|1/100
|-boost|p2a: Serperior|spa|2
|move|p1a: Donphan|Play Rough|p2a: Serperior
|-damage|p2a: Serperior|45/100
|
|upkeep
|turn|14
|
|t:|1776062717
|move|p1a: Donphan|Ice Shard|p2a: Serperior
|-damage|p2a: Serperior|29/100
|move|p2a: Serperior|Dragon Pulse|p1a: Donphan
|-damage|p1a: Donphan|0 fnt
|faint|p1a: Donphan
|
|upkeep
|
|t:|1776062720
|switch|p1a: Cinderace|Cinderace, F|46/100
|turn|15
|
|t:|1776062722
|move|p1a: Cinderace|Sucker Punch||[still]
|-fail|p1a: Cinderace
|move|p2a: Serperior|Substitute|p2a: Serperior
|-start|p2a: Serperior|Substitute
|-damage|p2a: Serperior|4/100
|
|upkeep
|turn|16
|
|t:|1776062726
|move|p1a: Cinderace|Sucker Punch|p2a: Serperior
|-start|p1a: Cinderace|typechange|Dark|[from] ability: Libero
|-supereffective|p2a: Serperior
|-end|p2a: Serperior|Substitute
|move|p2a: Serperior|Leaf Storm|p1a: Cinderace
|-damage|p1a: Cinderace|0 fnt
|-boost|p2a: Serperior|spa|2
|faint|p1a: Cinderace
|
|upkeep
|
|t:|1776062729
|switch|p1a: Glimmora|Glimmora, M|44/100
|turn|17
|
|t:|1776062735
|move|p2a: Serperior|Tera Blast|p1a: Glimmora|[anim] Tera Blast Ghost
|-damage|p1a: Glimmora|0 fnt
|faint|p1a: Glimmora
|
|upkeep
|
|t:|1776062738
|switch|p1a: Kommo-o|Kommo-o, M|100/100
|turn|18
|
|t:|1776062745
|move|p2a: Serperior|Tera Blast|p1a: Kommo-o|[anim] Tera Blast Ghost
|-damage|p1a: Kommo-o|0 fnt
|faint|p1a: Kommo-o
|
|upkeep
|
|t:|1776062747
|switch|p1a: Garganacl|Garganacl, M|83/100
|turn|19
|
|t:|1776062753
|-terastallize|p1a: Garganacl|Water
|move|p1a: Garganacl|Protect|p1a: Garganacl
|-singleturn|p1a: Garganacl|Protect
|move|p2a: Serperior|Leaf Storm|p1a: Garganacl
|-activate|p1a: Garganacl|move: Protect
|
|upkeep
|turn|20
|
|t:|1776062760
|move|p2a: Serperior|Leaf Storm|p1a: Garganacl
|-supereffective|p1a: Garganacl
|-damage|p1a: Garganacl|0 fnt
|faint|p1a: Garganacl
|
|win|zonix14
|raw|ssjemeraldgr's rating: 1185 &rarr; <strong>1164</strong><br />(-21 for losing)
|raw|zonix14's rating: 1234 &rarr; <strong>1255</strong><br />(+21 for winning)
|l|☆ssjemeraldgr
|player|p1|
|l|☆zonix14
|player|p2|
