|html|<div class="broadcast-blue"><strong>[Gen 9] OU is currently suspecting Tera Blast! For information on how to participate check out the <a href="https://www.smogon.com/tools/suspects/view/200">suspect thread</a>.</strong></div>
|j|☆You Win/Lose Some
|j|☆almostcarter
|t:|1776035475
|gametype|singles
|player|p1|You Win/Lose Some|1|1172
|player|p2|almostcarter|102|1146
|gen|9
|tier|[Gen 9] OU
|rated|
|rule|HP Percentage Mod: HP is shown in percentages
|rule|Endless Battle Clause: Forcing endless battles is banned
|rule|Species Clause: Limit one of each Pokémon
|rule|OHKO Clause: OHKO moves are banned
|rule|Evasion Items Clause: Evasion items are banned
|rule|Evasion Moves Clause: Evasion moves are banned
|rule|Evasion Abilities Clause: Evasion abilities are banned
|rule|Sleep Moves Clause: Sleep-inducing moves are banned
|clearpoke
|poke|p1|Jolteon, F|
|poke|p1|Serperior, F|
|poke|p1|Grimmsnarl, M|
|poke|p1|Maushold-Four|
|poke|p1|Carbink, L1|
|poke|p1|Comfey, M|
|poke|p2|Polteageist-Antique|
|poke|p2|Feraligatr, F|
|poke|p2|Lokix, M|
|poke|p2|Tinkaton, F|
|poke|p2|Avalugg, F|
|poke|p2|Dondozo, M|
|teampreview
|inactive|Battle timer is ON: inactive players will automatically lose when time's up. (requested by You Win/Lose Some)
|
|t:|1776035486
|teamsize|p1|6
|teamsize|p2|6
|start
|switch|p1a: Serperior|Serperior, F|100/100
|switch|p2a: Tinkaton|Tinkaton, F, shiny|100/100
|-ability|p2a: Tinkaton|Mold Breaker
|-item|p2a: Tinkaton|Air Balloon
|turn|1
|
|t:|1776035490
|move|p1a: Serperior|Glare|p2a: Tinkaton
|-status|p2a: Tinkaton|par
|move|p2a: Tinkaton|Stealth Rock|p1a: Serperior
|-sidestart|p1: You Win/Lose Some|move: Stealth Rock
|
|upkeep
|turn|2
|
|t:|1776035495
|move|p1a: Serperior|Substitute|p1a: Serperior
|-start|p1a: Serperior|Substitute
|-damage|p1a: Serperior|76/100
|cant|p2a: Tinkaton|par
|
|-heal|p1a: Serperior|82/100|[from] item: Leftovers
|upkeep
|turn|3
|
|t:|1776035502
|move|p1a: Serperior|Leech Seed|p2a: Tinkaton
|-start|p2a: Tinkaton|move: Leech Seed
|move|p2a: Tinkaton|Encore|p1a: Serperior
|-start|p1a: Serperior|Encore
|
|-heal|p1a: Serperior|88/100|[from] item: Leftovers
|-damage|p2a: Tinkaton|88/100 par|[from] Leech Seed|[of] p1a: Serperior
|-heal|p1a: Serperior|100/100|[silent]
|upkeep
|turn|4
|
|t:|1776035516
|switch|p1a: Maushold|Maushold-Four|100/100
|-damage|p1a: Maushold|88/100|[from] Stealth Rock
|switch|p2a: Avalugg|Avalugg, F, shiny|100/100
|
|upkeep
|turn|5
|
|t:|1776035526
|move|p1a: Maushold|Tidy Up|p1a: Maushold
|-sideend|p1: You Win/Lose Some|Stealth Rock
|-activate|p1a: Maushold|move: Tidy Up
|-boost|p1a: Maushold|atk|1
|-boost|p1a: Maushold|spe|1
|move|p2a: Avalugg|Body Press|p1a: Maushold
|-supereffective|p1a: Maushold
|-damage|p1a: Maushold|0 fnt
|faint|p1a: Maushold
|
|upkeep
|
|t:|1776035533
|switch|p1a: Carbink|Carbink, L1|100/100
|turn|6
|
|t:|1776035545
|move|p2a: Avalugg|Body Press|p1a: Carbink
|-ability|p1a: Carbink|Sturdy
|-damage|p1a: Carbink|9/100
|move|p1a: Carbink|Endeavor|p2a: Avalugg
|-damage|p2a: Avalugg|1/100
|-heal|p1a: Carbink|100/100|[from] item: Shell Bell|[of] p2a: Avalugg
|
|upkeep
|turn|7
|
|t:|1776035556
|switch|p1a: Grimmsnarl|Grimmsnarl, M|100/100
|move|p2a: Avalugg|Recover|p2a: Avalugg
|-heal|p2a: Avalugg|51/100
|
|upkeep
|turn|8
|
|t:|1776035561
|move|p1a: Grimmsnarl|Reflect|p1a: Grimmsnarl
|-sidestart|p1: You Win/Lose Some|Reflect
|move|p2a: Avalugg|Recover|p2a: Avalugg
|-heal|p2a: Avalugg|100/100
|
|upkeep
|turn|9
|
|t:|1776035565
|move|p1a: Grimmsnarl|Parting Shot|p2a: Avalugg
|-unboost|p2a: Avalugg|atk|1
|-unboost|p2a: Avalugg|spa|1
|
|t:|1776035569
|switch|p1a: Serperior|Serperior, F|100/100|[from] Parting Shot
|move|p2a: Avalugg|Body Press|p1a: Serperior
|-damage|p1a: Serperior|81/100
|
|-heal|p1a: Serperior|88/100|[from] item: Leftovers
|upkeep
|turn|10
|
|t:|1776035580
|switch|p2a: Tinkaton|Tinkaton, F, shiny|88/100 par
|-ability|p2a: Tinkaton|Mold Breaker
|-item|p2a: Tinkaton|Air Balloon
|move|p1a: Serperior|Glare|p2a: Tinkaton
|-fail|p2a: Tinkaton|par
|
|-heal|p1a: Serperior|94/100|[from] item: Leftovers
|upkeep
|turn|11
|
|t:|1776035596
|move|p1a: Serperior|Leech Seed|p2a: Tinkaton
|-start|p2a: Tinkaton|move: Leech Seed
|move|p2a: Tinkaton|Stealth Rock|p1a: Serperior
|-sidestart|p1: You Win/Lose Some|move: Stealth Rock
|
|-heal|p1a: Serperior|99/100|[from] item: Leftovers
|-damage|p2a: Tinkaton|76/100 par|[from] Leech Seed|[of] p1a: Serperior
|-heal|p1a: Serperior|100/100|[silent]
|upkeep
|turn|12
|
|t:|1776035607
|move|p1a: Serperior|Leaf Storm|p2a: Tinkaton
|-resisted|p2a: Tinkaton
|-damage|p2a: Tinkaton|61/100 par
|-boost|p1a: Serperior|spa|2
|-enditem|p2a: Tinkaton|Air Balloon
|move|p2a: Tinkaton|Thunder Wave|p1a: Serperior
|-status|p1a: Serperior|par
|
|-damage|p2a: Tinkaton|48/100 par|[from] Leech Seed|[of] p1a: Serperior
|upkeep
|turn|13
|
|t:|1776035620
|switch|p2a: Avalugg|Avalugg, F, shiny|100/100
|move|p1a: Serperior|Leaf Storm|p2a: Avalugg
|-ability|p2a: Avalugg|Sturdy
|-damage|p2a: Avalugg|1/100
|-boost|p1a: Serperior|spa|2
|
|upkeep
|turn|14
|
|t:|1776035646
|move|p1a: Serperior|Leaf Storm|p2a: Avalugg
|-damage|p2a: Avalugg|0 fnt
|-boost|p1a: Serperior|spa|2
|faint|p2a: Avalugg
|
|upkeep
|
|t:|1776035651
|switch|p2a: Lokix|Lokix, M|100/100
|turn|15
|
|t:|1776035664
|-terastallize|p1a: Serperior|Steel
|move|p2a: Lokix|First Impression|p1a: Serperior
|-resisted|p1a: Serperior
|-damage|p1a: Serperior|74/100 par
|move|p1a: Serperior|Leaf Storm|p2a: Lokix
|-resisted|p2a: Lokix
|-damage|p2a: Lokix|0 fnt
|faint|p2a: Lokix
|
|-heal|p1a: Serperior|80/100 par|[from] item: Leftovers
|-sideend|p1: You Win/Lose Some|Reflect
|upkeep
|inactive|almostcarter has 120 seconds left.
|
|t:|1776035680
|switch|p2a: Polteageist|Polteageist-Antique|100/100
|turn|16
|
|t:|1776035683
|move|p2a: Polteageist|Shell Smash|p2a: Polteageist
|-unboost|p2a: Polteageist|def|1
|-unboost|p2a: Polteageist|spd|1
|-boost|p2a: Polteageist|atk|2
|-boost|p2a: Polteageist|spa|2
|-boost|p2a: Polteageist|spe|2
|move|p1a: Serperior|Glare|p2a: Polteageist
|-status|p2a: Polteageist|par
|
|-heal|p1a: Serperior|86/100 par|[from] item: Leftovers
|upkeep
|turn|17
|
|t:|1776035693
|move|p2a: Polteageist|Tera Blast|p1a: Serperior
|-resisted|p1a: Serperior
|-damage|p1a: Serperior|58/100 par
|move|p1a: Serperior|Leaf Storm|p2a: Polteageist
|-enditem|p2a: Polteageist|Focus Sash
|-damage|p2a: Polteageist|1/100 par
|
|-heal|p1a: Serperior|64/100 par|[from] item: Leftovers
|upkeep
|turn|18
|
|t:|1776035702
|switch|p1a: Grimmsnarl|Grimmsnarl, M|100/100
|-damage|p1a: Grimmsnarl|88/100|[from] Stealth Rock
|move|p2a: Polteageist|Shadow Ball|p1a: Grimmsnarl
|-resisted|p1a: Grimmsnarl
|-damage|p1a: Grimmsnarl|54/100
|
|upkeep
|turn|19
|
|t:|1776035712
|move|p1a: Grimmsnarl|Light Screen|p1a: Grimmsnarl
|-sidestart|p1: You Win/Lose Some|move: Light Screen
|cant|p2a: Polteageist|par
|
|upkeep
|turn|20
|
|t:|1776035715
|move|p2a: Polteageist|Strength Sap|p1a: Grimmsnarl
|-unboost|p1a: Grimmsnarl|atk|1
|-heal|p2a: Polteageist|100/100 par
|move|p1a: Grimmsnarl|Spirit Break|p2a: Polteageist
|-damage|p2a: Polteageist|49/100 par
|-unboost|p2a: Polteageist|spa|1
|-ability|p2a: Polteageist|Weak Armor|boost
|-unboost|p2a: Polteageist|def|1
|-boost|p2a: Polteageist|spe|2
|
|upkeep
|turn|21
|
|t:|1776035726
|move|p2a: Polteageist|Strength Sap|p1a: Grimmsnarl
|-unboost|p1a: Grimmsnarl|atk|1
|-heal|p2a: Polteageist|100/100 par
|move|p1a: Grimmsnarl|Spirit Break|p2a: Polteageist
|-damage|p2a: Polteageist|46/100 par
|-unboost|p2a: Polteageist|spa|1
|-ability|p2a: Polteageist|Weak Armor|boost
|-unboost|p2a: Polteageist|def|1
|-boost|p2a: Polteageist|spe|2
|
|upkeep
|turn|22
|
|t:|1776035739
|move|p1a: Grimmsnarl|Parting Shot|p2a: Polteageist
|-unboost|p2a: Polteageist|atk|1
|-unboost|p2a: Polteageist|spa|1
|
|t:|1776035742
|switch|p1a: Serperior|Serperior, F, tera:Steel|64/100 par|[from] Parting Shot
|-damage|p1a: Serperior|58/100 par|[from] Stealth Rock
|move|p2a: Polteageist|Shadow Ball|p1a: Serperior
|-damage|p1a: Serperior|45/100 par
|
|-heal|p1a: Serperior|51/100 par|[from] item: Leftovers
|upkeep
|turn|23
|
|t:|1776035752
|move|p2a: Polteageist|Shadow Ball|p1a: Serperior
|-damage|p1a: Serperior|36/100 par
|cant|p1a: Serperior|par
|
|-heal|p1a: Serperior|42/100 par|[from] item: Leftovers
|upkeep
|turn|24
|
|t:|1776035758
|move|p2a: Polteageist|Strength Sap|p1a: Serperior
|-boost|p1a: Serperior|atk|1
|-heal|p2a: Polteageist|99/100 par
|move|p1a: Serperior|Leech Seed|p2a: Polteageist
|-start|p2a: Polteageist|move: Leech Seed
|
|-heal|p1a: Serperior|48/100 par|[from] item: Leftovers
|-damage|p2a: Polteageist|87/100 par|[from] Leech Seed|[of] p1a: Serperior
|-heal|p1a: Serperior|57/100 par|[silent]
|upkeep
|turn|25
|
|t:|1776035762
|move|p2a: Polteageist|Shadow Ball|p1a: Serperior
|-damage|p1a: Serperior|44/100 par
|move|p1a: Serperior|Leaf Storm|p2a: Polteageist
|-damage|p2a: Polteageist|25/100 par
|-boost|p1a: Serperior|spa|2
|
|-heal|p1a: Serperior|50/100 par|[from] item: Leftovers
|-damage|p2a: Polteageist|12/100 par|[from] Leech Seed|[of] p1a: Serperior
|-heal|p1a: Serperior|59/100 par|[silent]
|upkeep
|turn|26
|
|t:|1776035771
|move|p2a: Polteageist|Shadow Ball|p1a: Serperior
|-damage|p1a: Serperior|44/100 par
|move|p1a: Serperior|Substitute|p1a: Serperior
|-start|p1a: Serperior|Substitute
|-damage|p1a: Serperior|19/100 par
|
|-heal|p1a: Serperior|26/100 par|[from] item: Leftovers
|-damage|p2a: Polteageist|0 fnt|[from] Leech Seed|[of] p1a: Serperior
|-heal|p1a: Serperior|34/100 par|[silent]
|faint|p2a: Polteageist
|-sideend|p1: You Win/Lose Some|move: Light Screen
|upkeep
|
|t:|1776035776
|switch|p2a: Dondoodoo|Dondozo, M|100/100
|turn|27
|
|t:|1776035779
|move|p1a: Serperior|Glare|p2a: Dondoodoo
|-status|p2a: Dondoodoo|par
|move|p2a: Dondoodoo|Curse|p2a: Dondoodoo
|-unboost|p2a: Dondoodoo|spe|1
|-boost|p2a: Dondoodoo|atk|1
|-boost|p2a: Dondoodoo|def|1
|
|-heal|p1a: Serperior|41/100 par|[from] item: Leftovers
|upkeep
|turn|28
|
|t:|1776035787
|-terastallize|p2a: Dondoodoo|Dragon
|move|p1a: Serperior|Leech Seed|p2a: Dondoodoo
|-start|p2a: Dondoodoo|move: Leech Seed
|cant|p2a: Dondoodoo|par
|
|-heal|p1a: Serperior|47/100 par|[from] item: Leftovers
|-damage|p2a: Dondoodoo|88/100 par|[from] Leech Seed|[of] p1a: Serperior
|-heal|p1a: Serperior|65/100 par|[silent]
|upkeep
|turn|29
|
|t:|1776035790
|cant|p1a: Serperior|par
|move|p2a: Dondoodoo|Wave Crash|p1a: Serperior
|-end|p1a: Serperior|Substitute
|-damage|p2a: Dondoodoo|82/100 par|[from] Recoil|[of] p1a: Serperior
|
|-heal|p1a: Serperior|71/100 par|[from] item: Leftovers
|-heal|p2a: Dondoodoo|88/100 par|[from] item: Leftovers
|-damage|p2a: Dondoodoo|76/100 par|[from] Leech Seed|[of] p1a: Serperior
|-heal|p1a: Serperior|89/100 par|[silent]
|upkeep
|turn|30
|
|t:|1776035802
|move|p1a: Serperior|Substitute|p1a: Serperior
|-start|p1a: Serperior|Substitute
|-damage|p1a: Serperior|64/100 par
|cant|p2a: Dondoodoo|par
|
|-heal|p1a: Serperior|70/100 par|[from] item: Leftovers
|-heal|p2a: Dondoodoo|82/100 par|[from] item: Leftovers
|-damage|p2a: Dondoodoo|70/100 par|[from] Leech Seed|[of] p1a: Serperior
|-heal|p1a: Serperior|88/100 par|[silent]
|upkeep
|turn|31
|
|t:|1776035810
|switch|p1a: Comfey|Comfey, M|100/100
|-damage|p1a: Comfey|88/100|[from] Stealth Rock
|cant|p2a: Dondoodoo|par
|
|-heal|p1a: Comfey|94/100|[from] item: Leftovers
|-heal|p2a: Dondoodoo|76/100 par|[from] item: Leftovers
|-damage|p2a: Dondoodoo|63/100 par|[from] Leech Seed|[of] p1a: Comfey
|-heal|p1a: Comfey|100/100|[silent]
|upkeep
|turn|32
|
|t:|1776035819
|move|p1a: Comfey|Knock Off|p2a: Dondoodoo
|-damage|p2a: Dondoodoo|59/100 par
|-enditem|p2a: Dondoodoo|Leftovers|[from] move: Knock Off|[of] p1a: Comfey
|cant|p2a: Dondoodoo|par
|
|-damage|p2a: Dondoodoo|47/100 par|[from] Leech Seed|[of] p1a: Comfey
|upkeep
|turn|33
|
|t:|1776035823
|move|p1a: Comfey|Encore|p2a: Dondoodoo
|-start|p2a: Dondoodoo|Encore
|move|p2a: Dondoodoo|Wave Crash|p1a: Comfey
|-damage|p1a: Comfey|27/100
|-damage|p2a: Dondoodoo|32/100 par|[from] Recoil
|
|-heal|p1a: Comfey|33/100|[from] item: Leftovers
|-damage|p2a: Dondoodoo|19/100 par|[from] Leech Seed|[of] p1a: Comfey
|-heal|p1a: Comfey|53/100|[silent]
|upkeep
|turn|34
|
|t:|1776035826
|switch|p1a: Serperior|Serperior, F, tera:Steel|88/100 par
|-damage|p1a: Serperior|82/100 par|[from] Stealth Rock
|move|p2a: Dondoodoo|Wave Crash|p1a: Serperior
|-damage|p1a: Serperior|21/100 par
|-damage|p2a: Dondoodoo|5/100 par|[from] Recoil
|
|-heal|p1a: Serperior|27/100 par|[from] item: Leftovers
|-damage|p2a: Dondoodoo|0 fnt|[from] Leech Seed|[of] p1a: Serperior
|-heal|p1a: Serperior|34/100 par|[silent]
|faint|p2a: Dondoodoo
|upkeep
|
|t:|1776035845
|switch|p2a: Feraligatr|Feraligatr, F|100/100
|turn|35
|
|t:|1776035862
|move|p2a: Feraligatr|Liquidation|p1a: Serperior
|-damage|p1a: Serperior|0 fnt
|faint|p1a: Serperior
|
|upkeep
|
|t:|1776035869
|switch|p1a: Comfey|Comfey, M|53/100
|-damage|p1a: Comfey|41/100|[from] Stealth Rock
|turn|36
|
|t:|1776035879
|move|p2a: Feraligatr|Dragon Dance|p2a: Feraligatr
|-boost|p2a: Feraligatr|atk|1
|-boost|p2a: Feraligatr|spe|1
|move|p1a: Comfey|Leech Seed|p2a: Feraligatr
|-start|p2a: Feraligatr|move: Leech Seed
|
|-heal|p1a: Comfey|47/100|[from] item: Leftovers
|-damage|p2a: Feraligatr|88/100|[from] Leech Seed|[of] p1a: Comfey
|-heal|p1a: Comfey|60/100|[silent]
|upkeep
|turn|37
|
|t:|1776035881
|move|p2a: Feraligatr|Liquidation|p1a: Comfey
|-damage|p1a: Comfey|0 fnt
|faint|p1a: Comfey
|
|upkeep
|
|t:|1776035884
|switch|p1a: Grimmsnarl|Grimmsnarl, M|54/100
|-damage|p1a: Grimmsnarl|42/100|[from] Stealth Rock
|turn|38
|
|t:|1776035889
|move|p1a: Grimmsnarl|Reflect|p1a: Grimmsnarl
|-sidestart|p1: You Win/Lose Some|Reflect
|move|p2a: Feraligatr|Liquidation|p1a: Grimmsnarl
|-damage|p1a: Grimmsnarl|0 fnt
|faint|p1a: Grimmsnarl
|
|upkeep
|
|t:|1776035895
|switch|p1a: Jolteon|Jolteon, F|100/100
|-damage|p1a: Jolteon|88/100|[from] Stealth Rock
|turn|39
|
|t:|1776035920
|move|p1a: Jolteon|Sand Attack|p2a: Feraligatr
|-unboost|p2a: Feraligatr|accuracy|1
|move|p2a: Feraligatr|Crunch|p1a: Jolteon
|-damage|p1a: Jolteon|27/100
|
|-damage|p2a: Feraligatr|76/100|[from] Leech Seed|[of] p1a: Jolteon
|-heal|p1a: Jolteon|41/100|[silent]
|upkeep
|turn|40
|
|t:|1776035927
|switch|p1a: Carbink|Carbink, L1|100/100
|-damage|p1a: Carbink|92/100|[from] Stealth Rock
|move|p2a: Feraligatr|Ice Punch|p1a: Carbink
|-damage|p1a: Carbink|0 fnt
|faint|p1a: Carbink
|
|upkeep
|
|t:|1776035929
|switch|p1a: Jolteon|Jolteon, F|41/100
|-damage|p1a: Jolteon|29/100|[from] Stealth Rock
|turn|41
|
|t:|1776035937
|move|p1a: Jolteon|Rain Dance|p1a: Jolteon
|-weather|RainDance
|move|p2a: Feraligatr|Crunch|p1a: Jolteon|[miss]
|-miss|p2a: Feraligatr|p1a: Jolteon
|
|-weather|RainDance|[upkeep]
|-damage|p2a: Feraligatr|64/100|[from] Leech Seed|[of] p1a: Jolteon
|-heal|p1a: Jolteon|43/100|[silent]
|upkeep
|turn|42
|
|t:|1776035943
|move|p1a: Jolteon|Thunder|p2a: Feraligatr
|-supereffective|p2a: Feraligatr
|-damage|p2a: Feraligatr|0 fnt
|faint|p2a: Feraligatr
|
|-weather|RainDance|[upkeep]
|upkeep
|
|t:|1776035948
|switch|p2a: Tinkaton|Tinkaton, F, shiny|48/100 par
|-ability|p2a: Tinkaton|Mold Breaker
|turn|43
|c|☆You Win/Lose Some|!weak tinkaton
|c| You Win/Lose Some|/raw <div class="infobox">Tinkaton (ignoring abilities):<br /><span class="message-effect-weak">Weaknesses</span>: Fire, Ground<br /><span class="message-effect-resist">Resistances</span>: <b>Bug</b>, Dark, Fairy, Flying, Grass, Ice, Normal, Psychic, Rock<br /><span class="message-effect-immune">Immunities</span>: Dragon, Poison, Sandstorm damage, Toxic</div>
|
|t:|1776035959
|move|p1a: Jolteon|Weather Ball|p2a: Tinkaton
|-damage|p2a: Tinkaton|9/100 par
|move|p2a: Tinkaton|Gigaton Hammer|p1a: Jolteon
|-resisted|p1a: Jolteon
|-damage|p1a: Jolteon|21/100
|
|-weather|RainDance|[upkeep]
|upkeep
|turn|44
|
|t:|1776035976
|move|p1a: Jolteon|Weather Ball|p2a: Tinkaton
|-damage|p2a: Tinkaton|0 fnt
|faint|p2a: Tinkaton
|
|win|You Win/Lose Some
|raw|You Win&#x2f;Lose Some's rating: 1172 &rarr; <strong>1195</strong><br />(+23 for winning)
|raw|almostcarter's rating: 1146 &rarr; <strong>1123</strong><br />(-23 for losing)
|l|☆You Win/Lose Some
|player|p1|
|l|☆almostcarter
|player|p2|
