|html|<div class="broadcast-blue"><strong>[Gen 9] OU is currently suspecting Tera Blast! For information on how to participate check out the <a href="https://www.smogon.com/tools/suspects/view/200">suspect thread</a>.</strong></div>
|j|☆iwaruka
|j|☆17cym17
|t:|1776160321
|gametype|singles
|player|p1|iwaruka|roxie|1032
|player|p2|17cym17|steven|1064
|gen|9
|tier|[Gen 9] OU
|rated|
|rule|HP Percentage Mod: HP is shown in percentages
|rule|Endless Battle Clause: Forcing endless battles is banned
|rule|Species Clause: Limit one of each Pokémon
|rule|OHKO Clause: OHKO moves are banned
|rule|Evasion Items Clause: Evasion items are banned
|rule|Evasion Moves Clause: Evasion moves are banned
|rule|Evasion Abilities Clause: Evasion abilities are banned
|rule|Sleep Moves Clause: Sleep-inducing moves are banned
|clearpoke
|poke|p1|Deoxys-Speed|
|poke|p1|Barraskewda, F|
|poke|p1|Meowscarada, F|
|poke|p1|Kilowattrel, F|
|poke|p1|Blaziken, F|
|poke|p1|Pelipper, F|
|poke|p2|Great Tusk|
|poke|p2|Iron Valiant|
|poke|p2|Dragonite, F|
|poke|p2|Gholdengo|
|poke|p2|Corviknight, M|
|poke|p2|Amoonguss, M|
|teampreview
|
|t:|1776160332
|teamsize|p1|6
|teamsize|p2|6
|start
|switch|p1a: Pelipper|Pelipper, F|100/100
|switch|p2a: Great Tusk|Great Tusk|100/100
|-weather|RainDance|[from] ability: Drizzle|[of] p1a: Pelipper
|turn|1
|
|t:|1776160347
|move|p2a: Great Tusk|Stealth Rock|p1a: Pelipper
|-sidestart|p1: iwaruka|move: Stealth Rock
|move|p1a: Pelipper|Knock Off|p2a: Great Tusk
|-resisted|p2a: Great Tusk
|-crit|p2a: Great Tusk
|-damage|p2a: Great Tusk|96/100
|-enditem|p2a: Great Tusk|Leftovers|[from] move: Knock Off|[of] p1a: Pelipper
|
|-weather|RainDance|[upkeep]
|upkeep
|turn|2
|
|t:|1776160354
|move|p2a: Great Tusk|Rapid Spin|p1a: Pelipper
|-damage|p1a: Pelipper|85/100
|-boost|p2a: Great Tusk|spe|1
|move|p1a: Pelipper|Surf|p2a: Great Tusk
|-supereffective|p2a: Great Tusk
|-damage|p2a: Great Tusk|0 fnt
|faint|p2a: Great Tusk
|-end|p2a: Great Tusk|Protosynthesis|[silent]
|
|-weather|RainDance|[upkeep]
|-heal|p1a: Pelipper|91/100|[from] item: Leftovers
|upkeep
|
|t:|1776160366
|switch|p2a: Gholdengo|Gholdengo|100/100
|turn|3
|
|t:|1776160370
|move|p2a: Gholdengo|Thunderbolt|p1a: Pelipper
|-supereffective|p1a: Pelipper
|-damage|p1a: Pelipper|0 fnt
|faint|p1a: Pelipper
|
|-weather|RainDance|[upkeep]
|upkeep
|
|t:|1776160376
|switch|p1a: Deoxys|Deoxys-Speed|100/100
|-damage|p1a: Deoxys|88/100|[from] Stealth Rock
|-ability|p1a: Deoxys|Pressure
|turn|4
|
|t:|1776160388
|switch|p2a: Amoonguss|Amoonguss, M|100/100
|move|p1a: Deoxys|Psyshock|p2a: Amoonguss
|-supereffective|p2a: Amoonguss
|-damage|p2a: Amoonguss|20/100
|-damage|p1a: Deoxys|78/100|[from] item: Life Orb
|
|-weather|RainDance|[upkeep]
|-heal|p2a: Amoonguss|27/100|[from] item: Black Sludge
|upkeep
|turn|5
|
|t:|1776160409
|switch|p2a: Corviknight|Corviknight, M, shiny|100/100
|-ability|p2a: Corviknight|Pressure
|move|p1a: Deoxys|Ice Beam|p2a: Corviknight
|-damage|p2a: Corviknight|66/100
|-status|p2a: Corviknight|frz
|-damage|p1a: Deoxys|68/100|[from] item: Life Orb
|
|-weather|none
|-heal|p2a: Corviknight|73/100 frz|[from] item: Leftovers
|upkeep
|turn|6
|
|t:|1776160424
|switch|p1a: Kilowattrel|Kilowattrel, F|100/100
|cant|p2a: Corviknight|frz
|
|-heal|p2a: Corviknight|79/100 frz|[from] item: Leftovers
|upkeep
|turn|7
|
|t:|1776160437
|move|p1a: Kilowattrel|Thunder|p2a: Corviknight
|-supereffective|p2a: Corviknight
|-damage|p2a: Corviknight|0 fnt
|faint|p2a: Corviknight
|
|upkeep
|
|t:|1776160445
|switch|p2a: Dragonite|Dragonite, F|100/100
|turn|8
|
|t:|1776160449
|move|p1a: Kilowattrel|Thunder|p2a: Dragonite
|-damage|p2a: Dragonite|73/100
|move|p2a: Dragonite|Dragon Dance|p2a: Dragonite
|-boost|p2a: Dragonite|atk|1
|-boost|p2a: Dragonite|spe|1
|
|upkeep
|turn|9
|
|t:|1776160467
|move|p2a: Dragonite|Ice Spinner|p1a: Kilowattrel
|-supereffective|p1a: Kilowattrel
|-damage|p1a: Kilowattrel|0 fnt
|faint|p1a: Kilowattrel
|
|upkeep
|
|t:|1776160474
|switch|p1a: Meowscarada|Meowscarada, F|100/100
|turn|10
|
|t:|1776160490
|-terastallize|p1a: Meowscarada|Dragon
|move|p2a: Dragonite|Ice Spinner|p1a: Meowscarada
|-supereffective|p1a: Meowscarada
|-damage|p1a: Meowscarada|0 fnt
|faint|p1a: Meowscarada
|
|upkeep
|
|t:|1776160494
|switch|p1a: Barraskewda|Barraskewda, F|100/100
|-damage|p1a: Barraskewda|88/100|[from] Stealth Rock
|turn|11
|
|t:|1776160502
|-terastallize|p2a: Dragonite|Normal
|move|p2a: Dragonite|Extreme Speed|p1a: Barraskewda
|-damage|p1a: Barraskewda|0 fnt
|faint|p1a: Barraskewda
|
|upkeep
|
|t:|1776160507
|switch|p1a: Blaziken|Blaziken, F|100/100
|-damage|p1a: Blaziken|88/100|[from] Stealth Rock
|turn|12
|
|t:|1776160513
|move|p2a: Dragonite|Earthquake|p1a: Blaziken
|-supereffective|p1a: Blaziken
|-damage|p1a: Blaziken|0 fnt
|faint|p1a: Blaziken
|
|upkeep
|
|t:|1776160515
|switch|p1a: Deoxys|Deoxys-Speed|68/100
|-damage|p1a: Deoxys|56/100|[from] Stealth Rock
|-ability|p1a: Deoxys|Pressure
|turn|13
|
|t:|1776160525
|move|p2a: Dragonite|Extreme Speed|p1a: Deoxys
|-damage|p1a: Deoxys|0 fnt
|faint|p1a: Deoxys
|
|win|17cym17
|raw|iwaruka's rating: 1032 &rarr; <strong>1019</strong><br />(-13 for losing)
|raw|17cym17's rating: 1064 &rarr; <strong>1092</strong><br />(+28 for winning)
|l|☆iwaruka
|player|p1|
|c|☆17cym17|ez
