|html|<div class="broadcast-blue"><strong>[Gen 9] OU is currently suspecting Tera Blast! For information on how to participate check out the <a href="https://www.smogon.com/tools/suspects/view/200">suspect thread</a>.</strong></div>
|j|☆sushisav chef
|j|☆TracerBuzz
|t:|1776076419
|gametype|singles
|player|p1|sushisav chef|cynthia|1252
|player|p2|TracerBuzz|101|1193
|gen|9
|tier|[Gen 9] OU
|rated|
|rule|HP Percentage Mod: HP is shown in percentages
|rule|Endless Battle Clause: Forcing endless battles is banned
|rule|Species Clause: Limit one of each Pokémon
|rule|OHKO Clause: OHKO moves are banned
|rule|Evasion Items Clause: Evasion items are banned
|rule|Evasion Moves Clause: Evasion moves are banned
|rule|Evasion Abilities Clause: Evasion abilities are banned
|rule|Sleep Moves Clause: Sleep-inducing moves are banned
|clearpoke
|poke|p1|Great Tusk|
|poke|p1|Pecharunt|
|poke|p1|Cinderace, M|
|poke|p1|Alomomola, M|
|poke|p1|Weavile, F|
|poke|p1|Indeedee, M|
|poke|p2|Clodsire, M|
|poke|p2|Hitmonlee, M|
|poke|p2|Cinderace, F|
|poke|p2|Salazzle, F|
|poke|p2|Latias, F|
|poke|p2|Zoroark, M|
|teampreview
|inactive|Battle timer is ON: inactive players will automatically lose when time's up. (requested by sushisav chef)
|
|t:|1776076447
|teamsize|p1|6
|teamsize|p2|6
|start
|switch|p1a: Cinderace|Cinderace, M|100/100
|switch|p2a: Cinderace|Cinderace, F|100/100
|turn|1
|
|t:|1776076454
|move|p2a: Cinderace|Sucker Punch|p1a: Cinderace
|-start|p2a: Cinderace|typechange|Dark|[from] ability: Libero
|-damage|p1a: Cinderace|59/100
|move|p1a: Cinderace|U-turn|p2a: Cinderace
|-supereffective|p2a: Cinderace
|-damage|p2a: Cinderace|42/100
|
|t:|1776076475
|switch|p1a: Weavile|Weavile, F|100/100|[from] U-turn
|
|upkeep
|turn|2
|
|t:|1776076482
|move|p1a: Weavile|Triple Axel|p2a: Cinderace
|-damage|p2a: Cinderace|20/100
|-damage|p2a: Cinderace|0 fnt
|faint|p2a: Cinderace
|-hitcount|p2: Cinderace|2
|
|upkeep
|
|t:|1776076499
|switch|p2a: Salazzle|Salazzle, F|100/100
|turn|3
|
|t:|1776076505
|switch|p1a: Alomomola|Alomomola, M, shiny|100/100
|move|p2a: Salazzle|Swords Dance|p2a: Salazzle
|-boost|p2a: Salazzle|atk|2
|
|upkeep
|turn|4
|
|t:|1776076514
|move|p2a: Salazzle|Swords Dance|p2a: Salazzle
|-boost|p2a: Salazzle|atk|2
|move|p1a: Alomomola|Mirror Coat||[still]
|-fail|p1a: Alomomola
|
|upkeep
|turn|5
|
|t:|1776076522
|move|p1a: Alomomola|Aqua Jet|p2a: Salazzle
|-damage|p2a: Salazzle|78/100
|replace|p2a: Zoroark|Zoroark, M, shiny
|-end|p2a: Zoroark|Illusion
|move|p2a: Zoroark|Swords Dance|p2a: Zoroark
|-boost|p2a: Zoroark|atk|2
|
|upkeep
|turn|6
|
|t:|1776076525
|move|p2a: Zoroark|Sucker Punch|p1a: Alomomola
|-damage|p1a: Alomomola|22/100
|move|p1a: Alomomola|Flip Turn|p2a: Zoroark
|-damage|p2a: Zoroark|46/100
|
|t:|1776076541
|switch|p1a: Cinderace|Cinderace, M|59/100|[from] Flip Turn
|
|upkeep
|turn|7
|
|t:|1776076550
|move|p2a: Zoroark|Sucker Punch||[still]
|-fail|p2a: Zoroark
|move|p1a: Cinderace|Will-O-Wisp|p2a: Zoroark|[miss]
|-miss|p1a: Cinderace|p2a: Zoroark
|
|upkeep
|turn|8
|
|t:|1776076557
|move|p2a: Zoroark|Sucker Punch|p1a: Cinderace
|-damage|p1a: Cinderace|0 fnt
|faint|p1a: Cinderace
|
|upkeep
|
|t:|1776076560
|switch|p1a: Weavile|Weavile, F|100/100
|turn|9
|
|t:|1776076564
|move|p2a: Zoroark|Sucker Punch|p1a: Weavile
|-resisted|p1a: Weavile
|-damage|p1a: Weavile|0 fnt
|faint|p1a: Weavile
|
|upkeep
|
|t:|1776076566
|switch|p1a: Great Tusk|Great Tusk|100/100
|turn|10
|-message|sushisav chef forfeited.
|
|win|TracerBuzz
|raw|sushisav chef's rating: 1252 &rarr; <strong>1223</strong><br />(-29 for losing)
|raw|TracerBuzz's rating: 1193 &rarr; <strong>1222</strong><br />(+29 for winning)
|l|☆sushisav chef
|player|p1|
|l|☆TracerBuzz
|player|p2|
