|html|<div class="broadcast-blue"><strong>[Gen 9] OU is currently suspecting Volcarona! For information on how to participate check out the <a href="https://www.smogon.com/tools/suspects/view/208">suspect thread</a>.</strong></div>
|j|☆KassGOD
|j|☆Zuifeng
|t:|1778516107
|gametype|singles
|player|p1|KassGOD|sage|1653
|player|p2|Zuifeng|li|1614
|gen|9
|tier|[Gen 9] OU
|rated|
|rule|HP Percentage Mod: HP is shown in percentages
|rule|Endless Battle Clause: Forcing endless battles is banned
|rule|Species Clause: Limit one of each Pokémon
|rule|OHKO Clause: OHKO moves are banned
|rule|Evasion Items Clause: Evasion items are banned
|rule|Evasion Moves Clause: Evasion moves are banned
|rule|Evasion Abilities Clause: Evasion abilities are banned
|rule|Sleep Moves Clause: Sleep-inducing moves are banned
|clearpoke
|poke|p1|Cinderace, M|
|poke|p1|Great Tusk|
|poke|p1|Slowking-Galar, F|
|poke|p1|Corviknight, F|
|poke|p1|Raging Bolt|
|poke|p1|Meowscarada, M|
|poke|p2|Ninetales, M|
|poke|p2|Walking Wake|
|poke|p2|Volcarona, F|
|poke|p2|Great Tusk|
|poke|p2|Hatterene, F|
|poke|p2|Kingambit, M|
|teampreview
|inactive|Battle timer is ON: inactive players will automatically lose when time's up. (requested by Zuifeng)
|inactive|KassGOD also wants the timer to be on.
|
|t:|1778516135
|teamsize|p1|6
|teamsize|p2|6
|start
|switch|p1a: Raging Bolt|Raging Bolt|100/100
|switch|p2a: Ninetales|Ninetales, M|100/100
|-weather|SunnyDay|[from] ability: Drought|[of] p2a: Ninetales
|-activate|p1a: Raging Bolt|ability: Protosynthesis
|-start|p1a: Raging Bolt|protosynthesisspa
|turn|1
|
|t:|1778516147
|switch|p2a: Great Tusk|Great Tusk|100/100
|-activate|p2a: Great Tusk|ability: Protosynthesis
|-start|p2a: Great Tusk|protosynthesisatk
|move|p1a: Raging Bolt|Draco Meteor|p2a: Great Tusk
|-damage|p2a: Great Tusk|0 fnt
|-unboost|p1a: Raging Bolt|spa|2
|faint|p2a: Great Tusk
|-end|p2a: Great Tusk|Protosynthesis|[silent]
|
|-weather|SunnyDay|[upkeep]
|upkeep
|
|t:|1778516150
|switch|p2a: Volcarona|Volcarona, F|100/100
|turn|2
|
|t:|1778516164
|-end|p1a: Raging Bolt|Protosynthesis|[silent]
|switch|p1a: Slowking|Slowking-Galar, F|100/100
|move|p2a: Volcarona|Quiver Dance|p2a: Volcarona
|-boost|p2a: Volcarona|spa|1
|-boost|p2a: Volcarona|spd|1
|-boost|p2a: Volcarona|spe|1
|
|-weather|SunnyDay|[upkeep]
|upkeep
|turn|3
|
|t:|1778516181
|move|p2a: Volcarona|Overheat|p1a: Slowking
|-damage|p1a: Slowking|0 fnt
|-unboost|p2a: Volcarona|spa|2
|faint|p1a: Slowking
|-damage|p2a: Volcarona|91/100|[from] item: Life Orb
|
|-weather|SunnyDay|[upkeep]
|upkeep
|j| Gardevoir to 1800s
|
|t:|1778516200
|switch|p1a: Cinderace|Cinderace, M|100/100
|turn|4
|
|t:|1778516207
|switch|p2a: Walking Wake|Walking Wake|100/100
|-activate|p2a: Walking Wake|ability: Protosynthesis
|-start|p2a: Walking Wake|protosynthesisspe
|move|p1a: Cinderace|Pyro Ball|p2a: Walking Wake
|-resisted|p2a: Walking Wake
|-damage|p2a: Walking Wake|76/100
|
|-weather|SunnyDay|[upkeep]
|upkeep
|turn|5
|
|t:|1778516227
|switch|p1a: Meowscarada|Meowscarada, M|100/100
|move|p2a: Walking Wake|Hydro Steam|p1a: Meowscarada
|-resisted|p1a: Meowscarada
|-damage|p1a: Meowscarada|29/100
|
|-weather|SunnyDay|[upkeep]
|upkeep
|turn|6
|c| Gardevoir to 1800s|what water resist?
|
|t:|1778516247
|move|p1a: Meowscarada|Knock Off|p2a: Walking Wake
|-start|p1a: Meowscarada|typechange|Dark|[from] ability: Protean
|-damage|p2a: Walking Wake|25/100
|-enditem|p2a: Walking Wake|Choice Specs|[from] move: Knock Off|[of] p1a: Meowscarada
|move|p2a: Walking Wake|Hydro Steam|p1a: Meowscarada
|-crit|p1a: Meowscarada
|-damage|p1a: Meowscarada|0 fnt
|faint|p1a: Meowscarada
|
|-weather|SunnyDay|[upkeep]
|upkeep
|inactive|KassGOD has 120 seconds left.
|
|t:|1778516267
|switch|p1a: Cinderace|Cinderace, M|100/100
|turn|7
|inactive|KassGOD has 120 seconds left.
|
|t:|1778516280
|-end|p2a: Walking Wake|Protosynthesis|[silent]
|switch|p2a: Ninetales|Ninetales, M|100/100
|move|p1a: Cinderace|Sucker Punch||[still]
|-fail|p1a: Cinderace
|
|-weather|SunnyDay|[upkeep]
|upkeep
|turn|8
|inactive|KassGOD has 120 seconds left.
|
|t:|1778516295
|move|p1a: Cinderace|Pyro Ball|p2a: Ninetales
|-resisted|p2a: Ninetales
|-damage|p2a: Ninetales|46/100
|move|p2a: Ninetales|Overheat|p1a: Cinderace
|-resisted|p1a: Cinderace
|-damage|p1a: Cinderace|58/100
|-unboost|p2a: Ninetales|spa|2
|
|-weather|none
|upkeep
|turn|9
|inactive|KassGOD has 120 seconds left.
|
|t:|1778516315
|switch|p2a: Hatterene|Hatterene, F|100/100
|move|p1a: Cinderace|U-turn|p2a: Hatterene
|-start|p1a: Cinderace|typechange|Bug|[from] ability: Libero
|-damage|p2a: Hatterene|60/100
|-enditem|p2a: Hatterene|Eject Button
|
|t:|1778516321
|switch|p2a: Ninetales|Ninetales, M|46/100
|-weather|SunnyDay|[from] ability: Drought|[of] p2a: Ninetales
|
|-weather|SunnyDay|[upkeep]
|upkeep
|turn|10
|inactive|KassGOD has 120 seconds left.
|
|t:|1778516335
|switch|p1a: Raging Bolt|Raging Bolt|100/100
|-activate|p1a: Raging Bolt|ability: Protosynthesis
|-start|p1a: Raging Bolt|protosynthesisspa
|move|p2a: Ninetales|Healing Wish|p2a: Ninetales
|faint|p2a: Ninetales
|
|-weather|SunnyDay|[upkeep]
|upkeep
|
|t:|1778516339
|switch|p2a: Walking Wake|Walking Wake|25/100
|-heal|p2a: Walking Wake|100/100|[from] move: Healing Wish
|-activate|p2a: Walking Wake|ability: Protosynthesis
|-start|p2a: Walking Wake|protosynthesisspe
|turn|11
|inactive|KassGOD has 120 seconds left.
|
|t:|1778516365
|-end|p2a: Walking Wake|Protosynthesis|[silent]
|switch|p2a: Hatterene|Hatterene, F|60/100
|-terastallize|p1a: Raging Bolt|Electric
|move|p1a: Raging Bolt|Thunderclap||[still]
|-fail|p1a: Raging Bolt
|
|-weather|SunnyDay|[upkeep]
|upkeep
|turn|12
|
|t:|1778516380
|-end|p1a: Raging Bolt|Protosynthesis|[silent]
|switch|p1a: Corviknight|Corviknight, F|100/100
|-ability|p1a: Corviknight|Pressure
|move|p2a: Hatterene|Pain Split|p1a: Corviknight
|-sethp|p1a: Corviknight|74/100|[from] move: Pain Split|[silent]
|-sethp|p2a: Hatterene|92/100|[from] move: Pain Split
|
|-weather|SunnyDay|[upkeep]
|upkeep
|turn|13
|inactive|KassGOD has 120 seconds left.
|j| flamewing_phoenix
|
|t:|1778516394
|switch|p2a: Walking Wake|Walking Wake|100/100
|-activate|p2a: Walking Wake|ability: Protosynthesis
|-start|p2a: Walking Wake|protosynthesisspe
|move|p1a: Corviknight|U-turn|p2a: Walking Wake
|-damage|p2a: Walking Wake|84/100
|
|t:|1778516403
|switch|p1a: Raging Bolt|Raging Bolt, tera:Electric|100/100|[from] U-turn
|-activate|p1a: Raging Bolt|ability: Protosynthesis
|-start|p1a: Raging Bolt|protosynthesisspa
|
|-weather|SunnyDay|[upkeep]
|upkeep
|turn|14
|inactive|KassGOD has 120 seconds left.
|
|t:|1778516418
|move|p2a: Walking Wake|Hydro Steam|p1a: Raging Bolt
|-damage|p1a: Raging Bolt|44/100
|move|p1a: Raging Bolt|Thunderbolt|p2a: Walking Wake
|-damage|p2a: Walking Wake|0 fnt
|faint|p2a: Walking Wake
|-end|p2a: Walking Wake|Protosynthesis|[silent]
|
|-weather|SunnyDay|[upkeep]
|upkeep
|
|t:|1778516423
|switch|p2a: Volcarona|Volcarona, F|91/100
|turn|15
|
|t:|1778516435
|move|p2a: Volcarona|Flamethrower|p1a: Raging Bolt
|-damage|p1a: Raging Bolt|0 fnt
|faint|p1a: Raging Bolt
|-end|p1a: Raging Bolt|Protosynthesis|[silent]
|-damage|p2a: Volcarona|81/100|[from] item: Life Orb
|
|-weather|SunnyDay|[upkeep]
|upkeep
|inactive|KassGOD has 120 seconds left.
|inactive|KassGOD has 90 seconds left.
|
|t:|1778516481
|switch|p1a: Cinderace|Cinderace, M|58/100
|turn|16
|j| Goobshiester1st
|
|t:|1778516510
|switch|p2a: Hatterene|Hatterene, F|92/100
|move|p1a: Cinderace|Pyro Ball|p2a: Hatterene
|-damage|p2a: Hatterene|0 fnt
|faint|p2a: Hatterene
|
|-weather|none
|upkeep
|
|t:|1778516515
|switch|p2a: Kingambit|Kingambit, M|100/100
|-activate|p2a: Kingambit|ability: Supreme Overlord
|-start|p2a: Kingambit|fallen4|[silent]
|-item|p2a: Kingambit|Air Balloon
|turn|17
|
|t:|1778516530
|move|p1a: Cinderace|Sucker Punch|p2a: Kingambit
|-start|p1a: Cinderace|typechange|Dark|[from] ability: Libero
|-resisted|p2a: Kingambit
|-damage|p2a: Kingambit|87/100
|-enditem|p2a: Kingambit|Air Balloon
|move|p2a: Kingambit|Sucker Punch||[still]
|-fail|p2a: Kingambit
|
|upkeep
|turn|18
|
|t:|1778516540
|move|p1a: Cinderace|Low Kick|p2a: Kingambit
|-supereffective|p2a: Kingambit
|-damage|p2a: Kingambit|0 fnt
|faint|p2a: Kingambit
|-end|p2a: Kingambit|fallen4|[silent]
|
|upkeep
|
|t:|1778516543
|switch|p2a: Volcarona|Volcarona, F|81/100
|turn|19
|
|t:|1778516555
|move|p1a: Cinderace|Pyro Ball|p2a: Volcarona
|-damage|p2a: Volcarona|13/100
|move|p2a: Volcarona|Quiver Dance|p2a: Volcarona
|-boost|p2a: Volcarona|spa|1
|-boost|p2a: Volcarona|spd|1
|-boost|p2a: Volcarona|spe|1
|
|upkeep
|turn|20
|
|t:|1778516561
|move|p2a: Volcarona|Morning Sun|p2a: Volcarona
|-heal|p2a: Volcarona|63/100
|move|p1a: Cinderace|Pyro Ball|p2a: Volcarona
|-damage|p2a: Volcarona|0 fnt
|faint|p2a: Volcarona
|
|win|KassGOD
|raw|KassGOD's rating: 1653 &rarr; <strong>1671</strong><br />(+18 for winning)
|raw|Zuifeng's rating: 1614 &rarr; <strong>1596</strong><br />(-18 for losing)
|l|☆Zuifeng
|player|p2|
|c|☆KassGOD|ggwp
|l|☆KassGOD
|player|p1|
|l| Goobshiester1st
|l| Gardevoir to 1800s
