|html|<div class="broadcast-blue"><strong>[Gen 9] OU is currently suspecting Tera Blast! For information on how to participate check out the <a href="https://www.smogon.com/tools/suspects/view/200">suspect thread</a>.</strong></div>
|j|☆xu5000
|j|☆noquitentera
|t:|1776295041
|gametype|singles
|player|p1|xu5000|2|1482
|player|p2|noquitentera|roxie|1463
|gen|9
|tier|[Gen 9] OU
|rated|
|rule|HP Percentage Mod: HP is shown in percentages
|rule|Endless Battle Clause: Forcing endless battles is banned
|rule|Species Clause: Limit one of each Pokémon
|rule|OHKO Clause: OHKO moves are banned
|rule|Evasion Items Clause: Evasion items are banned
|rule|Evasion Moves Clause: Evasion moves are banned
|rule|Evasion Abilities Clause: Evasion abilities are banned
|rule|Sleep Moves Clause: Sleep-inducing moves are banned
|clearpoke
|poke|p1|Zamazenta-*|
|poke|p1|Kyurem|
|poke|p1|Iron Treads|
|poke|p1|Tornadus-Therian, M|
|poke|p1|Pecharunt|
|poke|p1|Ting-Lu|
|poke|p2|Ninetales-Alola, M|
|poke|p2|Dragonite, F|
|poke|p2|Hatterene, F|
|poke|p2|Tornadus-Therian, M|
|poke|p2|Iron Treads|
|poke|p2|Gliscor, F|
|teampreview
|inactive|Battle timer is ON: inactive players will automatically lose when time's up. (requested by noquitentera)
|inactive|xu5000 has 120 seconds left.
|inactive|xu5000 has 90 seconds left.
|
|t:|1776295102
|teamsize|p1|6
|teamsize|p2|6
|start
|switch|p1a: Iron Treads|Iron Treads|100/100
|switch|p2a: Ninetales|Ninetales-Alola, M|100/100
|-weather|Snowscape|[from] ability: Snow Warning|[of] p2a: Ninetales
|turn|1
|
|t:|1776295105
|move|p2a: Ninetales|Aurora Veil|p2a: Ninetales
|-sidestart|p2: noquitentera|move: Aurora Veil
|move|p1a: Iron Treads|Stealth Rock|p2a: Ninetales
|-sidestart|p2: noquitentera|move: Stealth Rock
|
|-weather|Snowscape|[upkeep]
|upkeep
|turn|2
|
|t:|1776295124
|switch|p2a: Gliscor|Gliscor, F|100/100
|-damage|p2a: Gliscor|88/100|[from] Stealth Rock
|-end|p1a: Iron Treads|Quark Drive|[silent]
|switch|p1a: Kyurem|Kyurem|100/100
|-ability|p1a: Kyurem|Pressure
|
|-weather|Snowscape|[upkeep]
|-status|p2a: Gliscor|tox|[from] item: Toxic Orb
|upkeep
|turn|3
|
|t:|1776295141
|switch|p2a: Hatterene|Hatterene, F|100/100
|-damage|p2a: Hatterene|88/100|[from] Stealth Rock
|move|p1a: Kyurem|Ice Beam|p2a: Hatterene
|-damage|p2a: Hatterene|62/100
|-enditem|p2a: Hatterene|Eject Button
|
|t:|1776295154
|switch|p2a: Iron Treads|Iron Treads|100/100
|-damage|p2a: Iron Treads|97/100|[from] Stealth Rock
|-enditem|p2a: Iron Treads|Booster Energy
|-activate|p2a: Iron Treads|ability: Quark Drive|[fromitem]
|-start|p2a: Iron Treads|quarkdriveatk
|
|-weather|Snowscape|[upkeep]
|upkeep
|turn|4
|
|t:|1776295165
|switch|p1a: Pecharunt|Pecharunt|100/100
|move|p2a: Iron Treads|Stealth Rock|p1a: Pecharunt
|-sidestart|p1: xu5000|move: Stealth Rock
|
|-weather|Snowscape|[upkeep]
|upkeep
|turn|5
|
|t:|1776295176
|switch|p1a: Tornadus|Tornadus-Therian, M|100/100
|move|p2a: Iron Treads|Earthquake|p1a: Tornadus
|-immune|p1a: Tornadus
|
|-weather|none
|upkeep
|turn|6
|inactive|xu5000 has 120 seconds left.
|
|t:|1776295209
|switch|p1a: Zamazenta|Zamazenta|100/100
|-damage|p1a: Zamazenta|94/100|[from] Stealth Rock
|-ability|p1a: Zamazenta|Dauntless Shield|boost
|-boost|p1a: Zamazenta|def|1
|move|p2a: Iron Treads|Rapid Spin|p1a: Zamazenta
|-damage|p1a: Zamazenta|83/100
|-boost|p2a: Iron Treads|spe|1
|-sideend|p2: noquitentera|Stealth Rock|[from] move: Rapid Spin|[of] p2a: Iron Treads
|
|-heal|p1a: Zamazenta|89/100|[from] item: Leftovers
|upkeep
|turn|7
|inactive|xu5000 has 120 seconds left.
|
|t:|1776295234
|-end|p2a: Iron Treads|Quark Drive|[silent]
|switch|p2a: Hatterene|Hatterene, F|62/100
|move|p1a: Zamazenta|Roar|p2a: Hatterene
|move|p2a: Hatterene|Roar|p1a: Zamazenta|[from] ability: Magic Bounce
|drag|p1a: Kyurem|Kyurem|100/100
|-damage|p1a: Kyurem|76/100|[from] Stealth Rock
|-ability|p1a: Kyurem|Pressure
|
|upkeep
|turn|8
|
|t:|1776295249
|switch|p1a: Iron Treads|Iron Treads|100/100
|-damage|p1a: Iron Treads|97/100|[from] Stealth Rock
|switch|p2a: Iron Treads|Iron Treads|97/100
|
|-heal|p1a: Iron Treads|100/100|[from] item: Leftovers
|-sideend|p2: noquitentera|move: Aurora Veil
|upkeep
|turn|9
|
|t:|1776295261
|move|p2a: Iron Treads|Earthquake|p1a: Iron Treads
|-supereffective|p1a: Iron Treads
|-damage|p1a: Iron Treads|20/100
|move|p1a: Iron Treads|Rapid Spin|p2a: Iron Treads
|-resisted|p2a: Iron Treads
|-damage|p2a: Iron Treads|90/100
|-boost|p1a: Iron Treads|spe|1
|-sideend|p1: xu5000|Stealth Rock|[from] move: Rapid Spin|[of] p1a: Iron Treads
|
|-heal|p1a: Iron Treads|27/100|[from] item: Leftovers
|upkeep
|turn|10
|
|t:|1776295275
|move|p1a: Iron Treads|Earthquake|p2a: Iron Treads
|-supereffective|p2a: Iron Treads
|-damage|p2a: Iron Treads|17/100
|move|p2a: Iron Treads|Stealth Rock|p1a: Iron Treads
|-sidestart|p1: xu5000|move: Stealth Rock
|
|-heal|p1a: Iron Treads|33/100|[from] item: Leftovers
|upkeep
|turn|11
|
|t:|1776295286
|move|p1a: Iron Treads|Stealth Rock|p2a: Iron Treads
|-sidestart|p2: noquitentera|move: Stealth Rock
|move|p2a: Iron Treads|Earthquake|p1a: Iron Treads
|-supereffective|p1a: Iron Treads
|-damage|p1a: Iron Treads|0 fnt
|faint|p1a: Iron Treads
|-end|p1a: Iron Treads|Quark Drive|[silent]
|
|upkeep
|
|t:|1776295304
|switch|p1a: Tornadus|Tornadus-Therian, M|100/100
|turn|12
|
|t:|1776295311
|move|p1a: Tornadus|Bleakwind Storm|p2a: Iron Treads
|-resisted|p2a: Iron Treads
|-damage|p2a: Iron Treads|0 fnt
|faint|p2a: Iron Treads
|-end|p2a: Iron Treads|Quark Drive|[silent]
|
|upkeep
|
|t:|1776295337
|switch|p2a: Ninetales|Ninetales-Alola, M|100/100
|-damage|p2a: Ninetales|76/100|[from] Stealth Rock
|-weather|Snowscape|[from] ability: Snow Warning|[of] p2a: Ninetales
|turn|13
|
|t:|1776295343
|move|p1a: Tornadus|Taunt|p2a: Ninetales
|-start|p2a: Ninetales|move: Taunt
|cant|p2a: Ninetales|move: Taunt|Aurora Veil
|
|-weather|Snowscape|[upkeep]
|upkeep
|turn|14
|inactive|xu5000 has 120 seconds left.
|
|t:|1776295363
|switch|p2a: Tornadus|Tornadus-Therian, M|100/100
|-damage|p2a: Tornadus|76/100|[from] Stealth Rock
|-terastallize|p1a: Tornadus|Steel
|move|p1a: Tornadus|Knock Off|p2a: Tornadus
|-damage|p2a: Tornadus|49/100
|-enditem|p2a: Tornadus|Life Orb|[from] move: Knock Off|[of] p1a: Tornadus
|
|-weather|Snowscape|[upkeep]
|upkeep
|turn|15
|
|t:|1776295381
|switch|p1a: Ting-Lu|Ting-Lu|100/100
|-damage|p1a: Ting-Lu|94/100|[from] Stealth Rock
|-ability|p1a: Ting-Lu|Vessel of Ruin
|move|p2a: Tornadus|Heat Wave|p1a: Ting-Lu
|-damage|p1a: Ting-Lu|80/100
|
|-weather|Snowscape|[upkeep]
|-heal|p1a: Ting-Lu|87/100|[from] item: Leftovers
|upkeep
|turn|16
|
|t:|1776295395
|move|p2a: Tornadus|Weather Ball|p1a: Ting-Lu
|-supereffective|p1a: Ting-Lu
|-damage|p1a: Ting-Lu|55/100
|move|p1a: Ting-Lu|Ruination|p2a: Tornadus
|-damage|p2a: Tornadus|25/100
|
|-weather|Snowscape|[upkeep]
|-heal|p1a: Ting-Lu|61/100|[from] item: Leftovers
|upkeep
|turn|17
|
|t:|1776295402
|switch|p2a: Hatterene|Hatterene, F|62/100
|-damage|p2a: Hatterene|49/100|[from] Stealth Rock
|switch|p1a: Tornadus|Tornadus-Therian, M, tera:Steel|100/100
|
|-weather|none
|upkeep
|turn|18
|
|t:|1776295410
|move|p1a: Tornadus|Nasty Plot|p1a: Tornadus
|-boost|p1a: Tornadus|spa|2
|move|p2a: Hatterene|Nuzzle|p1a: Tornadus
|-damage|p1a: Tornadus|96/100
|-status|p1a: Tornadus|par
|
|upkeep
|turn|19
|
|t:|1776295414
|move|p1a: Tornadus|Bleakwind Storm|p2a: Hatterene
|-damage|p2a: Hatterene|0 fnt
|faint|p2a: Hatterene
|
|upkeep
|
|t:|1776295416
|switch|p2a: Ninetales|Ninetales-Alola, M|76/100
|-damage|p2a: Ninetales|51/100|[from] Stealth Rock
|-weather|Snowscape|[from] ability: Snow Warning|[of] p2a: Ninetales
|turn|20
|
|t:|1776295424
|move|p2a: Ninetales|Aurora Veil|p2a: Ninetales
|-sidestart|p2: noquitentera|move: Aurora Veil
|cant|p1a: Tornadus|par
|
|-weather|Snowscape|[upkeep]
|upkeep
|turn|21
|
|t:|1776295431
|switch|p2a: Tornadus|Tornadus-Therian, M|58/100
|-damage|p2a: Tornadus|33/100|[from] Stealth Rock
|move|p1a: Tornadus|Bleakwind Storm|p2a: Tornadus
|-damage|p2a: Tornadus|0 fnt
|faint|p2a: Tornadus
|
|-weather|Snowscape|[upkeep]
|upkeep
|
|t:|1776295436
|switch|p2a: Gliscor|Gliscor, F|88/100 tox
|-damage|p2a: Gliscor|76/100 tox|[from] Stealth Rock
|turn|22
|
|t:|1776295456
|switch|p1a: Zamazenta|Zamazenta|89/100
|-damage|p1a: Zamazenta|83/100|[from] Stealth Rock
|move|p2a: Gliscor|Swords Dance|p2a: Gliscor
|-boost|p2a: Gliscor|atk|2
|
|-weather|Snowscape|[upkeep]
|-heal|p1a: Zamazenta|89/100|[from] item: Leftovers
|-heal|p2a: Gliscor|88/100 tox|[from] ability: Poison Heal
|upkeep
|turn|23
|
|t:|1776295466
|-terastallize|p2a: Gliscor|Normal
|move|p2a: Gliscor|Facade|p1a: Zamazenta
|-damage|p1a: Zamazenta|0 fnt
|faint|p1a: Zamazenta
|
|-weather|Snowscape|[upkeep]
|-heal|p2a: Gliscor|100/100 tox|[from] ability: Poison Heal
|upkeep
|
|t:|1776295482
|switch|p1a: Ting-Lu|Ting-Lu|61/100
|-damage|p1a: Ting-Lu|55/100|[from] Stealth Rock
|-ability|p1a: Ting-Lu|Vessel of Ruin
|turn|24
|
|t:|1776295484
|move|p2a: Gliscor|Facade|p1a: Ting-Lu
|-damage|p1a: Ting-Lu|0 fnt
|faint|p1a: Ting-Lu
|
|-weather|none
|upkeep
|
|t:|1776295498
|switch|p1a: Pecharunt|Pecharunt|100/100
|-damage|p1a: Pecharunt|88/100|[from] Stealth Rock
|turn|25
|inactive|xu5000 has 120 seconds left.
|
|t:|1776295524
|move|p2a: Gliscor|Agility|p2a: Gliscor
|-boost|p2a: Gliscor|spe|2
|move|p1a: Pecharunt|Shadow Ball|p2a: Gliscor
|-immune|p2a: Gliscor
|
|upkeep
|turn|26
|inactive|xu5000 has 120 seconds left.
|-message|xu5000 forfeited.
|
|win|noquitentera
|raw|xu5000's rating: 1482 &rarr; <strong>1461</strong><br />(-21 for losing)
|raw|noquitentera's rating: 1463 &rarr; <strong>1484</strong><br />(+21 for winning)
|l|☆noquitentera
|player|p2|
