|html|<div class="broadcast-blue"><strong>[Gen 9] OU is currently suspecting Tera Blast! For information on how to participate check out the <a href="https://www.smogon.com/tools/suspects/view/200">suspect thread</a>.</strong></div>
|j|☆MegaDoesArt
|j|☆magistermilitum420
|t:|1776212005
|gametype|singles
|player|p1|MegaDoesArt|ingo|1357
|player|p2|magistermilitum420|blue|1336
|gen|9
|tier|[Gen 9] OU
|rated|
|rule|HP Percentage Mod: HP is shown in percentages
|rule|Endless Battle Clause: Forcing endless battles is banned
|rule|Species Clause: Limit one of each Pokémon
|rule|OHKO Clause: OHKO moves are banned
|rule|Evasion Items Clause: Evasion items are banned
|rule|Evasion Moves Clause: Evasion moves are banned
|rule|Evasion Abilities Clause: Evasion abilities are banned
|rule|Sleep Moves Clause: Sleep-inducing moves are banned
|clearpoke
|poke|p1|Glimmora, F|
|poke|p1|Rillaboom, M|
|poke|p1|Dragapult, M|
|poke|p1|Samurott-Hisui, M|
|poke|p1|Gholdengo|
|poke|p1|Kingambit, F|
|poke|p2|Meowscarada, F|
|poke|p2|Great Tusk|
|poke|p2|Alomomola, M|
|poke|p2|Slowking-Galar, F|
|poke|p2|Iron Valiant|
|poke|p2|Heatran, M|
|teampreview
|
|t:|1776212011
|teamsize|p1|6
|teamsize|p2|6
|start
|switch|p1a: Lotus|Glimmora, F, shiny|100/100
|switch|p2a: Mahad|Meowscarada, F, shiny|100/100
|turn|1
|
|t:|1776212022
|switch|p2a: Mithridates|Slowking-Galar, F|100/100
|move|p1a: Lotus|Stealth Rock|p2a: Mithridates
|-sidestart|p2: magistermilitum420|move: Stealth Rock
|
|upkeep
|turn|2
|
|t:|1776212028
|move|p1a: Lotus|Earth Power|p2a: Mithridates
|-supereffective|p2a: Mithridates
|-damage|p2a: Mithridates|71/100
|move|p2a: Mithridates|Psychic Noise|p1a: Lotus
|-supereffective|p1a: Lotus
|-damage|p1a: Lotus|13/100
|-start|p1a: Lotus|move: Heal Block
|
|upkeep
|turn|3
|
|t:|1776212042
|move|p1a: Lotus|Earth Power|p2a: Mithridates
|-supereffective|p2a: Mithridates
|-damage|p2a: Mithridates|41/100
|move|p2a: Mithridates|Sludge Bomb|p1a: Lotus
|-resisted|p1a: Lotus
|-damage|p1a: Lotus|0 fnt
|faint|p1a: Lotus
|
|upkeep
|
|t:|1776212051
|switch|p1a: Genya|Kingambit, F, shiny|100/100
|-activate|p1a: Genya|ability: Supreme Overlord
|-start|p1a: Genya|fallen1|[silent]
|turn|4
|
|t:|1776212058
|switch|p2a: Charybdis|Alomomola, M, shiny|100/100
|-damage|p2a: Charybdis|88/100|[from] Stealth Rock
|move|p1a: Genya|Swords Dance|p1a: Genya
|-boost|p1a: Genya|atk|2
|
|upkeep
|turn|5
|
|t:|1776212066
|move|p1a: Genya|Kowtow Cleave|p2a: Charybdis
|-damage|p2a: Charybdis|32/100
|-damage|p1a: Genya|84/100|[from] item: Rocky Helmet|[of] p2a: Charybdis
|move|p2a: Charybdis|Scald|p1a: Genya
|-damage|p1a: Genya|68/100
|
|-heal|p1a: Genya|74/100|[from] item: Leftovers
|upkeep
|turn|6
|
|t:|1776212092
|move|p2a: Charybdis|Protect|p2a: Charybdis
|-singleturn|p2a: Charybdis|Protect
|move|p1a: Genya|Kowtow Cleave|p2a: Charybdis
|-activate|p2a: Charybdis|move: Protect
|
|-heal|p1a: Genya|80/100|[from] item: Leftovers
|upkeep
|turn|7
|
|t:|1776212109
|switch|p2a: Barca|Great Tusk|100/100
|-damage|p2a: Barca|98/100|[from] Stealth Rock
|move|p1a: Genya|Kowtow Cleave|p2a: Barca
|-resisted|p2a: Barca
|-damage|p2a: Barca|73/100
|
|-heal|p2a: Barca|79/100|[from] item: Leftovers
|-heal|p1a: Genya|86/100|[from] item: Leftovers
|upkeep
|turn|8
|
|t:|1776212124
|-terastallize|p1a: Genya|Ghost
|move|p2a: Barca|Earthquake|p1a: Genya
|-damage|p1a: Genya|51/100
|move|p1a: Genya|Iron Head|p2a: Barca
|-crit|p2a: Barca
|-damage|p2a: Barca|5/100
|
|-heal|p2a: Barca|11/100|[from] item: Leftovers
|-heal|p1a: Genya|57/100|[from] item: Leftovers
|upkeep
|turn|9
|
|t:|1776212134
|-end|p2a: Barca|Protosynthesis|[silent]
|switch|p2a: Charybdis|Alomomola, M, shiny|66/100
|-damage|p2a: Charybdis|53/100|[from] Stealth Rock
|move|p1a: Genya|Sucker Punch||[still]
|-fail|p1a: Genya
|
|-heal|p1a: Genya|64/100|[from] item: Leftovers
|upkeep
|turn|10
|
|t:|1776212155
|move|p1a: Genya|Swords Dance|p1a: Genya
|-boost|p1a: Genya|atk|2
|move|p2a: Charybdis|Scald|p1a: Genya
|-damage|p1a: Genya|49/100
|
|-heal|p1a: Genya|55/100|[from] item: Leftovers
|upkeep
|turn|11
|
|t:|1776212166
|move|p1a: Genya|Kowtow Cleave|p2a: Charybdis
|-damage|p2a: Charybdis|0 fnt
|-damage|p1a: Genya|38/100|[from] item: Rocky Helmet|[of] p2a: Charybdis
|faint|p2a: Charybdis
|
|-heal|p1a: Genya|44/100|[from] item: Leftovers
|upkeep
|
|t:|1776212174
|switch|p2a: Mahad|Meowscarada, F, shiny|100/100
|-damage|p2a: Mahad|88/100|[from] Stealth Rock
|turn|12
|
|t:|1776212183
|move|p2a: Mahad|Knock Off|p1a: Genya
|-start|p2a: Mahad|typechange|Dark|[from] ability: Protean
|-supereffective|p1a: Genya
|-damage|p1a: Genya|0 fnt
|-enditem|p1a: Genya|Leftovers|[from] move: Knock Off|[of] p2a: Mahad
|faint|p1a: Genya
|-end|p1a: Genya|fallen1|[silent]
|
|upkeep
|
|t:|1776212194
|switch|p1a: Tapu Boomo|Rillaboom, M|100/100
|-fieldstart|move: Grassy Terrain|[from] ability: Grassy Surge|[of] p1a: Tapu Boomo
|turn|13
|
|t:|1776212201
|switch|p2a: Vulcanus|Heatran, M, shiny|100/100
|-damage|p2a: Vulcanus|88/100|[from] Stealth Rock
|move|p1a: Tapu Boomo|Grassy Glide|p2a: Vulcanus
|-resisted|p2a: Vulcanus
|-damage|p2a: Vulcanus|73/100
|
|-heal|p2a: Vulcanus|79/100|[from] Grassy Terrain
|upkeep
|turn|14
|
|t:|1776212217
|switch|p1a: Reaper|Samurott-Hisui, M, shiny|100/100
|move|p2a: Vulcanus|Overheat|p1a: Reaper
|-resisted|p1a: Reaper
|-damage|p1a: Reaper|27/100
|-unboost|p2a: Vulcanus|spa|2
|
|-heal|p2a: Vulcanus|85/100|[from] Grassy Terrain
|-heal|p1a: Reaper|33/100|[from] Grassy Terrain
|upkeep
|turn|15
|
|t:|1776212234
|move|p2a: Vulcanus|Overheat|p1a: Reaper
|-resisted|p1a: Reaper
|-damage|p1a: Reaper|0 fnt
|-unboost|p2a: Vulcanus|spa|2
|faint|p1a: Reaper
|
|-heal|p2a: Vulcanus|91/100|[from] Grassy Terrain
|upkeep
|
|t:|1776212243
|switch|p1a: Osama|Dragapult, M|100/100
|turn|16
|
|t:|1776212254
|switch|p2a: Barca|Great Tusk|11/100
|-damage|p2a: Barca|8/100|[from] Stealth Rock
|move|p1a: Osama|Shadow Ball|p2a: Barca
|-damage|p2a: Barca|0 fnt
|faint|p2a: Barca
|-end|p2a: Barca|Protosynthesis|[silent]
|-damage|p1a: Osama|91/100|[from] item: Life Orb
|
|-heal|p1a: Osama|97/100|[from] Grassy Terrain
|upkeep
|
|t:|1776212264
|switch|p2a: Mahad|Meowscarada, F, shiny|88/100
|-damage|p2a: Mahad|76/100|[from] Stealth Rock
|turn|17
|
|t:|1776212269
|move|p2a: Mahad|Knock Off|p1a: Osama
|-start|p2a: Mahad|typechange|Dark|[from] ability: Protean
|-supereffective|p1a: Osama
|-damage|p1a: Osama|0 fnt
|-enditem|p1a: Osama|Life Orb|[from] move: Knock Off|[of] p2a: Mahad
|faint|p1a: Osama
|
|-heal|p2a: Mahad|82/100|[from] Grassy Terrain
|-fieldend|move: Grassy Terrain
|upkeep
|
|t:|1776212281
|switch|p1a: Tapu Boomo|Rillaboom, M|100/100
|-fieldstart|move: Grassy Terrain|[from] ability: Grassy Surge|[of] p1a: Tapu Boomo
|turn|18
|
|t:|1776212286
|switch|p2a: Vulcanus|Heatran, M, shiny|91/100
|-damage|p2a: Vulcanus|79/100|[from] Stealth Rock
|move|p1a: Tapu Boomo|Knock Off|p2a: Vulcanus
|-damage|p2a: Vulcanus|25/100
|-enditem|p2a: Vulcanus|Choice Specs|[from] move: Knock Off|[of] p1a: Tapu Boomo
|
|-heal|p2a: Vulcanus|31/100|[from] Grassy Terrain
|upkeep
|turn|19
|
|t:|1776212304
|move|p2a: Vulcanus|Overheat|p1a: Tapu Boomo
|-supereffective|p1a: Tapu Boomo
|-damage|p1a: Tapu Boomo|0 fnt
|-unboost|p2a: Vulcanus|spa|2
|faint|p1a: Tapu Boomo
|
|-heal|p2a: Vulcanus|37/100|[from] Grassy Terrain
|upkeep
|
|t:|1776212312
|switch|p1a: Coffer|Gholdengo|100/100
|-item|p1a: Coffer|Air Balloon
|turn|20
|
|t:|1776212316
|move|p2a: Vulcanus|Overheat|p1a: Coffer
|-supereffective|p1a: Coffer
|-damage|p1a: Coffer|34/100
|-unboost|p2a: Vulcanus|spa|2
|-enditem|p1a: Coffer|Air Balloon
|move|p1a: Coffer|Shadow Ball|p2a: Vulcanus
|-damage|p2a: Vulcanus|5/100
|
|-heal|p2a: Vulcanus|11/100|[from] Grassy Terrain
|-heal|p1a: Coffer|40/100|[from] Grassy Terrain
|upkeep
|turn|21
|c|☆MegaDoesArt|Gg
|
|t:|1776212328
|move|p2a: Vulcanus|Overheat|p1a: Coffer
|-supereffective|p1a: Coffer
|-crit|p1a: Coffer
|-damage|p1a: Coffer|0 fnt
|-unboost|p2a: Vulcanus|spa|2
|faint|p1a: Coffer
|
|win|magistermilitum420
|raw|MegaDoesArt's rating: 1357 &rarr; <strong>1336</strong><br />(-21 for losing)
|raw|magistermilitum420's rating: 1336 &rarr; <strong>1357</strong><br />(+21 for winning)
