|html|<div class="broadcast-blue"><strong>[Gen 9] OU is currently suspecting Volcarona! For information on how to participate check out the <a href="https://www.smogon.com/tools/suspects/view/208">suspect thread</a>.</strong></div>
|j|☆swalex123
|j|☆MassholeFlatlander
|t:|1778498945
|gametype|singles
|player|p1|swalex123|chili|1164
|player|p2|MassholeFlatlander|n|1152
|gen|9
|tier|[Gen 9] OU
|rated|
|rule|HP Percentage Mod: HP is shown in percentages
|rule|Endless Battle Clause: Forcing endless battles is banned
|rule|Species Clause: Limit one of each Pokémon
|rule|OHKO Clause: OHKO moves are banned
|rule|Evasion Items Clause: Evasion items are banned
|rule|Evasion Moves Clause: Evasion moves are banned
|rule|Evasion Abilities Clause: Evasion abilities are banned
|rule|Sleep Moves Clause: Sleep-inducing moves are banned
|clearpoke
|poke|p1|Zapdos|
|poke|p1|Ogerpon-Wellspring, F|
|poke|p1|Garganacl, M|
|poke|p1|Iron Moth|
|poke|p1|Munkidori, M|
|poke|p1|Tinkaton, F|
|poke|p2|Avalugg, M|
|poke|p2|Basculegion-F, F|
|poke|p2|Wo-Chien|
|poke|p2|Minior-Blue|
|poke|p2|Poliwrath, M|
|poke|p2|Flamigo, F|
|teampreview
|
|t:|1778498958
|teamsize|p1|6
|teamsize|p2|6
|start
|switch|p1a: Garganacl|Garganacl, M, shiny|100/100
|switch|p2a: Flamigo|Flamigo, F|100/100
|turn|1
|
|t:|1778498965
|move|p2a: Flamigo|Close Combat|p1a: Garganacl
|-supereffective|p1a: Garganacl
|-damage|p1a: Garganacl|37/100
|-unboost|p2a: Flamigo|def|1
|-unboost|p2a: Flamigo|spd|1
|move|p1a: Garganacl|Salt Cure|p2a: Flamigo
|-damage|p2a: Flamigo|73/100
|-start|p2a: Flamigo|Salt Cure
|
|-heal|p1a: Garganacl|43/100|[from] item: Leftovers
|-damage|p2a: Flamigo|61/100|[from] Salt Cure
|upkeep
|turn|2
|
|t:|1778498977
|move|p2a: Flamigo|Close Combat|p1a: Garganacl
|-supereffective|p1a: Garganacl
|-damage|p1a: Garganacl|0 fnt
|-unboost|p2a: Flamigo|def|1
|-unboost|p2a: Flamigo|spd|1
|faint|p1a: Garganacl
|
|-damage|p2a: Flamigo|48/100|[from] Salt Cure
|upkeep
|
|t:|1778498988
|switch|p1a: Munkidori|Munkidori, M|100/100
|turn|3
|
|t:|1778498998
|switch|p2a: Basculegion|Basculegion-F, F|100/100
|move|p1a: Munkidori|U-turn|p2a: Basculegion
|-resisted|p2a: Basculegion
|-damage|p2a: Basculegion|93/100
|-status|p2a: Basculegion|tox|[from] ability: Toxic Chain|[of] p1a: Munkidori
|
|t:|1778499007
|switch|p1a: Tinkaton|Tinkaton, F, shiny|100/100|[from] U-turn
|
|-damage|p2a: Basculegion|87/100 tox|[from] psn
|upkeep
|turn|4
|
|t:|1778499014
|move|p1a: Tinkaton|Knock Off|p2a: Basculegion
|-supereffective|p2a: Basculegion
|-damage|p2a: Basculegion|32/100 tox
|-enditem|p2a: Basculegion|Assault Vest|[from] move: Knock Off|[of] p1a: Tinkaton
|move|p2a: Basculegion|Flip Turn|p1a: Tinkaton
|-damage|p1a: Tinkaton|70/100
|
|t:|1778499021
|switch|p2a: Minior|Minior-Blue, shiny|100/100|[from] Flip Turn
|-formechange|p2a: Minior|Minior-Meteor||[from] ability: Shields Down
|
|upkeep
|turn|5
|
|t:|1778499028
|move|p1a: Tinkaton|Gigaton Hammer|p2a: Minior
|-supereffective|p2a: Minior
|-damage|p2a: Minior|0 fnt
|faint|p2a: Minior
|
|upkeep
|
|t:|1778499034
|switch|p2a: Wo-Chien|Wo-Chien|100/100
|-ability|p2a: Wo-Chien|Tablets of Ruin
|turn|6
|
|t:|1778499039
|move|p1a: Tinkaton|Play Rough|p2a: Wo-Chien
|-supereffective|p2a: Wo-Chien
|-crit|p2a: Wo-Chien
|-damage|p2a: Wo-Chien|36/100
|move|p2a: Wo-Chien|Leech Seed|p1a: Tinkaton
|-start|p1a: Tinkaton|move: Leech Seed
|
|-heal|p2a: Wo-Chien|42/100|[from] item: Leftovers
|-damage|p1a: Tinkaton|57/100|[from] Leech Seed|[of] p2a: Wo-Chien
|-heal|p2a: Wo-Chien|53/100|[silent]
|upkeep
|turn|7
|
|t:|1778499050
|move|p2a: Wo-Chien|Protect|p2a: Wo-Chien
|-singleturn|p2a: Wo-Chien|Protect
|move|p1a: Tinkaton|Play Rough|p2a: Wo-Chien
|-activate|p2a: Wo-Chien|move: Protect
|
|-heal|p2a: Wo-Chien|59/100|[from] item: Leftovers
|-damage|p1a: Tinkaton|45/100|[from] Leech Seed|[of] p2a: Wo-Chien
|-heal|p2a: Wo-Chien|69/100|[silent]
|upkeep
|turn|8
|
|t:|1778499060
|move|p1a: Tinkaton|Play Rough|p2a: Wo-Chien
|-supereffective|p2a: Wo-Chien
|-damage|p2a: Wo-Chien|21/100
|move|p2a: Wo-Chien|Ruination|p1a: Tinkaton
|-damage|p1a: Tinkaton|23/100
|
|-heal|p2a: Wo-Chien|27/100|[from] item: Leftovers
|-damage|p1a: Tinkaton|11/100|[from] Leech Seed|[of] p2a: Wo-Chien
|-heal|p2a: Wo-Chien|37/100|[silent]
|upkeep
|turn|9
|
|t:|1778499071
|move|p2a: Wo-Chien|Protect|p2a: Wo-Chien
|-singleturn|p2a: Wo-Chien|Protect
|move|p1a: Tinkaton|Play Rough|p2a: Wo-Chien
|-activate|p2a: Wo-Chien|move: Protect
|
|-heal|p2a: Wo-Chien|43/100|[from] item: Leftovers
|-damage|p1a: Tinkaton|0 fnt|[from] Leech Seed|[of] p2a: Wo-Chien
|-heal|p2a: Wo-Chien|52/100|[silent]
|faint|p1a: Tinkaton
|upkeep
|
|t:|1778499082
|switch|p1a: Iron Moth|Iron Moth, shiny|100/100
|-enditem|p1a: Iron Moth|Booster Energy
|-activate|p1a: Iron Moth|ability: Quark Drive|[fromitem]
|-start|p1a: Iron Moth|quarkdrivespe
|turn|10
|
|t:|1778499088
|move|p2a: Wo-Chien|Protect|p2a: Wo-Chien
|-singleturn|p2a: Wo-Chien|Protect
|move|p1a: Iron Moth|Fiery Dance|p2a: Wo-Chien
|-activate|p2a: Wo-Chien|move: Protect
|
|-heal|p2a: Wo-Chien|58/100|[from] item: Leftovers
|upkeep
|turn|11
|
|t:|1778499096
|move|p1a: Iron Moth|Sludge Wave|p2a: Wo-Chien
|-supereffective|p2a: Wo-Chien
|-damage|p2a: Wo-Chien|7/100
|move|p2a: Wo-Chien|Stun Spore|p1a: Iron Moth
|-status|p1a: Iron Moth|par
|
|-heal|p2a: Wo-Chien|13/100|[from] item: Leftovers
|upkeep
|turn|12
|
|t:|1778499105
|move|p2a: Wo-Chien|Protect|p2a: Wo-Chien
|-singleturn|p2a: Wo-Chien|Protect
|move|p1a: Iron Moth|Fiery Dance|p2a: Wo-Chien
|-activate|p2a: Wo-Chien|move: Protect
|
|-heal|p2a: Wo-Chien|19/100|[from] item: Leftovers
|upkeep
|turn|13
|
|t:|1778499114
|move|p1a: Iron Moth|Fiery Dance|p2a: Wo-Chien
|-supereffective|p2a: Wo-Chien
|-damage|p2a: Wo-Chien|0 fnt
|faint|p2a: Wo-Chien
|
|upkeep
|
|t:|1778499122
|switch|p2a: Flamigo|Flamigo, F|48/100
|turn|14
|
|t:|1778499127
|move|p2a: Flamigo|Brave Bird|p1a: Iron Moth
|-damage|p1a: Iron Moth|3/100 par
|-damage|p2a: Flamigo|17/100|[from] Recoil
|move|p1a: Iron Moth|Sludge Wave|p2a: Flamigo
|-damage|p2a: Flamigo|0 fnt
|faint|p2a: Flamigo
|
|upkeep
|
|t:|1778499139
|switch|p2a: Basculegion|Basculegion-F, F|32/100 tox
|turn|15
|
|t:|1778499143
|move|p1a: Iron Moth|Energy Ball|p2a: Basculegion
|-supereffective|p2a: Basculegion
|-damage|p2a: Basculegion|0 fnt
|faint|p2a: Basculegion
|
|upkeep
|
|t:|1778499149
|switch|p2a: Yellow Snow|Avalugg, M, shiny|100/100
|turn|16
|
|t:|1778499154
|-terastallize|p2a: Yellow Snow|Ghost
|move|p1a: Iron Moth|Fiery Dance|p2a: Yellow Snow
|-damage|p2a: Yellow Snow|35/100
|-boost|p1a: Iron Moth|spa|1
|move|p2a: Yellow Snow|Body Press|p1a: Iron Moth
|-resisted|p1a: Iron Moth
|-damage|p1a: Iron Moth|0 fnt
|faint|p1a: Iron Moth
|-end|p1a: Iron Moth|Quark Drive|[silent]
|
|-heal|p2a: Yellow Snow|41/100|[from] item: Leftovers
|upkeep
|
|t:|1778499166
|switch|p1a: Zapdos|Zapdos, shiny|100/100
|turn|17
|
|t:|1778499173
|switch|p2a: Poliwrath|Poliwrath, M|100/100
|move|p1a: Zapdos|Heat Wave|p2a: Poliwrath
|-resisted|p2a: Poliwrath
|-damage|p2a: Poliwrath|87/100
|
|upkeep
|turn|18
|
|t:|1778499182
|move|p1a: Zapdos|Hurricane|p2a: Poliwrath|[miss]
|-miss|p1a: Zapdos|p2a: Poliwrath
|move|p2a: Poliwrath|Ice Punch|p1a: Zapdos
|-supereffective|p1a: Zapdos
|-crit|p1a: Zapdos
|-damage|p1a: Zapdos|24/100
|
|upkeep
|turn|19
|
|t:|1778499189
|move|p1a: Zapdos|Hurricane|p2a: Poliwrath
|-supereffective|p2a: Poliwrath
|-damage|p2a: Poliwrath|5/100
|move|p2a: Poliwrath|Ice Punch|p1a: Zapdos
|-supereffective|p1a: Zapdos
|-damage|p1a: Zapdos|0 fnt
|faint|p1a: Zapdos
|
|upkeep
|
|t:|1778499198
|switch|p1a: Ogerpon|Ogerpon-Wellspring, F|100/100
|turn|20
|
|t:|1778499202
|move|p1a: Ogerpon|Play Rough|p2a: Poliwrath
|-supereffective|p2a: Poliwrath
|-damage|p2a: Poliwrath|0 fnt
|faint|p2a: Poliwrath
|
|upkeep
|
|t:|1778499207
|switch|p2a: Yellow Snow|Avalugg, M, shiny, tera:Ghost|41/100
|turn|21
|
|t:|1778499211
|move|p1a: Ogerpon|Ivy Cudgel|p2a: Yellow Snow|[anim] Ivy Cudgel Water
|-damage|p2a: Yellow Snow|18/100
|move|p2a: Yellow Snow|Recover|p2a: Yellow Snow
|-heal|p2a: Yellow Snow|68/100
|
|-heal|p2a: Yellow Snow|74/100|[from] item: Leftovers
|upkeep
|turn|22
|
|t:|1778499221
|move|p1a: Ogerpon|Play Rough|p2a: Yellow Snow
|-damage|p2a: Yellow Snow|59/100
|move|p2a: Yellow Snow|Iron Defense|p2a: Yellow Snow
|-boost|p2a: Yellow Snow|def|2
|
|-heal|p2a: Yellow Snow|65/100|[from] item: Leftovers
|upkeep
|turn|23
|
|t:|1778499232
|switch|p1a: Munkidori|Munkidori, M|100/100
|move|p2a: Yellow Snow|Iron Defense|p2a: Yellow Snow
|-boost|p2a: Yellow Snow|def|2
|
|-heal|p2a: Yellow Snow|71/100|[from] item: Leftovers
|upkeep
|turn|24
|
|t:|1778499241
|move|p1a: Munkidori|Shadow Ball|p2a: Yellow Snow
|-supereffective|p2a: Yellow Snow
|-damage|p2a: Yellow Snow|0 fnt
|faint|p2a: Yellow Snow
|
|win|swalex123
|raw|swalex123's rating: 1164 &rarr; <strong>1188</strong><br />(+24 for winning)
|raw|MassholeFlatlander's rating: 1152 &rarr; <strong>1128</strong><br />(-24 for losing)
|l|☆MassholeFlatlander
|player|p2|
|l|☆swalex123
|player|p1|
