|html|<div class="broadcast-blue"><strong>[Gen 9] OU is currently suspecting Tera Blast! For information on how to participate check out the <a href="https://www.smogon.com/tools/suspects/view/200">suspect thread</a>.</strong></div>
|j|☆TomateKa
|j|☆let me sweeeeeeeep
|t:|1776107797
|gametype|singles
|player|p1|TomateKa|266|1149
|player|p2|let me sweeeeeeeep|lance|1129
|gen|9
|tier|[Gen 9] OU
|rated|
|rule|HP Percentage Mod: HP is shown in percentages
|rule|Endless Battle Clause: Forcing endless battles is banned
|rule|Species Clause: Limit one of each Pokémon
|rule|OHKO Clause: OHKO moves are banned
|rule|Evasion Items Clause: Evasion items are banned
|rule|Evasion Moves Clause: Evasion moves are banned
|rule|Evasion Abilities Clause: Evasion abilities are banned
|rule|Sleep Moves Clause: Sleep-inducing moves are banned
|clearpoke
|poke|p1|Skarmory, M|
|poke|p1|Glimmora, M|
|poke|p1|Clodsire, M|
|poke|p1|Garganacl, F|
|poke|p1|Hippowdon, F|
|poke|p1|Dusclops, F|
|poke|p2|Suicune|
|poke|p2|Dragonite, F|
|poke|p2|Cinderace, M|
|poke|p2|Zamazenta-*|
|poke|p2|Latias, F|
|poke|p2|Dragapult, M|
|teampreview
|inactive|Battle timer is ON: inactive players will automatically lose when time's up. (requested by let me sweeeeeeeep)
|
|t:|1776107808
|teamsize|p1|6
|teamsize|p2|6
|start
|switch|p1a: Skarmory|Skarmory, M|100/100
|switch|p2a: Dragapult|Dragapult, M|100/100
|turn|1
|
|t:|1776107834
|switch|p2a: Suicune|Suicune, shiny|100/100
|-ability|p2a: Suicune|Pressure
|move|p1a: Skarmory|Spikes|p2a: Suicune
|-sidestart|p2: let me sweeeeeeeep|Spikes
|
|upkeep
|turn|2
|inactive|TomateKa has 120 seconds left.
|
|t:|1776107857
|move|p2a: Suicune|Calm Mind|p2a: Suicune
|-boost|p2a: Suicune|spa|1
|-boost|p2a: Suicune|spd|1
|move|p1a: Skarmory|Spikes|p2a: Suicune
|-sidestart|p2: let me sweeeeeeeep|Spikes
|
|upkeep
|turn|3
|inactive|TomateKa has 120 seconds left.
|
|t:|1776107864
|move|p2a: Suicune|Scald|p1a: Skarmory
|-damage|p1a: Skarmory|46/100
|-status|p1a: Skarmory|brn
|move|p1a: Skarmory|Whirlwind|p2a: Suicune
|drag|p2a: Dragapult|Dragapult, M|100/100
|-damage|p2a: Dragapult|84/100|[from] Spikes
|
|-damage|p1a: Skarmory|40/100 brn|[from] brn
|upkeep
|turn|4
|inactive|TomateKa has 120 seconds left.
|
|t:|1776107886
|move|p2a: Dragapult|U-turn|p1a: Skarmory
|-resisted|p1a: Skarmory
|-damage|p1a: Skarmory|34/100 brn
|-damage|p2a: Dragapult|68/100|[from] item: Rocky Helmet|[of] p1a: Skarmory
|
|t:|1776107888
|switch|p2a: Cinderace|Cinderace, M|100/100|[from] U-turn
|-damage|p2a: Cinderace|84/100|[from] Spikes
|move|p1a: Skarmory|Spikes|p2a: Cinderace
|-sidestart|p2: let me sweeeeeeeep|Spikes
|
|-damage|p1a: Skarmory|28/100 brn|[from] brn
|upkeep
|turn|5
|inactive|TomateKa has 120 seconds left.
|inactive|TomateKa has 90 seconds left.
|
|t:|1776107924
|switch|p1a: Garganacl|Garganacl, F|100/100
|move|p2a: Cinderace|Pyro Ball|p1a: Garganacl
|-resisted|p1a: Garganacl
|-damage|p1a: Garganacl|85/100
|
|-heal|p1a: Garganacl|92/100|[from] item: Leftovers
|upkeep
|turn|6
|inactive|TomateKa has 90 seconds left.
|inactive|let me sweeeeeeeep has 120 seconds left.
|inactive|let me sweeeeeeeep has 90 seconds left.
|
|t:|1776107991
|move|p2a: Cinderace|High Jump Kick|p1a: Garganacl
|-start|p2a: Cinderace|typechange|Fighting|[from] ability: Libero
|-supereffective|p1a: Garganacl
|-damage|p1a: Garganacl|30/100
|move|p1a: Garganacl|Salt Cure|p2a: Cinderace
|-resisted|p2a: Cinderace
|-damage|p2a: Cinderace|75/100
|-start|p2a: Cinderace|Salt Cure
|
|-heal|p1a: Garganacl|36/100|[from] item: Leftovers
|-damage|p2a: Cinderace|62/100|[from] Salt Cure
|upkeep
|turn|7
|inactive|TomateKa has 90 seconds left.
|inactive|TomateKa has 60 seconds left.
|
|t:|1776108038
|move|p1a: Garganacl|Protect|p1a: Garganacl
|-singleturn|p1a: Garganacl|Protect
|move|p2a: Cinderace|Court Change|p2a: Cinderace
|-swapsideconditions
|-activate|p2a: Cinderace|move: Court Change
|
|-heal|p1a: Garganacl|43/100|[from] item: Leftovers
|-damage|p2a: Cinderace|50/100|[from] Salt Cure
|upkeep
|turn|8
|inactive|TomateKa has 60 seconds left.
|
|t:|1776108054
|switch|p1a: Hippowdon|Hippowdon, F|100/100
|-damage|p1a: Hippowdon|75/100|[from] Spikes
|-weather|Sandstorm|[from] ability: Sand Stream|[of] p1a: Hippowdon
|move|p2a: Cinderace|High Jump Kick|p1a: Hippowdon
|-damage|p1a: Hippowdon|44/100
|-damage|p2a: Cinderace|33/100|[from] item: Rocky Helmet|[of] p1a: Hippowdon
|
|-weather|Sandstorm|[upkeep]
|-damage|p2a: Cinderace|27/100|[from] Sandstorm
|-damage|p2a: Cinderace|15/100|[from] Salt Cure
|upkeep
|turn|9
|
|t:|1776108068
|switch|p2a: Suicune|Suicune, shiny|100/100
|-ability|p2a: Suicune|Pressure
|move|p1a: Hippowdon|Slack Off|p1a: Hippowdon
|-heal|p1a: Hippowdon|94/100
|
|-weather|Sandstorm|[upkeep]
|-damage|p2a: Suicune|94/100|[from] Sandstorm
|-heal|p2a: Suicune|100/100|[from] item: Leftovers
|upkeep
|turn|10
|inactive|TomateKa has 30 seconds left.
|
|t:|1776108101
|switch|p1a: Clodsire|Clodsire, M|100/100
|-damage|p1a: Clodsire|75/100|[from] Spikes
|move|p2a: Suicune|Calm Mind|p2a: Suicune
|-boost|p2a: Suicune|spa|1
|-boost|p2a: Suicune|spd|1
|
|-weather|Sandstorm|[upkeep]
|-damage|p2a: Suicune|94/100|[from] Sandstorm
|-heal|p2a: Suicune|100/100|[from] item: Leftovers
|-heal|p1a: Clodsire|82/100|[from] item: Black Sludge
|upkeep
|turn|11
|inactive|TomateKa has 30 seconds left.
|inactive|TomateKa has 20 seconds left.
|inactive|let me sweeeeeeeep has 90 seconds left.
|
|t:|1776108149
|move|p2a: Suicune|Calm Mind|p2a: Suicune
|-boost|p2a: Suicune|spa|1
|-boost|p2a: Suicune|spd|1
|move|p1a: Clodsire|Recover|p1a: Clodsire
|-heal|p1a: Clodsire|100/100
|
|-weather|Sandstorm|[upkeep]
|-damage|p2a: Suicune|94/100|[from] Sandstorm
|-heal|p2a: Suicune|100/100|[from] item: Leftovers
|upkeep
|turn|12
|inactive|TomateKa has 30 seconds left this turn.
|
|t:|1776108158
|move|p2a: Suicune|Calm Mind|p2a: Suicune
|-boost|p2a: Suicune|spa|1
|-boost|p2a: Suicune|spd|1
|move|p1a: Clodsire|Toxic|p2a: Suicune
|-status|p2a: Suicune|tox
|
|-weather|none
|-damage|p2a: Suicune|94/100 tox|[from] psn
|upkeep
|turn|13
|inactive|TomateKa has 30 seconds left.
|inactive|let me sweeeeeeeep has 90 seconds left.
|inactive|TomateKa has 20 seconds left.
|inactive|TomateKa has 15 seconds left.
|
|t:|1776108191
|move|p2a: Suicune|Scald|p1a: Clodsire
|-immune|p1a: Clodsire|[from] ability: Water Absorb
|move|p1a: Clodsire|Earthquake|p2a: Suicune
|-damage|p2a: Suicune|79/100 tox
|
|-heal|p2a: Suicune|85/100 tox|[from] item: Leftovers
|-damage|p2a: Suicune|73/100 tox|[from] psn
|upkeep
|turn|14
|inactive|TomateKa has 25 seconds left this turn.
|inactive|TomateKa has 20 seconds left.
|inactive|TomateKa has 15 seconds left.
|inactive|TomateKa has 10 seconds left.
|inactive|TomateKa has 5 seconds left.
|
|t:|1776108215
|move|p2a: Suicune|Calm Mind|p2a: Suicune
|-boost|p2a: Suicune|spa|1
|-boost|p2a: Suicune|spd|1
|move|p1a: Clodsire|Earthquake|p2a: Suicune
|-damage|p2a: Suicune|58/100 tox
|
|-heal|p2a: Suicune|64/100 tox|[from] item: Leftovers
|-damage|p2a: Suicune|45/100 tox|[from] psn
|upkeep
|turn|15
|inactive|TomateKa has 15 seconds left this turn.
|inactive|TomateKa has 10 seconds left.
|inactive|let me sweeeeeeeep has 60 seconds left.
|
|t:|1776108249
|move|p2a: Suicune|Rest|p2a: Suicune
|-status|p2a: Suicune|slp|[from] move: Rest
|-heal|p2a: Suicune|100/100 slp|[silent]
|move|p1a: Clodsire|Earthquake|p2a: Suicune
|-damage|p2a: Suicune|86/100 slp
|
|-heal|p2a: Suicune|92/100 slp|[from] item: Leftovers
|upkeep
|turn|16
|inactive|TomateKa has 20 seconds left this turn.
|inactive|TomateKa has 15 seconds left.
|inactive|TomateKa has 10 seconds left.
|inactive|TomateKa has 5 seconds left.
|
|t:|1776108268
|cant|p2a: Suicune|slp
|move|p2a: Suicune|Sleep Talk|p2a: Suicune
|move|p2a: Suicune|Scald|p1a: Clodsire|[from] move: Sleep Talk
|-immune|p1a: Clodsire|[from] ability: Water Absorb
|move|p1a: Clodsire|Earthquake|p2a: Suicune
|-damage|p2a: Suicune|78/100 slp
|
|-heal|p2a: Suicune|84/100 slp|[from] item: Leftovers
|upkeep
|turn|17
|inactive|TomateKa has 15 seconds left this turn.
|inactive|TomateKa has 10 seconds left.
|
|t:|1776108278
|cant|p2a: Suicune|slp
|move|p2a: Suicune|Sleep Talk|p2a: Suicune
|move|p2a: Suicune|Scald|p1a: Clodsire|[from] move: Sleep Talk
|-immune|p1a: Clodsire|[from] ability: Water Absorb
|move|p1a: Clodsire|Earthquake|p2a: Suicune
|-damage|p2a: Suicune|68/100 slp
|
|-heal|p2a: Suicune|74/100 slp|[from] item: Leftovers
|upkeep
|turn|18
|inactive|TomateKa has 20 seconds left this turn.
|inactive|TomateKa has 15 seconds left.
|inactive|TomateKa has 10 seconds left.
|
|t:|1776108288
|-curestatus|p2a: Suicune|slp|[msg]
|move|p2a: Suicune|Calm Mind|p2a: Suicune
|-boost|p2a: Suicune|spa|1
|-boost|p2a: Suicune|spd|1
|move|p1a: Clodsire|Earthquake|p2a: Suicune
|-damage|p2a: Suicune|60/100
|
|-heal|p2a: Suicune|66/100|[from] item: Leftovers
|upkeep
|turn|19
|inactive|TomateKa has 20 seconds left this turn.
|inactive|TomateKa has 15 seconds left.
|
|t:|1776108297
|move|p2a: Suicune|Calm Mind|p2a: Suicune
|-boost|p2a: Suicune|spa|1
|-boost|p2a: Suicune|spd|1
|move|p1a: Clodsire|Toxic|p2a: Suicune
|-status|p2a: Suicune|tox
|
|-heal|p2a: Suicune|72/100 tox|[from] item: Leftovers
|-damage|p2a: Suicune|66/100 tox|[from] psn
|upkeep
|turn|20
|inactive|TomateKa has 25 seconds left this turn.
|inactive|TomateKa has 20 seconds left.
|
|t:|1776108306
|move|p2a: Suicune|Rest|p2a: Suicune
|-status|p2a: Suicune|slp|[from] move: Rest
|-heal|p2a: Suicune|100/100 slp|[silent]
|move|p1a: Clodsire|Earthquake|p2a: Suicune
|-damage|p2a: Suicune|84/100 slp
|
|-heal|p2a: Suicune|90/100 slp|[from] item: Leftovers
|upkeep
|turn|21
|inactive|TomateKa has 30 seconds left this turn.
|
|t:|1776108314
|cant|p2a: Suicune|slp
|move|p2a: Suicune|Sleep Talk|p2a: Suicune
|move|p2a: Suicune|Rest||[from] move: Sleep Talk|[still]
|-fail|p2a: Suicune
|move|p1a: Clodsire|Earthquake|p2a: Suicune
|-damage|p2a: Suicune|75/100 slp
|
|-heal|p2a: Suicune|81/100 slp|[from] item: Leftovers
|upkeep
|turn|22
|inactive|TomateKa has 30 seconds left.
|inactive|TomateKa has 20 seconds left.
|inactive|TomateKa has 15 seconds left.
|inactive|TomateKa has 10 seconds left.
|
|t:|1776108340
|cant|p2a: Suicune|slp
|move|p2a: Suicune|Sleep Talk|p2a: Suicune
|move|p2a: Suicune|Rest||[from] move: Sleep Talk|[still]
|-fail|p2a: Suicune
|move|p1a: Clodsire|Spikes|p2a: Suicune
|-sidestart|p2: let me sweeeeeeeep|Spikes
|
|-heal|p2a: Suicune|88/100 slp|[from] item: Leftovers
|upkeep
|turn|23
|inactive|TomateKa has 20 seconds left this turn.
|inactive|TomateKa has 15 seconds left.
|inactive|TomateKa has 10 seconds left.
|inactive|TomateKa has 5 seconds left.
|
|t:|1776108355
|-curestatus|p2a: Suicune|slp|[msg]
|move|p2a: Suicune|Calm Mind|p2a: Suicune
|-boost|p2a: Suicune|spa|0
|-boost|p2a: Suicune|spd|0
|move|p1a: Clodsire|Spikes|p2a: Suicune
|-sidestart|p2: let me sweeeeeeeep|Spikes
|
|-heal|p2a: Suicune|94/100|[from] item: Leftovers
|upkeep
|turn|24
|inactive|TomateKa has 15 seconds left this turn.
|inactive|TomateKa has 10 seconds left.
|inactive|TomateKa has 5 seconds left.
|
|t:|1776108367
|move|p2a: Suicune|Calm Mind|p2a: Suicune
|-boost|p2a: Suicune|spa|0
|-boost|p2a: Suicune|spd|0
|move|p1a: Clodsire|Spikes|p2a: Suicune
|-sidestart|p2: let me sweeeeeeeep|Spikes
|
|-heal|p2a: Suicune|99/100|[from] item: Leftovers
|upkeep
|turn|25
|inactive|TomateKa has 15 seconds left this turn.
|inactive|TomateKa has 10 seconds left.
|inactive|TomateKa has 5 seconds left.
|
|t:|1776108377
|move|p2a: Suicune|Calm Mind|p2a: Suicune
|-boost|p2a: Suicune|spa|0
|-boost|p2a: Suicune|spd|0
|move|p1a: Clodsire|Toxic|p2a: Suicune
|-status|p2a: Suicune|tox
|
|-heal|p2a: Suicune|100/100 tox|[from] item: Leftovers
|-damage|p2a: Suicune|94/100 tox|[from] psn
|upkeep
|turn|26
|inactive|TomateKa has 15 seconds left this turn.
|inactive|TomateKa has 10 seconds left.
|inactive|TomateKa has 5 seconds left.
|-message|TomateKa lost due to inactivity.
|
|win|let me sweeeeeeeep
|raw|TomateKa's rating: 1149 &rarr; <strong>1123</strong><br />(-26 for losing)
|raw|let me sweeeeeeeep's rating: 1129 &rarr; <strong>1155</strong><br />(+26 for winning)
