|html|<div class="broadcast-blue"><strong>[Gen 9] OU is currently suspecting Tera Blast! For information on how to participate check out the <a href="https://www.smogon.com/tools/suspects/view/200">suspect thread</a>.</strong></div>
|j|☆Blastoise_Choice
|j|☆goodnightnite
|t:|1776096993
|gametype|singles
|player|p1|Blastoise_Choice|benga|1748
|player|p2|goodnightnite|cynthia-masters|1728
|gen|9
|tier|[Gen 9] OU
|rated|
|rule|HP Percentage Mod: HP is shown in percentages
|rule|Endless Battle Clause: Forcing endless battles is banned
|rule|Species Clause: Limit one of each Pokémon
|rule|OHKO Clause: OHKO moves are banned
|rule|Evasion Items Clause: Evasion items are banned
|rule|Evasion Moves Clause: Evasion moves are banned
|rule|Evasion Abilities Clause: Evasion abilities are banned
|rule|Sleep Moves Clause: Sleep-inducing moves are banned
|clearpoke
|poke|p1|Garganacl, M|
|poke|p1|Darkrai|
|poke|p1|Great Tusk|
|poke|p1|Hatterene, F|
|poke|p1|Tornadus-Therian, M|
|poke|p1|Dragonite, M|
|poke|p2|Pelipper, M|
|poke|p2|Raging Bolt|
|poke|p2|Overqwil, F|
|poke|p2|Barraskewda, M|
|poke|p2|Iron Treads|
|poke|p2|Kingambit, M|
|teampreview
|inactive|Battle timer is ON: inactive players will automatically lose when time's up. (requested by goodnightnite)
|c|☆Blastoise_Choice|hf
|inactive|Blastoise_Choice also wants the timer to be on.
|inactive|goodnightnite has 120 seconds left.
|
|t:|1776097025
|teamsize|p1|6
|teamsize|p2|6
|start
|switch|p1a: Darkrai|Darkrai|100/100
|switch|p2a: Pelipper|Pelipper, M|100/100
|-weather|RainDance|[from] ability: Drizzle|[of] p2a: Pelipper
|turn|1
|
|t:|1776097031
|move|p1a: Darkrai|Focus Blast|p2a: Pelipper
|-resisted|p2a: Pelipper
|-damage|p2a: Pelipper|52/100
|move|p2a: Pelipper|U-turn|p1a: Darkrai
|-supereffective|p1a: Darkrai
|-damage|p1a: Darkrai|77/100
|
|t:|1776097040
|switch|p2a: Barraskewda|Barraskewda, M|100/100|[from] U-turn
|
|-weather|RainDance|[upkeep]
|upkeep
|turn|2
|
|t:|1776097046
|switch|p1a: Dragonite|Dragonite, M|100/100
|move|p2a: Barraskewda|Liquidation|p1a: Dragonite
|-resisted|p1a: Dragonite
|-damage|p1a: Dragonite|74/100
|
|-weather|RainDance|[upkeep]
|upkeep
|turn|3
|
|t:|1776097054
|-terastallize|p2a: Barraskewda|Water
|move|p2a: Barraskewda|Liquidation|p1a: Dragonite
|-resisted|p1a: Dragonite
|-damage|p1a: Dragonite|6/100
|move|p1a: Dragonite|Earthquake|p2a: Barraskewda
|-damage|p2a: Barraskewda|24/100
|
|-weather|RainDance|[upkeep]
|upkeep
|turn|4
|
|t:|1776097064
|switch|p2a: Iron Treads|Iron Treads|100/100
|-enditem|p2a: Iron Treads|Booster Energy
|-activate|p2a: Iron Treads|ability: Quark Drive|[fromitem]
|-start|p2a: Iron Treads|quarkdrivespe
|move|p1a: Dragonite|Extreme Speed|p2a: Iron Treads
|-resisted|p2a: Iron Treads
|-damage|p2a: Iron Treads|83/100
|
|-weather|RainDance|[upkeep]
|upkeep
|turn|5
|
|t:|1776097073
|move|p2a: Iron Treads|Stealth Rock|p1a: Dragonite
|-sidestart|p1: Blastoise_Choice|move: Stealth Rock
|move|p1a: Dragonite|Earthquake|p2a: Iron Treads
|-supereffective|p2a: Iron Treads
|-damage|p2a: Iron Treads|11/100
|
|-weather|RainDance|[upkeep]
|upkeep
|turn|6
|
|t:|1776097080
|move|p1a: Dragonite|Extreme Speed|p2a: Iron Treads
|-resisted|p2a: Iron Treads
|-damage|p2a: Iron Treads|0 fnt
|faint|p2a: Iron Treads
|-end|p2a: Iron Treads|Quark Drive|[silent]
|
|-weather|RainDance|[upkeep]
|upkeep
|j| Eliv Thade
|
|t:|1776097085
|switch|p2a: Overqwil|Overqwil, F|100/100
|turn|7
|
|t:|1776097091
|move|p1a: Dragonite|Extreme Speed|p2a: Overqwil
|-damage|p2a: Overqwil|57/100
|move|p2a: Overqwil|Liquidation|p1a: Dragonite
|-resisted|p1a: Dragonite
|-damage|p1a: Dragonite|0 fnt
|faint|p1a: Dragonite
|-damage|p2a: Overqwil|48/100|[from] item: Life Orb
|
|-weather|RainDance|[upkeep]
|upkeep
|j| foobar crusader
|l| foobar crusader
|
|t:|1776097100
|switch|p1a: Great Tusk|Great Tusk|100/100
|-damage|p1a: Great Tusk|98/100|[from] Stealth Rock
|-enditem|p1a: Great Tusk|Booster Energy
|-activate|p1a: Great Tusk|ability: Protosynthesis|[fromitem]
|-start|p1a: Great Tusk|protosynthesisatk
|turn|8
|
|t:|1776097106
|move|p2a: Overqwil|Liquidation|p1a: Great Tusk
|-supereffective|p1a: Great Tusk
|-damage|p1a: Great Tusk|15/100
|-damage|p2a: Overqwil|38/100|[from] item: Life Orb
|move|p1a: Great Tusk|Rapid Spin|p2a: Overqwil
|-damage|p2a: Overqwil|14/100
|-boost|p1a: Great Tusk|spe|1
|-sideend|p1: Blastoise_Choice|Stealth Rock|[from] move: Rapid Spin|[of] p1a: Great Tusk
|
|-weather|none
|upkeep
|turn|9
|j| ahjskahskjah
|
|t:|1776097114
|-end|p1a: Great Tusk|Protosynthesis|[silent]
|switch|p1a: Garganacl|Garganacl, M|100/100
|switch|p2a: Pelipper|Pelipper, M|52/100
|-weather|RainDance|[from] ability: Drizzle|[of] p2a: Pelipper
|
|-weather|RainDance|[upkeep]
|upkeep
|turn|10
|
|t:|1776097121
|move|p2a: Pelipper|U-turn|p1a: Garganacl
|-damage|p1a: Garganacl|94/100
|
|t:|1776097124
|switch|p2a: Overqwil|Overqwil, F|14/100|[from] U-turn
|move|p1a: Garganacl|Salt Cure|p2a: Overqwil
|-damage|p2a: Overqwil|0 fnt
|faint|p2a: Overqwil
|
|-weather|RainDance|[upkeep]
|-heal|p1a: Garganacl|99/100|[from] item: Leftovers
|upkeep
|j| ArtistsRendition
|
|t:|1776097128
|switch|p2a: Barraskewda|Barraskewda, M, tera:Water|24/100
|turn|11
|
|t:|1776097134
|-terastallize|p1a: Garganacl|Water
|move|p2a: Barraskewda|Liquidation|p1a: Garganacl
|-resisted|p1a: Garganacl
|-damage|p1a: Garganacl|55/100
|move|p1a: Garganacl|Salt Cure|p2a: Barraskewda
|-damage|p2a: Barraskewda|0 fnt
|faint|p2a: Barraskewda
|
|-weather|RainDance|[upkeep]
|-heal|p1a: Garganacl|62/100|[from] item: Leftovers
|upkeep
|
|t:|1776097140
|switch|p2a: Raging Bolt|Raging Bolt|100/100
|-enditem|p2a: Raging Bolt|Booster Energy
|-activate|p2a: Raging Bolt|ability: Protosynthesis|[fromitem]
|-start|p2a: Raging Bolt|protosynthesisspa
|turn|12
|
|t:|1776097148
|switch|p1a: Great Tusk|Great Tusk|15/100
|move|p2a: Raging Bolt|Thunder|p1a: Great Tusk
|-immune|p1a: Great Tusk
|
|-weather|RainDance|[upkeep]
|upkeep
|turn|13
|
|t:|1776097154
|-end|p2a: Raging Bolt|Protosynthesis|[silent]
|switch|p2a: Pelipper|Pelipper, M|52/100
|move|p1a: Great Tusk|Headlong Rush|p2a: Pelipper
|-immune|p2a: Pelipper
|
|-weather|RainDance|[upkeep]
|upkeep
|turn|14
|
|t:|1776097161
|-end|p1a: Great Tusk|Protosynthesis|[silent]
|switch|p1a: Garganacl|Garganacl, M, tera:Water|62/100
|move|p2a: Pelipper|U-turn|p1a: Garganacl
|-damage|p1a: Garganacl|55/100
|
|t:|1776097170
|switch|p2a: Raging Bolt|Raging Bolt|100/100|[from] U-turn
|
|-weather|RainDance|[upkeep]
|-heal|p1a: Garganacl|61/100|[from] item: Leftovers
|upkeep
|turn|15
|
|t:|1776097176
|move|p1a: Garganacl|Protect|p1a: Garganacl
|-singleturn|p1a: Garganacl|Protect
|move|p2a: Raging Bolt|Thunder|p1a: Garganacl
|-activate|p1a: Garganacl|move: Protect
|
|-weather|RainDance|[upkeep]
|-heal|p1a: Garganacl|68/100|[from] item: Leftovers
|upkeep
|turn|16
|
|t:|1776097182
|switch|p1a: Great Tusk|Great Tusk|15/100
|move|p2a: Raging Bolt|Weather Ball|p1a: Great Tusk
|-supereffective|p1a: Great Tusk
|-damage|p1a: Great Tusk|0 fnt
|faint|p1a: Great Tusk
|-end|p1a: Great Tusk|Protosynthesis|[silent]
|
|-weather|none
|upkeep
|
|t:|1776097189
|switch|p1a: Hatterene|Hatterene, F|100/100
|turn|17
|
|t:|1776097195
|-end|p2a: Raging Bolt|Protosynthesis|[silent]
|switch|p2a: Pelipper|Pelipper, M|52/100
|-weather|RainDance|[from] ability: Drizzle|[of] p2a: Pelipper
|move|p1a: Hatterene|Dazzling Gleam|p2a: Pelipper
|-damage|p2a: Pelipper|0 fnt
|faint|p2a: Pelipper
|
|-weather|RainDance|[upkeep]
|upkeep
|
|t:|1776097200
|switch|p2a: Kingambit|Kingambit, M|100/100
|-activate|p2a: Kingambit|ability: Supreme Overlord
|-start|p2a: Kingambit|fallen4|[silent]
|turn|18
|
|t:|1776097206
|switch|p1a: Garganacl|Garganacl, M, tera:Water|68/100
|move|p2a: Kingambit|Swords Dance|p2a: Kingambit
|-boost|p2a: Kingambit|atk|2
|
|-weather|RainDance|[upkeep]
|-heal|p1a: Garganacl|74/100|[from] item: Leftovers
|upkeep
|turn|19
|
|t:|1776097213
|move|p2a: Kingambit|Kowtow Cleave|p1a: Garganacl
|-damage|p1a: Garganacl|0 fnt
|faint|p1a: Garganacl
|
|-weather|RainDance|[upkeep]
|upkeep
|
|t:|1776097221
|switch|p1a: Darkrai|Darkrai|77/100
|turn|20
|
|t:|1776097227
|-end|p2a: Kingambit|fallen4|[silent]
|switch|p2a: Raging Bolt|Raging Bolt|100/100
|move|p1a: Darkrai|Focus Blast|p2a: Raging Bolt|[miss]
|-miss|p1a: Darkrai|p2a: Raging Bolt
|
|-weather|RainDance|[upkeep]
|upkeep
|turn|21
|
|t:|1776097233
|switch|p1a: Tornadus|Tornadus-Therian, M, shiny|100/100
|move|p2a: Raging Bolt|Thunder|p1a: Tornadus
|-supereffective|p1a: Tornadus
|-damage|p1a: Tornadus|7/100
|
|-weather|RainDance|[upkeep]
|upkeep
|turn|22
|
|t:|1776097240
|move|p2a: Raging Bolt|Thunderclap|p1a: Tornadus
|-supereffective|p1a: Tornadus
|-damage|p1a: Tornadus|0 fnt
|faint|p1a: Tornadus
|
|-weather|RainDance|[upkeep]
|upkeep
|
|t:|1776097244
|switch|p1a: Hatterene|Hatterene, F|100/100
|turn|23
|
|t:|1776097248
|move|p2a: Raging Bolt|Thunder|p1a: Hatterene
|-damage|p1a: Hatterene|32/100
|move|p1a: Hatterene|Pain Split|p2a: Raging Bolt
|-sethp|p2a: Raging Bolt|62/100|[from] move: Pain Split|[silent]
|-sethp|p1a: Hatterene|83/100|[from] move: Pain Split
|
|-weather|RainDance|[upkeep]
|upkeep
|turn|24
|
|t:|1776097252
|move|p2a: Raging Bolt|Thunder|p1a: Hatterene
|-damage|p1a: Hatterene|15/100
|-status|p1a: Hatterene|par
|move|p1a: Hatterene|Dazzling Gleam|p2a: Raging Bolt
|-supereffective|p2a: Raging Bolt
|-damage|p2a: Raging Bolt|0 fnt
|faint|p2a: Raging Bolt
|-end|p2a: Raging Bolt|Protosynthesis|[silent]
|
|-weather|none
|upkeep
|
|t:|1776097259
|switch|p2a: Kingambit|Kingambit, M|100/100
|-activate|p2a: Kingambit|ability: Supreme Overlord
|-start|p2a: Kingambit|fallen5|[silent]
|turn|25
|
|t:|1776097265
|move|p2a: Kingambit|Swords Dance|p2a: Kingambit
|-boost|p2a: Kingambit|atk|2
|cant|p1a: Hatterene|par
|
|upkeep
|turn|26
|
|t:|1776097271
|switch|p1a: Darkrai|Darkrai|77/100
|move|p2a: Kingambit|Swords Dance|p2a: Kingambit
|-boost|p2a: Kingambit|atk|2
|
|upkeep
|turn|27
|
|t:|1776097276
|move|p2a: Kingambit|Sucker Punch|p1a: Darkrai
|-resisted|p1a: Darkrai
|-damage|p1a: Darkrai|0 fnt
|faint|p1a: Darkrai
|
|upkeep
|l| ArtistsRendition
|
|t:|1776097281
|switch|p1a: Hatterene|Hatterene, F|15/100 par
|turn|28
|
|t:|1776097286
|move|p2a: Kingambit|Kowtow Cleave|p1a: Hatterene
|-damage|p1a: Hatterene|0 fnt
|-damage|p2a: Kingambit|84/100|[from] item: Rocky Helmet|[of] p1a: Hatterene
|faint|p1a: Hatterene
|
|win|goodnightnite
|raw|Blastoise_Choice's rating: 1748 &rarr; <strong>1727</strong><br />(-21 for losing)
|raw|goodnightnite's rating: 1728 &rarr; <strong>1749</strong><br />(+21 for winning)
|c|☆Blastoise_Choice|gg
|c|☆goodnightnite|gg
|l| Eliv Thade
|l| ahjskahskjah
|l|☆goodnightnite
|player|p2|
