|html|<div class="broadcast-blue"><strong>[Gen 9] OU is currently suspecting Tera Blast! For information on how to participate check out the <a href="https://www.smogon.com/tools/suspects/view/200">suspect thread</a>.</strong></div>
|j|☆AbsolutNOOB1.2
|j|☆cards123
|t:|1776165642
|gametype|singles
|player|p1|AbsolutNOOB1.2|266|1121
|player|p2|cards123|170|1141
|gen|9
|tier|[Gen 9] OU
|rated|
|rule|HP Percentage Mod: HP is shown in percentages
|rule|Endless Battle Clause: Forcing endless battles is banned
|rule|Species Clause: Limit one of each Pokémon
|rule|OHKO Clause: OHKO moves are banned
|rule|Evasion Items Clause: Evasion items are banned
|rule|Evasion Moves Clause: Evasion moves are banned
|rule|Evasion Abilities Clause: Evasion abilities are banned
|rule|Sleep Moves Clause: Sleep-inducing moves are banned
|clearpoke
|poke|p1|Great Tusk|
|poke|p1|Brute Bonnet|
|poke|p1|Walking Wake|
|poke|p1|Torkoal, F|
|poke|p1|Raging Bolt|
|poke|p1|Alomomola, F|
|poke|p2|Dragapult, M|
|poke|p2|Slowking-Galar, M|
|poke|p2|Cinderace, F|
|poke|p2|Landorus-Therian, M|
|poke|p2|Kingambit, F|
|poke|p2|Dragonite, F|
|teampreview
|inactive|Battle timer is ON: inactive players will automatically lose when time's up. (requested by AbsolutNOOB1.2)
|
|t:|1776165660
|teamsize|p1|6
|teamsize|p2|6
|start
|switch|p1a: Sunny|Torkoal, F|100/100
|switch|p2a: Dragonite|Dragonite, F|100/100
|-weather|SunnyDay|[from] ability: Drought|[of] p1a: Sunny
|turn|1
|
|t:|1776165673
|-terastallize|p2a: Dragonite|Ground
|move|p2a: Dragonite|Earthquake|p1a: Sunny
|-supereffective|p1a: Sunny
|-damage|p1a: Sunny|34/100
|move|p1a: Sunny|Stealth Rock|p2a: Dragonite
|-sidestart|p2: cards123|move: Stealth Rock
|
|-weather|SunnyDay|[upkeep]
|-heal|p1a: Sunny|40/100|[from] item: Leftovers
|upkeep
|turn|2
|
|t:|1776165685
|switch|p1a: Serpent-eau|Walking Wake|100/100
|-activate|p1a: Serpent-eau|ability: Protosynthesis
|-start|p1a: Serpent-eau|protosynthesisspa
|move|p2a: Dragonite|Earthquake|p1a: Serpent-eau
|-damage|p1a: Serpent-eau|46/100
|
|-weather|SunnyDay|[upkeep]
|upkeep
|turn|3
|
|t:|1776165698
|move|p1a: Serpent-eau|Hydro Steam|p2a: Dragonite
|-supereffective|p2a: Dragonite
|-crit|p2a: Dragonite
|-damage|p2a: Dragonite|0 fnt
|faint|p2a: Dragonite
|-damage|p1a: Serpent-eau|36/100|[from] item: Life Orb
|
|-weather|SunnyDay|[upkeep]
|upkeep
|
|t:|1776165707
|switch|p2a: Dragapult|Dragapult, M|100/100
|-damage|p2a: Dragapult|88/100|[from] Stealth Rock
|turn|4
|
|t:|1776165727
|-end|p1a: Serpent-eau|Protosynthesis|[silent]
|switch|p1a: Momy|Alomomola, F, shiny|100/100
|move|p2a: Dragapult|Draco Meteor|p1a: Momy
|-damage|p1a: Momy|15/100
|-unboost|p2a: Dragapult|spa|2
|
|-weather|SunnyDay|[upkeep]
|-heal|p1a: Momy|22/100|[from] item: Leftovers
|upkeep
|turn|5
|
|t:|1776165746
|switch|p1a: AsmonG|Brute Bonnet|100/100
|-activate|p1a: AsmonG|ability: Protosynthesis
|-start|p1a: AsmonG|protosynthesisatk
|move|p2a: Dragapult|Draco Meteor|p1a: AsmonG
|-damage|p1a: AsmonG|66/100
|-unboost|p2a: Dragapult|spa|2
|
|-weather|none
|-end|p1a: AsmonG|Protosynthesis
|-heal|p1a: AsmonG|73/100|[from] item: Leftovers
|upkeep
|turn|6
|
|t:|1776165760
|switch|p2a: Cinderace|Cinderace, F|100/100
|move|p1a: AsmonG|Crunch|p2a: Cinderace
|-damage|p2a: Cinderace|32/100
|
|-heal|p1a: AsmonG|79/100|[from] item: Leftovers
|upkeep
|turn|7
|inactive|AbsolutNOOB1.2 has 120 seconds left.
|
|t:|1776165776
|move|p1a: AsmonG|Sucker Punch|p2a: Cinderace
|-damage|p2a: Cinderace|0 fnt
|faint|p2a: Cinderace
|
|-heal|p1a: AsmonG|85/100|[from] item: Leftovers
|upkeep
|
|t:|1776165784
|switch|p2a: Slowking|Slowking-Galar, M|100/100
|-damage|p2a: Slowking|88/100|[from] Stealth Rock
|turn|8
|
|t:|1776165789
|-end|p1a: AsmonG|Protosynthesis|[silent]
|switch|p1a: Sunny|Torkoal, F|40/100
|-weather|SunnyDay|[from] ability: Drought|[of] p1a: Sunny
|move|p2a: Slowking|Trick|p1a: Sunny
|-activate|p2a: Slowking|move: Trick|[of] p1a: Sunny
|-item|p1a: Sunny|Black Sludge|[from] move: Trick
|-item|p2a: Slowking|Leftovers|[from] move: Trick
|
|-weather|SunnyDay|[upkeep]
|-damage|p1a: Sunny|28/100|[from] item: Black Sludge
|-heal|p2a: Slowking|94/100|[from] item: Leftovers
|upkeep
|turn|9
|inactive|AbsolutNOOB1.2 has 120 seconds left.
|
|t:|1776165814
|switch|p1a: Bazil-eau|Great Tusk, shiny|100/100
|-activate|p1a: Bazil-eau|ability: Protosynthesis
|-start|p1a: Bazil-eau|protosynthesisatk
|move|p2a: Slowking|Psyshock|p1a: Bazil-eau
|-supereffective|p1a: Bazil-eau
|-damage|p1a: Bazil-eau|56/100
|
|-weather|SunnyDay|[upkeep]
|-heal|p2a: Slowking|99/100|[from] item: Leftovers
|upkeep
|turn|10
|inactive|AbsolutNOOB1.2 has 120 seconds left.
|
|t:|1776165831
|move|p1a: Bazil-eau|Headlong Rush|p2a: Slowking
|-supereffective|p2a: Slowking
|-damage|p2a: Slowking|0 fnt
|-unboost|p1a: Bazil-eau|def|1
|-unboost|p1a: Bazil-eau|spd|1
|faint|p2a: Slowking
|
|-weather|SunnyDay|[upkeep]
|upkeep
|
|t:|1776165839
|switch|p2a: Dragapult|Dragapult, M|88/100
|-damage|p2a: Dragapult|76/100|[from] Stealth Rock
|turn|11
|
|t:|1776165848
|-end|p1a: Bazil-eau|Protosynthesis|[silent]
|switch|p1a: Momy|Alomomola, F, shiny|55/100
|move|p2a: Dragapult|Draco Meteor|p1a: Momy
|-damage|p1a: Momy|0 fnt
|-unboost|p2a: Dragapult|spa|2
|faint|p1a: Momy
|
|-weather|SunnyDay|[upkeep]
|upkeep
|inactive|AbsolutNOOB1.2 has 120 seconds left.
|
|t:|1776165860
|switch|p1a: AsmonG|Brute Bonnet|85/100
|-activate|p1a: AsmonG|ability: Protosynthesis
|-start|p1a: AsmonG|protosynthesisatk
|turn|12
|
|t:|1776165870
|switch|p2a: Kingambit|Kingambit, F|100/100
|-damage|p2a: Kingambit|94/100|[from] Stealth Rock
|-activate|p2a: Kingambit|ability: Supreme Overlord
|-start|p2a: Kingambit|fallen3|[silent]
|move|p1a: AsmonG|Crunch|p2a: Kingambit
|-resisted|p2a: Kingambit
|-damage|p2a: Kingambit|69/100
|-unboost|p2a: Kingambit|def|1
|
|-weather|none
|-end|p1a: AsmonG|Protosynthesis
|-heal|p1a: AsmonG|91/100|[from] item: Leftovers
|upkeep
|turn|13
|inactive|AbsolutNOOB1.2 has 120 seconds left.
|
|t:|1776165900
|move|p2a: Kingambit|Low Kick|p1a: AsmonG
|-supereffective|p1a: AsmonG
|-damage|p1a: AsmonG|56/100
|move|p1a: AsmonG|Crunch|p2a: Kingambit
|-resisted|p2a: Kingambit
|-crit|p2a: Kingambit
|-damage|p2a: Kingambit|29/100
|
|-heal|p1a: AsmonG|62/100|[from] item: Leftovers
|upkeep
|turn|14
|
|t:|1776165912
|move|p2a: Kingambit|Swords Dance|p2a: Kingambit
|-boost|p2a: Kingambit|atk|2
|move|p1a: AsmonG|Synthesis|p1a: AsmonG
|-heal|p1a: AsmonG|100/100
|
|upkeep
|turn|15
|
|t:|1776165922
|move|p2a: Kingambit|Low Kick|p1a: AsmonG
|-supereffective|p1a: AsmonG
|-damage|p1a: AsmonG|32/100
|move|p1a: AsmonG|Crunch|p2a: Kingambit
|-resisted|p2a: Kingambit
|-damage|p2a: Kingambit|0 fnt
|faint|p2a: Kingambit
|-end|p2a: Kingambit|fallen3|[silent]
|
|-heal|p1a: AsmonG|39/100|[from] item: Leftovers
|upkeep
|
|t:|1776165932
|switch|p2a: Dragapult|Dragapult, M|76/100
|-damage|p2a: Dragapult|64/100|[from] Stealth Rock
|turn|16
|inactive|AbsolutNOOB1.2 has 120 seconds left.
|
|t:|1776165938
|move|p1a: AsmonG|Sucker Punch|p2a: Dragapult
|-supereffective|p2a: Dragapult
|-crit|p2a: Dragapult
|-damage|p2a: Dragapult|0 fnt
|faint|p2a: Dragapult
|
|-heal|p1a: AsmonG|45/100|[from] item: Leftovers
|upkeep
|
|t:|1776165946
|switch|p2a: Landorus|Landorus-Therian, M|100/100
|-damage|p2a: Landorus|88/100|[from] Stealth Rock
|-ability|p2a: Landorus|Intimidate|boost
|-unboost|p1a: AsmonG|atk|1
|turn|17
|
|t:|1776165953
|move|p2a: Landorus|Smack Down|p1a: AsmonG
|-damage|p1a: AsmonG|30/100
|move|p1a: AsmonG|Synthesis|p1a: AsmonG
|-heal|p1a: AsmonG|80/100
|
|-heal|p1a: AsmonG|86/100|[from] item: Leftovers
|upkeep
|turn|18
|-message|cards123 forfeited.
|
|win|AbsolutNOOB1.2
|raw|AbsolutNOOB1.2's rating: 1121 &rarr; <strong>1147</strong><br />(+26 for winning)
|raw|cards123's rating: 1141 &rarr; <strong>1115</strong><br />(-26 for losing)
|l|☆cards123
|player|p2|
