|html|<div class="broadcast-blue"><strong>[Gen 9] OU is currently suspecting Tera Blast! For information on how to participate check out the <a href="https://www.smogon.com/tools/suspects/view/200">suspect thread</a>.</strong></div>
|j|☆chrisnwobu
|j|☆vryfast
|t:|1776085686
|gametype|singles
|player|p1|chrisnwobu|2|1425
|player|p2|vryfast|2|1369
|gen|9
|tier|[Gen 9] OU
|rated|
|rule|HP Percentage Mod: HP is shown in percentages
|rule|Endless Battle Clause: Forcing endless battles is banned
|rule|Species Clause: Limit one of each Pokémon
|rule|OHKO Clause: OHKO moves are banned
|rule|Evasion Items Clause: Evasion items are banned
|rule|Evasion Moves Clause: Evasion moves are banned
|rule|Evasion Abilities Clause: Evasion abilities are banned
|rule|Sleep Moves Clause: Sleep-inducing moves are banned
|clearpoke
|poke|p1|Alomomola, M|
|poke|p1|Kyurem|
|poke|p1|Slowking-Galar, M|
|poke|p1|Gholdengo|
|poke|p1|Rillaboom, M|
|poke|p1|Great Tusk|
|poke|p2|Dragapult, M|
|poke|p2|Mudsdale, F|
|poke|p2|Corviknight, F|
|poke|p2|Primarina, M|
|poke|p2|Iron Moth|
|poke|p2|Goodra-Hisui, M|
|teampreview
|j| ohko_smeargle
|inactive|Battle timer is ON: inactive players will automatically lose when time's up. (requested by vryfast)
|inactive|chrisnwobu has 120 seconds left.
|
|t:|1776085734
|teamsize|p1|6
|teamsize|p2|6
|start
|switch|p1a: Kyurem|Kyurem|100/100
|switch|p2a: Dragapult|Dragapult, M|100/100
|-ability|p1a: Kyurem|Pressure
|turn|1
|
|t:|1776085756
|switch|p1a: Slowking|Slowking-Galar, M|100/100
|move|p2a: Dragapult|Dragon Darts|p1a: Slowking
|-damage|p1a: Slowking|74/100
|-anim|p2a: Dragapult|Dragon Darts|p1a: Slowking
|-damage|p1a: Slowking|48/100
|
|upkeep
|turn|2
|
|t:|1776085768
|switch|p1a: Alomomola|Alomomola, M|100/100
|move|p2a: Dragapult|Dragon Darts|p1a: Alomomola
|-damage|p1a: Alomomola|86/100
|-anim|p2a: Dragapult|Dragon Darts|p1a: Alomomola
|-damage|p1a: Alomomola|73/100
|
|upkeep
|turn|3
|
|t:|1776085772
|move|p2a: Dragapult|Dragon Darts|p1a: Alomomola
|-damage|p1a: Alomomola|58/100
|-anim|p2a: Dragapult|Dragon Darts|p1a: Alomomola
|-damage|p1a: Alomomola|44/100
|move|p1a: Alomomola|Wish|p1a: Alomomola
|
|upkeep
|turn|4
|
|t:|1776085782
|switch|p2a: Mudsdale|Mudsdale, F|100/100
|move|p1a: Alomomola|Flip Turn|p2a: Mudsdale
|-supereffective|p2a: Mudsdale
|-crit|p2a: Mudsdale
|-damage|p2a: Mudsdale|72/100
|-damage|p1a: Alomomola|28/100|[from] item: Rocky Helmet|[of] p2a: Mudsdale
|-ability|p2a: Mudsdale|Stamina|boost
|-boost|p2a: Mudsdale|def|1
|
|t:|1776085794
|switch|p1a: Kyurem|Kyurem|100/100|[from] Flip Turn
|-ability|p1a: Kyurem|Pressure
|
|upkeep
|turn|5
|
|t:|1776085801
|move|p1a: Kyurem|Freeze-Dry|p2a: Mudsdale
|-supereffective|p2a: Mudsdale
|-damage|p2a: Mudsdale|0 fnt
|faint|p2a: Mudsdale
|
|upkeep
|
|t:|1776085805
|switch|p2a: Dragapult|Dragapult, M|100/100
|turn|6
|
|t:|1776085813
|switch|p1a: Alomomola|Alomomola, M|61/100
|move|p2a: Dragapult|Dragon Darts|p1a: Alomomola
|-damage|p1a: Alomomola|47/100
|-anim|p2a: Dragapult|Dragon Darts|p1a: Alomomola
|-crit|p1a: Alomomola
|-damage|p1a: Alomomola|28/100
|
|upkeep
|turn|7
|
|t:|1776085832
|switch|p1a: Gholdengo|Gholdengo|100/100
|-item|p1a: Gholdengo|Air Balloon
|move|p2a: Dragapult|Dragon Darts|p1a: Gholdengo
|-resisted|p1a: Gholdengo
|-damage|p1a: Gholdengo|92/100
|-enditem|p1a: Gholdengo|Air Balloon
|-anim|p2a: Dragapult|Dragon Darts|p1a: Gholdengo
|-resisted|p1a: Gholdengo
|-damage|p1a: Gholdengo|84/100
|
|upkeep
|turn|8
|
|t:|1776085840
|switch|p2a: Iron Moth|Iron Moth|100/100
|-enditem|p2a: Iron Moth|Booster Energy
|-activate|p2a: Iron Moth|ability: Quark Drive|[fromitem]
|-start|p2a: Iron Moth|quarkdrivespa
|move|p1a: Gholdengo|Shadow Ball|p2a: Iron Moth
|-damage|p2a: Iron Moth|66/100
|
|upkeep
|turn|9
|
|t:|1776085849
|switch|p1a: Slowking|Slowking-Galar, M|82/100
|move|p2a: Iron Moth|Agility|p2a: Iron Moth
|-boost|p2a: Iron Moth|spe|2
|
|upkeep
|turn|10
|
|t:|1776085851
|move|p2a: Iron Moth|Fiery Dance|p1a: Slowking
|-crit|p1a: Slowking
|-damage|p1a: Slowking|22/100
|move|p1a: Slowking|Psychic Noise|p2a: Iron Moth
|-supereffective|p2a: Iron Moth
|-damage|p2a: Iron Moth|10/100
|-start|p2a: Iron Moth|move: Heal Block
|
|upkeep
|turn|11
|
|t:|1776085858
|move|p2a: Iron Moth|Fiery Dance|p1a: Slowking
|-damage|p1a: Slowking|0 fnt
|faint|p1a: Slowking
|
|-end|p2a: Iron Moth|move: Heal Block
|upkeep
|
|t:|1776085865
|switch|p1a: Rillaboom|Rillaboom, M|100/100
|-fieldstart|move: Grassy Terrain|[from] ability: Grassy Surge|[of] p1a: Rillaboom
|turn|12
|
|t:|1776085868
|-end|p2a: Iron Moth|Quark Drive|[silent]
|switch|p2a: Corviknight|Corviknight, F|100/100
|-ability|p2a: Corviknight|Pressure
|move|p1a: Rillaboom|Grassy Glide|p2a: Corviknight
|-resisted|p2a: Corviknight
|-damage|p2a: Corviknight|95/100
|-damage|p1a: Rillaboom|84/100|[from] item: Rocky Helmet|[of] p2a: Corviknight
|
|-heal|p1a: Rillaboom|90/100|[from] Grassy Terrain
|upkeep
|turn|13
|
|t:|1776085875
|move|p1a: Rillaboom|Knock Off|p2a: Corviknight
|-damage|p2a: Corviknight|74/100
|-damage|p1a: Rillaboom|73/100|[from] item: Rocky Helmet|[of] p2a: Corviknight
|-enditem|p2a: Corviknight|Rocky Helmet|[from] move: Knock Off|[of] p1a: Rillaboom
|move|p2a: Corviknight|U-turn|p1a: Rillaboom
|-supereffective|p1a: Rillaboom
|-damage|p1a: Rillaboom|45/100
|
|t:|1776085881
|switch|p2a: Dragapult|Dragapult, M|100/100|[from] U-turn
|
|-heal|p1a: Rillaboom|51/100|[from] Grassy Terrain
|upkeep
|turn|14
|
|t:|1776085886
|switch|p1a: Alomomola|Alomomola, M|61/100
|move|p2a: Dragapult|U-turn|p1a: Alomomola
|-damage|p1a: Alomomola|50/100
|-damage|p2a: Dragapult|84/100|[from] item: Rocky Helmet|[of] p1a: Alomomola
|
|t:|1776085889
|switch|p2a: Iron Moth|Iron Moth|10/100|[from] U-turn
|
|-heal|p2a: Iron Moth|16/100|[from] Grassy Terrain
|-heal|p1a: Alomomola|56/100|[from] Grassy Terrain
|upkeep
|turn|15
|
|t:|1776085895
|-terastallize|p1a: Alomomola|Grass
|move|p2a: Iron Moth|Energy Ball|p1a: Alomomola
|-resisted|p1a: Alomomola
|-damage|p1a: Alomomola|28/100
|move|p1a: Alomomola|Flip Turn|p2a: Iron Moth
|-supereffective|p2a: Iron Moth
|-damage|p2a: Iron Moth|0 fnt
|faint|p2a: Iron Moth
|-end|p2a: Iron Moth|Quark Drive|[silent]
|
|t:|1776085905
|switch|p1a: Gholdengo|Gholdengo|84/100|[from] Flip Turn
|
|-heal|p1a: Gholdengo|90/100|[from] Grassy Terrain
|upkeep
|
|t:|1776085914
|switch|p2a: Primarina|Primarina, M|100/100
|turn|16
|
|t:|1776085923
|move|p2a: Primarina|Surf|p1a: Gholdengo
|-damage|p1a: Gholdengo|43/100
|move|p1a: Gholdengo|Shadow Ball|p2a: Primarina
|-damage|p2a: Primarina|63/100
|
|-heal|p2a: Primarina|69/100|[from] Grassy Terrain
|-heal|p1a: Gholdengo|50/100|[from] Grassy Terrain
|upkeep
|turn|17
|
|t:|1776085929
|switch|p1a: Kyurem|Kyurem|100/100
|-ability|p1a: Kyurem|Pressure
|-terastallize|p2a: Primarina|Water
|move|p2a: Primarina|Surf|p1a: Kyurem
|-resisted|p1a: Kyurem
|-damage|p1a: Kyurem|71/100
|
|-heal|p2a: Primarina|75/100|[from] Grassy Terrain
|-heal|p1a: Kyurem|77/100|[from] Grassy Terrain
|upkeep
|turn|18
|
|t:|1776085934
|switch|p2a: Corviknight|Corviknight, F|74/100
|-ability|p2a: Corviknight|Pressure
|move|p1a: Kyurem|Freeze-Dry|p2a: Corviknight
|-damage|p2a: Corviknight|18/100
|
|-heal|p1a: Kyurem|83/100|[from] Grassy Terrain
|upkeep
|turn|19
|
|t:|1776085941
|move|p1a: Kyurem|Freeze-Dry|p2a: Corviknight
|-damage|p2a: Corviknight|0 fnt
|faint|p2a: Corviknight
|
|-heal|p1a: Kyurem|90/100|[from] Grassy Terrain
|-fieldend|move: Grassy Terrain
|upkeep
|
|t:|1776085943
|switch|p2a: Dragapult|Dragapult, M|84/100
|turn|20
|
|t:|1776085947
|switch|p1a: Alomomola|Alomomola, M, tera:Grass|61/100
|move|p2a: Dragapult|Dragon Darts|p1a: Alomomola
|-damage|p1a: Alomomola|48/100
|-anim|p2a: Dragapult|Dragon Darts|p1a: Alomomola
|-damage|p1a: Alomomola|35/100
|
|upkeep
|turn|21
|
|t:|1776085953
|move|p2a: Dragapult|Dragon Darts|p1a: Alomomola
|-damage|p1a: Alomomola|21/100
|-anim|p2a: Dragapult|Dragon Darts|p1a: Alomomola
|-damage|p1a: Alomomola|7/100
|move|p1a: Alomomola|Wish|p1a: Alomomola
|
|upkeep
|turn|22
|
|t:|1776085979
|switch|p1a: Gholdengo|Gholdengo|50/100
|move|p2a: Dragapult|Dragon Darts|p1a: Gholdengo
|-resisted|p1a: Gholdengo
|-damage|p1a: Gholdengo|41/100
|-anim|p2a: Dragapult|Dragon Darts|p1a: Gholdengo
|-resisted|p1a: Gholdengo
|-crit|p1a: Gholdengo
|-damage|p1a: Gholdengo|29/100
|
|-heal|p1a: Gholdengo|99/100|[from] move: Wish|[wisher] Alomomola
|upkeep
|turn|23
|
|t:|1776085990
|switch|p2a: Goodra|Goodra-Hisui, M|100/100
|move|p1a: Gholdengo|Shadow Ball|p2a: Goodra
|-damage|p2a: Goodra|86/100
|
|upkeep
|turn|24
|
|t:|1776085998
|move|p1a: Gholdengo|Shadow Ball|p2a: Goodra
|-damage|p2a: Goodra|74/100
|move|p2a: Goodra|Knock Off|p1a: Gholdengo
|-supereffective|p1a: Gholdengo
|-damage|p1a: Gholdengo|79/100
|
|upkeep
|turn|25
|
|t:|1776086008
|move|p1a: Gholdengo|Shadow Ball|p2a: Goodra
|-damage|p2a: Goodra|61/100
|move|p2a: Goodra|Dragon Tail|p1a: Gholdengo
|-resisted|p1a: Gholdengo
|-damage|p1a: Gholdengo|72/100
|drag|p1a: Rillaboom|Rillaboom, M|51/100
|-fieldstart|move: Grassy Terrain|[from] ability: Grassy Surge|[of] p1a: Rillaboom
|
|-heal|p1a: Rillaboom|57/100|[from] Grassy Terrain
|-heal|p2a: Goodra|67/100|[from] Grassy Terrain
|upkeep
|turn|26
|
|t:|1776086012
|move|p1a: Rillaboom|High Horsepower|p2a: Goodra
|-supereffective|p2a: Goodra
|-damage|p2a: Goodra|4/100
|move|p2a: Goodra|Knock Off|p1a: Rillaboom
|-damage|p1a: Rillaboom|39/100
|-enditem|p1a: Rillaboom|Terrain Extender|[from] move: Knock Off|[of] p2a: Goodra
|
|-heal|p1a: Rillaboom|45/100|[from] Grassy Terrain
|-heal|p2a: Goodra|10/100|[from] Grassy Terrain
|upkeep
|turn|27
|
|t:|1776086019
|move|p1a: Rillaboom|Knock Off|p2a: Goodra
|-damage|p2a: Goodra|0 fnt
|-enditem|p2a: Goodra|Assault Vest|[from] move: Knock Off|[of] p1a: Rillaboom
|faint|p2a: Goodra
|
|-heal|p1a: Rillaboom|51/100|[from] Grassy Terrain
|upkeep
|
|t:|1776086023
|switch|p2a: Dragapult|Dragapult, M|84/100
|turn|28
|
|t:|1776086029
|switch|p1a: Gholdengo|Gholdengo|72/100
|move|p2a: Dragapult|Dragon Darts|p1a: Gholdengo
|-resisted|p1a: Gholdengo
|-damage|p1a: Gholdengo|63/100
|-anim|p2a: Dragapult|Dragon Darts|p1a: Gholdengo
|-resisted|p1a: Gholdengo
|-damage|p1a: Gholdengo|54/100
|
|-heal|p2a: Dragapult|90/100|[from] Grassy Terrain
|-heal|p1a: Gholdengo|60/100|[from] Grassy Terrain
|upkeep
|turn|29
|
|t:|1776086036
|switch|p2a: Primarina|Primarina, M, tera:Water|75/100
|move|p1a: Gholdengo|Shadow Ball|p2a: Primarina
|-damage|p2a: Primarina|39/100
|
|-heal|p2a: Primarina|45/100|[from] Grassy Terrain
|-heal|p1a: Gholdengo|66/100|[from] Grassy Terrain
|upkeep
|turn|30
|
|t:|1776086050
|move|p2a: Primarina|Surf|p1a: Gholdengo
|-damage|p1a: Gholdengo|1/100
|move|p1a: Gholdengo|Shadow Ball|p2a: Primarina
|-damage|p2a: Primarina|12/100
|
|-heal|p2a: Primarina|18/100|[from] Grassy Terrain
|-heal|p1a: Gholdengo|7/100|[from] Grassy Terrain
|upkeep
|turn|31
|
|t:|1776086056
|move|p2a: Primarina|Surf|p1a: Gholdengo
|-damage|p1a: Gholdengo|0 fnt
|faint|p1a: Gholdengo
|
|-heal|p2a: Primarina|24/100|[from] Grassy Terrain
|upkeep
|
|t:|1776086059
|switch|p1a: Rillaboom|Rillaboom, M|51/100
|turn|32
|
|t:|1776086064
|move|p2a: Primarina|Surf|p1a: Rillaboom
|-resisted|p1a: Rillaboom
|-damage|p1a: Rillaboom|0 fnt
|faint|p1a: Rillaboom
|
|-heal|p2a: Primarina|30/100|[from] Grassy Terrain
|-fieldend|move: Grassy Terrain
|upkeep
|
|t:|1776086070
|switch|p1a: Kyurem|Kyurem|90/100
|-ability|p1a: Kyurem|Pressure
|turn|33
|
|t:|1776086076
|move|p2a: Primarina|Surf|p1a: Kyurem
|-resisted|p1a: Kyurem
|-damage|p1a: Kyurem|39/100
|move|p1a: Kyurem|Freeze-Dry|p2a: Primarina
|-supereffective|p2a: Primarina
|-damage|p2a: Primarina|0 fnt
|faint|p2a: Primarina
|
|upkeep
|
|t:|1776086081
|switch|p2a: Dragapult|Dragapult, M|90/100
|turn|34
|inactive|chrisnwobu has 120 seconds left.
|
|t:|1776086118
|move|p2a: Dragapult|Dragon Darts|p1a: Kyurem
|-supereffective|p1a: Kyurem
|-damage|p1a: Kyurem|0 fnt
|faint|p1a: Kyurem
|
|upkeep
|
|t:|1776086124
|switch|p1a: Alomomola|Alomomola, M, tera:Grass|40/100
|turn|35
|
|t:|1776086129
|move|p2a: Dragapult|Dragon Darts|p1a: Alomomola
|-damage|p1a: Alomomola|27/100
|-anim|p2a: Dragapult|Dragon Darts|p1a: Alomomola
|-damage|p1a: Alomomola|14/100
|move|p1a: Alomomola|Wish|p1a: Alomomola
|
|upkeep
|turn|36
|
|t:|1776086135
|move|p1a: Alomomola|Protect|p1a: Alomomola
|-singleturn|p1a: Alomomola|Protect
|move|p2a: Dragapult|Dragon Darts|p1a: Alomomola
|-activate|p1a: Alomomola|move: Protect
|
|-heal|p1a: Alomomola|64/100|[from] move: Wish|[wisher] Alomomola
|upkeep
|turn|37
|
|t:|1776086139
|move|p2a: Dragapult|Dragon Darts|p1a: Alomomola
|-damage|p1a: Alomomola|51/100
|-anim|p2a: Dragapult|Dragon Darts|p1a: Alomomola
|-damage|p1a: Alomomola|37/100
|move|p1a: Alomomola|Wish|p1a: Alomomola
|
|upkeep
|turn|38
|-message|vryfast forfeited.
|
|win|chrisnwobu
|raw|chrisnwobu's rating: 1425 &rarr; <strong>1442</strong><br />(+17 for winning)
|raw|vryfast's rating: 1369 &rarr; <strong>1352</strong><br />(-17 for losing)
|l|☆vryfast
|player|p2|
|l| ohko_smeargle
