|html|<div class="broadcast-blue"><strong>[Gen 9] OU is currently suspecting Tera Blast! For information on how to participate check out the <a href="https://www.smogon.com/tools/suspects/view/200">suspect thread</a>.</strong></div>
|j|☆baxbaubciavd
|j|☆jdjn
|t:|1776085340
|gametype|singles
|player|p1|baxbaubciavd|265|1122
|player|p2|jdjn|riley|1154
|gen|9
|tier|[Gen 9] OU
|rated|
|rule|HP Percentage Mod: HP is shown in percentages
|rule|Endless Battle Clause: Forcing endless battles is banned
|rule|Species Clause: Limit one of each Pokémon
|rule|OHKO Clause: OHKO moves are banned
|rule|Evasion Items Clause: Evasion items are banned
|rule|Evasion Moves Clause: Evasion moves are banned
|rule|Evasion Abilities Clause: Evasion abilities are banned
|rule|Sleep Moves Clause: Sleep-inducing moves are banned
|clearpoke
|poke|p1|Ceruledge, F|
|poke|p1|Corviknight, M|
|poke|p1|Garchomp, M|
|poke|p1|Lucario, F|
|poke|p1|Zoroark-Hisui, M|
|poke|p1|Greninja-*, M|
|poke|p2|Torkoal, M|
|poke|p2|Kingambit, F|
|poke|p2|Victreebel, M|
|poke|p2|Lilligant-Hisui, F|
|poke|p2|Great Tusk|
|poke|p2|Moltres-Galar|
|teampreview
|j| ohko_smeargle
|
|t:|1776085351
|teamsize|p1|6
|teamsize|p2|6
|start
|switch|p1a: Ceruledge|Ceruledge, F|100/100
|switch|p2a: Moltres|Moltres-Galar|100/100
|turn|1
|
|t:|1776085365
|move|p1a: Ceruledge|Swords Dance|p1a: Ceruledge
|-boost|p1a: Ceruledge|atk|2
|move|p2a: Moltres|Fiery Wrath|p1a: Ceruledge
|-supereffective|p1a: Ceruledge
|-damage|p1a: Ceruledge|29/100
|
|upkeep
|turn|2
|
|t:|1776085372
|move|p1a: Ceruledge|Close Combat|p2a: Moltres
|-damage|p2a: Moltres|18/100
|-unboost|p1a: Ceruledge|def|1
|-unboost|p1a: Ceruledge|spd|1
|-damage|p1a: Ceruledge|12/100|[from] item: Rocky Helmet|[of] p2a: Moltres
|-ability|p2a: Moltres|Berserk|boost
|-boost|p2a: Moltres|spa|1
|move|p2a: Moltres|Fiery Wrath|p1a: Ceruledge
|-supereffective|p1a: Ceruledge
|-damage|p1a: Ceruledge|0 fnt
|faint|p1a: Ceruledge
|
|upkeep
|
|t:|1776085389
|switch|p1a: Lucario|Lucario, F|100/100
|-item|p1a: Lucario|Air Balloon
|turn|3
|
|t:|1776085396
|switch|p2a: Torkoal|Torkoal, M|100/100
|-weather|SunnyDay|[from] ability: Drought|[of] p2a: Torkoal
|move|p1a: Lucario|Extreme Speed|p2a: Torkoal
|-damage|p2a: Torkoal|86/100
|
|-weather|SunnyDay|[upkeep]
|upkeep
|turn|4
|
|t:|1776085408
|move|p1a: Lucario|Close Combat|p2a: Torkoal
|-damage|p2a: Torkoal|53/100
|-unboost|p1a: Lucario|def|1
|-unboost|p1a: Lucario|spd|1
|move|p2a: Torkoal|Stealth Rock|p1a: Lucario
|-sidestart|p1: baxbaubciavd|move: Stealth Rock
|
|-weather|SunnyDay|[upkeep]
|upkeep
|turn|5
|
|t:|1776085415
|move|p1a: Lucario|Close Combat|p2a: Torkoal
|-damage|p2a: Torkoal|21/100
|-unboost|p1a: Lucario|def|1
|-unboost|p1a: Lucario|spd|1
|move|p2a: Torkoal|Lava Plume|p1a: Lucario
|-supereffective|p1a: Lucario
|-damage|p1a: Lucario|0 fnt
|-enditem|p1a: Lucario|Air Balloon
|faint|p1a: Lucario
|
|-weather|SunnyDay|[upkeep]
|upkeep
|
|t:|1776085430
|switch|p1a: Corviknight|Corviknight, M|100/100
|-damage|p1a: Corviknight|88/100|[from] Stealth Rock
|turn|6
|
|t:|1776085438
|switch|p2a: Moltres|Moltres-Galar|18/100
|move|p1a: Corviknight|Body Press|p2a: Moltres
|-damage|p2a: Moltres|0 fnt
|-damage|p1a: Corviknight|72/100|[from] item: Rocky Helmet|[of] p2a: Moltres
|faint|p2a: Moltres
|
|-weather|SunnyDay|[upkeep]
|-heal|p1a: Corviknight|78/100|[from] item: Leftovers
|upkeep
|
|t:|1776085442
|switch|p2a: Victreebel|Victreebel, M|100/100
|turn|7
|
|t:|1776085451
|move|p2a: Victreebel|Growth|p2a: Victreebel
|-boost|p2a: Victreebel|atk|2
|-boost|p2a: Victreebel|spa|2
|move|p1a: Corviknight|Defog|p2a: Victreebel
|-unboost|p2a: Victreebel|evasion|1
|-sideend|p1: baxbaubciavd|Stealth Rock|[from] move: Defog|[of] p1a: Corviknight
|
|-weather|SunnyDay|[upkeep]
|-heal|p1a: Corviknight|84/100|[from] item: Leftovers
|upkeep
|turn|8
|
|t:|1776085459
|move|p2a: Victreebel|Weather Ball|p1a: Corviknight
|-supereffective|p1a: Corviknight
|-damage|p1a: Corviknight|0 fnt
|faint|p1a: Corviknight
|
|-weather|SunnyDay|[upkeep]
|upkeep
|
|t:|1776085499
|switch|p1a: Garchomp|Garchomp, M|100/100
|turn|9
|
|t:|1776085506
|move|p2a: Victreebel|Solar Beam||[still]
|-prepare|p2a: Victreebel|Solar Beam
|-anim|p2a: Victreebel|Solar Beam|p1a: Garchomp
|-damage|p1a: Garchomp|0 fnt
|replace|p1a: Zoroark|Zoroark-Hisui, M
|-end|p1a: Zoroark|Illusion
|faint|p1a: Zoroark
|
|-weather|SunnyDay|[upkeep]
|upkeep
|-message|baxbaubciavd forfeited.
|
|win|jdjn
|raw|baxbaubciavd's rating: 1122 &rarr; <strong>1099</strong><br />(-23 for losing)
|raw|jdjn's rating: 1154 &rarr; <strong>1177</strong><br />(+23 for winning)
|l|☆baxbaubciavd
|player|p1|
|l| ohko_smeargle
|l|☆jdjn
|player|p2|
