|html|<div class="broadcast-blue"><strong>[Gen 9] OU is currently suspecting Volcarona! For information on how to participate check out the <a href="https://www.smogon.com/tools/suspects/view/208">suspect thread</a>.</strong></div>
|j|☆Makatuk
|j|☆no ratings
|t:|1778507110
|gametype|singles
|player|p1|Makatuk|red|1504
|player|p2|no ratings|policeman-gen4|1483
|gen|9
|tier|[Gen 9] OU
|rated|
|rule|HP Percentage Mod: HP is shown in percentages
|rule|Endless Battle Clause: Forcing endless battles is banned
|rule|Species Clause: Limit one of each Pokémon
|rule|OHKO Clause: OHKO moves are banned
|rule|Evasion Items Clause: Evasion items are banned
|rule|Evasion Moves Clause: Evasion moves are banned
|rule|Evasion Abilities Clause: Evasion abilities are banned
|rule|Sleep Moves Clause: Sleep-inducing moves are banned
|clearpoke
|poke|p1|Haxorus, M|
|poke|p1|Garganacl, M|
|poke|p1|Hatterene, F|
|poke|p1|Rillaboom, F|
|poke|p1|Raging Bolt|
|poke|p1|Frosmoth, M|
|poke|p2|Gliscor, F|
|poke|p2|Ogerpon-Wellspring, F|
|poke|p2|Zapdos|
|poke|p2|Kingambit, M|
|poke|p2|Ting-Lu|
|poke|p2|Dragapult, F|
|teampreview
|inactive|Battle timer is ON: inactive players will automatically lose when time's up. (requested by Makatuk)
|
|t:|1778507123
|teamsize|p1|6
|teamsize|p2|6
|start
|switch|p1a: My Arrival Worm|Rillaboom, F|100/100
|switch|p2a: Ogerpon|Ogerpon-Wellspring, F|100/100
|-fieldstart|move: Grassy Terrain|[from] ability: Grassy Surge|[of] p1a: My Arrival Worm
|turn|1
|
|t:|1778507129
|switch|p2a: Zapdos|Zapdos|100/100
|move|p1a: My Arrival Worm|U-turn|p2a: Zapdos
|-resisted|p2a: Zapdos
|-damage|p2a: Zapdos|91/100
|
|t:|1778507134
|switch|p1a: SEAAA SAAAAAALT!!!|Garganacl, M|100/100|[from] U-turn
|
|upkeep
|turn|2
|
|t:|1778507141
|move|p2a: Zapdos|U-turn|p1a: SEAAA SAAAAAALT!!!
|-damage|p1a: SEAAA SAAAAAALT!!!|91/100
|
|t:|1778507144
|switch|p2a: Ting-Lu|Ting-Lu|100/100|[from] U-turn
|-ability|p2a: Ting-Lu|Vessel of Ruin
|move|p1a: SEAAA SAAAAAALT!!!|Salt Cure|p2a: Ting-Lu
|-resisted|p2a: Ting-Lu
|-damage|p2a: Ting-Lu|97/100
|-start|p2a: Ting-Lu|Salt Cure
|
|-heal|p2a: Ting-Lu|100/100|[from] Grassy Terrain
|-heal|p1a: SEAAA SAAAAAALT!!!|97/100|[from] Grassy Terrain
|-heal|p1a: SEAAA SAAAAAALT!!!|100/100|[from] item: Leftovers
|-damage|p2a: Ting-Lu|88/100|[from] Salt Cure
|upkeep
|turn|3
|
|t:|1778507148
|switch|p1a: Are You Sure?|Hatterene, F|100/100
|-enditem|p1a: Are You Sure?|Grassy Seed
|-boost|p1a: Are You Sure?|def|1|[from] item: Grassy Seed
|move|p2a: Ting-Lu|Stealth Rock|p1a: Are You Sure?
|move|p1a: Are You Sure?|Stealth Rock|p2a: Ting-Lu|[from] ability: Magic Bounce
|-sidestart|p2: no ratings|move: Stealth Rock
|
|-heal|p2a: Ting-Lu|94/100|[from] Grassy Terrain
|-heal|p2a: Ting-Lu|100/100|[from] item: Leftovers
|-damage|p2a: Ting-Lu|88/100|[from] Salt Cure
|upkeep
|turn|4
|
|t:|1778507153
|move|p1a: Are You Sure?|Calm Mind|p1a: Are You Sure?
|-boost|p1a: Are You Sure?|spa|1
|-boost|p1a: Are You Sure?|spd|1
|move|p2a: Ting-Lu|Ruination|p1a: Are You Sure?
|-damage|p1a: Are You Sure?|50/100
|
|-heal|p1a: Are You Sure?|57/100|[from] Grassy Terrain
|-heal|p2a: Ting-Lu|94/100|[from] Grassy Terrain
|-heal|p2a: Ting-Lu|100/100|[from] item: Leftovers
|-damage|p2a: Ting-Lu|88/100|[from] Salt Cure
|upkeep
|turn|5
|
|t:|1778507160
|move|p1a: Are You Sure?|Draining Kiss|p2a: Ting-Lu
|-supereffective|p2a: Ting-Lu
|-damage|p2a: Ting-Lu|60/100
|-heal|p1a: Are You Sure?|98/100|[from] drain|[of] p2a: Ting-Lu
|move|p2a: Ting-Lu|Whirlwind|p1a: Are You Sure?
|move|p1a: Are You Sure?|Whirlwind|p2a: Ting-Lu|[from] ability: Magic Bounce
|drag|p2a: Zapdos|Zapdos|91/100
|
|-heal|p1a: Are You Sure?|100/100|[from] Grassy Terrain
|-fieldend|move: Grassy Terrain
|upkeep
|turn|6
|
|t:|1778507167
|move|p2a: Zapdos|Discharge|p1a: Are You Sure?
|-damage|p1a: Are You Sure?|74/100
|-status|p1a: Are You Sure?|par
|move|p1a: Are You Sure?|Psychic Noise|p2a: Zapdos
|-damage|p2a: Zapdos|39/100
|-start|p2a: Zapdos|move: Heal Block
|
|upkeep
|turn|7
|
|t:|1778507169
|move|p2a: Zapdos|U-turn|p1a: Are You Sure?
|-damage|p1a: Are You Sure?|66/100 par
|
|t:|1778507172
|switch|p2a: Ting-Lu|Ting-Lu|60/100|[from] U-turn
|-damage|p2a: Ting-Lu|53/100|[from] Stealth Rock
|-ability|p2a: Ting-Lu|Vessel of Ruin
|move|p1a: Are You Sure?|Psychic Noise|p2a: Ting-Lu
|-immune|p2a: Ting-Lu
|
|-heal|p2a: Ting-Lu|60/100|[from] item: Leftovers
|upkeep
|turn|8
|
|t:|1778507181
|switch|p2a: Gliscor|Gliscor, F|100/100
|-damage|p2a: Gliscor|88/100|[from] Stealth Rock
|move|p1a: Are You Sure?|Draining Kiss|p2a: Gliscor
|-damage|p2a: Gliscor|56/100
|-heal|p1a: Are You Sure?|97/100 par|[from] drain|[of] p2a: Gliscor
|
|-status|p2a: Gliscor|tox|[from] item: Toxic Orb
|upkeep
|turn|9
|
|t:|1778507188
|move|p2a: Gliscor|Earthquake|p1a: Are You Sure?
|-damage|p1a: Are You Sure?|75/100 par
|cant|p1a: Are You Sure?|par
|
|-heal|p2a: Gliscor|69/100 tox|[from] ability: Poison Heal
|upkeep
|turn|10
|
|t:|1778507198
|move|p2a: Gliscor|Protect|p2a: Gliscor
|-singleturn|p2a: Gliscor|Protect
|move|p1a: Are You Sure?|Psychic Noise|p2a: Gliscor
|-activate|p2a: Gliscor|move: Protect
|
|-heal|p2a: Gliscor|81/100 tox|[from] ability: Poison Heal
|upkeep
|turn|11
|
|t:|1778507201
|move|p2a: Gliscor|Earthquake|p1a: Are You Sure?
|-damage|p1a: Are You Sure?|53/100 par
|move|p1a: Are You Sure?|Psychic Noise|p2a: Gliscor
|-damage|p2a: Gliscor|35/100 tox
|-start|p2a: Gliscor|move: Heal Block
|
|upkeep
|turn|12
|
|t:|1778507218
|move|p2a: Gliscor|Protect|p2a: Gliscor
|-singleturn|p2a: Gliscor|Protect
|move|p1a: Are You Sure?|Draining Kiss|p2a: Gliscor
|-activate|p2a: Gliscor|move: Protect
|
|-end|p2a: Gliscor|move: Heal Block
|upkeep
|turn|13
|
|t:|1778507237
|switch|p2a: Ogerpon|Ogerpon-Wellspring, F|100/100
|-damage|p2a: Ogerpon|88/100|[from] Stealth Rock
|move|p1a: Are You Sure?|Psychic Noise|p2a: Ogerpon
|-damage|p2a: Ogerpon|32/100
|-start|p2a: Ogerpon|move: Heal Block
|
|upkeep
|turn|14
|
|t:|1778507244
|move|p2a: Ogerpon|Ivy Cudgel|p1a: Are You Sure?|[anim] Ivy Cudgel Water
|-damage|p1a: Are You Sure?|18/100 par
|cant|p1a: Are You Sure?|par
|
|-end|p2a: Ogerpon|move: Heal Block
|upkeep
|turn|15
|
|t:|1778507247
|move|p2a: Ogerpon|Ivy Cudgel|p1a: Are You Sure?|[anim] Ivy Cudgel Water
|-damage|p1a: Are You Sure?|0 fnt
|faint|p1a: Are You Sure?
|
|upkeep
|
|t:|1778507251
|switch|p1a: My Arrival Worm|Rillaboom, F|100/100
|-fieldstart|move: Grassy Terrain|[from] ability: Grassy Surge|[of] p1a: My Arrival Worm
|turn|16
|
|t:|1778507255
|switch|p2a: Zapdos|Zapdos|39/100
|move|p1a: My Arrival Worm|U-turn|p2a: Zapdos
|-resisted|p2a: Zapdos
|-damage|p2a: Zapdos|30/100
|
|t:|1778507261
|switch|p1a: Free to be Bees|Raging Bolt|100/100|[from] U-turn
|-enditem|p1a: Free to be Bees|Booster Energy
|-activate|p1a: Free to be Bees|ability: Protosynthesis|[fromitem]
|-start|p1a: Free to be Bees|protosynthesisspa
|
|upkeep
|turn|17
|
|t:|1778507268
|move|p2a: Zapdos|U-turn|p1a: Free to be Bees
|-damage|p1a: Free to be Bees|90/100
|
|t:|1778507271
|switch|p2a: Ting-Lu|Ting-Lu|60/100|[from] U-turn
|-damage|p2a: Ting-Lu|53/100|[from] Stealth Rock
|-ability|p2a: Ting-Lu|Vessel of Ruin
|move|p1a: Free to be Bees|Calm Mind|p1a: Free to be Bees
|-boost|p1a: Free to be Bees|spa|1
|-boost|p1a: Free to be Bees|spd|1
|
|-heal|p1a: Free to be Bees|97/100|[from] Grassy Terrain
|-heal|p2a: Ting-Lu|60/100|[from] Grassy Terrain
|-heal|p2a: Ting-Lu|66/100|[from] item: Leftovers
|upkeep
|turn|18
|
|t:|1778507274
|move|p1a: Free to be Bees|Draco Meteor|p2a: Ting-Lu
|-damage|p2a: Ting-Lu|5/100
|-unboost|p1a: Free to be Bees|spa|2
|move|p2a: Ting-Lu|Whirlwind|p1a: Free to be Bees
|-end|p1a: Free to be Bees|Protosynthesis|[silent]
|drag|p1a: "Show Me"|Frosmoth, M|100/100
|
|-heal|p2a: Ting-Lu|11/100|[from] Grassy Terrain
|-heal|p2a: Ting-Lu|18/100|[from] item: Leftovers
|upkeep
|turn|19
|c|☆Makatuk|Bruh
|
|t:|1778507289
|move|p1a: "Show Me"|Icy Wind|p2a: Ting-Lu
|-supereffective|p2a: Ting-Lu
|-damage|p2a: Ting-Lu|0 fnt
|faint|p2a: Ting-Lu
|
|upkeep
|
|t:|1778507301
|switch|p2a: Ogerpon|Ogerpon-Wellspring, F|32/100
|-damage|p2a: Ogerpon|20/100|[from] Stealth Rock
|turn|20
|
|t:|1778507308
|switch|p1a: Free to be Bees|Raging Bolt|97/100
|move|p2a: Ogerpon|Ivy Cudgel|p1a: Free to be Bees|[anim] Ivy Cudgel Water
|-resisted|p1a: Free to be Bees
|-damage|p1a: Free to be Bees|73/100
|
|-heal|p2a: Ogerpon|26/100|[from] Grassy Terrain
|-heal|p1a: Free to be Bees|79/100|[from] Grassy Terrain
|-fieldend|move: Grassy Terrain
|upkeep
|turn|21
|
|t:|1778507312
|move|p2a: Ogerpon|Taunt|p1a: Free to be Bees
|-start|p1a: Free to be Bees|move: Taunt
|move|p1a: Free to be Bees|Thunderbolt|p2a: Ogerpon
|-damage|p2a: Ogerpon|0 fnt
|faint|p2a: Ogerpon
|
|upkeep
|
|t:|1778507317
|switch|p2a: Kingambit|Kingambit, M|100/100
|-damage|p2a: Kingambit|94/100|[from] Stealth Rock
|-activate|p2a: Kingambit|ability: Supreme Overlord
|-start|p2a: Kingambit|fallen2|[silent]
|turn|22
|
|t:|1778507322
|move|p2a: Kingambit|Kowtow Cleave|p1a: Free to be Bees
|-damage|p1a: Free to be Bees|37/100
|move|p1a: Free to be Bees|Thunderbolt|p2a: Kingambit
|-damage|p2a: Kingambit|34/100
|
|-heal|p2a: Kingambit|40/100|[from] item: Leftovers
|upkeep
|turn|23
|
|t:|1778507330
|-end|p2a: Kingambit|fallen2|[silent]
|switch|p2a: Gliscor|Gliscor, F|35/100 tox
|-damage|p2a: Gliscor|23/100 tox|[from] Stealth Rock
|move|p1a: Free to be Bees|Thunderbolt|p2a: Gliscor
|-immune|p2a: Gliscor
|
|-heal|p2a: Gliscor|35/100 tox|[from] ability: Poison Heal
|-end|p1a: Free to be Bees|move: Taunt
|upkeep
|turn|24
|
|t:|1778507337
|-end|p1a: Free to be Bees|Protosynthesis|[silent]
|switch|p1a: My Arrival Worm|Rillaboom, F|100/100
|-fieldstart|move: Grassy Terrain|[from] ability: Grassy Surge|[of] p1a: My Arrival Worm
|move|p2a: Gliscor|Toxic Spikes|p1a: My Arrival Worm
|-sidestart|p1: Makatuk|move: Toxic Spikes
|
|-heal|p2a: Gliscor|48/100 tox|[from] ability: Poison Heal
|upkeep
|turn|25
|
|t:|1778507346
|move|p2a: Gliscor|Protect|p2a: Gliscor
|-singleturn|p2a: Gliscor|Protect
|move|p1a: My Arrival Worm|Wood Hammer|p2a: Gliscor
|-activate|p2a: Gliscor|move: Protect
|
|-heal|p2a: Gliscor|60/100 tox|[from] ability: Poison Heal
|upkeep
|turn|26
|
|t:|1778507358
|switch|p2a: Zapdos|Zapdos|30/100
|move|p1a: My Arrival Worm|Wood Hammer|p2a: Zapdos
|-resisted|p2a: Zapdos
|-damage|p2a: Zapdos|0 fnt
|-status|p1a: My Arrival Worm|par|[from] ability: Static|[of] p2a: Zapdos
|faint|p2a: Zapdos
|-damage|p1a: My Arrival Worm|91/100 par|[from] Recoil
|
|-heal|p1a: My Arrival Worm|97/100 par|[from] Grassy Terrain
|upkeep
|
|t:|1778507361
|switch|p2a: Dragapult|Dragapult, F|100/100
|turn|27
|
|t:|1778507369
|move|p2a: Dragapult|Dragon Darts|p1a: My Arrival Worm
|-damage|p1a: My Arrival Worm|77/100 par
|-anim|p2a: Dragapult|Dragon Darts|p1a: My Arrival Worm
|-damage|p1a: My Arrival Worm|57/100 par
|move|p1a: My Arrival Worm|Wood Hammer|p2a: Dragapult
|-resisted|p2a: Dragapult
|-damage|p2a: Dragapult|43/100
|-damage|p1a: My Arrival Worm|42/100 par|[from] Recoil
|
|-heal|p2a: Dragapult|49/100|[from] Grassy Terrain
|-heal|p1a: My Arrival Worm|48/100 par|[from] Grassy Terrain
|upkeep
|turn|28
|
|t:|1778507384
|move|p1a: My Arrival Worm|Grassy Glide|p2a: Dragapult
|-resisted|p2a: Dragapult
|-damage|p2a: Dragapult|21/100
|move|p2a: Dragapult|Hex|p1a: My Arrival Worm
|-damage|p1a: My Arrival Worm|5/100 par
|
|-heal|p2a: Dragapult|27/100|[from] Grassy Terrain
|-heal|p1a: My Arrival Worm|11/100 par|[from] Grassy Terrain
|-fieldend|move: Grassy Terrain
|upkeep
|turn|29
|
|t:|1778507391
|move|p2a: Dragapult|U-turn|p1a: My Arrival Worm
|-supereffective|p1a: My Arrival Worm
|-damage|p1a: My Arrival Worm|0 fnt
|faint|p1a: My Arrival Worm
|
|t:|1778507393
|switch|p2a: Gliscor|Gliscor, F|60/100 tox|[from] U-turn
|-damage|p2a: Gliscor|48/100 tox|[from] Stealth Rock
|
|-heal|p2a: Gliscor|60/100 tox|[from] ability: Poison Heal
|upkeep
|
|t:|1778507403
|switch|p1a: SEAAA SAAAAAALT!!!|Garganacl, M|100/100
|turn|30
|
|t:|1778507407
|move|p2a: Gliscor|Earthquake|p1a: SEAAA SAAAAAALT!!!
|-supereffective|p1a: SEAAA SAAAAAALT!!!
|-damage|p1a: SEAAA SAAAAAALT!!!|58/100
|move|p1a: SEAAA SAAAAAALT!!!|Iron Defense|p1a: SEAAA SAAAAAALT!!!
|-boost|p1a: SEAAA SAAAAAALT!!!|def|2
|
|-heal|p1a: SEAAA SAAAAAALT!!!|65/100|[from] item: Leftovers
|-heal|p2a: Gliscor|73/100 tox|[from] ability: Poison Heal
|upkeep
|turn|31
|
|t:|1778507413
|move|p2a: Gliscor|Earthquake|p1a: SEAAA SAAAAAALT!!!
|-supereffective|p1a: SEAAA SAAAAAALT!!!
|-damage|p1a: SEAAA SAAAAAALT!!!|43/100
|move|p1a: SEAAA SAAAAAALT!!!|Iron Defense|p1a: SEAAA SAAAAAALT!!!
|-boost|p1a: SEAAA SAAAAAALT!!!|def|2
|
|-heal|p1a: SEAAA SAAAAAALT!!!|50/100|[from] item: Leftovers
|-heal|p2a: Gliscor|85/100 tox|[from] ability: Poison Heal
|upkeep
|turn|32
|
|t:|1778507416
|switch|p2a: Kingambit|Kingambit, M|40/100
|-damage|p2a: Kingambit|34/100|[from] Stealth Rock
|-activate|p2a: Kingambit|ability: Supreme Overlord
|-start|p2a: Kingambit|fallen3|[silent]
|move|p1a: SEAAA SAAAAAALT!!!|Recover|p1a: SEAAA SAAAAAALT!!!
|-heal|p1a: SEAAA SAAAAAALT!!!|99/100
|
|-heal|p2a: Kingambit|40/100|[from] item: Leftovers
|-heal|p1a: SEAAA SAAAAAALT!!!|100/100|[from] item: Leftovers
|upkeep
|turn|33
|
|t:|1778507423
|-terastallize|p2a: Kingambit|Fighting
|move|p2a: Kingambit|Low Kick|p1a: SEAAA SAAAAAALT!!!
|-supereffective|p1a: SEAAA SAAAAAALT!!!
|-damage|p1a: SEAAA SAAAAAALT!!!|61/100
|move|p1a: SEAAA SAAAAAALT!!!|Salt Cure|p2a: Kingambit
|-resisted|p2a: Kingambit
|-damage|p2a: Kingambit|34/100
|-start|p2a: Kingambit|Salt Cure
|
|-heal|p2a: Kingambit|40/100|[from] item: Leftovers
|-heal|p1a: SEAAA SAAAAAALT!!!|68/100|[from] item: Leftovers
|-damage|p2a: Kingambit|28/100|[from] Salt Cure
|upkeep
|turn|34
|
|t:|1778507431
|move|p1a: SEAAA SAAAAAALT!!!|Protect|p1a: SEAAA SAAAAAALT!!!
|-singleturn|p1a: SEAAA SAAAAAALT!!!|Protect
|move|p2a: Kingambit|Low Kick|p1a: SEAAA SAAAAAALT!!!
|-activate|p1a: SEAAA SAAAAAALT!!!|move: Protect
|
|-heal|p2a: Kingambit|34/100|[from] item: Leftovers
|-heal|p1a: SEAAA SAAAAAALT!!!|74/100|[from] item: Leftovers
|-damage|p2a: Kingambit|22/100|[from] Salt Cure
|upkeep
|turn|35
|
|t:|1778507439
|-terastallize|p1a: SEAAA SAAAAAALT!!!|Ghost
|move|p2a: Kingambit|Low Kick|p1a: SEAAA SAAAAAALT!!!
|-immune|p1a: SEAAA SAAAAAALT!!!
|move|p1a: SEAAA SAAAAAALT!!!|Iron Defense|p1a: SEAAA SAAAAAALT!!!
|-boost|p1a: SEAAA SAAAAAALT!!!|def|2
|
|-heal|p2a: Kingambit|28/100|[from] item: Leftovers
|-heal|p1a: SEAAA SAAAAAALT!!!|80/100|[from] item: Leftovers
|-damage|p2a: Kingambit|15/100|[from] Salt Cure
|upkeep
|turn|36
|
|t:|1778507443
|move|p2a: Kingambit|Swords Dance|p2a: Kingambit
|-boost|p2a: Kingambit|atk|2
|move|p1a: SEAAA SAAAAAALT!!!|Salt Cure|p2a: Kingambit
|-resisted|p2a: Kingambit
|-damage|p2a: Kingambit|10/100
|
|-heal|p2a: Kingambit|16/100|[from] item: Leftovers
|-heal|p1a: SEAAA SAAAAAALT!!!|86/100|[from] item: Leftovers
|-damage|p2a: Kingambit|3/100|[from] Salt Cure
|upkeep
|turn|37
|
|t:|1778507448
|move|p1a: SEAAA SAAAAAALT!!!|Protect|p1a: SEAAA SAAAAAALT!!!
|-singleturn|p1a: SEAAA SAAAAAALT!!!|Protect
|move|p2a: Kingambit|Kowtow Cleave|p1a: SEAAA SAAAAAALT!!!
|-activate|p1a: SEAAA SAAAAAALT!!!|move: Protect
|
|-heal|p2a: Kingambit|10/100|[from] item: Leftovers
|-heal|p1a: SEAAA SAAAAAALT!!!|92/100|[from] item: Leftovers
|-damage|p2a: Kingambit|0 fnt|[from] Salt Cure
|faint|p2a: Kingambit
|-end|p2a: Kingambit|fallen3|[silent]
|upkeep
|
|t:|1778507459
|switch|p2a: Dragapult|Dragapult, F|27/100
|turn|38
|
|t:|1778507462
|move|p2a: Dragapult|Hex|p1a: SEAAA SAAAAAALT!!!
|-supereffective|p1a: SEAAA SAAAAAALT!!!
|-damage|p1a: SEAAA SAAAAAALT!!!|75/100
|move|p1a: SEAAA SAAAAAALT!!!|Salt Cure|p2a: Dragapult
|-damage|p2a: Dragapult|7/100
|-start|p2a: Dragapult|Salt Cure
|
|-heal|p1a: SEAAA SAAAAAALT!!!|81/100|[from] item: Leftovers
|-damage|p2a: Dragapult|0 fnt|[from] Salt Cure
|faint|p2a: Dragapult
|upkeep
|-message|no ratings forfeited.
|
|win|Makatuk
|raw|Makatuk's rating: 1504 &rarr; <strong>1523</strong><br />(+19 for winning)
|raw|no ratings's rating: 1483 &rarr; <strong>1464</strong><br />(-19 for losing)
|l|☆no ratings
|player|p2|
|l|☆Makatuk
|player|p1|
