|html|<div class="broadcast-blue"><strong>[Gen 9] OU is currently suspecting Tera Blast! For information on how to participate check out the <a href="https://www.smogon.com/tools/suspects/view/200">suspect thread</a>.</strong></div>
|j|☆cchang21
|j|☆Oxmen
|t:|1776184867
|gametype|singles
|player|p1|cchang21|zinnia-masters|1373
|player|p2|Oxmen|dragontamer|1405
|gen|9
|tier|[Gen 9] OU
|rated|
|rule|HP Percentage Mod: HP is shown in percentages
|rule|Endless Battle Clause: Forcing endless battles is banned
|rule|Species Clause: Limit one of each Pokémon
|rule|OHKO Clause: OHKO moves are banned
|rule|Evasion Items Clause: Evasion items are banned
|rule|Evasion Moves Clause: Evasion moves are banned
|rule|Evasion Abilities Clause: Evasion abilities are banned
|rule|Sleep Moves Clause: Sleep-inducing moves are banned
|clearpoke
|poke|p1|Samurott-Hisui, F|
|poke|p1|Zapdos|
|poke|p1|Iron Treads|
|poke|p1|Ceruledge, M|
|poke|p1|Gholdengo|
|poke|p1|Kingambit, M|
|poke|p2|Rotom|
|poke|p2|Kingambit, F|
|poke|p2|Volcanion|
|poke|p2|Iron Valiant|
|poke|p2|Landorus-Therian, M|
|poke|p2|Deoxys-Speed|
|teampreview
|inactive|Battle timer is ON: inactive players will automatically lose when time's up. (requested by cchang21)
|inactive|Oxmen has 120 seconds left.
|
|t:|1776184908
|teamsize|p1|6
|teamsize|p2|6
|start
|switch|p1a: Samurott|Samurott-Hisui, F|100/100
|switch|p2a: Deoxys|Deoxys-Speed|100/100
|-ability|p2a: Deoxys|Pressure
|turn|1
|
|t:|1776184915
|move|p2a: Deoxys|Superpower|p1a: Samurott
|-supereffective|p1a: Samurott
|-damage|p1a: Samurott|31/100
|-unboost|p2a: Deoxys|atk|1
|-unboost|p2a: Deoxys|def|1
|-enditem|p2a: Deoxys|Eject Pack
|
|t:|1776184923
|switch|p2a: Landorus|Landorus-Therian, M|100/100
|-ability|p2a: Landorus|Intimidate|boost
|-unboost|p1a: Samurott|atk|1
|move|p1a: Samurott|Ceaseless Edge|p2a: Landorus
|-damage|p2a: Landorus|73/100
|-damage|p1a: Samurott|14/100|[from] item: Rocky Helmet|[of] p2a: Landorus
|-sidestart|p2: Oxmen|Spikes
|
|upkeep
|turn|2
|
|t:|1776184931
|switch|p1a: Zapdos|Zapdos|100/100
|move|p2a: Landorus|U-turn|p1a: Zapdos
|-resisted|p1a: Zapdos
|-damage|p1a: Zapdos|93/100
|
|t:|1776184947
|switch|p2a: Deoxys|Deoxys-Speed|100/100|[from] U-turn
|-damage|p2a: Deoxys|88/100|[from] Spikes
|-ability|p2a: Deoxys|Pressure
|
|upkeep
|turn|3
|
|t:|1776184966
|switch|p1a: Kingambit|Kingambit, M|100/100
|move|p2a: Deoxys|Spikes|p1a: Kingambit
|-sidestart|p1: cchang21|Spikes
|
|upkeep
|turn|4
|
|t:|1776184979
|move|p1a: Kingambit|Sucker Punch|p2a: Deoxys
|-supereffective|p2a: Deoxys
|-damage|p2a: Deoxys|0 fnt
|faint|p2a: Deoxys
|
|upkeep
|inactive|Oxmen has 120 seconds left.
|
|t:|1776185006
|switch|p2a: glib|Rotom|100/100
|turn|5
|
|t:|1776185011
|move|p1a: Kingambit|Sucker Punch||[still]
|-fail|p1a: Kingambit
|move|p2a: glib|Will-O-Wisp|p1a: Kingambit
|-status|p1a: Kingambit|brn
|
|-damage|p1a: Kingambit|94/100 brn|[from] brn
|upkeep
|turn|6
|
|t:|1776185025
|switch|p2a: Landorus|Landorus-Therian, M|73/100
|-ability|p2a: Landorus|Intimidate|boost
|-unboost|p1a: Kingambit|atk|1
|-end|p1a: Kingambit|fallenundefined|[silent]
|switch|p1a: Iron Treads|Iron Treads|100/100
|-damage|p1a: Iron Treads|88/100|[from] Spikes
|
|-heal|p1a: Iron Treads|94/100|[from] item: Leftovers
|upkeep
|turn|7
|inactive|Oxmen has 120 seconds left.
|
|t:|1776185046
|move|p1a: Iron Treads|Rapid Spin|p2a: Landorus
|-damage|p2a: Landorus|59/100
|-boost|p1a: Iron Treads|spe|1
|-damage|p1a: Iron Treads|78/100|[from] item: Rocky Helmet|[of] p2a: Landorus
|-sideend|p1: cchang21|Spikes|[from] move: Rapid Spin|[of] p1a: Iron Treads
|move|p2a: Landorus|Stealth Rock|p1a: Iron Treads
|-sidestart|p1: cchang21|move: Stealth Rock
|
|-heal|p1a: Iron Treads|84/100|[from] item: Leftovers
|upkeep
|turn|8
|inactive|Oxmen has 120 seconds left.
|inactive|cchang21 has 120 seconds left.
|
|t:|1776185075
|-end|p1a: Iron Treads|Quark Drive|[silent]
|switch|p1a: Gholdengo|Gholdengo|100/100
|-damage|p1a: Gholdengo|94/100|[from] Stealth Rock
|-item|p1a: Gholdengo|Air Balloon
|switch|p2a: glib|Rotom|100/100
|
|upkeep
|turn|9
|inactive|Oxmen has 120 seconds left.
|inactive|cchang21 has 120 seconds left.
|
|t:|1776185108
|move|p2a: glib|Volt Switch|p1a: Gholdengo
|-damage|p1a: Gholdengo|74/100
|-enditem|p1a: Gholdengo|Air Balloon
|inactive|Oxmen has 90 seconds left.
|
|t:|1776185119
|switch|p2a: Landorus|Landorus-Therian, M|59/100|[from] Volt Switch
|-ability|p2a: Landorus|Intimidate|boost
|-unboost|p1a: Gholdengo|atk|1
|move|p1a: Gholdengo|Hex|p2a: Landorus
|-damage|p2a: Landorus|29/100
|
|upkeep
|turn|10
|inactive|cchang21 has 120 seconds left.
|inactive|Oxmen has 90 seconds left.
|
|t:|1776185133
|switch|p1a: Zapdos|Zapdos|93/100
|move|p2a: Landorus|Earthquake|p1a: Zapdos
|-immune|p1a: Zapdos
|
|upkeep
|turn|11
|inactive|Oxmen has 90 seconds left.
|
|t:|1776185144
|move|p2a: Landorus|Taunt|p1a: Zapdos
|-start|p1a: Zapdos|move: Taunt
|move|p1a: Zapdos|Hurricane|p2a: Landorus|[miss]
|-miss|p1a: Zapdos|p2a: Landorus
|
|upkeep
|turn|12
|inactive|Oxmen has 90 seconds left.
|
|t:|1776185158
|move|p2a: Landorus|U-turn|p1a: Zapdos
|-resisted|p1a: Zapdos
|-damage|p1a: Zapdos|85/100
|
|t:|1776185161
|switch|p2a: glib|Rotom|100/100|[from] U-turn
|move|p1a: Zapdos|Volt Switch|p2a: glib
|-resisted|p2a: glib
|-damage|p2a: glib|83/100
|
|t:|1776185168
|switch|p1a: Iron Treads|Iron Treads|84/100|[from] Volt Switch
|-damage|p1a: Iron Treads|81/100|[from] Stealth Rock
|
|-heal|p1a: Iron Treads|87/100|[from] item: Leftovers
|upkeep
|turn|13
|
|t:|1776185172
|move|p1a: Iron Treads|Knock Off|p2a: glib
|-supereffective|p2a: glib
|-enditem|p2a: glib|Colbur Berry|[eat]
|-enditem|p2a: glib|Colbur Berry|[weaken]
|-damage|p2a: glib|52/100
|move|p2a: glib|Will-O-Wisp|p1a: Iron Treads
|-status|p1a: Iron Treads|brn
|
|-heal|p1a: Iron Treads|93/100 brn|[from] item: Leftovers
|-damage|p1a: Iron Treads|87/100 brn|[from] brn
|upkeep
|turn|14
|
|t:|1776185189
|move|p1a: Iron Treads|Stealth Rock|p2a: glib
|-sidestart|p2: Oxmen|move: Stealth Rock
|move|p2a: glib|Pain Split|p1a: Iron Treads
|-sethp|p1a: Iron Treads|68/100 brn|[from] move: Pain Split|[silent]
|-sethp|p2a: glib|72/100|[from] move: Pain Split
|
|-heal|p1a: Iron Treads|74/100 brn|[from] item: Leftovers
|-damage|p1a: Iron Treads|68/100 brn|[from] brn
|upkeep
|turn|15
|
|t:|1776185198
|-end|p1a: Iron Treads|Quark Drive|[silent]
|switch|p1a: Zapdos|Zapdos|85/100
|move|p2a: glib|Hex|p1a: Zapdos
|-damage|p1a: Zapdos|66/100
|
|upkeep
|turn|16
|inactive|Oxmen has 90 seconds left.
|
|t:|1776185229
|move|p1a: Zapdos|Roost|p1a: Zapdos
|-heal|p1a: Zapdos|100/100
|-singleturn|p1a: Zapdos|move: Roost
|move|p2a: glib|Volt Switch|p1a: Zapdos
|-resisted|p1a: Zapdos
|-damage|p1a: Zapdos|90/100
|inactive|Oxmen has 90 seconds left.
|
|t:|1776185243
|switch|p2a: Kingambit|Kingambit, F|100/100|[from] Volt Switch
|-damage|p2a: Kingambit|88/100|[from] Spikes
|-damage|p2a: Kingambit|82/100|[from] Stealth Rock
|-activate|p2a: Kingambit|ability: Supreme Overlord
|-start|p2a: Kingambit|fallen1|[silent]
|
|-heal|p2a: Kingambit|88/100|[from] item: Leftovers
|upkeep
|turn|17
|
|t:|1776185261
|move|p1a: Zapdos|Thunder Wave|p2a: Kingambit
|-status|p2a: Kingambit|par
|move|p2a: Kingambit|Swords Dance|p2a: Kingambit
|-boost|p2a: Kingambit|atk|2
|
|-heal|p2a: Kingambit|94/100 par|[from] item: Leftovers
|upkeep
|turn|18
|
|t:|1776185276
|move|p1a: Zapdos|Volt Switch|p2a: Kingambit
|-damage|p2a: Kingambit|59/100 par
|
|t:|1776185289
|switch|p1a: Iron Treads|Iron Treads|68/100 brn|[from] Volt Switch
|-damage|p1a: Iron Treads|65/100 brn|[from] Stealth Rock
|cant|p2a: Kingambit|par
|
|-heal|p1a: Iron Treads|71/100 brn|[from] item: Leftovers
|-heal|p2a: Kingambit|65/100 par|[from] item: Leftovers
|-damage|p1a: Iron Treads|65/100 brn|[from] brn
|upkeep
|turn|19
|
|t:|1776185301
|-end|p2a: Kingambit|fallen1|[silent]
|switch|p2a: glib|Rotom|72/100
|-damage|p2a: glib|60/100|[from] Stealth Rock
|move|p1a: Iron Treads|Rapid Spin|p2a: glib
|-immune|p2a: glib
|
|-heal|p1a: Iron Treads|71/100 brn|[from] item: Leftovers
|-damage|p1a: Iron Treads|65/100 brn|[from] brn
|upkeep
|turn|20
|
|t:|1776185316
|-end|p1a: Iron Treads|Quark Drive|[silent]
|switch|p1a: Zapdos|Zapdos|90/100
|move|p2a: glib|Will-O-Wisp|p1a: Zapdos
|-status|p1a: Zapdos|brn
|
|-damage|p1a: Zapdos|84/100 brn|[from] brn
|upkeep
|turn|21
|
|t:|1776185328
|move|p1a: Zapdos|Hurricane|p2a: glib|[miss]
|-miss|p1a: Zapdos|p2a: glib
|move|p2a: glib|Hex|p1a: Zapdos
|-damage|p1a: Zapdos|42/100 brn
|
|-damage|p1a: Zapdos|36/100 brn|[from] brn
|upkeep
|turn|22
|
|t:|1776185339
|move|p1a: Zapdos|Volt Switch|p2a: glib
|-resisted|p2a: glib
|-damage|p2a: glib|42/100
|
|t:|1776185347
|switch|p1a: Iron Treads|Iron Treads|65/100 brn|[from] Volt Switch
|-damage|p1a: Iron Treads|62/100 brn|[from] Stealth Rock
|move|p2a: glib|Pain Split|p1a: Iron Treads
|-sethp|p1a: Iron Treads|51/100 brn|[from] move: Pain Split|[silent]
|-sethp|p2a: glib|54/100|[from] move: Pain Split
|
|-heal|p1a: Iron Treads|57/100 brn|[from] item: Leftovers
|-damage|p1a: Iron Treads|51/100 brn|[from] brn
|upkeep
|turn|23
|inactive|Oxmen has 120 seconds left.
|
|t:|1776185357
|move|p1a: Iron Treads|Knock Off|p2a: glib
|-supereffective|p2a: glib
|-damage|p2a: glib|33/100
|move|p2a: glib|Hex|p1a: Iron Treads
|-damage|p1a: Iron Treads|0 fnt
|faint|p1a: Iron Treads
|-end|p1a: Iron Treads|Quark Drive|[silent]
|
|upkeep
|
|t:|1776185379
|switch|p1a: Samurott|Samurott-Hisui, F|14/100
|-damage|p1a: Samurott|2/100|[from] Stealth Rock
|turn|24
|
|t:|1776185387
|switch|p2a: Landorus|Landorus-Therian, M|29/100
|-damage|p2a: Landorus|16/100|[from] Stealth Rock
|-ability|p2a: Landorus|Intimidate|boost
|-unboost|p1a: Samurott|atk|1
|move|p1a: Samurott|Ceaseless Edge|p2a: Landorus
|-damage|p2a: Landorus|0 fnt
|-damage|p1a: Samurott|0 fnt|[from] item: Rocky Helmet|[of] p2a: Landorus
|faint|p2a: Landorus
|faint|p1a: Samurott
|
|upkeep
|inactive|Oxmen has 120 seconds left.
|
|t:|1776185425
|switch|p2a: glib|Rotom|33/100
|switch|p1a: Gholdengo|Gholdengo|74/100
|-damage|p2a: glib|21/100|[from] Stealth Rock
|-damage|p1a: Gholdengo|67/100|[from] Stealth Rock
|turn|25
|
|t:|1776185431
|move|p2a: glib|Hex|p1a: Gholdengo
|-supereffective|p1a: Gholdengo
|-damage|p1a: Gholdengo|26/100
|move|p1a: Gholdengo|Hex|p2a: glib
|-supereffective|p2a: glib
|-damage|p2a: glib|0 fnt
|faint|p2a: glib
|
|upkeep
|
|t:|1776185441
|switch|p2a: Iron Valiant|Iron Valiant|100/100
|-damage|p2a: Iron Valiant|88/100|[from] Spikes
|-damage|p2a: Iron Valiant|82/100|[from] Stealth Rock
|-enditem|p2a: Iron Valiant|Booster Energy
|-activate|p2a: Iron Valiant|ability: Quark Drive|[fromitem]
|-start|p2a: Iron Valiant|quarkdrivespe
|turn|26
|
|t:|1776185454
|move|p2a: Iron Valiant|Knock Off|p1a: Gholdengo
|-supereffective|p1a: Gholdengo
|-damage|p1a: Gholdengo|0 fnt
|faint|p1a: Gholdengo
|
|upkeep
|
|t:|1776185474
|switch|p1a: Ceruledge|Ceruledge, M|100/100
|turn|27
|
|t:|1776185480
|-terastallize|p2a: Iron Valiant|Stellar
|move|p2a: Iron Valiant|Knock Off|p1a: Ceruledge
|-supereffective|p1a: Ceruledge
|-damage|p1a: Ceruledge|0 fnt
|-enditem|p1a: Ceruledge|Heavy-Duty Boots|[from] move: Knock Off|[of] p2a: Iron Valiant
|faint|p1a: Ceruledge
|
|upkeep
|
|t:|1776185485
|switch|p1a: Zapdos|Zapdos|36/100 brn
|turn|28
|inactive|Oxmen has 120 seconds left.
|
|t:|1776185491
|-terastallize|p1a: Zapdos|Steel
|move|p2a: Iron Valiant|Moonblast|p1a: Zapdos
|-resisted|p1a: Zapdos
|-damage|p1a: Zapdos|10/100 brn
|move|p1a: Zapdos|Hurricane|p2a: Iron Valiant
|-supereffective|p2a: Iron Valiant
|-damage|p2a: Iron Valiant|0 fnt
|faint|p2a: Iron Valiant
|-end|p2a: Iron Valiant|Quark Drive|[silent]
|
|-damage|p1a: Zapdos|4/100 brn|[from] brn
|upkeep
|inactive|Oxmen has 120 seconds left.
|
|t:|1776185504
|switch|p2a: Kingambit|Kingambit, F|65/100 par
|-damage|p2a: Kingambit|53/100 par|[from] Spikes
|-damage|p2a: Kingambit|47/100 par|[from] Stealth Rock
|-activate|p2a: Kingambit|ability: Supreme Overlord
|-start|p2a: Kingambit|fallen4|[silent]
|turn|29
|
|t:|1776185509
|move|p1a: Zapdos|Roost|p1a: Zapdos
|-heal|p1a: Zapdos|54/100 brn
|move|p2a: Kingambit|Low Kick|p1a: Zapdos
|-supereffective|p1a: Zapdos
|-damage|p1a: Zapdos|0 fnt
|faint|p1a: Zapdos
|
|-heal|p2a: Kingambit|53/100 par|[from] item: Leftovers
|upkeep
|
|t:|1776185513
|switch|p1a: Kingambit|Kingambit, M|94/100 brn
|-damage|p1a: Kingambit|88/100 brn|[from] Stealth Rock
|-activate|p1a: Kingambit|ability: Supreme Overlord
|-start|p1a: Kingambit|fallen5|[silent]
|turn|30
|
|t:|1776185516
|move|p1a: Kingambit|Low Kick|p2a: Kingambit
|-supereffective|p2a: Kingambit
|-damage|p2a: Kingambit|0 fnt
|faint|p2a: Kingambit
|-end|p2a: Kingambit|fallen4|[silent]
|
|-heal|p1a: Kingambit|94/100 brn|[from] item: Leftovers
|-damage|p1a: Kingambit|88/100 brn|[from] brn
|upkeep
|
|t:|1776185519
|switch|p2a: Volcanion|Volcanion|100/100
|-damage|p2a: Volcanion|88/100|[from] Spikes
|-damage|p2a: Volcanion|63/100|[from] Stealth Rock
|turn|31
|
|t:|1776185527
|move|p2a: Volcanion|Flamethrower|p1a: Kingambit
|-supereffective|p1a: Kingambit
|-damage|p1a: Kingambit|0 fnt
|faint|p1a: Kingambit
|-end|p1a: Kingambit|fallen5|[silent]
|
|win|Oxmen
|raw|cchang21's rating: 1373 &rarr; <strong>1355</strong><br />(-18 for losing)
|raw|Oxmen's rating: 1405 &rarr; <strong>1423</strong><br />(+18 for winning)
|l|☆cchang21
|player|p1|
|c|☆Oxmen|gg
