|html|<div class="broadcast-blue"><strong>[Gen 9] OU is currently suspecting Tera Blast! For information on how to participate check out the <a href="https://www.smogon.com/tools/suspects/view/200">suspect thread</a>.</strong></div>
|j|☆carottedu35
|j|☆sfbhavszbxvkhlas
|t:|1776063350
|gametype|singles
|player|p1|carottedu35|266|1213
|player|p2|sfbhavszbxvkhlas|infielder|1253
|gen|9
|tier|[Gen 9] OU
|rated|
|rule|HP Percentage Mod: HP is shown in percentages
|rule|Endless Battle Clause: Forcing endless battles is banned
|rule|Species Clause: Limit one of each Pokémon
|rule|OHKO Clause: OHKO moves are banned
|rule|Evasion Items Clause: Evasion items are banned
|rule|Evasion Moves Clause: Evasion moves are banned
|rule|Evasion Abilities Clause: Evasion abilities are banned
|rule|Sleep Moves Clause: Sleep-inducing moves are banned
|clearpoke
|poke|p1|Sinistcha|
|poke|p1|Gholdengo|
|poke|p1|Samurott-Hisui, F|
|poke|p1|Landorus-Therian, M|
|poke|p1|Zamazenta-*|
|poke|p1|Lokix, M|
|poke|p2|Exeggutor-Alola, M|
|poke|p2|Heatran, F|
|poke|p2|Dragapult, M|
|poke|p2|Gliscor, F|
|poke|p2|Alomomola, F|
|poke|p2|Great Tusk|
|teampreview
|
|t:|1776063381
|teamsize|p1|6
|teamsize|p2|6
|start
|switch|p1a: Landorus|Landorus-Therian, M|100/100
|switch|p2a: Gliscor|Gliscor, F|100/100
|-ability|p1a: Landorus|Intimidate|boost
|-unboost|p2a: Gliscor|atk|1
|turn|1
|
|t:|1776063392
|move|p2a: Gliscor|Knock Off|p1a: Landorus
|-damage|p1a: Landorus|91/100
|-damage|p2a: Gliscor|84/100|[from] item: Rocky Helmet|[of] p1a: Landorus
|-enditem|p1a: Landorus|Rocky Helmet|[from] move: Knock Off|[of] p2a: Gliscor
|move|p1a: Landorus|Taunt|p2a: Gliscor
|-start|p2a: Gliscor|move: Taunt
|
|-status|p2a: Gliscor|tox|[from] item: Toxic Orb
|upkeep
|turn|2
|
|t:|1776063405
|switch|p2a: Great Tusk|Great Tusk|100/100
|move|p1a: Landorus|Stealth Rock|p2a: Great Tusk
|-sidestart|p2: sfbhavszbxvkhlas|move: Stealth Rock
|
|upkeep
|turn|3
|
|t:|1776063417
|switch|p1a: Thé Whatsapp|Sinistcha|100/100
|move|p2a: Great Tusk|Knock Off|p1a: Thé Whatsapp
|-supereffective|p1a: Thé Whatsapp
|-damage|p1a: Thé Whatsapp|5/100
|-enditem|p1a: Thé Whatsapp|Heavy-Duty Boots|[from] move: Knock Off|[of] p2a: Great Tusk
|
|upkeep
|turn|4
|
|t:|1776063434
|-end|p2a: Great Tusk|Protosynthesis|[silent]
|switch|p2a: Gliscor|Gliscor, F|84/100 tox
|-damage|p2a: Gliscor|72/100 tox|[from] Stealth Rock
|switch|p1a: Landorus|Landorus-Therian, M|91/100
|-ability|p1a: Landorus|Intimidate|boost
|-unboost|p2a: Gliscor|atk|1
|
|-heal|p2a: Gliscor|84/100 tox|[from] ability: Poison Heal
|upkeep
|turn|5
|
|t:|1776063443
|move|p2a: Gliscor|Spikes|p1a: Landorus
|-sidestart|p1: carottedu35|Spikes
|move|p1a: Landorus|Taunt|p2a: Gliscor
|-start|p2a: Gliscor|move: Taunt
|
|-heal|p2a: Gliscor|97/100 tox|[from] ability: Poison Heal
|upkeep
|turn|6
|
|t:|1776063488
|switch|p2a: Dragapult|Dragapult, M|100/100
|move|p1a: Landorus|Earth Power|p2a: Dragapult
|-crit|p2a: Dragapult
|-damage|p2a: Dragapult|22/100
|
|upkeep
|turn|7
|
|t:|1776063508
|move|p2a: Dragapult|Dragon Darts|p1a: Landorus
|-damage|p1a: Landorus|77/100
|-anim|p2a: Dragapult|Dragon Darts|p1a: Landorus
|-damage|p1a: Landorus|62/100
|move|p1a: Landorus|Earth Power|p2a: Dragapult
|-damage|p2a: Dragapult|0 fnt
|faint|p2a: Dragapult
|
|upkeep
|c|☆sfbhavszbxvkhlas|bruh
|
|t:|1776063533
|switch|p2a: Exeggutor|Exeggutor-Alola, M|100/100
|-damage|p2a: Exeggutor|88/100|[from] Stealth Rock
|turn|8
|
|t:|1776063541
|move|p1a: Landorus|U-turn|p2a: Exeggutor
|-supereffective|p2a: Exeggutor
|-damage|p2a: Exeggutor|51/100
|
|t:|1776063548
|switch|p1a: Goo Goo Gala|Gholdengo|100/100|[from] U-turn
|-damage|p1a: Goo Goo Gala|88/100|[from] Spikes
|move|p2a: Exeggutor|Draco Meteor|p1a: Goo Goo Gala|[miss]
|-miss|p2a: Exeggutor|p1a: Goo Goo Gala
|
|upkeep
|turn|9
|
|t:|1776063579
|move|p1a: Goo Goo Gala|Shadow Ball|p2a: Exeggutor
|-damage|p2a: Exeggutor|8/100
|move|p2a: Exeggutor|Flamethrower|p1a: Goo Goo Gala
|-supereffective|p1a: Goo Goo Gala
|-damage|p1a: Goo Goo Gala|7/100
|
|upkeep
|turn|10
|-enditem|p2a: Exeggutor|Custap Berry|[eat]
|-activate|p2a: Exeggutor|item: Custap Berry|[consumed]
|
|t:|1776063589
|move|p2a: Exeggutor|Flamethrower|p1a: Goo Goo Gala
|-supereffective|p1a: Goo Goo Gala
|-damage|p1a: Goo Goo Gala|0 fnt
|faint|p1a: Goo Goo Gala
|
|upkeep
|
|t:|1776063606
|switch|p1a: Samurott|Samurott-Hisui, F|100/100
|-damage|p1a: Samurott|88/100|[from] Spikes
|turn|11
|
|t:|1776063612
|move|p2a: Exeggutor|Endure|p2a: Exeggutor
|-singleturn|p2a: Exeggutor|move: Endure
|move|p1a: Samurott|Ceaseless Edge|p2a: Exeggutor
|-activate|p2a: Exeggutor|move: Endure
|-damage|p2a: Exeggutor|1/100
|-sidestart|p2: sfbhavszbxvkhlas|Spikes
|
|-item|p2a: Exeggutor|Custap Berry|[from] ability: Harvest
|upkeep
|turn|12
|-enditem|p2a: Exeggutor|Custap Berry|[eat]
|-activate|p2a: Exeggutor|item: Custap Berry|[consumed]
|
|t:|1776063622
|move|p1a: Samurott|Sucker Punch|p2a: Exeggutor
|-crit|p2a: Exeggutor
|-damage|p2a: Exeggutor|0 fnt
|faint|p2a: Exeggutor
|
|upkeep
|
|t:|1776063649
|switch|p2a: Great Tusk|Great Tusk|100/100
|-damage|p2a: Great Tusk|98/100|[from] Stealth Rock
|-damage|p2a: Great Tusk|85/100|[from] Spikes
|turn|13
|
|t:|1776063669
|switch|p1a: Thé Whatsapp|Sinistcha|5/100
|-damage|p1a: Thé Whatsapp|0 fnt|[from] Spikes
|faint|p1a: Thé Whatsapp
|move|p2a: Great Tusk|Rapid Spin|p1: Thé Whatsapp|[notarget]
|-fail|p2a: Great Tusk
|
|upkeep
|
|t:|1776063687
|switch|p1a: Landorus|Landorus-Therian, M|62/100
|-ability|p1a: Landorus|Intimidate|boost
|-unboost|p2a: Great Tusk|atk|1
|turn|14
|
|t:|1776063692
|move|p2a: Great Tusk|Rapid Spin|p1a: Landorus
|-damage|p1a: Landorus|48/100
|-boost|p2a: Great Tusk|spe|1
|-sideend|p2: sfbhavszbxvkhlas|Spikes|[from] move: Rapid Spin|[of] p2a: Great Tusk
|-sideend|p2: sfbhavszbxvkhlas|Stealth Rock|[from] move: Rapid Spin|[of] p2a: Great Tusk
|move|p1a: Landorus|Earth Power|p2a: Great Tusk
|-damage|p2a: Great Tusk|31/100
|
|upkeep
|turn|15
|
|t:|1776063704
|-end|p2a: Great Tusk|Protosynthesis|[silent]
|switch|p2a: Heatran|Heatran, F|100/100
|move|p1a: Landorus|U-turn|p2a: Heatran
|-resisted|p2a: Heatran
|-damage|p2a: Heatran|96/100
|
|t:|1776063713
|switch|p1a: Samurott|Samurott-Hisui, F|88/100|[from] U-turn
|-damage|p1a: Samurott|76/100|[from] Spikes
|
|-heal|p2a: Heatran|100/100|[from] item: Leftovers
|upkeep
|turn|16
|
|t:|1776063723
|switch|p2a: Alomomola|Alomomola, F|100/100
|move|p1a: Samurott|Ceaseless Edge|p2a: Alomomola
|-damage|p2a: Alomomola|71/100
|-sidestart|p2: sfbhavszbxvkhlas|Spikes
|
|upkeep
|turn|17
|
|t:|1776063730
|move|p1a: Samurott|Knock Off|p2a: Alomomola
|-damage|p2a: Alomomola|42/100
|-enditem|p2a: Alomomola|Heavy-Duty Boots|[from] move: Knock Off|[of] p1a: Samurott
|move|p2a: Alomomola|Wish|p2a: Alomomola
|
|upkeep
|turn|18
|
|t:|1776063738
|move|p2a: Alomomola|Protect|p2a: Alomomola
|-singleturn|p2a: Alomomola|Protect
|move|p1a: Samurott|Ceaseless Edge|p2a: Alomomola
|-activate|p2a: Alomomola|move: Protect
|
|-heal|p2a: Alomomola|92/100|[from] move: Wish|[wisher] Alomomola
|upkeep
|turn|19
|
|t:|1776063743
|move|p1a: Samurott|Razor Shell|p2a: Alomomola
|-resisted|p2a: Alomomola
|-damage|p2a: Alomomola|80/100
|-unboost|p2a: Alomomola|def|1
|move|p2a: Alomomola|Wish|p2a: Alomomola
|
|upkeep
|turn|20
|
|t:|1776063747
|move|p1a: Samurott|Ceaseless Edge|p2a: Alomomola
|-damage|p2a: Alomomola|39/100
|-sidestart|p2: sfbhavszbxvkhlas|Spikes
|move|p2a: Alomomola|Flip Turn|p1a: Samurott
|-resisted|p1a: Samurott
|-damage|p1a: Samurott|67/100
|
|t:|1776063839
|switch|p2a: Great Tusk|Great Tusk|31/100|[from] Flip Turn
|-damage|p2a: Great Tusk|15/100|[from] Spikes
|
|-heal|p2a: Great Tusk|87/100|[from] move: Wish|[wisher] Alomomola
|upkeep
|turn|21
|
|t:|1776063851
|move|p1a: Samurott|Razor Shell|p2a: Great Tusk
|-supereffective|p2a: Great Tusk
|-damage|p2a: Great Tusk|12/100
|move|p2a: Great Tusk|Rapid Spin|p1a: Samurott
|-damage|p1a: Samurott|27/100
|-boost|p2a: Great Tusk|spe|1
|-sideend|p2: sfbhavszbxvkhlas|Spikes|[from] move: Rapid Spin|[of] p2a: Great Tusk
|
|upkeep
|turn|22
|
|t:|1776063864
|-end|p2a: Great Tusk|Protosynthesis|[silent]
|switch|p2a: Alomomola|Alomomola, F|72/100
|move|p1a: Samurott|Sucker Punch||[still]
|-fail|p1a: Samurott
|
|upkeep
|turn|23
|
|t:|1776063866
|move|p1a: Samurott|Ceaseless Edge|p2a: Alomomola
|-damage|p2a: Alomomola|41/100
|-sidestart|p2: sfbhavszbxvkhlas|Spikes
|move|p2a: Alomomola|Wish|p2a: Alomomola
|
|upkeep
|turn|24
|
|t:|1776063879
|move|p1a: Samurott|Ceaseless Edge|p2a: Alomomola
|-damage|p2a: Alomomola|11/100
|-sidestart|p2: sfbhavszbxvkhlas|Spikes
|move|p2a: Alomomola|Scald|p1a: Samurott
|-resisted|p1a: Samurott
|-damage|p1a: Samurott|17/100
|-status|p1a: Samurott|brn
|
|-heal|p2a: Alomomola|61/100|[from] move: Wish|[wisher] Alomomola
|-damage|p1a: Samurott|10/100 brn|[from] brn
|upkeep
|turn|25
|
|t:|1776063897
|move|p2a: Alomomola|Protect|p2a: Alomomola
|-singleturn|p2a: Alomomola|Protect
|move|p1a: Samurott|Ceaseless Edge|p2a: Alomomola
|-activate|p2a: Alomomola|move: Protect
|
|-damage|p1a: Samurott|4/100 brn|[from] brn
|upkeep
|turn|26
|
|t:|1776063902
|move|p1a: Samurott|Ceaseless Edge|p2a: Alomomola
|-damage|p2a: Alomomola|47/100
|-sidestart|p2: sfbhavszbxvkhlas|Spikes
|move|p2a: Alomomola|Wish|p2a: Alomomola
|
|-damage|p1a: Samurott|0 fnt|[from] brn
|faint|p1a: Samurott
|upkeep
|
|t:|1776063915
|switch|p1a: Landorus|Landorus-Therian, M|48/100
|-ability|p1a: Landorus|Intimidate|boost
|-unboost|p2a: Alomomola|atk|1
|turn|27
|
|t:|1776063928
|move|p1a: Landorus|Earth Power|p2a: Alomomola
|-damage|p2a: Alomomola|10/100
|move|p2a: Alomomola|Flip Turn|p1a: Landorus
|-supereffective|p1a: Landorus
|-damage|p1a: Landorus|34/100
|
|t:|1776063945
|switch|p2a: Heatran|Heatran, F|100/100|[from] Flip Turn
|-damage|p2a: Heatran|76/100|[from] Spikes
|
|-heal|p2a: Heatran|100/100|[from] move: Wish|[wisher] Alomomola
|upkeep
|turn|28
|
|t:|1776063982
|-terastallize|p2a: Heatran|Grass
|move|p1a: Landorus|Earth Power|p2a: Heatran
|-resisted|p2a: Heatran
|-damage|p2a: Heatran|90/100
|move|p2a: Heatran|Magma Storm|p1a: Landorus|[miss]
|-miss|p2a: Heatran|p1a: Landorus
|
|-heal|p2a: Heatran|97/100|[from] item: Leftovers
|upkeep
|turn|29
|
|t:|1776064011
|move|p1a: Landorus|U-turn|p2a: Heatran
|-supereffective|p2a: Heatran
|-damage|p2a: Heatran|66/100
|
|t:|1776064014
|switch|p1a: Zamazenta|Zamazenta|100/100|[from] U-turn
|-damage|p1a: Zamazenta|88/100|[from] Spikes
|-ability|p1a: Zamazenta|Dauntless Shield|boost
|-boost|p1a: Zamazenta|def|1
|move|p2a: Heatran|Magma Storm|p1a: Zamazenta
|-damage|p1a: Zamazenta|48/100
|-activate|p1a: Zamazenta|move: Magma Storm|[of] p2a: Heatran
|
|-heal|p1a: Zamazenta|54/100|[from] item: Leftovers
|-heal|p2a: Heatran|72/100|[from] item: Leftovers
|-damage|p1a: Zamazenta|41/100|[from] move: Magma Storm|[partiallytrapped]
|upkeep
|turn|30
|
|t:|1776064028
|move|p1a: Zamazenta|Body Press|p2a: Heatran
|-damage|p2a: Heatran|32/100
|move|p2a: Heatran|Magma Storm|p1a: Zamazenta
|-damage|p1a: Zamazenta|4/100
|
|-heal|p1a: Zamazenta|11/100|[from] item: Leftovers
|-heal|p2a: Heatran|38/100|[from] item: Leftovers
|-damage|p1a: Zamazenta|0 fnt|[from] move: Magma Storm|[partiallytrapped]
|faint|p1a: Zamazenta
|upkeep
|
|t:|1776064037
|switch|p1a: Lokix|Lokix, M|100/100
|turn|31
|
|t:|1776064043
|switch|p2a: Gliscor|Gliscor, F|97/100 tox
|move|p1a: Lokix|First Impression|p2a: Gliscor
|-resisted|p2a: Gliscor
|-damage|p2a: Gliscor|61/100 tox
|
|-heal|p2a: Gliscor|74/100 tox|[from] ability: Poison Heal
|upkeep
|turn|32
|
|t:|1776064053
|move|p1a: Lokix|U-turn|p2a: Gliscor
|-resisted|p2a: Gliscor
|-damage|p2a: Gliscor|47/100 tox
|
|t:|1776064056
|switch|p1a: Landorus|Landorus-Therian, M|34/100|[from] U-turn
|-ability|p1a: Landorus|Intimidate|boost
|-unboost|p2a: Gliscor|atk|1
|move|p2a: Gliscor|Toxic|p1a: Landorus
|-status|p1a: Landorus|tox
|
|-heal|p2a: Gliscor|59/100 tox|[from] ability: Poison Heal
|-damage|p1a: Landorus|28/100 tox|[from] psn
|upkeep
|turn|33
|
|t:|1776064088
|switch|p1a: Lokix|Lokix, M|100/100
|move|p2a: Gliscor|Knock Off|p1a: Lokix
|-resisted|p1a: Lokix
|-damage|p1a: Lokix|91/100
|-enditem|p1a: Lokix|Heavy-Duty Boots|[from] move: Knock Off|[of] p2a: Gliscor
|
|-heal|p2a: Gliscor|72/100 tox|[from] ability: Poison Heal
|upkeep
|turn|34
|
|t:|1776064098
|move|p1a: Lokix|Knock Off|p2a: Gliscor
|-damage|p2a: Gliscor|33/100 tox
|-enditem|p2a: Gliscor|Toxic Orb|[from] move: Knock Off|[of] p1a: Lokix
|move|p2a: Gliscor|Spikes|p1a: Lokix
|-sidestart|p1: carottedu35|Spikes
|
|-heal|p2a: Gliscor|45/100 tox|[from] ability: Poison Heal
|upkeep
|turn|35
|
|t:|1776064106
|move|p2a: Gliscor|Protect|p2a: Gliscor
|-singleturn|p2a: Gliscor|Protect
|move|p1a: Lokix|Knock Off|p2a: Gliscor
|-activate|p2a: Gliscor|move: Protect
|
|-heal|p2a: Gliscor|58/100 tox|[from] ability: Poison Heal
|upkeep
|turn|36
|
|t:|1776064111
|move|p1a: Lokix|Knock Off|p2a: Gliscor
|-damage|p2a: Gliscor|34/100 tox
|move|p2a: Gliscor|Spikes|p1a: Lokix
|-sidestart|p1: carottedu35|Spikes
|
|-heal|p2a: Gliscor|47/100 tox|[from] ability: Poison Heal
|upkeep
|turn|37
|
|t:|1776064123
|-terastallize|p1a: Lokix|Bug
|move|p1a: Lokix|U-turn|p2a: Gliscor
|-resisted|p2a: Gliscor
|-damage|p2a: Gliscor|8/100 tox
|
|t:|1776064130
|switch|p1a: Landorus|Landorus-Therian, M|28/100 tox|[from] U-turn
|-ability|p1a: Landorus|Intimidate|boost
|-unboost|p2a: Gliscor|atk|1
|move|p2a: Gliscor|Toxic|p1a: Landorus
|-fail|p1a: Landorus|tox
|
|-heal|p2a: Gliscor|20/100 tox|[from] ability: Poison Heal
|-damage|p1a: Landorus|22/100 tox|[from] psn
|upkeep
|turn|38
|
|t:|1776064140
|move|p2a: Gliscor|Toxic|p1a: Landorus
|-fail|p1a: Landorus|tox
|move|p1a: Landorus|Stealth Rock|p2a: Gliscor
|-sidestart|p2: sfbhavszbxvkhlas|move: Stealth Rock
|
|-heal|p2a: Gliscor|33/100 tox|[from] ability: Poison Heal
|-damage|p1a: Landorus|10/100 tox|[from] psn
|upkeep
|turn|39
|
|t:|1776064145
|move|p2a: Gliscor|Toxic|p1a: Landorus
|-fail|p1a: Landorus|tox
|move|p1a: Landorus|U-turn|p2a: Gliscor
|-resisted|p2a: Gliscor
|-damage|p2a: Gliscor|25/100 tox
|
|t:|1776064150
|switch|p1a: Lokix|Lokix, M, tera:Bug|91/100|[from] U-turn
|-damage|p1a: Lokix|66/100|[from] Spikes
|
|-heal|p2a: Gliscor|37/100 tox|[from] ability: Poison Heal
|upkeep
|turn|40
|
|t:|1776064154
|move|p2a: Gliscor|Protect|p2a: Gliscor
|-singleturn|p2a: Gliscor|Protect
|move|p1a: Lokix|First Impression|p2a: Gliscor
|-activate|p2a: Gliscor|move: Protect
|
|-heal|p2a: Gliscor|50/100 tox|[from] ability: Poison Heal
|upkeep
|turn|41
|
|t:|1776064166
|move|p1a: Lokix|U-turn|p2a: Gliscor
|-resisted|p2a: Gliscor
|-damage|p2a: Gliscor|13/100 tox
|
|t:|1776064168
|switch|p1a: Landorus|Landorus-Therian, M|10/100 tox|[from] U-turn
|-ability|p1a: Landorus|Intimidate|boost
|-unboost|p2a: Gliscor|atk|1
|move|p2a: Gliscor|Toxic|p1a: Landorus
|-fail|p1a: Landorus|tox
|
|-heal|p2a: Gliscor|25/100 tox|[from] ability: Poison Heal
|-damage|p1a: Landorus|4/100 tox|[from] psn
|upkeep
|turn|42
|
|t:|1776064177
|move|p2a: Gliscor|Protect|p2a: Gliscor
|-singleturn|p2a: Gliscor|Protect
|move|p1a: Landorus|Taunt|p2a: Gliscor
|-activate|p2a: Gliscor|move: Protect
|
|-heal|p2a: Gliscor|38/100 tox|[from] ability: Poison Heal
|-damage|p1a: Landorus|0 fnt|[from] psn
|faint|p1a: Landorus
|upkeep
|
|t:|1776064179
|switch|p1a: Lokix|Lokix, M, tera:Bug|66/100
|-damage|p1a: Lokix|41/100|[from] Spikes
|turn|43
|
|t:|1776064187
|switch|p2a: Great Tusk|Great Tusk|12/100
|-damage|p2a: Great Tusk|0 fnt|[from] Spikes
|faint|p2a: Great Tusk
|-end|p2a: Great Tusk|Protosynthesis|[silent]
|move|p1a: Lokix|First Impression|p2: Great Tusk|[notarget]
|-fail|p1a: Lokix
|
|upkeep
|
|t:|1776064189
|switch|p2a: Gliscor|Gliscor, F|38/100 tox
|-damage|p2a: Gliscor|25/100 tox|[from] Stealth Rock
|turn|44
|
|t:|1776064193
|move|p2a: Gliscor|Protect|p2a: Gliscor
|-singleturn|p2a: Gliscor|Protect
|move|p1a: Lokix|U-turn|p2a: Gliscor
|-activate|p2a: Gliscor|move: Protect
|
|-heal|p2a: Gliscor|38/100 tox|[from] ability: Poison Heal
|upkeep
|turn|45
|
|t:|1776064197
|move|p1a: Lokix|U-turn|p2a: Gliscor
|-resisted|p2a: Gliscor
|-damage|p2a: Gliscor|2/100 tox
|move|p2a: Gliscor|Toxic|p1a: Lokix
|-status|p1a: Lokix|tox
|
|-damage|p1a: Lokix|35/100 tox|[from] psn
|-heal|p2a: Gliscor|14/100 tox|[from] ability: Poison Heal
|upkeep
|turn|46
|
|t:|1776064204
|move|p2a: Gliscor|Protect|p2a: Gliscor
|-singleturn|p2a: Gliscor|Protect
|move|p1a: Lokix|U-turn|p2a: Gliscor
|-activate|p2a: Gliscor|move: Protect
|
|-damage|p1a: Lokix|23/100 tox|[from] psn
|-heal|p2a: Gliscor|27/100 tox|[from] ability: Poison Heal
|upkeep
|turn|47
|
|t:|1776064209
|switch|p2a: Alomomola|Alomomola, F|44/100
|-damage|p2a: Alomomola|19/100|[from] Spikes
|-damage|p2a: Alomomola|6/100|[from] Stealth Rock
|move|p1a: Lokix|U-turn|p2a: Alomomola
|-damage|p2a: Alomomola|0 fnt
|faint|p2a: Alomomola
|
|-damage|p1a: Lokix|5/100 tox|[from] psn
|upkeep
|
|t:|1776064212
|switch|p2a: Gliscor|Gliscor, F|27/100 tox
|-damage|p2a: Gliscor|14/100 tox|[from] Stealth Rock
|turn|48
|
|t:|1776064216
|move|p2a: Gliscor|Protect|p2a: Gliscor
|-singleturn|p2a: Gliscor|Protect
|move|p1a: Lokix|U-turn|p2a: Gliscor
|-activate|p2a: Gliscor|move: Protect
|
|-damage|p1a: Lokix|0 fnt|[from] psn
|faint|p1a: Lokix
|
|win|sfbhavszbxvkhlas
|raw|carottedu35's rating: 1213 &rarr; <strong>1191</strong><br />(-22 for losing)
|raw|sfbhavszbxvkhlas's rating: 1253 &rarr; <strong>1275</strong><br />(+22 for winning)
|l|☆carottedu35
|player|p1|
|c|☆sfbhavszbxvkhlas|gg
|l|☆sfbhavszbxvkhlas
|player|p2|
