|html|<div class="broadcast-blue"><strong>[Gen 9] OU is currently suspecting Tera Blast! For information on how to participate check out the <a href="https://www.smogon.com/tools/suspects/view/200">suspect thread</a>.</strong></div>
|j|☆dniebo
|j|☆rockeater9000
|t:|1776267569
|gametype|singles
|player|p1|dniebo|170|1610
|player|p2|rockeater9000|cheryl|1544
|gen|9
|tier|[Gen 9] OU
|rated|
|rule|HP Percentage Mod: HP is shown in percentages
|rule|Endless Battle Clause: Forcing endless battles is banned
|rule|Species Clause: Limit one of each Pokémon
|rule|OHKO Clause: OHKO moves are banned
|rule|Evasion Items Clause: Evasion items are banned
|rule|Evasion Moves Clause: Evasion moves are banned
|rule|Evasion Abilities Clause: Evasion abilities are banned
|rule|Sleep Moves Clause: Sleep-inducing moves are banned
|clearpoke
|poke|p1|Slowking, M|
|poke|p1|Kyurem|
|poke|p1|Rillaboom, M|
|poke|p1|Zapdos|
|poke|p1|Slither Wing|
|poke|p1|Great Tusk|
|poke|p2|Ninetales, M|
|poke|p2|Alomomola, F|
|poke|p2|Walking Wake|
|poke|p2|Great Tusk|
|poke|p2|Iron Moth|
|poke|p2|Lilligant-Hisui, F|
|teampreview
|inactive|Battle timer is ON: inactive players will automatically lose when time's up. (requested by dniebo)
|
|t:|1776267578
|teamsize|p1|6
|teamsize|p2|6
|start
|switch|p1a: Kyurem|Kyurem|100/100
|switch|p2a: Ninetales|Ninetales, M|100/100
|-weather|SunnyDay|[from] ability: Drought|[of] p2a: Ninetales
|-ability|p1a: Kyurem|Pressure
|turn|1
|
|t:|1776267581
|switch|p2a: Alomomola|Alomomola, F|100/100
|move|p1a: Kyurem|Earth Power|p2a: Alomomola
|-damage|p2a: Alomomola|62/100
|-enditem|p2a: Alomomola|Eject Button
|
|t:|1776267608
|switch|p2a: Walking Wake|Walking Wake|100/100
|-activate|p2a: Walking Wake|ability: Protosynthesis
|-start|p2a: Walking Wake|protosynthesisspa
|
|-weather|SunnyDay|[upkeep]
|upkeep
|turn|2
|
|t:|1776267611
|switch|p1a: Slowking|Slowking, M|100/100
|move|p2a: Walking Wake|Draco Meteor|p1a: Slowking
|-damage|p1a: Slowking|26/100
|-unboost|p2a: Walking Wake|spa|2
|
|-weather|SunnyDay|[upkeep]
|upkeep
|turn|3
|
|t:|1776267618
|switch|p1a: Slither Wing|Slither Wing|100/100
|-activate|p1a: Slither Wing|ability: Protosynthesis
|-start|p1a: Slither Wing|protosynthesisatk
|move|p2a: Walking Wake|Draco Meteor|p1a: Slither Wing
|-damage|p1a: Slither Wing|47/100
|-unboost|p2a: Walking Wake|spa|2
|
|-weather|SunnyDay|[upkeep]
|upkeep
|turn|4
|
|t:|1776267625
|-end|p2a: Walking Wake|Protosynthesis|[silent]
|switch|p2a: Alomomola|Alomomola, F|95/100
|move|p1a: Slither Wing|Morning Sun|p1a: Slither Wing
|-heal|p1a: Slither Wing|100/100
|
|-weather|SunnyDay|[upkeep]
|upkeep
|turn|5
|
|t:|1776267629
|move|p1a: Slither Wing|Will-O-Wisp|p2a: Alomomola
|-status|p2a: Alomomola|brn
|move|p2a: Alomomola|Flip Turn|p1a: Slither Wing
|-damage|p1a: Slither Wing|98/100
|
|t:|1776267633
|switch|p2a: Walking Wake|Walking Wake|100/100|[from] Flip Turn
|-activate|p2a: Walking Wake|ability: Protosynthesis
|-start|p2a: Walking Wake|protosynthesisspa
|
|-weather|SunnyDay|[upkeep]
|upkeep
|turn|6
|
|t:|1776267638
|-end|p1a: Slither Wing|Protosynthesis|[silent]
|switch|p1a: Slowking|Slowking, M|59/100
|move|p2a: Walking Wake|Draco Meteor|p1a: Slowking|[miss]
|-miss|p2a: Walking Wake|p1a: Slowking
|
|-weather|SunnyDay|[upkeep]
|upkeep
|turn|7
|
|t:|1776267642
|-terastallize|p1a: Slowking|Fairy
|move|p2a: Walking Wake|Draco Meteor|p1a: Slowking
|-immune|p1a: Slowking
|-prepare|p1a: Slowking|Chilly Reception|[premajor]
|move|p1a: Slowking|Chilly Reception|p1a: Slowking
|-weather|Snowscape
|-end|p2a: Walking Wake|Protosynthesis
|
|t:|1776267644
|switch|p1a: Kyurem|Kyurem|100/100|[from] Chilly Reception
|-ability|p1a: Kyurem|Pressure
|
|-weather|Snowscape|[upkeep]
|upkeep
|turn|8
|
|t:|1776267650
|-end|p2a: Walking Wake|Protosynthesis|[silent]
|switch|p2a: Ninetales|Ninetales, M|100/100
|-weather|SunnyDay|[from] ability: Drought|[of] p2a: Ninetales
|move|p1a: Kyurem|Earth Power|p2a: Ninetales
|-supereffective|p2a: Ninetales
|-damage|p2a: Ninetales|0 fnt
|faint|p2a: Ninetales
|
|-weather|SunnyDay|[upkeep]
|upkeep
|
|t:|1776267653
|switch|p2a: Walking Wake|Walking Wake|100/100
|-activate|p2a: Walking Wake|ability: Protosynthesis
|-start|p2a: Walking Wake|protosynthesisspa
|turn|9
|
|t:|1776267657
|switch|p1a: Rillaboom|Rillaboom, M|100/100
|-fieldstart|move: Grassy Terrain|[from] ability: Grassy Surge|[of] p1a: Rillaboom
|move|p2a: Walking Wake|Hydro Steam|p1a: Rillaboom
|-resisted|p1a: Rillaboom
|-damage|p1a: Rillaboom|17/100
|
|-weather|SunnyDay|[upkeep]
|-heal|p1a: Rillaboom|23/100|[from] Grassy Terrain
|upkeep
|turn|10
|
|t:|1776267660
|move|p1a: Rillaboom|Grassy Glide|p2a: Walking Wake
|-damage|p2a: Walking Wake|30/100
|move|p2a: Walking Wake|Hydro Steam|p1a: Rillaboom
|-resisted|p1a: Rillaboom
|-damage|p1a: Rillaboom|0 fnt
|faint|p1a: Rillaboom
|
|-weather|SunnyDay|[upkeep]
|-heal|p2a: Walking Wake|36/100|[from] Grassy Terrain
|upkeep
|
|t:|1776267662
|switch|p1a: Slowking|Slowking, M, tera:Fairy|92/100
|turn|11
|
|t:|1776267665
|move|p2a: Walking Wake|Hydro Steam|p1a: Slowking
|-damage|p1a: Slowking|19/100
|-prepare|p1a: Slowking|Chilly Reception|[premajor]
|move|p1a: Slowking|Chilly Reception|p1a: Slowking
|-weather|Snowscape
|-end|p2a: Walking Wake|Protosynthesis
|
|t:|1776267668
|switch|p1a: Kyurem|Kyurem|100/100|[from] Chilly Reception
|-ability|p1a: Kyurem|Pressure
|
|-weather|Snowscape|[upkeep]
|-heal|p2a: Walking Wake|43/100|[from] Grassy Terrain
|upkeep
|turn|12
|
|t:|1776267674
|-end|p2a: Walking Wake|Protosynthesis|[silent]
|switch|p2a: Iron Moth|Iron Moth|100/100
|move|p1a: Kyurem|Blizzard|p2a: Iron Moth
|-resisted|p2a: Iron Moth
|-damage|p2a: Iron Moth|58/100
|
|-weather|Snowscape|[upkeep]
|-heal|p2a: Iron Moth|64/100|[from] Grassy Terrain
|upkeep
|turn|13
|
|t:|1776267680
|switch|p1a: Great Tusk|Great Tusk|100/100
|-enditem|p1a: Great Tusk|Booster Energy
|-activate|p1a: Great Tusk|ability: Protosynthesis|[fromitem]
|-start|p1a: Great Tusk|protosynthesisspe
|move|p2a: Iron Moth|Meteor Beam||[still]
|-prepare|p2a: Iron Moth|Meteor Beam
|-boost|p2a: Iron Moth|spa|1
|-enditem|p2a: Iron Moth|Power Herb
|-anim|p2a: Iron Moth|Meteor Beam|p1a: Great Tusk
|-resisted|p1a: Great Tusk
|-damage|p1a: Great Tusk|79/100
|
|-weather|Snowscape|[upkeep]
|-heal|p1a: Great Tusk|85/100|[from] Grassy Terrain
|-heal|p2a: Iron Moth|70/100|[from] Grassy Terrain
|-fieldend|move: Grassy Terrain
|upkeep
|turn|14
|
|t:|1776267686
|-end|p2a: Iron Moth|Quark Drive|[silent]
|switch|p2a: Alomomola|Alomomola, F|100/100 brn
|move|p1a: Great Tusk|Headlong Rush|p2a: Alomomola
|-damage|p2a: Alomomola|63/100 brn
|-unboost|p1a: Great Tusk|def|1
|-unboost|p1a: Great Tusk|spd|1
|
|-weather|Snowscape|[upkeep]
|-damage|p2a: Alomomola|57/100 brn|[from] brn
|upkeep
|turn|15
|
|t:|1776267691
|move|p1a: Great Tusk|Stealth Rock|p2a: Alomomola
|-sidestart|p2: rockeater9000|move: Stealth Rock
|move|p2a: Alomomola|Flip Turn|p1a: Great Tusk
|-supereffective|p1a: Great Tusk
|-damage|p1a: Great Tusk|69/100
|
|t:|1776267695
|switch|p2a: Great Tusk|Great Tusk|100/100|[from] Flip Turn
|-damage|p2a: Great Tusk|97/100|[from] Stealth Rock
|
|-weather|none
|upkeep
|turn|16
|
|t:|1776267698
|-end|p1a: Great Tusk|Protosynthesis|[silent]
|switch|p1a: Zapdos|Zapdos|100/100
|move|p2a: Great Tusk|Rapid Spin|p1a: Zapdos
|-damage|p1a: Zapdos|88/100
|-boost|p2a: Great Tusk|spe|1
|-sideend|p2: rockeater9000|Stealth Rock|[from] move: Rapid Spin|[of] p2a: Great Tusk
|-damage|p2a: Great Tusk|88/100|[from] item: Life Orb
|
|upkeep
|turn|17
|
|t:|1776267702
|move|p2a: Great Tusk|Head Smash|p1a: Zapdos
|-supereffective|p1a: Zapdos
|-damage|p1a: Zapdos|2/100
|-damage|p2a: Great Tusk|49/100|[from] Recoil
|-damage|p2a: Great Tusk|40/100|[from] item: Life Orb
|move|p1a: Zapdos|Hurricane|p2a: Great Tusk
|-supereffective|p2a: Great Tusk
|-crit|p2a: Great Tusk
|-damage|p2a: Great Tusk|0 fnt
|faint|p2a: Great Tusk
|-end|p2a: Great Tusk|Protosynthesis|[silent]
|
|upkeep
|
|t:|1776267707
|switch|p2a: Iron Moth|Iron Moth|70/100
|turn|18
|
|t:|1776267714
|move|p2a: Iron Moth|Fiery Dance|p1a: Zapdos
|-damage|p1a: Zapdos|0 fnt
|faint|p1a: Zapdos
|
|upkeep
|
|t:|1776267716
|switch|p1a: Kyurem|Kyurem|100/100
|-ability|p1a: Kyurem|Pressure
|turn|19
|
|t:|1776267720
|-end|p2a: Iron Moth|Quark Drive|[silent]
|switch|p2a: Alomomola|Alomomola, F|90/100 brn
|move|p1a: Kyurem|Earth Power|p2a: Alomomola
|-damage|p2a: Alomomola|55/100 brn
|
|-damage|p2a: Alomomola|49/100 brn|[from] brn
|upkeep
|turn|20
|
|t:|1776267728
|move|p1a: Kyurem|Earth Power|p2a: Alomomola
|-damage|p2a: Alomomola|7/100 brn
|move|p2a: Alomomola|Flip Turn|p1a: Kyurem
|-resisted|p1a: Kyurem
|-damage|p1a: Kyurem|97/100
|
|t:|1776267748
|switch|p2a: Lilligant|Lilligant-Hisui, F|100/100|[from] Flip Turn
|
|upkeep
|turn|21
|
|t:|1776267751
|switch|p1a: Slither Wing|Slither Wing|98/100
|move|p2a: Lilligant|Close Combat|p1a: Slither Wing
|-resisted|p1a: Slither Wing
|-damage|p1a: Slither Wing|66/100
|-unboost|p2a: Lilligant|def|1
|-unboost|p2a: Lilligant|spd|1
|-damage|p2a: Lilligant|91/100|[from] item: Life Orb
|
|upkeep
|turn|22
|
|t:|1776267759
|switch|p2a: Iron Moth|Iron Moth|70/100
|move|p1a: Slither Wing|Morning Sun|p1a: Slither Wing
|-heal|p1a: Slither Wing|100/100
|
|upkeep
|turn|23
|
|t:|1776267764
|-end|p1a: Slither Wing|Protosynthesis|[silent]
|switch|p1a: Slowking|Slowking, M, tera:Fairy|52/100
|move|p2a: Iron Moth|Fiery Dance|p1a: Slowking
|-damage|p1a: Slowking|27/100
|
|upkeep
|turn|24
|
|t:|1776267768
|switch|p1a: Great Tusk|Great Tusk|69/100
|move|p2a: Iron Moth|Fiery Dance|p1a: Great Tusk
|-damage|p1a: Great Tusk|13/100
|
|upkeep
|turn|25
|
|t:|1776267771
|move|p2a: Iron Moth|Fiery Dance|p1a: Great Tusk
|-crit|p1a: Great Tusk
|-damage|p1a: Great Tusk|0 fnt
|-boost|p2a: Iron Moth|spa|1
|faint|p1a: Great Tusk
|-end|p1a: Great Tusk|Protosynthesis|[silent]
|
|upkeep
|
|t:|1776267773
|switch|p1a: Kyurem|Kyurem|97/100
|-ability|p1a: Kyurem|Pressure
|turn|26
|
|t:|1776267781
|-terastallize|p2a: Iron Moth|Grass
|move|p2a: Iron Moth|Fiery Dance|p1a: Kyurem
|-damage|p1a: Kyurem|32/100
|move|p1a: Kyurem|Earth Power|p2a: Iron Moth
|-resisted|p2a: Iron Moth
|-damage|p2a: Iron Moth|43/100
|
|upkeep
|turn|27
|-message|dniebo forfeited.
|
|win|rockeater9000
|raw|dniebo's rating: 1610 &rarr; <strong>1586</strong><br />(-24 for losing)
|raw|rockeater9000's rating: 1544 &rarr; <strong>1568</strong><br />(+24 for winning)
|l|☆dniebo
|player|p1|
