|html|<div class="broadcast-blue"><strong>[Gen 9] OU is currently suspecting Volcarona! For information on how to participate check out the <a href="https://www.smogon.com/tools/suspects/view/208">suspect thread</a>.</strong></div>
|j|☆Doidette
|j|☆pontinhu
|t:|1778497160
|gametype|singles
|player|p1|Doidette|1|1258
|player|p2|pontinhu|266|1270
|gen|9
|tier|[Gen 9] OU
|rated|
|rule|HP Percentage Mod: HP is shown in percentages
|rule|Endless Battle Clause: Forcing endless battles is banned
|rule|Species Clause: Limit one of each Pokémon
|rule|OHKO Clause: OHKO moves are banned
|rule|Evasion Items Clause: Evasion items are banned
|rule|Evasion Moves Clause: Evasion moves are banned
|rule|Evasion Abilities Clause: Evasion abilities are banned
|rule|Sleep Moves Clause: Sleep-inducing moves are banned
|clearpoke
|poke|p1|Gholdengo|
|poke|p1|Ting-Lu|
|poke|p1|Moltres|
|poke|p1|Garganacl, M|
|poke|p1|Great Tusk|
|poke|p1|Zamazenta-*|
|poke|p2|Yanmega, F|
|poke|p2|Dragonite, F|
|poke|p2|Metagross|
|poke|p2|Manaphy|
|poke|p2|Donphan, M|
|poke|p2|Magnezone|
|teampreview
|inactive|Battle timer is ON: inactive players will automatically lose when time's up. (requested by pontinhu)
|
|t:|1778497171
|teamsize|p1|6
|teamsize|p2|6
|start
|switch|p1a: Ting-Lu|Ting-Lu|100/100
|switch|p2a: Metagross|Metagross|100/100
|-ability|p1a: Ting-Lu|Vessel of Ruin
|turn|1
|
|t:|1778497179
|move|p2a: Metagross|Knock Off|p1a: Ting-Lu
|-resisted|p1a: Ting-Lu
|-damage|p1a: Ting-Lu|90/100
|-enditem|p1a: Ting-Lu|Leftovers|[from] move: Knock Off|[of] p2a: Metagross
|move|p1a: Ting-Lu|Stealth Rock|p2a: Metagross
|-sidestart|p2: pontinhu|move: Stealth Rock
|
|upkeep
|turn|2
|
|t:|1778497186
|move|p2a: Metagross|Stealth Rock|p1a: Ting-Lu
|-sidestart|p1: Doidette|move: Stealth Rock
|move|p1a: Ting-Lu|Spikes|p2a: Metagross
|-sidestart|p2: pontinhu|Spikes
|
|upkeep
|turn|3
|
|t:|1778497192
|switch|p2a: Donphan|Donphan, M|100/100
|-damage|p2a: Donphan|94/100|[from] Stealth Rock
|-damage|p2a: Donphan|82/100|[from] Spikes
|move|p1a: Ting-Lu|Spikes|p2a: Donphan
|-sidestart|p2: pontinhu|Spikes
|
|-heal|p2a: Donphan|88/100|[from] item: Leftovers
|upkeep
|turn|4
|
|t:|1778497201
|switch|p1a: Gholdengo|Gholdengo|100/100
|-damage|p1a: Gholdengo|94/100|[from] Stealth Rock
|move|p2a: Donphan|Ice Shard|p1a: Gholdengo
|-resisted|p1a: Gholdengo
|-damage|p1a: Gholdengo|86/100
|
|-heal|p2a: Donphan|94/100|[from] item: Leftovers
|upkeep
|turn|5
|
|t:|1778497224
|-terastallize|p1a: Gholdengo|Flying
|move|p1a: Gholdengo|Shadow Ball|p2a: Donphan
|-damage|p2a: Donphan|35/100
|move|p2a: Donphan|Earthquake|p1a: Gholdengo
|-immune|p1a: Gholdengo
|
|-heal|p2a: Donphan|42/100|[from] item: Leftovers
|upkeep
|turn|6
|
|t:|1778497234
|move|p2a: Donphan|Ice Shard|p1a: Gholdengo
|-supereffective|p1a: Gholdengo
|-damage|p1a: Gholdengo|55/100
|move|p1a: Gholdengo|Shadow Ball|p2a: Donphan
|-damage|p2a: Donphan|0 fnt
|faint|p2a: Donphan
|
|upkeep
|
|t:|1778497248
|switch|p2a: Manaphy|Manaphy|100/100
|turn|7
|
|t:|1778497254
|move|p1a: Gholdengo|Shadow Ball|p2a: Manaphy
|-damage|p2a: Manaphy|58/100
|-unboost|p2a: Manaphy|spd|1
|move|p2a: Manaphy|Substitute|p2a: Manaphy
|-start|p2a: Manaphy|Substitute
|-damage|p2a: Manaphy|33/100
|
|upkeep
|turn|8
|
|t:|1778497262
|move|p1a: Gholdengo|Shadow Ball|p2a: Manaphy
|-end|p2a: Manaphy|Substitute
|move|p2a: Manaphy|Ice Beam|p1a: Gholdengo
|-supereffective|p1a: Gholdengo
|-damage|p1a: Gholdengo|0 fnt
|faint|p1a: Gholdengo
|
|upkeep
|
|t:|1778497272
|switch|p1a: Zamazenta|Zamazenta|100/100
|-ability|p1a: Zamazenta|Dauntless Shield|boost
|-boost|p1a: Zamazenta|def|1
|turn|9
|
|t:|1778497278
|move|p1a: Zamazenta|Close Combat|p2a: Manaphy
|-damage|p2a: Manaphy|0 fnt
|-unboost|p1a: Zamazenta|def|1
|-unboost|p1a: Zamazenta|spd|1
|faint|p2a: Manaphy
|
|upkeep
|
|t:|1778497286
|switch|p2a: Yanmega|Yanmega, F|100/100
|-damage|p2a: Yanmega|51/100|[from] Stealth Rock
|turn|10
|
|t:|1778497290
|move|p2a: Yanmega|Protect|p2a: Yanmega
|-singleturn|p2a: Yanmega|Protect
|move|p1a: Zamazenta|Stone Edge|p2a: Yanmega
|-activate|p2a: Yanmega|move: Protect
|
|-ability|p2a: Yanmega|Speed Boost|boost
|-boost|p2a: Yanmega|spe|1
|upkeep
|turn|11
|
|t:|1778497299
|switch|p1a: Ting-Lu|Ting-Lu|90/100
|-damage|p1a: Ting-Lu|84/100|[from] Stealth Rock
|-ability|p1a: Ting-Lu|Vessel of Ruin
|move|p2a: Yanmega|Substitute|p2a: Yanmega
|-start|p2a: Yanmega|Substitute
|-damage|p2a: Yanmega|26/100
|
|-ability|p2a: Yanmega|Speed Boost|boost
|-boost|p2a: Yanmega|spe|1
|upkeep
|turn|12
|
|t:|1778497311
|move|p2a: Yanmega|Bug Buzz|p1a: Ting-Lu
|-supereffective|p1a: Ting-Lu
|-damage|p1a: Ting-Lu|42/100
|-unboost|p1a: Ting-Lu|spd|1
|-enditem|p2a: Yanmega|Throat Spray
|-boost|p2a: Yanmega|spa|1|[from] item: Throat Spray
|move|p1a: Ting-Lu|Whirlwind|p2a: Yanmega
|drag|p2a: Metagross|Metagross|100/100
|-damage|p2a: Metagross|94/100|[from] Stealth Rock
|-damage|p2a: Metagross|78/100|[from] Spikes
|
|upkeep
|turn|13
|
|t:|1778497324
|switch|p1a: Great Tusk|Great Tusk|100/100
|move|p2a: Metagross|Earthquake|p1a: Great Tusk
|-damage|p1a: Great Tusk|73/100
|
|upkeep
|turn|14
|
|t:|1778497331
|move|p1a: Great Tusk|Rapid Spin|p2a: Metagross
|-resisted|p2a: Metagross
|-damage|p2a: Metagross|71/100
|-boost|p1a: Great Tusk|spe|1
|-sideend|p1: Doidette|Stealth Rock|[from] move: Rapid Spin|[of] p1a: Great Tusk
|move|p2a: Metagross|Earthquake|p1a: Great Tusk
|-damage|p1a: Great Tusk|47/100
|
|upkeep
|turn|15
|
|t:|1778497348
|move|p2a: Metagross|Bullet Punch|p1a: Great Tusk
|-damage|p1a: Great Tusk|31/100
|move|p1a: Great Tusk|Headlong Rush|p2a: Metagross
|-supereffective|p2a: Metagross
|-crit|p2a: Metagross
|-damage|p2a: Metagross|0 fnt
|-unboost|p1a: Great Tusk|def|1
|-unboost|p1a: Great Tusk|spd|1
|faint|p2a: Metagross
|
|upkeep
|
|t:|1778497358
|switch|p2a: Dragonite|Dragonite, F|100/100
|turn|16
|
|t:|1778497366
|-end|p1a: Great Tusk|Protosynthesis|[silent]
|switch|p1a: Moltres|Moltres|100/100
|-terastallize|p2a: Dragonite|Normal
|move|p2a: Dragonite|Extreme Speed|p1a: Moltres
|-damage|p1a: Moltres|69/100
|
|upkeep
|turn|17
|
|t:|1778497377
|move|p2a: Dragonite|Dragon Dance|p2a: Dragonite
|-boost|p2a: Dragonite|atk|1
|-boost|p2a: Dragonite|spe|1
|move|p1a: Moltres|Roost|p1a: Moltres
|-heal|p1a: Moltres|100/100
|-singleturn|p1a: Moltres|move: Roost
|
|upkeep
|turn|18
|
|t:|1778497385
|move|p2a: Dragonite|Dragon Dance|p2a: Dragonite
|-boost|p2a: Dragonite|atk|1
|-boost|p2a: Dragonite|spe|1
|move|p1a: Moltres|Roar|p2a: Dragonite
|drag|p2a: Yanmega|Yanmega, F|26/100
|-damage|p2a: Yanmega|0 fnt|[from] Stealth Rock
|faint|p2a: Yanmega
|
|upkeep
|-message|pontinhu forfeited.
|
|win|Doidette
|raw|Doidette's rating: 1258 &rarr; <strong>1284</strong><br />(+26 for winning)
|raw|pontinhu's rating: 1270 &rarr; <strong>1244</strong><br />(-26 for losing)
|l|☆pontinhu
|player|p2|
|l|☆Doidette
|player|p1|
