|html|<div class="broadcast-blue"><strong>[Gen 9] OU is currently suspecting Tera Blast! For information on how to participate check out the <a href="https://www.smogon.com/tools/suspects/view/200">suspect thread</a>.</strong></div>
|j|☆orange fruit
|j|☆Lordbulbus17
|t:|1776062573
|gametype|singles
|player|p1|orange fruit|cynthia|1791
|player|p2|Lordbulbus17|266|1619
|gen|9
|tier|[Gen 9] OU
|rated|
|rule|HP Percentage Mod: HP is shown in percentages
|rule|Endless Battle Clause: Forcing endless battles is banned
|rule|Species Clause: Limit one of each Pokémon
|rule|OHKO Clause: OHKO moves are banned
|rule|Evasion Items Clause: Evasion items are banned
|rule|Evasion Moves Clause: Evasion moves are banned
|rule|Evasion Abilities Clause: Evasion abilities are banned
|rule|Sleep Moves Clause: Sleep-inducing moves are banned
|clearpoke
|poke|p1|Tyranitar, M|
|poke|p1|Alomomola, M|
|poke|p1|Gliscor, M|
|poke|p1|Sinistcha|
|poke|p1|Cinderace, F|
|poke|p1|Iron Crown|
|poke|p2|Cinderace, M|
|poke|p2|Hatterene, F|
|poke|p2|Cetitan, F|
|poke|p2|Ninetales-Alola, M|
|poke|p2|Raging Bolt|
|poke|p2|Greninja-*, M|
|teampreview
|inactive|Battle timer is ON: inactive players will automatically lose when time's up. (requested by Lordbulbus17)
|
|t:|1776062582
|teamsize|p1|6
|teamsize|p2|6
|start
|switch|p1a: Iron Crown|Iron Crown|100/100
|switch|p2a: Cinderace|Cinderace, M|100/100
|turn|1
|
|t:|1776062588
|-end|p1a: Iron Crown|Quark Drive|[silent]
|switch|p1a: Alomomola|Alomomola, M|100/100
|move|p2a: Cinderace|U-turn|p1a: Alomomola
|-start|p2a: Cinderace|typechange|Bug|[from] ability: Libero
|-damage|p1a: Alomomola|81/100
|
|t:|1776062593
|switch|p2a: Raging Bolt|Raging Bolt|100/100|[from] U-turn
|
|upkeep
|turn|2
|
|t:|1776062600
|move|p2a: Raging Bolt|Substitute|p2a: Raging Bolt
|-start|p2a: Raging Bolt|Substitute
|-damage|p2a: Raging Bolt|75/100
|move|p1a: Alomomola|Mirror Coat||[still]
|-fail|p1a: Alomomola
|
|-heal|p2a: Raging Bolt|82/100|[from] item: Leftovers
|upkeep
|turn|3
|
|t:|1776062610
|move|p2a: Raging Bolt|Calm Mind|p2a: Raging Bolt
|-boost|p2a: Raging Bolt|spa|1
|-boost|p2a: Raging Bolt|spd|1
|move|p1a: Alomomola|Flip Turn|p2a: Raging Bolt
|-resisted|p2a: Raging Bolt
|-activate|p2a: Raging Bolt|move: Substitute|[damage]
|
|t:|1776062614
|switch|p1a: Tyranitar|Tyranitar, M|100/100|[from] Flip Turn
|-weather|Sandstorm|[from] ability: Sand Stream|[of] p1a: Tyranitar
|
|-weather|Sandstorm|[upkeep]
|-damage|p2a: Raging Bolt|75/100|[from] Sandstorm
|-heal|p2a: Raging Bolt|82/100|[from] item: Leftovers
|upkeep
|turn|4
|
|t:|1776062623
|move|p2a: Raging Bolt|Thunderbolt|p1a: Tyranitar
|-damage|p1a: Tyranitar|51/100
|move|p1a: Tyranitar|Ice Punch|p2a: Raging Bolt
|-supereffective|p2a: Raging Bolt
|-crit|p2a: Raging Bolt
|-end|p2a: Raging Bolt|Substitute
|
|-weather|Sandstorm|[upkeep]
|-damage|p2a: Raging Bolt|75/100|[from] Sandstorm
|-heal|p2a: Raging Bolt|82/100|[from] item: Leftovers
|upkeep
|turn|5
|
|t:|1776062638
|switch|p1a: Alomomola|Alomomola, M|100/100
|move|p2a: Raging Bolt|Draco Meteor|p1a: Alomomola
|-damage|p1a: Alomomola|25/100
|-unboost|p2a: Raging Bolt|spa|2
|
|-weather|Sandstorm|[upkeep]
|-damage|p2a: Raging Bolt|75/100|[from] Sandstorm
|-damage|p1a: Alomomola|19/100|[from] Sandstorm
|-heal|p2a: Raging Bolt|82/100|[from] item: Leftovers
|upkeep
|turn|6
|
|t:|1776062647
|switch|p1a: Gliscor|Gliscor, M|100/100
|move|p2a: Raging Bolt|Substitute|p2a: Raging Bolt
|-start|p2a: Raging Bolt|Substitute
|-damage|p2a: Raging Bolt|57/100
|
|-weather|Sandstorm|[upkeep]
|-damage|p2a: Raging Bolt|50/100|[from] Sandstorm
|-heal|p2a: Raging Bolt|57/100|[from] item: Leftovers
|-status|p1a: Gliscor|tox|[from] item: Toxic Orb
|upkeep
|turn|7
|
|t:|1776062659
|move|p2a: Raging Bolt|Draco Meteor|p1a: Gliscor
|-damage|p1a: Gliscor|50/100 tox
|-unboost|p2a: Raging Bolt|spa|2
|move|p1a: Gliscor|Earthquake|p2a: Raging Bolt
|-supereffective|p2a: Raging Bolt
|-end|p2a: Raging Bolt|Substitute
|
|-weather|none
|-heal|p2a: Raging Bolt|63/100|[from] item: Leftovers
|-heal|p1a: Gliscor|63/100 tox|[from] ability: Poison Heal
|upkeep
|turn|8
|
|t:|1776062670
|-end|p2a: Raging Bolt|Protosynthesis|[silent]
|switch|p2a: Greninja|Greninja, M|100/100
|move|p1a: Gliscor|Knock Off|p2a: Greninja
|-resisted|p2a: Greninja
|-damage|p2a: Greninja|84/100
|-enditem|p2a: Greninja|Choice Specs|[from] move: Knock Off|[of] p1a: Gliscor
|
|-heal|p1a: Gliscor|75/100 tox|[from] ability: Poison Heal
|upkeep
|turn|9
|
|t:|1776062681
|switch|p2a: Raging Bolt|Raging Bolt|63/100
|move|p1a: Gliscor|Protect||[still]
|-fail|p1a: Gliscor
|
|-heal|p2a: Raging Bolt|69/100|[from] item: Leftovers
|-heal|p1a: Gliscor|88/100 tox|[from] ability: Poison Heal
|upkeep
|turn|10
|
|t:|1776062701
|-end|p2a: Raging Bolt|Protosynthesis|[silent]
|switch|p2a: Ninetales|Ninetales-Alola, M|100/100
|-weather|Snowscape|[from] ability: Snow Warning|[of] p2a: Ninetales
|move|p1a: Gliscor|Earthquake|p2a: Ninetales
|-damage|p2a: Ninetales|71/100
|
|-weather|Snowscape|[upkeep]
|-heal|p1a: Gliscor|99/100 tox|[from] ability: Poison Heal
|upkeep
|turn|11
|
|t:|1776062711
|move|p2a: Ninetales|Moonblast|p1a: Gliscor
|-damage|p1a: Gliscor|74/100 tox
|move|p1a: Gliscor|Knock Off|p2a: Ninetales
|-resisted|p2a: Ninetales
|-damage|p2a: Ninetales|63/100
|-enditem|p2a: Ninetales|Icy Rock|[from] move: Knock Off|[of] p1a: Gliscor
|
|-weather|Snowscape|[upkeep]
|-heal|p1a: Gliscor|86/100 tox|[from] ability: Poison Heal
|upkeep
|turn|12
|
|t:|1776062722
|switch|p2a: Cetitan|Cetitan, F|100/100
|switch|p1a: Cinderace|Cinderace, F|100/100
|
|-weather|Snowscape|[upkeep]
|upkeep
|turn|13
|
|t:|1776062731
|switch|p1a: Tyranitar|Tyranitar, M|51/100
|-weather|Sandstorm|[from] ability: Sand Stream|[of] p1a: Tyranitar
|move|p2a: Cetitan|Earthquake|p1a: Tyranitar
|-supereffective|p1a: Tyranitar
|-damage|p1a: Tyranitar|0 fnt
|faint|p1a: Tyranitar
|
|-weather|Sandstorm|[upkeep]
|-damage|p2a: Cetitan|94/100|[from] Sandstorm
|upkeep
|
|t:|1776062746
|switch|p1a: Cinderace|Cinderace, F|100/100
|turn|14
|
|t:|1776062752
|switch|p2a: Ninetales|Ninetales-Alola, M|63/100
|-weather|Snowscape|[from] ability: Snow Warning|[of] p2a: Ninetales
|move|p1a: Cinderace|U-turn|p2a: Ninetales
|-start|p1a: Cinderace|typechange|Bug|[from] ability: Libero
|-resisted|p2a: Ninetales
|-damage|p2a: Ninetales|49/100
|
|t:|1776062757
|switch|p1a: Iron Crown|Iron Crown|100/100|[from] U-turn
|
|-weather|Snowscape|[upkeep]
|upkeep
|turn|15
|
|t:|1776062762
|move|p1a: Iron Crown|Tachyon Cutter|p2a: Ninetales
|-supereffective|p2a: Ninetales
|-damage|p2a: Ninetales|0 fnt
|faint|p2a: Ninetales
|-hitcount|p2: Ninetales|1
|
|-weather|Snowscape|[upkeep]
|upkeep
|
|t:|1776062768
|switch|p2a: Cetitan|Cetitan, F|94/100
|turn|16
|
|t:|1776062776
|-terastallize|p2a: Cetitan|Ghost
|move|p2a: Cetitan|Belly Drum|p2a: Cetitan
|-damage|p2a: Cetitan|44/100
|-setboost|p2a: Cetitan|atk|6|[from] move: Belly Drum
|move|p1a: Iron Crown|Tachyon Cutter|p2a: Cetitan
|-damage|p2a: Cetitan|14/100
|-damage|p2a: Cetitan|0 fnt
|faint|p2a: Cetitan
|-hitcount|p2: Cetitan|2
|
|-weather|Snowscape|[upkeep]
|upkeep
|
|t:|1776062787
|switch|p2a: Raging Bolt|Raging Bolt|69/100
|turn|17
|
|t:|1776062803
|-end|p1a: Iron Crown|Quark Drive|[silent]
|switch|p1a: Gliscor|Gliscor, M|86/100 tox
|move|p2a: Raging Bolt|Substitute|p2a: Raging Bolt
|-start|p2a: Raging Bolt|Substitute
|-damage|p2a: Raging Bolt|44/100
|
|-weather|Snowscape|[upkeep]
|-heal|p2a: Raging Bolt|50/100|[from] item: Leftovers
|-heal|p1a: Gliscor|99/100 tox|[from] ability: Poison Heal
|upkeep
|turn|18
|
|t:|1776062811
|move|p2a: Raging Bolt|Calm Mind|p2a: Raging Bolt
|-boost|p2a: Raging Bolt|spa|1
|-boost|p2a: Raging Bolt|spd|1
|move|p1a: Gliscor|Earthquake|p2a: Raging Bolt
|-supereffective|p2a: Raging Bolt
|-end|p2a: Raging Bolt|Substitute
|
|-weather|none
|-heal|p2a: Raging Bolt|56/100|[from] item: Leftovers
|-heal|p1a: Gliscor|100/100 tox|[from] ability: Poison Heal
|upkeep
|turn|19
|
|t:|1776062820
|switch|p1a: Iron Crown|Iron Crown|100/100
|move|p2a: Raging Bolt|Draco Meteor|p1a: Iron Crown
|-resisted|p1a: Iron Crown
|-damage|p1a: Iron Crown|38/100
|-unboost|p2a: Raging Bolt|spa|2
|
|-heal|p2a: Raging Bolt|63/100|[from] item: Leftovers
|upkeep
|turn|20
|
|t:|1776062828
|move|p1a: Iron Crown|Volt Switch|p2a: Raging Bolt
|-resisted|p2a: Raging Bolt
|-damage|p2a: Raging Bolt|59/100
|
|t:|1776062829
|-end|p1a: Iron Crown|Quark Drive|[silent]
|switch|p1a: Gliscor|Gliscor, M|100/100 tox|[from] Volt Switch
|move|p2a: Raging Bolt|Substitute|p2a: Raging Bolt
|-start|p2a: Raging Bolt|Substitute
|-damage|p2a: Raging Bolt|34/100
|
|-heal|p2a: Raging Bolt|40/100|[from] item: Leftovers
|upkeep
|turn|21
|
|t:|1776062840
|move|p2a: Raging Bolt|Draco Meteor|p1a: Gliscor|[miss]
|-miss|p2a: Raging Bolt|p1a: Gliscor
|move|p1a: Gliscor|Earthquake|p2a: Raging Bolt
|-supereffective|p2a: Raging Bolt
|-end|p2a: Raging Bolt|Substitute
|
|-heal|p2a: Raging Bolt|46/100|[from] item: Leftovers
|upkeep
|turn|22
|
|t:|1776062848
|-end|p2a: Raging Bolt|Protosynthesis|[silent]
|switch|p2a: Greninja|Greninja, M|84/100
|move|p1a: Gliscor|Earthquake|p2a: Greninja
|-damage|p2a: Greninja|28/100
|
|upkeep
|turn|23
|
|t:|1776062854
|switch|p1a: Alomomola|Alomomola, M|53/100
|move|p2a: Greninja|Hydro Pump|p1a: Alomomola
|-resisted|p1a: Alomomola
|-damage|p1a: Alomomola|36/100
|
|upkeep
|turn|24
|
|t:|1776062864
|move|p2a: Greninja|Dark Pulse|p1a: Alomomola
|-damage|p1a: Alomomola|11/100
|cant|p1a: Alomomola|flinch
|
|upkeep
|turn|25
|
|t:|1776062888
|move|p1a: Alomomola|Aqua Jet|p2a: Greninja
|-resisted|p2a: Greninja
|-damage|p2a: Greninja|18/100
|move|p2a: Greninja|Dark Pulse|p1a: Alomomola
|-damage|p1a: Alomomola|0 fnt
|faint|p1a: Alomomola
|-ability|p2a: Greninja|Battle Bond|boost
|-boost|p2a: Greninja|atk|1
|-boost|p2a: Greninja|spa|1
|-boost|p2a: Greninja|spe|1
|-activate|p2a: Greninja|ability: Battle Bond
|
|upkeep
|
|t:|1776062896
|switch|p1a: Cinderace|Cinderace, F|100/100
|turn|26
|
|t:|1776062904
|move|p1a: Cinderace|Sucker Punch|p2a: Greninja
|-start|p1a: Cinderace|typechange|Dark|[from] ability: Libero
|-resisted|p2a: Greninja
|-damage|p2a: Greninja|0 fnt
|faint|p2a: Greninja
|
|upkeep
|
|t:|1776062912
|switch|p2a: Raging Bolt|Raging Bolt|46/100
|turn|27
|
|t:|1776062915
|move|p1a: Cinderace|U-turn|p2a: Raging Bolt
|-damage|p2a: Raging Bolt|25/100
|
|t:|1776062919
|switch|p1a: Iron Crown|Iron Crown|38/100|[from] U-turn
|move|p2a: Raging Bolt|Substitute|p2a: Raging Bolt
|-fail|p2a: Raging Bolt|move: Substitute|[weak]
|
|-heal|p2a: Raging Bolt|32/100|[from] item: Leftovers
|upkeep
|turn|28
|-message|Lordbulbus17 forfeited.
|
|win|orange fruit
|raw|orange fruit's rating: 1791 &rarr; <strong>1802</strong><br />(+11 for winning)
|raw|Lordbulbus17's rating: 1619 &rarr; <strong>1608</strong><br />(-11 for losing)
|l|☆Lordbulbus17
|player|p2|
