|html|<div class="broadcast-blue"><strong>[Gen 9] OU is currently suspecting Volcarona! For information on how to participate check out the <a href="https://www.smogon.com/tools/suspects/view/208">suspect thread</a>.</strong></div>
|j|☆aquakone
|j|☆FlameForce
|t:|1778508619
|gametype|singles
|player|p1|aquakone|miku-ghost|1504
|player|p2|FlameForce|hilda|1511
|gen|9
|tier|[Gen 9] OU
|rated|
|rule|HP Percentage Mod: HP is shown in percentages
|rule|Endless Battle Clause: Forcing endless battles is banned
|rule|Species Clause: Limit one of each Pokémon
|rule|OHKO Clause: OHKO moves are banned
|rule|Evasion Items Clause: Evasion items are banned
|rule|Evasion Moves Clause: Evasion moves are banned
|rule|Evasion Abilities Clause: Evasion abilities are banned
|rule|Sleep Moves Clause: Sleep-inducing moves are banned
|clearpoke
|poke|p1|Crawdaunt, M|
|poke|p1|Alomomola, F|
|poke|p1|Weezing-Galar, F|
|poke|p1|Volcarona, M|
|poke|p1|Gliscor, F|
|poke|p1|Gholdengo|
|poke|p2|Kyurem|
|poke|p2|Alomomola, F|
|poke|p2|Keldeo|
|poke|p2|Conkeldurr, F|
|poke|p2|Meloetta|
|poke|p2|Thundurus-Therian, M|
|teampreview
|
|t:|1778508664
|teamsize|p1|6
|teamsize|p2|6
|start
|switch|p1a: Alomomola|Alomomola, F|100/100
|switch|p2a: Kyurem|Kyurem|100/100
|-ability|p2a: Kyurem|Pressure
|turn|1
|j| I registered this
|
|t:|1778508673
|move|p2a: Kyurem|Dragon Dance|p2a: Kyurem
|-boost|p2a: Kyurem|atk|1
|-boost|p2a: Kyurem|spe|1
|move|p1a: Alomomola|Mirror Coat||[still]
|-fail|p1a: Alomomola
|
|upkeep
|turn|2
|
|t:|1778508680
|move|p2a: Kyurem|Dragon Dance|p2a: Kyurem
|-boost|p2a: Kyurem|atk|1
|-boost|p2a: Kyurem|spe|1
|move|p1a: Alomomola|Play Rough|p2a: Kyurem
|-supereffective|p2a: Kyurem
|-damage|p2a: Kyurem|69/100
|-unboost|p2a: Kyurem|atk|1
|
|upkeep
|turn|3
|
|t:|1778508694
|-terastallize|p2a: Kyurem|Steel
|move|p2a: Kyurem|Substitute|p2a: Kyurem
|-start|p2a: Kyurem|Substitute
|-damage|p2a: Kyurem|44/100
|move|p1a: Alomomola|Flip Turn|p2a: Kyurem
|-activate|p2a: Kyurem|move: Substitute|[damage]
|
|t:|1778508706
|switch|p1a: Volcarona|Volcarona, M|100/100|[from] Flip Turn
|
|upkeep
|turn|4
|
|t:|1778508710
|move|p2a: Kyurem|Scale Shot|p1a: Volcarona
|-damage|p1a: Volcarona|75/100
|-damage|p1a: Volcarona|50/100
|-damage|p1a: Volcarona|24/100
|-damage|p1a: Volcarona|0 fnt
|faint|p1a: Volcarona
|-hitcount|p1: Volcarona|4
|-unboost|p2a: Kyurem|def|1
|-boost|p2a: Kyurem|spe|1
|
|upkeep
|
|t:|1778508732
|switch|p1a: Alomomola|Alomomola, F|100/100
|turn|5
|
|t:|1778508737
|move|p2a: Kyurem|Scale Shot|p1a: Alomomola
|-damage|p1a: Alomomola|85/100
|-damage|p1a: Alomomola|68/100
|-damage|p1a: Alomomola|49/100
|-damage|p1a: Alomomola|33/100
|-damage|p1a: Alomomola|16/100
|-hitcount|p1a: Alomomola|5
|-unboost|p2a: Kyurem|def|1
|-boost|p2a: Kyurem|spe|1
|move|p1a: Alomomola|Flip Turn|p2a: Kyurem
|-end|p2a: Kyurem|Substitute
|
|t:|1778508739
|switch|p1a: John Crawk 📞📞|Crawdaunt, M|100/100|[from] Flip Turn
|
|upkeep
|turn|6
|
|t:|1778508753
|switch|p2a: Alomomola|Alomomola, F|100/100
|move|p1a: John Crawk 📞📞|Aqua Jet|p2a: Alomomola
|-resisted|p2a: Alomomola
|-damage|p2a: Alomomola|89/100
|-damage|p1a: John Crawk 📞📞|84/100|[from] item: Rocky Helmet|[of] p2a: Alomomola
|
|upkeep
|turn|7
|
|t:|1778508760
|switch|p1a: Gliscor|Gliscor, F|100/100
|move|p2a: Alomomola|Flip Turn|p1a: Gliscor
|-supereffective|p1a: Gliscor
|-damage|p1a: Gliscor|75/100
|
|t:|1778508766
|switch|p2a: Keldeo|Keldeo|100/100|[from] Flip Turn
|
|-status|p1a: Gliscor|tox|[from] item: Toxic Orb
|upkeep
|turn|8
|
|t:|1778508772
|switch|p1a: Alomomola|Alomomola, F|49/100
|move|p2a: Keldeo|Calm Mind|p2a: Keldeo
|-boost|p2a: Keldeo|spa|1
|-boost|p2a: Keldeo|spd|1
|
|upkeep
|turn|9
|
|t:|1778508783
|move|p2a: Keldeo|Calm Mind|p2a: Keldeo
|-boost|p2a: Keldeo|spa|1
|-boost|p2a: Keldeo|spd|1
|move|p1a: Alomomola|Flip Turn|p2a: Keldeo
|-resisted|p2a: Keldeo
|-damage|p2a: Keldeo|92/100
|
|t:|1778508801
|switch|p1a: Gholdengo|Gholdengo|100/100|[from] Flip Turn
|
|upkeep
|turn|10
|
|t:|1778508806
|move|p1a: Gholdengo|Trick|p2a: Keldeo
|-activate|p1a: Gholdengo|move: Trick|[of] p2a: Keldeo
|-item|p2a: Keldeo|Choice Scarf|[from] move: Trick
|-item|p1a: Gholdengo|Covert Cloak|[from] move: Trick
|move|p2a: Keldeo|Surf|p1a: Gholdengo
|-damage|p1a: Gholdengo|0 fnt
|faint|p1a: Gholdengo
|
|upkeep
|
|t:|1778508811
|switch|p1a: Alomomola|Alomomola, F|83/100
|turn|11
|
|t:|1778508817
|move|p2a: Keldeo|Surf|p1a: Alomomola
|-resisted|p1a: Alomomola
|-damage|p1a: Alomomola|61/100
|move|p1a: Alomomola|Mirror Coat|p2a: Keldeo
|-damage|p2a: Keldeo|21/100
|
|upkeep
|turn|12
|
|t:|1778508824
|move|p2a: Keldeo|Surf|p1a: Alomomola
|-resisted|p1a: Alomomola
|-damage|p1a: Alomomola|38/100
|move|p1a: Alomomola|Flip Turn|p2a: Keldeo
|-resisted|p2a: Keldeo
|-damage|p2a: Keldeo|13/100
|
|t:|1778508826
|switch|p1a: John Crawk 📞📞|Crawdaunt, M|84/100|[from] Flip Turn
|
|upkeep
|turn|13
|
|t:|1778508835
|switch|p2a: Alomomola|Alomomola, F|100/100
|move|p1a: John Crawk 📞📞|Knock Off|p2a: Alomomola
|-damage|p2a: Alomomola|42/100
|-damage|p1a: John Crawk 📞📞|67/100|[from] item: Rocky Helmet|[of] p2a: Alomomola
|-enditem|p2a: Alomomola|Rocky Helmet|[from] move: Knock Off|[of] p1a: John Crawk 📞📞
|
|upkeep
|turn|14
|
|t:|1778508843
|move|p1a: John Crawk 📞📞|Knock Off|p2a: Alomomola
|-damage|p2a: Alomomola|6/100
|move|p2a: Alomomola|Wish|p2a: Alomomola
|
|upkeep
|turn|15
|
|t:|1778508857
|switch|p1a: Gliscor|Gliscor, F|75/100 tox
|move|p2a: Alomomola|Protect||[still]
|-fail|p2a: Alomomola
|
|-heal|p2a: Alomomola|56/100|[from] move: Wish|[wisher] Alomomola
|-heal|p1a: Gliscor|87/100 tox|[from] ability: Poison Heal
|upkeep
|turn|16
|
|t:|1778508867
|move|p1a: Gliscor|Spikes|p2a: Alomomola
|-sidestart|p2: FlameForce|Spikes
|move|p2a: Alomomola|Wish|p2a: Alomomola
|
|-heal|p1a: Gliscor|99/100 tox|[from] ability: Poison Heal
|upkeep
|turn|17
|
|t:|1778508874
|switch|p2a: Kyurem|Kyurem, tera:Steel|44/100
|-damage|p2a: Kyurem|32/100|[from] Spikes
|-ability|p2a: Kyurem|Pressure
|move|p1a: Gliscor|Spikes|p2a: Kyurem
|-sidestart|p2: FlameForce|Spikes
|
|-heal|p2a: Kyurem|99/100|[from] move: Wish|[wisher] Alomomola
|-heal|p1a: Gliscor|100/100 tox|[from] ability: Poison Heal
|upkeep
|turn|18
|
|t:|1778508886
|move|p2a: Kyurem|Dragon Dance|p2a: Kyurem
|-boost|p2a: Kyurem|atk|1
|-boost|p2a: Kyurem|spe|1
|move|p1a: Gliscor|Knock Off|p2a: Kyurem
|-damage|p2a: Kyurem|80/100
|-enditem|p2a: Kyurem|Loaded Dice|[from] move: Knock Off|[of] p1a: Gliscor
|
|upkeep
|turn|19
|
|t:|1778508894
|switch|p1a: Weezing|Weezing-Galar, F|100/100
|-ability|p1a: Weezing|Neutralizing Gas
|move|p2a: Kyurem|Icicle Spear|p1a: Weezing
|-damage|p1a: Weezing|86/100
|-damage|p1a: Weezing|72/100
|-damage|p1a: Weezing|58/100
|-hitcount|p1a: Weezing|3
|
|upkeep
|turn|20
|
|t:|1778508907
|move|p2a: Kyurem|Substitute|p2a: Kyurem
|-start|p2a: Kyurem|Substitute
|-damage|p2a: Kyurem|55/100
|move|p1a: Weezing|Will-O-Wisp||[still]
|-fail|p1a: Weezing
|
|upkeep
|turn|21
|
|t:|1778508920
|move|p2a: Kyurem|Dragon Dance|p2a: Kyurem
|-boost|p2a: Kyurem|atk|1
|-boost|p2a: Kyurem|spe|1
|move|p1a: Weezing|Sludge Bomb|p2a: Kyurem
|-immune|p2a: Kyurem
|
|upkeep
|turn|22
|-message|aquakone forfeited.
|
|win|FlameForce
|raw|aquakone's rating: 1504 &rarr; <strong>1484</strong><br />(-20 for losing)
|raw|FlameForce's rating: 1511 &rarr; <strong>1531</strong><br />(+20 for winning)
|l|☆aquakone
|player|p1|
|l| I registered this
|l|☆FlameForce
|player|p2|
