|html|<div class="broadcast-blue"><strong>[Gen 9] OU is currently suspecting Tera Blast! For information on how to participate check out the <a href="https://www.smogon.com/tools/suspects/view/200">suspect thread</a>.</strong></div>
|j|☆15KMH
|j|☆elitegamercheezo
|t:|1776057789
|gametype|singles
|player|p1|15KMH|burglar|1554
|player|p2|elitegamercheezo|jacinthe|1591
|gen|9
|tier|[Gen 9] OU
|rated|
|rule|HP Percentage Mod: HP is shown in percentages
|rule|Endless Battle Clause: Forcing endless battles is banned
|rule|Species Clause: Limit one of each Pokémon
|rule|OHKO Clause: OHKO moves are banned
|rule|Evasion Items Clause: Evasion items are banned
|rule|Evasion Moves Clause: Evasion moves are banned
|rule|Evasion Abilities Clause: Evasion abilities are banned
|rule|Sleep Moves Clause: Sleep-inducing moves are banned
|clearpoke
|poke|p1|Gliscor, M|
|poke|p1|Blissey, F|
|poke|p1|Dondozo, M|
|poke|p1|Clodsire, F|
|poke|p1|Hydrapple, F|
|poke|p1|Weezing-Galar, M|
|poke|p2|Gholdengo|
|poke|p2|Dragonite, F|
|poke|p2|Skeledirge, M|
|poke|p2|Gliscor, M|
|poke|p2|Kyurem|
|poke|p2|Tyranitar, F|
|teampreview
|inactive|Battle timer is ON: inactive players will automatically lose when time's up. (requested by 15KMH)
|
|t:|1776057803
|teamsize|p1|6
|teamsize|p2|6
|start
|switch|p1a: Gliscor|Gliscor, M|100/100
|switch|p2a: Tyranitar|Tyranitar, F|100/100
|-weather|Sandstorm|[from] ability: Sand Stream|[of] p2a: Tyranitar
|turn|1
|
|t:|1776057813
|move|p1a: Gliscor|Protect|p1a: Gliscor
|-singleturn|p1a: Gliscor|Protect
|move|p2a: Tyranitar|Ice Beam|p1a: Gliscor
|-activate|p1a: Gliscor|move: Protect
|
|-weather|Sandstorm|[upkeep]
|-status|p1a: Gliscor|tox|[from] item: Toxic Orb
|upkeep
|turn|2
|
|t:|1776057829
|switch|p1a: Clodsire|Clodsire, F, shiny|100/100
|move|p2a: Tyranitar|Knock Off|p1a: Clodsire
|-damage|p1a: Clodsire|52/100
|-enditem|p1a: Clodsire|Heavy-Duty Boots|[from] move: Knock Off|[of] p2a: Tyranitar
|
|-weather|Sandstorm|[upkeep]
|upkeep
|turn|3
|
|t:|1776057840
|switch|p2a: Gliscor|Gliscor, M|100/100
|move|p1a: Clodsire|Recover|p1a: Clodsire
|-heal|p1a: Clodsire|100/100
|
|-weather|Sandstorm|[upkeep]
|-status|p2a: Gliscor|tox|[from] item: Toxic Orb
|upkeep
|turn|4
|
|t:|1776057849
|move|p2a: Gliscor|Knock Off|p1a: Clodsire
|-damage|p1a: Clodsire|83/100
|move|p1a: Clodsire|Stealth Rock|p2a: Gliscor
|-sidestart|p2: elitegamercheezo|move: Stealth Rock
|
|-weather|Sandstorm|[upkeep]
|upkeep
|turn|5
|
|t:|1776057864
|switch|p1a: Gliscor|Gliscor, M|100/100 tox
|move|p2a: Gliscor|Knock Off|p1a: Gliscor
|-damage|p1a: Gliscor|88/100 tox
|-enditem|p1a: Gliscor|Toxic Orb|[from] move: Knock Off|[of] p2a: Gliscor
|
|-weather|none
|-heal|p1a: Gliscor|100/100 tox|[from] ability: Poison Heal
|upkeep
|turn|6
|
|t:|1776057874
|move|p2a: Gliscor|Knock Off|p1a: Gliscor
|-damage|p1a: Gliscor|92/100 tox
|move|p1a: Gliscor|Spikes|p2a: Gliscor
|-sidestart|p2: elitegamercheezo|Spikes
|
|-heal|p1a: Gliscor|100/100 tox|[from] ability: Poison Heal
|upkeep
|turn|7
|
|t:|1776057882
|switch|p2a: Tyranitar|Tyranitar, F|100/100
|-weather|Sandstorm|[from] ability: Sand Stream|[of] p2a: Tyranitar
|move|p1a: Gliscor|Spikes|p2a: Tyranitar
|-sidestart|p2: elitegamercheezo|Spikes
|
|-weather|Sandstorm|[upkeep]
|upkeep
|turn|8
|
|t:|1776057890
|switch|p1a: Clodsire|Clodsire, F, shiny|83/100
|move|p2a: Tyranitar|Ice Beam|p1a: Clodsire
|-supereffective|p1a: Clodsire
|-damage|p1a: Clodsire|60/100
|
|-weather|Sandstorm|[upkeep]
|upkeep
|turn|9
|
|t:|1776057899
|switch|p2a: Gliscor|Gliscor, M|100/100 tox
|-damage|p2a: Gliscor|88/100 tox|[from] Stealth Rock
|move|p1a: Clodsire|Toxic|p2a: Gliscor
|-fail|p2a: Gliscor|tox
|
|-weather|Sandstorm|[upkeep]
|-heal|p2a: Gliscor|100/100 tox|[from] ability: Poison Heal
|upkeep
|turn|10
|
|t:|1776057911
|move|p2a: Gliscor|Earthquake|p1a: Clodsire
|-supereffective|p1a: Clodsire
|-damage|p1a: Clodsire|0 fnt
|faint|p1a: Clodsire
|
|-weather|Sandstorm|[upkeep]
|upkeep
|
|t:|1776057919
|switch|p1a: Gliscor|Gliscor, M|100/100 tox
|turn|11
|
|t:|1776057923
|move|p2a: Gliscor|Knock Off|p1a: Gliscor
|-damage|p1a: Gliscor|92/100 tox
|move|p1a: Gliscor|Knock Off|p2a: Gliscor
|-damage|p2a: Gliscor|87/100 tox
|-enditem|p2a: Gliscor|Toxic Orb|[from] move: Knock Off|[of] p1a: Gliscor
|
|-weather|none
|-heal|p2a: Gliscor|99/100 tox|[from] ability: Poison Heal
|-heal|p1a: Gliscor|100/100 tox|[from] ability: Poison Heal
|upkeep
|turn|12
|
|t:|1776057929
|move|p2a: Gliscor|Knock Off|p1a: Gliscor
|-damage|p1a: Gliscor|92/100 tox
|move|p1a: Gliscor|Spikes|p2a: Gliscor
|-sidestart|p2: elitegamercheezo|Spikes
|
|-heal|p2a: Gliscor|100/100 tox|[from] ability: Poison Heal
|-heal|p1a: Gliscor|100/100 tox|[from] ability: Poison Heal
|upkeep
|turn|13
|
|t:|1776057935
|move|p2a: Gliscor|Knock Off|p1a: Gliscor
|-damage|p1a: Gliscor|91/100 tox
|move|p1a: Gliscor|Knock Off|p2a: Gliscor
|-damage|p2a: Gliscor|91/100 tox
|
|-heal|p2a: Gliscor|100/100 tox|[from] ability: Poison Heal
|-heal|p1a: Gliscor|100/100 tox|[from] ability: Poison Heal
|upkeep
|turn|14
|
|t:|1776057943
|move|p2a: Gliscor|Earthquake|p1a: Gliscor
|-immune|p1a: Gliscor
|move|p1a: Gliscor|Toxic|p2a: Gliscor
|-fail|p2a: Gliscor|tox
|
|upkeep
|turn|15
|
|t:|1776057951
|move|p2a: Gliscor|Earthquake|p1a: Gliscor
|-immune|p1a: Gliscor
|move|p1a: Gliscor|Knock Off|p2a: Gliscor
|-crit|p2a: Gliscor
|-damage|p2a: Gliscor|87/100 tox
|
|-heal|p2a: Gliscor|99/100 tox|[from] ability: Poison Heal
|upkeep
|turn|16
|
|t:|1776057956
|move|p2a: Gliscor|Earthquake|p1a: Gliscor
|-immune|p1a: Gliscor
|move|p1a: Gliscor|Toxic|p2a: Gliscor
|-fail|p2a: Gliscor|tox
|
|-heal|p2a: Gliscor|100/100 tox|[from] ability: Poison Heal
|upkeep
|turn|17
|
|t:|1776057958
|move|p2a: Gliscor|Earthquake|p1a: Gliscor
|-immune|p1a: Gliscor
|move|p1a: Gliscor|Spikes||[still]
|-fail|p1a: Gliscor
|
|upkeep
|turn|18
|
|t:|1776057960
|move|p2a: Gliscor|Earthquake|p1a: Gliscor
|-immune|p1a: Gliscor
|move|p1a: Gliscor|Knock Off|p2a: Gliscor
|-damage|p2a: Gliscor|92/100 tox
|
|-heal|p2a: Gliscor|100/100 tox|[from] ability: Poison Heal
|upkeep
|turn|19
|
|t:|1776057962
|move|p2a: Gliscor|Earthquake|p1a: Gliscor
|-immune|p1a: Gliscor
|move|p1a: Gliscor|Spikes||[still]
|-fail|p1a: Gliscor
|
|upkeep
|turn|20
|
|t:|1776057967
|move|p2a: Gliscor|Earthquake|p1a: Gliscor
|-immune|p1a: Gliscor
|move|p1a: Gliscor|Knock Off|p2a: Gliscor
|-damage|p2a: Gliscor|92/100 tox
|
|-heal|p2a: Gliscor|100/100 tox|[from] ability: Poison Heal
|upkeep
|turn|21
|
|t:|1776057974
|move|p2a: Gliscor|Earthquake|p1a: Gliscor
|-immune|p1a: Gliscor
|move|p1a: Gliscor|Knock Off|p2a: Gliscor
|-damage|p2a: Gliscor|91/100 tox
|
|-heal|p2a: Gliscor|100/100 tox|[from] ability: Poison Heal
|upkeep
|turn|22
|
|t:|1776057985
|move|p2a: Gliscor|Protect|p2a: Gliscor
|-singleturn|p2a: Gliscor|Protect
|move|p1a: Gliscor|Knock Off|p2a: Gliscor
|-activate|p2a: Gliscor|move: Protect
|
|upkeep
|turn|23
|
|t:|1776057991
|move|p2a: Gliscor|Protect||[still]
|-fail|p2a: Gliscor
|move|p1a: Gliscor|Spikes||[still]
|-fail|p1a: Gliscor
|
|upkeep
|turn|24
|
|t:|1776058001
|move|p2a: Gliscor|Protect|p2a: Gliscor
|-singleturn|p2a: Gliscor|Protect
|move|p1a: Gliscor|Knock Off|p2a: Gliscor
|-activate|p2a: Gliscor|move: Protect
|
|upkeep
|turn|25
|
|t:|1776058006
|move|p2a: Gliscor|Protect||[still]
|-fail|p2a: Gliscor
|move|p1a: Gliscor|Toxic|p2a: Gliscor
|-fail|p2a: Gliscor|tox
|
|upkeep
|turn|26
|
|t:|1776058010
|switch|p1a: Hydrapple|Hydrapple, F|100/100
|move|p2a: Gliscor|Protect||[still]
|-fail|p2a: Gliscor
|
|upkeep
|turn|27
|
|t:|1776058016
|move|p2a: Gliscor|Toxic|p1a: Hydrapple
|-status|p1a: Hydrapple|tox
|move|p1a: Hydrapple|Nasty Plot|p1a: Hydrapple
|-boost|p1a: Hydrapple|spa|2
|
|-damage|p1a: Hydrapple|94/100 tox|[from] psn
|upkeep
|turn|28
|
|t:|1776058022
|move|p2a: Gliscor|Knock Off|p1a: Hydrapple
|-damage|p1a: Hydrapple|83/100 tox
|-damage|p2a: Gliscor|84/100 tox|[from] item: Rocky Helmet|[of] p1a: Hydrapple
|-enditem|p1a: Hydrapple|Rocky Helmet|[from] move: Knock Off|[of] p2a: Gliscor
|move|p1a: Hydrapple|Nasty Plot|p1a: Hydrapple
|-boost|p1a: Hydrapple|spa|2
|
|-heal|p2a: Gliscor|96/100 tox|[from] ability: Poison Heal
|-damage|p1a: Hydrapple|70/100 tox|[from] psn
|upkeep
|turn|29
|
|t:|1776058029
|move|p2a: Gliscor|Protect|p2a: Gliscor
|-singleturn|p2a: Gliscor|Protect
|move|p1a: Hydrapple|Giga Drain|p2a: Gliscor
|-activate|p2a: Gliscor|move: Protect
|
|-heal|p2a: Gliscor|100/100 tox|[from] ability: Poison Heal
|-damage|p1a: Hydrapple|51/100 tox|[from] psn
|upkeep
|turn|30
|
|t:|1776058038
|switch|p2a: Gholdengo|Gholdengo|100/100
|move|p1a: Hydrapple|Giga Drain|p2a: Gholdengo
|-resisted|p2a: Gholdengo
|-crit|p2a: Gholdengo
|-damage|p2a: Gholdengo|51/100
|-heal|p1a: Hydrapple|74/100 tox|[from] drain|[of] p2a: Gholdengo
|
|-damage|p1a: Hydrapple|49/100 tox|[from] psn
|upkeep
|turn|31
|
|t:|1776058049
|switch|p1a: Blissey|Blissey, F, shiny|100/100
|move|p2a: Gholdengo|Hex|p1a: Blissey
|-immune|p1a: Blissey
|
|upkeep
|turn|32
|
|t:|1776058064
|move|p2a: Gholdengo|Thunder Wave|p1a: Blissey
|-status|p1a: Blissey|par
|move|p1a: Blissey|Calm Mind|p1a: Blissey
|-boost|p1a: Blissey|spa|1
|-boost|p1a: Blissey|spd|1
|
|upkeep
|turn|33
|
|t:|1776058081
|switch|p2a: Tyranitar|Tyranitar, F|100/100
|-weather|Sandstorm|[from] ability: Sand Stream|[of] p2a: Tyranitar
|move|p1a: Blissey|Flamethrower|p2a: Tyranitar
|-resisted|p2a: Tyranitar
|-damage|p2a: Tyranitar|95/100
|
|-weather|Sandstorm|[upkeep]
|-damage|p1a: Blissey|94/100 par|[from] Sandstorm
|-heal|p1a: Blissey|100/100 par|[from] item: Leftovers
|upkeep
|turn|34
|
|t:|1776058091
|-curestatus|p1a: Blissey|par|[from] ability: Natural Cure
|switch|p1a: Gliscor|Gliscor, M|100/100 tox
|move|p2a: Tyranitar|Knock Off|p1a: Gliscor
|-damage|p1a: Gliscor|84/100 tox
|
|-weather|Sandstorm|[upkeep]
|-heal|p1a: Gliscor|97/100 tox|[from] ability: Poison Heal
|upkeep
|turn|35
|
|t:|1776058099
|switch|p1a: Hydrapple|Hydrapple, F|82/100 tox
|move|p2a: Tyranitar|Ice Beam|p1a: Hydrapple
|-supereffective|p1a: Hydrapple
|-damage|p1a: Hydrapple|6/100 tox
|
|-weather|Sandstorm|[upkeep]
|-damage|p1a: Hydrapple|0 fnt|[from] Sandstorm
|faint|p1a: Hydrapple
|upkeep
|
|t:|1776058119
|switch|p1a: Dondozo|Dondozo, M|100/100
|turn|36
|
|t:|1776058137
|switch|p2a: Kyurem|Kyurem|100/100
|-ability|p2a: Kyurem|Pressure
|move|p1a: Dondozo|Curse|p1a: Dondozo
|-unboost|p1a: Dondozo|spe|1
|-boost|p1a: Dondozo|atk|1
|-boost|p1a: Dondozo|def|1
|
|-weather|Sandstorm|[upkeep]
|-damage|p2a: Kyurem|94/100|[from] Sandstorm
|-damage|p1a: Dondozo|94/100|[from] Sandstorm
|-heal|p1a: Dondozo|100/100|[from] item: Leftovers
|upkeep
|turn|37
|
|t:|1776058145
|switch|p1a: Blissey|Blissey, F, shiny|100/100
|move|p2a: Kyurem|Freeze-Dry|p1a: Blissey
|-damage|p1a: Blissey|89/100
|
|-weather|none
|-heal|p1a: Blissey|96/100|[from] item: Leftovers
|upkeep
|turn|38
|
|t:|1776058154
|switch|p2a: Tyranitar|Tyranitar, F|95/100
|-weather|Sandstorm|[from] ability: Sand Stream|[of] p2a: Tyranitar
|move|p1a: Blissey|Seismic Toss|p2a: Tyranitar
|-damage|p2a: Tyranitar|71/100
|
|-weather|Sandstorm|[upkeep]
|-damage|p1a: Blissey|89/100|[from] Sandstorm
|-heal|p1a: Blissey|96/100|[from] item: Leftovers
|upkeep
|turn|39
|
|t:|1776058162
|move|p1a: Blissey|Seismic Toss|p2a: Tyranitar
|-damage|p2a: Tyranitar|46/100
|move|p2a: Tyranitar|Thunder Wave|p1a: Blissey
|-status|p1a: Blissey|par
|
|-weather|Sandstorm|[upkeep]
|-damage|p1a: Blissey|89/100 par|[from] Sandstorm
|-heal|p1a: Blissey|96/100 par|[from] item: Leftovers
|upkeep
|turn|40
|
|t:|1776058168
|-curestatus|p1a: Blissey|par|[from] ability: Natural Cure
|switch|p1a: Gliscor|Gliscor, M|97/100 tox
|move|p2a: Tyranitar|Knock Off|p1a: Gliscor
|-damage|p1a: Gliscor|80/100 tox
|
|-weather|Sandstorm|[upkeep]
|-heal|p1a: Gliscor|93/100 tox|[from] ability: Poison Heal
|upkeep
|turn|41
|
|t:|1776058182
|move|p1a: Gliscor|Knock Off|p2a: Tyranitar
|-resisted|p2a: Tyranitar
|-damage|p2a: Tyranitar|38/100
|-enditem|p2a: Tyranitar|Heavy-Duty Boots|[from] move: Knock Off|[of] p1a: Gliscor
|move|p2a: Tyranitar|Ice Beam|p1a: Gliscor
|-supereffective|p1a: Gliscor
|-damage|p1a: Gliscor|2/100 tox
|
|-weather|Sandstorm|[upkeep]
|-heal|p1a: Gliscor|14/100 tox|[from] ability: Poison Heal
|upkeep
|turn|42
|
|t:|1776058193
|move|p1a: Gliscor|Protect|p1a: Gliscor
|-singleturn|p1a: Gliscor|Protect
|move|p2a: Tyranitar|Stealth Rock|p1a: Gliscor
|-sidestart|p1: 15KMH|move: Stealth Rock
|
|-weather|none
|-heal|p1a: Gliscor|27/100 tox|[from] ability: Poison Heal
|upkeep
|turn|43
|
|t:|1776058203
|switch|p1a: Blissey|Blissey, F, shiny|96/100
|-damage|p1a: Blissey|83/100|[from] Stealth Rock
|move|p2a: Tyranitar|Ice Beam|p1a: Blissey
|-damage|p1a: Blissey|77/100
|
|-heal|p1a: Blissey|83/100|[from] item: Leftovers
|upkeep
|turn|44
|inactive|15KMH has 120 seconds left.
|
|t:|1776058234
|move|p1a: Blissey|Seismic Toss|p2a: Tyranitar
|-damage|p2a: Tyranitar|14/100
|move|p2a: Tyranitar|Knock Off|p1a: Blissey
|-damage|p1a: Blissey|41/100
|-enditem|p1a: Blissey|Leftovers|[from] move: Knock Off|[of] p2a: Tyranitar
|
|upkeep
|turn|45
|
|t:|1776058239
|move|p1a: Blissey|Soft-Boiled|p1a: Blissey
|-heal|p1a: Blissey|91/100
|move|p2a: Tyranitar|Thunder Wave|p1a: Blissey
|-status|p1a: Blissey|par
|
|upkeep
|turn|46
|
|t:|1776058245
|move|p2a: Tyranitar|Knock Off|p1a: Blissey
|-damage|p1a: Blissey|59/100 par
|move|p1a: Blissey|Seismic Toss|p2a: Tyranitar
|-damage|p2a: Tyranitar|0 fnt
|faint|p2a: Tyranitar
|
|upkeep
|
|t:|1776058257
|switch|p2a: Dragonite|Dragonite, F|100/100
|turn|47
|inactive|15KMH has 120 seconds left.
|
|t:|1776058283
|-curestatus|p1a: Blissey|par|[from] ability: Natural Cure
|switch|p1a: Weezing|Weezing-Galar, M|100/100
|-ability|p1a: Weezing|Neutralizing Gas
|move|p2a: Dragonite|Dragon Dance|p2a: Dragonite
|-boost|p2a: Dragonite|atk|1
|-boost|p2a: Dragonite|spe|1
|
|upkeep
|turn|48
|inactive|15KMH has 120 seconds left.
|
|t:|1776058313
|-terastallize|p2a: Dragonite|Steel
|move|p2a: Dragonite|Iron Head|p1a: Weezing
|-supereffective|p1a: Weezing
|-damage|p1a: Weezing|9/100
|cant|p1a: Weezing|flinch
|
|upkeep
|turn|49
|
|t:|1776058321
|move|p2a: Dragonite|Iron Head|p1a: Weezing
|-supereffective|p1a: Weezing
|-damage|p1a: Weezing|0 fnt
|faint|p1a: Weezing
|-end|p1a: Weezing|ability: Neutralizing Gas
|
|upkeep
|
|t:|1776058324
|switch|p1a: Dondozo|Dondozo, M|100/100
|-damage|p1a: Dondozo|88/100|[from] Stealth Rock
|turn|50
|
|t:|1776058327
|move|p2a: Dragonite|Thunderbolt|p1a: Dondozo
|-supereffective|p1a: Dondozo
|-damage|p1a: Dondozo|50/100
|move|p1a: Dondozo|Curse|p1a: Dondozo
|-unboost|p1a: Dondozo|spe|1
|-boost|p1a: Dondozo|atk|1
|-boost|p1a: Dondozo|def|1
|
|-heal|p1a: Dondozo|56/100|[from] item: Leftovers
|upkeep
|turn|51
|
|t:|1776058335
|-terastallize|p1a: Dondozo|Dragon
|move|p2a: Dragonite|Thunderbolt|p1a: Dondozo
|-resisted|p1a: Dondozo
|-damage|p1a: Dondozo|46/100
|move|p1a: Dondozo|Curse|p1a: Dondozo
|-unboost|p1a: Dondozo|spe|1
|-boost|p1a: Dondozo|atk|1
|-boost|p1a: Dondozo|def|1
|
|-heal|p1a: Dondozo|52/100|[from] item: Leftovers
|upkeep
|turn|52
|
|t:|1776058344
|switch|p2a: Gliscor|Gliscor, M|100/100 tox
|-damage|p2a: Gliscor|88/100 tox|[from] Stealth Rock
|move|p1a: Dondozo|Rest|p1a: Dondozo
|-status|p1a: Dondozo|slp|[from] move: Rest
|-heal|p1a: Dondozo|100/100 slp|[silent]
|
|-heal|p2a: Gliscor|100/100 tox|[from] ability: Poison Heal
|upkeep
|turn|53
|
|t:|1776058352
|move|p2a: Gliscor|Knock Off|p1a: Dondozo
|-damage|p1a: Dondozo|96/100 slp
|-enditem|p1a: Dondozo|Leftovers|[from] move: Knock Off|[of] p2a: Gliscor
|cant|p1a: Dondozo|slp
|move|p1a: Dondozo|Sleep Talk|p1a: Dondozo
|move|p1a: Dondozo|Rest||[from] move: Sleep Talk|[still]
|-fail|p1a: Dondozo
|
|upkeep
|turn|54
|
|t:|1776058362
|move|p2a: Gliscor|Protect|p2a: Gliscor
|-singleturn|p2a: Gliscor|Protect
|cant|p1a: Dondozo|slp
|move|p1a: Dondozo|Sleep Talk|p1a: Dondozo
|move|p1a: Dondozo|Curse|p1a: Dondozo|[from] move: Sleep Talk
|-unboost|p1a: Dondozo|spe|1
|-boost|p1a: Dondozo|atk|1
|-boost|p1a: Dondozo|def|1
|
|upkeep
|turn|55
|
|t:|1776058370
|move|p2a: Gliscor|Earthquake|p1a: Dondozo
|-crit|p1a: Dondozo
|-damage|p1a: Dondozo|73/100 slp
|-curestatus|p1a: Dondozo|slp|[msg]
|move|p1a: Dondozo|Waterfall|p2a: Gliscor
|-supereffective|p2a: Gliscor
|-damage|p2a: Gliscor|17/100 tox
|
|-heal|p2a: Gliscor|30/100 tox|[from] ability: Poison Heal
|upkeep
|turn|56
|
|t:|1776058377
|move|p2a: Gliscor|Toxic|p1a: Dondozo
|-status|p1a: Dondozo|tox
|move|p1a: Dondozo|Curse|p1a: Dondozo
|-unboost|p1a: Dondozo|spe|1
|-boost|p1a: Dondozo|atk|1
|-boost|p1a: Dondozo|def|1
|
|-heal|p2a: Gliscor|42/100 tox|[from] ability: Poison Heal
|-damage|p1a: Dondozo|67/100 tox|[from] psn
|upkeep
|turn|57
|
|t:|1776058387
|switch|p2a: Skeledirge|Skeledirge, M|100/100
|move|p1a: Dondozo|Rest|p1a: Dondozo
|-status|p1a: Dondozo|slp|[from] move: Rest
|-heal|p1a: Dondozo|100/100 slp|[silent]
|
|upkeep
|turn|58
|
|t:|1776058394
|move|p2a: Skeledirge|Hex|p1a: Dondozo
|-damage|p1a: Dondozo|49/100 slp
|cant|p1a: Dondozo|slp
|move|p1a: Dondozo|Sleep Talk|p1a: Dondozo
|move|p1a: Dondozo|Curse|p1a: Dondozo|[from] move: Sleep Talk
|-unboost|p1a: Dondozo|spe|1
|-boost|p1a: Dondozo|atk|1
|-boost|p1a: Dondozo|def|1
|
|upkeep
|turn|59
|
|t:|1776058403
|switch|p1a: Blissey|Blissey, F, shiny|59/100
|-damage|p1a: Blissey|47/100|[from] Stealth Rock
|move|p2a: Skeledirge|Hex|p1a: Blissey
|-immune|p1a: Blissey
|
|upkeep
|turn|60
|
|t:|1776058412
|move|p2a: Skeledirge|Will-O-Wisp|p1a: Blissey
|-status|p1a: Blissey|brn
|move|p1a: Blissey|Soft-Boiled|p1a: Blissey
|-heal|p1a: Blissey|97/100 brn
|
|-damage|p1a: Blissey|90/100 brn|[from] brn
|upkeep
|turn|61
|
|t:|1776058417
|move|p2a: Skeledirge|Torch Song|p1a: Blissey
|-damage|p1a: Blissey|80/100 brn
|-boost|p2a: Skeledirge|spa|1
|move|p1a: Blissey|Calm Mind|p1a: Blissey
|-boost|p1a: Blissey|spa|1
|-boost|p1a: Blissey|spd|1
|
|-damage|p1a: Blissey|74/100 brn|[from] brn
|upkeep
|turn|62
|
|t:|1776058424
|-curestatus|p1a: Blissey|brn|[from] ability: Natural Cure
|switch|p1a: Gliscor|Gliscor, M|27/100 tox
|-damage|p1a: Gliscor|14/100 tox|[from] Stealth Rock
|move|p2a: Skeledirge|Torch Song|p1a: Gliscor
|-damage|p1a: Gliscor|0 fnt
|-boost|p2a: Skeledirge|spa|1
|faint|p1a: Gliscor
|
|upkeep
|-message|15KMH forfeited.
|
|win|elitegamercheezo
|raw|15KMH's rating: 1554 &rarr; <strong>1536</strong><br />(-18 for losing)
|raw|elitegamercheezo's rating: 1591 &rarr; <strong>1609</strong><br />(+18 for winning)
|l|☆15KMH
|player|p1|
|c|☆elitegamercheezo|Gg wp
|l|☆elitegamercheezo
|player|p2|
