|html|<div class="broadcast-blue"><strong>[Gen 9] OU is currently suspecting Tera Blast! For information on how to participate check out the <a href="https://www.smogon.com/tools/suspects/view/200">suspect thread</a>.</strong></div>
|j|☆Pokfjfeds
|j|☆decwdcv
|t:|1776092296
|gametype|singles
|player|p1|Pokfjfeds|1|1000
|player|p2|decwdcv|1|1000
|gen|9
|tier|[Gen 9] OU
|rated|
|rule|HP Percentage Mod: HP is shown in percentages
|rule|Endless Battle Clause: Forcing endless battles is banned
|rule|Species Clause: Limit one of each Pokémon
|rule|OHKO Clause: OHKO moves are banned
|rule|Evasion Items Clause: Evasion items are banned
|rule|Evasion Moves Clause: Evasion moves are banned
|rule|Evasion Abilities Clause: Evasion abilities are banned
|rule|Sleep Moves Clause: Sleep-inducing moves are banned
|clearpoke
|poke|p1|Ribombee, F|
|poke|p1|Gholdengo|
|poke|p1|Iron Valiant|
|poke|p1|Ogerpon-Wellspring, F|
|poke|p1|Manaphy|
|poke|p1|Great Tusk|
|poke|p2|Noctowl, M|
|poke|p2|Inteleon, M|
|poke|p2|Zapdos|
|poke|p2|Tropius, M|
|poke|p2|Dragonite, F|
|poke|p2|Garchomp, M|
|teampreview
|c|☆decwdcv|hey why can you see my pokimons
|
|t:|1776092313
|teamsize|p1|6
|teamsize|p2|6
|start
|switch|p1a: Ribombee|Ribombee, F, shiny|100/100
|switch|p2a: Noctowl|Noctowl, M|100/100
|turn|1
|c|☆decwdcv|HOW DO YOU KNOW ALL MY POKIMINS
|
|t:|1776092334
|move|p1a: Ribombee|Sticky Web|p2a: Noctowl
|-sidestart|p2: decwdcv|move: Sticky Web
|move|p2a: Noctowl|Tailwind|p2a: Noctowl
|-sidestart|p2: decwdcv|move: Tailwind
|
|upkeep
|turn|2
|
|t:|1776092343
|move|p2a: Noctowl|Air Slash|p1a: Ribombee
|-supereffective|p1a: Ribombee
|-damage|p1a: Ribombee|25/100
|cant|p1a: Ribombee|flinch
|
|upkeep
|turn|3
|
|t:|1776092353
|switch|p2a: Inteleon|Inteleon, M|100/100
|-activate|p2a: Inteleon|move: Sticky Web
|-unboost|p2a: Inteleon|spe|1
|move|p1a: Ribombee|Light Screen|p1a: Ribombee
|-sidestart|p1: Pokfjfeds|move: Light Screen
|
|upkeep
|turn|4
|
|t:|1776092363
|move|p2a: Inteleon|Ice Beam|p1a: Ribombee
|-damage|p1a: Ribombee|0 fnt
|faint|p1a: Ribombee
|
|-sideend|p2: decwdcv|move: Tailwind
|upkeep
|
|t:|1776092372
|switch|p1a: Ogerpon|Ogerpon-Wellspring, F|100/100
|turn|5
|
|t:|1776092384
|-terastallize|p2a: Inteleon|Flying
|move|p1a: Ogerpon|Swords Dance|p1a: Ogerpon
|-boost|p1a: Ogerpon|atk|2
|move|p2a: Inteleon|Air Cutter|p1a: Ogerpon|[miss]
|-miss|p2a: Inteleon|p1a: Ogerpon
|
|upkeep
|turn|6
|
|t:|1776092392
|move|p1a: Ogerpon|Ivy Cudgel|p2a: Inteleon|[anim] Ivy Cudgel Water
|-damage|p2a: Inteleon|0 fnt
|faint|p2a: Inteleon
|
|upkeep
|
|t:|1776092400
|switch|p2a: Noctowl|Noctowl, M|100/100
|turn|7
|
|t:|1776092405
|move|p1a: Ogerpon|Ivy Cudgel|p2a: Noctowl|[anim] Ivy Cudgel Water
|-damage|p2a: Noctowl|0 fnt
|faint|p2a: Noctowl
|
|-sideend|p1: Pokfjfeds|move: Light Screen
|upkeep
|
|t:|1776092423
|switch|p2a: Dragonite|Dragonite, F|100/100
|turn|8
|
|t:|1776092428
|move|p1a: Ogerpon|Play Rough|p2a: Dragonite
|-supereffective|p2a: Dragonite
|-damage|p2a: Dragonite|36/100
|move|p2a: Dragonite|Scale Shot|p1a: Ogerpon
|-damage|p1a: Ogerpon|81/100
|-damage|p1a: Ogerpon|62/100
|-damage|p1a: Ogerpon|44/100
|-damage|p1a: Ogerpon|24/100
|-damage|p1a: Ogerpon|5/100
|-hitcount|p1a: Ogerpon|5
|-unboost|p2a: Dragonite|def|1
|-boost|p2a: Dragonite|spe|1
|
|upkeep
|turn|9
|
|t:|1776092451
|switch|p1a: Iron Valiant|Iron Valiant|100/100
|-enditem|p1a: Iron Valiant|Booster Energy
|-activate|p1a: Iron Valiant|ability: Quark Drive|[fromitem]
|-start|p1a: Iron Valiant|quarkdrivespe
|move|p2a: Dragonite|Extreme Speed|p1a: Iron Valiant
|-damage|p1a: Iron Valiant|61/100
|
|upkeep
|turn|10
|
|t:|1776092474
|switch|p2a: Zapdos|Zapdos, shiny|100/100
|move|p1a: Iron Valiant|Moonblast|p2a: Zapdos
|-damage|p2a: Zapdos|51/100
|-unboost|p2a: Zapdos|spa|1
|-enditem|p2a: Zapdos|Red Card|[of] p1a: Iron Valiant
|-end|p1a: Iron Valiant|Quark Drive|[silent]
|drag|p1a: Gholdengo|Gholdengo|100/100
|-item|p1a: Gholdengo|Air Balloon
|
|upkeep
|turn|11
|
|t:|1776092494
|move|p2a: Zapdos|Heat Wave|p1a: Gholdengo
|-supereffective|p1a: Gholdengo
|-damage|p1a: Gholdengo|48/100
|-enditem|p1a: Gholdengo|Air Balloon
|move|p1a: Gholdengo|Shadow Ball|p2a: Zapdos
|-damage|p2a: Zapdos|5/100
|
|upkeep
|turn|12
|
|t:|1776092505
|switch|p1a: Ogerpon|Ogerpon-Wellspring, F|5/100
|move|p2a: Zapdos|Heat Wave|p1a: Ogerpon
|-damage|p1a: Ogerpon|0 fnt
|faint|p1a: Ogerpon
|
|upkeep
|
|t:|1776092511
|switch|p1a: Iron Valiant|Iron Valiant|61/100
|turn|13
|
|t:|1776092523
|move|p1a: Iron Valiant|Knock Off|p2a: Zapdos
|-damage|p2a: Zapdos|0 fnt
|-status|p1a: Iron Valiant|par|[from] ability: Static|[of] p2a: Zapdos
|faint|p2a: Zapdos
|
|upkeep
|c|☆decwdcv|FCK YOU
|
|t:|1776092540
|switch|p2a: Tropius|Tropius, M|100/100
|turn|14
|
|t:|1776092546
|cant|p1a: Iron Valiant|par
|move|p2a: Tropius|Leech Seed|p1a: Iron Valiant
|-start|p1a: Iron Valiant|move: Leech Seed
|
|-damage|p1a: Iron Valiant|49/100 par|[from] Leech Seed|[of] p2a: Tropius
|upkeep
|turn|15
|
|t:|1776092553
|move|p1a: Iron Valiant|Knock Off|p2a: Tropius
|-damage|p2a: Tropius|73/100
|-enditem|p2a: Tropius|Leftovers|[from] move: Knock Off|[of] p1a: Iron Valiant
|move|p2a: Tropius|Air Slash|p1a: Iron Valiant
|-supereffective|p1a: Iron Valiant
|-damage|p1a: Iron Valiant|0 fnt
|faint|p1a: Iron Valiant
|-end|p1a: Iron Valiant|Quark Drive|[silent]
|
|upkeep
|
|t:|1776092562
|switch|p1a: Manaphy|Manaphy|100/100
|turn|16
|
|t:|1776092566
|move|p1a: Manaphy|Ice Beam|p2a: Tropius
|-supereffective|p2a: Tropius
|-damage|p2a: Tropius|0 fnt
|faint|p2a: Tropius
|
|upkeep
|
|t:|1776092584
|switch|p2a: Garchomp|Garchomp, M|100/100
|-activate|p2a: Garchomp|move: Sticky Web
|-unboost|p2a: Garchomp|spe|1
|turn|17
|
|t:|1776092594
|move|p1a: Manaphy|Ice Beam|p2a: Garchomp
|-supereffective|p2a: Garchomp
|-damage|p2a: Garchomp|0 fnt
|faint|p2a: Garchomp
|
|upkeep
|
|t:|1776092599
|switch|p2a: Dragonite|Dragonite, F|36/100
|turn|18
|
|t:|1776092604
|move|p1a: Manaphy|Ice Beam|p2a: Dragonite
|-supereffective|p2a: Dragonite
|-damage|p2a: Dragonite|0 fnt
|faint|p2a: Dragonite
|
|win|Pokfjfeds
