|html|<div class="broadcast-blue"><strong>[Gen 9] OU is currently suspecting Tera Blast! For information on how to participate check out the <a href="https://www.smogon.com/tools/suspects/view/200">suspect thread</a>.</strong></div>
|j|☆alt1 lord greed
|j|☆xu5000
|t:|1776293228
|gametype|singles
|player|p1|alt1 lord greed|266|1561
|player|p2|xu5000|2|1481
|gen|9
|tier|[Gen 9] OU
|rated|
|rule|HP Percentage Mod: HP is shown in percentages
|rule|Endless Battle Clause: Forcing endless battles is banned
|rule|Species Clause: Limit one of each Pokémon
|rule|OHKO Clause: OHKO moves are banned
|rule|Evasion Items Clause: Evasion items are banned
|rule|Evasion Moves Clause: Evasion moves are banned
|rule|Evasion Abilities Clause: Evasion abilities are banned
|rule|Sleep Moves Clause: Sleep-inducing moves are banned
|clearpoke
|poke|p1|Glastrier|
|poke|p1|Slowking-Galar, F|
|poke|p1|Heatran, M|
|poke|p1|Tornadus-Therian, M|
|poke|p1|Enamorus, F|
|poke|p1|Great Tusk|
|poke|p2|Zamazenta-*|
|poke|p2|Kyurem|
|poke|p2|Iron Treads|
|poke|p2|Tornadus-Therian, M|
|poke|p2|Pecharunt|
|poke|p2|Ting-Lu|
|teampreview
|inactive|Battle timer is ON: inactive players will automatically lose when time's up. (requested by alt1 lord greed)
|inactive|xu5000 has 120 seconds left.
|
|t:|1776293261
|teamsize|p1|6
|teamsize|p2|6
|start
|switch|p1a: Tornadus|Tornadus-Therian, M|100/100
|switch|p2a: Pecharunt|Pecharunt|100/100
|turn|1
|
|t:|1776293278
|move|p1a: Tornadus|Knock Off|p2a: Pecharunt
|-supereffective|p2a: Pecharunt
|-damage|p2a: Pecharunt|79/100
|-enditem|p2a: Pecharunt|Covert Cloak|[from] move: Knock Off|[of] p1a: Tornadus
|move|p2a: Pecharunt|Nasty Plot|p2a: Pecharunt
|-boost|p2a: Pecharunt|spa|2
|
|upkeep
|turn|2
|
|t:|1776293282
|move|p1a: Tornadus|U-turn|p2a: Pecharunt
|-resisted|p2a: Pecharunt
|-damage|p2a: Pecharunt|77/100
|
|t:|1776293283
|switch|p1a: Heatran|Heatran, M|100/100|[from] U-turn
|move|p2a: Pecharunt|Malignant Chain|p1a: Heatran
|-immune|p1a: Heatran
|
|upkeep
|turn|3
|
|t:|1776293289
|move|p2a: Pecharunt|Shadow Ball|p1a: Heatran
|-damage|p1a: Heatran|68/100
|move|p1a: Heatran|Magma Storm|p2a: Pecharunt
|-damage|p2a: Pecharunt|36/100
|-activate|p2a: Pecharunt|move: Magma Storm|[of] p1a: Heatran
|
|-heal|p1a: Heatran|74/100|[from] item: Leftovers
|-damage|p2a: Pecharunt|24/100|[from] move: Magma Storm|[partiallytrapped]
|upkeep
|turn|4
|
|t:|1776293298
|switch|p2a: Ting-Lu|Ting-Lu|100/100
|-ability|p2a: Ting-Lu|Vessel of Ruin
|move|p1a: Heatran|Stealth Rock|p2a: Ting-Lu
|-sidestart|p2: xu5000|move: Stealth Rock
|
|-heal|p1a: Heatran|80/100|[from] item: Leftovers
|upkeep
|turn|5
|
|t:|1776293312
|switch|p1a: Great Tusk|Great Tusk|100/100
|move|p2a: Ting-Lu|Ruination|p1a: Great Tusk
|-damage|p1a: Great Tusk|51/100
|
|upkeep
|turn|6
|
|t:|1776293322
|switch|p2a: Tornadus|Tornadus-Therian, M|100/100
|move|p1a: Great Tusk|Headlong Rush|p2a: Tornadus
|-immune|p2a: Tornadus
|
|upkeep
|turn|7
|
|t:|1776293335
|-end|p1a: Great Tusk|Protosynthesis|[silent]
|switch|p1a: Tornadus|Tornadus-Therian, M|100/100
|move|p2a: Tornadus|Knock Off|p1a: Tornadus
|-damage|p1a: Tornadus|76/100
|-enditem|p1a: Tornadus|Heavy-Duty Boots|[from] move: Knock Off|[of] p2a: Tornadus
|
|upkeep
|turn|8
|
|t:|1776293359
|switch|p2a: Iron Treads|Iron Treads|100/100
|-damage|p2a: Iron Treads|97/100|[from] Stealth Rock
|move|p1a: Tornadus|Knock Off|p2a: Iron Treads
|-damage|p2a: Iron Treads|82/100
|-enditem|p2a: Iron Treads|Leftovers|[from] move: Knock Off|[of] p1a: Tornadus
|
|upkeep
|turn|9
|
|t:|1776293370
|move|p1a: Tornadus|Heat Wave|p2a: Iron Treads
|-supereffective|p2a: Iron Treads
|-damage|p2a: Iron Treads|41/100
|move|p2a: Iron Treads|Rapid Spin|p1a: Tornadus
|-damage|p1a: Tornadus|58/100
|-boost|p2a: Iron Treads|spe|1
|-sideend|p2: xu5000|Stealth Rock|[from] move: Rapid Spin|[of] p2a: Iron Treads
|
|upkeep
|turn|10
|inactive|xu5000 has 120 seconds left.
|
|t:|1776293405
|-end|p2a: Iron Treads|Quark Drive|[silent]
|switch|p2a: Kyurem|Kyurem|100/100
|-ability|p2a: Kyurem|Pressure
|move|p1a: Tornadus|U-turn|p2a: Kyurem
|-damage|p2a: Kyurem|90/100
|
|t:|1776293414
|switch|p1a: Glastrier|Glastrier|100/100|[from] U-turn
|
|upkeep
|turn|11
|inactive|xu5000 has 120 seconds left.
|-activate|p1a: Glastrier|item: Quick Claw
|
|t:|1776293436
|switch|p2a: Zamazenta|Zamazenta|100/100
|-ability|p2a: Zamazenta|Dauntless Shield|boost
|-boost|p2a: Zamazenta|def|1
|move|p1a: Glastrier|Close Combat|p2a: Zamazenta
|-damage|p2a: Zamazenta|77/100
|-unboost|p1a: Glastrier|def|1
|-unboost|p1a: Glastrier|spd|1
|
|-heal|p2a: Zamazenta|83/100|[from] item: Leftovers
|upkeep
|turn|12
|
|t:|1776293458
|switch|p2a: Pecharunt|Pecharunt|24/100
|switch|p1a: Slowking|Slowking-Galar, F|100/100
|
|upkeep
|turn|13
|
|t:|1776293463
|move|p2a: Pecharunt|Recover|p2a: Pecharunt
|-heal|p2a: Pecharunt|74/100
|move|p1a: Slowking|Psychic|p2a: Pecharunt
|-supereffective|p2a: Pecharunt
|-damage|p2a: Pecharunt|1/100
|
|upkeep
|turn|14
|
|t:|1776293470
|switch|p2a: Ting-Lu|Ting-Lu|100/100
|-ability|p2a: Ting-Lu|Vessel of Ruin
|move|p1a: Slowking|Sludge Bomb|p2a: Ting-Lu
|-resisted|p2a: Ting-Lu
|-damage|p2a: Ting-Lu|92/100
|
|-heal|p2a: Ting-Lu|99/100|[from] item: Leftovers
|upkeep
|turn|15
|inactive|xu5000 has 120 seconds left.
|
|t:|1776293487
|switch|p1a: Tornadus|Tornadus-Therian, M|91/100
|move|p2a: Ting-Lu|Earthquake|p1a: Tornadus
|-immune|p1a: Tornadus
|
|-heal|p2a: Ting-Lu|100/100|[from] item: Leftovers
|upkeep
|turn|16
|
|t:|1776293493
|move|p1a: Tornadus|Knock Off|p2a: Ting-Lu
|-resisted|p2a: Ting-Lu
|-damage|p2a: Ting-Lu|96/100
|-enditem|p2a: Ting-Lu|Leftovers|[from] move: Knock Off|[of] p1a: Tornadus
|move|p2a: Ting-Lu|Spikes|p1a: Tornadus
|-sidestart|p1: alt1 lord greed|Spikes
|
|upkeep
|turn|17
|inactive|xu5000 has 120 seconds left.
|
|t:|1776293499
|move|p1a: Tornadus|U-turn|p2a: Ting-Lu
|-supereffective|p2a: Ting-Lu
|-damage|p2a: Ting-Lu|83/100
|
|t:|1776293501
|switch|p1a: Great Tusk|Great Tusk|51/100|[from] U-turn
|move|p2a: Ting-Lu|Whirlwind|p1a: Great Tusk
|-end|p1a: Great Tusk|Protosynthesis|[silent]
|drag|p1a: Slowking|Slowking-Galar, F|100/100
|
|upkeep
|turn|18
|inactive|xu5000 has 120 seconds left.
|
|t:|1776293531
|switch|p2a: Tornadus|Tornadus-Therian, M|100/100
|-prepare|p1a: Slowking|Chilly Reception|[premajor]
|move|p1a: Slowking|Chilly Reception|p1a: Slowking
|-weather|Snowscape
|
|t:|1776293538
|switch|p1a: Tornadus|Tornadus-Therian, M|100/100|[from] Chilly Reception
|
|-weather|Snowscape|[upkeep]
|upkeep
|turn|19
|inactive|xu5000 has 120 seconds left.
|
|t:|1776293551
|switch|p2a: Ting-Lu|Ting-Lu|83/100
|-ability|p2a: Ting-Lu|Vessel of Ruin
|move|p1a: Tornadus|Knock Off|p2a: Ting-Lu
|-resisted|p2a: Ting-Lu
|-damage|p2a: Ting-Lu|80/100
|
|-weather|Snowscape|[upkeep]
|upkeep
|turn|20
|inactive|xu5000 has 120 seconds left.
|
|t:|1776293565
|move|p1a: Tornadus|Bleakwind Storm|p2a: Ting-Lu
|-damage|p2a: Ting-Lu|61/100
|-unboost|p2a: Ting-Lu|spe|1
|move|p2a: Ting-Lu|Whirlwind|p1a: Tornadus
|drag|p1a: Glastrier|Glastrier|100/100
|-damage|p1a: Glastrier|88/100|[from] Spikes
|
|-weather|Snowscape|[upkeep]
|upkeep
|turn|21
|inactive|xu5000 has 120 seconds left.
|-activate|p1a: Glastrier|item: Quick Claw
|
|t:|1776293579
|switch|p2a: Kyurem|Kyurem|90/100
|-ability|p2a: Kyurem|Pressure
|move|p1a: Glastrier|Icicle Crash|p2a: Kyurem
|-crit|p2a: Kyurem
|-damage|p2a: Kyurem|52/100
|
|-weather|Snowscape|[upkeep]
|upkeep
|turn|22
|inactive|xu5000 has 120 seconds left.
|
|t:|1776293592
|switch|p2a: Zamazenta|Zamazenta|83/100
|move|p1a: Glastrier|Close Combat|p2a: Zamazenta
|-damage|p2a: Zamazenta|48/100
|-unboost|p1a: Glastrier|def|1
|-unboost|p1a: Glastrier|spd|1
|
|-weather|none
|-heal|p2a: Zamazenta|54/100|[from] item: Leftovers
|upkeep
|turn|23
|inactive|xu5000 has 120 seconds left.
|
|t:|1776293602
|switch|p1a: Slowking|Slowking-Galar, F|100/100
|move|p2a: Zamazenta|Crunch|p1a: Slowking
|-supereffective|p1a: Slowking
|-damage|p1a: Slowking|54/100
|
|-heal|p2a: Zamazenta|60/100|[from] item: Leftovers
|upkeep
|turn|24
|
|t:|1776293610
|switch|p2a: Ting-Lu|Ting-Lu|61/100
|-ability|p2a: Ting-Lu|Vessel of Ruin
|-prepare|p1a: Slowking|Chilly Reception|[premajor]
|move|p1a: Slowking|Chilly Reception|p1a: Slowking
|-weather|Snowscape
|
|t:|1776293612
|switch|p1a: Great Tusk|Great Tusk|51/100|[from] Chilly Reception
|
|-weather|Snowscape|[upkeep]
|upkeep
|turn|25
|
|t:|1776293630
|-terastallize|p2a: Ting-Lu|Ghost
|move|p1a: Great Tusk|Ice Spinner|p2a: Ting-Lu
|-damage|p2a: Ting-Lu|49/100
|move|p2a: Ting-Lu|Ruination|p1a: Great Tusk
|-damage|p1a: Great Tusk|26/100
|
|-weather|Snowscape|[upkeep]
|upkeep
|turn|26
|
|t:|1776293645
|-end|p1a: Great Tusk|Protosynthesis|[silent]
|switch|p1a: Tornadus|Tornadus-Therian, M|100/100
|move|p2a: Ting-Lu|Earthquake|p1a: Tornadus
|-immune|p1a: Tornadus
|
|-weather|Snowscape|[upkeep]
|upkeep
|turn|27
|inactive|xu5000 has 120 seconds left.
|
|t:|1776293684
|switch|p2a: Tornadus|Tornadus-Therian, M|100/100
|move|p1a: Tornadus|Knock Off|p2a: Tornadus
|-damage|p2a: Tornadus|79/100
|-enditem|p2a: Tornadus|Heavy-Duty Boots|[from] move: Knock Off|[of] p1a: Tornadus
|
|-weather|Snowscape|[upkeep]
|upkeep
|turn|28
|
|t:|1776293702
|move|p1a: Tornadus|Bleakwind Storm|p2a: Tornadus
|-damage|p2a: Tornadus|38/100
|move|p2a: Tornadus|Nasty Plot|p2a: Tornadus
|-boost|p2a: Tornadus|spa|2
|
|-weather|none
|upkeep
|turn|29
|
|t:|1776293715
|switch|p2a: Pecharunt|Pecharunt|1/100
|move|p1a: Tornadus|Bleakwind Storm|p2a: Pecharunt
|-damage|p2a: Pecharunt|0 fnt
|faint|p2a: Pecharunt
|
|upkeep
|
|t:|1776293717
|switch|p2a: Kyurem|Kyurem|52/100
|-ability|p2a: Kyurem|Pressure
|turn|30
|
|t:|1776293722
|switch|p1a: Heatran|Heatran, M|80/100
|-damage|p1a: Heatran|68/100|[from] Spikes
|move|p2a: Kyurem|Body Press|p1a: Heatran
|-supereffective|p1a: Heatran
|-crit|p1a: Heatran
|-damage|p1a: Heatran|9/100
|
|-heal|p1a: Heatran|16/100|[from] item: Leftovers
|upkeep
|turn|31
|
|t:|1776293731
|switch|p1a: Tornadus|Tornadus-Therian, M|100/100
|move|p2a: Kyurem|Earth Power|p1a: Tornadus
|-immune|p1a: Tornadus
|
|upkeep
|turn|32
|
|t:|1776293737
|move|p1a: Tornadus|U-turn|p2a: Kyurem
|-damage|p2a: Kyurem|41/100
|
|t:|1776293742
|switch|p1a: Slowking|Slowking-Galar, F|87/100|[from] U-turn
|move|p2a: Kyurem|Ice Beam|p1a: Slowking
|-damage|p1a: Slowking|58/100
|
|upkeep
|turn|33
|
|t:|1776293759
|switch|p2a: Iron Treads|Iron Treads|41/100
|move|p1a: Slowking|Sludge Bomb|p2a: Iron Treads
|-immune|p2a: Iron Treads
|
|upkeep
|turn|34
|
|t:|1776293765
|switch|p1a: Tornadus|Tornadus-Therian, M|100/100
|move|p2a: Iron Treads|Stealth Rock|p1a: Tornadus
|-sidestart|p1: alt1 lord greed|move: Stealth Rock
|
|upkeep
|turn|35
|
|t:|1776293782
|-end|p2a: Iron Treads|Quark Drive|[silent]
|switch|p2a: Tornadus|Tornadus-Therian, M|71/100
|move|p1a: Tornadus|Heat Wave|p2a: Tornadus
|-damage|p2a: Tornadus|46/100
|
|upkeep
|turn|36
|
|t:|1776293787
|move|p1a: Tornadus|Bleakwind Storm|p2a: Tornadus
|-damage|p2a: Tornadus|6/100
|move|p2a: Tornadus|Bleakwind Storm|p1a: Tornadus
|-damage|p1a: Tornadus|61/100
|-unboost|p1a: Tornadus|spe|1
|
|upkeep
|turn|37
|inactive|xu5000 has 120 seconds left.
|
|t:|1776293825
|switch|p2a: Zamazenta|Zamazenta|60/100
|move|p1a: Tornadus|U-turn|p2a: Zamazenta
|-resisted|p2a: Zamazenta
|-damage|p2a: Zamazenta|54/100
|
|t:|1776293828
|switch|p1a: Slowking|Slowking-Galar, F|91/100|[from] U-turn
|
|-heal|p2a: Zamazenta|60/100|[from] item: Leftovers
|upkeep
|turn|38
|inactive|xu5000 has 120 seconds left.
|
|t:|1776293845
|switch|p2a: Iron Treads|Iron Treads|41/100
|move|p1a: Slowking|Future Sight|p2a: Iron Treads
|-start|p1a: Slowking|move: Future Sight
|
|upkeep
|turn|39
|inactive|xu5000 has 120 seconds left.
|
|t:|1776293857
|move|p2a: Iron Treads|Earthquake|p1a: Slowking
|-supereffective|p1a: Slowking
|-damage|p1a: Slowking|0 fnt
|faint|p1a: Slowking
|
|upkeep
|
|t:|1776293872
|switch|p1a: Tornadus|Tornadus-Therian, M|94/100
|-damage|p1a: Tornadus|70/100|[from] Stealth Rock
|turn|40
|inactive|xu5000 has 120 seconds left.
|
|t:|1776293899
|-end|p2a: Iron Treads|Quark Drive|[silent]
|switch|p2a: Ting-Lu|Ting-Lu, tera:Ghost|49/100
|-ability|p2a: Ting-Lu|Vessel of Ruin
|move|p1a: Tornadus|Heat Wave|p2a: Ting-Lu
|-damage|p2a: Ting-Lu|38/100
|
|-end|p2a: Ting-Lu|move: Future Sight
|-damage|p2a: Ting-Lu|17/100
|upkeep
|turn|41
|
|t:|1776293920
|move|p1a: Tornadus|Knock Off|p2a: Ting-Lu
|-supereffective|p2a: Ting-Lu
|-crit|p2a: Ting-Lu
|-damage|p2a: Ting-Lu|0 fnt
|faint|p2a: Ting-Lu
|
|upkeep
|
|t:|1776293924
|switch|p2a: Kyurem|Kyurem|41/100
|-ability|p2a: Kyurem|Pressure
|turn|42
|
|t:|1776293935
|move|p1a: Tornadus|U-turn|p2a: Kyurem
|-damage|p2a: Kyurem|31/100
|
|t:|1776293938
|switch|p1a: Heatran|Heatran, M|16/100|[from] U-turn
|-damage|p1a: Heatran|3/100|[from] Spikes
|-damage|p1a: Heatran|0 fnt|[from] Stealth Rock
|faint|p1a: Heatran
|move|p2a: Kyurem|Body Press|p1: Heatran|[notarget]
|-fail|p2a: Kyurem
|
|upkeep
|
|t:|1776293946
|switch|p1a: Tornadus|Tornadus-Therian, M|100/100
|-damage|p1a: Tornadus|76/100|[from] Stealth Rock
|turn|43
|
|t:|1776293949
|move|p1a: Tornadus|Bleakwind Storm|p2a: Kyurem
|-damage|p2a: Kyurem|8/100
|-unboost|p2a: Kyurem|spe|1
|move|p2a: Kyurem|Ice Beam|p1a: Tornadus
|-supereffective|p1a: Tornadus
|-damage|p1a: Tornadus|0 fnt
|faint|p1a: Tornadus
|
|upkeep
|
|t:|1776293956
|switch|p1a: Great Tusk|Great Tusk|26/100
|turn|44
|inactive|xu5000 has 120 seconds left.
|
|t:|1776293989
|move|p1a: Great Tusk|Rapid Spin|p2a: Kyurem
|-damage|p2a: Kyurem|0 fnt
|-boost|p1a: Great Tusk|spe|1
|-sideend|p1: alt1 lord greed|Spikes|[from] move: Rapid Spin|[of] p1a: Great Tusk
|-sideend|p1: alt1 lord greed|Stealth Rock|[from] move: Rapid Spin|[of] p1a: Great Tusk
|faint|p2a: Kyurem
|
|upkeep
|
|t:|1776293991
|switch|p2a: Zamazenta|Zamazenta|60/100
|turn|45
|
|t:|1776294009
|switch|p2a: Tornadus|Tornadus-Therian, M|39/100
|move|p1a: Great Tusk|Close Combat|p2a: Tornadus
|-resisted|p2a: Tornadus
|-damage|p2a: Tornadus|6/100
|-unboost|p1a: Great Tusk|def|1
|-unboost|p1a: Great Tusk|spd|1
|
|upkeep
|turn|46
|inactive|xu5000 has 90 seconds left.
|
|t:|1776294037
|switch|p2a: Iron Treads|Iron Treads|41/100
|move|p1a: Great Tusk|Close Combat|p2a: Iron Treads
|-supereffective|p2a: Iron Treads
|-crit|p2a: Iron Treads
|-damage|p2a: Iron Treads|0 fnt
|-unboost|p1a: Great Tusk|def|1
|-unboost|p1a: Great Tusk|spd|1
|faint|p2a: Iron Treads
|-end|p2a: Iron Treads|Quark Drive|[silent]
|
|upkeep
|inactive|xu5000 has 90 seconds left.
|
|t:|1776294044
|switch|p2a: Zamazenta|Zamazenta|60/100
|turn|47
|
|t:|1776294048
|move|p1a: Great Tusk|Close Combat|p2a: Zamazenta
|-damage|p2a: Zamazenta|10/100
|-unboost|p1a: Great Tusk|def|1
|-unboost|p1a: Great Tusk|spd|1
|move|p2a: Zamazenta|Body Press|p1a: Great Tusk
|-damage|p1a: Great Tusk|0 fnt
|faint|p1a: Great Tusk
|-end|p1a: Great Tusk|Protosynthesis|[silent]
|
|-heal|p2a: Zamazenta|16/100|[from] item: Leftovers
|upkeep
|
|t:|1776294049
|switch|p1a: Enamorus|Enamorus, F|100/100
|turn|48
|
|t:|1776294064
|move|p1a: Enamorus|Moonblast|p2a: Zamazenta
|-supereffective|p2a: Zamazenta
|-damage|p2a: Zamazenta|0 fnt
|faint|p2a: Zamazenta
|
|upkeep
|
|t:|1776294067
|switch|p2a: Tornadus|Tornadus-Therian, M|39/100
|turn|49
|
|t:|1776294072
|move|p1a: Enamorus|Moonblast|p2a: Tornadus
|-damage|p2a: Tornadus|0 fnt
|faint|p2a: Tornadus
|
|win|alt1 lord greed
|raw|alt1 lord greed's rating: 1561 &rarr; <strong>1576</strong><br />(+15 for winning)
|raw|xu5000's rating: 1481 &rarr; <strong>1466</strong><br />(-15 for losing)
|l|☆alt1 lord greed
|player|p1|
|c|☆xu5000|gg
