|html|<div class="broadcast-blue"><strong>[Gen 9] OU is currently suspecting Tera Blast! For information on how to participate check out the <a href="https://www.smogon.com/tools/suspects/view/200">suspect thread</a>.</strong></div>
|j|‽unauthorized user
|j|☆Toto2002
|t:|1776292689
|gametype|singles
|player|p1|unauthorized user|101|1326
|player|p2|Toto2002|rosa|1403
|gen|9
|tier|[Gen 9] OU
|rated|
|rule|HP Percentage Mod: HP is shown in percentages
|rule|Endless Battle Clause: Forcing endless battles is banned
|rule|Species Clause: Limit one of each Pokémon
|rule|OHKO Clause: OHKO moves are banned
|rule|Evasion Items Clause: Evasion items are banned
|rule|Evasion Moves Clause: Evasion moves are banned
|rule|Evasion Abilities Clause: Evasion abilities are banned
|rule|Sleep Moves Clause: Sleep-inducing moves are banned
|clearpoke
|poke|p1|Arcanine-Hisui, F|
|poke|p1|Darkrai|
|poke|p1|Great Tusk|
|poke|p1|Hatterene, F|
|poke|p1|Ogerpon-Wellspring, F|
|poke|p1|Zapdos|
|poke|p2|Ogerpon-Wellspring, F|
|poke|p2|Kingambit, M|
|poke|p2|Landorus-Therian, M|
|poke|p2|Glimmora, F|
|poke|p2|Dragapult, M|
|poke|p2|Iron Valiant|
|teampreview
|inactive|Battle timer is ON: inactive players will automatically lose when time's up. (requested by Toto2002)
|
|t:|1776292703
|teamsize|p1|6
|teamsize|p2|6
|start
|switch|p1a: Darkrai|Darkrai|100/100
|switch|p2a: Dragapult|Dragapult, M|100/100
|turn|1
|
|t:|1776292715
|move|p1a: Darkrai|Ice Beam|p2a: Dragapult
|-supereffective|p2a: Dragapult
|-damage|p2a: Dragapult|15/100
|move|p2a: Dragapult|U-turn|p1a: Darkrai
|-supereffective|p1a: Darkrai
|-crit|p1a: Darkrai
|-damage|p1a: Darkrai|37/100
|
|t:|1776292722
|switch|p2a: Kingambit|Kingambit, M|100/100|[from] U-turn
|
|upkeep
|turn|2
|
|t:|1776292729
|switch|p1a: Great Tusk|Great Tusk|100/100
|-end|p2a: Kingambit|fallenundefined|[silent]
|switch|p2a: Ogerpon|Ogerpon-Wellspring, F|100/100
|
|upkeep
|turn|3
|
|t:|1776292744
|-end|p1a: Great Tusk|Protosynthesis|[silent]
|switch|p1a: Ogerpon|Ogerpon-Wellspring, F|100/100
|move|p2a: Ogerpon|Ivy Cudgel|p1a: Ogerpon|[anim] Ivy Cudgel Water
|-immune|p1a: Ogerpon|[from] ability: Water Absorb
|
|upkeep
|turn|4
|
|t:|1776292749
|move|p2a: Ogerpon|Horn Leech|p1a: Ogerpon
|-damage|p1a: Ogerpon|37/100
|move|p1a: Ogerpon|U-turn|p2a: Ogerpon
|-supereffective|p2a: Ogerpon
|-damage|p2a: Ogerpon|21/100
|
|t:|1776292774
|switch|p1a: Arcanine|Arcanine-Hisui, F|100/100|[from] U-turn
|
|upkeep
|turn|5
|
|t:|1776292779
|move|p1a: Arcanine|Extreme Speed|p2a: Ogerpon
|-damage|p2a: Ogerpon|0 fnt
|faint|p2a: Ogerpon
|
|upkeep
|
|t:|1776292782
|switch|p2a: Dragapult|Dragapult, M|15/100
|turn|6
|
|t:|1776292804
|switch|p1a: Zapdos|Zapdos|100/100
|move|p2a: Dragapult|Shadow Ball|p1a: Zapdos
|-damage|p1a: Zapdos|48/100
|
|upkeep
|turn|7
|
|t:|1776292810
|move|p2a: Dragapult|Shadow Ball|p1a: Zapdos
|-damage|p1a: Zapdos|0 fnt
|faint|p1a: Zapdos
|
|upkeep
|
|t:|1776292817
|switch|p1a: Darkrai|Darkrai|37/100
|turn|8
|
|t:|1776292826
|switch|p2a: Kingambit|Kingambit, M|100/100
|-activate|p2a: Kingambit|ability: Supreme Overlord
|-start|p2a: Kingambit|fallen1|[silent]
|move|p1a: Darkrai|Sludge Bomb|p2a: Kingambit
|-immune|p2a: Kingambit
|
|upkeep
|turn|9
|
|t:|1776292835
|switch|p1a: Great Tusk|Great Tusk|100/100
|move|p2a: Kingambit|Iron Head|p1a: Great Tusk
|-damage|p1a: Great Tusk|62/100
|-damage|p2a: Kingambit|84/100|[from] item: Rocky Helmet|[of] p1a: Great Tusk
|
|-heal|p2a: Kingambit|90/100|[from] item: Leftovers
|upkeep
|turn|10
|
|t:|1776292846
|-end|p2a: Kingambit|fallen1|[silent]
|switch|p2a: Landorus|Landorus-Therian, M|100/100
|-ability|p2a: Landorus|Intimidate|boost
|-unboost|p1a: Great Tusk|atk|1
|move|p1a: Great Tusk|Ice Spinner|p2a: Landorus
|-supereffective|p2a: Landorus
|-damage|p2a: Landorus|33/100
|-damage|p1a: Great Tusk|46/100|[from] item: Rocky Helmet|[of] p2a: Landorus
|
|upkeep
|turn|11
|
|t:|1776292859
|move|p2a: Landorus|Stealth Rock|p1a: Great Tusk
|-sidestart|p1: unauthorized user|move: Stealth Rock
|move|p1a: Great Tusk|Stealth Rock|p2a: Landorus
|-sidestart|p2: Toto2002|move: Stealth Rock
|
|upkeep
|turn|12
|
|t:|1776292862
|move|p2a: Landorus|Earthquake|p1a: Great Tusk
|-damage|p1a: Great Tusk|13/100
|move|p1a: Great Tusk|Ice Spinner|p2a: Landorus
|-supereffective|p2a: Landorus
|-damage|p2a: Landorus|0 fnt
|-damage|p1a: Great Tusk|0 fnt|[from] item: Rocky Helmet|[of] p2a: Landorus
|faint|p2a: Landorus
|faint|p1a: Great Tusk
|-end|p1a: Great Tusk|Protosynthesis|[silent]
|
|upkeep
|inactive|unauthorized user has 120 seconds left.
|
|t:|1776292896
|switch|p2a: Kingambit|Kingambit, M|90/100
|switch|p1a: Hatterene|Hatterene, F|100/100
|-damage|p2a: Kingambit|84/100|[from] Stealth Rock
|-activate|p2a: Kingambit|ability: Supreme Overlord
|-start|p2a: Kingambit|fallen2|[silent]
|-damage|p1a: Hatterene|88/100|[from] Stealth Rock
|turn|13
|
|t:|1776292904
|-terastallize|p1a: Hatterene|Water
|move|p2a: Kingambit|Iron Head|p1a: Hatterene
|-resisted|p1a: Hatterene
|-damage|p1a: Hatterene|55/100
|cant|p1a: Hatterene|flinch
|
|-heal|p2a: Kingambit|90/100|[from] item: Leftovers
|upkeep
|turn|14
|
|t:|1776292911
|move|p2a: Kingambit|Kowtow Cleave|p1a: Hatterene
|-damage|p1a: Hatterene|0 fnt
|faint|p1a: Hatterene
|
|-heal|p2a: Kingambit|97/100|[from] item: Leftovers
|upkeep
|
|t:|1776292922
|switch|p1a: Ogerpon|Ogerpon-Wellspring, F|37/100
|-damage|p1a: Ogerpon|25/100|[from] Stealth Rock
|turn|15
|
|t:|1776292926
|-end|p2a: Kingambit|fallen2|[silent]
|switch|p2a: Glimmora|Glimmora, F|100/100
|-damage|p2a: Glimmora|88/100|[from] Stealth Rock
|move|p1a: Ogerpon|Ivy Cudgel|p2a: Glimmora|[anim] Ivy Cudgel Water
|-supereffective|p2a: Glimmora
|-crit|p2a: Glimmora
|-damage|p2a: Glimmora|0 fnt
|-activate|p2a: Glimmora|ability: Toxic Debris
|-sidestart|p1: unauthorized user|move: Toxic Spikes
|faint|p2a: Glimmora
|
|upkeep
|
|t:|1776292929
|switch|p2a: Dragapult|Dragapult, M|15/100
|-damage|p2a: Dragapult|3/100|[from] Stealth Rock
|turn|16
|
|t:|1776292953
|move|p2a: Dragapult|Shadow Ball|p1a: Ogerpon
|-damage|p1a: Ogerpon|0 fnt
|faint|p1a: Ogerpon
|
|upkeep
|
|t:|1776292955
|switch|p1a: Darkrai|Darkrai|37/100
|-damage|p1a: Darkrai|25/100|[from] Stealth Rock
|-status|p1a: Darkrai|psn
|turn|17
|
|t:|1776292960
|move|p1a: Darkrai|Dark Pulse|p2a: Dragapult
|-supereffective|p2a: Dragapult
|-damage|p2a: Dragapult|0 fnt
|faint|p2a: Dragapult
|
|-damage|p1a: Darkrai|12/100 psn|[from] psn
|upkeep
|
|t:|1776292967
|switch|p2a: Kingambit|Kingambit, M|97/100
|-damage|p2a: Kingambit|90/100|[from] Stealth Rock
|-activate|p2a: Kingambit|ability: Supreme Overlord
|-start|p2a: Kingambit|fallen4|[silent]
|turn|18
|
|t:|1776292974
|move|p2a: Kingambit|Sucker Punch|p1a: Darkrai
|-resisted|p1a: Darkrai
|-damage|p1a: Darkrai|0 fnt
|faint|p1a: Darkrai
|
|-heal|p2a: Kingambit|97/100|[from] item: Leftovers
|upkeep
|
|t:|1776292978
|switch|p1a: Arcanine|Arcanine-Hisui, F|100/100
|-damage|p1a: Arcanine|76/100|[from] Stealth Rock
|-status|p1a: Arcanine|psn
|turn|19
|
|t:|1776292988
|move|p2a: Kingambit|Sucker Punch|p1a: Arcanine
|-damage|p1a: Arcanine|6/100 psn
|move|p1a: Arcanine|Flare Blitz|p2a: Kingambit
|-supereffective|p2a: Kingambit
|-damage|p2a: Kingambit|0 fnt
|faint|p2a: Kingambit
|-end|p2a: Kingambit|fallen4|[silent]
|
|-damage|p1a: Arcanine|0 fnt|[from] psn
|faint|p1a: Arcanine
|
|win|Toto2002
|raw|unauthorized user's rating: 1326 &rarr; <strong>1310</strong><br />(-16 for losing)
|raw|Toto2002's rating: 1403 &rarr; <strong>1419</strong><br />(+16 for winning)
|l|☆Toto2002
|player|p2|
