|html|<div class="broadcast-blue"><strong>[Gen 9] OU is currently suspecting Tera Blast! For information on how to participate check out the <a href="https://www.smogon.com/tools/suspects/view/200">suspect thread</a>.</strong></div>
|j|☆blattyOmighty
|j|☆bluepinto
|t:|1776045958
|gametype|singles
|player|p1|blattyOmighty|swimmerf-gen4|1200
|player|p2|bluepinto|blue|1171
|gen|9
|tier|[Gen 9] OU
|rated|
|rule|HP Percentage Mod: HP is shown in percentages
|rule|Endless Battle Clause: Forcing endless battles is banned
|rule|Species Clause: Limit one of each Pokémon
|rule|OHKO Clause: OHKO moves are banned
|rule|Evasion Items Clause: Evasion items are banned
|rule|Evasion Moves Clause: Evasion moves are banned
|rule|Evasion Abilities Clause: Evasion abilities are banned
|rule|Sleep Moves Clause: Sleep-inducing moves are banned
|clearpoke
|poke|p1|Meloetta|
|poke|p1|Flamigo, F|
|poke|p1|Salazzle, F|
|poke|p1|Kleavor, F|
|poke|p1|Serperior, F|
|poke|p1|Lapras, F|
|poke|p2|Kommo-o, M|
|poke|p2|Hatterene, F|
|poke|p2|Gliscor, M|
|poke|p2|Galvantula, M|
|poke|p2|Iron Moth|
|poke|p2|Quaquaval, F|
|teampreview
|inactive|Battle timer is ON: inactive players will automatically lose when time's up. (requested by bluepinto)
|
|t:|1776045963
|teamsize|p1|6
|teamsize|p2|6
|start
|switch|p1a: Ben Grimm|Kleavor, F, shiny|100/100
|switch|p2a: Ozempic|Galvantula, M|100/100
|turn|1
|
|t:|1776045967
|move|p2a: Ozempic|Sticky Web|p1a: Ben Grimm
|-sidestart|p1: blattyOmighty|move: Sticky Web
|move|p1a: Ben Grimm|Stone Edge|p2a: Ozempic
|-supereffective|p2a: Ozempic
|-enditem|p2a: Ozempic|Focus Sash
|-damage|p2a: Ozempic|1/100
|
|upkeep
|turn|2
|
|t:|1776045977
|move|p2a: Ozempic|Thunder|p1a: Ben Grimm
|-damage|p1a: Ben Grimm|26/100
|-status|p1a: Ben Grimm|par
|move|p1a: Ben Grimm|Stone Edge|p2a: Ozempic|[miss]
|-miss|p1a: Ben Grimm|p2a: Ozempic
|
|upkeep
|turn|3
|
|t:|1776045984
|move|p2a: Ozempic|Thunder|p1a: Ben Grimm
|-damage|p1a: Ben Grimm|0 fnt
|faint|p1a: Ben Grimm
|
|upkeep
|
|t:|1776046003
|switch|p1a: Dazzler|Meloetta, shiny|100/100
|-activate|p1a: Dazzler|move: Sticky Web
|-unboost|p1a: Dazzler|spe|1
|turn|4
|
|t:|1776046022
|move|p2a: Ozempic|Bug Buzz|p1a: Dazzler
|-supereffective|p1a: Dazzler
|-damage|p1a: Dazzler|37/100
|move|p1a: Dazzler|Psychic|p2a: Ozempic
|-damage|p2a: Ozempic|0 fnt
|faint|p2a: Ozempic
|
|upkeep
|inactive|bluepinto has 120 seconds left.
|
|t:|1776046051
|switch|p2a: Monjauro|Gliscor, M, shiny|100/100
|turn|5
|
|t:|1776046057
|move|p1a: Dazzler|Psychic|p2a: Monjauro
|-damage|p2a: Monjauro|43/100
|move|p2a: Monjauro|Knock Off|p1a: Dazzler
|-supereffective|p1a: Dazzler
|-damage|p1a: Dazzler|0 fnt
|-enditem|p1a: Dazzler|Choice Scarf|[from] move: Knock Off|[of] p2a: Monjauro
|faint|p1a: Dazzler
|
|-status|p2a: Monjauro|tox|[from] item: Toxic Orb
|upkeep
|
|t:|1776046065
|switch|p1a: Orka|Lapras, F, shiny|100/100
|-activate|p1a: Orka|move: Sticky Web
|-unboost|p1a: Orka|spe|1
|turn|6
|
|t:|1776046070
|move|p2a: Monjauro|Toxic|p1a: Orka
|-status|p1a: Orka|tox
|move|p1a: Orka|Ice Beam|p2a: Monjauro
|-supereffective|p2a: Monjauro
|-damage|p2a: Monjauro|0 fnt
|faint|p2a: Monjauro
|
|-damage|p1a: Orka|94/100 tox|[from] psn
|upkeep
|
|t:|1776046073
|switch|p2a: Fluoxetina|Quaquaval, F, shiny|100/100
|turn|7
|
|t:|1776046080
|-terastallize|p1a: Orka|Ground
|move|p2a: Fluoxetina|Close Combat|p1a: Orka
|-damage|p1a: Orka|46/100 tox
|-unboost|p2a: Fluoxetina|def|1
|-unboost|p2a: Fluoxetina|spd|1
|move|p1a: Orka|Thunderbolt|p2a: Fluoxetina
|-supereffective|p2a: Fluoxetina
|-damage|p2a: Fluoxetina|0 fnt
|faint|p2a: Fluoxetina
|
|-heal|p1a: Orka|52/100 tox|[from] item: Leftovers
|-damage|p1a: Orka|40/100 tox|[from] psn
|upkeep
|
|t:|1776046088
|switch|p2a: Zolpidem|Kommo-o, M, shiny|100/100
|turn|8
|
|t:|1776046094
|-terastallize|p2a: Zolpidem|Steel
|move|p2a: Zolpidem|Clangorous Soul|p2a: Zolpidem
|-boost|p2a: Zolpidem|atk|1
|-boost|p2a: Zolpidem|def|1
|-boost|p2a: Zolpidem|spa|1
|-boost|p2a: Zolpidem|spd|1
|-boost|p2a: Zolpidem|spe|1
|-damage|p2a: Zolpidem|68/100
|-enditem|p2a: Zolpidem|Throat Spray
|-boost|p2a: Zolpidem|spa|1|[from] item: Throat Spray
|move|p1a: Orka|Ice Beam|p2a: Zolpidem
|-resisted|p2a: Zolpidem
|-damage|p2a: Zolpidem|51/100
|
|-heal|p1a: Orka|46/100 tox|[from] item: Leftovers
|-damage|p1a: Orka|27/100 tox|[from] psn
|upkeep
|turn|9
|
|t:|1776046108
|move|p2a: Zolpidem|Clanging Scales|p1a: Orka
|-damage|p1a: Orka|0 fnt
|faint|p1a: Orka
|-unboost|p2a: Zolpidem|def|1
|
|upkeep
|
|t:|1776046113
|switch|p1a: Firelord|Salazzle, F, shiny|100/100
|-item|p1a: Firelord|Air Balloon
|turn|10
|
|t:|1776046119
|move|p2a: Zolpidem|Clanging Scales|p1a: Firelord
|-damage|p1a: Firelord|0 fnt
|-enditem|p1a: Firelord|Air Balloon
|faint|p1a: Firelord
|-unboost|p2a: Zolpidem|def|1
|
|upkeep
|
|t:|1776046140
|switch|p1a: Vulture|Flamigo, F, shiny|100/100
|turn|11
|
|t:|1776046158
|move|p1a: Vulture|Close Combat|p2a: Zolpidem
|-supereffective|p2a: Zolpidem
|-damage|p2a: Zolpidem|0 fnt
|-unboost|p1a: Vulture|def|1
|-unboost|p1a: Vulture|spd|1
|faint|p2a: Zolpidem
|
|upkeep
|
|t:|1776046164
|switch|p2a: Paracetamol|Hatterene, F|100/100
|turn|12
|
|t:|1776046168
|switch|p1a: Plantman|Serperior, F, shiny|100/100
|-activate|p1a: Plantman|move: Sticky Web
|-boost|p1a: Plantman|spe|1
|move|p2a: Paracetamol|Nuzzle|p1a: Plantman
|-resisted|p1a: Plantman
|-damage|p1a: Plantman|98/100
|-status|p1a: Plantman|par
|
|upkeep
|turn|13
|
|t:|1776046177
|move|p1a: Plantman|Leaf Storm|p2a: Paracetamol|[miss]
|-miss|p1a: Plantman|p2a: Paracetamol
|move|p2a: Paracetamol|Mystical Fire|p1a: Plantman
|-supereffective|p1a: Plantman
|-damage|p1a: Plantman|27/100 par
|-boost|p1a: Plantman|spa|1
|
|upkeep
|turn|14
|
|t:|1776046186
|cant|p1a: Plantman|par
|move|p2a: Paracetamol|Mystical Fire|p1a: Plantman
|-supereffective|p1a: Plantman
|-damage|p1a: Plantman|0 fnt
|faint|p1a: Plantman
|
|upkeep
|-message|blattyOmighty forfeited.
|
|win|bluepinto
|raw|blattyOmighty's rating: 1200 &rarr; <strong>1173</strong><br />(-27 for losing)
|raw|bluepinto's rating: 1171 &rarr; <strong>1198</strong><br />(+27 for winning)
|l|☆bluepinto
|player|p2|
