|html|<div class="broadcast-blue"><strong>[Gen 9] OU is currently suspecting Tera Blast! For information on how to participate check out the <a href="https://www.smogon.com/tools/suspects/view/200">suspect thread</a>.</strong></div>
|j|☆XdXdXdDemon
|j|☆Carlomorti
|t:|1776058509
|gametype|singles
|player|p1|XdXdXdDemon|102|1201
|player|p2|Carlomorti|morty|1253
|gen|9
|tier|[Gen 9] OU
|rated|
|rule|HP Percentage Mod: HP is shown in percentages
|rule|Endless Battle Clause: Forcing endless battles is banned
|rule|Species Clause: Limit one of each Pokémon
|rule|OHKO Clause: OHKO moves are banned
|rule|Evasion Items Clause: Evasion items are banned
|rule|Evasion Moves Clause: Evasion moves are banned
|rule|Evasion Abilities Clause: Evasion abilities are banned
|rule|Sleep Moves Clause: Sleep-inducing moves are banned
|clearpoke
|poke|p1|Greninja-*, F|
|poke|p1|Rillaboom, M|
|poke|p1|Darkrai|
|poke|p1|Ceruledge, M|
|poke|p1|Corviknight, M|
|poke|p1|Iron Valiant|
|poke|p2|Rhydon, M|
|poke|p2|Clawitzer, M|
|poke|p2|Bronzong|
|poke|p2|Dedenne, F|
|poke|p2|Chesnaught, M|
|poke|p2|Avalugg-Hisui, F|
|teampreview
|inactive|Battle timer is ON: inactive players will automatically lose when time's up. (requested by XdXdXdDemon)
|
|t:|1776058514
|teamsize|p1|6
|teamsize|p2|6
|start
|switch|p1a: Darkrai|Darkrai, shiny|100/100
|switch|p2a: Avalugg|Avalugg-Hisui, F, shiny|100/100
|turn|1
|
|t:|1776058518
|move|p1a: Darkrai|Nasty Plot|p1a: Darkrai
|-boost|p1a: Darkrai|spa|2
|move|p2a: Avalugg|Icicle Spear|p1a: Darkrai
|-damage|p1a: Darkrai|80/100
|-damage|p1a: Darkrai|60/100
|-damage|p1a: Darkrai|40/100
|-damage|p1a: Darkrai|21/100
|-damage|p1a: Darkrai|2/100
|-hitcount|p1a: Darkrai|5
|
|upkeep
|turn|2
|
|t:|1776058528
|move|p1a: Darkrai|Dark Pulse|p2a: Avalugg
|-ability|p2a: Avalugg|Sturdy
|-damage|p2a: Avalugg|1/100
|move|p2a: Avalugg|Rapid Spin|p1a: Darkrai
|-damage|p1a: Darkrai|0 fnt
|-boost|p2a: Avalugg|spe|1
|faint|p1a: Darkrai
|
|upkeep
|
|t:|1776058537
|switch|p1a: Rillaboom|Rillaboom, M, shiny|100/100
|-fieldstart|move: Grassy Terrain|[from] ability: Grassy Surge|[of] p1a: Rillaboom
|-enditem|p1a: Rillaboom|Grassy Seed
|-boost|p1a: Rillaboom|def|1|[from] item: Grassy Seed
|turn|3
|
|t:|1776058540
|move|p1a: Rillaboom|Fake Out|p2a: Avalugg
|-resisted|p2a: Avalugg
|-damage|p2a: Avalugg|0 fnt
|faint|p2a: Avalugg
|
|upkeep
|
|t:|1776058544
|switch|p2a: Bronzong|Bronzong, shiny|100/100
|turn|4
|
|t:|1776058550
|move|p1a: Rillaboom|Acrobatics|p2a: Bronzong
|-resisted|p2a: Bronzong
|-damage|p2a: Bronzong|86/100
|move|p2a: Bronzong|Calm Mind|p2a: Bronzong
|-boost|p2a: Bronzong|spa|1
|-boost|p2a: Bronzong|spd|1
|
|-heal|p2a: Bronzong|93/100|[from] item: Leftovers
|upkeep
|turn|5
|
|t:|1776058556
|switch|p1a: Ceruledge|Ceruledge, M, shiny|100/100
|move|p2a: Bronzong|Calm Mind|p2a: Bronzong
|-boost|p2a: Bronzong|spa|1
|-boost|p2a: Bronzong|spd|1
|
|-heal|p2a: Bronzong|99/100|[from] item: Leftovers
|upkeep
|turn|6
|
|t:|1776058564
|move|p1a: Ceruledge|Swords Dance|p1a: Ceruledge
|-boost|p1a: Ceruledge|atk|2
|move|p2a: Bronzong|Psychic Noise|p1a: Ceruledge
|-damage|p1a: Ceruledge|59/100
|-start|p1a: Ceruledge|move: Heal Block
|
|-heal|p2a: Bronzong|100/100|[from] item: Leftovers
|upkeep
|turn|7
|
|t:|1776058573
|move|p1a: Ceruledge|Poltergeist|p2a: Bronzong
|-activate|p2a: Bronzong|move: Poltergeist|Leftovers
|-supereffective|p2a: Bronzong
|-crit|p2a: Bronzong
|-damage|p2a: Bronzong|0 fnt
|faint|p2a: Bronzong
|
|-end|p1a: Ceruledge|move: Heal Block
|-fieldend|move: Grassy Terrain
|upkeep
|
|t:|1776058585
|switch|p2a: Brownie|Dedenne, F, shiny|100/100
|turn|8
|
|t:|1776058589
|move|p2a: Brownie|Nuzzle|p1a: Ceruledge
|-damage|p1a: Ceruledge|52/100
|-status|p1a: Ceruledge|par
|-ability|p1a: Ceruledge|Weak Armor|boost
|-unboost|p1a: Ceruledge|def|1
|-boost|p1a: Ceruledge|spe|2
|move|p1a: Ceruledge|Bitter Blade|p2a: Brownie
|-damage|p2a: Brownie|0 fnt
|-heal|p1a: Ceruledge|99/100 par|[from] drain|[of] p2a: Brownie
|faint|p2a: Brownie
|
|upkeep
|
|t:|1776058597
|switch|p2a: Rhydon|Rhydon, M|100/100
|turn|9
|
|t:|1776058601
|move|p1a: Ceruledge|Poltergeist|p2a: Rhydon
|-activate|p2a: Rhydon|move: Poltergeist|Eviolite
|-damage|p2a: Rhydon|45/100
|move|p2a: Rhydon|Earthquake|p1a: Ceruledge
|-supereffective|p1a: Ceruledge
|-damage|p1a: Ceruledge|0 fnt
|faint|p1a: Ceruledge
|
|upkeep
|
|t:|1776058611
|switch|p1a: Iron Valiant|Iron Valiant, shiny|100/100
|-enditem|p1a: Iron Valiant|Booster Energy
|-activate|p1a: Iron Valiant|ability: Quark Drive|[fromitem]
|-start|p1a: Iron Valiant|quarkdriveatk
|turn|10
|
|t:|1776058618
|move|p1a: Iron Valiant|Drain Punch|p2a: Rhydon
|-supereffective|p2a: Rhydon
|-damage|p2a: Rhydon|0 fnt
|faint|p2a: Rhydon
|
|upkeep
|
|t:|1776058622
|switch|p2a: Chesnaught|Chesnaught, M, shiny|100/100
|turn|11
|-message|Carlomorti forfeited.
|
|win|XdXdXdDemon
|raw|XdXdXdDemon's rating: 1201 &rarr; <strong>1230</strong><br />(+29 for winning)
|raw|Carlomorti's rating: 1253 &rarr; <strong>1224</strong><br />(-29 for losing)
|l|☆Carlomorti
|player|p2|
|l|☆XdXdXdDemon
|player|p1|
