|html|<div class="broadcast-blue"><strong>[Gen 9] OU is currently suspecting Tera Blast! For information on how to participate check out the <a href="https://www.smogon.com/tools/suspects/view/200">suspect thread</a>.</strong></div>
|j|☆DonovanIsNotHere
|j|☆Duskert
|t:|1776220108
|gametype|singles
|player|p1|DonovanIsNotHere|266|1337
|player|p2|Duskert|102|1279
|gen|9
|tier|[Gen 9] OU
|rated|
|rule|HP Percentage Mod: HP is shown in percentages
|rule|Endless Battle Clause: Forcing endless battles is banned
|rule|Species Clause: Limit one of each Pokémon
|rule|OHKO Clause: OHKO moves are banned
|rule|Evasion Items Clause: Evasion items are banned
|rule|Evasion Moves Clause: Evasion moves are banned
|rule|Evasion Abilities Clause: Evasion abilities are banned
|rule|Sleep Moves Clause: Sleep-inducing moves are banned
|clearpoke
|poke|p1|Venusaur, M|
|poke|p1|Magnezone|
|poke|p1|Samurott-Hisui, F|
|poke|p1|Pecharunt|
|poke|p1|Heatran, F|
|poke|p1|Corviknight, M|
|poke|p2|Dragapult, M|
|poke|p2|Hoopa-Unbound|
|poke|p2|Gliscor, M|
|poke|p2|Blaziken, M|
|poke|p2|Ribombee, F|
|poke|p2|Deoxys-Defense|
|teampreview
|
|t:|1776220114
|teamsize|p1|6
|teamsize|p2|6
|start
|switch|p1a: Bird Trap|Magnezone|100/100
|switch|p2a: Bee Bee|Ribombee, F|100/100
|turn|1
|
|t:|1776220125
|move|p2a: Bee Bee|Sticky Web|p1a: Bird Trap
|-sidestart|p1: DonovanIsNotHere|move: Sticky Web
|move|p1a: Bird Trap|Volt Switch|p2a: Bee Bee
|-enditem|p2a: Bee Bee|Focus Sash
|-damage|p2a: Bee Bee|1/100
|
|t:|1776220126
|switch|p1a: Corviknight|Corviknight, M|100/100|[from] Volt Switch
|-ability|p1a: Corviknight|Pressure
|
|upkeep
|turn|2
|
|t:|1776220138
|move|p2a: Bee Bee|Stun Spore|p1a: Corviknight|[miss]
|-miss|p2a: Bee Bee|p1a: Corviknight
|move|p1a: Corviknight|Brave Bird|p2a: Bee Bee
|-supereffective|p2a: Bee Bee
|-damage|p2a: Bee Bee|0 fnt
|faint|p2a: Bee Bee
|-damage|p1a: Corviknight|99/100|[from] Recoil
|
|-heal|p1a: Corviknight|100/100|[from] item: Leftovers
|upkeep
|
|t:|1776220143
|switch|p2a: Stellio Kontos|Blaziken, M, shiny|100/100
|turn|3
|
|t:|1776220165
|move|p2a: Stellio Kontos|Flare Blitz|p1a: Corviknight
|-supereffective|p1a: Corviknight
|-damage|p1a: Corviknight|0 fnt
|faint|p1a: Corviknight
|-damage|p2a: Stellio Kontos|57/100|[from] Recoil
|-damage|p2a: Stellio Kontos|47/100|[from] item: Life Orb
|
|-ability|p2a: Stellio Kontos|Speed Boost|boost
|-boost|p2a: Stellio Kontos|spe|1
|upkeep
|
|t:|1776220170
|switch|p1a: Pecharunt|Pecharunt|100/100
|turn|4
|
|t:|1776220178
|-terastallize|p2a: Stellio Kontos|Fire
|move|p2a: Stellio Kontos|Flare Blitz|p1a: Pecharunt
|-damage|p1a: Pecharunt|48/100
|-damage|p2a: Stellio Kontos|25/100|[from] Recoil
|-damage|p2a: Stellio Kontos|15/100|[from] item: Life Orb
|move|p1a: Pecharunt|Parting Shot|p2a: Stellio Kontos
|-unboost|p2a: Stellio Kontos|atk|1
|-unboost|p2a: Stellio Kontos|spa|1
|
|t:|1776220183
|switch|p1a: King Slayer|Samurott-Hisui, F|100/100|[from] Parting Shot
|-activate|p1a: King Slayer|move: Sticky Web
|-unboost|p1a: King Slayer|spe|1
|
|-ability|p2a: Stellio Kontos|Speed Boost|boost
|-boost|p2a: Stellio Kontos|spe|1
|upkeep
|turn|5
|
|t:|1776220192
|move|p1a: King Slayer|Sucker Punch|p2a: Stellio Kontos
|-damage|p2a: Stellio Kontos|0 fnt
|faint|p2a: Stellio Kontos
|
|upkeep
|
|t:|1776220206
|switch|p2a: Djinn|Hoopa-Unbound|100/100
|turn|6
|
|t:|1776220210
|switch|p1a: Pecharunt|Pecharunt|48/100
|move|p2a: Djinn|Drain Punch|p1a: Pecharunt
|-immune|p1a: Pecharunt
|
|upkeep
|turn|7
|
|t:|1776220217
|move|p1a: Pecharunt|Parting Shot|p2a: Djinn
|-unboost|p2a: Djinn|atk|1
|-unboost|p2a: Djinn|spa|1
|
|t:|1776220237
|switch|p1a: King Slayer|Samurott-Hisui, F|100/100|[from] Parting Shot
|-activate|p1a: King Slayer|move: Sticky Web
|-unboost|p1a: King Slayer|spe|1
|move|p2a: Djinn|Psyshock|p1a: King Slayer
|-immune|p1a: King Slayer
|
|upkeep
|turn|8
|
|t:|1776220242
|move|p2a: Djinn|Drain Punch|p1a: King Slayer
|-supereffective|p1a: King Slayer
|-damage|p1a: King Slayer|39/100
|move|p1a: King Slayer|Ceaseless Edge|p2a: Djinn
|-damage|p2a: Djinn|7/100
|-sidestart|p2: Duskert|Spikes
|
|upkeep
|turn|9
|
|t:|1776220246
|move|p1a: King Slayer|Sucker Punch|p2a: Djinn
|-damage|p2a: Djinn|0 fnt
|faint|p2a: Djinn
|
|upkeep
|inactive|Battle timer is ON: inactive players will automatically lose when time's up. (requested by DonovanIsNotHere)
|
|t:|1776220252
|switch|p2a: Batman|Gliscor, M|100/100
|turn|10
|
|t:|1776220268
|move|p2a: Batman|Swords Dance|p2a: Batman
|-boost|p2a: Batman|atk|2
|move|p1a: King Slayer|Aqua Cutter|p2a: Batman
|-supereffective|p2a: Batman
|-damage|p2a: Batman|0 fnt
|faint|p2a: Batman
|
|upkeep
|
|t:|1776220278
|switch|p2a: AC-130|Dragapult, M|100/100
|-damage|p2a: AC-130|88/100|[from] Spikes
|turn|11
|
|t:|1776220299
|move|p2a: AC-130|Phantom Force||[still]
|-prepare|p2a: AC-130|Phantom Force
|move|p1a: King Slayer|Knock Off|p2a: AC-130|[miss]
|-miss|p1a: King Slayer|p2a: AC-130
|
|upkeep
|turn|12
|
|t:|1776220304
|switch|p1a: Pecharunt|Pecharunt|48/100
|move|p2a: AC-130|Phantom Force|p1a: Pecharunt|[from] lockedmove
|-supereffective|p1a: Pecharunt
|-damage|p1a: Pecharunt|0 fnt
|faint|p1a: Pecharunt
|-damage|p2a: AC-130|78/100|[from] item: Life Orb
|
|upkeep
|
|t:|1776220308
|switch|p1a: King Slayer|Samurott-Hisui, F|39/100
|-activate|p1a: King Slayer|move: Sticky Web
|-unboost|p1a: King Slayer|spe|1
|turn|13
|
|t:|1776220321
|move|p1a: King Slayer|Sucker Punch|p2a: AC-130
|-supereffective|p2a: AC-130
|-damage|p2a: AC-130|0 fnt
|faint|p2a: AC-130
|
|upkeep
|
|t:|1776220323
|switch|p2a: The Big D|Deoxys-Defense|100/100
|-damage|p2a: The Big D|88/100|[from] Spikes
|-ability|p2a: The Big D|Pressure
|turn|14
|
|t:|1776220326
|move|p2a: The Big D|Stored Power|p1a: King Slayer
|-immune|p1a: King Slayer
|move|p1a: King Slayer|Ceaseless Edge|p2a: The Big D
|-supereffective|p2a: The Big D
|-damage|p2a: The Big D|0 fnt
|-sidestart|p2: Duskert|Spikes
|faint|p2a: The Big D
|
|win|DonovanIsNotHere
|raw|DonovanIsNotHere's rating: 1337 &rarr; <strong>1354</strong><br />(+17 for winning)
|raw|Duskert's rating: 1279 &rarr; <strong>1258</strong><br />(-21 for losing)
|l|☆Duskert
|player|p2|
