|html|<div class="broadcast-blue"><strong>[Gen 9] OU is currently suspecting Tera Blast! For information on how to participate check out the <a href="https://www.smogon.com/tools/suspects/view/200">suspect thread</a>.</strong></div>
|j|‽GODKUD
|j|☆Ziloszz
|t:|1776108263
|gametype|singles
|player|p1|GODKUD|ghetsis-gen5bw|1359
|player|p2|Ziloszz|burglar|1309
|gen|9
|tier|[Gen 9] OU
|rated|
|rule|HP Percentage Mod: HP is shown in percentages
|rule|Endless Battle Clause: Forcing endless battles is banned
|rule|Species Clause: Limit one of each Pokémon
|rule|OHKO Clause: OHKO moves are banned
|rule|Evasion Items Clause: Evasion items are banned
|rule|Evasion Moves Clause: Evasion moves are banned
|rule|Evasion Abilities Clause: Evasion abilities are banned
|rule|Sleep Moves Clause: Sleep-inducing moves are banned
|clearpoke
|poke|p1|Feraligatr, M|
|poke|p1|Conkeldurr, F|
|poke|p1|Haxorus, F|
|poke|p1|Deoxys-Speed|
|poke|p1|Tornadus-Therian, M|
|poke|p1|Rampardos, M|
|poke|p2|Decidueye, M|
|poke|p2|Ting-Lu|
|poke|p2|Iron Crown|
|poke|p2|Moltres|
|poke|p2|Ogerpon-Wellspring, F|
|poke|p2|Zamazenta-*|
|teampreview
|inactive|Battle timer is ON: inactive players will automatically lose when time's up. (requested by Ziloszz)
|
|t:|1776108280
|teamsize|p1|6
|teamsize|p2|6
|start
|switch|p1a: Deoxys|Deoxys-Speed|100/100
|switch|p2a: Decidueye|Decidueye, M|100/100
|-ability|p1a: Deoxys|Pressure
|turn|1
|
|t:|1776108286
|move|p1a: Deoxys|Reflect|p1a: Deoxys
|-sidestart|p1: GODKUD|Reflect
|move|p2a: Decidueye|Spirit Shackle|p1a: Deoxys
|-supereffective|p1a: Deoxys
|-damage|p1a: Deoxys|56/100
|-activate|p1a: Deoxys|trapped
|
|upkeep
|turn|2
|
|t:|1776108291
|move|p1a: Deoxys|Stealth Rock|p2a: Decidueye
|-sidestart|p2: Ziloszz|move: Stealth Rock
|move|p2a: Decidueye|Spirit Shackle|p1a: Deoxys
|-supereffective|p1a: Deoxys
|-damage|p1a: Deoxys|15/100
|
|upkeep
|turn|3
|
|t:|1776108298
|move|p1a: Deoxys|Light Screen|p1a: Deoxys
|-sidestart|p1: GODKUD|move: Light Screen
|move|p2a: Decidueye|Roost||[still]
|-fail|p2a: Decidueye|heal
|
|upkeep
|turn|4
|
|t:|1776108302
|move|p1a: Deoxys|Taunt|p2a: Decidueye
|-start|p2a: Decidueye|move: Taunt
|move|p2a: Decidueye|Spirit Shackle|p1a: Deoxys
|-supereffective|p1a: Deoxys
|-damage|p1a: Deoxys|0 fnt
|faint|p1a: Deoxys
|
|upkeep
|
|t:|1776108314
|switch|p1a: Haxorus|Haxorus, F|100/100
|-ability|p1a: Haxorus|Mold Breaker
|turn|5
|
|t:|1776108324
|switch|p2a: Moltres|Moltres|100/100
|move|p1a: Haxorus|Swords Dance|p1a: Haxorus
|-boost|p1a: Haxorus|atk|2
|
|upkeep
|turn|6
|
|t:|1776108336
|move|p1a: Haxorus|Scale Shot|p2a: Moltres
|-damage|p2a: Moltres|82/100
|-damage|p2a: Moltres|60/100
|-damage|p2a: Moltres|40/100
|-damage|p2a: Moltres|21/100
|-damage|p2a: Moltres|2/100
|-hitcount|p2a: Moltres|5
|-unboost|p1a: Haxorus|def|1
|-boost|p1a: Haxorus|spe|1
|move|p2a: Moltres|Air Slash|p1a: Haxorus
|-damage|p1a: Haxorus|78/100
|
|upkeep
|turn|7
|
|t:|1776108348
|move|p1a: Haxorus|Poison Jab|p2a: Moltres
|-crit|p2a: Moltres
|-damage|p2a: Moltres|0 fnt
|-status|p1a: Haxorus|brn|[from] ability: Flame Body|[of] p2a: Moltres
|faint|p2a: Moltres
|
|-damage|p1a: Haxorus|71/100 brn|[from] brn
|upkeep
|
|t:|1776108355
|switch|p2a: Zamazenta|Zamazenta|100/100
|-damage|p2a: Zamazenta|94/100|[from] Stealth Rock
|-ability|p2a: Zamazenta|Dauntless Shield|boost
|-boost|p2a: Zamazenta|def|1
|turn|8
|
|t:|1776108363
|move|p1a: Haxorus|Scale Shot|p2a: Zamazenta
|-damage|p2a: Zamazenta|86/100
|-damage|p2a: Zamazenta|76/100
|-damage|p2a: Zamazenta|68/100
|-damage|p2a: Zamazenta|59/100
|-hitcount|p2a: Zamazenta|4
|-unboost|p1a: Haxorus|def|1
|-boost|p1a: Haxorus|spe|1
|move|p2a: Zamazenta|Iron Defense|p2a: Zamazenta
|-boost|p2a: Zamazenta|def|2
|
|-heal|p2a: Zamazenta|65/100|[from] item: Leftovers
|-damage|p1a: Haxorus|65/100 brn|[from] brn
|-sideend|p1: GODKUD|Reflect
|upkeep
|turn|9
|-message|GODKUD forfeited.
|
|win|Ziloszz
|raw|GODKUD's rating: 1359 &rarr; <strong>1336</strong><br />(-23 for losing)
|raw|Ziloszz's rating: 1309 &rarr; <strong>1332</strong><br />(+23 for winning)
|l|‽GODKUD
|player|p1|
|l|☆Ziloszz
|player|p2|
