|html|<div class="broadcast-blue"><strong>[Gen 9] OU is currently suspecting Tera Blast! For information on how to participate check out the <a href="https://www.smogon.com/tools/suspects/view/200">suspect thread</a>.</strong></div>
|j|☆arnoldtheseventh
|j|☆HigherThanRotom-F
|t:|1776054506
|gametype|singles
|player|p1|arnoldtheseventh|cynthia-masters4|1500
|player|p2|HigherThanRotom-F|zinnia|1697
|gen|9
|tier|[Gen 9] OU
|rated|
|rule|HP Percentage Mod: HP is shown in percentages
|rule|Endless Battle Clause: Forcing endless battles is banned
|rule|Species Clause: Limit one of each Pokémon
|rule|OHKO Clause: OHKO moves are banned
|rule|Evasion Items Clause: Evasion items are banned
|rule|Evasion Moves Clause: Evasion moves are banned
|rule|Evasion Abilities Clause: Evasion abilities are banned
|rule|Sleep Moves Clause: Sleep-inducing moves are banned
|clearpoke
|poke|p1|Kingambit, F|
|poke|p1|Raging Bolt|
|poke|p1|Tornadus-Therian, M|
|poke|p1|Iron Valiant|
|poke|p1|Great Tusk|
|poke|p1|Gholdengo|
|poke|p2|Dragapult, F|
|poke|p2|Alomomola, F|
|poke|p2|Ting-Lu|
|poke|p2|Kyurem|
|poke|p2|Weezing-Galar, F|
|poke|p2|Corviknight, F|
|teampreview
|inactive|Battle timer is ON: inactive players will automatically lose when time's up. (requested by arnoldtheseventh)
|
|t:|1776054523
|teamsize|p1|6
|teamsize|p2|6
|start
|switch|p1a: Kākāpō?|Tornadus-Therian, M, shiny|100/100
|switch|p2a: Tiffany BlueStones|Kyurem, shiny|100/100
|-ability|p2a: Tiffany BlueStones|Pressure
|turn|1
|j| samurajen
|
|t:|1776054534
|move|p1a: Kākāpō?|U-turn|p2a: Tiffany BlueStones
|-damage|p2a: Tiffany BlueStones|87/100
|
|t:|1776054541
|switch|p1a: The Queen|Kingambit, F, shiny|100/100|[from] U-turn
|-item|p1a: The Queen|Air Balloon
|move|p2a: Tiffany BlueStones|Freeze-Dry|p1a: The Queen
|-resisted|p1a: The Queen
|-damage|p1a: The Queen|83/100
|-enditem|p1a: The Queen|Air Balloon
|
|-heal|p2a: Tiffany BlueStones|94/100|[from] item: Leftovers
|upkeep
|turn|2
|
|t:|1776054556
|switch|p2a: Weezing|Weezing-Galar, F|100/100
|-ability|p2a: Weezing|Neutralizing Gas
|move|p1a: The Queen|Iron Head|p2a: Weezing
|-supereffective|p2a: Weezing
|-damage|p2a: Weezing|28/100
|
|-heal|p2a: Weezing|34/100|[from] item: Leftovers
|upkeep
|turn|3
|inactive|arnoldtheseventh has 120 seconds left.
|
|t:|1776054587
|-end|p2a: Weezing|ability: Neutralizing Gas
|switch|p2a: Fogbound Lake|Alomomola, F|100/100
|-end|p1a: The Queen|fallenundefined|[silent]
|switch|p1a: Aegislash part 2|Gholdengo|100/100
|
|upkeep
|turn|4
|
|t:|1776054596
|switch|p2a: Corviknight|Corviknight, F|100/100
|-ability|p2a: Corviknight|Pressure
|move|p1a: Aegislash part 2|Nasty Plot|p1a: Aegislash part 2
|-boost|p1a: Aegislash part 2|spa|2
|
|upkeep
|turn|5
|
|t:|1776054598
|move|p1a: Aegislash part 2|Nasty Plot|p1a: Aegislash part 2
|-boost|p1a: Aegislash part 2|spa|2
|move|p2a: Corviknight|U-turn|p1a: Aegislash part 2
|-resisted|p1a: Aegislash part 2
|-damage|p1a: Aegislash part 2|97/100
|
|t:|1776054602
|switch|p2a: Moody Blues|Dragapult, F|100/100|[from] U-turn
|
|upkeep
|turn|6
|
|t:|1776054615
|-terastallize|p2a: Moody Blues|Ghost
|-terastallize|p1a: Aegislash part 2|Steel
|move|p2a: Moody Blues|Tera Blast|p1a: Aegislash part 2|[anim] Tera Blast Ghost
|-crit|p1a: Aegislash part 2
|-damage|p1a: Aegislash part 2|0 fnt
|faint|p1a: Aegislash part 2
|
|upkeep
|
|t:|1776054627
|switch|p1a: The Queen|Kingambit, F, shiny|83/100
|-activate|p1a: The Queen|ability: Supreme Overlord
|-start|p1a: The Queen|fallen1|[silent]
|turn|7
|
|t:|1776054641
|switch|p2a: Fogbound Lake|Alomomola, F|100/100
|move|p1a: The Queen|Kowtow Cleave|p2a: Fogbound Lake
|-damage|p2a: Fogbound Lake|72/100
|-damage|p1a: The Queen|66/100|[from] item: Rocky Helmet|[of] p2a: Fogbound Lake
|
|upkeep
|turn|8
|
|t:|1776054648
|-end|p1a: The Queen|fallen1|[silent]
|switch|p1a: Kākāpō?|Tornadus-Therian, M, shiny|100/100
|move|p2a: Fogbound Lake|Wish|p2a: Fogbound Lake
|
|upkeep
|turn|9
|
|t:|1776054669
|move|p1a: Kākāpō?|Knock Off|p2a: Fogbound Lake
|-damage|p2a: Fogbound Lake|61/100
|-damage|p1a: Kākāpō?|84/100|[from] item: Rocky Helmet|[of] p2a: Fogbound Lake
|-enditem|p2a: Fogbound Lake|Rocky Helmet|[from] move: Knock Off|[of] p1a: Kākāpō?
|move|p2a: Fogbound Lake|Flip Turn|p1a: Kākāpō?
|-damage|p1a: Kākāpō?|66/100
|
|t:|1776054674
|switch|p2a: Weezing|Weezing-Galar, F|34/100|[from] Flip Turn
|-ability|p2a: Weezing|Neutralizing Gas
|
|-heal|p2a: Weezing|100/100|[from] move: Wish|[wisher] Fogbound Lake
|upkeep
|turn|10
|
|t:|1776054677
|move|p1a: Kākāpō?|Bleakwind Storm|p2a: Weezing
|-damage|p2a: Weezing|49/100
|move|p2a: Weezing|Will-O-Wisp|p1a: Kākāpō?
|-status|p1a: Kākāpō?|brn
|
|-heal|p2a: Weezing|55/100|[from] item: Leftovers
|-damage|p1a: Kākāpō?|60/100 brn|[from] brn
|upkeep
|turn|11
|
|t:|1776054681
|move|p2a: Weezing|Protect|p2a: Weezing
|-singleturn|p2a: Weezing|Protect
|move|p1a: Kākāpō?|Bleakwind Storm|p2a: Weezing
|-activate|p2a: Weezing|move: Protect
|
|-heal|p2a: Weezing|61/100|[from] item: Leftovers
|-damage|p1a: Kākāpō?|53/100 brn|[from] brn
|upkeep
|turn|12
|
|t:|1776054684
|-end|p2a: Weezing|ability: Neutralizing Gas
|switch|p2a: Ting-Lu|Ting-Lu|100/100
|-ability|p2a: Ting-Lu|Vessel of Ruin
|move|p1a: Kākāpō?|Bleakwind Storm|p2a: Ting-Lu
|-damage|p2a: Ting-Lu|85/100
|-unboost|p2a: Ting-Lu|spe|1
|
|-heal|p2a: Ting-Lu|91/100|[from] item: Leftovers
|-damage|p1a: Kākāpō?|47/100 brn|[from] brn
|upkeep
|turn|13
|
|t:|1776054687
|move|p1a: Kākāpō?|U-turn|p2a: Ting-Lu
|-supereffective|p2a: Ting-Lu
|-damage|p2a: Ting-Lu|84/100
|
|t:|1776054689
|switch|p1a: Donphan (old)|Great Tusk|100/100|[from] U-turn
|move|p2a: Ting-Lu|Stealth Rock|p1a: Donphan (old)
|-sidestart|p1: arnoldtheseventh|move: Stealth Rock
|
|-heal|p2a: Ting-Lu|90/100|[from] item: Leftovers
|upkeep
|turn|14
|
|t:|1776054699
|switch|p2a: Moody Blues|Dragapult, F, tera:Ghost|100/100
|move|p1a: Donphan (old)|Stealth Rock|p2a: Moody Blues
|-sidestart|p2: HigherThanRotom-F|move: Stealth Rock
|
|upkeep
|turn|15
|
|t:|1776054719
|move|p2a: Moody Blues|Dragon Darts|p1a: Donphan (old)
|-damage|p1a: Donphan (old)|79/100
|-anim|p2a: Moody Blues|Dragon Darts|p1a: Donphan (old)
|-damage|p1a: Donphan (old)|57/100
|move|p1a: Donphan (old)|Headlong Rush|p2a: Moody Blues
|-damage|p2a: Moody Blues|24/100
|-unboost|p1a: Donphan (old)|def|1
|-unboost|p1a: Donphan (old)|spd|1
|
|upkeep
|turn|16
|
|t:|1776054736
|move|p2a: Moody Blues|Dragon Darts|p1a: Donphan (old)
|-damage|p1a: Donphan (old)|24/100
|-anim|p2a: Moody Blues|Dragon Darts|p1a: Donphan (old)
|-damage|p1a: Donphan (old)|0 fnt
|faint|p1a: Donphan (old)
|-end|p1a: Donphan (old)|Protosynthesis|[silent]
|
|upkeep
|
|t:|1776054749
|switch|p1a: The Queen|Kingambit, F, shiny|66/100
|-damage|p1a: The Queen|60/100|[from] Stealth Rock
|-activate|p1a: The Queen|ability: Supreme Overlord
|-start|p1a: The Queen|fallen2|[silent]
|turn|17
|
|t:|1776054758
|switch|p2a: Fogbound Lake|Alomomola, F|94/100
|-damage|p2a: Fogbound Lake|82/100|[from] Stealth Rock
|move|p1a: The Queen|Kowtow Cleave|p2a: Fogbound Lake
|-damage|p2a: Fogbound Lake|49/100
|
|upkeep
|turn|18
|
|t:|1776054764
|move|p1a: The Queen|Swords Dance|p1a: The Queen
|-boost|p1a: The Queen|atk|2
|move|p2a: Fogbound Lake|Flip Turn|p1a: The Queen
|-damage|p1a: The Queen|48/100
|inactive|HigherThanRotom-F has 120 seconds left.
|
|t:|1776054812
|switch|p2a: Ting-Lu|Ting-Lu|90/100|[from] Flip Turn
|-damage|p2a: Ting-Lu|84/100|[from] Stealth Rock
|-ability|p2a: Ting-Lu|Vessel of Ruin
|
|-heal|p2a: Ting-Lu|90/100|[from] item: Leftovers
|upkeep
|turn|19
|
|t:|1776054825
|move|p1a: The Queen|Iron Head|p2a: Ting-Lu
|-damage|p2a: Ting-Lu|28/100
|move|p2a: Ting-Lu|Earthquake|p1a: The Queen
|-supereffective|p1a: The Queen
|-damage|p1a: The Queen|0 fnt
|faint|p1a: The Queen
|-end|p1a: The Queen|fallen2|[silent]
|
|-heal|p2a: Ting-Lu|34/100|[from] item: Leftovers
|upkeep
|
|t:|1776054831
|switch|p1a: Kākāpō?|Tornadus-Therian, M, shiny|81/100 brn
|-damage|p1a: Kākāpō?|56/100 brn|[from] Stealth Rock
|turn|20
|
|t:|1776054839
|move|p1a: Kākāpō?|Bleakwind Storm|p2a: Ting-Lu
|-damage|p2a: Ting-Lu|20/100
|move|p2a: Ting-Lu|Ruination|p1a: Kākāpō?
|-damage|p1a: Kākāpō?|28/100 brn
|
|-heal|p2a: Ting-Lu|26/100|[from] item: Leftovers
|-damage|p1a: Kākāpō?|22/100 brn|[from] brn
|upkeep
|turn|21
|
|t:|1776054843
|move|p1a: Kākāpō?|Bleakwind Storm|p2a: Ting-Lu
|-damage|p2a: Ting-Lu|12/100
|move|p2a: Ting-Lu|Ruination|p1a: Kākāpō?
|-damage|p1a: Kākāpō?|11/100 brn
|
|-heal|p2a: Ting-Lu|18/100|[from] item: Leftovers
|-damage|p1a: Kākāpō?|5/100 brn|[from] brn
|upkeep
|turn|22
|
|t:|1776054845
|move|p1a: Kākāpō?|Bleakwind Storm|p2a: Ting-Lu|[miss]
|-miss|p1a: Kākāpō?|p2a: Ting-Lu
|move|p2a: Ting-Lu|Ruination|p1a: Kākāpō?
|-damage|p1a: Kākāpō?|3/100 brn
|
|-heal|p2a: Ting-Lu|24/100|[from] item: Leftovers
|-damage|p1a: Kākāpō?|0 fnt|[from] brn
|faint|p1a: Kākāpō?
|upkeep
|
|t:|1776054847
|switch|p1a: Mega Gardevoir|Iron Valiant, shiny|100/100
|-damage|p1a: Mega Gardevoir|94/100|[from] Stealth Rock
|-enditem|p1a: Mega Gardevoir|Booster Energy
|-activate|p1a: Mega Gardevoir|ability: Quark Drive|[fromitem]
|-start|p1a: Mega Gardevoir|quarkdrivespe
|turn|23
|
|t:|1776054850
|move|p1a: Mega Gardevoir|Swords Dance|p1a: Mega Gardevoir
|-boost|p1a: Mega Gardevoir|atk|2
|move|p2a: Ting-Lu|Ruination|p1a: Mega Gardevoir
|-damage|p1a: Mega Gardevoir|48/100
|
|-heal|p2a: Ting-Lu|31/100|[from] item: Leftovers
|upkeep
|turn|24
|
|t:|1776054869
|move|p1a: Mega Gardevoir|Ice Punch|p2a: Ting-Lu
|-supereffective|p2a: Ting-Lu
|-damage|p2a: Ting-Lu|0 fnt
|faint|p2a: Ting-Lu
|
|upkeep
|inactive|HigherThanRotom-F has 120 seconds left.
|
|t:|1776054911
|switch|p2a: Weezing|Weezing-Galar, F|61/100
|-ability|p2a: Weezing|Neutralizing Gas
|-damage|p2a: Weezing|49/100|[from] Stealth Rock
|turn|25
|
|t:|1776054924
|move|p1a: Mega Gardevoir|Ice Punch|p2a: Weezing
|-damage|p2a: Weezing|13/100
|move|p2a: Weezing|Will-O-Wisp|p1a: Mega Gardevoir
|-status|p1a: Mega Gardevoir|brn
|
|-heal|p2a: Weezing|19/100|[from] item: Leftovers
|-damage|p1a: Mega Gardevoir|41/100 brn|[from] brn
|upkeep
|turn|26
|
|t:|1776054933
|move|p1a: Mega Gardevoir|Ice Punch|p2a: Weezing
|-damage|p2a: Weezing|0 fnt
|faint|p2a: Weezing
|-end|p2a: Weezing|ability: Neutralizing Gas
|
|-damage|p1a: Mega Gardevoir|35/100 brn|[from] brn
|upkeep
|inactive|HigherThanRotom-F has 120 seconds left.
|
|t:|1776054953
|switch|p2a: Corviknight|Corviknight, F|100/100
|-damage|p2a: Corviknight|88/100|[from] Stealth Rock
|-ability|p2a: Corviknight|Pressure
|turn|27
|
|t:|1776054958
|move|p1a: Mega Gardevoir|Close Combat|p2a: Corviknight
|-damage|p2a: Corviknight|38/100
|-unboost|p1a: Mega Gardevoir|def|1
|-unboost|p1a: Mega Gardevoir|spd|1
|move|p2a: Corviknight|Defog|p1a: Mega Gardevoir
|-unboost|p1a: Mega Gardevoir|evasion|1
|-sideend|p1: arnoldtheseventh|Stealth Rock|[from] move: Defog|[of] p2a: Corviknight
|-sideend|p2: HigherThanRotom-F|Stealth Rock|[from] move: Defog|[of] p2a: Corviknight
|
|-heal|p2a: Corviknight|45/100|[from] item: Leftovers
|-damage|p1a: Mega Gardevoir|29/100 brn|[from] brn
|upkeep
|turn|28
|
|t:|1776054963
|move|p1a: Mega Gardevoir|Close Combat|p2a: Corviknight
|-damage|p2a: Corviknight|0 fnt
|-unboost|p1a: Mega Gardevoir|def|1
|-unboost|p1a: Mega Gardevoir|spd|1
|faint|p2a: Corviknight
|
|-damage|p1a: Mega Gardevoir|23/100 brn|[from] brn
|upkeep
|
|t:|1776054965
|switch|p2a: Fogbound Lake|Alomomola, F|83/100
|turn|29
|
|t:|1776054976
|move|p1a: Mega Gardevoir|Close Combat|p2a: Fogbound Lake
|-damage|p2a: Fogbound Lake|48/100
|-unboost|p1a: Mega Gardevoir|def|1
|-unboost|p1a: Mega Gardevoir|spd|1
|move|p2a: Fogbound Lake|Flip Turn|p1a: Mega Gardevoir
|-damage|p1a: Mega Gardevoir|0 fnt
|faint|p1a: Mega Gardevoir
|-end|p1a: Mega Gardevoir|Quark Drive|[silent]
|
|t:|1776054978
|switch|p2a: Tiffany BlueStones|Kyurem, shiny|94/100|[from] Flip Turn
|-ability|p2a: Tiffany BlueStones|Pressure
|
|-heal|p2a: Tiffany BlueStones|99/100|[from] item: Leftovers
|upkeep
|
|t:|1776054980
|switch|p1a: Long Neck Tiger|Raging Bolt|100/100
|-enditem|p1a: Long Neck Tiger|Booster Energy
|-activate|p1a: Long Neck Tiger|ability: Protosynthesis|[fromitem]
|-start|p1a: Long Neck Tiger|protosynthesisspa
|turn|30
|
|t:|1776054988
|move|p2a: Tiffany BlueStones|Substitute|p2a: Tiffany BlueStones
|-start|p2a: Tiffany BlueStones|Substitute
|-damage|p2a: Tiffany BlueStones|75/100
|move|p1a: Long Neck Tiger|Dragon Pulse|p2a: Tiffany BlueStones
|-supereffective|p2a: Tiffany BlueStones
|-end|p2a: Tiffany BlueStones|Substitute
|
|-heal|p2a: Tiffany BlueStones|81/100|[from] item: Leftovers
|upkeep
|turn|31
|c|☆arnoldtheseventh|ok so if bolt doesnt die to a kyurem move then tclap beats pult and tbolt beats alo
|
|t:|1776055009
|move|p2a: Tiffany BlueStones|Freeze-Dry|p1a: Long Neck Tiger
|-supereffective|p1a: Long Neck Tiger
|-damage|p1a: Long Neck Tiger|32/100
|move|p1a: Long Neck Tiger|Dragon Pulse|p2a: Tiffany BlueStones
|-supereffective|p2a: Tiffany BlueStones
|-damage|p2a: Tiffany BlueStones|0 fnt
|faint|p2a: Tiffany BlueStones
|
|upkeep
|
|t:|1776055011
|switch|p2a: Moody Blues|Dragapult, F, tera:Ghost|24/100
|turn|32
|c|☆arnoldtheseventh|gg i think
|
|t:|1776055018
|move|p1a: Long Neck Tiger|Thunderclap||[still]
|-fail|p1a: Long Neck Tiger
|move|p2a: Moody Blues|Will-O-Wisp|p1a: Long Neck Tiger
|-status|p1a: Long Neck Tiger|brn
|
|-damage|p1a: Long Neck Tiger|26/100 brn|[from] brn
|upkeep
|turn|33
|c|☆arnoldtheseventh|??
|c|☆arnoldtheseventh|banded wisp is crazy
|
|t:|1776055028
|switch|p2a: Fogbound Lake|Alomomola, F|81/100
|move|p1a: Long Neck Tiger|Thunderbolt|p2a: Fogbound Lake
|-supereffective|p2a: Fogbound Lake
|-damage|p2a: Fogbound Lake|0 fnt
|faint|p2a: Fogbound Lake
|
|-damage|p1a: Long Neck Tiger|20/100 brn|[from] brn
|upkeep
|
|t:|1776055032
|switch|p2a: Moody Blues|Dragapult, F, tera:Ghost|24/100
|turn|34
|
|t:|1776055037
|move|p1a: Long Neck Tiger|Thunderclap|p2a: Moody Blues
|-damage|p2a: Moody Blues|0 fnt
|faint|p2a: Moody Blues
|
|win|arnoldtheseventh
|raw|arnoldtheseventh's rating: 1500 &rarr; <strong>1530</strong><br />(+30 for winning)
|raw|HigherThanRotom-F's rating: 1697 &rarr; <strong>1667</strong><br />(-30 for losing)
|c|☆HigherThanRotom-F|gg
|c|☆arnoldtheseventh|gg
|l|☆HigherThanRotom-F
|player|p2|
|l|☆arnoldtheseventh
|player|p1|
|j|☆arnoldtheseventh
|player|p1|arnoldtheseventh|cynthia-masters4|
|j| brodiewhat
|l| brodiewhat
|j| brybryx
|l|☆arnoldtheseventh
|player|p1|
|l| brybryx
|l| samurajen
