|html|<div class="broadcast-blue"><strong>[Gen 9] OU is currently suspecting Tera Blast! For information on how to participate check out the <a href="https://www.smogon.com/tools/suspects/view/200">suspect thread</a>.</strong></div>
|j|☆Fatal Magikarps
|j|☆gottakeepgambling
|t:|1776318937
|gametype|singles
|player|p1|Fatal Magikarps|170|1083
|player|p2|gottakeepgambling|riley|1143
|gen|9
|tier|[Gen 9] OU
|rated|
|rule|HP Percentage Mod: HP is shown in percentages
|rule|Endless Battle Clause: Forcing endless battles is banned
|rule|Species Clause: Limit one of each Pokémon
|rule|OHKO Clause: OHKO moves are banned
|rule|Evasion Items Clause: Evasion items are banned
|rule|Evasion Moves Clause: Evasion moves are banned
|rule|Evasion Abilities Clause: Evasion abilities are banned
|rule|Sleep Moves Clause: Sleep-inducing moves are banned
|clearpoke
|poke|p1|Hatterene, F|
|poke|p1|Pelipper, M|
|poke|p1|Hariyama, F|
|poke|p1|Cresselia, F|
|poke|p1|Ursaluna, M|
|poke|p1|Porygon2|
|poke|p2|Iron Valiant|
|poke|p2|Clodsire, F|
|poke|p2|Kingambit, M|
|poke|p2|Ceruledge, M|
|poke|p2|Ogerpon-Wellspring, F|
|poke|p2|Raging Bolt|
|teampreview
|inactive|Battle timer is ON: inactive players will automatically lose when time's up. (requested by gottakeepgambling)
|
|t:|1776318956
|teamsize|p1|6
|teamsize|p2|6
|start
|switch|p1a: Pelipper|Pelipper, M, shiny|100/100
|switch|p2a: わすれた|Ceruledge, M|100/100
|-weather|RainDance|[from] ability: Drizzle|[of] p1a: Pelipper
|turn|1
|
|t:|1776318977
|switch|p2a: weathergirl.|Ogerpon-Wellspring, F|100/100
|move|p1a: Pelipper|Knock Off|p2a: weathergirl.
|-damage|p2a: weathergirl.|89/100
|
|-weather|RainDance|[upkeep]
|upkeep
|turn|2
|
|t:|1776318994
|switch|p1a: Porygon2|Porygon2, shiny|100/100
|-ability|p1a: Porygon2|Download|boost
|-boost|p1a: Porygon2|atk|1
|move|p2a: weathergirl.|Swords Dance|p2a: weathergirl.
|-boost|p2a: weathergirl.|atk|2
|
|-weather|RainDance|[upkeep]
|upkeep
|turn|3
|
|t:|1776319005
|move|p2a: weathergirl.|Ivy Cudgel|p1a: Porygon2|[anim] Ivy Cudgel Water
|-damage|p1a: Porygon2|0 fnt
|faint|p1a: Porygon2
|
|-weather|RainDance|[upkeep]
|upkeep
|inactive|Fatal Magikarps has 120 seconds left.
|
|t:|1776319016
|switch|p1a: Pelipper|Pelipper, M, shiny|100/100
|turn|4
|
|t:|1776319019
|move|p2a: weathergirl.|Power Whip|p1a: Pelipper
|-damage|p1a: Pelipper|0 fnt
|faint|p1a: Pelipper
|
|-weather|RainDance|[upkeep]
|upkeep
|
|t:|1776319029
|switch|p1a: Hatterene|Hatterene, F, shiny|100/100
|turn|5
|inactive|Fatal Magikarps has 120 seconds left.
|
|t:|1776319048
|move|p2a: weathergirl.|Ivy Cudgel|p1a: Hatterene|[anim] Ivy Cudgel Water
|-enditem|p1a: Hatterene|Focus Sash
|-damage|p1a: Hatterene|1/100
|move|p1a: Hatterene|Dazzling Gleam|p2a: weathergirl.
|-damage|p2a: weathergirl.|28/100
|
|-weather|none
|upkeep
|turn|6
|inactive|Fatal Magikarps has 120 seconds left.
|
|t:|1776319061
|move|p2a: weathergirl.|Ivy Cudgel|p1a: Hatterene|[anim] Ivy Cudgel Water
|-damage|p1a: Hatterene|0 fnt
|faint|p1a: Hatterene
|
|upkeep
|inactive|Fatal Magikarps has 120 seconds left.
|c|☆Fatal Magikarps|bruh what is this pokemon ]
|
|t:|1776319079
|switch|p1a: Hariyama|Hariyama, F|100/100
|turn|7
|
|t:|1776319084
|move|p1a: Hariyama|Bullet Punch|p2a: weathergirl.
|-resisted|p2a: weathergirl.
|-damage|p2a: weathergirl.|18/100
|move|p2a: weathergirl.|Play Rough|p1a: Hariyama
|-supereffective|p1a: Hariyama
|-damage|p1a: Hariyama|0 fnt
|faint|p1a: Hariyama
|
|upkeep
|inactive|Fatal Magikarps has 120 seconds left.
|
|t:|1776319094
|switch|p1a: Ursaluna|Ursaluna, M|100/100
|turn|8
|inactive|Fatal Magikarps has 120 seconds left.
|
|t:|1776319107
|move|p2a: weathergirl.|Ivy Cudgel|p1a: Ursaluna|[anim] Ivy Cudgel Water
|-supereffective|p1a: Ursaluna
|-damage|p1a: Ursaluna|0 fnt
|faint|p1a: Ursaluna
|
|upkeep
|
|t:|1776319111
|switch|p1a: Cresselia|Cresselia, F, shiny|100/100
|turn|9
|
|t:|1776319117
|-terastallize|p1a: Cresselia|Fairy
|move|p2a: weathergirl.|Ivy Cudgel|p1a: Cresselia|[anim] Ivy Cudgel Water
|-damage|p1a: Cresselia|38/100
|move|p1a: Cresselia|Psychic|p2a: weathergirl.
|-damage|p2a: weathergirl.|0 fnt
|faint|p2a: weathergirl.
|
|upkeep
|
|t:|1776319123
|switch|p2a: わすれた|Ceruledge, M|100/100
|turn|10
|
|t:|1776319128
|-terastallize|p2a: わすれた|Ghost
|move|p2a: わすれた|Shadow Sneak|p1a: Cresselia
|-damage|p1a: Cresselia|23/100
|move|p1a: Cresselia|Moonblast|p2a: わすれた
|-damage|p2a: わすれた|72/100
|
|upkeep
|turn|11
|
|t:|1776319136
|move|p2a: わすれた|Swords Dance|p2a: わすれた
|-boost|p2a: わすれた|atk|2
|move|p1a: Cresselia|Moonblast|p2a: わすれた
|-damage|p2a: わすれた|40/100
|
|upkeep
|turn|12
|
|t:|1776319141
|move|p2a: わすれた|Shadow Sneak|p1a: Cresselia
|-damage|p1a: Cresselia|0 fnt
|faint|p1a: Cresselia
|
|win|gottakeepgambling
|raw|Fatal Magikarps's rating: 1083 &rarr; <strong>1064</strong><br />(-19 for losing)
|raw|gottakeepgambling's rating: 1143 &rarr; <strong>1164</strong><br />(+21 for winning)
