|html|<div class="broadcast-blue"><strong>[Gen 9] OU is currently suspecting Tera Blast! For information on how to participate check out the <a href="https://www.smogon.com/tools/suspects/view/200">suspect thread</a>.</strong></div>
|j|☆ProfessorZargon
|j|☆enigma96
|t:|1776040315
|gametype|singles
|player|p1|ProfessorZargon|morty|1184
|player|p2|enigma96|jogger|1203
|gen|9
|tier|[Gen 9] OU
|rated|
|rule|HP Percentage Mod: HP is shown in percentages
|rule|Endless Battle Clause: Forcing endless battles is banned
|rule|Species Clause: Limit one of each Pokémon
|rule|OHKO Clause: OHKO moves are banned
|rule|Evasion Items Clause: Evasion items are banned
|rule|Evasion Moves Clause: Evasion moves are banned
|rule|Evasion Abilities Clause: Evasion abilities are banned
|rule|Sleep Moves Clause: Sleep-inducing moves are banned
|clearpoke
|poke|p1|Kyurem|
|poke|p1|Corviknight, M|
|poke|p1|Ting-Lu|
|poke|p1|Dondozo, M|
|poke|p1|Slowking-Galar, F|
|poke|p1|Cinderace, F|
|poke|p2|Incineroar, M|
|poke|p2|Meowscarada, M|
|poke|p2|Luxray, M|
|poke|p2|Espeon, M|
|poke|p2|Pyroar, M|
|poke|p2|Persian-Alola, M|
|teampreview
|inactive|Battle timer is ON: inactive players will automatically lose when time's up. (requested by enigma96)
|
|t:|1776040343
|teamsize|p1|6
|teamsize|p2|6
|start
|switch|p1a: Ting-Lu|Ting-Lu|100/100
|switch|p2a: Meowscarada|Meowscarada, M, shiny|100/100
|-ability|p1a: Ting-Lu|Vessel of Ruin
|turn|1
|
|t:|1776040356
|switch|p1a: Cinderace|Cinderace, F|100/100
|move|p2a: Meowscarada|U-turn|p1a: Cinderace
|-start|p2a: Meowscarada|typechange|Bug|[from] ability: Protean
|-resisted|p1a: Cinderace
|-damage|p1a: Cinderace|81/100
|
|t:|1776040364
|switch|p2a: Persian|Persian-Alola, M, shiny|100/100|[from] U-turn
|
|upkeep
|turn|2
|
|t:|1776040372
|move|p1a: Cinderace|U-turn|p2a: Persian
|-start|p1a: Cinderace|typechange|Bug|[from] ability: Libero
|-supereffective|p2a: Persian
|-damage|p2a: Persian|47/100
|-damage|p1a: Cinderace|65/100|[from] item: Rocky Helmet|[of] p2a: Persian
|
|t:|1776040382
|switch|p1a: Corviknight|Corviknight, M|100/100|[from] U-turn
|-ability|p1a: Corviknight|Pressure
|move|p2a: Persian|Chilling Water|p1a: Corviknight
|-damage|p1a: Corviknight|88/100
|-unboost|p1a: Corviknight|atk|1
|
|upkeep
|turn|3
|
|t:|1776040394
|switch|p2a: Pyroar|Pyroar, M|100/100
|-ability|p2a: Pyroar|Unnerve
|move|p1a: Corviknight|U-turn|p2a: Pyroar
|-resisted|p2a: Pyroar
|-damage|p2a: Pyroar|94/100
|
|t:|1776040405
|switch|p1a: Ting-Lu|Ting-Lu|100/100|[from] U-turn
|-ability|p1a: Ting-Lu|Vessel of Ruin
|
|upkeep
|turn|4
|
|t:|1776040415
|switch|p2a: Espeon|Espeon, M|100/100
|move|p1a: Ting-Lu|Earthquake|p2a: Espeon
|-damage|p2a: Espeon|27/100
|
|upkeep
|turn|5
|
|t:|1776040422
|move|p2a: Espeon|Trick|p1a: Ting-Lu
|-activate|p2a: Espeon|move: Trick|[of] p1a: Ting-Lu
|-item|p1a: Ting-Lu|Choice Specs|[from] move: Trick
|-item|p2a: Espeon|Leftovers|[from] move: Trick
|move|p1a: Ting-Lu|Payback|p2a: Espeon
|-supereffective|p2a: Espeon
|-damage|p2a: Espeon|0 fnt
|faint|p2a: Espeon
|
|upkeep
|
|t:|1776040436
|switch|p2a: Luxray|Luxray, M|100/100
|turn|6
|
|t:|1776040453
|switch|p1a: Kyurem|Kyurem|100/100
|-ability|p1a: Kyurem|Pressure
|move|p2a: Luxray|Trailblaze|p1a: Kyurem
|-resisted|p1a: Kyurem
|-crit|p1a: Kyurem
|-damage|p1a: Kyurem|90/100
|-boost|p2a: Luxray|spe|1
|
|-heal|p1a: Kyurem|96/100|[from] item: Leftovers
|-status|p2a: Luxray|brn|[from] item: Flame Orb
|upkeep
|turn|7
|
|t:|1776040473
|move|p2a: Luxray|Facade|p1a: Kyurem
|-damage|p1a: Kyurem|34/100
|move|p1a: Kyurem|Substitute|p1a: Kyurem
|-start|p1a: Kyurem|Substitute
|-damage|p1a: Kyurem|9/100
|
|-heal|p1a: Kyurem|15/100|[from] item: Leftovers
|-damage|p2a: Luxray|95/100 brn|[from] brn
|upkeep
|turn|8
|
|t:|1776040483
|move|p1a: Kyurem|Protect|p1a: Kyurem
|-singleturn|p1a: Kyurem|Protect
|move|p2a: Luxray|Facade|p1a: Kyurem
|-activate|p1a: Kyurem|move: Protect
|
|-heal|p1a: Kyurem|21/100|[from] item: Leftovers
|-damage|p2a: Luxray|89/100 brn|[from] brn
|upkeep
|turn|9
|
|t:|1776040506
|move|p2a: Luxray|Facade|p1a: Kyurem
|-end|p1a: Kyurem|Substitute
|move|p1a: Kyurem|Earth Power|p2a: Luxray
|-supereffective|p2a: Luxray
|-damage|p2a: Luxray|9/100 brn
|
|-heal|p1a: Kyurem|27/100|[from] item: Leftovers
|-damage|p2a: Luxray|3/100 brn|[from] brn
|upkeep
|turn|10
|inactive|enigma96 has 120 seconds left.
|inactive|enigma96 has 90 seconds left.
|inactive|enigma96 has 60 seconds left.
|inactive|enigma96 has 30 seconds left.
|
|t:|1776040619
|switch|p2a: Meowscarada|Meowscarada, M, shiny|100/100
|move|p1a: Kyurem|Protect||[still]
|-fail|p1a: Kyurem
|
|-heal|p1a: Kyurem|34/100|[from] item: Leftovers
|upkeep
|turn|11
|inactive|enigma96 has 30 seconds left.
|
|t:|1776040631
|move|p1a: Kyurem|Protect|p1a: Kyurem
|-singleturn|p1a: Kyurem|Protect
|move|p2a: Meowscarada|Knock Off|p1a: Kyurem
|-start|p2a: Meowscarada|typechange|Dark|[from] ability: Protean
|-activate|p1a: Kyurem|move: Protect
|
|-heal|p1a: Kyurem|40/100|[from] item: Leftovers
|upkeep
|turn|12
|
|t:|1776040649
|switch|p1a: Corviknight|Corviknight, M|88/100
|-ability|p1a: Corviknight|Pressure
|move|p2a: Meowscarada|Knock Off|p1a: Corviknight
|-damage|p1a: Corviknight|60/100
|-damage|p2a: Meowscarada|84/100|[from] item: Rocky Helmet|[of] p1a: Corviknight
|-enditem|p1a: Corviknight|Rocky Helmet|[from] move: Knock Off|[of] p2a: Meowscarada
|
|upkeep
|turn|13
|
|t:|1776040659
|switch|p2a: Pyroar|Pyroar, M|94/100
|-ability|p2a: Pyroar|Unnerve
|move|p1a: Corviknight|U-turn|p2a: Pyroar
|-resisted|p2a: Pyroar
|-damage|p2a: Pyroar|84/100
|
|t:|1776040667
|switch|p1a: Ting-Lu|Ting-Lu|100/100|[from] U-turn
|-ability|p1a: Ting-Lu|Vessel of Ruin
|
|upkeep
|turn|14
|
|t:|1776040674
|switch|p2a: Meowscarada|Meowscarada, M, shiny|84/100
|move|p1a: Ting-Lu|Earthquake|p2a: Meowscarada
|-resisted|p2a: Meowscarada
|-damage|p2a: Meowscarada|52/100
|
|upkeep
|turn|15
|
|t:|1776040682
|switch|p1a: Corviknight|Corviknight, M|60/100
|-ability|p1a: Corviknight|Pressure
|move|p2a: Meowscarada|U-turn|p1a: Corviknight
|-start|p2a: Meowscarada|typechange|Bug|[from] ability: Protean
|-resisted|p1a: Corviknight
|-damage|p1a: Corviknight|55/100
|
|t:|1776040694
|switch|p2a: Pyroar|Pyroar, M|84/100|[from] U-turn
|-ability|p2a: Pyroar|Unnerve
|
|upkeep
|turn|16
|
|t:|1776040701
|switch|p1a: Ting-Lu|Ting-Lu|100/100
|-ability|p1a: Ting-Lu|Vessel of Ruin
|move|p2a: Pyroar|Flamethrower|p1a: Ting-Lu
|-damage|p1a: Ting-Lu|85/100
|
|upkeep
|turn|17
|
|t:|1776040714
|move|p2a: Pyroar|Hyper Voice|p1a: Ting-Lu
|-damage|p1a: Ting-Lu|66/100
|move|p1a: Ting-Lu|Earthquake|p2a: Pyroar
|-supereffective|p2a: Pyroar
|-damage|p2a: Pyroar|0 fnt
|faint|p2a: Pyroar
|
|upkeep
|
|t:|1776040722
|switch|p2a: Incineroar|Incineroar, M, shiny|100/100
|-ability|p2a: Incineroar|Intimidate|boost
|-unboost|p1a: Ting-Lu|atk|1
|turn|18
|
|t:|1776040727
|-terastallize|p2a: Incineroar|Flying
|move|p2a: Incineroar|Bulk Up|p2a: Incineroar
|-boost|p2a: Incineroar|atk|1
|-boost|p2a: Incineroar|def|1
|move|p1a: Ting-Lu|Earthquake|p2a: Incineroar
|-immune|p2a: Incineroar
|
|upkeep
|turn|19
|
|t:|1776040744
|switch|p1a: Dondozo|Dondozo, M|100/100
|move|p2a: Incineroar|Flame Charge|p1a: Dondozo
|-resisted|p1a: Dondozo
|-damage|p1a: Dondozo|93/100
|-boost|p2a: Incineroar|spe|1
|
|-heal|p1a: Dondozo|99/100|[from] item: Leftovers
|upkeep
|turn|20
|
|t:|1776040761
|move|p2a: Incineroar|Bulk Up|p2a: Incineroar
|-boost|p2a: Incineroar|atk|1
|-boost|p2a: Incineroar|def|1
|move|p1a: Dondozo|Avalanche|p2a: Incineroar
|-supereffective|p2a: Incineroar
|-damage|p2a: Incineroar|70/100
|
|-heal|p1a: Dondozo|100/100|[from] item: Leftovers
|upkeep
|turn|21
|
|t:|1776040774
|move|p2a: Incineroar|Bulk Up|p2a: Incineroar
|-boost|p2a: Incineroar|atk|1
|-boost|p2a: Incineroar|def|1
|move|p1a: Dondozo|Curse|p1a: Dondozo
|-unboost|p1a: Dondozo|spe|1
|-boost|p1a: Dondozo|atk|1
|-boost|p1a: Dondozo|def|1
|
|upkeep
|turn|22
|
|t:|1776040783
|move|p2a: Incineroar|Power Trip|p1a: Dondozo
|-damage|p1a: Dondozo|68/100
|move|p1a: Dondozo|Avalanche|p2a: Incineroar
|-supereffective|p2a: Incineroar
|-damage|p2a: Incineroar|0 fnt
|faint|p2a: Incineroar
|
|-heal|p1a: Dondozo|74/100|[from] item: Leftovers
|upkeep
|
|t:|1776040794
|switch|p2a: Luxray|Luxray, M|3/100 brn
|turn|23
|
|t:|1776040804
|switch|p1a: Ting-Lu|Ting-Lu|66/100
|-ability|p1a: Ting-Lu|Vessel of Ruin
|move|p2a: Luxray|Facade|p1a: Ting-Lu
|-damage|p1a: Ting-Lu|26/100
|
|-damage|p2a: Luxray|0 fnt|[from] brn
|faint|p2a: Luxray
|upkeep
|
|t:|1776040814
|switch|p2a: Persian|Persian-Alola, M, shiny|47/100
|turn|24
|
|t:|1776040818
|move|p2a: Persian|Chilling Water|p1a: Ting-Lu
|-supereffective|p1a: Ting-Lu
|-crit|p1a: Ting-Lu
|-damage|p1a: Ting-Lu|12/100
|-unboost|p1a: Ting-Lu|atk|1
|move|p1a: Ting-Lu|Rest|p1a: Ting-Lu
|-status|p1a: Ting-Lu|slp|[from] move: Rest
|-heal|p1a: Ting-Lu|100/100 slp|[silent]
|
|upkeep
|turn|25
|
|t:|1776040832
|switch|p1a: Corviknight|Corviknight, M|55/100
|-ability|p1a: Corviknight|Pressure
|move|p2a: Persian|Taunt|p1a: Corviknight
|-start|p1a: Corviknight|move: Taunt
|
|upkeep
|turn|26
|inactive|enigma96 has 90 seconds left.
|
|t:|1776040840
|move|p2a: Persian|Power Gem|p1a: Corviknight
|-damage|p1a: Corviknight|35/100
|move|p1a: Corviknight|U-turn|p2a: Persian
|-supereffective|p2a: Persian
|-damage|p2a: Persian|19/100
|-damage|p1a: Corviknight|18/100|[from] item: Rocky Helmet|[of] p2a: Persian
|
|t:|1776040847
|switch|p1a: Cinderace|Cinderace, F|65/100|[from] U-turn
|
|upkeep
|turn|27
|
|t:|1776040852
|move|p1a: Cinderace|U-turn|p2a: Persian
|-start|p1a: Cinderace|typechange|Bug|[from] ability: Libero
|-supereffective|p2a: Persian
|-damage|p2a: Persian|0 fnt
|-damage|p1a: Cinderace|48/100|[from] item: Rocky Helmet|[of] p2a: Persian
|faint|p2a: Persian
|
|t:|1776040859
|switch|p1a: Corviknight|Corviknight, M|18/100|[from] U-turn
|-ability|p1a: Corviknight|Pressure
|
|upkeep
|
|t:|1776040864
|switch|p2a: Meowscarada|Meowscarada, M, shiny|52/100
|turn|28
|
|t:|1776040874
|move|p2a: Meowscarada|Triple Axel|p1a: Corviknight
|-start|p2a: Meowscarada|typechange|Ice|[from] ability: Protean
|-damage|p1a: Corviknight|12/100
|-crit|p1a: Corviknight
|-damage|p1a: Corviknight|0 fnt
|faint|p1a: Corviknight
|-hitcount|p1: Corviknight|2
|
|upkeep
|
|t:|1776040887
|switch|p1a: Cinderace|Cinderace, F|48/100
|turn|29
|
|t:|1776040890
|move|p2a: Meowscarada|Triple Axel|p1a: Cinderace
|-resisted|p1a: Cinderace
|-damage|p1a: Cinderace|43/100
|-resisted|p1a: Cinderace
|-damage|p1a: Cinderace|32/100
|-resisted|p1a: Cinderace
|-damage|p1a: Cinderace|13/100
|-hitcount|p1a: Cinderace|3
|move|p1a: Cinderace|Pyro Ball|p2a: Meowscarada
|-supereffective|p2a: Meowscarada
|-damage|p2a: Meowscarada|0 fnt
|faint|p2a: Meowscarada
|
|win|ProfessorZargon
|raw|ProfessorZargon's rating: 1184 &rarr; <strong>1210</strong><br />(+26 for winning)
|raw|enigma96's rating: 1203 &rarr; <strong>1177</strong><br />(-26 for losing)
|l|☆ProfessorZargon
|player|p1|
|l|☆enigma96
|player|p2|
