|html|<div class="broadcast-blue"><strong>[Gen 9] OU is currently suspecting Tera Blast! For information on how to participate check out the <a href="https://www.smogon.com/tools/suspects/view/200">suspect thread</a>.</strong></div>
|j|☆Sxde
|j|☆Coldwiii
|t:|1776111619
|gametype|singles
|player|p1|Sxde|101|
|player|p2|Coldwiii|102|
|gen|9
|tier|[Gen 9] OU
|rule|HP Percentage Mod: HP is shown in percentages
|rule|Endless Battle Clause: Forcing endless battles is banned
|rule|Species Clause: Limit one of each Pokémon
|rule|OHKO Clause: OHKO moves are banned
|rule|Evasion Items Clause: Evasion items are banned
|rule|Evasion Moves Clause: Evasion moves are banned
|rule|Evasion Abilities Clause: Evasion abilities are banned
|rule|Sleep Moves Clause: Sleep-inducing moves are banned
|clearpoke
|poke|p1|Torkoal, M|
|poke|p1|Charizard, F|
|poke|p1|Venusaur, M|
|poke|p1|Slither Wing|
|poke|p1|Great Tusk|
|poke|p1|Alomomola, M|
|poke|p2|Latios, M|
|poke|p2|Mandibuzz, F|
|poke|p2|Iron Treads|
|poke|p2|Arcanine-Hisui, F|
|poke|p2|Sinistcha|
|poke|p2|Fezandipiti, M|
|teampreview
|c|☆Coldwiii|oh no
|inactive|Battle timer is ON: inactive players will automatically lose when time's up. (requested by Coldwiii)
|
|t:|1776111646
|teamsize|p1|6
|teamsize|p2|6
|start
|switch|p1a: Great Tusk|Great Tusk|100/100
|switch|p2a: Arcanine|Arcanine-Hisui, F|100/100
|turn|1
|
|t:|1776111667
|switch|p2a: Mandibuzz|Mandibuzz, F|100/100
|-end|p1a: Great Tusk|Protosynthesis|[silent]
|switch|p1a: Torkoal|Torkoal, M|100/100
|-weather|SunnyDay|[from] ability: Drought|[of] p1a: Torkoal
|
|-weather|SunnyDay|[upkeep]
|upkeep
|turn|2
|
|t:|1776111684
|switch|p1a: Alomomola|Alomomola, M|100/100
|move|p2a: Mandibuzz|Foul Play|p1a: Alomomola
|-damage|p1a: Alomomola|85/100
|-enditem|p1a: Alomomola|Red Card|[of] p2a: Mandibuzz
|drag|p2a: Sinistcha|Sinistcha, shiny|100/100
|
|-weather|SunnyDay|[upkeep]
|upkeep
|turn|3
|
|t:|1776111702
|move|p2a: Sinistcha|Calm Mind|p2a: Sinistcha
|-boost|p2a: Sinistcha|spa|1
|-boost|p2a: Sinistcha|spd|1
|move|p1a: Alomomola|Flip Turn|p2a: Sinistcha
|-resisted|p2a: Sinistcha
|-damage|p2a: Sinistcha|98/100
|
|t:|1776111708
|switch|p1a: Charizard|Charizard, F|100/100|[from] Flip Turn
|
|-weather|SunnyDay|[upkeep]
|-damage|p1a: Charizard|88/100|[from] ability: Solar Power|[of] p1a: Charizard
|upkeep
|turn|4
|
|t:|1776111735
|-terastallize|p1a: Charizard|Fire
|-terastallize|p2a: Sinistcha|Poison
|move|p1a: Charizard|Weather Ball|p2a: Sinistcha
|-damage|p2a: Sinistcha|19/100
|move|p2a: Sinistcha|Shadow Ball|p1a: Charizard
|-damage|p1a: Charizard|24/100
|-unboost|p1a: Charizard|spd|1
|
|-weather|SunnyDay|[upkeep]
|-damage|p1a: Charizard|12/100|[from] ability: Solar Power|[of] p1a: Charizard
|upkeep
|turn|5
|inactive|Sxde has 270 seconds left.
|inactive|Coldwiii has 270 seconds left.
|
|t:|1776111764
|switch|p2a: Arcanine|Arcanine-Hisui, F|100/100
|move|p1a: Charizard|Weather Ball|p2a: Arcanine
|-resisted|p2a: Arcanine
|-damage|p2a: Arcanine|40/100
|
|-weather|SunnyDay|[upkeep]
|-damage|p1a: Charizard|0 fnt|[from] ability: Solar Power|[of] p1a: Charizard
|faint|p1a: Charizard
|upkeep
|
|t:|1776111780
|switch|p1a: Great Tusk|Great Tusk|100/100
|-activate|p1a: Great Tusk|ability: Protosynthesis
|-start|p1a: Great Tusk|protosynthesisatk
|turn|6
|inactive|Coldwiii has 270 seconds left.
|
|t:|1776111792
|switch|p2a: Mandibuzz|Mandibuzz, F|100/100
|move|p1a: Great Tusk|Headlong Rush|p2a: Mandibuzz
|-immune|p2a: Mandibuzz
|
|-weather|SunnyDay|[upkeep]
|upkeep
|turn|7
|inactive|Coldwiii has 270 seconds left.
|
|t:|1776111808
|move|p1a: Great Tusk|Temper Flare|p2a: Mandibuzz
|-damage|p2a: Mandibuzz|26/100
|-damage|p1a: Great Tusk|84/100|[from] item: Rocky Helmet|[of] p2a: Mandibuzz
|-damage|p1a: Great Tusk|74/100|[from] item: Life Orb
|move|p2a: Mandibuzz|Toxic|p1a: Great Tusk
|-status|p1a: Great Tusk|tox
|
|-weather|SunnyDay|[upkeep]
|-damage|p1a: Great Tusk|68/100 tox|[from] psn
|upkeep
|turn|8
|
|t:|1776111819
|move|p1a: Great Tusk|Ice Spinner|p2a: Mandibuzz
|-supereffective|p2a: Mandibuzz
|-damage|p2a: Mandibuzz|0 fnt
|-damage|p1a: Great Tusk|51/100 tox|[from] item: Rocky Helmet|[of] p2a: Mandibuzz
|faint|p2a: Mandibuzz
|-damage|p1a: Great Tusk|41/100 tox|[from] item: Life Orb
|
|-weather|none
|-end|p1a: Great Tusk|Protosynthesis
|-damage|p1a: Great Tusk|29/100 tox|[from] psn
|upkeep
|
|t:|1776111824
|switch|p2a: Latios|Latios, M, shiny|100/100
|turn|9
|inactive|Sxde has 270 seconds left.
|
|t:|1776111837
|-end|p1a: Great Tusk|Protosynthesis|[silent]
|switch|p1a: Torkoal|Torkoal, M|100/100
|-weather|SunnyDay|[from] ability: Drought|[of] p1a: Torkoal
|move|p2a: Latios|Psychic Noise|p1a: Torkoal
|-damage|p1a: Torkoal|59/100
|-start|p1a: Torkoal|move: Heal Block
|
|-weather|SunnyDay|[upkeep]
|upkeep
|turn|10
|inactive|Sxde has 270 seconds left.
|inactive|Coldwiii has 270 seconds left.
|
|t:|1776111846
|switch|p1a: Slither Wing|Slither Wing|100/100
|-activate|p1a: Slither Wing|ability: Protosynthesis
|-start|p1a: Slither Wing|protosynthesisspd
|move|p2a: Latios|Calm Mind|p2a: Latios
|-boost|p2a: Latios|spa|1
|-boost|p2a: Latios|spd|1
|
|-weather|SunnyDay|[upkeep]
|upkeep
|turn|11
|inactive|Coldwiii has 270 seconds left.
|inactive|Sxde has 270 seconds left.
|
|t:|1776111877
|switch|p2a: Fezandipiti|Fezandipiti, M|100/100
|move|p1a: Slither Wing|First Impression|p2a: Fezandipiti
|-resisted|p2a: Fezandipiti
|-damage|p2a: Fezandipiti|90/100
|
|-weather|SunnyDay|[upkeep]
|-heal|p2a: Fezandipiti|96/100|[from] item: Leftovers
|upkeep
|turn|12
|inactive|Sxde has 270 seconds left.
|
|t:|1776111885
|move|p2a: Fezandipiti|Play Rough|p1a: Slither Wing|[miss]
|-miss|p2a: Fezandipiti|p1a: Slither Wing
|move|p1a: Slither Wing|Earthquake|p2a: Fezandipiti
|-supereffective|p2a: Fezandipiti
|-damage|p2a: Fezandipiti|32/100
|
|-weather|SunnyDay|[upkeep]
|-heal|p2a: Fezandipiti|38/100|[from] item: Leftovers
|upkeep
|turn|13
|c|☆Coldwiii|ofc
|
|t:|1776111892
|move|p2a: Fezandipiti|Roost|p2a: Fezandipiti
|-heal|p2a: Fezandipiti|88/100
|-singleturn|p2a: Fezandipiti|move: Roost
|move|p1a: Slither Wing|U-turn|p2a: Fezandipiti
|-resisted|p2a: Fezandipiti
|-damage|p2a: Fezandipiti|79/100
|
|t:|1776111900
|-end|p1a: Slither Wing|Protosynthesis|[silent]
|switch|p1a: Alomomola|Alomomola, M|100/100|[from] U-turn
|
|-weather|SunnyDay|[upkeep]
|-heal|p2a: Fezandipiti|85/100|[from] item: Leftovers
|upkeep
|turn|14
|inactive|Coldwiii has 270 seconds left.
|
|t:|1776111915
|move|p2a: Fezandipiti|Poison Jab|p1a: Alomomola
|-damage|p1a: Alomomola|85/100
|move|p1a: Alomomola|Healing Wish|p1a: Alomomola
|faint|p1a: Alomomola
|
|-weather|SunnyDay|[upkeep]
|-heal|p2a: Fezandipiti|92/100|[from] item: Leftovers
|upkeep
|
|t:|1776111923
|switch|p1a: Great Tusk|Great Tusk|29/100 tox
|-heal|p1a: Great Tusk|100/100|[from] move: Healing Wish
|-activate|p1a: Great Tusk|ability: Protosynthesis
|-start|p1a: Great Tusk|protosynthesisatk
|turn|15
|
|t:|1776111937
|switch|p2a: Sinistcha|Sinistcha, shiny, tera:Poison|19/100
|move|p1a: Great Tusk|Rapid Spin|p2a: Sinistcha
|-damage|p2a: Sinistcha|0 fnt
|-boost|p1a: Great Tusk|spe|1
|faint|p2a: Sinistcha
|-damage|p1a: Great Tusk|91/100|[from] item: Life Orb
|
|-weather|SunnyDay|[upkeep]
|upkeep
|inactive|Coldwiii has 270 seconds left.
|
|t:|1776111962
|switch|p2a: Fezandipiti|Fezandipiti, M|92/100
|turn|16
|
|t:|1776111967
|move|p1a: Great Tusk|Headlong Rush|p2a: Fezandipiti
|-supereffective|p2a: Fezandipiti
|-damage|p2a: Fezandipiti|0 fnt
|-unboost|p1a: Great Tusk|def|1
|-unboost|p1a: Great Tusk|spd|1
|faint|p2a: Fezandipiti
|-damage|p1a: Great Tusk|81/100|[from] item: Life Orb
|
|-weather|none
|-end|p1a: Great Tusk|Protosynthesis
|upkeep
|inactive|Coldwiii has 270 seconds left.
|
|t:|1776111975
|switch|p2a: Latios|Latios, M, shiny|100/100
|turn|17
|
|t:|1776111981
|move|p1a: Great Tusk|Ice Spinner|p2a: Latios
|-supereffective|p2a: Latios
|-damage|p2a: Latios|0 fnt
|faint|p2a: Latios
|-damage|p1a: Great Tusk|71/100|[from] item: Life Orb
|
|upkeep
|
|t:|1776111986
|switch|p2a: Iron Treads|Iron Treads|100/100
|turn|18
|-message|Coldwiii forfeited.
|
|win|Sxde
|l|☆Coldwiii
|player|p2|
|c|☆Sxde|gg
