|html|<div class="broadcast-blue"><strong>[Gen 9] OU is currently suspecting Tera Blast! For information on how to participate check out the <a href="https://www.smogon.com/tools/suspects/view/200">suspect thread</a>.</strong></div>
|j|☆Slothdog
|j|☆Marcack4
|t:|1776048515
|gametype|singles
|player|p1|Slothdog|swimmerf-gen4|1324
|player|p2|Marcack4|crasherwake|1267
|gen|9
|tier|[Gen 9] OU
|rated|
|rule|HP Percentage Mod: HP is shown in percentages
|rule|Endless Battle Clause: Forcing endless battles is banned
|rule|Species Clause: Limit one of each Pokémon
|rule|OHKO Clause: OHKO moves are banned
|rule|Evasion Items Clause: Evasion items are banned
|rule|Evasion Moves Clause: Evasion moves are banned
|rule|Evasion Abilities Clause: Evasion abilities are banned
|rule|Sleep Moves Clause: Sleep-inducing moves are banned
|clearpoke
|poke|p1|Clefable, F|
|poke|p1|Iron Moth|
|poke|p1|Cramorant, F|
|poke|p1|Gholdengo|
|poke|p1|Zamazenta-*|
|poke|p1|Ceruledge, M|
|poke|p2|Great Tusk|
|poke|p2|Ogerpon-Wellspring, F|
|poke|p2|Corviknight, F|
|poke|p2|Dragapult, M|
|poke|p2|Kingambit, M|
|poke|p2|Clefable, M|
|teampreview
|inactive|Battle timer is ON: inactive players will automatically lose when time's up. (requested by Marcack4)
|inactive|Slothdog also wants the timer to be on.
|
|t:|1776048530
|teamsize|p1|6
|teamsize|p2|6
|start
|switch|p1a: Cramorant|Cramorant, F|100/100
|switch|p2a: Dragapult|Dragapult, M|100/100
|turn|1
|
|t:|1776048538
|move|p2a: Dragapult|Thunderbolt|p1a: Cramorant
|-supereffective|p1a: Cramorant
|-damage|p1a: Cramorant|0 fnt
|faint|p1a: Cramorant
|
|upkeep
|
|t:|1776048555
|switch|p1a: Clefable|Clefable, F|100/100
|turn|2
|
|t:|1776048562
|switch|p2a: Clefable|Clefable, M|100/100
|move|p1a: Clefable|Moonblast|p2a: Clefable
|-damage|p2a: Clefable|62/100
|
|-heal|p2a: Clefable|68/100|[from] item: Leftovers
|upkeep
|turn|3
|
|t:|1776048567
|move|p1a: Clefable|Moonblast|p2a: Clefable
|-damage|p2a: Clefable|32/100
|move|p2a: Clefable|Wish|p2a: Clefable
|
|-heal|p2a: Clefable|38/100|[from] item: Leftovers
|upkeep
|turn|4
|
|t:|1776048577
|switch|p2a: Kingambit|Kingambit, M|100/100
|move|p1a: Clefable|Moonblast|p2a: Kingambit
|-damage|p2a: Kingambit|47/100
|-unboost|p2a: Kingambit|spa|1
|
|-heal|p2a: Kingambit|96/100|[from] move: Wish|[wisher] Clefable
|-heal|p2a: Kingambit|100/100|[from] item: Leftovers
|upkeep
|turn|5
|
|t:|1776048586
|-terastallize|p1a: Clefable|Fire
|move|p1a: Clefable|Flamethrower|p2a: Kingambit
|-supereffective|p2a: Kingambit
|-damage|p2a: Kingambit|3/100
|move|p2a: Kingambit|Iron Head|p1a: Clefable
|-resisted|p1a: Clefable
|-damage|p1a: Clefable|75/100
|
|-heal|p2a: Kingambit|9/100|[from] item: Leftovers
|upkeep
|turn|6
|inactive|Marcack4 has 120 seconds left.
|
|t:|1776048638
|-end|p2a: Kingambit|fallenundefined|[silent]
|switch|p2a: Ogerpon|Ogerpon-Wellspring, F|100/100
|move|p1a: Clefable|Moonblast|p2a: Ogerpon
|-damage|p2a: Ogerpon|34/100
|
|upkeep
|turn|7
|
|t:|1776048651
|switch|p1a: Gholdengo|Gholdengo|100/100
|move|p2a: Ogerpon|Ivy Cudgel|p1a: Gholdengo|[anim] Ivy Cudgel Water
|-damage|p1a: Gholdengo|59/100
|
|upkeep
|turn|8
|
|t:|1776048661
|move|p2a: Ogerpon|Knock Off|p1a: Gholdengo
|-supereffective|p1a: Gholdengo
|-damage|p1a: Gholdengo|0 fnt
|-damage|p2a: Ogerpon|17/100|[from] item: Rocky Helmet|[of] p1a: Gholdengo
|-enditem|p1a: Gholdengo|Rocky Helmet|[from] move: Knock Off|[of] p2a: Ogerpon
|faint|p1a: Gholdengo
|
|upkeep
|
|t:|1776048675
|switch|p1a: Zamazenta|Zamazenta|100/100
|-ability|p1a: Zamazenta|Dauntless Shield|boost
|-boost|p1a: Zamazenta|def|1
|turn|9
|inactive|Marcack4 has 120 seconds left.
|
|t:|1776048692
|switch|p2a: Corviknight|Corviknight, F|100/100
|-ability|p2a: Corviknight|Pressure
|move|p1a: Zamazenta|Crunch|p2a: Corviknight
|-damage|p2a: Corviknight|81/100
|
|-heal|p2a: Corviknight|87/100|[from] item: Leftovers
|upkeep
|turn|10
|
|t:|1776048706
|switch|p1a: Clefable|Clefable, F, tera:Fire|75/100
|move|p2a: Corviknight|Iron Defense|p2a: Corviknight
|-boost|p2a: Corviknight|def|2
|
|-heal|p2a: Corviknight|94/100|[from] item: Leftovers
|upkeep
|turn|11
|
|t:|1776048709
|move|p2a: Corviknight|Body Press|p1a: Clefable
|-crit|p1a: Clefable
|-damage|p1a: Clefable|9/100
|move|p1a: Clefable|Flamethrower|p2a: Corviknight
|-supereffective|p2a: Corviknight
|-damage|p2a: Corviknight|16/100
|
|-heal|p2a: Corviknight|22/100|[from] item: Leftovers
|upkeep
|turn|12
|
|t:|1776048717
|move|p2a: Corviknight|Body Press|p1a: Clefable
|-damage|p1a: Clefable|0 fnt
|faint|p1a: Clefable
|
|-heal|p2a: Corviknight|28/100|[from] item: Leftovers
|upkeep
|
|t:|1776048734
|switch|p1a: Iron Moth|Iron Moth|100/100
|-enditem|p1a: Iron Moth|Booster Energy
|-activate|p1a: Iron Moth|ability: Quark Drive|[fromitem]
|-start|p1a: Iron Moth|quarkdrivespe
|turn|13
|
|t:|1776048741
|move|p1a: Iron Moth|Substitute|p1a: Iron Moth
|-start|p1a: Iron Moth|Substitute
|-damage|p1a: Iron Moth|76/100
|move|p2a: Corviknight|Body Press|p1a: Iron Moth
|-resisted|p1a: Iron Moth
|-end|p1a: Iron Moth|Substitute
|
|-heal|p2a: Corviknight|34/100|[from] item: Leftovers
|upkeep
|turn|14
|
|t:|1776048746
|move|p1a: Iron Moth|Fiery Dance|p2a: Corviknight
|-supereffective|p2a: Corviknight
|-damage|p2a: Corviknight|0 fnt
|-boost|p1a: Iron Moth|spa|1
|faint|p2a: Corviknight
|
|upkeep
|
|t:|1776048751
|switch|p2a: Great Tusk|Great Tusk|100/100
|turn|15
|
|t:|1776048754
|move|p1a: Iron Moth|Fiery Dance|p2a: Great Tusk
|-damage|p2a: Great Tusk|39/100
|-boost|p1a: Iron Moth|spa|1
|move|p2a: Great Tusk|Earthquake|p1a: Iron Moth
|-supereffective|p1a: Iron Moth
|-damage|p1a: Iron Moth|0 fnt
|faint|p1a: Iron Moth
|-end|p1a: Iron Moth|Quark Drive|[silent]
|
|-heal|p2a: Great Tusk|45/100|[from] item: Leftovers
|upkeep
|
|t:|1776048763
|switch|p1a: Zamazenta|Zamazenta|100/100
|turn|16
|
|t:|1776048766
|move|p1a: Zamazenta|Crunch|p2a: Great Tusk
|-resisted|p2a: Great Tusk
|-damage|p2a: Great Tusk|38/100
|-unboost|p2a: Great Tusk|def|1
|move|p2a: Great Tusk|Stealth Rock|p1a: Zamazenta
|-sidestart|p1: Slothdog|move: Stealth Rock
|
|-heal|p2a: Great Tusk|44/100|[from] item: Leftovers
|upkeep
|turn|17
|
|t:|1776048771
|move|p1a: Zamazenta|Iron Defense|p1a: Zamazenta
|-boost|p1a: Zamazenta|def|2
|move|p2a: Great Tusk|Earthquake|p1a: Zamazenta
|-damage|p1a: Zamazenta|82/100
|
|-heal|p2a: Great Tusk|50/100|[from] item: Leftovers
|upkeep
|turn|18
|
|t:|1776048777
|move|p1a: Zamazenta|Iron Defense|p1a: Zamazenta
|-boost|p1a: Zamazenta|def|2
|move|p2a: Great Tusk|Knock Off|p1a: Zamazenta
|-resisted|p1a: Zamazenta
|-damage|p1a: Zamazenta|77/100
|-enditem|p1a: Zamazenta|Chesto Berry|[from] move: Knock Off|[of] p2a: Great Tusk
|
|-heal|p2a: Great Tusk|56/100|[from] item: Leftovers
|upkeep
|turn|19
|
|t:|1776048785
|-end|p2a: Great Tusk|Protosynthesis|[silent]
|switch|p2a: Dragapult|Dragapult, M|100/100
|move|p1a: Zamazenta|Body Press|p2a: Dragapult
|-immune|p2a: Dragapult
|
|upkeep
|turn|20
|inactive|Marcack4 has 120 seconds left.
|
|t:|1776048820
|move|p2a: Dragapult|U-turn|p1a: Zamazenta
|-resisted|p1a: Zamazenta
|-damage|p1a: Zamazenta|75/100
|
|t:|1776048823
|switch|p2a: Clefable|Clefable, M|38/100|[from] U-turn
|move|p1a: Zamazenta|Crunch|p2a: Clefable
|-resisted|p2a: Clefable
|-damage|p2a: Clefable|24/100
|
|-heal|p2a: Clefable|30/100|[from] item: Leftovers
|upkeep
|turn|21
|inactive|Marcack4 has 120 seconds left.
|
|t:|1776048836
|move|p1a: Zamazenta|Body Press|p2a: Clefable
|-resisted|p2a: Clefable
|-damage|p2a: Clefable|10/100
|move|p2a: Clefable|Knock Off|p1a: Zamazenta
|-resisted|p1a: Zamazenta
|-damage|p1a: Zamazenta|71/100
|
|-heal|p2a: Clefable|16/100|[from] item: Leftovers
|upkeep
|turn|22
|
|t:|1776048841
|move|p1a: Zamazenta|Body Press|p2a: Clefable
|-resisted|p2a: Clefable
|-damage|p2a: Clefable|0 fnt
|faint|p2a: Clefable
|
|upkeep
|
|t:|1776048845
|switch|p2a: Great Tusk|Great Tusk|56/100
|turn|23
|
|t:|1776048848
|move|p1a: Zamazenta|Body Press|p2a: Great Tusk
|-damage|p2a: Great Tusk|0 fnt
|faint|p2a: Great Tusk
|-end|p2a: Great Tusk|Protosynthesis|[silent]
|
|upkeep
|
|t:|1776048861
|switch|p2a: Dragapult|Dragapult, M|100/100
|turn|24
|
|t:|1776048873
|-terastallize|p2a: Dragapult|Normal
|move|p2a: Dragapult|Shadow Ball|p1a: Zamazenta
|-damage|p1a: Zamazenta|26/100
|move|p1a: Zamazenta|Crunch|p2a: Dragapult
|-damage|p2a: Dragapult|68/100
|
|upkeep
|turn|25
|
|t:|1776048883
|move|p2a: Dragapult|Shadow Ball|p1a: Zamazenta
|-damage|p1a: Zamazenta|0 fnt
|faint|p1a: Zamazenta
|
|upkeep
|
|t:|1776048884
|switch|p1a: Ceruledge|Ceruledge, M|100/100
|-damage|p1a: Ceruledge|76/100|[from] Stealth Rock
|turn|26
|
|t:|1776048888
|move|p2a: Dragapult|Shadow Ball|p1a: Ceruledge
|-supereffective|p1a: Ceruledge
|-damage|p1a: Ceruledge|0 fnt
|faint|p1a: Ceruledge
|
|win|Marcack4
|raw|Slothdog's rating: 1324 &rarr; <strong>1301</strong><br />(-23 for losing)
|raw|Marcack4's rating: 1267 &rarr; <strong>1296</strong><br />(+29 for winning)
|l|☆Slothdog
|player|p1|
|l|☆Marcack4
|player|p2|
