|html|<div class="broadcast-blue"><strong>[Gen 9] OU is currently suspecting Tera Blast! For information on how to participate check out the <a href="https://www.smogon.com/tools/suspects/view/200">suspect thread</a>.</strong></div>
|j|‽GODKUD
|j|☆SeasonedToxapexual
|t:|1776109049
|gametype|singles
|player|p1|GODKUD|ghetsis-gen5bw|1328
|player|p2|SeasonedToxapexual|clerk-boss|1287
|gen|9
|tier|[Gen 9] OU
|rated|
|rule|HP Percentage Mod: HP is shown in percentages
|rule|Endless Battle Clause: Forcing endless battles is banned
|rule|Species Clause: Limit one of each Pokémon
|rule|OHKO Clause: OHKO moves are banned
|rule|Evasion Items Clause: Evasion items are banned
|rule|Evasion Moves Clause: Evasion moves are banned
|rule|Evasion Abilities Clause: Evasion abilities are banned
|rule|Sleep Moves Clause: Sleep-inducing moves are banned
|clearpoke
|poke|p1|Feraligatr, F|
|poke|p1|Conkeldurr, M|
|poke|p1|Haxorus, M|
|poke|p1|Deoxys-Speed|
|poke|p1|Tornadus-Therian, M|
|poke|p1|Rampardos, M|
|poke|p2|Rillaboom, F|
|poke|p2|Serperior, F|
|poke|p2|Heatran, M|
|poke|p2|Gholdengo|
|poke|p2|Zamazenta-*|
|poke|p2|Great Tusk|
|teampreview
|inactive|Battle timer is ON: inactive players will automatically lose when time's up. (requested by SeasonedToxapexual)
|
|t:|1776109058
|teamsize|p1|6
|teamsize|p2|6
|start
|switch|p1a: Deoxys|Deoxys-Speed|100/100
|switch|p2a: Rillaboom|Rillaboom, F|100/100
|-ability|p1a: Deoxys|Pressure
|-fieldstart|move: Grassy Terrain|[from] ability: Grassy Surge|[of] p2a: Rillaboom
|turn|1
|
|t:|1776109073
|move|p1a: Deoxys|Reflect|p1a: Deoxys
|-sidestart|p1: GODKUD|Reflect
|move|p2a: Rillaboom|Knock Off|p1a: Deoxys
|-supereffective|p1a: Deoxys
|-damage|p1a: Deoxys|39/100
|-enditem|p1a: Deoxys|Light Clay|[from] move: Knock Off|[of] p2a: Rillaboom
|-damage|p2a: Rillaboom|91/100|[from] item: Life Orb
|
|-heal|p1a: Deoxys|45/100|[from] Grassy Terrain
|-heal|p2a: Rillaboom|97/100|[from] Grassy Terrain
|upkeep
|turn|2
|
|t:|1776109089
|move|p1a: Deoxys|Stealth Rock|p2a: Rillaboom
|-sidestart|p2: SeasonedToxapexual|move: Stealth Rock
|move|p2a: Rillaboom|Knock Off|p1a: Deoxys
|-supereffective|p1a: Deoxys
|-damage|p1a: Deoxys|6/100
|-damage|p2a: Rillaboom|87/100|[from] item: Life Orb
|
|-heal|p1a: Deoxys|12/100|[from] Grassy Terrain
|-heal|p2a: Rillaboom|93/100|[from] Grassy Terrain
|upkeep
|turn|3
|
|t:|1776109094
|move|p2a: Rillaboom|Grassy Glide|p1a: Deoxys
|-damage|p1a: Deoxys|0 fnt
|faint|p1a: Deoxys
|-damage|p2a: Rillaboom|84/100|[from] item: Life Orb
|
|-heal|p2a: Rillaboom|90/100|[from] Grassy Terrain
|upkeep
|j| nautillect
|
|t:|1776109103
|switch|p1a: Tornadus|Tornadus-Therian, M|100/100
|turn|4
|
|t:|1776109106
|switch|p2a: Heatran|Heatran, M|100/100
|-damage|p2a: Heatran|88/100|[from] Stealth Rock
|-item|p2a: Heatran|Air Balloon
|move|p1a: Tornadus|Nasty Plot|p1a: Tornadus
|-boost|p1a: Tornadus|spa|2
|
|upkeep
|turn|5
|
|t:|1776109109
|move|p1a: Tornadus|Bleakwind Storm|p2a: Heatran
|-resisted|p2a: Heatran
|-damage|p2a: Heatran|51/100
|-enditem|p2a: Heatran|Air Balloon
|-damage|p1a: Tornadus|91/100|[from] item: Life Orb
|move|p2a: Heatran|Magma Storm|p1a: Tornadus
|-damage|p1a: Tornadus|35/100
|-activate|p1a: Tornadus|move: Magma Storm|[of] p2a: Heatran
|
|-heal|p2a: Heatran|57/100|[from] Grassy Terrain
|-damage|p1a: Tornadus|22/100|[from] move: Magma Storm|[partiallytrapped]
|-fieldend|move: Grassy Terrain
|upkeep
|turn|6
|
|t:|1776109120
|move|p1a: Tornadus|Bleakwind Storm|p2a: Heatran
|-resisted|p2a: Heatran
|-damage|p2a: Heatran|17/100
|-damage|p1a: Tornadus|13/100|[from] item: Life Orb
|move|p2a: Heatran|Heavy Slam|p1a: Tornadus
|-damage|p1a: Tornadus|0 fnt
|faint|p1a: Tornadus
|
|upkeep
|
|t:|1776109135
|switch|p1a: Feraligatr|Feraligatr, F|100/100
|turn|7
|
|t:|1776109137
|move|p1a: Feraligatr|Dragon Dance|p1a: Feraligatr
|-boost|p1a: Feraligatr|atk|1
|-boost|p1a: Feraligatr|spe|1
|move|p2a: Heatran|Taunt|p1a: Feraligatr
|-start|p1a: Feraligatr|move: Taunt
|
|upkeep
|turn|8
|
|t:|1776109141
|move|p1a: Feraligatr|Liquidation|p2a: Heatran
|-supereffective|p2a: Heatran
|-damage|p2a: Heatran|0 fnt
|faint|p2a: Heatran
|
|-sideend|p1: GODKUD|Reflect
|upkeep
|
|t:|1776109147
|switch|p2a: Rillaboom|Rillaboom, F|90/100
|-damage|p2a: Rillaboom|77/100|[from] Stealth Rock
|-fieldstart|move: Grassy Terrain|[from] ability: Grassy Surge|[of] p2a: Rillaboom
|turn|9
|
|t:|1776109153
|-terastallize|p1a: Feraligatr|Dark
|move|p2a: Rillaboom|Grassy Glide|p1a: Feraligatr
|-damage|p1a: Feraligatr|43/100
|-damage|p2a: Rillaboom|68/100|[from] item: Life Orb
|move|p1a: Feraligatr|Crunch|p2a: Rillaboom
|-damage|p2a: Rillaboom|0 fnt
|faint|p2a: Rillaboom
|
|-heal|p1a: Feraligatr|49/100|[from] Grassy Terrain
|upkeep
|
|t:|1776109158
|switch|p2a: Zamazenta|Zamazenta|100/100
|-damage|p2a: Zamazenta|94/100|[from] Stealth Rock
|-ability|p2a: Zamazenta|Dauntless Shield|boost
|-boost|p2a: Zamazenta|def|1
|turn|10
|
|t:|1776109161
|move|p1a: Feraligatr|Liquidation|p2a: Zamazenta
|-damage|p2a: Zamazenta|26/100
|move|p2a: Zamazenta|Close Combat|p1a: Feraligatr
|-supereffective|p1a: Feraligatr
|-damage|p1a: Feraligatr|0 fnt
|-unboost|p2a: Zamazenta|def|1
|-unboost|p2a: Zamazenta|spd|1
|faint|p1a: Feraligatr
|-damage|p2a: Zamazenta|16/100|[from] item: Life Orb
|
|-heal|p2a: Zamazenta|22/100|[from] Grassy Terrain
|upkeep
|
|t:|1776109168
|switch|p1a: Conkeldurr|Conkeldurr, M|100/100
|turn|11
|
|t:|1776109171
|switch|p2a: Gholdengo|Gholdengo|100/100
|-damage|p2a: Gholdengo|94/100|[from] Stealth Rock
|-enditem|p2a: Gholdengo|Grassy Seed
|-boost|p2a: Gholdengo|def|1|[from] item: Grassy Seed
|move|p1a: Conkeldurr|Mach Punch|p2a: Gholdengo
|-immune|p2a: Gholdengo
|
|-heal|p2a: Gholdengo|100/100|[from] Grassy Terrain
|-status|p1a: Conkeldurr|brn|[from] item: Flame Orb
|upkeep
|turn|12
|
|t:|1776109184
|move|p2a: Gholdengo|Nasty Plot|p2a: Gholdengo
|-boost|p2a: Gholdengo|spa|2
|move|p1a: Conkeldurr|Knock Off|p2a: Gholdengo
|-supereffective|p2a: Gholdengo
|-damage|p2a: Gholdengo|50/100
|
|-heal|p2a: Gholdengo|56/100|[from] Grassy Terrain
|-damage|p1a: Conkeldurr|95/100 brn|[from] brn
|upkeep
|turn|13
|
|t:|1776109193
|move|p2a: Gholdengo|Recover|p2a: Gholdengo
|-heal|p2a: Gholdengo|100/100
|move|p1a: Conkeldurr|Knock Off|p2a: Gholdengo
|-supereffective|p2a: Gholdengo
|-damage|p2a: Gholdengo|55/100
|
|-heal|p2a: Gholdengo|61/100|[from] Grassy Terrain
|-heal|p1a: Conkeldurr|100/100 brn|[from] Grassy Terrain
|-damage|p1a: Conkeldurr|95/100 brn|[from] brn
|-fieldend|move: Grassy Terrain
|upkeep
|turn|14
|
|t:|1776109198
|switch|p1a: Rampardos|Rampardos, M|100/100
|move|p2a: Gholdengo|Recover|p2a: Gholdengo
|-heal|p2a: Gholdengo|100/100
|
|upkeep
|turn|15
|
|t:|1776109204
|move|p2a: Gholdengo|Shadow Ball|p1a: Rampardos
|-damage|p1a: Rampardos|0 fnt
|faint|p1a: Rampardos
|
|upkeep
|
|t:|1776109206
|switch|p1a: Haxorus|Haxorus, M|100/100
|-ability|p1a: Haxorus|Mold Breaker
|turn|16
|
|t:|1776109208
|move|p1a: Haxorus|Earthquake|p2a: Gholdengo
|-supereffective|p2a: Gholdengo
|-damage|p2a: Gholdengo|55/100
|move|p2a: Gholdengo|Shadow Ball|p1a: Haxorus
|-damage|p1a: Haxorus|0 fnt
|faint|p1a: Haxorus
|
|upkeep
|
|t:|1776109214
|switch|p1a: Conkeldurr|Conkeldurr, M|95/100 brn
|turn|17
|c|☆SeasonedToxapexual|gg
|
|t:|1776109215
|move|p2a: Gholdengo|Shadow Ball|p1a: Conkeldurr
|-damage|p1a: Conkeldurr|0 fnt
|faint|p1a: Conkeldurr
|
|win|SeasonedToxapexual
|raw|GODKUD's rating: 1328 &rarr; <strong>1306</strong><br />(-22 for losing)
|raw|SeasonedToxapexual's rating: 1287 &rarr; <strong>1315</strong><br />(+28 for winning)
|l|‽GODKUD
|player|p1|
