|html|<div class="broadcast-blue"><strong>[Gen 9] OU is currently suspecting Tera Blast! For information on how to participate check out the <a href="https://www.smogon.com/tools/suspects/view/200">suspect thread</a>.</strong></div>
|j|☆vbmh
|j|☆isaaceelindo
|t:|1776279580
|gametype|singles
|player|p1|vbmh|169|1000
|player|p2|isaaceelindo|giovanni|1000
|gen|9
|tier|[Gen 9] OU
|rated|
|rule|HP Percentage Mod: HP is shown in percentages
|rule|Endless Battle Clause: Forcing endless battles is banned
|rule|Species Clause: Limit one of each Pokémon
|rule|OHKO Clause: OHKO moves are banned
|rule|Evasion Items Clause: Evasion items are banned
|rule|Evasion Moves Clause: Evasion moves are banned
|rule|Evasion Abilities Clause: Evasion abilities are banned
|rule|Sleep Moves Clause: Sleep-inducing moves are banned
|clearpoke
|poke|p1|Sceptile, M|
|poke|p1|Clefable, M|
|poke|p1|Slowking-Galar, F|
|poke|p1|Hatterene, F|
|poke|p1|Tyranitar, M|
|poke|p1|Houndstone, F|
|poke|p2|Metagross|
|poke|p2|Gyarados, M|
|poke|p2|Tyranitar, F|
|poke|p2|Spiritomb, M|
|poke|p2|Sceptile, F|
|poke|p2|Ninetales-Alola, M|
|teampreview
|
|t:|1776279603
|teamsize|p1|6
|teamsize|p2|6
|start
|switch|p1a: Tyranitar|Tyranitar, M|100/100
|switch|p2a: Obama|Sceptile, F|100/100
|-weather|Sandstorm|[from] ability: Sand Stream|[of] p1a: Tyranitar
|turn|1
|
|t:|1776279613
|switch|p1a: Houndstone|Houndstone, F, shiny|100/100
|move|p2a: Obama|X-Scissor|p1a: Houndstone
|-resisted|p1a: Houndstone
|-damage|p1a: Houndstone|90/100
|
|-weather|Sandstorm|[upkeep]
|-damage|p2a: Obama|94/100|[from] Sandstorm
|-heal|p2a: Obama|100/100|[from] item: Leftovers
|upkeep
|turn|2
|
|t:|1776279624
|move|p1a: Houndstone|Will-O-Wisp|p2a: Obama
|-status|p2a: Obama|brn
|move|p2a: Obama|Leech Seed|p1a: Houndstone
|-start|p1a: Houndstone|move: Leech Seed
|
|-weather|Sandstorm|[upkeep]
|-damage|p2a: Obama|94/100 brn|[from] Sandstorm
|-heal|p2a: Obama|100/100 brn|[from] item: Leftovers
|-damage|p1a: Houndstone|78/100|[from] Leech Seed|[of] p2a: Obama
|-damage|p2a: Obama|94/100 brn|[from] brn
|upkeep
|turn|3
|
|t:|1776279632
|move|p1a: Houndstone|Facade|p2a: Obama
|-crit|p2a: Obama
|-damage|p2a: Obama|49/100 brn
|move|p2a: Obama|Acrobatics|p1a: Houndstone
|-damage|p1a: Houndstone|70/100
|
|-weather|Sandstorm|[upkeep]
|-damage|p2a: Obama|43/100 brn|[from] Sandstorm
|-heal|p2a: Obama|49/100 brn|[from] item: Leftovers
|-damage|p1a: Houndstone|58/100|[from] Leech Seed|[of] p2a: Obama
|-heal|p2a: Obama|61/100 brn|[silent]
|-damage|p2a: Obama|54/100 brn|[from] brn
|upkeep
|turn|4
|
|t:|1776279641
|move|p1a: Houndstone|Facade|p2a: Obama
|-damage|p2a: Obama|24/100 brn
|move|p2a: Obama|Leaf Storm|p1a: Houndstone
|-damage|p1a: Houndstone|0 fnt
|-unboost|p2a: Obama|spa|2
|faint|p1a: Houndstone
|
|-weather|Sandstorm|[upkeep]
|-damage|p2a: Obama|17/100 brn|[from] Sandstorm
|-heal|p2a: Obama|24/100 brn|[from] item: Leftovers
|-damage|p2a: Obama|17/100 brn|[from] brn
|upkeep
|
|t:|1776279645
|switch|p1a: Sceptile|Sceptile, M|100/100
|turn|5
|
|t:|1776279650
|move|p1a: Sceptile|Acrobatics|p2a: Obama
|-supereffective|p2a: Obama
|-damage|p2a: Obama|0 fnt
|faint|p2a: Obama
|
|-weather|none
|upkeep
|
|t:|1776279658
|switch|p2a: LJUDGE HOLDEN|Tyranitar, F|100/100
|-weather|Sandstorm|[from] ability: Sand Stream|[of] p2a: LJUDGE HOLDEN
|turn|6
|
|t:|1776279663
|-terastallize|p1a: Sceptile|Rock
|-terastallize|p2a: LJUDGE HOLDEN|Electric
|move|p1a: Sceptile|Giga Drain|p2a: LJUDGE HOLDEN
|-damage|p2a: LJUDGE HOLDEN|69/100
|move|p2a: LJUDGE HOLDEN|Flamethrower|p1a: Sceptile
|-resisted|p1a: Sceptile
|-damage|p1a: Sceptile|87/100
|-damage|p2a: LJUDGE HOLDEN|59/100|[from] item: Life Orb
|
|-weather|Sandstorm|[upkeep]
|-damage|p2a: LJUDGE HOLDEN|53/100|[from] Sandstorm
|upkeep
|turn|7
|
|t:|1776279670
|move|p1a: Sceptile|Giga Drain|p2a: LJUDGE HOLDEN
|-damage|p2a: LJUDGE HOLDEN|25/100
|-heal|p1a: Sceptile|100/100|[from] drain|[of] p2a: LJUDGE HOLDEN
|move|p2a: LJUDGE HOLDEN|Earthquake|p1a: Sceptile
|-supereffective|p1a: Sceptile
|-damage|p1a: Sceptile|0 fnt
|faint|p1a: Sceptile
|-damage|p2a: LJUDGE HOLDEN|15/100|[from] item: Life Orb
|
|-weather|Sandstorm|[upkeep]
|-damage|p2a: LJUDGE HOLDEN|9/100|[from] Sandstorm
|upkeep
|
|t:|1776279673
|switch|p1a: Clefable|Clefable, M|100/100
|turn|8
|
|t:|1776279679
|move|p2a: LJUDGE HOLDEN|Rest|p2a: LJUDGE HOLDEN
|-status|p2a: LJUDGE HOLDEN|slp|[from] move: Rest
|-heal|p2a: LJUDGE HOLDEN|100/100 slp|[silent]
|move|p1a: Clefable|Knock Off|p2a: LJUDGE HOLDEN
|-damage|p2a: LJUDGE HOLDEN|88/100 slp
|-enditem|p2a: LJUDGE HOLDEN|Life Orb|[from] move: Knock Off|[of] p1a: Clefable
|
|-weather|Sandstorm|[upkeep]
|-damage|p2a: LJUDGE HOLDEN|82/100 slp|[from] Sandstorm
|-damage|p1a: Clefable|94/100|[from] Sandstorm
|upkeep
|turn|9
|
|t:|1776279686
|switch|p2a: •_•|Spiritomb, M|100/100
|move|p1a: Clefable|Reflect|p1a: Clefable
|-sidestart|p1: vbmh|Reflect
|
|-weather|Sandstorm|[upkeep]
|-damage|p1a: Clefable|88/100|[from] Sandstorm
|-damage|p2a: •_•|94/100|[from] Sandstorm
|upkeep
|turn|10
|
|t:|1776279688
|move|p1a: Clefable|Light Screen|p1a: Clefable
|-sidestart|p1: vbmh|move: Light Screen
|move|p2a: •_•|Trick Room|p2a: •_•
|-fieldstart|move: Trick Room|[of] p2a: •_•
|
|-weather|none
|upkeep
|turn|11
|
|t:|1776279697
|switch|p2a: You must scream|Metagross|100/100
|move|p1a: Clefable|Knock Off|p2a: You must scream
|-supereffective|p2a: You must scream
|-damage|p2a: You must scream|73/100
|-enditem|p2a: You must scream|Iron Plate|[from] move: Knock Off|[of] p1a: Clefable
|-heal|p1a: Clefable|91/100|[from] item: Shell Bell|[of] p2a: You must scream
|
|upkeep
|turn|12
|
|t:|1776279706
|switch|p1a: Slowking|Slowking-Galar, F|100/100
|-enditem|p1a: Slowking|Room Service
|-unboost|p1a: Slowking|spe|1|[from] item: Room Service
|move|p2a: You must scream|Stealth Rock|p1a: Slowking
|-sidestart|p1: vbmh|move: Stealth Rock
|
|upkeep
|turn|13
|
|t:|1776279710
|move|p1a: Slowking|Calm Mind|p1a: Slowking
|-boost|p1a: Slowking|spa|1
|-boost|p1a: Slowking|spd|1
|move|p2a: You must scream|Iron Defense|p2a: You must scream
|-boost|p2a: You must scream|def|2
|
|-sideend|p1: vbmh|Reflect
|upkeep
|turn|14
|
|t:|1776279713
|move|p1a: Slowking|Calm Mind|p1a: Slowking
|-boost|p1a: Slowking|spa|1
|-boost|p1a: Slowking|spd|1
|move|p2a: You must scream|Iron Defense|p2a: You must scream
|-boost|p2a: You must scream|def|2
|
|-sideend|p1: vbmh|move: Light Screen
|-fieldend|move: Trick Room
|upkeep
|turn|15
|
|t:|1776279716
|move|p2a: You must scream|Iron Defense|p2a: You must scream
|-boost|p2a: You must scream|def|2
|move|p1a: Slowking|Fire Blast|p2a: You must scream
|-supereffective|p2a: You must scream
|-damage|p2a: You must scream|0 fnt
|faint|p2a: You must scream
|
|upkeep
|
|t:|1776279720
|switch|p2a: THE NINETALES FOX|Ninetales-Alola, M|100/100
|-weather|Snowscape|[from] ability: Snow Warning|[of] p2a: THE NINETALES FOX
|turn|16
|
|t:|1776279724
|switch|p1a: Hatterene|Hatterene, F|100/100
|-damage|p1a: Hatterene|88/100|[from] Stealth Rock
|move|p2a: THE NINETALES FOX|Roar|p1a: Hatterene
|drag|p1a: Slowking|Slowking-Galar, F|100/100
|-damage|p1a: Slowking|88/100|[from] Stealth Rock
|
|-weather|Snowscape|[upkeep]
|upkeep
|turn|17
|
|t:|1776279730
|move|p1a: Slowking|Fire Blast|p2a: THE NINETALES FOX
|-supereffective|p2a: THE NINETALES FOX
|-damage|p2a: THE NINETALES FOX|24/100
|move|p2a: THE NINETALES FOX|Roar|p1a: Slowking
|drag|p1a: Clefable|Clefable, M|91/100
|-damage|p1a: Clefable|79/100|[from] Stealth Rock
|
|-weather|Snowscape|[upkeep]
|upkeep
|turn|18
|
|t:|1776279738
|switch|p2a: IT’S OVER BETA|Gyarados, M, shiny|100/100
|-ability|p2a: IT’S OVER BETA|Intimidate|boost
|-unboost|p1a: Clefable|atk|1
|move|p1a: Clefable|Knock Off|p2a: IT’S OVER BETA
|-damage|p2a: IT’S OVER BETA|88/100
|-enditem|p2a: IT’S OVER BETA|Salac Berry|[from] move: Knock Off|[of] p1a: Clefable
|-heal|p1a: Clefable|80/100|[from] item: Shell Bell|[of] p2a: IT’S OVER BETA
|
|-weather|Snowscape|[upkeep]
|upkeep
|turn|19
|
|t:|1776279744
|move|p2a: IT’S OVER BETA|Waterfall|p1a: Clefable
|-damage|p1a: Clefable|51/100
|move|p1a: Clefable|Reflect|p1a: Clefable
|-sidestart|p1: vbmh|Reflect
|
|-weather|Snowscape|[upkeep]
|upkeep
|turn|20
|
|t:|1776279747
|move|p2a: IT’S OVER BETA|Waterfall|p1a: Clefable
|-damage|p1a: Clefable|38/100
|move|p1a: Clefable|Light Screen|p1a: Clefable
|-sidestart|p1: vbmh|move: Light Screen
|
|-weather|none
|upkeep
|turn|21
|
|t:|1776279755
|move|p2a: IT’S OVER BETA|Waterfall|p1a: Clefable
|-damage|p1a: Clefable|24/100
|move|p1a: Clefable|Knock Off|p2a: IT’S OVER BETA
|-damage|p2a: IT’S OVER BETA|81/100
|-heal|p1a: Clefable|25/100|[from] item: Shell Bell|[of] p2a: IT’S OVER BETA
|
|upkeep
|turn|22
|
|t:|1776279758
|switch|p1a: Tyranitar|Tyranitar, M|100/100
|-damage|p1a: Tyranitar|88/100|[from] Stealth Rock
|-weather|Sandstorm|[from] ability: Sand Stream|[of] p1a: Tyranitar
|move|p2a: IT’S OVER BETA|Waterfall|p1a: Tyranitar
|-supereffective|p1a: Tyranitar
|-damage|p1a: Tyranitar|68/100
|-enditem|p1a: Tyranitar|Weakness Policy
|-boost|p1a: Tyranitar|atk|2|[from] item: Weakness Policy
|-boost|p1a: Tyranitar|spa|2|[from] item: Weakness Policy
|
|-weather|Sandstorm|[upkeep]
|-damage|p2a: IT’S OVER BETA|74/100|[from] Sandstorm
|upkeep
|turn|23
|
|t:|1776279768
|move|p2a: IT’S OVER BETA|Endeavor|p1a: Tyranitar
|-damage|p1a: Tyranitar|66/100
|move|p1a: Tyranitar|Dragon Dance|p1a: Tyranitar
|-boost|p1a: Tyranitar|atk|1
|-boost|p1a: Tyranitar|spe|1
|
|-weather|Sandstorm|[upkeep]
|-damage|p2a: IT’S OVER BETA|68/100|[from] Sandstorm
|-sideend|p1: vbmh|Reflect
|upkeep
|turn|24
|
|t:|1776279773
|switch|p2a: •_•|Spiritomb, M|94/100
|move|p1a: Tyranitar|Thunder Wave|p2a: •_•
|-status|p2a: •_•|par
|
|-weather|Sandstorm|[upkeep]
|-damage|p2a: •_•|88/100 par|[from] Sandstorm
|-sideend|p1: vbmh|move: Light Screen
|upkeep
|turn|25
|
|t:|1776279777
|move|p2a: •_•|Destiny Bond|p2a: •_•
|-singlemove|p2a: •_•|Destiny Bond
|move|p1a: Tyranitar|Dragon Tail|p2a: •_•
|-damage|p2a: •_•|40/100 par
|-damage|p1a: Tyranitar|49/100|[from] item: Rocky Helmet|[of] p2a: •_•
|drag|p2a: IT’S OVER BETA|Gyarados, M, shiny|68/100
|-ability|p2a: IT’S OVER BETA|Intimidate|boost
|-unboost|p1a: Tyranitar|atk|1
|
|-weather|Sandstorm|[upkeep]
|-damage|p2a: IT’S OVER BETA|62/100|[from] Sandstorm
|upkeep
|turn|26
|
|t:|1776279787
|move|p1a: Tyranitar|Thunder Wave|p2a: IT’S OVER BETA
|-status|p2a: IT’S OVER BETA|par
|move|p2a: IT’S OVER BETA|Waterfall|p1a: Tyranitar
|-supereffective|p1a: Tyranitar
|-damage|p1a: Tyranitar|5/100
|
|-weather|none
|upkeep
|turn|27
|
|t:|1776279790
|move|p1a: Tyranitar|Facade|p2a: IT’S OVER BETA
|-damage|p2a: IT’S OVER BETA|15/100 par
|move|p2a: IT’S OVER BETA|Waterfall|p1a: Tyranitar
|-supereffective|p1a: Tyranitar
|-damage|p1a: Tyranitar|0 fnt
|faint|p1a: Tyranitar
|
|upkeep
|
|t:|1776279795
|switch|p1a: Clefable|Clefable, M|25/100
|-damage|p1a: Clefable|12/100|[from] Stealth Rock
|turn|28
|
|t:|1776279799
|move|p1a: Clefable|Light Screen|p1a: Clefable
|-sidestart|p1: vbmh|move: Light Screen
|move|p2a: IT’S OVER BETA|Rest|p2a: IT’S OVER BETA
|-status|p2a: IT’S OVER BETA|slp|[from] move: Rest
|-heal|p2a: IT’S OVER BETA|100/100 slp|[silent]
|
|upkeep
|turn|29
|
|t:|1776279805
|switch|p2a: LJUDGE HOLDEN|Tyranitar, F, tera:Electric|82/100 slp
|-weather|Sandstorm|[from] ability: Sand Stream|[of] p2a: LJUDGE HOLDEN
|move|p1a: Clefable|Reflect|p1a: Clefable
|-sidestart|p1: vbmh|Reflect
|
|-weather|Sandstorm|[upkeep]
|-damage|p2a: LJUDGE HOLDEN|76/100 slp|[from] Sandstorm
|-damage|p1a: Clefable|6/100|[from] Sandstorm
|upkeep
|turn|30
|
|t:|1776279811
|cant|p2a: LJUDGE HOLDEN|slp
|move|p1a: Clefable|Knock Off|p2a: LJUDGE HOLDEN
|-damage|p2a: LJUDGE HOLDEN|67/100 slp
|-heal|p1a: Clefable|7/100|[from] item: Shell Bell|[of] p2a: LJUDGE HOLDEN
|
|-weather|Sandstorm|[upkeep]
|-damage|p2a: LJUDGE HOLDEN|61/100 slp|[from] Sandstorm
|-damage|p1a: Clefable|1/100|[from] Sandstorm
|upkeep
|turn|31
|
|t:|1776279815
|cant|p2a: LJUDGE HOLDEN|slp
|move|p1a: Clefable|Knock Off|p2a: LJUDGE HOLDEN
|-damage|p2a: LJUDGE HOLDEN|52/100 slp
|-heal|p1a: Clefable|2/100|[from] item: Shell Bell|[of] p2a: LJUDGE HOLDEN
|
|-weather|Sandstorm|[upkeep]
|-damage|p2a: LJUDGE HOLDEN|46/100 slp|[from] Sandstorm
|-damage|p1a: Clefable|0 fnt|[from] Sandstorm
|faint|p1a: Clefable
|upkeep
|
|t:|1776279818
|switch|p1a: Hatterene|Hatterene, F|88/100
|-damage|p1a: Hatterene|76/100|[from] Stealth Rock
|turn|32
|
|t:|1776279827
|-curestatus|p2a: LJUDGE HOLDEN|slp|[msg]
|move|p2a: LJUDGE HOLDEN|Earthquake|p1a: Hatterene
|-damage|p1a: Hatterene|60/100
|move|p1a: Hatterene|Light Screen||[still]
|-fail|p1a: Hatterene
|
|-weather|Sandstorm|[upkeep]
|-damage|p2a: LJUDGE HOLDEN|40/100|[from] Sandstorm
|-damage|p1a: Hatterene|55/100|[from] Sandstorm
|-sideend|p1: vbmh|move: Light Screen
|upkeep
|turn|33
|
|t:|1776279835
|move|p2a: LJUDGE HOLDEN|Flamethrower|p1a: Hatterene
|-damage|p1a: Hatterene|30/100
|-status|p1a: Hatterene|brn
|move|p1a: Hatterene|Trick Room|p1a: Hatterene
|-fieldstart|move: Trick Room|[of] p1a: Hatterene
|
|-weather|none
|-damage|p1a: Hatterene|24/100 brn|[from] brn
|-sideend|p1: vbmh|Reflect
|upkeep
|turn|34
|
|t:|1776279839
|move|p1a: Hatterene|Dark Pulse|p2a: LJUDGE HOLDEN
|-damage|p2a: LJUDGE HOLDEN|20/100
|move|p2a: LJUDGE HOLDEN|Rest|p2a: LJUDGE HOLDEN
|-status|p2a: LJUDGE HOLDEN|slp|[from] move: Rest
|-heal|p2a: LJUDGE HOLDEN|100/100 slp|[silent]
|
|-damage|p1a: Hatterene|18/100 brn|[from] brn
|upkeep
|turn|35
|
|t:|1776279845
|switch|p1a: Slowking|Slowking-Galar, F|100/100
|-damage|p1a: Slowking|88/100|[from] Stealth Rock
|cant|p2a: LJUDGE HOLDEN|slp
|
|upkeep
|turn|36
|
|t:|1776279852
|switch|p2a: IT’S OVER BETA|Gyarados, M, shiny|100/100 slp
|-ability|p2a: IT’S OVER BETA|Intimidate|boost
|-unboost|p1a: Slowking|atk|1
|move|p1a: Slowking|Calm Mind|p1a: Slowking
|-boost|p1a: Slowking|spa|1
|-boost|p1a: Slowking|spd|1
|
|upkeep
|turn|37
|
|t:|1776279861
|move|p1a: Slowking|Calm Mind|p1a: Slowking
|-boost|p1a: Slowking|spa|1
|-boost|p1a: Slowking|spd|1
|cant|p2a: IT’S OVER BETA|slp
|
|-fieldend|move: Trick Room
|upkeep
|turn|38
|
|t:|1776279866
|cant|p2a: IT’S OVER BETA|slp
|move|p1a: Slowking|Blizzard|p2a: IT’S OVER BETA
|-damage|p2a: IT’S OVER BETA|41/100 slp
|
|upkeep
|turn|39
|
|t:|1776279868
|-curestatus|p2a: IT’S OVER BETA|slp|[msg]
|move|p2a: IT’S OVER BETA|Endeavor|p1a: Slowking
|-damage|p1a: Slowking|44/100
|move|p1a: Slowking|Blizzard|p2a: IT’S OVER BETA
|-damage|p2a: IT’S OVER BETA|0 fnt
|faint|p2a: IT’S OVER BETA
|
|upkeep
|
|t:|1776279874
|switch|p2a: THE NINETALES FOX|Ninetales-Alola, M|24/100
|-weather|Snowscape|[from] ability: Snow Warning|[of] p2a: THE NINETALES FOX
|turn|40
|
|t:|1776279879
|move|p2a: THE NINETALES FOX|Foul Play|p1a: Slowking
|-supereffective|p1a: Slowking
|-damage|p1a: Slowking|24/100
|move|p1a: Slowking|Fire Blast|p2a: THE NINETALES FOX
|-supereffective|p2a: THE NINETALES FOX
|-crit|p2a: THE NINETALES FOX
|-damage|p2a: THE NINETALES FOX|0 fnt
|faint|p2a: THE NINETALES FOX
|
|-weather|Snowscape|[upkeep]
|upkeep
|
|t:|1776279882
|switch|p2a: LJUDGE HOLDEN|Tyranitar, F, tera:Electric|100/100 slp
|-weather|Sandstorm|[from] ability: Sand Stream|[of] p2a: LJUDGE HOLDEN
|turn|41
|
|t:|1776279888
|cant|p2a: LJUDGE HOLDEN|slp
|move|p1a: Slowking|Hydro Pump|p2a: LJUDGE HOLDEN
|-damage|p2a: LJUDGE HOLDEN|33/100 slp
|
|-weather|Sandstorm|[upkeep]
|-damage|p2a: LJUDGE HOLDEN|27/100 slp|[from] Sandstorm
|-damage|p1a: Slowking|18/100|[from] Sandstorm
|upkeep
|turn|42
|
|t:|1776279891
|-curestatus|p2a: LJUDGE HOLDEN|slp|[msg]
|move|p2a: LJUDGE HOLDEN|Earthquake|p1a: Slowking
|-supereffective|p1a: Slowking
|-damage|p1a: Slowking|0 fnt
|faint|p1a: Slowking
|
|-weather|Sandstorm|[upkeep]
|-damage|p2a: LJUDGE HOLDEN|21/100|[from] Sandstorm
|upkeep
|
|t:|1776279893
|switch|p1a: Hatterene|Hatterene, F|18/100 brn
|-damage|p1a: Hatterene|6/100 brn|[from] Stealth Rock
|turn|43
|
|t:|1776279902
|switch|p2a: •_•|Spiritomb, M|40/100 par
|move|p1a: Hatterene|Dark Pulse|p2a: •_•
|-damage|p2a: •_•|16/100 par
|
|-weather|Sandstorm|[upkeep]
|-damage|p1a: Hatterene|0 fnt|[from] Sandstorm
|-damage|p2a: •_•|10/100 par|[from] Sandstorm
|faint|p1a: Hatterene
|
|win|isaaceelindo
|raw|vbmh's rating: 1000 &rarr; <strong>1000</strong><br />(+0 for losing)
|raw|isaaceelindo's rating: 1000 &rarr; <strong>1040</strong><br />(+40 for winning)
|l|☆vbmh
|player|p1|
