|html|<div class="broadcast-blue"><strong>[Gen 9] OU is currently suspecting Tera Blast! For information on how to participate check out the <a href="https://www.smogon.com/tools/suspects/view/200">suspect thread</a>.</strong></div>
|j|☆willothewisper
|j|☆nhmoula
|t:|1776039448
|gametype|singles
|player|p1|willothewisper|n|1180
|player|p2|nhmoula|lyra|1151
|gen|9
|tier|[Gen 9] OU
|rated|
|rule|HP Percentage Mod: HP is shown in percentages
|rule|Endless Battle Clause: Forcing endless battles is banned
|rule|Species Clause: Limit one of each Pokémon
|rule|OHKO Clause: OHKO moves are banned
|rule|Evasion Items Clause: Evasion items are banned
|rule|Evasion Moves Clause: Evasion moves are banned
|rule|Evasion Abilities Clause: Evasion abilities are banned
|rule|Sleep Moves Clause: Sleep-inducing moves are banned
|clearpoke
|poke|p1|Landorus-Therian, M|
|poke|p1|Great Tusk|
|poke|p1|Gholdengo|
|poke|p1|Dragapult, M|
|poke|p1|Iron Valiant|
|poke|p1|Raging Bolt|
|poke|p2|Pikachu, F|
|poke|p2|Gliscor, M|
|poke|p2|Azumarill, M|
|poke|p2|Ceruledge, M|
|poke|p2|Excadrill, F|
|poke|p2|Tyranitar, F|
|teampreview
|inactive|Battle timer is ON: inactive players will automatically lose when time's up. (requested by willothewisper)
|inactive|nhmoula has 120 seconds left.
|
|t:|1776039482
|teamsize|p1|6
|teamsize|p2|6
|start
|switch|p1a: freak|Great Tusk|100/100
|switch|p2a: gozila|Tyranitar, F|100/100
|-weather|Sandstorm|[from] ability: Sand Stream|[of] p2a: gozila
|turn|1
|
|t:|1776039490
|move|p1a: freak|Close Combat|p2a: gozila
|-supereffective|p2a: gozila
|-damage|p2a: gozila|0 fnt
|-unboost|p1a: freak|def|1
|-unboost|p1a: freak|spd|1
|faint|p2a: gozila
|
|-weather|Sandstorm|[upkeep]
|upkeep
|
|t:|1776039497
|switch|p2a: Big burger|Azumarill, M|100/100
|turn|2
|
|t:|1776039502
|-end|p1a: freak|Protosynthesis|[silent]
|switch|p1a: dinosaur|Raging Bolt|100/100
|move|p2a: Big burger|Belly Drum|p2a: Big burger
|-damage|p2a: Big burger|50/100
|-setboost|p2a: Big burger|atk|6|[from] move: Belly Drum
|-enditem|p2a: Big burger|Sitrus Berry|[eat]
|-heal|p2a: Big burger|75/100|[from] item: Sitrus Berry
|
|-weather|Sandstorm|[upkeep]
|-damage|p1a: dinosaur|94/100|[from] Sandstorm
|-damage|p2a: Big burger|69/100|[from] Sandstorm
|-heal|p1a: dinosaur|100/100|[from] item: Leftovers
|upkeep
|turn|3
|
|t:|1776039514
|-terastallize|p2a: Big burger|Water
|move|p1a: dinosaur|Thunderclap|p2a: Big burger
|-supereffective|p2a: Big burger
|-damage|p2a: Big burger|0 fnt
|faint|p2a: Big burger
|
|-weather|Sandstorm|[upkeep]
|-damage|p1a: dinosaur|94/100|[from] Sandstorm
|-heal|p1a: dinosaur|100/100|[from] item: Leftovers
|upkeep
|
|t:|1776039522
|switch|p2a: Hermano juan|Excadrill, F|100/100
|turn|4
|
|t:|1776039528
|-end|p1a: dinosaur|Protosynthesis|[silent]
|switch|p1a: freak|Great Tusk|100/100
|move|p2a: Hermano juan|Earthquake|p1a: freak
|-damage|p1a: freak|62/100
|
|-weather|Sandstorm|[upkeep]
|upkeep
|turn|5
|
|t:|1776039537
|move|p2a: Hermano juan|Earthquake|p1a: freak
|-damage|p1a: freak|26/100
|move|p1a: freak|Headlong Rush|p2a: Hermano juan
|-supereffective|p2a: Hermano juan
|-damage|p2a: Hermano juan|0 fnt
|-unboost|p1a: freak|def|1
|-unboost|p1a: freak|spd|1
|faint|p2a: Hermano juan
|
|-weather|Sandstorm|[upkeep]
|upkeep
|
|t:|1776039546
|switch|p2a: Lil bro|Gliscor, M|100/100
|turn|6
|
|t:|1776039551
|move|p1a: freak|Ice Spinner|p2a: Lil bro
|-supereffective|p2a: Lil bro
|-damage|p2a: Lil bro|29/100
|move|p2a: Lil bro|Toxic|p1a: freak
|-status|p1a: freak|tox
|
|-weather|Sandstorm|[upkeep]
|-damage|p1a: freak|19/100 tox|[from] psn
|-status|p2a: Lil bro|tox|[from] item: Toxic Orb
|upkeep
|turn|7
|
|t:|1776039561
|move|p2a: Lil bro|Protect|p2a: Lil bro
|-singleturn|p2a: Lil bro|Protect
|move|p1a: freak|Ice Spinner|p2a: Lil bro
|-activate|p2a: Lil bro|move: Protect
|
|-weather|Sandstorm|[upkeep]
|-damage|p1a: freak|7/100 tox|[from] psn
|-heal|p2a: Lil bro|42/100 tox|[from] ability: Poison Heal
|upkeep
|turn|8
|
|t:|1776039574
|move|p1a: freak|Ice Spinner|p2a: Lil bro
|-supereffective|p2a: Lil bro
|-damage|p2a: Lil bro|0 fnt
|faint|p2a: Lil bro
|
|-weather|none
|-damage|p1a: freak|0 fnt|[from] psn
|faint|p1a: freak
|-end|p1a: freak|Protosynthesis|[silent]
|upkeep
|
|t:|1776039584
|switch|p1a: weird old geezer|Landorus-Therian, M|100/100
|switch|p2a: THE HONORED ONE|Pikachu, F|100/100
|-ability|p1a: weird old geezer|Intimidate|boost
|-unboost|p2a: THE HONORED ONE|atk|1
|turn|9
|
|t:|1776039590
|move|p2a: THE HONORED ONE|Fake Out|p1a: weird old geezer
|-damage|p1a: weird old geezer|93/100
|-damage|p2a: THE HONORED ONE|84/100|[from] item: Rocky Helmet|[of] p1a: weird old geezer
|cant|p1a: weird old geezer|flinch
|
|upkeep
|turn|10
|
|t:|1776039597
|move|p2a: THE HONORED ONE|Volt Tackle|p1a: weird old geezer
|-immune|p1a: weird old geezer
|move|p1a: weird old geezer|Earthquake|p2a: THE HONORED ONE
|-supereffective|p2a: THE HONORED ONE
|-damage|p2a: THE HONORED ONE|0 fnt
|faint|p2a: THE HONORED ONE
|
|upkeep
|
|t:|1776039604
|switch|p2a: useless boy|Ceruledge, M|100/100
|turn|11
|
|t:|1776039608
|move|p2a: useless boy|Swords Dance|p2a: useless boy
|-boost|p2a: useless boy|atk|2
|move|p1a: weird old geezer|Earthquake|p2a: useless boy
|-supereffective|p2a: useless boy
|-enditem|p2a: useless boy|Focus Sash
|-damage|p2a: useless boy|1/100
|-ability|p2a: useless boy|Weak Armor|boost
|-unboost|p2a: useless boy|def|1
|-boost|p2a: useless boy|spe|2
|
|upkeep
|turn|12
|
|t:|1776039618
|move|p2a: useless boy|Poltergeist|p1a: weird old geezer
|-activate|p1a: weird old geezer|move: Poltergeist|Rocky Helmet
|-damage|p1a: weird old geezer|3/100
|move|p1a: weird old geezer|Earthquake|p2a: useless boy
|-supereffective|p2a: useless boy
|-damage|p2a: useless boy|0 fnt
|faint|p2a: useless boy
|
|win|willothewisper
|raw|willothewisper's rating: 1180 &rarr; <strong>1203</strong><br />(+23 for winning)
|raw|nhmoula's rating: 1151 &rarr; <strong>1128</strong><br />(-23 for losing)
|l|☆nhmoula
|player|p2|
|l|☆willothewisper
|player|p1|
