|html|<div class="broadcast-blue"><strong>[Gen 9] OU is currently suspecting Tera Blast! For information on how to participate check out the <a href="https://www.smogon.com/tools/suspects/view/200">suspect thread</a>.</strong></div>
|j|☆NewAlambrito
|j|☆TOXICccccccccccccc
|t:|1776298343
|gametype|singles
|player|p1|NewAlambrito|2|1167
|player|p2|TOXICccccccccccccc|preschooler|1160
|gen|9
|tier|[Gen 9] OU
|rated|
|rule|HP Percentage Mod: HP is shown in percentages
|rule|Endless Battle Clause: Forcing endless battles is banned
|rule|Species Clause: Limit one of each Pokémon
|rule|OHKO Clause: OHKO moves are banned
|rule|Evasion Items Clause: Evasion items are banned
|rule|Evasion Moves Clause: Evasion moves are banned
|rule|Evasion Abilities Clause: Evasion abilities are banned
|rule|Sleep Moves Clause: Sleep-inducing moves are banned
|clearpoke
|poke|p1|Scizor, M|
|poke|p1|Garchomp, M|
|poke|p1|Raging Bolt|
|poke|p1|Amoonguss, F|
|poke|p1|Mienshao, F|
|poke|p1|Milotic, F|
|poke|p2|Glimmora, M|
|poke|p2|Salazzle, F|
|poke|p2|Pecharunt|
|poke|p2|Alomomola, F|
|poke|p2|Samurott-Hisui, M|
|poke|p2|Garchomp, M|
|teampreview
|inactive|Battle timer is ON: inactive players will automatically lose when time's up. (requested by TOXICccccccccccccc)
|
|t:|1776298359
|teamsize|p1|6
|teamsize|p2|6
|start
|switch|p1a: Scizor|Scizor, M|100/100
|switch|p2a: Glimmora|Glimmora, M|100/100
|turn|1
|
|t:|1776298364
|-terastallize|p2a: Glimmora|Bug
|move|p1a: Scizor|Bullet Punch|p2a: Glimmora
|-damage|p2a: Glimmora|56/100
|move|p2a: Glimmora|Toxic|p1a: Scizor
|-status|p1a: Scizor|tox
|
|-heal|p2a: Glimmora|62/100|[from] item: Leftovers
|-damage|p1a: Scizor|94/100 tox|[from] psn
|upkeep
|turn|2
|
|t:|1776298379
|switch|p2a: Alomomola|Alomomola, F|100/100
|switch|p1a: Garchomp|Garchomp, M|100/100
|
|upkeep
|turn|3
|
|t:|1776298395
|move|p1a: Garchomp|Stealth Rock|p2a: Alomomola
|-sidestart|p2: TOXICccccccccccccc|move: Stealth Rock
|move|p2a: Alomomola|Flip Turn|p1a: Garchomp
|-damage|p1a: Garchomp|87/100
|-damage|p2a: Alomomola|88/100|[from] ability: Rough Skin|[of] p1a: Garchomp
|-damage|p2a: Alomomola|71/100|[from] item: Rocky Helmet|[of] p1a: Garchomp
|
|t:|1776298401
|switch|p2a: Glimmora|Glimmora, M, tera:Bug|62/100|[from] Flip Turn
|-damage|p2a: Glimmora|37/100|[from] Stealth Rock
|
|-heal|p2a: Glimmora|43/100|[from] item: Leftovers
|upkeep
|turn|4
|
|t:|1776298411
|move|p1a: Garchomp|Fire Blast|p2a: Glimmora
|-supereffective|p2a: Glimmora
|-damage|p2a: Glimmora|9/100
|move|p2a: Glimmora|Toxic|p1a: Garchomp
|-status|p1a: Garchomp|tox
|
|-heal|p2a: Glimmora|15/100|[from] item: Leftovers
|-damage|p1a: Garchomp|81/100 tox|[from] psn
|upkeep
|turn|5
|
|t:|1776298416
|switch|p2a: Alomomola|Alomomola, F|100/100
|move|p1a: Garchomp|Scale Shot|p2a: Alomomola
|-damage|p2a: Alomomola|94/100
|-damage|p2a: Alomomola|87/100
|-hitcount|p2a: Alomomola|2
|-unboost|p1a: Garchomp|def|1
|-boost|p1a: Garchomp|spe|1
|
|-damage|p1a: Garchomp|69/100 tox|[from] psn
|upkeep
|turn|6
|
|t:|1776298429
|move|p1a: Garchomp|Earthquake|p2a: Alomomola
|-crit|p2a: Alomomola
|-damage|p2a: Alomomola|48/100
|move|p2a: Alomomola|Wish|p2a: Alomomola
|
|-damage|p1a: Garchomp|51/100 tox|[from] psn
|upkeep
|turn|7
|
|t:|1776298438
|move|p2a: Alomomola|Protect|p2a: Alomomola
|-singleturn|p2a: Alomomola|Protect
|move|p1a: Garchomp|Scale Shot|p2a: Alomomola
|-activate|p2a: Alomomola|move: Protect
|
|-heal|p2a: Alomomola|98/100|[from] move: Wish|[wisher] Alomomola
|-damage|p1a: Garchomp|27/100 tox|[from] psn
|upkeep
|turn|8
|
|t:|1776298447
|switch|p1a: Milotic|Milotic, F|100/100
|move|p2a: Alomomola|Flip Turn|p1a: Milotic
|-resisted|p1a: Milotic
|-damage|p1a: Milotic|93/100
|
|t:|1776298460
|switch|p2a: Pecharunt|Pecharunt|100/100|[from] Flip Turn
|-damage|p2a: Pecharunt|88/100|[from] Stealth Rock
|-item|p2a: Pecharunt|Air Balloon
|
|-status|p1a: Milotic|brn|[from] item: Flame Orb
|upkeep
|turn|9
|
|t:|1776298473
|move|p2a: Pecharunt|Parting Shot|p1a: Milotic
|-unboost|p1a: Milotic|atk|1
|-unboost|p1a: Milotic|spa|1
|
|t:|1776298477
|switch|p2a: Samurott|Samurott-Hisui, M|100/100|[from] Parting Shot
|-damage|p2a: Samurott|88/100|[from] Stealth Rock
|move|p1a: Milotic|Coil|p1a: Milotic
|-boost|p1a: Milotic|atk|1
|-boost|p1a: Milotic|def|1
|-boost|p1a: Milotic|accuracy|1
|
|-damage|p1a: Milotic|87/100 brn|[from] brn
|upkeep
|turn|10
|
|t:|1776298480
|move|p2a: Samurott|Ceaseless Edge|p1a: Milotic
|-damage|p1a: Milotic|65/100 brn
|-sidestart|p1: NewAlambrito|Spikes
|move|p1a: Milotic|Scald|p2a: Samurott
|-resisted|p2a: Samurott
|-damage|p2a: Samurott|75/100
|
|-damage|p1a: Milotic|59/100 brn|[from] brn
|upkeep
|turn|11
|
|t:|1776298484
|move|p2a: Samurott|Ceaseless Edge|p1a: Milotic
|-damage|p1a: Milotic|40/100 brn
|-sidestart|p1: NewAlambrito|Spikes
|move|p1a: Milotic|Scald|p2a: Samurott
|-resisted|p2a: Samurott
|-damage|p2a: Samurott|61/100
|
|-damage|p1a: Milotic|34/100 brn|[from] brn
|upkeep
|turn|12
|
|t:|1776298487
|move|p2a: Samurott|Ceaseless Edge|p1a: Milotic
|-damage|p1a: Milotic|15/100 brn
|-sidestart|p1: NewAlambrito|Spikes
|move|p1a: Milotic|Recover|p1a: Milotic
|-heal|p1a: Milotic|65/100 brn
|
|-damage|p1a: Milotic|59/100 brn|[from] brn
|upkeep
|turn|13
|
|t:|1776298490
|move|p2a: Samurott|Ceaseless Edge|p1a: Milotic
|-damage|p1a: Milotic|38/100 brn
|move|p1a: Milotic|Coil|p1a: Milotic
|-boost|p1a: Milotic|atk|1
|-boost|p1a: Milotic|def|1
|-boost|p1a: Milotic|accuracy|1
|
|-damage|p1a: Milotic|31/100 brn|[from] brn
|upkeep
|turn|14
|
|t:|1776298492
|move|p2a: Samurott|Ceaseless Edge|p1a: Milotic|[miss]
|-miss|p2a: Samurott|p1a: Milotic
|move|p1a: Milotic|Recover|p1a: Milotic
|-heal|p1a: Milotic|81/100 brn
|
|-damage|p1a: Milotic|75/100 brn|[from] brn
|upkeep
|turn|15
|
|t:|1776298495
|switch|p2a: Alomomola|Alomomola, F|100/100
|move|p1a: Milotic|Coil|p1a: Milotic
|-boost|p1a: Milotic|atk|1
|-boost|p1a: Milotic|def|1
|-boost|p1a: Milotic|accuracy|1
|
|-damage|p1a: Milotic|69/100 brn|[from] brn
|upkeep
|turn|16
|
|t:|1776298497
|move|p1a: Milotic|Scald|p2a: Alomomola
|-resisted|p2a: Alomomola
|-damage|p2a: Alomomola|90/100
|move|p2a: Alomomola|Flip Turn|p1a: Milotic
|-resisted|p1a: Milotic
|-damage|p1a: Milotic|67/100 brn
|
|t:|1776298503
|switch|p2a: Samurott|Samurott-Hisui, M|61/100|[from] Flip Turn
|-damage|p2a: Samurott|48/100|[from] Stealth Rock
|
|-damage|p1a: Milotic|61/100 brn|[from] brn
|upkeep
|turn|17
|
|t:|1776298507
|move|p2a: Samurott|Flip Turn|p1a: Milotic
|-resisted|p1a: Milotic
|-damage|p1a: Milotic|57/100 brn
|
|t:|1776298510
|switch|p2a: Alomomola|Alomomola, F|100/100|[from] Flip Turn
|move|p1a: Milotic|Coil|p1a: Milotic
|-boost|p1a: Milotic|atk|1
|-boost|p1a: Milotic|def|1
|-boost|p1a: Milotic|accuracy|1
|
|-damage|p1a: Milotic|51/100 brn|[from] brn
|upkeep
|turn|18
|
|t:|1776298513
|move|p1a: Milotic|Scald|p2a: Alomomola
|-resisted|p2a: Alomomola
|-damage|p2a: Alomomola|89/100
|move|p2a: Alomomola|Wish|p2a: Alomomola
|
|-damage|p1a: Milotic|45/100 brn|[from] brn
|upkeep
|turn|19
|
|t:|1776298518
|move|p1a: Milotic|Recover|p1a: Milotic
|-heal|p1a: Milotic|95/100 brn
|move|p2a: Alomomola|Flip Turn|p1a: Milotic
|-resisted|p1a: Milotic
|-damage|p1a: Milotic|93/100 brn
|
|t:|1776298520
|switch|p2a: Samurott|Samurott-Hisui, M|48/100|[from] Flip Turn
|-damage|p2a: Samurott|36/100|[from] Stealth Rock
|
|-heal|p2a: Samurott|100/100|[from] move: Wish|[wisher] Alomomola
|-damage|p1a: Milotic|87/100 brn|[from] brn
|upkeep
|turn|20
|
|t:|1776298523
|move|p2a: Samurott|Flip Turn|p1a: Milotic
|-resisted|p1a: Milotic
|-damage|p1a: Milotic|84/100 brn
|
|t:|1776298526
|switch|p2a: Alomomola|Alomomola, F|100/100|[from] Flip Turn
|move|p1a: Milotic|Scald|p2a: Alomomola
|-resisted|p2a: Alomomola
|-damage|p2a: Alomomola|90/100
|
|-damage|p1a: Milotic|78/100 brn|[from] brn
|upkeep
|turn|21
|
|t:|1776298532
|move|p1a: Milotic|Scald|p2a: Alomomola
|-resisted|p2a: Alomomola
|-damage|p2a: Alomomola|79/100
|move|p2a: Alomomola|Wish|p2a: Alomomola
|
|-damage|p1a: Milotic|72/100 brn|[from] brn
|upkeep
|turn|22
|
|t:|1776298537
|move|p1a: Milotic|Scald|p2a: Alomomola
|-resisted|p2a: Alomomola
|-damage|p2a: Alomomola|69/100
|-status|p2a: Alomomola|brn
|move|p2a: Alomomola|Flip Turn|p1a: Milotic
|-resisted|p1a: Milotic
|-damage|p1a: Milotic|71/100 brn
|
|t:|1776298540
|switch|p2a: Pecharunt|Pecharunt|88/100|[from] Flip Turn
|-damage|p2a: Pecharunt|76/100|[from] Stealth Rock
|-item|p2a: Pecharunt|Air Balloon
|
|-heal|p2a: Pecharunt|100/100|[from] move: Wish|[wisher] Alomomola
|-damage|p1a: Milotic|65/100 brn|[from] brn
|upkeep
|turn|23
|
|t:|1776298547
|move|p2a: Pecharunt|Parting Shot|p1a: Milotic
|-unboost|p1a: Milotic|atk|1
|-unboost|p1a: Milotic|spa|1
|
|t:|1776298550
|switch|p2a: Alomomola|Alomomola, F|100/100 brn|[from] Parting Shot
|move|p1a: Milotic|Scald|p2a: Alomomola
|-resisted|p2a: Alomomola
|-damage|p2a: Alomomola|92/100 brn
|
|-damage|p1a: Milotic|59/100 brn|[from] brn
|-damage|p2a: Alomomola|86/100 brn|[from] brn
|upkeep
|turn|24
|
|t:|1776298560
|switch|p1a: Amoonguss|Amoonguss, F|100/100
|-damage|p1a: Amoonguss|75/100|[from] Spikes
|move|p2a: Alomomola|Flip Turn|p1a: Amoonguss
|-resisted|p1a: Amoonguss
|-damage|p1a: Amoonguss|73/100
|
|t:|1776298569
|switch|p2a: Garchomp|Garchomp, M|100/100|[from] Flip Turn
|-damage|p2a: Garchomp|94/100|[from] Stealth Rock
|
|-heal|p1a: Amoonguss|79/100|[from] item: Black Sludge
|upkeep
|turn|25
|
|t:|1776298575
|switch|p1a: Garchomp|Garchomp, M|27/100 tox
|-damage|p1a: Garchomp|2/100 tox|[from] Spikes
|move|p2a: Garchomp|Substitute|p2a: Garchomp
|-start|p2a: Garchomp|Substitute
|-damage|p2a: Garchomp|69/100
|
|-damage|p1a: Garchomp|0 fnt|[from] psn
|faint|p1a: Garchomp
|upkeep
|
|t:|1776298583
|switch|p1a: Scizor|Scizor, M|94/100 tox
|-damage|p1a: Scizor|70/100 tox|[from] Spikes
|turn|26
|
|t:|1776298593
|-terastallize|p1a: Scizor|Normal
|move|p2a: Garchomp|Earthquake|p1a: Scizor
|-damage|p1a: Scizor|20/100 tox
|move|p1a: Scizor|Facade|p2a: Garchomp
|-crit|p2a: Garchomp
|-end|p2a: Garchomp|Substitute
|
|-damage|p1a: Scizor|14/100 tox|[from] psn
|upkeep
|turn|27
|
|t:|1776298605
|switch|p2a: Alomomola|Alomomola, F|100/100 brn
|move|p1a: Scizor|Facade|p2a: Alomomola
|-damage|p2a: Alomomola|36/100 brn
|
|-damage|p1a: Scizor|2/100 tox|[from] psn
|-damage|p2a: Alomomola|30/100 brn|[from] brn
|upkeep
|turn|28
|
|t:|1776298608
|move|p2a: Alomomola|Protect|p2a: Alomomola
|-singleturn|p2a: Alomomola|Protect
|move|p1a: Scizor|Facade|p2a: Alomomola
|-activate|p2a: Alomomola|move: Protect
|
|-damage|p1a: Scizor|0 fnt|[from] psn
|faint|p1a: Scizor
|-damage|p2a: Alomomola|23/100 brn|[from] brn
|upkeep
|
|t:|1776298613
|switch|p1a: Raging Bolt|Raging Bolt|100/100
|-damage|p1a: Raging Bolt|76/100|[from] Spikes
|turn|29
|
|t:|1776298621
|switch|p2a: Glimmora|Glimmora, M, tera:Bug|15/100
|-damage|p2a: Glimmora|0 fnt|[from] Stealth Rock
|faint|p2a: Glimmora
|move|p1a: Raging Bolt|Draco Meteor|p2: Glimmora|[notarget]
|-fail|p1a: Raging Bolt
|
|upkeep
|
|t:|1776298624
|switch|p2a: Garchomp|Garchomp, M|69/100
|-damage|p2a: Garchomp|63/100|[from] Stealth Rock
|turn|30
|
|t:|1776298627
|move|p2a: Garchomp|Earthquake|p1a: Raging Bolt
|-supereffective|p1a: Raging Bolt
|-damage|p1a: Raging Bolt|0 fnt
|faint|p1a: Raging Bolt
|-end|p1a: Raging Bolt|Protosynthesis|[silent]
|
|upkeep
|
|t:|1776298631
|switch|p1a: Mienshao|Mienshao, F|100/100
|-damage|p1a: Mienshao|76/100|[from] Spikes
|turn|31
|
|t:|1776298636
|switch|p2a: Pecharunt|Pecharunt|100/100
|-damage|p2a: Pecharunt|88/100|[from] Stealth Rock
|-item|p2a: Pecharunt|Air Balloon
|move|p1a: Mienshao|Triple Axel|p2a: Pecharunt|[miss]
|-miss|p1a: Mienshao|p2a: Pecharunt
|
|upkeep
|turn|32
|
|t:|1776298644
|move|p1a: Mienshao|U-turn|p2a: Pecharunt
|-resisted|p2a: Pecharunt
|-damage|p2a: Pecharunt|83/100
|-enditem|p2a: Pecharunt|Air Balloon
|-damage|p1a: Mienshao|66/100|[from] item: Life Orb
|-message|NewAlambrito forfeited.
|
|win|TOXICccccccccccccc
|raw|NewAlambrito's rating: 1167 &rarr; <strong>1141</strong><br />(-26 for losing)
|raw|TOXICccccccccccccc's rating: 1160 &rarr; <strong>1186</strong><br />(+26 for winning)
|l|☆NewAlambrito
|player|p1|
