|html|<div class="broadcast-blue"><strong>[Gen 9] OU is currently suspecting Tera Blast! For information on how to participate check out the <a href="https://www.smogon.com/tools/suspects/view/200">suspect thread</a>.</strong></div>
|j|☆Rgb69rgb
|j|☆tjz222
|t:|1776076234
|gametype|singles
|player|p1|Rgb69rgb|n|1128
|player|p2|tjz222|266|1116
|gen|9
|tier|[Gen 9] OU
|rated|
|rule|HP Percentage Mod: HP is shown in percentages
|rule|Endless Battle Clause: Forcing endless battles is banned
|rule|Species Clause: Limit one of each Pokémon
|rule|OHKO Clause: OHKO moves are banned
|rule|Evasion Items Clause: Evasion items are banned
|rule|Evasion Moves Clause: Evasion moves are banned
|rule|Evasion Abilities Clause: Evasion abilities are banned
|rule|Sleep Moves Clause: Sleep-inducing moves are banned
|clearpoke
|poke|p1|Feraligatr, M|
|poke|p1|Ludicolo, F|
|poke|p1|Pawmot, F|
|poke|p1|Diancie|
|poke|p1|Latios, M|
|poke|p1|Cramorant, M|
|poke|p2|Dragonite, F|
|poke|p2|Dondozo, F|
|poke|p2|Tyranitar, F|
|poke|p2|Darkrai|
|poke|p2|Skeledirge, M|
|poke|p2|Kingambit, M|
|teampreview
|inactive|Battle timer is ON: inactive players will automatically lose when time's up. (requested by Rgb69rgb)
|
|t:|1776076258
|teamsize|p1|6
|teamsize|p2|6
|start
|switch|p1a: Ludicolo|Ludicolo, F|100/100
|switch|p2a: Darkrai|Darkrai|100/100
|turn|1
|
|t:|1776076283
|move|p2a: Darkrai|Nasty Plot|p2a: Darkrai
|-boost|p2a: Darkrai|spa|2
|move|p1a: Ludicolo|Rain Dance|p1a: Ludicolo
|-weather|RainDance
|
|-weather|RainDance|[upkeep]
|upkeep
|turn|2
|
|t:|1776076291
|move|p1a: Ludicolo|Hydro Pump|p2a: Darkrai
|-enditem|p2a: Darkrai|Focus Sash
|-damage|p2a: Darkrai|1/100
|-damage|p1a: Ludicolo|91/100|[from] item: Life Orb
|move|p2a: Darkrai|Dark Pulse|p1a: Ludicolo
|-damage|p1a: Ludicolo|0 fnt
|faint|p1a: Ludicolo
|
|-weather|RainDance|[upkeep]
|upkeep
|
|t:|1776076304
|switch|p1a: Diancie|Diancie|100/100
|turn|3
|
|t:|1776076310
|move|p2a: Darkrai|Sludge Bomb|p1a: Diancie
|-damage|p1a: Diancie|54/100
|move|p1a: Diancie|Diamond Storm|p2a: Darkrai
|-damage|p2a: Darkrai|0 fnt
|faint|p2a: Darkrai
|
|-weather|RainDance|[upkeep]
|-heal|p1a: Diancie|60/100|[from] item: Leftovers
|upkeep
|
|t:|1776076324
|switch|p2a: Dondozo|Dondozo, F|100/100
|turn|4
|
|t:|1776076342
|move|p1a: Diancie|Moonblast|p2a: Dondozo
|-damage|p2a: Dondozo|57/100
|move|p2a: Dondozo|Curse|p2a: Dondozo
|-unboost|p2a: Dondozo|spe|1
|-boost|p2a: Dondozo|atk|1
|-boost|p2a: Dondozo|def|1
|
|-weather|RainDance|[upkeep]
|-heal|p1a: Diancie|66/100|[from] item: Leftovers
|-heal|p2a: Dondozo|63/100|[from] item: Leftovers
|upkeep
|turn|5
|
|t:|1776076358
|move|p1a: Diancie|Moonblast|p2a: Dondozo
|-damage|p2a: Dondozo|17/100
|-unboost|p2a: Dondozo|spa|1
|move|p2a: Dondozo|Body Press|p1a: Diancie
|-damage|p1a: Diancie|32/100
|
|-weather|none
|-heal|p1a: Diancie|38/100|[from] item: Leftovers
|-heal|p2a: Dondozo|23/100|[from] item: Leftovers
|upkeep
|turn|6
|
|t:|1776076370
|switch|p2a: Tyranitar|Tyranitar, F|100/100
|-weather|Sandstorm|[from] ability: Sand Stream|[of] p2a: Tyranitar
|move|p1a: Diancie|Moonblast|p2a: Tyranitar
|-supereffective|p2a: Tyranitar
|-damage|p2a: Tyranitar|70/100
|-unboost|p2a: Tyranitar|spa|1
|
|-weather|Sandstorm|[upkeep]
|-heal|p1a: Diancie|44/100|[from] item: Leftovers
|upkeep
|turn|7
|inactive|Rgb69rgb has 120 seconds left.
|
|t:|1776076416
|move|p2a: Tyranitar|Stone Edge|p1a: Diancie|[miss]
|-miss|p2a: Tyranitar|p1a: Diancie
|move|p1a: Diancie|Moonblast|p2a: Tyranitar
|-supereffective|p2a: Tyranitar
|-crit|p2a: Tyranitar
|-damage|p2a: Tyranitar|19/100
|
|-weather|Sandstorm|[upkeep]
|-heal|p1a: Diancie|50/100|[from] item: Leftovers
|upkeep
|turn|8
|inactive|tjz222 has 120 seconds left.
|
|t:|1776076450
|move|p2a: Tyranitar|Earthquake|p1a: Diancie
|-supereffective|p1a: Diancie
|-damage|p1a: Diancie|0 fnt
|faint|p1a: Diancie
|
|-weather|Sandstorm|[upkeep]
|upkeep
|
|t:|1776076456
|switch|p1a: Cramorant|Cramorant, M|100/100
|turn|9
|
|t:|1776076463
|move|p1a: Cramorant|Surf|p2a: Tyranitar
|-formechange|p1a: Cramorant|Cramorant-Gulping|
|-supereffective|p2a: Tyranitar
|-damage|p2a: Tyranitar|0 fnt
|faint|p2a: Tyranitar
|
|-weather|Sandstorm|[upkeep]
|-damage|p1a: Cramorant|94/100|[from] Sandstorm
|upkeep
|
|t:|1776076472
|switch|p2a: Dragonite|Dragonite, F|100/100
|turn|10
|inactive|tjz222 has 120 seconds left.
|l|☆tjz222
|inactive|tjz222 disconnected and has a minute to reconnect!
|player|p2|
|inactive|tjz222 has 30 seconds to reconnect!
|inactive|tjz222 has 20 seconds to reconnect!
|inactive|tjz222 has 15 seconds to reconnect!
|inactive|tjz222 has 10 seconds to reconnect!
|inactive|tjz222 has 5 seconds to reconnect!
|-message|tjz222 lost due to inactivity.
|
|win|Rgb69rgb
|raw|Rgb69rgb's rating: 1128 &rarr; <strong>1152</strong><br />(+24 for winning)
|raw|tjz222's rating: 1116 &rarr; <strong>1092</strong><br />(-24 for losing)
|l|☆Rgb69rgb
|player|p1|
