|html|<div class="broadcast-blue"><strong>[Gen 9] OU is currently suspecting Tera Blast! For information on how to participate check out the <a href="https://www.smogon.com/tools/suspects/view/200">suspect thread</a>.</strong></div>
|j|☆redcted
|j|☆Payomatic
|t:|1776080274
|gametype|singles
|player|p1|redcted|265|1348
|player|p2|Payomatic|102|1309
|gen|9
|tier|[Gen 9] OU
|rated|
|rule|HP Percentage Mod: HP is shown in percentages
|rule|Endless Battle Clause: Forcing endless battles is banned
|rule|Species Clause: Limit one of each Pokémon
|rule|OHKO Clause: OHKO moves are banned
|rule|Evasion Items Clause: Evasion items are banned
|rule|Evasion Moves Clause: Evasion moves are banned
|rule|Evasion Abilities Clause: Evasion abilities are banned
|rule|Sleep Moves Clause: Sleep-inducing moves are banned
|clearpoke
|poke|p1|Breloom, F|
|poke|p1|Weezing-Galar, M|
|poke|p1|Heatran, F|
|poke|p1|Gliscor, F|
|poke|p1|Gholdengo|
|poke|p1|Iron Valiant|
|poke|p2|Alomomola, F|
|poke|p2|Cryogonal|
|poke|p2|Persian, F|
|poke|p2|Clefable, F|
|poke|p2|Samurott-Hisui, F|
|poke|p2|Iron Valiant|
|teampreview
|j| yigitkayraa
|
|t:|1776080282
|teamsize|p1|6
|teamsize|p2|6
|start
|switch|p1a: Breloom|Breloom, F|100/100
|switch|p2a: Persian|Persian, F|100/100
|turn|1
|
|t:|1776080286
|-terastallize|p2a: Persian|Normal
|move|p1a: Breloom|Protect|p1a: Breloom
|-singleturn|p1a: Breloom|Protect
|move|p2a: Persian|Fake Out|p1a: Breloom
|-activate|p1a: Breloom|move: Protect
|
|-status|p1a: Breloom|tox|[from] item: Toxic Orb
|upkeep
|turn|2
|
|t:|1776080300
|move|p2a: Persian|Double-Edge|p1a: Breloom
|-damage|p1a: Breloom|7/100 tox
|-damage|p2a: Persian|64/100|[from] Recoil
|-damage|p2a: Persian|54/100|[from] item: Life Orb
|move|p1a: Breloom|Leech Seed|p2a: Persian
|-start|p2a: Persian|move: Leech Seed
|
|-damage|p2a: Persian|41/100|[from] Leech Seed|[of] p1a: Breloom
|-heal|p1a: Breloom|17/100 tox|[silent]
|-heal|p1a: Breloom|30/100 tox|[from] ability: Poison Heal
|upkeep
|turn|3
|
|t:|1776080309
|move|p1a: Breloom|Protect|p1a: Breloom
|-singleturn|p1a: Breloom|Protect
|move|p2a: Persian|Feint|p1a: Breloom
|-activate|p1a: Breloom|move: Feint
|-damage|p1a: Breloom|0 fnt
|faint|p1a: Breloom
|-damage|p2a: Persian|31/100|[from] item: Life Orb
|
|upkeep
|
|t:|1776080323
|switch|p1a: Iron Valiant|Iron Valiant|100/100
|-enditem|p1a: Iron Valiant|Booster Energy
|-activate|p1a: Iron Valiant|ability: Quark Drive|[fromitem]
|-start|p1a: Iron Valiant|quarkdrivespe
|turn|4
|
|t:|1776080332
|switch|p2a: Clefable|Clefable, F|100/100
|move|p1a: Iron Valiant|Moonblast|p2a: Clefable
|-damage|p2a: Clefable|72/100
|
|-heal|p2a: Clefable|78/100|[from] item: Leftovers
|upkeep
|turn|5
|
|t:|1776080338
|-end|p1a: Iron Valiant|Quark Drive|[silent]
|switch|p1a: Heatran|Heatran, F|100/100
|move|p2a: Clefable|Moonblast|p1a: Heatran
|-resisted|p1a: Heatran
|-damage|p1a: Heatran|95/100
|-unboost|p1a: Heatran|spa|1
|
|-heal|p1a: Heatran|100/100|[from] item: Leftovers
|-heal|p2a: Clefable|84/100|[from] item: Leftovers
|upkeep
|turn|6
|
|t:|1776080344
|move|p1a: Heatran|Stealth Rock|p2a: Clefable
|-sidestart|p2: Payomatic|move: Stealth Rock
|move|p2a: Clefable|Thunder Wave|p1a: Heatran
|-status|p1a: Heatran|par
|
|-heal|p2a: Clefable|90/100|[from] item: Leftovers
|upkeep
|turn|7
|
|t:|1776080347
|switch|p2a: Cryogonal|Cryogonal|100/100
|-damage|p2a: Cryogonal|76/100|[from] Stealth Rock
|move|p1a: Heatran|Magma Storm|p2a: Cryogonal|[miss]
|-miss|p1a: Heatran|p2a: Cryogonal
|
|upkeep
|turn|8
|
|t:|1776080353
|move|p2a: Cryogonal|Rapid Spin|p1a: Heatran
|-resisted|p1a: Heatran
|-damage|p1a: Heatran|98/100 par
|-boost|p2a: Cryogonal|spe|1
|-sideend|p2: Payomatic|Stealth Rock|[from] move: Rapid Spin|[of] p2a: Cryogonal
|move|p1a: Heatran|Magma Storm|p2a: Cryogonal|[miss]
|-miss|p1a: Heatran|p2a: Cryogonal
|
|-heal|p1a: Heatran|100/100 par|[from] item: Leftovers
|upkeep
|turn|9
|
|t:|1776080359
|switch|p2a: Samurott|Samurott-Hisui, F|100/100
|move|p1a: Heatran|Stealth Rock|p2a: Samurott
|-sidestart|p2: Payomatic|move: Stealth Rock
|
|upkeep
|turn|10
|
|t:|1776080363
|switch|p1a: Weezing|Weezing-Galar, M|100/100
|move|p2a: Samurott|Razor Shell|p1a: Weezing
|-damage|p1a: Weezing|65/100
|-damage|p2a: Samurott|84/100|[from] item: Rocky Helmet|[of] p1a: Weezing
|
|upkeep
|turn|11
|
|t:|1776080372
|move|p2a: Samurott|Razor Shell|p1a: Weezing
|-damage|p1a: Weezing|28/100
|-unboost|p1a: Weezing|def|1
|-damage|p2a: Samurott|67/100|[from] item: Rocky Helmet|[of] p1a: Weezing
|move|p1a: Weezing|Strange Steam|p2a: Samurott
|-supereffective|p2a: Samurott
|-crit|p2a: Samurott
|-damage|p2a: Samurott|0 fnt
|faint|p2a: Samurott
|
|upkeep
|
|t:|1776080389
|switch|p2a: Persian|Persian, F, tera:Normal|31/100
|-damage|p2a: Persian|19/100|[from] Stealth Rock
|turn|12
|
|t:|1776080394
|move|p2a: Persian|Bite|p1a: Weezing
|-resisted|p1a: Weezing
|-damage|p1a: Weezing|15/100
|-damage|p2a: Persian|3/100|[from] item: Rocky Helmet|[of] p1a: Weezing
|-damage|p2a: Persian|0 fnt|[from] item: Life Orb
|faint|p2a: Persian
|move|p1a: Weezing|Toxic Spikes|p2: Persian
|-sidestart|p2: Payomatic|move: Toxic Spikes
|
|upkeep
|
|t:|1776080403
|switch|p2a: Cryogonal|Cryogonal|76/100
|-damage|p2a: Cryogonal|51/100|[from] Stealth Rock
|turn|13
|
|t:|1776080410
|switch|p1a: Heatran|Heatran, F|100/100 par
|move|p2a: Cryogonal|Rapid Spin|p1a: Heatran
|-resisted|p1a: Heatran
|-damage|p1a: Heatran|98/100 par
|-boost|p2a: Cryogonal|spe|1
|-sideend|p2: Payomatic|Toxic Spikes|[from] move: Rapid Spin|[of] p2a: Cryogonal
|-sideend|p2: Payomatic|Stealth Rock|[from] move: Rapid Spin|[of] p2a: Cryogonal
|
|-heal|p1a: Heatran|100/100 par|[from] item: Leftovers
|upkeep
|turn|14
|
|t:|1776080413
|switch|p2a: Iron Valiant|Iron Valiant|100/100
|-enditem|p2a: Iron Valiant|Booster Energy
|-activate|p2a: Iron Valiant|ability: Quark Drive|[fromitem]
|-start|p2a: Iron Valiant|quarkdrivespe
|move|p1a: Heatran|Magma Storm|p2a: Iron Valiant
|-damage|p2a: Iron Valiant|23/100
|-activate|p2a: Iron Valiant|move: Magma Storm|[of] p1a: Heatran
|
|-damage|p2a: Iron Valiant|10/100|[from] move: Magma Storm|[partiallytrapped]
|upkeep
|turn|15
|
|t:|1776080422
|cant|p1a: Heatran|par
|move|p2a: Iron Valiant|Close Combat|p1a: Heatran
|-supereffective|p1a: Heatran
|-damage|p1a: Heatran|0 fnt
|-unboost|p2a: Iron Valiant|def|1
|-unboost|p2a: Iron Valiant|spd|1
|faint|p1a: Heatran
|
|-end|p2a: Iron Valiant|Magma Storm|[partiallytrapped]|[silent]
|upkeep
|
|t:|1776080426
|switch|p1a: Gliscor|Gliscor, F|100/100
|turn|16
|
|t:|1776080433
|move|p2a: Iron Valiant|Ice Punch|p1a: Gliscor
|-supereffective|p1a: Gliscor
|-damage|p1a: Gliscor|21/100
|move|p1a: Gliscor|Earthquake|p2a: Iron Valiant
|-damage|p2a: Iron Valiant|0 fnt
|faint|p2a: Iron Valiant
|-end|p2a: Iron Valiant|Quark Drive|[silent]
|
|-status|p1a: Gliscor|tox|[from] item: Toxic Orb
|upkeep
|
|t:|1776080443
|switch|p2a: Clefable|Clefable, F|90/100
|turn|17
|
|t:|1776080447
|move|p1a: Gliscor|Protect|p1a: Gliscor
|-singleturn|p1a: Gliscor|Protect
|move|p2a: Clefable|Moonblast|p1a: Gliscor
|-activate|p1a: Gliscor|move: Protect
|
|-heal|p2a: Clefable|96/100|[from] item: Leftovers
|-heal|p1a: Gliscor|33/100 tox|[from] ability: Poison Heal
|upkeep
|turn|18
|
|t:|1776080451
|switch|p1a: Gholdengo|Gholdengo|100/100
|-item|p1a: Gholdengo|Air Balloon
|move|p2a: Clefable|Moonblast|p1a: Gholdengo
|-resisted|p1a: Gholdengo
|-damage|p1a: Gholdengo|85/100
|-enditem|p1a: Gholdengo|Air Balloon
|
|-heal|p2a: Clefable|100/100|[from] item: Leftovers
|upkeep
|turn|19
|
|t:|1776080454
|move|p1a: Gholdengo|Thunder Wave|p2a: Clefable
|-status|p2a: Clefable|par
|move|p2a: Clefable|Fire Blast|p1a: Gholdengo|[miss]
|-miss|p2a: Clefable|p1a: Gholdengo
|
|upkeep
|turn|20
|
|t:|1776080459
|move|p1a: Gholdengo|Make It Rain|p2a: Clefable
|-supereffective|p2a: Clefable
|-damage|p2a: Clefable|29/100 par
|-unboost|p1a: Gholdengo|spa|1
|move|p2a: Clefable|Fire Blast|p1a: Gholdengo
|-supereffective|p1a: Gholdengo
|-damage|p1a: Gholdengo|36/100
|
|-heal|p2a: Clefable|35/100 par|[from] item: Leftovers
|upkeep
|turn|21
|
|t:|1776080464
|switch|p2a: Alomomola|Alomomola, F|100/100
|move|p1a: Gholdengo|Make It Rain|p2a: Alomomola
|-resisted|p2a: Alomomola
|-damage|p2a: Alomomola|81/100
|-unboost|p1a: Gholdengo|spa|1
|
|upkeep
|turn|22
|
|t:|1776080469
|move|p1a: Gholdengo|Recover|p1a: Gholdengo
|-heal|p1a: Gholdengo|86/100
|move|p2a: Alomomola|Wish|p2a: Alomomola
|
|upkeep
|turn|23
|
|t:|1776080472
|move|p1a: Gholdengo|Hex|p2a: Alomomola
|-damage|p2a: Alomomola|65/100
|move|p2a: Alomomola|Flip Turn|p1a: Gholdengo
|-damage|p1a: Gholdengo|76/100
|
|t:|1776080475
|switch|p2a: Clefable|Clefable, F|35/100 par|[from] Flip Turn
|
|-heal|p2a: Clefable|100/100 par|[from] move: Wish|[wisher] Alomomola
|upkeep
|turn|24
|
|t:|1776080478
|switch|p1a: Weezing|Weezing-Galar, M|15/100
|move|p2a: Clefable|Fire Blast|p1a: Weezing|[miss]
|-miss|p2a: Clefable|p1a: Weezing
|
|upkeep
|turn|25
|
|t:|1776080481
|move|p1a: Weezing|Toxic Spikes|p2a: Clefable
|-sidestart|p2: Payomatic|move: Toxic Spikes
|cant|p2a: Clefable|par
|
|upkeep
|turn|26
|
|t:|1776080491
|move|p1a: Weezing|Strange Steam|p2a: Clefable
|-damage|p2a: Clefable|82/100 par
|cant|p2a: Clefable|par
|
|-heal|p2a: Clefable|88/100 par|[from] item: Leftovers
|upkeep
|turn|27
|
|t:|1776080510
|switch|p1a: Gliscor|Gliscor, F|33/100 tox
|move|p2a: Clefable|Fire Blast|p1a: Gliscor
|-damage|p1a: Gliscor|14/100 tox
|
|-heal|p2a: Clefable|94/100 par|[from] item: Leftovers
|-heal|p1a: Gliscor|27/100 tox|[from] ability: Poison Heal
|upkeep
|turn|28
|
|t:|1776080518
|move|p1a: Gliscor|Protect|p1a: Gliscor
|-singleturn|p1a: Gliscor|Protect
|move|p2a: Clefable|Moonblast|p1a: Gliscor
|-activate|p1a: Gliscor|move: Protect
|
|-heal|p2a: Clefable|99/100 par|[from] item: Leftovers
|-heal|p1a: Gliscor|39/100 tox|[from] ability: Poison Heal
|upkeep
|turn|29
|
|t:|1776080523
|switch|p1a: Gholdengo|Gholdengo|76/100
|move|p2a: Clefable|Moonblast|p1a: Gholdengo
|-resisted|p1a: Gholdengo
|-damage|p1a: Gholdengo|62/100
|-unboost|p1a: Gholdengo|spa|1
|
|-heal|p2a: Clefable|100/100 par|[from] item: Leftovers
|upkeep
|turn|30
|
|t:|1776080530
|-terastallize|p1a: Gholdengo|Fairy
|move|p1a: Gholdengo|Recover|p1a: Gholdengo
|-heal|p1a: Gholdengo|100/100
|move|p2a: Clefable|Fire Blast|p1a: Gholdengo
|-damage|p1a: Gholdengo|75/100
|
|upkeep
|turn|31
|
|t:|1776080534
|move|p1a: Gholdengo|Make It Rain|p2a: Clefable
|-supereffective|p2a: Clefable
|-damage|p2a: Clefable|35/100 par
|-unboost|p1a: Gholdengo|spa|1
|cant|p2a: Clefable|par
|
|-heal|p2a: Clefable|41/100 par|[from] item: Leftovers
|upkeep
|turn|32
|
|t:|1776080542
|switch|p2a: Alomomola|Alomomola, F|98/100
|-status|p2a: Alomomola|psn
|move|p1a: Gholdengo|Thunder Wave||[still]
|-fail|p1a: Gholdengo
|
|-damage|p2a: Alomomola|86/100 psn|[from] psn
|upkeep
|turn|33
|
|t:|1776080549
|switch|p1a: Gliscor|Gliscor, F|39/100 tox
|move|p2a: Alomomola|Wish|p2a: Alomomola
|
|-heal|p1a: Gliscor|52/100 tox|[from] ability: Poison Heal
|-damage|p2a: Alomomola|74/100 psn|[from] psn
|upkeep
|turn|34
|
|t:|1776080551
|move|p1a: Gliscor|Knock Off|p2a: Alomomola
|-damage|p2a: Alomomola|62/100 psn
|-damage|p1a: Gliscor|35/100 tox|[from] item: Rocky Helmet|[of] p2a: Alomomola
|-enditem|p2a: Alomomola|Rocky Helmet|[from] move: Knock Off|[of] p1a: Gliscor
|move|p2a: Alomomola|Flip Turn|p1a: Gliscor
|-supereffective|p1a: Gliscor
|-damage|p1a: Gliscor|11/100 tox
|
|t:|1776080556
|switch|p2a: Cryogonal|Cryogonal|51/100|[from] Flip Turn
|
|-heal|p2a: Cryogonal|100/100|[from] move: Wish|[wisher] Alomomola
|-heal|p1a: Gliscor|24/100 tox|[from] ability: Poison Heal
|upkeep
|turn|35
|
|t:|1776080564
|switch|p1a: Gholdengo|Gholdengo, tera:Fairy|75/100
|move|p2a: Cryogonal|Flash Cannon|p1a: Gholdengo
|-supereffective|p1a: Gholdengo
|-damage|p1a: Gholdengo|8/100
|
|upkeep
|turn|36
|
|t:|1776080575
|switch|p1a: Gliscor|Gliscor, F|24/100 tox
|move|p2a: Cryogonal|Flash Cannon|p1a: Gliscor
|-damage|p1a: Gliscor|0 fnt
|faint|p1a: Gliscor
|
|upkeep
|
|t:|1776080576
|switch|p1a: Iron Valiant|Iron Valiant|100/100
|turn|37
|
|t:|1776080579
|move|p1a: Iron Valiant|Close Combat|p2a: Cryogonal
|-supereffective|p2a: Cryogonal
|-damage|p2a: Cryogonal|0 fnt
|-unboost|p1a: Iron Valiant|def|1
|-unboost|p1a: Iron Valiant|spd|1
|faint|p2a: Cryogonal
|
|upkeep
|
|t:|1776080585
|switch|p2a: Alomomola|Alomomola, F|96/100 psn
|turn|38
|
|t:|1776080593
|-end|p1a: Iron Valiant|Quark Drive|[silent]
|switch|p1a: Weezing|Weezing-Galar, M|15/100
|move|p2a: Alomomola|Scald|p1a: Weezing
|-damage|p1a: Weezing|0 fnt
|faint|p1a: Weezing
|
|-damage|p2a: Alomomola|83/100 psn|[from] psn
|upkeep
|
|t:|1776080596
|switch|p1a: Iron Valiant|Iron Valiant|100/100
|turn|39
|
|t:|1776080600
|move|p1a: Iron Valiant|Moonblast|p2a: Alomomola
|-damage|p2a: Alomomola|30/100 psn
|move|p2a: Alomomola|Scald|p1a: Iron Valiant
|-damage|p1a: Iron Valiant|75/100
|
|-damage|p2a: Alomomola|18/100 psn|[from] psn
|upkeep
|turn|40
|inactive|Battle timer is ON: inactive players will automatically lose when time's up. (requested by redcted)
|
|t:|1776080609
|switch|p2a: Clefable|Clefable, F|41/100 par
|move|p1a: Iron Valiant|Moonblast|p2a: Clefable
|-damage|p2a: Clefable|7/100 par
|
|-heal|p2a: Clefable|13/100 par|[from] item: Leftovers
|upkeep
|turn|41
|
|t:|1776080614
|move|p1a: Iron Valiant|Moonblast|p2a: Clefable
|-damage|p2a: Clefable|0 fnt
|faint|p2a: Clefable
|
|upkeep
|
|t:|1776080615
|switch|p2a: Alomomola|Alomomola, F|51/100 psn
|turn|42
|
|t:|1776080617
|move|p1a: Iron Valiant|Moonblast|p2a: Alomomola
|-damage|p2a: Alomomola|0 fnt
|faint|p2a: Alomomola
|
|win|redcted
|raw|redcted's rating: 1348 &rarr; <strong>1366</strong><br />(+18 for winning)
|raw|Payomatic's rating: 1309 &rarr; <strong>1291</strong><br />(-18 for losing)
|l|☆Payomatic
|player|p2|
