|html|<div class="broadcast-blue"><strong>[Gen 9] OU is currently suspecting Tera Blast! For information on how to participate check out the <a href="https://www.smogon.com/tools/suspects/view/200">suspect thread</a>.</strong></div>
|j|☆redani
|j|☆lokitheasgard
|t:|1776043982
|gametype|singles
|player|p1|redani|1|1111
|player|p2|lokitheasgard|265|1126
|gen|9
|tier|[Gen 9] OU
|rated|
|rule|HP Percentage Mod: HP is shown in percentages
|rule|Endless Battle Clause: Forcing endless battles is banned
|rule|Species Clause: Limit one of each Pokémon
|rule|OHKO Clause: OHKO moves are banned
|rule|Evasion Items Clause: Evasion items are banned
|rule|Evasion Moves Clause: Evasion moves are banned
|rule|Evasion Abilities Clause: Evasion abilities are banned
|rule|Sleep Moves Clause: Sleep-inducing moves are banned
|clearpoke
|poke|p1|Ogerpon-Wellspring, F|
|poke|p1|Pelipper, M|
|poke|p1|Barraskewda, M|
|poke|p1|Kingdra, F|
|poke|p1|Manaphy|
|poke|p1|Gastrodon, M|
|poke|p2|Gliscor, M|
|poke|p2|Torkoal, M|
|poke|p2|Leavanny, F|
|poke|p2|Great Tusk|
|poke|p2|Slowking-Galar, F|
|poke|p2|Rampardos, F|
|teampreview
|
|t:|1776043990
|teamsize|p1|6
|teamsize|p2|6
|start
|switch|p1a: Pelipper|Pelipper, M|100/100
|switch|p2a: Torkoal|Torkoal, M|100/100
|-weather|RainDance|[from] ability: Drizzle|[of] p1a: Pelipper
|-weather|SunnyDay|[from] ability: Drought|[of] p2a: Torkoal
|turn|1
|
|t:|1776044009
|switch|p1a: Gastrodon|Gastrodon, M|100/100
|move|p2a: Torkoal|Solar Beam||[still]
|-prepare|p2a: Torkoal|Solar Beam
|-anim|p2a: Torkoal|Solar Beam|p1a: Gastrodon
|-supereffective|p1a: Gastrodon
|-damage|p1a: Gastrodon|0 fnt
|faint|p1a: Gastrodon
|
|-weather|SunnyDay|[upkeep]
|upkeep
|
|t:|1776044016
|switch|p1a: Pelipper|Pelipper, M|100/100
|-weather|RainDance|[from] ability: Drizzle|[of] p1a: Pelipper
|turn|2
|
|t:|1776044025
|switch|p2a: Slowking|Slowking-Galar, F, shiny|100/100
|move|p1a: Pelipper|Hurricane|p2a: Slowking
|-damage|p2a: Slowking|56/100
|
|-weather|RainDance|[upkeep]
|-heal|p2a: Slowking|62/100|[from] item: Leftovers
|upkeep
|turn|3
|
|t:|1776044035
|move|p1a: Pelipper|U-turn|p2a: Slowking
|-damage|p2a: Slowking|56/100
|
|t:|1776044040
|switch|p1a: Manaphy|Manaphy|100/100|[from] U-turn
|move|p2a: Slowking|Toxic|p1a: Manaphy
|-status|p1a: Manaphy|tox
|
|-weather|RainDance|[upkeep]
|-activate|p1a: Manaphy|ability: Hydration
|-curestatus|p1a: Manaphy|tox|[msg]
|-heal|p2a: Slowking|62/100|[from] item: Leftovers
|upkeep
|turn|4
|
|t:|1776044053
|switch|p2a: Torkoal|Torkoal, M|100/100
|-weather|SunnyDay|[from] ability: Drought|[of] p2a: Torkoal
|move|p1a: Manaphy|Tail Glow|p1a: Manaphy
|-boost|p1a: Manaphy|spa|3
|
|-weather|SunnyDay|[upkeep]
|upkeep
|turn|5
|
|t:|1776044067
|switch|p2a: Slowking|Slowking-Galar, F, shiny|95/100
|-terastallize|p1a: Manaphy|Water
|move|p1a: Manaphy|Scald|p2a: Slowking
|-damage|p2a: Slowking|42/100
|-status|p2a: Slowking|brn
|
|-weather|SunnyDay|[upkeep]
|-heal|p2a: Slowking|48/100 brn|[from] item: Leftovers
|-damage|p2a: Slowking|42/100 brn|[from] brn
|upkeep
|turn|6
|
|t:|1776044081
|move|p1a: Manaphy|Energy Ball|p2a: Slowking
|-resisted|p2a: Slowking
|-damage|p2a: Slowking|13/100 brn
|move|p2a: Slowking|Toxic|p1a: Manaphy
|-status|p1a: Manaphy|tox
|
|-weather|SunnyDay|[upkeep]
|-heal|p2a: Slowking|20/100 brn|[from] item: Leftovers
|-damage|p1a: Manaphy|94/100 tox|[from] psn
|-damage|p2a: Slowking|13/100 brn|[from] brn
|upkeep
|turn|7
|
|t:|1776044093
|switch|p2a: Leavanny|Leavanny, F|100/100
|move|p1a: Manaphy|Scald|p2a: Leavanny
|-resisted|p2a: Leavanny
|-damage|p2a: Leavanny|57/100
|
|-weather|SunnyDay|[upkeep]
|-heal|p1a: Manaphy|100/100 tox|[from] item: Leftovers
|-damage|p1a: Manaphy|88/100 tox|[from] psn
|upkeep
|turn|8
|
|t:|1776044103
|move|p2a: Leavanny|Sticky Web|p1a: Manaphy
|-sidestart|p1: redani|move: Sticky Web
|move|p1a: Manaphy|Ice Beam|p2a: Leavanny
|-supereffective|p2a: Leavanny
|-damage|p2a: Leavanny|0 fnt
|faint|p2a: Leavanny
|
|-weather|none
|-heal|p1a: Manaphy|94/100 tox|[from] item: Leftovers
|-damage|p1a: Manaphy|76/100 tox|[from] psn
|upkeep
|
|t:|1776044113
|switch|p2a: Slowking|Slowking-Galar, F, shiny|47/100 brn
|turn|9
|
|t:|1776044126
|switch|p2a: Torkoal|Torkoal, M|100/100
|-weather|SunnyDay|[from] ability: Drought|[of] p2a: Torkoal
|move|p1a: Manaphy|Scald|p2a: Torkoal
|-supereffective|p2a: Torkoal
|-crit|p2a: Torkoal
|-damage|p2a: Torkoal|0 fnt
|faint|p2a: Torkoal
|
|-weather|SunnyDay|[upkeep]
|-heal|p1a: Manaphy|82/100 tox|[from] item: Leftovers
|-damage|p1a: Manaphy|57/100 tox|[from] psn
|upkeep
|
|t:|1776044149
|switch|p2a: Slowking|Slowking-Galar, F, shiny|80/100 brn
|turn|10
|
|t:|1776044156
|move|p1a: Manaphy|Scald|p2a: Slowking
|-crit|p2a: Slowking
|-damage|p2a: Slowking|2/100 brn
|move|p2a: Slowking|Shadow Ball|p1a: Manaphy
|-damage|p1a: Manaphy|40/100 tox
|
|-weather|SunnyDay|[upkeep]
|-heal|p1a: Manaphy|47/100 tox|[from] item: Leftovers
|-heal|p2a: Slowking|8/100 brn|[from] item: Leftovers
|-damage|p1a: Manaphy|16/100 tox|[from] psn
|-damage|p2a: Slowking|2/100 brn|[from] brn
|upkeep
|turn|11
|
|t:|1776044176
|move|p1a: Manaphy|Scald|p2a: Slowking
|-damage|p2a: Slowking|0 fnt
|faint|p2a: Slowking
|
|-weather|SunnyDay|[upkeep]
|-heal|p1a: Manaphy|22/100 tox|[from] item: Leftovers
|-damage|p1a: Manaphy|0 fnt|[from] psn
|faint|p1a: Manaphy
|upkeep
|
|t:|1776044198
|switch|p1a: Pelipper|Pelipper, M|100/100
|switch|p2a: Rampardos|Rampardos, F|100/100
|-ability|p2a: Rampardos|Mold Breaker
|-weather|RainDance|[from] ability: Drizzle|[of] p1a: Pelipper
|turn|12
|
|t:|1776044216
|move|p2a: Rampardos|Trailblaze|p1a: Pelipper
|-damage|p1a: Pelipper|66/100
|-boost|p2a: Rampardos|spe|1
|-damage|p2a: Rampardos|91/100|[from] item: Life Orb
|move|p1a: Pelipper|Weather Ball|p2a: Rampardos
|-supereffective|p2a: Rampardos
|-damage|p2a: Rampardos|0 fnt
|faint|p2a: Rampardos
|
|-weather|RainDance|[upkeep]
|upkeep
|
|t:|1776044232
|switch|p2a: Gliscor|Gliscor, M|100/100
|turn|13
|
|t:|1776044242
|-terastallize|p2a: Gliscor|Normal
|move|p2a: Gliscor|Swords Dance|p2a: Gliscor
|-boost|p2a: Gliscor|atk|2
|move|p1a: Pelipper|Weather Ball|p2a: Gliscor
|-damage|p2a: Gliscor|3/100
|
|-weather|RainDance|[upkeep]
|-status|p2a: Gliscor|tox|[from] item: Toxic Orb
|upkeep
|turn|14
|
|t:|1776044257
|move|p2a: Gliscor|Facade|p1a: Pelipper
|-damage|p1a: Pelipper|0 fnt
|faint|p1a: Pelipper
|
|-weather|RainDance|[upkeep]
|-heal|p2a: Gliscor|15/100 tox|[from] ability: Poison Heal
|upkeep
|
|t:|1776044271
|switch|p1a: Kingdra|Kingdra, F|100/100
|-activate|p1a: Kingdra|move: Sticky Web
|-unboost|p1a: Kingdra|spe|1
|turn|15
|
|t:|1776044280
|move|p1a: Kingdra|Hydro Pump|p2a: Gliscor|[miss]
|-miss|p1a: Kingdra|p2a: Gliscor
|move|p2a: Gliscor|Facade|p1a: Kingdra
|-damage|p1a: Kingdra|0 fnt
|faint|p1a: Kingdra
|
|-weather|RainDance|[upkeep]
|-heal|p2a: Gliscor|27/100 tox|[from] ability: Poison Heal
|upkeep
|
|t:|1776044289
|switch|p1a: Barraskewda|Barraskewda, M|100/100
|-activate|p1a: Barraskewda|move: Sticky Web
|-unboost|p1a: Barraskewda|spe|1
|turn|16
|
|t:|1776044297
|move|p1a: Barraskewda|Close Combat|p2a: Gliscor
|-supereffective|p2a: Gliscor
|-damage|p2a: Gliscor|0 fnt
|-unboost|p1a: Barraskewda|def|1
|-unboost|p1a: Barraskewda|spd|1
|faint|p2a: Gliscor
|
|-weather|RainDance|[upkeep]
|upkeep
|
|t:|1776044305
|switch|p2a: Great Tusk|Great Tusk|100/100
|-enditem|p2a: Great Tusk|Booster Energy
|-activate|p2a: Great Tusk|ability: Protosynthesis|[fromitem]
|-start|p2a: Great Tusk|protosynthesisdef
|turn|17
|
|t:|1776044318
|move|p1a: Barraskewda|Close Combat|p2a: Great Tusk
|-damage|p2a: Great Tusk|79/100
|-unboost|p1a: Barraskewda|def|1
|-unboost|p1a: Barraskewda|spd|1
|move|p2a: Great Tusk|Rapid Spin|p1a: Barraskewda
|-damage|p1a: Barraskewda|41/100
|-boost|p2a: Great Tusk|spe|1
|
|-weather|RainDance|[upkeep]
|upkeep
|turn|18
|
|t:|1776044329
|switch|p1a: Ogerpon|Ogerpon-Wellspring, F|100/100
|-activate|p1a: Ogerpon|move: Sticky Web
|-unboost|p1a: Ogerpon|spe|1
|move|p2a: Great Tusk|Bulk Up|p2a: Great Tusk
|-boost|p2a: Great Tusk|atk|1
|-boost|p2a: Great Tusk|def|1
|
|-weather|RainDance|[upkeep]
|upkeep
|turn|19
|
|t:|1776044339
|move|p2a: Great Tusk|Body Press|p1a: Ogerpon
|-damage|p1a: Ogerpon|11/100
|move|p1a: Ogerpon|Ivy Cudgel|p2a: Great Tusk|[anim] Ivy Cudgel Water
|-supereffective|p2a: Great Tusk
|-damage|p2a: Great Tusk|31/100
|
|-weather|none
|upkeep
|turn|20
|
|t:|1776044348
|move|p2a: Great Tusk|Rapid Spin|p1a: Ogerpon
|-damage|p1a: Ogerpon|0 fnt
|-boost|p2a: Great Tusk|spe|1
|faint|p1a: Ogerpon
|
|upkeep
|
|t:|1776044354
|switch|p1a: Barraskewda|Barraskewda, M|41/100
|-activate|p1a: Barraskewda|move: Sticky Web
|-unboost|p1a: Barraskewda|spe|1
|turn|21
|
|t:|1776044358
|move|p2a: Great Tusk|Body Press|p1a: Barraskewda
|-damage|p1a: Barraskewda|0 fnt
|faint|p1a: Barraskewda
|
|win|lokitheasgard
|raw|redani's rating: 1111 &rarr; <strong>1087</strong><br />(-24 for losing)
|raw|lokitheasgard's rating: 1126 &rarr; <strong>1150</strong><br />(+24 for winning)
