|html|<div class="broadcast-blue"><strong>[Gen 9] OU is currently suspecting Tera Blast! For information on how to participate check out the <a href="https://www.smogon.com/tools/suspects/view/200">suspect thread</a>.</strong></div>
|j|☆CaronaDoTed
|j|☆JSD10
|t:|1776036888
|gametype|singles
|player|p1|CaronaDoTed|winona|1446
|player|p2|JSD10|265|1364
|gen|9
|tier|[Gen 9] OU
|rated|
|rule|HP Percentage Mod: HP is shown in percentages
|rule|Endless Battle Clause: Forcing endless battles is banned
|rule|Species Clause: Limit one of each Pokémon
|rule|OHKO Clause: OHKO moves are banned
|rule|Evasion Items Clause: Evasion items are banned
|rule|Evasion Moves Clause: Evasion moves are banned
|rule|Evasion Abilities Clause: Evasion abilities are banned
|rule|Sleep Moves Clause: Sleep-inducing moves are banned
|clearpoke
|poke|p1|Deoxys-Speed|
|poke|p1|Dragonite, F|
|poke|p1|Ceruledge, F|
|poke|p1|Great Tusk|
|poke|p1|Kingambit, F|
|poke|p1|Iron Valiant|
|poke|p2|Moltres-Galar|
|poke|p2|Gholdengo|
|poke|p2|Samurott-Hisui, M|
|poke|p2|Smeargle, F|
|poke|p2|Zamazenta-*|
|poke|p2|Deoxys-Speed|
|teampreview
|inactive|Battle timer is ON: inactive players will automatically lose when time's up. (requested by CaronaDoTed)
|c|☆JSD10|glhf
|
|t:|1776036896
|teamsize|p1|6
|teamsize|p2|6
|start
|switch|p1a: Deoxys|Deoxys-Speed|100/100
|switch|p2a: Samurott|Samurott-Hisui, M, shiny|100/100
|-ability|p1a: Deoxys|Pressure
|turn|1
|
|t:|1776036905
|move|p1a: Deoxys|Stealth Rock|p2a: Samurott
|-sidestart|p2: JSD10|move: Stealth Rock
|move|p2a: Samurott|Knock Off|p1a: Deoxys
|-supereffective|p1a: Deoxys
|-enditem|p1a: Deoxys|Focus Sash
|-damage|p1a: Deoxys|1/100
|
|upkeep
|turn|2
|
|t:|1776036927
|move|p1a: Deoxys|Skill Swap|p2a: Samurott
|-activate|p1a: Deoxys|Skill Swap|Sharpness|Pressure|[of] p2a: Samurott
|-ability|p2a: Samurott|Pressure
|move|p2a: Samurott|Ceaseless Edge|p1a: Deoxys|[miss]
|-miss|p2a: Samurott|p1a: Deoxys
|
|upkeep
|turn|3
|
|t:|1776036942
|move|p1a: Deoxys|Taunt|p2a: Samurott
|-start|p2a: Samurott|move: Taunt
|move|p2a: Samurott|Ceaseless Edge|p1a: Deoxys|[miss]
|-miss|p2a: Samurott|p1a: Deoxys
|
|upkeep
|turn|4
|c|☆JSD10|lol
|
|t:|1776036953
|move|p1a: Deoxys|Taunt||[still]
|-fail|p1a: Deoxys
|move|p2a: Samurott|Ceaseless Edge|p1a: Deoxys
|-supereffective|p1a: Deoxys
|-damage|p1a: Deoxys|0 fnt
|-sidestart|p1: CaronaDoTed|Spikes
|faint|p1a: Deoxys
|
|upkeep
|
|t:|1776036959
|switch|p1a: Iron Valiant|Iron Valiant|100/100
|-damage|p1a: Iron Valiant|88/100|[from] Spikes
|-enditem|p1a: Iron Valiant|Booster Energy
|-activate|p1a: Iron Valiant|ability: Quark Drive|[fromitem]
|-start|p1a: Iron Valiant|quarkdrivespe
|turn|5
|
|t:|1776036979
|move|p1a: Iron Valiant|Knock Off|p2a: Samurott
|-resisted|p2a: Samurott
|-damage|p2a: Samurott|82/100
|-enditem|p2a: Samurott|Focus Sash|[from] move: Knock Off|[of] p1a: Iron Valiant
|move|p2a: Samurott|Razor Shell|p1a: Iron Valiant
|-damage|p1a: Iron Valiant|46/100
|-unboost|p1a: Iron Valiant|def|1
|
|-end|p2a: Samurott|move: Taunt
|upkeep
|turn|6
|
|t:|1776036987
|move|p1a: Iron Valiant|Moonblast|p2a: Samurott
|-supereffective|p2a: Samurott
|-damage|p2a: Samurott|0 fnt
|faint|p2a: Samurott
|
|upkeep
|
|t:|1776036992
|switch|p2a: Deoxys|Deoxys-Speed, shiny|100/100
|-damage|p2a: Deoxys|88/100|[from] Stealth Rock
|-ability|p2a: Deoxys|Pressure
|turn|7
|
|t:|1776036996
|move|p1a: Iron Valiant|Knock Off|p2a: Deoxys
|-supereffective|p2a: Deoxys
|-damage|p2a: Deoxys|23/100
|-enditem|p2a: Deoxys|Light Clay|[from] move: Knock Off|[of] p1a: Iron Valiant
|move|p2a: Deoxys|Psycho Boost|p1a: Iron Valiant
|-supereffective|p1a: Iron Valiant
|-damage|p1a: Iron Valiant|0 fnt
|-unboost|p2a: Deoxys|spa|2
|faint|p1a: Iron Valiant
|-end|p1a: Iron Valiant|Quark Drive|[silent]
|
|upkeep
|
|t:|1776037003
|switch|p1a: Great Tusk|Great Tusk|100/100
|-damage|p1a: Great Tusk|88/100|[from] Spikes
|-enditem|p1a: Great Tusk|Booster Energy
|-activate|p1a: Great Tusk|ability: Protosynthesis|[fromitem]
|-start|p1a: Great Tusk|protosynthesisspe
|turn|8
|
|t:|1776037013
|move|p2a: Deoxys|Taunt|p1a: Great Tusk
|-start|p1a: Great Tusk|move: Taunt
|move|p1a: Great Tusk|Rapid Spin|p2a: Deoxys
|-damage|p2a: Deoxys|6/100
|-boost|p1a: Great Tusk|spe|1
|-sideend|p1: CaronaDoTed|Spikes|[from] move: Rapid Spin|[of] p1a: Great Tusk
|
|upkeep
|turn|9
|
|t:|1776037017
|move|p1a: Great Tusk|Ice Spinner|p2a: Deoxys
|-damage|p2a: Deoxys|0 fnt
|faint|p2a: Deoxys
|
|upkeep
|
|t:|1776037020
|switch|p2a: Gholdengo|Gholdengo, shiny|100/100
|-damage|p2a: Gholdengo|94/100|[from] Stealth Rock
|turn|10
|
|t:|1776037026
|move|p1a: Great Tusk|Headlong Rush|p2a: Gholdengo
|-supereffective|p2a: Gholdengo
|-damage|p2a: Gholdengo|0 fnt
|-unboost|p1a: Great Tusk|def|1
|-unboost|p1a: Great Tusk|spd|1
|faint|p2a: Gholdengo
|
|-end|p1a: Great Tusk|move: Taunt
|upkeep
|
|t:|1776037043
|switch|p2a: Moltres|Moltres-Galar, shiny|100/100
|-damage|p2a: Moltres|75/100|[from] Stealth Rock
|turn|11
|
|t:|1776037048
|move|p1a: Great Tusk|Bulk Up|p1a: Great Tusk
|-boost|p1a: Great Tusk|atk|1
|-boost|p1a: Great Tusk|def|1
|move|p2a: Moltres|Hurricane|p1a: Great Tusk|[miss]
|-miss|p2a: Moltres|p1a: Great Tusk
|
|upkeep
|turn|12
|
|t:|1776037058
|move|p1a: Great Tusk|Ice Spinner|p2a: Moltres
|-supereffective|p2a: Moltres
|-damage|p2a: Moltres|2/100
|-ability|p2a: Moltres|Berserk|boost
|-boost|p2a: Moltres|spa|1
|-enditem|p2a: Moltres|Sitrus Berry|[eat]
|-heal|p2a: Moltres|27/100|[from] item: Sitrus Berry
|move|p2a: Moltres|Hurricane|p1a: Great Tusk|[miss]
|-miss|p2a: Moltres|p1a: Great Tusk
|
|upkeep
|turn|13
|
|t:|1776037062
|move|p1a: Great Tusk|Ice Spinner|p2a: Moltres
|-supereffective|p2a: Moltres
|-damage|p2a: Moltres|0 fnt
|faint|p2a: Moltres
|
|upkeep
|c|☆CaronaDoTed|sorry
|c|☆JSD10|cvant hit anything tosy
|
|t:|1776037071
|switch|p2a: Smeargle|Smeargle, F, shiny|100/100
|-damage|p2a: Smeargle|88/100|[from] Stealth Rock
|turn|14
|
|t:|1776037077
|-terastallize|p2a: Smeargle|Flying
|move|p1a: Great Tusk|Headlong Rush|p2a: Smeargle
|-immune|p2a: Smeargle
|move|p2a: Smeargle|No Retreat|p2a: Smeargle
|-boost|p2a: Smeargle|atk|1
|-boost|p2a: Smeargle|def|1
|-boost|p2a: Smeargle|spa|1
|-boost|p2a: Smeargle|spd|1
|-boost|p2a: Smeargle|spe|1
|-start|p2a: Smeargle|move: No Retreat
|
|upkeep
|turn|15
|
|t:|1776037081
|move|p1a: Great Tusk|Ice Spinner|p2a: Smeargle
|-supereffective|p2a: Smeargle
|-damage|p2a: Smeargle|0 fnt
|faint|p2a: Smeargle
|
|upkeep
|
|t:|1776037083
|switch|p2a: Zamazenta|Zamazenta, shiny|100/100
|-damage|p2a: Zamazenta|94/100|[from] Stealth Rock
|-ability|p2a: Zamazenta|Dauntless Shield|boost
|-boost|p2a: Zamazenta|def|1
|turn|16
|
|t:|1776037085
|move|p1a: Great Tusk|Headlong Rush|p2a: Zamazenta
|-damage|p2a: Zamazenta|54/100
|-unboost|p1a: Great Tusk|def|1
|-unboost|p1a: Great Tusk|spd|1
|move|p2a: Zamazenta|Roar|p1a: Great Tusk
|-end|p1a: Great Tusk|Protosynthesis|[silent]
|drag|p1a: Dragonite|Dragonite, F|100/100
|
|-heal|p2a: Zamazenta|60/100|[from] item: Leftovers
|upkeep
|turn|17
|-message|JSD10 forfeited.
|
|win|CaronaDoTed
|raw|CaronaDoTed's rating: 1446 &rarr; <strong>1461</strong><br />(+15 for winning)
|raw|JSD10's rating: 1364 &rarr; <strong>1349</strong><br />(-15 for losing)
