|html|<div class="broadcast-blue"><strong>[Gen 9] OU is currently suspecting Tera Blast! For information on how to participate check out the <a href="https://www.smogon.com/tools/suspects/view/200">suspect thread</a>.</strong></div>
|j|☆shukingle
|j|☆bumbocla
|t:|1776115988
|gametype|singles
|player|p1|shukingle|pokemonbreeder|1103
|player|p2|bumbocla|ninjaboy|1086
|gen|9
|tier|[Gen 9] OU
|rated|
|rule|HP Percentage Mod: HP is shown in percentages
|rule|Endless Battle Clause: Forcing endless battles is banned
|rule|Species Clause: Limit one of each Pokémon
|rule|OHKO Clause: OHKO moves are banned
|rule|Evasion Items Clause: Evasion items are banned
|rule|Evasion Moves Clause: Evasion moves are banned
|rule|Evasion Abilities Clause: Evasion abilities are banned
|rule|Sleep Moves Clause: Sleep-inducing moves are banned
|clearpoke
|poke|p1|Minun, F|
|poke|p1|Weavile, M|
|poke|p1|Raging Bolt|
|poke|p1|Moltres|
|poke|p1|Great Tusk|
|poke|p1|Glimmora, F|
|poke|p2|Blaziken, M|
|poke|p2|Serperior, M|
|poke|p2|Heracross, M|
|poke|p2|Dragapult, M|
|poke|p2|Gholdengo|
|poke|p2|Latios, M|
|teampreview
|
|t:|1776115998
|teamsize|p1|6
|teamsize|p2|6
|start
|switch|p1a: Glimmora|Glimmora, F|100/100
|switch|p2a: Heracross|Heracross, M|100/100
|turn|1
|
|t:|1776116002
|move|p2a: Heracross|Earthquake|p1a: Glimmora
|-supereffective|p1a: Glimmora
|-enditem|p1a: Glimmora|Focus Sash
|-damage|p1a: Glimmora|1/100
|-activate|p1a: Glimmora|ability: Toxic Debris
|-sidestart|p2: bumbocla|move: Toxic Spikes
|move|p1a: Glimmora|Stealth Rock|p2a: Heracross
|-sidestart|p2: bumbocla|move: Stealth Rock
|
|upkeep
|turn|2
|
|t:|1776116011
|move|p2a: Heracross|Megahorn|p1a: Glimmora
|-resisted|p1a: Glimmora
|-damage|p1a: Glimmora|0 fnt
|-activate|p1a: Glimmora|ability: Toxic Debris
|-sidestart|p2: bumbocla|move: Toxic Spikes
|faint|p1a: Glimmora
|-ability|p2a: Heracross|Moxie|boost
|-boost|p2a: Heracross|atk|1
|
|upkeep
|
|t:|1776116020
|switch|p1a: Raging Bolt|Raging Bolt|100/100
|turn|3
|
|t:|1776116028
|move|p2a: Heracross|Earthquake|p1a: Raging Bolt
|-supereffective|p1a: Raging Bolt
|-damage|p1a: Raging Bolt|8/100
|move|p1a: Raging Bolt|Thunderbolt|p2a: Heracross
|-crit|p2a: Heracross
|-damage|p2a: Heracross|0 fnt
|faint|p2a: Heracross
|
|upkeep
|
|t:|1776116039
|switch|p2a: Serperior|Serperior, M|100/100
|-status|p2a: Serperior|tox
|-damage|p2a: Serperior|88/100 tox|[from] Stealth Rock
|turn|4
|
|t:|1776116050
|-end|p1a: Raging Bolt|Protosynthesis|[silent]
|switch|p1a: Minun|Minun, F, shiny|100/100
|move|p2a: Serperior|Leaf Storm|p1a: Minun
|-crit|p1a: Minun
|-damage|p1a: Minun|42/100
|-boost|p2a: Serperior|spa|2
|
|-heal|p2a: Serperior|94/100 tox|[from] item: Leftovers
|-heal|p1a: Minun|48/100|[from] item: Leftovers
|-damage|p2a: Serperior|88/100 tox|[from] psn
|upkeep
|turn|5
|
|t:|1776116060
|move|p1a: Minun|Protect|p1a: Minun
|-singleturn|p1a: Minun|Protect
|move|p2a: Serperior|Leaf Storm|p1a: Minun
|-activate|p1a: Minun|move: Protect
|
|-heal|p2a: Serperior|94/100 tox|[from] item: Leftovers
|-heal|p1a: Minun|55/100|[from] item: Leftovers
|-damage|p2a: Serperior|82/100 tox|[from] psn
|upkeep
|turn|6
|
|t:|1776116064
|switch|p1a: Moltres|Moltres|100/100
|move|p2a: Serperior|Taunt|p1a: Moltres
|-start|p1a: Moltres|move: Taunt
|
|-heal|p2a: Serperior|88/100 tox|[from] item: Leftovers
|-damage|p2a: Serperior|70/100 tox|[from] psn
|upkeep
|turn|7
|
|t:|1776116081
|switch|p2a: Dragapult|Dragapult, M|100/100
|-status|p2a: Dragapult|tox
|-damage|p2a: Dragapult|88/100 tox|[from] Stealth Rock
|move|p1a: Moltres|Flamethrower|p2a: Dragapult
|-resisted|p2a: Dragapult
|-damage|p2a: Dragapult|72/100 tox
|
|-damage|p2a: Dragapult|66/100 tox|[from] psn
|upkeep
|turn|8
|
|t:|1776116091
|move|p2a: Dragapult|Surf|p1a: Moltres
|-supereffective|p1a: Moltres
|-damage|p1a: Moltres|51/100
|move|p1a: Moltres|U-turn|p2a: Dragapult
|-resisted|p2a: Dragapult
|-damage|p2a: Dragapult|57/100 tox
|
|t:|1776116107
|switch|p1a: Raging Bolt|Raging Bolt|8/100|[from] U-turn
|
|-damage|p2a: Dragapult|45/100 tox|[from] psn
|upkeep
|turn|9
|
|t:|1776116116
|move|p1a: Raging Bolt|Thunderclap|p2a: Dragapult
|-resisted|p2a: Dragapult
|-damage|p2a: Dragapult|16/100 tox
|move|p2a: Dragapult|Shadow Ball|p1a: Raging Bolt
|-damage|p1a: Raging Bolt|0 fnt
|faint|p1a: Raging Bolt
|-end|p1a: Raging Bolt|Protosynthesis|[silent]
|
|-damage|p2a: Dragapult|0 fnt|[from] psn
|faint|p2a: Dragapult
|upkeep
|
|t:|1776116134
|switch|p2a: Serperior|Serperior, M|70/100 tox
|switch|p1a: Weavile|Weavile, M, shiny|100/100
|-ability|p1a: Weavile|Pressure
|-damage|p2a: Serperior|57/100 tox|[from] Stealth Rock
|turn|10
|
|t:|1776116142
|move|p1a: Weavile|Knock Off|p2a: Serperior
|-damage|p2a: Serperior|0 fnt
|-enditem|p2a: Serperior|Leftovers|[from] move: Knock Off|[of] p1a: Weavile
|faint|p2a: Serperior
|
|upkeep
|
|t:|1776116146
|switch|p2a: Blaziken|Blaziken, M|100/100
|-status|p2a: Blaziken|tox
|-damage|p2a: Blaziken|88/100 tox|[from] Stealth Rock
|turn|11
|
|t:|1776116152
|switch|p1a: Great Tusk|Great Tusk|100/100
|move|p2a: Blaziken|Protect||[still]
|-fail|p2a: Blaziken
|
|-damage|p2a: Blaziken|82/100 tox|[from] psn
|-ability|p2a: Blaziken|Speed Boost|boost
|-boost|p2a: Blaziken|spe|1
|upkeep
|turn|12
|
|t:|1776116157
|move|p2a: Blaziken|Protect|p2a: Blaziken
|-singleturn|p2a: Blaziken|Protect
|move|p1a: Great Tusk|Headlong Rush|p2a: Blaziken
|-activate|p2a: Blaziken|move: Protect
|
|-damage|p2a: Blaziken|70/100 tox|[from] psn
|-ability|p2a: Blaziken|Speed Boost|boost
|-boost|p2a: Blaziken|spe|1
|upkeep
|turn|13
|
|t:|1776116169
|move|p2a: Blaziken|Close Combat|p1a: Great Tusk
|-damage|p1a: Great Tusk|35/100
|-unboost|p2a: Blaziken|def|1
|-unboost|p2a: Blaziken|spd|1
|-damage|p2a: Blaziken|60/100 tox|[from] item: Life Orb
|move|p1a: Great Tusk|Headlong Rush|p2a: Blaziken
|-supereffective|p2a: Blaziken
|-damage|p2a: Blaziken|0 fnt
|-unboost|p1a: Great Tusk|def|1
|-unboost|p1a: Great Tusk|spd|1
|faint|p2a: Blaziken
|
|upkeep
|
|t:|1776116175
|switch|p2a: Latios|Latios, M|100/100
|-damage|p2a: Latios|88/100|[from] Stealth Rock
|turn|14
|
|t:|1776116190
|move|p2a: Latios|Luster Purge|p1a: Great Tusk
|-supereffective|p1a: Great Tusk
|-damage|p1a: Great Tusk|0 fnt
|faint|p1a: Great Tusk
|-end|p1a: Great Tusk|Protosynthesis|[silent]
|
|upkeep
|
|t:|1776116202
|switch|p1a: Weavile|Weavile, M, shiny|100/100
|-ability|p1a: Weavile|Pressure
|turn|15
|
|t:|1776116218
|move|p1a: Weavile|Knock Off|p2a: Latios
|-supereffective|p2a: Latios
|-damage|p2a: Latios|0 fnt
|-enditem|p2a: Latios|Soul Dew|[from] move: Knock Off|[of] p1a: Weavile
|faint|p2a: Latios
|
|upkeep
|
|t:|1776116220
|switch|p2a: Gholdengo|Gholdengo|100/100
|-damage|p2a: Gholdengo|94/100|[from] Stealth Rock
|-item|p2a: Gholdengo|Air Balloon
|turn|16
|
|t:|1776116231
|switch|p1a: Moltres|Moltres|51/100
|-terastallize|p2a: Gholdengo|Fairy
|move|p2a: Gholdengo|Dazzling Gleam|p1a: Moltres
|-resisted|p1a: Moltres
|-damage|p1a: Moltres|31/100
|
|upkeep
|turn|17
|
|t:|1776116251
|move|p2a: Gholdengo|Nasty Plot|p2a: Gholdengo
|-boost|p2a: Gholdengo|spa|2
|move|p1a: Moltres|Roost|p1a: Moltres
|-heal|p1a: Moltres|81/100
|-singleturn|p1a: Moltres|move: Roost
|
|upkeep
|turn|18
|
|t:|1776116263
|move|p2a: Gholdengo|Psyshock|p1a: Moltres
|-damage|p1a: Moltres|38/100
|move|p1a: Moltres|Flamethrower|p2a: Gholdengo
|-damage|p2a: Gholdengo|54/100
|-enditem|p2a: Gholdengo|Air Balloon
|
|upkeep
|turn|19
|
|t:|1776116268
|move|p2a: Gholdengo|Psyshock|p1a: Moltres
|-damage|p1a: Moltres|0 fnt
|faint|p1a: Moltres
|
|upkeep
|
|t:|1776116272
|switch|p1a: Weavile|Weavile, M, shiny|100/100
|-ability|p1a: Weavile|Pressure
|turn|20
|
|t:|1776116280
|move|p1a: Weavile|Triple Axel|p2a: Gholdengo
|-damage|p2a: Gholdengo|37/100
|-hitcount|p2a: Gholdengo|1
|move|p2a: Gholdengo|Dazzling Gleam|p1a: Weavile
|-supereffective|p1a: Weavile
|-damage|p1a: Weavile|0 fnt
|faint|p1a: Weavile
|
|upkeep
|
|t:|1776116288
|switch|p1a: Minun|Minun, F, shiny|55/100
|turn|21
|inactive|Battle timer is ON: inactive players will automatically lose when time's up. (requested by bumbocla)
|
|t:|1776116356
|move|p1a: Minun|Protect|p1a: Minun
|-singleturn|p1a: Minun|Protect
|move|p2a: Gholdengo|Dazzling Gleam|p1a: Minun
|-activate|p1a: Minun|move: Protect
|
|-heal|p1a: Minun|61/100|[from] item: Leftovers
|upkeep
|turn|22
|
|t:|1776116367
|-terastallize|p1a: Minun|Electric
|move|p2a: Gholdengo|Dazzling Gleam|p1a: Minun
|-damage|p1a: Minun|0 fnt
|faint|p1a: Minun
|
|win|bumbocla
|raw|shukingle's rating: 1103 &rarr; <strong>1077</strong><br />(-26 for losing)
|raw|bumbocla's rating: 1086 &rarr; <strong>1114</strong><br />(+28 for winning)
|l|☆bumbocla
|player|p2|
