|html|<div class="broadcast-blue"><strong>[Gen 9] OU is currently suspecting Volcarona! For information on how to participate check out the <a href="https://www.smogon.com/tools/suspects/view/208">suspect thread</a>.</strong></div>
|j|☆the_man_is_me
|j|☆fascicule
|t:|1778497216
|gametype|singles
|player|p1|the_man_is_me|artist-gen4|1135
|player|p2|fascicule|norman|1111
|gen|9
|tier|[Gen 9] OU
|rated|
|rule|HP Percentage Mod: HP is shown in percentages
|rule|Endless Battle Clause: Forcing endless battles is banned
|rule|Species Clause: Limit one of each Pokémon
|rule|OHKO Clause: OHKO moves are banned
|rule|Evasion Items Clause: Evasion items are banned
|rule|Evasion Moves Clause: Evasion moves are banned
|rule|Evasion Abilities Clause: Evasion abilities are banned
|rule|Sleep Moves Clause: Sleep-inducing moves are banned
|clearpoke
|poke|p1|Necrozma|
|poke|p1|Zapdos|
|poke|p1|Diancie|
|poke|p1|Samurott-Hisui, F|
|poke|p1|Gholdengo|
|poke|p1|Cinderace, F|
|poke|p2|Garganacl, M|
|poke|p2|Gliscor, M|
|poke|p2|Clefable, M|
|poke|p2|Zamazenta-*|
|poke|p2|Gholdengo|
|poke|p2|Samurott-Hisui, M|
|teampreview
|
|t:|1778497231
|teamsize|p1|6
|teamsize|p2|6
|start
|switch|p1a: the dark|Necrozma, shiny|100/100
|switch|p2a: Samurott|Samurott-Hisui, M|100/100
|turn|1
|
|t:|1778497240
|switch|p1a: the bird|Zapdos|100/100
|move|p2a: Samurott|Ceaseless Edge|p1a: the bird
|-damage|p1a: the bird|55/100
|-damage|p2a: Samurott|84/100|[from] item: Rocky Helmet|[of] p1a: the bird
|-status|p2a: Samurott|par|[from] ability: Static|[of] p1a: the bird
|-sidestart|p1: the_man_is_me|Spikes
|
|upkeep
|turn|2
|
|t:|1778497262
|switch|p2a: Gliscor|Gliscor, M|100/100
|move|p1a: the bird|Discharge|p2a: Gliscor
|-immune|p2a: Gliscor
|
|-status|p2a: Gliscor|tox|[from] item: Toxic Orb
|upkeep
|turn|3
|
|t:|1778497271
|move|p1a: the bird|Hurricane|p2a: Gliscor
|-crit|p2a: Gliscor
|-damage|p2a: Gliscor|0 fnt
|faint|p2a: Gliscor
|
|upkeep
|
|t:|1778497278
|switch|p2a: Garganacl|Garganacl, M|100/100
|turn|4
|
|t:|1778497283
|move|p1a: the bird|Discharge|p2a: Garganacl
|-damage|p2a: Garganacl|72/100
|move|p2a: Garganacl|Salt Cure|p1a: the bird
|-supereffective|p1a: the bird
|-damage|p1a: the bird|23/100
|-start|p1a: the bird|Salt Cure
|
|-damage|p1a: the bird|10/100|[from] Salt Cure
|upkeep
|turn|5
|
|t:|1778497293
|move|p1a: the bird|Discharge|p2a: Garganacl
|-damage|p2a: Garganacl|44/100
|move|p2a: Garganacl|Recover|p2a: Garganacl
|-heal|p2a: Garganacl|94/100
|
|-damage|p1a: the bird|0 fnt|[from] Salt Cure
|faint|p1a: the bird
|upkeep
|
|t:|1778497306
|switch|p1a: the dark|Necrozma, shiny|100/100
|-damage|p1a: the dark|88/100|[from] Spikes
|turn|6
|
|t:|1778497315
|switch|p2a: Samurott|Samurott-Hisui, M|84/100 par
|move|p1a: the dark|Dark Pulse|p2a: Samurott
|-resisted|p2a: Samurott
|-damage|p2a: Samurott|66/100 par
|
|upkeep
|turn|7
|
|t:|1778497323
|move|p1a: the dark|Dark Pulse|p2a: Samurott
|-resisted|p2a: Samurott
|-damage|p2a: Samurott|47/100 par
|move|p2a: Samurott|Ceaseless Edge|p1a: the dark
|-supereffective|p1a: the dark
|-damage|p1a: the dark|31/100
|-damage|p2a: Samurott|31/100 par|[from] item: Rocky Helmet|[of] p1a: the dark
|-sidestart|p1: the_man_is_me|Spikes
|
|upkeep
|turn|8
|
|t:|1778497332
|move|p1a: the dark|Dark Pulse|p2a: Samurott
|-resisted|p2a: Samurott
|-damage|p2a: Samurott|11/100 par
|cant|p2a: Samurott|flinch
|
|upkeep
|turn|9
|
|t:|1778497338
|move|p1a: the dark|Dark Pulse|p2a: Samurott
|-resisted|p2a: Samurott
|-damage|p2a: Samurott|0 fnt
|faint|p2a: Samurott
|
|upkeep
|
|t:|1778497344
|switch|p2a: Clefable|Clefable, M|100/100
|turn|10
|
|t:|1778497348
|move|p1a: the dark|Psyshock|p2a: Clefable
|-damage|p2a: Clefable|65/100
|move|p2a: Clefable|Moonblast|p1a: the dark
|-damage|p1a: the dark|0 fnt
|faint|p1a: the dark
|
|upkeep
|inactive|Battle timer is ON: inactive players will automatically lose when time's up. (requested by fascicule)
|
|t:|1778497366
|switch|p1a: the fish|Samurott-Hisui, F, shiny|100/100
|-damage|p1a: the fish|84/100|[from] Spikes
|turn|11
|
|t:|1778497372
|move|p1a: the fish|Aqua Cutter|p2a: Clefable
|-damage|p2a: Clefable|24/100
|move|p2a: Clefable|Moonblast|p1a: the fish
|-supereffective|p1a: the fish
|-damage|p1a: the fish|5/100
|
|upkeep
|turn|12
|
|t:|1778497379
|move|p1a: the fish|Aqua Cutter|p2a: Clefable
|-crit|p2a: Clefable
|-damage|p2a: Clefable|0 fnt
|faint|p2a: Clefable
|
|upkeep
|
|t:|1778497386
|switch|p2a: Zamazenta|Zamazenta|100/100
|-ability|p2a: Zamazenta|Dauntless Shield|boost
|-boost|p2a: Zamazenta|def|1
|turn|13
|
|t:|1778497391
|move|p2a: Zamazenta|Crunch|p1a: the fish
|-resisted|p1a: the fish
|-damage|p1a: the fish|0 fnt
|-damage|p2a: Zamazenta|84/100|[from] item: Rocky Helmet|[of] p1a: the fish
|faint|p1a: the fish
|
|upkeep
|
|t:|1778497398
|switch|p1a: the bunny|Cinderace, F, shiny|100/100
|-damage|p1a: the bunny|84/100|[from] Spikes
|turn|14
|
|t:|1778497404
|switch|p2a: Garganacl|Garganacl, M|94/100
|move|p1a: the bunny|Acrobatics|p2a: Garganacl
|-start|p1a: the bunny|typechange|Flying|[from] ability: Libero
|-resisted|p2a: Garganacl
|-damage|p2a: Garganacl|78/100
|
|upkeep
|turn|15
|
|t:|1778497414
|move|p1a: the bunny|Court Change|p1a: the bunny
|-swapsideconditions
|-activate|p1a: the bunny|move: Court Change
|move|p2a: Garganacl|Salt Cure|p1a: the bunny
|-supereffective|p1a: the bunny
|-damage|p1a: the bunny|42/100
|-start|p1a: the bunny|Salt Cure
|
|-damage|p1a: the bunny|29/100|[from] Salt Cure
|upkeep
|turn|16
|
|t:|1778497423
|move|p1a: the bunny|Pyro Ball|p2a: Garganacl
|-resisted|p2a: Garganacl
|-crit|p2a: Garganacl
|-damage|p2a: Garganacl|61/100
|move|p2a: Garganacl|Salt Cure|p1a: the bunny
|-supereffective|p1a: the bunny
|-damage|p1a: the bunny|0 fnt
|faint|p1a: the bunny
|
|upkeep
|
|t:|1778497437
|switch|p1a: the gold|Gholdengo|100/100
|turn|17
|
|t:|1778497443
|-terastallize|p1a: the gold|Ghost
|move|p1a: the gold|Make It Rain|p2a: Garganacl
|-supereffective|p2a: Garganacl
|-damage|p2a: Garganacl|0 fnt
|-unboost|p1a: the gold|spa|1
|faint|p2a: Garganacl
|-enditem|p1a: the gold|White Herb
|-clearnegativeboost|p1a: the gold|[silent]
|
|upkeep
|
|t:|1778497454
|switch|p2a: Gholdengo|Gholdengo|100/100
|turn|18
|
|t:|1778497463
|-terastallize|p2a: Gholdengo|Fairy
|move|p2a: Gholdengo|Shadow Ball|p1a: the gold
|-supereffective|p1a: the gold
|-damage|p1a: the gold|31/100
|move|p1a: the gold|Shadow Ball|p2a: Gholdengo
|-damage|p2a: Gholdengo|45/100
|
|upkeep
|turn|19
|
|t:|1778497477
|move|p1a: the gold|Protect|p1a: the gold
|-singleturn|p1a: the gold|Protect
|move|p2a: Gholdengo|Shadow Ball|p1a: the gold
|-activate|p1a: the gold|move: Protect
|
|upkeep
|turn|20
|
|t:|1778497483
|move|p2a: Gholdengo|Shadow Ball|p1a: the gold
|-supereffective|p1a: the gold
|-damage|p1a: the gold|0 fnt
|faint|p1a: the gold
|
|upkeep
|
|t:|1778497488
|switch|p1a: the rock|Diancie, shiny|100/100
|turn|21
|
|t:|1778497492
|move|p2a: Gholdengo|Shadow Ball|p1a: the rock
|-damage|p1a: the rock|66/100
|move|p1a: the rock|Gyro Ball|p2a: Gholdengo
|-supereffective|p2a: Gholdengo
|-damage|p2a: Gholdengo|23/100
|
|upkeep
|turn|22
|
|t:|1778497507
|move|p2a: Gholdengo|Shadow Ball|p1a: the rock
|-damage|p1a: the rock|34/100
|move|p1a: the rock|Diamond Storm|p2a: Gholdengo
|-damage|p2a: Gholdengo|0 fnt
|faint|p2a: Gholdengo
|
|upkeep
|
|t:|1778497514
|switch|p2a: Zamazenta|Zamazenta|84/100
|turn|23
|
|t:|1778497518
|move|p2a: Zamazenta|Heavy Slam|p1a: the rock
|-supereffective|p1a: the rock
|-damage|p1a: the rock|0 fnt
|faint|p1a: the rock
|
|win|fascicule
|raw|the_man_is_me's rating: 1135 &rarr; <strong>1108</strong><br />(-27 for losing)
|raw|fascicule's rating: 1111 &rarr; <strong>1138</strong><br />(+27 for winning)
|l|☆fascicule
|player|p2|
|l|☆the_man_is_me
|player|p1|
