|html|<div class="broadcast-blue"><strong>[Gen 9] OU is currently suspecting Volcarona! For information on how to participate check out the <a href="https://www.smogon.com/tools/suspects/view/208">suspect thread</a>.</strong></div>
|j|‽vanllesco
|j|☆Rikulum
|t:|1778502622
|gametype|singles
|player|p1|vanllesco|hilbert|1211
|player|p2|Rikulum|unknown|1078
|gen|9
|tier|[Gen 9] OU
|rated|
|rule|HP Percentage Mod: HP is shown in percentages
|rule|Endless Battle Clause: Forcing endless battles is banned
|rule|Species Clause: Limit one of each Pokémon
|rule|OHKO Clause: OHKO moves are banned
|rule|Evasion Items Clause: Evasion items are banned
|rule|Evasion Moves Clause: Evasion moves are banned
|rule|Evasion Abilities Clause: Evasion abilities are banned
|rule|Sleep Moves Clause: Sleep-inducing moves are banned
|clearpoke
|poke|p1|Samurott-Hisui, M|
|poke|p1|Corviknight, M|
|poke|p1|Hatterene, F|
|poke|p1|Umbreon, F|
|poke|p1|Toxtricity-Low-Key, M|
|poke|p1|Garchomp, M|
|poke|p2|Salazzle, F|
|poke|p2|Garchomp, M|
|poke|p2|Latias, F|
|poke|p2|Brambleghast, M|
|poke|p2|Zamazenta-*|
|poke|p2|Iron Moth|
|teampreview
|inactive|Battle timer is ON: inactive players will automatically lose when time's up. (requested by vanllesco)
|
|t:|1778502654
|teamsize|p1|6
|teamsize|p2|6
|start
|switch|p1a: Corviknight|Corviknight, M|100/100
|switch|p2a: Salazzle|Salazzle, F|100/100
|turn|1
|
|t:|1778502670
|switch|p1a: Umbreon|Umbreon, F, shiny|100/100
|move|p2a: Salazzle|Toxic|p1a: Umbreon
|-status|p1a: Umbreon|tox
|
|-damage|p1a: Umbreon|94/100 tox|[from] psn
|upkeep
|turn|2
|
|t:|1778502678
|move|p2a: Salazzle|Taunt|p1a: Umbreon
|-start|p1a: Umbreon|move: Taunt
|cant|p1a: Umbreon|move: Taunt|Thunder Wave
|
|-heal|p1a: Umbreon|100/100 tox|[from] item: Leftovers
|-damage|p1a: Umbreon|88/100 tox|[from] psn
|upkeep
|turn|3
|
|t:|1778502695
|switch|p1a: Toxtricity|Toxtricity-Low-Key, M|100/100
|move|p2a: Salazzle|Encore||[still]
|-fail|p2a: Salazzle
|
|upkeep
|turn|4
|
|t:|1778502701
|move|p1a: Toxtricity|Psychic Noise|p2a: Salazzle
|-supereffective|p2a: Salazzle
|-damage|p2a: Salazzle|0 fnt
|faint|p2a: Salazzle
|
|upkeep
|inactive|Rikulum has 120 seconds left.
|
|t:|1778502727
|switch|p2a: Latias|Latias, F|100/100
|turn|5
|
|t:|1778502732
|switch|p1a: Hatterene|Hatterene, F|100/100
|move|p2a: Latias|Mist Ball|p1a: Hatterene
|-resisted|p1a: Hatterene
|-damage|p1a: Hatterene|84/100
|
|upkeep
|turn|6
|inactive|Rikulum has 120 seconds left.
|l|‽vanllesco
|inactive|vanllesco disconnected and has a minute to reconnect!
|player|p1|
|
|t:|1778502759
|switch|p2a: Iron Moth|Iron Moth|100/100
|-enditem|p2a: Iron Moth|Booster Energy
|-activate|p2a: Iron Moth|ability: Quark Drive|[fromitem]
|-start|p2a: Iron Moth|quarkdrivespe
|move|p1a: Hatterene|Draining Kiss|p2a: Iron Moth
|-resisted|p2a: Iron Moth
|-damage|p2a: Iron Moth|95/100
|-heal|p1a: Hatterene|88/100|[from] drain|[of] p2a: Iron Moth
|
|upkeep
|turn|7
|j|‽vanllesco
|inactive|vanllesco reconnected and has 130 seconds left.
|player|p1|vanllesco|hilbert|
|n|‽vanllesco|vanllesco
|
|t:|1778502787
|switch|p1a: Umbreon|Umbreon, F, shiny|88/100 tox
|move|p2a: Iron Moth|Fiery Dance|p1a: Umbreon
|-damage|p1a: Umbreon|61/100 tox
|
|-heal|p1a: Umbreon|68/100 tox|[from] item: Leftovers
|-damage|p1a: Umbreon|61/100 tox|[from] psn
|upkeep
|turn|8
|
|t:|1778502806
|-end|p2a: Iron Moth|Quark Drive|[silent]
|switch|p2a: Garchomp|Garchomp, M|100/100
|move|p1a: Umbreon|Thunder Wave|p2a: Garchomp
|-immune|p2a: Garchomp
|
|-heal|p1a: Umbreon|68/100 tox|[from] item: Leftovers
|-damage|p1a: Umbreon|55/100 tox|[from] psn
|upkeep
|turn|9
|
|t:|1778502823
|move|p2a: Garchomp|Earthquake|p1a: Umbreon
|-damage|p1a: Umbreon|29/100 tox
|move|p1a: Umbreon|Foul Play|p2a: Garchomp
|-damage|p2a: Garchomp|75/100
|-damage|p1a: Umbreon|16/100 tox|[from] ability: Rough Skin|[of] p2a: Garchomp
|-damage|p1a: Umbreon|0 fnt|[from] item: Rocky Helmet|[of] p2a: Garchomp
|faint|p1a: Umbreon
|
|upkeep
|
|t:|1778502831
|switch|p1a: Corviknight|Corviknight, M|100/100
|turn|10
|inactive|Rikulum has 90 seconds left.
|
|t:|1778502860
|switch|p2a: Iron Moth|Iron Moth|95/100
|move|p1a: Corviknight|U-turn|p2a: Iron Moth
|-resisted|p2a: Iron Moth
|-damage|p2a: Iron Moth|90/100
|
|t:|1778502867
|switch|p1a: Garchomp|Garchomp, M|100/100|[from] U-turn
|
|upkeep
|turn|11
|
|t:|1778502877
|-end|p2a: Iron Moth|Quark Drive|[silent]
|switch|p2a: Latias|Latias, F|100/100
|move|p1a: Garchomp|Earthquake|p2a: Latias
|-immune|p2a: Latias|[from] ability: Levitate
|
|upkeep
|turn|12
|inactive|Rikulum has 90 seconds left.
|
|t:|1778502903
|switch|p1a: Samurott|Samurott-Hisui, M|100/100
|move|p2a: Latias|Wish|p2a: Latias
|
|upkeep
|turn|13
|inactive|Rikulum has 90 seconds left.
|
|t:|1778502912
|move|p2a: Latias|Aura Sphere|p1a: Samurott
|-supereffective|p1a: Samurott
|-damage|p1a: Samurott|37/100
|move|p1a: Samurott|Ceaseless Edge|p2a: Latias|[miss]
|-miss|p1a: Samurott|p2a: Latias
|
|-heal|p1a: Samurott|43/100|[from] item: Leftovers
|upkeep
|turn|14
|inactive|Rikulum has 90 seconds left.
|
|t:|1778502929
|switch|p2a: Garchomp|Garchomp, M|75/100
|switch|p1a: Hatterene|Hatterene, F|88/100
|
|upkeep
|turn|15
|inactive|Rikulum has 90 seconds left.
|
|t:|1778502957
|move|p2a: Garchomp|Earthquake|p1a: Hatterene
|-damage|p1a: Hatterene|51/100
|move|p1a: Hatterene|Draining Kiss|p2a: Garchomp
|-supereffective|p2a: Garchomp
|-damage|p2a: Garchomp|36/100
|-heal|p1a: Hatterene|90/100|[from] drain|[of] p2a: Garchomp
|-damage|p1a: Hatterene|78/100|[from] ability: Rough Skin|[of] p2a: Garchomp
|-damage|p1a: Hatterene|61/100|[from] item: Rocky Helmet|[of] p2a: Garchomp
|
|upkeep
|turn|16
|inactive|Rikulum has 90 seconds left.
|
|t:|1778502973
|switch|p2a: Brambleghast|Brambleghast, M|100/100
|move|p1a: Hatterene|Draining Kiss|p2a: Brambleghast
|-damage|p2a: Brambleghast|59/100
|-heal|p1a: Hatterene|85/100|[from] drain|[of] p2a: Brambleghast
|
|upkeep
|turn|17
|
|t:|1778502985
|switch|p1a: Corviknight|Corviknight, M|100/100
|move|p2a: Brambleghast|Poltergeist|p1a: Corviknight
|-activate|p1a: Corviknight|move: Poltergeist|Rocky Helmet
|-damage|p1a: Corviknight|65/100
|
|upkeep
|turn|18
|
|t:|1778502995
|move|p2a: Brambleghast|Strength Sap|p1a: Corviknight
|-ability|p1a: Corviknight|Mirror Armor
|-unboost|p2a: Brambleghast|atk|1
|-heal|p2a: Brambleghast|100/100
|move|p1a: Corviknight|U-turn|p2a: Brambleghast
|-damage|p2a: Brambleghast|74/100
|
|t:|1778503003
|switch|p1a: Toxtricity|Toxtricity-Low-Key, M|100/100|[from] U-turn
|
|upkeep
|turn|19
|inactive|Rikulum has 90 seconds left.
|
|t:|1778503017
|switch|p2a: Iron Moth|Iron Moth|90/100
|move|p1a: Toxtricity|Sludge Wave|p2a: Iron Moth
|-resisted|p2a: Iron Moth
|-damage|p2a: Iron Moth|65/100
|
|upkeep
|turn|20
|
|t:|1778503028
|switch|p1a: Garchomp|Garchomp, M|100/100
|move|p2a: Iron Moth|Fiery Dance|p1a: Garchomp
|-resisted|p1a: Garchomp
|-damage|p1a: Garchomp|79/100
|-boost|p2a: Iron Moth|spa|1
|
|upkeep
|turn|21
|inactive|Rikulum has 90 seconds left.
|
|t:|1778503049
|-terastallize|p2a: Iron Moth|Grass
|move|p2a: Iron Moth|Fiery Dance|p1a: Garchomp
|-resisted|p1a: Garchomp
|-damage|p1a: Garchomp|45/100
|-boost|p2a: Iron Moth|spa|1
|move|p1a: Garchomp|Scale Shot|p2a: Iron Moth
|-damage|p2a: Iron Moth|47/100
|-damage|p2a: Iron Moth|26/100
|-damage|p2a: Iron Moth|7/100
|-damage|p2a: Iron Moth|0 fnt
|faint|p2a: Iron Moth
|-end|p2a: Iron Moth|Quark Drive|[silent]
|-hitcount|p2: Iron Moth|4
|-unboost|p1a: Garchomp|def|1
|-boost|p1a: Garchomp|spe|1
|
|upkeep
|inactive|Rikulum has 60 seconds left.
|
|t:|1778503085
|switch|p2a: Zamazenta|Zamazenta|100/100
|-ability|p2a: Zamazenta|Dauntless Shield|boost
|-boost|p2a: Zamazenta|def|1
|turn|22
|inactive|Rikulum has 60 seconds left.
|
|t:|1778503097
|switch|p1a: Hatterene|Hatterene, F|85/100
|move|p2a: Zamazenta|Iron Defense|p2a: Zamazenta
|-boost|p2a: Zamazenta|def|2
|
|upkeep
|turn|23
|inactive|Rikulum has 60 seconds left.
|
|t:|1778503114
|move|p2a: Zamazenta|Crunch|p1a: Hatterene
|-damage|p1a: Hatterene|61/100
|move|p1a: Hatterene|Draining Kiss|p2a: Zamazenta
|-supereffective|p2a: Zamazenta
|-damage|p2a: Zamazenta|61/100
|-heal|p1a: Hatterene|93/100|[from] drain|[of] p2a: Zamazenta
|
|upkeep
|turn|24
|inactive|Rikulum has 60 seconds left.
|
|t:|1778503132
|switch|p2a: Brambleghast|Brambleghast, M|74/100
|move|p1a: Hatterene|Draining Kiss|p2a: Brambleghast
|-damage|p2a: Brambleghast|36/100
|-heal|p1a: Hatterene|100/100|[from] drain|[of] p2a: Brambleghast
|
|upkeep
|turn|25
|
|t:|1778503142
|move|p2a: Brambleghast|Rapid Spin|p1a: Hatterene
|-damage|p1a: Hatterene|85/100
|-boost|p2a: Brambleghast|spe|1
|move|p1a: Hatterene|Mystical Fire|p2a: Brambleghast
|-supereffective|p2a: Brambleghast
|-damage|p2a: Brambleghast|0 fnt
|faint|p2a: Brambleghast
|
|upkeep
|l|‽vanllesco
|inactive|vanllesco disconnected and has a minute to reconnect!
|player|p1|
|-message|Rikulum forfeited.
|
|win|vanllesco
|raw|vanllesco's rating: 1211 &rarr; <strong>1227</strong><br />(+16 for winning)
|raw|Rikulum's rating: 1078 &rarr; <strong>1064</strong><br />(-14 for losing)
|l|☆Rikulum
|player|p2|
|j|‽vanllesco
|player|p1|vanllesco|hilbert|
|n|‽vanllesco|vanllesco
|l|‽vanllesco
|player|p1|
|j|‽vanllesco
|player|p1|vanllesco|hilbert|
|n|‽vanllesco|vanllesco
|l|‽vanllesco
|player|p1|
|j|‽vanllesco
|player|p1|vanllesco|hilbert|
|n|‽vanllesco|vanllesco
