|html|<div class="broadcast-blue"><strong>[Gen 9] OU is currently suspecting Volcarona! For information on how to participate check out the <a href="https://www.smogon.com/tools/suspects/view/208">suspect thread</a>.</strong></div>
|j|☆apple0910
|j|☆yandexit
|t:|1778515947
|gametype|singles
|player|p1|apple0910|hooligans|1217
|player|p2|yandexit|swimmer-gen4dp|1211
|gen|9
|tier|[Gen 9] OU
|rated|
|rule|HP Percentage Mod: HP is shown in percentages
|rule|Endless Battle Clause: Forcing endless battles is banned
|rule|Species Clause: Limit one of each Pokémon
|rule|OHKO Clause: OHKO moves are banned
|rule|Evasion Items Clause: Evasion items are banned
|rule|Evasion Moves Clause: Evasion moves are banned
|rule|Evasion Abilities Clause: Evasion abilities are banned
|rule|Sleep Moves Clause: Sleep-inducing moves are banned
|clearpoke
|poke|p1|Walking Wake|
|poke|p1|Dragonite, M|
|poke|p1|Pelipper, M|
|poke|p1|Great Tusk|
|poke|p1|Iron Crown|
|poke|p1|Greninja-*, M|
|poke|p2|Volcarona, F|
|poke|p2|Samurott-Hisui, M|
|poke|p2|Hydrapple, F|
|poke|p2|Landorus-Therian, M|
|poke|p2|Great Tusk|
|poke|p2|Gholdengo|
|teampreview
|inactive|Battle timer is ON: inactive players will automatically lose when time's up. (requested by yandexit)
|
|t:|1778515971
|teamsize|p1|6
|teamsize|p2|6
|start
|switch|p1a: Dragonite|Dragonite, M|100/100
|switch|p2a: Landorus|Landorus-Therian, M|100/100
|-ability|p2a: Landorus|Intimidate|boost
|-unboost|p1a: Dragonite|atk|1
|turn|1
|
|t:|1778515981
|switch|p1a: Pelipper|Pelipper, M|100/100
|-weather|RainDance|[from] ability: Drizzle|[of] p1a: Pelipper
|move|p2a: Landorus|U-turn|p1a: Pelipper
|-resisted|p1a: Pelipper
|-damage|p1a: Pelipper|90/100
|
|t:|1778515990
|switch|p2a: Samurott|Samurott-Hisui, M|100/100|[from] U-turn
|
|-weather|RainDance|[upkeep]
|upkeep
|turn|2
|
|t:|1778515994
|move|p2a: Samurott|Ceaseless Edge|p1a: Pelipper
|-damage|p1a: Pelipper|57/100
|-sidestart|p1: apple0910|Spikes
|move|p1a: Pelipper|U-turn|p2a: Samurott
|-supereffective|p2a: Samurott
|-crit|p2a: Samurott
|-damage|p2a: Samurott|69/100
|
|t:|1778516003
|switch|p1a: Dragonite|Dragonite, M|100/100|[from] U-turn
|
|-weather|RainDance|[upkeep]
|upkeep
|turn|3
|
|t:|1778516016
|switch|p2a: Great Tusk|Great Tusk|100/100
|move|p1a: Dragonite|Thunder|p2a: Great Tusk
|-immune|p2a: Great Tusk
|
|-weather|RainDance|[upkeep]
|upkeep
|turn|4
|
|t:|1778516031
|switch|p1a: Iron Crown|Iron Crown|100/100
|-damage|p1a: Iron Crown|88/100|[from] Spikes
|move|p2a: Great Tusk|Ice Spinner|p1a: Iron Crown
|-resisted|p1a: Iron Crown
|-damage|p1a: Iron Crown|72/100
|
|-weather|RainDance|[upkeep]
|upkeep
|turn|5
|
|t:|1778516048
|-end|p2a: Great Tusk|Protosynthesis|[silent]
|switch|p2a: Hydrapple|Hydrapple, F|100/100
|move|p1a: Iron Crown|Focus Blast|p2a: Hydrapple|[miss]
|-miss|p1a: Iron Crown|p2a: Hydrapple
|
|-weather|RainDance|[upkeep]
|upkeep
|turn|6
|
|t:|1778516056
|-end|p1a: Iron Crown|Quark Drive|[silent]
|switch|p1a: Pelipper|Pelipper, M|57/100
|move|p2a: Hydrapple|Earth Power|p1a: Pelipper
|-immune|p1a: Pelipper
|
|-weather|RainDance|[upkeep]
|upkeep
|turn|7
|
|t:|1778516064
|move|p2a: Hydrapple|Fickle Beam|p1a: Pelipper|[anim] Fickle Beam All Out
|-activate|p2a: Hydrapple|move: Fickle Beam
|-damage|p1a: Pelipper|0 fnt
|faint|p1a: Pelipper
|
|-weather|RainDance|[upkeep]
|upkeep
|
|t:|1778516071
|switch|p1a: Walking Wake|Walking Wake|100/100
|-damage|p1a: Walking Wake|88/100|[from] Spikes
|-enditem|p1a: Walking Wake|Booster Energy
|-activate|p1a: Walking Wake|ability: Protosynthesis|[fromitem]
|-start|p1a: Walking Wake|protosynthesisspe
|turn|8
|
|t:|1778516092
|switch|p2a: Gholdengo|Gholdengo|100/100
|move|p1a: Walking Wake|Dragon Claw|p2a: Gholdengo
|-resisted|p2a: Gholdengo
|-damage|p2a: Gholdengo|82/100
|
|-weather|none
|upkeep
|turn|9
|
|t:|1778516099
|move|p1a: Walking Wake|Liquidation|p2a: Gholdengo
|-damage|p2a: Gholdengo|45/100
|move|p2a: Gholdengo|Shadow Ball|p1a: Walking Wake
|-damage|p1a: Walking Wake|33/100
|
|upkeep
|turn|10
|
|t:|1778516110
|switch|p2a: Hydrapple|Hydrapple, F|100/100
|move|p1a: Walking Wake|Liquidation|p2a: Hydrapple
|-resisted|p2a: Hydrapple
|-damage|p2a: Hydrapple|95/100
|-unboost|p2a: Hydrapple|def|1
|-damage|p1a: Walking Wake|16/100|[from] item: Rocky Helmet|[of] p2a: Hydrapple
|
|upkeep
|turn|11
|
|t:|1778516122
|move|p1a: Walking Wake|Dragon Claw|p2a: Hydrapple
|-supereffective|p2a: Hydrapple
|-damage|p2a: Hydrapple|43/100
|-damage|p1a: Walking Wake|0 fnt|[from] item: Rocky Helmet|[of] p2a: Hydrapple
|faint|p1a: Walking Wake
|-end|p1a: Walking Wake|Protosynthesis|[silent]
|move|p2a: Hydrapple|Giga Drain|p1: Walking Wake|[notarget]
|-fail|p2a: Hydrapple
|
|upkeep
|
|t:|1778516129
|switch|p1a: Greninja|Greninja, M|100/100
|-damage|p1a: Greninja|88/100|[from] Spikes
|turn|12
|inactive|yandexit has 120 seconds left.
|
|t:|1778516162
|switch|p2a: Samurott|Samurott-Hisui, M|69/100
|move|p1a: Greninja|Gunk Shot|p2a: Samurott
|-damage|p2a: Samurott|33/100
|-status|p2a: Samurott|psn
|-damage|p1a: Greninja|78/100|[from] item: Life Orb
|
|-damage|p2a: Samurott|20/100 psn|[from] psn
|upkeep
|turn|13
|
|t:|1778516168
|move|p1a: Greninja|Water Shuriken|p2a: Samurott
|-resisted|p2a: Samurott
|-damage|p2a: Samurott|17/100 psn
|-resisted|p2a: Samurott
|-damage|p2a: Samurott|14/100 psn
|-hitcount|p2a: Samurott|2
|-damage|p1a: Greninja|69/100|[from] item: Life Orb
|move|p2a: Samurott|Sucker Punch||[still]
|-fail|p2a: Samurott
|
|-damage|p2a: Samurott|2/100 psn|[from] psn
|upkeep
|turn|14
|
|t:|1778516178
|move|p1a: Greninja|Water Shuriken|p2a: Samurott
|-resisted|p2a: Samurott
|-damage|p2a: Samurott|0 fnt
|faint|p2a: Samurott
|-ability|p1a: Greninja|Battle Bond|boost
|-boost|p1a: Greninja|atk|1
|-boost|p1a: Greninja|spa|1
|-boost|p1a: Greninja|spe|1
|-activate|p1a: Greninja|ability: Battle Bond
|-hitcount|p2: Samurott|1
|-damage|p1a: Greninja|59/100|[from] item: Life Orb
|
|upkeep
|
|t:|1778516191
|switch|p2a: Hydrapple|Hydrapple, F|76/100
|turn|15
|
|t:|1778516194
|move|p1a: Greninja|Gunk Shot|p2a: Hydrapple
|-supereffective|p2a: Hydrapple
|-crit|p2a: Hydrapple
|-damage|p2a: Hydrapple|0 fnt
|faint|p2a: Hydrapple
|-damage|p1a: Greninja|49/100|[from] item: Life Orb
|
|upkeep
|
|t:|1778516207
|switch|p2a: Landorus|Landorus-Therian, M|100/100
|-ability|p2a: Landorus|Intimidate|boost
|-unboost|p1a: Greninja|atk|1
|turn|16
|
|t:|1778516215
|move|p1a: Greninja|Hydro Pump|p2a: Landorus
|-supereffective|p2a: Landorus
|-damage|p2a: Landorus|0 fnt
|faint|p2a: Landorus
|-damage|p1a: Greninja|39/100|[from] item: Life Orb
|
|upkeep
|
|t:|1778516224
|switch|p2a: Great Tusk|Great Tusk|100/100
|turn|17
|
|t:|1778516231
|move|p1a: Greninja|Hydro Pump|p2a: Great Tusk
|-supereffective|p2a: Great Tusk
|-damage|p2a: Great Tusk|0 fnt
|faint|p2a: Great Tusk
|-end|p2a: Great Tusk|Protosynthesis|[silent]
|-damage|p1a: Greninja|29/100|[from] item: Life Orb
|
|upkeep
|
|t:|1778516235
|switch|p2a: Volcarona|Volcarona, F|100/100
|turn|18
|
|t:|1778516242
|move|p1a: Greninja|Hydro Pump|p2a: Volcarona
|-supereffective|p2a: Volcarona
|-damage|p2a: Volcarona|0 fnt
|faint|p2a: Volcarona
|-damage|p1a: Greninja|19/100|[from] item: Life Orb
|
|upkeep
|
|t:|1778516244
|switch|p2a: Gholdengo|Gholdengo|45/100
|turn|19
|
|t:|1778516251
|move|p1a: Greninja|Dark Pulse|p2a: Gholdengo
|-supereffective|p2a: Gholdengo
|-damage|p2a: Gholdengo|0 fnt
|faint|p2a: Gholdengo
|-damage|p1a: Greninja|10/100|[from] item: Life Orb
|
|win|apple0910
|raw|apple0910's rating: 1217 &rarr; <strong>1242</strong><br />(+25 for winning)
|raw|yandexit's rating: 1211 &rarr; <strong>1186</strong><br />(-25 for losing)
