|html|<div class="broadcast-blue"><strong>[Gen 9] OU is currently suspecting Tera Blast! For information on how to participate check out the <a href="https://www.smogon.com/tools/suspects/view/200">suspect thread</a>.</strong></div>
|j|☆miaoTV-青
|j|☆bahnmiking
|t:|1776074624
|gametype|singles
|player|p1|miaoTV-青|elesa|1823
|player|p2|bahnmiking|bianca|1681
|gen|9
|tier|[Gen 9] OU
|rated|
|rule|HP Percentage Mod: HP is shown in percentages
|rule|Endless Battle Clause: Forcing endless battles is banned
|rule|Species Clause: Limit one of each Pokémon
|rule|OHKO Clause: OHKO moves are banned
|rule|Evasion Items Clause: Evasion items are banned
|rule|Evasion Moves Clause: Evasion moves are banned
|rule|Evasion Abilities Clause: Evasion abilities are banned
|rule|Sleep Moves Clause: Sleep-inducing moves are banned
|clearpoke
|poke|p1|Ogerpon-Wellspring, F|
|poke|p1|Dondozo, M|
|poke|p1|Cinderace, F|
|poke|p1|Landorus-Therian, M|
|poke|p1|Slowking-Galar, L99, M|
|poke|p1|Tyranitar, M|
|poke|p2|Gholdengo|
|poke|p2|Raging Bolt|
|poke|p2|Ceruledge, M|
|poke|p2|Ribombee, M|
|poke|p2|Dragonite, M|
|poke|p2|Great Tusk|
|teampreview
|
|t:|1776074632
|teamsize|p1|6
|teamsize|p2|6
|start
|switch|p1a: 江母狗|Ogerpon-Wellspring, F|100/100
|switch|p2a: Ribombee|Ribombee, M|100/100
|turn|1
|
|t:|1776074636
|move|p2a: Ribombee|Sticky Web|p1a: 江母狗
|-sidestart|p1: miaoTV-青|move: Sticky Web
|move|p1a: 江母狗|Horn Leech|p2a: Ribombee
|-resisted|p2a: Ribombee
|-damage|p2a: Ribombee|60/100
|
|upkeep
|turn|2
|
|t:|1776074647
|move|p2a: Ribombee|Moonblast|p1a: 江母狗
|-crit|p1a: 江母狗
|-damage|p1a: 江母狗|31/100
|move|p1a: 江母狗|Horn Leech|p2a: Ribombee
|-resisted|p2a: Ribombee
|-damage|p2a: Ribombee|16/100
|-heal|p1a: 江母狗|50/100|[from] drain|[of] p2a: Ribombee
|
|upkeep
|turn|3
|
|t:|1776074653
|move|p2a: Ribombee|Moonblast|p1a: 江母狗
|-damage|p1a: 江母狗|1/100
|move|p1a: 江母狗|Horn Leech|p2a: Ribombee
|-resisted|p2a: Ribombee
|-damage|p2a: Ribombee|0 fnt
|-heal|p1a: 江母狗|8/100|[from] drain|[of] p2a: Ribombee
|faint|p2a: Ribombee
|
|upkeep
|
|t:|1776074668
|switch|p2a: Raging Bolt|Raging Bolt|100/100
|-enditem|p2a: Raging Bolt|Booster Energy
|-activate|p2a: Raging Bolt|ability: Protosynthesis|[fromitem]
|-start|p2a: Raging Bolt|protosynthesisspa
|turn|4
|
|t:|1776074672
|switch|p1a: 毛腊肉|Tyranitar, M|100/100
|-activate|p1a: 毛腊肉|move: Sticky Web
|-unboost|p1a: 毛腊肉|spe|1
|-weather|Sandstorm|[from] ability: Sand Stream|[of] p1a: 毛腊肉
|move|p2a: Raging Bolt|Thunderclap||[still]
|-fail|p2a: Raging Bolt
|
|-weather|Sandstorm|[upkeep]
|-damage|p2a: Raging Bolt|94/100|[from] Sandstorm
|upkeep
|turn|5
|
|t:|1776074680
|-end|p2a: Raging Bolt|Protosynthesis|[silent]
|switch|p2a: Great Tusk|Great Tusk|100/100
|-enditem|p2a: Great Tusk|Booster Energy
|-activate|p2a: Great Tusk|ability: Protosynthesis|[fromitem]
|-start|p2a: Great Tusk|protosynthesisatk
|move|p1a: 毛腊肉|Ice Beam|p2a: Great Tusk
|-supereffective|p2a: Great Tusk
|-damage|p2a: Great Tusk|9/100
|
|-weather|Sandstorm|[upkeep]
|upkeep
|turn|6
|
|t:|1776074691
|switch|p1a: 庆丰帝|Slowking-Galar, L99, M, shiny|100/100
|-activate|p1a: 庆丰帝|move: Sticky Web
|-unboost|p1a: 庆丰帝|spe|1
|move|p2a: Great Tusk|Ice Spinner|p1a: 庆丰帝
|-damage|p1a: 庆丰帝|71/100
|-damage|p2a: Great Tusk|0 fnt|[from] item: Rocky Helmet|[of] p1a: 庆丰帝
|faint|p2a: Great Tusk
|-end|p2a: Great Tusk|Protosynthesis|[silent]
|
|-weather|Sandstorm|[upkeep]
|-damage|p1a: 庆丰帝|65/100|[from] Sandstorm
|upkeep
|
|t:|1776074702
|switch|p2a: Gholdengo|Gholdengo|100/100
|-item|p2a: Gholdengo|Air Balloon
|turn|7
|
|t:|1776074706
|switch|p1a: 红小将|Cinderace, F|100/100
|move|p2a: Gholdengo|Nasty Plot|p2a: Gholdengo
|-boost|p2a: Gholdengo|spa|2
|
|-weather|Sandstorm|[upkeep]
|-damage|p1a: 红小将|95/100|[from] Sandstorm
|upkeep
|turn|8
|
|t:|1776074715
|-terastallize|p2a: Gholdengo|Fairy
|move|p1a: 红小将|Court Change|p1a: 红小将
|-start|p1a: 红小将|typechange|Normal|[from] ability: Libero
|-swapsideconditions
|-activate|p1a: 红小将|move: Court Change
|move|p2a: Gholdengo|Shadow Ball|p1a: 红小将
|-immune|p1a: 红小将
|
|-weather|none
|upkeep
|turn|9
|
|t:|1776074723
|move|p1a: 红小将|U-turn|p2a: Gholdengo
|-resisted|p2a: Gholdengo
|-damage|p2a: Gholdengo|87/100
|-enditem|p2a: Gholdengo|Air Balloon
|
|t:|1776074725
|switch|p1a: 江母狗|Ogerpon-Wellspring, F|8/100|[from] U-turn
|move|p2a: Gholdengo|Dazzling Gleam|p1a: 江母狗
|-damage|p1a: 江母狗|0 fnt
|faint|p1a: 江母狗
|
|upkeep
|j| gsdfgsfsfes
|
|t:|1776074735
|switch|p1a: 红小将|Cinderace, F|95/100
|turn|10
|
|t:|1776074740
|move|p1a: 红小将|Pyro Ball|p2a: Gholdengo
|-damage|p2a: Gholdengo|11/100
|move|p2a: Gholdengo|Shadow Ball|p1a: 红小将
|-damage|p1a: 红小将|0 fnt
|faint|p1a: 红小将
|
|upkeep
|
|t:|1776074744
|switch|p1a: 林统帅(未坠机版)|Landorus-Therian, M|100/100
|-ability|p1a: 林统帅(未坠机版)|Intimidate|boost
|-unboost|p2a: Gholdengo|atk|1
|turn|11
|
|t:|1776074747
|move|p1a: 林统帅(未坠机版)|U-turn|p2a: Gholdengo
|-resisted|p2a: Gholdengo
|-damage|p2a: Gholdengo|0 fnt
|faint|p2a: Gholdengo
|
|t:|1776074751
|switch|p1a: 庆丰帝|Slowking-Galar, L99, M, shiny|98/100|[from] U-turn
|
|upkeep
|
|t:|1776074755
|switch|p2a: Ceruledge|Ceruledge, M|100/100
|-activate|p2a: Ceruledge|move: Sticky Web
|-unboost|p2a: Ceruledge|spe|1
|turn|12
|
|t:|1776074762
|switch|p1a: 水晶棺|Dondozo, M|100/100
|move|p2a: Ceruledge|Poltergeist|p1a: 水晶棺
|-activate|p1a: 水晶棺|move: Poltergeist|Chesto Berry
|-damage|p1a: 水晶棺|72/100
|
|upkeep
|turn|13
|
|t:|1776074768
|switch|p2a: Raging Bolt|Raging Bolt|94/100
|-activate|p2a: Raging Bolt|move: Sticky Web
|-unboost|p2a: Raging Bolt|spe|1
|switch|p1a: 毛腊肉|Tyranitar, M|100/100
|-weather|Sandstorm|[from] ability: Sand Stream|[of] p1a: 毛腊肉
|
|-weather|Sandstorm|[upkeep]
|-damage|p2a: Raging Bolt|88/100|[from] Sandstorm
|upkeep
|turn|14
|
|t:|1776074772
|move|p1a: 毛腊肉|Ice Beam|p2a: Raging Bolt
|-supereffective|p2a: Raging Bolt
|-damage|p2a: Raging Bolt|38/100
|move|p2a: Raging Bolt|Calm Mind|p2a: Raging Bolt
|-boost|p2a: Raging Bolt|spa|1
|-boost|p2a: Raging Bolt|spd|1
|
|-weather|Sandstorm|[upkeep]
|-damage|p2a: Raging Bolt|32/100|[from] Sandstorm
|upkeep
|turn|15
|c|☆bahnmiking|Are you Chinese or Taiwanese
|inactive|Battle timer is ON: inactive players will automatically lose when time's up. (requested by miaoTV-青)
|c|☆bahnmiking|ANSWER ME
|c|☆miaoTV-青|chinese
|inactive|bahnmiking has 120 seconds left.
|c|☆bahnmiking|Taiwan #1, Japan #1
|-message|bahnmiking forfeited.
|
|win|miaoTV-青
|raw|miaoTV-青's rating: 1823 &rarr; <strong>1835</strong><br />(+12 for winning)
|raw|bahnmiking's rating: 1681 &rarr; <strong>1669</strong><br />(-12 for losing)
|c|☆miaoTV-青|where r u from
|l|☆miaoTV-青
|player|p1|
