|html|<div class="broadcast-blue"><strong>[Gen 9] OU is currently suspecting Tera Blast! For information on how to participate check out the <a href="https://www.smogon.com/tools/suspects/view/200">suspect thread</a>.</strong></div>
|j|☆atrainerfromakron
|j|☆icylikedecember
|t:|1776069836
|gametype|singles
|player|p1|atrainerfromakron|n|1570
|player|p2|icylikedecember|skierf|1589
|gen|9
|tier|[Gen 9] OU
|rated|
|rule|HP Percentage Mod: HP is shown in percentages
|rule|Endless Battle Clause: Forcing endless battles is banned
|rule|Species Clause: Limit one of each Pokémon
|rule|OHKO Clause: OHKO moves are banned
|rule|Evasion Items Clause: Evasion items are banned
|rule|Evasion Moves Clause: Evasion moves are banned
|rule|Evasion Abilities Clause: Evasion abilities are banned
|rule|Sleep Moves Clause: Sleep-inducing moves are banned
|clearpoke
|poke|p1|Regirock|
|poke|p1|Great Tusk|
|poke|p1|Ogerpon-Wellspring, F|
|poke|p1|Deoxys-Speed|
|poke|p1|Dragonite, M|
|poke|p1|Pecharunt|
|poke|p2|Landorus-Therian, M|
|poke|p2|Corviknight, M|
|poke|p2|Slowking-Galar, M|
|poke|p2|Crawdaunt, M|
|poke|p2|Darkrai|
|poke|p2|Gholdengo|
|teampreview
|inactive|Battle timer is ON: inactive players will automatically lose when time's up. (requested by atrainerfromakron)
|
|t:|1776069843
|teamsize|p1|6
|teamsize|p2|6
|start
|switch|p1a: Regirock|Regirock|100/100
|switch|p2a: Slowking|Slowking-Galar, M, shiny|100/100
|turn|1
|
|t:|1776069869
|switch|p2a: Crawdaunt|Crawdaunt, M|100/100
|move|p1a: Regirock|Stealth Rock|p2a: Crawdaunt
|-sidestart|p2: icylikedecember|move: Stealth Rock
|
|upkeep
|turn|2
|
|t:|1776069878
|move|p2a: Crawdaunt|Knock Off|p1a: Regirock
|-damage|p1a: Regirock|47/100
|-enditem|p1a: Regirock|Custap Berry|[from] move: Knock Off|[of] p2a: Crawdaunt
|move|p1a: Regirock|Explosion|p2a: Crawdaunt
|-damage|p2a: Crawdaunt|0 fnt
|faint|p1a: Regirock
|faint|p2a: Crawdaunt
|
|upkeep
|
|t:|1776069887
|switch|p2a: Corviknight|Corviknight, M, shiny|100/100
|switch|p1a: Deoxys|Deoxys-Speed|100/100
|-ability|p1a: Deoxys|Pressure
|-damage|p2a: Corviknight|88/100|[from] Stealth Rock
|-ability|p2a: Corviknight|Pressure
|turn|3
|
|t:|1776069895
|move|p1a: Deoxys|Light Screen|p1a: Deoxys
|-sidestart|p1: atrainerfromakron|move: Light Screen
|move|p2a: Corviknight|U-turn|p1a: Deoxys
|-supereffective|p1a: Deoxys
|-damage|p1a: Deoxys|71/100
|
|t:|1776069901
|switch|p2a: Slowking|Slowking-Galar, M, shiny|100/100|[from] U-turn
|-damage|p2a: Slowking|88/100|[from] Stealth Rock
|
|upkeep
|turn|4
|
|t:|1776069907
|switch|p2a: Corviknight|Corviknight, M, shiny|88/100
|-damage|p2a: Corviknight|76/100|[from] Stealth Rock
|-ability|p2a: Corviknight|Pressure
|move|p1a: Deoxys|Reflect|p1a: Deoxys
|-sidestart|p1: atrainerfromakron|Reflect
|
|-heal|p2a: Corviknight|82/100|[from] item: Leftovers
|upkeep
|turn|5
|
|t:|1776069910
|move|p2a: Corviknight|Defog|p1a: Deoxys
|-unboost|p1a: Deoxys|evasion|1
|-sideend|p1: atrainerfromakron|Reflect
|-sideend|p1: atrainerfromakron|move: Light Screen
|-sideend|p2: icylikedecember|Stealth Rock|[from] move: Defog|[of] p2a: Corviknight
|move|p1a: Deoxys|Teleport|p1a: Deoxys
|
|t:|1776069913
|switch|p1a: Pecharunt|Pecharunt|100/100|[from] Teleport
|
|-heal|p2a: Corviknight|88/100|[from] item: Leftovers
|upkeep
|turn|6
|
|t:|1776069918
|move|p1a: Pecharunt|Shadow Ball|p2a: Corviknight
|-damage|p2a: Corviknight|65/100
|-unboost|p2a: Corviknight|spd|1
|move|p2a: Corviknight|U-turn|p1a: Pecharunt
|-resisted|p1a: Pecharunt
|-damage|p1a: Pecharunt|98/100
|
|t:|1776069920
|switch|p2a: Darkrai|Darkrai|100/100|[from] U-turn
|
|-heal|p1a: Pecharunt|100/100|[from] item: Leftovers
|upkeep
|turn|7
|
|t:|1776069935
|move|p2a: Darkrai|Dark Pulse|p1a: Pecharunt
|-supereffective|p1a: Pecharunt
|-damage|p1a: Pecharunt|0 fnt
|faint|p1a: Pecharunt
|
|upkeep
|
|t:|1776069941
|switch|p1a: Deoxys|Deoxys-Speed|71/100
|-ability|p1a: Deoxys|Pressure
|turn|8
|
|t:|1776069945
|move|p1a: Deoxys|Light Screen|p1a: Deoxys
|-sidestart|p1: atrainerfromakron|move: Light Screen
|move|p2a: Darkrai|Dark Pulse|p1a: Deoxys
|-supereffective|p1a: Deoxys
|-damage|p1a: Deoxys|11/100
|
|upkeep
|turn|9
|
|t:|1776069949
|switch|p2a: Corviknight|Corviknight, M, shiny|65/100
|-ability|p2a: Corviknight|Pressure
|move|p1a: Deoxys|Teleport|p1a: Deoxys
|
|t:|1776069951
|switch|p1a: Ogerpon|Ogerpon-Wellspring, F|100/100|[from] Teleport
|
|-heal|p2a: Corviknight|71/100|[from] item: Leftovers
|upkeep
|turn|10
|
|t:|1776069970
|-terastallize|p1a: Ogerpon|Water
|detailschange|p1a: Ogerpon|Ogerpon-Wellspring-Tera, F, tera:Water
|-ability|p1a: Ogerpon|Embody Aspect (Wellspring)|boost
|-boost|p1a: Ogerpon|spd|1
|move|p1a: Ogerpon|Swords Dance|p1a: Ogerpon
|-boost|p1a: Ogerpon|atk|2
|move|p2a: Corviknight|U-turn|p1a: Ogerpon
|-damage|p1a: Ogerpon|82/100
|
|t:|1776069978
|switch|p2a: Landorus|Landorus-Therian, M|100/100|[from] U-turn
|-ability|p2a: Landorus|Intimidate|boost
|-unboost|p1a: Ogerpon|atk|1
|
|upkeep
|turn|11
|
|t:|1776069986
|-terastallize|p2a: Landorus|Water
|move|p1a: Ogerpon|Ivy Cudgel|p2a: Landorus|[anim] Ivy Cudgel Water
|-resisted|p2a: Landorus
|-damage|p2a: Landorus|40/100
|move|p2a: Landorus|Earthquake|p1a: Ogerpon
|-damage|p1a: Ogerpon|22/100
|
|upkeep
|turn|12
|
|t:|1776069996
|move|p1a: Ogerpon|Horn Leech|p2a: Landorus
|-supereffective|p2a: Landorus
|-damage|p2a: Landorus|0 fnt
|-heal|p1a: Ogerpon|47/100|[from] drain|[of] p2a: Landorus
|-damage|p1a: Ogerpon|31/100|[from] item: Rocky Helmet|[of] p2a: Landorus
|faint|p2a: Landorus
|
|upkeep
|
|t:|1776070009
|switch|p2a: Darkrai|Darkrai|100/100
|turn|13
|
|t:|1776070012
|move|p2a: Darkrai|Dark Pulse|p1a: Ogerpon
|-damage|p1a: Ogerpon|14/100
|cant|p1a: Ogerpon|flinch
|
|upkeep
|turn|14
|
|t:|1776070017
|move|p2a: Darkrai|Dark Pulse|p1a: Ogerpon
|-damage|p1a: Ogerpon|0 fnt
|faint|p1a: Ogerpon
|detailschange|p1: Ogerpon|Ogerpon-Wellspring, F|[silent]
|
|upkeep
|c|☆atrainerfromakron|great game
|-message|atrainerfromakron forfeited.
|
|win|icylikedecember
|raw|atrainerfromakron's rating: 1570 &rarr; <strong>1551</strong><br />(-19 for losing)
|raw|icylikedecember's rating: 1589 &rarr; <strong>1608</strong><br />(+19 for winning)
|l|☆atrainerfromakron
|player|p1|
|l|☆icylikedecember
|player|p2|
