|html|<div class="broadcast-blue"><strong>[Gen 9] OU is currently suspecting Tera Blast! For information on how to participate check out the <a href="https://www.smogon.com/tools/suspects/view/200">suspect thread</a>.</strong></div>
|j|☆Skiddris
|j|☆twoflowersluggage
|t:|1776032122
|gametype|singles
|player|p1|Skiddris|artist|1520
|player|p2|twoflowersluggage|pokefan-gen6|1553
|gen|9
|tier|[Gen 9] OU
|rated|
|rule|HP Percentage Mod: HP is shown in percentages
|rule|Endless Battle Clause: Forcing endless battles is banned
|rule|Species Clause: Limit one of each Pokémon
|rule|OHKO Clause: OHKO moves are banned
|rule|Evasion Items Clause: Evasion items are banned
|rule|Evasion Moves Clause: Evasion moves are banned
|rule|Evasion Abilities Clause: Evasion abilities are banned
|rule|Sleep Moves Clause: Sleep-inducing moves are banned
|clearpoke
|poke|p1|Ribombee, M|
|poke|p1|Cinderace, F|
|poke|p1|Serperior, M|
|poke|p1|Mimikyu, M|
|poke|p1|Dragapult, F|
|poke|p1|Bisharp, F|
|poke|p2|Hatterene, F|
|poke|p2|Ursaluna, M|
|poke|p2|Porygon2|
|poke|p2|Cresselia, F|
|poke|p2|Iron Hands|
|poke|p2|Volcanion|
|teampreview
|inactive|Battle timer is ON: inactive players will automatically lose when time's up. (requested by Skiddris)
|
|t:|1776032142
|teamsize|p1|6
|teamsize|p2|6
|start
|switch|p1a: Sticky goes Brrr|Ribombee, M, shiny|100/100
|switch|p2a: Volcanion|Volcanion|100/100
|turn|1
|
|t:|1776032152
|move|p1a: Sticky goes Brrr|Sticky Web|p2a: Volcanion
|-sidestart|p2: twoflowersluggage|move: Sticky Web
|move|p2a: Volcanion|Steam Eruption|p1a: Sticky goes Brrr
|-enditem|p1a: Sticky goes Brrr|Focus Sash
|-damage|p1a: Sticky goes Brrr|1/100
|
|upkeep
|turn|2
|
|t:|1776032168
|move|p1a: Sticky goes Brrr|Stun Spore|p2a: Volcanion
|-status|p2a: Volcanion|par
|move|p2a: Volcanion|Steam Eruption|p1a: Sticky goes Brrr
|-damage|p1a: Sticky goes Brrr|0 fnt
|faint|p1a: Sticky goes Brrr
|
|upkeep
|
|t:|1776032179
|switch|p1a: B-2 Spirit|Dragapult, F|100/100
|turn|3
|
|t:|1776032184
|move|p1a: B-2 Spirit|Thunderbolt|p2a: Volcanion
|-supereffective|p2a: Volcanion
|-damage|p2a: Volcanion|28/100 par
|-damage|p1a: B-2 Spirit|91/100|[from] item: Life Orb
|move|p2a: Volcanion|Steam Eruption|p1a: B-2 Spirit
|-resisted|p1a: B-2 Spirit
|-damage|p1a: B-2 Spirit|24/100
|
|upkeep
|turn|4
|
|t:|1776032191
|switch|p2a: Cresselia|Cresselia, F, shiny|100/100
|move|p1a: B-2 Spirit|Thunderbolt|p2a: Cresselia
|-damage|p2a: Cresselia|80/100
|-status|p2a: Cresselia|par
|-damage|p1a: B-2 Spirit|15/100|[from] item: Life Orb
|
|upkeep
|turn|5
|
|t:|1776032205
|switch|p1a: VendVoiture|Cinderace, F|100/100
|cant|p2a: Cresselia|par
|
|upkeep
|turn|6
|
|t:|1776032208
|move|p1a: VendVoiture|Court Change|p1a: VendVoiture
|-swapsideconditions
|-activate|p1a: VendVoiture|move: Court Change
|move|p2a: Cresselia|Trick Room|p2a: Cresselia
|-fieldstart|move: Trick Room|[of] p2a: Cresselia
|
|upkeep
|turn|7
|
|t:|1776032237
|move|p2a: Cresselia|Lunar Dance|p2a: Cresselia
|faint|p2a: Cresselia
|move|p1a: VendVoiture|U-turn|p2: Cresselia|[notarget]
|-fail|p1a: VendVoiture
|
|upkeep
|
|t:|1776032242
|switch|p2a: Volcanion|Volcanion|28/100 par
|-heal|p2a: Volcanion|100/100|[from] move: Lunar Dance
|turn|8
|inactive|Skiddris has 120 seconds left.
|
|t:|1776032293
|switch|p1a: Hmmm so cozy|Serperior, M|100/100
|-activate|p1a: Hmmm so cozy|move: Sticky Web
|-boost|p1a: Hmmm so cozy|spe|1
|move|p2a: Volcanion|Steam Eruption|p1a: Hmmm so cozy
|-resisted|p1a: Hmmm so cozy
|-damage|p1a: Hmmm so cozy|38/100
|-status|p1a: Hmmm so cozy|brn
|
|-heal|p1a: Hmmm so cozy|44/100 brn|[from] item: Leftovers
|-damage|p1a: Hmmm so cozy|38/100 brn|[from] brn
|upkeep
|turn|9
|
|t:|1776032311
|switch|p1a: B-2 Spirit|Dragapult, F|15/100
|-activate|p1a: B-2 Spirit|move: Sticky Web
|-fail|p1a: B-2 Spirit|unboost|[from] ability: Clear Body|[of] p1a: B-2 Spirit
|move|p2a: Volcanion|Steam Eruption|p1a: B-2 Spirit|[miss]
|-miss|p2a: Volcanion|p1a: B-2 Spirit
|
|upkeep
|turn|10
|
|t:|1776032317
|move|p2a: Volcanion|Steam Eruption|p1a: B-2 Spirit
|-resisted|p1a: B-2 Spirit
|-damage|p1a: B-2 Spirit|0 fnt
|faint|p1a: B-2 Spirit
|
|-fieldend|move: Trick Room
|upkeep
|
|t:|1776032328
|switch|p1a: Hmmm so cozy|Serperior, M|38/100 brn
|-activate|p1a: Hmmm so cozy|move: Sticky Web
|-boost|p1a: Hmmm so cozy|spe|1
|turn|11
|
|t:|1776032333
|move|p1a: Hmmm so cozy|Leaf Storm|p2a: Volcanion
|-damage|p2a: Volcanion|53/100
|-boost|p1a: Hmmm so cozy|spa|2
|move|p2a: Volcanion|Steam Eruption|p1a: Hmmm so cozy
|-resisted|p1a: Hmmm so cozy
|-damage|p1a: Hmmm so cozy|0 fnt
|faint|p1a: Hmmm so cozy
|
|upkeep
|
|t:|1776032343
|switch|p1a: why no kingambit?|Bisharp, F|100/100
|-activate|p1a: why no kingambit?|move: Sticky Web
|-unboost|p1a: why no kingambit?|spe|1
|-ability|p1a: why no kingambit?|Defiant|boost
|-boost|p1a: why no kingambit?|atk|2
|turn|12
|
|t:|1776032372
|switch|p2a: Porygon2|Porygon2|100/100
|-ability|p2a: Porygon2|Download|boost
|-boost|p2a: Porygon2|spa|1
|move|p1a: why no kingambit?|Throat Chop|p2a: Porygon2
|-damage|p2a: Porygon2|39/100
|-start|p2a: Porygon2|Throat Chop|[silent]
|
|upkeep
|turn|13
|
|t:|1776032381
|move|p1a: why no kingambit?|Throat Chop|p2a: Porygon2
|-damage|p2a: Porygon2|0 fnt
|faint|p2a: Porygon2
|
|upkeep
|
|t:|1776032388
|switch|p2a: Ursaluna|Ursaluna, M|100/100
|turn|14
|inactive|twoflowersluggage has 120 seconds left.
|
|t:|1776032419
|switch|p1a: Introvert boy|Mimikyu, M|100/100
|-activate|p1a: Introvert boy|move: Sticky Web
|-unboost|p1a: Introvert boy|spe|1
|move|p2a: Ursaluna|Protect||[still]
|-fail|p2a: Ursaluna
|
|-status|p2a: Ursaluna|brn|[from] item: Flame Orb
|upkeep
|turn|15
|inactive|Skiddris has 120 seconds left.
|
|t:|1776032447
|move|p1a: Introvert boy|Play Rough|p2a: Ursaluna
|-damage|p2a: Ursaluna|76/100 brn
|move|p2a: Ursaluna|Fire Punch|p1a: Introvert boy
|-activate|p1a: Introvert boy|ability: Disguise
|-damage|p1a: Introvert boy|100/100
|detailschange|p1a: Introvert boy|Mimikyu-Busted, M
|-damage|p1a: Introvert boy|88/100|[from] pokemon: Mimikyu-Busted
|-enditem|p1a: Introvert boy|Red Card|[of] p2a: Ursaluna
|drag|p2a: Iron Hands|Iron Hands|100/100
|-enditem|p2a: Iron Hands|Booster Energy
|-activate|p2a: Iron Hands|ability: Quark Drive|[fromitem]
|-start|p2a: Iron Hands|quarkdriveatk
|
|upkeep
|turn|16
|inactive|twoflowersluggage has 120 seconds left.
|
|t:|1776032464
|move|p1a: Introvert boy|Play Rough|p2a: Iron Hands
|-supereffective|p2a: Iron Hands
|-damage|p2a: Iron Hands|51/100
|move|p2a: Iron Hands|Swords Dance|p2a: Iron Hands
|-boost|p2a: Iron Hands|atk|2
|
|upkeep
|turn|17
|inactive|Skiddris has 120 seconds left.
|
|t:|1776032471
|move|p1a: Introvert boy|Play Rough|p2a: Iron Hands
|-supereffective|p2a: Iron Hands
|-damage|p2a: Iron Hands|1/100
|move|p2a: Iron Hands|Wild Charge|p1a: Introvert boy
|-damage|p1a: Introvert boy|0 fnt
|faint|p1a: Introvert boy
|-damage|p2a: Iron Hands|0 fnt|[from] Recoil
|faint|p2a: Iron Hands
|-end|p2a: Iron Hands|Quark Drive|[silent]
|
|upkeep
|inactive|Skiddris has 120 seconds left.
|inactive|twoflowersluggage has 120 seconds left.
|
|t:|1776032489
|switch|p1a: VendVoiture|Cinderace, F|100/100
|switch|p2a: Hatterene|Hatterene, F, shiny|100/100
|turn|18
|inactive|twoflowersluggage has 120 seconds left.
|inactive|Skiddris has 120 seconds left.
|
|t:|1776032508
|-terastallize|p1a: VendVoiture|Fire
|move|p1a: VendVoiture|Pyro Ball|p2a: Hatterene
|-damage|p2a: Hatterene|16/100
|move|p2a: Hatterene|Trick Room|p2a: Hatterene
|-fieldstart|move: Trick Room|[of] p2a: Hatterene
|
|upkeep
|turn|19
|inactive|Skiddris has 120 seconds left.
|inactive|twoflowersluggage has 120 seconds left.
|c|☆Skiddris|gg
|
|t:|1776032524
|move|p2a: Hatterene|Healing Wish|p2a: Hatterene
|faint|p2a: Hatterene
|move|p1a: VendVoiture|Pyro Ball|p2: Hatterene|[notarget]
|-fail|p1a: VendVoiture
|
|upkeep
|
|t:|1776032527
|switch|p2a: Volcanion|Volcanion|53/100
|-heal|p2a: Volcanion|100/100|[from] move: Healing Wish
|turn|20
|inactive|twoflowersluggage has 120 seconds left.
|
|t:|1776032536
|-terastallize|p2a: Volcanion|Water
|move|p2a: Volcanion|Steam Eruption|p1a: VendVoiture
|-supereffective|p1a: VendVoiture
|-damage|p1a: VendVoiture|0 fnt
|faint|p1a: VendVoiture
|
|upkeep
|
|t:|1776032542
|switch|p1a: why no kingambit?|Bisharp, F|100/100
|-activate|p1a: why no kingambit?|move: Sticky Web
|-unboost|p1a: why no kingambit?|spe|1
|-ability|p1a: why no kingambit?|Defiant|boost
|-boost|p1a: why no kingambit?|atk|2
|turn|21
|j| samurajen
|
|t:|1776032546
|move|p1a: why no kingambit?|Sucker Punch|p2a: Volcanion
|-damage|p2a: Volcanion|37/100
|move|p2a: Volcanion|Steam Eruption|p1a: why no kingambit?
|-damage|p1a: why no kingambit?|0 fnt
|faint|p1a: why no kingambit?
|
|win|twoflowersluggage
|raw|Skiddris's rating: 1520 &rarr; <strong>1502</strong><br />(-18 for losing)
|raw|twoflowersluggage's rating: 1553 &rarr; <strong>1571</strong><br />(+18 for winning)
|l|☆Skiddris
|player|p1|
|l|☆twoflowersluggage
|player|p2|
