|html|<div class="broadcast-blue"><strong>[Gen 9] OU is currently suspecting Tera Blast! For information on how to participate check out the <a href="https://www.smogon.com/tools/suspects/view/200">suspect thread</a>.</strong></div>
|j|☆Imptail
|j|☆Coolcube_3
|t:|1776103925
|gametype|singles
|player|p1|Imptail|maid|1305
|player|p2|Coolcube_3|102|1324
|gen|9
|tier|[Gen 9] OU
|rated|
|rule|HP Percentage Mod: HP is shown in percentages
|rule|Endless Battle Clause: Forcing endless battles is banned
|rule|Species Clause: Limit one of each Pokémon
|rule|OHKO Clause: OHKO moves are banned
|rule|Evasion Items Clause: Evasion items are banned
|rule|Evasion Moves Clause: Evasion moves are banned
|rule|Evasion Abilities Clause: Evasion abilities are banned
|rule|Sleep Moves Clause: Sleep-inducing moves are banned
|clearpoke
|poke|p1|Hitmonlee, M|
|poke|p1|Galvantula, F|
|poke|p1|Landorus-Therian, M|
|poke|p1|Dragapult, M|
|poke|p1|Samurott-Hisui, F|
|poke|p1|Kyurem|
|poke|p2|Slowking-Galar, F|
|poke|p2|Great Tusk|
|poke|p2|Iron Moth|
|poke|p2|Dragapult, F|
|poke|p2|Scizor, F|
|poke|p2|Mandibuzz, F|
|teampreview
|
|t:|1776103948
|teamsize|p1|6
|teamsize|p2|6
|start
|switch|p1a: Landorus|Landorus-Therian, M|100/100
|switch|p2a: Dragapult|Dragapult, F|100/100
|-ability|p1a: Landorus|Intimidate|boost
|-unboost|p2a: Dragapult|atk|1
|turn|1
|
|t:|1776103963
|switch|p1a: Samurott|Samurott-Hisui, F|100/100
|move|p2a: Dragapult|U-turn|p1a: Samurott
|-supereffective|p1a: Samurott
|-damage|p1a: Samurott|65/100
|
|t:|1776103985
|switch|p2a: Scizor|Scizor, F|100/100|[from] U-turn
|
|upkeep
|turn|2
|
|t:|1776103990
|move|p1a: Samurott|Flip Turn|p2a: Scizor
|-damage|p2a: Scizor|78/100
|
|t:|1776103993
|switch|p1a: Landorus|Landorus-Therian, M|100/100|[from] Flip Turn
|-ability|p1a: Landorus|Intimidate|boost
|-unboost|p2a: Scizor|atk|1
|move|p2a: Scizor|Close Combat|p1a: Landorus
|-resisted|p1a: Landorus
|-damage|p1a: Landorus|89/100
|-unboost|p2a: Scizor|def|1
|-unboost|p2a: Scizor|spd|1
|-damage|p2a: Scizor|61/100|[from] item: Rocky Helmet|[of] p1a: Landorus
|-damage|p2a: Scizor|51/100|[from] item: Life Orb
|
|upkeep
|turn|3
|
|t:|1776104007
|switch|p2a: Great Tusk|Great Tusk|100/100
|move|p1a: Landorus|Stealth Rock|p2a: Great Tusk
|-sidestart|p2: Coolcube_3|move: Stealth Rock
|
|upkeep
|turn|4
|
|t:|1776104017
|move|p2a: Great Tusk|Stealth Rock|p1a: Landorus
|-sidestart|p1: Imptail|move: Stealth Rock
|move|p1a: Landorus|U-turn|p2a: Great Tusk
|-resisted|p2a: Great Tusk
|-damage|p2a: Great Tusk|92/100
|
|t:|1776104032
|switch|p1a: Kyurem|Kyurem, shiny|100/100|[from] U-turn
|-damage|p1a: Kyurem|76/100|[from] Stealth Rock
|-ability|p1a: Kyurem|Pressure
|
|upkeep
|turn|5
|
|t:|1776104045
|-end|p2a: Great Tusk|Protosynthesis|[silent]
|switch|p2a: Glow DeLocks|Slowking-Galar, F|100/100
|-damage|p2a: Glow DeLocks|88/100|[from] Stealth Rock
|move|p1a: Kyurem|Ice Beam|p2a: Glow DeLocks
|-crit|p2a: Glow DeLocks
|-damage|p2a: Glow DeLocks|22/100
|
|-heal|p2a: Glow DeLocks|28/100|[from] item: Leftovers
|upkeep
|turn|6
|
|t:|1776104068
|switch|p1a: Hitmonlee|Hitmonlee, M|100/100
|switch|p2a: Iron Moth|Iron Moth|100/100
|
|upkeep
|turn|7
|
|t:|1776104100
|move|p2a: Iron Moth|Dazzling Gleam|p1a: Hitmonlee
|-supereffective|p1a: Hitmonlee
|-damage|p1a: Hitmonlee|17/100
|move|p1a: Hitmonlee|Rapid Spin|p2a: Iron Moth
|-crit|p2a: Iron Moth
|-damage|p2a: Iron Moth|61/100
|-boost|p1a: Hitmonlee|spe|1
|-sideend|p1: Imptail|Stealth Rock|[from] move: Rapid Spin|[of] p1a: Hitmonlee
|
|upkeep
|turn|8
|inactive|Battle timer is ON: inactive players will automatically lose when time's up. (requested by Imptail)
|
|t:|1776104109
|move|p1a: Hitmonlee|Knock Off|p2a: Iron Moth
|-damage|p2a: Iron Moth|3/100
|-enditem|p2a: Iron Moth|Heavy-Duty Boots|[from] move: Knock Off|[of] p1a: Hitmonlee
|move|p2a: Iron Moth|Fiery Dance|p1a: Hitmonlee
|-damage|p1a: Hitmonlee|0 fnt
|-boost|p2a: Iron Moth|spa|1
|faint|p1a: Hitmonlee
|
|upkeep
|
|t:|1776104114
|switch|p1a: Samurott|Samurott-Hisui, F|65/100
|turn|9
|
|t:|1776104134
|move|p1a: Samurott|Flip Turn|p2a: Iron Moth
|-supereffective|p2a: Iron Moth
|-damage|p2a: Iron Moth|0 fnt
|faint|p2a: Iron Moth
|-end|p2a: Iron Moth|Quark Drive|[silent]
|
|t:|1776104151
|switch|p1a: Kyurem|Kyurem, shiny|76/100|[from] Flip Turn
|-ability|p1a: Kyurem|Pressure
|
|upkeep
|
|t:|1776104160
|switch|p2a: Dragapult|Dragapult, F|100/100
|turn|10
|
|t:|1776104168
|-terastallize|p1a: Kyurem|Fairy
|move|p2a: Dragapult|Dragon Darts|p1a: Kyurem
|-immune|p1a: Kyurem
|move|p1a: Kyurem|Ice Beam|p2a: Dragapult
|-supereffective|p2a: Dragapult
|-damage|p2a: Dragapult|0 fnt
|faint|p2a: Dragapult
|
|upkeep
|
|t:|1776104193
|switch|p2a: Scizor|Scizor, F|51/100
|-damage|p2a: Scizor|39/100|[from] Stealth Rock
|turn|11
|
|t:|1776104199
|switch|p1a: Landorus|Landorus-Therian, M|89/100
|-ability|p1a: Landorus|Intimidate|boost
|-unboost|p2a: Scizor|atk|1
|move|p2a: Scizor|Bullet Punch|p1a: Landorus
|-damage|p1a: Landorus|71/100
|-damage|p2a: Scizor|22/100|[from] item: Rocky Helmet|[of] p1a: Landorus
|-damage|p2a: Scizor|12/100|[from] item: Life Orb
|
|upkeep
|turn|12
|
|t:|1776104210
|switch|p2a: Great Tusk|Great Tusk|92/100
|move|p1a: Landorus|Smack Down|p2a: Great Tusk
|-resisted|p2a: Great Tusk
|-crit|p2a: Great Tusk
|-damage|p2a: Great Tusk|88/100
|
|upkeep
|turn|13
|
|t:|1776104224
|move|p2a: Great Tusk|Rapid Spin|p1a: Landorus
|-damage|p1a: Landorus|60/100
|-boost|p2a: Great Tusk|spe|1
|-damage|p2a: Great Tusk|71/100|[from] item: Rocky Helmet|[of] p1a: Landorus
|-sideend|p2: Coolcube_3|Stealth Rock|[from] move: Rapid Spin|[of] p2a: Great Tusk
|move|p1a: Landorus|U-turn|p2a: Great Tusk
|-resisted|p2a: Great Tusk
|-damage|p2a: Great Tusk|63/100
|
|t:|1776104239
|switch|p1a: Galvantula|Galvantula, F|100/100|[from] U-turn
|
|upkeep
|turn|14
|
|t:|1776104263
|move|p2a: Great Tusk|Headlong Rush|p1a: Galvantula
|-enditem|p1a: Galvantula|Focus Sash
|-damage|p1a: Galvantula|1/100
|-unboost|p2a: Great Tusk|def|1
|-unboost|p2a: Great Tusk|spd|1
|move|p1a: Galvantula|Energy Ball|p2a: Great Tusk
|-supereffective|p2a: Great Tusk
|-damage|p2a: Great Tusk|0 fnt
|faint|p2a: Great Tusk
|-end|p2a: Great Tusk|Protosynthesis|[silent]
|
|upkeep
|
|t:|1776104276
|switch|p2a: Scizor|Scizor, F|12/100
|turn|15
|
|t:|1776104281
|switch|p1a: Landorus|Landorus-Therian, M|60/100
|-ability|p1a: Landorus|Intimidate|boost
|-unboost|p2a: Scizor|atk|1
|move|p2a: Scizor|Swords Dance|p2a: Scizor
|-boost|p2a: Scizor|atk|2
|
|upkeep
|turn|16
|
|t:|1776104288
|move|p1a: Landorus|Stealth Rock|p2a: Scizor
|-sidestart|p2: Coolcube_3|move: Stealth Rock
|move|p2a: Scizor|Knock Off|p1a: Landorus
|-damage|p1a: Landorus|18/100
|-damage|p2a: Scizor|0 fnt|[from] item: Rocky Helmet|[of] p1a: Landorus
|faint|p2a: Scizor
|
|upkeep
|-message|Coolcube_3 forfeited.
|
|win|Imptail
|raw|Imptail's rating: 1305 &rarr; <strong>1326</strong><br />(+21 for winning)
|raw|Coolcube_3's rating: 1324 &rarr; <strong>1303</strong><br />(-21 for losing)
|c|☆Imptail|Gg
|c|☆Coolcube_3|well played
|l|☆Imptail
|player|p1|
|l|☆Coolcube_3
|player|p2|
