|html|<div class="broadcast-blue"><strong>[Gen 9] OU is currently suspecting Tera Blast! For information on how to participate check out the <a href="https://www.smogon.com/tools/suspects/view/200">suspect thread</a>.</strong></div>
|j|☆jetleiroi
|j|☆zucca10
|t:|1776054123
|gametype|singles
|player|p1|jetleiroi|li|1166
|player|p2|zucca10|zinzolin|1124
|gen|9
|tier|[Gen 9] OU
|rated|
|rule|HP Percentage Mod: HP is shown in percentages
|rule|Endless Battle Clause: Forcing endless battles is banned
|rule|Species Clause: Limit one of each Pokémon
|rule|OHKO Clause: OHKO moves are banned
|rule|Evasion Items Clause: Evasion items are banned
|rule|Evasion Moves Clause: Evasion moves are banned
|rule|Evasion Abilities Clause: Evasion abilities are banned
|rule|Sleep Moves Clause: Sleep-inducing moves are banned
|clearpoke
|poke|p1|Indeedee, M|
|poke|p1|Pecharunt|
|poke|p1|Ogerpon-Wellspring, F|
|poke|p1|Great Tusk|
|poke|p1|Diancie|
|poke|p1|Iron Jugulis|
|poke|p2|Ambipom, M|
|poke|p2|Kyurem|
|poke|p2|Landorus-Therian, M|
|poke|p2|Garganacl, F|
|poke|p2|Dragapult, M|
|poke|p2|Alomomola, M|
|teampreview
|inactive|Battle timer is ON: inactive players will automatically lose when time's up. (requested by jetleiroi)
|
|t:|1776054141
|teamsize|p1|6
|teamsize|p2|6
|start
|switch|p1a: BBL Drizzy|Indeedee, M|100/100
|switch|p2a: Landorus|Landorus-Therian, M|100/100
|-ability|p2a: Landorus|Intimidate|boost
|-unboost|p1a: BBL Drizzy|atk|1
|-fieldstart|move: Psychic Terrain|[from] ability: Psychic Surge|[of] p1a: BBL Drizzy
|turn|1
|
|t:|1776054152
|move|p2a: Landorus|Earthquake|p1a: BBL Drizzy
|-damage|p1a: BBL Drizzy|0 fnt
|faint|p1a: BBL Drizzy
|
|upkeep
|
|t:|1776054166
|switch|p1a: Aquaman|Ogerpon-Wellspring, F|100/100
|turn|2
|
|t:|1776054177
|switch|p2a: Kyurem|Kyurem, shiny|100/100
|-ability|p2a: Kyurem|Pressure
|move|p1a: Aquaman|U-turn|p2a: Kyurem
|-damage|p2a: Kyurem|75/100
|
|t:|1776054185
|switch|p1a: Diamonds Are 4Ever|Diancie|100/100|[from] U-turn
|
|upkeep
|turn|3
|
|t:|1776054204
|move|p2a: Kyurem|Earth Power|p1a: Diamonds Are 4Ever
|-supereffective|p1a: Diamonds Are 4Ever
|-damage|p1a: Diamonds Are 4Ever|22/100
|move|p1a: Diamonds Are 4Ever|Calm Mind|p1a: Diamonds Are 4Ever
|-boost|p1a: Diamonds Are 4Ever|spa|1
|-boost|p1a: Diamonds Are 4Ever|spd|1
|
|-heal|p1a: Diamonds Are 4Ever|28/100|[from] item: Leftovers
|upkeep
|turn|4
|
|t:|1776054215
|-terastallize|p1a: Diamonds Are 4Ever|Psychic
|move|p2a: Kyurem|Earth Power|p1a: Diamonds Are 4Ever
|-damage|p1a: Diamonds Are 4Ever|3/100
|move|p1a: Diamonds Are 4Ever|Moonblast|p2a: Kyurem
|-supereffective|p2a: Kyurem
|-damage|p2a: Kyurem|0 fnt
|faint|p2a: Kyurem
|
|-heal|p1a: Diamonds Are 4Ever|10/100|[from] item: Leftovers
|upkeep
|inactive|zucca10 has 120 seconds left.
|
|t:|1776054241
|switch|p2a: Ambipom|Ambipom, M|100/100
|turn|5
|inactive|zucca10 has 120 seconds left.
|
|t:|1776054260
|switch|p1a: Elephant Man|Great Tusk|100/100
|-enditem|p1a: Elephant Man|Booster Energy
|-activate|p1a: Elephant Man|ability: Protosynthesis|[fromitem]
|-start|p1a: Elephant Man|protosynthesisatk
|move|p2a: Ambipom|U-turn|p1a: Elephant Man
|-resisted|p1a: Elephant Man
|-damage|p1a: Elephant Man|95/100
|
|t:|1776054282
|switch|p2a: Dragapult|Dragapult, M|100/100|[from] U-turn
|
|-fieldend|move: Psychic Terrain
|upkeep
|turn|6
|
|t:|1776054296
|move|p2a: Dragapult|Will-O-Wisp|p1a: Elephant Man
|-status|p1a: Elephant Man|brn
|move|p1a: Elephant Man|Rapid Spin|p2a: Dragapult
|-immune|p2a: Dragapult
|
|-damage|p1a: Elephant Man|89/100 brn|[from] brn
|upkeep
|turn|7
|-message|jetleiroi forfeited.
|
|win|zucca10
|raw|jetleiroi's rating: 1166 &rarr; <strong>1138</strong><br />(-28 for losing)
|raw|zucca10's rating: 1124 &rarr; <strong>1152</strong><br />(+28 for winning)
|l|☆jetleiroi
|player|p1|
|l|☆zucca10
|player|p2|
