|html|<div class="broadcast-blue"><strong>[Gen 9] OU is currently suspecting Tera Blast! For information on how to participate check out the <a href="https://www.smogon.com/tools/suspects/view/200">suspect thread</a>.</strong></div>
|j|☆miaoTV-青
|j|☆OP Earthquakes
|t:|1776063438
|gametype|singles
|player|p1|miaoTV-青|elesa|1852
|player|p2|OP Earthquakes|giovanni-masters|1804
|gen|9
|tier|[Gen 9] OU
|rated|
|rule|HP Percentage Mod: HP is shown in percentages
|rule|Endless Battle Clause: Forcing endless battles is banned
|rule|Species Clause: Limit one of each Pokémon
|rule|OHKO Clause: OHKO moves are banned
|rule|Evasion Items Clause: Evasion items are banned
|rule|Evasion Moves Clause: Evasion moves are banned
|rule|Evasion Abilities Clause: Evasion abilities are banned
|rule|Sleep Moves Clause: Sleep-inducing moves are banned
|clearpoke
|poke|p1|Ogerpon-Wellspring, F|
|poke|p1|Dondozo, M|
|poke|p1|Cinderace, F|
|poke|p1|Landorus-Therian, M|
|poke|p1|Slowking-Galar, L99, F|
|poke|p1|Tyranitar, F|
|poke|p2|Excadrill, F|
|poke|p2|Tyranitar, F|
|poke|p2|Kyurem|
|poke|p2|Hawlucha, F|
|poke|p2|Pawmot, F|
|poke|p2|Gliscor, M|
|teampreview
|inactive|Battle timer is ON: inactive players will automatically lose when time's up. (requested by OP Earthquakes)
|
|t:|1776063447
|teamsize|p1|6
|teamsize|p2|6
|start
|switch|p1a: 毛腊肉|Tyranitar, F|100/100
|switch|p2a: Frieza|Kyurem, shiny|100/100
|-ability|p2a: Frieza|Pressure
|-weather|Sandstorm|[from] ability: Sand Stream|[of] p1a: 毛腊肉
|turn|1
|
|t:|1776063452
|switch|p2a: Itachi|Hawlucha, F, shiny|100/100
|-ability|p2a: Itachi|Mold Breaker
|move|p1a: 毛腊肉|Knock Off|p2a: Itachi
|-resisted|p2a: Itachi
|-damage|p2a: Itachi|73/100
|-enditem|p2a: Itachi|Red Card|[from] move: Knock Off|[of] p1a: 毛腊肉
|
|-weather|Sandstorm|[upkeep]
|-damage|p2a: Itachi|67/100|[from] Sandstorm
|upkeep
|turn|2
|
|t:|1776063458
|switch|p1a: 庆丰帝|Slowking-Galar, L99, F, shiny|100/100
|move|p2a: Itachi|Encore||[still]
|-fail|p2a: Itachi
|
|-weather|Sandstorm|[upkeep]
|-damage|p2a: Itachi|61/100|[from] Sandstorm
|-damage|p1a: 庆丰帝|94/100|[from] Sandstorm
|upkeep
|turn|3
|
|t:|1776063464
|switch|p2a: Gliscor|Gliscor, M, shiny|100/100
|move|p1a: 庆丰帝|Ice Beam|p2a: Gliscor
|-supereffective|p2a: Gliscor
|-damage|p2a: Gliscor|0 fnt
|faint|p2a: Gliscor
|
|-weather|Sandstorm|[upkeep]
|-damage|p1a: 庆丰帝|88/100|[from] Sandstorm
|upkeep
|
|t:|1776063468
|switch|p2a: Porunga|Pawmot, F|100/100
|turn|4
|
|t:|1776063471
|move|p2a: Porunga|Revival Blessing|p2a: Porunga
|-enditem|p2a: Porunga|Leppa Berry|[eat]
|-activate|p2a: Porunga|item: Leppa Berry|Revival Blessing|[consumed]
|
|t:|1776063474
|-heal|p2: Gliscor|50/100|[from] move: Revival Blessing
|move|p1a: 庆丰帝|Eerie Spell|p2a: Porunga
|-supereffective|p2a: Porunga
|-damage|p2a: Porunga|11/100
|-activate|p2a: Porunga|move: Eerie Spell|Revival Blessing|1
|
|-weather|Sandstorm|[upkeep]
|-damage|p2a: Porunga|5/100|[from] Sandstorm
|-damage|p1a: 庆丰帝|82/100|[from] Sandstorm
|upkeep
|turn|5
|
|t:|1776063484
|switch|p2a: Frieza|Kyurem, shiny|100/100
|-ability|p2a: Frieza|Pressure
|-prepare|p1a: 庆丰帝|Chilly Reception|[premajor]
|move|p1a: 庆丰帝|Chilly Reception|p1a: 庆丰帝
|-weather|Snowscape
|
|t:|1776063487
|switch|p1a: 毛腊肉|Tyranitar, F|100/100|[from] Chilly Reception
|-weather|Sandstorm|[from] ability: Sand Stream|[of] p1a: 毛腊肉
|
|-weather|Sandstorm|[upkeep]
|-damage|p2a: Frieza|94/100|[from] Sandstorm
|upkeep
|turn|6
|
|t:|1776063496
|switch|p2a: Itachi|Hawlucha, F, shiny|61/100
|-ability|p2a: Itachi|Mold Breaker
|move|p1a: 毛腊肉|Knock Off|p2a: Itachi
|-resisted|p2a: Itachi
|-damage|p2a: Itachi|43/100
|
|-weather|Sandstorm|[upkeep]
|-damage|p2a: Itachi|37/100|[from] Sandstorm
|upkeep
|turn|7
|
|t:|1776063503
|switch|p1a: 庆丰帝|Slowking-Galar, L99, F, shiny|100/100
|move|p2a: Itachi|Swords Dance|p2a: Itachi
|-boost|p2a: Itachi|atk|2
|
|-weather|Sandstorm|[upkeep]
|-damage|p2a: Itachi|31/100|[from] Sandstorm
|-damage|p1a: 庆丰帝|94/100|[from] Sandstorm
|upkeep
|turn|8
|
|t:|1776063507
|move|p2a: Itachi|Brave Bird|p1a: 庆丰帝
|-damage|p1a: 庆丰帝|16/100
|-damage|p2a: Itachi|15/100|[from] item: Rocky Helmet|[of] p1a: 庆丰帝
|-damage|p2a: Itachi|0 fnt|[from] Recoil
|faint|p2a: Itachi
|move|p1a: 庆丰帝|Ice Beam|p2: Itachi|[notarget]
|-fail|p1a: 庆丰帝
|
|-weather|Sandstorm|[upkeep]
|-damage|p1a: 庆丰帝|10/100|[from] Sandstorm
|upkeep
|
|t:|1776063511
|switch|p2a: Frieza|Kyurem, shiny|94/100
|-ability|p2a: Frieza|Pressure
|turn|9
|
|t:|1776063521
|switch|p1a: 毛腊肉|Tyranitar, F|100/100
|move|p2a: Frieza|Earth Power|p1a: 毛腊肉
|-supereffective|p1a: 毛腊肉
|-damage|p1a: 毛腊肉|70/100
|-unboost|p1a: 毛腊肉|spd|1
|
|-weather|none
|upkeep
|turn|10
|
|t:|1776063526
|switch|p1a: 林统帅(未坠机版)|Landorus-Therian, M|100/100
|-ability|p1a: 林统帅(未坠机版)|Intimidate|boost
|-unboost|p2a: Frieza|atk|1
|move|p2a: Frieza|Freeze-Dry|p1a: 林统帅(未坠机版)
|-supereffective|p1a: 林统帅(未坠机版)
|-damage|p1a: 林统帅(未坠机版)|0 fnt
|faint|p1a: 林统帅(未坠机版)
|
|upkeep
|
|t:|1776063529
|switch|p1a: 毛腊肉|Tyranitar, F|70/100
|-weather|Sandstorm|[from] ability: Sand Stream|[of] p1a: 毛腊肉
|turn|11
|
|t:|1776063536
|switch|p2a: The sandstorm|Tyranitar, F, shiny|100/100
|move|p1a: 毛腊肉|Knock Off|p2a: The sandstorm
|-resisted|p2a: The sandstorm
|-damage|p2a: The sandstorm|87/100
|-enditem|p2a: The sandstorm|Smooth Rock|[from] move: Knock Off|[of] p1a: 毛腊肉
|
|-weather|Sandstorm|[upkeep]
|upkeep
|turn|12
|
|t:|1776063540
|switch|p1a: 江母狗|Ogerpon-Wellspring, F|100/100
|move|p2a: The sandstorm|Stealth Rock|p1a: 江母狗
|-sidestart|p1: miaoTV-青|move: Stealth Rock
|
|-weather|Sandstorm|[upkeep]
|-damage|p1a: 江母狗|95/100|[from] Sandstorm
|upkeep
|turn|13
|
|t:|1776063546
|move|p1a: 江母狗|Swords Dance|p1a: 江母狗
|-boost|p1a: 江母狗|atk|2
|move|p2a: The sandstorm|Thunder Wave|p1a: 江母狗
|-status|p1a: 江母狗|par
|
|-weather|Sandstorm|[upkeep]
|-damage|p1a: 江母狗|89/100 par|[from] Sandstorm
|upkeep
|turn|14
|
|t:|1776063551
|switch|p2a: Frieza|Kyurem, shiny|94/100
|-ability|p2a: Frieza|Pressure
|move|p1a: 江母狗|Horn Leech|p2a: Frieza
|-resisted|p2a: Frieza
|-damage|p2a: Frieza|54/100
|-heal|p1a: 江母狗|100/100 par|[from] drain|[of] p2a: Frieza
|
|-weather|Sandstorm|[upkeep]
|-damage|p2a: Frieza|48/100|[from] Sandstorm
|-damage|p1a: 江母狗|95/100 par|[from] Sandstorm
|upkeep
|turn|15
|
|t:|1776063554
|-terastallize|p1a: 江母狗|Water
|detailschange|p1a: 江母狗|Ogerpon-Wellspring-Tera, F, tera:Water
|-ability|p1a: 江母狗|Embody Aspect (Wellspring)|boost
|-boost|p1a: 江母狗|spd|1
|move|p2a: Frieza|Freeze-Dry|p1a: 江母狗
|-supereffective|p1a: 江母狗
|-crit|p1a: 江母狗
|-damage|p1a: 江母狗|0 fnt
|faint|p1a: 江母狗
|detailschange|p1: 江母狗|Ogerpon-Wellspring, F|[silent]
|
|-weather|none
|upkeep
|-message|miaoTV-青 forfeited.
|
|win|OP Earthquakes
|raw|miaoTV-青's rating: 1852 &rarr; <strong>1829</strong><br />(-23 for losing)
|raw|OP Earthquakes's rating: 1804 &rarr; <strong>1827</strong><br />(+23 for winning)
|l|☆miaoTV-青
|player|p1|
|l|☆OP Earthquakes
|player|p2|
