|html|<div class="broadcast-blue"><strong>[Gen 9] OU is currently suspecting Volcarona! For information on how to participate check out the <a href="https://www.smogon.com/tools/suspects/view/208">suspect thread</a>.</strong></div>
|j|☆kezzybear
|j|☆alchrex
|t:|1778497130
|gametype|singles
|player|p1|kezzybear|101|1466
|player|p2|alchrex|hilbert|1492
|gen|9
|tier|[Gen 9] OU
|rated|
|rule|HP Percentage Mod: HP is shown in percentages
|rule|Endless Battle Clause: Forcing endless battles is banned
|rule|Species Clause: Limit one of each Pokémon
|rule|OHKO Clause: OHKO moves are banned
|rule|Evasion Items Clause: Evasion items are banned
|rule|Evasion Moves Clause: Evasion moves are banned
|rule|Evasion Abilities Clause: Evasion abilities are banned
|rule|Sleep Moves Clause: Sleep-inducing moves are banned
|clearpoke
|poke|p1|Blaziken, M|
|poke|p1|Gholdengo|
|poke|p1|Kingambit, M|
|poke|p1|Great Tusk|
|poke|p1|Garganacl, M|
|poke|p1|Glimmora, M|
|poke|p2|Heatran, F|
|poke|p2|Sinistcha-Masterpiece|
|poke|p2|Gliscor, M|
|poke|p2|Tyranitar, M|
|poke|p2|Walking Wake|
|poke|p2|Scizor, F|
|teampreview
|inactive|Battle timer is ON: inactive players will automatically lose when time's up. (requested by alchrex)
|
|t:|1778497140
|teamsize|p1|6
|teamsize|p2|6
|start
|switch|p1a: Great Tusk|Great Tusk|100/100
|switch|p2a: Walking Wake|Walking Wake|100/100
|turn|1
|
|t:|1778497148
|move|p1a: Great Tusk|Close Combat|p2a: Walking Wake
|-damage|p2a: Walking Wake|38/100
|-unboost|p1a: Great Tusk|def|1
|-unboost|p1a: Great Tusk|spd|1
|move|p2a: Walking Wake|Surf|p1a: Great Tusk
|-supereffective|p1a: Great Tusk
|-damage|p1a: Great Tusk|0 fnt
|faint|p1a: Great Tusk
|-end|p1a: Great Tusk|Protosynthesis|[silent]
|
|upkeep
|
|t:|1778497151
|switch|p1a: Garganacl|Garganacl, M|100/100
|turn|2
|
|t:|1778497161
|-terastallize|p1a: Garganacl|Fairy
|move|p2a: Walking Wake|Flip Turn|p1a: Garganacl
|-damage|p1a: Garganacl|90/100
|
|t:|1778497165
|-end|p2a: Walking Wake|Protosynthesis|[silent]
|switch|p2a: Gliscor|Gliscor, M|100/100|[from] Flip Turn
|move|p1a: Garganacl|Salt Cure|p2a: Gliscor
|-crit|p2a: Gliscor
|-damage|p2a: Gliscor|86/100
|-start|p2a: Gliscor|Salt Cure
|
|-heal|p1a: Garganacl|96/100|[from] item: Leftovers
|-damage|p2a: Gliscor|73/100|[from] Salt Cure
|-status|p2a: Gliscor|tox|[from] item: Toxic Orb
|upkeep
|turn|3
|
|t:|1778497176
|move|p2a: Gliscor|Knock Off|p1a: Garganacl
|-resisted|p1a: Garganacl
|-damage|p1a: Garganacl|88/100
|-enditem|p1a: Garganacl|Leftovers|[from] move: Knock Off|[of] p2a: Gliscor
|move|p1a: Garganacl|Iron Defense|p1a: Garganacl
|-boost|p1a: Garganacl|def|2
|
|-heal|p2a: Gliscor|86/100 tox|[from] ability: Poison Heal
|-damage|p2a: Gliscor|73/100 tox|[from] Salt Cure
|upkeep
|turn|4
|
|t:|1778497183
|move|p2a: Gliscor|Spikes|p1a: Garganacl
|-sidestart|p1: kezzybear|Spikes
|move|p1a: Garganacl|Iron Defense|p1a: Garganacl
|-boost|p1a: Garganacl|def|2
|
|-heal|p2a: Gliscor|86/100 tox|[from] ability: Poison Heal
|-damage|p2a: Gliscor|73/100 tox|[from] Salt Cure
|upkeep
|turn|5
|
|t:|1778497186
|move|p2a: Gliscor|Spikes|p1a: Garganacl
|-sidestart|p1: kezzybear|Spikes
|move|p1a: Garganacl|Body Press|p2a: Gliscor
|-resisted|p2a: Gliscor
|-damage|p2a: Gliscor|48/100 tox
|
|-heal|p2a: Gliscor|60/100 tox|[from] ability: Poison Heal
|-damage|p2a: Gliscor|48/100 tox|[from] Salt Cure
|upkeep
|turn|6
|
|t:|1778497191
|move|p2a: Gliscor|Spikes|p1a: Garganacl
|-sidestart|p1: kezzybear|Spikes
|move|p1a: Garganacl|Body Press|p2a: Gliscor
|-resisted|p2a: Gliscor
|-damage|p2a: Gliscor|22/100 tox
|
|-heal|p2a: Gliscor|34/100 tox|[from] ability: Poison Heal
|-damage|p2a: Gliscor|22/100 tox|[from] Salt Cure
|upkeep
|turn|7
|
|t:|1778497196
|switch|p2a: Sinistcha|Sinistcha-Masterpiece|100/100
|move|p1a: Garganacl|Body Press|p2a: Sinistcha
|-immune|p2a: Sinistcha
|
|upkeep
|turn|8
|
|t:|1778497205
|move|p2a: Sinistcha|Calm Mind|p2a: Sinistcha
|-boost|p2a: Sinistcha|spa|1
|-boost|p2a: Sinistcha|spd|1
|move|p1a: Garganacl|Salt Cure|p2a: Sinistcha
|-damage|p2a: Sinistcha|91/100
|-start|p2a: Sinistcha|Salt Cure
|
|-damage|p2a: Sinistcha|78/100|[from] Salt Cure
|upkeep
|turn|9
|
|t:|1778497210
|switch|p1a: Gholdengo|Gholdengo|100/100
|-item|p1a: Gholdengo|Air Balloon
|move|p2a: Sinistcha|Matcha Gotcha|p1a: Gholdengo|[miss]
|-miss|p2a: Sinistcha|p1a: Gholdengo
|
|-damage|p2a: Sinistcha|66/100|[from] Salt Cure
|upkeep
|turn|10
|
|t:|1778497213
|move|p1a: Gholdengo|Shadow Ball|p2a: Sinistcha
|-supereffective|p2a: Sinistcha
|-damage|p2a: Sinistcha|0 fnt
|faint|p2a: Sinistcha
|
|upkeep
|
|t:|1778497218
|switch|p2a: Heatran|Heatran, F|100/100
|turn|11
|
|t:|1778497224
|switch|p1a: Blaziken|Blaziken, M|100/100
|-damage|p1a: Blaziken|76/100|[from] Spikes
|move|p2a: Heatran|Magma Storm|p1a: Blaziken
|-resisted|p1a: Blaziken
|-damage|p1a: Blaziken|46/100
|-activate|p1a: Blaziken|move: Magma Storm|[of] p2a: Heatran
|
|-damage|p1a: Blaziken|33/100|[from] move: Magma Storm|[partiallytrapped]
|upkeep
|turn|12
|
|t:|1778497235
|switch|p2a: Walking Wake|Walking Wake|38/100
|move|p1a: Blaziken|Close Combat|p2a: Walking Wake
|-damage|p2a: Walking Wake|0 fnt
|-unboost|p1a: Blaziken|def|1
|-unboost|p1a: Blaziken|spd|1
|faint|p2a: Walking Wake
|-end|p2a: Walking Wake|Protosynthesis|[silent]
|-damage|p1a: Blaziken|23/100|[from] item: Life Orb
|
|-end|p1a: Blaziken|Magma Storm|[partiallytrapped]|[silent]
|-ability|p1a: Blaziken|Speed Boost|boost
|-boost|p1a: Blaziken|spe|1
|upkeep
|
|t:|1778497241
|switch|p2a: Scizor|Scizor, F|100/100
|turn|13
|
|t:|1778497245
|switch|p1a: Glimmora|Glimmora, M|100/100
|-damage|p1a: Glimmora|76/100|[from] Spikes
|move|p2a: Scizor|Bullet Punch|p1a: Glimmora
|-supereffective|p1a: Glimmora
|-damage|p1a: Glimmora|0 fnt
|-activate|p1a: Glimmora|ability: Toxic Debris
|-sidestart|p2: alchrex|move: Toxic Spikes
|faint|p1a: Glimmora
|
|upkeep
|
|t:|1778497255
|switch|p1a: Gholdengo|Gholdengo|100/100
|-item|p1a: Gholdengo|Air Balloon
|turn|14
|
|t:|1778497262
|move|p1a: Gholdengo|Shadow Ball|p2a: Scizor
|-damage|p2a: Scizor|46/100
|-enditem|p2a: Scizor|Sitrus Berry|[eat]
|-heal|p2a: Scizor|71/100|[from] item: Sitrus Berry
|move|p2a: Scizor|U-turn|p1a: Gholdengo
|-resisted|p1a: Gholdengo
|-crit|p1a: Gholdengo
|-damage|p1a: Gholdengo|86/100
|-enditem|p1a: Gholdengo|Air Balloon
|
|t:|1778497271
|switch|p2a: Heatran|Heatran, F|100/100|[from] U-turn
|
|upkeep
|turn|15
|
|t:|1778497273
|switch|p1a: Garganacl|Garganacl, M, tera:Fairy|88/100
|-damage|p1a: Garganacl|63/100|[from] Spikes
|move|p2a: Heatran|Magma Storm|p1a: Garganacl
|-damage|p1a: Garganacl|35/100
|-activate|p1a: Garganacl|move: Magma Storm|[of] p2a: Heatran
|
|-damage|p1a: Garganacl|23/100|[from] move: Magma Storm|[partiallytrapped]
|upkeep
|turn|16
|
|t:|1778497284
|move|p2a: Heatran|Magma Storm|p1a: Garganacl
|-damage|p1a: Garganacl|0 fnt
|faint|p1a: Garganacl
|
|upkeep
|
|t:|1778497296
|switch|p1a: Blaziken|Blaziken, M|23/100
|-damage|p1a: Blaziken|0 fnt|[from] Spikes
|faint|p1a: Blaziken
|
|t:|1778497300
|switch|p1a: Kingambit|Kingambit, M|100/100
|-damage|p1a: Kingambit|75/100|[from] Spikes
|-activate|p1a: Kingambit|ability: Supreme Overlord
|-start|p1a: Kingambit|fallen4|[silent]
|turn|17
|
|t:|1778497305
|move|p1a: Kingambit|Sucker Punch|p2a: Heatran
|-damage|p2a: Heatran|44/100
|move|p2a: Heatran|Magma Storm|p1a: Kingambit
|-supereffective|p1a: Kingambit
|-damage|p1a: Kingambit|0 fnt
|faint|p1a: Kingambit
|-end|p1a: Kingambit|fallen4|[silent]
|
|-heal|p2a: Heatran|50/100|[from] item: Leftovers
|upkeep
|
|t:|1778497309
|switch|p1a: Gholdengo|Gholdengo|86/100
|-damage|p1a: Gholdengo|61/100|[from] Spikes
|turn|18
|
|t:|1778497311
|move|p1a: Gholdengo|Shadow Ball|p2a: Heatran
|-damage|p2a: Heatran|20/100
|move|p2a: Heatran|Magma Storm|p1a: Gholdengo|[miss]
|-miss|p2a: Heatran|p1a: Gholdengo
|
|-heal|p2a: Heatran|26/100|[from] item: Leftovers
|upkeep
|turn|19
|
|t:|1778497315
|move|p1a: Gholdengo|Shadow Ball|p2a: Heatran
|-damage|p2a: Heatran|0 fnt
|faint|p2a: Heatran
|
|upkeep
|
|t:|1778497318
|switch|p2a: Tyranitar|Tyranitar, M|100/100
|-status|p2a: Tyranitar|psn
|-weather|Sandstorm|[from] ability: Sand Stream|[of] p2a: Tyranitar
|turn|20
|
|t:|1778497324
|-terastallize|p2a: Tyranitar|Flying
|move|p1a: Gholdengo|Make It Rain|p2a: Tyranitar
|-damage|p2a: Tyranitar|63/100 psn
|-unboost|p1a: Gholdengo|spa|1
|move|p2a: Tyranitar|Knock Off|p1a: Gholdengo
|-supereffective|p1a: Gholdengo
|-damage|p1a: Gholdengo|0 fnt
|faint|p1a: Gholdengo
|
|win|alchrex
|raw|kezzybear's rating: 1466 &rarr; <strong>1447</strong><br />(-19 for losing)
|raw|alchrex's rating: 1492 &rarr; <strong>1511</strong><br />(+19 for winning)
|l|☆kezzybear
|player|p1|
|l|☆alchrex
|player|p2|
