|html|<div class="broadcast-blue"><strong>[Gen 9] OU is currently suspecting Tera Blast! For information on how to participate check out the <a href="https://www.smogon.com/tools/suspects/view/200">suspect thread</a>.</strong></div>
|j|☆Jasere_05
|j|☆ydm14
|t:|1776152411
|gametype|singles
|player|p1|Jasere_05|iris-gen5bw2|1436
|player|p2|ydm14|169|1376
|gen|9
|tier|[Gen 9] OU
|rated|
|rule|HP Percentage Mod: HP is shown in percentages
|rule|Endless Battle Clause: Forcing endless battles is banned
|rule|Species Clause: Limit one of each Pokémon
|rule|OHKO Clause: OHKO moves are banned
|rule|Evasion Items Clause: Evasion items are banned
|rule|Evasion Moves Clause: Evasion moves are banned
|rule|Evasion Abilities Clause: Evasion abilities are banned
|rule|Sleep Moves Clause: Sleep-inducing moves are banned
|clearpoke
|poke|p1|Glimmora, F|
|poke|p1|Pelipper, M|
|poke|p1|Kingdra, F|
|poke|p1|Raging Bolt|
|poke|p1|Ursaluna, M|
|poke|p1|Kingambit, M|
|poke|p2|Alomomola, M|
|poke|p2|Grafaiai, F|
|poke|p2|Iron Moth|
|poke|p2|Great Tusk|
|poke|p2|Ogerpon-Wellspring, F|
|poke|p2|Heatran, M|
|teampreview
|inactive|Battle timer is ON: inactive players will automatically lose when time's up. (requested by Jasere_05)
|
|t:|1776152440
|teamsize|p1|6
|teamsize|p2|6
|start
|switch|p1a: Peliperdo|Pelipper, M|100/100
|switch|p2a: Ogerpon|Ogerpon-Wellspring, F|100/100
|-weather|RainDance|[from] ability: Drizzle|[of] p1a: Peliperdo
|turn|1
|
|t:|1776152463
|switch|p2a: Alomomola|Alomomola, M|100/100
|move|p1a: Peliperdo|Hurricane|p2a: Alomomola
|-damage|p2a: Alomomola|56/100
|
|-weather|RainDance|[upkeep]
|upkeep
|turn|2
|
|t:|1776152470
|move|p2a: Alomomola|Flip Turn|p1a: Peliperdo
|-resisted|p1a: Peliperdo
|-damage|p1a: Peliperdo|90/100
|
|t:|1776152474
|switch|p2a: Heatran|Heatran, M|100/100|[from] Flip Turn
|move|p1a: Peliperdo|U-turn|p2a: Heatran
|-resisted|p2a: Heatran
|-damage|p2a: Heatran|98/100
|
|t:|1776152485
|switch|p1a: QueenDra|Kingdra, F, shiny|100/100|[from] U-turn
|
|-weather|RainDance|[upkeep]
|-heal|p2a: Heatran|100/100|[from] item: Leftovers
|upkeep
|turn|3
|
|t:|1776152494
|move|p2a: Heatran|Protect|p2a: Heatran
|-singleturn|p2a: Heatran|Protect
|move|p1a: QueenDra|Surf|p2a: Heatran
|-activate|p2a: Heatran|move: Protect
|
|-weather|RainDance|[upkeep]
|upkeep
|turn|4
|
|t:|1776152497
|-terastallize|p2a: Heatran|Grass
|move|p1a: QueenDra|Surf|p2a: Heatran
|-resisted|p2a: Heatran
|-damage|p2a: Heatran|70/100
|move|p2a: Heatran|Magma Storm|p1a: QueenDra
|-resisted|p1a: QueenDra
|-damage|p1a: QueenDra|94/100
|-activate|p1a: QueenDra|move: Magma Storm|[of] p2a: Heatran
|
|-weather|RainDance|[upkeep]
|-heal|p2a: Heatran|77/100|[from] item: Leftovers
|-damage|p1a: QueenDra|82/100|[from] move: Magma Storm|[partiallytrapped]
|upkeep
|turn|5
|
|t:|1776152505
|move|p2a: Heatran|Protect|p2a: Heatran
|-singleturn|p2a: Heatran|Protect
|move|p1a: QueenDra|Surf|p2a: Heatran
|-activate|p2a: Heatran|move: Protect
|
|-weather|RainDance|[upkeep]
|-heal|p2a: Heatran|83/100|[from] item: Leftovers
|-damage|p1a: QueenDra|70/100|[from] move: Magma Storm|[partiallytrapped]
|upkeep
|turn|6
|
|t:|1776152508
|move|p1a: QueenDra|Surf|p2a: Heatran
|-resisted|p2a: Heatran
|-damage|p2a: Heatran|53/100
|move|p2a: Heatran|Stealth Rock|p1a: QueenDra
|-sidestart|p1: Jasere_05|move: Stealth Rock
|
|-weather|RainDance|[upkeep]
|-heal|p2a: Heatran|59/100|[from] item: Leftovers
|-damage|p1a: QueenDra|57/100|[from] move: Magma Storm|[partiallytrapped]
|upkeep
|turn|7
|
|t:|1776152516
|move|p2a: Heatran|Protect|p2a: Heatran
|-singleturn|p2a: Heatran|Protect
|move|p1a: QueenDra|Surf|p2a: Heatran
|-activate|p2a: Heatran|move: Protect
|
|-weather|RainDance|[upkeep]
|-heal|p2a: Heatran|65/100|[from] item: Leftovers
|-damage|p1a: QueenDra|45/100|[from] move: Magma Storm|[partiallytrapped]
|upkeep
|turn|8
|
|t:|1776152520
|move|p1a: QueenDra|Surf|p2a: Heatran
|-resisted|p2a: Heatran
|-damage|p2a: Heatran|36/100
|move|p2a: Heatran|Earth Power|p1a: QueenDra
|-damage|p1a: QueenDra|12/100
|
|-weather|none
|-heal|p2a: Heatran|42/100|[from] item: Leftovers
|-damage|p1a: QueenDra|0 fnt|[from] move: Magma Storm|[partiallytrapped]
|faint|p1a: QueenDra
|upkeep
|
|t:|1776152532
|switch|p1a: EX|Glimmora, F, shiny|100/100
|-damage|p1a: EX|88/100|[from] Stealth Rock
|turn|9
|
|t:|1776152546
|switch|p2a: Iron Moth|Iron Moth|100/100
|-enditem|p2a: Iron Moth|Booster Energy
|-activate|p2a: Iron Moth|ability: Quark Drive|[fromitem]
|-start|p2a: Iron Moth|quarkdrivespe
|move|p1a: EX|Stealth Rock|p2a: Iron Moth
|-sidestart|p2: ydm14|move: Stealth Rock
|
|upkeep
|turn|10
|
|t:|1776152554
|move|p2a: Iron Moth|Substitute|p2a: Iron Moth
|-start|p2a: Iron Moth|Substitute
|-damage|p2a: Iron Moth|76/100
|move|p1a: EX|Earth Power|p2a: Iron Moth
|-supereffective|p2a: Iron Moth
|-end|p2a: Iron Moth|Substitute
|
|upkeep
|turn|11
|
|t:|1776152563
|-end|p2a: Iron Moth|Quark Drive|[silent]
|switch|p2a: Grafaiai|Grafaiai, F|100/100
|-damage|p2a: Grafaiai|88/100|[from] Stealth Rock
|-item|p2a: Grafaiai|Air Balloon
|move|p1a: EX|Mortal Spin|p2a: Grafaiai
|-resisted|p2a: Grafaiai
|-damage|p2a: Grafaiai|85/100
|-enditem|p2a: Grafaiai|Air Balloon
|-sideend|p1: Jasere_05|Stealth Rock|[from] move: Mortal Spin|[of] p1a: EX
|
|upkeep
|turn|12
|
|t:|1776152574
|move|p2a: Grafaiai|Encore|p1a: EX
|-start|p1a: EX|Encore
|move|p1a: EX|Mortal Spin|p2a: Grafaiai
|-resisted|p2a: Grafaiai
|-damage|p2a: Grafaiai|82/100
|
|upkeep
|turn|13
|
|t:|1776152586
|switch|p1a: Peliperdo|Pelipper, M|90/100
|-weather|RainDance|[from] ability: Drizzle|[of] p1a: Peliperdo
|switch|p2a: Ogerpon|Ogerpon-Wellspring, F|100/100
|-damage|p2a: Ogerpon|88/100|[from] Stealth Rock
|
|-weather|RainDance|[upkeep]
|upkeep
|turn|14
|
|t:|1776152600
|switch|p2a: Alomomola|Alomomola, M|89/100
|-damage|p2a: Alomomola|77/100|[from] Stealth Rock
|move|p1a: Peliperdo|Hurricane|p2a: Alomomola
|-damage|p2a: Alomomola|33/100
|
|-weather|RainDance|[upkeep]
|upkeep
|turn|15
|
|t:|1776152607
|move|p2a: Alomomola|Protect|p2a: Alomomola
|-singleturn|p2a: Alomomola|Protect
|move|p1a: Peliperdo|U-turn|p2a: Alomomola
|-activate|p2a: Alomomola|move: Protect
|
|-weather|RainDance|[upkeep]
|upkeep
|turn|16
|
|t:|1776152611
|move|p2a: Alomomola|Wish|p2a: Alomomola
|move|p1a: Peliperdo|U-turn|p2a: Alomomola
|-damage|p2a: Alomomola|28/100
|-damage|p1a: Peliperdo|74/100|[from] item: Rocky Helmet|[of] p2a: Alomomola
|inactive|Jasere_05 has 120 seconds left.
|
|t:|1776152641
|switch|p1a: Cántabro|Ursaluna, M, shiny|100/100|[from] U-turn
|
|-weather|RainDance|[upkeep]
|-status|p1a: Cántabro|brn|[from] item: Flame Orb
|upkeep
|turn|17
|
|t:|1776152650
|move|p2a: Alomomola|Flip Turn|p1a: Cántabro
|-supereffective|p1a: Cántabro
|-damage|p1a: Cántabro|62/100 brn
|
|t:|1776152654
|switch|p2a: Great Tusk|Great Tusk|100/100|[from] Flip Turn
|-damage|p2a: Great Tusk|98/100|[from] Stealth Rock
|move|p1a: Cántabro|Facade|p2a: Great Tusk
|-damage|p2a: Great Tusk|4/100
|
|-weather|RainDance|[upkeep]
|-heal|p2a: Great Tusk|76/100|[from] move: Wish|[wisher] Alomomola
|-damage|p1a: Cántabro|56/100 brn|[from] brn
|upkeep
|turn|18
|
|t:|1776152667
|switch|p1a: EX|Glimmora, F, shiny|88/100
|move|p2a: Great Tusk|Rapid Spin|p1a: EX
|-resisted|p1a: EX
|-damage|p1a: EX|78/100
|-boost|p2a: Great Tusk|spe|1
|-activate|p1a: EX|ability: Toxic Debris
|-sidestart|p2: ydm14|move: Toxic Spikes
|-sideend|p2: ydm14|Toxic Spikes|[from] move: Rapid Spin|[of] p2a: Great Tusk
|-sideend|p2: ydm14|Stealth Rock|[from] move: Rapid Spin|[of] p2a: Great Tusk
|
|-weather|RainDance|[upkeep]
|upkeep
|turn|19
|
|t:|1776152678
|move|p2a: Great Tusk|Headlong Rush|p1a: EX
|-supereffective|p1a: EX
|-damage|p1a: EX|0 fnt
|-unboost|p2a: Great Tusk|def|1
|-unboost|p2a: Great Tusk|spd|1
|-activate|p1a: EX|ability: Toxic Debris
|-sidestart|p2: ydm14|move: Toxic Spikes
|faint|p1a: EX
|
|-weather|RainDance|[upkeep]
|upkeep
|inactive|Jasere_05 has 120 seconds left.
|
|t:|1776152716
|switch|p1a: Cántabro|Ursaluna, M, shiny|56/100 brn
|turn|20
|
|t:|1776152719
|move|p2a: Great Tusk|Close Combat|p1a: Cántabro
|-supereffective|p1a: Cántabro
|-damage|p1a: Cántabro|0 fnt
|-unboost|p2a: Great Tusk|def|1
|-unboost|p2a: Great Tusk|spd|1
|faint|p1a: Cántabro
|
|-weather|none
|upkeep
|inactive|Jasere_05 has 120 seconds left.
|
|t:|1776152724
|switch|p1a: Sekiro|Kingambit, M, shiny|100/100
|-activate|p1a: Sekiro|ability: Supreme Overlord
|-start|p1a: Sekiro|fallen3|[silent]
|turn|21
|
|t:|1776152732
|move|p1a: Sekiro|Sucker Punch|p2a: Great Tusk
|-resisted|p2a: Great Tusk
|-damage|p2a: Great Tusk|29/100
|move|p2a: Great Tusk|Close Combat|p1a: Sekiro
|-supereffective|p1a: Sekiro
|-damage|p1a: Sekiro|0 fnt
|-unboost|p2a: Great Tusk|def|1
|-unboost|p2a: Great Tusk|spd|1
|faint|p1a: Sekiro
|-end|p1a: Sekiro|fallen3|[silent]
|
|upkeep
|-message|Jasere_05 forfeited.
|
|win|ydm14
|raw|Jasere_05's rating: 1436 &rarr; <strong>1413</strong><br />(-23 for losing)
|raw|ydm14's rating: 1376 &rarr; <strong>1399</strong><br />(+23 for winning)
|l|☆Jasere_05
|player|p1|
