|html|<div class="broadcast-blue"><strong>[Gen 9] OU is currently suspecting Tera Blast! For information on how to participate check out the <a href="https://www.smogon.com/tools/suspects/view/200">suspect thread</a>.</strong></div>
|j|☆sometimesstandard
|j|☆YapYapYapYapYapYap
|t:|1776112911
|gametype|singles
|player|p1|sometimesstandard|1|1504
|player|p2|YapYapYapYapYapYap|caitlin|1533
|gen|9
|tier|[Gen 9] OU
|rated|
|rule|HP Percentage Mod: HP is shown in percentages
|rule|Endless Battle Clause: Forcing endless battles is banned
|rule|Species Clause: Limit one of each Pokémon
|rule|OHKO Clause: OHKO moves are banned
|rule|Evasion Items Clause: Evasion items are banned
|rule|Evasion Moves Clause: Evasion moves are banned
|rule|Evasion Abilities Clause: Evasion abilities are banned
|rule|Sleep Moves Clause: Sleep-inducing moves are banned
|clearpoke
|poke|p1|Mamoswine, M|
|poke|p1|Magnezone|
|poke|p1|Moltres|
|poke|p1|Greninja-*, F|
|poke|p1|Mismagius, F|
|poke|p1|Latios, M|
|poke|p2|Iron Moth|
|poke|p2|Gliscor, M|
|poke|p2|Hatterene, F|
|poke|p2|Ogerpon-Wellspring, F|
|poke|p2|Raging Bolt|
|poke|p2|Zamazenta-*|
|teampreview
|
|t:|1776112925
|teamsize|p1|6
|teamsize|p2|6
|start
|switch|p1a: Mismagius|Mismagius, F|100/100
|switch|p2a: Zamazenta|Zamazenta|100/100
|-ability|p2a: Zamazenta|Dauntless Shield|boost
|-boost|p2a: Zamazenta|def|1
|turn|1
|
|t:|1776112939
|switch|p1a: Moltres|Moltres|100/100
|move|p2a: Zamazenta|Light Screen|p2a: Zamazenta
|-sidestart|p2: YapYapYapYapYapYap|move: Light Screen
|
|upkeep
|turn|2
|
|t:|1776112948
|move|p2a: Zamazenta|Reflect|p2a: Zamazenta
|-sidestart|p2: YapYapYapYapYapYap|Reflect
|move|p1a: Moltres|Hurricane|p2a: Zamazenta|[miss]
|-miss|p1a: Moltres|p2a: Zamazenta
|
|upkeep
|turn|3
|
|t:|1776112952
|switch|p2a: Raging Bolt|Raging Bolt|100/100
|-enditem|p2a: Raging Bolt|Booster Energy
|-activate|p2a: Raging Bolt|ability: Protosynthesis|[fromitem]
|-start|p2a: Raging Bolt|protosynthesisspa
|move|p1a: Moltres|U-turn|p2a: Raging Bolt
|-damage|p2a: Raging Bolt|93/100
|
|t:|1776112985
|switch|p1a: Mamoswine|Mamoswine, M|100/100|[from] U-turn
|
|upkeep
|turn|4
|
|t:|1776112996
|move|p1a: Mamoswine|Earthquake|p2a: Raging Bolt
|-supereffective|p2a: Raging Bolt
|-damage|p2a: Raging Bolt|19/100
|-damage|p1a: Mamoswine|91/100|[from] item: Life Orb
|move|p2a: Raging Bolt|Dragon Pulse|p1a: Mamoswine
|-damage|p1a: Mamoswine|0 fnt
|faint|p1a: Mamoswine
|
|upkeep
|
|t:|1776113022
|switch|p1a: Latios|Latios, M|100/100
|turn|5
|
|t:|1776113048
|move|p1a: Latios|Luster Purge|p2a: Raging Bolt
|-damage|p2a: Raging Bolt|0 fnt
|faint|p2a: Raging Bolt
|-end|p2a: Raging Bolt|Protosynthesis|[silent]
|
|upkeep
|inactive|Battle timer is ON: inactive players will automatically lose when time's up. (requested by sometimesstandard)
|
|t:|1776113057
|switch|p2a: Hatterene|Hatterene, F|100/100
|turn|6
|
|t:|1776113074
|switch|p1a: Mismagius|Mismagius, F|100/100
|move|p2a: Hatterene|Calm Mind|p2a: Hatterene
|-boost|p2a: Hatterene|spa|1
|-boost|p2a: Hatterene|spd|1
|
|upkeep
|turn|7
|
|t:|1776113083
|move|p1a: Mismagius|Curse|p2a: Hatterene
|-start|p2a: Hatterene|Curse|[of] p1a: Mismagius
|-damage|p1a: Mismagius|51/100
|move|p2a: Hatterene|Calm Mind|p2a: Hatterene
|-boost|p2a: Hatterene|spa|1
|-boost|p2a: Hatterene|spd|1
|
|-damage|p2a: Hatterene|76/100|[from] Curse
|upkeep
|turn|8
|
|t:|1776113094
|switch|p1a: Magnezone|Magnezone|100/100
|move|p2a: Hatterene|Calm Mind|p2a: Hatterene
|-boost|p2a: Hatterene|spa|1
|-boost|p2a: Hatterene|spd|1
|
|-heal|p2a: Hatterene|82/100|[from] item: Leftovers
|-damage|p2a: Hatterene|57/100|[from] Curse
|-sideend|p2: YapYapYapYapYapYap|move: Light Screen
|upkeep
|turn|9
|
|t:|1776113102
|-terastallize|p2a: Hatterene|Water
|move|p1a: Magnezone|Steel Beam|p2a: Hatterene
|-resisted|p2a: Hatterene
|-damage|p2a: Hatterene|33/100
|-damage|p1a: Magnezone|50/100|[from] steelbeam
|move|p2a: Hatterene|Mystical Fire|p1a: Magnezone
|-supereffective|p1a: Magnezone
|-damage|p1a: Magnezone|0 fnt
|faint|p1a: Magnezone
|
|-heal|p2a: Hatterene|39/100|[from] item: Leftovers
|-damage|p2a: Hatterene|14/100|[from] Curse
|-sideend|p2: YapYapYapYapYapYap|Reflect
|upkeep
|inactive|sometimesstandard has 120 seconds left.
|
|t:|1776113143
|switch|p1a: Mismagius|Mismagius, F|51/100
|turn|10
|
|t:|1776113170
|move|p1a: Mismagius|Thunderbolt|p2a: Hatterene
|-supereffective|p2a: Hatterene
|-damage|p2a: Hatterene|0 fnt
|faint|p2a: Hatterene
|
|upkeep
|inactive|YapYapYapYapYapYap has 120 seconds left.
|
|t:|1776113182
|switch|p2a: Iron Moth|Iron Moth|100/100
|-enditem|p2a: Iron Moth|Booster Energy
|-activate|p2a: Iron Moth|ability: Quark Drive|[fromitem]
|-start|p2a: Iron Moth|quarkdrivespe
|turn|11
|inactive|sometimesstandard has 120 seconds left.
|
|t:|1776113198
|move|p2a: Iron Moth|Fiery Dance|p1a: Mismagius
|-damage|p1a: Mismagius|0 fnt
|faint|p1a: Mismagius
|
|upkeep
|inactive|sometimesstandard has 120 seconds left.
|
|t:|1776113213
|switch|p1a: Latios|Latios, M|100/100
|turn|12
|
|t:|1776113226
|move|p2a: Iron Moth|Toxic Spikes|p1a: Latios
|-sidestart|p1: sometimesstandard|move: Toxic Spikes
|move|p1a: Latios|Luster Purge|p2a: Iron Moth
|-supereffective|p2a: Iron Moth
|-damage|p2a: Iron Moth|12/100
|-unboost|p2a: Iron Moth|spd|1
|
|upkeep
|turn|13
|
|t:|1776113234
|move|p2a: Iron Moth|Sludge Wave|p1a: Latios
|-damage|p1a: Latios|51/100
|move|p1a: Latios|Luster Purge|p2a: Iron Moth
|-supereffective|p2a: Iron Moth
|-damage|p2a: Iron Moth|0 fnt
|faint|p2a: Iron Moth
|-end|p2a: Iron Moth|Quark Drive|[silent]
|
|upkeep
|
|t:|1776113241
|switch|p2a: Zamazenta|Zamazenta|100/100
|turn|14
|
|t:|1776113244
|move|p1a: Latios|Luster Purge|p2a: Zamazenta
|-supereffective|p2a: Zamazenta
|-damage|p2a: Zamazenta|18/100
|-unboost|p2a: Zamazenta|spd|1
|move|p2a: Zamazenta|Light Screen|p2a: Zamazenta
|-sidestart|p2: YapYapYapYapYapYap|move: Light Screen
|
|upkeep
|turn|15
|
|t:|1776113251
|move|p1a: Latios|Luster Purge|p2a: Zamazenta
|-supereffective|p2a: Zamazenta
|-damage|p2a: Zamazenta|0 fnt
|faint|p2a: Zamazenta
|
|upkeep
|
|t:|1776113255
|switch|p2a: Gliscor|Gliscor, M|100/100
|turn|16
|
|t:|1776113262
|switch|p1a: Moltres|Moltres|100/100
|move|p2a: Gliscor|Agility|p2a: Gliscor
|-boost|p2a: Gliscor|spe|2
|
|-status|p2a: Gliscor|tox|[from] item: Toxic Orb
|upkeep
|turn|17
|
|t:|1776113278
|move|p2a: Gliscor|Swords Dance|p2a: Gliscor
|-boost|p2a: Gliscor|atk|2
|move|p1a: Moltres|Flamethrower|p2a: Gliscor
|-damage|p2a: Gliscor|75/100 tox
|
|-heal|p2a: Gliscor|87/100 tox|[from] ability: Poison Heal
|upkeep
|turn|18
|
|t:|1776113285
|move|p2a: Gliscor|Facade|p1a: Moltres
|-damage|p1a: Moltres|46/100
|move|p1a: Moltres|U-turn|p2a: Gliscor
|-resisted|p2a: Gliscor
|-damage|p2a: Gliscor|82/100 tox
|
|t:|1776113293
|switch|p1a: Latios|Latios, M|51/100|[from] U-turn
|
|-heal|p2a: Gliscor|94/100 tox|[from] ability: Poison Heal
|upkeep
|turn|19
|
|t:|1776113304
|move|p1a: Latios|Trick|p2a: Gliscor
|-activate|p1a: Latios|move: Trick|[of] p2a: Gliscor
|-item|p2a: Gliscor|Choice Scarf|[from] move: Trick
|-item|p1a: Latios|Toxic Orb|[from] move: Trick
|move|p2a: Gliscor|Facade|p1a: Latios
|-damage|p1a: Latios|0 fnt
|faint|p1a: Latios
|
|-heal|p2a: Gliscor|100/100 tox|[from] ability: Poison Heal
|upkeep
|inactive|sometimesstandard has 120 seconds left.
|
|t:|1776113335
|switch|p1a: Moltres|Moltres|46/100
|turn|20
|inactive|sometimesstandard has 120 seconds left.
|
|t:|1776113341
|move|p2a: Gliscor|Facade|p1a: Moltres
|-crit|p1a: Moltres
|-damage|p1a: Moltres|0 fnt
|faint|p1a: Moltres
|
|upkeep
|
|t:|1776113344
|switch|p1a: Greninja|Greninja, F|100/100
|-status|p1a: Greninja|psn
|turn|21
|
|t:|1776113351
|-terastallize|p1a: Greninja|Steel
|move|p2a: Gliscor|Facade|p1a: Greninja
|-resisted|p1a: Greninja
|-damage|p1a: Greninja|33/100 psn
|move|p1a: Greninja|Dark Pulse|p2a: Gliscor
|-damage|p2a: Gliscor|63/100 tox
|
|-heal|p2a: Gliscor|75/100 tox|[from] ability: Poison Heal
|-damage|p1a: Greninja|21/100 psn|[from] psn
|-sideend|p2: YapYapYapYapYapYap|move: Light Screen
|upkeep
|turn|22
|
|t:|1776113357
|move|p2a: Gliscor|Facade|p1a: Greninja
|-resisted|p1a: Greninja
|-damage|p1a: Greninja|0 fnt
|faint|p1a: Greninja
|
|win|YapYapYapYapYapYap
|raw|sometimesstandard's rating: 1504 &rarr; <strong>1486</strong><br />(-18 for losing)
|raw|YapYapYapYapYapYap's rating: 1533 &rarr; <strong>1551</strong><br />(+18 for winning)
|l|☆sometimesstandard
|player|p1|
|l|☆YapYapYapYapYapYap
|player|p2|
