|html|<div class="broadcast-blue"><strong>[Gen 9] OU is currently suspecting Tera Blast! For information on how to participate check out the <a href="https://www.smogon.com/tools/suspects/view/200">suspect thread</a>.</strong></div>
|j|☆Mryellowsnowmann
|j|☆Mrchubber
|t:|1776221174
|gametype|singles
|player|p1|Mryellowsnowmann|170|1446
|player|p2|Mrchubber|giovanni|1329
|gen|9
|tier|[Gen 9] OU
|rated|
|rule|HP Percentage Mod: HP is shown in percentages
|rule|Endless Battle Clause: Forcing endless battles is banned
|rule|Species Clause: Limit one of each Pokémon
|rule|OHKO Clause: OHKO moves are banned
|rule|Evasion Items Clause: Evasion items are banned
|rule|Evasion Moves Clause: Evasion moves are banned
|rule|Evasion Abilities Clause: Evasion abilities are banned
|rule|Sleep Moves Clause: Sleep-inducing moves are banned
|clearpoke
|poke|p1|Latios, M|
|poke|p1|Gengar, M|
|poke|p1|Tinkaton, F|
|poke|p1|Corviknight, F|
|poke|p1|Heatran, F|
|poke|p1|Primarina, F|
|poke|p2|Dondozo, M|
|poke|p2|Gliscor, M|
|poke|p2|Clodsire, F|
|poke|p2|Blissey, F|
|poke|p2|Sinistcha|
|poke|p2|Torterra, F|
|teampreview
|inactive|Battle timer is ON: inactive players will automatically lose when time's up. (requested by Mrchubber)
|j| ohko_smeargle
|inactive|Mryellowsnowmann has 120 seconds left.
|
|t:|1776221210
|teamsize|p1|6
|teamsize|p2|6
|start
|switch|p1a: Latios|Latios, M|100/100
|switch|p2a: Gliscor|Gliscor, M|100/100
|turn|1
|
|t:|1776221235
|switch|p1a: Corviknight|Corviknight, F|100/100
|-ability|p1a: Corviknight|Pressure
|move|p2a: Gliscor|Protect||[still]
|-fail|p2a: Gliscor
|
|-status|p2a: Gliscor|tox|[from] item: Toxic Orb
|upkeep
|turn|2
|
|t:|1776221243
|move|p2a: Gliscor|Knock Off|p1a: Corviknight
|-damage|p1a: Corviknight|87/100
|-enditem|p1a: Corviknight|Leftovers|[from] move: Knock Off|[of] p2a: Gliscor
|move|p1a: Corviknight|U-turn|p2a: Gliscor
|-resisted|p2a: Gliscor
|-damage|p2a: Gliscor|96/100 tox
|
|t:|1776221255
|switch|p1a: Latios|Latios, M|100/100|[from] U-turn
|
|-heal|p2a: Gliscor|100/100 tox|[from] ability: Poison Heal
|upkeep
|turn|3
|
|t:|1776221260
|switch|p1a: Corviknight|Corviknight, F|87/100
|-ability|p1a: Corviknight|Pressure
|move|p2a: Gliscor|Protect||[still]
|-fail|p2a: Gliscor
|
|upkeep
|turn|4
|
|t:|1776221266
|move|p2a: Gliscor|Spikes|p1a: Corviknight
|-sidestart|p1: Mryellowsnowmann|Spikes
|move|p1a: Corviknight|U-turn|p2a: Gliscor
|-resisted|p2a: Gliscor
|-damage|p2a: Gliscor|96/100 tox
|
|t:|1776221269
|switch|p1a: Latios|Latios, M|100/100|[from] U-turn
|
|-heal|p2a: Gliscor|100/100 tox|[from] ability: Poison Heal
|upkeep
|turn|5
|
|t:|1776221274
|switch|p1a: Corviknight|Corviknight, F|87/100
|-ability|p1a: Corviknight|Pressure
|move|p2a: Gliscor|Protect||[still]
|-fail|p2a: Gliscor
|
|upkeep
|turn|6
|
|t:|1776221284
|move|p2a: Gliscor|Spikes|p1a: Corviknight
|-sidestart|p1: Mryellowsnowmann|Spikes
|move|p1a: Corviknight|U-turn|p2a: Gliscor
|-resisted|p2a: Gliscor
|-damage|p2a: Gliscor|96/100 tox
|
|t:|1776221287
|switch|p1a: Latios|Latios, M|100/100|[from] U-turn
|
|-heal|p2a: Gliscor|100/100 tox|[from] ability: Poison Heal
|upkeep
|turn|7
|
|t:|1776221292
|switch|p1a: Corviknight|Corviknight, F|87/100
|-ability|p1a: Corviknight|Pressure
|move|p2a: Gliscor|Protect||[still]
|-fail|p2a: Gliscor
|
|upkeep
|turn|8
|
|t:|1776221299
|move|p2a: Gliscor|Knock Off|p1a: Corviknight
|-damage|p1a: Corviknight|79/100
|move|p1a: Corviknight|Defog|p2a: Gliscor
|-unboost|p2a: Gliscor|evasion|1
|-sideend|p1: Mryellowsnowmann|Spikes|[from] move: Defog|[of] p1a: Corviknight
|
|upkeep
|turn|9
|
|t:|1776221305
|move|p2a: Gliscor|Knock Off|p1a: Corviknight
|-damage|p1a: Corviknight|71/100
|move|p1a: Corviknight|U-turn|p2a: Gliscor
|-resisted|p2a: Gliscor
|-damage|p2a: Gliscor|96/100 tox
|
|t:|1776221331
|switch|p1a: Primarina|Primarina, F|100/100|[from] U-turn
|
|-heal|p2a: Gliscor|100/100 tox|[from] ability: Poison Heal
|upkeep
|turn|10
|
|t:|1776221345
|switch|p1a: Corviknight|Corviknight, F|71/100
|-ability|p1a: Corviknight|Pressure
|move|p2a: Gliscor|Toxic|p1a: Corviknight
|-immune|p1a: Corviknight
|
|upkeep
|turn|11
|
|t:|1776221360
|move|p2a: Gliscor|Spikes|p1a: Corviknight
|-sidestart|p1: Mryellowsnowmann|Spikes
|move|p1a: Corviknight|U-turn|p2a: Gliscor
|-resisted|p2a: Gliscor
|-damage|p2a: Gliscor|96/100 tox
|
|t:|1776221368
|switch|p1a: Latios|Latios, M|100/100|[from] U-turn
|
|-heal|p2a: Gliscor|100/100 tox|[from] ability: Poison Heal
|upkeep
|turn|12
|
|t:|1776221376
|switch|p1a: Corviknight|Corviknight, F|71/100
|-ability|p1a: Corviknight|Pressure
|move|p2a: Gliscor|Toxic|p1a: Corviknight
|-immune|p1a: Corviknight
|
|upkeep
|turn|13
|
|t:|1776221385
|switch|p2a: Torterra|Torterra, F|100/100
|move|p1a: Corviknight|U-turn|p2a: Torterra
|-supereffective|p2a: Torterra
|-damage|p2a: Torterra|83/100
|
|t:|1776221390
|switch|p1a: Latios|Latios, M|100/100|[from] U-turn
|
|-heal|p2a: Torterra|89/100|[from] item: Leftovers
|upkeep
|turn|14
|
|t:|1776221395
|move|p2a: Torterra|Protect|p2a: Torterra
|-singleturn|p2a: Torterra|Protect
|move|p1a: Latios|Draco Meteor|p2a: Torterra
|-activate|p2a: Torterra|move: Protect
|
|-heal|p2a: Torterra|95/100|[from] item: Leftovers
|upkeep
|turn|15
|
|t:|1776221412
|move|p1a: Latios|Draco Meteor|p2a: Torterra
|-damage|p2a: Torterra|0 fnt
|-unboost|p1a: Latios|spa|2
|faint|p2a: Torterra
|
|upkeep
|
|t:|1776221418
|switch|p2a: Gliscor|Gliscor, M|100/100 tox
|turn|16
|
|t:|1776221420
|switch|p1a: Corviknight|Corviknight, F|71/100
|-ability|p1a: Corviknight|Pressure
|move|p2a: Gliscor|Toxic|p1a: Corviknight
|-immune|p1a: Corviknight
|
|upkeep
|turn|17
|c|☆Mryellowsnowmann|No way is this fun for you
|
|t:|1776221443
|switch|p2a: Dondozo|Dondozo, M|100/100
|move|p1a: Corviknight|U-turn|p2a: Dondozo
|-damage|p2a: Dondozo|94/100
|
|t:|1776221453
|switch|p1a: Gengar|Gengar, M|100/100|[from] U-turn
|-damage|p1a: Gengar|88/100|[from] Spikes
|
|-heal|p1a: Gengar|94/100|[from] item: Leftovers
|upkeep
|turn|18
|c|☆Mrchubber|I can say the exact same thing
|
|t:|1776221463
|switch|p2a: Gliscor|Gliscor, M|100/100 tox
|move|p1a: Gengar|Mean Look|p2a: Gliscor
|-activate|p2a: Gliscor|trapped
|
|-heal|p1a: Gengar|100/100|[from] item: Leftovers
|upkeep
|turn|19
|c|☆Mryellowsnowmann|You the one loaded up stall tho 😭
|inactive|Mryellowsnowmann has 120 seconds left.
|
|t:|1776221498
|move|p1a: Gengar|Perish Song|p1a: Gengar
|-start|p1a: Gengar|perish3|[silent]
|-start|p2a: Gliscor|perish3|[silent]
|-fieldactivate|move: Perish Song
|move|p2a: Gliscor|Knock Off|p1a: Gengar
|-supereffective|p1a: Gengar
|-damage|p1a: Gengar|53/100
|-enditem|p1a: Gengar|Leftovers|[from] move: Knock Off|[of] p2a: Gliscor
|
|-start|p1a: Gengar|perish3
|-start|p2a: Gliscor|perish3
|upkeep
|turn|20
|
|t:|1776221507
|move|p1a: Gengar|Protect|p1a: Gengar
|-singleturn|p1a: Gengar|Protect
|move|p2a: Gliscor|Knock Off|p1a: Gengar
|-activate|p1a: Gengar|move: Protect
|
|-start|p1a: Gengar|perish2
|-start|p2a: Gliscor|perish2
|upkeep
|turn|21
|
|t:|1776221515
|move|p1a: Gengar|Substitute|p1a: Gengar
|-start|p1a: Gengar|Substitute
|-damage|p1a: Gengar|28/100
|move|p2a: Gliscor|Knock Off|p1a: Gengar
|-supereffective|p1a: Gengar
|-end|p1a: Gengar|Substitute
|
|-start|p1a: Gengar|perish1
|-start|p2a: Gliscor|perish1
|upkeep
|turn|22
|
|t:|1776221527
|switch|p1a: Corviknight|Corviknight, F|71/100
|-ability|p1a: Corviknight|Pressure
|move|p2a: Gliscor|Knock Off|p1a: Corviknight
|-damage|p1a: Corviknight|62/100
|
|-start|p2a: Gliscor|perish0
|faint|p2a: Gliscor
|upkeep
|-message|Mrchubber forfeited.
|
|win|Mryellowsnowmann
|raw|Mryellowsnowmann's rating: 1446 &rarr; <strong>1460</strong><br />(+14 for winning)
|raw|Mrchubber's rating: 1329 &rarr; <strong>1315</strong><br />(-14 for losing)
|l|☆Mrchubber
|player|p2|
|l| ohko_smeargle
|c|☆Mryellowsnowmann|Rip bozo
