|html|<div class="broadcast-blue"><strong>[Gen 9] OU is currently suspecting Tera Blast! For information on how to participate check out the <a href="https://www.smogon.com/tools/suspects/view/200">suspect thread</a>.</strong></div>
|j|☆notnubplayer
|j|☆StopTheVidYT
|t:|1776104226
|gametype|singles
|player|p1|notnubplayer|101|1279
|player|p2|StopTheVidYT|102|1338
|gen|9
|tier|[Gen 9] OU
|rated|
|rule|HP Percentage Mod: HP is shown in percentages
|rule|Endless Battle Clause: Forcing endless battles is banned
|rule|Species Clause: Limit one of each Pokémon
|rule|OHKO Clause: OHKO moves are banned
|rule|Evasion Items Clause: Evasion items are banned
|rule|Evasion Moves Clause: Evasion moves are banned
|rule|Evasion Abilities Clause: Evasion abilities are banned
|rule|Sleep Moves Clause: Sleep-inducing moves are banned
|clearpoke
|poke|p1|Dragonite, F|
|poke|p1|Ogerpon-Wellspring, F|
|poke|p1|Tyranitar, F|
|poke|p1|Excadrill, F|
|poke|p1|Iron Valiant|
|poke|p1|Sableye, M|
|poke|p2|Iron Valiant|
|poke|p2|Excadrill, M|
|poke|p2|Tornadus-Therian, M|
|poke|p2|Ogerpon-Cornerstone, F|
|poke|p2|Sandaconda, F|
|poke|p2|Deoxys-Speed|
|teampreview
|
|t:|1776104233
|teamsize|p1|6
|teamsize|p2|6
|start
|switch|p1a: Sableye|Sableye, M|100/100
|switch|p2a: Deoxys|Deoxys-Speed|100/100
|-ability|p2a: Deoxys|Pressure
|turn|1
|
|t:|1776104239
|move|p1a: Sableye|Taunt|p2a: Deoxys
|-start|p2a: Deoxys|move: Taunt
|cant|p2a: Deoxys|move: Taunt|Teleport
|
|upkeep
|turn|2
|
|t:|1776104244
|switch|p2a: Sandaconda|Sandaconda, F|100/100
|move|p1a: Sableye|Knock Off|p2a: Sandaconda
|-damage|p2a: Sandaconda|79/100
|-weather|Sandstorm|[from] ability: Sand Spit|[of] p2a: Sandaconda
|-enditem|p2a: Sandaconda|Binding Band|[from] move: Knock Off|[of] p1a: Sableye
|
|-weather|Sandstorm|[upkeep]
|-damage|p1a: Sableye|94/100|[from] Sandstorm
|-heal|p1a: Sableye|100/100|[from] item: Leftovers
|upkeep
|turn|3
|
|t:|1776104248
|move|p1a: Sableye|Protect|p1a: Sableye
|-singleturn|p1a: Sableye|Protect
|move|p2a: Sandaconda|Sand Tomb|p1a: Sableye
|-activate|p1a: Sableye|move: Protect
|
|-weather|Sandstorm|[upkeep]
|-damage|p1a: Sableye|94/100|[from] Sandstorm
|-heal|p1a: Sableye|100/100|[from] item: Leftovers
|upkeep
|turn|4
|
|t:|1776104256
|switch|p1a: Ogerpon|Ogerpon-Wellspring, F|100/100
|move|p2a: Sandaconda|Sand Tomb|p1a: Ogerpon
|-resisted|p1a: Ogerpon
|-damage|p1a: Ogerpon|92/100
|-activate|p1a: Ogerpon|move: Sand Tomb|[of] p2a: Sandaconda
|
|-weather|Sandstorm|[upkeep]
|-damage|p1a: Ogerpon|86/100|[from] Sandstorm
|-damage|p1a: Ogerpon|73/100|[from] move: Sand Tomb|[partiallytrapped]
|upkeep
|turn|5
|
|t:|1776104259
|move|p2a: Sandaconda|Protect|p2a: Sandaconda
|-singleturn|p2a: Sandaconda|Protect
|move|p1a: Ogerpon|Ivy Cudgel|p2a: Sandaconda|[anim] Ivy Cudgel Water
|-activate|p2a: Sandaconda|move: Protect
|
|-weather|Sandstorm|[upkeep]
|-damage|p1a: Ogerpon|67/100|[from] Sandstorm
|-damage|p1a: Ogerpon|55/100|[from] move: Sand Tomb|[partiallytrapped]
|upkeep
|turn|6
|inactive|Battle timer is ON: inactive players will automatically lose when time's up. (requested by notnubplayer)
|
|t:|1776104280
|move|p1a: Ogerpon|Taunt|p2a: Sandaconda
|-start|p2a: Sandaconda|move: Taunt
|cant|p2a: Sandaconda|move: Taunt|Sand Attack
|
|-weather|none
|-damage|p1a: Ogerpon|43/100|[from] move: Sand Tomb|[partiallytrapped]
|upkeep
|turn|7
|
|t:|1776104287
|move|p1a: Ogerpon|Ivy Cudgel|p2a: Sandaconda|[anim] Ivy Cudgel Water
|-supereffective|p2a: Sandaconda
|-damage|p2a: Sandaconda|0 fnt
|-weather|Sandstorm|[from] ability: Sand Spit|[of] p2a: Sandaconda
|faint|p2a: Sandaconda
|
|-weather|Sandstorm|[upkeep]
|-damage|p1a: Ogerpon|37/100|[from] Sandstorm
|-end|p1a: Ogerpon|Sand Tomb|[partiallytrapped]|[silent]
|upkeep
|
|t:|1776104300
|switch|p2a: Iron Valiant|Iron Valiant, shiny|100/100
|turn|8
|
|t:|1776104302
|move|p2a: Iron Valiant|Moonblast|p1a: Ogerpon
|-damage|p1a: Ogerpon|0 fnt
|faint|p1a: Ogerpon
|
|-weather|Sandstorm|[upkeep]
|-damage|p2a: Iron Valiant|94/100|[from] Sandstorm
|upkeep
|
|t:|1776104307
|switch|p1a: Excadrill|Excadrill, F|100/100
|-ability|p1a: Excadrill|Mold Breaker
|turn|9
|
|t:|1776104313
|-end|p2a: Iron Valiant|Quark Drive|[silent]
|switch|p2a: Tornadus|Tornadus-Therian, M, shiny|100/100
|move|p1a: Excadrill|Swords Dance|p1a: Excadrill
|-boost|p1a: Excadrill|atk|2
|
|-weather|Sandstorm|[upkeep]
|-damage|p2a: Tornadus|94/100|[from] Sandstorm
|upkeep
|turn|10
|
|t:|1776104320
|switch|p2a: Excadrill|Excadrill, M, shiny|100/100
|move|p1a: Excadrill|Rapid Spin|p2a: Excadrill
|-resisted|p2a: Excadrill
|-damage|p2a: Excadrill|77/100
|-boost|p1a: Excadrill|spe|1
|
|-weather|Sandstorm|[upkeep]
|-heal|p2a: Excadrill|83/100|[from] item: Leftovers
|upkeep
|turn|11
|
|t:|1776104327
|switch|p2a: Tornadus|Tornadus-Therian, M, shiny|100/100
|-terastallize|p1a: Excadrill|Flying
|move|p1a: Excadrill|Rapid Spin|p2a: Tornadus
|-damage|p2a: Tornadus|47/100
|-boost|p1a: Excadrill|spe|1
|
|-weather|none
|upkeep
|turn|12
|
|t:|1776104340
|move|p1a: Excadrill|Iron Head|p2a: Tornadus
|-damage|p2a: Tornadus|0 fnt
|faint|p2a: Tornadus
|
|upkeep
|
|t:|1776104343
|switch|p2a: Ogerpon|Ogerpon-Cornerstone, F|100/100
|turn|13
|
|t:|1776104348
|move|p1a: Excadrill|Iron Head|p2a: Ogerpon
|-supereffective|p2a: Ogerpon
|-damage|p2a: Ogerpon|0 fnt
|faint|p2a: Ogerpon
|
|upkeep
|-message|StopTheVidYT forfeited.
|
|win|notnubplayer
|raw|notnubplayer's rating: 1279 &rarr; <strong>1308</strong><br />(+29 for winning)
|raw|StopTheVidYT's rating: 1338 &rarr; <strong>1315</strong><br />(-23 for losing)
|l|☆StopTheVidYT
|player|p2|
|l|☆notnubplayer
|player|p1|
