|html|<div class="broadcast-blue"><strong>[Gen 9] OU is currently suspecting Tera Blast! For information on how to participate check out the <a href="https://www.smogon.com/tools/suspects/view/200">suspect thread</a>.</strong></div>
|j|☆Joaquinbola
|j|☆Juanitoperez2018
|t:|1776041228
|gametype|singles
|player|p1|Joaquinbola|265|
|player|p2|Juanitoperez2018|266|
|gen|9
|tier|[Gen 9] OU
|rule|HP Percentage Mod: HP is shown in percentages
|rule|Endless Battle Clause: Forcing endless battles is banned
|rule|Species Clause: Limit one of each Pokémon
|rule|OHKO Clause: OHKO moves are banned
|rule|Evasion Items Clause: Evasion items are banned
|rule|Evasion Moves Clause: Evasion moves are banned
|rule|Evasion Abilities Clause: Evasion abilities are banned
|rule|Sleep Moves Clause: Sleep-inducing moves are banned
|clearpoke
|poke|p1|Charizard, F|
|poke|p1|Slaking, F|
|poke|p1|Garchomp, F|
|poke|p1|Kingambit, M|
|poke|p1|Raichu, M|
|poke|p1|Incineroar, M|
|poke|p2|Dragapult, F|
|poke|p2|Sceptile, M|
|poke|p2|Gengar, M|
|poke|p2|Umbreon, F|
|poke|p2|Salamence, M|
|poke|p2|Lucario, M|
|teampreview
|j| ohko_smeargle
|
|t:|1776041243
|teamsize|p1|6
|teamsize|p2|6
|start
|switch|p1a: Slaking|Slaking, F|100/100
|switch|p2a: Sceptile|Sceptile, M|100/100
|turn|1
|
|t:|1776041250
|switch|p1a: Charizard|Charizard, F|100/100
|move|p2a: Sceptile|Acrobatics|p1a: Charizard
|-damage|p1a: Charizard|67/100
|
|upkeep
|turn|2
|
|t:|1776041261
|move|p2a: Sceptile|Acrobatics|p1a: Charizard
|-damage|p1a: Charizard|35/100
|move|p1a: Charizard|Air Slash|p2a: Sceptile
|-supereffective|p2a: Sceptile
|-crit|p2a: Sceptile
|-damage|p2a: Sceptile|0 fnt
|faint|p2a: Sceptile
|
|upkeep
|
|t:|1776041275
|switch|p2a: Lucario|Lucario, M|100/100
|turn|3
|
|t:|1776041279
|move|p1a: Charizard|Fire Fang|p2a: Lucario
|-supereffective|p2a: Lucario
|-damage|p2a: Lucario|25/100
|move|p2a: Lucario|Brick Break|p1a: Charizard
|-resisted|p1a: Charizard
|-damage|p1a: Charizard|12/100
|
|upkeep
|turn|4
|
|t:|1776041289
|move|p1a: Charizard|Fire Fang|p2a: Lucario
|-supereffective|p2a: Lucario
|-damage|p2a: Lucario|0 fnt
|faint|p2a: Lucario
|
|upkeep
|
|t:|1776041296
|switch|p2a: Salamence|Salamence, M|100/100
|-ability|p2a: Salamence|Intimidate|boost
|-unboost|p1a: Charizard|atk|1
|turn|5
|
|t:|1776041301
|move|p1a: Charizard|Fire Fang|p2a: Salamence
|-resisted|p2a: Salamence
|-damage|p2a: Salamence|85/100
|move|p2a: Salamence|Air Slash|p1a: Charizard
|-damage|p1a: Charizard|0 fnt
|faint|p1a: Charizard
|
|upkeep
|
|t:|1776041313
|switch|p1a: Raichu|Raichu, M|100/100
|turn|6
|
|t:|1776041318
|move|p1a: Raichu|Iron Tail|p2a: Salamence
|-crit|p2a: Salamence
|-damage|p2a: Salamence|33/100
|-unboost|p2a: Salamence|def|1
|move|p2a: Salamence|Air Slash|p1a: Raichu
|-resisted|p1a: Raichu
|-damage|p1a: Raichu|78/100
|
|upkeep
|turn|7
|
|t:|1776041327
|move|p1a: Raichu|Draining Kiss|p2a: Salamence
|-supereffective|p2a: Salamence
|-damage|p2a: Salamence|7/100
|-heal|p1a: Raichu|100/100|[from] drain|[of] p2a: Salamence
|move|p2a: Salamence|Air Slash|p1a: Raichu
|-resisted|p1a: Raichu
|-damage|p1a: Raichu|78/100
|
|upkeep
|turn|8
|
|t:|1776041336
|move|p1a: Raichu|Iron Tail|p2a: Salamence|[miss]
|-miss|p1a: Raichu|p2a: Salamence
|move|p2a: Salamence|Brick Break|p1a: Raichu
|-damage|p1a: Raichu|22/100
|
|upkeep
|turn|9
|
|t:|1776041344
|move|p1a: Raichu|Draining Kiss|p2a: Salamence
|-supereffective|p2a: Salamence
|-damage|p2a: Salamence|0 fnt
|-heal|p1a: Raichu|29/100|[from] drain|[of] p2a: Salamence
|faint|p2a: Salamence
|
|upkeep
|
|t:|1776041353
|switch|p2a: Umbreon|Umbreon, F|100/100
|turn|10
|
|t:|1776041357
|move|p1a: Raichu|Discharge|p2a: Umbreon
|-crit|p2a: Umbreon
|-damage|p2a: Umbreon|77/100
|move|p2a: Umbreon|Body Slam|p1a: Raichu
|-damage|p1a: Raichu|0 fnt
|faint|p1a: Raichu
|
|upkeep
|
|t:|1776041368
|switch|p1a: Garchomp|Garchomp, F, shiny|100/100
|turn|11
|
|t:|1776041372
|move|p1a: Garchomp|Crunch|p2a: Umbreon
|-resisted|p2a: Umbreon
|-damage|p2a: Umbreon|66/100
|move|p2a: Umbreon|Dark Pulse|p1a: Garchomp
|-damage|p1a: Garchomp|82/100
|
|upkeep
|turn|12
|
|t:|1776041380
|move|p1a: Garchomp|Dragon Claw|p2a: Umbreon
|-damage|p2a: Umbreon|34/100
|move|p2a: Umbreon|Crunch|p1a: Garchomp
|-damage|p1a: Garchomp|64/100
|-damage|p2a: Umbreon|22/100|[from] ability: Rough Skin|[of] p1a: Garchomp
|
|upkeep
|turn|13
|
|t:|1776041389
|move|p1a: Garchomp|Crunch|p2a: Umbreon
|-resisted|p2a: Umbreon
|-damage|p2a: Umbreon|10/100
|move|p2a: Umbreon|Dark Pulse|p1a: Garchomp
|-damage|p1a: Garchomp|42/100
|
|upkeep
|turn|14
|
|t:|1776041397
|move|p1a: Garchomp|Crunch|p2a: Umbreon
|-resisted|p2a: Umbreon
|-damage|p2a: Umbreon|0 fnt
|faint|p2a: Umbreon
|
|upkeep
|
|t:|1776041403
|switch|p2a: Dragapult|Dragapult, F|100/100
|turn|15
|
|t:|1776041407
|move|p2a: Dragapult|Fire Blast|p1a: Garchomp
|-resisted|p1a: Garchomp
|-damage|p1a: Garchomp|28/100
|move|p1a: Garchomp|Crunch|p2a: Dragapult
|-supereffective|p2a: Dragapult
|-crit|p2a: Dragapult
|-damage|p2a: Dragapult|0 fnt
|faint|p2a: Dragapult
|
|upkeep
|
|t:|1776041417
|switch|p2a: Gengar|Gengar, M|100/100
|turn|16
|
|t:|1776041421
|move|p2a: Gengar|Dark Pulse|p1a: Garchomp
|-damage|p1a: Garchomp|0 fnt
|faint|p1a: Garchomp
|
|upkeep
|
|t:|1776041429
|switch|p1a: Incineroar|Incineroar, M|100/100
|turn|17
|
|t:|1776041433
|move|p2a: Gengar|Dazzling Gleam|p1a: Incineroar
|-damage|p1a: Incineroar|78/100
|move|p1a: Incineroar|Darkest Lariat|p2a: Gengar
|-supereffective|p2a: Gengar
|-damage|p2a: Gengar|0 fnt
|faint|p2a: Gengar
|
|win|Joaquinbola
|l| ohko_smeargle
