|html|<div class="broadcast-blue"><strong>[Gen 9] OU is currently suspecting Tera Blast! For information on how to participate check out the <a href="https://www.smogon.com/tools/suspects/view/200">suspect thread</a>.</strong></div>
|j|☆hi im fuji
|j|☆swangzy
|t:|1776059522
|gametype|singles
|player|p1|hi im fuji|265|1177
|player|p2|swangzy|swimmer-gen4|1138
|gen|9
|tier|[Gen 9] OU
|rated|
|rule|HP Percentage Mod: HP is shown in percentages
|rule|Endless Battle Clause: Forcing endless battles is banned
|rule|Species Clause: Limit one of each Pokémon
|rule|OHKO Clause: OHKO moves are banned
|rule|Evasion Items Clause: Evasion items are banned
|rule|Evasion Moves Clause: Evasion moves are banned
|rule|Evasion Abilities Clause: Evasion abilities are banned
|rule|Sleep Moves Clause: Sleep-inducing moves are banned
|clearpoke
|poke|p1|Dragonite, F|
|poke|p1|Gliscor, M|
|poke|p1|Rotom-Wash|
|poke|p1|Dragapult, F|
|poke|p1|Enamorus, F|
|poke|p1|Landorus-Therian, M|
|poke|p2|Pelipper, M|
|poke|p2|Maushold-Four|
|poke|p2|Scizor, F|
|poke|p2|Ludicolo, M|
|poke|p2|Metagross|
|poke|p2|Hatterene, F|
|teampreview
|inactive|Battle timer is ON: inactive players will automatically lose when time's up. (requested by swangzy)
|
|t:|1776059553
|teamsize|p1|6
|teamsize|p2|6
|start
|switch|p1a: Dragapult|Dragapult, F|100/100
|switch|p2a: Pelipper|Pelipper, M|100/100
|-weather|RainDance|[from] ability: Drizzle|[of] p2a: Pelipper
|turn|1
|
|t:|1776059564
|move|p1a: Dragapult|Draco Meteor|p2a: Pelipper
|-damage|p2a: Pelipper|0 fnt
|-unboost|p1a: Dragapult|spa|2
|faint|p2a: Pelipper
|
|-weather|RainDance|[upkeep]
|upkeep
|
|t:|1776059587
|switch|p2a: Hatterene|Hatterene, F|100/100
|turn|2
|
|t:|1776059595
|switch|p1a: Dragonite|Dragonite, F|100/100
|move|p2a: Hatterene|Nuzzle|p1a: Dragonite
|-damage|p1a: Dragonite|99/100
|-status|p1a: Dragonite|par
|
|-weather|RainDance|[upkeep]
|upkeep
|turn|3
|
|t:|1776059609
|move|p1a: Dragonite|Earthquake|p2a: Hatterene
|-damage|p2a: Hatterene|59/100
|move|p2a: Hatterene|Calm Mind|p2a: Hatterene
|-boost|p2a: Hatterene|spa|1
|-boost|p2a: Hatterene|spd|1
|
|-weather|RainDance|[upkeep]
|-heal|p2a: Hatterene|65/100|[from] item: Leftovers
|upkeep
|turn|4
|
|t:|1776059619
|move|p1a: Dragonite|Earthquake|p2a: Hatterene
|-damage|p2a: Hatterene|20/100
|move|p2a: Hatterene|Dazzling Gleam|p1a: Dragonite
|-supereffective|p1a: Dragonite
|-damage|p1a: Dragonite|0 fnt
|faint|p1a: Dragonite
|
|-weather|RainDance|[upkeep]
|-heal|p2a: Hatterene|26/100|[from] item: Leftovers
|upkeep
|
|t:|1776059628
|switch|p1a: Enamorus|Enamorus, F|100/100
|turn|5
|
|t:|1776059635
|move|p1a: Enamorus|Moonblast|p2a: Hatterene
|-damage|p2a: Hatterene|0 fnt
|faint|p2a: Hatterene
|
|-weather|RainDance|[upkeep]
|upkeep
|
|t:|1776059652
|switch|p2a: Maushold|Maushold-Four|100/100
|turn|6
|
|t:|1776059657
|move|p1a: Enamorus|Moonblast|p2a: Maushold
|-crit|p2a: Maushold
|-damage|p2a: Maushold|0 fnt
|faint|p2a: Maushold
|
|-weather|RainDance|[upkeep]
|upkeep
|
|t:|1776059662
|switch|p2a: Ludicolo|Ludicolo, M|100/100
|turn|7
|
|t:|1776059666
|move|p1a: Enamorus|Moonblast|p2a: Ludicolo
|-damage|p2a: Ludicolo|66/100
|move|p2a: Ludicolo|Ice Beam|p1a: Enamorus
|-supereffective|p1a: Enamorus
|-damage|p1a: Enamorus|31/100
|
|-weather|RainDance|[upkeep]
|upkeep
|turn|8
|
|t:|1776059677
|switch|p1a: Rotom|Rotom-Wash|100/100
|move|p2a: Ludicolo|Ice Beam|p1a: Rotom
|-resisted|p1a: Rotom
|-damage|p1a: Rotom|86/100
|
|-weather|none
|-heal|p1a: Rotom|93/100|[from] item: Leftovers
|upkeep
|turn|9
|
|t:|1776059688
|move|p1a: Rotom|Will-O-Wisp|p2a: Ludicolo|[miss]
|-miss|p1a: Rotom|p2a: Ludicolo
|move|p2a: Ludicolo|Energy Ball|p1a: Rotom
|-supereffective|p1a: Rotom
|-damage|p1a: Rotom|4/100
|
|-heal|p1a: Rotom|10/100|[from] item: Leftovers
|upkeep
|turn|10
|
|t:|1776059697
|move|p1a: Rotom|Will-O-Wisp|p2a: Ludicolo
|-status|p2a: Ludicolo|brn
|move|p2a: Ludicolo|Ice Beam|p1a: Rotom
|-resisted|p1a: Rotom
|-damage|p1a: Rotom|0 fnt
|faint|p1a: Rotom
|
|-damage|p2a: Ludicolo|60/100 brn|[from] brn
|upkeep
|
|t:|1776059712
|switch|p1a: Gliscor|Gliscor, M|100/100
|turn|11
|
|t:|1776059721
|-terastallize|p1a: Gliscor|Normal
|move|p1a: Gliscor|Swords Dance|p1a: Gliscor
|-boost|p1a: Gliscor|atk|2
|move|p2a: Ludicolo|Ice Beam|p1a: Gliscor
|-damage|p1a: Gliscor|79/100
|
|-damage|p2a: Ludicolo|54/100 brn|[from] brn
|-status|p1a: Gliscor|tox|[from] item: Toxic Orb
|upkeep
|turn|12
|
|t:|1776059730
|move|p1a: Gliscor|Facade|p2a: Ludicolo
|-damage|p2a: Ludicolo|0 fnt
|faint|p2a: Ludicolo
|
|-heal|p1a: Gliscor|92/100 tox|[from] ability: Poison Heal
|upkeep
|
|t:|1776059744
|switch|p2a: Scizor|Scizor, F|100/100
|turn|13
|
|t:|1776059748
|move|p2a: Scizor|Close Combat|p1a: Gliscor
|-supereffective|p1a: Gliscor
|-damage|p1a: Gliscor|26/100 tox
|-unboost|p2a: Scizor|def|1
|-unboost|p2a: Scizor|spd|1
|move|p1a: Gliscor|Knock Off|p2a: Scizor
|-damage|p2a: Scizor|22/100
|-enditem|p2a: Scizor|Choice Scarf|[from] move: Knock Off|[of] p1a: Gliscor
|
|-heal|p1a: Gliscor|38/100 tox|[from] ability: Poison Heal
|upkeep
|turn|14
|
|t:|1776059759
|move|p1a: Gliscor|Protect|p1a: Gliscor
|-singleturn|p1a: Gliscor|Protect
|move|p2a: Scizor|Close Combat|p1a: Gliscor
|-activate|p1a: Gliscor|move: Protect
|
|-heal|p1a: Gliscor|51/100 tox|[from] ability: Poison Heal
|upkeep
|turn|15
|
|t:|1776059767
|switch|p1a: Landorus|Landorus-Therian, M|100/100
|-ability|p1a: Landorus|Intimidate|boost
|-unboost|p2a: Scizor|atk|1
|move|p2a: Scizor|Close Combat|p1a: Landorus
|-resisted|p1a: Landorus
|-damage|p1a: Landorus|85/100
|-unboost|p2a: Scizor|def|1
|-unboost|p2a: Scizor|spd|1
|-damage|p2a: Scizor|5/100|[from] item: Rocky Helmet|[of] p1a: Landorus
|
|upkeep
|turn|16
|
|t:|1776059783
|switch|p2a: Metagross|Metagross|100/100
|move|p1a: Landorus|U-turn|p2a: Metagross
|-damage|p2a: Metagross|82/100
|
|t:|1776059788
|switch|p1a: Dragapult|Dragapult, F|100/100|[from] U-turn
|
|upkeep
|turn|17
|
|t:|1776059798
|-terastallize|p2a: Metagross|Steel
|move|p1a: Dragapult|Shadow Ball|p2a: Metagross
|-damage|p2a: Metagross|17/100
|move|p2a: Metagross|Trailblaze|p1a: Dragapult
|-resisted|p1a: Dragapult
|-damage|p1a: Dragapult|90/100
|-boost|p2a: Metagross|spe|1
|
|upkeep
|turn|18
|
|t:|1776059810
|move|p2a: Metagross|Earthquake|p1a: Dragapult
|-damage|p1a: Dragapult|41/100
|move|p1a: Dragapult|Shadow Ball|p2a: Metagross
|-damage|p2a: Metagross|0 fnt
|faint|p2a: Metagross
|
|upkeep
|
|t:|1776059813
|switch|p2a: Scizor|Scizor, F|5/100
|turn|19
|
|t:|1776059820
|switch|p1a: Landorus|Landorus-Therian, M|85/100
|-ability|p1a: Landorus|Intimidate|boost
|-unboost|p2a: Scizor|atk|1
|move|p2a: Scizor|Bullet Punch|p1a: Landorus
|-damage|p1a: Landorus|63/100
|-damage|p2a: Scizor|0 fnt|[from] item: Rocky Helmet|[of] p1a: Landorus
|faint|p2a: Scizor
|
|win|hi im fuji
|raw|hi im fuji's rating: 1177 &rarr; <strong>1199</strong><br />(+22 for winning)
|raw|swangzy's rating: 1138 &rarr; <strong>1116</strong><br />(-22 for losing)
|l|☆swangzy
|player|p2|
|l|☆hi im fuji
|player|p1|
