|html|<div class="broadcast-blue"><strong>[Gen 9] OU is currently suspecting Volcarona! For information on how to participate check out the <a href="https://www.smogon.com/tools/suspects/view/208">suspect thread</a>.</strong></div>
|j|☆Tallon705
|j|☆Mori Jeon
|t:|1778507962
|gametype|singles
|player|p1|Tallon705|gentleman|1089
|player|p2|Mori Jeon|170|1057
|gen|9
|tier|[Gen 9] OU
|rated|
|rule|HP Percentage Mod: HP is shown in percentages
|rule|Endless Battle Clause: Forcing endless battles is banned
|rule|Species Clause: Limit one of each Pokémon
|rule|OHKO Clause: OHKO moves are banned
|rule|Evasion Items Clause: Evasion items are banned
|rule|Evasion Moves Clause: Evasion moves are banned
|rule|Evasion Abilities Clause: Evasion abilities are banned
|rule|Sleep Moves Clause: Sleep-inducing moves are banned
|clearpoke
|poke|p1|Meloetta|
|poke|p1|Rotom|
|poke|p1|Great Tusk|
|poke|p1|Hydreigon, M|
|poke|p1|Volcanion|
|poke|p1|Tinkaton, F|
|poke|p2|Toxapex, F|
|poke|p2|Corviknight, M|
|poke|p2|Clefable, F|
|poke|p2|Dragapult, M|
|poke|p2|Rotom-Heat|
|poke|p2|Garganacl, M|
|teampreview
|
|t:|1778507967
|teamsize|p1|6
|teamsize|p2|6
|start
|switch|p1a: Tinkaton|Tinkaton, F|100/100
|switch|p2a: Toxapex|Toxapex, F|100/100
|-ability|p1a: Tinkaton|Mold Breaker
|turn|1
|
|t:|1778507975
|move|p1a: Tinkaton|Knock Off|p2a: Toxapex
|-damage|p2a: Toxapex|86/100
|-enditem|p2a: Toxapex|Black Sludge|[from] move: Knock Off|[of] p1a: Tinkaton
|move|p2a: Toxapex|Liquidation|p1a: Tinkaton
|-damage|p1a: Tinkaton|80/100
|
|-heal|p1a: Tinkaton|86/100|[from] item: Leftovers
|upkeep
|turn|2
|
|t:|1778507985
|move|p1a: Tinkaton|Stealth Rock|p2a: Toxapex
|-sidestart|p2: Mori Jeon|move: Stealth Rock
|move|p2a: Toxapex|Liquidation|p1a: Tinkaton
|-damage|p1a: Tinkaton|64/100
|-unboost|p1a: Tinkaton|def|1
|
|-heal|p1a: Tinkaton|70/100|[from] item: Leftovers
|upkeep
|turn|3
|
|t:|1778507994
|move|p1a: Tinkaton|Gigaton Hammer|p2a: Toxapex
|-resisted|p2a: Toxapex
|-damage|p2a: Toxapex|68/100
|move|p2a: Toxapex|Liquidation|p1a: Tinkaton
|-damage|p1a: Tinkaton|34/100
|
|-heal|p1a: Tinkaton|40/100|[from] item: Leftovers
|upkeep
|turn|4
|
|t:|1778508003
|move|p1a: Tinkaton|Knock Off|p2a: Toxapex
|-damage|p2a: Toxapex|57/100
|move|p2a: Toxapex|Liquidation|p1a: Tinkaton
|-damage|p1a: Tinkaton|5/100
|
|-heal|p1a: Tinkaton|11/100|[from] item: Leftovers
|upkeep
|turn|5
|
|t:|1778508012
|switch|p1a: Volcanion|Volcanion|100/100
|move|p2a: Toxapex|Recover|p2a: Toxapex
|-heal|p2a: Toxapex|100/100
|
|upkeep
|turn|6
|
|t:|1778508018
|move|p1a: Volcanion|Earth Power|p2a: Toxapex
|-supereffective|p2a: Toxapex
|-damage|p2a: Toxapex|46/100
|-unboost|p2a: Toxapex|spd|1
|move|p2a: Toxapex|Toxic|p1a: Volcanion
|-status|p1a: Volcanion|tox
|
|-damage|p1a: Volcanion|94/100 tox|[from] psn
|upkeep
|turn|7
|
|t:|1778508033
|switch|p2a: Rotom|Rotom-Heat|100/100
|move|p1a: Volcanion|Earth Power|p2a: Rotom
|-immune|p2a: Rotom|[from] ability: Levitate
|
|-heal|p1a: Volcanion|100/100 tox|[from] item: Leftovers
|-damage|p1a: Volcanion|88/100 tox|[from] psn
|upkeep
|turn|8
|
|t:|1778508042
|switch|p1a: Great Tusk|Great Tusk|100/100
|move|p2a: Rotom|Volt Switch|p1a: Great Tusk
|-immune|p1a: Great Tusk
|
|upkeep
|turn|9
|
|t:|1778508051
|move|p1a: Great Tusk|Rapid Spin|p2a: Rotom
|-damage|p2a: Rotom|81/100
|-boost|p1a: Great Tusk|spe|1
|move|p2a: Rotom|Nasty Plot|p2a: Rotom
|-boost|p2a: Rotom|spa|2
|
|upkeep
|turn|10
|
|t:|1778508059
|move|p1a: Great Tusk|Head Smash|p2a: Rotom
|-supereffective|p2a: Rotom
|-damage|p2a: Rotom|0 fnt
|faint|p2a: Rotom
|-damage|p1a: Great Tusk|68/100|[from] Recoil
|
|upkeep
|
|t:|1778508071
|switch|p2a: Clefable|Clefable, F|100/100
|turn|11
|
|t:|1778508076
|move|p1a: Great Tusk|Head Smash|p2a: Clefable
|-damage|p2a: Clefable|38/100
|-damage|p1a: Great Tusk|35/100|[from] Recoil
|move|p2a: Clefable|Moonblast|p1a: Great Tusk
|-supereffective|p1a: Great Tusk
|-damage|p1a: Great Tusk|0 fnt
|faint|p1a: Great Tusk
|-end|p1a: Great Tusk|Protosynthesis|[silent]
|
|-heal|p2a: Clefable|44/100|[from] item: Leftovers
|upkeep
|
|t:|1778508083
|switch|p1a: Tinkaton|Tinkaton, F|11/100
|-ability|p1a: Tinkaton|Mold Breaker
|turn|12
|
|t:|1778508090
|move|p2a: Clefable|Protect|p2a: Clefable
|-singleturn|p2a: Clefable|Protect
|move|p1a: Tinkaton|Gigaton Hammer|p2a: Clefable
|-activate|p2a: Clefable|move: Protect
|
|-heal|p1a: Tinkaton|17/100|[from] item: Leftovers
|-heal|p2a: Clefable|50/100|[from] item: Leftovers
|upkeep
|turn|13
|
|t:|1778508102
|switch|p2a: Corviknight|Corviknight, M|100/100
|-damage|p2a: Corviknight|88/100|[from] Stealth Rock
|-ability|p2a: Corviknight|Pressure
|move|p1a: Tinkaton|Encore||[still]
|-fail|p1a: Tinkaton
|
|-heal|p1a: Tinkaton|23/100|[from] item: Leftovers
|-heal|p2a: Corviknight|94/100|[from] item: Leftovers
|upkeep
|turn|14
|
|t:|1778508112
|move|p1a: Tinkaton|Knock Off|p2a: Corviknight
|-damage|p2a: Corviknight|75/100
|-enditem|p2a: Corviknight|Leftovers|[from] move: Knock Off|[of] p1a: Tinkaton
|move|p2a: Corviknight|Defog|p1a: Tinkaton
|-unboost|p1a: Tinkaton|evasion|1
|-sideend|p2: Mori Jeon|Stealth Rock|[from] move: Defog|[of] p2a: Corviknight
|
|-heal|p1a: Tinkaton|29/100|[from] item: Leftovers
|upkeep
|turn|15
|
|t:|1778508122
|move|p1a: Tinkaton|Encore|p2a: Corviknight
|-start|p2a: Corviknight|Encore
|move|p2a: Corviknight|Defog|p1a: Tinkaton
|-unboost|p1a: Tinkaton|evasion|1
|
|-heal|p1a: Tinkaton|36/100|[from] item: Leftovers
|upkeep
|turn|16
|
|t:|1778508138
|switch|p2a: Garganacl|Garganacl, M|100/100
|move|p1a: Tinkaton|Knock Off|p2a: Garganacl
|-crit|p2a: Garganacl
|-damage|p2a: Garganacl|79/100
|-enditem|p2a: Garganacl|Leftovers|[from] move: Knock Off|[of] p1a: Tinkaton
|
|-heal|p1a: Tinkaton|42/100|[from] item: Leftovers
|upkeep
|turn|17
|
|t:|1778508148
|-terastallize|p2a: Garganacl|Grass
|move|p1a: Tinkaton|Gigaton Hammer|p2a: Garganacl
|-damage|p2a: Garganacl|43/100
|move|p2a: Garganacl|Salt Cure|p1a: Tinkaton
|-resisted|p1a: Tinkaton
|-damage|p1a: Tinkaton|32/100
|-start|p1a: Tinkaton|Salt Cure
|
|-heal|p1a: Tinkaton|38/100|[from] item: Leftovers
|-damage|p1a: Tinkaton|13/100|[from] Salt Cure
|upkeep
|turn|18
|
|t:|1778508158
|switch|p1a: Volcanion|Volcanion|88/100 tox
|move|p2a: Garganacl|Recover|p2a: Garganacl
|-heal|p2a: Garganacl|93/100
|
|-heal|p1a: Volcanion|94/100 tox|[from] item: Leftovers
|-damage|p1a: Volcanion|88/100 tox|[from] psn
|upkeep
|turn|19
|
|t:|1778508166
|move|p1a: Volcanion|Sludge Bomb|p2a: Garganacl
|-supereffective|p2a: Garganacl
|-damage|p2a: Garganacl|43/100
|move|p2a: Garganacl|Salt Cure|p1a: Volcanion
|-supereffective|p1a: Volcanion
|-damage|p1a: Volcanion|66/100 tox
|-start|p1a: Volcanion|Salt Cure
|
|-heal|p1a: Volcanion|72/100 tox|[from] item: Leftovers
|-damage|p1a: Volcanion|60/100 tox|[from] psn
|-damage|p1a: Volcanion|35/100 tox|[from] Salt Cure
|upkeep
|turn|20
|
|t:|1778508180
|switch|p2a: Toxapex|Toxapex, F|79/100
|move|p1a: Volcanion|Sludge Bomb|p2a: Toxapex
|-resisted|p2a: Toxapex
|-damage|p2a: Toxapex|64/100
|
|-heal|p1a: Volcanion|41/100 tox|[from] item: Leftovers
|-damage|p1a: Volcanion|23/100 tox|[from] psn
|-damage|p1a: Volcanion|0 fnt|[from] Salt Cure
|faint|p1a: Volcanion
|upkeep
|
|t:|1778508186
|switch|p1a: Rotom|Rotom|100/100
|turn|21
|
|t:|1778508195
|switch|p2a: Garganacl|Garganacl, M, tera:Grass|43/100
|move|p1a: Rotom|Thunderbolt|p2a: Garganacl
|-resisted|p2a: Garganacl
|-damage|p2a: Garganacl|26/100
|-damage|p1a: Rotom|91/100|[from] item: Life Orb
|
|upkeep
|turn|22
|
|t:|1778508202
|move|p1a: Rotom|Shadow Ball|p2a: Garganacl
|-damage|p2a: Garganacl|11/100
|-damage|p1a: Rotom|81/100|[from] item: Life Orb
|move|p2a: Garganacl|Recover|p2a: Garganacl
|-heal|p2a: Garganacl|61/100
|
|upkeep
|turn|23
|
|t:|1778508210
|switch|p1a: Hydreigon|Hydreigon, M|100/100
|move|p2a: Garganacl|Recover|p2a: Garganacl
|-heal|p2a: Garganacl|100/100
|
|upkeep
|turn|24
|
|t:|1778508217
|move|p1a: Hydreigon|U-turn|p2a: Garganacl
|-supereffective|p2a: Garganacl
|-damage|p2a: Garganacl|72/100
|
|t:|1778508220
|switch|p1a: Tinkaton|Tinkaton, F|13/100|[from] U-turn
|-ability|p1a: Tinkaton|Mold Breaker
|move|p2a: Garganacl|Iron Defense|p2a: Garganacl
|-boost|p2a: Garganacl|def|2
|
|-heal|p1a: Tinkaton|19/100|[from] item: Leftovers
|upkeep
|turn|25
|
|t:|1778508230
|move|p1a: Tinkaton|Encore|p2a: Garganacl
|-start|p2a: Garganacl|Encore
|move|p2a: Garganacl|Iron Defense|p2a: Garganacl
|-boost|p2a: Garganacl|def|2
|
|-heal|p1a: Tinkaton|26/100|[from] item: Leftovers
|upkeep
|turn|26
|
|t:|1778508239
|move|p1a: Tinkaton|Stealth Rock|p2a: Garganacl
|-sidestart|p2: Mori Jeon|move: Stealth Rock
|move|p2a: Garganacl|Iron Defense|p2a: Garganacl
|-boost|p2a: Garganacl|def|2
|
|-heal|p1a: Tinkaton|32/100|[from] item: Leftovers
|upkeep
|turn|27
|
|t:|1778508248
|move|p1a: Tinkaton|Knock Off|p2a: Garganacl
|-damage|p2a: Garganacl|69/100
|move|p2a: Garganacl|Iron Defense|p2a: Garganacl
|-boost|p2a: Garganacl|def|0
|
|-heal|p1a: Tinkaton|38/100|[from] item: Leftovers
|-end|p2a: Garganacl|Encore
|upkeep
|turn|28
|
|t:|1778508258
|switch|p2a: Dragapult|Dragapult, M, shiny|100/100
|-damage|p2a: Dragapult|88/100|[from] Stealth Rock
|move|p1a: Tinkaton|Encore||[still]
|-fail|p1a: Tinkaton
|
|-heal|p1a: Tinkaton|44/100|[from] item: Leftovers
|upkeep
|turn|29
|
|t:|1778508267
|move|p2a: Dragapult|Fire Blast|p1a: Tinkaton
|-supereffective|p1a: Tinkaton
|-damage|p1a: Tinkaton|0 fnt
|faint|p1a: Tinkaton
|
|upkeep
|
|t:|1778508270
|switch|p1a: Hydreigon|Hydreigon, M|100/100
|turn|30
|
|t:|1778508275
|switch|p2a: Clefable|Clefable, F|50/100
|move|p1a: Hydreigon|Thunder Wave|p2a: Clefable|[miss]
|-miss|p1a: Hydreigon|p2a: Clefable
|
|-heal|p2a: Clefable|57/100|[from] item: Leftovers
|upkeep
|turn|31
|
|t:|1778508284
|move|p1a: Hydreigon|Dark Pulse|p2a: Clefable
|-resisted|p2a: Clefable
|-damage|p2a: Clefable|45/100
|move|p2a: Clefable|Moonblast|p1a: Hydreigon
|-supereffective|p1a: Hydreigon
|-damage|p1a: Hydreigon|0 fnt
|faint|p1a: Hydreigon
|
|-heal|p2a: Clefable|51/100|[from] item: Leftovers
|upkeep
|
|t:|1778508287
|switch|p1a: Rotom|Rotom|81/100
|turn|32
|
|t:|1778508295
|move|p1a: Rotom|Thunderbolt|p2a: Clefable
|-damage|p2a: Clefable|15/100
|-damage|p1a: Rotom|71/100|[from] item: Life Orb
|move|p2a: Clefable|Stealth Rock|p1a: Rotom
|-sidestart|p1: Tallon705|move: Stealth Rock
|
|-heal|p2a: Clefable|21/100|[from] item: Leftovers
|upkeep
|turn|33
|
|t:|1778508303
|move|p2a: Clefable|Protect|p2a: Clefable
|-singleturn|p2a: Clefable|Protect
|move|p1a: Rotom|Thunderbolt|p2a: Clefable
|-activate|p2a: Clefable|move: Protect
|
|-heal|p2a: Clefable|27/100|[from] item: Leftovers
|upkeep
|turn|34
|
|t:|1778508309
|move|p1a: Rotom|Thunderbolt|p2a: Clefable
|-damage|p2a: Clefable|0 fnt
|faint|p2a: Clefable
|-damage|p1a: Rotom|61/100|[from] item: Life Orb
|
|upkeep
|
|t:|1778508314
|switch|p2a: Dragapult|Dragapult, M, shiny|88/100
|-damage|p2a: Dragapult|76/100|[from] Stealth Rock
|turn|35
|
|t:|1778508319
|move|p2a: Dragapult|Shadow Ball|p1a: Rotom
|-supereffective|p1a: Rotom
|-damage|p1a: Rotom|0 fnt
|faint|p1a: Rotom
|
|upkeep
|
|t:|1778508321
|switch|p1a: Meloetta|Meloetta|100/100
|-damage|p1a: Meloetta|88/100|[from] Stealth Rock
|turn|36
|
|t:|1778508327
|switch|p2a: Corviknight|Corviknight, M|75/100
|-damage|p2a: Corviknight|62/100|[from] Stealth Rock
|-ability|p2a: Corviknight|Pressure
|move|p1a: Meloetta|Shadow Ball|p2a: Corviknight
|-crit|p2a: Corviknight
|-damage|p2a: Corviknight|31/100
|
|upkeep
|turn|37
|
|t:|1778508337
|move|p1a: Meloetta|Relic Song|p2a: Corviknight
|-resisted|p2a: Corviknight
|-damage|p2a: Corviknight|15/100
|-formechange|p1a: Meloetta|Meloetta-Pirouette|[msg]
|move|p2a: Corviknight|U-turn|p1a: Meloetta
|-resisted|p1a: Meloetta
|-damage|p1a: Meloetta|81/100
|
|t:|1778508349
|switch|p2a: Garganacl|Garganacl, M, tera:Grass|69/100|[from] U-turn
|-damage|p2a: Garganacl|57/100|[from] Stealth Rock
|
|upkeep
|turn|38
|
|t:|1778508355
|move|p1a: Meloetta|Hyper Voice|p2a: Garganacl
|-damage|p2a: Garganacl|31/100
|move|p2a: Garganacl|Iron Defense|p2a: Garganacl
|-boost|p2a: Garganacl|def|2
|
|upkeep
|turn|39
|
|t:|1778508361
|move|p1a: Meloetta|Relic Song|p2a: Garganacl
|-damage|p2a: Garganacl|11/100
|-formechange|p1a: Meloetta|Meloetta|[msg]
|move|p2a: Garganacl|Body Press|p1a: Meloetta
|-damage|p1a: Meloetta|35/100
|
|upkeep
|turn|40
|
|t:|1778508369
|move|p1a: Meloetta|Relic Song|p2a: Garganacl
|-damage|p2a: Garganacl|0 fnt
|faint|p2a: Garganacl
|-formechange|p1a: Meloetta|Meloetta-Pirouette|[msg]
|
|upkeep
|
|t:|1778508377
|switch|p2a: Dragapult|Dragapult, M, shiny|76/100
|-damage|p2a: Dragapult|64/100|[from] Stealth Rock
|turn|41
|
|t:|1778508385
|move|p2a: Dragapult|Fire Blast|p1a: Meloetta
|-damage|p1a: Meloetta|9/100
|-status|p1a: Meloetta|brn
|move|p1a: Meloetta|Shadow Ball|p2a: Dragapult
|-supereffective|p2a: Dragapult
|-damage|p2a: Dragapult|6/100
|-unboost|p2a: Dragapult|spd|1
|
|-damage|p1a: Meloetta|3/100 brn|[from] brn
|upkeep
|turn|42
|
|t:|1778508395
|move|p2a: Dragapult|Fire Blast|p1a: Meloetta|[miss]
|-miss|p2a: Dragapult|p1a: Meloetta
|move|p1a: Meloetta|Shadow Ball|p2a: Dragapult
|-supereffective|p2a: Dragapult
|-damage|p2a: Dragapult|0 fnt
|faint|p2a: Dragapult
|
|-damage|p1a: Meloetta|0 fnt|[from] brn
|faint|p1a: Meloetta
|
|win|Mori Jeon
|raw|Tallon705's rating: 1089 &rarr; <strong>1064</strong><br />(-25 for losing)
|raw|Mori Jeon's rating: 1057 &rarr; <strong>1091</strong><br />(+34 for winning)
|l|☆Mori Jeon
|player|p2|
|l|☆Tallon705
|player|p1|
