|html|<div class="broadcast-blue"><strong>[Gen 9] OU is currently suspecting Tera Blast! For information on how to participate check out the <a href="https://www.smogon.com/tools/suspects/view/200">suspect thread</a>.</strong></div>
|j|☆Extremeraider03
|j|☆Entiny602
|t:|1776037160
|gametype|singles
|player|p1|Extremeraider03|palmer|1363
|player|p2|Entiny602|266|1328
|gen|9
|tier|[Gen 9] OU
|rated|
|rule|HP Percentage Mod: HP is shown in percentages
|rule|Endless Battle Clause: Forcing endless battles is banned
|rule|Species Clause: Limit one of each Pokémon
|rule|OHKO Clause: OHKO moves are banned
|rule|Evasion Items Clause: Evasion items are banned
|rule|Evasion Moves Clause: Evasion moves are banned
|rule|Evasion Abilities Clause: Evasion abilities are banned
|rule|Sleep Moves Clause: Sleep-inducing moves are banned
|clearpoke
|poke|p1|Hatterene, F|
|poke|p1|Raging Bolt|
|poke|p1|Walking Wake|
|poke|p1|Great Tusk|
|poke|p1|Ninetales, M|
|poke|p1|Ceruledge, M|
|poke|p2|Samurott-Hisui, F|
|poke|p2|Dragonite, F|
|poke|p2|Hoopa-Unbound|
|poke|p2|Ogerpon, F|
|poke|p2|Great Tusk|
|poke|p2|Iron Moth|
|teampreview
|inactive|Battle timer is ON: inactive players will automatically lose when time's up. (requested by Entiny602)
|
|t:|1776037165
|teamsize|p1|6
|teamsize|p2|6
|start
|switch|p1a: Great Musk|Great Tusk|100/100
|switch|p2a: Samurott|Samurott-Hisui, F|100/100
|turn|1
|
|t:|1776037172
|move|p2a: Samurott|Razor Shell|p1a: Great Musk
|-supereffective|p1a: Great Musk
|-damage|p1a: Great Musk|40/100
|-damage|p2a: Samurott|84/100|[from] item: Rocky Helmet|[of] p1a: Great Musk
|move|p1a: Great Musk|Rapid Spin|p2a: Samurott
|-damage|p2a: Samurott|67/100
|-boost|p1a: Great Musk|spe|1
|
|upkeep
|turn|2
|
|t:|1776037185
|move|p2a: Samurott|Aqua Jet|p1a: Great Musk
|-supereffective|p1a: Great Musk
|-damage|p1a: Great Musk|16/100
|-damage|p2a: Samurott|50/100|[from] item: Rocky Helmet|[of] p1a: Great Musk
|move|p1a: Great Musk|Headlong Rush|p2a: Samurott
|-damage|p2a: Samurott|0 fnt
|-unboost|p1a: Great Musk|def|1
|-unboost|p1a: Great Musk|spd|1
|faint|p2a: Samurott
|
|upkeep
|
|t:|1776037193
|switch|p2a: Great Tusk|Great Tusk|100/100
|-enditem|p2a: Great Tusk|Booster Energy
|-activate|p2a: Great Tusk|ability: Protosynthesis|[fromitem]
|-start|p2a: Great Tusk|protosynthesisspe
|turn|3
|
|t:|1776037201
|-end|p1a: Great Musk|Protosynthesis|[silent]
|switch|p1a: mnbdcb|Hatterene, F|100/100
|move|p2a: Great Tusk|Rapid Spin|p1a: mnbdcb
|-damage|p1a: mnbdcb|89/100
|-boost|p2a: Great Tusk|spe|1
|
|upkeep
|turn|4
|
|t:|1776037208
|move|p2a: Great Tusk|Headlong Rush|p1a: mnbdcb
|-damage|p1a: mnbdcb|45/100
|-unboost|p2a: Great Tusk|def|1
|-unboost|p2a: Great Tusk|spd|1
|move|p1a: mnbdcb|Draining Kiss|p2a: Great Tusk
|-supereffective|p2a: Great Tusk
|-damage|p2a: Great Tusk|15/100
|-heal|p1a: mnbdcb|100/100|[from] drain|[of] p2a: Great Tusk
|
|upkeep
|turn|5
|
|t:|1776037213
|move|p2a: Great Tusk|Headlong Rush|p1a: mnbdcb
|-damage|p1a: mnbdcb|62/100
|-unboost|p2a: Great Tusk|def|1
|-unboost|p2a: Great Tusk|spd|1
|move|p1a: mnbdcb|Psychic Noise|p2a: Great Tusk
|-supereffective|p2a: Great Tusk
|-damage|p2a: Great Tusk|0 fnt
|faint|p2a: Great Tusk
|-end|p2a: Great Tusk|Protosynthesis|[silent]
|
|upkeep
|
|t:|1776037217
|switch|p2a: Ogerpon|Ogerpon, F|100/100
|turn|6
|
|t:|1776037221
|switch|p1a: Great Musk|Great Tusk|16/100
|move|p2a: Ogerpon|Swords Dance|p2a: Ogerpon
|-boost|p2a: Ogerpon|atk|2
|
|upkeep
|turn|7
|
|t:|1776037225
|move|p2a: Ogerpon|Ivy Cudgel|p1a: Great Musk
|-supereffective|p1a: Great Musk
|-damage|p1a: Great Musk|0 fnt
|faint|p1a: Great Musk
|-end|p1a: Great Musk|Protosynthesis|[silent]
|
|upkeep
|
|t:|1776037235
|switch|p1a: SixSeven|Ninetales, M|100/100
|-weather|SunnyDay|[from] ability: Drought|[of] p1a: SixSeven
|turn|8
|
|t:|1776037239
|move|p2a: Ogerpon|Rock Tomb|p1a: SixSeven
|-supereffective|p1a: SixSeven
|-damage|p1a: SixSeven|2/100
|-unboost|p1a: SixSeven|spe|1
|move|p1a: SixSeven|Overheat|p2a: Ogerpon
|-supereffective|p2a: Ogerpon
|-damage|p2a: Ogerpon|0 fnt
|-unboost|p1a: SixSeven|spa|2
|faint|p2a: Ogerpon
|
|-weather|SunnyDay|[upkeep]
|upkeep
|
|t:|1776037247
|switch|p2a: Iron Moth|Iron Moth|100/100
|-enditem|p2a: Iron Moth|Booster Energy
|-activate|p2a: Iron Moth|ability: Quark Drive|[fromitem]
|-start|p2a: Iron Moth|quarkdrivespe
|turn|9
|
|t:|1776037260
|switch|p1a: mnbdcb|Hatterene, F|62/100
|move|p2a: Iron Moth|Substitute|p2a: Iron Moth
|-start|p2a: Iron Moth|Substitute
|-damage|p2a: Iron Moth|76/100
|
|-weather|SunnyDay|[upkeep]
|upkeep
|turn|10
|
|t:|1776037264
|move|p2a: Iron Moth|Sludge Wave|p1a: mnbdcb
|-supereffective|p1a: mnbdcb
|-damage|p1a: mnbdcb|0 fnt
|faint|p1a: mnbdcb
|
|-weather|SunnyDay|[upkeep]
|upkeep
|
|t:|1776037272
|switch|p1a: Goonedge|Ceruledge, M|100/100
|turn|11
|
|t:|1776037276
|move|p1a: Goonedge|Shadow Sneak|p2a: Iron Moth
|-end|p2a: Iron Moth|Substitute
|move|p2a: Iron Moth|Sludge Wave|p1a: Goonedge
|-resisted|p1a: Goonedge
|-damage|p1a: Goonedge|76/100
|-status|p1a: Goonedge|psn
|
|-weather|SunnyDay|[upkeep]
|-damage|p1a: Goonedge|64/100 psn|[from] psn
|upkeep
|turn|12
|
|t:|1776037283
|move|p2a: Iron Moth|Fiery Dance|p1a: Goonedge
|-resisted|p1a: Goonedge
|-damage|p1a: Goonedge|33/100 psn
|-boost|p2a: Iron Moth|spa|1
|move|p1a: Goonedge|Poltergeist||[still]
|-fail|p1a: Goonedge
|
|-weather|none
|-damage|p1a: Goonedge|21/100 psn|[from] psn
|upkeep
|turn|13
|
|t:|1776037291
|move|p1a: Goonedge|Shadow Sneak|p2a: Iron Moth
|-damage|p2a: Iron Moth|41/100
|move|p2a: Iron Moth|Fiery Dance|p1a: Goonedge
|-resisted|p1a: Goonedge
|-damage|p1a: Goonedge|0 fnt
|-boost|p2a: Iron Moth|spa|1
|faint|p1a: Goonedge
|
|upkeep
|
|t:|1776037297
|switch|p1a: Raging Bait|Raging Bolt|100/100
|turn|14
|
|t:|1776037300
|move|p2a: Iron Moth|Substitute|p2a: Iron Moth
|-start|p2a: Iron Moth|Substitute
|-damage|p2a: Iron Moth|17/100
|move|p1a: Raging Bait|Thunderbolt|p2a: Iron Moth
|-end|p2a: Iron Moth|Substitute
|-damage|p1a: Raging Bait|91/100|[from] item: Life Orb
|
|upkeep
|turn|15
|
|t:|1776037303
|move|p1a: Raging Bait|Thunderclap||[still]
|-fail|p1a: Raging Bait
|move|p2a: Iron Moth|Substitute|p2a: Iron Moth
|-fail|p2a: Iron Moth|move: Substitute|[weak]
|
|upkeep
|turn|16
|
|t:|1776037305
|move|p1a: Raging Bait|Thunderclap||[still]
|-fail|p1a: Raging Bait
|move|p2a: Iron Moth|Substitute|p2a: Iron Moth
|-fail|p2a: Iron Moth|move: Substitute|[weak]
|
|upkeep
|turn|17
|
|t:|1776037307
|move|p1a: Raging Bait|Thunderclap||[still]
|-fail|p1a: Raging Bait
|move|p2a: Iron Moth|Substitute|p2a: Iron Moth
|-fail|p2a: Iron Moth|move: Substitute|[weak]
|
|upkeep
|turn|18
|
|t:|1776037311
|move|p1a: Raging Bait|Thunderclap||[still]
|-fail|p1a: Raging Bait
|move|p2a: Iron Moth|Substitute|p2a: Iron Moth
|-fail|p2a: Iron Moth|move: Substitute|[weak]
|
|upkeep
|turn|19
|
|t:|1776037314
|move|p1a: Raging Bait|Thunderclap||[still]
|-fail|p1a: Raging Bait
|move|p2a: Iron Moth|Substitute|p2a: Iron Moth
|-fail|p2a: Iron Moth|move: Substitute|[weak]
|
|upkeep
|turn|20
|
|t:|1776037315
|move|p1a: Raging Bait|Thunderclap||[still]
|-fail|p1a: Raging Bait
|move|p2a: Iron Moth|Substitute|p2a: Iron Moth
|-fail|p2a: Iron Moth|move: Substitute|[weak]
|
|upkeep
|turn|21
|
|t:|1776037318
|move|p1a: Raging Bait|Thunderclap||[still]
|-fail|p1a: Raging Bait
|move|p2a: Iron Moth|Substitute|p2a: Iron Moth
|-fail|p2a: Iron Moth|move: Substitute|[weak]
|
|upkeep
|turn|22
|
|t:|1776037321
|move|p1a: Raging Bait|Thunderclap||[still]
|-fail|p1a: Raging Bait
|move|p2a: Iron Moth|Substitute|p2a: Iron Moth
|-fail|p2a: Iron Moth|move: Substitute|[weak]
|
|upkeep
|turn|23
|
|t:|1776037326
|move|p2a: Iron Moth|Dazzling Gleam|p1a: Raging Bait
|-supereffective|p1a: Raging Bait
|-damage|p1a: Raging Bait|0 fnt
|faint|p1a: Raging Bait
|-end|p1a: Raging Bait|Protosynthesis|[silent]
|
|upkeep
|
|t:|1776037329
|switch|p1a: Walking Peak|Walking Wake|100/100
|turn|24
|
|t:|1776037331
|move|p2a: Iron Moth|Dazzling Gleam|p1a: Walking Peak
|-supereffective|p1a: Walking Peak
|-damage|p1a: Walking Peak|0 fnt
|faint|p1a: Walking Peak
|-end|p1a: Walking Peak|Protosynthesis|[silent]
|
|upkeep
|
|t:|1776037332
|switch|p1a: SixSeven|Ninetales, M|2/100
|-weather|SunnyDay|[from] ability: Drought|[of] p1a: SixSeven
|turn|25
|
|t:|1776037335
|move|p2a: Iron Moth|Dazzling Gleam|p1a: SixSeven
|-resisted|p1a: SixSeven
|-damage|p1a: SixSeven|0 fnt
|faint|p1a: SixSeven
|
|win|Entiny602
|raw|Extremeraider03's rating: 1363 &rarr; <strong>1341</strong><br />(-22 for losing)
|raw|Entiny602's rating: 1328 &rarr; <strong>1350</strong><br />(+22 for winning)
