|html|<div class="broadcast-blue"><strong>[Gen 9] OU is currently suspecting Tera Blast! For information on how to participate check out the <a href="https://www.smogon.com/tools/suspects/view/200">suspect thread</a>.</strong></div>
|j|☆LossCulture
|j|☆ryftugy
|t:|1776053405
|gametype|singles
|player|p1|LossCulture|pilot|1230
|player|p2|ryftugy|swimmer|1271
|gen|9
|tier|[Gen 9] OU
|rated|
|rule|HP Percentage Mod: HP is shown in percentages
|rule|Endless Battle Clause: Forcing endless battles is banned
|rule|Species Clause: Limit one of each Pokémon
|rule|OHKO Clause: OHKO moves are banned
|rule|Evasion Items Clause: Evasion items are banned
|rule|Evasion Moves Clause: Evasion moves are banned
|rule|Evasion Abilities Clause: Evasion abilities are banned
|rule|Sleep Moves Clause: Sleep-inducing moves are banned
|clearpoke
|poke|p1|Samurott-Hisui, M|
|poke|p1|Walking Wake|
|poke|p1|Zapdos|
|poke|p1|Iron Crown|
|poke|p1|Great Tusk|
|poke|p1|Iron Valiant|
|poke|p2|Zamazenta-*|
|poke|p2|Weezing-Galar, M|
|poke|p2|Ting-Lu|
|poke|p2|Meloetta|
|poke|p2|Enamorus, F|
|poke|p2|Kingambit, M|
|teampreview
|
|t:|1776053428
|teamsize|p1|6
|teamsize|p2|6
|start
|switch|p1a: BRB|Iron Crown|100/100
|switch|p2a: Weezing|Weezing-Galar, M, shiny|100/100
|-ability|p2a: Weezing|Neutralizing Gas
|turn|1
|
|t:|1776053442
|-end|p1a: BRB|Quark Drive|[silent]
|switch|p1a: INNATE|Samurott-Hisui, M, shiny|100/100
|-end|p2a: Weezing|ability: Neutralizing Gas
|switch|p2a: Ting-Lu|Ting-Lu|100/100
|-ability|p2a: Ting-Lu|Vessel of Ruin
|
|upkeep
|turn|2
|
|t:|1776053449
|move|p1a: INNATE|Razor Shell|p2a: Ting-Lu
|-supereffective|p2a: Ting-Lu
|-damage|p2a: Ting-Lu|19/100
|-damage|p1a: INNATE|91/100|[from] item: Life Orb
|move|p2a: Ting-Lu|Stealth Rock|p1a: INNATE
|-sidestart|p1: LossCulture|move: Stealth Rock
|
|-heal|p2a: Ting-Lu|25/100|[from] item: Leftovers
|upkeep
|turn|3
|
|t:|1776053455
|move|p1a: INNATE|Ceaseless Edge|p2a: Ting-Lu|[miss]
|-miss|p1a: INNATE|p2a: Ting-Lu
|move|p2a: Ting-Lu|Ruination|p1a: INNATE
|-damage|p1a: INNATE|46/100
|
|-heal|p2a: Ting-Lu|31/100|[from] item: Leftovers
|upkeep
|turn|4
|
|t:|1776053461
|switch|p2a: Weezing|Weezing-Galar, M, shiny|100/100
|-ability|p2a: Weezing|Neutralizing Gas
|move|p1a: INNATE|Razor Shell|p2a: Weezing
|-damage|p2a: Weezing|67/100
|-unboost|p2a: Weezing|def|1
|-damage|p1a: INNATE|36/100|[from] item: Life Orb
|
|-heal|p2a: Weezing|73/100|[from] item: Leftovers
|upkeep
|turn|5
|
|t:|1776053472
|switch|p1a: BRB|Iron Crown|100/100
|-damage|p1a: BRB|94/100|[from] Stealth Rock
|move|p2a: Weezing|Toxic|p1a: BRB
|-immune|p1a: BRB
|
|-heal|p2a: Weezing|79/100|[from] item: Leftovers
|upkeep
|turn|6
|
|t:|1776053484
|-end|p2a: Weezing|ability: Neutralizing Gas
|switch|p2a: Ting-Lu|Ting-Lu|31/100
|-ability|p2a: Ting-Lu|Vessel of Ruin
|move|p1a: BRB|Psyshock|p2a: Ting-Lu
|-immune|p2a: Ting-Lu
|
|-heal|p2a: Ting-Lu|37/100|[from] item: Leftovers
|upkeep
|turn|7
|
|t:|1776053488
|move|p1a: BRB|Tachyon Cutter|p2a: Ting-Lu
|-damage|p2a: Ting-Lu|28/100
|-damage|p2a: Ting-Lu|18/100
|-hitcount|p2a: Ting-Lu|2
|move|p2a: Ting-Lu|Earthquake|p1a: BRB
|-supereffective|p1a: BRB
|-damage|p1a: BRB|18/100
|
|-heal|p2a: Ting-Lu|24/100|[from] item: Leftovers
|upkeep
|turn|8
|
|t:|1776053498
|move|p1a: BRB|Tachyon Cutter|p2a: Ting-Lu
|-damage|p2a: Ting-Lu|13/100
|-damage|p2a: Ting-Lu|4/100
|-hitcount|p2a: Ting-Lu|2
|move|p2a: Ting-Lu|Whirlwind|p1a: BRB
|-end|p1a: BRB|Quark Drive|[silent]
|drag|p1a: STUCK|Iron Valiant, shiny|100/100
|-damage|p1a: STUCK|94/100|[from] Stealth Rock
|
|-heal|p2a: Ting-Lu|10/100|[from] item: Leftovers
|upkeep
|turn|9
|
|t:|1776053507
|move|p1a: STUCK|Knock Off|p2a: Ting-Lu
|-resisted|p2a: Ting-Lu
|-damage|p2a: Ting-Lu|3/100
|-enditem|p2a: Ting-Lu|Leftovers|[from] move: Knock Off|[of] p1a: STUCK
|move|p2a: Ting-Lu|Ruination|p1a: STUCK|[miss]
|-miss|p2a: Ting-Lu|p1a: STUCK
|
|upkeep
|turn|10
|
|t:|1776053512
|move|p1a: STUCK|Drain Punch|p2a: Ting-Lu
|-supereffective|p2a: Ting-Lu
|-damage|p2a: Ting-Lu|0 fnt
|-heal|p1a: STUCK|97/100|[from] drain|[of] p2a: Ting-Lu
|faint|p2a: Ting-Lu
|
|upkeep
|
|t:|1776053517
|switch|p2a: Enamorus|Enamorus, F|100/100
|turn|11
|
|t:|1776053531
|-end|p1a: STUCK|Quark Drive|[silent]
|switch|p1a: BRB|Iron Crown|18/100
|-damage|p1a: BRB|12/100|[from] Stealth Rock
|move|p2a: Enamorus|Moonblast|p1a: BRB
|-resisted|p1a: BRB
|-damage|p1a: BRB|0 fnt
|faint|p1a: BRB
|-end|p1a: BRB|Quark Drive|[silent]
|
|upkeep
|
|t:|1776053539
|switch|p1a: LETS GO X3|Zapdos, shiny|100/100
|turn|12
|
|t:|1776053557
|switch|p2a: Zamazenta|Zamazenta|100/100
|-ability|p2a: Zamazenta|Dauntless Shield|boost
|-boost|p2a: Zamazenta|def|1
|move|p1a: LETS GO X3|Volt Switch|p2a: Zamazenta
|-damage|p2a: Zamazenta|78/100
|
|t:|1776053563
|switch|p1a: STUCK|Iron Valiant, shiny|97/100|[from] Volt Switch
|-damage|p1a: STUCK|90/100|[from] Stealth Rock
|
|-heal|p2a: Zamazenta|84/100|[from] item: Leftovers
|upkeep
|turn|13
|
|t:|1776053571
|switch|p2a: Meloetta|Meloetta|100/100
|move|p1a: STUCK|Knock Off|p2a: Meloetta
|-supereffective|p2a: Meloetta
|-damage|p2a: Meloetta|32/100
|-enditem|p2a: Meloetta|Assault Vest|[from] move: Knock Off|[of] p1a: STUCK
|
|upkeep
|turn|14
|
|t:|1776053580
|move|p1a: STUCK|Knock Off|p2a: Meloetta
|-supereffective|p2a: Meloetta
|-damage|p2a: Meloetta|0 fnt
|faint|p2a: Meloetta
|
|upkeep
|
|t:|1776053594
|switch|p2a: Enamorus|Enamorus, F|100/100
|turn|15
|
|t:|1776053601
|-terastallize|p1a: STUCK|Ghost
|move|p2a: Enamorus|Moonblast|p1a: STUCK
|-damage|p1a: STUCK|0 fnt
|faint|p1a: STUCK
|-end|p1a: STUCK|Quark Drive|[silent]
|
|upkeep
|
|t:|1776053607
|switch|p1a: LETS GO X3|Zapdos, shiny|100/100
|turn|16
|
|t:|1776053613
|move|p2a: Enamorus|Moonblast|p1a: LETS GO X3
|-damage|p1a: LETS GO X3|40/100
|move|p1a: LETS GO X3|Hurricane|p2a: Enamorus
|-damage|p2a: Enamorus|37/100
|
|upkeep
|turn|17
|
|t:|1776053637
|move|p2a: Enamorus|Moonblast|p1a: LETS GO X3
|-damage|p1a: LETS GO X3|0 fnt
|faint|p1a: LETS GO X3
|
|upkeep
|
|t:|1776053641
|switch|p1a: PEP STEP|Walking Wake|100/100
|-damage|p1a: PEP STEP|88/100|[from] Stealth Rock
|turn|18
|
|t:|1776053649
|move|p2a: Enamorus|Moonblast|p1a: PEP STEP
|-supereffective|p1a: PEP STEP
|-damage|p1a: PEP STEP|0 fnt
|faint|p1a: PEP STEP
|-end|p1a: PEP STEP|Protosynthesis|[silent]
|
|upkeep
|c|☆LossCulture|FAH
|c|☆ryftugy|:3
|-message|LossCulture forfeited.
|
|win|ryftugy
|raw|LossCulture's rating: 1230 &rarr; <strong>1208</strong><br />(-22 for losing)
|raw|ryftugy's rating: 1271 &rarr; <strong>1293</strong><br />(+22 for winning)
|l|☆LossCulture
|player|p1|
|l|☆ryftugy
|player|p2|
