|html|<div class="broadcast-blue"><strong>[Gen 9] OU is currently suspecting Tera Blast! For information on how to participate check out the <a href="https://www.smogon.com/tools/suspects/view/200">suspect thread</a>.</strong></div>
|j|☆Orosu1922
|j|‽riasfps
|t:|1776228198
|gametype|singles
|player|p1|Orosu1922|iris-gen5bw2|1180
|player|p2|riasfps|170|1193
|gen|9
|tier|[Gen 9] OU
|rated|
|rule|HP Percentage Mod: HP is shown in percentages
|rule|Endless Battle Clause: Forcing endless battles is banned
|rule|Species Clause: Limit one of each Pokémon
|rule|OHKO Clause: OHKO moves are banned
|rule|Evasion Items Clause: Evasion items are banned
|rule|Evasion Moves Clause: Evasion moves are banned
|rule|Evasion Abilities Clause: Evasion abilities are banned
|rule|Sleep Moves Clause: Sleep-inducing moves are banned
|clearpoke
|poke|p1|Tyranitar, M|
|poke|p1|Excadrill, M|
|poke|p1|Zamazenta-*|
|poke|p1|Ogerpon-Wellspring, F|
|poke|p1|Moltres|
|poke|p1|Primarina, F|
|poke|p2|Slither Wing|
|poke|p2|Ninetales, M|
|poke|p2|Walking Wake|
|poke|p2|Iron Moth|
|poke|p2|Hatterene, F|
|poke|p2|Blaziken, F|
|teampreview
|
|t:|1776228222
|teamsize|p1|6
|teamsize|p2|6
|start
|switch|p1a: Moltres|Moltres|100/100
|switch|p2a: Blaziken|Blaziken, F, shiny|100/100
|turn|1
|
|t:|1776228228
|switch|p2a: Ninetales|Ninetales, M, shiny|100/100
|-weather|SunnyDay|[from] ability: Drought|[of] p2a: Ninetales
|move|p1a: Moltres|U-turn|p2a: Ninetales
|-resisted|p2a: Ninetales
|-damage|p2a: Ninetales|91/100
|
|t:|1776228235
|switch|p1a: Tyranitar|Tyranitar, M|100/100|[from] U-turn
|-weather|Sandstorm|[from] ability: Sand Stream|[of] p1a: Tyranitar
|
|-weather|Sandstorm|[upkeep]
|-damage|p2a: Ninetales|85/100|[from] Sandstorm
|upkeep
|turn|2
|inactive|Battle timer is ON: inactive players will automatically lose when time's up. (requested by Orosu1922)
|
|t:|1776228265
|move|p2a: Ninetales|Will-O-Wisp|p1a: Tyranitar
|-status|p1a: Tyranitar|brn
|move|p1a: Tyranitar|Knock Off|p2a: Ninetales
|-damage|p2a: Ninetales|57/100
|-enditem|p2a: Ninetales|Heat Rock|[from] move: Knock Off|[of] p1a: Tyranitar
|
|-weather|Sandstorm|[upkeep]
|-damage|p2a: Ninetales|51/100|[from] Sandstorm
|-damage|p1a: Tyranitar|94/100 brn|[from] brn
|upkeep
|turn|3
|
|t:|1776228274
|switch|p2a: Hatterene|Hatterene, F, shiny|100/100
|move|p1a: Tyranitar|Stealth Rock|p2a: Hatterene
|move|p2a: Hatterene|Stealth Rock|p1a: Tyranitar|[from] ability: Magic Bounce
|-sidestart|p1: Orosu1922|move: Stealth Rock
|
|-weather|Sandstorm|[upkeep]
|-damage|p2a: Hatterene|95/100|[from] Sandstorm
|-damage|p1a: Tyranitar|88/100 brn|[from] brn
|upkeep
|turn|4
|inactive|riasfps has 120 seconds left.
|
|t:|1776228306
|switch|p1a: Excadrill|Excadrill, M|100/100
|-damage|p1a: Excadrill|97/100|[from] Stealth Rock
|-item|p1a: Excadrill|Air Balloon
|switch|p2a: Slither Wing|Slither Wing, shiny|100/100
|
|-weather|Sandstorm|[upkeep]
|-damage|p2a: Slither Wing|94/100|[from] Sandstorm
|upkeep
|turn|5
|
|t:|1776228315
|move|p1a: Excadrill|Rapid Spin|p2a: Slither Wing
|-damage|p2a: Slither Wing|69/100
|-boost|p1a: Excadrill|spe|1
|-sideend|p1: Orosu1922|Stealth Rock|[from] move: Rapid Spin|[of] p1a: Excadrill
|move|p2a: Slither Wing|Close Combat|p1a: Excadrill
|-supereffective|p1a: Excadrill
|-damage|p1a: Excadrill|0 fnt
|-unboost|p2a: Slither Wing|def|1
|-unboost|p2a: Slither Wing|spd|1
|-enditem|p1a: Excadrill|Air Balloon
|faint|p1a: Excadrill
|
|-weather|Sandstorm|[upkeep]
|-damage|p2a: Slither Wing|63/100|[from] Sandstorm
|upkeep
|inactive|Orosu1922 has 120 seconds left.
|
|t:|1776228346
|switch|p1a: Primarina|Primarina, F|100/100
|turn|6
|inactive|Orosu1922 has 120 seconds left.
|
|t:|1776228373
|-end|p2a: Slither Wing|Protosynthesis|[silent]
|switch|p2a: Ninetales|Ninetales, M, shiny|51/100
|-weather|SunnyDay|[from] ability: Drought|[of] p2a: Ninetales
|move|p1a: Primarina|Hyper Voice|p2a: Ninetales
|-supereffective|p2a: Ninetales
|-damage|p2a: Ninetales|11/100
|-enditem|p1a: Primarina|Throat Spray
|-boost|p1a: Primarina|spa|1|[from] item: Throat Spray
|
|-weather|SunnyDay|[upkeep]
|upkeep
|turn|7
|
|t:|1776228385
|switch|p2a: Hatterene|Hatterene, F, shiny|95/100
|switch|p1a: Tyranitar|Tyranitar, M|88/100 brn
|-weather|Sandstorm|[from] ability: Sand Stream|[of] p1a: Tyranitar
|
|-weather|Sandstorm|[upkeep]
|-damage|p2a: Hatterene|89/100|[from] Sandstorm
|-damage|p1a: Tyranitar|82/100 brn|[from] brn
|upkeep
|turn|8
|inactive|Orosu1922 has 120 seconds left.
|
|t:|1776228395
|move|p1a: Tyranitar|Knock Off|p2a: Hatterene
|-damage|p2a: Hatterene|70/100
|-enditem|p2a: Hatterene|Eject Button|[from] move: Knock Off|[of] p1a: Tyranitar
|move|p2a: Hatterene|Draining Kiss|p1a: Tyranitar
|-supereffective|p1a: Tyranitar
|-damage|p1a: Tyranitar|64/100 brn
|-heal|p2a: Hatterene|87/100|[from] drain|[of] p1a: Tyranitar
|
|-weather|Sandstorm|[upkeep]
|-damage|p2a: Hatterene|81/100|[from] Sandstorm
|-damage|p1a: Tyranitar|58/100 brn|[from] brn
|upkeep
|turn|9
|inactive|Orosu1922 has 120 seconds left.
|
|t:|1776228412
|switch|p1a: Moltres|Moltres|100/100
|move|p2a: Hatterene|Draining Kiss|p1a: Moltres
|-resisted|p1a: Moltres
|-damage|p1a: Moltres|90/100
|-heal|p2a: Hatterene|91/100|[from] drain|[of] p1a: Moltres
|
|-weather|Sandstorm|[upkeep]
|-damage|p1a: Moltres|84/100|[from] Sandstorm
|-damage|p2a: Hatterene|85/100|[from] Sandstorm
|upkeep
|turn|10
|inactive|Orosu1922 has 120 seconds left.
|
|t:|1776228422
|move|p1a: Moltres|U-turn|p2a: Hatterene
|-damage|p2a: Hatterene|73/100
|inactive|Orosu1922 has 120 seconds left.
|
|t:|1776228429
|switch|p1a: Primarina|Primarina, F|100/100|[from] U-turn
|move|p2a: Hatterene|Nuzzle|p1a: Primarina
|-supereffective|p1a: Primarina
|-damage|p1a: Primarina|94/100
|-status|p1a: Primarina|par
|
|-weather|Sandstorm|[upkeep]
|-damage|p2a: Hatterene|67/100|[from] Sandstorm
|-damage|p1a: Primarina|88/100 par|[from] Sandstorm
|upkeep
|turn|11
|inactive|Orosu1922 has 120 seconds left.
|
|t:|1776228458
|switch|p2a: Ninetales|Ninetales, M, shiny|11/100
|-weather|SunnyDay|[from] ability: Drought|[of] p2a: Ninetales
|move|p1a: Primarina|Draining Kiss|p2a: Ninetales
|-resisted|p2a: Ninetales
|-damage|p2a: Ninetales|1/100
|-heal|p1a: Primarina|95/100 par|[from] drain|[of] p2a: Ninetales
|
|-weather|SunnyDay|[upkeep]
|upkeep
|turn|12
|inactive|Orosu1922 has 120 seconds left.
|
|t:|1776228467
|switch|p2a: Iron Moth|Iron Moth|100/100
|-enditem|p2a: Iron Moth|Booster Energy
|-activate|p2a: Iron Moth|ability: Quark Drive|[fromitem]
|-start|p2a: Iron Moth|quarkdrivespe
|switch|p1a: Tyranitar|Tyranitar, M|58/100 brn
|-weather|Sandstorm|[from] ability: Sand Stream|[of] p1a: Tyranitar
|
|-weather|Sandstorm|[upkeep]
|-damage|p2a: Iron Moth|95/100|[from] Sandstorm
|-damage|p1a: Tyranitar|52/100 brn|[from] brn
|upkeep
|turn|13
|inactive|Orosu1922 has 120 seconds left.
|
|t:|1776228480
|move|p2a: Iron Moth|Dazzling Gleam|p1a: Tyranitar
|-supereffective|p1a: Tyranitar
|-damage|p1a: Tyranitar|28/100 brn
|move|p1a: Tyranitar|Stealth Rock|p2a: Iron Moth
|-sidestart|p2: riasfps|move: Stealth Rock
|
|-weather|Sandstorm|[upkeep]
|-damage|p2a: Iron Moth|89/100|[from] Sandstorm
|-damage|p1a: Tyranitar|22/100 brn|[from] brn
|upkeep
|turn|14
|inactive|Orosu1922 has 120 seconds left.
|
|t:|1776228492
|move|p2a: Iron Moth|Dazzling Gleam|p1a: Tyranitar
|-supereffective|p1a: Tyranitar
|-damage|p1a: Tyranitar|0 fnt
|faint|p1a: Tyranitar
|
|-weather|Sandstorm|[upkeep]
|-damage|p2a: Iron Moth|83/100|[from] Sandstorm
|upkeep
|inactive|Orosu1922 has 120 seconds left.
|
|t:|1776228511
|switch|p1a: Primarina|Primarina, F|95/100 par
|turn|15
|
|t:|1776228524
|switch|p1a: Moltres|Moltres|84/100
|move|p2a: Iron Moth|Sludge Wave|p1a: Moltres
|-damage|p1a: Moltres|38/100
|
|-weather|Sandstorm|[upkeep]
|-damage|p2a: Iron Moth|77/100|[from] Sandstorm
|-damage|p1a: Moltres|32/100|[from] Sandstorm
|upkeep
|turn|16
|
|t:|1776228531
|move|p2a: Iron Moth|Sludge Wave|p1a: Moltres
|-damage|p1a: Moltres|0 fnt
|faint|p1a: Moltres
|
|-weather|Sandstorm|[upkeep]
|-damage|p2a: Iron Moth|71/100|[from] Sandstorm
|upkeep
|
|t:|1776228533
|switch|p1a: Ogerpon|Ogerpon-Wellspring, F|100/100
|turn|17
|inactive|Orosu1922 has 120 seconds left.
|c|☆Orosu1922|On god ur a bitcj
|c|☆Orosu1922|i hope u know that
|inactive|Orosu1922 has 90 seconds left.
|
|t:|1776228576
|-terastallize|p1a: Ogerpon|Water
|detailschange|p1a: Ogerpon|Ogerpon-Wellspring-Tera, F, tera:Water
|-ability|p1a: Ogerpon|Embody Aspect (Wellspring)|boost
|-boost|p1a: Ogerpon|spd|1
|move|p2a: Iron Moth|Sludge Wave|p1a: Ogerpon
|-damage|p1a: Ogerpon|61/100
|move|p1a: Ogerpon|Ivy Cudgel|p2a: Iron Moth|[anim] Ivy Cudgel Water
|-supereffective|p2a: Iron Moth
|-damage|p2a: Iron Moth|0 fnt
|faint|p2a: Iron Moth
|-end|p2a: Iron Moth|Quark Drive|[silent]
|
|-weather|Sandstorm|[upkeep]
|-damage|p1a: Ogerpon|55/100|[from] Sandstorm
|upkeep
|inactive|riasfps has 120 seconds left.
|
|t:|1776228613
|switch|p2a: Slither Wing|Slither Wing, shiny|63/100
|-damage|p2a: Slither Wing|51/100|[from] Stealth Rock
|turn|18
|
|t:|1776228621
|move|p2a: Slither Wing|First Impression|p1a: Ogerpon
|-crit|p1a: Ogerpon
|-damage|p1a: Ogerpon|0 fnt
|faint|p1a: Ogerpon
|detailschange|p1: Ogerpon|Ogerpon-Wellspring, F|[silent]
|
|-weather|Sandstorm|[upkeep]
|-damage|p2a: Slither Wing|44/100|[from] Sandstorm
|upkeep
|-message|Orosu1922 forfeited.
|
|win|riasfps
