|html|<div class="broadcast-blue"><strong>[Gen 9] OU is currently suspecting Volcarona! For information on how to participate check out the <a href="https://www.smogon.com/tools/suspects/view/208">suspect thread</a>.</strong></div>
|j|☆faridzsomar
|j|☆Bass778
|t:|1778501364
|gametype|singles
|player|p1|faridzsomar|265|1149
|player|p2|Bass778|jupiter|1140
|gen|9
|tier|[Gen 9] OU
|rated|
|rule|HP Percentage Mod: HP is shown in percentages
|rule|Endless Battle Clause: Forcing endless battles is banned
|rule|Species Clause: Limit one of each Pokémon
|rule|OHKO Clause: OHKO moves are banned
|rule|Evasion Items Clause: Evasion items are banned
|rule|Evasion Moves Clause: Evasion moves are banned
|rule|Evasion Abilities Clause: Evasion abilities are banned
|rule|Sleep Moves Clause: Sleep-inducing moves are banned
|clearpoke
|poke|p1|Ogerpon-Wellspring, F|
|poke|p1|Glimmora, M|
|poke|p1|Iron Moth|
|poke|p1|Kingambit, M|
|poke|p1|Iron Valiant|
|poke|p1|Ceruledge, F|
|poke|p2|Cinderace, M|
|poke|p2|Drifblim, F|
|poke|p2|Greninja-*, M|
|poke|p2|Clodsire, F|
|poke|p2|Whimsicott, F|
|poke|p2|Bronzong|
|teampreview
|inactive|Battle timer is ON: inactive players will automatically lose when time's up. (requested by faridzsomar)
|
|t:|1778501369
|teamsize|p1|6
|teamsize|p2|6
|start
|switch|p1a: Ceruledge|Ceruledge, F|100/100
|switch|p2a: Whimsicott|Whimsicott, F, shiny|100/100
|turn|1
|
|t:|1778501377
|move|p2a: Whimsicott|Substitute|p2a: Whimsicott
|-start|p2a: Whimsicott|Substitute
|-damage|p2a: Whimsicott|75/100
|move|p1a: Ceruledge|Swords Dance|p1a: Ceruledge
|-boost|p1a: Ceruledge|atk|2
|
|-heal|p2a: Whimsicott|82/100|[from] item: Leftovers
|upkeep
|turn|2
|
|t:|1778501385
|move|p2a: Whimsicott|Leech Seed|p1a: Ceruledge
|-start|p1a: Ceruledge|move: Leech Seed
|move|p1a: Ceruledge|Swords Dance|p1a: Ceruledge
|-boost|p1a: Ceruledge|atk|2
|
|-heal|p2a: Whimsicott|88/100|[from] item: Leftovers
|-damage|p1a: Ceruledge|88/100|[from] Leech Seed|[of] p2a: Whimsicott
|-heal|p2a: Whimsicott|99/100|[silent]
|upkeep
|turn|3
|
|t:|1778501395
|move|p2a: Whimsicott|Charm|p1a: Ceruledge
|-unboost|p1a: Ceruledge|atk|2
|move|p1a: Ceruledge|Bitter Blade|p2a: Whimsicott
|-supereffective|p2a: Whimsicott
|-end|p2a: Whimsicott|Substitute
|-heal|p1a: Ceruledge|100/100|[from] drain|[of] p2a: Whimsicott
|
|-heal|p2a: Whimsicott|100/100|[from] item: Leftovers
|-damage|p1a: Ceruledge|88/100|[from] Leech Seed|[of] p2a: Whimsicott
|upkeep
|turn|4
|
|t:|1778501407
|move|p2a: Whimsicott|Substitute|p2a: Whimsicott
|-start|p2a: Whimsicott|Substitute
|-damage|p2a: Whimsicott|75/100
|move|p1a: Ceruledge|Bitter Blade|p2a: Whimsicott
|-supereffective|p2a: Whimsicott
|-end|p2a: Whimsicott|Substitute
|-heal|p1a: Ceruledge|100/100|[from] drain|[of] p2a: Whimsicott
|
|-heal|p2a: Whimsicott|82/100|[from] item: Leftovers
|-damage|p1a: Ceruledge|88/100|[from] Leech Seed|[of] p2a: Whimsicott
|-heal|p2a: Whimsicott|93/100|[silent]
|upkeep
|turn|5
|
|t:|1778501420
|move|p1a: Ceruledge|Shadow Sneak|p2a: Whimsicott
|-damage|p2a: Whimsicott|39/100
|move|p2a: Whimsicott|Substitute|p2a: Whimsicott
|-start|p2a: Whimsicott|Substitute
|-damage|p2a: Whimsicott|14/100
|
|-heal|p2a: Whimsicott|20/100|[from] item: Leftovers
|-damage|p1a: Ceruledge|76/100|[from] Leech Seed|[of] p2a: Whimsicott
|-heal|p2a: Whimsicott|31/100|[silent]
|upkeep
|turn|6
|
|t:|1778501429
|move|p2a: Whimsicott|Charm|p1a: Ceruledge
|-unboost|p1a: Ceruledge|atk|2
|move|p1a: Ceruledge|Bitter Blade|p2a: Whimsicott
|-supereffective|p2a: Whimsicott
|-end|p2a: Whimsicott|Substitute
|-heal|p1a: Ceruledge|90/100|[from] drain|[of] p2a: Whimsicott
|
|-heal|p2a: Whimsicott|37/100|[from] item: Leftovers
|-damage|p1a: Ceruledge|77/100|[from] Leech Seed|[of] p2a: Whimsicott
|-heal|p2a: Whimsicott|48/100|[silent]
|upkeep
|turn|7
|
|t:|1778501441
|move|p2a: Whimsicott|Substitute|p2a: Whimsicott
|-start|p2a: Whimsicott|Substitute
|-damage|p2a: Whimsicott|23/100
|move|p1a: Ceruledge|Swords Dance|p1a: Ceruledge
|-boost|p1a: Ceruledge|atk|2
|
|-heal|p2a: Whimsicott|30/100|[from] item: Leftovers
|-damage|p1a: Ceruledge|65/100|[from] Leech Seed|[of] p2a: Whimsicott
|-heal|p2a: Whimsicott|41/100|[silent]
|upkeep
|turn|8
|
|t:|1778501452
|move|p2a: Whimsicott|Charm|p1a: Ceruledge
|-unboost|p1a: Ceruledge|atk|2
|move|p1a: Ceruledge|Bitter Blade|p2a: Whimsicott
|-supereffective|p2a: Whimsicott
|-end|p2a: Whimsicott|Substitute
|-heal|p1a: Ceruledge|79/100|[from] drain|[of] p2a: Whimsicott
|
|-heal|p2a: Whimsicott|47/100|[from] item: Leftovers
|-damage|p1a: Ceruledge|67/100|[from] Leech Seed|[of] p2a: Whimsicott
|-heal|p2a: Whimsicott|58/100|[silent]
|upkeep
|turn|9
|
|t:|1778501465
|move|p1a: Ceruledge|Shadow Sneak|p2a: Whimsicott
|-damage|p2a: Whimsicott|33/100
|move|p2a: Whimsicott|Charm|p1a: Ceruledge
|-unboost|p1a: Ceruledge|atk|2
|
|-heal|p2a: Whimsicott|39/100|[from] item: Leftovers
|-damage|p1a: Ceruledge|54/100|[from] Leech Seed|[of] p2a: Whimsicott
|-heal|p2a: Whimsicott|50/100|[silent]
|upkeep
|turn|10
|
|t:|1778501474
|move|p1a: Ceruledge|Shadow Sneak|p2a: Whimsicott
|-damage|p2a: Whimsicott|36/100
|move|p2a: Whimsicott|Charm|p1a: Ceruledge
|-unboost|p1a: Ceruledge|atk|2
|
|-heal|p2a: Whimsicott|42/100|[from] item: Leftovers
|-damage|p1a: Ceruledge|42/100|[from] Leech Seed|[of] p2a: Whimsicott
|-heal|p2a: Whimsicott|53/100|[silent]
|upkeep
|turn|11
|
|t:|1778501484
|switch|p1a: Iron Moth|Iron Moth|100/100
|-enditem|p1a: Iron Moth|Booster Energy
|-activate|p1a: Iron Moth|ability: Quark Drive|[fromitem]
|-start|p1a: Iron Moth|quarkdrivespe
|move|p2a: Whimsicott|Charm|p1a: Iron Moth
|-unboost|p1a: Iron Moth|atk|2
|
|-heal|p2a: Whimsicott|59/100|[from] item: Leftovers
|upkeep
|turn|12
|
|t:|1778501495
|move|p2a: Whimsicott|Substitute|p2a: Whimsicott
|-start|p2a: Whimsicott|Substitute
|-damage|p2a: Whimsicott|34/100
|move|p1a: Iron Moth|Fiery Dance|p2a: Whimsicott
|-supereffective|p2a: Whimsicott
|-end|p2a: Whimsicott|Substitute
|
|-heal|p2a: Whimsicott|40/100|[from] item: Leftovers
|upkeep
|turn|13
|
|t:|1778501505
|move|p2a: Whimsicott|Leech Seed|p1a: Iron Moth
|-start|p1a: Iron Moth|move: Leech Seed
|move|p1a: Iron Moth|Fiery Dance|p2a: Whimsicott
|-supereffective|p2a: Whimsicott
|-damage|p2a: Whimsicott|0 fnt
|faint|p2a: Whimsicott
|
|upkeep
|
|t:|1778501515
|switch|p2a: Greninja|Greninja, M|100/100
|turn|14
|
|t:|1778501521
|move|p2a: Greninja|Water Shuriken|p1a: Iron Moth
|-supereffective|p1a: Iron Moth
|-damage|p1a: Iron Moth|86/100
|-supereffective|p1a: Iron Moth
|-damage|p1a: Iron Moth|71/100
|-supereffective|p1a: Iron Moth
|-damage|p1a: Iron Moth|57/100
|-supereffective|p1a: Iron Moth
|-damage|p1a: Iron Moth|43/100
|-hitcount|p1a: Iron Moth|4
|move|p1a: Iron Moth|Energy Ball|p2a: Greninja
|-supereffective|p2a: Greninja
|-damage|p2a: Greninja|8/100
|
|-damage|p1a: Iron Moth|30/100|[from] Leech Seed|[of] p2a: Greninja
|-heal|p2a: Greninja|21/100|[silent]
|upkeep
|turn|15
|
|t:|1778501536
|move|p2a: Greninja|Water Shuriken|p1a: Iron Moth
|-supereffective|p1a: Iron Moth
|-damage|p1a: Iron Moth|16/100
|-supereffective|p1a: Iron Moth
|-damage|p1a: Iron Moth|1/100
|-supereffective|p1a: Iron Moth
|-damage|p1a: Iron Moth|0 fnt
|faint|p1a: Iron Moth
|-end|p1a: Iron Moth|Quark Drive|[silent]
|-ability|p2a: Greninja|Battle Bond|boost
|-boost|p2a: Greninja|atk|1
|-boost|p2a: Greninja|spa|1
|-boost|p2a: Greninja|spe|1
|-activate|p2a: Greninja|ability: Battle Bond
|-hitcount|p1: Iron Moth|3
|
|upkeep
|
|t:|1778501550
|switch|p1a: Ceruledge|Ceruledge, F|42/100
|turn|16
|
|t:|1778501556
|switch|p1a: Ogerpon|Ogerpon-Wellspring, F|100/100
|move|p2a: Greninja|Water Shuriken|p1a: Ogerpon
|-immune|p1a: Ogerpon|[from] ability: Water Absorb
|
|upkeep
|turn|17
|
|t:|1778501563
|move|p2a: Greninja|Grass Knot|p1a: Ogerpon
|-damage|p1a: Ogerpon|72/100
|move|p1a: Ogerpon|Play Rough|p2a: Greninja|[miss]
|-miss|p1a: Ogerpon|p2a: Greninja
|
|upkeep
|turn|18
|
|t:|1778501571
|move|p2a: Greninja|Dark Pulse|p1a: Ogerpon
|-damage|p1a: Ogerpon|11/100
|move|p1a: Ogerpon|Ivy Cudgel|p2a: Greninja|[anim] Ivy Cudgel Water
|-resisted|p2a: Greninja
|-damage|p2a: Greninja|0 fnt
|faint|p2a: Greninja
|
|upkeep
|
|t:|1778501582
|switch|p2a: Drifblim|Drifblim, F, shiny|100/100
|turn|19
|
|t:|1778501587
|move|p1a: Ogerpon|Ivy Cudgel|p2a: Drifblim|[anim] Ivy Cudgel Water
|-damage|p2a: Drifblim|46/100
|move|p2a: Drifblim|Calm Mind|p2a: Drifblim
|-boost|p2a: Drifblim|spa|1
|-boost|p2a: Drifblim|spd|1
|
|upkeep
|turn|20
|
|t:|1778501597
|move|p1a: Ogerpon|Ivy Cudgel|p2a: Drifblim|[anim] Ivy Cudgel Water
|-damage|p2a: Drifblim|0 fnt
|faint|p2a: Drifblim
|
|upkeep
|
|t:|1778501602
|switch|p2a: Clodsire|Clodsire, F, shiny|100/100
|turn|21
|
|t:|1778501606
|move|p1a: Ogerpon|Play Rough|p2a: Clodsire
|-resisted|p2a: Clodsire
|-damage|p2a: Clodsire|87/100
|move|p2a: Clodsire|Toxic|p1a: Ogerpon
|-status|p1a: Ogerpon|tox
|
|-heal|p2a: Clodsire|93/100|[from] item: Black Sludge
|-damage|p1a: Ogerpon|5/100 tox|[from] psn
|upkeep
|turn|22
|
|t:|1778501618
|move|p1a: Ogerpon|Power Whip|p2a: Clodsire|[miss]
|-miss|p1a: Ogerpon|p2a: Clodsire
|move|p2a: Clodsire|Recover|p2a: Clodsire
|-heal|p2a: Clodsire|100/100
|
|-damage|p1a: Ogerpon|0 fnt|[from] psn
|faint|p1a: Ogerpon
|upkeep
|
|t:|1778501625
|switch|p1a: Ceruledge|Ceruledge, F|42/100
|turn|23
|
|t:|1778501633
|move|p1a: Ceruledge|Bitter Blade|p2a: Clodsire
|-damage|p2a: Clodsire|64/100
|-heal|p1a: Ceruledge|71/100|[from] drain|[of] p2a: Clodsire
|move|p2a: Clodsire|Counter|p1a: Ceruledge
|-immune|p1a: Ceruledge
|
|-heal|p2a: Clodsire|70/100|[from] item: Black Sludge
|upkeep
|turn|24
|
|t:|1778501641
|move|p1a: Ceruledge|Bitter Blade|p2a: Clodsire
|-damage|p2a: Clodsire|29/100
|-heal|p1a: Ceruledge|100/100|[from] drain|[of] p2a: Clodsire
|move|p2a: Clodsire|Toxic|p1a: Ceruledge
|-status|p1a: Ceruledge|tox
|
|-heal|p2a: Clodsire|35/100|[from] item: Black Sludge
|-damage|p1a: Ceruledge|94/100 tox|[from] psn
|upkeep
|turn|25
|
|t:|1778501651
|move|p1a: Ceruledge|Swords Dance|p1a: Ceruledge
|-boost|p1a: Ceruledge|atk|2
|move|p2a: Clodsire|Recover|p2a: Clodsire
|-heal|p2a: Clodsire|85/100
|
|-heal|p2a: Clodsire|91/100|[from] item: Black Sludge
|-damage|p1a: Ceruledge|82/100 tox|[from] psn
|upkeep
|turn|26
|
|t:|1778501662
|move|p1a: Ceruledge|Swords Dance|p1a: Ceruledge
|-boost|p1a: Ceruledge|atk|2
|move|p2a: Clodsire|Haze|p2a: Clodsire
|-clearallboost
|
|-heal|p2a: Clodsire|97/100|[from] item: Black Sludge
|-damage|p1a: Ceruledge|63/100 tox|[from] psn
|upkeep
|turn|27
|
|t:|1778501672
|move|p1a: Ceruledge|Bitter Blade|p2a: Clodsire
|-damage|p2a: Clodsire|57/100
|-heal|p1a: Ceruledge|96/100 tox|[from] drain|[of] p2a: Clodsire
|move|p2a: Clodsire|Haze|p2a: Clodsire
|-clearallboost
|
|-heal|p2a: Clodsire|63/100|[from] item: Black Sludge
|-damage|p1a: Ceruledge|71/100 tox|[from] psn
|upkeep
|turn|28
|
|t:|1778501683
|move|p1a: Ceruledge|Bitter Blade|p2a: Clodsire
|-damage|p2a: Clodsire|23/100
|-heal|p1a: Ceruledge|100/100 tox|[from] drain|[of] p2a: Clodsire
|move|p2a: Clodsire|Recover|p2a: Clodsire
|-heal|p2a: Clodsire|73/100
|
|-heal|p2a: Clodsire|79/100|[from] item: Black Sludge
|-damage|p1a: Ceruledge|70/100 tox|[from] psn
|upkeep
|turn|29
|
|t:|1778501696
|switch|p1a: Glimmora|Glimmora, M|100/100
|move|p2a: Clodsire|Recover|p2a: Clodsire
|-heal|p2a: Clodsire|100/100
|
|upkeep
|turn|30
|
|t:|1778501703
|move|p1a: Glimmora|Earth Power|p2a: Clodsire
|-supereffective|p2a: Clodsire
|-damage|p2a: Clodsire|58/100
|move|p2a: Clodsire|Counter||[still]
|-fail|p2a: Clodsire
|
|-heal|p2a: Clodsire|64/100|[from] item: Black Sludge
|upkeep
|turn|31
|
|t:|1778501710
|switch|p2a: Bronzong|Bronzong, shiny|100/100
|move|p1a: Glimmora|Stealth Rock|p2a: Bronzong
|-sidestart|p2: Bass778|move: Stealth Rock
|
|upkeep
|turn|32
|
|t:|1778501719
|move|p1a: Glimmora|Power Gem|p2a: Bronzong
|-resisted|p2a: Bronzong
|-damage|p2a: Bronzong|82/100
|move|p2a: Bronzong|Iron Defense|p2a: Bronzong
|-boost|p2a: Bronzong|def|2
|
|-heal|p2a: Bronzong|88/100|[from] item: Leftovers
|upkeep
|turn|33
|
|t:|1778501725
|move|p1a: Glimmora|Power Gem|p2a: Bronzong
|-resisted|p2a: Bronzong
|-crit|p2a: Bronzong
|-damage|p2a: Bronzong|59/100
|move|p2a: Bronzong|Iron Defense|p2a: Bronzong
|-boost|p2a: Bronzong|def|2
|
|-heal|p2a: Bronzong|65/100|[from] item: Leftovers
|upkeep
|turn|34
|
|t:|1778501734
|switch|p1a: Kingambit|Kingambit, M|100/100
|-activate|p1a: Kingambit|ability: Supreme Overlord
|-start|p1a: Kingambit|fallen2|[silent]
|move|p2a: Bronzong|Iron Defense|p2a: Bronzong
|-boost|p2a: Bronzong|def|2
|
|-heal|p2a: Bronzong|71/100|[from] item: Leftovers
|upkeep
|turn|35
|
|t:|1778501745
|move|p1a: Kingambit|Sucker Punch|p2a: Bronzong
|-supereffective|p2a: Bronzong
|-damage|p2a: Bronzong|53/100
|move|p2a: Bronzong|Body Press|p1a: Kingambit
|-supereffective|p1a: Kingambit
|-damage|p1a: Kingambit|0 fnt
|faint|p1a: Kingambit
|-end|p1a: Kingambit|fallen2|[silent]
|
|-heal|p2a: Bronzong|60/100|[from] item: Leftovers
|upkeep
|
|t:|1778501751
|switch|p1a: Ceruledge|Ceruledge, F|70/100 tox
|turn|36
|
|t:|1778501758
|move|p1a: Ceruledge|Bitter Blade|p2a: Bronzong
|-supereffective|p2a: Bronzong
|-damage|p2a: Bronzong|42/100
|-heal|p1a: Ceruledge|80/100 tox|[from] drain|[of] p2a: Bronzong
|move|p2a: Bronzong|Gyro Ball|p1a: Ceruledge
|-resisted|p1a: Ceruledge
|-damage|p1a: Ceruledge|59/100 tox
|-ability|p1a: Ceruledge|Weak Armor|boost
|-unboost|p1a: Ceruledge|def|1
|-boost|p1a: Ceruledge|spe|2
|
|-heal|p2a: Bronzong|48/100|[from] item: Leftovers
|-damage|p1a: Ceruledge|52/100 tox|[from] psn
|upkeep
|turn|37
|
|t:|1778501773
|move|p1a: Ceruledge|Swords Dance|p1a: Ceruledge
|-boost|p1a: Ceruledge|atk|2
|move|p2a: Bronzong|Gyro Ball|p1a: Ceruledge
|-resisted|p1a: Ceruledge
|-damage|p1a: Ceruledge|4/100 tox
|-ability|p1a: Ceruledge|Weak Armor|boost
|-unboost|p1a: Ceruledge|def|1
|-boost|p1a: Ceruledge|spe|2
|
|-heal|p2a: Bronzong|54/100|[from] item: Leftovers
|-damage|p1a: Ceruledge|0 fnt|[from] psn
|faint|p1a: Ceruledge
|upkeep
|
|t:|1778501779
|switch|p1a: Glimmora|Glimmora, M|100/100
|turn|38
|
|t:|1778501792
|move|p1a: Glimmora|Earth Power|p2a: Bronzong
|-immune|p2a: Bronzong|[from] ability: Levitate
|move|p2a: Bronzong|Body Press|p1a: Glimmora
|-enditem|p1a: Glimmora|Focus Sash
|-damage|p1a: Glimmora|1/100
|-activate|p1a: Glimmora|ability: Toxic Debris
|-sidestart|p2: Bass778|move: Toxic Spikes
|
|-heal|p2a: Bronzong|61/100|[from] item: Leftovers
|upkeep
|turn|39
|-message|faridzsomar forfeited.
|
|win|Bass778
|raw|faridzsomar's rating: 1149 &rarr; <strong>1123</strong><br />(-26 for losing)
|raw|Bass778's rating: 1140 &rarr; <strong>1166</strong><br />(+26 for winning)
|l|☆faridzsomar
|player|p1|
|l|☆Bass778
|player|p2|
