|html|<div class="broadcast-blue"><strong>[Gen 9] OU is currently suspecting Volcarona! For information on how to participate check out the <a href="https://www.smogon.com/tools/suspects/view/208">suspect thread</a>.</strong></div>
|j|☆djxvey
|j|☆nacos77
|t:|1778506165
|gametype|singles
|player|p1|djxvey|giovanni|1116
|player|p2|nacos77|n|1159
|gen|9
|tier|[Gen 9] OU
|rated|
|rule|HP Percentage Mod: HP is shown in percentages
|rule|Endless Battle Clause: Forcing endless battles is banned
|rule|Species Clause: Limit one of each Pokémon
|rule|OHKO Clause: OHKO moves are banned
|rule|Evasion Items Clause: Evasion items are banned
|rule|Evasion Moves Clause: Evasion moves are banned
|rule|Evasion Abilities Clause: Evasion abilities are banned
|rule|Sleep Moves Clause: Sleep-inducing moves are banned
|clearpoke
|poke|p1|Delphox, M|
|poke|p1|Primarina, M|
|poke|p1|Torterra, F|
|poke|p1|Rampardos, M|
|poke|p1|Kingambit, M|
|poke|p1|Zapdos|
|poke|p2|Corviknight, F|
|poke|p2|Polteageist-Antique|
|poke|p2|Kingambit, F|
|poke|p2|Quaquaval, F|
|poke|p2|Garganacl, M|
|poke|p2|Regieleki|
|teampreview
|inactive|Battle timer is ON: inactive players will automatically lose when time's up. (requested by nacos77)
|
|t:|1778506188
|teamsize|p1|6
|teamsize|p2|6
|start
|switch|p1a: Primarina|Primarina, M|100/100
|switch|p2a: Polteageist|Polteageist-Antique|100/100
|turn|1
|
|t:|1778506196
|move|p2a: Polteageist|Shell Smash|p2a: Polteageist
|-unboost|p2a: Polteageist|def|1
|-unboost|p2a: Polteageist|spd|1
|-boost|p2a: Polteageist|atk|2
|-boost|p2a: Polteageist|spa|2
|-boost|p2a: Polteageist|spe|2
|-enditem|p2a: Polteageist|White Herb
|-clearnegativeboost|p2a: Polteageist|[silent]
|move|p1a: Primarina|Rain Dance|p1a: Primarina
|-weather|RainDance
|
|-weather|RainDance|[upkeep]
|upkeep
|turn|2
|
|t:|1778506209
|move|p2a: Polteageist|Giga Drain|p1a: Primarina
|-supereffective|p1a: Primarina
|-damage|p1a: Primarina|0 fnt
|faint|p1a: Primarina
|
|-weather|RainDance|[upkeep]
|upkeep
|
|t:|1778506222
|switch|p1a: Torterra|Torterra, F|100/100
|turn|3
|
|t:|1778506231
|move|p2a: Polteageist|Shadow Ball|p1a: Torterra
|-damage|p1a: Torterra|0 fnt
|faint|p1a: Torterra
|
|-weather|RainDance|[upkeep]
|upkeep
|
|t:|1778506242
|switch|p1a: Kingambit|Kingambit, M, shiny|100/100
|-item|p1a: Kingambit|Air Balloon
|turn|4
|
|t:|1778506252
|move|p2a: Polteageist|Strength Sap|p1a: Kingambit
|-unboost|p1a: Kingambit|atk|1
|-ability|p1a: Kingambit|Defiant|boost
|-boost|p1a: Kingambit|atk|2
|move|p1a: Kingambit|Kowtow Cleave|p2a: Polteageist
|-supereffective|p2a: Polteageist
|-damage|p2a: Polteageist|0 fnt
|faint|p2a: Polteageist
|
|-weather|RainDance|[upkeep]
|upkeep
|
|t:|1778506261
|switch|p2a: Quaquaval|Quaquaval, F|100/100
|turn|5
|
|t:|1778506269
|-terastallize|p1a: Kingambit|Flying
|move|p2a: Quaquaval|Close Combat|p1a: Kingambit
|-resisted|p1a: Kingambit
|-damage|p1a: Kingambit|71/100
|-unboost|p2a: Quaquaval|def|1
|-unboost|p2a: Quaquaval|spd|1
|-enditem|p1a: Kingambit|Air Balloon
|-damage|p2a: Quaquaval|91/100|[from] item: Life Orb
|move|p1a: Kingambit|Swords Dance|p1a: Kingambit
|-boost|p1a: Kingambit|atk|2
|
|-weather|none
|upkeep
|turn|6
|l|☆djxvey
|inactive|djxvey disconnected and has a minute to reconnect!
|player|p1|
|inactive|djxvey has 30 seconds to reconnect!
|inactive|djxvey has 20 seconds to reconnect!
|inactive|djxvey has 15 seconds to reconnect!
|inactive|djxvey has 10 seconds to reconnect!
|inactive|djxvey has 5 seconds to reconnect!
|j|☆djxvey
|inactive|djxvey reconnected and has 75 seconds left.
|player|p1|djxvey|giovanni|
|inactive|djxvey has 60 seconds left.
|
|t:|1778506363
|move|p2a: Quaquaval|Aqua Step|p1a: Kingambit
|-crit|p1a: Kingambit
|-damage|p1a: Kingambit|19/100
|-boost|p2a: Quaquaval|spe|1
|-damage|p2a: Quaquaval|81/100|[from] item: Life Orb
|move|p1a: Kingambit|Kowtow Cleave|p2a: Quaquaval
|-resisted|p2a: Quaquaval
|-damage|p2a: Quaquaval|0 fnt
|faint|p2a: Quaquaval
|
|upkeep
|
|t:|1778506371
|switch|p2a: Regieleki|Regieleki|100/100
|turn|7
|
|t:|1778506384
|move|p2a: Regieleki|Thunderbolt|p1a: Kingambit
|-supereffective|p1a: Kingambit
|-damage|p1a: Kingambit|0 fnt
|faint|p1a: Kingambit
|-damage|p2a: Regieleki|91/100|[from] item: Life Orb
|
|upkeep
|inactive|djxvey has 60 seconds left.
|
|t:|1778506399
|switch|p1a: Rampardos|Rampardos, M|100/100
|turn|8
|
|t:|1778506412
|move|p2a: Regieleki|Volt Switch|p1a: Rampardos
|-damage|p1a: Rampardos|20/100
|-damage|p2a: Regieleki|81/100|[from] item: Life Orb
|
|t:|1778506417
|switch|p2a: Corviknight|Corviknight, F|100/100|[from] Volt Switch
|move|p1a: Rampardos|Head Smash|p2a: Corviknight
|-damage|p2a: Corviknight|24/100
|-damage|p1a: Rampardos|3/100|[from] item: Rocky Helmet|[of] p2a: Corviknight
|-damage|p1a: Rampardos|0 fnt|[from] Recoil
|faint|p1a: Rampardos
|
|upkeep
|inactive|djxvey has 60 seconds left.
|
|t:|1778506438
|switch|p1a: Delphox|Delphox, M|100/100
|turn|9
|
|t:|1778506444
|move|p1a: Delphox|Flamethrower|p2a: Corviknight
|-supereffective|p2a: Corviknight
|-damage|p2a: Corviknight|0 fnt
|faint|p2a: Corviknight
|
|upkeep
|
|t:|1778506448
|switch|p2a: Garganacl|Garganacl, M|100/100
|turn|10
|
|t:|1778506456
|move|p1a: Delphox|Future Sight|p2a: Garganacl
|-start|p1a: Delphox|move: Future Sight
|move|p2a: Garganacl|Stone Edge|p1a: Delphox
|-supereffective|p1a: Delphox
|-damage|p1a: Delphox|0 fnt
|faint|p1a: Delphox
|
|upkeep
|
|t:|1778506463
|switch|p1a: Zapdos|Zapdos|100/100
|-ability|p1a: Zapdos|Pressure
|turn|11
|
|t:|1778506478
|move|p1a: Zapdos|Thunder|p2a: Garganacl
|-damage|p2a: Garganacl|71/100
|move|p2a: Garganacl|Stone Edge|p1a: Zapdos
|-supereffective|p1a: Zapdos
|-enditem|p1a: Zapdos|Focus Sash
|-damage|p1a: Zapdos|1/100
|
|upkeep
|turn|12
|
|t:|1778506492
|move|p1a: Zapdos|Thunder|p2a: Garganacl
|-damage|p2a: Garganacl|40/100
|move|p2a: Garganacl|Ice Punch|p1a: Zapdos
|-supereffective|p1a: Zapdos
|-damage|p1a: Zapdos|0 fnt
|faint|p1a: Zapdos
|
|win|nacos77
|raw|djxvey's rating: 1116 &rarr; <strong>1094</strong><br />(-22 for losing)
|raw|nacos77's rating: 1159 &rarr; <strong>1181</strong><br />(+22 for winning)
|l|☆djxvey
|player|p1|
|l|☆nacos77
|player|p2|
