|html|<div class="broadcast-blue"><strong>[Gen 9] OU is currently suspecting Tera Blast! For information on how to participate check out the <a href="https://www.smogon.com/tools/suspects/view/200">suspect thread</a>.</strong></div>
|j|☆the Gastroman
|j|☆Treeeeeman
|t:|1776299040
|gametype|singles
|player|p1|the Gastroman|cress|
|player|p2|Treeeeeman|pokemaniac|
|gen|9
|tier|[Gen 9] OU
|rule|HP Percentage Mod: HP is shown in percentages
|rule|Endless Battle Clause: Forcing endless battles is banned
|rule|Species Clause: Limit one of each Pokémon
|rule|OHKO Clause: OHKO moves are banned
|rule|Evasion Items Clause: Evasion items are banned
|rule|Evasion Moves Clause: Evasion moves are banned
|rule|Evasion Abilities Clause: Evasion abilities are banned
|rule|Sleep Moves Clause: Sleep-inducing moves are banned
|clearpoke
|poke|p1|Gastrodon-East, M|
|poke|p1|Vaporeon, F|
|poke|p1|Quagsire, F|
|poke|p1|Pelipper, M|
|poke|p1|Barraskewda, F|
|poke|p1|Milotic, F|
|poke|p2|Gholdengo|
|poke|p2|Ogerpon-Wellspring, F|
|poke|p2|Gliscor, M|
|poke|p2|Samurott-Hisui, F|
|poke|p2|Cinderace, F|
|poke|p2|Zamazenta-*|
|teampreview
|inactive|Battle timer is ON: inactive players will automatically lose when time's up. (requested by the Gastroman)
|
|t:|1776299050
|teamsize|p1|6
|teamsize|p2|6
|start
|switch|p1a: Pelipper|Pelipper, M|100/100
|switch|p2a: Samurott|Samurott-Hisui, F|100/100
|-weather|RainDance|[from] ability: Drizzle|[of] p1a: Pelipper
|turn|1
|
|t:|1776299063
|switch|p1a: Vaporeon|Vaporeon, F|100/100
|move|p2a: Samurott|Ceaseless Edge|p1a: Vaporeon
|-damage|p1a: Vaporeon|67/100
|-sidestart|p1: the Gastroman|Spikes
|
|-weather|RainDance|[upkeep]
|-heal|p1a: Vaporeon|73/100|[from] item: Leftovers
|upkeep
|turn|2
|
|t:|1776299072
|move|p2a: Samurott|Ceaseless Edge|p1a: Vaporeon
|-damage|p1a: Vaporeon|40/100
|-sidestart|p1: the Gastroman|Spikes
|move|p1a: Vaporeon|Acid Armor|p1a: Vaporeon
|-boost|p1a: Vaporeon|def|2
|
|-weather|RainDance|[upkeep]
|-heal|p1a: Vaporeon|46/100|[from] item: Leftovers
|upkeep
|turn|3
|
|t:|1776299098
|switch|p2a: Gholdengo|Gholdengo|100/100
|move|p1a: Vaporeon|Substitute|p1a: Vaporeon
|-start|p1a: Vaporeon|Substitute
|-damage|p1a: Vaporeon|21/100
|
|-weather|RainDance|[upkeep]
|-heal|p1a: Vaporeon|27/100|[from] item: Leftovers
|upkeep
|turn|4
|
|t:|1776299110
|move|p2a: Gholdengo|Nasty Plot|p2a: Gholdengo
|-boost|p2a: Gholdengo|spa|2
|move|p1a: Vaporeon|Calm Mind|p1a: Vaporeon
|-boost|p1a: Vaporeon|spa|1
|-boost|p1a: Vaporeon|spd|1
|
|-weather|RainDance|[upkeep]
|-heal|p1a: Vaporeon|34/100|[from] item: Leftovers
|upkeep
|turn|5
|
|t:|1776299119
|move|p2a: Gholdengo|Shadow Ball|p1a: Vaporeon
|-end|p1a: Vaporeon|Substitute
|move|p1a: Vaporeon|Scald|p2a: Gholdengo
|-damage|p2a: Gholdengo|35/100
|
|-weather|RainDance|[upkeep]
|-heal|p1a: Vaporeon|40/100|[from] item: Leftovers
|upkeep
|turn|6
|
|t:|1776299129
|move|p2a: Gholdengo|Shadow Ball|p1a: Vaporeon
|-damage|p1a: Vaporeon|0 fnt
|faint|p1a: Vaporeon
|
|-weather|RainDance|[upkeep]
|upkeep
|
|t:|1776299143
|switch|p1a: Barraskewda|Barraskewda, F|100/100
|-damage|p1a: Barraskewda|84/100|[from] Spikes
|turn|7
|inactive|Treeeeeman has 270 seconds left.
|
|t:|1776299177
|move|p1a: Barraskewda|Flip Turn|p2a: Gholdengo
|-damage|p2a: Gholdengo|0 fnt
|faint|p2a: Gholdengo
|
|t:|1776299182
|switch|p1a: Pelipper|Pelipper, M|100/100|[from] Flip Turn
|
|-weather|RainDance|[upkeep]
|upkeep
|
|t:|1776299190
|switch|p2a: Samurott|Samurott-Hisui, F|100/100
|turn|8
|
|t:|1776299195
|switch|p1a: Gastrodon|Gastrodon-East, M|100/100
|-damage|p1a: Gastrodon|84/100|[from] Spikes
|move|p2a: Samurott|Ceaseless Edge|p1a: Gastrodon
|-damage|p1a: Gastrodon|39/100
|-sidestart|p1: the Gastroman|Spikes
|
|-weather|none
|upkeep
|turn|9
|
|t:|1776299204
|move|p2a: Samurott|Ceaseless Edge|p1a: Gastrodon
|-damage|p1a: Gastrodon|0 fnt
|faint|p1a: Gastrodon
|
|upkeep
|
|t:|1776299210
|switch|p1a: Milotic|Milotic, F|100/100
|-damage|p1a: Milotic|76/100|[from] Spikes
|turn|10
|
|t:|1776299217
|move|p2a: Samurott|Ceaseless Edge|p1a: Milotic|[miss]
|-miss|p2a: Samurott|p1a: Milotic
|move|p1a: Milotic|Draining Kiss|p2a: Samurott
|-supereffective|p2a: Samurott
|-damage|p2a: Samurott|68/100
|-heal|p1a: Milotic|99/100|[from] drain|[of] p2a: Samurott
|
|-status|p1a: Milotic|brn|[from] item: Flame Orb
|upkeep
|turn|11
|
|t:|1776299227
|move|p2a: Samurott|Ceaseless Edge|p1a: Milotic
|-damage|p1a: Milotic|70/100 brn
|move|p1a: Milotic|Draining Kiss|p2a: Samurott
|-supereffective|p2a: Samurott
|-damage|p2a: Samurott|38/100
|-heal|p1a: Milotic|92/100 brn|[from] drain|[of] p2a: Samurott
|
|-damage|p1a: Milotic|86/100 brn|[from] brn
|upkeep
|turn|12
|
|t:|1776299238
|switch|p2a: Gliscor|Gliscor, M|100/100
|move|p1a: Milotic|Draining Kiss|p2a: Gliscor
|-damage|p2a: Gliscor|85/100
|-heal|p1a: Milotic|98/100 brn|[from] drain|[of] p2a: Gliscor
|
|-damage|p1a: Milotic|92/100 brn|[from] brn
|-status|p2a: Gliscor|tox|[from] item: Toxic Orb
|upkeep
|turn|13
|
|t:|1776299251
|move|p2a: Gliscor|High Horsepower|p1a: Milotic
|-damage|p1a: Milotic|72/100 brn
|move|p1a: Milotic|Ice Beam|p2a: Gliscor
|-supereffective|p2a: Gliscor
|-crit|p2a: Gliscor
|-damage|p2a: Gliscor|0 fnt
|faint|p2a: Gliscor
|
|-damage|p1a: Milotic|66/100 brn|[from] brn
|upkeep
|
|t:|1776299259
|switch|p2a: Cinderace|Cinderace, F|100/100
|turn|14
|
|t:|1776299263
|move|p2a: Cinderace|Iron Head|p1a: Milotic
|-start|p2a: Cinderace|typechange|Steel|[from] ability: Libero
|-resisted|p1a: Milotic
|-damage|p1a: Milotic|54/100 brn
|cant|p1a: Milotic|flinch
|
|-damage|p1a: Milotic|48/100 brn|[from] brn
|upkeep
|turn|15
|
|t:|1776299272
|move|p2a: Cinderace|Sucker Punch||[still]
|-fail|p2a: Cinderace
|move|p1a: Milotic|Recover|p1a: Milotic
|-heal|p1a: Milotic|98/100 brn
|
|-damage|p1a: Milotic|92/100 brn|[from] brn
|upkeep
|turn|16
|
|t:|1776299280
|move|p2a: Cinderace|High Jump Kick|p1a: Milotic
|-damage|p1a: Milotic|64/100 brn
|move|p1a: Milotic|Scald|p2a: Cinderace
|-damage|p2a: Cinderace|52/100
|-status|p2a: Cinderace|brn
|
|-damage|p2a: Cinderace|46/100 brn|[from] brn
|-damage|p1a: Milotic|58/100 brn|[from] brn
|upkeep
|turn|17
|
|t:|1776299290
|switch|p2a: Ogerpon|Ogerpon-Wellspring, F|100/100
|move|p1a: Milotic|Recover|p1a: Milotic
|-heal|p1a: Milotic|100/100 brn
|
|-damage|p1a: Milotic|94/100 brn|[from] brn
|upkeep
|turn|18
|
|t:|1776299301
|-terastallize|p1a: Milotic|Steel
|move|p2a: Ogerpon|Wood Hammer|p1a: Milotic
|-resisted|p1a: Milotic
|-damage|p1a: Milotic|70/100 brn
|-damage|p2a: Ogerpon|92/100|[from] Recoil
|move|p1a: Milotic|Ice Beam|p2a: Ogerpon
|-damage|p2a: Ogerpon|62/100
|
|-damage|p1a: Milotic|64/100 brn|[from] brn
|upkeep
|turn|19
|
|t:|1776299312
|move|p2a: Ogerpon|Swords Dance|p2a: Ogerpon
|-boost|p2a: Ogerpon|atk|2
|move|p1a: Milotic|Recover|p1a: Milotic
|-heal|p1a: Milotic|100/100 brn
|
|-damage|p1a: Milotic|94/100 brn|[from] brn
|upkeep
|turn|20
|
|t:|1776299323
|move|p2a: Ogerpon|Ivy Cudgel|p1a: Milotic|[anim] Ivy Cudgel Water
|-damage|p1a: Milotic|17/100 brn
|move|p1a: Milotic|Ice Beam|p2a: Ogerpon
|-damage|p2a: Ogerpon|32/100
|
|-damage|p1a: Milotic|11/100 brn|[from] brn
|upkeep
|turn|21
|
|t:|1776299332
|move|p2a: Ogerpon|Ivy Cudgel|p1a: Milotic|[anim] Ivy Cudgel Water
|-damage|p1a: Milotic|0 fnt
|faint|p1a: Milotic
|
|upkeep
|
|t:|1776299337
|switch|p1a: Barraskewda|Barraskewda, F|84/100
|-damage|p1a: Barraskewda|59/100|[from] Spikes
|turn|22
|
|t:|1776299351
|switch|p2a: Cinderace|Cinderace, F|46/100 brn
|move|p1a: Barraskewda|Close Combat|p2a: Cinderace
|-damage|p2a: Cinderace|0 fnt
|-unboost|p1a: Barraskewda|def|1
|-unboost|p1a: Barraskewda|spd|1
|faint|p2a: Cinderace
|
|upkeep
|
|t:|1776299358
|switch|p2a: Zamazenta|Zamazenta|100/100
|-ability|p2a: Zamazenta|Dauntless Shield|boost
|-boost|p2a: Zamazenta|def|1
|turn|23
|
|t:|1776299366
|switch|p1a: Quagsire|Quagsire, F|100/100
|-damage|p1a: Quagsire|75/100|[from] Spikes
|move|p2a: Zamazenta|Iron Defense|p2a: Zamazenta
|-boost|p2a: Zamazenta|def|2
|
|-heal|p1a: Quagsire|82/100|[from] item: Leftovers
|upkeep
|turn|24
|
|t:|1776299375
|move|p2a: Zamazenta|Body Press|p1a: Quagsire
|-damage|p1a: Quagsire|47/100
|move|p1a: Quagsire|Toxic|p2a: Zamazenta
|-status|p2a: Zamazenta|tox
|
|-heal|p1a: Quagsire|53/100|[from] item: Leftovers
|-damage|p2a: Zamazenta|94/100 tox|[from] psn
|upkeep
|turn|25
|
|t:|1776299390
|switch|p2a: Ogerpon|Ogerpon-Wellspring, F|32/100
|move|p1a: Quagsire|Recover|p1a: Quagsire
|-heal|p1a: Quagsire|100/100
|
|upkeep
|turn|26
|
|t:|1776299403
|switch|p2a: Zamazenta|Zamazenta|94/100 tox
|move|p1a: Quagsire|Toxic|p2a: Zamazenta
|-fail|p2a: Zamazenta|tox
|
|-heal|p2a: Zamazenta|100/100 tox|[from] item: Leftovers
|-damage|p2a: Zamazenta|94/100 tox|[from] psn
|upkeep
|turn|27
|
|t:|1776299421
|switch|p2a: Samurott|Samurott-Hisui, F|38/100
|move|p1a: Quagsire|Liquidation|p2a: Samurott
|-resisted|p2a: Samurott
|-damage|p2a: Samurott|23/100
|
|upkeep
|turn|28
|
|t:|1776299430
|move|p2a: Samurott|Aqua Cutter|p1a: Quagsire
|-damage|p1a: Quagsire|60/100
|move|p1a: Quagsire|Toxic|p2a: Samurott
|-status|p2a: Samurott|tox
|
|-heal|p1a: Quagsire|66/100|[from] item: Leftovers
|-damage|p2a: Samurott|16/100 tox|[from] psn
|upkeep
|turn|29
|
|t:|1776299440
|move|p2a: Samurott|Aqua Cutter|p1a: Quagsire
|-damage|p1a: Quagsire|25/100
|move|p1a: Quagsire|Recover|p1a: Quagsire
|-heal|p1a: Quagsire|75/100
|
|-heal|p1a: Quagsire|81/100|[from] item: Leftovers
|-damage|p2a: Samurott|4/100 tox|[from] psn
|upkeep
|turn|30
|
|t:|1776299450
|switch|p2a: Ogerpon|Ogerpon-Wellspring, F|32/100
|move|p1a: Quagsire|Protect||[still]
|-fail|p1a: Quagsire
|
|-heal|p1a: Quagsire|87/100|[from] item: Leftovers
|upkeep
|turn|31
|
|t:|1776299467
|move|p2a: Ogerpon|Ivy Cudgel|p1a: Quagsire|[anim] Ivy Cudgel Water
|-crit|p1a: Quagsire
|-damage|p1a: Quagsire|8/100
|move|p1a: Quagsire|Toxic|p2a: Ogerpon
|-status|p2a: Ogerpon|tox
|
|-heal|p1a: Quagsire|14/100|[from] item: Leftovers
|-damage|p2a: Ogerpon|26/100 tox|[from] psn
|upkeep
|turn|32
|
|t:|1776299477
|move|p1a: Quagsire|Protect|p1a: Quagsire
|-singleturn|p1a: Quagsire|Protect
|move|p2a: Ogerpon|Knock Off|p1a: Quagsire
|-activate|p1a: Quagsire|move: Protect
|
|-heal|p1a: Quagsire|20/100|[from] item: Leftovers
|-damage|p2a: Ogerpon|14/100 tox|[from] psn
|upkeep
|turn|33
|
|t:|1776299486
|move|p2a: Ogerpon|Ivy Cudgel|p1a: Quagsire|[anim] Ivy Cudgel Water
|-damage|p1a: Quagsire|0 fnt
|faint|p1a: Quagsire
|
|-damage|p2a: Ogerpon|0 fnt|[from] psn
|faint|p2a: Ogerpon
|upkeep
|
|t:|1776299493
|switch|p2a: Samurott|Samurott-Hisui, F|4/100 tox
|switch|p1a: Pelipper|Pelipper, M|100/100
|-weather|RainDance|[from] ability: Drizzle|[of] p1a: Pelipper
|turn|34
|
|t:|1776299505
|move|p2a: Samurott|Aqua Jet|p1a: Pelipper
|-resisted|p1a: Pelipper
|-damage|p1a: Pelipper|85/100
|move|p1a: Pelipper|Roost|p1a: Pelipper
|-heal|p1a: Pelipper|100/100
|-singleturn|p1a: Pelipper|move: Roost
|
|-weather|RainDance|[upkeep]
|-damage|p2a: Samurott|0 fnt|[from] psn
|faint|p2a: Samurott
|upkeep
|
|t:|1776299514
|switch|p2a: Zamazenta|Zamazenta|94/100 tox
|turn|35
|
|t:|1776299522
|-terastallize|p2a: Zamazenta|Fighting
|move|p2a: Zamazenta|Iron Defense|p2a: Zamazenta
|-boost|p2a: Zamazenta|def|2
|move|p1a: Pelipper|Hurricane|p2a: Zamazenta
|-supereffective|p2a: Zamazenta
|-damage|p2a: Zamazenta|10/100 tox
|
|-weather|RainDance|[upkeep]
|-heal|p2a: Zamazenta|16/100 tox|[from] item: Leftovers
|-damage|p2a: Zamazenta|10/100 tox|[from] psn
|upkeep
|turn|36
|-message|Treeeeeman forfeited.
|
|win|the Gastroman
