|html|<div class="broadcast-blue"><strong>[Gen 9] OU is currently suspecting Tera Blast! For information on how to participate check out the <a href="https://www.smogon.com/tools/suspects/view/200">suspect thread</a>.</strong></div>
|j|☆lehaidang2k11
|j|☆caballer0_
|t:|1776173623
|gametype|singles
|player|p1|lehaidang2k11|shadowtriad|1065
|player|p2|caballer0_|guitarist-gen4|1028
|gen|9
|tier|[Gen 9] OU
|rated|
|rule|HP Percentage Mod: HP is shown in percentages
|rule|Endless Battle Clause: Forcing endless battles is banned
|rule|Species Clause: Limit one of each Pokémon
|rule|OHKO Clause: OHKO moves are banned
|rule|Evasion Items Clause: Evasion items are banned
|rule|Evasion Moves Clause: Evasion moves are banned
|rule|Evasion Abilities Clause: Evasion abilities are banned
|rule|Sleep Moves Clause: Sleep-inducing moves are banned
|clearpoke
|poke|p1|Garganacl, M|
|poke|p1|Toxapex, F|
|poke|p1|Amoonguss, M|
|poke|p1|Grimmsnarl, M|
|poke|p1|Clodsire, M|
|poke|p1|Ceruledge, M|
|poke|p2|Emboar, F|
|poke|p2|Farigiraf, M|
|poke|p2|Chesnaught, F|
|poke|p2|Sawsbuck, F|
|poke|p2|Hydreigon, M|
|poke|p2|Whimsicott, M|
|teampreview
|
|t:|1776173633
|teamsize|p1|6
|teamsize|p2|6
|start
|switch|p1a: Grimmsnarl|Grimmsnarl, M|100/100
|switch|p2a: KEEP IT A BUCK|Sawsbuck, F|100/100
|turn|1
|c|☆caballer0_|holy meta
|
|t:|1776173645
|move|p1a: Grimmsnarl|Fake Out|p2a: KEEP IT A BUCK
|-damage|p2a: KEEP IT A BUCK|85/100
|cant|p2a: KEEP IT A BUCK|flinch
|
|upkeep
|turn|2
|inactive|Battle timer is ON: inactive players will automatically lose when time's up. (requested by caballer0_)
|inactive|lehaidang2k11 also wants the timer to be on.
|l|☆lehaidang2k11
|inactive|lehaidang2k11 disconnected and has a minute to reconnect!
|player|p1|
|inactive|lehaidang2k11 has 30 seconds to reconnect!
|inactive|lehaidang2k11 has 20 seconds to reconnect!
|inactive|lehaidang2k11 has 15 seconds to reconnect!
|inactive|lehaidang2k11 has 10 seconds to reconnect!
|j|☆lehaidang2k11
|inactive|lehaidang2k11 reconnected and has 100 seconds left.
|player|p1|lehaidang2k11|shadowtriad|
|inactive|lehaidang2k11 has 90 seconds left.
|
|t:|1776173722
|move|p1a: Grimmsnarl|Reflect|p1a: Grimmsnarl
|-sidestart|p1: lehaidang2k11|Reflect
|move|p2a: KEEP IT A BUCK|Swords Dance|p2a: KEEP IT A BUCK
|-boost|p2a: KEEP IT A BUCK|atk|2
|
|upkeep
|turn|3
|
|t:|1776173738
|move|p1a: Grimmsnarl|Light Screen|p1a: Grimmsnarl
|-sidestart|p1: lehaidang2k11|move: Light Screen
|move|p2a: KEEP IT A BUCK|High Horsepower|p1a: Grimmsnarl
|-damage|p1a: Grimmsnarl|62/100
|-damage|p2a: KEEP IT A BUCK|75/100|[from] item: Life Orb
|
|upkeep
|turn|4
|
|t:|1776173759
|move|p1a: Grimmsnarl|Parting Shot|p2a: KEEP IT A BUCK
|-unboost|p2a: KEEP IT A BUCK|atk|1
|-unboost|p2a: KEEP IT A BUCK|spa|1
|
|t:|1776173764
|switch|p1a: Clodsire|Clodsire, M|100/100|[from] Parting Shot
|move|p2a: KEEP IT A BUCK|Horn Leech|p1a: Clodsire
|-damage|p1a: Clodsire|82/100
|-heal|p2a: KEEP IT A BUCK|87/100|[from] drain|[of] p1a: Clodsire
|-damage|p2a: KEEP IT A BUCK|77/100|[from] item: Life Orb
|
|upkeep
|turn|5
|c|☆caballer0_|XOME BAK
|
|t:|1776173774
|move|p2a: KEEP IT A BUCK|High Horsepower|p1a: Clodsire
|-supereffective|p1a: Clodsire
|-damage|p1a: Clodsire|49/100
|-enditem|p1a: Clodsire|Sitrus Berry|[eat]
|-heal|p1a: Clodsire|73/100|[from] item: Sitrus Berry
|-damage|p2a: KEEP IT A BUCK|67/100|[from] item: Life Orb
|move|p1a: Clodsire|Toxic|p2a: KEEP IT A BUCK
|-status|p2a: KEEP IT A BUCK|tox
|
|-damage|p2a: KEEP IT A BUCK|61/100 tox|[from] psn
|upkeep
|turn|6
|c|☆caballer0_|when I catch you Ricky.
|
|t:|1776173786
|move|p1a: Clodsire|Protect|p1a: Clodsire
|-singleturn|p1a: Clodsire|Protect
|move|p2a: KEEP IT A BUCK|Horn Leech|p1a: Clodsire
|-activate|p1a: Clodsire|move: Protect
|
|-damage|p2a: KEEP IT A BUCK|49/100 tox|[from] psn
|upkeep
|turn|7
|
|t:|1776173794
|move|p2a: KEEP IT A BUCK|High Horsepower|p1a: Clodsire
|-supereffective|p1a: Clodsire
|-damage|p1a: Clodsire|40/100
|-damage|p2a: KEEP IT A BUCK|39/100 tox|[from] item: Life Orb
|move|p1a: Clodsire|Gunk Shot|p2a: KEEP IT A BUCK
|-supereffective|p2a: KEEP IT A BUCK
|-damage|p2a: KEEP IT A BUCK|0 fnt
|faint|p2a: KEEP IT A BUCK
|
|upkeep
|c|☆caballer0_|you are insufferable.
|
|t:|1776173814
|switch|p2a: mahoraga|Chesnaught, F|100/100
|turn|8
|
|t:|1776173824
|switch|p2a: John Pokemon|Emboar, F|100/100
|move|p1a: Clodsire|Toxic|p2a: John Pokemon
|-status|p2a: John Pokemon|tox
|
|-damage|p2a: John Pokemon|94/100 tox|[from] psn
|upkeep
|turn|9
|
|t:|1776173838
|move|p2a: John Pokemon|Earthquake|p1a: Clodsire
|-supereffective|p1a: Clodsire
|-damage|p1a: Clodsire|9/100
|move|p1a: Clodsire|Toxic Spikes|p2a: John Pokemon
|-sidestart|p2: caballer0_|move: Toxic Spikes
|
|-heal|p2a: John Pokemon|100/100 tox|[from] item: Leftovers
|-damage|p2a: John Pokemon|88/100 tox|[from] psn
|-sideend|p1: lehaidang2k11|Reflect
|upkeep
|turn|10
|c|☆caballer0_|HOW ARE YIOU ALIVEMAN
|
|t:|1776173854
|move|p2a: John Pokemon|Drain Punch|p1a: Clodsire
|-resisted|p1a: Clodsire
|-damage|p1a: Clodsire|0 fnt
|-heal|p2a: John Pokemon|92/100 tox|[from] drain|[of] p1a: Clodsire
|faint|p1a: Clodsire
|
|-heal|p2a: John Pokemon|99/100 tox|[from] item: Leftovers
|-damage|p2a: John Pokemon|80/100 tox|[from] psn
|-sideend|p1: lehaidang2k11|move: Light Screen
|upkeep
|
|t:|1776173864
|switch|p1a: Toxapex|Toxapex, F|100/100
|turn|11
|
|t:|1776173872
|move|p2a: John Pokemon|Earthquake|p1a: Toxapex
|-supereffective|p1a: Toxapex
|-damage|p1a: Toxapex|50/100
|-enditem|p1a: Toxapex|Sitrus Berry|[eat]
|-heal|p1a: Toxapex|75/100|[from] item: Sitrus Berry
|move|p1a: Toxapex|Toxic Spikes|p2a: John Pokemon
|-sidestart|p2: caballer0_|move: Toxic Spikes
|
|-heal|p2a: John Pokemon|86/100 tox|[from] item: Leftovers
|-damage|p2a: John Pokemon|62/100 tox|[from] psn
|upkeep
|turn|12
|
|t:|1776173883
|move|p2a: John Pokemon|Earthquake|p1a: Toxapex
|-supereffective|p1a: Toxapex
|-damage|p1a: Toxapex|20/100
|move|p1a: Toxapex|Recover|p1a: Toxapex
|-heal|p1a: Toxapex|70/100
|
|-heal|p2a: John Pokemon|68/100 tox|[from] item: Leftovers
|-damage|p2a: John Pokemon|37/100 tox|[from] psn
|upkeep
|turn|13
|c|☆caballer0_|oh my GOODNESS
|
|t:|1776173896
|move|p1a: Toxapex|Baneful Bunker|p1a: Toxapex
|-singleturn|p1a: Toxapex|move: Protect
|move|p2a: John Pokemon|Earthquake|p1a: Toxapex
|-activate|p1a: Toxapex|move: Protect
|
|-heal|p2a: John Pokemon|43/100 tox|[from] item: Leftovers
|-damage|p2a: John Pokemon|7/100 tox|[from] psn
|upkeep
|turn|14
|
|t:|1776173912
|switch|p2a: twinkle toes|Whimsicott, M|100/100
|-status|p2a: twinkle toes|tox
|move|p1a: Toxapex|Recover|p1a: Toxapex
|-heal|p1a: Toxapex|100/100
|
|-damage|p2a: twinkle toes|94/100 tox|[from] psn
|upkeep
|turn|15
|
|t:|1776173928
|move|p1a: Toxapex|Baneful Bunker|p1a: Toxapex
|-singleturn|p1a: Toxapex|move: Protect
|move|p2a: twinkle toes|Psychic|p1a: Toxapex
|-activate|p1a: Toxapex|move: Protect
|
|-damage|p2a: twinkle toes|82/100 tox|[from] psn
|upkeep
|turn|16
|
|t:|1776173937
|switch|p1a: Garganacl|Garganacl, M|100/100
|move|p2a: twinkle toes|Psychic|p1a: Garganacl
|-damage|p1a: Garganacl|86/100
|
|-heal|p1a: Garganacl|92/100|[from] item: Leftovers
|-damage|p2a: twinkle toes|63/100 tox|[from] psn
|upkeep
|turn|17
|c|☆caballer0_|QUSHUBSAINC]
|
|t:|1776173946
|move|p2a: twinkle toes|Leech Seed|p1a: Garganacl
|-start|p1a: Garganacl|move: Leech Seed
|move|p1a: Garganacl|Salt Cure|p2a: twinkle toes
|-damage|p2a: twinkle toes|53/100 tox
|-start|p2a: twinkle toes|Salt Cure
|
|-heal|p1a: Garganacl|98/100|[from] item: Leftovers
|-damage|p1a: Garganacl|86/100|[from] Leech Seed|[of] p2a: twinkle toes
|-heal|p2a: twinkle toes|66/100 tox|[silent]
|-damage|p2a: twinkle toes|41/100 tox|[from] psn
|-damage|p2a: twinkle toes|29/100 tox|[from] Salt Cure
|upkeep
|turn|18
|c|☆lehaidang2k11|hehe
|
|t:|1776173962
|switch|p2a: mahoraga|Chesnaught, F|100/100
|-status|p2a: mahoraga|tox
|move|p1a: Garganacl|Protect||[still]
|-fail|p1a: Garganacl
|
|-heal|p1a: Garganacl|92/100|[from] item: Leftovers
|-damage|p1a: Garganacl|79/100|[from] Leech Seed|[of] p2a: mahoraga
|-damage|p2a: mahoraga|94/100 tox|[from] psn
|upkeep
|turn|19
|
|t:|1776173974
|move|p2a: mahoraga|Drain Punch|p1a: Garganacl
|-supereffective|p1a: Garganacl
|-damage|p1a: Garganacl|44/100
|-heal|p2a: mahoraga|100/100 tox|[from] drain|[of] p1a: Garganacl
|move|p1a: Garganacl|Salt Cure|p2a: mahoraga
|-resisted|p2a: mahoraga
|-damage|p2a: mahoraga|97/100 tox
|-start|p2a: mahoraga|Salt Cure
|
|-heal|p2a: mahoraga|100/100 tox|[from] item: Leftovers
|-heal|p1a: Garganacl|50/100|[from] item: Leftovers
|-damage|p1a: Garganacl|38/100|[from] Leech Seed|[of] p2a: mahoraga
|-damage|p2a: mahoraga|88/100 tox|[from] psn
|-damage|p2a: mahoraga|76/100 tox|[from] Salt Cure
|upkeep
|turn|20
|
|t:|1776173987
|move|p1a: Garganacl|Protect|p1a: Garganacl
|-singleturn|p1a: Garganacl|Protect
|move|p2a: mahoraga|Drain Punch|p1a: Garganacl
|-activate|p1a: Garganacl|move: Protect
|
|-heal|p2a: mahoraga|82/100 tox|[from] item: Leftovers
|-heal|p1a: Garganacl|44/100|[from] item: Leftovers
|-damage|p1a: Garganacl|32/100|[from] Leech Seed|[of] p2a: mahoraga
|-heal|p2a: mahoraga|93/100 tox|[silent]
|-damage|p2a: mahoraga|75/100 tox|[from] psn
|-damage|p2a: mahoraga|63/100 tox|[from] Salt Cure
|upkeep
|turn|21
|c|☆caballer0_|STOP RUBIUBG FROM ME
|
|t:|1776174007
|switch|p1a: Toxapex|Toxapex, F|100/100
|move|p2a: mahoraga|Drain Punch|p1a: Toxapex
|-resisted|p1a: Toxapex
|-damage|p1a: Toxapex|91/100
|-heal|p2a: mahoraga|67/100 tox|[from] drain|[of] p1a: Toxapex
|
|-heal|p2a: mahoraga|73/100 tox|[from] item: Leftovers
|-damage|p2a: mahoraga|48/100 tox|[from] psn
|-damage|p2a: mahoraga|36/100 tox|[from] Salt Cure
|upkeep
|turn|22
|
|t:|1776174020
|switch|p2a: ghidorah|Hydreigon, M|100/100
|move|p1a: Toxapex|Baneful Bunker||[still]
|-fail|p1a: Toxapex
|
|upkeep
|turn|23
|
|t:|1776174028
|move|p2a: ghidorah|Draco Meteor|p1a: Toxapex
|-damage|p1a: Toxapex|27/100
|-unboost|p2a: ghidorah|spa|2
|-damage|p2a: ghidorah|91/100|[from] item: Life Orb
|move|p1a: Toxapex|Toxic|p2a: ghidorah
|-status|p2a: ghidorah|tox
|
|-damage|p2a: ghidorah|84/100 tox|[from] psn
|upkeep
|turn|24
|c|☆caballer0_|how you're alive baffles me
|
|t:|1776174041
|switch|p1a: Amoonguss|Amoonguss, M|100/100
|move|p2a: ghidorah|Dragon Pulse|p1a: Amoonguss
|-damage|p1a: Amoonguss|78/100
|-damage|p2a: ghidorah|75/100 tox|[from] item: Life Orb
|
|-heal|p1a: Amoonguss|85/100|[from] item: Leftovers
|-damage|p2a: ghidorah|62/100 tox|[from] psn
|upkeep
|turn|25
|c|☆caballer0_|DIEEE PLEASSEEEEUUHH
|
|t:|1776174057
|move|p1a: Amoonguss|Protect|p1a: Amoonguss
|-singleturn|p1a: Amoonguss|Protect
|move|p2a: ghidorah|Heat Wave|p1a: Amoonguss
|-activate|p1a: Amoonguss|move: Protect
|
|-heal|p1a: Amoonguss|91/100|[from] item: Leftovers
|-damage|p2a: ghidorah|44/100 tox|[from] psn
|upkeep
|turn|26
|
|t:|1776174068
|move|p2a: ghidorah|Heat Wave|p1a: Amoonguss
|-supereffective|p1a: Amoonguss
|-damage|p1a: Amoonguss|54/100
|-damage|p2a: ghidorah|34/100 tox|[from] item: Life Orb
|move|p1a: Amoonguss|Synthesis|p1a: Amoonguss
|-heal|p1a: Amoonguss|100/100
|
|-damage|p2a: ghidorah|9/100 tox|[from] psn
|upkeep
|turn|27
|c|☆caballer0_|im done
|c|☆caballer0_|you win
|-message|caballer0_ forfeited.
|
|win|lehaidang2k11
