|html|<div class="broadcast-blue"><strong>[Gen 9] OU is currently suspecting Tera Blast! For information on how to participate check out the <a href="https://www.smogon.com/tools/suspects/view/200">suspect thread</a>.</strong></div>
|j|☆Qwerty12331
|j|☆ThrohOrFalse
|t:|1776076754
|gametype|singles
|player|p1|Qwerty12331|265|1286
|player|p2|ThrohOrFalse|hop|1261
|gen|9
|tier|[Gen 9] OU
|rated|
|rule|HP Percentage Mod: HP is shown in percentages
|rule|Endless Battle Clause: Forcing endless battles is banned
|rule|Species Clause: Limit one of each Pokémon
|rule|OHKO Clause: OHKO moves are banned
|rule|Evasion Items Clause: Evasion items are banned
|rule|Evasion Moves Clause: Evasion moves are banned
|rule|Evasion Abilities Clause: Evasion abilities are banned
|rule|Sleep Moves Clause: Sleep-inducing moves are banned
|clearpoke
|poke|p1|Gholdengo|
|poke|p1|Dragonite, F|
|poke|p1|Raging Bolt|
|poke|p1|Great Tusk|
|poke|p1|Iron Valiant|
|poke|p1|Ting-Lu|
|poke|p2|Kommo-o, F|
|poke|p2|Grimmsnarl, M|
|poke|p2|Rillaboom, F|
|poke|p2|Hatterene, F|
|poke|p2|Hitmonlee, M|
|poke|p2|Cinccino, M|
|teampreview
|
|t:|1776076773
|teamsize|p1|6
|teamsize|p2|6
|start
|switch|p1a: Raging Bolt|Raging Bolt|100/100
|switch|p2a: Gnarly|Grimmsnarl, M|100/100
|turn|1
|
|t:|1776076781
|move|p2a: Gnarly|Light Screen|p2a: Gnarly
|-sidestart|p2: ThrohOrFalse|move: Light Screen
|move|p1a: Raging Bolt|Volt Switch|p2a: Gnarly
|-damage|p2a: Gnarly|78/100
|
|t:|1776076786
|-end|p1a: Raging Bolt|Protosynthesis|[silent]
|switch|p1a: Ting-Lu|Ting-Lu|100/100|[from] Volt Switch
|-ability|p1a: Ting-Lu|Vessel of Ruin
|
|upkeep
|turn|2
|
|t:|1776076792
|move|p2a: Gnarly|Reflect|p2a: Gnarly
|-sidestart|p2: ThrohOrFalse|Reflect
|move|p1a: Ting-Lu|Stealth Rock|p2a: Gnarly
|-sidestart|p2: ThrohOrFalse|move: Stealth Rock
|
|upkeep
|turn|3
|
|t:|1776076799
|move|p2a: Gnarly|Spirit Break|p1a: Ting-Lu
|-supereffective|p1a: Ting-Lu
|-damage|p1a: Ting-Lu|69/100
|-unboost|p1a: Ting-Lu|spa|1
|move|p1a: Ting-Lu|Ruination|p2a: Gnarly
|-damage|p2a: Gnarly|39/100
|
|-heal|p1a: Ting-Lu|75/100|[from] item: Leftovers
|upkeep
|turn|4
|
|t:|1776076821
|switch|p2a: Rillaboom|Rillaboom, F|100/100
|-damage|p2a: Rillaboom|88/100|[from] Stealth Rock
|-fieldstart|move: Grassy Terrain|[from] ability: Grassy Surge|[of] p2a: Rillaboom
|switch|p1a: Gholdengo|Gholdengo|100/100
|
|-heal|p2a: Rillaboom|94/100|[from] Grassy Terrain
|upkeep
|turn|5
|
|t:|1776076879
|move|p1a: Gholdengo|Make It Rain|p2a: Rillaboom
|-damage|p2a: Rillaboom|32/100
|-unboost|p1a: Gholdengo|spa|1
|move|p2a: Rillaboom|U-turn|p1a: Gholdengo
|-resisted|p1a: Gholdengo
|-damage|p1a: Gholdengo|94/100
|
|t:|1776076907
|switch|p2a: Cinccino|Cinccino, M|100/100|[from] U-turn
|-damage|p2a: Cinccino|88/100|[from] Stealth Rock
|
|-heal|p2a: Cinccino|94/100|[from] Grassy Terrain
|-heal|p1a: Gholdengo|99/100|[from] Grassy Terrain
|upkeep
|turn|6
|
|t:|1776076933
|switch|p1a: Ting-Lu|Ting-Lu|75/100
|-ability|p1a: Ting-Lu|Vessel of Ruin
|move|p2a: Cinccino|Tidy Up|p2a: Cinccino
|-sideend|p2: ThrohOrFalse|Stealth Rock
|-activate|p2a: Cinccino|move: Tidy Up
|-boost|p2a: Cinccino|atk|1
|-boost|p2a: Cinccino|spe|1
|
|-heal|p2a: Cinccino|100/100|[from] Grassy Terrain
|-heal|p1a: Ting-Lu|81/100|[from] Grassy Terrain
|-heal|p1a: Ting-Lu|87/100|[from] item: Leftovers
|upkeep
|turn|7
|
|t:|1776076941
|move|p2a: Cinccino|Bullet Seed|p1a: Ting-Lu
|-supereffective|p1a: Ting-Lu
|-damage|p1a: Ting-Lu|65/100
|-supereffective|p1a: Ting-Lu
|-damage|p1a: Ting-Lu|42/100
|-supereffective|p1a: Ting-Lu
|-damage|p1a: Ting-Lu|18/100
|-supereffective|p1a: Ting-Lu
|-damage|p1a: Ting-Lu|0 fnt
|faint|p1a: Ting-Lu
|-hitcount|p1: Ting-Lu|4
|
|upkeep
|
|t:|1776076988
|switch|p1a: Raging Bolt|Raging Bolt|100/100
|turn|8
|
|t:|1776076995
|move|p2a: Cinccino|Tail Slap|p1a: Raging Bolt
|-damage|p1a: Raging Bolt|80/100
|-damage|p1a: Raging Bolt|59/100
|-damage|p1a: Raging Bolt|39/100
|-damage|p1a: Raging Bolt|19/100
|-hitcount|p1a: Raging Bolt|4
|move|p1a: Raging Bolt|Draco Meteor|p2a: Cinccino
|-damage|p2a: Cinccino|6/100
|-unboost|p1a: Raging Bolt|spa|2
|
|-heal|p2a: Cinccino|12/100|[from] Grassy Terrain
|-heal|p1a: Raging Bolt|25/100|[from] Grassy Terrain
|-sideend|p2: ThrohOrFalse|move: Light Screen
|upkeep
|turn|9
|
|t:|1776077013
|switch|p2a: Gnarly|Grimmsnarl, M|39/100
|move|p1a: Raging Bolt|Draco Meteor|p2a: Gnarly
|-immune|p2a: Gnarly
|
|-heal|p1a: Raging Bolt|31/100|[from] Grassy Terrain
|-heal|p2a: Gnarly|45/100|[from] Grassy Terrain
|-sideend|p2: ThrohOrFalse|Reflect
|upkeep
|turn|10
|
|t:|1776077021
|-end|p1a: Raging Bolt|Protosynthesis|[silent]
|switch|p1a: Dragonite|Dragonite, F|100/100
|move|p2a: Gnarly|Light Screen|p2a: Gnarly
|-sidestart|p2: ThrohOrFalse|move: Light Screen
|
|-heal|p2a: Gnarly|51/100|[from] Grassy Terrain
|upkeep
|turn|11
|
|t:|1776077028
|-terastallize|p1a: Dragonite|Normal
|move|p2a: Gnarly|Reflect|p2a: Gnarly
|-sidestart|p2: ThrohOrFalse|Reflect
|move|p1a: Dragonite|Dragon Dance|p1a: Dragonite
|-boost|p1a: Dragonite|atk|1
|-boost|p1a: Dragonite|spe|1
|
|-heal|p2a: Gnarly|57/100|[from] Grassy Terrain
|-fieldend|move: Grassy Terrain
|upkeep
|turn|12
|
|t:|1776077067
|move|p2a: Gnarly|Parting Shot|p1a: Dragonite
|-unboost|p1a: Dragonite|atk|1
|-unboost|p1a: Dragonite|spa|1
|
|t:|1776077073
|switch|p2a: Rillaboom|Rillaboom, F|32/100|[from] Parting Shot
|-fieldstart|move: Grassy Terrain|[from] ability: Grassy Surge|[of] p2a: Rillaboom
|move|p1a: Dragonite|Dragon Dance|p1a: Dragonite
|-boost|p1a: Dragonite|atk|1
|-boost|p1a: Dragonite|spe|1
|
|-heal|p2a: Rillaboom|38/100|[from] Grassy Terrain
|upkeep
|turn|13
|
|t:|1776077093
|move|p1a: Dragonite|Extreme Speed|p2a: Rillaboom
|-damage|p2a: Rillaboom|6/100
|move|p2a: Rillaboom|Low Kick|p1a: Dragonite
|-supereffective|p1a: Dragonite
|-damage|p1a: Dragonite|55/100
|
|-heal|p1a: Dragonite|61/100|[from] Grassy Terrain
|-heal|p2a: Rillaboom|12/100|[from] Grassy Terrain
|upkeep
|turn|14
|
|t:|1776077116
|switch|p2a: Kommowo|Kommo-o, F|100/100
|move|p1a: Dragonite|Extreme Speed|p2a: Kommowo
|-damage|p2a: Kommowo|81/100
|-damage|p1a: Dragonite|44/100|[from] item: Rocky Helmet|[of] p2a: Kommowo
|
|-heal|p1a: Dragonite|50/100|[from] Grassy Terrain
|-heal|p2a: Kommowo|87/100|[from] Grassy Terrain
|upkeep
|turn|15
|
|t:|1776077138
|move|p1a: Dragonite|Outrage|p2a: Kommowo
|-supereffective|p2a: Kommowo
|-damage|p2a: Kommowo|23/100
|-damage|p1a: Dragonite|34/100|[from] item: Rocky Helmet|[of] p2a: Kommowo
|move|p2a: Kommowo|Clangorous Soul||[still]
|-fail|p2a: Kommowo
|
|-heal|p1a: Dragonite|40/100|[from] Grassy Terrain
|-heal|p2a: Kommowo|29/100|[from] Grassy Terrain
|upkeep
|turn|16
|
|t:|1776077156
|switch|p2a: Hatterene|Hatterene, F|100/100
|-enditem|p2a: Hatterene|Grassy Seed
|-boost|p2a: Hatterene|def|1|[from] item: Grassy Seed
|move|p1a: Dragonite|Outrage|p2a: Hatterene|[from] lockedmove
|-immune|p2a: Hatterene
|
|-heal|p1a: Dragonite|46/100|[from] Grassy Terrain
|upkeep
|turn|17
|
|t:|1776077179
|switch|p1a: Gholdengo|Gholdengo|99/100
|move|p2a: Hatterene|Calm Mind|p2a: Hatterene
|-boost|p2a: Hatterene|spa|1
|-boost|p2a: Hatterene|spd|1
|
|-heal|p1a: Gholdengo|100/100|[from] Grassy Terrain
|-sideend|p2: ThrohOrFalse|move: Light Screen
|upkeep
|turn|18
|
|t:|1776077206
|move|p1a: Gholdengo|Make It Rain|p2a: Hatterene
|-supereffective|p2a: Hatterene
|-damage|p2a: Hatterene|0 fnt
|-unboost|p1a: Gholdengo|spa|1
|faint|p2a: Hatterene
|
|-sideend|p2: ThrohOrFalse|Reflect
|upkeep
|
|t:|1776077221
|switch|p2a: Gnarly|Grimmsnarl, M|57/100
|turn|19
|
|t:|1776077233
|move|p2a: Gnarly|Light Screen|p2a: Gnarly
|-sidestart|p2: ThrohOrFalse|move: Light Screen
|move|p1a: Gholdengo|Make It Rain|p2a: Gnarly
|-supereffective|p2a: Gnarly
|-damage|p2a: Gnarly|8/100
|-unboost|p1a: Gholdengo|spa|1
|
|-heal|p2a: Gnarly|14/100|[from] Grassy Terrain
|-fieldend|move: Grassy Terrain
|upkeep
|turn|20
|
|t:|1776077239
|move|p2a: Gnarly|Reflect|p2a: Gnarly
|-sidestart|p2: ThrohOrFalse|Reflect
|move|p1a: Gholdengo|Make It Rain|p2a: Gnarly
|-supereffective|p2a: Gnarly
|-damage|p2a: Gnarly|0 fnt
|-unboost|p1a: Gholdengo|spa|1
|faint|p2a: Gnarly
|
|upkeep
|
|t:|1776077248
|switch|p2a: Cinccino|Cinccino, M|12/100
|turn|21
|
|t:|1776077276
|switch|p1a: Great Tusk|Great Tusk|100/100
|move|p2a: Cinccino|Knock Off|p1a: Great Tusk
|-resisted|p1a: Great Tusk
|-damage|p1a: Great Tusk|91/100
|-enditem|p1a: Great Tusk|Assault Vest|[from] move: Knock Off|[of] p2a: Cinccino
|
|upkeep
|turn|22
|
|t:|1776077308
|move|p2a: Cinccino|Bullet Seed|p1a: Great Tusk
|-supereffective|p1a: Great Tusk
|-damage|p1a: Great Tusk|75/100
|-supereffective|p1a: Great Tusk
|-damage|p1a: Great Tusk|61/100
|-supereffective|p1a: Great Tusk
|-damage|p1a: Great Tusk|47/100
|-supereffective|p1a: Great Tusk
|-damage|p1a: Great Tusk|34/100
|-hitcount|p1a: Great Tusk|4
|move|p1a: Great Tusk|Ice Spinner|p2a: Cinccino
|-damage|p2a: Cinccino|0 fnt
|faint|p2a: Cinccino
|
|upkeep
|
|t:|1776077323
|switch|p2a: Rillaboom|Rillaboom, F|12/100
|-fieldstart|move: Grassy Terrain|[from] ability: Grassy Surge|[of] p2a: Rillaboom
|turn|23
|
|t:|1776077336
|move|p2a: Rillaboom|Grassy Glide|p1a: Great Tusk
|-supereffective|p1a: Great Tusk
|-damage|p1a: Great Tusk|0 fnt
|faint|p1a: Great Tusk
|-end|p1a: Great Tusk|Protosynthesis|[silent]
|
|-heal|p2a: Rillaboom|18/100|[from] Grassy Terrain
|upkeep
|
|t:|1776077358
|switch|p1a: Iron Valiant|Iron Valiant|100/100
|-enditem|p1a: Iron Valiant|Booster Energy
|-activate|p1a: Iron Valiant|ability: Quark Drive|[fromitem]
|-start|p1a: Iron Valiant|quarkdrivespe
|turn|24
|
|t:|1776077366
|move|p2a: Rillaboom|Grassy Glide|p1a: Iron Valiant
|-damage|p1a: Iron Valiant|50/100
|move|p1a: Iron Valiant|Moonblast|p2a: Rillaboom
|-damage|p2a: Rillaboom|0 fnt
|faint|p2a: Rillaboom
|
|-heal|p1a: Iron Valiant|57/100|[from] Grassy Terrain
|upkeep
|inactive|Battle timer is ON: inactive players will automatically lose when time's up. (requested by Qwerty12331)
|
|t:|1776077402
|switch|p2a: Hitmonlee|Hitmonlee, M|100/100
|-enditem|p2a: Hitmonlee|Grassy Seed
|-boost|p2a: Hitmonlee|def|1|[from] item: Grassy Seed
|turn|25
|
|t:|1776077411
|-terastallize|p2a: Hitmonlee|Ghost
|move|p1a: Iron Valiant|Moonblast|p2a: Hitmonlee
|-damage|p2a: Hitmonlee|68/100
|move|p2a: Hitmonlee|Swords Dance|p2a: Hitmonlee
|-boost|p2a: Hitmonlee|atk|2
|
|-heal|p1a: Iron Valiant|63/100|[from] Grassy Terrain
|-heal|p2a: Hitmonlee|74/100|[from] Grassy Terrain
|upkeep
|turn|26
|
|t:|1776077423
|move|p1a: Iron Valiant|Encore|p2a: Hitmonlee
|-start|p2a: Hitmonlee|Encore
|move|p2a: Hitmonlee|Swords Dance|p2a: Hitmonlee
|-boost|p2a: Hitmonlee|atk|2
|
|-heal|p2a: Hitmonlee|81/100|[from] Grassy Terrain
|-heal|p1a: Iron Valiant|69/100|[from] Grassy Terrain
|-sideend|p2: ThrohOrFalse|move: Light Screen
|upkeep
|turn|27
|c|☆ThrohOrFalse|Ah..
|c|☆ThrohOrFalse|Gg
|
|t:|1776077445
|move|p1a: Iron Valiant|Shadow Ball|p2a: Hitmonlee
|-supereffective|p2a: Hitmonlee
|-crit|p2a: Hitmonlee
|-damage|p2a: Hitmonlee|0 fnt
|faint|p2a: Hitmonlee
|
|-heal|p1a: Iron Valiant|75/100|[from] Grassy Terrain
|-sideend|p2: ThrohOrFalse|Reflect
|upkeep
|c|☆Qwerty12331|gg
|
|t:|1776077449
|switch|p2a: Kommowo|Kommo-o, F|29/100
|turn|28
|c|☆Qwerty12331|i guess didnt need it anyways lol
|
|t:|1776077461
|move|p1a: Iron Valiant|Moonblast|p2a: Kommowo
|-supereffective|p2a: Kommowo
|-damage|p2a: Kommowo|0 fnt
|faint|p2a: Kommowo
|
|win|Qwerty12331
|raw|Qwerty12331's rating: 1286 &rarr; <strong>1309</strong><br />(+23 for winning)
|raw|ThrohOrFalse's rating: 1261 &rarr; <strong>1238</strong><br />(-23 for losing)
|l|☆Qwerty12331
|player|p1|
|l|☆ThrohOrFalse
|player|p2|
