|html|<div class="broadcast-blue"><strong>[Gen 9] OU is currently suspecting Tera Blast! For information on how to participate check out the <a href="https://www.smogon.com/tools/suspects/view/200">suspect thread</a>.</strong></div>
|j|☆OP Earthquakes
|j|☆mathismathin
|t:|1776218999
|gametype|singles
|player|p1|OP Earthquakes|giovanni-masters|1716
|player|p2|mathismathin|bugsy-masters|1749
|gen|9
|tier|[Gen 9] OU
|rated|
|rule|HP Percentage Mod: HP is shown in percentages
|rule|Endless Battle Clause: Forcing endless battles is banned
|rule|Species Clause: Limit one of each Pokémon
|rule|OHKO Clause: OHKO moves are banned
|rule|Evasion Items Clause: Evasion items are banned
|rule|Evasion Moves Clause: Evasion moves are banned
|rule|Evasion Abilities Clause: Evasion abilities are banned
|rule|Sleep Moves Clause: Sleep-inducing moves are banned
|clearpoke
|poke|p1|Excadrill, F|
|poke|p1|Tyranitar, F|
|poke|p1|Kyurem|
|poke|p1|Hawlucha, F|
|poke|p1|Pawmot, F|
|poke|p1|Grimmsnarl, M|
|poke|p2|Ribombee, F|
|poke|p2|Ogerpon-Wellspring, F|
|poke|p2|Lycanroc-Dusk, F|
|poke|p2|Basculegion-F, F|
|poke|p2|Cinderace, M|
|poke|p2|Glimmora, F|
|teampreview
|inactive|Battle timer is ON: inactive players will automatically lose when time's up. (requested by OP Earthquakes)
|
|t:|1776219014
|teamsize|p1|6
|teamsize|p2|6
|start
|switch|p1a: The sandstorm|Tyranitar, F, shiny|100/100
|switch|p2a: Ribombee|Ribombee, F|100/100
|-weather|Sandstorm|[from] ability: Sand Stream|[of] p1a: The sandstorm
|turn|1
|
|t:|1776219017
|move|p2a: Ribombee|Sticky Web|p1a: The sandstorm
|-sidestart|p1: OP Earthquakes|move: Sticky Web
|move|p1a: The sandstorm|Thunder Wave|p2a: Ribombee
|-status|p2a: Ribombee|par
|
|-weather|Sandstorm|[upkeep]
|-damage|p2a: Ribombee|94/100 par|[from] Sandstorm
|upkeep
|turn|2
|
|t:|1776219020
|cant|p2a: Ribombee|par
|move|p1a: The sandstorm|Ice Beam|p2a: Ribombee
|-damage|p2a: Ribombee|53/100 par
|
|-weather|Sandstorm|[upkeep]
|-damage|p2a: Ribombee|47/100 par|[from] Sandstorm
|upkeep
|turn|3
|
|t:|1776219022
|move|p2a: Ribombee|Moonblast|p1a: The sandstorm
|-supereffective|p1a: The sandstorm
|-damage|p1a: The sandstorm|43/100
|move|p1a: The sandstorm|Ice Beam|p2a: Ribombee
|-damage|p2a: Ribombee|0 fnt
|faint|p2a: Ribombee
|
|-weather|Sandstorm|[upkeep]
|upkeep
|j| electronno
|
|t:|1776219028
|switch|p2a: Ogerpon|Ogerpon-Wellspring, F|100/100
|turn|4
|
|t:|1776219038
|switch|p1a: Grimmsnarl|Grimmsnarl, M|100/100
|-activate|p1a: Grimmsnarl|move: Sticky Web
|-unboost|p1a: Grimmsnarl|spe|1
|move|p2a: Ogerpon|Play Rough|p1a: Grimmsnarl
|-supereffective|p1a: Grimmsnarl
|-damage|p1a: Grimmsnarl|3/100
|
|-weather|Sandstorm|[upkeep]
|-damage|p2a: Ogerpon|95/100|[from] Sandstorm
|-damage|p1a: Grimmsnarl|0 fnt|[from] Sandstorm
|faint|p1a: Grimmsnarl
|upkeep
|
|t:|1776219040
|switch|p1a: Itachi|Hawlucha, F, shiny|100/100
|-ability|p1a: Itachi|Mold Breaker
|turn|5
|
|t:|1776219047
|switch|p2a: Glimmora|Glimmora, F|100/100
|move|p1a: Itachi|Defog|p2a: Glimmora
|-unboost|p2a: Glimmora|evasion|1
|-sideend|p1: OP Earthquakes|Sticky Web|[from] move: Defog|[of] p1a: Itachi
|
|-weather|Sandstorm|[upkeep]
|-damage|p1a: Itachi|94/100|[from] Sandstorm
|upkeep
|turn|6
|
|t:|1776219056
|switch|p1a: OP|Excadrill, F|100/100
|move|p2a: Glimmora|Earth Power|p1a: OP
|-supereffective|p1a: OP
|-damage|p1a: OP|19/100
|
|-weather|Sandstorm|[upkeep]
|upkeep
|turn|7
|j| Kyurem
|c|☆OP Earthquakes|So u know me
|j| jjsjywdez
|c|☆OP Earthquakes|Maybe I should say all my plays to make ur life easier
|c|☆OP Earthquakes|and mine
|inactive|OP Earthquakes has 120 seconds left.
|
|t:|1776219095
|switch|p2a: Basculegion|Basculegion-F, F|100/100
|-item|p2a: Basculegion|Air Balloon
|move|p1a: OP|Iron Head|p2a: Basculegion
|-resisted|p2a: Basculegion
|-damage|p2a: Basculegion|56/100
|-enditem|p2a: Basculegion|Air Balloon
|
|-weather|Sandstorm|[upkeep]
|-damage|p2a: Basculegion|50/100|[from] Sandstorm
|upkeep
|turn|8
|inactive|OP Earthquakes has 120 seconds left.
|j| hejejejeiei.
|j| kanaete onegai
|
|t:|1776219104
|switch|p1a: Itachi|Hawlucha, F, shiny|94/100
|-ability|p1a: Itachi|Mold Breaker
|move|p2a: Basculegion|Shadow Ball|p1a: Itachi
|-damage|p1a: Itachi|8/100
|-enditem|p1a: Itachi|Red Card|[of] p2a: Basculegion
|drag|p2a: Glimmora|Glimmora, F|100/100
|
|-weather|none
|upkeep
|turn|9
|
|t:|1776219116
|move|p1a: Itachi|Swords Dance|p1a: Itachi
|-boost|p1a: Itachi|atk|2
|move|p2a: Glimmora|Meteor Beam||[still]
|-prepare|p2a: Glimmora|Meteor Beam
|-boost|p2a: Glimmora|spa|1
|-enditem|p2a: Glimmora|Power Herb
|-anim|p2a: Glimmora|Meteor Beam|p1a: Itachi
|-damage|p1a: Itachi|0 fnt
|faint|p1a: Itachi
|
|upkeep
|inactive|OP Earthquakes has 120 seconds left.
|
|t:|1776219127
|switch|p1a: Frieza|Kyurem, shiny|100/100
|-ability|p1a: Frieza|Pressure
|turn|10
|
|t:|1776219130
|switch|p2a: Cinderace|Cinderace, M|100/100
|move|p1a: Frieza|Earth Power|p2a: Cinderace
|-supereffective|p2a: Cinderace
|-damage|p2a: Cinderace|0 fnt
|faint|p2a: Cinderace
|
|upkeep
|
|t:|1776219132
|switch|p2a: Ogerpon|Ogerpon-Wellspring, F|95/100
|turn|11
|
|t:|1776219136
|move|p2a: Ogerpon|Swords Dance|p2a: Ogerpon
|-boost|p2a: Ogerpon|atk|2
|move|p1a: Frieza|Freeze-Dry|p2a: Ogerpon
|-supereffective|p2a: Ogerpon
|-damage|p2a: Ogerpon|0 fnt
|faint|p2a: Ogerpon
|
|upkeep
|
|t:|1776219139
|switch|p2a: Lycanroc|Lycanroc-Dusk, F|100/100
|turn|12
|
|t:|1776219143
|-terastallize|p1a: Frieza|Ghost
|move|p2a: Lycanroc|Close Combat|p1a: Frieza
|-immune|p1a: Frieza
|move|p1a: Frieza|Earth Power|p2a: Lycanroc
|-supereffective|p2a: Lycanroc
|-damage|p2a: Lycanroc|0 fnt
|faint|p2a: Lycanroc
|
|upkeep
|-message|mathismathin forfeited.
|
|win|OP Earthquakes
|raw|OP Earthquakes's rating: 1716 &rarr; <strong>1738</strong><br />(+22 for winning)
|raw|mathismathin's rating: 1749 &rarr; <strong>1727</strong><br />(-22 for losing)
|l|☆mathismathin
|player|p2|
|c|☆OP Earthquakes|:)
|c| Kyurem|Goat
