|html|<div class="broadcast-blue"><strong>[Gen 9] OU is currently suspecting Tera Blast! For information on how to participate check out the <a href="https://www.smogon.com/tools/suspects/view/200">suspect thread</a>.</strong></div>
|j|☆kilhousevanhouten
|j|☆g2_morty
|t:|1776056262
|gametype|singles
|player|p1|kilhousevanhouten|burglar|1076
|player|p2|g2_morty|cynthia-gen4|1079
|gen|9
|tier|[Gen 9] OU
|rated|
|rule|HP Percentage Mod: HP is shown in percentages
|rule|Endless Battle Clause: Forcing endless battles is banned
|rule|Species Clause: Limit one of each Pokémon
|rule|OHKO Clause: OHKO moves are banned
|rule|Evasion Items Clause: Evasion items are banned
|rule|Evasion Moves Clause: Evasion moves are banned
|rule|Evasion Abilities Clause: Evasion abilities are banned
|rule|Sleep Moves Clause: Sleep-inducing moves are banned
|clearpoke
|poke|p1|Ceruledge, F|
|poke|p1|Hoopa-Unbound|
|poke|p1|Regidrago|
|poke|p1|Tyranitar, F|
|poke|p1|Excadrill, M|
|poke|p1|Espeon, F|
|poke|p2|Toxapex, M|
|poke|p2|Torkoal, F|
|poke|p2|Hatterene, F|
|poke|p2|Conkeldurr, F|
|poke|p2|Kingambit, M|
|poke|p2|Tornadus, M|
|teampreview
|inactive|Battle timer is ON: inactive players will automatically lose when time's up. (requested by kilhousevanhouten)
|j| ohko_smeargle
|
|t:|1776056272
|teamsize|p1|6
|teamsize|p2|6
|start
|switch|p1a: enzo|Espeon, F|100/100
|switch|p2a: Tornadus|Tornadus, M|100/100
|turn|1
|
|t:|1776056281
|move|p2a: Tornadus|Tailwind|p2a: Tornadus
|-sidestart|p2: g2_morty|move: Tailwind
|move|p1a: enzo|Power Gem|p2a: Tornadus
|-supereffective|p2a: Tornadus
|-damage|p2a: Tornadus|59/100
|
|upkeep
|turn|2
|
|t:|1776056289
|move|p2a: Tornadus|U-turn|p1a: enzo
|-supereffective|p1a: enzo
|-damage|p1a: enzo|34/100
|-enditem|p1a: enzo|Eject Button
|
|t:|1776056303
|switch|p1a: andre|Hoopa-Unbound|100/100
|
|upkeep
|turn|3
|l|☆g2_morty
|inactive|g2_morty disconnected and has a minute to reconnect!
|player|p2|
|inactive|g2_morty has 30 seconds to reconnect!
|j|☆g2_morty
|inactive|g2_morty reconnected and has 115 seconds left.
|player|p2|g2_morty|cynthia-gen4|
|
|t:|1776056346
|switch|p1a: cutcosalesman|Ceruledge, F|100/100
|move|p2a: Tornadus|U-turn|p1a: cutcosalesman
|-resisted|p1a: cutcosalesman
|-damage|p1a: cutcosalesman|94/100
|-ability|p1a: cutcosalesman|Weak Armor|boost
|-unboost|p1a: cutcosalesman|def|1
|-boost|p1a: cutcosalesman|spe|2
|
|t:|1776056364
|switch|p2a: Toxapex|Toxapex, M|100/100|[from] U-turn
|
|upkeep
|turn|4
|
|t:|1776056373
|move|p1a: cutcosalesman|Swords Dance|p1a: cutcosalesman
|-boost|p1a: cutcosalesman|atk|2
|move|p2a: Toxapex|Gunk Shot|p1a: cutcosalesman
|-resisted|p1a: cutcosalesman
|-damage|p1a: cutcosalesman|64/100
|-ability|p1a: cutcosalesman|Weak Armor|boost
|-unboost|p1a: cutcosalesman|def|1
|-boost|p1a: cutcosalesman|spe|2
|
|-sideend|p2: g2_morty|move: Tailwind
|upkeep
|turn|5
|
|t:|1776056386
|move|p2a: Toxapex|Baneful Bunker|p2a: Toxapex
|-singleturn|p2a: Toxapex|move: Protect
|move|p1a: cutcosalesman|Swords Dance|p1a: cutcosalesman
|-boost|p1a: cutcosalesman|atk|2
|
|upkeep
|turn|6
|inactive|g2_morty has 90 seconds left.
|
|t:|1776056427
|move|p1a: cutcosalesman|Poltergeist|p2a: Toxapex
|-activate|p2a: Toxapex|move: Poltergeist|Leftovers
|-damage|p2a: Toxapex|0 fnt
|faint|p2a: Toxapex
|
|upkeep
|
|t:|1776056440
|switch|p2a: Hatterene|Hatterene, F|100/100
|turn|7
|
|t:|1776056448
|move|p2a: Hatterene|Protect|p2a: Hatterene
|-singleturn|p2a: Hatterene|Protect
|move|p1a: cutcosalesman|Poltergeist|p2a: Hatterene
|-activate|p2a: Hatterene|move: Protect
|
|upkeep
|turn|8
|
|t:|1776056459
|move|p1a: cutcosalesman|Poltergeist|p2a: Hatterene
|-activate|p2a: Hatterene|move: Poltergeist|Aguav Berry
|-supereffective|p2a: Hatterene
|-damage|p2a: Hatterene|0 fnt
|faint|p2a: Hatterene
|
|upkeep
|
|t:|1776056466
|switch|p2a: Torkoal|Torkoal, F|100/100
|-weather|SunnyDay|[from] ability: Drought|[of] p2a: Torkoal
|turn|9
|
|t:|1776056481
|-terastallize|p2a: Torkoal|Fairy
|move|p1a: cutcosalesman|Poltergeist|p2a: Torkoal
|-activate|p2a: Torkoal|move: Poltergeist|Assault Vest
|-damage|p2a: Torkoal|0 fnt
|faint|p2a: Torkoal
|
|-weather|SunnyDay|[upkeep]
|upkeep
|
|t:|1776056491
|switch|p2a: Tornadus|Tornadus, M|59/100
|turn|10
|
|t:|1776056498
|move|p1a: cutcosalesman|Bitter Blade|p2a: Tornadus
|-damage|p2a: Tornadus|0 fnt
|-heal|p1a: cutcosalesman|100/100|[from] drain|[of] p2a: Tornadus
|faint|p2a: Tornadus
|
|-weather|SunnyDay|[upkeep]
|upkeep
|
|t:|1776056506
|switch|p2a: Conkeldurr|Conkeldurr, F|100/100
|turn|11
|
|t:|1776056533
|move|p1a: cutcosalesman|Bitter Blade|p2a: Conkeldurr
|-damage|p2a: Conkeldurr|0 fnt
|faint|p2a: Conkeldurr
|
|-weather|SunnyDay|[upkeep]
|upkeep
|
|t:|1776056539
|switch|p2a: Kingambit|Kingambit, M|100/100
|-activate|p2a: Kingambit|ability: Supreme Overlord
|-start|p2a: Kingambit|fallen5|[silent]
|turn|12
|
|t:|1776056552
|move|p2a: Kingambit|Sucker Punch|p1a: cutcosalesman
|-supereffective|p1a: cutcosalesman
|-enditem|p1a: cutcosalesman|Focus Sash
|-damage|p1a: cutcosalesman|1/100
|-ability|p1a: cutcosalesman|Weak Armor|boost
|-unboost|p1a: cutcosalesman|def|1
|-boost|p1a: cutcosalesman|spe|2
|move|p1a: cutcosalesman|Close Combat|p2a: Kingambit
|-supereffective|p2a: Kingambit
|-enditem|p2a: Kingambit|Focus Sash
|-damage|p2a: Kingambit|1/100
|-unboost|p1a: cutcosalesman|def|1
|-unboost|p1a: cutcosalesman|spd|1
|
|-weather|SunnyDay|[upkeep]
|upkeep
|turn|13
|inactive|g2_morty has 60 seconds left.
|
|t:|1776056581
|move|p2a: Kingambit|Sucker Punch||[still]
|-fail|p2a: Kingambit
|move|p1a: cutcosalesman|Swords Dance|p1a: cutcosalesman
|-boost|p1a: cutcosalesman|atk|2
|
|-weather|none
|upkeep
|turn|14
|inactive|g2_morty has 60 seconds left.
|
|t:|1776056595
|move|p2a: Kingambit|Sucker Punch||[still]
|-fail|p2a: Kingambit
|move|p1a: cutcosalesman|Swords Dance|p1a: cutcosalesman
|-boost|p1a: cutcosalesman|atk|0
|
|upkeep
|turn|15
|inactive|g2_morty has 60 seconds left.
|
|t:|1776056608
|move|p2a: Kingambit|Sucker Punch||[still]
|-fail|p2a: Kingambit
|move|p1a: cutcosalesman|Swords Dance|p1a: cutcosalesman
|-boost|p1a: cutcosalesman|atk|0
|
|upkeep
|turn|16
|inactive|g2_morty has 60 seconds left.
|
|t:|1776056616
|move|p1a: cutcosalesman|Bitter Blade|p2a: Kingambit
|-supereffective|p2a: Kingambit
|-damage|p2a: Kingambit|0 fnt
|-heal|p1a: cutcosalesman|1/100|[from] drain|[of] p2a: Kingambit
|faint|p2a: Kingambit
|-end|p2a: Kingambit|fallen5|[silent]
|
|win|kilhousevanhouten
|raw|kilhousevanhouten's rating: 1076 &rarr; <strong>1105</strong><br />(+29 for winning)
|raw|g2_morty's rating: 1079 &rarr; <strong>1057</strong><br />(-22 for losing)
|l| ohko_smeargle
|c|☆kilhousevanhouten|gg
|l|☆g2_morty
|player|p2|
