|html|<div class="broadcast-blue"><strong>[Gen 9] OU is currently suspecting Tera Blast! For information on how to participate check out the <a href="https://www.smogon.com/tools/suspects/view/200">suspect thread</a>.</strong></div>
|j|☆parking lot demon
|j|☆Benedict Juarez
|t:|1776043176
|gametype|singles
|player|p1|parking lot demon|lady-gen4|1413
|player|p2|Benedict Juarez|medium|1465
|gen|9
|tier|[Gen 9] OU
|rated|
|rule|HP Percentage Mod: HP is shown in percentages
|rule|Endless Battle Clause: Forcing endless battles is banned
|rule|Species Clause: Limit one of each Pokémon
|rule|OHKO Clause: OHKO moves are banned
|rule|Evasion Items Clause: Evasion items are banned
|rule|Evasion Moves Clause: Evasion moves are banned
|rule|Evasion Abilities Clause: Evasion abilities are banned
|rule|Sleep Moves Clause: Sleep-inducing moves are banned
|clearpoke
|poke|p1|Hatterene, F|
|poke|p1|Farigiraf, M|
|poke|p1|Mimikyu, M|
|poke|p1|Slither Wing|
|poke|p1|Ursaluna, M|
|poke|p1|Torkoal, F|
|poke|p2|Zamazenta-*|
|poke|p2|Rillaboom, F|
|poke|p2|Raging Bolt|
|poke|p2|Slowking-Galar, F|
|poke|p2|Great Tusk|
|poke|p2|Rotom-Wash|
|teampreview
|inactive|Battle timer is ON: inactive players will automatically lose when time's up. (requested by parking lot demon)
|
|t:|1776043181
|teamsize|p1|6
|teamsize|p2|6
|start
|switch|p1a: Hatterene|Hatterene, F|100/100
|switch|p2a: Great Tusk|Great Tusk|100/100
|turn|1
|
|t:|1776043185
|move|p2a: Great Tusk|Knock Off|p1a: Hatterene
|-crit|p1a: Hatterene
|-damage|p1a: Hatterene|56/100
|-enditem|p1a: Hatterene|Focus Sash|[from] move: Knock Off|[of] p2a: Great Tusk
|move|p1a: Hatterene|Trick Room|p1a: Hatterene
|-fieldstart|move: Trick Room|[of] p1a: Hatterene
|
|upkeep
|turn|2
|
|t:|1776043191
|-end|p2a: Great Tusk|Protosynthesis|[silent]
|switch|p2a: Slowking|Slowking-Galar, F|100/100
|move|p1a: Hatterene|Misty Explosion|p2a: Slowking
|-resisted|p2a: Slowking
|-damage|p2a: Slowking|86/100
|faint|p1a: Hatterene
|
|upkeep
|
|t:|1776043201
|switch|p1a: Torkoal|Torkoal, F|100/100
|-weather|SunnyDay|[from] ability: Drought|[of] p1a: Torkoal
|turn|3
|
|t:|1776043205
|-terastallize|p1a: Torkoal|Fire
|move|p1a: Torkoal|Eruption|p2a: Slowking
|-damage|p2a: Slowking|0 fnt
|faint|p2a: Slowking
|
|-weather|SunnyDay|[upkeep]
|upkeep
|
|t:|1776043211
|switch|p2a: Raging Bolt|Raging Bolt|100/100
|-activate|p2a: Raging Bolt|ability: Protosynthesis
|-start|p2a: Raging Bolt|protosynthesisspa
|turn|4
|
|t:|1776043214
|switch|p1a: Ursaluna|Ursaluna, M|100/100
|move|p2a: Raging Bolt|Thunderclap||[still]
|-fail|p2a: Raging Bolt
|
|-weather|SunnyDay|[upkeep]
|-status|p1a: Ursaluna|brn|[from] item: Flame Orb
|upkeep
|turn|5
|
|t:|1776043221
|-end|p2a: Raging Bolt|Protosynthesis|[silent]
|switch|p2a: Zamazenta|Zamazenta|100/100
|-ability|p2a: Zamazenta|Dauntless Shield|boost
|-boost|p2a: Zamazenta|def|1
|move|p1a: Ursaluna|Facade|p2a: Zamazenta
|-damage|p2a: Zamazenta|38/100
|
|-weather|SunnyDay|[upkeep]
|-heal|p2a: Zamazenta|44/100|[from] item: Leftovers
|-damage|p1a: Ursaluna|94/100 brn|[from] brn
|-fieldend|move: Trick Room
|upkeep
|turn|6
|
|t:|1776043227
|switch|p1a: Slither Wing|Slither Wing|100/100
|-activate|p1a: Slither Wing|ability: Protosynthesis
|-start|p1a: Slither Wing|protosynthesisatk
|move|p2a: Zamazenta|Iron Defense|p2a: Zamazenta
|-boost|p2a: Zamazenta|def|2
|
|-weather|SunnyDay|[upkeep]
|-heal|p2a: Zamazenta|50/100|[from] item: Leftovers
|upkeep
|turn|7
|
|t:|1776043230
|move|p2a: Zamazenta|Iron Defense|p2a: Zamazenta
|-boost|p2a: Zamazenta|def|2
|move|p1a: Slither Wing|U-turn|p2a: Zamazenta
|-resisted|p2a: Zamazenta
|-damage|p2a: Zamazenta|42/100
|
|t:|1776043231
|-end|p1a: Slither Wing|Protosynthesis|[silent]
|switch|p1a: Mimikyu|Mimikyu, M|100/100|[from] U-turn
|
|-weather|none
|-heal|p2a: Zamazenta|48/100|[from] item: Leftovers
|upkeep
|turn|8
|
|t:|1776043234
|move|p2a: Zamazenta|Crunch|p1a: Mimikyu
|-activate|p1a: Mimikyu|ability: Disguise
|-damage|p1a: Mimikyu|100/100
|detailschange|p1a: Mimikyu|Mimikyu-Busted, M
|-damage|p1a: Mimikyu|88/100|[from] pokemon: Mimikyu-Busted
|move|p1a: Mimikyu|Trick Room|p1a: Mimikyu
|-fieldstart|move: Trick Room|[of] p1a: Mimikyu
|
|-heal|p2a: Zamazenta|54/100|[from] item: Leftovers
|upkeep
|turn|9
|
|t:|1776043243
|move|p1a: Mimikyu|Curse|p2a: Zamazenta
|-start|p2a: Zamazenta|Curse|[of] p1a: Mimikyu
|-damage|p1a: Mimikyu|38/100
|move|p2a: Zamazenta|Iron Defense|p2a: Zamazenta
|-boost|p2a: Zamazenta|def|1
|
|-heal|p2a: Zamazenta|61/100|[from] item: Leftovers
|-damage|p2a: Zamazenta|36/100|[from] Curse
|upkeep
|turn|10
|
|t:|1776043248
|move|p1a: Mimikyu|Play Rough|p2a: Zamazenta
|-supereffective|p2a: Zamazenta
|-damage|p2a: Zamazenta|15/100
|-unboost|p2a: Zamazenta|atk|1
|-damage|p1a: Mimikyu|28/100|[from] item: Life Orb
|move|p2a: Zamazenta|Crunch|p1a: Mimikyu
|-damage|p1a: Mimikyu|11/100
|
|-heal|p2a: Zamazenta|21/100|[from] item: Leftovers
|-damage|p2a: Zamazenta|0 fnt|[from] Curse
|faint|p2a: Zamazenta
|upkeep
|-message|Benedict Juarez forfeited.
|
|win|parking lot demon
|raw|parking lot demon's rating: 1413 &rarr; <strong>1436</strong><br />(+23 for winning)
|raw|Benedict Juarez's rating: 1465 &rarr; <strong>1442</strong><br />(-23 for losing)
|l|☆Benedict Juarez
|player|p2|
|l|☆parking lot demon
|player|p1|
