|html|<div class="broadcast-blue"><strong>[Gen 9] OU is currently suspecting Tera Blast! For information on how to participate check out the <a href="https://www.smogon.com/tools/suspects/view/200">suspect thread</a>.</strong></div>
|j|☆Grace Ashgreninja
|j|☆Zapy364
|t:|1776031889
|gametype|singles
|player|p1|Grace Ashgreninja|#draftliga5|1723
|player|p2|Zapy364|169|1668
|gen|9
|tier|[Gen 9] OU
|rated|
|rule|HP Percentage Mod: HP is shown in percentages
|rule|Endless Battle Clause: Forcing endless battles is banned
|rule|Species Clause: Limit one of each Pokémon
|rule|OHKO Clause: OHKO moves are banned
|rule|Evasion Items Clause: Evasion items are banned
|rule|Evasion Moves Clause: Evasion moves are banned
|rule|Evasion Abilities Clause: Evasion abilities are banned
|rule|Sleep Moves Clause: Sleep-inducing moves are banned
|clearpoke
|poke|p1|Tyranitar, F|
|poke|p1|Gholdengo|
|poke|p1|Sandy Shocks|
|poke|p1|Tornadus-Therian, M|
|poke|p1|Zamazenta-*|
|poke|p1|Alomomola, F|
|poke|p2|Zamazenta-*|
|poke|p2|Raging Bolt|
|poke|p2|Kyurem|
|poke|p2|Great Tusk|
|poke|p2|Ogerpon-Cornerstone, F|
|poke|p2|Deoxys-Speed|
|teampreview
|inactive|Battle timer is ON: inactive players will automatically lose when time's up. (requested by Zapy364)
|
|t:|1776031905
|teamsize|p1|6
|teamsize|p2|6
|start
|switch|p1a: Tornadus|Tornadus-Therian, M|100/100
|switch|p2a: Raging Bolt|Raging Bolt|100/100
|turn|1
|inactive|Grace Ashgreninja has 120 seconds left.
|
|t:|1776031943
|move|p1a: Tornadus|U-turn|p2a: Raging Bolt
|-damage|p2a: Raging Bolt|87/100
|
|t:|1776031946
|switch|p1a: Sandy Shocks|Sandy Shocks|100/100|[from] U-turn
|move|p2a: Raging Bolt|Draco Meteor|p1a: Sandy Shocks|[miss]
|-miss|p2a: Raging Bolt|p1a: Sandy Shocks
|
|upkeep
|turn|2
|c|☆Grace Ashgreninja|mb
|
|t:|1776031953
|move|p1a: Sandy Shocks|Earth Power|p2a: Raging Bolt
|-supereffective|p2a: Raging Bolt
|-damage|p2a: Raging Bolt|3/100
|move|p2a: Raging Bolt|Draco Meteor|p1a: Sandy Shocks
|-damage|p1a: Sandy Shocks|0 fnt
|-unboost|p2a: Raging Bolt|spa|2
|faint|p1a: Sandy Shocks
|-end|p1a: Sandy Shocks|Protosynthesis|[silent]
|
|upkeep
|inactive|Grace Ashgreninja has 120 seconds left.
|
|t:|1776031964
|switch|p1a: Tornadus|Tornadus-Therian, M|100/100
|turn|3
|
|t:|1776031966
|move|p1a: Tornadus|U-turn|p2a: Raging Bolt
|-damage|p2a: Raging Bolt|0 fnt
|faint|p2a: Raging Bolt
|-end|p2a: Raging Bolt|Protosynthesis|[silent]
|
|t:|1776031971
|switch|p1a: Alomomola|Alomomola, F|100/100|[from] U-turn
|
|upkeep
|
|t:|1776031979
|switch|p2a: Ogerpon|Ogerpon-Cornerstone, F|100/100
|turn|4
|
|t:|1776031985
|move|p2a: Ogerpon|Spiky Shield|p2a: Ogerpon
|-singleturn|p2a: Ogerpon|move: Protect
|move|p1a: Alomomola|Flip Turn|p2a: Ogerpon
|-activate|p2a: Ogerpon|move: Protect
|-damage|p1a: Alomomola|88/100|[from] Spiky Shield|[of] p2a: Ogerpon
|
|upkeep
|turn|5
|
|t:|1776031996
|switch|p2a: Deoxys|Deoxys-Speed|100/100
|-ability|p2a: Deoxys|Pressure
|switch|p1a: Zamazenta|Zamazenta|100/100
|-ability|p1a: Zamazenta|Dauntless Shield|boost
|-boost|p1a: Zamazenta|def|1
|
|upkeep
|turn|6
|
|t:|1776032009
|switch|p1a: Alomomola|Alomomola, F|100/100
|move|p2a: Deoxys|Reflect|p2a: Deoxys
|-sidestart|p2: Zapy364|Reflect
|
|upkeep
|turn|7
|
|t:|1776032015
|move|p2a: Deoxys|Taunt|p1a: Alomomola
|-start|p1a: Alomomola|move: Taunt
|move|p1a: Alomomola|Flip Turn|p2a: Deoxys
|-damage|p2a: Deoxys|91/100
|
|t:|1776032017
|switch|p1a: Tornadus|Tornadus-Therian, M|100/100|[from] Flip Turn
|
|upkeep
|turn|8
|
|t:|1776032021
|move|p2a: Deoxys|Light Screen|p2a: Deoxys
|-sidestart|p2: Zapy364|move: Light Screen
|move|p1a: Tornadus|Knock Off|p2a: Deoxys
|-supereffective|p2a: Deoxys
|-damage|p2a: Deoxys|67/100
|-enditem|p2a: Deoxys|Light Clay|[from] move: Knock Off|[of] p1a: Tornadus
|
|upkeep
|turn|9
|
|t:|1776032029
|move|p2a: Deoxys|Psycho Boost|p1a: Tornadus
|-damage|p1a: Tornadus|48/100
|-unboost|p2a: Deoxys|spa|2
|move|p1a: Tornadus|Bleakwind Storm|p2a: Deoxys
|-damage|p2a: Deoxys|40/100
|-unboost|p2a: Deoxys|spe|1
|
|upkeep
|turn|10
|
|t:|1776032040
|switch|p2a: Zamazenta|Zamazenta|100/100
|-ability|p2a: Zamazenta|Dauntless Shield|boost
|-boost|p2a: Zamazenta|def|1
|move|p1a: Tornadus|U-turn|p2a: Zamazenta
|-resisted|p2a: Zamazenta
|-damage|p2a: Zamazenta|99/100
|
|t:|1776032043
|switch|p1a: Gholdengo|Gholdengo|100/100|[from] U-turn
|-item|p1a: Gholdengo|Air Balloon
|
|-heal|p2a: Zamazenta|100/100|[from] item: Leftovers
|upkeep
|turn|11
|
|t:|1776032045
|move|p2a: Zamazenta|Crunch|p1a: Gholdengo
|-supereffective|p1a: Gholdengo
|-damage|p1a: Gholdengo|69/100
|-enditem|p1a: Gholdengo|Air Balloon
|move|p1a: Gholdengo|Thunder Wave|p2a: Zamazenta
|-status|p2a: Zamazenta|par
|
|upkeep
|turn|12
|
|t:|1776032052
|switch|p2a: Great Tusk|Great Tusk|100/100
|-enditem|p2a: Great Tusk|Booster Energy
|-activate|p2a: Great Tusk|ability: Protosynthesis|[fromitem]
|-start|p2a: Great Tusk|protosynthesisatk
|move|p1a: Gholdengo|Recover|p1a: Gholdengo
|-heal|p1a: Gholdengo|100/100
|
|upkeep
|turn|13
|
|t:|1776032061
|switch|p1a: Alomomola|Alomomola, F|100/100
|move|p2a: Great Tusk|Rapid Spin|p1a: Alomomola
|-damage|p1a: Alomomola|87/100
|-boost|p2a: Great Tusk|spe|1
|
|-sideend|p2: Zapy364|Reflect
|upkeep
|turn|14
|
|t:|1776032065
|move|p2a: Great Tusk|Close Combat|p1a: Alomomola
|-damage|p1a: Alomomola|39/100
|-unboost|p2a: Great Tusk|def|1
|-unboost|p2a: Great Tusk|spd|1
|move|p1a: Alomomola|Flip Turn|p2a: Great Tusk
|-supereffective|p2a: Great Tusk
|-damage|p2a: Great Tusk|65/100
|
|t:|1776032069
|switch|p1a: Tornadus|Tornadus-Therian, M|82/100|[from] Flip Turn
|
|upkeep
|turn|15
|
|t:|1776032072
|switch|p1a: Alomomola|Alomomola, F|73/100
|move|p2a: Great Tusk|Ice Spinner|p1a: Alomomola
|-resisted|p1a: Alomomola
|-damage|p1a: Alomomola|62/100
|
|-sideend|p2: Zapy364|move: Light Screen
|upkeep
|turn|16
|
|t:|1776032080
|move|p2a: Great Tusk|Close Combat|p1a: Alomomola
|-damage|p1a: Alomomola|13/100
|-unboost|p2a: Great Tusk|def|1
|-unboost|p2a: Great Tusk|spd|1
|move|p1a: Alomomola|Wish|p1a: Alomomola
|
|upkeep
|turn|17
|
|t:|1776032089
|move|p1a: Alomomola|Protect|p1a: Alomomola
|-singleturn|p1a: Alomomola|Protect
|move|p2a: Great Tusk|Ice Spinner|p1a: Alomomola
|-activate|p1a: Alomomola|move: Protect
|
|-heal|p1a: Alomomola|63/100|[from] move: Wish|[wisher] Alomomola
|upkeep
|turn|18
|
|t:|1776032094
|-terastallize|p2a: Great Tusk|Fighting
|move|p2a: Great Tusk|Close Combat|p1a: Alomomola
|-crit|p1a: Alomomola
|-damage|p1a: Alomomola|0 fnt
|-unboost|p2a: Great Tusk|def|1
|-unboost|p2a: Great Tusk|spd|1
|faint|p1a: Alomomola
|
|upkeep
|
|t:|1776032104
|switch|p1a: Zamazenta|Zamazenta|100/100
|turn|19
|
|t:|1776032111
|move|p2a: Great Tusk|Close Combat|p1a: Zamazenta
|-damage|p1a: Zamazenta|15/100
|-unboost|p2a: Great Tusk|def|1
|-unboost|p2a: Great Tusk|spd|1
|move|p1a: Zamazenta|Body Press|p2a: Great Tusk
|-damage|p2a: Great Tusk|0 fnt
|faint|p2a: Great Tusk
|-end|p2a: Great Tusk|Protosynthesis|[silent]
|
|-heal|p1a: Zamazenta|21/100|[from] item: Leftovers
|upkeep
|
|t:|1776032117
|switch|p2a: Deoxys|Deoxys-Speed|40/100
|-ability|p2a: Deoxys|Pressure
|turn|20
|
|t:|1776032123
|switch|p1a: Tyranitar|Tyranitar, F|100/100
|-weather|Sandstorm|[from] ability: Sand Stream|[of] p1a: Tyranitar
|move|p2a: Deoxys|Psycho Boost|p1a: Tyranitar
|-immune|p1a: Tyranitar
|
|-weather|Sandstorm|[upkeep]
|-damage|p2a: Deoxys|34/100|[from] Sandstorm
|upkeep
|turn|21
|
|t:|1776032126
|move|p2a: Deoxys|Reflect|p2a: Deoxys
|-sidestart|p2: Zapy364|Reflect
|move|p1a: Tyranitar|Stealth Rock|p2a: Deoxys
|-sidestart|p2: Zapy364|move: Stealth Rock
|
|-weather|Sandstorm|[upkeep]
|-damage|p2a: Deoxys|28/100|[from] Sandstorm
|upkeep
|turn|22
|
|t:|1776032131
|move|p2a: Deoxys|Light Screen|p2a: Deoxys
|-sidestart|p2: Zapy364|move: Light Screen
|move|p1a: Tyranitar|Knock Off|p2a: Deoxys
|-supereffective|p2a: Deoxys
|-damage|p2a: Deoxys|0 fnt
|faint|p2a: Deoxys
|
|-weather|Sandstorm|[upkeep]
|upkeep
|
|t:|1776032135
|switch|p2a: Kyurem|Kyurem|100/100
|-damage|p2a: Kyurem|76/100|[from] Stealth Rock
|-ability|p2a: Kyurem|Pressure
|turn|23
|
|t:|1776032137
|move|p2a: Kyurem|Dragon Dance|p2a: Kyurem
|-boost|p2a: Kyurem|atk|1
|-boost|p2a: Kyurem|spe|1
|move|p1a: Tyranitar|Roar|p2a: Kyurem
|drag|p2a: Ogerpon|Ogerpon-Cornerstone, F|100/100
|-damage|p2a: Ogerpon|88/100|[from] Stealth Rock
|
|-weather|Sandstorm|[upkeep]
|upkeep
|turn|24
|
|t:|1776032142
|switch|p1a: Gholdengo|Gholdengo|100/100
|move|p2a: Ogerpon|Power Whip|p1a: Gholdengo
|-resisted|p1a: Gholdengo
|-damage|p1a: Gholdengo|76/100
|
|-weather|none
|upkeep
|turn|25
|
|t:|1776032146
|move|p2a: Ogerpon|Swords Dance|p2a: Ogerpon
|-boost|p2a: Ogerpon|atk|2
|move|p1a: Gholdengo|Thunder Wave|p2a: Ogerpon
|-status|p2a: Ogerpon|par
|
|-sideend|p2: Zapy364|Reflect
|upkeep
|turn|26
|
|t:|1776032150
|move|p1a: Gholdengo|Recover|p1a: Gholdengo
|-heal|p1a: Gholdengo|100/100
|move|p2a: Ogerpon|Power Whip|p1a: Gholdengo
|-resisted|p1a: Gholdengo
|-damage|p1a: Gholdengo|50/100
|
|-sideend|p2: Zapy364|move: Light Screen
|upkeep
|turn|27
|
|t:|1776032152
|move|p1a: Gholdengo|Recover|p1a: Gholdengo
|-heal|p1a: Gholdengo|100/100
|move|p2a: Ogerpon|Power Whip|p1a: Gholdengo
|-resisted|p1a: Gholdengo
|-damage|p1a: Gholdengo|55/100
|
|upkeep
|turn|28
|
|t:|1776032154
|move|p1a: Gholdengo|Recover|p1a: Gholdengo
|-heal|p1a: Gholdengo|100/100
|move|p2a: Ogerpon|Power Whip|p1a: Gholdengo
|-resisted|p1a: Gholdengo
|-damage|p1a: Gholdengo|55/100
|
|upkeep
|turn|29
|
|t:|1776032156
|move|p1a: Gholdengo|Recover|p1a: Gholdengo
|-heal|p1a: Gholdengo|100/100
|move|p2a: Ogerpon|Power Whip|p1a: Gholdengo
|-resisted|p1a: Gholdengo
|-damage|p1a: Gholdengo|49/100
|
|upkeep
|turn|30
|
|t:|1776032158
|move|p1a: Gholdengo|Recover|p1a: Gholdengo
|-heal|p1a: Gholdengo|99/100
|move|p2a: Ogerpon|Power Whip|p1a: Gholdengo
|-resisted|p1a: Gholdengo
|-damage|p1a: Gholdengo|48/100
|
|upkeep
|turn|31
|
|t:|1776032160
|move|p1a: Gholdengo|Recover|p1a: Gholdengo
|-heal|p1a: Gholdengo|98/100
|cant|p2a: Ogerpon|par
|
|upkeep
|turn|32
|
|t:|1776032163
|move|p1a: Gholdengo|Make It Rain|p2a: Ogerpon
|-supereffective|p2a: Ogerpon
|-damage|p2a: Ogerpon|0 fnt
|-unboost|p1a: Gholdengo|spa|1
|faint|p2a: Ogerpon
|
|upkeep
|
|t:|1776032165
|switch|p2a: Kyurem|Kyurem|76/100
|-damage|p2a: Kyurem|51/100|[from] Stealth Rock
|-ability|p2a: Kyurem|Pressure
|turn|33
|
|t:|1776032167
|move|p2a: Kyurem|Dragon Dance|p2a: Kyurem
|-boost|p2a: Kyurem|atk|1
|-boost|p2a: Kyurem|spe|1
|move|p1a: Gholdengo|Make It Rain|p2a: Kyurem
|-supereffective|p2a: Kyurem
|-damage|p2a: Kyurem|0 fnt
|-unboost|p1a: Gholdengo|spa|1
|faint|p2a: Kyurem
|
|upkeep
|
|t:|1776032169
|switch|p2a: Zamazenta|Zamazenta|100/100 par
|-damage|p2a: Zamazenta|94/100 par|[from] Stealth Rock
|turn|34
|
|t:|1776032173
|switch|p1a: Tornadus|Tornadus-Therian, M|100/100
|cant|p2a: Zamazenta|par
|
|-heal|p2a: Zamazenta|100/100 par|[from] item: Leftovers
|upkeep
|turn|35
|
|t:|1776032175
|move|p1a: Tornadus|Bleakwind Storm|p2a: Zamazenta
|-supereffective|p2a: Zamazenta
|-damage|p2a: Zamazenta|37/100 par
|-unboost|p2a: Zamazenta|spe|1
|move|p2a: Zamazenta|Body Press|p1a: Tornadus
|-resisted|p1a: Tornadus
|-damage|p1a: Tornadus|80/100
|
|-heal|p2a: Zamazenta|43/100 par|[from] item: Leftovers
|upkeep
|turn|36
|
|t:|1776032179
|move|p1a: Tornadus|Bleakwind Storm|p2a: Zamazenta|[miss]
|-miss|p1a: Tornadus|p2a: Zamazenta
|cant|p2a: Zamazenta|par
|
|-heal|p2a: Zamazenta|49/100 par|[from] item: Leftovers
|upkeep
|turn|37
|
|t:|1776032181
|move|p1a: Tornadus|Bleakwind Storm|p2a: Zamazenta
|-supereffective|p2a: Zamazenta
|-damage|p2a: Zamazenta|0 fnt
|faint|p2a: Zamazenta
|
|win|Grace Ashgreninja
|raw|Grace Ashgreninja's rating: 1723 &rarr; <strong>1740</strong><br />(+17 for winning)
|raw|Zapy364's rating: 1668 &rarr; <strong>1651</strong><br />(-17 for losing)
|l|☆Zapy364
|player|p2|
|l|☆Grace Ashgreninja
|player|p1|
