|html|<div class="broadcast-blue"><strong>[Gen 9] OU is currently suspecting Tera Blast! For information on how to participate check out the <a href="https://www.smogon.com/tools/suspects/view/200">suspect thread</a>.</strong></div>
|j|☆CortsKkaos
|j|☆impulsec66
|t:|1776068619
|gametype|singles
|player|p1|CortsKkaos|brawly|1156
|player|p2|impulsec66|red|1202
|gen|9
|tier|[Gen 9] OU
|rated|
|rule|HP Percentage Mod: HP is shown in percentages
|rule|Endless Battle Clause: Forcing endless battles is banned
|rule|Species Clause: Limit one of each Pokémon
|rule|OHKO Clause: OHKO moves are banned
|rule|Evasion Items Clause: Evasion items are banned
|rule|Evasion Moves Clause: Evasion moves are banned
|rule|Evasion Abilities Clause: Evasion abilities are banned
|rule|Sleep Moves Clause: Sleep-inducing moves are banned
|clearpoke
|poke|p1|Hatterene, F|
|poke|p1|Araquanid, F|
|poke|p1|Bellibolt, F|
|poke|p1|Morpeko, M|
|poke|p1|Excadrill, M|
|poke|p1|Eelektross, F|
|poke|p2|Greninja-*, M|
|poke|p2|Blissey, F|
|poke|p2|Incineroar, M|
|poke|p2|Mandibuzz, F|
|poke|p2|Gholdengo|
|poke|p2|Glimmora, F|
|teampreview
|inactive|Battle timer is ON: inactive players will automatically lose when time's up. (requested by CortsKkaos)
|
|t:|1776068624
|teamsize|p1|6
|teamsize|p2|6
|start
|switch|p1a: Morpeko|Morpeko, M|100/100
|switch|p2a: Glimmora|Glimmora, F|100/100
|turn|1
|
|t:|1776068633
|move|p1a: Morpeko|Parting Shot|p2a: Glimmora
|-unboost|p2a: Glimmora|atk|1
|-unboost|p2a: Glimmora|spa|1
|
|t:|1776068637
|switch|p1a: Hatterene|Hatterene, F|100/100|[from] Parting Shot
|move|p2a: Glimmora|Stealth Rock|p1a: Hatterene
|move|p1a: Hatterene|Stealth Rock|p2a: Glimmora|[from] ability: Magic Bounce
|-sidestart|p2: impulsec66|move: Stealth Rock
|
|upkeep
|turn|2
|
|t:|1776068645
|move|p2a: Glimmora|Mortal Spin|p1a: Hatterene
|-supereffective|p1a: Hatterene
|-damage|p1a: Hatterene|93/100
|-status|p1a: Hatterene|psn
|-sideend|p2: impulsec66|Stealth Rock|[from] move: Mortal Spin|[of] p2a: Glimmora
|move|p1a: Hatterene|Psychic Noise|p2a: Glimmora
|-supereffective|p2a: Glimmora
|-damage|p2a: Glimmora|9/100
|-start|p2a: Glimmora|move: Heal Block
|
|-heal|p1a: Hatterene|99/100 psn|[from] item: Leftovers
|-damage|p1a: Hatterene|87/100 psn|[from] psn
|upkeep
|turn|3
|
|t:|1776068660
|switch|p2a: Blissey|Blissey, F|100/100
|move|p1a: Hatterene|Psychic Noise|p2a: Blissey
|-damage|p2a: Blissey|92/100
|-start|p2a: Blissey|move: Heal Block
|
|-heal|p1a: Hatterene|93/100 psn|[from] item: Leftovers
|-damage|p1a: Hatterene|80/100 psn|[from] psn
|upkeep
|turn|4
|
|t:|1776068670
|switch|p1a: Morpeko|Morpeko, M|100/100
|move|p2a: Blissey|Seismic Toss|p1a: Morpeko
|-damage|p1a: Morpeko|62/100
|
|-end|p2a: Blissey|move: Heal Block
|-formechange|p1a: Morpeko|Morpeko-Hangry||[from] ability: Hunger Switch
|upkeep
|turn|5
|
|t:|1776068681
|switch|p2a: Glimmora|Glimmora, F|9/100
|move|p1a: Morpeko|Parting Shot|p2a: Glimmora
|-unboost|p2a: Glimmora|atk|1
|-unboost|p2a: Glimmora|spa|1
|
|t:|1776068701
|switch|p1a: Eelektross|Eelektross, F|100/100|[from] Parting Shot
|
|upkeep
|turn|6
|
|t:|1776068708
|move|p2a: Glimmora|Stealth Rock|p1a: Eelektross
|-sidestart|p1: CortsKkaos|move: Stealth Rock
|move|p1a: Eelektross|Giga Drain|p2a: Glimmora
|-damage|p2a: Glimmora|0 fnt
|faint|p2a: Glimmora
|
|upkeep
|
|t:|1776068716
|switch|p2a: Blissey|Blissey, F|92/100
|turn|7
|
|t:|1776068721
|move|p1a: Eelektross|Acid Spray|p2a: Blissey
|-damage|p2a: Blissey|88/100
|-unboost|p2a: Blissey|spd|2
|move|p2a: Blissey|Seismic Toss|p1a: Eelektross
|-damage|p1a: Eelektross|74/100
|
|-heal|p2a: Blissey|94/100|[from] item: Leftovers
|upkeep
|turn|8
|
|t:|1776068732
|move|p1a: Eelektross|Giga Drain|p2a: Blissey
|-damage|p2a: Blissey|82/100
|-heal|p1a: Eelektross|85/100|[from] drain|[of] p2a: Blissey
|move|p2a: Blissey|Seismic Toss|p1a: Eelektross
|-damage|p1a: Eelektross|59/100
|
|-heal|p2a: Blissey|89/100|[from] item: Leftovers
|upkeep
|turn|9
|
|t:|1776068740
|move|p1a: Eelektross|Acid Spray|p2a: Blissey
|-damage|p2a: Blissey|82/100
|-unboost|p2a: Blissey|spd|2
|move|p2a: Blissey|Seismic Toss|p1a: Eelektross
|-damage|p1a: Eelektross|32/100
|
|-heal|p2a: Blissey|89/100|[from] item: Leftovers
|upkeep
|turn|10
|
|t:|1776068748
|switch|p2a: Incineroar|Incineroar, M|100/100
|-ability|p2a: Incineroar|Intimidate|boost
|-unboost|p1a: Eelektross|atk|1
|move|p1a: Eelektross|Giga Drain|p2a: Incineroar
|-resisted|p2a: Incineroar
|-damage|p2a: Incineroar|91/100
|-heal|p1a: Eelektross|37/100|[from] drain|[of] p2a: Incineroar
|
|-heal|p2a: Incineroar|97/100|[from] item: Leftovers
|upkeep
|turn|11
|
|t:|1776068761
|switch|p1a: Bellibolt|Bellibolt, F|100/100
|-damage|p1a: Bellibolt|88/100|[from] Stealth Rock
|move|p2a: Incineroar|Fake Out|p1a: Bellibolt
|-damage|p1a: Bellibolt|82/100
|-start|p1a: Bellibolt|Charge|Fake Out|[from] ability: Electromorphosis
|-damage|p2a: Incineroar|80/100|[from] item: Rocky Helmet|[of] p1a: Bellibolt
|
|-heal|p2a: Incineroar|86/100|[from] item: Leftovers
|upkeep
|turn|12
|
|t:|1776068777
|switch|p2a: Blissey|Blissey, F|89/100
|move|p1a: Bellibolt|Parabolic Charge|p2a: Blissey
|-damage|p2a: Blissey|76/100
|-heal|p1a: Bellibolt|92/100|[from] drain|[of] p2a: Blissey
|-end|p1a: Bellibolt|Charge|[silent]
|
|-heal|p2a: Blissey|82/100|[from] item: Leftovers
|upkeep
|turn|13
|
|t:|1776068787
|move|p2a: Blissey|Seismic Toss|p1a: Bellibolt
|-damage|p1a: Bellibolt|69/100
|-start|p1a: Bellibolt|Charge|Seismic Toss|[from] ability: Electromorphosis
|-damage|p2a: Blissey|65/100|[from] item: Rocky Helmet|[of] p1a: Bellibolt
|move|p1a: Bellibolt|Toxic|p2a: Blissey
|-status|p2a: Blissey|tox
|
|-heal|p2a: Blissey|72/100 tox|[from] item: Leftovers
|-damage|p2a: Blissey|65/100 tox|[from] psn
|upkeep
|turn|14
|
|t:|1776068798
|move|p2a: Blissey|Seismic Toss|p1a: Bellibolt
|-damage|p1a: Bellibolt|45/100
|-start|p1a: Bellibolt|Charge|Seismic Toss|[from] ability: Electromorphosis
|-damage|p2a: Blissey|49/100 tox|[from] item: Rocky Helmet|[of] p1a: Bellibolt
|move|p1a: Bellibolt|Parabolic Charge|p2a: Blissey
|-damage|p2a: Blissey|37/100 tox
|-heal|p1a: Bellibolt|55/100|[from] drain|[of] p2a: Blissey
|-end|p1a: Bellibolt|Charge|[silent]
|
|-heal|p2a: Blissey|43/100 tox|[from] item: Leftovers
|-damage|p2a: Blissey|31/100 tox|[from] psn
|upkeep
|turn|15
|
|t:|1776068810
|move|p2a: Blissey|Soft-Boiled|p2a: Blissey
|-heal|p2a: Blissey|81/100 tox
|move|p1a: Bellibolt|Slack Off|p1a: Bellibolt
|-heal|p1a: Bellibolt|100/100
|
|-heal|p2a: Blissey|87/100 tox|[from] item: Leftovers
|-damage|p2a: Blissey|68/100 tox|[from] psn
|upkeep
|turn|16
|
|t:|1776068819
|-curestatus|p2a: Blissey|tox|[from] ability: Natural Cure
|switch|p2a: Gholdengo|Gholdengo|100/100
|move|p1a: Bellibolt|Soak|p2a: Gholdengo
|-immune|p2a: Gholdengo|[from] ability: Good as Gold
|
|upkeep
|turn|17
|
|t:|1776068832
|move|p2a: Gholdengo|Nasty Plot|p2a: Gholdengo
|-boost|p2a: Gholdengo|spa|2
|move|p1a: Bellibolt|Parabolic Charge|p2a: Gholdengo
|-damage|p2a: Gholdengo|71/100
|
|-heal|p2a: Gholdengo|77/100|[from] item: Leftovers
|upkeep
|turn|18
|
|t:|1776068854
|switch|p1a: Hatterene|Hatterene, F|80/100 psn
|-damage|p1a: Hatterene|68/100 psn|[from] Stealth Rock
|move|p2a: Gholdengo|Shadow Ball|p1a: Hatterene
|-supereffective|p1a: Hatterene
|-damage|p1a: Hatterene|0 fnt
|faint|p1a: Hatterene
|
|-heal|p2a: Gholdengo|83/100|[from] item: Leftovers
|upkeep
|-message|CortsKkaos forfeited.
|
|win|impulsec66
|raw|CortsKkaos's rating: 1156 &rarr; <strong>1134</strong><br />(-22 for losing)
|raw|impulsec66's rating: 1202 &rarr; <strong>1224</strong><br />(+22 for winning)
|l|☆CortsKkaos
|player|p1|
|l|☆impulsec66
|player|p2|
