|html|<div class="broadcast-blue"><strong>[Gen 9] OU is currently suspecting Tera Blast! For information on how to participate check out the <a href="https://www.smogon.com/tools/suspects/view/200">suspect thread</a>.</strong></div>
|j|☆Echeee
|j|☆UCB0
|t:|1776084757
|gametype|singles
|player|p1|Echeee|169|1284
|player|p2|UCB0|n|1239
|gen|9
|tier|[Gen 9] OU
|rated|
|rule|HP Percentage Mod: HP is shown in percentages
|rule|Endless Battle Clause: Forcing endless battles is banned
|rule|Species Clause: Limit one of each Pokémon
|rule|OHKO Clause: OHKO moves are banned
|rule|Evasion Items Clause: Evasion items are banned
|rule|Evasion Moves Clause: Evasion moves are banned
|rule|Evasion Abilities Clause: Evasion abilities are banned
|rule|Sleep Moves Clause: Sleep-inducing moves are banned
|clearpoke
|poke|p1|Ting-Lu|
|poke|p1|Zamazenta-*|
|poke|p1|Ogerpon-Wellspring, F|
|poke|p1|Dragonite, F|
|poke|p1|Gholdengo|
|poke|p1|Iron Treads|
|poke|p2|Excadrill, M|
|poke|p2|Abomasnow, M|
|poke|p2|Clodsire, F|
|poke|p2|Iron Moth|
|poke|p2|Skarmory, M|
|poke|p2|Morpeko, F|
|teampreview
|inactive|Battle timer is ON: inactive players will automatically lose when time's up. (requested by UCB0)
|
|t:|1776084789
|teamsize|p1|6
|teamsize|p2|6
|start
|switch|p1a: Ting-Lu|Ting-Lu|100/100
|switch|p2a: Silver chariot|Skarmory, M|100/100
|-ability|p1a: Ting-Lu|Vessel of Ruin
|turn|1
|
|t:|1776084798
|move|p2a: Silver chariot|Stealth Rock|p1a: Ting-Lu
|-sidestart|p1: Echeee|move: Stealth Rock
|move|p1a: Ting-Lu|Stealth Rock|p2a: Silver chariot
|-sidestart|p2: UCB0|move: Stealth Rock
|
|upkeep
|turn|2
|
|t:|1776084806
|move|p2a: Silver chariot|Iron Defense|p2a: Silver chariot
|-boost|p2a: Silver chariot|def|2
|move|p1a: Ting-Lu|Spikes|p2a: Silver chariot
|-sidestart|p2: UCB0|Spikes
|
|upkeep
|turn|3
|
|t:|1776084813
|move|p2a: Silver chariot|Body Press|p1a: Ting-Lu
|-supereffective|p1a: Ting-Lu
|-damage|p1a: Ting-Lu|37/100
|-enditem|p1a: Ting-Lu|Red Card|[of] p2a: Silver chariot
|drag|p2a: Star platinum|Excadrill, M|100/100
|-damage|p2a: Star platinum|97/100|[from] Stealth Rock
|-damage|p2a: Star platinum|85/100|[from] Spikes
|-ability|p2a: Star platinum|Mold Breaker
|move|p1a: Ting-Lu|Whirlwind|p2a: Star platinum
|drag|p2a: Josuke J|Morpeko, F, shiny|100/100
|
|-formechange|p2a: Josuke J|Morpeko-Hangry||[from] ability: Hunger Switch
|upkeep
|turn|4
|
|t:|1776084833
|move|p2a: Josuke J|Rapid Spin|p1a: Ting-Lu
|-damage|p1a: Ting-Lu|31/100
|-boost|p2a: Josuke J|spe|1
|-sideend|p2: UCB0|Spikes|[from] move: Rapid Spin|[of] p2a: Josuke J
|-sideend|p2: UCB0|Stealth Rock|[from] move: Rapid Spin|[of] p2a: Josuke J
|move|p1a: Ting-Lu|Spikes|p2a: Josuke J
|-sidestart|p2: UCB0|Spikes
|
|-formechange|p2a: Josuke J|Morpeko||[from] ability: Hunger Switch
|upkeep
|turn|5
|
|t:|1776084843
|move|p2a: Josuke J|Rapid Spin|p1a: Ting-Lu
|-damage|p1a: Ting-Lu|24/100
|-boost|p2a: Josuke J|spe|1
|-sideend|p2: UCB0|Spikes|[from] move: Rapid Spin|[of] p2a: Josuke J
|move|p1a: Ting-Lu|Stealth Rock|p2a: Josuke J
|-sidestart|p2: UCB0|move: Stealth Rock
|
|-formechange|p2a: Josuke J|Morpeko-Hangry||[from] ability: Hunger Switch
|upkeep
|turn|6
|
|t:|1776084862
|switch|p1a: Gholdengo|Gholdengo|100/100
|-damage|p1a: Gholdengo|94/100|[from] Stealth Rock
|move|p2a: Josuke J|Aura Wheel|p1a: Gholdengo
|-supereffective|p1a: Gholdengo
|-damage|p1a: Gholdengo|0 fnt
|-boost|p2a: Josuke J|spe|1
|faint|p1a: Gholdengo
|
|-formechange|p2a: Josuke J|Morpeko||[from] ability: Hunger Switch
|upkeep
|-message|Echeee forfeited.
|
|win|UCB0
|raw|Echeee's rating: 1284 &rarr; <strong>1256</strong><br />(-28 for losing)
|raw|UCB0's rating: 1239 &rarr; <strong>1267</strong><br />(+28 for winning)
|l|☆Echeee
|player|p1|
|c|☆UCB0|Gg
|l|☆UCB0
|player|p2|
