|html|<div class="broadcast-blue"><strong>[Gen 9] OU is currently suspecting Tera Blast! For information on how to participate check out the <a href="https://www.smogon.com/tools/suspects/view/200">suspect thread</a>.</strong></div>
|j|☆Leap Call
|j|☆pichulasio
|t:|1776033103
|gametype|singles
|player|p1|Leap Call|169|1514
|player|p2|pichulasio|battlegirl-gen4|1549
|gen|9
|tier|[Gen 9] OU
|rated|
|rule|HP Percentage Mod: HP is shown in percentages
|rule|Endless Battle Clause: Forcing endless battles is banned
|rule|Species Clause: Limit one of each Pokémon
|rule|OHKO Clause: OHKO moves are banned
|rule|Evasion Items Clause: Evasion items are banned
|rule|Evasion Moves Clause: Evasion moves are banned
|rule|Evasion Abilities Clause: Evasion abilities are banned
|rule|Sleep Moves Clause: Sleep-inducing moves are banned
|clearpoke
|poke|p1|Lokix, F|
|poke|p1|Heatran, M|
|poke|p1|Ting-Lu|
|poke|p1|Ogerpon-Wellspring, F|
|poke|p1|Gholdengo|
|poke|p1|Quaquaval, M|
|poke|p2|Gliscor, F|
|poke|p2|Clefable, M|
|poke|p2|Skarmory, F|
|poke|p2|Blissey, F|
|poke|p2|Skeledirge, M|
|poke|p2|Ogerpon, F|
|teampreview
|inactive|Battle timer is ON: inactive players will automatically lose when time's up. (requested by pichulasio)
|
|t:|1776033119
|teamsize|p1|6
|teamsize|p2|6
|start
|switch|p1a: Lokix|Lokix, F|100/100
|switch|p2a: Clefable|Clefable, M|100/100
|turn|1
|
|t:|1776033126
|move|p1a: Lokix|U-turn|p2a: Clefable
|-resisted|p2a: Clefable
|-damage|p2a: Clefable|66/100
|
|t:|1776033132
|switch|p1a: Ting-Lu|Ting-Lu|100/100|[from] U-turn
|-ability|p1a: Ting-Lu|Vessel of Ruin
|move|p2a: Clefable|Thunder Wave|p1a: Ting-Lu
|-immune|p1a: Ting-Lu
|
|upkeep
|turn|2
|
|t:|1776033138
|move|p2a: Clefable|Trick|p1a: Ting-Lu
|-activate|p2a: Clefable|move: Trick|[of] p1a: Ting-Lu
|-item|p1a: Ting-Lu|Sticky Barb|[from] move: Trick
|-item|p2a: Clefable|Leftovers|[from] move: Trick
|move|p1a: Ting-Lu|Spikes|p2a: Clefable
|-sidestart|p2: pichulasio|Spikes
|
|-heal|p2a: Clefable|73/100|[from] item: Leftovers
|-damage|p1a: Ting-Lu|88/100|[from] item: Sticky Barb
|upkeep
|turn|3
|
|t:|1776033143
|move|p2a: Clefable|Moonblast|p1a: Ting-Lu
|-supereffective|p1a: Ting-Lu
|-damage|p1a: Ting-Lu|63/100
|move|p1a: Ting-Lu|Spikes|p2a: Clefable
|-sidestart|p2: pichulasio|Spikes
|
|-heal|p2a: Clefable|79/100|[from] item: Leftovers
|-damage|p1a: Ting-Lu|51/100|[from] item: Sticky Barb
|upkeep
|turn|4
|
|t:|1776033149
|switch|p2a: Gliscor|Gliscor, F|100/100
|move|p1a: Ting-Lu|Spikes|p2a: Gliscor
|-sidestart|p2: pichulasio|Spikes
|
|-status|p2a: Gliscor|tox|[from] item: Toxic Orb
|-damage|p1a: Ting-Lu|38/100|[from] item: Sticky Barb
|upkeep
|turn|5
|
|t:|1776033158
|switch|p1a: Quaquaval|Quaquaval, M|100/100
|move|p2a: Gliscor|Spikes|p1a: Quaquaval
|-sidestart|p1: Leap Call|Spikes
|
|upkeep
|turn|6
|
|t:|1776033162
|move|p1a: Quaquaval|Swords Dance|p1a: Quaquaval
|-boost|p1a: Quaquaval|atk|2
|move|p2a: Gliscor|Toxic|p1a: Quaquaval
|-status|p1a: Quaquaval|tox
|
|-damage|p1a: Quaquaval|94/100 tox|[from] psn
|upkeep
|turn|7
|inactive|Leap Call has 120 seconds left.
|inactive|pichulasio has 120 seconds left.
|
|t:|1776033220
|move|p2a: Gliscor|Protect|p2a: Gliscor
|-singleturn|p2a: Gliscor|Protect
|move|p1a: Quaquaval|Aqua Step|p2a: Gliscor
|-activate|p2a: Gliscor|move: Protect
|
|-damage|p1a: Quaquaval|82/100 tox|[from] psn
|upkeep
|turn|8
|inactive|pichulasio has 90 seconds left.
|c|☆Leap Call|k
|c|☆Leap Call|y
|c|☆Leap Call|s
|c|☆Leap Call|for using stall
|c|☆Leap Call|btw
|inactive|pichulasio has 60 seconds left.
|
|t:|1776033265
|-terastallize|p2a: Gliscor|Water
|move|p1a: Quaquaval|Close Combat|p2a: Gliscor
|-damage|p2a: Gliscor|19/100 tox
|-unboost|p1a: Quaquaval|def|1
|-unboost|p1a: Quaquaval|spd|1
|move|p2a: Gliscor|Earthquake|p1a: Quaquaval
|-damage|p1a: Quaquaval|14/100 tox
|
|-damage|p1a: Quaquaval|0 fnt|[from] psn
|faint|p1a: Quaquaval
|-heal|p2a: Gliscor|32/100 tox|[from] ability: Poison Heal
|upkeep
|
|t:|1776033275
|switch|p1a: Ogerpon|Ogerpon-Wellspring, F|100/100
|-damage|p1a: Ogerpon|88/100|[from] Spikes
|turn|9
|
|t:|1776033281
|switch|p2a: Ogerpon|Ogerpon, F|100/100
|move|p1a: Ogerpon|Encore||[still]
|-fail|p1a: Ogerpon
|
|upkeep
|turn|10
|
|t:|1776033292
|move|p2a: Ogerpon|Knock Off|p1a: Ogerpon
|-damage|p1a: Ogerpon|61/100
|move|p1a: Ogerpon|Trailblaze|p2a: Ogerpon
|-resisted|p2a: Ogerpon
|-damage|p2a: Ogerpon|81/100
|-boost|p1a: Ogerpon|spe|1
|
|upkeep
|turn|11
|
|t:|1776033306
|move|p1a: Ogerpon|Encore|p2a: Ogerpon
|-start|p2a: Ogerpon|Encore
|move|p2a: Ogerpon|Knock Off|p1a: Ogerpon
|-damage|p1a: Ogerpon|34/100
|
|upkeep
|turn|12
|inactive|pichulasio has 90 seconds left.
|
|t:|1776033324
|move|p1a: Ogerpon|Swords Dance|p1a: Ogerpon
|-boost|p1a: Ogerpon|atk|2
|move|p2a: Ogerpon|Knock Off|p1a: Ogerpon
|-damage|p1a: Ogerpon|4/100
|
|upkeep
|turn|13
|
|t:|1776033342
|-terastallize|p1a: Ogerpon|Water
|detailschange|p1a: Ogerpon|Ogerpon-Wellspring-Tera, F, tera:Water
|-ability|p1a: Ogerpon|Embody Aspect (Wellspring)|boost
|-boost|p1a: Ogerpon|spd|1
|move|p1a: Ogerpon|Ivy Cudgel|p2a: Ogerpon|[anim] Ivy Cudgel Water
|-resisted|p2a: Ogerpon
|-damage|p2a: Ogerpon|0 fnt
|faint|p2a: Ogerpon
|
|upkeep
|c|☆Leap Call|time to get a job, a spouse, a second income, etc
|
|t:|1776033351
|switch|p2a: Skarmory|Skarmory, F|100/100
|turn|14
|
|t:|1776033355
|move|p1a: Ogerpon|Ivy Cudgel|p2a: Skarmory|[anim] Ivy Cudgel Water
|-crit|p2a: Skarmory
|-ability|p2a: Skarmory|Sturdy
|-damage|p2a: Skarmory|1/100
|move|p2a: Skarmory|Body Press|p1a: Ogerpon
|-crit|p1a: Ogerpon
|-damage|p1a: Ogerpon|0 fnt
|faint|p1a: Ogerpon
|detailschange|p1: Ogerpon|Ogerpon-Wellspring, F|[silent]
|
|upkeep
|
|t:|1776033364
|switch|p1a: Lokix|Lokix, F|100/100
|-damage|p1a: Lokix|88/100|[from] Spikes
|turn|15
|
|t:|1776033368
|move|p1a: Lokix|First Impression|p2a: Skarmory
|-resisted|p2a: Skarmory
|-damage|p2a: Skarmory|0 fnt
|faint|p2a: Skarmory
|
|upkeep
|inactive|pichulasio has 90 seconds left.
|
|t:|1776033399
|switch|p2a: Clefable|Clefable, M|79/100
|turn|16
|
|t:|1776033405
|move|p1a: Lokix|U-turn|p2a: Clefable
|-resisted|p2a: Clefable
|-damage|p2a: Clefable|45/100
|
|t:|1776033411
|switch|p1a: Gholdengo|Gholdengo|100/100|[from] U-turn
|-item|p1a: Gholdengo|Air Balloon
|move|p2a: Clefable|Thunder Wave|p1a: Gholdengo
|-immune|p1a: Gholdengo|[from] ability: Good as Gold
|
|-heal|p2a: Clefable|51/100|[from] item: Leftovers
|upkeep
|turn|17
|
|t:|1776033415
|switch|p2a: Blissey|Blissey, F|100/100
|move|p1a: Gholdengo|Nasty Plot|p1a: Gholdengo
|-boost|p1a: Gholdengo|spa|2
|
|upkeep
|turn|18
|
|t:|1776033424
|move|p1a: Gholdengo|Nasty Plot|p1a: Gholdengo
|-boost|p1a: Gholdengo|spa|2
|move|p2a: Blissey|Calm Mind|p2a: Blissey
|-boost|p2a: Blissey|spa|1
|-boost|p2a: Blissey|spd|1
|
|upkeep
|turn|19
|
|t:|1776033429
|switch|p1a: Lokix|Lokix, F|88/100
|-damage|p1a: Lokix|76/100|[from] Spikes
|move|p2a: Blissey|Calm Mind|p2a: Blissey
|-boost|p2a: Blissey|spa|1
|-boost|p2a: Blissey|spd|1
|
|upkeep
|turn|20
|
|t:|1776033435
|switch|p2a: Clefable|Clefable, M|51/100
|move|p1a: Lokix|Knock Off|p2a: Clefable
|-resisted|p2a: Clefable
|-damage|p2a: Clefable|12/100
|-enditem|p2a: Clefable|Leftovers|[from] move: Knock Off|[of] p1a: Lokix
|
|upkeep
|turn|21
|
|t:|1776033439
|move|p1a: Lokix|Knock Off|p2a: Clefable
|-resisted|p2a: Clefable
|-damage|p2a: Clefable|0 fnt
|faint|p2a: Clefable
|
|upkeep
|
|t:|1776033448
|switch|p2a: Skeledirge|Skeledirge, M, shiny|100/100
|turn|22
|
|t:|1776033456
|move|p1a: Lokix|U-turn|p2a: Skeledirge
|-resisted|p2a: Skeledirge
|-damage|p2a: Skeledirge|83/100
|
|t:|1776033459
|switch|p1a: Heatran|Heatran, M|100/100|[from] U-turn
|-damage|p1a: Heatran|88/100|[from] Spikes
|move|p2a: Skeledirge|Torch Song|p1a: Heatran
|-start|p1a: Heatran|ability: Flash Fire
|
|-heal|p1a: Heatran|94/100|[from] item: Leftovers
|upkeep
|turn|23
|
|t:|1776033467
|move|p1a: Heatran|Magma Storm|p2a: Skeledirge|[miss]
|-miss|p1a: Heatran|p2a: Skeledirge
|move|p2a: Skeledirge|Scorching Sands|p1a: Heatran
|-supereffective|p1a: Heatran
|-damage|p1a: Heatran|30/100
|
|-heal|p1a: Heatran|36/100|[from] item: Leftovers
|upkeep
|turn|24
|
|t:|1776033473
|move|p1a: Heatran|Earth Power|p2a: Skeledirge
|-supereffective|p2a: Skeledirge
|-damage|p2a: Skeledirge|40/100
|move|p2a: Skeledirge|Slack Off|p2a: Skeledirge
|-heal|p2a: Skeledirge|90/100
|
|-heal|p1a: Heatran|42/100|[from] item: Leftovers
|upkeep
|turn|25
|
|t:|1776033483
|-end|p1a: Heatran|ability: Flash Fire|[silent]
|switch|p1a: Lokix|Lokix, F|76/100
|-damage|p1a: Lokix|63/100|[from] Spikes
|move|p2a: Skeledirge|Scorching Sands|p1a: Lokix
|-resisted|p1a: Lokix
|-damage|p1a: Lokix|46/100
|
|upkeep
|turn|26
|
|t:|1776033493
|move|p1a: Lokix|Knock Off|p2a: Skeledirge
|-supereffective|p2a: Skeledirge
|-damage|p2a: Skeledirge|13/100
|-enditem|p2a: Skeledirge|Heavy-Duty Boots|[from] move: Knock Off|[of] p1a: Lokix
|move|p2a: Skeledirge|Torch Song|p1a: Lokix
|-supereffective|p1a: Lokix
|-damage|p1a: Lokix|0 fnt
|-boost|p2a: Skeledirge|spa|1
|faint|p1a: Lokix
|
|upkeep
|
|t:|1776033501
|switch|p1a: Gholdengo|Gholdengo|100/100
|-item|p1a: Gholdengo|Air Balloon
|turn|27
|
|t:|1776033505
|move|p1a: Gholdengo|Shadow Ball|p2a: Skeledirge
|-supereffective|p2a: Skeledirge
|-damage|p2a: Skeledirge|0 fnt
|faint|p2a: Skeledirge
|
|upkeep
|
|t:|1776033507
|switch|p2a: Blissey|Blissey, F|100/100
|turn|28
|
|t:|1776033514
|move|p1a: Gholdengo|Nasty Plot|p1a: Gholdengo
|-boost|p1a: Gholdengo|spa|2
|move|p2a: Blissey|Calm Mind|p2a: Blissey
|-boost|p2a: Blissey|spa|1
|-boost|p2a: Blissey|spd|1
|
|upkeep
|turn|29
|
|t:|1776033516
|switch|p1a: Heatran|Heatran, M|42/100
|-damage|p1a: Heatran|30/100|[from] Spikes
|move|p2a: Blissey|Calm Mind|p2a: Blissey
|-boost|p2a: Blissey|spa|1
|-boost|p2a: Blissey|spd|1
|
|-heal|p1a: Heatran|36/100|[from] item: Leftovers
|upkeep
|turn|30
|
|t:|1776033524
|move|p1a: Heatran|Magma Storm|p2a: Blissey
|-damage|p2a: Blissey|92/100
|-activate|p2a: Blissey|move: Magma Storm|[of] p1a: Heatran
|move|p2a: Blissey|Calm Mind|p2a: Blissey
|-boost|p2a: Blissey|spa|1
|-boost|p2a: Blissey|spd|1
|
|-heal|p1a: Heatran|42/100|[from] item: Leftovers
|-damage|p2a: Blissey|80/100|[from] move: Magma Storm|[partiallytrapped]
|upkeep
|turn|31
|
|t:|1776033527
|move|p1a: Heatran|Taunt|p2a: Blissey
|-start|p2a: Blissey|move: Taunt
|move|p2a: Blissey|Ice Beam|p1a: Heatran
|-resisted|p1a: Heatran
|-damage|p1a: Heatran|32/100
|
|-heal|p1a: Heatran|39/100|[from] item: Leftovers
|-damage|p2a: Blissey|67/100|[from] move: Magma Storm|[partiallytrapped]
|upkeep
|turn|32
|
|t:|1776033541
|move|p1a: Heatran|Earth Power|p2a: Blissey
|-damage|p2a: Blissey|64/100
|move|p2a: Blissey|Ice Beam|p1a: Heatran
|-resisted|p1a: Heatran
|-damage|p1a: Heatran|29/100
|
|-heal|p1a: Heatran|35/100|[from] item: Leftovers
|-damage|p2a: Blissey|51/100|[from] move: Magma Storm|[partiallytrapped]
|upkeep
|turn|33
|
|t:|1776033543
|move|p1a: Heatran|Earth Power|p2a: Blissey
|-damage|p2a: Blissey|48/100
|move|p2a: Blissey|Ice Beam|p1a: Heatran
|-resisted|p1a: Heatran
|-damage|p1a: Heatran|24/100
|
|-heal|p1a: Heatran|31/100|[from] item: Leftovers
|-damage|p2a: Blissey|35/100|[from] move: Magma Storm|[partiallytrapped]
|-end|p2a: Blissey|move: Taunt
|upkeep
|turn|34
|
|t:|1776033547
|move|p1a: Heatran|Taunt|p2a: Blissey
|-start|p2a: Blissey|move: Taunt
|cant|p2a: Blissey|move: Taunt|Soft-Boiled
|
|-heal|p1a: Heatran|37/100|[from] item: Leftovers
|-damage|p2a: Blissey|23/100|[from] move: Magma Storm|[partiallytrapped]
|upkeep
|turn|35
|
|t:|1776033550
|move|p1a: Heatran|Earth Power|p2a: Blissey
|-damage|p2a: Blissey|19/100
|move|p2a: Blissey|Ice Beam|p1a: Heatran
|-resisted|p1a: Heatran
|-damage|p1a: Heatran|27/100
|
|-heal|p1a: Heatran|33/100|[from] item: Leftovers
|-end|p2a: Blissey|Magma Storm|[partiallytrapped]
|upkeep
|turn|36
|
|t:|1776033554
|move|p1a: Heatran|Earth Power|p2a: Blissey
|-damage|p2a: Blissey|15/100
|move|p2a: Blissey|Ice Beam|p1a: Heatran
|-resisted|p1a: Heatran
|-damage|p1a: Heatran|23/100
|
|-heal|p1a: Heatran|29/100|[from] item: Leftovers
|-end|p2a: Blissey|move: Taunt
|upkeep
|turn|37
|
|t:|1776033561
|switch|p2a: Gliscor|Gliscor, F, tera:Water|32/100 tox
|-damage|p2a: Gliscor|7/100 tox|[from] Spikes
|move|p1a: Heatran|Taunt|p2a: Gliscor
|-start|p2a: Gliscor|move: Taunt
|
|-heal|p1a: Heatran|35/100|[from] item: Leftovers
|-heal|p2a: Gliscor|19/100 tox|[from] ability: Poison Heal
|upkeep
|turn|38
|c|☆Leap Call|lol
|c|☆Leap Call|you deepthroat stalling so hard you have no way to hit gholdi
|inactive|Leap Call has 120 seconds left.
|
|t:|1776033592
|switch|p1a: Ting-Lu|Ting-Lu|38/100
|-damage|p1a: Ting-Lu|26/100|[from] Spikes
|-ability|p1a: Ting-Lu|Vessel of Ruin
|move|p2a: Gliscor|Earthquake|p1a: Ting-Lu
|-damage|p1a: Ting-Lu|9/100
|
|-heal|p2a: Gliscor|32/100 tox|[from] ability: Poison Heal
|-damage|p1a: Ting-Lu|0 fnt|[from] item: Sticky Barb
|faint|p1a: Ting-Lu
|upkeep
|
|t:|1776033596
|switch|p1a: Gholdengo|Gholdengo|100/100
|-item|p1a: Gholdengo|Air Balloon
|turn|39
|-message|pichulasio forfeited.
|
|win|Leap Call
|raw|Leap Call's rating: 1514 &rarr; <strong>1536</strong><br />(+22 for winning)
|raw|pichulasio's rating: 1549 &rarr; <strong>1527</strong><br />(-22 for losing)
|l|☆pichulasio
|player|p2|
|l|☆Leap Call
|player|p1|
