|html|<div class="broadcast-blue"><strong>[Gen 9] OU is currently suspecting Tera Blast! For information on how to participate check out the <a href="https://www.smogon.com/tools/suspects/view/200">suspect thread</a>.</strong></div>
|j|☆GoyEmpereor
|j|☆RBLT sentinel
|t:|1776070123
|gametype|singles
|player|p1|GoyEmpereor|101|1620
|player|p2|RBLT sentinel|steven|1684
|gen|9
|tier|[Gen 9] OU
|rated|
|rule|HP Percentage Mod: HP is shown in percentages
|rule|Endless Battle Clause: Forcing endless battles is banned
|rule|Species Clause: Limit one of each Pokémon
|rule|OHKO Clause: OHKO moves are banned
|rule|Evasion Items Clause: Evasion items are banned
|rule|Evasion Moves Clause: Evasion moves are banned
|rule|Evasion Abilities Clause: Evasion abilities are banned
|rule|Sleep Moves Clause: Sleep-inducing moves are banned
|clearpoke
|poke|p1|Dondozo, M|
|poke|p1|Kyurem|
|poke|p1|Ting-Lu|
|poke|p1|Zamazenta-*|
|poke|p1|Corviknight, M|
|poke|p1|Weezing-Galar, M|
|poke|p2|Corviknight, M|
|poke|p2|Raging Bolt|
|poke|p2|Serperior, F|
|poke|p2|Kingambit, F|
|poke|p2|Glimmora, M|
|poke|p2|Hoopa-Unbound|
|teampreview
|inactive|Battle timer is ON: inactive players will automatically lose when time's up. (requested by GoyEmpereor)
|
|t:|1776070148
|teamsize|p1|6
|teamsize|p2|6
|start
|switch|p1a: Kyurem|Kyurem|100/100
|switch|p2a: Glimmora|Glimmora, M|100/100
|-ability|p1a: Kyurem|Pressure
|turn|1
|
|t:|1776070152
|move|p1a: Kyurem|Earth Power|p2a: Glimmora
|-supereffective|p2a: Glimmora
|-enditem|p2a: Glimmora|Focus Sash
|-damage|p2a: Glimmora|1/100
|move|p2a: Glimmora|Power Gem|p1a: Kyurem
|-supereffective|p1a: Kyurem
|-damage|p1a: Kyurem|19/100
|
|-heal|p1a: Kyurem|25/100|[from] item: Leftovers
|upkeep
|turn|2
|
|t:|1776070160
|switch|p2a: Corviknight|Corviknight, M|100/100
|move|p1a: Kyurem|Freeze-Dry|p2a: Corviknight
|-damage|p2a: Corviknight|69/100
|
|-heal|p1a: Kyurem|31/100|[from] item: Leftovers
|upkeep
|turn|3
|j| vtuber eats
|
|t:|1776070165
|move|p1a: Kyurem|Protect|p1a: Kyurem
|-singleturn|p1a: Kyurem|Protect
|move|p2a: Corviknight|Body Press|p1a: Kyurem
|-activate|p1a: Kyurem|move: Protect
|
|-heal|p1a: Kyurem|38/100|[from] item: Leftovers
|upkeep
|turn|4
|
|t:|1776070171
|switch|p1a: Ting-Lu|Ting-Lu|100/100
|-ability|p1a: Ting-Lu|Vessel of Ruin
|move|p2a: Corviknight|Roost|p2a: Corviknight
|-heal|p2a: Corviknight|100/100
|-singleturn|p2a: Corviknight|move: Roost
|
|upkeep
|turn|5
|
|t:|1776070174
|move|p2a: Corviknight|U-turn|p1a: Ting-Lu
|-supereffective|p1a: Ting-Lu
|-damage|p1a: Ting-Lu|85/100
|
|t:|1776070176
|switch|p2a: Glimmora|Glimmora, M|1/100|[from] U-turn
|move|p1a: Ting-Lu|Stealth Rock|p2a: Glimmora
|-sidestart|p2: RBLT sentinel|move: Stealth Rock
|
|-heal|p1a: Ting-Lu|92/100|[from] item: Leftovers
|upkeep
|turn|6
|
|t:|1776070179
|switch|p1a: Corviknight|Corviknight, M|100/100
|-ability|p1a: Corviknight|Pressure
|move|p2a: Glimmora|Stealth Rock|p1a: Corviknight
|-sidestart|p1: GoyEmpereor|move: Stealth Rock
|
|upkeep
|turn|7
|
|t:|1776070182
|move|p2a: Glimmora|Power Gem|p1a: Corviknight
|-damage|p1a: Corviknight|73/100
|move|p1a: Corviknight|U-turn|p2a: Glimmora
|-resisted|p2a: Glimmora
|-damage|p2a: Glimmora|0 fnt
|-activate|p2a: Glimmora|ability: Toxic Debris
|-sidestart|p1: GoyEmpereor|move: Toxic Spikes
|faint|p2a: Glimmora
|
|t:|1776070184
|switch|p1a: Weezing|Weezing-Galar, M|100/100|[from] U-turn
|-ability|p1a: Weezing|Neutralizing Gas
|-sideend|p1: GoyEmpereor|move: Toxic Spikes|[of] p1a: Weezing
|
|upkeep
|
|t:|1776070191
|switch|p2a: Hoopa|Hoopa-Unbound|100/100
|-damage|p2a: Hoopa|88/100|[from] Stealth Rock
|turn|8
|
|t:|1776070207
|-end|p1a: Weezing|ability: Neutralizing Gas
|switch|p1a: Dondozo|Dondozo, M|100/100
|-damage|p1a: Dondozo|88/100|[from] Stealth Rock
|move|p2a: Hoopa|Zen Headbutt|p1a: Dondozo
|-damage|p1a: Dondozo|40/100
|
|-heal|p1a: Dondozo|46/100|[from] item: Leftovers
|upkeep
|turn|9
|
|t:|1776070214
|switch|p2a: Serperior|Serperior, F|100/100
|-damage|p2a: Serperior|88/100|[from] Stealth Rock
|switch|p1a: Ting-Lu|Ting-Lu|92/100
|-damage|p1a: Ting-Lu|85/100|[from] Stealth Rock
|-ability|p1a: Ting-Lu|Vessel of Ruin
|
|-heal|p2a: Serperior|94/100|[from] item: Leftovers
|-heal|p1a: Ting-Lu|92/100|[from] item: Leftovers
|upkeep
|turn|10
|
|t:|1776070217
|switch|p1a: Corviknight|Corviknight, M|73/100
|-damage|p1a: Corviknight|61/100|[from] Stealth Rock
|-ability|p1a: Corviknight|Pressure
|move|p2a: Serperior|Substitute|p2a: Serperior
|-start|p2a: Serperior|Substitute
|-damage|p2a: Serperior|70/100
|
|-heal|p2a: Serperior|76/100|[from] item: Leftovers
|-heal|p1a: Corviknight|67/100|[from] item: Leftovers
|upkeep
|turn|11
|
|t:|1776070219
|move|p2a: Serperior|Glare|p1a: Corviknight
|-status|p1a: Corviknight|par
|cant|p1a: Corviknight|par
|
|-heal|p2a: Serperior|82/100|[from] item: Leftovers
|-heal|p1a: Corviknight|73/100 par|[from] item: Leftovers
|upkeep
|turn|12
|
|t:|1776070225
|move|p2a: Serperior|Leaf Storm|p1a: Corviknight
|-resisted|p1a: Corviknight
|-damage|p1a: Corviknight|64/100 par
|-boost|p2a: Serperior|spa|2
|move|p1a: Corviknight|Roost|p1a: Corviknight
|-heal|p1a: Corviknight|100/100 par
|-singleturn|p1a: Corviknight|move: Roost
|
|-heal|p2a: Serperior|88/100|[from] item: Leftovers
|upkeep
|turn|13
|
|t:|1776070228
|move|p2a: Serperior|Leaf Storm|p1a: Corviknight
|-resisted|p1a: Corviknight
|-damage|p1a: Corviknight|83/100 par
|-boost|p2a: Serperior|spa|2
|cant|p1a: Corviknight|par
|
|-heal|p2a: Serperior|94/100|[from] item: Leftovers
|-heal|p1a: Corviknight|89/100 par|[from] item: Leftovers
|upkeep
|turn|14
|
|t:|1776070232
|move|p2a: Serperior|Leaf Storm|p1a: Corviknight
|-resisted|p1a: Corviknight
|-damage|p1a: Corviknight|67/100 par
|-boost|p2a: Serperior|spa|2
|cant|p1a: Corviknight|par
|
|-heal|p2a: Serperior|100/100|[from] item: Leftovers
|-heal|p1a: Corviknight|73/100 par|[from] item: Leftovers
|upkeep
|turn|15
|j| trisew
|
|t:|1776070236
|move|p2a: Serperior|Tera Blast|p1a: Corviknight
|-resisted|p1a: Corviknight
|-damage|p1a: Corviknight|49/100 par
|move|p1a: Corviknight|Brave Bird|p2a: Serperior
|-supereffective|p2a: Serperior
|-end|p2a: Serperior|Substitute
|-damage|p1a: Corviknight|43/100 par|[from] Recoil|[of] p2a: Serperior
|
|-heal|p1a: Corviknight|49/100 par|[from] item: Leftovers
|upkeep
|turn|16
|c|☆GoyEmpereor|wow
|
|t:|1776070242
|move|p2a: Serperior|Tera Blast|p1a: Corviknight
|-resisted|p1a: Corviknight
|-damage|p1a: Corviknight|24/100 par
|cant|p1a: Corviknight|par
|
|-heal|p1a: Corviknight|30/100 par|[from] item: Leftovers
|upkeep
|turn|17
|
|t:|1776070247
|move|p2a: Serperior|Leaf Storm|p1a: Corviknight
|-resisted|p1a: Corviknight
|-crit|p1a: Corviknight
|-damage|p1a: Corviknight|0 fnt
|faint|p1a: Corviknight
|
|upkeep
|c|☆GoyEmpereor|._.
|c|☆RBLT sentinel|sorry
|
|t:|1776070256
|switch|p1a: Dondozo|Dondozo, M|46/100
|-damage|p1a: Dondozo|34/100|[from] Stealth Rock
|turn|18
|c| vtuber eats|lol
|
|t:|1776070259
|move|p2a: Serperior|Tera Blast|p1a: Dondozo
|-damage|p1a: Dondozo|22/100
|move|p1a: Dondozo|Rest|p1a: Dondozo
|-status|p1a: Dondozo|slp|[from] move: Rest
|-heal|p1a: Dondozo|100/100 slp|[silent]
|
|upkeep
|turn|19
|
|t:|1776070266
|move|p2a: Serperior|Tera Blast|p1a: Dondozo
|-crit|p1a: Dondozo
|-damage|p1a: Dondozo|83/100 slp
|cant|p1a: Dondozo|slp
|move|p1a: Dondozo|Sleep Talk|p1a: Dondozo
|move|p1a: Dondozo|Wave Crash|p2a: Serperior|[from] move: Sleep Talk
|-resisted|p2a: Serperior
|-damage|p2a: Serperior|77/100
|-damage|p1a: Dondozo|79/100 slp|[from] Recoil
|
|-heal|p2a: Serperior|83/100|[from] item: Leftovers
|-heal|p1a: Dondozo|85/100 slp|[from] item: Leftovers
|upkeep
|turn|20
|
|t:|1776070273
|move|p2a: Serperior|Tera Blast|p1a: Dondozo
|-damage|p1a: Dondozo|73/100 slp
|cant|p1a: Dondozo|slp
|move|p1a: Dondozo|Sleep Talk|p1a: Dondozo
|move|p1a: Dondozo|Curse|p1a: Dondozo|[from] move: Sleep Talk
|-unboost|p1a: Dondozo|spe|1
|-boost|p1a: Dondozo|atk|1
|-boost|p1a: Dondozo|def|1
|
|-heal|p2a: Serperior|89/100|[from] item: Leftovers
|-heal|p1a: Dondozo|79/100 slp|[from] item: Leftovers
|upkeep
|turn|21
|
|t:|1776070278
|switch|p2a: Raging Bolt|Raging Bolt|100/100
|-damage|p2a: Raging Bolt|88/100|[from] Stealth Rock
|-enditem|p2a: Raging Bolt|Booster Energy
|-activate|p2a: Raging Bolt|ability: Protosynthesis|[fromitem]
|-start|p2a: Raging Bolt|protosynthesisspa
|-curestatus|p1a: Dondozo|slp|[msg]
|move|p1a: Dondozo|Wave Crash|p2a: Raging Bolt
|-resisted|p2a: Raging Bolt
|-crit|p2a: Raging Bolt
|-damage|p2a: Raging Bolt|50/100
|-damage|p1a: Dondozo|69/100|[from] Recoil
|
|-heal|p1a: Dondozo|75/100|[from] item: Leftovers
|upkeep
|turn|22
|
|t:|1776070283
|switch|p1a: Ting-Lu|Ting-Lu|92/100
|-damage|p1a: Ting-Lu|85/100|[from] Stealth Rock
|-ability|p1a: Ting-Lu|Vessel of Ruin
|move|p2a: Raging Bolt|Thunderbolt|p1a: Ting-Lu
|-immune|p1a: Ting-Lu
|
|-heal|p1a: Ting-Lu|92/100|[from] item: Leftovers
|upkeep
|turn|23
|
|t:|1776070288
|move|p2a: Raging Bolt|Dragon Pulse|p1a: Ting-Lu
|-damage|p1a: Ting-Lu|59/100
|move|p1a: Ting-Lu|Earthquake|p2a: Raging Bolt
|-supereffective|p2a: Raging Bolt
|-damage|p2a: Raging Bolt|0 fnt
|faint|p2a: Raging Bolt
|-end|p2a: Raging Bolt|Protosynthesis|[silent]
|
|-heal|p1a: Ting-Lu|65/100|[from] item: Leftovers
|upkeep
|
|t:|1776070302
|switch|p2a: Corviknight|Corviknight, M|100/100
|-damage|p2a: Corviknight|88/100|[from] Stealth Rock
|turn|24
|
|t:|1776070306
|move|p2a: Corviknight|Body Press|p1a: Ting-Lu
|-supereffective|p1a: Ting-Lu
|-damage|p1a: Ting-Lu|39/100
|move|p1a: Ting-Lu|Ruination|p2a: Corviknight
|-damage|p2a: Corviknight|44/100
|
|-heal|p1a: Ting-Lu|46/100|[from] item: Leftovers
|upkeep
|turn|25
|
|t:|1776070314
|switch|p1a: Dondozo|Dondozo, M|75/100
|-damage|p1a: Dondozo|63/100|[from] Stealth Rock
|move|p2a: Corviknight|Roost|p2a: Corviknight
|-heal|p2a: Corviknight|94/100
|-singleturn|p2a: Corviknight|move: Roost
|
|-heal|p1a: Dondozo|69/100|[from] item: Leftovers
|upkeep
|turn|26
|
|t:|1776070317
|move|p2a: Corviknight|U-turn|p1a: Dondozo
|-damage|p1a: Dondozo|61/100
|
|t:|1776070321
|switch|p2a: Hoopa|Hoopa-Unbound|88/100|[from] U-turn
|-damage|p2a: Hoopa|76/100|[from] Stealth Rock
|move|p1a: Dondozo|Curse|p1a: Dondozo
|-unboost|p1a: Dondozo|spe|1
|-boost|p1a: Dondozo|atk|1
|-boost|p1a: Dondozo|def|1
|
|-heal|p1a: Dondozo|67/100|[from] item: Leftovers
|upkeep
|turn|27
|
|t:|1776070325
|switch|p1a: Ting-Lu|Ting-Lu|46/100
|-damage|p1a: Ting-Lu|39/100|[from] Stealth Rock
|-ability|p1a: Ting-Lu|Vessel of Ruin
|move|p2a: Hoopa|Hyperspace Fury|p1a: Ting-Lu
|-resisted|p1a: Ting-Lu
|-damage|p1a: Ting-Lu|15/100
|-unboost|p2a: Hoopa|def|1
|
|-heal|p1a: Ting-Lu|21/100|[from] item: Leftovers
|upkeep
|turn|28
|
|t:|1776070330
|move|p2a: Hoopa|Hyperspace Fury|p1a: Ting-Lu
|-resisted|p1a: Ting-Lu
|-damage|p1a: Ting-Lu|0 fnt
|-unboost|p2a: Hoopa|def|1
|faint|p1a: Ting-Lu
|
|upkeep
|
|t:|1776070333
|switch|p1a: Zamazenta|Zamazenta|100/100
|-damage|p1a: Zamazenta|95/100|[from] Stealth Rock
|-ability|p1a: Zamazenta|Dauntless Shield|boost
|-boost|p1a: Zamazenta|def|1
|turn|29
|
|t:|1776070338
|switch|p2a: Serperior|Serperior, F|89/100
|-damage|p2a: Serperior|77/100|[from] Stealth Rock
|move|p1a: Zamazenta|Iron Defense|p1a: Zamazenta
|-boost|p1a: Zamazenta|def|2
|
|-heal|p2a: Serperior|83/100|[from] item: Leftovers
|upkeep
|turn|30
|
|t:|1776070341
|move|p1a: Zamazenta|Body Press|p2a: Serperior
|-damage|p2a: Serperior|0 fnt
|faint|p2a: Serperior
|
|upkeep
|
|t:|1776070353
|switch|p2a: Corviknight|Corviknight, M|94/100
|-damage|p2a: Corviknight|82/100|[from] Stealth Rock
|turn|31
|l| trisew
|
|t:|1776070358
|move|p1a: Zamazenta|Iron Defense|p1a: Zamazenta
|-boost|p1a: Zamazenta|def|2
|move|p2a: Corviknight|Brave Bird|p1a: Zamazenta
|-supereffective|p1a: Zamazenta
|-damage|p1a: Zamazenta|79/100
|-damage|p2a: Corviknight|77/100|[from] Recoil
|
|upkeep
|turn|32
|
|t:|1776070361
|move|p1a: Zamazenta|Body Press|p2a: Corviknight
|-damage|p2a: Corviknight|0 fnt
|-damage|p1a: Zamazenta|63/100|[from] item: Rocky Helmet|[of] p2a: Corviknight
|faint|p2a: Corviknight
|
|upkeep
|c|☆GoyEmpereor|gg
|
|t:|1776070365
|switch|p2a: Kingambit|Kingambit, F|100/100
|-damage|p2a: Kingambit|94/100|[from] Stealth Rock
|-activate|p2a: Kingambit|ability: Supreme Overlord
|-start|p2a: Kingambit|fallen4|[silent]
|turn|33
|
|t:|1776070368
|-terastallize|p2a: Kingambit|Ghost
|move|p1a: Zamazenta|Body Press|p2a: Kingambit
|-immune|p2a: Kingambit
|move|p2a: Kingambit|Swords Dance|p2a: Kingambit
|-boost|p2a: Kingambit|atk|2
|
|upkeep
|turn|34
|
|t:|1776070375
|switch|p1a: Kyurem|Kyurem|38/100
|-damage|p1a: Kyurem|13/100|[from] Stealth Rock
|-ability|p1a: Kyurem|Pressure
|move|p2a: Kingambit|Swords Dance|p2a: Kingambit
|-boost|p2a: Kingambit|atk|2
|
|-heal|p1a: Kyurem|19/100|[from] item: Leftovers
|upkeep
|turn|35
|
|t:|1776070379
|move|p2a: Kingambit|Sucker Punch|p1a: Kyurem
|-damage|p1a: Kyurem|0 fnt
|faint|p1a: Kyurem
|
|upkeep
|
|t:|1776070389
|switch|p1a: Weezing|Weezing-Galar, M|100/100
|-ability|p1a: Weezing|Neutralizing Gas
|turn|36
|
|t:|1776070393
|-terastallize|p1a: Weezing|Grass
|move|p2a: Kingambit|Iron Head|p1a: Weezing
|-damage|p1a: Weezing|17/100
|move|p1a: Weezing|Will-O-Wisp|p2a: Kingambit
|-status|p2a: Kingambit|brn
|
|-damage|p2a: Kingambit|88/100 brn|[from] brn
|upkeep
|turn|37
|
|t:|1776070402
|move|p2a: Kingambit|Kowtow Cleave|p1a: Weezing
|-damage|p1a: Weezing|0 fnt
|faint|p1a: Weezing
|-end|p1a: Weezing|ability: Neutralizing Gas
|-activate|p2a: Kingambit|ability: Supreme Overlord
|-start|p2a: Kingambit|fallen4|[silent]
|
|-damage|p2a: Kingambit|82/100 brn|[from] brn
|upkeep
|
|t:|1776070404
|switch|p1a: Dondozo|Dondozo, M|67/100
|-damage|p1a: Dondozo|55/100|[from] Stealth Rock
|turn|38
|
|t:|1776070407
|move|p2a: Kingambit|Kowtow Cleave|p1a: Dondozo
|-damage|p1a: Dondozo|31/100
|move|p1a: Dondozo|Curse|p1a: Dondozo
|-unboost|p1a: Dondozo|spe|1
|-boost|p1a: Dondozo|atk|1
|-boost|p1a: Dondozo|def|1
|
|-heal|p1a: Dondozo|37/100|[from] item: Leftovers
|-damage|p2a: Kingambit|76/100 brn|[from] brn
|upkeep
|turn|39
|
|t:|1776070417
|-end|p2a: Kingambit|fallen4|[silent]
|switch|p2a: Hoopa|Hoopa-Unbound|76/100
|-damage|p2a: Hoopa|64/100|[from] Stealth Rock
|move|p1a: Dondozo|Rest|p1a: Dondozo
|-status|p1a: Dondozo|slp|[from] move: Rest
|-heal|p1a: Dondozo|100/100 slp|[silent]
|
|upkeep
|turn|40
|
|t:|1776070421
|move|p2a: Hoopa|Hyperspace Fury|p1a: Dondozo
|-damage|p1a: Dondozo|63/100 slp
|-unboost|p2a: Hoopa|def|1
|cant|p1a: Dondozo|slp
|move|p1a: Dondozo|Sleep Talk|p1a: Dondozo
|move|p1a: Dondozo|Curse|p1a: Dondozo|[from] move: Sleep Talk
|-unboost|p1a: Dondozo|spe|1
|-boost|p1a: Dondozo|atk|1
|-boost|p1a: Dondozo|def|1
|
|-heal|p1a: Dondozo|69/100 slp|[from] item: Leftovers
|upkeep
|turn|41
|
|t:|1776070425
|move|p2a: Hoopa|Hyperspace Fury|p1a: Dondozo
|-damage|p1a: Dondozo|41/100 slp
|-unboost|p2a: Hoopa|def|1
|cant|p1a: Dondozo|slp
|move|p1a: Dondozo|Sleep Talk|p1a: Dondozo
|move|p1a: Dondozo|Wave Crash|p2a: Hoopa|[from] move: Sleep Talk
|-damage|p2a: Hoopa|0 fnt
|faint|p2a: Hoopa
|-damage|p1a: Dondozo|29/100 slp|[from] Recoil
|
|-heal|p1a: Dondozo|35/100 slp|[from] item: Leftovers
|upkeep
|
|t:|1776070428
|switch|p2a: Kingambit|Kingambit, F, tera:Ghost|76/100 brn
|-damage|p2a: Kingambit|64/100 brn|[from] Stealth Rock
|-activate|p2a: Kingambit|ability: Supreme Overlord
|-start|p2a: Kingambit|fallen5|[silent]
|turn|42
|
|t:|1776070435
|move|p2a: Kingambit|Kowtow Cleave|p1a: Dondozo
|-damage|p1a: Dondozo|21/100 slp
|-curestatus|p1a: Dondozo|slp|[msg]
|move|p1a: Dondozo|Wave Crash|p2a: Kingambit
|-damage|p2a: Kingambit|0 fnt
|faint|p2a: Kingambit
|-end|p2a: Kingambit|fallen5|[silent]
|-damage|p1a: Dondozo|5/100|[from] Recoil
|
|win|GoyEmpereor
|raw|GoyEmpereor's rating: 1620 &rarr; <strong>1644</strong><br />(+24 for winning)
|raw|RBLT sentinel's rating: 1684 &rarr; <strong>1660</strong><br />(-24 for losing)
|l|☆GoyEmpereor
|player|p1|
|l|☆RBLT sentinel
|player|p2|
