|html|<div class="broadcast-blue"><strong>[Gen 9] OU is currently suspecting Tera Blast! For information on how to participate check out the <a href="https://www.smogon.com/tools/suspects/view/200">suspect thread</a>.</strong></div>
|j|☆gunaitebr
|j|☆qwmere
|t:|1776081670
|gametype|singles
|player|p1|gunaitebr|266|1113
|player|p2|qwmere|2|1162
|gen|9
|tier|[Gen 9] OU
|rated|
|rule|HP Percentage Mod: HP is shown in percentages
|rule|Endless Battle Clause: Forcing endless battles is banned
|rule|Species Clause: Limit one of each Pokémon
|rule|OHKO Clause: OHKO moves are banned
|rule|Evasion Items Clause: Evasion items are banned
|rule|Evasion Moves Clause: Evasion moves are banned
|rule|Evasion Abilities Clause: Evasion abilities are banned
|rule|Sleep Moves Clause: Sleep-inducing moves are banned
|clearpoke
|poke|p1|Iron Jugulis|
|poke|p1|Zapdos-Galar|
|poke|p1|Gastrodon, F|
|poke|p1|Honchkrow, F|
|poke|p1|Rotom-Wash|
|poke|p1|Porygon-Z|
|poke|p2|Torterra, F|
|poke|p2|Grimmsnarl, M|
|poke|p2|Ambipom, F|
|poke|p2|Flygon, M|
|poke|p2|Blaziken, M|
|poke|p2|Hitmonchan, M|
|teampreview
|inactive|Battle timer is ON: inactive players will automatically lose when time's up. (requested by gunaitebr)
|
|t:|1776081679
|teamsize|p1|6
|teamsize|p2|6
|start
|switch|p1a: Porygon-Z|Porygon-Z|100/100
|switch|p2a: Hitmonchan|Hitmonchan, M|100/100
|-ability|p1a: Porygon-Z|Download|boost
|-boost|p1a: Porygon-Z|atk|1
|turn|1
|
|t:|1776081689
|move|p1a: Porygon-Z|Protect|p1a: Porygon-Z
|-singleturn|p1a: Porygon-Z|Protect
|move|p2a: Hitmonchan|Knock Off|p1a: Porygon-Z
|-activate|p1a: Porygon-Z|move: Protect
|
|upkeep
|turn|2
|
|t:|1776081699
|switch|p1a: Gastrodon|Gastrodon, F, shiny|100/100
|move|p2a: Hitmonchan|Knock Off|p1a: Gastrodon
|-damage|p1a: Gastrodon|70/100
|-activate|p1a: Gastrodon|ability: Sticky Hold
|
|-heal|p1a: Gastrodon|76/100|[from] item: Leftovers
|upkeep
|turn|3
|
|t:|1776081710
|move|p2a: Hitmonchan|Drain Punch|p1a: Gastrodon
|-damage|p1a: Gastrodon|37/100
|move|p1a: Gastrodon|Ancient Power|p2a: Hitmonchan
|-resisted|p2a: Hitmonchan
|-damage|p2a: Hitmonchan|95/100
|
|-heal|p1a: Gastrodon|43/100|[from] item: Leftovers
|upkeep
|turn|4
|
|t:|1776081720
|move|p2a: Hitmonchan|Drain Punch|p1a: Gastrodon
|-damage|p1a: Gastrodon|3/100
|-heal|p2a: Hitmonchan|100/100|[from] drain|[of] p1a: Gastrodon
|move|p1a: Gastrodon|Pain Split|p2a: Hitmonchan
|-sethp|p2a: Hitmonchan|52/100|[from] move: Pain Split|[silent]
|-sethp|p1a: Gastrodon|37/100|[from] move: Pain Split
|
|-heal|p1a: Gastrodon|43/100|[from] item: Leftovers
|upkeep
|turn|5
|
|t:|1776081737
|switch|p2a: Torterra|Torterra, F|100/100
|move|p1a: Gastrodon|Pain Split|p2a: Torterra
|-sethp|p2a: Torterra|78/100|[from] move: Pain Split|[silent]
|-sethp|p1a: Gastrodon|61/100|[from] move: Pain Split
|
|-heal|p1a: Gastrodon|67/100|[from] item: Leftovers
|upkeep
|turn|6
|
|t:|1776081753
|switch|p1a: Porygon-Z|Porygon-Z|100/100
|-ability|p1a: Porygon-Z|Download|boost
|-boost|p1a: Porygon-Z|spa|1
|move|p2a: Torterra|Shell Smash|p2a: Torterra
|-unboost|p2a: Torterra|def|1
|-unboost|p2a: Torterra|spd|1
|-boost|p2a: Torterra|atk|2
|-boost|p2a: Torterra|spa|2
|-boost|p2a: Torterra|spe|2
|
|upkeep
|turn|7
|
|t:|1776081766
|move|p2a: Torterra|Bullet Seed|p1a: Porygon-Z
|-damage|p1a: Porygon-Z|67/100
|-damage|p1a: Porygon-Z|35/100
|-damage|p1a: Porygon-Z|0 fnt
|faint|p1a: Porygon-Z
|-hitcount|p1: Porygon-Z|3
|
|upkeep
|
|t:|1776081777
|switch|p1a: Iron Jugulis|Iron Jugulis|100/100
|-enditem|p1a: Iron Jugulis|Booster Energy
|-activate|p1a: Iron Jugulis|ability: Quark Drive|[fromitem]
|-start|p1a: Iron Jugulis|quarkdrivespe
|turn|8
|
|t:|1776081790
|switch|p2a: Grimmsnarl|Grimmsnarl, M|100/100
|move|p1a: Iron Jugulis|Air Slash|p2a: Grimmsnarl
|-damage|p2a: Grimmsnarl|74/100
|
|upkeep
|turn|9
|
|t:|1776081803
|-terastallize|p1a: Iron Jugulis|Fairy
|move|p2a: Grimmsnarl|Light Screen|p2a: Grimmsnarl
|-sidestart|p2: qwmere|move: Light Screen
|move|p1a: Iron Jugulis|Earth Power|p2a: Grimmsnarl
|-damage|p2a: Grimmsnarl|64/100
|
|upkeep
|turn|10
|
|t:|1776081812
|move|p2a: Grimmsnarl|Parting Shot|p1a: Iron Jugulis
|-unboost|p1a: Iron Jugulis|atk|1
|-unboost|p1a: Iron Jugulis|spa|1
|
|t:|1776081834
|switch|p2a: Ambipom|Ambipom, F|100/100|[from] Parting Shot
|move|p1a: Iron Jugulis|Air Slash|p2a: Ambipom
|-damage|p2a: Ambipom|86/100
|
|upkeep
|turn|11
|
|t:|1776081847
|-end|p1a: Iron Jugulis|Quark Drive|[silent]
|switch|p1a: Gastrodon|Gastrodon, F, shiny|67/100
|move|p2a: Ambipom|Fake Out|p1a: Gastrodon
|-damage|p1a: Gastrodon|37/100
|
|-heal|p1a: Gastrodon|43/100|[from] item: Leftovers
|upkeep
|turn|12
|
|t:|1776081856
|move|p2a: Ambipom|Low Kick|p1a: Gastrodon
|-damage|p1a: Gastrodon|14/100
|move|p1a: Gastrodon|Ancient Power|p2a: Ambipom
|-damage|p2a: Ambipom|79/100
|
|-heal|p1a: Gastrodon|20/100|[from] item: Leftovers
|upkeep
|turn|13
|
|t:|1776081864
|move|p2a: Ambipom|Low Kick|p1a: Gastrodon
|-damage|p1a: Gastrodon|0 fnt
|faint|p1a: Gastrodon
|
|upkeep
|
|t:|1776081871
|switch|p1a: Zapdos|Zapdos-Galar, shiny|100/100
|turn|14
|
|t:|1776081876
|move|p2a: Ambipom|Triple Axel|p1a: Zapdos
|-supereffective|p1a: Zapdos
|-damage|p1a: Zapdos|79/100
|-supereffective|p1a: Zapdos
|-damage|p1a: Zapdos|41/100
|-supereffective|p1a: Zapdos
|-damage|p1a: Zapdos|0 fnt
|faint|p1a: Zapdos
|-hitcount|p1: Zapdos|3
|
|upkeep
|
|t:|1776081900
|switch|p1a: Rotom|Rotom-Wash, shiny|100/100
|turn|15
|
|t:|1776081911
|move|p2a: Ambipom|U-turn|p1a: Rotom
|-damage|p1a: Rotom|72/100
|
|t:|1776081915
|switch|p2a: Hitmonchan|Hitmonchan, M|52/100|[from] U-turn
|move|p1a: Rotom|Thunderbolt|p2a: Hitmonchan
|-damage|p2a: Hitmonchan|36/100
|
|upkeep
|turn|16
|
|t:|1776081923
|move|p1a: Rotom|Hydro Pump|p2a: Hitmonchan
|-damage|p2a: Hitmonchan|14/100
|move|p2a: Hitmonchan|Knock Off|p1a: Rotom
|-damage|p1a: Rotom|40/100
|-enditem|p1a: Rotom|Assault Vest|[from] move: Knock Off|[of] p2a: Hitmonchan
|
|-sideend|p2: qwmere|move: Light Screen
|upkeep
|turn|17
|
|t:|1776081932
|move|p1a: Rotom|Thunderbolt|p2a: Hitmonchan
|-damage|p2a: Hitmonchan|0 fnt
|faint|p2a: Hitmonchan
|
|upkeep
|
|t:|1776081941
|switch|p2a: Grimmsnarl|Grimmsnarl, M|64/100
|turn|18
|
|t:|1776081952
|move|p2a: Grimmsnarl|Light Screen|p2a: Grimmsnarl
|-sidestart|p2: qwmere|move: Light Screen
|move|p1a: Rotom|Thunderbolt|p2a: Grimmsnarl
|-damage|p2a: Grimmsnarl|48/100
|
|upkeep
|turn|19
|
|t:|1776081958
|move|p2a: Grimmsnarl|Parting Shot|p1a: Rotom
|-unboost|p1a: Rotom|atk|1
|-unboost|p1a: Rotom|spa|1
|
|t:|1776081962
|switch|p2a: Blaziken|Blaziken, M|100/100|[from] Parting Shot
|move|p1a: Rotom|Thunderbolt|p2a: Blaziken
|-damage|p2a: Blaziken|80/100
|
|upkeep
|turn|20
|
|t:|1776081974
|move|p1a: Rotom|Hydro Pump|p2a: Blaziken
|-supereffective|p2a: Blaziken
|-crit|p2a: Blaziken
|-damage|p2a: Blaziken|0 fnt
|faint|p2a: Blaziken
|
|upkeep
|
|t:|1776081978
|switch|p2a: Torterra|Torterra, F|78/100
|turn|21
|
|t:|1776081986
|move|p1a: Rotom|Hydro Pump|p2a: Torterra
|-damage|p2a: Torterra|59/100
|move|p2a: Torterra|Shell Smash|p2a: Torterra
|-unboost|p2a: Torterra|def|1
|-unboost|p2a: Torterra|spd|1
|-boost|p2a: Torterra|atk|2
|-boost|p2a: Torterra|spa|2
|-boost|p2a: Torterra|spe|2
|
|upkeep
|turn|22
|
|t:|1776081995
|move|p2a: Torterra|Bullet Seed|p1a: Rotom
|-supereffective|p1a: Rotom
|-damage|p1a: Rotom|0 fnt
|faint|p1a: Rotom
|-hitcount|p1: Rotom|1
|
|upkeep
|
|t:|1776082006
|switch|p1a: Honchkrow|Honchkrow, F|100/100
|turn|23
|
|t:|1776082020
|move|p2a: Torterra|Rock Blast|p1a: Honchkrow
|-supereffective|p1a: Honchkrow
|-damage|p1a: Honchkrow|44/100
|-supereffective|p1a: Honchkrow
|-damage|p1a: Honchkrow|0 fnt
|faint|p1a: Honchkrow
|-hitcount|p1: Honchkrow|2
|
|upkeep
|
|t:|1776082027
|switch|p1a: Iron Jugulis|Iron Jugulis, tera:Fairy|100/100
|turn|24
|c|☆qwmere|Gg
|
|t:|1776082032
|move|p2a: Torterra|Bullet Seed|p1a: Iron Jugulis
|-damage|p1a: Iron Jugulis|73/100
|-damage|p1a: Iron Jugulis|48/100
|-damage|p1a: Iron Jugulis|20/100
|-damage|p1a: Iron Jugulis|0 fnt
|faint|p1a: Iron Jugulis
|-end|p1a: Iron Jugulis|Quark Drive|[silent]
|-hitcount|p1: Iron Jugulis|4
|
|win|qwmere
|raw|gunaitebr's rating: 1113 &rarr; <strong>1092</strong><br />(-21 for losing)
|raw|qwmere's rating: 1162 &rarr; <strong>1183</strong><br />(+21 for winning)
|l|☆gunaitebr
|player|p1|
|l|☆qwmere
|player|p2|
