|html|<div class="broadcast-blue"><strong>[Gen 9] OU is currently suspecting Tera Blast! For information on how to participate check out the <a href="https://www.smogon.com/tools/suspects/view/200">suspect thread</a>.</strong></div>
|j|‽Jonthan Ringo
|j|☆Tsaun
|t:|1776101775
|gametype|singles
|player|p1|Jonthan Ringo|lucas|1317
|player|p2|Tsaun|169|1345
|gen|9
|tier|[Gen 9] OU
|rated|
|rule|HP Percentage Mod: HP is shown in percentages
|rule|Endless Battle Clause: Forcing endless battles is banned
|rule|Species Clause: Limit one of each Pokémon
|rule|OHKO Clause: OHKO moves are banned
|rule|Evasion Items Clause: Evasion items are banned
|rule|Evasion Moves Clause: Evasion moves are banned
|rule|Evasion Abilities Clause: Evasion abilities are banned
|rule|Sleep Moves Clause: Sleep-inducing moves are banned
|clearpoke
|poke|p1|Garchomp, F|
|poke|p1|Gholdengo|
|poke|p1|Greninja-*, M|
|poke|p1|Infernape, M|
|poke|p1|Great Tusk|
|poke|p1|Ambipom, F|
|poke|p2|Alomomola, M|
|poke|p2|Dragapult, M|
|poke|p2|Samurott-Hisui, M|
|poke|p2|Iron Valiant|
|poke|p2|Iron Treads|
|poke|p2|Thundurus-Therian, M|
|teampreview
|inactive|Battle timer is ON: inactive players will automatically lose when time's up. (requested by Jonthan Ringo)
|l|☆Tsaun
|inactive|Tsaun disconnected and has a minute to reconnect!
|player|p2|
|j|☆Tsaun
|inactive|Tsaun reconnected.
|player|p2|Tsaun|169|
|
|t:|1776101798
|teamsize|p1|6
|teamsize|p2|6
|start
|switch|p1a: Garchomp|Garchomp, F|100/100
|switch|p2a: Samurott|Samurott-Hisui, M|100/100
|turn|1
|
|t:|1776101809
|move|p2a: Samurott|Ceaseless Edge|p1a: Garchomp
|-damage|p1a: Garchomp|63/100
|-damage|p2a: Samurott|88/100|[from] ability: Rough Skin|[of] p1a: Garchomp
|-damage|p2a: Samurott|72/100|[from] item: Rocky Helmet|[of] p1a: Garchomp
|-sidestart|p1: Jonthan Ringo|Spikes
|move|p1a: Garchomp|Stealth Rock|p2a: Samurott
|-sidestart|p2: Tsaun|move: Stealth Rock
|
|upkeep
|turn|2
|
|t:|1776101813
|move|p2a: Samurott|Ceaseless Edge|p1a: Garchomp
|-damage|p1a: Garchomp|25/100
|-damage|p2a: Samurott|59/100|[from] ability: Rough Skin|[of] p1a: Garchomp
|-damage|p2a: Samurott|43/100|[from] item: Rocky Helmet|[of] p1a: Garchomp
|-sidestart|p1: Jonthan Ringo|Spikes
|move|p1a: Garchomp|Spikes|p2a: Samurott
|-sidestart|p2: Tsaun|Spikes
|
|upkeep
|turn|3
|
|t:|1776101820
|move|p2a: Samurott|Ceaseless Edge|p1a: Garchomp
|-damage|p1a: Garchomp|0 fnt
|-damage|p2a: Samurott|30/100|[from] ability: Rough Skin|[of] p1a: Garchomp
|-damage|p2a: Samurott|14/100|[from] item: Rocky Helmet|[of] p1a: Garchomp
|-sidestart|p1: Jonthan Ringo|Spikes
|faint|p1a: Garchomp
|
|upkeep
|
|t:|1776101822
|switch|p1a: Great Tusk|Great Tusk|100/100
|-damage|p1a: Great Tusk|76/100|[from] Spikes
|-enditem|p1a: Great Tusk|Booster Energy
|-activate|p1a: Great Tusk|ability: Protosynthesis|[fromitem]
|-start|p1a: Great Tusk|protosynthesisspe
|turn|4
|
|t:|1776101833
|-terastallize|p2a: Samurott|Ghost
|move|p1a: Great Tusk|Knock Off|p2a: Samurott
|-supereffective|p2a: Samurott
|-damage|p2a: Samurott|0 fnt
|-enditem|p2a: Samurott|Focus Sash|[from] move: Knock Off|[of] p1a: Great Tusk
|faint|p2a: Samurott
|
|upkeep
|
|t:|1776101838
|switch|p2a: Dragapult|Dragapult, M|100/100
|-damage|p2a: Dragapult|88/100|[from] Stealth Rock
|-damage|p2a: Dragapult|76/100|[from] Spikes
|turn|5
|
|t:|1776101842
|-terastallize|p1a: Great Tusk|Dark
|move|p1a: Great Tusk|Knock Off|p2a: Dragapult
|-supereffective|p2a: Dragapult
|-damage|p2a: Dragapult|0 fnt
|-enditem|p2a: Dragapult|Choice Band|[from] move: Knock Off|[of] p1a: Great Tusk
|faint|p2a: Dragapult
|
|upkeep
|
|t:|1776101846
|switch|p2a: Iron Valiant|Iron Valiant|100/100
|-damage|p2a: Iron Valiant|94/100|[from] Stealth Rock
|-damage|p2a: Iron Valiant|82/100|[from] Spikes
|-enditem|p2a: Iron Valiant|Booster Energy
|-activate|p2a: Iron Valiant|ability: Quark Drive|[fromitem]
|-start|p2a: Iron Valiant|quarkdrivespe
|turn|6
|
|t:|1776101856
|-end|p1a: Great Tusk|Protosynthesis|[silent]
|switch|p1a: Gholdengo|Gholdengo|100/100
|-item|p1a: Gholdengo|Air Balloon
|move|p2a: Iron Valiant|Moonblast|p1a: Gholdengo
|-resisted|p1a: Gholdengo
|-damage|p1a: Gholdengo|73/100
|-enditem|p1a: Gholdengo|Air Balloon
|
|upkeep
|turn|7
|
|t:|1776101862
|-end|p2a: Iron Valiant|Quark Drive|[silent]
|switch|p2a: Iron Treads|Iron Treads|100/100
|move|p1a: Gholdengo|Make It Rain|p2a: Iron Treads
|-resisted|p2a: Iron Treads
|-damage|p2a: Iron Treads|57/100
|-unboost|p1a: Gholdengo|spa|1
|
|upkeep
|turn|8
|
|t:|1776101869
|move|p2a: Iron Treads|Rapid Spin|p1a: Gholdengo
|-immune|p1a: Gholdengo
|move|p1a: Gholdengo|Thunder Wave|p2a: Iron Treads
|-immune|p2a: Iron Treads
|
|upkeep
|turn|9
|
|t:|1776101878
|move|p2a: Iron Treads|Earthquake|p1a: Gholdengo
|-supereffective|p1a: Gholdengo
|-damage|p1a: Gholdengo|0 fnt
|faint|p1a: Gholdengo
|
|upkeep
|
|t:|1776101883
|switch|p1a: Ambipom|Ambipom, F|100/100
|-damage|p1a: Ambipom|75/100|[from] Spikes
|turn|10
|
|t:|1776101889
|move|p1a: Ambipom|Fake Out|p2a: Iron Treads
|-resisted|p2a: Iron Treads
|-damage|p2a: Iron Treads|46/100
|cant|p2a: Iron Treads|flinch
|
|upkeep
|turn|11
|
|t:|1776101892
|move|p1a: Ambipom|Trailblaze|p2a: Iron Treads
|-damage|p2a: Iron Treads|30/100
|-boost|p1a: Ambipom|spe|1
|move|p2a: Iron Treads|Rapid Spin|p1a: Ambipom
|-damage|p1a: Ambipom|55/100
|-boost|p2a: Iron Treads|spe|1
|-sideend|p2: Tsaun|Spikes|[from] move: Rapid Spin|[of] p2a: Iron Treads
|-sideend|p2: Tsaun|Stealth Rock|[from] move: Rapid Spin|[of] p2a: Iron Treads
|
|upkeep
|turn|12
|
|t:|1776101899
|move|p1a: Ambipom|Knock Off|p2a: Iron Treads
|-damage|p2a: Iron Treads|7/100
|-enditem|p2a: Iron Treads|Heavy-Duty Boots|[from] move: Knock Off|[of] p1a: Ambipom
|move|p2a: Iron Treads|Earthquake|p1a: Ambipom
|-damage|p1a: Ambipom|0 fnt
|faint|p1a: Ambipom
|
|upkeep
|
|t:|1776101902
|switch|p1a: Greninja|Greninja, M|100/100
|-damage|p1a: Greninja|76/100|[from] Spikes
|turn|13
|
|t:|1776101906
|-end|p2a: Iron Treads|Quark Drive|[silent]
|switch|p2a: Alomomola|Alomomola, M|100/100
|move|p1a: Greninja|Grass Knot|p2a: Alomomola
|-supereffective|p2a: Alomomola
|-crit|p2a: Alomomola
|-damage|p2a: Alomomola|54/100
|
|upkeep
|turn|14
|
|t:|1776101912
|move|p1a: Greninja|Dark Pulse|p2a: Alomomola
|-damage|p2a: Alomomola|24/100
|move|p2a: Alomomola|Wish|p2a: Alomomola
|
|upkeep
|turn|15
|
|t:|1776101918
|switch|p2a: Iron Valiant|Iron Valiant|82/100
|move|p1a: Greninja|Dark Pulse|p2a: Iron Valiant
|-resisted|p2a: Iron Valiant
|-damage|p2a: Iron Valiant|66/100
|
|-heal|p2a: Iron Valiant|100/100|[from] move: Wish|[wisher] Alomomola
|upkeep
|turn|16
|
|t:|1776101936
|move|p1a: Greninja|Water Shuriken|p2a: Iron Valiant
|-damage|p2a: Iron Valiant|89/100
|-damage|p2a: Iron Valiant|77/100
|-damage|p2a: Iron Valiant|66/100
|-damage|p2a: Iron Valiant|53/100
|-hitcount|p2a: Iron Valiant|4
|move|p2a: Iron Valiant|Vacuum Wave|p1a: Greninja
|-supereffective|p1a: Greninja
|-damage|p1a: Greninja|10/100
|
|upkeep
|turn|17
|
|t:|1776101943
|move|p1a: Greninja|Water Shuriken|p2a: Iron Valiant
|-damage|p2a: Iron Valiant|40/100
|-damage|p2a: Iron Valiant|29/100
|-damage|p2a: Iron Valiant|17/100
|-damage|p2a: Iron Valiant|6/100
|-hitcount|p2a: Iron Valiant|4
|move|p2a: Iron Valiant|Vacuum Wave|p1a: Greninja
|-supereffective|p1a: Greninja
|-damage|p1a: Greninja|0 fnt
|faint|p1a: Greninja
|
|upkeep
|
|t:|1776101950
|switch|p1a: Infernape|Infernape, M|100/100
|-damage|p1a: Infernape|76/100|[from] Spikes
|turn|18
|
|t:|1776101953
|move|p1a: Infernape|Vacuum Wave|p2a: Iron Valiant
|-resisted|p2a: Iron Valiant
|-damage|p2a: Iron Valiant|0 fnt
|faint|p2a: Iron Valiant
|-end|p2a: Iron Valiant|Quark Drive|[silent]
|
|upkeep
|
|t:|1776101959
|switch|p2a: Alomomola|Alomomola, M|57/100
|turn|19
|
|t:|1776101962
|move|p1a: Infernape|U-turn|p2a: Alomomola
|-damage|p2a: Alomomola|48/100
|
|t:|1776101964
|switch|p1a: Great Tusk|Great Tusk, tera:Dark|76/100|[from] U-turn
|-damage|p1a: Great Tusk|51/100|[from] Spikes
|move|p2a: Alomomola|Flip Turn|p1a: Great Tusk
|-damage|p1a: Great Tusk|42/100
|
|t:|1776101970
|switch|p2a: Thundurus|Thundurus-Therian, M|100/100|[from] Flip Turn
|
|upkeep
|turn|20
|
|t:|1776101972
|move|p2a: Thundurus|Volt Switch|p1a: Great Tusk
|-damage|p1a: Great Tusk|0 fnt
|faint|p1a: Great Tusk
|-end|p1a: Great Tusk|Protosynthesis|[silent]
|
|t:|1776101978
|switch|p2a: Alomomola|Alomomola, M|81/100|[from] Volt Switch
|
|upkeep
|-message|Jonthan Ringo forfeited.
|
|win|Tsaun
|raw|Jonthan Ringo's rating: 1317 &rarr; <strong>1299</strong><br />(-18 for losing)
|raw|Tsaun's rating: 1345 &rarr; <strong>1363</strong><br />(+18 for winning)
|l|‽Jonthan Ringo
|player|p1|
|l|☆Tsaun
|player|p2|
