|html|<div class="broadcast-blue"><strong>[Gen 9] OU is currently suspecting Tera Blast! For information on how to participate check out the <a href="https://www.smogon.com/tools/suspects/view/200">suspect thread</a>.</strong></div>
|j|☆gulp1
|j|☆PSREDPROTECTION
|t:|1776073430
|gametype|singles
|player|p1|gulp1|pokemonbreeder-gen4|1083
|player|p2|PSREDPROTECTION|265|1071
|gen|9
|tier|[Gen 9] OU
|rated|
|rule|HP Percentage Mod: HP is shown in percentages
|rule|Endless Battle Clause: Forcing endless battles is banned
|rule|Species Clause: Limit one of each Pokémon
|rule|OHKO Clause: OHKO moves are banned
|rule|Evasion Items Clause: Evasion items are banned
|rule|Evasion Moves Clause: Evasion moves are banned
|rule|Evasion Abilities Clause: Evasion abilities are banned
|rule|Sleep Moves Clause: Sleep-inducing moves are banned
|clearpoke
|poke|p1|Snorlax, F|
|poke|p1|Serperior, M|
|poke|p1|Golurk|
|poke|p1|Lanturn, M|
|poke|p1|Ceruledge, M|
|poke|p1|Clefable, M|
|poke|p2|Greninja-*, M|
|poke|p2|Zoroark-Hisui, F|
|poke|p2|Fezandipiti, M|
|poke|p2|Cinderace, F|
|poke|p2|Zamazenta-*|
|poke|p2|Gliscor, M|
|teampreview
|
|t:|1776073442
|teamsize|p1|6
|teamsize|p2|6
|start
|switch|p1a: Golurk|Golurk, shiny|100/100
|switch|p2a: Cinderace|Cinderace, F|100/100
|turn|1
|inactive|Battle timer is ON: inactive players will automatically lose when time's up. (requested by gulp1)
|
|t:|1776073457
|move|p2a: Cinderace|Trailblaze|p1a: Golurk
|-supereffective|p1a: Golurk
|-damage|p1a: Golurk|68/100
|-boost|p2a: Cinderace|spe|1
|move|p1a: Golurk|Trick|p2a: Cinderace
|-activate|p1a: Golurk|move: Trick|[of] p2a: Cinderace
|-item|p2a: Cinderace|Sticky Barb|[from] move: Trick
|-item|p1a: Golurk|Blunder Policy|[from] move: Trick
|
|-damage|p2a: Cinderace|88/100|[from] item: Sticky Barb
|upkeep
|turn|2
|
|t:|1776073480
|move|p2a: Cinderace|Trailblaze|p1a: Golurk
|-supereffective|p1a: Golurk
|-damage|p1a: Golurk|39/100
|-boost|p2a: Cinderace|spe|1
|move|p1a: Golurk|Earthquake|p2a: Cinderace
|-supereffective|p2a: Cinderace
|-damage|p2a: Cinderace|0 fnt
|faint|p2a: Cinderace
|
|upkeep
|
|t:|1776073491
|switch|p2a: Gliscor|Gliscor, M|100/100
|turn|3
|inactive|gulp1 has 120 seconds left.
|
|t:|1776073521
|move|p2a: Gliscor|Protect|p2a: Gliscor
|-singleturn|p2a: Gliscor|Protect
|move|p1a: Golurk|Poltergeist|p2a: Gliscor
|-activate|p2a: Gliscor|move: Protect
|
|-status|p2a: Gliscor|tox|[from] item: Toxic Orb
|upkeep
|turn|4
|inactive|gulp1 has 120 seconds left.
|
|t:|1776073539
|move|p2a: Gliscor|Earthquake|p1a: Golurk
|-damage|p1a: Golurk|0 fnt
|faint|p1a: Golurk
|
|upkeep
|
|t:|1776073545
|switch|p1a: Snorlax|Snorlax, F|100/100
|turn|5
|
|t:|1776073552
|move|p2a: Gliscor|Earthquake|p1a: Snorlax
|-damage|p1a: Snorlax|67/100
|move|p1a: Snorlax|Curse|p1a: Snorlax
|-unboost|p1a: Snorlax|spe|1
|-boost|p1a: Snorlax|atk|1
|-boost|p1a: Snorlax|def|1
|
|upkeep
|turn|6
|
|t:|1776073561
|move|p2a: Gliscor|Breaking Swipe|p1a: Snorlax
|-damage|p1a: Snorlax|58/100
|-unboost|p1a: Snorlax|atk|1
|move|p1a: Snorlax|Curse|p1a: Snorlax
|-unboost|p1a: Snorlax|spe|1
|-boost|p1a: Snorlax|atk|1
|-boost|p1a: Snorlax|def|1
|
|upkeep
|turn|7
|
|t:|1776073571
|move|p2a: Gliscor|Breaking Swipe|p1a: Snorlax
|-damage|p1a: Snorlax|52/100
|-unboost|p1a: Snorlax|atk|1
|move|p1a: Snorlax|Curse|p1a: Snorlax
|-unboost|p1a: Snorlax|spe|1
|-boost|p1a: Snorlax|atk|1
|-boost|p1a: Snorlax|def|1
|
|upkeep
|turn|8
|
|t:|1776073582
|move|p2a: Gliscor|Earthquake|p1a: Snorlax
|-damage|p1a: Snorlax|38/100
|move|p1a: Snorlax|Rest|p1a: Snorlax
|-status|p1a: Snorlax|slp|[from] move: Rest
|-heal|p1a: Snorlax|100/100 slp|[silent]
|-enditem|p1a: Snorlax|Chesto Berry|[eat]
|-curestatus|p1a: Snorlax|slp|[msg]
|
|upkeep
|turn|9
|
|t:|1776073593
|move|p2a: Gliscor|Breaking Swipe|p1a: Snorlax
|-damage|p1a: Snorlax|95/100
|-unboost|p1a: Snorlax|atk|1
|move|p1a: Snorlax|Ice Punch|p2a: Gliscor
|-supereffective|p2a: Gliscor
|-damage|p2a: Gliscor|11/100 tox
|
|-heal|p2a: Gliscor|24/100 tox|[from] ability: Poison Heal
|upkeep
|turn|10
|
|t:|1776073605
|move|p2a: Gliscor|Protect|p2a: Gliscor
|-singleturn|p2a: Gliscor|Protect
|move|p1a: Snorlax|Ice Punch|p2a: Gliscor
|-activate|p2a: Gliscor|move: Protect
|
|-heal|p2a: Gliscor|36/100 tox|[from] ability: Poison Heal
|upkeep
|turn|11
|
|t:|1776073618
|move|p2a: Gliscor|Breaking Swipe|p1a: Snorlax
|-damage|p1a: Snorlax|89/100
|-unboost|p1a: Snorlax|atk|1
|move|p1a: Snorlax|Ice Punch|p2a: Gliscor
|-supereffective|p2a: Gliscor
|-damage|p2a: Gliscor|0 fnt
|faint|p2a: Gliscor
|
|upkeep
|
|t:|1776073631
|switch|p2a: Greninja|Greninja, M|100/100
|-item|p2a: Greninja|Air Balloon
|turn|12
|
|t:|1776073644
|move|p2a: Greninja|Calm Mind|p2a: Greninja
|-boost|p2a: Greninja|spa|1
|-boost|p2a: Greninja|spd|1
|move|p1a: Snorlax|Ice Punch|p2a: Greninja
|-damage|p2a: Greninja|71/100
|replace|p2a: Zoroark|Zoroark-Hisui, F
|-end|p2a: Zoroark|Illusion
|-enditem|p2a: Zoroark|Air Balloon
|
|upkeep
|turn|13
|
|t:|1776073661
|move|p2a: Zoroark|Hyper Voice|p1a: Snorlax
|-damage|p1a: Snorlax|50/100
|move|p1a: Snorlax|Earthquake|p2a: Zoroark
|-damage|p2a: Zoroark|30/100
|
|upkeep
|turn|14
|
|t:|1776073673
|move|p2a: Zoroark|Hyper Voice|p1a: Snorlax
|-damage|p1a: Snorlax|12/100
|move|p1a: Snorlax|Earthquake|p2a: Zoroark
|-damage|p2a: Zoroark|0 fnt
|faint|p2a: Zoroark
|
|upkeep
|
|t:|1776073684
|switch|p2a: Fezandipiti|Fezandipiti, M|100/100
|turn|15
|
|t:|1776073692
|move|p2a: Fezandipiti|Dual Wingbeat|p1a: Snorlax
|-damage|p1a: Snorlax|8/100
|-crit|p1a: Snorlax
|-damage|p1a: Snorlax|0 fnt
|faint|p1a: Snorlax
|-hitcount|p1: Snorlax|2
|
|upkeep
|
|t:|1776073704
|switch|p1a: Lanturn|Lanturn, M|100/100
|turn|16
|
|t:|1776073712
|move|p2a: Fezandipiti|Poison Jab|p1a: Lanturn
|-damage|p1a: Lanturn|47/100
|move|p1a: Lanturn|Thunder Wave|p2a: Fezandipiti
|-status|p2a: Fezandipiti|par
|
|upkeep
|turn|17
|
|t:|1776073722
|switch|p1a: Ceruledge|Ceruledge, M|100/100
|move|p2a: Fezandipiti|Play Rough|p1a: Ceruledge
|-resisted|p1a: Ceruledge
|-damage|p1a: Ceruledge|76/100
|-damage|p2a: Fezandipiti|84/100 par|[from] item: Rocky Helmet|[of] p1a: Ceruledge
|-ability|p1a: Ceruledge|Weak Armor|boost
|-unboost|p1a: Ceruledge|def|1
|-boost|p1a: Ceruledge|spe|2
|
|upkeep
|turn|18
|
|t:|1776073737
|move|p1a: Ceruledge|Reflect|p1a: Ceruledge
|-sidestart|p1: gulp1|Reflect
|move|p2a: Fezandipiti|Poison Jab|p1a: Ceruledge
|-resisted|p1a: Ceruledge
|-damage|p1a: Ceruledge|57/100
|-damage|p2a: Fezandipiti|68/100 par|[from] item: Rocky Helmet|[of] p1a: Ceruledge
|-ability|p1a: Ceruledge|Weak Armor|boost
|-unboost|p1a: Ceruledge|def|1
|-boost|p1a: Ceruledge|spe|2
|
|upkeep
|turn|19
|
|t:|1776073750
|move|p1a: Ceruledge|Bitter Blade|p2a: Fezandipiti
|-damage|p2a: Fezandipiti|5/100 par
|-heal|p1a: Ceruledge|91/100|[from] drain|[of] p2a: Fezandipiti
|move|p2a: Fezandipiti|Swords Dance|p2a: Fezandipiti
|-boost|p2a: Fezandipiti|atk|2
|
|upkeep
|turn|20
|
|t:|1776073761
|move|p1a: Ceruledge|Shadow Sneak|p2a: Fezandipiti
|-damage|p2a: Fezandipiti|0 fnt
|faint|p2a: Fezandipiti
|
|upkeep
|
|t:|1776073771
|switch|p2a: Greninja|Greninja, M|100/100
|turn|21
|
|t:|1776073784
|switch|p1a: Lanturn|Lanturn, M|47/100
|move|p2a: Greninja|Dark Pulse|p1a: Lanturn
|-damage|p1a: Lanturn|2/100
|
|upkeep
|turn|22
|
|t:|1776073793
|switch|p1a: Clefable|Clefable, M, shiny|100/100
|move|p2a: Greninja|Water Shuriken|p1a: Clefable
|-damage|p1a: Clefable|94/100
|-damage|p1a: Clefable|87/100
|-hitcount|p1a: Clefable|2
|
|-sideend|p1: gulp1|Reflect
|upkeep
|turn|23
|
|t:|1776073807
|move|p2a: Greninja|Extrasensory|p1a: Clefable
|-damage|p1a: Clefable|61/100
|move|p1a: Clefable|Knock Off|p2a: Greninja
|-resisted|p2a: Greninja
|-damage|p2a: Greninja|88/100
|-enditem|p2a: Greninja|Wise Glasses|[from] move: Knock Off|[of] p1a: Clefable
|
|upkeep
|turn|24
|
|t:|1776073819
|move|p2a: Greninja|Ice Beam|p1a: Clefable
|-damage|p1a: Clefable|34/100
|move|p1a: Clefable|Stealth Rock|p2a: Greninja
|-sidestart|p2: PSREDPROTECTION|move: Stealth Rock
|
|upkeep
|turn|25
|
|t:|1776073830
|move|p2a: Greninja|Ice Beam|p1a: Clefable
|-damage|p1a: Clefable|9/100
|move|p1a: Clefable|Draining Kiss|p2a: Greninja
|-supereffective|p2a: Greninja
|-damage|p2a: Greninja|35/100
|-heal|p1a: Clefable|38/100|[from] drain|[of] p2a: Greninja
|
|upkeep
|turn|26
|
|t:|1776073841
|move|p2a: Greninja|Dark Pulse|p1a: Clefable
|-resisted|p1a: Clefable
|-damage|p1a: Clefable|21/100
|cant|p1a: Clefable|flinch
|
|upkeep
|turn|27
|
|t:|1776073849
|move|p2a: Greninja|Ice Beam|p1a: Clefable
|-damage|p1a: Clefable|0 fnt
|faint|p1a: Clefable
|-ability|p2a: Greninja|Battle Bond|boost
|-boost|p2a: Greninja|atk|1
|-boost|p2a: Greninja|spa|1
|-boost|p2a: Greninja|spe|1
|-activate|p2a: Greninja|ability: Battle Bond
|
|upkeep
|
|t:|1776073865
|switch|p1a: Serperior|Serperior, M|100/100
|turn|28
|
|t:|1776073870
|move|p2a: Greninja|Ice Beam|p1a: Serperior
|-supereffective|p1a: Serperior
|-damage|p1a: Serperior|10/100
|move|p1a: Serperior|Leaf Storm|p2a: Greninja
|-supereffective|p2a: Greninja
|-damage|p2a: Greninja|0 fnt
|-boost|p1a: Serperior|spa|2
|faint|p2a: Greninja
|
|-heal|p1a: Serperior|16/100|[from] item: Leftovers
|upkeep
|
|t:|1776073882
|switch|p2a: Zamazenta|Zamazenta|100/100
|-damage|p2a: Zamazenta|94/100|[from] Stealth Rock
|-ability|p2a: Zamazenta|Dauntless Shield|boost
|-boost|p2a: Zamazenta|def|1
|turn|29
|
|t:|1776073894
|-terastallize|p2a: Zamazenta|Fighting
|move|p1a: Serperior|Protect|p1a: Serperior
|-singleturn|p1a: Serperior|Protect
|move|p2a: Zamazenta|Body Press|p1a: Serperior
|-activate|p1a: Serperior|move: Protect
|
|-heal|p1a: Serperior|22/100|[from] item: Leftovers
|upkeep
|turn|30
|
|t:|1776073906
|switch|p1a: Ceruledge|Ceruledge, M|91/100
|move|p2a: Zamazenta|Body Press|p1a: Ceruledge
|-immune|p1a: Ceruledge
|
|upkeep
|turn|31
|
|t:|1776073918
|move|p2a: Zamazenta|Crunch|p1a: Ceruledge
|-supereffective|p1a: Ceruledge
|-damage|p1a: Ceruledge|16/100
|-damage|p2a: Zamazenta|78/100|[from] item: Rocky Helmet|[of] p1a: Ceruledge
|-ability|p1a: Ceruledge|Weak Armor|boost
|-unboost|p1a: Ceruledge|def|1
|-boost|p1a: Ceruledge|spe|2
|move|p1a: Ceruledge|Reflect|p1a: Ceruledge
|-sidestart|p1: gulp1|Reflect
|
|upkeep
|turn|32
|
|t:|1776073928
|move|p1a: Ceruledge|Destiny Bond|p1a: Ceruledge
|-singlemove|p1a: Ceruledge|Destiny Bond
|move|p2a: Zamazenta|Crunch|p1a: Ceruledge
|-supereffective|p1a: Ceruledge
|-damage|p1a: Ceruledge|0 fnt
|-damage|p2a: Zamazenta|61/100|[from] item: Rocky Helmet|[of] p1a: Ceruledge
|faint|p1a: Ceruledge
|-activate|p1a: Ceruledge|move: Destiny Bond
|faint|p2a: Zamazenta
|
|win|gulp1
|raw|gulp1's rating: 1083 &rarr; <strong>1110</strong><br />(+27 for winning)
|raw|PSREDPROTECTION's rating: 1071 &rarr; <strong>1051</strong><br />(-20 for losing)
|c|☆gulp1|gg
|l|☆PSREDPROTECTION
|player|p2|
|l|☆gulp1
|player|p1|
