|html|<div class="broadcast-blue"><strong>[Gen 9] OU is currently suspecting Volcarona! For information on how to participate check out the <a href="https://www.smogon.com/tools/suspects/view/208">suspect thread</a>.</strong></div>
|j|☆Dr spunk md
|j|☆InfinityPokeRang3r
|t:|1778508556
|gametype|singles
|player|p1|Dr spunk md|juggler|1370
|player|p2|InfinityPokeRang3r|ingo|1366
|gen|9
|tier|[Gen 9] OU
|rated|
|rule|HP Percentage Mod: HP is shown in percentages
|rule|Endless Battle Clause: Forcing endless battles is banned
|rule|Species Clause: Limit one of each Pokémon
|rule|OHKO Clause: OHKO moves are banned
|rule|Evasion Items Clause: Evasion items are banned
|rule|Evasion Moves Clause: Evasion moves are banned
|rule|Evasion Abilities Clause: Evasion abilities are banned
|rule|Sleep Moves Clause: Sleep-inducing moves are banned
|clearpoke
|poke|p1|Crawdaunt, F|
|poke|p1|Zapdos|
|poke|p1|Iron Crown|
|poke|p1|Cinderace, F|
|poke|p1|Dragonite, M|
|poke|p1|Great Tusk|
|poke|p2|Glimmora, F|
|poke|p2|Zapdos-Galar|
|poke|p2|Kyurem|
|poke|p2|Araquanid, F|
|poke|p2|Iron Treads|
|poke|p2|Sinistcha-Masterpiece|
|teampreview
|inactive|Battle timer is ON: inactive players will automatically lose when time's up. (requested by Dr spunk md)
|
|t:|1778508563
|teamsize|p1|6
|teamsize|p2|6
|start
|switch|p1a: Iron Crown|Iron Crown|100/100
|switch|p2a: Glimmora|Glimmora, F|100/100
|turn|1
|
|t:|1778508567
|switch|p2a: Araquanid|Araquanid, F|100/100
|move|p1a: Iron Crown|Tachyon Cutter|p2a: Araquanid
|-resisted|p2a: Araquanid
|-damage|p2a: Araquanid|91/100
|-resisted|p2a: Araquanid
|-damage|p2a: Araquanid|81/100
|-hitcount|p2a: Araquanid|2
|
|upkeep
|turn|2
|
|t:|1778508573
|move|p1a: Iron Crown|Volt Switch|p2a: Araquanid
|-supereffective|p2a: Araquanid
|-damage|p2a: Araquanid|41/100
|
|t:|1778508576
|-end|p1a: Iron Crown|Quark Drive|[silent]
|switch|p1a: Zapdos|Zapdos|100/100|[from] Volt Switch
|move|p2a: Araquanid|Liquidation|p1a: Zapdos
|-damage|p1a: Zapdos|57/100
|
|upkeep
|turn|3
|
|t:|1778508587
|switch|p2a: Glimmora|Glimmora, F|100/100
|move|p1a: Zapdos|Roost|p1a: Zapdos
|-heal|p1a: Zapdos|100/100
|-singleturn|p1a: Zapdos|move: Roost
|
|upkeep
|turn|4
|
|t:|1778508595
|switch|p1a: Iron Crown|Iron Crown|100/100
|move|p2a: Glimmora|Stealth Rock|p1a: Iron Crown
|-sidestart|p1: Dr spunk md|move: Stealth Rock
|
|upkeep
|turn|5
|
|t:|1778508600
|switch|p2a: Iron Treads|Iron Treads|100/100
|move|p1a: Iron Crown|Tachyon Cutter|p2a: Iron Treads
|-resisted|p2a: Iron Treads
|-damage|p2a: Iron Treads|89/100
|-resisted|p2a: Iron Treads
|-damage|p2a: Iron Treads|77/100
|-hitcount|p2a: Iron Treads|2
|
|upkeep
|turn|6
|
|t:|1778508612
|move|p1a: Iron Crown|Focus Blast|p2a: Iron Treads
|-supereffective|p2a: Iron Treads
|-damage|p2a: Iron Treads|7/100
|move|p2a: Iron Treads|Rapid Spin|p1a: Iron Crown
|-resisted|p1a: Iron Crown
|-damage|p1a: Iron Crown|92/100
|-boost|p2a: Iron Treads|spe|1
|
|upkeep
|turn|7
|
|t:|1778508619
|-end|p1a: Iron Crown|Quark Drive|[silent]
|switch|p1a: Zapdos|Zapdos|100/100
|move|p2a: Iron Treads|Earthquake|p1a: Zapdos
|-immune|p1a: Zapdos
|
|upkeep
|turn|8
|
|t:|1778508623
|move|p2a: Iron Treads|Iron Head|p1a: Zapdos
|-resisted|p1a: Zapdos
|-damage|p1a: Zapdos|86/100
|cant|p1a: Zapdos|flinch
|
|upkeep
|turn|9
|
|t:|1778508628
|move|p2a: Iron Treads|Ice Spinner|p1a: Zapdos
|-supereffective|p1a: Zapdos
|-damage|p1a: Zapdos|46/100
|move|p1a: Zapdos|Hurricane|p2a: Iron Treads
|-resisted|p2a: Iron Treads
|-damage|p2a: Iron Treads|0 fnt
|faint|p2a: Iron Treads
|-end|p2a: Iron Treads|Quark Drive|[silent]
|
|upkeep
|
|t:|1778508638
|switch|p2a: Glimmora|Glimmora, F|100/100
|turn|10
|
|t:|1778508651
|move|p2a: Glimmora|Power Gem|p1a: Zapdos
|-supereffective|p1a: Zapdos
|-damage|p1a: Zapdos|0 fnt
|faint|p1a: Zapdos
|
|upkeep
|
|t:|1778508654
|switch|p1a: Iron Crown|Iron Crown|92/100
|-damage|p1a: Iron Crown|86/100|[from] Stealth Rock
|turn|11
|
|t:|1778508663
|switch|p2a: Sinistcha|Sinistcha-Masterpiece|100/100
|move|p1a: Iron Crown|Tachyon Cutter|p2a: Sinistcha
|-damage|p2a: Sinistcha|76/100
|-damage|p2a: Sinistcha|50/100
|-hitcount|p2a: Sinistcha|2
|
|upkeep
|turn|12
|
|t:|1778508673
|move|p1a: Iron Crown|Tachyon Cutter|p2a: Sinistcha
|-crit|p2a: Sinistcha
|-damage|p2a: Sinistcha|15/100
|-damage|p2a: Sinistcha|0 fnt
|faint|p2a: Sinistcha
|-hitcount|p2: Sinistcha|2
|
|upkeep
|
|t:|1778508679
|switch|p2a: Araquanid|Araquanid, F|41/100
|turn|13
|
|t:|1778508684
|move|p1a: Iron Crown|Psyshock|p2a: Araquanid
|-damage|p2a: Araquanid|0 fnt
|faint|p2a: Araquanid
|
|upkeep
|
|t:|1778508689
|switch|p2a: Zapdos|Zapdos-Galar|100/100
|turn|14
|
|t:|1778508695
|-end|p1a: Iron Crown|Quark Drive|[silent]
|switch|p1a: Great Tusk|Great Tusk|100/100
|-damage|p1a: Great Tusk|98/100|[from] Stealth Rock
|move|p2a: Zapdos|Knock Off|p1a: Great Tusk
|-resisted|p1a: Great Tusk
|-crit|p1a: Great Tusk
|-damage|p1a: Great Tusk|72/100
|-enditem|p1a: Great Tusk|Choice Scarf|[from] move: Knock Off|[of] p2a: Zapdos
|
|upkeep
|turn|15
|
|t:|1778508705
|switch|p2a: Glimmora|Glimmora, F|100/100
|move|p1a: Great Tusk|Ice Spinner|p2a: Glimmora
|-damage|p2a: Glimmora|72/100
|-activate|p2a: Glimmora|ability: Toxic Debris
|-sidestart|p1: Dr spunk md|move: Toxic Spikes
|
|upkeep
|turn|16
|
|t:|1778508714
|move|p1a: Great Tusk|Close Combat|p2a: Glimmora
|-damage|p2a: Glimmora|5/100
|-unboost|p1a: Great Tusk|def|1
|-unboost|p1a: Great Tusk|spd|1
|-activate|p2a: Glimmora|ability: Toxic Debris
|-sidestart|p1: Dr spunk md|move: Toxic Spikes
|move|p2a: Glimmora|Mortal Spin|p1a: Great Tusk
|-resisted|p1a: Great Tusk
|-damage|p1a: Great Tusk|69/100
|-status|p1a: Great Tusk|psn
|
|-damage|p1a: Great Tusk|57/100 psn|[from] psn
|upkeep
|turn|17
|
|t:|1778508732
|move|p1a: Great Tusk|Ice Spinner|p2a: Glimmora
|-damage|p2a: Glimmora|0 fnt
|faint|p2a: Glimmora
|
|-damage|p1a: Great Tusk|44/100 psn|[from] psn
|upkeep
|
|t:|1778508749
|switch|p2a: Kyurem|Kyurem|100/100
|-ability|p2a: Kyurem|Pressure
|turn|18
|
|t:|1778508753
|move|p2a: Kyurem|Freeze-Dry|p1a: Great Tusk
|-supereffective|p1a: Great Tusk
|-damage|p1a: Great Tusk|0 fnt
|faint|p1a: Great Tusk
|-end|p1a: Great Tusk|Protosynthesis|[silent]
|
|upkeep
|
|t:|1778508756
|switch|p1a: Cinderace|Cinderace, F|100/100
|turn|19
|
|t:|1778508764
|move|p1a: Cinderace|Court Change|p1a: Cinderace
|-swapsideconditions
|-activate|p1a: Cinderace|move: Court Change
|move|p2a: Kyurem|Freeze-Dry|p1a: Cinderace
|-resisted|p1a: Cinderace
|-damage|p1a: Cinderace|69/100
|
|upkeep
|turn|20
|
|t:|1778508775
|move|p1a: Cinderace|Will-O-Wisp|p2a: Kyurem
|-status|p2a: Kyurem|brn
|move|p2a: Kyurem|Freeze-Dry|p1a: Cinderace
|-resisted|p1a: Cinderace
|-damage|p1a: Cinderace|38/100
|
|-damage|p2a: Kyurem|94/100 brn|[from] brn
|upkeep
|turn|21
|
|t:|1778508793
|move|p1a: Cinderace|Pyro Ball|p2a: Kyurem
|-damage|p2a: Kyurem|48/100 brn
|move|p2a: Kyurem|Freeze-Dry|p1a: Cinderace
|-resisted|p1a: Cinderace
|-damage|p1a: Cinderace|6/100
|
|-damage|p2a: Kyurem|41/100 brn|[from] brn
|upkeep
|turn|22
|
|t:|1778508801
|move|p1a: Cinderace|Pyro Ball|p2a: Kyurem
|-damage|p2a: Kyurem|0 fnt
|faint|p2a: Kyurem
|
|upkeep
|
|t:|1778508807
|switch|p2a: Zapdos|Zapdos-Galar|100/100
|-damage|p2a: Zapdos|88/100|[from] Stealth Rock
|turn|23
|
|t:|1778508812
|move|p1a: Cinderace|Pyro Ball|p2a: Zapdos|[miss]
|-miss|p1a: Cinderace|p2a: Zapdos
|move|p2a: Zapdos|U-turn|p1a: Cinderace
|-resisted|p1a: Cinderace
|-damage|p1a: Cinderace|0 fnt
|faint|p1a: Cinderace
|
|upkeep
|
|t:|1778508814
|switch|p1a: Dragonite|Dragonite, M|100/100
|turn|24
|
|t:|1778508833
|move|p2a: Zapdos|U-turn|p1a: Dragonite
|-resisted|p1a: Dragonite
|-damage|p1a: Dragonite|91/100
|move|p1a: Dragonite|Dragon Dance|p1a: Dragonite
|-boost|p1a: Dragonite|atk|1
|-boost|p1a: Dragonite|spe|1
|
|upkeep
|turn|25
|-message|InfinityPokeRang3r forfeited.
|
|win|Dr spunk md
|raw|Dr spunk md's rating: 1370 &rarr; <strong>1390</strong><br />(+20 for winning)
|raw|InfinityPokeRang3r's rating: 1366 &rarr; <strong>1346</strong><br />(-20 for losing)
|l|☆InfinityPokeRang3r
|player|p2|
|l|☆Dr spunk md
|player|p1|
