|html|<div class="broadcast-blue"><strong>[Gen 9] OU is currently suspecting Volcarona! For information on how to participate check out the <a href="https://www.smogon.com/tools/suspects/view/208">suspect thread</a>.</strong></div>
|j|☆hhfhjkkk
|j|‽Natsu34r
|t:|1778498693
|gametype|singles
|player|p1|hhfhjkkk|169|1187
|player|p2|Natsu34r|gambler|1125
|gen|9
|tier|[Gen 9] OU
|rated|
|rule|HP Percentage Mod: HP is shown in percentages
|rule|Endless Battle Clause: Forcing endless battles is banned
|rule|Species Clause: Limit one of each Pokémon
|rule|OHKO Clause: OHKO moves are banned
|rule|Evasion Items Clause: Evasion items are banned
|rule|Evasion Moves Clause: Evasion moves are banned
|rule|Evasion Abilities Clause: Evasion abilities are banned
|rule|Sleep Moves Clause: Sleep-inducing moves are banned
|clearpoke
|poke|p1|Volcarona, M|
|poke|p1|Rillaboom, M|
|poke|p1|Hatterene, F|
|poke|p1|Great Tusk|
|poke|p1|Ogerpon-Wellspring, F|
|poke|p1|Glimmora, M|
|poke|p2|Cloyster, M|
|poke|p2|Ninetales-Alola, F|
|poke|p2|Piloswine, M|
|poke|p2|Kyurem|
|poke|p2|Eiscue, M|
|poke|p2|Sandslash-Alola, M|
|teampreview
|inactive|Battle timer is ON: inactive players will automatically lose when time's up. (requested by hhfhjkkk)
|
|t:|1778498700
|teamsize|p1|6
|teamsize|p2|6
|start
|switch|p1a: Glimmora|Glimmora, M|100/100
|switch|p2a: Kyurem|Kyurem|100/100
|-ability|p2a: Kyurem|Pressure
|turn|1
|
|t:|1778498706
|move|p2a: Kyurem|Earth Power|p1a: Glimmora
|-supereffective|p1a: Glimmora
|-damage|p1a: Glimmora|0 fnt
|faint|p1a: Glimmora
|-damage|p2a: Kyurem|91/100|[from] item: Life Orb
|
|upkeep
|
|t:|1778498717
|switch|p1a: Volcarona|Volcarona, M|100/100
|turn|2
|
|t:|1778498722
|move|p2a: Kyurem|Earth Power|p1a: Volcarona
|-damage|p1a: Volcarona|56/100
|-damage|p2a: Kyurem|81/100|[from] item: Life Orb
|move|p1a: Volcarona|Quiver Dance|p1a: Volcarona
|-boost|p1a: Volcarona|spa|1
|-boost|p1a: Volcarona|spd|1
|-boost|p1a: Volcarona|spe|1
|
|upkeep
|turn|3
|
|t:|1778498730
|move|p1a: Volcarona|Quiver Dance|p1a: Volcarona
|-boost|p1a: Volcarona|spa|1
|-boost|p1a: Volcarona|spd|1
|-boost|p1a: Volcarona|spe|1
|move|p2a: Kyurem|Earth Power|p1a: Volcarona
|-damage|p1a: Volcarona|32/100
|-unboost|p1a: Volcarona|spd|1
|-damage|p2a: Kyurem|71/100|[from] item: Life Orb
|
|upkeep
|turn|4
|
|t:|1778498746
|move|p1a: Volcarona|Fiery Dance|p2a: Kyurem
|-damage|p2a: Kyurem|0 fnt
|faint|p2a: Kyurem
|
|upkeep
|
|t:|1778498757
|switch|p2a: Piloswine|Piloswine, M|100/100
|turn|5
|
|t:|1778498764
|-terastallize|p1a: Volcarona|Grass
|-terastallize|p2a: Piloswine|Ghost
|move|p1a: Volcarona|Giga Drain|p2a: Piloswine
|-damage|p2a: Piloswine|43/100
|-heal|p1a: Volcarona|64/100|[from] drain|[of] p2a: Piloswine
|move|p2a: Piloswine|Haze|p2a: Piloswine
|-clearallboost
|
|upkeep
|turn|6
|
|t:|1778498775
|move|p2a: Piloswine|Ice Shard|p1a: Volcarona
|-supereffective|p1a: Volcarona
|-damage|p1a: Volcarona|23/100
|move|p1a: Volcarona|Fiery Dance|p2a: Piloswine
|-damage|p2a: Piloswine|11/100
|
|upkeep
|turn|7
|
|t:|1778498787
|move|p2a: Piloswine|Ice Shard|p1a: Volcarona
|-supereffective|p1a: Volcarona
|-damage|p1a: Volcarona|0 fnt
|faint|p1a: Volcarona
|
|upkeep
|
|t:|1778498790
|switch|p1a: Rillaboom|Rillaboom, M|100/100
|-fieldstart|move: Grassy Terrain|[from] ability: Grassy Surge|[of] p1a: Rillaboom
|turn|8
|
|t:|1778498794
|move|p1a: Rillaboom|Grassy Glide|p2a: Piloswine
|-damage|p2a: Piloswine|0 fnt
|faint|p2a: Piloswine
|
|upkeep
|
|t:|1778498799
|switch|p2a: Eiscue|Eiscue, M|100/100
|turn|9
|
|t:|1778498805
|switch|p1a: Hatterene|Hatterene, F|100/100
|-enditem|p1a: Hatterene|Grassy Seed
|-boost|p1a: Hatterene|def|1|[from] item: Grassy Seed
|move|p2a: Eiscue|Belly Drum|p2a: Eiscue
|-damage|p2a: Eiscue|51/100
|-setboost|p2a: Eiscue|atk|6|[from] move: Belly Drum
|
|-heal|p2a: Eiscue|57/100|[from] Grassy Terrain
|upkeep
|turn|10
|
|t:|1778498812
|move|p2a: Eiscue|Ice Spinner|p1a: Hatterene
|-damage|p1a: Hatterene|28/100
|-fieldend|move: Grassy Terrain
|move|p1a: Hatterene|Mystical Fire|p2a: Eiscue
|-supereffective|p2a: Eiscue
|-damage|p2a: Eiscue|0 fnt
|faint|p2a: Eiscue
|
|upkeep
|
|t:|1778498818
|switch|p2a: Ninetales|Ninetales-Alola, F|100/100
|-weather|Snowscape|[from] ability: Snow Warning|[of] p2a: Ninetales
|turn|11
|
|t:|1778498826
|move|p2a: Ninetales|Blizzard|p1a: Hatterene
|-crit|p1a: Hatterene
|-damage|p1a: Hatterene|0 fnt
|faint|p1a: Hatterene
|
|-weather|Snowscape|[upkeep]
|upkeep
|
|t:|1778498839
|switch|p1a: Great Tusk|Great Tusk|100/100
|-enditem|p1a: Great Tusk|Booster Energy
|-activate|p1a: Great Tusk|ability: Protosynthesis|[fromitem]
|-start|p1a: Great Tusk|protosynthesisspe
|turn|12
|
|t:|1778498845
|move|p1a: Great Tusk|Stone Edge|p2a: Ninetales
|-supereffective|p2a: Ninetales
|-damage|p2a: Ninetales|45/100
|move|p2a: Ninetales|Aurora Veil|p2a: Ninetales
|-sidestart|p2: Natsu34r|move: Aurora Veil
|
|-weather|Snowscape|[upkeep]
|upkeep
|turn|13
|
|t:|1778498850
|move|p1a: Great Tusk|Stone Edge|p2a: Ninetales
|-supereffective|p2a: Ninetales
|-damage|p2a: Ninetales|17/100
|move|p2a: Ninetales|Dazzling Gleam|p1a: Great Tusk
|-supereffective|p1a: Great Tusk
|-damage|p1a: Great Tusk|18/100
|
|-weather|Snowscape|[upkeep]
|upkeep
|turn|14
|
|t:|1778498853
|move|p1a: Great Tusk|Stone Edge|p2a: Ninetales
|-supereffective|p2a: Ninetales
|-damage|p2a: Ninetales|0 fnt
|faint|p2a: Ninetales
|
|-weather|Snowscape|[upkeep]
|upkeep
|
|t:|1778498857
|switch|p2a: Sandslash|Sandslash-Alola, M|100/100
|turn|15
|
|t:|1778498862
|move|p2a: Sandslash|Ice Spinner|p1a: Great Tusk
|-supereffective|p1a: Great Tusk
|-damage|p1a: Great Tusk|0 fnt
|faint|p1a: Great Tusk
|-end|p1a: Great Tusk|Protosynthesis|[silent]
|-damage|p2a: Sandslash|91/100|[from] item: Life Orb
|
|-weather|none
|upkeep
|
|t:|1778498868
|switch|p1a: Rillaboom|Rillaboom, M|100/100
|-fieldstart|move: Grassy Terrain|[from] ability: Grassy Surge|[of] p1a: Rillaboom
|turn|16
|
|t:|1778498875
|move|p2a: Sandslash|Ice Spinner|p1a: Rillaboom
|-supereffective|p1a: Rillaboom
|-damage|p1a: Rillaboom|20/100
|-fieldend|move: Grassy Terrain
|-damage|p2a: Sandslash|81/100|[from] item: Life Orb
|move|p1a: Rillaboom|High Horsepower|p2a: Sandslash
|-supereffective|p2a: Sandslash
|-damage|p2a: Sandslash|43/100
|
|upkeep
|turn|17
|
|t:|1778498889
|move|p2a: Sandslash|Ice Spinner|p1a: Rillaboom
|-supereffective|p1a: Rillaboom
|-damage|p1a: Rillaboom|0 fnt
|faint|p1a: Rillaboom
|-damage|p2a: Sandslash|33/100|[from] item: Life Orb
|
|upkeep
|
|t:|1778498893
|switch|p1a: Ogerpon|Ogerpon-Wellspring, F|100/100
|turn|18
|
|t:|1778498898
|move|p1a: Ogerpon|Ivy Cudgel|p2a: Sandslash|[anim] Ivy Cudgel Water
|-damage|p2a: Sandslash|0 fnt
|faint|p2a: Sandslash
|
|upkeep
|
|t:|1778498901
|switch|p2a: Cloyster|Cloyster, M|100/100
|turn|19
|
|t:|1778498905
|move|p1a: Ogerpon|Power Whip|p2a: Cloyster
|-supereffective|p2a: Cloyster
|-damage|p2a: Cloyster|38/100
|move|p2a: Cloyster|Shell Smash|p2a: Cloyster
|-unboost|p2a: Cloyster|def|1
|-unboost|p2a: Cloyster|spd|1
|-boost|p2a: Cloyster|atk|2
|-boost|p2a: Cloyster|spa|2
|-boost|p2a: Cloyster|spe|2
|
|-sideend|p2: Natsu34r|move: Aurora Veil
|upkeep
|turn|20
|
|t:|1778498915
|move|p2a: Cloyster|Icicle Spear|p1a: Ogerpon
|-damage|p1a: Ogerpon|72/100
|-damage|p1a: Ogerpon|44/100
|-damage|p1a: Ogerpon|16/100
|-damage|p1a: Ogerpon|0 fnt
|faint|p1a: Ogerpon
|-hitcount|p1: Ogerpon|4
|
|win|Natsu34r
|raw|hhfhjkkk's rating: 1187 &rarr; <strong>1158</strong><br />(-29 for losing)
|raw|Natsu34r's rating: 1125 &rarr; <strong>1154</strong><br />(+29 for winning)
|l|‽Natsu34r
|player|p2|
|l|☆hhfhjkkk
|player|p1|
