|html|<div class="broadcast-blue"><strong>[Gen 9] OU is currently suspecting Tera Blast! For information on how to participate check out the <a href="https://www.smogon.com/tools/suspects/view/200">suspect thread</a>.</strong></div>
|j|☆OOOMMM
|j|☆ahaoby
|t:|1776053229
|gametype|singles
|player|p1|OOOMMM|2|1198
|player|p2|ahaoby|2|1145
|gen|9
|tier|[Gen 9] OU
|rated|
|rule|HP Percentage Mod: HP is shown in percentages
|rule|Endless Battle Clause: Forcing endless battles is banned
|rule|Species Clause: Limit one of each Pokémon
|rule|OHKO Clause: OHKO moves are banned
|rule|Evasion Items Clause: Evasion items are banned
|rule|Evasion Moves Clause: Evasion moves are banned
|rule|Evasion Abilities Clause: Evasion abilities are banned
|rule|Sleep Moves Clause: Sleep-inducing moves are banned
|clearpoke
|poke|p1|Deoxys-Speed|
|poke|p1|Dragonite, M|
|poke|p1|Gholdengo|
|poke|p1|Iron Valiant|
|poke|p1|Ursaluna, M|
|poke|p1|Iron Moth|
|poke|p2|Kommo-o, F|
|poke|p2|Iron Treads|
|poke|p2|Ogerpon-Wellspring, F|
|poke|p2|Pecharunt|
|poke|p2|Moltres|
|poke|p2|Weavile, F|
|teampreview
|inactive|Battle timer is ON: inactive players will automatically lose when time's up. (requested by ahaoby)
|
|t:|1776053250
|teamsize|p1|6
|teamsize|p2|6
|start
|switch|p1a: Gholdengo|Gholdengo|100/100
|switch|p2a: Weavile|Weavile, F|100/100
|-ability|p2a: Weavile|Pressure
|turn|1
|
|t:|1776053270
|-terastallize|p1a: Gholdengo|Fairy
|move|p1a: Gholdengo|Focus Blast|p2a: Weavile
|-supereffective|p2a: Weavile
|-damage|p2a: Weavile|0 fnt
|faint|p2a: Weavile
|
|upkeep
|
|t:|1776053284
|switch|p2a: Pecharunt|Pecharunt|100/100
|turn|2
|
|t:|1776053290
|switch|p1a: Deoxys|Deoxys-Speed|100/100
|-ability|p1a: Deoxys|Pressure
|move|p2a: Pecharunt|Malignant Chain|p1a: Deoxys
|-damage|p1a: Deoxys|65/100
|
|upkeep
|turn|3
|
|t:|1776053299
|switch|p2a: Iron Treads|Iron Treads|100/100
|move|p1a: Deoxys|Light Screen|p1a: Deoxys
|-sidestart|p1: OOOMMM|move: Light Screen
|
|upkeep
|turn|4
|
|t:|1776053303
|move|p1a: Deoxys|Reflect|p1a: Deoxys
|-sidestart|p1: OOOMMM|Reflect
|move|p2a: Iron Treads|Stealth Rock|p1a: Deoxys
|-sidestart|p1: OOOMMM|move: Stealth Rock
|
|upkeep
|turn|5
|
|t:|1776053307
|move|p1a: Deoxys|Stealth Rock|p2a: Iron Treads
|-sidestart|p2: ahaoby|move: Stealth Rock
|move|p2a: Iron Treads|Rapid Spin|p1a: Deoxys
|-damage|p1a: Deoxys|55/100
|-boost|p2a: Iron Treads|spe|1
|-sideend|p2: ahaoby|Stealth Rock|[from] move: Rapid Spin|[of] p2a: Iron Treads
|
|upkeep
|turn|6
|
|t:|1776053316
|switch|p1a: Ursaluna|Ursaluna, M|100/100
|-damage|p1a: Ursaluna|94/100|[from] Stealth Rock
|move|p2a: Iron Treads|Rapid Spin|p1a: Ursaluna
|-damage|p1a: Ursaluna|89/100
|-boost|p2a: Iron Treads|spe|1
|
|-status|p1a: Ursaluna|brn|[from] item: Flame Orb
|upkeep
|turn|7
|
|t:|1776053326
|move|p2a: Iron Treads|Ice Spinner|p1a: Ursaluna
|-supereffective|p1a: Ursaluna
|-damage|p1a: Ursaluna|71/100 brn
|move|p1a: Ursaluna|Bulk Up|p1a: Ursaluna
|-boost|p1a: Ursaluna|atk|1
|-boost|p1a: Ursaluna|def|1
|
|-damage|p1a: Ursaluna|65/100 brn|[from] brn
|upkeep
|turn|8
|
|t:|1776053334
|move|p2a: Iron Treads|Ice Spinner|p1a: Ursaluna
|-supereffective|p1a: Ursaluna
|-damage|p1a: Ursaluna|54/100 brn
|move|p1a: Ursaluna|Drain Punch|p2a: Iron Treads
|-supereffective|p2a: Iron Treads
|-damage|p2a: Iron Treads|0 fnt
|-heal|p1a: Ursaluna|89/100 brn|[from] drain|[of] p2a: Iron Treads
|faint|p2a: Iron Treads
|-end|p2a: Iron Treads|Quark Drive|[silent]
|
|-damage|p1a: Ursaluna|83/100 brn|[from] brn
|upkeep
|
|t:|1776053346
|switch|p2a: Moltres|Moltres|100/100
|turn|9
|
|t:|1776053351
|switch|p2a: Pecharunt|Pecharunt|100/100
|move|p1a: Ursaluna|Facade|p2a: Pecharunt
|-immune|p2a: Pecharunt
|
|-damage|p1a: Ursaluna|77/100 brn|[from] brn
|upkeep
|turn|10
|
|t:|1776053355
|move|p2a: Pecharunt|Parting Shot|p1a: Ursaluna
|-unboost|p1a: Ursaluna|atk|1
|-unboost|p1a: Ursaluna|spa|1
|
|t:|1776053358
|switch|p2a: Ogerpon|Ogerpon-Wellspring, F|100/100|[from] Parting Shot
|move|p1a: Ursaluna|Shadow Claw|p2a: Ogerpon
|-damage|p2a: Ogerpon|46/100
|
|-damage|p1a: Ursaluna|70/100 brn|[from] brn
|-sideend|p1: OOOMMM|move: Light Screen
|upkeep
|turn|11
|
|t:|1776053372
|switch|p2a: Pecharunt|Pecharunt|100/100
|move|p1a: Ursaluna|Shadow Claw|p2a: Pecharunt
|-supereffective|p2a: Pecharunt
|-damage|p2a: Pecharunt|59/100
|
|-damage|p1a: Ursaluna|64/100 brn|[from] brn
|-sideend|p1: OOOMMM|Reflect
|upkeep
|turn|12
|
|t:|1776053387
|move|p2a: Pecharunt|Parting Shot|p1a: Ursaluna
|-unboost|p1a: Ursaluna|atk|1
|-unboost|p1a: Ursaluna|spa|1
|
|t:|1776053390
|switch|p2a: Moltres|Moltres|100/100|[from] Parting Shot
|move|p1a: Ursaluna|Shadow Claw|p2a: Moltres
|-damage|p2a: Moltres|75/100
|
|-damage|p1a: Ursaluna|58/100 brn|[from] brn
|upkeep
|turn|13
|
|t:|1776053395
|move|p2a: Moltres|U-turn|p1a: Ursaluna
|-damage|p1a: Ursaluna|52/100 brn
|
|t:|1776053397
|switch|p2a: Pecharunt|Pecharunt|59/100|[from] U-turn
|move|p1a: Ursaluna|Bulk Up|p1a: Ursaluna
|-boost|p1a: Ursaluna|atk|1
|-boost|p1a: Ursaluna|def|1
|
|-damage|p1a: Ursaluna|46/100 brn|[from] brn
|upkeep
|turn|14
|
|t:|1776053401
|move|p2a: Pecharunt|Parting Shot|p1a: Ursaluna
|-unboost|p1a: Ursaluna|atk|1
|-unboost|p1a: Ursaluna|spa|1
|
|t:|1776053403
|switch|p2a: Moltres|Moltres|75/100|[from] Parting Shot
|move|p1a: Ursaluna|Bulk Up|p1a: Ursaluna
|-boost|p1a: Ursaluna|atk|1
|-boost|p1a: Ursaluna|def|1
|
|-damage|p1a: Ursaluna|40/100 brn|[from] brn
|upkeep
|turn|15
|
|t:|1776053418
|move|p1a: Ursaluna|Shadow Claw|p2a: Moltres
|-damage|p2a: Moltres|30/100
|move|p2a: Moltres|Roar|p1a: Ursaluna
|drag|p1a: Deoxys|Deoxys-Speed|55/100
|-damage|p1a: Deoxys|42/100|[from] Stealth Rock
|-ability|p1a: Deoxys|Pressure
|
|upkeep
|turn|16
|
|t:|1776053428
|move|p1a: Deoxys|Stealth Rock|p2a: Moltres
|-sidestart|p2: ahaoby|move: Stealth Rock
|move|p2a: Moltres|Roost|p2a: Moltres
|-heal|p2a: Moltres|80/100
|-singleturn|p2a: Moltres|move: Roost
|
|upkeep
|turn|17
|
|t:|1776053435
|move|p1a: Deoxys|Light Screen|p1a: Deoxys
|-sidestart|p1: OOOMMM|move: Light Screen
|move|p2a: Moltres|Flamethrower|p1a: Deoxys
|-damage|p1a: Deoxys|19/100
|
|upkeep
|turn|18
|
|t:|1776053440
|move|p1a: Deoxys|Reflect|p1a: Deoxys
|-sidestart|p1: OOOMMM|Reflect
|move|p2a: Moltres|U-turn|p1a: Deoxys
|-supereffective|p1a: Deoxys
|-damage|p1a: Deoxys|0 fnt
|faint|p1a: Deoxys
|
|t:|1776053448
|switch|p2a: Ogerpon|Ogerpon-Wellspring, F|46/100|[from] U-turn
|-damage|p2a: Ogerpon|34/100|[from] Stealth Rock
|
|upkeep
|
|t:|1776053457
|switch|p1a: Ursaluna|Ursaluna, M|40/100 brn
|-damage|p1a: Ursaluna|34/100 brn|[from] Stealth Rock
|turn|19
|
|t:|1776053463
|move|p2a: Ogerpon|Ivy Cudgel|p1a: Ursaluna|[anim] Ivy Cudgel Water
|-supereffective|p1a: Ursaluna
|-damage|p1a: Ursaluna|0 fnt
|faint|p1a: Ursaluna
|
|upkeep
|
|t:|1776053477
|switch|p1a: Iron Valiant|Iron Valiant|100/100
|-damage|p1a: Iron Valiant|94/100|[from] Stealth Rock
|-enditem|p1a: Iron Valiant|Booster Energy
|-activate|p1a: Iron Valiant|ability: Quark Drive|[fromitem]
|-start|p1a: Iron Valiant|quarkdrivespe
|turn|20
|
|t:|1776053484
|move|p1a: Iron Valiant|Swords Dance|p1a: Iron Valiant
|-boost|p1a: Iron Valiant|atk|2
|move|p2a: Ogerpon|Ivy Cudgel|p1a: Iron Valiant|[anim] Ivy Cudgel Water
|-damage|p1a: Iron Valiant|53/100
|
|upkeep
|turn|21
|j| PorkChump
|
|t:|1776053498
|switch|p2a: Moltres|Moltres|80/100
|move|p1a: Iron Valiant|Knock Off|p2a: Moltres
|-damage|p2a: Moltres|11/100
|-enditem|p2a: Moltres|Heavy-Duty Boots|[from] move: Knock Off|[of] p1a: Iron Valiant
|
|upkeep
|turn|22
|
|t:|1776053507
|move|p1a: Iron Valiant|Knock Off|p2a: Moltres
|-crit|p2a: Moltres
|-damage|p2a: Moltres|0 fnt
|faint|p2a: Moltres
|
|upkeep
|
|t:|1776053511
|switch|p2a: Pecharunt|Pecharunt|59/100
|turn|23
|
|t:|1776053517
|-terastallize|p2a: Pecharunt|Dark
|move|p1a: Iron Valiant|Knock Off|p2a: Pecharunt
|-resisted|p2a: Pecharunt
|-damage|p2a: Pecharunt|43/100
|-enditem|p2a: Pecharunt|Heavy-Duty Boots|[from] move: Knock Off|[of] p1a: Iron Valiant
|move|p2a: Pecharunt|Malignant Chain|p1a: Iron Valiant
|-supereffective|p1a: Iron Valiant
|-damage|p1a: Iron Valiant|0 fnt
|faint|p1a: Iron Valiant
|-end|p1a: Iron Valiant|Quark Drive|[silent]
|
|upkeep
|
|t:|1776053546
|switch|p1a: Dragonite|Dragonite, M|100/100
|turn|24
|
|t:|1776053553
|move|p1a: Dragonite|Dragon Dance|p1a: Dragonite
|-boost|p1a: Dragonite|atk|1
|-boost|p1a: Dragonite|spe|1
|move|p2a: Pecharunt|Malignant Chain|p1a: Dragonite
|-damage|p1a: Dragonite|92/100
|-status|p1a: Dragonite|tox
|-start|p1a: Dragonite|confusion|[from] ability: Poison Puppeteer|[of] p2a: Pecharunt
|
|-damage|p1a: Dragonite|86/100 tox|[from] psn
|-sideend|p1: OOOMMM|move: Light Screen
|upkeep
|turn|25
|
|t:|1776053564
|-activate|p1a: Dragonite|confusion
|move|p1a: Dragonite|Earthquake|p2a: Pecharunt
|-damage|p2a: Pecharunt|16/100
|move|p2a: Pecharunt|Recover|p2a: Pecharunt
|-heal|p2a: Pecharunt|66/100
|
|-damage|p1a: Dragonite|73/100 tox|[from] psn
|-sideend|p1: OOOMMM|Reflect
|upkeep
|turn|26
|
|t:|1776053574
|-end|p1a: Dragonite|confusion
|move|p1a: Dragonite|Dragon Dance|p1a: Dragonite
|-boost|p1a: Dragonite|atk|1
|-boost|p1a: Dragonite|spe|1
|move|p2a: Pecharunt|Hex|p1a: Dragonite
|-damage|p1a: Dragonite|29/100 tox
|
|-damage|p1a: Dragonite|11/100 tox|[from] psn
|upkeep
|turn|27
|
|t:|1776053582
|move|p1a: Dragonite|Earthquake|p2a: Pecharunt
|-damage|p2a: Pecharunt|27/100
|move|p2a: Pecharunt|Recover|p2a: Pecharunt
|-heal|p2a: Pecharunt|77/100
|
|-damage|p1a: Dragonite|0 fnt|[from] psn
|faint|p1a: Dragonite
|upkeep
|
|t:|1776053602
|switch|p1a: Gholdengo|Gholdengo, tera:Fairy|100/100
|-damage|p1a: Gholdengo|88/100|[from] Stealth Rock
|turn|28
|
|t:|1776053607
|move|p1a: Gholdengo|Focus Blast|p2a: Pecharunt|[miss]
|-miss|p1a: Gholdengo|p2a: Pecharunt
|move|p2a: Pecharunt|Malignant Chain|p1a: Gholdengo
|-supereffective|p1a: Gholdengo
|-damage|p1a: Gholdengo|16/100
|
|upkeep
|turn|29
|l| PorkChump
|
|t:|1776053629
|move|p1a: Gholdengo|Focus Blast|p2a: Pecharunt|[miss]
|-miss|p1a: Gholdengo|p2a: Pecharunt
|move|p2a: Pecharunt|Hex|p1a: Gholdengo
|-damage|p1a: Gholdengo|0 fnt
|faint|p1a: Gholdengo
|
|upkeep
|
|t:|1776053634
|switch|p1a: Iron Moth|Iron Moth|100/100
|-damage|p1a: Iron Moth|76/100|[from] Stealth Rock
|-enditem|p1a: Iron Moth|Booster Energy
|-activate|p1a: Iron Moth|ability: Quark Drive|[fromitem]
|-start|p1a: Iron Moth|quarkdrivespa
|turn|30
|
|t:|1776053641
|move|p1a: Iron Moth|Fiery Dance|p2a: Pecharunt
|-damage|p2a: Pecharunt|21/100
|move|p2a: Pecharunt|Parting Shot|p1a: Iron Moth
|-unboost|p1a: Iron Moth|atk|1
|-unboost|p1a: Iron Moth|spa|1
|
|t:|1776053644
|switch|p2a: Ogerpon|Ogerpon-Wellspring, F|34/100|[from] Parting Shot
|-damage|p2a: Ogerpon|21/100|[from] Stealth Rock
|
|upkeep
|turn|31
|
|t:|1776053647
|move|p1a: Iron Moth|Fiery Dance|p2a: Ogerpon
|-damage|p2a: Ogerpon|0 fnt
|faint|p2a: Ogerpon
|
|upkeep
|
|t:|1776053650
|switch|p2a: Kommo-o|Kommo-o, F|100/100
|-damage|p2a: Kommo-o|94/100|[from] Stealth Rock
|turn|32
|
|t:|1776053662
|move|p1a: Iron Moth|Fiery Dance|p2a: Kommo-o
|-resisted|p2a: Kommo-o
|-damage|p2a: Kommo-o|74/100
|-boost|p1a: Iron Moth|spa|1
|move|p2a: Kommo-o|Clangorous Soul|p2a: Kommo-o
|-boost|p2a: Kommo-o|atk|1
|-boost|p2a: Kommo-o|def|1
|-boost|p2a: Kommo-o|spa|1
|-boost|p2a: Kommo-o|spd|1
|-boost|p2a: Kommo-o|spe|1
|-damage|p2a: Kommo-o|41/100
|-enditem|p2a: Kommo-o|Throat Spray
|-boost|p2a: Kommo-o|spa|1|[from] item: Throat Spray
|
|upkeep
|turn|33
|
|t:|1776053676
|move|p2a: Kommo-o|Clanging Scales|p1a: Iron Moth
|-damage|p1a: Iron Moth|0 fnt
|faint|p1a: Iron Moth
|-end|p1a: Iron Moth|Quark Drive|[silent]
|
|win|ahaoby
|raw|OOOMMM's rating: 1198 &rarr; <strong>1169</strong><br />(-29 for losing)
|raw|ahaoby's rating: 1145 &rarr; <strong>1174</strong><br />(+29 for winning)
|c|☆OOOMMM|gg
|c|☆ahaoby|gg
|l|☆OOOMMM
|player|p1|
|l|☆ahaoby
|player|p2|
