|html|<div class="broadcast-blue"><strong>[Gen 9] OU is currently suspecting Tera Blast! For information on how to participate check out the <a href="https://www.smogon.com/tools/suspects/view/200">suspect thread</a>.</strong></div>
|j|☆tapeonastick
|j|☆ELTVPAPU
|t:|1776038550
|gametype|singles
|player|p1|tapeonastick|101|1250
|player|p2|ELTVPAPU|koga|1196
|gen|9
|tier|[Gen 9] OU
|rated|
|rule|HP Percentage Mod: HP is shown in percentages
|rule|Endless Battle Clause: Forcing endless battles is banned
|rule|Species Clause: Limit one of each Pokémon
|rule|OHKO Clause: OHKO moves are banned
|rule|Evasion Items Clause: Evasion items are banned
|rule|Evasion Moves Clause: Evasion moves are banned
|rule|Evasion Abilities Clause: Evasion abilities are banned
|rule|Sleep Moves Clause: Sleep-inducing moves are banned
|clearpoke
|poke|p1|Samurott-Hisui, F|
|poke|p1|Iron Valiant|
|poke|p1|Pecharunt|
|poke|p1|Reuniclus, F|
|poke|p1|Darkrai|
|poke|p1|Kingambit, F|
|poke|p2|Garchomp, F|
|poke|p2|Kingambit, F|
|poke|p2|Rotom-Wash|
|poke|p2|Scizor, F|
|poke|p2|Gliscor, M|
|poke|p2|Conkeldurr, M|
|teampreview
|
|t:|1776038580
|teamsize|p1|6
|teamsize|p2|6
|start
|switch|p1a: Valediction|Samurott-Hisui, F|100/100
|switch|p2a: Garchomp|Garchomp, F|100/100
|turn|1
|
|t:|1776038611
|move|p2a: Garchomp|Stealth Rock|p1a: Valediction
|-sidestart|p1: tapeonastick|move: Stealth Rock
|move|p1a: Valediction|Taunt|p2a: Garchomp
|-start|p2a: Garchomp|move: Taunt
|
|upkeep
|turn|2
|
|t:|1776038621
|move|p2a: Garchomp|Earthquake|p1a: Valediction
|-damage|p1a: Valediction|30/100
|move|p1a: Valediction|Ceaseless Edge|p2a: Garchomp
|-damage|p2a: Garchomp|60/100
|-damage|p1a: Valediction|18/100|[from] ability: Rough Skin|[of] p2a: Garchomp
|-damage|p1a: Valediction|1/100|[from] item: Rocky Helmet|[of] p2a: Garchomp
|-sidestart|p2: ELTVPAPU|Spikes
|
|upkeep
|turn|3
|
|t:|1776038638
|move|p1a: Valediction|Aqua Jet|p2a: Garchomp
|-damage|p2a: Garchomp|43/100
|-damage|p1a: Valediction|0 fnt|[from] ability: Rough Skin|[of] p2a: Garchomp
|faint|p1a: Valediction
|move|p2a: Garchomp|Fire Fang|p1: Valediction|[notarget]
|-fail|p2a: Garchomp
|
|upkeep
|
|t:|1776038663
|switch|p1a: Scarlet Devil|Darkrai|100/100
|-damage|p1a: Scarlet Devil|88/100|[from] Stealth Rock
|turn|4
|
|t:|1776038671
|move|p1a: Scarlet Devil|Dark Pulse|p2a: Garchomp
|-damage|p2a: Garchomp|0 fnt
|faint|p2a: Garchomp
|
|upkeep
|
|t:|1776038679
|switch|p2a: Scizor|Scizor, F, shiny|100/100
|-damage|p2a: Scizor|88/100|[from] Spikes
|turn|5
|
|t:|1776038690
|switch|p1a: Azathoth|Pecharunt|100/100
|-damage|p1a: Azathoth|88/100|[from] Stealth Rock
|move|p2a: Scizor|Brick Break|p1a: Azathoth
|-immune|p1a: Azathoth
|
|upkeep
|turn|6
|
|t:|1776038710
|move|p2a: Scizor|Bullet Punch|p1a: Azathoth
|-crit|p1a: Azathoth
|-damage|p1a: Azathoth|43/100
|-damage|p2a: Scizor|78/100|[from] item: Life Orb
|move|p1a: Azathoth|Nasty Plot|p1a: Azathoth
|-boost|p1a: Azathoth|spa|2
|
|upkeep
|turn|7
|
|t:|1776038726
|move|p2a: Scizor|Bullet Punch|p1a: Azathoth
|-damage|p1a: Azathoth|11/100
|-damage|p2a: Scizor|68/100|[from] item: Life Orb
|move|p1a: Azathoth|Shadow Ball|p2a: Scizor
|-damage|p2a: Scizor|0 fnt
|faint|p2a: Scizor
|
|upkeep
|
|t:|1776038739
|switch|p2a: Rotom|Rotom-Wash|100/100
|turn|8
|
|t:|1776038750
|move|p1a: Azathoth|Malignant Chain|p2a: Rotom
|-damage|p2a: Rotom|15/100
|-status|p2a: Rotom|tox
|-start|p2a: Rotom|confusion|[from] ability: Poison Puppeteer|[of] p1a: Azathoth
|-enditem|p2a: Rotom|Sitrus Berry|[eat]
|-heal|p2a: Rotom|40/100 tox|[from] item: Sitrus Berry
|-activate|p2a: Rotom|confusion
|move|p2a: Rotom|Volt Switch|p1a: Azathoth
|-damage|p1a: Azathoth|0 fnt
|faint|p1a: Azathoth
|
|t:|1776038763
|switch|p2a: Gliscor|Gliscor, M, shiny|100/100|[from] Volt Switch
|
|-status|p2a: Gliscor|tox|[from] item: Toxic Orb
|upkeep
|
|t:|1776038785
|switch|p1a: Scarlet Devil|Darkrai|88/100
|-damage|p1a: Scarlet Devil|76/100|[from] Stealth Rock
|turn|9
|
|t:|1776038792
|move|p2a: Gliscor|Protect|p2a: Gliscor
|-singleturn|p2a: Gliscor|Protect
|move|p1a: Scarlet Devil|Ice Beam|p2a: Gliscor
|-activate|p2a: Gliscor|move: Protect
|
|upkeep
|turn|10
|
|t:|1776038802
|switch|p2a: Rotom|Rotom-Wash|40/100 tox
|move|p1a: Scarlet Devil|Knock Off|p2a: Rotom
|-damage|p2a: Rotom|21/100 tox
|
|-damage|p2a: Rotom|14/100 tox|[from] psn
|upkeep
|turn|11
|
|t:|1776038812
|move|p1a: Scarlet Devil|Dark Pulse|p2a: Rotom
|-damage|p2a: Rotom|0 fnt
|faint|p2a: Rotom
|
|upkeep
|
|t:|1776038819
|switch|p2a: Kingambit|Kingambit, F, shiny|100/100
|-damage|p2a: Kingambit|88/100|[from] Spikes
|-activate|p2a: Kingambit|ability: Supreme Overlord
|-start|p2a: Kingambit|fallen3|[silent]
|turn|12
|
|t:|1776038855
|move|p2a: Kingambit|Protect|p2a: Kingambit
|-singleturn|p2a: Kingambit|Protect
|move|p1a: Scarlet Devil|Knock Off|p2a: Kingambit
|-activate|p2a: Kingambit|move: Protect
|
|-heal|p2a: Kingambit|94/100|[from] item: Leftovers
|upkeep
|turn|13
|
|t:|1776038868
|move|p1a: Scarlet Devil|Knock Off|p2a: Kingambit
|-resisted|p2a: Kingambit
|-damage|p2a: Kingambit|77/100
|-enditem|p2a: Kingambit|Leftovers|[from] move: Knock Off|[of] p1a: Scarlet Devil
|move|p2a: Kingambit|Metal Claw|p1a: Scarlet Devil
|-damage|p1a: Scarlet Devil|28/100
|
|upkeep
|turn|14
|c|☆tapeonastick|?
|
|t:|1776038879
|move|p1a: Scarlet Devil|Dark Pulse|p2a: Kingambit
|-resisted|p2a: Kingambit
|-damage|p2a: Kingambit|49/100
|cant|p2a: Kingambit|flinch
|
|upkeep
|turn|15
|
|t:|1776038886
|move|p1a: Scarlet Devil|Dark Pulse|p2a: Kingambit
|-resisted|p2a: Kingambit
|-damage|p2a: Kingambit|20/100
|move|p2a: Kingambit|Metal Claw|p1a: Scarlet Devil|[miss]
|-miss|p2a: Kingambit|p1a: Scarlet Devil
|
|upkeep
|turn|16
|
|t:|1776038896
|move|p2a: Kingambit|Sucker Punch|p1a: Scarlet Devil
|-resisted|p1a: Scarlet Devil
|-damage|p1a: Scarlet Devil|0 fnt
|faint|p1a: Scarlet Devil
|
|upkeep
|
|t:|1776038900
|switch|p1a: Mani Katti|Iron Valiant|100/100
|-damage|p1a: Mani Katti|94/100|[from] Stealth Rock
|-enditem|p1a: Mani Katti|Booster Energy
|-activate|p1a: Mani Katti|ability: Quark Drive|[fromitem]
|-start|p1a: Mani Katti|quarkdrivespa
|turn|17
|
|t:|1776038910
|move|p1a: Mani Katti|Vacuum Wave|p2a: Kingambit
|-supereffective|p2a: Kingambit
|-damage|p2a: Kingambit|0 fnt
|faint|p2a: Kingambit
|-end|p2a: Kingambit|fallen3|[silent]
|
|upkeep
|
|t:|1776038917
|switch|p2a: Gliscor|Gliscor, M, shiny|100/100 tox
|turn|18
|
|t:|1776038927
|-end|p1a: Mani Katti|Quark Drive|[silent]
|switch|p1a: Metastasis|Reuniclus, F|100/100
|move|p2a: Gliscor|Protect||[still]
|-fail|p2a: Gliscor
|
|upkeep
|turn|19
|
|t:|1776038936
|move|p2a: Gliscor|Earthquake|p1a: Metastasis
|-damage|p1a: Metastasis|68/100
|move|p1a: Metastasis|Trick Room|p1a: Metastasis
|-fieldstart|move: Trick Room|[of] p1a: Metastasis
|
|upkeep
|turn|20
|
|t:|1776038942
|move|p1a: Metastasis|Psychic Noise|p2a: Gliscor
|-damage|p2a: Gliscor|38/100 tox
|-start|p2a: Gliscor|move: Heal Block
|move|p2a: Gliscor|Toxic|p1a: Metastasis|[miss]
|-miss|p2a: Gliscor|p1a: Metastasis
|
|upkeep
|turn|21
|
|t:|1776038951
|move|p1a: Metastasis|Psychic Noise|p2a: Gliscor
|-damage|p2a: Gliscor|0 fnt
|faint|p2a: Gliscor
|
|upkeep
|
|t:|1776038957
|switch|p2a: Conkeldurr|Conkeldurr, M, shiny|100/100
|-damage|p2a: Conkeldurr|88/100|[from] Spikes
|turn|22
|
|t:|1776038971
|move|p1a: Metastasis|Psychic Noise|p2a: Conkeldurr
|-supereffective|p2a: Conkeldurr
|-crit|p2a: Conkeldurr
|-damage|p2a: Conkeldurr|0 fnt
|faint|p2a: Conkeldurr
|
|win|tapeonastick
|raw|tapeonastick's rating: 1250 &rarr; <strong>1271</strong><br />(+21 for winning)
|raw|ELTVPAPU's rating: 1196 &rarr; <strong>1175</strong><br />(-21 for losing)
|l|☆tapeonastick
|player|p1|
|l|☆ELTVPAPU
|player|p2|
