|html|<div class="broadcast-blue"><strong>[Gen 9] OU is currently suspecting Tera Blast! For information on how to participate check out the <a href="https://www.smogon.com/tools/suspects/view/200">suspect thread</a>.</strong></div>
|j|☆loudclouds103
|j|☆Danfli
|t:|1776056304
|gametype|singles
|player|p1|loudclouds103|1|1081
|player|p2|Danfli|lucas|1050
|gen|9
|tier|[Gen 9] OU
|rated|
|rule|HP Percentage Mod: HP is shown in percentages
|rule|Endless Battle Clause: Forcing endless battles is banned
|rule|Species Clause: Limit one of each Pokémon
|rule|OHKO Clause: OHKO moves are banned
|rule|Evasion Items Clause: Evasion items are banned
|rule|Evasion Moves Clause: Evasion moves are banned
|rule|Evasion Abilities Clause: Evasion abilities are banned
|rule|Sleep Moves Clause: Sleep-inducing moves are banned
|clearpoke
|poke|p1|Skuntank, F|
|poke|p1|Ribombee, F|
|poke|p1|Floatzel, F|
|poke|p1|Thundurus, M|
|poke|p1|Moltres|
|poke|p1|Arcanine-Hisui, F|
|poke|p2|Corviknight, M|
|poke|p2|Garchomp, M|
|poke|p2|Ninetales-Alola, M|
|poke|p2|Arcanine, F|
|poke|p2|Zebstrika, M|
|poke|p2|Samurott-Hisui, M|
|teampreview
|
|t:|1776056328
|teamsize|p1|6
|teamsize|p2|6
|start
|switch|p1a: Arcanine|Arcanine-Hisui, F|100/100
|switch|p2a: Samurott|Samurott-Hisui, M|100/100
|turn|1
|
|t:|1776056335
|move|p1a: Arcanine|Close Combat|p2a: Samurott
|-supereffective|p2a: Samurott
|-damage|p2a: Samurott|0 fnt
|-unboost|p1a: Arcanine|def|1
|-unboost|p1a: Arcanine|spd|1
|faint|p2a: Samurott
|-damage|p1a: Arcanine|91/100|[from] item: Life Orb
|
|upkeep
|
|t:|1776056346
|switch|p2a: Garchomp|Garchomp, M|100/100
|turn|2
|
|t:|1776056363
|switch|p1a: Moltres|Moltres|100/100
|-ability|p1a: Moltres|Pressure
|move|p2a: Garchomp|Earthquake|p1a: Moltres
|-immune|p1a: Moltres
|
|upkeep
|turn|3
|
|t:|1776056382
|move|p2a: Garchomp|Dragon Claw|p1a: Moltres
|-damage|p1a: Moltres|57/100
|move|p1a: Moltres|Will-O-Wisp|p2a: Garchomp
|-status|p2a: Garchomp|brn
|
|-damage|p2a: Garchomp|94/100 brn|[from] brn
|upkeep
|turn|4
|
|t:|1776056398
|move|p2a: Garchomp|Protect|p2a: Garchomp
|-singleturn|p2a: Garchomp|Protect
|move|p1a: Moltres|Roost|p1a: Moltres
|-heal|p1a: Moltres|100/100
|-singleturn|p1a: Moltres|move: Roost
|
|-heal|p2a: Garchomp|100/100 brn|[from] item: Leftovers
|-damage|p2a: Garchomp|94/100 brn|[from] brn
|upkeep
|turn|5
|
|t:|1776056418
|move|p2a: Garchomp|Dragon Claw|p1a: Moltres
|-damage|p1a: Moltres|79/100
|move|p1a: Moltres|Brave Bird|p2a: Garchomp
|-damage|p2a: Garchomp|57/100 brn
|-damage|p1a: Moltres|66/100|[from] ability: Rough Skin|[of] p2a: Garchomp
|-damage|p1a: Moltres|55/100|[from] Recoil
|
|-heal|p2a: Garchomp|64/100 brn|[from] item: Leftovers
|-damage|p2a: Garchomp|57/100 brn|[from] brn
|upkeep
|turn|6
|
|t:|1776056432
|move|p2a: Garchomp|Dragon Claw|p1a: Moltres
|-damage|p1a: Moltres|35/100
|move|p1a: Moltres|Roost|p1a: Moltres
|-heal|p1a: Moltres|85/100
|-singleturn|p1a: Moltres|move: Roost
|
|-heal|p2a: Garchomp|64/100 brn|[from] item: Leftovers
|-damage|p2a: Garchomp|57/100 brn|[from] brn
|upkeep
|turn|7
|
|t:|1776056445
|move|p2a: Garchomp|Dragon Claw|p1a: Moltres
|-damage|p1a: Moltres|66/100
|move|p1a: Moltres|Brave Bird|p2a: Garchomp
|-damage|p2a: Garchomp|20/100 brn
|-damage|p1a: Moltres|53/100|[from] ability: Rough Skin|[of] p2a: Garchomp
|-damage|p1a: Moltres|42/100|[from] Recoil
|
|-heal|p2a: Garchomp|27/100 brn|[from] item: Leftovers
|-damage|p2a: Garchomp|20/100 brn|[from] brn
|upkeep
|turn|8
|
|t:|1776056461
|move|p2a: Garchomp|Dragon Claw|p1a: Moltres
|-damage|p1a: Moltres|22/100
|move|p1a: Moltres|Roost|p1a: Moltres
|-heal|p1a: Moltres|72/100
|-singleturn|p1a: Moltres|move: Roost
|
|-heal|p2a: Garchomp|27/100 brn|[from] item: Leftovers
|-damage|p2a: Garchomp|20/100 brn|[from] brn
|upkeep
|turn|9
|
|t:|1776056473
|move|p2a: Garchomp|Dragon Claw|p1a: Moltres
|-damage|p1a: Moltres|53/100
|move|p1a: Moltres|Roost|p1a: Moltres
|-heal|p1a: Moltres|100/100
|-singleturn|p1a: Moltres|move: Roost
|
|-heal|p2a: Garchomp|27/100 brn|[from] item: Leftovers
|-damage|p2a: Garchomp|20/100 brn|[from] brn
|upkeep
|turn|10
|
|t:|1776056484
|move|p2a: Garchomp|Dragon Claw|p1a: Moltres
|-damage|p1a: Moltres|82/100
|move|p1a: Moltres|Brave Bird|p2a: Garchomp
|-damage|p2a: Garchomp|0 fnt
|-damage|p1a: Moltres|69/100|[from] ability: Rough Skin|[of] p2a: Garchomp
|faint|p2a: Garchomp
|-damage|p1a: Moltres|63/100|[from] Recoil
|
|upkeep
|
|t:|1776056498
|switch|p2a: Zebstrika|Zebstrika, M|100/100
|turn|11
|
|t:|1776056505
|move|p2a: Zebstrika|Wild Charge|p1a: Moltres
|-supereffective|p1a: Moltres
|-damage|p1a: Moltres|0 fnt
|faint|p1a: Moltres
|-damage|p2a: Zebstrika|82/100|[from] Recoil
|
|upkeep
|
|t:|1776056517
|switch|p1a: Ribombee|Ribombee, F|100/100
|turn|12
|
|t:|1776056525
|-terastallize|p2a: Zebstrika|Flying
|move|p1a: Ribombee|Sticky Web|p2a: Zebstrika
|-sidestart|p2: Danfli|move: Sticky Web
|move|p2a: Zebstrika|Flame Charge|p1a: Ribombee
|-supereffective|p1a: Ribombee
|-damage|p1a: Ribombee|41/100
|-boost|p2a: Zebstrika|spe|1
|
|upkeep
|turn|13
|
|t:|1776056533
|move|p2a: Zebstrika|Flame Charge|p1a: Ribombee
|-supereffective|p1a: Ribombee
|-damage|p1a: Ribombee|0 fnt
|-boost|p2a: Zebstrika|spe|1
|faint|p1a: Ribombee
|
|upkeep
|
|t:|1776056540
|switch|p1a: Thundurus|Thundurus, M|100/100
|turn|14
|
|t:|1776056549
|move|p2a: Zebstrika|Flame Charge|p1a: Thundurus
|-damage|p1a: Thundurus|78/100
|-boost|p2a: Zebstrika|spe|1
|move|p1a: Thundurus|Sludge Bomb|p2a: Zebstrika
|-damage|p2a: Zebstrika|32/100
|
|upkeep
|turn|15
|
|t:|1776056558
|move|p1a: Thundurus|Sludge Bomb|p2a: Zebstrika
|-damage|p2a: Zebstrika|0 fnt
|faint|p2a: Zebstrika
|
|upkeep
|
|t:|1776056565
|switch|p2a: Ninetales|Ninetales-Alola, M|100/100
|-activate|p2a: Ninetales|move: Sticky Web
|-unboost|p2a: Ninetales|spe|1
|-weather|Snowscape|[from] ability: Snow Warning|[of] p2a: Ninetales
|turn|16
|
|t:|1776056575
|move|p1a: Thundurus|Sludge Bomb|p2a: Ninetales
|-supereffective|p2a: Ninetales
|-damage|p2a: Ninetales|31/100
|move|p2a: Ninetales|Aurora Veil|p2a: Ninetales
|-sidestart|p2: Danfli|move: Aurora Veil
|
|-weather|Snowscape|[upkeep]
|upkeep
|turn|17
|
|t:|1776056582
|move|p1a: Thundurus|Sludge Bomb|p2a: Ninetales
|-supereffective|p2a: Ninetales
|-damage|p2a: Ninetales|0 fnt
|faint|p2a: Ninetales
|
|-weather|Snowscape|[upkeep]
|upkeep
|
|t:|1776056589
|switch|p2a: Arcanine|Arcanine, F|100/100
|-activate|p2a: Arcanine|move: Sticky Web
|-unboost|p2a: Arcanine|spe|1
|-ability|p2a: Arcanine|Intimidate|boost
|-unboost|p1a: Thundurus|atk|1
|turn|18
|
|t:|1776056599
|move|p1a: Thundurus|Volt Switch|p2a: Arcanine
|-damage|p2a: Arcanine|82/100
|
|t:|1776056609
|switch|p1a: Skuntank|Skuntank, F|100/100|[from] Volt Switch
|move|p2a: Arcanine|Temper Flare|p1a: Skuntank
|-damage|p1a: Skuntank|55/100
|
|-weather|Snowscape|[upkeep]
|-heal|p1a: Skuntank|61/100|[from] item: Black Sludge
|-heal|p2a: Arcanine|88/100|[from] item: Leftovers
|upkeep
|turn|19
|
|t:|1776056625
|move|p1a: Skuntank|Knock Off|p2a: Arcanine
|-damage|p2a: Arcanine|66/100
|-enditem|p2a: Arcanine|Leftovers|[from] move: Knock Off|[of] p1a: Skuntank
|move|p2a: Arcanine|Temper Flare|p1a: Skuntank
|-damage|p1a: Skuntank|11/100
|
|-weather|Snowscape|[upkeep]
|-heal|p1a: Skuntank|17/100|[from] item: Black Sludge
|upkeep
|turn|20
|
|t:|1776056636
|move|p1a: Skuntank|Gunk Shot|p2a: Arcanine
|-damage|p2a: Arcanine|40/100
|-status|p2a: Arcanine|psn
|move|p2a: Arcanine|Temper Flare|p1a: Skuntank
|-damage|p1a: Skuntank|0 fnt
|-damage|p2a: Arcanine|15/100 psn|[from] ability: Aftermath|[of] p1a: Skuntank
|faint|p1a: Skuntank
|
|-weather|none
|-damage|p2a: Arcanine|3/100 psn|[from] psn
|-sideend|p2: Danfli|move: Aurora Veil
|upkeep
|
|t:|1776056655
|switch|p1a: Arcanine|Arcanine-Hisui, F|91/100
|turn|21
|
|t:|1776056663
|move|p1a: Arcanine|Extreme Speed|p2a: Arcanine
|-damage|p2a: Arcanine|0 fnt
|faint|p2a: Arcanine
|-damage|p1a: Arcanine|81/100|[from] item: Life Orb
|
|upkeep
|
|t:|1776056669
|switch|p2a: Corviknight|Corviknight, M|100/100
|turn|22
|
|t:|1776056674
|move|p1a: Arcanine|Flare Blitz|p2a: Corviknight
|-supereffective|p2a: Corviknight
|-damage|p2a: Corviknight|0 fnt
|faint|p2a: Corviknight
|-damage|p1a: Arcanine|71/100|[from] item: Life Orb
|
|win|loudclouds103
|raw|loudclouds103's rating: 1081 &rarr; <strong>1106</strong><br />(+25 for winning)
|raw|Danfli's rating: 1050 &rarr; <strong>1034</strong><br />(-16 for losing)
|l|☆Danfli
|player|p2|
|l|☆loudclouds103
|player|p1|
