|html|<div class="broadcast-blue"><strong>[Gen 9] OU is currently suspecting Tera Blast! For information on how to participate check out the <a href="https://www.smogon.com/tools/suspects/view/200">suspect thread</a>.</strong></div>
|j|☆bullseye02
|j|☆Slippygar
|t:|1776107560
|gametype|singles
|player|p1|bullseye02|veteran|1079
|player|p2|Slippygar|101|1066
|gen|9
|tier|[Gen 9] OU
|rated|
|rule|HP Percentage Mod: HP is shown in percentages
|rule|Endless Battle Clause: Forcing endless battles is banned
|rule|Species Clause: Limit one of each Pokémon
|rule|OHKO Clause: OHKO moves are banned
|rule|Evasion Items Clause: Evasion items are banned
|rule|Evasion Moves Clause: Evasion moves are banned
|rule|Evasion Abilities Clause: Evasion abilities are banned
|rule|Sleep Moves Clause: Sleep-inducing moves are banned
|clearpoke
|poke|p1|Corviknight, M|
|poke|p1|Great Tusk|
|poke|p1|Heatran, M|
|poke|p1|Dragapult, M|
|poke|p1|Kingambit, M|
|poke|p1|Rotom-Wash|
|poke|p2|Dragapult, F|
|poke|p2|Zamazenta-*|
|poke|p2|Walking Wake|
|poke|p2|Arbok, M|
|poke|p2|Iron Treads|
|poke|p2|Gliscor, F|
|teampreview
|
|t:|1776107579
|teamsize|p1|6
|teamsize|p2|6
|start
|switch|p1a: Corviknight|Corviknight, M|100/100
|switch|p2a: Arbok|Arbok, M|100/100
|-ability|p2a: Arbok|Intimidate|boost
|-unboost|p1a: Corviknight|atk|1
|-ability|p1a: Corviknight|Pressure
|turn|1
|
|t:|1776107608
|move|p2a: Arbok|Toxic Spikes|p1a: Corviknight
|-sidestart|p1: bullseye02|move: Toxic Spikes
|move|p1a: Corviknight|Brave Bird|p2a: Arbok
|-damage|p2a: Arbok|53/100
|-damage|p1a: Corviknight|85/100|[from] Recoil
|
|upkeep
|turn|2
|inactive|Battle timer is ON: inactive players will automatically lose when time's up. (requested by Slippygar)
|
|t:|1776107621
|switch|p2a: Walking Wake|Walking Wake|100/100
|-enditem|p2a: Walking Wake|Booster Energy
|-activate|p2a: Walking Wake|ability: Protosynthesis|[fromitem]
|-start|p2a: Walking Wake|protosynthesisspa
|move|p1a: Corviknight|Steel Beam|p2a: Walking Wake
|-resisted|p2a: Walking Wake
|-damage|p2a: Walking Wake|83/100
|-damage|p1a: Corviknight|35/100|[from] steelbeam
|
|upkeep
|turn|3
|
|t:|1776107632
|move|p2a: Walking Wake|Scald|p1a: Corviknight
|-damage|p1a: Corviknight|0 fnt
|faint|p1a: Corviknight
|
|upkeep
|
|t:|1776107639
|switch|p1a: Dragapult|Dragapult, M|100/100
|-status|p1a: Dragapult|psn
|turn|4
|
|t:|1776107648
|-terastallize|p2a: Walking Wake|Water
|move|p1a: Dragapult|Draco Meteor|p2a: Walking Wake
|-crit|p2a: Walking Wake
|-damage|p2a: Walking Wake|0 fnt
|-unboost|p1a: Dragapult|spa|2
|faint|p2a: Walking Wake
|-end|p2a: Walking Wake|Protosynthesis|[silent]
|-damage|p1a: Dragapult|91/100 psn|[from] item: Life Orb
|
|-damage|p1a: Dragapult|78/100 psn|[from] psn
|upkeep
|
|t:|1776107660
|switch|p2a: Gliscor|Gliscor, F|100/100
|turn|5
|
|t:|1776107676
|move|p1a: Dragapult|Shadow Ball|p2a: Gliscor
|-damage|p2a: Gliscor|79/100
|-unboost|p2a: Gliscor|spd|1
|-damage|p1a: Dragapult|69/100 psn|[from] item: Life Orb
|move|p2a: Gliscor|Substitute|p2a: Gliscor
|-start|p2a: Gliscor|Substitute
|-damage|p2a: Gliscor|54/100
|
|-damage|p1a: Dragapult|56/100 psn|[from] psn
|-status|p2a: Gliscor|tox|[from] item: Toxic Orb
|upkeep
|turn|6
|
|t:|1776107689
|move|p1a: Dragapult|U-turn|p2a: Gliscor
|-resisted|p2a: Gliscor
|-damage|p2a: Gliscor|44/100 tox
|-damage|p1a: Dragapult|47/100 psn|[from] item: Life Orb
|
|t:|1776107694
|switch|p1a: Rotom|Rotom-Wash|100/100|[from] U-turn
|move|p2a: Gliscor|Knock Off|p1a: Rotom
|-damage|p1a: Rotom|73/100
|-enditem|p1a: Rotom|Leftovers|[from] move: Knock Off|[of] p2a: Gliscor
|
|-heal|p2a: Gliscor|57/100 tox|[from] ability: Poison Heal
|upkeep
|turn|7
|
|t:|1776107708
|move|p1a: Rotom|Hydro Pump|p2a: Gliscor|[miss]
|-miss|p1a: Rotom|p2a: Gliscor
|move|p2a: Gliscor|Toxic|p1a: Rotom
|-status|p1a: Rotom|tox
|
|-damage|p1a: Rotom|67/100 tox|[from] psn
|-heal|p2a: Gliscor|69/100 tox|[from] ability: Poison Heal
|upkeep
|turn|8
|
|t:|1776107720
|move|p2a: Gliscor|Protect|p2a: Gliscor
|-singleturn|p2a: Gliscor|Protect
|move|p1a: Rotom|Hydro Pump|p2a: Gliscor
|-activate|p2a: Gliscor|move: Protect
|
|-damage|p1a: Rotom|55/100 tox|[from] psn
|-heal|p2a: Gliscor|82/100 tox|[from] ability: Poison Heal
|upkeep
|turn|9
|
|t:|1776107732
|-terastallize|p1a: Rotom|Water
|move|p1a: Rotom|Tera Blast|p2a: Gliscor|[anim] Tera Blast Water
|-supereffective|p2a: Gliscor
|-end|p2a: Gliscor|Substitute
|move|p2a: Gliscor|Knock Off|p1a: Rotom
|-damage|p1a: Rotom|36/100 tox
|
|-damage|p1a: Rotom|18/100 tox|[from] psn
|-heal|p2a: Gliscor|94/100 tox|[from] ability: Poison Heal
|upkeep
|turn|10
|
|t:|1776107744
|move|p1a: Rotom|Tera Blast|p2a: Gliscor|[anim] Tera Blast Water
|-supereffective|p2a: Gliscor
|-damage|p2a: Gliscor|0 fnt
|faint|p2a: Gliscor
|
|-damage|p1a: Rotom|0 fnt|[from] psn
|faint|p1a: Rotom
|upkeep
|
|t:|1776107759
|switch|p1a: Kingambit|Kingambit, M|100/100
|switch|p2a: Zamazenta|Zamazenta|100/100
|-ability|p2a: Zamazenta|Dauntless Shield|boost
|-boost|p2a: Zamazenta|def|1
|-activate|p1a: Kingambit|ability: Supreme Overlord
|-start|p1a: Kingambit|fallen2|[silent]
|turn|11
|
|t:|1776107773
|move|p2a: Zamazenta|Close Combat|p1a: Kingambit
|-supereffective|p1a: Kingambit
|-damage|p1a: Kingambit|0 fnt
|-unboost|p2a: Zamazenta|def|1
|-unboost|p2a: Zamazenta|spd|1
|faint|p1a: Kingambit
|-end|p1a: Kingambit|fallen2|[silent]
|
|upkeep
|
|t:|1776107781
|switch|p1a: Great Tusk|Great Tusk|100/100
|-status|p1a: Great Tusk|psn
|turn|12
|
|t:|1776107790
|move|p2a: Zamazenta|Iron Head|p1a: Great Tusk
|-damage|p1a: Great Tusk|82/100 psn
|cant|p1a: Great Tusk|flinch
|
|-heal|p1a: Great Tusk|89/100 psn|[from] item: Leftovers
|-damage|p1a: Great Tusk|76/100 psn|[from] psn
|upkeep
|turn|13
|
|t:|1776107800
|move|p2a: Zamazenta|Close Combat|p1a: Great Tusk
|-damage|p1a: Great Tusk|37/100 psn
|-unboost|p2a: Zamazenta|def|1
|-unboost|p2a: Zamazenta|spd|1
|move|p1a: Great Tusk|Close Combat|p2a: Zamazenta
|-damage|p2a: Zamazenta|11/100
|-unboost|p1a: Great Tusk|def|1
|-unboost|p1a: Great Tusk|spd|1
|
|-heal|p1a: Great Tusk|43/100 psn|[from] item: Leftovers
|-damage|p1a: Great Tusk|30/100 psn|[from] psn
|upkeep
|turn|14
|
|t:|1776107814
|move|p2a: Zamazenta|Close Combat|p1a: Great Tusk
|-damage|p1a: Great Tusk|0 fnt
|-unboost|p2a: Zamazenta|def|1
|-unboost|p2a: Zamazenta|spd|1
|faint|p1a: Great Tusk
|-end|p1a: Great Tusk|Protosynthesis|[silent]
|
|upkeep
|
|t:|1776107821
|switch|p1a: Dragapult|Dragapult, M|47/100 psn
|turn|15
|
|t:|1776107828
|move|p1a: Dragapult|Shadow Ball|p2a: Zamazenta
|-damage|p2a: Zamazenta|0 fnt
|faint|p2a: Zamazenta
|-damage|p1a: Dragapult|37/100 psn|[from] item: Life Orb
|
|-damage|p1a: Dragapult|25/100 psn|[from] psn
|upkeep
|
|t:|1776107837
|switch|p2a: Iron Treads|Iron Treads|100/100
|turn|16
|
|t:|1776107844
|move|p1a: Dragapult|Flamethrower|p2a: Iron Treads
|-supereffective|p2a: Iron Treads
|-damage|p2a: Iron Treads|25/100
|-damage|p1a: Dragapult|15/100 psn|[from] item: Life Orb
|move|p2a: Iron Treads|Zen Headbutt|p1a: Dragapult
|-damage|p1a: Dragapult|0 fnt
|faint|p1a: Dragapult
|
|upkeep
|
|t:|1776107853
|switch|p1a: Heatran|Heatran, M, shiny|100/100
|turn|17
|
|t:|1776107857
|move|p2a: Iron Treads|Earthquake|p1a: Heatran
|-supereffective|p1a: Heatran
|-damage|p1a: Heatran|0 fnt
|faint|p1a: Heatran
|
|win|Slippygar
|raw|bullseye02's rating: 1079 &rarr; <strong>1056</strong><br />(-23 for losing)
|raw|Slippygar's rating: 1066 &rarr; <strong>1097</strong><br />(+31 for winning)
|l|☆bullseye02
|player|p1|
