|html|<div class="broadcast-blue"><strong>[Gen 9] OU is currently suspecting Volcarona! For information on how to participate check out the <a href="https://www.smogon.com/tools/suspects/view/208">suspect thread</a>.</strong></div>
|j|☆BFDILover
|j|☆hyxerin
|t:|1778511430
|gametype|singles
|player|p1|BFDILover|n|1150
|player|p2|hyxerin|hilda|1119
|gen|9
|tier|[Gen 9] OU
|rated|
|rule|HP Percentage Mod: HP is shown in percentages
|rule|Endless Battle Clause: Forcing endless battles is banned
|rule|Species Clause: Limit one of each Pokémon
|rule|OHKO Clause: OHKO moves are banned
|rule|Evasion Items Clause: Evasion items are banned
|rule|Evasion Moves Clause: Evasion moves are banned
|rule|Evasion Abilities Clause: Evasion abilities are banned
|rule|Sleep Moves Clause: Sleep-inducing moves are banned
|clearpoke
|poke|p1|Dragapult, F|
|poke|p1|Hatterene, F|
|poke|p1|Gengar, M|
|poke|p1|Dragonite, M|
|poke|p1|Glimmora, F|
|poke|p1|Goodra-Hisui, F|
|poke|p2|Hydrapple, M|
|poke|p2|Gliscor, M|
|poke|p2|Slowking-Galar, M|
|poke|p2|Cinderace, M|
|poke|p2|Kingambit, M|
|poke|p2|Iron Valiant|
|teampreview
|inactive|Battle timer is ON: inactive players will automatically lose when time's up. (requested by BFDILover)
|
|t:|1778511442
|teamsize|p1|6
|teamsize|p2|6
|start
|switch|p1a: Glubmorra|Glimmora, F, shiny|100/100
|switch|p2a: Slowking|Slowking-Galar, M|100/100
|turn|1
|
|t:|1778511451
|move|p1a: Glubmorra|Stealth Rock|p2a: Slowking
|-sidestart|p2: hyxerin|move: Stealth Rock
|move|p2a: Slowking|Psychic Noise|p1a: Glubmorra
|-supereffective|p1a: Glubmorra
|-damage|p1a: Glubmorra|20/100
|-start|p1a: Glubmorra|move: Heal Block
|
|upkeep
|turn|2
|
|t:|1778511463
|move|p1a: Glubmorra|Earth Power|p2a: Slowking
|-supereffective|p2a: Slowking
|-damage|p2a: Slowking|67/100
|move|p2a: Slowking|Whirlpool|p1a: Glubmorra|[miss]
|-miss|p2a: Slowking|p1a: Glubmorra
|
|-end|p1a: Glubmorra|move: Heal Block
|upkeep
|turn|3
|
|t:|1778511491
|move|p1a: Glubmorra|Earth Power|p2a: Slowking
|-supereffective|p2a: Slowking
|-damage|p2a: Slowking|35/100
|move|p2a: Slowking|Ice Beam|p1a: Glubmorra
|-damage|p1a: Glubmorra|0 fnt
|faint|p1a: Glubmorra
|
|upkeep
|inactive|BFDILover has 120 seconds left.
|
|t:|1778511508
|switch|p1a: Chubby Bubby|Dragonite, M|100/100
|turn|4
|
|t:|1778511529
|switch|p2a: Hydrapple|Hydrapple, M, shiny|100/100
|-damage|p2a: Hydrapple|88/100|[from] Stealth Rock
|move|p1a: Chubby Bubby|Earthquake|p2a: Hydrapple
|-resisted|p2a: Hydrapple
|-damage|p2a: Hydrapple|77/100
|
|upkeep
|turn|5
|
|t:|1778511540
|move|p1a: Chubby Bubby|Fly||[still]
|-prepare|p1a: Chubby Bubby|Fly
|move|p2a: Hydrapple|Draco Meteor|p1a: Chubby Bubby|[miss]
|-miss|p2a: Hydrapple|p1a: Chubby Bubby
|
|upkeep
|turn|6
|
|t:|1778511546
|move|p1a: Chubby Bubby|Fly|p2a: Hydrapple|[from] lockedmove
|-supereffective|p2a: Hydrapple
|-damage|p2a: Hydrapple|10/100
|move|p2a: Hydrapple|Draco Meteor|p1a: Chubby Bubby|[miss]
|-miss|p2a: Hydrapple|p1a: Chubby Bubby
|
|upkeep
|turn|7
|inactive|hyxerin has 120 seconds left.
|
|t:|1778511577
|switch|p2a: Slowking|Slowking-Galar, M|69/100
|-damage|p2a: Slowking|56/100|[from] Stealth Rock
|move|p1a: Chubby Bubby|Extreme Speed|p2a: Slowking
|-damage|p2a: Slowking|35/100
|
|upkeep
|turn|8
|inactive|BFDILover has 120 seconds left.
|
|t:|1778511607
|move|p1a: Chubby Bubby|Earthquake|p2a: Slowking
|-supereffective|p2a: Slowking
|-damage|p2a: Slowking|0 fnt
|faint|p2a: Slowking
|
|upkeep
|
|t:|1778511613
|switch|p2a: Gliscor|Gliscor, M|100/100
|-damage|p2a: Gliscor|88/100|[from] Stealth Rock
|turn|9
|inactive|BFDILover has 120 seconds left.
|
|t:|1778511642
|switch|p1a: Sillypault|Dragapult, F|100/100
|move|p2a: Gliscor|Swords Dance|p2a: Gliscor
|-boost|p2a: Gliscor|atk|2
|
|-status|p2a: Gliscor|tox|[from] item: Toxic Orb
|upkeep
|turn|10
|
|t:|1778511653
|move|p1a: Sillypault|Shadow Ball|p2a: Gliscor
|-damage|p2a: Gliscor|35/100 tox
|move|p2a: Gliscor|Knock Off|p1a: Sillypault
|-supereffective|p1a: Sillypault
|-damage|p1a: Sillypault|0 fnt
|-enditem|p1a: Sillypault|Choice Scarf|[from] move: Knock Off|[of] p2a: Gliscor
|faint|p1a: Sillypault
|
|-heal|p2a: Gliscor|47/100 tox|[from] ability: Poison Heal
|upkeep
|inactive|BFDILover has 90 seconds left.
|
|t:|1778511680
|switch|p1a: Shrimobell|Gengar, M|100/100
|turn|11
|inactive|BFDILover has 90 seconds left.
|
|t:|1778511689
|move|p1a: Shrimobell|Shadow Ball|p2a: Gliscor
|-damage|p2a: Gliscor|0 fnt
|faint|p2a: Gliscor
|
|upkeep
|
|t:|1778511699
|switch|p2a: Cinderace|Cinderace, M|100/100
|turn|12
|inactive|BFDILover has 90 seconds left.
|
|t:|1778511724
|switch|p1a: Tophat|Hatterene, F, shiny|100/100
|move|p2a: Cinderace|Pyro Ball|p1a: Tophat
|-crit|p1a: Tophat
|-damage|p1a: Tophat|25/100
|
|-heal|p1a: Tophat|31/100|[from] item: Leftovers
|upkeep
|turn|13
|
|t:|1778511738
|move|p2a: Cinderace|Pyro Ball|p1a: Tophat|[miss]
|-miss|p2a: Cinderace|p1a: Tophat
|move|p1a: Tophat|Psychic|p2a: Cinderace
|-damage|p2a: Cinderace|41/100
|
|-heal|p1a: Tophat|37/100|[from] item: Leftovers
|upkeep
|turn|14
|
|t:|1778511750
|move|p2a: Cinderace|Sucker Punch|p1a: Tophat
|-start|p2a: Cinderace|typechange|Dark|[from] ability: Libero
|-damage|p1a: Tophat|9/100
|move|p1a: Tophat|Psychic|p2a: Cinderace
|-immune|p2a: Cinderace
|
|-heal|p1a: Tophat|15/100|[from] item: Leftovers
|upkeep
|turn|15
|inactive|BFDILover has 90 seconds left.
|
|t:|1778511766
|move|p2a: Cinderace|Sucker Punch||[still]
|-fail|p2a: Cinderace
|move|p1a: Tophat|Calm Mind|p1a: Tophat
|-boost|p1a: Tophat|spa|1
|-boost|p1a: Tophat|spd|1
|
|-heal|p1a: Tophat|21/100|[from] item: Leftovers
|upkeep
|turn|16
|
|t:|1778511782
|move|p2a: Cinderace|Pyro Ball|p1a: Tophat
|-damage|p1a: Tophat|0 fnt
|faint|p1a: Tophat
|
|upkeep
|
|t:|1778511792
|switch|p1a: Chubby Bubby|Dragonite, M|100/100
|turn|17
|
|t:|1778511799
|move|p1a: Chubby Bubby|Extreme Speed|p2a: Cinderace
|-damage|p2a: Cinderace|1/100
|move|p2a: Cinderace|Court Change|p2a: Cinderace
|-swapsideconditions
|-activate|p2a: Cinderace|move: Court Change
|
|upkeep
|turn|18
|
|t:|1778511809
|move|p1a: Chubby Bubby|Extreme Speed|p2a: Cinderace
|-damage|p2a: Cinderace|0 fnt
|faint|p2a: Cinderace
|
|upkeep
|
|t:|1778511829
|switch|p2a: Iron Valiant|Iron Valiant|100/100
|-enditem|p2a: Iron Valiant|Booster Energy
|-activate|p2a: Iron Valiant|ability: Quark Drive|[fromitem]
|-start|p2a: Iron Valiant|quarkdrivespe
|turn|19
|inactive|BFDILover has 90 seconds left.
|
|t:|1778511847
|switch|p1a: Shrimobell|Gengar, M|100/100
|-damage|p1a: Shrimobell|88/100|[from] Stealth Rock
|move|p2a: Iron Valiant|Moonblast|p1a: Shrimobell
|-resisted|p1a: Shrimobell
|-damage|p1a: Shrimobell|48/100
|
|upkeep
|turn|20
|
|t:|1778511868
|move|p2a: Iron Valiant|Destiny Bond|p2a: Iron Valiant
|-singlemove|p2a: Iron Valiant|Destiny Bond
|move|p1a: Shrimobell|Shadow Ball|p2a: Iron Valiant
|-damage|p2a: Iron Valiant|0 fnt
|faint|p2a: Iron Valiant
|-activate|p2a: Iron Valiant|move: Destiny Bond
|-end|p2a: Iron Valiant|Quark Drive|[silent]
|faint|p1a: Shrimobell
|
|upkeep
|inactive|BFDILover has 60 seconds left.
|
|t:|1778511886
|switch|p2a: Kingambit|Kingambit, M, shiny|100/100
|switch|p1a: BabyDra|Goodra-Hisui, F|100/100
|-activate|p2a: Kingambit|ability: Supreme Overlord
|-start|p2a: Kingambit|fallen4|[silent]
|-item|p2a: Kingambit|Air Balloon
|-damage|p1a: BabyDra|94/100|[from] Stealth Rock
|turn|21
|
|t:|1778511896
|move|p2a: Kingambit|Low Kick|p1a: BabyDra
|-supereffective|p1a: BabyDra
|-damage|p1a: BabyDra|0 fnt
|faint|p1a: BabyDra
|
|upkeep
|
|t:|1778511901
|switch|p1a: Chubby Bubby|Dragonite, M|100/100
|-damage|p1a: Chubby Bubby|76/100|[from] Stealth Rock
|turn|22
|inactive|BFDILover has 60 seconds left.
|
|t:|1778511922
|move|p1a: Chubby Bubby|Extreme Speed|p2a: Kingambit
|-resisted|p2a: Kingambit
|-damage|p2a: Kingambit|90/100
|-enditem|p2a: Kingambit|Air Balloon
|move|p2a: Kingambit|Iron Head|p1a: Chubby Bubby
|-damage|p1a: Chubby Bubby|8/100
|
|upkeep
|turn|23
|
|t:|1778511949
|move|p1a: Chubby Bubby|Earthquake|p2a: Kingambit
|-supereffective|p2a: Kingambit
|-damage|p2a: Kingambit|36/100
|move|p2a: Kingambit|Iron Head|p1a: Chubby Bubby
|-damage|p1a: Chubby Bubby|0 fnt
|faint|p1a: Chubby Bubby
|
|win|hyxerin
|raw|BFDILover's rating: 1150 &rarr; <strong>1123</strong><br />(-27 for losing)
|raw|hyxerin's rating: 1119 &rarr; <strong>1146</strong><br />(+27 for winning)
|c|☆hyxerin|gg
