|html|<div class="broadcast-blue"><strong>[Gen 9] OU is currently suspecting Tera Blast! For information on how to participate check out the <a href="https://www.smogon.com/tools/suspects/view/200">suspect thread</a>.</strong></div>
|j|☆phreshoatmeal
|j|☆mr parasect alt
|t:|1776036389
|gametype|singles
|player|p1|phreshoatmeal|170|1609
|player|p2|mr parasect alt|waitress|1650
|gen|9
|tier|[Gen 9] OU
|rated|
|rule|HP Percentage Mod: HP is shown in percentages
|rule|Endless Battle Clause: Forcing endless battles is banned
|rule|Species Clause: Limit one of each Pokémon
|rule|OHKO Clause: OHKO moves are banned
|rule|Evasion Items Clause: Evasion items are banned
|rule|Evasion Moves Clause: Evasion moves are banned
|rule|Evasion Abilities Clause: Evasion abilities are banned
|rule|Sleep Moves Clause: Sleep-inducing moves are banned
|clearpoke
|poke|p1|Excadrill, F|
|poke|p1|Sandaconda, F|
|poke|p1|Tyranitar, M|
|poke|p1|Hatterene, F|
|poke|p1|Porygon2|
|poke|p1|Pawmot, F|
|poke|p2|Iron Valiant|
|poke|p2|Great Tusk|
|poke|p2|Dragonite, M|
|poke|p2|Deoxys-Speed|
|poke|p2|Glimmora, M|
|poke|p2|Ogerpon-Wellspring, F|
|teampreview
|
|t:|1776036429
|teamsize|p1|6
|teamsize|p2|6
|start
|switch|p1a: Porygon2|Porygon2|100/100
|switch|p2a: Ogerpon|Ogerpon-Wellspring, F|100/100
|-ability|p1a: Porygon2|Download|boost
|-boost|p1a: Porygon2|atk|1
|turn|1
|
|t:|1776036439
|move|p2a: Ogerpon|Knock Off|p1a: Porygon2
|-damage|p1a: Porygon2|79/100
|-enditem|p1a: Porygon2|Eviolite|[from] move: Knock Off|[of] p2a: Ogerpon
|move|p1a: Porygon2|Tri Attack|p2a: Ogerpon
|-damage|p2a: Ogerpon|69/100
|-status|p2a: Ogerpon|frz
|
|upkeep
|turn|2
|
|t:|1776036452
|cant|p2a: Ogerpon|frz
|move|p1a: Porygon2|Gravity|p1a: Porygon2
|-fieldstart|move: Gravity
|
|upkeep
|turn|3
|j| Bob Loblaw LLC
|
|t:|1776036461
|cant|p2a: Ogerpon|frz
|move|p1a: Porygon2|Tri Attack|p2a: Ogerpon
|-damage|p2a: Ogerpon|34/100 frz
|
|upkeep
|turn|4
|
|t:|1776036482
|cant|p2a: Ogerpon|frz
|move|p1a: Porygon2|Tri Attack|p2a: Ogerpon
|-damage|p2a: Ogerpon|0 fnt
|faint|p2a: Ogerpon
|
|upkeep
|
|t:|1776036486
|switch|p2a: Glimmora|Glimmora, M|100/100
|turn|5
|
|t:|1776036510
|switch|p1a: Tyranitar|Tyranitar, M|100/100
|-weather|Sandstorm|[from] ability: Sand Stream|[of] p1a: Tyranitar
|move|p2a: Glimmora|Meteor Beam||[still]
|-prepare|p2a: Glimmora|Meteor Beam
|-boost|p2a: Glimmora|spa|1
|-enditem|p2a: Glimmora|Power Herb
|-anim|p2a: Glimmora|Meteor Beam|p1a: Tyranitar
|-damage|p1a: Tyranitar|42/100
|-enditem|p1a: Tyranitar|Eject Button
|
|t:|1776036518
|switch|p1a: Excadrill|Excadrill, F|100/100
|
|-weather|Sandstorm|[upkeep]
|upkeep
|turn|6
|
|t:|1776036541
|move|p1a: Excadrill|Iron Head|p2a: Glimmora
|-supereffective|p2a: Glimmora
|-damage|p2a: Glimmora|0 fnt
|-activate|p2a: Glimmora|ability: Toxic Debris
|-sidestart|p1: phreshoatmeal|move: Toxic Spikes
|faint|p2a: Glimmora
|
|-weather|Sandstorm|[upkeep]
|-fieldend|move: Gravity
|upkeep
|
|t:|1776036548
|switch|p2a: Great Tusk|Great Tusk|100/100
|-enditem|p2a: Great Tusk|Booster Energy
|-activate|p2a: Great Tusk|ability: Protosynthesis|[fromitem]
|-start|p2a: Great Tusk|protosynthesisspe
|turn|7
|inactive|Battle timer is ON: inactive players will automatically lose when time's up. (requested by phreshoatmeal)
|
|t:|1776036565
|move|p1a: Excadrill|Iron Head|p2a: Great Tusk
|-damage|p2a: Great Tusk|59/100
|move|p2a: Great Tusk|Bulk Up|p2a: Great Tusk
|-boost|p2a: Great Tusk|atk|1
|-boost|p2a: Great Tusk|def|1
|
|-weather|Sandstorm|[upkeep]
|upkeep
|turn|8
|
|t:|1776036579
|move|p1a: Excadrill|Iron Head|p2a: Great Tusk
|-damage|p2a: Great Tusk|27/100
|move|p2a: Great Tusk|Earthquake|p1a: Excadrill
|-supereffective|p1a: Excadrill
|-damage|p1a: Excadrill|0 fnt
|faint|p1a: Excadrill
|
|-weather|Sandstorm|[upkeep]
|upkeep
|
|t:|1776036590
|switch|p1a: Hatterene|Hatterene, F|100/100
|-status|p1a: Hatterene|psn
|turn|9
|
|t:|1776036619
|move|p2a: Great Tusk|Earthquake|p1a: Hatterene
|-damage|p1a: Hatterene|52/100 psn
|move|p1a: Hatterene|Draining Kiss|p2a: Great Tusk
|-supereffective|p2a: Great Tusk
|-damage|p2a: Great Tusk|0 fnt
|-heal|p1a: Hatterene|79/100 psn|[from] drain|[of] p2a: Great Tusk
|faint|p2a: Great Tusk
|-end|p2a: Great Tusk|Protosynthesis|[silent]
|
|-weather|none
|-heal|p1a: Hatterene|85/100 psn|[from] item: Leftovers
|-damage|p1a: Hatterene|73/100 psn|[from] psn
|upkeep
|
|t:|1776036626
|switch|p2a: Iron Valiant|Iron Valiant|100/100
|-enditem|p2a: Iron Valiant|Booster Energy
|-activate|p2a: Iron Valiant|ability: Quark Drive|[fromitem]
|-start|p2a: Iron Valiant|quarkdrivespe
|turn|10
|
|t:|1776036639
|move|p2a: Iron Valiant|Knock Off|p1a: Hatterene
|-damage|p1a: Hatterene|48/100 psn
|-enditem|p1a: Hatterene|Leftovers|[from] move: Knock Off|[of] p2a: Iron Valiant
|move|p1a: Hatterene|Draining Kiss|p2a: Iron Valiant
|-supereffective|p2a: Iron Valiant
|-damage|p2a: Iron Valiant|9/100
|-heal|p1a: Hatterene|100/100 psn|[from] drain|[of] p2a: Iron Valiant
|
|-damage|p1a: Hatterene|88/100 psn|[from] psn
|upkeep
|turn|11
|
|t:|1776036656
|switch|p1a: Tyranitar|Tyranitar, M|42/100
|-status|p1a: Tyranitar|psn
|-weather|Sandstorm|[from] ability: Sand Stream|[of] p1a: Tyranitar
|move|p2a: Iron Valiant|Moonblast|p1a: Tyranitar
|-supereffective|p1a: Tyranitar
|-damage|p1a: Tyranitar|0 fnt
|faint|p1a: Tyranitar
|
|-weather|Sandstorm|[upkeep]
|-damage|p2a: Iron Valiant|3/100|[from] Sandstorm
|upkeep
|
|t:|1776036675
|switch|p1a: Sandaconda|Sandaconda, F|100/100
|-status|p1a: Sandaconda|psn
|turn|12
|
|t:|1776036684
|move|p2a: Iron Valiant|Moonblast|p1a: Sandaconda
|-damage|p1a: Sandaconda|30/100 psn
|-unboost|p1a: Sandaconda|spa|1
|-enditem|p1a: Sandaconda|Eject Button
|
|t:|1776036695
|switch|p1a: Hatterene|Hatterene, F|88/100 psn
|
|-weather|Sandstorm|[upkeep]
|-damage|p2a: Iron Valiant|0 fnt|[from] Sandstorm
|-damage|p1a: Hatterene|82/100 psn|[from] Sandstorm
|faint|p2a: Iron Valiant
|-end|p2a: Iron Valiant|Quark Drive|[silent]
|-damage|p1a: Hatterene|70/100 psn|[from] psn
|upkeep
|inactive|mr parasect alt has 120 seconds left.
|
|t:|1776036753
|switch|p2a: Deoxys|Deoxys-Speed|100/100
|-ability|p2a: Deoxys|Pressure
|turn|13
|
|t:|1776036756
|move|p2a: Deoxys|Light Screen|p2a: Deoxys
|-sidestart|p2: mr parasect alt|move: Light Screen
|move|p1a: Hatterene|Pain Split|p2a: Deoxys
|-sethp|p2a: Deoxys|87/100|[from] move: Pain Split|[silent]
|-sethp|p1a: Hatterene|83/100 psn|[from] move: Pain Split
|
|-weather|Sandstorm|[upkeep]
|-damage|p2a: Deoxys|81/100|[from] Sandstorm
|-damage|p1a: Hatterene|77/100 psn|[from] Sandstorm
|-damage|p1a: Hatterene|65/100 psn|[from] psn
|upkeep
|turn|14
|
|t:|1776036777
|switch|p1a: Sandaconda|Sandaconda, F|30/100 psn
|move|p2a: Deoxys|Psycho Boost|p1a: Sandaconda
|-damage|p1a: Sandaconda|0 fnt
|-unboost|p2a: Deoxys|spa|2
|faint|p1a: Sandaconda
|
|-weather|Sandstorm|[upkeep]
|-damage|p2a: Deoxys|75/100|[from] Sandstorm
|upkeep
|inactive|phreshoatmeal has 120 seconds left.
|
|t:|1776036804
|switch|p1a: Pawmot|Pawmot, F|100/100
|-status|p1a: Pawmot|psn
|turn|15
|
|t:|1776036809
|-terastallize|p1a: Pawmot|Electric
|move|p2a: Deoxys|Taunt|p1a: Pawmot
|-start|p1a: Pawmot|move: Taunt
|move|p1a: Pawmot|Double Shock|p2a: Deoxys
|-damage|p2a: Deoxys|0 fnt
|-start|p1a: Pawmot|typechange|Electric|[from] move: Double Shock
|faint|p2a: Deoxys
|
|-weather|none
|-damage|p1a: Pawmot|88/100 psn|[from] psn
|upkeep
|
|t:|1776036815
|switch|p2a: Dragonite|Dragonite, M|100/100
|turn|16
|
|t:|1776036822
|move|p1a: Pawmot|Double Shock|p2a: Dragonite
|-damage|p2a: Dragonite|55/100
|-start|p1a: Pawmot|typechange|Electric|[from] move: Double Shock
|move|p2a: Dragonite|Dragon Dance|p2a: Dragonite
|-boost|p2a: Dragonite|atk|1
|-boost|p2a: Dragonite|spe|1
|
|-damage|p1a: Pawmot|76/100 psn|[from] psn
|upkeep
|turn|17
|
|t:|1776036832
|-terastallize|p2a: Dragonite|Steel
|move|p2a: Dragonite|Outrage|p1a: Pawmot
|-damage|p1a: Pawmot|0 fnt
|faint|p1a: Pawmot
|
|upkeep
|inactive|phreshoatmeal has 120 seconds left.
|
|t:|1776036850
|switch|p1a: Porygon2|Porygon2|79/100
|-status|p1a: Porygon2|psn
|-ability|p1a: Porygon2|Download|boost
|-boost|p1a: Porygon2|atk|1
|turn|18
|inactive|phreshoatmeal has 120 seconds left.
|
|t:|1776036856
|move|p2a: Dragonite|Outrage|p1a: Porygon2|[from] lockedmove
|-damage|p1a: Porygon2|0 fnt
|faint|p1a: Porygon2
|-start|p2a: Dragonite|confusion|[fatigue]
|-enditem|p2a: Dragonite|Lum Berry|[eat]
|-end|p2a: Dragonite|confusion
|
|upkeep
|
|t:|1776036859
|switch|p1a: Hatterene|Hatterene, F|65/100 psn
|turn|19
|
|t:|1776036865
|move|p2a: Dragonite|Iron Head|p1a: Hatterene
|-supereffective|p1a: Hatterene
|-damage|p1a: Hatterene|0 fnt
|faint|p1a: Hatterene
|
|win|mr parasect alt
|raw|phreshoatmeal's rating: 1609 &rarr; <strong>1591</strong><br />(-18 for losing)
|raw|mr parasect alt's rating: 1647 &rarr; <strong>1665</strong><br />(+18 for winning)
|l|☆phreshoatmeal
|player|p1|
|l|☆mr parasect alt
|player|p2|
|l| Bob Loblaw LLC
