|html|<div class="broadcast-blue"><strong>[Gen 9] OU is currently suspecting Volcarona! For information on how to participate check out the <a href="https://www.smogon.com/tools/suspects/view/208">suspect thread</a>.</strong></div>
|badge|p2|silver|gen9ru|30-9
|uhtml|medal-msg|<div class="broadcast-blue">Curious what those medals under the avatar are? PS now has Ladder Seasons! For more information, check out the <a href="https://www.smogon.com/forums/threads/3740067/">thread on Smogon.</a></div>
|j|☆bayonettaFan
|j|☆mil014
|t:|1778508892
|gametype|singles
|player|p1|bayonettaFan|n|1434
|player|p2|mil014|milo|1378
|gen|9
|tier|[Gen 9] OU
|rated|
|rule|HP Percentage Mod: HP is shown in percentages
|rule|Endless Battle Clause: Forcing endless battles is banned
|rule|Species Clause: Limit one of each Pokémon
|rule|OHKO Clause: OHKO moves are banned
|rule|Evasion Items Clause: Evasion items are banned
|rule|Evasion Moves Clause: Evasion moves are banned
|rule|Evasion Abilities Clause: Evasion abilities are banned
|rule|Sleep Moves Clause: Sleep-inducing moves are banned
|clearpoke
|poke|p1|Pelipper, F|
|poke|p1|Barraskewda, M|
|poke|p1|Kingdra, F|
|poke|p1|Toxicroak, M|
|poke|p1|Iron Treads|
|poke|p1|Goodra-Hisui, M|
|poke|p2|Typhlosion-Hisui, M|
|poke|p2|Primarina, M|
|poke|p2|Clodsire, F|
|poke|p2|Corviknight, M|
|poke|p2|Meowscarada, F|
|poke|p2|Iron Valiant|
|teampreview
|inactive|Battle timer is ON: inactive players will automatically lose when time's up. (requested by bayonettaFan)
|
|t:|1778508902
|teamsize|p1|6
|teamsize|p2|6
|start
|switch|p1a: Pelipper|Pelipper, F|100/100
|switch|p2a: Primarina|Primarina, M|100/100
|-weather|RainDance|[from] ability: Drizzle|[of] p1a: Pelipper
|turn|1
|
|t:|1778508907
|move|p2a: Primarina|Moonblast|p1a: Pelipper
|-damage|p1a: Pelipper|22/100
|move|p1a: Pelipper|U-turn|p2a: Primarina
|-resisted|p2a: Primarina
|-damage|p2a: Primarina|94/100
|
|t:|1778508916
|switch|p1a: Barraskewda|Barraskewda, M|100/100|[from] U-turn
|
|-weather|RainDance|[upkeep]
|upkeep
|turn|2
|
|t:|1778508920
|switch|p2a: godsire|Clodsire, F|100/100
|move|p1a: Barraskewda|Flip Turn|p2a: godsire
|-immune|p2a: godsire|[from] ability: Water Absorb
|
|-weather|RainDance|[upkeep]
|upkeep
|turn|3
|
|t:|1778508931
|switch|p1a: Iron Treads|Iron Treads|100/100
|move|p2a: godsire|Earthquake|p1a: Iron Treads
|-supereffective|p1a: Iron Treads
|-damage|p1a: Iron Treads|52/100
|
|-weather|RainDance|[upkeep]
|-heal|p1a: Iron Treads|58/100|[from] item: Leftovers
|upkeep
|turn|4
|
|t:|1778508936
|switch|p2a: mbapette|Meowscarada, F|100/100
|move|p1a: Iron Treads|Stealth Rock|p2a: mbapette
|-sidestart|p2: mil014|move: Stealth Rock
|
|-weather|RainDance|[upkeep]
|-heal|p1a: Iron Treads|64/100|[from] item: Leftovers
|upkeep
|turn|5
|
|t:|1778508944
|-end|p1a: Iron Treads|Quark Drive|[silent]
|switch|p1a: Toxicroak|Toxicroak, M|100/100
|move|p2a: mbapette|Knock Off|p1a: Toxicroak
|-start|p2a: mbapette|typechange|Dark|[from] ability: Protean
|-resisted|p1a: Toxicroak
|-damage|p1a: Toxicroak|72/100
|-damage|p2a: mbapette|84/100|[from] item: Rocky Helmet|[of] p1a: Toxicroak
|-enditem|p1a: Toxicroak|Rocky Helmet|[from] move: Knock Off|[of] p2a: mbapette
|
|-weather|RainDance|[upkeep]
|-heal|p1a: Toxicroak|85/100|[from] ability: Dry Skin
|upkeep
|turn|6
|
|t:|1778508967
|switch|p2a: Cheval|Corviknight, M|100/100
|-damage|p2a: Cheval|88/100|[from] Stealth Rock
|switch|p1a: Kingdra|Kingdra, F|100/100
|
|-weather|RainDance|[upkeep]
|upkeep
|turn|7
|
|t:|1778508992
|switch|p2a: godsire|Clodsire, F|100/100
|-damage|p2a: godsire|94/100|[from] Stealth Rock
|move|p1a: Kingdra|Ice Beam|p2a: godsire
|-supereffective|p2a: godsire
|-damage|p2a: godsire|46/100
|
|-weather|RainDance|[upkeep]
|-heal|p2a: godsire|53/100|[from] item: Leftovers
|upkeep
|turn|8
|
|t:|1778509000
|move|p1a: Kingdra|Ice Beam|p2a: godsire
|-supereffective|p2a: godsire
|-damage|p2a: godsire|8/100
|move|p2a: godsire|Recover|p2a: godsire
|-heal|p2a: godsire|58/100
|
|-weather|none
|-heal|p2a: godsire|65/100|[from] item: Leftovers
|upkeep
|turn|9
|
|t:|1778509007
|switch|p1a: Goodra|Goodra-Hisui, M|100/100
|move|p2a: godsire|Toxic|p1a: Goodra
|-immune|p1a: Goodra
|
|-heal|p2a: godsire|71/100|[from] item: Leftovers
|upkeep
|turn|10
|
|t:|1778509010
|move|p1a: Goodra|Knock Off|p2a: godsire
|-damage|p2a: godsire|43/100
|-enditem|p2a: godsire|Leftovers|[from] move: Knock Off|[of] p1a: Goodra
|move|p2a: godsire|Earthquake|p1a: Goodra
|-supereffective|p1a: Goodra
|-damage|p1a: Goodra|50/100
|
|upkeep
|turn|11
|
|t:|1778509017
|move|p1a: Goodra|Earthquake|p2a: godsire
|-supereffective|p2a: godsire
|-damage|p2a: godsire|0 fnt
|faint|p2a: godsire
|
|upkeep
|
|t:|1778509023
|switch|p2a: Cheval|Corviknight, M|88/100
|-damage|p2a: Cheval|75/100|[from] Stealth Rock
|turn|12
|
|t:|1778509028
|move|p1a: Goodra|Knock Off|p2a: Cheval
|-damage|p2a: Cheval|63/100
|-damage|p1a: Goodra|34/100|[from] item: Rocky Helmet|[of] p2a: Cheval
|-enditem|p2a: Cheval|Rocky Helmet|[from] move: Knock Off|[of] p1a: Goodra
|move|p2a: Cheval|Defog|p1a: Goodra
|-unboost|p1a: Goodra|evasion|1
|-sideend|p2: mil014|Stealth Rock|[from] move: Defog|[of] p2a: Cheval
|
|upkeep
|turn|13
|
|t:|1778509039
|switch|p1a: Pelipper|Pelipper, F|22/100
|-weather|RainDance|[from] ability: Drizzle|[of] p1a: Pelipper
|move|p2a: Cheval|U-turn|p1a: Pelipper
|-resisted|p1a: Pelipper
|-damage|p1a: Pelipper|17/100
|
|t:|1778509049
|switch|p2a: Primarina|Primarina, M|94/100|[from] U-turn
|
|-weather|RainDance|[upkeep]
|upkeep
|turn|14
|
|t:|1778509055
|switch|p1a: Goodra|Goodra-Hisui, M|34/100
|move|p2a: Primarina|Moonblast|p1a: Goodra
|-damage|p1a: Goodra|14/100
|
|-weather|RainDance|[upkeep]
|upkeep
|turn|15
|
|t:|1778509058
|move|p2a: Primarina|Moonblast|p1a: Goodra
|-damage|p1a: Goodra|0 fnt
|faint|p1a: Goodra
|
|-weather|RainDance|[upkeep]
|upkeep
|
|t:|1778509064
|switch|p1a: Barraskewda|Barraskewda, M|100/100
|turn|16
|
|t:|1778509069
|switch|p2a: Cheval|Corviknight, M|63/100
|move|p1a: Barraskewda|Flip Turn|p2a: Cheval
|-damage|p2a: Cheval|17/100
|
|t:|1778509076
|switch|p1a: Kingdra|Kingdra, F|100/100|[from] Flip Turn
|
|-weather|RainDance|[upkeep]
|upkeep
|turn|17
|
|t:|1778509083
|switch|p2a: Primarina|Primarina, M|94/100
|move|p1a: Kingdra|Weather Ball|p2a: Primarina
|-resisted|p2a: Primarina
|-damage|p2a: Primarina|63/100
|
|-weather|RainDance|[upkeep]
|upkeep
|turn|18
|
|t:|1778509099
|-terastallize|p1a: Kingdra|Water
|move|p1a: Kingdra|Weather Ball|p2a: Primarina
|-resisted|p2a: Primarina
|-damage|p2a: Primarina|21/100
|move|p2a: Primarina|Moonblast|p1a: Kingdra
|-damage|p1a: Kingdra|36/100
|
|-weather|RainDance|[upkeep]
|upkeep
|turn|19
|
|t:|1778509106
|switch|p2a: Cheval|Corviknight, M|17/100
|move|p1a: Kingdra|Weather Ball|p2a: Cheval
|-damage|p2a: Cheval|0 fnt
|faint|p2a: Cheval
|
|-weather|RainDance|[upkeep]
|upkeep
|
|t:|1778509109
|switch|p2a: mbapette|Meowscarada, F|84/100
|turn|20
|
|t:|1778509120
|switch|p1a: Toxicroak|Toxicroak, M|85/100
|move|p2a: mbapette|Sucker Punch||[still]
|-fail|p2a: mbapette
|
|-weather|none
|upkeep
|turn|21
|
|t:|1778509125
|switch|p2a: Typhlosion|Typhlosion-Hisui, M|100/100
|move|p1a: Toxicroak|Toxic|p2a: Typhlosion
|-status|p2a: Typhlosion|tox
|
|-damage|p2a: Typhlosion|95/100 tox|[from] psn
|upkeep
|turn|22
|
|t:|1778509131
|move|p1a: Toxicroak|Protect|p1a: Toxicroak
|-singleturn|p1a: Toxicroak|Protect
|move|p2a: Typhlosion|Shadow Ball|p1a: Toxicroak
|-activate|p1a: Toxicroak|move: Protect
|
|-damage|p2a: Typhlosion|83/100 tox|[from] psn
|upkeep
|turn|23
|
|t:|1778509138
|move|p2a: Typhlosion|Shadow Ball|p1a: Toxicroak
|-damage|p1a: Toxicroak|6/100
|move|p1a: Toxicroak|Knock Off|p2a: Typhlosion
|-supereffective|p2a: Typhlosion
|-damage|p2a: Typhlosion|17/100 tox
|-enditem|p2a: Typhlosion|Choice Specs|[from] move: Knock Off|[of] p1a: Toxicroak
|
|-damage|p2a: Typhlosion|0 fnt|[from] psn
|faint|p2a: Typhlosion
|upkeep
|
|t:|1778509147
|switch|p2a: mbapette|Meowscarada, F|84/100
|turn|24
|
|t:|1778509151
|move|p1a: Toxicroak|Protect|p1a: Toxicroak
|-singleturn|p1a: Toxicroak|Protect
|move|p2a: mbapette|Flower Trick|p1a: Toxicroak
|-start|p2a: mbapette|typechange|Grass|[from] ability: Protean
|-activate|p1a: Toxicroak|move: Protect
|
|upkeep
|turn|25
|
|t:|1778509161
|switch|p1a: Pelipper|Pelipper, F|17/100
|-weather|RainDance|[from] ability: Drizzle|[of] p1a: Pelipper
|move|p2a: mbapette|Flower Trick|p1a: Pelipper
|-crit|p1a: Pelipper
|-damage|p1a: Pelipper|0 fnt
|faint|p1a: Pelipper
|
|-weather|RainDance|[upkeep]
|upkeep
|
|t:|1778509164
|switch|p1a: Barraskewda|Barraskewda, M|100/100
|turn|26
|
|t:|1778509170
|move|p1a: Barraskewda|Flip Turn|p2a: mbapette
|-resisted|p2a: mbapette
|-damage|p2a: mbapette|23/100
|
|t:|1778509173
|switch|p1a: Iron Treads|Iron Treads|64/100|[from] Flip Turn
|move|p2a: mbapette|Flower Trick|p1a: Iron Treads
|-crit|p1a: Iron Treads
|-damage|p1a: Iron Treads|0 fnt
|faint|p1a: Iron Treads
|-end|p1a: Iron Treads|Quark Drive|[silent]
|
|-weather|RainDance|[upkeep]
|upkeep
|
|t:|1778509175
|switch|p1a: Barraskewda|Barraskewda, M|100/100
|turn|27
|
|t:|1778509182
|switch|p2a: Primarina|Primarina, M|21/100
|move|p1a: Barraskewda|Liquidation|p2a: Primarina
|-resisted|p2a: Primarina
|-damage|p2a: Primarina|0 fnt
|faint|p2a: Primarina
|
|-weather|RainDance|[upkeep]
|upkeep
|
|t:|1778509184
|switch|p2a: mbapette|Meowscarada, F|23/100
|turn|28
|
|t:|1778509189
|move|p2a: mbapette|Sucker Punch|p1a: Barraskewda
|-start|p2a: mbapette|typechange|Dark|[from] ability: Protean
|-damage|p1a: Barraskewda|6/100
|move|p1a: Barraskewda|Liquidation|p2a: mbapette
|-damage|p2a: mbapette|0 fnt
|faint|p2a: mbapette
|
|-weather|RainDance|[upkeep]
|upkeep
|
|t:|1778509192
|switch|p2a: Parfait|Iron Valiant|100/100
|-enditem|p2a: Parfait|Booster Energy
|-activate|p2a: Parfait|ability: Quark Drive|[fromitem]
|-start|p2a: Parfait|quarkdrivespe
|turn|29
|
|t:|1778509204
|move|p1a: Barraskewda|Liquidation|p2a: Parfait
|-damage|p2a: Parfait|0 fnt
|faint|p2a: Parfait
|-end|p2a: Parfait|Quark Drive|[silent]
|
|win|bayonettaFan
|raw|bayonettaFan's rating: 1434 &rarr; <strong>1451</strong><br />(+17 for winning)
|raw|mil014's rating: 1378 &rarr; <strong>1361</strong><br />(-17 for losing)
|l|☆mil014
|player|p2|
|l|☆bayonettaFan
|player|p1|
