|html|<div class="broadcast-blue"><strong>[Gen 9] OU is currently suspecting Tera Blast! For information on how to participate check out the <a href="https://www.smogon.com/tools/suspects/view/200">suspect thread</a>.</strong></div>
|j|☆brodiewhat
|j|☆phreshoatmeal
|t:|1776034456
|gametype|singles
|player|p1|brodiewhat|falkner|1650
|player|p2|phreshoatmeal|170|1592
|gen|9
|tier|[Gen 9] OU
|rated|
|rule|HP Percentage Mod: HP is shown in percentages
|rule|Endless Battle Clause: Forcing endless battles is banned
|rule|Species Clause: Limit one of each Pokémon
|rule|OHKO Clause: OHKO moves are banned
|rule|Evasion Items Clause: Evasion items are banned
|rule|Evasion Moves Clause: Evasion moves are banned
|rule|Evasion Abilities Clause: Evasion abilities are banned
|rule|Sleep Moves Clause: Sleep-inducing moves are banned
|clearpoke
|poke|p1|Moltres-Galar|
|poke|p1|Gholdengo|
|poke|p1|Samurott-Hisui, M|
|poke|p1|Smeargle, F|
|poke|p1|Zamazenta-*|
|poke|p1|Deoxys-Speed|
|poke|p2|Excadrill, M|
|poke|p2|Sandaconda, M|
|poke|p2|Tyranitar, M|
|poke|p2|Hatterene, F|
|poke|p2|Porygon2|
|poke|p2|Pawmot, F|
|teampreview
|inactive|Battle timer is ON: inactive players will automatically lose when time's up. (requested by brodiewhat)
|c|☆brodiewhat|oh my god
|c|☆brodiewhat|the goat
|j| Swagataka
|j| uncle brown
|j| AbrarS
|c|☆brodiewhat|wheres bink bro
|j| Shucklepilled
|c|☆brodiewhat|booooooo
|j| Electropsychosis
|c|☆phreshoatmeal|Bink is retired
|inactive|brodiewhat has 120 seconds left.
|inactive|phreshoatmeal has 120 seconds left.
|c| Shucklepilled|Where is he? Is he okay???
|j| poli sci
|c| Shucklepilled|Retired at level 1???
|j| paternozzo
|c|☆phreshoatmeal|He binked too hard
|j| i am a dirt
|c|☆phreshoatmeal|Lol
|c|☆brodiewhat|wtf
|c| Electropsychosis|Bink was taken out back and binked
|c|☆brodiewhat|does he have a bink hernia?
|l| paternozzo
|inactive|phreshoatmeal has 90 seconds left.
|
|t:|1776034545
|teamsize|p1|6
|teamsize|p2|6
|start
|switch|p1a: Samurott|Samurott-Hisui, M|100/100
|switch|p2a: Hatterene|Hatterene, F|100/100
|turn|1
|l| AbrarS
|inactive|phreshoatmeal has 120 seconds left.
|c| Shucklepilled|Please tell me bink is safe and happy
|inactive|brodiewhat has 120 seconds left.
|c|☆phreshoatmeal|Okay you forced my hand
|
|t:|1776034596
|move|p1a: Samurott|Ceaseless Edge|p2a: Hatterene
|-damage|p2a: Hatterene|62/100
|-sidestart|p2: phreshoatmeal|Spikes
|move|p2a: Hatterene|Gravity|p2a: Hatterene
|-fieldstart|move: Gravity
|
|-heal|p2a: Hatterene|68/100|[from] item: Leftovers
|upkeep
|turn|2
|c|☆phreshoatmeal|I kidnapped Bink
|inactive|phreshoatmeal has 120 seconds left.
|c|☆phreshoatmeal|If you want to see him alive
|c|☆phreshoatmeal|Ban Dragonite 😂
|c|☆brodiewhat|shitttttt
|c| Shucklepilled|NO
|inactive|phreshoatmeal has 90 seconds left.
|c| Shucklepilled|FINCHINATOR HELP
|
|t:|1776034650
|switch|p2a: Tyranitar|Tyranitar, M|100/100
|-damage|p2a: Tyranitar|88/100|[from] Spikes
|-weather|Sandstorm|[from] ability: Sand Stream|[of] p2a: Tyranitar
|move|p1a: Samurott|Ceaseless Edge|p2a: Tyranitar
|-resisted|p2a: Tyranitar
|-damage|p2a: Tyranitar|69/100
|-sidestart|p2: phreshoatmeal|Spikes
|-enditem|p2a: Tyranitar|Eject Button
|
|t:|1776034658
|switch|p2a: Excadrill|Excadrill, M|100/100
|-damage|p2a: Excadrill|84/100|[from] Spikes
|
|-weather|Sandstorm|[upkeep]
|-damage|p1a: Samurott|94/100|[from] Sandstorm
|upkeep
|turn|3
|
|t:|1776034669
|-terastallize|p2a: Excadrill|Ground
|move|p2a: Excadrill|Earthquake|p1a: Samurott
|-damage|p1a: Samurott|0 fnt
|faint|p1a: Samurott
|
|-weather|Sandstorm|[upkeep]
|upkeep
|
|t:|1776034677
|switch|p1a: Zamazenta|Zamazenta|100/100
|-ability|p1a: Zamazenta|Dauntless Shield|boost
|-boost|p1a: Zamazenta|def|1
|turn|4
|
|t:|1776034686
|move|p2a: Excadrill|Earthquake|p1a: Zamazenta
|-damage|p1a: Zamazenta|39/100
|move|p1a: Zamazenta|Iron Defense|p1a: Zamazenta
|-boost|p1a: Zamazenta|def|2
|
|-weather|Sandstorm|[upkeep]
|-damage|p1a: Zamazenta|33/100|[from] Sandstorm
|-heal|p1a: Zamazenta|39/100|[from] item: Leftovers
|upkeep
|turn|5
|
|t:|1776034700
|move|p2a: Excadrill|Earthquake|p1a: Zamazenta
|-damage|p1a: Zamazenta|1/100
|move|p1a: Zamazenta|Body Press|p2a: Excadrill
|-damage|p2a: Excadrill|0 fnt
|faint|p2a: Excadrill
|
|-weather|Sandstorm|[upkeep]
|-damage|p1a: Zamazenta|0 fnt|[from] Sandstorm
|faint|p1a: Zamazenta
|-fieldend|move: Gravity
|upkeep
|inactive|brodiewhat has 120 seconds left.
|inactive|phreshoatmeal has 90 seconds left.
|
|t:|1776034719
|switch|p1a: Gholdengo|Gholdengo|100/100
|switch|p2a: Pawmot|Pawmot, F|100/100
|-damage|p2a: Pawmot|84/100|[from] Spikes
|turn|6
|
|t:|1776034727
|move|p1a: Gholdengo|Shadow Ball|p2a: Pawmot
|-damage|p2a: Pawmot|12/100
|move|p2a: Pawmot|Revival Blessing|p2a: Pawmot
|-enditem|p2a: Pawmot|Leppa Berry|[eat]
|-activate|p2a: Pawmot|item: Leppa Berry|Revival Blessing|[consumed]
|
|t:|1776034730
|-heal|p2: Excadrill|50/100|[from] move: Revival Blessing
|
|-weather|none
|upkeep
|turn|7
|
|t:|1776034742
|switch|p1a: Deoxys|Deoxys-Speed|100/100
|-ability|p1a: Deoxys|Pressure
|move|p2a: Pawmot|Double Shock|p1a: Deoxys
|-damage|p1a: Deoxys|40/100
|-start|p2a: Pawmot|typechange|???/Fighting|[from] move: Double Shock
|
|upkeep
|turn|8
|c| Shucklepilled|Yo
|
|t:|1776034752
|switch|p2a: Hatterene|Hatterene, F|68/100
|-damage|p2a: Hatterene|52/100|[from] Spikes
|move|p1a: Deoxys|Psycho Boost|p2a: Hatterene
|-resisted|p2a: Hatterene
|-damage|p2a: Hatterene|28/100
|-unboost|p1a: Deoxys|spa|2
|
|-heal|p2a: Hatterene|34/100|[from] item: Leftovers
|upkeep
|turn|9
|c| Shucklepilled|This guys ???
|
|t:|1776034760
|move|p1a: Deoxys|Light Screen|p1a: Deoxys
|-sidestart|p1: brodiewhat|move: Light Screen
|move|p2a: Hatterene|Gravity|p2a: Hatterene
|-fieldstart|move: Gravity
|
|-heal|p2a: Hatterene|40/100|[from] item: Leftovers
|upkeep
|turn|10
|
|t:|1776034777
|switch|p2a: Tyranitar|Tyranitar, M|69/100
|-damage|p2a: Tyranitar|52/100|[from] Spikes
|-weather|Sandstorm|[from] ability: Sand Stream|[of] p2a: Tyranitar
|move|p1a: Deoxys|Reflect|p1a: Deoxys
|-sidestart|p1: brodiewhat|Reflect
|
|-weather|Sandstorm|[upkeep]
|-damage|p1a: Deoxys|34/100|[from] Sandstorm
|upkeep
|turn|11
|j| Bob Loblaw LLC
|
|t:|1776034783
|move|p1a: Deoxys|Taunt|p2a: Tyranitar
|-start|p2a: Tyranitar|move: Taunt
|move|p2a: Tyranitar|Knock Off|p1a: Deoxys
|-supereffective|p1a: Deoxys
|-damage|p1a: Deoxys|0 fnt
|-enditem|p1a: Deoxys|Light Clay|[from] move: Knock Off|[of] p2a: Tyranitar
|faint|p1a: Deoxys
|
|-weather|Sandstorm|[upkeep]
|upkeep
|j| no ratings
|inactive|brodiewhat has 120 seconds left.
|l|☆phreshoatmeal
|inactive|phreshoatmeal disconnected and has a minute to reconnect!
|player|p2|
|j|☆phreshoatmeal
|inactive|phreshoatmeal reconnected.
|player|p2|phreshoatmeal|170|
|l| poli sci
|inactive|brodiewhat has 90 seconds left.
|
|t:|1776034852
|switch|p1a: Moltres|Moltres-Galar|100/100
|turn|12
|
|t:|1776034860
|move|p1a: Moltres|Nasty Plot|p1a: Moltres
|-boost|p1a: Moltres|spa|2
|move|p2a: Tyranitar|Stone Edge|p1a: Moltres
|-supereffective|p1a: Moltres
|-crit|p1a: Moltres
|-damage|p1a: Moltres|0 fnt
|faint|p1a: Moltres
|
|-weather|Sandstorm|[upkeep]
|upkeep
|c|☆brodiewhat|ow
|inactive|brodiewhat has 90 seconds left.
|
|t:|1776034876
|switch|p1a: Gholdengo|Gholdengo|100/100
|turn|13
|c| uncle brown|smeargle save us
|
|t:|1776034884
|move|p1a: Gholdengo|Make It Rain|p2a: Tyranitar
|-supereffective|p2a: Tyranitar
|-damage|p2a: Tyranitar|0 fnt
|-unboost|p1a: Gholdengo|spa|1
|faint|p2a: Tyranitar
|
|-weather|Sandstorm|[upkeep]
|-fieldend|move: Gravity
|upkeep
|c|☆brodiewhat|say wallahi bro
|inactive|phreshoatmeal has 120 seconds left.
|c| Shucklepilled|I think it may be over
|l| i am a dirt
|
|t:|1776034916
|switch|p2a: Porygon2|Porygon2|100/100
|-damage|p2a: Porygon2|84/100|[from] Spikes
|-ability|p2a: Porygon2|Download|boost
|-boost|p2a: Porygon2|spa|1
|turn|14
|
|t:|1776034923
|move|p1a: Gholdengo|Make It Rain|p2a: Porygon2
|-damage|p2a: Porygon2|64/100
|-unboost|p1a: Gholdengo|spa|1
|move|p2a: Porygon2|Shadow Ball|p1a: Gholdengo
|-supereffective|p1a: Gholdengo
|-damage|p1a: Gholdengo|67/100
|
|-weather|none
|upkeep
|turn|15
|
|t:|1776034928
|move|p1a: Gholdengo|Make It Rain|p2a: Porygon2
|-damage|p2a: Porygon2|48/100
|-unboost|p1a: Gholdengo|spa|1
|move|p2a: Porygon2|Recover|p2a: Porygon2
|-heal|p2a: Porygon2|98/100
|
|upkeep
|turn|16
|c| Shucklepilled|The.. pory ?!?!...
|
|t:|1776034933
|move|p1a: Gholdengo|Make It Rain|p2a: Porygon2
|-damage|p2a: Porygon2|87/100
|-unboost|p1a: Gholdengo|spa|1
|move|p2a: Porygon2|Shadow Ball|p1a: Gholdengo
|-supereffective|p1a: Gholdengo
|-damage|p1a: Gholdengo|35/100
|-unboost|p1a: Gholdengo|spd|1
|
|-sideend|p1: brodiewhat|move: Light Screen
|upkeep
|turn|17
|
|t:|1776034939
|move|p1a: Gholdengo|Make It Rain|p2a: Porygon2
|-damage|p2a: Porygon2|77/100
|-unboost|p1a: Gholdengo|spa|1
|move|p2a: Porygon2|Tri Attack|p1a: Gholdengo
|-immune|p1a: Gholdengo
|
|-sideend|p1: brodiewhat|Reflect
|upkeep
|turn|18
|inactive|phreshoatmeal has 120 seconds left.
|
|t:|1776034959
|switch|p1a: Smeargle|Smeargle, F|100/100
|move|p2a: Porygon2|Recover|p2a: Porygon2
|-heal|p2a: Porygon2|100/100
|
|upkeep
|turn|19
|
|t:|1776034968
|switch|p1a: Gholdengo|Gholdengo|35/100
|move|p2a: Porygon2|Tri Attack|p1a: Gholdengo
|-immune|p1a: Gholdengo
|
|upkeep
|turn|20
|
|t:|1776034973
|switch|p2a: Sandaconda|Sandaconda, M|100/100
|-damage|p2a: Sandaconda|84/100|[from] Spikes
|move|p1a: Gholdengo|Trick|p2a: Sandaconda
|-activate|p1a: Gholdengo|move: Trick|[of] p2a: Sandaconda
|-item|p2a: Sandaconda|Choice Scarf|[from] move: Trick
|-item|p1a: Gholdengo|Eject Button|[from] move: Trick
|
|upkeep
|turn|21
|
|t:|1776034980
|move|p2a: Sandaconda|Earthquake|p1a: Gholdengo
|-supereffective|p1a: Gholdengo
|-damage|p1a: Gholdengo|0 fnt
|faint|p1a: Gholdengo
|
|upkeep
|
|t:|1776034982
|switch|p1a: Smeargle|Smeargle, F|100/100
|turn|22
|c| Shucklepilled|What if,,, joldhengo... used nasting plot?
|
|t:|1776035000
|switch|p2a: Pawmot|Pawmot, F|12/100
|-damage|p2a: Pawmot|0 fnt|[from] Spikes
|faint|p2a: Pawmot
|-terastallize|p1a: Smeargle|Flying
|move|p1a: Smeargle|Jaw Lock|p2: Pawmot|[notarget]
|-fail|p1a: Smeargle
|
|upkeep
|c| Shucklepilled|🤔🤔🤔🤔🤔
|c|☆brodiewhat|wallahi im fried
|c|☆phreshoatmeal|Lol
|c|☆phreshoatmeal|I saw the vid
|c|☆brodiewhat|you know the team
|c|☆brodiewhat|damnnnnn
|j| fulls
|inactive|phreshoatmeal has 120 seconds left.
|j| RetiredIron
|
|t:|1776035039
|switch|p2a: Sandaconda|Sandaconda, M|84/100
|-damage|p2a: Sandaconda|68/100|[from] Spikes
|turn|23
|c| Shucklepilled|I think. Moldengo. Could prove strongn in this format.
|c| Shucklepilled|Much. To consider?
|
|t:|1776035056
|switch|p2a: Porygon2|Porygon2|100/100
|-damage|p2a: Porygon2|84/100|[from] Spikes
|-ability|p2a: Porygon2|Download|boost
|-boost|p2a: Porygon2|atk|1
|move|p1a: Smeargle|No Retreat|p1a: Smeargle
|-boost|p1a: Smeargle|atk|1
|-boost|p1a: Smeargle|def|1
|-boost|p1a: Smeargle|spa|1
|-boost|p1a: Smeargle|spd|1
|-boost|p1a: Smeargle|spe|1
|-start|p1a: Smeargle|move: No Retreat
|
|upkeep
|turn|24
|
|t:|1776035065
|move|p1a: Smeargle|No Retreat||[still]
|-fail|p1a: Smeargle
|move|p2a: Porygon2|Tri Attack|p1a: Smeargle
|-damage|p1a: Smeargle|59/100
|
|upkeep
|turn|25
|
|t:|1776035070
|move|p1a: Smeargle|Population Bomb|p2a: Porygon2
|-damage|p2a: Porygon2|77/100
|-damage|p2a: Porygon2|70/100
|-damage|p2a: Porygon2|64/100
|-damage|p2a: Porygon2|57/100
|-damage|p2a: Porygon2|51/100
|-damage|p2a: Porygon2|44/100
|-damage|p2a: Porygon2|37/100
|-damage|p2a: Porygon2|30/100
|-damage|p2a: Porygon2|23/100
|-damage|p2a: Porygon2|16/100
|-hitcount|p2a: Porygon2|10
|move|p2a: Porygon2|Tri Attack|p1a: Smeargle
|-damage|p1a: Smeargle|19/100
|-status|p1a: Smeargle|par
|
|upkeep
|turn|26
|inactive|phreshoatmeal has 120 seconds left.
|l| fulls
|c| Shucklepilled|This guy used no retreat before jaw lock what are we doing
|c|☆brodiewhat|mb LOL
|
|t:|1776035088
|move|p2a: Porygon2|Tri Attack|p1a: Smeargle
|-damage|p1a: Smeargle|0 fnt
|faint|p1a: Smeargle
|
|win|phreshoatmeal
|raw|brodiewhat's rating: 1650 &rarr; <strong>1627</strong><br />(-23 for losing)
|raw|phreshoatmeal's rating: 1592 &rarr; <strong>1615</strong><br />(+23 for winning)
|c| RetiredIron|rip
|c|☆brodiewhat|gg
|c|☆phreshoatmeal|Gg
|l|☆phreshoatmeal
|player|p2|
|l| RetiredIron
|l| Swagataka
|l|☆brodiewhat
|player|p1|
|c| Shucklepilled|Tri attack... very strong. Most pokemon attack only once
|l| Electropsychosis
|l| Shucklepilled
