|html|<div class="broadcast-blue"><strong>[Gen 9] OU is currently suspecting Tera Blast! For information on how to participate check out the <a href="https://www.smogon.com/tools/suspects/view/200">suspect thread</a>.</strong></div>
|j|☆rblt_ovoleader
|j|☆magistermilitum420
|t:|1776305369
|gametype|singles
|player|p1|rblt_ovoleader|169|1365
|player|p2|magistermilitum420|blue|1340
|gen|9
|tier|[Gen 9] OU
|rated|
|rule|HP Percentage Mod: HP is shown in percentages
|rule|Endless Battle Clause: Forcing endless battles is banned
|rule|Species Clause: Limit one of each Pokémon
|rule|OHKO Clause: OHKO moves are banned
|rule|Evasion Items Clause: Evasion items are banned
|rule|Evasion Moves Clause: Evasion moves are banned
|rule|Evasion Abilities Clause: Evasion abilities are banned
|rule|Sleep Moves Clause: Sleep-inducing moves are banned
|clearpoke
|poke|p1|Blaziken, F|
|poke|p1|Gholdengo|
|poke|p1|Grafaiai, F|
|poke|p1|Scizor, F|
|poke|p1|Ting-Lu|
|poke|p1|Crawdaunt, M|
|poke|p2|Meowscarada, M|
|poke|p2|Great Tusk|
|poke|p2|Alomomola, M|
|poke|p2|Slowking-Galar, F|
|poke|p2|Iron Valiant|
|poke|p2|Heatran, M|
|teampreview
|inactive|Battle timer is ON: inactive players will automatically lose when time's up. (requested by rblt_ovoleader)
|
|t:|1776305378
|teamsize|p1|6
|teamsize|p2|6
|start
|switch|p1a: Little Negro|Crawdaunt, M|100/100
|switch|p2a: Mahad|Meowscarada, M, shiny|100/100
|turn|1
|
|t:|1776305383
|switch|p1a: Scizor|Scizor, F|100/100
|move|p2a: Mahad|U-turn|p1a: Scizor
|-start|p2a: Mahad|typechange|Bug|[from] ability: Protean
|-resisted|p1a: Scizor
|-damage|p1a: Scizor|81/100
|
|t:|1776305393
|switch|p2a: Barca|Great Tusk|100/100|[from] U-turn
|
|upkeep
|turn|2
|inactive|rblt_ovoleader has 120 seconds left.
|
|t:|1776305440
|move|p1a: Scizor|U-turn|p2a: Barca
|-resisted|p2a: Barca
|-damage|p2a: Barca|87/100
|-damage|p1a: Scizor|71/100|[from] item: Life Orb
|
|t:|1776305444
|switch|p1a: Gholdengo|Gholdengo|100/100|[from] U-turn
|-item|p1a: Gholdengo|Air Balloon
|move|p2a: Barca|Stealth Rock|p1a: Gholdengo
|-sidestart|p1: rblt_ovoleader|move: Stealth Rock
|
|-heal|p2a: Barca|94/100|[from] item: Leftovers
|upkeep
|turn|3
|
|t:|1776305452
|move|p1a: Gholdengo|Make It Rain|p2a: Barca
|-crit|p2a: Barca
|-damage|p2a: Barca|0 fnt
|-unboost|p1a: Gholdengo|spa|1
|faint|p2a: Barca
|-end|p2a: Barca|Protosynthesis|[silent]
|
|upkeep
|
|t:|1776305458
|switch|p2a: Mahad|Meowscarada, M, shiny|100/100
|turn|4
|
|t:|1776305466
|switch|p1a: Scizor|Scizor, F|71/100
|-damage|p1a: Scizor|59/100|[from] Stealth Rock
|move|p2a: Mahad|Knock Off|p1a: Scizor
|-start|p2a: Mahad|typechange|Dark|[from] ability: Protean
|-damage|p1a: Scizor|1/100
|-enditem|p1a: Scizor|Life Orb|[from] move: Knock Off|[of] p2a: Mahad
|
|upkeep
|turn|5
|
|t:|1776305482
|move|p1a: Scizor|Bullet Punch|p2a: Mahad
|-damage|p2a: Mahad|45/100
|move|p2a: Mahad|Knock Off|p1a: Scizor
|-damage|p1a: Scizor|0 fnt
|faint|p1a: Scizor
|
|upkeep
|
|t:|1776305488
|switch|p1a: Little Negro|Crawdaunt, M|100/100
|-damage|p1a: Little Negro|88/100|[from] Stealth Rock
|turn|6
|
|t:|1776305492
|switch|p2a: Charybdis|Alomomola, M, shiny|100/100
|move|p1a: Little Negro|Aqua Jet|p2a: Charybdis
|-resisted|p2a: Charybdis
|-damage|p2a: Charybdis|89/100
|-damage|p1a: Little Negro|72/100|[from] item: Rocky Helmet|[of] p2a: Charybdis
|
|upkeep
|turn|7
|
|t:|1776305499
|switch|p1a: Grafaiai|Grafaiai, F|100/100
|move|p2a: Charybdis|Scald|p1a: Grafaiai
|-damage|p1a: Grafaiai|77/100
|
|upkeep
|turn|8
|
|t:|1776305509
|switch|p2a: Mithridates|Slowking-Galar, F|100/100
|move|p1a: Grafaiai|Gunk Shot|p2a: Mithridates
|-resisted|p2a: Mithridates
|-damage|p2a: Mithridates|73/100
|
|upkeep
|turn|9
|
|t:|1776305517
|move|p1a: Grafaiai|Parting Shot|p2a: Mithridates
|-unboost|p2a: Mithridates|atk|1
|-unboost|p2a: Mithridates|spa|1
|
|t:|1776305522
|switch|p1a: Ting-Lu|Ting-Lu|100/100|[from] Parting Shot
|-damage|p1a: Ting-Lu|94/100|[from] Stealth Rock
|-ability|p1a: Ting-Lu|Vessel of Ruin
|move|p2a: Mithridates|Psychic Noise|p1a: Ting-Lu
|-immune|p1a: Ting-Lu
|
|-heal|p1a: Ting-Lu|100/100|[from] item: Leftovers
|upkeep
|turn|10
|
|t:|1776305546
|switch|p2a: Charybdis|Alomomola, M, shiny|100/100
|move|p1a: Ting-Lu|Stealth Rock|p2a: Charybdis
|-sidestart|p2: magistermilitum420|move: Stealth Rock
|
|upkeep
|turn|11
|
|t:|1776305559
|move|p1a: Ting-Lu|Ruination|p2a: Charybdis
|-damage|p2a: Charybdis|50/100
|move|p2a: Charybdis|Scald|p1a: Ting-Lu
|-supereffective|p1a: Ting-Lu
|-damage|p1a: Ting-Lu|88/100
|
|-heal|p1a: Ting-Lu|95/100|[from] item: Leftovers
|upkeep
|turn|12
|
|t:|1776305566
|move|p1a: Ting-Lu|Earthquake|p2a: Charybdis
|-damage|p2a: Charybdis|30/100
|move|p2a: Charybdis|Wish|p2a: Charybdis
|
|-heal|p1a: Ting-Lu|100/100|[from] item: Leftovers
|upkeep
|turn|13
|
|t:|1776305572
|move|p2a: Charybdis|Flip Turn|p1a: Ting-Lu
|-supereffective|p1a: Ting-Lu
|-damage|p1a: Ting-Lu|83/100
|
|t:|1776305575
|switch|p2a: Mahad|Meowscarada, M, shiny|45/100|[from] Flip Turn
|-damage|p2a: Mahad|33/100|[from] Stealth Rock
|move|p1a: Ting-Lu|Whirlwind|p2a: Mahad
|drag|p2a: Pallas|Iron Valiant, shiny|100/100
|-damage|p2a: Pallas|94/100|[from] Stealth Rock
|-enditem|p2a: Pallas|Booster Energy
|-activate|p2a: Pallas|ability: Quark Drive|[fromitem]
|-start|p2a: Pallas|quarkdrivespe
|
|-heal|p2a: Pallas|100/100|[from] move: Wish|[wisher] Charybdis
|-heal|p1a: Ting-Lu|89/100|[from] item: Leftovers
|upkeep
|turn|14
|
|t:|1776305588
|move|p2a: Pallas|Close Combat|p1a: Ting-Lu
|-supereffective|p1a: Ting-Lu
|-damage|p1a: Ting-Lu|31/100
|-unboost|p2a: Pallas|def|1
|-unboost|p2a: Pallas|spd|1
|move|p1a: Ting-Lu|Earthquake|p2a: Pallas
|-damage|p2a: Pallas|26/100
|
|-heal|p1a: Ting-Lu|37/100|[from] item: Leftovers
|upkeep
|turn|15
|
|t:|1776305614
|move|p2a: Pallas|Close Combat|p1a: Ting-Lu
|-supereffective|p1a: Ting-Lu
|-damage|p1a: Ting-Lu|0 fnt
|-unboost|p2a: Pallas|def|1
|-unboost|p2a: Pallas|spd|1
|faint|p1a: Ting-Lu
|
|upkeep
|
|t:|1776305623
|switch|p1a: Little Negro|Crawdaunt, M|72/100
|-damage|p1a: Little Negro|59/100|[from] Stealth Rock
|turn|16
|
|t:|1776305627
|-end|p2a: Pallas|Quark Drive|[silent]
|switch|p2a: Charybdis|Alomomola, M, shiny|63/100
|-damage|p2a: Charybdis|50/100|[from] Stealth Rock
|move|p1a: Little Negro|Knock Off|p2a: Charybdis
|-damage|p2a: Charybdis|0 fnt
|-damage|p1a: Little Negro|43/100|[from] item: Rocky Helmet|[of] p2a: Charybdis
|-enditem|p2a: Charybdis|Rocky Helmet|[from] move: Knock Off|[of] p1a: Little Negro
|faint|p2a: Charybdis
|
|upkeep
|
|t:|1776305640
|switch|p2a: Vulcanus|Heatran, M, shiny|100/100
|-damage|p2a: Vulcanus|88/100|[from] Stealth Rock
|turn|17
|inactive|rblt_ovoleader has 120 seconds left.
|
|t:|1776305686
|switch|p1a: Grafaiai|Grafaiai, F|77/100
|-terastallize|p2a: Vulcanus|Grass
|move|p2a: Vulcanus|Earth Power|p1a: Grafaiai
|-supereffective|p1a: Grafaiai
|-damage|p1a: Grafaiai|0 fnt
|faint|p1a: Grafaiai
|
|upkeep
|
|t:|1776305693
|switch|p1a: Blaziken|Blaziken, F|100/100
|-damage|p1a: Blaziken|88/100|[from] Stealth Rock
|turn|18
|
|t:|1776305700
|move|p1a: Blaziken|Protect|p1a: Blaziken
|-singleturn|p1a: Blaziken|Protect
|move|p2a: Vulcanus|Earth Power|p1a: Blaziken
|-activate|p1a: Blaziken|move: Protect
|
|-ability|p1a: Blaziken|Speed Boost|boost
|-boost|p1a: Blaziken|spe|1
|upkeep
|turn|19
|
|t:|1776305711
|move|p1a: Blaziken|Swords Dance|p1a: Blaziken
|-boost|p1a: Blaziken|atk|2
|move|p2a: Vulcanus|Earth Power|p1a: Blaziken
|-supereffective|p1a: Blaziken
|-damage|p1a: Blaziken|0 fnt
|faint|p1a: Blaziken
|
|upkeep
|
|t:|1776305718
|switch|p1a: Gholdengo|Gholdengo|100/100
|-damage|p1a: Gholdengo|94/100|[from] Stealth Rock
|-item|p1a: Gholdengo|Air Balloon
|turn|20
|
|t:|1776305724
|switch|p2a: Mithridates|Slowking-Galar, F|100/100
|-damage|p2a: Mithridates|88/100|[from] Stealth Rock
|move|p1a: Gholdengo|Make It Rain|p2a: Mithridates
|-damage|p2a: Mithridates|52/100
|-unboost|p1a: Gholdengo|spa|1
|
|upkeep
|turn|21
|
|t:|1776305737
|move|p1a: Gholdengo|Nasty Plot|p1a: Gholdengo
|-boost|p1a: Gholdengo|spa|2
|move|p2a: Mithridates|Surf|p1a: Gholdengo
|-damage|p1a: Gholdengo|63/100
|-enditem|p1a: Gholdengo|Air Balloon
|
|upkeep
|turn|22
|
|t:|1776305754
|move|p1a: Gholdengo|Shadow Ball|p2a: Mithridates
|-supereffective|p2a: Mithridates
|-damage|p2a: Mithridates|0 fnt
|faint|p2a: Mithridates
|
|upkeep
|
|t:|1776305759
|switch|p2a: Mahad|Meowscarada, M, shiny|33/100
|-damage|p2a: Mahad|21/100|[from] Stealth Rock
|turn|23
|
|t:|1776305770
|-terastallize|p1a: Gholdengo|Steel
|move|p2a: Mahad|Knock Off|p1a: Gholdengo
|-start|p2a: Mahad|typechange|Dark|[from] ability: Protean
|-damage|p1a: Gholdengo|27/100
|move|p1a: Gholdengo|Shadow Ball|p2a: Mahad
|-resisted|p2a: Mahad
|-damage|p2a: Mahad|0 fnt
|faint|p2a: Mahad
|
|upkeep
|
|t:|1776305781
|switch|p2a: Pallas|Iron Valiant, shiny|26/100
|-damage|p2a: Pallas|20/100|[from] Stealth Rock
|turn|24
|
|t:|1776305794
|move|p2a: Pallas|Close Combat|p1a: Gholdengo
|-supereffective|p1a: Gholdengo
|-damage|p1a: Gholdengo|0 fnt
|-unboost|p2a: Pallas|def|1
|-unboost|p2a: Pallas|spd|1
|faint|p1a: Gholdengo
|
|upkeep
|
|t:|1776305796
|switch|p1a: Little Negro|Crawdaunt, M|43/100
|-damage|p1a: Little Negro|30/100|[from] Stealth Rock
|turn|25
|
|t:|1776305807
|move|p1a: Little Negro|Aqua Jet|p2a: Pallas
|-damage|p2a: Pallas|0 fnt
|faint|p2a: Pallas
|-end|p2a: Pallas|Quark Drive|[silent]
|
|upkeep
|
|t:|1776305810
|switch|p2a: Vulcanus|Heatran, M, shiny, tera:Grass|88/100
|-damage|p2a: Vulcanus|76/100|[from] Stealth Rock
|turn|26
|
|t:|1776305818
|move|p1a: Little Negro|Aqua Jet|p2a: Vulcanus
|-resisted|p2a: Vulcanus
|-damage|p2a: Vulcanus|53/100
|move|p2a: Vulcanus|Tera Blast|p1a: Little Negro|[anim] Tera Blast Grass
|-supereffective|p1a: Little Negro
|-damage|p1a: Little Negro|0 fnt
|faint|p1a: Little Negro
|
|win|magistermilitum420
|raw|rblt_ovoleader's rating: 1365 &rarr; <strong>1344</strong><br />(-21 for losing)
|raw|magistermilitum420's rating: 1340 &rarr; <strong>1361</strong><br />(+21 for winning)
|l|☆rblt_ovoleader
|player|p1|
