|j|☆dnite my goat3
|j|☆yugiohLORD
|inactive|Battle timer is ON: inactive players will automatically lose when time's up.
|t:|1776038513
|gametype|singles
|player|p1|dnite my goat3|picnicker|
|player|p2|yugiohLORD|biker|
|gen|9
|tier|[Gen 9] OU
|rated|Tournament battle
|rule|HP Percentage Mod: HP is shown in percentages
|rule|Endless Battle Clause: Forcing endless battles is banned
|rule|Species Clause: Limit one of each Pokémon
|rule|OHKO Clause: OHKO moves are banned
|rule|Evasion Items Clause: Evasion items are banned
|rule|Evasion Moves Clause: Evasion moves are banned
|rule|Evasion Abilities Clause: Evasion abilities are banned
|rule|Sleep Moves Clause: Sleep-inducing moves are banned
|raw|<div class="infobox"><details class="readmore" open><summary><strong>2 custom rules:</strong></summary> Force Select = Volbeat, -houndour</details></div>
|clearpoke
|poke|p1|Volbeat, M|
|poke|p1|Great Tusk|
|poke|p1|Raging Bolt|
|poke|p1|Moltres|
|poke|p1|Kingambit, F|
|poke|p1|Pecharunt|
|poke|p2|Gliscor, M|
|poke|p2|Kyurem|
|poke|p2|Cinderace, F|
|poke|p2|Kingambit, F|
|poke|p2|Iron Valiant|
|poke|p2|Volbeat, M|
|teampreview
|inactive|dnite my goat3 has 120 seconds left.
|
|t:|1776038548
|teamsize|p1|6
|teamsize|p2|6
|start
|switch|p1a: Volbeat|Volbeat, M|100/100
|switch|p2a: Volbeat|Volbeat, M, shiny|100/100
|turn|1
|j| Victory Victreebel
|
|t:|1776038557
|switch|p2a: Sir Theodore|Kingambit, F, shiny|100/100
|move|p1a: Volbeat|U-turn|p2a: Sir Theodore
|-damage|p2a: Sir Theodore|81/100
|j| rukt
|
|t:|1776038562
|switch|p1a: Moltres|Moltres|100/100|[from] U-turn
|
|-heal|p2a: Sir Theodore|87/100|[from] item: Leftovers
|upkeep
|turn|2
|
|t:|1776038580
|-end|p2a: Sir Theodore|fallenundefined|[silent]
|switch|p2a: Ronaldo|Cinderace, F, shiny|100/100
|move|p1a: Moltres|Flamethrower|p2a: Ronaldo
|-resisted|p2a: Ronaldo
|-damage|p2a: Ronaldo|74/100
|
|upkeep
|turn|3
|j|@mala☆huju
|l|@mala☆huju
|
|t:|1776038605
|move|p2a: Ronaldo|U-turn|p1a: Moltres
|-start|p2a: Ronaldo|typechange|Bug|[from] ability: Libero
|-resisted|p1a: Moltres
|-damage|p1a: Moltres|95/100
|j| t44 (the one)
|
|t:|1776038627
|switch|p2a: Loser|Kyurem, shiny|100/100|[from] U-turn
|-ability|p2a: Loser|Pressure
|move|p1a: Moltres|Flamethrower|p2a: Loser
|-damage|p2a: Loser|65/100
|
|-heal|p2a: Loser|71/100|[from] item: Leftovers
|upkeep
|turn|4
|l| rukt
|j| Shucklepilled
|inactive|yugiohLORD has 120 seconds left.
|
|t:|1776038655
|switch|p1a: Kingambit|Kingambit, F|100/100
|move|p2a: Loser|Freeze-Dry|p1a: Kingambit
|-resisted|p1a: Kingambit
|-damage|p1a: Kingambit|80/100
|
|-heal|p2a: Loser|77/100|[from] item: Leftovers
|-heal|p1a: Kingambit|86/100|[from] item: Leftovers
|upkeep
|turn|5
|inactive|yugiohLORD has 120 seconds left.
|
|t:|1776038661
|move|p2a: Loser|Earth Power|p1a: Kingambit
|-supereffective|p1a: Kingambit
|-damage|p1a: Kingambit|15/100
|move|p1a: Kingambit|Iron Head|p2a: Loser
|-supereffective|p2a: Loser
|-damage|p2a: Loser|0 fnt
|faint|p2a: Loser
|
|-heal|p1a: Kingambit|21/100|[from] item: Leftovers
|upkeep
|inactive|yugiohLORD has 120 seconds left.
|
|t:|1776038670
|switch|p2a: Volbeat|Volbeat, M, shiny|100/100
|turn|6
|
|t:|1776038677
|switch|p2a: Flying rat|Gliscor, M, shiny|100/100
|-end|p1a: Kingambit|fallenundefined|[silent]
|switch|p1a: Moltres|Moltres|95/100
|
|-status|p2a: Flying rat|tox|[from] item: Toxic Orb
|upkeep
|turn|7
|
|t:|1776038689
|switch|p1a: Great Tusk|Great Tusk|100/100
|move|p2a: Flying rat|Stealth Rock|p1a: Great Tusk
|-sidestart|p1: dnite my goat3|move: Stealth Rock
|
|upkeep
|turn|8
|
|t:|1776038698
|switch|p2a: Volbeat|Volbeat, M, shiny|100/100
|move|p1a: Great Tusk|Ice Spinner|p2a: Volbeat
|-damage|p2a: Volbeat|64/100
|
|upkeep
|turn|9
|l| Shucklepilled
|
|t:|1776038709
|move|p2a: Volbeat|Trick|p1a: Great Tusk
|-activate|p2a: Volbeat|move: Trick|[of] p1a: Great Tusk
|-item|p1a: Great Tusk|Choice Specs|[from] move: Trick
|-item|p2a: Volbeat|Heavy-Duty Boots|[from] move: Trick
|move|p1a: Great Tusk|Rapid Spin|p2a: Volbeat
|-damage|p2a: Volbeat|42/100
|-boost|p1a: Great Tusk|spe|1
|-sideend|p1: dnite my goat3|Stealth Rock|[from] move: Rapid Spin|[of] p1a: Great Tusk
|
|upkeep
|turn|10
|
|t:|1776038718
|move|p2a: Volbeat|Tailwind|p2a: Volbeat
|-sidestart|p2: yugiohLORD|move: Tailwind
|move|p1a: Great Tusk|Rapid Spin|p2a: Volbeat
|-damage|p2a: Volbeat|21/100
|-boost|p1a: Great Tusk|spe|1
|
|upkeep
|turn|11
|
|t:|1776038723
|-end|p1a: Great Tusk|Protosynthesis|[silent]
|switch|p1a: Volbeat|Volbeat, M|100/100
|move|p2a: Volbeat|Taunt|p1a: Volbeat
|-start|p1a: Volbeat|move: Taunt
|
|upkeep
|turn|12
|j| Joltinjoe18
|
|t:|1776038728
|move|p2a: Volbeat|Thunder Wave|p1a: Volbeat
|-status|p1a: Volbeat|par
|cant|p1a: Volbeat|par
|
|upkeep
|turn|13
|c|☆dnite my goat3|i tilt
|
|t:|1776038736
|move|p2a: Volbeat|Tailwind||[still]
|-fail|p2a: Volbeat
|cant|p1a: Volbeat|par
|
|-end|p1a: Volbeat|move: Taunt
|-sideend|p2: yugiohLORD|move: Tailwind
|upkeep
|turn|14
|c|☆dnite my goat3|with thise guy jumping
|
|t:|1776038741
|move|p2a: Volbeat|Tailwind|p2a: Volbeat
|-sidestart|p2: yugiohLORD|move: Tailwind
|cant|p1a: Volbeat|par
|
|upkeep
|turn|15
|j| rukt
|
|t:|1776038753
|switch|p2a: Flying rat|Gliscor, M, shiny|100/100 tox
|move|p1a: Volbeat|U-turn|p2a: Flying rat
|-resisted|p2a: Flying rat
|-damage|p2a: Flying rat|88/100 tox
|
|t:|1776038760
|switch|p1a: Great Tusk|Great Tusk|100/100|[from] U-turn
|
|-heal|p2a: Flying rat|100/100 tox|[from] ability: Poison Heal
|upkeep
|turn|16
|inactive|yugiohLORD has 120 seconds left.
|j| Shucklepilled
|j| KGotsu
|
|t:|1776038801
|move|p2a: Flying rat|U-turn|p1a: Great Tusk
|-resisted|p1a: Great Tusk
|-damage|p1a: Great Tusk|94/100
|j|+fulls
|
|t:|1776038806
|switch|p2a: Volbeat|Volbeat, M, shiny|21/100|[from] U-turn
|move|p1a: Great Tusk|Ice Spinner|p2a: Volbeat
|-damage|p2a: Volbeat|0 fnt
|faint|p2a: Volbeat
|
|upkeep
|
|t:|1776038811
|switch|p2a: Sir Theodore|Kingambit, F, shiny|87/100
|-activate|p2a: Sir Theodore|ability: Supreme Overlord
|-start|p2a: Sir Theodore|fallen2|[silent]
|turn|17
|
|t:|1776038825
|-end|p1a: Great Tusk|Protosynthesis|[silent]
|switch|p1a: Moltres|Moltres|95/100
|move|p2a: Sir Theodore|Swords Dance|p2a: Sir Theodore
|-boost|p2a: Sir Theodore|atk|2
|
|-heal|p2a: Sir Theodore|93/100|[from] item: Leftovers
|-sideend|p2: yugiohLORD|move: Tailwind
|upkeep
|turn|18
|
|t:|1776038835
|move|p2a: Sir Theodore|Sucker Punch||[still]
|-fail|p2a: Sir Theodore
|move|p1a: Moltres|Roar|p2a: Sir Theodore
|-end|p2a: Sir Theodore|fallen2|[silent]
|drag|p2a: Flying rat|Gliscor, M, shiny|100/100 tox
|
|upkeep
|turn|19
|
|t:|1776038841
|switch|p1a: Great Tusk|Great Tusk|94/100
|move|p2a: Flying rat|Stealth Rock|p1a: Great Tusk
|-sidestart|p1: dnite my goat3|move: Stealth Rock
|
|upkeep
|turn|20
|inactive|yugiohLORD has 120 seconds left.
|
|t:|1776038865
|move|p2a: Flying rat|U-turn|p1a: Great Tusk
|-resisted|p1a: Great Tusk
|-damage|p1a: Great Tusk|86/100
|inactive|yugiohLORD has 120 seconds left.
|
|t:|1776038873
|switch|p2a: Fruit Loops|Iron Valiant, shiny|100/100|[from] U-turn
|-enditem|p2a: Fruit Loops|Booster Energy
|-activate|p2a: Fruit Loops|ability: Quark Drive|[fromitem]
|-start|p2a: Fruit Loops|quarkdrivespe
|move|p1a: Great Tusk|Stealth Rock|p2a: Fruit Loops
|-sidestart|p2: yugiohLORD|move: Stealth Rock
|
|upkeep
|turn|21
|inactive|dnite my goat3 has 120 seconds left.
|
|t:|1776038916
|-end|p1a: Great Tusk|Protosynthesis|[silent]
|switch|p1a: Pecharunt|Pecharunt|100/100
|move|p2a: Fruit Loops|Calm Mind|p2a: Fruit Loops
|-boost|p2a: Fruit Loops|spa|1
|-boost|p2a: Fruit Loops|spd|1
|
|upkeep
|turn|22
|l| Joltinjoe18
|inactive|yugiohLORD has 120 seconds left.
|
|t:|1776038938
|-terastallize|p2a: Fruit Loops|Ghost
|move|p2a: Fruit Loops|Shadow Ball|p1a: Pecharunt
|-supereffective|p1a: Pecharunt
|-damage|p1a: Pecharunt|0 fnt
|faint|p1a: Pecharunt
|
|upkeep
|inactive|dnite my goat3 has 120 seconds left.
|
|t:|1776038961
|switch|p1a: Kingambit|Kingambit, F|21/100
|-damage|p1a: Kingambit|15/100|[from] Stealth Rock
|-activate|p1a: Kingambit|ability: Supreme Overlord
|-start|p1a: Kingambit|fallen1|[silent]
|turn|23
|
|t:|1776038965
|move|p2a: Fruit Loops|Vacuum Wave|p1a: Kingambit
|-supereffective|p1a: Kingambit
|-damage|p1a: Kingambit|0 fnt
|faint|p1a: Kingambit
|-end|p1a: Kingambit|fallen1|[silent]
|
|upkeep
|
|t:|1776038971
|switch|p1a: Volbeat|Volbeat, M|100/100 par
|-damage|p1a: Volbeat|76/100 par|[from] Stealth Rock
|turn|24
|
|t:|1776038977
|move|p1a: Volbeat|Encore|p2a: Fruit Loops
|-start|p2a: Fruit Loops|Encore
|move|p2a: Fruit Loops|Vacuum Wave|p1a: Volbeat
|-resisted|p1a: Volbeat
|-crit|p1a: Volbeat
|-damage|p1a: Volbeat|56/100 par
|
|upkeep
|turn|25
|
|t:|1776038982
|switch|p1a: Moltres|Moltres|95/100
|move|p2a: Fruit Loops|Vacuum Wave|p1a: Moltres
|-resisted|p1a: Moltres
|-crit|p1a: Moltres
|-damage|p1a: Moltres|71/100
|
|upkeep
|turn|26
|l| Shucklepilled
|
|t:|1776038992
|-end|p2a: Fruit Loops|Quark Drive|[silent]
|switch|p2a: Flying rat|Gliscor, M, shiny|100/100 tox
|-damage|p2a: Flying rat|88/100 tox|[from] Stealth Rock
|move|p1a: Moltres|Roar|p2a: Flying rat
|drag|p2a: Ronaldo|Cinderace, F, shiny|74/100
|
|upkeep
|turn|27
|
|t:|1776039012
|move|p2a: Ronaldo|U-turn|p1a: Moltres
|-start|p2a: Ronaldo|typechange|Bug|[from] ability: Libero
|-resisted|p1a: Moltres
|-damage|p1a: Moltres|65/100
|
|t:|1776039025
|switch|p2a: Flying rat|Gliscor, M, shiny|88/100 tox|[from] U-turn
|-damage|p2a: Flying rat|76/100 tox|[from] Stealth Rock
|move|p1a: Moltres|Roost|p1a: Moltres
|-heal|p1a: Moltres|100/100
|-singleturn|p1a: Moltres|move: Roost
|
|-heal|p2a: Flying rat|88/100 tox|[from] ability: Poison Heal
|upkeep
|turn|28
|l| rukt
|j| dsekop
|l| dsekop
|
|t:|1776039043
|switch|p1a: Volbeat|Volbeat, M|56/100 par
|-damage|p1a: Volbeat|32/100 par|[from] Stealth Rock
|move|p2a: Flying rat|Knock Off|p1a: Volbeat
|-damage|p1a: Volbeat|0 fnt
|-enditem|p1a: Volbeat|Choice Band|[from] move: Knock Off|[of] p2a: Flying rat
|faint|p1a: Volbeat
|
|-heal|p2a: Flying rat|100/100 tox|[from] ability: Poison Heal
|upkeep
|
|t:|1776039057
|switch|p1a: Raging Bolt|Raging Bolt|100/100
|-damage|p1a: Raging Bolt|88/100|[from] Stealth Rock
|-enditem|p1a: Raging Bolt|Booster Energy
|-activate|p1a: Raging Bolt|ability: Protosynthesis|[fromitem]
|-start|p1a: Raging Bolt|protosynthesisspa
|turn|29
|j|@mala☆huju
|j| QuiteNear
|l| QuiteNear
|
|t:|1776039079
|move|p2a: Flying rat|Protect|p2a: Flying rat
|-singleturn|p2a: Flying rat|Protect
|move|p1a: Raging Bolt|Calm Mind|p1a: Raging Bolt
|-boost|p1a: Raging Bolt|spa|1
|-boost|p1a: Raging Bolt|spd|1
|
|upkeep
|turn|30
|inactive|dnite my goat3 has 120 seconds left.
|
|t:|1776039110
|move|p2a: Flying rat|U-turn|p1a: Raging Bolt
|-damage|p1a: Raging Bolt|69/100
|
|t:|1776039120
|switch|p2a: Ronaldo|Cinderace, F, shiny|74/100|[from] U-turn
|move|p1a: Raging Bolt|Dragon Pulse|p2a: Ronaldo
|-damage|p2a: Ronaldo|0 fnt
|faint|p2a: Ronaldo
|
|upkeep
|
|t:|1776039124
|switch|p2a: Fruit Loops|Iron Valiant, shiny, tera:Ghost|100/100
|-damage|p2a: Fruit Loops|88/100|[from] Stealth Rock
|turn|31
|
|t:|1776039130
|move|p1a: Raging Bolt|Thunderclap|p2a: Fruit Loops
|-damage|p2a: Fruit Loops|0 fnt
|faint|p2a: Fruit Loops
|-end|p2a: Fruit Loops|Quark Drive|[silent]
|
|upkeep
|
|t:|1776039156
|switch|p2a: Sir Theodore|Kingambit, F, shiny|93/100
|-damage|p2a: Sir Theodore|87/100|[from] Stealth Rock
|-activate|p2a: Sir Theodore|ability: Supreme Overlord
|-start|p2a: Sir Theodore|fallen4|[silent]
|turn|32
|inactive|dnite my goat3 has 120 seconds left.
|
|t:|1776039192
|-terastallize|p1a: Raging Bolt|Fairy
|move|p1a: Raging Bolt|Thunderbolt|p2a: Sir Theodore
|-damage|p2a: Sir Theodore|0 fnt
|faint|p2a: Sir Theodore
|-end|p2a: Sir Theodore|fallen4|[silent]
|
|upkeep
|j| Lynarto
|c|☆dnite my goat3|gg
|inactive|yugiohLORD has 120 seconds left.
|
|t:|1776039213
|switch|p2a: Flying rat|Gliscor, M, shiny|100/100 tox
|-damage|p2a: Flying rat|88/100 tox|[from] Stealth Rock
|turn|33
|j| Phasmyx
|c|☆yugiohLORD|gg
|
|t:|1776039225
|move|p2a: Flying rat|Knock Off|p1a: Raging Bolt
|-resisted|p1a: Raging Bolt
|-damage|p1a: Raging Bolt|60/100
|move|p1a: Raging Bolt|Dragon Pulse|p2a: Flying rat
|-damage|p2a: Flying rat|0 fnt
|faint|p2a: Flying rat
|
|win|dnite my goat3
|n|☆dnite my goat3|dnitemygoat3
|n|☆yugiohLORD|yugiohlord
|n| Victory Victreebel|victoryvictreebel
|n| t44 (the one)|t44theone
|n| KGotsu|kgotsu
|n| fulls|fulls
|n|%mala☆huju|malahuju
|n| Lynarto|lynarto
|n| Phasmyx|phasmyx
|l|☆yugiohLORD
|player|p2|
|l| KGotsu
|l|%mala☆huju
|l| fulls
|l| Lynarto
