|html|<div class="broadcast-blue"><strong>[Gen 9] OU is currently suspecting Volcarona! For information on how to participate check out the <a href="https://www.smogon.com/tools/suspects/view/208">suspect thread</a>.</strong></div>
|j|☆Makatuk
|j|☆777Crash
|t:|1778505446
|gametype|singles
|player|p1|Makatuk|red|1468
|player|p2|777Crash|102|1474
|gen|9
|tier|[Gen 9] OU
|rated|
|rule|HP Percentage Mod: HP is shown in percentages
|rule|Endless Battle Clause: Forcing endless battles is banned
|rule|Species Clause: Limit one of each Pokémon
|rule|OHKO Clause: OHKO moves are banned
|rule|Evasion Items Clause: Evasion items are banned
|rule|Evasion Moves Clause: Evasion moves are banned
|rule|Evasion Abilities Clause: Evasion abilities are banned
|rule|Sleep Moves Clause: Sleep-inducing moves are banned
|clearpoke
|poke|p1|Haxorus, F|
|poke|p1|Garganacl, M|
|poke|p1|Hatterene, F|
|poke|p1|Rillaboom, M|
|poke|p1|Raging Bolt|
|poke|p1|Frosmoth, M|
|poke|p2|Araquanid, F|
|poke|p2|Gholdengo|
|poke|p2|Iron Moth|
|poke|p2|Iron Valiant|
|poke|p2|Raging Bolt|
|poke|p2|Kingambit, F|
|teampreview
|inactive|Battle timer is ON: inactive players will automatically lose when time's up. (requested by Makatuk)
|
|t:|1778505467
|teamsize|p1|6
|teamsize|p2|6
|start
|switch|p1a: My Arrival Worm|Rillaboom, M|100/100
|switch|p2a: Araquanid|Araquanid, F|100/100
|-fieldstart|move: Grassy Terrain|[from] ability: Grassy Surge|[of] p1a: My Arrival Worm
|turn|1
|
|t:|1778505475
|switch|p2a: Iron Moth|Iron Moth|100/100
|-enditem|p2a: Iron Moth|Booster Energy
|-activate|p2a: Iron Moth|ability: Quark Drive|[fromitem]
|-start|p2a: Iron Moth|quarkdrivespa
|move|p1a: My Arrival Worm|U-turn|p2a: Iron Moth
|-resisted|p2a: Iron Moth
|-damage|p2a: Iron Moth|90/100
|
|t:|1778505482
|switch|p1a: "Show Me"|Frosmoth, M|100/100|[from] U-turn
|
|-heal|p2a: Iron Moth|96/100|[from] Grassy Terrain
|upkeep
|turn|2
|
|t:|1778505491
|-terastallize|p2a: Iron Moth|Grass
|-terastallize|p1a: "Show Me"|Dragon
|move|p2a: Iron Moth|Fiery Dance|p1a: "Show Me"
|-resisted|p1a: "Show Me"
|-damage|p1a: "Show Me"|86/100
|move|p1a: "Show Me"|Quiver Dance|p1a: "Show Me"
|-boost|p1a: "Show Me"|spa|1
|-boost|p1a: "Show Me"|spd|1
|-boost|p1a: "Show Me"|spe|1
|
|-heal|p1a: "Show Me"|92/100|[from] Grassy Terrain
|-heal|p1a: "Show Me"|98/100|[from] item: Leftovers
|-heal|p2a: Iron Moth|100/100|[from] Grassy Terrain
|upkeep
|turn|3
|
|t:|1778505507
|move|p1a: "Show Me"|Substitute|p1a: "Show Me"
|-start|p1a: "Show Me"|Substitute
|-damage|p1a: "Show Me"|73/100
|move|p2a: Iron Moth|Fiery Dance|p1a: "Show Me"
|-resisted|p1a: "Show Me"
|-activate|p1a: "Show Me"|move: Substitute|[damage]
|-boost|p2a: Iron Moth|spa|1
|
|-heal|p1a: "Show Me"|80/100|[from] Grassy Terrain
|-heal|p1a: "Show Me"|86/100|[from] item: Leftovers
|upkeep
|turn|4
|
|t:|1778505518
|move|p1a: "Show Me"|Quiver Dance|p1a: "Show Me"
|-boost|p1a: "Show Me"|spa|1
|-boost|p1a: "Show Me"|spd|1
|-boost|p1a: "Show Me"|spe|1
|move|p2a: Iron Moth|Sludge Wave|p1a: "Show Me"
|-end|p1a: "Show Me"|Substitute
|
|-heal|p1a: "Show Me"|92/100|[from] Grassy Terrain
|-heal|p1a: "Show Me"|98/100|[from] item: Leftovers
|upkeep
|turn|5
|
|t:|1778505529
|move|p1a: "Show Me"|Quiver Dance|p1a: "Show Me"
|-boost|p1a: "Show Me"|spa|1
|-boost|p1a: "Show Me"|spd|1
|-boost|p1a: "Show Me"|spe|1
|move|p2a: Iron Moth|Sludge Wave|p1a: "Show Me"
|-damage|p1a: "Show Me"|76/100
|
|-heal|p1a: "Show Me"|82/100|[from] Grassy Terrain
|-heal|p1a: "Show Me"|88/100|[from] item: Leftovers
|-fieldend|move: Grassy Terrain
|upkeep
|turn|6
|-message|777Crash forfeited.
|
|win|Makatuk
|raw|Makatuk's rating: 1468 &rarr; <strong>1488</strong><br />(+20 for winning)
|raw|777Crash's rating: 1474 &rarr; <strong>1454</strong><br />(-20 for losing)
|l|☆777Crash
|player|p2|
|l|☆Makatuk
|player|p1|
