|html|<div class="broadcast-blue"><strong>[Gen 9] OU is currently suspecting Volcarona! For information on how to participate check out the <a href="https://www.smogon.com/tools/suspects/view/208">suspect thread</a>.</strong></div>
|j|☆memeys
|j|☆lkhnkj
|t:|1778500235
|gametype|singles
|player|p1|memeys|266|1000
|player|p2|lkhnkj|102|1000
|gen|9
|tier|[Gen 9] OU
|rated|
|rule|HP Percentage Mod: HP is shown in percentages
|rule|Endless Battle Clause: Forcing endless battles is banned
|rule|Species Clause: Limit one of each Pokémon
|rule|OHKO Clause: OHKO moves are banned
|rule|Evasion Items Clause: Evasion items are banned
|rule|Evasion Moves Clause: Evasion moves are banned
|rule|Evasion Abilities Clause: Evasion abilities are banned
|rule|Sleep Moves Clause: Sleep-inducing moves are banned
|clearpoke
|poke|p1|Dragonite, M|
|poke|p1|Alomomola, M|
|poke|p1|Samurott-Hisui, M|
|poke|p1|Ceruledge, M|
|poke|p1|Arboliva, F|
|poke|p1|Palossand, M|
|poke|p2|Lokix, F|
|poke|p2|Iron Crown|
|poke|p2|Gliscor, M|
|poke|p2|Garganacl, M|
|poke|p2|Pecharunt|
|poke|p2|Cinderace, M|
|teampreview
|inactive|Battle timer is ON: inactive players will automatically lose when time's up. (requested by lkhnkj)
|c|☆memeys|brah
|c|☆memeys|everyone and they moms using stall mons
|
|t:|1778500258
|teamsize|p1|6
|teamsize|p2|6
|start
|switch|p1a: Palossand|Palossand, M|100/100
|switch|p2a: Lokix|Lokix, F|100/100
|turn|1
|
|t:|1778500271
|move|p2a: Lokix|Knock Off|p1a: Palossand
|-supereffective|p1a: Palossand
|-damage|p1a: Palossand|17/100
|-enditem|p1a: Palossand|Power Anklet|[from] move: Knock Off|[of] p2a: Lokix
|move|p1a: Palossand|Ancient Power|p2a: Lokix
|-supereffective|p2a: Lokix
|-damage|p2a: Lokix|25/100
|
|upkeep
|turn|2
|
|t:|1778500280
|move|p2a: Lokix|Knock Off|p1a: Palossand
|-supereffective|p1a: Palossand
|-damage|p1a: Palossand|0 fnt
|faint|p1a: Palossand
|
|upkeep
|
|t:|1778500288
|switch|p1a: Arboliva|Arboliva, F|100/100
|turn|3
|
|t:|1778500295
|switch|p2a: Pecharunt|Pecharunt|100/100
|move|p1a: Arboliva|Metronome|p1a: Arboliva
|move|p1a: Arboliva|Drill Run|p2a: Pecharunt|[from] move: Metronome
|-supereffective|p2a: Pecharunt
|-damage|p2a: Pecharunt|88/100
|
|upkeep
|turn|4
|
|t:|1778500304
|move|p2a: Pecharunt|Malignant Chain|p1a: Arboliva
|-supereffective|p1a: Arboliva
|-damage|p1a: Arboliva|62/100
|-status|p1a: Arboliva|tox
|-start|p1a: Arboliva|confusion|[from] ability: Poison Puppeteer|[of] p2a: Pecharunt
|-fieldstart|move: Grassy Terrain|[from] ability: Seed Sower|[of] p1a: Arboliva
|-enditem|p1a: Arboliva|Grassy Seed
|-boost|p1a: Arboliva|def|1|[from] item: Grassy Seed
|-activate|p1a: Arboliva|confusion
|move|p1a: Arboliva|Earth Power|p2a: Pecharunt
|-supereffective|p2a: Pecharunt
|-damage|p2a: Pecharunt|36/100
|
|-heal|p2a: Pecharunt|42/100|[from] Grassy Terrain
|-heal|p1a: Arboliva|68/100 tox|[from] Grassy Terrain
|-damage|p1a: Arboliva|62/100 tox|[from] psn
|upkeep
|turn|5
|
|t:|1778500319
|move|p2a: Pecharunt|Recover|p2a: Pecharunt
|-heal|p2a: Pecharunt|92/100
|-end|p1a: Arboliva|confusion
|move|p1a: Arboliva|Earth Power|p2a: Pecharunt
|-supereffective|p2a: Pecharunt
|-damage|p2a: Pecharunt|45/100
|
|-heal|p2a: Pecharunt|51/100|[from] Grassy Terrain
|-heal|p1a: Arboliva|68/100 tox|[from] Grassy Terrain
|-damage|p1a: Arboliva|55/100 tox|[from] psn
|upkeep
|turn|6
|c|☆memeys|the lion runs total bullshit
|n|!memeys|memeys
|-message|memeys forfeited.
|
|win|lkhnkj
