|html|<div class="broadcast-blue"><strong>[Gen 9] OU is currently suspecting Volcarona! For information on how to participate check out the <a href="https://www.smogon.com/tools/suspects/view/208">suspect thread</a>.</strong></div>
|j|☆cycyrobotv
|j|☆Original007
|t:|1778516237
|gametype|singles
|player|p1|cycyrobotv|1|1386
|player|p2|Original007|ghetsis|1424
|gen|9
|tier|[Gen 9] OU
|rated|
|rule|HP Percentage Mod: HP is shown in percentages
|rule|Endless Battle Clause: Forcing endless battles is banned
|rule|Species Clause: Limit one of each Pokémon
|rule|OHKO Clause: OHKO moves are banned
|rule|Evasion Items Clause: Evasion items are banned
|rule|Evasion Moves Clause: Evasion moves are banned
|rule|Evasion Abilities Clause: Evasion abilities are banned
|rule|Sleep Moves Clause: Sleep-inducing moves are banned
|clearpoke
|poke|p1|Yanmega, F|
|poke|p1|Gholdengo|
|poke|p1|Scizor, M|
|poke|p1|Great Tusk|
|poke|p1|Raging Bolt|
|poke|p1|Ogerpon-Wellspring, F|
|poke|p2|Scizor, M|
|poke|p2|Dragapult, F|
|poke|p2|Raging Bolt|
|poke|p2|Great Tusk|
|poke|p2|Enamorus, F|
|poke|p2|Tornadus-Therian, M|
|teampreview
|c|☆Original007|yo
|c|☆Original007|scizor
|c|☆cycyrobotv|yo
|c|☆Original007|tuff
|c|☆cycyrobotv|ik
|c|☆cycyrobotv|scizor tuff
|
|t:|1778516283
|teamsize|p1|6
|teamsize|p2|6
|start
|switch|p1a: za warudo|Scizor, M|100/100
|switch|p2a: Dragapult|Dragapult, F, shiny|100/100
|turn|1
|c|☆cycyrobotv|shi ou material fr people gotta wake up
|c|☆Original007|ongah
|
|t:|1778516299
|move|p2a: Dragapult|Will-O-Wisp|p1a: za warudo|[miss]
|-miss|p2a: Dragapult|p1a: za warudo
|move|p1a: za warudo|Knock Off|p2a: Dragapult
|-supereffective|p2a: Dragapult
|-damage|p2a: Dragapult|0 fnt
|-enditem|p2a: Dragapult|Heavy-Duty Boots|[from] move: Knock Off|[of] p1a: za warudo
|faint|p2a: Dragapult
|
|upkeep
|c|☆Original007|ggwp
|c|☆cycyrobotv|oh dang
|c|☆cycyrobotv|skill dodge
|c|☆Original007|lmfao
|
|t:|1778516332
|switch|p2a: Tornadus|Tornadus-Therian, M, shiny|100/100
|turn|2
|
|t:|1778516346
|move|p2a: Tornadus|Heat Wave|p1a: za warudo|[miss]
|-miss|p2a: Tornadus|p1a: za warudo
|move|p1a: za warudo|Knock Off|p2a: Tornadus
|-damage|p2a: Tornadus|56/100
|-enditem|p2a: Tornadus|Assault Vest|[from] move: Knock Off|[of] p1a: za warudo
|
|upkeep
|turn|3
|c|☆cycyrobotv|LMAO
|c|☆Original007|WOW
|c|☆Original007|AMAZING GAME
|c|☆cycyrobotv|the strongest bro
|
|t:|1778516358
|-terastallize|p1a: za warudo|Steel
|move|p1a: za warudo|Bullet Punch|p2a: Tornadus
|-damage|p2a: Tornadus|4/100
|move|p2a: Tornadus|Knock Off|p1a: za warudo
|-damage|p1a: za warudo|74/100
|-enditem|p1a: za warudo|Focus Sash|[from] move: Knock Off|[of] p2a: Tornadus
|
|upkeep
|turn|4
|c|☆cycyrobotv|holy skill diffrence
|c|☆Original007|yes bro
|
|t:|1778516378
|switch|p2a: Great Tusk|Great Tusk, shiny|100/100
|move|p1a: za warudo|Bullet Punch|p2a: Great Tusk
|-damage|p2a: Great Tusk|68/100
|
|upkeep
|turn|5
|c|☆cycyrobotv|its ok youll be as good as me someday
|c|☆Original007|i wish
|
|t:|1778516392
|switch|p1a: the GOAT|Yanmega, F, shiny|100/100
|-terastallize|p2a: Great Tusk|Steel
|move|p2a: Great Tusk|Stealth Rock|p1a: the GOAT
|-sidestart|p1: cycyrobotv|move: Stealth Rock
|
|upkeep
|turn|6
|c|☆cycyrobotv|the tera blast ban pmo
|c|☆cycyrobotv|it took away tera ground
|c|☆cycyrobotv|tera blast
|c|☆cycyrobotv|from yanmega
|c|☆Original007|:(
|c|☆cycyrobotv|now he just gets touched by steel types
|
|t:|1778516451
|-end|p2a: Great Tusk|Protosynthesis|[silent]
|switch|p2a: Raging Bolt|Raging Bolt|100/100
|-enditem|p2a: Raging Bolt|Booster Energy
|-activate|p2a: Raging Bolt|ability: Protosynthesis|[fromitem]
|-start|p2a: Raging Bolt|protosynthesisspa
|move|p1a: the GOAT|Protect||[still]
|-fail|p1a: the GOAT
|
|-ability|p1a: the GOAT|Speed Boost|boost
|-boost|p1a: the GOAT|spe|1
|upkeep
|turn|7
|c|☆cycyrobotv|see yanmega used to have winning matchups into like an entire team
|c|☆cycyrobotv|but now...
|c|☆Original007|lol
|
|t:|1778516479
|move|p1a: the GOAT|Bug Buzz|p2a: Raging Bolt
|-damage|p2a: Raging Bolt|49/100
|-damage|p1a: the GOAT|91/100|[from] item: Life Orb
|move|p2a: Raging Bolt|Dragon Pulse|p1a: the GOAT
|-crit|p1a: the GOAT
|-damage|p1a: the GOAT|0 fnt
|faint|p1a: the GOAT
|
|upkeep
|c|☆cycyrobotv|my goat washed
|
|t:|1778516492
|switch|p1a: ishmeal|Great Tusk|100/100
|-damage|p1a: ishmeal|98/100|[from] Stealth Rock
|-enditem|p1a: ishmeal|Booster Energy
|-activate|p1a: ishmeal|ability: Protosynthesis|[fromitem]
|-start|p1a: ishmeal|protosynthesisatk
|turn|8
|c|☆Original007|honestly surpirsed u stayed
|c|☆cycyrobotv|he wasnt doing a lot else
|
|t:|1778516511
|move|p1a: ishmeal|Rapid Spin|p2a: Raging Bolt
|-damage|p2a: Raging Bolt|29/100
|-boost|p1a: ishmeal|spe|1
|-sideend|p1: cycyrobotv|Stealth Rock|[from] move: Rapid Spin|[of] p1a: ishmeal
|move|p2a: Raging Bolt|Dragon Pulse|p1a: ishmeal
|-damage|p1a: ishmeal|0 fnt
|faint|p1a: ishmeal
|-end|p1a: ishmeal|Protosynthesis|[silent]
|
|upkeep
|c|☆cycyrobotv|oof
|c|☆cycyrobotv|i thought i could take it </3
|c|☆Original007|greedy.....
|c|☆cycyrobotv|ik ik
|
|t:|1778516534
|switch|p1a: call it|Raging Bolt|100/100
|-enditem|p1a: call it|Booster Energy
|-activate|p1a: call it|ability: Protosynthesis|[fromitem]
|-start|p1a: call it|protosynthesisspa
|turn|9
|c|☆Original007|oh nah
|c|☆cycyrobotv|hmmm
|
|t:|1778516554
|move|p2a: Raging Bolt|Dragon Pulse|p1a: call it
|-supereffective|p1a: call it
|-damage|p1a: call it|0 fnt
|faint|p1a: call it
|-end|p1a: call it|Protosynthesis|[silent]
|
|upkeep
|c|☆Original007|oooo
|c|☆cycyrobotv|YOUR FASTER?
|c|☆cycyrobotv|god damnnn
|
|t:|1778516565
|switch|p1a: za warudo|Scizor, M, tera:Steel|74/100
|turn|10
|c|☆cycyrobotv|ts giraffe pmo
|
|t:|1778516572
|move|p1a: za warudo|Bullet Punch|p2a: Raging Bolt
|-resisted|p2a: Raging Bolt
|-damage|p2a: Raging Bolt|9/100
|move|p2a: Raging Bolt|Thunderbolt|p1a: za warudo
|-damage|p1a: za warudo|0 fnt
|faint|p1a: za warudo
|
|upkeep
|c|☆Original007|lmfao
|c|☆cycyrobotv|oh my god
|c|☆cycyrobotv|hes slaughtering me
|c|☆cycyrobotv|and all my aniamls
|c|☆Original007|lock in twin
|c|☆cycyrobotv|go away twin this game is all luck no skill
|
|t:|1778516598
|switch|p1a: Gholdengo|Gholdengo|100/100
|turn|11
|c|☆Original007|LMFAO
|c|☆Original007|"skillfull dodge"
|c|☆cycyrobotv|erm
|
|t:|1778516612
|move|p2a: Raging Bolt|Thunderclap|p1a: Gholdengo
|-damage|p1a: Gholdengo|38/100
|move|p1a: Gholdengo|Dazzling Gleam|p2a: Raging Bolt
|-supereffective|p2a: Raging Bolt
|-damage|p2a: Raging Bolt|0 fnt
|faint|p2a: Raging Bolt
|-end|p2a: Raging Bolt|Protosynthesis|[silent]
|
|upkeep
|c|☆cycyrobotv|rules for thee not for me?
|c|☆cycyrobotv|how bout that one
|c|☆Original007|mhm
|
|t:|1778516631
|switch|p2a: Tornadus|Tornadus-Therian, M, shiny|37/100
|turn|12
|
|t:|1778516638
|move|p1a: Gholdengo|Dazzling Gleam|p2a: Tornadus
|-damage|p2a: Tornadus|9/100
|move|p2a: Tornadus|Knock Off|p1a: Gholdengo
|-supereffective|p1a: Gholdengo
|-damage|p1a: Gholdengo|0 fnt
|-enditem|p1a: Gholdengo|Choice Scarf|[from] move: Knock Off|[of] p2a: Tornadus
|faint|p1a: Gholdengo
|
|upkeep
|c|☆cycyrobotv|well spring clears ez
|c|☆cycyrobotv|DAWG
|c|☆cycyrobotv|gohldengo so trash
|c|☆Original007|scarf dengo
|
|t:|1778516652
|switch|p1a: fuckass|Ogerpon-Wellspring, F|100/100
|turn|13
|c|☆cycyrobotv|couldnt even kill you WITHOUT a vest
|
|t:|1778516663
|move|p2a: Tornadus|Bleakwind Storm|p1a: fuckass
|-supereffective|p1a: fuckass
|-damage|p1a: fuckass|8/100
|move|p1a: fuckass|Ivy Cudgel|p2a: Tornadus|[anim] Ivy Cudgel Water
|-damage|p2a: Tornadus|0 fnt
|faint|p2a: Tornadus
|
|upkeep
|c|☆Original007|lol
|c|☆cycyrobotv|booooo
|c|☆cycyrobotv|gg
|c|☆Original007|ggs
|
|t:|1778516671
|switch|p2a: Scizor|Scizor, M, shiny|100/100
|turn|14
|c|☆cycyrobotv|re?
|
|t:|1778516674
|move|p2a: Scizor|Bullet Punch|p1a: fuckass
|-resisted|p1a: fuckass
|-damage|p1a: fuckass|0 fnt
|faint|p1a: fuckass
|
|win|Original007
|raw|cycyrobotv's rating: 1386 &rarr; <strong>1368</strong><br />(-18 for losing)
|raw|Original007's rating: 1424 &rarr; <strong>1442</strong><br />(+18 for winning)
|c|☆Original007|add me
|c|☆cycyrobotv|u wont get too lucky next time
|c|☆Original007|we'll see....
|l|☆cycyrobotv
|player|p1|
