|html|<div class="broadcast-blue"><strong>[Gen 9] OU is currently suspecting Tera Blast! For information on how to participate check out the <a href="https://www.smogon.com/tools/suspects/view/200">suspect thread</a>.</strong></div>
|j|☆JasperHatton
|j|☆nicritic
|t:|1776070442
|gametype|singles
|player|p1|JasperHatton|palmer|1162
|player|p2|nicritic|n|1108
|gen|9
|tier|[Gen 9] OU
|rated|
|rule|HP Percentage Mod: HP is shown in percentages
|rule|Endless Battle Clause: Forcing endless battles is banned
|rule|Species Clause: Limit one of each Pokémon
|rule|OHKO Clause: OHKO moves are banned
|rule|Evasion Items Clause: Evasion items are banned
|rule|Evasion Moves Clause: Evasion moves are banned
|rule|Evasion Abilities Clause: Evasion abilities are banned
|rule|Sleep Moves Clause: Sleep-inducing moves are banned
|clearpoke
|poke|p1|Houndoom, M|
|poke|p1|Lucario, M|
|poke|p1|Gardevoir, F|
|poke|p1|Garchomp, M|
|poke|p1|Leavanny, F|
|poke|p1|Gengar, F|
|poke|p2|Cloyster, M|
|poke|p2|Great Tusk|
|poke|p2|Mimikyu, F|
|poke|p2|Glimmora, F|
|poke|p2|Ogerpon-Wellspring, F|
|poke|p2|Gholdengo|
|teampreview
|inactive|Battle timer is ON: inactive players will automatically lose when time's up. (requested by nicritic)
|
|t:|1776070450
|teamsize|p1|6
|teamsize|p2|6
|start
|switch|p1a: Lucario|Lucario, M|100/100
|switch|p2a: Cloyster|Cloyster, M|100/100
|turn|1
|
|t:|1776070458
|-terastallize|p2a: Cloyster|Water
|move|p1a: Lucario|Flash Cannon|p2a: Cloyster
|-resisted|p2a: Cloyster
|-damage|p2a: Cloyster|36/100
|-damage|p1a: Lucario|91/100|[from] item: Life Orb
|move|p2a: Cloyster|Shell Smash|p2a: Cloyster
|-unboost|p2a: Cloyster|def|1
|-unboost|p2a: Cloyster|spd|1
|-boost|p2a: Cloyster|atk|2
|-boost|p2a: Cloyster|spa|2
|-boost|p2a: Cloyster|spe|2
|-enditem|p2a: Cloyster|White Herb
|-clearnegativeboost|p2a: Cloyster|[silent]
|
|upkeep
|turn|2
|
|t:|1776070466
|move|p2a: Cloyster|Liquidation|p1a: Lucario
|-damage|p1a: Lucario|0 fnt
|faint|p1a: Lucario
|
|upkeep
|
|t:|1776070471
|switch|p1a: Gengar|Gengar, F|100/100
|turn|3
|
|t:|1776070474
|move|p2a: Cloyster|Icicle Spear|p1a: Gengar
|-damage|p1a: Gengar|58/100
|-start|p2a: Cloyster|Disable|Icicle Spear|[from] ability: Cursed Body|[of] p1a: Gengar
|-damage|p1a: Gengar|10/100
|-damage|p1a: Gengar|0 fnt
|faint|p1a: Gengar
|-hitcount|p1: Gengar|3
|
|upkeep
|
|t:|1776070493
|switch|p1a: Leavanny|Leavanny, F|100/100
|turn|4
|
|t:|1776070499
|move|p2a: Cloyster|Rock Blast|p1a: Leavanny
|-supereffective|p1a: Leavanny
|-damage|p1a: Leavanny|57/100
|-supereffective|p1a: Leavanny
|-damage|p1a: Leavanny|13/100
|-supereffective|p1a: Leavanny
|-crit|p1a: Leavanny
|-damage|p1a: Leavanny|0 fnt
|faint|p1a: Leavanny
|-hitcount|p1: Leavanny|3
|
|upkeep
|
|t:|1776070507
|switch|p1a: Garchomp|Garchomp, M|100/100
|turn|5
|
|t:|1776070515
|move|p2a: Cloyster|Liquidation|p1a: Garchomp
|-damage|p1a: Garchomp|0 fnt
|-damage|p2a: Cloyster|23/100|[from] ability: Rough Skin|[of] p1a: Garchomp
|-damage|p2a: Cloyster|7/100|[from] item: Rocky Helmet|[of] p1a: Garchomp
|faint|p1a: Garchomp
|
|upkeep
|
|t:|1776070519
|switch|p1a: Gardevoir|Gardevoir, F|100/100
|-ability|p1a: Gardevoir|Skill Link|Trace|[from] ability: Trace|[of] p2a: Cloyster
|turn|6
|
|t:|1776070523
|move|p2a: Cloyster|Liquidation|p1a: Gardevoir
|-crit|p1a: Gardevoir
|-damage|p1a: Gardevoir|0 fnt
|faint|p1a: Gardevoir
|
|-end|p2a: Cloyster|Disable
|upkeep
|
|t:|1776070526
|switch|p1a: Houndoom|Houndoom, M|100/100
|turn|7
|
|t:|1776070543
|move|p2a: Cloyster|Liquidation|p1a: Houndoom
|-supereffective|p1a: Houndoom
|-enditem|p1a: Houndoom|Focus Sash
|-damage|p1a: Houndoom|1/100
|move|p1a: Houndoom|Dark Pulse|p2a: Cloyster
|-damage|p2a: Cloyster|0 fnt
|faint|p2a: Cloyster
|
|upkeep
|
|t:|1776070553
|switch|p2a: Mimikyu|Mimikyu, F, shiny|100/100
|turn|8
|
|t:|1776070569
|move|p2a: Mimikyu|Play Rough|p1a: Houndoom
|-crit|p1a: Houndoom
|-damage|p1a: Houndoom|0 fnt
|faint|p1a: Houndoom
|-damage|p2a: Mimikyu|91/100|[from] item: Life Orb
|
|win|nicritic
|raw|JasperHatton's rating: 1162 &rarr; <strong>1133</strong><br />(-29 for losing)
|raw|nicritic's rating: 1108 &rarr; <strong>1137</strong><br />(+29 for winning)
|l|☆JasperHatton
|player|p1|
|l|☆nicritic
|player|p2|
