|html|<div class="broadcast-blue"><strong>[Gen 9] OU is currently suspecting Tera Blast! For information on how to participate check out the <a href="https://www.smogon.com/tools/suspects/view/200">suspect thread</a>.</strong></div>
|j|☆Dicosirio
|j|☆AlienXotic
|t:|1776071034
|gametype|singles
|player|p1|Dicosirio|lucas|1467
|player|p2|AlienXotic|169|1455
|gen|9
|tier|[Gen 9] OU
|rated|
|rule|HP Percentage Mod: HP is shown in percentages
|rule|Endless Battle Clause: Forcing endless battles is banned
|rule|Species Clause: Limit one of each Pokémon
|rule|OHKO Clause: OHKO moves are banned
|rule|Evasion Items Clause: Evasion items are banned
|rule|Evasion Moves Clause: Evasion moves are banned
|rule|Evasion Abilities Clause: Evasion abilities are banned
|rule|Sleep Moves Clause: Sleep-inducing moves are banned
|clearpoke
|poke|p1|Pelipper, F|
|poke|p1|Hatterene, F|
|poke|p1|Iron Treads|
|poke|p1|Toxicroak, F|
|poke|p1|Barraskewda, F|
|poke|p1|Zapdos|
|poke|p2|Slither Wing|
|poke|p2|Ninetales, F|
|poke|p2|Walking Wake|
|poke|p2|Iron Moth|
|poke|p2|Hatterene, F|
|poke|p2|Blaziken, M|
|teampreview
|inactive|Battle timer is ON: inactive players will automatically lose when time's up. (requested by AlienXotic)
|c|☆Dicosirio|glhf
|
|t:|1776071054
|teamsize|p1|6
|teamsize|p2|6
|start
|switch|p1a: Barraskewda|Barraskewda, F|100/100
|switch|p2a: Renewal|Walking Wake|100/100
|turn|1
|
|t:|1776071064
|move|p1a: Barraskewda|Flip Turn|p2a: Renewal
|-resisted|p2a: Renewal
|-damage|p2a: Renewal|88/100
|
|t:|1776071068
|switch|p1a: Hatterene|Hatterene, F|100/100|[from] Flip Turn
|move|p2a: Renewal|Draco Meteor|p1a: Hatterene
|-immune|p1a: Hatterene
|
|upkeep
|turn|2
|
|t:|1776071077
|-end|p2a: Renewal|Protosynthesis|[silent]
|switch|p2a: Aruarian|Ninetales, F, shiny|100/100
|-weather|SunnyDay|[from] ability: Drought|[of] p2a: Aruarian
|move|p1a: Hatterene|Nuzzle|p2a: Aruarian
|-damage|p2a: Aruarian|96/100
|-status|p2a: Aruarian|par
|
|-weather|SunnyDay|[upkeep]
|upkeep
|turn|3
|
|t:|1776071092
|switch|p1a: Pelipper|Pelipper, F|100/100
|-weather|RainDance|[from] ability: Drizzle|[of] p1a: Pelipper
|cant|p2a: Aruarian|par
|
|-weather|RainDance|[upkeep]
|upkeep
|turn|4
|
|t:|1776071104
|switch|p2a: Covet&Lust|Hatterene, F, shiny|100/100
|move|p1a: Pelipper|Hurricane|p2a: Covet&Lust
|-crit|p2a: Covet&Lust
|-damage|p2a: Covet&Lust|46/100
|-enditem|p2a: Covet&Lust|Eject Button
|
|t:|1776071111
|switch|p2a: Aruarian|Ninetales, F, shiny|96/100 par
|-weather|SunnyDay|[from] ability: Drought|[of] p2a: Aruarian
|
|-weather|SunnyDay|[upkeep]
|upkeep
|turn|5
|
|t:|1776071121
|cant|p2a: Aruarian|par
|move|p1a: Pelipper|U-turn|p2a: Aruarian
|-resisted|p2a: Aruarian
|-damage|p2a: Aruarian|89/100 par
|
|t:|1776071129
|switch|p1a: Zapdos|Zapdos|100/100|[from] U-turn
|
|-weather|SunnyDay|[upkeep]
|upkeep
|turn|6
|
|t:|1776071143
|switch|p2a: Covet&Lust|Hatterene, F, shiny|46/100
|move|p1a: Zapdos|Volt Switch|p2a: Covet&Lust
|-damage|p2a: Covet&Lust|0 fnt
|faint|p2a: Covet&Lust
|
|t:|1776071151
|switch|p1a: Pelipper|Pelipper, F|100/100|[from] Volt Switch
|-weather|RainDance|[from] ability: Drizzle|[of] p1a: Pelipper
|
|-weather|RainDance|[upkeep]
|upkeep
|
|t:|1776071159
|switch|p2a: Aruarian|Ninetales, F, shiny|89/100 par
|-weather|SunnyDay|[from] ability: Drought|[of] p2a: Aruarian
|turn|7
|
|t:|1776071164
|move|p2a: Aruarian|Overheat|p1a: Pelipper
|-resisted|p1a: Pelipper
|-damage|p1a: Pelipper|76/100
|-unboost|p2a: Aruarian|spa|2
|move|p1a: Pelipper|U-turn|p2a: Aruarian
|-resisted|p2a: Aruarian
|-damage|p2a: Aruarian|83/100 par
|
|t:|1776071173
|switch|p1a: Zapdos|Zapdos|100/100|[from] U-turn
|
|-weather|SunnyDay|[upkeep]
|upkeep
|turn|8
|
|t:|1776071193
|move|p1a: Zapdos|Volt Switch|p2a: Aruarian
|-damage|p2a: Aruarian|32/100 par
|
|t:|1776071198
|switch|p1a: Pelipper|Pelipper, F|76/100|[from] Volt Switch
|-weather|RainDance|[from] ability: Drizzle|[of] p1a: Pelipper
|move|p2a: Aruarian|Will-O-Wisp|p1a: Pelipper
|-status|p1a: Pelipper|brn
|
|-weather|RainDance|[upkeep]
|-damage|p1a: Pelipper|70/100 brn|[from] brn
|upkeep
|turn|9
|
|t:|1776071210
|switch|p2a: Beru|Slither Wing, shiny|100/100
|move|p1a: Pelipper|Knock Off|p2a: Beru
|-resisted|p2a: Beru
|-damage|p2a: Beru|96/100
|-enditem|p2a: Beru|Choice Band|[from] move: Knock Off|[of] p1a: Pelipper
|
|-weather|RainDance|[upkeep]
|-damage|p1a: Pelipper|63/100 brn|[from] brn
|upkeep
|turn|10
|
|t:|1776071220
|move|p2a: Beru|First Impression|p1a: Pelipper
|-resisted|p1a: Pelipper
|-damage|p1a: Pelipper|37/100 brn
|move|p1a: Pelipper|Hurricane|p2a: Beru
|-supereffective|p2a: Beru
|-damage|p2a: Beru|0 fnt
|faint|p2a: Beru
|-end|p2a: Beru|Protosynthesis|[silent]
|
|-weather|RainDance|[upkeep]
|-damage|p1a: Pelipper|31/100 brn|[from] brn
|upkeep
|
|t:|1776071231
|switch|p2a: Aruarian|Ninetales, F, shiny|32/100 par
|-weather|SunnyDay|[from] ability: Drought|[of] p2a: Aruarian
|turn|11
|
|t:|1776071243
|switch|p2a: Renewal|Walking Wake|88/100
|-activate|p2a: Renewal|ability: Protosynthesis
|-start|p2a: Renewal|protosynthesisspe
|move|p1a: Pelipper|Roost|p1a: Pelipper
|-heal|p1a: Pelipper|81/100 brn
|-singleturn|p1a: Pelipper|move: Roost
|
|-weather|SunnyDay|[upkeep]
|-damage|p1a: Pelipper|75/100 brn|[from] brn
|upkeep
|turn|12
|
|t:|1776071255
|switch|p1a: Hatterene|Hatterene, F|100/100
|move|p2a: Renewal|Hydro Steam|p1a: Hatterene
|-damage|p1a: Hatterene|12/100
|-enditem|p1a: Hatterene|Eject Button
|
|t:|1776071261
|switch|p1a: Pelipper|Pelipper, F|75/100 brn
|-weather|RainDance|[from] ability: Drizzle|[of] p1a: Pelipper
|-end|p2a: Renewal|Protosynthesis
|
|-weather|RainDance|[upkeep]
|-damage|p1a: Pelipper|69/100 brn|[from] brn
|upkeep
|turn|13
|
|t:|1776071277
|-terastallize|p2a: Renewal|Water
|move|p2a: Renewal|Hydro Steam|p1a: Pelipper
|-resisted|p1a: Pelipper
|-damage|p1a: Pelipper|7/100 brn
|move|p1a: Pelipper|Knock Off|p2a: Renewal
|-damage|p2a: Renewal|81/100
|-enditem|p2a: Renewal|Choice Specs|[from] move: Knock Off|[of] p1a: Pelipper
|
|-weather|RainDance|[upkeep]
|-damage|p1a: Pelipper|1/100 brn|[from] brn
|upkeep
|turn|14
|
|t:|1776071300
|switch|p1a: Toxicroak|Toxicroak, F|100/100
|move|p2a: Renewal|Hydro Steam|p1a: Toxicroak
|-immune|p1a: Toxicroak|[from] ability: Dry Skin
|
|-weather|RainDance|[upkeep]
|upkeep
|turn|15
|
|t:|1776071310
|move|p2a: Renewal|Draco Meteor|p1a: Toxicroak
|-damage|p1a: Toxicroak|18/100
|-unboost|p2a: Renewal|spa|2
|move|p1a: Toxicroak|Toxic|p2a: Renewal
|-status|p2a: Renewal|tox
|
|-weather|RainDance|[upkeep]
|-heal|p1a: Toxicroak|30/100|[from] ability: Dry Skin
|-damage|p2a: Renewal|75/100 tox|[from] psn
|upkeep
|turn|16
|
|t:|1776071325
|switch|p1a: Hatterene|Hatterene, F|12/100
|move|p2a: Renewal|Draco Meteor|p1a: Hatterene
|-immune|p1a: Hatterene
|
|-weather|RainDance|[upkeep]
|-damage|p2a: Renewal|63/100 tox|[from] psn
|upkeep
|turn|17
|
|t:|1776071338
|switch|p1a: Toxicroak|Toxicroak, F|30/100
|move|p2a: Renewal|Hydro Steam|p1a: Toxicroak
|-heal|p1a: Toxicroak|55/100|[from] ability: Dry Skin|[of] p2a: Renewal
|
|-weather|RainDance|[upkeep]
|-heal|p1a: Toxicroak|67/100|[from] ability: Dry Skin
|-damage|p2a: Renewal|44/100 tox|[from] psn
|upkeep
|turn|18
|
|t:|1776071363
|-end|p2a: Renewal|Protosynthesis|[silent]
|switch|p2a: Sizzlin' Hot Wings|Blaziken, M, shiny|100/100
|move|p1a: Toxicroak|Drain Punch|p2a: Sizzlin' Hot Wings
|-damage|p2a: Sizzlin' Hot Wings|63/100
|-heal|p1a: Toxicroak|83/100|[from] drain|[of] p2a: Sizzlin' Hot Wings
|
|-weather|RainDance|[upkeep]
|-heal|p1a: Toxicroak|95/100|[from] ability: Dry Skin
|upkeep
|turn|19
|
|t:|1776071376
|move|p2a: Sizzlin' Hot Wings|Protect|p2a: Sizzlin' Hot Wings
|-singleturn|p2a: Sizzlin' Hot Wings|Protect
|move|p1a: Toxicroak|Toxic|p2a: Sizzlin' Hot Wings
|-activate|p2a: Sizzlin' Hot Wings|move: Protect
|
|-weather|none
|-ability|p2a: Sizzlin' Hot Wings|Speed Boost|boost
|-boost|p2a: Sizzlin' Hot Wings|spe|1
|upkeep
|turn|20
|
|t:|1776071387
|move|p2a: Sizzlin' Hot Wings|Swords Dance|p2a: Sizzlin' Hot Wings
|-boost|p2a: Sizzlin' Hot Wings|atk|2
|move|p1a: Toxicroak|Drain Punch|p2a: Sizzlin' Hot Wings
|-damage|p2a: Sizzlin' Hot Wings|23/100
|-heal|p1a: Toxicroak|100/100|[from] drain|[of] p2a: Sizzlin' Hot Wings
|
|-ability|p2a: Sizzlin' Hot Wings|Speed Boost|boost
|-boost|p2a: Sizzlin' Hot Wings|spe|1
|upkeep
|turn|21
|inactive|Dicosirio has 120 seconds left.
|
|t:|1776071416
|switch|p1a: Pelipper|Pelipper, F|1/100 brn
|-weather|RainDance|[from] ability: Drizzle|[of] p1a: Pelipper
|move|p2a: Sizzlin' Hot Wings|Flare Blitz|p1a: Pelipper
|-resisted|p1a: Pelipper
|-damage|p1a: Pelipper|0 fnt
|faint|p1a: Pelipper
|-damage|p2a: Sizzlin' Hot Wings|22/100|[from] Recoil
|-damage|p2a: Sizzlin' Hot Wings|12/100|[from] item: Life Orb
|
|-weather|RainDance|[upkeep]
|-ability|p2a: Sizzlin' Hot Wings|Speed Boost|boost
|-boost|p2a: Sizzlin' Hot Wings|spe|1
|upkeep
|inactive|Dicosirio has 120 seconds left.
|
|t:|1776071436
|switch|p1a: Barraskewda|Barraskewda, F|100/100
|turn|22
|
|t:|1776071443
|move|p2a: Sizzlin' Hot Wings|Protect|p2a: Sizzlin' Hot Wings
|-singleturn|p2a: Sizzlin' Hot Wings|Protect
|move|p1a: Barraskewda|Aqua Jet|p2a: Sizzlin' Hot Wings
|-activate|p2a: Sizzlin' Hot Wings|move: Protect
|
|-weather|RainDance|[upkeep]
|-ability|p2a: Sizzlin' Hot Wings|Speed Boost|boost
|-boost|p2a: Sizzlin' Hot Wings|spe|1
|upkeep
|turn|23
|inactive|Dicosirio has 120 seconds left.
|
|t:|1776071470
|switch|p1a: Zapdos|Zapdos|100/100
|move|p2a: Sizzlin' Hot Wings|Flare Blitz|p1a: Zapdos
|-damage|p1a: Zapdos|3/100
|-status|p2a: Sizzlin' Hot Wings|par|[from] ability: Static|[of] p1a: Zapdos
|-damage|p2a: Sizzlin' Hot Wings|0 fnt|[from] Recoil
|faint|p2a: Sizzlin' Hot Wings
|
|-weather|RainDance|[upkeep]
|upkeep
|inactive|AlienXotic has 120 seconds left.
|
|t:|1776071481
|switch|p2a: Aruarian|Ninetales, F, shiny|32/100 par
|-weather|SunnyDay|[from] ability: Drought|[of] p2a: Aruarian
|turn|24
|inactive|AlienXotic has 120 seconds left.
|
|t:|1776071498
|move|p1a: Zapdos|Volt Switch|p2a: Aruarian
|-damage|p2a: Aruarian|0 fnt
|faint|p2a: Aruarian
|
|t:|1776071502
|switch|p1a: Iron Treads|Iron Treads|100/100|[from] Volt Switch
|
|-weather|SunnyDay|[upkeep]
|upkeep
|inactive|AlienXotic has 120 seconds left.
|
|t:|1776071508
|switch|p2a: Renewal|Walking Wake, tera:Water|44/100 tox
|-activate|p2a: Renewal|ability: Protosynthesis
|-start|p2a: Renewal|protosynthesisspe
|turn|25
|inactive|AlienXotic has 120 seconds left.
|inactive|Dicosirio has 120 seconds left.
|
|t:|1776071535
|-terastallize|p1a: Iron Treads|Normal
|move|p2a: Renewal|Flamethrower|p1a: Iron Treads
|-damage|p1a: Iron Treads|62/100
|move|p1a: Iron Treads|Volt Switch|p2a: Renewal
|-supereffective|p2a: Renewal
|-damage|p2a: Renewal|20/100 tox
|inactive|Dicosirio has 120 seconds left.
|
|t:|1776071544
|-end|p1a: Iron Treads|Quark Drive|[silent]
|switch|p1a: Barraskewda|Barraskewda, F|100/100|[from] Volt Switch
|
|-weather|SunnyDay|[upkeep]
|-damage|p2a: Renewal|14/100 tox|[from] psn
|upkeep
|turn|26
|
|t:|1776071554
|switch|p1a: Toxicroak|Toxicroak, F|100/100
|move|p2a: Renewal|Draco Meteor|p1a: Toxicroak
|-crit|p1a: Toxicroak
|-damage|p1a: Toxicroak|0 fnt
|-unboost|p2a: Renewal|spa|2
|faint|p1a: Toxicroak
|
|-weather|SunnyDay|[upkeep]
|-damage|p2a: Renewal|1/100 tox|[from] psn
|upkeep
|inactive|Dicosirio has 120 seconds left.
|
|t:|1776071569
|switch|p1a: Barraskewda|Barraskewda, F|100/100
|turn|27
|
|t:|1776071577
|move|p1a: Barraskewda|Aqua Jet|p2a: Renewal
|-resisted|p2a: Renewal
|-damage|p2a: Renewal|0 fnt
|faint|p2a: Renewal
|-end|p2a: Renewal|Protosynthesis|[silent]
|
|-weather|SunnyDay|[upkeep]
|upkeep
|
|t:|1776071582
|switch|p2a: The better one?|Iron Moth|100/100
|-enditem|p2a: The better one?|Booster Energy
|-activate|p2a: The better one?|ability: Quark Drive|[fromitem]
|-start|p2a: The better one?|quarkdrivespe
|turn|28
|
|t:|1776071597
|switch|p1a: Iron Treads|Iron Treads, tera:Normal|62/100
|move|p2a: The better one?|Sludge Wave|p1a: Iron Treads
|-damage|p1a: Iron Treads|23/100
|
|-weather|SunnyDay|[upkeep]
|-heal|p1a: Iron Treads|29/100|[from] item: Leftovers
|upkeep
|turn|29
|
|t:|1776071611
|move|p2a: The better one?|Fiery Dance|p1a: Iron Treads
|-damage|p1a: Iron Treads|0 fnt
|-boost|p2a: The better one?|spa|1
|faint|p1a: Iron Treads
|-end|p1a: Iron Treads|Quark Drive|[silent]
|
|-weather|SunnyDay|[upkeep]
|upkeep
|
|t:|1776071620
|switch|p1a: Hatterene|Hatterene, F|12/100
|turn|30
|
|t:|1776071625
|move|p2a: The better one?|Fiery Dance|p1a: Hatterene
|-damage|p1a: Hatterene|0 fnt
|-boost|p2a: The better one?|spa|1
|faint|p1a: Hatterene
|
|-weather|SunnyDay|[upkeep]
|upkeep
|
|t:|1776071632
|switch|p1a: Zapdos|Zapdos|3/100
|turn|31
|
|t:|1776071639
|move|p2a: The better one?|Fiery Dance|p1a: Zapdos
|-damage|p1a: Zapdos|0 fnt
|faint|p1a: Zapdos
|
|-weather|none
|upkeep
|
|t:|1776071644
|switch|p1a: Barraskewda|Barraskewda, F|100/100
|turn|32
|
|t:|1776071662
|move|p1a: Barraskewda|Aqua Jet|p2a: The better one?
|-supereffective|p2a: The better one?
|-damage|p2a: The better one?|3/100
|move|p2a: The better one?|Sludge Wave|p1a: Barraskewda
|-damage|p1a: Barraskewda|0 fnt
|faint|p1a: Barraskewda
|
|win|AlienXotic
|raw|Dicosirio's rating: 1467 &rarr; <strong>1446</strong><br />(-21 for losing)
|raw|AlienXotic's rating: 1455 &rarr; <strong>1476</strong><br />(+21 for winning)
|c|☆Dicosirio|gg
|c|☆AlienXotic|Gg
|l|☆AlienXotic
|player|p2|
|c|☆Dicosirio|so close
|l|☆Dicosirio
|player|p1|
