|html|<div class="broadcast-blue"><strong>[Gen 9] OU is currently suspecting Tera Blast! For information on how to participate check out the <a href="https://www.smogon.com/tools/suspects/view/200">suspect thread</a>.</strong></div>
|j|☆ripstrait
|j|☆vzn.exe
|t:|1776089098
|gametype|singles
|player|p1|ripstrait|acetrainer-gen1|1459
|player|p2|vzn.exe|lusamine-nihilego|1516
|gen|9
|tier|[Gen 9] OU
|rated|
|rule|HP Percentage Mod: HP is shown in percentages
|rule|Endless Battle Clause: Forcing endless battles is banned
|rule|Species Clause: Limit one of each Pokémon
|rule|OHKO Clause: OHKO moves are banned
|rule|Evasion Items Clause: Evasion items are banned
|rule|Evasion Moves Clause: Evasion moves are banned
|rule|Evasion Abilities Clause: Evasion abilities are banned
|rule|Sleep Moves Clause: Sleep-inducing moves are banned
|clearpoke
|poke|p1|Primarina, M|
|poke|p1|Heatran, M|
|poke|p1|Pecharunt|
|poke|p1|Ogerpon, F|
|poke|p1|Great Tusk|
|poke|p1|Weavile, F|
|poke|p2|Garganacl, F|
|poke|p2|Darkrai|
|poke|p2|Great Tusk|
|poke|p2|Hatterene, F|
|poke|p2|Tornadus-Therian, M|
|poke|p2|Dragonite, M|
|teampreview
|inactive|Battle timer is ON: inactive players will automatically lose when time's up. (requested by ripstrait)
|inactive|vzn.exe also wants the timer to be on.
|inactive|ripstrait has 120 seconds left.
|
|t:|1776089135
|teamsize|p1|6
|teamsize|p2|6
|start
|switch|p1a: theycallhimbum|Weavile, F|100/100
|switch|p2a: Garganacl|Garganacl, F|100/100
|-ability|p1a: theycallhimbum|Pressure
|turn|1
|
|t:|1776089155
|switch|p1a: Behemoth|Great Tusk, shiny|100/100
|move|p2a: Garganacl|Salt Cure|p1a: Behemoth
|-resisted|p1a: Behemoth
|-damage|p1a: Behemoth|98/100
|-start|p1a: Behemoth|Salt Cure
|
|-damage|p1a: Behemoth|86/100|[from] Salt Cure
|upkeep
|turn|2
|
|t:|1776089173
|move|p2a: Garganacl|Protect|p2a: Garganacl
|-singleturn|p2a: Garganacl|Protect
|move|p1a: Behemoth|Close Combat|p2a: Garganacl
|-activate|p2a: Garganacl|move: Protect
|
|-damage|p1a: Behemoth|73/100|[from] Salt Cure
|upkeep
|turn|3
|
|t:|1776089190
|switch|p2a: Great Tusk|Great Tusk|100/100
|-enditem|p2a: Great Tusk|Booster Energy
|-activate|p2a: Great Tusk|ability: Protosynthesis|[fromitem]
|-start|p2a: Great Tusk|protosynthesisatk
|move|p1a: Behemoth|Headlong Rush|p2a: Great Tusk
|-damage|p2a: Great Tusk|52/100
|-unboost|p1a: Behemoth|def|1
|-unboost|p1a: Behemoth|spd|1
|
|-damage|p1a: Behemoth|61/100|[from] Salt Cure
|upkeep
|turn|4
|inactive|vzn.exe has 120 seconds left.
|
|t:|1776089207
|move|p1a: Behemoth|Headlong Rush|p2a: Great Tusk
|-damage|p2a: Great Tusk|4/100
|-unboost|p1a: Behemoth|def|1
|-unboost|p1a: Behemoth|spd|1
|move|p2a: Great Tusk|Headlong Rush|p1a: Behemoth
|-damage|p1a: Behemoth|0 fnt
|-unboost|p2a: Great Tusk|def|1
|-unboost|p2a: Great Tusk|spd|1
|faint|p1a: Behemoth
|-end|p1a: Behemoth|Protosynthesis|[silent]
|
|upkeep
|
|t:|1776089215
|switch|p1a: theycallhimlebron|Ogerpon, F|100/100
|turn|5
|inactive|vzn.exe has 120 seconds left.
|
|t:|1776089231
|move|p1a: theycallhimlebron|U-turn|p2a: Great Tusk
|-resisted|p2a: Great Tusk
|-damage|p2a: Great Tusk|0 fnt
|faint|p2a: Great Tusk
|-end|p2a: Great Tusk|Protosynthesis|[silent]
|
|t:|1776089252
|switch|p1a: Pecharunt|Pecharunt|100/100|[from] U-turn
|
|upkeep
|inactive|vzn.exe has 120 seconds left.
|
|t:|1776089269
|switch|p2a: Darkrai|Darkrai|100/100
|turn|6
|inactive|vzn.exe has 120 seconds left.
|
|t:|1776089286
|switch|p1a: Primarina|Primarina, M, shiny|100/100
|move|p2a: Darkrai|Dark Pulse|p1a: Primarina
|-resisted|p1a: Primarina
|-damage|p1a: Primarina|83/100
|
|upkeep
|turn|7
|
|t:|1776089305
|switch|p2a: Tornadus|Tornadus-Therian, M, shiny|100/100
|move|p1a: Primarina|Surf|p2a: Tornadus
|-damage|p2a: Tornadus|67/100
|
|upkeep
|turn|8
|
|t:|1776089321
|switch|p1a: Heatran|Heatran, M|100/100
|-item|p1a: Heatran|Air Balloon
|move|p2a: Tornadus|Knock Off|p1a: Heatran
|-damage|p1a: Heatran|82/100
|-enditem|p1a: Heatran|Air Balloon
|
|upkeep
|turn|9
|
|t:|1776089339
|move|p2a: Tornadus|U-turn|p1a: Heatran
|-resisted|p1a: Heatran
|-damage|p1a: Heatran|78/100
|inactive|vzn.exe has 90 seconds left.
|
|t:|1776089356
|switch|p2a: Dragonite|Dragonite, M|100/100|[from] U-turn
|move|p1a: Heatran|Magma Storm|p2a: Dragonite
|-resisted|p2a: Dragonite
|-damage|p2a: Dragonite|87/100
|-activate|p2a: Dragonite|move: Magma Storm|[of] p1a: Heatran
|
|-damage|p2a: Dragonite|75/100|[from] move: Magma Storm|[partiallytrapped]
|upkeep
|turn|10
|inactive|vzn.exe has 90 seconds left.
|
|t:|1776089374
|switch|p1a: Pecharunt|Pecharunt|100/100
|move|p2a: Dragonite|Earthquake|p1a: Pecharunt
|-supereffective|p1a: Pecharunt
|-damage|p1a: Pecharunt|63/100
|
|-end|p2a: Dragonite|Magma Storm|[partiallytrapped]|[silent]
|upkeep
|turn|11
|
|t:|1776089391
|move|p2a: Dragonite|Earthquake|p1a: Pecharunt
|-supereffective|p1a: Pecharunt
|-damage|p1a: Pecharunt|27/100
|move|p1a: Pecharunt|Recover|p1a: Pecharunt
|-heal|p1a: Pecharunt|77/100
|
|upkeep
|turn|12
|
|t:|1776089408
|move|p2a: Dragonite|Earthquake|p1a: Pecharunt
|-supereffective|p1a: Pecharunt
|-damage|p1a: Pecharunt|39/100
|move|p1a: Pecharunt|Malignant Chain|p2a: Dragonite
|-damage|p2a: Dragonite|44/100
|
|upkeep
|turn|13
|inactive|ripstrait has 120 seconds left.
|
|t:|1776089440
|move|p2a: Dragonite|Earthquake|p1a: Pecharunt
|-supereffective|p1a: Pecharunt
|-damage|p1a: Pecharunt|1/100
|move|p1a: Pecharunt|Recover|p1a: Pecharunt
|-heal|p1a: Pecharunt|51/100
|
|upkeep
|turn|14
|inactive|vzn.exe has 60 seconds left.
|
|t:|1776089457
|move|p2a: Dragonite|Earthquake|p1a: Pecharunt
|-supereffective|p1a: Pecharunt
|-damage|p1a: Pecharunt|13/100
|move|p1a: Pecharunt|Recover|p1a: Pecharunt
|-heal|p1a: Pecharunt|63/100
|
|upkeep
|turn|15
|inactive|vzn.exe has 60 seconds left.
|
|t:|1776089474
|move|p2a: Dragonite|Earthquake|p1a: Pecharunt
|-supereffective|p1a: Pecharunt
|-damage|p1a: Pecharunt|25/100
|move|p1a: Pecharunt|Malignant Chain|p2a: Dragonite
|-damage|p2a: Dragonite|15/100
|-status|p2a: Dragonite|tox
|-start|p2a: Dragonite|confusion|[from] ability: Poison Puppeteer|[of] p1a: Pecharunt
|
|-damage|p2a: Dragonite|9/100 tox|[from] psn
|upkeep
|turn|16
|inactive|vzn.exe has 60 seconds left.
|
|t:|1776089491
|switch|p1a: theycallhimlebron|Ogerpon, F|100/100
|-activate|p2a: Dragonite|confusion
|move|p2a: Dragonite|Earthquake|p1a: theycallhimlebron
|-resisted|p1a: theycallhimlebron
|-damage|p1a: theycallhimlebron|77/100
|
|-damage|p2a: Dragonite|0 fnt|[from] psn
|faint|p2a: Dragonite
|upkeep
|
|t:|1776089508
|switch|p2a: Tornadus|Tornadus-Therian, M, shiny|99/100
|turn|17
|
|t:|1776089517
|switch|p1a: Heatran|Heatran, M|78/100
|move|p2a: Tornadus|U-turn|p1a: Heatran
|-resisted|p1a: Heatran
|-damage|p1a: Heatran|74/100
|
|t:|1776089526
|switch|p2a: Garganacl|Garganacl, F|100/100|[from] U-turn
|
|upkeep
|turn|18
|
|t:|1776089536
|switch|p2a: Hatterene|Hatterene, F|100/100
|move|p1a: Heatran|Stealth Rock|p2a: Hatterene
|move|p2a: Hatterene|Stealth Rock|p1a: Heatran|[from] ability: Magic Bounce
|-sidestart|p1: ripstrait|move: Stealth Rock
|
|upkeep
|turn|19
|
|t:|1776089545
|switch|p2a: Garganacl|Garganacl, F|100/100
|move|p1a: Heatran|Magma Storm|p2a: Garganacl
|-resisted|p2a: Garganacl
|-damage|p2a: Garganacl|81/100
|-activate|p2a: Garganacl|move: Magma Storm|[of] p1a: Heatran
|
|-heal|p2a: Garganacl|88/100|[from] item: Leftovers
|-damage|p2a: Garganacl|75/100|[from] move: Magma Storm|[partiallytrapped]
|upkeep
|turn|20
|inactive|vzn.exe has 60 seconds left.
|
|t:|1776089554
|move|p1a: Heatran|Earth Power|p2a: Garganacl
|-supereffective|p2a: Garganacl
|-damage|p2a: Garganacl|35/100
|move|p2a: Garganacl|Salt Cure|p1a: Heatran
|-damage|p1a: Heatran|60/100
|-start|p1a: Heatran|Salt Cure
|
|-heal|p2a: Garganacl|41/100|[from] item: Leftovers
|-damage|p1a: Heatran|35/100|[from] Salt Cure
|-damage|p2a: Garganacl|29/100|[from] move: Magma Storm|[partiallytrapped]
|upkeep
|turn|21
|
|t:|1776089564
|move|p2a: Garganacl|Protect|p2a: Garganacl
|-singleturn|p2a: Garganacl|Protect
|move|p1a: Heatran|Taunt|p2a: Garganacl
|-activate|p2a: Garganacl|move: Protect
|
|-heal|p2a: Garganacl|35/100|[from] item: Leftovers
|-damage|p1a: Heatran|11/100|[from] Salt Cure
|-damage|p2a: Garganacl|23/100|[from] move: Magma Storm|[partiallytrapped]
|upkeep
|turn|22
|
|t:|1776089572
|move|p2a: Garganacl|Protect||[still]
|-fail|p2a: Garganacl
|move|p1a: Heatran|Earth Power|p2a: Garganacl
|-supereffective|p2a: Garganacl
|-damage|p2a: Garganacl|0 fnt
|faint|p2a: Garganacl
|
|-damage|p1a: Heatran|0 fnt|[from] Salt Cure
|faint|p1a: Heatran
|upkeep
|
|t:|1776089582
|switch|p1a: theycallhimlebron|Ogerpon, F|77/100
|switch|p2a: Tornadus|Tornadus-Therian, M, shiny|100/100
|-damage|p1a: theycallhimlebron|64/100|[from] Stealth Rock
|turn|23
|
|t:|1776089599
|-terastallize|p1a: theycallhimlebron|Grass
|detailschange|p1a: theycallhimlebron|Ogerpon-Teal-Tera, F, tera:Grass
|-ability|p1a: theycallhimlebron|Embody Aspect (Teal)|boost
|-boost|p1a: theycallhimlebron|spe|1
|move|p1a: theycallhimlebron|U-turn|p2a: Tornadus
|-resisted|p2a: Tornadus
|-damage|p2a: Tornadus|82/100
|
|t:|1776089607
|switch|p1a: Primarina|Primarina, M, shiny|83/100|[from] U-turn
|-damage|p1a: Primarina|70/100|[from] Stealth Rock
|move|p2a: Tornadus|Bleakwind Storm|p1a: Primarina
|-damage|p1a: Primarina|50/100
|
|upkeep
|turn|24
|
|t:|1776089624
|move|p2a: Tornadus|Knock Off|p1a: Primarina
|-resisted|p1a: Primarina
|-damage|p1a: Primarina|39/100
|-enditem|p1a: Primarina|Assault Vest|[from] move: Knock Off|[of] p2a: Tornadus
|move|p1a: Primarina|Moonblast|p2a: Tornadus
|-damage|p2a: Tornadus|45/100
|
|upkeep
|turn|25
|inactive|vzn.exe has 60 seconds left.
|
|t:|1776089641
|switch|p2a: Darkrai|Darkrai|100/100
|move|p1a: Primarina|Flip Turn|p2a: Darkrai
|-crit|p2a: Darkrai
|-damage|p2a: Darkrai|68/100
|
|t:|1776089648
|switch|p1a: theycallhimlebron|Ogerpon-Teal-Tera, F, tera:Grass|64/100|[from] Flip Turn
|-damage|p1a: theycallhimlebron|52/100|[from] Stealth Rock
|-ability|p1a: theycallhimlebron|Embody Aspect (Teal)|boost
|-boost|p1a: theycallhimlebron|spe|1
|
|upkeep
|turn|26
|inactive|vzn.exe has 60 seconds left.
|
|t:|1776089664
|move|p1a: theycallhimlebron|Ivy Cudgel|p2a: Darkrai
|-damage|p2a: Darkrai|0 fnt
|faint|p2a: Darkrai
|
|upkeep
|inactive|vzn.exe has 60 seconds left.
|
|t:|1776089681
|switch|p2a: Tornadus|Tornadus-Therian, M, shiny|78/100
|turn|27
|
|t:|1776089697
|switch|p1a: Pecharunt|Pecharunt|25/100
|-damage|p1a: Pecharunt|13/100|[from] Stealth Rock
|move|p2a: Tornadus|Heat Wave|p1a: Pecharunt
|-damage|p1a: Pecharunt|0 fnt
|faint|p1a: Pecharunt
|
|upkeep
|
|t:|1776089704
|switch|p1a: theycallhimbum|Weavile, F|100/100
|-damage|p1a: theycallhimbum|76/100|[from] Stealth Rock
|-ability|p1a: theycallhimbum|Pressure
|turn|28
|
|t:|1776089713
|switch|p2a: Hatterene|Hatterene, F|100/100
|move|p1a: theycallhimbum|Triple Axel|p2a: Hatterene
|-damage|p2a: Hatterene|89/100
|-damage|p1a: theycallhimbum|59/100|[from] item: Rocky Helmet|[of] p2a: Hatterene
|-damage|p2a: Hatterene|64/100
|-damage|p1a: theycallhimbum|43/100|[from] item: Rocky Helmet|[of] p2a: Hatterene
|-damage|p2a: Hatterene|25/100
|-damage|p1a: theycallhimbum|26/100|[from] item: Rocky Helmet|[of] p2a: Hatterene
|-hitcount|p2a: Hatterene|3
|
|upkeep
|turn|29
|inactive|vzn.exe has 60 seconds left.
|
|t:|1776089724
|move|p1a: theycallhimbum|Triple Axel|p2a: Hatterene
|-damage|p2a: Hatterene|14/100
|-damage|p1a: theycallhimbum|10/100|[from] item: Rocky Helmet|[of] p2a: Hatterene
|-damage|p2a: Hatterene|0 fnt
|-damage|p1a: theycallhimbum|0 fnt|[from] item: Rocky Helmet|[of] p2a: Hatterene
|faint|p2a: Hatterene
|faint|p1a: theycallhimbum
|-hitcount|p2: Hatterene|2
|
|upkeep
|inactive|vzn.exe has 60 seconds left.
|
|t:|1776089739
|switch|p1a: theycallhimlebron|Ogerpon-Teal-Tera, F, tera:Grass|52/100
|switch|p2a: Tornadus|Tornadus-Therian, M, shiny|100/100
|-damage|p1a: theycallhimlebron|40/100|[from] Stealth Rock
|-ability|p1a: theycallhimlebron|Embody Aspect (Teal)|boost
|-boost|p1a: theycallhimlebron|spe|1
|turn|30
|inactive|vzn.exe has 60 seconds left.
|
|t:|1776089753
|move|p1a: theycallhimlebron|U-turn|p2a: Tornadus
|-resisted|p2a: Tornadus
|-damage|p2a: Tornadus|80/100
|
|t:|1776089757
|switch|p1a: Primarina|Primarina, M, shiny|39/100|[from] U-turn
|-damage|p1a: Primarina|27/100|[from] Stealth Rock
|move|p2a: Tornadus|Heat Wave|p1a: Primarina
|-resisted|p1a: Primarina
|-damage|p1a: Primarina|18/100
|-status|p1a: Primarina|brn
|
|-damage|p1a: Primarina|12/100 brn|[from] brn
|upkeep
|turn|31
|
|t:|1776089768
|move|p2a: Tornadus|Bleakwind Storm|p1a: Primarina
|-damage|p1a: Primarina|0 fnt
|faint|p1a: Primarina
|
|upkeep
|
|t:|1776089770
|switch|p1a: theycallhimlebron|Ogerpon-Teal-Tera, F, tera:Grass|40/100
|-damage|p1a: theycallhimlebron|27/100|[from] Stealth Rock
|-ability|p1a: theycallhimlebron|Embody Aspect (Teal)|boost
|-boost|p1a: theycallhimlebron|spe|1
|turn|32
|
|t:|1776089777
|move|p1a: theycallhimlebron|Ivy Cudgel|p2a: Tornadus
|-resisted|p2a: Tornadus
|-crit|p2a: Tornadus
|-damage|p2a: Tornadus|1/100
|move|p2a: Tornadus|U-turn|p1a: theycallhimlebron
|-supereffective|p1a: theycallhimlebron
|-damage|p1a: theycallhimlebron|0 fnt
|faint|p1a: theycallhimlebron
|detailschange|p1: theycallhimlebron|Ogerpon, F|[silent]
|
|win|vzn.exe
|raw|ripstrait's rating: 1459 &rarr; <strong>1442</strong><br />(-17 for losing)
|raw|vzn.exe's rating: 1516 &rarr; <strong>1533</strong><br />(+17 for winning)
