|html|<div class="broadcast-blue"><strong>[Gen 9] OU is currently suspecting Tera Blast! For information on how to participate check out the <a href="https://www.smogon.com/tools/suspects/view/200">suspect thread</a>.</strong></div>
|j|☆Blastoise_Choice
|j|☆qizrad
|t:|1776093189
|gametype|singles
|player|p1|Blastoise_Choice|benga|1736
|player|p2|qizrad|sage|1735
|gen|9
|tier|[Gen 9] OU
|rated|
|rule|HP Percentage Mod: HP is shown in percentages
|rule|Endless Battle Clause: Forcing endless battles is banned
|rule|Species Clause: Limit one of each Pokémon
|rule|OHKO Clause: OHKO moves are banned
|rule|Evasion Items Clause: Evasion items are banned
|rule|Evasion Moves Clause: Evasion moves are banned
|rule|Evasion Abilities Clause: Evasion abilities are banned
|rule|Sleep Moves Clause: Sleep-inducing moves are banned
|clearpoke
|poke|p1|Hydrapple, M|
|poke|p1|Tyranitar, F|
|poke|p1|Moltres|
|poke|p1|Zamazenta-*|
|poke|p1|Slowking-Galar, M|
|poke|p1|Excadrill, F|
|poke|p2|Araquanid, M|
|poke|p2|Ceruledge, F|
|poke|p2|Enamorus, F|
|poke|p2|Iron Treads|
|poke|p2|Kingambit, M|
|poke|p2|Pecharunt|
|teampreview
|inactive|Battle timer is ON: inactive players will automatically lose when time's up. (requested by qizrad)
|c|☆Blastoise_Choice|hf
|inactive|Blastoise_Choice also wants the timer to be on.
|c|☆qizrad|u2
|inactive|qizrad has 120 seconds left.
|
|t:|1776093226
|teamsize|p1|6
|teamsize|p2|6
|start
|switch|p1a: Tyranitar|Tyranitar, F|100/100
|switch|p2a: Goddess|Enamorus, F|100/100
|-weather|Sandstorm|[from] ability: Sand Stream|[of] p1a: Tyranitar
|turn|1
|
|t:|1776093234
|move|p2a: Goddess|Moonblast|p1a: Tyranitar
|-supereffective|p1a: Tyranitar
|-damage|p1a: Tyranitar|30/100
|-unboost|p1a: Tyranitar|spa|1
|move|p1a: Tyranitar|Stealth Rock|p2a: Goddess
|-sidestart|p2: qizrad|move: Stealth Rock
|
|-weather|Sandstorm|[upkeep]
|-damage|p2a: Goddess|94/100|[from] Sandstorm
|upkeep
|turn|2
|j| Metallic Symphony
|
|t:|1776093250
|switch|p2a: Misty|Araquanid, M|100/100
|-damage|p2a: Misty|75/100|[from] Stealth Rock
|switch|p1a: Slowking|Slowking-Galar, M|100/100
|
|-weather|Sandstorm|[upkeep]
|-damage|p2a: Misty|69/100|[from] Sandstorm
|-damage|p1a: Slowking|94/100|[from] Sandstorm
|upkeep
|turn|3
|l| Metallic Symphony
|
|t:|1776093257
|move|p2a: Misty|Sticky Web|p1a: Slowking
|-sidestart|p1: Blastoise_Choice|move: Sticky Web
|move|p1a: Slowking|Sludge Bomb|p2a: Misty
|-damage|p2a: Misty|44/100
|
|-weather|Sandstorm|[upkeep]
|-damage|p2a: Misty|38/100|[from] Sandstorm
|-damage|p1a: Slowking|88/100|[from] Sandstorm
|upkeep
|turn|4
|
|t:|1776093274
|switch|p2a: Promise|Iron Treads|100/100
|-damage|p2a: Promise|97/100|[from] Stealth Rock
|-enditem|p2a: Promise|Booster Energy
|-activate|p2a: Promise|ability: Quark Drive|[fromitem]
|-start|p2a: Promise|quarkdrivespe
|move|p1a: Slowking|Psyshock|p2a: Promise
|-resisted|p2a: Promise
|-damage|p2a: Promise|83/100
|
|-weather|Sandstorm|[upkeep]
|-damage|p1a: Slowking|82/100|[from] Sandstorm
|upkeep
|turn|5
|
|t:|1776093281
|move|p2a: Promise|Rapid Spin|p1a: Slowking
|-damage|p1a: Slowking|73/100
|-boost|p2a: Promise|spe|1
|-sideend|p2: qizrad|Stealth Rock|[from] move: Rapid Spin|[of] p2a: Promise
|move|p1a: Slowking|Flamethrower|p2a: Promise
|-supereffective|p2a: Promise
|-damage|p2a: Promise|22/100
|
|-weather|Sandstorm|[upkeep]
|-damage|p1a: Slowking|67/100|[from] Sandstorm
|upkeep
|turn|6
|inactive|qizrad has 120 seconds left.
|
|t:|1776093318
|switch|p1a: Tyranitar|Tyranitar, F|30/100
|-activate|p1a: Tyranitar|move: Sticky Web
|-unboost|p1a: Tyranitar|spe|1
|move|p2a: Promise|Stealth Rock|p1a: Tyranitar
|-sidestart|p1: Blastoise_Choice|move: Stealth Rock
|
|-weather|Sandstorm|[upkeep]
|upkeep
|turn|7
|inactive|qizrad has 120 seconds left.
|
|t:|1776093325
|move|p2a: Promise|Steel Beam|p1a: Tyranitar
|-supereffective|p1a: Tyranitar
|-damage|p1a: Tyranitar|0 fnt
|-damage|p2a: Promise|0 fnt|[from] steelbeam
|faint|p2a: Promise
|-end|p2a: Promise|Quark Drive|[silent]
|faint|p1a: Tyranitar
|
|-weather|Sandstorm|[upkeep]
|upkeep
|inactive|qizrad has 120 seconds left.
|
|t:|1776093343
|switch|p2a: Misty|Araquanid, M|38/100
|switch|p1a: Moltres|Moltres|100/100
|turn|8
|
|t:|1776093350
|move|p1a: Moltres|U-turn|p2a: Misty
|-damage|p2a: Misty|23/100
|
|t:|1776093357
|switch|p1a: Slowking|Slowking-Galar, M|99/100|[from] U-turn
|-activate|p1a: Slowking|move: Sticky Web
|-unboost|p1a: Slowking|spe|1
|-damage|p1a: Slowking|88/100|[from] Stealth Rock
|move|p2a: Misty|Surf|p1a: Slowking
|-damage|p1a: Slowking|60/100
|
|-weather|none
|upkeep
|turn|9
|inactive|qizrad has 120 seconds left.
|
|t:|1776093395
|switch|p2a: Nocturne|Ceruledge, F|100/100
|move|p1a: Slowking|Ice Beam|p2a: Nocturne
|-resisted|p2a: Nocturne
|-damage|p2a: Nocturne|89/100
|
|upkeep
|turn|10
|
|t:|1776093412
|switch|p1a: Zamazenta|Zamazenta|100/100
|-activate|p1a: Zamazenta|move: Sticky Web
|-unboost|p1a: Zamazenta|spe|1
|-damage|p1a: Zamazenta|94/100|[from] Stealth Rock
|-ability|p1a: Zamazenta|Dauntless Shield|boost
|-boost|p1a: Zamazenta|def|1
|move|p2a: Nocturne|Swords Dance|p2a: Nocturne
|-boost|p2a: Nocturne|atk|2
|
|-heal|p1a: Zamazenta|100/100|[from] item: Leftovers
|upkeep
|turn|11
|inactive|qizrad has 90 seconds left.
|
|t:|1776093429
|-terastallize|p2a: Nocturne|Fairy
|move|p1a: Zamazenta|Crunch|p2a: Nocturne
|-resisted|p2a: Nocturne
|-damage|p2a: Nocturne|76/100
|-ability|p2a: Nocturne|Weak Armor|boost
|-unboost|p2a: Nocturne|def|1
|-boost|p2a: Nocturne|spe|2
|move|p2a: Nocturne|Tera Blast|p1a: Zamazenta|[anim] Tera Blast Fairy
|-supereffective|p1a: Zamazenta
|-damage|p1a: Zamazenta|0 fnt
|faint|p1a: Zamazenta
|-damage|p2a: Nocturne|66/100|[from] item: Life Orb
|
|upkeep
|
|t:|1776093437
|switch|p1a: Slowking|Slowking-Galar, M|93/100
|-activate|p1a: Slowking|move: Sticky Web
|-unboost|p1a: Slowking|spe|1
|-damage|p1a: Slowking|81/100|[from] Stealth Rock
|turn|12
|
|t:|1776093445
|move|p2a: Nocturne|Bitter Blade|p1a: Slowking
|-damage|p1a: Slowking|0 fnt
|-heal|p2a: Nocturne|100/100|[from] drain|[of] p1a: Slowking
|faint|p1a: Slowking
|-damage|p2a: Nocturne|91/100|[from] item: Life Orb
|
|upkeep
|
|t:|1776093449
|switch|p1a: Hydrapple|Hydrapple, M|100/100
|turn|13
|
|t:|1776093454
|move|p2a: Nocturne|Tera Blast|p1a: Hydrapple|[anim] Tera Blast Fairy
|-supereffective|p1a: Hydrapple
|-damage|p1a: Hydrapple|0 fnt
|faint|p1a: Hydrapple
|-damage|p2a: Nocturne|81/100|[from] item: Life Orb
|
|upkeep
|
|t:|1776093457
|switch|p1a: Moltres|Moltres|100/100
|turn|14
|j| nonchalantbufalant
|
|t:|1776093461
|move|p2a: Nocturne|Poltergeist|p1a: Moltres
|-activate|p1a: Moltres|move: Poltergeist|Heavy-Duty Boots
|-damage|p1a: Moltres|0 fnt
|faint|p1a: Moltres
|-damage|p2a: Nocturne|71/100|[from] item: Life Orb
|
|upkeep
|
|t:|1776093465
|switch|p1a: Excadrill|Excadrill, F|100/100
|-damage|p1a: Excadrill|97/100|[from] Stealth Rock
|-item|p1a: Excadrill|Air Balloon
|turn|15
|
|t:|1776093470
|-terastallize|p1a: Excadrill|Fire
|move|p2a: Nocturne|Bitter Blade|p1a: Excadrill
|-resisted|p1a: Excadrill
|-damage|p1a: Excadrill|12/100
|-heal|p2a: Nocturne|100/100|[from] drain|[of] p1a: Excadrill
|-enditem|p1a: Excadrill|Air Balloon
|-damage|p2a: Nocturne|91/100|[from] item: Life Orb
|move|p1a: Excadrill|Rapid Spin|p2a: Nocturne
|-damage|p2a: Nocturne|55/100
|-boost|p1a: Excadrill|spe|1
|-ability|p2a: Nocturne|Weak Armor|boost
|-unboost|p2a: Nocturne|def|1
|-boost|p2a: Nocturne|spe|2
|-sideend|p1: Blastoise_Choice|Stealth Rock|[from] move: Rapid Spin|[of] p1a: Excadrill
|-sideend|p1: Blastoise_Choice|Sticky Web|[from] move: Rapid Spin|[of] p1a: Excadrill
|
|upkeep
|turn|16
|
|t:|1776093483
|move|p2a: Nocturne|Bitter Blade|p1a: Excadrill
|-resisted|p1a: Excadrill
|-damage|p1a: Excadrill|0 fnt
|-heal|p2a: Nocturne|62/100|[from] drain|[of] p1a: Excadrill
|faint|p1a: Excadrill
|-damage|p2a: Nocturne|52/100|[from] item: Life Orb
|
|win|qizrad
|raw|Blastoise_Choice's rating: 1736 &rarr; <strong>1716</strong><br />(-20 for losing)
|raw|qizrad's rating: 1735 &rarr; <strong>1755</strong><br />(+20 for winning)
|c|☆Blastoise_Choice|gg
|c|☆qizrad|gg
|l| nonchalantbufalant
|l|☆qizrad
|player|p2|
