|html|<div class="broadcast-blue"><strong>[Gen 9] OU is currently suspecting Tera Blast! For information on how to participate check out the <a href="https://www.smogon.com/tools/suspects/view/200">suspect thread</a>.</strong></div>
|j|☆dioisboring
|j|☆Manuelms97
|t:|1776083212
|gametype|singles
|player|p1|dioisboring|hoopster|1133
|player|p2|Manuelms97|265|1187
|gen|9
|tier|[Gen 9] OU
|rated|
|rule|HP Percentage Mod: HP is shown in percentages
|rule|Endless Battle Clause: Forcing endless battles is banned
|rule|Species Clause: Limit one of each Pokémon
|rule|OHKO Clause: OHKO moves are banned
|rule|Evasion Items Clause: Evasion items are banned
|rule|Evasion Moves Clause: Evasion moves are banned
|rule|Evasion Abilities Clause: Evasion abilities are banned
|rule|Sleep Moves Clause: Sleep-inducing moves are banned
|clearpoke
|poke|p1|Yanmega, F|
|poke|p1|Raging Bolt|
|poke|p1|Toxapex, M|
|poke|p1|Ninetales, M|
|poke|p1|Lilligant-Hisui, F|
|poke|p1|Excadrill, M|
|poke|p2|Glimmora, F|
|poke|p2|Ting-Lu|
|poke|p2|Dragapult, M|
|poke|p2|Moltres-Galar|
|poke|p2|Incineroar, F|
|poke|p2|Iron Valiant|
|teampreview
|
|t:|1776083219
|teamsize|p1|6
|teamsize|p2|6
|start
|switch|p1a: Excadrill|Excadrill, M|100/100
|switch|p2a: Glimmora|Glimmora, F|100/100
|-ability|p1a: Excadrill|Mold Breaker
|-item|p1a: Excadrill|Air Balloon
|turn|1
|
|t:|1776083228
|move|p1a: Excadrill|Stealth Rock|p2a: Glimmora
|-sidestart|p2: Manuelms97|move: Stealth Rock
|move|p2a: Glimmora|Stealth Rock|p1a: Excadrill
|-sidestart|p1: dioisboring|move: Stealth Rock
|
|upkeep
|turn|2
|
|t:|1776083235
|move|p1a: Excadrill|Rapid Spin|p2a: Glimmora
|-resisted|p2a: Glimmora
|-damage|p2a: Glimmora|92/100
|-boost|p1a: Excadrill|spe|1
|-activate|p2a: Glimmora|ability: Toxic Debris
|-sidestart|p1: dioisboring|move: Toxic Spikes
|-sideend|p1: dioisboring|Toxic Spikes|[from] move: Rapid Spin|[of] p1a: Excadrill
|-sideend|p1: dioisboring|Stealth Rock|[from] move: Rapid Spin|[of] p1a: Excadrill
|move|p2a: Glimmora|Power Gem|p1a: Excadrill
|-resisted|p1a: Excadrill
|-damage|p1a: Excadrill|88/100
|-enditem|p1a: Excadrill|Air Balloon
|
|upkeep
|turn|3
|
|t:|1776083250
|move|p1a: Excadrill|Iron Head|p2a: Glimmora
|-supereffective|p2a: Glimmora
|-damage|p2a: Glimmora|24/100
|-activate|p2a: Glimmora|ability: Toxic Debris
|-sidestart|p1: dioisboring|move: Toxic Spikes
|cant|p2a: Glimmora|flinch
|
|upkeep
|turn|4
|
|t:|1776083259
|move|p2a: Glimmora|Spiky Shield|p2a: Glimmora
|-singleturn|p2a: Glimmora|move: Protect
|move|p1a: Excadrill|Iron Head|p2a: Glimmora
|-activate|p2a: Glimmora|move: Protect
|-damage|p1a: Excadrill|75/100|[from] Spiky Shield|[of] p2a: Glimmora
|
|upkeep
|turn|5
|
|t:|1776083268
|move|p1a: Excadrill|Earthquake|p2a: Glimmora
|-supereffective|p2a: Glimmora
|-damage|p2a: Glimmora|0 fnt
|-activate|p2a: Glimmora|ability: Toxic Debris
|-sidestart|p1: dioisboring|move: Toxic Spikes
|faint|p2a: Glimmora
|
|upkeep
|
|t:|1776083289
|switch|p2a: Ting-Lu|Ting-Lu|100/100
|-damage|p2a: Ting-Lu|94/100|[from] Stealth Rock
|-ability|p2a: Ting-Lu|Vessel of Ruin
|turn|6
|
|t:|1776083307
|switch|p1a: Yanmega|Yanmega, F, shiny|100/100
|move|p2a: Ting-Lu|Earthquake|p1a: Yanmega
|-immune|p1a: Yanmega
|
|-heal|p2a: Ting-Lu|100/100|[from] item: Leftovers
|upkeep
|turn|7
|
|t:|1776083324
|switch|p2a: Moltres|Moltres-Galar|100/100
|-damage|p2a: Moltres|76/100|[from] Stealth Rock
|move|p1a: Yanmega|Bug Buzz|p2a: Moltres
|-damage|p2a: Moltres|17/100
|-ability|p2a: Moltres|Berserk|boost
|-boost|p2a: Moltres|spa|1
|-damage|p1a: Yanmega|91/100|[from] item: Life Orb
|
|-ability|p1a: Yanmega|Speed Boost|boost
|-boost|p1a: Yanmega|spe|1
|upkeep
|turn|8
|
|t:|1776083338
|move|p2a: Moltres|Hurricane|p1a: Yanmega|[miss]
|-miss|p2a: Moltres|p1a: Yanmega
|move|p1a: Yanmega|Ancient Power|p2a: Moltres
|-supereffective|p2a: Moltres
|-damage|p2a: Moltres|0 fnt
|faint|p2a: Moltres
|-damage|p1a: Yanmega|81/100|[from] item: Life Orb
|
|-ability|p1a: Yanmega|Speed Boost|boost
|-boost|p1a: Yanmega|spe|1
|upkeep
|
|t:|1776083350
|switch|p2a: Incineroar|Incineroar, F|100/100
|-damage|p2a: Incineroar|76/100|[from] Stealth Rock
|-ability|p2a: Incineroar|Intimidate|boost
|-unboost|p1a: Yanmega|atk|1
|turn|9
|
|t:|1776083357
|move|p1a: Yanmega|Detect|p1a: Yanmega
|-singleturn|p1a: Yanmega|Protect
|move|p2a: Incineroar|Fake Out|p1a: Yanmega
|-activate|p1a: Yanmega|move: Protect
|
|-ability|p1a: Yanmega|Speed Boost|boost
|-boost|p1a: Yanmega|spe|1
|upkeep
|turn|10
|
|t:|1776083380
|-terastallize|p1a: Yanmega|Bug
|move|p1a: Yanmega|Bug Buzz|p2a: Incineroar
|-damage|p2a: Incineroar|0 fnt
|faint|p2a: Incineroar
|-damage|p1a: Yanmega|71/100|[from] item: Life Orb
|
|-ability|p1a: Yanmega|Speed Boost|boost
|-boost|p1a: Yanmega|spe|1
|upkeep
|
|t:|1776083391
|switch|p2a: Dragapult|Dragapult, M|100/100
|-damage|p2a: Dragapult|88/100|[from] Stealth Rock
|turn|11
|
|t:|1776083397
|move|p1a: Yanmega|Air Slash|p2a: Dragapult|[miss]
|-miss|p1a: Yanmega|p2a: Dragapult
|move|p2a: Dragapult|Dragon Darts|p1a: Yanmega
|-damage|p1a: Yanmega|18/100
|-anim|p2a: Dragapult|Dragon Darts|p1a: Yanmega
|-damage|p1a: Yanmega|0 fnt
|faint|p1a: Yanmega
|
|upkeep
|
|t:|1776083407
|switch|p1a: Toxapex|Toxapex, M|100/100
|-sideend|p1: dioisboring|move: Toxic Spikes|[of] p1a: Toxapex
|turn|12
|
|t:|1776083415
|move|p1a: Toxapex|Baneful Bunker|p1a: Toxapex
|-singleturn|p1a: Toxapex|move: Protect
|move|p2a: Dragapult|Dragon Darts|p1a: Toxapex
|-activate|p1a: Toxapex|move: Protect
|
|upkeep
|turn|13
|
|t:|1776083422
|switch|p1a: Excadrill|Excadrill, M|75/100
|-ability|p1a: Excadrill|Mold Breaker
|move|p2a: Dragapult|Dragon Darts|p1a: Excadrill
|-resisted|p1a: Excadrill
|-damage|p1a: Excadrill|46/100
|-anim|p2a: Dragapult|Dragon Darts|p1a: Excadrill
|-resisted|p1a: Excadrill
|-damage|p1a: Excadrill|17/100
|
|upkeep
|turn|14
|
|t:|1776083434
|move|p2a: Dragapult|Dragon Darts|p1a: Excadrill
|-resisted|p1a: Excadrill
|-damage|p1a: Excadrill|0 fnt
|faint|p1a: Excadrill
|
|upkeep
|
|t:|1776083439
|switch|p1a: Ninetales|Ninetales, M|100/100
|-weather|SunnyDay|[from] ability: Drought|[of] p1a: Ninetales
|turn|15
|
|t:|1776083446
|move|p2a: Dragapult|Dragon Darts|p1a: Ninetales
|-damage|p1a: Ninetales|42/100
|-anim|p2a: Dragapult|Dragon Darts|p1a: Ninetales
|-damage|p1a: Ninetales|0 fnt
|faint|p1a: Ninetales
|
|-weather|SunnyDay|[upkeep]
|upkeep
|
|t:|1776083455
|switch|p1a: Lilligant|Lilligant-Hisui, F|100/100
|turn|16
|
|t:|1776083471
|switch|p2a: Iron Valiant|Iron Valiant|100/100
|-damage|p2a: Iron Valiant|94/100|[from] Stealth Rock
|-enditem|p2a: Iron Valiant|Booster Energy
|-activate|p2a: Iron Valiant|ability: Quark Drive|[fromitem]
|-start|p2a: Iron Valiant|quarkdrivespe
|move|p1a: Lilligant|Triple Axel|p2a: Iron Valiant
|-damage|p2a: Iron Valiant|86/100
|-damage|p2a: Iron Valiant|69/100
|-damage|p2a: Iron Valiant|42/100
|-hitcount|p2a: Iron Valiant|3
|
|-weather|SunnyDay|[upkeep]
|upkeep
|turn|17
|
|t:|1776083488
|move|p1a: Lilligant|Leaf Blade|p2a: Iron Valiant
|-damage|p2a: Iron Valiant|0 fnt
|faint|p2a: Iron Valiant
|-end|p2a: Iron Valiant|Quark Drive|[silent]
|
|-weather|SunnyDay|[upkeep]
|upkeep
|
|t:|1776083497
|switch|p2a: Ting-Lu|Ting-Lu|100/100
|-damage|p2a: Ting-Lu|94/100|[from] Stealth Rock
|-ability|p2a: Ting-Lu|Vessel of Ruin
|turn|18
|
|t:|1776083505
|move|p1a: Lilligant|Swords Dance|p1a: Lilligant
|-boost|p1a: Lilligant|atk|2
|move|p2a: Ting-Lu|Spikes|p1a: Lilligant
|-sidestart|p1: dioisboring|Spikes
|
|-weather|SunnyDay|[upkeep]
|-heal|p2a: Ting-Lu|100/100|[from] item: Leftovers
|upkeep
|turn|19
|
|t:|1776083514
|move|p1a: Lilligant|Close Combat|p2a: Ting-Lu
|-supereffective|p2a: Ting-Lu
|-damage|p2a: Ting-Lu|0 fnt
|-unboost|p1a: Lilligant|def|1
|-unboost|p1a: Lilligant|spd|1
|faint|p2a: Ting-Lu
|
|-weather|SunnyDay|[upkeep]
|upkeep
|
|t:|1776083523
|switch|p2a: Dragapult|Dragapult, M|88/100
|-damage|p2a: Dragapult|76/100|[from] Stealth Rock
|turn|20
|
|t:|1776083535
|move|p1a: Lilligant|Triple Axel|p2a: Dragapult
|-supereffective|p2a: Dragapult
|-damage|p2a: Dragapult|41/100
|-supereffective|p2a: Dragapult
|-damage|p2a: Dragapult|0 fnt
|faint|p2a: Dragapult
|-hitcount|p2: Dragapult|2
|
|win|dioisboring
|raw|dioisboring's rating: 1133 &rarr; <strong>1162</strong><br />(+29 for winning)
|raw|Manuelms97's rating: 1187 &rarr; <strong>1158</strong><br />(-29 for losing)
|l|☆dioisboring
|player|p1|
|l|☆Manuelms97
|player|p2|
