|html|<div class="broadcast-blue"><strong>[Gen 9] OU is currently suspecting Tera Blast! For information on how to participate check out the <a href="https://www.smogon.com/tools/suspects/view/200">suspect thread</a>.</strong></div>
|j|☆NewPokeGensRLame
|j|☆Aladinium
|t:|1776034949
|gametype|singles
|player|p1|NewPokeGensRLame|steven|1342
|player|p2|Aladinium|veteran|1404
|gen|9
|tier|[Gen 9] OU
|rated|
|rule|HP Percentage Mod: HP is shown in percentages
|rule|Endless Battle Clause: Forcing endless battles is banned
|rule|Species Clause: Limit one of each Pokémon
|rule|OHKO Clause: OHKO moves are banned
|rule|Evasion Items Clause: Evasion items are banned
|rule|Evasion Moves Clause: Evasion moves are banned
|rule|Evasion Abilities Clause: Evasion abilities are banned
|rule|Sleep Moves Clause: Sleep-inducing moves are banned
|clearpoke
|poke|p1|Metagross|
|poke|p1|Iron Valiant|
|poke|p1|Zapdos|
|poke|p1|Walking Wake|
|poke|p1|Darkrai|
|poke|p1|Garchomp, M|
|poke|p2|Zamazenta-*|
|poke|p2|Lokix, F|
|poke|p2|Dragonite, F|
|poke|p2|Great Tusk|
|poke|p2|Ceruledge, M|
|poke|p2|Iron Moth|
|teampreview
|inactive|Battle timer is ON: inactive players will automatically lose when time's up. (requested by Aladinium)
|
|t:|1776034968
|teamsize|p1|6
|teamsize|p2|6
|start
|switch|p1a: Iron Valiant|Iron Valiant|100/100
|switch|p2a: Zamazenta|Zamazenta|100/100
|-ability|p2a: Zamazenta|Dauntless Shield|boost
|-boost|p2a: Zamazenta|def|1
|turn|1
|
|t:|1776034978
|move|p2a: Zamazenta|Light Screen|p2a: Zamazenta
|-sidestart|p2: Aladinium|move: Light Screen
|move|p1a: Iron Valiant|Moonblast|p2a: Zamazenta
|-supereffective|p2a: Zamazenta
|-damage|p2a: Zamazenta|62/100
|
|upkeep
|turn|2
|
|t:|1776034984
|switch|p2a: Iron Moth|Iron Moth|100/100
|-enditem|p2a: Iron Moth|Booster Energy
|-activate|p2a: Iron Moth|ability: Quark Drive|[fromitem]
|-start|p2a: Iron Moth|quarkdrivespe
|move|p1a: Iron Valiant|Moonblast|p2a: Iron Moth
|-resisted|p2a: Iron Moth
|-damage|p2a: Iron Moth|94/100
|-unboost|p2a: Iron Moth|spa|1
|
|upkeep
|turn|3
|
|t:|1776035012
|-end|p2a: Iron Moth|Quark Drive|[silent]
|switch|p2a: Great Tusk|Great Tusk|100/100
|-enditem|p2a: Great Tusk|Booster Energy
|-activate|p2a: Great Tusk|ability: Protosynthesis|[fromitem]
|-start|p2a: Great Tusk|protosynthesisspe
|-end|p1a: Iron Valiant|Quark Drive|[silent]
|switch|p1a: Garchomp|Garchomp, M|100/100
|
|upkeep
|turn|4
|inactive|NewPokeGensRLame has 120 seconds left.
|
|t:|1776035027
|switch|p1a: Walking Wake|Walking Wake|100/100
|-enditem|p1a: Walking Wake|Booster Energy
|-activate|p1a: Walking Wake|ability: Protosynthesis|[fromitem]
|-start|p1a: Walking Wake|protosynthesisspa
|move|p2a: Great Tusk|Bulk Up|p2a: Great Tusk
|-boost|p2a: Great Tusk|atk|1
|-boost|p2a: Great Tusk|def|1
|
|upkeep
|turn|5
|
|t:|1776035039
|move|p2a: Great Tusk|Headlong Rush|p1a: Walking Wake
|-damage|p1a: Walking Wake|10/100
|-unboost|p2a: Great Tusk|def|1
|-unboost|p2a: Great Tusk|spd|1
|move|p1a: Walking Wake|Hydro Pump|p2a: Great Tusk
|-supereffective|p2a: Great Tusk
|-damage|p2a: Great Tusk|0 fnt
|faint|p2a: Great Tusk
|-end|p2a: Great Tusk|Protosynthesis|[silent]
|
|upkeep
|
|t:|1776035045
|switch|p2a: Iron Moth|Iron Moth|94/100
|turn|6
|
|t:|1776035054
|move|p2a: Iron Moth|Fiery Dance|p1a: Walking Wake
|-resisted|p1a: Walking Wake
|-crit|p1a: Walking Wake
|-damage|p1a: Walking Wake|0 fnt
|-boost|p2a: Iron Moth|spa|1
|faint|p1a: Walking Wake
|-end|p1a: Walking Wake|Protosynthesis|[silent]
|
|upkeep
|
|t:|1776035062
|switch|p1a: Garchomp|Garchomp, M|100/100
|turn|7
|
|t:|1776035072
|move|p1a: Garchomp|Dragon Rush|p2a: Iron Moth
|-damage|p2a: Iron Moth|18/100
|move|p2a: Iron Moth|Dazzling Gleam|p1a: Garchomp
|-supereffective|p1a: Garchomp
|-damage|p1a: Garchomp|9/100
|
|upkeep
|turn|8
|
|t:|1776035079
|-end|p2a: Iron Moth|Quark Drive|[silent]
|switch|p2a: Zamazenta|Zamazenta|62/100
|move|p1a: Garchomp|Dragon Rush|p2a: Zamazenta|[miss]
|-miss|p1a: Garchomp|p2a: Zamazenta
|
|-sideend|p2: Aladinium|move: Light Screen
|upkeep
|turn|9
|
|t:|1776035087
|move|p1a: Garchomp|Dragon Rush|p2a: Zamazenta|[miss]
|-miss|p1a: Garchomp|p2a: Zamazenta
|move|p2a: Zamazenta|Reflect|p2a: Zamazenta
|-sidestart|p2: Aladinium|Reflect
|
|upkeep
|turn|10
|
|t:|1776035093
|switch|p1a: Zapdos|Zapdos|100/100
|move|p2a: Zamazenta|Light Screen|p2a: Zamazenta
|-sidestart|p2: Aladinium|move: Light Screen
|
|upkeep
|turn|11
|
|t:|1776035100
|switch|p2a: Iron Moth|Iron Moth|18/100
|move|p1a: Zapdos|Hurricane|p2a: Iron Moth
|-crit|p2a: Iron Moth
|-damage|p2a: Iron Moth|0 fnt
|faint|p2a: Iron Moth
|-end|p2a: Iron Moth|Quark Drive|[silent]
|
|upkeep
|
|t:|1776035105
|switch|p2a: Ceruledge|Ceruledge, M|100/100
|turn|12
|
|t:|1776035112
|move|p1a: Zapdos|Thunderbolt|p2a: Ceruledge
|-damage|p2a: Ceruledge|76/100
|-status|p2a: Ceruledge|par
|move|p2a: Ceruledge|Swords Dance|p2a: Ceruledge
|-boost|p2a: Ceruledge|atk|2
|
|upkeep
|turn|13
|
|t:|1776035119
|move|p1a: Zapdos|Hurricane|p2a: Ceruledge
|-damage|p2a: Ceruledge|43/100 par
|-start|p2a: Ceruledge|confusion
|-activate|p2a: Ceruledge|confusion
|move|p2a: Ceruledge|Poltergeist|p1a: Zapdos
|-activate|p1a: Zapdos|move: Poltergeist|Leftovers
|-damage|p1a: Zapdos|0 fnt
|faint|p1a: Zapdos
|-damage|p2a: Ceruledge|33/100 par|[from] item: Life Orb
|
|upkeep
|
|t:|1776035132
|switch|p1a: Garchomp|Garchomp, M|9/100
|turn|14
|
|t:|1776035143
|-end|p2a: Ceruledge|confusion
|move|p2a: Ceruledge|Shadow Sneak|p1a: Garchomp
|-damage|p1a: Garchomp|0 fnt
|-damage|p2a: Ceruledge|21/100 par|[from] ability: Rough Skin|[of] p1a: Garchomp
|faint|p1a: Garchomp
|-damage|p2a: Ceruledge|11/100 par|[from] item: Life Orb
|
|upkeep
|
|t:|1776035152
|switch|p1a: Metagross|Metagross|100/100
|turn|15
|
|t:|1776035156
|move|p1a: Metagross|Bullet Punch|p2a: Ceruledge
|-resisted|p2a: Ceruledge
|-damage|p2a: Ceruledge|2/100 par
|-ability|p2a: Ceruledge|Weak Armor|boost
|-unboost|p2a: Ceruledge|def|1
|-boost|p2a: Ceruledge|spe|2
|cant|p2a: Ceruledge|par
|
|upkeep
|turn|16
|
|t:|1776035164
|move|p2a: Ceruledge|Shadow Sneak|p1a: Metagross
|-supereffective|p1a: Metagross
|-damage|p1a: Metagross|7/100
|-damage|p2a: Ceruledge|0 fnt|[from] item: Life Orb
|faint|p2a: Ceruledge
|move|p1a: Metagross|Bullet Punch|p2: Ceruledge|[notarget]
|-fail|p1a: Metagross
|
|-sideend|p2: Aladinium|Reflect
|upkeep
|
|t:|1776035172
|switch|p2a: Zamazenta|Zamazenta|62/100
|turn|17
|
|t:|1776035177
|move|p2a: Zamazenta|Reflect|p2a: Zamazenta
|-sidestart|p2: Aladinium|Reflect
|move|p1a: Metagross|Zen Headbutt|p2a: Zamazenta
|-supereffective|p2a: Zamazenta
|-damage|p2a: Zamazenta|26/100
|
|-sideend|p2: Aladinium|move: Light Screen
|upkeep
|turn|18
|
|t:|1776035185
|move|p2a: Zamazenta|Light Screen|p2a: Zamazenta
|-sidestart|p2: Aladinium|move: Light Screen
|move|p1a: Metagross|Zen Headbutt|p2a: Zamazenta
|-supereffective|p2a: Zamazenta
|-damage|p2a: Zamazenta|0 fnt
|faint|p2a: Zamazenta
|
|upkeep
|
|t:|1776035189
|switch|p2a: Dragonite|Dragonite, F|100/100
|turn|19
|
|t:|1776035193
|move|p1a: Metagross|Bullet Punch|p2a: Dragonite
|-damage|p2a: Dragonite|94/100
|move|p2a: Dragonite|Dragon Dance|p2a: Dragonite
|-boost|p2a: Dragonite|atk|1
|-boost|p2a: Dragonite|spe|1
|
|upkeep
|turn|20
|
|t:|1776035203
|move|p2a: Dragonite|Dragon Dance|p2a: Dragonite
|-boost|p2a: Dragonite|atk|1
|-boost|p2a: Dragonite|spe|1
|move|p1a: Metagross|Meteor Mash|p2a: Dragonite
|-damage|p2a: Dragonite|66/100
|
|upkeep
|turn|21
|
|t:|1776035210
|move|p1a: Metagross|Bullet Punch|p2a: Dragonite
|-damage|p2a: Dragonite|53/100
|move|p2a: Dragonite|Earthquake|p1a: Metagross
|-supereffective|p1a: Metagross
|-damage|p1a: Metagross|0 fnt
|faint|p1a: Metagross
|
|upkeep
|
|t:|1776035234
|switch|p1a: Iron Valiant|Iron Valiant|100/100
|turn|22
|
|t:|1776035238
|-terastallize|p2a: Dragonite|Normal
|move|p2a: Dragonite|Extreme Speed|p1a: Iron Valiant
|-damage|p1a: Iron Valiant|14/100
|move|p1a: Iron Valiant|Moonblast|p2a: Dragonite
|-damage|p2a: Dragonite|27/100
|
|upkeep
|turn|23
|
|t:|1776035248
|move|p1a: Iron Valiant|Vacuum Wave|p2a: Dragonite
|-supereffective|p2a: Dragonite
|-crit|p2a: Dragonite
|-damage|p2a: Dragonite|0 fnt
|faint|p2a: Dragonite
|
|upkeep
|
|t:|1776035250
|switch|p2a: Lokix|Lokix, F|100/100
|turn|24
|
|t:|1776035259
|move|p1a: Iron Valiant|Vacuum Wave|p2a: Lokix
|-damage|p2a: Lokix|79/100
|move|p2a: Lokix|Trailblaze|p1a: Iron Valiant
|-damage|p1a: Iron Valiant|0 fnt
|-boost|p2a: Lokix|spe|1
|faint|p1a: Iron Valiant
|-end|p1a: Iron Valiant|Quark Drive|[silent]
|
|-sideend|p2: Aladinium|Reflect
|upkeep
|
|t:|1776035270
|switch|p1a: Darkrai|Darkrai|100/100
|turn|25
|
|t:|1776035275
|-terastallize|p1a: Darkrai|Poison
|move|p2a: Lokix|Axe Kick|p1a: Darkrai
|-resisted|p1a: Darkrai
|-damage|p1a: Darkrai|52/100
|-start|p1a: Darkrai|confusion
|-activate|p1a: Darkrai|confusion
|move|p1a: Darkrai|Sludge Bomb|p2a: Lokix
|-damage|p2a: Lokix|34/100
|
|-sideend|p2: Aladinium|move: Light Screen
|upkeep
|turn|26
|
|t:|1776035287
|move|p2a: Lokix|Knock Off|p1a: Darkrai
|-damage|p1a: Darkrai|0 fnt
|-enditem|p1a: Darkrai|Assault Vest|[from] move: Knock Off|[of] p2a: Lokix
|faint|p1a: Darkrai
|
|win|Aladinium
|raw|NewPokeGensRLame's rating: 1342 &rarr; <strong>1326</strong><br />(-16 for losing)
|raw|Aladinium's rating: 1404 &rarr; <strong>1420</strong><br />(+16 for winning)
|l|☆NewPokeGensRLame
|player|p1|
|l|☆Aladinium
|player|p2|
