|html|<div class="broadcast-blue"><strong>[Gen 9] OU is currently suspecting Tera Blast! For information on how to participate check out the <a href="https://www.smogon.com/tools/suspects/view/200">suspect thread</a>.</strong></div>
|j|☆Carlyle73
|j|☆qazdsbdsb
|t:|1776324429
|gametype|singles
|player|p1|Carlyle73|benga|1360
|player|p2|qazdsbdsb|170|1357
|gen|9
|tier|[Gen 9] OU
|rated|
|rule|HP Percentage Mod: HP is shown in percentages
|rule|Endless Battle Clause: Forcing endless battles is banned
|rule|Species Clause: Limit one of each Pokémon
|rule|OHKO Clause: OHKO moves are banned
|rule|Evasion Items Clause: Evasion items are banned
|rule|Evasion Moves Clause: Evasion moves are banned
|rule|Evasion Abilities Clause: Evasion abilities are banned
|rule|Sleep Moves Clause: Sleep-inducing moves are banned
|clearpoke
|poke|p1|Glimmora, M|
|poke|p1|Lokix, M|
|poke|p1|Slowking-Galar, M|
|poke|p1|Reuniclus, M|
|poke|p1|Hydreigon, M|
|poke|p1|Cetitan, M|
|poke|p2|Revavroom, M|
|poke|p2|Deoxys-Speed|
|poke|p2|Moltres|
|poke|p2|Hoopa-Unbound|
|poke|p2|Iron Valiant|
|poke|p2|Great Tusk|
|teampreview
|
|t:|1776324494
|teamsize|p1|6
|teamsize|p2|6
|start
|switch|p1a: Lokix|Lokix, M|100/100
|switch|p2a: Deoxys|Deoxys-Speed|100/100
|-ability|p2a: Deoxys|Pressure
|turn|1
|
|t:|1776324512
|switch|p2a: Moltres|Moltres|100/100
|move|p1a: Lokix|First Impression|p2a: Moltres
|-resisted|p2a: Moltres
|-damage|p2a: Moltres|80/100
|
|upkeep
|turn|2
|
|t:|1776324518
|move|p1a: Lokix|U-turn|p2a: Moltres
|-resisted|p2a: Moltres
|-crit|p2a: Moltres
|-damage|p2a: Moltres|57/100
|-status|p1a: Lokix|brn|[from] ability: Flame Body|[of] p2a: Moltres
|
|t:|1776324524
|switch|p1a: Glimmora|Glimmora, M|100/100|[from] U-turn
|move|p2a: Moltres|Will-O-Wisp|p1a: Glimmora
|-status|p1a: Glimmora|brn
|
|-damage|p1a: Glimmora|94/100 brn|[from] brn
|upkeep
|turn|3
|
|t:|1776324539
|switch|p2a: Great Tusk|Great Tusk|100/100
|-enditem|p2a: Great Tusk|Booster Energy
|-activate|p2a: Great Tusk|ability: Protosynthesis|[fromitem]
|-start|p2a: Great Tusk|protosynthesisatk
|move|p1a: Glimmora|Stealth Rock|p2a: Great Tusk
|-sidestart|p2: qazdsbdsb|move: Stealth Rock
|
|-damage|p1a: Glimmora|88/100 brn|[from] brn
|upkeep
|turn|4
|
|t:|1776324548
|move|p1a: Glimmora|Mortal Spin|p2a: Great Tusk
|-resisted|p2a: Great Tusk
|-damage|p2a: Great Tusk|99/100
|-status|p2a: Great Tusk|psn
|move|p2a: Great Tusk|Headlong Rush|p1a: Glimmora
|-supereffective|p1a: Glimmora
|-damage|p1a: Glimmora|0 fnt
|-unboost|p2a: Great Tusk|def|1
|-unboost|p2a: Great Tusk|spd|1
|-activate|p1a: Glimmora|ability: Toxic Debris
|-sidestart|p2: qazdsbdsb|move: Toxic Spikes
|faint|p1a: Glimmora
|
|-damage|p2a: Great Tusk|87/100 psn|[from] psn
|upkeep
|
|t:|1776324556
|switch|p1a: Hydreigon|Hydreigon, M|100/100
|turn|5
|
|t:|1776324575
|-end|p2a: Great Tusk|Protosynthesis|[silent]
|switch|p2a: Hoopa|Hoopa-Unbound|100/100
|-damage|p2a: Hoopa|88/100|[from] Stealth Rock
|-status|p2a: Hoopa|psn
|move|p1a: Hydreigon|Draco Meteor|p2a: Hoopa
|-damage|p2a: Hoopa|61/100 psn
|-unboost|p1a: Hydreigon|spa|2
|
|-damage|p2a: Hoopa|49/100 psn|[from] psn
|upkeep
|turn|6
|
|t:|1776324588
|switch|p1a: Lokix|Lokix, M|100/100 brn
|move|p2a: Hoopa|Knock Off|p1a: Lokix
|-resisted|p1a: Lokix
|-damage|p1a: Lokix|65/100 brn
|-enditem|p1a: Lokix|Silver Powder|[from] move: Knock Off|[of] p2a: Hoopa
|
|-damage|p2a: Hoopa|36/100 psn|[from] psn
|-damage|p1a: Lokix|59/100 brn|[from] brn
|upkeep
|turn|7
|
|t:|1776324603
|switch|p2a: Great Tusk|Great Tusk|87/100 psn
|-damage|p2a: Great Tusk|84/100 psn|[from] Stealth Rock
|move|p1a: Lokix|U-turn|p2a: Great Tusk
|-resisted|p2a: Great Tusk
|-damage|p2a: Great Tusk|74/100 psn
|
|t:|1776324606
|switch|p1a: Cetitan|Cetitan, M, shiny|100/100|[from] U-turn
|
|-damage|p2a: Great Tusk|62/100 psn|[from] psn
|upkeep
|turn|8
|
|t:|1776324615
|-terastallize|p2a: Great Tusk|Steel
|move|p1a: Cetitan|Belly Drum|p1a: Cetitan
|-damage|p1a: Cetitan|50/100
|-setboost|p1a: Cetitan|atk|6|[from] move: Belly Drum
|-enditem|p1a: Cetitan|Sitrus Berry|[eat]
|-heal|p1a: Cetitan|75/100|[from] item: Sitrus Berry
|move|p2a: Great Tusk|Rapid Spin|p1a: Cetitan
|-damage|p1a: Cetitan|56/100
|-boost|p2a: Great Tusk|spe|1
|-sideend|p2: qazdsbdsb|Toxic Spikes|[from] move: Rapid Spin|[of] p2a: Great Tusk
|-sideend|p2: qazdsbdsb|Stealth Rock|[from] move: Rapid Spin|[of] p2a: Great Tusk
|
|-damage|p2a: Great Tusk|49/100 psn|[from] psn
|upkeep
|turn|9
|
|t:|1776324628
|move|p1a: Cetitan|Ice Shard|p2a: Great Tusk
|-resisted|p2a: Great Tusk
|-damage|p2a: Great Tusk|28/100 psn
|move|p2a: Great Tusk|Close Combat|p1a: Cetitan
|-supereffective|p1a: Cetitan
|-damage|p1a: Cetitan|0 fnt
|-unboost|p2a: Great Tusk|def|1
|-unboost|p2a: Great Tusk|spd|1
|faint|p1a: Cetitan
|
|-damage|p2a: Great Tusk|15/100 psn|[from] psn
|upkeep
|
|t:|1776324632
|switch|p1a: Lokix|Lokix, M|59/100 brn
|turn|10
|
|t:|1776324639
|move|p1a: Lokix|First Impression|p2a: Great Tusk
|-resisted|p2a: Great Tusk
|-damage|p2a: Great Tusk|0 fnt
|faint|p2a: Great Tusk
|-end|p2a: Great Tusk|Protosynthesis|[silent]
|
|-damage|p1a: Lokix|53/100 brn|[from] brn
|upkeep
|
|t:|1776324643
|switch|p2a: Revavroom|Revavroom, M|100/100
|-item|p2a: Revavroom|Air Balloon
|turn|11
|
|t:|1776324647
|move|p1a: Lokix|U-turn|p2a: Revavroom
|-resisted|p2a: Revavroom
|-damage|p2a: Revavroom|91/100
|-enditem|p2a: Revavroom|Air Balloon
|
|t:|1776324653
|switch|p1a: Reuniclus|Reuniclus, M|100/100|[from] U-turn
|move|p2a: Revavroom|Shift Gear|p2a: Revavroom
|-boost|p2a: Revavroom|spe|2
|-boost|p2a: Revavroom|atk|1
|
|upkeep
|turn|12
|
|t:|1776324663
|move|p2a: Revavroom|Gunk Shot|p1a: Reuniclus
|-damage|p1a: Reuniclus|33/100
|move|p1a: Reuniclus|Psychic Noise|p2a: Revavroom
|-damage|p2a: Revavroom|27/100
|-start|p2a: Revavroom|move: Heal Block
|
|upkeep
|turn|13
|
|t:|1776324673
|switch|p1a: Slowking|Slowking-Galar, M|100/100
|move|p2a: Revavroom|High Horsepower|p1a: Slowking
|-supereffective|p1a: Slowking
|-damage|p1a: Slowking|0 fnt
|faint|p1a: Slowking
|
|-end|p2a: Revavroom|move: Heal Block
|upkeep
|
|t:|1776324679
|switch|p1a: Lokix|Lokix, M|53/100 brn
|turn|14
|
|t:|1776324692
|move|p1a: Lokix|Sucker Punch|p2a: Revavroom
|-damage|p2a: Revavroom|7/100
|move|p2a: Revavroom|Iron Head|p1a: Lokix
|-damage|p1a: Lokix|0 fnt
|faint|p1a: Lokix
|
|upkeep
|
|t:|1776324695
|switch|p1a: Hydreigon|Hydreigon, M|100/100
|turn|15
|
|t:|1776324707
|-terastallize|p1a: Hydreigon|Steel
|move|p2a: Revavroom|Gunk Shot|p1a: Hydreigon
|-immune|p1a: Hydreigon
|move|p1a: Hydreigon|Flash Cannon|p2a: Revavroom
|-resisted|p2a: Revavroom
|-damage|p2a: Revavroom|0 fnt
|faint|p2a: Revavroom
|
|upkeep
|
|t:|1776324713
|switch|p2a: Hoopa|Hoopa-Unbound|36/100 psn
|turn|16
|
|t:|1776324717
|move|p1a: Hydreigon|Substitute|p1a: Hydreigon
|-start|p1a: Hydreigon|Substitute
|-damage|p1a: Hydreigon|76/100
|move|p2a: Hoopa|Knock Off|p1a: Hydreigon
|-end|p1a: Hydreigon|Substitute
|
|-heal|p1a: Hydreigon|82/100|[from] item: Leftovers
|-damage|p2a: Hoopa|24/100 psn|[from] psn
|upkeep
|turn|17
|
|t:|1776324725
|move|p1a: Hydreigon|Substitute|p1a: Hydreigon
|-start|p1a: Hydreigon|Substitute
|-damage|p1a: Hydreigon|57/100
|move|p2a: Hoopa|Knock Off|p1a: Hydreigon
|-end|p1a: Hydreigon|Substitute
|
|-heal|p1a: Hydreigon|63/100|[from] item: Leftovers
|-damage|p2a: Hoopa|11/100 psn|[from] psn
|upkeep
|turn|18
|
|t:|1776324733
|move|p1a: Hydreigon|Flash Cannon|p2a: Hoopa
|-damage|p2a: Hoopa|0 fnt
|faint|p2a: Hoopa
|
|-heal|p1a: Hydreigon|69/100|[from] item: Leftovers
|upkeep
|
|t:|1776324743
|switch|p2a: Iron Valiant|Iron Valiant|100/100
|turn|19
|inactive|Battle timer is ON: inactive players will automatically lose when time's up. (requested by qazdsbdsb)
|inactive|Carlyle73 has 120 seconds left.
|
|t:|1776324815
|-end|p2a: Iron Valiant|Quark Drive|[silent]
|switch|p2a: Deoxys|Deoxys-Speed|100/100
|-ability|p2a: Deoxys|Pressure
|move|p1a: Hydreigon|Flash Cannon|p2a: Deoxys
|-damage|p2a: Deoxys|50/100
|
|-heal|p1a: Hydreigon|75/100|[from] item: Leftovers
|upkeep
|turn|20
|
|t:|1776324823
|move|p2a: Deoxys|Light Screen|p2a: Deoxys
|-sidestart|p2: qazdsbdsb|move: Light Screen
|move|p1a: Hydreigon|Flash Cannon|p2a: Deoxys
|-damage|p2a: Deoxys|24/100
|
|-heal|p1a: Hydreigon|81/100|[from] item: Leftovers
|upkeep
|turn|21
|
|t:|1776324828
|move|p2a: Deoxys|Taunt|p1a: Hydreigon
|-start|p1a: Hydreigon|move: Taunt
|cant|p1a: Hydreigon|move: Taunt|Substitute
|
|-heal|p1a: Hydreigon|88/100|[from] item: Leftovers
|upkeep
|turn|22
|
|t:|1776324836
|switch|p2a: Moltres|Moltres|57/100
|move|p1a: Hydreigon|Flash Cannon|p2a: Moltres
|-resisted|p2a: Moltres
|-damage|p2a: Moltres|47/100
|
|-heal|p1a: Hydreigon|94/100|[from] item: Leftovers
|upkeep
|turn|23
|
|t:|1776324845
|move|p1a: Hydreigon|Flash Cannon|p2a: Moltres
|-resisted|p2a: Moltres
|-damage|p2a: Moltres|38/100
|move|p2a: Moltres|Flamethrower|p1a: Hydreigon
|-supereffective|p1a: Hydreigon
|-damage|p1a: Hydreigon|3/100
|
|-heal|p1a: Hydreigon|9/100|[from] item: Leftovers
|-end|p1a: Hydreigon|move: Taunt
|upkeep
|turn|24
|
|t:|1776324853
|move|p1a: Hydreigon|Draco Meteor|p2a: Moltres
|-damage|p2a: Moltres|10/100
|-unboost|p1a: Hydreigon|spa|2
|move|p2a: Moltres|Flamethrower|p1a: Hydreigon
|-supereffective|p1a: Hydreigon
|-damage|p1a: Hydreigon|0 fnt
|faint|p1a: Hydreigon
|
|upkeep
|
|t:|1776324855
|switch|p1a: Reuniclus|Reuniclus, M|33/100
|turn|25
|
|t:|1776324863
|move|p2a: Moltres|Flamethrower|p1a: Reuniclus
|-damage|p1a: Reuniclus|0 fnt
|faint|p1a: Reuniclus
|
|win|qazdsbdsb
|raw|Carlyle73's rating: 1360 &rarr; <strong>1340</strong><br />(-20 for losing)
|raw|qazdsbdsb's rating: 1357 &rarr; <strong>1377</strong><br />(+20 for winning)
|l|☆Carlyle73
|player|p1|
