|html|<div class="broadcast-blue"><strong>[Gen 9] OU is currently suspecting Tera Blast! For information on how to participate check out the <a href="https://www.smogon.com/tools/suspects/view/200">suspect thread</a>.</strong></div>
|j|☆axeshay
|j|☆Skotus
|t:|1776112673
|gametype|singles
|player|p1|axeshay|102|1359
|player|p2|Skotus|266|1417
|gen|9
|tier|[Gen 9] OU
|rated|
|rule|HP Percentage Mod: HP is shown in percentages
|rule|Endless Battle Clause: Forcing endless battles is banned
|rule|Species Clause: Limit one of each Pokémon
|rule|OHKO Clause: OHKO moves are banned
|rule|Evasion Items Clause: Evasion items are banned
|rule|Evasion Moves Clause: Evasion moves are banned
|rule|Evasion Abilities Clause: Evasion abilities are banned
|rule|Sleep Moves Clause: Sleep-inducing moves are banned
|clearpoke
|poke|p1|Metagross|
|poke|p1|Keldeo-Resolute|
|poke|p1|Ting-Lu|
|poke|p1|Pecharunt|
|poke|p1|Dragapult, F|
|poke|p1|Zapdos|
|poke|p2|Mandibuzz, F|
|poke|p2|Cloyster, F|
|poke|p2|Polteageist-Antique|
|poke|p2|Blastoise, M|
|poke|p2|Torterra, F|
|poke|p2|Minior|
|teampreview
|
|t:|1776112707
|teamsize|p1|6
|teamsize|p2|6
|start
|switch|p1a: Metagross|Metagross, shiny|100/100
|switch|p2a: Torterra|Torterra, F|100/100
|turn|1
|
|t:|1776112713
|move|p2a: Torterra|Headlong Rush|p1a: Metagross
|-supereffective|p1a: Metagross
|-damage|p1a: Metagross|7/100
|-unboost|p2a: Torterra|def|1
|-unboost|p2a: Torterra|spd|1
|move|p1a: Metagross|Knock Off|p2a: Torterra
|-damage|p2a: Torterra|41/100
|-enditem|p2a: Torterra|Loaded Dice|[from] move: Knock Off|[of] p1a: Metagross
|
|upkeep
|turn|2
|
|t:|1776112723
|move|p1a: Metagross|Bullet Punch|p2a: Torterra
|-damage|p2a: Torterra|7/100
|move|p2a: Torterra|Headlong Rush|p1a: Metagross
|-supereffective|p1a: Metagross
|-damage|p1a: Metagross|0 fnt
|-unboost|p2a: Torterra|def|1
|-unboost|p2a: Torterra|spd|1
|faint|p1a: Metagross
|
|upkeep
|
|t:|1776112730
|switch|p1a: Keldeo|Keldeo-Resolute, shiny|100/100
|turn|3
|
|t:|1776112733
|move|p1a: Keldeo|Flip Turn|p2a: Torterra
|-crit|p2a: Torterra
|-damage|p2a: Torterra|0 fnt
|faint|p2a: Torterra
|
|t:|1776112768
|switch|p1a: Zapdos|Zapdos|100/100|[from] Flip Turn
|
|upkeep
|
|t:|1776112778
|switch|p2a: Cloyster|Cloyster, F|100/100
|turn|4
|
|t:|1776112783
|move|p1a: Zapdos|Volt Switch|p2a: Cloyster
|-supereffective|p2a: Cloyster
|-enditem|p2a: Cloyster|Focus Sash
|-damage|p2a: Cloyster|1/100
|
|t:|1776112794
|switch|p1a: Keldeo|Keldeo-Resolute, shiny|100/100|[from] Volt Switch
|move|p2a: Cloyster|Shell Smash|p2a: Cloyster
|-unboost|p2a: Cloyster|def|1
|-unboost|p2a: Cloyster|spd|1
|-boost|p2a: Cloyster|atk|2
|-boost|p2a: Cloyster|spa|2
|-boost|p2a: Cloyster|spe|2
|
|upkeep
|turn|5
|
|t:|1776112798
|move|p1a: Keldeo|Vacuum Wave|p2a: Cloyster
|-supereffective|p2a: Cloyster
|-damage|p2a: Cloyster|0 fnt
|faint|p2a: Cloyster
|
|upkeep
|
|t:|1776112808
|switch|p2a: Polteageist|Polteageist-Antique|100/100
|turn|6
|
|t:|1776112817
|switch|p1a: Ting-Lu|Ting-Lu|100/100
|-ability|p1a: Ting-Lu|Vessel of Ruin
|move|p2a: Polteageist|Shell Smash|p2a: Polteageist
|-unboost|p2a: Polteageist|def|1
|-unboost|p2a: Polteageist|spd|1
|-boost|p2a: Polteageist|atk|2
|-boost|p2a: Polteageist|spa|2
|-boost|p2a: Polteageist|spe|2
|
|upkeep
|turn|7
|
|t:|1776112822
|-terastallize|p2a: Polteageist|Fighting
|move|p2a: Polteageist|Tera Blast|p1a: Ting-Lu|[anim] Tera Blast Fighting
|-supereffective|p1a: Ting-Lu
|-damage|p1a: Ting-Lu|26/100
|move|p1a: Ting-Lu|Whirlwind|p2a: Polteageist
|drag|p2a: Minior|Minior|100/100
|-formechange|p2a: Minior|Minior-Meteor||[from] ability: Shields Down
|
|-heal|p1a: Ting-Lu|32/100|[from] item: Leftovers
|upkeep
|turn|8
|
|t:|1776112831
|move|p2a: Minior|Shell Smash|p2a: Minior
|-unboost|p2a: Minior|def|1
|-unboost|p2a: Minior|spd|1
|-boost|p2a: Minior|atk|2
|-boost|p2a: Minior|spa|2
|-boost|p2a: Minior|spe|2
|move|p1a: Ting-Lu|Stealth Rock|p2a: Minior
|-sidestart|p2: Skotus|move: Stealth Rock
|
|-heal|p1a: Ting-Lu|38/100|[from] item: Leftovers
|upkeep
|turn|9
|
|t:|1776112846
|move|p2a: Minior|Earthquake|p1a: Ting-Lu
|-damage|p1a: Ting-Lu|14/100
|move|p1a: Ting-Lu|Ruination|p2a: Minior
|-damage|p2a: Minior|51/100
|
|-heal|p1a: Ting-Lu|20/100|[from] item: Leftovers
|upkeep
|turn|10
|
|t:|1776112868
|move|p2a: Minior|Earthquake|p1a: Ting-Lu
|-damage|p1a: Ting-Lu|0 fnt
|faint|p1a: Ting-Lu
|
|upkeep
|
|t:|1776112878
|switch|p1a: Dragapult|Dragapult, F|100/100
|turn|11
|
|t:|1776112883
|move|p1a: Dragapult|Draco Meteor|p2a: Minior
|-damage|p2a: Minior|0 fnt
|-unboost|p1a: Dragapult|spa|2
|faint|p2a: Minior
|
|upkeep
|
|t:|1776112890
|switch|p2a: Mandibuzz|Mandibuzz, F|100/100
|turn|12
|
|t:|1776112909
|switch|p1a: Zapdos|Zapdos|100/100
|move|p2a: Mandibuzz|Toxic|p1a: Zapdos
|-status|p1a: Zapdos|tox
|
|-damage|p1a: Zapdos|94/100 tox|[from] psn
|upkeep
|turn|13
|
|t:|1776112916
|move|p1a: Zapdos|Volt Switch|p2a: Mandibuzz
|-supereffective|p2a: Mandibuzz
|-damage|p2a: Mandibuzz|42/100
|
|t:|1776112925
|switch|p1a: Keldeo|Keldeo-Resolute, shiny|100/100|[from] Volt Switch
|move|p2a: Mandibuzz|Foul Play|p1a: Keldeo
|-resisted|p1a: Keldeo
|-damage|p1a: Keldeo|87/100
|-ability|p1a: Keldeo|Justified|boost
|-boost|p1a: Keldeo|atk|1
|
|upkeep
|turn|14
|
|t:|1776112928
|move|p1a: Keldeo|Surf|p2a: Mandibuzz
|-damage|p2a: Mandibuzz|0 fnt
|faint|p2a: Mandibuzz
|
|upkeep
|
|t:|1776112932
|switch|p2a: Blastoise|Blastoise, M|100/100
|-damage|p2a: Blastoise|88/100|[from] Stealth Rock
|turn|15
|
|t:|1776112942
|-terastallize|p1a: Keldeo|Water
|move|p1a: Keldeo|Surf|p2a: Blastoise
|-resisted|p2a: Blastoise
|-damage|p2a: Blastoise|38/100
|move|p2a: Blastoise|Shell Smash|p2a: Blastoise
|-unboost|p2a: Blastoise|def|1
|-unboost|p2a: Blastoise|spd|1
|-boost|p2a: Blastoise|atk|2
|-boost|p2a: Blastoise|spa|2
|-boost|p2a: Blastoise|spe|2
|
|upkeep
|turn|16
|
|t:|1776112953
|switch|p1a: Zapdos|Zapdos|94/100 tox
|move|p2a: Blastoise|Tera Blast|p1a: Zapdos
|-damage|p1a: Zapdos|43/100 tox
|
|-damage|p1a: Zapdos|37/100 tox|[from] psn
|upkeep
|turn|17
|
|t:|1776112958
|move|p2a: Blastoise|Surf|p1a: Zapdos
|-damage|p1a: Zapdos|0 fnt
|faint|p1a: Zapdos
|
|upkeep
|
|t:|1776112966
|switch|p1a: Dragapult|Dragapult, F|100/100
|turn|18
|
|t:|1776112969
|move|p1a: Dragapult|Shadow Ball|p2a: Blastoise
|-damage|p2a: Blastoise|0 fnt
|faint|p2a: Blastoise
|
|upkeep
|
|t:|1776112974
|switch|p2a: Polteageist|Polteageist-Antique, tera:Fighting|100/100
|-damage|p2a: Polteageist|94/100|[from] Stealth Rock
|turn|19
|inactive|Battle timer is ON: inactive players will automatically lose when time's up. (requested by Skotus)
|
|t:|1776113004
|move|p1a: Dragapult|Shadow Ball|p2a: Polteageist
|-damage|p2a: Polteageist|46/100
|move|p2a: Polteageist|Shadow Ball|p1a: Dragapult
|-supereffective|p1a: Dragapult
|-damage|p1a: Dragapult|0 fnt
|faint|p1a: Dragapult
|
|upkeep
|
|t:|1776113026
|switch|p1a: Keldeo|Keldeo-Resolute, shiny, tera:Water|87/100
|turn|20
|
|t:|1776113045
|move|p1a: Keldeo|Surf|p2a: Polteageist
|-damage|p2a: Polteageist|0 fnt
|faint|p2a: Polteageist
|
|win|axeshay
|raw|axeshay's rating: 1359 &rarr; <strong>1382</strong><br />(+23 for winning)
|raw|Skotus's rating: 1417 &rarr; <strong>1394</strong><br />(-23 for losing)
|c|☆axeshay|gg
|l|☆axeshay
|player|p1|
