|html|<div class="broadcast-blue"><strong>[Gen 9] OU is currently suspecting Tera Blast! For information on how to participate check out the <a href="https://www.smogon.com/tools/suspects/view/200">suspect thread</a>.</strong></div>
|j|☆PabloGYT
|j|☆kebilan
|t:|1776072342
|gametype|singles
|player|p1|PabloGYT|n|1145
|player|p2|kebilan|li|1132
|gen|9
|tier|[Gen 9] OU
|rated|
|rule|HP Percentage Mod: HP is shown in percentages
|rule|Endless Battle Clause: Forcing endless battles is banned
|rule|Species Clause: Limit one of each Pokémon
|rule|OHKO Clause: OHKO moves are banned
|rule|Evasion Items Clause: Evasion items are banned
|rule|Evasion Moves Clause: Evasion moves are banned
|rule|Evasion Abilities Clause: Evasion abilities are banned
|rule|Sleep Moves Clause: Sleep-inducing moves are banned
|clearpoke
|poke|p1|Toxtricity-Low-Key, M|
|poke|p1|Kyurem|
|poke|p1|Grimmsnarl, M|
|poke|p1|Cinderace, M|
|poke|p1|Garchomp, M|
|poke|p1|Zapdos-Galar|
|poke|p2|Weezing-Galar, F|
|poke|p2|Landorus-Therian, M|
|poke|p2|Deoxys-Defense|
|poke|p2|Salazzle, F|
|poke|p2|Snorlax, M|
|poke|p2|Noivern, F|
|teampreview
|inactive|Battle timer is ON: inactive players will automatically lose when time's up. (requested by PabloGYT)
|
|t:|1776072349
|teamsize|p1|6
|teamsize|p2|6
|start
|switch|p1a: Grimmsnarl|Grimmsnarl, M|100/100
|switch|p2a: Salazzle|Salazzle, F|100/100
|turn|1
|
|t:|1776072358
|move|p1a: Grimmsnarl|Parting Shot|p2a: Salazzle
|-unboost|p2a: Salazzle|atk|1
|-unboost|p2a: Salazzle|spa|1
|
|t:|1776072361
|switch|p1a: Kyurem|Kyurem|100/100|[from] Parting Shot
|-ability|p1a: Kyurem|Pressure
|move|p2a: Salazzle|Encore||[still]
|-fail|p2a: Salazzle
|
|upkeep
|turn|2
|
|t:|1776072375
|move|p1a: Kyurem|Ice Beam|p2a: Salazzle
|-resisted|p2a: Salazzle
|-damage|p2a: Salazzle|62/100
|move|p2a: Salazzle|Toxic|p1a: Kyurem
|-status|p1a: Kyurem|tox
|
|-damage|p1a: Kyurem|94/100 tox|[from] psn
|upkeep
|turn|3
|
|t:|1776072379
|move|p1a: Kyurem|Ice Beam|p2a: Salazzle
|-resisted|p2a: Salazzle
|-damage|p2a: Salazzle|25/100
|move|p2a: Salazzle|Knock Off|p1a: Kyurem
|-damage|p1a: Kyurem|84/100 tox
|-enditem|p1a: Kyurem|Choice Scarf|[from] move: Knock Off|[of] p2a: Salazzle
|
|-damage|p1a: Kyurem|72/100 tox|[from] psn
|upkeep
|turn|4
|
|t:|1776072389
|move|p2a: Salazzle|Endeavor|p1a: Kyurem
|-damage|p1a: Kyurem|22/100 tox
|move|p1a: Kyurem|Earth Power|p2a: Salazzle
|-supereffective|p2a: Salazzle
|-damage|p2a: Salazzle|0 fnt
|faint|p2a: Salazzle
|
|-damage|p1a: Kyurem|4/100 tox|[from] psn
|upkeep
|
|t:|1776072396
|switch|p2a: Noivern|Noivern, F, shiny|100/100
|turn|5
|
|t:|1776072397
|move|p2a: Noivern|U-turn|p1a: Kyurem
|-damage|p1a: Kyurem|0 fnt
|faint|p1a: Kyurem
|
|t:|1776072401
|switch|p2a: Weezing|Weezing-Galar, F, shiny|100/100|[from] U-turn
|
|upkeep
|
|t:|1776072407
|switch|p1a: Toxtricity|Toxtricity-Low-Key, M, shiny|100/100
|turn|6
|
|t:|1776072416
|switch|p2a: Landorus|Landorus-Therian, M|100/100
|-ability|p2a: Landorus|Intimidate|boost
|-unboost|p1a: Toxtricity|atk|1
|-terastallize|p1a: Toxtricity|Normal
|move|p1a: Toxtricity|Boomburst|p2a: Landorus
|-damage|p2a: Landorus|19/100
|
|upkeep
|turn|7
|
|t:|1776072425
|move|p1a: Toxtricity|Boomburst|p2a: Landorus
|-damage|p2a: Landorus|0 fnt
|faint|p2a: Landorus
|
|upkeep
|
|t:|1776072428
|switch|p2a: Snorlax|Snorlax, M, shiny|100/100
|turn|8
|
|t:|1776072433
|move|p1a: Toxtricity|Boomburst|p2a: Snorlax
|-damage|p2a: Snorlax|52/100
|move|p2a: Snorlax|Curse|p2a: Snorlax
|-unboost|p2a: Snorlax|spe|1
|-boost|p2a: Snorlax|atk|1
|-boost|p2a: Snorlax|def|1
|
|-heal|p2a: Snorlax|59/100|[from] item: Leftovers
|upkeep
|turn|9
|
|t:|1776072436
|move|p1a: Toxtricity|Boomburst|p2a: Snorlax
|-damage|p2a: Snorlax|11/100
|move|p2a: Snorlax|Body Slam|p1a: Toxtricity
|-damage|p1a: Toxtricity|22/100
|
|-heal|p2a: Snorlax|17/100|[from] item: Leftovers
|upkeep
|turn|10
|
|t:|1776072440
|move|p1a: Toxtricity|Boomburst|p2a: Snorlax
|-damage|p2a: Snorlax|0 fnt
|faint|p2a: Snorlax
|
|upkeep
|
|t:|1776072443
|switch|p2a: Deoxys|Deoxys-Defense|100/100
|-ability|p2a: Deoxys|Pressure
|turn|11
|
|t:|1776072448
|switch|p1a: Grimmsnarl|Grimmsnarl, M|100/100
|-terastallize|p2a: Deoxys|Steel
|move|p2a: Deoxys|Cosmic Power|p2a: Deoxys
|-boost|p2a: Deoxys|def|1
|-boost|p2a: Deoxys|spd|1
|
|upkeep
|turn|12
|
|t:|1776072458
|move|p1a: Grimmsnarl|Reflect|p1a: Grimmsnarl
|-sidestart|p1: PabloGYT|Reflect
|move|p2a: Deoxys|Cosmic Power|p2a: Deoxys
|-boost|p2a: Deoxys|def|1
|-boost|p2a: Deoxys|spd|1
|
|upkeep
|turn|13
|
|t:|1776072473
|move|p1a: Grimmsnarl|Light Screen|p1a: Grimmsnarl
|-sidestart|p1: PabloGYT|move: Light Screen
|move|p2a: Deoxys|Cosmic Power|p2a: Deoxys
|-boost|p2a: Deoxys|def|1
|-boost|p2a: Deoxys|spd|1
|
|upkeep
|turn|14
|
|t:|1776072476
|move|p1a: Grimmsnarl|Parting Shot|p2a: Deoxys
|-unboost|p2a: Deoxys|atk|1
|-unboost|p2a: Deoxys|spa|1
|
|t:|1776072477
|switch|p1a: A kird|Zapdos-Galar, shiny|100/100|[from] Parting Shot
|move|p2a: Deoxys|Cosmic Power|p2a: Deoxys
|-boost|p2a: Deoxys|def|1
|-boost|p2a: Deoxys|spd|1
|
|upkeep
|turn|15
|
|t:|1776072481
|move|p1a: A kird|Thunderous Kick|p2a: Deoxys
|-supereffective|p2a: Deoxys
|-damage|p2a: Deoxys|80/100
|-unboost|p2a: Deoxys|def|1
|-enditem|p2a: Deoxys|Weakness Policy
|-boost|p2a: Deoxys|atk|2|[from] item: Weakness Policy
|-boost|p2a: Deoxys|spa|2|[from] item: Weakness Policy
|move|p2a: Deoxys|Cosmic Power|p2a: Deoxys
|-boost|p2a: Deoxys|def|1
|-boost|p2a: Deoxys|spd|1
|
|upkeep
|turn|16
|
|t:|1776072485
|move|p1a: A kird|Thunderous Kick|p2a: Deoxys
|-supereffective|p2a: Deoxys
|-damage|p2a: Deoxys|58/100
|-unboost|p2a: Deoxys|def|1
|move|p2a: Deoxys|Cosmic Power|p2a: Deoxys
|-boost|p2a: Deoxys|def|1
|-boost|p2a: Deoxys|spd|1
|
|upkeep
|turn|17
|
|t:|1776072491
|move|p1a: A kird|Thunderous Kick|p2a: Deoxys
|-supereffective|p2a: Deoxys
|-damage|p2a: Deoxys|38/100
|-unboost|p2a: Deoxys|def|1
|move|p2a: Deoxys|Stored Power|p1a: A kird
|-supereffective|p1a: A kird
|-damage|p1a: A kird|0 fnt
|faint|p1a: A kird
|
|upkeep
|
|t:|1776072501
|switch|p1a: Cinderace|Cinderace, M|100/100
|turn|18
|
|t:|1776072504
|move|p1a: Cinderace|Pyro Ball|p2a: Deoxys
|-supereffective|p2a: Deoxys
|-damage|p2a: Deoxys|6/100
|move|p2a: Deoxys|Recover|p2a: Deoxys
|-heal|p2a: Deoxys|56/100
|
|upkeep
|turn|19
|
|t:|1776072508
|move|p1a: Cinderace|Pyro Ball|p2a: Deoxys|[miss]
|-miss|p1a: Cinderace|p2a: Deoxys
|move|p2a: Deoxys|Recover|p2a: Deoxys
|-heal|p2a: Deoxys|100/100
|
|-sideend|p1: PabloGYT|Reflect
|upkeep
|turn|20
|
|t:|1776072515
|move|p1a: Cinderace|Pyro Ball|p2a: Deoxys
|-supereffective|p2a: Deoxys
|-damage|p2a: Deoxys|71/100
|move|p2a: Deoxys|Cosmic Power|p2a: Deoxys
|-boost|p2a: Deoxys|def|1
|-boost|p2a: Deoxys|spd|0
|
|-sideend|p1: PabloGYT|move: Light Screen
|upkeep
|turn|21
|
|t:|1776072518
|move|p1a: Cinderace|Pyro Ball|p2a: Deoxys
|-supereffective|p2a: Deoxys
|-damage|p2a: Deoxys|47/100
|move|p2a: Deoxys|Cosmic Power|p2a: Deoxys
|-boost|p2a: Deoxys|def|1
|-boost|p2a: Deoxys|spd|0
|
|upkeep
|turn|22
|
|t:|1776072523
|move|p1a: Cinderace|Low Kick|p2a: Deoxys
|-start|p1a: Cinderace|typechange|Fighting|[from] ability: Libero
|-supereffective|p2a: Deoxys
|-damage|p2a: Deoxys|32/100
|move|p2a: Deoxys|Recover|p2a: Deoxys
|-heal|p2a: Deoxys|82/100
|
|upkeep
|turn|23
|
|t:|1776072530
|switch|p1a: Garchomp|Garchomp, M|100/100
|move|p2a: Deoxys|Cosmic Power|p2a: Deoxys
|-boost|p2a: Deoxys|def|1
|-boost|p2a: Deoxys|spd|0
|
|upkeep
|turn|24
|
|t:|1776072532
|move|p2a: Deoxys|Stored Power|p1a: Garchomp
|-damage|p1a: Garchomp|6/100
|move|p1a: Garchomp|Dragon Tail|p2a: Deoxys
|-resisted|p2a: Deoxys
|-damage|p2a: Deoxys|80/100
|drag|p2a: Weezing|Weezing-Galar, F, shiny|100/100
|
|upkeep
|turn|25
|
|t:|1776072538
|move|p1a: Garchomp|Stealth Rock|p2a: Weezing
|-sidestart|p2: kebilan|move: Stealth Rock
|move|p2a: Weezing|Play Rough|p1a: Garchomp|[miss]
|-miss|p2a: Weezing|p1a: Garchomp
|
|upkeep
|turn|26
|
|t:|1776072541
|move|p1a: Garchomp|Earthquake|p2a: Weezing
|-immune|p2a: Weezing|[from] ability: Levitate
|move|p2a: Weezing|Play Rough|p1a: Garchomp
|-supereffective|p1a: Garchomp
|-damage|p1a: Garchomp|0 fnt
|-damage|p2a: Weezing|88/100|[from] ability: Rough Skin|[of] p1a: Garchomp
|-damage|p2a: Weezing|72/100|[from] item: Rocky Helmet|[of] p1a: Garchomp
|faint|p1a: Garchomp
|
|upkeep
|
|t:|1776072547
|switch|p1a: Toxtricity|Toxtricity-Low-Key, M, shiny, tera:Normal|22/100
|turn|27
|
|t:|1776072549
|move|p1a: Toxtricity|Boomburst|p2a: Weezing
|-damage|p2a: Weezing|0 fnt
|faint|p2a: Weezing
|
|upkeep
|-message|kebilan forfeited.
|
|win|PabloGYT
|raw|PabloGYT's rating: 1145 &rarr; <strong>1169</strong><br />(+24 for winning)
|raw|kebilan's rating: 1132 &rarr; <strong>1108</strong><br />(-24 for losing)
|l|☆kebilan
|player|p2|
|l|☆PabloGYT
|player|p1|
