|html|<div class="broadcast-blue"><strong>[Gen 9] OU is currently suspecting Tera Blast! For information on how to participate check out the <a href="https://www.smogon.com/tools/suspects/view/200">suspect thread</a>.</strong></div>
|j|☆Donerio
|j|☆BAzz Barge
|t:|1776286527
|gametype|singles
|player|p1|Donerio|hugh|1307
|player|p2|BAzz Barge|benga|1353
|gen|9
|tier|[Gen 9] OU
|rated|
|rule|HP Percentage Mod: HP is shown in percentages
|rule|Endless Battle Clause: Forcing endless battles is banned
|rule|Species Clause: Limit one of each Pokémon
|rule|OHKO Clause: OHKO moves are banned
|rule|Evasion Items Clause: Evasion items are banned
|rule|Evasion Moves Clause: Evasion moves are banned
|rule|Evasion Abilities Clause: Evasion abilities are banned
|rule|Sleep Moves Clause: Sleep-inducing moves are banned
|clearpoke
|poke|p1|Kingambit, F|
|poke|p1|Gliscor, F|
|poke|p1|Kyurem|
|poke|p1|Ogerpon-Wellspring, F|
|poke|p1|Iron Moth|
|poke|p1|Clefable, M|
|poke|p2|Tyranitar, F|
|poke|p2|Excadrill, F|
|poke|p2|Ogerpon-Cornerstone, F|
|poke|p2|Dragapult, F|
|poke|p2|Moltres|
|poke|p2|Corviknight, M|
|teampreview
|
|t:|1776286550
|teamsize|p1|6
|teamsize|p2|6
|start
|switch|p1a: Drug addict|Gliscor, F, shiny|100/100
|switch|p2a: Ogerpon|Ogerpon-Cornerstone, F|100/100
|turn|1
|
|t:|1776286558
|move|p2a: Ogerpon|Swords Dance|p2a: Ogerpon
|-boost|p2a: Ogerpon|atk|2
|move|p1a: Drug addict|Swords Dance|p1a: Drug addict
|-boost|p1a: Drug addict|atk|2
|
|-status|p1a: Drug addict|tox|[from] item: Toxic Orb
|upkeep
|turn|2
|
|t:|1776286569
|move|p2a: Ogerpon|Encore|p1a: Drug addict
|-start|p1a: Drug addict|Encore
|move|p1a: Drug addict|Swords Dance|p1a: Drug addict
|-boost|p1a: Drug addict|atk|2
|
|upkeep
|turn|3
|
|t:|1776286574
|move|p2a: Ogerpon|Swords Dance|p2a: Ogerpon
|-boost|p2a: Ogerpon|atk|2
|move|p1a: Drug addict|Swords Dance|p1a: Drug addict
|-boost|p1a: Drug addict|atk|2
|
|upkeep
|turn|4
|
|t:|1776286588
|move|p2a: Ogerpon|Swords Dance|p2a: Ogerpon
|-boost|p2a: Ogerpon|atk|2
|move|p1a: Drug addict|Swords Dance|p1a: Drug addict
|-boost|p1a: Drug addict|atk|0
|
|-end|p1a: Drug addict|Encore
|upkeep
|turn|5
|
|t:|1776286596
|move|p2a: Ogerpon|Encore|p1a: Drug addict
|-start|p1a: Drug addict|Encore
|move|p1a: Drug addict|Swords Dance|p1a: Drug addict
|-boost|p1a: Drug addict|atk|0
|
|upkeep
|turn|6
|
|t:|1776286634
|switch|p1a: BIG ICY DRAGONNN|Kyurem|100/100
|-ability|p1a: BIG ICY DRAGONNN|Pressure
|-terastallize|p2a: Ogerpon|Rock
|detailschange|p2a: Ogerpon|Ogerpon-Cornerstone-Tera, F, tera:Rock
|-ability|p2a: Ogerpon|Embody Aspect (Cornerstone)|boost
|-boost|p2a: Ogerpon|def|1
|move|p2a: Ogerpon|Ivy Cudgel|p1a: BIG ICY DRAGONNN|[anim] Ivy Cudgel Rock
|-supereffective|p1a: BIG ICY DRAGONNN
|-damage|p1a: BIG ICY DRAGONNN|0 fnt
|faint|p1a: BIG ICY DRAGONNN
|
|upkeep
|
|t:|1776286654
|switch|p1a: Drug addict|Gliscor, F, shiny|100/100 tox
|turn|7
|
|t:|1776286658
|move|p2a: Ogerpon|Ivy Cudgel|p1a: Drug addict|[anim] Ivy Cudgel Rock
|-crit|p1a: Drug addict
|-damage|p1a: Drug addict|0 fnt
|faint|p1a: Drug addict
|
|upkeep
|
|t:|1776286663
|switch|p1a: The Mask|Ogerpon-Wellspring, F|100/100
|turn|8
|
|t:|1776286690
|move|p1a: The Mask|Horn Leech|p2a: Ogerpon
|-supereffective|p2a: Ogerpon
|-damage|p2a: Ogerpon|24/100
|move|p2a: Ogerpon|Ivy Cudgel|p1a: The Mask|[anim] Ivy Cudgel Rock
|-damage|p1a: The Mask|0 fnt
|faint|p1a: The Mask
|
|upkeep
|
|t:|1776286703
|switch|p1a: Napoleon|Kingambit, F, shiny|100/100
|-activate|p1a: Napoleon|ability: Supreme Overlord
|-start|p1a: Napoleon|fallen3|[silent]
|turn|9
|
|t:|1776286708
|move|p1a: Napoleon|Sucker Punch||[still]
|-fail|p1a: Napoleon
|move|p2a: Ogerpon|Encore|p1a: Napoleon
|-start|p1a: Napoleon|Encore
|
|upkeep
|turn|10
|
|t:|1776286713
|-end|p1a: Napoleon|fallen3|[silent]
|switch|p1a: Pink cutie|Clefable, M|100/100
|move|p2a: Ogerpon|Swords Dance|p2a: Ogerpon
|-boost|p2a: Ogerpon|atk|0
|
|upkeep
|turn|11
|
|t:|1776286721
|move|p2a: Ogerpon|Ivy Cudgel|p1a: Pink cutie|[anim] Ivy Cudgel Rock
|-damage|p1a: Pink cutie|0 fnt
|faint|p1a: Pink cutie
|
|upkeep
|
|t:|1776286730
|switch|p1a: Robocop|Iron Moth|100/100
|-enditem|p1a: Robocop|Booster Energy
|-activate|p1a: Robocop|ability: Quark Drive|[fromitem]
|-start|p1a: Robocop|quarkdrivespa
|turn|12
|
|t:|1776286739
|move|p2a: Ogerpon|Ivy Cudgel|p1a: Robocop|[anim] Ivy Cudgel Rock
|-supereffective|p1a: Robocop
|-damage|p1a: Robocop|0 fnt
|faint|p1a: Robocop
|-end|p1a: Robocop|Quark Drive|[silent]
|
|upkeep
|
|t:|1776286743
|switch|p1a: Napoleon|Kingambit, F, shiny|100/100
|-activate|p1a: Napoleon|ability: Supreme Overlord
|-start|p1a: Napoleon|fallen5|[silent]
|turn|13
|
|t:|1776286753
|move|p2a: Ogerpon|Encore||[still]
|-fail|p2a: Ogerpon
|move|p1a: Napoleon|Iron Head|p2a: Ogerpon
|-supereffective|p2a: Ogerpon
|-damage|p2a: Ogerpon|0 fnt
|faint|p2a: Ogerpon
|detailschange|p2: Ogerpon|Ogerpon-Cornerstone, F|[silent]
|
|upkeep
|
|t:|1776286763
|switch|p2a: Tyranitar|Tyranitar, F|100/100
|-weather|Sandstorm|[from] ability: Sand Stream|[of] p2a: Tyranitar
|turn|14
|
|t:|1776286772
|move|p2a: Tyranitar|Thunder Wave|p1a: Napoleon
|-status|p1a: Napoleon|par
|move|p1a: Napoleon|Swords Dance|p1a: Napoleon
|-boost|p1a: Napoleon|atk|2
|
|-weather|Sandstorm|[upkeep]
|upkeep
|turn|15
|
|t:|1776286784
|move|p2a: Tyranitar|Earthquake|p1a: Napoleon
|-supereffective|p1a: Napoleon
|-damage|p1a: Napoleon|60/100 par
|cant|p1a: Napoleon|par
|
|-weather|Sandstorm|[upkeep]
|-heal|p1a: Napoleon|67/100 par|[from] item: Leftovers
|upkeep
|turn|16
|
|t:|1776286794
|move|p2a: Tyranitar|Earthquake|p1a: Napoleon
|-supereffective|p1a: Napoleon
|-damage|p1a: Napoleon|23/100 par
|move|p1a: Napoleon|Iron Head|p2a: Tyranitar
|-supereffective|p2a: Tyranitar
|-damage|p2a: Tyranitar|0 fnt
|faint|p2a: Tyranitar
|
|-weather|Sandstorm|[upkeep]
|-heal|p1a: Napoleon|29/100 par|[from] item: Leftovers
|upkeep
|
|t:|1776286803
|switch|p2a: Moltres|Moltres|100/100
|turn|17
|
|t:|1776286807
|move|p1a: Napoleon|Sucker Punch|p2a: Moltres
|-damage|p2a: Moltres|21/100
|move|p2a: Moltres|Flamethrower|p1a: Napoleon
|-supereffective|p1a: Napoleon
|-damage|p1a: Napoleon|0 fnt
|faint|p1a: Napoleon
|-end|p1a: Napoleon|fallen5|[silent]
|
|win|BAzz Barge
|raw|Donerio's rating: 1307 &rarr; <strong>1290</strong><br />(-17 for losing)
|raw|BAzz Barge's rating: 1353 &rarr; <strong>1370</strong><br />(+17 for winning)
