|html|<div class="broadcast-blue"><strong>[Gen 9] OU is currently suspecting Tera Blast! For information on how to participate check out the <a href="https://www.smogon.com/tools/suspects/view/200">suspect thread</a>.</strong></div>
|j|‽milkified._.snow
|j|‽vcntcrzz
|t:|1776085416
|gametype|singles
|player|p1|milkified._.snow|iris|1080
|player|p2|vcntcrzz|gambler|1109
|gen|9
|tier|[Gen 9] OU
|rated|
|rule|HP Percentage Mod: HP is shown in percentages
|rule|Endless Battle Clause: Forcing endless battles is banned
|rule|Species Clause: Limit one of each Pokémon
|rule|OHKO Clause: OHKO moves are banned
|rule|Evasion Items Clause: Evasion items are banned
|rule|Evasion Moves Clause: Evasion moves are banned
|rule|Evasion Abilities Clause: Evasion abilities are banned
|rule|Sleep Moves Clause: Sleep-inducing moves are banned
|clearpoke
|poke|p1|Meowscarada, F|
|poke|p1|Chandelure, M|
|poke|p1|Minior|
|poke|p1|Ninetales-Alola, F|
|poke|p1|Pawmot, F|
|poke|p1|Maushold-Four|
|poke|p2|Snorlax, M|
|poke|p2|Iron Treads|
|poke|p2|Scizor, M|
|poke|p2|Latios, M|
|poke|p2|Enamorus, F|
|poke|p2|Dondozo, M|
|teampreview
|inactive|Battle timer is ON: inactive players will automatically lose when time's up. (requested by vcntcrzz)
|
|t:|1776085423
|teamsize|p1|6
|teamsize|p2|6
|start
|switch|p1a: Chandelure|Chandelure, M|100/100
|switch|p2a: Scizor|Scizor, M|100/100
|turn|1
|j| TheBergentruck1
|l| TheBergentruck1
|
|t:|1776085433
|switch|p2a: Snorlax|Snorlax, M|100/100
|move|p1a: Chandelure|Heat Wave|p2a: Snorlax|[miss]
|-miss|p1a: Chandelure|p2a: Snorlax
|
|upkeep
|turn|2
|
|t:|1776085444
|move|p1a: Chandelure|Heat Wave|p2a: Snorlax
|-damage|p2a: Snorlax|90/100
|move|p2a: Snorlax|Body Slam|p1a: Chandelure
|-immune|p1a: Chandelure
|
|upkeep
|turn|3
|
|t:|1776085451
|move|p1a: Chandelure|Heat Wave|p2a: Snorlax|[miss]
|-miss|p1a: Chandelure|p2a: Snorlax
|move|p2a: Snorlax|Body Slam|p1a: Chandelure
|-immune|p1a: Chandelure
|
|upkeep
|turn|4
|
|t:|1776085457
|move|p1a: Chandelure|Heat Wave|p2a: Snorlax
|-damage|p2a: Snorlax|81/100
|move|p2a: Snorlax|Earthquake|p1a: Chandelure
|-supereffective|p1a: Chandelure
|-damage|p1a: Chandelure|18/100
|
|upkeep
|turn|5
|
|t:|1776085466
|move|p1a: Chandelure|Memento|p2a: Snorlax
|-unboost|p2a: Snorlax|atk|2
|-unboost|p2a: Snorlax|spa|2
|faint|p1a: Chandelure
|move|p2a: Snorlax|Earthquake|p1: Chandelure|[notarget]
|-fail|p2a: Snorlax
|
|upkeep
|
|t:|1776085479
|switch|p1a: Meowscarada|Meowscarada, F|100/100
|turn|6
|
|t:|1776085482
|switch|p2a: Scizor|Scizor, M|100/100
|move|p1a: Meowscarada|Brick Break|p2a: Scizor
|-start|p1a: Meowscarada|typechange|Fighting|[from] ability: Protean
|-damage|p2a: Scizor|65/100
|
|upkeep
|turn|7
|inactive|milkified._.snow has 120 seconds left.
|
|t:|1776085521
|move|p1a: Meowscarada|Brick Break|p2a: Scizor
|-damage|p2a: Scizor|32/100
|move|p2a: Scizor|U-turn|p1a: Meowscarada
|-resisted|p1a: Meowscarada
|-damage|p1a: Meowscarada|53/100
|
|t:|1776085530
|switch|p2a: Enamorus|Enamorus, F|100/100|[from] U-turn
|
|upkeep
|turn|8
|inactive|milkified._.snow has 120 seconds left.
|
|t:|1776085541
|switch|p1a: Ninetales|Ninetales-Alola, F|100/100
|-weather|Snowscape|[from] ability: Snow Warning|[of] p1a: Ninetales
|move|p2a: Enamorus|Moonblast|p1a: Ninetales
|-damage|p1a: Ninetales|43/100
|
|-weather|Snowscape|[upkeep]
|upkeep
|turn|9
|inactive|milkified._.snow has 120 seconds left.
|
|t:|1776085557
|move|p2a: Enamorus|Moonblast|p1a: Ninetales
|-damage|p1a: Ninetales|0 fnt
|faint|p1a: Ninetales
|
|-weather|Snowscape|[upkeep]
|upkeep
|
|t:|1776085564
|switch|p1a: Minior|Minior|100/100
|-formechange|p1a: Minior|Minior-Meteor||[from] ability: Shields Down
|turn|10
|
|t:|1776085573
|switch|p2a: Dondozo|Dondozo, M|100/100
|move|p1a: Minior|Shell Smash|p1a: Minior
|-unboost|p1a: Minior|def|1
|-unboost|p1a: Minior|spd|1
|-boost|p1a: Minior|atk|2
|-boost|p1a: Minior|spa|2
|-boost|p1a: Minior|spe|2
|-enditem|p1a: Minior|White Herb
|-clearnegativeboost|p1a: Minior|[silent]
|
|-weather|Snowscape|[upkeep]
|upkeep
|turn|11
|
|t:|1776085585
|move|p1a: Minior|Acrobatics|p2a: Dondozo
|-damage|p2a: Dondozo|84/100
|move|p2a: Dondozo|Liquidation|p1a: Minior
|-supereffective|p1a: Minior
|-damage|p1a: Minior|20/100
|-unboost|p1a: Minior|def|1
|
|-weather|Snowscape|[upkeep]
|-formechange|p1a: Minior|Minior||[from] ability: Shields Down
|upkeep
|turn|12
|
|t:|1776085594
|move|p1a: Minior|Acrobatics|p2a: Dondozo
|-damage|p2a: Dondozo|60/100
|move|p2a: Dondozo|Liquidation|p1a: Minior
|-supereffective|p1a: Minior
|-damage|p1a: Minior|0 fnt
|faint|p1a: Minior
|
|-weather|none
|upkeep
|
|t:|1776085602
|switch|p1a: Meowscarada|Meowscarada, F|53/100
|turn|13
|
|t:|1776085608
|switch|p2a: Enamorus|Enamorus, F|100/100
|move|p1a: Meowscarada|Flower Trick|p2a: Enamorus
|-start|p1a: Meowscarada|typechange|Grass|[from] ability: Protean
|-resisted|p2a: Enamorus
|-crit|p2a: Enamorus
|-damage|p2a: Enamorus|59/100
|
|upkeep
|turn|14
|
|t:|1776085619
|move|p2a: Enamorus|Moonblast|p1a: Meowscarada
|-damage|p1a: Meowscarada|0 fnt
|faint|p1a: Meowscarada
|
|upkeep
|
|t:|1776085624
|switch|p1a: Pawmot|Pawmot, F|100/100
|turn|15
|
|t:|1776085634
|move|p2a: Enamorus|Moonblast|p1a: Pawmot
|-supereffective|p1a: Pawmot
|-damage|p1a: Pawmot|0 fnt
|faint|p1a: Pawmot
|
|upkeep
|
|t:|1776085638
|switch|p1a: Maushold|Maushold-Four|100/100
|turn|16
|
|t:|1776085645
|-terastallize|p2a: Enamorus|Fairy
|-terastallize|p1a: Maushold|Normal
|move|p2a: Enamorus|Moonblast|p1a: Maushold
|-damage|p1a: Maushold|0 fnt
|faint|p1a: Maushold
|
|win|vcntcrzz
|raw|milkified._.snow's rating: 1080 &rarr; <strong>1060</strong><br />(-20 for losing)
|raw|vcntcrzz's rating: 1109 &rarr; <strong>1132</strong><br />(+23 for winning)
|l|‽milkified._.snow
|player|p1|
|l|‽vcntcrzz
|player|p2|
