|html|<div class="broadcast-blue"><strong>[Gen 9] OU is currently suspecting Tera Blast! For information on how to participate check out the <a href="https://www.smogon.com/tools/suspects/view/200">suspect thread</a>.</strong></div>
|j|☆ninomiya07
|j|☆jakepauler1
|t:|1776234686
|gametype|singles
|player|p1|ninomiya07|1|1454
|player|p2|jakepauler1|giovanni|1484
|gen|9
|tier|[Gen 9] OU
|rated|
|rule|HP Percentage Mod: HP is shown in percentages
|rule|Endless Battle Clause: Forcing endless battles is banned
|rule|Species Clause: Limit one of each Pokémon
|rule|OHKO Clause: OHKO moves are banned
|rule|Evasion Items Clause: Evasion items are banned
|rule|Evasion Moves Clause: Evasion moves are banned
|rule|Evasion Abilities Clause: Evasion abilities are banned
|rule|Sleep Moves Clause: Sleep-inducing moves are banned
|clearpoke
|poke|p1|Darkrai|
|poke|p1|Cinderace, F|
|poke|p1|Alomomola, F|
|poke|p1|Muk-Alola, F|
|poke|p1|Dragapult, M|
|poke|p1|Zapdos-Galar|
|poke|p2|Iron Moth|
|poke|p2|Gliscor, F|
|poke|p2|Hatterene, F|
|poke|p2|Ogerpon-Wellspring, F|
|poke|p2|Raging Bolt|
|poke|p2|Zamazenta-*|
|teampreview
|j| ohko_smeargle
|inactive|Battle timer is ON: inactive players will automatically lose when time's up. (requested by ninomiya07)
|inactive|jakepauler1 also wants the timer to be on.
|
|t:|1776234710
|teamsize|p1|6
|teamsize|p2|6
|start
|switch|p1a: Darkrai|Darkrai|100/100
|switch|p2a: suspicious cabbage|Zamazenta|100/100
|-ability|p2a: suspicious cabbage|Dauntless Shield|boost
|-boost|p2a: suspicious cabbage|def|1
|turn|1
|
|t:|1776234715
|switch|p1a: Alomomola|Alomomola, F|100/100
|move|p2a: suspicious cabbage|Light Screen|p2a: suspicious cabbage
|-sidestart|p2: jakepauler1|move: Light Screen
|
|upkeep
|turn|2
|
|t:|1776234720
|switch|p2a: chadwick|Ogerpon-Wellspring, F|100/100
|move|p1a: Alomomola|Flip Turn|p2a: chadwick
|-immune|p2a: chadwick|[from] ability: Water Absorb
|
|upkeep
|turn|3
|
|t:|1776234727
|switch|p1a: Dragapult|Dragapult, M|100/100
|move|p2a: chadwick|Trailblaze|p1a: Dragapult
|-resisted|p1a: Dragapult
|-damage|p1a: Dragapult|80/100
|-boost|p2a: chadwick|spe|1
|
|upkeep
|turn|4
|
|t:|1776234734
|move|p2a: chadwick|Swords Dance|p2a: chadwick
|-boost|p2a: chadwick|atk|2
|move|p1a: Dragapult|Will-O-Wisp|p2a: chadwick
|-status|p2a: chadwick|brn
|
|-damage|p2a: chadwick|95/100 brn|[from] brn
|upkeep
|turn|5
|
|t:|1776234752
|switch|p1a: Alomomola|Alomomola, F|100/100
|move|p2a: chadwick|Encore||[still]
|-fail|p2a: chadwick
|
|-damage|p2a: chadwick|89/100 brn|[from] brn
|upkeep
|turn|6
|
|t:|1776234763
|switch|p1a: Muk|Muk-Alola, F|100/100
|move|p2a: chadwick|Swords Dance|p2a: chadwick
|-boost|p2a: chadwick|atk|2
|
|-damage|p2a: chadwick|83/100 brn|[from] brn
|upkeep
|turn|7
|
|t:|1776234771
|move|p2a: chadwick|Swords Dance|p2a: chadwick
|-boost|p2a: chadwick|atk|2
|move|p1a: Muk|Poison Jab|p2a: chadwick
|-supereffective|p2a: chadwick
|-damage|p2a: chadwick|2/100 brn
|
|-damage|p2a: chadwick|0 fnt|[from] brn
|faint|p2a: chadwick
|upkeep
|
|t:|1776234779
|switch|p2a: purple raymond|Gliscor, F|100/100
|turn|8
|
|t:|1776234783
|move|p2a: purple raymond|Agility|p2a: purple raymond
|-boost|p2a: purple raymond|spe|2
|move|p1a: Muk|Ice Punch|p2a: purple raymond
|-supereffective|p2a: purple raymond
|-damage|p2a: purple raymond|41/100
|
|-sideend|p2: jakepauler1|move: Light Screen
|-status|p2a: purple raymond|tox|[from] item: Toxic Orb
|upkeep
|turn|9
|
|t:|1776234794
|-terastallize|p2a: purple raymond|Normal
|move|p2a: purple raymond|Swords Dance|p2a: purple raymond
|-boost|p2a: purple raymond|atk|2
|move|p1a: Muk|Ice Punch|p2a: purple raymond
|-damage|p2a: purple raymond|25/100 tox
|
|-heal|p2a: purple raymond|37/100 tox|[from] ability: Poison Heal
|upkeep
|turn|10
|
|t:|1776234813
|move|p2a: purple raymond|Earthquake|p1a: Muk
|-supereffective|p1a: Muk
|-damage|p1a: Muk|0 fnt
|faint|p1a: Muk
|
|-heal|p2a: purple raymond|50/100 tox|[from] ability: Poison Heal
|upkeep
|
|t:|1776234820
|switch|p1a: Zapdos|Zapdos-Galar|100/100
|turn|11
|
|t:|1776234824
|move|p2a: purple raymond|Facade|p1a: Zapdos
|-damage|p1a: Zapdos|0 fnt
|faint|p1a: Zapdos
|
|-heal|p2a: purple raymond|62/100 tox|[from] ability: Poison Heal
|upkeep
|
|t:|1776234833
|switch|p1a: Alomomola|Alomomola, F|100/100
|turn|12
|
|t:|1776234836
|move|p2a: purple raymond|Facade|p1a: Alomomola
|-damage|p1a: Alomomola|29/100
|-damage|p2a: purple raymond|45/100 tox|[from] item: Rocky Helmet|[of] p1a: Alomomola
|move|p1a: Alomomola|Scald|p2a: purple raymond
|-damage|p2a: purple raymond|29/100 tox
|
|-heal|p2a: purple raymond|42/100 tox|[from] ability: Poison Heal
|upkeep
|turn|13
|
|t:|1776234840
|move|p2a: purple raymond|Facade|p1a: Alomomola
|-damage|p1a: Alomomola|0 fnt
|-damage|p2a: purple raymond|25/100 tox|[from] item: Rocky Helmet|[of] p1a: Alomomola
|faint|p1a: Alomomola
|
|-heal|p2a: purple raymond|37/100 tox|[from] ability: Poison Heal
|upkeep
|
|t:|1776234863
|switch|p1a: Darkrai|Darkrai|100/100
|turn|14
|
|t:|1776234868
|switch|p1a: Dragapult|Dragapult, M|80/100
|move|p2a: purple raymond|Facade|p1a: Dragapult
|-immune|p1a: Dragapult
|
|-heal|p2a: purple raymond|50/100 tox|[from] ability: Poison Heal
|upkeep
|turn|15
|
|t:|1776234874
|move|p2a: purple raymond|Earthquake|p1a: Dragapult
|-damage|p1a: Dragapult|0 fnt
|faint|p1a: Dragapult
|
|-heal|p2a: purple raymond|62/100 tox|[from] ability: Poison Heal
|upkeep
|-message|ninomiya07 forfeited.
|
|win|jakepauler1
|raw|ninomiya07's rating: 1454 &rarr; <strong>1436</strong><br />(-18 for losing)
|raw|jakepauler1's rating: 1484 &rarr; <strong>1502</strong><br />(+18 for winning)
|l|☆ninomiya07
|player|p1|
