|html|<div class="broadcast-blue"><strong>[Gen 9] OU is currently suspecting Tera Blast! For information on how to participate check out the <a href="https://www.smogon.com/tools/suspects/view/200">suspect thread</a>.</strong></div>
|j|☆AdrexTS
|j|☆Waterutalkingabout
|t:|1776057582
|gametype|singles
|player|p1|AdrexTS|lusamine-nihilego|1364
|player|p2|Waterutalkingabout|2|1383
|gen|9
|tier|[Gen 9] OU
|rated|
|rule|HP Percentage Mod: HP is shown in percentages
|rule|Endless Battle Clause: Forcing endless battles is banned
|rule|Species Clause: Limit one of each Pokémon
|rule|OHKO Clause: OHKO moves are banned
|rule|Evasion Items Clause: Evasion items are banned
|rule|Evasion Moves Clause: Evasion moves are banned
|rule|Evasion Abilities Clause: Evasion abilities are banned
|rule|Sleep Moves Clause: Sleep-inducing moves are banned
|clearpoke
|poke|p1|Dragapult, M|
|poke|p1|Mimikyu, M|
|poke|p1|Gengar, M|
|poke|p1|Pecharunt|
|poke|p1|Zoroark-Hisui, F|
|poke|p1|Ceruledge, M|
|poke|p2|Crabominable, F|
|poke|p2|Deoxys-Defense|
|poke|p2|Hoopa-Unbound|
|poke|p2|Ursaluna, F|
|poke|p2|Cinderace, M|
|poke|p2|Diancie|
|teampreview
|inactive|Battle timer is ON: inactive players will automatically lose when time's up. (requested by AdrexTS)
|
|t:|1776057591
|teamsize|p1|6
|teamsize|p2|6
|start
|switch|p1a: Gengar|Gengar, M|100/100
|switch|p2a: Crabominable|Crabominable, F|100/100
|turn|1
|
|t:|1776057598
|move|p1a: Gengar|Nasty Plot|p1a: Gengar
|-boost|p1a: Gengar|spa|2
|move|p2a: Crabominable|Knock Off|p1a: Gengar
|-supereffective|p1a: Gengar
|-enditem|p1a: Gengar|Focus Sash
|-damage|p1a: Gengar|1/100
|replace|p1a: Zoroark|Zoroark-Hisui, F, shiny
|-end|p1a: Zoroark|Illusion
|-damage|p2a: Crabominable|91/100|[from] item: Life Orb
|
|upkeep
|turn|2
|
|t:|1776057609
|move|p1a: Zoroark|Focus Blast|p2a: Crabominable|[miss]
|-miss|p1a: Zoroark|p2a: Crabominable
|move|p2a: Crabominable|Knock Off|p1a: Zoroark
|-supereffective|p1a: Zoroark
|-damage|p1a: Zoroark|0 fnt
|faint|p1a: Zoroark
|-damage|p2a: Crabominable|81/100|[from] item: Life Orb
|
|upkeep
|
|t:|1776057612
|switch|p1a: Gengar|Gengar, M|100/100
|turn|3
|
|t:|1776057615
|move|p1a: Gengar|Focus Blast|p2a: Crabominable
|-supereffective|p2a: Crabominable
|-damage|p2a: Crabominable|0 fnt
|faint|p2a: Crabominable
|-damage|p1a: Gengar|91/100|[from] item: Life Orb
|
|upkeep
|
|t:|1776057619
|switch|p2a: Cinderace|Cinderace, M|100/100
|turn|4
|
|t:|1776057627
|move|p2a: Cinderace|Sucker Punch|p1a: Gengar
|-start|p2a: Cinderace|typechange|Dark|[from] ability: Libero
|-supereffective|p1a: Gengar
|-damage|p1a: Gengar|0 fnt
|faint|p1a: Gengar
|
|upkeep
|
|t:|1776057632
|switch|p1a: Pecharunt|Pecharunt|100/100
|turn|5
|
|t:|1776057640
|move|p2a: Cinderace|U-turn|p1a: Pecharunt
|-resisted|p1a: Pecharunt
|-damage|p1a: Pecharunt|98/100
|-damage|p2a: Cinderace|84/100|[from] item: Rocky Helmet|[of] p1a: Pecharunt
|
|t:|1776057643
|switch|p2a: Deoxys|Deoxys-Defense|100/100|[from] U-turn
|-ability|p2a: Deoxys|Pressure
|move|p1a: Pecharunt|Malignant Chain|p2a: Deoxys
|-damage|p2a: Deoxys|76/100
|
|upkeep
|turn|6
|
|t:|1776057646
|move|p1a: Pecharunt|Parting Shot|p2a: Deoxys
|-unboost|p2a: Deoxys|atk|1
|-unboost|p2a: Deoxys|spa|1
|
|t:|1776057649
|switch|p1a: Dragapult|Dragapult, M|100/100|[from] Parting Shot
|move|p2a: Deoxys|Trick Room|p2a: Deoxys
|-fieldstart|move: Trick Room|[of] p2a: Deoxys
|
|upkeep
|turn|7
|
|t:|1776057653
|move|p1a: Dragapult|Phantom Force||[still]
|-prepare|p1a: Dragapult|Phantom Force
|move|p2a: Deoxys|Teleport|p2a: Deoxys
|
|t:|1776057655
|switch|p2a: Ursaluna|Ursaluna, F|100/100|[from] Teleport
|
|-status|p2a: Ursaluna|brn|[from] item: Flame Orb
|upkeep
|turn|8
|
|t:|1776057665
|move|p2a: Ursaluna|Bulk Up|p2a: Ursaluna
|-boost|p2a: Ursaluna|atk|1
|-boost|p2a: Ursaluna|def|1
|move|p1a: Dragapult|Phantom Force|p2a: Ursaluna|[from] lockedmove
|-immune|p2a: Ursaluna
|
|-damage|p2a: Ursaluna|94/100 brn|[from] brn
|upkeep
|turn|9
|
|t:|1776057672
|move|p2a: Ursaluna|Crunch|p1a: Dragapult
|-supereffective|p1a: Dragapult
|-damage|p1a: Dragapult|0 fnt
|faint|p1a: Dragapult
|
|-damage|p2a: Ursaluna|88/100 brn|[from] brn
|upkeep
|
|t:|1776057676
|switch|p1a: Mimikyu|Mimikyu, M|100/100
|turn|10
|
|t:|1776057680
|move|p2a: Ursaluna|Crunch|p1a: Mimikyu
|-activate|p1a: Mimikyu|ability: Disguise
|-damage|p1a: Mimikyu|100/100
|detailschange|p1a: Mimikyu|Mimikyu-Busted, M
|-damage|p1a: Mimikyu|88/100|[from] pokemon: Mimikyu-Busted
|-enditem|p1a: Mimikyu|Red Card|[of] p2a: Ursaluna
|drag|p2a: Deoxys|Deoxys-Defense|76/100
|-ability|p2a: Deoxys|Pressure
|move|p1a: Mimikyu|Bulk Up|p1a: Mimikyu
|-boost|p1a: Mimikyu|atk|1
|-boost|p1a: Mimikyu|def|1
|
|-fieldend|move: Trick Room
|upkeep
|turn|11
|
|t:|1776057695
|move|p1a: Mimikyu|Bulk Up|p1a: Mimikyu
|-boost|p1a: Mimikyu|atk|1
|-boost|p1a: Mimikyu|def|1
|move|p2a: Deoxys|Trick Room|p2a: Deoxys
|-fieldstart|move: Trick Room|[of] p2a: Deoxys
|
|upkeep
|turn|12
|
|t:|1776057698
|move|p1a: Mimikyu|Drain Punch|p2a: Deoxys
|-resisted|p2a: Deoxys
|-damage|p2a: Deoxys|64/100
|-heal|p1a: Mimikyu|96/100|[from] drain|[of] p2a: Deoxys
|move|p2a: Deoxys|Teleport|p2a: Deoxys
|
|t:|1776057700
|switch|p2a: Ursaluna|Ursaluna, F|88/100 brn|[from] Teleport
|
|-damage|p2a: Ursaluna|82/100 brn|[from] brn
|upkeep
|turn|13
|
|t:|1776057704
|move|p2a: Ursaluna|Headlong Rush|p1a: Mimikyu
|-damage|p1a: Mimikyu|0 fnt
|-unboost|p2a: Ursaluna|def|1
|-unboost|p2a: Ursaluna|spd|1
|faint|p1a: Mimikyu
|
|-damage|p2a: Ursaluna|75/100 brn|[from] brn
|upkeep
|
|t:|1776057709
|switch|p1a: Ceruledge|Ceruledge, M|100/100
|turn|14
|
|t:|1776057711
|-terastallize|p1a: Ceruledge|Bug
|move|p2a: Ursaluna|Headlong Rush|p1a: Ceruledge
|-resisted|p1a: Ceruledge
|-damage|p1a: Ceruledge|32/100
|-unboost|p2a: Ursaluna|def|1
|-unboost|p2a: Ursaluna|spd|1
|move|p1a: Ceruledge|Bulk Up|p1a: Ceruledge
|-boost|p1a: Ceruledge|atk|1
|-boost|p1a: Ceruledge|def|1
|
|-damage|p2a: Ursaluna|69/100 brn|[from] brn
|upkeep
|turn|15
|
|t:|1776057714
|move|p2a: Ursaluna|Facade|p1a: Ceruledge
|-damage|p1a: Ceruledge|0 fnt
|faint|p1a: Ceruledge
|
|-damage|p2a: Ursaluna|63/100 brn|[from] brn
|-fieldend|move: Trick Room
|upkeep
|l|☆AdrexTS
|inactive|AdrexTS disconnected and has a minute to reconnect!
|player|p1|
|inactive|AdrexTS has 30 seconds to reconnect!
|inactive|AdrexTS has 20 seconds to reconnect!
|inactive|AdrexTS has 15 seconds to reconnect!
|inactive|AdrexTS has 10 seconds to reconnect!
|inactive|AdrexTS has 5 seconds to reconnect!
|-message|AdrexTS lost due to inactivity.
|
|win|Waterutalkingabout
|raw|AdrexTS's rating: 1364 &rarr; <strong>1345</strong><br />(-19 for losing)
|raw|Waterutalkingabout's rating: 1383 &rarr; <strong>1402</strong><br />(+19 for winning)
