|html|<div class="broadcast-blue"><strong>[Gen 9] OU is currently suspecting Tera Blast! For information on how to participate check out the <a href="https://www.smogon.com/tools/suspects/view/200">suspect thread</a>.</strong></div>
|j|☆washed is generous
|j|☆ChokingOnMatcha
|t:|1776285426
|gametype|singles
|player|p1|washed is generous|blue|1724
|player|p2|ChokingOnMatcha|169|1735
|gen|9
|tier|[Gen 9] OU
|rated|
|rule|HP Percentage Mod: HP is shown in percentages
|rule|Endless Battle Clause: Forcing endless battles is banned
|rule|Species Clause: Limit one of each Pokémon
|rule|OHKO Clause: OHKO moves are banned
|rule|Evasion Items Clause: Evasion items are banned
|rule|Evasion Moves Clause: Evasion moves are banned
|rule|Evasion Abilities Clause: Evasion abilities are banned
|rule|Sleep Moves Clause: Sleep-inducing moves are banned
|clearpoke
|poke|p1|Samurott-Hisui, F|
|poke|p1|Great Tusk|
|poke|p1|Gholdengo|
|poke|p1|Iron Valiant|
|poke|p1|Dragonite, F|
|poke|p1|Enamorus, F|
|poke|p2|Hippowdon, M|
|poke|p2|Excadrill, M|
|poke|p2|Garganacl, M|
|poke|p2|Skarmory, F|
|poke|p2|Sinistcha|
|poke|p2|Weavile, M|
|teampreview
|j| ModernMedusa
|
|t:|1776285457
|teamsize|p1|6
|teamsize|p2|6
|start
|switch|p1a: Gholdengo|Gholdengo|100/100
|switch|p2a: Skarmory|Skarmory, F|100/100
|turn|1
|
|t:|1776285467
|move|p1a: Gholdengo|Trick|p2a: Skarmory
|-activate|p1a: Gholdengo|move: Trick|[of] p2a: Skarmory
|-item|p2a: Skarmory|Choice Scarf|[from] move: Trick
|-item|p1a: Gholdengo|Rocky Helmet|[from] move: Trick
|move|p2a: Skarmory|Spikes|p1a: Gholdengo
|-sidestart|p1: washed is generous|Spikes
|
|upkeep
|turn|2
|
|t:|1776285472
|switch|p2a: Hippowdon|Hippowdon, M|100/100
|-weather|Sandstorm|[from] ability: Sand Stream|[of] p2a: Hippowdon
|move|p1a: Gholdengo|Shadow Ball|p2a: Hippowdon
|-damage|p2a: Hippowdon|72/100
|
|-weather|Sandstorm|[upkeep]
|upkeep
|turn|3
|
|t:|1776285477
|switch|p1a: Samurott|Samurott-Hisui, F|100/100
|-damage|p1a: Samurott|88/100|[from] Spikes
|move|p2a: Hippowdon|Stealth Rock|p1a: Samurott
|-sidestart|p1: washed is generous|move: Stealth Rock
|
|-weather|Sandstorm|[upkeep]
|-damage|p1a: Samurott|82/100|[from] Sandstorm
|upkeep
|turn|4
|
|t:|1776285483
|move|p1a: Samurott|Ceaseless Edge|p2a: Hippowdon
|-damage|p2a: Hippowdon|41/100
|-sidestart|p2: ChokingOnMatcha|Spikes
|move|p2a: Hippowdon|Earthquake|p1a: Samurott
|-damage|p1a: Samurott|38/100
|
|-weather|Sandstorm|[upkeep]
|-damage|p1a: Samurott|32/100|[from] Sandstorm
|upkeep
|turn|5
|
|t:|1776285487
|switch|p2a: Skarmory|Skarmory, F|100/100
|move|p1a: Samurott|Ceaseless Edge|p2a: Skarmory
|-damage|p2a: Skarmory|72/100
|-sidestart|p2: ChokingOnMatcha|Spikes
|
|-weather|Sandstorm|[upkeep]
|-damage|p1a: Samurott|26/100|[from] Sandstorm
|upkeep
|turn|6
|
|t:|1776285492
|switch|p1a: Great Tusk|Great Tusk|100/100
|-damage|p1a: Great Tusk|88/100|[from] Spikes
|-damage|p1a: Great Tusk|85/100|[from] Stealth Rock
|move|p2a: Skarmory|Spikes|p1a: Great Tusk
|-sidestart|p1: washed is generous|Spikes
|
|-weather|Sandstorm|[upkeep]
|upkeep
|turn|7
|
|t:|1776285495
|switch|p2a: Sinistcha|Sinistcha, shiny|100/100
|move|p1a: Great Tusk|Ice Spinner|p2a: Sinistcha
|-supereffective|p2a: Sinistcha
|-damage|p2a: Sinistcha|67/100
|
|-weather|Sandstorm|[upkeep]
|-damage|p2a: Sinistcha|61/100|[from] Sandstorm
|upkeep
|turn|8
|
|t:|1776285498
|-end|p1a: Great Tusk|Protosynthesis|[silent]
|switch|p1a: Gholdengo|Gholdengo|100/100
|-damage|p1a: Gholdengo|84/100|[from] Spikes
|-damage|p1a: Gholdengo|78/100|[from] Stealth Rock
|move|p2a: Sinistcha|Shadow Ball|p1a: Gholdengo
|-supereffective|p1a: Gholdengo
|-damage|p1a: Gholdengo|0 fnt
|faint|p1a: Gholdengo
|
|-weather|Sandstorm|[upkeep]
|-damage|p2a: Sinistcha|55/100|[from] Sandstorm
|upkeep
|
|t:|1776285501
|switch|p1a: Enamorus|Enamorus, F|100/100
|turn|9
|
|t:|1776285505
|switch|p2a: Skarmory|Skarmory, F|72/100
|move|p1a: Enamorus|Moonblast|p2a: Skarmory
|-resisted|p2a: Skarmory
|-damage|p2a: Skarmory|35/100
|
|-weather|none
|upkeep
|turn|10
|
|t:|1776285508
|move|p1a: Enamorus|Moonblast|p2a: Skarmory
|-resisted|p2a: Skarmory
|-damage|p2a: Skarmory|0 fnt
|faint|p2a: Skarmory
|
|upkeep
|
|t:|1776285512
|switch|p2a: Excadrill|Excadrill, M|100/100
|-item|p2a: Excadrill|Air Balloon
|turn|11
|
|t:|1776285515
|move|p1a: Enamorus|Superpower|p2a: Excadrill
|-supereffective|p2a: Excadrill
|-damage|p2a: Excadrill|7/100
|-boost|p1a: Enamorus|atk|1
|-boost|p1a: Enamorus|def|1
|-enditem|p2a: Excadrill|Air Balloon
|move|p2a: Excadrill|Rapid Spin|p1a: Enamorus
|-crit|p1a: Enamorus
|-damage|p1a: Enamorus|52/100
|-boost|p2a: Excadrill|spe|1
|-sideend|p2: ChokingOnMatcha|Spikes|[from] move: Rapid Spin|[of] p2a: Excadrill
|
|upkeep
|turn|12
|
|t:|1776285524
|switch|p1a: Great Tusk|Great Tusk|85/100
|-damage|p1a: Great Tusk|69/100|[from] Spikes
|-damage|p1a: Great Tusk|66/100|[from] Stealth Rock
|move|p2a: Excadrill|Iron Head|p1a: Great Tusk
|-damage|p1a: Great Tusk|39/100
|-damage|p2a: Excadrill|0 fnt|[from] item: Rocky Helmet|[of] p1a: Great Tusk
|faint|p2a: Excadrill
|
|upkeep
|
|t:|1776285535
|switch|p2a: Sinistcha|Sinistcha, shiny|55/100
|turn|13
|
|t:|1776285538
|-end|p1a: Great Tusk|Protosynthesis|[silent]
|switch|p1a: Samurott|Samurott-Hisui, F|26/100
|-damage|p1a: Samurott|10/100|[from] Spikes
|-damage|p1a: Samurott|0 fnt|[from] Stealth Rock
|faint|p1a: Samurott
|move|p2a: Sinistcha|Strength Sap|p1: Samurott|[notarget]
|-fail|p2a: Sinistcha
|
|upkeep
|
|t:|1776285540
|switch|p1a: Enamorus|Enamorus, F|52/100
|turn|14
|
|t:|1776285543
|switch|p2a: Hippowdon|Hippowdon, M|41/100
|-weather|Sandstorm|[from] ability: Sand Stream|[of] p2a: Hippowdon
|move|p1a: Enamorus|Moonblast|p2a: Hippowdon
|-damage|p2a: Hippowdon|0 fnt
|faint|p2a: Hippowdon
|
|-weather|Sandstorm|[upkeep]
|-damage|p1a: Enamorus|46/100|[from] Sandstorm
|upkeep
|
|t:|1776285547
|switch|p2a: Weavile|Weavile, M, shiny|100/100
|-ability|p2a: Weavile|Pressure
|turn|15
|
|t:|1776285549
|switch|p1a: Great Tusk|Great Tusk|39/100
|-damage|p1a: Great Tusk|22/100|[from] Spikes
|-damage|p1a: Great Tusk|19/100|[from] Stealth Rock
|move|p2a: Weavile|Triple Axel|p1a: Great Tusk|[miss]
|-miss|p2a: Weavile|p1a: Great Tusk
|
|-weather|Sandstorm|[upkeep]
|-damage|p2a: Weavile|94/100|[from] Sandstorm
|upkeep
|turn|16
|
|t:|1776285554
|move|p2a: Weavile|Ice Shard|p1a: Great Tusk
|-supereffective|p1a: Great Tusk
|-damage|p1a: Great Tusk|0 fnt
|faint|p1a: Great Tusk
|-end|p1a: Great Tusk|Protosynthesis|[silent]
|
|-weather|Sandstorm|[upkeep]
|-damage|p2a: Weavile|88/100|[from] Sandstorm
|upkeep
|
|t:|1776285558
|switch|p1a: Iron Valiant|Iron Valiant|100/100
|-damage|p1a: Iron Valiant|84/100|[from] Spikes
|-damage|p1a: Iron Valiant|78/100|[from] Stealth Rock
|-enditem|p1a: Iron Valiant|Booster Energy
|-activate|p1a: Iron Valiant|ability: Quark Drive|[fromitem]
|-start|p1a: Iron Valiant|quarkdrivespe
|turn|17
|
|t:|1776285564
|move|p2a: Weavile|Ice Shard|p1a: Iron Valiant
|-crit|p1a: Iron Valiant
|-damage|p1a: Iron Valiant|41/100
|move|p1a: Iron Valiant|Moonblast|p2a: Weavile
|-supereffective|p2a: Weavile
|-damage|p2a: Weavile|0 fnt
|faint|p2a: Weavile
|
|-weather|Sandstorm|[upkeep]
|-damage|p1a: Iron Valiant|35/100|[from] Sandstorm
|upkeep
|
|t:|1776285567
|switch|p2a: Garganacl|Garganacl, M, shiny|100/100
|turn|18
|
|t:|1776285569
|move|p1a: Iron Valiant|Close Combat|p2a: Garganacl
|-supereffective|p2a: Garganacl
|-damage|p2a: Garganacl|20/100
|-unboost|p1a: Iron Valiant|def|1
|-unboost|p1a: Iron Valiant|spd|1
|move|p2a: Garganacl|Salt Cure|p1a: Iron Valiant
|-resisted|p1a: Iron Valiant
|-damage|p1a: Iron Valiant|22/100
|-start|p1a: Iron Valiant|Salt Cure
|
|-weather|Sandstorm|[upkeep]
|-damage|p1a: Iron Valiant|16/100|[from] Sandstorm
|-heal|p2a: Garganacl|26/100|[from] item: Leftovers
|-damage|p1a: Iron Valiant|3/100|[from] Salt Cure
|upkeep
|turn|19
|
|t:|1776285577
|-terastallize|p2a: Garganacl|Water
|move|p1a: Iron Valiant|Moonblast|p2a: Garganacl
|-damage|p2a: Garganacl|0 fnt
|faint|p2a: Garganacl
|
|-weather|Sandstorm|[upkeep]
|-damage|p1a: Iron Valiant|0 fnt|[from] Sandstorm
|faint|p1a: Iron Valiant
|-end|p1a: Iron Valiant|Quark Drive|[silent]
|upkeep
|-message|ChokingOnMatcha forfeited.
|
|win|washed is generous
|raw|washed is generous's rating: 1738 &rarr; <strong>1758</strong><br />(+20 for winning)
|raw|ChokingOnMatcha's rating: 1735 &rarr; <strong>1715</strong><br />(-20 for losing)
|l|☆ChokingOnMatcha
|player|p2|
