|html|<div class="broadcast-blue"><strong>[Gen 9] OU is currently suspecting Tera Blast! For information on how to participate check out the <a href="https://www.smogon.com/tools/suspects/view/200">suspect thread</a>.</strong></div>
|j|☆cachowcapow
|j|☆OP Earthquakes
|t:|1776156621
|gametype|singles
|player|p1|cachowcapow|2|1676
|player|p2|OP Earthquakes|giovanni-masters|1735
|gen|9
|tier|[Gen 9] OU
|rated|
|rule|HP Percentage Mod: HP is shown in percentages
|rule|Endless Battle Clause: Forcing endless battles is banned
|rule|Species Clause: Limit one of each Pokémon
|rule|OHKO Clause: OHKO moves are banned
|rule|Evasion Items Clause: Evasion items are banned
|rule|Evasion Moves Clause: Evasion moves are banned
|rule|Evasion Abilities Clause: Evasion abilities are banned
|rule|Sleep Moves Clause: Sleep-inducing moves are banned
|clearpoke
|poke|p1|Dragapult, F|
|poke|p1|Slither Wing|
|poke|p1|Maushold-Four|
|poke|p1|Mew|
|poke|p1|Weavile, M|
|poke|p1|Alomomola, F|
|poke|p2|Excadrill, M|
|poke|p2|Tyranitar, F|
|poke|p2|Hawlucha, M|
|poke|p2|Pawmot, F|
|poke|p2|Enamorus, F|
|poke|p2|Ninetales-Alola, F|
|teampreview
|inactive|Battle timer is ON: inactive players will automatically lose when time's up. (requested by OP Earthquakes)
|c|☆OP Earthquakes|GLHF
|
|t:|1776156642
|teamsize|p1|6
|teamsize|p2|6
|start
|switch|p1a: Maushold|Maushold-Four|100/100
|switch|p2a: Ninetales|Ninetales-Alola, F|100/100
|-weather|Snowscape|[from] ability: Snow Warning|[of] p2a: Ninetales
|turn|1
|
|t:|1776156649
|switch|p2a: The sandstorm|Tyranitar, F, shiny|100/100
|-weather|Sandstorm|[from] ability: Sand Stream|[of] p2a: The sandstorm
|move|p1a: Maushold|Population Bomb|p2a: The sandstorm
|-resisted|p2a: The sandstorm
|-damage|p2a: The sandstorm|97/100
|-resisted|p2a: The sandstorm
|-crit|p2a: The sandstorm
|-damage|p2a: The sandstorm|91/100
|-resisted|p2a: The sandstorm
|-damage|p2a: The sandstorm|87/100
|-resisted|p2a: The sandstorm
|-damage|p2a: The sandstorm|84/100
|-resisted|p2a: The sandstorm
|-damage|p2a: The sandstorm|80/100
|-resisted|p2a: The sandstorm
|-damage|p2a: The sandstorm|76/100
|-resisted|p2a: The sandstorm
|-damage|p2a: The sandstorm|72/100
|-resisted|p2a: The sandstorm
|-damage|p2a: The sandstorm|68/100
|-resisted|p2a: The sandstorm
|-damage|p2a: The sandstorm|64/100
|-resisted|p2a: The sandstorm
|-damage|p2a: The sandstorm|60/100
|-hitcount|p2a: The sandstorm|10
|
|-weather|Sandstorm|[upkeep]
|-damage|p1a: Maushold|94/100|[from] Sandstorm
|upkeep
|turn|2
|c|☆cachowcapow|u2
|
|t:|1776156656
|switch|p1a: Slither Wing|Slither Wing, shiny|100/100
|switch|p2a: Itachi|Hawlucha, M, shiny|100/100
|-ability|p2a: Itachi|Mold Breaker
|
|-weather|Sandstorm|[upkeep]
|-damage|p2a: Itachi|94/100|[from] Sandstorm
|-damage|p1a: Slither Wing|94/100|[from] Sandstorm
|upkeep
|turn|3
|
|t:|1776156663
|-end|p1a: Slither Wing|Protosynthesis|[silent]
|switch|p1a: Alomomola|Alomomola, F|100/100
|move|p2a: Itachi|Brave Bird|p1a: Alomomola
|-damage|p1a: Alomomola|69/100
|-damage|p2a: Itachi|77/100|[from] Recoil
|
|-weather|Sandstorm|[upkeep]
|-damage|p2a: Itachi|71/100|[from] Sandstorm
|-damage|p1a: Alomomola|63/100|[from] Sandstorm
|upkeep
|turn|4
|j| iwnsjsisjsj
|inactive|OP Earthquakes has 120 seconds left.
|
|t:|1776156698
|move|p2a: Itachi|Brave Bird|p1a: Alomomola
|-damage|p1a: Alomomola|30/100
|-damage|p2a: Itachi|53/100|[from] Recoil
|move|p1a: Alomomola|Flip Turn|p2a: Itachi
|-damage|p2a: Itachi|30/100
|-enditem|p2a: Itachi|Red Card|[of] p1a: Alomomola
|drag|p1a: Dragapult|Dragapult, F|100/100
|
|-weather|Sandstorm|[upkeep]
|-damage|p1a: Dragapult|95/100|[from] Sandstorm
|-damage|p2a: Itachi|24/100|[from] Sandstorm
|upkeep
|turn|5
|
|t:|1776156712
|switch|p2a: Ninetales|Ninetales-Alola, F|100/100
|-weather|Snowscape|[from] ability: Snow Warning|[of] p2a: Ninetales
|move|p1a: Dragapult|U-turn|p2a: Ninetales
|-resisted|p2a: Ninetales
|-damage|p2a: Ninetales|92/100
|
|t:|1776156715
|switch|p1a: Maushold|Maushold-Four|94/100|[from] U-turn
|
|-weather|Snowscape|[upkeep]
|upkeep
|turn|6
|inactive|OP Earthquakes has 120 seconds left.
|
|t:|1776156743
|switch|p2a: The sandstorm|Tyranitar, F, shiny|60/100
|-weather|Sandstorm|[from] ability: Sand Stream|[of] p2a: The sandstorm
|move|p1a: Maushold|Population Bomb|p2a: The sandstorm
|-resisted|p2a: The sandstorm
|-damage|p2a: The sandstorm|56/100
|-resisted|p2a: The sandstorm
|-damage|p2a: The sandstorm|52/100
|-resisted|p2a: The sandstorm
|-damage|p2a: The sandstorm|48/100
|-resisted|p2a: The sandstorm
|-damage|p2a: The sandstorm|45/100
|-resisted|p2a: The sandstorm
|-damage|p2a: The sandstorm|41/100
|-resisted|p2a: The sandstorm
|-damage|p2a: The sandstorm|37/100
|-resisted|p2a: The sandstorm
|-damage|p2a: The sandstorm|33/100
|-resisted|p2a: The sandstorm
|-damage|p2a: The sandstorm|29/100
|-resisted|p2a: The sandstorm
|-damage|p2a: The sandstorm|25/100
|-resisted|p2a: The sandstorm
|-damage|p2a: The sandstorm|21/100
|-hitcount|p2a: The sandstorm|10
|
|-weather|Sandstorm|[upkeep]
|-damage|p1a: Maushold|88/100|[from] Sandstorm
|upkeep
|turn|7
|
|t:|1776156748
|switch|p2a: Itachi|Hawlucha, M, shiny|24/100
|-ability|p2a: Itachi|Mold Breaker
|move|p1a: Maushold|Population Bomb|p2a: Itachi
|-damage|p2a: Itachi|7/100
|-damage|p2a: Itachi|0 fnt
|faint|p2a: Itachi
|-hitcount|p2: Itachi|2
|
|-weather|Sandstorm|[upkeep]
|-damage|p1a: Maushold|82/100|[from] Sandstorm
|upkeep
|
|t:|1776156750
|switch|p2a: OP|Excadrill, M|100/100
|turn|8
|
|t:|1776156754
|switch|p1a: Slither Wing|Slither Wing, shiny|94/100
|move|p2a: OP|Earthquake|p1a: Slither Wing
|-resisted|p1a: Slither Wing
|-damage|p1a: Slither Wing|58/100
|
|-weather|Sandstorm|[upkeep]
|-damage|p1a: Slither Wing|52/100|[from] Sandstorm
|upkeep
|turn|9
|
|t:|1776156779
|move|p2a: OP|Earthquake|p1a: Slither Wing
|-resisted|p1a: Slither Wing
|-damage|p1a: Slither Wing|19/100
|move|p1a: Slither Wing|U-turn|p2a: OP
|-resisted|p2a: OP
|-damage|p2a: OP|80/100
|
|t:|1776156787
|-end|p1a: Slither Wing|Protosynthesis|[silent]
|switch|p1a: Alomomola|Alomomola, F|63/100|[from] U-turn
|
|-weather|Sandstorm|[upkeep]
|-damage|p1a: Alomomola|57/100|[from] Sandstorm
|upkeep
|turn|10
|
|t:|1776156789
|move|p2a: OP|Earthquake|p1a: Alomomola
|-damage|p1a: Alomomola|0 fnt
|faint|p1a: Alomomola
|
|-weather|Sandstorm|[upkeep]
|upkeep
|
|t:|1776156796
|switch|p1a: Mew|Mew|100/100
|turn|11
|
|t:|1776156803
|switch|p1a: Slither Wing|Slither Wing, shiny|19/100
|move|p2a: OP|Earthquake|p1a: Slither Wing
|-resisted|p1a: Slither Wing
|-damage|p1a: Slither Wing|0 fnt
|faint|p1a: Slither Wing
|-end|p1a: Slither Wing|Protosynthesis|[silent]
|
|-weather|Sandstorm|[upkeep]
|upkeep
|
|t:|1776156807
|switch|p1a: Mew|Mew|100/100
|turn|12
|
|t:|1776156810
|move|p2a: OP|Earthquake|p1a: Mew
|-damage|p1a: Mew|45/100
|move|p1a: Mew|Agility|p1a: Mew
|-boost|p1a: Mew|spe|2
|
|-weather|Sandstorm|[upkeep]
|-damage|p1a: Mew|39/100|[from] Sandstorm
|upkeep
|turn|13
|
|t:|1776156823
|-terastallize|p2a: OP|Fire
|move|p2a: OP|Earthquake|p1a: Mew
|-damage|p1a: Mew|0 fnt
|faint|p1a: Mew
|
|-weather|none
|upkeep
|
|t:|1776156826
|switch|p1a: Maushold|Maushold-Four|82/100
|turn|14
|
|t:|1776156830
|switch|p2a: The sandstorm|Tyranitar, F, shiny|21/100
|-weather|Sandstorm|[from] ability: Sand Stream|[of] p2a: The sandstorm
|move|p1a: Maushold|Tidy Up|p1a: Maushold
|-boost|p1a: Maushold|atk|1
|-boost|p1a: Maushold|spe|1
|
|-weather|Sandstorm|[upkeep]
|-damage|p1a: Maushold|76/100|[from] Sandstorm
|upkeep
|turn|15
|
|t:|1776156835
|move|p1a: Maushold|Tidy Up|p1a: Maushold
|-boost|p1a: Maushold|atk|1
|-boost|p1a: Maushold|spe|1
|move|p2a: The sandstorm|Roar|p1a: Maushold
|drag|p1a: Dragapult|Dragapult, F|95/100
|
|-weather|Sandstorm|[upkeep]
|-damage|p1a: Dragapult|89/100|[from] Sandstorm
|upkeep
|turn|16
|c|☆OP Earthquakes|You wont
|c|☆OP Earthquakes|lol
|
|t:|1776156849
|move|p1a: Dragapult|U-turn|p2a: The sandstorm
|-supereffective|p2a: The sandstorm
|-damage|p2a: The sandstorm|0 fnt
|faint|p2a: The sandstorm
|
|t:|1776156855
|switch|p1a: Maushold|Maushold-Four|76/100|[from] U-turn
|
|-weather|Sandstorm|[upkeep]
|-damage|p1a: Maushold|69/100|[from] Sandstorm
|upkeep
|
|t:|1776156858
|switch|p2a: OP|Excadrill, M, tera:Fire|80/100
|turn|17
|
|t:|1776156861
|move|p2a: OP|Earthquake|p1a: Maushold
|-damage|p1a: Maushold|0 fnt
|faint|p1a: Maushold
|
|-weather|Sandstorm|[upkeep]
|upkeep
|
|t:|1776156863
|switch|p1a: Dragapult|Dragapult, F|89/100
|turn|18
|
|t:|1776156864
|move|p2a: OP|Earthquake|p1a: Dragapult
|-damage|p1a: Dragapult|0 fnt
|faint|p1a: Dragapult
|
|-weather|Sandstorm|[upkeep]
|upkeep
|-message|cachowcapow forfeited.
|
|win|OP Earthquakes
|raw|cachowcapow's rating: 1676 &rarr; <strong>1659</strong><br />(-17 for losing)
|raw|OP Earthquakes's rating: 1735 &rarr; <strong>1752</strong><br />(+17 for winning)
|l|☆cachowcapow
|player|p1|
