|html|<div class="broadcast-blue"><strong>[Gen 9] OU is currently suspecting Tera Blast! For information on how to participate check out the <a href="https://www.smogon.com/tools/suspects/view/200">suspect thread</a>.</strong></div>
|j|☆MrPr1ce
|j|☆redcted
|t:|1776074106
|gametype|singles
|player|p1|MrPr1ce|lance|1388
|player|p2|redcted|265|1406
|gen|9
|tier|[Gen 9] OU
|rated|
|rule|HP Percentage Mod: HP is shown in percentages
|rule|Endless Battle Clause: Forcing endless battles is banned
|rule|Species Clause: Limit one of each Pokémon
|rule|OHKO Clause: OHKO moves are banned
|rule|Evasion Items Clause: Evasion items are banned
|rule|Evasion Moves Clause: Evasion moves are banned
|rule|Evasion Abilities Clause: Evasion abilities are banned
|rule|Sleep Moves Clause: Sleep-inducing moves are banned
|clearpoke
|poke|p1|Gliscor, F|
|poke|p1|Dragonite, M|
|poke|p1|Iron Valiant|
|poke|p1|Slowking-Galar, M|
|poke|p1|Great Tusk|
|poke|p1|Primarina, F|
|poke|p2|Blaziken, M|
|poke|p2|Whimsicott, F|
|poke|p2|Kingambit, F|
|poke|p2|Iron Valiant|
|poke|p2|Kyurem|
|poke|p2|Ceruledge, M|
|teampreview
|inactive|Battle timer is ON: inactive players will automatically lose when time's up. (requested by MrPr1ce)
|
|t:|1776074111
|teamsize|p1|6
|teamsize|p2|6
|start
|switch|p1a: Turn turn|Great Tusk|100/100
|switch|p2a: Whimsicott|Whimsicott, F|100/100
|turn|1
|
|t:|1776074117
|move|p2a: Whimsicott|Taunt|p1a: Turn turn
|-start|p1a: Turn turn|move: Taunt
|cant|p1a: Turn turn|move: Taunt|Stealth Rock
|
|upkeep
|turn|2
|
|t:|1776074133
|move|p2a: Whimsicott|Memento|p1a: Turn turn
|-unboost|p1a: Turn turn|atk|2
|-unboost|p1a: Turn turn|spa|2
|faint|p2a: Whimsicott
|move|p1a: Turn turn|Knock Off|p2: Whimsicott|[notarget]
|-fail|p1a: Turn turn
|
|upkeep
|
|t:|1776074144
|switch|p2a: Kyurem|Kyurem|100/100
|-ability|p2a: Kyurem|Pressure
|turn|3
|
|t:|1776074150
|-end|p1a: Turn turn|Protosynthesis|[silent]
|switch|p1a: 1st time|Primarina, F, shiny|100/100
|move|p2a: Kyurem|Dragon Dance|p2a: Kyurem
|-boost|p2a: Kyurem|atk|1
|-boost|p2a: Kyurem|spe|1
|
|upkeep
|turn|4
|
|t:|1776074157
|-terastallize|p2a: Kyurem|Ice
|move|p2a: Kyurem|Dragon Dance|p2a: Kyurem
|-boost|p2a: Kyurem|atk|1
|-boost|p2a: Kyurem|spe|1
|move|p1a: 1st time|Moonblast|p2a: Kyurem
|-damage|p2a: Kyurem|50/100
|
|upkeep
|turn|5
|
|t:|1776074185
|-terastallize|p1a: 1st time|Steel
|move|p2a: Kyurem|Freeze-Dry|p1a: 1st time
|-resisted|p1a: 1st time
|-crit|p1a: 1st time
|-damage|p1a: 1st time|65/100
|move|p1a: 1st time|Moonblast|p2a: Kyurem
|-damage|p2a: Kyurem|0 fnt
|faint|p2a: Kyurem
|
|-heal|p1a: 1st time|71/100|[from] item: Leftovers
|upkeep
|
|t:|1776074189
|switch|p2a: Blaziken|Blaziken, M|100/100
|turn|6
|
|t:|1776074194
|move|p2a: Blaziken|Flare Blitz|p1a: 1st time
|-supereffective|p1a: 1st time
|-damage|p1a: 1st time|0 fnt
|faint|p1a: 1st time
|-damage|p2a: Blaziken|76/100|[from] Recoil
|-damage|p2a: Blaziken|66/100|[from] item: Life Orb
|
|-ability|p2a: Blaziken|Speed Boost|boost
|-boost|p2a: Blaziken|spe|1
|upkeep
|
|t:|1776074199
|switch|p1a: Turn turn|Great Tusk|100/100
|turn|7
|
|t:|1776074203
|move|p2a: Blaziken|Flare Blitz|p1a: Turn turn
|-damage|p1a: Turn turn|64/100
|-damage|p2a: Blaziken|49/100|[from] item: Rocky Helmet|[of] p1a: Turn turn
|-damage|p2a: Blaziken|32/100|[from] Recoil
|-damage|p2a: Blaziken|22/100|[from] item: Life Orb
|move|p1a: Turn turn|Stealth Rock|p2a: Blaziken
|-sidestart|p2: redcted|move: Stealth Rock
|
|-ability|p2a: Blaziken|Speed Boost|boost
|-boost|p2a: Blaziken|spe|1
|upkeep
|turn|8
|
|t:|1776074218
|move|p2a: Blaziken|Close Combat|p1a: Turn turn
|-damage|p1a: Turn turn|31/100
|-unboost|p2a: Blaziken|def|1
|-unboost|p2a: Blaziken|spd|1
|-damage|p2a: Blaziken|5/100|[from] item: Rocky Helmet|[of] p1a: Turn turn
|-damage|p2a: Blaziken|0 fnt|[from] item: Life Orb
|faint|p2a: Blaziken
|move|p1a: Turn turn|Knock Off|p2: Blaziken|[notarget]
|-fail|p1a: Turn turn
|
|upkeep
|
|t:|1776074224
|switch|p2a: Iron Valiant|Iron Valiant|100/100
|-damage|p2a: Iron Valiant|94/100|[from] Stealth Rock
|-enditem|p2a: Iron Valiant|Booster Energy
|-activate|p2a: Iron Valiant|ability: Quark Drive|[fromitem]
|-start|p2a: Iron Valiant|quarkdrivespe
|turn|9
|
|t:|1776074231
|move|p2a: Iron Valiant|Moonblast|p1a: Turn turn
|-supereffective|p1a: Turn turn
|-damage|p1a: Turn turn|0 fnt
|faint|p1a: Turn turn
|-end|p1a: Turn turn|Protosynthesis|[silent]
|
|upkeep
|
|t:|1776074238
|switch|p1a: Boom|Slowking-Galar, M|100/100
|turn|10
|
|t:|1776074241
|-end|p2a: Iron Valiant|Quark Drive|[silent]
|switch|p2a: Kingambit|Kingambit, F|100/100
|-damage|p2a: Kingambit|94/100|[from] Stealth Rock
|-activate|p2a: Kingambit|ability: Supreme Overlord
|-start|p2a: Kingambit|fallen3|[silent]
|move|p1a: Boom|Sludge Bomb|p2a: Kingambit
|-immune|p2a: Kingambit
|
|-heal|p2a: Kingambit|100/100|[from] item: Leftovers
|upkeep
|turn|11
|
|t:|1776074246
|switch|p1a: Wait|Gliscor, F, shiny|100/100
|move|p2a: Kingambit|Iron Head|p1a: Wait
|-damage|p1a: Wait|66/100
|
|-status|p1a: Wait|tox|[from] item: Toxic Orb
|upkeep
|turn|12
|
|t:|1776074250
|move|p1a: Wait|Spikes|p2a: Kingambit
|-sidestart|p2: redcted|Spikes
|move|p2a: Kingambit|Iron Head|p1a: Wait
|-damage|p1a: Wait|30/100 tox
|
|-heal|p1a: Wait|43/100 tox|[from] ability: Poison Heal
|upkeep
|turn|13
|
|t:|1776074258
|move|p1a: Wait|Earthquake|p2a: Kingambit
|-supereffective|p2a: Kingambit
|-damage|p2a: Kingambit|44/100
|move|p2a: Kingambit|Swords Dance|p2a: Kingambit
|-boost|p2a: Kingambit|atk|2
|
|-heal|p2a: Kingambit|50/100|[from] item: Leftovers
|-heal|p1a: Wait|55/100 tox|[from] ability: Poison Heal
|upkeep
|turn|14
|
|t:|1776074261
|move|p2a: Kingambit|Sucker Punch||[still]
|-fail|p2a: Kingambit
|move|p1a: Wait|Spikes|p2a: Kingambit
|-sidestart|p2: redcted|Spikes
|
|-heal|p2a: Kingambit|57/100|[from] item: Leftovers
|-heal|p1a: Wait|68/100 tox|[from] ability: Poison Heal
|upkeep
|turn|15
|
|t:|1776074264
|move|p1a: Wait|Spikes|p2a: Kingambit
|-sidestart|p2: redcted|Spikes
|move|p2a: Kingambit|Kowtow Cleave|p1a: Wait
|-damage|p1a: Wait|0 fnt
|faint|p1a: Wait
|
|-heal|p2a: Kingambit|63/100|[from] item: Leftovers
|upkeep
|
|t:|1776074268
|switch|p1a: The "Savior"|Dragonite, M, shiny|100/100
|turn|16
|
|t:|1776074272
|move|p1a: The "Savior"|Dragon Dance|p1a: The "Savior"
|-boost|p1a: The "Savior"|atk|1
|-boost|p1a: The "Savior"|spe|1
|move|p2a: Kingambit|Kowtow Cleave|p1a: The "Savior"
|-damage|p1a: The "Savior"|24/100
|
|-heal|p2a: Kingambit|69/100|[from] item: Leftovers
|upkeep
|turn|17
|
|t:|1776074276
|move|p1a: The "Savior"|Extreme Speed|p2a: Kingambit
|-resisted|p2a: Kingambit
|-damage|p2a: Kingambit|50/100
|move|p2a: Kingambit|Sucker Punch||[still]
|-fail|p2a: Kingambit
|
|-heal|p2a: Kingambit|57/100|[from] item: Leftovers
|upkeep
|turn|18
|
|t:|1776074280
|move|p2a: Kingambit|Sucker Punch|p1a: The "Savior"
|-damage|p1a: The "Savior"|0 fnt
|faint|p1a: The "Savior"
|
|-heal|p2a: Kingambit|63/100|[from] item: Leftovers
|upkeep
|
|t:|1776074285
|switch|p1a: One shot ?|Iron Valiant, shiny|100/100
|-enditem|p1a: One shot ?|Booster Energy
|-activate|p1a: One shot ?|ability: Quark Drive|[fromitem]
|-start|p1a: One shot ?|quarkdrivespe
|turn|19
|inactive|MrPr1ce has 120 seconds left.
|
|t:|1776074315
|move|p1a: One shot ?|Moonblast|p2a: Kingambit
|-damage|p2a: Kingambit|12/100
|-unboost|p2a: Kingambit|spa|1
|move|p2a: Kingambit|Iron Head|p1a: One shot ?
|-supereffective|p1a: One shot ?
|-damage|p1a: One shot ?|0 fnt
|faint|p1a: One shot ?
|-end|p1a: One shot ?|Quark Drive|[silent]
|
|-heal|p2a: Kingambit|18/100|[from] item: Leftovers
|upkeep
|
|t:|1776074318
|switch|p1a: Boom|Slowking-Galar, M|100/100
|turn|20
|c|☆redcted|legoat
|
|t:|1776074328
|move|p2a: Kingambit|Kowtow Cleave|p1a: Boom
|-supereffective|p1a: Boom
|-damage|p1a: Boom|0 fnt
|faint|p1a: Boom
|
|win|redcted
|raw|MrPr1ce's rating: 1388 &rarr; <strong>1369</strong><br />(-19 for losing)
|raw|redcted's rating: 1406 &rarr; <strong>1425</strong><br />(+19 for winning)
|l|☆MrPr1ce
|player|p1|
