|html|<div class="broadcast-blue"><strong>[Gen 9] OU is currently suspecting Tera Blast! For information on how to participate check out the <a href="https://www.smogon.com/tools/suspects/view/200">suspect thread</a>.</strong></div>
|j|☆chicoronaldo
|j|☆J.M.R.L.V.
|t:|1776172976
|gametype|singles
|player|p1|chicoronaldo|maid|1073
|player|p2|J.M.R.L.V.|265|1111
|gen|9
|tier|[Gen 9] OU
|rated|
|rule|HP Percentage Mod: HP is shown in percentages
|rule|Endless Battle Clause: Forcing endless battles is banned
|rule|Species Clause: Limit one of each Pokémon
|rule|OHKO Clause: OHKO moves are banned
|rule|Evasion Items Clause: Evasion items are banned
|rule|Evasion Moves Clause: Evasion moves are banned
|rule|Evasion Abilities Clause: Evasion abilities are banned
|rule|Sleep Moves Clause: Sleep-inducing moves are banned
|clearpoke
|poke|p1|Great Tusk|
|poke|p1|Dragonite, M|
|poke|p1|Glimmora, F|
|poke|p1|Weezing-Galar, F|
|poke|p1|Darkrai|
|poke|p1|Gholdengo|
|poke|p2|Ceruledge, F|
|poke|p2|Deoxys-Defense|
|poke|p2|Hawlucha, M|
|poke|p2|Enamorus, F|
|poke|p2|Gliscor, M|
|poke|p2|Cinderace, F|
|teampreview
|
|t:|1776172997
|teamsize|p1|6
|teamsize|p2|6
|start
|switch|p1a: Weezing|Weezing-Galar, F|100/100
|switch|p2a: Enamorus|Enamorus, F|100/100
|turn|1
|
|t:|1776173016
|switch|p2a: Gliscor|Gliscor, M|100/100
|move|p1a: Weezing|Sludge Bomb|p2a: Gliscor
|-resisted|p2a: Gliscor
|-damage|p2a: Gliscor|83/100
|
|-status|p2a: Gliscor|tox|[from] item: Toxic Orb
|upkeep
|turn|2
|
|t:|1776173031
|switch|p1a: Darkrai|Darkrai|100/100
|move|p2a: Gliscor|Stealth Rock|p1a: Darkrai
|-sidestart|p1: chicoronaldo|move: Stealth Rock
|
|-heal|p2a: Gliscor|95/100 tox|[from] ability: Poison Heal
|upkeep
|turn|3
|
|t:|1776173043
|move|p1a: Darkrai|Dark Pulse|p2a: Gliscor
|-damage|p2a: Gliscor|5/100 tox
|move|p2a: Gliscor|Toxic|p1a: Darkrai
|-status|p1a: Darkrai|tox
|
|-damage|p1a: Darkrai|94/100 tox|[from] psn
|-heal|p2a: Gliscor|17/100 tox|[from] ability: Poison Heal
|upkeep
|turn|4
|
|t:|1776173050
|move|p2a: Gliscor|Protect|p2a: Gliscor
|-singleturn|p2a: Gliscor|Protect
|move|p1a: Darkrai|Dark Pulse|p2a: Gliscor
|-activate|p2a: Gliscor|move: Protect
|
|-damage|p1a: Darkrai|82/100 tox|[from] psn
|-heal|p2a: Gliscor|30/100 tox|[from] ability: Poison Heal
|upkeep
|turn|5
|
|t:|1776173060
|switch|p1a: Glimmora|Glimmora, F|100/100
|-damage|p1a: Glimmora|88/100|[from] Stealth Rock
|switch|p2a: Hawlucha|Hawlucha, M|100/100
|
|upkeep
|turn|6
|
|t:|1776173068
|move|p2a: Hawlucha|Close Combat|p1a: Glimmora
|-damage|p1a: Glimmora|27/100
|-unboost|p2a: Hawlucha|def|1
|-unboost|p2a: Hawlucha|spd|1
|-activate|p1a: Glimmora|ability: Toxic Debris
|-sidestart|p2: J.M.R.L.V.|move: Toxic Spikes
|-enditem|p2a: Hawlucha|White Herb
|-clearnegativeboost|p2a: Hawlucha|[silent]
|move|p1a: Glimmora|Mortal Spin|p2a: Hawlucha
|-damage|p2a: Hawlucha|91/100
|-status|p2a: Hawlucha|psn
|-sideend|p1: chicoronaldo|Stealth Rock|[from] move: Mortal Spin|[of] p1a: Glimmora
|
|-damage|p2a: Hawlucha|79/100 psn|[from] psn
|upkeep
|turn|7
|
|t:|1776173095
|move|p2a: Hawlucha|Defog|p1a: Glimmora
|-unboost|p1a: Glimmora|evasion|1
|-sideend|p2: J.M.R.L.V.|Toxic Spikes|[from] move: Defog|[of] p2a: Hawlucha
|move|p1a: Glimmora|Stealth Rock|p2a: Hawlucha
|-sidestart|p2: J.M.R.L.V.|move: Stealth Rock
|
|-damage|p2a: Hawlucha|67/100 psn|[from] psn
|upkeep
|turn|8
|
|t:|1776173100
|move|p2a: Hawlucha|Close Combat|p1a: Glimmora
|-damage|p1a: Glimmora|0 fnt
|-unboost|p2a: Hawlucha|def|1
|-unboost|p2a: Hawlucha|spd|1
|-activate|p1a: Glimmora|ability: Toxic Debris
|-sidestart|p2: J.M.R.L.V.|move: Toxic Spikes
|faint|p1a: Glimmora
|
|-damage|p2a: Hawlucha|54/100 psn|[from] psn
|upkeep
|
|t:|1776173126
|switch|p1a: Great Tusk|Great Tusk|100/100
|-enditem|p1a: Great Tusk|Booster Energy
|-activate|p1a: Great Tusk|ability: Protosynthesis|[fromitem]
|-start|p1a: Great Tusk|protosynthesisspe
|turn|9
|
|t:|1776173131
|move|p2a: Hawlucha|Defog|p1a: Great Tusk
|-unboost|p1a: Great Tusk|evasion|1
|-sideend|p2: J.M.R.L.V.|Toxic Spikes|[from] move: Defog|[of] p2a: Hawlucha
|-sideend|p2: J.M.R.L.V.|Stealth Rock|[from] move: Defog|[of] p2a: Hawlucha
|move|p1a: Great Tusk|Ice Spinner|p2a: Hawlucha
|-supereffective|p2a: Hawlucha
|-damage|p2a: Hawlucha|0 fnt
|faint|p2a: Hawlucha
|
|upkeep
|
|t:|1776173144
|switch|p2a: Deoxys|Deoxys-Defense|100/100
|-ability|p2a: Deoxys|Pressure
|turn|10
|
|t:|1776173153
|-end|p1a: Great Tusk|Protosynthesis|[silent]
|switch|p1a: Darkrai|Darkrai|82/100 tox
|move|p2a: Deoxys|Cosmic Power|p2a: Deoxys
|-boost|p2a: Deoxys|def|1
|-boost|p2a: Deoxys|spd|1
|
|-damage|p1a: Darkrai|76/100 tox|[from] psn
|upkeep
|turn|11
|
|t:|1776173165
|move|p1a: Darkrai|Dark Pulse|p2a: Deoxys
|-supereffective|p2a: Deoxys
|-damage|p2a: Deoxys|30/100
|cant|p2a: Deoxys|flinch
|
|-heal|p2a: Deoxys|36/100|[from] item: Leftovers
|-damage|p1a: Darkrai|64/100 tox|[from] psn
|upkeep
|turn|12
|
|t:|1776173170
|move|p1a: Darkrai|Dark Pulse|p2a: Deoxys
|-supereffective|p2a: Deoxys
|-damage|p2a: Deoxys|0 fnt
|faint|p2a: Deoxys
|
|-damage|p1a: Darkrai|46/100 tox|[from] psn
|upkeep
|
|t:|1776173175
|switch|p2a: Gliscor|Gliscor, M|30/100 tox
|turn|13
|
|t:|1776173181
|switch|p1a: Weezing|Weezing-Galar, F|100/100
|move|p2a: Gliscor|Protect||[still]
|-fail|p2a: Gliscor
|
|-heal|p2a: Gliscor|42/100 tox|[from] ability: Poison Heal
|upkeep
|turn|14
|
|t:|1776173193
|move|p2a: Gliscor|Earthquake|p1a: Weezing
|-immune|p1a: Weezing|[from] ability: Levitate
|move|p1a: Weezing|Strange Steam|p2a: Gliscor
|-damage|p2a: Gliscor|7/100 tox
|
|-heal|p2a: Gliscor|20/100 tox|[from] ability: Poison Heal
|upkeep
|turn|15
|
|t:|1776173198
|move|p2a: Gliscor|Stealth Rock|p1a: Weezing
|-sidestart|p1: chicoronaldo|move: Stealth Rock
|move|p1a: Weezing|Strange Steam|p2a: Gliscor
|-damage|p2a: Gliscor|0 fnt
|faint|p2a: Gliscor
|
|upkeep
|
|t:|1776173212
|switch|p2a: Cinderace|Cinderace, F|100/100
|turn|16
|
|t:|1776173219
|move|p2a: Cinderace|Pyro Ball|p1a: Weezing
|-damage|p1a: Weezing|65/100
|-status|p1a: Weezing|brn
|move|p1a: Weezing|Sludge Bomb|p2a: Cinderace
|-damage|p2a: Cinderace|60/100
|
|-heal|p1a: Weezing|71/100 brn|[from] item: Leftovers
|-damage|p1a: Weezing|65/100 brn|[from] brn
|upkeep
|turn|17
|
|t:|1776173225
|move|p2a: Cinderace|Pyro Ball|p1a: Weezing
|-damage|p1a: Weezing|24/100 brn
|move|p1a: Weezing|Sludge Bomb|p2a: Cinderace
|-damage|p2a: Cinderace|21/100
|
|-heal|p1a: Weezing|30/100 brn|[from] item: Leftovers
|-damage|p1a: Weezing|24/100 brn|[from] brn
|upkeep
|turn|18
|
|t:|1776173229
|move|p2a: Cinderace|Pyro Ball|p1a: Weezing|[miss]
|-miss|p2a: Cinderace|p1a: Weezing
|move|p1a: Weezing|Sludge Bomb|p2a: Cinderace
|-damage|p2a: Cinderace|0 fnt
|faint|p2a: Cinderace
|
|-heal|p1a: Weezing|30/100 brn|[from] item: Leftovers
|-damage|p1a: Weezing|24/100 brn|[from] brn
|upkeep
|
|t:|1776173232
|switch|p2a: Ceruledge|Ceruledge, F|100/100
|turn|19
|
|t:|1776173238
|move|p2a: Ceruledge|Bitter Blade|p1a: Weezing
|-crit|p1a: Weezing
|-damage|p1a: Weezing|0 fnt
|faint|p1a: Weezing
|
|upkeep
|
|t:|1776173249
|switch|p1a: Darkrai|Darkrai|46/100 tox
|-damage|p1a: Darkrai|34/100 tox|[from] Stealth Rock
|turn|20
|
|t:|1776173257
|move|p2a: Ceruledge|Endure|p2a: Ceruledge
|-singleturn|p2a: Ceruledge|move: Endure
|move|p1a: Darkrai|Dark Pulse|p2a: Ceruledge
|-supereffective|p2a: Ceruledge
|-activate|p2a: Ceruledge|move: Endure
|-damage|p2a: Ceruledge|1/100
|-enditem|p2a: Ceruledge|Weakness Policy
|-boost|p2a: Ceruledge|atk|2|[from] item: Weakness Policy
|-boost|p2a: Ceruledge|spa|2|[from] item: Weakness Policy
|
|-damage|p1a: Darkrai|28/100 tox|[from] psn
|upkeep
|turn|21
|
|t:|1776173267
|move|p2a: Ceruledge|Shadow Sneak|p1a: Darkrai
|-resisted|p1a: Darkrai
|-damage|p1a: Darkrai|0 fnt
|faint|p1a: Darkrai
|
|upkeep
|
|t:|1776173271
|switch|p1a: Great Tusk|Great Tusk|100/100
|-damage|p1a: Great Tusk|97/100|[from] Stealth Rock
|turn|22
|
|t:|1776173280
|move|p2a: Ceruledge|Shadow Sneak|p1a: Great Tusk
|-damage|p1a: Great Tusk|70/100
|move|p1a: Great Tusk|Headlong Rush|p2a: Ceruledge
|-supereffective|p2a: Ceruledge
|-damage|p2a: Ceruledge|0 fnt
|-unboost|p1a: Great Tusk|def|1
|-unboost|p1a: Great Tusk|spd|1
|faint|p2a: Ceruledge
|
|upkeep
|
|t:|1776173284
|switch|p2a: Enamorus|Enamorus, F|100/100
|turn|23
|
|t:|1776173299
|move|p2a: Enamorus|Superpower|p1a: Great Tusk
|-damage|p1a: Great Tusk|32/100
|-boost|p2a: Enamorus|atk|1
|-boost|p2a: Enamorus|def|1
|-damage|p2a: Enamorus|90/100|[from] item: Life Orb
|move|p1a: Great Tusk|Rapid Spin|p2a: Enamorus
|-damage|p2a: Enamorus|74/100
|-boost|p1a: Great Tusk|spe|1
|-sideend|p1: chicoronaldo|Stealth Rock|[from] move: Rapid Spin|[of] p1a: Great Tusk
|
|upkeep
|turn|24
|inactive|Battle timer is ON: inactive players will automatically lose when time's up. (requested by chicoronaldo)
|
|t:|1776173332
|move|p1a: Great Tusk|Ice Spinner|p2a: Enamorus
|-supereffective|p2a: Enamorus
|-damage|p2a: Enamorus|21/100
|move|p2a: Enamorus|Superpower|p1a: Great Tusk
|-damage|p1a: Great Tusk|0 fnt
|-boost|p2a: Enamorus|atk|1
|-boost|p2a: Enamorus|def|1
|faint|p1a: Great Tusk
|-end|p1a: Great Tusk|Protosynthesis|[silent]
|-damage|p2a: Enamorus|11/100|[from] item: Life Orb
|
|upkeep
|
|t:|1776173339
|switch|p1a: Gholdengo|Gholdengo|100/100
|turn|25
|
|t:|1776173343
|move|p1a: Gholdengo|Make It Rain|p2a: Enamorus
|-supereffective|p2a: Enamorus
|-damage|p2a: Enamorus|0 fnt
|-unboost|p1a: Gholdengo|spa|1
|faint|p2a: Enamorus
|
|win|chicoronaldo
|raw|chicoronaldo's rating: 1073 &rarr; <strong>1105</strong><br />(+32 for winning)
|raw|J.M.R.L.V.'s rating: 1111 &rarr; <strong>1083</strong><br />(-28 for losing)
|c|☆chicoronaldo|gg
|l|☆J.M.R.L.V.
|player|p2|
