|html|<div class="broadcast-blue"><strong>[Gen 9] OU is currently suspecting Tera Blast! For information on how to participate check out the <a href="https://www.smogon.com/tools/suspects/view/200">suspect thread</a>.</strong></div>
|j|☆getreyal
|j|☆vafafaf
|t:|1776124065
|gametype|singles
|player|p1|getreyal|pokemaniac-gen6|1709
|player|p2|vafafaf|101|1706
|gen|9
|tier|[Gen 9] OU
|rated|
|rule|HP Percentage Mod: HP is shown in percentages
|rule|Endless Battle Clause: Forcing endless battles is banned
|rule|Species Clause: Limit one of each Pokémon
|rule|OHKO Clause: OHKO moves are banned
|rule|Evasion Items Clause: Evasion items are banned
|rule|Evasion Moves Clause: Evasion moves are banned
|rule|Evasion Abilities Clause: Evasion abilities are banned
|rule|Sleep Moves Clause: Sleep-inducing moves are banned
|clearpoke
|poke|p1|Gallade, M|
|poke|p1|Garchomp, F|
|poke|p1|Meowscarada, M|
|poke|p1|Iron Hands|
|poke|p1|Corviknight, M|
|poke|p1|Cinderace, F|
|poke|p2|Tyranitar, M|
|poke|p2|Excadrill, F|
|poke|p2|Deoxys-Speed|
|poke|p2|Indeedee, M|
|poke|p2|Ogerpon-Cornerstone, F|
|poke|p2|Moltres|
|teampreview
|c|☆vafafaf|!stats iron hands
|c|☆vafafaf|/raw <div class="message"><ul class="utilichart"><li class="result"><span class="col numcol">UUBL</span> <span class="col iconcol"><psicon pokemon="ironhands"/></span> <span class="col pokemonnamecol" style="white-space:nowrap"><a href="https://dex.pokemonshowdown.com/pokemon/ironhands" target="_blank">Iron Hands</a></span> <span class="col typecol"><img src="https://play.pokemonshowdown.com/sprites/types/Fighting.png" alt="Fighting" height="14" width="32"><img src="https://play.pokemonshowdown.com/sprites/types/Electric.png" alt="Electric" height="14" width="32"></span> <span style="float:left;min-height:26px"><span class="col abilitycol">Quark Drive</span><span class="col abilitycol"></span></span><span style="float:left;min-height:26px"><span class="col statcol"><em>HP</em><br />154</span> <span class="col statcol"><em>Atk</em><br />140</span> <span class="col statcol"><em>Def</em><br />108</span> <span class="col statcol"><em>SpA</em><br />50</span> <span class="col statcol"><em>SpD</em><br />68</span> <span class="col statcol"><em>Spe</em><br />50</span> <span class="col bstcol"><em>BST<br />570</em></span> </span></li><li style="clear:both"></li></ul></div>

|l|☆vafafaf
|player|p2|
|inactive|Battle timer is ON: inactive players will automatically lose when time's up. (requested by getreyal)
|j|☆vafafaf
|inactive|vafafaf reconnected and has 140 seconds left.
|player|p2|vafafaf|101|
|
|t:|1776124160
|teamsize|p1|6
|teamsize|p2|6
|start
|switch|p1a: Meowscarada|Meowscarada, M|100/100
|switch|p2a: Indeedee|Indeedee, M|100/100
|-fieldstart|move: Psychic Terrain|[from] ability: Psychic Surge|[of] p2a: Indeedee
|turn|1
|
|t:|1776124172
|switch|p2a: Moltres|Moltres|100/100
|move|p1a: Meowscarada|Knock Off|p2a: Moltres
|-start|p1a: Meowscarada|typechange|Dark|[from] ability: Protean
|-damage|p2a: Moltres|52/100
|-status|p1a: Meowscarada|brn|[from] ability: Flame Body|[of] p2a: Moltres
|-enditem|p2a: Moltres|Heavy-Duty Boots|[from] move: Knock Off|[of] p1a: Meowscarada
|
|-damage|p1a: Meowscarada|94/100 brn|[from] brn
|upkeep
|turn|2
|
|t:|1776124189
|switch|p1a: Garchomp|Garchomp, F, shiny|100/100
|move|p2a: Moltres|Roost|p2a: Moltres
|-heal|p2a: Moltres|100/100
|-singleturn|p2a: Moltres|move: Roost
|
|upkeep
|turn|3
|inactive|vafafaf has 120 seconds left.
|inactive|vafafaf has 90 seconds left.
|c|☆vafafaf|!stats garchomp
|c|☆vafafaf|/raw <div class="message"><ul class="utilichart"><li class="result"><span class="col numcol">UUBL</span> <span class="col iconcol"><psicon pokemon="garchomp"/></span> <span class="col pokemonnamecol" style="white-space:nowrap"><a href="https://dex.pokemonshowdown.com/pokemon/garchomp" target="_blank">Garchomp</a></span> <span class="col typecol"><img src="https://play.pokemonshowdown.com/sprites/types/Dragon.png" alt="Dragon" height="14" width="32"><img src="https://play.pokemonshowdown.com/sprites/types/Ground.png" alt="Ground" height="14" width="32"></span> <span style="float:left;min-height:26px"><span class="col abilitycol">Sand Veil</span><span class="col abilitycol"><em>Rough Skin</em></span></span><span style="float:left;min-height:26px"><span class="col statcol"><em>HP</em><br />108</span> <span class="col statcol"><em>Atk</em><br />130</span> <span class="col statcol"><em>Def</em><br />95</span> <span class="col statcol"><em>SpA</em><br />80</span> <span class="col statcol"><em>SpD</em><br />85</span> <span class="col statcol"><em>Spe</em><br />102</span> <span class="col bstcol"><em>BST<br />600</em></span> </span></li><li style="clear:both"></li></ul></div>

|
|t:|1776124271
|move|p1a: Garchomp|Stealth Rock|p2a: Moltres
|-sidestart|p2: vafafaf|move: Stealth Rock
|move|p2a: Moltres|U-turn|p1a: Garchomp
|-damage|p1a: Garchomp|91/100
|-damage|p2a: Moltres|88/100|[from] ability: Rough Skin|[of] p1a: Garchomp
|
|t:|1776124277
|switch|p2a: Ogerpon|Ogerpon-Cornerstone, F|100/100|[from] U-turn
|-damage|p2a: Ogerpon|88/100|[from] Stealth Rock
|
|-heal|p1a: Garchomp|97/100|[from] item: Leftovers
|upkeep
|turn|4
|
|t:|1776124286
|move|p2a: Ogerpon|Horn Leech|p1a: Garchomp
|-damage|p1a: Garchomp|71/100
|-heal|p2a: Ogerpon|100/100|[from] drain|[of] p1a: Garchomp
|-damage|p2a: Ogerpon|88/100|[from] ability: Rough Skin|[of] p1a: Garchomp
|move|p1a: Garchomp|Earthquake|p2a: Ogerpon
|-damage|p2a: Ogerpon|28/100
|
|-heal|p1a: Garchomp|77/100|[from] item: Leftovers
|upkeep
|turn|5
|
|t:|1776124295
|move|p2a: Ogerpon|Horn Leech|p1a: Garchomp
|-crit|p1a: Garchomp
|-damage|p1a: Garchomp|33/100
|-heal|p2a: Ogerpon|59/100|[from] drain|[of] p1a: Garchomp
|-damage|p2a: Ogerpon|46/100|[from] ability: Rough Skin|[of] p1a: Garchomp
|move|p1a: Garchomp|Earthquake|p2a: Ogerpon
|-damage|p2a: Ogerpon|0 fnt
|faint|p2a: Ogerpon
|
|-heal|p1a: Garchomp|39/100|[from] item: Leftovers
|upkeep
|
|t:|1776124303
|switch|p2a: Deoxys|Deoxys-Speed|100/100
|-damage|p2a: Deoxys|88/100|[from] Stealth Rock
|-ability|p2a: Deoxys|Pressure
|turn|6
|
|t:|1776124325
|move|p1a: Garchomp|Protect|p1a: Garchomp
|-singleturn|p1a: Garchomp|Protect
|move|p2a: Deoxys|Expanding Force|p1a: Garchomp
|-activate|p1a: Garchomp|move: Protect
|
|-heal|p1a: Garchomp|45/100|[from] item: Leftovers
|upkeep
|turn|7
|inactive|vafafaf has 90 seconds left.
|
|t:|1776124331
|switch|p1a: Corviknight|Corviknight, M|100/100
|-ability|p1a: Corviknight|Pressure
|move|p2a: Deoxys|Expanding Force|p1a: Corviknight
|-resisted|p1a: Corviknight
|-damage|p1a: Corviknight|57/100
|-damage|p2a: Deoxys|78/100|[from] item: Life Orb
|
|upkeep
|turn|8
|inactive|vafafaf has 90 seconds left.
|inactive|getreyal has 120 seconds left.
|l|☆vafafaf
|inactive|vafafaf disconnected and has a minute to reconnect!
|player|p2|
|
|t:|1776124370
|switch|p2a: Moltres|Moltres|88/100
|-damage|p2a: Moltres|38/100|[from] Stealth Rock
|move|p1a: Corviknight|Roost|p1a: Corviknight
|-heal|p1a: Corviknight|100/100
|-singleturn|p1a: Corviknight|move: Roost
|
|-fieldend|move: Psychic Terrain
|upkeep
|turn|9
|inactive|getreyal has 120 seconds left.
|j|☆vafafaf
|inactive|vafafaf reconnected and has 90 seconds left.
|player|p2|vafafaf|101|
|l|☆vafafaf
|inactive|vafafaf disconnected and has a minute to reconnect!
|player|p2|
|j|☆vafafaf
|inactive|vafafaf reconnected and has 65 seconds left.
|player|p2|vafafaf|101|
|inactive|vafafaf has 60 seconds left.
|
|t:|1776124414
|switch|p1a: Meowscarada|Meowscarada, M|94/100 brn
|move|p2a: Moltres|Flamethrower|p1a: Meowscarada
|-supereffective|p1a: Meowscarada
|-damage|p1a: Meowscarada|0 fnt
|faint|p1a: Meowscarada
|
|upkeep
|j| Nyrkry
|
|t:|1776124424
|switch|p1a: Gallade|Gallade, M, shiny|100/100
|turn|10
|l|☆vafafaf
|inactive|vafafaf disconnected and has a minute to reconnect!
|player|p2|
|j|☆vafafaf
|inactive|vafafaf reconnected and has 65 seconds left.
|player|p2|vafafaf|101|
|inactive|vafafaf has 60 seconds left.
|
|t:|1776124449
|move|p1a: Gallade|Psycho Cut|p2a: Moltres
|-damage|p2a: Moltres|0 fnt
|faint|p2a: Moltres
|
|upkeep
|inactive|vafafaf has 30 seconds left.
|
|t:|1776124477
|switch|p2a: Indeedee|Indeedee, M|100/100
|-damage|p2a: Indeedee|88/100|[from] Stealth Rock
|-fieldstart|move: Psychic Terrain|[from] ability: Psychic Surge|[of] p2a: Indeedee
|turn|11
|inactive|getreyal has 120 seconds left.
|inactive|vafafaf has 30 seconds left.
|inactive|vafafaf has 20 seconds left.
|inactive|vafafaf has 15 seconds left.
|inactive|vafafaf has 10 seconds left.
|inactive|vafafaf has 5 seconds left.
|inactive|getreyal has 90 seconds left.
|
|t:|1776124522
|switch|p1a: Corviknight|Corviknight, M|100/100
|-ability|p1a: Corviknight|Pressure
|switch|p2a: Tyranitar|Tyranitar, M|100/100
|-damage|p2a: Tyranitar|88/100|[from] Stealth Rock
|-weather|Sandstorm|[from] ability: Sand Stream|[of] p2a: Tyranitar
|
|-weather|Sandstorm|[upkeep]
|upkeep
|turn|12
|inactive|vafafaf has 15 seconds left this turn.
|inactive|getreyal has 90 seconds left.
|
|t:|1776124546
|move|p1a: Corviknight|U-turn|p2a: Tyranitar
|-supereffective|p2a: Tyranitar
|-damage|p2a: Tyranitar|66/100
|
|t:|1776124547
|switch|p1a: Garchomp|Garchomp, F, shiny|45/100|[from] U-turn
|move|p2a: Tyranitar|Stealth Rock|p1a: Garchomp
|-sidestart|p1: getreyal|move: Stealth Rock
|
|-weather|Sandstorm|[upkeep]
|-heal|p1a: Garchomp|52/100|[from] item: Leftovers
|upkeep
|turn|13
|inactive|vafafaf has 30 seconds left this turn.
|
|t:|1776124551
|move|p1a: Garchomp|Earthquake|p2a: Tyranitar
|-supereffective|p2a: Tyranitar
|-damage|p2a: Tyranitar|5/100
|move|p2a: Tyranitar|Ice Punch|p1a: Garchomp
|-supereffective|p1a: Garchomp
|-damage|p1a: Garchomp|0 fnt
|-damage|p2a: Tyranitar|0 fnt|[from] ability: Rough Skin|[of] p1a: Garchomp
|faint|p1a: Garchomp
|faint|p2a: Tyranitar
|
|-weather|Sandstorm|[upkeep]
|upkeep
|inactive|getreyal has 90 seconds left.
|inactive|vafafaf has 30 seconds left.
|inactive|getreyal has 60 seconds left.
|
|t:|1776124593
|switch|p1a: Corviknight|Corviknight, M|100/100
|switch|p2a: Excadrill|Excadrill, F|100/100
|-damage|p2a: Excadrill|97/100|[from] Stealth Rock
|-damage|p1a: Corviknight|88/100|[from] Stealth Rock
|-ability|p1a: Corviknight|Pressure
|turn|14
|j| foobar crusader
|inactive|vafafaf has 30 seconds left.
|inactive|vafafaf has 20 seconds left.
|inactive|vafafaf has 15 seconds left.
|l| foobar crusader
|inactive|vafafaf has 10 seconds left.
|inactive|vafafaf has 5 seconds left.
|
|t:|1776124632
|-terastallize|p2a: Excadrill|Ice
|move|p2a: Excadrill|Tera Blast|p1a: Corviknight|[anim] Tera Blast Ice
|-damage|p1a: Corviknight|51/100
|-damage|p2a: Excadrill|87/100|[from] item: Life Orb
|move|p1a: Corviknight|Brave Bird|p2a: Excadrill
|-damage|p2a: Excadrill|32/100
|-damage|p1a: Corviknight|34/100|[from] Recoil
|
|-weather|Sandstorm|[upkeep]
|upkeep
|turn|15
|inactive|vafafaf has 15 seconds left this turn.
|inactive|vafafaf has 10 seconds left.
|inactive|vafafaf has 5 seconds left.
|inactive|getreyal has 60 seconds left.
|
|t:|1776124651
|move|p2a: Excadrill|Tera Blast|p1a: Corviknight|[anim] Tera Blast Ice
|-damage|p1a: Corviknight|0 fnt
|faint|p1a: Corviknight
|-damage|p2a: Excadrill|22/100|[from] item: Life Orb
|
|-weather|Sandstorm|[upkeep]
|upkeep
|inactive|getreyal has 60 seconds left.
|
|t:|1776124656
|switch|p1a: Iron Hands|Iron Hands|100/100
|-damage|p1a: Iron Hands|94/100|[from] Stealth Rock
|turn|16
|inactive|vafafaf has 20 seconds left this turn.
|inactive|vafafaf has 15 seconds left.
|
|t:|1776124665
|-terastallize|p1a: Iron Hands|Flying
|move|p2a: Excadrill|Tera Blast|p1a: Iron Hands|[anim] Tera Blast Ice
|-supereffective|p1a: Iron Hands
|-damage|p1a: Iron Hands|12/100
|-damage|p2a: Excadrill|12/100|[from] item: Life Orb
|move|p1a: Iron Hands|Drain Punch|p2a: Excadrill
|-supereffective|p2a: Excadrill
|-damage|p2a: Excadrill|0 fnt
|-heal|p1a: Iron Hands|17/100|[from] drain|[of] p2a: Excadrill
|faint|p2a: Excadrill
|
|-weather|Sandstorm|[upkeep]
|-damage|p1a: Iron Hands|11/100|[from] Sandstorm
|upkeep
|inactive|vafafaf has 20 seconds left this turn.
|inactive|vafafaf has 15 seconds left.
|inactive|vafafaf has 10 seconds left.
|inactive|vafafaf has 5 seconds left.
|
|t:|1776124681
|switch|p2a: Deoxys|Deoxys-Speed|78/100
|-damage|p2a: Deoxys|66/100|[from] Stealth Rock
|-ability|p2a: Deoxys|Pressure
|turn|17
|inactive|vafafaf has 15 seconds left this turn.
|
|t:|1776124685
|move|p2a: Deoxys|Expanding Force|p1a: Iron Hands
|-damage|p1a: Iron Hands|0 fnt
|faint|p1a: Iron Hands
|-end|p1a: Iron Hands|Quark Drive|[silent]
|-damage|p2a: Deoxys|56/100|[from] item: Life Orb
|
|-weather|Sandstorm|[upkeep]
|-damage|p2a: Deoxys|50/100|[from] Sandstorm
|upkeep
|
|t:|1776124688
|switch|p1a: Cinderace|Cinderace, F, shiny|100/100
|turn|18
|inactive|vafafaf has 30 seconds left this turn.
|
|t:|1776124692
|move|p1a: Cinderace|Sucker Punch|p2a: Deoxys
|-start|p1a: Cinderace|typechange|Dark|[from] ability: Libero
|-activate|p2a: Deoxys|move: Psychic Terrain
|move|p2a: Deoxys|Expanding Force|p1a: Cinderace
|-immune|p1a: Cinderace
|
|-weather|none
|-fieldend|move: Psychic Terrain
|upkeep
|turn|19
|inactive|vafafaf has 30 seconds left.
|
|t:|1776124709
|switch|p2a: Indeedee|Indeedee, M|88/100
|-damage|p2a: Indeedee|76/100|[from] Stealth Rock
|-fieldstart|move: Psychic Terrain|[from] ability: Psychic Surge|[of] p2a: Indeedee
|move|p1a: Cinderace|U-turn|p2a: Indeedee
|-supereffective|p2a: Indeedee
|-damage|p2a: Indeedee|0 fnt
|faint|p2a: Indeedee
|
|t:|1776124711
|switch|p1a: Gallade|Gallade, M, shiny|100/100|[from] U-turn
|-damage|p1a: Gallade|94/100|[from] Stealth Rock
|
|upkeep
|inactive|vafafaf has 30 seconds left.
|
|t:|1776124716
|switch|p2a: Deoxys|Deoxys-Speed|50/100
|-damage|p2a: Deoxys|37/100|[from] Stealth Rock
|-ability|p2a: Deoxys|Pressure
|turn|20
|inactive|getreyal has 120 seconds left.
|
|t:|1776124729
|move|p2a: Deoxys|Expanding Force|p1a: Gallade
|-damage|p1a: Gallade|0 fnt
|faint|p1a: Gallade
|-damage|p2a: Deoxys|27/100|[from] item: Life Orb
|
|upkeep
|
|t:|1776124730
|switch|p1a: Cinderace|Cinderace, F, shiny|100/100
|turn|21
|
|t:|1776124742
|move|p1a: Cinderace|Sucker Punch|p2a: Deoxys
|-start|p1a: Cinderace|typechange|Dark|[from] ability: Libero
|-activate|p2a: Deoxys|move: Psychic Terrain
|move|p2a: Deoxys|Tera Blast|p1a: Cinderace
|-damage|p1a: Cinderace|53/100
|-damage|p2a: Deoxys|17/100|[from] item: Life Orb
|
|upkeep
|turn|22
|
|t:|1776124752
|move|p2a: Deoxys|Dark Pulse|p1a: Cinderace
|-resisted|p1a: Cinderace
|-damage|p1a: Cinderace|28/100
|-damage|p2a: Deoxys|8/100|[from] item: Life Orb
|cant|p1a: Cinderace|flinch
|
|upkeep
|turn|23
|j| 40 crip
|
|t:|1776124758
|move|p2a: Deoxys|Tera Blast|p1a: Cinderace
|-damage|p1a: Cinderace|0 fnt
|faint|p1a: Cinderace
|-damage|p2a: Deoxys|0 fnt|[from] item: Life Orb
|faint|p2a: Deoxys
|
|win|vafafaf
|raw|getreyal's rating: 1709 &rarr; <strong>1689</strong><br />(-20 for losing)
|raw|vafafaf's rating: 1706 &rarr; <strong>1726</strong><br />(+20 for winning)
|l| 40 crip
|c|☆vafafaf|Gg
|l|☆getreyal
|player|p1|
|l|☆vafafaf
|player|p2|
