|html|<div class="broadcast-blue"><strong>[Gen 9] OU is currently suspecting Tera Blast! For information on how to participate check out the <a href="https://www.smogon.com/tools/suspects/view/200">suspect thread</a>.</strong></div>
|j|☆calio5
|j|☆I buy roblox items
|t:|1776102702
|gametype|singles
|player|p1|calio5|170|1497
|player|p2|I buy roblox items|gentleman-gen1|1556
|gen|9
|tier|[Gen 9] OU
|rated|
|rule|HP Percentage Mod: HP is shown in percentages
|rule|Endless Battle Clause: Forcing endless battles is banned
|rule|Species Clause: Limit one of each Pokémon
|rule|OHKO Clause: OHKO moves are banned
|rule|Evasion Items Clause: Evasion items are banned
|rule|Evasion Moves Clause: Evasion moves are banned
|rule|Evasion Abilities Clause: Evasion abilities are banned
|rule|Sleep Moves Clause: Sleep-inducing moves are banned
|clearpoke
|poke|p1|Zapdos|
|poke|p1|Volcanion|
|poke|p1|Corviknight, F|
|poke|p1|Clodsire, M|
|poke|p1|Dondozo, F|
|poke|p1|Politoed, M|
|poke|p2|Entei|
|poke|p2|Kyurem|
|poke|p2|Zamazenta-*|
|poke|p2|Quaquaval, M|
|poke|p2|Muk-Alola, M|
|poke|p2|Ceruledge, F|
|teampreview
|inactive|Battle timer is ON: inactive players will automatically lose when time's up. (requested by I buy roblox items)
|inactive|I buy roblox items has 120 seconds left.
|inactive|calio5 has 120 seconds left.
|inactive|I buy roblox items has 90 seconds left.
|inactive|I buy roblox items has 60 seconds left.
|
|t:|1776102806
|teamsize|p1|6
|teamsize|p2|6
|start
|switch|p1a: Volcanion|Volcanion|100/100
|switch|p2a: 🥢🆙🎣|Kyurem|100/100
|-ability|p2a: 🥢🆙🎣|Pressure
|turn|1
|
|t:|1776102817
|move|p2a: 🥢🆙🎣|Substitute|p2a: 🥢🆙🎣
|-start|p2a: 🥢🆙🎣|Substitute
|-damage|p2a: 🥢🆙🎣|76/100
|move|p1a: Volcanion|Flamethrower|p2a: 🥢🆙🎣
|-end|p2a: 🥢🆙🎣|Substitute
|
|-heal|p2a: 🥢🆙🎣|82/100|[from] item: Leftovers
|upkeep
|turn|2
|
|t:|1776102824
|move|p2a: 🥢🆙🎣|Protect|p2a: 🥢🆙🎣
|-singleturn|p2a: 🥢🆙🎣|Protect
|move|p1a: Volcanion|Flamethrower|p2a: 🥢🆙🎣
|-activate|p2a: 🥢🆙🎣|move: Protect
|
|-heal|p2a: 🥢🆙🎣|88/100|[from] item: Leftovers
|upkeep
|turn|3
|
|t:|1776102831
|move|p2a: 🥢🆙🎣|Substitute|p2a: 🥢🆙🎣
|-start|p2a: 🥢🆙🎣|Substitute
|-damage|p2a: 🥢🆙🎣|63/100
|move|p1a: Volcanion|Flamethrower|p2a: 🥢🆙🎣
|-end|p2a: 🥢🆙🎣|Substitute
|
|-heal|p2a: 🥢🆙🎣|69/100|[from] item: Leftovers
|upkeep
|turn|4
|
|t:|1776102838
|move|p2a: 🥢🆙🎣|Protect|p2a: 🥢🆙🎣
|-singleturn|p2a: 🥢🆙🎣|Protect
|move|p1a: Volcanion|Flamethrower|p2a: 🥢🆙🎣
|-activate|p2a: 🥢🆙🎣|move: Protect
|
|-heal|p2a: 🥢🆙🎣|75/100|[from] item: Leftovers
|upkeep
|turn|5
|
|t:|1776102846
|switch|p2a: Ceruledge|Ceruledge, F|100/100
|move|p1a: Volcanion|Flamethrower|p2a: Ceruledge
|-start|p2a: Ceruledge|ability: Flash Fire
|
|upkeep
|turn|6
|
|t:|1776102862
|-end|p2a: Ceruledge|ability: Flash Fire|[silent]
|switch|p2a: Muk|Muk-Alola, M|100/100
|switch|p1a: Dondozo|Dondozo, F|100/100
|
|upkeep
|turn|7
|
|t:|1776102868
|switch|p1a: Corviknight|Corviknight, F|100/100
|-ability|p1a: Corviknight|Pressure
|move|p2a: Muk|Knock Off|p1a: Corviknight
|-damage|p1a: Corviknight|67/100
|-damage|p2a: Muk|84/100|[from] item: Rocky Helmet|[of] p1a: Corviknight
|-enditem|p1a: Corviknight|Rocky Helmet|[from] move: Knock Off|[of] p2a: Muk
|
|-heal|p2a: Muk|90/100|[from] item: Leftovers
|upkeep
|turn|8
|
|t:|1776102878
|move|p1a: Corviknight|Sand Attack|p2a: Muk
|-unboost|p2a: Muk|accuracy|1
|move|p2a: Muk|Curse|p2a: Muk
|-unboost|p2a: Muk|spe|1
|-boost|p2a: Muk|atk|1
|-boost|p2a: Muk|def|1
|
|-heal|p2a: Muk|96/100|[from] item: Leftovers
|upkeep
|turn|9
|
|t:|1776102886
|move|p1a: Corviknight|Sand Attack|p2a: Muk
|-unboost|p2a: Muk|accuracy|1
|move|p2a: Muk|Knock Off|p1a: Corviknight|[miss]
|-miss|p2a: Muk|p1a: Corviknight
|
|-heal|p2a: Muk|100/100|[from] item: Leftovers
|upkeep
|turn|10
|
|t:|1776102894
|move|p1a: Corviknight|Roost|p1a: Corviknight
|-heal|p1a: Corviknight|100/100
|-singleturn|p1a: Corviknight|move: Roost
|move|p2a: Muk|Curse|p2a: Muk
|-unboost|p2a: Muk|spe|1
|-boost|p2a: Muk|atk|1
|-boost|p2a: Muk|def|1
|
|upkeep
|turn|11
|
|t:|1776102901
|move|p1a: Corviknight|Sand Attack|p2a: Muk
|-unboost|p2a: Muk|accuracy|1
|move|p2a: Muk|Poison Fang|p1a: Corviknight
|-immune|p1a: Corviknight
|
|upkeep
|turn|12
|
|t:|1776102907
|move|p1a: Corviknight|Sand Attack|p2a: Muk
|-unboost|p2a: Muk|accuracy|1
|move|p2a: Muk|Curse|p2a: Muk
|-unboost|p2a: Muk|spe|1
|-boost|p2a: Muk|atk|1
|-boost|p2a: Muk|def|1
|
|upkeep
|turn|13
|
|t:|1776102914
|move|p1a: Corviknight|Sand Attack|p2a: Muk
|-unboost|p2a: Muk|accuracy|1
|move|p2a: Muk|Curse|p2a: Muk
|-unboost|p2a: Muk|spe|1
|-boost|p2a: Muk|atk|1
|-boost|p2a: Muk|def|1
|
|upkeep
|turn|14
|
|t:|1776102920
|move|p1a: Corviknight|Sand Attack|p2a: Muk
|-unboost|p2a: Muk|accuracy|1
|move|p2a: Muk|Poison Fang|p1a: Corviknight
|-immune|p1a: Corviknight
|
|upkeep
|turn|15
|
|t:|1776102927
|move|p1a: Corviknight|Defog|p2a: Muk
|-unboost|p2a: Muk|evasion|1
|move|p2a: Muk|Knock Off|p1a: Corviknight
|-damage|p1a: Corviknight|27/100
|
|upkeep
|turn|16
|
|t:|1776102932
|move|p1a: Corviknight|Roost|p1a: Corviknight
|-heal|p1a: Corviknight|77/100
|-singleturn|p1a: Corviknight|move: Roost
|move|p2a: Muk|Curse|p2a: Muk
|-unboost|p2a: Muk|spe|1
|-boost|p2a: Muk|atk|1
|-boost|p2a: Muk|def|1
|
|upkeep
|turn|17
|
|t:|1776102940
|move|p1a: Corviknight|Sand Attack|p2a: Muk
|-unboost|p2a: Muk|accuracy|0
|move|p2a: Muk|Knock Off|p1a: Corviknight|[miss]
|-miss|p2a: Muk|p1a: Corviknight
|
|upkeep
|turn|18
|
|t:|1776102946
|switch|p1a: Politoed|Politoed, M|100/100
|-weather|RainDance|[from] ability: Drizzle|[of] p1a: Politoed
|move|p2a: Muk|Curse|p2a: Muk
|-unboost|p2a: Muk|spe|1
|-boost|p2a: Muk|atk|1
|-boost|p2a: Muk|def|1
|
|-weather|RainDance|[upkeep]
|upkeep
|turn|19
|
|t:|1776102956
|switch|p1a: Volcanion|Volcanion|100/100
|move|p2a: Muk|Knock Off|p1a: Volcanion
|-damage|p1a: Volcanion|0 fnt
|-enditem|p1a: Volcanion|Heavy-Duty Boots|[from] move: Knock Off|[of] p2a: Muk
|faint|p1a: Volcanion
|
|-weather|RainDance|[upkeep]
|upkeep
|
|t:|1776102964
|switch|p1a: Dondozo|Dondozo, F|100/100
|turn|20
|
|t:|1776102971
|switch|p2a: 🥢🆙🎣|Kyurem|75/100
|-ability|p2a: 🥢🆙🎣|Pressure
|move|p1a: Dondozo|Liquidation|p2a: 🥢🆙🎣
|-resisted|p2a: 🥢🆙🎣
|-damage|p2a: 🥢🆙🎣|58/100
|-unboost|p2a: 🥢🆙🎣|def|1
|
|-weather|RainDance|[upkeep]
|-heal|p2a: 🥢🆙🎣|64/100|[from] item: Leftovers
|upkeep
|turn|21
|
|t:|1776102985
|switch|p2a: Quaquaval|Quaquaval, M|100/100
|switch|p1a: Corviknight|Corviknight, F|77/100
|-ability|p1a: Corviknight|Pressure
|
|-weather|RainDance|[upkeep]
|upkeep
|turn|22
|
|t:|1776102994
|move|p2a: Quaquaval|Aqua Step|p1a: Corviknight
|-damage|p1a: Corviknight|25/100
|-boost|p2a: Quaquaval|spe|1
|move|p1a: Corviknight|Sand Attack|p2a: Quaquaval
|-unboost|p2a: Quaquaval|accuracy|1
|
|-weather|RainDance|[upkeep]
|upkeep
|turn|23
|
|t:|1776103002
|move|p2a: Quaquaval|Close Combat|p1a: Corviknight
|-damage|p1a: Corviknight|0 fnt
|-unboost|p2a: Quaquaval|def|1
|-unboost|p2a: Quaquaval|spd|1
|faint|p1a: Corviknight
|-ability|p2a: Quaquaval|Moxie|boost
|-boost|p2a: Quaquaval|atk|1
|
|-weather|RainDance|[upkeep]
|upkeep
|
|t:|1776103011
|switch|p1a: Dondozo|Dondozo, F|100/100
|turn|24
|
|t:|1776103016
|move|p2a: Quaquaval|Knock Off|p1a: Dondozo
|-damage|p1a: Dondozo|80/100
|-enditem|p1a: Dondozo|Leftovers|[from] move: Knock Off|[of] p2a: Quaquaval
|move|p1a: Dondozo|Curse|p1a: Dondozo
|-unboost|p1a: Dondozo|spe|1
|-boost|p1a: Dondozo|atk|1
|-boost|p1a: Dondozo|def|1
|
|-weather|RainDance|[upkeep]
|upkeep
|turn|25
|
|t:|1776103025
|switch|p2a: 🥢🆙🎣|Kyurem|64/100
|-ability|p2a: 🥢🆙🎣|Pressure
|move|p1a: Dondozo|Earthquake|p2a: 🥢🆙🎣
|-damage|p2a: 🥢🆙🎣|38/100
|
|-weather|none
|-heal|p2a: 🥢🆙🎣|44/100|[from] item: Leftovers
|upkeep
|turn|26
|
|t:|1776103035
|-terastallize|p1a: Dondozo|Poison
|move|p2a: 🥢🆙🎣|Protect|p2a: 🥢🆙🎣
|-singleturn|p2a: 🥢🆙🎣|Protect
|move|p1a: Dondozo|Avalanche|p2a: 🥢🆙🎣
|-activate|p2a: 🥢🆙🎣|move: Protect
|
|-heal|p2a: 🥢🆙🎣|50/100|[from] item: Leftovers
|upkeep
|turn|27
|
|t:|1776103043
|move|p2a: 🥢🆙🎣|Substitute|p2a: 🥢🆙🎣
|-start|p2a: 🥢🆙🎣|Substitute
|-damage|p2a: 🥢🆙🎣|25/100
|move|p1a: Dondozo|Earthquake|p2a: 🥢🆙🎣
|-end|p2a: 🥢🆙🎣|Substitute
|
|-heal|p2a: 🥢🆙🎣|31/100|[from] item: Leftovers
|upkeep
|turn|28
|
|t:|1776103050
|switch|p2a: Entei|Entei|100/100
|-ability|p2a: Entei|Pressure
|move|p1a: Dondozo|Curse|p1a: Dondozo
|-unboost|p1a: Dondozo|spe|1
|-boost|p1a: Dondozo|atk|1
|-boost|p1a: Dondozo|def|1
|
|upkeep
|turn|29
|
|t:|1776103058
|move|p2a: Entei|Sacred Fire|p1a: Dondozo
|-damage|p1a: Dondozo|68/100
|move|p1a: Dondozo|Earthquake|p2a: Entei
|-supereffective|p2a: Entei
|-damage|p2a: Entei|0 fnt
|faint|p2a: Entei
|
|upkeep
|
|t:|1776103072
|switch|p2a: Zamazenta|Zamazenta|100/100
|-ability|p2a: Zamazenta|Dauntless Shield|boost
|-boost|p2a: Zamazenta|def|1
|turn|30
|
|t:|1776103078
|move|p2a: Zamazenta|Snarl|p1a: Dondozo
|-damage|p1a: Dondozo|58/100
|-unboost|p1a: Dondozo|spa|1
|move|p1a: Dondozo|Earthquake|p2a: Zamazenta
|-damage|p2a: Zamazenta|60/100
|
|-heal|p2a: Zamazenta|66/100|[from] item: Leftovers
|upkeep
|turn|31
|
|t:|1776103085
|move|p2a: Zamazenta|Snarl|p1a: Dondozo
|-damage|p1a: Dondozo|47/100
|-unboost|p1a: Dondozo|spa|1
|move|p1a: Dondozo|Earthquake|p2a: Zamazenta
|-damage|p2a: Zamazenta|23/100
|
|-heal|p2a: Zamazenta|29/100|[from] item: Leftovers
|upkeep
|turn|32
|
|t:|1776103094
|move|p2a: Zamazenta|Substitute|p2a: Zamazenta
|-start|p2a: Zamazenta|Substitute
|-damage|p2a: Zamazenta|4/100
|move|p1a: Dondozo|Earthquake|p2a: Zamazenta
|-end|p2a: Zamazenta|Substitute
|
|-heal|p2a: Zamazenta|10/100|[from] item: Leftovers
|upkeep
|turn|33
|
|t:|1776103102
|move|p2a: Zamazenta|Snarl|p1a: Dondozo
|-damage|p1a: Dondozo|37/100
|-unboost|p1a: Dondozo|spa|1
|move|p1a: Dondozo|Earthquake|p2a: Zamazenta
|-damage|p2a: Zamazenta|0 fnt
|faint|p2a: Zamazenta
|
|upkeep
|
|t:|1776103115
|switch|p2a: Quaquaval|Quaquaval, M|100/100
|turn|34
|
|t:|1776103118
|move|p2a: Quaquaval|Aqua Step|p1a: Dondozo
|-damage|p1a: Dondozo|26/100
|-boost|p2a: Quaquaval|spe|1
|move|p1a: Dondozo|Earthquake|p2a: Quaquaval
|-damage|p2a: Quaquaval|31/100
|
|upkeep
|turn|35
|
|t:|1776103125
|move|p2a: Quaquaval|Aqua Step|p1a: Dondozo
|-damage|p1a: Dondozo|14/100
|-boost|p2a: Quaquaval|spe|1
|move|p1a: Dondozo|Earthquake|p2a: Quaquaval
|-damage|p2a: Quaquaval|0 fnt
|faint|p2a: Quaquaval
|
|upkeep
|
|t:|1776103143
|switch|p2a: Ceruledge|Ceruledge, F|100/100
|turn|36
|
|t:|1776103168
|move|p2a: Ceruledge|Bitter Blade|p1a: Dondozo
|-damage|p1a: Dondozo|3/100
|move|p1a: Dondozo|Curse|p1a: Dondozo
|-unboost|p1a: Dondozo|spe|1
|-boost|p1a: Dondozo|atk|1
|-boost|p1a: Dondozo|def|1
|
|upkeep
|turn|37
|
|t:|1776103175
|move|p2a: Ceruledge|Bitter Blade|p1a: Dondozo
|-damage|p1a: Dondozo|0 fnt
|faint|p1a: Dondozo
|
|upkeep
|
|t:|1776103179
|switch|p1a: Politoed|Politoed, M|100/100
|-weather|RainDance|[from] ability: Drizzle|[of] p1a: Politoed
|turn|38
|
|t:|1776103185
|move|p2a: Ceruledge|Bulk Up|p2a: Ceruledge
|-boost|p2a: Ceruledge|atk|1
|-boost|p2a: Ceruledge|def|1
|move|p1a: Politoed|Surf|p2a: Ceruledge
|-supereffective|p2a: Ceruledge
|-damage|p2a: Ceruledge|36/100
|
|-weather|RainDance|[upkeep]
|upkeep
|turn|39
|
|t:|1776103192
|move|p2a: Ceruledge|Shadow Sneak|p1a: Politoed
|-damage|p1a: Politoed|69/100
|move|p1a: Politoed|Surf|p2a: Ceruledge
|-supereffective|p2a: Ceruledge
|-damage|p2a: Ceruledge|0 fnt
|faint|p2a: Ceruledge
|
|-weather|RainDance|[upkeep]
|upkeep
|
|t:|1776103198
|switch|p2a: 🥢🆙🎣|Kyurem|31/100
|-ability|p2a: 🥢🆙🎣|Pressure
|turn|40
|
|t:|1776103210
|move|p2a: 🥢🆙🎣|Substitute|p2a: 🥢🆙🎣
|-start|p2a: 🥢🆙🎣|Substitute
|-damage|p2a: 🥢🆙🎣|6/100
|move|p1a: Politoed|Earth Power|p2a: 🥢🆙🎣
|-activate|p2a: 🥢🆙🎣|move: Substitute|[damage]
|
|-weather|RainDance|[upkeep]
|-heal|p2a: 🥢🆙🎣|13/100|[from] item: Leftovers
|upkeep
|turn|41
|
|t:|1776103217
|move|p2a: 🥢🆙🎣|Protect|p2a: 🥢🆙🎣
|-singleturn|p2a: 🥢🆙🎣|Protect
|move|p1a: Politoed|Earth Power|p2a: 🥢🆙🎣
|-activate|p2a: 🥢🆙🎣|move: Protect
|
|-weather|RainDance|[upkeep]
|-heal|p2a: 🥢🆙🎣|19/100|[from] item: Leftovers
|upkeep
|turn|42
|
|t:|1776103224
|move|p2a: 🥢🆙🎣|Dragon Dance|p2a: 🥢🆙🎣
|-boost|p2a: 🥢🆙🎣|atk|1
|-boost|p2a: 🥢🆙🎣|spe|1
|move|p1a: Politoed|Earth Power|p2a: 🥢🆙🎣
|-end|p2a: 🥢🆙🎣|Substitute
|
|-weather|RainDance|[upkeep]
|-heal|p2a: 🥢🆙🎣|25/100|[from] item: Leftovers
|upkeep
|turn|43
|
|t:|1776103234
|switch|p1a: Zapdos|Zapdos|100/100
|move|p2a: 🥢🆙🎣|Protect||[still]
|-fail|p2a: 🥢🆙🎣
|
|-weather|RainDance|[upkeep]
|-heal|p2a: 🥢🆙🎣|31/100|[from] item: Leftovers
|upkeep
|turn|44
|
|t:|1776103241
|move|p2a: 🥢🆙🎣|Protect|p2a: 🥢🆙🎣
|-singleturn|p2a: 🥢🆙🎣|Protect
|move|p1a: Zapdos|Thunder|p2a: 🥢🆙🎣
|-activate|p2a: 🥢🆙🎣|move: Protect
|
|-weather|RainDance|[upkeep]
|-heal|p2a: 🥢🆙🎣|37/100|[from] item: Leftovers
|upkeep
|turn|45
|
|t:|1776103250
|-terastallize|p2a: 🥢🆙🎣|Ground
|move|p2a: 🥢🆙🎣|Icicle Spear|p1a: Zapdos
|-supereffective|p1a: Zapdos
|-damage|p1a: Zapdos|63/100
|-supereffective|p1a: Zapdos
|-damage|p1a: Zapdos|22/100
|-hitcount|p1a: Zapdos|2
|move|p1a: Zapdos|Hurricane|p2a: 🥢🆙🎣
|-damage|p2a: 🥢🆙🎣|0 fnt
|faint|p2a: 🥢🆙🎣
|
|-weather|none
|upkeep
|
|t:|1776103257
|switch|p2a: Muk|Muk-Alola, M|100/100
|turn|46
|
|t:|1776103262
|switch|p1a: Politoed|Politoed, M|69/100
|-weather|RainDance|[from] ability: Drizzle|[of] p1a: Politoed
|move|p2a: Muk|Knock Off|p1a: Politoed
|-damage|p1a: Politoed|8/100
|-enditem|p1a: Politoed|Damp Rock|[from] move: Knock Off|[of] p2a: Muk
|
|-weather|RainDance|[upkeep]
|upkeep
|turn|47
|
|t:|1776103272
|move|p1a: Politoed|Endeavor|p2a: Muk
|-damage|p2a: Muk|7/100
|move|p2a: Muk|Knock Off|p1a: Politoed
|-damage|p1a: Politoed|0 fnt
|faint|p1a: Politoed
|
|-weather|RainDance|[upkeep]
|-heal|p2a: Muk|13/100|[from] item: Leftovers
|upkeep
|c|☆I buy roblox items|sigma 2 hit
|inactive|calio5 has 120 seconds left.
|inactive|calio5 has 90 seconds left.
|
|t:|1776103335
|switch|p1a: Clodsire|Clodsire, M|100/100
|turn|48
|
|t:|1776103347
|move|p2a: Muk|Curse|p2a: Muk
|-unboost|p2a: Muk|spe|1
|-boost|p2a: Muk|atk|1
|-boost|p2a: Muk|def|1
|move|p1a: Clodsire|Earthquake|p2a: Muk
|-supereffective|p2a: Muk
|-damage|p2a: Muk|0 fnt
|faint|p2a: Muk
|
|win|calio5
|raw|calio5's rating: 1497 &rarr; <strong>1520</strong><br />(+23 for winning)
|raw|I buy roblox items's rating: 1556 &rarr; <strong>1533</strong><br />(-23 for losing)
|l|☆I buy roblox items
|player|p2|
|l|☆calio5
|player|p1|
