|html|<div class="broadcast-blue"><strong>[Gen 9] OU is currently suspecting Tera Blast! For information on how to participate check out the <a href="https://www.smogon.com/tools/suspects/view/200">suspect thread</a>.</strong></div>
|j|☆logannng
|j|☆Jugareshh
|t:|1776091625
|gametype|singles
|player|p1|logannng|101|1000
|player|p2|Jugareshh|bugcatcher-gen4dp|1000
|gen|9
|tier|[Gen 9] OU
|rated|
|rule|HP Percentage Mod: HP is shown in percentages
|rule|Endless Battle Clause: Forcing endless battles is banned
|rule|Species Clause: Limit one of each Pokémon
|rule|OHKO Clause: OHKO moves are banned
|rule|Evasion Items Clause: Evasion items are banned
|rule|Evasion Moves Clause: Evasion moves are banned
|rule|Evasion Abilities Clause: Evasion abilities are banned
|rule|Sleep Moves Clause: Sleep-inducing moves are banned
|clearpoke
|poke|p1|Slowking-Galar, F|
|poke|p1|Primarina, F|
|poke|p1|Ogerpon-Wellspring, F|
|poke|p1|Iron Valiant|
|poke|p1|Hatterene, F|
|poke|p1|Deoxys-Speed|
|poke|p2|Iron Valiant|
|poke|p2|Landorus-Therian, M|
|poke|p2|Slowking-Galar, F|
|teampreview
|
|t:|1776091637
|teamsize|p1|6
|teamsize|p2|3
|start
|switch|p1a: Deoxys|Deoxys-Speed|100/100
|switch|p2a: Landorus|Landorus-Therian, M|100/100
|-ability|p1a: Deoxys|Pressure
|-ability|p2a: Landorus|Intimidate|boost
|-unboost|p1a: Deoxys|atk|1
|turn|1
|
|t:|1776091650
|move|p1a: Deoxys|Extreme Speed|p2a: Landorus
|-damage|p2a: Landorus|88/100
|-damage|p1a: Deoxys|84/100|[from] item: Rocky Helmet|[of] p2a: Landorus
|move|p2a: Landorus|Earthquake|p1a: Deoxys
|-damage|p1a: Deoxys|20/100
|
|-heal|p1a: Deoxys|26/100|[from] item: Leftovers
|upkeep
|turn|2
|
|t:|1776091659
|move|p1a: Deoxys|Psychic|p2a: Landorus
|-damage|p2a: Landorus|53/100
|move|p2a: Landorus|Stealth Rock|p1a: Deoxys
|-sidestart|p1: logannng|move: Stealth Rock
|
|-heal|p1a: Deoxys|32/100|[from] item: Leftovers
|upkeep
|turn|3
|
|t:|1776091667
|move|p1a: Deoxys|Psychic|p2a: Landorus
|-damage|p2a: Landorus|19/100
|move|p2a: Landorus|U-turn|p1a: Deoxys
|-supereffective|p1a: Deoxys
|-damage|p1a: Deoxys|0 fnt
|faint|p1a: Deoxys
|l|☆Jugareshh
|player|p2|
|inactive|Battle timer is ON: inactive players will automatically lose when time's up. (requested by logannng)
|j| Jagadeshhhh
|l| jagadeshhhh
|j|☆Jugareshh
|inactive|Jugareshh reconnected and has 125 seconds left.
|player|p2|Jugareshh|bugcatcher-gen4dp|
|inactive|Jugareshh has 120 seconds left.
|
|t:|1776091717
|switch|p2a: Slowking|Slowking-Galar, F|100/100|[from] U-turn
|
|upkeep
|
|t:|1776091723
|switch|p1a: Hatterene|Hatterene, F, shiny|100/100
|-damage|p1a: Hatterene|88/100|[from] Stealth Rock
|-ability|p1a: Hatterene|Anticipation
|turn|4
|
|t:|1776091732
|move|p1a: Hatterene|Misty Terrain|p1a: Hatterene
|-fieldstart|move: Misty Terrain
|move|p2a: Slowking|Sludge Bomb|p1a: Hatterene
|-supereffective|p1a: Hatterene
|-damage|p1a: Hatterene|12/100
|
|upkeep
|turn|5
|
|t:|1776091740
|move|p1a: Hatterene|Mystical Fire|p2a: Slowking
|-damage|p2a: Slowking|88/100
|-unboost|p2a: Slowking|spa|1
|move|p2a: Slowking|Sludge Bomb|p1a: Hatterene
|-supereffective|p1a: Hatterene
|-damage|p1a: Hatterene|0 fnt
|faint|p1a: Hatterene
|
|upkeep
|
|t:|1776091753
|switch|p1a: Iron Valiant|Iron Valiant|100/100
|-damage|p1a: Iron Valiant|94/100|[from] Stealth Rock
|-enditem|p1a: Iron Valiant|Booster Energy
|-activate|p1a: Iron Valiant|ability: Quark Drive|[fromitem]
|-start|p1a: Iron Valiant|quarkdriveatk
|turn|6
|
|t:|1776091770
|move|p1a: Iron Valiant|Psycho Cut|p2a: Slowking
|-damage|p2a: Slowking|57/100
|-prepare|p2a: Slowking|Chilly Reception|[premajor]
|move|p2a: Slowking|Chilly Reception|p2a: Slowking
|-weather|Snowscape
|
|t:|1776091774
|switch|p2a: Landorus|Landorus-Therian, M|19/100|[from] Chilly Reception
|-ability|p2a: Landorus|Intimidate|boost
|-unboost|p1a: Iron Valiant|atk|1
|
|-weather|Snowscape|[upkeep]
|upkeep
|turn|7
|
|t:|1776091781
|switch|p2a: Slowking|Slowking-Galar, F|91/100
|move|p1a: Iron Valiant|Psycho Cut|p2a: Slowking
|-damage|p2a: Slowking|70/100
|
|-weather|Snowscape|[upkeep]
|upkeep
|turn|8
|
|t:|1776091788
|move|p1a: Iron Valiant|Shadow Ball|p2a: Slowking
|-supereffective|p2a: Slowking
|-damage|p2a: Slowking|44/100
|move|p2a: Slowking|Sludge Bomb|p1a: Iron Valiant
|-supereffective|p1a: Iron Valiant
|-damage|p1a: Iron Valiant|0 fnt
|faint|p1a: Iron Valiant
|-end|p1a: Iron Valiant|Quark Drive|[silent]
|
|-weather|Snowscape|[upkeep]
|-fieldend|Misty Terrain
|upkeep
|
|t:|1776091797
|switch|p1a: Ogerpon|Ogerpon-Wellspring, F|100/100
|-damage|p1a: Ogerpon|88/100|[from] Stealth Rock
|turn|9
|
|t:|1776091803
|switch|p2a: Landorus|Landorus-Therian, M|19/100
|-ability|p2a: Landorus|Intimidate|boost
|-unboost|p1a: Ogerpon|atk|1
|-terastallize|p1a: Ogerpon|Water
|detailschange|p1a: Ogerpon|Ogerpon-Wellspring-Tera, F, tera:Water
|-ability|p1a: Ogerpon|Embody Aspect (Wellspring)|boost
|-boost|p1a: Ogerpon|spd|1
|move|p1a: Ogerpon|Ivy Cudgel|p2a: Landorus|[anim] Ivy Cudgel Water
|-supereffective|p2a: Landorus
|-damage|p2a: Landorus|0 fnt
|faint|p2a: Landorus
|
|-weather|Snowscape|[upkeep]
|upkeep
|
|t:|1776091810
|switch|p2a: Iron Valiant|Iron Valiant|100/100
|turn|10
|
|t:|1776091818
|move|p2a: Iron Valiant|Thunderbolt|p1a: Ogerpon
|-supereffective|p1a: Ogerpon
|-damage|p1a: Ogerpon|38/100
|-status|p1a: Ogerpon|par
|-damage|p2a: Iron Valiant|91/100|[from] item: Life Orb
|move|p1a: Ogerpon|Stomping Tantrum|p2a: Iron Valiant
|-damage|p2a: Iron Valiant|67/100
|
|-weather|none
|upkeep
|turn|11
|
|t:|1776091828
|move|p2a: Iron Valiant|Thunderbolt|p1a: Ogerpon
|-supereffective|p1a: Ogerpon
|-damage|p1a: Ogerpon|0 fnt
|faint|p1a: Ogerpon
|detailschange|p1: Ogerpon|Ogerpon-Wellspring, F|[silent]
|-damage|p2a: Iron Valiant|57/100|[from] item: Life Orb
|
|upkeep
|
|t:|1776091834
|switch|p1a: Slowking|Slowking-Galar, F, shiny|100/100
|-damage|p1a: Slowking|88/100|[from] Stealth Rock
|turn|12
|
|t:|1776091839
|-end|p2a: Iron Valiant|Quark Drive|[silent]
|switch|p2a: Slowking|Slowking-Galar, F|77/100
|move|p1a: Slowking|Sludge Wave|p2a: Slowking
|-resisted|p2a: Slowking
|-damage|p2a: Slowking|66/100
|
|upkeep
|turn|13
|
|t:|1776091847
|move|p1a: Slowking|Earthquake|p2a: Slowking
|-supereffective|p2a: Slowking
|-damage|p2a: Slowking|23/100
|move|p2a: Slowking|Future Sight|p1a: Slowking
|-start|p2a: Slowking|move: Future Sight
|
|upkeep
|turn|14
|
|t:|1776091852
|switch|p2a: Iron Valiant|Iron Valiant|57/100
|move|p1a: Slowking|Earthquake|p2a: Iron Valiant
|-damage|p2a: Iron Valiant|32/100
|
|upkeep
|turn|15
|
|t:|1776091858
|-end|p2a: Iron Valiant|Quark Drive|[silent]
|switch|p2a: Slowking|Slowking-Galar, F|56/100
|move|p1a: Slowking|Earthquake|p2a: Slowking
|-supereffective|p2a: Slowking
|-damage|p2a: Slowking|12/100
|
|-end|p1a: Slowking|move: Future Sight
|-damage|p1a: Slowking|48/100
|upkeep
|turn|16
|
|t:|1776091867
|move|p1a: Slowking|Earthquake|p2a: Slowking
|-supereffective|p2a: Slowking
|-damage|p2a: Slowking|0 fnt
|faint|p2a: Slowking
|
|upkeep
|
|t:|1776091869
|switch|p2a: Iron Valiant|Iron Valiant|32/100
|turn|17
|
|t:|1776091874
|move|p2a: Iron Valiant|Shadow Ball|p1a: Slowking
|-supereffective|p1a: Slowking
|-damage|p1a: Slowking|0 fnt
|faint|p1a: Slowking
|-damage|p2a: Iron Valiant|23/100|[from] item: Life Orb
|
|upkeep
|
|t:|1776091880
|switch|p1a: Primarina|Primarina, F, shiny|100/100
|-damage|p1a: Primarina|88/100|[from] Stealth Rock
|turn|18
|
|t:|1776091886
|move|p2a: Iron Valiant|Thunderbolt|p1a: Primarina
|-supereffective|p1a: Primarina
|-damage|p1a: Primarina|23/100
|-damage|p2a: Iron Valiant|13/100|[from] item: Life Orb
|move|p1a: Primarina|Perish Song|p1a: Primarina
|-start|p1a: Primarina|perish3|[silent]
|-start|p2a: Iron Valiant|perish3|[silent]
|-fieldactivate|move: Perish Song
|
|-start|p2a: Iron Valiant|perish3
|-start|p1a: Primarina|perish3
|upkeep
|turn|19
|
|t:|1776091897
|move|p2a: Iron Valiant|Thunderbolt|p1a: Primarina
|-supereffective|p1a: Primarina
|-damage|p1a: Primarina|0 fnt
|faint|p1a: Primarina
|-damage|p2a: Iron Valiant|3/100|[from] item: Life Orb
|
|win|Jugareshh
|raw|logannng's rating: 1000 &rarr; <strong>1000</strong><br />(+0 for losing)
|raw|Jugareshh's rating: 1000 &rarr; <strong>1040</strong><br />(+40 for winning)
