|html|<div class="broadcast-blue"><strong>[Gen 9] OU is currently suspecting Tera Blast! For information on how to participate check out the <a href="https://www.smogon.com/tools/suspects/view/200">suspect thread</a>.</strong></div>
|j|☆gym locker smells
|j|☆RickyKaka
|t:|1776099945
|gametype|singles
|player|p1|gym locker smells|fisherman|1104
|player|p2|RickyKaka|ghetsis|1057
|gen|9
|tier|[Gen 9] OU
|rated|
|rule|HP Percentage Mod: HP is shown in percentages
|rule|Endless Battle Clause: Forcing endless battles is banned
|rule|Species Clause: Limit one of each Pokémon
|rule|OHKO Clause: OHKO moves are banned
|rule|Evasion Items Clause: Evasion items are banned
|rule|Evasion Moves Clause: Evasion moves are banned
|rule|Evasion Abilities Clause: Evasion abilities are banned
|rule|Sleep Moves Clause: Sleep-inducing moves are banned
|clearpoke
|poke|p1|Serperior, M|
|poke|p1|Cinderace, M|
|poke|p1|Kingambit, M|
|poke|p1|Passimian, M|
|poke|p1|Milotic, M|
|poke|p1|Ribombee, M|
|poke|p2|Lokix, F|
|poke|p2|Cinderace, F|
|poke|p2|Slowking-Galar, F|
|poke|p2|Tornadus-Therian, M|
|poke|p2|Alomomola, F|
|poke|p2|Dragapult, F|
|teampreview
|
|t:|1776099956
|teamsize|p1|6
|teamsize|p2|6
|start
|switch|p1a: Ribombee|Ribombee, M|100/100
|switch|p2a: Dragapult|Dragapult, F|100/100
|turn|1
|l|☆RickyKaka
|player|p2|
|j|☆RickyKaka
|player|p2|RickyKaka|ghetsis|
|
|t:|1776099979
|move|p2a: Dragapult|Will-O-Wisp|p1a: Ribombee
|-status|p1a: Ribombee|brn
|move|p1a: Ribombee|Sticky Web|p2a: Dragapult
|-sidestart|p2: RickyKaka|move: Sticky Web
|
|-damage|p1a: Ribombee|94/100 brn|[from] brn
|upkeep
|turn|2
|
|t:|1776099991
|move|p2a: Dragapult|Hex|p1a: Ribombee
|-damage|p1a: Ribombee|0 fnt
|faint|p1a: Ribombee
|
|upkeep
|
|t:|1776099999
|switch|p1a: Cinderace|Cinderace, M|100/100
|turn|3
|
|t:|1776100007
|move|p1a: Cinderace|Sucker Punch|p2a: Dragapult
|-start|p1a: Cinderace|typechange|Dark|[from] ability: Libero
|-supereffective|p2a: Dragapult
|-damage|p2a: Dragapult|9/100
|move|p2a: Dragapult|Dragon Darts|p1a: Cinderace
|-damage|p1a: Cinderace|73/100
|-anim|p2a: Dragapult|Dragon Darts|p1a: Cinderace
|-damage|p1a: Cinderace|48/100
|
|upkeep
|turn|4
|
|t:|1776100023
|move|p2a: Dragapult|Will-O-Wisp|p1a: Cinderace
|-status|p1a: Cinderace|brn
|move|p1a: Cinderace|Court Change|p1a: Cinderace
|-swapsideconditions
|-activate|p1a: Cinderace|move: Court Change
|
|-damage|p1a: Cinderace|42/100 brn|[from] brn
|upkeep
|turn|5
|
|t:|1776100037
|switch|p2a: Alomomola|Alomomola, F|100/100
|move|p1a: Cinderace|U-turn|p2a: Alomomola
|-damage|p2a: Alomomola|95/100
|
|t:|1776100043
|switch|p1a: Serperior|Serperior, M|100/100|[from] U-turn
|-activate|p1a: Serperior|move: Sticky Web
|-boost|p1a: Serperior|spe|1
|
|upkeep
|turn|6
|
|t:|1776100061
|move|p1a: Serperior|Leaf Storm|p2a: Alomomola
|-supereffective|p2a: Alomomola
|-crit|p2a: Alomomola
|-damage|p2a: Alomomola|0 fnt
|-boost|p1a: Serperior|spa|2
|faint|p2a: Alomomola
|
|upkeep
|
|t:|1776100072
|switch|p2a: Cinderace|Cinderace, F, shiny|100/100
|turn|7
|
|t:|1776100091
|-terastallize|p1a: Serperior|Electric
|move|p1a: Serperior|Reflect|p1a: Serperior
|-sidestart|p1: gym locker smells|Reflect
|move|p2a: Cinderace|Pyro Ball|p1a: Serperior|[miss]
|-miss|p2a: Cinderace|p1a: Serperior
|
|upkeep
|turn|8
|l|☆RickyKaka
|player|p2|
|j|☆RickyKaka
|player|p2|RickyKaka|ghetsis|
|
|t:|1776100127
|move|p1a: Serperior|Tera Blast|p2a: Cinderace|[anim] Tera Blast Electric
|-damage|p2a: Cinderace|22/100
|move|p2a: Cinderace|Pyro Ball|p1a: Serperior
|-damage|p1a: Serperior|70/100
|
|upkeep
|turn|9
|
|t:|1776100140
|switch|p2a: Slowking|Slowking-Galar, F|100/100
|move|p1a: Serperior|Leaf Storm|p2a: Slowking
|-resisted|p2a: Slowking
|-damage|p2a: Slowking|72/100
|-boost|p1a: Serperior|spa|2
|
|upkeep
|turn|10
|inactive|Battle timer is ON: inactive players will automatically lose when time's up. (requested by gym locker smells)
|l|☆RickyKaka
|inactive|RickyKaka disconnected and has a minute to reconnect!
|player|p2|
|inactive|gym locker smells has 120 seconds left.
|
|t:|1776100175
|move|p1a: Serperior|Leaf Storm|p2a: Slowking
|-resisted|p2a: Slowking
|-damage|p2a: Slowking|27/100
|-boost|p1a: Serperior|spa|2
|move|p2a: Slowking|Future Sight|p1a: Serperior
|-start|p2a: Slowking|move: Future Sight
|
|upkeep
|turn|11
|j|☆RickyKaka
|inactive|RickyKaka reconnected and has 150 seconds left.
|player|p2|RickyKaka|ghetsis|
|
|t:|1776100186
|switch|p2a: Tornadus|Tornadus-Therian, M|100/100
|move|p1a: Serperior|Tera Blast|p2a: Tornadus|[anim] Tera Blast Electric
|-supereffective|p2a: Tornadus
|-damage|p2a: Tornadus|0 fnt
|faint|p2a: Tornadus
|
|-sideend|p1: gym locker smells|Reflect
|upkeep
|
|t:|1776100197
|switch|p2a: Lokix|Lokix, F|100/100
|turn|12
|
|t:|1776100203
|switch|p1a: Cinderace|Cinderace, M|42/100 brn
|move|p2a: Lokix|First Impression|p1a: Cinderace
|-resisted|p1a: Cinderace
|-damage|p1a: Cinderace|0 fnt
|faint|p1a: Cinderace
|
|-hint|Future Sight did not hit because the target is fainted.
|upkeep
|
|t:|1776100206
|switch|p1a: Serperior|Serperior, M, tera:Electric|70/100
|-activate|p1a: Serperior|move: Sticky Web
|-boost|p1a: Serperior|spe|1
|turn|13
|
|t:|1776100221
|switch|p2a: Slowking|Slowking-Galar, F|61/100
|move|p1a: Serperior|Leaf Storm|p2a: Slowking
|-resisted|p2a: Slowking
|-damage|p2a: Slowking|46/100
|-boost|p1a: Serperior|spa|2
|
|upkeep
|turn|14
|
|t:|1776100234
|move|p1a: Serperior|Leaf Storm|p2a: Slowking
|-resisted|p2a: Slowking
|-damage|p2a: Slowking|20/100
|-boost|p1a: Serperior|spa|2
|-prepare|p2a: Slowking|Chilly Reception|[premajor]
|move|p2a: Slowking|Chilly Reception|p2a: Slowking
|-weather|Snowscape
|
|t:|1776100243
|switch|p2a: Lokix|Lokix, F|100/100|[from] Chilly Reception
|
|-weather|Snowscape|[upkeep]
|upkeep
|turn|15
|
|t:|1776100250
|move|p2a: Lokix|First Impression|p1a: Serperior
|-damage|p1a: Serperior|1/100
|move|p1a: Serperior|Reflect|p1a: Serperior
|-sidestart|p1: gym locker smells|Reflect
|
|-weather|Snowscape|[upkeep]
|upkeep
|turn|16
|
|t:|1776100260
|switch|p2a: Slowking|Slowking-Galar, F|53/100
|move|p1a: Serperior|Synthesis|p1a: Serperior
|-heal|p1a: Serperior|26/100
|
|-weather|Snowscape|[upkeep]
|upkeep
|turn|17
|
|t:|1776100278
|move|p1a: Serperior|Tera Blast|p2a: Slowking|[anim] Tera Blast Electric
|-damage|p2a: Slowking|2/100
|-prepare|p2a: Slowking|Chilly Reception|[premajor]
|move|p2a: Slowking|Chilly Reception|p2a: Slowking
|
|t:|1776100288
|switch|p2a: Lokix|Lokix, F|100/100|[from] Chilly Reception
|
|-weather|Snowscape|[upkeep]
|upkeep
|turn|18
|
|t:|1776100296
|move|p2a: Lokix|First Impression|p1a: Serperior
|-damage|p1a: Serperior|0 fnt
|faint|p1a: Serperior
|
|-weather|none
|upkeep
|
|t:|1776100301
|switch|p1a: Passimian|Passimian, M|100/100
|-activate|p1a: Passimian|move: Sticky Web
|-unboost|p1a: Passimian|spe|1
|-ability|p1a: Passimian|Defiant|boost
|-boost|p1a: Passimian|atk|2
|-enditem|p1a: Passimian|White Herb
|-clearnegativeboost|p1a: Passimian|[silent]
|turn|19
|
|t:|1776100316
|switch|p2a: Slowking|Slowking-Galar, F|36/100
|move|p1a: Passimian|Knock Off|p2a: Slowking
|-supereffective|p2a: Slowking
|-damage|p2a: Slowking|0 fnt
|-enditem|p2a: Slowking|Heavy-Duty Boots|[from] move: Knock Off|[of] p1a: Passimian
|faint|p2a: Slowking
|
|-sideend|p1: gym locker smells|Reflect
|upkeep
|
|t:|1776100326
|switch|p2a: Lokix|Lokix, F|100/100
|turn|20
|l|☆RickyKaka
|inactive|RickyKaka disconnected and has a minute to reconnect!
|player|p2|
|j|☆RickyKaka
|inactive|RickyKaka reconnected and has 125 seconds left.
|player|p2|RickyKaka|ghetsis|
|
|t:|1776100350
|move|p2a: Lokix|First Impression|p1a: Passimian
|-resisted|p1a: Passimian
|-damage|p1a: Passimian|35/100
|move|p1a: Passimian|Close Combat|p2a: Lokix
|-damage|p2a: Lokix|0 fnt
|-unboost|p1a: Passimian|def|1
|-unboost|p1a: Passimian|spd|1
|faint|p2a: Lokix
|
|upkeep
|inactive|RickyKaka has 120 seconds left.
|
|t:|1776100361
|switch|p2a: Dragapult|Dragapult, F|9/100
|turn|21
|
|t:|1776100367
|move|p2a: Dragapult|Dragon Darts|p1a: Passimian
|-damage|p1a: Passimian|4/100
|-anim|p2a: Dragapult|Dragon Darts|p1a: Passimian
|-damage|p1a: Passimian|0 fnt
|faint|p1a: Passimian
|
|upkeep
|
|t:|1776100375
|switch|p1a: Milotic|Milotic, M|100/100
|-activate|p1a: Milotic|move: Sticky Web
|-unboost|p1a: Milotic|spe|1
|-ability|p1a: Milotic|Competitive|boost
|-boost|p1a: Milotic|spa|2
|turn|22
|l|☆RickyKaka
|inactive|RickyKaka disconnected and has a minute to reconnect!
|player|p2|
|j|☆RickyKaka
|inactive|RickyKaka reconnected and has 120 seconds left.
|player|p2|RickyKaka|ghetsis|
|
|t:|1776100402
|move|p2a: Dragapult|Dragon Darts|p1a: Milotic
|-damage|p1a: Milotic|82/100
|-anim|p2a: Dragapult|Dragon Darts|p1a: Milotic
|-damage|p1a: Milotic|64/100
|move|p1a: Milotic|Draining Kiss|p2a: Dragapult
|-supereffective|p2a: Dragapult
|-damage|p2a: Dragapult|0 fnt
|-heal|p1a: Milotic|69/100|[from] drain|[of] p2a: Dragapult
|faint|p2a: Dragapult
|
|upkeep
|
|t:|1776100413
|switch|p2a: Cinderace|Cinderace, F, shiny|22/100
|turn|23
|
|t:|1776100423
|move|p2a: Cinderace|Sucker Punch|p1a: Milotic
|-start|p2a: Cinderace|typechange|Dark|[from] ability: Libero
|-damage|p1a: Milotic|37/100
|move|p1a: Milotic|Surf|p2a: Cinderace
|-damage|p2a: Cinderace|0 fnt
|faint|p2a: Cinderace
|
|win|gym locker smells
|raw|gym locker smells's rating: 1104 &rarr; <strong>1126</strong><br />(+22 for winning)
|raw|RickyKaka's rating: 1057 &rarr; <strong>1041</strong><br />(-16 for losing)
|l|☆gym locker smells
|player|p1|
|l|☆RickyKaka
|player|p2|
