|html|<div class="broadcast-blue"><strong>[Gen 9] OU is currently suspecting Tera Blast! For information on how to participate check out the <a href="https://www.smogon.com/tools/suspects/view/200">suspect thread</a>.</strong></div>
|j|☆glacia301003
|j|☆jjk6767
|t:|1776056476
|gametype|singles
|player|p1|glacia301003|2|1218
|player|p2|jjk6767|n|1176
|gen|9
|tier|[Gen 9] OU
|rated|
|rule|HP Percentage Mod: HP is shown in percentages
|rule|Endless Battle Clause: Forcing endless battles is banned
|rule|Species Clause: Limit one of each Pokémon
|rule|OHKO Clause: OHKO moves are banned
|rule|Evasion Items Clause: Evasion items are banned
|rule|Evasion Moves Clause: Evasion moves are banned
|rule|Evasion Abilities Clause: Evasion abilities are banned
|rule|Sleep Moves Clause: Sleep-inducing moves are banned
|clearpoke
|poke|p1|Greninja-*, M|
|poke|p1|Dragonite, M|
|poke|p1|Garchomp, M|
|poke|p1|Gardevoir, F|
|poke|p1|Lucario, M|
|poke|p1|Gliscor, M|
|poke|p2|Dragonite, M|
|poke|p2|Magnezone|
|poke|p2|Kyurem|
|poke|p2|Slowking-Galar, F|
|poke|p2|Corviknight, F|
|poke|p2|Vaporeon, M|
|teampreview
|inactive|Battle timer is ON: inactive players will automatically lose when time's up. (requested by glacia301003)
|inactive|jjk6767 also wants the timer to be on.
|
|t:|1776056506
|teamsize|p1|6
|teamsize|p2|6
|start
|switch|p1a: Gardevoir|Gardevoir, F, shiny|100/100
|switch|p2a: Kyurem|Kyurem, shiny|100/100
|-ability|p1a: Gardevoir|Pressure|Trace|[from] ability: Trace|[of] p2a: Kyurem
|-ability|p1a: Gardevoir|Pressure
|-ability|p2a: Kyurem|Pressure
|turn|1
|
|t:|1776056516
|switch|p2a: Slowking|Slowking-Galar, F, shiny|100/100
|move|p1a: Gardevoir|Moonblast|p2a: Slowking
|-resisted|p2a: Slowking
|-damage|p2a: Slowking|86/100
|-unboost|p2a: Slowking|spa|1
|
|upkeep
|turn|2
|
|t:|1776056527
|switch|p1a: Garchomp|Garchomp, M|100/100
|-prepare|p2a: Slowking|Chilly Reception|[premajor]
|move|p2a: Slowking|Chilly Reception|p2a: Slowking
|-weather|Snowscape
|
|t:|1776056532
|switch|p2a: Vaporeon|Vaporeon, M, shiny|100/100|[from] Chilly Reception
|
|-weather|Snowscape|[upkeep]
|upkeep
|turn|3
|
|t:|1776056540
|switch|p1a: Gardevoir|Gardevoir, F, shiny|100/100
|-ability|p1a: Gardevoir|Water Absorb|Trace|[from] ability: Trace|[of] p2a: Vaporeon
|move|p2a: Vaporeon|Scald|p1a: Gardevoir
|-immune|p1a: Gardevoir|[from] ability: Water Absorb
|
|-weather|Snowscape|[upkeep]
|upkeep
|turn|4
|
|t:|1776056551
|move|p1a: Gardevoir|Thunderbolt|p2a: Vaporeon
|-supereffective|p2a: Vaporeon
|-damage|p2a: Vaporeon|52/100
|move|p2a: Vaporeon|Wish|p2a: Vaporeon
|
|-weather|Snowscape|[upkeep]
|-heal|p2a: Vaporeon|58/100|[from] item: Leftovers
|upkeep
|turn|5
|
|t:|1776056559
|switch|p2a: Magnezone|Magnezone, shiny|100/100
|move|p1a: Gardevoir|Thunderbolt|p2a: Magnezone
|-resisted|p2a: Magnezone
|-damage|p2a: Magnezone|82/100
|
|-weather|Snowscape|[upkeep]
|-heal|p2a: Magnezone|100/100|[from] move: Wish|[wisher] Vaporeon
|upkeep
|turn|6
|
|t:|1776056569
|switch|p1a: Garchomp|Garchomp, M|100/100
|move|p2a: Magnezone|Flash Cannon|p1a: Garchomp
|-damage|p1a: Garchomp|40/100
|
|-weather|none
|upkeep
|turn|7
|
|t:|1776056579
|switch|p2a: Vaporeon|Vaporeon, M, shiny|58/100
|move|p1a: Garchomp|Fire Fang|p2a: Vaporeon
|-resisted|p2a: Vaporeon
|-damage|p2a: Vaporeon|52/100
|
|-heal|p2a: Vaporeon|58/100|[from] item: Leftovers
|upkeep
|turn|8
|
|t:|1776056589
|switch|p1a: Gardevoir|Gardevoir, F, shiny|100/100
|-ability|p1a: Gardevoir|Water Absorb|Trace|[from] ability: Trace|[of] p2a: Vaporeon
|move|p2a: Vaporeon|Wish|p2a: Vaporeon
|
|-heal|p2a: Vaporeon|64/100|[from] item: Leftovers
|upkeep
|turn|9
|
|t:|1776056598
|switch|p2a: Magnezone|Magnezone, shiny|100/100
|move|p1a: Gardevoir|Thunderbolt|p2a: Magnezone
|-resisted|p2a: Magnezone
|-damage|p2a: Magnezone|82/100
|
|-heal|p2a: Magnezone|100/100|[from] move: Wish|[wisher] Vaporeon
|upkeep
|turn|10
|
|t:|1776056614
|switch|p1a: Lucario|Lucario, M|100/100
|move|p2a: Magnezone|Flash Cannon|p1a: Lucario
|-resisted|p1a: Lucario
|-damage|p1a: Lucario|43/100
|
|upkeep
|turn|11
|
|t:|1776056631
|switch|p2a: Corviknight|Corviknight, F, shiny|100/100
|move|p1a: Lucario|Close Combat|p2a: Corviknight
|-damage|p2a: Corviknight|56/100
|-unboost|p1a: Lucario|def|1
|-unboost|p1a: Lucario|spd|1
|-damage|p1a: Lucario|33/100|[from] item: Life Orb
|
|-heal|p2a: Corviknight|62/100|[from] item: Leftovers
|upkeep
|turn|12
|
|t:|1776056643
|switch|p1a: Garchomp|Garchomp, M|40/100
|move|p2a: Corviknight|Roost|p2a: Corviknight
|-heal|p2a: Corviknight|100/100
|-singleturn|p2a: Corviknight|move: Roost
|
|upkeep
|turn|13
|
|t:|1776056651
|move|p1a: Garchomp|Stealth Rock|p2a: Corviknight
|-sidestart|p2: jjk6767|move: Stealth Rock
|move|p2a: Corviknight|U-turn|p1a: Garchomp
|-damage|p1a: Garchomp|30/100
|-damage|p2a: Corviknight|88/100|[from] ability: Rough Skin|[of] p1a: Garchomp
|-damage|p2a: Corviknight|71/100|[from] item: Rocky Helmet|[of] p1a: Garchomp
|
|t:|1776056670
|switch|p2a: Vaporeon|Vaporeon, M, shiny|64/100|[from] U-turn
|-damage|p2a: Vaporeon|52/100|[from] Stealth Rock
|
|-heal|p2a: Vaporeon|58/100|[from] item: Leftovers
|upkeep
|turn|14
|
|t:|1776056677
|move|p2a: Vaporeon|Wish|p2a: Vaporeon
|move|p1a: Garchomp|Dragon Tail|p2a: Vaporeon
|-damage|p2a: Vaporeon|39/100
|drag|p2a: Corviknight|Corviknight, F, shiny|71/100
|-damage|p2a: Corviknight|59/100|[from] Stealth Rock
|
|-heal|p2a: Corviknight|65/100|[from] item: Leftovers
|upkeep
|turn|15
|
|t:|1776056687
|move|p1a: Garchomp|Fire Fang|p2a: Corviknight
|-supereffective|p2a: Corviknight
|-damage|p2a: Corviknight|40/100
|move|p2a: Corviknight|Defog|p1a: Garchomp
|-unboost|p1a: Garchomp|evasion|1
|-sideend|p2: jjk6767|Stealth Rock|[from] move: Defog|[of] p2a: Corviknight
|
|-heal|p2a: Corviknight|98/100|[from] move: Wish|[wisher] Vaporeon
|-heal|p2a: Corviknight|100/100|[from] item: Leftovers
|upkeep
|turn|16
|
|t:|1776056704
|move|p1a: Garchomp|Fire Fang|p2a: Corviknight
|-supereffective|p2a: Corviknight
|-damage|p2a: Corviknight|77/100
|move|p2a: Corviknight|Body Press|p1a: Garchomp
|-damage|p1a: Garchomp|14/100
|-damage|p2a: Corviknight|65/100|[from] ability: Rough Skin|[of] p1a: Garchomp
|-damage|p2a: Corviknight|48/100|[from] item: Rocky Helmet|[of] p1a: Garchomp
|
|-heal|p2a: Corviknight|55/100|[from] item: Leftovers
|upkeep
|turn|17
|
|t:|1776056715
|move|p1a: Garchomp|Fire Fang|p2a: Corviknight
|-supereffective|p2a: Corviknight
|-damage|p2a: Corviknight|29/100
|move|p2a: Corviknight|Body Press|p1a: Garchomp
|-damage|p1a: Garchomp|0 fnt
|-damage|p2a: Corviknight|17/100|[from] ability: Rough Skin|[of] p1a: Garchomp
|-damage|p2a: Corviknight|0 fnt|[from] item: Rocky Helmet|[of] p1a: Garchomp
|faint|p1a: Garchomp
|faint|p2a: Corviknight
|
|upkeep
|
|t:|1776056740
|switch|p1a: Gliscor|Gliscor, M|100/100
|switch|p2a: Kyurem|Kyurem, shiny|100/100
|-ability|p2a: Kyurem|Pressure
|turn|18
|
|t:|1776056748
|switch|p1a: Gardevoir|Gardevoir, F, shiny|100/100
|-ability|p1a: Gardevoir|Pressure|Trace|[from] ability: Trace|[of] p2a: Kyurem
|-ability|p1a: Gardevoir|Pressure
|move|p2a: Kyurem|Freeze-Dry|p1a: Gardevoir
|-damage|p1a: Gardevoir|42/100
|
|upkeep
|turn|19
|
|t:|1776056758
|-terastallize|p2a: Kyurem|Fairy
|move|p1a: Gardevoir|Moonblast|p2a: Kyurem
|-damage|p2a: Kyurem|55/100
|move|p2a: Kyurem|Freeze-Dry|p1a: Gardevoir
|-damage|p1a: Gardevoir|0 fnt
|faint|p1a: Gardevoir
|
|upkeep
|
|t:|1776056768
|switch|p1a: Lucario|Lucario, M|33/100
|turn|20
|
|t:|1776056774
|switch|p2a: Slowking|Slowking-Galar, F, shiny|100/100
|move|p1a: Lucario|Bullet Punch|p2a: Slowking
|-damage|p2a: Slowking|77/100
|-damage|p1a: Lucario|24/100|[from] item: Life Orb
|
|upkeep
|turn|21
|
|t:|1776056785
|switch|p1a: Greninja|Greninja, M|100/100
|move|p2a: Slowking|Future Sight|p1a: Greninja
|-start|p2a: Slowking|move: Future Sight
|
|upkeep
|turn|22
|
|t:|1776056801
|move|p1a: Greninja|Dark Pulse|p2a: Slowking
|-start|p1a: Greninja|typechange|Dark|[from] ability: Protean
|-supereffective|p2a: Slowking
|-damage|p2a: Slowking|23/100
|-damage|p1a: Greninja|91/100|[from] item: Life Orb
|-prepare|p2a: Slowking|Chilly Reception|[premajor]
|move|p2a: Slowking|Chilly Reception|p2a: Slowking
|-weather|Snowscape
|
|t:|1776056804
|switch|p2a: Magnezone|Magnezone, shiny|100/100|[from] Chilly Reception
|
|-weather|Snowscape|[upkeep]
|upkeep
|turn|23
|
|t:|1776056832
|move|p1a: Greninja|U-turn|p2a: Magnezone
|-resisted|p2a: Magnezone
|-damage|p2a: Magnezone|91/100
|-damage|p1a: Greninja|81/100|[from] item: Life Orb
|
|t:|1776056837
|switch|p1a: Lucario|Lucario, M|24/100|[from] U-turn
|move|p2a: Magnezone|Flash Cannon|p1a: Lucario
|-resisted|p1a: Lucario
|-damage|p1a: Lucario|0 fnt
|faint|p1a: Lucario
|
|-weather|Snowscape|[upkeep]
|-hint|Future Sight did not hit because the target is fainted.
|upkeep
|inactive|glacia301003 has 120 seconds left.
|
|t:|1776056853
|switch|p1a: Dragonite|Dragonite, M|100/100
|turn|24
|
|t:|1776056878
|move|p1a: Dragonite|Earthquake|p2a: Magnezone
|-supereffective|p2a: Magnezone
|-damage|p2a: Magnezone|0 fnt
|faint|p2a: Magnezone
|
|-weather|Snowscape|[upkeep]
|upkeep
|inactive|jjk6767 has 120 seconds left.
|
|t:|1776056895
|switch|p2a: Slowking|Slowking-Galar, F, shiny|56/100
|turn|25
|
|t:|1776056904
|move|p1a: Dragonite|Earthquake|p2a: Slowking
|-supereffective|p2a: Slowking
|-damage|p2a: Slowking|0 fnt
|faint|p2a: Slowking
|
|-weather|Snowscape|[upkeep]
|upkeep
|
|t:|1776056910
|switch|p2a: Dragonite|Dragonite, M, shiny|100/100
|turn|26
|
|t:|1776056918
|-terastallize|p1a: Dragonite|Normal
|move|p2a: Dragonite|Encore|p1a: Dragonite
|-start|p1a: Dragonite|Encore
|move|p1a: Dragonite|Earthquake|p2a: Dragonite
|-immune|p2a: Dragonite
|
|-weather|none
|upkeep
|turn|27
|
|t:|1776056930
|switch|p1a: Greninja|Greninja, M|81/100
|move|p2a: Dragonite|Dragon Dance|p2a: Dragonite
|-boost|p2a: Dragonite|atk|1
|-boost|p2a: Dragonite|spe|1
|
|upkeep
|turn|28
|
|t:|1776056940
|move|p2a: Dragonite|Earthquake|p1a: Greninja
|-damage|p1a: Greninja|0 fnt
|faint|p1a: Greninja
|
|upkeep
|
|t:|1776056945
|switch|p1a: Gliscor|Gliscor, M|100/100
|turn|29
|
|t:|1776056958
|move|p2a: Dragonite|Extreme Speed|p1a: Gliscor
|-damage|p1a: Gliscor|75/100
|move|p1a: Gliscor|Toxic|p2a: Dragonite
|-status|p2a: Dragonite|tox
|
|-damage|p2a: Dragonite|94/100 tox|[from] psn
|-status|p1a: Gliscor|tox|[from] item: Toxic Orb
|upkeep
|turn|30
|
|t:|1776056971
|move|p1a: Gliscor|Protect|p1a: Gliscor
|-singleturn|p1a: Gliscor|Protect
|move|p2a: Dragonite|Dragon Dance|p2a: Dragonite
|-boost|p2a: Dragonite|atk|1
|-boost|p2a: Dragonite|spe|1
|
|-damage|p2a: Dragonite|82/100 tox|[from] psn
|-heal|p1a: Gliscor|87/100 tox|[from] ability: Poison Heal
|upkeep
|turn|31
|
|t:|1776056983
|move|p2a: Dragonite|Extreme Speed|p1a: Gliscor
|-damage|p1a: Gliscor|51/100 tox
|move|p1a: Gliscor|Substitute|p1a: Gliscor
|-start|p1a: Gliscor|Substitute
|-damage|p1a: Gliscor|26/100 tox
|
|-damage|p2a: Dragonite|63/100 tox|[from] psn
|-heal|p1a: Gliscor|38/100 tox|[from] ability: Poison Heal
|upkeep
|turn|32
|inactive|glacia301003 has 120 seconds left.
|
|t:|1776057029
|switch|p2a: Vaporeon|Vaporeon, M, shiny|39/100
|move|p1a: Gliscor|Toxic|p2a: Vaporeon
|-status|p2a: Vaporeon|tox
|
|-heal|p2a: Vaporeon|45/100 tox|[from] item: Leftovers
|-heal|p1a: Gliscor|51/100 tox|[from] ability: Poison Heal
|-damage|p2a: Vaporeon|39/100 tox|[from] psn
|upkeep
|turn|33
|
|t:|1776057041
|move|p1a: Gliscor|Earthquake|p2a: Vaporeon
|-damage|p2a: Vaporeon|17/100 tox
|move|p2a: Vaporeon|Flip Turn|p1a: Gliscor
|-supereffective|p1a: Gliscor
|-activate|p1a: Gliscor|move: Substitute|[damage]
|
|t:|1776057046
|switch|p2a: Dragonite|Dragonite, M, shiny|63/100 tox|[from] Flip Turn
|
|-damage|p2a: Dragonite|57/100 tox|[from] psn
|-heal|p1a: Gliscor|63/100 tox|[from] ability: Poison Heal
|upkeep
|turn|34
|
|t:|1776057056
|move|p2a: Dragonite|Encore|p1a: Gliscor
|-start|p1a: Gliscor|Encore
|move|p1a: Gliscor|Earthquake|p2a: Dragonite
|-immune|p2a: Dragonite
|
|-damage|p2a: Dragonite|45/100 tox|[from] psn
|-heal|p1a: Gliscor|76/100 tox|[from] ability: Poison Heal
|upkeep
|turn|35
|inactive|glacia301003 has 120 seconds left.
|
|t:|1776057066
|move|p2a: Dragonite|Extreme Speed|p1a: Gliscor
|-end|p1a: Gliscor|Substitute
|move|p1a: Gliscor|Earthquake|p2a: Dragonite
|-immune|p2a: Dragonite
|
|-damage|p2a: Dragonite|26/100 tox|[from] psn
|-heal|p1a: Gliscor|88/100 tox|[from] ability: Poison Heal
|upkeep
|turn|36
|inactive|glacia301003 has 120 seconds left.
|
|t:|1776057087
|move|p2a: Dragonite|Extreme Speed|p1a: Gliscor
|-damage|p1a: Gliscor|70/100 tox
|move|p1a: Gliscor|Earthquake|p2a: Dragonite
|-immune|p2a: Dragonite
|
|-damage|p2a: Dragonite|1/100 tox|[from] psn
|-heal|p1a: Gliscor|82/100 tox|[from] ability: Poison Heal
|-end|p1a: Gliscor|Encore
|upkeep
|turn|37
|
|t:|1776057099
|move|p1a: Gliscor|Protect|p1a: Gliscor
|-singleturn|p1a: Gliscor|Protect
|move|p2a: Dragonite|Encore|p1a: Gliscor
|-activate|p1a: Gliscor|move: Protect
|
|-damage|p2a: Dragonite|0 fnt|[from] psn
|faint|p2a: Dragonite
|-heal|p1a: Gliscor|95/100 tox|[from] ability: Poison Heal
|upkeep
|
|t:|1776057101
|switch|p2a: Kyurem|Kyurem, shiny, tera:Fairy|55/100
|-ability|p2a: Kyurem|Pressure
|turn|38
|
|t:|1776057122
|switch|p1a: Dragonite|Dragonite, M, tera:Normal|100/100
|move|p2a: Kyurem|Ice Beam|p1a: Dragonite
|-damage|p1a: Dragonite|64/100
|
|upkeep
|turn|39
|
|t:|1776057129
|switch|p2a: Vaporeon|Vaporeon, M, shiny|17/100 tox
|move|p1a: Dragonite|Extreme Speed|p2a: Vaporeon
|-damage|p2a: Vaporeon|0 fnt
|faint|p2a: Vaporeon
|
|upkeep
|
|t:|1776057133
|switch|p2a: Kyurem|Kyurem, shiny, tera:Fairy|55/100
|-ability|p2a: Kyurem|Pressure
|turn|40
|
|t:|1776057140
|move|p1a: Dragonite|Extreme Speed|p2a: Kyurem
|-damage|p2a: Kyurem|11/100
|move|p2a: Kyurem|Ice Beam|p1a: Dragonite
|-damage|p1a: Dragonite|0 fnt
|faint|p1a: Dragonite
|
|upkeep
|
|t:|1776057149
|switch|p1a: Gliscor|Gliscor, M|95/100 tox
|turn|41
|
|t:|1776057154
|move|p1a: Gliscor|Protect|p1a: Gliscor
|-singleturn|p1a: Gliscor|Protect
|move|p2a: Kyurem|Ice Beam|p1a: Gliscor
|-activate|p1a: Gliscor|move: Protect
|
|-heal|p1a: Gliscor|100/100 tox|[from] ability: Poison Heal
|upkeep
|turn|42
|
|t:|1776057163
|move|p2a: Kyurem|Ice Beam|p1a: Gliscor
|-supereffective|p1a: Gliscor
|-damage|p1a: Gliscor|0 fnt
|faint|p1a: Gliscor
|
|win|jjk6767
|raw|glacia301003's rating: 1218 &rarr; <strong>1190</strong><br />(-28 for losing)
|raw|jjk6767's rating: 1176 &rarr; <strong>1204</strong><br />(+28 for winning)
|l|☆glacia301003
|player|p1|
|l|☆jjk6767
|player|p2|
