|html|<div class="broadcast-blue"><strong>[Gen 9] OU is currently suspecting Tera Blast! For information on how to participate check out the <a href="https://www.smogon.com/tools/suspects/view/200">suspect thread</a>.</strong></div>
|j|☆Xtthanos
|j|☆SY4dv6Ka5ZXKQAWT
|t:|1776197737
|gametype|singles
|player|p1|Xtthanos|101|1047
|player|p2|SY4dv6Ka5ZXKQAWT|1|1000
|gen|9
|tier|[Gen 9] OU
|rated|
|rule|HP Percentage Mod: HP is shown in percentages
|rule|Endless Battle Clause: Forcing endless battles is banned
|rule|Species Clause: Limit one of each Pokémon
|rule|OHKO Clause: OHKO moves are banned
|rule|Evasion Items Clause: Evasion items are banned
|rule|Evasion Moves Clause: Evasion moves are banned
|rule|Evasion Abilities Clause: Evasion abilities are banned
|rule|Sleep Moves Clause: Sleep-inducing moves are banned
|clearpoke
|poke|p1|Skeledirge, M|
|poke|p1|Meowscarada, F|
|poke|p1|Decidueye-Hisui, M|
|poke|p1|Primarina, F|
|poke|p1|Infernape, M|
|poke|p1|Samurott-Hisui, F|
|poke|p2|Iron Moth|
|poke|p2|Gliscor, M|
|poke|p2|Hatterene, F|
|poke|p2|Ogerpon-Wellspring, F|
|poke|p2|Raging Bolt|
|poke|p2|Zamazenta-*|
|teampreview
|inactive|Battle timer is ON: inactive players will automatically lose when time's up. (requested by SY4dv6Ka5ZXKQAWT)
|
|t:|1776197753
|teamsize|p1|6
|teamsize|p2|6
|start
|switch|p1a: Samurott|Samurott-Hisui, F|100/100
|switch|p2a: Zamazenta|Zamazenta|100/100
|-ability|p2a: Zamazenta|Dauntless Shield|boost
|-boost|p2a: Zamazenta|def|1
|turn|1
|
|t:|1776197773
|switch|p1a: Skeledirge|Skeledirge, M|100/100
|move|p2a: Zamazenta|Close Combat|p1a: Skeledirge
|-immune|p1a: Skeledirge
|
|upkeep
|turn|2
|
|t:|1776197781
|move|p2a: Zamazenta|Light Screen|p2a: Zamazenta
|-sidestart|p2: SY4dv6Ka5ZXKQAWT|move: Light Screen
|move|p1a: Skeledirge|Torch Song|p2a: Zamazenta
|-damage|p2a: Zamazenta|89/100
|-boost|p1a: Skeledirge|spa|1
|
|upkeep
|turn|3
|
|t:|1776197789
|switch|p2a: Gliscor|Gliscor, M|100/100
|move|p1a: Skeledirge|Alluring Voice|p2a: Gliscor
|-damage|p2a: Gliscor|81/100
|
|-status|p2a: Gliscor|tox|[from] item: Toxic Orb
|upkeep
|turn|4
|
|t:|1776197792
|move|p2a: Gliscor|Earthquake|p1a: Skeledirge
|-supereffective|p1a: Skeledirge
|-damage|p1a: Skeledirge|47/100
|move|p1a: Skeledirge|Torch Song|p2a: Gliscor
|-damage|p2a: Gliscor|54/100 tox
|-boost|p1a: Skeledirge|spa|1
|
|-heal|p2a: Gliscor|66/100 tox|[from] ability: Poison Heal
|upkeep
|turn|5
|
|t:|1776197801
|switch|p1a: Decidueye|Decidueye-Hisui, M|100/100
|move|p2a: Gliscor|Earthquake|p1a: Decidueye
|-resisted|p1a: Decidueye
|-damage|p1a: Decidueye|71/100
|
|-heal|p2a: Gliscor|79/100 tox|[from] ability: Poison Heal
|upkeep
|turn|6
|
|t:|1776197807
|switch|p2a: Zamazenta|Zamazenta|89/100
|move|p1a: Decidueye|Swords Dance|p1a: Decidueye
|-boost|p1a: Decidueye|atk|2
|
|upkeep
|turn|7
|
|t:|1776197812
|move|p2a: Zamazenta|Reflect|p2a: Zamazenta
|-sidestart|p2: SY4dv6Ka5ZXKQAWT|Reflect
|move|p1a: Decidueye|Triple Arrows|p2a: Zamazenta
|-damage|p2a: Zamazenta|51/100
|
|upkeep
|turn|8
|
|t:|1776197819
|switch|p2a: Hatterene|Hatterene, F|100/100
|move|p1a: Decidueye|Triple Arrows|p2a: Hatterene
|-resisted|p2a: Hatterene
|-damage|p2a: Hatterene|91/100
|-unboost|p2a: Hatterene|def|1
|
|-heal|p2a: Hatterene|97/100|[from] item: Leftovers
|upkeep
|turn|9
|
|t:|1776197823
|move|p1a: Decidueye|Shadow Claw|p2a: Hatterene
|-supereffective|p2a: Hatterene
|-damage|p2a: Hatterene|34/100
|move|p2a: Hatterene|Calm Mind|p2a: Hatterene
|-boost|p2a: Hatterene|spa|1
|-boost|p2a: Hatterene|spd|1
|
|-heal|p2a: Hatterene|40/100|[from] item: Leftovers
|-sideend|p2: SY4dv6Ka5ZXKQAWT|move: Light Screen
|upkeep
|turn|10
|
|t:|1776197827
|move|p1a: Decidueye|Shadow Claw|p2a: Hatterene
|-supereffective|p2a: Hatterene
|-damage|p2a: Hatterene|0 fnt
|faint|p2a: Hatterene
|
|upkeep
|
|t:|1776197831
|switch|p2a: Iron Moth|Iron Moth|100/100
|-enditem|p2a: Iron Moth|Booster Energy
|-activate|p2a: Iron Moth|ability: Quark Drive|[fromitem]
|-start|p2a: Iron Moth|quarkdrivespe
|turn|11
|
|t:|1776197833
|move|p1a: Decidueye|Sucker Punch|p2a: Iron Moth
|-damage|p2a: Iron Moth|65/100
|move|p2a: Iron Moth|Fiery Dance|p1a: Decidueye
|-supereffective|p1a: Decidueye
|-damage|p1a: Decidueye|0 fnt
|faint|p1a: Decidueye
|
|upkeep
|
|t:|1776197849
|switch|p1a: Skeledirge|Skeledirge, M|47/100
|turn|12
|
|t:|1776197859
|move|p2a: Iron Moth|Toxic Spikes|p1a: Skeledirge
|-sidestart|p1: Xtthanos|move: Toxic Spikes
|move|p1a: Skeledirge|Earth Power|p2a: Iron Moth
|-supereffective|p2a: Iron Moth
|-damage|p2a: Iron Moth|0 fnt
|faint|p2a: Iron Moth
|-end|p2a: Iron Moth|Quark Drive|[silent]
|
|upkeep
|
|t:|1776197870
|switch|p2a: Zamazenta|Zamazenta|51/100
|turn|13
|
|t:|1776197873
|move|p2a: Zamazenta|Light Screen|p2a: Zamazenta
|-sidestart|p2: SY4dv6Ka5ZXKQAWT|move: Light Screen
|move|p1a: Skeledirge|Alluring Voice|p2a: Zamazenta
|-supereffective|p2a: Zamazenta
|-damage|p2a: Zamazenta|35/100
|
|upkeep
|turn|14
|
|t:|1776197879
|switch|p2a: Gliscor|Gliscor, M|79/100 tox
|move|p1a: Skeledirge|Alluring Voice|p2a: Gliscor
|-damage|p2a: Gliscor|65/100 tox
|
|-heal|p2a: Gliscor|78/100 tox|[from] ability: Poison Heal
|-sideend|p2: SY4dv6Ka5ZXKQAWT|Reflect
|upkeep
|turn|15
|inactive|Xtthanos has 120 seconds left.
|
|t:|1776197921
|move|p2a: Gliscor|Swords Dance|p2a: Gliscor
|-boost|p2a: Gliscor|atk|2
|move|p1a: Skeledirge|Night Shade|p2a: Gliscor
|-damage|p2a: Gliscor|48/100 tox
|
|-heal|p2a: Gliscor|60/100 tox|[from] ability: Poison Heal
|upkeep
|turn|16
|
|t:|1776197930
|move|p2a: Gliscor|Agility|p2a: Gliscor
|-boost|p2a: Gliscor|spe|2
|move|p1a: Skeledirge|Night Shade|p2a: Gliscor
|-damage|p2a: Gliscor|30/100 tox
|
|-heal|p2a: Gliscor|42/100 tox|[from] ability: Poison Heal
|upkeep
|turn|17
|
|t:|1776197932
|move|p2a: Gliscor|Earthquake|p1a: Skeledirge
|-supereffective|p1a: Skeledirge
|-damage|p1a: Skeledirge|0 fnt
|faint|p1a: Skeledirge
|
|-heal|p2a: Gliscor|55/100 tox|[from] ability: Poison Heal
|upkeep
|
|t:|1776197939
|switch|p1a: Meowscarada|Meowscarada, F|100/100
|turn|18
|
|t:|1776197945
|-terastallize|p2a: Gliscor|Normal
|move|p2a: Gliscor|Facade|p1a: Meowscarada
|-damage|p1a: Meowscarada|0 fnt
|faint|p1a: Meowscarada
|
|-heal|p2a: Gliscor|67/100 tox|[from] ability: Poison Heal
|upkeep
|
|t:|1776197954
|switch|p1a: Infernape|Infernape, M|100/100
|-status|p1a: Infernape|psn
|turn|19
|
|t:|1776197956
|-terastallize|p1a: Infernape|Fighting
|move|p1a: Infernape|Vacuum Wave|p2a: Gliscor
|-supereffective|p2a: Gliscor
|-damage|p2a: Gliscor|23/100 tox
|move|p2a: Gliscor|Earthquake|p1a: Infernape
|-damage|p1a: Infernape|0 fnt
|faint|p1a: Infernape
|
|-heal|p2a: Gliscor|36/100 tox|[from] ability: Poison Heal
|upkeep
|
|t:|1776197962
|switch|p1a: Primarina|Primarina, F|100/100
|-status|p1a: Primarina|psn
|turn|20
|
|t:|1776197964
|move|p2a: Gliscor|Facade|p1a: Primarina
|-damage|p1a: Primarina|0 fnt
|faint|p1a: Primarina
|
|-heal|p2a: Gliscor|48/100 tox|[from] ability: Poison Heal
|-sideend|p2: SY4dv6Ka5ZXKQAWT|move: Light Screen
|upkeep
|
|t:|1776197965
|switch|p1a: Samurott|Samurott-Hisui, F|100/100
|-status|p1a: Samurott|psn
|turn|21
|
|t:|1776197967
|move|p2a: Gliscor|Facade|p1a: Samurott
|-damage|p1a: Samurott|0 fnt
|faint|p1a: Samurott
|
|win|SY4dv6Ka5ZXKQAWT
|raw|Xtthanos's rating: 1047 &rarr; <strong>1028</strong><br />(-19 for losing)
|raw|SY4dv6Ka5ZXKQAWT's rating: 1000 &rarr; <strong>1045</strong><br />(+45 for winning)
