|html|<div class="broadcast-blue"><strong>[Gen 9] OU is currently suspecting Tera Blast! For information on how to participate check out the <a href="https://www.smogon.com/tools/suspects/view/200">suspect thread</a>.</strong></div>
|j|☆KenjiShiguma
|j|☆big_chud837396
|t:|1776057005
|gametype|singles
|player|p1|KenjiShiguma|pokemonbreeder-gen4|1056
|player|p2|big_chud837396|hiker|1070
|gen|9
|tier|[Gen 9] OU
|rated|
|rule|HP Percentage Mod: HP is shown in percentages
|rule|Endless Battle Clause: Forcing endless battles is banned
|rule|Species Clause: Limit one of each Pokémon
|rule|OHKO Clause: OHKO moves are banned
|rule|Evasion Items Clause: Evasion items are banned
|rule|Evasion Moves Clause: Evasion moves are banned
|rule|Evasion Abilities Clause: Evasion abilities are banned
|rule|Sleep Moves Clause: Sleep-inducing moves are banned
|clearpoke
|poke|p1|Zangoose, M|
|poke|p1|Squawkabilly, M|
|poke|p1|Dedenne, F|
|poke|p1|Masquerain, F|
|poke|p1|Breloom, M|
|poke|p1|Flareon, F|
|poke|p2|Infernape, F|
|poke|p2|Great Tusk|
|poke|p2|Dragapult, F|
|poke|p2|Krookodile, F|
|poke|p2|Toxtricity-Low-Key, F|
|poke|p2|Overqwil, F|
|teampreview
|
|t:|1776057020
|teamsize|p1|6
|teamsize|p2|6
|start
|switch|p1a: Masquerain|Masquerain, F|100/100
|switch|p2a: Overqwil|Overqwil, F, shiny|100/100
|-ability|p1a: Masquerain|Intimidate|boost
|-unboost|p2a: Overqwil|atk|1
|turn|1
|
|t:|1776057040
|move|p1a: Masquerain|Quiver Dance|p1a: Masquerain
|-boost|p1a: Masquerain|spa|1
|-boost|p1a: Masquerain|spd|1
|-boost|p1a: Masquerain|spe|1
|move|p2a: Overqwil|Toxic Spikes|p1a: Masquerain
|-sidestart|p1: KenjiShiguma|move: Toxic Spikes
|
|upkeep
|turn|2
|
|t:|1776057047
|move|p1a: Masquerain|Bug Buzz|p2a: Overqwil
|-damage|p2a: Overqwil|26/100
|move|p2a: Overqwil|Toxic Spikes|p1a: Masquerain
|-sidestart|p1: KenjiShiguma|move: Toxic Spikes
|
|upkeep
|turn|3
|
|t:|1776057054
|move|p1a: Masquerain|Bug Buzz|p2a: Overqwil
|-damage|p2a: Overqwil|0 fnt
|faint|p2a: Overqwil
|
|upkeep
|
|t:|1776057060
|switch|p2a: Infernape|Infernape, F, shiny|100/100
|turn|4
|
|t:|1776057069
|move|p1a: Masquerain|Surf|p2a: Infernape
|-supereffective|p2a: Infernape
|-enditem|p2a: Infernape|Focus Sash
|-damage|p2a: Infernape|1/100
|move|p2a: Infernape|Stone Edge|p1a: Masquerain
|-supereffective|p1a: Masquerain
|-damage|p1a: Masquerain|0 fnt
|faint|p1a: Masquerain
|
|upkeep
|
|t:|1776057078
|switch|p1a: Zangoose|Zangoose, M|100/100
|-status|p1a: Zangoose|tox
|turn|5
|
|t:|1776057087
|move|p1a: Zangoose|Quick Attack|p2a: Infernape
|-damage|p2a: Infernape|0 fnt
|faint|p2a: Infernape
|
|-damage|p1a: Zangoose|95/100 tox|[from] psn
|upkeep
|
|t:|1776057095
|switch|p2a: Great Tusk|Great Tusk, shiny|100/100
|turn|6
|
|t:|1776057106
|-terastallize|p1a: Zangoose|Ghost
|move|p1a: Zangoose|Belly Drum|p1a: Zangoose
|-damage|p1a: Zangoose|45/100 tox
|-setboost|p1a: Zangoose|atk|6|[from] move: Belly Drum
|move|p2a: Great Tusk|Close Combat|p1a: Zangoose
|-immune|p1a: Zangoose
|
|-heal|p1a: Zangoose|51/100 tox|[from] item: Leftovers
|-damage|p1a: Zangoose|39/100 tox|[from] psn
|upkeep
|turn|7
|
|t:|1776057121
|move|p1a: Zangoose|Facade|p2a: Great Tusk
|-damage|p2a: Great Tusk|0 fnt
|faint|p2a: Great Tusk
|-end|p2a: Great Tusk|Protosynthesis|[silent]
|
|-heal|p1a: Zangoose|45/100 tox|[from] item: Leftovers
|-damage|p1a: Zangoose|27/100 tox|[from] psn
|upkeep
|
|t:|1776057130
|switch|p2a: Krookodile|Krookodile, F, shiny|100/100
|-ability|p2a: Krookodile|Intimidate|boost
|-unboost|p1a: Zangoose|atk|1
|turn|8
|
|t:|1776057136
|move|p1a: Zangoose|Belly Drum||[still]
|-fail|p1a: Zangoose
|move|p2a: Krookodile|Crunch|p1a: Zangoose
|-supereffective|p1a: Zangoose
|-damage|p1a: Zangoose|0 fnt
|faint|p1a: Zangoose
|
|upkeep
|c|☆KenjiShiguma|Misclick, meant quick attack
|
|t:|1776057157
|switch|p1a: Breloom|Breloom, M|100/100
|-status|p1a: Breloom|tox
|turn|9
|
|t:|1776057171
|move|p2a: Krookodile|Bulk Up|p2a: Krookodile
|-boost|p2a: Krookodile|atk|1
|-boost|p2a: Krookodile|def|1
|move|p1a: Breloom|Substitute|p1a: Breloom
|-start|p1a: Breloom|Substitute
|-damage|p1a: Breloom|76/100 tox
|
|-heal|p1a: Breloom|88/100 tox|[from] ability: Poison Heal
|upkeep
|turn|10
|
|t:|1776057183
|switch|p2a: Dragapult|Dragapult, F, shiny|100/100
|move|p1a: Breloom|Leech Seed|p2a: Dragapult
|-start|p2a: Dragapult|move: Leech Seed
|
|-damage|p2a: Dragapult|88/100|[from] Leech Seed|[of] p1a: Breloom
|-heal|p1a: Breloom|100/100 tox|[silent]
|upkeep
|turn|11
|
|t:|1776057196
|move|p2a: Dragapult|Fire Blast|p1a: Breloom
|-supereffective|p1a: Breloom
|-end|p1a: Breloom|Substitute
|-damage|p2a: Dragapult|78/100|[from] item: Life Orb
|move|p1a: Breloom|Substitute|p1a: Breloom
|-start|p1a: Breloom|Substitute
|-damage|p1a: Breloom|76/100 tox
|
|-damage|p2a: Dragapult|66/100|[from] Leech Seed|[of] p1a: Breloom
|-heal|p1a: Breloom|93/100 tox|[silent]
|-heal|p1a: Breloom|100/100 tox|[from] ability: Poison Heal
|upkeep
|turn|12
|
|t:|1776057208
|move|p2a: Dragapult|Fire Blast|p1a: Breloom
|-supereffective|p1a: Breloom
|-end|p1a: Breloom|Substitute
|-damage|p2a: Dragapult|56/100|[from] item: Life Orb
|move|p1a: Breloom|Substitute|p1a: Breloom
|-start|p1a: Breloom|Substitute
|-damage|p1a: Breloom|76/100 tox
|
|-damage|p2a: Dragapult|44/100|[from] Leech Seed|[of] p1a: Breloom
|-heal|p1a: Breloom|93/100 tox|[silent]
|-heal|p1a: Breloom|100/100 tox|[from] ability: Poison Heal
|upkeep
|turn|13
|
|t:|1776057223
|switch|p2a: Toxtricity|Toxtricity-Low-Key, F, shiny|100/100
|move|p1a: Breloom|Substitute|p1a: Breloom
|-fail|p1a: Breloom|move: Substitute
|
|upkeep
|turn|14
|
|t:|1776057241
|move|p2a: Toxtricity|Boomburst|p1a: Breloom
|-damage|p1a: Breloom|23/100 tox
|move|p1a: Breloom|Leech Seed|p2a: Toxtricity
|-start|p2a: Toxtricity|move: Leech Seed
|
|-damage|p2a: Toxtricity|88/100|[from] Leech Seed|[of] p1a: Breloom
|-heal|p1a: Breloom|40/100 tox|[silent]
|-heal|p1a: Breloom|53/100 tox|[from] ability: Poison Heal
|upkeep
|turn|15
|
|t:|1776057251
|switch|p1a: Flareon|Flareon, F|100/100
|-status|p1a: Flareon|tox
|move|p2a: Toxtricity|Boomburst|p1a: Flareon
|-damage|p1a: Flareon|68/100 tox
|
|-damage|p2a: Toxtricity|76/100|[from] Leech Seed|[of] p1a: Flareon
|-heal|p1a: Flareon|80/100 tox|[silent]
|-damage|p1a: Flareon|74/100 tox|[from] psn
|upkeep
|turn|16
|
|t:|1776057263
|switch|p2a: Krookodile|Krookodile, F, shiny|100/100
|-ability|p2a: Krookodile|Intimidate|boost
|-unboost|p1a: Flareon|atk|1
|move|p1a: Flareon|Fire Spin|p2a: Krookodile
|-damage|p2a: Krookodile|88/100
|-activate|p2a: Krookodile|move: Fire Spin|[of] p1a: Flareon
|
|-damage|p1a: Flareon|62/100 tox|[from] psn
|-damage|p2a: Krookodile|75/100|[from] move: Fire Spin|[partiallytrapped]
|upkeep
|turn|17
|
|t:|1776057277
|switch|p1a: Breloom|Breloom, M|53/100 tox
|move|p2a: Krookodile|Earthquake|p1a: Breloom
|-resisted|p1a: Breloom
|-damage|p1a: Breloom|30/100 tox
|
|-heal|p1a: Breloom|42/100 tox|[from] ability: Poison Heal
|-end|p2a: Krookodile|Fire Spin|[partiallytrapped]|[silent]
|upkeep
|turn|18
|
|t:|1776057290
|switch|p2a: Toxtricity|Toxtricity-Low-Key, F, shiny|76/100
|move|p1a: Breloom|Drain Punch|p2a: Toxtricity
|-resisted|p2a: Toxtricity
|-damage|p2a: Toxtricity|59/100
|-heal|p1a: Breloom|54/100 tox|[from] drain|[of] p2a: Toxtricity
|
|-heal|p1a: Breloom|67/100 tox|[from] ability: Poison Heal
|upkeep
|turn|19
|
|t:|1776057302
|switch|p1a: Flareon|Flareon, F|62/100 tox
|move|p2a: Toxtricity|Boomburst|p1a: Flareon
|-damage|p1a: Flareon|33/100 tox
|
|-damage|p1a: Flareon|27/100 tox|[from] psn
|upkeep
|turn|20
|
|t:|1776057315
|move|p2a: Toxtricity|Boomburst|p1a: Flareon
|-damage|p1a: Flareon|0 fnt
|faint|p1a: Flareon
|
|upkeep
|
|t:|1776057320
|switch|p1a: Squawkabilly|Squawkabilly, M|100/100
|turn|21
|
|t:|1776057326
|move|p1a: Squawkabilly|Facade|p2a: Toxtricity
|-crit|p2a: Toxtricity
|-damage|p2a: Toxtricity|6/100
|move|p2a: Toxtricity|Nuzzle|p1a: Squawkabilly
|-supereffective|p1a: Squawkabilly
|-damage|p1a: Squawkabilly|67/100
|-status|p1a: Squawkabilly|par
|
|upkeep
|turn|22
|
|t:|1776057341
|cant|p1a: Squawkabilly|par
|move|p2a: Toxtricity|Overdrive|p1a: Squawkabilly
|-supereffective|p1a: Squawkabilly
|-damage|p1a: Squawkabilly|0 fnt
|faint|p1a: Squawkabilly
|
|upkeep
|
|t:|1776057354
|switch|p1a: Dedenne|Dedenne, F|100/100
|-status|p1a: Dedenne|tox
|turn|23
|
|t:|1776057365
|move|p1a: Dedenne|Parabolic Charge|p2a: Toxtricity
|-resisted|p2a: Toxtricity
|-damage|p2a: Toxtricity|0 fnt
|faint|p2a: Toxtricity
|
|-damage|p1a: Dedenne|94/100 tox|[from] psn
|upkeep
|
|t:|1776057373
|switch|p2a: Dragapult|Dragapult, F, shiny|44/100
|turn|24
|
|t:|1776057383
|-terastallize|p2a: Dragapult|Normal
|move|p2a: Dragapult|Psychic Fangs|p1a: Dedenne
|-damage|p1a: Dedenne|38/100 tox
|-enditem|p1a: Dedenne|Sitrus Berry|[eat]
|-heal|p1a: Dedenne|63/100 tox|[from] item: Sitrus Berry
|-heal|p1a: Dedenne|96/100 tox|[from] ability: Cheek Pouch
|-damage|p2a: Dragapult|34/100|[from] item: Life Orb
|move|p1a: Dedenne|Draining Kiss|p2a: Dragapult
|-damage|p2a: Dragapult|8/100
|-heal|p1a: Dedenne|100/100 tox|[from] drain|[of] p2a: Dragapult
|
|-damage|p1a: Dedenne|88/100 tox|[from] psn
|upkeep
|turn|25
|
|t:|1776057398
|move|p2a: Dragapult|Psychic Fangs|p1a: Dedenne
|-damage|p1a: Dedenne|33/100 tox
|-damage|p2a: Dragapult|0 fnt|[from] item: Life Orb
|faint|p2a: Dragapult
|move|p1a: Dedenne|Draining Kiss|p2: Dragapult|[notarget]
|-fail|p1a: Dedenne
|
|-damage|p1a: Dedenne|14/100 tox|[from] psn
|upkeep
|
|t:|1776057407
|switch|p2a: Krookodile|Krookodile, F, shiny|75/100
|-ability|p2a: Krookodile|Intimidate|boost
|-unboost|p1a: Dedenne|atk|1
|turn|26
|
|t:|1776057413
|move|p1a: Dedenne|Draining Kiss|p2a: Krookodile
|-supereffective|p2a: Krookodile
|-damage|p2a: Krookodile|23/100
|-heal|p1a: Dedenne|53/100 tox|[from] drain|[of] p2a: Krookodile
|move|p2a: Krookodile|Earthquake|p1a: Dedenne
|-supereffective|p1a: Dedenne
|-damage|p1a: Dedenne|0 fnt
|faint|p1a: Dedenne
|
|upkeep
|
|t:|1776057421
|switch|p1a: Breloom|Breloom, M|67/100 tox
|turn|27
|
|t:|1776057428
|move|p2a: Krookodile|Earthquake|p1a: Breloom
|-resisted|p1a: Breloom
|-damage|p1a: Breloom|44/100 tox
|move|p1a: Breloom|Drain Punch|p2a: Krookodile
|-supereffective|p2a: Krookodile
|-damage|p2a: Krookodile|0 fnt
|-heal|p1a: Breloom|58/100 tox|[from] drain|[of] p2a: Krookodile
|faint|p2a: Krookodile
|
|win|KenjiShiguma
|raw|KenjiShiguma's rating: 1056 &rarr; <strong>1089</strong><br />(+33 for winning)
|raw|big_chud837396's rating: 1070 &rarr; <strong>1049</strong><br />(-21 for losing)
|c|☆KenjiShiguma|Why is krook. Slow?
|c|☆KenjiShiguma|Wtf
|l|☆KenjiShiguma
|player|p1|
