|html|<div class="broadcast-blue"><strong>[Gen 9] OU is currently suspecting Tera Blast! For information on how to participate check out the <a href="https://www.smogon.com/tools/suspects/view/200">suspect thread</a>.</strong></div>
|j|☆hisenbergg
|j|☆vzn.exe
|t:|1776095960
|gametype|singles
|player|p1|hisenbergg|ghetsis-gen5bw|1374
|player|p2|vzn.exe|lusamine-nihilego|1472
|gen|9
|tier|[Gen 9] OU
|rated|
|rule|HP Percentage Mod: HP is shown in percentages
|rule|Endless Battle Clause: Forcing endless battles is banned
|rule|Species Clause: Limit one of each Pokémon
|rule|OHKO Clause: OHKO moves are banned
|rule|Evasion Items Clause: Evasion items are banned
|rule|Evasion Moves Clause: Evasion moves are banned
|rule|Evasion Abilities Clause: Evasion abilities are banned
|rule|Sleep Moves Clause: Sleep-inducing moves are banned
|clearpoke
|poke|p1|Garganacl, F|
|poke|p1|Iron Valiant|
|poke|p1|Ceruledge, F|
|poke|p1|Oricorio-Pom-Pom, F|
|poke|p1|Hatterene, F|
|poke|p1|Dragonite, M|
|poke|p2|Hydrapple, M|
|poke|p2|Tyranitar, F|
|poke|p2|Moltres|
|poke|p2|Zamazenta-*|
|poke|p2|Slowking-Galar, M|
|poke|p2|Excadrill, F|
|teampreview
|inactive|Battle timer is ON: inactive players will automatically lose when time's up. (requested by hisenbergg)
|
|t:|1776095979
|teamsize|p1|6
|teamsize|p2|6
|start
|switch|p1a: Hatterene|Hatterene, F|100/100
|switch|p2a: Tyranitar|Tyranitar, F|100/100
|-weather|Sandstorm|[from] ability: Sand Stream|[of] p2a: Tyranitar
|turn|1
|inactive|vzn.exe also wants the timer to be on.
|
|t:|1776095995
|move|p1a: Hatterene|Trick|p2a: Tyranitar
|-activate|p1a: Hatterene|move: Trick|[of] p2a: Tyranitar
|-item|p2a: Tyranitar|Choice Scarf|[from] move: Trick
|-item|p1a: Hatterene|Smooth Rock|[from] move: Trick
|move|p2a: Tyranitar|Knock Off|p1a: Hatterene
|-damage|p1a: Hatterene|67/100
|-enditem|p1a: Hatterene|Smooth Rock|[from] move: Knock Off|[of] p2a: Tyranitar
|
|-weather|Sandstorm|[upkeep]
|-damage|p1a: Hatterene|62/100|[from] Sandstorm
|upkeep
|turn|2
|
|t:|1776096014
|move|p2a: Tyranitar|Knock Off|p1a: Hatterene
|-damage|p1a: Hatterene|39/100
|move|p1a: Hatterene|Pain Split|p2a: Tyranitar
|-sethp|p2a: Tyranitar|66/100|[from] move: Pain Split|[silent]
|-sethp|p1a: Hatterene|83/100|[from] move: Pain Split
|
|-weather|Sandstorm|[upkeep]
|-damage|p1a: Hatterene|77/100|[from] Sandstorm
|upkeep
|turn|3
|
|t:|1776096031
|move|p2a: Tyranitar|Knock Off|p1a: Hatterene
|-damage|p1a: Hatterene|50/100
|move|p1a: Hatterene|Pain Split|p2a: Tyranitar
|-sethp|p2a: Tyranitar|53/100|[from] move: Pain Split|[silent]
|-sethp|p1a: Hatterene|67/100|[from] move: Pain Split
|
|-weather|Sandstorm|[upkeep]
|-damage|p1a: Hatterene|61/100|[from] Sandstorm
|upkeep
|turn|4
|inactive|vzn.exe has 120 seconds left.
|
|t:|1776096048
|switch|p1a: Iron Valiant|Iron Valiant|100/100
|-enditem|p1a: Iron Valiant|Booster Energy
|-activate|p1a: Iron Valiant|ability: Quark Drive|[fromitem]
|-start|p1a: Iron Valiant|quarkdrivespe
|move|p2a: Tyranitar|Knock Off|p1a: Iron Valiant
|-resisted|p1a: Iron Valiant
|-damage|p1a: Iron Valiant|92/100
|
|-weather|Sandstorm|[upkeep]
|-damage|p1a: Iron Valiant|86/100|[from] Sandstorm
|upkeep
|turn|5
|inactive|vzn.exe has 120 seconds left.
|
|t:|1776096066
|switch|p2a: Slowking|Slowking-Galar, M|100/100
|move|p1a: Iron Valiant|Shadow Ball|p2a: Slowking
|-supereffective|p2a: Slowking
|-damage|p2a: Slowking|72/100
|
|-weather|Sandstorm|[upkeep]
|-damage|p1a: Iron Valiant|80/100|[from] Sandstorm
|-damage|p2a: Slowking|66/100|[from] Sandstorm
|upkeep
|turn|6
|inactive|vzn.exe has 120 seconds left.
|
|t:|1776096083
|-end|p1a: Iron Valiant|Quark Drive|[silent]
|switch|p1a: Garganacl|Garganacl, F|100/100
|move|p2a: Slowking|Psyshock|p1a: Garganacl
|-damage|p1a: Garganacl|85/100
|
|-weather|Sandstorm|[upkeep]
|-damage|p2a: Slowking|60/100|[from] Sandstorm
|-heal|p1a: Garganacl|91/100|[from] item: Leftovers
|upkeep
|turn|7
|
|t:|1776096101
|switch|p2a: Hydrapple|Hydrapple, M|100/100
|move|p1a: Garganacl|Stealth Rock|p2a: Hydrapple
|-sidestart|p2: vzn.exe|move: Stealth Rock
|
|-weather|Sandstorm|[upkeep]
|-damage|p2a: Hydrapple|94/100|[from] Sandstorm
|-heal|p1a: Garganacl|97/100|[from] item: Leftovers
|upkeep
|turn|8
|
|t:|1776096118
|switch|p1a: Ceruledge|Ceruledge, F|100/100
|move|p2a: Hydrapple|Fickle Beam|p1a: Ceruledge
|-damage|p1a: Ceruledge|60/100
|
|-weather|none
|upkeep
|turn|9
|
|t:|1776096135
|move|p1a: Ceruledge|Swords Dance|p1a: Ceruledge
|-boost|p1a: Ceruledge|atk|2
|move|p2a: Hydrapple|Fickle Beam|p1a: Ceruledge
|-damage|p1a: Ceruledge|19/100
|
|upkeep
|turn|10
|inactive|vzn.exe has 90 seconds left.
|
|t:|1776096152
|move|p1a: Ceruledge|Bitter Blade|p2a: Hydrapple
|-damage|p2a: Hydrapple|20/100
|-heal|p1a: Ceruledge|71/100|[from] drain|[of] p2a: Hydrapple
|-damage|p1a: Ceruledge|61/100|[from] item: Life Orb
|move|p2a: Hydrapple|Earth Power|p1a: Ceruledge
|-supereffective|p1a: Ceruledge
|-damage|p1a: Ceruledge|0 fnt
|faint|p1a: Ceruledge
|
|upkeep
|
|t:|1776096175
|switch|p1a: Iron Valiant|Iron Valiant|80/100
|turn|11
|inactive|vzn.exe has 90 seconds left.
|
|t:|1776096192
|switch|p2a: Slowking|Slowking-Galar, M|93/100
|-damage|p2a: Slowking|81/100|[from] Stealth Rock
|move|p1a: Iron Valiant|Focus Blast|p2a: Slowking
|-resisted|p2a: Slowking
|-damage|p2a: Slowking|73/100
|
|upkeep
|turn|12
|inactive|vzn.exe has 90 seconds left.
|
|t:|1776096209
|switch|p2a: Hydrapple|Hydrapple, M|54/100
|move|p1a: Iron Valiant|Shadow Ball|p2a: Hydrapple
|-damage|p2a: Hydrapple|27/100
|
|upkeep
|turn|13
|inactive|vzn.exe has 90 seconds left.
|
|t:|1776096226
|switch|p2a: Slowking|Slowking-Galar, M|100/100
|-damage|p2a: Slowking|88/100|[from] Stealth Rock
|move|p1a: Iron Valiant|Moonblast|p2a: Slowking
|-resisted|p2a: Slowking
|-damage|p2a: Slowking|75/100
|
|upkeep
|turn|14
|
|t:|1776096235
|-end|p1a: Iron Valiant|Quark Drive|[silent]
|switch|p1a: Garganacl|Garganacl, F|97/100
|switch|p2a: Hydrapple|Hydrapple, M|60/100
|
|-heal|p1a: Garganacl|100/100|[from] item: Leftovers
|upkeep
|turn|15
|inactive|vzn.exe has 90 seconds left.
|
|t:|1776096252
|switch|p1a: Hatterene|Hatterene, F|61/100
|move|p2a: Hydrapple|Fickle Beam|p1a: Hatterene
|-immune|p1a: Hatterene
|
|upkeep
|turn|16
|
|t:|1776096269
|switch|p2a: Excadrill|Excadrill, F|100/100
|-damage|p2a: Excadrill|97/100|[from] Stealth Rock
|-item|p2a: Excadrill|Air Balloon
|move|p1a: Hatterene|Trick|p2a: Excadrill
|-activate|p1a: Hatterene|move: Trick|[of] p2a: Excadrill
|-enditem|p2a: Excadrill|Air Balloon|[silent]|[from] move: Trick
|-item|p1a: Hatterene|Air Balloon
|-item|p1a: Hatterene|Air Balloon|[from] move: Trick
|
|upkeep
|turn|17
|
|t:|1776096286
|switch|p1a: Garganacl|Garganacl, F|100/100
|move|p2a: Excadrill|Iron Head|p1a: Garganacl
|-supereffective|p1a: Garganacl
|-damage|p1a: Garganacl|59/100
|
|-heal|p1a: Garganacl|65/100|[from] item: Leftovers
|upkeep
|turn|18
|
|t:|1776096303
|-terastallize|p1a: Garganacl|Ghost
|move|p2a: Excadrill|Iron Head|p1a: Garganacl
|-damage|p1a: Garganacl|44/100
|cant|p1a: Garganacl|flinch
|
|-heal|p1a: Garganacl|50/100|[from] item: Leftovers
|upkeep
|turn|19
|inactive|vzn.exe has 60 seconds left.
|
|t:|1776096321
|switch|p2a: Hydrapple|Hydrapple, M|94/100
|move|p1a: Garganacl|Recover|p1a: Garganacl
|-heal|p1a: Garganacl|100/100
|
|upkeep
|turn|20
|inactive|vzn.exe has 60 seconds left.
|
|t:|1776096339
|switch|p1a: Iron Valiant|Iron Valiant|80/100
|move|p2a: Hydrapple|Fickle Beam|p1a: Iron Valiant
|-immune|p1a: Iron Valiant
|
|upkeep
|turn|21
|inactive|vzn.exe has 60 seconds left.
|
|t:|1776096348
|switch|p2a: Slowking|Slowking-Galar, M|100/100
|-damage|p2a: Slowking|88/100|[from] Stealth Rock
|move|p1a: Iron Valiant|Shadow Ball|p2a: Slowking
|-supereffective|p2a: Slowking
|-damage|p2a: Slowking|61/100
|
|upkeep
|turn|22
|
|t:|1776096357
|switch|p2a: Hydrapple|Hydrapple, M|100/100
|move|p1a: Iron Valiant|Shadow Ball|p2a: Hydrapple
|-damage|p2a: Hydrapple|73/100
|-unboost|p2a: Hydrapple|spd|1
|
|upkeep
|turn|23
|
|t:|1776096366
|switch|p2a: Slowking|Slowking-Galar, M|94/100
|-damage|p2a: Slowking|82/100|[from] Stealth Rock
|move|p1a: Iron Valiant|Shadow Ball|p2a: Slowking
|-supereffective|p2a: Slowking
|-damage|p2a: Slowking|55/100
|-unboost|p2a: Slowking|spd|1
|
|upkeep
|turn|24
|
|t:|1776096375
|move|p1a: Iron Valiant|Moonblast|p2a: Slowking
|-resisted|p2a: Slowking
|-damage|p2a: Slowking|37/100
|-unboost|p2a: Slowking|spa|1
|move|p2a: Slowking|Psyshock|p1a: Iron Valiant
|-supereffective|p1a: Iron Valiant
|-damage|p1a: Iron Valiant|22/100
|
|upkeep
|turn|25
|
|t:|1776096385
|switch|p2a: Moltres|Moltres|100/100
|move|p1a: Iron Valiant|Moonblast|p2a: Moltres
|-resisted|p2a: Moltres
|-damage|p2a: Moltres|75/100
|-unboost|p2a: Moltres|spa|1
|
|upkeep
|turn|26
|
|t:|1776096394
|move|p1a: Iron Valiant|Thunderbolt|p2a: Moltres
|-supereffective|p2a: Moltres
|-damage|p2a: Moltres|15/100
|move|p2a: Moltres|Roost|p2a: Moltres
|-heal|p2a: Moltres|66/100
|-singleturn|p2a: Moltres|move: Roost
|
|upkeep
|turn|27
|inactive|vzn.exe has 90 seconds left.
|
|t:|1776096403
|move|p1a: Iron Valiant|Thunderbolt|p2a: Moltres
|-supereffective|p2a: Moltres
|-damage|p2a: Moltres|5/100
|move|p2a: Moltres|Roost|p2a: Moltres
|-heal|p2a: Moltres|56/100
|-singleturn|p2a: Moltres|move: Roost
|
|upkeep
|turn|28
|
|t:|1776096412
|switch|p2a: Slowking|Slowking-Galar, M|71/100
|-damage|p2a: Slowking|58/100|[from] Stealth Rock
|move|p1a: Iron Valiant|Thunderbolt|p2a: Slowking
|-damage|p2a: Slowking|44/100
|-status|p2a: Slowking|par
|
|upkeep
|turn|29
|
|t:|1776096422
|move|p1a: Iron Valiant|Shadow Ball|p2a: Slowking
|-supereffective|p2a: Slowking
|-damage|p2a: Slowking|16/100 par
|-unboost|p2a: Slowking|spd|1
|cant|p2a: Slowking|par
|
|upkeep
|turn|30
|
|t:|1776096433
|switch|p2a: Excadrill|Excadrill, F|97/100
|-damage|p2a: Excadrill|94/100|[from] Stealth Rock
|move|p1a: Iron Valiant|Thunderbolt|p2a: Excadrill
|-immune|p2a: Excadrill
|
|upkeep
|turn|31
|
|t:|1776096442
|switch|p2a: Slowking|Slowking-Galar, M|49/100 par
|-damage|p2a: Slowking|37/100 par|[from] Stealth Rock
|move|p1a: Iron Valiant|Focus Blast|p2a: Slowking
|-resisted|p2a: Slowking
|-damage|p2a: Slowking|30/100 par
|
|upkeep
|turn|32
|
|t:|1776096451
|move|p1a: Iron Valiant|Shadow Ball|p2a: Slowking
|-supereffective|p2a: Slowking
|-damage|p2a: Slowking|0 fnt
|faint|p2a: Slowking
|
|upkeep
|
|t:|1776096460
|switch|p2a: Zamazenta|Zamazenta|100/100
|-damage|p2a: Zamazenta|94/100|[from] Stealth Rock
|-ability|p2a: Zamazenta|Dauntless Shield|boost
|-boost|p2a: Zamazenta|def|1
|turn|33
|inactive|vzn.exe has 120 seconds left.
|
|t:|1776096469
|move|p2a: Zamazenta|Body Press|p1a: Iron Valiant
|-resisted|p1a: Iron Valiant
|-damage|p1a: Iron Valiant|0 fnt
|faint|p1a: Iron Valiant
|-end|p1a: Iron Valiant|Quark Drive|[silent]
|
|-heal|p2a: Zamazenta|100/100|[from] item: Leftovers
|upkeep
|
|t:|1776096475
|switch|p1a: Hatterene|Hatterene, F|61/100
|-item|p1a: Hatterene|Air Balloon
|turn|34
|inactive|vzn.exe has 120 seconds left.
|
|t:|1776096491
|switch|p2a: Tyranitar|Tyranitar, F|53/100
|-damage|p2a: Tyranitar|40/100|[from] Stealth Rock
|-weather|Sandstorm|[from] ability: Sand Stream|[of] p2a: Tyranitar
|move|p1a: Hatterene|Nuzzle|p2a: Tyranitar
|-damage|p2a: Tyranitar|37/100
|-status|p2a: Tyranitar|par
|
|-weather|Sandstorm|[upkeep]
|-damage|p1a: Hatterene|55/100|[from] Sandstorm
|upkeep
|turn|35
|
|t:|1776096503
|switch|p1a: Garganacl|Garganacl, F, tera:Ghost|100/100
|cant|p2a: Tyranitar|par
|
|-weather|Sandstorm|[upkeep]
|-damage|p1a: Garganacl|94/100|[from] Sandstorm
|-heal|p1a: Garganacl|100/100|[from] item: Leftovers
|upkeep
|turn|36
|inactive|vzn.exe has 120 seconds left.
|
|t:|1776096520
|move|p2a: Tyranitar|Knock Off|p1a: Garganacl
|-supereffective|p1a: Garganacl
|-damage|p1a: Garganacl|56/100
|-enditem|p1a: Garganacl|Leftovers|[from] move: Knock Off|[of] p2a: Tyranitar
|move|p1a: Garganacl|Body Press|p2a: Tyranitar
|-supereffective|p2a: Tyranitar
|-damage|p2a: Tyranitar|0 fnt
|faint|p2a: Tyranitar
|
|-weather|Sandstorm|[upkeep]
|-damage|p1a: Garganacl|50/100|[from] Sandstorm
|upkeep
|inactive|vzn.exe has 120 seconds left.
|
|t:|1776096529
|switch|p2a: Hydrapple|Hydrapple, M|100/100
|turn|37
|
|t:|1776096538
|move|p2a: Hydrapple|Nasty Plot|p2a: Hydrapple
|-boost|p2a: Hydrapple|spa|2
|move|p1a: Garganacl|Recover|p1a: Garganacl
|-heal|p1a: Garganacl|99/100
|
|-weather|Sandstorm|[upkeep]
|-damage|p2a: Hydrapple|94/100|[from] Sandstorm
|-damage|p1a: Garganacl|94/100|[from] Sandstorm
|upkeep
|turn|38
|
|t:|1776096547
|switch|p1a: Hatterene|Hatterene, F|55/100
|-item|p1a: Hatterene|Air Balloon
|move|p2a: Hydrapple|Fickle Beam|p1a: Hatterene
|-immune|p1a: Hatterene
|
|-weather|none
|upkeep
|turn|39
|
|t:|1776096557
|move|p2a: Hydrapple|Nasty Plot|p2a: Hydrapple
|-boost|p2a: Hydrapple|spa|2
|move|p1a: Hatterene|Pain Split|p2a: Hydrapple
|-sethp|p2a: Hydrapple|69/100|[from] move: Pain Split|[silent]
|-sethp|p1a: Hatterene|87/100|[from] move: Pain Split
|
|upkeep
|turn|40
|
|t:|1776096566
|move|p2a: Hydrapple|Fickle Beam|p1a: Hatterene
|-immune|p1a: Hatterene
|move|p1a: Hatterene|Psychic Noise|p2a: Hydrapple
|-damage|p2a: Hydrapple|36/100
|-start|p2a: Hydrapple|move: Heal Block
|
|upkeep
|turn|41
|
|t:|1776096576
|move|p2a: Hydrapple|Earth Power|p1a: Hatterene
|-immune|p1a: Hatterene
|move|p1a: Hatterene|Psychic Noise|p2a: Hydrapple
|-damage|p2a: Hydrapple|2/100
|
|-end|p2a: Hydrapple|move: Heal Block
|upkeep
|turn|42
|c|☆hisenbergg|Wtf
|
|t:|1776096590
|move|p2a: Hydrapple|Giga Drain|p1a: Hatterene
|-damage|p1a: Hatterene|0 fnt
|-heal|p2a: Hydrapple|36/100|[from] drain|[of] p1a: Hatterene
|-enditem|p1a: Hatterene|Air Balloon
|faint|p1a: Hatterene
|
|upkeep
|
|t:|1776096599
|switch|p1a: Dragonite|Dragonite, M|100/100
|turn|43
|
|t:|1776096616
|move|p1a: Dragonite|Encore|p2a: Hydrapple
|-start|p2a: Hydrapple|Encore
|move|p2a: Hydrapple|Giga Drain|p1a: Dragonite
|-resisted|p1a: Dragonite
|-damage|p1a: Dragonite|87/100
|-heal|p2a: Hydrapple|42/100|[from] drain|[of] p1a: Dragonite
|
|upkeep
|turn|44
|
|t:|1776096633
|move|p1a: Dragonite|Dragon Dance|p1a: Dragonite
|-boost|p1a: Dragonite|atk|1
|-boost|p1a: Dragonite|spe|1
|move|p2a: Hydrapple|Giga Drain|p1a: Dragonite
|-resisted|p1a: Dragonite
|-damage|p1a: Dragonite|61/100
|-heal|p2a: Hydrapple|52/100|[from] drain|[of] p1a: Dragonite
|
|upkeep
|turn|45
|
|t:|1776096650
|move|p1a: Dragonite|Extreme Speed|p2a: Hydrapple
|-crit|p2a: Hydrapple
|-damage|p2a: Hydrapple|6/100
|move|p2a: Hydrapple|Giga Drain|p1a: Dragonite
|-resisted|p1a: Dragonite
|-damage|p1a: Dragonite|35/100
|-heal|p2a: Hydrapple|17/100|[from] drain|[of] p1a: Dragonite
|
|-end|p2a: Hydrapple|Encore
|upkeep
|turn|46
|
|t:|1776096660
|switch|p2a: Zamazenta|Zamazenta|100/100
|-damage|p2a: Zamazenta|94/100|[from] Stealth Rock
|move|p1a: Dragonite|Extreme Speed|p2a: Zamazenta
|-damage|p2a: Zamazenta|61/100
|
|-heal|p2a: Zamazenta|67/100|[from] item: Leftovers
|upkeep
|turn|47
|
|t:|1776096670
|move|p1a: Dragonite|Extreme Speed|p2a: Zamazenta
|-damage|p2a: Zamazenta|29/100
|move|p2a: Zamazenta|Iron Defense|p2a: Zamazenta
|-boost|p2a: Zamazenta|def|2
|
|-heal|p2a: Zamazenta|35/100|[from] item: Leftovers
|upkeep
|turn|48
|
|t:|1776096679
|move|p2a: Zamazenta|Body Press|p1a: Dragonite
|-resisted|p1a: Dragonite
|-damage|p1a: Dragonite|0 fnt
|faint|p1a: Dragonite
|
|-heal|p2a: Zamazenta|41/100|[from] item: Leftovers
|upkeep
|
|t:|1776096688
|switch|p1a: Garganacl|Garganacl, F, tera:Ghost|94/100
|turn|49
|
|t:|1776096697
|move|p2a: Zamazenta|Crunch|p1a: Garganacl
|-supereffective|p1a: Garganacl
|-damage|p1a: Garganacl|73/100
|move|p1a: Garganacl|Salt Cure|p2a: Zamazenta
|-resisted|p2a: Zamazenta
|-damage|p2a: Zamazenta|39/100
|-start|p2a: Zamazenta|Salt Cure
|
|-heal|p2a: Zamazenta|45/100|[from] item: Leftovers
|-damage|p2a: Zamazenta|32/100|[from] Salt Cure
|upkeep
|turn|50
|
|t:|1776096706
|switch|p2a: Hydrapple|Hydrapple, M|50/100
|move|p1a: Garganacl|Body Press|p2a: Hydrapple
|-damage|p2a: Hydrapple|32/100
|
|upkeep
|turn|51
|
|t:|1776096715
|switch|p1a: Oricorio|Oricorio-Pom-Pom, F|100/100
|move|p2a: Hydrapple|Giga Drain|p1a: Oricorio
|-resisted|p1a: Oricorio
|-damage|p1a: Oricorio|78/100
|-heal|p2a: Hydrapple|41/100|[from] drain|[of] p1a: Oricorio
|
|upkeep
|turn|52
|
|t:|1776096732
|switch|p2a: Excadrill|Excadrill, F|94/100
|-damage|p2a: Excadrill|91/100|[from] Stealth Rock
|move|p1a: Oricorio|Quiver Dance|p1a: Oricorio
|-boost|p1a: Oricorio|spa|1
|-boost|p1a: Oricorio|spd|1
|-boost|p1a: Oricorio|spe|1
|
|upkeep
|turn|53
|
|t:|1776096749
|switch|p1a: Garganacl|Garganacl, F, tera:Ghost|73/100
|move|p2a: Excadrill|Swords Dance|p2a: Excadrill
|-boost|p2a: Excadrill|atk|2
|
|upkeep
|turn|54
|
|t:|1776096757
|move|p2a: Excadrill|Iron Head|p1a: Garganacl
|-damage|p1a: Garganacl|32/100
|cant|p1a: Garganacl|flinch
|
|upkeep
|turn|55
|
|t:|1776096766
|move|p2a: Excadrill|Iron Head|p1a: Garganacl
|-damage|p1a: Garganacl|0 fnt
|faint|p1a: Garganacl
|
|upkeep
|
|t:|1776096769
|switch|p1a: Oricorio|Oricorio-Pom-Pom, F|78/100
|turn|56
|
|t:|1776096787
|move|p2a: Excadrill|Swords Dance|p2a: Excadrill
|-boost|p2a: Excadrill|atk|2
|-enditem|p1a: Oricorio|Mirror Herb
|-boost|p1a: Oricorio|atk|2|[from] item: Mirror Herb
|-activate|p1a: Oricorio|ability: Dancer
|move|p1a: Oricorio|Swords Dance|p1a: Oricorio|[from] ability: Dancer
|-boost|p1a: Oricorio|atk|2
|move|p1a: Oricorio|Quiver Dance|p1a: Oricorio
|-boost|p1a: Oricorio|spa|1
|-boost|p1a: Oricorio|spd|1
|-boost|p1a: Oricorio|spe|1
|
|upkeep
|turn|57
|
|t:|1776096802
|move|p1a: Oricorio|Air Slash|p2a: Excadrill
|-resisted|p2a: Excadrill
|-damage|p2a: Excadrill|61/100
|move|p2a: Excadrill|Iron Head|p1a: Oricorio
|-resisted|p1a: Oricorio
|-damage|p1a: Oricorio|18/100
|
|upkeep
|turn|58
|
|t:|1776096811
|move|p1a: Oricorio|Roost|p1a: Oricorio
|-heal|p1a: Oricorio|68/100
|-singleturn|p1a: Oricorio|move: Roost
|move|p2a: Excadrill|Rapid Spin|p1a: Oricorio
|-damage|p1a: Oricorio|16/100
|-boost|p2a: Excadrill|spe|1
|-sideend|p2: vzn.exe|Stealth Rock|[from] move: Rapid Spin|[of] p2a: Excadrill
|
|upkeep
|turn|59
|
|t:|1776096818
|move|p2a: Excadrill|Rapid Spin|p1a: Oricorio
|-damage|p1a: Oricorio|0 fnt
|-boost|p2a: Excadrill|spe|1
|faint|p1a: Oricorio
|
|win|vzn.exe
|raw|hisenbergg's rating: 1374 &rarr; <strong>1359</strong><br />(-15 for losing)
|raw|vzn.exe's rating: 1472 &rarr; <strong>1487</strong><br />(+15 for winning)
|l|☆vzn.exe
|player|p2|
|c|☆hisenbergg|Flich made u win nub u were cooked
|l|☆hisenbergg
|player|p1|
