|html|<div class="broadcast-blue"><strong>[Gen 9] OU is currently suspecting Tera Blast! For information on how to participate check out the <a href="https://www.smogon.com/tools/suspects/view/200">suspect thread</a>.</strong></div>
|j|☆Chapii
|j|☆Sharkerthantheteal
|t:|1776319292
|gametype|singles
|player|p1|Chapii|102|1167
|player|p2|Sharkerthantheteal|169|1144
|gen|9
|tier|[Gen 9] OU
|rated|
|rule|HP Percentage Mod: HP is shown in percentages
|rule|Endless Battle Clause: Forcing endless battles is banned
|rule|Species Clause: Limit one of each Pokémon
|rule|OHKO Clause: OHKO moves are banned
|rule|Evasion Items Clause: Evasion items are banned
|rule|Evasion Moves Clause: Evasion moves are banned
|rule|Evasion Abilities Clause: Evasion abilities are banned
|rule|Sleep Moves Clause: Sleep-inducing moves are banned
|clearpoke
|poke|p1|Landorus-Therian, M|
|poke|p1|Kyurem|
|poke|p1|Garganacl, F|
|poke|p1|Iron Valiant|
|poke|p1|Iron Treads|
|poke|p1|Gholdengo|
|poke|p2|Hariyama, M|
|poke|p2|Grimmsnarl, M|
|poke|p2|Great Tusk|
|poke|p2|Dragapult, F|
|poke|p2|Iron Valiant|
|poke|p2|Clodsire, M|
|teampreview
|inactive|Battle timer is ON: inactive players will automatically lose when time's up. (requested by Chapii)
|
|t:|1776319298
|teamsize|p1|6
|teamsize|p2|6
|start
|switch|p1a: Landorus|Landorus-Therian, M|100/100
|switch|p2a: Grimmsnarl|Grimmsnarl, M|100/100
|-ability|p1a: Landorus|Intimidate|boost
|-unboost|p2a: Grimmsnarl|atk|1
|turn|1
|j| couchthulhu
|j| GruesomeLovelies
|
|t:|1776319307
|move|p2a: Grimmsnarl|Reflect|p2a: Grimmsnarl
|-sidestart|p2: Sharkerthantheteal|Reflect
|move|p1a: Landorus|Taunt|p2a: Grimmsnarl
|-start|p2a: Grimmsnarl|move: Taunt
|
|upkeep
|turn|2
|
|t:|1776319313
|switch|p2a: Clodsire|Clodsire, M|100/100
|move|p1a: Landorus|Earthquake|p2a: Clodsire
|-supereffective|p2a: Clodsire
|-damage|p2a: Clodsire|35/100
|
|-heal|p2a: Clodsire|41/100|[from] item: Leftovers
|upkeep
|turn|3
|
|t:|1776319325
|switch|p2a: Grimmsnarl|Grimmsnarl, M|100/100
|move|p1a: Landorus|Earthquake|p2a: Grimmsnarl
|-damage|p2a: Grimmsnarl|67/100
|
|-heal|p2a: Grimmsnarl|73/100|[from] item: Leftovers
|upkeep
|turn|4
|
|t:|1776319333
|move|p2a: Grimmsnarl|Parting Shot|p1a: Landorus
|-unboost|p1a: Landorus|atk|1
|-unboost|p1a: Landorus|spa|1
|
|t:|1776319337
|switch|p2a: Great Tusk|Great Tusk|100/100|[from] Parting Shot
|move|p1a: Landorus|Taunt|p2a: Great Tusk
|-start|p2a: Great Tusk|move: Taunt
|
|upkeep
|turn|5
|
|t:|1776319348
|switch|p1a: Gholdengo|Gholdengo|100/100
|move|p2a: Great Tusk|Rollout|p1a: Gholdengo
|-resisted|p1a: Gholdengo
|-damage|p1a: Gholdengo|95/100
|
|-heal|p1a: Gholdengo|100/100|[from] item: Leftovers
|-sideend|p2: Sharkerthantheteal|Reflect
|upkeep
|turn|6
|
|t:|1776319358
|move|p2a: Great Tusk|Rollout|p1a: Gholdengo|[from] lockedmove
|-resisted|p1a: Gholdengo
|-crit|p1a: Gholdengo
|-damage|p1a: Gholdengo|84/100
|move|p1a: Gholdengo|Nasty Plot|p1a: Gholdengo
|-boost|p1a: Gholdengo|spa|2
|
|-heal|p1a: Gholdengo|90/100|[from] item: Leftovers
|-end|p2a: Great Tusk|move: Taunt
|upkeep
|turn|7
|
|t:|1776319368
|move|p2a: Great Tusk|Rollout|p1a: Gholdengo|[from] lockedmove
|-resisted|p1a: Gholdengo
|-damage|p1a: Gholdengo|70/100
|move|p1a: Gholdengo|Make It Rain|p2a: Great Tusk
|-damage|p2a: Great Tusk|0 fnt
|-unboost|p1a: Gholdengo|spa|1
|faint|p2a: Great Tusk
|-end|p2a: Great Tusk|Protosynthesis|[silent]
|
|-heal|p1a: Gholdengo|76/100|[from] item: Leftovers
|upkeep
|
|t:|1776319380
|switch|p2a: Grimmsnarl|Grimmsnarl, M|73/100
|turn|8
|
|t:|1776319387
|move|p2a: Grimmsnarl|Light Screen|p2a: Grimmsnarl
|-sidestart|p2: Sharkerthantheteal|move: Light Screen
|move|p1a: Gholdengo|Make It Rain|p2a: Grimmsnarl
|-supereffective|p2a: Grimmsnarl
|-damage|p2a: Grimmsnarl|18/100
|-unboost|p1a: Gholdengo|spa|1
|
|-heal|p1a: Gholdengo|82/100|[from] item: Leftovers
|-heal|p2a: Grimmsnarl|24/100|[from] item: Leftovers
|upkeep
|turn|9
|
|t:|1776319397
|switch|p2a: Clodsire|Clodsire, M|41/100
|move|p1a: Gholdengo|Nasty Plot|p1a: Gholdengo
|-boost|p1a: Gholdengo|spa|2
|
|-heal|p1a: Gholdengo|88/100|[from] item: Leftovers
|-heal|p2a: Clodsire|47/100|[from] item: Leftovers
|upkeep
|turn|10
|
|t:|1776319406
|move|p1a: Gholdengo|Make It Rain|p2a: Clodsire
|-damage|p2a: Clodsire|34/100
|-unboost|p1a: Gholdengo|spa|1
|move|p2a: Clodsire|Recover|p2a: Clodsire
|-heal|p2a: Clodsire|84/100
|
|-heal|p1a: Gholdengo|94/100|[from] item: Leftovers
|-heal|p2a: Clodsire|90/100|[from] item: Leftovers
|upkeep
|turn|11
|
|t:|1776319418
|switch|p1a: Landorus|Landorus-Therian, M|100/100
|-ability|p1a: Landorus|Intimidate|boost
|-unboost|p2a: Clodsire|atk|1
|move|p2a: Clodsire|Spikes|p1a: Landorus
|-sidestart|p1: Chapii|Spikes
|
|-heal|p2a: Clodsire|96/100|[from] item: Leftovers
|upkeep
|turn|12
|
|t:|1776319427
|move|p1a: Landorus|Taunt|p2a: Clodsire
|-start|p2a: Clodsire|move: Taunt
|cant|p2a: Clodsire|move: Taunt|Toxic
|
|-heal|p2a: Clodsire|100/100|[from] item: Leftovers
|-sideend|p2: Sharkerthantheteal|move: Light Screen
|upkeep
|turn|13
|
|t:|1776319445
|move|p1a: Landorus|U-turn|p2a: Clodsire
|-resisted|p2a: Clodsire
|-damage|p2a: Clodsire|85/100
|
|t:|1776319449
|switch|p1a: Iron Treads|Iron Treads|100/100|[from] U-turn
|move|p2a: Clodsire|Earthquake|p1a: Iron Treads
|-supereffective|p1a: Iron Treads
|-damage|p1a: Iron Treads|70/100
|
|-heal|p2a: Clodsire|91/100|[from] item: Leftovers
|upkeep
|turn|14
|
|t:|1776319458
|move|p1a: Iron Treads|Rapid Spin|p2a: Clodsire
|-damage|p2a: Clodsire|74/100
|-boost|p1a: Iron Treads|spe|1
|-sideend|p1: Chapii|Spikes|[from] move: Rapid Spin|[of] p1a: Iron Treads
|move|p2a: Clodsire|Earthquake|p1a: Iron Treads
|-supereffective|p1a: Iron Treads
|-damage|p1a: Iron Treads|44/100
|
|-heal|p2a: Clodsire|80/100|[from] item: Leftovers
|-end|p2a: Clodsire|move: Taunt
|upkeep
|turn|15
|
|t:|1776319472
|move|p1a: Iron Treads|Earthquake|p2a: Clodsire
|-supereffective|p2a: Clodsire
|-damage|p2a: Clodsire|0 fnt
|faint|p2a: Clodsire
|
|upkeep
|
|t:|1776319479
|switch|p2a: Grimmsnarl|Grimmsnarl, M|24/100
|turn|16
|
|t:|1776319485
|move|p2a: Grimmsnarl|Reflect|p2a: Grimmsnarl
|-sidestart|p2: Sharkerthantheteal|Reflect
|move|p1a: Iron Treads|Iron Head|p2a: Grimmsnarl
|-supereffective|p2a: Grimmsnarl
|-damage|p2a: Grimmsnarl|0 fnt
|faint|p2a: Grimmsnarl
|
|upkeep
|
|t:|1776319494
|switch|p2a: Hariyama|Hariyama, M|100/100
|turn|17
|
|t:|1776319501
|-end|p1a: Iron Treads|Quark Drive|[silent]
|switch|p1a: Gholdengo|Gholdengo|94/100
|-terastallize|p2a: Hariyama|Steel
|move|p2a: Hariyama|Belly Drum|p2a: Hariyama
|-damage|p2a: Hariyama|51/100
|-setboost|p2a: Hariyama|atk|6|[from] move: Belly Drum
|
|-heal|p1a: Gholdengo|99/100|[from] item: Leftovers
|-status|p2a: Hariyama|brn|[from] item: Flame Orb
|upkeep
|turn|18
|
|t:|1776319514
|move|p2a: Hariyama|Bullet Punch|p1a: Gholdengo
|-resisted|p1a: Gholdengo
|-damage|p1a: Gholdengo|40/100
|move|p1a: Gholdengo|Nasty Plot|p1a: Gholdengo
|-boost|p1a: Gholdengo|spa|2
|
|-heal|p1a: Gholdengo|46/100|[from] item: Leftovers
|-damage|p2a: Hariyama|44/100 brn|[from] brn
|upkeep
|turn|19
|
|t:|1776319524
|move|p2a: Hariyama|Bullet Punch|p1a: Gholdengo
|-resisted|p1a: Gholdengo
|-damage|p1a: Gholdengo|0 fnt
|faint|p1a: Gholdengo
|
|-damage|p2a: Hariyama|38/100 brn|[from] brn
|upkeep
|
|t:|1776319532
|switch|p1a: Iron Treads|Iron Treads|44/100
|turn|20
|
|t:|1776319536
|move|p2a: Hariyama|Bullet Punch|p1a: Iron Treads
|-resisted|p1a: Iron Treads
|-damage|p1a: Iron Treads|0 fnt
|faint|p1a: Iron Treads
|-end|p1a: Iron Treads|Quark Drive|[silent]
|
|-damage|p2a: Hariyama|32/100 brn|[from] brn
|-sideend|p2: Sharkerthantheteal|Reflect
|upkeep
|
|t:|1776319544
|switch|p1a: Landorus|Landorus-Therian, M|100/100
|-ability|p1a: Landorus|Intimidate|boost
|-unboost|p2a: Hariyama|atk|1
|turn|21
|
|t:|1776319549
|move|p2a: Hariyama|Bullet Punch|p1a: Landorus
|-damage|p1a: Landorus|0 fnt
|faint|p1a: Landorus
|
|-damage|p2a: Hariyama|26/100 brn|[from] brn
|upkeep
|
|t:|1776319564
|switch|p1a: Garganacl|Garganacl, F|100/100
|turn|22
|
|t:|1776319571
|move|p1a: Garganacl|Protect|p1a: Garganacl
|-singleturn|p1a: Garganacl|Protect
|move|p2a: Hariyama|Bullet Punch|p1a: Garganacl
|-activate|p1a: Garganacl|move: Protect
|
|-damage|p2a: Hariyama|20/100 brn|[from] brn
|upkeep
|turn|23
|
|t:|1776319581
|-terastallize|p1a: Garganacl|Ghost
|move|p2a: Hariyama|Drain Punch|p1a: Garganacl
|-immune|p1a: Garganacl
|move|p1a: Garganacl|Recover||[still]
|-fail|p1a: Garganacl|heal
|
|-damage|p2a: Hariyama|14/100 brn|[from] brn
|upkeep
|turn|24
|
|t:|1776319591
|move|p1a: Garganacl|Protect|p1a: Garganacl
|-singleturn|p1a: Garganacl|Protect
|move|p2a: Hariyama|Bullet Punch|p1a: Garganacl
|-activate|p1a: Garganacl|move: Protect
|
|-damage|p2a: Hariyama|8/100 brn|[from] brn
|upkeep
|turn|25
|
|t:|1776319599
|move|p2a: Hariyama|Bullet Punch|p1a: Garganacl
|-damage|p1a: Garganacl|45/100
|move|p1a: Garganacl|Recover|p1a: Garganacl
|-heal|p1a: Garganacl|95/100
|
|-heal|p1a: Garganacl|100/100|[from] item: Leftovers
|-damage|p2a: Hariyama|2/100 brn|[from] brn
|upkeep
|turn|26
|
|t:|1776319608
|move|p2a: Hariyama|Bullet Punch|p1a: Garganacl
|-damage|p1a: Garganacl|42/100
|move|p1a: Garganacl|Recover|p1a: Garganacl
|-heal|p1a: Garganacl|92/100
|
|-heal|p1a: Garganacl|98/100|[from] item: Leftovers
|-damage|p2a: Hariyama|0 fnt|[from] brn
|faint|p2a: Hariyama
|upkeep
|
|t:|1776319616
|switch|p2a: Iron Valiant|Iron Valiant|100/100
|-enditem|p2a: Iron Valiant|Booster Energy
|-activate|p2a: Iron Valiant|ability: Quark Drive|[fromitem]
|-start|p2a: Iron Valiant|quarkdrivespe
|turn|27
|
|t:|1776319623
|move|p1a: Garganacl|Protect|p1a: Garganacl
|-singleturn|p1a: Garganacl|Protect
|move|p2a: Iron Valiant|Encore|p1a: Garganacl
|-activate|p1a: Garganacl|move: Protect
|
|-heal|p1a: Garganacl|100/100|[from] item: Leftovers
|upkeep
|turn|28
|
|t:|1776319632
|switch|p1a: Kyurem|Kyurem|100/100
|-ability|p1a: Kyurem|Pressure
|move|p2a: Iron Valiant|Encore||[still]
|-fail|p2a: Iron Valiant
|
|upkeep
|turn|29
|
|t:|1776319640
|move|p2a: Iron Valiant|Moonblast|p1a: Kyurem
|-supereffective|p1a: Kyurem
|-damage|p1a: Kyurem|6/100
|move|p1a: Kyurem|Flash Cannon|p2a: Iron Valiant
|-supereffective|p2a: Iron Valiant
|-damage|p2a: Iron Valiant|0 fnt
|faint|p2a: Iron Valiant
|-end|p2a: Iron Valiant|Quark Drive|[silent]
|
|upkeep
|
|t:|1776319647
|switch|p2a: Dragapult|Dragapult, F|100/100
|turn|30
|c|☆Sharkerthantheteal|gg
|
|t:|1776319653
|switch|p1a: Garganacl|Garganacl, F, tera:Ghost|100/100
|move|p2a: Dragapult|Shadow Ball|p1a: Garganacl
|-supereffective|p1a: Garganacl
|-damage|p1a: Garganacl|50/100
|
|-heal|p1a: Garganacl|56/100|[from] item: Leftovers
|upkeep
|turn|31
|
|t:|1776319662
|move|p2a: Dragapult|Shadow Ball|p1a: Garganacl
|-supereffective|p1a: Garganacl
|-damage|p1a: Garganacl|10/100
|move|p1a: Garganacl|Salt Cure|p2a: Dragapult
|-damage|p2a: Dragapult|83/100
|-start|p2a: Dragapult|Salt Cure
|
|-heal|p1a: Garganacl|16/100|[from] item: Leftovers
|-damage|p2a: Dragapult|71/100|[from] Salt Cure
|upkeep
|turn|32
|
|t:|1776319673
|move|p1a: Garganacl|Protect|p1a: Garganacl
|-singleturn|p1a: Garganacl|Protect
|move|p2a: Dragapult|Shadow Ball|p1a: Garganacl
|-activate|p1a: Garganacl|move: Protect
|
|-heal|p1a: Garganacl|22/100|[from] item: Leftovers
|-damage|p2a: Dragapult|59/100|[from] Salt Cure
|upkeep
|turn|33
|
|t:|1776319686
|move|p2a: Dragapult|Shadow Ball|p1a: Garganacl
|-supereffective|p1a: Garganacl
|-damage|p1a: Garganacl|0 fnt
|faint|p1a: Garganacl
|
|-damage|p2a: Dragapult|46/100|[from] Salt Cure
|upkeep
|
|t:|1776319694
|switch|p1a: Kyurem|Kyurem|6/100
|-ability|p1a: Kyurem|Pressure
|turn|34
|
|t:|1776319698
|move|p1a: Kyurem|Freeze-Dry|p2a: Dragapult
|-supereffective|p2a: Dragapult
|-damage|p2a: Dragapult|0 fnt
|faint|p2a: Dragapult
|
|win|Chapii
|raw|Chapii's rating: 1167 &rarr; <strong>1190</strong><br />(+23 for winning)
|raw|Sharkerthantheteal's rating: 1144 &rarr; <strong>1121</strong><br />(-23 for losing)
|l|☆Chapii
|player|p1|
|l| couchthulhu
