|html|<div class="broadcast-blue"><strong>[Gen 9] OU is currently suspecting Tera Blast! For information on how to participate check out the <a href="https://www.smogon.com/tools/suspects/view/200">suspect thread</a>.</strong></div>
|j|☆whatisherm3l0n
|j|☆DrgFlyKng
|t:|1776147153
|gametype|singles
|player|p1|whatisherm3l0n|265|1227
|player|p2|DrgFlyKng|170|1223
|gen|9
|tier|[Gen 9] OU
|rated|
|rule|HP Percentage Mod: HP is shown in percentages
|rule|Endless Battle Clause: Forcing endless battles is banned
|rule|Species Clause: Limit one of each Pokémon
|rule|OHKO Clause: OHKO moves are banned
|rule|Evasion Items Clause: Evasion items are banned
|rule|Evasion Moves Clause: Evasion moves are banned
|rule|Evasion Abilities Clause: Evasion abilities are banned
|rule|Sleep Moves Clause: Sleep-inducing moves are banned
|clearpoke
|poke|p1|Pelipper, M|
|poke|p1|Manaphy|
|poke|p1|Bruxish, M|
|poke|p1|Overqwil, M|
|poke|p1|Iron Treads|
|poke|p1|Raging Bolt|
|poke|p2|Iron Crown|
|poke|p2|Weezing-Galar, F|
|poke|p2|Iron Valiant|
|poke|p2|Gastrodon-East, M|
|poke|p2|Meowscarada, M|
|poke|p2|Skeledirge, M|
|teampreview
|inactive|Battle timer is ON: inactive players will automatically lose when time's up. (requested by DrgFlyKng)
|
|t:|1776147162
|teamsize|p1|6
|teamsize|p2|6
|start
|switch|p1a: Iron Treads|Iron Treads, shiny|100/100
|switch|p2a: Iron Crown|Iron Crown|100/100
|-enditem|p1a: Iron Treads|Booster Energy
|-activate|p1a: Iron Treads|ability: Quark Drive|[fromitem]
|-start|p1a: Iron Treads|quarkdrivespe
|turn|1
|
|t:|1776147177
|-end|p2a: Iron Crown|Quark Drive|[silent]
|switch|p2a: Weezing|Weezing-Galar, F, shiny|100/100
|move|p1a: Iron Treads|Stealth Rock|p2a: Weezing
|-sidestart|p2: DrgFlyKng|move: Stealth Rock
|
|upkeep
|turn|2
|
|t:|1776147187
|move|p1a: Iron Treads|Earthquake|p2a: Weezing
|-immune|p2a: Weezing|[from] ability: Levitate
|move|p2a: Weezing|Will-O-Wisp|p1a: Iron Treads
|-status|p1a: Iron Treads|brn
|
|-damage|p1a: Iron Treads|94/100 brn|[from] brn
|upkeep
|turn|3
|
|t:|1776147207
|-end|p1a: Iron Treads|Quark Drive|[silent]
|switch|p1a: Bruxish|Bruxish, M, shiny|100/100
|move|p2a: Weezing|Defog|p1a: Bruxish
|-unboost|p1a: Bruxish|evasion|1
|-sideend|p2: DrgFlyKng|Stealth Rock|[from] move: Defog|[of] p2a: Weezing
|
|upkeep
|turn|4
|
|t:|1776147215
|switch|p2a: Meowscarada|Meowscarada, M, shiny|100/100
|move|p1a: Bruxish|Psychic Fangs|p2a: Meowscarada
|-immune|p2a: Meowscarada
|
|upkeep
|turn|5
|
|t:|1776147228
|switch|p1a: Overqwil|Overqwil, M, shiny|100/100
|move|p2a: Meowscarada|Flower Trick|p1a: Overqwil
|-start|p2a: Meowscarada|typechange|Grass|[from] ability: Protean
|-resisted|p1a: Overqwil
|-crit|p1a: Overqwil
|-damage|p1a: Overqwil|55/100
|
|upkeep
|turn|6
|
|t:|1776147241
|switch|p2a: Iron Crown|Iron Crown|100/100
|move|p1a: Overqwil|Swords Dance|p1a: Overqwil
|-boost|p1a: Overqwil|atk|2
|
|upkeep
|turn|7
|
|t:|1776147260
|-terastallize|p1a: Overqwil|Water
|move|p2a: Iron Crown|Volt Switch|p1a: Overqwil
|-supereffective|p1a: Overqwil
|-damage|p1a: Overqwil|0 fnt
|faint|p1a: Overqwil
|
|t:|1776147267
|-end|p2a: Iron Crown|Quark Drive|[silent]
|switch|p2a: Meowscarada|Meowscarada, M, shiny|100/100|[from] Volt Switch
|
|upkeep
|-message|whatisherm3l0n forfeited.
|
|win|DrgFlyKng
|raw|whatisherm3l0n's rating: 1227 &rarr; <strong>1202</strong><br />(-25 for losing)
|raw|DrgFlyKng's rating: 1223 &rarr; <strong>1248</strong><br />(+25 for winning)
