|html|<div class="broadcast-blue"><strong>[Gen 9] OU is currently suspecting Volcarona! For information on how to participate check out the <a href="https://www.smogon.com/tools/suspects/view/208">suspect thread</a>.</strong></div>
|j|☆ct224
|j|☆yDiemos
|t:|1778513027
|gametype|singles
|player|p1|ct224|caitlin|1100
|player|p2|yDiemos|benga|1095
|gen|9
|tier|[Gen 9] OU
|rated|
|rule|HP Percentage Mod: HP is shown in percentages
|rule|Endless Battle Clause: Forcing endless battles is banned
|rule|Species Clause: Limit one of each Pokémon
|rule|OHKO Clause: OHKO moves are banned
|rule|Evasion Items Clause: Evasion items are banned
|rule|Evasion Moves Clause: Evasion moves are banned
|rule|Evasion Abilities Clause: Evasion abilities are banned
|rule|Sleep Moves Clause: Sleep-inducing moves are banned
|clearpoke
|poke|p1|Primarina, F|
|poke|p1|Mudsdale, F|
|poke|p1|Espeon, F|
|poke|p1|Skarmory, F|
|poke|p1|Iron Moth|
|poke|p1|Decidueye, F|
|poke|p2|Dragonite, M|
|poke|p2|Serperior, M|
|poke|p2|Swampert, F|
|poke|p2|Great Tusk|
|poke|p2|Ceruledge, F|
|poke|p2|Tinkaton, F|
|teampreview
|inactive|Battle timer is ON: inactive players will automatically lose when time's up. (requested by yDiemos)
|inactive|ct224 also wants the timer to be on.
|
|t:|1778513045
|teamsize|p1|6
|teamsize|p2|6
|start
|switch|p1a: Espeon|Espeon, F|100/100
|switch|p2a: Great Tusk|Great Tusk|100/100
|-enditem|p2a: Great Tusk|Booster Energy
|-activate|p2a: Great Tusk|ability: Protosynthesis|[fromitem]
|-start|p2a: Great Tusk|protosynthesisatk
|turn|1
|-activate|p1a: Espeon|item: Quick Claw
|
|t:|1778513061
|-end|p2a: Great Tusk|Protosynthesis|[silent]
|switch|p2a: Ceruledge|Ceruledge, F|100/100
|move|p1a: Espeon|Psychic|p2a: Ceruledge
|-damage|p2a: Ceruledge|53/100
|-unboost|p2a: Ceruledge|spd|1
|
|upkeep
|turn|2
|
|t:|1778513075
|move|p2a: Ceruledge|Shadow Sneak|p1a: Espeon
|-supereffective|p1a: Espeon
|-damage|p1a: Espeon|28/100
|move|p1a: Espeon|Power Gem|p2a: Ceruledge
|-supereffective|p2a: Ceruledge
|-damage|p2a: Ceruledge|0 fnt
|faint|p2a: Ceruledge
|
|upkeep
|
|t:|1778513087
|switch|p2a: Dragonite|Dragonite, M|100/100
|turn|3
|
|t:|1778513091
|move|p2a: Dragonite|Extreme Speed|p1a: Espeon
|-damage|p1a: Espeon|0 fnt
|faint|p1a: Espeon
|
|upkeep
|
|t:|1778513097
|switch|p1a: Primarina|Primarina, F, shiny|100/100
|turn|4
|
|t:|1778513108
|switch|p2a: Serperior|Serperior, M|100/100
|move|p1a: Primarina|Calm Mind|p1a: Primarina
|-boost|p1a: Primarina|spa|1
|-boost|p1a: Primarina|spd|1
|
|upkeep
|turn|5
|
|t:|1778513115
|move|p2a: Serperior|Glare|p1a: Primarina
|-status|p1a: Primarina|par
|move|p1a: Primarina|Moonblast|p2a: Serperior
|-damage|p2a: Serperior|5/100
|-boost|p2a: Serperior|spa|1
|
|upkeep
|turn|6
|
|t:|1778513123
|move|p1a: Primarina|Aqua Jet|p2a: Serperior
|-resisted|p2a: Serperior
|-damage|p2a: Serperior|0 fnt
|-damage|p1a: Primarina|84/100 par|[from] item: Rocky Helmet|[of] p2a: Serperior
|faint|p2a: Serperior
|
|upkeep
|
|t:|1778513131
|switch|p2a: Tinkaton|Tinkaton, F|100/100
|turn|7
|
|t:|1778513135
|switch|p1a: Iron Moth|Iron Moth|100/100
|-enditem|p1a: Iron Moth|Booster Energy
|-activate|p1a: Iron Moth|ability: Quark Drive|[fromitem]
|-start|p1a: Iron Moth|quarkdrivespa
|move|p2a: Tinkaton|Fake Out|p1a: Iron Moth
|-damage|p1a: Iron Moth|82/100
|
|upkeep
|turn|8
|
|t:|1778513145
|switch|p2a: Swampert|Swampert, F|100/100
|move|p1a: Iron Moth|Toxic Spikes|p2a: Swampert
|-sidestart|p2: yDiemos|move: Toxic Spikes
|
|upkeep
|turn|9
|
|t:|1778513153
|-end|p1a: Iron Moth|Quark Drive|[silent]
|switch|p1a: Skarmory|Skarmory, F|100/100
|move|p2a: Swampert|Stealth Rock|p1a: Skarmory
|-sidestart|p1: ct224|move: Stealth Rock
|
|upkeep
|turn|10
|
|t:|1778513165
|move|p2a: Swampert|Ice Punch|p1a: Skarmory
|-damage|p1a: Skarmory|82/100
|-status|p1a: Skarmory|frz
|-damage|p2a: Swampert|84/100|[from] item: Rocky Helmet|[of] p1a: Skarmory
|cant|p1a: Skarmory|frz
|
|-heal|p2a: Swampert|90/100|[from] item: Leftovers
|upkeep
|turn|11
|
|t:|1778513174
|switch|p2a: Great Tusk|Great Tusk|100/100
|-status|p2a: Great Tusk|psn
|cant|p1a: Skarmory|frz
|
|-damage|p2a: Great Tusk|88/100 psn|[from] psn
|upkeep
|turn|12
|
|t:|1778513182
|move|p2a: Great Tusk|Rapid Spin|p1a: Skarmory
|-resisted|p1a: Skarmory
|-damage|p1a: Skarmory|75/100 frz
|-boost|p2a: Great Tusk|spe|1
|-damage|p2a: Great Tusk|72/100 psn|[from] item: Rocky Helmet|[of] p1a: Skarmory
|-sideend|p2: yDiemos|Toxic Spikes|[from] move: Rapid Spin|[of] p2a: Great Tusk
|cant|p1a: Skarmory|frz
|
|-damage|p2a: Great Tusk|59/100 psn|[from] psn
|upkeep
|turn|13
|c|☆yDiemos|damn
|
|t:|1778513194
|move|p2a: Great Tusk|Bulk Up|p2a: Great Tusk
|-boost|p2a: Great Tusk|atk|1
|-boost|p2a: Great Tusk|def|1
|cant|p1a: Skarmory|frz
|
|-damage|p2a: Great Tusk|47/100 psn|[from] psn
|upkeep
|turn|14
|
|t:|1778513202
|move|p2a: Great Tusk|Body Press|p1a: Skarmory
|-damage|p1a: Skarmory|31/100 frz
|-damage|p2a: Great Tusk|30/100 psn|[from] item: Rocky Helmet|[of] p1a: Skarmory
|-curestatus|p1a: Skarmory|frz|[msg]
|move|p1a: Skarmory|Roost|p1a: Skarmory
|-heal|p1a: Skarmory|82/100
|-singleturn|p1a: Skarmory|move: Roost
|
|-damage|p2a: Great Tusk|18/100 psn|[from] psn
|upkeep
|turn|15
|
|t:|1778513213
|move|p2a: Great Tusk|Body Press|p1a: Skarmory
|-damage|p1a: Skarmory|38/100
|-damage|p2a: Great Tusk|2/100 psn|[from] item: Rocky Helmet|[of] p1a: Skarmory
|move|p1a: Skarmory|Iron Head|p2a: Great Tusk
|-crit|p2a: Great Tusk
|-damage|p2a: Great Tusk|0 fnt
|faint|p2a: Great Tusk
|-end|p2a: Great Tusk|Protosynthesis|[silent]
|
|upkeep
|
|t:|1778513229
|switch|p2a: Dragonite|Dragonite, M|100/100
|turn|16
|
|t:|1778513234
|switch|p1a: Primarina|Primarina, F, shiny|84/100 par
|-damage|p1a: Primarina|72/100 par|[from] Stealth Rock
|move|p2a: Dragonite|Dragon Dance|p2a: Dragonite
|-boost|p2a: Dragonite|atk|1
|-boost|p2a: Dragonite|spe|1
|
|upkeep
|turn|17
|
|t:|1778513242
|-terastallize|p2a: Dragonite|Normal
|move|p2a: Dragonite|Dragon Dance|p2a: Dragonite
|-boost|p2a: Dragonite|atk|1
|-boost|p2a: Dragonite|spe|1
|move|p1a: Primarina|Moonblast|p2a: Dragonite
|-damage|p2a: Dragonite|64/100
|
|upkeep
|turn|18
|
|t:|1778513255
|move|p2a: Dragonite|Extreme Speed|p1a: Primarina
|-damage|p1a: Primarina|0 fnt
|faint|p1a: Primarina
|
|upkeep
|
|t:|1778513274
|switch|p1a: Mudsdale|Mudsdale, F|100/100
|-damage|p1a: Mudsdale|94/100|[from] Stealth Rock
|turn|19
|
|t:|1778513282
|move|p2a: Dragonite|Outrage|p1a: Mudsdale
|-damage|p1a: Mudsdale|0 fnt
|faint|p1a: Mudsdale
|
|upkeep
|
|t:|1778513287
|switch|p1a: Decidueye|Decidueye, F, shiny|100/100
|-damage|p1a: Decidueye|88/100|[from] Stealth Rock
|turn|20
|
|t:|1778513293
|move|p2a: Dragonite|Outrage|p1a: Decidueye|[from] lockedmove
|-damage|p1a: Decidueye|0 fnt
|faint|p1a: Decidueye
|-start|p2a: Dragonite|confusion|[fatigue]
|
|upkeep
|-message|ct224 forfeited.
|
|win|yDiemos
|raw|ct224's rating: 1100 &rarr; <strong>1075</strong><br />(-25 for losing)
|raw|yDiemos's rating: 1095 &rarr; <strong>1121</strong><br />(+26 for winning)
|l|☆ct224
|player|p1|
|c|☆yDiemos|if u brought in skarmory u won
|l|☆yDiemos
|player|p2|
