|html|<div class="broadcast-blue"><strong>[Gen 9] OU is currently suspecting Tera Blast! For information on how to participate check out the <a href="https://www.smogon.com/tools/suspects/view/200">suspect thread</a>.</strong></div>
|j|☆SoupTM
|j|☆furioelectr0
|t:|1776083246
|gametype|singles
|player|p1|SoupTM|170|1227
|player|p2|furioelectr0|crasherwake|1297
|gen|9
|tier|[Gen 9] OU
|rated|
|rule|HP Percentage Mod: HP is shown in percentages
|rule|Endless Battle Clause: Forcing endless battles is banned
|rule|Species Clause: Limit one of each Pokémon
|rule|OHKO Clause: OHKO moves are banned
|rule|Evasion Items Clause: Evasion items are banned
|rule|Evasion Moves Clause: Evasion moves are banned
|rule|Evasion Abilities Clause: Evasion abilities are banned
|rule|Sleep Moves Clause: Sleep-inducing moves are banned
|clearpoke
|poke|p1|Kingambit, F|
|poke|p1|Rillaboom, F|
|poke|p1|Slowking-Galar, F|
|poke|p1|Kyurem|
|poke|p1|Great Tusk|
|poke|p1|Rotom-Wash|
|poke|p2|Darkrai|
|poke|p2|Muk-Alola, F|
|poke|p2|Primeape, F|
|poke|p2|Blaziken, M|
|poke|p2|Clefable, F|
|poke|p2|Iron Treads|
|teampreview
|inactive|Battle timer is ON: inactive players will automatically lose when time's up. (requested by SoupTM)
|
|t:|1776083259
|teamsize|p1|6
|teamsize|p2|6
|start
|switch|p1a: Rotom|Rotom-Wash|100/100
|switch|p2a: Blaziken|Blaziken, M|100/100
|turn|1
|
|t:|1776083268
|move|p2a: Blaziken|Protect|p2a: Blaziken
|-singleturn|p2a: Blaziken|Protect
|move|p1a: Rotom|Hydro Pump|p2a: Blaziken
|-activate|p2a: Blaziken|move: Protect
|
|-ability|p2a: Blaziken|Speed Boost|boost
|-boost|p2a: Blaziken|spe|1
|upkeep
|turn|2
|
|t:|1776083277
|switch|p2a: Clefable|Clefable, F, shiny|100/100
|move|p1a: Rotom|Hydro Pump|p2a: Clefable
|-damage|p2a: Clefable|64/100
|
|upkeep
|turn|3
|
|t:|1776083282
|move|p1a: Rotom|Volt Switch|p2a: Clefable
|-damage|p2a: Clefable|40/100
|
|t:|1776083287
|switch|p1a: Rillaboom|Rillaboom, F|100/100|[from] Volt Switch
|-fieldstart|move: Grassy Terrain|[from] ability: Grassy Surge|[of] p1a: Rillaboom
|move|p2a: Clefable|Wish|p2a: Clefable
|
|-heal|p2a: Clefable|46/100|[from] Grassy Terrain
|upkeep
|turn|4
|
|t:|1776083296
|switch|p2a: Blaziken|Blaziken, M|100/100
|move|p1a: Rillaboom|Wood Hammer|p2a: Blaziken
|-resisted|p2a: Blaziken
|-damage|p2a: Blaziken|0 fnt
|faint|p2a: Blaziken
|-damage|p1a: Rillaboom|71/100|[from] Recoil
|
|-heal|p1a: Rillaboom|78/100|[from] Grassy Terrain
|upkeep
|
|t:|1776083305
|switch|p2a: Clefable|Clefable, F, shiny|46/100
|turn|5
|
|t:|1776083308
|move|p1a: Rillaboom|Wood Hammer|p2a: Clefable
|-damage|p2a: Clefable|0 fnt
|faint|p2a: Clefable
|-damage|p1a: Rillaboom|60/100|[from] Recoil
|
|-heal|p1a: Rillaboom|66/100|[from] Grassy Terrain
|upkeep
|
|t:|1776083323
|switch|p2a: Muk|Muk-Alola, F|100/100
|turn|6
|
|t:|1776083334
|switch|p1a: Kingambit|Kingambit, F, shiny|100/100
|move|p2a: Muk|Gunk Shot|p1a: Kingambit
|-immune|p1a: Kingambit
|
|upkeep
|turn|7
|inactive|furioelectr0 has 120 seconds left.
|
|t:|1776083392
|switch|p2a: Iron Treads|Iron Treads|100/100
|-enditem|p2a: Iron Treads|Booster Energy
|-activate|p2a: Iron Treads|ability: Quark Drive|[fromitem]
|-start|p2a: Iron Treads|quarkdrivespe
|move|p1a: Kingambit|Swords Dance|p1a: Kingambit
|-boost|p1a: Kingambit|atk|2
|
|-fieldend|move: Grassy Terrain
|upkeep
|turn|8
|
|t:|1776083400
|move|p1a: Kingambit|Sucker Punch|p2a: Iron Treads
|-damage|p2a: Iron Treads|25/100
|move|p2a: Iron Treads|Earthquake|p1a: Kingambit
|-supereffective|p1a: Kingambit
|-damage|p1a: Kingambit|34/100
|
|-heal|p1a: Kingambit|40/100|[from] item: Leftovers
|upkeep
|turn|9
|
|t:|1776083408
|-end|p2a: Iron Treads|Quark Drive|[silent]
|switch|p2a: Primeape|Primeape, F|100/100
|move|p1a: Kingambit|Sucker Punch||[still]
|-fail|p1a: Kingambit
|
|-heal|p1a: Kingambit|46/100|[from] item: Leftovers
|upkeep
|turn|10
|
|t:|1776083416
|-terastallize|p2a: Primeape|Dark
|-terastallize|p1a: Kingambit|Fairy
|move|p2a: Primeape|Close Combat|p1a: Kingambit
|-resisted|p1a: Kingambit
|-damage|p1a: Kingambit|28/100
|-unboost|p2a: Primeape|def|1
|-unboost|p2a: Primeape|spd|1
|move|p1a: Kingambit|Tera Blast|p2a: Primeape|[anim] Tera Blast Fairy
|-supereffective|p2a: Primeape
|-enditem|p2a: Primeape|Focus Sash
|-damage|p2a: Primeape|1/100
|
|-heal|p1a: Kingambit|34/100|[from] item: Leftovers
|upkeep
|turn|11
|c|☆SoupTM|pack it up
|
|t:|1776083429
|move|p1a: Kingambit|Sucker Punch|p2a: Primeape
|-resisted|p2a: Primeape
|-damage|p2a: Primeape|0 fnt
|faint|p2a: Primeape
|
|-heal|p1a: Kingambit|41/100|[from] item: Leftovers
|upkeep
|
|t:|1776083431
|switch|p2a: Iron Treads|Iron Treads|25/100
|turn|12
|inactive|furioelectr0 has 120 seconds left.
|
|t:|1776083437
|-end|p2a: Iron Treads|Quark Drive|[silent]
|switch|p2a: Darkrai|Darkrai|100/100
|move|p1a: Kingambit|Sucker Punch||[still]
|-fail|p1a: Kingambit
|
|-heal|p1a: Kingambit|47/100|[from] item: Leftovers
|upkeep
|turn|13
|c|☆SoupTM|???
|
|t:|1776083443
|move|p2a: Darkrai|Sludge Bomb|p1a: Kingambit
|-supereffective|p1a: Kingambit
|-damage|p1a: Kingambit|0 fnt
|faint|p1a: Kingambit
|-end|p1a: Kingambit|fallenundefined|[silent]
|
|upkeep
|
|t:|1776083452
|switch|p1a: Great Tusk|Great Tusk|100/100
|-enditem|p1a: Great Tusk|Booster Energy
|-activate|p1a: Great Tusk|ability: Protosynthesis|[fromitem]
|-start|p1a: Great Tusk|protosynthesisatk
|turn|14
|inactive|furioelectr0 has 120 seconds left.
|
|t:|1776083473
|switch|p2a: Iron Treads|Iron Treads|25/100
|move|p1a: Great Tusk|Rapid Spin|p2a: Iron Treads
|-resisted|p2a: Iron Treads
|-damage|p2a: Iron Treads|14/100
|-boost|p1a: Great Tusk|spe|1
|
|upkeep
|turn|15
|
|t:|1776083490
|move|p1a: Great Tusk|Close Combat|p2a: Iron Treads
|-supereffective|p2a: Iron Treads
|-damage|p2a: Iron Treads|0 fnt
|-unboost|p1a: Great Tusk|def|1
|-unboost|p1a: Great Tusk|spd|1
|faint|p2a: Iron Treads
|-end|p2a: Iron Treads|Quark Drive|[silent]
|
|upkeep
|inactive|furioelectr0 has 120 seconds left.
|inactive|furioelectr0 has 90 seconds left.
|
|t:|1776083539
|switch|p2a: Muk|Muk-Alola, F|100/100
|turn|16
|
|t:|1776083549
|move|p1a: Great Tusk|Headlong Rush|p2a: Muk
|-supereffective|p2a: Muk
|-damage|p2a: Muk|0 fnt
|-unboost|p1a: Great Tusk|def|1
|-unboost|p1a: Great Tusk|spd|1
|faint|p2a: Muk
|
|upkeep
|inactive|furioelectr0 has 90 seconds left.
|
|t:|1776083565
|switch|p2a: Darkrai|Darkrai|100/100
|turn|17
|
|t:|1776083577
|move|p1a: Great Tusk|Close Combat|p2a: Darkrai
|-supereffective|p2a: Darkrai
|-enditem|p2a: Darkrai|Focus Sash
|-damage|p2a: Darkrai|1/100
|-unboost|p1a: Great Tusk|def|1
|-unboost|p1a: Great Tusk|spd|1
|move|p2a: Darkrai|Shadow Ball|p1a: Great Tusk
|-damage|p1a: Great Tusk|0 fnt
|faint|p1a: Great Tusk
|-end|p1a: Great Tusk|Protosynthesis|[silent]
|
|upkeep
|
|t:|1776083588
|switch|p1a: Rillaboom|Rillaboom, F|66/100
|-fieldstart|move: Grassy Terrain|[from] ability: Grassy Surge|[of] p1a: Rillaboom
|turn|18
|
|t:|1776083593
|move|p1a: Rillaboom|Grassy Glide|p2a: Darkrai
|-damage|p2a: Darkrai|0 fnt
|faint|p2a: Darkrai
|
|win|SoupTM
|raw|SoupTM's rating: 1227 &rarr; <strong>1257</strong><br />(+30 for winning)
|raw|furioelectr0's rating: 1297 &rarr; <strong>1267</strong><br />(-30 for losing)
|l|☆furioelectr0
|player|p2|
|l|☆SoupTM
|player|p1|
