|html|<div class="broadcast-blue"><strong>[Gen 9] OU is currently suspecting Tera Blast! For information on how to participate check out the <a href="https://www.smogon.com/tools/suspects/view/200">suspect thread</a>.</strong></div>
|j|☆sometimesstandard
|j|☆ilikemos
|t:|1776113362
|gametype|singles
|player|p1|sometimesstandard|1|1486
|player|p2|ilikemos|266|1425
|gen|9
|tier|[Gen 9] OU
|rated|
|rule|HP Percentage Mod: HP is shown in percentages
|rule|Endless Battle Clause: Forcing endless battles is banned
|rule|Species Clause: Limit one of each Pokémon
|rule|OHKO Clause: OHKO moves are banned
|rule|Evasion Items Clause: Evasion items are banned
|rule|Evasion Moves Clause: Evasion moves are banned
|rule|Evasion Abilities Clause: Evasion abilities are banned
|rule|Sleep Moves Clause: Sleep-inducing moves are banned
|clearpoke
|poke|p1|Mamoswine, F|
|poke|p1|Magnezone|
|poke|p1|Moltres|
|poke|p1|Greninja-*, F|
|poke|p1|Mismagius, M|
|poke|p1|Latios, M|
|poke|p2|Iron Valiant|
|poke|p2|Rotom-Wash|
|poke|p2|Latios, M|
|poke|p2|Ting-Lu|
|poke|p2|Hydreigon, M|
|poke|p2|Gholdengo|
|teampreview
|j| ohko_smeargle
|
|t:|1776113392
|teamsize|p1|6
|teamsize|p2|6
|start
|switch|p1a: Mamoswine|Mamoswine, F|100/100
|switch|p2a: Hydreigon|Hydreigon, M|100/100
|turn|1
|
|t:|1776113406
|switch|p2a: Rotom|Rotom-Wash|100/100
|move|p1a: Mamoswine|Stealth Rock|p2a: Rotom
|-sidestart|p2: ilikemos|move: Stealth Rock
|
|upkeep
|turn|2
|inactive|Battle timer is ON: inactive players will automatically lose when time's up. (requested by ilikemos)
|
|t:|1776113413
|switch|p1a: Latios|Latios, M|100/100
|move|p2a: Rotom|Hydro Pump|p1a: Latios
|-resisted|p1a: Latios
|-damage|p1a: Latios|79/100
|
|upkeep
|turn|3
|
|t:|1776113420
|switch|p2a: Ting-Lu|Ting-Lu|100/100
|-damage|p2a: Ting-Lu|94/100|[from] Stealth Rock
|-ability|p2a: Ting-Lu|Vessel of Ruin
|move|p1a: Latios|Draco Meteor|p2a: Ting-Lu
|-crit|p2a: Ting-Lu
|-damage|p2a: Ting-Lu|50/100
|-unboost|p1a: Latios|spa|2
|
|-heal|p2a: Ting-Lu|56/100|[from] item: Leftovers
|upkeep
|turn|4
|
|t:|1776113438
|switch|p1a: Mamoswine|Mamoswine, F|100/100
|move|p2a: Ting-Lu|Stealth Rock|p1a: Mamoswine
|-sidestart|p1: sometimesstandard|move: Stealth Rock
|
|-heal|p2a: Ting-Lu|62/100|[from] item: Leftovers
|upkeep
|turn|5
|
|t:|1776113450
|switch|p2a: Rotom|Rotom-Wash|100/100
|-damage|p2a: Rotom|88/100|[from] Stealth Rock
|move|p1a: Mamoswine|Knock Off|p2a: Rotom
|-damage|p2a: Rotom|51/100
|-enditem|p2a: Rotom|Leftovers|[from] move: Knock Off|[of] p1a: Mamoswine
|-damage|p1a: Mamoswine|91/100|[from] item: Life Orb
|
|upkeep
|turn|6
|
|t:|1776113458
|switch|p1a: Latios|Latios, M|79/100
|-damage|p1a: Latios|67/100|[from] Stealth Rock
|move|p2a: Rotom|Pain Split|p1a: Latios
|-sethp|p1a: Latios|59/100|[from] move: Pain Split|[silent]
|-sethp|p2a: Rotom|58/100|[from] move: Pain Split
|
|upkeep
|turn|7
|
|t:|1776113470
|switch|p2a: Ting-Lu|Ting-Lu|62/100
|-damage|p2a: Ting-Lu|56/100|[from] Stealth Rock
|-ability|p2a: Ting-Lu|Vessel of Ruin
|move|p1a: Latios|Flip Turn|p2a: Ting-Lu
|-supereffective|p2a: Ting-Lu
|-damage|p2a: Ting-Lu|44/100
|
|t:|1776113482
|switch|p1a: Greninja|Greninja, F|100/100|[from] Flip Turn
|-damage|p1a: Greninja|88/100|[from] Stealth Rock
|
|-heal|p2a: Ting-Lu|50/100|[from] item: Leftovers
|upkeep
|turn|8
|
|t:|1776113491
|-terastallize|p2a: Ting-Lu|Poison
|move|p1a: Greninja|Hydro Pump|p2a: Ting-Lu
|-start|p1a: Greninja|typechange|Water|[from] ability: Protean
|-damage|p2a: Ting-Lu|22/100
|move|p2a: Ting-Lu|Earthquake|p1a: Greninja
|-damage|p1a: Greninja|25/100
|
|-heal|p2a: Ting-Lu|29/100|[from] item: Leftovers
|upkeep
|turn|9
|
|t:|1776113507
|switch|p1a: Moltres|Moltres|100/100
|move|p2a: Ting-Lu|Earthquake|p1a: Moltres
|-immune|p1a: Moltres
|
|-heal|p2a: Ting-Lu|35/100|[from] item: Leftovers
|upkeep
|turn|10
|
|t:|1776113515
|switch|p2a: Rotom|Rotom-Wash|58/100
|-damage|p2a: Rotom|46/100|[from] Stealth Rock
|move|p1a: Moltres|Flamethrower|p2a: Rotom
|-resisted|p2a: Rotom
|-damage|p2a: Rotom|27/100
|
|upkeep
|turn|11
|
|t:|1776113525
|switch|p1a: Greninja|Greninja, F|25/100
|-damage|p1a: Greninja|12/100|[from] Stealth Rock
|move|p2a: Rotom|Pain Split|p1a: Greninja
|-sethp|p1a: Greninja|20/100|[from] move: Pain Split|[silent]
|-sethp|p2a: Rotom|19/100|[from] move: Pain Split
|
|upkeep
|turn|12
|
|t:|1776113536
|move|p1a: Greninja|Dark Pulse|p2a: Rotom
|-start|p1a: Greninja|typechange|Dark|[from] ability: Protean
|-damage|p2a: Rotom|0 fnt
|faint|p2a: Rotom
|
|upkeep
|
|t:|1776113539
|switch|p2a: Latios|Latios, M|100/100
|-damage|p2a: Latios|88/100|[from] Stealth Rock
|turn|13
|
|t:|1776113551
|move|p2a: Latios|Flip Turn|p1a: Greninja
|-damage|p1a: Greninja|3/100
|
|t:|1776113554
|switch|p2a: Ting-Lu|Ting-Lu, tera:Poison|35/100|[from] Flip Turn
|-damage|p2a: Ting-Lu|22/100|[from] Stealth Rock
|-ability|p2a: Ting-Lu|Vessel of Ruin
|move|p1a: Greninja|Dark Pulse|p2a: Ting-Lu
|-damage|p2a: Ting-Lu|1/100
|
|-heal|p2a: Ting-Lu|7/100|[from] item: Leftovers
|upkeep
|turn|14
|
|t:|1776113559
|move|p1a: Greninja|Dark Pulse|p2a: Ting-Lu
|-damage|p2a: Ting-Lu|0 fnt
|faint|p2a: Ting-Lu
|
|upkeep
|
|t:|1776113564
|switch|p2a: Latios|Latios, M|88/100
|-damage|p2a: Latios|76/100|[from] Stealth Rock
|turn|15
|
|t:|1776113567
|move|p2a: Latios|Flip Turn|p1a: Greninja
|-damage|p1a: Greninja|0 fnt
|faint|p1a: Greninja
|
|t:|1776113584
|switch|p2a: Hydreigon|Hydreigon, M|100/100|[from] Flip Turn
|-damage|p2a: Hydreigon|88/100|[from] Stealth Rock
|
|upkeep
|
|t:|1776113606
|switch|p1a: Mamoswine|Mamoswine, F|91/100
|-damage|p1a: Mamoswine|78/100|[from] Stealth Rock
|turn|16
|
|t:|1776113614
|move|p1a: Mamoswine|Ice Shard|p2a: Hydreigon
|-supereffective|p2a: Hydreigon
|-crit|p2a: Hydreigon
|-damage|p2a: Hydreigon|0 fnt
|faint|p2a: Hydreigon
|-damage|p1a: Mamoswine|68/100|[from] item: Life Orb
|
|upkeep
|
|t:|1776113618
|switch|p2a: Iron Valiant|Iron Valiant|100/100
|turn|17
|
|t:|1776113627
|switch|p1a: Moltres|Moltres|100/100
|move|p2a: Iron Valiant|Moonblast|p1a: Moltres
|-resisted|p1a: Moltres
|-damage|p1a: Moltres|78/100
|
|upkeep
|turn|18
|
|t:|1776113635
|move|p2a: Iron Valiant|Thunderbolt|p1a: Moltres
|-supereffective|p1a: Moltres
|-damage|p1a: Moltres|12/100
|move|p1a: Moltres|Hurricane|p2a: Iron Valiant|[miss]
|-miss|p1a: Moltres|p2a: Iron Valiant
|
|upkeep
|turn|19
|
|t:|1776113647
|move|p2a: Iron Valiant|Moonblast|p1a: Moltres
|-resisted|p1a: Moltres
|-damage|p1a: Moltres|0 fnt
|faint|p1a: Moltres
|
|upkeep
|
|t:|1776113663
|switch|p1a: Latios|Latios, M|59/100
|-damage|p1a: Latios|47/100|[from] Stealth Rock
|turn|20
|
|t:|1776113667
|-end|p2a: Iron Valiant|Quark Drive|[silent]
|switch|p2a: Gholdengo|Gholdengo|100/100
|-damage|p2a: Gholdengo|94/100|[from] Stealth Rock
|-item|p2a: Gholdengo|Air Balloon
|move|p1a: Latios|Luster Purge|p2a: Gholdengo
|-resisted|p2a: Gholdengo
|-damage|p2a: Gholdengo|70/100
|-unboost|p2a: Gholdengo|spd|1
|-enditem|p2a: Gholdengo|Air Balloon
|
|upkeep
|turn|21
|
|t:|1776113684
|move|p1a: Latios|Luster Purge|p2a: Gholdengo
|-resisted|p2a: Gholdengo
|-damage|p2a: Gholdengo|31/100
|move|p2a: Gholdengo|Hex|p1a: Latios
|-supereffective|p1a: Latios
|-damage|p1a: Latios|0 fnt
|faint|p1a: Latios
|
|upkeep
|
|t:|1776113690
|switch|p1a: Mismagius|Mismagius, M|100/100
|-damage|p1a: Mismagius|88/100|[from] Stealth Rock
|turn|22
|
|t:|1776113695
|move|p1a: Mismagius|Shadow Ball|p2a: Gholdengo
|-supereffective|p2a: Gholdengo
|-crit|p2a: Gholdengo
|-damage|p2a: Gholdengo|0 fnt
|faint|p2a: Gholdengo
|
|upkeep
|
|t:|1776113705
|switch|p2a: Iron Valiant|Iron Valiant|100/100
|turn|23
|
|t:|1776113709
|move|p1a: Mismagius|Shadow Ball|p2a: Iron Valiant
|-damage|p2a: Iron Valiant|24/100
|move|p2a: Iron Valiant|Knock Off|p1a: Mismagius
|-supereffective|p1a: Mismagius
|-damage|p1a: Mismagius|0 fnt
|-enditem|p1a: Mismagius|Choice Scarf|[from] move: Knock Off|[of] p2a: Iron Valiant
|faint|p1a: Mismagius
|
|upkeep
|
|t:|1776113715
|switch|p1a: Mamoswine|Mamoswine, F|68/100
|-damage|p1a: Mamoswine|56/100|[from] Stealth Rock
|turn|24
|l|☆ilikemos
|inactive|ilikemos disconnected and has a minute to reconnect!
|player|p2|
|inactive|ilikemos has 30 seconds to reconnect!
|inactive|ilikemos has 20 seconds to reconnect!
|inactive|ilikemos has 15 seconds to reconnect!
|inactive|ilikemos has 10 seconds to reconnect!
|inactive|ilikemos has 5 seconds to reconnect!
|-message|ilikemos lost due to inactivity.
|
|win|sometimesstandard
|raw|sometimesstandard's rating: 1486 &rarr; <strong>1503</strong><br />(+17 for winning)
|raw|ilikemos's rating: 1425 &rarr; <strong>1408</strong><br />(-17 for losing)
|l| ohko_smeargle
|l|☆sometimesstandard
|player|p1|
