|html|<div class="broadcast-blue"><strong>[Gen 9] OU is currently suspecting Tera Blast! For information on how to participate check out the <a href="https://www.smogon.com/tools/suspects/view/200">suspect thread</a>.</strong></div>
|j|☆i registered this
|j|☆Billythekid95
|t:|1776108706
|gametype|singles
|player|p1|i registered this|102|1533
|player|p2|Billythekid95|101|1550
|gen|9
|tier|[Gen 9] OU
|rated|
|rule|HP Percentage Mod: HP is shown in percentages
|rule|Endless Battle Clause: Forcing endless battles is banned
|rule|Species Clause: Limit one of each Pokémon
|rule|OHKO Clause: OHKO moves are banned
|rule|Evasion Items Clause: Evasion items are banned
|rule|Evasion Moves Clause: Evasion moves are banned
|rule|Evasion Abilities Clause: Evasion abilities are banned
|rule|Sleep Moves Clause: Sleep-inducing moves are banned
|clearpoke
|poke|p1|Snorlax, M|
|poke|p1|Gholdengo|
|poke|p1|Ogerpon, F|
|poke|p1|Rillaboom, F|
|poke|p1|Tyranitar, F|
|poke|p1|Iron Treads|
|poke|p2|Walking Wake|
|poke|p2|Ribombee, F|
|poke|p2|Gholdengo|
|poke|p2|Torkoal, F|
|poke|p2|Ogerpon, F|
|poke|p2|Great Tusk|
|teampreview
|inactive|Battle timer is ON: inactive players will automatically lose when time's up. (requested by i registered this)
|
|t:|1776108714
|teamsize|p1|6
|teamsize|p2|6
|start
|switch|p1a: Iron Treads|Iron Treads|100/100
|switch|p2a: Ribombee|Ribombee, F|100/100
|turn|1
|
|t:|1776108719
|move|p2a: Ribombee|Stun Spore|p1a: Iron Treads|[miss]
|-miss|p2a: Ribombee|p1a: Iron Treads
|move|p1a: Iron Treads|Rapid Spin|p2a: Ribombee
|-damage|p2a: Ribombee|76/100
|-boost|p1a: Iron Treads|spe|1
|
|upkeep
|turn|2
|
|t:|1776108728
|switch|p2a: Great Tusk|Great Tusk|100/100
|-end|p1a: Iron Treads|Quark Drive|[silent]
|switch|p1a: Ogerpon|Ogerpon, F|100/100
|
|upkeep
|turn|3
|
|t:|1776108739
|-end|p2a: Great Tusk|Protosynthesis|[silent]
|switch|p2a: Torkoal|Torkoal, F|100/100
|-weather|SunnyDay|[from] ability: Drought|[of] p2a: Torkoal
|move|p1a: Ogerpon|Ivy Cudgel|p2a: Torkoal
|-resisted|p2a: Torkoal
|-damage|p2a: Torkoal|71/100
|
|-weather|SunnyDay|[upkeep]
|upkeep
|turn|4
|
|t:|1776108748
|switch|p1a: Tyranitar|Tyranitar, F|100/100
|-weather|Sandstorm|[from] ability: Sand Stream|[of] p1a: Tyranitar
|move|p2a: Torkoal|Stealth Rock|p1a: Tyranitar
|-sidestart|p1: i registered this|move: Stealth Rock
|
|-weather|Sandstorm|[upkeep]
|-damage|p2a: Torkoal|65/100|[from] Sandstorm
|upkeep
|turn|5
|
|t:|1776108757
|switch|p2a: Great Tusk|Great Tusk|100/100
|move|p1a: Tyranitar|Substitute|p1a: Tyranitar
|-start|p1a: Tyranitar|Substitute
|-damage|p1a: Tyranitar|76/100
|
|-weather|Sandstorm|[upkeep]
|-heal|p1a: Tyranitar|82/100|[from] item: Leftovers
|upkeep
|turn|6
|
|t:|1776108764
|move|p1a: Tyranitar|Ice Beam|p2a: Great Tusk
|-supereffective|p2a: Great Tusk
|-damage|p2a: Great Tusk|79/100
|move|p2a: Great Tusk|Earthquake|p1a: Tyranitar
|-supereffective|p1a: Tyranitar
|-end|p1a: Tyranitar|Substitute
|
|-weather|Sandstorm|[upkeep]
|-heal|p1a: Tyranitar|88/100|[from] item: Leftovers
|upkeep
|turn|7
|
|t:|1776108773
|switch|p1a: Rillaboom|Rillaboom, F|100/100
|-damage|p1a: Rillaboom|88/100|[from] Stealth Rock
|-fieldstart|move: Grassy Terrain|[from] ability: Grassy Surge|[of] p1a: Rillaboom
|move|p2a: Great Tusk|Close Combat|p1a: Rillaboom
|-damage|p1a: Rillaboom|36/100
|-unboost|p2a: Great Tusk|def|1
|-unboost|p2a: Great Tusk|spd|1
|
|-weather|Sandstorm|[upkeep]
|-damage|p1a: Rillaboom|30/100|[from] Sandstorm
|-heal|p1a: Rillaboom|36/100|[from] Grassy Terrain
|-heal|p2a: Great Tusk|85/100|[from] Grassy Terrain
|upkeep
|turn|8
|
|t:|1776108786
|move|p1a: Rillaboom|Knock Off|p2a: Great Tusk
|-resisted|p2a: Great Tusk
|-damage|p2a: Great Tusk|61/100
|-enditem|p2a: Great Tusk|Assault Vest|[from] move: Knock Off|[of] p1a: Rillaboom
|-damage|p1a: Rillaboom|26/100|[from] item: Life Orb
|move|p2a: Great Tusk|Ice Spinner|p1a: Rillaboom
|-supereffective|p1a: Rillaboom
|-damage|p1a: Rillaboom|0 fnt
|-fieldend|move: Grassy Terrain
|faint|p1a: Rillaboom
|
|-weather|none
|upkeep
|
|t:|1776108791
|switch|p1a: Ogerpon|Ogerpon, F|100/100
|-damage|p1a: Ogerpon|88/100|[from] Stealth Rock
|turn|9
|
|t:|1776108806
|-end|p2a: Great Tusk|Protosynthesis|[silent]
|switch|p2a: Torkoal|Torkoal, F|65/100
|-weather|SunnyDay|[from] ability: Drought|[of] p2a: Torkoal
|move|p1a: Ogerpon|Ivy Cudgel|p2a: Torkoal
|-resisted|p2a: Torkoal
|-damage|p2a: Torkoal|37/100
|
|-weather|SunnyDay|[upkeep]
|upkeep
|turn|10
|
|t:|1776108815
|switch|p1a: Tyranitar|Tyranitar, F|88/100
|-damage|p1a: Tyranitar|76/100|[from] Stealth Rock
|-weather|Sandstorm|[from] ability: Sand Stream|[of] p1a: Tyranitar
|switch|p2a: Ribombee|Ribombee, F|76/100
|
|-weather|Sandstorm|[upkeep]
|-damage|p2a: Ribombee|70/100|[from] Sandstorm
|-heal|p1a: Tyranitar|82/100|[from] item: Leftovers
|upkeep
|turn|11
|
|t:|1776108825
|switch|p1a: Iron Treads|Iron Treads|100/100
|-damage|p1a: Iron Treads|98/100|[from] Stealth Rock
|move|p2a: Ribombee|Sticky Web|p1a: Iron Treads
|-sidestart|p1: i registered this|move: Sticky Web
|
|-weather|Sandstorm|[upkeep]
|-damage|p2a: Ribombee|64/100|[from] Sandstorm
|-heal|p1a: Iron Treads|100/100|[from] item: Leftovers
|upkeep
|turn|12
|
|t:|1776108833
|move|p2a: Ribombee|Stun Spore|p1a: Iron Treads
|-status|p1a: Iron Treads|par
|move|p1a: Iron Treads|Rapid Spin|p2a: Ribombee
|-damage|p2a: Ribombee|39/100
|-boost|p1a: Iron Treads|spe|1
|-sideend|p1: i registered this|Stealth Rock|[from] move: Rapid Spin|[of] p1a: Iron Treads
|-sideend|p1: i registered this|Sticky Web|[from] move: Rapid Spin|[of] p1a: Iron Treads
|
|-weather|Sandstorm|[upkeep]
|-damage|p2a: Ribombee|33/100|[from] Sandstorm
|upkeep
|turn|13
|
|t:|1776108842
|switch|p2a: Great Tusk|Great Tusk|61/100
|cant|p1a: Iron Treads|par
|
|-weather|Sandstorm|[upkeep]
|upkeep
|turn|14
|
|t:|1776108849
|-end|p2a: Great Tusk|Protosynthesis|[silent]
|switch|p2a: Ribombee|Ribombee, F|33/100
|-end|p1a: Iron Treads|Quark Drive|[silent]
|switch|p1a: Ogerpon|Ogerpon, F|88/100
|
|-weather|none
|upkeep
|turn|15
|
|t:|1776108856
|-terastallize|p1a: Ogerpon|Grass
|detailschange|p1a: Ogerpon|Ogerpon-Teal-Tera, F, tera:Grass
|-ability|p1a: Ogerpon|Embody Aspect (Teal)|boost
|-boost|p1a: Ogerpon|spe|1
|move|p1a: Ogerpon|Ivy Cudgel|p2a: Ribombee
|-resisted|p2a: Ribombee
|-damage|p2a: Ribombee|0 fnt
|faint|p2a: Ribombee
|
|upkeep
|
|t:|1776108864
|switch|p2a: Ogerpon|Ogerpon, F|100/100
|turn|16
|
|t:|1776108871
|switch|p1a: Gholdengo|Gholdengo|100/100
|move|p2a: Ogerpon|U-turn|p1a: Gholdengo
|-resisted|p1a: Gholdengo
|-damage|p1a: Gholdengo|94/100
|
|t:|1776108883
|switch|p2a: Torkoal|Torkoal, F|37/100|[from] U-turn
|-weather|SunnyDay|[from] ability: Drought|[of] p2a: Torkoal
|
|-weather|SunnyDay|[upkeep]
|upkeep
|turn|17
|
|t:|1776108892
|move|p1a: Gholdengo|Shadow Ball|p2a: Torkoal
|-damage|p2a: Torkoal|0 fnt
|faint|p2a: Torkoal
|
|-weather|SunnyDay|[upkeep]
|upkeep
|
|t:|1776108898
|switch|p2a: Walking Wake|Walking Wake|100/100
|-activate|p2a: Walking Wake|ability: Protosynthesis
|-start|p2a: Walking Wake|protosynthesisspa
|turn|18
|
|t:|1776108902
|switch|p1a: Tyranitar|Tyranitar, F|82/100
|-weather|Sandstorm|[from] ability: Sand Stream|[of] p1a: Tyranitar
|-end|p2a: Walking Wake|Protosynthesis
|move|p2a: Walking Wake|Hydro Steam|p1a: Tyranitar
|-supereffective|p1a: Tyranitar
|-damage|p1a: Tyranitar|0 fnt
|faint|p1a: Tyranitar
|
|-weather|Sandstorm|[upkeep]
|-damage|p2a: Walking Wake|94/100|[from] Sandstorm
|upkeep
|
|t:|1776108908
|switch|p1a: Ogerpon|Ogerpon-Teal-Tera, F, tera:Grass|88/100
|-ability|p1a: Ogerpon|Embody Aspect (Teal)|boost
|-boost|p1a: Ogerpon|spe|1
|turn|19
|
|t:|1776108919
|move|p1a: Ogerpon|Ivy Cudgel|p2a: Walking Wake
|-damage|p2a: Walking Wake|0 fnt
|faint|p2a: Walking Wake
|-end|p2a: Walking Wake|Protosynthesis|[silent]
|
|-weather|Sandstorm|[upkeep]
|-damage|p1a: Ogerpon|82/100|[from] Sandstorm
|upkeep
|
|t:|1776108933
|switch|p2a: Ogerpon|Ogerpon, F|100/100
|turn|20
|
|t:|1776108939
|-terastallize|p2a: Ogerpon|Grass
|detailschange|p2a: Ogerpon|Ogerpon-Teal-Tera, F, tera:Grass
|-ability|p2a: Ogerpon|Embody Aspect (Teal)|boost
|-boost|p2a: Ogerpon|spe|1
|move|p1a: Ogerpon|Ivy Cudgel|p2a: Ogerpon
|-resisted|p2a: Ogerpon
|-damage|p2a: Ogerpon|39/100
|move|p2a: Ogerpon|U-turn|p1a: Ogerpon
|-supereffective|p1a: Ogerpon
|-damage|p1a: Ogerpon|20/100
|
|t:|1776108949
|switch|p2a: Gholdengo|Gholdengo|100/100|[from] U-turn
|
|-weather|Sandstorm|[upkeep]
|-damage|p1a: Ogerpon|14/100|[from] Sandstorm
|upkeep
|turn|21
|
|t:|1776108955
|switch|p1a: Iron Treads|Iron Treads|100/100 par
|move|p2a: Gholdengo|Shadow Ball|p1a: Iron Treads
|-damage|p1a: Iron Treads|68/100 par
|-unboost|p1a: Iron Treads|spd|1
|
|-weather|Sandstorm|[upkeep]
|-heal|p1a: Iron Treads|74/100 par|[from] item: Leftovers
|upkeep
|turn|22
|
|t:|1776108963
|move|p2a: Gholdengo|Shadow Ball|p1a: Iron Treads
|-damage|p1a: Iron Treads|19/100 par
|move|p1a: Iron Treads|High Horsepower|p2a: Gholdengo
|-supereffective|p2a: Gholdengo
|-damage|p2a: Gholdengo|14/100
|
|-weather|none
|-heal|p1a: Iron Treads|25/100 par|[from] item: Leftovers
|upkeep
|turn|23
|
|t:|1776108972
|-end|p1a: Iron Treads|Quark Drive|[silent]
|switch|p1a: Snorlax|Snorlax, M|100/100
|move|p2a: Gholdengo|Shadow Ball|p1a: Snorlax
|-immune|p1a: Snorlax
|
|upkeep
|turn|24
|
|t:|1776108977
|switch|p2a: Great Tusk|Great Tusk|61/100
|move|p1a: Snorlax|Heat Crash|p2a: Great Tusk
|-damage|p2a: Great Tusk|55/100
|
|upkeep
|turn|25
|
|t:|1776108987
|switch|p1a: Iron Treads|Iron Treads|25/100 par
|move|p2a: Great Tusk|Close Combat|p1a: Iron Treads
|-supereffective|p1a: Iron Treads
|-damage|p1a: Iron Treads|0 fnt
|-unboost|p2a: Great Tusk|def|1
|-unboost|p2a: Great Tusk|spd|1
|faint|p1a: Iron Treads
|-end|p1a: Iron Treads|Quark Drive|[silent]
|
|upkeep
|
|t:|1776108992
|switch|p1a: Ogerpon|Ogerpon-Teal-Tera, F, tera:Grass|14/100
|-ability|p1a: Ogerpon|Embody Aspect (Teal)|boost
|-boost|p1a: Ogerpon|spe|1
|turn|26
|
|t:|1776108998
|-end|p2a: Great Tusk|Protosynthesis|[silent]
|switch|p2a: Gholdengo|Gholdengo|14/100
|move|p1a: Ogerpon|Ivy Cudgel|p2a: Gholdengo
|-resisted|p2a: Gholdengo
|-damage|p2a: Gholdengo|0 fnt
|faint|p2a: Gholdengo
|
|upkeep
|
|t:|1776109005
|switch|p2a: Ogerpon|Ogerpon-Teal-Tera, F, tera:Grass|39/100
|-ability|p2a: Ogerpon|Embody Aspect (Teal)|boost
|-boost|p2a: Ogerpon|spe|1
|turn|27
|
|t:|1776109008
|move|p1a: Ogerpon|Ivy Cudgel|p2a: Ogerpon
|-resisted|p2a: Ogerpon
|-damage|p2a: Ogerpon|0 fnt
|faint|p2a: Ogerpon
|detailschange|p2: Ogerpon|Ogerpon, F|[silent]
|
|upkeep
|-message|Billythekid95 forfeited.
|
|win|i registered this
|raw|i registered this's rating: 1533 &rarr; <strong>1554</strong><br />(+21 for winning)
|raw|Billythekid95's rating: 1550 &rarr; <strong>1529</strong><br />(-21 for losing)
|l|☆Billythekid95
|player|p2|
|l|☆i registered this
|player|p1|
