|html|<div class="broadcast-blue"><strong>[Gen 9] OU is currently suspecting Tera Blast! For information on how to participate check out the <a href="https://www.smogon.com/tools/suspects/view/200">suspect thread</a>.</strong></div>
|j|☆yvhs
|j|☆FearedStriker
|t:|1776164969
|gametype|singles
|player|p1|yvhs|hilda-wonderlauncher|1292
|player|p2|FearedStriker|ltsurge|1292
|gen|9
|tier|[Gen 9] OU
|rated|
|rule|HP Percentage Mod: HP is shown in percentages
|rule|Endless Battle Clause: Forcing endless battles is banned
|rule|Species Clause: Limit one of each Pokémon
|rule|OHKO Clause: OHKO moves are banned
|rule|Evasion Items Clause: Evasion items are banned
|rule|Evasion Moves Clause: Evasion moves are banned
|rule|Evasion Abilities Clause: Evasion abilities are banned
|rule|Sleep Moves Clause: Sleep-inducing moves are banned
|clearpoke
|poke|p1|Kingambit, F|
|poke|p1|Raging Bolt|
|poke|p1|Tornadus-Therian, M|
|poke|p1|Great Tusk|
|poke|p1|Ting-Lu|
|poke|p1|Pecharunt|
|poke|p2|Cinderace, M|
|poke|p2|Gholdengo|
|poke|p2|Ogerpon-Wellspring, F|
|poke|p2|Hydreigon, M|
|poke|p2|Great Tusk|
|poke|p2|Thundurus, M|
|teampreview
|inactive|Battle timer is ON: inactive players will automatically lose when time's up. (requested by FearedStriker)
|inactive|FearedStriker has 120 seconds left.
|
|t:|1776165025
|teamsize|p1|6
|teamsize|p2|6
|start
|switch|p1a: Ting-Lu|Ting-Lu|100/100
|switch|p2a: Thundurus|Thundurus, M|100/100
|-ability|p1a: Ting-Lu|Vessel of Ruin
|turn|1
|
|t:|1776165038
|switch|p2a: Great Tusk|Great Tusk|100/100
|move|p1a: Ting-Lu|Whirlwind|p2a: Great Tusk
|-end|p2a: Great Tusk|Protosynthesis|[silent]
|drag|p2a: Thundurus|Thundurus, M|100/100
|
|upkeep
|turn|2
|
|t:|1776165045
|switch|p2a: Great Tusk|Great Tusk|100/100
|move|p1a: Ting-Lu|Spikes|p2a: Great Tusk
|-sidestart|p2: FearedStriker|Spikes
|
|upkeep
|turn|3
|
|t:|1776165053
|switch|p1a: Tornadus|Tornadus-Therian, M|100/100
|move|p2a: Great Tusk|Knock Off|p1a: Tornadus
|-damage|p1a: Tornadus|63/100
|-enditem|p1a: Tornadus|Assault Vest|[from] move: Knock Off|[of] p2a: Great Tusk
|
|upkeep
|turn|4
|
|t:|1776165066
|-end|p2a: Great Tusk|Protosynthesis|[silent]
|switch|p2a: Thundurus|Thundurus, M|100/100
|move|p1a: Tornadus|Bleakwind Storm|p2a: Thundurus
|-resisted|p2a: Thundurus
|-damage|p2a: Thundurus|73/100
|
|upkeep
|turn|5
|
|t:|1776165077
|move|p1a: Tornadus|U-turn|p2a: Thundurus
|-resisted|p2a: Thundurus
|-damage|p2a: Thundurus|62/100
|
|t:|1776165083
|switch|p1a: Ting-Lu|Ting-Lu|100/100|[from] U-turn
|-ability|p1a: Ting-Lu|Vessel of Ruin
|move|p2a: Thundurus|Flash Cannon|p1a: Ting-Lu
|-damage|p1a: Ting-Lu|87/100
|
|-heal|p1a: Ting-Lu|93/100|[from] item: Leftovers
|upkeep
|turn|6
|inactive|FearedStriker has 120 seconds left.
|
|t:|1776165140
|switch|p2a: Great Tusk|Great Tusk|100/100
|-damage|p2a: Great Tusk|88/100|[from] Spikes
|move|p1a: Ting-Lu|Spikes|p2a: Great Tusk
|-sidestart|p2: FearedStriker|Spikes
|
|-heal|p1a: Ting-Lu|99/100|[from] item: Leftovers
|upkeep
|turn|7
|
|t:|1776165153
|switch|p1a: Pecharunt|Pecharunt|100/100
|move|p2a: Great Tusk|Rapid Spin|p1a: Pecharunt
|-immune|p1a: Pecharunt
|
|upkeep
|turn|8
|
|t:|1776165162
|move|p1a: Pecharunt|Parting Shot|p2a: Great Tusk
|-unboost|p2a: Great Tusk|atk|1
|-unboost|p2a: Great Tusk|spa|1
|
|t:|1776165164
|switch|p1a: Tornadus|Tornadus-Therian, M|96/100|[from] Parting Shot
|move|p2a: Great Tusk|Knock Off|p1a: Tornadus
|-damage|p1a: Tornadus|78/100
|
|upkeep
|turn|9
|
|t:|1776165174
|-end|p2a: Great Tusk|Protosynthesis|[silent]
|switch|p2a: Thundurus|Thundurus, M|62/100
|move|p1a: Tornadus|Knock Off|p2a: Thundurus
|-damage|p2a: Thundurus|34/100
|-enditem|p2a: Thundurus|Heavy-Duty Boots|[from] move: Knock Off|[of] p1a: Tornadus
|
|upkeep
|turn|10
|
|t:|1776165193
|move|p1a: Tornadus|U-turn|p2a: Thundurus
|-resisted|p2a: Thundurus
|-damage|p2a: Thundurus|23/100
|
|t:|1776165194
|switch|p1a: Ting-Lu|Ting-Lu|99/100|[from] U-turn
|-ability|p1a: Ting-Lu|Vessel of Ruin
|move|p2a: Thundurus|Thunderbolt|p1a: Ting-Lu
|-immune|p1a: Ting-Lu
|
|-heal|p1a: Ting-Lu|100/100|[from] item: Leftovers
|upkeep
|turn|11
|
|t:|1776165197
|switch|p2a: Ogerpon|Ogerpon-Wellspring, F|100/100
|-damage|p2a: Ogerpon|84/100|[from] Spikes
|move|p1a: Ting-Lu|Spikes|p2a: Ogerpon
|-sidestart|p2: FearedStriker|Spikes
|
|upkeep
|turn|12
|
|t:|1776165211
|switch|p1a: Pecharunt|Pecharunt|100/100
|move|p2a: Ogerpon|Ivy Cudgel|p1a: Pecharunt|[anim] Ivy Cudgel Water
|-damage|p1a: Pecharunt|68/100
|
|upkeep
|turn|13
|
|t:|1776165218
|move|p2a: Ogerpon|Knock Off|p1a: Pecharunt
|-supereffective|p1a: Pecharunt
|-damage|p1a: Pecharunt|22/100
|-damage|p2a: Ogerpon|67/100|[from] item: Rocky Helmet|[of] p1a: Pecharunt
|-enditem|p1a: Pecharunt|Rocky Helmet|[from] move: Knock Off|[of] p2a: Ogerpon
|move|p1a: Pecharunt|Malignant Chain|p2a: Ogerpon
|-supereffective|p2a: Ogerpon
|-damage|p2a: Ogerpon|0 fnt
|faint|p2a: Ogerpon
|
|upkeep
|
|t:|1776165237
|switch|p2a: Great Tusk|Great Tusk|88/100
|-damage|p2a: Great Tusk|63/100|[from] Spikes
|turn|14
|
|t:|1776165245
|move|p1a: Pecharunt|Parting Shot|p2a: Great Tusk
|-unboost|p2a: Great Tusk|atk|1
|-unboost|p2a: Great Tusk|spa|1
|
|t:|1776165249
|switch|p1a: Tornadus|Tornadus-Therian, M|100/100|[from] Parting Shot
|move|p2a: Great Tusk|Knock Off|p1a: Tornadus
|-damage|p1a: Tornadus|84/100
|
|upkeep
|turn|15
|inactive|FearedStriker has 120 seconds left.
|
|t:|1776165284
|move|p1a: Tornadus|Bleakwind Storm|p2a: Great Tusk
|-supereffective|p2a: Great Tusk
|-damage|p2a: Great Tusk|0 fnt
|faint|p2a: Great Tusk
|-end|p2a: Great Tusk|Protosynthesis|[silent]
|
|upkeep
|
|t:|1776165288
|switch|p2a: Hydreigon|Hydreigon, M, shiny|100/100
|turn|16
|
|t:|1776165318
|move|p2a: Hydreigon|Draco Meteor|p1a: Tornadus
|-damage|p1a: Tornadus|5/100
|-unboost|p2a: Hydreigon|spa|2
|move|p1a: Tornadus|U-turn|p2a: Hydreigon
|-supereffective|p2a: Hydreigon
|-damage|p2a: Hydreigon|66/100
|inactive|yvhs has 120 seconds left.
|
|t:|1776165328
|switch|p1a: Raging Bolt|Raging Bolt|100/100|[from] U-turn
|-enditem|p1a: Raging Bolt|Booster Energy
|-activate|p1a: Raging Bolt|ability: Protosynthesis|[fromitem]
|-start|p1a: Raging Bolt|protosynthesisspa
|
|upkeep
|turn|17
|inactive|FearedStriker has 120 seconds left.
|
|t:|1776165356
|switch|p2a: Thundurus|Thundurus, M|23/100
|move|p1a: Raging Bolt|Calm Mind|p1a: Raging Bolt
|-boost|p1a: Raging Bolt|spa|1
|-boost|p1a: Raging Bolt|spd|1
|
|upkeep
|turn|18
|
|t:|1776165362
|move|p2a: Thundurus|Taunt|p1a: Raging Bolt
|-start|p1a: Raging Bolt|move: Taunt
|move|p1a: Raging Bolt|Dragon Pulse|p2a: Thundurus
|-damage|p2a: Thundurus|0 fnt
|faint|p2a: Thundurus
|
|upkeep
|inactive|FearedStriker has 120 seconds left.
|
|t:|1776165377
|switch|p2a: Gholdengo|Gholdengo|100/100
|-damage|p2a: Gholdengo|75/100|[from] Spikes
|turn|19
|inactive|FearedStriker has 120 seconds left.
|
|t:|1776165385
|move|p2a: Gholdengo|Nasty Plot|p2a: Gholdengo
|-boost|p2a: Gholdengo|spa|2
|move|p1a: Raging Bolt|Dragon Pulse|p2a: Gholdengo
|-resisted|p2a: Gholdengo
|-damage|p2a: Gholdengo|14/100
|
|-heal|p2a: Gholdengo|20/100|[from] item: Leftovers
|upkeep
|turn|20
|
|t:|1776165394
|move|p1a: Raging Bolt|Thunderclap|p2a: Gholdengo
|-damage|p2a: Gholdengo|0 fnt
|faint|p2a: Gholdengo
|
|-end|p1a: Raging Bolt|move: Taunt
|upkeep
|
|t:|1776165396
|switch|p2a: Cinderace|Cinderace, M|100/100
|-damage|p2a: Cinderace|76/100|[from] Spikes
|turn|21
|-message|FearedStriker forfeited.
|
|win|yvhs
|raw|yvhs's rating: 1292 &rarr; <strong>1317</strong><br />(+25 for winning)
|raw|FearedStriker's rating: 1292 &rarr; <strong>1267</strong><br />(-25 for losing)
|l|☆FearedStriker
|player|p2|
|c|☆yvhs|Gg
