|j|☆encore21768768
|j|☆Abyssal Bot
|t:|1776335682
|gametype|singles
|player|p1|encore21768768|265|
|player|p2|Abyssal Bot|supernerd|
|teamsize|p1|6
|teamsize|p2|6
|gen|9
|tier|[Gen 9] OU
|rule|Species Clause: Limit one of each Pokémon
|rule|OHKO Clause: OHKO moves are banned
|rule|Evasion Items Clause: Evasion items are banned
|rule|Evasion Moves Clause: Evasion moves are banned
|rule|Endless Battle Clause: Forcing endless battles is banned
|rule|HP Percentage Mod: HP is shown in percentages
|rule|Sleep Moves Clause: Sleep-inducing moves are banned
|clearpoke
|poke|p1|Volcanion|
|poke|p1|Polteageist|
|poke|p1|Kingdra, M|
|poke|p1|Scrafty, M|
|poke|p1|Raging Bolt|
|poke|p1|Great Tusk|
|poke|p2|Skarmory, F|
|poke|p2|Ting-Lu|
|poke|p2|Zamazenta-*|
|poke|p2|Weavile, M|
|poke|p2|Kyurem|
|poke|p2|Slowking-Galar, M|
|teampreview
|c|☆Abyssal Bot|**WARNING**: Expect much hax.
|inactive|Battle timer is ON: inactive players will automatically lose when time's up. (requested by Abyssal Bot)
|j|*Turbo Bottttt
|
|t:|1776335686
|start
|switch|p1a: Scrafty|Scrafty, M|100/100
|switch|p2a: Slowking|Slowking-Galar, M|100/100
|turn|1
|
|t:|1776335688
|switch|p2a: Zamazenta|Zamazenta|100/100
|-ability|p2a: Zamazenta|Dauntless Shield|boost
|-boost|p2a: Zamazenta|def|1
|move|p1a: Scrafty|Bulk Up|p1a: Scrafty
|-boost|p1a: Scrafty|atk|1
|-boost|p1a: Scrafty|def|1
|
|upkeep
|turn|2
|
|t:|1776335689
|move|p2a: Zamazenta|Close Combat|p1a: Scrafty
|-supereffective|p1a: Scrafty
|-damage|p1a: Scrafty|15/100
|-unboost|p2a: Zamazenta|def|1
|-unboost|p2a: Zamazenta|spd|1
|move|p1a: Scrafty|Rain Dance|p1a: Scrafty
|-weather|Rain Dance
|
|-weather|Rain Dance|[upkeep]
|upkeep
|turn|3
|
|t:|1776335692
|move|p2a: Zamazenta|Heavy Slam|p1a: Scrafty
|-damage|p1a: Scrafty|0
|faint|p1a: Scrafty
|
|-weather|Rain Dance|[upkeep]
|upkeep
|
|t:|1776335694
|switch|p1a: Kingdra|Kingdra, M|100/100
|turn|4
|
|t:|1776335695
|move|p1a: Kingdra|Scald|p2a: Zamazenta
|-damage|p2a: Zamazenta|17/100
|-status|p2a: Zamazenta|brn
|move|p2a: Zamazenta|Close Combat|p1a: Kingdra
|-damage|p1a: Kingdra|69/100
|-unboost|p2a: Zamazenta|def|1
|-unboost|p2a: Zamazenta|spd|1
|
|-weather|Rain Dance|[upkeep]
|-damage|p2a: Zamazenta|11/100 brn|[from] brn|[of] p1a: Kingdra
|upkeep
|turn|5
|
|t:|1776335698
|move|p1a: Kingdra|Focus Energy|p1a: Kingdra
|-start|p1a: Kingdra|move: Focus Energy
|move|p2a: Zamazenta|Close Combat|p1a: Kingdra
|-damage|p1a: Kingdra|38/100
|-unboost|p2a: Zamazenta|def|1
|-unboost|p2a: Zamazenta|spd|1
|
|-weather|Rain Dance|[upkeep]
|-damage|p2a: Zamazenta|5/100 brn|[from] brn|[of] p1a: Kingdra
|upkeep
|turn|6
|
|t:|1776335700
|move|p1a: Kingdra|Scald|p2a: Zamazenta
|-crit|p2a: Zamazenta
|-damage|p2a: Zamazenta|0 brn
|faint|p2a: Zamazenta
|
|-weather|Rain Dance|[upkeep]
|upkeep
|c|☆Abyssal Bot|Oh crap, that crit...
|
|t:|1776335700
|switch|p2a: Skarmory|Skarmory, F|100/100
|turn|7
|
|t:|1776335702
|move|p1a: Kingdra|Scald|p2a: Skarmory
|-crit|p2a: Skarmory
|-ability|p2a: Skarmory|Sturdy
|-damage|p2a: Skarmory|1/100
|move|p2a: Skarmory|Stealth Rock|p1a: Kingdra
|-sidestart|p1: encore21768768|move: Stealth Rock
|
|-weather|Rain Dance|[upkeep]
|upkeep
|turn|8
|c|☆Abyssal Bot|Oh crap, that crit...
|
|t:|1776335703
|move|p1a: Kingdra|Scald|p2a: Skarmory
|-crit|p2a: Skarmory
|-damage|p2a: Skarmory|0
|faint|p2a: Skarmory
|
|-weather|Rain Dance|[upkeep]
|upkeep
|c|☆Abyssal Bot|I should be the one who gets hax ;-;
|
|t:|1776335703
|switch|p2a: Weavile|Weavile, M|100/100
|turn|9
|
|t:|1776335705
|move|p1a: Kingdra|Scald|p2a: Weavile
|-crit|p2a: Weavile
|-damage|p2a: Weavile|0
|faint|p2a: Weavile
|
|-weather|none
|upkeep
|c|☆Abyssal Bot|Oh crap, that crit...
|
|t:|1776335705
|switch|p2a: Slowking|Slowking-Galar, M|100/100
|turn|10
|
|t:|1776335709
|move|p1a: Kingdra|Draco Meteor|p2a: Slowking
|-crit|p2a: Slowking
|-damage|p2a: Slowking|48/100
|-unboost|p1a: Kingdra|spa|2
|move|p2a: Slowking|Future Sight|p1a: Kingdra
|-start|p2a: Slowking|move: Future Sight
|
|upkeep
|turn|11
|c|☆Abyssal Bot|Oh crap, that crit...
|
|t:|1776335711
|move|p1a: Kingdra|Draco Meteor|p2a: Slowking
|-crit|p2a: Slowking
|-damage|p2a: Slowking|0
|-unboost|p1a: Kingdra|spa|2
|faint|p2a: Slowking
|
|upkeep
|c|☆Abyssal Bot|Oh crap, that crit...
|
|t:|1776335711
|switch|p2a: Kyurem|Kyurem|100/100
|-ability|p2a: Kyurem|Pressure
|turn|12
|
|t:|1776335719
|move|p2a: Kyurem|Freeze-Dry|p1a: Kingdra
|-supereffective|p1a: Kingdra
|-damage|p1a: Kingdra|0
|faint|p1a: Kingdra
|
|-hint|Future Sight did not hit because the target is fainted.
|upkeep
|
|t:|1776335726
|switch|p1a: Raging Bolt|Raging Bolt|100/100
|-damage|p1a: Raging Bolt|88/100|[from] Stealth Rock|[of] p2: Skarmory
|turn|13
|
|t:|1776335727
|move|p2a: Kyurem|Ice Beam|p1a: Raging Bolt
|-supereffective|p1a: Raging Bolt
|-damage|p1a: Raging Bolt|6/100
|move|p1a: Raging Bolt|Draco Meteor|p2a: Kyurem
|-supereffective|p2a: Kyurem
|-damage|p2a: Kyurem|0
|-unboost|p1a: Raging Bolt|spa|2
|faint|p2a: Kyurem
|
|upkeep
|
|t:|1776335727
|switch|p2a: Ting-Lu|Ting-Lu|100/100
|-ability|p2a: Ting-Lu|Vessel of Ruin
|turn|14
|
|t:|1776335731
|move|p1a: Raging Bolt|Draco Meteor|p2a: Ting-Lu
|-damage|p2a: Ting-Lu|83/100
|-unboost|p1a: Raging Bolt|spa|2
|move|p2a: Ting-Lu|Earthquake|p1a: Raging Bolt
|-supereffective|p1a: Raging Bolt
|-damage|p1a: Raging Bolt|0
|faint|p1a: Raging Bolt
|-end|p1a: Raging Bolt|Protosynthesis|[silent]
|
|upkeep
|
|t:|1776335737
|switch|p1a: Volcanion|Volcanion|100/100
|turn|15
|
|t:|1776335739
|move|p1a: Volcanion|Steam Eruption|p2a: Ting-Lu
|-supereffective|p2a: Ting-Lu
|-damage|p2a: Ting-Lu|47/100
|move|p2a: Ting-Lu|Earthquake|p1a: Volcanion
|-supereffective|p1a: Volcanion
|-damage|p1a: Volcanion|57/100
|
|upkeep
|turn|16
|
|t:|1776335743
|move|p1a: Volcanion|Steam Eruption|p2a: Ting-Lu
|-supereffective|p2a: Ting-Lu
|-damage|p2a: Ting-Lu|10/100
|move|p2a: Ting-Lu|Earthquake|p1a: Volcanion
|-supereffective|p1a: Volcanion
|-damage|p1a: Volcanion|14/100
|
|upkeep
|turn|17
|
|t:|1776335746
|move|p1a: Volcanion|Steam Eruption|p2a: Ting-Lu
|-supereffective|p2a: Ting-Lu
|-damage|p2a: Ting-Lu|0
|faint|p2a: Ting-Lu
|
|win|encore21768768
|c|☆Abyssal Bot|This loss doesn't matter, because I'm just a bot.
|l|☆Abyssal Bot
|player|p2|
|l|*Turbo Bottttt
