|html|<div class="broadcast-blue"><strong>[Gen 9] OU is currently suspecting Tera Blast! For information on how to participate check out the <a href="https://www.smogon.com/tools/suspects/view/200">suspect thread</a>.</strong></div>
|j|☆enmin
|j|☆kerbonaut11
|t:|1776323186
|gametype|singles
|player|p1|enmin|red|1383
|player|p2|kerbonaut11|ninjaboy|1396
|gen|9
|tier|[Gen 9] OU
|rated|
|rule|HP Percentage Mod: HP is shown in percentages
|rule|Endless Battle Clause: Forcing endless battles is banned
|rule|Species Clause: Limit one of each Pokémon
|rule|OHKO Clause: OHKO moves are banned
|rule|Evasion Items Clause: Evasion items are banned
|rule|Evasion Moves Clause: Evasion moves are banned
|rule|Evasion Abilities Clause: Evasion abilities are banned
|rule|Sleep Moves Clause: Sleep-inducing moves are banned
|clearpoke
|poke|p1|Garchomp, M|
|poke|p1|Iron Moth|
|poke|p1|Hoopa-Unbound|
|poke|p1|Rotom-Wash|
|poke|p1|Corviknight, F|
|poke|p1|Clodsire, F|
|poke|p2|Garganacl, F|
|poke|p2|Darkrai|
|poke|p2|Great Tusk|
|poke|p2|Hatterene, F|
|poke|p2|Tornadus-Therian, M|
|poke|p2|Dragonite, M|
|teampreview
|inactive|Battle timer is ON: inactive players will automatically lose when time's up. (requested by kerbonaut11)
|
|t:|1776323203
|teamsize|p1|6
|teamsize|p2|6
|start
|switch|p1a: Rotom|Rotom-Wash|100/100
|switch|p2a: Great Tusk|Great Tusk|100/100
|-enditem|p2a: Great Tusk|Booster Energy
|-activate|p2a: Great Tusk|ability: Protosynthesis|[fromitem]
|-start|p2a: Great Tusk|protosynthesisatk
|turn|1
|
|t:|1776323216
|-end|p2a: Great Tusk|Protosynthesis|[silent]
|switch|p2a: Tornadus|Tornadus-Therian, M, shiny|100/100
|move|p1a: Rotom|Hydro Pump|p2a: Tornadus
|-damage|p2a: Tornadus|75/100
|
|upkeep
|turn|2
|
|t:|1776323225
|switch|p1a: Clodsire|Clodsire, F|100/100
|move|p2a: Tornadus|Knock Off|p1a: Clodsire
|-damage|p1a: Clodsire|79/100
|-enditem|p1a: Clodsire|Leftovers|[from] move: Knock Off|[of] p2a: Tornadus
|
|upkeep
|turn|3
|
|t:|1776323236
|move|p2a: Tornadus|U-turn|p1a: Clodsire
|-resisted|p1a: Clodsire
|-damage|p1a: Clodsire|71/100
|
|t:|1776323244
|switch|p2a: Garganacl|Garganacl, F|100/100|[from] U-turn
|move|p1a: Clodsire|Recover|p1a: Clodsire
|-heal|p1a: Clodsire|100/100
|
|upkeep
|turn|4
|
|t:|1776323253
|switch|p1a: Hoopa|Hoopa-Unbound|100/100
|move|p2a: Garganacl|Stealth Rock|p1a: Hoopa
|-sidestart|p1: enmin|move: Stealth Rock
|
|upkeep
|turn|5
|
|t:|1776323265
|move|p2a: Garganacl|Protect|p2a: Garganacl
|-singleturn|p2a: Garganacl|Protect
|move|p1a: Hoopa|Trick|p2a: Garganacl
|-activate|p2a: Garganacl|move: Protect
|
|upkeep
|turn|6
|
|t:|1776323294
|switch|p2a: Great Tusk|Great Tusk|100/100
|move|p1a: Hoopa|Trick|p2a: Great Tusk
|-activate|p1a: Hoopa|move: Trick|[of] p2a: Great Tusk
|-item|p2a: Great Tusk|Choice Scarf|[from] move: Trick
|-enditem|p1a: Hoopa|Choice Scarf|[silent]|[from] move: Trick
|
|upkeep
|turn|7
|inactive|kerbonaut11 has 120 seconds left.
|
|t:|1776323313
|switch|p1a: Corviknight|Corviknight, F|100/100
|-damage|p1a: Corviknight|88/100|[from] Stealth Rock
|-ability|p1a: Corviknight|Pressure
|move|p2a: Great Tusk|Headlong Rush|p1a: Corviknight
|-immune|p1a: Corviknight
|
|-heal|p1a: Corviknight|94/100|[from] item: Leftovers
|upkeep
|turn|8
|inactive|kerbonaut11 has 120 seconds left.
|
|t:|1776323323
|-end|p2a: Great Tusk|Protosynthesis|[silent]
|switch|p2a: Tornadus|Tornadus-Therian, M, shiny|100/100
|move|p1a: Corviknight|Defog|p2a: Tornadus
|-unboost|p2a: Tornadus|evasion|1
|-sideend|p1: enmin|Stealth Rock|[from] move: Defog|[of] p1a: Corviknight
|
|-heal|p1a: Corviknight|100/100|[from] item: Leftovers
|upkeep
|turn|9
|
|t:|1776323330
|switch|p1a: Iron Moth|Iron Moth|100/100
|move|p2a: Tornadus|Heat Wave|p1a: Iron Moth|[miss]
|-miss|p2a: Tornadus|p1a: Iron Moth
|
|upkeep
|turn|10
|
|t:|1776323339
|move|p2a: Tornadus|U-turn|p1a: Iron Moth
|-resisted|p1a: Iron Moth
|-damage|p1a: Iron Moth|95/100
|
|t:|1776323343
|switch|p2a: Garganacl|Garganacl, F|100/100|[from] U-turn
|move|p1a: Iron Moth|U-turn|p2a: Garganacl
|-damage|p2a: Garganacl|94/100
|
|t:|1776323346
|-end|p1a: Iron Moth|Quark Drive|[silent]
|switch|p1a: Garchomp|Garchomp, M|100/100|[from] U-turn
|
|-heal|p2a: Garganacl|99/100|[from] item: Leftovers
|upkeep
|turn|11
|
|t:|1776323351
|switch|p2a: Hatterene|Hatterene, F|100/100
|move|p1a: Garchomp|Swords Dance|p1a: Garchomp
|-boost|p1a: Garchomp|atk|2
|
|upkeep
|turn|12
|
|t:|1776323359
|-terastallize|p1a: Garchomp|Fire
|move|p1a: Garchomp|Swords Dance|p1a: Garchomp
|-boost|p1a: Garchomp|atk|2
|move|p2a: Hatterene|Dazzling Gleam|p1a: Garchomp
|-resisted|p1a: Garchomp
|-damage|p1a: Garchomp|81/100
|
|upkeep
|turn|13
|
|t:|1776323366
|move|p1a: Garchomp|Earthquake|p2a: Hatterene
|-damage|p2a: Hatterene|0 fnt
|faint|p2a: Hatterene
|
|upkeep
|
|t:|1776323371
|switch|p2a: Great Tusk|Great Tusk|100/100
|turn|14
|
|t:|1776323374
|switch|p1a: Rotom|Rotom-Wash|100/100
|move|p2a: Great Tusk|Headlong Rush|p1a: Rotom
|-immune|p1a: Rotom|[from] ability: Levitate
|
|upkeep
|turn|15
|
|t:|1776323380
|-end|p2a: Great Tusk|Protosynthesis|[silent]
|switch|p2a: Tornadus|Tornadus-Therian, M, shiny|100/100
|move|p1a: Rotom|Volt Switch|p2a: Tornadus
|-supereffective|p2a: Tornadus
|-damage|p2a: Tornadus|67/100
|
|t:|1776323384
|switch|p1a: Garchomp|Garchomp, M, tera:Fire|81/100|[from] Volt Switch
|
|upkeep
|turn|16
|
|t:|1776323392
|move|p2a: Tornadus|U-turn|p1a: Garchomp
|-resisted|p1a: Garchomp
|-damage|p1a: Garchomp|74/100
|-damage|p2a: Tornadus|55/100|[from] ability: Rough Skin|[of] p1a: Garchomp
|
|t:|1776323394
|switch|p2a: Great Tusk|Great Tusk|100/100|[from] U-turn
|move|p1a: Garchomp|Swords Dance|p1a: Garchomp
|-boost|p1a: Garchomp|atk|2
|
|upkeep
|turn|17
|
|t:|1776323404
|switch|p1a: Corviknight|Corviknight, F|100/100
|-ability|p1a: Corviknight|Pressure
|move|p2a: Great Tusk|Headlong Rush|p1a: Corviknight
|-immune|p1a: Corviknight
|
|upkeep
|turn|18
|
|t:|1776323412
|-end|p2a: Great Tusk|Protosynthesis|[silent]
|switch|p2a: Tornadus|Tornadus-Therian, M, shiny|88/100
|switch|p1a: Clodsire|Clodsire, F|100/100
|
|upkeep
|turn|19
|
|t:|1776323434
|move|p2a: Tornadus|Bleakwind Storm|p1a: Clodsire
|-damage|p1a: Clodsire|80/100
|move|p1a: Clodsire|Stealth Rock|p2a: Tornadus
|-sidestart|p2: kerbonaut11|move: Stealth Rock
|
|upkeep
|turn|20
|
|t:|1776323440
|move|p2a: Tornadus|U-turn|p1a: Clodsire
|-resisted|p1a: Clodsire
|-crit|p1a: Clodsire
|-damage|p1a: Clodsire|69/100
|
|t:|1776323444
|switch|p2a: Great Tusk|Great Tusk|100/100|[from] U-turn
|-damage|p2a: Great Tusk|98/100|[from] Stealth Rock
|move|p1a: Clodsire|Earthquake|p2a: Great Tusk
|-damage|p2a: Great Tusk|78/100
|
|upkeep
|turn|21
|
|t:|1776323447
|switch|p1a: Corviknight|Corviknight, F|100/100
|-ability|p1a: Corviknight|Pressure
|move|p2a: Great Tusk|Rapid Spin|p1a: Corviknight
|-resisted|p1a: Corviknight
|-damage|p1a: Corviknight|95/100
|-boost|p2a: Great Tusk|spe|1
|-sideend|p2: kerbonaut11|Stealth Rock|[from] move: Rapid Spin|[of] p2a: Great Tusk
|
|-heal|p1a: Corviknight|100/100|[from] item: Leftovers
|upkeep
|turn|22
|
|t:|1776323461
|-end|p2a: Great Tusk|Protosynthesis|[silent]
|switch|p2a: Tornadus|Tornadus-Therian, M, shiny|100/100
|switch|p1a: Clodsire|Clodsire, F|69/100
|
|upkeep
|turn|23
|
|t:|1776323465
|move|p2a: Tornadus|U-turn|p1a: Clodsire
|-resisted|p1a: Clodsire
|-damage|p1a: Clodsire|60/100
|
|t:|1776323467
|switch|p2a: Great Tusk|Great Tusk|78/100|[from] U-turn
|move|p1a: Clodsire|Toxic|p2a: Great Tusk
|-status|p2a: Great Tusk|tox
|
|-damage|p2a: Great Tusk|72/100 tox|[from] psn
|upkeep
|turn|24
|
|t:|1776323475
|-end|p2a: Great Tusk|Protosynthesis|[silent]
|switch|p2a: Darkrai|Darkrai|100/100
|switch|p1a: Corviknight|Corviknight, F|100/100
|-ability|p1a: Corviknight|Pressure
|
|upkeep
|turn|25
|
|t:|1776323483
|move|p2a: Darkrai|Dark Pulse|p1a: Corviknight
|-damage|p1a: Corviknight|33/100
|move|p1a: Corviknight|Body Press|p2a: Darkrai
|-supereffective|p2a: Darkrai
|-damage|p2a: Darkrai|34/100
|
|-heal|p1a: Corviknight|40/100|[from] item: Leftovers
|upkeep
|turn|26
|
|t:|1776323489
|switch|p1a: Hoopa|Hoopa-Unbound|100/100
|move|p2a: Darkrai|Dark Pulse|p1a: Hoopa
|-damage|p1a: Hoopa|41/100
|
|upkeep
|turn|27
|
|t:|1776323506
|switch|p2a: Tornadus|Tornadus-Therian, M, shiny|100/100
|move|p1a: Hoopa|Drain Punch|p2a: Tornadus
|-resisted|p2a: Tornadus
|-damage|p2a: Tornadus|83/100
|-heal|p1a: Hoopa|51/100|[from] drain|[of] p2a: Tornadus
|-item|p1a: Hoopa|Assault Vest|[from] ability: Magician|[of] p2a: Tornadus
|
|upkeep
|turn|28
|
|t:|1776323512
|switch|p1a: Corviknight|Corviknight, F|40/100
|-ability|p1a: Corviknight|Pressure
|move|p2a: Tornadus|U-turn|p1a: Corviknight
|-resisted|p1a: Corviknight
|-damage|p1a: Corviknight|37/100
|
|t:|1776323518
|switch|p2a: Darkrai|Darkrai|34/100|[from] U-turn
|
|-heal|p1a: Corviknight|44/100|[from] item: Leftovers
|upkeep
|turn|29
|
|t:|1776323529
|switch|p1a: Clodsire|Clodsire, F|60/100
|move|p2a: Darkrai|Dark Pulse|p1a: Clodsire
|-damage|p1a: Clodsire|28/100
|
|upkeep
|turn|30
|
|t:|1776323534
|move|p2a: Darkrai|Dark Pulse|p1a: Clodsire
|-damage|p1a: Clodsire|0 fnt
|faint|p1a: Clodsire
|
|upkeep
|
|t:|1776323539
|switch|p1a: Iron Moth|Iron Moth|95/100
|turn|31
|
|t:|1776323543
|switch|p2a: Garganacl|Garganacl, F|99/100
|move|p1a: Iron Moth|U-turn|p2a: Garganacl
|-damage|p2a: Garganacl|93/100
|
|t:|1776323548
|-end|p1a: Iron Moth|Quark Drive|[silent]
|switch|p1a: Garchomp|Garchomp, M, tera:Fire|74/100|[from] U-turn
|
|-heal|p2a: Garganacl|99/100|[from] item: Leftovers
|upkeep
|turn|32
|
|t:|1776323553
|move|p1a: Garchomp|Earthquake|p2a: Garganacl
|-supereffective|p2a: Garganacl
|-damage|p2a: Garganacl|32/100
|move|p2a: Garganacl|Salt Cure|p1a: Garchomp
|-supereffective|p1a: Garchomp
|-damage|p1a: Garchomp|47/100
|-start|p1a: Garchomp|Salt Cure
|
|-heal|p2a: Garganacl|38/100|[from] item: Leftovers
|-damage|p1a: Garchomp|34/100|[from] Salt Cure
|upkeep
|turn|33
|
|t:|1776323565
|move|p2a: Garganacl|Protect|p2a: Garganacl
|-singleturn|p2a: Garganacl|Protect
|move|p1a: Garchomp|Swords Dance|p1a: Garchomp
|-boost|p1a: Garchomp|atk|2
|
|-heal|p2a: Garganacl|44/100|[from] item: Leftovers
|-damage|p1a: Garchomp|22/100|[from] Salt Cure
|upkeep
|turn|34
|
|t:|1776323577
|switch|p2a: Dragonite|Dragonite, M|100/100
|move|p1a: Garchomp|Scale Shot|p2a: Dragonite
|-supereffective|p2a: Dragonite
|-damage|p2a: Dragonite|75/100
|-supereffective|p2a: Dragonite
|-crit|p2a: Dragonite
|-damage|p2a: Dragonite|0 fnt
|faint|p2a: Dragonite
|-hitcount|p2: Dragonite|2
|-unboost|p1a: Garchomp|def|1
|-boost|p1a: Garchomp|spe|1
|
|-damage|p1a: Garchomp|10/100|[from] Salt Cure
|upkeep
|
|t:|1776323585
|switch|p2a: Garganacl|Garganacl, F|44/100
|turn|35
|
|t:|1776323588
|switch|p1a: Rotom|Rotom-Wash|100/100
|move|p2a: Garganacl|Protect||[still]
|-fail|p2a: Garganacl
|
|-heal|p2a: Garganacl|50/100|[from] item: Leftovers
|upkeep
|turn|36
|
|t:|1776323602
|-terastallize|p2a: Garganacl|Water
|move|p1a: Rotom|Hydro Pump|p2a: Garganacl
|-resisted|p2a: Garganacl
|-damage|p2a: Garganacl|37/100
|move|p2a: Garganacl|Salt Cure|p1a: Rotom
|-damage|p1a: Rotom|89/100
|-start|p1a: Rotom|Salt Cure
|
|-heal|p1a: Rotom|96/100|[from] item: Leftovers
|-heal|p2a: Garganacl|43/100|[from] item: Leftovers
|-damage|p1a: Rotom|71/100|[from] Salt Cure
|upkeep
|turn|37
|
|t:|1776323613
|move|p1a: Rotom|Volt Switch|p2a: Garganacl
|-supereffective|p2a: Garganacl
|-damage|p2a: Garganacl|7/100
|
|t:|1776323617
|switch|p1a: Hoopa|Hoopa-Unbound|51/100|[from] Volt Switch
|move|p2a: Garganacl|Recover|p2a: Garganacl
|-heal|p2a: Garganacl|57/100
|
|-heal|p2a: Garganacl|63/100|[from] item: Leftovers
|upkeep
|turn|38
|
|t:|1776323629
|switch|p2a: Tornadus|Tornadus-Therian, M, shiny|100/100
|move|p1a: Hoopa|Hyperspace Fury|p2a: Tornadus
|-damage|p2a: Tornadus|33/100
|-unboost|p1a: Hoopa|def|1
|
|upkeep
|turn|39
|
|t:|1776323638
|switch|p1a: Iron Moth|Iron Moth|95/100
|move|p2a: Tornadus|U-turn|p1a: Iron Moth
|-resisted|p1a: Iron Moth
|-damage|p1a: Iron Moth|89/100
|
|t:|1776323645
|switch|p2a: Garganacl|Garganacl, F, tera:Water|63/100|[from] U-turn
|
|-heal|p2a: Garganacl|69/100|[from] item: Leftovers
|upkeep
|turn|40
|
|t:|1776323651
|move|p1a: Iron Moth|Sludge Wave|p2a: Garganacl
|-damage|p2a: Garganacl|21/100
|move|p2a: Garganacl|Salt Cure|p1a: Iron Moth
|-supereffective|p1a: Iron Moth
|-damage|p1a: Iron Moth|43/100
|-start|p1a: Iron Moth|Salt Cure
|
|-heal|p2a: Garganacl|27/100|[from] item: Leftovers
|-damage|p1a: Iron Moth|30/100|[from] Salt Cure
|upkeep
|turn|41
|
|t:|1776323660
|move|p2a: Garganacl|Protect|p2a: Garganacl
|-singleturn|p2a: Garganacl|Protect
|move|p1a: Iron Moth|Sludge Wave|p2a: Garganacl
|-activate|p2a: Garganacl|move: Protect
|
|-heal|p2a: Garganacl|33/100|[from] item: Leftovers
|-damage|p1a: Iron Moth|18/100|[from] Salt Cure
|upkeep
|turn|42
|
|t:|1776323668
|switch|p2a: Tornadus|Tornadus-Therian, M, shiny|67/100
|move|p1a: Iron Moth|Sludge Wave|p2a: Tornadus
|-damage|p2a: Tornadus|0 fnt
|faint|p2a: Tornadus
|
|-damage|p1a: Iron Moth|6/100|[from] Salt Cure
|upkeep
|
|t:|1776323675
|switch|p2a: Garganacl|Garganacl, F, tera:Water|33/100
|turn|43
|
|t:|1776323683
|move|p2a: Garganacl|Protect|p2a: Garganacl
|-singleturn|p2a: Garganacl|Protect
|move|p1a: Iron Moth|Sludge Wave|p2a: Garganacl
|-activate|p2a: Garganacl|move: Protect
|
|-heal|p2a: Garganacl|39/100|[from] item: Leftovers
|-damage|p1a: Iron Moth|0 fnt|[from] Salt Cure
|faint|p1a: Iron Moth
|-end|p1a: Iron Moth|Quark Drive|[silent]
|upkeep
|
|t:|1776323690
|switch|p1a: Corviknight|Corviknight, F|44/100
|-ability|p1a: Corviknight|Pressure
|turn|44
|
|t:|1776323695
|move|p1a: Corviknight|Roost|p1a: Corviknight
|-heal|p1a: Corviknight|94/100
|-singleturn|p1a: Corviknight|move: Roost
|move|p2a: Garganacl|Salt Cure|p1a: Corviknight
|-resisted|p1a: Corviknight
|-damage|p1a: Corviknight|90/100
|-start|p1a: Corviknight|Salt Cure
|
|-heal|p1a: Corviknight|96/100|[from] item: Leftovers
|-heal|p2a: Garganacl|46/100|[from] item: Leftovers
|-damage|p1a: Corviknight|71/100|[from] Salt Cure
|upkeep
|turn|45
|
|t:|1776323711
|switch|p1a: Hoopa|Hoopa-Unbound|51/100
|move|p2a: Garganacl|Recover|p2a: Garganacl
|-heal|p2a: Garganacl|96/100
|
|-heal|p2a: Garganacl|100/100|[from] item: Leftovers
|upkeep
|turn|46
|
|t:|1776323714
|move|p1a: Hoopa|Zen Headbutt|p2a: Garganacl
|-damage|p2a: Garganacl|68/100
|move|p2a: Garganacl|Salt Cure|p1a: Hoopa
|-damage|p1a: Hoopa|26/100
|-start|p1a: Hoopa|Salt Cure
|
|-heal|p2a: Garganacl|75/100|[from] item: Leftovers
|-damage|p1a: Hoopa|14/100|[from] Salt Cure
|upkeep
|turn|47
|
|t:|1776323722
|move|p1a: Hoopa|Hyperspace Fury|p2a: Garganacl
|-damage|p2a: Garganacl|34/100
|-unboost|p1a: Hoopa|def|1
|move|p2a: Garganacl|Stealth Rock|p1a: Hoopa
|-sidestart|p1: enmin|move: Stealth Rock
|
|-heal|p2a: Garganacl|41/100|[from] item: Leftovers
|-damage|p1a: Hoopa|2/100|[from] Salt Cure
|upkeep
|turn|48
|
|t:|1776323729
|move|p2a: Garganacl|Protect|p2a: Garganacl
|-singleturn|p2a: Garganacl|Protect
|move|p1a: Hoopa|Hyperspace Fury|p2a: Garganacl
|-activate|p2a: Garganacl|move: Hyperspace Fury|[broken]
|-damage|p2a: Garganacl|2/100
|-unboost|p1a: Hoopa|def|1
|
|-heal|p2a: Garganacl|8/100|[from] item: Leftovers
|-damage|p1a: Hoopa|0 fnt|[from] Salt Cure
|faint|p1a: Hoopa
|upkeep
|
|t:|1776323734
|switch|p1a: Rotom|Rotom-Wash|71/100
|-damage|p1a: Rotom|58/100|[from] Stealth Rock
|turn|49
|
|t:|1776323740
|move|p1a: Rotom|Volt Switch|p2a: Garganacl
|-supereffective|p2a: Garganacl
|-damage|p2a: Garganacl|0 fnt
|faint|p2a: Garganacl
|
|t:|1776323748
|switch|p1a: Corviknight|Corviknight, F|71/100|[from] Volt Switch
|-damage|p1a: Corviknight|58/100|[from] Stealth Rock
|-ability|p1a: Corviknight|Pressure
|
|-heal|p1a: Corviknight|65/100|[from] item: Leftovers
|upkeep
|
|t:|1776323755
|switch|p2a: Darkrai|Darkrai|34/100
|turn|50
|
|t:|1776323764
|move|p2a: Darkrai|Dark Pulse|p1a: Corviknight
|-damage|p1a: Corviknight|0 fnt
|faint|p1a: Corviknight
|
|upkeep
|-message|enmin forfeited.
|
|win|kerbonaut11
|raw|enmin's rating: 1383 &rarr; <strong>1364</strong><br />(-19 for losing)
|raw|kerbonaut11's rating: 1396 &rarr; <strong>1415</strong><br />(+19 for winning)
