|html|<div class="broadcast-blue"><strong>[Gen 9] OU is currently suspecting Tera Blast! For information on how to participate check out the <a href="https://www.smogon.com/tools/suspects/view/200">suspect thread</a>.</strong></div>
|j|☆Mastibolt
|j|☆YorgscastMeister
|t:|1776207232
|gametype|singles
|player|p1|Mastibolt|flint|1079
|player|p2|YorgscastMeister|medium|1044
|gen|9
|tier|[Gen 9] OU
|rated|
|rule|HP Percentage Mod: HP is shown in percentages
|rule|Endless Battle Clause: Forcing endless battles is banned
|rule|Species Clause: Limit one of each Pokémon
|rule|OHKO Clause: OHKO moves are banned
|rule|Evasion Items Clause: Evasion items are banned
|rule|Evasion Moves Clause: Evasion moves are banned
|rule|Evasion Abilities Clause: Evasion abilities are banned
|rule|Sleep Moves Clause: Sleep-inducing moves are banned
|clearpoke
|poke|p1|Ribombee, F|
|poke|p1|Meowscarada, M|
|poke|p1|Deoxys-Speed|
|poke|p1|Iron Treads|
|poke|p1|Iron Crown|
|poke|p1|Dragonite, F|
|poke|p2|Torkoal, M|
|poke|p2|Clodsire, M|
|poke|p2|Slither Wing|
|poke|p2|Bellibolt, F|
|poke|p2|Noivern, F|
|poke|p2|Volcanion|
|teampreview
|c|☆YorgscastMeister|glhf
|c|☆Mastibolt|glgl
|c|☆Mastibolt|these ohko bots weird bro
|c|☆YorgscastMeister|lmao
|
|t:|1776207258
|teamsize|p1|6
|teamsize|p2|6
|start
|switch|p1a: Iron Treads|Iron Treads|100/100
|switch|p2a: Torkoal|Torkoal, M|100/100
|-weather|SunnyDay|[from] ability: Drought|[of] p2a: Torkoal
|turn|1
|
|t:|1776207268
|move|p1a: Iron Treads|Stealth Rock|p2a: Torkoal
|-sidestart|p2: YorgscastMeister|move: Stealth Rock
|move|p2a: Torkoal|Lava Plume|p1a: Iron Treads
|-supereffective|p1a: Iron Treads
|-damage|p1a: Iron Treads|44/100
|
|-weather|SunnyDay|[upkeep]
|-heal|p1a: Iron Treads|50/100|[from] item: Leftovers
|upkeep
|turn|2
|
|t:|1776207277
|move|p1a: Iron Treads|Earthquake|p2a: Torkoal
|-supereffective|p2a: Torkoal
|-damage|p2a: Torkoal|46/100
|move|p2a: Torkoal|Lava Plume|p1a: Iron Treads
|-supereffective|p1a: Iron Treads
|-damage|p1a: Iron Treads|0 fnt
|faint|p1a: Iron Treads
|-end|p1a: Iron Treads|Quark Drive|[silent]
|
|-weather|SunnyDay|[upkeep]
|upkeep
|
|t:|1776207289
|switch|p1a: Deoxys|Deoxys-Speed|100/100
|-ability|p1a: Deoxys|Pressure
|turn|3
|
|t:|1776207325
|move|p1a: Deoxys|Psycho Boost|p2a: Torkoal
|-crit|p2a: Torkoal
|-damage|p2a: Torkoal|0 fnt
|-unboost|p1a: Deoxys|spa|2
|faint|p2a: Torkoal
|
|-weather|SunnyDay|[upkeep]
|upkeep
|
|t:|1776207333
|switch|p2a: Slither Wing|Slither Wing|100/100
|-damage|p2a: Slither Wing|88/100|[from] Stealth Rock
|-activate|p2a: Slither Wing|ability: Protosynthesis
|-start|p2a: Slither Wing|protosynthesisatk
|turn|4
|
|t:|1776207341
|move|p1a: Deoxys|Reflect|p1a: Deoxys
|-sidestart|p1: Mastibolt|Reflect
|move|p2a: Slither Wing|U-turn|p1a: Deoxys
|-supereffective|p1a: Deoxys
|-damage|p1a: Deoxys|43/100
|
|t:|1776207356
|-end|p2a: Slither Wing|Protosynthesis|[silent]
|switch|p2a: Bellibolt|Bellibolt, F|100/100|[from] U-turn
|-damage|p2a: Bellibolt|88/100|[from] Stealth Rock
|
|-weather|SunnyDay|[upkeep]
|upkeep
|turn|5
|
|t:|1776207365
|move|p1a: Deoxys|Light Screen|p1a: Deoxys
|-sidestart|p1: Mastibolt|move: Light Screen
|move|p2a: Bellibolt|Parabolic Charge|p1a: Deoxys
|-damage|p1a: Deoxys|25/100
|-heal|p2a: Bellibolt|95/100|[from] drain|[of] p1a: Deoxys
|
|-weather|SunnyDay|[upkeep]
|upkeep
|turn|6
|inactive|Battle timer is ON: inactive players will automatically lose when time's up. (requested by Mastibolt)
|
|t:|1776207377
|move|p1a: Deoxys|Psycho Boost|p2a: Bellibolt
|-damage|p2a: Bellibolt|79/100
|-unboost|p1a: Deoxys|spa|2
|-start|p2a: Bellibolt|Charge|Psycho Boost|[from] ability: Electromorphosis
|move|p2a: Bellibolt|Parabolic Charge|p1a: Deoxys
|-damage|p1a: Deoxys|0 fnt
|-heal|p2a: Bellibolt|88/100|[from] drain|[of] p1a: Deoxys
|faint|p1a: Deoxys
|-end|p2a: Bellibolt|Charge|[silent]
|
|-weather|SunnyDay|[upkeep]
|upkeep
|
|t:|1776207389
|switch|p1a: Dragonite|Dragonite, F|100/100
|turn|7
|
|t:|1776207402
|move|p1a: Dragonite|Dragon Dance|p1a: Dragonite
|-boost|p1a: Dragonite|atk|1
|-boost|p1a: Dragonite|spe|1
|move|p2a: Bellibolt|Volt Switch|p1a: Dragonite
|-crit|p1a: Dragonite
|-damage|p1a: Dragonite|74/100
|
|t:|1776207408
|switch|p2a: Clodsire|Clodsire, M|100/100|[from] Volt Switch
|-damage|p2a: Clodsire|94/100|[from] Stealth Rock
|
|-weather|SunnyDay|[upkeep]
|upkeep
|turn|8
|
|t:|1776207416
|move|p1a: Dragonite|Earthquake|p2a: Clodsire
|-supereffective|p2a: Clodsire
|-damage|p2a: Clodsire|34/100
|move|p2a: Clodsire|Toxic|p1a: Dragonite
|-status|p1a: Dragonite|tox
|-enditem|p1a: Dragonite|Lum Berry|[eat]
|-curestatus|p1a: Dragonite|tox|[msg]
|
|-weather|none
|upkeep
|turn|9
|
|t:|1776207443
|move|p1a: Dragonite|Dragon Dance|p1a: Dragonite
|-boost|p1a: Dragonite|atk|1
|-boost|p1a: Dragonite|spe|1
|move|p2a: Clodsire|Recover|p2a: Clodsire
|-heal|p2a: Clodsire|84/100
|
|upkeep
|turn|10
|
|t:|1776207449
|move|p1a: Dragonite|Earthquake|p2a: Clodsire
|-supereffective|p2a: Clodsire
|-damage|p2a: Clodsire|32/100
|move|p2a: Clodsire|Toxic|p1a: Dragonite
|-status|p1a: Dragonite|tox
|
|-damage|p1a: Dragonite|68/100 tox|[from] psn
|upkeep
|turn|11
|
|t:|1776207466
|move|p2a: Clodsire|Protect|p2a: Clodsire
|-singleturn|p2a: Clodsire|Protect
|move|p1a: Dragonite|Earthquake|p2a: Clodsire
|-activate|p2a: Clodsire|move: Protect
|
|-damage|p1a: Dragonite|56/100 tox|[from] psn
|-sideend|p1: Mastibolt|Reflect
|upkeep
|turn|12
|inactive|Mastibolt has 120 seconds left.
|
|t:|1776207495
|move|p1a: Dragonite|Extreme Speed|p2a: Clodsire
|-damage|p2a: Clodsire|8/100
|-damage|p1a: Dragonite|40/100 tox|[from] item: Rocky Helmet|[of] p2a: Clodsire
|move|p2a: Clodsire|Recover|p2a: Clodsire
|-heal|p2a: Clodsire|58/100
|
|-damage|p1a: Dragonite|21/100 tox|[from] psn
|-sideend|p1: Mastibolt|move: Light Screen
|upkeep
|turn|13
|inactive|Mastibolt has 120 seconds left.
|
|t:|1776207512
|switch|p1a: Meowscarada|Meowscarada, M|100/100
|move|p2a: Clodsire|Recover|p2a: Clodsire
|-heal|p2a: Clodsire|100/100
|
|upkeep
|turn|14
|c|☆Mastibolt|jesus im reading you all wrong lol
|c|☆YorgscastMeister|lol yeah that was an unfortunate turn
|inactive|YorgscastMeister has 120 seconds left.
|
|t:|1776207545
|switch|p1a: Iron Crown|Iron Crown|100/100
|-enditem|p1a: Iron Crown|Booster Energy
|-activate|p1a: Iron Crown|ability: Quark Drive|[fromitem]
|-start|p1a: Iron Crown|quarkdrivespa
|move|p2a: Clodsire|Body Press|p1a: Iron Crown
|-damage|p1a: Iron Crown|80/100
|
|upkeep
|turn|15
|inactive|YorgscastMeister has 120 seconds left.
|c|☆Mastibolt|your clod unaware?
|c|☆Mastibolt|well maybe answer after haha
|c|☆YorgscastMeister|mhm
|c|☆Mastibolt|ah ok
|c|☆YorgscastMeister|lol
|inactive|Mastibolt has 90 seconds left.
|
|t:|1776207576
|switch|p2a: Bellibolt|Bellibolt, F|88/100
|-damage|p2a: Bellibolt|76/100|[from] Stealth Rock
|move|p1a: Iron Crown|Psyshock|p2a: Bellibolt
|-damage|p2a: Bellibolt|32/100
|-start|p2a: Bellibolt|Charge|Psyshock|[from] ability: Electromorphosis
|
|upkeep
|turn|16
|c|☆YorgscastMeister|oops
|inactive|YorgscastMeister has 120 seconds left.
|inactive|Mastibolt has 90 seconds left.
|
|t:|1776207593
|move|p1a: Iron Crown|Psyshock|p2a: Bellibolt
|-damage|p2a: Bellibolt|0 fnt
|faint|p2a: Bellibolt
|
|upkeep
|inactive|YorgscastMeister has 120 seconds left.
|
|t:|1776207605
|switch|p2a: Slither Wing|Slither Wing|88/100
|-damage|p2a: Slither Wing|76/100|[from] Stealth Rock
|turn|17
|inactive|YorgscastMeister has 120 seconds left.
|
|t:|1776207615
|move|p2a: Slither Wing|Flare Blitz|p1a: Iron Crown
|-supereffective|p1a: Iron Crown
|-damage|p1a: Iron Crown|0 fnt
|faint|p1a: Iron Crown
|-end|p1a: Iron Crown|Quark Drive|[silent]
|-damage|p2a: Slither Wing|49/100|[from] Recoil
|
|upkeep
|inactive|Mastibolt has 90 seconds left.
|c|☆Mastibolt|ah scarf
|
|t:|1776207633
|switch|p1a: Ribombee|Ribombee, F|100/100
|turn|18
|
|t:|1776207640
|move|p2a: Slither Wing|Flare Blitz|p1a: Ribombee
|-supereffective|p1a: Ribombee
|-enditem|p1a: Ribombee|Focus Sash
|-damage|p1a: Ribombee|1/100
|-damage|p2a: Slither Wing|21/100|[from] Recoil
|move|p1a: Ribombee|Stun Spore|p2a: Slither Wing
|-status|p2a: Slither Wing|par
|
|upkeep
|turn|19
|
|t:|1776207654
|move|p1a: Ribombee|Moonblast|p2a: Slither Wing
|-supereffective|p2a: Slither Wing
|-damage|p2a: Slither Wing|0 fnt
|faint|p2a: Slither Wing
|-end|p2a: Slither Wing|Protosynthesis|[silent]
|
|upkeep
|inactive|YorgscastMeister has 120 seconds left.
|
|t:|1776207671
|switch|p2a: Noivern|Noivern, F|100/100
|turn|20
|
|t:|1776207680
|move|p1a: Ribombee|Moonblast|p2a: Noivern
|-supereffective|p2a: Noivern
|-crit|p2a: Noivern
|-damage|p2a: Noivern|0 fnt
|faint|p2a: Noivern
|
|upkeep
|c|☆YorgscastMeister|ooooof
|c|☆Mastibolt|thank you god for the crit
|
|t:|1776207690
|switch|p2a: Clodsire|Clodsire, M|100/100
|-damage|p2a: Clodsire|94/100|[from] Stealth Rock
|turn|21
|
|t:|1776207708
|move|p1a: Ribombee|Sticky Web|p2a: Clodsire
|-sidestart|p2: YorgscastMeister|move: Sticky Web
|move|p2a: Clodsire|Body Press|p1a: Ribombee
|-resisted|p1a: Ribombee
|-damage|p1a: Ribombee|0 fnt
|faint|p1a: Ribombee
|
|upkeep
|
|t:|1776207718
|switch|p1a: Meowscarada|Meowscarada, M|100/100
|turn|22
|
|t:|1776207722
|move|p1a: Meowscarada|Triple Axel|p2a: Clodsire
|-start|p1a: Meowscarada|typechange|Ice|[from] ability: Protean
|-supereffective|p2a: Clodsire
|-damage|p2a: Clodsire|80/100
|-damage|p1a: Meowscarada|84/100|[from] item: Rocky Helmet|[of] p2a: Clodsire
|-supereffective|p2a: Clodsire
|-damage|p2a: Clodsire|53/100
|-damage|p1a: Meowscarada|68/100|[from] item: Rocky Helmet|[of] p2a: Clodsire
|-supereffective|p2a: Clodsire
|-damage|p2a: Clodsire|15/100
|-damage|p1a: Meowscarada|51/100|[from] item: Rocky Helmet|[of] p2a: Clodsire
|-hitcount|p2a: Clodsire|3
|move|p2a: Clodsire|Body Press|p1a: Meowscarada
|-supereffective|p1a: Meowscarada
|-damage|p1a: Meowscarada|0 fnt
|faint|p1a: Meowscarada
|
|upkeep
|
|t:|1776207739
|switch|p1a: Dragonite|Dragonite, F|21/100 tox
|turn|23
|
|t:|1776207748
|move|p2a: Clodsire|Protect|p2a: Clodsire
|-singleturn|p2a: Clodsire|Protect
|move|p1a: Dragonite|Earthquake|p2a: Clodsire
|-activate|p2a: Clodsire|move: Protect
|
|-damage|p1a: Dragonite|15/100 tox|[from] psn
|upkeep
|turn|24
|c|☆Mastibolt|i knew it lol
|
|t:|1776207757
|move|p1a: Dragonite|Earthquake|p2a: Clodsire
|-supereffective|p2a: Clodsire
|-damage|p2a: Clodsire|0 fnt
|faint|p2a: Clodsire
|
|-damage|p1a: Dragonite|2/100 tox|[from] psn
|upkeep
|
|t:|1776207763
|switch|p2a: Volcanion|Volcanion|100/100
|-damage|p2a: Volcanion|75/100|[from] Stealth Rock
|-activate|p2a: Volcanion|move: Sticky Web
|-unboost|p2a: Volcanion|spe|1
|turn|25
|inactive|Mastibolt has 120 seconds left.
|c|☆Mastibolt|gg man well plays you got this i think
|
|t:|1776207773
|move|p1a: Dragonite|Earthquake|p2a: Volcanion
|-supereffective|p2a: Volcanion
|-damage|p2a: Volcanion|16/100
|move|p2a: Volcanion|Steam Eruption|p1a: Dragonite
|-resisted|p1a: Dragonite
|-damage|p1a: Dragonite|0 fnt
|faint|p1a: Dragonite
|
|win|YorgscastMeister
|raw|Mastibolt's rating: 1079 &rarr; <strong>1055</strong><br />(-24 for losing)
|raw|YorgscastMeister's rating: 1044 &rarr; <strong>1081</strong><br />(+37 for winning)
|c|☆YorgscastMeister|barring crit yeah
|c|☆Mastibolt|ye close
|c|☆Mastibolt|gg
|c|☆YorgscastMeister|ggwp gamer
|l|☆Mastibolt
|player|p1|
|l|☆YorgscastMeister
|player|p2|
|j|☆YorgscastMeister
|player|p2|YorgscastMeister|medium|
