|html|<div class="broadcast-blue"><strong>[Gen 9] OU is currently suspecting Tera Blast! For information on how to participate check out the <a href="https://www.smogon.com/tools/suspects/view/200">suspect thread</a>.</strong></div>
|j|☆kimarthie
|j|☆dxj66
|t:|1776069245
|gametype|singles
|player|p1|kimarthie|101|1296
|player|p2|dxj66|102|1228
|gen|9
|tier|[Gen 9] OU
|rated|
|rule|HP Percentage Mod: HP is shown in percentages
|rule|Endless Battle Clause: Forcing endless battles is banned
|rule|Species Clause: Limit one of each Pokémon
|rule|OHKO Clause: OHKO moves are banned
|rule|Evasion Items Clause: Evasion items are banned
|rule|Evasion Moves Clause: Evasion moves are banned
|rule|Evasion Abilities Clause: Evasion abilities are banned
|rule|Sleep Moves Clause: Sleep-inducing moves are banned
|clearpoke
|poke|p1|Ditto|
|poke|p1|Meowscarada, F|
|poke|p1|Kyurem|
|poke|p1|Walking Wake|
|poke|p1|Alomomola, F|
|poke|p1|Zamazenta-*|
|poke|p2|Tyranitar, F|
|poke|p2|Excadrill, M|
|poke|p2|Tornadus-Therian, M|
|poke|p2|Corviknight, M|
|poke|p2|Rillaboom, F|
|poke|p2|Blaziken, F|
|teampreview
|inactive|Battle timer is ON: inactive players will automatically lose when time's up. (requested by kimarthie)
|
|t:|1776069248
|teamsize|p1|6
|teamsize|p2|6
|start
|switch|p1a: Walking Wake|Walking Wake|100/100
|switch|p2a: Tyranitar|Tyranitar, F|100/100
|-weather|Sandstorm|[from] ability: Sand Stream|[of] p2a: Tyranitar
|-enditem|p1a: Walking Wake|Booster Energy
|-activate|p1a: Walking Wake|ability: Protosynthesis|[fromitem]
|-start|p1a: Walking Wake|protosynthesisspa
|turn|1
|
|t:|1776069258
|move|p1a: Walking Wake|Surf|p2a: Tyranitar
|-supereffective|p2a: Tyranitar
|-damage|p2a: Tyranitar|38/100
|move|p2a: Tyranitar|Stealth Rock|p1a: Walking Wake
|-sidestart|p1: kimarthie|move: Stealth Rock
|
|-weather|Sandstorm|[upkeep]
|-damage|p1a: Walking Wake|94/100|[from] Sandstorm
|upkeep
|turn|2
|
|t:|1776069269
|switch|p2a: Tornadus|Tornadus-Therian, M|100/100
|move|p1a: Walking Wake|Surf|p2a: Tornadus
|-damage|p2a: Tornadus|35/100
|
|-weather|Sandstorm|[upkeep]
|-damage|p2a: Tornadus|28/100|[from] Sandstorm
|-damage|p1a: Walking Wake|88/100|[from] Sandstorm
|upkeep
|turn|3
|
|t:|1776069283
|switch|p2a: Corviknight|Corviknight, M|100/100
|-end|p1a: Walking Wake|Protosynthesis|[silent]
|switch|p1a: Kyurem|Kyurem|100/100
|-damage|p1a: Kyurem|76/100|[from] Stealth Rock
|-ability|p1a: Kyurem|Pressure
|
|-weather|Sandstorm|[upkeep]
|-damage|p1a: Kyurem|69/100|[from] Sandstorm
|-heal|p1a: Kyurem|76/100|[from] item: Leftovers
|upkeep
|turn|4
|
|t:|1776069290
|-terastallize|p1a: Kyurem|Steel
|move|p1a: Kyurem|Freeze-Dry|p2a: Corviknight
|-damage|p2a: Corviknight|66/100
|move|p2a: Corviknight|U-turn|p1a: Kyurem
|-resisted|p1a: Kyurem
|-damage|p1a: Kyurem|70/100
|
|t:|1776069296
|switch|p2a: Excadrill|Excadrill, M|100/100|[from] U-turn
|
|-weather|Sandstorm|[upkeep]
|-heal|p1a: Kyurem|76/100|[from] item: Leftovers
|upkeep
|turn|5
|
|t:|1776069308
|switch|p1a: Alomomola|Alomomola, F|100/100
|-damage|p1a: Alomomola|88/100|[from] Stealth Rock
|-terastallize|p2a: Excadrill|Ground
|move|p2a: Excadrill|Earthquake|p1a: Alomomola
|-damage|p1a: Alomomola|3/100
|-damage|p2a: Excadrill|91/100|[from] item: Life Orb
|
|-weather|Sandstorm|[upkeep]
|-damage|p1a: Alomomola|0 fnt|[from] Sandstorm
|faint|p1a: Alomomola
|upkeep
|
|t:|1776069318
|switch|p1a: Ditto|Ditto, shiny|100/100
|-damage|p1a: Ditto|88/100|[from] Stealth Rock
|-transform|p1a: Ditto|p2a: Excadrill|[from] ability: Imposter
|-start|p1a: Ditto|typechange|Ground/Steel|[silent]
|turn|6
|
|t:|1776069330
|move|p1a: Ditto|Iron Head|p2a: Excadrill
|-damage|p2a: Excadrill|30/100
|move|p2a: Excadrill|Earthquake|p1a: Ditto
|-supereffective|p1a: Ditto
|-damage|p1a: Ditto|0 fnt
|faint|p1a: Ditto
|-damage|p2a: Excadrill|20/100|[from] item: Life Orb
|
|-weather|Sandstorm|[upkeep]
|upkeep
|
|t:|1776069343
|switch|p1a: Meowscarada|Meowscarada, F, shiny|100/100
|-damage|p1a: Meowscarada|88/100|[from] Stealth Rock
|turn|7
|
|t:|1776069348
|move|p1a: Meowscarada|Protect|p1a: Meowscarada
|-start|p1a: Meowscarada|typechange|Normal|[from] ability: Protean
|-singleturn|p1a: Meowscarada|Protect
|move|p2a: Excadrill|Earthquake|p1a: Meowscarada
|-activate|p1a: Meowscarada|move: Protect
|
|-weather|Sandstorm|[upkeep]
|-damage|p1a: Meowscarada|82/100|[from] Sandstorm
|upkeep
|turn|8
|
|t:|1776069357
|move|p2a: Excadrill|Earthquake|p1a: Meowscarada
|-damage|p1a: Meowscarada|0 fnt
|faint|p1a: Meowscarada
|-damage|p2a: Excadrill|10/100|[from] item: Life Orb
|
|-weather|none
|upkeep
|-message|kimarthie forfeited.
|
|win|dxj66
|raw|kimarthie's rating: 1296 &rarr; <strong>1266</strong><br />(-30 for losing)
|raw|dxj66's rating: 1228 &rarr; <strong>1258</strong><br />(+30 for winning)
|l|☆kimarthie
|player|p1|
