|html|<div class="broadcast-blue"><strong>[Gen 9] OU is currently suspecting Tera Blast! For information on how to participate check out the <a href="https://www.smogon.com/tools/suspects/view/200">suspect thread</a>.</strong></div>
|j|☆CaptainOrb
|j|☆Samarand
|t:|1776090516
|gametype|singles
|player|p1|CaptainOrb|101|1423
|player|p2|Samarand|birdkeeper-gen4dp|1394
|gen|9
|tier|[Gen 9] OU
|rated|
|rule|HP Percentage Mod: HP is shown in percentages
|rule|Endless Battle Clause: Forcing endless battles is banned
|rule|Species Clause: Limit one of each Pokémon
|rule|OHKO Clause: OHKO moves are banned
|rule|Evasion Items Clause: Evasion items are banned
|rule|Evasion Moves Clause: Evasion moves are banned
|rule|Evasion Abilities Clause: Evasion abilities are banned
|rule|Sleep Moves Clause: Sleep-inducing moves are banned
|clearpoke
|poke|p1|Dondozo, F|
|poke|p1|Blissey, F|
|poke|p1|Corviknight, M|
|poke|p1|Weezing-Galar, F|
|poke|p1|Gliscor, F|
|poke|p1|Toxapex, F|
|poke|p2|Infernape, M|
|poke|p2|Delphox, F|
|poke|p2|Walking Wake|
|poke|p2|Leafeon, M|
|poke|p2|Ninetales, F|
|poke|p2|Great Tusk|
|teampreview
|inactive|Battle timer is ON: inactive players will automatically lose when time's up. (requested by CaptainOrb)
|
|t:|1776090535
|teamsize|p1|6
|teamsize|p2|6
|start
|switch|p1a: Blissey|Blissey, F|100/100
|switch|p2a: Dave|Infernape, M|100/100
|turn|1
|
|t:|1776090549
|switch|p2a: Eleya|Ninetales, F|100/100
|-weather|SunnyDay|[from] ability: Drought|[of] p2a: Eleya
|switch|p1a: Toxapex|Toxapex, F|100/100
|
|-weather|SunnyDay|[upkeep]
|upkeep
|turn|2
|
|t:|1776090560
|move|p2a: Eleya|Will-O-Wisp|p1a: Toxapex
|-status|p1a: Toxapex|brn
|move|p1a: Toxapex|Toxic|p2a: Eleya
|-status|p2a: Eleya|tox
|
|-weather|SunnyDay|[upkeep]
|-damage|p2a: Eleya|94/100 tox|[from] psn
|-damage|p1a: Toxapex|94/100 brn|[from] brn
|upkeep
|turn|3
|
|t:|1776090570
|switch|p2a: Turbo Genius|Great Tusk|100/100
|-activate|p2a: Turbo Genius|ability: Protosynthesis
|-start|p2a: Turbo Genius|protosynthesisatk
|move|p1a: Toxapex|Poison Jab|p2a: Turbo Genius
|-resisted|p2a: Turbo Genius
|-damage|p2a: Turbo Genius|98/100
|-status|p2a: Turbo Genius|psn
|
|-weather|SunnyDay|[upkeep]
|-heal|p1a: Toxapex|100/100 brn|[from] item: Leftovers
|-damage|p2a: Turbo Genius|85/100 psn|[from] psn
|-damage|p1a: Toxapex|94/100 brn|[from] brn
|upkeep
|turn|4
|
|t:|1776090581
|-end|p2a: Turbo Genius|Protosynthesis|[silent]
|switch|p2a: Dave|Infernape, M|100/100
|switch|p1a: Corviknight|Corviknight, M|100/100
|-ability|p1a: Corviknight|Pressure
|
|-weather|SunnyDay|[upkeep]
|upkeep
|turn|5
|
|t:|1776090589
|switch|p2a: Hans|Leafeon, M|100/100
|switch|p1a: Toxapex|Toxapex, F|100/100 brn
|
|-weather|SunnyDay|[upkeep]
|-damage|p1a: Toxapex|94/100 brn|[from] brn
|upkeep
|turn|6
|
|t:|1776090596
|switch|p1a: Weezing|Weezing-Galar, F|100/100
|-ability|p1a: Weezing|Neutralizing Gas
|-terastallize|p2a: Hans|Fire
|move|p2a: Hans|Tera Blast|p1a: Weezing|[anim] Tera Blast Fire
|-damage|p1a: Weezing|49/100
|-damage|p2a: Hans|91/100|[from] item: Life Orb
|
|-weather|SunnyDay|[upkeep]
|upkeep
|turn|7
|
|t:|1776090602
|-end|p1a: Weezing|ability: Neutralizing Gas
|switch|p1a: Toxapex|Toxapex, F|100/100 brn
|move|p2a: Hans|Tera Blast|p1a: Toxapex|[anim] Tera Blast Fire
|-resisted|p1a: Toxapex
|-crit|p1a: Toxapex
|-damage|p1a: Toxapex|56/100 brn
|-damage|p2a: Hans|81/100|[from] item: Life Orb
|
|-weather|SunnyDay|[upkeep]
|-heal|p1a: Toxapex|62/100 brn|[from] item: Leftovers
|-damage|p1a: Toxapex|56/100 brn|[from] brn
|upkeep
|turn|8
|
|t:|1776090608
|move|p2a: Hans|Solar Blade||[still]
|-prepare|p2a: Hans|Solar Blade
|-anim|p2a: Hans|Solar Blade|p1a: Toxapex
|-damage|p1a: Toxapex|0 fnt
|faint|p1a: Toxapex
|-damage|p2a: Hans|71/100|[from] item: Life Orb
|
|-weather|none
|upkeep
|
|t:|1776090613
|switch|p1a: Gliscor|Gliscor, F|100/100
|turn|9
|
|t:|1776090620
|switch|p2a: Eleya|Ninetales, F|94/100 tox
|-weather|SunnyDay|[from] ability: Drought|[of] p2a: Eleya
|move|p1a: Gliscor|Knock Off|p2a: Eleya
|-damage|p2a: Eleya|69/100 tox
|-enditem|p2a: Eleya|Heat Rock|[from] move: Knock Off|[of] p1a: Gliscor
|
|-weather|SunnyDay|[upkeep]
|-damage|p2a: Eleya|63/100 tox|[from] psn
|-status|p1a: Gliscor|tox|[from] item: Toxic Orb
|upkeep
|turn|10
|
|t:|1776090630
|switch|p2a: Biscuit|Walking Wake|100/100
|-activate|p2a: Biscuit|ability: Protosynthesis
|-start|p2a: Biscuit|protosynthesisspa
|switch|p1a: Blissey|Blissey, F|100/100
|
|-weather|SunnyDay|[upkeep]
|upkeep
|turn|11
|
|t:|1776090634
|move|p2a: Biscuit|Flip Turn|p1a: Blissey
|-damage|p1a: Blissey|93/100
|
|t:|1776090640
|-end|p2a: Biscuit|Protosynthesis|[silent]
|switch|p2a: Turbo Genius|Great Tusk|85/100 psn|[from] Flip Turn
|-activate|p2a: Turbo Genius|ability: Protosynthesis
|-start|p2a: Turbo Genius|protosynthesisatk
|move|p1a: Blissey|Calm Mind|p1a: Blissey
|-boost|p1a: Blissey|spa|1
|-boost|p1a: Blissey|spd|1
|
|-weather|SunnyDay|[upkeep]
|-heal|p1a: Blissey|99/100|[from] item: Leftovers
|-damage|p2a: Turbo Genius|73/100 psn|[from] psn
|upkeep
|turn|12
|
|t:|1776090648
|-end|p2a: Turbo Genius|Protosynthesis|[silent]
|switch|p2a: Hans|Leafeon, M, tera:Fire|71/100
|switch|p1a: Corviknight|Corviknight, M|100/100
|-ability|p1a: Corviknight|Pressure
|
|-weather|SunnyDay|[upkeep]
|upkeep
|turn|13
|
|t:|1776090656
|switch|p1a: Dondozo|Dondozo, F|100/100
|move|p2a: Hans|Tera Blast|p1a: Dondozo|[anim] Tera Blast Fire
|-resisted|p1a: Dondozo
|-damage|p1a: Dondozo|81/100
|-damage|p2a: Hans|61/100|[from] item: Life Orb
|
|-weather|SunnyDay|[upkeep]
|-heal|p1a: Dondozo|87/100|[from] item: Leftovers
|upkeep
|turn|14
|
|t:|1776090670
|switch|p2a: Hecate|Delphox, F|100/100
|switch|p1a: Corviknight|Corviknight, M|100/100
|-ability|p1a: Corviknight|Pressure
|
|-weather|SunnyDay|[upkeep]
|upkeep
|turn|15
|
|t:|1776090676
|switch|p1a: Blissey|Blissey, F|99/100
|move|p2a: Hecate|Nasty Plot|p2a: Hecate
|-boost|p2a: Hecate|spa|2
|
|-weather|SunnyDay|[upkeep]
|-heal|p1a: Blissey|100/100|[from] item: Leftovers
|upkeep
|turn|16
|
|t:|1776090680
|move|p2a: Hecate|Flamethrower|p1a: Blissey
|-damage|p1a: Blissey|62/100
|move|p1a: Blissey|Calm Mind|p1a: Blissey
|-boost|p1a: Blissey|spa|1
|-boost|p1a: Blissey|spd|1
|
|-weather|none
|-heal|p1a: Blissey|68/100|[from] item: Leftovers
|upkeep
|turn|17
|
|t:|1776090684
|move|p2a: Hecate|Encore|p1a: Blissey
|-start|p1a: Blissey|Encore
|move|p1a: Blissey|Calm Mind|p1a: Blissey
|-boost|p1a: Blissey|spa|1
|-boost|p1a: Blissey|spd|1
|
|-heal|p1a: Blissey|75/100|[from] item: Leftovers
|upkeep
|turn|18
|
|t:|1776090703
|switch|p1a: Gliscor|Gliscor, F|100/100 tox
|move|p2a: Hecate|Psychic|p1a: Gliscor
|-damage|p1a: Gliscor|29/100 tox
|
|-heal|p1a: Gliscor|41/100 tox|[from] ability: Poison Heal
|upkeep
|turn|19
|
|t:|1776090708
|move|p1a: Gliscor|Protect|p1a: Gliscor
|-singleturn|p1a: Gliscor|Protect
|move|p2a: Hecate|Flamethrower|p1a: Gliscor
|-activate|p1a: Gliscor|move: Protect
|
|-heal|p1a: Gliscor|54/100 tox|[from] ability: Poison Heal
|upkeep
|turn|20
|
|t:|1776090716
|switch|p1a: Blissey|Blissey, F|75/100
|move|p2a: Hecate|Psychic|p1a: Blissey
|-damage|p1a: Blissey|47/100
|
|-heal|p1a: Blissey|53/100|[from] item: Leftovers
|upkeep
|turn|21
|
|t:|1776090722
|switch|p2a: Turbo Genius|Great Tusk|73/100 psn
|move|p1a: Blissey|Seismic Toss|p2a: Turbo Genius
|-damage|p2a: Turbo Genius|50/100 psn
|
|-heal|p1a: Blissey|59/100|[from] item: Leftovers
|-damage|p2a: Turbo Genius|37/100 psn|[from] psn
|upkeep
|turn|22
|
|t:|1776090731
|switch|p1a: Corviknight|Corviknight, M|100/100
|-ability|p1a: Corviknight|Pressure
|move|p2a: Turbo Genius|Close Combat|p1a: Corviknight
|-damage|p1a: Corviknight|59/100
|-unboost|p2a: Turbo Genius|def|1
|-unboost|p2a: Turbo Genius|spd|1
|
|-heal|p1a: Corviknight|65/100|[from] item: Leftovers
|-damage|p2a: Turbo Genius|25/100 psn|[from] psn
|upkeep
|turn|23
|
|t:|1776090736
|move|p2a: Turbo Genius|Close Combat|p1a: Corviknight
|-damage|p1a: Corviknight|24/100
|-unboost|p2a: Turbo Genius|def|1
|-unboost|p2a: Turbo Genius|spd|1
|move|p1a: Corviknight|Roost|p1a: Corviknight
|-heal|p1a: Corviknight|74/100
|-singleturn|p1a: Corviknight|move: Roost
|
|-heal|p1a: Corviknight|80/100|[from] item: Leftovers
|-damage|p2a: Turbo Genius|12/100 psn|[from] psn
|upkeep
|turn|24
|
|t:|1776090741
|-end|p2a: Turbo Genius|Protosynthesis|[silent]
|switch|p2a: Eleya|Ninetales, F|63/100 tox
|-weather|SunnyDay|[from] ability: Drought|[of] p2a: Eleya
|move|p1a: Corviknight|Roost|p1a: Corviknight
|-heal|p1a: Corviknight|100/100
|-singleturn|p1a: Corviknight|move: Roost
|
|-weather|SunnyDay|[upkeep]
|-damage|p2a: Eleya|57/100 tox|[from] psn
|upkeep
|turn|25
|
|t:|1776090745
|switch|p1a: Blissey|Blissey, F|59/100
|move|p2a: Eleya|Healing Wish|p2a: Eleya
|faint|p2a: Eleya
|
|-weather|SunnyDay|[upkeep]
|-heal|p1a: Blissey|65/100|[from] item: Leftovers
|upkeep
|
|t:|1776090747
|switch|p2a: Turbo Genius|Great Tusk|12/100 psn
|-heal|p2a: Turbo Genius|100/100|[from] move: Healing Wish
|-activate|p2a: Turbo Genius|ability: Protosynthesis
|-start|p2a: Turbo Genius|protosynthesisatk
|turn|26
|
|t:|1776090753
|switch|p1a: Corviknight|Corviknight, M|100/100
|-ability|p1a: Corviknight|Pressure
|move|p2a: Turbo Genius|Close Combat|p1a: Corviknight
|-damage|p1a: Corviknight|44/100
|-unboost|p2a: Turbo Genius|def|1
|-unboost|p2a: Turbo Genius|spd|1
|
|-weather|SunnyDay|[upkeep]
|-heal|p1a: Corviknight|50/100|[from] item: Leftovers
|upkeep
|turn|27
|
|t:|1776090765
|switch|p1a: Dondozo|Dondozo, F|87/100
|move|p2a: Turbo Genius|Close Combat|p1a: Dondozo
|-damage|p1a: Dondozo|49/100
|-unboost|p2a: Turbo Genius|def|1
|-unboost|p2a: Turbo Genius|spd|1
|
|-weather|SunnyDay|[upkeep]
|-heal|p1a: Dondozo|55/100|[from] item: Leftovers
|upkeep
|turn|28
|
|t:|1776090772
|-end|p2a: Turbo Genius|Protosynthesis|[silent]
|switch|p2a: Biscuit|Walking Wake|100/100
|-activate|p2a: Biscuit|ability: Protosynthesis
|-start|p2a: Biscuit|protosynthesisspa
|move|p1a: Dondozo|Rest|p1a: Dondozo
|-status|p1a: Dondozo|slp|[from] move: Rest
|-heal|p1a: Dondozo|100/100 slp|[silent]
|
|-weather|none
|-end|p2a: Biscuit|Protosynthesis
|upkeep
|turn|29
|
|t:|1776090777
|move|p2a: Biscuit|Flip Turn|p1a: Dondozo
|-resisted|p1a: Dondozo
|-damage|p1a: Dondozo|97/100 slp
|
|t:|1776090782
|-end|p2a: Biscuit|Protosynthesis|[silent]
|switch|p2a: Hecate|Delphox, F|100/100|[from] Flip Turn
|cant|p1a: Dondozo|slp
|move|p1a: Dondozo|Sleep Talk|p1a: Dondozo
|move|p1a: Dondozo|Body Press|p2a: Hecate|[from] move: Sleep Talk
|-resisted|p2a: Hecate
|-damage|p2a: Hecate|80/100
|
|-heal|p1a: Dondozo|100/100 slp|[from] item: Leftovers
|upkeep
|turn|30
|
|t:|1776090791
|switch|p1a: Blissey|Blissey, F|65/100
|move|p2a: Hecate|Psychic|p1a: Blissey
|-damage|p1a: Blissey|52/100
|-unboost|p1a: Blissey|spd|1
|
|-heal|p1a: Blissey|59/100|[from] item: Leftovers
|upkeep
|turn|31
|
|t:|1776090799
|switch|p2a: Hans|Leafeon, M, tera:Fire|61/100
|move|p1a: Blissey|Seismic Toss|p2a: Hans
|-damage|p2a: Hans|24/100
|
|-heal|p1a: Blissey|65/100|[from] item: Leftovers
|upkeep
|turn|32
|
|t:|1776090802
|switch|p1a: Dondozo|Dondozo, F|100/100 slp
|move|p2a: Hans|Knock Off|p1a: Dondozo
|-damage|p1a: Dondozo|82/100 slp
|-enditem|p1a: Dondozo|Leftovers|[from] move: Knock Off|[of] p2a: Hans
|-damage|p2a: Hans|14/100|[from] item: Life Orb
|
|upkeep
|turn|33
|
|t:|1776090809
|move|p2a: Hans|Solar Blade||[still]
|-prepare|p2a: Hans|Solar Blade
|cant|p1a: Dondozo|slp
|move|p1a: Dondozo|Sleep Talk|p1a: Dondozo
|move|p1a: Dondozo|Body Press|p2a: Hans|[from] move: Sleep Talk
|-damage|p2a: Hans|0 fnt
|faint|p2a: Hans
|
|upkeep
|
|t:|1776090815
|switch|p2a: Biscuit|Walking Wake|100/100
|turn|34
|
|t:|1776090820
|move|p2a: Biscuit|Dragon Pulse|p1a: Dondozo
|-damage|p1a: Dondozo|43/100 slp
|-curestatus|p1a: Dondozo|slp|[msg]
|move|p1a: Dondozo|Avalanche|p2a: Biscuit
|-damage|p2a: Biscuit|72/100
|
|upkeep
|turn|35
|
|t:|1776090826
|-end|p2a: Biscuit|Protosynthesis|[silent]
|switch|p2a: Dave|Infernape, M|100/100
|switch|p1a: Blissey|Blissey, F|65/100
|
|-heal|p1a: Blissey|71/100|[from] item: Leftovers
|upkeep
|turn|36
|
|t:|1776090838
|switch|p1a: Gliscor|Gliscor, F|54/100 tox
|move|p2a: Dave|Flare Blitz|p1a: Gliscor
|-damage|p1a: Gliscor|8/100 tox
|-damage|p2a: Dave|82/100|[from] Recoil
|
|-heal|p1a: Gliscor|21/100 tox|[from] ability: Poison Heal
|upkeep
|turn|37
|
|t:|1776090846
|move|p1a: Gliscor|Protect|p1a: Gliscor
|-singleturn|p1a: Gliscor|Protect
|move|p2a: Dave|Flare Blitz|p1a: Gliscor
|-activate|p1a: Gliscor|move: Protect
|
|-heal|p1a: Gliscor|33/100 tox|[from] ability: Poison Heal
|upkeep
|turn|38
|
|t:|1776090851
|-terastallize|p1a: Gliscor|Water
|move|p2a: Dave|Flare Blitz|p1a: Gliscor
|-resisted|p1a: Gliscor
|-damage|p1a: Gliscor|11/100 tox
|-damage|p2a: Dave|74/100|[from] Recoil
|move|p1a: Gliscor|Earthquake|p2a: Dave
|-supereffective|p2a: Dave
|-damage|p2a: Dave|0 fnt
|faint|p2a: Dave
|
|-heal|p1a: Gliscor|24/100 tox|[from] ability: Poison Heal
|upkeep
|
|t:|1776090858
|switch|p2a: Hecate|Delphox, F|80/100
|turn|39
|
|t:|1776090862
|switch|p1a: Blissey|Blissey, F|71/100
|move|p2a: Hecate|Nasty Plot|p2a: Hecate
|-boost|p2a: Hecate|spa|2
|
|-heal|p1a: Blissey|77/100|[from] item: Leftovers
|upkeep
|turn|40
|
|t:|1776090872
|move|p2a: Hecate|Flamethrower|p1a: Blissey
|-damage|p1a: Blissey|50/100
|move|p1a: Blissey|Seismic Toss|p2a: Hecate
|-damage|p2a: Hecate|47/100
|
|-heal|p1a: Blissey|56/100|[from] item: Leftovers
|upkeep
|turn|41
|
|t:|1776090876
|move|p2a: Hecate|Flamethrower|p1a: Blissey
|-damage|p1a: Blissey|32/100
|move|p1a: Blissey|Seismic Toss|p2a: Hecate
|-damage|p2a: Hecate|14/100
|
|-heal|p1a: Blissey|38/100|[from] item: Leftovers
|upkeep
|turn|42
|
|t:|1776090881
|move|p2a: Hecate|Flamethrower|p1a: Blissey
|-damage|p1a: Blissey|0 fnt
|faint|p1a: Blissey
|
|upkeep
|
|t:|1776090895
|switch|p1a: Dondozo|Dondozo, F|43/100
|turn|43
|
|t:|1776090899
|move|p2a: Hecate|Psychic|p1a: Dondozo
|-damage|p1a: Dondozo|0 fnt
|faint|p1a: Dondozo
|
|upkeep
|
|t:|1776090902
|switch|p1a: Gliscor|Gliscor, F, tera:Water|24/100 tox
|turn|44
|-message|CaptainOrb forfeited.
|
|win|Samarand
|raw|CaptainOrb's rating: 1423 &rarr; <strong>1401</strong><br />(-22 for losing)
|raw|Samarand's rating: 1394 &rarr; <strong>1416</strong><br />(+22 for winning)
|l|☆CaptainOrb
|player|p1|
|l|☆Samarand
|player|p2|
|j|☆Samarand
|player|p2|Samarand|birdkeeper-gen4dp|
|l|☆Samarand
|player|p2|
