|html|<div class="broadcast-blue"><strong>[Gen 9] OU is currently suspecting Tera Blast! For information on how to participate check out the <a href="https://www.smogon.com/tools/suspects/view/200">suspect thread</a>.</strong></div>
|j|☆PabloGYT
|j|☆sekairo
|t:|1776073091
|gametype|singles
|player|p1|PabloGYT|n|1216
|player|p2|sekairo|drayden|1271
|gen|9
|tier|[Gen 9] OU
|rated|
|rule|HP Percentage Mod: HP is shown in percentages
|rule|Endless Battle Clause: Forcing endless battles is banned
|rule|Species Clause: Limit one of each Pokémon
|rule|OHKO Clause: OHKO moves are banned
|rule|Evasion Items Clause: Evasion items are banned
|rule|Evasion Moves Clause: Evasion moves are banned
|rule|Evasion Abilities Clause: Evasion abilities are banned
|rule|Sleep Moves Clause: Sleep-inducing moves are banned
|clearpoke
|poke|p1|Toxtricity-Low-Key, M|
|poke|p1|Kyurem|
|poke|p1|Grimmsnarl, M|
|poke|p1|Cinderace, M|
|poke|p1|Garchomp, M|
|poke|p1|Zapdos-Galar|
|poke|p2|Deoxys-Speed|
|poke|p2|Gholdengo|
|poke|p2|Iron Treads|
|poke|p2|Dragonite, M|
|poke|p2|Iron Moth|
|poke|p2|Samurott-Hisui, F|
|teampreview
|inactive|Battle timer is ON: inactive players will automatically lose when time's up. (requested by PabloGYT)
|inactive|sekairo has 120 seconds left.
|inactive|sekairo has 90 seconds left.
|
|t:|1776073179
|teamsize|p1|6
|teamsize|p2|6
|start
|switch|p1a: A kird|Zapdos-Galar, shiny|100/100
|switch|p2a: Samurott|Samurott-Hisui, F|100/100
|turn|1
|
|t:|1776073205
|move|p1a: A kird|Thunderous Kick|p2a: Samurott
|-supereffective|p2a: Samurott
|-enditem|p2a: Samurott|Focus Sash
|-damage|p2a: Samurott|1/100
|-unboost|p2a: Samurott|def|1
|move|p2a: Samurott|Ceaseless Edge|p1a: A kird
|-resisted|p1a: A kird
|-damage|p1a: A kird|73/100
|-sidestart|p1: PabloGYT|Spikes
|
|-heal|p1a: A kird|80/100|[from] item: Leftovers
|upkeep
|turn|2
|
|t:|1776073217
|switch|p2a: Iron Treads|Iron Treads|100/100
|-enditem|p2a: Iron Treads|Booster Energy
|-activate|p2a: Iron Treads|ability: Quark Drive|[fromitem]
|-start|p2a: Iron Treads|quarkdrivespe
|move|p1a: A kird|Knock Off|p2a: Iron Treads
|-damage|p2a: Iron Treads|84/100
|
|-heal|p1a: A kird|86/100|[from] item: Leftovers
|upkeep
|turn|3
|
|t:|1776073226
|move|p2a: Iron Treads|Stealth Rock|p1a: A kird
|-sidestart|p1: PabloGYT|move: Stealth Rock
|move|p1a: A kird|Thunderous Kick|p2a: Iron Treads
|-supereffective|p2a: Iron Treads
|-damage|p2a: Iron Treads|14/100
|-unboost|p2a: Iron Treads|def|1
|
|-heal|p1a: A kird|92/100|[from] item: Leftovers
|upkeep
|turn|4
|inactive|sekairo has 120 seconds left.
|
|t:|1776073256
|-end|p2a: Iron Treads|Quark Drive|[silent]
|switch|p2a: Samurott|Samurott-Hisui, F|1/100
|move|p1a: A kird|Thunderous Kick|p2a: Samurott
|-supereffective|p2a: Samurott
|-damage|p2a: Samurott|0 fnt
|faint|p2a: Samurott
|
|-heal|p1a: A kird|98/100|[from] item: Leftovers
|upkeep
|inactive|sekairo has 120 seconds left.
|c|☆sekairo|tf is u doing ?
|
|t:|1776073267
|switch|p2a: Deoxys|Deoxys-Speed|100/100
|-ability|p2a: Deoxys|Pressure
|turn|5
|
|t:|1776073269
|move|p2a: Deoxys|Psycho Boost|p1a: A kird
|-supereffective|p1a: A kird
|-damage|p1a: A kird|0 fnt
|-unboost|p2a: Deoxys|spa|2
|faint|p1a: A kird
|-damage|p2a: Deoxys|91/100|[from] item: Life Orb
|
|upkeep
|
|t:|1776073273
|switch|p1a: Cinderace|Cinderace, M|100/100
|turn|6
|
|t:|1776073286
|switch|p2a: Iron Moth|Iron Moth|100/100
|-enditem|p2a: Iron Moth|Booster Energy
|-activate|p2a: Iron Moth|ability: Quark Drive|[fromitem]
|-start|p2a: Iron Moth|quarkdrivespe
|move|p1a: Cinderace|Court Change|p1a: Cinderace
|-start|p1a: Cinderace|typechange|Normal|[from] ability: Libero
|-swapsideconditions
|-activate|p1a: Cinderace|move: Court Change
|
|upkeep
|turn|7
|
|t:|1776073292
|move|p2a: Iron Moth|Fiery Dance|p1a: Cinderace
|-damage|p1a: Cinderace|45/100
|move|p1a: Cinderace|U-turn|p2a: Iron Moth
|-resisted|p2a: Iron Moth
|-damage|p2a: Iron Moth|93/100
|
|t:|1776073296
|switch|p1a: Garchomp|Garchomp, M|100/100|[from] U-turn
|
|upkeep
|turn|8
|
|t:|1776073302
|move|p2a: Iron Moth|Substitute|p2a: Iron Moth
|-start|p2a: Iron Moth|Substitute
|-damage|p2a: Iron Moth|68/100
|move|p1a: Garchomp|Earthquake|p2a: Iron Moth
|-supereffective|p2a: Iron Moth
|-end|p2a: Iron Moth|Substitute
|
|upkeep
|turn|9
|
|t:|1776073306
|-end|p2a: Iron Moth|Quark Drive|[silent]
|switch|p2a: Dragonite|Dragonite, M|100/100
|move|p1a: Garchomp|Earthquake|p2a: Dragonite
|-immune|p2a: Dragonite
|
|upkeep
|turn|10
|
|t:|1776073310
|move|p2a: Dragonite|Ice Spinner|p1a: Garchomp
|-supereffective|p1a: Garchomp
|-damage|p1a: Garchomp|15/100
|-damage|p2a: Dragonite|88/100|[from] ability: Rough Skin|[of] p1a: Garchomp
|-damage|p2a: Dragonite|72/100|[from] item: Rocky Helmet|[of] p1a: Garchomp
|move|p1a: Garchomp|Dragon Tail|p2a: Dragonite
|-supereffective|p2a: Dragonite
|-damage|p2a: Dragonite|10/100
|drag|p2a: Iron Moth|Iron Moth|68/100
|-damage|p2a: Iron Moth|55/100|[from] Spikes
|-damage|p2a: Iron Moth|30/100|[from] Stealth Rock
|
|upkeep
|turn|11
|
|t:|1776073317
|move|p2a: Iron Moth|Fiery Dance|p1a: Garchomp
|-resisted|p1a: Garchomp
|-damage|p1a: Garchomp|0 fnt
|-boost|p2a: Iron Moth|spa|1
|faint|p1a: Garchomp
|
|upkeep
|
|t:|1776073328
|switch|p1a: Toxtricity|Toxtricity-Low-Key, M, shiny|100/100
|turn|12
|
|t:|1776073335
|move|p1a: Toxtricity|Boomburst|p2a: Iron Moth
|-damage|p2a: Iron Moth|0 fnt
|faint|p2a: Iron Moth
|-end|p2a: Iron Moth|Quark Drive|[silent]
|
|upkeep
|
|t:|1776073339
|switch|p2a: Gholdengo|Gholdengo|100/100
|-damage|p2a: Gholdengo|94/100|[from] Stealth Rock
|-item|p2a: Gholdengo|Air Balloon
|turn|13
|
|t:|1776073348
|switch|p1a: Cinderace|Cinderace, M|45/100
|move|p2a: Gholdengo|Shadow Ball|p1a: Cinderace
|-damage|p1a: Cinderace|0 fnt
|faint|p1a: Cinderace
|
|upkeep
|
|t:|1776073359
|switch|p1a: Grimmsnarl|Grimmsnarl, M|100/100
|turn|14
|
|t:|1776073385
|move|p1a: Grimmsnarl|Light Screen|p1a: Grimmsnarl
|-sidestart|p1: PabloGYT|move: Light Screen
|move|p2a: Gholdengo|Nasty Plot|p2a: Gholdengo
|-boost|p2a: Gholdengo|spa|2
|
|upkeep
|turn|15
|
|t:|1776073390
|move|p1a: Grimmsnarl|Parting Shot|p2a: Gholdengo
|-immune|p2a: Gholdengo|[from] ability: Good as Gold
|move|p2a: Gholdengo|Make It Rain|p1a: Grimmsnarl
|-supereffective|p1a: Grimmsnarl
|-damage|p1a: Grimmsnarl|24/100
|-unboost|p2a: Gholdengo|spa|1
|
|upkeep
|turn|16
|
|t:|1776073393
|move|p1a: Grimmsnarl|Reflect|p1a: Grimmsnarl
|-sidestart|p1: PabloGYT|Reflect
|move|p2a: Gholdengo|Make It Rain|p1a: Grimmsnarl
|-supereffective|p1a: Grimmsnarl
|-damage|p1a: Grimmsnarl|0 fnt
|-unboost|p2a: Gholdengo|spa|1
|faint|p1a: Grimmsnarl
|
|upkeep
|
|t:|1776073401
|switch|p1a: Kyurem|Kyurem|100/100
|-ability|p1a: Kyurem|Pressure
|turn|17
|
|t:|1776073406
|move|p1a: Kyurem|Ice Beam|p2a: Gholdengo
|-resisted|p2a: Gholdengo
|-damage|p2a: Gholdengo|68/100
|-enditem|p2a: Gholdengo|Air Balloon
|move|p2a: Gholdengo|Make It Rain|p1a: Kyurem
|-supereffective|p1a: Kyurem
|-damage|p1a: Kyurem|52/100
|-unboost|p2a: Gholdengo|spa|1
|
|upkeep
|turn|18
|
|t:|1776073414
|switch|p1a: Toxtricity|Toxtricity-Low-Key, M, shiny|100/100
|move|p2a: Gholdengo|Make It Rain|p1a: Toxtricity
|-resisted|p1a: Toxtricity
|-damage|p1a: Toxtricity|87/100
|-unboost|p2a: Gholdengo|spa|1
|
|upkeep
|turn|19
|
|t:|1776073425
|switch|p2a: Dragonite|Dragonite, M|10/100
|move|p1a: Toxtricity|Thunderbolt|p2a: Dragonite
|-damage|p2a: Dragonite|0 fnt
|faint|p2a: Dragonite
|
|upkeep
|
|t:|1776073429
|switch|p2a: Iron Treads|Iron Treads|14/100
|-damage|p2a: Iron Treads|1/100|[from] Spikes
|-damage|p2a: Iron Treads|0 fnt|[from] Stealth Rock
|faint|p2a: Iron Treads
|-end|p2a: Iron Treads|Quark Drive|[silent]
|
|t:|1776073431
|switch|p2a: Deoxys|Deoxys-Speed|91/100
|-damage|p2a: Deoxys|78/100|[from] Spikes
|-damage|p2a: Deoxys|66/100|[from] Stealth Rock
|-ability|p2a: Deoxys|Pressure
|turn|20
|
|t:|1776073437
|move|p2a: Deoxys|Psycho Boost|p1a: Toxtricity|[miss]
|-miss|p2a: Deoxys|p1a: Toxtricity
|move|p1a: Toxtricity|Thunderbolt|p2a: Deoxys
|-damage|p2a: Deoxys|0 fnt
|faint|p2a: Deoxys
|
|upkeep
|
|t:|1776073440
|switch|p2a: Gholdengo|Gholdengo|68/100
|-damage|p2a: Gholdengo|55/100|[from] Spikes
|-damage|p2a: Gholdengo|49/100|[from] Stealth Rock
|turn|21
|
|t:|1776073447
|move|p1a: Toxtricity|Thunderbolt|p2a: Gholdengo
|-damage|p2a: Gholdengo|2/100
|move|p2a: Gholdengo|Shadow Ball|p1a: Toxtricity
|-damage|p1a: Toxtricity|59/100
|
|-sideend|p1: PabloGYT|move: Light Screen
|upkeep
|turn|22
|-message|sekairo forfeited.
|
|win|PabloGYT
|raw|PabloGYT's rating: 1216 &rarr; <strong>1245</strong><br />(+29 for winning)
|raw|sekairo's rating: 1271 &rarr; <strong>1242</strong><br />(-29 for losing)
|l|☆sekairo
|player|p2|
|l|☆PabloGYT
|player|p1|
