|html|<div class="broadcast-blue"><strong>[Gen 9] OU is currently suspecting Tera Blast! For information on how to participate check out the <a href="https://www.smogon.com/tools/suspects/view/200">suspect thread</a>.</strong></div>
|j|☆ign28
|j|☆alex12381723898
|t:|1776102651
|gametype|singles
|player|p1|ign28|palmer|1691
|player|p2|alex12381723898|265|1730
|gen|9
|tier|[Gen 9] OU
|rated|
|rule|HP Percentage Mod: HP is shown in percentages
|rule|Endless Battle Clause: Forcing endless battles is banned
|rule|Species Clause: Limit one of each Pokémon
|rule|OHKO Clause: OHKO moves are banned
|rule|Evasion Items Clause: Evasion items are banned
|rule|Evasion Moves Clause: Evasion moves are banned
|rule|Evasion Abilities Clause: Evasion abilities are banned
|rule|Sleep Moves Clause: Sleep-inducing moves are banned
|clearpoke
|poke|p1|Great Tusk|
|poke|p1|Darkrai|
|poke|p1|Kyurem|
|poke|p1|Iron Valiant|
|poke|p1|Dragonite, F|
|poke|p1|Gholdengo|
|poke|p2|Landorus-Therian, M|
|poke|p2|Sinistcha|
|poke|p2|Tinkaton, F|
|poke|p2|Moltres|
|poke|p2|Samurott-Hisui, M|
|poke|p2|Hydreigon, M|
|teampreview
|inactive|Battle timer is ON: inactive players will automatically lose when time's up. (requested by ign28)
|
|t:|1776102667
|teamsize|p1|6
|teamsize|p2|6
|start
|switch|p1a: Darkrai|Darkrai|100/100
|switch|p2a: Smile.exe|Tinkaton, F, shiny|100/100
|-item|p2a: Smile.exe|Air Balloon
|turn|1
|
|t:|1776102674
|switch|p1a: Great Tusk|Great Tusk|100/100
|move|p2a: Smile.exe|Stealth Rock|p1a: Great Tusk
|-sidestart|p1: ign28|move: Stealth Rock
|
|upkeep
|turn|2
|
|t:|1776102682
|move|p2a: Smile.exe|Gigaton Hammer|p1a: Great Tusk
|-damage|p1a: Great Tusk|62/100
|move|p1a: Great Tusk|Stealth Rock|p2a: Smile.exe
|-sidestart|p2: alex12381723898|move: Stealth Rock
|
|upkeep
|turn|3
|
|t:|1776102687
|-end|p1a: Great Tusk|Protosynthesis|[silent]
|switch|p1a: Darkrai|Darkrai|100/100
|-damage|p1a: Darkrai|88/100|[from] Stealth Rock
|move|p2a: Smile.exe|Encore||[still]
|-fail|p2a: Smile.exe
|
|upkeep
|turn|4
|
|t:|1776102693
|move|p1a: Darkrai|Focus Blast|p2a: Smile.exe|[miss]
|-miss|p1a: Darkrai|p2a: Smile.exe
|move|p2a: Smile.exe|Gigaton Hammer|p1a: Darkrai
|-damage|p1a: Darkrai|14/100
|
|upkeep
|turn|5
|
|t:|1776102699
|move|p1a: Darkrai|Focus Blast|p2a: Smile.exe
|-crit|p2a: Smile.exe
|-damage|p2a: Smile.exe|36/100
|-enditem|p2a: Smile.exe|Air Balloon
|move|p2a: Smile.exe|Ice Hammer|p1a: Darkrai|[miss]
|-miss|p2a: Smile.exe|p1a: Darkrai
|
|upkeep
|turn|6
|
|t:|1776102707
|switch|p2a: Sagittarius|Sinistcha, shiny|100/100
|move|p1a: Darkrai|Focus Blast|p2a: Sagittarius
|-immune|p2a: Sagittarius
|
|upkeep
|turn|7
|
|t:|1776102713
|move|p1a: Darkrai|Dark Pulse|p2a: Sagittarius
|-supereffective|p2a: Sagittarius
|-damage|p2a: Sagittarius|0 fnt
|faint|p2a: Sagittarius
|
|upkeep
|
|t:|1776102718
|switch|p2a: Enten|Landorus-Therian, M, shiny|100/100
|-damage|p2a: Enten|88/100|[from] Stealth Rock
|-ability|p2a: Enten|Intimidate|boost
|-unboost|p1a: Darkrai|atk|1
|turn|8
|
|t:|1776102723
|move|p2a: Enten|U-turn|p1a: Darkrai
|-supereffective|p1a: Darkrai
|-damage|p1a: Darkrai|0 fnt
|faint|p1a: Darkrai
|
|t:|1776102725
|switch|p2a: Hybrid|Hydreigon, M, shiny|100/100|[from] U-turn
|-damage|p2a: Hybrid|88/100|[from] Stealth Rock
|
|upkeep
|
|t:|1776102732
|switch|p1a: Iron Valiant|Iron Valiant|100/100
|-damage|p1a: Iron Valiant|94/100|[from] Stealth Rock
|-enditem|p1a: Iron Valiant|Booster Energy
|-activate|p1a: Iron Valiant|ability: Quark Drive|[fromitem]
|-start|p1a: Iron Valiant|quarkdrivespe
|turn|9
|
|t:|1776102737
|-terastallize|p2a: Hybrid|Steel
|move|p1a: Iron Valiant|Close Combat|p2a: Hybrid
|-supereffective|p2a: Hybrid
|-crit|p2a: Hybrid
|-damage|p2a: Hybrid|0 fnt
|-unboost|p1a: Iron Valiant|def|1
|-unboost|p1a: Iron Valiant|spd|1
|faint|p2a: Hybrid
|
|upkeep
|
|t:|1776102740
|switch|p2a: Phoenix|Moltres, shiny|100/100
|turn|10
|
|t:|1776102746
|move|p1a: Iron Valiant|Knock Off|p2a: Phoenix
|-damage|p2a: Phoenix|74/100
|-enditem|p2a: Phoenix|Heavy-Duty Boots|[from] move: Knock Off|[of] p1a: Iron Valiant
|move|p2a: Phoenix|Flamethrower|p1a: Iron Valiant
|-damage|p1a: Iron Valiant|0 fnt
|faint|p1a: Iron Valiant
|-end|p1a: Iron Valiant|Quark Drive|[silent]
|
|upkeep
|
|t:|1776102754
|switch|p1a: Great Tusk|Great Tusk|62/100
|turn|11
|j| Metallic Symphony
|
|t:|1776102778
|move|p1a: Great Tusk|Rapid Spin|p2a: Phoenix
|-damage|p2a: Phoenix|59/100
|-boost|p1a: Great Tusk|spe|1
|-status|p1a: Great Tusk|brn|[from] ability: Flame Body|[of] p2a: Phoenix
|-sideend|p1: ign28|Stealth Rock|[from] move: Rapid Spin|[of] p1a: Great Tusk
|move|p2a: Phoenix|Flamethrower|p1a: Great Tusk
|-damage|p1a: Great Tusk|2/100 brn
|
|-damage|p1a: Great Tusk|0 fnt|[from] brn
|faint|p1a: Great Tusk
|-end|p1a: Great Tusk|Protosynthesis|[silent]
|upkeep
|
|t:|1776102791
|switch|p1a: Kyurem|Kyurem, shiny|100/100
|-ability|p1a: Kyurem|Pressure
|turn|12
|
|t:|1776102797
|move|p2a: Phoenix|Scorching Sands|p1a: Kyurem
|-damage|p1a: Kyurem|89/100
|move|p1a: Kyurem|Dragon Tail|p2a: Phoenix
|-damage|p2a: Phoenix|41/100
|-status|p1a: Kyurem|brn|[from] ability: Flame Body|[of] p2a: Phoenix
|drag|p2a: Smile.exe|Tinkaton, F, shiny|36/100
|-damage|p2a: Smile.exe|29/100|[from] Stealth Rock
|
|-damage|p1a: Kyurem|83/100 brn|[from] brn
|upkeep
|turn|13
|
|t:|1776102807
|switch|p1a: Ghold Experience|Gholdengo|100/100
|-item|p1a: Ghold Experience|Air Balloon
|move|p2a: Smile.exe|Stealth Rock|p1a: Ghold Experience
|-sidestart|p1: ign28|move: Stealth Rock
|
|upkeep
|turn|14
|
|t:|1776102814
|switch|p2a: Jack Sparrow|Samurott-Hisui, M, shiny|100/100
|move|p1a: Ghold Experience|Thunder Wave|p2a: Jack Sparrow
|-status|p2a: Jack Sparrow|par
|
|upkeep
|turn|15
|
|t:|1776102828
|switch|p1a: Kyurem|Kyurem, shiny|83/100 brn
|-damage|p1a: Kyurem|58/100 brn|[from] Stealth Rock
|-ability|p1a: Kyurem|Pressure
|move|p2a: Jack Sparrow|Ceaseless Edge|p1a: Kyurem
|-damage|p1a: Kyurem|13/100 brn
|-sidestart|p1: ign28|Spikes
|
|-damage|p1a: Kyurem|7/100 brn|[from] brn
|upkeep
|turn|16
|
|t:|1776102840
|move|p1a: Kyurem|Freeze-Dry|p2a: Jack Sparrow
|-supereffective|p2a: Jack Sparrow
|-damage|p2a: Jack Sparrow|0 fnt
|faint|p2a: Jack Sparrow
|
|-damage|p1a: Kyurem|1/100 brn|[from] brn
|upkeep
|inactive|alex12381723898 has 120 seconds left.
|inactive|alex12381723898 has 90 seconds left.
|j| amimec
|j| Too Many Caps
|
|t:|1776102923
|switch|p2a: Enten|Landorus-Therian, M, shiny|88/100
|-damage|p2a: Enten|76/100|[from] Stealth Rock
|-ability|p2a: Enten|Intimidate|boost
|-unboost|p1a: Kyurem|atk|1
|turn|17
|
|t:|1776102928
|move|p2a: Enten|U-turn|p1a: Kyurem
|-damage|p1a: Kyurem|0 fnt
|faint|p1a: Kyurem
|
|t:|1776102931
|switch|p2a: Phoenix|Moltres, shiny|41/100|[from] U-turn
|-damage|p2a: Phoenix|0 fnt|[from] Stealth Rock
|faint|p2a: Phoenix
|
|upkeep
|
|t:|1776102937
|switch|p1a: Dragonite|Dragonite, F|100/100
|switch|p2a: Smile.exe|Tinkaton, F, shiny|29/100
|-damage|p2a: Smile.exe|23/100|[from] Stealth Rock
|turn|18
|
|t:|1776102947
|switch|p2a: Enten|Landorus-Therian, M, shiny|76/100
|-damage|p2a: Enten|64/100|[from] Stealth Rock
|-ability|p2a: Enten|Intimidate|boost
|-unboost|p1a: Dragonite|atk|1
|-terastallize|p1a: Dragonite|Flying
|move|p1a: Dragonite|Dragon Dance|p1a: Dragonite
|-boost|p1a: Dragonite|atk|1
|-boost|p1a: Dragonite|spe|1
|
|upkeep
|turn|19
|
|t:|1776102955
|move|p2a: Enten|Stone Edge|p1a: Dragonite
|-supereffective|p1a: Dragonite
|-damage|p1a: Dragonite|60/100
|move|p1a: Dragonite|Dragon Dance|p1a: Dragonite
|-boost|p1a: Dragonite|atk|1
|-boost|p1a: Dragonite|spe|1
|
|upkeep
|turn|20
|
|t:|1776102961
|move|p1a: Dragonite|Tera Blast|p2a: Enten|[anim] Tera Blast Flying
|-damage|p2a: Enten|0 fnt
|faint|p2a: Enten
|
|upkeep
|
|t:|1776102966
|switch|p2a: Smile.exe|Tinkaton, F, shiny|23/100
|-damage|p2a: Smile.exe|17/100|[from] Stealth Rock
|turn|21
|
|t:|1776102970
|move|p1a: Dragonite|Earthquake|p2a: Smile.exe
|-supereffective|p2a: Smile.exe
|-damage|p2a: Smile.exe|0 fnt
|faint|p2a: Smile.exe
|
|win|ign28
|raw|ign28's rating: 1691 &rarr; <strong>1713</strong><br />(+22 for winning)
|raw|alex12381723898's rating: 1730 &rarr; <strong>1708</strong><br />(-22 for losing)
|l| Metallic Symphony
|l|☆ign28
|player|p1|
|l| Too Many Caps
