|html|<div class="broadcast-blue"><strong>[Gen 9] OU is currently suspecting Volcarona! For information on how to participate check out the <a href="https://www.smogon.com/tools/suspects/view/208">suspect thread</a>.</strong></div>
|j|☆darkrat18
|j|☆idleworshipper
|t:|1778508819
|gametype|singles
|player|p1|darkrat18|byron|1320
|player|p2|idleworshipper|102|1317
|gen|9
|tier|[Gen 9] OU
|rated|
|rule|HP Percentage Mod: HP is shown in percentages
|rule|Endless Battle Clause: Forcing endless battles is banned
|rule|Species Clause: Limit one of each Pokémon
|rule|OHKO Clause: OHKO moves are banned
|rule|Evasion Items Clause: Evasion items are banned
|rule|Evasion Moves Clause: Evasion moves are banned
|rule|Evasion Abilities Clause: Evasion abilities are banned
|rule|Sleep Moves Clause: Sleep-inducing moves are banned
|clearpoke
|poke|p1|Ursaluna, M|
|poke|p1|Cresselia, F|
|poke|p1|Iron Valiant|
|poke|p1|Hatterene, F|
|poke|p1|Keldeo-Resolute|
|poke|p1|Ogerpon, F|
|poke|p2|Frosmoth, F|
|poke|p2|Volcarona, M|
|poke|p2|Slither Wing|
|poke|p2|Vivillon-Fancy, F|
|poke|p2|Iron Moth|
|poke|p2|Venomoth, M|
|teampreview
|inactive|Battle timer is ON: inactive players will automatically lose when time's up. (requested by idleworshipper)
|
|t:|1778508836
|teamsize|p1|6
|teamsize|p2|6
|start
|switch|p1a: Hatterene|Hatterene, F, shiny|100/100
|switch|p2a: Venomoth|Venomoth, M|100/100
|turn|1
|
|t:|1778508850
|switch|p2a: Iron Moth|Iron Moth|100/100
|-enditem|p2a: Iron Moth|Booster Energy
|-activate|p2a: Iron Moth|ability: Quark Drive|[fromitem]
|-start|p2a: Iron Moth|quarkdrivespe
|move|p1a: Hatterene|Trick Room|p1a: Hatterene
|-fieldstart|move: Trick Room|[of] p1a: Hatterene
|
|upkeep
|turn|2
|
|t:|1778508858
|move|p1a: Hatterene|Psychic Noise|p2a: Iron Moth
|-supereffective|p2a: Iron Moth
|-damage|p2a: Iron Moth|18/100
|-start|p2a: Iron Moth|move: Heal Block
|move|p2a: Iron Moth|Substitute|p2a: Iron Moth
|-fail|p2a: Iron Moth|move: Substitute|[weak]
|
|upkeep
|turn|3
|
|t:|1778508866
|move|p1a: Hatterene|Psychic Noise|p2a: Iron Moth
|-supereffective|p2a: Iron Moth
|-damage|p2a: Iron Moth|0 fnt
|faint|p2a: Iron Moth
|-end|p2a: Iron Moth|Quark Drive|[silent]
|
|upkeep
|
|t:|1778508872
|switch|p2a: Slither Wing|Slither Wing|100/100
|turn|4
|
|t:|1778508877
|move|p1a: Hatterene|Dazzling Gleam|p2a: Slither Wing
|-supereffective|p2a: Slither Wing
|-damage|p2a: Slither Wing|4/100
|move|p2a: Slither Wing|Leech Life|p1a: Hatterene
|-damage|p1a: Hatterene|54/100
|-heal|p2a: Slither Wing|28/100|[from] drain|[of] p1a: Hatterene
|
|upkeep
|turn|5
|
|t:|1778508889
|-end|p2a: Slither Wing|Protosynthesis|[silent]
|switch|p2a: Venomoth|Venomoth, M|100/100
|move|p1a: Hatterene|Dazzling Gleam|p2a: Venomoth
|-resisted|p2a: Venomoth
|-crit|p2a: Venomoth
|-damage|p2a: Venomoth|50/100
|
|-fieldend|move: Trick Room
|upkeep
|turn|6
|
|t:|1778508898
|move|p2a: Venomoth|Bug Buzz|p1a: Hatterene
|-damage|p1a: Hatterene|19/100
|move|p1a: Hatterene|Trick Room|p1a: Hatterene
|-fieldstart|move: Trick Room|[of] p1a: Hatterene
|
|upkeep
|turn|7
|
|t:|1778508905
|move|p1a: Hatterene|Dazzling Gleam|p2a: Venomoth
|-resisted|p2a: Venomoth
|-damage|p2a: Venomoth|13/100
|move|p2a: Venomoth|Bug Buzz|p1a: Hatterene
|-damage|p1a: Hatterene|0 fnt
|faint|p1a: Hatterene
|
|upkeep
|
|t:|1778508913
|switch|p1a: Ursaluna|Ursaluna, M, shiny|100/100
|turn|8
|
|t:|1778508919
|move|p1a: Ursaluna|Facade|p2a: Venomoth
|-damage|p2a: Venomoth|0 fnt
|faint|p2a: Venomoth
|
|-status|p1a: Ursaluna|brn|[from] item: Flame Orb
|upkeep
|
|t:|1778508925
|switch|p2a: Vivillon|Vivillon-Fancy, F, shiny|100/100
|turn|9
|
|t:|1778508940
|move|p1a: Ursaluna|Fire Punch|p2a: Vivillon
|-supereffective|p2a: Vivillon
|-damage|p2a: Vivillon|0 fnt
|faint|p2a: Vivillon
|
|-damage|p1a: Ursaluna|94/100 brn|[from] brn
|upkeep
|
|t:|1778508952
|switch|p2a: Slither Wing|Slither Wing|28/100
|turn|10
|
|t:|1778508955
|move|p2a: Slither Wing|First Impression|p1a: Ursaluna
|-damage|p1a: Ursaluna|61/100 brn
|move|p1a: Ursaluna|Facade|p2a: Slither Wing
|-damage|p2a: Slither Wing|0 fnt
|faint|p2a: Slither Wing
|-end|p2a: Slither Wing|Protosynthesis|[silent]
|
|-damage|p1a: Ursaluna|55/100 brn|[from] brn
|-fieldend|move: Trick Room
|upkeep
|
|t:|1778508963
|switch|p2a: Frosmoth|Frosmoth, F|100/100
|turn|11
|
|t:|1778508974
|switch|p1a: Cresselia|Cresselia, F, shiny|100/100
|move|p2a: Frosmoth|Bug Buzz|p1a: Cresselia
|-supereffective|p1a: Cresselia
|-damage|p1a: Cresselia|56/100
|
|upkeep
|turn|12
|
|t:|1778508982
|move|p2a: Frosmoth|U-turn|p1a: Cresselia
|-supereffective|p1a: Cresselia
|-damage|p1a: Cresselia|39/100
|-damage|p2a: Frosmoth|84/100|[from] item: Rocky Helmet|[of] p1a: Cresselia
|
|t:|1778508984
|switch|p2a: Volcarona|Volcarona, M|100/100|[from] U-turn
|move|p1a: Cresselia|Trick Room|p1a: Cresselia
|-fieldstart|move: Trick Room|[of] p1a: Cresselia
|
|upkeep
|turn|13
|
|t:|1778508994
|move|p1a: Cresselia|Lunar Dance|p1a: Cresselia
|faint|p1a: Cresselia
|move|p2a: Volcarona|Fiery Dance|p1: Cresselia|[notarget]
|-fail|p2a: Volcarona
|
|upkeep
|
|t:|1778509001
|switch|p1a: Ursaluna|Ursaluna, M, shiny|55/100 brn
|-heal|p1a: Ursaluna|100/100|[from] move: Lunar Dance
|turn|14
|
|t:|1778509014
|switch|p2a: Frosmoth|Frosmoth, F|84/100
|-terastallize|p1a: Ursaluna|Normal
|move|p1a: Ursaluna|Facade|p2a: Frosmoth
|-damage|p2a: Frosmoth|0 fnt
|faint|p2a: Frosmoth
|
|-status|p1a: Ursaluna|brn|[from] item: Flame Orb
|upkeep
|
|t:|1778509022
|switch|p2a: Volcarona|Volcarona, M|100/100
|turn|15
|
|t:|1778509028
|move|p1a: Ursaluna|Facade|p2a: Volcarona
|-damage|p2a: Volcarona|0 fnt
|faint|p2a: Volcarona
|
|win|darkrat18
|raw|darkrat18's rating: 1320 &rarr; <strong>1340</strong><br />(+20 for winning)
|raw|idleworshipper's rating: 1317 &rarr; <strong>1297</strong><br />(-20 for losing)
|l|☆idleworshipper
|player|p2|
|l|☆darkrat18
|player|p1|
