|html|<div class="broadcast-blue"><strong>[Gen 9] OU is currently suspecting Tera Blast! For information on how to participate check out the <a href="https://www.smogon.com/tools/suspects/view/200">suspect thread</a>.</strong></div>
|j|☆Janusz Rasista
|j|☆beastguyv
|t:|1776100804
|gametype|singles
|player|p1|Janusz Rasista|giovanni|1233
|player|p2|beastguyv|1|1248
|gen|9
|tier|[Gen 9] OU
|rated|
|rule|HP Percentage Mod: HP is shown in percentages
|rule|Endless Battle Clause: Forcing endless battles is banned
|rule|Species Clause: Limit one of each Pokémon
|rule|OHKO Clause: OHKO moves are banned
|rule|Evasion Items Clause: Evasion items are banned
|rule|Evasion Moves Clause: Evasion moves are banned
|rule|Evasion Abilities Clause: Evasion abilities are banned
|rule|Sleep Moves Clause: Sleep-inducing moves are banned
|clearpoke
|poke|p1|Hitmonlee, M|
|poke|p1|Rillaboom, F|
|poke|p1|Jirachi|
|poke|p1|Tentacruel, F|
|poke|p1|Ting-Lu|
|poke|p1|Dragonite, F|
|poke|p2|Zamazenta-*|
|poke|p2|Kyurem|
|poke|p2|Kingambit, F|
|poke|p2|Ceruledge, M|
|poke|p2|Walking Wake|
|poke|p2|Ogerpon-Cornerstone, F|
|teampreview
|inactive|Battle timer is ON: inactive players will automatically lose when time's up. (requested by beastguyv)
|
|t:|1776100812
|teamsize|p1|6
|teamsize|p2|6
|start
|switch|p1a: Tentacruel|Tentacruel, F, shiny|100/100
|switch|p2a: Kyurem|Kyurem|100/100
|-ability|p2a: Kyurem|Pressure
|turn|1
|
|t:|1776100824
|move|p2a: Kyurem|Scale Shot|p1a: Tentacruel
|-damage|p1a: Tentacruel|85/100
|-damage|p1a: Tentacruel|72/100
|-hitcount|p1a: Tentacruel|2
|-unboost|p2a: Kyurem|def|1
|-boost|p2a: Kyurem|spe|1
|move|p1a: Tentacruel|Sludge Bomb|p2a: Kyurem
|-damage|p2a: Kyurem|75/100
|-status|p2a: Kyurem|psn
|
|-damage|p2a: Kyurem|63/100 psn|[from] psn
|upkeep
|turn|2
|
|t:|1776100837
|switch|p1a: Jirachi|Jirachi|100/100
|move|p2a: Kyurem|Scale Shot|p1a: Jirachi
|-resisted|p1a: Jirachi
|-crit|p1a: Jirachi
|-damage|p1a: Jirachi|88/100
|-resisted|p1a: Jirachi
|-crit|p1a: Jirachi
|-damage|p1a: Jirachi|78/100
|-hitcount|p1a: Jirachi|2
|-unboost|p2a: Kyurem|def|1
|-boost|p2a: Kyurem|spe|1
|
|-damage|p2a: Kyurem|50/100 psn|[from] psn
|upkeep
|turn|3
|
|t:|1776100862
|switch|p2a: Ogerpon|Ogerpon-Cornerstone, F|100/100
|move|p1a: Jirachi|Doom Desire|p2a: Ogerpon
|-start|p1a: Jirachi|Doom Desire
|
|upkeep
|turn|4
|
|t:|1776100880
|switch|p1a: Rillaboom|Rillaboom, F|100/100
|-fieldstart|move: Grassy Terrain|[from] ability: Grassy Surge|[of] p1a: Rillaboom
|move|p2a: Ogerpon|Knock Off|p1a: Rillaboom
|-damage|p1a: Rillaboom|55/100
|-enditem|p1a: Rillaboom|Choice Band|[from] move: Knock Off|[of] p2a: Ogerpon
|
|-heal|p1a: Rillaboom|61/100|[from] Grassy Terrain
|upkeep
|turn|5
|
|t:|1776100889
|move|p1a: Rillaboom|Grassy Glide|p2a: Ogerpon
|-damage|p2a: Ogerpon|48/100
|move|p2a: Ogerpon|Swords Dance|p2a: Ogerpon
|-boost|p2a: Ogerpon|atk|2
|
|-end|p2a: Ogerpon|move: Doom Desire
|-supereffective|p2a: Ogerpon
|-damage|p2a: Ogerpon|0 fnt
|faint|p2a: Ogerpon
|-heal|p1a: Rillaboom|67/100|[from] Grassy Terrain
|upkeep
|
|t:|1776100902
|switch|p2a: Ceruledge|Ceruledge, M|100/100
|turn|6
|
|t:|1776100905
|move|p2a: Ceruledge|Bitter Blade|p1a: Rillaboom
|-supereffective|p1a: Rillaboom
|-damage|p1a: Rillaboom|0 fnt
|faint|p1a: Rillaboom
|
|upkeep
|
|t:|1776100912
|switch|p1a: Hitmonlee|Hitmonlee, M|100/100
|-enditem|p1a: Hitmonlee|Grassy Seed
|-boost|p1a: Hitmonlee|def|1|[from] item: Grassy Seed
|turn|7
|
|t:|1776100919
|-terastallize|p1a: Hitmonlee|Ghost
|move|p1a: Hitmonlee|Tera Blast|p2a: Ceruledge|[anim] Tera Blast Ghost
|-supereffective|p2a: Ceruledge
|-damage|p2a: Ceruledge|0 fnt
|faint|p2a: Ceruledge
|
|upkeep
|
|t:|1776100926
|switch|p2a: Kingambit|Kingambit, F|100/100
|-activate|p2a: Kingambit|ability: Supreme Overlord
|-start|p2a: Kingambit|fallen2|[silent]
|turn|8
|
|t:|1776100931
|move|p1a: Hitmonlee|Mach Punch|p2a: Kingambit
|-supereffective|p2a: Kingambit
|-damage|p2a: Kingambit|20/100
|move|p2a: Kingambit|Sucker Punch||[still]
|-fail|p2a: Kingambit
|
|-heal|p2a: Kingambit|26/100|[from] Grassy Terrain
|-fieldend|move: Grassy Terrain
|upkeep
|turn|9
|
|t:|1776100944
|-end|p2a: Kingambit|fallen2|[silent]
|switch|p2a: Zamazenta|Zamazenta|100/100
|-ability|p2a: Zamazenta|Dauntless Shield|boost
|-boost|p2a: Zamazenta|def|1
|move|p1a: Hitmonlee|Mach Punch|p2a: Zamazenta
|-damage|p2a: Zamazenta|92/100
|
|-heal|p2a: Zamazenta|98/100|[from] item: Leftovers
|upkeep
|turn|10
|
|t:|1776100952
|move|p1a: Hitmonlee|Swords Dance|p1a: Hitmonlee
|-boost|p1a: Hitmonlee|atk|2
|move|p2a: Zamazenta|Iron Defense|p2a: Zamazenta
|-boost|p2a: Zamazenta|def|2
|
|-heal|p2a: Zamazenta|100/100|[from] item: Leftovers
|upkeep
|turn|11
|
|t:|1776100959
|move|p1a: Hitmonlee|Swords Dance|p1a: Hitmonlee
|-boost|p1a: Hitmonlee|atk|2
|move|p2a: Zamazenta|Roar|p1a: Hitmonlee
|drag|p1a: Jirachi|Jirachi|78/100
|
|upkeep
|turn|12
|
|t:|1776100965
|move|p1a: Jirachi|Psychic Noise|p2a: Zamazenta
|-supereffective|p2a: Zamazenta
|-damage|p2a: Zamazenta|46/100
|-start|p2a: Zamazenta|move: Heal Block
|move|p2a: Zamazenta|Iron Defense|p2a: Zamazenta
|-boost|p2a: Zamazenta|def|2
|
|upkeep
|turn|13
|
|t:|1776100975
|-terastallize|p2a: Zamazenta|Steel
|move|p1a: Jirachi|Psychic Noise|p2a: Zamazenta
|-resisted|p2a: Zamazenta
|-damage|p2a: Zamazenta|35/100
|move|p2a: Zamazenta|Body Press|p1a: Jirachi
|-damage|p1a: Jirachi|0 fnt
|faint|p1a: Jirachi
|
|-end|p2a: Zamazenta|move: Heal Block
|upkeep
|
|t:|1776100988
|switch|p1a: Dragonite|Dragonite, F|100/100
|turn|14
|
|t:|1776100992
|move|p2a: Zamazenta|Heavy Slam|p1a: Dragonite
|-damage|p1a: Dragonite|92/100
|move|p1a: Dragonite|Thunderbolt|p2a: Zamazenta
|-damage|p2a: Zamazenta|13/100
|
|-heal|p2a: Zamazenta|19/100|[from] item: Leftovers
|upkeep
|turn|15
|
|t:|1776100999
|move|p1a: Dragonite|Thunderbolt|p2a: Zamazenta
|-damage|p2a: Zamazenta|0 fnt
|faint|p2a: Zamazenta
|
|upkeep
|
|t:|1776101009
|switch|p2a: Kyurem|Kyurem|50/100 psn
|-ability|p2a: Kyurem|Pressure
|turn|16
|
|t:|1776101017
|switch|p1a: Ting-Lu|Ting-Lu|100/100
|-ability|p1a: Ting-Lu|Vessel of Ruin
|move|p2a: Kyurem|Icicle Spear|p1a: Ting-Lu
|-supereffective|p1a: Ting-Lu
|-damage|p1a: Ting-Lu|85/100
|-supereffective|p1a: Ting-Lu
|-damage|p1a: Ting-Lu|68/100
|-hitcount|p1a: Ting-Lu|2
|
|-heal|p1a: Ting-Lu|74/100|[from] item: Leftovers
|-damage|p2a: Kyurem|38/100 psn|[from] psn
|upkeep
|turn|17
|
|t:|1776101028
|move|p2a: Kyurem|Icicle Spear|p1a: Ting-Lu
|-supereffective|p1a: Ting-Lu
|-damage|p1a: Ting-Lu|59/100
|-supereffective|p1a: Ting-Lu
|-damage|p1a: Ting-Lu|44/100
|-hitcount|p1a: Ting-Lu|2
|move|p1a: Ting-Lu|Stealth Rock|p2a: Kyurem
|-sidestart|p2: beastguyv|move: Stealth Rock
|
|-heal|p1a: Ting-Lu|50/100|[from] item: Leftovers
|-damage|p2a: Kyurem|26/100 psn|[from] psn
|upkeep
|turn|18
|
|t:|1776101039
|move|p2a: Kyurem|Icicle Spear|p1a: Ting-Lu
|-supereffective|p1a: Ting-Lu
|-damage|p1a: Ting-Lu|34/100
|-supereffective|p1a: Ting-Lu
|-damage|p1a: Ting-Lu|18/100
|-supereffective|p1a: Ting-Lu
|-damage|p1a: Ting-Lu|3/100
|-supereffective|p1a: Ting-Lu
|-damage|p1a: Ting-Lu|0 fnt
|faint|p1a: Ting-Lu
|-hitcount|p1: Ting-Lu|4
|
|-damage|p2a: Kyurem|14/100 psn|[from] psn
|upkeep
|
|t:|1776101053
|switch|p1a: Hitmonlee|Hitmonlee, M, tera:Ghost|100/100
|turn|19
|
|t:|1776101058
|move|p1a: Hitmonlee|Mach Punch|p2a: Kyurem
|-supereffective|p2a: Kyurem
|-damage|p2a: Kyurem|0 fnt
|faint|p2a: Kyurem
|
|upkeep
|
|t:|1776101061
|switch|p2a: Walking Wake|Walking Wake|100/100
|-damage|p2a: Walking Wake|88/100|[from] Stealth Rock
|-enditem|p2a: Walking Wake|Booster Energy
|-activate|p2a: Walking Wake|ability: Protosynthesis|[fromitem]
|-start|p2a: Walking Wake|protosynthesisspa
|turn|20
|
|t:|1776101084
|switch|p1a: Tentacruel|Tentacruel, F, shiny|72/100
|move|p2a: Walking Wake|Hydro Steam|p1a: Tentacruel
|-resisted|p1a: Tentacruel
|-damage|p1a: Tentacruel|50/100
|
|upkeep
|turn|21
|
|t:|1776101096
|move|p2a: Walking Wake|Tera Blast|p1a: Tentacruel
|-damage|p1a: Tentacruel|21/100
|move|p1a: Tentacruel|Sludge Bomb|p2a: Walking Wake
|-damage|p2a: Walking Wake|59/100
|
|upkeep
|turn|22
|
|t:|1776101102
|move|p2a: Walking Wake|Tera Blast|p1a: Tentacruel
|-damage|p1a: Tentacruel|0 fnt
|faint|p1a: Tentacruel
|
|upkeep
|
|t:|1776101107
|switch|p1a: Dragonite|Dragonite, F|92/100
|turn|23
|
|t:|1776101114
|move|p2a: Walking Wake|Draco Meteor|p1a: Dragonite
|-supereffective|p1a: Dragonite
|-damage|p1a: Dragonite|0 fnt
|-unboost|p2a: Walking Wake|spa|2
|faint|p1a: Dragonite
|
|upkeep
|
|t:|1776101120
|switch|p1a: Hitmonlee|Hitmonlee, M, tera:Ghost|100/100
|turn|24
|
|t:|1776101124
|move|p2a: Walking Wake|Hydro Steam|p1a: Hitmonlee
|-damage|p1a: Hitmonlee|67/100
|move|p1a: Hitmonlee|Close Combat|p2a: Walking Wake
|-damage|p2a: Walking Wake|0 fnt
|-unboost|p1a: Hitmonlee|def|1
|-unboost|p1a: Hitmonlee|spd|1
|faint|p2a: Walking Wake
|-end|p2a: Walking Wake|Protosynthesis|[silent]
|
|upkeep
|
|t:|1776101130
|switch|p2a: Kingambit|Kingambit, F|26/100
|-damage|p2a: Kingambit|20/100|[from] Stealth Rock
|-activate|p2a: Kingambit|ability: Supreme Overlord
|-start|p2a: Kingambit|fallen5|[silent]
|turn|25
|
|t:|1776101139
|move|p1a: Hitmonlee|Mach Punch|p2a: Kingambit
|-supereffective|p2a: Kingambit
|-damage|p2a: Kingambit|0 fnt
|faint|p2a: Kingambit
|-end|p2a: Kingambit|fallen5|[silent]
|
|win|Janusz Rasista
|raw|Janusz Rasista's rating: 1233 &rarr; <strong>1259</strong><br />(+26 for winning)
|raw|beastguyv's rating: 1248 &rarr; <strong>1222</strong><br />(-26 for losing)
|c|☆Janusz Rasista|gg
|l|☆beastguyv
|player|p2|
|l|☆Janusz Rasista
|player|p1|
