|html|<div class="broadcast-blue"><strong>[Gen 9] OU is currently suspecting Tera Blast! For information on how to participate check out the <a href="https://www.smogon.com/tools/suspects/view/200">suspect thread</a>.</strong></div>
|j|☆dragswordtob
|j|☆amsnal
|t:|1776111516
|gametype|singles
|player|p1|dragswordtob|169|1403
|player|p2|amsnal|170|1371
|gen|9
|tier|[Gen 9] OU
|rated|
|rule|HP Percentage Mod: HP is shown in percentages
|rule|Endless Battle Clause: Forcing endless battles is banned
|rule|Species Clause: Limit one of each Pokémon
|rule|OHKO Clause: OHKO moves are banned
|rule|Evasion Items Clause: Evasion items are banned
|rule|Evasion Moves Clause: Evasion moves are banned
|rule|Evasion Abilities Clause: Evasion abilities are banned
|rule|Sleep Moves Clause: Sleep-inducing moves are banned
|clearpoke
|poke|p1|Glimmora, M|
|poke|p1|Zamazenta-*|
|poke|p1|Latias, F|
|poke|p1|Gholdengo|
|poke|p1|Dragonite, M|
|poke|p1|Weavile, F|
|poke|p2|Pelipper, F|
|poke|p2|Hatterene, F|
|poke|p2|Iron Treads|
|poke|p2|Toxicroak, F|
|poke|p2|Barraskewda, F|
|poke|p2|Zapdos|
|teampreview
|inactive|Battle timer is ON: inactive players will automatically lose when time's up. (requested by amsnal)
|
|t:|1776111548
|teamsize|p1|6
|teamsize|p2|6
|start
|switch|p1a: Glimmora|Glimmora, M|100/100
|switch|p2a: Iron Treads|Iron Treads|100/100
|turn|1
|
|t:|1776111559
|switch|p1a: Zamazenta|Zamazenta|100/100
|-ability|p1a: Zamazenta|Dauntless Shield|boost
|-boost|p1a: Zamazenta|def|1
|move|p2a: Iron Treads|Stealth Rock|p1a: Zamazenta
|-sidestart|p1: dragswordtob|move: Stealth Rock
|
|upkeep
|turn|2
|
|t:|1776111565
|-end|p2a: Iron Treads|Quark Drive|[silent]
|switch|p2a: Pelipper|Pelipper, F|100/100
|-weather|RainDance|[from] ability: Drizzle|[of] p2a: Pelipper
|move|p1a: Zamazenta|Substitute|p1a: Zamazenta
|-start|p1a: Zamazenta|Substitute
|-damage|p1a: Zamazenta|76/100
|
|-weather|RainDance|[upkeep]
|-heal|p1a: Zamazenta|82/100|[from] item: Leftovers
|upkeep
|turn|3
|
|t:|1776111573
|move|p1a: Zamazenta|Crunch|p2a: Pelipper
|-damage|p2a: Pelipper|79/100
|move|p2a: Pelipper|Hurricane|p1a: Zamazenta
|-supereffective|p1a: Zamazenta
|-end|p1a: Zamazenta|Substitute
|
|-weather|RainDance|[upkeep]
|-heal|p1a: Zamazenta|88/100|[from] item: Leftovers
|upkeep
|turn|4
|
|t:|1776111583
|switch|p1a: Glimmora|Glimmora, M|100/100
|-damage|p1a: Glimmora|88/100|[from] Stealth Rock
|move|p2a: Pelipper|Hurricane|p1a: Glimmora
|-resisted|p1a: Glimmora
|-damage|p1a: Glimmora|73/100
|-enditem|p1a: Glimmora|Red Card|[of] p2a: Pelipper
|drag|p2a: Hatterene|Hatterene, F|100/100
|
|-weather|RainDance|[upkeep]
|upkeep
|turn|5
|
|t:|1776111601
|switch|p2a: Iron Treads|Iron Treads|100/100
|move|p1a: Glimmora|Mortal Spin|p2a: Iron Treads
|-immune|p2a: Iron Treads
|
|-weather|RainDance|[upkeep]
|upkeep
|turn|6
|inactive|dragswordtob has 120 seconds left.
|
|t:|1776111649
|switch|p1a: Zamazenta|Zamazenta|88/100
|-damage|p1a: Zamazenta|82/100|[from] Stealth Rock
|move|p2a: Iron Treads|Earthquake|p1a: Zamazenta
|-damage|p1a: Zamazenta|55/100
|
|-weather|RainDance|[upkeep]
|-heal|p1a: Zamazenta|61/100|[from] item: Leftovers
|upkeep
|turn|7
|inactive|dragswordtob has 120 seconds left.
|
|t:|1776111659
|-end|p2a: Iron Treads|Quark Drive|[silent]
|switch|p2a: Zapdos|Zapdos|100/100
|move|p1a: Zamazenta|Body Press|p2a: Zapdos
|-resisted|p2a: Zapdos
|-damage|p2a: Zapdos|81/100
|
|-weather|RainDance|[upkeep]
|-heal|p1a: Zamazenta|67/100|[from] item: Leftovers
|upkeep
|turn|8
|inactive|dragswordtob has 120 seconds left.
|
|t:|1776111671
|switch|p1a: Glimmora|Glimmora, M|73/100
|-damage|p1a: Glimmora|61/100|[from] Stealth Rock
|move|p2a: Zapdos|Hurricane|p1a: Glimmora
|-resisted|p1a: Glimmora
|-damage|p1a: Glimmora|24/100
|-start|p1a: Glimmora|confusion
|
|-weather|RainDance|[upkeep]
|upkeep
|turn|9
|
|t:|1776111674
|move|p2a: Zapdos|Hurricane|p1a: Glimmora
|-resisted|p1a: Glimmora
|-damage|p1a: Glimmora|0 fnt
|faint|p1a: Glimmora
|
|-weather|none
|upkeep
|
|t:|1776111682
|switch|p1a: Weavile|Weavile, F|100/100
|-damage|p1a: Weavile|76/100|[from] Stealth Rock
|turn|10
|inactive|dragswordtob has 120 seconds left.
|
|t:|1776111698
|switch|p2a: Pelipper|Pelipper, F|79/100
|-weather|RainDance|[from] ability: Drizzle|[of] p2a: Pelipper
|move|p1a: Weavile|Swords Dance|p1a: Weavile
|-boost|p1a: Weavile|atk|2
|
|-weather|RainDance|[upkeep]
|upkeep
|turn|11
|
|t:|1776111705
|switch|p2a: Toxicroak|Toxicroak, F|100/100
|move|p1a: Weavile|Triple Axel|p2a: Toxicroak
|-damage|p2a: Toxicroak|75/100
|-damage|p1a: Weavile|59/100|[from] item: Rocky Helmet|[of] p2a: Toxicroak
|-damage|p2a: Toxicroak|29/100
|-damage|p1a: Weavile|43/100|[from] item: Rocky Helmet|[of] p2a: Toxicroak
|-damage|p2a: Toxicroak|0 fnt
|-damage|p1a: Weavile|26/100|[from] item: Rocky Helmet|[of] p2a: Toxicroak
|faint|p2a: Toxicroak
|-hitcount|p2: Toxicroak|3
|-damage|p1a: Weavile|17/100|[from] item: Life Orb
|
|-weather|RainDance|[upkeep]
|upkeep
|c|☆dragswordtob|ow
|
|t:|1776111714
|switch|p2a: Barraskewda|Barraskewda, F|100/100
|turn|12
|
|t:|1776111724
|move|p1a: Weavile|Upper Hand||[still]
|-fail|p1a: Weavile
|move|p2a: Barraskewda|Flip Turn|p1a: Weavile
|-damage|p1a: Weavile|0 fnt
|faint|p1a: Weavile
|
|t:|1776111733
|switch|p2a: Zapdos|Zapdos|81/100|[from] Flip Turn
|
|-weather|RainDance|[upkeep]
|upkeep
|
|t:|1776111750
|switch|p1a: Gholdengo|Gholdengo|100/100
|-damage|p1a: Gholdengo|94/100|[from] Stealth Rock
|turn|13
|
|t:|1776111763
|move|p2a: Zapdos|Thunder|p1a: Gholdengo
|-damage|p1a: Gholdengo|13/100
|-status|p1a: Gholdengo|par
|cant|p1a: Gholdengo|par
|
|-weather|RainDance|[upkeep]
|upkeep
|turn|14
|-enditem|p1a: Gholdengo|Custap Berry|[eat]
|-activate|p1a: Gholdengo|item: Custap Berry|[consumed]
|
|t:|1776111769
|move|p1a: Gholdengo|Shadow Ball|p2a: Zapdos
|-damage|p2a: Zapdos|33/100
|move|p2a: Zapdos|Thunder|p1a: Gholdengo
|-damage|p1a: Gholdengo|0 fnt
|faint|p1a: Gholdengo
|
|-weather|RainDance|[upkeep]
|upkeep
|c|☆dragswordtob|bro
|c|☆dragswordtob|lucky para
|c|☆dragswordtob|i would have nasty plotted
|inactive|dragswordtob has 120 seconds left.
|
|t:|1776111796
|switch|p1a: Latias|Latias, F|100/100
|-damage|p1a: Latias|88/100|[from] Stealth Rock
|turn|15
|inactive|dragswordtob has 120 seconds left.
|
|t:|1776111801
|switch|p2a: Hatterene|Hatterene, F|100/100
|move|p1a: Latias|Agility|p1a: Latias
|-boost|p1a: Latias|spe|2
|
|-weather|RainDance|[upkeep]
|-heal|p1a: Latias|94/100|[from] item: Leftovers
|upkeep
|turn|16
|inactive|dragswordtob has 120 seconds left.
|
|t:|1776111818
|move|p1a: Latias|Calm Mind|p1a: Latias
|-boost|p1a: Latias|spa|1
|-boost|p1a: Latias|spd|1
|move|p2a: Hatterene|Nuzzle|p1a: Latias
|-resisted|p1a: Latias
|-damage|p1a: Latias|93/100
|-status|p1a: Latias|par
|
|-weather|RainDance|[upkeep]
|-heal|p1a: Latias|99/100 par|[from] item: Leftovers
|upkeep
|turn|17
|inactive|dragswordtob has 120 seconds left.
|
|t:|1776111824
|cant|p1a: Latias|par
|move|p2a: Hatterene|Draining Kiss|p1a: Latias
|-supereffective|p1a: Latias
|-damage|p1a: Latias|77/100 par
|
|-weather|none
|-heal|p1a: Latias|83/100 par|[from] item: Leftovers
|upkeep
|turn|18
|
|t:|1776111829
|cant|p1a: Latias|par
|move|p2a: Hatterene|Draining Kiss|p1a: Latias
|-supereffective|p1a: Latias
|-damage|p1a: Latias|60/100 par
|
|-heal|p1a: Latias|67/100 par|[from] item: Leftovers
|upkeep
|turn|19
|
|t:|1776111835
|move|p1a: Latias|Agility|p1a: Latias
|-boost|p1a: Latias|spe|2
|move|p2a: Hatterene|Psychic Noise|p1a: Latias
|-resisted|p1a: Latias
|-damage|p1a: Latias|57/100 par
|-start|p1a: Latias|move: Heal Block
|
|upkeep
|turn|20
|c|☆dragswordtob|bro
|
|t:|1776111841
|move|p1a: Latias|Calm Mind|p1a: Latias
|-boost|p1a: Latias|spa|1
|-boost|p1a: Latias|spd|1
|move|p2a: Hatterene|Draining Kiss|p1a: Latias
|-supereffective|p1a: Latias
|-damage|p1a: Latias|42/100 par
|
|-end|p1a: Latias|move: Heal Block
|upkeep
|turn|21
|
|t:|1776111844
|move|p1a: Latias|Draining Kiss|p2a: Hatterene
|-damage|p2a: Hatterene|71/100
|-heal|p1a: Latias|61/100 par|[from] drain|[of] p2a: Hatterene
|-enditem|p2a: Hatterene|Eject Button
|
|t:|1776111852
|switch|p2a: Pelipper|Pelipper, F|79/100
|-weather|RainDance|[from] ability: Drizzle|[of] p2a: Pelipper
|
|-weather|RainDance|[upkeep]
|-heal|p1a: Latias|67/100 par|[from] item: Leftovers
|upkeep
|turn|22
|
|t:|1776111857
|switch|p2a: Hatterene|Hatterene, F|71/100
|move|p1a: Latias|Draining Kiss|p2a: Hatterene
|-damage|p2a: Hatterene|41/100
|-heal|p1a: Latias|88/100 par|[from] drain|[of] p2a: Hatterene
|
|-weather|RainDance|[upkeep]
|-heal|p1a: Latias|94/100 par|[from] item: Leftovers
|upkeep
|turn|23
|
|t:|1776111867
|move|p1a: Latias|Stored Power|p2a: Hatterene
|-resisted|p2a: Hatterene
|-damage|p2a: Hatterene|0 fnt
|faint|p2a: Hatterene
|
|-weather|RainDance|[upkeep]
|-heal|p1a: Latias|99/100 par|[from] item: Leftovers
|upkeep
|
|t:|1776111885
|switch|p2a: Barraskewda|Barraskewda, F|100/100
|turn|24
|
|t:|1776111901
|-terastallize|p2a: Barraskewda|Water
|-terastallize|p1a: Latias|Fairy
|move|p2a: Barraskewda|Flip Turn|p1a: Latias
|-damage|p1a: Latias|16/100 par
|
|t:|1776111909
|switch|p2a: Zapdos|Zapdos|33/100|[from] Flip Turn
|cant|p1a: Latias|par
|
|-weather|RainDance|[upkeep]
|-heal|p1a: Latias|22/100 par|[from] item: Leftovers
|upkeep
|turn|25
|c|☆dragswordtob|miossed the gamble
|
|t:|1776111916
|cant|p1a: Latias|par
|move|p2a: Zapdos|Volt Switch|p1a: Latias
|-damage|p1a: Latias|2/100 par
|c|☆dragswordtob|alr bro
|
|t:|1776111922
|switch|p2a: Barraskewda|Barraskewda, F, tera:Water|100/100|[from] Volt Switch
|
|-weather|RainDance|[upkeep]
|-heal|p1a: Latias|8/100 par|[from] item: Leftovers
|upkeep
|turn|26
|c|☆dragswordtob|this is sad
|
|t:|1776111928
|move|p2a: Barraskewda|Liquidation|p1a: Latias
|-damage|p1a: Latias|0 fnt
|faint|p1a: Latias
|
|-weather|RainDance|[upkeep]
|upkeep
|
|t:|1776111938
|switch|p1a: Zamazenta|Zamazenta|67/100
|-damage|p1a: Zamazenta|61/100|[from] Stealth Rock
|turn|27
|
|t:|1776111945
|switch|p2a: Zapdos|Zapdos|33/100
|move|p1a: Zamazenta|Body Press|p2a: Zapdos
|-resisted|p2a: Zapdos
|-damage|p2a: Zapdos|14/100
|
|-weather|RainDance|[upkeep]
|-heal|p1a: Zamazenta|67/100|[from] item: Leftovers
|upkeep
|turn|28
|
|t:|1776111950
|move|p1a: Zamazenta|Body Press|p2a: Zapdos
|-resisted|p2a: Zapdos
|-damage|p2a: Zapdos|0 fnt
|faint|p2a: Zapdos
|
|-weather|none
|-heal|p1a: Zamazenta|73/100|[from] item: Leftovers
|upkeep
|
|t:|1776111955
|switch|p2a: Pelipper|Pelipper, F|79/100
|-weather|RainDance|[from] ability: Drizzle|[of] p2a: Pelipper
|turn|29
|
|t:|1776111959
|move|p1a: Zamazenta|Body Press|p2a: Pelipper
|-resisted|p2a: Pelipper
|-damage|p2a: Pelipper|61/100
|move|p2a: Pelipper|Hurricane|p1a: Zamazenta
|-supereffective|p1a: Zamazenta
|-damage|p1a: Zamazenta|9/100
|-start|p1a: Zamazenta|confusion
|
|-weather|RainDance|[upkeep]
|-heal|p1a: Zamazenta|15/100|[from] item: Leftovers
|upkeep
|turn|30
|
|t:|1776111963
|-activate|p1a: Zamazenta|confusion
|move|p1a: Zamazenta|Body Press|p2a: Pelipper
|-resisted|p2a: Pelipper
|-damage|p2a: Pelipper|44/100
|move|p2a: Pelipper|Hurricane|p1a: Zamazenta
|-supereffective|p1a: Zamazenta
|-damage|p1a: Zamazenta|0 fnt
|faint|p1a: Zamazenta
|
|-weather|RainDance|[upkeep]
|upkeep
|c|☆dragswordtob|bro
|
|t:|1776111974
|switch|p1a: Dragonite|Dragonite, M|100/100
|turn|31
|
|t:|1776111979
|move|p1a: Dragonite|Dragon Dance|p1a: Dragonite
|-boost|p1a: Dragonite|atk|1
|-boost|p1a: Dragonite|spe|1
|move|p2a: Pelipper|Hurricane|p1a: Dragonite
|-damage|p1a: Dragonite|81/100
|
|-weather|RainDance|[upkeep]
|upkeep
|turn|32
|
|t:|1776111984
|move|p1a: Dragonite|Dragon Dance|p1a: Dragonite
|-boost|p1a: Dragonite|atk|1
|-boost|p1a: Dragonite|spe|1
|move|p2a: Pelipper|Hurricane|p1a: Dragonite
|-damage|p1a: Dragonite|45/100
|
|-weather|RainDance|[upkeep]
|upkeep
|turn|33
|
|t:|1776111993
|move|p1a: Dragonite|Dragon Dance|p1a: Dragonite
|-boost|p1a: Dragonite|atk|1
|-boost|p1a: Dragonite|spe|1
|move|p2a: Pelipper|Hurricane|p1a: Dragonite
|-damage|p1a: Dragonite|3/100
|
|-weather|RainDance|[upkeep]
|upkeep
|turn|34
|
|t:|1776111998
|move|p1a: Dragonite|Ice Spinner|p2a: Pelipper
|-damage|p2a: Pelipper|0 fnt
|faint|p2a: Pelipper
|
|-weather|RainDance|[upkeep]
|upkeep
|
|t:|1776112000
|switch|p2a: Barraskewda|Barraskewda, F, tera:Water|100/100
|turn|35
|
|t:|1776112003
|move|p1a: Dragonite|Extreme Speed|p2a: Barraskewda
|-damage|p2a: Barraskewda|0 fnt
|faint|p2a: Barraskewda
|
|-weather|RainDance|[upkeep]
|upkeep
|
|t:|1776112005
|switch|p2a: Iron Treads|Iron Treads|100/100
|turn|36
|
|t:|1776112007
|move|p1a: Dragonite|Earthquake|p2a: Iron Treads
|-supereffective|p2a: Iron Treads
|-damage|p2a: Iron Treads|0 fnt
|faint|p2a: Iron Treads
|-end|p2a: Iron Treads|Quark Drive|[silent]
|
|win|dragswordtob
|raw|dragswordtob's rating: 1403 &rarr; <strong>1421</strong><br />(+18 for winning)
|raw|amsnal's rating: 1371 &rarr; <strong>1353</strong><br />(-18 for losing)
|l|☆amsnal
|player|p2|
|c|☆dragswordtob|gg
