|html|<div class="broadcast-blue"><strong>[Gen 9] OU is currently suspecting Tera Blast! For information on how to participate check out the <a href="https://www.smogon.com/tools/suspects/view/200">suspect thread</a>.</strong></div>
|j|☆Leaboteabo
|j|☆b0nboii
|t:|1776111120
|gametype|singles
|player|p1|Leaboteabo|101|1243
|player|p2|b0nboii|iris-gen5bw2|1272
|gen|9
|tier|[Gen 9] OU
|rated|
|rule|HP Percentage Mod: HP is shown in percentages
|rule|Endless Battle Clause: Forcing endless battles is banned
|rule|Species Clause: Limit one of each Pokémon
|rule|OHKO Clause: OHKO moves are banned
|rule|Evasion Items Clause: Evasion items are banned
|rule|Evasion Moves Clause: Evasion moves are banned
|rule|Evasion Abilities Clause: Evasion abilities are banned
|rule|Sleep Moves Clause: Sleep-inducing moves are banned
|clearpoke
|poke|p1|Zamazenta-*|
|poke|p1|Serperior, M|
|poke|p1|Gastrodon-East, F|
|poke|p1|Hatterene, F|
|poke|p1|Skeledirge, M|
|poke|p1|Sandy Shocks|
|poke|p2|Scrafty, F|
|poke|p2|Great Tusk|
|poke|p2|Greninja-*, M|
|poke|p2|Gholdengo|
|poke|p2|Toxtricity-Low-Key, M|
|poke|p2|Iron Moth|
|teampreview
|inactive|Battle timer is ON: inactive players will automatically lose when time's up. (requested by Leaboteabo)
|j| ohko_smeargle
|
|t:|1776111129
|teamsize|p1|6
|teamsize|p2|6
|start
|switch|p1a: Hatterene|Hatterene, F|100/100
|switch|p2a: hoodlum|Scrafty, F|100/100
|turn|1
|
|t:|1776111140
|-terastallize|p2a: hoodlum|Fairy
|move|p2a: hoodlum|Bulk Up|p2a: hoodlum
|-boost|p2a: hoodlum|atk|1
|-boost|p2a: hoodlum|def|1
|move|p1a: Hatterene|Calm Mind|p1a: Hatterene
|-boost|p1a: Hatterene|spa|1
|-boost|p1a: Hatterene|spd|1
|
|upkeep
|turn|2
|c|☆b0nboii|glhf
|
|t:|1776111150
|move|p2a: hoodlum|Bulk Up|p2a: hoodlum
|-boost|p2a: hoodlum|atk|1
|-boost|p2a: hoodlum|def|1
|move|p1a: Hatterene|Psychic Noise|p2a: hoodlum
|-damage|p2a: hoodlum|58/100
|-start|p2a: hoodlum|move: Heal Block
|
|upkeep
|turn|3
|
|t:|1776111164
|move|p2a: hoodlum|Knock Off|p1a: Hatterene
|-damage|p1a: Hatterene|28/100
|-enditem|p1a: Hatterene|Leftovers|[from] move: Knock Off|[of] p2a: hoodlum
|move|p1a: Hatterene|Psychic Noise|p2a: hoodlum
|-damage|p2a: hoodlum|12/100
|
|-end|p2a: hoodlum|move: Heal Block
|upkeep
|turn|4
|
|t:|1776111173
|switch|p1a: Skeledirge|Skeledirge, M|100/100
|move|p2a: hoodlum|Knock Off|p1a: Skeledirge
|-supereffective|p1a: Skeledirge
|-damage|p1a: Skeledirge|44/100
|-enditem|p1a: Skeledirge|Heavy-Duty Boots|[from] move: Knock Off|[of] p2a: hoodlum
|
|-heal|p2a: hoodlum|18/100|[from] item: Leftovers
|upkeep
|turn|5
|
|t:|1776111183
|move|p1a: Skeledirge|Slack Off|p1a: Skeledirge
|-heal|p1a: Skeledirge|94/100
|move|p2a: hoodlum|Knock Off|p1a: Skeledirge
|-supereffective|p1a: Skeledirge
|-damage|p1a: Skeledirge|57/100
|
|-heal|p2a: hoodlum|24/100|[from] item: Leftovers
|upkeep
|turn|6
|
|t:|1776111195
|move|p1a: Skeledirge|Torch Song|p2a: hoodlum
|-damage|p2a: hoodlum|0 fnt
|-boost|p1a: Skeledirge|spa|1
|faint|p2a: hoodlum
|
|upkeep
|
|t:|1776111199
|switch|p2a: grigga|Greninja, M|100/100
|turn|7
|
|t:|1776111204
|switch|p1a: Gastrodon|Gastrodon-East, F, shiny|100/100
|move|p2a: grigga|Dark Pulse|p1a: Gastrodon
|-damage|p1a: Gastrodon|72/100
|
|upkeep
|turn|8
|
|t:|1776111212
|move|p2a: grigga|Dark Pulse|p1a: Gastrodon
|-damage|p1a: Gastrodon|47/100
|move|p1a: Gastrodon|Earth Power|p2a: grigga
|-damage|p2a: grigga|53/100
|
|upkeep
|turn|9
|
|t:|1776111218
|move|p2a: grigga|Dark Pulse|p1a: Gastrodon
|-damage|p1a: Gastrodon|22/100
|move|p1a: Gastrodon|Recover|p1a: Gastrodon
|-heal|p1a: Gastrodon|72/100
|
|upkeep
|turn|10
|
|t:|1776111228
|move|p2a: grigga|Dark Pulse|p1a: Gastrodon
|-crit|p1a: Gastrodon
|-damage|p1a: Gastrodon|33/100
|move|p1a: Gastrodon|Earth Power|p2a: grigga
|-damage|p2a: grigga|5/100
|
|upkeep
|turn|11
|
|t:|1776111235
|move|p2a: grigga|Dark Pulse|p1a: Gastrodon
|-damage|p1a: Gastrodon|9/100
|move|p1a: Gastrodon|Recover|p1a: Gastrodon
|-heal|p1a: Gastrodon|59/100
|
|upkeep
|turn|12
|
|t:|1776111241
|move|p2a: grigga|Dark Pulse|p1a: Gastrodon
|-damage|p1a: Gastrodon|32/100
|move|p1a: Gastrodon|Recover|p1a: Gastrodon
|-heal|p1a: Gastrodon|82/100
|
|upkeep
|turn|13
|
|t:|1776111248
|move|p2a: grigga|Dark Pulse|p1a: Gastrodon
|-damage|p1a: Gastrodon|54/100
|move|p1a: Gastrodon|Recover|p1a: Gastrodon
|-heal|p1a: Gastrodon|100/100
|
|upkeep
|turn|14
|
|t:|1776111254
|move|p2a: grigga|Dark Pulse|p1a: Gastrodon
|-damage|p1a: Gastrodon|74/100
|move|p1a: Gastrodon|Earth Power|p2a: grigga
|-damage|p2a: grigga|0 fnt
|faint|p2a: grigga
|
|upkeep
|
|t:|1776111258
|switch|p2a: da moth|Iron Moth|100/100
|-enditem|p2a: da moth|Booster Energy
|-activate|p2a: da moth|ability: Quark Drive|[fromitem]
|-start|p2a: da moth|quarkdrivespa
|turn|15
|
|t:|1776111267
|-terastallize|p1a: Gastrodon|Fire
|move|p2a: da moth|Energy Ball|p1a: Gastrodon
|-resisted|p1a: Gastrodon
|-damage|p1a: Gastrodon|57/100
|move|p1a: Gastrodon|Earth Power|p2a: da moth
|-supereffective|p2a: da moth
|-damage|p2a: da moth|0 fnt
|faint|p2a: da moth
|-end|p2a: da moth|Quark Drive|[silent]
|
|upkeep
|
|t:|1776111272
|switch|p2a: gerb|Great Tusk|100/100
|-enditem|p2a: gerb|Booster Energy
|-activate|p2a: gerb|ability: Protosynthesis|[fromitem]
|-start|p2a: gerb|protosynthesisatk
|turn|16
|c|☆b0nboii|ggs
|
|t:|1776111281
|switch|p1a: Serperior|Serperior, M, shiny|100/100
|move|p2a: gerb|Headlong Rush|p1a: Serperior
|-resisted|p1a: Serperior
|-damage|p1a: Serperior|52/100
|-unboost|p2a: gerb|def|1
|-unboost|p2a: gerb|spd|1
|
|-heal|p1a: Serperior|59/100|[from] item: Leftovers
|upkeep
|turn|17
|
|t:|1776111292
|move|p1a: Serperior|Leaf Storm|p2a: gerb
|-supereffective|p2a: gerb
|-damage|p2a: gerb|0 fnt
|-boost|p1a: Serperior|spa|2
|faint|p2a: gerb
|-end|p2a: gerb|Protosynthesis|[silent]
|
|-heal|p1a: Serperior|65/100|[from] item: Leftovers
|upkeep
|
|t:|1776111294
|switch|p2a: frobert|Toxtricity-Low-Key, M|100/100
|-item|p2a: frobert|Air Balloon
|turn|18
|
|t:|1776111305
|move|p1a: Serperior|Leaf Storm|p2a: frobert
|-resisted|p2a: frobert
|-damage|p2a: frobert|63/100
|-boost|p1a: Serperior|spa|2
|-enditem|p2a: frobert|Air Balloon
|move|p2a: frobert|Boomburst|p1a: Serperior
|-damage|p1a: Serperior|3/100
|
|-heal|p1a: Serperior|9/100|[from] item: Leftovers
|upkeep
|turn|19
|
|t:|1776111319
|move|p1a: Serperior|Leaf Storm|p2a: frobert
|-resisted|p2a: frobert
|-damage|p2a: frobert|0 fnt
|-boost|p1a: Serperior|spa|2
|faint|p2a: frobert
|
|-heal|p1a: Serperior|16/100|[from] item: Leftovers
|upkeep
|
|t:|1776111321
|switch|p2a: juice wrld|Gholdengo|100/100
|turn|20
|
|t:|1776111329
|move|p1a: Serperior|Leaf Storm|p2a: juice wrld
|-resisted|p2a: juice wrld
|-damage|p2a: juice wrld|12/100
|move|p2a: juice wrld|Shadow Ball|p1a: Serperior
|-damage|p1a: Serperior|0 fnt
|faint|p1a: Serperior
|
|-heal|p2a: juice wrld|18/100|[from] item: Leftovers
|upkeep
|
|t:|1776111339
|switch|p1a: Sandy Shocks|Sandy Shocks, shiny|100/100
|turn|21
|
|t:|1776111342
|move|p1a: Sandy Shocks|Earth Power|p2a: juice wrld
|-supereffective|p2a: juice wrld
|-damage|p2a: juice wrld|0 fnt
|faint|p2a: juice wrld
|
|win|Leaboteabo
|raw|Leaboteabo's rating: 1243 &rarr; <strong>1270</strong><br />(+27 for winning)
|raw|b0nboii's rating: 1272 &rarr; <strong>1245</strong><br />(-27 for losing)
|l| ohko_smeargle
|c|☆Leaboteabo|gg
|l|☆b0nboii
|player|p2|
|l|☆Leaboteabo
|player|p1|
