|html|<div class="broadcast-blue"><strong>[Gen 9] OU is currently suspecting Tera Blast! For information on how to participate check out the <a href="https://www.smogon.com/tools/suspects/view/200">suspect thread</a>.</strong></div>
|j|☆notnubplayer
|j|☆cuckalicious
|t:|1776101725
|gametype|singles
|player|p1|notnubplayer|101|1339
|player|p2|cuckalicious|marley|1420
|gen|9
|tier|[Gen 9] OU
|rated|
|rule|HP Percentage Mod: HP is shown in percentages
|rule|Endless Battle Clause: Forcing endless battles is banned
|rule|Species Clause: Limit one of each Pokémon
|rule|OHKO Clause: OHKO moves are banned
|rule|Evasion Items Clause: Evasion items are banned
|rule|Evasion Moves Clause: Evasion moves are banned
|rule|Evasion Abilities Clause: Evasion abilities are banned
|rule|Sleep Moves Clause: Sleep-inducing moves are banned
|clearpoke
|poke|p1|Dragonite, M|
|poke|p1|Ting-Lu|
|poke|p1|Ninetales, F|
|poke|p1|Great Tusk|
|poke|p1|Thundurus-Therian, M|
|poke|p1|Ogerpon-Wellspring, F|
|poke|p2|Quagsire, F|
|poke|p2|Gholdengo|
|poke|p2|Dugtrio, F|
|poke|p2|Porygon2|
|poke|p2|Gengar, F|
|poke|p2|Granbull, M|
|teampreview
|
|t:|1776101730
|teamsize|p1|6
|teamsize|p2|6
|start
|switch|p1a: Great Tusk|Great Tusk|100/100
|switch|p2a: Dugtrio|Dugtrio, F|100/100
|turn|1
|inactive|Battle timer is ON: inactive players will automatically lose when time's up. (requested by cuckalicious)
|
|t:|1776101735
|move|p2a: Dugtrio|Stealth Rock|p1a: Great Tusk
|-sidestart|p1: notnubplayer|move: Stealth Rock
|move|p1a: Great Tusk|Stealth Rock|p2a: Dugtrio
|-sidestart|p2: cuckalicious|move: Stealth Rock
|
|upkeep
|turn|2
|
|t:|1776101753
|switch|p2a: Gholdengo|Gholdengo|100/100
|-damage|p2a: Gholdengo|94/100|[from] Stealth Rock
|-item|p2a: Gholdengo|Air Balloon
|move|p1a: Great Tusk|Rapid Spin|p2a: Gholdengo
|-immune|p2a: Gholdengo
|
|upkeep
|turn|3
|
|t:|1776101762
|switch|p2a: Granbull|Granbull, M|100/100
|-damage|p2a: Granbull|88/100|[from] Stealth Rock
|-ability|p2a: Granbull|Intimidate|boost
|-unboost|p1a: Great Tusk|atk|1
|move|p1a: Great Tusk|Stone Edge|p2a: Granbull
|-damage|p2a: Granbull|64/100
|-damage|p1a: Great Tusk|91/100|[from] item: Life Orb
|
|-heal|p2a: Granbull|70/100|[from] item: Leftovers
|upkeep
|turn|4
|
|t:|1776101766
|move|p1a: Great Tusk|Rapid Spin|p2a: Granbull
|-damage|p2a: Granbull|59/100
|-boost|p1a: Great Tusk|spe|1
|-sideend|p1: notnubplayer|Stealth Rock|[from] move: Rapid Spin|[of] p1a: Great Tusk
|-damage|p1a: Great Tusk|81/100|[from] item: Life Orb
|move|p2a: Granbull|Play Rough|p1a: Great Tusk
|-supereffective|p1a: Great Tusk
|-damage|p1a: Great Tusk|27/100
|-unboost|p1a: Great Tusk|atk|1
|
|-heal|p2a: Granbull|65/100|[from] item: Leftovers
|upkeep
|turn|5
|
|t:|1776101773
|move|p1a: Great Tusk|Headlong Rush|p2a: Granbull
|-damage|p2a: Granbull|35/100
|-unboost|p1a: Great Tusk|def|1
|-unboost|p1a: Great Tusk|spd|1
|-damage|p1a: Great Tusk|17/100|[from] item: Life Orb
|move|p2a: Granbull|Play Rough|p1a: Great Tusk
|-supereffective|p1a: Great Tusk
|-damage|p1a: Great Tusk|0 fnt
|faint|p1a: Great Tusk
|-end|p1a: Great Tusk|Protosynthesis|[silent]
|
|-heal|p2a: Granbull|41/100|[from] item: Leftovers
|upkeep
|
|t:|1776101776
|switch|p1a: Thundurus|Thundurus-Therian, M|100/100
|turn|6
|
|t:|1776101780
|-terastallize|p1a: Thundurus|Flying
|move|p1a: Thundurus|Tera Blast|p2a: Granbull|[anim] Tera Blast Flying
|-damage|p2a: Granbull|0 fnt
|faint|p2a: Granbull
|
|upkeep
|
|t:|1776101785
|switch|p2a: Porygon2|Porygon2|100/100
|-damage|p2a: Porygon2|88/100|[from] Stealth Rock
|-ability|p2a: Porygon2|Download|boost
|-boost|p2a: Porygon2|atk|1
|turn|7
|
|t:|1776101790
|move|p1a: Thundurus|Tera Blast|p2a: Porygon2|[anim] Tera Blast Flying
|-damage|p2a: Porygon2|46/100
|move|p2a: Porygon2|Ice Beam|p1a: Thundurus
|-supereffective|p1a: Thundurus
|-damage|p1a: Thundurus|14/100
|
|upkeep
|turn|8
|
|t:|1776101795
|switch|p1a: Ogerpon|Ogerpon-Wellspring, F|100/100
|move|p2a: Porygon2|Recover|p2a: Porygon2
|-heal|p2a: Porygon2|96/100
|
|upkeep
|turn|9
|
|t:|1776101802
|switch|p2a: Quagsire|Quagsire, F|100/100
|-damage|p2a: Quagsire|94/100|[from] Stealth Rock
|move|p1a: Ogerpon|Taunt|p2a: Quagsire
|-start|p2a: Quagsire|move: Taunt
|
|-heal|p2a: Quagsire|100/100|[from] item: Leftovers
|upkeep
|turn|10
|
|t:|1776101809
|switch|p2a: Gengar|Gengar, F|100/100
|-damage|p2a: Gengar|88/100|[from] Stealth Rock
|move|p1a: Ogerpon|Swords Dance|p1a: Ogerpon
|-boost|p1a: Ogerpon|atk|2
|
|upkeep
|turn|11
|
|t:|1776101812
|move|p2a: Gengar|Sludge Wave|p1a: Ogerpon
|-supereffective|p1a: Ogerpon
|-damage|p1a: Ogerpon|0 fnt
|faint|p1a: Ogerpon
|
|upkeep
|
|t:|1776101821
|switch|p1a: Ting-Lu|Ting-Lu|100/100
|-ability|p1a: Ting-Lu|Vessel of Ruin
|turn|12
|
|t:|1776101829
|switch|p2a: Porygon2|Porygon2|96/100
|-damage|p2a: Porygon2|84/100|[from] Stealth Rock
|-ability|p2a: Porygon2|Download|boost
|-boost|p2a: Porygon2|spa|1
|move|p1a: Ting-Lu|Throat Chop|p2a: Porygon2
|-damage|p2a: Porygon2|55/100
|-start|p2a: Porygon2|Throat Chop|[silent]
|
|upkeep
|turn|13
|
|t:|1776101838
|move|p2a: Porygon2|Recover|p2a: Porygon2
|-heal|p2a: Porygon2|100/100
|move|p1a: Ting-Lu|Earthquake|p2a: Porygon2
|-damage|p2a: Porygon2|66/100
|
|-end|p2a: Porygon2|Throat Chop|[silent]
|upkeep
|turn|14
|
|t:|1776101842
|move|p2a: Porygon2|Ice Beam|p1a: Ting-Lu
|-supereffective|p1a: Ting-Lu
|-damage|p1a: Ting-Lu|64/100
|move|p1a: Ting-Lu|Earthquake|p2a: Porygon2
|-crit|p2a: Porygon2
|-damage|p2a: Porygon2|11/100
|
|upkeep
|turn|15
|
|t:|1776101848
|switch|p1a: Ninetales|Ninetales, F|100/100
|-weather|SunnyDay|[from] ability: Drought|[of] p1a: Ninetales
|move|p2a: Porygon2|Recover|p2a: Porygon2
|-heal|p2a: Porygon2|62/100
|
|-weather|SunnyDay|[upkeep]
|upkeep
|turn|16
|
|t:|1776101852
|switch|p2a: Dugtrio|Dugtrio, F|100/100
|-damage|p2a: Dugtrio|94/100|[from] Stealth Rock
|move|p1a: Ninetales|Encore||[still]
|-fail|p1a: Ninetales
|
|-weather|SunnyDay|[upkeep]
|upkeep
|turn|17
|
|t:|1776101857
|move|p2a: Dugtrio|Stealth Rock|p1a: Ninetales
|-sidestart|p1: notnubplayer|move: Stealth Rock
|move|p1a: Ninetales|Will-O-Wisp|p2a: Dugtrio
|-status|p2a: Dugtrio|brn
|
|-weather|SunnyDay|[upkeep]
|-damage|p2a: Dugtrio|88/100 brn|[from] brn
|upkeep
|turn|18
|
|t:|1776101860
|move|p2a: Dugtrio|Earthquake|p1a: Ninetales
|-supereffective|p1a: Ninetales
|-damage|p1a: Ninetales|34/100
|move|p1a: Ninetales|Encore|p2a: Dugtrio
|-start|p2a: Dugtrio|Encore
|
|-weather|SunnyDay|[upkeep]
|-damage|p2a: Dugtrio|82/100 brn|[from] brn
|upkeep
|turn|19
|-message|notnubplayer forfeited.
|
|win|cuckalicious
|raw|notnubplayer's rating: 1362 &rarr; <strong>1345</strong><br />(-17 for losing)
|raw|cuckalicious's rating: 1420 &rarr; <strong>1437</strong><br />(+17 for winning)
|l|☆notnubplayer
|player|p1|
|l|☆cuckalicious
|player|p2|
