|html|<div class="broadcast-blue"><strong>[Gen 9] OU is currently suspecting Volcarona! For information on how to participate check out the <a href="https://www.smogon.com/tools/suspects/view/208">suspect thread</a>.</strong></div>
|j|☆WanderingWulf
|j|☆jayyavelli
|t:|1778506566
|gametype|singles
|player|p1|WanderingWulf|plasmagrunt|1377
|player|p2|jayyavelli|brock|1354
|gen|9
|tier|[Gen 9] OU
|rated|
|rule|HP Percentage Mod: HP is shown in percentages
|rule|Endless Battle Clause: Forcing endless battles is banned
|rule|Species Clause: Limit one of each Pokémon
|rule|OHKO Clause: OHKO moves are banned
|rule|Evasion Items Clause: Evasion items are banned
|rule|Evasion Moves Clause: Evasion moves are banned
|rule|Evasion Abilities Clause: Evasion abilities are banned
|rule|Sleep Moves Clause: Sleep-inducing moves are banned
|clearpoke
|poke|p1|Armarouge, M|
|poke|p1|Walking Wake|
|poke|p1|Ninetales, M|
|poke|p1|Garganacl, M|
|poke|p1|Corviknight, F|
|poke|p1|Great Tusk|
|poke|p2|Zoroark-Hisui, F|
|poke|p2|Slowking-Galar, M|
|poke|p2|Volcanion|
|poke|p2|Dragonite, M|
|poke|p2|Iron Valiant|
|poke|p2|Great Tusk|
|teampreview
|inactive|Battle timer is ON: inactive players will automatically lose when time's up. (requested by jayyavelli)
|
|t:|1778506581
|teamsize|p1|6
|teamsize|p2|6
|start
|switch|p1a: Great Tusk|Great Tusk|100/100
|switch|p2a: Great Tusk|Great Tusk|100/100
|turn|1
|
|t:|1778506591
|-end|p1a: Great Tusk|Protosynthesis|[silent]
|switch|p1a: Armarouge|Armarouge, M|100/100
|move|p2a: Great Tusk|Hyper Voice|p1a: Armarouge
|-damage|p1a: Armarouge|40/100
|
|upkeep
|turn|2
|
|t:|1778506604
|switch|p1a: Garganacl|Garganacl, M|100/100
|move|p2a: Great Tusk|Hyper Voice|p1a: Garganacl
|-resisted|p1a: Garganacl
|-damage|p1a: Garganacl|83/100
|
|-heal|p1a: Garganacl|89/100|[from] item: Leftovers
|upkeep
|turn|3
|
|t:|1778506613
|switch|p2a: Great Tusk|Great Tusk|100/100
|move|p1a: Garganacl|Salt Cure|p2a: Great Tusk
|-resisted|p2a: Great Tusk
|-crit|p2a: Great Tusk
|-damage|p2a: Great Tusk|98/100
|-start|p2a: Great Tusk|Salt Cure
|
|-heal|p2a: Great Tusk|100/100|[from] item: Leftovers
|-heal|p1a: Garganacl|95/100|[from] item: Leftovers
|-damage|p2a: Great Tusk|88/100|[from] Salt Cure
|upkeep
|turn|4
|
|t:|1778506623
|switch|p1a: Corviknight|Corviknight, F|100/100
|move|p2a: Great Tusk|Stealth Rock|p1a: Corviknight
|-sidestart|p1: WanderingWulf|move: Stealth Rock
|
|-heal|p2a: Great Tusk|94/100|[from] item: Leftovers
|-damage|p2a: Great Tusk|82/100|[from] Salt Cure
|upkeep
|turn|5
|
|t:|1778506630
|move|p2a: Great Tusk|Knock Off|p1a: Corviknight
|-crit|p1a: Corviknight
|-damage|p1a: Corviknight|74/100
|-enditem|p1a: Corviknight|Covert Cloak|[from] move: Knock Off|[of] p2a: Great Tusk
|move|p1a: Corviknight|Defog|p2a: Great Tusk
|-unboost|p2a: Great Tusk|evasion|1
|-sideend|p1: WanderingWulf|Stealth Rock|[from] move: Defog|[of] p1a: Corviknight
|
|-heal|p2a: Great Tusk|88/100|[from] item: Leftovers
|-damage|p2a: Great Tusk|76/100|[from] Salt Cure
|upkeep
|turn|6
|
|t:|1778506639
|switch|p1a: Armarouge|Armarouge, M|40/100
|move|p2a: Great Tusk|Stealth Rock|p1a: Armarouge
|-sidestart|p1: WanderingWulf|move: Stealth Rock
|
|-heal|p2a: Great Tusk|82/100|[from] item: Leftovers
|-damage|p2a: Great Tusk|69/100|[from] Salt Cure
|upkeep
|turn|7
|
|t:|1778506648
|-end|p2a: Great Tusk|Protosynthesis|[silent]
|switch|p2a: Slowking|Slowking-Galar, M, shiny|100/100
|move|p1a: Armarouge|Endure||[still]
|-fail|p1a: Armarouge
|
|upkeep
|turn|8
|
|t:|1778506658
|move|p1a: Armarouge|Destiny Bond|p1a: Armarouge
|-singlemove|p1a: Armarouge|Destiny Bond
|move|p2a: Slowking|Future Sight|p1a: Armarouge
|-start|p2a: Slowking|move: Future Sight
|
|upkeep
|turn|9
|
|t:|1778506664
|switch|p1a: Corviknight|Corviknight, F|74/100
|-damage|p1a: Corviknight|62/100|[from] Stealth Rock
|move|p2a: Slowking|Sludge Bomb|p1a: Corviknight
|-immune|p1a: Corviknight
|
|upkeep
|turn|10
|
|t:|1778506670
|move|p1a: Corviknight|Defog|p2a: Slowking
|-unboost|p2a: Slowking|evasion|1
|-sideend|p1: WanderingWulf|Stealth Rock|[from] move: Defog|[of] p1a: Corviknight
|move|p2a: Slowking|Flamethrower|p1a: Corviknight
|-supereffective|p1a: Corviknight
|-damage|p1a: Corviknight|21/100
|
|-end|p1a: Corviknight|move: Future Sight
|-resisted|p1a: Corviknight
|-damage|p1a: Corviknight|0 fnt
|faint|p1a: Corviknight
|upkeep
|
|t:|1778506679
|switch|p1a: Great Tusk|Great Tusk|100/100
|turn|11
|
|t:|1778506688
|switch|p2a: Dragonite|Dragonite, M|100/100
|move|p1a: Great Tusk|Headlong Rush|p2a: Dragonite
|-immune|p2a: Dragonite
|
|upkeep
|turn|12
|
|t:|1778506709
|-end|p1a: Great Tusk|Protosynthesis|[silent]
|switch|p1a: Ninetales|Ninetales, M|100/100
|-weather|SunnyDay|[from] ability: Drought|[of] p1a: Ninetales
|switch|p2a: Iron Valiant|Iron Valiant, shiny|100/100
|-enditem|p2a: Iron Valiant|Booster Energy
|-activate|p2a: Iron Valiant|ability: Quark Drive|[fromitem]
|-start|p2a: Iron Valiant|quarkdrivespe
|
|-weather|SunnyDay|[upkeep]
|upkeep
|turn|13
|
|t:|1778506725
|move|p2a: Iron Valiant|Aura Sphere|p1a: Ninetales
|-damage|p1a: Ninetales|55/100
|move|p1a: Ninetales|Weather Ball|p2a: Iron Valiant
|-damage|p2a: Iron Valiant|4/100
|
|-weather|SunnyDay|[upkeep]
|upkeep
|turn|14
|
|t:|1778506733
|move|p2a: Iron Valiant|Moonblast|p1a: Ninetales
|-resisted|p1a: Ninetales
|-damage|p1a: Ninetales|25/100
|-unboost|p1a: Ninetales|spa|1
|move|p1a: Ninetales|Weather Ball|p2a: Iron Valiant
|-damage|p2a: Iron Valiant|0 fnt
|faint|p2a: Iron Valiant
|-end|p2a: Iron Valiant|Quark Drive|[silent]
|
|-weather|SunnyDay|[upkeep]
|upkeep
|
|t:|1778506745
|switch|p2a: Great Tusk|Great Tusk|69/100
|-activate|p2a: Great Tusk|ability: Protosynthesis
|-start|p2a: Great Tusk|protosynthesisdef
|turn|15
|
|t:|1778506750
|move|p1a: Ninetales|Will-O-Wisp|p2a: Great Tusk
|-status|p2a: Great Tusk|brn
|move|p2a: Great Tusk|Stealth Rock|p1a: Ninetales
|-sidestart|p1: WanderingWulf|move: Stealth Rock
|
|-weather|SunnyDay|[upkeep]
|-heal|p2a: Great Tusk|76/100 brn|[from] item: Leftovers
|-damage|p2a: Great Tusk|69/100 brn|[from] brn
|upkeep
|turn|16
|
|t:|1778506761
|move|p1a: Ninetales|Weather Ball|p2a: Great Tusk
|-damage|p2a: Great Tusk|38/100 brn
|move|p2a: Great Tusk|Knock Off|p1a: Ninetales
|-damage|p1a: Ninetales|4/100
|-enditem|p1a: Ninetales|Heat Rock|[from] move: Knock Off|[of] p2a: Great Tusk
|
|-weather|SunnyDay|[upkeep]
|-heal|p2a: Great Tusk|44/100 brn|[from] item: Leftovers
|-damage|p2a: Great Tusk|38/100 brn|[from] brn
|upkeep
|turn|17
|
|t:|1778506770
|move|p1a: Ninetales|Weather Ball|p2a: Great Tusk
|-crit|p2a: Great Tusk
|-damage|p2a: Great Tusk|0 fnt
|faint|p2a: Great Tusk
|-end|p2a: Great Tusk|Protosynthesis|[silent]
|
|-weather|SunnyDay|[upkeep]
|upkeep
|
|t:|1778506783
|switch|p2a: Slowking|Slowking-Galar, M, shiny|100/100
|turn|18
|
|t:|1778506789
|move|p1a: Ninetales|Healing Wish|p1a: Ninetales
|faint|p1a: Ninetales
|move|p2a: Slowking|Future Sight|p1: Ninetales
|-start|p2a: Slowking|move: Future Sight
|
|-weather|SunnyDay|[upkeep]
|upkeep
|
|t:|1778506794
|switch|p1a: Great Tusk|Great Tusk|100/100
|-damage|p1a: Great Tusk|98/100|[from] Stealth Rock
|-activate|p1a: Great Tusk|ability: Protosynthesis
|-start|p1a: Great Tusk|protosynthesisatk
|turn|19
|
|t:|1778506807
|switch|p2a: Dragonite|Dragonite, M|100/100
|move|p1a: Great Tusk|Ice Spinner|p2a: Dragonite
|-supereffective|p2a: Dragonite
|-damage|p2a: Dragonite|18/100
|
|-weather|none
|-end|p1a: Great Tusk|Protosynthesis
|upkeep
|turn|20
|
|t:|1778506819
|move|p2a: Dragonite|Extreme Speed|p1a: Great Tusk
|-damage|p1a: Great Tusk|63/100
|move|p1a: Great Tusk|Ice Spinner|p2a: Dragonite
|-supereffective|p2a: Dragonite
|-damage|p2a: Dragonite|0 fnt
|faint|p2a: Dragonite
|
|-end|p1a: Great Tusk|move: Future Sight
|-supereffective|p1a: Great Tusk
|-damage|p1a: Great Tusk|0 fnt
|faint|p1a: Great Tusk
|-end|p1a: Great Tusk|Protosynthesis|[silent]
|upkeep
|inactive|WanderingWulf has 120 seconds left.
|
|t:|1778506864
|switch|p1a: Garganacl|Garganacl, M|95/100
|switch|p2a: Slowking|Slowking-Galar, M, shiny|100/100
|-heal|p1a: Garganacl|100/100|[from] move: Healing Wish
|-damage|p1a: Garganacl|88/100|[from] Stealth Rock
|turn|21
|
|t:|1778506871
|move|p1a: Garganacl|Salt Cure|p2a: Slowking
|-damage|p2a: Slowking|89/100
|-start|p2a: Slowking|Salt Cure
|move|p2a: Slowking|Future Sight|p1a: Garganacl
|-start|p2a: Slowking|move: Future Sight
|
|-heal|p1a: Garganacl|94/100|[from] item: Leftovers
|-damage|p2a: Slowking|77/100|[from] Salt Cure
|upkeep
|turn|22
|inactive|WanderingWulf has 120 seconds left.
|
|t:|1778506879
|switch|p2a: Slowking|Slowking-Galar, M, shiny|100/100
|move|p1a: Garganacl|Salt Cure|p2a: Slowking
|-crit|p2a: Slowking
|-damage|p2a: Slowking|54/100
|-start|p2a: Slowking|Salt Cure
|replace|p2a: Zoroark|Zoroark-Hisui, F, shiny
|-end|p2a: Zoroark|Illusion
|
|-heal|p1a: Garganacl|100/100|[from] item: Leftovers
|-damage|p2a: Zoroark|42/100|[from] Salt Cure
|upkeep
|turn|23
|
|t:|1778506888
|move|p1a: Garganacl|Protect|p1a: Garganacl
|-singleturn|p1a: Garganacl|Protect
|move|p2a: Zoroark|Trick|p1a: Garganacl
|-activate|p1a: Garganacl|move: Protect
|
|-end|p1a: Garganacl|move: Future Sight
|-damage|p1a: Garganacl|71/100
|-heal|p1a: Garganacl|77/100|[from] item: Leftovers
|-damage|p2a: Zoroark|29/100|[from] Salt Cure
|upkeep
|turn|24
|j| mixxxen
|
|t:|1778506901
|switch|p2a: Volcanion|Volcanion|100/100
|switch|p1a: Armarouge|Armarouge, M|40/100
|-damage|p1a: Armarouge|15/100|[from] Stealth Rock
|
|upkeep
|turn|25
|
|t:|1778506914
|move|p1a: Armarouge|Destiny Bond|p1a: Armarouge
|-singlemove|p1a: Armarouge|Destiny Bond
|move|p2a: Volcanion|Steam Eruption|p1a: Armarouge
|-supereffective|p1a: Armarouge
|-damage|p1a: Armarouge|0 fnt
|faint|p1a: Armarouge
|-activate|p1a: Armarouge|move: Destiny Bond
|faint|p2a: Volcanion
|
|upkeep
|
|t:|1778506926
|switch|p1a: Garganacl|Garganacl, M|77/100
|switch|p2a: Slowking|Slowking-Galar, M, shiny|100/100
|-damage|p1a: Garganacl|65/100|[from] Stealth Rock
|turn|26
|
|t:|1778506931
|move|p1a: Garganacl|Protect|p1a: Garganacl
|-singleturn|p1a: Garganacl|Protect
|move|p2a: Slowking|Future Sight|p1a: Garganacl
|-start|p2a: Slowking|move: Future Sight
|
|-heal|p1a: Garganacl|71/100|[from] item: Leftovers
|upkeep
|turn|27
|
|t:|1778506945
|move|p1a: Garganacl|Recover|p1a: Garganacl
|-heal|p1a: Garganacl|100/100
|move|p2a: Slowking|Ice Beam|p1a: Garganacl
|-damage|p1a: Garganacl|85/100
|
|-heal|p1a: Garganacl|91/100|[from] item: Leftovers
|upkeep
|turn|28
|
|t:|1778506954
|switch|p2a: Slowking|Slowking-Galar, M, shiny|29/100
|move|p1a: Garganacl|Protect||[still]
|-fail|p1a: Garganacl
|
|-end|p1a: Garganacl|move: Future Sight
|-damage|p1a: Garganacl|59/100
|-heal|p1a: Garganacl|66/100|[from] item: Leftovers
|upkeep
|turn|29
|
|t:|1778506970
|move|p1a: Garganacl|Protect|p1a: Garganacl
|-singleturn|p1a: Garganacl|Protect
|move|p2a: Slowking|Shadow Ball|p1a: Garganacl
|-activate|p1a: Garganacl|move: Protect
|
|-heal|p1a: Garganacl|72/100|[from] item: Leftovers
|upkeep
|turn|30
|
|t:|1778506980
|move|p2a: Slowking|Shadow Ball|p1a: Garganacl
|-crit|p1a: Garganacl
|-damage|p1a: Garganacl|50/100
|move|p1a: Garganacl|Recover|p1a: Garganacl
|-heal|p1a: Garganacl|99/100
|
|-heal|p1a: Garganacl|100/100|[from] item: Leftovers
|upkeep
|turn|31
|
|t:|1778506988
|switch|p2a: Slowking|Slowking-Galar, M, shiny|100/100
|move|p1a: Garganacl|Salt Cure|p2a: Slowking
|-damage|p2a: Slowking|89/100
|-start|p2a: Slowking|Salt Cure
|
|-damage|p2a: Slowking|77/100|[from] Salt Cure
|upkeep
|turn|32
|
|t:|1778507002
|move|p1a: Garganacl|Block|p2a: Slowking
|-activate|p2a: Slowking|trapped
|move|p2a: Slowking|Future Sight|p1a: Garganacl
|-start|p2a: Slowking|move: Future Sight
|
|-damage|p2a: Slowking|64/100|[from] Salt Cure
|upkeep
|turn|33
|
|t:|1778507008
|move|p1a: Garganacl|Protect|p1a: Garganacl
|-singleturn|p1a: Garganacl|Protect
|move|p2a: Slowking|Sludge Bomb|p1a: Garganacl
|-activate|p1a: Garganacl|move: Protect
|
|-damage|p2a: Slowking|52/100|[from] Salt Cure
|upkeep
|turn|34
|
|t:|1778507017
|move|p1a: Garganacl|Salt Cure|p2a: Slowking
|-damage|p2a: Slowking|40/100
|move|p2a: Slowking|Sludge Bomb|p1a: Garganacl
|-resisted|p1a: Garganacl
|-damage|p1a: Garganacl|89/100
|
|-end|p1a: Garganacl|move: Future Sight
|-damage|p1a: Garganacl|58/100
|-heal|p1a: Garganacl|64/100|[from] item: Leftovers
|-damage|p2a: Slowking|28/100|[from] Salt Cure
|upkeep
|turn|35
|
|t:|1778507028
|move|p1a: Garganacl|Recover|p1a: Garganacl
|-heal|p1a: Garganacl|100/100
|move|p2a: Slowking|Sludge Bomb|p1a: Garganacl
|-resisted|p1a: Garganacl
|-damage|p1a: Garganacl|89/100
|
|-heal|p1a: Garganacl|95/100|[from] item: Leftovers
|-damage|p2a: Slowking|15/100|[from] Salt Cure
|upkeep
|turn|36
|
|t:|1778507037
|move|p1a: Garganacl|Protect|p1a: Garganacl
|-singleturn|p1a: Garganacl|Protect
|move|p2a: Slowking|Ice Beam|p1a: Garganacl
|-activate|p1a: Garganacl|move: Protect
|
|-heal|p1a: Garganacl|100/100|[from] item: Leftovers
|-damage|p2a: Slowking|3/100|[from] Salt Cure
|upkeep
|turn|37
|
|t:|1778507046
|move|p1a: Garganacl|Salt Cure|p2a: Slowking
|-damage|p2a: Slowking|0 fnt
|faint|p2a: Slowking
|
|upkeep
|
|t:|1778507050
|switch|p2a: Zoroark|Zoroark-Hisui, F, shiny|29/100
|turn|38
|
|t:|1778507054
|move|p2a: Zoroark|Shadow Ball|p1a: Garganacl
|-damage|p1a: Garganacl|86/100
|-unboost|p1a: Garganacl|spd|1
|move|p1a: Garganacl|Salt Cure|p2a: Zoroark
|-damage|p2a: Zoroark|3/100
|-start|p2a: Zoroark|Salt Cure
|
|-heal|p1a: Garganacl|92/100|[from] item: Leftovers
|-damage|p2a: Zoroark|0 fnt|[from] Salt Cure
|faint|p2a: Zoroark
|
|win|WanderingWulf
|raw|WanderingWulf's rating: 1377 &rarr; <strong>1396</strong><br />(+19 for winning)
|raw|jayyavelli's rating: 1354 &rarr; <strong>1335</strong><br />(-19 for losing)
|l|☆WanderingWulf
|player|p1|
|l|☆jayyavelli
|player|p2|
|l| mixxxen
