|inactive|Battle timer is ON: inactive players will automatically lose when time's up.
|t:|1776109046
|gametype|singles
|player|p1|Prav33n|koga|
|player|p2|Lsa2999|265|
|gen|9
|tier|[Gen 9] OU
|rule|HP Percentage Mod: HP is shown in percentages
|rule|Endless Battle Clause: Forcing endless battles is banned
|rule|Species Clause: Limit one of each Pokémon
|rule|OHKO Clause: OHKO moves are banned
|rule|Evasion Items Clause: Evasion items are banned
|rule|Evasion Moves Clause: Evasion moves are banned
|rule|Evasion Abilities Clause: Evasion abilities are banned
|rule|Sleep Moves Clause: Sleep-inducing moves are banned
|clearpoke
|poke|p1|Landorus-Therian, M|
|poke|p1|Cinderace, M|
|poke|p1|Slowking-Galar, M|
|poke|p1|Ogerpon-Wellspring, F|
|poke|p1|Hydreigon, M|
|poke|p1|Zamazenta-*|
|poke|p2|Raging Bolt|
|poke|p2|Darkrai|
|poke|p2|Ogerpon-Wellspring, F|
|poke|p2|Zamazenta-*|
|poke|p2|Iron Moth|
|poke|p2|Landorus-Therian, M|
|teampreview
|c|☆Prav33n|hf
|c|☆Lsa2999|hf
|inactive|Lsa2999 has 270 seconds left.
|
|t:|1776109104
|teamsize|p1|6
|teamsize|p2|6
|start
|switch|p1a: rocks d xebec|Hydreigon, M|100/100
|switch|p2a: M Y . L I F E|Landorus-Therian, M|100/100
|-ability|p2a: M Y . L I F E|Intimidate|boost
|-unboost|p1a: rocks d xebec|atk|1
|turn|1
|
|t:|1776109116
|move|p1a: rocks d xebec|Draco Meteor|p2a: M Y . L I F E|[miss]
|-miss|p1a: rocks d xebec|p2a: M Y . L I F E
|move|p2a: M Y . L I F E|Stealth Rock|p1a: rocks d xebec
|-sidestart|p1: Prav33n|move: Stealth Rock
|
|upkeep
|turn|2
|
|t:|1776109126
|move|p1a: rocks d xebec|Draco Meteor|p2a: M Y . L I F E
|-damage|p2a: M Y . L I F E|0 fnt
|-unboost|p1a: rocks d xebec|spa|2
|faint|p2a: M Y . L I F E
|
|upkeep
|
|t:|1776109139
|switch|p2a: SLAUGHTER|Darkrai, shiny|100/100
|turn|3
|
|t:|1776109145
|move|p2a: SLAUGHTER|Nasty Plot|p2a: SLAUGHTER
|-boost|p2a: SLAUGHTER|spa|2
|move|p1a: rocks d xebec|Draco Meteor|p2a: SLAUGHTER
|-damage|p2a: SLAUGHTER|40/100
|-unboost|p1a: rocks d xebec|spa|2
|
|upkeep
|turn|4
|
|t:|1776109153
|move|p2a: SLAUGHTER|Focus Blast|p1a: rocks d xebec
|-supereffective|p1a: rocks d xebec
|-damage|p1a: rocks d xebec|0 fnt
|faint|p1a: rocks d xebec
|-damage|p2a: SLAUGHTER|30/100|[from] item: Life Orb
|
|upkeep
|
|t:|1776109157
|switch|p1a: Zamazenta|Zamazenta|100/100
|-damage|p1a: Zamazenta|94/100|[from] Stealth Rock
|-ability|p1a: Zamazenta|Dauntless Shield|boost
|-boost|p1a: Zamazenta|def|1
|turn|5
|
|t:|1776109169
|switch|p2a: FANCY|Iron Moth|100/100
|-enditem|p2a: FANCY|Booster Energy
|-activate|p2a: FANCY|ability: Quark Drive|[fromitem]
|-start|p2a: FANCY|quarkdrivespe
|move|p1a: Zamazenta|Body Press|p2a: FANCY
|-resisted|p2a: FANCY
|-damage|p2a: FANCY|61/100
|
|-heal|p1a: Zamazenta|100/100|[from] item: Leftovers
|upkeep
|turn|6
|
|t:|1776109174
|switch|p1a: Slowking|Slowking-Galar, M|100/100
|-damage|p1a: Slowking|88/100|[from] Stealth Rock
|move|p2a: FANCY|Fiery Dance|p1a: Slowking
|-damage|p1a: Slowking|67/100
|
|upkeep
|turn|7
|
|t:|1776109186
|move|p2a: FANCY|Fiery Dance|p1a: Slowking
|-damage|p1a: Slowking|49/100
|move|p1a: Slowking|Psyshock|p2a: FANCY
|-supereffective|p2a: FANCY
|-damage|p2a: FANCY|0 fnt
|faint|p2a: FANCY
|-end|p2a: FANCY|Quark Drive|[silent]
|
|upkeep
|
|t:|1776109192
|switch|p2a: SLAUGHTER|Darkrai, shiny|30/100
|turn|8
|
|t:|1776109197
|switch|p1a: Zamazenta|Zamazenta|100/100
|-damage|p1a: Zamazenta|94/100|[from] Stealth Rock
|move|p2a: SLAUGHTER|Dark Pulse|p1a: Zamazenta
|-resisted|p1a: Zamazenta
|-damage|p1a: Zamazenta|70/100
|-damage|p2a: SLAUGHTER|20/100|[from] item: Life Orb
|
|-heal|p1a: Zamazenta|76/100|[from] item: Leftovers
|upkeep
|turn|9
|
|t:|1776109203
|switch|p2a: STARS ALIGN|Zamazenta, shiny|100/100
|-ability|p2a: STARS ALIGN|Dauntless Shield|boost
|-boost|p2a: STARS ALIGN|def|1
|move|p1a: Zamazenta|Body Press|p2a: STARS ALIGN
|-damage|p2a: STARS ALIGN|79/100
|
|-heal|p2a: STARS ALIGN|85/100|[from] item: Leftovers
|-heal|p1a: Zamazenta|82/100|[from] item: Leftovers
|upkeep
|turn|10
|
|t:|1776109209
|switch|p1a: Landorus|Landorus-Therian, M|100/100
|-damage|p1a: Landorus|88/100|[from] Stealth Rock
|-ability|p1a: Landorus|Intimidate|boost
|-unboost|p2a: STARS ALIGN|atk|1
|move|p2a: STARS ALIGN|Body Press|p1a: Landorus
|-resisted|p1a: Landorus
|-damage|p1a: Landorus|59/100
|-damage|p2a: STARS ALIGN|69/100|[from] item: Rocky Helmet|[of] p1a: Landorus
|
|-heal|p2a: STARS ALIGN|75/100|[from] item: Leftovers
|upkeep
|turn|11
|
|t:|1776109217
|switch|p2a: ASTROTHUNDER|Ogerpon-Wellspring, F|100/100
|move|p1a: Landorus|U-turn|p2a: ASTROTHUNDER
|-supereffective|p2a: ASTROTHUNDER
|-damage|p2a: ASTROTHUNDER|39/100
|
|t:|1776109219
|switch|p1a: Cinderace|Cinderace, M|100/100|[from] U-turn
|
|upkeep
|turn|12
|
|t:|1776109241
|move|p1a: Cinderace|U-turn|p2a: ASTROTHUNDER
|-supereffective|p2a: ASTROTHUNDER
|-damage|p2a: ASTROTHUNDER|0 fnt
|faint|p2a: ASTROTHUNDER
|
|t:|1776109251
|switch|p1a: Zamazenta|Zamazenta|82/100|[from] U-turn
|-damage|p1a: Zamazenta|76/100|[from] Stealth Rock
|
|-heal|p1a: Zamazenta|82/100|[from] item: Leftovers
|upkeep
|
|t:|1776109258
|switch|p2a: HEADLINES|Raging Bolt|100/100
|-enditem|p2a: HEADLINES|Booster Energy
|-activate|p2a: HEADLINES|ability: Protosynthesis|[fromitem]
|-start|p2a: HEADLINES|protosynthesisspa
|turn|13
|
|t:|1776109271
|switch|p1a: Slowking|Slowking-Galar, M|82/100
|-damage|p1a: Slowking|70/100|[from] Stealth Rock
|move|p2a: HEADLINES|Dragon Pulse|p1a: Slowking
|-damage|p1a: Slowking|36/100
|
|upkeep
|turn|14
|
|t:|1776109278
|-terastallize|p1a: Slowking|Fairy
|move|p2a: HEADLINES|Dragon Pulse|p1a: Slowking
|-immune|p1a: Slowking
|move|p1a: Slowking|Sludge Bomb|p2a: HEADLINES
|-damage|p2a: HEADLINES|67/100
|-status|p2a: HEADLINES|psn
|
|-damage|p2a: HEADLINES|55/100 psn|[from] psn
|upkeep
|turn|15
|
|t:|1776109283
|switch|p1a: Landorus|Landorus-Therian, M|59/100
|-damage|p1a: Landorus|47/100|[from] Stealth Rock
|-ability|p1a: Landorus|Intimidate|boost
|-unboost|p2a: HEADLINES|atk|1
|move|p2a: HEADLINES|Dragon Pulse|p1a: Landorus
|-damage|p1a: Landorus|0 fnt
|faint|p1a: Landorus
|
|-damage|p2a: HEADLINES|42/100 psn|[from] psn
|upkeep
|
|t:|1776109288
|switch|p1a: Cinderace|Cinderace, M|100/100
|turn|16
|
|t:|1776109293
|move|p1a: Cinderace|Court Change|p1a: Cinderace
|-swapsideconditions
|-activate|p1a: Cinderace|move: Court Change
|move|p2a: HEADLINES|Thunderbolt|p1a: Cinderace
|-damage|p1a: Cinderace|14/100
|
|-damage|p2a: HEADLINES|30/100 psn|[from] psn
|upkeep
|turn|17
|
|t:|1776109307
|move|p1a: Cinderace|Pyro Ball|p2a: HEADLINES|[miss]
|-miss|p1a: Cinderace|p2a: HEADLINES
|move|p2a: HEADLINES|Thunderbolt|p1a: Cinderace
|-damage|p1a: Cinderace|0 fnt
|faint|p1a: Cinderace
|
|-damage|p2a: HEADLINES|18/100 psn|[from] psn
|upkeep
|
|t:|1776109309
|switch|p1a: Slowking|Slowking-Galar, M, tera:Fairy|69/100
|turn|18
|
|t:|1776109329
|move|p2a: HEADLINES|Thunderbolt|p1a: Slowking
|-damage|p1a: Slowking|34/100
|move|p1a: Slowking|Sludge Bomb|p2a: HEADLINES
|-damage|p2a: HEADLINES|0 fnt
|faint|p2a: HEADLINES
|-end|p2a: HEADLINES|Protosynthesis|[silent]
|
|upkeep
|
|t:|1776109336
|switch|p2a: SLAUGHTER|Darkrai, shiny|20/100
|-damage|p2a: SLAUGHTER|8/100|[from] Stealth Rock
|turn|19
|
|t:|1776109342
|switch|p1a: Ogerpon|Ogerpon-Wellspring, F|100/100
|move|p2a: SLAUGHTER|Sludge Bomb|p1a: Ogerpon
|-supereffective|p1a: Ogerpon
|-damage|p1a: Ogerpon|0 fnt
|faint|p1a: Ogerpon
|-damage|p2a: SLAUGHTER|0 fnt|[from] item: Life Orb
|faint|p2a: SLAUGHTER
|
|upkeep
|
|t:|1776109348
|switch|p2a: STARS ALIGN|Zamazenta, shiny|75/100
|switch|p1a: Slowking|Slowking-Galar, M, tera:Fairy|67/100
|-damage|p2a: STARS ALIGN|69/100|[from] Stealth Rock
|turn|20
|
|t:|1776109373
|-terastallize|p2a: STARS ALIGN|Fire
|move|p2a: STARS ALIGN|Heavy Slam|p1a: Slowking
|-supereffective|p1a: Slowking
|-damage|p1a: Slowking|32/100
|move|p1a: Slowking|Sludge Bomb|p2a: STARS ALIGN
|-damage|p2a: STARS ALIGN|27/100
|-status|p2a: STARS ALIGN|psn
|
|-heal|p2a: STARS ALIGN|33/100 psn|[from] item: Leftovers
|-damage|p2a: STARS ALIGN|21/100 psn|[from] psn
|upkeep
|turn|21
|c|☆Lsa2999|hax
|c|+zRyan74|lsa the woat
|c|☆Prav33n|i missed a lot of moves this game
|inactive|Prav33n has 270 seconds left.
|c|☆Prav33n|too
|c|☆Lsa2999|idc
|c|☆Lsa2999|u won
|
|t:|1776109416
|move|p2a: STARS ALIGN|Heavy Slam|p1a: Slowking
|-supereffective|p1a: Slowking
|-damage|p1a: Slowking|1/100
|move|p1a: Slowking|Sludge Bomb|p2a: STARS ALIGN
|-damage|p2a: STARS ALIGN|0 fnt
|faint|p2a: STARS ALIGN
|
|win|Prav33n
|c|☆Prav33n|gg
|c|☆Lsa2999|gg
|player|p2|
|c|+longestbanana|lsa2999
|c|+longestbanana|u got smashed
