|html|<div class="broadcast-blue"><strong>[Gen 9] OU is currently suspecting Tera Blast! For information on how to participate check out the <a href="https://www.smogon.com/tools/suspects/view/200">suspect thread</a>.</strong></div>
|j|☆DampRockstar
|j|☆cyclepaf
|t:|1776054170
|gametype|singles
|player|p1|DampRockstar|hoopster|1376
|player|p2|cyclepaf|cynthia|1373
|gen|9
|tier|[Gen 9] OU
|rated|
|rule|HP Percentage Mod: HP is shown in percentages
|rule|Endless Battle Clause: Forcing endless battles is banned
|rule|Species Clause: Limit one of each Pokémon
|rule|OHKO Clause: OHKO moves are banned
|rule|Evasion Items Clause: Evasion items are banned
|rule|Evasion Moves Clause: Evasion moves are banned
|rule|Evasion Abilities Clause: Evasion abilities are banned
|rule|Sleep Moves Clause: Sleep-inducing moves are banned
|clearpoke
|poke|p1|Cinderace, M|
|poke|p1|Kingambit, F|
|poke|p1|Iron Valiant|
|poke|p1|Gholdengo|
|poke|p1|Rotom-Wash|
|poke|p1|Great Tusk|
|poke|p2|Pecharunt|
|poke|p2|Meloetta|
|poke|p2|Hoopa-Unbound|
|poke|p2|Darkrai|
|poke|p2|Scizor, M|
|poke|p2|Ceruledge, M|
|teampreview
|inactive|Battle timer is ON: inactive players will automatically lose when time's up. (requested by DampRockstar)
|inactive|cyclepaf has 120 seconds left.
|
|t:|1776054202
|teamsize|p1|6
|teamsize|p2|6
|start
|switch|p1a: Cinderace|Cinderace, M, shiny|100/100
|switch|p2a: Meloetta|Meloetta|100/100
|turn|1
|
|t:|1776054212
|switch|p2a: Ceruledge|Ceruledge, M|100/100
|move|p1a: Cinderace|U-turn|p2a: Ceruledge
|-start|p1a: Cinderace|typechange|Bug|[from] ability: Libero
|-resisted|p2a: Ceruledge
|-damage|p2a: Ceruledge|88/100
|-ability|p2a: Ceruledge|Weak Armor|boost
|-unboost|p2a: Ceruledge|def|1
|-boost|p2a: Ceruledge|spe|2
|
|t:|1776054224
|switch|p1a: Rotom|Rotom-Wash, shiny|100/100|[from] U-turn
|
|upkeep
|turn|2
|
|t:|1776054233
|move|p2a: Ceruledge|Destiny Bond|p2a: Ceruledge
|-singlemove|p2a: Ceruledge|Destiny Bond
|move|p1a: Rotom|Thunder Wave|p2a: Ceruledge
|-status|p2a: Ceruledge|par
|
|upkeep
|turn|3
|
|t:|1776054243
|move|p2a: Ceruledge|Poltergeist|p1a: Rotom
|-activate|p1a: Rotom|move: Poltergeist|Leftovers
|-damage|p1a: Rotom|33/100
|move|p1a: Rotom|Volt Switch|p2a: Ceruledge
|-crit|p2a: Ceruledge
|-damage|p2a: Ceruledge|45/100 par
|
|t:|1776054251
|switch|p1a: Great Tusk|Great Tusk|100/100|[from] Volt Switch
|
|upkeep
|turn|4
|
|t:|1776054257
|move|p2a: Ceruledge|Destiny Bond|p2a: Ceruledge
|-singlemove|p2a: Ceruledge|Destiny Bond
|move|p1a: Great Tusk|Stealth Rock|p2a: Ceruledge
|-sidestart|p2: cyclepaf|move: Stealth Rock
|
|upkeep
|turn|5
|
|t:|1776054263
|cant|p2a: Ceruledge|par
|move|p1a: Great Tusk|Knock Off|p2a: Ceruledge
|-supereffective|p2a: Ceruledge
|-damage|p2a: Ceruledge|0 fnt
|-enditem|p2a: Ceruledge|Focus Sash|[from] move: Knock Off|[of] p1a: Great Tusk
|faint|p2a: Ceruledge
|
|upkeep
|
|t:|1776054270
|switch|p2a: Meloetta|Meloetta|100/100
|-damage|p2a: Meloetta|88/100|[from] Stealth Rock
|turn|6
|
|t:|1776054275
|-end|p1a: Great Tusk|Protosynthesis|[silent]
|switch|p1a: Kingambit|Kingambit, F|100/100
|move|p2a: Meloetta|Psychic|p1a: Kingambit
|-immune|p1a: Kingambit
|
|upkeep
|turn|7
|
|t:|1776054290
|-terastallize|p2a: Meloetta|Fighting
|move|p2a: Meloetta|Focus Blast|p1a: Kingambit
|-supereffective|p1a: Kingambit
|-damage|p1a: Kingambit|0 fnt
|faint|p1a: Kingambit
|-end|p1a: Kingambit|fallenundefined|[silent]
|
|upkeep
|
|t:|1776054305
|switch|p1a: Iron Valiant|Iron Valiant|100/100
|-enditem|p1a: Iron Valiant|Booster Energy
|-activate|p1a: Iron Valiant|ability: Quark Drive|[fromitem]
|-start|p1a: Iron Valiant|quarkdrivespe
|turn|8
|
|t:|1776054310
|move|p1a: Iron Valiant|Calm Mind|p1a: Iron Valiant
|-boost|p1a: Iron Valiant|spa|1
|-boost|p1a: Iron Valiant|spd|1
|move|p2a: Meloetta|Psychic|p1a: Iron Valiant
|-supereffective|p1a: Iron Valiant
|-damage|p1a: Iron Valiant|0 fnt
|faint|p1a: Iron Valiant
|-end|p1a: Iron Valiant|Quark Drive|[silent]
|
|upkeep
|-message|cyclepaf forfeited.
|
|win|DampRockstar
|raw|DampRockstar's rating: 1376 &rarr; <strong>1396</strong><br />(+20 for winning)
|raw|cyclepaf's rating: 1373 &rarr; <strong>1353</strong><br />(-20 for losing)
|l|☆cyclepaf
|player|p2|
|l|☆DampRockstar
|player|p1|
