|html|<div class="broadcast-blue"><strong>[Gen 9] OU is currently suspecting Tera Blast! For information on how to participate check out the <a href="https://www.smogon.com/tools/suspects/view/200">suspect thread</a>.</strong></div>
|j|☆rhlic
|j|☆ihateclodsire
|inactive|Battle timer is ON: inactive players will automatically lose when time's up.
|t:|1776047689
|gametype|singles
|player|p1|rhlic|blue-masters|
|player|p2|ihateclodsire|elio|
|gen|9
|tier|[Gen 9] OU
|rated|Tournament battle
|rule|HP Percentage Mod: HP is shown in percentages
|rule|Endless Battle Clause: Forcing endless battles is banned
|rule|Species Clause: Limit one of each Pokémon
|rule|OHKO Clause: OHKO moves are banned
|rule|Evasion Items Clause: Evasion items are banned
|rule|Evasion Moves Clause: Evasion moves are banned
|rule|Evasion Abilities Clause: Evasion abilities are banned
|rule|Sleep Moves Clause: Sleep-inducing moves are banned
|clearpoke
|poke|p1|Dragapult, M|
|poke|p1|Landorus-Therian, M|
|poke|p1|Dragonite, M|
|poke|p1|Kingambit, M|
|poke|p1|Zapdos|
|poke|p1|Alomomola, M|
|poke|p2|Indeedee, M|
|poke|p2|Armarouge, M|
|poke|p2|Hatterene, F|
|poke|p2|Polteageist|
|poke|p2|Hawlucha, F|
|poke|p2|Maushold|
|teampreview
|j| BB-8-NU
|j|*Lady Monita 
|inactive|ihateclodsire also wants the timer to be on.
|inactive|rhlic also wants the timer to be on.
|j| kiriegl00m
|j| clown world pepe
|j| EmperorGTR
|j| pacdan111
|j| xMajestyCz.
|
|t:|1776047717
|teamsize|p1|6
|teamsize|p2|6
|start
|switch|p1a: Landorus|Landorus-Therian, M|100/100
|switch|p2a: Indeedee|Indeedee, M|100/100
|-fieldstart|move: Psychic Terrain|[from] ability: Psychic Surge|[of] p2a: Indeedee
|-ability|p1a: Landorus|Intimidate|boost
|-unboost|p2a: Indeedee|atk|1
|turn|1
|
|t:|1776047720
|move|p2a: Indeedee|Expanding Force|p1a: Landorus
|-damage|p1a: Landorus|27/100
|move|p1a: Landorus|U-turn|p2a: Indeedee
|-supereffective|p2a: Indeedee
|-damage|p2a: Indeedee|18/100
|
|t:|1776047726
|switch|p1a: Zapdos|Zapdos|100/100|[from] U-turn
|
|upkeep
|turn|2
|
|t:|1776047728
|switch|p2a: Hatterene|Hatterene, F|100/100
|move|p1a: Zapdos|Volt Switch|p2a: Hatterene
|-damage|p2a: Hatterene|65/100
|-enditem|p2a: Hatterene|Eject Button
|j| jongseobs 1 fanboy
|
|t:|1776047732
|switch|p2a: Polteageist|Polteageist|100/100
|
|upkeep
|turn|3
|
|t:|1776047735
|move|p1a: Zapdos|Thunder|p2a: Polteageist
|-damage|p2a: Polteageist|34/100
|-status|p2a: Polteageist|par
|move|p2a: Polteageist|Shell Smash|p2a: Polteageist
|-unboost|p2a: Polteageist|def|1
|-unboost|p2a: Polteageist|spd|1
|-boost|p2a: Polteageist|atk|2
|-boost|p2a: Polteageist|spa|2
|-boost|p2a: Polteageist|spe|2
|
|upkeep
|turn|4
|
|t:|1776047740
|move|p1a: Zapdos|Volt Switch|p2a: Polteageist
|-damage|p2a: Polteageist|0 fnt
|faint|p2a: Polteageist
|
|t:|1776047748
|switch|p1a: Dragapult|Dragapult, M|100/100|[from] Volt Switch
|
|upkeep
|
|t:|1776047758
|switch|p2a: Maushold|Maushold|100/100
|turn|5
|
|t:|1776047760
|move|p1a: Dragapult|Draco Meteor|p2a: Maushold
|-damage|p2a: Maushold|0 fnt
|-unboost|p1a: Dragapult|spa|2
|faint|p2a: Maushold
|
|upkeep
|
|t:|1776047763
|switch|p2a: Hawlucha|Hawlucha, F|100/100
|-enditem|p2a: Hawlucha|Psychic Seed
|-boost|p2a: Hawlucha|spd|1|[from] item: Psychic Seed
|turn|6
|
|t:|1776047766
|switch|p1a: Alomomola|Alomomola, M|100/100
|move|p2a: Hawlucha|Swords Dance|p2a: Hawlucha
|-boost|p2a: Hawlucha|atk|2
|
|upkeep
|turn|7
|
|t:|1776047769
|move|p2a: Hawlucha|Swords Dance|p2a: Hawlucha
|-boost|p2a: Hawlucha|atk|2
|move|p1a: Alomomola|Scald|p2a: Hawlucha
|-damage|p2a: Hawlucha|87/100
|-status|p2a: Hawlucha|brn
|
|-damage|p2a: Hawlucha|80/100 brn|[from] brn
|upkeep
|turn|8
|
|t:|1776047772
|move|p2a: Hawlucha|Swords Dance|p2a: Hawlucha
|-boost|p2a: Hawlucha|atk|2
|move|p1a: Alomomola|Flip Turn|p2a: Hawlucha
|-damage|p2a: Hawlucha|62/100 brn
|
|t:|1776047775
|switch|p1a: Zapdos|Zapdos|100/100|[from] Flip Turn
|
|-damage|p2a: Hawlucha|56/100 brn|[from] brn
|-fieldend|move: Psychic Terrain
|upkeep
|turn|9
|
|t:|1776047782
|-terastallize|p2a: Hawlucha|Ground
|move|p2a: Hawlucha|Close Combat|p1a: Zapdos
|-resisted|p1a: Zapdos
|-damage|p1a: Zapdos|34/100
|-unboost|p2a: Hawlucha|def|1
|-unboost|p2a: Hawlucha|spd|1
|move|p1a: Zapdos|Volt Switch|p2a: Hawlucha
|-immune|p2a: Hawlucha
|
|-damage|p2a: Hawlucha|50/100 brn|[from] brn
|upkeep
|turn|10
|
|t:|1776047786
|move|p2a: Hawlucha|Acrobatics|p1a: Zapdos
|-resisted|p1a: Zapdos
|-damage|p1a: Zapdos|0 fnt
|faint|p1a: Zapdos
|
|-damage|p2a: Hawlucha|44/100 brn|[from] brn
|upkeep
|
|t:|1776047790
|switch|p1a: Dragonite|Dragonite, M|100/100
|turn|11
|
|t:|1776047794
|switch|p2a: Indeedee|Indeedee, M|18/100
|-fieldstart|move: Psychic Terrain|[from] ability: Psychic Surge|[of] p2a: Indeedee
|move|p1a: Dragonite|Dragon Dance|p1a: Dragonite
|-boost|p1a: Dragonite|atk|1
|-boost|p1a: Dragonite|spe|1
|
|upkeep
|turn|12
|
|t:|1776047797
|move|p1a: Dragonite|Earthquake|p2a: Indeedee
|-damage|p2a: Indeedee|0 fnt
|faint|p2a: Indeedee
|
|upkeep
|
|t:|1776047801
|switch|p2a: Hawlucha|Hawlucha, F, tera:Ground|44/100 brn
|turn|13
|
|t:|1776047805
|move|p1a: Dragonite|Earthquake|p2a: Hawlucha
|-damage|p2a: Hawlucha|0 fnt
|faint|p2a: Hawlucha
|
|upkeep
|
|t:|1776047808
|switch|p2a: Hatterene|Hatterene, F|65/100
|turn|14
|j| LPDP
|
|t:|1776047812
|move|p1a: Dragonite|Earthquake|p2a: Hatterene
|-damage|p2a: Hatterene|20/100
|move|p2a: Hatterene|Nuzzle|p1a: Dragonite
|-damage|p1a: Dragonite|98/100
|-status|p1a: Dragonite|par
|
|upkeep
|turn|15
|
|t:|1776047815
|move|p1a: Dragonite|Earthquake|p2a: Hatterene
|-damage|p2a: Hatterene|0 fnt
|faint|p2a: Hatterene
|
|upkeep
|
|t:|1776047816
|switch|p2a: Armarouge|Armarouge, M|100/100
|turn|16
|
|t:|1776047821
|move|p2a: Armarouge|Endure|p2a: Armarouge
|-singleturn|p2a: Armarouge|move: Endure
|move|p1a: Dragonite|Earthquake|p2a: Armarouge
|-supereffective|p2a: Armarouge
|-activate|p2a: Armarouge|move: Endure
|-damage|p2a: Armarouge|1/100
|-ability|p2a: Armarouge|Weak Armor|boost
|-unboost|p2a: Armarouge|def|1
|-boost|p2a: Armarouge|spe|2
|-enditem|p2a: Armarouge|Weakness Policy
|-boost|p2a: Armarouge|atk|2|[from] item: Weakness Policy
|-boost|p2a: Armarouge|spa|2|[from] item: Weakness Policy
|
|upkeep
|turn|17
|
|t:|1776047825
|switch|p1a: Landorus|Landorus-Therian, M|27/100
|-ability|p1a: Landorus|Intimidate|boost
|-unboost|p2a: Armarouge|atk|1
|move|p2a: Armarouge|Expanding Force|p1a: Landorus
|-damage|p1a: Landorus|0 fnt
|faint|p1a: Landorus
|
|upkeep
|
|t:|1776047829
|switch|p1a: Alomomola|Alomomola, M|100/100
|turn|18
|
|t:|1776047830
|move|p2a: Armarouge|Expanding Force|p1a: Alomomola
|-damage|p1a: Alomomola|0 fnt
|faint|p1a: Alomomola
|
|-fieldend|move: Psychic Terrain
|upkeep
|
|t:|1776047834
|switch|p1a: Kingambit|Kingambit, M, shiny|100/100
|-activate|p1a: Kingambit|ability: Supreme Overlord
|-start|p1a: Kingambit|fallen3|[silent]
|turn|19
|
|t:|1776047838
|move|p2a: Armarouge|Endure|p2a: Armarouge
|-singleturn|p2a: Armarouge|move: Endure
|move|p1a: Kingambit|Sucker Punch||[still]
|-fail|p1a: Kingambit
|
|upkeep
|turn|20
|
|t:|1776047841
|move|p2a: Armarouge|Endure||[still]
|-fail|p2a: Armarouge
|move|p1a: Kingambit|Sucker Punch||[still]
|-fail|p1a: Kingambit
|
|upkeep
|turn|21
|
|t:|1776047843
|move|p1a: Kingambit|Sucker Punch|p2a: Armarouge
|-supereffective|p2a: Armarouge
|-damage|p2a: Armarouge|0 fnt
|faint|p2a: Armarouge
|
|win|rhlic
|n|☆rhlic|rhlic
|n|☆ihateclodsire|ihateclodsire
|n| BB-8-NU|bb8nu
|n|*Lady Monita |ladymonita
|n| kiriegl00m|kiriegl00m
|n| clown world pepe|clownworldpepe
|n| EmperorGTR|emperorgtr
|n| pacdan111|pacdan111
|n| xMajestyCz.|xmajestycz
|n| jongseobs 1 fanboy|jongseobs1fanboy
|n| LPDP|lpdp
|l|*Lady Monita 
