|html|<div class="broadcast-blue"><strong>[Gen 9] OU is currently suspecting Tera Blast! For information on how to participate check out the <a href="https://www.smogon.com/tools/suspects/view/200">suspect thread</a>.</strong></div>
|j|☆ssleps
|j|☆Ksaqei
|t:|1776082608
|gametype|singles
|player|p1|ssleps|silver|1408
|player|p2|Ksaqei|169|1367
|gen|9
|tier|[Gen 9] OU
|rated|
|rule|HP Percentage Mod: HP is shown in percentages
|rule|Endless Battle Clause: Forcing endless battles is banned
|rule|Species Clause: Limit one of each Pokémon
|rule|OHKO Clause: OHKO moves are banned
|rule|Evasion Items Clause: Evasion items are banned
|rule|Evasion Moves Clause: Evasion moves are banned
|rule|Evasion Abilities Clause: Evasion abilities are banned
|rule|Sleep Moves Clause: Sleep-inducing moves are banned
|clearpoke
|poke|p1|Heatran, M|
|poke|p1|Rillaboom, M|
|poke|p1|Ogerpon-Wellspring, F|
|poke|p1|Dragapult, M|
|poke|p1|Great Tusk|
|poke|p1|Bronzong|
|poke|p2|Forretress, F|
|poke|p2|Kyurem|
|poke|p2|Raging Bolt|
|poke|p2|Skeledirge, F|
|poke|p2|Gholdengo|
|poke|p2|Primarina, M|
|teampreview
|inactive|Battle timer is ON: inactive players will automatically lose when time's up. (requested by Ksaqei)
|
|t:|1776082623
|teamsize|p1|6
|teamsize|p2|6
|start
|switch|p1a: Starlink|Bronzong, shiny|100/100
|switch|p2a: Forretress|Forretress, F|100/100
|turn|1
|
|t:|1776082634
|move|p2a: Forretress|Stealth Rock|p1a: Starlink
|-sidestart|p1: ssleps|move: Stealth Rock
|move|p1a: Starlink|Stealth Rock|p2a: Forretress
|-sidestart|p2: Ksaqei|move: Stealth Rock
|
|upkeep
|turn|2
|
|t:|1776082641
|switch|p1a: Starburst|Great Tusk|100/100
|move|p2a: Forretress|Lunge|p1a: Starburst
|-resisted|p1a: Starburst
|-damage|p1a: Starburst|92/100
|-unboost|p1a: Starburst|atk|1
|
|upkeep
|turn|3
|
|t:|1776082651
|move|p1a: Starburst|Headlong Rush|p2a: Forretress
|-damage|p2a: Forretress|78/100
|-unboost|p1a: Starburst|def|1
|-unboost|p1a: Starburst|spd|1
|-damage|p1a: Starburst|76/100|[from] item: Rocky Helmet|[of] p2a: Forretress
|move|p2a: Forretress|Earth Power|p1a: Starburst
|-damage|p1a: Starburst|43/100
|
|upkeep
|turn|4
|
|t:|1776082665
|move|p1a: Starburst|Rapid Spin|p2a: Forretress
|-resisted|p2a: Forretress
|-damage|p2a: Forretress|75/100
|-boost|p1a: Starburst|spe|1
|-damage|p1a: Starburst|27/100|[from] item: Rocky Helmet|[of] p2a: Forretress
|-sideend|p1: ssleps|Stealth Rock|[from] move: Rapid Spin|[of] p1a: Starburst
|move|p2a: Forretress|Earth Power|p1a: Starburst
|-damage|p1a: Starburst|0 fnt
|faint|p1a: Starburst
|-end|p1a: Starburst|Protosynthesis|[silent]
|
|upkeep
|
|t:|1776082675
|switch|p1a: Starscream|Dragapult, M|100/100
|turn|5
|
|t:|1776082683
|move|p1a: Starscream|Flamethrower|p2a: Forretress
|-supereffective|p2a: Forretress
|-damage|p2a: Forretress|0 fnt
|faint|p2a: Forretress
|
|upkeep
|
|t:|1776082688
|switch|p2a: Primarina|Primarina, M|100/100
|-damage|p2a: Primarina|88/100|[from] Stealth Rock
|turn|6
|
|t:|1776082695
|switch|p1a: Stardrum|Rillaboom, M|100/100
|-fieldstart|move: Grassy Terrain|[from] ability: Grassy Surge|[of] p1a: Stardrum
|move|p2a: Primarina|Hyper Voice|p1a: Stardrum
|-resisted|p1a: Stardrum
|-damage|p1a: Stardrum|74/100
|
|-heal|p1a: Stardrum|80/100|[from] Grassy Terrain
|-heal|p2a: Primarina|94/100|[from] Grassy Terrain
|upkeep
|turn|7
|
|t:|1776082709
|switch|p2a: Kyurem|Kyurem|100/100
|-damage|p2a: Kyurem|76/100|[from] Stealth Rock
|-ability|p2a: Kyurem|Pressure
|move|p1a: Stardrum|U-turn|p2a: Kyurem
|-damage|p2a: Kyurem|55/100
|
|t:|1776082719
|switch|p1a: Starforce|Ogerpon-Wellspring, F|100/100|[from] U-turn
|
|-heal|p2a: Kyurem|61/100|[from] Grassy Terrain
|upkeep
|turn|8
|
|t:|1776082726
|move|p1a: Starforce|Play Rough|p2a: Kyurem
|-supereffective|p2a: Kyurem
|-damage|p2a: Kyurem|0 fnt
|faint|p2a: Kyurem
|
|upkeep
|
|t:|1776082733
|switch|p2a: Skeledirge|Skeledirge, F|100/100
|-damage|p2a: Skeledirge|75/100|[from] Stealth Rock
|turn|9
|
|t:|1776082738
|move|p1a: Starforce|Swords Dance|p1a: Starforce
|-boost|p1a: Starforce|atk|2
|move|p2a: Skeledirge|Torch Song|p1a: Starforce
|-damage|p1a: Starforce|56/100
|-boost|p2a: Skeledirge|spa|1
|
|-heal|p1a: Starforce|62/100|[from] Grassy Terrain
|-heal|p2a: Skeledirge|82/100|[from] Grassy Terrain
|upkeep
|turn|10
|
|t:|1776082749
|-terastallize|p2a: Skeledirge|Grass
|move|p1a: Starforce|Ivy Cudgel|p2a: Skeledirge|[anim] Ivy Cudgel Water
|-resisted|p2a: Skeledirge
|-damage|p2a: Skeledirge|28/100
|move|p2a: Skeledirge|Shadow Ball|p1a: Starforce
|-damage|p1a: Starforce|0 fnt
|faint|p1a: Starforce
|
|-heal|p2a: Skeledirge|34/100|[from] Grassy Terrain
|upkeep
|
|t:|1776082764
|switch|p1a: Starblaze|Heatran, M|100/100
|turn|11
|
|t:|1776082768
|move|p1a: Starblaze|Magma Storm|p2a: Skeledirge
|-supereffective|p2a: Skeledirge
|-damage|p2a: Skeledirge|0 fnt
|faint|p2a: Skeledirge
|
|upkeep
|
|t:|1776082775
|switch|p2a: Primarina|Primarina, M|94/100
|-damage|p2a: Primarina|82/100|[from] Stealth Rock
|turn|12
|
|t:|1776082789
|-terastallize|p1a: Starblaze|Grass
|move|p1a: Starblaze|Magma Storm|p2a: Primarina
|-resisted|p2a: Primarina
|-damage|p2a: Primarina|69/100
|-activate|p2a: Primarina|move: Magma Storm|[of] p1a: Starblaze
|move|p2a: Primarina|Moonblast|p1a: Starblaze
|-damage|p1a: Starblaze|68/100
|-unboost|p1a: Starblaze|spa|1
|
|-heal|p1a: Starblaze|74/100|[from] Grassy Terrain
|-heal|p1a: Starblaze|80/100|[from] item: Leftovers
|-heal|p2a: Primarina|75/100|[from] Grassy Terrain
|-damage|p2a: Primarina|62/100|[from] move: Magma Storm|[partiallytrapped]
|upkeep
|turn|13
|
|t:|1776082804
|move|p1a: Starblaze|Heavy Slam|p2a: Primarina
|-damage|p2a: Primarina|19/100
|move|p2a: Primarina|Moonblast|p1a: Starblaze
|-crit|p1a: Starblaze
|-damage|p1a: Starblaze|32/100
|
|-heal|p1a: Starblaze|38/100|[from] Grassy Terrain
|-heal|p1a: Starblaze|44/100|[from] item: Leftovers
|-heal|p2a: Primarina|25/100|[from] Grassy Terrain
|-damage|p2a: Primarina|12/100|[from] move: Magma Storm|[partiallytrapped]
|-fieldend|move: Grassy Terrain
|upkeep
|turn|14
|
|t:|1776082818
|move|p2a: Primarina|Aqua Jet|p1a: Starblaze
|-resisted|p1a: Starblaze
|-crit|p1a: Starblaze
|-damage|p1a: Starblaze|37/100
|move|p1a: Starblaze|Heavy Slam|p2a: Primarina
|-crit|p2a: Primarina
|-damage|p2a: Primarina|0 fnt
|faint|p2a: Primarina
|
|-heal|p1a: Starblaze|44/100|[from] item: Leftovers
|upkeep
|
|t:|1776082829
|switch|p2a: Raging Bolt|Raging Bolt|100/100
|-damage|p2a: Raging Bolt|88/100|[from] Stealth Rock
|-item|p2a: Raging Bolt|Air Balloon
|turn|15
|
|t:|1776082835
|move|p1a: Starblaze|Magma Storm|p2a: Raging Bolt
|-resisted|p2a: Raging Bolt
|-damage|p2a: Raging Bolt|76/100
|-activate|p2a: Raging Bolt|move: Magma Storm|[of] p1a: Starblaze
|-enditem|p2a: Raging Bolt|Air Balloon
|move|p2a: Raging Bolt|Calm Mind|p2a: Raging Bolt
|-boost|p2a: Raging Bolt|spa|1
|-boost|p2a: Raging Bolt|spd|1
|
|-heal|p1a: Starblaze|50/100|[from] item: Leftovers
|-damage|p2a: Raging Bolt|63/100|[from] move: Magma Storm|[partiallytrapped]
|upkeep
|turn|16
|
|t:|1776082846
|move|p1a: Starblaze|Earth Power|p2a: Raging Bolt
|-supereffective|p2a: Raging Bolt
|-damage|p2a: Raging Bolt|45/100
|move|p2a: Raging Bolt|Thunderbolt|p1a: Starblaze
|-resisted|p1a: Starblaze
|-damage|p1a: Starblaze|28/100
|
|-heal|p1a: Starblaze|34/100|[from] item: Leftovers
|-damage|p2a: Raging Bolt|32/100|[from] move: Magma Storm|[partiallytrapped]
|upkeep
|turn|17
|
|t:|1776082861
|move|p1a: Starblaze|Earth Power|p2a: Raging Bolt
|-supereffective|p2a: Raging Bolt
|-damage|p2a: Raging Bolt|12/100
|move|p2a: Raging Bolt|Draco Meteor|p1a: Starblaze
|-crit|p1a: Starblaze
|-damage|p1a: Starblaze|0 fnt
|-unboost|p2a: Raging Bolt|spa|2
|faint|p1a: Starblaze
|
|-end|p2a: Raging Bolt|Magma Storm|[partiallytrapped]|[silent]
|upkeep
|
|t:|1776082874
|switch|p1a: Stardrum|Rillaboom, M|80/100
|-fieldstart|move: Grassy Terrain|[from] ability: Grassy Surge|[of] p1a: Stardrum
|turn|18
|
|t:|1776082878
|move|p1a: Stardrum|Grassy Glide|p2a: Raging Bolt
|-resisted|p2a: Raging Bolt
|-damage|p2a: Raging Bolt|0 fnt
|faint|p2a: Raging Bolt
|-end|p2a: Raging Bolt|Protosynthesis|[silent]
|
|-heal|p1a: Stardrum|86/100|[from] Grassy Terrain
|upkeep
|-message|Ksaqei forfeited.
|
|win|ssleps
|raw|ssleps's rating: 1408 &rarr; <strong>1426</strong><br />(+18 for winning)
|raw|Ksaqei's rating: 1367 &rarr; <strong>1349</strong><br />(-18 for losing)
|l|☆Ksaqei
|player|p2|
|l|☆ssleps
|player|p1|
