|html|<div class="broadcast-blue"><strong>[Gen 9] OU is currently suspecting Tera Blast! For information on how to participate check out the <a href="https://www.smogon.com/tools/suspects/view/200">suspect thread</a>.</strong></div>
|j|☆nyalicethotep
|j|☆SteampunkFurret
|t:|1776055251
|gametype|singles
|player|p1|nyalicethotep|palmer|1167
|player|p2|SteampunkFurret|lass-gen4dp|1167
|gen|9
|tier|[Gen 9] OU
|rated|
|rule|HP Percentage Mod: HP is shown in percentages
|rule|Endless Battle Clause: Forcing endless battles is banned
|rule|Species Clause: Limit one of each Pokémon
|rule|OHKO Clause: OHKO moves are banned
|rule|Evasion Items Clause: Evasion items are banned
|rule|Evasion Moves Clause: Evasion moves are banned
|rule|Evasion Abilities Clause: Evasion abilities are banned
|rule|Sleep Moves Clause: Sleep-inducing moves are banned
|clearpoke
|poke|p1|Dragapult, F|
|poke|p1|Alomomola, F|
|poke|p1|Ting-Lu|
|poke|p1|Kyurem|
|poke|p1|Weezing-Galar, F|
|poke|p1|Corviknight, F|
|poke|p2|Skarmory, M|
|poke|p2|Slowking, M|
|poke|p2|Zamazenta-*|
|poke|p2|Weezing-Galar, F|
|poke|p2|Tornadus-Therian, M|
|poke|p2|Metagross|
|teampreview
|
|t:|1776055281
|teamsize|p1|6
|teamsize|p2|6
|start
|switch|p1a: Marie Adler|Dragapult, F|100/100
|switch|p2a: Metagross|Metagross|100/100
|turn|1
|
|t:|1776055308
|-terastallize|p2a: Metagross|Dark
|move|p1a: Marie Adler|U-turn|p2a: Metagross
|-supereffective|p2a: Metagross
|-damage|p2a: Metagross|52/100
|
|t:|1776055312
|switch|p1a: Hale|Alomomola, F|100/100|[from] U-turn
|move|p2a: Metagross|Knock Off|p1a: Hale
|-damage|p1a: Hale|74/100
|-damage|p2a: Metagross|36/100|[from] item: Rocky Helmet|[of] p1a: Hale
|-enditem|p1a: Hale|Rocky Helmet|[from] move: Knock Off|[of] p2a: Metagross
|
|-heal|p2a: Metagross|42/100|[from] item: Leftovers
|upkeep
|turn|2
|
|t:|1776055323
|move|p2a: Metagross|Stealth Rock|p1a: Hale
|-sidestart|p1: nyalicethotep|move: Stealth Rock
|move|p1a: Hale|Flip Turn|p2a: Metagross
|-damage|p2a: Metagross|30/100
|
|t:|1776055332
|switch|p1a: Marie Adler|Dragapult, F|100/100|[from] Flip Turn
|-damage|p1a: Marie Adler|88/100|[from] Stealth Rock
|
|-heal|p2a: Metagross|36/100|[from] item: Leftovers
|upkeep
|turn|3
|
|t:|1776055341
|switch|p2a: Skarmory|Skarmory, M|100/100
|move|p1a: Marie Adler|U-turn|p2a: Skarmory
|-resisted|p2a: Skarmory
|-damage|p2a: Skarmory|93/100
|-damage|p1a: Marie Adler|72/100|[from] item: Rocky Helmet|[of] p2a: Skarmory
|
|t:|1776055344
|switch|p1a: Smoker|Weezing-Galar, F|100/100|[from] U-turn
|-ability|p1a: Smoker|Neutralizing Gas
|-damage|p1a: Smoker|88/100|[from] Stealth Rock
|
|-heal|p1a: Smoker|94/100|[from] item: Leftovers
|upkeep
|turn|4
|
|t:|1776055360
|switch|p2a: Slowking|Slowking, M|100/100
|move|p1a: Smoker|Defog|p2a: Slowking
|-unboost|p2a: Slowking|evasion|1
|-sideend|p1: nyalicethotep|Stealth Rock|[from] move: Defog|[of] p1a: Smoker
|
|-heal|p1a: Smoker|99/100|[from] item: Leftovers
|upkeep
|turn|5
|
|t:|1776055374
|-end|p1a: Smoker|ability: Neutralizing Gas
|switch|p1a: Hale|Alomomola, F|100/100
|move|p2a: Slowking|Thunder Wave|p1a: Hale
|-status|p1a: Hale|par
|
|upkeep
|turn|6
|
|t:|1776055380
|cant|p1a: Hale|par
|move|p2a: Slowking|Future Sight|p1a: Hale
|-start|p2a: Slowking|move: Future Sight
|
|upkeep
|turn|7
|
|t:|1776055385
|move|p1a: Hale|Wish|p1a: Hale
|-prepare|p2a: Slowking|Chilly Reception|[premajor]
|move|p2a: Slowking|Chilly Reception|p2a: Slowking
|-weather|Snowscape
|
|t:|1776055395
|switch|p2a: Tornadus|Tornadus-Therian, M|100/100|[from] Chilly Reception
|
|-weather|Snowscape|[upkeep]
|upkeep
|turn|8
|
|t:|1776055401
|move|p2a: Tornadus|Nasty Plot|p2a: Tornadus
|-boost|p2a: Tornadus|spa|2
|move|p1a: Hale|Flip Turn|p2a: Tornadus
|-damage|p2a: Tornadus|79/100
|
|t:|1776055407
|switch|p1a: Marie Adler|Dragapult, F|72/100|[from] Flip Turn
|
|-weather|Snowscape|[upkeep]
|-end|p1a: Marie Adler|move: Future Sight
|-damage|p1a: Marie Adler|18/100
|-heal|p1a: Marie Adler|100/100|[from] move: Wish|[wisher] Hale
|upkeep
|turn|9
|
|t:|1776055416
|move|p1a: Marie Adler|Dragon Darts|p2a: Tornadus
|-damage|p2a: Tornadus|31/100
|-anim|p1a: Marie Adler|Dragon Darts|p2a: Tornadus
|-damage|p2a: Tornadus|0 fnt
|faint|p2a: Tornadus
|
|-weather|Snowscape|[upkeep]
|upkeep
|-message|SteampunkFurret forfeited.
|
|win|nyalicethotep
|raw|nyalicethotep's rating: 1167 &rarr; <strong>1192</strong><br />(+25 for winning)
|raw|SteampunkFurret's rating: 1167 &rarr; <strong>1142</strong><br />(-25 for losing)
