|html|<div class="broadcast-blue"><strong>[Gen 9] OU is currently suspecting Tera Blast! For information on how to participate check out the <a href="https://www.smogon.com/tools/suspects/view/200">suspect thread</a>.</strong></div>
|j|☆ItsLuminenn
|j|☆mintyfresh48(-~-)
|t:|1776084666
|gametype|singles
|player|p1|ItsLuminenn|iris-gen5bw2|1062
|player|p2|mintyfresh48(-~-)|mallow-masters|1071
|gen|9
|tier|[Gen 9] OU
|rated|
|rule|HP Percentage Mod: HP is shown in percentages
|rule|Endless Battle Clause: Forcing endless battles is banned
|rule|Species Clause: Limit one of each Pokémon
|rule|OHKO Clause: OHKO moves are banned
|rule|Evasion Items Clause: Evasion items are banned
|rule|Evasion Moves Clause: Evasion moves are banned
|rule|Evasion Abilities Clause: Evasion abilities are banned
|rule|Sleep Moves Clause: Sleep-inducing moves are banned
|clearpoke
|poke|p1|Iron Valiant|
|poke|p1|Rotom-Wash|
|poke|p1|Great Tusk|
|poke|p1|Gholdengo|
|poke|p1|Ogerpon-Wellspring, F|
|poke|p1|Tornadus-Therian, M|
|poke|p2|Greninja-*, M|
|poke|p2|Ceruledge, M|
|poke|p2|Garganacl, M|
|poke|p2|Tsareena, F|
|poke|p2|Sandaconda, M|
|poke|p2|Raging Bolt|
|teampreview
|
|t:|1776084670
|teamsize|p1|6
|teamsize|p2|6
|start
|switch|p1a: Iron Valiant|Iron Valiant|100/100
|switch|p2a: Jaja|Greninja, M|100/100
|-enditem|p1a: Iron Valiant|Booster Energy
|-activate|p1a: Iron Valiant|ability: Quark Drive|[fromitem]
|-start|p1a: Iron Valiant|quarkdrivespe
|turn|1
|
|t:|1776084685
|move|p2a: Jaja|Water Shuriken|p1a: Iron Valiant
|-start|p2a: Jaja|typechange|Water|[from] ability: Protean
|-damage|p1a: Iron Valiant|88/100
|-damage|p1a: Iron Valiant|76/100
|-damage|p1a: Iron Valiant|62/100
|-damage|p1a: Iron Valiant|51/100
|-hitcount|p1a: Iron Valiant|4
|move|p1a: Iron Valiant|Swords Dance|p1a: Iron Valiant
|-boost|p1a: Iron Valiant|atk|2
|
|upkeep
|turn|2
|
|t:|1776084695
|move|p2a: Jaja|Water Shuriken|p1a: Iron Valiant
|-damage|p1a: Iron Valiant|38/100
|-damage|p1a: Iron Valiant|25/100
|-crit|p1a: Iron Valiant
|-damage|p1a: Iron Valiant|5/100
|-damage|p1a: Iron Valiant|0 fnt
|faint|p1a: Iron Valiant
|-end|p1a: Iron Valiant|Quark Drive|[silent]
|-hitcount|p1: Iron Valiant|4
|
|upkeep
|
|t:|1776084699
|switch|p1a: Gholdengo|Gholdengo|100/100
|-item|p1a: Gholdengo|Air Balloon
|turn|3
|
|t:|1776084709
|-terastallize|p1a: Gholdengo|Fighting
|move|p2a: Jaja|Hydro Pump|p1a: Gholdengo|[miss]
|-miss|p2a: Jaja|p1a: Gholdengo
|move|p1a: Gholdengo|Nasty Plot|p1a: Gholdengo
|-boost|p1a: Gholdengo|spa|2
|
|upkeep
|turn|4
|
|t:|1776084715
|move|p2a: Jaja|Hydro Pump|p1a: Gholdengo
|-damage|p1a: Gholdengo|38/100
|-enditem|p1a: Gholdengo|Air Balloon
|move|p1a: Gholdengo|Thunderbolt|p2a: Jaja
|-supereffective|p2a: Jaja
|-damage|p2a: Jaja|0 fnt
|faint|p2a: Jaja
|
|upkeep
|inactive|Battle timer is ON: inactive players will automatically lose when time's up. (requested by ItsLuminenn)
|
|t:|1776084730
|switch|p2a: Tigger|Raging Bolt|100/100
|-enditem|p2a: Tigger|Booster Energy
|-activate|p2a: Tigger|ability: Protosynthesis|[fromitem]
|-start|p2a: Tigger|protosynthesisspa
|turn|5
|
|t:|1776084736
|move|p1a: Gholdengo|Shadow Ball|p2a: Tigger
|-damage|p2a: Tigger|31/100
|move|p2a: Tigger|Calm Mind|p2a: Tigger
|-boost|p2a: Tigger|spa|1
|-boost|p2a: Tigger|spd|1
|
|upkeep
|turn|6
|
|t:|1776084741
|move|p2a: Tigger|Thunderclap|p1a: Gholdengo
|-damage|p1a: Gholdengo|0 fnt
|faint|p1a: Gholdengo
|
|upkeep
|
|t:|1776084744
|switch|p1a: Great Tusk|Great Tusk|100/100
|-enditem|p1a: Great Tusk|Booster Energy
|-activate|p1a: Great Tusk|ability: Protosynthesis|[fromitem]
|-start|p1a: Great Tusk|protosynthesisatk
|turn|7
|
|t:|1776084747
|move|p1a: Great Tusk|Ice Spinner|p2a: Tigger
|-supereffective|p2a: Tigger
|-damage|p2a: Tigger|0 fnt
|faint|p2a: Tigger
|-end|p2a: Tigger|Protosynthesis|[silent]
|
|upkeep
|
|t:|1776084751
|switch|p2a: Tsuzy|Tsareena, F|100/100
|turn|8
|
|t:|1776084754
|move|p1a: Great Tusk|Ice Spinner|p2a: Tsuzy
|-supereffective|p2a: Tsuzy
|-damage|p2a: Tsuzy|12/100
|-enditem|p2a: Tsuzy|Weakness Policy
|-boost|p2a: Tsuzy|atk|2|[from] item: Weakness Policy
|-boost|p2a: Tsuzy|spa|2|[from] item: Weakness Policy
|move|p2a: Tsuzy|Trailblaze|p1a: Great Tusk
|-supereffective|p1a: Great Tusk
|-damage|p1a: Great Tusk|37/100
|-boost|p2a: Tsuzy|spe|1
|
|upkeep
|turn|9
|
|t:|1776084762
|move|p2a: Tsuzy|Trailblaze|p1a: Great Tusk
|-supereffective|p1a: Great Tusk
|-damage|p1a: Great Tusk|0 fnt
|-boost|p2a: Tsuzy|spe|1
|faint|p1a: Great Tusk
|-end|p1a: Great Tusk|Protosynthesis|[silent]
|
|upkeep
|
|t:|1776084766
|switch|p1a: Tornadus|Tornadus-Therian, M, shiny|100/100
|turn|10
|
|t:|1776084771
|move|p2a: Tsuzy|Triple Axel|p1a: Tornadus
|-supereffective|p1a: Tornadus
|-damage|p1a: Tornadus|70/100
|-supereffective|p1a: Tornadus
|-damage|p1a: Tornadus|7/100
|-supereffective|p1a: Tornadus
|-damage|p1a: Tornadus|0 fnt
|faint|p1a: Tornadus
|-hitcount|p1: Tornadus|3
|
|upkeep
|
|t:|1776084777
|switch|p1a: Rotom|Rotom-Wash|100/100
|turn|11
|
|t:|1776084782
|move|p2a: Tsuzy|Trailblaze|p1a: Rotom
|-supereffective|p1a: Rotom
|-damage|p1a: Rotom|0 fnt
|-boost|p2a: Tsuzy|spe|1
|faint|p1a: Rotom
|
|upkeep
|
|t:|1776084784
|switch|p1a: Ogerpon|Ogerpon-Wellspring, F|100/100
|turn|12
|
|t:|1776084789
|-terastallize|p2a: Tsuzy|Flying
|move|p2a: Tsuzy|Acrobatics|p1a: Ogerpon
|-supereffective|p1a: Ogerpon
|-damage|p1a: Ogerpon|0 fnt
|faint|p1a: Ogerpon
|
|win|mintyfresh48(-~-)
|raw|ItsLuminenn's rating: 1062 &rarr; <strong>1043</strong><br />(-19 for losing)
|raw|mintyfresh48(-~-)'s rating: 1071 &rarr; <strong>1100</strong><br />(+29 for winning)
|l|☆ItsLuminenn
|player|p1|
