|html|<div class="broadcast-blue"><strong>[Gen 9] OU is currently suspecting Tera Blast! For information on how to participate check out the <a href="https://www.smogon.com/tools/suspects/view/200">suspect thread</a>.</strong></div>
|j|☆Bosslayer9000
|j|☆UNTITLED007
|t:|1776091949
|gametype|singles
|player|p1|Bosslayer9000|169|1223
|player|p2|UNTITLED007|266|1239
|gen|9
|tier|[Gen 9] OU
|rated|
|rule|HP Percentage Mod: HP is shown in percentages
|rule|Endless Battle Clause: Forcing endless battles is banned
|rule|Species Clause: Limit one of each Pokémon
|rule|OHKO Clause: OHKO moves are banned
|rule|Evasion Items Clause: Evasion items are banned
|rule|Evasion Moves Clause: Evasion moves are banned
|rule|Evasion Abilities Clause: Evasion abilities are banned
|rule|Sleep Moves Clause: Sleep-inducing moves are banned
|clearpoke
|poke|p1|Pelipper, F|
|poke|p1|Clawitzer, F|
|poke|p1|Walking Wake|
|poke|p1|Torkoal, M|
|poke|p1|Ninetales-Alola, F|
|poke|p1|Rillaboom, M|
|poke|p2|Slowbro-Galar, M|
|poke|p2|Darkrai|
|poke|p2|Cinderace, F|
|poke|p2|Kyurem|
|poke|p2|Landorus-Therian, M|
|poke|p2|Dragapult, M|
|teampreview
|inactive|Battle timer is ON: inactive players will automatically lose when time's up. (requested by UNTITLED007)
|
|t:|1776091969
|teamsize|p1|6
|teamsize|p2|6
|start
|switch|p1a: Pelipper|Pelipper, F|100/100
|switch|p2a: Kyurem|Kyurem|100/100
|-ability|p2a: Kyurem|Pressure
|-weather|RainDance|[from] ability: Drizzle|[of] p1a: Pelipper
|turn|1
|
|t:|1776091976
|move|p2a: Kyurem|Freeze-Dry|p1a: Pelipper
|-supereffective|p1a: Pelipper
|-damage|p1a: Pelipper|0 fnt
|faint|p1a: Pelipper
|
|-weather|RainDance|[upkeep]
|upkeep
|
|t:|1776091985
|switch|p1a: Torkoal|Torkoal, M|100/100
|-weather|SunnyDay|[from] ability: Drought|[of] p1a: Torkoal
|turn|2
|
|t:|1776091993
|switch|p2a: Landorus|Landorus-Therian, M|100/100
|-ability|p2a: Landorus|Intimidate|boost
|-unboost|p1a: Torkoal|atk|1
|move|p1a: Torkoal|Weather Ball|p2a: Landorus
|-damage|p2a: Landorus|2/100
|-damage|p1a: Torkoal|91/100|[from] item: Life Orb
|
|-weather|SunnyDay|[upkeep]
|upkeep
|turn|3
|
|t:|1776092003
|switch|p1a: Ninetales|Ninetales-Alola, F|100/100
|-weather|Snowscape|[from] ability: Snow Warning|[of] p1a: Ninetales
|move|p2a: Landorus|Earthquake|p1a: Ninetales
|-damage|p1a: Ninetales|43/100
|
|-weather|Snowscape|[upkeep]
|upkeep
|turn|4
|
|t:|1776092009
|move|p2a: Landorus|Earthquake|p1a: Ninetales
|-damage|p1a: Ninetales|0 fnt
|faint|p1a: Ninetales
|
|-weather|Snowscape|[upkeep]
|upkeep
|
|t:|1776092015
|switch|p1a: Rillaboom|Rillaboom, M|100/100
|-fieldstart|move: Grassy Terrain|[from] ability: Grassy Surge|[of] p1a: Rillaboom
|turn|5
|
|t:|1776092025
|switch|p2a: Slowbro|Slowbro-Galar, M, shiny|100/100
|move|p1a: Rillaboom|Swords Dance|p1a: Rillaboom
|-boost|p1a: Rillaboom|atk|2
|
|-weather|Snowscape|[upkeep]
|upkeep
|turn|6
|-activate|p2a: Slowbro|ability: Quick Draw
|
|t:|1776092029
|move|p2a: Slowbro|Shell Side Arm|p1a: Rillaboom|[anim] Shell Side Arm Special
|-supereffective|p1a: Rillaboom
|-damage|p1a: Rillaboom|11/100
|-hint|Special Shell Side Arm
|-status|p1a: Rillaboom|psn
|move|p1a: Rillaboom|Knock Off|p2a: Slowbro
|-supereffective|p2a: Slowbro
|-damage|p2a: Slowbro|0 fnt
|-enditem|p2a: Slowbro|Quick Claw|[from] move: Knock Off|[of] p1a: Rillaboom
|faint|p2a: Slowbro
|-damage|p1a: Rillaboom|1/100 psn|[from] item: Life Orb
|
|-weather|Snowscape|[upkeep]
|-heal|p1a: Rillaboom|8/100 psn|[from] Grassy Terrain
|-damage|p1a: Rillaboom|0 fnt|[from] psn
|faint|p1a: Rillaboom
|upkeep
|
|t:|1776092046
|switch|p1a: Torkoal|Torkoal, M|91/100
|switch|p2a: Darkrai|Darkrai, shiny|100/100
|-weather|SunnyDay|[from] ability: Drought|[of] p1a: Torkoal
|turn|7
|
|t:|1776092050
|move|p2a: Darkrai|Dark Pulse|p1a: Torkoal
|-damage|p1a: Torkoal|22/100
|-damage|p2a: Darkrai|91/100|[from] item: Life Orb
|move|p1a: Torkoal|Weather Ball|p2a: Darkrai
|-damage|p2a: Darkrai|0 fnt
|faint|p2a: Darkrai
|-damage|p1a: Torkoal|12/100|[from] item: Life Orb
|
|-weather|SunnyDay|[upkeep]
|-heal|p1a: Torkoal|18/100|[from] Grassy Terrain
|upkeep
|inactive|UNTITLED007 has 120 seconds left.
|
|t:|1776092089
|switch|p2a: Cinderace|Cinderace, F|100/100
|turn|8
|c|☆Bosslayer9000|not bad for a jank team i'd say
|
|t:|1776092092
|move|p2a: Cinderace|Pyro Ball|p1a: Torkoal
|-resisted|p1a: Torkoal
|-damage|p1a: Torkoal|0 fnt
|faint|p1a: Torkoal
|
|-weather|SunnyDay|[upkeep]
|upkeep
|
|t:|1776092104
|switch|p1a: Clawitzer|Clawitzer, F, shiny|100/100
|turn|9
|
|t:|1776092118
|move|p2a: Cinderace|Gunk Shot|p1a: Clawitzer|[miss]
|-start|p2a: Cinderace|typechange|Poison|[from] ability: Libero
|-miss|p2a: Cinderace|p1a: Clawitzer
|move|p1a: Clawitzer|Water Pulse|p2a: Cinderace
|-damage|p2a: Cinderace|58/100
|-damage|p1a: Clawitzer|91/100|[from] item: Life Orb
|
|-weather|SunnyDay|[upkeep]
|-heal|p2a: Cinderace|64/100|[from] Grassy Terrain
|-heal|p1a: Clawitzer|97/100|[from] Grassy Terrain
|-fieldend|move: Grassy Terrain
|upkeep
|turn|10
|
|t:|1776092134
|move|p2a: Cinderace|Gunk Shot|p1a: Clawitzer|[miss]
|-miss|p2a: Cinderace|p1a: Clawitzer
|move|p1a: Clawitzer|Water Pulse|p2a: Cinderace
|-damage|p2a: Cinderace|18/100
|-start|p2a: Cinderace|confusion
|-damage|p1a: Clawitzer|87/100|[from] item: Life Orb
|
|-weather|SunnyDay|[upkeep]
|upkeep
|turn|11
|c|☆Bosslayer9000|no way
|
|t:|1776092164
|-activate|p2a: Cinderace|confusion
|-damage|p2a: Cinderace|1/100|[from] confusion
|move|p1a: Clawitzer|Water Pulse|p2a: Cinderace
|-damage|p2a: Cinderace|0 fnt
|faint|p2a: Cinderace
|-damage|p1a: Clawitzer|77/100|[from] item: Life Orb
|
|-weather|none
|upkeep
|
|t:|1776092169
|switch|p2a: Kyurem|Kyurem|100/100
|-ability|p2a: Kyurem|Pressure
|turn|12
|
|t:|1776092175
|-terastallize|p2a: Kyurem|Fairy
|move|p2a: Kyurem|Freeze-Dry|p1a: Clawitzer
|-supereffective|p1a: Clawitzer
|-damage|p1a: Clawitzer|0 fnt
|faint|p1a: Clawitzer
|
|upkeep
|
|t:|1776092177
|switch|p1a: Walking Wake|Walking Wake|100/100
|turn|13
|
|t:|1776092187
|-terastallize|p1a: Walking Wake|Water
|move|p2a: Kyurem|Freeze-Dry|p1a: Walking Wake
|-supereffective|p1a: Walking Wake
|-damage|p1a: Walking Wake|19/100
|move|p1a: Walking Wake|Hydro Pump|p2a: Kyurem
|-damage|p2a: Kyurem|2/100
|
|upkeep
|turn|14
|c|☆Bosslayer9000|gg wp
|
|t:|1776092197
|move|p2a: Kyurem|Freeze-Dry|p1a: Walking Wake
|-supereffective|p1a: Walking Wake
|-damage|p1a: Walking Wake|0 fnt
|faint|p1a: Walking Wake
|-end|p1a: Walking Wake|Protosynthesis|[silent]
|
|win|UNTITLED007
|raw|Bosslayer9000's rating: 1223 &rarr; <strong>1199</strong><br />(-24 for losing)
|raw|UNTITLED007's rating: 1239 &rarr; <strong>1263</strong><br />(+24 for winning)
|l|☆UNTITLED007
|player|p2|
|l|☆Bosslayer9000
|player|p1|
