|html|<div class="broadcast-blue"><strong>[Gen 9] OU is currently suspecting Tera Blast! For information on how to participate check out the <a href="https://www.smogon.com/tools/suspects/view/200">suspect thread</a>.</strong></div>
|j|☆TheSwagBlaster
|j|‽MegaMHX
|t:|1776103271
|gametype|singles
|player|p1|TheSwagBlaster|roxie|1462
|player|p2|MegaMHX|miku-ground|1471
|gen|9
|tier|[Gen 9] OU
|rated|
|rule|HP Percentage Mod: HP is shown in percentages
|rule|Endless Battle Clause: Forcing endless battles is banned
|rule|Species Clause: Limit one of each Pokémon
|rule|OHKO Clause: OHKO moves are banned
|rule|Evasion Items Clause: Evasion items are banned
|rule|Evasion Moves Clause: Evasion moves are banned
|rule|Evasion Abilities Clause: Evasion abilities are banned
|rule|Sleep Moves Clause: Sleep-inducing moves are banned
|clearpoke
|poke|p1|Slowking-Galar, M|
|poke|p1|Deoxys-Speed|
|poke|p1|Kingambit, M|
|poke|p1|Kyurem|
|poke|p1|Corviknight, M|
|poke|p1|Cinderace, F|
|poke|p2|Keldeo-Resolute|
|poke|p2|Ceruledge, M|
|poke|p2|Electrode-Hisui|
|poke|p2|Hydreigon, F|
|poke|p2|Iron Treads|
|poke|p2|Pecharunt|
|teampreview
|
|t:|1776103278
|teamsize|p1|6
|teamsize|p2|6
|start
|switch|p1a: Cinderace|Cinderace, F|100/100
|switch|p2a: Electrode|Electrode-Hisui|100/100
|turn|1
|
|t:|1776103287
|move|p2a: Electrode|Volt Switch|p1a: Cinderace
|-damage|p1a: Cinderace|54/100
|-damage|p2a: Electrode|91/100|[from] item: Life Orb
|
|t:|1776103290
|switch|p2a: Pecharunt|Pecharunt|100/100|[from] Volt Switch
|move|p1a: Cinderace|U-turn|p2a: Pecharunt
|-start|p1a: Cinderace|typechange|Bug|[from] ability: Libero
|-resisted|p2a: Pecharunt
|-damage|p2a: Pecharunt|95/100
|-damage|p1a: Cinderace|37/100|[from] item: Rocky Helmet|[of] p2a: Pecharunt
|
|t:|1776103300
|switch|p1a: Kyurem|Kyurem|100/100|[from] U-turn
|-ability|p1a: Kyurem|Pressure
|
|upkeep
|turn|2
|
|t:|1776103311
|switch|p2a: Keldeo|Keldeo-Resolute|100/100
|move|p1a: Kyurem|Freeze-Dry|p2a: Keldeo
|-supereffective|p2a: Keldeo
|-damage|p2a: Keldeo|0 fnt
|faint|p2a: Keldeo
|
|upkeep
|
|t:|1776103321
|switch|p2a: Ceruledge|Ceruledge, M|100/100
|turn|3
|
|t:|1776103334
|switch|p1a: Deoxys|Deoxys-Speed|100/100
|-ability|p1a: Deoxys|Pressure
|-terastallize|p2a: Ceruledge|Bug
|move|p2a: Ceruledge|Swords Dance|p2a: Ceruledge
|-boost|p2a: Ceruledge|atk|2
|
|upkeep
|turn|4
|
|t:|1776103360
|move|p2a: Ceruledge|Shadow Sneak|p1a: Deoxys
|-supereffective|p1a: Deoxys
|-enditem|p1a: Deoxys|Focus Sash
|-damage|p1a: Deoxys|1/100
|-damage|p2a: Ceruledge|91/100|[from] item: Life Orb
|move|p1a: Deoxys|Psycho Boost|p2a: Ceruledge
|-damage|p2a: Ceruledge|20/100
|-unboost|p1a: Deoxys|spa|2
|
|upkeep
|turn|5
|
|t:|1776103371
|switch|p1a: Corviknight|Corviknight, M|100/100
|move|p2a: Ceruledge|Shadow Sneak|p1a: Corviknight
|-damage|p1a: Corviknight|71/100
|-damage|p2a: Ceruledge|3/100|[from] item: Rocky Helmet|[of] p1a: Corviknight
|-damage|p2a: Ceruledge|0 fnt|[from] item: Life Orb
|faint|p2a: Ceruledge
|
|upkeep
|
|t:|1776103379
|switch|p2a: Electrode|Electrode-Hisui|91/100
|turn|6
|
|t:|1776103382
|switch|p1a: Deoxys|Deoxys-Speed|1/100
|-ability|p1a: Deoxys|Pressure
|move|p2a: Electrode|Thunderbolt|p1a: Deoxys
|-damage|p1a: Deoxys|0 fnt
|faint|p1a: Deoxys
|-damage|p2a: Electrode|81/100|[from] item: Life Orb
|
|upkeep
|
|t:|1776103389
|switch|p1a: Kyurem|Kyurem|100/100
|-ability|p1a: Kyurem|Pressure
|turn|7
|
|t:|1776103397
|move|p2a: Electrode|Volt Switch|p1a: Kyurem
|-resisted|p1a: Kyurem
|-crit|p1a: Kyurem
|-damage|p1a: Kyurem|77/100
|-damage|p2a: Electrode|71/100|[from] item: Life Orb
|
|t:|1776103400
|switch|p2a: Iron Treads|Iron Treads|100/100|[from] Volt Switch
|move|p1a: Kyurem|Blizzard|p2a: Iron Treads
|-damage|p2a: Iron Treads|47/100
|
|upkeep
|turn|8
|
|t:|1776103419
|switch|p1a: Corviknight|Corviknight, M|71/100
|move|p2a: Iron Treads|Earthquake|p1a: Corviknight
|-immune|p1a: Corviknight
|
|upkeep
|turn|9
|
|t:|1776103426
|move|p2a: Iron Treads|Volt Switch|p1a: Corviknight
|-supereffective|p1a: Corviknight
|-damage|p1a: Corviknight|49/100
|
|t:|1776103429
|-end|p2a: Iron Treads|Quark Drive|[silent]
|switch|p2a: Hydreigon|Hydreigon, F|100/100|[from] Volt Switch
|move|p1a: Corviknight|U-turn|p2a: Hydreigon
|-supereffective|p2a: Hydreigon
|-damage|p2a: Hydreigon|66/100
|
|t:|1776103437
|switch|p1a: Cinderace|Cinderace, F|37/100|[from] U-turn
|
|upkeep
|turn|10
|
|t:|1776103442
|switch|p2a: Pecharunt|Pecharunt|95/100
|move|p1a: Cinderace|U-turn|p2a: Pecharunt
|-start|p1a: Cinderace|typechange|Bug|[from] ability: Libero
|-resisted|p2a: Pecharunt
|-damage|p2a: Pecharunt|89/100
|-damage|p1a: Cinderace|21/100|[from] item: Rocky Helmet|[of] p2a: Pecharunt
|
|t:|1776103451
|switch|p1a: Slowking|Slowking-Galar, M|100/100|[from] U-turn
|
|upkeep
|turn|11
|
|t:|1776103458
|move|p2a: Pecharunt|Parting Shot|p1a: Slowking
|-unboost|p1a: Slowking|atk|1
|-unboost|p1a: Slowking|spa|1
|
|t:|1776103459
|switch|p2a: Hydreigon|Hydreigon, F|66/100|[from] Parting Shot
|-prepare|p1a: Slowking|Chilly Reception|[premajor]
|move|p1a: Slowking|Chilly Reception|p1a: Slowking
|-weather|Snowscape
|
|t:|1776103467
|switch|p1a: Kyurem|Kyurem|77/100|[from] Chilly Reception
|-ability|p1a: Kyurem|Pressure
|
|-weather|Snowscape|[upkeep]
|upkeep
|turn|12
|
|t:|1776103480
|-terastallize|p1a: Kyurem|Ground
|move|p1a: Kyurem|Blizzard|p2a: Hydreigon
|-supereffective|p2a: Hydreigon
|-damage|p2a: Hydreigon|0 fnt
|faint|p2a: Hydreigon
|
|-weather|Snowscape|[upkeep]
|upkeep
|
|t:|1776103487
|switch|p2a: Electrode|Electrode-Hisui|71/100
|turn|13
|
|t:|1776103496
|switch|p1a: Corviknight|Corviknight, M|49/100
|move|p2a: Electrode|Leaf Storm|p1a: Corviknight
|-resisted|p1a: Corviknight
|-damage|p1a: Corviknight|32/100
|-unboost|p2a: Electrode|spa|2
|-damage|p2a: Electrode|61/100|[from] item: Life Orb
|
|-weather|Snowscape|[upkeep]
|upkeep
|turn|14
|
|t:|1776103507
|switch|p1a: Slowking|Slowking-Galar, M|100/100
|move|p2a: Electrode|Leech Seed|p1a: Slowking
|-start|p1a: Slowking|move: Leech Seed
|
|-weather|Snowscape|[upkeep]
|-damage|p1a: Slowking|88/100|[from] Leech Seed|[of] p2a: Electrode
|-heal|p2a: Electrode|79/100|[silent]
|upkeep
|turn|15
|
|t:|1776103517
|move|p2a: Electrode|Volt Switch|p1a: Slowking
|-damage|p1a: Slowking|78/100
|-damage|p2a: Electrode|69/100|[from] item: Life Orb
|
|t:|1776103520
|switch|p2a: Iron Treads|Iron Treads|47/100|[from] Volt Switch
|move|p1a: Slowking|Future Sight|p2a: Iron Treads
|-start|p1a: Slowking|move: Future Sight
|
|-weather|none
|-damage|p1a: Slowking|66/100|[from] Leech Seed|[of] p2a: Iron Treads
|-heal|p2a: Iron Treads|60/100|[silent]
|upkeep
|turn|16
|
|t:|1776103529
|switch|p1a: Corviknight|Corviknight, M|32/100
|move|p2a: Iron Treads|Rapid Spin|p1a: Corviknight
|-resisted|p1a: Corviknight
|-damage|p1a: Corviknight|28/100
|-boost|p2a: Iron Treads|spe|1
|-damage|p2a: Iron Treads|43/100|[from] item: Rocky Helmet|[of] p1a: Corviknight
|
|upkeep
|turn|17
|
|t:|1776103543
|move|p2a: Iron Treads|Volt Switch|p1a: Corviknight
|-supereffective|p1a: Corviknight
|-damage|p1a: Corviknight|7/100
|
|t:|1776103545
|-end|p2a: Iron Treads|Quark Drive|[silent]
|switch|p2a: Pecharunt|Pecharunt|89/100|[from] Volt Switch
|move|p1a: Corviknight|Roost|p1a: Corviknight
|-heal|p1a: Corviknight|57/100
|-singleturn|p1a: Corviknight|move: Roost
|
|-end|p2a: Pecharunt|move: Future Sight
|-supereffective|p2a: Pecharunt
|-damage|p2a: Pecharunt|0 fnt
|faint|p2a: Pecharunt
|upkeep
|
|t:|1776103551
|switch|p2a: Electrode|Electrode-Hisui|69/100
|turn|18
|
|t:|1776103556
|switch|p1a: Slowking|Slowking-Galar, M|99/100
|move|p2a: Electrode|Thunderbolt|p1a: Slowking
|-damage|p1a: Slowking|72/100
|-damage|p2a: Electrode|60/100|[from] item: Life Orb
|
|upkeep
|turn|19
|
|t:|1776103565
|move|p2a: Electrode|Leech Seed|p1a: Slowking
|-start|p1a: Slowking|move: Leech Seed
|-prepare|p1a: Slowking|Chilly Reception|[premajor]
|move|p1a: Slowking|Chilly Reception|p1a: Slowking
|-weather|Snowscape
|
|t:|1776103572
|switch|p1a: Kingambit|Kingambit, M|100/100|[from] Chilly Reception
|-activate|p1a: Kingambit|ability: Supreme Overlord
|-start|p1a: Kingambit|fallen1|[silent]
|-item|p1a: Kingambit|Air Balloon
|
|-weather|Snowscape|[upkeep]
|upkeep
|turn|20
|
|t:|1776103576
|move|p2a: Electrode|Volt Switch|p1a: Kingambit
|-damage|p1a: Kingambit|65/100
|-enditem|p1a: Kingambit|Air Balloon
|-damage|p2a: Electrode|50/100|[from] item: Life Orb
|
|t:|1776103579
|switch|p2a: Iron Treads|Iron Treads|43/100|[from] Volt Switch
|move|p1a: Kingambit|Kowtow Cleave|p2a: Iron Treads
|-crit|p2a: Iron Treads
|-damage|p2a: Iron Treads|0 fnt
|faint|p2a: Iron Treads
|-end|p2a: Iron Treads|Quark Drive|[silent]
|
|-weather|Snowscape|[upkeep]
|upkeep
|
|t:|1776103585
|switch|p2a: Electrode|Electrode-Hisui|50/100
|turn|21
|
|t:|1776103592
|move|p2a: Electrode|Thunderbolt|p1a: Kingambit
|-damage|p1a: Kingambit|19/100
|-damage|p2a: Electrode|40/100|[from] item: Life Orb
|move|p1a: Kingambit|Kowtow Cleave|p2a: Electrode
|-damage|p2a: Electrode|0 fnt
|-damage|p1a: Kingambit|0 fnt|[from] ability: Aftermath|[of] p2a: Electrode
|faint|p2a: Electrode
|faint|p1a: Kingambit
|-end|p1a: Kingambit|fallen1|[silent]
|
|win|TheSwagBlaster
|raw|TheSwagBlaster's rating: 1462 &rarr; <strong>1483</strong><br />(+21 for winning)
|raw|MegaMHX's rating: 1471 &rarr; <strong>1450</strong><br />(-21 for losing)
|l|‽MegaMHX
|player|p2|
|l|☆TheSwagBlaster
|player|p1|
