|html|<div class="broadcast-blue"><strong>[Gen 9] OU is currently suspecting Tera Blast! For information on how to participate check out the <a href="https://www.smogon.com/tools/suspects/view/200">suspect thread</a>.</strong></div>
|j|☆pokenoob123p
|j|☆MarcElf22
|t:|1776130700
|gametype|singles
|player|p1|pokenoob123p|266|
|player|p2|MarcElf22|hilbert-wonderlauncher|
|gen|9
|tier|[Gen 9] OU
|rule|HP Percentage Mod: HP is shown in percentages
|rule|Endless Battle Clause: Forcing endless battles is banned
|rule|Species Clause: Limit one of each Pokémon
|rule|OHKO Clause: OHKO moves are banned
|rule|Evasion Items Clause: Evasion items are banned
|rule|Evasion Moves Clause: Evasion moves are banned
|rule|Evasion Abilities Clause: Evasion abilities are banned
|rule|Sleep Moves Clause: Sleep-inducing moves are banned
|clearpoke
|poke|p1|Cinccino, M|
|poke|p1|Snorlax, M|
|poke|p1|Ursaluna, F|
|poke|p1|Deoxys-Speed|
|poke|p1|Iron Valiant|
|poke|p1|Corviknight, F|
|poke|p2|Leavanny, F|
|poke|p2|Haxorus, M|
|poke|p2|Weavile, M|
|poke|p2|Blaziken, M|
|poke|p2|Samurott-Hisui, M|
|poke|p2|Meowscarada, F|
|teampreview
|
|t:|1776130713
|teamsize|p1|6
|teamsize|p2|6
|start
|switch|p1a: Iron Valiant|Iron Valiant|100/100
|switch|p2a: Blaziken|Blaziken, M|100/100
|turn|1
|
|t:|1776130745
|move|p2a: Blaziken|Protect|p2a: Blaziken
|-singleturn|p2a: Blaziken|Protect
|move|p1a: Iron Valiant|Vacuum Wave|p2a: Blaziken
|-activate|p2a: Blaziken|move: Protect
|
|-ability|p2a: Blaziken|Speed Boost|boost
|-boost|p2a: Blaziken|spe|1
|upkeep
|turn|2
|
|t:|1776130762
|move|p1a: Iron Valiant|Vacuum Wave|p2a: Blaziken
|-damage|p2a: Blaziken|69/100
|move|p2a: Blaziken|Overheat|p1a: Iron Valiant
|-damage|p1a: Iron Valiant|0 fnt
|-unboost|p2a: Blaziken|spa|2
|faint|p1a: Iron Valiant
|-end|p1a: Iron Valiant|Quark Drive|[silent]
|-damage|p2a: Blaziken|59/100|[from] item: Life Orb
|
|-ability|p2a: Blaziken|Speed Boost|boost
|-boost|p2a: Blaziken|spe|1
|upkeep
|
|t:|1776130781
|switch|p1a: Corviknight|Corviknight, F|100/100
|turn|3
|
|t:|1776130808
|move|p2a: Blaziken|Overheat|p1a: Corviknight
|-supereffective|p1a: Corviknight
|-damage|p1a: Corviknight|18/100
|-unboost|p2a: Blaziken|spa|2
|-damage|p2a: Blaziken|49/100|[from] item: Life Orb
|move|p1a: Corviknight|Air Slash|p2a: Blaziken
|-supereffective|p2a: Blaziken
|-damage|p2a: Blaziken|0 fnt
|faint|p2a: Blaziken
|-damage|p1a: Corviknight|9/100|[from] item: Life Orb
|
|upkeep
|c|☆MarcElf22|My Chicken!
|
|t:|1776130838
|switch|p2a: Leavanny|Leavanny, F|100/100
|turn|4
|inactive|Battle timer is ON: inactive players will automatically lose when time's up. (requested by MarcElf22)
|inactiveoff|Battle timer is now OFF.
|c|☆MarcElf22|sorry reflex
|c|☆pokenoob123p|chicken is dead
|c|☆pokenoob123p|kinda watching a 3d tutorial video while playing
|
|t:|1776130910
|move|p2a: Leavanny|Trailblaze|p1a: Corviknight
|-resisted|p1a: Corviknight
|-damage|p1a: Corviknight|4/100
|-boost|p2a: Leavanny|spe|1
|move|p1a: Corviknight|Air Slash|p2a: Leavanny
|-supereffective|p2a: Leavanny
|-enditem|p2a: Leavanny|Focus Sash
|-damage|p2a: Leavanny|1/100
|-damage|p1a: Corviknight|0 fnt|[from] item: Life Orb
|faint|p1a: Corviknight
|
|upkeep
|
|t:|1776130924
|switch|p1a: Snorlax|Snorlax, M|100/100
|turn|5
|
|t:|1776130938
|move|p2a: Leavanny|Sticky Web|p1a: Snorlax
|-sidestart|p1: pokenoob123p|move: Sticky Web
|move|p1a: Snorlax|Shadow Ball|p2a: Leavanny
|-damage|p2a: Leavanny|0 fnt
|faint|p2a: Leavanny
|
|upkeep
|
|t:|1776130952
|switch|p2a: Weavile|Weavile, M|100/100
|-ability|p2a: Weavile|Pressure
|turn|6
|
|t:|1776130960
|move|p2a: Weavile|Swords Dance|p2a: Weavile
|-boost|p2a: Weavile|atk|2
|move|p1a: Snorlax|Body Press|p2a: Weavile
|-supereffective|p2a: Weavile
|-enditem|p2a: Weavile|Focus Sash
|-damage|p2a: Weavile|1/100
|
|upkeep
|turn|7
|
|t:|1776130981
|move|p2a: Weavile|Knock Off|p1a: Snorlax
|-damage|p1a: Snorlax|45/100
|-damage|p2a: Weavile|0 fnt|[from] item: Rocky Helmet|[of] p1a: Snorlax
|faint|p2a: Weavile
|move|p1a: Snorlax|Shadow Ball|p2: Weavile|[notarget]
|-fail|p1a: Snorlax
|
|upkeep
|c|☆pokenoob123p|wait a minute
|c|☆pokenoob123p|did i lose my item or not?
|
|t:|1776131007
|switch|p2a: Miss Magician|Meowscarada, F, shiny|100/100
|turn|8
|c|☆pokenoob123p|i didnt huh
|c|☆MarcElf22|huh
|c|☆MarcElf22|HOW
|c|☆pokenoob123p|you were killed before i could have my item removed
|c|☆pokenoob123p|rocky helmet
|c|☆MarcElf22|That's not how it used to be, they must have changed it
|c|☆pokenoob123p|whats the rules when my luck is involved :kek:
|c|☆MarcElf22|pretty much
|
|t:|1776131102
|move|p2a: Miss Magician|Flower Trick|p1a: Snorlax
|-start|p2a: Miss Magician|typechange|Grass|[from] ability: Protean
|-crit|p1a: Snorlax
|-damage|p1a: Snorlax|0 fnt
|faint|p1a: Snorlax
|
|upkeep
|
|t:|1776131112
|switch|p1a: Cinccino|Cinccino, M|100/100
|-activate|p1a: Cinccino|move: Sticky Web
|-unboost|p1a: Cinccino|spe|1
|turn|9
|
|t:|1776131126
|move|p2a: Miss Magician|Flower Trick|p1a: Cinccino
|-crit|p1a: Cinccino
|-enditem|p1a: Cinccino|Focus Sash
|-damage|p1a: Cinccino|1/100
|move|p1a: Cinccino|Tidy Up|p1a: Cinccino
|-sideend|p1: pokenoob123p|Sticky Web
|-activate|p1a: Cinccino|move: Tidy Up
|-boost|p1a: Cinccino|atk|1
|-boost|p1a: Cinccino|spe|1
|
|upkeep
|turn|10
|
|t:|1776131136
|move|p2a: Miss Magician|Flower Trick|p1a: Cinccino
|-crit|p1a: Cinccino
|-damage|p1a: Cinccino|0 fnt
|faint|p1a: Cinccino
|
|upkeep
|
|t:|1776131143
|switch|p1a: Deoxys|Deoxys-Speed|100/100
|-ability|p1a: Deoxys|Pressure
|turn|11
|
|t:|1776131161
|move|p1a: Deoxys|Protect|p1a: Deoxys
|-singleturn|p1a: Deoxys|Protect
|move|p2a: Miss Magician|Flower Trick|p1a: Deoxys
|-activate|p1a: Deoxys|move: Protect
|
|upkeep
|turn|12
|
|t:|1776131173
|move|p1a: Deoxys|Psycho Boost|p2a: Miss Magician
|-damage|p2a: Miss Magician|2/100
|-unboost|p1a: Deoxys|spa|2
|move|p2a: Miss Magician|Flower Trick|p1a: Deoxys
|-crit|p1a: Deoxys
|-damage|p1a: Deoxys|0 fnt
|faint|p1a: Deoxys
|
|upkeep
|
|t:|1776131183
|switch|p1a: Ursaluna|Ursaluna, F|100/100
|turn|13
|c|☆MarcElf22|ho- right, Protean
|
|t:|1776131193
|move|p2a: Miss Magician|Flower Trick|p1a: Ursaluna
|-supereffective|p1a: Ursaluna
|-crit|p1a: Ursaluna
|-damage|p1a: Ursaluna|6/100
|move|p1a: Ursaluna|Drain Punch|p2a: Miss Magician
|-damage|p2a: Miss Magician|0 fnt
|-heal|p1a: Ursaluna|6/100|[from] drain|[of] p2a: Miss Magician
|faint|p2a: Miss Magician
|
|-status|p1a: Ursaluna|brn|[from] item: Flame Orb
|upkeep
|c|☆pokenoob123p|dead
|c|☆pokenoob123p|gg
|
|t:|1776131241
|switch|p2a: Samurott|Samurott-Hisui, M|100/100
|turn|14
|c|☆MarcElf22|gg
|
|t:|1776131250
|move|p2a: Samurott|Aqua Jet|p1a: Ursaluna
|-supereffective|p1a: Ursaluna
|-damage|p1a: Ursaluna|0 fnt
|faint|p1a: Ursaluna
|
|win|MarcElf22
|l|☆pokenoob123p
|player|p1|
