|html|<div class="broadcast-blue"><strong>[Gen 9] OU is currently suspecting Volcarona! For information on how to participate check out the <a href="https://www.smogon.com/tools/suspects/view/208">suspect thread</a>.</strong></div>
|j|☆faridzsomar
|j|☆adiadimeter
|t:|1778516499
|gametype|singles
|player|p1|faridzsomar|265|1141
|player|p2|adiadimeter|janitor|1188
|gen|9
|tier|[Gen 9] OU
|rated|
|rule|HP Percentage Mod: HP is shown in percentages
|rule|Endless Battle Clause: Forcing endless battles is banned
|rule|Species Clause: Limit one of each Pokémon
|rule|OHKO Clause: OHKO moves are banned
|rule|Evasion Items Clause: Evasion items are banned
|rule|Evasion Moves Clause: Evasion moves are banned
|rule|Evasion Abilities Clause: Evasion abilities are banned
|rule|Sleep Moves Clause: Sleep-inducing moves are banned
|clearpoke
|poke|p1|Ogerpon-Wellspring, F|
|poke|p1|Glimmora, M|
|poke|p1|Iron Moth|
|poke|p1|Kingambit, F|
|poke|p1|Iron Valiant|
|poke|p1|Ceruledge, F|
|poke|p2|Dragapult, F|
|poke|p2|Deoxys-Speed|
|poke|p2|Cresselia, F|
|poke|p2|Duraludon, M|
|poke|p2|Toedscruel, M|
|poke|p2|Granbull, F|
|teampreview
|inactive|Battle timer is ON: inactive players will automatically lose when time's up. (requested by faridzsomar)
|
|t:|1778516512
|teamsize|p1|6
|teamsize|p2|6
|start
|switch|p1a: Ceruledge|Ceruledge, F|100/100
|switch|p2a: Deoxys|Deoxys-Speed|100/100
|-ability|p2a: Deoxys|Pressure
|turn|1
|
|t:|1778516520
|move|p2a: Deoxys|Reflect|p2a: Deoxys
|-sidestart|p2: adiadimeter|Reflect
|move|p1a: Ceruledge|Swords Dance|p1a: Ceruledge
|-boost|p1a: Ceruledge|atk|2
|
|upkeep
|turn|2
|
|t:|1778516532
|move|p2a: Deoxys|Psycho Boost|p1a: Ceruledge
|-damage|p1a: Ceruledge|49/100
|-unboost|p2a: Deoxys|spa|2
|move|p1a: Ceruledge|Swords Dance|p1a: Ceruledge
|-boost|p1a: Ceruledge|atk|2
|
|upkeep
|turn|3
|
|t:|1778516544
|switch|p2a: Granbull|Granbull, F|100/100
|move|p1a: Ceruledge|Shadow Sneak|p2a: Granbull
|-crit|p2a: Granbull
|-damage|p2a: Granbull|0 fnt
|faint|p2a: Granbull
|
|upkeep
|
|t:|1778516554
|switch|p2a: Toedscruel|Toedscruel, M|100/100
|turn|4
|
|t:|1778516559
|move|p2a: Toedscruel|Earth Power|p1a: Ceruledge
|-supereffective|p1a: Ceruledge
|-damage|p1a: Ceruledge|0 fnt
|faint|p1a: Ceruledge
|
|upkeep
|
|t:|1778516563
|switch|p1a: Iron Moth|Iron Moth|100/100
|-enditem|p1a: Iron Moth|Booster Energy
|-activate|p1a: Iron Moth|ability: Quark Drive|[fromitem]
|-start|p1a: Iron Moth|quarkdrivespe
|turn|5
|
|t:|1778516567
|-terastallize|p2a: Toedscruel|Ghost
|move|p1a: Iron Moth|Fiery Dance|p2a: Toedscruel
|-damage|p2a: Toedscruel|64/100
|move|p2a: Toedscruel|Earth Power|p1a: Iron Moth
|-supereffective|p1a: Iron Moth
|-damage|p1a: Iron Moth|0 fnt
|faint|p1a: Iron Moth
|-end|p1a: Iron Moth|Quark Drive|[silent]
|
|upkeep
|
|t:|1778516576
|switch|p1a: Ogerpon|Ogerpon-Wellspring, F|100/100
|turn|6
|
|t:|1778516581
|switch|p2a: Duraludon|Duraludon, M|100/100
|-terastallize|p1a: Ogerpon|Water
|detailschange|p1a: Ogerpon|Ogerpon-Wellspring-Tera, F, tera:Water
|-ability|p1a: Ogerpon|Embody Aspect (Wellspring)|boost
|-boost|p1a: Ogerpon|spd|1
|move|p1a: Ogerpon|Swords Dance|p1a: Ogerpon
|-boost|p1a: Ogerpon|atk|2
|
|upkeep
|turn|7
|
|t:|1778516591
|move|p1a: Ogerpon|Swords Dance|p1a: Ogerpon
|-boost|p1a: Ogerpon|atk|2
|move|p2a: Duraludon|Thunderbolt|p1a: Ogerpon
|-supereffective|p1a: Ogerpon
|-damage|p1a: Ogerpon|42/100
|
|upkeep
|turn|8
|
|t:|1778516599
|move|p1a: Ogerpon|Play Rough|p2a: Duraludon
|-damage|p2a: Duraludon|42/100
|move|p2a: Duraludon|Thunderbolt|p1a: Ogerpon
|-supereffective|p1a: Ogerpon
|-damage|p1a: Ogerpon|0 fnt
|faint|p1a: Ogerpon
|detailschange|p1: Ogerpon|Ogerpon-Wellspring, F|[silent]
|
|-sideend|p2: adiadimeter|Reflect
|upkeep
|
|t:|1778516607
|switch|p1a: Glimmora|Glimmora, M|100/100
|turn|9
|
|t:|1778516610
|move|p1a: Glimmora|Earth Power|p2a: Duraludon
|-supereffective|p2a: Duraludon
|-damage|p2a: Duraludon|0 fnt
|faint|p2a: Duraludon
|
|upkeep
|
|t:|1778516614
|switch|p2a: Deoxys|Deoxys-Speed|100/100
|-ability|p2a: Deoxys|Pressure
|turn|10
|
|t:|1778516618
|switch|p1a: Kingambit|Kingambit, F|100/100
|-activate|p1a: Kingambit|ability: Supreme Overlord
|-start|p1a: Kingambit|fallen3|[silent]
|move|p2a: Deoxys|Light Screen|p2a: Deoxys
|-sidestart|p2: adiadimeter|move: Light Screen
|
|upkeep
|turn|11
|
|t:|1778516624
|move|p2a: Deoxys|Taunt|p1a: Kingambit
|-start|p1a: Kingambit|move: Taunt
|cant|p1a: Kingambit|move: Taunt|Swords Dance
|
|upkeep
|turn|12
|
|t:|1778516627
|move|p2a: Deoxys|Reflect|p2a: Deoxys
|-sidestart|p2: adiadimeter|Reflect
|move|p1a: Kingambit|Kowtow Cleave|p2a: Deoxys
|-supereffective|p2a: Deoxys
|-damage|p2a: Deoxys|17/100
|
|upkeep
|turn|13
|
|t:|1778516632
|switch|p2a: Toedscruel|Toedscruel, M, tera:Ghost|64/100
|move|p1a: Kingambit|Sucker Punch||[still]
|-fail|p1a: Kingambit
|
|-end|p1a: Kingambit|move: Taunt
|upkeep
|turn|14
|
|t:|1778516638
|move|p1a: Kingambit|Sucker Punch|p2a: Toedscruel
|-supereffective|p2a: Toedscruel
|-damage|p2a: Toedscruel|0 fnt
|faint|p2a: Toedscruel
|
|upkeep
|
|t:|1778516644
|switch|p2a: Cresselia|Cresselia, F|100/100
|turn|15
|
|t:|1778516649
|move|p2a: Cresselia|Calm Mind|p2a: Cresselia
|-boost|p2a: Cresselia|spa|1
|-boost|p2a: Cresselia|spd|1
|move|p1a: Kingambit|Swords Dance|p1a: Kingambit
|-boost|p1a: Kingambit|atk|2
|
|upkeep
|turn|16
|
|t:|1778516653
|move|p2a: Cresselia|Moonblast|p1a: Kingambit
|-crit|p1a: Kingambit
|-damage|p1a: Kingambit|56/100
|move|p1a: Kingambit|Kowtow Cleave|p2a: Cresselia
|-supereffective|p2a: Cresselia
|-damage|p2a: Cresselia|11/100
|
|upkeep
|turn|17
|
|t:|1778516659
|move|p1a: Kingambit|Sucker Punch||[still]
|-fail|p1a: Kingambit
|move|p2a: Cresselia|Moonlight|p2a: Cresselia
|-heal|p2a: Cresselia|61/100
|
|-sideend|p2: adiadimeter|move: Light Screen
|upkeep
|turn|18
|
|t:|1778516662
|move|p2a: Cresselia|Moonblast|p1a: Kingambit
|-damage|p1a: Kingambit|28/100
|move|p1a: Kingambit|Kowtow Cleave|p2a: Cresselia
|-supereffective|p2a: Cresselia
|-damage|p2a: Cresselia|0 fnt
|faint|p2a: Cresselia
|
|upkeep
|
|t:|1778516667
|switch|p2a: Dragapult|Dragapult, F|100/100
|turn|19
|
|t:|1778516671
|move|p1a: Kingambit|Sucker Punch|p2a: Dragapult
|-supereffective|p2a: Dragapult
|-damage|p2a: Dragapult|0 fnt
|faint|p2a: Dragapult
|
|-sideend|p2: adiadimeter|Reflect
|upkeep
|-message|adiadimeter forfeited.
|
|win|faridzsomar
|raw|faridzsomar's rating: 1141 &rarr; <strong>1169</strong><br />(+28 for winning)
|raw|adiadimeter's rating: 1188 &rarr; <strong>1160</strong><br />(-28 for losing)
|l|☆adiadimeter
|player|p2|
|l|☆faridzsomar
|player|p1|
