|html|<div class="broadcast-blue"><strong>[Gen 9] OU is currently suspecting Tera Blast! For information on how to participate check out the <a href="https://www.smogon.com/tools/suspects/view/200">suspect thread</a>.</strong></div>
|j|☆n3684q
|j|☆Billythekid95
|t:|1776076366
|gametype|singles
|player|p1|n3684q|101|1517
|player|p2|Billythekid95|1|1507
|gen|9
|tier|[Gen 9] OU
|rated|
|rule|HP Percentage Mod: HP is shown in percentages
|rule|Endless Battle Clause: Forcing endless battles is banned
|rule|Species Clause: Limit one of each Pokémon
|rule|OHKO Clause: OHKO moves are banned
|rule|Evasion Items Clause: Evasion items are banned
|rule|Evasion Moves Clause: Evasion moves are banned
|rule|Evasion Abilities Clause: Evasion abilities are banned
|rule|Sleep Moves Clause: Sleep-inducing moves are banned
|clearpoke
|poke|p1|Probopass, F|
|poke|p1|Iron Crown|
|poke|p1|Sinistcha|
|poke|p1|Grimmsnarl, M|
|poke|p1|Kyurem|
|poke|p1|Great Tusk|
|poke|p2|Walking Wake|
|poke|p2|Ribombee, M|
|poke|p2|Gholdengo|
|poke|p2|Torkoal, M|
|poke|p2|Ogerpon, F|
|poke|p2|Great Tusk|
|teampreview
|inactive|Battle timer is ON: inactive players will automatically lose when time's up. (requested by n3684q)
|
|t:|1776076381
|teamsize|p1|6
|teamsize|p2|6
|start
|switch|p1a: Iron CHOP|Iron Crown|100/100
|switch|p2a: Ribombee|Ribombee, M|100/100
|turn|1
|
|t:|1776076399
|move|p2a: Ribombee|Sticky Web|p1a: Iron CHOP
|-sidestart|p1: n3684q|move: Sticky Web
|move|p1a: Iron CHOP|Tachyon Cutter|p2a: Ribombee
|-supereffective|p2a: Ribombee
|-damage|p2a: Ribombee|10/100
|-supereffective|p2a: Ribombee
|-damage|p2a: Ribombee|0 fnt
|faint|p2a: Ribombee
|-hitcount|p2: Ribombee|2
|
|upkeep
|
|t:|1776076411
|switch|p2a: Torkoal|Torkoal, M|100/100
|-weather|SunnyDay|[from] ability: Drought|[of] p2a: Torkoal
|turn|2
|
|t:|1776076417
|-end|p1a: Iron CHOP|Quark Drive|[silent]
|switch|p1a: Norton|Grimmsnarl, M|100/100
|-activate|p1a: Norton|move: Sticky Web
|-unboost|p1a: Norton|spe|1
|move|p2a: Torkoal|Stealth Rock|p1a: Norton
|-sidestart|p1: n3684q|move: Stealth Rock
|
|-weather|SunnyDay|[upkeep]
|upkeep
|turn|3
|
|t:|1776076425
|switch|p2a: Gholdengo|Gholdengo|100/100
|move|p1a: Norton|Light Screen|p1a: Norton
|-sidestart|p1: n3684q|move: Light Screen
|
|-weather|SunnyDay|[upkeep]
|upkeep
|turn|4
|
|t:|1776076432
|move|p1a: Norton|Reflect|p1a: Norton
|-sidestart|p1: n3684q|Reflect
|move|p2a: Gholdengo|Make It Rain|p1a: Norton
|-supereffective|p1a: Norton
|-damage|p1a: Norton|31/100
|-unboost|p2a: Gholdengo|spa|1
|
|-weather|SunnyDay|[upkeep]
|upkeep
|turn|5
|
|t:|1776076439
|switch|p1a: Great Tusk|Great Tusk|100/100
|-activate|p1a: Great Tusk|move: Sticky Web
|-unboost|p1a: Great Tusk|spe|1
|-damage|p1a: Great Tusk|98/100|[from] Stealth Rock
|-activate|p1a: Great Tusk|ability: Protosynthesis
|-start|p1a: Great Tusk|protosynthesisatk
|move|p2a: Gholdengo|Make It Rain|p1a: Great Tusk
|-damage|p1a: Great Tusk|83/100
|-unboost|p2a: Gholdengo|spa|1
|
|-weather|SunnyDay|[upkeep]
|upkeep
|turn|6
|inactive|n3684q has 120 seconds left.
|
|t:|1776076470
|move|p2a: Gholdengo|Make It Rain|p1a: Great Tusk
|-damage|p1a: Great Tusk|71/100
|-unboost|p2a: Gholdengo|spa|1
|move|p1a: Great Tusk|Rapid Spin|p2a: Gholdengo
|-immune|p2a: Gholdengo
|
|-weather|SunnyDay|[upkeep]
|upkeep
|turn|7
|
|t:|1776076478
|move|p2a: Gholdengo|Make It Rain|p1a: Great Tusk
|-damage|p1a: Great Tusk|62/100
|-unboost|p2a: Gholdengo|spa|1
|move|p1a: Great Tusk|Knock Off|p2a: Gholdengo
|-supereffective|p2a: Gholdengo
|-damage|p2a: Gholdengo|0 fnt
|-enditem|p2a: Gholdengo|Choice Scarf|[from] move: Knock Off|[of] p1a: Great Tusk
|faint|p2a: Gholdengo
|
|-weather|SunnyDay|[upkeep]
|upkeep
|
|t:|1776076489
|switch|p2a: Walking Wake|Walking Wake|100/100
|-activate|p2a: Walking Wake|ability: Protosynthesis
|-start|p2a: Walking Wake|protosynthesisspa
|turn|8
|
|t:|1776076495
|move|p2a: Walking Wake|Hydro Steam|p1a: Great Tusk
|-supereffective|p1a: Great Tusk
|-damage|p1a: Great Tusk|0 fnt
|faint|p1a: Great Tusk
|-end|p1a: Great Tusk|Protosynthesis|[silent]
|
|-weather|SunnyDay|[upkeep]
|upkeep
|
|t:|1776076506
|switch|p1a: Itsume Probo|Probopass, F|100/100
|-activate|p1a: Itsume Probo|move: Sticky Web
|-unboost|p1a: Itsume Probo|spe|1
|-damage|p1a: Itsume Probo|94/100|[from] Stealth Rock
|turn|9
|
|t:|1776076513
|move|p2a: Walking Wake|Hydro Steam|p1a: Itsume Probo
|-supereffective|p1a: Itsume Probo
|-damage|p1a: Itsume Probo|6/100
|move|p1a: Itsume Probo|Thunder Wave|p2a: Walking Wake
|-status|p2a: Walking Wake|par
|
|-weather|none
|-end|p2a: Walking Wake|Protosynthesis
|upkeep
|turn|10
|
|t:|1776076521
|move|p2a: Walking Wake|Hydro Steam|p1a: Itsume Probo
|-supereffective|p1a: Itsume Probo
|-damage|p1a: Itsume Probo|0 fnt
|faint|p1a: Itsume Probo
|
|-sideend|p1: n3684q|move: Light Screen
|upkeep
|
|t:|1776076524
|switch|p1a: Norton|Grimmsnarl, M|31/100
|-activate|p1a: Norton|move: Sticky Web
|-unboost|p1a: Norton|spe|1
|-damage|p1a: Norton|19/100|[from] Stealth Rock
|turn|11
|
|t:|1776076531
|move|p1a: Norton|Light Screen|p1a: Norton
|-sidestart|p1: n3684q|move: Light Screen
|cant|p2a: Walking Wake|par
|
|-sideend|p1: n3684q|Reflect
|upkeep
|turn|12
|
|t:|1776076535
|move|p1a: Norton|Reflect|p1a: Norton
|-sidestart|p1: n3684q|Reflect
|move|p2a: Walking Wake|Hydro Steam|p1a: Norton
|-damage|p1a: Norton|0 fnt
|faint|p1a: Norton
|
|upkeep
|
|t:|1776076539
|switch|p1a: Iron Mugulis|Sinistcha|100/100
|turn|13
|
|t:|1776076544
|-end|p2a: Walking Wake|Protosynthesis|[silent]
|switch|p2a: Torkoal|Torkoal, M|100/100
|-weather|SunnyDay|[from] ability: Drought|[of] p2a: Torkoal
|move|p1a: Iron Mugulis|Calm Mind|p1a: Iron Mugulis
|-boost|p1a: Iron Mugulis|spa|1
|-boost|p1a: Iron Mugulis|spd|1
|
|-weather|SunnyDay|[upkeep]
|upkeep
|turn|14
|
|t:|1776076554
|move|p1a: Iron Mugulis|Calm Mind|p1a: Iron Mugulis
|-boost|p1a: Iron Mugulis|spa|1
|-boost|p1a: Iron Mugulis|spd|1
|move|p2a: Torkoal|Will-O-Wisp|p1a: Iron Mugulis
|-status|p1a: Iron Mugulis|brn
|
|-weather|SunnyDay|[upkeep]
|-damage|p1a: Iron Mugulis|98/100 brn|[from] brn
|upkeep
|turn|15
|
|t:|1776076562
|move|p1a: Iron Mugulis|Calm Mind|p1a: Iron Mugulis
|-boost|p1a: Iron Mugulis|spa|1
|-boost|p1a: Iron Mugulis|spd|1
|move|p2a: Torkoal|Lava Plume|p1a: Iron Mugulis
|-supereffective|p1a: Iron Mugulis
|-damage|p1a: Iron Mugulis|89/100 brn
|
|-weather|SunnyDay|[upkeep]
|-damage|p1a: Iron Mugulis|86/100 brn|[from] brn
|upkeep
|turn|16
|
|t:|1776076570
|move|p1a: Iron Mugulis|Shadow Ball|p2a: Torkoal
|-damage|p2a: Torkoal|28/100
|-unboost|p2a: Torkoal|spd|1
|move|p2a: Torkoal|Lava Plume|p1a: Iron Mugulis
|-supereffective|p1a: Iron Mugulis
|-damage|p1a: Iron Mugulis|76/100 brn
|
|-weather|SunnyDay|[upkeep]
|-damage|p1a: Iron Mugulis|73/100 brn|[from] brn
|upkeep
|turn|17
|
|t:|1776076581
|move|p1a: Iron Mugulis|Shadow Ball|p2a: Torkoal
|-damage|p2a: Torkoal|0 fnt
|faint|p2a: Torkoal
|
|-weather|SunnyDay|[upkeep]
|-damage|p1a: Iron Mugulis|70/100 brn|[from] brn
|upkeep
|
|t:|1776076587
|switch|p2a: Ogerpon|Ogerpon, F|100/100
|turn|18
|
|t:|1776076591
|switch|p2a: Walking Wake|Walking Wake|100/100 par
|-activate|p2a: Walking Wake|ability: Protosynthesis
|-start|p2a: Walking Wake|protosynthesisspa
|move|p1a: Iron Mugulis|Strength Sap|p2a: Walking Wake
|-unboost|p2a: Walking Wake|atk|1
|-heal|p1a: Iron Mugulis|100/100 brn
|
|-weather|SunnyDay|[upkeep]
|-damage|p1a: Iron Mugulis|98/100 brn|[from] brn
|-sideend|p1: n3684q|move: Light Screen
|upkeep
|turn|19
|
|t:|1776076601
|move|p1a: Iron Mugulis|Matcha Gotcha|p2a: Walking Wake
|-damage|p2a: Walking Wake|1/100 par
|-heal|p1a: Iron Mugulis|100/100 brn|[from] drain|[of] p2a: Walking Wake
|move|p2a: Walking Wake|Flamethrower|p1a: Iron Mugulis
|-supereffective|p1a: Iron Mugulis
|-damage|p1a: Iron Mugulis|54/100 brn
|
|-weather|SunnyDay|[upkeep]
|-damage|p1a: Iron Mugulis|51/100 brn|[from] brn
|-sideend|p1: n3684q|Reflect
|upkeep
|turn|20
|
|t:|1776076613
|move|p1a: Iron Mugulis|Shadow Ball|p2a: Walking Wake
|-damage|p2a: Walking Wake|0 fnt
|faint|p2a: Walking Wake
|-end|p2a: Walking Wake|Protosynthesis|[silent]
|
|-weather|none
|-damage|p1a: Iron Mugulis|48/100 brn|[from] brn
|upkeep
|
|t:|1776076619
|switch|p2a: Ogerpon|Ogerpon, F|100/100
|turn|21
|
|t:|1776076629
|-terastallize|p1a: Iron Mugulis|Fairy
|move|p2a: Ogerpon|Swords Dance|p2a: Ogerpon
|-boost|p2a: Ogerpon|atk|2
|move|p1a: Iron Mugulis|Strength Sap|p2a: Ogerpon
|-unboost|p2a: Ogerpon|atk|1
|-ability|p2a: Ogerpon|Defiant|boost
|-boost|p2a: Ogerpon|atk|2
|-heal|p1a: Iron Mugulis|100/100 brn
|
|-damage|p1a: Iron Mugulis|98/100 brn|[from] brn
|upkeep
|turn|22
|
|t:|1776076642
|move|p2a: Ogerpon|Ivy Cudgel|p1a: Iron Mugulis
|-damage|p1a: Iron Mugulis|5/100 brn
|move|p1a: Iron Mugulis|Shadow Ball|p2a: Ogerpon
|-damage|p2a: Ogerpon|5/100
|
|-damage|p1a: Iron Mugulis|2/100 brn|[from] brn
|upkeep
|turn|23
|
|t:|1776076651
|move|p2a: Ogerpon|Ivy Cudgel|p1a: Iron Mugulis
|-damage|p1a: Iron Mugulis|0 fnt
|faint|p1a: Iron Mugulis
|
|upkeep
|
|t:|1776076655
|switch|p1a: Iron CHOP|Iron Crown|100/100
|-activate|p1a: Iron CHOP|move: Sticky Web
|-unboost|p1a: Iron CHOP|spe|1
|-damage|p1a: Iron CHOP|94/100|[from] Stealth Rock
|turn|24
|
|t:|1776076662
|move|p2a: Ogerpon|Knock Off|p1a: Iron CHOP
|-supereffective|p1a: Iron CHOP
|-damage|p1a: Iron CHOP|0 fnt
|-enditem|p1a: Iron CHOP|Weakness Policy|[from] move: Knock Off|[of] p2a: Ogerpon
|faint|p1a: Iron CHOP
|-end|p1a: Iron CHOP|Quark Drive|[silent]
|
|upkeep
|
|t:|1776076665
|switch|p1a: Freeze Corleone|Kyurem|100/100
|-activate|p1a: Freeze Corleone|move: Sticky Web
|-unboost|p1a: Freeze Corleone|spe|1
|-damage|p1a: Freeze Corleone|76/100|[from] Stealth Rock
|-ability|p1a: Freeze Corleone|Pressure
|turn|25
|-message|n3684q forfeited.
|
|win|Billythekid95
|raw|n3684q's rating: 1517 &rarr; <strong>1496</strong><br />(-21 for losing)
|raw|Billythekid95's rating: 1507 &rarr; <strong>1528</strong><br />(+21 for winning)
|l|☆n3684q
|player|p1|
|l|☆Billythekid95
|player|p2|
