|html|<div class="broadcast-blue"><strong>[Gen 9] OU is currently suspecting Tera Blast! For information on how to participate check out the <a href="https://www.smogon.com/tools/suspects/view/200">suspect thread</a>.</strong></div>
|j|☆corpseoflilith
|j|☆joeybeisergaming
|t:|1776351291
|gametype|singles
|player|p1|corpseoflilith|rosa|1195
|player|p2|joeybeisergaming|sabrina|1184
|gen|9
|tier|[Gen 9] OU
|rated|
|rule|HP Percentage Mod: HP is shown in percentages
|rule|Endless Battle Clause: Forcing endless battles is banned
|rule|Species Clause: Limit one of each Pokémon
|rule|OHKO Clause: OHKO moves are banned
|rule|Evasion Items Clause: Evasion items are banned
|rule|Evasion Moves Clause: Evasion moves are banned
|rule|Evasion Abilities Clause: Evasion abilities are banned
|rule|Sleep Moves Clause: Sleep-inducing moves are banned
|clearpoke
|poke|p1|Scizor, M|
|poke|p1|Mandibuzz, F|
|poke|p1|Iron Moth|
|poke|p1|Landorus-Therian, M|
|poke|p1|Dondozo, M|
|poke|p1|Hatterene, F|
|poke|p2|Hydreigon, M|
|poke|p2|Pecharunt|
|poke|p2|Meowscarada, F|
|poke|p2|Skarmory, F|
|poke|p2|Blissey, F|
|poke|p2|Gliscor, F|
|teampreview
|inactive|Battle timer is ON: inactive players will automatically lose when time's up. (requested by corpseoflilith)
|c|☆corpseoflilith|hi
|
|t:|1776351312
|teamsize|p1|6
|teamsize|p2|6
|start
|switch|p1a: Iron Moth|Iron Moth|100/100
|switch|p2a: Meowscarada|Meowscarada, F|100/100
|turn|1
|
|t:|1776351335
|switch|p2a: Blissey|Blissey, F|100/100
|move|p1a: Iron Moth|Flamethrower|p2a: Blissey
|-damage|p2a: Blissey|78/100
|
|upkeep
|turn|2
|
|t:|1776351351
|-end|p1a: Iron Moth|Quark Drive|[silent]
|switch|p1a: Hatterene|Hatterene, F|100/100
|move|p2a: Blissey|Seismic Toss|p1a: Hatterene
|-damage|p1a: Hatterene|69/100
|
|upkeep
|turn|3
|inactive|joeybeisergaming has 120 seconds left.
|
|t:|1776351394
|switch|p1a: Mandibuzz|Mandibuzz, F|100/100
|move|p2a: Blissey|Calm Mind|p2a: Blissey
|-boost|p2a: Blissey|spa|1
|-boost|p2a: Blissey|spd|1
|
|upkeep
|turn|4
|
|t:|1776351405
|switch|p2a: Skarmory|Skarmory, F|100/100
|move|p1a: Mandibuzz|Knock Off|p2a: Skarmory
|-damage|p2a: Skarmory|86/100
|-damage|p1a: Mandibuzz|84/100|[from] item: Rocky Helmet|[of] p2a: Skarmory
|-enditem|p2a: Skarmory|Rocky Helmet|[from] move: Knock Off|[of] p1a: Mandibuzz
|
|upkeep
|turn|5
|
|t:|1776351413
|switch|p1a: Hatterene|Hatterene, F|69/100
|move|p2a: Skarmory|Stealth Rock|p1a: Hatterene
|move|p1a: Hatterene|Stealth Rock|p2a: Skarmory|[from] ability: Magic Bounce
|-sidestart|p2: joeybeisergaming|move: Stealth Rock
|
|upkeep
|turn|6
|inactive|joeybeisergaming has 120 seconds left.
|
|t:|1776351431
|switch|p2a: Blissey|Blissey, F|78/100
|switch|p1a: Iron Moth|Iron Moth|100/100
|
|upkeep
|turn|7
|
|t:|1776351451
|-end|p1a: Iron Moth|Quark Drive|[silent]
|switch|p1a: Mandibuzz|Mandibuzz, F|84/100
|move|p2a: Blissey|Seismic Toss|p1a: Mandibuzz
|-damage|p1a: Mandibuzz|60/100
|
|upkeep
|turn|8
|
|t:|1776351457
|switch|p2a: Skarmory|Skarmory, F|86/100
|-damage|p2a: Skarmory|74/100|[from] Stealth Rock
|move|p1a: Mandibuzz|Roost|p1a: Mandibuzz
|-heal|p1a: Mandibuzz|100/100
|-singleturn|p1a: Mandibuzz|move: Roost
|
|upkeep
|turn|9
|
|t:|1776351465
|switch|p1a: Hatterene|Hatterene, F|69/100
|move|p2a: Skarmory|Brave Bird|p1a: Hatterene
|-damage|p1a: Hatterene|31/100
|-damage|p2a: Skarmory|62/100|[from] Recoil
|
|upkeep
|turn|10
|
|t:|1776351478
|switch|p1a: Dondozo|Dondozo, M|100/100
|move|p2a: Skarmory|Roost|p2a: Skarmory
|-heal|p2a: Skarmory|100/100
|-singleturn|p2a: Skarmory|move: Roost
|
|upkeep
|turn|11
|
|t:|1776351488
|move|p2a: Skarmory|Stealth Rock|p1a: Dondozo
|-sidestart|p1: corpseoflilith|move: Stealth Rock
|move|p1a: Dondozo|Curse|p1a: Dondozo
|-unboost|p1a: Dondozo|spe|1
|-boost|p1a: Dondozo|atk|1
|-boost|p1a: Dondozo|def|1
|
|upkeep
|turn|12
|inactive|joeybeisergaming has 120 seconds left.
|
|t:|1776351494
|move|p1a: Dondozo|Curse|p1a: Dondozo
|-unboost|p1a: Dondozo|spe|1
|-boost|p1a: Dondozo|atk|1
|-boost|p1a: Dondozo|def|1
|move|p2a: Skarmory|Whirlwind|p1a: Dondozo
|drag|p1a: Mandibuzz|Mandibuzz, F|100/100
|
|upkeep
|turn|13
|inactive|joeybeisergaming has 120 seconds left.
|
|t:|1776351510
|move|p1a: Mandibuzz|Defog|p2a: Skarmory
|-unboost|p2a: Skarmory|evasion|1
|-sideend|p2: joeybeisergaming|Stealth Rock|[from] move: Defog|[of] p1a: Mandibuzz
|-sideend|p1: corpseoflilith|Stealth Rock|[from] move: Defog|[of] p1a: Mandibuzz
|move|p2a: Skarmory|Stealth Rock|p1a: Mandibuzz
|-sidestart|p1: corpseoflilith|move: Stealth Rock
|
|upkeep
|turn|14
|inactive|joeybeisergaming has 120 seconds left.
|
|t:|1776351533
|switch|p2a: Gliscor|Gliscor, F|100/100
|move|p1a: Mandibuzz|Defog|p2a: Gliscor
|-unboost|p2a: Gliscor|evasion|1
|-sideend|p1: corpseoflilith|Stealth Rock|[from] move: Defog|[of] p1a: Mandibuzz
|
|-status|p2a: Gliscor|tox|[from] item: Toxic Orb
|upkeep
|turn|15
|inactive|joeybeisergaming has 90 seconds left.
|
|t:|1776351564
|switch|p1a: Iron Moth|Iron Moth|100/100
|move|p2a: Gliscor|Earthquake|p1a: Iron Moth
|-supereffective|p1a: Iron Moth
|-damage|p1a: Iron Moth|0 fnt
|faint|p1a: Iron Moth
|-end|p1a: Iron Moth|Quark Drive|[silent]
|
|upkeep
|
|t:|1776351571
|switch|p1a: Dondozo|Dondozo, M|100/100
|turn|16
|
|t:|1776351574
|switch|p2a: Skarmory|Skarmory, F|100/100
|move|p1a: Dondozo|Wave Crash|p2a: Skarmory
|-damage|p2a: Skarmory|78/100
|-damage|p1a: Dondozo|96/100|[from] Recoil
|
|-heal|p1a: Dondozo|100/100|[from] item: Leftovers
|upkeep
|turn|17
|
|t:|1776351585
|switch|p1a: Hatterene|Hatterene, F|31/100
|move|p2a: Skarmory|Brave Bird|p1a: Hatterene
|-damage|p1a: Hatterene|0 fnt
|faint|p1a: Hatterene
|-damage|p2a: Skarmory|68/100|[from] Recoil
|
|upkeep
|-message|corpseoflilith forfeited.
|
|win|joeybeisergaming
|raw|corpseoflilith's rating: 1215 &rarr; <strong>1188</strong><br />(-27 for losing)
|raw|joeybeisergaming's rating: 1184 &rarr; <strong>1211</strong><br />(+27 for winning)
|l|☆corpseoflilith
|player|p1|
