|html|<div class="broadcast-blue"><strong>[Gen 9] OU is currently suspecting Tera Blast! For information on how to participate check out the <a href="https://www.smogon.com/tools/suspects/view/200">suspect thread</a>.</strong></div>
|j|☆jefflipon
|j|☆AndrewDev066
|t:|1776302440
|gametype|singles
|player|p1|jefflipon|policeman|1000
|player|p2|AndrewDev066|veteran|1041
|gen|9
|tier|[Gen 9] OU
|rated|
|rule|HP Percentage Mod: HP is shown in percentages
|rule|Endless Battle Clause: Forcing endless battles is banned
|rule|Species Clause: Limit one of each Pokémon
|rule|OHKO Clause: OHKO moves are banned
|rule|Evasion Items Clause: Evasion items are banned
|rule|Evasion Moves Clause: Evasion moves are banned
|rule|Evasion Abilities Clause: Evasion abilities are banned
|rule|Sleep Moves Clause: Sleep-inducing moves are banned
|clearpoke
|poke|p1|Kyurem|
|poke|p1|Corviknight, M|
|poke|p1|Ting-Lu|
|poke|p1|Dondozo, F|
|poke|p1|Slowking-Galar, F|
|poke|p1|Cinderace, M|
|poke|p2|Corviknight, M|
|poke|p2|Gallade, M|
|poke|p2|Houndoom, F|
|poke|p2|Swampert, F|
|poke|p2|Dragapult, F|
|poke|p2|Amoonguss, F|
|teampreview
|inactive|Battle timer is ON: inactive players will automatically lose when time's up. (requested by jefflipon)
|inactive|jefflipon has 120 seconds left.
|
|t:|1776302475
|teamsize|p1|6
|teamsize|p2|6
|start
|switch|p1a: Kyurem|Kyurem|100/100
|switch|p2a: Lupita|Swampert, F|100/100
|-ability|p1a: Kyurem|Pressure
|turn|1
|inactive|jefflipon has 120 seconds left.
|
|t:|1776302509
|move|p1a: Kyurem|Substitute|p1a: Kyurem
|-start|p1a: Kyurem|Substitute
|-damage|p1a: Kyurem|75/100
|move|p2a: Lupita|Stealth Rock|p1a: Kyurem
|-sidestart|p1: jefflipon|move: Stealth Rock
|
|-heal|p1a: Kyurem|82/100|[from] item: Leftovers
|upkeep
|turn|2
|
|t:|1776302519
|switch|p2a: Paul|Dragapult, F|100/100
|move|p1a: Kyurem|Freeze-Dry|p2a: Paul
|-supereffective|p2a: Paul
|-damage|p2a: Paul|0 fnt
|faint|p2a: Paul
|
|-heal|p1a: Kyurem|88/100|[from] item: Leftovers
|upkeep
|
|t:|1776302528
|switch|p2a: Gallardo|Gallade, M, shiny|100/100
|turn|3
|
|t:|1776302534
|move|p1a: Kyurem|Earth Power|p2a: Gallardo
|-damage|p2a: Gallardo|65/100
|move|p2a: Gallardo|Sacred Sword|p1a: Kyurem
|-supereffective|p1a: Kyurem
|-end|p1a: Kyurem|Substitute
|-damage|p2a: Gallardo|56/100|[from] item: Life Orb
|
|-heal|p1a: Kyurem|94/100|[from] item: Leftovers
|upkeep
|turn|4
|
|t:|1776302554
|move|p1a: Kyurem|Protect|p1a: Kyurem
|-singleturn|p1a: Kyurem|Protect
|move|p2a: Gallardo|Protect||[still]
|-fail|p2a: Gallardo
|
|-heal|p1a: Kyurem|99/100|[from] item: Leftovers
|upkeep
|turn|5
|
|t:|1776302564
|move|p1a: Kyurem|Substitute|p1a: Kyurem
|-start|p1a: Kyurem|Substitute
|-damage|p1a: Kyurem|75/100
|move|p2a: Gallardo|Sacred Sword|p1a: Kyurem
|-supereffective|p1a: Kyurem
|-end|p1a: Kyurem|Substitute
|-damage|p2a: Gallardo|46/100|[from] item: Life Orb
|
|-heal|p1a: Kyurem|81/100|[from] item: Leftovers
|upkeep
|turn|6
|
|t:|1776302586
|move|p1a: Kyurem|Protect|p1a: Kyurem
|-singleturn|p1a: Kyurem|Protect
|move|p2a: Gallardo|Protect||[still]
|-fail|p2a: Gallardo
|
|-heal|p1a: Kyurem|88/100|[from] item: Leftovers
|upkeep
|turn|7
|
|t:|1776302594
|switch|p2a: Kima|Houndoom, F, shiny|100/100
|move|p1a: Kyurem|Substitute|p1a: Kyurem
|-start|p1a: Kyurem|Substitute
|-damage|p1a: Kyurem|63/100
|
|-heal|p1a: Kyurem|69/100|[from] item: Leftovers
|upkeep
|turn|8
|
|t:|1776302613
|move|p2a: Kima|Flamethrower|p1a: Kyurem
|-end|p1a: Kyurem|Substitute
|move|p1a: Kyurem|Earth Power|p2a: Kima
|-supereffective|p2a: Kima
|-crit|p2a: Kima
|-damage|p2a: Kima|0 fnt
|faint|p2a: Kima
|
|-heal|p1a: Kyurem|75/100|[from] item: Leftovers
|upkeep
|
|t:|1776302622
|switch|p2a: Eduardo|Corviknight, M|100/100
|turn|9
|
|t:|1776302637
|move|p1a: Kyurem|Protect|p1a: Kyurem
|-singleturn|p1a: Kyurem|Protect
|move|p2a: Eduardo|Bulk Up|p2a: Eduardo
|-boost|p2a: Eduardo|atk|1
|-boost|p2a: Eduardo|def|1
|
|-heal|p1a: Kyurem|81/100|[from] item: Leftovers
|upkeep
|turn|10
|
|t:|1776302651
|move|p1a: Kyurem|Substitute|p1a: Kyurem
|-start|p1a: Kyurem|Substitute
|-damage|p1a: Kyurem|56/100
|move|p2a: Eduardo|Body Press|p1a: Kyurem
|-supereffective|p1a: Kyurem
|-end|p1a: Kyurem|Substitute
|
|-heal|p1a: Kyurem|62/100|[from] item: Leftovers
|upkeep
|turn|11
|
|t:|1776302668
|move|p1a: Kyurem|Freeze-Dry|p2a: Eduardo
|-damage|p2a: Eduardo|72/100
|move|p2a: Eduardo|Bulk Up|p2a: Eduardo
|-boost|p2a: Eduardo|atk|1
|-boost|p2a: Eduardo|def|1
|
|-heal|p1a: Kyurem|69/100|[from] item: Leftovers
|-heal|p2a: Eduardo|78/100|[from] item: Leftovers
|upkeep
|turn|12
|inactive|jefflipon has 120 seconds left.
|
|t:|1776302700
|move|p1a: Kyurem|Protect|p1a: Kyurem
|-singleturn|p1a: Kyurem|Protect
|move|p2a: Eduardo|Bulk Up|p2a: Eduardo
|-boost|p2a: Eduardo|atk|1
|-boost|p2a: Eduardo|def|1
|
|-heal|p1a: Kyurem|75/100|[from] item: Leftovers
|-heal|p2a: Eduardo|84/100|[from] item: Leftovers
|upkeep
|turn|13
|inactive|jefflipon has 120 seconds left.
|
|t:|1776302715
|switch|p1a: Corviknight|Corviknight, M|100/100
|-damage|p1a: Corviknight|88/100|[from] Stealth Rock
|-ability|p1a: Corviknight|Pressure
|move|p2a: Eduardo|Body Press|p1a: Corviknight
|-damage|p1a: Corviknight|58/100
|-damage|p2a: Eduardo|67/100|[from] item: Rocky Helmet|[of] p1a: Corviknight
|
|-heal|p2a: Eduardo|73/100|[from] item: Leftovers
|upkeep
|turn|14
|inactive|jefflipon has 120 seconds left.
|
|t:|1776302731
|move|p2a: Eduardo|Body Press|p1a: Corviknight
|-damage|p1a: Corviknight|30/100
|-damage|p2a: Eduardo|57/100|[from] item: Rocky Helmet|[of] p1a: Corviknight
|move|p1a: Corviknight|Defog|p2a: Eduardo
|-ability|p2a: Eduardo|Mirror Armor
|-unboost|p1a: Corviknight|evasion|1
|-sideend|p1: jefflipon|Stealth Rock|[from] move: Defog|[of] p1a: Corviknight
|
|-heal|p2a: Eduardo|63/100|[from] item: Leftovers
|upkeep
|turn|15
|inactive|jefflipon has 120 seconds left.
|
|t:|1776302749
|switch|p1a: Dondozo|Dondozo, F|100/100
|move|p2a: Eduardo|Roost|p2a: Eduardo
|-heal|p2a: Eduardo|100/100
|-singleturn|p2a: Eduardo|move: Roost
|
|upkeep
|turn|16
|
|t:|1776302761
|move|p2a: Eduardo|Brave Bird|p1a: Dondozo
|-damage|p1a: Dondozo|80/100
|-damage|p2a: Eduardo|92/100|[from] Recoil
|move|p1a: Dondozo|Curse|p1a: Dondozo
|-unboost|p1a: Dondozo|spe|1
|-boost|p1a: Dondozo|atk|1
|-boost|p1a: Dondozo|def|1
|
|-heal|p2a: Eduardo|98/100|[from] item: Leftovers
|-heal|p1a: Dondozo|86/100|[from] item: Leftovers
|upkeep
|turn|17
|
|t:|1776302791
|move|p2a: Eduardo|Bulk Up|p2a: Eduardo
|-boost|p2a: Eduardo|atk|1
|-boost|p2a: Eduardo|def|1
|move|p1a: Dondozo|Body Press|p2a: Eduardo
|-damage|p2a: Eduardo|74/100
|
|-heal|p2a: Eduardo|80/100|[from] item: Leftovers
|-heal|p1a: Dondozo|92/100|[from] item: Leftovers
|upkeep
|turn|18
|inactive|jefflipon has 90 seconds left.
|
|t:|1776302807
|move|p2a: Eduardo|Brave Bird|p1a: Dondozo
|-damage|p1a: Dondozo|78/100
|-damage|p2a: Eduardo|74/100|[from] Recoil
|move|p1a: Dondozo|Body Press|p2a: Eduardo
|-damage|p2a: Eduardo|49/100
|
|-heal|p2a: Eduardo|55/100|[from] item: Leftovers
|-heal|p1a: Dondozo|84/100|[from] item: Leftovers
|upkeep
|turn|19
|
|t:|1776302817
|move|p2a: Eduardo|Bulk Up|p2a: Eduardo
|-boost|p2a: Eduardo|atk|1
|-boost|p2a: Eduardo|def|1
|move|p1a: Dondozo|Body Press|p2a: Eduardo
|-damage|p2a: Eduardo|31/100
|
|-heal|p2a: Eduardo|37/100|[from] item: Leftovers
|-heal|p1a: Dondozo|90/100|[from] item: Leftovers
|upkeep
|turn|20
|inactive|jefflipon has 90 seconds left.
|
|t:|1776302838
|move|p2a: Eduardo|Roost|p2a: Eduardo
|-heal|p2a: Eduardo|87/100
|-singleturn|p2a: Eduardo|move: Roost
|move|p1a: Dondozo|Body Press|p2a: Eduardo
|-supereffective|p2a: Eduardo
|-damage|p2a: Eduardo|36/100
|
|-heal|p2a: Eduardo|42/100|[from] item: Leftovers
|-heal|p1a: Dondozo|96/100|[from] item: Leftovers
|upkeep
|turn|21
|inactive|jefflipon has 90 seconds left.
|
|t:|1776302850
|switch|p2a: Soos|Amoonguss, F|100/100
|move|p1a: Dondozo|Body Press|p2a: Soos
|-resisted|p2a: Soos
|-damage|p2a: Soos|89/100
|-damage|p1a: Dondozo|80/100|[from] item: Rocky Helmet|[of] p2a: Soos
|
|-heal|p1a: Dondozo|86/100|[from] item: Leftovers
|upkeep
|turn|22
|inactive|jefflipon has 90 seconds left.
|inactive|jefflipon has 60 seconds left.
|
|t:|1776302888
|move|p2a: Soos|Toxic|p1a: Dondozo
|-status|p1a: Dondozo|tox
|move|p1a: Dondozo|Curse|p1a: Dondozo
|-unboost|p1a: Dondozo|spe|1
|-boost|p1a: Dondozo|atk|1
|-boost|p1a: Dondozo|def|1
|
|-heal|p1a: Dondozo|92/100 tox|[from] item: Leftovers
|-damage|p1a: Dondozo|86/100 tox|[from] psn
|upkeep
|turn|23
|inactive|jefflipon has 60 seconds left.
|
|t:|1776302899
|move|p2a: Soos|Giga Drain|p1a: Dondozo
|-supereffective|p1a: Dondozo
|-damage|p1a: Dondozo|59/100 tox
|-heal|p2a: Soos|100/100|[from] drain|[of] p1a: Dondozo
|move|p1a: Dondozo|Waterfall|p2a: Soos
|-resisted|p2a: Soos
|-damage|p2a: Soos|80/100
|-damage|p1a: Dondozo|42/100 tox|[from] item: Rocky Helmet|[of] p2a: Soos
|
|-heal|p1a: Dondozo|48/100 tox|[from] item: Leftovers
|-damage|p1a: Dondozo|36/100 tox|[from] psn
|upkeep
|turn|24
|inactive|jefflipon has 60 seconds left.
|
|t:|1776302920
|move|p2a: Soos|Giga Drain|p1a: Dondozo
|-supereffective|p1a: Dondozo
|-crit|p1a: Dondozo
|-damage|p1a: Dondozo|0 fnt
|-heal|p2a: Soos|100/100|[from] drain|[of] p1a: Dondozo
|faint|p1a: Dondozo
|
|upkeep
|
|t:|1776302928
|switch|p1a: Cinderace|Cinderace, M|100/100
|turn|25
|
|t:|1776302954
|switch|p2a: Lupita|Swampert, F|100/100
|move|p1a: Cinderace|Will-O-Wisp|p2a: Lupita|[miss]
|-miss|p1a: Cinderace|p2a: Lupita
|
|upkeep
|turn|26
|
|t:|1776302966
|move|p1a: Cinderace|U-turn|p2a: Lupita
|-damage|p2a: Lupita|88/100
|
|t:|1776302973
|switch|p1a: Ting-Lu|Ting-Lu|100/100|[from] U-turn
|-ability|p1a: Ting-Lu|Vessel of Ruin
|move|p2a: Lupita|Earthquake|p1a: Ting-Lu
|-damage|p1a: Ting-Lu|78/100
|
|-heal|p2a: Lupita|95/100|[from] item: Leftovers
|-heal|p1a: Ting-Lu|84/100|[from] item: Leftovers
|upkeep
|turn|27
|inactive|jefflipon has 30 seconds left.
|
|t:|1776302994
|move|p2a: Lupita|Waterfall|p1a: Ting-Lu
|-supereffective|p1a: Ting-Lu
|-damage|p1a: Ting-Lu|53/100
|move|p1a: Ting-Lu|Earthquake|p2a: Lupita
|-damage|p2a: Lupita|68/100
|
|-heal|p2a: Lupita|75/100|[from] item: Leftovers
|-heal|p1a: Ting-Lu|59/100|[from] item: Leftovers
|upkeep
|turn|28
|
|t:|1776303005
|move|p2a: Lupita|Waterfall|p1a: Ting-Lu
|-supereffective|p1a: Ting-Lu
|-damage|p1a: Ting-Lu|29/100
|move|p1a: Ting-Lu|Payback|p2a: Lupita
|-damage|p2a: Lupita|52/100
|
|-heal|p2a: Lupita|58/100|[from] item: Leftovers
|-heal|p1a: Ting-Lu|35/100|[from] item: Leftovers
|upkeep
|turn|29
|
|t:|1776303018
|move|p2a: Lupita|Waterfall|p1a: Ting-Lu
|-supereffective|p1a: Ting-Lu
|-damage|p1a: Ting-Lu|0 fnt
|faint|p1a: Ting-Lu
|
|-heal|p2a: Lupita|64/100|[from] item: Leftovers
|upkeep
|inactive|jefflipon has 30 seconds left.
|inactive|jefflipon has 20 seconds left.
|inactive|jefflipon has 15 seconds left.
|inactive|jefflipon has 10 seconds left.
|
|t:|1776303048
|switch|p1a: Slowking|Slowking-Galar, F|100/100
|turn|30
|inactive|jefflipon has 20 seconds left this turn.
|inactive|jefflipon has 15 seconds left.
|
|t:|1776303057
|move|p2a: Lupita|Earthquake|p1a: Slowking
|-supereffective|p1a: Slowking
|-enditem|p1a: Slowking|Shuca Berry|[eat]
|-enditem|p1a: Slowking|Shuca Berry|[weaken]
|-damage|p1a: Slowking|74/100
|-prepare|p1a: Slowking|Chilly Reception|[premajor]
|move|p1a: Slowking|Chilly Reception|p1a: Slowking
|-weather|Snowscape
|inactive|jefflipon has 20 seconds left this turn.
|inactive|jefflipon has 15 seconds left.
|inactive|jefflipon has 10 seconds left.
|
|t:|1776303067
|switch|p1a: Kyurem|Kyurem|75/100|[from] Chilly Reception
|-ability|p1a: Kyurem|Pressure
|
|-weather|Snowscape|[upkeep]
|-heal|p1a: Kyurem|81/100|[from] item: Leftovers
|-heal|p2a: Lupita|71/100|[from] item: Leftovers
|upkeep
|turn|31
|inactive|jefflipon has 20 seconds left this turn.
|inactive|jefflipon has 15 seconds left.
|
|t:|1776303076
|move|p1a: Kyurem|Freeze-Dry|p2a: Lupita
|-supereffective|p2a: Lupita
|-damage|p2a: Lupita|0 fnt
|faint|p2a: Lupita
|
|-weather|Snowscape|[upkeep]
|-heal|p1a: Kyurem|87/100|[from] item: Leftovers
|upkeep
|
|t:|1776303085
|switch|p2a: Eduardo|Corviknight, M|42/100
|turn|32
|inactive|jefflipon has 30 seconds left this turn.
|
|t:|1776303092
|move|p1a: Kyurem|Protect|p1a: Kyurem
|-singleturn|p1a: Kyurem|Protect
|move|p2a: Eduardo|Roost|p2a: Eduardo
|-heal|p2a: Eduardo|92/100
|-singleturn|p2a: Eduardo|move: Roost
|
|-weather|Snowscape|[upkeep]
|-heal|p1a: Kyurem|93/100|[from] item: Leftovers
|-heal|p2a: Eduardo|98/100|[from] item: Leftovers
|upkeep
|turn|33
|inactive|jefflipon has 30 seconds left.
|
|t:|1776303100
|move|p1a: Kyurem|Freeze-Dry|p2a: Eduardo
|-damage|p2a: Eduardo|72/100
|move|p2a: Eduardo|Bulk Up|p2a: Eduardo
|-boost|p2a: Eduardo|atk|1
|-boost|p2a: Eduardo|def|1
|
|-weather|Snowscape|[upkeep]
|-heal|p1a: Kyurem|99/100|[from] item: Leftovers
|-heal|p2a: Eduardo|78/100|[from] item: Leftovers
|upkeep
|turn|34
|
|t:|1776303110
|switch|p1a: Cinderace|Cinderace, M|100/100
|move|p2a: Eduardo|Bulk Up|p2a: Eduardo
|-boost|p2a: Eduardo|atk|1
|-boost|p2a: Eduardo|def|1
|
|-weather|none
|-heal|p2a: Eduardo|84/100|[from] item: Leftovers
|upkeep
|turn|35
|
|t:|1776303130
|-terastallize|p2a: Eduardo|Flying
|move|p1a: Cinderace|Pyro Ball|p2a: Eduardo
|-damage|p2a: Eduardo|64/100
|move|p2a: Eduardo|Brave Bird|p1a: Cinderace
|-damage|p1a: Cinderace|0 fnt
|faint|p1a: Cinderace
|-damage|p2a: Eduardo|35/100|[from] Recoil
|
|-heal|p2a: Eduardo|41/100|[from] item: Leftovers
|upkeep
|
|t:|1776303143
|switch|p1a: Slowking|Slowking-Galar, F|100/100
|turn|36
|
|t:|1776303154
|move|p2a: Eduardo|Roost|p2a: Eduardo
|-heal|p2a: Eduardo|91/100
|-hint|If a Terastallized Pokemon uses Roost, it remains Flying-type.
|move|p1a: Slowking|Future Sight|p2a: Eduardo
|-start|p1a: Slowking|move: Future Sight
|
|-heal|p2a: Eduardo|97/100|[from] item: Leftovers
|upkeep
|turn|37
|
|t:|1776303163
|move|p2a: Eduardo|Bulk Up|p2a: Eduardo
|-boost|p2a: Eduardo|atk|1
|-boost|p2a: Eduardo|def|1
|move|p1a: Slowking|Ice Beam|p2a: Eduardo
|-supereffective|p2a: Eduardo
|-damage|p2a: Eduardo|59/100
|
|-heal|p2a: Eduardo|65/100|[from] item: Leftovers
|upkeep
|turn|38
|
|t:|1776303178
|move|p2a: Eduardo|Bulk Up|p2a: Eduardo
|-boost|p2a: Eduardo|atk|1
|-boost|p2a: Eduardo|def|1
|move|p1a: Slowking|Ice Beam|p2a: Eduardo
|-supereffective|p2a: Eduardo
|-damage|p2a: Eduardo|33/100
|
|-end|p2a: Eduardo|move: Future Sight
|-damage|p2a: Eduardo|0 fnt
|faint|p2a: Eduardo
|upkeep
|
|t:|1776303187
|switch|p2a: Soos|Amoonguss, F|100/100
|turn|39
|
|t:|1776303200
|move|p2a: Soos|Toxic|p1a: Slowking
|-immune|p1a: Slowking
|move|p1a: Slowking|Future Sight|p2a: Soos
|-start|p1a: Slowking|move: Future Sight
|
|upkeep
|turn|40
|
|t:|1776303217
|move|p2a: Soos|Giga Drain|p1a: Slowking
|-resisted|p1a: Slowking
|-damage|p1a: Slowking|92/100
|move|p1a: Slowking|Ice Beam|p2a: Soos
|-supereffective|p2a: Soos
|-damage|p2a: Soos|57/100
|
|upkeep
|turn|41
|
|t:|1776303226
|move|p2a: Soos|Giga Drain|p1a: Slowking
|-resisted|p1a: Slowking
|-damage|p1a: Slowking|83/100
|-heal|p2a: Soos|61/100|[from] drain|[of] p1a: Slowking
|move|p1a: Slowking|Ice Beam|p2a: Soos
|-supereffective|p2a: Soos
|-damage|p2a: Soos|17/100
|
|-end|p2a: Soos|move: Future Sight
|-supereffective|p2a: Soos
|-damage|p2a: Soos|0 fnt
|faint|p2a: Soos
|upkeep
|
|t:|1776303236
|switch|p2a: Gallardo|Gallade, M, shiny|46/100
|turn|42
|
|t:|1776303241
|move|p2a: Gallardo|Psycho Cut|p1a: Slowking
|-damage|p1a: Slowking|36/100
|-damage|p2a: Gallardo|36/100|[from] item: Life Orb
|move|p1a: Slowking|Future Sight|p2a: Gallardo
|-start|p1a: Slowking|move: Future Sight
|
|upkeep
|turn|43
|
|t:|1776303250
|move|p2a: Gallardo|Psycho Cut|p1a: Slowking
|-crit|p1a: Slowking
|-damage|p1a: Slowking|0 fnt
|faint|p1a: Slowking
|-damage|p2a: Gallardo|26/100|[from] item: Life Orb
|
|upkeep
|
|t:|1776303255
|switch|p1a: Kyurem|Kyurem|99/100
|-ability|p1a: Kyurem|Pressure
|turn|44
|
|t:|1776303262
|move|p1a: Kyurem|Earth Power|p2a: Gallardo
|-damage|p2a: Gallardo|0 fnt
|faint|p2a: Gallardo
|
|win|jefflipon
|raw|jefflipon's rating: 1000 &rarr; <strong>1045</strong><br />(+45 for winning)
|raw|AndrewDev066's rating: 1041 &rarr; <strong>1023</strong><br />(-18 for losing)
