|html|<div class="broadcast-blue"><strong>[Gen 9] OU is currently suspecting Tera Blast! For information on how to participate check out the <a href="https://www.smogon.com/tools/suspects/view/200">suspect thread</a>.</strong></div>
|j|☆ZeR0KILL
|j|☆churrolite92
|t:|1776097012
|gametype|singles
|player|p1|ZeR0KILL|lance|1174
|player|p2|churrolite92|schoolkid-gen4|1223
|gen|9
|tier|[Gen 9] OU
|rated|
|rule|HP Percentage Mod: HP is shown in percentages
|rule|Endless Battle Clause: Forcing endless battles is banned
|rule|Species Clause: Limit one of each Pokémon
|rule|OHKO Clause: OHKO moves are banned
|rule|Evasion Items Clause: Evasion items are banned
|rule|Evasion Moves Clause: Evasion moves are banned
|rule|Evasion Abilities Clause: Evasion abilities are banned
|rule|Sleep Moves Clause: Sleep-inducing moves are banned
|clearpoke
|poke|p1|Dragonite, M|
|poke|p1|Ogerpon-Wellspring, F|
|poke|p1|Spiritomb, F|
|poke|p1|Gliscor, F|
|poke|p1|Gholdengo|
|poke|p1|Zamazenta-*|
|poke|p2|Maushold-Four|
|poke|p2|Mew|
|poke|p2|Garganacl, M|
|poke|p2|Dondozo, M|
|poke|p2|Ninetales-Alola, F|
|poke|p2|Meowscarada, M|
|teampreview
|inactive|Battle timer is ON: inactive players will automatically lose when time's up. (requested by ZeR0KILL)
|
|t:|1776097027
|teamsize|p1|6
|teamsize|p2|6
|start
|switch|p1a: Gliscor|Gliscor, F, shiny|100/100
|switch|p2a: Catch These Hands|Meowscarada, M|100/100
|turn|1
|
|t:|1776097038
|move|p1a: Gliscor|Protect|p1a: Gliscor
|-singleturn|p1a: Gliscor|Protect
|move|p2a: Catch These Hands|Trick|p1a: Gliscor
|-start|p2a: Catch These Hands|typechange|Psychic|[from] ability: Protean
|-activate|p1a: Gliscor|move: Protect
|
|-status|p1a: Gliscor|tox|[from] item: Toxic Orb
|upkeep
|turn|2
|
|t:|1776097045
|move|p2a: Catch These Hands|Trick|p1a: Gliscor
|-activate|p2a: Catch These Hands|move: Trick|[of] p1a: Gliscor
|-item|p1a: Gliscor|Choice Scarf|[from] move: Trick
|-item|p2a: Catch These Hands|Toxic Orb|[from] move: Trick
|move|p1a: Gliscor|Stealth Rock|p2a: Catch These Hands
|-sidestart|p2: churrolite92|move: Stealth Rock
|
|-status|p2a: Catch These Hands|tox|[from] item: Toxic Orb
|upkeep
|turn|3
|
|t:|1776097060
|switch|p2a: Family Fource 4|Maushold-Four|100/100
|switch|p1a: Zamazenta|Zamazenta|100/100
|-ability|p1a: Zamazenta|Dauntless Shield|boost
|-boost|p1a: Zamazenta|def|1
|
|upkeep
|turn|4
|inactive|churrolite92 has 120 seconds left.
|
|t:|1776097094
|switch|p2a: Whale on Me Daddy|Dondozo, M|100/100
|-damage|p2a: Whale on Me Daddy|88/100|[from] Stealth Rock
|move|p1a: Zamazenta|Iron Defense|p1a: Zamazenta
|-boost|p1a: Zamazenta|def|2
|
|upkeep
|turn|5
|
|t:|1776097109
|move|p1a: Zamazenta|Body Press|p2a: Whale on Me Daddy
|-damage|p2a: Whale on Me Daddy|68/100
|move|p2a: Whale on Me Daddy|Waterfall|p1a: Zamazenta
|-damage|p1a: Zamazenta|72/100
|
|-heal|p1a: Zamazenta|78/100|[from] item: Leftovers
|upkeep
|turn|6
|
|t:|1776097127
|move|p2a: Whale on Me Daddy|Waterfall|p1a: Zamazenta
|-damage|p1a: Zamazenta|49/100
|move|p1a: Zamazenta|Roar|p2a: Whale on Me Daddy
|drag|p2a: Family Fource 4|Maushold-Four|100/100
|
|-heal|p1a: Zamazenta|56/100|[from] item: Leftovers
|upkeep
|turn|7
|inactive|churrolite92 has 120 seconds left.
|
|t:|1776097144
|-terastallize|p2a: Family Fource 4|Ghost
|move|p1a: Zamazenta|Body Press|p2a: Family Fource 4
|-immune|p2a: Family Fource 4
|move|p2a: Family Fource 4|Tidy Up|p2a: Family Fource 4
|-sideend|p2: churrolite92|Stealth Rock
|-activate|p2a: Family Fource 4|move: Tidy Up
|-boost|p2a: Family Fource 4|atk|1
|-boost|p2a: Family Fource 4|spe|1
|
|-heal|p1a: Zamazenta|62/100|[from] item: Leftovers
|upkeep
|turn|8
|
|t:|1776097149
|move|p2a: Family Fource 4|Encore|p1a: Zamazenta
|-start|p1a: Zamazenta|Encore
|move|p1a: Zamazenta|Body Press|p2a: Family Fource 4
|-immune|p2a: Family Fource 4
|
|-heal|p1a: Zamazenta|68/100|[from] item: Leftovers
|upkeep
|turn|9
|
|t:|1776097153
|switch|p1a: Gliscor|Gliscor, F, shiny|100/100 tox
|move|p2a: Family Fource 4|Tidy Up|p2a: Family Fource 4
|-boost|p2a: Family Fource 4|atk|1
|-boost|p2a: Family Fource 4|spe|1
|
|upkeep
|turn|10
|
|t:|1776097165
|move|p2a: Family Fource 4|Population Bomb|p1a: Gliscor
|-damage|p1a: Gliscor|85/100 tox
|-damage|p1a: Gliscor|69/100 tox
|-damage|p1a: Gliscor|53/100 tox
|-damage|p1a: Gliscor|37/100 tox
|-damage|p1a: Gliscor|23/100 tox
|-damage|p1a: Gliscor|5/100 tox
|-damage|p1a: Gliscor|0 fnt
|faint|p1a: Gliscor
|-hitcount|p1: Gliscor|7
|
|upkeep
|
|t:|1776097173
|switch|p1a: Gholdengo|Gholdengo, shiny|100/100
|turn|11
|
|t:|1776097178
|move|p2a: Family Fource 4|Beat Up|p1a: Gholdengo
|-supereffective|p1a: Gholdengo
|-damage|p1a: Gholdengo|80/100
|-supereffective|p1a: Gholdengo
|-damage|p1a: Gholdengo|55/100
|-supereffective|p1a: Gholdengo
|-damage|p1a: Gholdengo|33/100
|-supereffective|p1a: Gholdengo
|-damage|p1a: Gholdengo|7/100
|-supereffective|p1a: Gholdengo
|-damage|p1a: Gholdengo|0 fnt
|faint|p1a: Gholdengo
|-hitcount|p1: Gholdengo|5
|
|upkeep
|
|t:|1776097182
|switch|p1a: Spiritomb|Spiritomb, F, shiny|100/100
|turn|12
|
|t:|1776097193
|move|p1a: Spiritomb|Sucker Punch|p2a: Family Fource 4
|-supereffective|p2a: Family Fource 4
|-damage|p2a: Family Fource 4|32/100
|move|p2a: Family Fource 4|Beat Up|p1a: Spiritomb
|-damage|p1a: Spiritomb|89/100
|-damage|p1a: Spiritomb|75/100
|-damage|p1a: Spiritomb|60/100
|-damage|p1a: Spiritomb|45/100
|-damage|p1a: Spiritomb|34/100
|-hitcount|p1a: Spiritomb|5
|
|-heal|p1a: Spiritomb|40/100|[from] item: Leftovers
|upkeep
|turn|13
|
|t:|1776097197
|move|p1a: Spiritomb|Sucker Punch||[still]
|-fail|p1a: Spiritomb
|move|p2a: Family Fource 4|Encore|p1a: Spiritomb
|-start|p1a: Spiritomb|Encore
|
|-heal|p1a: Spiritomb|46/100|[from] item: Leftovers
|upkeep
|turn|14
|
|t:|1776097202
|switch|p2a: Ditto Evolved|Mew|100/100
|move|p1a: Spiritomb|Sucker Punch||[still]
|-fail|p1a: Spiritomb
|
|-heal|p1a: Spiritomb|52/100|[from] item: Leftovers
|upkeep
|turn|15
|
|t:|1776097205
|move|p1a: Spiritomb|Sucker Punch||[still]
|-fail|p1a: Spiritomb
|move|p2a: Ditto Evolved|Imprison|p2a: Ditto Evolved
|-start|p2a: Ditto Evolved|move: Imprison
|
|-heal|p1a: Spiritomb|59/100|[from] item: Leftovers
|upkeep
|turn|16
|
|t:|1776097211
|-terastallize|p1a: Spiritomb|Grass
|move|p1a: Spiritomb|Sucker Punch|p2a: Ditto Evolved
|-supereffective|p2a: Ditto Evolved
|-damage|p2a: Ditto Evolved|64/100
|move|p2a: Ditto Evolved|Sand Tomb|p1a: Spiritomb
|-resisted|p1a: Spiritomb
|-damage|p1a: Spiritomb|54/100
|-activate|p1a: Spiritomb|move: Sand Tomb|[of] p2a: Ditto Evolved
|
|-heal|p1a: Spiritomb|60/100|[from] item: Leftovers
|-damage|p1a: Spiritomb|47/100|[from] move: Sand Tomb|[partiallytrapped]
|-end|p1a: Spiritomb|Encore
|upkeep
|turn|17
|
|t:|1776097219
|move|p2a: Ditto Evolved|Transform|p1a: Spiritomb
|-transform|p2a: Ditto Evolved|p1a: Spiritomb
|cant|p1a: Spiritomb|move: Imprison|Foul Play
|
|-heal|p1a: Spiritomb|54/100|[from] item: Leftovers
|-damage|p1a: Spiritomb|41/100|[from] move: Sand Tomb|[partiallytrapped]
|upkeep
|-start|p2a: Ditto Evolved|typechange|Ghost/Dark|[silent]
|turn|18
|
|t:|1776097243
|-activate|p1a: Spiritomb|move: Struggle
|move|p1a: Spiritomb|Struggle|p2a: Ditto Evolved
|-damage|p2a: Ditto Evolved|55/100
|-damage|p1a: Spiritomb|16/100|[from] recoil
|move|p2a: Ditto Evolved|Will-O-Wisp|p1a: Spiritomb
|-status|p1a: Spiritomb|brn
|
|-heal|p1a: Spiritomb|22/100 brn|[from] item: Leftovers
|-damage|p1a: Spiritomb|16/100 brn|[from] brn
|-damage|p1a: Spiritomb|4/100 brn|[from] move: Sand Tomb|[partiallytrapped]
|upkeep
|turn|19
|
|t:|1776097248
|move|p2a: Ditto Evolved|Sucker Punch|p1a: Spiritomb
|-damage|p1a: Spiritomb|0 fnt
|faint|p1a: Spiritomb
|
|upkeep
|
|t:|1776097251
|switch|p1a: Ogerpon|Ogerpon-Wellspring, F|100/100
|turn|20
|
|t:|1776097254
|move|p1a: Ogerpon|Swords Dance|p1a: Ogerpon
|-boost|p1a: Ogerpon|atk|2
|move|p2a: Ditto Evolved|Will-O-Wisp|p1a: Ogerpon
|-status|p1a: Ogerpon|brn
|
|-damage|p1a: Ogerpon|95/100 brn|[from] brn
|upkeep
|turn|21
|
|t:|1776097261
|switch|p2a: Yiff Yiff|Ninetales-Alola, F|100/100
|-weather|Snowscape|[from] ability: Snow Warning|[of] p2a: Yiff Yiff
|move|p1a: Ogerpon|Play Rough|p2a: Yiff Yiff
|-crit|p2a: Yiff Yiff
|-damage|p2a: Yiff Yiff|53/100
|
|-weather|Snowscape|[upkeep]
|-damage|p1a: Ogerpon|89/100 brn|[from] brn
|upkeep
|turn|22
|
|t:|1776097270
|move|p1a: Ogerpon|Horn Leech|p2a: Yiff Yiff
|-damage|p2a: Yiff Yiff|16/100
|-heal|p1a: Ogerpon|100/100 brn|[from] drain|[of] p2a: Yiff Yiff
|move|p2a: Yiff Yiff|Aurora Veil|p2a: Yiff Yiff
|-sidestart|p2: churrolite92|move: Aurora Veil
|
|-weather|Snowscape|[upkeep]
|-damage|p1a: Ogerpon|95/100 brn|[from] brn
|upkeep
|turn|23
|
|t:|1776097273
|move|p1a: Ogerpon|Horn Leech|p2a: Yiff Yiff
|-damage|p2a: Yiff Yiff|0 fnt
|-heal|p1a: Ogerpon|100/100 brn|[from] drain|[of] p2a: Yiff Yiff
|faint|p2a: Yiff Yiff
|
|-weather|Snowscape|[upkeep]
|-damage|p1a: Ogerpon|95/100 brn|[from] brn
|upkeep
|
|t:|1776097275
|switch|p2a: Whale on Me Daddy|Dondozo, M|68/100
|turn|24
|
|t:|1776097280
|move|p1a: Ogerpon|Horn Leech|p2a: Whale on Me Daddy
|-supereffective|p2a: Whale on Me Daddy
|-crit|p2a: Whale on Me Daddy
|-damage|p2a: Whale on Me Daddy|26/100
|-heal|p1a: Ogerpon|100/100 brn|[from] drain|[of] p2a: Whale on Me Daddy
|-enditem|p2a: Whale on Me Daddy|Weakness Policy
|-boost|p2a: Whale on Me Daddy|atk|2|[from] item: Weakness Policy
|-boost|p2a: Whale on Me Daddy|spa|2|[from] item: Weakness Policy
|move|p2a: Whale on Me Daddy|Avalanche|p1a: Ogerpon
|-damage|p1a: Ogerpon|1/100 brn
|
|-weather|Snowscape|[upkeep]
|-damage|p1a: Ogerpon|0 fnt|[from] brn
|faint|p1a: Ogerpon
|upkeep
|
|t:|1776097284
|switch|p1a: Zamazenta|Zamazenta|68/100
|turn|25
|
|t:|1776097291
|move|p1a: Zamazenta|Crunch|p2a: Whale on Me Daddy
|-damage|p2a: Whale on Me Daddy|19/100
|move|p2a: Whale on Me Daddy|Rest|p2a: Whale on Me Daddy
|-status|p2a: Whale on Me Daddy|slp|[from] move: Rest
|-heal|p2a: Whale on Me Daddy|100/100 slp|[silent]
|
|-weather|none
|-heal|p1a: Zamazenta|74/100|[from] item: Leftovers
|upkeep
|turn|26
|-message|ZeR0KILL forfeited.
|
|win|churrolite92
|raw|ZeR0KILL's rating: 1174 &rarr; <strong>1153</strong><br />(-21 for losing)
|raw|churrolite92's rating: 1223 &rarr; <strong>1244</strong><br />(+21 for winning)
|l|☆ZeR0KILL
|player|p1|
|l|☆churrolite92
|player|p2|
