|html|<div class="broadcast-blue"><strong>[Gen 9] OU is currently suspecting Tera Blast! For information on how to participate check out the <a href="https://www.smogon.com/tools/suspects/view/200">suspect thread</a>.</strong></div>
|j|☆ooctopoos
|j|☆Gary88
|t:|1776129285
|gametype|singles
|player|p1|ooctopoos|hiker-gen4|1326
|player|p2|Gary88|170|1241
|gen|9
|tier|[Gen 9] OU
|rated|
|rule|HP Percentage Mod: HP is shown in percentages
|rule|Endless Battle Clause: Forcing endless battles is banned
|rule|Species Clause: Limit one of each Pokémon
|rule|OHKO Clause: OHKO moves are banned
|rule|Evasion Items Clause: Evasion items are banned
|rule|Evasion Moves Clause: Evasion moves are banned
|rule|Evasion Abilities Clause: Evasion abilities are banned
|rule|Sleep Moves Clause: Sleep-inducing moves are banned
|clearpoke
|poke|p1|Regidrago|
|poke|p1|Slowking-Galar, L99, F|
|poke|p1|Ursaluna, F|
|poke|p1|Cresselia, F|
|poke|p1|Porygon2|
|poke|p1|Hatterene, F|
|poke|p2|Indeedee, M|
|poke|p2|Hatterene, F|
|poke|p2|Serperior, M|
|poke|p2|Dragonite, F|
|poke|p2|Dondozo, M|
|poke|p2|Darkrai|
|teampreview
|inactive|Battle timer is ON: inactive players will automatically lose when time's up. (requested by ooctopoos)
|
|t:|1776129297
|teamsize|p1|6
|teamsize|p2|6
|start
|switch|p1a: Hatterene|Hatterene, F|100/100
|switch|p2a: Serperior|Serperior, M|100/100
|turn|1
|
|t:|1776129307
|move|p2a: Serperior|Leaf Storm|p1a: Hatterene
|-damage|p1a: Hatterene|66/100
|-boost|p2a: Serperior|spa|2
|move|p1a: Hatterene|Psychic Noise|p2a: Serperior
|-damage|p2a: Serperior|54/100
|-start|p2a: Serperior|move: Heal Block
|
|upkeep
|turn|2
|
|t:|1776129315
|move|p2a: Serperior|Leaf Storm|p1a: Hatterene
|-crit|p1a: Hatterene
|-damage|p1a: Hatterene|0 fnt
|-boost|p2a: Serperior|spa|2
|faint|p1a: Hatterene
|
|-end|p2a: Serperior|move: Heal Block
|upkeep
|
|t:|1776129324
|switch|p1a: Cresselia|Cresselia, F|100/100
|turn|3
|
|t:|1776129328
|move|p2a: Serperior|Taunt|p1a: Cresselia
|-start|p1a: Cresselia|move: Taunt
|-enditem|p1a: Cresselia|Mental Herb
|-end|p1a: Cresselia|move: Taunt
|move|p1a: Cresselia|Trick Room|p1a: Cresselia
|-fieldstart|move: Trick Room|[of] p1a: Cresselia
|
|upkeep
|turn|4
|
|t:|1776129336
|move|p1a: Cresselia|Lunar Dance|p1a: Cresselia
|faint|p1a: Cresselia
|move|p2a: Serperior|Leaf Storm|p1: Cresselia|[notarget]
|-fail|p2a: Serperior
|
|upkeep
|
|t:|1776129345
|switch|p1a: Ursaluna|Ursaluna, F|100/100
|turn|5
|
|t:|1776129353
|-terastallize|p1a: Ursaluna|Normal
|move|p1a: Ursaluna|Facade|p2a: Serperior
|-damage|p2a: Serperior|0 fnt
|faint|p2a: Serperior
|
|-status|p1a: Ursaluna|brn|[from] item: Flame Orb
|upkeep
|
|t:|1776129372
|switch|p2a: Dragonite|Dragonite, F|100/100
|turn|6
|
|t:|1776129379
|move|p1a: Ursaluna|Facade|p2a: Dragonite
|-damage|p2a: Dragonite|0 fnt
|faint|p2a: Dragonite
|
|-damage|p1a: Ursaluna|94/100 brn|[from] brn
|upkeep
|
|t:|1776129392
|switch|p2a: Dondozo|Dondozo, M|100/100
|turn|7
|
|t:|1776129400
|move|p1a: Ursaluna|Facade|p2a: Dondozo
|-damage|p2a: Dondozo|7/100
|move|p2a: Dondozo|Waterfall|p1a: Ursaluna
|-damage|p1a: Ursaluna|75/100 brn
|
|-heal|p2a: Dondozo|13/100|[from] item: Leftovers
|-damage|p1a: Ursaluna|69/100 brn|[from] brn
|-fieldend|move: Trick Room
|upkeep
|turn|8
|
|t:|1776129409
|move|p2a: Dondozo|Waterfall|p1a: Ursaluna
|-damage|p1a: Ursaluna|50/100 brn
|move|p1a: Ursaluna|Facade|p2a: Dondozo
|-damage|p2a: Dondozo|0 fnt
|faint|p2a: Dondozo
|
|-damage|p1a: Ursaluna|44/100 brn|[from] brn
|upkeep
|
|t:|1776129427
|switch|p2a: Indeedee|Indeedee, M|100/100
|-fieldstart|move: Psychic Terrain|[from] ability: Psychic Surge|[of] p2a: Indeedee
|turn|9
|
|t:|1776129439
|switch|p1a: Porygon2|Porygon2, shiny|100/100
|-ability|p1a: Porygon2|Download|boost
|-boost|p1a: Porygon2|atk|1
|move|p2a: Indeedee|Expanding Force|p1a: Porygon2
|-damage|p1a: Porygon2|57/100
|
|upkeep
|turn|10
|
|t:|1776129450
|move|p2a: Indeedee|Expanding Force|p1a: Porygon2
|-damage|p1a: Porygon2|14/100
|move|p1a: Porygon2|Trick Room|p1a: Porygon2
|-fieldstart|move: Trick Room|[of] p1a: Porygon2
|
|upkeep
|turn|11
|
|t:|1776129458
|switch|p1a: Slowking|Slowking-Galar, L99, F|100/100
|move|p2a: Indeedee|Expanding Force|p1a: Slowking
|-damage|p1a: Slowking|40/100
|
|upkeep
|turn|12
|
|t:|1776129465
|move|p1a: Slowking|Sludge Wave|p2a: Indeedee
|-damage|p2a: Indeedee|41/100
|move|p2a: Indeedee|Expanding Force|p1a: Slowking
|-damage|p1a: Slowking|0 fnt
|faint|p1a: Slowking
|
|upkeep
|
|t:|1776129468
|switch|p1a: Ursaluna|Ursaluna, F, tera:Normal|44/100 brn
|-heal|p1a: Ursaluna|100/100|[from] move: Lunar Dance
|turn|13
|inactive|ooctopoos has 120 seconds left.
|c|☆ooctopoos|wait why was i cloaked in mystical moonlight
|
|t:|1776129518
|-terastallize|p2a: Indeedee|Psychic
|move|p1a: Ursaluna|Facade|p2a: Indeedee
|-damage|p2a: Indeedee|0 fnt
|faint|p2a: Indeedee
|
|-status|p1a: Ursaluna|brn|[from] item: Flame Orb
|upkeep
|
|t:|1776129527
|switch|p2a: Hatterene|Hatterene, F|100/100
|turn|14
|
|t:|1776129532
|move|p1a: Ursaluna|Facade|p2a: Hatterene
|-damage|p2a: Hatterene|0 fnt
|faint|p2a: Hatterene
|
|-damage|p1a: Ursaluna|94/100 brn|[from] brn
|-fieldend|move: Trick Room
|upkeep
|
|t:|1776129538
|switch|p2a: Darkrai|Darkrai|100/100
|turn|15
|
|t:|1776129547
|move|p2a: Darkrai|Dark Pulse|p1a: Ursaluna
|-damage|p1a: Ursaluna|57/100 brn
|move|p1a: Ursaluna|Facade|p2a: Darkrai
|-damage|p2a: Darkrai|0 fnt
|faint|p2a: Darkrai
|
|win|ooctopoos
|raw|ooctopoos's rating: 1326 &rarr; <strong>1341</strong><br />(+15 for winning)
|raw|Gary88's rating: 1241 &rarr; <strong>1222</strong><br />(-19 for losing)
