|html|<div class="broadcast-blue"><strong>[Gen 9] OU is currently suspecting Volcarona! For information on how to participate check out the <a href="https://www.smogon.com/tools/suspects/view/208">suspect thread</a>.</strong></div>
|j|☆senpako
|j|☆The ZU Wanderer
|t:|1778517734
|gametype|singles
|player|p1|senpako|koga|1356
|player|p2|The ZU Wanderer|roughneck|1363
|gen|9
|tier|[Gen 9] OU
|rated|
|rule|HP Percentage Mod: HP is shown in percentages
|rule|Endless Battle Clause: Forcing endless battles is banned
|rule|Species Clause: Limit one of each Pokémon
|rule|OHKO Clause: OHKO moves are banned
|rule|Evasion Items Clause: Evasion items are banned
|rule|Evasion Moves Clause: Evasion moves are banned
|rule|Evasion Abilities Clause: Evasion abilities are banned
|rule|Sleep Moves Clause: Sleep-inducing moves are banned
|clearpoke
|poke|p1|Cinderace, F|
|poke|p1|Garchomp, M|
|poke|p1|Moltres-Galar|
|poke|p1|Iron Valiant|
|poke|p1|Walking Wake|
|poke|p1|Clefable, M|
|poke|p2|Morpeko, F|
|poke|p2|Cryogonal|
|poke|p2|Piloswine, M|
|poke|p2|Toxicroak, M|
|poke|p2|Crocalor, M|
|poke|p2|Gogoat, M|
|teampreview
|inactive|Battle timer is ON: inactive players will automatically lose when time's up. (requested by senpako)
|
|t:|1778517752
|teamsize|p1|6
|teamsize|p2|6
|start
|switch|p1a: Cinderace|Cinderace, F|100/100
|switch|p2a: Cryogonal|Cryogonal|100/100
|turn|1
|
|t:|1778517758
|switch|p2a: Crocalor|Crocalor, M|100/100
|move|p1a: Cinderace|Pyro Ball|p2a: Crocalor
|-resisted|p2a: Crocalor
|-damage|p2a: Crocalor|85/100
|
|upkeep
|turn|2
|
|t:|1778517764
|move|p1a: Cinderace|U-turn|p2a: Crocalor
|-start|p1a: Cinderace|typechange|Bug|[from] ability: Libero
|-resisted|p2a: Crocalor
|-damage|p2a: Crocalor|76/100
|
|t:|1778517768
|switch|p1a: Clefable|Clefable, M|100/100|[from] U-turn
|move|p2a: Crocalor|Will-O-Wisp|p1a: Clefable
|-status|p1a: Clefable|brn
|
|-damage|p1a: Clefable|94/100 brn|[from] brn
|upkeep
|turn|3
|
|t:|1778517782
|switch|p2a: Cryogonal|Cryogonal|100/100
|move|p1a: Clefable|Trick|p2a: Cryogonal
|-activate|p1a: Clefable|move: Trick|[of] p2a: Cryogonal
|-item|p2a: Cryogonal|Choice Scarf|[from] move: Trick
|-item|p1a: Clefable|Life Orb|[from] move: Trick
|
|-damage|p1a: Clefable|88/100 brn|[from] brn
|upkeep
|turn|4
|
|t:|1778517801
|move|p2a: Cryogonal|Freeze-Dry|p1a: Clefable
|-damage|p1a: Clefable|61/100 brn
|move|p1a: Clefable|Cosmic Power|p1a: Clefable
|-boost|p1a: Clefable|def|1
|-boost|p1a: Clefable|spd|1
|
|-damage|p1a: Clefable|55/100 brn|[from] brn
|upkeep
|turn|5
|
|t:|1778517814
|switch|p2a: Toxicroak|Toxicroak, M, shiny|100/100
|move|p1a: Clefable|Moonlight|p1a: Clefable
|-heal|p1a: Clefable|100/100 brn
|
|-damage|p1a: Clefable|94/100 brn|[from] brn
|upkeep
|turn|6
|
|t:|1778517821
|-terastallize|p2a: Toxicroak|Dark
|-terastallize|p1a: Clefable|Poison
|move|p2a: Toxicroak|Gunk Shot|p1a: Clefable
|-resisted|p1a: Clefable
|-damage|p1a: Clefable|72/100 brn
|-damage|p2a: Toxicroak|91/100|[from] item: Life Orb
|move|p1a: Clefable|Cosmic Power|p1a: Clefable
|-boost|p1a: Clefable|def|1
|-boost|p1a: Clefable|spd|1
|
|-damage|p1a: Clefable|66/100 brn|[from] brn
|upkeep
|turn|7
|
|t:|1778517832
|switch|p2a: Crocalor|Crocalor, M|76/100
|move|p1a: Clefable|Cosmic Power|p1a: Clefable
|-boost|p1a: Clefable|def|1
|-boost|p1a: Clefable|spd|1
|
|-damage|p1a: Clefable|60/100 brn|[from] brn
|upkeep
|turn|8
|
|t:|1778517839
|move|p1a: Clefable|Moonlight|p1a: Clefable
|-heal|p1a: Clefable|100/100 brn
|move|p2a: Crocalor|Encore|p1a: Clefable
|-start|p1a: Clefable|Encore
|
|-damage|p1a: Clefable|94/100 brn|[from] brn
|upkeep
|turn|9
|
|t:|1778517846
|move|p1a: Clefable|Moonlight|p1a: Clefable
|-heal|p1a: Clefable|100/100 brn
|move|p2a: Crocalor|Flamethrower|p1a: Clefable
|-damage|p1a: Clefable|71/100 brn
|
|-damage|p1a: Clefable|65/100 brn|[from] brn
|upkeep
|turn|10
|
|t:|1778517857
|move|p1a: Clefable|Moonlight|p1a: Clefable
|-heal|p1a: Clefable|100/100 brn
|move|p2a: Crocalor|Flamethrower|p1a: Clefable
|-damage|p1a: Clefable|73/100 brn
|
|-damage|p1a: Clefable|67/100 brn|[from] brn
|upkeep
|turn|11
|
|t:|1778517864
|move|p1a: Clefable|Moonlight|p1a: Clefable
|-heal|p1a: Clefable|100/100 brn
|move|p2a: Crocalor|Flamethrower|p1a: Clefable
|-damage|p1a: Clefable|72/100 brn
|
|-damage|p1a: Clefable|66/100 brn|[from] brn
|-end|p1a: Clefable|Encore
|upkeep
|turn|12
|
|t:|1778517876
|switch|p2a: Morpeko|Morpeko, F, shiny|100/100
|move|p1a: Clefable|Stored Power|p2a: Morpeko
|-immune|p2a: Morpeko
|
|-damage|p1a: Clefable|60/100 brn|[from] brn
|-formechange|p2a: Morpeko|Morpeko-Hangry||[from] ability: Hunger Switch
|upkeep
|turn|13
|
|t:|1778517893
|move|p2a: Morpeko|Aura Wheel|p1a: Clefable
|-damage|p1a: Clefable|36/100 brn
|-boost|p2a: Morpeko|spe|1
|-damage|p2a: Morpeko|91/100|[from] item: Life Orb
|move|p1a: Clefable|Moonlight|p1a: Clefable
|-heal|p1a: Clefable|85/100 brn
|
|-damage|p1a: Clefable|79/100 brn|[from] brn
|-formechange|p2a: Morpeko|Morpeko||[from] ability: Hunger Switch
|upkeep
|turn|14
|
|t:|1778517908
|switch|p1a: Garchomp|Garchomp, M|100/100
|move|p2a: Morpeko|Aura Wheel|p1a: Garchomp
|-immune|p1a: Garchomp
|
|-formechange|p2a: Morpeko|Morpeko-Hangry||[from] ability: Hunger Switch
|upkeep
|turn|15
|
|t:|1778517915
|switch|p2a: Cryogonal|Cryogonal|100/100
|move|p1a: Garchomp|Scale Shot|p2a: Cryogonal
|-damage|p2a: Cryogonal|74/100
|-damage|p2a: Cryogonal|44/100
|-hitcount|p2a: Cryogonal|2
|-unboost|p1a: Garchomp|def|1
|-boost|p1a: Garchomp|spe|1
|
|upkeep
|turn|16
|
|t:|1778517937
|switch|p2a: Piloswine|Piloswine, M, shiny|100/100
|switch|p1a: Clefable|Clefable, M, tera:Poison|79/100 brn
|
|-damage|p1a: Clefable|73/100 brn|[from] brn
|upkeep
|turn|17
|
|t:|1778517948
|switch|p1a: Walking Wake|Walking Wake|100/100
|-enditem|p1a: Walking Wake|Booster Energy
|-activate|p1a: Walking Wake|ability: Protosynthesis|[fromitem]
|-start|p1a: Walking Wake|protosynthesisspa
|move|p2a: Piloswine|Earthquake|p1a: Walking Wake
|-damage|p1a: Walking Wake|64/100
|
|upkeep
|turn|18
|
|t:|1778517962
|move|p1a: Walking Wake|Agility|p1a: Walking Wake
|-boost|p1a: Walking Wake|spe|2
|move|p2a: Piloswine|Earthquake|p1a: Walking Wake
|-damage|p1a: Walking Wake|24/100
|
|upkeep
|turn|19
|
|t:|1778517972
|switch|p2a: Toxicroak|Toxicroak, M, shiny, tera:Dark|91/100
|move|p1a: Walking Wake|Flamethrower|p2a: Toxicroak
|-damage|p2a: Toxicroak|5/100
|
|upkeep
|turn|20
|
|t:|1778517978
|move|p2a: Toxicroak|Sucker Punch|p1a: Walking Wake
|-damage|p1a: Walking Wake|0 fnt
|faint|p1a: Walking Wake
|-end|p1a: Walking Wake|Protosynthesis|[silent]
|-damage|p2a: Toxicroak|0 fnt|[from] item: Life Orb
|faint|p2a: Toxicroak
|
|upkeep
|
|t:|1778517989
|switch|p1a: Moltres|Moltres-Galar, shiny|100/100
|switch|p2a: Crocalor|Crocalor, M|76/100
|turn|21
|
|t:|1778518000
|move|p1a: Moltres|Nasty Plot|p1a: Moltres
|-boost|p1a: Moltres|spa|2
|move|p2a: Crocalor|Encore|p1a: Moltres
|-start|p1a: Moltres|Encore
|
|upkeep
|turn|22
|
|t:|1778518010
|switch|p1a: Clefable|Clefable, M, tera:Poison|73/100 brn
|switch|p2a: Cryogonal|Cryogonal|44/100
|
|-damage|p1a: Clefable|67/100 brn|[from] brn
|upkeep
|turn|23
|
|t:|1778518029
|switch|p2a: Piloswine|Piloswine, M, shiny|100/100
|move|p1a: Clefable|Stored Power|p2a: Piloswine
|-damage|p2a: Piloswine|97/100
|-damage|p1a: Clefable|57/100 brn|[from] item: Life Orb
|
|-damage|p1a: Clefable|51/100 brn|[from] brn
|upkeep
|turn|24
|
|t:|1778518036
|move|p1a: Clefable|Stored Power|p2a: Piloswine
|-damage|p2a: Piloswine|94/100
|-damage|p1a: Clefable|41/100 brn|[from] item: Life Orb
|move|p2a: Piloswine|Curse|p2a: Piloswine
|-unboost|p2a: Piloswine|spe|1
|-boost|p2a: Piloswine|atk|1
|-boost|p2a: Piloswine|def|1
|
|-damage|p1a: Clefable|35/100 brn|[from] brn
|upkeep
|turn|25
|
|t:|1778518048
|switch|p1a: Cinderace|Cinderace, F|100/100
|move|p2a: Piloswine|Curse|p2a: Piloswine
|-unboost|p2a: Piloswine|spe|1
|-boost|p2a: Piloswine|atk|1
|-boost|p2a: Piloswine|def|1
|
|upkeep
|turn|26
|
|t:|1778518058
|move|p1a: Cinderace|Pyro Ball|p2a: Piloswine
|-supereffective|p2a: Piloswine
|-damage|p2a: Piloswine|75/100
|move|p2a: Piloswine|Earthquake|p1a: Cinderace
|-supereffective|p1a: Cinderace
|-damage|p1a: Cinderace|0 fnt
|faint|p1a: Cinderace
|
|upkeep
|
|t:|1778518067
|switch|p1a: Iron Valiant|Iron Valiant|100/100
|-enditem|p1a: Iron Valiant|Booster Energy
|-activate|p1a: Iron Valiant|ability: Quark Drive|[fromitem]
|-start|p1a: Iron Valiant|quarkdrivespe
|turn|27
|
|t:|1778518071
|move|p1a: Iron Valiant|Aura Sphere|p2a: Piloswine
|-supereffective|p2a: Piloswine
|-damage|p2a: Piloswine|29/100
|move|p2a: Piloswine|Earthquake|p1a: Iron Valiant
|-damage|p1a: Iron Valiant|6/100
|
|upkeep
|turn|28
|
|t:|1778518077
|move|p2a: Piloswine|Ice Shard|p1a: Iron Valiant
|-damage|p1a: Iron Valiant|0 fnt
|faint|p1a: Iron Valiant
|-end|p1a: Iron Valiant|Quark Drive|[silent]
|
|upkeep
|
|t:|1778518084
|switch|p1a: Moltres|Moltres-Galar, shiny|100/100
|turn|29
|
|t:|1778518086
|move|p2a: Piloswine|Ice Shard|p1a: Moltres
|-supereffective|p1a: Moltres
|-damage|p1a: Moltres|36/100
|-ability|p1a: Moltres|Berserk|boost
|-boost|p1a: Moltres|spa|1
|-enditem|p1a: Moltres|Sitrus Berry|[eat]
|-heal|p1a: Moltres|61/100|[from] item: Sitrus Berry
|move|p1a: Moltres|Fiery Wrath|p2a: Piloswine
|-damage|p2a: Piloswine|0 fnt
|faint|p2a: Piloswine
|
|upkeep
|
|t:|1778518096
|switch|p2a: Morpeko|Morpeko, F, shiny|91/100
|turn|30
|
|t:|1778518107
|switch|p1a: Garchomp|Garchomp, M|100/100
|move|p2a: Morpeko|Aura Wheel|p1a: Garchomp
|-immune|p1a: Garchomp
|
|-formechange|p2a: Morpeko|Morpeko-Hangry||[from] ability: Hunger Switch
|upkeep
|turn|31
|
|t:|1778518118
|switch|p2a: Crocalor|Crocalor, M|76/100
|move|p1a: Garchomp|Scale Shot|p2a: Crocalor
|-damage|p2a: Crocalor|67/100
|-damage|p2a: Crocalor|59/100
|-hitcount|p2a: Crocalor|2
|-unboost|p1a: Garchomp|def|1
|-boost|p1a: Garchomp|spe|1
|
|upkeep
|turn|32
|
|t:|1778518128
|move|p1a: Garchomp|Earthquake|p2a: Crocalor
|-supereffective|p2a: Crocalor
|-damage|p2a: Crocalor|0 fnt
|faint|p2a: Crocalor
|
|upkeep
|
|t:|1778518134
|switch|p2a: Gogoat|Gogoat, M, shiny|100/100
|turn|33
|
|t:|1778518139
|move|p1a: Garchomp|Poison Jab|p2a: Gogoat
|-supereffective|p2a: Gogoat
|-damage|p2a: Gogoat|34/100
|move|p2a: Gogoat|Bulk Up|p2a: Gogoat
|-boost|p2a: Gogoat|atk|1
|-boost|p2a: Gogoat|def|1
|
|upkeep
|turn|34
|
|t:|1778518146
|move|p1a: Garchomp|Poison Jab|p2a: Gogoat
|-supereffective|p2a: Gogoat
|-damage|p2a: Gogoat|0 fnt
|faint|p2a: Gogoat
|
|upkeep
|-message|The ZU Wanderer forfeited.
|
|win|senpako
|raw|senpako's rating: 1356 &rarr; <strong>1376</strong><br />(+20 for winning)
|raw|The ZU Wanderer's rating: 1363 &rarr; <strong>1343</strong><br />(-20 for losing)
|l|☆The ZU Wanderer
|player|p2|
|c|☆senpako|Gg
|l|☆senpako
|player|p1|
