|html|<div class="broadcast-blue"><strong>[Gen 9] OU is currently suspecting Tera Blast! For information on how to participate check out the <a href="https://www.smogon.com/tools/suspects/view/200">suspect thread</a>.</strong></div>
|j|☆The Tay
|j|☆Jeaph
|t:|1776039582
|gametype|singles
|player|p1|The Tay|raihan-masters|1405
|player|p2|Jeaph|beauty-gen4dp|1393
|gen|9
|tier|[Gen 9] OU
|rated|
|rule|HP Percentage Mod: HP is shown in percentages
|rule|Endless Battle Clause: Forcing endless battles is banned
|rule|Species Clause: Limit one of each Pokémon
|rule|OHKO Clause: OHKO moves are banned
|rule|Evasion Items Clause: Evasion items are banned
|rule|Evasion Moves Clause: Evasion moves are banned
|rule|Evasion Abilities Clause: Evasion abilities are banned
|rule|Sleep Moves Clause: Sleep-inducing moves are banned
|clearpoke
|poke|p1|Iron Hands|
|poke|p1|Zamazenta-*|
|poke|p1|Iron Moth|
|poke|p1|Zoroark, F|
|poke|p1|Cinderace, M|
|poke|p1|Pecharunt|
|poke|p2|Inteleon, M|
|poke|p2|Pelipper, F|
|poke|p2|Alomomola, F|
|poke|p2|Barraskewda, M|
|poke|p2|Iron Treads|
|poke|p2|Blissey, F|
|teampreview
|
|t:|1776039603
|teamsize|p1|6
|teamsize|p2|6
|start
|switch|p1a: Iron Hands|Iron Hands|100/100
|switch|p2a: Rowland|Iron Treads|100/100
|-enditem|p2a: Rowland|Booster Energy
|-activate|p2a: Rowland|ability: Quark Drive|[fromitem]
|-start|p2a: Rowland|quarkdrivespe
|turn|1
|
|t:|1776039622
|move|p2a: Rowland|Stealth Rock|p1a: Iron Hands
|-sidestart|p1: The Tay|move: Stealth Rock
|move|p1a: Iron Hands|Focus Blast|p2a: Rowland
|-supereffective|p2a: Rowland
|-damage|p2a: Rowland|0 fnt
|faint|p2a: Rowland
|-end|p2a: Rowland|Quark Drive|[silent]
|
|upkeep
|
|t:|1776039633
|switch|p2a: Deeper|Pelipper, F|100/100
|-weather|RainDance|[from] ability: Drizzle|[of] p2a: Deeper
|turn|2
|
|t:|1776039642
|switch|p2a: Ashanti|Blissey, F|100/100
|move|p1a: Iron Hands|Nasty Plot|p1a: Iron Hands
|-boost|p1a: Iron Hands|spa|2
|
|-weather|RainDance|[upkeep]
|upkeep
|turn|3
|
|t:|1776039658
|move|p1a: Iron Hands|Focus Blast|p2a: Ashanti|[miss]
|-miss|p1a: Iron Hands|p2a: Ashanti
|move|p2a: Ashanti|Seismic Toss|p1a: Iron Hands
|-damage|p1a: Iron Hands|62/100
|replace|p1a: Zoroark|Zoroark, F
|-end|p1a: Zoroark|Illusion
|
|-weather|RainDance|[upkeep]
|upkeep
|turn|4
|
|t:|1776039668
|move|p1a: Zoroark|Focus Blast|p2a: Ashanti
|-supereffective|p2a: Ashanti
|-damage|p2a: Ashanti|41/100
|move|p2a: Ashanti|Seismic Toss|p1a: Zoroark
|-damage|p1a: Zoroark|24/100
|
|-weather|RainDance|[upkeep]
|upkeep
|turn|5
|
|t:|1776039681
|switch|p2a: Deeper|Pelipper, F|100/100
|move|p1a: Zoroark|Focus Blast|p2a: Deeper
|-resisted|p2a: Deeper
|-damage|p2a: Deeper|50/100
|-unboost|p2a: Deeper|spd|1
|
|-weather|RainDance|[upkeep]
|upkeep
|turn|6
|
|t:|1776039691
|move|p1a: Zoroark|Dark Pulse|p2a: Deeper
|-damage|p2a: Deeper|0 fnt
|faint|p2a: Deeper
|
|-weather|RainDance|[upkeep]
|upkeep
|
|t:|1776039697
|switch|p2a: Gideon|Inteleon, M|100/100
|turn|7
|
|t:|1776039702
|move|p2a: Gideon|Snipe Shot|p1a: Zoroark
|-crit|p1a: Zoroark
|-damage|p1a: Zoroark|0 fnt
|faint|p1a: Zoroark
|
|-weather|RainDance|[upkeep]
|upkeep
|
|t:|1776039717
|switch|p1a: Pecharunt|Pecharunt|100/100
|-damage|p1a: Pecharunt|88/100|[from] Stealth Rock
|turn|8
|
|t:|1776039723
|move|p2a: Gideon|Snipe Shot|p1a: Pecharunt
|-damage|p1a: Pecharunt|0 fnt
|faint|p1a: Pecharunt
|
|-weather|RainDance|[upkeep]
|upkeep
|
|t:|1776039743
|switch|p1a: Zamazenta|Zamazenta|100/100
|-damage|p1a: Zamazenta|94/100|[from] Stealth Rock
|-ability|p1a: Zamazenta|Dauntless Shield|boost
|-boost|p1a: Zamazenta|def|1
|turn|9
|
|t:|1776039773
|move|p1a: Zamazenta|Body Press|p2a: Gideon
|-damage|p2a: Gideon|14/100
|move|p2a: Gideon|Snipe Shot|p1a: Zamazenta
|-damage|p1a: Zamazenta|25/100
|
|-weather|none
|-heal|p1a: Zamazenta|31/100|[from] item: Leftovers
|upkeep
|turn|10
|
|t:|1776039782
|switch|p2a: Phylis|Alomomola, F|100/100
|move|p1a: Zamazenta|Body Press|p2a: Phylis
|-damage|p2a: Phylis|75/100
|
|-heal|p1a: Zamazenta|38/100|[from] item: Leftovers
|-heal|p2a: Phylis|81/100|[from] item: Leftovers
|upkeep
|turn|11
|
|t:|1776039796
|move|p1a: Zamazenta|Iron Defense|p1a: Zamazenta
|-boost|p1a: Zamazenta|def|2
|move|p2a: Phylis|Wish|p2a: Phylis
|
|-heal|p1a: Zamazenta|44/100|[from] item: Leftovers
|-heal|p2a: Phylis|87/100|[from] item: Leftovers
|upkeep
|turn|12
|
|t:|1776039802
|move|p1a: Zamazenta|Iron Defense|p1a: Zamazenta
|-boost|p1a: Zamazenta|def|2
|move|p2a: Phylis|Flip Turn|p1a: Zamazenta
|-damage|p1a: Zamazenta|40/100
|
|t:|1776039832
|switch|p2a: Gideon|Inteleon, M|14/100|[from] Flip Turn
|
|-heal|p2a: Gideon|100/100|[from] move: Wish|[wisher] Phylis
|-heal|p1a: Zamazenta|46/100|[from] item: Leftovers
|upkeep
|turn|13
|
|t:|1776039848
|switch|p2a: Phylis|Alomomola, F|100/100
|move|p1a: Zamazenta|Body Press|p2a: Phylis
|-damage|p2a: Phylis|41/100
|
|-heal|p1a: Zamazenta|52/100|[from] item: Leftovers
|-heal|p2a: Phylis|47/100|[from] item: Leftovers
|upkeep
|turn|14
|
|t:|1776039858
|move|p2a: Phylis|Protect|p2a: Phylis
|-singleturn|p2a: Phylis|Protect
|move|p1a: Zamazenta|Body Press|p2a: Phylis
|-activate|p2a: Phylis|move: Protect
|
|-heal|p1a: Zamazenta|58/100|[from] item: Leftovers
|-heal|p2a: Phylis|53/100|[from] item: Leftovers
|upkeep
|turn|15
|
|t:|1776039871
|move|p1a: Zamazenta|Body Press|p2a: Phylis
|-damage|p2a: Phylis|0 fnt
|faint|p2a: Phylis
|
|-heal|p1a: Zamazenta|64/100|[from] item: Leftovers
|upkeep
|
|t:|1776039879
|switch|p2a: Ashanti|Blissey, F|41/100
|turn|16
|
|t:|1776039884
|-terastallize|p2a: Ashanti|Ghost
|move|p1a: Zamazenta|Body Press|p2a: Ashanti
|-immune|p2a: Ashanti
|move|p2a: Ashanti|Thunder Wave|p1a: Zamazenta
|-status|p1a: Zamazenta|par
|
|-heal|p1a: Zamazenta|71/100 par|[from] item: Leftovers
|upkeep
|turn|17
|
|t:|1776039892
|cant|p1a: Zamazenta|par
|move|p2a: Ashanti|Soft-Boiled|p2a: Ashanti
|-heal|p2a: Ashanti|91/100
|
|-heal|p1a: Zamazenta|77/100 par|[from] item: Leftovers
|upkeep
|turn|18
|
|t:|1776039898
|move|p1a: Zamazenta|Crunch|p2a: Ashanti
|-supereffective|p2a: Ashanti
|-damage|p2a: Ashanti|55/100
|-damage|p1a: Zamazenta|60/100 par|[from] item: Rocky Helmet|[of] p2a: Ashanti
|move|p2a: Ashanti|Seismic Toss|p1a: Zamazenta
|-damage|p1a: Zamazenta|35/100 par
|
|-heal|p1a: Zamazenta|41/100 par|[from] item: Leftovers
|upkeep
|turn|19
|
|t:|1776039912
|cant|p1a: Zamazenta|par
|move|p2a: Ashanti|Seismic Toss|p1a: Zamazenta
|-damage|p1a: Zamazenta|15/100 par
|
|-heal|p1a: Zamazenta|21/100 par|[from] item: Leftovers
|upkeep
|turn|20
|
|t:|1776039918
|move|p1a: Zamazenta|Crunch|p2a: Ashanti
|-supereffective|p2a: Ashanti
|-crit|p2a: Ashanti
|-damage|p2a: Ashanti|0 fnt
|-damage|p1a: Zamazenta|5/100 par|[from] item: Rocky Helmet|[of] p2a: Ashanti
|faint|p2a: Ashanti
|
|-heal|p1a: Zamazenta|11/100 par|[from] item: Leftovers
|upkeep
|
|t:|1776039931
|switch|p2a: Gideon|Inteleon, M|100/100
|turn|21
|
|t:|1776039937
|move|p2a: Gideon|Snipe Shot|p1a: Zamazenta
|-crit|p1a: Zamazenta
|-damage|p1a: Zamazenta|0 fnt
|faint|p1a: Zamazenta
|
|upkeep
|
|t:|1776039965
|switch|p1a: Iron Moth|Iron Moth|100/100
|-damage|p1a: Iron Moth|76/100|[from] Stealth Rock
|-enditem|p1a: Iron Moth|Booster Energy
|-activate|p1a: Iron Moth|ability: Quark Drive|[fromitem]
|-start|p1a: Iron Moth|quarkdrivespe
|turn|22
|
|t:|1776039975
|move|p1a: Iron Moth|Substitute|p1a: Iron Moth
|-start|p1a: Iron Moth|Substitute
|-damage|p1a: Iron Moth|51/100
|move|p2a: Gideon|Snipe Shot|p1a: Iron Moth
|-supereffective|p1a: Iron Moth
|-end|p1a: Iron Moth|Substitute
|
|upkeep
|turn|23
|
|t:|1776039994
|move|p1a: Iron Moth|Sludge Wave|p2a: Gideon
|-damage|p2a: Gideon|19/100
|move|p2a: Gideon|Snipe Shot|p1a: Iron Moth
|-supereffective|p1a: Iron Moth
|-damage|p1a: Iron Moth|0 fnt
|faint|p1a: Iron Moth
|-end|p1a: Iron Moth|Quark Drive|[silent]
|
|upkeep
|
|t:|1776040011
|switch|p1a: Iron Hands|Iron Hands|100/100
|-damage|p1a: Iron Hands|94/100|[from] Stealth Rock
|-enditem|p1a: Iron Hands|Booster Energy
|-activate|p1a: Iron Hands|ability: Quark Drive|[fromitem]
|-start|p1a: Iron Hands|quarkdriveatk
|turn|24
|
|t:|1776040017
|move|p2a: Gideon|Snipe Shot|p1a: Iron Hands
|-damage|p1a: Iron Hands|50/100
|move|p1a: Iron Hands|Drain Punch|p2a: Gideon
|-damage|p2a: Gideon|0 fnt
|-heal|p1a: Iron Hands|55/100|[from] drain|[of] p2a: Gideon
|faint|p2a: Gideon
|
|upkeep
|inactive|Battle timer is ON: inactive players will automatically lose when time's up. (requested by The Tay)
|
|t:|1776040069
|switch|p2a: Ziggy|Barraskewda, M, shiny|100/100
|turn|25
|
|t:|1776040075
|move|p2a: Ziggy|Psychic Fangs|p1a: Iron Hands
|-supereffective|p1a: Iron Hands
|-damage|p1a: Iron Hands|13/100
|move|p1a: Iron Hands|Supercell Slam|p2a: Ziggy
|-supereffective|p2a: Ziggy
|-damage|p2a: Ziggy|0 fnt
|faint|p2a: Ziggy
|
|win|The Tay
|raw|The Tay's rating: 1405 &rarr; <strong>1424</strong><br />(+19 for winning)
|raw|Jeaph's rating: 1393 &rarr; <strong>1374</strong><br />(-19 for losing)
|l|☆Jeaph
|player|p2|
|c|☆The Tay|gg
|l|☆The Tay
|player|p1|
