|html|<div class="broadcast-blue"><strong>[Gen 9] OU is currently suspecting Tera Blast! For information on how to participate check out the <a href="https://www.smogon.com/tools/suspects/view/200">suspect thread</a>.</strong></div>
|j|☆rishi_patel10
|j|☆wxdwxdwxd
|t:|1776046961
|gametype|singles
|player|p1|rishi_patel10|sage|1443
|player|p2|wxdwxdwxd|byron|1410
|gen|9
|tier|[Gen 9] OU
|rated|
|rule|HP Percentage Mod: HP is shown in percentages
|rule|Endless Battle Clause: Forcing endless battles is banned
|rule|Species Clause: Limit one of each Pokémon
|rule|OHKO Clause: OHKO moves are banned
|rule|Evasion Items Clause: Evasion items are banned
|rule|Evasion Moves Clause: Evasion moves are banned
|rule|Evasion Abilities Clause: Evasion abilities are banned
|rule|Sleep Moves Clause: Sleep-inducing moves are banned
|clearpoke
|poke|p1|Hatterene, F|
|poke|p1|Dondozo, M|
|poke|p1|Blissey, F|
|poke|p1|Toxapex, M|
|poke|p1|Corviknight, F|
|poke|p1|Hydrapple, M|
|poke|p2|Deoxys-Speed|
|poke|p2|Iron Moth|
|poke|p2|Zamazenta-*|
|poke|p2|Gholdengo|
|poke|p2|Rillaboom, M|
|poke|p2|Iron Jugulis|
|teampreview
|inactive|Battle timer is ON: inactive players will automatically lose when time's up. (requested by rishi_patel10)
|
|t:|1776046984
|teamsize|p1|6
|teamsize|p2|6
|start
|switch|p1a: Hatterene|Hatterene, F|100/100
|switch|p2a: Deoxys|Deoxys-Speed|100/100
|-ability|p2a: Deoxys|Pressure
|turn|1
|
|t:|1776047004
|move|p2a: Deoxys|Pain Split|p1a: Hatterene
|-sethp|p1a: Hatterene|98/100|[from] move: Pain Split|[silent]
|-sethp|p2a: Deoxys|100/100|[from] move: Pain Split
|move|p1a: Hatterene|Draining Kiss|p2a: Deoxys
|-damage|p2a: Deoxys|71/100
|-heal|p1a: Hatterene|100/100|[from] drain|[of] p2a: Deoxys
|-damage|p1a: Hatterene|84/100|[from] item: Rocky Helmet|[of] p2a: Deoxys
|
|-heal|p1a: Hatterene|90/100|[from] item: Leftovers
|upkeep
|turn|2
|
|t:|1776047012
|move|p2a: Deoxys|Pain Split|p1a: Hatterene
|-sethp|p1a: Hatterene|79/100|[from] move: Pain Split|[silent]
|-sethp|p2a: Deoxys|82/100|[from] move: Pain Split
|move|p1a: Hatterene|Future Sight|p2a: Deoxys
|-start|p1a: Hatterene|move: Future Sight
|
|-heal|p1a: Hatterene|85/100|[from] item: Leftovers
|upkeep
|turn|3
|
|t:|1776047026
|move|p2a: Deoxys|Pain Split|p1a: Hatterene
|-sethp|p1a: Hatterene|82/100|[from] move: Pain Split|[silent]
|-sethp|p2a: Deoxys|85/100|[from] move: Pain Split
|move|p1a: Hatterene|Draining Kiss|p2a: Deoxys
|-damage|p2a: Deoxys|57/100
|-heal|p1a: Hatterene|100/100|[from] drain|[of] p2a: Deoxys
|-damage|p1a: Hatterene|84/100|[from] item: Rocky Helmet|[of] p2a: Deoxys
|
|-heal|p1a: Hatterene|90/100|[from] item: Leftovers
|upkeep
|turn|4
|
|t:|1776047038
|move|p2a: Deoxys|Pain Split|p1a: Hatterene
|-sethp|p1a: Hatterene|72/100|[from] move: Pain Split|[silent]
|-sethp|p2a: Deoxys|75/100|[from] move: Pain Split
|move|p1a: Hatterene|Draining Kiss|p2a: Deoxys
|-damage|p2a: Deoxys|46/100
|-heal|p1a: Hatterene|94/100|[from] drain|[of] p2a: Deoxys
|-damage|p1a: Hatterene|77/100|[from] item: Rocky Helmet|[of] p2a: Deoxys
|
|-end|p2a: Deoxys|move: Future Sight
|-resisted|p2a: Deoxys
|-damage|p2a: Deoxys|12/100
|-heal|p1a: Hatterene|83/100|[from] item: Leftovers
|upkeep
|turn|5
|
|t:|1776047050
|move|p2a: Deoxys|Pain Split|p1a: Hatterene
|-sethp|p1a: Hatterene|47/100|[from] move: Pain Split|[silent]
|-sethp|p2a: Deoxys|49/100|[from] move: Pain Split
|move|p1a: Hatterene|Draining Kiss|p2a: Deoxys
|-damage|p2a: Deoxys|20/100
|-heal|p1a: Hatterene|69/100|[from] drain|[of] p2a: Deoxys
|-damage|p1a: Hatterene|52/100|[from] item: Rocky Helmet|[of] p2a: Deoxys
|
|-heal|p1a: Hatterene|58/100|[from] item: Leftovers
|upkeep
|turn|6
|
|t:|1776047057
|move|p2a: Deoxys|Pain Split|p1a: Hatterene
|-sethp|p1a: Hatterene|38/100|[from] move: Pain Split|[silent]
|-sethp|p2a: Deoxys|40/100|[from] move: Pain Split
|move|p1a: Hatterene|Draining Kiss|p2a: Deoxys
|-damage|p2a: Deoxys|14/100
|-heal|p1a: Hatterene|57/100|[from] drain|[of] p2a: Deoxys
|-damage|p1a: Hatterene|41/100|[from] item: Rocky Helmet|[of] p2a: Deoxys
|
|-heal|p1a: Hatterene|47/100|[from] item: Leftovers
|upkeep
|turn|7
|
|t:|1776047061
|move|p2a: Deoxys|Pain Split|p1a: Hatterene
|-sethp|p1a: Hatterene|30/100|[from] move: Pain Split|[silent]
|-sethp|p2a: Deoxys|31/100|[from] move: Pain Split
|move|p1a: Hatterene|Draining Kiss|p2a: Deoxys
|-damage|p2a: Deoxys|4/100
|-heal|p1a: Hatterene|49/100|[from] drain|[of] p2a: Deoxys
|-damage|p1a: Hatterene|33/100|[from] item: Rocky Helmet|[of] p2a: Deoxys
|
|-heal|p1a: Hatterene|39/100|[from] item: Leftovers
|upkeep
|turn|8
|
|t:|1776047066
|move|p2a: Deoxys|Pain Split|p1a: Hatterene
|-sethp|p1a: Hatterene|21/100|[from] move: Pain Split|[silent]
|-sethp|p2a: Deoxys|22/100|[from] move: Pain Split
|move|p1a: Hatterene|Draining Kiss|p2a: Deoxys
|-damage|p2a: Deoxys|0 fnt
|-heal|p1a: Hatterene|37/100|[from] drain|[of] p2a: Deoxys
|-damage|p1a: Hatterene|21/100|[from] item: Rocky Helmet|[of] p2a: Deoxys
|faint|p2a: Deoxys
|
|-heal|p1a: Hatterene|27/100|[from] item: Leftovers
|upkeep
|
|t:|1776047076
|switch|p2a: Iron Jugulis|Iron Jugulis, shiny|100/100
|-enditem|p2a: Iron Jugulis|Booster Energy
|-activate|p2a: Iron Jugulis|ability: Quark Drive|[fromitem]
|-start|p2a: Iron Jugulis|quarkdrivespe
|turn|9
|
|t:|1776047082
|switch|p1a: Blissey|Blissey, F|100/100
|move|p2a: Iron Jugulis|Knock Off|p1a: Blissey
|-damage|p1a: Blissey|75/100
|-enditem|p1a: Blissey|Heavy-Duty Boots|[from] move: Knock Off|[of] p2a: Iron Jugulis
|
|upkeep
|turn|10
|
|t:|1776047086
|move|p2a: Iron Jugulis|Taunt|p1a: Blissey
|-start|p1a: Blissey|move: Taunt
|move|p1a: Blissey|Seismic Toss|p2a: Iron Jugulis
|-damage|p2a: Iron Jugulis|70/100
|
|upkeep
|turn|11
|
|t:|1776047088
|move|p2a: Iron Jugulis|Knock Off|p1a: Blissey
|-damage|p1a: Blissey|57/100
|move|p1a: Blissey|Seismic Toss|p2a: Iron Jugulis
|-damage|p2a: Iron Jugulis|40/100
|
|upkeep
|turn|12
|
|t:|1776047091
|move|p2a: Iron Jugulis|Hurricane|p1a: Blissey|[miss]
|-miss|p2a: Iron Jugulis|p1a: Blissey
|move|p1a: Blissey|Seismic Toss|p2a: Iron Jugulis
|-damage|p2a: Iron Jugulis|9/100
|
|-end|p1a: Blissey|move: Taunt
|upkeep
|turn|13
|
|t:|1776047094
|move|p2a: Iron Jugulis|Taunt|p1a: Blissey
|-start|p1a: Blissey|move: Taunt
|move|p1a: Blissey|Seismic Toss|p2a: Iron Jugulis
|-damage|p2a: Iron Jugulis|0 fnt
|faint|p2a: Iron Jugulis
|-end|p2a: Iron Jugulis|Quark Drive|[silent]
|
|upkeep
|
|t:|1776047097
|switch|p2a: Rillaboom|Rillaboom, M, shiny|100/100
|-fieldstart|move: Grassy Terrain|[from] ability: Grassy Surge|[of] p2a: Rillaboom
|turn|14
|
|t:|1776047100
|switch|p1a: Corviknight|Corviknight, F|100/100
|-ability|p1a: Corviknight|Pressure
|move|p2a: Rillaboom|Swords Dance|p2a: Rillaboom
|-boost|p2a: Rillaboom|atk|2
|
|upkeep
|turn|15
|
|t:|1776047104
|-terastallize|p2a: Rillaboom|Electric
|move|p2a: Rillaboom|Swords Dance|p2a: Rillaboom
|-boost|p2a: Rillaboom|atk|2
|move|p1a: Corviknight|Iron Defense|p1a: Corviknight
|-boost|p1a: Corviknight|def|2
|
|upkeep
|turn|16
|
|t:|1776047112
|move|p2a: Rillaboom|Tera Blast|p1a: Corviknight|[anim] Tera Blast Electric
|-supereffective|p1a: Corviknight
|-damage|p1a: Corviknight|0 fnt
|faint|p1a: Corviknight
|-damage|p2a: Rillaboom|91/100|[from] item: Life Orb
|
|-heal|p2a: Rillaboom|97/100|[from] Grassy Terrain
|upkeep
|
|t:|1776047116
|switch|p1a: Dondozo|Dondozo, M|100/100
|turn|17
|
|t:|1776047120
|-terastallize|p1a: Dondozo|Fairy
|move|p2a: Rillaboom|Tera Blast|p1a: Dondozo|[anim] Tera Blast Electric
|-damage|p1a: Dondozo|74/100
|-damage|p2a: Rillaboom|87/100|[from] item: Life Orb
|move|p1a: Dondozo|Curse|p1a: Dondozo
|-unboost|p1a: Dondozo|spe|1
|-boost|p1a: Dondozo|atk|1
|-boost|p1a: Dondozo|def|1
|
|-heal|p2a: Rillaboom|93/100|[from] Grassy Terrain
|-heal|p1a: Dondozo|80/100|[from] Grassy Terrain
|-heal|p1a: Dondozo|86/100|[from] item: Leftovers
|upkeep
|turn|18
|
|t:|1776047124
|move|p2a: Rillaboom|Grassy Glide|p1a: Dondozo
|-damage|p1a: Dondozo|71/100
|-damage|p2a: Rillaboom|83/100|[from] item: Life Orb
|move|p1a: Dondozo|Avalanche|p2a: Rillaboom
|-damage|p2a: Rillaboom|41/100
|
|-heal|p2a: Rillaboom|47/100|[from] Grassy Terrain
|-heal|p1a: Dondozo|77/100|[from] Grassy Terrain
|-heal|p1a: Dondozo|83/100|[from] item: Leftovers
|-fieldend|move: Grassy Terrain
|upkeep
|turn|19
|
|t:|1776047128
|switch|p2a: Gholdengo|Gholdengo, shiny|100/100
|move|p1a: Dondozo|Avalanche|p2a: Gholdengo
|-resisted|p2a: Gholdengo
|-damage|p2a: Gholdengo|91/100
|
|-heal|p1a: Dondozo|90/100|[from] item: Leftovers
|upkeep
|turn|20
|
|t:|1776047134
|switch|p2a: Rillaboom|Rillaboom, M, shiny, tera:Electric|47/100
|-fieldstart|move: Grassy Terrain|[from] ability: Grassy Surge|[of] p2a: Rillaboom
|switch|p1a: Hydrapple|Hydrapple, M|100/100
|
|-heal|p2a: Rillaboom|54/100|[from] Grassy Terrain
|upkeep
|turn|21
|
|t:|1776047140
|switch|p2a: Iron Moth|Iron Moth, shiny|100/100
|-enditem|p2a: Iron Moth|Booster Energy
|-activate|p2a: Iron Moth|ability: Quark Drive|[fromitem]
|-start|p2a: Iron Moth|quarkdrivespe
|move|p1a: Hydrapple|Earth Power|p2a: Iron Moth
|-supereffective|p2a: Iron Moth
|-damage|p2a: Iron Moth|0 fnt
|faint|p2a: Iron Moth
|-end|p2a: Iron Moth|Quark Drive|[silent]
|
|upkeep
|
|t:|1776047142
|switch|p2a: Zamazenta|Zamazenta, shiny|100/100
|-ability|p2a: Zamazenta|Dauntless Shield|boost
|-boost|p2a: Zamazenta|def|1
|turn|22
|
|t:|1776047150
|switch|p2a: Gholdengo|Gholdengo, shiny|91/100
|-enditem|p2a: Gholdengo|Grassy Seed
|-boost|p2a: Gholdengo|def|1|[from] item: Grassy Seed
|move|p1a: Hydrapple|Grass Knot|p2a: Gholdengo
|-resisted|p2a: Gholdengo
|-damage|p2a: Gholdengo|80/100
|
|-heal|p2a: Gholdengo|86/100|[from] Grassy Terrain
|upkeep
|turn|23
|
|t:|1776047158
|move|p2a: Gholdengo|Nasty Plot|p2a: Gholdengo
|-boost|p2a: Gholdengo|spa|2
|move|p1a: Hydrapple|Earth Power|p2a: Gholdengo
|-supereffective|p2a: Gholdengo
|-damage|p2a: Gholdengo|54/100
|
|-heal|p2a: Gholdengo|60/100|[from] Grassy Terrain
|upkeep
|turn|24
|
|t:|1776047162
|move|p2a: Gholdengo|Nasty Plot|p2a: Gholdengo
|-boost|p2a: Gholdengo|spa|2
|move|p1a: Hydrapple|Earth Power|p2a: Gholdengo
|-supereffective|p2a: Gholdengo
|-damage|p2a: Gholdengo|27/100
|
|-heal|p2a: Gholdengo|33/100|[from] Grassy Terrain
|-fieldend|move: Grassy Terrain
|upkeep
|turn|25
|
|t:|1776047164
|move|p2a: Gholdengo|Make It Rain|p1a: Hydrapple
|-damage|p1a: Hydrapple|30/100
|-unboost|p2a: Gholdengo|spa|1
|move|p1a: Hydrapple|Earth Power|p2a: Gholdengo
|-supereffective|p2a: Gholdengo
|-damage|p2a: Gholdengo|0 fnt
|faint|p2a: Gholdengo
|
|upkeep
|
|t:|1776047168
|switch|p2a: Zamazenta|Zamazenta, shiny|100/100
|turn|26
|
|t:|1776047174
|switch|p1a: Hatterene|Hatterene, F|27/100
|move|p2a: Zamazenta|Stone Edge|p1a: Hatterene|[miss]
|-miss|p2a: Zamazenta|p1a: Hatterene
|
|-heal|p1a: Hatterene|33/100|[from] item: Leftovers
|upkeep
|turn|27
|
|t:|1776047177
|move|p2a: Zamazenta|Stone Edge|p1a: Hatterene|[miss]
|-miss|p2a: Zamazenta|p1a: Hatterene
|move|p1a: Hatterene|Draining Kiss|p2a: Zamazenta
|-supereffective|p2a: Zamazenta
|-damage|p2a: Zamazenta|60/100
|-heal|p1a: Hatterene|64/100|[from] drain|[of] p2a: Zamazenta
|
|-heal|p1a: Hatterene|70/100|[from] item: Leftovers
|upkeep
|turn|28
|-message|wxdwxdwxd forfeited.
|
|win|rishi_patel10
|raw|rishi_patel10's rating: 1443 &rarr; <strong>1461</strong><br />(+18 for winning)
|raw|wxdwxdwxd's rating: 1410 &rarr; <strong>1392</strong><br />(-18 for losing)
|l|☆wxdwxdwxd
|player|p2|
|l|☆rishi_patel10
|player|p1|
