|html|<div class="broadcast-blue"><strong>[Gen 9] OU is currently suspecting Tera Blast! For information on how to participate check out the <a href="https://www.smogon.com/tools/suspects/view/200">suspect thread</a>.</strong></div>
|j|☆dioisboring
|j|☆rainy day 00
|t:|1776100609
|gametype|singles
|player|p1|dioisboring|hoopster|1188
|player|p2|rainy day 00|clair|1254
|gen|9
|tier|[Gen 9] OU
|rated|
|rule|HP Percentage Mod: HP is shown in percentages
|rule|Endless Battle Clause: Forcing endless battles is banned
|rule|Species Clause: Limit one of each Pokémon
|rule|OHKO Clause: OHKO moves are banned
|rule|Evasion Items Clause: Evasion items are banned
|rule|Evasion Moves Clause: Evasion moves are banned
|rule|Evasion Abilities Clause: Evasion abilities are banned
|rule|Sleep Moves Clause: Sleep-inducing moves are banned
|clearpoke
|poke|p1|Yanmega, F|
|poke|p1|Raging Bolt|
|poke|p1|Toxapex, M|
|poke|p1|Ninetales, M|
|poke|p1|Lilligant-Hisui, F|
|poke|p1|Excadrill, M|
|poke|p2|Scizor, F|
|poke|p2|Umbreon, M|
|poke|p2|Gengar, M|
|poke|p2|Bellibolt, M|
|poke|p2|Tsareena, F|
|poke|p2|Slowking, M|
|teampreview
|
|t:|1776100645
|teamsize|p1|6
|teamsize|p2|6
|start
|switch|p1a: Excadrill|Excadrill, M, shiny|100/100
|switch|p2a: Umbreon|Umbreon, M, shiny|100/100
|-ability|p1a: Excadrill|Mold Breaker
|-item|p1a: Excadrill|Air Balloon
|turn|1
|inactive|Battle timer is ON: inactive players will automatically lose when time's up. (requested by dioisboring)
|
|t:|1776100657
|move|p1a: Excadrill|Stealth Rock|p2a: Umbreon
|-sidestart|p2: rainy day 00|move: Stealth Rock
|move|p2a: Umbreon|Foul Play|p1a: Excadrill
|-damage|p1a: Excadrill|30/100
|-enditem|p1a: Excadrill|Air Balloon
|
|upkeep
|turn|2
|
|t:|1776100676
|move|p1a: Excadrill|Iron Head|p2a: Umbreon
|-damage|p2a: Umbreon|68/100
|move|p2a: Umbreon|Foul Play|p1a: Excadrill
|-damage|p1a: Excadrill|0 fnt
|faint|p1a: Excadrill
|
|-heal|p2a: Umbreon|74/100|[from] item: Leftovers
|upkeep
|
|t:|1776100686
|switch|p1a: Yanmega|Yanmega, F, shiny|100/100
|turn|3
|
|t:|1776100693
|move|p1a: Yanmega|Bug Buzz|p2a: Umbreon
|-supereffective|p2a: Umbreon
|-damage|p2a: Umbreon|2/100
|-damage|p1a: Yanmega|91/100|[from] item: Life Orb
|move|p2a: Umbreon|Skill Swap|p1a: Yanmega
|-activate|p2a: Umbreon|Skill Swap|Speed Boost|Synchronize|[of] p1a: Yanmega
|
|-heal|p2a: Umbreon|8/100|[from] item: Leftovers
|-ability|p2a: Umbreon|Speed Boost|boost
|-boost|p2a: Umbreon|spe|1
|upkeep
|turn|4
|
|t:|1776100712
|move|p1a: Yanmega|Ancient Power|p2a: Umbreon
|-damage|p2a: Umbreon|0 fnt
|faint|p2a: Umbreon
|-damage|p1a: Yanmega|81/100|[from] item: Life Orb
|
|upkeep
|
|t:|1776100723
|switch|p2a: Scizor|Scizor, F|100/100
|-damage|p2a: Scizor|88/100|[from] Stealth Rock
|turn|5
|
|t:|1776100730
|switch|p1a: Ninetales|Ninetales, M|100/100
|-weather|SunnyDay|[from] ability: Drought|[of] p1a: Ninetales
|move|p2a: Scizor|Swords Dance|p2a: Scizor
|-boost|p2a: Scizor|atk|2
|
|-weather|SunnyDay|[upkeep]
|upkeep
|turn|6
|
|t:|1776100742
|-terastallize|p2a: Scizor|Normal
|move|p1a: Ninetales|Weather Ball|p2a: Scizor
|-damage|p2a: Scizor|19/100
|move|p2a: Scizor|Swords Dance|p2a: Scizor
|-boost|p2a: Scizor|atk|2
|
|-weather|SunnyDay|[upkeep]
|upkeep
|turn|7
|
|t:|1776100758
|move|p2a: Scizor|Quick Attack|p1a: Ninetales
|-damage|p1a: Ninetales|0 fnt
|faint|p1a: Ninetales
|
|-weather|SunnyDay|[upkeep]
|upkeep
|
|t:|1776100767
|switch|p1a: Toxapex|Toxapex, M|100/100
|turn|8
|
|t:|1776100772
|move|p1a: Toxapex|Baneful Bunker|p1a: Toxapex
|-singleturn|p1a: Toxapex|move: Protect
|move|p2a: Scizor|Quick Attack|p1a: Toxapex
|-activate|p1a: Toxapex|move: Protect
|-status|p2a: Scizor|psn
|
|-weather|SunnyDay|[upkeep]
|-damage|p2a: Scizor|7/100 psn|[from] psn
|upkeep
|turn|9
|
|t:|1776100786
|move|p2a: Scizor|Quick Attack|p1a: Toxapex
|-damage|p1a: Toxapex|28/100
|move|p1a: Toxapex|Recover|p1a: Toxapex
|-heal|p1a: Toxapex|78/100
|
|-weather|SunnyDay|[upkeep]
|-heal|p1a: Toxapex|85/100|[from] item: Black Sludge
|-damage|p2a: Scizor|0 fnt|[from] psn
|faint|p2a: Scizor
|upkeep
|
|t:|1776100797
|switch|p2a: Gengar|Gengar, M|100/100
|-damage|p2a: Gengar|88/100|[from] Stealth Rock
|turn|10
|
|t:|1776100804
|move|p1a: Toxapex|Baneful Bunker|p1a: Toxapex
|-singleturn|p1a: Toxapex|move: Protect
|move|p2a: Gengar|Thunder|p1a: Toxapex
|-activate|p1a: Toxapex|move: Protect
|
|-weather|SunnyDay|[upkeep]
|-heal|p1a: Toxapex|91/100|[from] item: Black Sludge
|upkeep
|turn|11
|
|t:|1776100814
|switch|p1a: Raging Bolt|Raging Bolt|100/100
|-activate|p1a: Raging Bolt|ability: Protosynthesis
|-start|p1a: Raging Bolt|protosynthesisspa
|move|p2a: Gengar|Thunder|p1a: Raging Bolt
|-resisted|p1a: Raging Bolt
|-damage|p1a: Raging Bolt|91/100
|
|-weather|SunnyDay|[upkeep]
|-heal|p1a: Raging Bolt|97/100|[from] item: Leftovers
|upkeep
|turn|12
|
|t:|1776100827
|switch|p2a: Bellibolt|Bellibolt, M|100/100
|-damage|p2a: Bellibolt|88/100|[from] Stealth Rock
|-item|p2a: Bellibolt|Air Balloon
|move|p1a: Raging Bolt|Thunderbolt|p2a: Bellibolt
|-resisted|p2a: Bellibolt
|-damage|p2a: Bellibolt|62/100
|-start|p2a: Bellibolt|Charge|Thunderbolt|[from] ability: Electromorphosis
|-enditem|p2a: Bellibolt|Air Balloon
|
|-weather|none
|-end|p1a: Raging Bolt|Protosynthesis
|-heal|p1a: Raging Bolt|100/100|[from] item: Leftovers
|upkeep
|turn|13
|
|t:|1776100851
|move|p1a: Raging Bolt|Taunt|p2a: Bellibolt
|-start|p2a: Bellibolt|move: Taunt
|cant|p2a: Bellibolt|move: Taunt|Soak
|
|upkeep
|turn|14
|
|t:|1776100864
|-end|p1a: Raging Bolt|Protosynthesis|[silent]
|switch|p1a: Lilligant|Lilligant-Hisui, F|100/100
|move|p2a: Bellibolt|Muddy Water|p1a: Lilligant
|-resisted|p1a: Lilligant
|-damage|p1a: Lilligant|83/100
|
|upkeep
|turn|15
|
|t:|1776100877
|move|p1a: Lilligant|Swords Dance|p1a: Lilligant
|-boost|p1a: Lilligant|atk|2
|move|p2a: Bellibolt|Thunderbolt|p1a: Lilligant
|-resisted|p1a: Lilligant
|-damage|p1a: Lilligant|35/100
|-end|p2a: Bellibolt|Charge|[silent]
|
|-end|p2a: Bellibolt|move: Taunt
|upkeep
|turn|16
|
|t:|1776100895
|move|p1a: Lilligant|Leaf Blade|p2a: Bellibolt
|-damage|p2a: Bellibolt|0 fnt
|faint|p2a: Bellibolt
|
|upkeep
|
|t:|1776100903
|switch|p2a: Tsareena|Tsareena, F|100/100
|-damage|p2a: Tsareena|88/100|[from] Stealth Rock
|turn|17
|
|t:|1776100916
|move|p1a: Lilligant|Triple Axel|p2a: Tsareena
|-supereffective|p2a: Tsareena
|-damage|p2a: Tsareena|61/100
|-supereffective|p2a: Tsareena
|-damage|p2a: Tsareena|10/100
|-supereffective|p2a: Tsareena
|-damage|p2a: Tsareena|0 fnt
|faint|p2a: Tsareena
|-hitcount|p2: Tsareena|3
|
|upkeep
|
|t:|1776100930
|switch|p2a: Gengar|Gengar, M|88/100
|-damage|p2a: Gengar|76/100|[from] Stealth Rock
|turn|18
|
|t:|1776100936
|move|p2a: Gengar|Sludge Wave|p1a: Lilligant
|-supereffective|p1a: Lilligant
|-damage|p1a: Lilligant|0 fnt
|faint|p1a: Lilligant
|
|upkeep
|
|t:|1776100948
|switch|p1a: Yanmega|Yanmega, F, shiny|81/100
|turn|19
|
|t:|1776100952
|move|p1a: Yanmega|Detect|p1a: Yanmega
|-singleturn|p1a: Yanmega|Protect
|move|p2a: Gengar|Sludge Wave|p1a: Yanmega
|-activate|p1a: Yanmega|move: Protect
|
|-ability|p1a: Yanmega|Speed Boost|boost
|-boost|p1a: Yanmega|spe|1
|upkeep
|turn|20
|
|t:|1776100961
|move|p2a: Gengar|Sludge Wave|p1a: Yanmega
|-damage|p1a: Yanmega|0 fnt
|faint|p1a: Yanmega
|
|upkeep
|
|t:|1776100966
|switch|p1a: Raging Bolt|Raging Bolt|100/100
|turn|21
|
|t:|1776100975
|-terastallize|p1a: Raging Bolt|Electric
|move|p2a: Gengar|Sludge Wave|p1a: Raging Bolt
|-damage|p1a: Raging Bolt|53/100
|move|p1a: Raging Bolt|Thunderbolt|p2a: Gengar
|-damage|p2a: Gengar|0 fnt
|-start|p1a: Raging Bolt|Disable|Thunderbolt|[from] ability: Cursed Body|[of] p2a: Gengar
|faint|p2a: Gengar
|
|-heal|p1a: Raging Bolt|59/100|[from] item: Leftovers
|upkeep
|
|t:|1776100985
|switch|p2a: Slowking|Slowking, M|100/100
|-damage|p2a: Slowking|88/100|[from] Stealth Rock
|turn|22
|
|t:|1776100992
|move|p1a: Raging Bolt|Taunt|p2a: Slowking
|-start|p2a: Slowking|move: Taunt
|move|p2a: Slowking|Future Sight|p1a: Raging Bolt
|-start|p2a: Slowking|move: Future Sight
|
|-heal|p1a: Raging Bolt|65/100|[from] item: Leftovers
|-heal|p2a: Slowking|94/100|[from] item: Leftovers
|upkeep
|turn|23
|
|t:|1776101001
|move|p1a: Raging Bolt|Thunderclap|p2a: Slowking
|-supereffective|p2a: Slowking
|-damage|p2a: Slowking|35/100
|move|p2a: Slowking|Scald|p1a: Raging Bolt
|-damage|p1a: Raging Bolt|41/100
|
|-heal|p1a: Raging Bolt|47/100|[from] item: Leftovers
|-heal|p2a: Slowking|41/100|[from] item: Leftovers
|upkeep
|turn|24
|
|t:|1776101010
|move|p1a: Raging Bolt|Thunderclap|p2a: Slowking
|-supereffective|p2a: Slowking
|-damage|p2a: Slowking|0 fnt
|faint|p2a: Slowking
|
|win|dioisboring
|raw|dioisboring's rating: 1188 &rarr; <strong>1218</strong><br />(+30 for winning)
|raw|rainy day 00's rating: 1254 &rarr; <strong>1224</strong><br />(-30 for losing)
|l|☆rainy day 00
|player|p2|
|l|☆dioisboring
|player|p1|
