|html|<div class="broadcast-blue"><strong>[Gen 9] OU is currently suspecting Tera Blast! For information on how to participate check out the <a href="https://www.smogon.com/tools/suspects/view/200">suspect thread</a>.</strong></div>
|j|☆Auburn Hills
|j|☆brodiewhat
|t:|1776032459
|gametype|singles
|player|p1|Auburn Hills|alder|1736
|player|p2|brodiewhat|falkner|1645
|gen|9
|tier|[Gen 9] OU
|rated|
|rule|HP Percentage Mod: HP is shown in percentages
|rule|Endless Battle Clause: Forcing endless battles is banned
|rule|Species Clause: Limit one of each Pokémon
|rule|OHKO Clause: OHKO moves are banned
|rule|Evasion Items Clause: Evasion items are banned
|rule|Evasion Moves Clause: Evasion moves are banned
|rule|Evasion Abilities Clause: Evasion abilities are banned
|rule|Sleep Moves Clause: Sleep-inducing moves are banned
|clearpoke
|poke|p1|Iron Moth|
|poke|p1|Umbreon, M|
|poke|p1|Garchomp, F|
|poke|p1|Glimmora, M|
|poke|p1|Gholdengo|
|poke|p1|Dragonite, F|
|poke|p2|Moltres-Galar|
|poke|p2|Gholdengo|
|poke|p2|Samurott-Hisui, M|
|poke|p2|Smeargle, F|
|poke|p2|Zamazenta-*|
|poke|p2|Deoxys-Speed|
|teampreview
|inactive|Battle timer is ON: inactive players will automatically lose when time's up. (requested by brodiewhat)
|j| uncle brown
|j| Kyurem
|inactive|brodiewhat has 120 seconds left.
|
|t:|1776032500
|teamsize|p1|6
|teamsize|p2|6
|start
|switch|p1a: Julia Jacklin|Glimmora, M|100/100
|switch|p2a: Gholdengo|Gholdengo|100/100
|turn|1
|j| AbrarS
|j| i am a dirt
|l| i am a dirt
|j| Veragheral
|j| Shucklepilled
|
|t:|1776032520
|move|p2a: Gholdengo|Make It Rain|p1a: Julia Jacklin
|-supereffective|p1a: Julia Jacklin
|-enditem|p1a: Julia Jacklin|Focus Sash
|-damage|p1a: Julia Jacklin|1/100
|-unboost|p2a: Gholdengo|spa|1
|move|p1a: Julia Jacklin|Stealth Rock|p2a: Gholdengo
|-sidestart|p2: brodiewhat|move: Stealth Rock
|
|upkeep
|turn|2
|j| samurajen
|
|t:|1776032529
|switch|p1a: Smino|Gholdengo|100/100
|move|p2a: Gholdengo|Make It Rain|p1a: Smino
|-resisted|p1a: Smino
|-damage|p1a: Smino|76/100
|-unboost|p2a: Gholdengo|spa|1
|
|upkeep
|turn|3
|l| Veragheral
|
|t:|1776032541
|switch|p2a: Samurott|Samurott-Hisui, M|100/100
|-damage|p2a: Samurott|88/100|[from] Stealth Rock
|move|p1a: Smino|Make It Rain|p2a: Samurott
|-resisted|p2a: Samurott
|-damage|p2a: Samurott|41/100
|-unboost|p1a: Smino|spa|1
|
|upkeep
|turn|4
|
|t:|1776032548
|switch|p1a: Julia Jacklin|Glimmora, M|1/100
|move|p2a: Samurott|Ceaseless Edge|p1a: Julia Jacklin
|-damage|p1a: Julia Jacklin|0 fnt
|-activate|p1a: Julia Jacklin|ability: Toxic Debris
|-sidestart|p2: brodiewhat|move: Toxic Spikes
|-sidestart|p1: Auburn Hills|Spikes
|faint|p1a: Julia Jacklin
|
|upkeep
|
|t:|1776032573
|switch|p1a: Rat Tally|Garchomp, F|100/100
|-damage|p1a: Rat Tally|88/100|[from] Spikes
|turn|5
|
|t:|1776032600
|move|p1a: Rat Tally|Scale Shot|p2a: Samurott
|-damage|p2a: Samurott|25/100
|-damage|p2a: Samurott|8/100
|-damage|p2a: Samurott|0 fnt
|faint|p2a: Samurott
|-hitcount|p2: Samurott|3
|-unboost|p1a: Rat Tally|def|1
|-boost|p1a: Rat Tally|spe|1
|
|upkeep
|
|t:|1776032605
|switch|p2a: Deoxys|Deoxys-Speed|100/100
|-damage|p2a: Deoxys|88/100|[from] Stealth Rock
|-status|p2a: Deoxys|psn
|-ability|p2a: Deoxys|Pressure
|turn|6
|
|t:|1776032632
|move|p2a: Deoxys|Reflect|p2a: Deoxys
|-sidestart|p2: brodiewhat|Reflect
|move|p1a: Rat Tally|Scale Shot|p2a: Deoxys|[miss]
|-miss|p1a: Rat Tally|p2a: Deoxys
|
|-damage|p2a: Deoxys|76/100 psn|[from] psn
|upkeep
|turn|7
|inactive|brodiewhat has 120 seconds left.
|
|t:|1776032673
|switch|p2a: Zamazenta|Zamazenta|100/100
|-damage|p2a: Zamazenta|94/100|[from] Stealth Rock
|-status|p2a: Zamazenta|psn
|-ability|p2a: Zamazenta|Dauntless Shield|boost
|-boost|p2a: Zamazenta|def|1
|switch|p1a: Alvvays|Umbreon, M|100/100
|-damage|p1a: Alvvays|88/100|[from] Spikes
|
|-heal|p2a: Zamazenta|100/100 psn|[from] item: Leftovers
|-heal|p1a: Alvvays|94/100|[from] item: Leftovers
|-damage|p2a: Zamazenta|88/100 psn|[from] psn
|upkeep
|turn|8
|
|t:|1776032678
|switch|p1a: Smino|Gholdengo|76/100
|-damage|p1a: Smino|63/100|[from] Spikes
|move|p2a: Zamazenta|Iron Defense|p2a: Zamazenta
|-boost|p2a: Zamazenta|def|2
|
|-heal|p2a: Zamazenta|94/100 psn|[from] item: Leftovers
|-damage|p2a: Zamazenta|82/100 psn|[from] psn
|upkeep
|turn|9
|
|t:|1776032692
|switch|p2a: Deoxys|Deoxys-Speed|76/100 psn
|-damage|p2a: Deoxys|64/100 psn|[from] Stealth Rock
|-ability|p2a: Deoxys|Pressure
|move|p1a: Smino|Make It Rain|p2a: Deoxys
|-damage|p2a: Deoxys|0 fnt
|-unboost|p1a: Smino|spa|1
|faint|p2a: Deoxys
|
|upkeep
|
|t:|1776032695
|switch|p2a: Moltres|Moltres-Galar|100/100
|-damage|p2a: Moltres|75/100|[from] Stealth Rock
|turn|10
|
|t:|1776032697
|switch|p1a: Alvvays|Umbreon, M|94/100
|-damage|p1a: Alvvays|82/100|[from] Spikes
|move|p2a: Moltres|Agility|p2a: Moltres
|-boost|p2a: Moltres|spe|2
|
|-heal|p1a: Alvvays|88/100|[from] item: Leftovers
|upkeep
|turn|11
|
|t:|1776032700
|move|p2a: Moltres|Hurricane|p1a: Alvvays|[miss]
|-miss|p2a: Moltres|p1a: Alvvays
|move|p1a: Alvvays|Thunder Wave|p2a: Moltres
|-status|p2a: Moltres|par
|
|-heal|p1a: Alvvays|94/100|[from] item: Leftovers
|upkeep
|turn|12
|
|t:|1776032725
|switch|p1a: Elucid|Dragonite, F|100/100
|cant|p2a: Moltres|par
|
|upkeep
|turn|13
|
|t:|1776032745
|cant|p2a: Moltres|par
|move|p1a: Elucid|Dragon Dance|p1a: Elucid
|-boost|p1a: Elucid|atk|1
|-boost|p1a: Elucid|spe|1
|
|-sideend|p2: brodiewhat|Reflect
|upkeep
|turn|14
|
|t:|1776032752
|move|p1a: Elucid|Ice Spinner|p2a: Moltres
|-supereffective|p2a: Moltres
|-damage|p2a: Moltres|0 fnt
|faint|p2a: Moltres
|
|upkeep
|
|t:|1776032755
|switch|p2a: Gholdengo|Gholdengo|100/100
|-damage|p2a: Gholdengo|94/100|[from] Stealth Rock
|turn|15
|
|t:|1776032757
|move|p2a: Gholdengo|Trick|p1a: Elucid
|-activate|p2a: Gholdengo|move: Trick|[of] p1a: Elucid
|-item|p1a: Elucid|Choice Scarf|[from] move: Trick
|-item|p2a: Gholdengo|Heavy-Duty Boots|[from] move: Trick
|move|p1a: Elucid|Earthquake|p2a: Gholdengo
|-supereffective|p2a: Gholdengo
|-damage|p2a: Gholdengo|0 fnt
|faint|p2a: Gholdengo
|
|upkeep
|
|t:|1776032760
|switch|p2a: Smeargle|Smeargle, F|100/100
|-damage|p2a: Smeargle|88/100|[from] Stealth Rock
|-status|p2a: Smeargle|psn
|turn|16
|
|t:|1776032763
|-terastallize|p2a: Smeargle|Flying
|move|p1a: Elucid|Earthquake|p2a: Smeargle
|-immune|p2a: Smeargle
|move|p2a: Smeargle|Jaw Lock|p1a: Elucid
|-damage|p1a: Elucid|94/100
|-activate|p2a: Smeargle|trapped
|-activate|p1a: Elucid|trapped
|
|-damage|p2a: Smeargle|76/100 psn|[from] psn
|upkeep
|turn|17
|
|t:|1776032769
|move|p1a: Elucid|Earthquake|p2a: Smeargle
|-immune|p2a: Smeargle
|move|p2a: Smeargle|No Retreat|p2a: Smeargle
|-boost|p2a: Smeargle|atk|1
|-boost|p2a: Smeargle|def|1
|-boost|p2a: Smeargle|spa|1
|-boost|p2a: Smeargle|spd|1
|-boost|p2a: Smeargle|spe|1
|
|-damage|p2a: Smeargle|63/100 psn|[from] psn
|upkeep
|turn|18
|
|t:|1776032773
|move|p1a: Elucid|Earthquake|p2a: Smeargle
|-immune|p2a: Smeargle
|move|p2a: Smeargle|No Retreat|p2a: Smeargle
|-boost|p2a: Smeargle|atk|1
|-boost|p2a: Smeargle|def|1
|-boost|p2a: Smeargle|spa|1
|-boost|p2a: Smeargle|spd|1
|-boost|p2a: Smeargle|spe|1
|
|-damage|p2a: Smeargle|51/100 psn|[from] psn
|upkeep
|turn|19
|
|t:|1776032776
|move|p1a: Elucid|Earthquake|p2a: Smeargle
|-immune|p2a: Smeargle
|move|p2a: Smeargle|Population Bomb|p1a: Elucid
|-damage|p1a: Elucid|79/100
|-damage|p1a: Elucid|64/100
|-damage|p1a: Elucid|49/100
|-damage|p1a: Elucid|33/100
|-damage|p1a: Elucid|18/100
|-damage|p1a: Elucid|4/100
|-damage|p1a: Elucid|0 fnt
|faint|p1a: Elucid
|-hitcount|p1: Elucid|7
|
|-damage|p2a: Smeargle|38/100 psn|[from] psn
|upkeep
|
|t:|1776032782
|switch|p1a: Smino|Gholdengo|63/100
|-damage|p1a: Smino|51/100|[from] Spikes
|turn|20
|
|t:|1776032785
|-terastallize|p1a: Smino|Flying
|move|p1a: Smino|Shadow Ball|p2a: Smeargle
|-damage|p2a: Smeargle|0 fnt
|faint|p2a: Smeargle
|
|upkeep
|-message|brodiewhat forfeited.
|
|win|Auburn Hills
|raw|Auburn Hills's rating: 1719 &rarr; <strong>1735</strong><br />(+16 for winning)
|raw|brodiewhat's rating: 1645 &rarr; <strong>1629</strong><br />(-16 for losing)
|l|☆brodiewhat
|player|p2|
|l|☆Auburn Hills
|player|p1|
|l| Kyurem
|l| AbrarS
