|html|<div class="broadcast-blue"><strong>[Gen 9] OU is currently suspecting Volcarona! For information on how to participate check out the <a href="https://www.smogon.com/tools/suspects/view/208">suspect thread</a>.</strong></div>
|j|☆Soumya Ukil
|j|☆Kretensky
|t:|1778497051
|gametype|singles
|player|p1|Soumya Ukil|hilbert|1513
|player|p2|Kretensky|mira|1518
|gen|9
|tier|[Gen 9] OU
|rated|
|rule|HP Percentage Mod: HP is shown in percentages
|rule|Endless Battle Clause: Forcing endless battles is banned
|rule|Species Clause: Limit one of each Pokémon
|rule|OHKO Clause: OHKO moves are banned
|rule|Evasion Items Clause: Evasion items are banned
|rule|Evasion Moves Clause: Evasion moves are banned
|rule|Evasion Abilities Clause: Evasion abilities are banned
|rule|Sleep Moves Clause: Sleep-inducing moves are banned
|clearpoke
|poke|p1|Iron Valiant|
|poke|p1|Alomomola, F|
|poke|p1|Great Tusk|
|poke|p1|Mandibuzz, F|
|poke|p1|Lokix, M|
|poke|p1|Gholdengo|
|poke|p2|Dondozo, F|
|poke|p2|Blissey, F|
|poke|p2|Corviknight, F|
|poke|p2|Weezing-Galar, M|
|poke|p2|Gliscor, F|
|poke|p2|Toxapex, M|
|teampreview
|inactive|Battle timer is ON: inactive players will automatically lose when time's up. (requested by Soumya Ukil)
|
|t:|1778497070
|teamsize|p1|6
|teamsize|p2|6
|start
|switch|p1a: Donphаn|Great Tusk|100/100
|switch|p2a: Knight of Nights|Corviknight, F|100/100
|-ability|p2a: Knight of Nights|Pressure
|turn|1
|
|t:|1778497073
|move|p1a: Donphаn|Stealth Rock|p2a: Knight of Nights
|-sidestart|p2: Kretensky|move: Stealth Rock
|move|p2a: Knight of Nights|Iron Defense|p2a: Knight of Nights
|-boost|p2a: Knight of Nights|def|2
|
|upkeep
|turn|2
|
|t:|1778497076
|-end|p1a: Donphаn|Protosynthesis|[silent]
|switch|p1a: Gholdengo|Gholdengo|100/100
|move|p2a: Knight of Nights|Body Press|p1a: Gholdengo
|-immune|p1a: Gholdengo
|
|upkeep
|turn|3
|
|t:|1778497088
|switch|p2a: Thorned Knox|Toxapex, M|100/100
|-damage|p2a: Thorned Knox|88/100|[from] Stealth Rock
|move|p1a: Gholdengo|Nasty Plot|p1a: Gholdengo
|-boost|p1a: Gholdengo|spa|2
|
|-heal|p2a: Thorned Knox|94/100|[from] item: Leftovers
|upkeep
|turn|4
|
|t:|1778497094
|switch|p1a: Donphаn|Great Tusk|100/100
|move|p2a: Thorned Knox|Haze|p2a: Thorned Knox
|-clearallboost
|
|-heal|p2a: Thorned Knox|100/100|[from] item: Leftovers
|upkeep
|turn|5
|
|t:|1778497100
|switch|p2a: Knight of Nights|Corviknight, F|100/100
|-damage|p2a: Knight of Nights|88/100|[from] Stealth Rock
|-ability|p2a: Knight of Nights|Pressure
|move|p1a: Donphаn|Headlong Rush|p2a: Knight of Nights
|-immune|p2a: Knight of Nights
|
|-heal|p2a: Knight of Nights|94/100|[from] item: Leftovers
|upkeep
|turn|6
|
|t:|1778497115
|-end|p1a: Donphаn|Protosynthesis|[silent]
|switch|p1a: Gholdengo|Gholdengo|100/100
|switch|p2a: Thorned Knox|Toxapex, M|100/100
|-damage|p2a: Thorned Knox|88/100|[from] Stealth Rock
|
|-heal|p2a: Thorned Knox|94/100|[from] item: Leftovers
|upkeep
|turn|7
|
|t:|1778497138
|move|p1a: Gholdengo|Trick|p2a: Thorned Knox
|-activate|p1a: Gholdengo|move: Trick|[of] p2a: Thorned Knox
|-item|p2a: Thorned Knox|Choice Scarf|[from] move: Trick
|-item|p1a: Gholdengo|Leftovers|[from] move: Trick
|move|p2a: Thorned Knox|Toxic|p1a: Gholdengo
|-immune|p1a: Gholdengo|[from] ability: Good as Gold
|
|upkeep
|turn|8
|
|t:|1778497148
|switch|p1a: Lokix|Lokix, M|100/100
|switch|p2a: Shameful Organics|Blissey, F|100/100
|-damage|p2a: Shameful Organics|88/100|[from] Stealth Rock
|
|-heal|p2a: Shameful Organics|94/100|[from] item: Leftovers
|upkeep
|turn|9
|
|t:|1778497160
|switch|p2a: Gassy Gemerald|Weezing-Galar, M|100/100
|-ability|p2a: Gassy Gemerald|Neutralizing Gas
|move|p1a: Lokix|Knock Off|p2a: Gassy Gemerald
|-resisted|p2a: Gassy Gemerald
|-damage|p2a: Gassy Gemerald|76/100
|-enditem|p2a: Gassy Gemerald|Heavy-Duty Boots|[from] move: Knock Off|[of] p1a: Lokix
|
|upkeep
|turn|10
|
|t:|1778497166
|switch|p1a: Gholdengo|Gholdengo|100/100
|move|p2a: Gassy Gemerald|Defog|p1a: Gholdengo
|-unboost|p1a: Gholdengo|evasion|1
|-sideend|p2: Kretensky|Stealth Rock|[from] move: Defog|[of] p2a: Gassy Gemerald
|
|upkeep
|turn|11
|
|t:|1778497173
|switch|p1a: Lokix|Lokix, M|100/100
|-end|p2a: Gassy Gemerald|ability: Neutralizing Gas
|switch|p2a: Shameful Organics|Blissey, F|94/100
|
|-heal|p2a: Shameful Organics|100/100|[from] item: Leftovers
|upkeep
|turn|12
|
|t:|1778497177
|switch|p2a: Gassy Gemerald|Weezing-Galar, M|76/100
|-ability|p2a: Gassy Gemerald|Neutralizing Gas
|move|p1a: Lokix|U-turn|p2a: Gassy Gemerald
|-resisted|p2a: Gassy Gemerald
|-damage|p2a: Gassy Gemerald|68/100
|
|t:|1778497182
|switch|p1a: Valorant|Iron Valiant|100/100|[from] U-turn
|
|upkeep
|turn|13
|
|t:|1778497190
|-terastallize|p1a: Valorant|Fairy
|move|p1a: Valorant|Moonblast|p2a: Gassy Gemerald
|-resisted|p2a: Gassy Gemerald
|-damage|p2a: Gassy Gemerald|7/100
|-unboost|p2a: Gassy Gemerald|spa|1
|move|p2a: Gassy Gemerald|Strange Steam|p1a: Valorant
|-damage|p1a: Valorant|71/100
|
|upkeep
|turn|14
|
|t:|1778497200
|-end|p2a: Gassy Gemerald|ability: Neutralizing Gas
|switch|p2a: Knight of Nights|Corviknight, F|94/100
|-ability|p2a: Knight of Nights|Pressure
|move|p1a: Valorant|Moonblast|p2a: Knight of Nights
|-resisted|p2a: Knight of Nights
|-damage|p2a: Knight of Nights|46/100
|
|-heal|p2a: Knight of Nights|53/100|[from] item: Leftovers
|upkeep
|turn|15
|j| Puyu paz
|
|t:|1778497212
|-end|p1a: Valorant|Quark Drive|[silent]
|switch|p1a: Gholdengo|Gholdengo|100/100
|switch|p2a: Thorned Knox|Toxapex, M|100/100
|
|upkeep
|turn|16
|
|t:|1778497219
|move|p1a: Gholdengo|Shadow Ball|p2a: Thorned Knox
|-damage|p2a: Thorned Knox|72/100
|move|p2a: Thorned Knox|Toxic Spikes|p1a: Gholdengo
|-sidestart|p1: Soumya Ukil|move: Toxic Spikes
|
|upkeep
|turn|17
|
|t:|1778497229
|switch|p1a: Donphаn|Great Tusk|100/100
|switch|p2a: Dondoozer|Dondozo, F|100/100
|
|upkeep
|turn|18
|
|t:|1778497232
|switch|p2a: Gassy Gemerald|Weezing-Galar, M|7/100
|-ability|p2a: Gassy Gemerald|Neutralizing Gas
|move|p1a: Donphаn|Rapid Spin|p2a: Gassy Gemerald
|-damage|p2a: Gassy Gemerald|0 fnt
|-boost|p1a: Donphаn|spe|1
|-sideend|p1: Soumya Ukil|Toxic Spikes|[from] move: Rapid Spin|[of] p1a: Donphаn
|faint|p2a: Gassy Gemerald
|-end|p2a: Gassy Gemerald|ability: Neutralizing Gas
|
|upkeep
|
|t:|1778497242
|switch|p2a: I Soar; U Bored.|Gliscor, F|100/100
|turn|19
|
|t:|1778497247
|move|p1a: Donphаn|Stealth Rock|p2a: I Soar; U Bored.
|-sidestart|p2: Kretensky|move: Stealth Rock
|move|p2a: I Soar; U Bored.|Knock Off|p1a: Donphаn
|-resisted|p1a: Donphаn
|-damage|p1a: Donphаn|93/100
|-enditem|p1a: Donphаn|Heavy-Duty Boots|[from] move: Knock Off|[of] p2a: I Soar; U Bored.
|
|-status|p2a: I Soar; U Bored.|tox|[from] item: Toxic Orb
|upkeep
|turn|20
|
|t:|1778497255
|move|p1a: Donphаn|Ice Spinner|p2a: I Soar; U Bored.
|-supereffective|p2a: I Soar; U Bored.
|-damage|p2a: I Soar; U Bored.|4/100 tox
|move|p2a: I Soar; U Bored.|Earthquake|p1a: Donphаn
|-damage|p1a: Donphаn|68/100
|
|-heal|p2a: I Soar; U Bored.|16/100 tox|[from] ability: Poison Heal
|upkeep
|turn|21
|
|t:|1778497261
|move|p2a: I Soar; U Bored.|Protect|p2a: I Soar; U Bored.
|-singleturn|p2a: I Soar; U Bored.|Protect
|move|p1a: Donphаn|Ice Spinner|p2a: I Soar; U Bored.
|-activate|p2a: I Soar; U Bored.|move: Protect
|
|-heal|p2a: I Soar; U Bored.|29/100 tox|[from] ability: Poison Heal
|upkeep
|turn|22
|
|t:|1778497267
|switch|p2a: Knight of Nights|Corviknight, F|53/100
|-damage|p2a: Knight of Nights|40/100|[from] Stealth Rock
|-ability|p2a: Knight of Nights|Pressure
|move|p1a: Donphаn|Ice Spinner|p2a: Knight of Nights
|-damage|p2a: Knight of Nights|25/100
|
|-heal|p2a: Knight of Nights|31/100|[from] item: Leftovers
|upkeep
|turn|23
|
|t:|1778497273
|-end|p1a: Donphаn|Protosynthesis|[silent]
|switch|p1a: Gholdengo|Gholdengo|100/100
|move|p2a: Knight of Nights|Roost|p2a: Knight of Nights
|-heal|p2a: Knight of Nights|81/100
|-singleturn|p2a: Knight of Nights|move: Roost
|
|-heal|p2a: Knight of Nights|87/100|[from] item: Leftovers
|upkeep
|turn|24
|
|t:|1778497279
|switch|p2a: Shameful Organics|Blissey, F|100/100
|-damage|p2a: Shameful Organics|88/100|[from] Stealth Rock
|move|p1a: Gholdengo|Nasty Plot|p1a: Gholdengo
|-boost|p1a: Gholdengo|spa|2
|
|-heal|p2a: Shameful Organics|94/100|[from] item: Leftovers
|upkeep
|turn|25
|-message|Kretensky forfeited.
|
|win|Soumya Ukil
|raw|Soumya Ukil's rating: 1513 &rarr; <strong>1533</strong><br />(+20 for winning)
|raw|Kretensky's rating: 1518 &rarr; <strong>1498</strong><br />(-20 for losing)
|l|☆Kretensky
|player|p2|
|l| Puyu paz
