|html|<div class="broadcast-blue"><strong>[Gen 9] OU is currently suspecting Tera Blast! For information on how to participate check out the <a href="https://www.smogon.com/tools/suspects/view/200">suspect thread</a>.</strong></div>
|j|☆pecharunthater8816
|j|☆LilRP99
|t:|1776225392
|gametype|singles
|player|p1|pecharunthater8816|101|1041
|player|p2|LilRP99|hilbert-wonderlauncher|1071
|gen|9
|tier|[Gen 9] OU
|rated|
|rule|HP Percentage Mod: HP is shown in percentages
|rule|Endless Battle Clause: Forcing endless battles is banned
|rule|Species Clause: Limit one of each Pokémon
|rule|OHKO Clause: OHKO moves are banned
|rule|Evasion Items Clause: Evasion items are banned
|rule|Evasion Moves Clause: Evasion moves are banned
|rule|Evasion Abilities Clause: Evasion abilities are banned
|rule|Sleep Moves Clause: Sleep-inducing moves are banned
|clearpoke
|poke|p1|Cinderace, M|
|poke|p1|Vaporeon, M|
|poke|p1|Lucario, F|
|poke|p1|Zamazenta-*|
|poke|p1|Ceruledge, M|
|poke|p1|Darkrai|
|poke|p2|Sceptile, M|
|poke|p2|Salamence, M|
|poke|p2|Tyranitar, M|
|poke|p2|Raichu-Alola, F|
|poke|p2|Blaziken, F|
|poke|p2|Greninja-*, M|
|teampreview
|inactive|Battle timer is ON: inactive players will automatically lose when time's up. (requested by LilRP99)
|
|t:|1776225422
|teamsize|p1|6
|teamsize|p2|6
|start
|switch|p1a: Lucario|Lucario, F|100/100
|switch|p2a: Salamence|Salamence, M|100/100
|-ability|p2a: Salamence|Intimidate|boost
|-fail|p1a: Lucario|unboost|Attack|[from] ability: Inner Focus|[of] p1a: Lucario
|turn|1
|
|t:|1776225430
|move|p1a: Lucario|Swords Dance|p1a: Lucario
|-boost|p1a: Lucario|atk|2
|move|p2a: Salamence|Dragon Dance|p2a: Salamence
|-boost|p2a: Salamence|atk|1
|-boost|p2a: Salamence|spe|1
|
|upkeep
|turn|2
|
|t:|1776225441
|move|p1a: Lucario|Bullet Punch|p2a: Salamence
|-damage|p2a: Salamence|36/100
|-damage|p1a: Lucario|91/100|[from] item: Life Orb
|move|p2a: Salamence|Fire Fang|p1a: Lucario
|-supereffective|p1a: Lucario
|-damage|p1a: Lucario|0 fnt
|faint|p1a: Lucario
|
|upkeep
|
|t:|1776225450
|switch|p1a: Ceruledge|Ceruledge, M|100/100
|turn|3
|
|t:|1776225457
|move|p2a: Salamence|Dragon Claw|p1a: Ceruledge
|-crit|p1a: Ceruledge
|-enditem|p1a: Ceruledge|Focus Sash
|-damage|p1a: Ceruledge|1/100
|-ability|p1a: Ceruledge|Weak Armor|boost
|-unboost|p1a: Ceruledge|def|1
|-boost|p1a: Ceruledge|spe|2
|move|p1a: Ceruledge|Swords Dance|p1a: Ceruledge
|-boost|p1a: Ceruledge|atk|2
|
|upkeep
|turn|4
|
|t:|1776225471
|switch|p2a: Tyranitar|Tyranitar, M|100/100
|-weather|Sandstorm|[from] ability: Sand Stream|[of] p2a: Tyranitar
|move|p1a: Ceruledge|Bitter Blade|p2a: Tyranitar
|-resisted|p2a: Tyranitar
|-damage|p2a: Tyranitar|65/100
|-heal|p1a: Ceruledge|25/100|[from] drain|[of] p2a: Tyranitar
|
|-weather|Sandstorm|[upkeep]
|-damage|p1a: Ceruledge|19/100|[from] Sandstorm
|-heal|p2a: Tyranitar|71/100|[from] item: Leftovers
|upkeep
|turn|5
|
|t:|1776225489
|switch|p1a: Vaporeon|Vaporeon, M|100/100
|move|p2a: Tyranitar|Stealth Rock|p1a: Vaporeon
|-sidestart|p1: pecharunthater8816|move: Stealth Rock
|
|-weather|Sandstorm|[upkeep]
|-damage|p1a: Vaporeon|94/100|[from] Sandstorm
|-heal|p1a: Vaporeon|100/100|[from] item: Leftovers
|-heal|p2a: Tyranitar|77/100|[from] item: Leftovers
|upkeep
|turn|6
|
|t:|1776225498
|move|p1a: Vaporeon|Wish|p1a: Vaporeon
|move|p2a: Tyranitar|Knock Off|p1a: Vaporeon
|-damage|p1a: Vaporeon|60/100
|-enditem|p1a: Vaporeon|Leftovers|[from] move: Knock Off|[of] p2a: Tyranitar
|
|-weather|Sandstorm|[upkeep]
|-damage|p1a: Vaporeon|54/100|[from] Sandstorm
|-heal|p2a: Tyranitar|84/100|[from] item: Leftovers
|upkeep
|turn|7
|
|t:|1776225509
|switch|p2a: Sceptile|Sceptile, M, shiny|100/100
|move|p1a: Vaporeon|Ice Beam|p2a: Sceptile
|-supereffective|p2a: Sceptile
|-damage|p2a: Sceptile|22/100
|
|-weather|Sandstorm|[upkeep]
|-damage|p2a: Sceptile|16/100|[from] Sandstorm
|-damage|p1a: Vaporeon|48/100|[from] Sandstorm
|-heal|p1a: Vaporeon|98/100|[from] move: Wish|[wisher] Vaporeon
|upkeep
|turn|8
|
|t:|1776225524
|switch|p1a: Cinderace|Cinderace, M|100/100
|move|p2a: Sceptile|Leaf Blade|p1a: Cinderace
|-resisted|p1a: Cinderace
|-damage|p1a: Cinderace|49/100
|-damage|p2a: Sceptile|6/100|[from] item: Life Orb
|
|-weather|none
|upkeep
|turn|9
|
|t:|1776225539
|move|p1a: Cinderace|Court Change|p1a: Cinderace
|-swapsideconditions
|-activate|p1a: Cinderace|move: Court Change
|move|p2a: Sceptile|Earthquake|p1a: Cinderace
|-supereffective|p1a: Cinderace
|-damage|p1a: Cinderace|0 fnt
|faint|p1a: Cinderace
|-damage|p2a: Sceptile|0 fnt|[from] item: Life Orb
|faint|p2a: Sceptile
|
|upkeep
|
|t:|1776225553
|switch|p1a: Darkrai|Darkrai|100/100
|switch|p2a: Tyranitar|Tyranitar, M|84/100
|-damage|p2a: Tyranitar|71/100|[from] Stealth Rock
|-weather|Sandstorm|[from] ability: Sand Stream|[of] p2a: Tyranitar
|turn|10
|
|t:|1776225560
|move|p1a: Darkrai|Focus Blast|p2a: Tyranitar
|-supereffective|p2a: Tyranitar
|-damage|p2a: Tyranitar|0 fnt
|faint|p2a: Tyranitar
|
|-weather|Sandstorm|[upkeep]
|-damage|p1a: Darkrai|94/100|[from] Sandstorm
|upkeep
|
|t:|1776225574
|switch|p2a: Blaziken|Blaziken, F, shiny|100/100
|-damage|p2a: Blaziken|88/100|[from] Stealth Rock
|-item|p2a: Blaziken|Air Balloon
|turn|11
|
|t:|1776225580
|move|p2a: Blaziken|Protect|p2a: Blaziken
|-singleturn|p2a: Blaziken|Protect
|move|p1a: Darkrai|Focus Blast|p2a: Blaziken
|-activate|p2a: Blaziken|move: Protect
|
|-weather|Sandstorm|[upkeep]
|-damage|p1a: Darkrai|88/100|[from] Sandstorm
|-damage|p2a: Blaziken|82/100|[from] Sandstorm
|-ability|p2a: Blaziken|Speed Boost|boost
|-boost|p2a: Blaziken|spe|1
|upkeep
|turn|12
|
|t:|1776225592
|switch|p1a: Ceruledge|Ceruledge, M|19/100
|move|p2a: Blaziken|Close Combat|p1a: Ceruledge
|-immune|p1a: Ceruledge
|
|-weather|Sandstorm|[upkeep]
|-damage|p2a: Blaziken|76/100|[from] Sandstorm
|-damage|p1a: Ceruledge|13/100|[from] Sandstorm
|-ability|p2a: Blaziken|Speed Boost|boost
|-boost|p2a: Blaziken|spe|1
|upkeep
|turn|13
|
|t:|1776225603
|move|p1a: Ceruledge|Shadow Sneak|p2a: Blaziken
|-damage|p2a: Blaziken|48/100
|-enditem|p2a: Blaziken|Air Balloon
|move|p2a: Blaziken|Flare Blitz|p1a: Ceruledge
|-resisted|p1a: Ceruledge
|-damage|p1a: Ceruledge|0 fnt
|faint|p1a: Ceruledge
|-damage|p2a: Blaziken|44/100|[from] Recoil
|
|-weather|Sandstorm|[upkeep]
|-damage|p2a: Blaziken|38/100|[from] Sandstorm
|-ability|p2a: Blaziken|Speed Boost|boost
|-boost|p2a: Blaziken|spe|1
|upkeep
|
|t:|1776225616
|switch|p1a: Zamazenta|Zamazenta|100/100
|-ability|p1a: Zamazenta|Dauntless Shield|boost
|-boost|p1a: Zamazenta|def|1
|turn|14
|
|t:|1776225624
|-terastallize|p2a: Blaziken|Ghost
|move|p2a: Blaziken|Close Combat|p1a: Zamazenta
|-damage|p1a: Zamazenta|79/100
|-unboost|p2a: Blaziken|def|1
|-unboost|p2a: Blaziken|spd|1
|move|p1a: Zamazenta|Trailblaze|p2a: Blaziken
|-damage|p2a: Blaziken|6/100
|-boost|p1a: Zamazenta|spe|1
|
|-weather|none
|-ability|p2a: Blaziken|Speed Boost|boost
|-boost|p2a: Blaziken|spe|1
|upkeep
|turn|15
|
|t:|1776225650
|move|p2a: Blaziken|Flare Blitz|p1a: Zamazenta
|-damage|p1a: Zamazenta|54/100
|-damage|p2a: Blaziken|0 fnt|[from] Recoil
|faint|p2a: Blaziken
|move|p1a: Zamazenta|Heavy Slam|p2: Blaziken|[notarget]
|-fail|p1a: Zamazenta
|
|upkeep
|
|t:|1776225658
|switch|p2a: Salamence|Salamence, M|36/100
|-ability|p2a: Salamence|Intimidate|boost
|-unboost|p1a: Zamazenta|atk|1
|turn|16
|
|t:|1776225672
|-terastallize|p1a: Zamazenta|Fighting
|move|p1a: Zamazenta|Body Press|p2a: Salamence
|-resisted|p2a: Salamence
|-damage|p2a: Salamence|0 fnt
|faint|p2a: Salamence
|
|upkeep
|
|t:|1776225679
|switch|p2a: Raichu|Raichu-Alola, F|100/100
|-damage|p2a: Raichu|88/100|[from] Stealth Rock
|turn|17
|
|t:|1776225687
|move|p1a: Zamazenta|Body Press|p2a: Raichu
|-resisted|p2a: Raichu
|-damage|p2a: Raichu|0 fnt
|faint|p2a: Raichu
|
|upkeep
|
|t:|1776225692
|switch|p2a: Greninja|Greninja, M|100/100
|-damage|p2a: Greninja|88/100|[from] Stealth Rock
|turn|18
|
|t:|1776225698
|move|p2a: Greninja|Water Shuriken|p1a: Zamazenta
|-damage|p1a: Zamazenta|49/100
|-damage|p1a: Zamazenta|45/100
|-hitcount|p1a: Zamazenta|2
|-damage|p2a: Greninja|78/100|[from] item: Life Orb
|move|p1a: Zamazenta|Body Press|p2a: Greninja
|-supereffective|p2a: Greninja
|-damage|p2a: Greninja|0 fnt
|faint|p2a: Greninja
|
|win|pecharunthater8816
|raw|pecharunthater8816's rating: 1041 &rarr; <strong>1078</strong><br />(+37 for winning)
|raw|LilRP99's rating: 1071 &rarr; <strong>1049</strong><br />(-22 for losing)
|l|☆LilRP99
|player|p2|
