|html|<div class="broadcast-blue"><strong>[Gen 9] OU is currently suspecting Tera Blast! For information on how to participate check out the <a href="https://www.smogon.com/tools/suspects/view/200">suspect thread</a>.</strong></div>
|j|☆vanllesco
|j|☆cazter64
|t:|1776033650
|gametype|singles
|player|p1|vanllesco|hilbert|1323
|player|p2|cazter64|hilbert-wonderlauncher|1265
|gen|9
|tier|[Gen 9] OU
|rated|
|rule|HP Percentage Mod: HP is shown in percentages
|rule|Endless Battle Clause: Forcing endless battles is banned
|rule|Species Clause: Limit one of each Pokémon
|rule|OHKO Clause: OHKO moves are banned
|rule|Evasion Items Clause: Evasion items are banned
|rule|Evasion Moves Clause: Evasion moves are banned
|rule|Evasion Abilities Clause: Evasion abilities are banned
|rule|Sleep Moves Clause: Sleep-inducing moves are banned
|clearpoke
|poke|p1|Samurott-Hisui, M|
|poke|p1|Corviknight, M|
|poke|p1|Hatterene, F|
|poke|p1|Umbreon, F|
|poke|p1|Toxtricity-Low-Key, M|
|poke|p1|Garchomp, M|
|poke|p2|Dragonite, F|
|poke|p2|Great Tusk|
|poke|p2|Gholdengo|
|poke|p2|Iron Valiant|
|poke|p2|Kingambit, F|
|poke|p2|Rotom-Wash|
|teampreview
|j| ohko_smeargle
|inactive|Battle timer is ON: inactive players will automatically lose when time's up. (requested by cazter64)
|
|t:|1776033678
|teamsize|p1|6
|teamsize|p2|6
|start
|switch|p1a: My name is mud|Toxtricity-Low-Key, M|100/100
|switch|p2a: Iron Valiant|Iron Valiant|100/100
|-enditem|p2a: Iron Valiant|Booster Energy
|-activate|p2a: Iron Valiant|ability: Quark Drive|[fromitem]
|-start|p2a: Iron Valiant|quarkdrivespe
|turn|1
|inactive|cazter64 has 120 seconds left.
|
|t:|1776033710
|-end|p2a: Iron Valiant|Quark Drive|[silent]
|switch|p2a: Great Tusk|Great Tusk|100/100
|-enditem|p2a: Great Tusk|Booster Energy
|-activate|p2a: Great Tusk|ability: Protosynthesis|[fromitem]
|-start|p2a: Great Tusk|protosynthesisatk
|switch|p1a: BIRD|Corviknight, M|100/100
|
|upkeep
|turn|2
|
|t:|1776033716
|move|p2a: Great Tusk|Ice Spinner|p1a: BIRD
|-damage|p1a: BIRD|79/100
|-damage|p2a: Great Tusk|84/100|[from] item: Rocky Helmet|[of] p1a: BIRD
|move|p1a: BIRD|Brave Bird|p2a: Great Tusk
|-supereffective|p2a: Great Tusk
|-damage|p2a: Great Tusk|31/100
|-damage|p1a: BIRD|62/100|[from] Recoil
|
|upkeep
|turn|3
|
|t:|1776033725
|-end|p2a: Great Tusk|Protosynthesis|[silent]
|switch|p2a: Kingambit|Kingambit, F|100/100
|move|p1a: BIRD|U-turn|p2a: Kingambit
|-damage|p2a: Kingambit|88/100
|
|t:|1776033736
|switch|p1a: MC Ride|Samurott-Hisui, M|100/100|[from] U-turn
|
|-heal|p2a: Kingambit|94/100|[from] item: Leftovers
|upkeep
|turn|4
|
|t:|1776033747
|-end|p2a: Kingambit|fallenundefined|[silent]
|switch|p2a: Gholdengo|Gholdengo|100/100
|-item|p2a: Gholdengo|Air Balloon
|move|p1a: MC Ride|Sacred Sword|p2a: Gholdengo
|-immune|p2a: Gholdengo
|
|upkeep
|turn|5
|
|t:|1776033755
|switch|p1a: Morin|Umbreon, F, shiny|100/100
|-terastallize|p2a: Gholdengo|Fairy
|move|p2a: Gholdengo|Focus Blast|p1a: Morin
|-supereffective|p1a: Morin
|-damage|p1a: Morin|48/100
|
|-heal|p1a: Morin|54/100|[from] item: Leftovers
|upkeep
|turn|6
|
|t:|1776033764
|move|p1a: Morin|Protect|p1a: Morin
|-singleturn|p1a: Morin|Protect
|move|p2a: Gholdengo|Nasty Plot|p2a: Gholdengo
|-boost|p2a: Gholdengo|spa|2
|
|-heal|p1a: Morin|60/100|[from] item: Leftovers
|upkeep
|turn|7
|
|t:|1776033773
|switch|p1a: My name is mud|Toxtricity-Low-Key, M|100/100
|move|p2a: Gholdengo|Focus Blast|p1a: My name is mud|[miss]
|-miss|p2a: Gholdengo|p1a: My name is mud
|
|upkeep
|turn|8
|
|t:|1776033779
|move|p1a: My name is mud|Sludge Wave|p2a: Gholdengo
|-supereffective|p2a: Gholdengo
|-damage|p2a: Gholdengo|0 fnt
|-enditem|p2a: Gholdengo|Air Balloon
|faint|p2a: Gholdengo
|
|upkeep
|
|t:|1776033784
|switch|p2a: Great Tusk|Great Tusk|31/100
|turn|9
|
|t:|1776033790
|move|p1a: My name is mud|Sludge Wave|p2a: Great Tusk
|-resisted|p2a: Great Tusk
|-damage|p2a: Great Tusk|0 fnt
|faint|p2a: Great Tusk
|-end|p2a: Great Tusk|Protosynthesis|[silent]
|
|upkeep
|
|t:|1776033793
|switch|p2a: Dragonite|Dragonite, F|100/100
|turn|10
|
|t:|1776033798
|switch|p1a: Morin|Umbreon, F, shiny|60/100
|move|p2a: Dragonite|Dragon Dance|p2a: Dragonite
|-boost|p2a: Dragonite|atk|1
|-boost|p2a: Dragonite|spe|1
|
|-heal|p1a: Morin|66/100|[from] item: Leftovers
|upkeep
|turn|11
|
|t:|1776033802
|move|p2a: Dragonite|Dragon Dance|p2a: Dragonite
|-boost|p2a: Dragonite|atk|1
|-boost|p2a: Dragonite|spe|1
|move|p1a: Morin|Foul Play|p2a: Dragonite
|-damage|p2a: Dragonite|39/100
|
|-heal|p1a: Morin|73/100|[from] item: Leftovers
|upkeep
|turn|12
|
|t:|1776033808
|move|p1a: Morin|Protect|p1a: Morin
|-singleturn|p1a: Morin|Protect
|move|p2a: Dragonite|Outrage|p1a: Morin
|-activate|p1a: Morin|move: Protect
|
|-heal|p1a: Morin|79/100|[from] item: Leftovers
|upkeep
|turn|13
|
|t:|1776033813
|switch|p1a: Doe Deer|Hatterene, F|100/100
|move|p2a: Dragonite|Outrage|p1a: Doe Deer
|-immune|p1a: Doe Deer
|
|upkeep
|turn|14
|
|t:|1776033819
|move|p2a: Dragonite|Earthquake|p1a: Doe Deer
|-damage|p1a: Doe Deer|29/100
|move|p1a: Doe Deer|Draining Kiss|p2a: Dragonite
|-supereffective|p2a: Dragonite
|-damage|p2a: Dragonite|0 fnt
|-heal|p1a: Doe Deer|59/100|[from] drain|[of] p2a: Dragonite
|faint|p2a: Dragonite
|
|upkeep
|
|t:|1776033823
|switch|p2a: Iron Valiant|Iron Valiant|100/100
|turn|15
|-message|cazter64 forfeited.
|
|win|vanllesco
|raw|vanllesco's rating: 1323 &rarr; <strong>1340</strong><br />(+17 for winning)
|raw|cazter64's rating: 1265 &rarr; <strong>1244</strong><br />(-21 for losing)
|l|☆cazter64
|player|p2|
|l| ohko_smeargle
