|html|<div class="broadcast-blue"><strong>[Gen 9] OU is currently suspecting Volcarona! For information on how to participate check out the <a href="https://www.smogon.com/tools/suspects/view/208">suspect thread</a>.</strong></div>
|j|☆brybryoski
|j|☆t7pu
|t:|1778507780
|gametype|singles
|player|p1|brybryoski|drayden|1092
|player|p2|t7pu|miku-ice|1117
|gen|9
|tier|[Gen 9] OU
|rated|
|rule|HP Percentage Mod: HP is shown in percentages
|rule|Endless Battle Clause: Forcing endless battles is banned
|rule|Species Clause: Limit one of each Pokémon
|rule|OHKO Clause: OHKO moves are banned
|rule|Evasion Items Clause: Evasion items are banned
|rule|Evasion Moves Clause: Evasion moves are banned
|rule|Evasion Abilities Clause: Evasion abilities are banned
|rule|Sleep Moves Clause: Sleep-inducing moves are banned
|clearpoke
|poke|p1|Noivern, F|
|poke|p1|Clodsire, F|
|poke|p1|Iron Crown|
|poke|p1|Iron Hands|
|poke|p1|Samurott-Hisui, F|
|poke|p1|Typhlosion-Hisui, M|
|poke|p2|Frosmoth, M|
|poke|p2|Rillaboom, M|
|poke|p2|Glimmora, F|
|poke|p2|Corviknight, M|
|poke|p2|Great Tusk|
|poke|p2|Hoopa-Unbound|
|teampreview
|inactive|Battle timer is ON: inactive players will automatically lose when time's up. (requested by brybryoski)
|
|t:|1778507784
|teamsize|p1|6
|teamsize|p2|6
|start
|switch|p1a: Iron Crown|Iron Crown|100/100
|switch|p2a: Glimmora|Glimmora, F|100/100
|-enditem|p1a: Iron Crown|Booster Energy
|-activate|p1a: Iron Crown|ability: Quark Drive|[fromitem]
|-start|p1a: Iron Crown|quarkdrivespd
|turn|1
|
|t:|1778507790
|move|p2a: Glimmora|Stealth Rock|p1a: Iron Crown
|-sidestart|p1: brybryoski|move: Stealth Rock
|move|p1a: Iron Crown|Tachyon Cutter|p2a: Glimmora
|-supereffective|p2a: Glimmora
|-damage|p2a: Glimmora|33/100
|-supereffective|p2a: Glimmora
|-damage|p2a: Glimmora|0 fnt
|faint|p2a: Glimmora
|-hitcount|p2: Glimmora|2
|
|upkeep
|
|t:|1778507816
|switch|p2a: Rillaboom|Rillaboom, M|100/100
|-fieldstart|move: Grassy Terrain|[from] ability: Grassy Surge|[of] p2a: Rillaboom
|turn|2
|
|t:|1778507821
|move|p2a: Rillaboom|Knock Off|p1a: Iron Crown
|-supereffective|p1a: Iron Crown
|-crit|p1a: Iron Crown
|-damage|p1a: Iron Crown|0 fnt
|faint|p1a: Iron Crown
|-end|p1a: Iron Crown|Quark Drive|[silent]
|
|upkeep
|
|t:|1778507825
|switch|p1a: Noivern|Noivern, F|100/100
|-damage|p1a: Noivern|76/100|[from] Stealth Rock
|turn|3
|
|t:|1778507844
|switch|p2a: Great Tusk|Great Tusk|100/100
|-enditem|p2a: Great Tusk|Booster Energy
|-activate|p2a: Great Tusk|ability: Protosynthesis|[fromitem]
|-start|p2a: Great Tusk|protosynthesisatk
|move|p1a: Noivern|Air Slash|p2a: Great Tusk
|-supereffective|p2a: Great Tusk
|-damage|p2a: Great Tusk|0 fnt
|faint|p2a: Great Tusk
|-end|p2a: Great Tusk|Protosynthesis|[silent]
|
|upkeep
|inactive|t7pu has 120 seconds left.
|
|t:|1778507863
|switch|p2a: Frosmoth|Frosmoth, M|100/100
|turn|4
|
|t:|1778507870
|move|p1a: Noivern|U-turn|p2a: Frosmoth
|-damage|p2a: Frosmoth|85/100
|
|t:|1778507876
|switch|p1a: Typhlosion|Typhlosion-Hisui, M|100/100|[from] U-turn
|-item|p2a: Frosmoth|Heavy-Duty Boots|[from] ability: Frisk|[of] p1a: Typhlosion
|move|p2a: Frosmoth|Quiver Dance|p2a: Frosmoth
|-boost|p2a: Frosmoth|spa|1
|-boost|p2a: Frosmoth|spd|1
|-boost|p2a: Frosmoth|spe|1
|
|-heal|p2a: Frosmoth|91/100|[from] Grassy Terrain
|upkeep
|turn|5
|inactive|t7pu has 120 seconds left.
|
|t:|1778507919
|-terastallize|p2a: Frosmoth|Ground
|move|p2a: Frosmoth|Quiver Dance|p2a: Frosmoth
|-boost|p2a: Frosmoth|spa|1
|-boost|p2a: Frosmoth|spd|1
|-boost|p2a: Frosmoth|spe|1
|move|p1a: Typhlosion|Lava Plume|p2a: Frosmoth
|-damage|p2a: Frosmoth|82/100
|
|-heal|p2a: Frosmoth|88/100|[from] Grassy Terrain
|upkeep
|turn|6
|inactive|brybryoski has 120 seconds left.
|
|t:|1778507952
|move|p2a: Frosmoth|Substitute|p2a: Frosmoth
|-start|p2a: Frosmoth|Substitute
|-damage|p2a: Frosmoth|63/100
|move|p1a: Typhlosion|Will-O-Wisp||[still]
|-fail|p1a: Typhlosion
|
|-heal|p2a: Frosmoth|69/100|[from] Grassy Terrain
|-fieldend|move: Grassy Terrain
|upkeep
|turn|7
|
|t:|1778507957
|switch|p1a: Noivern|Noivern, F|76/100
|-damage|p1a: Noivern|51/100|[from] Stealth Rock
|move|p2a: Frosmoth|Quiver Dance|p2a: Frosmoth
|-boost|p2a: Frosmoth|spa|1
|-boost|p2a: Frosmoth|spd|1
|-boost|p2a: Frosmoth|spe|1
|
|upkeep
|turn|8
|inactive|t7pu has 90 seconds left.
|
|t:|1778507989
|move|p2a: Frosmoth|Quiver Dance|p2a: Frosmoth
|-boost|p2a: Frosmoth|spa|1
|-boost|p2a: Frosmoth|spd|1
|-boost|p2a: Frosmoth|spe|1
|move|p1a: Noivern|Air Slash|p2a: Frosmoth
|-damage|p2a: Frosmoth|63/100
|
|upkeep
|turn|9
|inactive|t7pu has 90 seconds left.
|
|t:|1778508000
|move|p2a: Frosmoth|Quiver Dance|p2a: Frosmoth
|-boost|p2a: Frosmoth|spa|1
|-boost|p2a: Frosmoth|spd|1
|-boost|p2a: Frosmoth|spe|1
|move|p1a: Noivern|U-turn|p2a: Frosmoth
|-damage|p2a: Frosmoth|48/100
|
|t:|1778508002
|switch|p1a: Samurott|Samurott-Hisui, F|100/100|[from] U-turn
|-damage|p1a: Samurott|88/100|[from] Stealth Rock
|
|upkeep
|turn|10
|
|t:|1778508012
|move|p2a: Frosmoth|Bug Buzz|p1a: Samurott
|-supereffective|p1a: Samurott
|-damage|p1a: Samurott|0 fnt
|faint|p1a: Samurott
|
|upkeep
|
|t:|1778508019
|switch|p1a: Iron Hands|Iron Hands, shiny|100/100
|-damage|p1a: Iron Hands|94/100|[from] Stealth Rock
|-enditem|p1a: Iron Hands|Booster Energy
|-activate|p1a: Iron Hands|ability: Quark Drive|[fromitem]
|-start|p1a: Iron Hands|quarkdriveatk
|turn|11
|
|t:|1778508024
|move|p2a: Frosmoth|Ice Beam|p1a: Iron Hands
|-damage|p1a: Iron Hands|0 fnt
|faint|p1a: Iron Hands
|-end|p1a: Iron Hands|Quark Drive|[silent]
|
|upkeep
|-message|brybryoski forfeited.
|
|win|t7pu
|raw|brybryoski's rating: 1092 &rarr; <strong>1070</strong><br />(-22 for losing)
|raw|t7pu's rating: 1117 &rarr; <strong>1140</strong><br />(+23 for winning)
|l|☆brybryoski
|player|p1|
