|html|<div class="broadcast-blue"><strong>[Gen 9] OU is currently suspecting Volcarona! For information on how to participate check out the <a href="https://www.smogon.com/tools/suspects/view/208">suspect thread</a>.</strong></div>
|j|☆Sir Pitulio
|j|☆sus req
|t:|1778512342
|gametype|singles
|player|p1|Sir Pitulio|cyrus|1532
|player|p2|sus req|hilbert|1534
|gen|9
|tier|[Gen 9] OU
|rated|
|rule|HP Percentage Mod: HP is shown in percentages
|rule|Endless Battle Clause: Forcing endless battles is banned
|rule|Species Clause: Limit one of each Pokémon
|rule|OHKO Clause: OHKO moves are banned
|rule|Evasion Items Clause: Evasion items are banned
|rule|Evasion Moves Clause: Evasion moves are banned
|rule|Evasion Abilities Clause: Evasion abilities are banned
|rule|Sleep Moves Clause: Sleep-inducing moves are banned
|clearpoke
|poke|p1|Keldeo-Resolute|
|poke|p1|Ceruledge, M|
|poke|p1|Iron Valiant|
|poke|p1|Avalugg-Hisui, M|
|poke|p1|Latias, F|
|poke|p1|Cinderace, F|
|poke|p2|Ogerpon, F|
|poke|p2|Hydreigon, M|
|poke|p2|Clodsire, M|
|poke|p2|Weezing-Galar, M|
|poke|p2|Skarmory, M|
|poke|p2|Alomomola, M|
|teampreview
|inactive|Battle timer is ON: inactive players will automatically lose when time's up. (requested by Sir Pitulio)
|
|t:|1778512365
|teamsize|p1|6
|teamsize|p2|6
|start
|switch|p1a: Keldeo|Keldeo-Resolute|100/100
|switch|p2a: Alomomola|Alomomola, M|100/100
|turn|1
|
|t:|1778512371
|move|p1a: Keldeo|Calm Mind|p1a: Keldeo
|-boost|p1a: Keldeo|spa|1
|-boost|p1a: Keldeo|spd|1
|move|p2a: Alomomola|Flip Turn|p1a: Keldeo
|-resisted|p1a: Keldeo
|-damage|p1a: Keldeo|92/100
|
|t:|1778512374
|switch|p2a: Ogerpon|Ogerpon, F|100/100|[from] Flip Turn
|
|upkeep
|turn|2
|
|t:|1778512379
|switch|p1a: Cinderace|Cinderace, F|100/100
|move|p2a: Ogerpon|U-turn|p1a: Cinderace
|-resisted|p1a: Cinderace
|-damage|p1a: Cinderace|75/100
|
|t:|1778512388
|switch|p2a: Clodsire|Clodsire, M|100/100|[from] U-turn
|
|upkeep
|turn|3
|
|t:|1778512399
|move|p1a: Cinderace|Pyro Ball|p2a: Clodsire
|-damage|p2a: Clodsire|26/100
|move|p2a: Clodsire|Toxic|p1a: Cinderace
|-status|p1a: Cinderace|tox
|
|-damage|p1a: Cinderace|69/100 tox|[from] psn
|upkeep
|turn|4
|
|t:|1778512406
|switch|p1a: Iron Valiant|Iron Valiant|100/100
|-enditem|p1a: Iron Valiant|Booster Energy
|-activate|p1a: Iron Valiant|ability: Quark Drive|[fromitem]
|-start|p1a: Iron Valiant|quarkdrivespe
|switch|p2a: Alomomola|Alomomola, M|100/100
|
|upkeep
|turn|5
|
|t:|1778512409
|move|p1a: Iron Valiant|Calm Mind|p1a: Iron Valiant
|-boost|p1a: Iron Valiant|spa|1
|-boost|p1a: Iron Valiant|spd|1
|move|p2a: Alomomola|Play Rough|p1a: Iron Valiant|[miss]
|-miss|p2a: Alomomola|p1a: Iron Valiant
|
|upkeep
|turn|6
|
|t:|1778512414
|move|p1a: Iron Valiant|Thunderbolt|p2a: Alomomola
|-supereffective|p2a: Alomomola
|-damage|p2a: Alomomola|55/100
|move|p2a: Alomomola|Play Rough|p1a: Iron Valiant
|-supereffective|p1a: Iron Valiant
|-damage|p1a: Iron Valiant|54/100
|
|upkeep
|turn|7
|
|t:|1778512423
|move|p1a: Iron Valiant|Moonblast|p2a: Alomomola
|-damage|p2a: Alomomola|18/100
|move|p2a: Alomomola|Flip Turn|p1a: Iron Valiant
|-damage|p1a: Iron Valiant|33/100
|
|t:|1778512425
|switch|p2a: Clodsire|Clodsire, M|26/100|[from] Flip Turn
|
|upkeep
|turn|8
|
|t:|1778512438
|-terastallize|p1a: Iron Valiant|Ghost
|move|p1a: Iron Valiant|Shadow Ball|p2a: Clodsire
|-damage|p2a: Clodsire|4/100
|move|p2a: Clodsire|Recover|p2a: Clodsire
|-heal|p2a: Clodsire|54/100
|
|upkeep
|turn|9
|
|t:|1778512447
|move|p1a: Iron Valiant|Shadow Ball|p2a: Clodsire
|-damage|p2a: Clodsire|32/100
|move|p2a: Clodsire|Earthquake|p1a: Iron Valiant
|-crit|p1a: Iron Valiant
|-damage|p1a: Iron Valiant|0 fnt
|faint|p1a: Iron Valiant
|-end|p1a: Iron Valiant|Quark Drive|[silent]
|
|upkeep
|
|t:|1778512453
|switch|p1a: Ceruledge|Ceruledge, M, shiny|100/100
|turn|10
|
|t:|1778512461
|move|p1a: Ceruledge|Swords Dance|p1a: Ceruledge
|-boost|p1a: Ceruledge|atk|2
|move|p2a: Clodsire|Toxic|p1a: Ceruledge
|-status|p1a: Ceruledge|tox
|
|-damage|p1a: Ceruledge|94/100 tox|[from] psn
|upkeep
|turn|11
|inactive|sus req has 120 seconds left.
|inactive|sus req has 90 seconds left.
|
|t:|1778512522
|move|p1a: Ceruledge|Poltergeist|p2a: Clodsire
|-activate|p2a: Clodsire|move: Poltergeist|Covert Cloak
|-damage|p2a: Clodsire|0 fnt
|faint|p2a: Clodsire
|
|-damage|p1a: Ceruledge|82/100 tox|[from] psn
|upkeep
|
|t:|1778512525
|switch|p2a: Hydreigon|Hydreigon, M|100/100
|turn|12
|
|t:|1778512530
|move|p1a: Ceruledge|Shadow Sneak|p2a: Hydreigon
|-resisted|p2a: Hydreigon
|-damage|p2a: Hydreigon|76/100
|move|p2a: Hydreigon|Dark Pulse|p1a: Ceruledge
|-supereffective|p1a: Ceruledge
|-damage|p1a: Ceruledge|0 fnt
|faint|p1a: Ceruledge
|
|upkeep
|
|t:|1778512536
|switch|p1a: Keldeo|Keldeo-Resolute|92/100
|turn|13
|
|t:|1778512541
|switch|p1a: Latias|Latias, F|100/100
|switch|p2a: Alomomola|Alomomola, M|52/100
|
|upkeep
|turn|14
|
|t:|1778512548
|move|p1a: Latias|Agility|p1a: Latias
|-boost|p1a: Latias|spe|2
|move|p2a: Alomomola|Flip Turn|p1a: Latias
|-resisted|p1a: Latias
|-damage|p1a: Latias|94/100
|inactive|sus req has 120 seconds left.
|j| 111yeet111
|
|t:|1778512561
|switch|p2a: Hydreigon|Hydreigon, M|76/100|[from] Flip Turn
|
|upkeep
|turn|15
|
|t:|1778512585
|move|p1a: Latias|Calm Mind|p1a: Latias
|-boost|p1a: Latias|spa|1
|-boost|p1a: Latias|spd|1
|move|p2a: Hydreigon|Draco Meteor|p1a: Latias
|-supereffective|p1a: Latias
|-damage|p1a: Latias|0 fnt
|-unboost|p2a: Hydreigon|spa|2
|faint|p1a: Latias
|
|upkeep
|
|t:|1778512593
|switch|p1a: Keldeo|Keldeo-Resolute|92/100
|turn|16
|l| 111yeet111
|
|t:|1778512599
|switch|p2a: Alomomola|Alomomola, M|85/100
|move|p1a: Keldeo|Icy Wind|p2a: Alomomola
|-resisted|p2a: Alomomola
|-crit|p2a: Alomomola
|-damage|p2a: Alomomola|78/100
|-unboost|p2a: Alomomola|spe|1
|
|upkeep
|turn|17
|
|t:|1778512605
|move|p1a: Keldeo|Calm Mind|p1a: Keldeo
|-boost|p1a: Keldeo|spa|1
|-boost|p1a: Keldeo|spd|1
|move|p2a: Alomomola|Flip Turn|p1a: Keldeo
|-resisted|p1a: Keldeo
|-damage|p1a: Keldeo|83/100
|
|t:|1778512607
|switch|p2a: Ogerpon|Ogerpon, F|100/100|[from] Flip Turn
|
|upkeep
|turn|18
|
|t:|1778512614
|switch|p1a: Avalugg|Avalugg-Hisui, M|100/100
|move|p2a: Ogerpon|Ivy Cudgel|p1a: Avalugg
|-supereffective|p1a: Avalugg
|-crit|p1a: Avalugg
|-ability|p1a: Avalugg|Sturdy
|-damage|p1a: Avalugg|1/100
|
|upkeep
|turn|19
|-enditem|p1a: Avalugg|Custap Berry|[eat]
|-activate|p1a: Avalugg|item: Custap Berry|[consumed]
|
|t:|1778512619
|switch|p2a: Skarmory|Skarmory, M|100/100
|move|p1a: Avalugg|Mountain Gale|p2a: Skarmory
|-damage|p2a: Skarmory|62/100
|
|upkeep
|turn|20
|
|t:|1778512627
|move|p2a: Skarmory|Body Press|p1a: Avalugg
|-supereffective|p1a: Avalugg
|-damage|p1a: Avalugg|0 fnt
|faint|p1a: Avalugg
|
|upkeep
|
|t:|1778512630
|switch|p1a: Cinderace|Cinderace, F|69/100 tox
|turn|21
|-message|Sir Pitulio forfeited.
|
|win|sus req
|raw|Sir Pitulio's rating: 1532 &rarr; <strong>1512</strong><br />(-20 for losing)
|raw|sus req's rating: 1534 &rarr; <strong>1554</strong><br />(+20 for winning)
|l|☆Sir Pitulio
|player|p1|
