|html|<div class="broadcast-blue"><strong>[Gen 9] OU is currently suspecting Tera Blast! For information on how to participate check out the <a href="https://www.smogon.com/tools/suspects/view/200">suspect thread</a>.</strong></div>
|j|☆owtblastre Emily
|j|☆papapanini
|t:|1776114106
|gametype|singles
|player|p1|owtblastre Emily|marley-masters|1514
|player|p2|papapanini|266|1558
|gen|9
|tier|[Gen 9] OU
|rated|
|rule|HP Percentage Mod: HP is shown in percentages
|rule|Endless Battle Clause: Forcing endless battles is banned
|rule|Species Clause: Limit one of each Pokémon
|rule|OHKO Clause: OHKO moves are banned
|rule|Evasion Items Clause: Evasion items are banned
|rule|Evasion Moves Clause: Evasion moves are banned
|rule|Evasion Abilities Clause: Evasion abilities are banned
|rule|Sleep Moves Clause: Sleep-inducing moves are banned
|clearpoke
|poke|p1|Dondozo, F|
|poke|p1|Blissey, F|
|poke|p1|Gliscor, M|
|poke|p1|Toxapex, F|
|poke|p1|Mandibuzz, F|
|poke|p1|Talonflame, M|
|poke|p2|Tinkaton, F|
|poke|p2|Ogerpon, F|
|poke|p2|Great Tusk|
|poke|p2|Pecharunt|
|poke|p2|Alomomola, M|
|poke|p2|Hydreigon, M|
|teampreview
|inactive|Battle timer is ON: inactive players will automatically lose when time's up. (requested by papapanini)
|inactive|owtblastre Emily also wants the timer to be on.
|c|☆papapanini|stall bro
|c|☆papapanini|dang
|j| OUZ Quavo
|inactive|papapanini has 120 seconds left.
|
|t:|1776114144
|teamsize|p1|6
|teamsize|p2|6
|start
|switch|p1a: Gliscor|Gliscor, M|100/100
|switch|p2a: Tinkaton|Tinkaton, F, shiny|100/100
|-item|p2a: Tinkaton|Air Balloon
|turn|1
|
|t:|1776114153
|move|p1a: Gliscor|Protect|p1a: Gliscor
|-singleturn|p1a: Gliscor|Protect
|move|p2a: Tinkaton|Ice Hammer|p1a: Gliscor
|-activate|p1a: Gliscor|move: Protect
|
|-status|p1a: Gliscor|tox|[from] item: Toxic Orb
|upkeep
|turn|2
|c|☆owtblastre Emily|no way we're still running this shit
|
|t:|1776114167
|switch|p1a: Talonflame|Talonflame, M|100/100
|move|p2a: Tinkaton|Stealth Rock|p1a: Talonflame
|-sidestart|p1: owtblastre Emily|move: Stealth Rock
|
|upkeep
|turn|3
|
|t:|1776114175
|switch|p2a: Alomomola|Alomomola, M, shiny|100/100
|move|p1a: Talonflame|Will-O-Wisp|p2a: Alomomola
|-status|p2a: Alomomola|brn
|
|-damage|p2a: Alomomola|94/100 brn|[from] brn
|upkeep
|turn|4
|
|t:|1776114179
|switch|p1a: Gliscor|Gliscor, M|100/100 tox
|-damage|p1a: Gliscor|88/100 tox|[from] Stealth Rock
|move|p2a: Alomomola|Flip Turn|p1a: Gliscor
|-supereffective|p1a: Gliscor
|-damage|p1a: Gliscor|75/100 tox
|
|t:|1776114196
|switch|p2a: Hydreigon|Hydreigon, M, shiny|100/100|[from] Flip Turn
|
|-heal|p1a: Gliscor|88/100 tox|[from] ability: Poison Heal
|upkeep
|turn|5
|
|t:|1776114208
|switch|p2a: Tinkaton|Tinkaton, F, shiny|100/100
|-item|p2a: Tinkaton|Air Balloon
|switch|p1a: Blissey|Blissey, F|100/100
|-damage|p1a: Blissey|88/100|[from] Stealth Rock
|
|-heal|p1a: Blissey|94/100|[from] item: Leftovers
|upkeep
|turn|6
|
|t:|1776114228
|switch|p1a: Toxapex|Toxapex, F|100/100
|-damage|p1a: Toxapex|88/100|[from] Stealth Rock
|move|p2a: Tinkaton|Gigaton Hammer|p1a: Toxapex
|-resisted|p1a: Toxapex
|-damage|p1a: Toxapex|68/100
|
|-heal|p1a: Toxapex|75/100|[from] item: Black Sludge
|upkeep
|turn|7
|
|t:|1776114235
|switch|p2a: Alomomola|Alomomola, M, shiny|100/100 brn
|move|p1a: Toxapex|Surf|p2a: Alomomola
|-resisted|p2a: Alomomola
|-damage|p2a: Alomomola|96/100 brn
|
|-heal|p1a: Toxapex|81/100|[from] item: Black Sludge
|-damage|p2a: Alomomola|90/100 brn|[from] brn
|upkeep
|turn|8
|
|t:|1776114256
|move|p2a: Alomomola|Flip Turn|p1a: Toxapex
|-resisted|p1a: Toxapex
|-damage|p1a: Toxapex|78/100
|
|t:|1776114266
|switch|p2a: Pecharunt|Pecharunt|100/100|[from] Flip Turn
|move|p1a: Toxapex|Toxic Spikes|p2a: Pecharunt
|-sidestart|p2: papapanini|move: Toxic Spikes
|
|-heal|p1a: Toxapex|84/100|[from] item: Black Sludge
|upkeep
|turn|9
|inactive|papapanini has 120 seconds left.
|
|t:|1776114293
|switch|p1a: Blissey|Blissey, F|94/100
|-damage|p1a: Blissey|82/100|[from] Stealth Rock
|move|p2a: Pecharunt|Parting Shot|p1a: Blissey
|-unboost|p1a: Blissey|atk|1
|-unboost|p1a: Blissey|spa|1
|
|t:|1776114295
|switch|p2a: Alomomola|Alomomola, M, shiny|100/100 brn|[from] Parting Shot
|
|-heal|p1a: Blissey|88/100|[from] item: Leftovers
|-damage|p2a: Alomomola|94/100 brn|[from] brn
|upkeep
|turn|10
|
|t:|1776114298
|move|p1a: Blissey|Stealth Rock|p2a: Alomomola
|-sidestart|p2: papapanini|move: Stealth Rock
|move|p2a: Alomomola|Flip Turn|p1a: Blissey
|-damage|p1a: Blissey|80/100
|
|t:|1776114306
|switch|p2a: Great Tusk|Great Tusk, shiny|100/100|[from] Flip Turn
|
|-heal|p1a: Blissey|86/100|[from] item: Leftovers
|upkeep
|turn|11
|
|t:|1776114321
|switch|p1a: Talonflame|Talonflame, M|100/100
|move|p2a: Great Tusk|Rapid Spin|p1a: Talonflame
|-damage|p1a: Talonflame|85/100
|-boost|p2a: Great Tusk|spe|1
|-sideend|p2: papapanini|Toxic Spikes|[from] move: Rapid Spin|[of] p2a: Great Tusk
|-sideend|p2: papapanini|Stealth Rock|[from] move: Rapid Spin|[of] p2a: Great Tusk
|
|upkeep
|turn|12
|
|t:|1776114326
|-end|p2a: Great Tusk|Protosynthesis|[silent]
|switch|p2a: Alomomola|Alomomola, M, shiny|100/100 brn
|move|p1a: Talonflame|Defog|p2a: Alomomola
|-unboost|p2a: Alomomola|evasion|1
|-sideend|p1: owtblastre Emily|Stealth Rock|[from] move: Defog|[of] p1a: Talonflame
|
|-damage|p2a: Alomomola|94/100 brn|[from] brn
|upkeep
|turn|13
|c|☆owtblastre Emily|of course
|
|t:|1776114331
|switch|p1a: Gliscor|Gliscor, M|88/100 tox
|move|p2a: Alomomola|Flip Turn|p1a: Gliscor
|-supereffective|p1a: Gliscor
|-damage|p1a: Gliscor|75/100 tox
|
|t:|1776114344
|switch|p2a: Tinkaton|Tinkaton, F, shiny|100/100|[from] Flip Turn
|-item|p2a: Tinkaton|Air Balloon
|
|-heal|p1a: Gliscor|87/100 tox|[from] ability: Poison Heal
|upkeep
|turn|14
|
|t:|1776114353
|move|p2a: Tinkaton|Stealth Rock|p1a: Gliscor
|-sidestart|p1: owtblastre Emily|move: Stealth Rock
|move|p1a: Gliscor|Knock Off|p2a: Tinkaton
|-resisted|p2a: Tinkaton
|-damage|p2a: Tinkaton|86/100
|-enditem|p2a: Tinkaton|Air Balloon
|-enditem|p1a: Gliscor|Toxic Orb|[silent]|[from] ability: Pickpocket|[of] p1a: Gliscor
|-item|p2a: Tinkaton|Toxic Orb|[from] ability: Pickpocket|[of] p1a: Gliscor
|
|-heal|p1a: Gliscor|99/100 tox|[from] ability: Poison Heal
|upkeep
|turn|15
|
|t:|1776114360
|move|p2a: Tinkaton|Encore|p1a: Gliscor
|-start|p1a: Gliscor|Encore
|move|p1a: Gliscor|Knock Off|p2a: Tinkaton
|-resisted|p2a: Tinkaton
|-damage|p2a: Tinkaton|73/100
|-enditem|p2a: Tinkaton|Toxic Orb|[from] move: Knock Off|[of] p1a: Gliscor
|
|-heal|p1a: Gliscor|100/100 tox|[from] ability: Poison Heal
|upkeep
|turn|16
|
|t:|1776114366
|switch|p2a: Ogerpon|Ogerpon, F|100/100
|switch|p1a: Talonflame|Talonflame, M|85/100
|
|upkeep
|turn|17
|
|t:|1776114373
|switch|p1a: Mandibuzz|Mandibuzz, F|100/100
|-terastallize|p2a: Ogerpon|Grass
|detailschange|p2a: Ogerpon|Ogerpon-Teal-Tera, F, tera:Grass
|-ability|p2a: Ogerpon|Embody Aspect (Teal)|boost
|-boost|p2a: Ogerpon|spe|1
|move|p2a: Ogerpon|Rock Tomb|p1a: Mandibuzz
|-supereffective|p1a: Mandibuzz
|-crit|p1a: Mandibuzz
|-damage|p1a: Mandibuzz|35/100
|-unboost|p1a: Mandibuzz|spe|1
|
|upkeep
|turn|18
|c|☆owtblastre Emily|the fuck
|
|t:|1776114397
|-terastallize|p1a: Mandibuzz|Steel
|move|p2a: Ogerpon|Rock Tomb|p1a: Mandibuzz
|-resisted|p1a: Mandibuzz
|-damage|p1a: Mandibuzz|24/100
|-unboost|p1a: Mandibuzz|spe|1
|move|p1a: Mandibuzz|Roost|p1a: Mandibuzz
|-heal|p1a: Mandibuzz|74/100
|
|upkeep
|turn|19
|c|☆owtblastre Emily|well at least I can defog now
|
|t:|1776114421
|switch|p2a: Tinkaton|Tinkaton, F, shiny|73/100
|move|p1a: Mandibuzz|Defog|p2a: Tinkaton
|-unboost|p2a: Tinkaton|evasion|1
|-sideend|p1: owtblastre Emily|Stealth Rock|[from] move: Defog|[of] p1a: Mandibuzz
|
|upkeep
|turn|20
|
|t:|1776114426
|switch|p1a: Gliscor|Gliscor, M|100/100 tox
|move|p2a: Tinkaton|Stealth Rock|p1a: Gliscor
|-sidestart|p1: owtblastre Emily|move: Stealth Rock
|
|upkeep
|turn|21
|
|t:|1776114430
|move|p2a: Tinkaton|Ice Hammer|p1a: Gliscor
|-supereffective|p1a: Gliscor
|-damage|p1a: Gliscor|22/100 tox
|-unboost|p2a: Tinkaton|spe|1
|move|p1a: Gliscor|Spikes|p2a: Tinkaton
|-sidestart|p2: papapanini|Spikes
|
|-heal|p1a: Gliscor|35/100 tox|[from] ability: Poison Heal
|upkeep
|turn|22
|c|☆owtblastre Emily|bro is adamant
|
|t:|1776114450
|move|p1a: Gliscor|Protect|p1a: Gliscor
|-singleturn|p1a: Gliscor|Protect
|move|p2a: Tinkaton|Encore|p1a: Gliscor
|-activate|p1a: Gliscor|move: Protect
|
|-heal|p1a: Gliscor|47/100 tox|[from] ability: Poison Heal
|upkeep
|turn|23
|
|t:|1776114457
|move|p1a: Gliscor|Earthquake|p2a: Tinkaton
|-supereffective|p2a: Tinkaton
|-damage|p2a: Tinkaton|0 fnt
|faint|p2a: Tinkaton
|
|-heal|p1a: Gliscor|60/100 tox|[from] ability: Poison Heal
|upkeep
|c|☆papapanini|oops
|c|☆papapanini|LOL
|c|☆owtblastre Emily|if that was hp invested that was like a 50% roll lol
|inactive|papapanini has 120 seconds left.
|
|t:|1776114491
|switch|p2a: Hydreigon|Hydreigon, M, shiny|100/100
|turn|24
|
|t:|1776114496
|switch|p2a: Ogerpon|Ogerpon-Teal-Tera, F, tera:Grass|100/100
|-damage|p2a: Ogerpon|88/100|[from] Spikes
|-ability|p2a: Ogerpon|Embody Aspect (Teal)|boost
|-boost|p2a: Ogerpon|spe|1
|move|p1a: Gliscor|Protect||[still]
|-fail|p1a: Gliscor
|
|-heal|p1a: Gliscor|72/100 tox|[from] ability: Poison Heal
|upkeep
|turn|25
|
|t:|1776114510
|move|p1a: Gliscor|Protect|p1a: Gliscor
|-singleturn|p1a: Gliscor|Protect
|move|p2a: Ogerpon|Knock Off|p1a: Gliscor
|-activate|p1a: Gliscor|move: Protect
|
|-heal|p1a: Gliscor|85/100 tox|[from] ability: Poison Heal
|upkeep
|turn|26
|c|☆papapanini|bro
|
|t:|1776114520
|switch|p2a: Great Tusk|Great Tusk, shiny|100/100
|move|p1a: Gliscor|Spikes|p2a: Great Tusk
|-sidestart|p2: papapanini|Spikes
|
|-heal|p1a: Gliscor|97/100 tox|[from] ability: Poison Heal
|upkeep
|turn|27
|
|t:|1776114536
|switch|p1a: Talonflame|Talonflame, M|85/100
|move|p2a: Great Tusk|Rapid Spin|p1a: Talonflame
|-damage|p1a: Talonflame|70/100
|-boost|p2a: Great Tusk|spe|1
|-status|p2a: Great Tusk|brn|[from] ability: Flame Body|[of] p1a: Talonflame
|-sideend|p2: papapanini|Spikes|[from] move: Rapid Spin|[of] p2a: Great Tusk
|
|-damage|p2a: Great Tusk|94/100 brn|[from] brn
|upkeep
|turn|28
|c|☆owtblastre Emily|ahhhh
|c|☆papapanini|i deserved it
|inactive|papapanini has 120 seconds left.
|
|t:|1776114567
|-end|p2a: Great Tusk|Protosynthesis|[silent]
|switch|p2a: Hydreigon|Hydreigon, M, shiny|100/100
|move|p1a: Talonflame|Defog|p2a: Hydreigon
|-unboost|p2a: Hydreigon|evasion|1
|-sideend|p1: owtblastre Emily|Stealth Rock|[from] move: Defog|[of] p1a: Talonflame
|
|upkeep
|turn|29
|
|t:|1776114581
|switch|p2a: Ogerpon|Ogerpon-Teal-Tera, F, tera:Grass|88/100
|-ability|p2a: Ogerpon|Embody Aspect (Teal)|boost
|-boost|p2a: Ogerpon|spe|1
|switch|p1a: Blissey|Blissey, F|86/100
|
|-heal|p1a: Blissey|93/100|[from] item: Leftovers
|upkeep
|turn|30
|
|t:|1776114600
|switch|p1a: Mandibuzz|Mandibuzz, F, tera:Steel|74/100
|move|p2a: Ogerpon|Ivy Cudgel|p1a: Mandibuzz
|-resisted|p1a: Mandibuzz
|-crit|p1a: Mandibuzz
|-damage|p1a: Mandibuzz|23/100
|
|upkeep
|turn|31
|
|t:|1776114606
|switch|p1a: Talonflame|Talonflame, M|70/100
|move|p2a: Ogerpon|Ivy Cudgel|p1a: Talonflame
|-resisted|p1a: Talonflame
|-damage|p1a: Talonflame|50/100
|
|upkeep
|turn|32
|
|t:|1776114616
|switch|p2a: Alomomola|Alomomola, M, shiny|100/100 brn
|move|p1a: Talonflame|Roost|p1a: Talonflame
|-heal|p1a: Talonflame|100/100
|-singleturn|p1a: Talonflame|move: Roost
|
|-damage|p2a: Alomomola|94/100 brn|[from] brn
|upkeep
|turn|33
|
|t:|1776114619
|switch|p1a: Gliscor|Gliscor, M|97/100 tox
|move|p2a: Alomomola|Flip Turn|p1a: Gliscor
|-supereffective|p1a: Gliscor
|-damage|p1a: Gliscor|85/100 tox
|
|t:|1776114627
|switch|p2a: Great Tusk|Great Tusk, shiny|94/100 brn|[from] Flip Turn
|
|-heal|p1a: Gliscor|97/100 tox|[from] ability: Poison Heal
|-damage|p2a: Great Tusk|88/100 brn|[from] brn
|upkeep
|turn|34
|
|t:|1776114630
|move|p2a: Great Tusk|Ice Spinner|p1a: Gliscor
|-supereffective|p1a: Gliscor
|-damage|p1a: Gliscor|49/100 tox
|move|p1a: Gliscor|Knock Off|p2a: Great Tusk
|-resisted|p2a: Great Tusk
|-damage|p2a: Great Tusk|80/100 brn
|-enditem|p2a: Great Tusk|Heavy-Duty Boots|[from] move: Knock Off|[of] p1a: Gliscor
|
|-heal|p1a: Gliscor|62/100 tox|[from] ability: Poison Heal
|-damage|p2a: Great Tusk|74/100 brn|[from] brn
|upkeep
|turn|35
|
|t:|1776114650
|-end|p2a: Great Tusk|Protosynthesis|[silent]
|switch|p2a: Hydreigon|Hydreigon, M, shiny|100/100
|move|p1a: Gliscor|Protect||[still]
|-fail|p1a: Gliscor
|
|-heal|p1a: Gliscor|74/100 tox|[from] ability: Poison Heal
|upkeep
|turn|36
|
|t:|1776114653
|move|p1a: Gliscor|Protect|p1a: Gliscor
|-singleturn|p1a: Gliscor|Protect
|move|p2a: Hydreigon|Draco Meteor|p1a: Gliscor
|-activate|p1a: Gliscor|move: Protect
|
|-heal|p1a: Gliscor|87/100 tox|[from] ability: Poison Heal
|upkeep
|turn|37
|
|t:|1776114665
|switch|p1a: Toxapex|Toxapex, F|100/100
|move|p2a: Hydreigon|Draco Meteor|p1a: Toxapex
|-damage|p1a: Toxapex|58/100
|-unboost|p2a: Hydreigon|spa|2
|
|-heal|p1a: Toxapex|64/100|[from] item: Black Sludge
|upkeep
|turn|38
|
|t:|1776114676
|switch|p2a: Ogerpon|Ogerpon-Teal-Tera, F, tera:Grass|88/100
|-ability|p2a: Ogerpon|Embody Aspect (Teal)|boost
|-boost|p2a: Ogerpon|spe|1
|switch|p1a: Gliscor|Gliscor, M|87/100 tox
|
|-heal|p1a: Gliscor|99/100 tox|[from] ability: Poison Heal
|upkeep
|turn|39
|c|☆owtblastre Emily|scarf lol
|
|t:|1776114683
|move|p1a: Gliscor|Protect|p1a: Gliscor
|-singleturn|p1a: Gliscor|Protect
|move|p2a: Ogerpon|Ivy Cudgel|p1a: Gliscor
|-activate|p1a: Gliscor|move: Protect
|
|-heal|p1a: Gliscor|100/100 tox|[from] ability: Poison Heal
|upkeep
|turn|40
|
|t:|1776114688
|switch|p2a: Hydreigon|Hydreigon, M, shiny|100/100
|switch|p1a: Talonflame|Talonflame, M|100/100
|
|upkeep
|turn|41
|
|t:|1776114692
|switch|p1a: Gliscor|Gliscor, M|100/100 tox
|move|p2a: Hydreigon|Draco Meteor|p1a: Gliscor
|-damage|p1a: Gliscor|43/100 tox
|-unboost|p2a: Hydreigon|spa|2
|
|-heal|p1a: Gliscor|55/100 tox|[from] ability: Poison Heal
|upkeep
|turn|42
|
|t:|1776114700
|move|p2a: Hydreigon|Draco Meteor|p1a: Gliscor
|-damage|p1a: Gliscor|25/100 tox
|-unboost|p2a: Hydreigon|spa|2
|move|p1a: Gliscor|Spikes|p2a: Hydreigon
|-sidestart|p2: papapanini|Spikes
|
|-heal|p1a: Gliscor|37/100 tox|[from] ability: Poison Heal
|upkeep
|turn|43
|
|t:|1776114722
|switch|p2a: Ogerpon|Ogerpon-Teal-Tera, F, tera:Grass|88/100
|-damage|p2a: Ogerpon|76/100|[from] Spikes
|-ability|p2a: Ogerpon|Embody Aspect (Teal)|boost
|-boost|p2a: Ogerpon|spe|1
|move|p1a: Gliscor|Spikes|p2a: Ogerpon
|-sidestart|p2: papapanini|Spikes
|
|-heal|p1a: Gliscor|50/100 tox|[from] ability: Poison Heal
|upkeep
|turn|44
|inactive|papapanini has 120 seconds left.
|
|t:|1776114750
|switch|p2a: Great Tusk|Great Tusk, shiny|74/100 brn
|-damage|p2a: Great Tusk|58/100 brn|[from] Spikes
|move|p1a: Gliscor|Protect||[still]
|-fail|p1a: Gliscor
|
|-heal|p1a: Gliscor|62/100 tox|[from] ability: Poison Heal
|-damage|p2a: Great Tusk|51/100 brn|[from] brn
|upkeep
|turn|45
|
|t:|1776114754
|move|p2a: Great Tusk|Rapid Spin|p1a: Gliscor
|-damage|p1a: Gliscor|56/100 tox
|-boost|p2a: Great Tusk|spe|1
|-sideend|p2: papapanini|Spikes|[from] move: Rapid Spin|[of] p2a: Great Tusk
|move|p1a: Gliscor|Earthquake|p2a: Great Tusk
|-damage|p2a: Great Tusk|28/100 brn
|
|-heal|p1a: Gliscor|68/100 tox|[from] ability: Poison Heal
|-damage|p2a: Great Tusk|22/100 brn|[from] brn
|upkeep
|turn|46
|
|t:|1776114762
|-end|p2a: Great Tusk|Protosynthesis|[silent]
|switch|p2a: Ogerpon|Ogerpon-Teal-Tera, F, tera:Grass|76/100
|-ability|p2a: Ogerpon|Embody Aspect (Teal)|boost
|-boost|p2a: Ogerpon|spe|1
|move|p1a: Gliscor|Protect||[still]
|-fail|p1a: Gliscor
|
|-heal|p1a: Gliscor|81/100 tox|[from] ability: Poison Heal
|upkeep
|turn|47
|
|t:|1776114768
|move|p1a: Gliscor|Protect|p1a: Gliscor
|-singleturn|p1a: Gliscor|Protect
|move|p2a: Ogerpon|U-turn|p1a: Gliscor
|-activate|p1a: Gliscor|move: Protect
|
|-heal|p1a: Gliscor|93/100 tox|[from] ability: Poison Heal
|upkeep
|turn|48
|
|t:|1776114773
|switch|p2a: Hydreigon|Hydreigon, M, shiny|100/100
|move|p1a: Gliscor|Spikes|p2a: Hydreigon
|-sidestart|p2: papapanini|Spikes
|
|-heal|p1a: Gliscor|100/100 tox|[from] ability: Poison Heal
|upkeep
|turn|49
|inactive|papapanini has 120 seconds left.
|inactive|papapanini has 90 seconds left.
|
|t:|1776114838
|move|p2a: Hydreigon|Dark Pulse|p1a: Gliscor
|-damage|p1a: Gliscor|67/100 tox
|move|p1a: Gliscor|Spikes|p2a: Hydreigon
|-sidestart|p2: papapanini|Spikes
|
|-heal|p1a: Gliscor|80/100 tox|[from] ability: Poison Heal
|upkeep
|turn|50
|
|t:|1776114845
|move|p2a: Hydreigon|Dark Pulse|p1a: Gliscor
|-damage|p1a: Gliscor|47/100 tox
|move|p1a: Gliscor|Spikes|p2a: Hydreigon
|-sidestart|p2: papapanini|Spikes
|
|-heal|p1a: Gliscor|60/100 tox|[from] ability: Poison Heal
|upkeep
|turn|51
|
|t:|1776114855
|switch|p1a: Blissey|Blissey, F|93/100
|move|p2a: Hydreigon|Dark Pulse|p1a: Blissey
|-damage|p1a: Blissey|80/100
|
|-heal|p1a: Blissey|86/100|[from] item: Leftovers
|upkeep
|turn|52
|
|t:|1776114862
|switch|p2a: Pecharunt|Pecharunt|100/100
|-damage|p2a: Pecharunt|76/100|[from] Spikes
|move|p1a: Blissey|Stealth Rock|p2a: Pecharunt
|-sidestart|p2: papapanini|move: Stealth Rock
|
|-heal|p1a: Blissey|93/100|[from] item: Leftovers
|upkeep
|turn|53
|
|t:|1776114868
|switch|p1a: Gliscor|Gliscor, M|60/100 tox
|move|p2a: Pecharunt|Malignant Chain|p1a: Gliscor
|-resisted|p1a: Gliscor
|-damage|p1a: Gliscor|47/100 tox
|
|-heal|p1a: Gliscor|60/100 tox|[from] ability: Poison Heal
|upkeep
|turn|54
|inactive|papapanini has 120 seconds left.
|
|t:|1776114892
|move|p1a: Gliscor|Knock Off|p2a: Pecharunt
|-supereffective|p2a: Pecharunt
|-damage|p2a: Pecharunt|57/100
|-damage|p1a: Gliscor|43/100 tox|[from] item: Rocky Helmet|[of] p2a: Pecharunt
|-enditem|p2a: Pecharunt|Rocky Helmet|[from] move: Knock Off|[of] p1a: Gliscor
|move|p2a: Pecharunt|Recover|p2a: Pecharunt
|-heal|p2a: Pecharunt|100/100
|
|-heal|p1a: Gliscor|56/100 tox|[from] ability: Poison Heal
|upkeep
|turn|55
|
|t:|1776114900
|move|p1a: Gliscor|Earthquake|p2a: Pecharunt
|-supereffective|p2a: Pecharunt
|-damage|p2a: Pecharunt|67/100
|move|p2a: Pecharunt|Shadow Ball|p1a: Gliscor
|-damage|p1a: Gliscor|36/100 tox
|-unboost|p1a: Gliscor|spd|1
|
|-heal|p1a: Gliscor|49/100 tox|[from] ability: Poison Heal
|upkeep
|turn|56
|inactive|papapanini has 120 seconds left.
|
|t:|1776114907
|switch|p1a: Blissey|Blissey, F|93/100
|move|p2a: Pecharunt|Shadow Ball|p1a: Blissey
|-immune|p1a: Blissey
|
|-heal|p1a: Blissey|99/100|[from] item: Leftovers
|upkeep
|turn|57
|
|t:|1776114911
|switch|p1a: Gliscor|Gliscor, M|49/100 tox
|move|p2a: Pecharunt|Malignant Chain|p1a: Gliscor
|-resisted|p1a: Gliscor
|-damage|p1a: Gliscor|34/100 tox
|
|-heal|p1a: Gliscor|47/100 tox|[from] ability: Poison Heal
|upkeep
|turn|58
|
|t:|1776114917
|move|p1a: Gliscor|Earthquake|p2a: Pecharunt
|-supereffective|p2a: Pecharunt
|-damage|p2a: Pecharunt|35/100
|move|p2a: Pecharunt|Shadow Ball|p1a: Gliscor
|-damage|p1a: Gliscor|26/100 tox
|-unboost|p1a: Gliscor|spd|1
|
|-heal|p1a: Gliscor|39/100 tox|[from] ability: Poison Heal
|upkeep
|turn|59
|
|t:|1776114921
|move|p1a: Gliscor|Protect|p1a: Gliscor
|-singleturn|p1a: Gliscor|Protect
|move|p2a: Pecharunt|Recover|p2a: Pecharunt
|-heal|p2a: Pecharunt|85/100
|
|-heal|p1a: Gliscor|51/100 tox|[from] ability: Poison Heal
|upkeep
|turn|60
|
|t:|1776114924
|switch|p1a: Blissey|Blissey, F|99/100
|move|p2a: Pecharunt|Malignant Chain|p1a: Blissey
|-damage|p1a: Blissey|89/100
|-status|p1a: Blissey|tox
|-start|p1a: Blissey|confusion|[from] ability: Poison Puppeteer|[of] p2a: Pecharunt
|
|-heal|p1a: Blissey|95/100 tox|[from] item: Leftovers
|-damage|p1a: Blissey|89/100 tox|[from] psn
|upkeep
|turn|61
|
|t:|1776114930
|-curestatus|p1a: Blissey|tox|[from] ability: Natural Cure
|switch|p1a: Toxapex|Toxapex, F|98/100
|move|p2a: Pecharunt|Shadow Ball|p1a: Toxapex
|-damage|p1a: Toxapex|80/100
|
|-heal|p1a: Toxapex|87/100|[from] item: Black Sludge
|upkeep
|turn|62
|
|t:|1776114953
|move|p2a: Pecharunt|Parting Shot|p1a: Toxapex
|-unboost|p1a: Toxapex|atk|1
|-unboost|p1a: Toxapex|spa|1
|
|t:|1776114956
|switch|p2a: Alomomola|Alomomola, M, shiny|100/100 brn|[from] Parting Shot
|-damage|p2a: Alomomola|76/100 brn|[from] Spikes
|-damage|p2a: Alomomola|63/100 brn|[from] Stealth Rock
|move|p1a: Toxapex|Toxic Spikes|p2a: Alomomola
|-sidestart|p2: papapanini|move: Toxic Spikes
|
|-heal|p1a: Toxapex|93/100|[from] item: Black Sludge
|-damage|p2a: Alomomola|57/100 brn|[from] brn
|upkeep
|turn|63
|
|t:|1776114961
|move|p2a: Alomomola|Flip Turn|p1a: Toxapex
|-resisted|p1a: Toxapex
|-damage|p1a: Toxapex|90/100
|
|t:|1776114965
|switch|p2a: Great Tusk|Great Tusk, shiny|22/100 brn|[from] Flip Turn
|-damage|p2a: Great Tusk|0 fnt|[from] Spikes
|faint|p2a: Great Tusk
|-end|p2a: Great Tusk|Protosynthesis|[silent]
|move|p1a: Toxapex|Surf|p2: Great Tusk|[notarget]
|-fail|p1a: Toxapex
|
|-heal|p1a: Toxapex|96/100|[from] item: Black Sludge
|upkeep
|inactive|papapanini has 120 seconds left.
|inactive|papapanini has 90 seconds left.
|
|t:|1776115038
|switch|p2a: Pecharunt|Pecharunt|85/100
|-damage|p2a: Pecharunt|60/100|[from] Spikes
|-damage|p2a: Pecharunt|48/100|[from] Stealth Rock
|-sideend|p2: papapanini|move: Toxic Spikes|[of] p2a: Pecharunt
|turn|64
|
|t:|1776115042
|move|p2a: Pecharunt|Recover|p2a: Pecharunt
|-heal|p2a: Pecharunt|98/100
|move|p1a: Toxapex|Toxic Spikes|p2a: Pecharunt
|-sidestart|p2: papapanini|move: Toxic Spikes
|
|-heal|p1a: Toxapex|100/100|[from] item: Black Sludge
|upkeep
|turn|65
|
|t:|1776115049
|switch|p1a: Blissey|Blissey, F|89/100
|move|p2a: Pecharunt|Shadow Ball|p1a: Blissey
|-immune|p1a: Blissey
|
|-heal|p1a: Blissey|95/100|[from] item: Leftovers
|upkeep
|turn|66
|inactive|papapanini has 90 seconds left.
|inactive|papapanini has 60 seconds left.
|
|t:|1776115101
|switch|p1a: Gliscor|Gliscor, M|51/100 tox
|move|p2a: Pecharunt|Shadow Ball|p1a: Gliscor
|-damage|p1a: Gliscor|30/100 tox
|-unboost|p1a: Gliscor|spd|1
|
|-heal|p1a: Gliscor|43/100 tox|[from] ability: Poison Heal
|upkeep
|turn|67
|inactive|papapanini has 60 seconds left.
|inactive|papapanini has 30 seconds left.
|
|t:|1776115145
|switch|p1a: Blissey|Blissey, F|95/100
|move|p2a: Pecharunt|Shadow Ball|p1a: Blissey
|-immune|p1a: Blissey
|
|-heal|p1a: Blissey|100/100|[from] item: Leftovers
|upkeep
|turn|68
|inactive|papapanini has 30 seconds left.
|inactive|papapanini has 20 seconds left.
|inactive|papapanini has 15 seconds left.
|inactive|papapanini has 10 seconds left.
|inactive|papapanini has 5 seconds left.
|-message|papapanini lost due to inactivity.
|
|win|owtblastre Emily
|raw|owtblastre Emily's rating: 1514 &rarr; <strong>1537</strong><br />(+23 for winning)
|raw|papapanini's rating: 1558 &rarr; <strong>1535</strong><br />(-23 for losing)
|l|☆papapanini
|player|p2|
|l| OUZ Quavo
