|html|<div class="broadcast-blue"><strong>[Gen 9] OU is currently suspecting Tera Blast! For information on how to participate check out the <a href="https://www.smogon.com/tools/suspects/view/200">suspect thread</a>.</strong></div>
|j|☆Dicosirio
|j|☆NeveringStar
|t:|1776070554
|gametype|singles
|player|p1|Dicosirio|lucas|1441
|player|p2|NeveringStar|cheren-masters|1549
|gen|9
|tier|[Gen 9] OU
|rated|
|rule|HP Percentage Mod: HP is shown in percentages
|rule|Endless Battle Clause: Forcing endless battles is banned
|rule|Species Clause: Limit one of each Pokémon
|rule|OHKO Clause: OHKO moves are banned
|rule|Evasion Items Clause: Evasion items are banned
|rule|Evasion Moves Clause: Evasion moves are banned
|rule|Evasion Abilities Clause: Evasion abilities are banned
|rule|Sleep Moves Clause: Sleep-inducing moves are banned
|clearpoke
|poke|p1|Pelipper, F|
|poke|p1|Hatterene, F|
|poke|p1|Iron Treads|
|poke|p1|Toxicroak, F|
|poke|p1|Barraskewda, F|
|poke|p1|Zapdos|
|poke|p2|Pecharunt|
|poke|p2|Kingambit, F|
|poke|p2|Volcanion|
|poke|p2|Iron Valiant|
|poke|p2|Landorus-Therian, M|
|poke|p2|Deoxys-Speed|
|teampreview
|c|☆Dicosirio|glhf
|
|t:|1776070565
|teamsize|p1|6
|teamsize|p2|6
|start
|switch|p1a: Pelipper|Pelipper, F|100/100
|switch|p2a: Deoxys|Deoxys-Speed|100/100
|-ability|p2a: Deoxys|Pressure
|-weather|RainDance|[from] ability: Drizzle|[of] p1a: Pelipper
|turn|1
|inactive|Battle timer is ON: inactive players will automatically lose when time's up. (requested by NeveringStar)
|c|☆NeveringStar|hf
|
|t:|1776070575
|move|p2a: Deoxys|Knock Off|p1a: Pelipper
|-damage|p1a: Pelipper|71/100
|-enditem|p1a: Pelipper|Damp Rock|[from] move: Knock Off|[of] p2a: Deoxys
|move|p1a: Pelipper|U-turn|p2a: Deoxys
|-supereffective|p2a: Deoxys
|-crit|p2a: Deoxys
|-damage|p2a: Deoxys|57/100
|
|t:|1776070583
|switch|p1a: Barraskewda|Barraskewda, F|100/100|[from] U-turn
|
|-weather|RainDance|[upkeep]
|upkeep
|turn|2
|
|t:|1776070589
|move|p1a: Barraskewda|Flip Turn|p2a: Deoxys
|-damage|p2a: Deoxys|0 fnt
|faint|p2a: Deoxys
|
|t:|1776070594
|switch|p1a: Zapdos|Zapdos|100/100|[from] Flip Turn
|
|-weather|RainDance|[upkeep]
|upkeep
|inactive|NeveringStar has 120 seconds left.
|
|t:|1776070643
|switch|p2a: Pecharunt|Pecharunt|100/100
|turn|3
|
|t:|1776070650
|move|p1a: Zapdos|Volt Switch|p2a: Pecharunt
|-damage|p2a: Pecharunt|43/100
|
|t:|1776070653
|switch|p1a: Iron Treads|Iron Treads|100/100|[from] Volt Switch
|move|p2a: Pecharunt|Malignant Chain|p1a: Iron Treads
|-immune|p1a: Iron Treads
|
|-weather|RainDance|[upkeep]
|upkeep
|turn|4
|
|t:|1776070662
|switch|p2a: Landorus|Landorus-Therian, M|100/100
|-ability|p2a: Landorus|Intimidate|boost
|-unboost|p1a: Iron Treads|atk|1
|move|p1a: Iron Treads|Stealth Rock|p2a: Landorus
|-sidestart|p2: NeveringStar|move: Stealth Rock
|
|-weather|RainDance|[upkeep]
|upkeep
|turn|5
|
|t:|1776070669
|-end|p1a: Iron Treads|Quark Drive|[silent]
|switch|p1a: Hatterene|Hatterene, F|100/100
|move|p2a: Landorus|U-turn|p1a: Hatterene
|-damage|p1a: Hatterene|80/100
|-enditem|p1a: Hatterene|Eject Button
|
|t:|1776070682
|switch|p1a: Zapdos|Zapdos|100/100
|
|-weather|RainDance|[upkeep]
|upkeep
|turn|6
|
|t:|1776070691
|switch|p2a: Volcanion|Volcanion|100/100
|-damage|p2a: Volcanion|76/100|[from] Stealth Rock
|move|p1a: Zapdos|Weather Ball|p2a: Volcanion
|-heal|p2a: Volcanion|100/100|[from] ability: Water Absorb|[of] p1a: Zapdos
|
|-weather|RainDance|[upkeep]
|upkeep
|turn|7
|
|t:|1776070713
|switch|p1a: Toxicroak|Toxicroak, F|100/100
|move|p2a: Volcanion|Will-O-Wisp|p1a: Toxicroak
|-status|p1a: Toxicroak|brn
|
|-weather|RainDance|[upkeep]
|-damage|p1a: Toxicroak|94/100 brn|[from] brn
|upkeep
|turn|8
|
|t:|1776070721
|switch|p2a: Landorus|Landorus-Therian, M|100/100
|-damage|p2a: Landorus|88/100|[from] Stealth Rock
|-ability|p2a: Landorus|Intimidate|boost
|-unboost|p1a: Toxicroak|atk|1
|switch|p1a: Pelipper|Pelipper, F|71/100
|
|-weather|none
|upkeep
|turn|9
|
|t:|1776070732
|move|p2a: Landorus|Stealth Rock|p1a: Pelipper
|-sidestart|p1: Dicosirio|move: Stealth Rock
|move|p1a: Pelipper|Knock Off|p2a: Landorus
|-damage|p2a: Landorus|75/100
|-damage|p1a: Pelipper|54/100|[from] item: Rocky Helmet|[of] p2a: Landorus
|-enditem|p2a: Landorus|Rocky Helmet|[from] move: Knock Off|[of] p1a: Pelipper
|
|upkeep
|turn|10
|
|t:|1776070740
|move|p2a: Landorus|U-turn|p1a: Pelipper
|-resisted|p1a: Pelipper
|-damage|p1a: Pelipper|43/100
|
|t:|1776070748
|switch|p2a: Pecharunt|Pecharunt|43/100|[from] U-turn
|move|p1a: Pelipper|Roost|p1a: Pelipper
|-heal|p1a: Pelipper|93/100
|-singleturn|p1a: Pelipper|move: Roost
|
|upkeep
|turn|11
|
|t:|1776070756
|switch|p1a: Iron Treads|Iron Treads|100/100
|-damage|p1a: Iron Treads|98/100|[from] Stealth Rock
|move|p2a: Pecharunt|Recover|p2a: Pecharunt
|-heal|p2a: Pecharunt|93/100
|
|-heal|p1a: Iron Treads|100/100|[from] item: Leftovers
|upkeep
|turn|12
|
|t:|1776070772
|move|p2a: Pecharunt|Nasty Plot|p2a: Pecharunt
|-boost|p2a: Pecharunt|spa|2
|move|p1a: Iron Treads|Rapid Spin|p2a: Pecharunt
|-immune|p2a: Pecharunt
|
|upkeep
|turn|13
|
|t:|1776070777
|move|p2a: Pecharunt|Shadow Ball|p1a: Iron Treads
|-damage|p1a: Iron Treads|56/100
|move|p1a: Iron Treads|Earthquake|p2a: Pecharunt
|-supereffective|p2a: Pecharunt
|-damage|p2a: Pecharunt|40/100
|
|-heal|p1a: Iron Treads|62/100|[from] item: Leftovers
|upkeep
|turn|14
|
|t:|1776070788
|move|p2a: Pecharunt|Recover|p2a: Pecharunt
|-heal|p2a: Pecharunt|91/100
|move|p1a: Iron Treads|Earthquake|p2a: Pecharunt
|-supereffective|p2a: Pecharunt
|-damage|p2a: Pecharunt|40/100
|
|-heal|p1a: Iron Treads|68/100|[from] item: Leftovers
|upkeep
|turn|15
|
|t:|1776070794
|move|p2a: Pecharunt|Recover|p2a: Pecharunt
|-heal|p2a: Pecharunt|90/100
|move|p1a: Iron Treads|Earthquake|p2a: Pecharunt
|-supereffective|p2a: Pecharunt
|-damage|p2a: Pecharunt|40/100
|
|-heal|p1a: Iron Treads|74/100|[from] item: Leftovers
|upkeep
|turn|16
|
|t:|1776070801
|move|p2a: Pecharunt|Recover|p2a: Pecharunt
|-heal|p2a: Pecharunt|91/100
|move|p1a: Iron Treads|Earthquake|p2a: Pecharunt
|-supereffective|p2a: Pecharunt
|-damage|p2a: Pecharunt|37/100
|
|-heal|p1a: Iron Treads|80/100|[from] item: Leftovers
|upkeep
|turn|17
|
|t:|1776070810
|move|p2a: Pecharunt|Recover|p2a: Pecharunt
|-heal|p2a: Pecharunt|87/100
|move|p1a: Iron Treads|Earthquake|p2a: Pecharunt
|-supereffective|p2a: Pecharunt
|-damage|p2a: Pecharunt|41/100
|
|-heal|p1a: Iron Treads|86/100|[from] item: Leftovers
|upkeep
|turn|18
|
|t:|1776070819
|switch|p2a: Landorus|Landorus-Therian, M|75/100
|-damage|p2a: Landorus|63/100|[from] Stealth Rock
|-ability|p2a: Landorus|Intimidate|boost
|-unboost|p1a: Iron Treads|atk|1
|move|p1a: Iron Treads|Earthquake|p2a: Landorus
|-immune|p2a: Landorus
|
|-heal|p1a: Iron Treads|92/100|[from] item: Leftovers
|upkeep
|turn|19
|
|t:|1776070829
|move|p2a: Landorus|Earthquake|p1a: Iron Treads
|-supereffective|p1a: Iron Treads
|-damage|p1a: Iron Treads|20/100
|move|p1a: Iron Treads|Rapid Spin|p2a: Landorus
|-damage|p2a: Landorus|54/100
|-boost|p1a: Iron Treads|spe|1
|-sideend|p1: Dicosirio|Stealth Rock|[from] move: Rapid Spin|[of] p1a: Iron Treads
|
|-heal|p1a: Iron Treads|26/100|[from] item: Leftovers
|upkeep
|turn|20
|
|t:|1776070839
|-end|p1a: Iron Treads|Quark Drive|[silent]
|switch|p1a: Hatterene|Hatterene, F|80/100
|move|p2a: Landorus|Stealth Rock|p1a: Hatterene
|move|p1a: Hatterene|Stealth Rock||[from] ability: Magic Bounce|[still]
|-fail|p1a: Hatterene
|
|upkeep
|turn|21
|
|t:|1776070849
|move|p2a: Landorus|Stealth Rock|p1a: Hatterene
|move|p1a: Hatterene|Stealth Rock||[from] ability: Magic Bounce|[still]
|-fail|p1a: Hatterene
|move|p1a: Hatterene|Draining Kiss|p2a: Landorus
|-damage|p2a: Landorus|30/100
|-heal|p1a: Hatterene|100/100|[from] drain|[of] p2a: Landorus
|
|upkeep
|turn|22
|
|t:|1776070860
|move|p2a: Landorus|Earthquake|p1a: Hatterene
|-damage|p1a: Hatterene|55/100
|move|p1a: Hatterene|Psychic Noise|p2a: Landorus
|-damage|p2a: Landorus|0 fnt
|faint|p2a: Landorus
|
|upkeep
|
|t:|1776070868
|switch|p2a: Pecharunt|Pecharunt|41/100
|turn|23
|
|t:|1776070872
|move|p2a: Pecharunt|Recover|p2a: Pecharunt
|-heal|p2a: Pecharunt|91/100
|move|p1a: Hatterene|Psychic Noise|p2a: Pecharunt
|-supereffective|p2a: Pecharunt
|-damage|p2a: Pecharunt|18/100
|-start|p2a: Pecharunt|move: Heal Block
|
|upkeep
|turn|24
|
|t:|1776070882
|move|p2a: Pecharunt|Malignant Chain|p1a: Hatterene
|-supereffective|p1a: Hatterene
|-damage|p1a: Hatterene|0 fnt
|faint|p1a: Hatterene
|
|-end|p2a: Pecharunt|move: Heal Block
|upkeep
|
|t:|1776070893
|switch|p1a: Zapdos|Zapdos|100/100
|turn|25
|
|t:|1776070896
|move|p1a: Zapdos|Volt Switch|p2a: Pecharunt
|-damage|p2a: Pecharunt|0 fnt
|faint|p2a: Pecharunt
|
|t:|1776070900
|switch|p1a: Pelipper|Pelipper, F|93/100|[from] Volt Switch
|-weather|RainDance|[from] ability: Drizzle|[of] p1a: Pelipper
|
|-weather|RainDance|[upkeep]
|upkeep
|
|t:|1776070917
|switch|p2a: Iron Valiant|Iron Valiant|100/100
|-damage|p2a: Iron Valiant|94/100|[from] Stealth Rock
|-enditem|p2a: Iron Valiant|Booster Energy
|-activate|p2a: Iron Valiant|ability: Quark Drive|[fromitem]
|-start|p2a: Iron Valiant|quarkdrivespe
|turn|26
|
|t:|1776070923
|move|p2a: Iron Valiant|Moonblast|p1a: Pelipper
|-damage|p1a: Pelipper|58/100
|move|p1a: Pelipper|Hurricane|p2a: Iron Valiant
|-supereffective|p2a: Iron Valiant
|-damage|p2a: Iron Valiant|0 fnt
|faint|p2a: Iron Valiant
|-end|p2a: Iron Valiant|Quark Drive|[silent]
|
|-weather|RainDance|[upkeep]
|upkeep
|
|t:|1776070932
|switch|p2a: Volcanion|Volcanion|100/100
|-damage|p2a: Volcanion|76/100|[from] Stealth Rock
|turn|27
|
|t:|1776070937
|move|p2a: Volcanion|Steam Eruption|p1a: Pelipper
|-resisted|p1a: Pelipper
|-damage|p1a: Pelipper|22/100
|-status|p1a: Pelipper|brn
|move|p1a: Pelipper|Roost|p1a: Pelipper
|-heal|p1a: Pelipper|73/100 brn
|-singleturn|p1a: Pelipper|move: Roost
|
|-weather|RainDance|[upkeep]
|-heal|p2a: Volcanion|82/100|[from] item: Leftovers
|-damage|p1a: Pelipper|66/100 brn|[from] brn
|upkeep
|turn|28
|
|t:|1776070948
|move|p2a: Volcanion|Taunt|p1a: Pelipper
|-start|p1a: Pelipper|move: Taunt
|cant|p1a: Pelipper|move: Taunt|Roost
|
|-weather|RainDance|[upkeep]
|-heal|p2a: Volcanion|88/100|[from] item: Leftovers
|-damage|p1a: Pelipper|60/100 brn|[from] brn
|upkeep
|turn|29
|
|t:|1776070955
|move|p2a: Volcanion|Steam Eruption|p1a: Pelipper
|-resisted|p1a: Pelipper
|-damage|p1a: Pelipper|24/100 brn
|move|p1a: Pelipper|U-turn|p2a: Volcanion
|-resisted|p2a: Volcanion
|-damage|p2a: Volcanion|86/100
|
|t:|1776070962
|switch|p1a: Zapdos|Zapdos|100/100|[from] U-turn
|
|-weather|none
|-heal|p2a: Volcanion|92/100|[from] item: Leftovers
|upkeep
|turn|30
|
|t:|1776070968
|move|p1a: Zapdos|Volt Switch|p2a: Volcanion
|-supereffective|p2a: Volcanion
|-damage|p2a: Volcanion|0 fnt
|faint|p2a: Volcanion
|
|t:|1776070974
|switch|p1a: Pelipper|Pelipper, F|24/100 brn|[from] Volt Switch
|-weather|RainDance|[from] ability: Drizzle|[of] p1a: Pelipper
|
|-weather|RainDance|[upkeep]
|-damage|p1a: Pelipper|18/100 brn|[from] brn
|upkeep
|
|t:|1776070977
|switch|p2a: Kingambit|Kingambit, F|100/100
|-damage|p2a: Kingambit|94/100|[from] Stealth Rock
|-activate|p2a: Kingambit|ability: Supreme Overlord
|-start|p2a: Kingambit|fallen5|[silent]
|turn|31
|
|t:|1776070986
|move|p2a: Kingambit|Swords Dance|p2a: Kingambit
|-boost|p2a: Kingambit|atk|2
|move|p1a: Pelipper|U-turn|p2a: Kingambit
|-damage|p2a: Kingambit|90/100
|
|t:|1776070995
|switch|p1a: Toxicroak|Toxicroak, F|94/100 brn|[from] U-turn
|
|-weather|RainDance|[upkeep]
|-heal|p1a: Toxicroak|100/100 brn|[from] ability: Dry Skin
|-heal|p2a: Kingambit|96/100|[from] item: Leftovers
|-damage|p1a: Toxicroak|94/100 brn|[from] brn
|upkeep
|turn|32
|
|t:|1776071004
|-terastallize|p2a: Kingambit|Fighting
|move|p1a: Toxicroak|Encore|p2a: Kingambit
|-start|p2a: Kingambit|Encore
|move|p2a: Kingambit|Swords Dance|p2a: Kingambit
|-boost|p2a: Kingambit|atk|2
|
|-weather|RainDance|[upkeep]
|-heal|p1a: Toxicroak|100/100 brn|[from] ability: Dry Skin
|-heal|p2a: Kingambit|100/100|[from] item: Leftovers
|-damage|p1a: Toxicroak|94/100 brn|[from] brn
|upkeep
|turn|33
|
|t:|1776071016
|move|p1a: Toxicroak|Toxic|p2a: Kingambit
|-status|p2a: Kingambit|tox
|move|p2a: Kingambit|Swords Dance|p2a: Kingambit
|-boost|p2a: Kingambit|atk|2
|
|-weather|RainDance|[upkeep]
|-heal|p1a: Toxicroak|100/100 brn|[from] ability: Dry Skin
|-damage|p2a: Kingambit|94/100 tox|[from] psn
|-damage|p1a: Toxicroak|94/100 brn|[from] brn
|upkeep
|turn|34
|-message|NeveringStar forfeited.
|
|win|Dicosirio
|raw|Dicosirio's rating: 1441 &rarr; <strong>1467</strong><br />(+26 for winning)
|raw|NeveringStar's rating: 1549 &rarr; <strong>1523</strong><br />(-26 for losing)
|l|☆NeveringStar
|player|p2|
|c|☆Dicosirio|gg
|l|☆Dicosirio
|player|p1|
