|html|<div class="broadcast-blue"><strong>[Gen 9] OU is currently suspecting Tera Blast! For information on how to participate check out the <a href="https://www.smogon.com/tools/suspects/view/200">suspect thread</a>.</strong></div>
|j|‽Elekid95
|j|☆John Mahmoud
|t:|1776336786
|gametype|singles
|player|p1|Elekid95|rosa-masters|1382
|player|p2|John Mahmoud|101|1323
|gen|9
|tier|[Gen 9] OU
|rated|
|rule|HP Percentage Mod: HP is shown in percentages
|rule|Endless Battle Clause: Forcing endless battles is banned
|rule|Species Clause: Limit one of each Pokémon
|rule|OHKO Clause: OHKO moves are banned
|rule|Evasion Items Clause: Evasion items are banned
|rule|Evasion Moves Clause: Evasion moves are banned
|rule|Evasion Abilities Clause: Evasion abilities are banned
|rule|Sleep Moves Clause: Sleep-inducing moves are banned
|clearpoke
|poke|p1|Feraligatr, M|
|poke|p1|Araquanid, F|
|poke|p1|Gholdengo|
|poke|p1|Ceruledge, M|
|poke|p1|Raging Bolt|
|poke|p1|Kyurem|
|poke|p2|Talonflame, M|
|poke|p2|Pelipper, M|
|poke|p2|Barraskewda, F|
|poke|p2|Ogerpon-Wellspring, F|
|poke|p2|Zapdos|
|poke|p2|Samurott-Hisui, M|
|teampreview
|inactive|Battle timer is ON: inactive players will automatically lose when time's up. (requested by Elekid95)
|
|t:|1776336791
|teamsize|p1|6
|teamsize|p2|6
|start
|switch|p1a: Araquanid|Araquanid, F|100/100
|switch|p2a: Big Mouth|Pelipper, M|100/100
|-weather|RainDance|[from] ability: Drizzle|[of] p2a: Big Mouth
|turn|1
|
|t:|1776336804
|move|p2a: Big Mouth|Hurricane|p1a: Araquanid
|-supereffective|p1a: Araquanid
|-damage|p1a: Araquanid|36/100
|-start|p1a: Araquanid|confusion
|-activate|p1a: Araquanid|confusion
|move|p1a: Araquanid|Sticky Web|p2a: Big Mouth
|-sidestart|p2: John Mahmoud|move: Sticky Web
|
|-weather|RainDance|[upkeep]
|upkeep
|turn|2
|
|t:|1776336813
|-activate|p1a: Araquanid|confusion
|-damage|p1a: Araquanid|31/100|[from] confusion
|move|p2a: Big Mouth|Hurricane|p1a: Araquanid
|-supereffective|p1a: Araquanid
|-damage|p1a: Araquanid|0 fnt
|faint|p1a: Araquanid
|
|-weather|RainDance|[upkeep]
|upkeep
|inactive|Elekid95 has 120 seconds left.
|
|t:|1776336853
|switch|p1a: Feraligatr|Feraligatr, M|100/100
|turn|3
|
|t:|1776336862
|move|p1a: Feraligatr|Swords Dance|p1a: Feraligatr
|-boost|p1a: Feraligatr|atk|2
|move|p2a: Big Mouth|U-turn|p1a: Feraligatr
|-damage|p1a: Feraligatr|92/100
|
|t:|1776336868
|switch|p2a: Mjolnir|Zapdos|100/100|[from] U-turn
|
|-weather|RainDance|[upkeep]
|upkeep
|turn|4
|
|t:|1776336878
|move|p1a: Feraligatr|Liquidation|p2a: Mjolnir
|-damage|p2a: Mjolnir|0 fnt
|faint|p2a: Mjolnir
|
|-weather|RainDance|[upkeep]
|upkeep
|
|t:|1776336886
|switch|p2a: Nerf Gun|Talonflame, M, shiny|100/100
|turn|5
|
|t:|1776336889
|move|p2a: Nerf Gun|Defog|p1a: Feraligatr
|-unboost|p1a: Feraligatr|evasion|1
|-sideend|p2: John Mahmoud|Sticky Web|[from] move: Defog|[of] p2a: Nerf Gun
|move|p1a: Feraligatr|Liquidation|p2a: Nerf Gun
|-supereffective|p2a: Nerf Gun
|-damage|p2a: Nerf Gun|0 fnt
|faint|p2a: Nerf Gun
|
|-weather|RainDance|[upkeep]
|upkeep
|
|t:|1776336900
|switch|p2a: Stone Mask|Ogerpon-Wellspring, F|100/100
|turn|6
|
|t:|1776336910
|move|p2a: Stone Mask|Horn Leech|p1a: Feraligatr
|-supereffective|p1a: Feraligatr
|-damage|p1a: Feraligatr|0 fnt
|faint|p1a: Feraligatr
|
|-weather|RainDance|[upkeep]
|upkeep
|
|t:|1776336922
|switch|p1a: Kyurem|Kyurem|100/100
|-ability|p1a: Kyurem|Pressure
|turn|7
|
|t:|1776336927
|move|p2a: Stone Mask|Play Rough|p1a: Kyurem
|-supereffective|p1a: Kyurem
|-damage|p1a: Kyurem|33/100
|-unboost|p1a: Kyurem|atk|1
|move|p1a: Kyurem|Dragon Dance|p1a: Kyurem
|-boost|p1a: Kyurem|atk|1
|-boost|p1a: Kyurem|spe|1
|
|-weather|RainDance|[upkeep]
|upkeep
|turn|8
|
|t:|1776336936
|move|p1a: Kyurem|Scale Shot|p2a: Stone Mask
|-crit|p2a: Stone Mask
|-damage|p2a: Stone Mask|73/100
|-damage|p2a: Stone Mask|55/100
|-damage|p2a: Stone Mask|37/100
|-damage|p2a: Stone Mask|19/100
|-damage|p2a: Stone Mask|0 fnt
|faint|p2a: Stone Mask
|-hitcount|p2: Stone Mask|5
|-unboost|p1a: Kyurem|def|1
|-boost|p1a: Kyurem|spe|1
|
|-weather|none
|upkeep
|
|t:|1776336949
|switch|p2a: Glass Cannon|Barraskewda, F, shiny|100/100
|turn|9
|
|t:|1776336958
|move|p1a: Kyurem|Scale Shot|p2a: Glass Cannon
|-damage|p2a: Glass Cannon|76/100
|-damage|p2a: Glass Cannon|51/100
|-damage|p2a: Glass Cannon|24/100
|-damage|p2a: Glass Cannon|0 fnt
|faint|p2a: Glass Cannon
|-hitcount|p2: Glass Cannon|4
|-unboost|p1a: Kyurem|def|1
|-boost|p1a: Kyurem|spe|1
|
|upkeep
|-message|John Mahmoud forfeited.
|
|win|Elekid95
|raw|Elekid95's rating: 1382 &rarr; <strong>1399</strong><br />(+17 for winning)
|raw|John Mahmoud's rating: 1323 &rarr; <strong>1306</strong><br />(-17 for losing)
|l|☆John Mahmoud
|player|p2|
