|html|<div class="broadcast-blue"><strong>[Gen 9] OU is currently suspecting Tera Blast! For information on how to participate check out the <a href="https://www.smogon.com/tools/suspects/view/200">suspect thread</a>.</strong></div>
|j|☆jimborri
|j|☆clobbis
|t:|1776070270
|gametype|singles
|player|p1|jimborri|blackbelt|1144
|player|p2|clobbis|brycenman|1186
|gen|9
|tier|[Gen 9] OU
|rated|
|rule|HP Percentage Mod: HP is shown in percentages
|rule|Endless Battle Clause: Forcing endless battles is banned
|rule|Species Clause: Limit one of each Pokémon
|rule|OHKO Clause: OHKO moves are banned
|rule|Evasion Items Clause: Evasion items are banned
|rule|Evasion Moves Clause: Evasion moves are banned
|rule|Evasion Abilities Clause: Evasion abilities are banned
|rule|Sleep Moves Clause: Sleep-inducing moves are banned
|clearpoke
|poke|p1|Jolteon, F|
|poke|p1|Skeledirge, M|
|poke|p1|Forretress, M|
|poke|p1|Hitmonlee, M|
|poke|p1|Hydrapple, M|
|poke|p1|Cloyster, M|
|poke|p2|Araquanid, M|
|poke|p2|Lokix, M|
|poke|p2|Ceruledge, F|
|poke|p2|Dondozo, M|
|poke|p2|Serperior, F|
|poke|p2|Toxtricity, M|
|teampreview
|
|t:|1776070273
|teamsize|p1|6
|teamsize|p2|6
|start
|switch|p1a: Forretress|Forretress, M|100/100
|switch|p2a: Ceruledge|Ceruledge, F|100/100
|turn|1
|
|t:|1776070300
|move|p2a: Ceruledge|Swords Dance|p2a: Ceruledge
|-boost|p2a: Ceruledge|atk|2
|move|p1a: Forretress|Thunder Wave|p2a: Ceruledge
|-status|p2a: Ceruledge|par
|
|upkeep
|turn|2
|
|t:|1776070305
|move|p2a: Ceruledge|Bitter Blade|p1a: Forretress
|-supereffective|p1a: Forretress
|-ability|p1a: Forretress|Sturdy
|-damage|p1a: Forretress|1/100
|move|p1a: Forretress|Volt Switch|p2a: Ceruledge
|-damage|p2a: Ceruledge|89/100 par
|
|t:|1776070308
|switch|p1a: Skeledirge|Skeledirge, M|100/100|[from] Volt Switch
|
|upkeep
|turn|3
|
|t:|1776070311
|move|p1a: Skeledirge|Shadow Ball|p2a: Ceruledge
|-supereffective|p2a: Ceruledge
|-crit|p2a: Ceruledge
|-damage|p2a: Ceruledge|0 fnt
|faint|p2a: Ceruledge
|
|upkeep
|
|t:|1776070322
|switch|p2a: Styx|Araquanid, M|100/100
|turn|4
|inactive|Battle timer is ON: inactive players will automatically lose when time's up. (requested by jimborri)
|
|t:|1776070325
|switch|p1a: Forretress|Forretress, M|1/100
|move|p2a: Styx|Liquidation|p1a: Forretress
|-crit|p1a: Forretress
|-damage|p1a: Forretress|0 fnt
|faint|p1a: Forretress
|
|upkeep
|
|t:|1776070336
|switch|p1a: Cloyster|Cloyster, M|100/100
|turn|5
|
|t:|1776070342
|switch|p2a: Serperior|Serperior, F|100/100
|move|p1a: Cloyster|Shell Smash|p1a: Cloyster
|-unboost|p1a: Cloyster|def|1
|-unboost|p1a: Cloyster|spd|1
|-boost|p1a: Cloyster|atk|2
|-boost|p1a: Cloyster|spa|2
|-boost|p1a: Cloyster|spe|2
|
|upkeep
|turn|6
|
|t:|1776070359
|move|p2a: Serperior|Leaf Storm|p1a: Cloyster
|-supereffective|p1a: Cloyster
|-enditem|p1a: Cloyster|Focus Sash
|-damage|p1a: Cloyster|1/100
|-boost|p2a: Serperior|spa|2
|move|p1a: Cloyster|Icicle Spear|p2a: Serperior
|-supereffective|p2a: Serperior
|-damage|p2a: Serperior|45/100
|-supereffective|p2a: Serperior
|-damage|p2a: Serperior|0 fnt
|faint|p2a: Serperior
|-hitcount|p2: Serperior|2
|
|upkeep
|
|t:|1776070371
|switch|p2a: Tiso|Lokix, M|100/100
|turn|7
|
|t:|1776070376
|move|p2a: Tiso|First Impression|p1a: Cloyster
|-damage|p1a: Cloyster|0 fnt
|faint|p1a: Cloyster
|
|upkeep
|
|t:|1776070381
|switch|p1a: Hitmonlee|Hitmonlee, M|100/100
|turn|8
|
|t:|1776070388
|switch|p2a: Styx|Araquanid, M|100/100
|move|p1a: Hitmonlee|Knock Off|p2a: Styx
|-crit|p2a: Styx
|-damage|p2a: Styx|62/100
|-enditem|p2a: Styx|Heavy-Duty Boots|[from] move: Knock Off|[of] p1a: Hitmonlee
|
|upkeep
|turn|9
|
|t:|1776070393
|move|p1a: Hitmonlee|Endure|p1a: Hitmonlee
|-singleturn|p1a: Hitmonlee|move: Endure
|move|p2a: Styx|Liquidation|p1a: Hitmonlee
|-damage|p1a: Hitmonlee|2/100
|-enditem|p1a: Hitmonlee|Liechi Berry|[eat]
|-boost|p1a: Hitmonlee|atk|1|[from] item: Liechi Berry
|
|upkeep
|turn|10
|
|t:|1776070402
|move|p1a: Hitmonlee|Reversal|p2a: Styx
|-resisted|p2a: Styx
|-damage|p2a: Styx|0 fnt
|faint|p2a: Styx
|
|upkeep
|
|t:|1776070405
|switch|p2a: Tiso|Lokix, M|100/100
|turn|11
|
|t:|1776070408
|move|p1a: Hitmonlee|Endure|p1a: Hitmonlee
|-singleturn|p1a: Hitmonlee|move: Endure
|move|p2a: Tiso|First Impression|p1a: Hitmonlee
|-resisted|p1a: Hitmonlee
|-crit|p1a: Hitmonlee
|-activate|p1a: Hitmonlee|move: Endure
|-damage|p1a: Hitmonlee|1/100
|
|upkeep
|turn|12
|
|t:|1776070418
|move|p2a: Tiso|Sucker Punch|p1a: Hitmonlee
|-resisted|p1a: Hitmonlee
|-damage|p1a: Hitmonlee|0 fnt
|faint|p1a: Hitmonlee
|
|upkeep
|
|t:|1776070437
|switch|p1a: Skeledirge|Skeledirge, M|100/100
|turn|13
|
|t:|1776070454
|-terastallize|p1a: Skeledirge|Flying
|move|p2a: Tiso|Knock Off|p1a: Skeledirge
|-damage|p1a: Skeledirge|68/100
|-enditem|p1a: Skeledirge|Throat Spray|[from] move: Knock Off|[of] p2a: Tiso
|move|p1a: Skeledirge|Torch Song|p2a: Tiso
|-supereffective|p2a: Tiso
|-damage|p2a: Tiso|0 fnt
|-boost|p1a: Skeledirge|spa|1
|faint|p2a: Tiso
|
|upkeep
|
|t:|1776070463
|switch|p2a: Toxtricity|Toxtricity, M|100/100
|turn|14
|inactive|jimborri has 120 seconds left.
|
|t:|1776070505
|move|p2a: Toxtricity|Volt Switch|p1a: Skeledirge
|-supereffective|p1a: Skeledirge
|-damage|p1a: Skeledirge|0 fnt
|faint|p1a: Skeledirge
|
|t:|1776070510
|switch|p2a: Dondozo|Dondozo, M|100/100|[from] Volt Switch
|
|upkeep
|
|t:|1776070514
|switch|p1a: Jolteon|Jolteon, F|100/100
|turn|15
|
|t:|1776070521
|-terastallize|p2a: Dondozo|Dragon
|move|p1a: Jolteon|Substitute|p1a: Jolteon
|-start|p1a: Jolteon|Substitute
|-damage|p1a: Jolteon|75/100
|move|p2a: Dondozo|Body Press|p1a: Jolteon
|-end|p1a: Jolteon|Substitute
|
|-heal|p1a: Jolteon|82/100|[from] item: Leftovers
|upkeep
|turn|16
|
|t:|1776070529
|move|p1a: Jolteon|Alluring Voice|p2a: Dondozo
|-supereffective|p2a: Dondozo
|-damage|p2a: Dondozo|52/100
|move|p2a: Dondozo|Body Press|p1a: Jolteon
|-damage|p1a: Jolteon|35/100
|
|-heal|p1a: Jolteon|41/100|[from] item: Leftovers
|-heal|p2a: Dondozo|58/100|[from] item: Leftovers
|upkeep
|turn|17
|
|t:|1776070537
|move|p1a: Jolteon|Alluring Voice|p2a: Dondozo
|-supereffective|p2a: Dondozo
|-damage|p2a: Dondozo|5/100
|move|p2a: Dondozo|Body Press|p1a: Jolteon
|-damage|p1a: Jolteon|0 fnt
|faint|p1a: Jolteon
|
|-heal|p2a: Dondozo|11/100|[from] item: Leftovers
|upkeep
|
|t:|1776070540
|switch|p1a: Hydrapple|Hydrapple, M|100/100
|turn|18
|
|t:|1776070543
|move|p1a: Hydrapple|Fickle Beam|p2a: Dondozo
|-supereffective|p2a: Dondozo
|-damage|p2a: Dondozo|0 fnt
|faint|p2a: Dondozo
|
|upkeep
|
|t:|1776070545
|switch|p2a: Toxtricity|Toxtricity, M|100/100
|turn|19
|
|t:|1776070549
|move|p2a: Toxtricity|Boomburst|p1a: Hydrapple
|-damage|p1a: Hydrapple|52/100
|move|p1a: Hydrapple|Earth Power|p2a: Toxtricity
|-supereffective|p2a: Toxtricity
|-damage|p2a: Toxtricity|0 fnt
|faint|p2a: Toxtricity
|
|win|jimborri
|raw|jimborri's rating: 1144 &rarr; <strong>1172</strong><br />(+28 for winning)
|raw|clobbis's rating: 1186 &rarr; <strong>1158</strong><br />(-28 for losing)
|l|☆clobbis
|player|p2|
|l|☆jimborri
|player|p1|
