|html|<div class="broadcast-blue"><strong>[Gen 9] OU is currently suspecting Tera Blast! For information on how to participate check out the <a href="https://www.smogon.com/tools/suspects/view/200">suspect thread</a>.</strong></div>
|j|☆dasdadawdasdad
|j|☆Skilwm
|t:|1776052996
|gametype|singles
|player|p1|dasdadawdasdad|preschooler|1226
|player|p2|Skilwm|burglar|1166
|gen|9
|tier|[Gen 9] OU
|rated|
|rule|HP Percentage Mod: HP is shown in percentages
|rule|Endless Battle Clause: Forcing endless battles is banned
|rule|Species Clause: Limit one of each Pokémon
|rule|OHKO Clause: OHKO moves are banned
|rule|Evasion Items Clause: Evasion items are banned
|rule|Evasion Moves Clause: Evasion moves are banned
|rule|Evasion Abilities Clause: Evasion abilities are banned
|rule|Sleep Moves Clause: Sleep-inducing moves are banned
|clearpoke
|poke|p1|Dondozo, F|
|poke|p1|Alomomola, M|
|poke|p1|Gliscor, M|
|poke|p1|Corviknight, F|
|poke|p1|Garganacl, F|
|poke|p1|Clodsire, F|
|poke|p2|Landorus-Therian, M|
|poke|p2|Raging Bolt|
|poke|p2|Great Tusk|
|poke|p2|Ceruledge, F|
|poke|p2|Meowscarada, F|
|poke|p2|Primarina, F|
|teampreview
|inactive|Battle timer is ON: inactive players will automatically lose when time's up. (requested by Skilwm)
|
|t:|1776053005
|teamsize|p1|6
|teamsize|p2|6
|start
|switch|p1a: Garganacl|Garganacl, F|100/100
|switch|p2a: Meowscarada|Meowscarada, F, shiny|100/100
|turn|1
|
|t:|1776053014
|-terastallize|p2a: Meowscarada|Grass
|move|p2a: Meowscarada|Flower Trick|p1a: Garganacl
|-supereffective|p1a: Garganacl
|-crit|p1a: Garganacl
|-damage|p1a: Garganacl|0 fnt
|faint|p1a: Garganacl
|
|upkeep
|
|t:|1776053026
|switch|p1a: Alomomola|Alomomola, M|100/100
|turn|2
|
|t:|1776053029
|move|p2a: Meowscarada|Flower Trick|p1a: Alomomola
|-supereffective|p1a: Alomomola
|-crit|p1a: Alomomola
|-damage|p1a: Alomomola|4/100
|move|p1a: Alomomola|Mirror Coat||[still]
|-fail|p1a: Alomomola
|
|upkeep
|turn|3
|
|t:|1776053037
|switch|p1a: Corviknight|Corviknight, F|100/100
|-ability|p1a: Corviknight|Pressure
|move|p2a: Meowscarada|Flower Trick|p1a: Corviknight
|-resisted|p1a: Corviknight
|-crit|p1a: Corviknight
|-damage|p1a: Corviknight|86/100
|
|upkeep
|turn|4
|
|t:|1776053046
|switch|p2a: Primarina|Primarina, F|100/100
|move|p1a: Corviknight|Iron Defense|p1a: Corviknight
|-boost|p1a: Corviknight|def|2
|
|upkeep
|turn|5
|
|t:|1776053055
|switch|p1a: Clodsire|Clodsire, F|100/100
|move|p2a: Primarina|Whirlpool|p1a: Clodsire
|-supereffective|p1a: Clodsire
|-damage|p1a: Clodsire|81/100
|-activate|p1a: Clodsire|move: Whirlpool|[of] p2a: Primarina
|
|-heal|p1a: Clodsire|87/100|[from] item: Black Sludge
|-damage|p1a: Clodsire|74/100|[from] move: Whirlpool|[partiallytrapped]
|upkeep
|turn|6
|
|t:|1776053065
|move|p2a: Primarina|Psychic Noise|p1a: Clodsire
|-supereffective|p1a: Clodsire
|-damage|p1a: Clodsire|29/100
|-start|p1a: Clodsire|move: Heal Block
|move|p1a: Clodsire|Toxic|p2a: Primarina
|-status|p2a: Primarina|tox
|
|-damage|p2a: Primarina|94/100 tox|[from] psn
|-damage|p1a: Clodsire|17/100|[from] move: Whirlpool|[partiallytrapped]
|upkeep
|turn|7
|
|t:|1776053083
|move|p1a: Clodsire|Protect|p1a: Clodsire
|-singleturn|p1a: Clodsire|Protect
|move|p2a: Primarina|Psychic Noise|p1a: Clodsire
|-activate|p1a: Clodsire|move: Protect
|
|-damage|p2a: Primarina|82/100 tox|[from] psn
|-damage|p1a: Clodsire|4/100|[from] move: Whirlpool|[partiallytrapped]
|-end|p1a: Clodsire|move: Heal Block
|upkeep
|turn|8
|
|t:|1776053097
|move|p2a: Primarina|Flip Turn|p1a: Clodsire
|-supereffective|p1a: Clodsire
|-damage|p1a: Clodsire|0 fnt
|faint|p1a: Clodsire
|
|t:|1776053101
|switch|p2a: Meowscarada|Meowscarada, F, shiny, tera:Grass|100/100|[from] Flip Turn
|
|upkeep
|-message|dasdadawdasdad forfeited.
|
|win|Skilwm
|raw|dasdadawdasdad's rating: 1226 &rarr; <strong>1197</strong><br />(-29 for losing)
|raw|Skilwm's rating: 1166 &rarr; <strong>1195</strong><br />(+29 for winning)
|l|☆dasdadawdasdad
|player|p1|
|l|☆Skilwm
|player|p2|
