|html|<div class="broadcast-blue"><strong>[Gen 9] OU is currently suspecting Tera Blast! For information on how to participate check out the <a href="https://www.smogon.com/tools/suspects/view/200">suspect thread</a>.</strong></div>
|j|☆Morthill
|j|☆keu2faire150
|t:|1776082625
|gametype|singles
|player|p1|Morthill|lucas|1401
|player|p2|keu2faire150|az|1363
|gen|9
|tier|[Gen 9] OU
|rated|
|rule|HP Percentage Mod: HP is shown in percentages
|rule|Endless Battle Clause: Forcing endless battles is banned
|rule|Species Clause: Limit one of each Pokémon
|rule|OHKO Clause: OHKO moves are banned
|rule|Evasion Items Clause: Evasion items are banned
|rule|Evasion Moves Clause: Evasion moves are banned
|rule|Evasion Abilities Clause: Evasion abilities are banned
|rule|Sleep Moves Clause: Sleep-inducing moves are banned
|clearpoke
|poke|p1|Heatran, M|
|poke|p1|Ninetales-Alola, M|
|poke|p1|Frosmoth, M|
|poke|p1|Kyurem|
|poke|p1|Avalugg, M|
|poke|p1|Cloyster, F|
|poke|p2|Araquanid, M|
|poke|p2|Mimikyu, M|
|poke|p2|Kingambit, M|
|poke|p2|Corviknight, M|
|poke|p2|Iron Moth|
|poke|p2|Iron Hands|
|teampreview
|inactive|Battle timer is ON: inactive players will automatically lose when time's up. (requested by Morthill)
|
|t:|1776082644
|teamsize|p1|6
|teamsize|p2|6
|start
|switch|p1a: Kyurem|Kyurem|100/100
|switch|p2a: Daron|Iron Hands|100/100
|-ability|p1a: Kyurem|Pressure
|turn|1
|
|t:|1776082658
|-terastallize|p1a: Kyurem|Ghost
|move|p1a: Kyurem|Psychic|p2a: Daron
|-supereffective|p2a: Daron
|-damage|p2a: Daron|27/100
|move|p2a: Daron|Drain Punch|p1a: Kyurem
|-immune|p1a: Kyurem
|
|-heal|p2a: Daron|34/100|[from] item: Leftovers
|upkeep
|turn|2
|
|t:|1776082672
|-end|p2a: Daron|Quark Drive|[silent]
|switch|p2a: HOHOHOHO|Corviknight, M, shiny|100/100
|-ability|p2a: HOHOHOHO|Pressure
|move|p1a: Kyurem|Psychic|p2a: HOHOHOHO
|-resisted|p2a: HOHOHOHO
|-damage|p2a: HOHOHOHO|84/100
|
|upkeep
|turn|3
|
|t:|1776082687
|switch|p1a: Cloyster|Cloyster, F|100/100
|switch|p2a: Kingambit|Kingambit, M, shiny|100/100
|
|upkeep
|turn|4
|
|t:|1776082702
|move|p1a: Cloyster|Shell Smash|p1a: Cloyster
|-unboost|p1a: Cloyster|def|1
|-unboost|p1a: Cloyster|spd|1
|-boost|p1a: Cloyster|atk|2
|-boost|p1a: Cloyster|spa|2
|-boost|p1a: Cloyster|spe|2
|-enditem|p1a: Cloyster|White Herb
|-clearnegativeboost|p1a: Cloyster|[silent]
|move|p2a: Kingambit|Swords Dance|p2a: Kingambit
|-boost|p2a: Kingambit|atk|2
|
|upkeep
|turn|5
|
|t:|1776082712
|move|p1a: Cloyster|Drill Run|p2a: Kingambit
|-supereffective|p2a: Kingambit
|-damage|p2a: Kingambit|25/100
|move|p2a: Kingambit|Kowtow Cleave|p1a: Cloyster
|-damage|p1a: Cloyster|17/100
|
|-heal|p2a: Kingambit|31/100|[from] item: Leftovers
|upkeep
|turn|6
|
|t:|1776082719
|move|p2a: Kingambit|Sucker Punch||[still]
|-fail|p2a: Kingambit
|move|p1a: Cloyster|Shell Smash|p1a: Cloyster
|-unboost|p1a: Cloyster|def|1
|-unboost|p1a: Cloyster|spd|1
|-boost|p1a: Cloyster|atk|2
|-boost|p1a: Cloyster|spa|2
|-boost|p1a: Cloyster|spe|2
|
|-heal|p2a: Kingambit|37/100|[from] item: Leftovers
|upkeep
|turn|7
|
|t:|1776082727
|move|p2a: Kingambit|Sucker Punch|p1a: Cloyster
|-damage|p1a: Cloyster|0 fnt
|faint|p1a: Cloyster
|
|-heal|p2a: Kingambit|44/100|[from] item: Leftovers
|upkeep
|
|t:|1776082731
|switch|p1a: Kyurem|Kyurem, tera:Ghost|100/100
|-ability|p1a: Kyurem|Pressure
|turn|8
|
|t:|1776082736
|switch|p1a: Avalugg|Avalugg, M|100/100
|move|p2a: Kingambit|Sucker Punch||[still]
|-fail|p2a: Kingambit
|
|-heal|p2a: Kingambit|50/100|[from] item: Leftovers
|upkeep
|turn|9
|
|t:|1776082746
|move|p2a: Kingambit|Iron Head|p1a: Avalugg
|-supereffective|p1a: Avalugg
|-damage|p1a: Avalugg|24/100
|-damage|p2a: Kingambit|33/100|[from] item: Rocky Helmet|[of] p1a: Avalugg
|move|p1a: Avalugg|Body Press|p2a: Kingambit
|-supereffective|p2a: Kingambit
|-damage|p2a: Kingambit|0 fnt
|faint|p2a: Kingambit
|-end|p2a: Kingambit|fallenundefined|[silent]
|
|upkeep
|
|t:|1776082754
|switch|p2a: Beru|Iron Moth|100/100
|-enditem|p2a: Beru|Booster Energy
|-activate|p2a: Beru|ability: Quark Drive|[fromitem]
|-start|p2a: Beru|quarkdrivespe
|turn|10
|
|t:|1776082764
|switch|p1a: Heatran|Heatran, M|100/100
|move|p2a: Beru|Psychic|p1a: Heatran
|-resisted|p1a: Heatran
|-damage|p1a: Heatran|85/100
|
|upkeep
|turn|11
|
|t:|1776082775
|-end|p2a: Beru|Quark Drive|[silent]
|switch|p2a: Force|Araquanid, M, shiny|100/100
|move|p1a: Heatran|Magma Storm|p2a: Force
|-damage|p2a: Force|78/100
|-activate|p2a: Force|move: Magma Storm|[of] p1a: Heatran
|
|-damage|p2a: Force|66/100|[from] move: Magma Storm|[partiallytrapped]
|upkeep
|turn|12
|
|t:|1776082784
|switch|p1a: Kyurem|Kyurem, tera:Ghost|100/100
|-ability|p1a: Kyurem|Pressure
|move|p2a: Force|Liquidation|p1a: Kyurem
|-damage|p1a: Kyurem|28/100
|
|-end|p2a: Force|Magma Storm|[partiallytrapped]|[silent]
|upkeep
|turn|13
|
|t:|1776082796
|switch|p2a: HOHOHOHO|Corviknight, M, shiny|84/100
|-ability|p2a: HOHOHOHO|Pressure
|move|p1a: Kyurem|Freeze-Dry|p2a: HOHOHOHO
|-damage|p2a: HOHOHOHO|45/100
|
|upkeep
|turn|14
|
|t:|1776082806
|move|p1a: Kyurem|Freeze-Dry|p2a: HOHOHOHO
|-damage|p2a: HOHOHOHO|7/100
|move|p2a: HOHOHOHO|Roost|p2a: HOHOHOHO
|-heal|p2a: HOHOHOHO|57/100
|-singleturn|p2a: HOHOHOHO|move: Roost
|
|upkeep
|turn|15
|
|t:|1776082812
|switch|p1a: Heatran|Heatran, M|85/100
|move|p2a: HOHOHOHO|Roost|p2a: HOHOHOHO
|-heal|p2a: HOHOHOHO|100/100
|-singleturn|p2a: HOHOHOHO|move: Roost
|
|upkeep
|turn|16
|
|t:|1776082819
|switch|p2a: Force|Araquanid, M, shiny|66/100
|move|p1a: Heatran|Magma Storm|p2a: Force
|-damage|p2a: Force|44/100
|-activate|p2a: Force|move: Magma Storm|[of] p1a: Heatran
|
|-damage|p2a: Force|31/100|[from] move: Magma Storm|[partiallytrapped]
|upkeep
|turn|17
|
|t:|1776082828
|move|p1a: Heatran|Magma Storm|p2a: Force
|-damage|p2a: Force|7/100
|move|p2a: Force|Liquidation|p1a: Heatran
|-supereffective|p1a: Heatran
|-damage|p1a: Heatran|0 fnt
|faint|p1a: Heatran
|
|-end|p2a: Force|Magma Storm|[partiallytrapped]|[silent]
|upkeep
|
|t:|1776082832
|switch|p1a: Ninetales|Ninetales-Alola, M, shiny|100/100
|-weather|Snowscape|[from] ability: Snow Warning|[of] p1a: Ninetales
|turn|18
|
|t:|1776082848
|switch|p2a: HOHOHOHO|Corviknight, M, shiny|100/100
|-ability|p2a: HOHOHOHO|Pressure
|move|p1a: Ninetales|Aurora Veil|p1a: Ninetales
|-sidestart|p1: Morthill|move: Aurora Veil
|
|-weather|Snowscape|[upkeep]
|upkeep
|turn|19
|
|t:|1776082857
|switch|p1a: Frosmoth|Frosmoth, M, shiny|100/100
|move|p2a: HOHOHOHO|Iron Defense|p2a: HOHOHOHO
|-boost|p2a: HOHOHOHO|def|2
|
|-weather|Snowscape|[upkeep]
|upkeep
|turn|20
|
|t:|1776082863
|move|p1a: Frosmoth|Ice Beam|p2a: HOHOHOHO
|-crit|p2a: HOHOHOHO
|-damage|p2a: HOHOHOHO|31/100
|move|p2a: HOHOHOHO|Iron Defense|p2a: HOHOHOHO
|-boost|p2a: HOHOHOHO|def|2
|
|-weather|Snowscape|[upkeep]
|upkeep
|turn|21
|
|t:|1776082872
|switch|p2a: Force|Araquanid, M, shiny|7/100
|move|p1a: Frosmoth|Ice Beam|p2a: Force
|-resisted|p2a: Force
|-damage|p2a: Force|0 fnt
|faint|p2a: Force
|
|-weather|Snowscape|[upkeep]
|upkeep
|
|t:|1776082880
|switch|p2a: Beru|Iron Moth|100/100
|turn|22
|
|t:|1776082886
|move|p2a: Beru|Fiery Dance|p1a: Frosmoth
|-supereffective|p1a: Frosmoth
|-crit|p1a: Frosmoth
|-damage|p1a: Frosmoth|0 fnt
|-boost|p2a: Beru|spa|1
|faint|p1a: Frosmoth
|
|-weather|none
|upkeep
|
|t:|1776082888
|switch|p1a: Kyurem|Kyurem, tera:Ghost|28/100
|-ability|p1a: Kyurem|Pressure
|turn|23
|
|t:|1776082898
|move|p1a: Kyurem|Earth Power|p2a: Beru
|-supereffective|p2a: Beru
|-damage|p2a: Beru|0 fnt
|faint|p2a: Beru
|-end|p2a: Beru|Quark Drive|[silent]
|
|upkeep
|
|t:|1776082906
|switch|p2a: Cleaner|Mimikyu, M, shiny|100/100
|turn|24
|
|t:|1776082909
|switch|p1a: Ninetales|Ninetales-Alola, M, shiny|100/100
|-weather|Snowscape|[from] ability: Snow Warning|[of] p1a: Ninetales
|move|p2a: Cleaner|Shadow Sneak|p1a: Ninetales
|-damage|p1a: Ninetales|91/100
|-damage|p2a: Cleaner|91/100|[from] item: Life Orb
|
|-weather|Snowscape|[upkeep]
|upkeep
|turn|25
|
|t:|1776082917
|move|p1a: Ninetales|Blizzard|p2a: Cleaner
|-activate|p2a: Cleaner|ability: Disguise
|-damage|p2a: Cleaner|91/100
|detailschange|p2a: Cleaner|Mimikyu-Busted, M, shiny
|-damage|p2a: Cleaner|78/100|[from] pokemon: Mimikyu-Busted
|move|p2a: Cleaner|Swords Dance|p2a: Cleaner
|-boost|p2a: Cleaner|atk|2
|
|-weather|Snowscape|[upkeep]
|-sideend|p1: Morthill|move: Aurora Veil
|upkeep
|turn|26
|
|t:|1776082926
|move|p1a: Ninetales|Aurora Veil|p1a: Ninetales
|-sidestart|p1: Morthill|move: Aurora Veil
|move|p2a: Cleaner|Shadow Claw|p1a: Ninetales
|-damage|p1a: Ninetales|61/100
|-damage|p2a: Cleaner|68/100|[from] item: Life Orb
|
|-weather|Snowscape|[upkeep]
|upkeep
|turn|27
|
|t:|1776082933
|move|p1a: Ninetales|Blizzard|p2a: Cleaner
|-damage|p2a: Cleaner|26/100
|move|p2a: Cleaner|Shadow Claw|p1a: Ninetales
|-damage|p1a: Ninetales|29/100
|-damage|p2a: Cleaner|16/100|[from] item: Life Orb
|
|-weather|Snowscape|[upkeep]
|upkeep
|turn|28
|
|t:|1776082941
|move|p2a: Cleaner|Shadow Sneak|p1a: Ninetales
|-damage|p1a: Ninetales|9/100
|-damage|p2a: Cleaner|6/100|[from] item: Life Orb
|move|p1a: Ninetales|Blizzard|p2a: Cleaner
|-damage|p2a: Cleaner|0 fnt
|faint|p2a: Cleaner
|
|-weather|none
|upkeep
|
|t:|1776082951
|switch|p2a: Daron|Iron Hands|34/100
|turn|29
|
|t:|1776082957
|move|p1a: Ninetales|Snowscape|p1a: Ninetales
|-weather|Snowscape
|move|p2a: Daron|Thunder Punch|p1a: Ninetales
|-damage|p1a: Ninetales|0 fnt
|faint|p1a: Ninetales
|
|-weather|Snowscape|[upkeep]
|-heal|p2a: Daron|40/100|[from] item: Leftovers
|upkeep
|
|t:|1776082968
|switch|p1a: Avalugg|Avalugg, M|24/100
|turn|30
|
|t:|1776082972
|move|p2a: Daron|Drain Punch|p1a: Avalugg
|-supereffective|p1a: Avalugg
|-damage|p1a: Avalugg|12/100
|-heal|p2a: Daron|45/100|[from] drain|[of] p1a: Avalugg
|-damage|p2a: Daron|29/100|[from] item: Rocky Helmet|[of] p1a: Avalugg
|move|p1a: Avalugg|Recover|p1a: Avalugg
|-heal|p1a: Avalugg|62/100
|
|-weather|Snowscape|[upkeep]
|-heal|p2a: Daron|35/100|[from] item: Leftovers
|upkeep
|turn|31
|
|t:|1776082982
|-end|p2a: Daron|Quark Drive|[silent]
|switch|p2a: HOHOHOHO|Corviknight, M, shiny|31/100
|-ability|p2a: HOHOHOHO|Pressure
|move|p1a: Avalugg|Iron Defense|p1a: Avalugg
|-boost|p1a: Avalugg|def|2
|
|-weather|Snowscape|[upkeep]
|upkeep
|turn|32
|
|t:|1776082989
|move|p2a: HOHOHOHO|Iron Defense|p2a: HOHOHOHO
|-boost|p2a: HOHOHOHO|def|2
|move|p1a: Avalugg|Body Press|p2a: HOHOHOHO
|-damage|p2a: HOHOHOHO|7/100
|-damage|p1a: Avalugg|46/100|[from] item: Rocky Helmet|[of] p2a: HOHOHOHO
|
|-weather|Snowscape|[upkeep]
|upkeep
|turn|33
|
|t:|1776082997
|move|p2a: HOHOHOHO|Roost|p2a: HOHOHOHO
|-heal|p2a: HOHOHOHO|57/100
|-singleturn|p2a: HOHOHOHO|move: Roost
|move|p1a: Avalugg|Body Press|p2a: HOHOHOHO
|-supereffective|p2a: HOHOHOHO
|-damage|p2a: HOHOHOHO|13/100
|-damage|p1a: Avalugg|29/100|[from] item: Rocky Helmet|[of] p2a: HOHOHOHO
|
|-weather|none
|-sideend|p1: Morthill|move: Aurora Veil
|upkeep
|turn|34
|
|t:|1776083008
|-terastallize|p2a: HOHOHOHO|Flying
|move|p2a: HOHOHOHO|Roost|p2a: HOHOHOHO
|-heal|p2a: HOHOHOHO|63/100
|-hint|If a Terastallized Pokemon uses Roost, it remains Flying-type.
|move|p1a: Avalugg|Recover|p1a: Avalugg
|-heal|p1a: Avalugg|79/100
|
|upkeep
|turn|35
|
|t:|1776083015
|move|p2a: HOHOHOHO|Iron Defense|p2a: HOHOHOHO
|-boost|p2a: HOHOHOHO|def|2
|move|p1a: Avalugg|Iron Defense|p1a: Avalugg
|-boost|p1a: Avalugg|def|2
|
|upkeep
|turn|36
|
|t:|1776083019
|move|p2a: HOHOHOHO|Iron Defense|p2a: HOHOHOHO
|-boost|p2a: HOHOHOHO|def|2
|move|p1a: Avalugg|Iron Defense|p1a: Avalugg
|-boost|p1a: Avalugg|def|2
|
|upkeep
|turn|37
|
|t:|1776083024
|move|p2a: HOHOHOHO|Body Press|p1a: Avalugg
|-supereffective|p1a: Avalugg
|-damage|p1a: Avalugg|59/100
|-damage|p2a: HOHOHOHO|46/100|[from] item: Rocky Helmet|[of] p1a: Avalugg
|move|p1a: Avalugg|Body Press|p2a: HOHOHOHO
|-resisted|p2a: HOHOHOHO
|-damage|p2a: HOHOHOHO|34/100
|-damage|p1a: Avalugg|43/100|[from] item: Rocky Helmet|[of] p2a: HOHOHOHO
|
|upkeep
|turn|38
|
|t:|1776083034
|move|p2a: HOHOHOHO|Roost|p2a: HOHOHOHO
|-heal|p2a: HOHOHOHO|84/100
|-hint|If a Terastallized Pokemon uses Roost, it remains Flying-type.
|move|p1a: Avalugg|Recover|p1a: Avalugg
|-heal|p1a: Avalugg|93/100
|
|upkeep
|turn|39
|
|t:|1776083044
|move|p2a: HOHOHOHO|Body Press|p1a: Avalugg
|-supereffective|p1a: Avalugg
|-crit|p1a: Avalugg
|-damage|p1a: Avalugg|0 fnt
|-damage|p2a: HOHOHOHO|68/100|[from] item: Rocky Helmet|[of] p1a: Avalugg
|faint|p1a: Avalugg
|
|upkeep
|
|t:|1776083046
|switch|p1a: Kyurem|Kyurem, tera:Ghost|28/100
|-ability|p1a: Kyurem|Pressure
|turn|40
|
|t:|1776083056
|move|p1a: Kyurem|Freeze-Dry|p2a: HOHOHOHO
|-supereffective|p2a: HOHOHOHO
|-damage|p2a: HOHOHOHO|0 fnt
|faint|p2a: HOHOHOHO
|
|upkeep
|
|t:|1776083061
|switch|p2a: Daron|Iron Hands|35/100
|turn|41
|
|t:|1776083064
|move|p1a: Kyurem|Freeze-Dry|p2a: Daron
|-damage|p2a: Daron|0 fnt
|faint|p2a: Daron
|-end|p2a: Daron|Quark Drive|[silent]
|
|win|Morthill
|raw|Morthill's rating: 1401 &rarr; <strong>1419</strong><br />(+18 for winning)
|raw|keu2faire150's rating: 1363 &rarr; <strong>1345</strong><br />(-18 for losing)
|l|☆Morthill
|player|p1|
