|html|<div class="broadcast-blue"><strong>[Gen 9] OU is currently suspecting Tera Blast! For information on how to participate check out the <a href="https://www.smogon.com/tools/suspects/view/200">suspect thread</a>.</strong></div>
|badge|p2|silver|gen9ou|30-9
|uhtml|medal-msg|<div class="broadcast-blue">Curious what those medals under the avatar are? PS now has Ladder Seasons! For more information, check out the <a href="https://www.smogon.com/forums/threads/3740067/">thread on Smogon.</a></div>
|j|☆kshuaib734
|j|☆sv gurt
|t:|1776032055
|gametype|singles
|player|p1|kshuaib734|steven|1706
|player|p2|sv gurt|bugsy-masters|1862
|gen|9
|tier|[Gen 9] OU
|rated|
|rule|HP Percentage Mod: HP is shown in percentages
|rule|Endless Battle Clause: Forcing endless battles is banned
|rule|Species Clause: Limit one of each Pokémon
|rule|OHKO Clause: OHKO moves are banned
|rule|Evasion Items Clause: Evasion items are banned
|rule|Evasion Moves Clause: Evasion moves are banned
|rule|Evasion Abilities Clause: Evasion abilities are banned
|rule|Sleep Moves Clause: Sleep-inducing moves are banned
|clearpoke
|poke|p1|Tyranitar, M|
|poke|p1|Zapdos|
|poke|p1|Pelipper, M|
|poke|p1|Quaquaval, F|
|poke|p1|Kingdra, F|
|poke|p1|Excadrill, M|
|poke|p2|Landorus-Therian, M|
|poke|p2|Corviknight, M|
|poke|p2|Mandibuzz, F|
|poke|p2|Enamorus, F|
|poke|p2|Zapdos-Galar|
|poke|p2|Gyarados, M|
|teampreview
|inactive|Battle timer is ON: inactive players will automatically lose when time's up. (requested by kshuaib734)
|inactive|sv gurt has 120 seconds left.
|
|t:|1776032093
|teamsize|p1|6
|teamsize|p2|6
|start
|switch|p1a: King Tyrant|Tyranitar, M|100/100
|switch|p2a: Landorus|Landorus-Therian, M|100/100
|-ability|p2a: Landorus|Intimidate|boost
|-unboost|p1a: King Tyrant|atk|1
|-weather|Sandstorm|[from] ability: Sand Stream|[of] p1a: King Tyrant
|turn|1
|
|t:|1776032101
|move|p2a: Landorus|U-turn|p1a: King Tyrant
|-supereffective|p1a: King Tyrant
|-damage|p1a: King Tyrant|46/100
|-enditem|p1a: King Tyrant|Weakness Policy
|-boost|p1a: King Tyrant|atk|2|[from] item: Weakness Policy
|-boost|p1a: King Tyrant|spa|2|[from] item: Weakness Policy
|j| volbeatluvr
|inactive|sv gurt has 120 seconds left.
|
|t:|1776032153
|switch|p2a: Corviknight|Corviknight, M|100/100|[from] U-turn
|-ability|p2a: Corviknight|Pressure
|move|p1a: King Tyrant|Ice Beam|p2a: Corviknight
|-damage|p2a: Corviknight|70/100
|
|-weather|Sandstorm|[upkeep]
|-heal|p2a: Corviknight|76/100|[from] item: Leftovers
|upkeep
|turn|2
|
|t:|1776032164
|-terastallize|p1a: King Tyrant|Ghost
|move|p2a: Corviknight|Iron Head|p1a: King Tyrant
|-damage|p1a: King Tyrant|31/100
|move|p1a: King Tyrant|Stealth Rock|p2a: Corviknight
|-sidestart|p2: sv gurt|move: Stealth Rock
|
|-weather|Sandstorm|[upkeep]
|-damage|p1a: King Tyrant|25/100|[from] Sandstorm
|-heal|p2a: Corviknight|82/100|[from] item: Leftovers
|upkeep
|turn|3
|inactive|sv gurt has 120 seconds left.
|
|t:|1776032175
|move|p2a: Corviknight|Defog|p1a: King Tyrant
|-unboost|p1a: King Tyrant|evasion|1
|-sideend|p2: sv gurt|Stealth Rock|[from] move: Defog|[of] p2a: Corviknight
|move|p1a: King Tyrant|Thunderbolt|p2a: Corviknight
|-supereffective|p2a: Corviknight
|-damage|p2a: Corviknight|25/100
|
|-weather|Sandstorm|[upkeep]
|-damage|p1a: King Tyrant|19/100|[from] Sandstorm
|-heal|p2a: Corviknight|32/100|[from] item: Leftovers
|upkeep
|turn|4
|inactive|sv gurt has 120 seconds left.
|
|t:|1776032185
|move|p2a: Corviknight|Roost|p2a: Corviknight
|-heal|p2a: Corviknight|82/100
|-singleturn|p2a: Corviknight|move: Roost
|move|p1a: King Tyrant|Stealth Rock|p2a: Corviknight
|-sidestart|p2: sv gurt|move: Stealth Rock
|
|-weather|Sandstorm|[upkeep]
|-damage|p1a: King Tyrant|13/100|[from] Sandstorm
|-heal|p2a: Corviknight|88/100|[from] item: Leftovers
|upkeep
|turn|5
|
|t:|1776032195
|move|p2a: Corviknight|Defog|p1a: King Tyrant
|-unboost|p1a: King Tyrant|evasion|1
|-sideend|p2: sv gurt|Stealth Rock|[from] move: Defog|[of] p2a: Corviknight
|move|p1a: King Tyrant|Thunderbolt|p2a: Corviknight
|-supereffective|p2a: Corviknight
|-damage|p2a: Corviknight|30/100
|
|-weather|none
|-heal|p2a: Corviknight|37/100|[from] item: Leftovers
|upkeep
|turn|6
|
|t:|1776032207
|switch|p1a: Tyrant's Downpour|Pelipper, M|100/100
|-weather|RainDance|[from] ability: Drizzle|[of] p1a: Tyrant's Downpour
|move|p2a: Corviknight|Iron Head|p1a: Tyrant's Downpour
|-resisted|p1a: Tyrant's Downpour
|-damage|p1a: Tyrant's Downpour|92/100
|
|-weather|RainDance|[upkeep]
|-heal|p2a: Corviknight|43/100|[from] item: Leftovers
|upkeep
|turn|7
|
|t:|1776032216
|move|p2a: Corviknight|Roost|p2a: Corviknight
|-heal|p2a: Corviknight|93/100
|-singleturn|p2a: Corviknight|move: Roost
|move|p1a: Tyrant's Downpour|U-turn|p2a: Corviknight
|-resisted|p2a: Corviknight
|-damage|p2a: Corviknight|89/100
|
|t:|1776032225
|switch|p1a: Tyrant's Enforcer|Zapdos|100/100|[from] U-turn
|
|-weather|RainDance|[upkeep]
|-heal|p2a: Corviknight|95/100|[from] item: Leftovers
|upkeep
|turn|8
|
|t:|1776032231
|move|p1a: Tyrant's Enforcer|Weather Ball|p2a: Corviknight
|-damage|p2a: Corviknight|43/100
|move|p2a: Corviknight|U-turn|p1a: Tyrant's Enforcer
|-resisted|p1a: Tyrant's Enforcer
|-damage|p1a: Tyrant's Enforcer|92/100
|
|t:|1776032237
|switch|p2a: Gyarados|Gyarados, M|100/100|[from] U-turn
|
|-weather|RainDance|[upkeep]
|upkeep
|turn|9
|
|t:|1776032241
|move|p1a: Tyrant's Enforcer|Weather Ball|p2a: Gyarados
|-resisted|p2a: Gyarados
|-damage|p2a: Gyarados|63/100
|move|p2a: Gyarados|Dragon Dance|p2a: Gyarados
|-boost|p2a: Gyarados|atk|1
|-boost|p2a: Gyarados|spe|1
|
|-weather|RainDance|[upkeep]
|-heal|p2a: Gyarados|69/100|[from] item: Leftovers
|upkeep
|turn|10
|
|t:|1776032249
|move|p2a: Gyarados|Dragon Dance|p2a: Gyarados
|-boost|p2a: Gyarados|atk|1
|-boost|p2a: Gyarados|spe|1
|move|p1a: Tyrant's Enforcer|Weather Ball|p2a: Gyarados
|-resisted|p2a: Gyarados
|-damage|p2a: Gyarados|29/100
|
|-weather|RainDance|[upkeep]
|-heal|p2a: Gyarados|35/100|[from] item: Leftovers
|upkeep
|turn|11
|
|t:|1776032257
|move|p2a: Gyarados|Waterfall|p1a: Tyrant's Enforcer
|-damage|p1a: Tyrant's Enforcer|0 fnt
|faint|p1a: Tyrant's Enforcer
|-ability|p2a: Gyarados|Moxie|boost
|-boost|p2a: Gyarados|atk|1
|
|-weather|RainDance|[upkeep]
|-heal|p2a: Gyarados|41/100|[from] item: Leftovers
|upkeep
|
|t:|1776032265
|switch|p1a: Tyrant's Vengeance|Kingdra, F|100/100
|turn|12
|
|t:|1776032269
|move|p2a: Gyarados|Substitute|p2a: Gyarados
|-start|p2a: Gyarados|Substitute
|-damage|p2a: Gyarados|17/100
|move|p1a: Tyrant's Vengeance|Weather Ball|p2a: Gyarados
|-resisted|p2a: Gyarados
|-end|p2a: Gyarados|Substitute
|
|-weather|RainDance|[upkeep]
|-heal|p2a: Gyarados|23/100|[from] item: Leftovers
|upkeep
|turn|13
|
|t:|1776032277
|-terastallize|p2a: Gyarados|Flying
|move|p2a: Gyarados|Tera Blast|p1a: Tyrant's Vengeance|[anim] Tera Blast Flying
|-damage|p1a: Tyrant's Vengeance|0 fnt
|faint|p1a: Tyrant's Vengeance
|-ability|p2a: Gyarados|Moxie|boost
|-boost|p2a: Gyarados|atk|1
|
|-weather|none
|-heal|p2a: Gyarados|29/100|[from] item: Leftovers
|upkeep
|
|t:|1776032285
|switch|p1a: Tyrant's Endgame|Quaquaval, F|100/100
|turn|14
|
|t:|1776032293
|switch|p2a: Mandibuzz|Mandibuzz, F|100/100
|move|p1a: Tyrant's Endgame|Aqua Jet|p2a: Mandibuzz
|-damage|p2a: Mandibuzz|85/100
|-damage|p1a: Tyrant's Endgame|91/100|[from] item: Life Orb
|
|upkeep
|turn|15
|
|t:|1776032301
|switch|p1a: Tyrant's Downpour|Pelipper, M|92/100
|-weather|RainDance|[from] ability: Drizzle|[of] p1a: Tyrant's Downpour
|move|p2a: Mandibuzz|Toxic|p1a: Tyrant's Downpour|[miss]
|-miss|p2a: Mandibuzz|p1a: Tyrant's Downpour
|
|-weather|RainDance|[upkeep]
|upkeep
|turn|16
|
|t:|1776032308
|move|p2a: Mandibuzz|Iron Defense|p2a: Mandibuzz
|-boost|p2a: Mandibuzz|def|2
|move|p1a: Tyrant's Downpour|Weather Ball|p2a: Mandibuzz
|-crit|p2a: Mandibuzz
|-damage|p2a: Mandibuzz|21/100
|
|-weather|RainDance|[upkeep]
|upkeep
|turn|17
|
|t:|1776032315
|move|p2a: Mandibuzz|Roost|p2a: Mandibuzz
|-heal|p2a: Mandibuzz|71/100
|-singleturn|p2a: Mandibuzz|move: Roost
|move|p1a: Tyrant's Downpour|Weather Ball|p2a: Mandibuzz
|-damage|p2a: Mandibuzz|29/100
|
|-weather|RainDance|[upkeep]
|upkeep
|turn|18
|
|t:|1776032323
|move|p2a: Mandibuzz|Roost|p2a: Mandibuzz
|-heal|p2a: Mandibuzz|79/100
|-singleturn|p2a: Mandibuzz|move: Roost
|move|p1a: Tyrant's Downpour|Hurricane|p2a: Mandibuzz
|-damage|p2a: Mandibuzz|47/100
|
|-weather|RainDance|[upkeep]
|upkeep
|turn|19
|
|t:|1776032331
|move|p2a: Mandibuzz|Roost|p2a: Mandibuzz
|-heal|p2a: Mandibuzz|97/100
|-singleturn|p2a: Mandibuzz|move: Roost
|move|p1a: Tyrant's Downpour|Hurricane|p2a: Mandibuzz
|-damage|p2a: Mandibuzz|64/100
|
|-weather|RainDance|[upkeep]
|upkeep
|turn|20
|
|t:|1776032338
|move|p2a: Mandibuzz|Toxic|p1a: Tyrant's Downpour
|-status|p1a: Tyrant's Downpour|tox
|move|p1a: Tyrant's Downpour|Hurricane|p2a: Mandibuzz
|-damage|p2a: Mandibuzz|30/100
|
|-weather|RainDance|[upkeep]
|-damage|p1a: Tyrant's Downpour|86/100 tox|[from] psn
|upkeep
|turn|21
|
|t:|1776032347
|move|p2a: Mandibuzz|Roost|p2a: Mandibuzz
|-heal|p2a: Mandibuzz|80/100
|-singleturn|p2a: Mandibuzz|move: Roost
|move|p1a: Tyrant's Downpour|U-turn|p2a: Mandibuzz
|-supereffective|p2a: Mandibuzz
|-damage|p2a: Mandibuzz|74/100
|
|t:|1776032353
|switch|p1a: King Tyrant|Tyranitar, M, tera:Ghost|13/100|[from] U-turn
|-weather|Sandstorm|[from] ability: Sand Stream|[of] p1a: King Tyrant
|
|-weather|Sandstorm|[upkeep]
|-damage|p1a: King Tyrant|6/100|[from] Sandstorm
|upkeep
|turn|22
|
|t:|1776032360
|move|p2a: Mandibuzz|Foul Play|p1a: King Tyrant
|-supereffective|p1a: King Tyrant
|-damage|p1a: King Tyrant|0 fnt
|faint|p1a: King Tyrant
|
|-weather|Sandstorm|[upkeep]
|upkeep
|
|t:|1776032367
|switch|p1a: Tyrant's Downpour|Pelipper, M|86/100 tox
|-weather|RainDance|[from] ability: Drizzle|[of] p1a: Tyrant's Downpour
|turn|23
|
|t:|1776032374
|move|p2a: Mandibuzz|Foul Play|p1a: Tyrant's Downpour
|-damage|p1a: Tyrant's Downpour|72/100 tox
|move|p1a: Tyrant's Downpour|Weather Ball|p2a: Mandibuzz
|-damage|p2a: Mandibuzz|27/100
|
|-weather|RainDance|[upkeep]
|-damage|p1a: Tyrant's Downpour|66/100 tox|[from] psn
|upkeep
|turn|24
|
|t:|1776032382
|move|p2a: Mandibuzz|Roost|p2a: Mandibuzz
|-heal|p2a: Mandibuzz|77/100
|-singleturn|p2a: Mandibuzz|move: Roost
|move|p1a: Tyrant's Downpour|Weather Ball|p2a: Mandibuzz
|-damage|p2a: Mandibuzz|34/100
|
|-weather|RainDance|[upkeep]
|-damage|p1a: Tyrant's Downpour|53/100 tox|[from] psn
|upkeep
|turn|25
|
|t:|1776032408
|move|p2a: Mandibuzz|Roost|p2a: Mandibuzz
|-heal|p2a: Mandibuzz|84/100
|-singleturn|p2a: Mandibuzz|move: Roost
|move|p1a: Tyrant's Downpour|U-turn|p2a: Mandibuzz
|-supereffective|p2a: Mandibuzz
|-damage|p2a: Mandibuzz|79/100
|
|t:|1776032421
|switch|p1a: Tyrant's Endgame|Quaquaval, F|91/100|[from] U-turn
|
|-weather|RainDance|[upkeep]
|upkeep
|turn|26
|
|t:|1776032440
|switch|p1a: Tyrant's Legacy|Excadrill, M|100/100
|move|p2a: Mandibuzz|Foul Play|p1a: Tyrant's Legacy
|-damage|p1a: Tyrant's Legacy|16/100
|
|-weather|RainDance|[upkeep]
|upkeep
|turn|27
|
|t:|1776032448
|move|p1a: Tyrant's Legacy|Iron Head|p2a: Mandibuzz
|-damage|p2a: Mandibuzz|62/100
|-damage|p1a: Tyrant's Legacy|6/100|[from] item: Life Orb
|move|p2a: Mandibuzz|Foul Play|p1a: Tyrant's Legacy
|-damage|p1a: Tyrant's Legacy|0 fnt
|faint|p1a: Tyrant's Legacy
|
|-weather|RainDance|[upkeep]
|upkeep
|
|t:|1776032455
|switch|p1a: Tyrant's Downpour|Pelipper, M|53/100 tox
|turn|28
|inactive|sv gurt has 120 seconds left.
|
|t:|1776032488
|move|p2a: Mandibuzz|Foul Play|p1a: Tyrant's Downpour
|-damage|p1a: Tyrant's Downpour|39/100 tox
|move|p1a: Tyrant's Downpour|Weather Ball|p2a: Mandibuzz
|-crit|p2a: Mandibuzz
|-damage|p2a: Mandibuzz|0 fnt
|faint|p2a: Mandibuzz
|
|-weather|RainDance|[upkeep]
|-damage|p1a: Tyrant's Downpour|33/100 tox|[from] psn
|upkeep
|
|t:|1776032492
|switch|p2a: Zapdos|Zapdos-Galar|100/100
|turn|29
|
|t:|1776032501
|move|p2a: Zapdos|Brave Bird|p1a: Tyrant's Downpour
|-damage|p1a: Tyrant's Downpour|0 fnt
|faint|p1a: Tyrant's Downpour
|-damage|p2a: Zapdos|90/100|[from] Recoil
|
|-weather|RainDance|[upkeep]
|upkeep
|-message|kshuaib734 forfeited.
|
|win|sv gurt
|raw|kshuaib734's rating: 1706 &rarr; <strong>1696</strong><br />(-10 for losing)
|raw|sv gurt's rating: 1892 &rarr; <strong>1902</strong><br />(+10 for winning)
|l|☆kshuaib734
|player|p1|
|l|☆sv gurt
|player|p2|
|l| volbeatluvr
