|html|<div class="broadcast-blue"><strong>[Gen 9] OU is currently suspecting Tera Blast! For information on how to participate check out the <a href="https://www.smogon.com/tools/suspects/view/200">suspect thread</a>.</strong></div>
|j|☆sharkerthantheteal
|j|☆kn1feprty
|t:|1776343529
|gametype|singles
|player|p1|sharkerthantheteal|cynthia-gen4|1163
|player|p2|kn1feprty|gambler|1126
|gen|9
|tier|[Gen 9] OU
|rated|
|rule|HP Percentage Mod: HP is shown in percentages
|rule|Endless Battle Clause: Forcing endless battles is banned
|rule|Species Clause: Limit one of each Pokémon
|rule|OHKO Clause: OHKO moves are banned
|rule|Evasion Items Clause: Evasion items are banned
|rule|Evasion Moves Clause: Evasion moves are banned
|rule|Evasion Abilities Clause: Evasion abilities are banned
|rule|Sleep Moves Clause: Sleep-inducing moves are banned
|clearpoke
|poke|p1|Cetitan, M|
|poke|p1|Ninetales-Alola, M|
|poke|p1|Hariyama, F|
|poke|p1|Dragapult, M|
|poke|p1|Iron Valiant|
|poke|p1|Gholdengo|
|poke|p2|Ogerpon-Wellspring, F|
|poke|p2|Pecharunt|
|poke|p2|Great Tusk|
|poke|p2|Iron Crown|
|poke|p2|Landorus-Therian, M|
|poke|p2|Samurott-Hisui, F|
|teampreview
|inactive|Battle timer is ON: inactive players will automatically lose when time's up. (requested by kn1feprty)
|
|t:|1776343535
|teamsize|p1|6
|teamsize|p2|6
|start
|switch|p1a: Gholdengo|Gholdengo|100/100
|switch|p2a: Great Tusk|Great Tusk|100/100
|-enditem|p2a: Great Tusk|Booster Energy
|-activate|p2a: Great Tusk|ability: Protosynthesis|[fromitem]
|-start|p2a: Great Tusk|protosynthesisspe
|turn|1
|
|t:|1776343545
|move|p2a: Great Tusk|Knock Off|p1a: Gholdengo
|-supereffective|p1a: Gholdengo
|-damage|p1a: Gholdengo|41/100
|-enditem|p1a: Gholdengo|Choice Scarf|[from] move: Knock Off|[of] p2a: Great Tusk
|move|p1a: Gholdengo|Trick||[still]
|-fail|p1a: Gholdengo
|
|upkeep
|turn|2
|
|t:|1776343557
|move|p2a: Great Tusk|Stealth Rock|p1a: Gholdengo
|-sidestart|p1: sharkerthantheteal|move: Stealth Rock
|move|p1a: Gholdengo|Make It Rain|p2a: Great Tusk
|-damage|p2a: Great Tusk|20/100
|-unboost|p1a: Gholdengo|spa|1
|
|upkeep
|turn|3
|
|t:|1776343565
|move|p2a: Great Tusk|Knock Off|p1a: Gholdengo
|-supereffective|p1a: Gholdengo
|-damage|p1a: Gholdengo|0 fnt
|faint|p1a: Gholdengo
|
|upkeep
|
|t:|1776343570
|switch|p1a: Ninetales|Ninetales-Alola, M|100/100
|-damage|p1a: Ninetales|76/100|[from] Stealth Rock
|-weather|Snowscape|[from] ability: Snow Warning|[of] p1a: Ninetales
|turn|4
|
|t:|1776343575
|move|p2a: Great Tusk|Headlong Rush|p1a: Ninetales
|-damage|p1a: Ninetales|31/100
|-unboost|p2a: Great Tusk|def|1
|-unboost|p2a: Great Tusk|spd|1
|move|p1a: Ninetales|Aurora Veil|p1a: Ninetales
|-sidestart|p1: sharkerthantheteal|move: Aurora Veil
|
|-weather|Snowscape|[upkeep]
|upkeep
|turn|5
|
|t:|1776343582
|move|p2a: Great Tusk|Knock Off|p1a: Ninetales
|-resisted|p1a: Ninetales
|-damage|p1a: Ninetales|24/100
|-enditem|p1a: Ninetales|Light Clay|[from] move: Knock Off|[of] p2a: Great Tusk
|move|p1a: Ninetales|Freeze-Dry|p2a: Great Tusk
|-supereffective|p2a: Great Tusk
|-damage|p2a: Great Tusk|0 fnt
|faint|p2a: Great Tusk
|-end|p2a: Great Tusk|Protosynthesis|[silent]
|
|-weather|Snowscape|[upkeep]
|upkeep
|
|t:|1776343598
|switch|p2a: Iron Crown|Iron Crown|100/100
|turn|6
|
|t:|1776343606
|move|p2a: Iron Crown|Tachyon Cutter|p1a: Ninetales
|-supereffective|p1a: Ninetales
|-damage|p1a: Ninetales|0 fnt
|faint|p1a: Ninetales
|-hitcount|p1: Ninetales|1
|
|-weather|Snowscape|[upkeep]
|upkeep
|
|t:|1776343621
|switch|p1a: Cetitan|Cetitan, M|100/100
|-damage|p1a: Cetitan|76/100|[from] Stealth Rock
|turn|7
|
|t:|1776343633
|move|p1a: Cetitan|Belly Drum|p1a: Cetitan
|-damage|p1a: Cetitan|26/100
|-setboost|p1a: Cetitan|atk|6|[from] move: Belly Drum
|-enditem|p1a: Cetitan|Sitrus Berry|[eat]
|-heal|p1a: Cetitan|50/100|[from] item: Sitrus Berry
|move|p2a: Iron Crown|Tachyon Cutter|p1a: Cetitan
|-supereffective|p1a: Cetitan
|-damage|p1a: Cetitan|19/100
|-supereffective|p1a: Cetitan
|-damage|p1a: Cetitan|0 fnt
|faint|p1a: Cetitan
|-hitcount|p1: Cetitan|2
|
|-weather|Snowscape|[upkeep]
|upkeep
|
|t:|1776343645
|switch|p1a: Hariyama|Hariyama, F|100/100
|-damage|p1a: Hariyama|94/100|[from] Stealth Rock
|turn|8
|
|t:|1776343650
|-end|p2a: Iron Crown|Quark Drive|[silent]
|switch|p2a: Landorus|Landorus-Therian, M|100/100
|-ability|p2a: Landorus|Intimidate|boost
|-unboost|p1a: Hariyama|atk|1
|-terastallize|p1a: Hariyama|Steel
|move|p1a: Hariyama|Belly Drum|p1a: Hariyama
|-damage|p1a: Hariyama|44/100
|-setboost|p1a: Hariyama|atk|6|[from] move: Belly Drum
|
|-weather|none
|-status|p1a: Hariyama|brn|[from] item: Flame Orb
|upkeep
|turn|9
|
|t:|1776343665
|-terastallize|p2a: Landorus|Flying
|move|p1a: Hariyama|Bullet Punch|p2a: Landorus
|-damage|p2a: Landorus|0 fnt
|faint|p2a: Landorus
|
|-damage|p1a: Hariyama|38/100 brn|[from] brn
|upkeep
|
|t:|1776343671
|switch|p2a: Pecharunt|Pecharunt|100/100
|turn|10
|
|t:|1776343678
|move|p1a: Hariyama|Bullet Punch|p2a: Pecharunt
|-damage|p2a: Pecharunt|42/100
|-damage|p1a: Hariyama|22/100 brn|[from] item: Rocky Helmet|[of] p2a: Pecharunt
|move|p2a: Pecharunt|Parting Shot|p1a: Hariyama
|-unboost|p1a: Hariyama|atk|1
|-unboost|p1a: Hariyama|spa|1
|
|t:|1776343687
|switch|p2a: Iron Crown|Iron Crown|100/100|[from] Parting Shot
|
|-damage|p1a: Hariyama|16/100 brn|[from] brn
|upkeep
|turn|11
|
|t:|1776343697
|move|p1a: Hariyama|Bullet Punch|p2a: Iron Crown
|-resisted|p2a: Iron Crown
|-damage|p2a: Iron Crown|40/100
|move|p2a: Iron Crown|Volt Switch|p1a: Hariyama
|-damage|p1a: Hariyama|2/100 brn
|
|t:|1776343707
|-end|p2a: Iron Crown|Quark Drive|[silent]
|switch|p2a: Samurott|Samurott-Hisui, F|100/100|[from] Volt Switch
|
|-damage|p1a: Hariyama|0 fnt|[from] brn
|faint|p1a: Hariyama
|-sideend|p1: sharkerthantheteal|move: Aurora Veil
|upkeep
|
|t:|1776343714
|switch|p1a: Iron Valiant|Iron Valiant|100/100
|-damage|p1a: Iron Valiant|94/100|[from] Stealth Rock
|-enditem|p1a: Iron Valiant|Booster Energy
|-activate|p1a: Iron Valiant|ability: Quark Drive|[fromitem]
|-start|p1a: Iron Valiant|quarkdrivespe
|turn|12
|
|t:|1776343720
|move|p2a: Samurott|Sucker Punch|p1a: Iron Valiant
|-resisted|p1a: Iron Valiant
|-damage|p1a: Iron Valiant|82/100
|move|p1a: Iron Valiant|Moonblast|p2a: Samurott
|-supereffective|p2a: Samurott
|-damage|p2a: Samurott|18/100
|-unboost|p2a: Samurott|spa|1
|
|upkeep
|turn|13
|
|t:|1776343731
|switch|p2a: Ogerpon|Ogerpon-Wellspring, F|100/100
|move|p1a: Iron Valiant|Calm Mind|p1a: Iron Valiant
|-boost|p1a: Iron Valiant|spa|1
|-boost|p1a: Iron Valiant|spd|1
|
|upkeep
|turn|14
|
|t:|1776343738
|move|p1a: Iron Valiant|Moonblast|p2a: Ogerpon
|-damage|p2a: Ogerpon|29/100
|move|p2a: Ogerpon|Swords Dance|p2a: Ogerpon
|-boost|p2a: Ogerpon|atk|2
|
|upkeep
|turn|15
|
|t:|1776343750
|switch|p2a: Pecharunt|Pecharunt|42/100
|move|p1a: Iron Valiant|Encore||[still]
|-fail|p1a: Iron Valiant
|
|upkeep
|turn|16
|
|t:|1776343759
|move|p1a: Iron Valiant|Moonblast|p2a: Pecharunt
|-resisted|p2a: Pecharunt
|-damage|p2a: Pecharunt|7/100
|-unboost|p2a: Pecharunt|spa|1
|move|p2a: Pecharunt|Recover|p2a: Pecharunt
|-heal|p2a: Pecharunt|57/100
|
|upkeep
|turn|17
|
|t:|1776343768
|move|p1a: Iron Valiant|Encore|p2a: Pecharunt
|-start|p2a: Pecharunt|Encore
|move|p2a: Pecharunt|Recover|p2a: Pecharunt
|-heal|p2a: Pecharunt|100/100
|
|upkeep
|turn|18
|
|t:|1776343776
|switch|p2a: Iron Crown|Iron Crown|40/100
|move|p1a: Iron Valiant|Calm Mind|p1a: Iron Valiant
|-boost|p1a: Iron Valiant|spa|1
|-boost|p1a: Iron Valiant|spd|1
|
|upkeep
|turn|19
|
|t:|1776343788
|move|p1a: Iron Valiant|Moonblast|p2a: Iron Crown
|-resisted|p2a: Iron Crown
|-damage|p2a: Iron Crown|0 fnt
|faint|p2a: Iron Crown
|-end|p2a: Iron Crown|Quark Drive|[silent]
|
|upkeep
|
|t:|1776343793
|switch|p2a: Pecharunt|Pecharunt|100/100
|turn|20
|
|t:|1776343796
|move|p1a: Iron Valiant|Calm Mind|p1a: Iron Valiant
|-boost|p1a: Iron Valiant|spa|1
|-boost|p1a: Iron Valiant|spd|1
|move|p2a: Pecharunt|Malignant Chain|p1a: Iron Valiant
|-supereffective|p1a: Iron Valiant
|-damage|p1a: Iron Valiant|34/100
|
|upkeep
|turn|21
|
|t:|1776343804
|move|p1a: Iron Valiant|Disable|p2a: Pecharunt
|-start|p2a: Pecharunt|Disable|Malignant Chain
|cant|p2a: Pecharunt|Disable|Malignant Chain
|
|upkeep
|turn|22
|
|t:|1776343814
|move|p1a: Iron Valiant|Encore|p2a: Pecharunt
|-start|p2a: Pecharunt|Encore
|cant|p2a: Pecharunt|Disable|Malignant Chain
|
|upkeep
|turn|23
|
|t:|1776343820
|move|p1a: Iron Valiant|Moonblast|p2a: Pecharunt
|-resisted|p2a: Pecharunt
|-damage|p2a: Pecharunt|40/100
|-unboost|p2a: Pecharunt|spa|1
|-activate|p2a: Pecharunt|move: Struggle
|move|p2a: Pecharunt|Struggle|p1a: Iron Valiant
|-damage|p1a: Iron Valiant|24/100
|-damage|p2a: Pecharunt|15/100|[from] recoil
|
|upkeep
|turn|24
|
|t:|1776343829
|switch|p2a: Samurott|Samurott-Hisui, F|18/100
|move|p1a: Iron Valiant|Moonblast|p2a: Samurott
|-supereffective|p2a: Samurott
|-damage|p2a: Samurott|0 fnt
|faint|p2a: Samurott
|
|upkeep
|
|t:|1776343837
|switch|p2a: Pecharunt|Pecharunt|15/100
|turn|25
|
|t:|1776343841
|move|p1a: Iron Valiant|Moonblast|p2a: Pecharunt
|-resisted|p2a: Pecharunt
|-damage|p2a: Pecharunt|0 fnt
|faint|p2a: Pecharunt
|
|upkeep
|
|t:|1776343846
|switch|p2a: Ogerpon|Ogerpon-Wellspring, F|29/100
|turn|26
|-message|kn1feprty forfeited.
|
|win|sharkerthantheteal
|raw|sharkerthantheteal's rating: 1163 &rarr; <strong>1185</strong><br />(+22 for winning)
|raw|kn1feprty's rating: 1126 &rarr; <strong>1104</strong><br />(-22 for losing)
|c|☆sharkerthantheteal|iron valiant boss battles
|l|☆kn1feprty
|player|p2|
|c|☆sharkerthantheteal|gg
