|html|<div class="broadcast-blue"><strong>[Gen 9] OU is currently suspecting Tera Blast! For information on how to participate check out the <a href="https://www.smogon.com/tools/suspects/view/200">suspect thread</a>.</strong></div>
|j|☆Estreul
|j|☆Gameboyrob
|t:|1776063648
|gametype|singles
|player|p1|Estreul|lucas|1447
|player|p2|Gameboyrob|petrel|1479
|gen|9
|tier|[Gen 9] OU
|rated|
|rule|HP Percentage Mod: HP is shown in percentages
|rule|Endless Battle Clause: Forcing endless battles is banned
|rule|Species Clause: Limit one of each Pokémon
|rule|OHKO Clause: OHKO moves are banned
|rule|Evasion Items Clause: Evasion items are banned
|rule|Evasion Moves Clause: Evasion moves are banned
|rule|Evasion Abilities Clause: Evasion abilities are banned
|rule|Sleep Moves Clause: Sleep-inducing moves are banned
|clearpoke
|poke|p1|Hoopa-Unbound|
|poke|p1|Landorus-Therian, M|
|poke|p1|Kyurem|
|poke|p1|Alomomola, F|
|poke|p1|Weezing-Galar, F|
|poke|p1|Zamazenta-*|
|poke|p2|Ninetales, F|
|poke|p2|Ceruledge, F|
|poke|p2|Venusaur, M|
|poke|p2|Hatterene, F|
|poke|p2|Great Tusk|
|poke|p2|Walking Wake|
|teampreview
|inactive|Battle timer is ON: inactive players will automatically lose when time's up. (requested by Gameboyrob)
|inactive|Estreul also wants the timer to be on.
|
|t:|1776063658
|teamsize|p1|6
|teamsize|p2|6
|start
|switch|p1a: Weezing|Weezing-Galar, F|100/100
|switch|p2a: Kurama Chakra Mode|Ninetales, F|100/100
|-ability|p1a: Weezing|Neutralizing Gas
|turn|1
|
|t:|1776063666
|switch|p2a: Die w A Smile|Hatterene, F|100/100
|move|p1a: Weezing|Sludge Bomb|p2a: Die w A Smile
|-supereffective|p2a: Die w A Smile
|-crit|p2a: Die w A Smile
|-damage|p2a: Die w A Smile|25/100
|-enditem|p2a: Die w A Smile|Eject Button
|
|t:|1776063673
|switch|p2a: Lynrd Spynrd|Great Tusk|100/100
|
|upkeep
|turn|2
|
|t:|1776063702
|-end|p1a: Weezing|ability: Neutralizing Gas
|switch|p1a: Alomomola|Alomomola, F|100/100
|move|p2a: Lynrd Spynrd|Stealth Rock|p1a: Alomomola
|-sidestart|p1: Estreul|move: Stealth Rock
|
|upkeep
|turn|3
|
|t:|1776063709
|-end|p2a: Lynrd Spynrd|Protosynthesis|[silent]
|switch|p2a: Kurama Chakra Mode|Ninetales, F|100/100
|-weather|SunnyDay|[from] ability: Drought|[of] p2a: Kurama Chakra Mode
|move|p1a: Alomomola|Flip Turn|p2a: Kurama Chakra Mode
|-supereffective|p2a: Kurama Chakra Mode
|-damage|p2a: Kurama Chakra Mode|83/100
|inactive|Estreul has 120 seconds left.
|
|t:|1776063752
|switch|p1a: Landorus|Landorus-Therian, M|100/100|[from] Flip Turn
|-damage|p1a: Landorus|88/100|[from] Stealth Rock
|-ability|p1a: Landorus|Intimidate|boost
|-unboost|p2a: Kurama Chakra Mode|atk|1
|
|-weather|SunnyDay|[upkeep]
|upkeep
|turn|4
|
|t:|1776063761
|move|p2a: Kurama Chakra Mode|Will-O-Wisp|p1a: Landorus
|-status|p1a: Landorus|brn
|move|p1a: Landorus|Earthquake|p2a: Kurama Chakra Mode
|-supereffective|p2a: Kurama Chakra Mode
|-damage|p2a: Kurama Chakra Mode|18/100
|
|-weather|SunnyDay|[upkeep]
|-damage|p1a: Landorus|82/100 brn|[from] brn
|upkeep
|turn|5
|
|t:|1776063775
|switch|p2a: Dubya|Walking Wake|100/100
|-activate|p2a: Dubya|ability: Protosynthesis
|-start|p2a: Dubya|protosynthesisspa
|move|p1a: Landorus|Stealth Rock|p2a: Dubya
|-sidestart|p2: Gameboyrob|move: Stealth Rock
|
|-weather|SunnyDay|[upkeep]
|-damage|p1a: Landorus|76/100 brn|[from] brn
|upkeep
|turn|6
|inactive|Estreul has 120 seconds left.
|
|t:|1776063808
|move|p2a: Dubya|Hydro Steam|p1a: Landorus
|-supereffective|p1a: Landorus
|-damage|p1a: Landorus|0 fnt
|faint|p1a: Landorus
|
|-weather|SunnyDay|[upkeep]
|upkeep
|inactive|Estreul has 90 seconds left.
|
|t:|1776063836
|switch|p1a: Kyurem|Kyurem|100/100
|-damage|p1a: Kyurem|76/100|[from] Stealth Rock
|-ability|p1a: Kyurem|Pressure
|turn|7
|
|t:|1776063842
|-terastallize|p2a: Dubya|Water
|move|p1a: Kyurem|Freeze-Dry|p2a: Dubya
|-supereffective|p2a: Dubya
|-damage|p2a: Dubya|0 fnt
|faint|p2a: Dubya
|-end|p2a: Dubya|Protosynthesis|[silent]
|
|-weather|SunnyDay|[upkeep]
|upkeep
|
|t:|1776063854
|switch|p2a: Lynrd Spynrd|Great Tusk|100/100
|-damage|p2a: Lynrd Spynrd|98/100|[from] Stealth Rock
|-activate|p2a: Lynrd Spynrd|ability: Protosynthesis
|-start|p2a: Lynrd Spynrd|protosynthesisspe
|turn|8
|inactive|Estreul has 90 seconds left.
|
|t:|1776063886
|move|p2a: Lynrd Spynrd|Rapid Spin|p1a: Kyurem
|-damage|p1a: Kyurem|62/100
|-boost|p2a: Lynrd Spynrd|spe|1
|-sideend|p2: Gameboyrob|Stealth Rock|[from] move: Rapid Spin|[of] p2a: Lynrd Spynrd
|move|p1a: Kyurem|Freeze-Dry|p2a: Lynrd Spynrd
|-supereffective|p2a: Lynrd Spynrd
|-damage|p2a: Lynrd Spynrd|0 fnt
|faint|p2a: Lynrd Spynrd
|-end|p2a: Lynrd Spynrd|Protosynthesis|[silent]
|
|-weather|SunnyDay|[upkeep]
|upkeep
|
|t:|1776063898
|switch|p2a: Slayboi Carti|Ceruledge, F|100/100
|turn|9
|
|t:|1776063907
|move|p1a: Kyurem|Freeze-Dry|p2a: Slayboi Carti
|-resisted|p2a: Slayboi Carti
|-damage|p2a: Slayboi Carti|66/100
|move|p2a: Slayboi Carti|Swords Dance|p2a: Slayboi Carti
|-boost|p2a: Slayboi Carti|atk|2
|
|-weather|SunnyDay|[upkeep]
|upkeep
|turn|10
|
|t:|1776063916
|move|p1a: Kyurem|Freeze-Dry|p2a: Slayboi Carti
|-resisted|p2a: Slayboi Carti
|-damage|p2a: Slayboi Carti|31/100
|move|p2a: Slayboi Carti|Bitter Blade|p1a: Kyurem
|-damage|p1a: Kyurem|0 fnt
|-heal|p2a: Slayboi Carti|73/100|[from] drain|[of] p1a: Kyurem
|faint|p1a: Kyurem
|
|-weather|none
|upkeep
|
|t:|1776063930
|switch|p1a: Zamazenta|Zamazenta|100/100
|-damage|p1a: Zamazenta|94/100|[from] Stealth Rock
|-ability|p1a: Zamazenta|Dauntless Shield|boost
|-boost|p1a: Zamazenta|def|1
|turn|11
|
|t:|1776063938
|switch|p2a: Kurama Chakra Mode|Ninetales, F|18/100
|-weather|SunnyDay|[from] ability: Drought|[of] p2a: Kurama Chakra Mode
|move|p1a: Zamazenta|Crunch|p2a: Kurama Chakra Mode
|-damage|p2a: Kurama Chakra Mode|0 fnt
|faint|p2a: Kurama Chakra Mode
|
|-weather|SunnyDay|[upkeep]
|-heal|p1a: Zamazenta|100/100|[from] item: Leftovers
|upkeep
|
|t:|1776063950
|switch|p2a: Die w A Smile|Hatterene, F|25/100
|turn|12
|inactive|Estreul has 90 seconds left.
|
|t:|1776063970
|switch|p1a: Hoopa|Hoopa-Unbound|100/100
|-damage|p1a: Hoopa|88/100|[from] Stealth Rock
|move|p2a: Die w A Smile|Healing Wish|p2a: Die w A Smile
|faint|p2a: Die w A Smile
|
|-weather|SunnyDay|[upkeep]
|upkeep
|
|t:|1776063987
|switch|p2a: Venu Vidi Vici|Venusaur, M|100/100
|turn|13
|inactive|Estreul has 90 seconds left.
|
|t:|1776064000
|-terastallize|p1a: Hoopa|Fire
|move|p2a: Venu Vidi Vici|Sludge Bomb|p1a: Hoopa
|-damage|p1a: Hoopa|58/100
|-damage|p2a: Venu Vidi Vici|91/100|[from] item: Life Orb
|move|p1a: Hoopa|Psychic Noise|p2a: Venu Vidi Vici
|-supereffective|p2a: Venu Vidi Vici
|-damage|p2a: Venu Vidi Vici|0 fnt
|faint|p2a: Venu Vidi Vici
|
|-weather|SunnyDay|[upkeep]
|upkeep
|
|t:|1776064009
|switch|p2a: Slayboi Carti|Ceruledge, F|73/100
|-heal|p2a: Slayboi Carti|100/100|[from] move: Healing Wish
|turn|14
|-message|Gameboyrob forfeited.
|
|win|Estreul
|raw|Estreul's rating: 1447 &rarr; <strong>1469</strong><br />(+22 for winning)
|raw|Gameboyrob's rating: 1479 &rarr; <strong>1457</strong><br />(-22 for losing)
|l|☆Gameboyrob
|player|p2|
|l|☆Estreul
|player|p1|
