|html|<div class="broadcast-blue"><strong>[Gen 9] OU is currently suspecting Tera Blast! For information on how to participate check out the <a href="https://www.smogon.com/tools/suspects/view/200">suspect thread</a>.</strong></div>
|j|‽Give Me Your Coil
|j|☆tucsday
|t:|1776258911
|gametype|singles
|player|p1|Give Me Your Coil|ryme|1253
|player|p2|tucsday|1|1290
|gen|9
|tier|[Gen 9] OU
|rated|
|rule|HP Percentage Mod: HP is shown in percentages
|rule|Endless Battle Clause: Forcing endless battles is banned
|rule|Species Clause: Limit one of each Pokémon
|rule|OHKO Clause: OHKO moves are banned
|rule|Evasion Items Clause: Evasion items are banned
|rule|Evasion Moves Clause: Evasion moves are banned
|rule|Evasion Abilities Clause: Evasion abilities are banned
|rule|Sleep Moves Clause: Sleep-inducing moves are banned
|clearpoke
|poke|p1|Glimmora, F|
|poke|p1|Cresselia, F|
|poke|p1|Dragonite, F|
|poke|p1|Kingambit, M|
|poke|p1|Zamazenta-*|
|poke|p1|Primarina, F|
|poke|p2|Dragonite, M|
|poke|p2|Iron Crown|
|poke|p2|Corviknight, M|
|poke|p2|Serperior, F|
|poke|p2|Blissey, F|
|poke|p2|Raging Bolt|
|teampreview
|inactive|Battle timer is ON: inactive players will automatically lose when time's up. (requested by tucsday)
|
|t:|1776258930
|teamsize|p1|6
|teamsize|p2|6
|start
|switch|p1a: Glimmora|Glimmora, F|100/100
|switch|p2a: Iron Crown|Iron Crown|100/100
|-enditem|p2a: Iron Crown|Booster Energy
|-activate|p2a: Iron Crown|ability: Quark Drive|[fromitem]
|-start|p2a: Iron Crown|quarkdrivespe
|turn|1
|
|t:|1776258941
|switch|p1a: Primarina|Primarina, F|100/100
|move|p2a: Iron Crown|Calm Mind|p2a: Iron Crown
|-boost|p2a: Iron Crown|spa|1
|-boost|p2a: Iron Crown|spd|1
|
|upkeep
|turn|2
|
|t:|1776258946
|move|p2a: Iron Crown|Tachyon Cutter|p1a: Primarina
|-damage|p1a: Primarina|82/100
|-crit|p1a: Primarina
|-damage|p1a: Primarina|56/100
|-hitcount|p1a: Primarina|2
|move|p1a: Primarina|Surf|p2a: Iron Crown
|-damage|p2a: Iron Crown|70/100
|
|upkeep
|turn|3
|
|t:|1776258961
|move|p2a: Iron Crown|Calm Mind|p2a: Iron Crown
|-boost|p2a: Iron Crown|spa|1
|-boost|p2a: Iron Crown|spd|1
|move|p1a: Primarina|Surf|p2a: Iron Crown
|-damage|p2a: Iron Crown|46/100
|
|upkeep
|turn|4
|
|t:|1776258966
|move|p2a: Iron Crown|Tachyon Cutter|p1a: Primarina
|-damage|p1a: Primarina|30/100
|-damage|p1a: Primarina|7/100
|-hitcount|p1a: Primarina|2
|move|p1a: Primarina|Surf|p2a: Iron Crown
|-damage|p2a: Iron Crown|13/100
|
|upkeep
|turn|5
|
|t:|1776258973
|move|p2a: Iron Crown|Tachyon Cutter|p1a: Primarina
|-damage|p1a: Primarina|0 fnt
|faint|p1a: Primarina
|-hitcount|p1: Primarina|1
|
|upkeep
|
|t:|1776258977
|switch|p1a: Kingambit|Kingambit, M|100/100
|-activate|p1a: Kingambit|ability: Supreme Overlord
|-start|p1a: Kingambit|fallen1|[silent]
|turn|6
|
|t:|1776258980
|move|p1a: Kingambit|Sucker Punch||[still]
|-fail|p1a: Kingambit
|move|p2a: Iron Crown|Calm Mind|p2a: Iron Crown
|-boost|p2a: Iron Crown|spa|1
|-boost|p2a: Iron Crown|spd|1
|
|upkeep
|turn|7
|
|t:|1776258982
|move|p1a: Kingambit|Sucker Punch||[still]
|-fail|p1a: Kingambit
|move|p2a: Iron Crown|Calm Mind|p2a: Iron Crown
|-boost|p2a: Iron Crown|spa|1
|-boost|p2a: Iron Crown|spd|1
|
|upkeep
|turn|8
|
|t:|1776258984
|move|p2a: Iron Crown|Volt Switch|p1a: Kingambit
|-damage|p1a: Kingambit|28/100
|
|t:|1776258988
|-end|p2a: Iron Crown|Quark Drive|[silent]
|switch|p2a: Corviknight|Corviknight, M|100/100|[from] Volt Switch
|-ability|p2a: Corviknight|Pressure
|move|p1a: Kingambit|Kowtow Cleave|p2a: Corviknight
|-damage|p2a: Corviknight|70/100
|-damage|p1a: Kingambit|12/100|[from] item: Rocky Helmet|[of] p2a: Corviknight
|
|-heal|p1a: Kingambit|18/100|[from] item: Leftovers
|upkeep
|turn|9
|
|t:|1776258992
|-end|p1a: Kingambit|fallen1|[silent]
|switch|p1a: Glimmora|Glimmora, F|100/100
|move|p2a: Corviknight|Body Press|p1a: Glimmora
|-damage|p1a: Glimmora|82/100
|-activate|p1a: Glimmora|ability: Toxic Debris
|-sidestart|p2: tucsday|move: Toxic Spikes
|-enditem|p1a: Glimmora|Red Card|[of] p2a: Corviknight
|drag|p2a: Serperior|Serperior, F, shiny|100/100
|-status|p2a: Serperior|psn
|
|-damage|p2a: Serperior|88/100 psn|[from] psn
|upkeep
|turn|10
|
|t:|1776259003
|move|p2a: Serperior|Leaf Storm|p1a: Glimmora
|-damage|p1a: Glimmora|29/100
|-boost|p2a: Serperior|spa|2
|move|p1a: Glimmora|Stealth Rock|p2a: Serperior
|-sidestart|p2: tucsday|move: Stealth Rock
|
|-damage|p2a: Serperior|76/100 psn|[from] psn
|upkeep
|turn|11
|
|t:|1776259010
|switch|p1a: Dragonite|Dragonite, F|100/100
|move|p2a: Serperior|Leaf Storm|p1a: Dragonite
|-resisted|p1a: Dragonite
|-damage|p1a: Dragonite|88/100
|-boost|p2a: Serperior|spa|2
|
|-damage|p2a: Serperior|63/100 psn|[from] psn
|upkeep
|turn|12
|
|t:|1776259022
|move|p1a: Dragonite|Extreme Speed|p2a: Serperior
|-damage|p2a: Serperior|25/100 psn
|move|p2a: Serperior|Glare|p1a: Dragonite
|-status|p1a: Dragonite|par
|
|-damage|p2a: Serperior|13/100 psn|[from] psn
|upkeep
|turn|13
|
|t:|1776259026
|move|p1a: Dragonite|Extreme Speed|p2a: Serperior
|-damage|p2a: Serperior|0 fnt
|faint|p2a: Serperior
|
|upkeep
|
|t:|1776259030
|switch|p2a: Dragonite|Dragonite, M|100/100
|-damage|p2a: Dragonite|76/100|[from] Stealth Rock
|turn|14
|
|t:|1776259034
|move|p2a: Dragonite|Dragon Claw|p1a: Dragonite
|-supereffective|p1a: Dragonite
|-damage|p1a: Dragonite|0 fnt
|faint|p1a: Dragonite
|
|upkeep
|
|t:|1776259040
|switch|p1a: Zamazenta|Zamazenta|100/100
|-ability|p1a: Zamazenta|Dauntless Shield|boost
|-boost|p1a: Zamazenta|def|1
|turn|15
|
|t:|1776259048
|move|p1a: Zamazenta|Stone Edge|p2a: Dragonite|[miss]
|-miss|p1a: Zamazenta|p2a: Dragonite
|move|p2a: Dragonite|Dragon Claw|p1a: Zamazenta
|-damage|p1a: Zamazenta|73/100
|
|upkeep
|turn|16
|
|t:|1776259057
|move|p1a: Zamazenta|Stone Edge|p2a: Dragonite
|-supereffective|p2a: Dragonite
|-damage|p2a: Dragonite|12/100
|-enditem|p2a: Dragonite|Weakness Policy
|-boost|p2a: Dragonite|atk|2|[from] item: Weakness Policy
|-boost|p2a: Dragonite|spa|2|[from] item: Weakness Policy
|move|p2a: Dragonite|Dragon Dance|p2a: Dragonite
|-boost|p2a: Dragonite|atk|1
|-boost|p2a: Dragonite|spe|1
|
|upkeep
|turn|17
|
|t:|1776259067
|-terastallize|p2a: Dragonite|Normal
|move|p2a: Dragonite|Extreme Speed|p1a: Zamazenta
|-damage|p1a: Zamazenta|0 fnt
|faint|p1a: Zamazenta
|
|upkeep
|
|t:|1776259074
|switch|p1a: Cresselia|Cresselia, F|100/100
|turn|18
|
|t:|1776259093
|-terastallize|p1a: Cresselia|Steel
|move|p2a: Dragonite|Extreme Speed|p1a: Cresselia
|-resisted|p1a: Cresselia
|-damage|p1a: Cresselia|68/100
|-enditem|p1a: Cresselia|Eject Button
|
|t:|1776259101
|switch|p1a: Kingambit|Kingambit, M|18/100
|-activate|p1a: Kingambit|ability: Supreme Overlord
|-start|p1a: Kingambit|fallen3|[silent]
|
|-heal|p1a: Kingambit|24/100|[from] item: Leftovers
|upkeep
|turn|19
|
|t:|1776259104
|-end|p1a: Kingambit|fallen3|[silent]
|switch|p1a: Glimmora|Glimmora, F|29/100
|move|p2a: Dragonite|Extreme Speed|p1a: Glimmora
|-resisted|p1a: Glimmora
|-damage|p1a: Glimmora|0 fnt
|-activate|p1a: Glimmora|ability: Toxic Debris
|-sidestart|p2: tucsday|move: Toxic Spikes
|faint|p1a: Glimmora
|
|upkeep
|
|t:|1776259106
|switch|p1a: Cresselia|Cresselia, F, tera:Steel|68/100
|turn|20
|
|t:|1776259108
|move|p2a: Dragonite|Earthquake|p1a: Cresselia
|-immune|p1a: Cresselia|[from] ability: Levitate
|move|p1a: Cresselia|Ice Beam|p2a: Dragonite
|-damage|p2a: Dragonite|0 fnt
|faint|p2a: Dragonite
|
|upkeep
|
|t:|1776259114
|switch|p2a: Corviknight|Corviknight, M|70/100
|-damage|p2a: Corviknight|57/100|[from] Stealth Rock
|-ability|p2a: Corviknight|Pressure
|turn|21
|
|t:|1776259119
|move|p1a: Cresselia|Thunder Wave|p2a: Corviknight
|-status|p2a: Corviknight|par
|move|p2a: Corviknight|Defog|p1a: Cresselia
|-unboost|p1a: Cresselia|evasion|1
|-sideend|p2: tucsday|Toxic Spikes|[from] move: Defog|[of] p2a: Corviknight
|-sideend|p2: tucsday|Stealth Rock|[from] move: Defog|[of] p2a: Corviknight
|
|upkeep
|turn|22
|
|t:|1776259137
|move|p1a: Cresselia|Ice Beam|p2a: Corviknight
|-damage|p2a: Corviknight|42/100 par
|cant|p2a: Corviknight|par
|
|upkeep
|turn|23
|inactive|tucsday has 120 seconds left.
|
|t:|1776259186
|move|p1a: Cresselia|Ice Beam|p2a: Corviknight
|-damage|p2a: Corviknight|27/100 par
|move|p2a: Corviknight|Roost|p2a: Corviknight
|-heal|p2a: Corviknight|77/100 par
|-singleturn|p2a: Corviknight|move: Roost
|
|upkeep
|turn|24
|
|t:|1776259190
|move|p1a: Cresselia|Ice Beam|p2a: Corviknight
|-damage|p2a: Corviknight|60/100 par
|move|p2a: Corviknight|Body Press|p1a: Cresselia
|-supereffective|p1a: Cresselia
|-damage|p1a: Cresselia|42/100
|
|upkeep
|turn|25
|
|t:|1776259199
|move|p1a: Cresselia|Ice Beam|p2a: Corviknight
|-damage|p2a: Corviknight|44/100 par
|move|p2a: Corviknight|Body Press|p1a: Cresselia
|-supereffective|p1a: Cresselia
|-damage|p1a: Cresselia|16/100
|
|upkeep
|turn|26
|inactive|tucsday has 120 seconds left.
|
|t:|1776259206
|move|p1a: Cresselia|Ice Beam|p2a: Corviknight
|-damage|p2a: Corviknight|29/100 par
|cant|p2a: Corviknight|par
|
|upkeep
|turn|27
|
|t:|1776259211
|move|p1a: Cresselia|Ice Beam|p2a: Corviknight
|-damage|p2a: Corviknight|15/100 par
|cant|p2a: Corviknight|par
|
|upkeep
|turn|28
|
|t:|1776259218
|move|p1a: Cresselia|Ice Beam|p2a: Corviknight
|-damage|p2a: Corviknight|0 fnt
|faint|p2a: Corviknight
|
|upkeep
|
|t:|1776259220
|switch|p2a: Raging Bolt|Raging Bolt|100/100
|turn|29
|
|t:|1776259225
|move|p2a: Raging Bolt|Thunderbolt|p1a: Cresselia
|-damage|p1a: Cresselia|0 fnt
|faint|p1a: Cresselia
|
|upkeep
|
|t:|1776259226
|switch|p1a: Kingambit|Kingambit, M|24/100
|-activate|p1a: Kingambit|ability: Supreme Overlord
|-start|p1a: Kingambit|fallen5|[silent]
|turn|30
|
|t:|1776259230
|move|p2a: Raging Bolt|Thunderclap||[still]
|-fail|p2a: Raging Bolt
|move|p1a: Kingambit|Swords Dance|p1a: Kingambit
|-boost|p1a: Kingambit|atk|2
|
|-heal|p1a: Kingambit|30/100|[from] item: Leftovers
|upkeep
|turn|31
|
|t:|1776259236
|move|p1a: Kingambit|Sucker Punch|p2a: Raging Bolt
|-damage|p2a: Raging Bolt|0 fnt
|faint|p2a: Raging Bolt
|-end|p2a: Raging Bolt|Protosynthesis|[silent]
|
|-heal|p1a: Kingambit|36/100|[from] item: Leftovers
|upkeep
|c|☆tucsday|oh no
|
|t:|1776259244
|switch|p2a: Blissey|Blissey, F|100/100
|turn|32
|
|t:|1776259247
|move|p1a: Kingambit|Kowtow Cleave|p2a: Blissey
|-damage|p2a: Blissey|0 fnt
|faint|p2a: Blissey
|
|-heal|p1a: Kingambit|42/100|[from] item: Leftovers
|upkeep
|
|t:|1776259249
|switch|p2a: Iron Crown|Iron Crown|13/100
|turn|33
|
|t:|1776259251
|move|p1a: Kingambit|Sucker Punch||[still]
|-fail|p1a: Kingambit
|move|p2a: Iron Crown|Calm Mind|p2a: Iron Crown
|-boost|p2a: Iron Crown|spa|1
|-boost|p2a: Iron Crown|spd|1
|
|-heal|p1a: Kingambit|49/100|[from] item: Leftovers
|upkeep
|turn|34
|
|t:|1776259256
|move|p1a: Kingambit|Sucker Punch|p2a: Iron Crown
|-supereffective|p2a: Iron Crown
|-damage|p2a: Iron Crown|0 fnt
|faint|p2a: Iron Crown
|-end|p2a: Iron Crown|Quark Drive|[silent]
|
|win|Give Me Your Coil
|raw|Give Me Your Coil's rating: 1253 &rarr; <strong>1281</strong><br />(+28 for winning)
|raw|tucsday's rating: 1290 &rarr; <strong>1262</strong><br />(-28 for losing)
|l|☆tucsday
|player|p2|
