|html|<div class="broadcast-blue"><strong>[Gen 9] OU is currently suspecting Tera Blast! For information on how to participate check out the <a href="https://www.smogon.com/tools/suspects/view/200">suspect thread</a>.</strong></div>
|j|☆CatDevourer
|j|☆greatdisconnecter
|t:|1776313535
|gametype|singles
|player|p1|CatDevourer|crasherwake|1139
|player|p2|greatdisconnecter|unknown|1156
|gen|9
|tier|[Gen 9] OU
|rated|
|rule|HP Percentage Mod: HP is shown in percentages
|rule|Endless Battle Clause: Forcing endless battles is banned
|rule|Species Clause: Limit one of each Pokémon
|rule|OHKO Clause: OHKO moves are banned
|rule|Evasion Items Clause: Evasion items are banned
|rule|Evasion Moves Clause: Evasion moves are banned
|rule|Evasion Abilities Clause: Evasion abilities are banned
|rule|Sleep Moves Clause: Sleep-inducing moves are banned
|clearpoke
|poke|p1|Garganacl, F|
|poke|p1|Darkrai|
|poke|p1|Great Tusk|
|poke|p1|Hatterene, F|
|poke|p1|Tornadus-Therian, M|
|poke|p1|Dragonite, M|
|poke|p2|Hatterene, F|
|poke|p2|Ursaluna, F|
|poke|p2|Iron Hands|
|poke|p2|Regidrago|
|poke|p2|Cresselia, F|
|poke|p2|Snorlax, M|
|teampreview
|
|t:|1776313556
|teamsize|p1|6
|teamsize|p2|6
|start
|switch|p1a: Garganacl|Garganacl, F|100/100
|switch|p2a: The Dude|Snorlax, M|100/100
|turn|1
|
|t:|1776313559
|move|p1a: Garganacl|Stealth Rock|p2a: The Dude
|-sidestart|p2: greatdisconnecter|move: Stealth Rock
|move|p2a: The Dude|Belly Drum|p2a: The Dude
|-damage|p2a: The Dude|50/100
|-setboost|p2a: The Dude|atk|6|[from] move: Belly Drum
|
|upkeep
|turn|2
|-enditem|p2a: The Dude|Custap Berry|[eat]
|-activate|p2a: The Dude|item: Custap Berry|[consumed]
|
|t:|1776313566
|move|p2a: The Dude|Earthquake|p1a: Garganacl
|-supereffective|p1a: Garganacl
|-damage|p1a: Garganacl|0 fnt
|faint|p1a: Garganacl
|
|upkeep
|c|☆CatDevourer|I come back from RBY OU just for the Lax to haunt me some more
|c|☆CatDevourer|A truly inescapable creature.
|
|t:|1776313613
|switch|p1a: Hatterene|Hatterene, F|100/100
|turn|3
|
|t:|1776313620
|move|p2a: The Dude|Facade|p1a: Hatterene
|-damage|p1a: Hatterene|0 fnt
|-damage|p2a: The Dude|34/100|[from] item: Rocky Helmet|[of] p1a: Hatterene
|faint|p1a: Hatterene
|
|upkeep
|
|t:|1776313628
|switch|p1a: Great Tusk|Great Tusk|100/100
|-enditem|p1a: Great Tusk|Booster Energy
|-activate|p1a: Great Tusk|ability: Protosynthesis|[fromitem]
|-start|p1a: Great Tusk|protosynthesisatk
|turn|4
|
|t:|1776313633
|-terastallize|p2a: The Dude|Ghost
|move|p1a: Great Tusk|Close Combat|p2a: The Dude
|-immune|p2a: The Dude
|move|p2a: The Dude|Ice Punch|p1a: Great Tusk
|-supereffective|p1a: Great Tusk
|-damage|p1a: Great Tusk|0 fnt
|faint|p1a: Great Tusk
|-end|p1a: Great Tusk|Protosynthesis|[silent]
|
|upkeep
|
|t:|1776313638
|switch|p1a: Dragonite|Dragonite, M|100/100
|turn|5
|
|t:|1776313643
|-terastallize|p1a: Dragonite|Normal
|move|p1a: Dragonite|Extreme Speed|p2a: The Dude
|-immune|p2a: The Dude
|move|p2a: The Dude|Ice Punch|p1a: Dragonite
|-damage|p1a: Dragonite|48/100
|
|upkeep
|turn|6
|
|t:|1776313650
|move|p1a: Dragonite|Earthquake|p2a: The Dude
|-damage|p2a: The Dude|0 fnt
|faint|p2a: The Dude
|
|upkeep
|
|t:|1776313653
|switch|p2a: Cresselia|Cresselia, F|100/100
|-damage|p2a: Cresselia|88/100|[from] Stealth Rock
|turn|7
|
|t:|1776313672
|switch|p1a: Darkrai|Darkrai|100/100
|move|p2a: Cresselia|Trick Room|p2a: Cresselia
|-fieldstart|move: Trick Room|[of] p2a: Cresselia
|
|upkeep
|turn|8
|
|t:|1776313685
|switch|p2a: Ursaluna|Ursaluna, F|100/100
|-damage|p2a: Ursaluna|94/100|[from] Stealth Rock
|move|p1a: Darkrai|Dark Pulse|p2a: Ursaluna
|-damage|p2a: Ursaluna|42/100
|
|-status|p2a: Ursaluna|brn|[from] item: Flame Orb
|upkeep
|turn|9
|
|t:|1776313701
|switch|p1a: Dragonite|Dragonite, M, tera:Normal|48/100
|move|p2a: Ursaluna|Facade|p1a: Dragonite
|-damage|p1a: Dragonite|0 fnt
|faint|p1a: Dragonite
|
|-damage|p2a: Ursaluna|36/100 brn|[from] brn
|upkeep
|
|t:|1776313706
|switch|p1a: Darkrai|Darkrai|100/100
|turn|10
|
|t:|1776313710
|move|p2a: Ursaluna|Facade|p1a: Darkrai
|-damage|p1a: Darkrai|0 fnt
|faint|p1a: Darkrai
|
|-damage|p2a: Ursaluna|30/100 brn|[from] brn
|upkeep
|
|t:|1776313712
|switch|p1a: Tornadus|Tornadus-Therian, M, shiny|100/100
|turn|11
|
|t:|1776313719
|move|p2a: Ursaluna|Facade|p1a: Tornadus
|-damage|p1a: Tornadus|0 fnt
|faint|p1a: Tornadus
|
|win|greatdisconnecter
|raw|CatDevourer's rating: 1139 &rarr; <strong>1115</strong><br />(-24 for losing)
|raw|greatdisconnecter's rating: 1156 &rarr; <strong>1180</strong><br />(+24 for winning)
|l|☆CatDevourer
|player|p1|
