|html|<div class="broadcast-blue"><strong>[Gen 9] OU is currently suspecting Tera Blast! For information on how to participate check out the <a href="https://www.smogon.com/tools/suspects/view/200">suspect thread</a>.</strong></div>
|j|☆ThrohOrFalse
|j|☆jardinier05
|t:|1776082009
|gametype|singles
|player|p1|ThrohOrFalse|hop|1260
|player|p2|jardinier05|1|1245
|gen|9
|tier|[Gen 9] OU
|rated|
|rule|HP Percentage Mod: HP is shown in percentages
|rule|Endless Battle Clause: Forcing endless battles is banned
|rule|Species Clause: Limit one of each Pokémon
|rule|OHKO Clause: OHKO moves are banned
|rule|Evasion Items Clause: Evasion items are banned
|rule|Evasion Moves Clause: Evasion moves are banned
|rule|Evasion Abilities Clause: Evasion abilities are banned
|rule|Sleep Moves Clause: Sleep-inducing moves are banned
|clearpoke
|poke|p1|Great Tusk|
|poke|p1|Inteleon, M|
|poke|p1|Zapdos|
|poke|p1|Goodra-Hisui, M|
|poke|p1|Comfey, M|
|poke|p1|Scream Tail|
|poke|p2|Venusaur, F|
|poke|p2|Ninetales, M|
|poke|p2|Landorus-Therian, M|
|poke|p2|Zamazenta-*|
|poke|p2|Samurott-Hisui, F|
|poke|p2|Weezing-Galar, M|
|teampreview
|j| ohko_smeargle
|
|t:|1776082017
|teamsize|p1|6
|teamsize|p2|6
|start
|switch|p1a: Inteleon|Inteleon, M|100/100
|switch|p2a: Landorus|Landorus-Therian, M|100/100
|-ability|p2a: Landorus|Intimidate|boost
|-unboost|p1a: Inteleon|atk|1
|turn|1
|
|t:|1776082027
|switch|p2a: Samurott|Samurott-Hisui, F|100/100
|move|p1a: Inteleon|Snipe Shot|p2a: Samurott
|-resisted|p2a: Samurott
|-damage|p2a: Samurott|67/100
|
|upkeep
|turn|2
|
|t:|1776082035
|move|p2a: Samurott|Knock Off|p1a: Inteleon
|-damage|p1a: Inteleon|23/100
|-enditem|p1a: Inteleon|Scope Lens|[from] move: Knock Off|[of] p2a: Samurott
|move|p1a: Inteleon|U-turn|p2a: Samurott
|-supereffective|p2a: Samurott
|-damage|p2a: Samurott|46/100
|
|t:|1776082045
|switch|p1a: Great Tusk|Great Tusk|100/100|[from] U-turn
|
|upkeep
|turn|3
|
|t:|1776082053
|switch|p2a: Landorus|Landorus-Therian, M|100/100
|-ability|p2a: Landorus|Intimidate|boost
|-unboost|p1a: Great Tusk|atk|1
|move|p1a: Great Tusk|Rapid Spin|p2a: Landorus
|-damage|p2a: Landorus|88/100
|-boost|p1a: Great Tusk|spe|1
|
|-heal|p2a: Landorus|94/100|[from] item: Leftovers
|upkeep
|turn|4
|
|t:|1776082112
|move|p1a: Great Tusk|Stealth Rock|p2a: Landorus
|-sidestart|p2: jardinier05|move: Stealth Rock
|move|p2a: Landorus|Earthquake|p1a: Great Tusk
|-damage|p1a: Great Tusk|61/100
|
|-heal|p2a: Landorus|99/100|[from] item: Leftovers
|upkeep
|turn|5
|j| bonczy
|
|t:|1776082136
|switch|p2a: Weezing|Weezing-Galar, M|100/100
|-damage|p2a: Weezing|88/100|[from] Stealth Rock
|move|p1a: Great Tusk|Ice Spinner|p2a: Weezing
|-damage|p2a: Weezing|71/100
|
|-heal|p2a: Weezing|77/100|[from] item: Black Sludge
|upkeep
|turn|6
|
|t:|1776082151
|move|p1a: Great Tusk|Headlong Rush|p2a: Weezing
|-immune|p2a: Weezing|[from] ability: Levitate
|move|p2a: Weezing|Defog|p1a: Great Tusk
|-unboost|p1a: Great Tusk|evasion|1
|-sideend|p2: jardinier05|Stealth Rock|[from] move: Defog|[of] p2a: Weezing
|
|-heal|p2a: Weezing|83/100|[from] item: Black Sludge
|upkeep
|turn|7
|
|t:|1776082162
|-end|p1a: Great Tusk|Protosynthesis|[silent]
|switch|p1a: Zapdos|Zapdos|100/100
|move|p2a: Weezing|Dazzling Gleam|p1a: Zapdos
|-damage|p1a: Zapdos|66/100
|
|-heal|p2a: Weezing|89/100|[from] item: Black Sludge
|upkeep
|turn|8
|
|t:|1776082174
|move|p1a: Zapdos|Heat Wave|p2a: Weezing
|-damage|p2a: Weezing|53/100
|move|p2a: Weezing|Toxic Spikes|p1a: Zapdos
|-sidestart|p1: ThrohOrFalse|move: Toxic Spikes
|
|-heal|p2a: Weezing|59/100|[from] item: Black Sludge
|upkeep
|turn|9
|
|t:|1776082198
|switch|p2a: Landorus|Landorus-Therian, M|99/100
|-ability|p2a: Landorus|Intimidate|boost
|-unboost|p1a: Zapdos|atk|1
|move|p1a: Zapdos|Roost|p1a: Zapdos
|-heal|p1a: Zapdos|100/100
|-singleturn|p1a: Zapdos|move: Roost
|
|-heal|p2a: Landorus|100/100|[from] item: Leftovers
|upkeep
|turn|10
|
|t:|1776082208
|move|p2a: Landorus|Stone Edge|p1a: Zapdos
|-supereffective|p1a: Zapdos
|-damage|p1a: Zapdos|46/100
|move|p1a: Zapdos|Heat Wave|p2a: Landorus
|-damage|p2a: Landorus|65/100
|-status|p2a: Landorus|brn
|
|-heal|p2a: Landorus|71/100 brn|[from] item: Leftovers
|-damage|p2a: Landorus|65/100 brn|[from] brn
|upkeep
|turn|11
|
|t:|1776082215
|move|p2a: Landorus|Stealth Rock|p1a: Zapdos
|-sidestart|p1: ThrohOrFalse|move: Stealth Rock
|move|p1a: Zapdos|Roost|p1a: Zapdos
|-heal|p1a: Zapdos|96/100
|-singleturn|p1a: Zapdos|move: Roost
|
|-heal|p2a: Landorus|71/100 brn|[from] item: Leftovers
|-damage|p2a: Landorus|65/100 brn|[from] brn
|upkeep
|turn|12
|
|t:|1776082221
|switch|p1a: Great Tusk|Great Tusk|61/100
|move|p2a: Landorus|U-turn|p1a: Great Tusk
|-resisted|p1a: Great Tusk
|-damage|p1a: Great Tusk|55/100
|
|t:|1776082228
|switch|p2a: Samurott|Samurott-Hisui, F|46/100|[from] U-turn
|
|upkeep
|turn|13
|
|t:|1776082235
|-end|p1a: Great Tusk|Protosynthesis|[silent]
|switch|p1a: Zapdos|Zapdos|96/100
|move|p2a: Samurott|Aqua Cutter|p1a: Zapdos
|-damage|p1a: Zapdos|60/100
|
|upkeep
|turn|14
|
|t:|1776082244
|switch|p2a: Landorus|Landorus-Therian, M|65/100 brn
|-ability|p2a: Landorus|Intimidate|boost
|-unboost|p1a: Zapdos|atk|1
|move|p1a: Zapdos|Roost|p1a: Zapdos
|-heal|p1a: Zapdos|100/100
|-singleturn|p1a: Zapdos|move: Roost
|
|-heal|p2a: Landorus|71/100 brn|[from] item: Leftovers
|-damage|p2a: Landorus|65/100 brn|[from] brn
|upkeep
|turn|15
|
|t:|1776082248
|move|p2a: Landorus|U-turn|p1a: Zapdos
|-resisted|p1a: Zapdos
|-damage|p1a: Zapdos|96/100
|
|t:|1776082257
|switch|p2a: Ninetales|Ninetales, M|100/100|[from] U-turn
|-weather|SunnyDay|[from] ability: Drought|[of] p2a: Ninetales
|move|p1a: Zapdos|Heat Wave|p2a: Ninetales
|-resisted|p2a: Ninetales
|-damage|p2a: Ninetales|78/100
|
|-weather|SunnyDay|[upkeep]
|upkeep
|turn|16
|
|t:|1776082262
|move|p2a: Ninetales|Overheat|p1a: Zapdos
|-damage|p1a: Zapdos|35/100
|-unboost|p2a: Ninetales|spa|2
|move|p1a: Zapdos|Thunder Wave|p2a: Ninetales
|-status|p2a: Ninetales|par
|
|-weather|SunnyDay|[upkeep]
|upkeep
|turn|17
|
|t:|1776082272
|switch|p2a: Venusaur|Venusaur, F|100/100
|move|p1a: Zapdos|Roost|p1a: Zapdos
|-heal|p1a: Zapdos|86/100
|-singleturn|p1a: Zapdos|move: Roost
|
|-weather|SunnyDay|[upkeep]
|upkeep
|turn|18
|
|t:|1776082280
|-terastallize|p2a: Venusaur|Ground
|move|p2a: Venusaur|Growth|p2a: Venusaur
|-boost|p2a: Venusaur|atk|2
|-boost|p2a: Venusaur|spa|2
|move|p1a: Zapdos|Thunder Wave|p2a: Venusaur
|-immune|p2a: Venusaur
|
|-weather|SunnyDay|[upkeep]
|upkeep
|turn|19
|c|☆ThrohOrFalse|Thats not good
|
|t:|1776082304
|move|p2a: Venusaur|Weather Ball|p1a: Zapdos
|-damage|p1a: Zapdos|0 fnt
|faint|p1a: Zapdos
|-damage|p2a: Venusaur|91/100|[from] item: Life Orb
|
|-weather|SunnyDay|[upkeep]
|upkeep
|
|t:|1776082314
|switch|p1a: Goodra|Goodra-Hisui, M|100/100
|-damage|p1a: Goodra|94/100|[from] Stealth Rock
|turn|20
|c|☆jardinier05|Venusaur !!!!!!
|
|t:|1776082331
|move|p2a: Venusaur|Weather Ball|p1a: Goodra
|-damage|p1a: Goodra|36/100
|-damage|p2a: Venusaur|81/100|[from] item: Life Orb
|move|p1a: Goodra|Dragon Pulse|p2a: Venusaur
|-damage|p2a: Venusaur|33/100
|
|-weather|SunnyDay|[upkeep]
|upkeep
|turn|21
|
|t:|1776082348
|move|p2a: Venusaur|Weather Ball|p1a: Goodra
|-damage|p1a: Goodra|0 fnt
|faint|p1a: Goodra
|-damage|p2a: Venusaur|23/100|[from] item: Life Orb
|
|-weather|SunnyDay|[upkeep]
|upkeep
|
|t:|1776082383
|switch|p1a: Comfey|Comfey, M|100/100
|-status|p1a: Comfey|psn
|-damage|p1a: Comfey|88/100 psn|[from] Stealth Rock
|turn|22
|
|t:|1776082410
|move|p1a: Comfey|Draining Kiss|p2a: Venusaur
|-damage|p2a: Venusaur|0 fnt
|-heal|p1a: Comfey|100/100 psn|[from] drain|[of] p2a: Venusaur
|faint|p2a: Venusaur
|-damage|p1a: Comfey|91/100 psn|[from] item: Life Orb
|
|-weather|none
|-damage|p1a: Comfey|78/100 psn|[from] psn
|upkeep
|
|t:|1776082418
|switch|p2a: Weezing|Weezing-Galar, M|59/100
|turn|23
|c|☆jardinier05|Oh
|c|☆jardinier05|Scarf is sad for me
|
|t:|1776082436
|switch|p1a: Great Tusk|Great Tusk|55/100
|move|p2a: Weezing|Sludge Bomb|p1a: Great Tusk
|-resisted|p1a: Great Tusk
|-damage|p1a: Great Tusk|24/100
|
|-heal|p2a: Weezing|65/100|[from] item: Black Sludge
|upkeep
|turn|24
|
|t:|1776082456
|move|p1a: Great Tusk|Rapid Spin|p2a: Weezing
|-damage|p2a: Weezing|49/100
|-boost|p1a: Great Tusk|spe|1
|-sideend|p1: ThrohOrFalse|Toxic Spikes|[from] move: Rapid Spin|[of] p1a: Great Tusk
|-sideend|p1: ThrohOrFalse|Stealth Rock|[from] move: Rapid Spin|[of] p1a: Great Tusk
|move|p2a: Weezing|Dazzling Gleam|p1a: Great Tusk
|-supereffective|p1a: Great Tusk
|-damage|p1a: Great Tusk|0 fnt
|faint|p1a: Great Tusk
|-end|p1a: Great Tusk|Protosynthesis|[silent]
|
|-heal|p2a: Weezing|55/100|[from] item: Black Sludge
|upkeep
|
|t:|1776082474
|switch|p1a: Inteleon|Inteleon, M|23/100
|turn|25
|
|t:|1776082480
|move|p1a: Inteleon|Snipe Shot|p2a: Weezing
|-damage|p2a: Weezing|0 fnt
|faint|p2a: Weezing
|
|upkeep
|
|t:|1776082487
|switch|p2a: Ninetales|Ninetales, M|78/100 par
|-weather|SunnyDay|[from] ability: Drought|[of] p2a: Ninetales
|turn|26
|
|t:|1776082492
|move|p1a: Inteleon|Snipe Shot|p2a: Ninetales
|-supereffective|p2a: Ninetales
|-damage|p2a: Ninetales|34/100 par
|cant|p2a: Ninetales|par
|
|-weather|SunnyDay|[upkeep]
|upkeep
|turn|27
|
|t:|1776082499
|move|p1a: Inteleon|Snipe Shot|p2a: Ninetales
|-supereffective|p2a: Ninetales
|-damage|p2a: Ninetales|0 fnt
|faint|p2a: Ninetales
|
|-weather|SunnyDay|[upkeep]
|upkeep
|
|t:|1776082502
|switch|p2a: Samurott|Samurott-Hisui, F|46/100
|turn|28
|
|t:|1776082510
|move|p1a: Inteleon|Vacuum Wave|p2a: Samurott
|-supereffective|p2a: Samurott
|-damage|p2a: Samurott|5/100
|move|p2a: Samurott|Sacred Sword|p1a: Inteleon
|-damage|p1a: Inteleon|0 fnt
|faint|p1a: Inteleon
|
|-weather|SunnyDay|[upkeep]
|upkeep
|
|t:|1776082518
|switch|p1a: Comfey|Comfey, M|78/100 psn
|turn|29
|
|t:|1776082521
|switch|p2a: Landorus|Landorus-Therian, M|65/100 brn
|-ability|p2a: Landorus|Intimidate|boost
|-unboost|p1a: Comfey|atk|1
|move|p1a: Comfey|Calm Mind|p1a: Comfey
|-boost|p1a: Comfey|spa|1
|-boost|p1a: Comfey|spd|1
|
|-weather|SunnyDay|[upkeep]
|-heal|p2a: Landorus|71/100 brn|[from] item: Leftovers
|-damage|p1a: Comfey|66/100 psn|[from] psn
|-damage|p2a: Landorus|65/100 brn|[from] brn
|upkeep
|turn|30
|
|t:|1776082528
|move|p2a: Landorus|Earthquake|p1a: Comfey
|-damage|p1a: Comfey|32/100 psn
|move|p1a: Comfey|Calm Mind|p1a: Comfey
|-boost|p1a: Comfey|spa|1
|-boost|p1a: Comfey|spd|1
|
|-weather|SunnyDay|[upkeep]
|-heal|p2a: Landorus|71/100 brn|[from] item: Leftovers
|-damage|p1a: Comfey|19/100 psn|[from] psn
|-damage|p2a: Landorus|65/100 brn|[from] brn
|upkeep
|turn|31
|
|t:|1776082532
|move|p1a: Comfey|Draining Kiss|p2a: Landorus
|-damage|p2a: Landorus|0 fnt
|-heal|p1a: Comfey|70/100 psn|[from] drain|[of] p2a: Landorus
|faint|p2a: Landorus
|-damage|p1a: Comfey|60/100 psn|[from] item: Life Orb
|
|-weather|SunnyDay|[upkeep]
|-damage|p1a: Comfey|48/100 psn|[from] psn
|upkeep
|
|t:|1776082535
|switch|p2a: Zamazenta|Zamazenta|100/100
|-ability|p2a: Zamazenta|Dauntless Shield|boost
|-boost|p2a: Zamazenta|def|1
|turn|32
|
|t:|1776082545
|move|p1a: Comfey|Draining Kiss|p2a: Zamazenta
|-supereffective|p2a: Zamazenta
|-damage|p2a: Zamazenta|0 fnt
|-heal|p1a: Comfey|100/100 psn|[from] drain|[of] p2a: Zamazenta
|faint|p2a: Zamazenta
|-damage|p1a: Comfey|91/100 psn|[from] item: Life Orb
|
|-weather|SunnyDay|[upkeep]
|-damage|p1a: Comfey|78/100 psn|[from] psn
|upkeep
|
|t:|1776082548
|switch|p2a: Samurott|Samurott-Hisui, F|5/100
|turn|33
|
|t:|1776082552
|move|p1a: Comfey|Draining Kiss|p2a: Samurott
|-supereffective|p2a: Samurott
|-damage|p2a: Samurott|0 fnt
|-heal|p1a: Comfey|82/100 psn|[from] drain|[of] p2a: Samurott
|faint|p2a: Samurott
|-damage|p1a: Comfey|72/100 psn|[from] item: Life Orb
|
|win|ThrohOrFalse
|raw|ThrohOrFalse's rating: 1260 &rarr; <strong>1284</strong><br />(+24 for winning)
|raw|jardinier05's rating: 1245 &rarr; <strong>1221</strong><br />(-24 for losing)
|l| ohko_smeargle
|c|☆ThrohOrFalse|Gg
|l| bonczy
|l|☆jardinier05
|player|p2|
|l|☆ThrohOrFalse
|player|p1|
