|html|<div class="broadcast-blue"><strong>[Gen 9] OU is currently suspecting Tera Blast! For information on how to participate check out the <a href="https://www.smogon.com/tools/suspects/view/200">suspect thread</a>.</strong></div>
|j|☆GorLeon
|j|☆kooopooolooo
|t:|1776279085
|gametype|singles
|player|p1|GorLeon|dragontamer|1391
|player|p2|kooopooolooo|170|1390
|gen|9
|tier|[Gen 9] OU
|rated|
|rule|HP Percentage Mod: HP is shown in percentages
|rule|Endless Battle Clause: Forcing endless battles is banned
|rule|Species Clause: Limit one of each Pokémon
|rule|OHKO Clause: OHKO moves are banned
|rule|Evasion Items Clause: Evasion items are banned
|rule|Evasion Moves Clause: Evasion moves are banned
|rule|Evasion Abilities Clause: Evasion abilities are banned
|rule|Sleep Moves Clause: Sleep-inducing moves are banned
|clearpoke
|poke|p1|Ninetales, F|
|poke|p1|Cresselia, F|
|poke|p1|Raging Bolt|
|poke|p1|Iron Moth|
|poke|p1|Great Tusk|
|poke|p1|Walking Wake|
|poke|p2|Tyranitar, M|
|poke|p2|Hatterene, F|
|poke|p2|Great Tusk|
|poke|p2|Ogerpon-Wellspring, F|
|poke|p2|Tornadus-Therian, M|
|poke|p2|Lokix, F|
|teampreview
|inactive|Battle timer is ON: inactive players will automatically lose when time's up. (requested by GorLeon)
|c|☆GorLeon|gl hf
|
|t:|1776279098
|teamsize|p1|6
|teamsize|p2|6
|start
|switch|p1a: Ninetales|Ninetales, F|100/100
|switch|p2a: Tyranitar|Tyranitar, M|100/100
|-weather|SunnyDay|[from] ability: Drought|[of] p1a: Ninetales
|-weather|Sandstorm|[from] ability: Sand Stream|[of] p2a: Tyranitar
|turn|1
|
|t:|1776279105
|move|p1a: Ninetales|Will-O-Wisp|p2a: Tyranitar
|-status|p2a: Tyranitar|brn
|move|p2a: Tyranitar|Ice Beam|p1a: Ninetales
|-resisted|p1a: Ninetales
|-damage|p1a: Ninetales|89/100
|
|-weather|Sandstorm|[upkeep]
|-damage|p1a: Ninetales|83/100|[from] Sandstorm
|-damage|p2a: Tyranitar|94/100 brn|[from] brn
|upkeep
|turn|2
|
|t:|1776279111
|move|p1a: Ninetales|Encore|p2a: Tyranitar
|-start|p2a: Tyranitar|Encore
|move|p2a: Tyranitar|Ice Beam|p1a: Ninetales
|-resisted|p1a: Ninetales
|-damage|p1a: Ninetales|72/100
|
|-weather|Sandstorm|[upkeep]
|-damage|p1a: Ninetales|66/100|[from] Sandstorm
|-damage|p2a: Tyranitar|88/100 brn|[from] brn
|upkeep
|turn|3
|
|t:|1776279122
|move|p1a: Ninetales|Overheat|p2a: Tyranitar
|-resisted|p2a: Tyranitar
|-damage|p2a: Tyranitar|77/100 brn
|-unboost|p1a: Ninetales|spa|2
|move|p2a: Tyranitar|Ice Beam|p1a: Ninetales
|-resisted|p1a: Ninetales
|-damage|p1a: Ninetales|54/100
|
|-weather|Sandstorm|[upkeep]
|-damage|p1a: Ninetales|48/100|[from] Sandstorm
|-damage|p2a: Tyranitar|71/100 brn|[from] brn
|upkeep
|turn|4
|
|t:|1776279131
|switch|p1a: Cresselia|Cresselia, F|100/100
|switch|p2a: Ogerpon|Ogerpon-Wellspring, F|100/100
|
|-weather|Sandstorm|[upkeep]
|-damage|p2a: Ogerpon|95/100|[from] Sandstorm
|-damage|p1a: Cresselia|94/100|[from] Sandstorm
|upkeep
|turn|5
|
|t:|1776279135
|move|p2a: Ogerpon|Spikes|p1a: Cresselia
|-sidestart|p1: GorLeon|Spikes
|move|p1a: Cresselia|Thunder Wave|p2a: Ogerpon
|-status|p2a: Ogerpon|par
|
|-weather|none
|upkeep
|turn|6
|
|t:|1776279145
|switch|p1a: Ninetales|Ninetales, F|48/100
|-damage|p1a: Ninetales|35/100|[from] Spikes
|-weather|SunnyDay|[from] ability: Drought|[of] p1a: Ninetales
|cant|p2a: Ogerpon|par
|
|-weather|SunnyDay|[upkeep]
|upkeep
|turn|7
|
|t:|1776279160
|switch|p1a: Raging Bolt|Raging Bolt|100/100
|-damage|p1a: Raging Bolt|88/100|[from] Spikes
|-activate|p1a: Raging Bolt|ability: Protosynthesis
|-start|p1a: Raging Bolt|protosynthesisspa
|move|p2a: Ogerpon|Spikes|p1a: Raging Bolt
|-sidestart|p1: GorLeon|Spikes
|
|-weather|SunnyDay|[upkeep]
|upkeep
|turn|8
|
|t:|1776279168
|switch|p2a: Tyranitar|Tyranitar, M|71/100 brn
|-weather|Sandstorm|[from] ability: Sand Stream|[of] p2a: Tyranitar
|-end|p1a: Raging Bolt|Protosynthesis
|move|p1a: Raging Bolt|Thunderbolt|p2a: Tyranitar
|-damage|p2a: Tyranitar|34/100 brn
|-damage|p1a: Raging Bolt|78/100|[from] item: Life Orb
|
|-weather|Sandstorm|[upkeep]
|-damage|p1a: Raging Bolt|72/100|[from] Sandstorm
|-damage|p2a: Tyranitar|28/100 brn|[from] brn
|upkeep
|turn|9
|
|t:|1776279179
|switch|p2a: Great Tusk|Great Tusk|100/100
|move|p1a: Raging Bolt|Dragon Pulse|p2a: Great Tusk
|-damage|p2a: Great Tusk|0 fnt
|faint|p2a: Great Tusk
|-end|p2a: Great Tusk|Protosynthesis|[silent]
|-damage|p1a: Raging Bolt|62/100|[from] item: Life Orb
|
|-weather|Sandstorm|[upkeep]
|-damage|p1a: Raging Bolt|56/100|[from] Sandstorm
|upkeep
|
|t:|1776279190
|switch|p2a: Hatterene|Hatterene, F|100/100
|turn|10
|
|t:|1776279196
|move|p1a: Raging Bolt|Thunderbolt|p2a: Hatterene
|-damage|p2a: Hatterene|28/100
|-status|p2a: Hatterene|par
|-enditem|p2a: Hatterene|Eject Button
|-damage|p1a: Raging Bolt|46/100|[from] item: Life Orb
|
|t:|1776279202
|switch|p2a: Lokix|Lokix, F|100/100
|
|-weather|Sandstorm|[upkeep]
|-damage|p2a: Lokix|94/100|[from] Sandstorm
|-damage|p1a: Raging Bolt|40/100|[from] Sandstorm
|upkeep
|turn|11
|
|t:|1776279209
|-end|p1a: Raging Bolt|Protosynthesis|[silent]
|switch|p1a: Cresselia|Cresselia, F|94/100
|move|p2a: Lokix|U-turn|p1a: Cresselia
|-supereffective|p1a: Cresselia
|-damage|p1a: Cresselia|40/100
|-enditem|p1a: Cresselia|Eject Button
|
|t:|1776279220
|switch|p1a: Great Tusk|Great Tusk|100/100
|-damage|p1a: Great Tusk|84/100|[from] Spikes
|
|-weather|Sandstorm|[upkeep]
|-damage|p2a: Lokix|88/100|[from] Sandstorm
|upkeep
|turn|12
|
|t:|1776279224
|switch|p2a: Tornadus|Tornadus-Therian, M|100/100
|move|p1a: Great Tusk|Rapid Spin|p2a: Tornadus
|-damage|p2a: Tornadus|80/100
|-boost|p1a: Great Tusk|spe|1
|-sideend|p1: GorLeon|Spikes|[from] move: Rapid Spin|[of] p1a: Great Tusk
|
|-weather|none
|upkeep
|turn|13
|
|t:|1776279231
|move|p1a: Great Tusk|Head Smash|p2a: Tornadus|[miss]
|-miss|p1a: Great Tusk|p2a: Tornadus
|move|p2a: Tornadus|Nasty Plot|p2a: Tornadus
|-boost|p2a: Tornadus|spa|2
|
|upkeep
|turn|14
|
|t:|1776279242
|switch|p2a: Hatterene|Hatterene, F|28/100 par
|move|p1a: Great Tusk|Head Smash|p2a: Hatterene
|-damage|p2a: Hatterene|0 fnt
|faint|p2a: Hatterene
|-damage|p1a: Great Tusk|73/100|[from] Recoil
|
|upkeep
|
|t:|1776279244
|switch|p2a: Ogerpon|Ogerpon-Wellspring, F|95/100 par
|turn|15
|
|t:|1776279249
|move|p1a: Great Tusk|Stealth Rock|p2a: Ogerpon
|-sidestart|p2: kooopooolooo|move: Stealth Rock
|move|p2a: Ogerpon|Ivy Cudgel|p1a: Great Tusk|[anim] Ivy Cudgel Water
|-supereffective|p1a: Great Tusk
|-damage|p1a: Great Tusk|0 fnt
|faint|p1a: Great Tusk
|-end|p1a: Great Tusk|Protosynthesis|[silent]
|
|upkeep
|
|t:|1776279259
|switch|p1a: Iron Moth|Iron Moth|100/100
|-enditem|p1a: Iron Moth|Booster Energy
|-activate|p1a: Iron Moth|ability: Quark Drive|[fromitem]
|-start|p1a: Iron Moth|quarkdrivespe
|turn|16
|
|t:|1776279265
|-terastallize|p1a: Iron Moth|Grass
|move|p1a: Iron Moth|Fiery Dance|p2a: Ogerpon
|-damage|p2a: Ogerpon|49/100 par
|-boost|p1a: Iron Moth|spa|1
|cant|p2a: Ogerpon|par
|
|upkeep
|turn|17
|
|t:|1776279273
|move|p1a: Iron Moth|Fiery Dance|p2a: Ogerpon
|-damage|p2a: Ogerpon|0 fnt
|faint|p2a: Ogerpon
|
|upkeep
|
|t:|1776279276
|switch|p2a: Lokix|Lokix, F|88/100
|-damage|p2a: Lokix|64/100|[from] Stealth Rock
|turn|18
|
|t:|1776279281
|-end|p1a: Iron Moth|Quark Drive|[silent]
|switch|p1a: Cresselia|Cresselia, F|40/100
|move|p2a: Lokix|First Impression|p1a: Cresselia
|-supereffective|p1a: Cresselia
|-damage|p1a: Cresselia|0 fnt
|faint|p1a: Cresselia
|
|upkeep
|
|t:|1776279288
|switch|p1a: Iron Moth|Iron Moth, tera:Grass|100/100
|turn|19
|
|t:|1776279291
|switch|p2a: Tyranitar|Tyranitar, M|28/100 brn
|-damage|p2a: Tyranitar|16/100 brn|[from] Stealth Rock
|-weather|Sandstorm|[from] ability: Sand Stream|[of] p2a: Tyranitar
|move|p1a: Iron Moth|Fiery Dance|p2a: Tyranitar
|-resisted|p2a: Tyranitar
|-damage|p2a: Tyranitar|5/100 brn
|-boost|p1a: Iron Moth|spa|1
|
|-weather|Sandstorm|[upkeep]
|-damage|p1a: Iron Moth|94/100|[from] Sandstorm
|-damage|p2a: Tyranitar|0 fnt|[from] brn
|faint|p2a: Tyranitar
|upkeep
|
|t:|1776279294
|switch|p2a: Lokix|Lokix, F|64/100
|-damage|p2a: Lokix|39/100|[from] Stealth Rock
|turn|20
|
|t:|1776279303
|-end|p1a: Iron Moth|Quark Drive|[silent]
|switch|p1a: Ninetales|Ninetales, F|35/100
|-weather|SunnyDay|[from] ability: Drought|[of] p1a: Ninetales
|move|p2a: Lokix|First Impression|p1a: Ninetales
|-resisted|p1a: Ninetales
|-damage|p1a: Ninetales|0 fnt
|faint|p1a: Ninetales
|
|-weather|SunnyDay|[upkeep]
|upkeep
|
|t:|1776279311
|switch|p1a: Walking Wake|Walking Wake|100/100
|-activate|p1a: Walking Wake|ability: Protosynthesis
|-start|p1a: Walking Wake|protosynthesisspa
|turn|21
|
|t:|1776279315
|move|p2a: Lokix|First Impression||[still]
|-hint|First Impression only works on your first turn out.
|-fail|p2a: Lokix
|move|p1a: Walking Wake|Hydro Steam|p2a: Lokix
|-damage|p2a: Lokix|0 fnt
|faint|p2a: Lokix
|
|-weather|SunnyDay|[upkeep]
|upkeep
|
|t:|1776279318
|switch|p2a: Tornadus|Tornadus-Therian, M|100/100
|-damage|p2a: Tornadus|76/100|[from] Stealth Rock
|turn|22
|
|t:|1776279322
|move|p2a: Tornadus|Bleakwind Storm|p1a: Walking Wake
|-damage|p1a: Walking Wake|25/100
|-unboost|p1a: Walking Wake|spe|1
|-damage|p2a: Tornadus|66/100|[from] item: Life Orb
|move|p1a: Walking Wake|Hydro Steam|p2a: Tornadus
|-damage|p2a: Tornadus|0 fnt
|faint|p2a: Tornadus
|
|win|GorLeon
|raw|GorLeon's rating: 1391 &rarr; <strong>1411</strong><br />(+20 for winning)
|raw|kooopooolooo's rating: 1390 &rarr; <strong>1370</strong><br />(-20 for losing)
|c|☆GorLeon|gg
|l|☆kooopooolooo
|player|p2|
