|html|<div class="broadcast-blue"><strong>[Gen 9] OU is currently suspecting Volcarona! For information on how to participate check out the <a href="https://www.smogon.com/tools/suspects/view/208">suspect thread</a>.</strong></div>
|j|☆FireSide_01
|j|☆Dr Gaster PHD
|t:|1778498709
|gametype|singles
|player|p1|FireSide_01|janine|1436
|player|p2|Dr Gaster PHD|ghetsis|1538
|gen|9
|tier|[Gen 9] OU
|rated|
|rule|HP Percentage Mod: HP is shown in percentages
|rule|Endless Battle Clause: Forcing endless battles is banned
|rule|Species Clause: Limit one of each Pokémon
|rule|OHKO Clause: OHKO moves are banned
|rule|Evasion Items Clause: Evasion items are banned
|rule|Evasion Moves Clause: Evasion moves are banned
|rule|Evasion Abilities Clause: Evasion abilities are banned
|rule|Sleep Moves Clause: Sleep-inducing moves are banned
|clearpoke
|poke|p1|Heatran, F|
|poke|p1|Rillaboom, F|
|poke|p1|Great Tusk|
|poke|p1|Hatterene, F|
|poke|p1|Samurott-Hisui, F|
|poke|p1|Alomomola, F|
|poke|p2|Moltres-Galar|
|poke|p2|Gholdengo|
|poke|p2|Samurott-Hisui, F|
|poke|p2|Smeargle, F|
|poke|p2|Zamazenta-*|
|poke|p2|Deoxys-Speed|
|teampreview
|inactive|Battle timer is ON: inactive players will automatically lose when time's up. (requested by FireSide_01)
|
|t:|1778498735
|teamsize|p1|6
|teamsize|p2|6
|start
|switch|p1a: Heatran|Heatran, F|100/100
|switch|p2a: Samurott|Samurott-Hisui, F|100/100
|turn|1
|
|t:|1778498742
|move|p1a: Heatran|Protect|p1a: Heatran
|-singleturn|p1a: Heatran|Protect
|move|p2a: Samurott|Ceaseless Edge|p1a: Heatran
|-activate|p1a: Heatran|move: Protect
|
|upkeep
|turn|2
|
|t:|1778498750
|switch|p1a: Hatterene|Hatterene, F|100/100
|move|p2a: Samurott|Knock Off|p1a: Hatterene
|-damage|p1a: Hatterene|65/100
|-damage|p2a: Samurott|84/100|[from] item: Rocky Helmet|[of] p1a: Hatterene
|-enditem|p1a: Hatterene|Rocky Helmet|[from] move: Knock Off|[of] p2a: Samurott
|
|upkeep
|turn|3
|
|t:|1778498756
|move|p2a: Samurott|Ceaseless Edge|p1a: Hatterene
|-damage|p1a: Hatterene|31/100
|-sidestart|p1: FireSide_01|Spikes
|move|p1a: Hatterene|Nuzzle|p2a: Samurott
|-supereffective|p2a: Samurott
|-damage|p2a: Samurott|75/100
|-status|p2a: Samurott|par
|
|upkeep
|turn|4
|
|t:|1778498758
|move|p2a: Samurott|Ceaseless Edge|p1a: Hatterene
|-damage|p1a: Hatterene|0 fnt
|-sidestart|p1: FireSide_01|Spikes
|faint|p1a: Hatterene
|
|upkeep
|
|t:|1778498762
|switch|p1a: Great Tusk|Great Tusk|100/100
|turn|5
|
|t:|1778498765
|switch|p2a: Gholdengo|Gholdengo|100/100
|move|p1a: Great Tusk|Ice Spinner|p2a: Gholdengo
|-resisted|p2a: Gholdengo
|-damage|p2a: Gholdengo|88/100
|
|upkeep
|turn|6
|
|t:|1778498775
|move|p2a: Gholdengo|Trick|p1a: Great Tusk
|-activate|p2a: Gholdengo|move: Trick|[of] p1a: Great Tusk
|-item|p1a: Great Tusk|Choice Scarf|[from] move: Trick
|-item|p2a: Gholdengo|Heavy-Duty Boots|[from] move: Trick
|move|p1a: Great Tusk|Headlong Rush|p2a: Gholdengo
|-supereffective|p2a: Gholdengo
|-damage|p2a: Gholdengo|0 fnt
|-unboost|p1a: Great Tusk|def|1
|-unboost|p1a: Great Tusk|spd|1
|faint|p2a: Gholdengo
|
|upkeep
|
|t:|1778498779
|switch|p2a: Picasso|Smeargle, F|100/100
|turn|7
|
|t:|1778498786
|-terastallize|p2a: Picasso|Flying
|move|p1a: Great Tusk|Headlong Rush|p2a: Picasso
|-immune|p2a: Picasso
|move|p2a: Picasso|Jaw Lock|p1a: Great Tusk
|-resisted|p1a: Great Tusk
|-damage|p1a: Great Tusk|95/100
|-activate|p2a: Picasso|trapped
|-activate|p1a: Great Tusk|trapped
|
|upkeep
|turn|8
|
|t:|1778498791
|move|p1a: Great Tusk|Headlong Rush|p2a: Picasso
|-immune|p2a: Picasso
|move|p2a: Picasso|No Retreat|p2a: Picasso
|-boost|p2a: Picasso|atk|1
|-boost|p2a: Picasso|def|1
|-boost|p2a: Picasso|spa|1
|-boost|p2a: Picasso|spd|1
|-boost|p2a: Picasso|spe|1
|
|upkeep
|turn|9
|
|t:|1778498793
|move|p1a: Great Tusk|Headlong Rush|p2a: Picasso
|-immune|p2a: Picasso
|move|p2a: Picasso|No Retreat|p2a: Picasso
|-boost|p2a: Picasso|atk|1
|-boost|p2a: Picasso|def|1
|-boost|p2a: Picasso|spa|1
|-boost|p2a: Picasso|spd|1
|-boost|p2a: Picasso|spe|1
|
|upkeep
|turn|10
|
|t:|1778498796
|move|p1a: Great Tusk|Headlong Rush|p2a: Picasso
|-immune|p2a: Picasso
|move|p2a: Picasso|No Retreat|p2a: Picasso
|-boost|p2a: Picasso|atk|1
|-boost|p2a: Picasso|def|1
|-boost|p2a: Picasso|spa|1
|-boost|p2a: Picasso|spd|1
|-boost|p2a: Picasso|spe|1
|
|upkeep
|turn|11
|
|t:|1778498798
|move|p2a: Picasso|No Retreat|p2a: Picasso
|-boost|p2a: Picasso|atk|1
|-boost|p2a: Picasso|def|1
|-boost|p2a: Picasso|spa|1
|-boost|p2a: Picasso|spd|1
|-boost|p2a: Picasso|spe|1
|move|p1a: Great Tusk|Headlong Rush|p2a: Picasso
|-immune|p2a: Picasso
|
|upkeep
|turn|12
|c|☆FireSide_01|wtf
|
|t:|1778498803
|move|p2a: Picasso|No Retreat|p2a: Picasso
|-boost|p2a: Picasso|atk|1
|-boost|p2a: Picasso|def|1
|-boost|p2a: Picasso|spa|1
|-boost|p2a: Picasso|spd|1
|-boost|p2a: Picasso|spe|1
|move|p1a: Great Tusk|Headlong Rush|p2a: Picasso
|-immune|p2a: Picasso
|
|upkeep
|turn|13
|
|t:|1778498805
|move|p2a: Picasso|No Retreat|p2a: Picasso
|-boost|p2a: Picasso|atk|1
|-boost|p2a: Picasso|def|1
|-boost|p2a: Picasso|spa|1
|-boost|p2a: Picasso|spd|1
|-boost|p2a: Picasso|spe|1
|move|p1a: Great Tusk|Headlong Rush|p2a: Picasso
|-immune|p2a: Picasso
|
|upkeep
|turn|14
|
|t:|1778498811
|move|p2a: Picasso|Power Trip|p1a: Great Tusk
|-resisted|p1a: Great Tusk
|-damage|p1a: Great Tusk|0 fnt
|faint|p1a: Great Tusk
|-end|p1a: Great Tusk|Protosynthesis|[silent]
|
|upkeep
|-message|FireSide_01 forfeited.
|
|win|Dr Gaster PHD
|raw|FireSide_01's rating: 1436 &rarr; <strong>1422</strong><br />(-14 for losing)
|raw|Dr Gaster PHD's rating: 1538 &rarr; <strong>1552</strong><br />(+14 for winning)
