|html|<div class="broadcast-blue"><strong>[Gen 9] OU is currently suspecting Tera Blast! For information on how to participate check out the <a href="https://www.smogon.com/tools/suspects/view/200">suspect thread</a>.</strong></div>
|j|☆ign27
|j|☆erhai
|t:|1776103414
|gametype|singles
|player|p1|ign27|palmer|1819
|player|p2|erhai|102|1781
|gen|9
|tier|[Gen 9] OU
|rated|
|rule|HP Percentage Mod: HP is shown in percentages
|rule|Endless Battle Clause: Forcing endless battles is banned
|rule|Species Clause: Limit one of each Pokémon
|rule|OHKO Clause: OHKO moves are banned
|rule|Evasion Items Clause: Evasion items are banned
|rule|Evasion Moves Clause: Evasion moves are banned
|rule|Evasion Abilities Clause: Evasion abilities are banned
|rule|Sleep Moves Clause: Sleep-inducing moves are banned
|clearpoke
|poke|p1|Great Tusk|
|poke|p1|Darkrai|
|poke|p1|Kyurem|
|poke|p1|Iron Valiant|
|poke|p1|Dragonite, M|
|poke|p1|Gholdengo|
|poke|p2|Iron Jugulis|
|poke|p2|Ogerpon, F|
|poke|p2|Scizor, F|
|poke|p2|Sandy Shocks|
|poke|p2|Latios, M|
|poke|p2|Manaphy|
|teampreview
|inactive|Battle timer is ON: inactive players will automatically lose when time's up. (requested by ign27)
|inactive|ign27 has 120 seconds left.
|
|t:|1776103450
|teamsize|p1|6
|teamsize|p2|6
|start
|switch|p1a: Darkrai|Darkrai|100/100
|switch|p2a: Sandy Shocks|Sandy Shocks|100/100
|-enditem|p2a: Sandy Shocks|Booster Energy
|-activate|p2a: Sandy Shocks|ability: Protosynthesis|[fromitem]
|-start|p2a: Sandy Shocks|protosynthesisspe
|turn|1
|
|t:|1776103458
|move|p2a: Sandy Shocks|Discharge|p1a: Darkrai
|-damage|p1a: Darkrai|53/100
|move|p1a: Darkrai|Ice Beam|p2a: Sandy Shocks
|-supereffective|p2a: Sandy Shocks
|-damage|p2a: Sandy Shocks|12/100
|-status|p2a: Sandy Shocks|frz
|
|upkeep
|turn|2
|
|t:|1776103465
|cant|p2a: Sandy Shocks|frz
|move|p1a: Darkrai|Ice Beam|p2a: Sandy Shocks
|-supereffective|p2a: Sandy Shocks
|-crit|p2a: Sandy Shocks
|-damage|p2a: Sandy Shocks|0 fnt
|faint|p2a: Sandy Shocks
|-end|p2a: Sandy Shocks|Protosynthesis|[silent]
|
|upkeep
|
|t:|1776103469
|switch|p2a: Iron Jugulis|Iron Jugulis|100/100
|-enditem|p2a: Iron Jugulis|Booster Energy
|-activate|p2a: Iron Jugulis|ability: Quark Drive|[fromitem]
|-start|p2a: Iron Jugulis|quarkdrivespe
|turn|3
|
|t:|1776103477
|move|p2a: Iron Jugulis|Hurricane|p1a: Darkrai
|-damage|p1a: Darkrai|0 fnt
|faint|p1a: Darkrai
|
|upkeep
|
|t:|1776103495
|switch|p1a: Kyurem|Kyurem, shiny|100/100
|-ability|p1a: Kyurem|Pressure
|turn|4
|
|t:|1776103499
|move|p2a: Iron Jugulis|Dark Pulse|p1a: Kyurem
|-damage|p1a: Kyurem|76/100
|move|p1a: Kyurem|Ice Beam|p2a: Iron Jugulis
|-supereffective|p2a: Iron Jugulis
|-damage|p2a: Iron Jugulis|0 fnt
|faint|p2a: Iron Jugulis
|-end|p2a: Iron Jugulis|Quark Drive|[silent]
|
|upkeep
|
|t:|1776103501
|switch|p2a: Scizor|Scizor, F, shiny|100/100
|turn|5
|j| Metallic Symphony
|
|t:|1776103507
|switch|p1a: Great Tusk|Great Tusk|100/100
|move|p2a: Scizor|Swords Dance|p2a: Scizor
|-boost|p2a: Scizor|atk|2
|
|upkeep
|turn|6
|
|t:|1776103520
|move|p2a: Scizor|Bullet Punch|p1a: Great Tusk
|-damage|p1a: Great Tusk|50/100
|move|p1a: Great Tusk|Headlong Rush|p2a: Scizor
|-damage|p2a: Scizor|29/100
|-unboost|p1a: Great Tusk|def|1
|-unboost|p1a: Great Tusk|spd|1
|-enditem|p2a: Scizor|Sitrus Berry|[eat]
|-heal|p2a: Scizor|54/100|[from] item: Sitrus Berry
|
|upkeep
|turn|7
|j| Eliv Thade
|
|t:|1776103528
|move|p2a: Scizor|Bullet Punch|p1a: Great Tusk
|-damage|p1a: Great Tusk|0 fnt
|faint|p1a: Great Tusk
|-end|p1a: Great Tusk|Protosynthesis|[silent]
|
|upkeep
|
|t:|1776103533
|switch|p1a: Ghold Experience|Gholdengo|100/100
|-item|p1a: Ghold Experience|Air Balloon
|turn|8
|
|t:|1776103545
|move|p1a: Ghold Experience|Thunder Wave|p2a: Scizor
|-status|p2a: Scizor|par
|move|p2a: Scizor|Knock Off|p1a: Ghold Experience
|-supereffective|p1a: Ghold Experience
|-damage|p1a: Ghold Experience|0 fnt
|-enditem|p1a: Ghold Experience|Air Balloon
|faint|p1a: Ghold Experience
|
|upkeep
|
|t:|1776103561
|switch|p1a: Dragonite|Dragonite, M|100/100
|turn|9
|
|t:|1776103566
|switch|p2a: Manaphy|Manaphy|100/100
|-terastallize|p1a: Dragonite|Flying
|move|p1a: Dragonite|Tera Blast|p2a: Manaphy|[anim] Tera Blast Flying
|-damage|p2a: Manaphy|47/100
|-enditem|p2a: Manaphy|Sitrus Berry|[eat]
|-heal|p2a: Manaphy|71/100|[from] item: Sitrus Berry
|
|upkeep
|turn|10
|
|t:|1776103573
|move|p2a: Manaphy|Ice Beam|p1a: Dragonite
|-supereffective|p1a: Dragonite
|-damage|p1a: Dragonite|75/100
|move|p1a: Dragonite|Dragon Dance|p1a: Dragonite
|-boost|p1a: Dragonite|atk|1
|-boost|p1a: Dragonite|spe|1
|
|upkeep
|turn|11
|
|t:|1776103580
|move|p1a: Dragonite|Tera Blast|p2a: Manaphy|[anim] Tera Blast Flying
|-damage|p2a: Manaphy|0 fnt
|faint|p2a: Manaphy
|
|upkeep
|
|t:|1776103585
|switch|p2a: Ogerpon|Ogerpon, F|100/100
|turn|12
|
|t:|1776103593
|-terastallize|p2a: Ogerpon|Grass
|detailschange|p2a: Ogerpon|Ogerpon-Teal-Tera, F, tera:Grass
|-ability|p2a: Ogerpon|Embody Aspect (Teal)|boost
|-boost|p2a: Ogerpon|spe|1
|move|p2a: Ogerpon|Rock Tomb|p1a: Dragonite
|-supereffective|p1a: Dragonite
|-damage|p1a: Dragonite|35/100
|-unboost|p1a: Dragonite|spe|1
|move|p1a: Dragonite|Tera Blast|p2a: Ogerpon|[anim] Tera Blast Flying
|-supereffective|p2a: Ogerpon
|-damage|p2a: Ogerpon|0 fnt
|faint|p2a: Ogerpon
|detailschange|p2: Ogerpon|Ogerpon, F|[silent]
|
|upkeep
|
|t:|1776103595
|switch|p2a: Latios|Latios, M|100/100
|turn|13
|
|t:|1776103607
|move|p1a: Dragonite|Tera Blast|p2a: Latios|[anim] Tera Blast Flying
|-damage|p2a: Latios|18/100
|move|p2a: Latios|Agility|p2a: Latios
|-boost|p2a: Latios|spe|2
|
|upkeep
|turn|14
|
|t:|1776103612
|move|p2a: Latios|Stored Power|p1a: Dragonite
|-damage|p1a: Dragonite|3/100
|move|p1a: Dragonite|Tera Blast|p2a: Latios|[anim] Tera Blast Flying
|-damage|p2a: Latios|0 fnt
|faint|p2a: Latios
|
|upkeep
|
|t:|1776103615
|switch|p2a: Scizor|Scizor, F, shiny|54/100 par
|turn|15
|
|t:|1776103620
|move|p2a: Scizor|Bullet Punch|p1a: Dragonite
|-damage|p1a: Dragonite|0 fnt
|faint|p1a: Dragonite
|
|upkeep
|
|t:|1776103627
|switch|p1a: Kyurem|Kyurem, shiny|76/100
|-ability|p1a: Kyurem|Pressure
|turn|16
|
|t:|1776103633
|move|p2a: Scizor|Bullet Punch|p1a: Kyurem
|-supereffective|p1a: Kyurem
|-damage|p1a: Kyurem|8/100
|move|p1a: Kyurem|Ice Beam|p2a: Scizor
|-resisted|p2a: Scizor
|-damage|p2a: Scizor|20/100 par
|
|upkeep
|turn|17
|
|t:|1776103639
|move|p2a: Scizor|Bullet Punch|p1a: Kyurem
|-supereffective|p1a: Kyurem
|-damage|p1a: Kyurem|0 fnt
|faint|p1a: Kyurem
|
|upkeep
|
|t:|1776103642
|switch|p1a: Iron Valiant|Iron Valiant|100/100
|-enditem|p1a: Iron Valiant|Booster Energy
|-activate|p1a: Iron Valiant|ability: Quark Drive|[fromitem]
|-start|p1a: Iron Valiant|quarkdrivespe
|turn|18
|
|t:|1776103647
|move|p2a: Scizor|Bullet Punch|p1a: Iron Valiant
|-supereffective|p1a: Iron Valiant
|-damage|p1a: Iron Valiant|9/100
|move|p1a: Iron Valiant|Close Combat|p2a: Scizor
|-damage|p2a: Scizor|0 fnt
|-unboost|p1a: Iron Valiant|def|1
|-unboost|p1a: Iron Valiant|spd|1
|faint|p2a: Scizor
|
|win|ign27
|raw|ign27's rating: 1819 &rarr; <strong>1837</strong><br />(+18 for winning)
|raw|erhai's rating: 1781 &rarr; <strong>1763</strong><br />(-18 for losing)
|l|☆erhai
|player|p2|
|l| Metallic Symphony
|l| Eliv Thade
|l|☆ign27
|player|p1|
