|html|<div class="broadcast-blue"><strong>[Gen 9] OU is currently suspecting Volcarona! For information on how to participate check out the <a href="https://www.smogon.com/tools/suspects/view/208">suspect thread</a>.</strong></div>
|j|‽the big dsh
|j|☆Blueberry186
|t:|1778509653
|gametype|singles
|player|p1|the big dsh|101|1083
|player|p2|Blueberry186|marlon|1126
|gen|9
|tier|[Gen 9] OU
|rated|
|rule|HP Percentage Mod: HP is shown in percentages
|rule|Endless Battle Clause: Forcing endless battles is banned
|rule|Species Clause: Limit one of each Pokémon
|rule|OHKO Clause: OHKO moves are banned
|rule|Evasion Items Clause: Evasion items are banned
|rule|Evasion Moves Clause: Evasion moves are banned
|rule|Evasion Abilities Clause: Evasion abilities are banned
|rule|Sleep Moves Clause: Sleep-inducing moves are banned
|clearpoke
|poke|p1|Electrode|
|poke|p1|Primarina, F|
|poke|p1|Iron Moth|
|poke|p1|Dragonite, M|
|poke|p1|Espeon, F|
|poke|p1|Tyranitar, M|
|poke|p2|Rotom-Wash|
|poke|p2|Pelipper, M|
|poke|p2|Walking Wake|
|poke|p2|Overqwil, F|
|poke|p2|Ogerpon, F|
|poke|p2|Zapdos|
|teampreview
|inactive|Battle timer is ON: inactive players will automatically lose when time's up. (requested by Blueberry186)
|
|t:|1778509658
|teamsize|p1|6
|teamsize|p2|6
|start
|switch|p1a: Espeon|Espeon, F|100/100
|switch|p2a: Cuppy|Pelipper, M|100/100
|-weather|RainDance|[from] ability: Drizzle|[of] p2a: Cuppy
|turn|1
|
|t:|1778509664
|move|p1a: Espeon|Trick|p2a: Cuppy
|-activate|p1a: Espeon|move: Trick|[of] p2a: Cuppy
|-item|p2a: Cuppy|Choice Specs|[from] move: Trick
|-item|p1a: Espeon|Damp Rock|[from] move: Trick
|move|p2a: Cuppy|U-turn|p1a: Espeon
|-supereffective|p1a: Espeon
|-damage|p1a: Espeon|71/100
|
|t:|1778509685
|switch|p2a: Sea Mine|Overqwil, F|100/100|[from] U-turn
|
|-weather|RainDance|[upkeep]
|upkeep
|turn|2
|
|t:|1778509701
|move|p2a: Sea Mine|Crunch|p1a: Espeon
|-supereffective|p1a: Espeon
|-damage|p1a: Espeon|0 fnt
|faint|p1a: Espeon
|
|-weather|RainDance|[upkeep]
|upkeep
|
|t:|1778509705
|switch|p1a: Primarina|Primarina, F|100/100
|turn|3
|
|t:|1778509715
|move|p2a: Sea Mine|Barb Barrage|p1a: Primarina
|-supereffective|p1a: Primarina
|-damage|p1a: Primarina|21/100
|move|p1a: Primarina|Perish Song|p1a: Primarina
|-start|p1a: Primarina|perish3|[silent]
|-start|p2a: Sea Mine|perish3|[silent]
|-fieldactivate|move: Perish Song
|
|-weather|RainDance|[upkeep]
|-heal|p1a: Primarina|27/100|[from] item: Leftovers
|-start|p2a: Sea Mine|perish3
|-start|p1a: Primarina|perish3
|upkeep
|turn|4
|
|t:|1778509725
|move|p1a: Primarina|Protect|p1a: Primarina
|-singleturn|p1a: Primarina|Protect
|move|p2a: Sea Mine|Barb Barrage|p1a: Primarina
|-activate|p1a: Primarina|move: Protect
|
|-weather|RainDance|[upkeep]
|-heal|p1a: Primarina|33/100|[from] item: Leftovers
|-start|p2a: Sea Mine|perish2
|-start|p1a: Primarina|perish2
|upkeep
|turn|5
|
|t:|1778509736
|switch|p1a: Tyranitar|Tyranitar, M, shiny|100/100
|-weather|Sandstorm|[from] ability: Sand Stream|[of] p1a: Tyranitar
|move|p2a: Sea Mine|Barb Barrage|p1a: Tyranitar
|-resisted|p1a: Tyranitar
|-damage|p1a: Tyranitar|89/100
|
|-weather|Sandstorm|[upkeep]
|-damage|p2a: Sea Mine|94/100|[from] Sandstorm
|-heal|p1a: Tyranitar|95/100|[from] item: Leftovers
|-start|p2a: Sea Mine|perish1
|upkeep
|turn|6
|
|t:|1778509760
|switch|p2a: Majora|Ogerpon, F|100/100
|move|p1a: Tyranitar|Knock Off|p2a: Majora
|-damage|p2a: Majora|22/100
|-enditem|p2a: Majora|Expert Belt|[from] move: Knock Off|[of] p1a: Tyranitar
|
|-weather|Sandstorm|[upkeep]
|-damage|p2a: Majora|16/100|[from] Sandstorm
|-heal|p1a: Tyranitar|100/100|[from] item: Leftovers
|upkeep
|turn|7
|
|t:|1778509771
|switch|p1a: Dragonite|Dragonite, M|100/100
|move|p2a: Majora|Horn Leech|p1a: Dragonite
|-resisted|p1a: Dragonite
|-damage|p1a: Dragonite|89/100
|-heal|p2a: Majora|23/100|[from] drain|[of] p1a: Dragonite
|
|-weather|Sandstorm|[upkeep]
|-damage|p2a: Majora|17/100|[from] Sandstorm
|-damage|p1a: Dragonite|83/100|[from] Sandstorm
|-heal|p1a: Dragonite|89/100|[from] item: Leftovers
|upkeep
|turn|8
|
|t:|1778509789
|switch|p2a: Cuppy|Pelipper, M|100/100
|-weather|RainDance|[from] ability: Drizzle|[of] p2a: Cuppy
|move|p1a: Dragonite|Air Slash|p2a: Cuppy
|-damage|p2a: Cuppy|64/100
|
|-weather|RainDance|[upkeep]
|-heal|p1a: Dragonite|95/100|[from] item: Leftovers
|upkeep
|turn|9
|
|t:|1778509797
|move|p1a: Dragonite|Dragon Claw|p2a: Cuppy
|-damage|p2a: Cuppy|28/100
|move|p2a: Cuppy|Ice Beam|p1a: Dragonite
|-supereffective|p1a: Dragonite
|-damage|p1a: Dragonite|0 fnt
|faint|p1a: Dragonite
|
|-weather|RainDance|[upkeep]
|upkeep
|
|t:|1778509806
|switch|p1a: Primarina|Primarina, F|33/100
|turn|10
|
|t:|1778509815
|switch|p2a: Sea Mine|Overqwil, F|94/100
|move|p1a: Primarina|Alluring Voice|p2a: Sea Mine
|-damage|p2a: Sea Mine|45/100
|
|-weather|RainDance|[upkeep]
|-heal|p1a: Primarina|40/100|[from] item: Leftovers
|upkeep
|turn|11
|
|t:|1778509823
|move|p1a: Primarina|Protect|p1a: Primarina
|-singleturn|p1a: Primarina|Protect
|move|p2a: Sea Mine|Barb Barrage|p1a: Primarina
|-activate|p1a: Primarina|move: Protect
|
|-weather|RainDance|[upkeep]
|-heal|p1a: Primarina|46/100|[from] item: Leftovers
|upkeep
|turn|12
|
|t:|1778509837
|switch|p1a: Electrode|Electrode|100/100
|-item|p1a: Electrode|Air Balloon
|move|p2a: Sea Mine|Barb Barrage|p1a: Electrode
|-damage|p1a: Electrode|50/100
|-enditem|p1a: Electrode|Air Balloon
|
|-weather|none
|upkeep
|turn|13
|
|t:|1778509849
|switch|p2a: Walking Woke|Walking Wake|100/100
|-enditem|p2a: Walking Woke|Booster Energy
|-activate|p2a: Walking Woke|ability: Protosynthesis|[fromitem]
|-start|p2a: Walking Woke|protosynthesisspa
|move|p1a: Electrode|Thunder Wave|p2a: Walking Woke
|-status|p2a: Walking Woke|par
|
|upkeep
|turn|14
|
|t:|1778509861
|move|p1a: Electrode|Light Screen|p1a: Electrode
|-sidestart|p1: the big dsh|move: Light Screen
|move|p2a: Walking Woke|Draco Meteor|p1a: Electrode
|-damage|p1a: Electrode|0 fnt
|-unboost|p2a: Walking Woke|spa|2
|faint|p1a: Electrode
|
|upkeep
|
|t:|1778509873
|switch|p1a: Primarina|Primarina, F|46/100
|turn|15
|
|t:|1778509890
|-end|p2a: Walking Woke|Protosynthesis|[silent]
|switch|p2a: Zappy Birb|Zapdos|100/100
|move|p1a: Primarina|Perish Song|p1a: Primarina
|-start|p1a: Primarina|perish3|[silent]
|-start|p2a: Zappy Birb|perish3|[silent]
|-fieldactivate|move: Perish Song
|
|-heal|p1a: Primarina|52/100|[from] item: Leftovers
|-start|p2a: Zappy Birb|perish3
|-start|p1a: Primarina|perish3
|upkeep
|turn|16
|
|t:|1778509900
|move|p1a: Primarina|Protect|p1a: Primarina
|-singleturn|p1a: Primarina|Protect
|move|p2a: Zappy Birb|Tailwind|p2a: Zappy Birb
|-sidestart|p2: Blueberry186|move: Tailwind
|
|-heal|p1a: Primarina|58/100|[from] item: Leftovers
|-start|p2a: Zappy Birb|perish2
|-start|p1a: Primarina|perish2
|upkeep
|turn|17
|
|t:|1778509908
|switch|p1a: Tyranitar|Tyranitar, M, shiny|100/100
|-weather|Sandstorm|[from] ability: Sand Stream|[of] p1a: Tyranitar
|move|p2a: Zappy Birb|Thunder|p1a: Tyranitar
|-damage|p1a: Tyranitar|86/100
|
|-weather|Sandstorm|[upkeep]
|-damage|p2a: Zappy Birb|94/100|[from] Sandstorm
|-heal|p1a: Tyranitar|92/100|[from] item: Leftovers
|-start|p2a: Zappy Birb|perish1
|upkeep
|turn|18
|
|t:|1778509922
|switch|p2a: Annoyance|Rotom-Wash|100/100
|move|p1a: Tyranitar|Power Gem|p2a: Annoyance
|-damage|p2a: Annoyance|80/100
|
|-weather|Sandstorm|[upkeep]
|-damage|p2a: Annoyance|74/100|[from] Sandstorm
|-heal|p1a: Tyranitar|98/100|[from] item: Leftovers
|-sideend|p1: the big dsh|move: Light Screen
|upkeep
|turn|19
|
|t:|1778509936
|switch|p1a: Iron Moth|Iron Moth|100/100
|move|p2a: Annoyance|Thunder Wave|p1a: Iron Moth
|-status|p1a: Iron Moth|par
|
|-weather|Sandstorm|[upkeep]
|-damage|p2a: Annoyance|68/100|[from] Sandstorm
|-damage|p1a: Iron Moth|94/100 par|[from] Sandstorm
|-heal|p1a: Iron Moth|100/100 par|[from] item: Leftovers
|-sideend|p2: Blueberry186|move: Tailwind
|upkeep
|turn|20
|
|t:|1778509945
|move|p2a: Annoyance|Volt Switch|p1a: Iron Moth
|-damage|p1a: Iron Moth|80/100 par
|
|t:|1778509946
|switch|p2a: Cuppy|Pelipper, M|28/100|[from] Volt Switch
|-weather|RainDance|[from] ability: Drizzle|[of] p2a: Cuppy
|move|p1a: Iron Moth|Substitute|p1a: Iron Moth
|-start|p1a: Iron Moth|Substitute
|-damage|p1a: Iron Moth|56/100 par
|
|-weather|RainDance|[upkeep]
|-heal|p1a: Iron Moth|62/100 par|[from] item: Leftovers
|upkeep
|turn|21
|
|t:|1778509959
|move|p1a: Iron Moth|Toxic|p2a: Cuppy
|-status|p2a: Cuppy|tox
|move|p2a: Cuppy|Weather Ball|p1a: Iron Moth
|-supereffective|p1a: Iron Moth
|-end|p1a: Iron Moth|Substitute
|
|-weather|RainDance|[upkeep]
|-heal|p1a: Iron Moth|68/100 par|[from] item: Leftovers
|-damage|p2a: Cuppy|22/100 tox|[from] psn
|upkeep
|turn|22
|
|t:|1778509970
|-end|p1a: Iron Moth|Quark Drive|[silent]
|switch|p1a: Primarina|Primarina, F|58/100
|move|p2a: Cuppy|Weather Ball|p1a: Primarina
|-resisted|p1a: Primarina
|-damage|p1a: Primarina|36/100
|
|-weather|RainDance|[upkeep]
|-heal|p1a: Primarina|43/100|[from] item: Leftovers
|-damage|p2a: Cuppy|9/100 tox|[from] psn
|upkeep
|turn|23
|
|t:|1778509985
|switch|p2a: Zappy Birb|Zapdos|94/100
|move|p1a: Primarina|Perish Song|p1a: Primarina
|-start|p1a: Primarina|perish3|[silent]
|-start|p2a: Zappy Birb|perish3|[silent]
|-fieldactivate|move: Perish Song
|
|-weather|RainDance|[upkeep]
|-heal|p1a: Primarina|49/100|[from] item: Leftovers
|-start|p2a: Zappy Birb|perish3
|-start|p1a: Primarina|perish3
|upkeep
|turn|24
|
|t:|1778509995
|switch|p1a: Tyranitar|Tyranitar, M, shiny|98/100
|-weather|Sandstorm|[from] ability: Sand Stream|[of] p1a: Tyranitar
|move|p2a: Zappy Birb|Thunder|p1a: Tyranitar
|-damage|p1a: Tyranitar|64/100
|
|-weather|Sandstorm|[upkeep]
|-damage|p2a: Zappy Birb|88/100|[from] Sandstorm
|-heal|p1a: Tyranitar|71/100|[from] item: Leftovers
|-start|p2a: Zappy Birb|perish2
|upkeep
|turn|25
|
|t:|1778510006
|switch|p2a: Annoyance|Rotom-Wash|68/100
|move|p1a: Tyranitar|Power Gem|p2a: Annoyance
|-damage|p2a: Annoyance|49/100
|
|-weather|Sandstorm|[upkeep]
|-damage|p2a: Annoyance|43/100|[from] Sandstorm
|-heal|p1a: Tyranitar|77/100|[from] item: Leftovers
|upkeep
|turn|26
|
|t:|1778510014
|switch|p1a: Iron Moth|Iron Moth|68/100 par
|move|p2a: Annoyance|Volt Switch|p1a: Iron Moth
|-damage|p1a: Iron Moth|47/100 par
|
|t:|1778510020
|switch|p2a: Majora|Ogerpon, F|17/100|[from] Volt Switch
|
|-weather|Sandstorm|[upkeep]
|-damage|p2a: Majora|11/100|[from] Sandstorm
|-damage|p1a: Iron Moth|41/100 par|[from] Sandstorm
|-heal|p1a: Iron Moth|47/100 par|[from] item: Leftovers
|upkeep
|turn|27
|
|t:|1778510027
|move|p2a: Majora|Stomping Tantrum|p1a: Iron Moth
|-supereffective|p1a: Iron Moth
|-damage|p1a: Iron Moth|0 fnt
|faint|p1a: Iron Moth
|-end|p1a: Iron Moth|Quark Drive|[silent]
|
|-weather|Sandstorm|[upkeep]
|-damage|p2a: Majora|5/100|[from] Sandstorm
|upkeep
|
|t:|1778510033
|switch|p1a: Primarina|Primarina, F|49/100
|turn|28
|
|t:|1778510038
|switch|p2a: Annoyance|Rotom-Wash|43/100
|move|p1a: Primarina|Protect||[still]
|-fail|p1a: Primarina
|
|-weather|none
|-heal|p1a: Primarina|55/100|[from] item: Leftovers
|upkeep
|turn|29
|
|t:|1778510048
|switch|p1a: Tyranitar|Tyranitar, M, shiny|77/100
|-weather|Sandstorm|[from] ability: Sand Stream|[of] p1a: Tyranitar
|move|p2a: Annoyance|Pain Split|p1a: Tyranitar
|-sethp|p1a: Tyranitar|55/100|[from] move: Pain Split|[silent]
|-sethp|p2a: Annoyance|73/100|[from] move: Pain Split
|
|-weather|Sandstorm|[upkeep]
|-damage|p2a: Annoyance|67/100|[from] Sandstorm
|-heal|p1a: Tyranitar|61/100|[from] item: Leftovers
|upkeep
|turn|30
|
|t:|1778510060
|move|p2a: Annoyance|Volt Switch|p1a: Tyranitar
|-damage|p1a: Tyranitar|47/100
|
|t:|1778510076
|switch|p2a: Cuppy|Pelipper, M|9/100 tox|[from] Volt Switch
|-weather|RainDance|[from] ability: Drizzle|[of] p2a: Cuppy
|move|p1a: Tyranitar|Knock Off|p2a: Cuppy
|-damage|p2a: Cuppy|0 fnt
|-enditem|p2a: Cuppy|Choice Specs|[from] move: Knock Off|[of] p1a: Tyranitar
|faint|p2a: Cuppy
|
|-weather|RainDance|[upkeep]
|-heal|p1a: Tyranitar|53/100|[from] item: Leftovers
|upkeep
|
|t:|1778510081
|switch|p2a: Majora|Ogerpon, F|5/100
|turn|31
|
|t:|1778510099
|move|p2a: Majora|Horn Leech|p1a: Tyranitar
|-supereffective|p1a: Tyranitar
|-damage|p1a: Tyranitar|0 fnt
|-heal|p2a: Majora|40/100|[from] drain|[of] p1a: Tyranitar
|faint|p1a: Tyranitar
|
|-weather|RainDance|[upkeep]
|upkeep
|
|t:|1778510105
|switch|p1a: Primarina|Primarina, F|55/100
|turn|32
|
|t:|1778510123
|-terastallize|p1a: Primarina|Fire
|move|p2a: Majora|Horn Leech|p1a: Primarina
|-resisted|p1a: Primarina
|-damage|p1a: Primarina|34/100
|-heal|p2a: Majora|53/100|[from] drain|[of] p1a: Primarina
|move|p1a: Primarina|Alluring Voice|p2a: Majora
|-damage|p2a: Majora|16/100
|
|-weather|RainDance|[upkeep]
|-heal|p1a: Primarina|40/100|[from] item: Leftovers
|upkeep
|turn|33
|
|t:|1778510134
|move|p2a: Majora|Spiky Shield|p2a: Majora
|-singleturn|p2a: Majora|move: Protect
|move|p1a: Primarina|Protect||[still]
|-fail|p1a: Primarina
|
|-weather|RainDance|[upkeep]
|-heal|p1a: Primarina|46/100|[from] item: Leftovers
|upkeep
|turn|34
|
|t:|1778510142
|move|p2a: Majora|Stomping Tantrum|p1a: Primarina
|-supereffective|p1a: Primarina
|-damage|p1a: Primarina|0 fnt
|faint|p1a: Primarina
|
|win|Blueberry186
|raw|the big dsh's rating: 1083 &rarr; <strong>1063</strong><br />(-20 for losing)
|raw|Blueberry186's rating: 1126 &rarr; <strong>1148</strong><br />(+22 for winning)
