|html|<div class="broadcast-blue"><strong>[Gen 9] OU is currently suspecting Tera Blast! For information on how to participate check out the <a href="https://www.smogon.com/tools/suspects/view/200">suspect thread</a>.</strong></div>
|j|☆Blastoise_Choice
|j|☆mourning rmoon rn
|t:|1776119920
|gametype|singles
|player|p1|Blastoise_Choice|101|1569
|player|p2|mourning rmoon rn|lass-gen8|1513
|gen|9
|tier|[Gen 9] OU
|rated|
|rule|HP Percentage Mod: HP is shown in percentages
|rule|Endless Battle Clause: Forcing endless battles is banned
|rule|Species Clause: Limit one of each Pokémon
|rule|OHKO Clause: OHKO moves are banned
|rule|Evasion Items Clause: Evasion items are banned
|rule|Evasion Moves Clause: Evasion moves are banned
|rule|Evasion Abilities Clause: Evasion abilities are banned
|rule|Sleep Moves Clause: Sleep-inducing moves are banned
|clearpoke
|poke|p1|Hydrapple, M|
|poke|p1|Tyranitar, F|
|poke|p1|Moltres|
|poke|p1|Zamazenta-*|
|poke|p1|Slowking-Galar, M|
|poke|p1|Excadrill, F|
|poke|p2|Dragonite, F|
|poke|p2|Kingambit, F|
|poke|p2|Glimmora, M|
|poke|p2|Zamazenta-*|
|poke|p2|Ogerpon-Wellspring, F|
|poke|p2|Gholdengo|
|teampreview
|inactive|Battle timer is ON: inactive players will automatically lose when time's up. (requested by mourning rmoon rn)
|c|☆Blastoise_Choice|hf
|inactive|Blastoise_Choice also wants the timer to be on.
|
|t:|1776119934
|teamsize|p1|6
|teamsize|p2|6
|start
|switch|p1a: Slowking|Slowking-Galar, M|100/100
|switch|p2a: ADDRESS ME.|Ogerpon-Wellspring, F|100/100
|turn|1
|
|t:|1776119941
|move|p2a: ADDRESS ME.|Swords Dance|p2a: ADDRESS ME.
|-boost|p2a: ADDRESS ME.|atk|2
|move|p1a: Slowking|Sludge Bomb|p2a: ADDRESS ME.
|-supereffective|p2a: ADDRESS ME.
|-damage|p2a: ADDRESS ME.|16/100
|
|upkeep
|turn|2
|
|t:|1776119948
|switch|p1a: Hydrapple|Hydrapple, M|100/100
|move|p2a: ADDRESS ME.|Ivy Cudgel|p1a: Hydrapple|[anim] Ivy Cudgel Water
|-resisted|p1a: Hydrapple
|-damage|p1a: Hydrapple|80/100
|
|upkeep
|turn|3
|
|t:|1776119954
|move|p2a: ADDRESS ME.|Play Rough|p1a: Hydrapple|[miss]
|-miss|p2a: ADDRESS ME.|p1a: Hydrapple
|move|p1a: Hydrapple|Fickle Beam|p2a: ADDRESS ME.
|-damage|p2a: ADDRESS ME.|0 fnt
|faint|p2a: ADDRESS ME.
|
|upkeep
|
|t:|1776119964
|switch|p2a: bad bitch pardon?|Glimmora, M|100/100
|turn|4
|j| Shucklepilled
|
|t:|1776119972
|switch|p1a: Excadrill|Excadrill, F|100/100
|-item|p1a: Excadrill|Air Balloon
|move|p2a: bad bitch pardon?|Stealth Rock|p1a: Excadrill
|-sidestart|p1: Blastoise_Choice|move: Stealth Rock
|
|upkeep
|turn|5
|
|t:|1776119979
|move|p1a: Excadrill|Rapid Spin|p2a: bad bitch pardon?
|-resisted|p2a: bad bitch pardon?
|-damage|p2a: bad bitch pardon?|95/100
|-boost|p1a: Excadrill|spe|1
|-activate|p2a: bad bitch pardon?|ability: Toxic Debris
|-sidestart|p1: Blastoise_Choice|move: Toxic Spikes
|-sideend|p1: Blastoise_Choice|Toxic Spikes|[from] move: Rapid Spin|[of] p1a: Excadrill
|-sideend|p1: Blastoise_Choice|Stealth Rock|[from] move: Rapid Spin|[of] p1a: Excadrill
|-enditem|p2a: bad bitch pardon?|Red Card|[of] p1a: Excadrill
|drag|p1a: Moltres|Moltres|100/100
|move|p2a: bad bitch pardon?|Power Gem|p1a: Moltres
|-supereffective|p1a: Moltres
|-damage|p1a: Moltres|0 fnt
|faint|p1a: Moltres
|
|upkeep
|
|t:|1776119987
|switch|p1a: Slowking|Slowking-Galar, M|100/100
|turn|6
|
|t:|1776119993
|move|p2a: bad bitch pardon?|Stealth Rock|p1a: Slowking
|-sidestart|p1: Blastoise_Choice|move: Stealth Rock
|move|p1a: Slowking|Psyshock|p2a: bad bitch pardon?
|-supereffective|p2a: bad bitch pardon?
|-damage|p2a: bad bitch pardon?|48/100
|
|upkeep
|turn|7
|
|t:|1776120000
|move|p2a: bad bitch pardon?|Earth Power|p1a: Slowking
|-supereffective|p1a: Slowking
|-damage|p1a: Slowking|71/100
|move|p1a: Slowking|Flamethrower|p2a: bad bitch pardon?
|-resisted|p2a: bad bitch pardon?
|-damage|p2a: bad bitch pardon?|36/100
|
|upkeep
|turn|8
|
|t:|1776120004
|move|p2a: bad bitch pardon?|Earth Power|p1a: Slowking
|-supereffective|p1a: Slowking
|-damage|p1a: Slowking|42/100
|move|p1a: Slowking|Flamethrower|p2a: bad bitch pardon?
|-resisted|p2a: bad bitch pardon?
|-damage|p2a: bad bitch pardon?|23/100
|
|upkeep
|turn|9
|
|t:|1776120008
|move|p2a: bad bitch pardon?|Earth Power|p1a: Slowking
|-supereffective|p1a: Slowking
|-damage|p1a: Slowking|13/100
|move|p1a: Slowking|Flamethrower|p2a: bad bitch pardon?
|-resisted|p2a: bad bitch pardon?
|-damage|p2a: bad bitch pardon?|9/100
|
|upkeep
|turn|10
|
|t:|1776120012
|switch|p1a: Zamazenta|Zamazenta|100/100
|-damage|p1a: Zamazenta|94/100|[from] Stealth Rock
|-ability|p1a: Zamazenta|Dauntless Shield|boost
|-boost|p1a: Zamazenta|def|1
|move|p2a: bad bitch pardon?|Power Gem|p1a: Zamazenta
|-resisted|p1a: Zamazenta
|-damage|p1a: Zamazenta|78/100
|
|-heal|p1a: Zamazenta|84/100|[from] item: Leftovers
|upkeep
|turn|11
|
|t:|1776120016
|switch|p1a: Excadrill|Excadrill, F|100/100
|-damage|p1a: Excadrill|97/100|[from] Stealth Rock
|-item|p1a: Excadrill|Air Balloon
|switch|p2a: ffragmentsofU|Gholdengo|100/100
|
|upkeep
|turn|12
|l| Shucklepilled
|
|t:|1776120022
|switch|p2a: bad bitch pardon?|Glimmora, M|9/100
|move|p1a: Excadrill|Earthquake|p2a: bad bitch pardon?
|-supereffective|p2a: bad bitch pardon?
|-damage|p2a: bad bitch pardon?|0 fnt
|-activate|p2a: bad bitch pardon?|ability: Toxic Debris
|-sidestart|p1: Blastoise_Choice|move: Toxic Spikes
|faint|p2a: bad bitch pardon?
|
|upkeep
|
|t:|1776120026
|switch|p2a: YACHTSICK|Zamazenta|100/100
|-ability|p2a: YACHTSICK|Dauntless Shield|boost
|-boost|p2a: YACHTSICK|def|1
|turn|13
|
|t:|1776120032
|switch|p1a: Slowking|Slowking-Galar, M|47/100
|-damage|p1a: Slowking|34/100|[from] Stealth Rock
|-sideend|p1: Blastoise_Choice|move: Toxic Spikes|[of] p1a: Slowking
|move|p2a: YACHTSICK|Substitute|p2a: YACHTSICK
|-start|p2a: YACHTSICK|Substitute
|-damage|p2a: YACHTSICK|76/100
|
|-heal|p2a: YACHTSICK|82/100|[from] item: Leftovers
|upkeep
|turn|14
|
|t:|1776120039
|switch|p1a: Zamazenta|Zamazenta|84/100
|-damage|p1a: Zamazenta|78/100|[from] Stealth Rock
|move|p2a: YACHTSICK|Crunch|p1a: Zamazenta
|-resisted|p1a: Zamazenta
|-damage|p1a: Zamazenta|69/100
|
|-heal|p1a: Zamazenta|75/100|[from] item: Leftovers
|-heal|p2a: YACHTSICK|88/100|[from] item: Leftovers
|upkeep
|turn|15
|
|t:|1776120045
|move|p1a: Zamazenta|Iron Defense|p1a: Zamazenta
|-boost|p1a: Zamazenta|def|2
|move|p2a: YACHTSICK|Body Press|p1a: Zamazenta
|-damage|p1a: Zamazenta|59/100
|
|-heal|p1a: Zamazenta|65/100|[from] item: Leftovers
|-heal|p2a: YACHTSICK|94/100|[from] item: Leftovers
|upkeep
|turn|16
|
|t:|1776120049
|switch|p1a: Excadrill|Excadrill, F|97/100
|-damage|p1a: Excadrill|94/100|[from] Stealth Rock
|-item|p1a: Excadrill|Air Balloon
|move|p2a: YACHTSICK|Iron Defense|p2a: YACHTSICK
|-boost|p2a: YACHTSICK|def|2
|
|-heal|p2a: YACHTSICK|100/100|[from] item: Leftovers
|upkeep
|turn|17
|
|t:|1776120053
|switch|p1a: Slowking|Slowking-Galar, M|68/100
|-damage|p1a: Slowking|55/100|[from] Stealth Rock
|move|p2a: YACHTSICK|Body Press|p1a: Slowking
|-resisted|p1a: Slowking
|-crit|p1a: Slowking
|-damage|p1a: Slowking|31/100
|
|upkeep
|turn|18
|
|t:|1776120057
|switch|p1a: Hydrapple|Hydrapple, M|100/100
|move|p2a: YACHTSICK|Crunch|p1a: Hydrapple
|-damage|p1a: Hydrapple|86/100
|
|upkeep
|turn|19
|
|t:|1776120061
|-terastallize|p1a: Hydrapple|Poison
|move|p2a: YACHTSICK|Body Press|p1a: Hydrapple
|-resisted|p1a: Hydrapple
|-damage|p1a: Hydrapple|61/100
|move|p1a: Hydrapple|Nasty Plot|p1a: Hydrapple
|-boost|p1a: Hydrapple|spa|2
|
|upkeep
|turn|20
|
|t:|1776120065
|move|p2a: YACHTSICK|Iron Defense|p2a: YACHTSICK
|-boost|p2a: YACHTSICK|def|2
|move|p1a: Hydrapple|Giga Drain|p2a: YACHTSICK
|-end|p2a: YACHTSICK|Substitute
|-heal|p1a: Hydrapple|73/100|[from] drain|[of] p2a: YACHTSICK
|
|upkeep
|turn|21
|
|t:|1776120075
|move|p2a: YACHTSICK|Body Press|p1a: Hydrapple
|-resisted|p1a: Hydrapple
|-damage|p1a: Hydrapple|42/100
|move|p1a: Hydrapple|Giga Drain|p2a: YACHTSICK
|-damage|p2a: YACHTSICK|52/100
|-heal|p1a: Hydrapple|65/100|[from] drain|[of] p2a: YACHTSICK
|
|-heal|p2a: YACHTSICK|58/100|[from] item: Leftovers
|upkeep
|turn|22
|
|t:|1776120080
|switch|p2a: ffragmentsofU|Gholdengo|100/100
|move|p1a: Hydrapple|Giga Drain|p2a: ffragmentsofU
|-resisted|p2a: ffragmentsofU
|-damage|p2a: ffragmentsofU|61/100
|-heal|p1a: Hydrapple|81/100|[from] drain|[of] p2a: ffragmentsofU
|
|upkeep
|turn|23
|
|t:|1776120087
|switch|p1a: Excadrill|Excadrill, F|94/100
|-damage|p1a: Excadrill|91/100|[from] Stealth Rock
|-item|p1a: Excadrill|Air Balloon
|move|p2a: ffragmentsofU|Make It Rain|p1a: Excadrill
|-resisted|p1a: Excadrill
|-damage|p1a: Excadrill|48/100
|-unboost|p2a: ffragmentsofU|spa|1
|-enditem|p1a: Excadrill|Air Balloon
|
|upkeep
|turn|24
|
|t:|1776120094
|switch|p2a: YACHTSICK|Zamazenta|58/100
|move|p1a: Excadrill|Earthquake|p2a: YACHTSICK
|-damage|p2a: YACHTSICK|13/100
|
|-heal|p2a: YACHTSICK|19/100|[from] item: Leftovers
|upkeep
|turn|25
|
|t:|1776120099
|switch|p1a: Hydrapple|Hydrapple, M, tera:Poison|100/100
|move|p2a: YACHTSICK|Crunch|p1a: Hydrapple
|-damage|p1a: Hydrapple|86/100
|-unboost|p1a: Hydrapple|def|1
|
|-heal|p2a: YACHTSICK|25/100|[from] item: Leftovers
|upkeep
|turn|26
|j| Shucklepilled
|
|t:|1776120103
|switch|p2a: ffragmentsofU|Gholdengo|61/100
|move|p1a: Hydrapple|Earth Power|p2a: ffragmentsofU
|-supereffective|p2a: ffragmentsofU
|-damage|p2a: ffragmentsofU|1/100
|
|upkeep
|turn|27
|
|t:|1776120110
|switch|p1a: Slowking|Slowking-Galar, M|64/100
|-damage|p1a: Slowking|52/100|[from] Stealth Rock
|move|p2a: ffragmentsofU|Make It Rain|p1a: Slowking
|-damage|p1a: Slowking|17/100
|-unboost|p2a: ffragmentsofU|spa|1
|
|upkeep
|turn|28
|
|t:|1776120116
|switch|p1a: Hydrapple|Hydrapple, M, tera:Poison|100/100
|move|p2a: ffragmentsofU|Make It Rain|p1a: Hydrapple
|-damage|p1a: Hydrapple|57/100
|-unboost|p2a: ffragmentsofU|spa|1
|
|upkeep
|turn|29
|
|t:|1776120123
|switch|p2a: YACHTSICK|Zamazenta|25/100
|switch|p1a: Slowking|Slowking-Galar, M|50/100
|-damage|p1a: Slowking|38/100|[from] Stealth Rock
|
|-heal|p2a: YACHTSICK|32/100|[from] item: Leftovers
|upkeep
|turn|30
|
|t:|1776120127
|switch|p2a: ffragmentsofU|Gholdengo|1/100
|move|p1a: Slowking|Ice Beam|p2a: ffragmentsofU
|-resisted|p2a: ffragmentsofU
|-crit|p2a: ffragmentsofU
|-damage|p2a: ffragmentsofU|0 fnt
|faint|p2a: ffragmentsofU
|
|upkeep
|
|t:|1776120130
|switch|p2a: 2PHONEBABYKEEM|Kingambit, F|100/100
|-activate|p2a: 2PHONEBABYKEEM|ability: Supreme Overlord
|-start|p2a: 2PHONEBABYKEEM|fallen3|[silent]
|turn|31
|j| KatWithATan
|
|t:|1776120136
|move|p2a: 2PHONEBABYKEEM|Swords Dance|p2a: 2PHONEBABYKEEM
|-boost|p2a: 2PHONEBABYKEEM|atk|2
|move|p1a: Slowking|Flamethrower|p2a: 2PHONEBABYKEEM
|-supereffective|p2a: 2PHONEBABYKEEM
|-damage|p2a: 2PHONEBABYKEEM|57/100
|
|-heal|p2a: 2PHONEBABYKEEM|63/100|[from] item: Leftovers
|upkeep
|turn|32
|
|t:|1776120145
|switch|p1a: Excadrill|Excadrill, F|48/100
|-damage|p1a: Excadrill|45/100|[from] Stealth Rock
|move|p2a: 2PHONEBABYKEEM|Kowtow Cleave|p1a: Excadrill
|-damage|p1a: Excadrill|0 fnt
|faint|p1a: Excadrill
|
|-heal|p2a: 2PHONEBABYKEEM|70/100|[from] item: Leftovers
|upkeep
|l| KatWithATan
|
|t:|1776120152
|switch|p1a: Zamazenta|Zamazenta|65/100
|-damage|p1a: Zamazenta|59/100|[from] Stealth Rock
|turn|33
|c| Shucklepilled|john is calling 📞
|c|☆mourning rmoon rn|john deaed
|
|t:|1776120158
|-terastallize|p2a: 2PHONEBABYKEEM|Ghost
|move|p1a: Zamazenta|Iron Defense|p1a: Zamazenta
|-boost|p1a: Zamazenta|def|2
|move|p2a: 2PHONEBABYKEEM|Iron Head|p1a: Zamazenta
|-damage|p1a: Zamazenta|8/100
|
|-heal|p1a: Zamazenta|15/100|[from] item: Leftovers
|-heal|p2a: 2PHONEBABYKEEM|76/100|[from] item: Leftovers
|upkeep
|turn|34
|
|t:|1776120163
|move|p1a: Zamazenta|Crunch|p2a: 2PHONEBABYKEEM
|-supereffective|p2a: 2PHONEBABYKEEM
|-damage|p2a: 2PHONEBABYKEEM|42/100
|-unboost|p2a: 2PHONEBABYKEEM|def|1
|move|p2a: 2PHONEBABYKEEM|Iron Head|p1a: Zamazenta
|-damage|p1a: Zamazenta|0 fnt
|faint|p1a: Zamazenta
|
|-heal|p2a: 2PHONEBABYKEEM|49/100|[from] item: Leftovers
|upkeep
|
|t:|1776120167
|switch|p1a: Hydrapple|Hydrapple, M, tera:Poison|91/100
|turn|35
|
|t:|1776120171
|switch|p1a: Slowking|Slowking-Galar, M|71/100
|-damage|p1a: Slowking|59/100|[from] Stealth Rock
|move|p2a: 2PHONEBABYKEEM|Kowtow Cleave|p1a: Slowking
|-supereffective|p1a: Slowking
|-damage|p1a: Slowking|0 fnt
|faint|p1a: Slowking
|
|-heal|p2a: 2PHONEBABYKEEM|55/100|[from] item: Leftovers
|upkeep
|
|t:|1776120175
|switch|p1a: Hydrapple|Hydrapple, M, tera:Poison|100/100
|turn|36
|
|t:|1776120179
|move|p2a: 2PHONEBABYKEEM|Kowtow Cleave|p1a: Hydrapple
|-damage|p1a: Hydrapple|27/100
|move|p1a: Hydrapple|Earth Power|p2a: 2PHONEBABYKEEM
|-damage|p2a: 2PHONEBABYKEEM|31/100
|
|-heal|p2a: 2PHONEBABYKEEM|37/100|[from] item: Leftovers
|upkeep
|turn|37
|
|t:|1776120183
|move|p2a: 2PHONEBABYKEEM|Iron Head|p1a: Hydrapple
|-damage|p1a: Hydrapple|0 fnt
|faint|p1a: Hydrapple
|
|-heal|p2a: 2PHONEBABYKEEM|44/100|[from] item: Leftovers
|upkeep
|c|☆mourning rmoon rn|gg
|
|t:|1776120187
|switch|p1a: Tyranitar|Tyranitar, F|100/100
|-damage|p1a: Tyranitar|88/100|[from] Stealth Rock
|-weather|Sandstorm|[from] ability: Sand Stream|[of] p1a: Tyranitar
|turn|38
|
|t:|1776120190
|move|p2a: 2PHONEBABYKEEM|Sucker Punch|p1a: Tyranitar
|-resisted|p1a: Tyranitar
|-damage|p1a: Tyranitar|45/100
|move|p1a: Tyranitar|Ice Beam|p2a: 2PHONEBABYKEEM
|-damage|p2a: 2PHONEBABYKEEM|23/100
|
|-weather|Sandstorm|[upkeep]
|-damage|p2a: 2PHONEBABYKEEM|17/100|[from] Sandstorm
|-heal|p2a: 2PHONEBABYKEEM|23/100|[from] item: Leftovers
|upkeep
|turn|39
|
|t:|1776120194
|move|p1a: Tyranitar|Knock Off|p2a: 2PHONEBABYKEEM
|-supereffective|p2a: 2PHONEBABYKEEM
|-damage|p2a: 2PHONEBABYKEEM|0 fnt
|-enditem|p2a: 2PHONEBABYKEEM|Leftovers|[from] move: Knock Off|[of] p1a: Tyranitar
|faint|p2a: 2PHONEBABYKEEM
|-end|p2a: 2PHONEBABYKEEM|fallen3|[silent]
|
|-weather|Sandstorm|[upkeep]
|upkeep
|
|t:|1776120196
|switch|p2a: YACHTSICK|Zamazenta|32/100
|turn|40
|c| Shucklepilled|Tell 'em john sent you 😎
|
|t:|1776120199
|move|p2a: YACHTSICK|Body Press|p1a: Tyranitar
|-supereffective|p1a: Tyranitar
|-damage|p1a: Tyranitar|0 fnt
|faint|p1a: Tyranitar
|
|win|mourning rmoon rn
|raw|Blastoise_Choice's rating: 1569 &rarr; <strong>1546</strong><br />(-23 for losing)
|raw|mourning rmoon rn's rating: 1513 &rarr; <strong>1536</strong><br />(+23 for winning)
|c|☆Blastoise_Choice|gg
