|j|☆ZekromIsHeat
|j|☆psychicgoomy
|inactive|Battle timer is ON: inactive players will automatically lose when time's up.
|t:|1776326432
|gametype|singles
|player|p1|ZekromIsHeat|266|
|player|p2|psychicgoomy|iris-gen5bw2|
|gen|9
|tier|[Gen 9] OU
|rated|Tournament battle
|rule|HP Percentage Mod: HP is shown in percentages
|rule|Endless Battle Clause: Forcing endless battles is banned
|rule|Species Clause: Limit one of each Pokémon
|rule|OHKO Clause: OHKO moves are banned
|rule|Evasion Items Clause: Evasion items are banned
|rule|Evasion Moves Clause: Evasion moves are banned
|rule|Evasion Abilities Clause: Evasion abilities are banned
|rule|Sleep Moves Clause: Sleep-inducing moves are banned
|raw|<div class="infobox"><details class="readmore" open><summary><strong>1 custom rule:</strong></summary> -wobbuffet</details></div>
|clearpoke
|poke|p1|Aipom, F|
|poke|p1|Alcremie, F|
|poke|p1|Floragato, F|
|poke|p1|Vulpix-Alola, F|
|poke|p2|Kingambit, F|
|poke|p2|Tentacool, M|
|poke|p2|Seadra, F|
|poke|p2|Rhydon, M|
|teampreview
|inactive|ZekromIsHeat also wants the timer to be on.
|j|*Lady Monita 
|c|☆psychicgoomy|glhf!!
|c|☆psychicgoomy|omg ur team is so cute
|c|☆ZekromIsHeat|lmaoo
|c|☆ZekromIsHeat|hf
|c|☆ZekromIsHeat|!
|inactive|ZekromIsHeat has 120 seconds left.
|
|t:|1776326470
|teamsize|p1|4
|teamsize|p2|4
|start
|switch|p1a: Aipom|Aipom, F|100/100
|switch|p2a: Tentacool|Tentacool, M|100/100
|turn|1
|
|t:|1776326472
|move|p1a: Aipom|Fake Out|p2a: Tentacool
|-damage|p2a: Tentacool|65/100
|cant|p2a: Tentacool|flinch
|
|upkeep
|turn|2
|
|t:|1776326475
|move|p1a: Aipom|Taunt|p2a: Tentacool
|-start|p2a: Tentacool|move: Taunt
|cant|p2a: Tentacool|move: Taunt|Toxic Spikes
|
|upkeep
|turn|3
|
|t:|1776326478
|move|p1a: Aipom|Knock Off|p2a: Tentacool
|-damage|p2a: Tentacool|6/100
|-enditem|p2a: Tentacool|Focus Sash|[from] move: Knock Off|[of] p1a: Aipom
|move|p2a: Tentacool|Chilling Water|p1a: Aipom
|-damage|p1a: Aipom|79/100
|-unboost|p1a: Aipom|atk|1
|
|upkeep
|turn|4
|
|t:|1776326481
|move|p1a: Aipom|Knock Off|p2a: Tentacool
|-damage|p2a: Tentacool|0 fnt
|faint|p2a: Tentacool
|
|upkeep
|
|t:|1776326484
|switch|p2a: Rhydon|Rhydon, M|100/100
|turn|5
|
|t:|1776326488
|move|p1a: Aipom|Knock Off|p2a: Rhydon
|-damage|p2a: Rhydon|93/100
|-enditem|p2a: Rhydon|Eviolite|[from] move: Knock Off|[of] p1a: Aipom
|move|p2a: Rhydon|Earthquake|p1a: Aipom
|-damage|p1a: Aipom|0 fnt
|faint|p1a: Aipom
|
|upkeep
|
|t:|1776326499
|switch|p1a: Floragato|Floragato, F|100/100
|turn|6
|
|t:|1776326502
|move|p1a: Floragato|Petal Blizzard|p2a: Rhydon
|-supereffective|p2a: Rhydon
|-damage|p2a: Rhydon|5/100
|move|p2a: Rhydon|Megahorn|p1a: Floragato
|-supereffective|p1a: Floragato
|-damage|p1a: Floragato|0 fnt
|faint|p1a: Floragato
|
|upkeep
|
|t:|1776326506
|switch|p1a: Vulpix|Vulpix-Alola, F|100/100
|-weather|Snowscape|[from] ability: Snow Warning|[of] p1a: Vulpix
|turn|7
|
|t:|1776326509
|move|p1a: Vulpix|Blizzard|p2a: Rhydon
|-supereffective|p2a: Rhydon
|-damage|p2a: Rhydon|0 fnt
|faint|p2a: Rhydon
|
|-weather|Snowscape|[upkeep]
|upkeep
|
|t:|1776326512
|switch|p2a: Seadra|Seadra, F|100/100
|turn|8
|
|t:|1776326521
|move|p2a: Seadra|Dragon Pulse|p1a: Vulpix
|-damage|p1a: Vulpix|58/100
|move|p1a: Vulpix|Encore|p2a: Seadra
|-start|p2a: Seadra|Encore
|
|-weather|Snowscape|[upkeep]
|upkeep
|turn|9
|
|t:|1776326524
|switch|p1a: Alcremie|Alcremie, F|100/100
|move|p2a: Seadra|Dragon Pulse|p1a: Alcremie
|-immune|p1a: Alcremie
|
|-weather|Snowscape|[upkeep]
|upkeep
|turn|10
|
|t:|1776326529
|move|p2a: Seadra|Dragon Pulse|p1a: Alcremie
|-immune|p1a: Alcremie
|move|p1a: Alcremie|Acid Armor|p1a: Alcremie
|-boost|p1a: Alcremie|def|2
|
|-weather|Snowscape|[upkeep]
|upkeep
|turn|11
|
|t:|1776326533
|switch|p2a: Kingambit|Kingambit, F|100/100
|-activate|p2a: Kingambit|ability: Supreme Overlord
|-start|p2a: Kingambit|fallen2|[silent]
|move|p1a: Alcremie|Calm Mind|p1a: Alcremie
|-boost|p1a: Alcremie|spa|1
|-boost|p1a: Alcremie|spd|1
|
|-weather|none
|upkeep
|turn|12
|
|t:|1776326537
|-terastallize|p1a: Alcremie|Poison
|move|p1a: Alcremie|Acid Armor|p1a: Alcremie
|-boost|p1a: Alcremie|def|2
|move|p2a: Kingambit|Iron Head|p1a: Alcremie
|-damage|p1a: Alcremie|84/100
|
|-heal|p1a: Alcremie|90/100|[from] item: Leftovers
|upkeep
|turn|13
|
|t:|1776326544
|move|p1a: Alcremie|Acid Armor|p1a: Alcremie
|-boost|p1a: Alcremie|def|2
|move|p2a: Kingambit|Swords Dance|p2a: Kingambit
|-boost|p2a: Kingambit|atk|2
|
|-heal|p1a: Alcremie|96/100|[from] item: Leftovers
|upkeep
|turn|14
|
|t:|1776326553
|move|p1a: Alcremie|Calm Mind|p1a: Alcremie
|-boost|p1a: Alcremie|spa|1
|-boost|p1a: Alcremie|spd|1
|move|p2a: Kingambit|Swords Dance|p2a: Kingambit
|-boost|p2a: Kingambit|atk|2
|
|-heal|p1a: Alcremie|100/100|[from] item: Leftovers
|upkeep
|turn|15
|
|t:|1776326582
|move|p1a: Alcremie|Draining Kiss|p2a: Kingambit
|-damage|p2a: Kingambit|66/100
|move|p2a: Kingambit|Swords Dance|p2a: Kingambit
|-boost|p2a: Kingambit|atk|2
|
|upkeep
|turn|16
|
|t:|1776326589
|move|p1a: Alcremie|Draining Kiss|p2a: Kingambit
|-damage|p2a: Kingambit|31/100
|move|p2a: Kingambit|Kowtow Cleave|p1a: Alcremie
|-damage|p1a: Alcremie|39/100
|
|-heal|p1a: Alcremie|45/100|[from] item: Leftovers
|upkeep
|turn|17
|
|t:|1776326597
|move|p2a: Kingambit|Sucker Punch|p1a: Alcremie
|-damage|p1a: Alcremie|0 fnt
|faint|p1a: Alcremie
|
|upkeep
|
|t:|1776326600
|switch|p1a: Vulpix|Vulpix-Alola, F|58/100
|-weather|Snowscape|[from] ability: Snow Warning|[of] p1a: Vulpix
|turn|18
|
|t:|1776326605
|move|p1a: Vulpix|Encore|p2a: Kingambit
|-start|p2a: Kingambit|Encore
|move|p2a: Kingambit|Sucker Punch||[still]
|-fail|p2a: Kingambit
|
|-weather|Snowscape|[upkeep]
|upkeep
|turn|19
|
|t:|1776326609
|move|p2a: Kingambit|Sucker Punch||[still]
|-fail|p2a: Kingambit
|move|p1a: Vulpix|Aurora Veil|p1a: Vulpix
|-sidestart|p1: ZekromIsHeat|move: Aurora Veil
|
|-weather|Snowscape|[upkeep]
|upkeep
|turn|20
|
|t:|1776326614
|-end|p2a: Kingambit|fallen2|[silent]
|switch|p2a: Seadra|Seadra, F|100/100
|move|p1a: Vulpix|Disable||[still]
|-fail|p1a: Vulpix
|
|-weather|Snowscape|[upkeep]
|upkeep
|turn|21
|c|☆ZekromIsHeat|gg
|
|t:|1776326623
|move|p2a: Seadra|Protect|p2a: Seadra
|-singleturn|p2a: Seadra|Protect
|move|p1a: Vulpix|Blizzard|p2a: Seadra
|-activate|p2a: Seadra|move: Protect
|
|-weather|Snowscape|[upkeep]
|upkeep
|turn|22
|
|t:|1776326632
|move|p2a: Seadra|Dragon Pulse|p1a: Vulpix
|-damage|p1a: Vulpix|38/100
|move|p1a: Vulpix|Blizzard|p2a: Seadra
|-resisted|p2a: Seadra
|-damage|p2a: Seadra|71/100
|
|-weather|none
|upkeep
|turn|23
|-message|ZekromIsHeat forfeited.
|
|win|psychicgoomy
|n|☆ZekromIsHeat|zekromisheat
|n|☆psychicgoomy|psychicgoomy
|n|*Lady Monita |ladymonita
