|html|<div class="broadcast-blue"><strong>[Gen 9] OU is currently suspecting Tera Blast! For information on how to participate check out the <a href="https://www.smogon.com/tools/suspects/view/200">suspect thread</a>.</strong></div>
|badge|p1|bronze|gen9ou|100-9
|uhtml|medal-msg|<div class="broadcast-blue">Curious what those medals under the avatar are? PS now has Ladder Seasons! For more information, check out the <a href="https://www.smogon.com/forums/threads/3740067/">thread on Smogon.</a></div>
|j|☆ceo o wo chien
|j|☆Auburn Hills
|t:|1776289698
|gametype|singles
|player|p1|ceo o wo chien|fisherman-gen4|1867
|player|p2|Auburn Hills|alder|1797
|gen|9
|tier|[Gen 9] OU
|rated|
|rule|HP Percentage Mod: HP is shown in percentages
|rule|Endless Battle Clause: Forcing endless battles is banned
|rule|Species Clause: Limit one of each Pokémon
|rule|OHKO Clause: OHKO moves are banned
|rule|Evasion Items Clause: Evasion items are banned
|rule|Evasion Moves Clause: Evasion moves are banned
|rule|Evasion Abilities Clause: Evasion abilities are banned
|rule|Sleep Moves Clause: Sleep-inducing moves are banned
|clearpoke
|poke|p1|Wo-Chien|
|poke|p1|Ursaluna, F|
|poke|p1|Weezing-Galar, F|
|poke|p1|Corviknight, F|
|poke|p1|Dragapult, M|
|poke|p1|Alomomola, F|
|poke|p2|Iron Moth|
|poke|p2|Umbreon, F|
|poke|p2|Garchomp, F|
|poke|p2|Glimmora, F|
|poke|p2|Gholdengo|
|poke|p2|Dragonite, F|
|teampreview
|inactive|Battle timer is ON: inactive players will automatically lose when time's up. (requested by ceo o wo chien)
|j| Ctannn
|j| kirbyphoenix25
|inactive|Auburn Hills has 120 seconds left.
|j| FaronAan
|
|t:|1776289735
|teamsize|p1|6
|teamsize|p2|6
|start
|switch|p1a: Dragapult|Dragapult, M|100/100
|switch|p2a: Smino|Gholdengo|100/100
|turn|1
|
|t:|1776289742
|switch|p1a: Corviknight|Corviknight, F|100/100
|-ability|p1a: Corviknight|Pressure
|switch|p2a: Alvvays|Umbreon, F|100/100
|
|upkeep
|turn|2
|
|t:|1776289745
|move|p2a: Alvvays|Thunder Wave|p1a: Corviknight
|-status|p1a: Corviknight|par
|move|p1a: Corviknight|U-turn|p2a: Alvvays
|-supereffective|p2a: Alvvays
|-damage|p2a: Alvvays|77/100
|
|t:|1776289748
|switch|p1a: Weezing|Weezing-Galar, F|100/100|[from] U-turn
|-ability|p1a: Weezing|Neutralizing Gas
|
|-heal|p2a: Alvvays|83/100|[from] item: Leftovers
|upkeep
|turn|3
|
|t:|1776289750
|move|p1a: Weezing|Will-O-Wisp|p2a: Alvvays
|-status|p2a: Alvvays|brn
|move|p2a: Alvvays|Thunder Wave|p1a: Weezing
|-status|p1a: Weezing|par
|
|-heal|p2a: Alvvays|89/100 brn|[from] item: Leftovers
|-damage|p2a: Alvvays|83/100 brn|[from] brn
|upkeep
|turn|4
|
|t:|1776289757
|move|p2a: Alvvays|Wish|p2a: Alvvays
|move|p1a: Weezing|Will-O-Wisp|p2a: Alvvays
|-fail|p2a: Alvvays|brn
|
|-heal|p2a: Alvvays|89/100 brn|[from] item: Leftovers
|-damage|p2a: Alvvays|83/100 brn|[from] brn
|upkeep
|turn|5
|j| ArcadianSkies
|
|t:|1776289761
|-end|p1a: Weezing|ability: Neutralizing Gas
|switch|p1a: Ursaluna|Ursaluna, F|100/100
|move|p2a: Alvvays|Foul Play|p1a: Ursaluna
|-damage|p1a: Ursaluna|78/100
|
|-heal|p2a: Alvvays|100/100 brn|[from] move: Wish|[wisher] Alvvays
|-damage|p2a: Alvvays|94/100 brn|[from] brn
|-status|p1a: Ursaluna|brn|[from] item: Flame Orb
|upkeep
|turn|6
|
|t:|1776289766
|move|p2a: Alvvays|Protect|p2a: Alvvays
|-singleturn|p2a: Alvvays|Protect
|move|p1a: Ursaluna|Facade|p2a: Alvvays
|-activate|p2a: Alvvays|move: Protect
|
|-heal|p2a: Alvvays|100/100 brn|[from] item: Leftovers
|-damage|p1a: Ursaluna|72/100 brn|[from] brn
|-damage|p2a: Alvvays|94/100 brn|[from] brn
|upkeep
|turn|7
|
|t:|1776289770
|switch|p2a: Elucid|Dragonite, F|100/100
|move|p1a: Ursaluna|Earthquake|p2a: Elucid
|-immune|p2a: Elucid
|
|-damage|p1a: Ursaluna|65/100 brn|[from] brn
|upkeep
|turn|8
|
|t:|1776289774
|move|p2a: Elucid|Ice Spinner|p1a: Ursaluna
|-supereffective|p1a: Ursaluna
|-damage|p1a: Ursaluna|18/100 brn
|move|p1a: Ursaluna|Ice Punch|p2a: Elucid
|-supereffective|p2a: Elucid
|-damage|p2a: Elucid|9/100
|
|-damage|p1a: Ursaluna|12/100 brn|[from] brn
|upkeep
|turn|9
|
|t:|1776289779
|switch|p1a: Alomomola|Alomomola, F|100/100
|move|p2a: Elucid|Earthquake|p1a: Alomomola
|-damage|p1a: Alomomola|80/100
|
|upkeep
|turn|10
|l| ArcadianSkies
|
|t:|1776289784
|switch|p2a: Julia Jacklin|Glimmora, F|100/100
|move|p1a: Alomomola|Wish|p1a: Alomomola
|
|upkeep
|turn|11
|l| kirbyphoenix25
|
|t:|1776289789
|move|p2a: Julia Jacklin|Stealth Rock|p1a: Alomomola
|-sidestart|p1: ceo o wo chien|move: Stealth Rock
|move|p1a: Alomomola|Flip Turn|p2a: Julia Jacklin
|-supereffective|p2a: Julia Jacklin
|-damage|p2a: Julia Jacklin|58/100
|-activate|p2a: Julia Jacklin|ability: Toxic Debris
|-sidestart|p1: ceo o wo chien|move: Toxic Spikes
|
|t:|1776289790
|switch|p1a: Ursaluna|Ursaluna, F|12/100 brn|[from] Flip Turn
|-damage|p1a: Ursaluna|5/100 brn|[from] Stealth Rock
|
|-heal|p1a: Ursaluna|68/100 brn|[from] move: Wish|[wisher] Alomomola
|-damage|p1a: Ursaluna|62/100 brn|[from] brn
|upkeep
|turn|12
|
|t:|1776289796
|move|p2a: Julia Jacklin|Earth Power|p1a: Ursaluna
|-damage|p1a: Ursaluna|39/100 brn
|move|p1a: Ursaluna|Earthquake|p2a: Julia Jacklin
|-supereffective|p2a: Julia Jacklin
|-damage|p2a: Julia Jacklin|0 fnt
|-activate|p2a: Julia Jacklin|ability: Toxic Debris
|-sidestart|p1: ceo o wo chien|move: Toxic Spikes
|faint|p2a: Julia Jacklin
|
|-damage|p1a: Ursaluna|32/100 brn|[from] brn
|upkeep
|
|t:|1776289806
|switch|p2a: Carly Rae|Iron Moth|100/100
|-enditem|p2a: Carly Rae|Booster Energy
|-activate|p2a: Carly Rae|ability: Quark Drive|[fromitem]
|-start|p2a: Carly Rae|quarkdrivespe
|turn|13
|
|t:|1776289808
|move|p2a: Carly Rae|Fiery Dance|p1a: Ursaluna
|-damage|p1a: Ursaluna|1/100 brn
|move|p1a: Ursaluna|Earthquake|p2a: Carly Rae
|-supereffective|p2a: Carly Rae
|-damage|p2a: Carly Rae|0 fnt
|faint|p2a: Carly Rae
|-end|p2a: Carly Rae|Quark Drive|[silent]
|
|-damage|p1a: Ursaluna|0 fnt|[from] brn
|faint|p1a: Ursaluna
|upkeep
|
|t:|1776289813
|switch|p2a: Smino|Gholdengo|100/100
|switch|p1a: Weezing|Weezing-Galar, F|100/100 par
|-ability|p1a: Weezing|Neutralizing Gas
|-damage|p1a: Weezing|88/100 par|[from] Stealth Rock
|-sideend|p1: ceo o wo chien|move: Toxic Spikes|[of] p1a: Weezing
|turn|14
|
|t:|1776289819
|-end|p1a: Weezing|ability: Neutralizing Gas
|switch|p1a: Corviknight|Corviknight, F|100/100 par
|-damage|p1a: Corviknight|88/100 par|[from] Stealth Rock
|-ability|p1a: Corviknight|Pressure
|move|p2a: Smino|Trick|p1a: Corviknight
|-activate|p2a: Smino|move: Trick|[of] p1a: Corviknight
|-item|p1a: Corviknight|Choice Scarf|[from] move: Trick
|-item|p2a: Smino|Leftovers|[from] move: Trick
|
|upkeep
|turn|15
|
|t:|1776289821
|move|p2a: Smino|Trick|p1a: Corviknight
|-activate|p2a: Smino|move: Trick|[of] p1a: Corviknight
|-item|p1a: Corviknight|Leftovers|[from] move: Trick
|-item|p2a: Smino|Choice Scarf|[from] move: Trick
|move|p1a: Corviknight|U-turn|p2a: Smino
|-resisted|p2a: Smino
|-damage|p2a: Smino|97/100
|
|t:|1776289833
|switch|p1a: Alomomola|Alomomola, F|100/100|[from] U-turn
|-damage|p1a: Alomomola|88/100|[from] Stealth Rock
|
|upkeep
|turn|16
|
|t:|1776289837
|move|p1a: Alomomola|Protect|p1a: Alomomola
|-singleturn|p1a: Alomomola|Protect
|move|p2a: Smino|Trick|p1a: Alomomola
|-activate|p1a: Alomomola|move: Protect
|
|upkeep
|turn|17
|
|t:|1776289842
|switch|p1a: Corviknight|Corviknight, F|88/100 par
|-damage|p1a: Corviknight|75/100 par|[from] Stealth Rock
|-ability|p1a: Corviknight|Pressure
|move|p2a: Smino|Trick|p1a: Corviknight
|-activate|p2a: Smino|move: Trick|[of] p1a: Corviknight
|-item|p1a: Corviknight|Choice Scarf|[from] move: Trick
|-item|p2a: Smino|Leftovers|[from] move: Trick
|
|-heal|p2a: Smino|100/100|[from] item: Leftovers
|upkeep
|turn|18
|
|t:|1776289845
|move|p2a: Smino|Shadow Ball|p1a: Corviknight
|-damage|p1a: Corviknight|45/100 par
|cant|p1a: Corviknight|par
|
|upkeep
|turn|19
|
|t:|1776289850
|move|p2a: Smino|Shadow Ball|p1a: Corviknight
|-damage|p1a: Corviknight|14/100 par
|move|p1a: Corviknight|U-turn|p2a: Smino
|-resisted|p2a: Smino
|-damage|p2a: Smino|97/100
|
|t:|1776289851
|switch|p1a: Dragapult|Dragapult, M|100/100|[from] U-turn
|-damage|p1a: Dragapult|88/100|[from] Stealth Rock
|
|-heal|p2a: Smino|100/100|[from] item: Leftovers
|upkeep
|turn|20
|
|t:|1776289853
|-terastallize|p1a: Dragapult|Ghost
|move|p1a: Dragapult|Tera Blast|p2a: Smino|[anim] Tera Blast Ghost
|-supereffective|p2a: Smino
|-damage|p2a: Smino|0 fnt
|faint|p2a: Smino
|
|upkeep
|
|t:|1776289856
|switch|p2a: Alvvays|Umbreon, F|94/100 brn
|turn|21
|
|t:|1776289860
|switch|p1a: Weezing|Weezing-Galar, F|88/100 par
|-ability|p1a: Weezing|Neutralizing Gas
|-damage|p1a: Weezing|76/100 par|[from] Stealth Rock
|move|p2a: Alvvays|Wish|p2a: Alvvays
|
|-heal|p2a: Alvvays|100/100 brn|[from] item: Leftovers
|-heal|p1a: Weezing|82/100 par|[from] item: Leftovers
|-damage|p2a: Alvvays|94/100 brn|[from] brn
|upkeep
|turn|22
|
|t:|1776289864
|switch|p2a: Elucid|Dragonite, F|9/100
|move|p1a: Weezing|Will-O-Wisp|p2a: Elucid
|-status|p2a: Elucid|brn
|
|-heal|p2a: Elucid|70/100 brn|[from] move: Wish|[wisher] Alvvays
|-heal|p1a: Weezing|88/100 par|[from] item: Leftovers
|-damage|p2a: Elucid|63/100 brn|[from] brn
|upkeep
|turn|23
|
|t:|1776289870
|move|p2a: Elucid|Dragon Dance|p2a: Elucid
|-boost|p2a: Elucid|atk|1
|-boost|p2a: Elucid|spe|1
|cant|p1a: Weezing|par
|
|-heal|p1a: Weezing|94/100 par|[from] item: Leftovers
|-damage|p2a: Elucid|57/100 brn|[from] brn
|upkeep
|turn|24
|
|t:|1776289873
|move|p2a: Elucid|Dragon Dance|p2a: Elucid
|-boost|p2a: Elucid|atk|1
|-boost|p2a: Elucid|spe|1
|move|p1a: Weezing|Defog|p2a: Elucid
|-unboost|p2a: Elucid|evasion|1
|-sideend|p1: ceo o wo chien|Stealth Rock|[from] move: Defog|[of] p1a: Weezing
|
|-heal|p1a: Weezing|99/100 par|[from] item: Leftovers
|-damage|p2a: Elucid|51/100 brn|[from] brn
|upkeep
|turn|25
|
|t:|1776289876
|-end|p1a: Weezing|ability: Neutralizing Gas
|switch|p1a: Alomomola|Alomomola, F|100/100
|move|p2a: Elucid|Dragon Dance|p2a: Elucid
|-boost|p2a: Elucid|atk|1
|-boost|p2a: Elucid|spe|1
|
|-damage|p2a: Elucid|45/100 brn|[from] brn
|upkeep
|turn|26
|
|t:|1776289879
|move|p2a: Elucid|Earthquake|p1a: Alomomola
|-damage|p1a: Alomomola|75/100
|move|p1a: Alomomola|Tickle|p2a: Elucid
|-unboost|p2a: Elucid|atk|1
|-unboost|p2a: Elucid|def|1
|
|-damage|p2a: Elucid|39/100 brn|[from] brn
|upkeep
|turn|27
|
|t:|1776289884
|move|p2a: Elucid|Earthquake|p1a: Alomomola
|-damage|p1a: Alomomola|54/100
|move|p1a: Alomomola|Tickle|p2a: Elucid
|-unboost|p2a: Elucid|atk|1
|-unboost|p2a: Elucid|def|1
|
|-damage|p2a: Elucid|32/100 brn|[from] brn
|upkeep
|turn|28
|
|t:|1776289887
|move|p2a: Elucid|Earthquake|p1a: Alomomola
|-damage|p1a: Alomomola|38/100
|move|p1a: Alomomola|Wish|p1a: Alomomola
|
|-damage|p2a: Elucid|26/100 brn|[from] brn
|upkeep
|turn|29
|
|t:|1776289891
|switch|p2a: Rat Tally|Garchomp, F|100/100
|move|p1a: Alomomola|Protect||[still]
|-fail|p1a: Alomomola
|
|-heal|p1a: Alomomola|87/100|[from] move: Wish|[wisher] Alomomola
|upkeep
|turn|30
|
|t:|1776289893
|move|p2a: Rat Tally|Swords Dance|p2a: Rat Tally
|-boost|p2a: Rat Tally|atk|2
|move|p1a: Alomomola|Flip Turn|p2a: Rat Tally
|-damage|p2a: Rat Tally|85/100
|-damage|p1a: Alomomola|75/100|[from] ability: Rough Skin|[of] p2a: Rat Tally
|
|t:|1776289897
|switch|p1a: Dragapult|Dragapult, M, tera:Ghost|88/100|[from] Flip Turn
|
|upkeep
|turn|31
|
|t:|1776289900
|switch|p2a: Elucid|Dragonite, F|26/100 brn
|move|p1a: Dragapult|U-turn|p2a: Elucid
|-resisted|p2a: Elucid
|-damage|p2a: Elucid|5/100 brn
|j| Monkey D MinMin
|
|t:|1776289904
|switch|p1a: Alomomola|Alomomola, F|100/100|[from] U-turn
|
|-damage|p2a: Elucid|0 fnt|[from] brn
|faint|p2a: Elucid
|upkeep
|
|t:|1776289907
|switch|p2a: Rat Tally|Garchomp, F|85/100
|turn|32
|j| 0RickMountStrong
|
|t:|1776289911
|move|p2a: Rat Tally|Scale Shot|p1a: Alomomola
|-damage|p1a: Alomomola|93/100
|-crit|p1a: Alomomola
|-damage|p1a: Alomomola|81/100
|-damage|p1a: Alomomola|74/100
|-damage|p1a: Alomomola|66/100
|-damage|p1a: Alomomola|58/100
|-hitcount|p1a: Alomomola|5
|-unboost|p2a: Rat Tally|def|1
|-boost|p2a: Rat Tally|spe|1
|move|p1a: Alomomola|Flip Turn|p2a: Rat Tally
|-crit|p2a: Rat Tally
|-damage|p2a: Rat Tally|46/100
|-damage|p1a: Alomomola|46/100|[from] ability: Rough Skin|[of] p2a: Rat Tally
|
|t:|1776289912
|switch|p1a: Wo-Chien|Wo-Chien|100/100|[from] Flip Turn
|-ability|p1a: Wo-Chien|Tablets of Ruin
|
|upkeep
|turn|33
|-message|Auburn Hills forfeited.
|
|win|ceo o wo chien
|raw|ceo o wo chien's rating: 1867 &rarr; <strong>1882</strong><br />(+15 for winning)
|raw|Auburn Hills's rating: 1778 &rarr; <strong>1763</strong><br />(-15 for losing)
|l|☆Auburn Hills
|player|p2|
