|html|<div class="broadcast-blue"><strong>[Gen 9] OU is currently suspecting Tera Blast! For information on how to participate check out the <a href="https://www.smogon.com/tools/suspects/view/200">suspect thread</a>.</strong></div>
|j|☆SteampunkFurret
|j|☆flame30
|t:|1776068901
|gametype|singles
|player|p1|SteampunkFurret|lass-gen4dp|1110
|player|p2|flame30|hiker-gen4|1121
|gen|9
|tier|[Gen 9] OU
|rated|
|rule|HP Percentage Mod: HP is shown in percentages
|rule|Endless Battle Clause: Forcing endless battles is banned
|rule|Species Clause: Limit one of each Pokémon
|rule|OHKO Clause: OHKO moves are banned
|rule|Evasion Items Clause: Evasion items are banned
|rule|Evasion Moves Clause: Evasion moves are banned
|rule|Evasion Abilities Clause: Evasion abilities are banned
|rule|Sleep Moves Clause: Sleep-inducing moves are banned
|clearpoke
|poke|p1|Iron Valiant|
|poke|p1|Excadrill, M|
|poke|p1|Tyranitar, M|
|poke|p1|Tornadus-Therian, M|
|poke|p1|Ogerpon-Cornerstone, F|
|poke|p1|Toxapex, M|
|poke|p2|Tyranitar, F|
|poke|p2|Glimmora, M|
|poke|p2|Donphan, F|
|poke|p2|Arcanine-Hisui, F|
|poke|p2|Terrakion|
|poke|p2|Corviknight, M|
|teampreview
|inactive|Battle timer is ON: inactive players will automatically lose when time's up. (requested by SteampunkFurret)
|
|t:|1776068909
|teamsize|p1|6
|teamsize|p2|6
|start
|switch|p1a: Spirit Monger|Ogerpon-Cornerstone, F|100/100
|switch|p2a: Glimmora|Glimmora, M|100/100
|turn|1
|
|t:|1776068932
|move|p1a: Spirit Monger|Power Whip|p2a: Glimmora
|-damage|p2a: Glimmora|23/100
|-activate|p2a: Glimmora|ability: Toxic Debris
|-sidestart|p1: SteampunkFurret|move: Toxic Spikes
|-enditem|p2a: Glimmora|Red Card|[of] p1a: Spirit Monger
|drag|p1a: Serpentine|Toxapex, M, shiny|100/100
|-sideend|p1: SteampunkFurret|move: Toxic Spikes|[of] p1a: Serpentine
|move|p2a: Glimmora|Stealth Rock|p1a: Serpentine
|-sidestart|p1: SteampunkFurret|move: Stealth Rock
|
|upkeep
|turn|2
|
|t:|1776068959
|switch|p2a: Tyranitar|Tyranitar, F|100/100
|-weather|Sandstorm|[from] ability: Sand Stream|[of] p2a: Tyranitar
|move|p1a: Serpentine|Toxic Spikes|p2a: Tyranitar
|-sidestart|p2: flame30|move: Toxic Spikes
|
|-weather|Sandstorm|[upkeep]
|-damage|p1a: Serpentine|95/100|[from] Sandstorm
|upkeep
|turn|3
|
|t:|1776068974
|move|p2a: Tyranitar|Earthquake|p1a: Serpentine
|-supereffective|p1a: Serpentine
|-damage|p1a: Serpentine|51/100
|-enditem|p1a: Serpentine|Eject Button
|inactive|SteampunkFurret has 120 seconds left.
|
|t:|1776068991
|switch|p1a: Spirit Monger|Ogerpon-Cornerstone, F|100/100
|-damage|p1a: Spirit Monger|88/100|[from] Stealth Rock
|
|-weather|Sandstorm|[upkeep]
|upkeep
|turn|4
|
|t:|1776069000
|move|p1a: Spirit Monger|Low Kick|p2a: Tyranitar
|-supereffective|p2a: Tyranitar
|-damage|p2a: Tyranitar|0 fnt
|faint|p2a: Tyranitar
|
|-weather|Sandstorm|[upkeep]
|upkeep
|
|t:|1776069005
|switch|p2a: Glimmora|Glimmora, M|23/100
|-sideend|p2: flame30|move: Toxic Spikes|[of] p2a: Glimmora
|turn|5
|
|t:|1776069022
|switch|p2a: Arcanine|Arcanine-Hisui, F|100/100
|move|p1a: Spirit Monger|Ivy Cudgel|p2a: Arcanine|[anim] Ivy Cudgel Rock
|-supereffective|p2a: Arcanine
|-enditem|p2a: Arcanine|Focus Sash
|-damage|p2a: Arcanine|1/100
|
|-weather|Sandstorm|[upkeep]
|upkeep
|turn|6
|
|t:|1776069034
|move|p1a: Spirit Monger|Knock Off|p2a: Arcanine
|-damage|p2a: Arcanine|0 fnt
|faint|p2a: Arcanine
|
|-weather|Sandstorm|[upkeep]
|upkeep
|inactive|flame30 has 120 seconds left.
|
|t:|1776069055
|switch|p2a: Donphan|Donphan, F|100/100
|turn|7
|
|t:|1776069060
|move|p1a: Spirit Monger|Power Whip|p2a: Donphan
|-supereffective|p2a: Donphan
|-damage|p2a: Donphan|22/100
|move|p2a: Donphan|Counter|p1a: Spirit Monger
|-damage|p1a: Spirit Monger|0 fnt
|faint|p1a: Spirit Monger
|
|-weather|Sandstorm|[upkeep]
|upkeep
|
|t:|1776069078
|switch|p1a: Impaler|Excadrill, M, shiny|100/100
|-damage|p1a: Impaler|97/100|[from] Stealth Rock
|turn|8
|-enditem|p2a: Donphan|Custap Berry|[eat]
|-activate|p2a: Donphan|item: Custap Berry|[consumed]
|
|t:|1776069095
|move|p2a: Donphan|Endeavor|p1a: Impaler
|-damage|p1a: Impaler|23/100
|move|p1a: Impaler|Substitute|p1a: Impaler
|-fail|p1a: Impaler|move: Substitute|[weak]
|
|-weather|Sandstorm|[upkeep]
|-heal|p1a: Impaler|29/100|[from] item: Leftovers
|upkeep
|turn|9
|
|t:|1776069107
|move|p1a: Impaler|Rapid Spin|p2a: Donphan
|-damage|p2a: Donphan|10/100
|-boost|p1a: Impaler|spe|1
|-sideend|p1: SteampunkFurret|Stealth Rock|[from] move: Rapid Spin|[of] p1a: Impaler
|move|p2a: Donphan|Earthquake|p1a: Impaler
|-supereffective|p1a: Impaler
|-damage|p1a: Impaler|0 fnt
|faint|p1a: Impaler
|
|-weather|none
|upkeep
|
|t:|1776069119
|switch|p1a: Calamity|Iron Valiant, shiny|100/100
|turn|10
|
|t:|1776069127
|move|p1a: Calamity|Moonblast|p2a: Donphan
|-damage|p2a: Donphan|0 fnt
|faint|p2a: Donphan
|
|upkeep
|
|t:|1776069136
|switch|p2a: Terrakion|Terrakion|100/100
|turn|11
|
|t:|1776069147
|-end|p1a: Calamity|Quark Drive|[silent]
|switch|p1a: Rex|Tyranitar, M, shiny|100/100
|-weather|Sandstorm|[from] ability: Sand Stream|[of] p1a: Rex
|move|p2a: Terrakion|Iron Head|p1a: Rex
|-supereffective|p1a: Rex
|-damage|p1a: Rex|25/100
|
|-weather|Sandstorm|[upkeep]
|upkeep
|turn|12
|
|t:|1776069161
|move|p2a: Terrakion|Iron Head|p1a: Rex
|-supereffective|p1a: Rex
|-damage|p1a: Rex|0 fnt
|faint|p1a: Rex
|
|-weather|Sandstorm|[upkeep]
|upkeep
|
|t:|1776069166
|switch|p1a: Serpentine|Toxapex, M, shiny|84/100
|turn|13
|
|t:|1776069172
|move|p2a: Terrakion|Iron Head|p1a: Serpentine
|-resisted|p1a: Serpentine
|-damage|p1a: Serpentine|68/100
|cant|p1a: Serpentine|flinch
|
|-weather|Sandstorm|[upkeep]
|-damage|p1a: Serpentine|63/100|[from] Sandstorm
|upkeep
|turn|14
|
|t:|1776069180
|move|p2a: Terrakion|Iron Head|p1a: Serpentine
|-resisted|p1a: Serpentine
|-crit|p1a: Serpentine
|-damage|p1a: Serpentine|42/100
|cant|p1a: Serpentine|flinch
|
|-weather|Sandstorm|[upkeep]
|-damage|p1a: Serpentine|36/100|[from] Sandstorm
|upkeep
|turn|15
|
|t:|1776069187
|move|p2a: Terrakion|Iron Head|p1a: Serpentine
|-resisted|p1a: Serpentine
|-damage|p1a: Serpentine|21/100
|move|p1a: Serpentine|Toxic|p2a: Terrakion
|-status|p2a: Terrakion|tox
|
|-weather|Sandstorm|[upkeep]
|-damage|p1a: Serpentine|15/100|[from] Sandstorm
|-damage|p2a: Terrakion|94/100 tox|[from] psn
|upkeep
|turn|16
|
|t:|1776069200
|move|p2a: Terrakion|Iron Head|p1a: Serpentine
|-resisted|p1a: Serpentine
|-damage|p1a: Serpentine|0 fnt
|faint|p1a: Serpentine
|
|-weather|Sandstorm|[upkeep]
|-damage|p2a: Terrakion|82/100 tox|[from] psn
|upkeep
|
|t:|1776069207
|switch|p1a: Fujin|Tornadus-Therian, M, shiny|100/100
|turn|17
|
|t:|1776069214
|switch|p2a: Glimmora|Glimmora, M|23/100
|move|p1a: Fujin|Bleakwind Storm|p2a: Glimmora
|-resisted|p2a: Glimmora
|-damage|p2a: Glimmora|0 fnt
|faint|p2a: Glimmora
|
|-weather|Sandstorm|[upkeep]
|-damage|p1a: Fujin|94/100|[from] Sandstorm
|upkeep
|
|t:|1776069222
|switch|p2a: Corviknight|Corviknight, M|100/100
|turn|18
|
|t:|1776069228
|switch|p1a: Calamity|Iron Valiant, shiny|100/100
|move|p2a: Corviknight|Iron Defense|p2a: Corviknight
|-boost|p2a: Corviknight|def|2
|
|-weather|none
|upkeep
|turn|19
|
|t:|1776069236
|move|p1a: Calamity|Thunderbolt|p2a: Corviknight
|-supereffective|p2a: Corviknight
|-damage|p2a: Corviknight|15/100
|move|p2a: Corviknight|Brave Bird|p1a: Calamity
|-supereffective|p1a: Calamity
|-damage|p1a: Calamity|3/100
|-damage|p2a: Corviknight|0 fnt|[from] Recoil
|faint|p2a: Corviknight
|
|upkeep
|
|t:|1776069244
|switch|p2a: Terrakion|Terrakion|82/100 tox
|turn|20
|
|t:|1776069256
|move|p1a: Calamity|Thunderbolt|p2a: Terrakion
|-damage|p2a: Terrakion|30/100 tox
|move|p2a: Terrakion|Stone Edge|p1a: Calamity
|-resisted|p1a: Calamity
|-damage|p1a: Calamity|0 fnt
|faint|p1a: Calamity
|-end|p1a: Calamity|Quark Drive|[silent]
|
|-damage|p2a: Terrakion|24/100 tox|[from] psn
|upkeep
|
|t:|1776069264
|switch|p1a: Fujin|Tornadus-Therian, M, shiny|100/100
|turn|21
|
|t:|1776069272
|-terastallize|p1a: Fujin|Flying
|move|p1a: Fujin|Grass Knot|p2a: Terrakion
|-supereffective|p2a: Terrakion
|-damage|p2a: Terrakion|0 fnt
|faint|p2a: Terrakion
|
|win|SteampunkFurret
|raw|SteampunkFurret's rating: 1137 &rarr; <strong>1161</strong><br />(+24 for winning)
|raw|flame30's rating: 1121 &rarr; <strong>1097</strong><br />(-24 for losing)
|c|☆SteampunkFurret|I was worried it was choice scarfed
|l|☆SteampunkFurret
|player|p1|
