|html|<div class="broadcast-blue"><strong>[Gen 9] OU is currently suspecting Volcarona! For information on how to participate check out the <a href="https://www.smogon.com/tools/suspects/view/208">suspect thread</a>.</strong></div>
|j|☆batocom
|j|☆valpreon
|t:|1778501108
|gametype|singles
|player|p1|batocom|unknown|1428
|player|p2|valpreon|101|1444
|gen|9
|tier|[Gen 9] OU
|rated|
|rule|HP Percentage Mod: HP is shown in percentages
|rule|Endless Battle Clause: Forcing endless battles is banned
|rule|Species Clause: Limit one of each Pokémon
|rule|OHKO Clause: OHKO moves are banned
|rule|Evasion Items Clause: Evasion items are banned
|rule|Evasion Moves Clause: Evasion moves are banned
|rule|Evasion Abilities Clause: Evasion abilities are banned
|rule|Sleep Moves Clause: Sleep-inducing moves are banned
|clearpoke
|poke|p1|Great Tusk|
|poke|p1|Corviknight, F|
|poke|p1|Raging Bolt|
|poke|p1|Iron Valiant|
|poke|p1|Volcarona, F|
|poke|p1|Blaziken, M|
|poke|p2|Iron Valiant|
|poke|p2|Greninja-*, M|
|poke|p2|Lucario, F|
|poke|p2|Noivern, F|
|poke|p2|Ceruledge, F|
|poke|p2|Kingambit, M|
|teampreview
|
|t:|1778501118
|teamsize|p1|6
|teamsize|p2|6
|start
|switch|p1a: Blaziken|Blaziken, M|100/100
|switch|p2a: jett|Noivern, F, shiny|100/100
|-item|p1a: Blaziken|Focus Sash|[from] ability: Frisk|[of] p2a: jett
|turn|1
|
|t:|1778501129
|move|p2a: jett|Air Slash|p1a: Blaziken
|-supereffective|p1a: Blaziken
|-enditem|p1a: Blaziken|Focus Sash
|-damage|p1a: Blaziken|1/100
|cant|p1a: Blaziken|flinch
|
|-ability|p1a: Blaziken|Speed Boost|boost
|-boost|p1a: Blaziken|spe|1
|upkeep
|turn|2
|
|t:|1778501133
|move|p1a: Blaziken|Reversal|p2a: jett
|-resisted|p2a: jett
|-damage|p2a: jett|29/100
|move|p2a: jett|Air Slash|p1a: Blaziken
|-supereffective|p1a: Blaziken
|-damage|p1a: Blaziken|0 fnt
|faint|p1a: Blaziken
|
|upkeep
|
|t:|1778501143
|switch|p1a: Corviknight|Corviknight, F|100/100
|turn|3
|
|t:|1778501149
|move|p2a: jett|Tailwind|p2a: jett
|-sidestart|p2: valpreon|move: Tailwind
|move|p1a: Corviknight|Brave Bird|p2a: jett
|-damage|p2a: jett|0 fnt
|faint|p2a: jett
|-damage|p1a: Corviknight|93/100|[from] Recoil
|
|upkeep
|
|t:|1778501152
|switch|p2a: knuckles💪|Lucario, F|100/100
|turn|4
|
|t:|1778501161
|switch|p1a: Volcarona|Volcarona, F|100/100
|move|p2a: knuckles💪|Nasty Plot|p2a: knuckles💪
|-boost|p2a: knuckles💪|spa|2
|
|upkeep
|turn|5
|
|t:|1778501169
|move|p2a: knuckles💪|Shadow Ball|p1a: Volcarona
|-damage|p1a: Volcarona|43/100
|move|p1a: Volcarona|Fiery Dance|p2a: knuckles💪
|-supereffective|p2a: knuckles💪
|-enditem|p2a: knuckles💪|Focus Sash
|-damage|p2a: knuckles💪|1/100
|
|upkeep
|turn|6
|
|t:|1778501180
|switch|p1a: Corviknight|Corviknight, F|93/100
|move|p2a: knuckles💪|Shadow Ball|p1a: Corviknight
|-damage|p1a: Corviknight|35/100
|
|-sideend|p2: valpreon|move: Tailwind
|upkeep
|turn|7
|
|t:|1778501187
|move|p2a: knuckles💪|Aura Sphere|p1a: Corviknight
|-damage|p1a: Corviknight|0 fnt
|faint|p1a: Corviknight
|
|upkeep
|
|t:|1778501190
|switch|p1a: Volcarona|Volcarona, F|43/100
|turn|8
|
|t:|1778501193
|move|p2a: knuckles💪|Vacuum Wave|p1a: Volcarona
|-resisted|p1a: Volcarona
|-damage|p1a: Volcarona|19/100
|move|p1a: Volcarona|Fiery Dance|p2a: knuckles💪
|-supereffective|p2a: knuckles💪
|-damage|p2a: knuckles💪|0 fnt
|-boost|p1a: Volcarona|spa|1
|faint|p2a: knuckles💪
|
|upkeep
|
|t:|1778501196
|switch|p2a: super sonic🌀|Greninja, M|100/100
|turn|9
|
|t:|1778501199
|move|p2a: super sonic🌀|Water Shuriken|p1a: Volcarona
|-supereffective|p1a: Volcarona
|-damage|p1a: Volcarona|2/100
|-supereffective|p1a: Volcarona
|-damage|p1a: Volcarona|0 fnt
|faint|p1a: Volcarona
|-ability|p2a: super sonic🌀|Battle Bond|boost
|-boost|p2a: super sonic🌀|atk|1
|-boost|p2a: super sonic🌀|spa|1
|-boost|p2a: super sonic🌀|spe|1
|-activate|p2a: super sonic🌀|ability: Battle Bond
|-hitcount|p1: Volcarona|2
|
|upkeep
|
|t:|1778501212
|switch|p1a: Raging Bolt|Raging Bolt|100/100
|-enditem|p1a: Raging Bolt|Booster Energy
|-activate|p1a: Raging Bolt|ability: Protosynthesis|[fromitem]
|-start|p1a: Raging Bolt|protosynthesisspa
|turn|10
|
|t:|1778501233
|move|p2a: super sonic🌀|Water Shuriken|p1a: Raging Bolt
|-resisted|p1a: Raging Bolt
|-damage|p1a: Raging Bolt|96/100
|-resisted|p1a: Raging Bolt
|-damage|p1a: Raging Bolt|91/100
|-resisted|p1a: Raging Bolt
|-damage|p1a: Raging Bolt|87/100
|-resisted|p1a: Raging Bolt
|-damage|p1a: Raging Bolt|82/100
|-resisted|p1a: Raging Bolt
|-damage|p1a: Raging Bolt|77/100
|-hitcount|p1a: Raging Bolt|5
|move|p1a: Raging Bolt|Thunderbolt|p2a: super sonic🌀
|-supereffective|p2a: super sonic🌀
|-damage|p2a: super sonic🌀|0 fnt
|faint|p2a: super sonic🌀
|
|upkeep
|
|t:|1778501238
|switch|p2a: future trunks❤️📌|Iron Valiant, shiny|100/100
|-enditem|p2a: future trunks❤️📌|Booster Energy
|-activate|p2a: future trunks❤️📌|ability: Quark Drive|[fromitem]
|-start|p2a: future trunks❤️📌|quarkdrivespe
|turn|11
|
|t:|1778501257
|move|p1a: Raging Bolt|Thunderclap|p2a: future trunks❤️📌
|-damage|p2a: future trunks❤️📌|4/100
|move|p2a: future trunks❤️📌|Spirit Break|p1a: Raging Bolt
|-supereffective|p1a: Raging Bolt
|-damage|p1a: Raging Bolt|10/100
|-unboost|p1a: Raging Bolt|spa|1
|
|upkeep
|turn|12
|
|t:|1778501269
|-end|p2a: future trunks❤️📌|Quark Drive|[silent]
|switch|p2a: amterasu💜🌂|Ceruledge, F, shiny|100/100
|move|p1a: Raging Bolt|Thunderbolt|p2a: amterasu💜🌂
|-damage|p2a: amterasu💜🌂|48/100
|
|upkeep
|turn|13
|
|t:|1778501273
|move|p2a: amterasu💜🌂|Bitter Blade|p1a: Raging Bolt
|-resisted|p1a: Raging Bolt
|-crit|p1a: Raging Bolt
|-damage|p1a: Raging Bolt|0 fnt
|-heal|p2a: amterasu💜🌂|55/100|[from] drain|[of] p1a: Raging Bolt
|faint|p1a: Raging Bolt
|-end|p1a: Raging Bolt|Protosynthesis|[silent]
|
|upkeep
|
|t:|1778501290
|switch|p1a: Iron Valiant|Iron Valiant|100/100
|-enditem|p1a: Iron Valiant|Booster Energy
|-activate|p1a: Iron Valiant|ability: Quark Drive|[fromitem]
|-start|p1a: Iron Valiant|quarkdrivespe
|turn|14
|
|t:|1778501306
|move|p1a: Iron Valiant|Shadow Ball|p2a: amterasu💜🌂
|-supereffective|p2a: amterasu💜🌂
|-damage|p2a: amterasu💜🌂|0 fnt
|faint|p2a: amterasu💜🌂
|
|upkeep
|
|t:|1778501309
|switch|p2a: Bloody😞|Kingambit, M|100/100
|-activate|p2a: Bloody😞|ability: Supreme Overlord
|-start|p2a: Bloody😞|fallen4|[silent]
|turn|15
|
|t:|1778501317
|-end|p1a: Iron Valiant|Quark Drive|[silent]
|switch|p1a: Great Tusk|Great Tusk|100/100
|-enditem|p1a: Great Tusk|Booster Energy
|-activate|p1a: Great Tusk|ability: Protosynthesis|[fromitem]
|-start|p1a: Great Tusk|protosynthesisspe
|-terastallize|p2a: Bloody😞|Dark
|move|p2a: Bloody😞|Iron Head|p1a: Great Tusk
|-damage|p1a: Great Tusk|57/100
|
|upkeep
|turn|16
|j| Lissantt
|
|t:|1778501329
|move|p1a: Great Tusk|Close Combat|p2a: Bloody😞
|-supereffective|p2a: Bloody😞
|-damage|p2a: Bloody😞|29/100
|-unboost|p1a: Great Tusk|def|1
|-unboost|p1a: Great Tusk|spd|1
|move|p2a: Bloody😞|Iron Head|p1a: Great Tusk
|-damage|p1a: Great Tusk|0 fnt
|faint|p1a: Great Tusk
|-end|p1a: Great Tusk|Protosynthesis|[silent]
|
|upkeep
|
|t:|1778501333
|switch|p1a: Iron Valiant|Iron Valiant|100/100
|turn|17
|
|t:|1778501339
|move|p2a: Bloody😞|Sucker Punch|p1a: Iron Valiant
|-resisted|p1a: Iron Valiant
|-damage|p1a: Iron Valiant|71/100
|move|p1a: Iron Valiant|Moonblast|p2a: Bloody😞
|-supereffective|p2a: Bloody😞
|-damage|p2a: Bloody😞|0 fnt
|faint|p2a: Bloody😞
|-end|p2a: Bloody😞|fallen4|[silent]
|
|upkeep
|
|t:|1778501341
|switch|p2a: future trunks❤️📌|Iron Valiant, shiny|4/100
|turn|18
|c|☆valpreon|if i lose this
|c|☆batocom|uh huh
|
|t:|1778501369
|-terastallize|p1a: Iron Valiant|Ghost
|move|p2a: future trunks❤️📌|Spirit Break|p1a: Iron Valiant
|-damage|p1a: Iron Valiant|22/100
|-unboost|p1a: Iron Valiant|spa|1
|move|p1a: Iron Valiant|Shadow Ball|p2a: future trunks❤️📌
|-damage|p2a: future trunks❤️📌|0 fnt
|faint|p2a: future trunks❤️📌
|-end|p2a: future trunks❤️📌|Quark Drive|[silent]
|
|win|batocom
|raw|batocom's rating: 1428 &rarr; <strong>1449</strong><br />(+21 for winning)
|raw|valpreon's rating: 1444 &rarr; <strong>1423</strong><br />(-21 for losing)
|l|☆valpreon
|player|p2|
|c|☆batocom|you won the speed tie
|l|☆batocom
|player|p1|
|l| Lissantt
