|html|<div class="broadcast-blue"><strong>[Gen 9] OU is currently suspecting Tera Blast! For information on how to participate check out the <a href="https://www.smogon.com/tools/suspects/view/200">suspect thread</a>.</strong></div>
|j|☆NewPokeGensRLame
|j|☆Wen-juckt's?
|t:|1776035721
|gametype|singles
|player|p1|NewPokeGensRLame|steven|1348
|player|p2|Wen-juckt's?|2|1399
|gen|9
|tier|[Gen 9] OU
|rated|
|rule|HP Percentage Mod: HP is shown in percentages
|rule|Endless Battle Clause: Forcing endless battles is banned
|rule|Species Clause: Limit one of each Pokémon
|rule|OHKO Clause: OHKO moves are banned
|rule|Evasion Items Clause: Evasion items are banned
|rule|Evasion Moves Clause: Evasion moves are banned
|rule|Evasion Abilities Clause: Evasion abilities are banned
|rule|Sleep Moves Clause: Sleep-inducing moves are banned
|clearpoke
|poke|p1|Metagross|
|poke|p1|Iron Valiant|
|poke|p1|Zapdos|
|poke|p1|Walking Wake|
|poke|p1|Darkrai|
|poke|p1|Garchomp, M|
|poke|p2|Kingambit, F|
|poke|p2|Latios, M|
|poke|p2|Alomomola, L99, F|
|poke|p2|Pecharunt|
|poke|p2|Ting-Lu|
|poke|p2|Iron Valiant|
|teampreview
|j| ohko_smeargle
|inactive|Battle timer is ON: inactive players will automatically lose when time's up. (requested by Wen-juckt's?)
|inactive|NewPokeGensRLame has 120 seconds left.
|inactive|Wen-juckt's? has 120 seconds left.
|
|t:|1776035767
|teamsize|p1|6
|teamsize|p2|6
|start
|switch|p1a: Walking Wake|Walking Wake|100/100
|switch|p2a: Ting-Lu|Ting-Lu|100/100
|-ability|p2a: Ting-Lu|Vessel of Ruin
|-enditem|p1a: Walking Wake|Booster Energy
|-activate|p1a: Walking Wake|ability: Protosynthesis|[fromitem]
|-start|p1a: Walking Wake|protosynthesisspa
|turn|1
|
|t:|1776035777
|switch|p2a: Alomomola|Alomomola, L99, F|100/100
|move|p1a: Walking Wake|Hydro Pump|p2a: Alomomola|[miss]
|-miss|p1a: Walking Wake|p2a: Alomomola
|
|upkeep
|turn|2
|
|t:|1776035787
|switch|p2a: Iron Valiant|Iron Valiant|100/100
|-enditem|p2a: Iron Valiant|Booster Energy
|-activate|p2a: Iron Valiant|ability: Quark Drive|[fromitem]
|-start|p2a: Iron Valiant|quarkdrivespe
|move|p1a: Walking Wake|Dragon Pulse|p2a: Iron Valiant
|-immune|p2a: Iron Valiant
|
|upkeep
|turn|3
|
|t:|1776035800
|-terastallize|p1a: Walking Wake|Water
|move|p2a: Iron Valiant|Moonblast|p1a: Walking Wake
|-damage|p1a: Walking Wake|50/100
|move|p1a: Walking Wake|Hydro Pump|p2a: Iron Valiant
|-damage|p2a: Iron Valiant|0 fnt
|faint|p2a: Iron Valiant
|-end|p2a: Iron Valiant|Quark Drive|[silent]
|
|upkeep
|
|t:|1776035813
|switch|p2a: Kingambit|Kingambit, F|100/100
|-activate|p2a: Kingambit|ability: Supreme Overlord
|-start|p2a: Kingambit|fallen1|[silent]
|turn|4
|
|t:|1776035827
|move|p2a: Kingambit|Sucker Punch|p1a: Walking Wake
|-damage|p1a: Walking Wake|0 fnt
|faint|p1a: Walking Wake
|-end|p1a: Walking Wake|Protosynthesis|[silent]
|
|upkeep
|
|t:|1776035832
|switch|p1a: Iron Valiant|Iron Valiant|100/100
|-enditem|p1a: Iron Valiant|Booster Energy
|-activate|p1a: Iron Valiant|ability: Quark Drive|[fromitem]
|-start|p1a: Iron Valiant|quarkdrivespa
|turn|5
|
|t:|1776035838
|-end|p2a: Kingambit|fallen1|[silent]
|switch|p2a: Pecharunt|Pecharunt|100/100
|move|p1a: Iron Valiant|Aura Sphere|p2a: Pecharunt
|-immune|p2a: Pecharunt
|
|upkeep
|turn|6
|
|t:|1776035847
|-end|p1a: Iron Valiant|Quark Drive|[silent]
|switch|p1a: Garchomp|Garchomp, M|100/100
|move|p2a: Pecharunt|Shadow Ball|p1a: Garchomp
|-damage|p1a: Garchomp|72/100
|
|upkeep
|turn|7
|
|t:|1776035855
|move|p1a: Garchomp|Outrage|p2a: Pecharunt
|-crit|p2a: Pecharunt
|-damage|p2a: Pecharunt|49/100
|move|p2a: Pecharunt|Malignant Chain|p1a: Garchomp
|-resisted|p1a: Garchomp
|-damage|p1a: Garchomp|55/100
|-status|p1a: Garchomp|tox
|-start|p1a: Garchomp|confusion|[from] ability: Poison Puppeteer|[of] p2a: Pecharunt
|
|-damage|p1a: Garchomp|49/100 tox|[from] psn
|upkeep
|turn|8
|
|t:|1776035867
|-activate|p1a: Garchomp|confusion
|move|p1a: Garchomp|Outrage|p2a: Pecharunt|[from] lockedmove
|-damage|p2a: Pecharunt|18/100
|move|p2a: Pecharunt|Recover|p2a: Pecharunt
|-heal|p2a: Pecharunt|68/100
|
|-damage|p1a: Garchomp|37/100 tox|[from] psn
|upkeep
|turn|9
|
|t:|1776035879
|switch|p1a: Metagross|Metagross|100/100
|move|p2a: Pecharunt|Recover|p2a: Pecharunt
|-heal|p2a: Pecharunt|100/100
|
|upkeep
|turn|10
|
|t:|1776035886
|switch|p2a: Alomomola|Alomomola, L99, F|100/100
|move|p1a: Metagross|Earthquake|p2a: Alomomola
|-damage|p2a: Alomomola|71/100
|
|upkeep
|turn|11
|
|t:|1776035898
|switch|p1a: Garchomp|Garchomp, M|37/100 tox
|move|p2a: Alomomola|Flip Turn|p1a: Garchomp
|-damage|p1a: Garchomp|22/100 tox
|-damage|p2a: Alomomola|58/100|[from] ability: Rough Skin|[of] p1a: Garchomp
|
|t:|1776035910
|switch|p2a: Kingambit|Kingambit, F|100/100|[from] Flip Turn
|-activate|p2a: Kingambit|ability: Supreme Overlord
|-start|p2a: Kingambit|fallen1|[silent]
|
|-damage|p1a: Garchomp|15/100 tox|[from] psn
|upkeep
|turn|12
|
|t:|1776035918
|switch|p1a: Iron Valiant|Iron Valiant|100/100
|move|p2a: Kingambit|Sucker Punch||[still]
|-fail|p2a: Kingambit
|
|upkeep
|turn|13
|
|t:|1776035938
|-end|p1a: Iron Valiant|Quark Drive|[silent]
|switch|p1a: Garchomp|Garchomp, M|15/100 tox
|-end|p2a: Kingambit|fallen1|[silent]
|switch|p2a: Pecharunt|Pecharunt|100/100
|
|-damage|p1a: Garchomp|9/100 tox|[from] psn
|upkeep
|turn|14
|
|t:|1776035946
|switch|p2a: Alomomola|Alomomola, L99, F|92/100
|move|p1a: Garchomp|Earthquake|p2a: Alomomola
|-damage|p2a: Alomomola|49/100
|
|-damage|p1a: Garchomp|0 fnt|[from] psn
|faint|p1a: Garchomp
|upkeep
|
|t:|1776035961
|switch|p1a: Zapdos|Zapdos|100/100
|turn|15
|
|t:|1776035972
|move|p2a: Alomomola|Protect|p2a: Alomomola
|-singleturn|p2a: Alomomola|Protect
|move|p1a: Zapdos|Hurricane|p2a: Alomomola
|-activate|p2a: Alomomola|move: Protect
|
|upkeep
|turn|16
|
|t:|1776035979
|switch|p2a: Ting-Lu|Ting-Lu|100/100
|-ability|p2a: Ting-Lu|Vessel of Ruin
|move|p1a: Zapdos|Hurricane|p2a: Ting-Lu|[miss]
|-miss|p1a: Zapdos|p2a: Ting-Lu
|
|upkeep
|turn|17
|
|t:|1776035989
|move|p1a: Zapdos|Hurricane|p2a: Ting-Lu|[miss]
|-miss|p1a: Zapdos|p2a: Ting-Lu
|move|p2a: Ting-Lu|Spikes|p1a: Zapdos
|-sidestart|p1: NewPokeGensRLame|Spikes
|
|upkeep
|turn|18
|
|t:|1776035994
|move|p1a: Zapdos|Hurricane|p2a: Ting-Lu
|-damage|p2a: Ting-Lu|79/100
|move|p2a: Ting-Lu|Stealth Rock|p1a: Zapdos
|-sidestart|p1: NewPokeGensRLame|move: Stealth Rock
|
|-heal|p2a: Ting-Lu|85/100|[from] item: Leftovers
|upkeep
|turn|19
|
|t:|1776036002
|move|p1a: Zapdos|Hurricane|p2a: Ting-Lu
|-damage|p2a: Ting-Lu|63/100
|-start|p2a: Ting-Lu|confusion
|-activate|p2a: Ting-Lu|confusion
|move|p2a: Ting-Lu|Spikes|p1a: Zapdos
|-sidestart|p1: NewPokeGensRLame|Spikes
|
|-heal|p2a: Ting-Lu|69/100|[from] item: Leftovers
|upkeep
|turn|20
|
|t:|1776036015
|move|p1a: Zapdos|Hurricane|p2a: Ting-Lu|[miss]
|-miss|p1a: Zapdos|p2a: Ting-Lu
|-activate|p2a: Ting-Lu|confusion
|move|p2a: Ting-Lu|Spikes|p1a: Zapdos
|-sidestart|p1: NewPokeGensRLame|Spikes
|
|-heal|p2a: Ting-Lu|75/100|[from] item: Leftovers
|upkeep
|turn|21
|
|t:|1776036028
|move|p1a: Zapdos|Hurricane|p2a: Ting-Lu
|-damage|p2a: Ting-Lu|50/100
|-activate|p2a: Ting-Lu|confusion
|-damage|p2a: Ting-Lu|45/100|[from] confusion
|
|-heal|p2a: Ting-Lu|51/100|[from] item: Leftovers
|upkeep
|turn|22
|
|t:|1776036037
|switch|p2a: Alomomola|Alomomola, L99, F|83/100
|move|p1a: Zapdos|Hurricane|p2a: Alomomola
|-damage|p2a: Alomomola|38/100
|-start|p2a: Alomomola|confusion
|
|upkeep
|turn|23
|
|t:|1776036051
|switch|p2a: Ting-Lu|Ting-Lu|51/100
|-ability|p2a: Ting-Lu|Vessel of Ruin
|move|p1a: Zapdos|Hurricane|p2a: Ting-Lu
|-damage|p2a: Ting-Lu|27/100
|
|-heal|p2a: Ting-Lu|34/100|[from] item: Leftovers
|upkeep
|turn|24
|
|t:|1776036062
|move|p1a: Zapdos|Hurricane|p2a: Ting-Lu
|-crit|p2a: Ting-Lu
|-damage|p2a: Ting-Lu|0 fnt
|faint|p2a: Ting-Lu
|
|upkeep
|
|t:|1776036071
|switch|p2a: Latios|Latios, M|100/100
|turn|25
|
|t:|1776036077
|move|p1a: Zapdos|Hurricane|p2a: Latios
|-damage|p2a: Latios|41/100
|move|p2a: Latios|Calm Mind|p2a: Latios
|-boost|p2a: Latios|spa|1
|-boost|p2a: Latios|spd|1
|
|upkeep
|turn|26
|
|t:|1776036086
|move|p1a: Zapdos|Hurricane|p2a: Latios
|-damage|p2a: Latios|4/100
|move|p2a: Latios|Recover|p2a: Latios
|-heal|p2a: Latios|55/100
|
|upkeep
|turn|27
|
|t:|1776036094
|move|p1a: Zapdos|Hurricane|p2a: Latios
|-damage|p2a: Latios|18/100
|move|p2a: Latios|Recover|p2a: Latios
|-heal|p2a: Latios|69/100
|
|upkeep
|turn|28
|
|t:|1776036101
|move|p1a: Zapdos|Hurricane|p2a: Latios|[miss]
|-miss|p1a: Zapdos|p2a: Latios
|move|p2a: Latios|Recover|p2a: Latios
|-heal|p2a: Latios|100/100
|
|upkeep
|turn|29
|
|t:|1776036107
|move|p1a: Zapdos|Hurricane|p2a: Latios|[miss]
|-miss|p1a: Zapdos|p2a: Latios
|move|p2a: Latios|Calm Mind|p2a: Latios
|-boost|p2a: Latios|spa|1
|-boost|p2a: Latios|spd|1
|
|upkeep
|turn|30
|
|t:|1776036117
|move|p1a: Zapdos|Hurricane|p2a: Latios
|-damage|p2a: Latios|73/100
|move|p2a: Latios|Calm Mind|p2a: Latios
|-boost|p2a: Latios|spa|1
|-boost|p2a: Latios|spd|1
|
|upkeep
|turn|31
|
|t:|1776036125
|move|p1a: Zapdos|Thunderbolt|p2a: Latios
|-resisted|p2a: Latios
|-damage|p2a: Latios|64/100
|move|p2a: Latios|Recover|p2a: Latios
|-heal|p2a: Latios|100/100
|
|upkeep
|turn|32
|
|t:|1776036133
|switch|p1a: Iron Valiant|Iron Valiant|100/100
|-damage|p1a: Iron Valiant|76/100|[from] Spikes
|-damage|p1a: Iron Valiant|69/100|[from] Stealth Rock
|move|p2a: Latios|Psychic Noise|p1a: Iron Valiant
|-supereffective|p1a: Iron Valiant
|-damage|p1a: Iron Valiant|0 fnt
|faint|p1a: Iron Valiant
|-end|p1a: Iron Valiant|Quark Drive|[silent]
|
|upkeep
|
|t:|1776036143
|switch|p1a: Darkrai|Darkrai|100/100
|-damage|p1a: Darkrai|76/100|[from] Spikes
|-damage|p1a: Darkrai|63/100|[from] Stealth Rock
|turn|33
|inactive|NewPokeGensRLame has 120 seconds left.
|inactive|NewPokeGensRLame has 90 seconds left.
|inactive|NewPokeGensRLame has 60 seconds left.
|inactive|NewPokeGensRLame has 30 seconds left.
|inactive|NewPokeGensRLame has 20 seconds left.
|inactive|NewPokeGensRLame has 15 seconds left.
|inactive|NewPokeGensRLame has 10 seconds left.
|inactive|NewPokeGensRLame has 5 seconds left.
|-message|NewPokeGensRLame lost due to inactivity.
|
|win|Wen-juckt's?
|raw|NewPokeGensRLame's rating: 1348 &rarr; <strong>1331</strong><br />(-17 for losing)
|raw|Wen-juckt&apos;s?'s rating: 1399 &rarr; <strong>1416</strong><br />(+17 for winning)
|l| ohko_smeargle
|l|☆Wen-juckt's?
|player|p2|
