|html|<div class="broadcast-blue"><strong>[Gen 9] OU is currently suspecting Tera Blast! For information on how to participate check out the <a href="https://www.smogon.com/tools/suspects/view/200">suspect thread</a>.</strong></div>
|j|☆no ratings
|j|☆NebulaTrainer
|t:|1776036271
|gametype|singles
|player|p1|no ratings|policeman-gen4|1580
|player|p2|NebulaTrainer|cynthia-gen4|1703
|gen|9
|tier|[Gen 9] OU
|rated|
|rule|HP Percentage Mod: HP is shown in percentages
|rule|Endless Battle Clause: Forcing endless battles is banned
|rule|Species Clause: Limit one of each Pokémon
|rule|OHKO Clause: OHKO moves are banned
|rule|Evasion Items Clause: Evasion items are banned
|rule|Evasion Moves Clause: Evasion moves are banned
|rule|Evasion Abilities Clause: Evasion abilities are banned
|rule|Sleep Moves Clause: Sleep-inducing moves are banned
|clearpoke
|poke|p1|Palossand, M|
|poke|p1|Kyurem|
|poke|p1|Slowking-Galar, M|
|poke|p1|Tornadus-Therian, M|
|poke|p1|Mandibuzz, F|
|poke|p1|Cinderace, F|
|poke|p2|Tornadus-Therian, M|
|poke|p2|Heatran, M|
|poke|p2|Hippowdon, M|
|poke|p2|Keldeo-Resolute|
|poke|p2|Excadrill, M|
|poke|p2|Hydrapple, F|
|teampreview
|inactive|Battle timer is ON: inactive players will automatically lose when time's up. (requested by no ratings)
|
|t:|1776036294
|teamsize|p1|6
|teamsize|p2|6
|start
|switch|p1a: Kyurem|Kyurem|100/100
|switch|p2a: Keldeo|Keldeo-Resolute, shiny|100/100
|-ability|p1a: Kyurem|Pressure
|turn|1
|inactive|NebulaTrainer has 120 seconds left.
|
|t:|1776036333
|switch|p1a: Slowking|Slowking-Galar, M|100/100
|move|p2a: Keldeo|Secret Sword|p1a: Slowking
|-resisted|p1a: Slowking
|-damage|p1a: Slowking|83/100
|
|upkeep
|turn|2
|
|t:|1776036340
|switch|p2a: Excadrill|Excadrill, M, shiny|100/100
|move|p1a: Slowking|Sludge Bomb|p2a: Excadrill
|-immune|p2a: Excadrill
|
|upkeep
|turn|3
|
|t:|1776036349
|switch|p2a: Heatran|Heatran, M, shiny|100/100
|switch|p1a: Mandibuzz|Mandibuzz, F|100/100
|
|upkeep
|turn|4
|
|t:|1776036367
|move|p1a: Mandibuzz|U-turn|p2a: Heatran
|-resisted|p2a: Heatran
|-damage|p2a: Heatran|98/100
|
|t:|1776036376
|switch|p1a: Palossand|Palossand, M, shiny|100/100|[from] U-turn
|move|p2a: Heatran|Magma Storm|p1a: Palossand
|-damage|p1a: Palossand|55/100
|-activate|p1a: Palossand|move: Magma Storm|[of] p2a: Heatran
|
|-heal|p2a: Heatran|100/100|[from] item: Leftovers
|-damage|p1a: Palossand|42/100|[from] move: Magma Storm|[partiallytrapped]
|upkeep
|turn|5
|
|t:|1776036401
|switch|p1a: Kyurem|Kyurem|100/100
|-ability|p1a: Kyurem|Pressure
|move|p2a: Heatran|Taunt|p1a: Kyurem
|-start|p1a: Kyurem|move: Taunt
|
|upkeep
|turn|6
|
|t:|1776036411
|switch|p2a: Tornadus|Tornadus-Therian, M, shiny|100/100
|move|p1a: Kyurem|Earth Power|p2a: Tornadus
|-immune|p2a: Tornadus
|
|upkeep
|turn|7
|
|t:|1776036419
|move|p2a: Tornadus|Knock Off|p1a: Kyurem
|-damage|p1a: Kyurem|84/100
|-enditem|p1a: Kyurem|Leftovers|[from] move: Knock Off|[of] p2a: Tornadus
|move|p1a: Kyurem|Freeze-Dry|p2a: Tornadus
|-supereffective|p2a: Tornadus
|-crit|p2a: Tornadus
|-damage|p2a: Tornadus|34/100
|
|-end|p1a: Kyurem|move: Taunt
|upkeep
|turn|8
|
|t:|1776036429
|move|p2a: Tornadus|Hurricane|p1a: Kyurem
|-crit|p1a: Kyurem
|-damage|p1a: Kyurem|24/100
|move|p1a: Kyurem|Earth Power|p2a: Tornadus
|-immune|p2a: Tornadus
|
|upkeep
|turn|9
|
|t:|1776036436
|switch|p1a: Slowking|Slowking-Galar, M|100/100
|move|p2a: Tornadus|U-turn|p1a: Slowking
|-damage|p1a: Slowking|86/100
|
|t:|1776036442
|switch|p2a: Excadrill|Excadrill, M, shiny|100/100|[from] U-turn
|
|upkeep
|turn|10
|
|t:|1776036450
|switch|p2a: Heatran|Heatran, M, shiny|100/100
|switch|p1a: Mandibuzz|Mandibuzz, F|100/100
|
|upkeep
|turn|11
|
|t:|1776036458
|move|p1a: Mandibuzz|U-turn|p2a: Heatran
|-resisted|p2a: Heatran
|-damage|p2a: Heatran|98/100
|c|☆no ratings|yo how did i build something 6-0ed by heatran
|inactive|no ratings has 120 seconds left.
|
|t:|1776036510
|switch|p1a: Palossand|Palossand, M, shiny|42/100|[from] U-turn
|move|p2a: Heatran|Magma Storm|p1a: Palossand
|-damage|p1a: Palossand|0 fnt
|faint|p1a: Palossand
|
|-heal|p2a: Heatran|100/100|[from] item: Leftovers
|upkeep
|
|t:|1776036514
|switch|p1a: Kyurem|Kyurem|24/100
|-ability|p1a: Kyurem|Pressure
|turn|12
|
|t:|1776036525
|move|p1a: Kyurem|Earth Power|p2a: Heatran
|-supereffective|p2a: Heatran
|-damage|p2a: Heatran|28/100
|move|p2a: Heatran|Earth Power|p1a: Kyurem
|-damage|p1a: Kyurem|0 fnt
|faint|p1a: Kyurem
|
|-heal|p2a: Heatran|34/100|[from] item: Leftovers
|upkeep
|
|t:|1776036528
|switch|p1a: Tornadus|Tornadus-Therian, M|100/100
|turn|13
|
|t:|1776036537
|move|p2a: Heatran|Protect|p2a: Heatran
|-singleturn|p2a: Heatran|Protect
|move|p1a: Tornadus|Nasty Plot|p1a: Tornadus
|-boost|p1a: Tornadus|spa|2
|
|-heal|p2a: Heatran|40/100|[from] item: Leftovers
|upkeep
|turn|14
|
|t:|1776036545
|move|p1a: Tornadus|Bleakwind Storm|p2a: Heatran
|-resisted|p2a: Heatran
|-damage|p2a: Heatran|3/100
|-damage|p1a: Tornadus|91/100|[from] item: Life Orb
|move|p2a: Heatran|Magma Storm|p1a: Tornadus
|-damage|p1a: Tornadus|39/100
|-activate|p1a: Tornadus|move: Magma Storm|[of] p2a: Heatran
|
|-heal|p2a: Heatran|9/100|[from] item: Leftovers
|-damage|p1a: Tornadus|27/100|[from] move: Magma Storm|[partiallytrapped]
|upkeep
|turn|15
|
|t:|1776036564
|move|p2a: Heatran|Protect|p2a: Heatran
|-singleturn|p2a: Heatran|Protect
|move|p1a: Tornadus|Grass Knot|p2a: Heatran
|-activate|p2a: Heatran|move: Protect
|
|-heal|p2a: Heatran|15/100|[from] item: Leftovers
|-damage|p1a: Tornadus|15/100|[from] move: Magma Storm|[partiallytrapped]
|upkeep
|turn|16
|
|t:|1776036575
|move|p2a: Heatran|Protect|p2a: Heatran
|-singleturn|p2a: Heatran|Protect
|move|p1a: Tornadus|Bleakwind Storm|p2a: Heatran
|-activate|p2a: Heatran|move: Protect
|
|-heal|p2a: Heatran|21/100|[from] item: Leftovers
|-damage|p1a: Tornadus|2/100|[from] move: Magma Storm|[partiallytrapped]
|upkeep
|turn|17
|
|t:|1776036585
|switch|p2a: Hippowdon|Hippowdon, M, shiny|100/100
|-weather|Sandstorm|[from] ability: Sand Stream|[of] p2a: Hippowdon
|move|p1a: Tornadus|Bleakwind Storm|p2a: Hippowdon
|-damage|p2a: Hippowdon|0 fnt
|faint|p2a: Hippowdon
|-damage|p1a: Tornadus|0 fnt|[from] item: Life Orb
|faint|p1a: Tornadus
|
|-weather|Sandstorm|[upkeep]
|upkeep
|
|t:|1776036603
|switch|p1a: Slowking|Slowking-Galar, M|100/100
|switch|p2a: Heatran|Heatran, M, shiny|21/100
|turn|18
|
|t:|1776036608
|move|p2a: Heatran|Taunt|p1a: Slowking
|-start|p1a: Slowking|move: Taunt
|move|p1a: Slowking|Psychic|p2a: Heatran
|-resisted|p2a: Heatran
|-damage|p2a: Heatran|10/100
|
|-weather|Sandstorm|[upkeep]
|-damage|p1a: Slowking|94/100|[from] Sandstorm
|-heal|p2a: Heatran|17/100|[from] item: Leftovers
|upkeep
|turn|19
|
|t:|1776036618
|move|p2a: Heatran|Magma Storm|p1a: Slowking
|-damage|p1a: Slowking|69/100
|-activate|p1a: Slowking|move: Magma Storm|[of] p2a: Heatran
|move|p1a: Slowking|Psychic|p2a: Heatran
|-resisted|p2a: Heatran
|-damage|p2a: Heatran|5/100
|
|-weather|Sandstorm|[upkeep]
|-damage|p1a: Slowking|63/100|[from] Sandstorm
|-heal|p2a: Heatran|12/100|[from] item: Leftovers
|-damage|p1a: Slowking|51/100|[from] move: Magma Storm|[partiallytrapped]
|upkeep
|turn|20
|
|t:|1776036629
|move|p2a: Heatran|Protect|p2a: Heatran
|-singleturn|p2a: Heatran|Protect
|move|p1a: Slowking|Psychic|p2a: Heatran
|-activate|p2a: Heatran|move: Protect
|
|-weather|Sandstorm|[upkeep]
|-damage|p1a: Slowking|45/100|[from] Sandstorm
|-heal|p2a: Heatran|18/100|[from] item: Leftovers
|-damage|p1a: Slowking|32/100|[from] move: Magma Storm|[partiallytrapped]
|-end|p1a: Slowking|move: Taunt
|upkeep
|turn|21
|
|t:|1776036641
|move|p2a: Heatran|Earth Power|p1a: Slowking
|-supereffective|p1a: Slowking
|-damage|p1a: Slowking|1/100
|move|p1a: Slowking|Psychic|p2a: Heatran
|-resisted|p2a: Heatran
|-damage|p2a: Heatran|7/100
|
|-weather|Sandstorm|[upkeep]
|-damage|p1a: Slowking|0 fnt|[from] Sandstorm
|faint|p1a: Slowking
|-heal|p2a: Heatran|13/100|[from] item: Leftovers
|upkeep
|
|t:|1776036650
|switch|p1a: Mandibuzz|Mandibuzz, F|100/100
|turn|22
|
|t:|1776036659
|move|p2a: Heatran|Protect|p2a: Heatran
|-singleturn|p2a: Heatran|Protect
|move|p1a: Mandibuzz|Foul Play|p2a: Heatran
|-activate|p2a: Heatran|move: Protect
|
|-weather|Sandstorm|[upkeep]
|-heal|p2a: Heatran|19/100|[from] item: Leftovers
|upkeep
|turn|23
|
|t:|1776036667
|move|p1a: Mandibuzz|U-turn|p2a: Heatran
|-resisted|p2a: Heatran
|-damage|p2a: Heatran|18/100
|-message|no ratings forfeited.
|
|win|NebulaTrainer
|raw|no ratings's rating: 1580 &rarr; <strong>1567</strong><br />(-13 for losing)
|raw|NebulaTrainer's rating: 1703 &rarr; <strong>1716</strong><br />(+13 for winning)
|l|☆no ratings
|player|p1|
|l|☆NebulaTrainer
|player|p2|
