|html|<div class="broadcast-blue"><strong>[Gen 9] OU is currently suspecting Tera Blast! For information on how to participate check out the <a href="https://www.smogon.com/tools/suspects/view/200">suspect thread</a>.</strong></div>
|j|☆Luceo
|j|☆rekka auto
|t:|1776099168
|gametype|singles
|player|p1|Luceo|cynthia-masters4|1696
|player|p2|rekka auto|drayden|1597
|gen|9
|tier|[Gen 9] OU
|rated|
|rule|HP Percentage Mod: HP is shown in percentages
|rule|Endless Battle Clause: Forcing endless battles is banned
|rule|Species Clause: Limit one of each Pokémon
|rule|OHKO Clause: OHKO moves are banned
|rule|Evasion Items Clause: Evasion items are banned
|rule|Evasion Moves Clause: Evasion moves are banned
|rule|Evasion Abilities Clause: Evasion abilities are banned
|rule|Sleep Moves Clause: Sleep-inducing moves are banned
|clearpoke
|poke|p1|Deoxys-Speed|
|poke|p1|Iron Valiant|
|poke|p1|Kingambit, M|
|poke|p1|Ceruledge, M|
|poke|p1|Dragonite, M|
|poke|p1|Raging Bolt|
|poke|p2|Okidogi, M|
|poke|p2|Gholdengo|
|poke|p2|Meowscarada, F|
|poke|p2|Dragonite, M|
|poke|p2|Comfey, F|
|poke|p2|Ting-Lu|
|teampreview
|inactive|Battle timer is ON: inactive players will automatically lose when time's up. (requested by rekka auto)
|inactive|Luceo also wants the timer to be on.
|inactive|rekka auto has 120 seconds left.
|inactive|rekka auto has 90 seconds left.
|
|t:|1776099229
|teamsize|p1|6
|teamsize|p2|6
|start
|switch|p1a: HIT N DIP|Deoxys-Speed|100/100
|switch|p2a: Meowscarada|Meowscarada, F|100/100
|-ability|p1a: HIT N DIP|Pressure
|turn|1
|
|t:|1776099237
|move|p2a: Meowscarada|Knock Off|p1a: HIT N DIP
|-start|p2a: Meowscarada|typechange|Dark|[from] ability: Protean
|-supereffective|p1a: HIT N DIP
|-damage|p1a: HIT N DIP|0 fnt
|-enditem|p1a: HIT N DIP|Eject Pack|[from] move: Knock Off|[of] p2a: Meowscarada
|faint|p1a: HIT N DIP
|
|upkeep
|inactive|Luceo has 120 seconds left.
|
|t:|1776099272
|switch|p1a: CRASH OUT|Iron Valiant|100/100
|-enditem|p1a: CRASH OUT|Booster Energy
|-activate|p1a: CRASH OUT|ability: Quark Drive|[fromitem]
|-start|p1a: CRASH OUT|quarkdrivespe
|turn|2
|
|t:|1776099295
|switch|p2a: Gholdengo|Gholdengo|100/100
|move|p1a: CRASH OUT|Knock Off|p2a: Gholdengo
|-supereffective|p2a: Gholdengo
|-damage|p2a: Gholdengo|60/100
|-enditem|p2a: Gholdengo|Leftovers|[from] move: Knock Off|[of] p1a: CRASH OUT
|
|upkeep
|turn|3
|
|t:|1776099304
|-end|p1a: CRASH OUT|Quark Drive|[silent]
|switch|p1a: STAND ON BIZ|Kingambit, M|100/100
|-activate|p1a: STAND ON BIZ|ability: Supreme Overlord
|-start|p1a: STAND ON BIZ|fallen1|[silent]
|move|p2a: Gholdengo|Recover|p2a: Gholdengo
|-heal|p2a: Gholdengo|100/100
|
|upkeep
|turn|4
|
|t:|1776099310
|switch|p2a: Okidogi|Okidogi, M|100/100
|move|p1a: STAND ON BIZ|Swords Dance|p1a: STAND ON BIZ
|-boost|p1a: STAND ON BIZ|atk|2
|
|upkeep
|turn|5
|
|t:|1776099328
|-end|p1a: STAND ON BIZ|fallen1|[silent]
|switch|p1a: SHIESTY|Ceruledge, M|100/100
|move|p2a: Okidogi|Bulk Up|p2a: Okidogi
|-boost|p2a: Okidogi|atk|1
|-boost|p2a: Okidogi|def|1
|
|upkeep
|turn|6
|
|t:|1776099332
|move|p1a: SHIESTY|Swords Dance|p1a: SHIESTY
|-boost|p1a: SHIESTY|atk|2
|move|p2a: Okidogi|Knock Off|p1a: SHIESTY
|-supereffective|p1a: SHIESTY
|-enditem|p1a: SHIESTY|Focus Sash
|-damage|p1a: SHIESTY|1/100
|-ability|p1a: SHIESTY|Weak Armor|boost
|-unboost|p1a: SHIESTY|def|1
|-boost|p1a: SHIESTY|spe|2
|
|upkeep
|turn|7
|
|t:|1776099337
|move|p1a: SHIESTY|Bitter Blade|p2a: Okidogi
|-damage|p2a: Okidogi|49/100
|-heal|p1a: SHIESTY|35/100|[from] drain|[of] p2a: Okidogi
|move|p2a: Okidogi|Knock Off|p1a: SHIESTY
|-supereffective|p1a: SHIESTY
|-damage|p1a: SHIESTY|0 fnt
|faint|p1a: SHIESTY
|
|-heal|p2a: Okidogi|55/100|[from] item: Leftovers
|upkeep
|
|t:|1776099353
|switch|p1a: CATCH A FADE|Raging Bolt|100/100
|-enditem|p1a: CATCH A FADE|Booster Energy
|-activate|p1a: CATCH A FADE|ability: Protosynthesis|[fromitem]
|-start|p1a: CATCH A FADE|protosynthesisspa
|turn|8
|
|t:|1776099361
|switch|p2a: Ting-Lu|Ting-Lu|100/100
|-ability|p2a: Ting-Lu|Vessel of Ruin
|move|p1a: CATCH A FADE|Thunderbolt|p2a: Ting-Lu
|-immune|p2a: Ting-Lu
|
|upkeep
|turn|9
|
|t:|1776099366
|-end|p1a: CATCH A FADE|Protosynthesis|[silent]
|switch|p1a: BIG STEPPA|Dragonite, M|100/100
|move|p2a: Ting-Lu|Stealth Rock|p1a: BIG STEPPA
|-sidestart|p1: Luceo|move: Stealth Rock
|
|upkeep
|turn|10
|
|t:|1776099370
|switch|p2a: Meowscarada|Meowscarada, F|100/100
|move|p1a: BIG STEPPA|Encore||[still]
|-fail|p1a: BIG STEPPA
|
|upkeep
|turn|11
|
|t:|1776099373
|-terastallize|p1a: BIG STEPPA|Normal
|move|p1a: BIG STEPPA|Extreme Speed|p2a: Meowscarada
|-damage|p2a: Meowscarada|32/100
|move|p2a: Meowscarada|U-turn|p1a: BIG STEPPA
|-start|p2a: Meowscarada|typechange|Bug|[from] ability: Protean
|-damage|p1a: BIG STEPPA|83/100
|
|t:|1776099378
|switch|p2a: Ting-Lu|Ting-Lu|100/100|[from] U-turn
|-ability|p2a: Ting-Lu|Vessel of Ruin
|
|upkeep
|turn|12
|
|t:|1776099387
|move|p1a: BIG STEPPA|Dragon Dance|p1a: BIG STEPPA
|-boost|p1a: BIG STEPPA|atk|1
|-boost|p1a: BIG STEPPA|spe|1
|move|p2a: Ting-Lu|Earthquake|p1a: BIG STEPPA
|-damage|p1a: BIG STEPPA|38/100
|
|upkeep
|turn|13
|
|t:|1776099390
|move|p1a: BIG STEPPA|Extreme Speed|p2a: Ting-Lu
|-damage|p2a: Ting-Lu|65/100
|move|p2a: Ting-Lu|Earthquake|p1a: BIG STEPPA
|-damage|p1a: BIG STEPPA|0 fnt
|faint|p1a: BIG STEPPA
|
|-heal|p2a: Ting-Lu|71/100|[from] item: Leftovers
|upkeep
|
|t:|1776099393
|switch|p1a: CRASH OUT|Iron Valiant|100/100
|-damage|p1a: CRASH OUT|94/100|[from] Stealth Rock
|turn|14
|
|t:|1776099399
|-end|p1a: CRASH OUT|Quark Drive|[silent]
|switch|p1a: STAND ON BIZ|Kingambit, M|100/100
|-damage|p1a: STAND ON BIZ|94/100|[from] Stealth Rock
|-activate|p1a: STAND ON BIZ|ability: Supreme Overlord
|-start|p1a: STAND ON BIZ|fallen3|[silent]
|move|p2a: Ting-Lu|Earthquake|p1a: STAND ON BIZ
|-supereffective|p1a: STAND ON BIZ
|-damage|p1a: STAND ON BIZ|33/100
|
|-heal|p2a: Ting-Lu|77/100|[from] item: Leftovers
|upkeep
|turn|15
|
|t:|1776099402
|move|p1a: STAND ON BIZ|Iron Head|p2a: Ting-Lu
|-damage|p2a: Ting-Lu|42/100
|move|p2a: Ting-Lu|Earthquake|p1a: STAND ON BIZ
|-supereffective|p1a: STAND ON BIZ
|-damage|p1a: STAND ON BIZ|0 fnt
|faint|p1a: STAND ON BIZ
|-end|p1a: STAND ON BIZ|fallen3|[silent]
|
|-heal|p2a: Ting-Lu|48/100|[from] item: Leftovers
|upkeep
|
|t:|1776099405
|switch|p1a: CRASH OUT|Iron Valiant|94/100
|-damage|p1a: CRASH OUT|88/100|[from] Stealth Rock
|turn|16
|
|t:|1776099409
|-end|p1a: CRASH OUT|Quark Drive|[silent]
|switch|p1a: CATCH A FADE|Raging Bolt|100/100
|-damage|p1a: CATCH A FADE|88/100|[from] Stealth Rock
|switch|p2a: Gholdengo|Gholdengo|100/100
|
|upkeep
|turn|17
|
|t:|1776099414
|move|p1a: CATCH A FADE|Calm Mind|p1a: CATCH A FADE
|-boost|p1a: CATCH A FADE|spa|1
|-boost|p1a: CATCH A FADE|spd|1
|move|p2a: Gholdengo|Dazzling Gleam|p1a: CATCH A FADE
|-supereffective|p1a: CATCH A FADE
|-damage|p1a: CATCH A FADE|59/100
|
|upkeep
|turn|18
|
|t:|1776099423
|move|p1a: CATCH A FADE|Calm Mind|p1a: CATCH A FADE
|-boost|p1a: CATCH A FADE|spa|1
|-boost|p1a: CATCH A FADE|spd|1
|move|p2a: Gholdengo|Dazzling Gleam|p1a: CATCH A FADE
|-supereffective|p1a: CATCH A FADE
|-damage|p1a: CATCH A FADE|37/100
|
|upkeep
|turn|19
|
|t:|1776099426
|move|p1a: CATCH A FADE|Thunderbolt|p2a: Gholdengo
|-damage|p2a: Gholdengo|4/100
|move|p2a: Gholdengo|Dazzling Gleam|p1a: CATCH A FADE
|-supereffective|p1a: CATCH A FADE
|-damage|p1a: CATCH A FADE|15/100
|
|upkeep
|turn|20
|
|t:|1776099429
|move|p1a: CATCH A FADE|Thunderbolt|p2a: Gholdengo
|-damage|p2a: Gholdengo|0 fnt
|faint|p2a: Gholdengo
|
|upkeep
|
|t:|1776099431
|switch|p2a: Dragonite|Dragonite, M|100/100
|turn|21
|
|t:|1776099436
|move|p2a: Dragonite|Scale Shot|p1a: CATCH A FADE
|-supereffective|p1a: CATCH A FADE
|-damage|p1a: CATCH A FADE|0 fnt
|faint|p1a: CATCH A FADE
|-end|p1a: CATCH A FADE|Protosynthesis|[silent]
|-hitcount|p1: CATCH A FADE|1
|-unboost|p2a: Dragonite|def|1
|-boost|p2a: Dragonite|spe|1
|
|upkeep
|
|t:|1776099439
|switch|p1a: CRASH OUT|Iron Valiant|88/100
|-damage|p1a: CRASH OUT|82/100|[from] Stealth Rock
|turn|22
|
|t:|1776099446
|move|p2a: Dragonite|Fire Punch|p1a: CRASH OUT
|-damage|p1a: CRASH OUT|42/100
|-status|p1a: CRASH OUT|brn
|move|p1a: CRASH OUT|Moonblast|p2a: Dragonite
|-supereffective|p2a: Dragonite
|-damage|p2a: Dragonite|56/100
|
|-damage|p1a: CRASH OUT|36/100 brn|[from] brn
|upkeep
|turn|23
|-message|Luceo forfeited.
|
|win|rekka auto
|raw|Luceo's rating: 1696 &rarr; <strong>1670</strong><br />(-26 for losing)
|raw|rekka auto's rating: 1597 &rarr; <strong>1623</strong><br />(+26 for winning)
|l|☆Luceo
|player|p1|
|l|☆rekka auto
|player|p2|
