|html|<div class="broadcast-blue"><strong>[Gen 9] OU is currently suspecting Tera Blast! For information on how to participate check out the <a href="https://www.smogon.com/tools/suspects/view/200">suspect thread</a>.</strong></div>
|j|☆SirPaglia
|j|☆Hdudhiddjjddjd
|t:|1776114647
|gametype|singles
|player|p1|SirPaglia|steven|1271
|player|p2|Hdudhiddjjddjd|benga|1206
|gen|9
|tier|[Gen 9] OU
|rated|
|rule|HP Percentage Mod: HP is shown in percentages
|rule|Endless Battle Clause: Forcing endless battles is banned
|rule|Species Clause: Limit one of each Pokémon
|rule|OHKO Clause: OHKO moves are banned
|rule|Evasion Items Clause: Evasion items are banned
|rule|Evasion Moves Clause: Evasion moves are banned
|rule|Evasion Abilities Clause: Evasion abilities are banned
|rule|Sleep Moves Clause: Sleep-inducing moves are banned
|clearpoke
|poke|p1|Grimmsnarl, M|
|poke|p1|Iron Treads|
|poke|p1|Raging Bolt|
|poke|p1|Deoxys-Speed|
|poke|p1|Ogerpon-Wellspring, F|
|poke|p1|Ceruledge, F|
|poke|p2|Zangoose, M|
|poke|p2|Ribombee, F|
|poke|p2|Alomomola, F|
|poke|p2|Hawlucha, F|
|poke|p2|Weezing-Galar, F|
|poke|p2|Rillaboom, M|
|teampreview
|inactive|Battle timer is ON: inactive players will automatically lose when time's up. (requested by Hdudhiddjjddjd)
|l|☆Hdudhiddjjddjd
|inactive|Hdudhiddjjddjd disconnected and has a minute to reconnect!
|player|p2|
|j|☆Hdudhiddjjddjd
|inactive|Hdudhiddjjddjd reconnected and has 135 seconds left.
|player|p2|Hdudhiddjjddjd|benga|
|
|t:|1776114670
|teamsize|p1|6
|teamsize|p2|6
|start
|switch|p1a: Grimmsnarl|Grimmsnarl, M, shiny|100/100
|switch|p2a: Alomomola|Alomomola, F|100/100
|turn|1
|
|t:|1776114679
|move|p1a: Grimmsnarl|Light Screen|p1a: Grimmsnarl
|-sidestart|p1: SirPaglia|move: Light Screen
|move|p2a: Alomomola|Wish|p2a: Alomomola
|
|upkeep
|turn|2
|
|t:|1776114682
|switch|p2a: Weezing|Weezing-Galar, F|100/100
|-ability|p2a: Weezing|Neutralizing Gas
|move|p1a: Grimmsnarl|Reflect|p1a: Grimmsnarl
|-sidestart|p1: SirPaglia|Reflect
|
|upkeep
|turn|3
|inactive|SirPaglia has 120 seconds left.
|
|t:|1776114714
|switch|p1a: Iron Treads|Iron Treads, shiny|100/100
|move|p2a: Weezing|Defog|p1a: Iron Treads
|-unboost|p1a: Iron Treads|evasion|1
|-sideend|p1: SirPaglia|Reflect
|-sideend|p1: SirPaglia|move: Light Screen
|
|upkeep
|turn|4
|inactive|SirPaglia has 120 seconds left.
|
|t:|1776114725
|-end|p2a: Weezing|ability: Neutralizing Gas
|switch|p2a: Rillaboom|Rillaboom, M|100/100
|-enditem|p1a: Iron Treads|Booster Energy
|-activate|p1a: Iron Treads|ability: Quark Drive|[fromitem]
|-start|p1a: Iron Treads|quarkdrivespe
|-fieldstart|move: Grassy Terrain|[from] ability: Grassy Surge|[of] p2a: Rillaboom
|move|p1a: Iron Treads|Stealth Rock|p2a: Rillaboom
|-sidestart|p2: Hdudhiddjjddjd|move: Stealth Rock
|
|upkeep
|turn|5
|inactive|SirPaglia has 120 seconds left.
|
|t:|1776114765
|-end|p1a: Iron Treads|Quark Drive|[silent]
|switch|p1a: Grimmsnarl|Grimmsnarl, M, shiny|100/100
|move|p2a: Rillaboom|U-turn|p1a: Grimmsnarl
|-damage|p1a: Grimmsnarl|48/100
|l|☆Hdudhiddjjddjd
|inactive|Hdudhiddjjddjd disconnected and has a minute to reconnect!
|player|p2|
|j|☆Hdudhiddjjddjd
|inactive|Hdudhiddjjddjd reconnected and has 105 seconds left.
|player|p2|Hdudhiddjjddjd|benga|
|
|t:|1776114805
|switch|p2a: Ribombee|Ribombee, F|100/100|[from] U-turn
|-damage|p2a: Ribombee|76/100|[from] Stealth Rock
|
|-heal|p2a: Ribombee|82/100|[from] Grassy Terrain
|-heal|p1a: Grimmsnarl|54/100|[from] Grassy Terrain
|upkeep
|turn|6
|
|t:|1776114811
|move|p1a: Grimmsnarl|Taunt|p2a: Ribombee
|-start|p2a: Ribombee|move: Taunt
|cant|p2a: Ribombee|move: Taunt|Stun Spore
|
|-heal|p2a: Ribombee|88/100|[from] Grassy Terrain
|-heal|p1a: Grimmsnarl|60/100|[from] Grassy Terrain
|upkeep
|turn|7
|
|t:|1776114820
|move|p1a: Grimmsnarl|Reflect|p1a: Grimmsnarl
|-sidestart|p1: SirPaglia|Reflect
|move|p2a: Ribombee|U-turn|p1a: Grimmsnarl
|-damage|p1a: Grimmsnarl|51/100
|
|t:|1776114823
|switch|p2a: Weezing|Weezing-Galar, F|100/100|[from] U-turn
|-ability|p2a: Weezing|Neutralizing Gas
|
|-heal|p1a: Grimmsnarl|57/100|[from] Grassy Terrain
|upkeep
|turn|8
|inactive|SirPaglia has 120 seconds left.
|
|t:|1776114831
|move|p1a: Grimmsnarl|Taunt|p2a: Weezing
|-start|p2a: Weezing|move: Taunt
|move|p2a: Weezing|Strange Steam|p1a: Grimmsnarl
|-supereffective|p1a: Grimmsnarl
|-damage|p1a: Grimmsnarl|0 fnt
|faint|p1a: Grimmsnarl
|
|-fieldend|move: Grassy Terrain
|upkeep
|inactive|SirPaglia has 120 seconds left.
|
|t:|1776114845
|switch|p1a: Ogerpon|Ogerpon-Wellspring, F|100/100
|turn|9
|
|t:|1776114852
|-end|p2a: Weezing|ability: Neutralizing Gas
|switch|p2a: Rillaboom|Rillaboom, M|100/100
|-damage|p2a: Rillaboom|88/100|[from] Stealth Rock
|-fieldstart|move: Grassy Terrain|[from] ability: Grassy Surge|[of] p2a: Rillaboom
|-terastallize|p1a: Ogerpon|Water
|detailschange|p1a: Ogerpon|Ogerpon-Wellspring-Tera, F, tera:Water
|-ability|p1a: Ogerpon|Embody Aspect (Wellspring)|boost
|-boost|p1a: Ogerpon|spd|1
|move|p1a: Ogerpon|Swords Dance|p1a: Ogerpon
|-boost|p1a: Ogerpon|atk|2
|
|-heal|p2a: Rillaboom|94/100|[from] Grassy Terrain
|upkeep
|turn|10
|
|t:|1776114868
|move|p1a: Ogerpon|Play Rough|p2a: Rillaboom
|-damage|p2a: Rillaboom|11/100
|move|p2a: Rillaboom|Wood Hammer|p1a: Ogerpon
|-supereffective|p1a: Ogerpon
|-damage|p1a: Ogerpon|0 fnt
|faint|p1a: Ogerpon
|detailschange|p1: Ogerpon|Ogerpon-Wellspring, F|[silent]
|-damage|p2a: Rillaboom|0 fnt|[from] Recoil
|faint|p2a: Rillaboom
|
|upkeep
|inactive|SirPaglia has 120 seconds left.
|
|t:|1776114892
|switch|p1a: Iron Treads|Iron Treads, shiny|100/100
|switch|p2a: Weezing|Weezing-Galar, F|100/100
|-ability|p2a: Weezing|Neutralizing Gas
|turn|11
|
|t:|1776114898
|move|p1a: Iron Treads|Earth Power|p2a: Weezing
|-supereffective|p2a: Weezing
|-damage|p2a: Weezing|41/100
|move|p2a: Weezing|Defog|p1a: Iron Treads
|-unboost|p1a: Iron Treads|evasion|1
|-sideend|p1: SirPaglia|Reflect
|-sideend|p2: Hdudhiddjjddjd|Stealth Rock|[from] move: Defog|[of] p2a: Weezing
|-fieldend|move: Grassy Terrain
|
|upkeep
|turn|12
|inactive|SirPaglia has 120 seconds left.
|
|t:|1776114912
|move|p1a: Iron Treads|Stealth Rock|p2a: Weezing
|-sidestart|p2: Hdudhiddjjddjd|move: Stealth Rock
|move|p2a: Weezing|Flamethrower|p1a: Iron Treads
|-supereffective|p1a: Iron Treads
|-damage|p1a: Iron Treads|47/100
|
|upkeep
|turn|13
|inactive|SirPaglia has 120 seconds left.
|
|t:|1776114917
|-end|p2a: Weezing|ability: Neutralizing Gas
|switch|p2a: Hawlucha|Hawlucha, F|100/100
|-damage|p2a: Hawlucha|88/100|[from] Stealth Rock
|move|p1a: Iron Treads|Earth Power|p2a: Hawlucha
|-immune|p2a: Hawlucha
|
|upkeep
|turn|14
|inactive|SirPaglia has 120 seconds left.
|
|t:|1776114927
|-terastallize|p2a: Hawlucha|Flying
|move|p1a: Iron Treads|Steel Beam|p2a: Hawlucha
|-damage|p2a: Hawlucha|11/100
|-damage|p1a: Iron Treads|0 fnt|[from] steelbeam
|faint|p1a: Iron Treads
|-end|p1a: Iron Treads|Quark Drive|[silent]
|move|p2a: Hawlucha|Substitute|p2a: Hawlucha
|-fail|p2a: Hawlucha|move: Substitute|[weak]
|
|upkeep
|inactive|SirPaglia has 120 seconds left.
|
|t:|1776114939
|switch|p1a: Ceruledge|Ceruledge, F, shiny|100/100
|turn|15
|
|t:|1776114943
|move|p1a: Ceruledge|Shadow Sneak|p2a: Hawlucha
|-damage|p2a: Hawlucha|0 fnt
|faint|p2a: Hawlucha
|-damage|p1a: Ceruledge|91/100|[from] item: Life Orb
|
|upkeep
|
|t:|1776114948
|switch|p2a: Ribombee|Ribombee, F|88/100
|-damage|p2a: Ribombee|63/100|[from] Stealth Rock
|turn|16
|
|t:|1776114957
|move|p2a: Ribombee|Sticky Web|p1a: Ceruledge
|-sidestart|p1: SirPaglia|move: Sticky Web
|move|p1a: Ceruledge|Bitter Blade|p2a: Ribombee
|-supereffective|p2a: Ribombee
|-damage|p2a: Ribombee|0 fnt
|-heal|p1a: Ceruledge|100/100|[from] drain|[of] p2a: Ribombee
|faint|p2a: Ribombee
|-damage|p1a: Ceruledge|91/100|[from] item: Life Orb
|
|upkeep
|
|t:|1776114961
|switch|p2a: Alomomola|Alomomola, F|100/100
|-damage|p2a: Alomomola|88/100|[from] Stealth Rock
|turn|17
|
|t:|1776114982
|move|p1a: Ceruledge|Poltergeist|p2a: Alomomola
|-activate|p2a: Alomomola|move: Poltergeist|Rocky Helmet
|-damage|p2a: Alomomola|45/100
|-damage|p1a: Ceruledge|81/100|[from] item: Life Orb
|move|p2a: Alomomola|Flip Turn|p1a: Ceruledge
|-supereffective|p1a: Ceruledge
|-crit|p1a: Ceruledge
|-damage|p1a: Ceruledge|12/100
|-ability|p1a: Ceruledge|Weak Armor|boost
|-unboost|p1a: Ceruledge|def|1
|-boost|p1a: Ceruledge|spe|2
|
|t:|1776114988
|switch|p2a: Zangoose|Zangoose, M|100/100|[from] Flip Turn
|-damage|p2a: Zangoose|88/100|[from] Stealth Rock
|
|-status|p2a: Zangoose|tox|[from] item: Toxic Orb
|upkeep
|turn|18
|
|t:|1776114997
|switch|p2a: Weezing|Weezing-Galar, F|41/100
|-ability|p2a: Weezing|Neutralizing Gas
|move|p1a: Ceruledge|Bitter Blade|p2a: Weezing
|-damage|p2a: Weezing|0 fnt
|-heal|p1a: Ceruledge|34/100|[from] drain|[of] p2a: Weezing
|faint|p2a: Weezing
|-end|p2a: Weezing|ability: Neutralizing Gas
|-damage|p1a: Ceruledge|24/100|[from] item: Life Orb
|
|upkeep
|
|t:|1776114999
|switch|p2a: Alomomola|Alomomola, F|78/100
|-damage|p2a: Alomomola|66/100|[from] Stealth Rock
|turn|19
|
|t:|1776115010
|move|p2a: Alomomola|Aqua Jet|p1a: Ceruledge
|-supereffective|p1a: Ceruledge
|-damage|p1a: Ceruledge|0 fnt
|faint|p1a: Ceruledge
|
|upkeep
|
|t:|1776115016
|switch|p1a: Raging Bolt|Raging Bolt|100/100
|-activate|p1a: Raging Bolt|move: Sticky Web
|-unboost|p1a: Raging Bolt|spe|1
|-enditem|p1a: Raging Bolt|Booster Energy
|-activate|p1a: Raging Bolt|ability: Protosynthesis|[fromitem]
|-start|p1a: Raging Bolt|protosynthesisspa
|turn|20
|
|t:|1776115024
|move|p2a: Alomomola|Wish|p2a: Alomomola
|move|p1a: Raging Bolt|Thunderbolt|p2a: Alomomola
|-supereffective|p2a: Alomomola
|-damage|p2a: Alomomola|0 fnt
|faint|p2a: Alomomola
|
|upkeep
|
|t:|1776115027
|switch|p2a: Zangoose|Zangoose, M|88/100 tox
|-damage|p2a: Zangoose|76/100 tox|[from] Stealth Rock
|turn|21
|
|t:|1776115033
|move|p2a: Zangoose|Facade|p1a: Raging Bolt
|-damage|p1a: Raging Bolt|18/100
|move|p1a: Raging Bolt|Thunderbolt|p2a: Zangoose
|-damage|p2a: Zangoose|0 fnt
|faint|p2a: Zangoose
|
|win|SirPaglia
|raw|SirPaglia's rating: 1271 &rarr; <strong>1291</strong><br />(+20 for winning)
|raw|Hdudhiddjjddjd's rating: 1206 &rarr; <strong>1186</strong><br />(-20 for losing)
|l|☆Hdudhiddjjddjd
|player|p2|
|l|☆SirPaglia
|player|p1|
