|html|<div class="broadcast-blue"><strong>[Gen 9] OU is currently suspecting Tera Blast! For information on how to participate check out the <a href="https://www.smogon.com/tools/suspects/view/200">suspect thread</a>.</strong></div>
|j|☆Gyo99
|j|☆jessies boyfriend
|t:|1776045986
|gametype|singles
|player|p1|Gyo99|burglar|1388
|player|p2|jessies boyfriend|brock|1376
|gen|9
|tier|[Gen 9] OU
|rated|
|rule|HP Percentage Mod: HP is shown in percentages
|rule|Endless Battle Clause: Forcing endless battles is banned
|rule|Species Clause: Limit one of each Pokémon
|rule|OHKO Clause: OHKO moves are banned
|rule|Evasion Items Clause: Evasion items are banned
|rule|Evasion Moves Clause: Evasion moves are banned
|rule|Evasion Abilities Clause: Evasion abilities are banned
|rule|Sleep Moves Clause: Sleep-inducing moves are banned
|clearpoke
|poke|p1|Garchomp, M|
|poke|p1|Swampert, M|
|poke|p1|Corviknight, M|
|poke|p1|Clefable, F|
|poke|p1|Darkrai|
|poke|p1|Cinderace, M|
|poke|p2|Hatterene, F|
|poke|p2|Gholdengo|
|poke|p2|Dragonite, F|
|poke|p2|Meowscarada, M|
|poke|p2|Tentacruel, M|
|poke|p2|Hitmonchan, M|
|teampreview
|inactive|Battle timer is ON: inactive players will automatically lose when time's up. (requested by jessies boyfriend)
|
|t:|1776045997
|teamsize|p1|6
|teamsize|p2|6
|start
|switch|p1a: D. Magician|Darkrai, shiny|100/100
|switch|p2a: Meowscarada|Meowscarada, M|100/100
|turn|1
|
|t:|1776046011
|switch|p2a: Tentacruel|Tentacruel, M, shiny|100/100
|move|p1a: D. Magician|Sludge Bomb|p2a: Tentacruel
|-resisted|p2a: Tentacruel
|-damage|p2a: Tentacruel|78/100
|
|-heal|p2a: Tentacruel|84/100|[from] item: Leftovers
|upkeep
|turn|2
|
|t:|1776046022
|switch|p1a: Pot of greed|Swampert, M|100/100
|move|p2a: Tentacruel|Surf|p1a: Pot of greed
|-damage|p1a: Pot of greed|77/100
|
|-heal|p2a: Tentacruel|90/100|[from] item: Leftovers
|-heal|p1a: Pot of greed|83/100|[from] item: Leftovers
|upkeep
|turn|3
|
|t:|1776046030
|switch|p2a: Hatterene|Hatterene, F|100/100
|move|p1a: Pot of greed|Knock Off|p2a: Hatterene
|-damage|p2a: Hatterene|79/100
|-damage|p1a: Pot of greed|66/100|[from] item: Rocky Helmet|[of] p2a: Hatterene
|-enditem|p2a: Hatterene|Rocky Helmet|[from] move: Knock Off|[of] p1a: Pot of greed
|
|-heal|p1a: Pot of greed|72/100|[from] item: Leftovers
|upkeep
|turn|4
|
|t:|1776046041
|move|p1a: Pot of greed|Flip Turn|p2a: Hatterene
|-damage|p2a: Hatterene|60/100
|
|t:|1776046051
|switch|p1a: Tribute torrential|Cinderace, M, shiny|100/100|[from] Flip Turn
|move|p2a: Hatterene|Future Sight|p1a: Tribute torrential
|-start|p2a: Hatterene|move: Future Sight
|
|upkeep
|turn|5
|
|t:|1776046076
|move|p1a: Tribute torrential|U-turn|p2a: Hatterene
|-start|p1a: Tribute torrential|typechange|Bug|[from] ability: Libero
|-crit|p2a: Hatterene
|-damage|p2a: Hatterene|0 fnt
|faint|p2a: Hatterene
|
|t:|1776046095
|switch|p1a: D. Magician|Darkrai, shiny|100/100|[from] U-turn
|
|upkeep
|inactive|jessies boyfriend has 120 seconds left.
|
|t:|1776046137
|switch|p2a: Hitmonchan|Hitmonchan, M, shiny|100/100
|turn|6
|
|t:|1776046146
|move|p1a: D. Magician|Trick|p2a: Hitmonchan
|-activate|p1a: D. Magician|move: Trick|[of] p2a: Hitmonchan
|-item|p2a: Hitmonchan|Choice Specs|[from] move: Trick
|-item|p1a: D. Magician|Punching Glove|[from] move: Trick
|move|p2a: Hitmonchan|Swords Dance|p2a: Hitmonchan
|-boost|p2a: Hitmonchan|atk|2
|
|-end|p1a: D. Magician|move: Future Sight
|-immune|p1a: D. Magician
|upkeep
|turn|7
|
|t:|1776046167
|switch|p2a: Tentacruel|Tentacruel, M, shiny|90/100
|move|p1a: D. Magician|Dark Pulse|p2a: Tentacruel
|-damage|p2a: Tentacruel|45/100
|
|-heal|p2a: Tentacruel|51/100|[from] item: Leftovers
|upkeep
|turn|8
|
|t:|1776046176
|move|p1a: D. Magician|Dark Pulse|p2a: Tentacruel
|-damage|p2a: Tentacruel|5/100
|move|p2a: Tentacruel|Rapid Spin|p1a: D. Magician
|-damage|p1a: D. Magician|90/100
|-boost|p2a: Tentacruel|spe|1
|
|-heal|p2a: Tentacruel|11/100|[from] item: Leftovers
|upkeep
|turn|9
|
|t:|1776046185
|move|p2a: Tentacruel|Sludge Bomb|p1a: D. Magician
|-damage|p1a: D. Magician|41/100
|move|p1a: D. Magician|Dark Pulse|p2a: Tentacruel
|-damage|p2a: Tentacruel|0 fnt
|faint|p2a: Tentacruel
|
|upkeep
|
|t:|1776046194
|switch|p2a: Hitmonchan|Hitmonchan, M, shiny|100/100
|turn|10
|
|t:|1776046200
|move|p1a: D. Magician|Dark Pulse|p2a: Hitmonchan
|-resisted|p2a: Hitmonchan
|-damage|p2a: Hitmonchan|76/100
|move|p2a: Hitmonchan|Thunder Punch|p1a: D. Magician
|-damage|p1a: D. Magician|0 fnt
|faint|p1a: D. Magician
|
|upkeep
|
|t:|1776046208
|switch|p1a: Chaos Emperor|Garchomp, M, shiny|100/100
|turn|11
|
|t:|1776046212
|switch|p2a: Meowscarada|Meowscarada, M|100/100
|move|p1a: Chaos Emperor|Swords Dance|p1a: Chaos Emperor
|-boost|p1a: Chaos Emperor|atk|2
|
|upkeep
|turn|12
|
|t:|1776046220
|move|p2a: Meowscarada|Triple Axel|p1a: Chaos Emperor
|-start|p2a: Meowscarada|typechange|Ice|[from] ability: Protean
|-supereffective|p1a: Chaos Emperor
|-damage|p1a: Chaos Emperor|55/100
|-damage|p2a: Meowscarada|88/100|[from] ability: Rough Skin|[of] p1a: Chaos Emperor
|-supereffective|p1a: Chaos Emperor
|-crit|p1a: Chaos Emperor
|-damage|p1a: Chaos Emperor|0 fnt
|-damage|p2a: Meowscarada|76/100|[from] ability: Rough Skin|[of] p1a: Chaos Emperor
|faint|p1a: Chaos Emperor
|-hitcount|p1: Chaos Emperor|2
|-damage|p2a: Meowscarada|66/100|[from] item: Life Orb
|
|upkeep
|
|t:|1776046233
|switch|p1a: Tribute torrential|Cinderace, M, shiny|100/100
|turn|13
|
|t:|1776046245
|move|p2a: Meowscarada|U-turn|p1a: Tribute torrential
|-resisted|p1a: Tribute torrential
|-damage|p1a: Tribute torrential|81/100
|-damage|p2a: Meowscarada|56/100|[from] item: Life Orb
|
|t:|1776046249
|switch|p2a: Dragonite|Dragonite, F|100/100|[from] U-turn
|move|p1a: Tribute torrential|Pyro Ball|p2a: Dragonite
|-resisted|p2a: Dragonite
|-damage|p2a: Dragonite|76/100
|
|upkeep
|turn|14
|
|t:|1776046257
|-terastallize|p1a: Tribute torrential|Fire
|move|p1a: Tribute torrential|Pyro Ball|p2a: Dragonite
|-resisted|p2a: Dragonite
|-damage|p2a: Dragonite|15/100
|move|p2a: Dragonite|Earthquake|p1a: Tribute torrential
|-supereffective|p1a: Tribute torrential
|-damage|p1a: Tribute torrential|0 fnt
|faint|p1a: Tribute torrential
|
|upkeep
|
|t:|1776046268
|switch|p1a: Graceful charity|Clefable, F, shiny|100/100
|turn|15
|
|t:|1776046272
|switch|p1a: Pot of greed|Swampert, M|72/100
|move|p2a: Dragonite|Earthquake|p1a: Pot of greed
|-damage|p1a: Pot of greed|33/100
|
|-heal|p1a: Pot of greed|39/100|[from] item: Leftovers
|upkeep
|turn|16
|
|t:|1776046281
|move|p2a: Dragonite|Roost|p2a: Dragonite
|-heal|p2a: Dragonite|65/100
|-singleturn|p2a: Dragonite|move: Roost
|move|p1a: Pot of greed|Knock Off|p2a: Dragonite
|-damage|p2a: Dragonite|40/100
|-enditem|p2a: Dragonite|Heavy-Duty Boots|[from] move: Knock Off|[of] p1a: Pot of greed
|
|-heal|p1a: Pot of greed|46/100|[from] item: Leftovers
|upkeep
|turn|17
|
|t:|1776046291
|move|p2a: Dragonite|Dragon Dance|p2a: Dragonite
|-boost|p2a: Dragonite|atk|1
|-boost|p2a: Dragonite|spe|1
|move|p1a: Pot of greed|Stealth Rock|p2a: Dragonite
|-sidestart|p2: jessies boyfriend|move: Stealth Rock
|
|-heal|p1a: Pot of greed|52/100|[from] item: Leftovers
|upkeep
|turn|18
|
|t:|1776046300
|move|p2a: Dragonite|Extreme Speed|p1a: Pot of greed
|-damage|p1a: Pot of greed|11/100
|move|p1a: Pot of greed|Roar|p2a: Dragonite
|drag|p2a: Gholdengo|Gholdengo|100/100
|-damage|p2a: Gholdengo|94/100|[from] Stealth Rock
|
|-heal|p1a: Pot of greed|17/100|[from] item: Leftovers
|upkeep
|turn|19
|
|t:|1776046311
|move|p2a: Gholdengo|Shadow Ball|p1a: Pot of greed
|-damage|p1a: Pot of greed|0 fnt
|faint|p1a: Pot of greed
|
|upkeep
|-message|Gyo99 forfeited.
|
|win|jessies boyfriend
|raw|Gyo99's rating: 1388 &rarr; <strong>1367</strong><br />(-21 for losing)
|raw|jessies boyfriend's rating: 1376 &rarr; <strong>1397</strong><br />(+21 for winning)
|l|☆Gyo99
|player|p1|
|l|☆jessies boyfriend
|player|p2|
