|html|<div class="broadcast-blue"><strong>[Gen 9] OU is currently suspecting Tera Blast! For information on how to participate check out the <a href="https://www.smogon.com/tools/suspects/view/200">suspect thread</a>.</strong></div>
|j|☆rainbowdragon18
|j|☆klaudetttteee
|t:|1776063666
|gametype|singles
|player|p1|rainbowdragon18|101|1118
|player|p2|klaudetttteee|shauntal|1076
|gen|9
|tier|[Gen 9] OU
|rated|
|rule|HP Percentage Mod: HP is shown in percentages
|rule|Endless Battle Clause: Forcing endless battles is banned
|rule|Species Clause: Limit one of each Pokémon
|rule|OHKO Clause: OHKO moves are banned
|rule|Evasion Items Clause: Evasion items are banned
|rule|Evasion Moves Clause: Evasion moves are banned
|rule|Evasion Abilities Clause: Evasion abilities are banned
|rule|Sleep Moves Clause: Sleep-inducing moves are banned
|clearpoke
|poke|p1|Raging Bolt|
|poke|p1|Gliscor, M|
|poke|p1|Kingambit, M|
|poke|p1|Ogerpon, F|
|poke|p1|Kommo-o, F|
|poke|p1|Tauros, M|
|poke|p2|Dragapult, F|
|poke|p2|Ceruledge, M|
|poke|p2|Umbreon, M|
|poke|p2|Glimmora, M|
|poke|p2|Weavile, M|
|poke|p2|Rotom-Wash|
|teampreview
|inactive|Battle timer is ON: inactive players will automatically lose when time's up. (requested by klaudetttteee)
|
|t:|1776063679
|teamsize|p1|6
|teamsize|p2|6
|start
|switch|p1a: Gliscor|Gliscor, M|100/100
|switch|p2a: Ceruledge|Ceruledge, M|100/100
|turn|1
|
|t:|1776063698
|switch|p2a: Rotom|Rotom-Wash|100/100
|move|p1a: Gliscor|Stealth Rock|p2a: Rotom
|-sidestart|p2: klaudetttteee|move: Stealth Rock
|
|-status|p1a: Gliscor|tox|[from] item: Toxic Orb
|upkeep
|turn|2
|
|t:|1776063711
|move|p1a: Gliscor|Facade|p2a: Rotom
|-damage|p2a: Rotom|74/100
|move|p2a: Rotom|Hydro Pump|p1a: Gliscor
|-supereffective|p1a: Gliscor
|-damage|p1a: Gliscor|0 fnt
|faint|p1a: Gliscor
|
|-heal|p2a: Rotom|80/100|[from] item: Leftovers
|upkeep
|inactive|rainbowdragon18 has 120 seconds left.
|
|t:|1776063750
|switch|p1a: Ogerpon|Ogerpon, F|100/100
|turn|3
|
|t:|1776063759
|move|p1a: Ogerpon|Ivy Cudgel|p2a: Rotom
|-supereffective|p2a: Rotom
|-damage|p2a: Rotom|1/100
|move|p2a: Rotom|Volt Switch|p1a: Ogerpon
|-resisted|p1a: Ogerpon
|-damage|p1a: Ogerpon|86/100
|
|t:|1776063767
|switch|p2a: Weavile|Weavile, M|100/100|[from] Volt Switch
|-ability|p2a: Weavile|Pressure
|
|upkeep
|turn|4
|
|t:|1776063776
|switch|p1a: Kingambit|Kingambit, M|100/100
|-activate|p1a: Kingambit|ability: Supreme Overlord
|-start|p1a: Kingambit|fallen1|[silent]
|move|p2a: Weavile|Swords Dance|p2a: Weavile
|-boost|p2a: Weavile|atk|2
|
|upkeep
|turn|5
|
|t:|1776063796
|switch|p2a: Dragapult|Dragapult, F|100/100
|-damage|p2a: Dragapult|88/100|[from] Stealth Rock
|move|p1a: Kingambit|Iron Head|p2a: Dragapult
|-damage|p2a: Dragapult|30/100
|
|upkeep
|turn|6
|
|t:|1776063806
|move|p2a: Dragapult|Flamethrower|p1a: Kingambit
|-supereffective|p1a: Kingambit
|-damage|p1a: Kingambit|7/100
|move|p1a: Kingambit|Iron Head|p2a: Dragapult
|-damage|p2a: Dragapult|0 fnt
|faint|p2a: Dragapult
|
|upkeep
|
|t:|1776063815
|switch|p2a: Weavile|Weavile, M|100/100
|-ability|p2a: Weavile|Pressure
|turn|7
|
|t:|1776063820
|move|p2a: Weavile|Ice Shard|p1a: Kingambit
|-resisted|p1a: Kingambit
|-damage|p1a: Kingambit|0 fnt
|faint|p1a: Kingambit
|-end|p1a: Kingambit|fallen1|[silent]
|
|upkeep
|
|t:|1776063825
|switch|p1a: Kommo-o|Kommo-o, F|100/100
|turn|8
|
|t:|1776063835
|switch|p2a: Ceruledge|Ceruledge, M|100/100
|-damage|p2a: Ceruledge|75/100|[from] Stealth Rock
|move|p1a: Kommo-o|Substitute|p1a: Kommo-o
|-start|p1a: Kommo-o|Substitute
|-damage|p1a: Kommo-o|76/100
|
|upkeep
|turn|9
|
|t:|1776063846
|move|p1a: Kommo-o|Clangorous Soul|p1a: Kommo-o
|-boost|p1a: Kommo-o|atk|1
|-boost|p1a: Kommo-o|def|1
|-boost|p1a: Kommo-o|spa|1
|-boost|p1a: Kommo-o|spd|1
|-boost|p1a: Kommo-o|spe|1
|-damage|p1a: Kommo-o|43/100
|-enditem|p1a: Kommo-o|Sitrus Berry|[eat]
|-heal|p1a: Kommo-o|68/100|[from] item: Sitrus Berry
|move|p2a: Ceruledge|Bitter Blade|p1a: Kommo-o
|-resisted|p1a: Kommo-o
|-activate|p1a: Kommo-o|move: Substitute|[damage]
|-heal|p2a: Ceruledge|84/100|[from] drain|[of] p1a: Kommo-o
|
|upkeep
|turn|10
|
|t:|1776063868
|move|p2a: Ceruledge|Shadow Sneak|p1a: Kommo-o
|-end|p1a: Kommo-o|Substitute
|move|p1a: Kommo-o|Flash Cannon|p2a: Ceruledge
|-resisted|p2a: Ceruledge
|-damage|p2a: Ceruledge|65/100
|-unboost|p2a: Ceruledge|spd|1
|
|upkeep
|turn|11
|
|t:|1776063879
|move|p2a: Ceruledge|Shadow Sneak|p1a: Kommo-o
|-damage|p1a: Kommo-o|53/100
|move|p1a: Kommo-o|Flash Cannon|p2a: Ceruledge
|-resisted|p2a: Ceruledge
|-damage|p2a: Ceruledge|34/100
|
|upkeep
|turn|12
|
|t:|1776063887
|move|p1a: Kommo-o|Flash Cannon|p2a: Ceruledge
|-resisted|p2a: Ceruledge
|-damage|p2a: Ceruledge|4/100
|-unboost|p2a: Ceruledge|spd|1
|move|p2a: Ceruledge|Swords Dance|p2a: Ceruledge
|-boost|p2a: Ceruledge|atk|2
|
|upkeep
|turn|13
|
|t:|1776063895
|move|p2a: Ceruledge|Shadow Sneak|p1a: Kommo-o
|-damage|p1a: Kommo-o|24/100
|move|p1a: Kommo-o|Flash Cannon|p2a: Ceruledge
|-resisted|p2a: Ceruledge
|-damage|p2a: Ceruledge|0 fnt
|faint|p2a: Ceruledge
|
|upkeep
|
|t:|1776063913
|switch|p2a: Weavile|Weavile, M|100/100
|-ability|p2a: Weavile|Pressure
|turn|14
|
|t:|1776063919
|move|p2a: Weavile|Ice Shard|p1a: Kommo-o
|-supereffective|p1a: Kommo-o
|-crit|p1a: Kommo-o
|-damage|p1a: Kommo-o|0 fnt
|faint|p1a: Kommo-o
|
|upkeep
|
|t:|1776063927
|switch|p1a: Tauros|Tauros, M|100/100
|turn|15
|
|t:|1776063942
|switch|p2a: Rotom|Rotom-Wash|1/100
|-damage|p2a: Rotom|0 fnt|[from] Stealth Rock
|faint|p2a: Rotom
|-terastallize|p1a: Tauros|Normal
|move|p1a: Tauros|Swagger|p2: Rotom|[notarget]
|-fail|p1a: Tauros
|
|upkeep
|
|t:|1776063956
|switch|p2a: Umbreon|Umbreon, M|100/100
|-damage|p2a: Umbreon|88/100|[from] Stealth Rock
|turn|16
|
|t:|1776063962
|move|p1a: Tauros|Swagger|p2a: Umbreon
|-boost|p2a: Umbreon|atk|2
|-start|p2a: Umbreon|confusion
|-enditem|p1a: Tauros|Mirror Herb
|-boost|p1a: Tauros|atk|2|[from] item: Mirror Herb
|-activate|p2a: Umbreon|confusion
|-damage|p2a: Umbreon|79/100|[from] confusion
|
|-heal|p2a: Umbreon|85/100|[from] item: Leftovers
|upkeep
|turn|17
|
|t:|1776063974
|move|p1a: Tauros|Close Combat|p2a: Umbreon
|-supereffective|p2a: Umbreon
|-damage|p2a: Umbreon|0 fnt
|-unboost|p1a: Tauros|def|1
|-unboost|p1a: Tauros|spd|1
|faint|p2a: Umbreon
|
|upkeep
|
|t:|1776063981
|switch|p2a: Weavile|Weavile, M|100/100
|-ability|p2a: Weavile|Pressure
|turn|18
|
|t:|1776063989
|move|p2a: Weavile|Icicle Crash|p1a: Tauros
|-damage|p1a: Tauros|22/100
|move|p1a: Tauros|Close Combat|p2a: Weavile
|-supereffective|p2a: Weavile
|-damage|p2a: Weavile|0 fnt
|-unboost|p1a: Tauros|def|1
|-unboost|p1a: Tauros|spd|1
|faint|p2a: Weavile
|
|upkeep
|-message|klaudetttteee forfeited.
|
|win|rainbowdragon18
|raw|rainbowdragon18's rating: 1118 &rarr; <strong>1140</strong><br />(+22 for winning)
|raw|klaudetttteee's rating: 1076 &rarr; <strong>1057</strong><br />(-19 for losing)
|l|☆klaudetttteee
|player|p2|
|l|☆rainbowdragon18
|player|p1|
