|html|<div class="broadcast-blue"><strong>[Gen 9] OU is currently suspecting Tera Blast! For information on how to participate check out the <a href="https://www.smogon.com/tools/suspects/view/200">suspect thread</a>.</strong></div>
|j|☆Benro137
|j|☆Jonthan Ringo
|t:|1776104417
|gametype|singles
|player|p1|Benro137|scientist-gen4dp|1359
|player|p2|Jonthan Ringo|lucas|1320
|gen|9
|tier|[Gen 9] OU
|rated|
|rule|HP Percentage Mod: HP is shown in percentages
|rule|Endless Battle Clause: Forcing endless battles is banned
|rule|Species Clause: Limit one of each Pokémon
|rule|OHKO Clause: OHKO moves are banned
|rule|Evasion Items Clause: Evasion items are banned
|rule|Evasion Moves Clause: Evasion moves are banned
|rule|Evasion Abilities Clause: Evasion abilities are banned
|rule|Sleep Moves Clause: Sleep-inducing moves are banned
|clearpoke
|poke|p1|Slowking-Galar, F|
|poke|p1|Tornadus-Therian, M|
|poke|p1|Cinderace, F|
|poke|p1|Lokix, M|
|poke|p1|Hydrapple, F|
|poke|p1|Great Tusk|
|poke|p2|Samurott-Hisui, F|
|poke|p2|Iron Moth|
|poke|p2|Great Tusk|
|poke|p2|Zapdos|
|poke|p2|Indeedee-F, F|
|poke|p2|Grafaiai, M|
|teampreview
|inactive|Battle timer is ON: inactive players will automatically lose when time's up. (requested by Jonthan Ringo)
|
|t:|1776104441
|teamsize|p1|6
|teamsize|p2|6
|start
|switch|p1a: Great Tusk|Great Tusk|100/100
|switch|p2a: Zapdos|Zapdos|100/100
|turn|1
|
|t:|1776104463
|-end|p1a: Great Tusk|Protosynthesis|[silent]
|switch|p1a: Slowking|Slowking-Galar, F|100/100
|move|p2a: Zapdos|U-turn|p1a: Slowking
|-damage|p1a: Slowking|91/100
|
|t:|1776104468
|switch|p2a: Samurott|Samurott-Hisui, F|100/100|[from] U-turn
|
|upkeep
|turn|2
|
|t:|1776104478
|move|p2a: Samurott|Knock Off|p1a: Slowking
|-supereffective|p1a: Slowking
|-enditem|p1a: Slowking|Colbur Berry|[eat]
|-enditem|p1a: Slowking|Colbur Berry|[weaken]
|-damage|p1a: Slowking|65/100
|move|p1a: Slowking|Toxic|p2a: Samurott
|-status|p2a: Samurott|tox
|
|-damage|p2a: Samurott|94/100 tox|[from] psn
|upkeep
|turn|3
|inactive|Benro137 has 120 seconds left.
|
|t:|1776104509
|switch|p1a: Lokix|Lokix, M|100/100
|move|p2a: Samurott|Flip Turn|p1a: Lokix
|-damage|p1a: Lokix|70/100
|
|t:|1776104514
|switch|p2a: Zapdos|Zapdos|100/100|[from] Flip Turn
|
|upkeep
|turn|4
|inactive|Benro137 has 120 seconds left.
|
|t:|1776104525
|switch|p1a: Slowking|Slowking-Galar, F|99/100
|move|p2a: Zapdos|Volt Switch|p1a: Slowking
|-damage|p1a: Slowking|73/100
|
|t:|1776104531
|switch|p2a: Samurott|Samurott-Hisui, F|94/100 tox|[from] Volt Switch
|
|-damage|p2a: Samurott|88/100 tox|[from] psn
|upkeep
|turn|5
|inactive|Benro137 has 120 seconds left.
|
|t:|1776104550
|move|p2a: Samurott|Ceaseless Edge|p1a: Slowking
|-supereffective|p1a: Slowking
|-damage|p1a: Slowking|23/100
|-sidestart|p1: Benro137|Spikes
|-prepare|p1a: Slowking|Chilly Reception|[premajor]
|move|p1a: Slowking|Chilly Reception|p1a: Slowking
|-weather|Snowscape
|inactive|Benro137 has 120 seconds left.
|
|t:|1776104562
|switch|p1a: Hydrapple|Hydrapple, F|100/100|[from] Chilly Reception
|-damage|p1a: Hydrapple|88/100|[from] Spikes
|
|-weather|Snowscape|[upkeep]
|-damage|p2a: Samurott|75/100 tox|[from] psn
|upkeep
|turn|6
|inactive|Benro137 has 120 seconds left.
|
|t:|1776104573
|move|p2a: Samurott|Flip Turn|p1a: Hydrapple
|-resisted|p1a: Hydrapple
|-damage|p1a: Hydrapple|84/100
|
|t:|1776104576
|switch|p2a: Indeedee|Indeedee-F, F|100/100|[from] Flip Turn
|-fieldstart|move: Psychic Terrain|[from] ability: Psychic Surge|[of] p2a: Indeedee
|move|p1a: Hydrapple|Fickle Beam|p2a: Indeedee
|-damage|p2a: Indeedee|56/100
|-damage|p1a: Hydrapple|74/100|[from] item: Life Orb
|
|-weather|Snowscape|[upkeep]
|upkeep
|turn|7
|inactive|Benro137 has 120 seconds left.
|
|t:|1776104588
|move|p2a: Indeedee|Draining Kiss|p1a: Hydrapple
|-supereffective|p1a: Hydrapple
|-damage|p1a: Hydrapple|48/100
|-heal|p2a: Indeedee|78/100|[from] drain|[of] p1a: Hydrapple
|move|p1a: Hydrapple|Leaf Storm|p2a: Indeedee
|-damage|p2a: Indeedee|11/100
|-unboost|p1a: Hydrapple|spa|2
|-damage|p1a: Hydrapple|38/100|[from] item: Life Orb
|
|-weather|Snowscape|[upkeep]
|upkeep
|turn|8
|inactive|Benro137 has 120 seconds left.
|
|t:|1776104600
|switch|p1a: Lokix|Lokix, M|70/100
|-damage|p1a: Lokix|57/100|[from] Spikes
|move|p2a: Indeedee|Psychic|p1a: Lokix
|-immune|p1a: Lokix
|
|-weather|Snowscape|[upkeep]
|upkeep
|turn|9
|
|t:|1776104608
|move|p1a: Lokix|Knock Off|p2a: Indeedee
|-supereffective|p2a: Indeedee
|-damage|p2a: Indeedee|0 fnt
|-enditem|p2a: Indeedee|Terrain Extender|[from] move: Knock Off|[of] p1a: Lokix
|faint|p2a: Indeedee
|
|-weather|none
|upkeep
|
|t:|1776104611
|switch|p2a: Grafaiai|Grafaiai, M|100/100
|-enditem|p2a: Grafaiai|Psychic Seed
|-boost|p2a: Grafaiai|spd|1|[from] item: Psychic Seed
|turn|10
|inactive|Benro137 has 120 seconds left.
|
|t:|1776104643
|switch|p1a: Tornadus|Tornadus-Therian, M|100/100
|move|p2a: Grafaiai|Swords Dance|p2a: Grafaiai
|-boost|p2a: Grafaiai|atk|2
|
|upkeep
|turn|11
|
|t:|1776104658
|-terastallize|p2a: Grafaiai|Poison
|move|p2a: Grafaiai|Poison Jab|p1a: Tornadus
|-damage|p1a: Tornadus|0 fnt
|faint|p1a: Tornadus
|
|upkeep
|
|t:|1776104671
|switch|p1a: Great Tusk|Great Tusk|100/100
|-damage|p1a: Great Tusk|88/100|[from] Spikes
|turn|12
|
|t:|1776104675
|-terastallize|p1a: Great Tusk|Steel
|move|p2a: Grafaiai|Double-Edge|p1a: Great Tusk
|-resisted|p1a: Great Tusk
|-damage|p1a: Great Tusk|54/100
|-damage|p2a: Grafaiai|84/100|[from] item: Rocky Helmet|[of] p1a: Great Tusk
|-damage|p2a: Grafaiai|69/100|[from] Recoil
|move|p1a: Great Tusk|Earthquake|p2a: Grafaiai
|-supereffective|p2a: Grafaiai
|-damage|p2a: Grafaiai|0 fnt
|faint|p2a: Grafaiai
|
|upkeep
|
|t:|1776104686
|switch|p2a: Iron Moth|Iron Moth|100/100
|-enditem|p2a: Iron Moth|Booster Energy
|-activate|p2a: Iron Moth|ability: Quark Drive|[fromitem]
|-start|p2a: Iron Moth|quarkdrivespe
|turn|13
|inactive|Benro137 has 120 seconds left.
|
|t:|1776104705
|-end|p1a: Great Tusk|Protosynthesis|[silent]
|switch|p1a: Cinderace|Cinderace, F|100/100
|move|p2a: Iron Moth|Fiery Dance|p1a: Cinderace
|-resisted|p1a: Cinderace
|-damage|p1a: Cinderace|74/100
|
|-fieldend|move: Psychic Terrain
|upkeep
|turn|14
|
|t:|1776104725
|move|p2a: Iron Moth|Sludge Wave|p1a: Cinderace
|-damage|p1a: Cinderace|13/100
|move|p1a: Cinderace|Pyro Ball|p2a: Iron Moth
|-resisted|p2a: Iron Moth
|-damage|p2a: Iron Moth|48/100
|
|upkeep
|turn|15
|
|t:|1776104732
|move|p2a: Iron Moth|Fiery Dance|p1a: Cinderace
|-resisted|p1a: Cinderace
|-damage|p1a: Cinderace|0 fnt
|faint|p1a: Cinderace
|
|upkeep
|
|t:|1776104738
|switch|p1a: Lokix|Lokix, M|57/100
|-damage|p1a: Lokix|45/100|[from] Spikes
|turn|16
|
|t:|1776104743
|-end|p2a: Iron Moth|Quark Drive|[silent]
|switch|p2a: Zapdos|Zapdos|100/100
|move|p1a: Lokix|First Impression|p2a: Zapdos
|-resisted|p2a: Zapdos
|-damage|p2a: Zapdos|54/100
|
|-heal|p2a: Zapdos|60/100|[from] item: Leftovers
|upkeep
|turn|17
|
|t:|1776104752
|switch|p1a: Slowking|Slowking-Galar, F|56/100
|-damage|p1a: Slowking|44/100|[from] Spikes
|move|p2a: Zapdos|Volt Switch|p1a: Slowking
|-damage|p1a: Slowking|22/100
|
|t:|1776104755
|switch|p2a: Samurott|Samurott-Hisui, F|75/100 tox|[from] Volt Switch
|
|-damage|p2a: Samurott|69/100 tox|[from] psn
|upkeep
|turn|18
|
|t:|1776104763
|switch|p1a: Great Tusk|Great Tusk, tera:Steel|54/100
|-damage|p1a: Great Tusk|42/100|[from] Spikes
|move|p2a: Samurott|Ceaseless Edge|p1a: Great Tusk
|-damage|p1a: Great Tusk|20/100
|-damage|p2a: Samurott|53/100 tox|[from] item: Rocky Helmet|[of] p1a: Great Tusk
|-sidestart|p1: Benro137|Spikes
|
|-damage|p2a: Samurott|40/100 tox|[from] psn
|upkeep
|turn|19
|
|t:|1776104776
|move|p1a: Great Tusk|Earthquake|p2a: Samurott
|-damage|p2a: Samurott|0 fnt
|faint|p2a: Samurott
|
|upkeep
|
|t:|1776104780
|switch|p2a: Iron Moth|Iron Moth|48/100
|turn|20
|
|t:|1776104788
|-end|p1a: Great Tusk|Protosynthesis|[silent]
|switch|p1a: Slowking|Slowking-Galar, F|55/100
|-damage|p1a: Slowking|39/100|[from] Spikes
|move|p2a: Iron Moth|Fiery Dance|p1a: Slowking
|-damage|p1a: Slowking|6/100
|-boost|p2a: Iron Moth|spa|1
|
|upkeep
|turn|21
|
|t:|1776104797
|move|p2a: Iron Moth|Fiery Dance|p1a: Slowking
|-damage|p1a: Slowking|0 fnt
|faint|p1a: Slowking
|
|upkeep
|
|t:|1776104803
|switch|p1a: Lokix|Lokix, M|45/100
|-damage|p1a: Lokix|28/100|[from] Spikes
|turn|22
|
|t:|1776104809
|-end|p2a: Iron Moth|Quark Drive|[silent]
|switch|p2a: Zapdos|Zapdos|60/100
|move|p1a: Lokix|First Impression|p2a: Zapdos
|-resisted|p2a: Zapdos
|-damage|p2a: Zapdos|8/100
|
|-heal|p2a: Zapdos|15/100|[from] item: Leftovers
|upkeep
|turn|23
|
|t:|1776104818
|switch|p1a: Hydrapple|Hydrapple, F|71/100
|-damage|p1a: Hydrapple|55/100|[from] Spikes
|move|p2a: Zapdos|Volt Switch|p1a: Hydrapple
|-resisted|p1a: Hydrapple
|-damage|p1a: Hydrapple|48/100
|
|t:|1776104825
|switch|p2a: Iron Moth|Iron Moth|48/100|[from] Volt Switch
|
|upkeep
|turn|24
|
|t:|1776104830
|move|p2a: Iron Moth|Sludge Wave|p1a: Hydrapple
|-supereffective|p1a: Hydrapple
|-damage|p1a: Hydrapple|0 fnt
|faint|p1a: Hydrapple
|
|upkeep
|
|t:|1776104834
|switch|p1a: Lokix|Lokix, M|28/100
|-damage|p1a: Lokix|12/100|[from] Spikes
|turn|25
|
|t:|1776104838
|-end|p2a: Iron Moth|Quark Drive|[silent]
|switch|p2a: Zapdos|Zapdos|15/100
|move|p1a: Lokix|First Impression|p2a: Zapdos
|-resisted|p2a: Zapdos
|-damage|p2a: Zapdos|0 fnt
|-status|p1a: Lokix|par|[from] ability: Static|[of] p2a: Zapdos
|faint|p2a: Zapdos
|
|upkeep
|
|t:|1776104844
|switch|p2a: Great Tusk|Great Tusk|100/100
|-enditem|p2a: Great Tusk|Booster Energy
|-activate|p2a: Great Tusk|ability: Protosynthesis|[fromitem]
|-start|p2a: Great Tusk|protosynthesisspe
|turn|26
|-message|Benro137 forfeited.
|
|win|Jonthan Ringo
|raw|Benro137's rating: 1359 &rarr; <strong>1337</strong><br />(-22 for losing)
|raw|Jonthan Ringo's rating: 1320 &rarr; <strong>1342</strong><br />(+22 for winning)
|l|☆Benro137
|player|p1|
|l|☆Jonthan Ringo
|player|p2|
