|html|<div class="broadcast-blue"><strong>[Gen 9] OU is currently suspecting Tera Blast! For information on how to participate check out the <a href="https://www.smogon.com/tools/suspects/view/200">suspect thread</a>.</strong></div>
|badge|p2|bronze|gen9randombattle|100-9
|uhtml|medal-msg|<div class="broadcast-blue">Curious what those medals under the avatar are? PS now has Ladder Seasons! For more information, check out the <a href="https://www.smogon.com/forums/threads/3740067/">thread on Smogon.</a></div>
|j|☆piunicoulours
|j|☆M4teo010101
|t:|1776320935
|gametype|singles
|player|p1|piunicoulours|170|1340
|player|p2|M4teo010101|brendan-gen3rs|1408
|gen|9
|tier|[Gen 9] OU
|rated|
|rule|HP Percentage Mod: HP is shown in percentages
|rule|Endless Battle Clause: Forcing endless battles is banned
|rule|Species Clause: Limit one of each Pokémon
|rule|OHKO Clause: OHKO moves are banned
|rule|Evasion Items Clause: Evasion items are banned
|rule|Evasion Moves Clause: Evasion moves are banned
|rule|Evasion Abilities Clause: Evasion abilities are banned
|rule|Sleep Moves Clause: Sleep-inducing moves are banned
|clearpoke
|poke|p1|Latias, F|
|poke|p1|Weavile, M|
|poke|p1|Dragonite, M|
|poke|p1|Great Tusk|
|poke|p1|Slowking-Galar, M|
|poke|p1|Meowscarada, M|
|poke|p2|Garganacl, M|
|poke|p2|Darkrai|
|poke|p2|Great Tusk|
|poke|p2|Hatterene, F|
|poke|p2|Tornadus-Therian, M|
|poke|p2|Dragonite, M|
|teampreview
|
|t:|1776320946
|teamsize|p1|6
|teamsize|p2|6
|start
|switch|p1a: Weavile|Weavile, M|100/100
|switch|p2a: Darkrai|Darkrai|100/100
|-ability|p1a: Weavile|Pressure
|turn|1
|inactive|Battle timer is ON: inactive players will automatically lose when time's up. (requested by M4teo010101)
|
|t:|1776320957
|move|p1a: Weavile|Knock Off|p2a: Darkrai
|-resisted|p2a: Darkrai
|-crit|p2a: Darkrai
|-damage|p2a: Darkrai|52/100
|-enditem|p2a: Darkrai|Choice Specs|[from] move: Knock Off|[of] p1a: Weavile
|move|p2a: Darkrai|Focus Blast|p1a: Weavile
|-supereffective|p1a: Weavile
|-damage|p1a: Weavile|0 fnt
|faint|p1a: Weavile
|
|upkeep
|
|t:|1776320969
|switch|p1a: Slowking|Slowking-Galar, M|100/100
|turn|2
|
|t:|1776320979
|move|p2a: Darkrai|Dark Pulse|p1a: Slowking
|-supereffective|p1a: Slowking
|-damage|p1a: Slowking|62/100
|move|p1a: Slowking|Sludge Wave|p2a: Darkrai
|-damage|p2a: Darkrai|2/100
|
|upkeep
|turn|3
|
|t:|1776320991
|move|p2a: Darkrai|Dark Pulse|p1a: Slowking
|-supereffective|p1a: Slowking
|-damage|p1a: Slowking|26/100
|move|p1a: Slowking|Sludge Wave|p2a: Darkrai
|-damage|p2a: Darkrai|0 fnt
|faint|p2a: Darkrai
|
|upkeep
|
|t:|1776321002
|switch|p2a: Great Tusk|Great Tusk|100/100
|-enditem|p2a: Great Tusk|Booster Energy
|-activate|p2a: Great Tusk|ability: Protosynthesis|[fromitem]
|-start|p2a: Great Tusk|protosynthesisatk
|turn|4
|
|t:|1776321013
|switch|p1a: Great Tusk|Great Tusk|100/100
|move|p2a: Great Tusk|Ice Spinner|p1a: Great Tusk
|-supereffective|p1a: Great Tusk
|-damage|p1a: Great Tusk|64/100
|
|-heal|p1a: Great Tusk|70/100|[from] item: Leftovers
|upkeep
|turn|5
|
|t:|1776321024
|move|p2a: Great Tusk|Ice Spinner|p1a: Great Tusk
|-supereffective|p1a: Great Tusk
|-crit|p1a: Great Tusk
|-damage|p1a: Great Tusk|17/100
|move|p1a: Great Tusk|Bulk Up|p1a: Great Tusk
|-boost|p1a: Great Tusk|atk|1
|-boost|p1a: Great Tusk|def|1
|
|-heal|p1a: Great Tusk|23/100|[from] item: Leftovers
|upkeep
|turn|6
|
|t:|1776321035
|move|p2a: Great Tusk|Ice Spinner|p1a: Great Tusk
|-supereffective|p1a: Great Tusk
|-damage|p1a: Great Tusk|0 fnt
|faint|p1a: Great Tusk
|-end|p1a: Great Tusk|Protosynthesis|[silent]
|
|upkeep
|
|t:|1776321037
|switch|p1a: Meowscarada|Meowscarada, M|100/100
|turn|7
|
|t:|1776321048
|move|p1a: Meowscarada|Play Rough|p2a: Great Tusk
|-start|p1a: Meowscarada|typechange|Fairy|[from] ability: Protean
|-supereffective|p2a: Great Tusk
|-damage|p2a: Great Tusk|15/100
|-unboost|p2a: Great Tusk|atk|1
|move|p2a: Great Tusk|Close Combat|p1a: Meowscarada
|-resisted|p1a: Meowscarada
|-damage|p1a: Meowscarada|61/100
|-unboost|p2a: Great Tusk|def|1
|-unboost|p2a: Great Tusk|spd|1
|
|upkeep
|turn|8
|
|t:|1776321059
|-end|p2a: Great Tusk|Protosynthesis|[silent]
|switch|p2a: Garganacl|Garganacl, M|100/100
|move|p1a: Meowscarada|Play Rough|p2a: Garganacl
|-damage|p2a: Garganacl|56/100
|
|-heal|p2a: Garganacl|62/100|[from] item: Leftovers
|upkeep
|turn|9
|
|t:|1776321070
|switch|p1a: Slowking|Slowking-Galar, M|60/100
|move|p2a: Garganacl|Recover|p2a: Garganacl
|-heal|p2a: Garganacl|100/100
|
|upkeep
|turn|10
|
|t:|1776321081
|move|p2a: Garganacl|Salt Cure|p1a: Slowking
|-damage|p1a: Slowking|46/100
|-start|p1a: Slowking|Salt Cure
|move|p1a: Slowking|Future Sight|p2a: Garganacl
|-start|p1a: Slowking|move: Future Sight
|
|-damage|p1a: Slowking|33/100|[from] Salt Cure
|upkeep
|turn|11
|
|t:|1776321091
|move|p2a: Garganacl|Salt Cure|p1a: Slowking
|-damage|p1a: Slowking|18/100
|move|p1a: Slowking|Ice Beam|p2a: Garganacl
|-crit|p2a: Garganacl
|-damage|p2a: Garganacl|76/100
|
|-heal|p2a: Garganacl|82/100|[from] item: Leftovers
|-damage|p1a: Slowking|6/100|[from] Salt Cure
|upkeep
|turn|12
|
|t:|1776321097
|switch|p1a: Meowscarada|Meowscarada, M|61/100
|move|p2a: Garganacl|Salt Cure|p1a: Meowscarada
|-damage|p1a: Meowscarada|41/100
|-start|p1a: Meowscarada|Salt Cure
|
|-end|p2a: Garganacl|move: Future Sight
|-damage|p2a: Garganacl|55/100
|-heal|p2a: Garganacl|61/100|[from] item: Leftovers
|-damage|p1a: Meowscarada|28/100|[from] Salt Cure
|upkeep
|turn|13
|
|t:|1776321108
|move|p2a: Garganacl|Protect|p2a: Garganacl
|-singleturn|p2a: Garganacl|Protect
|move|p1a: Meowscarada|Flower Trick|p2a: Garganacl
|-start|p1a: Meowscarada|typechange|Grass|[from] ability: Protean
|-activate|p2a: Garganacl|move: Protect
|
|-heal|p2a: Garganacl|67/100|[from] item: Leftovers
|-damage|p1a: Meowscarada|16/100|[from] Salt Cure
|upkeep
|turn|14
|
|t:|1776321119
|switch|p2a: Dragonite|Dragonite, M|100/100
|move|p1a: Meowscarada|Flower Trick|p2a: Dragonite
|-resisted|p2a: Dragonite
|-crit|p2a: Dragonite
|-damage|p2a: Dragonite|91/100
|
|-damage|p1a: Meowscarada|4/100|[from] Salt Cure
|upkeep
|turn|15
|
|t:|1776321129
|move|p1a: Meowscarada|Flower Trick|p2a: Dragonite
|-resisted|p2a: Dragonite
|-crit|p2a: Dragonite
|-damage|p2a: Dragonite|74/100
|move|p2a: Dragonite|Dragon Dance|p2a: Dragonite
|-boost|p2a: Dragonite|atk|1
|-boost|p2a: Dragonite|spe|1
|
|-damage|p1a: Meowscarada|0 fnt|[from] Salt Cure
|faint|p1a: Meowscarada
|upkeep
|
|t:|1776321136
|switch|p1a: Latias|Latias, F|100/100
|turn|16
|
|t:|1776321146
|-terastallize|p1a: Latias|Fairy
|move|p2a: Dragonite|Extreme Speed|p1a: Latias
|-damage|p1a: Latias|52/100
|move|p1a: Latias|Agility|p1a: Latias
|-boost|p1a: Latias|spe|2
|
|-heal|p1a: Latias|58/100|[from] item: Leftovers
|upkeep
|turn|17
|
|t:|1776321157
|move|p2a: Dragonite|Extreme Speed|p1a: Latias
|-damage|p1a: Latias|5/100
|move|p1a: Latias|Draining Kiss|p2a: Dragonite
|-supereffective|p2a: Dragonite
|-damage|p2a: Dragonite|32/100
|-heal|p1a: Latias|36/100|[from] drain|[of] p2a: Dragonite
|
|-heal|p1a: Latias|43/100|[from] item: Leftovers
|upkeep
|turn|18
|
|t:|1776321168
|move|p2a: Dragonite|Extreme Speed|p1a: Latias
|-damage|p1a: Latias|0 fnt
|faint|p1a: Latias
|
|upkeep
|
|t:|1776321170
|switch|p1a: Dragonite|Dragonite, M|100/100
|turn|19
|
|t:|1776321181
|move|p2a: Dragonite|Extreme Speed|p1a: Dragonite
|-damage|p1a: Dragonite|71/100
|move|p1a: Dragonite|Dragon Dance|p1a: Dragonite
|-boost|p1a: Dragonite|atk|1
|-boost|p1a: Dragonite|spe|1
|
|upkeep
|turn|20
|
|t:|1776321192
|switch|p2a: Hatterene|Hatterene, F|100/100
|move|p1a: Dragonite|Extreme Speed|p2a: Hatterene
|-damage|p2a: Hatterene|67/100
|-damage|p1a: Dragonite|54/100|[from] item: Rocky Helmet|[of] p2a: Hatterene
|
|upkeep
|turn|21
|
|t:|1776321203
|move|p1a: Dragonite|Earthquake|p2a: Hatterene
|-damage|p2a: Hatterene|27/100
|move|p2a: Hatterene|Dazzling Gleam|p1a: Dragonite
|-supereffective|p1a: Dragonite
|-crit|p1a: Dragonite
|-damage|p1a: Dragonite|0 fnt
|faint|p1a: Dragonite
|
|upkeep
|-message|piunicoulours forfeited.
|
|win|M4teo010101
|raw|piunicoulours's rating: 1340 &rarr; <strong>1324</strong><br />(-16 for losing)
|raw|M4teo010101's rating: 1408 &rarr; <strong>1424</strong><br />(+16 for winning)
