|html|<div class="broadcast-blue"><strong>[Gen 9] OU is currently suspecting Tera Blast! For information on how to participate check out the <a href="https://www.smogon.com/tools/suspects/view/200">suspect thread</a>.</strong></div>
|j|☆i am a dirt
|j|☆Kaiohkenx1
|t:|1776036649
|gametype|singles
|player|p1|i am a dirt|cress|1150
|player|p2|Kaiohkenx1|silver|1172
|gen|9
|tier|[Gen 9] OU
|rated|
|rule|HP Percentage Mod: HP is shown in percentages
|rule|Endless Battle Clause: Forcing endless battles is banned
|rule|Species Clause: Limit one of each Pokémon
|rule|OHKO Clause: OHKO moves are banned
|rule|Evasion Items Clause: Evasion items are banned
|rule|Evasion Moves Clause: Evasion moves are banned
|rule|Evasion Abilities Clause: Evasion abilities are banned
|rule|Sleep Moves Clause: Sleep-inducing moves are banned
|clearpoke
|poke|p1|Volbeat, M|
|poke|p1|Great Tusk|
|poke|p1|Samurott-Hisui, M|
|poke|p1|Slowking-Galar, F|
|poke|p1|Kyurem|
|poke|p1|Tornadus-Therian, M|
|poke|p2|Chansey, F|
|poke|p2|Gholdengo|
|poke|p2|Corviknight, M|
|poke|p2|Ceruledge, F|
|poke|p2|Alomomola, M|
|poke|p2|Ting-Lu|
|teampreview
|inactive|Battle timer is ON: inactive players will automatically lose when time's up. (requested by Kaiohkenx1)
|c|☆i am a dirt|gl hf
|
|t:|1776036655
|teamsize|p1|6
|teamsize|p2|6
|start
|switch|p1a: Blubber Boi|Samurott-Hisui, M|100/100
|switch|p2a: Ting-Lu|Ting-Lu|100/100
|-ability|p2a: Ting-Lu|Vessel of Ruin
|turn|1
|
|t:|1776036667
|move|p1a: Blubber Boi|Razor Shell|p2a: Ting-Lu
|-supereffective|p2a: Ting-Lu
|-damage|p2a: Ting-Lu|59/100
|-unboost|p2a: Ting-Lu|def|1
|-damage|p1a: Blubber Boi|84/100|[from] item: Rocky Helmet|[of] p2a: Ting-Lu
|move|p2a: Ting-Lu|Stealth Rock|p1a: Blubber Boi
|-sidestart|p1: i am a dirt|move: Stealth Rock
|
|upkeep
|turn|2
|
|t:|1776036680
|switch|p2a: Corviknight|Corviknight, M, shiny|100/100
|move|p1a: Blubber Boi|Razor Shell|p2a: Corviknight
|-damage|p2a: Corviknight|67/100
|-damage|p1a: Blubber Boi|67/100|[from] item: Rocky Helmet|[of] p2a: Corviknight
|
|upkeep
|turn|3
|
|t:|1776036696
|switch|p1a: Brawns|Great Tusk|100/100
|-damage|p1a: Brawns|98/100|[from] Stealth Rock
|move|p2a: Corviknight|Roost|p2a: Corviknight
|-heal|p2a: Corviknight|100/100
|-singleturn|p2a: Corviknight|move: Roost
|
|upkeep
|turn|4
|
|t:|1776036704
|move|p1a: Brawns|Rapid Spin|p2a: Corviknight
|-resisted|p2a: Corviknight
|-damage|p2a: Corviknight|96/100
|-boost|p1a: Brawns|spe|1
|-damage|p1a: Brawns|81/100|[from] item: Rocky Helmet|[of] p2a: Corviknight
|-sideend|p1: i am a dirt|Stealth Rock|[from] move: Rapid Spin|[of] p1a: Brawns
|move|p2a: Corviknight|Brave Bird|p1a: Brawns
|-supereffective|p1a: Brawns
|-damage|p1a: Brawns|27/100
|-damage|p2a: Corviknight|79/100|[from] item: Rocky Helmet|[of] p1a: Brawns
|-damage|p2a: Corviknight|63/100|[from] Recoil
|
|upkeep
|turn|5
|
|t:|1776036716
|-end|p1a: Brawns|Protosynthesis|[silent]
|switch|p1a: Bug|Volbeat, M|100/100
|move|p2a: Corviknight|Brave Bird|p1a: Bug
|-supereffective|p1a: Bug
|-damage|p1a: Bug|12/100
|-damage|p2a: Corviknight|38/100|[from] Recoil
|
|upkeep
|turn|6
|
|t:|1776036734
|switch|p1a: Big Bessie|Kyurem|100/100
|-ability|p1a: Big Bessie|Pressure
|switch|p2a: Chansey|Chansey, F|100/100
|
|upkeep
|turn|7
|
|t:|1776036743
|switch|p1a: Bug|Volbeat, M|12/100
|move|p2a: Chansey|Thunder Wave|p1a: Bug
|-status|p1a: Bug|par
|
|upkeep
|turn|8
|
|t:|1776036749
|move|p1a: Bug|Trick|p2a: Chansey
|-activate|p1a: Bug|move: Trick|[of] p2a: Chansey
|-item|p2a: Chansey|Choice Band|[from] move: Trick
|-item|p1a: Bug|Eviolite|[from] move: Trick
|move|p2a: Chansey|Seismic Toss|p1a: Bug
|-damage|p1a: Bug|0 fnt
|faint|p1a: Bug
|
|upkeep
|
|t:|1776036759
|switch|p1a: Blubber Boi|Samurott-Hisui, M|67/100
|turn|9
|
|t:|1776036763
|move|p1a: Blubber Boi|Ceaseless Edge|p2a: Chansey
|-damage|p2a: Chansey|60/100
|-sidestart|p2: Kaiohkenx1|Spikes
|move|p2a: Chansey|Seismic Toss|p1a: Blubber Boi
|-damage|p1a: Blubber Boi|36/100
|
|upkeep
|turn|10
|
|t:|1776036776
|switch|p1a: Birb|Tornadus-Therian, M|100/100
|move|p2a: Chansey|Seismic Toss|p1a: Birb
|-damage|p1a: Birb|67/100
|-damage|p2a: Chansey|44/100|[from] item: Rocky Helmet|[of] p1a: Birb
|
|upkeep
|turn|11
|
|t:|1776036786
|switch|p2a: Alomomola|Alomomola, M|100/100
|-damage|p2a: Alomomola|88/100|[from] Spikes
|move|p1a: Birb|U-turn|p2a: Alomomola
|-damage|p2a: Alomomola|81/100
|-damage|p1a: Birb|51/100|[from] item: Rocky Helmet|[of] p2a: Alomomola
|
|t:|1776036794
|switch|p1a: Big Bessie|Kyurem|100/100|[from] U-turn
|-ability|p1a: Big Bessie|Pressure
|
|upkeep
|turn|12
|
|t:|1776036800
|-terastallize|p1a: Big Bessie|Ice
|move|p2a: Alomomola|Protect|p2a: Alomomola
|-singleturn|p2a: Alomomola|Protect
|move|p1a: Big Bessie|Freeze-Dry|p2a: Alomomola
|-activate|p2a: Alomomola|move: Protect
|
|upkeep
|turn|13
|
|t:|1776036810
|switch|p2a: Gholdengo|Gholdengo, shiny|100/100
|-damage|p2a: Gholdengo|88/100|[from] Spikes
|move|p1a: Big Bessie|Freeze-Dry|p2a: Gholdengo
|-resisted|p2a: Gholdengo
|-damage|p2a: Gholdengo|46/100
|
|upkeep
|turn|14
|
|t:|1776036820
|switch|p1a: Brains|Slowking-Galar, F|100/100
|move|p2a: Gholdengo|Make It Rain|p1a: Brains
|-damage|p1a: Brains|64/100
|-unboost|p2a: Gholdengo|spa|1
|
|upkeep
|turn|15
|
|t:|1776036828
|switch|p2a: Corviknight|Corviknight, M, shiny|38/100
|move|p1a: Brains|Flamethrower|p2a: Corviknight
|-supereffective|p2a: Corviknight
|-damage|p2a: Corviknight|0 fnt
|faint|p2a: Corviknight
|
|upkeep
|
|t:|1776036837
|switch|p2a: Alomomola|Alomomola, M|100/100
|-damage|p2a: Alomomola|88/100|[from] Spikes
|turn|16
|
|t:|1776036841
|move|p2a: Alomomola|Wish|p2a: Alomomola
|-prepare|p1a: Brains|Chilly Reception|[premajor]
|move|p1a: Brains|Chilly Reception|p1a: Brains
|-weather|Snowscape
|
|t:|1776036846
|switch|p1a: Big Bessie|Kyurem, tera:Ice|100/100|[from] Chilly Reception
|-ability|p1a: Big Bessie|Pressure
|
|-weather|Snowscape|[upkeep]
|upkeep
|turn|17
|
|t:|1776036852
|switch|p2a: Gholdengo|Gholdengo, shiny|46/100
|-damage|p2a: Gholdengo|33/100|[from] Spikes
|move|p1a: Big Bessie|Freeze-Dry|p2a: Gholdengo
|-resisted|p2a: Gholdengo
|-damage|p2a: Gholdengo|0 fnt
|faint|p2a: Gholdengo
|
|-weather|Snowscape|[upkeep]
|upkeep
|j| OBlock Shock Troop
|
|t:|1776036861
|switch|p2a: Ceruledge|Ceruledge, F|100/100
|-damage|p2a: Ceruledge|88/100|[from] Spikes
|turn|18
|
|t:|1776036881
|switch|p1a: Brawns|Great Tusk|27/100
|move|p2a: Ceruledge|Bitter Blade|p1a: Brawns
|-damage|p1a: Brawns|0 fnt
|-heal|p2a: Ceruledge|100/100|[from] drain|[of] p1a: Brawns
|-damage|p2a: Ceruledge|84/100|[from] item: Rocky Helmet|[of] p1a: Brawns
|faint|p1a: Brawns
|-end|p1a: Brawns|Protosynthesis|[silent]
|
|-weather|Snowscape|[upkeep]
|upkeep
|
|t:|1776036890
|switch|p1a: Birb|Tornadus-Therian, M|84/100
|turn|19
|
|t:|1776036903
|switch|p2a: Alomomola|Alomomola, M|100/100
|-damage|p2a: Alomomola|88/100|[from] Spikes
|move|p1a: Birb|Bleakwind Storm|p2a: Alomomola
|-damage|p2a: Alomomola|36/100
|
|-weather|Snowscape|[upkeep]
|upkeep
|turn|20
|
|t:|1776036914
|switch|p2a: Chansey|Chansey, F|44/100
|-damage|p2a: Chansey|31/100|[from] Spikes
|move|p1a: Birb|Bleakwind Storm|p2a: Chansey
|-damage|p2a: Chansey|9/100
|-unboost|p2a: Chansey|spe|1
|
|-weather|none
|upkeep
|turn|21
|
|t:|1776036927
|switch|p2a: Ting-Lu|Ting-Lu|59/100
|-damage|p2a: Ting-Lu|47/100|[from] Spikes
|-ability|p2a: Ting-Lu|Vessel of Ruin
|move|p1a: Birb|U-turn|p2a: Ting-Lu
|-supereffective|p2a: Ting-Lu
|-damage|p2a: Ting-Lu|35/100
|-damage|p1a: Birb|67/100|[from] item: Rocky Helmet|[of] p2a: Ting-Lu
|
|t:|1776036936
|switch|p1a: Big Bessie|Kyurem, tera:Ice|100/100|[from] U-turn
|-ability|p1a: Big Bessie|Pressure
|
|upkeep
|turn|22
|
|t:|1776036944
|-terastallize|p2a: Ting-Lu|Ghost
|move|p1a: Big Bessie|Freeze-Dry|p2a: Ting-Lu
|-damage|p2a: Ting-Lu|0 fnt
|faint|p2a: Ting-Lu
|
|upkeep
|
|t:|1776036950
|switch|p2a: Ceruledge|Ceruledge, F|84/100
|-damage|p2a: Ceruledge|72/100|[from] Spikes
|turn|23
|
|t:|1776036954
|switch|p1a: Blubber Boi|Samurott-Hisui, M|36/100
|move|p2a: Ceruledge|Swords Dance|p2a: Ceruledge
|-boost|p2a: Ceruledge|atk|2
|
|upkeep
|turn|24
|
|t:|1776036963
|move|p2a: Ceruledge|Shadow Sneak|p1a: Blubber Boi
|-resisted|p1a: Blubber Boi
|-damage|p1a: Blubber Boi|11/100
|move|p1a: Blubber Boi|Ceaseless Edge|p2a: Ceruledge|[miss]
|-miss|p1a: Blubber Boi|p2a: Ceruledge
|
|upkeep
|turn|25
|c|☆i am a dirt|GOD-
|
|t:|1776036973
|move|p2a: Ceruledge|Shadow Sneak|p1a: Blubber Boi
|-resisted|p1a: Blubber Boi
|-damage|p1a: Blubber Boi|0 fnt
|faint|p1a: Blubber Boi
|
|upkeep
|
|t:|1776036982
|switch|p1a: Birb|Tornadus-Therian, M|100/100
|turn|26
|
|t:|1776036985
|move|p1a: Birb|Bleakwind Storm|p2a: Ceruledge
|-damage|p2a: Ceruledge|18/100
|move|p2a: Ceruledge|Bitter Blade|p1a: Birb
|-damage|p1a: Birb|0 fnt
|-heal|p2a: Ceruledge|69/100|[from] drain|[of] p1a: Birb
|-damage|p2a: Ceruledge|53/100|[from] item: Rocky Helmet|[of] p1a: Birb
|faint|p1a: Birb
|
|upkeep
|c|☆i am a dirt|this game man
|
|t:|1776036994
|switch|p1a: Big Bessie|Kyurem, tera:Ice|100/100
|-ability|p1a: Big Bessie|Pressure
|turn|27
|
|t:|1776037001
|move|p1a: Big Bessie|Earth Power|p2a: Ceruledge
|-supereffective|p2a: Ceruledge
|-damage|p2a: Ceruledge|0 fnt
|faint|p2a: Ceruledge
|
|upkeep
|
|t:|1776037005
|switch|p2a: Alomomola|Alomomola, M|69/100
|-damage|p2a: Alomomola|57/100|[from] Spikes
|turn|28
|
|t:|1776037008
|switch|p1a: Brains|Slowking-Galar, F|97/100
|move|p2a: Alomomola|Wish|p2a: Alomomola
|
|upkeep
|turn|29
|
|t:|1776037012
|move|p2a: Alomomola|Flip Turn|p1a: Brains
|-damage|p1a: Brains|81/100
|
|t:|1776037015
|switch|p2a: Chansey|Chansey, F|9/100|[from] Flip Turn
|-damage|p2a: Chansey|0 fnt|[from] Spikes
|faint|p2a: Chansey
|-prepare|p1a: Brains|Chilly Reception|[premajor]
|move|p1a: Brains|Chilly Reception|p1a: Brains
|-weather|Snowscape
|
|t:|1776037022
|switch|p1a: Big Bessie|Kyurem, tera:Ice|100/100|[from] Chilly Reception
|-ability|p1a: Big Bessie|Pressure
|
|-weather|Snowscape|[upkeep]
|upkeep
|c|☆i am a dirt|gg
|
|t:|1776037024
|switch|p2a: Alomomola|Alomomola, M|90/100
|-damage|p2a: Alomomola|78/100|[from] Spikes
|turn|30
|
|t:|1776037029
|move|p1a: Big Bessie|Freeze-Dry|p2a: Alomomola
|-supereffective|p2a: Alomomola
|-damage|p2a: Alomomola|0 fnt
|faint|p2a: Alomomola
|
|win|i am a dirt
|raw|i am a dirt's rating: 1150 &rarr; <strong>1177</strong><br />(+27 for winning)
|raw|Kaiohkenx1's rating: 1172 &rarr; <strong>1145</strong><br />(-27 for losing)
|l|☆Kaiohkenx1
|player|p2|
|l|☆i am a dirt
|player|p1|
|l| OBlock Shock Troop
