|html|<div class="broadcast-blue"><strong>[Gen 9] OU is currently suspecting Tera Blast! For information on how to participate check out the <a href="https://www.smogon.com/tools/suspects/view/200">suspect thread</a>.</strong></div>
|j|☆pikachuplanet
|j|☆totally ligit
|t:|1776082829
|gametype|singles
|player|p1|pikachuplanet|pokekid|1285
|player|p2|totally ligit|170|1256
|gen|9
|tier|[Gen 9] OU
|rated|
|rule|HP Percentage Mod: HP is shown in percentages
|rule|Endless Battle Clause: Forcing endless battles is banned
|rule|Species Clause: Limit one of each Pokémon
|rule|OHKO Clause: OHKO moves are banned
|rule|Evasion Items Clause: Evasion items are banned
|rule|Evasion Moves Clause: Evasion moves are banned
|rule|Evasion Abilities Clause: Evasion abilities are banned
|rule|Sleep Moves Clause: Sleep-inducing moves are banned
|clearpoke
|poke|p1|Dragonite, M|
|poke|p1|Cinderace, M|
|poke|p1|Slowking-Galar, M|
|poke|p1|Alomomola, F|
|poke|p1|Great Tusk|
|poke|p1|Kyurem|
|poke|p2|Walking Wake|
|poke|p2|Arcanine-Hisui, M|
|poke|p2|Torkoal, F|
|poke|p2|Talonflame, M|
|poke|p2|Tropius, F|
|poke|p2|Iron Moth|
|teampreview
|inactive|Battle timer is ON: inactive players will automatically lose when time's up. (requested by totally ligit)
|
|t:|1776082836
|teamsize|p1|6
|teamsize|p2|6
|start
|switch|p1a: Slowking|Slowking-Galar, M|100/100
|switch|p2a: Torkoal|Torkoal, F|100/100
|-weather|SunnyDay|[from] ability: Drought|[of] p2a: Torkoal
|turn|1
|
|t:|1776082843
|move|p2a: Torkoal|Stealth Rock|p1a: Slowking
|-sidestart|p1: pikachuplanet|move: Stealth Rock
|-prepare|p1a: Slowking|Chilly Reception|[premajor]
|move|p1a: Slowking|Chilly Reception|p1a: Slowking
|-weather|Snowscape
|
|t:|1776082854
|switch|p1a: Alomomola|Alomomola, F|100/100|[from] Chilly Reception
|-damage|p1a: Alomomola|88/100|[from] Stealth Rock
|
|-weather|Snowscape|[upkeep]
|-heal|p1a: Alomomola|94/100|[from] item: Leftovers
|upkeep
|turn|2
|
|t:|1776082859
|switch|p2a: Tropius|Tropius, F|100/100
|move|p1a: Alomomola|Flip Turn|p2a: Tropius
|-resisted|p2a: Tropius
|-damage|p2a: Tropius|92/100
|
|t:|1776082865
|switch|p1a: Kyurem|Kyurem|100/100|[from] Flip Turn
|-damage|p1a: Kyurem|76/100|[from] Stealth Rock
|-ability|p1a: Kyurem|Pressure
|
|-weather|Snowscape|[upkeep]
|upkeep
|turn|3
|
|t:|1776082869
|move|p2a: Tropius|Protect|p2a: Tropius
|-singleturn|p2a: Tropius|Protect
|move|p1a: Kyurem|Draco Meteor|p2a: Tropius
|-activate|p2a: Tropius|move: Protect
|
|-weather|Snowscape|[upkeep]
|upkeep
|turn|4
|
|t:|1776082873
|move|p1a: Kyurem|Draco Meteor|p2a: Tropius|[miss]
|-miss|p1a: Kyurem|p2a: Tropius
|move|p2a: Tropius|Leech Seed|p1a: Kyurem
|-start|p1a: Kyurem|move: Leech Seed
|
|-weather|Snowscape|[upkeep]
|-damage|p1a: Kyurem|63/100|[from] Leech Seed|[of] p2a: Tropius
|-heal|p2a: Tropius|100/100|[silent]
|upkeep
|turn|5
|
|t:|1776082878
|switch|p1a: Dragonite|Dragonite, M|100/100
|-damage|p1a: Dragonite|76/100|[from] Stealth Rock
|move|p2a: Tropius|Protect||[still]
|-fail|p2a: Tropius
|
|-weather|none
|upkeep
|turn|6
|
|t:|1776082882
|move|p1a: Dragonite|Encore|p2a: Tropius
|-start|p2a: Tropius|Encore
|move|p2a: Tropius|Protect||[still]
|-fail|p2a: Tropius
|
|upkeep
|turn|7
|
|t:|1776082908
|switch|p2a: Torkoal|Torkoal, F|100/100
|-weather|SunnyDay|[from] ability: Drought|[of] p2a: Torkoal
|move|p1a: Dragonite|Dragon Dance|p1a: Dragonite
|-boost|p1a: Dragonite|atk|1
|-boost|p1a: Dragonite|spe|1
|
|-weather|SunnyDay|[upkeep]
|upkeep
|turn|8
|
|t:|1776082914
|switch|p1a: Slowking|Slowking-Galar, M|100/100
|move|p2a: Torkoal|Flamethrower|p1a: Slowking
|-damage|p1a: Slowking|77/100
|
|-weather|SunnyDay|[upkeep]
|upkeep
|turn|9
|
|t:|1776082937
|switch|p2a: Tropius|Tropius, F|100/100
|-prepare|p1a: Slowking|Chilly Reception|[premajor]
|move|p1a: Slowking|Chilly Reception|p1a: Slowking
|-weather|Snowscape
|
|t:|1776082943
|switch|p1a: Alomomola|Alomomola, F|100/100|[from] Chilly Reception
|-damage|p1a: Alomomola|88/100|[from] Stealth Rock
|
|-weather|Snowscape|[upkeep]
|-heal|p1a: Alomomola|94/100|[from] item: Leftovers
|upkeep
|turn|10
|inactive|totally ligit has 120 seconds left.
|
|t:|1776082964
|move|p1a: Alomomola|Flip Turn|p2a: Tropius
|-resisted|p2a: Tropius
|-damage|p2a: Tropius|93/100
|
|t:|1776082966
|switch|p1a: Cinderace|Cinderace, M|100/100|[from] Flip Turn
|move|p2a: Tropius|Leech Seed|p1a: Cinderace
|-start|p1a: Cinderace|move: Leech Seed
|
|-weather|Snowscape|[upkeep]
|-damage|p1a: Cinderace|88/100|[from] Leech Seed|[of] p2a: Tropius
|-heal|p2a: Tropius|100/100|[silent]
|upkeep
|turn|11
|inactive|totally ligit has 120 seconds left.
|
|t:|1776082982
|switch|p2a: Torkoal|Torkoal, F|100/100
|-weather|SunnyDay|[from] ability: Drought|[of] p2a: Torkoal
|move|p1a: Cinderace|Court Change|p1a: Cinderace
|-start|p1a: Cinderace|typechange|Normal|[from] ability: Libero
|-swapsideconditions
|-activate|p1a: Cinderace|move: Court Change
|
|-weather|SunnyDay|[upkeep]
|-damage|p1a: Cinderace|76/100|[from] Leech Seed|[of] p2a: Torkoal
|upkeep
|turn|12
|
|t:|1776082991
|move|p1a: Cinderace|U-turn|p2a: Torkoal
|-resisted|p2a: Torkoal
|-damage|p2a: Torkoal|94/100
|
|t:|1776082994
|switch|p1a: Alomomola|Alomomola, F|100/100|[from] U-turn
|move|p2a: Torkoal|Rapid Spin|p1a: Alomomola
|-crit|p1a: Alomomola
|-damage|p1a: Alomomola|93/100
|-boost|p2a: Torkoal|spe|1
|-sideend|p2: totally ligit|Stealth Rock|[from] move: Rapid Spin|[of] p2a: Torkoal
|
|-weather|SunnyDay|[upkeep]
|-heal|p1a: Alomomola|99/100|[from] item: Leftovers
|upkeep
|turn|13
|
|t:|1776082998
|move|p1a: Alomomola|Flip Turn|p2a: Torkoal
|-supereffective|p2a: Torkoal
|-damage|p2a: Torkoal|86/100
|
|t:|1776083002
|switch|p1a: Slowking|Slowking-Galar, M|100/100|[from] Flip Turn
|move|p2a: Torkoal|Stealth Rock|p1a: Slowking
|-sidestart|p1: pikachuplanet|move: Stealth Rock
|
|-weather|SunnyDay|[upkeep]
|upkeep
|turn|14
|
|t:|1776083029
|switch|p2a: Tropius|Tropius, F|100/100
|-prepare|p1a: Slowking|Chilly Reception|[premajor]
|move|p1a: Slowking|Chilly Reception|p1a: Slowking
|-weather|Snowscape
|
|t:|1776083034
|switch|p1a: Alomomola|Alomomola, F|100/100|[from] Chilly Reception
|-damage|p1a: Alomomola|88/100|[from] Stealth Rock
|
|-weather|Snowscape|[upkeep]
|-heal|p1a: Alomomola|94/100|[from] item: Leftovers
|upkeep
|turn|15
|
|t:|1776083040
|move|p1a: Alomomola|Wish|p1a: Alomomola
|move|p2a: Tropius|Leech Seed|p1a: Alomomola
|-start|p1a: Alomomola|move: Leech Seed
|
|-weather|Snowscape|[upkeep]
|-heal|p1a: Alomomola|100/100|[from] item: Leftovers
|-damage|p1a: Alomomola|88/100|[from] Leech Seed|[of] p2a: Tropius
|upkeep
|turn|16
|
|t:|1776083054
|switch|p1a: Dragonite|Dragonite, M|76/100
|-damage|p1a: Dragonite|51/100|[from] Stealth Rock
|move|p2a: Tropius|Leech Seed|p1a: Dragonite
|-start|p1a: Dragonite|move: Leech Seed
|
|-weather|Snowscape|[upkeep]
|-heal|p1a: Dragonite|100/100|[from] move: Wish|[wisher] Alomomola
|-damage|p1a: Dragonite|88/100|[from] Leech Seed|[of] p2a: Tropius
|upkeep
|turn|17
|
|t:|1776083064
|move|p1a: Dragonite|Dragon Dance|p1a: Dragonite
|-boost|p1a: Dragonite|atk|1
|-boost|p1a: Dragonite|spe|1
|move|p2a: Tropius|U-turn|p1a: Dragonite
|-resisted|p1a: Dragonite
|-damage|p1a: Dragonite|82/100
|
|t:|1776083067
|switch|p2a: Torkoal|Torkoal, F|86/100|[from] U-turn
|-weather|SunnyDay|[from] ability: Drought|[of] p2a: Torkoal
|
|-weather|SunnyDay|[upkeep]
|-damage|p1a: Dragonite|70/100|[from] Leech Seed|[of] p2a: Torkoal
|-heal|p2a: Torkoal|97/100|[silent]
|upkeep
|turn|18
|
|t:|1776083069
|move|p1a: Dragonite|Dragon Dance|p1a: Dragonite
|-boost|p1a: Dragonite|atk|1
|-boost|p1a: Dragonite|spe|1
|move|p2a: Torkoal|Flamethrower|p1a: Dragonite
|-resisted|p1a: Dragonite
|-damage|p1a: Dragonite|49/100
|
|-weather|SunnyDay|[upkeep]
|-damage|p1a: Dragonite|36/100|[from] Leech Seed|[of] p2a: Torkoal
|-heal|p2a: Torkoal|100/100|[silent]
|upkeep
|turn|19
|
|t:|1776083076
|switch|p2a: Tropius|Tropius, F|100/100
|-terastallize|p1a: Dragonite|Ghost
|move|p1a: Dragonite|Tera Blast|p2a: Tropius|[anim] Tera Blast Ghost
|-damage|p2a: Tropius|4/100
|-enditem|p2a: Tropius|Sitrus Berry|[eat]
|-heal|p2a: Tropius|29/100|[from] item: Sitrus Berry
|
|-weather|SunnyDay|[upkeep]
|-damage|p1a: Dragonite|24/100|[from] Leech Seed|[of] p2a: Tropius
|-heal|p2a: Tropius|39/100|[silent]
|-item|p2a: Tropius|Sitrus Berry|[from] ability: Harvest
|upkeep
|-enditem|p2a: Tropius|Sitrus Berry|[eat]
|-heal|p2a: Tropius|64/100|[from] item: Sitrus Berry
|turn|20
|
|t:|1776083083
|move|p2a: Tropius|Protect|p2a: Tropius
|-singleturn|p2a: Tropius|Protect
|move|p1a: Dragonite|Tera Blast|p2a: Tropius|[anim] Tera Blast Ghost
|-activate|p2a: Tropius|move: Protect
|
|-weather|SunnyDay|[upkeep]
|-damage|p1a: Dragonite|12/100|[from] Leech Seed|[of] p2a: Tropius
|-heal|p2a: Tropius|74/100|[silent]
|-item|p2a: Tropius|Sitrus Berry|[from] ability: Harvest
|upkeep
|turn|21
|
|t:|1776083090
|switch|p2a: Talonflame|Talonflame, M, shiny|100/100
|move|p1a: Dragonite|Tera Blast|p2a: Talonflame|[anim] Tera Blast Ghost
|-damage|p2a: Talonflame|21/100
|
|-weather|SunnyDay|[upkeep]
|-damage|p1a: Dragonite|0 fnt|[from] Leech Seed|[of] p2a: Talonflame
|-heal|p2a: Talonflame|31/100|[silent]
|faint|p1a: Dragonite
|upkeep
|-message|pikachuplanet forfeited.
|
|win|totally ligit
|raw|pikachuplanet's rating: 1285 &rarr; <strong>1258</strong><br />(-27 for losing)
|raw|totally ligit's rating: 1256 &rarr; <strong>1283</strong><br />(+27 for winning)
|l|☆pikachuplanet
|player|p1|
|l|☆totally ligit
|player|p2|
