|html|<div class="broadcast-blue"><strong>[Gen 9] OU is currently suspecting Tera Blast! For information on how to participate check out the <a href="https://www.smogon.com/tools/suspects/view/200">suspect thread</a>.</strong></div>
|j|☆gulp1
|j|☆Cchesed
|t:|1776073116
|gametype|singles
|player|p1|gulp1|pokemonbreeder-gen4|1106
|player|p2|Cchesed|n|1127
|gen|9
|tier|[Gen 9] OU
|rated|
|rule|HP Percentage Mod: HP is shown in percentages
|rule|Endless Battle Clause: Forcing endless battles is banned
|rule|Species Clause: Limit one of each Pokémon
|rule|OHKO Clause: OHKO moves are banned
|rule|Evasion Items Clause: Evasion items are banned
|rule|Evasion Moves Clause: Evasion moves are banned
|rule|Evasion Abilities Clause: Evasion abilities are banned
|rule|Sleep Moves Clause: Sleep-inducing moves are banned
|clearpoke
|poke|p1|Snorlax, F|
|poke|p1|Serperior, F|
|poke|p1|Golurk|
|poke|p1|Lanturn, F|
|poke|p1|Ceruledge, F|
|poke|p1|Clefable, F|
|poke|p2|Iron Moth|
|poke|p2|Samurott-Hisui, M|
|poke|p2|Kingambit, F|
|poke|p2|Great Tusk|
|poke|p2|Slowking-Galar, M|
|poke|p2|Zapdos|
|teampreview
|
|t:|1776073125
|teamsize|p1|6
|teamsize|p2|6
|start
|switch|p1a: Serperior|Serperior, F|100/100
|switch|p2a: WhiteNight|Iron Moth, shiny|100/100
|turn|1
|
|t:|1776073135
|move|p1a: Serperior|Leech Seed|p2a: WhiteNight
|-start|p2a: WhiteNight|move: Leech Seed
|move|p2a: WhiteNight|Sludge Wave|p1a: Serperior
|-supereffective|p1a: Serperior
|-damage|p1a: Serperior|0 fnt
|faint|p1a: Serperior
|
|upkeep
|
|t:|1776073141
|switch|p1a: Snorlax|Snorlax, F|100/100
|turn|2
|
|t:|1776073149
|-end|p2a: WhiteNight|Quark Drive|[silent]
|switch|p2a: Ppodae|Great Tusk|100/100
|move|p1a: Snorlax|Curse|p1a: Snorlax
|-unboost|p1a: Snorlax|spe|1
|-boost|p1a: Snorlax|atk|1
|-boost|p1a: Snorlax|def|1
|
|upkeep
|turn|3
|
|t:|1776073162
|move|p2a: Ppodae|Headlong Rush|p1a: Snorlax
|-damage|p1a: Snorlax|68/100
|-unboost|p2a: Ppodae|def|1
|-unboost|p2a: Ppodae|spd|1
|move|p1a: Snorlax|Curse|p1a: Snorlax
|-unboost|p1a: Snorlax|spe|1
|-boost|p1a: Snorlax|atk|1
|-boost|p1a: Snorlax|def|1
|
|upkeep
|turn|4
|
|t:|1776073175
|move|p2a: Ppodae|Headlong Rush|p1a: Snorlax
|-damage|p1a: Snorlax|43/100
|-unboost|p2a: Ppodae|def|1
|-unboost|p2a: Ppodae|spd|1
|move|p1a: Snorlax|Rest|p1a: Snorlax
|-status|p1a: Snorlax|slp|[from] move: Rest
|-heal|p1a: Snorlax|100/100 slp|[silent]
|-enditem|p1a: Snorlax|Chesto Berry|[eat]
|-curestatus|p1a: Snorlax|slp|[msg]
|
|upkeep
|turn|5
|
|t:|1776073186
|move|p2a: Ppodae|Knock Off|p1a: Snorlax
|-damage|p1a: Snorlax|91/100
|move|p1a: Snorlax|Ice Punch|p2a: Ppodae
|-supereffective|p2a: Ppodae
|-damage|p2a: Ppodae|0 fnt
|-damage|p1a: Snorlax|75/100|[from] item: Rocky Helmet|[of] p2a: Ppodae
|faint|p2a: Ppodae
|-end|p2a: Ppodae|Protosynthesis|[silent]
|
|upkeep
|inactive|Battle timer is ON: inactive players will automatically lose when time's up. (requested by gulp1)
|
|t:|1776073202
|switch|p2a: WhiteNight|Iron Moth, shiny|100/100
|turn|6
|
|t:|1776073209
|-terastallize|p2a: WhiteNight|Fire
|move|p2a: WhiteNight|Overheat|p1a: Snorlax
|-damage|p1a: Snorlax|0 fnt
|-unboost|p2a: WhiteNight|spa|2
|faint|p1a: Snorlax
|
|upkeep
|
|t:|1776073216
|switch|p1a: Golurk|Golurk, shiny|100/100
|turn|7
|
|t:|1776073223
|move|p2a: WhiteNight|Overheat|p1a: Golurk
|-damage|p1a: Golurk|25/100
|-unboost|p2a: WhiteNight|spa|2
|move|p1a: Golurk|Trick|p2a: WhiteNight
|-activate|p1a: Golurk|move: Trick|[of] p2a: WhiteNight
|-item|p2a: WhiteNight|Sticky Barb|[from] move: Trick
|-item|p1a: Golurk|Choice Specs|[from] move: Trick
|
|-damage|p2a: WhiteNight|88/100|[from] item: Sticky Barb
|upkeep
|turn|8
|
|t:|1776073232
|switch|p1a: Clefable|Clefable, F, shiny|100/100
|move|p2a: WhiteNight|Overheat|p1a: Clefable|[miss]
|-miss|p2a: WhiteNight|p1a: Clefable
|
|-damage|p2a: WhiteNight|76/100|[from] item: Sticky Barb
|upkeep
|turn|9
|
|t:|1776073247
|move|p2a: WhiteNight|Sludge Wave|p1a: Clefable
|-supereffective|p1a: Clefable
|-damage|p1a: Clefable|66/100
|-status|p1a: Clefable|psn
|move|p1a: Clefable|Stealth Rock|p2a: WhiteNight
|-sidestart|p2: Cchesed|move: Stealth Rock
|
|-damage|p2a: WhiteNight|64/100|[from] item: Sticky Barb
|upkeep
|turn|10
|
|t:|1776073261
|-end|p2a: WhiteNight|Quark Drive|[silent]
|switch|p2a: Crumbling Armor|Kingambit, F|100/100
|-damage|p2a: Crumbling Armor|94/100|[from] Stealth Rock
|-activate|p2a: Crumbling Armor|ability: Supreme Overlord
|-start|p2a: Crumbling Armor|fallen1|[silent]
|move|p1a: Clefable|Calm Mind|p1a: Clefable
|-boost|p1a: Clefable|spa|1
|-boost|p1a: Clefable|spd|1
|
|-heal|p2a: Crumbling Armor|100/100|[from] item: Leftovers
|upkeep
|turn|11
|
|t:|1776073273
|move|p1a: Clefable|Knock Off|p2a: Crumbling Armor
|-resisted|p2a: Crumbling Armor
|-damage|p2a: Crumbling Armor|94/100
|-enditem|p2a: Crumbling Armor|Leftovers|[from] move: Knock Off|[of] p1a: Clefable
|move|p2a: Crumbling Armor|Iron Head|p1a: Clefable
|-supereffective|p1a: Clefable
|-damage|p1a: Clefable|0 fnt
|-damage|p2a: Crumbling Armor|78/100|[from] item: Rocky Helmet|[of] p1a: Clefable
|faint|p1a: Clefable
|
|upkeep
|
|t:|1776073288
|switch|p1a: Lanturn|Lanturn, F|100/100
|turn|12
|
|t:|1776073308
|-end|p2a: Crumbling Armor|fallen1|[silent]
|switch|p2a: Judgement Bird|Zapdos|100/100
|move|p1a: Lanturn|Thunder Wave|p2a: Judgement Bird|[miss]
|-miss|p1a: Lanturn|p2a: Judgement Bird
|
|upkeep
|turn|13
|
|t:|1776073316
|move|p2a: Judgement Bird|Volt Switch|p1a: Lanturn
|-crit|p1a: Lanturn
|-damage|p1a: Lanturn|52/100
|
|t:|1776073327
|switch|p2a: WhiteNight|Iron Moth, shiny, tera:Fire|64/100|[from] Volt Switch
|-damage|p2a: WhiteNight|39/100|[from] Stealth Rock
|move|p1a: Lanturn|Ice Beam|p2a: WhiteNight
|-resisted|p2a: WhiteNight
|-damage|p2a: WhiteNight|27/100
|
|-damage|p2a: WhiteNight|14/100|[from] item: Sticky Barb
|upkeep
|turn|14
|
|t:|1776073341
|switch|p1a: Golurk|Golurk, shiny|25/100
|move|p2a: WhiteNight|Sludge Wave|p1a: Golurk
|-resisted|p1a: Golurk
|-damage|p1a: Golurk|12/100
|
|-damage|p2a: WhiteNight|2/100|[from] item: Sticky Barb
|upkeep
|turn|15
|
|t:|1776073351
|move|p2a: WhiteNight|Fiery Dance|p1a: Golurk
|-damage|p1a: Golurk|0 fnt
|faint|p1a: Golurk
|
|-damage|p2a: WhiteNight|0 fnt|[from] item: Sticky Barb
|faint|p2a: WhiteNight
|-end|p2a: WhiteNight|Quark Drive|[silent]
|upkeep
|
|t:|1776073361
|switch|p2a: The King of Greed|Slowking-Galar, M|100/100
|switch|p1a: Ceruledge|Ceruledge, F|100/100
|turn|16
|inactive|Cchesed has 120 seconds left.
|
|t:|1776073378
|move|p1a: Ceruledge|Bitter Blade|p2a: The King of Greed
|-damage|p2a: The King of Greed|69/100
|move|p2a: The King of Greed|Future Sight|p1a: Ceruledge
|-start|p2a: The King of Greed|move: Future Sight
|
|upkeep
|turn|17
|inactive|Cchesed has 120 seconds left.
|
|t:|1776073390
|switch|p2a: Big Will Bad Wolf|Samurott-Hisui, M|100/100
|-damage|p2a: Big Will Bad Wolf|88/100|[from] Stealth Rock
|move|p1a: Ceruledge|Bitter Blade|p2a: Big Will Bad Wolf
|-resisted|p2a: Big Will Bad Wolf
|-damage|p2a: Big Will Bad Wolf|64/100
|
|upkeep
|turn|18
|inactive|Cchesed has 120 seconds left.
|
|t:|1776073401
|switch|p1a: Lanturn|Lanturn, F|52/100
|move|p2a: Big Will Bad Wolf|Ceaseless Edge|p1a: Lanturn
|-damage|p1a: Lanturn|0 fnt
|-sidestart|p1: gulp1|Spikes
|faint|p1a: Lanturn
|
|-hint|Future Sight did not hit because the target is fainted.
|upkeep
|
|t:|1776073408
|switch|p1a: Ceruledge|Ceruledge, F|100/100
|-damage|p1a: Ceruledge|88/100|[from] Spikes
|turn|19
|
|t:|1776073414
|move|p1a: Ceruledge|Bitter Blade|p2a: Big Will Bad Wolf
|-resisted|p2a: Big Will Bad Wolf
|-damage|p2a: Big Will Bad Wolf|38/100
|-heal|p1a: Ceruledge|100/100|[from] drain|[of] p2a: Big Will Bad Wolf
|move|p2a: Big Will Bad Wolf|Ceaseless Edge|p1a: Ceruledge
|-supereffective|p1a: Ceruledge
|-damage|p1a: Ceruledge|0 fnt
|-damage|p2a: Big Will Bad Wolf|22/100|[from] item: Rocky Helmet|[of] p1a: Ceruledge
|-sidestart|p1: gulp1|Spikes
|faint|p1a: Ceruledge
|
|win|Cchesed
|raw|gulp1's rating: 1106 &rarr; <strong>1083</strong><br />(-23 for losing)
|raw|Cchesed's rating: 1127 &rarr; <strong>1150</strong><br />(+23 for winning)
|l|☆gulp1
|player|p1|
|l|☆Cchesed
|player|p2|
