|html|<div class="broadcast-blue"><strong>[Gen 9] OU is currently suspecting Tera Blast! For information on how to participate check out the <a href="https://www.smogon.com/tools/suspects/view/200">suspect thread</a>.</strong></div>
|j|☆lux067
|j|☆Ramekbal
|t:|1776044375
|gametype|singles
|player|p1|lux067|1|1103
|player|p2|Ramekbal|265|1152
|gen|9
|tier|[Gen 9] OU
|rated|
|rule|HP Percentage Mod: HP is shown in percentages
|rule|Endless Battle Clause: Forcing endless battles is banned
|rule|Species Clause: Limit one of each Pokémon
|rule|OHKO Clause: OHKO moves are banned
|rule|Evasion Items Clause: Evasion items are banned
|rule|Evasion Moves Clause: Evasion moves are banned
|rule|Evasion Abilities Clause: Evasion abilities are banned
|rule|Sleep Moves Clause: Sleep-inducing moves are banned
|clearpoke
|poke|p1|Meowscarada, M|
|poke|p1|Sneasel-Hisui, M|
|poke|p1|Tyranitar, F|
|poke|p1|Glimmora, F|
|poke|p1|Skeledirge, M|
|poke|p1|Quaquaval, M|
|poke|p2|Hatterene, F|
|poke|p2|Cresselia, F|
|poke|p2|Ursaluna, F|
|poke|p2|Iron Hands|
|poke|p2|Hoopa-Unbound|
|poke|p2|Porygon2|
|teampreview
|
|t:|1776044395
|teamsize|p1|6
|teamsize|p2|6
|start
|switch|p1a: -60|Glimmora, F|100/100
|switch|p2a: Hoopa|Hoopa-Unbound|100/100
|-item|p1a: -60|Air Balloon
|turn|1
|
|t:|1776044404
|move|p1a: -60|Toxic|p2a: Hoopa
|-status|p2a: Hoopa|tox
|move|p2a: Hoopa|Psychic Noise|p1a: -60
|-supereffective|p1a: -60
|-crit|p1a: -60
|-damage|p1a: -60|0 fnt
|-enditem|p1a: -60|Air Balloon
|faint|p1a: -60
|
|-damage|p2a: Hoopa|94/100 tox|[from] psn
|upkeep
|
|t:|1776044423
|switch|p1a: yelp|Quaquaval, M|100/100
|turn|2
|
|t:|1776044434
|move|p1a: yelp|Brave Bird|p2a: Hoopa
|-damage|p2a: Hoopa|35/100 tox
|-damage|p1a: yelp|77/100|[from] Recoil
|-damage|p1a: yelp|67/100|[from] item: Life Orb
|move|p2a: Hoopa|Trick Room|p2a: Hoopa
|-fieldstart|move: Trick Room|[of] p2a: Hoopa
|
|-damage|p2a: Hoopa|22/100 tox|[from] psn
|upkeep
|turn|3
|
|t:|1776044447
|move|p2a: Hoopa|Psychic Noise|p1a: yelp
|-supereffective|p1a: yelp
|-damage|p1a: yelp|0 fnt
|faint|p1a: yelp
|
|-damage|p2a: Hoopa|4/100 tox|[from] psn
|upkeep
|
|t:|1776044450
|switch|p1a: lbroccoli|Tyranitar, F|100/100
|-weather|Sandstorm|[from] ability: Sand Stream|[of] p1a: lbroccoli
|turn|4
|
|t:|1776044462
|move|p2a: Hoopa|Focus Blast|p1a: lbroccoli
|-supereffective|p1a: lbroccoli
|-damage|p1a: lbroccoli|0 fnt
|faint|p1a: lbroccoli
|
|-weather|Sandstorm|[upkeep]
|-damage|p2a: Hoopa|0 fnt|[from] Sandstorm
|faint|p2a: Hoopa
|upkeep
|inactive|Battle timer is ON: inactive players will automatically lose when time's up. (requested by lux067)
|
|t:|1776044483
|switch|p2a: Ursaluna|Ursaluna, F|100/100
|switch|p1a: Earthgerm|Skeledirge, M|100/100
|turn|5
|
|t:|1776044501
|switch|p1a: Asym jesus|Meowscarada, M, shiny|100/100
|move|p2a: Ursaluna|Headlong Rush|p1a: Asym jesus
|-resisted|p1a: Asym jesus
|-damage|p1a: Asym jesus|47/100
|-unboost|p2a: Ursaluna|def|1
|-unboost|p2a: Ursaluna|spd|1
|
|-weather|Sandstorm|[upkeep]
|-damage|p1a: Asym jesus|40/100|[from] Sandstorm
|-status|p2a: Ursaluna|brn|[from] item: Flame Orb
|upkeep
|turn|6
|
|t:|1776044524
|move|p2a: Ursaluna|Fire Punch|p1a: Asym jesus
|-supereffective|p1a: Asym jesus
|-damage|p1a: Asym jesus|0 fnt
|faint|p1a: Asym jesus
|
|-weather|Sandstorm|[upkeep]
|-damage|p2a: Ursaluna|94/100 brn|[from] brn
|-fieldend|move: Trick Room
|upkeep
|
|t:|1776044529
|switch|p1a: Lux Prime|Sneasel-Hisui, M|100/100
|turn|7
|
|t:|1776044535
|move|p1a: Lux Prime|Fake Out|p2a: Ursaluna
|-damage|p2a: Ursaluna|83/100 brn
|cant|p2a: Ursaluna|flinch
|
|-weather|Sandstorm|[upkeep]
|-damage|p1a: Lux Prime|95/100|[from] Sandstorm
|-damage|p2a: Ursaluna|77/100 brn|[from] brn
|upkeep
|turn|8
|
|t:|1776044541
|move|p1a: Lux Prime|Close Combat|p2a: Ursaluna
|-supereffective|p2a: Ursaluna
|-damage|p2a: Ursaluna|0 fnt
|-unboost|p1a: Lux Prime|def|1
|-unboost|p1a: Lux Prime|spd|1
|faint|p2a: Ursaluna
|
|-weather|none
|upkeep
|
|t:|1776044549
|switch|p2a: Cresselia|Cresselia, F|100/100
|turn|9
|
|t:|1776044566
|move|p1a: Lux Prime|Shadow Claw|p2a: Cresselia
|-supereffective|p2a: Cresselia
|-damage|p2a: Cresselia|75/100
|move|p2a: Cresselia|Trick Room|p2a: Cresselia
|-fieldstart|move: Trick Room|[of] p2a: Cresselia
|
|upkeep
|turn|10
|
|t:|1776044576
|switch|p2a: Iron Hands|Iron Hands|100/100
|-enditem|p2a: Iron Hands|Booster Energy
|-activate|p2a: Iron Hands|ability: Quark Drive|[fromitem]
|-start|p2a: Iron Hands|quarkdriveatk
|move|p1a: Lux Prime|Shadow Claw|p2a: Iron Hands
|-damage|p2a: Iron Hands|88/100
|
|upkeep
|turn|11
|
|t:|1776044598
|move|p2a: Iron Hands|Thunder Punch|p1a: Lux Prime
|-damage|p1a: Lux Prime|0 fnt
|faint|p1a: Lux Prime
|
|upkeep
|
|t:|1776044603
|switch|p1a: Earthgerm|Skeledirge, M|100/100
|turn|12
|
|t:|1776044616
|-terastallize|p1a: Earthgerm|Fire
|move|p2a: Iron Hands|Thunder Punch|p1a: Earthgerm
|-damage|p1a: Earthgerm|49/100
|move|p1a: Earthgerm|Earth Power|p2a: Iron Hands
|-supereffective|p2a: Iron Hands
|-damage|p2a: Iron Hands|32/100
|
|-heal|p1a: Earthgerm|55/100|[from] item: Leftovers
|upkeep
|turn|13
|
|t:|1776044629
|move|p2a: Iron Hands|Thunder Punch|p1a: Earthgerm
|-damage|p1a: Earthgerm|3/100
|move|p1a: Earthgerm|Earth Power|p2a: Iron Hands
|-supereffective|p2a: Iron Hands
|-damage|p2a: Iron Hands|0 fnt
|faint|p2a: Iron Hands
|-end|p2a: Iron Hands|Quark Drive|[silent]
|
|-heal|p1a: Earthgerm|9/100|[from] item: Leftovers
|-fieldend|move: Trick Room
|upkeep
|
|t:|1776044641
|switch|p2a: Porygon2|Porygon2|100/100
|-ability|p2a: Porygon2|Download|boost
|-boost|p2a: Porygon2|spa|1
|turn|14
|
|t:|1776044650
|move|p1a: Earthgerm|Torch Song|p2a: Porygon2
|-damage|p2a: Porygon2|69/100
|-boost|p1a: Earthgerm|spa|1
|move|p2a: Porygon2|Shadow Ball|p1a: Earthgerm
|-damage|p1a: Earthgerm|0 fnt
|faint|p1a: Earthgerm
|
|win|Ramekbal
|raw|lux067's rating: 1103 &rarr; <strong>1082</strong><br />(-21 for losing)
|raw|Ramekbal's rating: 1152 &rarr; <strong>1173</strong><br />(+21 for winning)
|l|☆lux067
|player|p1|
