|html|<div class="broadcast-blue"><strong>[Gen 9] OU is currently suspecting Volcarona! For information on how to participate check out the <a href="https://www.smogon.com/tools/suspects/view/208">suspect thread</a>.</strong></div>
|j|☆mrwallacerbes
|j|‽Hop On The Move
|t:|1778509911
|gametype|singles
|player|p1|mrwallacerbes|101|1380
|player|p2|Hop On The Move|102|1432
|gen|9
|tier|[Gen 9] OU
|rated|
|rule|HP Percentage Mod: HP is shown in percentages
|rule|Endless Battle Clause: Forcing endless battles is banned
|rule|Species Clause: Limit one of each Pokémon
|rule|OHKO Clause: OHKO moves are banned
|rule|Evasion Items Clause: Evasion items are banned
|rule|Evasion Moves Clause: Evasion moves are banned
|rule|Evasion Abilities Clause: Evasion abilities are banned
|rule|Sleep Moves Clause: Sleep-inducing moves are banned
|clearpoke
|poke|p1|Deoxys-Speed|
|poke|p1|Samurott-Hisui, M|
|poke|p1|Zamazenta-*|
|poke|p1|Moltres-Galar|
|poke|p1|Smeargle, M|
|poke|p1|Gholdengo|
|poke|p2|Pecharunt|
|poke|p2|Ting-Lu|
|poke|p2|Scizor, M|
|poke|p2|Ogerpon-Wellspring, F|
|poke|p2|Dragonite, M|
|poke|p2|Iron Valiant|
|teampreview
|inactive|Battle timer is ON: inactive players will automatically lose when time's up. (requested by Hop On The Move)
|
|t:|1778509933
|teamsize|p1|6
|teamsize|p2|6
|start
|switch|p1a: Samurott|Samurott-Hisui, M|100/100
|switch|p2a: Scizor|Scizor, M|100/100
|turn|1
|
|t:|1778509940
|move|p1a: Samurott|Ceaseless Edge|p2a: Scizor
|-damage|p2a: Scizor|56/100
|-sidestart|p2: Hop On The Move|Spikes
|move|p2a: Scizor|U-turn|p1a: Samurott
|-supereffective|p1a: Samurott
|-enditem|p1a: Samurott|Focus Sash
|-damage|p1a: Samurott|1/100
|
|t:|1778509951
|switch|p2a: Ogerpon|Ogerpon-Wellspring, F|100/100|[from] U-turn
|-damage|p2a: Ogerpon|88/100|[from] Spikes
|
|upkeep
|turn|2
|inactive|mrwallacerbes has 120 seconds left.
|
|t:|1778509982
|move|p2a: Ogerpon|Knock Off|p1a: Samurott
|-resisted|p1a: Samurott
|-damage|p1a: Samurott|0 fnt
|faint|p1a: Samurott
|
|upkeep
|inactive|mrwallacerbes has 120 seconds left.
|inactive|mrwallacerbes has 90 seconds left.
|
|t:|1778510019
|switch|p1a: Moltres|Moltres-Galar|100/100
|turn|3
|inactive|Hop On The Move has 120 seconds left.
|
|t:|1778510075
|switch|p2a: Pecharunt|Pecharunt|100/100
|-damage|p2a: Pecharunt|88/100|[from] Spikes
|move|p1a: Moltres|Agility|p1a: Moltres
|-boost|p1a: Moltres|spe|2
|
|upkeep
|turn|4
|inactive|mrwallacerbes has 90 seconds left.
|
|t:|1778510108
|move|p1a: Moltres|Nasty Plot|p1a: Moltres
|-boost|p1a: Moltres|spa|2
|move|p2a: Pecharunt|Parting Shot|p1a: Moltres
|-unboost|p1a: Moltres|atk|1
|-unboost|p1a: Moltres|spa|1
|inactive|Hop On The Move has 90 seconds left.
|
|t:|1778510128
|switch|p2a: Ting-Lu|Ting-Lu|100/100|[from] Parting Shot
|-damage|p2a: Ting-Lu|88/100|[from] Spikes
|-ability|p2a: Ting-Lu|Vessel of Ruin
|
|-heal|p2a: Ting-Lu|94/100|[from] item: Leftovers
|upkeep
|turn|5
|inactive|mrwallacerbes has 90 seconds left.
|
|t:|1778510134
|move|p1a: Moltres|Hurricane|p2a: Ting-Lu
|-damage|p2a: Ting-Lu|45/100
|move|p2a: Ting-Lu|Whirlwind|p1a: Moltres
|drag|p1a: Zamazenta|Zamazenta|100/100
|-ability|p1a: Zamazenta|Dauntless Shield|boost
|-boost|p1a: Zamazenta|def|1
|
|-heal|p2a: Ting-Lu|51/100|[from] item: Leftovers
|upkeep
|turn|6
|
|t:|1778510146
|move|p1a: Zamazenta|Roar|p2a: Ting-Lu
|drag|p2a: Scizor|Scizor, M|56/100
|-damage|p2a: Scizor|44/100|[from] Spikes
|
|upkeep
|turn|7
|
|t:|1778510152
|move|p1a: Zamazenta|Body Press|p2a: Scizor
|-damage|p2a: Scizor|0 fnt
|faint|p2a: Scizor
|
|upkeep
|
|t:|1778510156
|switch|p2a: Iron Valiant|Iron Valiant|100/100
|-damage|p2a: Iron Valiant|88/100|[from] Spikes
|-enditem|p2a: Iron Valiant|Booster Energy
|-activate|p2a: Iron Valiant|ability: Quark Drive|[fromitem]
|-start|p2a: Iron Valiant|quarkdrivespe
|turn|8
|
|t:|1778510167
|move|p2a: Iron Valiant|Calm Mind|p2a: Iron Valiant
|-boost|p2a: Iron Valiant|spa|1
|-boost|p2a: Iron Valiant|spd|1
|move|p1a: Zamazenta|Heavy Slam|p2a: Iron Valiant
|-supereffective|p2a: Iron Valiant
|-damage|p2a: Iron Valiant|6/100
|
|upkeep
|turn|9
|
|t:|1778510174
|-terastallize|p1a: Zamazenta|Steel
|move|p2a: Iron Valiant|Moonblast|p1a: Zamazenta
|-resisted|p1a: Zamazenta
|-damage|p1a: Zamazenta|65/100
|-unboost|p1a: Zamazenta|spa|1
|move|p1a: Zamazenta|Heavy Slam|p2a: Iron Valiant
|-supereffective|p2a: Iron Valiant
|-damage|p2a: Iron Valiant|0 fnt
|faint|p2a: Iron Valiant
|-end|p2a: Iron Valiant|Quark Drive|[silent]
|
|-heal|p1a: Zamazenta|72/100|[from] item: Leftovers
|upkeep
|inactive|Hop On The Move has 120 seconds left.
|
|t:|1778510190
|switch|p2a: Ogerpon|Ogerpon-Wellspring, F|88/100
|-damage|p2a: Ogerpon|76/100|[from] Spikes
|turn|10
|
|t:|1778510195
|move|p1a: Zamazenta|Body Press|p2a: Ogerpon
|-damage|p2a: Ogerpon|0 fnt
|faint|p2a: Ogerpon
|
|-heal|p1a: Zamazenta|78/100|[from] item: Leftovers
|upkeep
|
|t:|1778510202
|switch|p2a: Pecharunt|Pecharunt|88/100
|-damage|p2a: Pecharunt|76/100|[from] Spikes
|turn|11
|
|t:|1778510208
|move|p2a: Pecharunt|Parting Shot|p1a: Zamazenta
|-unboost|p1a: Zamazenta|atk|1
|-unboost|p1a: Zamazenta|spa|1
|
|t:|1778510211
|switch|p2a: Ting-Lu|Ting-Lu|51/100|[from] Parting Shot
|-damage|p2a: Ting-Lu|39/100|[from] Spikes
|-ability|p2a: Ting-Lu|Vessel of Ruin
|move|p1a: Zamazenta|Roar|p2a: Ting-Lu
|drag|p2a: Pecharunt|Pecharunt|76/100
|-damage|p2a: Pecharunt|63/100|[from] Spikes
|
|-heal|p1a: Zamazenta|84/100|[from] item: Leftovers
|upkeep
|turn|12
|inactive|mrwallacerbes has 120 seconds left.
|
|t:|1778510270
|move|p2a: Pecharunt|Hex|p1a: Zamazenta
|-damage|p1a: Zamazenta|66/100
|move|p1a: Zamazenta|Roar|p2a: Pecharunt
|drag|p2a: Dragonite|Dragonite, M|100/100
|
|-heal|p1a: Zamazenta|72/100|[from] item: Leftovers
|upkeep
|turn|13
|
|t:|1778510295
|move|p2a: Dragonite|Dragon Dance|p2a: Dragonite
|-boost|p2a: Dragonite|atk|1
|-boost|p2a: Dragonite|spe|1
|move|p1a: Zamazenta|Roar|p2a: Dragonite
|drag|p2a: Ting-Lu|Ting-Lu|39/100
|-damage|p2a: Ting-Lu|26/100|[from] Spikes
|-ability|p2a: Ting-Lu|Vessel of Ruin
|
|-heal|p1a: Zamazenta|79/100|[from] item: Leftovers
|-heal|p2a: Ting-Lu|33/100|[from] item: Leftovers
|upkeep
|turn|14
|
|t:|1778510301
|switch|p2a: Dragonite|Dragonite, M|100/100
|move|p1a: Zamazenta|Body Press|p2a: Dragonite
|-resisted|p2a: Dragonite
|-damage|p2a: Dragonite|86/100
|
|-heal|p1a: Zamazenta|85/100|[from] item: Leftovers
|-heal|p2a: Dragonite|92/100|[from] item: Leftovers
|upkeep
|turn|15
|inactive|mrwallacerbes has 120 seconds left.
|
|t:|1778510307
|move|p2a: Dragonite|Earthquake|p1a: Zamazenta
|-supereffective|p1a: Zamazenta
|-damage|p1a: Zamazenta|45/100
|move|p1a: Zamazenta|Roar|p2a: Dragonite
|drag|p2a: Pecharunt|Pecharunt|63/100
|-damage|p2a: Pecharunt|51/100|[from] Spikes
|
|-heal|p1a: Zamazenta|52/100|[from] item: Leftovers
|upkeep
|turn|16
|
|t:|1778510327
|move|p1a: Zamazenta|Heavy Slam|p2a: Pecharunt
|-damage|p2a: Pecharunt|37/100
|-damage|p1a: Zamazenta|35/100|[from] item: Rocky Helmet|[of] p2a: Pecharunt
|move|p2a: Pecharunt|Parting Shot|p1a: Zamazenta
|-unboost|p1a: Zamazenta|atk|1
|-unboost|p1a: Zamazenta|spa|1
|
|t:|1778510331
|switch|p2a: Dragonite|Dragonite, M|92/100|[from] Parting Shot
|
|-heal|p1a: Zamazenta|41/100|[from] item: Leftovers
|-heal|p2a: Dragonite|98/100|[from] item: Leftovers
|upkeep
|turn|17
|
|t:|1778510336
|move|p2a: Dragonite|Dragon Dance|p2a: Dragonite
|-boost|p2a: Dragonite|atk|1
|-boost|p2a: Dragonite|spe|1
|move|p1a: Zamazenta|Roar|p2a: Dragonite
|drag|p2a: Pecharunt|Pecharunt|37/100
|-damage|p2a: Pecharunt|24/100|[from] Spikes
|
|-heal|p1a: Zamazenta|47/100|[from] item: Leftovers
|upkeep
|turn|18
|
|t:|1778510346
|switch|p1a: Deoxys|Deoxys-Speed|100/100
|-ability|p1a: Deoxys|Pressure
|move|p2a: Pecharunt|Recover|p2a: Pecharunt
|-heal|p2a: Pecharunt|74/100
|
|upkeep
|turn|19
|
|t:|1778510353
|move|p1a: Deoxys|Reflect|p1a: Deoxys
|-sidestart|p1: mrwallacerbes|Reflect
|move|p2a: Pecharunt|Malignant Chain|p1a: Deoxys
|-damage|p1a: Deoxys|63/100
|-status|p1a: Deoxys|tox
|-start|p1a: Deoxys|confusion|[from] ability: Poison Puppeteer|[of] p2a: Pecharunt
|
|-damage|p1a: Deoxys|57/100 tox|[from] psn
|upkeep
|turn|20
|
|t:|1778510374
|-activate|p1a: Deoxys|confusion
|move|p1a: Deoxys|Light Screen|p1a: Deoxys
|-sidestart|p1: mrwallacerbes|move: Light Screen
|move|p2a: Pecharunt|Hex|p1a: Deoxys
|-supereffective|p1a: Deoxys
|-damage|p1a: Deoxys|10/100 tox
|
|-damage|p1a: Deoxys|0 fnt|[from] psn
|faint|p1a: Deoxys
|upkeep
|
|t:|1778510387
|switch|p1a: Gholdengo|Gholdengo|100/100
|turn|21
|
|t:|1778510404
|move|p1a: Gholdengo|Trick|p2a: Pecharunt
|-activate|p1a: Gholdengo|move: Trick|[of] p2a: Pecharunt
|-item|p2a: Pecharunt|Choice Scarf|[from] move: Trick
|-item|p1a: Gholdengo|Rocky Helmet|[from] move: Trick
|move|p2a: Pecharunt|Parting Shot|p1a: Gholdengo
|-immune|p1a: Gholdengo|[from] ability: Good as Gold
|
|upkeep
|turn|22
|
|t:|1778510413
|switch|p2a: Ting-Lu|Ting-Lu|33/100
|-damage|p2a: Ting-Lu|20/100|[from] Spikes
|-ability|p2a: Ting-Lu|Vessel of Ruin
|move|p1a: Gholdengo|Shadow Ball|p2a: Ting-Lu
|-resisted|p2a: Ting-Lu
|-damage|p2a: Ting-Lu|8/100
|
|-heal|p2a: Ting-Lu|14/100|[from] item: Leftovers
|upkeep
|turn|23
|
|t:|1778510437
|move|p1a: Gholdengo|Make It Rain|p2a: Ting-Lu
|-crit|p2a: Ting-Lu
|-damage|p2a: Ting-Lu|0 fnt
|-unboost|p1a: Gholdengo|spa|1
|faint|p2a: Ting-Lu
|
|upkeep
|
|t:|1778510443
|switch|p2a: Dragonite|Dragonite, M|98/100
|turn|24
|
|t:|1778510452
|switch|p1a: Moltres|Moltres-Galar|100/100
|move|p2a: Dragonite|Dragon Dance|p2a: Dragonite
|-boost|p2a: Dragonite|atk|1
|-boost|p2a: Dragonite|spe|1
|
|-heal|p2a: Dragonite|100/100|[from] item: Leftovers
|upkeep
|turn|25
|
|t:|1778510457
|move|p2a: Dragonite|Dragon Dance|p2a: Dragonite
|-boost|p2a: Dragonite|atk|1
|-boost|p2a: Dragonite|spe|1
|move|p1a: Moltres|Agility|p1a: Moltres
|-boost|p1a: Moltres|spe|2
|
|upkeep
|turn|26
|
|t:|1778510463
|move|p1a: Moltres|Nasty Plot|p1a: Moltres
|-boost|p1a: Moltres|spa|2
|move|p2a: Dragonite|Dragon Dance|p2a: Dragonite
|-boost|p2a: Dragonite|atk|1
|-boost|p2a: Dragonite|spe|1
|
|-sideend|p1: mrwallacerbes|Reflect
|upkeep
|turn|27
|
|t:|1778510480
|-terastallize|p2a: Dragonite|Normal
|move|p2a: Dragonite|Extreme Speed|p1a: Moltres
|-damage|p1a: Moltres|0 fnt
|faint|p1a: Moltres
|
|-sideend|p1: mrwallacerbes|move: Light Screen
|upkeep
|-message|mrwallacerbes forfeited.
|
|win|Hop On The Move
|raw|mrwallacerbes's rating: 1380 &rarr; <strong>1363</strong><br />(-17 for losing)
|raw|Hop On The Move's rating: 1432 &rarr; <strong>1449</strong><br />(+17 for winning)
|l|☆mrwallacerbes
|player|p1|
