|html|<div class="broadcast-blue"><strong>[Gen 9] OU is currently suspecting Tera Blast! For information on how to participate check out the <a href="https://www.smogon.com/tools/suspects/view/200">suspect thread</a>.</strong></div>
|j|☆Auburn Hills
|j|☆yonji lover
|t:|1776033618
|gametype|singles
|player|p1|Auburn Hills|alder|1741
|player|p2|yonji lover|1|1674
|gen|9
|tier|[Gen 9] OU
|rated|
|rule|HP Percentage Mod: HP is shown in percentages
|rule|Endless Battle Clause: Forcing endless battles is banned
|rule|Species Clause: Limit one of each Pokémon
|rule|OHKO Clause: OHKO moves are banned
|rule|Evasion Items Clause: Evasion items are banned
|rule|Evasion Moves Clause: Evasion moves are banned
|rule|Evasion Abilities Clause: Evasion abilities are banned
|rule|Sleep Moves Clause: Sleep-inducing moves are banned
|clearpoke
|poke|p1|Iron Moth|
|poke|p1|Umbreon, M|
|poke|p1|Garchomp, F|
|poke|p1|Glimmora, F|
|poke|p1|Gholdengo|
|poke|p1|Dragonite, M|
|poke|p2|Comfey, M|
|poke|p2|Whimsicott, F|
|poke|p2|Iron Moth|
|poke|p2|Walking Wake|
|poke|p2|Great Tusk|
|poke|p2|Ninetales, M|
|teampreview
|
|t:|1776033637
|teamsize|p1|6
|teamsize|p2|6
|start
|switch|p1a: Julia Jacklin|Glimmora, F|100/100
|switch|p2a: Great Tusk|Great Tusk|100/100
|turn|1
|
|t:|1776033642
|move|p2a: Great Tusk|Rapid Spin|p1a: Julia Jacklin
|-resisted|p1a: Julia Jacklin
|-damage|p1a: Julia Jacklin|92/100
|-boost|p2a: Great Tusk|spe|1
|-activate|p1a: Julia Jacklin|ability: Toxic Debris
|-sidestart|p2: yonji lover|move: Toxic Spikes
|-sideend|p2: yonji lover|Toxic Spikes|[from] move: Rapid Spin|[of] p2a: Great Tusk
|move|p1a: Julia Jacklin|Mortal Spin|p2a: Great Tusk
|-resisted|p2a: Great Tusk
|-damage|p2a: Great Tusk|98/100
|-status|p2a: Great Tusk|psn
|-damage|p1a: Julia Jacklin|75/100|[from] item: Rocky Helmet|[of] p2a: Great Tusk
|
|-damage|p2a: Great Tusk|86/100 psn|[from] psn
|upkeep
|turn|2
|
|t:|1776033647
|switch|p1a: Elucid|Dragonite, M|100/100
|move|p2a: Great Tusk|Headlong Rush|p1a: Elucid
|-immune|p1a: Elucid
|
|-damage|p2a: Great Tusk|74/100 psn|[from] psn
|upkeep
|turn|3
|
|t:|1776033657
|move|p2a: Great Tusk|Ice Spinner|p1a: Elucid
|-supereffective|p1a: Elucid
|-damage|p1a: Elucid|50/100
|move|p1a: Elucid|Ice Spinner|p2a: Great Tusk
|-supereffective|p2a: Great Tusk
|-damage|p2a: Great Tusk|31/100 psn
|-damage|p1a: Elucid|34/100|[from] item: Rocky Helmet|[of] p2a: Great Tusk
|
|-damage|p2a: Great Tusk|19/100 psn|[from] psn
|upkeep
|turn|4
|j| i registered this
|
|t:|1776033665
|move|p1a: Elucid|Extreme Speed|p2a: Great Tusk
|-damage|p2a: Great Tusk|0 fnt
|-damage|p1a: Elucid|18/100|[from] item: Rocky Helmet|[of] p2a: Great Tusk
|faint|p2a: Great Tusk
|-end|p2a: Great Tusk|Protosynthesis|[silent]
|
|upkeep
|
|t:|1776033677
|switch|p2a: Ninetales|Ninetales, M|100/100
|-weather|SunnyDay|[from] ability: Drought|[of] p2a: Ninetales
|turn|5
|
|t:|1776033682
|switch|p1a: Alvvays|Umbreon, M|100/100
|move|p2a: Ninetales|Weather Ball|p1a: Alvvays
|-damage|p1a: Alvvays|75/100
|
|-weather|SunnyDay|[upkeep]
|-heal|p1a: Alvvays|81/100|[from] item: Leftovers
|upkeep
|turn|6
|
|t:|1776033687
|switch|p2a: Iron Moth|Iron Moth|100/100
|-enditem|p2a: Iron Moth|Booster Energy
|-activate|p2a: Iron Moth|ability: Quark Drive|[fromitem]
|-start|p2a: Iron Moth|quarkdrivespa
|move|p1a: Alvvays|Thunder Wave|p2a: Iron Moth
|-status|p2a: Iron Moth|par
|
|-weather|SunnyDay|[upkeep]
|-heal|p1a: Alvvays|88/100|[from] item: Leftovers
|upkeep
|turn|7
|
|t:|1776033691
|switch|p1a: Julia Jacklin|Glimmora, F|75/100
|move|p2a: Iron Moth|Fiery Dance|p1a: Julia Jacklin
|-resisted|p1a: Julia Jacklin
|-crit|p1a: Julia Jacklin
|-damage|p1a: Julia Jacklin|0 fnt
|faint|p1a: Julia Jacklin
|
|-weather|SunnyDay|[upkeep]
|upkeep
|
|t:|1776033694
|switch|p1a: Rat Tally|Garchomp, F|100/100
|turn|8
|
|t:|1776033713
|-end|p2a: Iron Moth|Quark Drive|[silent]
|switch|p2a: Walking Wake|Walking Wake|100/100
|-activate|p2a: Walking Wake|ability: Protosynthesis
|-start|p2a: Walking Wake|protosynthesisspe
|move|p1a: Rat Tally|Earthquake|p2a: Walking Wake
|-damage|p2a: Walking Wake|56/100
|
|-weather|SunnyDay|[upkeep]
|upkeep
|turn|9
|
|t:|1776033716
|switch|p1a: Alvvays|Umbreon, M|88/100
|move|p2a: Walking Wake|Draco Meteor|p1a: Alvvays
|-damage|p1a: Alvvays|54/100
|-unboost|p2a: Walking Wake|spa|2
|
|-weather|SunnyDay|[upkeep]
|-heal|p1a: Alvvays|60/100|[from] item: Leftovers
|upkeep
|turn|10
|
|t:|1776033720
|move|p2a: Walking Wake|Flip Turn|p1a: Alvvays
|-damage|p1a: Alvvays|54/100
|
|t:|1776033727
|-end|p2a: Walking Wake|Protosynthesis|[silent]
|switch|p2a: Iron Moth|Iron Moth|100/100 par|[from] Flip Turn
|move|p1a: Alvvays|Wish|p1a: Alvvays
|
|-weather|SunnyDay|[upkeep]
|-heal|p1a: Alvvays|61/100|[from] item: Leftovers
|upkeep
|turn|11
|
|t:|1776033738
|move|p1a: Alvvays|Protect|p1a: Alvvays
|-singleturn|p1a: Alvvays|Protect
|move|p2a: Iron Moth|Fiery Dance|p1a: Alvvays
|-activate|p1a: Alvvays|move: Protect
|
|-weather|SunnyDay|[upkeep]
|-heal|p1a: Alvvays|100/100|[from] move: Wish|[wisher] Alvvays
|upkeep
|turn|12
|
|t:|1776033741
|cant|p2a: Iron Moth|par
|move|p1a: Alvvays|Wish|p1a: Alvvays
|
|-weather|none
|upkeep
|turn|13
|
|t:|1776033748
|switch|p1a: Rat Tally|Garchomp, F|100/100
|move|p2a: Iron Moth|Sludge Wave|p1a: Rat Tally
|-resisted|p1a: Rat Tally
|-damage|p1a: Rat Tally|70/100
|
|-heal|p1a: Rat Tally|100/100|[from] move: Wish|[wisher] Alvvays
|upkeep
|turn|14
|
|t:|1776033765
|move|p1a: Rat Tally|Earthquake|p2a: Iron Moth
|-supereffective|p2a: Iron Moth
|-damage|p2a: Iron Moth|0 fnt
|faint|p2a: Iron Moth
|-end|p2a: Iron Moth|Quark Drive|[silent]
|
|upkeep
|
|t:|1776033767
|switch|p2a: Ninetales|Ninetales, M|100/100
|-weather|SunnyDay|[from] ability: Drought|[of] p2a: Ninetales
|turn|15
|
|t:|1776033769
|switch|p2a: Walking Wake|Walking Wake|56/100
|-activate|p2a: Walking Wake|ability: Protosynthesis
|-start|p2a: Walking Wake|protosynthesisspe
|move|p1a: Rat Tally|Earthquake|p2a: Walking Wake
|-damage|p2a: Walking Wake|5/100
|
|-weather|SunnyDay|[upkeep]
|upkeep
|turn|16
|l| i registered this
|
|t:|1776033772
|switch|p1a: Alvvays|Umbreon, M|100/100
|move|p2a: Walking Wake|Flip Turn|p1a: Alvvays
|-damage|p1a: Alvvays|95/100
|
|t:|1776033784
|-end|p2a: Walking Wake|Protosynthesis|[silent]
|switch|p2a: Comfey|Comfey, M|100/100|[from] Flip Turn
|
|-weather|SunnyDay|[upkeep]
|-heal|p1a: Alvvays|100/100|[from] item: Leftovers
|upkeep
|turn|17
|
|t:|1776033787
|switch|p1a: Smino|Gholdengo|100/100
|move|p2a: Comfey|Growth|p2a: Comfey
|-boost|p2a: Comfey|atk|2
|-boost|p2a: Comfey|spa|2
|
|-weather|SunnyDay|[upkeep]
|upkeep
|turn|18
|
|t:|1776033791
|-terastallize|p1a: Smino|Flying
|-terastallize|p2a: Comfey|Water
|move|p1a: Smino|Trick|p2a: Comfey
|-activate|p1a: Smino|move: Trick|[of] p2a: Comfey
|-item|p2a: Comfey|Choice Scarf|[from] move: Trick
|-item|p1a: Smino|Life Orb|[from] move: Trick
|move|p2a: Comfey|Growth|p2a: Comfey
|-boost|p2a: Comfey|atk|2
|-boost|p2a: Comfey|spa|2
|
|-weather|SunnyDay|[upkeep]
|upkeep
|turn|19
|j| i registered this
|
|t:|1776033800
|switch|p2a: Ninetales|Ninetales, M|100/100
|move|p1a: Smino|Shadow Ball|p2a: Ninetales
|-damage|p2a: Ninetales|48/100
|-damage|p1a: Smino|91/100|[from] item: Life Orb
|
|-weather|SunnyDay|[upkeep]
|upkeep
|turn|20
|
|t:|1776033810
|switch|p2a: Walking Wake|Walking Wake|5/100
|-activate|p2a: Walking Wake|ability: Protosynthesis
|-start|p2a: Walking Wake|protosynthesisspe
|switch|p1a: Rat Tally|Garchomp, F|100/100
|
|-weather|SunnyDay|[upkeep]
|upkeep
|turn|21
|
|t:|1776033813
|switch|p1a: Alvvays|Umbreon, M|100/100
|move|p2a: Walking Wake|Hydro Steam|p1a: Alvvays
|-damage|p1a: Alvvays|73/100
|
|-weather|SunnyDay|[upkeep]
|-heal|p1a: Alvvays|79/100|[from] item: Leftovers
|upkeep
|turn|22
|
|t:|1776033817
|move|p2a: Walking Wake|Knock Off|p1a: Alvvays
|-resisted|p1a: Alvvays
|-damage|p1a: Alvvays|72/100
|-enditem|p1a: Alvvays|Leftovers|[from] move: Knock Off|[of] p2a: Walking Wake
|move|p1a: Alvvays|Thunder Wave|p2a: Walking Wake
|-status|p2a: Walking Wake|par
|
|-weather|none
|-end|p2a: Walking Wake|Protosynthesis
|upkeep
|turn|23
|
|t:|1776033821
|-end|p2a: Walking Wake|Protosynthesis|[silent]
|switch|p2a: Ninetales|Ninetales, M|48/100
|-weather|SunnyDay|[from] ability: Drought|[of] p2a: Ninetales
|move|p1a: Alvvays|Wish|p1a: Alvvays
|
|-weather|SunnyDay|[upkeep]
|upkeep
|turn|24
|
|t:|1776033828
|switch|p1a: Elucid|Dragonite, M|18/100
|move|p2a: Ninetales|Encore||[still]
|-fail|p2a: Ninetales
|
|-weather|SunnyDay|[upkeep]
|-heal|p1a: Elucid|78/100|[from] move: Wish|[wisher] Alvvays
|upkeep
|turn|25
|
|t:|1776033833
|move|p2a: Ninetales|Will-O-Wisp|p1a: Elucid
|-status|p1a: Elucid|brn
|move|p1a: Elucid|Earthquake|p2a: Ninetales
|-supereffective|p2a: Ninetales
|-damage|p2a: Ninetales|0 fnt
|faint|p2a: Ninetales
|
|-weather|SunnyDay|[upkeep]
|-damage|p1a: Elucid|72/100 brn|[from] brn
|upkeep
|
|t:|1776033836
|switch|p2a: Whimsicott|Whimsicott, F|100/100
|turn|26
|
|t:|1776033840
|switch|p1a: Carly Rae|Iron Moth|100/100
|-enditem|p1a: Carly Rae|Booster Energy
|-activate|p1a: Carly Rae|ability: Quark Drive|[fromitem]
|-start|p1a: Carly Rae|quarkdrivespe
|move|p2a: Whimsicott|Growth|p2a: Whimsicott
|-boost|p2a: Whimsicott|atk|2
|-boost|p2a: Whimsicott|spa|2
|
|-weather|SunnyDay|[upkeep]
|upkeep
|turn|27
|
|t:|1776033844
|move|p2a: Whimsicott|Shadow Ball|p1a: Carly Rae
|-damage|p1a: Carly Rae|40/100
|-damage|p2a: Whimsicott|91/100|[from] item: Life Orb
|move|p1a: Carly Rae|Fiery Dance|p2a: Whimsicott
|-supereffective|p2a: Whimsicott
|-damage|p2a: Whimsicott|0 fnt
|-boost|p1a: Carly Rae|spa|1
|faint|p2a: Whimsicott
|
|-weather|SunnyDay|[upkeep]
|upkeep
|-message|yonji lover forfeited.
|
|win|Auburn Hills
|raw|Auburn Hills's rating: 1741 &rarr; <strong>1757</strong><br />(+16 for winning)
|raw|yonji lover's rating: 1674 &rarr; <strong>1658</strong><br />(-16 for losing)
|l|☆yonji lover
|player|p2|
|l|☆Auburn Hills
|player|p1|
|l| i registered this
