|html|<div class="broadcast-blue"><strong>[Gen 9] OU is currently suspecting Tera Blast! For information on how to participate check out the <a href="https://www.smogon.com/tools/suspects/view/200">suspect thread</a>.</strong></div>
|j|☆Aesero
|j|☆megamabel
|t:|1776229863
|gametype|singles
|player|p1|Aesero|volkner|1046
|player|p2|megamabel|preschoolerf|1052
|gen|9
|tier|[Gen 9] OU
|rated|
|rule|HP Percentage Mod: HP is shown in percentages
|rule|Endless Battle Clause: Forcing endless battles is banned
|rule|Species Clause: Limit one of each Pokémon
|rule|OHKO Clause: OHKO moves are banned
|rule|Evasion Items Clause: Evasion items are banned
|rule|Evasion Moves Clause: Evasion moves are banned
|rule|Evasion Abilities Clause: Evasion abilities are banned
|rule|Sleep Moves Clause: Sleep-inducing moves are banned
|clearpoke
|poke|p1|Cinderace, M|
|poke|p1|Rotom-Wash|
|poke|p1|Whimsicott, M|
|poke|p1|Venusaur, M|
|poke|p1|Garchomp, M|
|poke|p1|Corviknight, F|
|poke|p2|Polteageist-Antique|
|poke|p2|Dragapult, F|
|poke|p2|Great Tusk|
|poke|p2|Moltres|
|poke|p2|Zapdos-Galar|
|poke|p2|Ribombee, F|
|teampreview
|inactive|Battle timer is ON: inactive players will automatically lose when time's up. (requested by Aesero)
|
|t:|1776229871
|teamsize|p1|6
|teamsize|p2|6
|start
|switch|p1a: Whimsicott|Whimsicott, M|100/100
|switch|p2a: Ribombee|Ribombee, F|100/100
|turn|1
|
|t:|1776229883
|move|p1a: Whimsicott|Tailwind|p1a: Whimsicott
|-sidestart|p1: Aesero|move: Tailwind
|move|p2a: Ribombee|Sticky Web|p1a: Whimsicott
|-sidestart|p1: Aesero|move: Sticky Web
|
|upkeep
|turn|2
|
|t:|1776229912
|switch|p2a: Moltres|Moltres|100/100
|move|p1a: Whimsicott|Encore||[still]
|-fail|p1a: Whimsicott
|
|upkeep
|turn|3
|
|t:|1776229926
|switch|p1a: Rotom|Rotom-Wash|100/100
|move|p2a: Moltres|Heat Wave|p1a: Rotom
|-resisted|p1a: Rotom
|-damage|p1a: Rotom|81/100
|
|-heal|p1a: Rotom|87/100|[from] item: Leftovers
|upkeep
|turn|4
|inactive|megamabel has 120 seconds left.
|
|t:|1776229943
|switch|p2a: Dragapult|Dragapult, F|100/100
|move|p1a: Rotom|Volt Switch|p2a: Dragapult
|-resisted|p2a: Dragapult
|-damage|p2a: Dragapult|83/100
|
|t:|1776229960
|switch|p1a: Corviknight|Corviknight, F|100/100|[from] Volt Switch
|-ability|p1a: Corviknight|Pressure
|
|-sideend|p1: Aesero|move: Tailwind
|upkeep
|turn|5
|
|t:|1776229968
|move|p2a: Dragapult|Thunderbolt|p1a: Corviknight
|-supereffective|p1a: Corviknight
|-damage|p1a: Corviknight|44/100
|-damage|p2a: Dragapult|73/100|[from] item: Life Orb
|move|p1a: Corviknight|Defog|p2a: Dragapult
|-unboost|p2a: Dragapult|evasion|1
|-sideend|p1: Aesero|Sticky Web|[from] move: Defog|[of] p1a: Corviknight
|
|-heal|p1a: Corviknight|51/100|[from] item: Leftovers
|upkeep
|turn|6
|
|t:|1776229982
|switch|p1a: Whimsicott|Whimsicott, M|100/100
|move|p2a: Dragapult|Thunderbolt|p1a: Whimsicott
|-resisted|p1a: Whimsicott
|-damage|p1a: Whimsicott|76/100
|-damage|p2a: Dragapult|63/100|[from] item: Life Orb
|
|upkeep
|turn|7
|
|t:|1776230000
|switch|p2a: Moltres|Moltres|100/100
|move|p1a: Whimsicott|Stun Spore|p2a: Moltres|[miss]
|-miss|p1a: Whimsicott|p2a: Moltres
|
|upkeep
|turn|8
|
|t:|1776230009
|switch|p1a: Rotom|Rotom-Wash|87/100
|move|p2a: Moltres|Roar|p1a: Rotom
|drag|p1a: Garchomp|Garchomp, M|100/100
|
|upkeep
|turn|9
|
|t:|1776230018
|move|p1a: Garchomp|Stealth Rock|p2a: Moltres
|-sidestart|p2: megamabel|move: Stealth Rock
|move|p2a: Moltres|Tailwind|p2a: Moltres
|-sidestart|p2: megamabel|move: Tailwind
|
|upkeep
|turn|10
|
|t:|1776230027
|switch|p2a: Ribombee|Ribombee, F|100/100
|-damage|p2a: Ribombee|76/100|[from] Stealth Rock
|move|p1a: Garchomp|Dragon Tail|p2a: Ribombee
|-immune|p2a: Ribombee
|
|upkeep
|turn|11
|
|t:|1776230043
|switch|p1a: Venusaur|Venusaur, M|100/100
|move|p2a: Ribombee|Sticky Web|p1a: Venusaur
|-sidestart|p1: Aesero|move: Sticky Web
|
|upkeep
|turn|12
|
|t:|1776230054
|move|p2a: Ribombee|Psychic|p1a: Venusaur
|-supereffective|p1a: Venusaur
|-damage|p1a: Venusaur|55/100
|move|p1a: Venusaur|Toxic|p2a: Ribombee
|-status|p2a: Ribombee|tox
|
|-heal|p1a: Venusaur|61/100|[from] item: Black Sludge
|-damage|p2a: Ribombee|69/100 tox|[from] psn
|-sideend|p2: megamabel|move: Tailwind
|upkeep
|turn|13
|
|t:|1776230074
|switch|p2a: Zapdos|Zapdos-Galar|100/100
|-damage|p2a: Zapdos|88/100|[from] Stealth Rock
|switch|p1a: Corviknight|Corviknight, F|51/100
|-ability|p1a: Corviknight|Pressure
|
|-heal|p1a: Corviknight|57/100|[from] item: Leftovers
|upkeep
|turn|14
|
|t:|1776230086
|move|p2a: Zapdos|Thunderous Kick|p1a: Corviknight
|-damage|p1a: Corviknight|30/100
|-unboost|p1a: Corviknight|def|1
|move|p1a: Corviknight|Roost|p1a: Corviknight
|-heal|p1a: Corviknight|80/100
|-singleturn|p1a: Corviknight|move: Roost
|
|-heal|p1a: Corviknight|86/100|[from] item: Leftovers
|upkeep
|turn|15
|
|t:|1776230099
|switch|p1a: Garchomp|Garchomp, M|100/100
|-activate|p1a: Garchomp|move: Sticky Web
|-unboost|p1a: Garchomp|spe|1
|move|p2a: Zapdos|Thunderous Kick|p1a: Garchomp
|-damage|p1a: Garchomp|63/100
|-unboost|p1a: Garchomp|def|1
|-damage|p2a: Zapdos|76/100|[from] ability: Rough Skin|[of] p1a: Garchomp
|-damage|p2a: Zapdos|59/100|[from] item: Rocky Helmet|[of] p1a: Garchomp
|
|upkeep
|turn|16
|
|t:|1776230123
|move|p2a: Zapdos|U-turn|p1a: Garchomp
|-crit|p1a: Garchomp
|-damage|p1a: Garchomp|24/100
|-damage|p2a: Zapdos|47/100|[from] ability: Rough Skin|[of] p1a: Garchomp
|-damage|p2a: Zapdos|30/100|[from] item: Rocky Helmet|[of] p1a: Garchomp
|
|t:|1776230136
|switch|p2a: Ribombee|Ribombee, F|69/100 tox|[from] U-turn
|-damage|p2a: Ribombee|45/100 tox|[from] Stealth Rock
|move|p1a: Garchomp|Dragon Tail|p2a: Ribombee
|-immune|p2a: Ribombee
|
|-damage|p2a: Ribombee|38/100 tox|[from] psn
|upkeep
|turn|17
|
|t:|1776230147
|switch|p1a: Corviknight|Corviknight, F|86/100
|-ability|p1a: Corviknight|Pressure
|move|p2a: Ribombee|Moonblast|p1a: Corviknight
|-resisted|p1a: Corviknight
|-damage|p1a: Corviknight|69/100
|
|-heal|p1a: Corviknight|75/100|[from] item: Leftovers
|-damage|p2a: Ribombee|26/100 tox|[from] psn
|upkeep
|turn|18
|
|t:|1776230160
|move|p2a: Ribombee|Stun Spore|p1a: Corviknight|[miss]
|-miss|p2a: Ribombee|p1a: Corviknight
|move|p1a: Corviknight|U-turn|p2a: Ribombee
|-resisted|p2a: Ribombee
|-damage|p2a: Ribombee|12/100 tox
|
|t:|1776230166
|switch|p1a: Cinderace|Cinderace, M|100/100|[from] U-turn
|
|-damage|p2a: Ribombee|0 fnt|[from] psn
|faint|p2a: Ribombee
|upkeep
|
|t:|1776230174
|switch|p2a: Great Tusk|Great Tusk|100/100
|-damage|p2a: Great Tusk|97/100|[from] Stealth Rock
|-enditem|p2a: Great Tusk|Booster Energy
|-activate|p2a: Great Tusk|ability: Protosynthesis|[fromitem]
|-start|p2a: Great Tusk|protosynthesisatk
|turn|19
|
|t:|1776230189
|move|p1a: Cinderace|U-turn|p2a: Great Tusk
|-start|p1a: Cinderace|typechange|Bug|[from] ability: Libero
|-resisted|p2a: Great Tusk
|-damage|p2a: Great Tusk|86/100
|
|t:|1776230195
|switch|p1a: Corviknight|Corviknight, F|75/100|[from] U-turn
|-ability|p1a: Corviknight|Pressure
|move|p2a: Great Tusk|Rapid Spin|p1a: Corviknight
|-resisted|p1a: Corviknight
|-damage|p1a: Corviknight|69/100
|-boost|p2a: Great Tusk|spe|1
|-sideend|p2: megamabel|Stealth Rock|[from] move: Rapid Spin|[of] p2a: Great Tusk
|
|-heal|p1a: Corviknight|75/100|[from] item: Leftovers
|upkeep
|turn|20
|
|t:|1776230208
|-end|p2a: Great Tusk|Protosynthesis|[silent]
|switch|p2a: Moltres|Moltres|100/100
|move|p1a: Corviknight|Defog|p2a: Moltres
|-unboost|p2a: Moltres|evasion|1
|-sideend|p1: Aesero|Sticky Web|[from] move: Defog|[of] p1a: Corviknight
|
|-heal|p1a: Corviknight|81/100|[from] item: Leftovers
|upkeep
|turn|21
|
|t:|1776230227
|switch|p1a: Rotom|Rotom-Wash|87/100
|move|p2a: Moltres|Heat Wave|p1a: Rotom
|-resisted|p1a: Rotom
|-damage|p1a: Rotom|67/100
|-status|p1a: Rotom|brn
|
|-heal|p1a: Rotom|73/100 brn|[from] item: Leftovers
|-damage|p1a: Rotom|67/100 brn|[from] brn
|upkeep
|turn|22
|
|t:|1776230245
|move|p1a: Rotom|Volt Switch|p2a: Moltres
|-supereffective|p2a: Moltres
|-damage|p2a: Moltres|61/100
|
|t:|1776230254
|switch|p1a: Cinderace|Cinderace, M|100/100|[from] Volt Switch
|move|p2a: Moltres|U-turn|p1a: Cinderace
|-resisted|p1a: Cinderace
|-damage|p1a: Cinderace|90/100
|
|t:|1776230269
|switch|p2a: Great Tusk|Great Tusk|86/100|[from] U-turn
|
|upkeep
|turn|23
|
|t:|1776230282
|move|p1a: Cinderace|High Jump Kick|p2a: Great Tusk
|-start|p1a: Cinderace|typechange|Fighting|[from] ability: Libero
|-damage|p2a: Great Tusk|48/100
|move|p2a: Great Tusk|Bulk Up|p2a: Great Tusk
|-boost|p2a: Great Tusk|atk|1
|-boost|p2a: Great Tusk|def|1
|
|upkeep
|turn|24
|
|t:|1776230304
|move|p1a: Cinderace|U-turn|p2a: Great Tusk
|-resisted|p2a: Great Tusk
|-damage|p2a: Great Tusk|43/100
|
|t:|1776230307
|switch|p1a: Whimsicott|Whimsicott, M|76/100|[from] U-turn
|move|p2a: Great Tusk|Rapid Spin|p1a: Whimsicott
|-damage|p1a: Whimsicott|46/100
|-boost|p2a: Great Tusk|spe|1
|
|upkeep
|turn|25
|inactive|Aesero has 120 seconds left.
|
|t:|1776230332
|-end|p2a: Great Tusk|Protosynthesis|[silent]
|switch|p2a: Moltres|Moltres|61/100
|move|p1a: Whimsicott|Tailwind|p1a: Whimsicott
|-sidestart|p1: Aesero|move: Tailwind
|
|upkeep
|turn|26
|inactive|Aesero has 120 seconds left.
|
|t:|1776230344
|switch|p1a: Rotom|Rotom-Wash|67/100 brn
|move|p2a: Moltres|Heat Wave|p1a: Rotom
|-resisted|p1a: Rotom
|-damage|p1a: Rotom|45/100 brn
|
|-heal|p1a: Rotom|51/100 brn|[from] item: Leftovers
|-damage|p1a: Rotom|45/100 brn|[from] brn
|upkeep
|turn|27
|inactive|Aesero has 120 seconds left.
|
|t:|1776230365
|switch|p2a: Dragapult|Dragapult, F|63/100
|move|p1a: Rotom|Pain Split|p2a: Dragapult
|-sethp|p2a: Dragapult|53/100|[from] move: Pain Split|[silent]
|-sethp|p1a: Rotom|55/100 brn|[from] move: Pain Split
|
|-heal|p1a: Rotom|61/100 brn|[from] item: Leftovers
|-damage|p1a: Rotom|55/100 brn|[from] brn
|upkeep
|turn|28
|inactive|megamabel has 120 seconds left.
|
|t:|1776230390
|move|p1a: Rotom|Volt Switch|p2a: Dragapult
|-resisted|p2a: Dragapult
|-damage|p2a: Dragapult|36/100
|
|t:|1776230395
|switch|p1a: Venusaur|Venusaur, M|61/100|[from] Volt Switch
|move|p2a: Dragapult|Thunderbolt|p1a: Venusaur
|-resisted|p1a: Venusaur
|-damage|p1a: Venusaur|45/100
|-damage|p2a: Dragapult|26/100|[from] item: Life Orb
|
|-heal|p1a: Venusaur|51/100|[from] item: Black Sludge
|-sideend|p1: Aesero|move: Tailwind
|upkeep
|turn|29
|inactive|megamabel has 120 seconds left.
|
|t:|1776230413
|move|p2a: Dragapult|Draco Meteor|p1a: Venusaur|[miss]
|-miss|p2a: Dragapult|p1a: Venusaur
|move|p1a: Venusaur|Synthesis|p1a: Venusaur
|-heal|p1a: Venusaur|100/100
|
|upkeep
|turn|30
|
|t:|1776230420
|move|p2a: Dragapult|Draco Meteor|p1a: Venusaur
|-damage|p1a: Venusaur|35/100
|-unboost|p2a: Dragapult|spa|2
|-damage|p2a: Dragapult|16/100|[from] item: Life Orb
|move|p1a: Venusaur|Sludge Bomb|p2a: Dragapult
|-resisted|p2a: Dragapult
|-damage|p2a: Dragapult|0 fnt
|faint|p2a: Dragapult
|
|-heal|p1a: Venusaur|41/100|[from] item: Black Sludge
|upkeep
|
|t:|1776230432
|switch|p2a: Polteageist|Polteageist-Antique|100/100
|turn|31
|
|t:|1776230441
|move|p2a: Polteageist|Shell Smash|p2a: Polteageist
|-unboost|p2a: Polteageist|def|1
|-unboost|p2a: Polteageist|spd|1
|-boost|p2a: Polteageist|atk|2
|-boost|p2a: Polteageist|spa|2
|-boost|p2a: Polteageist|spe|2
|move|p1a: Venusaur|Giga Drain|p2a: Polteageist
|-damage|p2a: Polteageist|58/100
|-heal|p1a: Venusaur|57/100|[from] drain|[of] p2a: Polteageist
|
|-heal|p1a: Venusaur|63/100|[from] item: Black Sludge
|upkeep
|turn|32
|
|t:|1776230460
|switch|p1a: Whimsicott|Whimsicott, M|46/100
|-terastallize|p2a: Polteageist|Steel
|move|p2a: Polteageist|Shell Smash|p2a: Polteageist
|-unboost|p2a: Polteageist|def|1
|-unboost|p2a: Polteageist|spd|1
|-boost|p2a: Polteageist|atk|2
|-boost|p2a: Polteageist|spa|2
|-boost|p2a: Polteageist|spe|2
|
|upkeep
|turn|33
|
|t:|1776230474
|switch|p2a: Moltres|Moltres|61/100
|move|p1a: Whimsicott|Encore||[still]
|-fail|p1a: Whimsicott
|
|upkeep
|turn|34
|inactive|Aesero has 120 seconds left.
|
|t:|1776230489
|switch|p1a: Rotom|Rotom-Wash|55/100 brn
|move|p2a: Moltres|Heat Wave|p1a: Rotom
|-resisted|p1a: Rotom
|-damage|p1a: Rotom|35/100 brn
|
|-heal|p1a: Rotom|41/100 brn|[from] item: Leftovers
|-damage|p1a: Rotom|35/100 brn|[from] brn
|upkeep
|turn|35
|inactive|Aesero has 120 seconds left.
|
|t:|1776230502
|move|p1a: Rotom|Hydro Pump|p2a: Moltres
|-supereffective|p2a: Moltres
|-damage|p2a: Moltres|3/100
|move|p2a: Moltres|Heat Wave|p1a: Rotom
|-resisted|p1a: Rotom
|-damage|p1a: Rotom|12/100 brn
|
|-heal|p1a: Rotom|18/100 brn|[from] item: Leftovers
|-damage|p1a: Rotom|12/100 brn|[from] brn
|upkeep
|turn|36
|inactive|Aesero has 120 seconds left.
|
|t:|1776230516
|move|p1a: Rotom|Volt Switch|p2a: Moltres
|-supereffective|p2a: Moltres
|-damage|p2a: Moltres|0 fnt
|faint|p2a: Moltres
|inactive|Aesero has 120 seconds left.
|
|t:|1776230523
|switch|p1a: Whimsicott|Whimsicott, M|46/100|[from] Volt Switch
|
|upkeep
|
|t:|1776230530
|switch|p2a: Zapdos|Zapdos-Galar|30/100
|turn|37
|
|t:|1776230536
|move|p1a: Whimsicott|Moonblast|p2a: Zapdos
|-supereffective|p2a: Zapdos
|-damage|p2a: Zapdos|0 fnt
|faint|p2a: Zapdos
|
|upkeep
|
|t:|1776230539
|switch|p2a: Great Tusk|Great Tusk|43/100
|turn|38
|
|t:|1776230546
|move|p1a: Whimsicott|Moonblast|p2a: Great Tusk
|-supereffective|p2a: Great Tusk
|-damage|p2a: Great Tusk|0 fnt
|faint|p2a: Great Tusk
|-end|p2a: Great Tusk|Protosynthesis|[silent]
|
|upkeep
|
|t:|1776230548
|switch|p2a: Polteageist|Polteageist-Antique, tera:Steel|58/100
|turn|39
|
|t:|1776230557
|move|p1a: Whimsicott|Tailwind|p1a: Whimsicott
|-sidestart|p1: Aesero|move: Tailwind
|move|p2a: Polteageist|Tera Blast|p1a: Whimsicott|[anim] Tera Blast Steel
|-supereffective|p1a: Whimsicott
|-damage|p1a: Whimsicott|0 fnt
|faint|p1a: Whimsicott
|
|upkeep
|
|t:|1776230564
|switch|p1a: Cinderace|Cinderace, M|90/100
|turn|40
|
|t:|1776230570
|move|p1a: Cinderace|Pyro Ball|p2a: Polteageist
|-supereffective|p2a: Polteageist
|-damage|p2a: Polteageist|0 fnt
|faint|p2a: Polteageist
|
|win|Aesero
|raw|Aesero's rating: 1046 &rarr; <strong>1080</strong><br />(+34 for winning)
|raw|megamabel's rating: 1052 &rarr; <strong>1034</strong><br />(-18 for losing)
|l|☆megamabel
|player|p2|
