|html|<div class="broadcast-blue"><strong>[Gen 9] OU is currently suspecting Tera Blast! For information on how to participate check out the <a href="https://www.smogon.com/tools/suspects/view/200">suspect thread</a>.</strong></div>
|j|☆novisage
|j|☆FeeeshVGCtest
|t:|1776100672
|gametype|singles
|player|p1|novisage|265|1251
|player|p2|FeeeshVGCtest|fisherman-gen4|1290
|gen|9
|tier|[Gen 9] OU
|rated|
|rule|HP Percentage Mod: HP is shown in percentages
|rule|Endless Battle Clause: Forcing endless battles is banned
|rule|Species Clause: Limit one of each Pokémon
|rule|OHKO Clause: OHKO moves are banned
|rule|Evasion Items Clause: Evasion items are banned
|rule|Evasion Moves Clause: Evasion moves are banned
|rule|Evasion Abilities Clause: Evasion abilities are banned
|rule|Sleep Moves Clause: Sleep-inducing moves are banned
|clearpoke
|poke|p1|Porygon2|
|poke|p1|Farigiraf, M|
|poke|p1|Cyclizar, F|
|poke|p1|Gallade, M|
|poke|p1|Chandelure, F|
|poke|p1|Trevenant, M|
|poke|p2|Hoopa-Unbound|
|poke|p2|Zamazenta-*|
|poke|p2|Iron Moth|
|poke|p2|Kyurem|
|poke|p2|Dragonite, F|
|poke|p2|Great Tusk|
|teampreview
|inactive|Battle timer is ON: inactive players will automatically lose when time's up. (requested by FeeeshVGCtest)
|inactive|novisage also wants the timer to be on.
|
|t:|1776100702
|teamsize|p1|6
|teamsize|p2|6
|start
|switch|p1a: Quack|Porygon2, shiny|100/100
|switch|p2a: Iron Moth|Iron Moth|100/100
|-ability|p1a: Quack|Download|boost
|-boost|p1a: Quack|atk|1
|-enditem|p2a: Iron Moth|Booster Energy
|-activate|p2a: Iron Moth|ability: Quark Drive|[fromitem]
|-start|p2a: Iron Moth|quarkdrivespe
|turn|1
|
|t:|1776100726
|-terastallize|p1a: Quack|Ground
|move|p2a: Iron Moth|Fiery Dance|p1a: Quack
|-damage|p1a: Quack|74/100
|-boost|p2a: Iron Moth|spa|1
|move|p1a: Quack|Tera Blast|p2a: Iron Moth|[anim] Tera Blast Ground
|-supereffective|p2a: Iron Moth
|-damage|p2a: Iron Moth|0 fnt
|faint|p2a: Iron Moth
|-end|p2a: Iron Moth|Quark Drive|[silent]
|
|upkeep
|
|t:|1776100746
|switch|p2a: Kyurem|Kyurem|100/100
|-ability|p2a: Kyurem|Pressure
|turn|2
|inactive|novisage has 120 seconds left.
|
|t:|1776100787
|switch|p1a: Glass Cannon|Chandelure, F, shiny|100/100
|move|p2a: Kyurem|Ice Beam|p1a: Glass Cannon
|-resisted|p1a: Glass Cannon
|-damage|p1a: Glass Cannon|73/100
|
|upkeep
|turn|3
|
|t:|1776100795
|move|p2a: Kyurem|Earth Power|p1a: Glass Cannon
|-supereffective|p1a: Glass Cannon
|-damage|p1a: Glass Cannon|0 fnt
|faint|p1a: Glass Cannon
|
|upkeep
|
|t:|1776100800
|switch|p1a: Straight Razor|Gallade, M, shiny|100/100
|turn|4
|
|t:|1776100807
|move|p2a: Kyurem|Earth Power|p1a: Straight Razor
|-damage|p1a: Straight Razor|73/100
|move|p1a: Straight Razor|Trick Room|p1a: Straight Razor
|-fieldstart|move: Trick Room|[of] p1a: Straight Razor
|
|upkeep
|turn|5
|
|t:|1776100814
|switch|p2a: Great Tusk|Great Tusk|100/100
|-enditem|p2a: Great Tusk|Booster Energy
|-activate|p2a: Great Tusk|ability: Protosynthesis|[fromitem]
|-start|p2a: Great Tusk|protosynthesisatk
|move|p1a: Straight Razor|Sacred Sword|p2a: Great Tusk
|-damage|p2a: Great Tusk|46/100
|
|upkeep
|turn|6
|
|t:|1776100818
|move|p1a: Straight Razor|Psycho Cut|p2a: Great Tusk
|-supereffective|p2a: Great Tusk
|-damage|p2a: Great Tusk|0 fnt
|faint|p2a: Great Tusk
|-end|p2a: Great Tusk|Protosynthesis|[silent]
|
|upkeep
|
|t:|1776100822
|switch|p2a: Hoopa|Hoopa-Unbound|100/100
|turn|7
|
|t:|1776100831
|move|p1a: Straight Razor|Sacred Sword|p2a: Hoopa
|-damage|p2a: Hoopa|0 fnt
|faint|p2a: Hoopa
|
|upkeep
|
|t:|1776100834
|switch|p2a: Zamazenta|Zamazenta|100/100
|-ability|p2a: Zamazenta|Dauntless Shield|boost
|-boost|p2a: Zamazenta|def|1
|turn|8
|
|t:|1776100863
|move|p1a: Straight Razor|Psycho Cut|p2a: Zamazenta
|-supereffective|p2a: Zamazenta
|-damage|p2a: Zamazenta|39/100
|move|p2a: Zamazenta|Heavy Slam|p1a: Straight Razor
|-damage|p1a: Straight Razor|33/100
|
|-heal|p2a: Zamazenta|45/100|[from] item: Leftovers
|-fieldend|move: Trick Room
|upkeep
|turn|9
|
|t:|1776100882
|move|p2a: Zamazenta|Heavy Slam|p1a: Straight Razor
|-damage|p1a: Straight Razor|0 fnt
|faint|p1a: Straight Razor
|
|-heal|p2a: Zamazenta|51/100|[from] item: Leftovers
|upkeep
|inactive|novisage has 120 seconds left.
|
|t:|1776100895
|switch|p1a: Scarecrow|Trevenant, M|100/100
|turn|10
|
|t:|1776100898
|move|p2a: Zamazenta|Crunch|p1a: Scarecrow
|-supereffective|p1a: Scarecrow
|-damage|p1a: Scarecrow|53/100
|move|p1a: Scarecrow|Trick Room|p1a: Scarecrow
|-fieldstart|move: Trick Room|[of] p1a: Scarecrow
|
|-heal|p2a: Zamazenta|58/100|[from] item: Leftovers
|upkeep
|turn|11
|
|t:|1776100902
|move|p1a: Scarecrow|Seed Bomb|p2a: Zamazenta
|-damage|p2a: Zamazenta|36/100
|move|p2a: Zamazenta|Crunch|p1a: Scarecrow
|-supereffective|p1a: Scarecrow
|-damage|p1a: Scarecrow|8/100
|
|-heal|p2a: Zamazenta|43/100|[from] item: Leftovers
|upkeep
|turn|12
|
|t:|1776100908
|move|p1a: Scarecrow|Seed Bomb|p2a: Zamazenta
|-damage|p2a: Zamazenta|20/100
|move|p2a: Zamazenta|Crunch|p1a: Scarecrow
|-supereffective|p1a: Scarecrow
|-damage|p1a: Scarecrow|0 fnt
|faint|p1a: Scarecrow
|
|-heal|p2a: Zamazenta|26/100|[from] item: Leftovers
|upkeep
|
|t:|1776100912
|switch|p1a: Quack|Porygon2, shiny, tera:Ground|74/100
|-ability|p1a: Quack|Download|boost
|-boost|p1a: Quack|spa|1
|turn|13
|
|t:|1776100917
|move|p1a: Quack|Ice Beam|p2a: Zamazenta
|-damage|p2a: Zamazenta|0 fnt
|faint|p2a: Zamazenta
|
|upkeep
|
|t:|1776100920
|switch|p2a: Kyurem|Kyurem|100/100
|-ability|p2a: Kyurem|Pressure
|turn|14
|
|t:|1776100925
|move|p1a: Quack|Tera Blast|p2a: Kyurem|[anim] Tera Blast Ground
|-damage|p2a: Kyurem|64/100
|move|p2a: Kyurem|Ice Beam|p1a: Quack
|-supereffective|p1a: Quack
|-damage|p1a: Quack|11/100
|-status|p1a: Quack|frz
|
|-fieldend|move: Trick Room
|upkeep
|turn|15
|
|t:|1776100935
|move|p2a: Kyurem|Ice Beam|p1a: Quack
|-supereffective|p1a: Quack
|-damage|p1a: Quack|0 fnt
|faint|p1a: Quack
|
|upkeep
|
|t:|1776100942
|switch|p1a: Cyclizar|Cyclizar, F|100/100
|turn|16
|
|t:|1776100945
|move|p2a: Kyurem|Ice Beam|p1a: Cyclizar
|-supereffective|p1a: Cyclizar
|-damage|p1a: Cyclizar|12/100
|move|p1a: Cyclizar|Outrage|p2a: Kyurem
|-supereffective|p2a: Kyurem
|-damage|p2a: Kyurem|0 fnt
|faint|p2a: Kyurem
|
|upkeep
|
|t:|1776100948
|switch|p2a: Dragonite|Dragonite, F|100/100
|turn|17
|
|t:|1776100951
|-terastallize|p2a: Dragonite|Flying
|move|p1a: Cyclizar|Outrage|p2a: Dragonite|[from] lockedmove
|-damage|p2a: Dragonite|79/100
|move|p2a: Dragonite|Dragon Dance|p2a: Dragonite
|-boost|p2a: Dragonite|atk|1
|-boost|p2a: Dragonite|spe|1
|
|upkeep
|turn|18
|
|t:|1776100958
|move|p2a: Dragonite|Dragon Dance|p2a: Dragonite
|-boost|p2a: Dragonite|atk|1
|-boost|p2a: Dragonite|spe|1
|move|p1a: Cyclizar|Outrage|p2a: Dragonite|[from] lockedmove
|-damage|p2a: Dragonite|38/100
|-start|p1a: Cyclizar|confusion|[fatigue]
|
|upkeep
|turn|19
|
|t:|1776100967
|move|p2a: Dragonite|Tera Blast|p1a: Cyclizar|[anim] Tera Blast Flying
|-damage|p1a: Cyclizar|0 fnt
|faint|p1a: Cyclizar
|
|upkeep
|
|t:|1776100969
|switch|p1a: Scream|Farigiraf, M|100/100
|turn|20
|
|t:|1776100971
|move|p2a: Dragonite|Tera Blast|p1a: Scream|[anim] Tera Blast Flying
|-damage|p1a: Scream|0 fnt
|faint|p1a: Scream
|
|win|FeeeshVGCtest
|raw|novisage's rating: 1251 &rarr; <strong>1229</strong><br />(-22 for losing)
|raw|FeeeshVGCtest's rating: 1290 &rarr; <strong>1312</strong><br />(+22 for winning)
|l|☆novisage
|player|p1|
|l|☆FeeeshVGCtest
|player|p2|
