|html|<div class="broadcast-blue"><strong>[Gen 9] OU is currently suspecting Tera Blast! For information on how to participate check out the <a href="https://www.smogon.com/tools/suspects/view/200">suspect thread</a>.</strong></div>
|j|☆baller salsa
|j|☆lynebron123
|t:|1776059859
|gametype|singles
|player|p1|baller salsa|veteran|1239
|player|p2|lynebron123|169|1274
|gen|9
|tier|[Gen 9] OU
|rated|
|rule|HP Percentage Mod: HP is shown in percentages
|rule|Endless Battle Clause: Forcing endless battles is banned
|rule|Species Clause: Limit one of each Pokémon
|rule|OHKO Clause: OHKO moves are banned
|rule|Evasion Items Clause: Evasion items are banned
|rule|Evasion Moves Clause: Evasion moves are banned
|rule|Evasion Abilities Clause: Evasion abilities are banned
|rule|Sleep Moves Clause: Sleep-inducing moves are banned
|clearpoke
|poke|p1|Glimmora, F|
|poke|p1|Ogerpon-Wellspring, F|
|poke|p1|Kingambit, M|
|poke|p1|Raging Bolt|
|poke|p1|Ceruledge, M|
|poke|p1|Iron Valiant|
|poke|p2|Zamazenta-*|
|poke|p2|Grimmsnarl, M|
|poke|p2|Gliscor, M|
|poke|p2|Corviknight, M|
|poke|p2|Volcanion|
|poke|p2|Iron Crown|
|teampreview
|inactive|Battle timer is ON: inactive players will automatically lose when time's up. (requested by lynebron123)
|j| ohko_smeargle
|
|t:|1776059873
|teamsize|p1|6
|teamsize|p2|6
|start
|switch|p1a: ayman|Ceruledge, M|100/100
|switch|p2a: Grimmsnarl|Grimmsnarl, M|100/100
|turn|1
|
|t:|1776059891
|move|p2a: Grimmsnarl|Reflect|p2a: Grimmsnarl
|-sidestart|p2: lynebron123|Reflect
|move|p1a: ayman|Swords Dance|p1a: ayman
|-boost|p1a: ayman|atk|2
|
|upkeep
|turn|2
|
|t:|1776059901
|move|p2a: Grimmsnarl|Thunder Wave|p1a: ayman|[miss]
|-miss|p2a: Grimmsnarl|p1a: ayman
|move|p1a: ayman|Bitter Blade|p2a: Grimmsnarl
|-damage|p2a: Grimmsnarl|53/100
|
|upkeep
|turn|3
|
|t:|1776059910
|move|p2a: Grimmsnarl|Parting Shot|p1a: ayman
|-unboost|p1a: ayman|atk|1
|-unboost|p1a: ayman|spa|1
|
|t:|1776059913
|switch|p2a: Volcanion|Volcanion|100/100|[from] Parting Shot
|move|p1a: ayman|Swords Dance|p1a: ayman
|-boost|p1a: ayman|atk|2
|
|upkeep
|turn|4
|
|t:|1776059922
|move|p1a: ayman|Poltergeist|p2a: Volcanion
|-activate|p2a: Volcanion|move: Poltergeist|Assault Vest
|-damage|p2a: Volcanion|39/100
|move|p2a: Volcanion|Steam Eruption|p1a: ayman
|-supereffective|p1a: ayman
|-enditem|p1a: ayman|Focus Sash
|-damage|p1a: ayman|1/100
|
|upkeep
|turn|5
|
|t:|1776059934
|move|p1a: ayman|Poltergeist|p2a: Volcanion
|-activate|p2a: Volcanion|move: Poltergeist|Assault Vest
|-damage|p2a: Volcanion|0 fnt
|faint|p2a: Volcanion
|
|upkeep
|
|t:|1776059940
|switch|p2a: Grimmsnarl|Grimmsnarl, M|53/100
|turn|6
|
|t:|1776059945
|move|p2a: Grimmsnarl|Thunder Wave|p1a: ayman
|-status|p1a: ayman|par
|cant|p1a: ayman|par
|
|upkeep
|turn|7
|
|t:|1776059953
|move|p2a: Grimmsnarl|Parting Shot|p1a: ayman
|-unboost|p1a: ayman|atk|1
|-unboost|p1a: ayman|spa|1
|
|t:|1776059958
|switch|p2a: Gliscor|Gliscor, M, shiny|100/100|[from] Parting Shot
|move|p1a: ayman|Shadow Sneak|p2a: Gliscor
|-damage|p2a: Gliscor|83/100
|
|-status|p2a: Gliscor|tox|[from] item: Toxic Orb
|upkeep
|turn|8
|
|t:|1776059969
|move|p2a: Gliscor|Tailwind|p2a: Gliscor
|-sidestart|p2: lynebron123|move: Tailwind
|move|p1a: ayman|Bitter Blade|p2a: Gliscor
|-damage|p2a: Gliscor|46/100 tox
|-heal|p1a: ayman|20/100 par|[from] drain|[of] p2a: Gliscor
|
|-heal|p2a: Gliscor|58/100 tox|[from] ability: Poison Heal
|-sideend|p2: lynebron123|Reflect
|upkeep
|turn|9
|inactive|baller salsa has 120 seconds left.
|inactive|baller salsa has 90 seconds left.
|
|t:|1776060040
|move|p1a: ayman|Shadow Sneak|p2a: Gliscor
|-damage|p2a: Gliscor|21/100 tox
|move|p2a: Gliscor|Earthquake|p1a: ayman
|-supereffective|p1a: ayman
|-damage|p1a: ayman|0 fnt
|faint|p1a: ayman
|
|-heal|p2a: Gliscor|33/100 tox|[from] ability: Poison Heal
|upkeep
|
|t:|1776060053
|switch|p1a: starting|Glimmora, F|100/100
|turn|10
|
|t:|1776060058
|move|p2a: Gliscor|Earthquake|p1a: starting
|-supereffective|p1a: starting
|-enditem|p1a: starting|Focus Sash
|-damage|p1a: starting|1/100
|-activate|p1a: starting|ability: Toxic Debris
|-sidestart|p2: lynebron123|move: Toxic Spikes
|move|p1a: starting|Stealth Rock|p2a: Gliscor
|-sidestart|p2: lynebron123|move: Stealth Rock
|
|-heal|p2a: Gliscor|46/100 tox|[from] ability: Poison Heal
|upkeep
|turn|11
|
|t:|1776060071
|move|p2a: Gliscor|Earthquake|p1a: starting
|-supereffective|p1a: starting
|-damage|p1a: starting|0 fnt
|-activate|p1a: starting|ability: Toxic Debris
|-sidestart|p2: lynebron123|move: Toxic Spikes
|faint|p1a: starting
|
|-heal|p2a: Gliscor|58/100 tox|[from] ability: Poison Heal
|-sideend|p2: lynebron123|move: Tailwind
|upkeep
|
|t:|1776060074
|switch|p1a: Schrödinger|Iron Valiant|100/100
|turn|12
|
|t:|1776060087
|move|p1a: Schrödinger|Moonblast|p2a: Gliscor
|-damage|p2a: Gliscor|8/100 tox
|move|p2a: Gliscor|Toxic|p1a: Schrödinger
|-status|p1a: Schrödinger|tox
|
|-damage|p1a: Schrödinger|94/100 tox|[from] psn
|-heal|p2a: Gliscor|20/100 tox|[from] ability: Poison Heal
|upkeep
|turn|13
|
|t:|1776060099
|move|p2a: Gliscor|Protect|p2a: Gliscor
|-singleturn|p2a: Gliscor|Protect
|move|p1a: Schrödinger|Moonblast|p2a: Gliscor
|-activate|p2a: Gliscor|move: Protect
|
|-damage|p1a: Schrödinger|82/100 tox|[from] psn
|-heal|p2a: Gliscor|32/100 tox|[from] ability: Poison Heal
|upkeep
|turn|14
|
|t:|1776060111
|switch|p2a: Corviknight|Corviknight, M|100/100
|-damage|p2a: Corviknight|88/100|[from] Stealth Rock
|move|p1a: Schrödinger|Moonblast|p2a: Corviknight
|-resisted|p2a: Corviknight
|-damage|p2a: Corviknight|64/100
|
|-heal|p2a: Corviknight|70/100|[from] item: Leftovers
|-damage|p1a: Schrödinger|63/100 tox|[from] psn
|upkeep
|turn|15
|
|t:|1776060123
|-end|p1a: Schrödinger|Quark Drive|[silent]
|switch|p1a: Raging Bolt|Raging Bolt|100/100
|move|p2a: Corviknight|Defog|p1a: Raging Bolt
|-unboost|p1a: Raging Bolt|evasion|1
|-sideend|p2: lynebron123|Toxic Spikes|[from] move: Defog|[of] p2a: Corviknight
|-sideend|p2: lynebron123|Stealth Rock|[from] move: Defog|[of] p2a: Corviknight
|
|-heal|p2a: Corviknight|76/100|[from] item: Leftovers
|upkeep
|turn|16
|
|t:|1776060135
|switch|p2a: Gliscor|Gliscor, M, shiny|32/100 tox
|move|p1a: Raging Bolt|Draco Meteor|p2a: Gliscor
|-damage|p2a: Gliscor|0 fnt
|-unboost|p1a: Raging Bolt|spa|2
|faint|p2a: Gliscor
|
|upkeep
|
|t:|1776060144
|switch|p2a: Grimmsnarl|Grimmsnarl, M|53/100
|turn|17
|
|t:|1776060149
|move|p2a: Grimmsnarl|Light Screen|p2a: Grimmsnarl
|-sidestart|p2: lynebron123|move: Light Screen
|move|p1a: Raging Bolt|Volt Switch|p2a: Grimmsnarl
|-damage|p2a: Grimmsnarl|42/100
|
|t:|1776060154
|-end|p1a: Raging Bolt|Protosynthesis|[silent]
|switch|p1a: Ogerpon|Ogerpon-Wellspring, F|100/100|[from] Volt Switch
|
|upkeep
|turn|18
|
|t:|1776060161
|move|p2a: Grimmsnarl|Reflect|p2a: Grimmsnarl
|-sidestart|p2: lynebron123|Reflect
|move|p1a: Ogerpon|Swords Dance|p1a: Ogerpon
|-boost|p1a: Ogerpon|atk|2
|
|upkeep
|turn|19
|
|t:|1776060168
|move|p2a: Grimmsnarl|Thunder Wave|p1a: Ogerpon
|-status|p1a: Ogerpon|par
|move|p1a: Ogerpon|Swords Dance|p1a: Ogerpon
|-boost|p1a: Ogerpon|atk|2
|
|upkeep
|turn|20
|
|t:|1776060177
|move|p2a: Grimmsnarl|Parting Shot|p1a: Ogerpon
|-unboost|p1a: Ogerpon|atk|1
|-unboost|p1a: Ogerpon|spa|1
|
|t:|1776060182
|switch|p2a: Corviknight|Corviknight, M|76/100|[from] Parting Shot
|move|p1a: Ogerpon|Trailblaze|p2a: Corviknight
|-resisted|p2a: Corviknight
|-damage|p2a: Corviknight|70/100
|-boost|p1a: Ogerpon|spe|1
|
|-heal|p2a: Corviknight|76/100|[from] item: Leftovers
|upkeep
|turn|21
|
|t:|1776060195
|-terastallize|p1a: Ogerpon|Water
|detailschange|p1a: Ogerpon|Ogerpon-Wellspring-Tera, F, tera:Water
|-ability|p1a: Ogerpon|Embody Aspect (Wellspring)|boost
|-boost|p1a: Ogerpon|spd|1
|move|p1a: Ogerpon|Ivy Cudgel|p2a: Corviknight|[anim] Ivy Cudgel Water
|-damage|p2a: Corviknight|10/100
|move|p2a: Corviknight|Brave Bird|p1a: Ogerpon
|-damage|p1a: Ogerpon|54/100 par
|-damage|p2a: Corviknight|0 fnt|[from] Recoil
|faint|p2a: Corviknight
|
|upkeep
|
|t:|1776060208
|switch|p2a: Zamazenta|Zamazenta|100/100
|-ability|p2a: Zamazenta|Dauntless Shield|boost
|-boost|p2a: Zamazenta|def|1
|turn|22
|
|t:|1776060219
|move|p2a: Zamazenta|Brick Break|p1a: Ogerpon
|-damage|p1a: Ogerpon|9/100 par
|move|p1a: Ogerpon|Horn Leech|p2a: Zamazenta
|-damage|p2a: Zamazenta|73/100
|-heal|p1a: Ogerpon|21/100 par|[from] drain|[of] p2a: Zamazenta
|
|upkeep
|turn|23
|
|t:|1776060230
|move|p2a: Zamazenta|Brick Break|p1a: Ogerpon
|-damage|p1a: Ogerpon|0 fnt
|faint|p1a: Ogerpon
|detailschange|p1: Ogerpon|Ogerpon-Wellspring, F|[silent]
|
|upkeep
|
|t:|1776060251
|switch|p1a: Schrödinger|Iron Valiant|63/100 tox
|turn|24
|
|t:|1776060257
|-terastallize|p2a: Zamazenta|Fairy
|move|p1a: Schrödinger|Moonblast|p2a: Zamazenta
|-crit|p2a: Zamazenta
|-damage|p2a: Zamazenta|24/100
|move|p2a: Zamazenta|Play Rough|p1a: Schrödinger
|-supereffective|p1a: Schrödinger
|-damage|p1a: Schrödinger|0 fnt
|faint|p1a: Schrödinger
|-end|p1a: Schrödinger|Quark Drive|[silent]
|
|-sideend|p2: lynebron123|move: Light Screen
|upkeep
|
|t:|1776060264
|switch|p1a: Raging Bolt|Raging Bolt|100/100
|turn|25
|
|t:|1776060273
|move|p2a: Zamazenta|Play Rough|p1a: Raging Bolt|[miss]
|-miss|p2a: Zamazenta|p1a: Raging Bolt
|move|p1a: Raging Bolt|Thunderbolt|p2a: Zamazenta
|-damage|p2a: Zamazenta|0 fnt
|faint|p2a: Zamazenta
|
|-sideend|p2: lynebron123|Reflect
|upkeep
|
|t:|1776060283
|switch|p2a: Grimmsnarl|Grimmsnarl, M|42/100
|turn|26
|
|t:|1776060293
|move|p2a: Grimmsnarl|Light Screen|p2a: Grimmsnarl
|-sidestart|p2: lynebron123|move: Light Screen
|move|p1a: Raging Bolt|Thunderbolt|p2a: Grimmsnarl
|-damage|p2a: Grimmsnarl|15/100
|
|upkeep
|turn|27
|
|t:|1776060300
|move|p2a: Grimmsnarl|Reflect|p2a: Grimmsnarl
|-sidestart|p2: lynebron123|Reflect
|move|p1a: Raging Bolt|Thunderbolt|p2a: Grimmsnarl
|-damage|p2a: Grimmsnarl|0 fnt
|faint|p2a: Grimmsnarl
|
|upkeep
|
|t:|1776060306
|switch|p2a: Iron Crown|Iron Crown|100/100
|turn|28
|
|t:|1776060313
|move|p2a: Iron Crown|Calm Mind|p2a: Iron Crown
|-boost|p2a: Iron Crown|spa|1
|-boost|p2a: Iron Crown|spd|1
|move|p1a: Raging Bolt|Thunderbolt|p2a: Iron Crown
|-damage|p2a: Iron Crown|86/100
|
|-heal|p2a: Iron Crown|93/100|[from] item: Leftovers
|upkeep
|turn|29
|
|t:|1776060322
|move|p2a: Iron Crown|Iron Defense|p2a: Iron Crown
|-boost|p2a: Iron Crown|def|2
|move|p1a: Raging Bolt|Thunderbolt|p2a: Iron Crown
|-damage|p2a: Iron Crown|77/100
|
|-heal|p2a: Iron Crown|83/100|[from] item: Leftovers
|upkeep
|turn|30
|
|t:|1776060332
|-end|p1a: Raging Bolt|Protosynthesis|[silent]
|switch|p1a: gambit|Kingambit, M|100/100
|-activate|p1a: gambit|ability: Supreme Overlord
|-start|p1a: gambit|fallen4|[silent]
|move|p2a: Iron Crown|Iron Defense|p2a: Iron Crown
|-boost|p2a: Iron Crown|def|2
|
|-heal|p2a: Iron Crown|90/100|[from] item: Leftovers
|upkeep
|turn|31
|
|t:|1776060346
|move|p2a: Iron Crown|Tachyon Cutter|p1a: gambit
|-resisted|p1a: gambit
|-damage|p1a: gambit|84/100
|-resisted|p1a: gambit
|-damage|p1a: gambit|67/100
|-hitcount|p1a: gambit|2
|move|p1a: gambit|Swords Dance|p1a: gambit
|-boost|p1a: gambit|atk|2
|
|-heal|p2a: Iron Crown|96/100|[from] item: Leftovers
|-heal|p1a: gambit|73/100|[from] item: Leftovers
|upkeep
|turn|32
|
|t:|1776060359
|move|p2a: Iron Crown|Tachyon Cutter|p1a: gambit
|-resisted|p1a: gambit
|-damage|p1a: gambit|55/100
|-resisted|p1a: gambit
|-damage|p1a: gambit|37/100
|-hitcount|p1a: gambit|2
|move|p1a: gambit|Kowtow Cleave|p2a: Iron Crown
|-supereffective|p2a: Iron Crown
|-crit|p2a: Iron Crown
|-damage|p2a: Iron Crown|0 fnt
|faint|p2a: Iron Crown
|-end|p2a: Iron Crown|Quark Drive|[silent]
|
|win|baller salsa
|raw|baller salsa's rating: 1239 &rarr; <strong>1267</strong><br />(+28 for winning)
|raw|lynebron123's rating: 1274 &rarr; <strong>1246</strong><br />(-28 for losing)
|l| ohko_smeargle
|c|☆baller salsa|gg
|l|☆lynebron123
|player|p2|
