|html|<div class="broadcast-blue"><strong>[Gen 9] OU is currently suspecting Tera Blast! For information on how to participate check out the <a href="https://www.smogon.com/tools/suspects/view/200">suspect thread</a>.</strong></div>
|j|☆The Quaggie Boys
|j|☆cthulhuux
|t:|1776143280
|gametype|singles
|player|p1|The Quaggie Boys|ingo|1173
|player|p2|cthulhuux|roxie-masters|1196
|gen|9
|tier|[Gen 9] OU
|rated|
|rule|HP Percentage Mod: HP is shown in percentages
|rule|Endless Battle Clause: Forcing endless battles is banned
|rule|Species Clause: Limit one of each Pokémon
|rule|OHKO Clause: OHKO moves are banned
|rule|Evasion Items Clause: Evasion items are banned
|rule|Evasion Moves Clause: Evasion moves are banned
|rule|Evasion Abilities Clause: Evasion abilities are banned
|rule|Sleep Moves Clause: Sleep-inducing moves are banned
|clearpoke
|poke|p1|Quagsire, F|
|poke|p1|Camerupt, F|
|poke|p1|Hatterene, F|
|poke|p1|Hoopa-Unbound|
|poke|p1|Diancie|
|poke|p1|Necrozma|
|poke|p2|Rillaboom, F|
|poke|p2|Dragapult, F|
|poke|p2|Grimmsnarl, M|
|poke|p2|Cinderace, M|
|poke|p2|Lilligant-Hisui, F|
|poke|p2|Gholdengo|
|teampreview
|inactive|Battle timer is ON: inactive players will automatically lose when time's up. (requested by cthulhuux)
|inactive|The Quaggie Boys also wants the timer to be on.
|j| ohko_smeargle
|
|t:|1776143285
|teamsize|p1|6
|teamsize|p2|6
|start
|switch|p1a: Quagsire|Quagsire, F, shiny|100/100
|switch|p2a: Tengu|Grimmsnarl, M, shiny|100/100
|turn|1
|
|t:|1776143292
|move|p2a: Tengu|Reflect|p2a: Tengu
|-sidestart|p2: cthulhuux|Reflect
|move|p1a: Quagsire|Brick Break|p2a: Tengu
|-sideend|p2: cthulhuux|Reflect
|-damage|p2a: Tengu|59/100
|
|upkeep
|turn|2
|
|t:|1776143298
|move|p2a: Tengu|Parting Shot|p1a: Quagsire
|-unboost|p1a: Quagsire|atk|1
|-unboost|p1a: Quagsire|spa|1
|
|t:|1776143303
|switch|p2a: DDR Addict|Lilligant-Hisui, F, shiny|100/100|[from] Parting Shot
|move|p1a: Quagsire|Brick Break|p2a: DDR Addict
|-damage|p2a: DDR Addict|70/100
|
|upkeep
|turn|3
|
|t:|1776143310
|switch|p1a: Necrozma|Necrozma|100/100
|move|p2a: DDR Addict|Victory Dance|p2a: DDR Addict
|-boost|p2a: DDR Addict|atk|1
|-boost|p2a: DDR Addict|def|1
|-boost|p2a: DDR Addict|spe|1
|
|upkeep
|turn|4
|
|t:|1776143336
|move|p2a: DDR Addict|Leaf Blade|p1a: Necrozma
|-damage|p1a: Necrozma|27/100
|move|p1a: Necrozma|Trick Room|p1a: Necrozma
|-fieldstart|move: Trick Room|[of] p1a: Necrozma
|
|upkeep
|turn|5
|
|t:|1776143349
|switch|p2a: Tengu|Grimmsnarl, M, shiny|59/100
|move|p1a: Necrozma|Meteor Beam||[still]
|-prepare|p1a: Necrozma|Meteor Beam
|-boost|p1a: Necrozma|spa|1
|-enditem|p1a: Necrozma|Power Herb
|-anim|p1a: Necrozma|Meteor Beam|p2a: Tengu
|-damage|p2a: Tengu|10/100
|
|upkeep
|turn|6
|
|t:|1776143358
|move|p2a: Tengu|Light Screen|p2a: Tengu
|-sidestart|p2: cthulhuux|move: Light Screen
|move|p1a: Necrozma|Heat Wave|p2a: Tengu
|-damage|p2a: Tengu|0 fnt
|faint|p2a: Tengu
|
|upkeep
|
|t:|1776143369
|switch|p2a: DDR Addict|Lilligant-Hisui, F, shiny|70/100
|turn|7
|
|t:|1776143374
|switch|p2a: Ryukage|Dragapult, F|100/100
|move|p1a: Necrozma|Photon Geyser|p2a: Ryukage
|-damage|p2a: Ryukage|39/100
|
|upkeep
|turn|8
|inactive|cthulhuux has 120 seconds left.
|
|t:|1776143412
|move|p1a: Necrozma|Photon Geyser|p2a: Ryukage
|-damage|p2a: Ryukage|0 fnt
|faint|p2a: Ryukage
|
|-fieldend|move: Trick Room
|upkeep
|inactive|cthulhuux has 90 seconds left.
|inactive|cthulhuux has 60 seconds left.
|
|t:|1776143488
|switch|p2a: Kick-Back|Cinderace, M|100/100
|turn|9
|inactive|cthulhuux has 30 seconds left.
|inactive|cthulhuux has 20 seconds left.
|inactive|cthulhuux has 15 seconds left.
|
|t:|1776143518
|move|p2a: Kick-Back|Pyro Ball|p1a: Necrozma
|-damage|p1a: Necrozma|0 fnt
|faint|p1a: Necrozma
|
|upkeep
|inactive|The Quaggie Boys has 120 seconds left.
|
|t:|1776143557
|switch|p1a: Hatterene|Hatterene, F|100/100
|turn|10
|inactive|cthulhuux has 30 seconds left this turn.
|
|t:|1776143561
|move|p2a: Kick-Back|Sucker Punch||[still]
|-fail|p2a: Kick-Back
|move|p1a: Hatterene|Trick Room|p1a: Hatterene
|-fieldstart|move: Trick Room|[of] p1a: Hatterene
|
|upkeep
|turn|11
|inactive|The Quaggie Boys has 120 seconds left.
|inactive|cthulhuux has 30 seconds left.
|inactive|cthulhuux has 20 seconds left.
|inactive|cthulhuux has 15 seconds left.
|inactive|cthulhuux has 10 seconds left.
|
|t:|1776143594
|move|p1a: Hatterene|Psyshock|p2a: Kick-Back
|-crit|p2a: Kick-Back
|-damage|p2a: Kick-Back|0 fnt
|faint|p2a: Kick-Back
|-damage|p1a: Hatterene|91/100|[from] item: Life Orb
|
|upkeep
|inactive|cthulhuux has 15 seconds left this turn.
|inactive|cthulhuux has 10 seconds left.
|
|t:|1776143600
|switch|p2a: Boomku|Rillaboom, F, shiny|100/100
|-fieldstart|move: Grassy Terrain|[from] ability: Grassy Surge|[of] p2a: Boomku
|turn|12
|inactive|cthulhuux has 20 seconds left this turn.
|
|t:|1776143621
|-terastallize|p1a: Hatterene|Fire
|move|p2a: Boomku|Grassy Glide|p1a: Hatterene
|-resisted|p1a: Hatterene
|-damage|p1a: Hatterene|71/100
|move|p1a: Hatterene|Mystical Fire|p2a: Boomku
|-supereffective|p2a: Boomku
|-damage|p2a: Boomku|18/100
|-unboost|p2a: Boomku|spa|1
|-damage|p1a: Hatterene|61/100|[from] item: Life Orb
|
|-heal|p1a: Hatterene|67/100|[from] Grassy Terrain
|-heal|p2a: Boomku|24/100|[from] Grassy Terrain
|-heal|p2a: Boomku|30/100|[from] item: Leftovers
|upkeep
|turn|13
|inactive|cthulhuux has 30 seconds left this turn.
|inactive|cthulhuux has 20 seconds left.
|
|t:|1776143636
|move|p1a: Hatterene|Psyshock|p2a: Boomku
|-damage|p2a: Boomku|0 fnt
|faint|p2a: Boomku
|-damage|p1a: Hatterene|57/100|[from] item: Life Orb
|
|-heal|p1a: Hatterene|63/100|[from] Grassy Terrain
|-sideend|p2: cthulhuux|move: Light Screen
|upkeep
|inactive|cthulhuux has 25 seconds left this turn.
|inactive|cthulhuux has 20 seconds left.
|
|t:|1776143643
|switch|p2a: Cinnamon|Gholdengo|100/100
|-item|p2a: Cinnamon|Air Balloon
|turn|14
|inactive|cthulhuux has 30 seconds left this turn.
|
|t:|1776143651
|move|p1a: Hatterene|Mystical Fire|p2a: Cinnamon
|-supereffective|p2a: Cinnamon
|-damage|p2a: Cinnamon|0 fnt
|-enditem|p2a: Cinnamon|Air Balloon
|faint|p2a: Cinnamon
|-damage|p1a: Hatterene|53/100|[from] item: Life Orb
|
|-heal|p1a: Hatterene|59/100|[from] Grassy Terrain
|-fieldend|move: Trick Room
|upkeep
|inactive|cthulhuux has 30 seconds left this turn.
|
|t:|1776143653
|switch|p2a: DDR Addict|Lilligant-Hisui, F, shiny|70/100
|turn|15
|inactive|The Quaggie Boys has 120 seconds left.
|
|t:|1776143662
|-terastallize|p2a: DDR Addict|Ice
|move|p2a: DDR Addict|Close Combat|p1a: Hatterene
|-damage|p1a: Hatterene|0 fnt
|-unboost|p2a: DDR Addict|def|1
|-unboost|p2a: DDR Addict|spd|1
|faint|p1a: Hatterene
|
|-heal|p2a: DDR Addict|76/100|[from] Grassy Terrain
|upkeep
|inactive|The Quaggie Boys has 120 seconds left.
|
|t:|1776143679
|switch|p1a: Camerupt|Camerupt, F, shiny|100/100
|turn|16
|inactive|cthulhuux has 30 seconds left.
|
|t:|1776143704
|move|p2a: DDR Addict|Close Combat|p1a: Camerupt
|-damage|p1a: Camerupt|0 fnt
|-unboost|p2a: DDR Addict|def|1
|-unboost|p2a: DDR Addict|spd|1
|faint|p1a: Camerupt
|
|-heal|p2a: DDR Addict|82/100|[from] Grassy Terrain
|-fieldend|move: Grassy Terrain
|upkeep
|inactive|The Quaggie Boys has 120 seconds left.
|
|t:|1776143722
|switch|p1a: Diancie|Diancie, shiny|100/100
|turn|17
|
|t:|1776143733
|move|p2a: DDR Addict|Close Combat|p1a: Diancie
|-crit|p1a: Diancie
|-damage|p1a: Diancie|2/100
|-unboost|p2a: DDR Addict|def|1
|-unboost|p2a: DDR Addict|spd|1
|move|p1a: Diancie|Trick Room|p1a: Diancie
|-fieldstart|move: Trick Room|[of] p1a: Diancie
|
|upkeep
|turn|18
|inactive|The Quaggie Boys has 120 seconds left.
|
|t:|1776143750
|move|p1a: Diancie|Moonblast|p2a: DDR Addict
|-damage|p2a: DDR Addict|0 fnt
|faint|p2a: DDR Addict
|
|win|The Quaggie Boys
|raw|The Quaggie Boys's rating: 1173 &rarr; <strong>1200</strong><br />(+27 for winning)
|raw|cthulhuux's rating: 1196 &rarr; <strong>1169</strong><br />(-27 for losing)
|l| ohko_smeargle
