|html|<div class="broadcast-blue"><strong>[Gen 9] OU is currently suspecting Tera Blast! For information on how to participate check out the <a href="https://www.smogon.com/tools/suspects/view/200">suspect thread</a>.</strong></div>
|j|☆uwoqoqooa
|j|☆FurryCracker
|t:|1776052954
|gametype|singles
|player|p1|uwoqoqooa|scientist|1068
|player|p2|FurryCracker|linebacker|1050
|gen|9
|tier|[Gen 9] OU
|rated|
|rule|HP Percentage Mod: HP is shown in percentages
|rule|Endless Battle Clause: Forcing endless battles is banned
|rule|Species Clause: Limit one of each Pokémon
|rule|OHKO Clause: OHKO moves are banned
|rule|Evasion Items Clause: Evasion items are banned
|rule|Evasion Moves Clause: Evasion moves are banned
|rule|Evasion Abilities Clause: Evasion abilities are banned
|rule|Sleep Moves Clause: Sleep-inducing moves are banned
|clearpoke
|poke|p1|Porygon-Z|
|poke|p1|Dragonite, M|
|poke|p1|Slowbro-Galar, M|
|poke|p1|Eelektross, M|
|poke|p1|Ogerpon-Wellspring, F|
|poke|p1|Dodrio, M|
|poke|p2|Electivire, M|
|poke|p2|Hitmonlee, M|
|poke|p2|Delphox, F|
|poke|p2|Tentacruel, M|
|poke|p2|Excadrill, F|
|poke|p2|Moltres-Galar|
|teampreview
|
|t:|1776052964
|teamsize|p1|6
|teamsize|p2|6
|start
|switch|p1a: That's a moray!|Eelektross, M, shiny|100/100
|switch|p2a: any|Tentacruel, M|100/100
|turn|1
|
|t:|1776052980
|switch|p2a: I|Electivire, M|100/100
|switch|p1a: Kyle Broflovski|Slowbro-Galar, M, shiny|100/100
|
|upkeep
|turn|2
|
|t:|1776052988
|move|p2a: I|Wild Charge|p1a: Kyle Broflovski
|-damage|p1a: Kyle Broflovski|53/100
|-damage|p2a: I|84/100|[from] Recoil
|move|p1a: Kyle Broflovski|Nasty Plot|p1a: Kyle Broflovski
|-boost|p1a: Kyle Broflovski|spa|2
|
|upkeep
|turn|3
|
|t:|1776052997
|move|p2a: I|Wild Charge|p1a: Kyle Broflovski
|-damage|p1a: Kyle Broflovski|4/100
|-damage|p2a: I|68/100|[from] Recoil
|move|p1a: Kyle Broflovski|Psychic|p2a: I
|-damage|p2a: I|0 fnt
|faint|p2a: I
|
|upkeep
|
|t:|1776053008
|switch|p2a: cant|Hitmonlee, M|100/100
|turn|4
|
|t:|1776053013
|move|p2a: cant|Brick Break|p1a: Kyle Broflovski
|-resisted|p1a: Kyle Broflovski
|-damage|p1a: Kyle Broflovski|0 fnt
|faint|p1a: Kyle Broflovski
|
|upkeep
|
|t:|1776053021
|switch|p1a: Fart|Dragonite, M, shiny|100/100
|turn|5
|
|t:|1776053038
|switch|p2a: battles|Moltres-Galar, shiny|100/100
|move|p1a: Fart|Ice Beam|p2a: battles
|-supereffective|p2a: battles
|-damage|p2a: battles|33/100
|-ability|p2a: battles|Berserk|boost
|-boost|p2a: battles|spa|1
|
|upkeep
|turn|6
|
|t:|1776053052
|-terastallize|p2a: battles|Dragon
|move|p2a: battles|Hurricane|p1a: Fart
|-damage|p1a: Fart|66/100
|-start|p1a: Fart|confusion
|-activate|p1a: Fart|confusion
|move|p1a: Fart|Ice Beam|p2a: battles
|-supereffective|p2a: battles
|-damage|p2a: battles|0 fnt
|faint|p2a: battles
|
|upkeep
|
|t:|1776053062
|switch|p2a: dang|Excadrill, F|100/100
|-ability|p2a: dang|Mold Breaker
|turn|7
|
|t:|1776053068
|move|p2a: dang|Rock Slide|p1a: Fart
|-supereffective|p1a: Fart
|-damage|p1a: Fart|5/100
|cant|p1a: Fart|flinch
|
|upkeep
|turn|8
|
|t:|1776053079
|move|p2a: dang|Rock Slide|p1a: Fart
|-supereffective|p1a: Fart
|-damage|p1a: Fart|0 fnt
|faint|p1a: Fart
|
|upkeep
|
|t:|1776053091
|switch|p1a: NerdMon|Ogerpon-Wellspring, F|100/100
|turn|9
|
|t:|1776053101
|move|p1a: NerdMon|Ivy Cudgel|p2a: dang|[anim] Ivy Cudgel Water
|-supereffective|p2a: dang
|-crit|p2a: dang
|-enditem|p2a: dang|Focus Sash
|-damage|p2a: dang|1/100
|move|p2a: dang|Iron Defense|p2a: dang
|-boost|p2a: dang|def|2
|
|upkeep
|turn|10
|
|t:|1776053113
|switch|p2a: win|Delphox, F|100/100
|move|p1a: NerdMon|Horn Leech|p2a: win
|-resisted|p2a: win
|-damage|p2a: win|68/100
|
|upkeep
|turn|11
|
|t:|1776053127
|switch|p2a: any|Tentacruel, M|100/100
|move|p1a: NerdMon|Ivy Cudgel|p2a: any|[anim] Ivy Cudgel Water
|-resisted|p2a: any
|-damage|p2a: any|47/100
|
|upkeep
|turn|12
|
|t:|1776053135
|move|p1a: NerdMon|Power Whip|p2a: any
|-damage|p2a: any|0 fnt
|faint|p2a: any
|
|upkeep
|
|t:|1776053141
|switch|p2a: cant|Hitmonlee, M|100/100
|turn|13
|
|t:|1776053146
|move|p1a: NerdMon|Ivy Cudgel|p2a: cant|[anim] Ivy Cudgel Water
|-damage|p2a: cant|0 fnt
|faint|p2a: cant
|
|upkeep
|-message|FurryCracker forfeited.
|
|win|uwoqoqooa
|raw|uwoqoqooa's rating: 1068 &rarr; <strong>1096</strong><br />(+28 for winning)
|raw|FurryCracker's rating: 1050 &rarr; <strong>1033</strong><br />(-17 for losing)
|l|☆FurryCracker
|player|p2|
|l|☆uwoqoqooa
|player|p1|
