|html|<div class="broadcast-blue"><strong>[Gen 9] OU is currently suspecting Tera Blast! For information on how to participate check out the <a href="https://www.smogon.com/tools/suspects/view/200">suspect thread</a>.</strong></div>
|j|☆mastersannin
|j|☆browoo42
|t:|1776042432
|gametype|singles
|player|p1|mastersannin|2|1611
|player|p2|browoo42|265|1630
|gen|9
|tier|[Gen 9] OU
|rated|
|rule|HP Percentage Mod: HP is shown in percentages
|rule|Endless Battle Clause: Forcing endless battles is banned
|rule|Species Clause: Limit one of each Pokémon
|rule|OHKO Clause: OHKO moves are banned
|rule|Evasion Items Clause: Evasion items are banned
|rule|Evasion Moves Clause: Evasion moves are banned
|rule|Evasion Abilities Clause: Evasion abilities are banned
|rule|Sleep Moves Clause: Sleep-inducing moves are banned
|clearpoke
|poke|p1|Samurott-Hisui, F|
|poke|p1|Zapdos|
|poke|p1|Iron Treads|
|poke|p1|Ceruledge, M|
|poke|p1|Gholdengo|
|poke|p1|Kingambit, M|
|poke|p2|Jirachi|
|poke|p2|Dragonite, M|
|poke|p2|Crawdaunt, M|
|poke|p2|Mew|
|poke|p2|Corviknight, F|
|poke|p2|Dragapult, F|
|teampreview
|inactive|Battle timer is ON: inactive players will automatically lose when time's up. (requested by browoo42)
|
|t:|1776042487
|teamsize|p1|6
|teamsize|p2|6
|start
|switch|p1a: Samurott|Samurott-Hisui, F|100/100
|switch|p2a: Dragapult|Dragapult, F|100/100
|turn|1
|
|t:|1776042494
|move|p2a: Dragapult|U-turn|p1a: Samurott
|-supereffective|p1a: Samurott
|-damage|p1a: Samurott|67/100
|
|t:|1776042496
|switch|p2a: Corviknight|Corviknight, F|100/100|[from] U-turn
|move|p1a: Samurott|Ceaseless Edge|p2a: Corviknight
|-crit|p2a: Corviknight
|-damage|p2a: Corviknight|62/100
|-damage|p1a: Samurott|50/100|[from] item: Rocky Helmet|[of] p2a: Corviknight
|-sidestart|p2: browoo42|Spikes
|
|upkeep
|turn|2
|
|t:|1776042505
|move|p1a: Samurott|Knock Off|p2a: Corviknight
|-damage|p2a: Corviknight|35/100
|-damage|p1a: Samurott|34/100|[from] item: Rocky Helmet|[of] p2a: Corviknight
|-enditem|p2a: Corviknight|Rocky Helmet|[from] move: Knock Off|[of] p1a: Samurott
|move|p2a: Corviknight|U-turn|p1a: Samurott
|-supereffective|p1a: Samurott
|-damage|p1a: Samurott|4/100
|
|t:|1776042514
|switch|p2a: Dragonite|Dragonite, M|100/100|[from] U-turn
|
|upkeep
|turn|3
|
|t:|1776042520
|switch|p1a: Zapdos|Zapdos|100/100
|move|p2a: Dragonite|Extreme Speed|p1a: Zapdos
|-damage|p1a: Zapdos|65/100
|-status|p2a: Dragonite|par|[from] ability: Static|[of] p1a: Zapdos
|
|upkeep
|turn|4
|c|☆browoo42|Keep that crit in mind
|
|t:|1776042545
|cant|p2a: Dragonite|par
|move|p1a: Zapdos|Volt Switch|p2a: Dragonite
|-damage|p2a: Dragonite|85/100 par
|
|t:|1776042552
|switch|p1a: Ceruledge|Ceruledge, M|100/100|[from] Volt Switch
|
|upkeep
|turn|5
|
|t:|1776042564
|switch|p2a: Mew|Mew|100/100
|-damage|p2a: Mew|88/100|[from] Spikes
|move|p1a: Ceruledge|Swords Dance|p1a: Ceruledge
|-boost|p1a: Ceruledge|atk|2
|
|upkeep
|turn|6
|
|t:|1776042572
|-terastallize|p2a: Mew|Ground
|move|p2a: Mew|Earth Power|p1a: Ceruledge
|-supereffective|p1a: Ceruledge
|-enditem|p1a: Ceruledge|Focus Sash
|-damage|p1a: Ceruledge|1/100
|-damage|p2a: Mew|78/100|[from] item: Life Orb
|move|p1a: Ceruledge|Bitter Blade|p2a: Mew
|-damage|p2a: Mew|0 fnt
|-heal|p1a: Ceruledge|39/100|[from] drain|[of] p2a: Mew
|faint|p2a: Mew
|
|upkeep
|
|t:|1776042586
|switch|p2a: Crawdaunt|Crawdaunt, M|100/100
|-damage|p2a: Crawdaunt|88/100|[from] Spikes
|turn|7
|
|t:|1776042600
|move|p1a: Ceruledge|Shadow Sneak|p2a: Crawdaunt
|-resisted|p2a: Crawdaunt
|-damage|p2a: Crawdaunt|58/100
|move|p2a: Crawdaunt|Knock Off|p1a: Ceruledge
|-supereffective|p1a: Ceruledge
|-damage|p1a: Ceruledge|0 fnt
|faint|p1a: Ceruledge
|
|upkeep
|
|t:|1776042607
|switch|p1a: Zapdos|Zapdos|65/100
|turn|8
|
|t:|1776042612
|switch|p2a: Dragonite|Dragonite, M|85/100 par
|move|p1a: Zapdos|Volt Switch|p2a: Dragonite
|-damage|p2a: Dragonite|52/100 par
|
|t:|1776042619
|switch|p1a: Iron Treads|Iron Treads|100/100|[from] Volt Switch
|
|upkeep
|turn|9
|
|t:|1776042625
|switch|p2a: Corviknight|Corviknight, F|35/100
|move|p1a: Iron Treads|Knock Off|p2a: Corviknight
|-damage|p2a: Corviknight|23/100
|
|upkeep
|turn|10
|
|t:|1776042631
|move|p1a: Iron Treads|Stealth Rock|p2a: Corviknight
|-sidestart|p2: browoo42|move: Stealth Rock
|move|p2a: Corviknight|Defog|p1a: Iron Treads
|-unboost|p1a: Iron Treads|evasion|1
|-sideend|p2: browoo42|Spikes|[from] move: Defog|[of] p2a: Corviknight
|-sideend|p2: browoo42|Stealth Rock|[from] move: Defog|[of] p2a: Corviknight
|
|upkeep
|turn|11
|
|t:|1776042637
|move|p1a: Iron Treads|Stealth Rock|p2a: Corviknight
|-sidestart|p2: browoo42|move: Stealth Rock
|move|p2a: Corviknight|Roost|p2a: Corviknight
|-heal|p2a: Corviknight|73/100
|-singleturn|p2a: Corviknight|move: Roost
|
|upkeep
|turn|12
|
|t:|1776042644
|-end|p1a: Iron Treads|Quark Drive|[silent]
|switch|p1a: Gholdengo|Gholdengo|100/100
|-item|p1a: Gholdengo|Air Balloon
|move|p2a: Corviknight|U-turn|p1a: Gholdengo
|-resisted|p1a: Gholdengo
|-crit|p1a: Gholdengo
|-damage|p1a: Gholdengo|97/100
|-enditem|p1a: Gholdengo|Air Balloon
|
|t:|1776042669
|switch|p2a: Dragapult|Dragapult, F|100/100|[from] U-turn
|-damage|p2a: Dragapult|88/100|[from] Stealth Rock
|
|upkeep
|turn|13
|
|t:|1776042679
|-terastallize|p1a: Gholdengo|Fairy
|move|p2a: Dragapult|Shadow Ball|p1a: Gholdengo
|-damage|p1a: Gholdengo|62/100
|move|p1a: Gholdengo|Thunder Wave|p2a: Dragapult
|-status|p2a: Dragapult|par
|
|upkeep
|turn|14
|c|☆browoo42|Also as per usual paralysis
|
|t:|1776042691
|switch|p2a: Jirachi|Jirachi|100/100
|-damage|p2a: Jirachi|94/100|[from] Stealth Rock
|move|p1a: Gholdengo|Hex|p2a: Jirachi
|-supereffective|p2a: Jirachi
|-damage|p2a: Jirachi|34/100
|
|upkeep
|turn|15
|
|t:|1776042699
|switch|p1a: Samurott|Samurott-Hisui, F|4/100
|move|p2a: Jirachi|Iron Head|p1a: Samurott
|-resisted|p1a: Samurott
|-damage|p1a: Samurott|0 fnt
|faint|p1a: Samurott
|
|upkeep
|
|t:|1776042705
|switch|p1a: Iron Treads|Iron Treads|100/100
|turn|16
|
|t:|1776042711
|switch|p2a: Corviknight|Corviknight, F|73/100
|-damage|p2a: Corviknight|61/100|[from] Stealth Rock
|-end|p1a: Iron Treads|Quark Drive|[silent]
|switch|p1a: Zapdos|Zapdos|65/100
|
|upkeep
|turn|17
|
|t:|1776042720
|switch|p2a: Dragapult|Dragapult, F|88/100 par
|-damage|p2a: Dragapult|76/100 par|[from] Stealth Rock
|move|p1a: Zapdos|Volt Switch|p2a: Dragapult
|-resisted|p2a: Dragapult
|-damage|p2a: Dragapult|55/100 par
|
|t:|1776042726
|switch|p1a: Gholdengo|Gholdengo, tera:Fairy|62/100|[from] Volt Switch
|
|upkeep
|turn|18
|
|t:|1776042736
|move|p2a: Dragapult|Shadow Ball|p1a: Gholdengo
|-damage|p1a: Gholdengo|26/100
|move|p1a: Gholdengo|Hex|p2a: Dragapult
|-supereffective|p2a: Dragapult
|-damage|p2a: Dragapult|0 fnt
|faint|p2a: Dragapult
|
|upkeep
|
|t:|1776042750
|switch|p2a: Crawdaunt|Crawdaunt, M|58/100
|-damage|p2a: Crawdaunt|45/100|[from] Stealth Rock
|turn|19
|
|t:|1776042756
|move|p2a: Crawdaunt|Aqua Jet|p1a: Gholdengo
|-damage|p1a: Gholdengo|5/100
|move|p1a: Gholdengo|Focus Blast|p2a: Crawdaunt
|-supereffective|p2a: Crawdaunt
|-damage|p2a: Crawdaunt|0 fnt
|faint|p2a: Crawdaunt
|
|upkeep
|c|☆browoo42|LMAOOOOOO
|c|☆browoo42|Focus miss hitting
|c|☆browoo42|Yeah you lucky for sure
|c|☆browoo42|Gg man
|c|☆browoo42|Keep up the kick
|c|☆browoo42|*luck
|-message|browoo42 forfeited.
|
|win|mastersannin
|raw|mastersannin's rating: 1611 &rarr; <strong>1632</strong><br />(+21 for winning)
|raw|browoo42's rating: 1630 &rarr; <strong>1609</strong><br />(-21 for losing)
|l|☆browoo42
|player|p2|
|l|☆mastersannin
|player|p1|
