|html|<div class="broadcast-blue"><strong>[Gen 9] OU is currently suspecting Volcarona! For information on how to participate check out the <a href="https://www.smogon.com/tools/suspects/view/208">suspect thread</a>.</strong></div>
|j|☆fmikep
|j|☆yukideee
|t:|1778498427
|gametype|singles
|player|p1|fmikep|265|1342
|player|p2|yukideee|cynthia-masters4|1338
|gen|9
|tier|[Gen 9] OU
|rated|
|rule|HP Percentage Mod: HP is shown in percentages
|rule|Endless Battle Clause: Forcing endless battles is banned
|rule|Species Clause: Limit one of each Pokémon
|rule|OHKO Clause: OHKO moves are banned
|rule|Evasion Items Clause: Evasion items are banned
|rule|Evasion Moves Clause: Evasion moves are banned
|rule|Evasion Abilities Clause: Evasion abilities are banned
|rule|Sleep Moves Clause: Sleep-inducing moves are banned
|clearpoke
|poke|p1|Walking Wake|
|poke|p1|Zapdos|
|poke|p1|Ceruledge, M|
|poke|p1|Great Tusk|
|poke|p1|Slowking-Galar, F|
|poke|p1|Ogerpon-Wellspring, F|
|poke|p2|Mimikyu, M|
|poke|p2|Crawdaunt, M|
|poke|p2|Magnezone|
|poke|p2|Ogerpon, F|
|poke|p2|Glimmora, M|
|poke|p2|Enamorus, F|
|teampreview
|inactive|Battle timer is ON: inactive players will automatically lose when time's up. (requested by yukideee)
|
|t:|1778498453
|teamsize|p1|6
|teamsize|p2|6
|start
|switch|p1a: Zapdos|Zapdos|100/100
|switch|p2a: Glimmora|Glimmora, M|100/100
|turn|1
|
|t:|1778498466
|move|p1a: Zapdos|Discharge|p2a: Glimmora
|-damage|p2a: Glimmora|51/100
|move|p2a: Glimmora|Power Gem|p1a: Zapdos
|-supereffective|p1a: Zapdos
|-damage|p1a: Zapdos|8/100
|
|upkeep
|turn|2
|
|t:|1778498474
|switch|p1a: Slowking|Slowking-Galar, F|100/100
|move|p2a: Glimmora|Stealth Rock|p1a: Slowking
|-sidestart|p1: fmikep|move: Stealth Rock
|
|upkeep
|turn|3
|
|t:|1778498483
|move|p2a: Glimmora|Earth Power|p1a: Slowking
|-supereffective|p1a: Slowking
|-damage|p1a: Slowking|52/100
|move|p1a: Slowking|Psychic|p2a: Glimmora
|-supereffective|p2a: Glimmora
|-damage|p2a: Glimmora|0 fnt
|faint|p2a: Glimmora
|
|-heal|p1a: Slowking|58/100|[from] item: Leftovers
|upkeep
|
|t:|1778498499
|switch|p2a: Crawdaunt|Crawdaunt, M|100/100
|turn|4
|
|t:|1778498521
|switch|p1a: Zapdos|Zapdos|8/100
|move|p2a: Crawdaunt|Knock Off|p1a: Zapdos
|-damage|p1a: Zapdos|0 fnt
|-enditem|p1a: Zapdos|Heavy-Duty Boots|[from] move: Knock Off|[of] p2a: Crawdaunt
|faint|p1a: Zapdos
|
|upkeep
|inactive|fmikep has 120 seconds left.
|
|t:|1778498545
|switch|p1a: Ogerpon|Ogerpon-Wellspring, F|100/100
|-damage|p1a: Ogerpon|88/100|[from] Stealth Rock
|turn|5
|inactive|fmikep has 120 seconds left.
|inactive|yukideee has 120 seconds left.
|
|t:|1778498577
|move|p1a: Ogerpon|Swords Dance|p1a: Ogerpon
|-boost|p1a: Ogerpon|atk|2
|move|p2a: Crawdaunt|Knock Off|p1a: Ogerpon
|-damage|p1a: Ogerpon|0 fnt
|faint|p1a: Ogerpon
|
|upkeep
|
|t:|1778498588
|switch|p1a: Great Tusk|Great Tusk|100/100
|-damage|p1a: Great Tusk|98/100|[from] Stealth Rock
|turn|6
|
|t:|1778498593
|switch|p2a: Mimikyu|Mimikyu, M|100/100
|move|p1a: Great Tusk|Rapid Spin|p2a: Mimikyu
|-immune|p2a: Mimikyu
|
|upkeep
|turn|7
|inactive|fmikep has 120 seconds left.
|
|t:|1778498603
|move|p1a: Great Tusk|Headlong Rush|p2a: Mimikyu
|-activate|p2a: Mimikyu|ability: Disguise
|-damage|p2a: Mimikyu|100/100
|-unboost|p1a: Great Tusk|def|1
|-unboost|p1a: Great Tusk|spd|1
|detailschange|p2a: Mimikyu|Mimikyu-Busted, M
|-damage|p2a: Mimikyu|88/100|[from] pokemon: Mimikyu-Busted
|-enditem|p2a: Mimikyu|Red Card|[of] p1a: Great Tusk
|-end|p1a: Great Tusk|Protosynthesis|[silent]
|drag|p1a: Slowking|Slowking-Galar, F|91/100
|-damage|p1a: Slowking|79/100|[from] Stealth Rock
|move|p2a: Mimikyu|Trick Room|p2a: Mimikyu
|-fieldstart|move: Trick Room|[of] p2a: Mimikyu
|
|-heal|p1a: Slowking|85/100|[from] item: Leftovers
|upkeep
|turn|8
|inactive|fmikep has 120 seconds left.
|
|t:|1778498624
|move|p1a: Slowking|Flamethrower|p2a: Mimikyu
|-damage|p2a: Mimikyu|49/100
|move|p2a: Mimikyu|Curse|p1a: Slowking
|-start|p1a: Slowking|Curse|[of] p2a: Mimikyu
|-damage|p2a: Mimikyu|0 fnt
|faint|p2a: Mimikyu
|
|-heal|p1a: Slowking|91/100|[from] item: Leftovers
|-damage|p1a: Slowking|66/100|[from] Curse
|upkeep
|
|t:|1778498649
|switch|p2a: Crawdaunt|Crawdaunt, M|100/100
|turn|9
|inactive|fmikep has 120 seconds left.
|
|t:|1778498662
|switch|p1a: Great Tusk|Great Tusk|98/100
|-damage|p1a: Great Tusk|95/100|[from] Stealth Rock
|move|p2a: Crawdaunt|Crabhammer|p1a: Great Tusk
|-supereffective|p1a: Great Tusk
|-damage|p1a: Great Tusk|0 fnt
|faint|p1a: Great Tusk
|-end|p1a: Great Tusk|Protosynthesis|[silent]
|
|upkeep
|
|t:|1778498669
|switch|p1a: Walking Wake|Walking Wake|100/100
|-damage|p1a: Walking Wake|88/100|[from] Stealth Rock
|-enditem|p1a: Walking Wake|Booster Energy
|-activate|p1a: Walking Wake|ability: Protosynthesis|[fromitem]
|-start|p1a: Walking Wake|protosynthesisspa
|turn|10
|inactive|fmikep has 120 seconds left.
|
|t:|1778498683
|move|p2a: Crawdaunt|Crabhammer|p1a: Walking Wake
|-resisted|p1a: Walking Wake
|-crit|p1a: Walking Wake
|-damage|p1a: Walking Wake|40/100
|move|p1a: Walking Wake|Flamethrower|p2a: Crawdaunt
|-resisted|p2a: Crawdaunt
|-damage|p2a: Crawdaunt|60/100
|
|upkeep
|turn|11
|inactive|fmikep has 120 seconds left.
|
|t:|1778498691
|move|p2a: Crawdaunt|Crabhammer|p1a: Walking Wake
|-resisted|p1a: Walking Wake
|-damage|p1a: Walking Wake|13/100
|move|p1a: Walking Wake|Draco Meteor|p2a: Crawdaunt
|-damage|p2a: Crawdaunt|0 fnt
|-unboost|p1a: Walking Wake|spa|2
|faint|p2a: Crawdaunt
|
|-fieldend|move: Trick Room
|upkeep
|
|t:|1778498698
|switch|p2a: Ogerpon|Ogerpon, F|100/100
|turn|12
|
|t:|1778498706
|-end|p1a: Walking Wake|Protosynthesis|[silent]
|switch|p1a: Slowking|Slowking-Galar, F|99/100
|-damage|p1a: Slowking|87/100|[from] Stealth Rock
|move|p2a: Ogerpon|Ivy Cudgel|p1a: Slowking
|-resisted|p1a: Slowking
|-damage|p1a: Slowking|43/100
|
|-heal|p1a: Slowking|49/100|[from] item: Leftovers
|upkeep
|turn|13
|
|t:|1778498716
|move|p2a: Ogerpon|Ivy Cudgel|p1a: Slowking
|-resisted|p1a: Slowking
|-damage|p1a: Slowking|2/100
|move|p1a: Slowking|Flamethrower|p2a: Ogerpon
|-supereffective|p2a: Ogerpon
|-damage|p2a: Ogerpon|29/100
|
|-heal|p1a: Slowking|8/100|[from] item: Leftovers
|upkeep
|turn|14
|
|t:|1778498724
|move|p2a: Ogerpon|Ivy Cudgel|p1a: Slowking
|-resisted|p1a: Slowking
|-damage|p1a: Slowking|0 fnt
|faint|p1a: Slowking
|
|upkeep
|
|t:|1778498731
|switch|p1a: Ceruledge|Ceruledge, M|100/100
|-damage|p1a: Ceruledge|76/100|[from] Stealth Rock
|turn|15
|
|t:|1778498749
|move|p2a: Ogerpon|Ivy Cudgel|p1a: Ceruledge
|-resisted|p1a: Ceruledge
|-crit|p1a: Ceruledge
|-damage|p1a: Ceruledge|0 fnt
|faint|p1a: Ceruledge
|
|upkeep
|-message|fmikep forfeited.
|
|win|yukideee
|raw|fmikep's rating: 1342 &rarr; <strong>1322</strong><br />(-20 for losing)
|raw|yukideee's rating: 1338 &rarr; <strong>1358</strong><br />(+20 for winning)
|l|☆fmikep
|player|p1|
