|html|<div class="broadcast-blue"><strong>[Gen 9] OU is currently suspecting Tera Blast! For information on how to participate check out the <a href="https://www.smogon.com/tools/suspects/view/200">suspect thread</a>.</strong></div>
|badge|p1|bronze|gen9randombattle|100-9
|uhtml|medal-msg|<div class="broadcast-blue">Curious what those medals under the avatar are? PS now has Ladder Seasons! For more information, check out the <a href="https://www.smogon.com/forums/threads/3740067/">thread on Smogon.</a></div>
|j|‽LT_Alt1
|j|☆Blastoise_Choice
|t:|1776065919
|gametype|singles
|player|p1|LT_Alt1|101|1627
|player|p2|Blastoise_Choice|benga|1588
|gen|9
|tier|[Gen 9] OU
|rated|
|rule|HP Percentage Mod: HP is shown in percentages
|rule|Endless Battle Clause: Forcing endless battles is banned
|rule|Species Clause: Limit one of each Pokémon
|rule|OHKO Clause: OHKO moves are banned
|rule|Evasion Items Clause: Evasion items are banned
|rule|Evasion Moves Clause: Evasion moves are banned
|rule|Evasion Abilities Clause: Evasion abilities are banned
|rule|Sleep Moves Clause: Sleep-inducing moves are banned
|clearpoke
|poke|p1|Garganacl, F|
|poke|p1|Slowking-Galar, F|
|poke|p1|Kyurem|
|poke|p1|Weezing-Galar, F|
|poke|p1|Moltres|
|poke|p1|Iron Treads|
|poke|p2|Hydrapple, M|
|poke|p2|Tyranitar, F|
|poke|p2|Moltres|
|poke|p2|Zamazenta-*|
|poke|p2|Slowking-Galar, M|
|poke|p2|Excadrill, F|
|teampreview
|
|t:|1776065927
|teamsize|p1|6
|teamsize|p2|6
|start
|switch|p1a: Moltres|Moltres|100/100
|switch|p2a: Zamazenta|Zamazenta|100/100
|-ability|p2a: Zamazenta|Dauntless Shield|boost
|-boost|p2a: Zamazenta|def|1
|turn|1
|c|☆Blastoise_Choice|hf
|inactive|Battle timer is ON: inactive players will automatically lose when time's up. (requested by Blastoise_Choice)
|
|t:|1776065933
|switch|p2a: Tyranitar|Tyranitar, F|100/100
|-weather|Sandstorm|[from] ability: Sand Stream|[of] p2a: Tyranitar
|switch|p1a: Weezing|Weezing-Galar, F|100/100
|-ability|p1a: Weezing|Neutralizing Gas
|
|-weather|Sandstorm|[upkeep]
|-damage|p1a: Weezing|94/100|[from] Sandstorm
|-heal|p1a: Weezing|100/100|[from] item: Leftovers
|upkeep
|turn|2
|
|t:|1776065939
|move|p1a: Weezing|Will-O-Wisp|p2a: Tyranitar
|-status|p2a: Tyranitar|brn
|move|p2a: Tyranitar|Knock Off|p1a: Weezing
|-resisted|p1a: Weezing
|-damage|p1a: Weezing|92/100
|-enditem|p1a: Weezing|Leftovers|[from] move: Knock Off|[of] p2a: Tyranitar
|
|-weather|Sandstorm|[upkeep]
|-damage|p1a: Weezing|86/100|[from] Sandstorm
|-damage|p2a: Tyranitar|94/100 brn|[from] brn
|upkeep
|turn|3
|
|t:|1776065948
|move|p1a: Weezing|Strange Steam|p2a: Tyranitar
|-supereffective|p2a: Tyranitar
|-damage|p2a: Tyranitar|72/100 brn
|move|p2a: Tyranitar|Stealth Rock|p1a: Weezing
|-sidestart|p1: LT_Alt1|move: Stealth Rock
|
|-weather|Sandstorm|[upkeep]
|-damage|p1a: Weezing|80/100|[from] Sandstorm
|-damage|p2a: Tyranitar|66/100 brn|[from] brn
|upkeep
|turn|4
|
|t:|1776065956
|move|p1a: Weezing|Defog|p2a: Tyranitar
|-unboost|p2a: Tyranitar|evasion|1
|-sideend|p1: LT_Alt1|Stealth Rock|[from] move: Defog|[of] p1a: Weezing
|move|p2a: Tyranitar|Ice Beam|p1a: Weezing
|-damage|p1a: Weezing|51/100
|
|-weather|Sandstorm|[upkeep]
|-damage|p1a: Weezing|45/100|[from] Sandstorm
|-damage|p2a: Tyranitar|60/100 brn|[from] brn
|upkeep
|turn|5
|
|t:|1776065961
|move|p1a: Weezing|Pain Split|p2a: Tyranitar
|-sethp|p2a: Tyranitar|46/100 brn|[from] move: Pain Split|[silent]
|-sethp|p1a: Weezing|63/100|[from] move: Pain Split
|move|p2a: Tyranitar|Stealth Rock|p1a: Weezing
|-sidestart|p1: LT_Alt1|move: Stealth Rock
|
|-weather|Sandstorm|[upkeep]
|-damage|p1a: Weezing|57/100|[from] Sandstorm
|-damage|p2a: Tyranitar|40/100 brn|[from] brn
|upkeep
|turn|6
|
|t:|1776065965
|move|p1a: Weezing|Defog|p2a: Tyranitar
|-unboost|p2a: Tyranitar|evasion|1
|-sideend|p1: LT_Alt1|Stealth Rock|[from] move: Defog|[of] p1a: Weezing
|move|p2a: Tyranitar|Ice Beam|p1a: Weezing
|-damage|p1a: Weezing|30/100
|
|-weather|Sandstorm|[upkeep]
|-damage|p1a: Weezing|23/100|[from] Sandstorm
|-damage|p2a: Tyranitar|34/100 brn|[from] brn
|upkeep
|turn|7
|
|t:|1776065970
|move|p1a: Weezing|Pain Split|p2a: Tyranitar
|-sethp|p2a: Tyranitar|26/100 brn|[from] move: Pain Split|[silent]
|-sethp|p1a: Weezing|35/100|[from] move: Pain Split
|move|p2a: Tyranitar|Ice Beam|p1a: Weezing
|-damage|p1a: Weezing|6/100
|
|-weather|Sandstorm|[upkeep]
|-damage|p1a: Weezing|0 fnt|[from] Sandstorm
|faint|p1a: Weezing
|-end|p1a: Weezing|ability: Neutralizing Gas
|-damage|p2a: Tyranitar|19/100 brn|[from] brn
|upkeep
|
|t:|1776065977
|switch|p1a: Kyurem|Kyurem|100/100
|-ability|p1a: Kyurem|Pressure
|turn|8
|
|t:|1776065983
|switch|p2a: Zamazenta|Zamazenta|100/100
|move|p1a: Kyurem|Scale Shot|p2a: Zamazenta
|-damage|p2a: Zamazenta|92/100
|-crit|p2a: Zamazenta
|-damage|p2a: Zamazenta|81/100
|-damage|p2a: Zamazenta|74/100
|-damage|p2a: Zamazenta|67/100
|-hitcount|p2a: Zamazenta|4
|-unboost|p1a: Kyurem|def|1
|-boost|p1a: Kyurem|spe|1
|
|-weather|none
|-heal|p2a: Zamazenta|73/100|[from] item: Leftovers
|upkeep
|turn|9
|
|t:|1776065990
|switch|p1a: Moltres|Moltres|100/100
|move|p2a: Zamazenta|Body Press|p1a: Moltres
|-resisted|p1a: Moltres
|-damage|p1a: Moltres|86/100
|
|-heal|p2a: Zamazenta|79/100|[from] item: Leftovers
|upkeep
|turn|10
|
|t:|1776065998
|switch|p2a: Slowking|Slowking-Galar, M|100/100
|move|p1a: Moltres|U-turn|p2a: Slowking
|-damage|p2a: Slowking|90/100
|
|t:|1776066002
|switch|p1a: Iron Treads|Iron Treads|100/100|[from] U-turn
|
|upkeep
|turn|11
|
|t:|1776066008
|switch|p2a: Hydrapple|Hydrapple, M|100/100
|move|p1a: Iron Treads|Stealth Rock|p2a: Hydrapple
|-sidestart|p2: Blastoise_Choice|move: Stealth Rock
|
|upkeep
|turn|12
|
|t:|1776066015
|-end|p1a: Iron Treads|Quark Drive|[silent]
|switch|p1a: Slowking|Slowking-Galar, F|100/100
|move|p2a: Hydrapple|Nasty Plot|p2a: Hydrapple
|-boost|p2a: Hydrapple|spa|2
|
|upkeep
|turn|13
|
|t:|1776066025
|-terastallize|p2a: Hydrapple|Poison
|move|p2a: Hydrapple|Earth Power|p1a: Slowking
|-supereffective|p1a: Slowking
|-damage|p1a: Slowking|38/100
|-prepare|p1a: Slowking|Chilly Reception|[premajor]
|move|p1a: Slowking|Chilly Reception|p1a: Slowking
|-weather|Snowscape
|
|t:|1776066031
|switch|p1a: Iron Treads|Iron Treads|100/100|[from] Chilly Reception
|
|-weather|Snowscape|[upkeep]
|upkeep
|turn|14
|
|t:|1776066037
|move|p1a: Iron Treads|Earthquake|p2a: Hydrapple
|-supereffective|p2a: Hydrapple
|-damage|p2a: Hydrapple|56/100
|move|p2a: Hydrapple|Giga Drain|p1a: Iron Treads
|-damage|p1a: Iron Treads|17/100
|-heal|p2a: Hydrapple|95/100|[from] drain|[of] p1a: Iron Treads
|
|-weather|Snowscape|[upkeep]
|-heal|p1a: Iron Treads|23/100|[from] item: Leftovers
|upkeep
|turn|15
|
|t:|1776066045
|move|p1a: Iron Treads|Earthquake|p2a: Hydrapple
|-supereffective|p2a: Hydrapple
|-damage|p2a: Hydrapple|46/100
|move|p2a: Hydrapple|Giga Drain|p1a: Iron Treads
|-damage|p1a: Iron Treads|0 fnt
|-heal|p2a: Hydrapple|57/100|[from] drain|[of] p1a: Iron Treads
|faint|p1a: Iron Treads
|-end|p1a: Iron Treads|Quark Drive|[silent]
|
|-weather|Snowscape|[upkeep]
|upkeep
|
|t:|1776066048
|switch|p1a: Kyurem|Kyurem|100/100
|-ability|p1a: Kyurem|Pressure
|turn|16
|
|t:|1776066054
|move|p1a: Kyurem|Ice Beam|p2a: Hydrapple
|-damage|p2a: Hydrapple|0 fnt
|faint|p2a: Hydrapple
|
|-weather|Snowscape|[upkeep]
|upkeep
|
|t:|1776066061
|switch|p2a: Zamazenta|Zamazenta|79/100
|-damage|p2a: Zamazenta|73/100|[from] Stealth Rock
|turn|17
|
|t:|1776066067
|move|p2a: Zamazenta|Body Press|p1a: Kyurem
|-supereffective|p1a: Kyurem
|-damage|p1a: Kyurem|51/100
|move|p1a: Kyurem|Ice Beam|p2a: Zamazenta
|-crit|p2a: Zamazenta
|-damage|p2a: Zamazenta|6/100
|
|-weather|none
|-heal|p2a: Zamazenta|12/100|[from] item: Leftovers
|upkeep
|turn|18
|
|t:|1776066074
|switch|p1a: Moltres|Moltres|86/100
|move|p2a: Zamazenta|Body Press|p1a: Moltres
|-resisted|p1a: Moltres
|-damage|p1a: Moltres|73/100
|
|-heal|p2a: Zamazenta|19/100|[from] item: Leftovers
|upkeep
|turn|19
|
|t:|1776066081
|switch|p2a: Slowking|Slowking-Galar, M|100/100
|-damage|p2a: Slowking|88/100|[from] Stealth Rock
|move|p1a: Moltres|U-turn|p2a: Slowking
|-damage|p2a: Slowking|76/100
|
|t:|1776066085
|switch|p1a: Kyurem|Kyurem|51/100|[from] U-turn
|-ability|p1a: Kyurem|Pressure
|
|upkeep
|turn|20
|
|t:|1776066092
|move|p1a: Kyurem|Scale Shot|p2a: Slowking
|-damage|p2a: Slowking|68/100
|-damage|p2a: Slowking|61/100
|-damage|p2a: Slowking|52/100
|-damage|p2a: Slowking|45/100
|-damage|p2a: Slowking|36/100
|-hitcount|p2a: Slowking|5
|-unboost|p1a: Kyurem|def|1
|-boost|p1a: Kyurem|spe|1
|move|p2a: Slowking|Psyshock|p1a: Kyurem
|-damage|p1a: Kyurem|7/100
|
|upkeep
|turn|21
|
|t:|1776066104
|switch|p2a: Tyranitar|Tyranitar, F|19/100 brn
|-damage|p2a: Tyranitar|7/100 brn|[from] Stealth Rock
|-weather|Sandstorm|[from] ability: Sand Stream|[of] p2a: Tyranitar
|move|p1a: Kyurem|Ice Beam|p2a: Tyranitar
|-damage|p2a: Tyranitar|0 fnt
|faint|p2a: Tyranitar
|
|-weather|Sandstorm|[upkeep]
|-damage|p1a: Kyurem|1/100|[from] Sandstorm
|upkeep
|
|t:|1776066111
|switch|p2a: Excadrill|Excadrill, F|100/100
|-damage|p2a: Excadrill|97/100|[from] Stealth Rock
|-item|p2a: Excadrill|Air Balloon
|turn|22
|
|t:|1776066117
|switch|p1a: Moltres|Moltres|73/100
|move|p2a: Excadrill|Rapid Spin|p1a: Moltres
|-damage|p1a: Moltres|60/100
|-boost|p2a: Excadrill|spe|1
|-status|p2a: Excadrill|brn|[from] ability: Flame Body|[of] p1a: Moltres
|-sideend|p2: Blastoise_Choice|Stealth Rock|[from] move: Rapid Spin|[of] p2a: Excadrill
|
|-weather|Sandstorm|[upkeep]
|-damage|p1a: Moltres|54/100|[from] Sandstorm
|-damage|p2a: Excadrill|91/100 brn|[from] brn
|upkeep
|turn|23
|
|t:|1776066124
|switch|p2a: Slowking|Slowking-Galar, M|70/100
|-terastallize|p1a: Moltres|Dragon
|move|p1a: Moltres|Roost|p1a: Moltres
|-heal|p1a: Moltres|100/100
|
|-weather|Sandstorm|[upkeep]
|-damage|p1a: Moltres|94/100|[from] Sandstorm
|-damage|p2a: Slowking|64/100|[from] Sandstorm
|upkeep
|turn|24
|
|t:|1776066130
|switch|p2a: Zamazenta|Zamazenta|19/100
|move|p1a: Moltres|U-turn|p2a: Zamazenta
|-resisted|p2a: Zamazenta
|-damage|p2a: Zamazenta|14/100
|
|t:|1776066134
|switch|p1a: Slowking|Slowking-Galar, F|71/100|[from] U-turn
|
|-weather|Sandstorm|[upkeep]
|-damage|p2a: Zamazenta|8/100|[from] Sandstorm
|-damage|p1a: Slowking|65/100|[from] Sandstorm
|-heal|p2a: Zamazenta|14/100|[from] item: Leftovers
|upkeep
|turn|25
|
|t:|1776066141
|move|p2a: Zamazenta|Iron Defense|p2a: Zamazenta
|-boost|p2a: Zamazenta|def|2
|move|p1a: Slowking|Sludge Bomb|p2a: Zamazenta
|-damage|p2a: Zamazenta|0 fnt
|faint|p2a: Zamazenta
|
|-weather|Sandstorm|[upkeep]
|-damage|p1a: Slowking|59/100|[from] Sandstorm
|upkeep
|
|t:|1776066149
|switch|p2a: Excadrill|Excadrill, F|91/100 brn
|-item|p2a: Excadrill|Air Balloon
|turn|26
|
|t:|1776066155
|switch|p1a: Moltres|Moltres, tera:Dragon|94/100
|move|p2a: Excadrill|Iron Head|p1a: Moltres
|-damage|p1a: Moltres|79/100
|
|-weather|Sandstorm|[upkeep]
|-damage|p1a: Moltres|73/100|[from] Sandstorm
|-damage|p2a: Excadrill|85/100 brn|[from] brn
|upkeep
|turn|27
|
|t:|1776066163
|move|p2a: Excadrill|Iron Head|p1a: Moltres
|-damage|p1a: Moltres|56/100
|move|p1a: Moltres|Flamethrower|p2a: Excadrill
|-supereffective|p2a: Excadrill
|-damage|p2a: Excadrill|0 fnt
|-enditem|p2a: Excadrill|Air Balloon
|faint|p2a: Excadrill
|
|-weather|Sandstorm|[upkeep]
|-damage|p1a: Moltres|50/100|[from] Sandstorm
|upkeep
|
|t:|1776066167
|switch|p2a: Slowking|Slowking-Galar, M|97/100
|turn|28
|
|t:|1776066171
|move|p1a: Moltres|Roost|p1a: Moltres
|-heal|p1a: Moltres|99/100
|move|p2a: Slowking|Sludge Bomb|p1a: Moltres
|-damage|p1a: Moltres|64/100
|
|-weather|none
|upkeep
|turn|29
|
|t:|1776066175
|move|p1a: Moltres|U-turn|p2a: Slowking
|-damage|p2a: Slowking|87/100
|
|t:|1776066176
|switch|p1a: Slowking|Slowking-Galar, F|92/100|[from] U-turn
|move|p2a: Slowking|Ice Beam|p1a: Slowking
|-damage|p1a: Slowking|78/100
|
|upkeep
|turn|30
|
|t:|1776066184
|move|p2a: Slowking|Psyshock|p1a: Slowking
|-damage|p1a: Slowking|49/100
|move|p1a: Slowking|Future Sight|p2a: Slowking
|-start|p1a: Slowking|move: Future Sight
|
|upkeep
|turn|31
|
|t:|1776066189
|switch|p2a: Moltres|Moltres|100/100
|-prepare|p1a: Slowking|Chilly Reception|[premajor]
|move|p1a: Slowking|Chilly Reception|p1a: Slowking
|-weather|Snowscape
|
|t:|1776066191
|switch|p1a: Garganacl|Garganacl, F|100/100|[from] Chilly Reception
|
|-weather|Snowscape|[upkeep]
|upkeep
|turn|32
|
|t:|1776066197
|switch|p2a: Slowking|Slowking-Galar, M|100/100
|move|p1a: Garganacl|Salt Cure|p2a: Slowking
|-damage|p2a: Slowking|90/100
|-start|p2a: Slowking|Salt Cure
|
|-weather|Snowscape|[upkeep]
|-end|p2a: Slowking|move: Future Sight
|-damage|p2a: Slowking|64/100
|-damage|p2a: Slowking|51/100|[from] Salt Cure
|upkeep
|turn|33
|j| SquilliamTg
|
|t:|1776066205
|switch|p2a: Moltres|Moltres|100/100
|move|p1a: Garganacl|Salt Cure|p2a: Moltres
|-supereffective|p2a: Moltres
|-damage|p2a: Moltres|63/100
|-start|p2a: Moltres|Salt Cure
|
|-weather|Snowscape|[upkeep]
|-damage|p2a: Moltres|51/100|[from] Salt Cure
|upkeep
|turn|34
|j| Too Many Caps
|
|t:|1776066213
|move|p1a: Garganacl|Curse|p1a: Garganacl
|-unboost|p1a: Garganacl|spe|1
|-boost|p1a: Garganacl|atk|1
|-boost|p1a: Garganacl|def|1
|move|p2a: Moltres|Roar|p1a: Garganacl
|drag|p1a: Kyurem|Kyurem|1/100
|-ability|p1a: Kyurem|Pressure
|
|-weather|Snowscape|[upkeep]
|-damage|p2a: Moltres|38/100|[from] Salt Cure
|upkeep
|turn|35
|
|t:|1776066219
|switch|p2a: Slowking|Slowking-Galar, M|84/100
|move|p1a: Kyurem|Ice Beam|p2a: Slowking
|-damage|p2a: Slowking|59/100
|
|-weather|none
|upkeep
|turn|36
|j| Kyurem
|
|t:|1776066226
|switch|p1a: Slowking|Slowking-Galar, F|82/100
|move|p2a: Slowking|Psyshock|p1a: Slowking
|-damage|p1a: Slowking|50/100
|
|upkeep
|turn|37
|
|t:|1776066230
|switch|p2a: Moltres|Moltres|38/100
|move|p1a: Slowking|Future Sight|p2a: Moltres
|-start|p1a: Slowking|move: Future Sight
|
|upkeep
|turn|38
|
|t:|1776066235
|move|p2a: Moltres|Roost|p2a: Moltres
|-heal|p2a: Moltres|88/100
|-singleturn|p2a: Moltres|move: Roost
|move|p1a: Slowking|Thunder Wave|p2a: Moltres
|-status|p2a: Moltres|par
|
|upkeep
|turn|39
|
|t:|1776066242
|switch|p1a: Garganacl|Garganacl, F|100/100
|move|p2a: Moltres|Roar|p1a: Garganacl
|drag|p1a: Moltres|Moltres, tera:Dragon|64/100
|
|-end|p2a: Moltres|move: Future Sight
|-damage|p2a: Moltres|44/100 par
|upkeep
|turn|40
|
|t:|1776066245
|switch|p1a: Slowking|Slowking-Galar, F|84/100
|move|p2a: Moltres|Roost|p2a: Moltres
|-heal|p2a: Moltres|94/100 par
|-singleturn|p2a: Moltres|move: Roost
|
|upkeep
|turn|41
|
|t:|1776066249
|cant|p2a: Moltres|par
|move|p1a: Slowking|Future Sight|p2a: Moltres
|-start|p1a: Slowking|move: Future Sight
|
|upkeep
|turn|42
|
|t:|1776066252
|-prepare|p1a: Slowking|Chilly Reception|[premajor]
|move|p1a: Slowking|Chilly Reception|p1a: Slowking
|-weather|Snowscape
|
|t:|1776066256
|switch|p1a: Moltres|Moltres, tera:Dragon|64/100|[from] Chilly Reception
|move|p2a: Moltres|Roar|p1a: Moltres
|drag|p1a: Garganacl|Garganacl, F|100/100
|
|-weather|Snowscape|[upkeep]
|upkeep
|turn|43
|
|t:|1776066262
|cant|p2a: Moltres|par
|move|p1a: Garganacl|Salt Cure|p2a: Moltres
|-supereffective|p2a: Moltres
|-damage|p2a: Moltres|55/100 par
|-start|p2a: Moltres|Salt Cure
|
|-weather|Snowscape|[upkeep]
|-end|p2a: Moltres|move: Future Sight
|-damage|p2a: Moltres|9/100 par
|-damage|p2a: Moltres|0 fnt|[from] Salt Cure
|faint|p2a: Moltres
|upkeep
|
|t:|1776066269
|switch|p2a: Slowking|Slowking-Galar, M|92/100
|turn|44
|l| SquilliamTg
|
|t:|1776066275
|move|p2a: Slowking|Psyshock|p1a: Garganacl
|-damage|p1a: Garganacl|82/100
|move|p1a: Garganacl|Salt Cure|p2a: Slowking
|-crit|p2a: Slowking
|-damage|p2a: Slowking|76/100
|-start|p2a: Slowking|Salt Cure
|
|-weather|Snowscape|[upkeep]
|-heal|p1a: Garganacl|88/100|[from] item: Leftovers
|-damage|p2a: Slowking|63/100|[from] Salt Cure
|upkeep
|turn|45
|
|t:|1776066285
|move|p2a: Slowking|Sludge Bomb|p1a: Garganacl
|-resisted|p1a: Garganacl
|-damage|p1a: Garganacl|75/100
|move|p1a: Garganacl|Curse|p1a: Garganacl
|-unboost|p1a: Garganacl|spe|1
|-boost|p1a: Garganacl|atk|1
|-boost|p1a: Garganacl|def|1
|
|-weather|Snowscape|[upkeep]
|-heal|p1a: Garganacl|81/100|[from] item: Leftovers
|-damage|p2a: Slowking|51/100|[from] Salt Cure
|upkeep
|turn|46
|
|t:|1776066292
|move|p2a: Slowking|Psyshock|p1a: Garganacl
|-damage|p1a: Garganacl|69/100
|move|p1a: Garganacl|Curse|p1a: Garganacl
|-unboost|p1a: Garganacl|spe|1
|-boost|p1a: Garganacl|atk|1
|-boost|p1a: Garganacl|def|1
|
|-weather|none
|-heal|p1a: Garganacl|75/100|[from] item: Leftovers
|-damage|p2a: Slowking|38/100|[from] Salt Cure
|upkeep
|turn|47
|
|t:|1776066300
|move|p2a: Slowking|Ice Beam|p1a: Garganacl
|-damage|p1a: Garganacl|57/100
|move|p1a: Garganacl|Salt Cure|p2a: Slowking
|-damage|p2a: Slowking|17/100
|
|-heal|p1a: Garganacl|64/100|[from] item: Leftovers
|-damage|p2a: Slowking|5/100|[from] Salt Cure
|upkeep
|turn|48
|
|t:|1776066309
|move|p2a: Slowking|Ice Beam|p1a: Garganacl
|-damage|p1a: Garganacl|48/100
|move|p1a: Garganacl|Recover|p1a: Garganacl
|-heal|p1a: Garganacl|98/100
|
|-heal|p1a: Garganacl|100/100|[from] item: Leftovers
|-damage|p2a: Slowking|0 fnt|[from] Salt Cure
|faint|p2a: Slowking
|
|win|LT_Alt1
|raw|LT_Alt1's rating: 1627 &rarr; <strong>1645</strong><br />(+18 for winning)
|raw|Blastoise_Choice's rating: 1588 &rarr; <strong>1570</strong><br />(-18 for losing)
|c|☆Blastoise_Choice|gg
