|html|<div class="broadcast-blue"><strong>[Gen 9] OU is currently suspecting Tera Blast! For information on how to participate check out the <a href="https://www.smogon.com/tools/suspects/view/200">suspect thread</a>.</strong></div>
|j|‽flyatnight1234
|j|☆thecatsurf
|t:|1776073853
|gametype|singles
|player|p1|flyatnight1234|170|1328
|player|p2|thecatsurf|bianca|1318
|gen|9
|tier|[Gen 9] OU
|rated|
|rule|HP Percentage Mod: HP is shown in percentages
|rule|Endless Battle Clause: Forcing endless battles is banned
|rule|Species Clause: Limit one of each Pokémon
|rule|OHKO Clause: OHKO moves are banned
|rule|Evasion Items Clause: Evasion items are banned
|rule|Evasion Moves Clause: Evasion moves are banned
|rule|Evasion Abilities Clause: Evasion abilities are banned
|rule|Sleep Moves Clause: Sleep-inducing moves are banned
|clearpoke
|poke|p1|Garchomp, M|
|poke|p1|Cloyster, M|
|poke|p1|Ninetales-Alola, M|
|poke|p1|Magnezone|
|poke|p1|Kyurem|
|poke|p1|Mew|
|poke|p2|Slither Wing|
|poke|p2|Great Tusk|
|poke|p2|Ninetales, M|
|poke|p2|Walking Wake|
|poke|p2|Venusaur, M|
|poke|p2|Scream Tail|
|teampreview
|inactive|Battle timer is ON: inactive players will automatically lose when time's up. (requested by flyatnight1234)
|
|t:|1776073883
|teamsize|p1|6
|teamsize|p2|6
|start
|switch|p1a: Ninetales|Ninetales-Alola, M|100/100
|switch|p2a: Ninetales|Ninetales, M, shiny|100/100
|-weather|SunnyDay|[from] ability: Drought|[of] p2a: Ninetales
|-weather|Snowscape|[from] ability: Snow Warning|[of] p1a: Ninetales
|turn|1
|
|t:|1776073893
|switch|p2a: Colagrito|Scream Tail|100/100
|move|p1a: Ninetales|Aurora Veil|p1a: Ninetales
|-sidestart|p1: flyatnight1234|move: Aurora Veil
|
|-weather|Snowscape|[upkeep]
|upkeep
|turn|2
|
|t:|1776073904
|switch|p1a: Magnezone|Magnezone|100/100
|move|p2a: Colagrito|Thunder Wave|p1a: Magnezone
|-immune|p1a: Magnezone
|
|-weather|Snowscape|[upkeep]
|upkeep
|turn|3
|
|t:|1776073916
|-end|p2a: Colagrito|Protosynthesis|[silent]
|switch|p2a: Colmilargo|Great Tusk|100/100
|move|p1a: Magnezone|Flash Cannon|p2a: Colmilargo
|-damage|p2a: Colmilargo|25/100
|
|-weather|Snowscape|[upkeep]
|upkeep
|turn|4
|
|t:|1776073932
|switch|p1a: Cloyster|Cloyster, M|100/100
|move|p2a: Colmilargo|Headlong Rush|p1a: Cloyster
|-damage|p1a: Cloyster|87/100
|-unboost|p2a: Colmilargo|def|1
|-unboost|p2a: Colmilargo|spd|1
|
|-weather|Snowscape|[upkeep]
|upkeep
|turn|5
|
|t:|1776073941
|-end|p2a: Colmilargo|Protosynthesis|[silent]
|switch|p2a: Colagrito|Scream Tail|100/100
|move|p1a: Cloyster|Shell Smash|p1a: Cloyster
|-unboost|p1a: Cloyster|def|1
|-unboost|p1a: Cloyster|spd|1
|-boost|p1a: Cloyster|atk|2
|-boost|p1a: Cloyster|spa|2
|-boost|p1a: Cloyster|spe|2
|
|-weather|none
|-sideend|p1: flyatnight1234|move: Aurora Veil
|upkeep
|turn|6
|inactive|flyatnight1234 has 120 seconds left.
|
|t:|1776073988
|move|p1a: Cloyster|Icicle Spear|p2a: Colagrito
|-damage|p2a: Colagrito|84/100
|-damage|p2a: Colagrito|66/100
|-damage|p2a: Colagrito|49/100
|-damage|p2a: Colagrito|32/100
|-damage|p2a: Colagrito|14/100
|-hitcount|p2a: Colagrito|5
|-enditem|p2a: Colagrito|Eject Button
|
|t:|1776074005
|-end|p2a: Colagrito|Protosynthesis|[silent]
|switch|p2a: Reptalada|Slither Wing|100/100
|
|upkeep
|turn|7
|inactive|flyatnight1234 has 90 seconds left.
|
|t:|1776074039
|move|p2a: Reptalada|First Impression|p1a: Cloyster
|-damage|p1a: Cloyster|29/100
|move|p1a: Cloyster|Shell Smash|p1a: Cloyster
|-unboost|p1a: Cloyster|def|1
|-unboost|p1a: Cloyster|spd|1
|-boost|p1a: Cloyster|atk|2
|-boost|p1a: Cloyster|spa|2
|-boost|p1a: Cloyster|spe|2
|
|upkeep
|turn|8
|
|t:|1776074047
|move|p1a: Cloyster|Icicle Spear|p2a: Reptalada
|-damage|p2a: Reptalada|51/100
|-crit|p2a: Reptalada
|-damage|p2a: Reptalada|0 fnt
|faint|p2a: Reptalada
|-end|p2a: Reptalada|Protosynthesis|[silent]
|-hitcount|p2: Reptalada|2
|
|upkeep
|
|t:|1776074051
|switch|p2a: Ninetales|Ninetales, M, shiny|100/100
|-weather|SunnyDay|[from] ability: Drought|[of] p2a: Ninetales
|turn|9
|
|t:|1776074057
|move|p1a: Cloyster|Drill Run|p2a: Ninetales
|-supereffective|p2a: Ninetales
|-damage|p2a: Ninetales|0 fnt
|faint|p2a: Ninetales
|
|-weather|SunnyDay|[upkeep]
|upkeep
|
|t:|1776074060
|switch|p2a: Ondulagua|Walking Wake|100/100
|-activate|p2a: Ondulagua|ability: Protosynthesis
|-start|p2a: Ondulagua|protosynthesisspe
|turn|10
|
|t:|1776074067
|move|p1a: Cloyster|Icicle Spear|p2a: Ondulagua
|-damage|p2a: Ondulagua|61/100
|-damage|p2a: Ondulagua|21/100
|-damage|p2a: Ondulagua|0 fnt
|faint|p2a: Ondulagua
|-end|p2a: Ondulagua|Protosynthesis|[silent]
|-hitcount|p2: Ondulagua|3
|
|-weather|SunnyDay|[upkeep]
|upkeep
|-message|thecatsurf forfeited.
|
|win|flyatnight1234
|raw|flyatnight1234's rating: 1328 &rarr; <strong>1347</strong><br />(+19 for winning)
|raw|thecatsurf's rating: 1318 &rarr; <strong>1299</strong><br />(-19 for losing)
|l|☆thecatsurf
|player|p2|
|l|‽flyatnight1234
|player|p1|
