|html|<div class="broadcast-blue"><strong>[Gen 9] OU is currently suspecting Tera Blast! For information on how to participate check out the <a href="https://www.smogon.com/tools/suspects/view/200">suspect thread</a>.</strong></div>
|j|☆Blastoise_Choice
|j|☆alexander90281
|t:|1776096755
|gametype|singles
|player|p1|Blastoise_Choice|benga|1769
|player|p2|alexander90281|tateandliza-gen3|1746
|gen|9
|tier|[Gen 9] OU
|rated|
|rule|HP Percentage Mod: HP is shown in percentages
|rule|Endless Battle Clause: Forcing endless battles is banned
|rule|Species Clause: Limit one of each Pokémon
|rule|OHKO Clause: OHKO moves are banned
|rule|Evasion Items Clause: Evasion items are banned
|rule|Evasion Moves Clause: Evasion moves are banned
|rule|Evasion Abilities Clause: Evasion abilities are banned
|rule|Sleep Moves Clause: Sleep-inducing moves are banned
|clearpoke
|poke|p1|Hydrapple, M|
|poke|p1|Tyranitar, F|
|poke|p1|Moltres|
|poke|p1|Zamazenta-*|
|poke|p1|Slowking-Galar, F|
|poke|p1|Excadrill, F|
|poke|p2|Mimikyu, M|
|poke|p2|Hatterene, F|
|poke|p2|Ursaluna, M|
|poke|p2|Kyurem|
|poke|p2|Kingambit, M|
|poke|p2|Raging Bolt|
|teampreview
|
|t:|1776096763
|teamsize|p1|6
|teamsize|p2|6
|start
|switch|p1a: Zamazenta|Zamazenta|100/100
|switch|p2a: Hatterene|Hatterene, F|100/100
|-ability|p1a: Zamazenta|Dauntless Shield|boost
|-boost|p1a: Zamazenta|def|1
|turn|1
|c|☆Blastoise_Choice|hf
|inactive|Battle timer is ON: inactive players will automatically lose when time's up. (requested by Blastoise_Choice)
|
|t:|1776096774
|switch|p1a: Excadrill|Excadrill, F|100/100
|-item|p1a: Excadrill|Air Balloon
|move|p2a: Hatterene|Psychic Noise|p1a: Excadrill
|-resisted|p1a: Excadrill
|-damage|p1a: Excadrill|70/100
|-start|p1a: Excadrill|move: Heal Block
|-enditem|p1a: Excadrill|Air Balloon
|
|upkeep
|turn|2
|
|t:|1776096782
|move|p1a: Excadrill|Iron Head|p2a: Hatterene
|-supereffective|p2a: Hatterene
|-damage|p2a: Hatterene|7/100
|move|p2a: Hatterene|Trick Room|p2a: Hatterene
|-fieldstart|move: Trick Room|[of] p2a: Hatterene
|
|-end|p1a: Excadrill|move: Heal Block
|upkeep
|turn|3
|
|t:|1776096789
|switch|p1a: Zamazenta|Zamazenta|100/100
|move|p2a: Hatterene|Mystical Fire|p1a: Zamazenta
|-damage|p1a: Zamazenta|73/100
|-unboost|p1a: Zamazenta|spa|1
|
|-heal|p1a: Zamazenta|79/100|[from] item: Leftovers
|upkeep
|turn|4
|
|t:|1776096792
|move|p2a: Hatterene|Psychic Noise|p1a: Zamazenta
|-supereffective|p1a: Zamazenta
|-damage|p1a: Zamazenta|0 fnt
|faint|p1a: Zamazenta
|
|upkeep
|
|t:|1776096796
|switch|p1a: Tyranitar|Tyranitar, F|100/100
|-weather|Sandstorm|[from] ability: Sand Stream|[of] p1a: Tyranitar
|turn|5
|
|t:|1776096800
|move|p2a: Hatterene|Healing Wish|p2a: Hatterene
|faint|p2a: Hatterene
|move|p1a: Tyranitar|Knock Off|p2: Hatterene|[notarget]
|-fail|p1a: Tyranitar
|
|-weather|Sandstorm|[upkeep]
|upkeep
|
|t:|1776096807
|switch|p2a: Kingambit|Kingambit, M|100/100
|-activate|p2a: Kingambit|ability: Supreme Overlord
|-start|p2a: Kingambit|fallen1|[silent]
|turn|6
|
|t:|1776096813
|switch|p1a: Moltres|Moltres|100/100
|move|p2a: Kingambit|Swords Dance|p2a: Kingambit
|-boost|p2a: Kingambit|atk|2
|
|-weather|Sandstorm|[upkeep]
|-damage|p1a: Moltres|94/100|[from] Sandstorm
|-fieldend|move: Trick Room
|upkeep
|turn|7
|
|t:|1776096823
|-terastallize|p1a: Moltres|Fairy
|move|p1a: Moltres|Flamethrower|p2a: Kingambit
|-supereffective|p2a: Kingambit
|-crit|p2a: Kingambit
|-damage|p2a: Kingambit|0 fnt
|faint|p2a: Kingambit
|-end|p2a: Kingambit|fallen1|[silent]
|
|-weather|Sandstorm|[upkeep]
|-damage|p1a: Moltres|88/100|[from] Sandstorm
|upkeep
|
|t:|1776096833
|switch|p2a: Kyurem|Kyurem|100/100
|-ability|p2a: Kyurem|Pressure
|turn|8
|
|t:|1776096839
|switch|p1a: Tyranitar|Tyranitar, F|100/100
|move|p2a: Kyurem|Dragon Dance|p2a: Kyurem
|-boost|p2a: Kyurem|atk|1
|-boost|p2a: Kyurem|spe|1
|
|-weather|Sandstorm|[upkeep]
|-damage|p2a: Kyurem|94/100|[from] Sandstorm
|upkeep
|turn|9
|
|t:|1776096847
|-terastallize|p2a: Kyurem|Ground
|move|p2a: Kyurem|Dragon Dance|p2a: Kyurem
|-boost|p2a: Kyurem|atk|1
|-boost|p2a: Kyurem|spe|1
|move|p1a: Tyranitar|Knock Off|p2a: Kyurem
|-damage|p2a: Kyurem|54/100
|-enditem|p2a: Kyurem|Loaded Dice|[from] move: Knock Off|[of] p1a: Tyranitar
|
|-weather|Sandstorm|[upkeep]
|upkeep
|turn|10
|
|t:|1776096854
|move|p2a: Kyurem|Tera Blast|p1a: Tyranitar|[anim] Tera Blast Ground
|-supereffective|p1a: Tyranitar
|-damage|p1a: Tyranitar|0 fnt
|faint|p1a: Tyranitar
|
|-weather|Sandstorm|[upkeep]
|upkeep
|
|t:|1776096861
|switch|p1a: Moltres|Moltres, tera:Fairy|88/100
|turn|11
|
|t:|1776096867
|move|p2a: Kyurem|Tera Blast|p1a: Moltres|[anim] Tera Blast Ground
|-damage|p1a: Moltres|33/100
|move|p1a: Moltres|Roar|p2a: Kyurem
|drag|p2a: Ursaluna|Ursaluna, M|100/100
|
|-weather|Sandstorm|[upkeep]
|-damage|p1a: Moltres|27/100|[from] Sandstorm
|-status|p2a: Ursaluna|brn|[from] item: Flame Orb
|upkeep
|turn|12
|
|t:|1776096874
|move|p1a: Moltres|Flamethrower|p2a: Ursaluna
|-damage|p2a: Ursaluna|65/100 brn
|move|p2a: Ursaluna|Facade|p1a: Moltres
|-damage|p1a: Moltres|0 fnt
|faint|p1a: Moltres
|
|-weather|none
|-damage|p2a: Ursaluna|58/100 brn|[from] brn
|upkeep
|
|t:|1776096883
|switch|p1a: Excadrill|Excadrill, F|70/100
|turn|13
|
|t:|1776096903
|switch|p1a: Hydrapple|Hydrapple, M|100/100
|move|p2a: Ursaluna|Earthquake|p1a: Hydrapple
|-resisted|p1a: Hydrapple
|-damage|p1a: Hydrapple|74/100
|
|-damage|p2a: Ursaluna|52/100 brn|[from] brn
|upkeep
|turn|14
|
|t:|1776096911
|switch|p1a: Slowking|Slowking-Galar, F|100/100
|switch|p2a: Mimikyu|Mimikyu, M|100/100
|
|upkeep
|turn|15
|
|t:|1776096917
|move|p1a: Slowking|Ice Beam|p2a: Mimikyu
|-activate|p2a: Mimikyu|ability: Disguise
|-damage|p2a: Mimikyu|100/100
|detailschange|p2a: Mimikyu|Mimikyu-Busted, M
|-damage|p2a: Mimikyu|88/100|[from] pokemon: Mimikyu-Busted
|move|p2a: Mimikyu|Trick Room|p2a: Mimikyu
|-fieldstart|move: Trick Room|[of] p2a: Mimikyu
|
|upkeep
|turn|16
|
|t:|1776096924
|switch|p1a: Excadrill|Excadrill, F|70/100
|move|p2a: Mimikyu|Curse|p1a: Excadrill
|-start|p1a: Excadrill|Curse|[of] p2a: Mimikyu
|-damage|p2a: Mimikyu|38/100
|
|-damage|p1a: Excadrill|45/100|[from] Curse
|upkeep
|turn|17
|
|t:|1776096930
|move|p2a: Mimikyu|Play Rough|p1a: Excadrill
|-resisted|p1a: Excadrill
|-damage|p1a: Excadrill|24/100
|move|p1a: Excadrill|Earthquake|p2a: Mimikyu
|-damage|p2a: Mimikyu|0 fnt
|faint|p2a: Mimikyu
|
|-damage|p1a: Excadrill|0 fnt|[from] Curse
|faint|p1a: Excadrill
|upkeep
|
|t:|1776096945
|switch|p2a: Ursaluna|Ursaluna, M|52/100 brn
|switch|p1a: Hydrapple|Hydrapple, M|100/100
|-heal|p2a: Ursaluna|100/100|[from] move: Healing Wish
|turn|18
|
|t:|1776096951
|move|p2a: Ursaluna|Facade|p1a: Hydrapple
|-damage|p1a: Hydrapple|76/100
|move|p1a: Hydrapple|Giga Drain|p2a: Ursaluna
|-supereffective|p2a: Ursaluna
|-damage|p2a: Ursaluna|40/100
|-heal|p1a: Hydrapple|100/100|[from] drain|[of] p2a: Ursaluna
|
|-status|p2a: Ursaluna|brn|[from] item: Flame Orb
|upkeep
|turn|19
|
|t:|1776096958
|switch|p1a: Slowking|Slowking-Galar, F|100/100
|move|p2a: Ursaluna|Facade|p1a: Slowking
|-damage|p1a: Slowking|4/100
|
|-damage|p2a: Ursaluna|34/100 brn|[from] brn
|-fieldend|move: Trick Room
|upkeep
|turn|20
|
|t:|1776096965
|move|p1a: Slowking|Ice Beam|p2a: Ursaluna
|-supereffective|p2a: Ursaluna
|-damage|p2a: Ursaluna|0 fnt
|faint|p2a: Ursaluna
|
|upkeep
|
|t:|1776096967
|switch|p2a: Kyurem|Kyurem, tera:Ground|54/100
|-ability|p2a: Kyurem|Pressure
|turn|21
|
|t:|1776096973
|switch|p1a: Hydrapple|Hydrapple, M|100/100
|move|p2a: Kyurem|Icicle Spear|p1a: Hydrapple
|-supereffective|p1a: Hydrapple
|-damage|p1a: Hydrapple|71/100
|-supereffective|p1a: Hydrapple
|-damage|p1a: Hydrapple|38/100
|-supereffective|p1a: Hydrapple
|-damage|p1a: Hydrapple|8/100
|-hitcount|p1a: Hydrapple|3
|
|upkeep
|turn|22
|
|t:|1776096982
|move|p2a: Kyurem|Icicle Spear|p1a: Hydrapple
|-supereffective|p1a: Hydrapple
|-damage|p1a: Hydrapple|0 fnt
|faint|p1a: Hydrapple
|-hitcount|p1: Hydrapple|1
|
|upkeep
|
|t:|1776096985
|switch|p1a: Slowking|Slowking-Galar, F|38/100
|turn|23
|
|t:|1776096990
|move|p2a: Kyurem|Tera Blast|p1a: Slowking|[anim] Tera Blast Ground
|-supereffective|p1a: Slowking
|-damage|p1a: Slowking|0 fnt
|faint|p1a: Slowking
|
|win|alexander90281
|raw|Blastoise_Choice's rating: 1769 &rarr; <strong>1748</strong><br />(-21 for losing)
|raw|alexander90281's rating: 1746 &rarr; <strong>1767</strong><br />(+21 for winning)
|c|☆Blastoise_Choice|gg
|l|☆alexander90281
|player|p2|
