|html|<div class="broadcast-blue"><strong>[Gen 9] OU is currently suspecting Tera Blast! For information on how to participate check out the <a href="https://www.smogon.com/tools/suspects/view/200">suspect thread</a>.</strong></div>
|j|☆magistermilitum420
|j|☆plshelpme37
|t:|1776307640
|gametype|singles
|player|p1|magistermilitum420|blue|1360
|player|p2|plshelpme37|harlequin|1407
|gen|9
|tier|[Gen 9] OU
|rated|
|rule|HP Percentage Mod: HP is shown in percentages
|rule|Endless Battle Clause: Forcing endless battles is banned
|rule|Species Clause: Limit one of each Pokémon
|rule|OHKO Clause: OHKO moves are banned
|rule|Evasion Items Clause: Evasion items are banned
|rule|Evasion Moves Clause: Evasion moves are banned
|rule|Evasion Abilities Clause: Evasion abilities are banned
|rule|Sleep Moves Clause: Sleep-inducing moves are banned
|clearpoke
|poke|p1|Meowscarada, F|
|poke|p1|Great Tusk|
|poke|p1|Alomomola, M|
|poke|p1|Slowking-Galar, M|
|poke|p1|Iron Valiant|
|poke|p1|Heatran, F|
|poke|p2|Dragapult, M|
|poke|p2|Talonflame, F|
|poke|p2|Samurott-Hisui, M|
|poke|p2|Clodsire, F|
|poke|p2|Ursaluna, M|
|poke|p2|Ogerpon, F|
|teampreview
|
|t:|1776307645
|teamsize|p1|6
|teamsize|p2|6
|start
|switch|p1a: Mahad|Meowscarada, F, shiny|100/100
|switch|p2a: Talonflame|Talonflame, F|100/100
|turn|1
|
|t:|1776307657
|switch|p1a: Vulcanus|Heatran, F, shiny|100/100
|move|p2a: Talonflame|U-turn|p1a: Vulcanus
|-resisted|p1a: Vulcanus
|-damage|p1a: Vulcanus|97/100
|
|t:|1776307664
|switch|p2a: Ursaluna|Ursaluna, M|100/100|[from] U-turn
|
|-status|p2a: Ursaluna|brn|[from] item: Flame Orb
|upkeep
|turn|2
|
|t:|1776307681
|switch|p1a: Barca|Great Tusk|100/100
|move|p2a: Ursaluna|Earthquake|p1a: Barca
|-damage|p1a: Barca|58/100
|
|-heal|p1a: Barca|64/100|[from] item: Leftovers
|-damage|p2a: Ursaluna|94/100 brn|[from] brn
|upkeep
|turn|3
|inactive|Battle timer is ON: inactive players will automatically lose when time's up. (requested by plshelpme37)
|
|t:|1776307690
|switch|p2a: Talonflame|Talonflame, F|100/100
|move|p1a: Barca|Stealth Rock|p2a: Talonflame
|-sidestart|p2: plshelpme37|move: Stealth Rock
|
|-heal|p1a: Barca|70/100|[from] item: Leftovers
|upkeep
|turn|4
|
|t:|1776307697
|move|p2a: Talonflame|Defog|p1a: Barca
|-unboost|p1a: Barca|evasion|1
|-sideend|p2: plshelpme37|Stealth Rock|[from] move: Defog|[of] p2a: Talonflame
|move|p1a: Barca|Rapid Spin|p2a: Talonflame
|-damage|p2a: Talonflame|83/100
|-boost|p1a: Barca|spe|1
|-status|p1a: Barca|brn|[from] ability: Flame Body|[of] p2a: Talonflame
|
|-heal|p1a: Barca|76/100 brn|[from] item: Leftovers
|-damage|p1a: Barca|70/100 brn|[from] brn
|upkeep
|turn|5
|
|t:|1776307711
|move|p2a: Talonflame|U-turn|p1a: Barca
|-resisted|p1a: Barca
|-damage|p1a: Barca|67/100 brn
|
|t:|1776307720
|switch|p2a: Samurott|Samurott-Hisui, M|100/100|[from] U-turn
|move|p1a: Barca|Stealth Rock|p2a: Samurott
|-sidestart|p2: plshelpme37|move: Stealth Rock
|
|-heal|p1a: Barca|73/100 brn|[from] item: Leftovers
|-damage|p1a: Barca|67/100 brn|[from] brn
|upkeep
|turn|6
|
|t:|1776307728
|-end|p1a: Barca|Protosynthesis|[silent]
|switch|p1a: Charybdis|Alomomola, M, shiny|100/100
|move|p2a: Samurott|Razor Shell|p1a: Charybdis
|-resisted|p1a: Charybdis
|-damage|p1a: Charybdis|86/100
|-unboost|p1a: Charybdis|def|1
|-damage|p2a: Samurott|84/100|[from] item: Rocky Helmet|[of] p1a: Charybdis
|
|upkeep
|turn|7
|
|t:|1776307736
|switch|p2a: Clodsire|Clodsire, F|100/100
|-damage|p2a: Clodsire|94/100|[from] Stealth Rock
|move|p1a: Charybdis|Scald|p2a: Clodsire
|-heal|p2a: Clodsire|100/100|[from] ability: Water Absorb|[of] p1a: Charybdis
|
|upkeep
|turn|8
|
|t:|1776307744
|move|p1a: Charybdis|Wish|p1a: Charybdis
|move|p2a: Clodsire|Toxic|p1a: Charybdis
|-status|p1a: Charybdis|tox
|
|-damage|p1a: Charybdis|80/100 tox|[from] psn
|upkeep
|turn|9
|
|t:|1776307764
|switch|p1a: Mahad|Meowscarada, F, shiny|100/100
|move|p2a: Clodsire|Earthquake|p1a: Mahad
|-resisted|p1a: Mahad
|-damage|p1a: Mahad|81/100
|
|-heal|p1a: Mahad|100/100|[from] move: Wish|[wisher] Charybdis
|upkeep
|turn|10
|
|t:|1776307771
|switch|p2a: Talonflame|Talonflame, F|83/100
|move|p1a: Mahad|Triple Axel|p2a: Talonflame
|-start|p1a: Mahad|typechange|Ice|[from] ability: Protean
|-damage|p2a: Talonflame|71/100
|-damage|p2a: Talonflame|49/100
|-crit|p2a: Talonflame
|-damage|p2a: Talonflame|0 fnt
|faint|p2a: Talonflame
|-hitcount|p2: Talonflame|3
|
|upkeep
|
|t:|1776307785
|switch|p2a: Samurott|Samurott-Hisui, M|84/100
|-damage|p2a: Samurott|72/100|[from] Stealth Rock
|turn|11
|
|t:|1776307793
|switch|p1a: Charybdis|Alomomola, M, shiny|100/100 tox
|move|p2a: Samurott|Ceaseless Edge|p1a: Charybdis
|-damage|p1a: Charybdis|78/100 tox
|-damage|p2a: Samurott|55/100|[from] item: Rocky Helmet|[of] p1a: Charybdis
|-sidestart|p1: magistermilitum420|Spikes
|
|-damage|p1a: Charybdis|72/100 tox|[from] psn
|upkeep
|turn|12
|
|t:|1776307801
|move|p2a: Samurott|Ceaseless Edge|p1a: Charybdis
|-damage|p1a: Charybdis|48/100 tox
|-damage|p2a: Samurott|39/100|[from] item: Rocky Helmet|[of] p1a: Charybdis
|-sidestart|p1: magistermilitum420|Spikes
|move|p1a: Charybdis|Wish|p1a: Charybdis
|
|-damage|p1a: Charybdis|35/100 tox|[from] psn
|upkeep
|turn|13
|
|t:|1776307818
|switch|p2a: Dragapult|Dragapult, M|100/100
|-damage|p2a: Dragapult|88/100|[from] Stealth Rock
|move|p1a: Charybdis|Protect||[still]
|-fail|p1a: Charybdis
|
|-heal|p1a: Charybdis|85/100 tox|[from] move: Wish|[wisher] Charybdis
|-heal|p2a: Dragapult|94/100|[from] item: Leftovers
|-damage|p1a: Charybdis|67/100 tox|[from] psn
|upkeep
|turn|14
|
|t:|1776307832
|move|p2a: Dragapult|Hex|p1a: Charybdis
|-damage|p1a: Charybdis|4/100 tox
|move|p1a: Charybdis|Flip Turn|p2a: Dragapult
|-resisted|p2a: Dragapult
|-damage|p2a: Dragapult|83/100
|
|t:|1776307838
|switch|p1a: Mahad|Meowscarada, F, shiny|100/100|[from] Flip Turn
|-damage|p1a: Mahad|84/100|[from] Spikes
|
|-heal|p2a: Dragapult|89/100|[from] item: Leftovers
|upkeep
|turn|15
|
|t:|1776307851
|move|p1a: Mahad|Knock Off|p2a: Dragapult
|-start|p1a: Mahad|typechange|Dark|[from] ability: Protean
|-supereffective|p2a: Dragapult
|-damage|p2a: Dragapult|0 fnt
|-enditem|p2a: Dragapult|Leftovers|[from] move: Knock Off|[of] p1a: Mahad
|faint|p2a: Dragapult
|
|upkeep
|
|t:|1776307861
|switch|p2a: Samurott|Samurott-Hisui, M|39/100
|-damage|p2a: Samurott|26/100|[from] Stealth Rock
|turn|16
|
|t:|1776307873
|switch|p1a: Charybdis|Alomomola, M, shiny|38/100 tox
|-damage|p1a: Charybdis|21/100 tox|[from] Spikes
|move|p2a: Samurott|Ceaseless Edge|p1a: Charybdis
|-damage|p1a: Charybdis|0 fnt
|-damage|p2a: Samurott|10/100|[from] item: Rocky Helmet|[of] p1a: Charybdis
|-sidestart|p1: magistermilitum420|Spikes
|faint|p1a: Charybdis
|
|upkeep
|
|t:|1776307883
|switch|p1a: Mahad|Meowscarada, F, shiny|84/100
|-damage|p1a: Mahad|59/100|[from] Spikes
|turn|17
|
|t:|1776307888
|move|p1a: Mahad|U-turn|p2a: Samurott
|-start|p1a: Mahad|typechange|Bug|[from] ability: Protean
|-supereffective|p2a: Samurott
|-damage|p2a: Samurott|0 fnt
|faint|p2a: Samurott
|
|t:|1776307895
|switch|p1a: Barca|Great Tusk|67/100 brn|[from] U-turn
|-damage|p1a: Barca|42/100 brn|[from] Spikes
|
|-heal|p1a: Barca|48/100 brn|[from] item: Leftovers
|-damage|p1a: Barca|42/100 brn|[from] brn
|upkeep
|
|t:|1776307903
|switch|p2a: Ogerpon|Ogerpon, F|100/100
|turn|18
|
|t:|1776307909
|-terastallize|p1a: Barca|Steel
|move|p2a: Ogerpon|Power Whip|p1a: Barca
|-resisted|p1a: Barca
|-damage|p1a: Barca|27/100 brn
|move|p1a: Barca|Rapid Spin|p2a: Ogerpon
|-damage|p2a: Ogerpon|91/100
|-boost|p1a: Barca|spe|1
|-sideend|p1: magistermilitum420|Spikes|[from] move: Rapid Spin|[of] p1a: Barca
|
|-heal|p1a: Barca|33/100 brn|[from] item: Leftovers
|-damage|p1a: Barca|27/100 brn|[from] brn
|upkeep
|turn|19
|
|t:|1776307933
|-end|p1a: Barca|Protosynthesis|[silent]
|switch|p1a: Mithridates|Slowking-Galar, M|100/100
|move|p2a: Ogerpon|Trailblaze|p1a: Mithridates
|-resisted|p1a: Mithridates
|-damage|p1a: Mithridates|88/100
|-boost|p2a: Ogerpon|spe|1
|
|upkeep
|turn|20
|inactive|plshelpme37 has 120 seconds left.
|inactive|plshelpme37 has 90 seconds left.
|
|t:|1776307998
|switch|p2a: Ursaluna|Ursaluna, M|94/100 brn
|-damage|p2a: Ursaluna|88/100 brn|[from] Stealth Rock
|move|p1a: Mithridates|Psychic Noise|p2a: Ursaluna
|-damage|p2a: Ursaluna|55/100 brn
|-start|p2a: Ursaluna|move: Heal Block
|
|-damage|p2a: Ursaluna|49/100 brn|[from] brn
|upkeep
|turn|21
|inactive|magistermilitum420 has 120 seconds left.
|
|t:|1776308019
|switch|p1a: Barca|Great Tusk, tera:Steel|27/100 brn
|move|p2a: Ursaluna|Earthquake|p1a: Barca
|-supereffective|p1a: Barca
|-damage|p1a: Barca|0 fnt
|faint|p1a: Barca
|-end|p1a: Barca|Protosynthesis|[silent]
|
|-damage|p2a: Ursaluna|43/100 brn|[from] brn
|-end|p2a: Ursaluna|move: Heal Block
|upkeep
|inactive|magistermilitum420 has 120 seconds left.
|
|t:|1776308033
|switch|p1a: Mahad|Meowscarada, F, shiny|59/100
|turn|22
|
|t:|1776308047
|move|p1a: Mahad|Flower Trick|p2a: Ursaluna
|-start|p1a: Mahad|typechange|Grass|[from] ability: Protean
|-supereffective|p2a: Ursaluna
|-crit|p2a: Ursaluna
|-damage|p2a: Ursaluna|0 fnt
|faint|p2a: Ursaluna
|
|upkeep
|
|t:|1776308050
|switch|p2a: Ogerpon|Ogerpon, F|91/100
|turn|23
|
|t:|1776308061
|switch|p1a: Vulcanus|Heatran, F, shiny|97/100
|move|p2a: Ogerpon|Knock Off|p1a: Vulcanus
|-damage|p1a: Vulcanus|64/100
|-enditem|p1a: Vulcanus|Choice Specs|[from] move: Knock Off|[of] p2a: Ogerpon
|
|upkeep
|turn|24
|inactive|plshelpme37 has 120 seconds left.
|
|t:|1776308068
|switch|p2a: Clodsire|Clodsire, F|100/100
|-damage|p2a: Clodsire|94/100|[from] Stealth Rock
|move|p1a: Vulcanus|Overheat|p2a: Clodsire|[miss]
|-miss|p1a: Vulcanus|p2a: Clodsire
|
|-heal|p2a: Clodsire|100/100|[from] item: Leftovers
|upkeep
|turn|25
|inactive|plshelpme37 has 120 seconds left.
|
|t:|1776308082
|switch|p1a: Mithridates|Slowking-Galar, M|100/100
|move|p2a: Clodsire|Stealth Rock|p1a: Mithridates
|-sidestart|p1: magistermilitum420|move: Stealth Rock
|
|upkeep
|turn|26
|
|t:|1776308090
|move|p1a: Mithridates|Psychic Noise|p2a: Clodsire
|-supereffective|p2a: Clodsire
|-damage|p2a: Clodsire|63/100
|-start|p2a: Clodsire|move: Heal Block
|move|p2a: Clodsire|Earthquake|p1a: Mithridates
|-supereffective|p1a: Mithridates
|-damage|p1a: Mithridates|41/100
|
|upkeep
|turn|27
|
|t:|1776308104
|move|p1a: Mithridates|Psychic Noise|p2a: Clodsire
|-supereffective|p2a: Clodsire
|-damage|p2a: Clodsire|26/100
|move|p2a: Clodsire|Earthquake|p1a: Mithridates
|-supereffective|p1a: Mithridates
|-crit|p1a: Mithridates
|-damage|p1a: Mithridates|0 fnt
|faint|p1a: Mithridates
|
|-end|p2a: Clodsire|move: Heal Block
|upkeep
|
|t:|1776308114
|switch|p1a: Pallas|Iron Valiant, shiny|100/100
|-damage|p1a: Pallas|94/100|[from] Stealth Rock
|-enditem|p1a: Pallas|Booster Energy
|-activate|p1a: Pallas|ability: Quark Drive|[fromitem]
|-start|p1a: Pallas|quarkdrivespe
|turn|28
|
|t:|1776308121
|move|p1a: Pallas|Knock Off|p2a: Clodsire
|-damage|p2a: Clodsire|0 fnt
|-enditem|p2a: Clodsire|Leftovers|[from] move: Knock Off|[of] p1a: Pallas
|faint|p2a: Clodsire
|
|upkeep
|
|t:|1776308124
|switch|p2a: Ogerpon|Ogerpon, F|91/100
|turn|29
|
|t:|1776308130
|-terastallize|p2a: Ogerpon|Grass
|detailschange|p2a: Ogerpon|Ogerpon-Teal-Tera, F, tera:Grass
|-ability|p2a: Ogerpon|Embody Aspect (Teal)|boost
|-boost|p2a: Ogerpon|spe|1
|move|p1a: Pallas|Moonblast|p2a: Ogerpon
|-damage|p2a: Ogerpon|31/100
|move|p2a: Ogerpon|Power Whip|p1a: Pallas
|-damage|p1a: Pallas|0 fnt
|faint|p1a: Pallas
|-end|p1a: Pallas|Quark Drive|[silent]
|
|upkeep
|
|t:|1776308145
|switch|p1a: Vulcanus|Heatran, F, shiny|64/100
|-damage|p1a: Vulcanus|52/100|[from] Stealth Rock
|turn|30
|
|t:|1776308152
|move|p2a: Ogerpon|Trailblaze|p1a: Vulcanus
|-resisted|p1a: Vulcanus
|-damage|p1a: Vulcanus|42/100
|-boost|p2a: Ogerpon|spe|1
|move|p1a: Vulcanus|Overheat|p2a: Ogerpon
|-supereffective|p2a: Ogerpon
|-damage|p2a: Ogerpon|0 fnt
|-unboost|p1a: Vulcanus|spa|2
|faint|p2a: Ogerpon
|detailschange|p2: Ogerpon|Ogerpon, F|[silent]
|
|win|magistermilitum420
|raw|magistermilitum420's rating: 1360 &rarr; <strong>1383</strong><br />(+23 for winning)
|raw|plshelpme37's rating: 1407 &rarr; <strong>1384</strong><br />(-23 for losing)
|l|☆plshelpme37
|player|p2|
|c|☆magistermilitum420|gg
