|html|<div class="broadcast-blue"><strong>[Gen 9] OU is currently suspecting Tera Blast! For information on how to participate check out the <a href="https://www.smogon.com/tools/suspects/view/200">suspect thread</a>.</strong></div>
|j|☆Veragheral
|j|☆pombo69
|t:|1776091832
|gametype|singles
|player|p1|Veragheral|170|1169
|player|p2|pombo69|170|1201
|gen|9
|tier|[Gen 9] OU
|rated|
|rule|HP Percentage Mod: HP is shown in percentages
|rule|Endless Battle Clause: Forcing endless battles is banned
|rule|Species Clause: Limit one of each Pokémon
|rule|OHKO Clause: OHKO moves are banned
|rule|Evasion Items Clause: Evasion items are banned
|rule|Evasion Moves Clause: Evasion moves are banned
|rule|Evasion Abilities Clause: Evasion abilities are banned
|rule|Sleep Moves Clause: Sleep-inducing moves are banned
|clearpoke
|poke|p1|Kyurem|
|poke|p1|Cinderace, F|
|poke|p1|Hatterene, F|
|poke|p1|Dragalge, M|
|poke|p1|Lokix, F|
|poke|p1|Deoxys-Defense|
|poke|p2|Sceptile, F|
|poke|p2|Incineroar, F|
|poke|p2|Froslass, F|
|poke|p2|Garchomp, M|
|poke|p2|Gholdengo|
|poke|p2|Toxapex, M|
|teampreview
|j| ohko_smeargle
|inactive|Battle timer is ON: inactive players will automatically lose when time's up. (requested by Veragheral)
|
|t:|1776091841
|teamsize|p1|6
|teamsize|p2|6
|start
|switch|p1a: Deoxys|Deoxys-Defense|100/100
|switch|p2a: Froslass|Froslass, F|100/100
|-ability|p1a: Deoxys|Pressure
|turn|1
|
|t:|1776091849
|move|p2a: Froslass|Taunt|p1a: Deoxys
|-start|p1a: Deoxys|move: Taunt
|cant|p1a: Deoxys|move: Taunt|Stealth Rock
|
|upkeep
|turn|2
|
|t:|1776091856
|switch|p1a: Hatterene|Hatterene, F, shiny|100/100
|move|p2a: Froslass|Spikes|p1a: Hatterene
|move|p1a: Hatterene|Spikes|p2a: Froslass|[from] ability: Magic Bounce
|-sidestart|p2: pombo69|Spikes
|
|upkeep
|turn|3
|
|t:|1776091862
|move|p2a: Froslass|Taunt|p1a: Hatterene
|move|p1a: Hatterene|Taunt|p2a: Froslass|[from] ability: Magic Bounce
|-start|p2a: Froslass|move: Taunt
|move|p1a: Hatterene|Trick Room|p1a: Hatterene
|-fieldstart|move: Trick Room|[of] p1a: Hatterene
|
|upkeep
|turn|4
|
|t:|1776091873
|switch|p2a: Toxapex|Toxapex, M|100/100
|-damage|p2a: Toxapex|88/100|[from] Spikes
|move|p1a: Hatterene|Calm Mind|p1a: Hatterene
|-boost|p1a: Hatterene|spa|1
|-boost|p1a: Hatterene|spd|1
|
|-heal|p2a: Toxapex|94/100|[from] item: Black Sludge
|upkeep
|turn|5
|
|t:|1776091882
|move|p1a: Hatterene|Psychic Noise|p2a: Toxapex
|-supereffective|p2a: Toxapex
|-damage|p2a: Toxapex|0 fnt
|faint|p2a: Toxapex
|
|upkeep
|inactive|pombo69 has 120 seconds left.
|
|t:|1776091919
|switch|p2a: Incineroar|Incineroar, F|100/100
|-damage|p2a: Incineroar|88/100|[from] Spikes
|-ability|p2a: Incineroar|Intimidate|boost
|-unboost|p1a: Hatterene|atk|1
|turn|6
|inactive|pombo69 has 120 seconds left.
|
|t:|1776091925
|move|p2a: Incineroar|Fake Out|p1a: Hatterene
|-damage|p1a: Hatterene|88/100
|cant|p1a: Hatterene|flinch
|
|upkeep
|turn|7
|
|t:|1776091934
|switch|p2a: Gholdengo|Gholdengo|100/100
|-damage|p2a: Gholdengo|88/100|[from] Spikes
|move|p1a: Hatterene|Draining Kiss|p2a: Gholdengo
|-resisted|p2a: Gholdengo
|-damage|p2a: Gholdengo|62/100
|-heal|p1a: Hatterene|100/100|[from] drain|[of] p2a: Gholdengo
|
|-heal|p2a: Gholdengo|68/100|[from] item: Leftovers
|-fieldend|move: Trick Room
|upkeep
|turn|8
|
|t:|1776091948
|move|p2a: Gholdengo|Nasty Plot|p2a: Gholdengo
|-boost|p2a: Gholdengo|spa|2
|move|p1a: Hatterene|Trick Room|p1a: Hatterene
|-fieldstart|move: Trick Room|[of] p1a: Hatterene
|
|-heal|p2a: Gholdengo|74/100|[from] item: Leftovers
|upkeep
|turn|9
|
|t:|1776091952
|move|p1a: Hatterene|Calm Mind|p1a: Hatterene
|-boost|p1a: Hatterene|spa|1
|-boost|p1a: Hatterene|spd|1
|move|p2a: Gholdengo|Make It Rain|p1a: Hatterene
|-supereffective|p1a: Hatterene
|-enditem|p1a: Hatterene|Focus Sash
|-damage|p1a: Hatterene|1/100
|-unboost|p2a: Gholdengo|spa|1
|
|-heal|p2a: Gholdengo|80/100|[from] item: Leftovers
|upkeep
|turn|10
|
|t:|1776091964
|move|p1a: Hatterene|Draining Kiss|p2a: Gholdengo
|-resisted|p2a: Gholdengo
|-damage|p2a: Gholdengo|47/100
|-heal|p1a: Hatterene|31/100|[from] drain|[of] p2a: Gholdengo
|move|p2a: Gholdengo|Shadow Ball|p1a: Hatterene
|-supereffective|p1a: Hatterene
|-damage|p1a: Hatterene|0 fnt
|faint|p1a: Hatterene
|
|-heal|p2a: Gholdengo|54/100|[from] item: Leftovers
|upkeep
|
|t:|1776091969
|switch|p1a: Dragalge|Dragalge, M|100/100
|turn|11
|
|t:|1776091989
|move|p1a: Dragalge|Shadow Ball|p2a: Gholdengo
|-supereffective|p2a: Gholdengo
|-crit|p2a: Gholdengo
|-damage|p2a: Gholdengo|0 fnt
|faint|p2a: Gholdengo
|
|upkeep
|
|t:|1776092002
|switch|p2a: Incineroar|Incineroar, F|88/100
|-damage|p2a: Incineroar|76/100|[from] Spikes
|-ability|p2a: Incineroar|Intimidate|boost
|-unboost|p1a: Dragalge|atk|1
|turn|12
|
|t:|1776092011
|move|p1a: Dragalge|Sludge Wave|p2a: Incineroar
|-damage|p2a: Incineroar|44/100
|move|p2a: Incineroar|Darkest Lariat|p1a: Dragalge
|-damage|p1a: Dragalge|53/100
|
|-fieldend|move: Trick Room
|upkeep
|turn|13
|
|t:|1776092029
|move|p2a: Incineroar|Darkest Lariat|p1a: Dragalge
|-damage|p1a: Dragalge|4/100
|move|p1a: Dragalge|Draco Meteor|p2a: Incineroar
|-damage|p2a: Incineroar|5/100
|-unboost|p1a: Dragalge|spa|2
|
|upkeep
|turn|14
|
|t:|1776092036
|move|p2a: Incineroar|Darkest Lariat|p1a: Dragalge
|-damage|p1a: Dragalge|0 fnt
|faint|p1a: Dragalge
|
|upkeep
|
|t:|1776092039
|switch|p1a: Deoxys|Deoxys-Defense|100/100
|-ability|p1a: Deoxys|Pressure
|turn|15
|
|t:|1776092044
|move|p1a: Deoxys|Extreme Speed|p2a: Incineroar
|-damage|p2a: Incineroar|0 fnt
|faint|p2a: Incineroar
|
|upkeep
|
|t:|1776092048
|switch|p2a: Froslass|Froslass, F|100/100
|-damage|p2a: Froslass|88/100|[from] Spikes
|turn|16
|
|t:|1776092053
|switch|p1a: Lokix|Lokix, F|100/100
|move|p2a: Froslass|Taunt|p1a: Lokix
|-start|p1a: Lokix|move: Taunt
|
|upkeep
|turn|17
|
|t:|1776092062
|-terastallize|p1a: Lokix|Bug
|move|p1a: Lokix|First Impression|p2a: Froslass
|-resisted|p2a: Froslass
|-damage|p2a: Froslass|0 fnt
|faint|p2a: Froslass
|
|upkeep
|
|t:|1776092069
|switch|p2a: Garchomp|Garchomp, M|100/100
|-damage|p2a: Garchomp|88/100|[from] Spikes
|turn|18
|
|t:|1776092073
|move|p1a: Lokix|U-turn|p2a: Garchomp
|-damage|p2a: Garchomp|49/100
|-damage|p1a: Lokix|88/100|[from] ability: Rough Skin|[of] p2a: Garchomp
|-damage|p1a: Lokix|72/100|[from] item: Rocky Helmet|[of] p2a: Garchomp
|
|t:|1776092075
|switch|p1a: Kyurem|Kyurem|100/100|[from] U-turn
|-ability|p1a: Kyurem|Pressure
|move|p2a: Garchomp|Stealth Rock|p1a: Kyurem
|-sidestart|p1: Veragheral|move: Stealth Rock
|
|upkeep
|turn|19
|
|t:|1776092086
|move|p1a: Kyurem|Ice Beam|p2a: Garchomp
|-supereffective|p2a: Garchomp
|-damage|p2a: Garchomp|0 fnt
|faint|p2a: Garchomp
|
|upkeep
|
|t:|1776092090
|switch|p2a: Sceptile|Sceptile, F|100/100
|-damage|p2a: Sceptile|88/100|[from] Spikes
|turn|20
|
|t:|1776092096
|-terastallize|p2a: Sceptile|Ice
|move|p2a: Sceptile|Focus Blast|p1a: Kyurem|[miss]
|-miss|p2a: Sceptile|p1a: Kyurem
|move|p1a: Kyurem|Ice Beam|p2a: Sceptile
|-resisted|p2a: Sceptile
|-damage|p2a: Sceptile|40/100
|
|upkeep
|turn|21
|
|t:|1776092103
|move|p2a: Sceptile|Focus Blast|p1a: Kyurem|[miss]
|-miss|p2a: Sceptile|p1a: Kyurem
|move|p1a: Kyurem|Ice Beam|p2a: Sceptile
|-resisted|p2a: Sceptile
|-damage|p2a: Sceptile|0 fnt
|faint|p2a: Sceptile
|
|win|Veragheral
|raw|Veragheral's rating: 1169 &rarr; <strong>1196</strong><br />(+27 for winning)
|raw|pombo69's rating: 1201 &rarr; <strong>1174</strong><br />(-27 for losing)
|l| ohko_smeargle
|l|☆Veragheral
|player|p1|
|l|☆pombo69
|player|p2|
