|html|<div class="broadcast-blue"><strong>[Gen 9] OU is currently suspecting Tera Blast! For information on how to participate check out the <a href="https://www.smogon.com/tools/suspects/view/200">suspect thread</a>.</strong></div>
|j|☆tbiscool
|j|☆wavyish
|t:|1776102842
|gametype|singles
|player|p1|tbiscool|chuck|1621
|player|p2|wavyish|akari|1619
|gen|9
|tier|[Gen 9] OU
|rated|
|rule|HP Percentage Mod: HP is shown in percentages
|rule|Endless Battle Clause: Forcing endless battles is banned
|rule|Species Clause: Limit one of each Pokémon
|rule|OHKO Clause: OHKO moves are banned
|rule|Evasion Items Clause: Evasion items are banned
|rule|Evasion Moves Clause: Evasion moves are banned
|rule|Evasion Abilities Clause: Evasion abilities are banned
|rule|Sleep Moves Clause: Sleep-inducing moves are banned
|clearpoke
|poke|p1|Indeedee, M|
|poke|p1|Hoopa-Unbound|
|poke|p1|Ceruledge, F|
|poke|p1|Polteageist-Antique|
|poke|p1|Cinderace, M|
|poke|p1|Iron Valiant|
|poke|p2|Gholdengo|
|poke|p2|Darkrai|
|poke|p2|Clefable, F|
|poke|p2|Ting-Lu|
|poke|p2|Dragonite, F|
|poke|p2|Pecharunt|
|teampreview
|inactive|Battle timer is ON: inactive players will automatically lose when time's up. (requested by tbiscool)
|inactive|wavyish has 120 seconds left.
|inactive|wavyish has 90 seconds left.
|
|t:|1776102904
|teamsize|p1|6
|teamsize|p2|6
|start
|switch|p1a: Cinderace|Cinderace, M|100/100
|switch|p2a: Darkrai|Darkrai|100/100
|turn|1
|
|t:|1776102914
|move|p1a: Cinderace|High Jump Kick|p2a: Darkrai
|-start|p1a: Cinderace|typechange|Fighting|[from] ability: Libero
|-supereffective|p2a: Darkrai
|-damage|p2a: Darkrai|0 fnt
|faint|p2a: Darkrai
|
|upkeep
|
|t:|1776102921
|switch|p2a: Ting-Lu|Ting-Lu|100/100
|-ability|p2a: Ting-Lu|Vessel of Ruin
|turn|2
|
|t:|1776102926
|switch|p1a: Indeedee|Indeedee, M|100/100
|-fieldstart|move: Psychic Terrain|[from] ability: Psychic Surge|[of] p1a: Indeedee
|switch|p2a: Gholdengo|Gholdengo|100/100
|
|upkeep
|turn|3
|
|t:|1776102941
|switch|p1a: Cinderace|Cinderace, M|100/100
|move|p2a: Gholdengo|Make It Rain|p1a: Cinderace
|-resisted|p1a: Cinderace
|-damage|p1a: Cinderace|54/100
|-unboost|p2a: Gholdengo|spa|1
|
|upkeep
|turn|4
|
|t:|1776102946
|switch|p2a: Pecharunt|Pecharunt|100/100
|move|p1a: Cinderace|U-turn|p2a: Pecharunt
|-start|p1a: Cinderace|typechange|Bug|[from] ability: Libero
|-resisted|p2a: Pecharunt
|-damage|p2a: Pecharunt|95/100
|
|t:|1776102951
|switch|p1a: Polteageist|Polteageist-Antique|100/100|[from] U-turn
|
|upkeep
|turn|5
|
|t:|1776102954
|switch|p2a: Ting-Lu|Ting-Lu|100/100
|-ability|p2a: Ting-Lu|Vessel of Ruin
|move|p1a: Polteageist|Shadow Ball|p2a: Ting-Lu
|-resisted|p2a: Ting-Lu
|-damage|p2a: Ting-Lu|89/100
|-enditem|p2a: Ting-Lu|Red Card|[of] p1a: Polteageist
|drag|p1a: Hoopa|Hoopa-Unbound|100/100
|
|upkeep
|turn|6
|
|t:|1776102964
|move|p1a: Hoopa|Focus Blast|p2a: Ting-Lu
|-supereffective|p2a: Ting-Lu
|-damage|p2a: Ting-Lu|45/100
|move|p2a: Ting-Lu|Stealth Rock|p1a: Hoopa
|-sidestart|p1: tbiscool|move: Stealth Rock
|
|upkeep
|turn|7
|
|t:|1776102977
|switch|p1a: Iron Valiant|Iron Valiant|100/100
|-damage|p1a: Iron Valiant|94/100|[from] Stealth Rock
|-enditem|p1a: Iron Valiant|Booster Energy
|-activate|p1a: Iron Valiant|ability: Quark Drive|[fromitem]
|-start|p1a: Iron Valiant|quarkdrivespe
|move|p2a: Ting-Lu|Ruination|p1a: Iron Valiant
|-damage|p1a: Iron Valiant|48/100
|
|upkeep
|turn|8
|
|t:|1776102985
|switch|p2a: Clefable|Clefable, F|100/100
|move|p1a: Iron Valiant|Moonblast|p2a: Clefable
|-damage|p2a: Clefable|53/100
|
|upkeep
|turn|9
|
|t:|1776102993
|move|p1a: Iron Valiant|Moonblast|p2a: Clefable
|-damage|p2a: Clefable|9/100
|move|p2a: Clefable|Moonblast|p1a: Iron Valiant
|-supereffective|p1a: Iron Valiant
|-damage|p1a: Iron Valiant|0 fnt
|faint|p1a: Iron Valiant
|-end|p1a: Iron Valiant|Quark Drive|[silent]
|
|-fieldend|move: Psychic Terrain
|upkeep
|
|t:|1776102996
|switch|p1a: Cinderace|Cinderace, M|54/100
|-damage|p1a: Cinderace|29/100|[from] Stealth Rock
|turn|10
|
|t:|1776103000
|move|p1a: Cinderace|Court Change|p1a: Cinderace
|-start|p1a: Cinderace|typechange|Normal|[from] ability: Libero
|-swapsideconditions
|-activate|p1a: Cinderace|move: Court Change
|move|p2a: Clefable|Moonlight|p2a: Clefable
|-heal|p2a: Clefable|59/100
|
|upkeep
|turn|11
|
|t:|1776103006
|switch|p1a: Indeedee|Indeedee, M|100/100
|-fieldstart|move: Psychic Terrain|[from] ability: Psychic Surge|[of] p1a: Indeedee
|move|p2a: Clefable|Moonblast|p1a: Indeedee
|-damage|p1a: Indeedee|38/100
|
|upkeep
|turn|12
|
|t:|1776103012
|move|p1a: Indeedee|Expanding Force|p2a: Clefable
|-damage|p2a: Clefable|0 fnt
|faint|p2a: Clefable
|
|upkeep
|
|t:|1776103016
|switch|p2a: Gholdengo|Gholdengo|100/100
|-damage|p2a: Gholdengo|94/100|[from] Stealth Rock
|turn|13
|
|t:|1776103024
|switch|p1a: Cinderace|Cinderace, M|29/100
|move|p2a: Gholdengo|Make It Rain|p1a: Cinderace
|-resisted|p1a: Cinderace
|-damage|p1a: Cinderace|0 fnt
|-unboost|p2a: Gholdengo|spa|1
|faint|p1a: Cinderace
|
|upkeep
|
|t:|1776103038
|switch|p1a: Polteageist|Polteageist-Antique|100/100
|turn|14
|
|t:|1776103041
|move|p2a: Gholdengo|Make It Rain|p1a: Polteageist
|-damage|p1a: Polteageist|53/100
|-unboost|p2a: Gholdengo|spa|1
|move|p1a: Polteageist|Shell Smash|p1a: Polteageist
|-unboost|p1a: Polteageist|def|1
|-unboost|p1a: Polteageist|spd|1
|-boost|p1a: Polteageist|atk|2
|-boost|p1a: Polteageist|spa|2
|-boost|p1a: Polteageist|spe|2
|
|upkeep
|turn|15
|
|t:|1776103048
|switch|p2a: Ting-Lu|Ting-Lu|45/100
|-damage|p2a: Ting-Lu|39/100|[from] Stealth Rock
|-ability|p2a: Ting-Lu|Vessel of Ruin
|move|p1a: Polteageist|Shadow Ball|p2a: Ting-Lu
|-resisted|p2a: Ting-Lu
|-damage|p2a: Ting-Lu|19/100
|
|upkeep
|turn|16
|
|t:|1776103053
|move|p1a: Polteageist|Tera Blast|p2a: Ting-Lu
|-damage|p2a: Ting-Lu|0 fnt
|faint|p2a: Ting-Lu
|
|upkeep
|
|t:|1776103059
|switch|p2a: Gholdengo|Gholdengo|94/100
|-damage|p2a: Gholdengo|88/100|[from] Stealth Rock
|turn|17
|
|t:|1776103062
|-terastallize|p2a: Gholdengo|Steel
|move|p1a: Polteageist|Shadow Ball|p2a: Gholdengo
|-damage|p2a: Gholdengo|0 fnt
|faint|p2a: Gholdengo
|
|upkeep
|
|t:|1776103069
|switch|p2a: Dragonite|Dragonite, F|100/100
|turn|18
|
|t:|1776103075
|move|p1a: Polteageist|Stored Power|p2a: Dragonite
|-damage|p2a: Dragonite|27/100
|move|p2a: Dragonite|Earthquake|p1a: Polteageist
|-damage|p1a: Polteageist|0 fnt
|faint|p1a: Polteageist
|
|-fieldend|move: Psychic Terrain
|upkeep
|
|t:|1776103078
|switch|p1a: Indeedee|Indeedee, M|38/100
|-fieldstart|move: Psychic Terrain|[from] ability: Psychic Surge|[of] p1a: Indeedee
|turn|19
|
|t:|1776103083
|move|p1a: Indeedee|Expanding Force|p2a: Dragonite
|-damage|p2a: Dragonite|0 fnt
|faint|p2a: Dragonite
|
|upkeep
|-message|wavyish forfeited.
|
|win|tbiscool
|raw|tbiscool's rating: 1621 &rarr; <strong>1641</strong><br />(+20 for winning)
|raw|wavyish's rating: 1619 &rarr; <strong>1599</strong><br />(-20 for losing)
|n| chickentrain|wavyish
|l|☆tbiscool
|player|p1|
|j|☆tbiscool
|player|p1|tbiscool|chuck|
|l|☆tbiscool
|player|p1|
