|html|<div class="broadcast-blue"><strong>[Gen 9] OU is currently suspecting Tera Blast! For information on how to participate check out the <a href="https://www.smogon.com/tools/suspects/view/200">suspect thread</a>.</strong></div>
|j|☆Allsopp
|j|☆nic123nic123
|t:|1776070091
|gametype|singles
|player|p1|Allsopp|dawn|1205
|player|p2|nic123nic123|cyrus|1176
|gen|9
|tier|[Gen 9] OU
|rated|
|rule|HP Percentage Mod: HP is shown in percentages
|rule|Endless Battle Clause: Forcing endless battles is banned
|rule|Species Clause: Limit one of each Pokémon
|rule|OHKO Clause: OHKO moves are banned
|rule|Evasion Items Clause: Evasion items are banned
|rule|Evasion Moves Clause: Evasion moves are banned
|rule|Evasion Abilities Clause: Evasion abilities are banned
|rule|Sleep Moves Clause: Sleep-inducing moves are banned
|clearpoke
|poke|p1|Gholdengo|
|poke|p1|Torterra, M|
|poke|p1|Alomomola, F|
|poke|p1|Arcanine-Hisui, M|
|poke|p1|Dragonite, F|
|poke|p1|Weezing-Galar, F|
|poke|p2|Garchomp, F|
|poke|p2|Darkrai|
|poke|p2|Gholdengo|
|poke|p2|Ceruledge, F|
|poke|p2|Iron Valiant|
|poke|p2|Quaquaval, F|
|teampreview
|j| ohko_smeargle
|
|t:|1776070100
|teamsize|p1|6
|teamsize|p2|6
|start
|switch|p1a: Torterra|Torterra, M|100/100
|switch|p2a: Gholdengo|Gholdengo|100/100
|-item|p2a: Gholdengo|Air Balloon
|turn|1
|
|t:|1776070108
|move|p2a: Gholdengo|Shadow Ball|p1a: Torterra
|-damage|p1a: Torterra|51/100
|-unboost|p1a: Torterra|spd|1
|-enditem|p1a: Torterra|White Herb
|-clearnegativeboost|p1a: Torterra|[silent]
|move|p1a: Torterra|Rock Slide|p2a: Gholdengo|[miss]
|-miss|p1a: Torterra|p2a: Gholdengo
|
|upkeep
|turn|2
|
|t:|1776070118
|switch|p1a: Weezing|Weezing-Galar, F|100/100
|move|p2a: Gholdengo|Focus Blast|p1a: Weezing
|-resisted|p1a: Weezing
|-damage|p1a: Weezing|85/100
|
|upkeep
|turn|3
|
|t:|1776070127
|switch|p1a: Arcanine|Arcanine-Hisui, M|100/100
|move|p2a: Gholdengo|Shadow Ball|p1a: Arcanine
|-damage|p1a: Arcanine|52/100
|
|upkeep
|turn|4
|
|t:|1776070135
|move|p1a: Arcanine|Flare Blitz|p2a: Gholdengo
|-supereffective|p2a: Gholdengo
|-damage|p2a: Gholdengo|0 fnt
|-enditem|p2a: Gholdengo|Air Balloon
|faint|p2a: Gholdengo
|
|upkeep
|
|t:|1776070141
|switch|p2a: Quaquaval|Quaquaval, F|100/100
|turn|5
|
|t:|1776070148
|switch|p1a: Dragonite|Dragonite, F|100/100
|move|p2a: Quaquaval|Knock Off|p1a: Dragonite
|-damage|p1a: Dragonite|87/100
|-enditem|p1a: Dragonite|Leftovers|[from] move: Knock Off|[of] p2a: Quaquaval
|
|upkeep
|turn|6
|
|t:|1776070161
|switch|p2a: Garchomp|Garchomp, F|100/100
|move|p1a: Dragonite|Thunder Wave|p2a: Garchomp
|-immune|p2a: Garchomp
|
|upkeep
|turn|7
|inactive|Battle timer is ON: inactive players will automatically lose when time's up. (requested by Allsopp)
|
|t:|1776070167
|move|p2a: Garchomp|Outrage|p1a: Dragonite
|-supereffective|p1a: Dragonite
|-damage|p1a: Dragonite|0 fnt
|faint|p1a: Dragonite
|
|upkeep
|
|t:|1776070173
|switch|p1a: Weezing|Weezing-Galar, F|85/100
|turn|8
|
|t:|1776070179
|move|p2a: Garchomp|Outrage|p1a: Weezing|[from] lockedmove
|-immune|p1a: Weezing
|-start|p2a: Garchomp|confusion|[fatigue]
|move|p1a: Weezing|Dazzling Gleam|p2a: Garchomp
|-supereffective|p2a: Garchomp
|-damage|p2a: Garchomp|28/100
|
|upkeep
|turn|9
|
|t:|1776070187
|-activate|p2a: Garchomp|confusion
|move|p2a: Garchomp|Earthquake|p1a: Weezing
|-immune|p1a: Weezing|[from] ability: Levitate
|move|p1a: Weezing|Dazzling Gleam|p2a: Garchomp
|-supereffective|p2a: Garchomp
|-damage|p2a: Garchomp|0 fnt
|faint|p2a: Garchomp
|
|upkeep
|
|t:|1776070197
|switch|p2a: Iron Valiant|Iron Valiant|100/100
|-enditem|p2a: Iron Valiant|Booster Energy
|-activate|p2a: Iron Valiant|ability: Quark Drive|[fromitem]
|-start|p2a: Iron Valiant|quarkdrivespe
|turn|10
|
|t:|1776070208
|move|p2a: Iron Valiant|Destiny Bond|p2a: Iron Valiant
|-singlemove|p2a: Iron Valiant|Destiny Bond
|move|p1a: Weezing|Dazzling Gleam|p2a: Iron Valiant
|-supereffective|p2a: Iron Valiant
|-damage|p2a: Iron Valiant|0 fnt
|faint|p2a: Iron Valiant
|-activate|p2a: Iron Valiant|move: Destiny Bond
|-end|p2a: Iron Valiant|Quark Drive|[silent]
|faint|p1a: Weezing
|
|upkeep
|
|t:|1776070218
|switch|p2a: Darkrai|Darkrai|100/100
|switch|p1a: Torterra|Torterra, M|51/100
|turn|11
|
|t:|1776070224
|move|p2a: Darkrai|Dark Pulse|p1a: Torterra
|-damage|p1a: Torterra|0 fnt
|faint|p1a: Torterra
|-damage|p2a: Darkrai|91/100|[from] item: Life Orb
|
|upkeep
|
|t:|1776070230
|switch|p1a: Arcanine|Arcanine-Hisui, M|52/100
|turn|12
|
|t:|1776070237
|move|p1a: Arcanine|Head Smash|p2a: Darkrai
|-damage|p2a: Darkrai|0 fnt
|faint|p2a: Darkrai
|
|upkeep
|
|t:|1776070242
|switch|p2a: Ceruledge|Ceruledge, F|100/100
|turn|13
|
|t:|1776070245
|move|p1a: Arcanine|Head Smash|p2a: Ceruledge
|-supereffective|p2a: Ceruledge
|-enditem|p2a: Ceruledge|Focus Sash
|-damage|p2a: Ceruledge|1/100
|-ability|p2a: Ceruledge|Weak Armor|boost
|-unboost|p2a: Ceruledge|def|1
|-boost|p2a: Ceruledge|spe|2
|move|p2a: Ceruledge|Brick Break|p1a: Arcanine
|-supereffective|p1a: Arcanine
|-damage|p1a: Arcanine|0 fnt
|faint|p1a: Arcanine
|
|upkeep
|
|t:|1776070255
|switch|p1a: Alomomola|Alomomola, F|100/100
|turn|14
|
|t:|1776070261
|move|p2a: Ceruledge|Poltergeist|p1a: Alomomola
|-activate|p1a: Alomomola|move: Poltergeist|Leftovers
|-damage|p1a: Alomomola|71/100
|move|p1a: Alomomola|Alluring Voice|p2a: Ceruledge
|-resisted|p2a: Ceruledge
|-damage|p2a: Ceruledge|0 fnt
|faint|p2a: Ceruledge
|
|-heal|p1a: Alomomola|77/100|[from] item: Leftovers
|upkeep
|
|t:|1776070270
|switch|p2a: Quaquaval|Quaquaval, F|100/100
|turn|15
|
|t:|1776070274
|move|p2a: Quaquaval|Aqua Step|p1a: Alomomola
|-resisted|p1a: Alomomola
|-damage|p1a: Alomomola|65/100
|-boost|p2a: Quaquaval|spe|1
|move|p1a: Alomomola|Alluring Voice|p2a: Quaquaval
|-supereffective|p2a: Quaquaval
|-damage|p2a: Quaquaval|82/100
|-start|p2a: Quaquaval|confusion
|
|-heal|p1a: Alomomola|72/100|[from] item: Leftovers
|upkeep
|turn|16
|
|t:|1776070284
|move|p1a: Alomomola|Protect|p1a: Alomomola
|-singleturn|p1a: Alomomola|Protect
|-activate|p2a: Quaquaval|confusion
|move|p2a: Quaquaval|Knock Off|p1a: Alomomola
|-activate|p1a: Alomomola|move: Protect
|
|-heal|p1a: Alomomola|78/100|[from] item: Leftovers
|upkeep
|turn|17
|
|t:|1776070292
|-activate|p2a: Quaquaval|confusion
|-damage|p2a: Quaquaval|65/100|[from] confusion
|move|p1a: Alomomola|Wish|p1a: Alomomola
|
|-heal|p1a: Alomomola|84/100|[from] item: Leftovers
|upkeep
|turn|18
|
|t:|1776070298
|-end|p2a: Quaquaval|confusion
|move|p2a: Quaquaval|Aqua Step|p1a: Alomomola
|-resisted|p1a: Alomomola
|-crit|p1a: Alomomola
|-damage|p1a: Alomomola|68/100
|-boost|p2a: Quaquaval|spe|1
|move|p1a: Alomomola|Alluring Voice|p2a: Quaquaval
|-supereffective|p2a: Quaquaval
|-damage|p2a: Quaquaval|49/100
|-start|p2a: Quaquaval|confusion
|
|-heal|p1a: Alomomola|100/100|[from] move: Wish|[wisher] Alomomola
|upkeep
|turn|19
|-message|nic123nic123 forfeited.
|
|win|Allsopp
|raw|Allsopp's rating: 1205 &rarr; <strong>1228</strong><br />(+23 for winning)
|raw|nic123nic123's rating: 1176 &rarr; <strong>1153</strong><br />(-23 for losing)
|l|☆nic123nic123
|player|p2|
|l| ohko_smeargle
|l|☆Allsopp
|player|p1|
