|html|<div class="broadcast-blue"><strong>[Gen 9] OU is currently suspecting Tera Blast! For information on how to participate check out the <a href="https://www.smogon.com/tools/suspects/view/200">suspect thread</a>.</strong></div>
|j|☆lolcano46
|j|☆Supa Dupa Hoopa
|t:|1776035787
|gametype|singles
|player|p1|lolcano46|fisherman-gen4|1479
|player|p2|Supa Dupa Hoopa|102|1464
|gen|9
|tier|[Gen 9] OU
|rated|
|rule|HP Percentage Mod: HP is shown in percentages
|rule|Endless Battle Clause: Forcing endless battles is banned
|rule|Species Clause: Limit one of each Pokémon
|rule|OHKO Clause: OHKO moves are banned
|rule|Evasion Items Clause: Evasion items are banned
|rule|Evasion Moves Clause: Evasion moves are banned
|rule|Evasion Abilities Clause: Evasion abilities are banned
|rule|Sleep Moves Clause: Sleep-inducing moves are banned
|clearpoke
|poke|p1|Azelf|
|poke|p1|Ogerpon-Wellspring, F|
|poke|p1|Scizor, F|
|poke|p1|Gengar, M|
|poke|p1|Raging Bolt|
|poke|p1|Cinderace, M|
|poke|p2|Great Tusk|
|poke|p2|Ditto|
|poke|p2|Corviknight, M|
|poke|p2|Alomomola, M|
|poke|p2|Meowscarada, F|
|poke|p2|Toxtricity-Low-Key, M|
|teampreview
|inactive|Battle timer is ON: inactive players will automatically lose when time's up. (requested by lolcano46)
|
|t:|1776035801
|teamsize|p1|6
|teamsize|p2|6
|start
|switch|p1a: Gengar|Gengar, M|100/100
|switch|p2a: Ditto|Ditto|100/100
|-transform|p2a: Ditto|p1a: Gengar|[from] ability: Imposter
|turn|1
|
|t:|1776035811
|switch|p2a: Alomomola|Alomomola, M|100/100
|move|p1a: Gengar|Shadow Ball|p2a: Alomomola
|-damage|p2a: Alomomola|81/100
|
|upkeep
|turn|2
|
|t:|1776035818
|switch|p1a: Ogerpon|Ogerpon-Wellspring, F|100/100
|move|p2a: Alomomola|Body Slam|p1a: Ogerpon
|-damage|p1a: Ogerpon|79/100
|
|upkeep
|turn|3
|
|t:|1776035831
|switch|p2a: Corviknight|Corviknight, M|100/100
|-ability|p2a: Corviknight|Pressure
|move|p1a: Ogerpon|Play Rough|p2a: Corviknight
|-resisted|p2a: Corviknight
|-damage|p2a: Corviknight|89/100
|
|-heal|p2a: Corviknight|96/100|[from] item: Leftovers
|upkeep
|turn|4
|
|t:|1776035844
|switch|p1a: Raging Bolt|Raging Bolt|100/100
|-enditem|p1a: Raging Bolt|Booster Energy
|-activate|p1a: Raging Bolt|ability: Protosynthesis|[fromitem]
|-start|p1a: Raging Bolt|protosynthesisspa
|move|p2a: Corviknight|Body Press|p1a: Raging Bolt
|-damage|p1a: Raging Bolt|76/100
|
|-heal|p2a: Corviknight|100/100|[from] item: Leftovers
|upkeep
|turn|5
|
|t:|1776035857
|switch|p2a: Alomomola|Alomomola, M|100/100
|move|p1a: Raging Bolt|Calm Mind|p1a: Raging Bolt
|-boost|p1a: Raging Bolt|spa|1
|-boost|p1a: Raging Bolt|spd|1
|
|upkeep
|turn|6
|
|t:|1776035866
|move|p1a: Raging Bolt|Thunderbolt|p2a: Alomomola
|-supereffective|p2a: Alomomola
|-damage|p2a: Alomomola|6/100
|move|p2a: Alomomola|Mirror Coat|p1a: Raging Bolt
|-damage|p1a: Raging Bolt|0 fnt
|faint|p1a: Raging Bolt
|-end|p1a: Raging Bolt|Protosynthesis|[silent]
|
|upkeep
|
|t:|1776035871
|switch|p1a: Azelf|Azelf|100/100
|turn|7
|
|t:|1776035886
|switch|p2a: Meowscarada|Meowscarada, F|100/100
|move|p1a: Azelf|Thunderbolt|p2a: Meowscarada
|-resisted|p2a: Meowscarada
|-damage|p2a: Meowscarada|76/100
|
|upkeep
|turn|8
|
|t:|1776035906
|-terastallize|p1a: Azelf|Fairy
|move|p2a: Meowscarada|U-turn|p1a: Azelf
|-start|p2a: Meowscarada|typechange|Bug|[from] ability: Protean
|-resisted|p1a: Azelf
|-damage|p1a: Azelf|75/100
|inactive|Supa Dupa Hoopa has 120 seconds left.
|
|t:|1776035919
|switch|p2a: Toxtricity|Toxtricity-Low-Key, M|100/100|[from] U-turn
|move|p1a: Azelf|Dazzling Gleam|p2a: Toxtricity
|-resisted|p2a: Toxtricity
|-damage|p2a: Toxtricity|68/100
|
|upkeep
|turn|9
|
|t:|1776035928
|switch|p2a: Meowscarada|Meowscarada, F|76/100
|move|p1a: Azelf|Psychic|p2a: Meowscarada
|-immune|p2a: Meowscarada
|
|upkeep
|turn|10
|
|t:|1776035934
|move|p2a: Meowscarada|Flower Trick|p1a: Azelf
|-start|p2a: Meowscarada|typechange|Grass|[from] ability: Protean
|-crit|p1a: Azelf
|-damage|p1a: Azelf|0 fnt
|faint|p1a: Azelf
|
|upkeep
|
|t:|1776035938
|switch|p1a: Scizor|Scizor, F|100/100
|turn|11
|
|t:|1776035944
|switch|p2a: Corviknight|Corviknight, M|100/100
|-ability|p2a: Corviknight|Pressure
|move|p1a: Scizor|Swords Dance|p1a: Scizor
|-boost|p1a: Scizor|atk|2
|
|upkeep
|turn|12
|
|t:|1776035951
|move|p1a: Scizor|Knock Off|p2a: Corviknight
|-damage|p2a: Corviknight|53/100
|-enditem|p2a: Corviknight|Leftovers|[from] move: Knock Off|[of] p1a: Scizor
|move|p2a: Corviknight|Bulk Up|p2a: Corviknight
|-boost|p2a: Corviknight|atk|1
|-boost|p2a: Corviknight|def|1
|
|upkeep
|turn|13
|
|t:|1776035961
|move|p1a: Scizor|Close Combat|p2a: Corviknight
|-damage|p2a: Corviknight|17/100
|-unboost|p1a: Scizor|def|1
|-unboost|p1a: Scizor|spd|1
|move|p2a: Corviknight|Roost|p2a: Corviknight
|-heal|p2a: Corviknight|67/100
|-singleturn|p2a: Corviknight|move: Roost
|
|upkeep
|turn|14
|-message|lolcano46 forfeited.
|
|win|Supa Dupa Hoopa
|raw|lolcano46's rating: 1479 &rarr; <strong>1458</strong><br />(-21 for losing)
|raw|Supa Dupa Hoopa's rating: 1464 &rarr; <strong>1485</strong><br />(+21 for winning)
|l|☆lolcano46
|player|p1|
|l|☆Supa Dupa Hoopa
|player|p2|
