|html|<div class="broadcast-blue"><strong>[Gen 9] OU is currently suspecting Tera Blast! For information on how to participate check out the <a href="https://www.smogon.com/tools/suspects/view/200">suspect thread</a>.</strong></div>
|j|☆Samarand
|j|☆DinkDinkDinkDink
|t:|1776113978
|gametype|singles
|player|p1|Samarand|birdkeeper-gen4dp|1481
|player|p2|DinkDinkDinkDink|170|1529
|gen|9
|tier|[Gen 9] OU
|rated|
|rule|HP Percentage Mod: HP is shown in percentages
|rule|Endless Battle Clause: Forcing endless battles is banned
|rule|Species Clause: Limit one of each Pokémon
|rule|OHKO Clause: OHKO moves are banned
|rule|Evasion Items Clause: Evasion items are banned
|rule|Evasion Moves Clause: Evasion moves are banned
|rule|Evasion Abilities Clause: Evasion abilities are banned
|rule|Sleep Moves Clause: Sleep-inducing moves are banned
|clearpoke
|poke|p1|Infernape, M|
|poke|p1|Delphox, F|
|poke|p1|Sandy Shocks|
|poke|p1|Leafeon, M|
|poke|p1|Ninetales, F|
|poke|p1|Great Tusk|
|poke|p2|Iron Valiant|
|poke|p2|Kingambit, M|
|poke|p2|Iron Moth|
|poke|p2|Zamazenta-*|
|poke|p2|Glimmora, M|
|poke|p2|Ogerpon-Wellspring, F|
|teampreview
|
|t:|1776113987
|teamsize|p1|6
|teamsize|p2|6
|start
|switch|p1a: Dave|Infernape, M|100/100
|switch|p2a: Glimmora|Glimmora, M|100/100
|turn|1
|
|t:|1776113993
|move|p1a: Dave|Taunt|p2a: Glimmora
|-start|p2a: Glimmora|move: Taunt
|move|p2a: Glimmora|Earth Power|p1a: Dave
|-supereffective|p1a: Dave
|-damage|p1a: Dave|10/100
|
|upkeep
|turn|2
|
|t:|1776114000
|move|p1a: Dave|Stealth Rock|p2a: Glimmora
|-sidestart|p2: DinkDinkDinkDink|move: Stealth Rock
|move|p2a: Glimmora|Sludge Wave|p1a: Dave
|-damage|p1a: Dave|0 fnt
|faint|p1a: Dave
|
|upkeep
|
|t:|1776114004
|switch|p1a: Billy Hax|Sandy Shocks|100/100
|turn|3
|
|t:|1776114018
|move|p1a: Billy Hax|Earth Power|p2a: Glimmora
|-supereffective|p2a: Glimmora
|-enditem|p2a: Glimmora|Focus Sash
|-damage|p2a: Glimmora|1/100
|move|p2a: Glimmora|Earth Power|p1a: Billy Hax
|-supereffective|p1a: Billy Hax
|-damage|p1a: Billy Hax|22/100
|
|-end|p2a: Glimmora|move: Taunt
|upkeep
|turn|4
|
|t:|1776114023
|move|p1a: Billy Hax|Thunderbolt|p2a: Glimmora
|-damage|p2a: Glimmora|0 fnt
|faint|p2a: Glimmora
|
|upkeep
|
|t:|1776114031
|switch|p2a: Iron Moth|Iron Moth|100/100
|-damage|p2a: Iron Moth|76/100|[from] Stealth Rock
|-enditem|p2a: Iron Moth|Booster Energy
|-activate|p2a: Iron Moth|ability: Quark Drive|[fromitem]
|-start|p2a: Iron Moth|quarkdrivespe
|turn|5
|
|t:|1776114040
|-end|p1a: Billy Hax|Protosynthesis|[silent]
|switch|p1a: Eleya|Ninetales, F|100/100
|-weather|SunnyDay|[from] ability: Drought|[of] p1a: Eleya
|move|p2a: Iron Moth|Fiery Dance|p1a: Eleya
|-resisted|p1a: Eleya
|-damage|p1a: Eleya|70/100
|
|-weather|SunnyDay|[upkeep]
|upkeep
|turn|6
|
|t:|1776114048
|switch|p1a: Billy Hax|Sandy Shocks|22/100
|-activate|p1a: Billy Hax|ability: Protosynthesis
|-start|p1a: Billy Hax|protosynthesisspe
|move|p2a: Iron Moth|Substitute|p2a: Iron Moth
|-start|p2a: Iron Moth|Substitute
|-damage|p2a: Iron Moth|51/100
|
|-weather|SunnyDay|[upkeep]
|upkeep
|turn|7
|
|t:|1776114056
|move|p2a: Iron Moth|Fiery Dance|p1a: Billy Hax
|-damage|p1a: Billy Hax|0 fnt
|-boost|p2a: Iron Moth|spa|1
|faint|p1a: Billy Hax
|-end|p1a: Billy Hax|Protosynthesis|[silent]
|
|-weather|SunnyDay|[upkeep]
|upkeep
|
|t:|1776114064
|switch|p1a: Hans|Leafeon, M|100/100
|turn|8
|
|t:|1776114070
|-terastallize|p1a: Hans|Fire
|move|p1a: Hans|Knock Off|p2a: Iron Moth
|-end|p2a: Iron Moth|Substitute
|-damage|p1a: Hans|91/100|[from] item: Life Orb
|move|p2a: Iron Moth|Fiery Dance|p1a: Hans
|-resisted|p1a: Hans
|-damage|p1a: Hans|13/100
|-boost|p2a: Iron Moth|spa|1
|
|-weather|SunnyDay|[upkeep]
|upkeep
|turn|9
|
|t:|1776114088
|move|p1a: Hans|Tera Blast|p2a: Iron Moth|[anim] Tera Blast Fire
|-resisted|p2a: Iron Moth
|-damage|p2a: Iron Moth|0 fnt
|faint|p2a: Iron Moth
|-end|p2a: Iron Moth|Quark Drive|[silent]
|-damage|p1a: Hans|3/100|[from] item: Life Orb
|
|-weather|SunnyDay|[upkeep]
|upkeep
|
|t:|1776114106
|switch|p2a: Kingambit|Kingambit, M|100/100
|-damage|p2a: Kingambit|94/100|[from] Stealth Rock
|-activate|p2a: Kingambit|ability: Supreme Overlord
|-start|p2a: Kingambit|fallen2|[silent]
|turn|10
|
|t:|1776114109
|switch|p1a: Hecate|Delphox, F|100/100
|move|p2a: Kingambit|Sucker Punch||[still]
|-fail|p2a: Kingambit
|
|-weather|SunnyDay|[upkeep]
|-heal|p2a: Kingambit|100/100|[from] item: Leftovers
|upkeep
|turn|11
|
|t:|1776114114
|move|p1a: Hecate|Encore|p2a: Kingambit
|-start|p2a: Kingambit|Encore
|move|p2a: Kingambit|Sucker Punch||[still]
|-fail|p2a: Kingambit
|
|-weather|SunnyDay|[upkeep]
|upkeep
|turn|12
|
|t:|1776114117
|-end|p2a: Kingambit|fallen2|[silent]
|switch|p2a: Iron Valiant|Iron Valiant|100/100
|-damage|p2a: Iron Valiant|94/100|[from] Stealth Rock
|-enditem|p2a: Iron Valiant|Booster Energy
|-activate|p2a: Iron Valiant|ability: Quark Drive|[fromitem]
|-start|p2a: Iron Valiant|quarkdrivespe
|move|p1a: Hecate|Flamethrower|p2a: Iron Valiant
|-damage|p2a: Iron Valiant|0 fnt
|faint|p2a: Iron Valiant
|-end|p2a: Iron Valiant|Quark Drive|[silent]
|
|-weather|none
|upkeep
|
|t:|1776114120
|switch|p2a: Ogerpon|Ogerpon-Wellspring, F|100/100
|-damage|p2a: Ogerpon|88/100|[from] Stealth Rock
|turn|13
|
|t:|1776114132
|move|p2a: Ogerpon|Ivy Cudgel|p1a: Hecate|[anim] Ivy Cudgel Water
|-supereffective|p1a: Hecate
|-damage|p1a: Hecate|0 fnt
|faint|p1a: Hecate
|
|upkeep
|
|t:|1776114135
|switch|p1a: Eleya|Ninetales, F|70/100
|-weather|SunnyDay|[from] ability: Drought|[of] p1a: Eleya
|turn|14
|
|t:|1776114163
|move|p2a: Ogerpon|Knock Off|p1a: Eleya
|-damage|p1a: Eleya|25/100
|-enditem|p1a: Eleya|Heat Rock|[from] move: Knock Off|[of] p2a: Ogerpon
|move|p1a: Eleya|Healing Wish|p1a: Eleya
|faint|p1a: Eleya
|
|-weather|SunnyDay|[upkeep]
|upkeep
|
|t:|1776114168
|switch|p1a: Hans|Leafeon, M, tera:Fire|3/100
|-heal|p1a: Hans|100/100|[from] move: Healing Wish
|turn|15
|
|t:|1776114175
|move|p1a: Hans|Tera Blast|p2a: Ogerpon|[anim] Tera Blast Fire
|-damage|p2a: Ogerpon|0 fnt
|faint|p2a: Ogerpon
|-damage|p1a: Hans|91/100|[from] item: Life Orb
|
|-weather|SunnyDay|[upkeep]
|upkeep
|
|t:|1776114185
|switch|p2a: Kingambit|Kingambit, M|100/100
|-damage|p2a: Kingambit|94/100|[from] Stealth Rock
|-activate|p2a: Kingambit|ability: Supreme Overlord
|-start|p2a: Kingambit|fallen4|[silent]
|turn|16
|
|t:|1776114193
|-terastallize|p2a: Kingambit|Flying
|move|p1a: Hans|Tera Blast|p2a: Kingambit|[anim] Tera Blast Fire
|-damage|p2a: Kingambit|40/100
|-damage|p1a: Hans|81/100|[from] item: Life Orb
|move|p2a: Kingambit|Kowtow Cleave|p1a: Hans
|-damage|p1a: Hans|9/100
|
|-weather|SunnyDay|[upkeep]
|-heal|p2a: Kingambit|46/100|[from] item: Leftovers
|upkeep
|turn|17
|
|t:|1776114215
|move|p1a: Hans|Swords Dance|p1a: Hans
|-boost|p1a: Hans|atk|2
|move|p2a: Kingambit|Iron Head|p1a: Hans
|-resisted|p1a: Hans
|-damage|p1a: Hans|0 fnt
|faint|p1a: Hans
|
|-weather|SunnyDay|[upkeep]
|-heal|p2a: Kingambit|53/100|[from] item: Leftovers
|upkeep
|
|t:|1776114218
|switch|p1a: Turbo Genius|Great Tusk|100/100
|-activate|p1a: Turbo Genius|ability: Protosynthesis
|-start|p1a: Turbo Genius|protosynthesisatk
|turn|18
|
|t:|1776114252
|move|p1a: Turbo Genius|Ice Spinner|p2a: Kingambit
|-supereffective|p2a: Kingambit
|-damage|p2a: Kingambit|0 fnt
|faint|p2a: Kingambit
|-end|p2a: Kingambit|fallen4|[silent]
|
|-weather|SunnyDay|[upkeep]
|upkeep
|
|t:|1776114254
|switch|p2a: Zamazenta|Zamazenta|100/100
|-damage|p2a: Zamazenta|95/100|[from] Stealth Rock
|-ability|p2a: Zamazenta|Dauntless Shield|boost
|-boost|p2a: Zamazenta|def|1
|turn|19
|
|t:|1776114259
|move|p2a: Zamazenta|Iron Defense|p2a: Zamazenta
|-boost|p2a: Zamazenta|def|2
|move|p1a: Turbo Genius|Close Combat|p2a: Zamazenta
|-crit|p2a: Zamazenta
|-damage|p2a: Zamazenta|0 fnt
|-unboost|p1a: Turbo Genius|def|1
|-unboost|p1a: Turbo Genius|spd|1
|faint|p2a: Zamazenta
|
|win|Samarand
|raw|Samarand's rating: 1481 &rarr; <strong>1504</strong><br />(+23 for winning)
|raw|DinkDinkDinkDink's rating: 1529 &rarr; <strong>1506</strong><br />(-23 for losing)
|c|☆Samarand|mb
|l|☆DinkDinkDinkDink
|player|p2|
|l|☆Samarand
|player|p1|
