|html|<div class="broadcast-blue"><strong>[Gen 9] OU is currently suspecting Tera Blast! For information on how to participate check out the <a href="https://www.smogon.com/tools/suspects/view/200">suspect thread</a>.</strong></div>
|j|☆mathismathin
|j|☆1200s chud
|t:|1776123756
|gametype|singles
|player|p1|mathismathin|bugsy-masters|1616
|player|p2|1200s chud|drayton|1574
|gen|9
|tier|[Gen 9] OU
|rated|
|rule|HP Percentage Mod: HP is shown in percentages
|rule|Endless Battle Clause: Forcing endless battles is banned
|rule|Species Clause: Limit one of each Pokémon
|rule|OHKO Clause: OHKO moves are banned
|rule|Evasion Items Clause: Evasion items are banned
|rule|Evasion Moves Clause: Evasion moves are banned
|rule|Evasion Abilities Clause: Evasion abilities are banned
|rule|Sleep Moves Clause: Sleep-inducing moves are banned
|clearpoke
|poke|p1|Ribombee, F|
|poke|p1|Zarude-Dada|
|poke|p1|Lycanroc-Dusk, F|
|poke|p1|Gholdengo|
|poke|p1|Iron Valiant|
|poke|p1|Glimmora, M|
|poke|p2|Araquanid, F|
|poke|p2|Landorus-Therian, M|
|poke|p2|Hatterene, F|
|poke|p2|Gholdengo|
|poke|p2|Dragonite, F|
|poke|p2|Darkrai|
|teampreview
|inactive|Battle timer is ON: inactive players will automatically lose when time's up. (requested by 1200s chud)
|inactive|1200s chud has 120 seconds left.
|
|t:|1776123799
|teamsize|p1|6
|teamsize|p2|6
|start
|switch|p1a: Ribombee|Ribombee, F|100/100
|switch|p2a: Darkrai|Darkrai|100/100
|turn|1
|
|t:|1776123816
|move|p2a: Darkrai|Taunt|p1a: Ribombee
|-start|p1a: Ribombee|move: Taunt
|cant|p1a: Ribombee|move: Taunt|Sticky Web
|
|upkeep
|turn|2
|
|t:|1776123839
|switch|p2a: Araquanid|Araquanid, F|100/100
|move|p1a: Ribombee|Moonblast|p2a: Araquanid
|-damage|p2a: Araquanid|70/100
|
|upkeep
|turn|3
|
|t:|1776123851
|move|p1a: Ribombee|Moonblast|p2a: Araquanid
|-damage|p2a: Araquanid|36/100
|move|p2a: Araquanid|Liquidation|p1a: Ribombee
|-enditem|p1a: Ribombee|Focus Sash
|-damage|p1a: Ribombee|1/100
|
|-end|p1a: Ribombee|move: Taunt
|upkeep
|turn|4
|
|t:|1776123870
|move|p1a: Ribombee|Skill Swap|p2a: Araquanid
|-activate|p1a: Ribombee|Skill Swap|Water Bubble|Shield Dust|[of] p2a: Araquanid
|move|p2a: Araquanid|Liquidation|p1a: Ribombee
|-damage|p1a: Ribombee|0 fnt
|faint|p1a: Ribombee
|
|upkeep
|
|t:|1776123876
|switch|p1a: Zarude|Zarude-Dada|100/100
|turn|5
|inactive|1200s chud has 120 seconds left.
|
|t:|1776123915
|switch|p2a: Landorus|Landorus-Therian, M|100/100
|-ability|p2a: Landorus|Intimidate|boost
|-unboost|p1a: Zarude|atk|1
|move|p1a: Zarude|Swords Dance|p1a: Zarude
|-boost|p1a: Zarude|atk|2
|
|upkeep
|turn|6
|
|t:|1776123927
|move|p1a: Zarude|Power Whip|p2a: Landorus
|-damage|p2a: Landorus|0 fnt
|-damage|p1a: Zarude|84/100|[from] item: Rocky Helmet|[of] p2a: Landorus
|faint|p2a: Landorus
|-damage|p1a: Zarude|74/100|[from] item: Life Orb
|
|upkeep
|inactive|1200s chud has 120 seconds left.
|
|t:|1776123945
|switch|p2a: Dragonite|Dragonite, F|100/100
|turn|7
|inactive|1200s chud has 120 seconds left.
|
|t:|1776123964
|move|p1a: Zarude|Knock Off|p2a: Dragonite
|-damage|p2a: Dragonite|49/100
|-enditem|p2a: Dragonite|Lum Berry|[from] move: Knock Off|[of] p1a: Zarude
|-damage|p1a: Zarude|64/100|[from] item: Life Orb
|move|p2a: Dragonite|Dragon Dance|p2a: Dragonite
|-boost|p2a: Dragonite|atk|1
|-boost|p2a: Dragonite|spe|1
|
|upkeep
|turn|8
|inactive|1200s chud has 120 seconds left.
|
|t:|1776123978
|move|p2a: Dragonite|Extreme Speed|p1a: Zarude
|-damage|p1a: Zarude|18/100
|move|p1a: Zarude|Knock Off|p2a: Dragonite
|-damage|p2a: Dragonite|0 fnt
|faint|p2a: Dragonite
|-damage|p1a: Zarude|8/100|[from] item: Life Orb
|
|upkeep
|
|t:|1776123982
|switch|p2a: Darkrai|Darkrai|100/100
|turn|9
|
|t:|1776124011
|move|p2a: Darkrai|Ice Beam|p1a: Zarude
|-supereffective|p1a: Zarude
|-damage|p1a: Zarude|0 fnt
|faint|p1a: Zarude
|
|upkeep
|
|t:|1776124016
|switch|p1a: Glimmora|Glimmora, M|100/100
|turn|10
|
|t:|1776124020
|move|p2a: Darkrai|Dark Pulse|p1a: Glimmora
|-damage|p1a: Glimmora|42/100
|move|p1a: Glimmora|Meteor Beam||[still]
|-prepare|p1a: Glimmora|Meteor Beam
|-boost|p1a: Glimmora|spa|1
|-enditem|p1a: Glimmora|Power Herb
|-anim|p1a: Glimmora|Meteor Beam|p2a: Darkrai
|-damage|p2a: Darkrai|0 fnt
|faint|p2a: Darkrai
|
|upkeep
|
|t:|1776124035
|switch|p2a: Hatterene|Hatterene, F|100/100
|turn|11
|
|t:|1776124053
|move|p1a: Glimmora|Sludge Wave|p2a: Hatterene
|-supereffective|p2a: Hatterene
|-damage|p2a: Hatterene|13/100
|-status|p2a: Hatterene|psn
|move|p2a: Hatterene|Psyshock|p1a: Glimmora
|-supereffective|p1a: Glimmora
|-crit|p1a: Glimmora
|-damage|p1a: Glimmora|0 fnt
|faint|p1a: Glimmora
|
|-damage|p2a: Hatterene|0 fnt|[from] psn
|faint|p2a: Hatterene
|upkeep
|
|t:|1776124070
|switch|p1a: Gholdengo|Gholdengo|100/100
|switch|p2a: Araquanid|Araquanid, F|36/100
|-item|p1a: Gholdengo|Air Balloon
|turn|12
|
|t:|1776124076
|move|p1a: Gholdengo|Shadow Ball|p2a: Araquanid
|-damage|p2a: Araquanid|0 fnt
|faint|p2a: Araquanid
|
|upkeep
|
|t:|1776124081
|switch|p2a: Gholdengo|Gholdengo|100/100
|turn|13
|
|t:|1776124084
|-terastallize|p2a: Gholdengo|Steel
|move|p1a: Gholdengo|Shadow Ball|p2a: Gholdengo
|-crit|p2a: Gholdengo
|-damage|p2a: Gholdengo|22/100
|move|p2a: Gholdengo|Shadow Ball|p1a: Gholdengo
|-supereffective|p1a: Gholdengo
|-damage|p1a: Gholdengo|0 fnt
|-enditem|p1a: Gholdengo|Air Balloon
|faint|p1a: Gholdengo
|
|upkeep
|
|t:|1776124089
|switch|p1a: Iron Valiant|Iron Valiant|100/100
|-enditem|p1a: Iron Valiant|Booster Energy
|-activate|p1a: Iron Valiant|ability: Quark Drive|[fromitem]
|-start|p1a: Iron Valiant|quarkdrivespa
|turn|14
|
|t:|1776124090
|move|p1a: Iron Valiant|Moonblast|p2a: Gholdengo
|-resisted|p2a: Gholdengo
|-damage|p2a: Gholdengo|0 fnt
|faint|p2a: Gholdengo
|
|win|mathismathin
|raw|mathismathin's rating: 1618 &rarr; <strong>1637</strong><br />(+19 for winning)
|raw|1200s chud's rating: 1602 &rarr; <strong>1583</strong><br />(-19 for losing)
|l|☆1200s chud
|player|p2|
