|html|<div class="broadcast-blue"><strong>[Gen 9] OU is currently suspecting Tera Blast! For information on how to participate check out the <a href="https://www.smogon.com/tools/suspects/view/200">suspect thread</a>.</strong></div>
|j|☆appl8816
|j|☆yourphobiaz
|t:|1776033450
|gametype|singles
|player|p1|appl8816|cynthia-gen4|1231
|player|p2|yourphobiaz|266|1257
|gen|9
|tier|[Gen 9] OU
|rated|
|rule|HP Percentage Mod: HP is shown in percentages
|rule|Endless Battle Clause: Forcing endless battles is banned
|rule|Species Clause: Limit one of each Pokémon
|rule|OHKO Clause: OHKO moves are banned
|rule|Evasion Items Clause: Evasion items are banned
|rule|Evasion Moves Clause: Evasion moves are banned
|rule|Evasion Abilities Clause: Evasion abilities are banned
|rule|Sleep Moves Clause: Sleep-inducing moves are banned
|clearpoke
|poke|p1|Araquanid, F|
|poke|p1|Great Tusk|
|poke|p1|Kingambit, M|
|poke|p1|Manaphy|
|poke|p1|Slither Wing|
|poke|p1|Rotom-Heat|
|poke|p2|Leafeon, F|
|poke|p2|Comfey, M|
|poke|p2|Iron Moth|
|poke|p2|Great Tusk|
|poke|p2|Walking Wake|
|poke|p2|Ninetales, F|
|teampreview
|
|t:|1776033471
|teamsize|p1|6
|teamsize|p2|6
|start
|switch|p1a: Slither Wing|Slither Wing|100/100
|switch|p2a: Ninetales|Ninetales, F, shiny|100/100
|-weather|SunnyDay|[from] ability: Drought|[of] p2a: Ninetales
|-activate|p1a: Slither Wing|ability: Protosynthesis
|-start|p1a: Slither Wing|protosynthesisatk
|turn|1
|
|t:|1776033483
|move|p2a: Ninetales|Will-O-Wisp|p1a: Slither Wing
|-status|p1a: Slither Wing|brn
|move|p1a: Slither Wing|Earthquake|p2a: Ninetales
|-supereffective|p2a: Ninetales
|-damage|p2a: Ninetales|19/100
|
|-weather|SunnyDay|[upkeep]
|-damage|p1a: Slither Wing|94/100 brn|[from] brn
|upkeep
|turn|2
|
|t:|1776033492
|switch|p2a: Comfey|Comfey, M|100/100
|move|p1a: Slither Wing|Earthquake|p2a: Comfey
|-damage|p2a: Comfey|56/100
|
|-weather|SunnyDay|[upkeep]
|-damage|p1a: Slither Wing|88/100 brn|[from] brn
|upkeep
|turn|3
|
|t:|1776033500
|-end|p1a: Slither Wing|Protosynthesis|[silent]
|switch|p1a: Araquanid|Araquanid, F|100/100
|move|p2a: Comfey|Growth|p2a: Comfey
|-boost|p2a: Comfey|atk|2
|-boost|p2a: Comfey|spa|2
|
|-weather|SunnyDay|[upkeep]
|upkeep
|turn|4
|
|t:|1776033508
|move|p2a: Comfey|Draining Kiss|p1a: Araquanid
|-damage|p1a: Araquanid|67/100
|-heal|p2a: Comfey|84/100|[from] drain|[of] p1a: Araquanid
|-damage|p2a: Comfey|75/100|[from] item: Life Orb
|move|p1a: Araquanid|Mirror Coat|p2a: Comfey
|-damage|p2a: Comfey|0 fnt
|faint|p2a: Comfey
|
|-weather|SunnyDay|[upkeep]
|upkeep
|inactive|Battle timer is ON: inactive players will automatically lose when time's up. (requested by appl8816)
|
|t:|1776033529
|switch|p2a: Leafeon|Leafeon, F|100/100
|turn|5
|
|t:|1776033541
|move|p2a: Leafeon|Knock Off|p1a: Araquanid
|-damage|p1a: Araquanid|27/100
|-enditem|p1a: Araquanid|Custap Berry|[from] move: Knock Off|[of] p2a: Leafeon
|-damage|p2a: Leafeon|91/100|[from] item: Life Orb
|move|p1a: Araquanid|Lunge|p2a: Leafeon
|-supereffective|p2a: Leafeon
|-damage|p2a: Leafeon|48/100
|-unboost|p2a: Leafeon|atk|1
|
|-weather|SunnyDay|[upkeep]
|upkeep
|turn|6
|
|t:|1776033549
|move|p2a: Leafeon|Solar Blade||[still]
|-prepare|p2a: Leafeon|Solar Blade
|-anim|p2a: Leafeon|Solar Blade|p1a: Araquanid
|-damage|p1a: Araquanid|0 fnt
|faint|p1a: Araquanid
|-damage|p2a: Leafeon|39/100|[from] item: Life Orb
|
|-weather|SunnyDay|[upkeep]
|upkeep
|
|t:|1776033552
|switch|p1a: Rotom|Rotom-Heat|100/100
|turn|7
|
|t:|1776033559
|move|p2a: Leafeon|Knock Off|p1a: Rotom
|-damage|p1a: Rotom|66/100
|-enditem|p1a: Rotom|Choice Specs|[from] move: Knock Off|[of] p2a: Leafeon
|-damage|p2a: Leafeon|29/100|[from] item: Life Orb
|move|p1a: Rotom|Shadow Ball|p2a: Leafeon
|-damage|p2a: Leafeon|0 fnt
|faint|p2a: Leafeon
|
|-weather|SunnyDay|[upkeep]
|upkeep
|
|t:|1776033561
|switch|p2a: Walking Wake|Walking Wake|100/100
|-activate|p2a: Walking Wake|ability: Protosynthesis
|-start|p2a: Walking Wake|protosynthesisspe
|turn|8
|
|t:|1776033572
|switch|p1a: Slither Wing|Slither Wing|88/100 brn
|-activate|p1a: Slither Wing|ability: Protosynthesis
|-start|p1a: Slither Wing|protosynthesisatk
|move|p2a: Walking Wake|Flip Turn|p1a: Slither Wing
|-damage|p1a: Slither Wing|78/100 brn
|
|t:|1776033585
|-end|p2a: Walking Wake|Protosynthesis|[silent]
|switch|p2a: Iron Moth|Iron Moth, shiny|100/100|[from] Flip Turn
|-enditem|p2a: Iron Moth|Booster Energy
|-activate|p2a: Iron Moth|ability: Quark Drive|[fromitem]
|-start|p2a: Iron Moth|quarkdrivespe
|
|-weather|none
|-end|p1a: Slither Wing|Protosynthesis
|-damage|p1a: Slither Wing|72/100 brn|[from] brn
|upkeep
|turn|9
|
|t:|1776033593
|-terastallize|p2a: Iron Moth|Grass
|move|p2a: Iron Moth|Fiery Dance|p1a: Slither Wing
|-supereffective|p1a: Slither Wing
|-damage|p1a: Slither Wing|0 fnt
|faint|p1a: Slither Wing
|-end|p1a: Slither Wing|Protosynthesis|[silent]
|
|upkeep
|
|t:|1776033600
|switch|p1a: Rotom|Rotom-Heat|66/100
|turn|10
|
|t:|1776033608
|move|p2a: Iron Moth|Sludge Wave|p1a: Rotom
|-damage|p1a: Rotom|17/100
|-status|p1a: Rotom|psn
|move|p1a: Rotom|Overheat|p2a: Iron Moth
|-supereffective|p2a: Iron Moth
|-damage|p2a: Iron Moth|0 fnt
|-unboost|p1a: Rotom|spa|2
|faint|p2a: Iron Moth
|-end|p2a: Iron Moth|Quark Drive|[silent]
|
|-damage|p1a: Rotom|5/100 psn|[from] psn
|upkeep
|
|t:|1776033613
|switch|p2a: Ninetales|Ninetales, F, shiny|19/100
|-weather|SunnyDay|[from] ability: Drought|[of] p2a: Ninetales
|turn|11
|
|t:|1776033617
|move|p2a: Ninetales|Weather Ball|p1a: Rotom
|-resisted|p1a: Rotom
|-damage|p1a: Rotom|0 fnt
|faint|p1a: Rotom
|
|-weather|SunnyDay|[upkeep]
|upkeep
|
|t:|1776033621
|switch|p1a: Great Tusk|Great Tusk|100/100
|-activate|p1a: Great Tusk|ability: Protosynthesis
|-start|p1a: Great Tusk|protosynthesisatk
|turn|12
|
|t:|1776033627
|move|p2a: Ninetales|Will-O-Wisp|p1a: Great Tusk
|-status|p1a: Great Tusk|brn
|move|p1a: Great Tusk|Rapid Spin|p2a: Ninetales
|-damage|p2a: Ninetales|5/100
|-boost|p1a: Great Tusk|spe|1
|
|-weather|SunnyDay|[upkeep]
|-damage|p1a: Great Tusk|94/100 brn|[from] brn
|upkeep
|turn|13
|
|t:|1776033630
|move|p1a: Great Tusk|Rapid Spin|p2a: Ninetales
|-damage|p2a: Ninetales|0 fnt
|-boost|p1a: Great Tusk|spe|1
|faint|p2a: Ninetales
|
|-weather|SunnyDay|[upkeep]
|-damage|p1a: Great Tusk|88/100 brn|[from] brn
|upkeep
|
|t:|1776033635
|switch|p2a: Walking Wake|Walking Wake|100/100
|-activate|p2a: Walking Wake|ability: Protosynthesis
|-start|p2a: Walking Wake|protosynthesisspe
|turn|14
|
|t:|1776033644
|move|p1a: Great Tusk|Headlong Rush|p2a: Walking Wake
|-damage|p2a: Walking Wake|57/100
|-unboost|p1a: Great Tusk|def|1
|-unboost|p1a: Great Tusk|spd|1
|move|p2a: Walking Wake|Hydro Steam|p1a: Great Tusk
|-supereffective|p1a: Great Tusk
|-damage|p1a: Great Tusk|0 fnt
|faint|p1a: Great Tusk
|-end|p1a: Great Tusk|Protosynthesis|[silent]
|
|-weather|SunnyDay|[upkeep]
|upkeep
|
|t:|1776033649
|switch|p1a: Manaphy|Manaphy|100/100
|turn|15
|
|t:|1776033652
|move|p2a: Walking Wake|Hydro Steam|p1a: Manaphy
|-resisted|p1a: Manaphy
|-damage|p1a: Manaphy|72/100
|move|p1a: Manaphy|Take Heart|p1a: Manaphy
|-boost|p1a: Manaphy|spa|1
|-boost|p1a: Manaphy|spd|1
|
|-weather|SunnyDay|[upkeep]
|-heal|p1a: Manaphy|78/100|[from] item: Leftovers
|upkeep
|turn|16
|
|t:|1776033658
|-end|p2a: Walking Wake|Protosynthesis|[silent]
|switch|p2a: Great Tusk|Great Tusk, shiny|100/100
|-activate|p2a: Great Tusk|ability: Protosynthesis
|-start|p2a: Great Tusk|protosynthesisspe
|move|p1a: Manaphy|Take Heart|p1a: Manaphy
|-boost|p1a: Manaphy|spa|1
|-boost|p1a: Manaphy|spd|1
|
|-weather|SunnyDay|[upkeep]
|-heal|p1a: Manaphy|84/100|[from] item: Leftovers
|upkeep
|turn|17
|
|t:|1776033664
|move|p2a: Great Tusk|Close Combat|p1a: Manaphy
|-damage|p1a: Manaphy|37/100
|-unboost|p2a: Great Tusk|def|1
|-unboost|p2a: Great Tusk|spd|1
|move|p1a: Manaphy|Stored Power|p2a: Great Tusk
|-supereffective|p2a: Great Tusk
|-damage|p2a: Great Tusk|0 fnt
|faint|p2a: Great Tusk
|-end|p2a: Great Tusk|Protosynthesis|[silent]
|
|-weather|SunnyDay|[upkeep]
|-heal|p1a: Manaphy|43/100|[from] item: Leftovers
|upkeep
|
|t:|1776033670
|switch|p2a: Walking Wake|Walking Wake|57/100
|-activate|p2a: Walking Wake|ability: Protosynthesis
|-start|p2a: Walking Wake|protosynthesisspe
|turn|18
|
|t:|1776033678
|move|p2a: Walking Wake|Hydro Steam|p1a: Manaphy
|-resisted|p1a: Manaphy
|-damage|p1a: Manaphy|27/100
|move|p1a: Manaphy|Take Heart|p1a: Manaphy
|-boost|p1a: Manaphy|spa|1
|-boost|p1a: Manaphy|spd|1
|
|-weather|none
|-end|p2a: Walking Wake|Protosynthesis
|-heal|p1a: Manaphy|33/100|[from] item: Leftovers
|upkeep
|turn|19
|-message|yourphobiaz forfeited.
|
|win|appl8816
|raw|appl8816's rating: 1231 &rarr; <strong>1258</strong><br />(+27 for winning)
|raw|yourphobiaz's rating: 1257 &rarr; <strong>1230</strong><br />(-27 for losing)
|l|☆yourphobiaz
|player|p2|
|l|☆appl8816
|player|p1|
