|html|<div class="broadcast-blue"><strong>[Gen 9] OU is currently suspecting Tera Blast! For information on how to participate check out the <a href="https://www.smogon.com/tools/suspects/view/200">suspect thread</a>.</strong></div>
|j|☆jefozz
|j|☆ANOTHERDAYWILLCOME
|t:|1776041372
|gametype|singles
|player|p1|jefozz|cheryl|1542
|player|p2|ANOTHERDAYWILLCOME|1|1456
|gen|9
|tier|[Gen 9] OU
|rated|
|rule|HP Percentage Mod: HP is shown in percentages
|rule|Endless Battle Clause: Forcing endless battles is banned
|rule|Species Clause: Limit one of each Pokémon
|rule|OHKO Clause: OHKO moves are banned
|rule|Evasion Items Clause: Evasion items are banned
|rule|Evasion Moves Clause: Evasion moves are banned
|rule|Evasion Abilities Clause: Evasion abilities are banned
|rule|Sleep Moves Clause: Sleep-inducing moves are banned
|clearpoke
|poke|p1|Ninetales, M|
|poke|p1|Cresselia, F|
|poke|p1|Raging Bolt|
|poke|p1|Iron Moth|
|poke|p1|Great Tusk|
|poke|p1|Walking Wake|
|poke|p2|Slowking-Galar, F|
|poke|p2|Porygon-Z|
|poke|p2|Meowscarada, F|
|poke|p2|Skeledirge, F|
|poke|p2|Weavile, F|
|poke|p2|Corviknight, F|
|teampreview
|inactive|Battle timer is ON: inactive players will automatically lose when time's up. (requested by jefozz)
|inactive|ANOTHERDAYWILLCOME has 120 seconds left.
|
|t:|1776041413
|teamsize|p1|6
|teamsize|p2|6
|start
|switch|p1a: Great Tusk|Great Tusk|100/100
|switch|p2a: Porygon-Z|Porygon-Z|100/100
|-ability|p2a: Porygon-Z|Download|boost
|-boost|p2a: Porygon-Z|spa|1
|turn|1
|
|t:|1776041428
|-end|p1a: Great Tusk|Protosynthesis|[silent]
|switch|p1a: Cresselia|Cresselia, F|100/100
|move|p2a: Porygon-Z|Tri Attack|p1a: Cresselia
|-damage|p1a: Cresselia|35/100
|-enditem|p1a: Cresselia|Eject Button
|
|t:|1776041438
|switch|p1a: Walking Wake|Walking Wake|100/100
|
|upkeep
|turn|2
|
|t:|1776041441
|switch|p2a: Slowking|Slowking-Galar, F|100/100
|-terastallize|p1a: Walking Wake|Water
|move|p1a: Walking Wake|Hydro Steam|p2a: Slowking
|-damage|p2a: Slowking|45/100
|
|upkeep
|turn|3
|
|t:|1776041457
|-terastallize|p2a: Slowking|Water
|move|p1a: Walking Wake|Hydro Steam|p2a: Slowking
|-resisted|p2a: Slowking
|-damage|p2a: Slowking|18/100
|-prepare|p2a: Slowking|Chilly Reception|[premajor]
|move|p2a: Slowking|Chilly Reception|p2a: Slowking
|-weather|Snowscape
|c|☆jefozz|Lock me up in towers but id visit in your dreams
|
|t:|1776041463
|switch|p2a: Meowscarada|Meowscarada, F|100/100|[from] Chilly Reception
|
|-weather|Snowscape|[upkeep]
|upkeep
|turn|4
|
|t:|1776041481
|-end|p1a: Walking Wake|Protosynthesis|[silent]
|switch|p1a: Iron Moth|Iron Moth|100/100
|-enditem|p1a: Iron Moth|Booster Energy
|-activate|p1a: Iron Moth|ability: Quark Drive|[fromitem]
|-start|p1a: Iron Moth|quarkdrivespe
|move|p2a: Meowscarada|U-turn|p1a: Iron Moth
|-start|p2a: Meowscarada|typechange|Bug|[from] ability: Protean
|-resisted|p1a: Iron Moth
|-damage|p1a: Iron Moth|83/100
|
|t:|1776041487
|switch|p2a: Slowking|Slowking-Galar, F, tera:Water|51/100|[from] U-turn
|
|-weather|Snowscape|[upkeep]
|upkeep
|turn|5
|
|t:|1776041490
|move|p1a: Iron Moth|Sludge Wave|p2a: Slowking
|-damage|p2a: Slowking|23/100
|-status|p2a: Slowking|psn
|move|p2a: Slowking|Psyshock|p1a: Iron Moth
|-supereffective|p1a: Iron Moth
|-damage|p1a: Iron Moth|0 fnt
|faint|p1a: Iron Moth
|-end|p1a: Iron Moth|Quark Drive|[silent]
|
|-weather|Snowscape|[upkeep]
|-damage|p2a: Slowking|11/100 psn|[from] psn
|upkeep
|
|t:|1776041498
|switch|p1a: Walking Wake|Walking Wake, tera:Water|100/100
|turn|6
|
|t:|1776041502
|move|p1a: Walking Wake|Hydro Steam|p2a: Slowking
|-resisted|p2a: Slowking
|-damage|p2a: Slowking|0 fnt
|faint|p2a: Slowking
|
|-weather|Snowscape|[upkeep]
|upkeep
|
|t:|1776041504
|switch|p2a: Meowscarada|Meowscarada, F|100/100
|turn|7
|
|t:|1776041508
|-end|p1a: Walking Wake|Protosynthesis|[silent]
|switch|p1a: Ninetales|Ninetales, M|100/100
|-weather|SunnyDay|[from] ability: Drought|[of] p1a: Ninetales
|move|p2a: Meowscarada|Knock Off|p1a: Ninetales
|-start|p2a: Meowscarada|typechange|Dark|[from] ability: Protean
|-damage|p1a: Ninetales|23/100
|-enditem|p1a: Ninetales|Heat Rock|[from] move: Knock Off|[of] p2a: Meowscarada
|
|-weather|SunnyDay|[upkeep]
|upkeep
|turn|8
|
|t:|1776041515
|move|p2a: Meowscarada|Knock Off|p1a: Ninetales
|-damage|p1a: Ninetales|0 fnt
|faint|p1a: Ninetales
|
|-weather|SunnyDay|[upkeep]
|upkeep
|
|t:|1776041524
|switch|p1a: Walking Wake|Walking Wake, tera:Water|100/100
|-activate|p1a: Walking Wake|ability: Protosynthesis
|-start|p1a: Walking Wake|protosynthesisspa
|turn|9
|
|t:|1776041530
|move|p2a: Meowscarada|Knock Off|p1a: Walking Wake
|-damage|p1a: Walking Wake|29/100
|-enditem|p1a: Walking Wake|Choice Specs|[from] move: Knock Off|[of] p2a: Meowscarada
|move|p1a: Walking Wake|Hydro Steam|p2a: Meowscarada
|-damage|p2a: Meowscarada|0 fnt
|faint|p2a: Meowscarada
|
|-weather|SunnyDay|[upkeep]
|upkeep
|
|t:|1776041554
|switch|p2a: Weavile|Weavile, F|100/100
|-ability|p2a: Weavile|Pressure
|turn|10
|
|t:|1776041564
|move|p2a: Weavile|Triple Axel|p1a: Walking Wake
|-resisted|p1a: Walking Wake
|-damage|p1a: Walking Wake|23/100
|-resisted|p1a: Walking Wake
|-damage|p1a: Walking Wake|12/100
|-resisted|p1a: Walking Wake
|-damage|p1a: Walking Wake|0 fnt
|faint|p1a: Walking Wake
|-end|p1a: Walking Wake|Protosynthesis|[silent]
|-hitcount|p1: Walking Wake|3
|
|-weather|SunnyDay|[upkeep]
|upkeep
|c|☆ANOTHERDAYWILLCOME|time to gamble on triple axel hitting everything
|c|☆ANOTHERDAYWILLCOME|this is gonna be so tuff
|inactive|jefozz has 120 seconds left.
|
|t:|1776041598
|switch|p1a: Raging Bolt|Raging Bolt|100/100
|-activate|p1a: Raging Bolt|ability: Protosynthesis
|-start|p1a: Raging Bolt|protosynthesisspa
|turn|11
|
|t:|1776041604
|switch|p2a: Skeledirge|Skeledirge, F|100/100
|move|p1a: Raging Bolt|Thunderclap||[still]
|-fail|p1a: Raging Bolt
|
|-weather|SunnyDay|[upkeep]
|upkeep
|turn|12
|inactive|jefozz has 120 seconds left.
|
|t:|1776041636
|move|p1a: Raging Bolt|Thunderbolt|p2a: Skeledirge
|-damage|p2a: Skeledirge|10/100
|-damage|p1a: Raging Bolt|91/100|[from] item: Life Orb
|move|p2a: Skeledirge|Will-O-Wisp|p1a: Raging Bolt
|-status|p1a: Raging Bolt|brn
|
|-weather|SunnyDay|[upkeep]
|-damage|p1a: Raging Bolt|84/100 brn|[from] brn
|upkeep
|turn|13
|
|t:|1776041639
|move|p1a: Raging Bolt|Thunderbolt|p2a: Skeledirge
|-damage|p2a: Skeledirge|0 fnt
|faint|p2a: Skeledirge
|-damage|p1a: Raging Bolt|74/100 brn|[from] item: Life Orb
|
|-weather|SunnyDay|[upkeep]
|-damage|p1a: Raging Bolt|68/100 brn|[from] brn
|upkeep
|
|t:|1776041646
|switch|p2a: Corviknight|Corviknight, F|100/100
|-ability|p2a: Corviknight|Pressure
|turn|14
|inactive|jefozz has 120 seconds left.
|
|t:|1776041684
|move|p1a: Raging Bolt|Thunderbolt|p2a: Corviknight
|-supereffective|p2a: Corviknight
|-damage|p2a: Corviknight|0 fnt
|faint|p2a: Corviknight
|-damage|p1a: Raging Bolt|58/100 brn|[from] item: Life Orb
|
|-weather|none
|-end|p1a: Raging Bolt|Protosynthesis
|-damage|p1a: Raging Bolt|52/100 brn|[from] brn
|upkeep
|
|t:|1776041686
|switch|p2a: Weavile|Weavile, F|100/100
|-ability|p2a: Weavile|Pressure
|turn|15
|
|t:|1776041699
|move|p1a: Raging Bolt|Thunderclap|p2a: Weavile
|-damage|p2a: Weavile|28/100
|-damage|p1a: Raging Bolt|42/100 brn|[from] item: Life Orb
|move|p2a: Weavile|Triple Axel|p1a: Raging Bolt
|-supereffective|p1a: Raging Bolt
|-damage|p1a: Raging Bolt|22/100 brn
|-supereffective|p1a: Raging Bolt
|-damage|p1a: Raging Bolt|0 fnt
|faint|p1a: Raging Bolt
|-end|p1a: Raging Bolt|Protosynthesis|[silent]
|-hitcount|p1: Raging Bolt|2
|
|upkeep
|c|☆ANOTHERDAYWILLCOME|ggs
|
|t:|1776041717
|switch|p1a: Great Tusk|Great Tusk|100/100
|turn|16
|
|t:|1776041720
|move|p2a: Weavile|Triple Axel|p1a: Great Tusk
|-supereffective|p1a: Great Tusk
|-damage|p1a: Great Tusk|88/100
|-damage|p2a: Weavile|11/100|[from] item: Rocky Helmet|[of] p1a: Great Tusk
|-supereffective|p1a: Great Tusk
|-damage|p1a: Great Tusk|62/100
|-damage|p2a: Weavile|0 fnt|[from] item: Rocky Helmet|[of] p1a: Great Tusk
|faint|p2a: Weavile
|-hitcount|p1a: Great Tusk|2
|move|p1a: Great Tusk|Rapid Spin|p2: Weavile|[notarget]
|-fail|p1a: Great Tusk
|
|upkeep
|c|☆ANOTHERDAYWILLCOME|super ggs
|
|t:|1776041728
|switch|p2a: Porygon-Z|Porygon-Z|100/100
|-ability|p2a: Porygon-Z|Download|boost
|-boost|p2a: Porygon-Z|spa|1
|turn|17
|inactive|jefozz has 120 seconds left.
|
|t:|1776041741
|move|p2a: Porygon-Z|Shadow Ball|p1a: Great Tusk
|-damage|p1a: Great Tusk|0 fnt
|faint|p1a: Great Tusk
|-end|p1a: Great Tusk|Protosynthesis|[silent]
|
|upkeep
|c|☆ANOTHERDAYWILLCOME|thank you kind sir for having rocky
|
|t:|1776041745
|switch|p1a: Cresselia|Cresselia, F|35/100
|turn|18
|c|☆ANOTHERDAYWILLCOME|I would have lost otherwise
|
|t:|1776041748
|move|p2a: Porygon-Z|Shadow Ball|p1a: Cresselia
|-supereffective|p1a: Cresselia
|-damage|p1a: Cresselia|0 fnt
|faint|p1a: Cresselia
|
|win|ANOTHERDAYWILLCOME
|raw|jefozz's rating: 1542 &rarr; <strong>1517</strong><br />(-25 for losing)
|raw|ANOTHERDAYWILLCOME's rating: 1456 &rarr; <strong>1481</strong><br />(+25 for winning)
|l|☆ANOTHERDAYWILLCOME
|player|p2|
|l|☆jefozz
|player|p1|
