|html|<div class="broadcast-blue"><strong>[Gen 9] OU is currently suspecting Volcarona! For information on how to participate check out the <a href="https://www.smogon.com/tools/suspects/view/208">suspect thread</a>.</strong></div>
|j|☆teamskullenoxa
|j|☆Testteambill
|t:|1778498233
|gametype|singles
|player|p1|teamskullenoxa|101|1552
|player|p2|Testteambill|102|1636
|gen|9
|tier|[Gen 9] OU
|rated|
|rule|HP Percentage Mod: HP is shown in percentages
|rule|Endless Battle Clause: Forcing endless battles is banned
|rule|Species Clause: Limit one of each Pokémon
|rule|OHKO Clause: OHKO moves are banned
|rule|Evasion Items Clause: Evasion items are banned
|rule|Evasion Moves Clause: Evasion moves are banned
|rule|Evasion Abilities Clause: Evasion abilities are banned
|rule|Sleep Moves Clause: Sleep-inducing moves are banned
|clearpoke
|poke|p1|Pelipper, F|
|poke|p1|Hatterene, F|
|poke|p1|Iron Treads|
|poke|p1|Toxicroak, F|
|poke|p1|Barraskewda, F|
|poke|p1|Zapdos|
|poke|p2|Tinkaton, F|
|poke|p2|Serperior, M|
|poke|p2|Indeedee, M|
|poke|p2|Araquanid, M|
|poke|p2|Great Tusk|
|poke|p2|Hawlucha, M|
|teampreview
|
|t:|1778498242
|teamsize|p1|6
|teamsize|p2|6
|start
|switch|p1a: Pelipper|Pelipper, F|100/100
|switch|p2a: Araquanid|Araquanid, M, shiny|100/100
|-weather|RainDance|[from] ability: Drizzle|[of] p1a: Pelipper
|turn|1
|
|t:|1778498248
|move|p1a: Pelipper|Hurricane|p2a: Araquanid
|-supereffective|p2a: Araquanid
|-damage|p2a: Araquanid|42/100
|-start|p2a: Araquanid|confusion
|-activate|p2a: Araquanid|confusion
|-damage|p2a: Araquanid|30/100|[from] confusion
|
|-weather|RainDance|[upkeep]
|upkeep
|turn|2
|
|t:|1778498263
|switch|p2a: Tinkaton|Tinkaton, F, shiny|100/100
|-item|p2a: Tinkaton|Air Balloon
|move|p1a: Pelipper|Hurricane|p2a: Tinkaton
|-resisted|p2a: Tinkaton
|-damage|p2a: Tinkaton|83/100
|-enditem|p2a: Tinkaton|Air Balloon
|
|-weather|RainDance|[upkeep]
|upkeep
|turn|3
|
|t:|1778498283
|switch|p2a: Araquanid|Araquanid, M, shiny|30/100
|move|p1a: Pelipper|Weather Ball|p2a: Araquanid
|-resisted|p2a: Araquanid
|-damage|p2a: Araquanid|10/100
|
|-weather|RainDance|[upkeep]
|upkeep
|turn|4
|
|t:|1778498297
|switch|p1a: Hatterene|Hatterene, F|100/100
|switch|p2a: Tinkaton|Tinkaton, F, shiny|83/100
|
|-weather|RainDance|[upkeep]
|upkeep
|turn|5
|
|t:|1778498300
|switch|p1a: Iron Treads|Iron Treads|100/100
|move|p2a: Tinkaton|Knock Off|p1a: Iron Treads
|-damage|p1a: Iron Treads|87/100
|-enditem|p1a: Iron Treads|Leftovers|[from] move: Knock Off|[of] p2a: Tinkaton
|
|-weather|RainDance|[upkeep]
|upkeep
|turn|6
|
|t:|1778498313
|switch|p2a: Serperior|Serperior, M, shiny|100/100
|move|p1a: Iron Treads|Stealth Rock|p2a: Serperior
|-sidestart|p2: Testteambill|move: Stealth Rock
|
|-weather|RainDance|[upkeep]
|upkeep
|turn|7
|
|t:|1778498323
|-end|p1a: Iron Treads|Quark Drive|[silent]
|switch|p1a: Zapdos|Zapdos|100/100
|move|p2a: Serperior|Substitute|p2a: Serperior
|-start|p2a: Serperior|Substitute
|-damage|p2a: Serperior|76/100
|
|-weather|RainDance|[upkeep]
|-heal|p2a: Serperior|82/100|[from] item: Leftovers
|upkeep
|turn|8
|
|t:|1778498334
|move|p2a: Serperior|Leech Seed|p1a: Zapdos
|-start|p1a: Zapdos|move: Leech Seed
|move|p1a: Zapdos|Hurricane|p2a: Serperior
|-supereffective|p2a: Serperior
|-end|p2a: Serperior|Substitute
|
|-weather|none
|-heal|p2a: Serperior|88/100|[from] item: Leftovers
|-damage|p1a: Zapdos|88/100|[from] Leech Seed|[of] p2a: Serperior
|-heal|p2a: Serperior|100/100|[silent]
|upkeep
|turn|9
|
|t:|1778498342
|switch|p1a: Pelipper|Pelipper, F|100/100
|-weather|RainDance|[from] ability: Drizzle|[of] p1a: Pelipper
|move|p2a: Serperior|Substitute|p2a: Serperior
|-start|p2a: Serperior|Substitute
|-damage|p2a: Serperior|76/100
|
|-weather|RainDance|[upkeep]
|-heal|p2a: Serperior|82/100|[from] item: Leftovers
|upkeep
|turn|10
|
|t:|1778498345
|move|p2a: Serperior|Leaf Storm|p1a: Pelipper
|-damage|p1a: Pelipper|54/100
|-boost|p2a: Serperior|spa|2
|move|p1a: Pelipper|U-turn|p2a: Serperior
|-supereffective|p2a: Serperior
|-end|p2a: Serperior|Substitute
|
|t:|1778498362
|switch|p1a: Zapdos|Zapdos|88/100|[from] U-turn
|
|-weather|RainDance|[upkeep]
|-heal|p2a: Serperior|88/100|[from] item: Leftovers
|upkeep
|turn|11
|
|t:|1778498383
|switch|p2a: Tinkaton|Tinkaton, F, shiny|83/100
|-damage|p2a: Tinkaton|77/100|[from] Stealth Rock
|move|p1a: Zapdos|Hurricane|p2a: Tinkaton
|-resisted|p2a: Tinkaton
|-damage|p2a: Tinkaton|39/100
|
|-weather|RainDance|[upkeep]
|upkeep
|turn|12
|
|t:|1778498392
|move|p1a: Zapdos|Hurricane|p2a: Tinkaton
|-resisted|p2a: Tinkaton
|-damage|p2a: Tinkaton|3/100
|-start|p2a: Tinkaton|confusion
|-activate|p2a: Tinkaton|confusion
|move|p2a: Tinkaton|Stealth Rock|p1a: Zapdos
|-sidestart|p1: teamskullenoxa|move: Stealth Rock
|
|-weather|RainDance|[upkeep]
|upkeep
|turn|13
|
|t:|1778498400
|move|p1a: Zapdos|Hurricane|p2a: Tinkaton
|-resisted|p2a: Tinkaton
|-damage|p2a: Tinkaton|0 fnt
|faint|p2a: Tinkaton
|
|-weather|RainDance|[upkeep]
|upkeep
|
|t:|1778498419
|switch|p2a: Indeedee|Indeedee, M, shiny|100/100
|-damage|p2a: Indeedee|88/100|[from] Stealth Rock
|-fieldstart|move: Psychic Terrain|[from] ability: Psychic Surge|[of] p2a: Indeedee
|turn|14
|
|t:|1778498429
|switch|p1a: Iron Treads|Iron Treads|87/100
|-damage|p1a: Iron Treads|84/100|[from] Stealth Rock
|move|p2a: Indeedee|Expanding Force|p1a: Iron Treads
|-resisted|p1a: Iron Treads
|-damage|p1a: Iron Treads|41/100
|
|-weather|RainDance|[upkeep]
|upkeep
|turn|15
|j| Soumya Ukil
|
|t:|1778498450
|move|p2a: Indeedee|Expanding Force|p1a: Iron Treads
|-resisted|p1a: Iron Treads
|-damage|p1a: Iron Treads|0 fnt
|faint|p1a: Iron Treads
|-end|p1a: Iron Treads|Quark Drive|[silent]
|
|-weather|RainDance|[upkeep]
|upkeep
|
|t:|1778498457
|switch|p1a: Barraskewda|Barraskewda, F|100/100
|-damage|p1a: Barraskewda|88/100|[from] Stealth Rock
|turn|16
|
|t:|1778498464
|switch|p2a: Serperior|Serperior, M, shiny|88/100
|-damage|p2a: Serperior|76/100|[from] Stealth Rock
|-terastallize|p1a: Barraskewda|Water
|move|p1a: Barraskewda|Flip Turn|p2a: Serperior
|-resisted|p2a: Serperior
|-damage|p2a: Serperior|18/100
|
|t:|1778498492
|switch|p1a: Toxicroak|Toxicroak, F|100/100|[from] Flip Turn
|-damage|p1a: Toxicroak|94/100|[from] Stealth Rock
|
|-weather|none
|-heal|p2a: Serperior|25/100|[from] item: Leftovers
|upkeep
|turn|17
|
|t:|1778498503
|move|p2a: Serperior|Glare|p1a: Toxicroak
|-status|p1a: Toxicroak|par
|cant|p1a: Toxicroak|par
|
|-heal|p2a: Serperior|31/100|[from] item: Leftovers
|upkeep
|turn|18
|
|t:|1778498506
|move|p2a: Serperior|Substitute|p2a: Serperior
|-start|p2a: Serperior|Substitute
|-damage|p2a: Serperior|6/100
|cant|p1a: Toxicroak|par
|
|-heal|p2a: Serperior|12/100|[from] item: Leftovers
|-fieldend|move: Psychic Terrain
|upkeep
|turn|19
|
|t:|1778498510
|move|p2a: Serperior|Leech Seed|p1a: Toxicroak
|-start|p1a: Toxicroak|move: Leech Seed
|move|p1a: Toxicroak|Drain Punch|p2a: Serperior
|-end|p2a: Serperior|Substitute
|-heal|p1a: Toxicroak|100/100 par|[from] drain|[of] p2a: Serperior
|
|-heal|p2a: Serperior|18/100|[from] item: Leftovers
|-damage|p1a: Toxicroak|88/100 par|[from] Leech Seed|[of] p2a: Serperior
|-heal|p2a: Serperior|34/100|[silent]
|upkeep
|turn|20
|
|t:|1778498513
|move|p2a: Serperior|Substitute|p2a: Serperior
|-start|p2a: Serperior|Substitute
|-damage|p2a: Serperior|9/100
|move|p1a: Toxicroak|Encore|p2a: Serperior
|-start|p2a: Serperior|Encore
|
|-heal|p2a: Serperior|16/100|[from] item: Leftovers
|-damage|p1a: Toxicroak|76/100 par|[from] Leech Seed|[of] p2a: Serperior
|-heal|p2a: Serperior|31/100|[silent]
|upkeep
|turn|21
|
|t:|1778498517
|move|p2a: Serperior|Substitute|p2a: Serperior
|-fail|p2a: Serperior|move: Substitute
|move|p1a: Toxicroak|Drain Punch|p2a: Serperior
|-end|p2a: Serperior|Substitute
|-heal|p1a: Toxicroak|85/100 par|[from] drain|[of] p2a: Serperior
|
|-heal|p2a: Serperior|38/100|[from] item: Leftovers
|-damage|p1a: Toxicroak|73/100 par|[from] Leech Seed|[of] p2a: Serperior
|-heal|p2a: Serperior|53/100|[silent]
|upkeep
|turn|22
|
|t:|1778498521
|move|p2a: Serperior|Substitute|p2a: Serperior
|-start|p2a: Serperior|Substitute
|-damage|p2a: Serperior|29/100
|cant|p1a: Toxicroak|par
|
|-heal|p2a: Serperior|35/100|[from] item: Leftovers
|-damage|p1a: Toxicroak|60/100 par|[from] Leech Seed|[of] p2a: Serperior
|-heal|p2a: Serperior|51/100|[silent]
|upkeep
|turn|23
|
|t:|1778498526
|move|p2a: Serperior|Substitute|p2a: Serperior
|-fail|p2a: Serperior|move: Substitute
|cant|p1a: Toxicroak|par
|
|-heal|p2a: Serperior|57/100|[from] item: Leftovers
|-damage|p1a: Toxicroak|48/100 par|[from] Leech Seed|[of] p2a: Serperior
|-heal|p2a: Serperior|73/100|[silent]
|-end|p2a: Serperior|Encore
|upkeep
|turn|24
|
|t:|1778498536
|move|p2a: Serperior|Leaf Storm|p1a: Toxicroak
|-resisted|p1a: Toxicroak
|-damage|p1a: Toxicroak|15/100 par
|-boost|p2a: Serperior|spa|2
|cant|p1a: Toxicroak|par
|
|-heal|p2a: Serperior|79/100|[from] item: Leftovers
|-damage|p1a: Toxicroak|2/100 par|[from] Leech Seed|[of] p2a: Serperior
|-heal|p2a: Serperior|95/100|[silent]
|upkeep
|turn|25
|
|t:|1778498539
|move|p2a: Serperior|Leaf Storm|p1a: Toxicroak
|-resisted|p1a: Toxicroak
|-damage|p1a: Toxicroak|0 fnt
|-boost|p2a: Serperior|spa|2
|faint|p1a: Toxicroak
|
|-heal|p2a: Serperior|100/100|[from] item: Leftovers
|upkeep
|
|t:|1778498542
|switch|p1a: Pelipper|Pelipper, F|54/100
|-damage|p1a: Pelipper|29/100|[from] Stealth Rock
|-weather|RainDance|[from] ability: Drizzle|[of] p1a: Pelipper
|turn|26
|
|t:|1778498553
|move|p2a: Serperior|Glare|p1a: Pelipper
|-status|p1a: Pelipper|par
|move|p1a: Pelipper|Hurricane|p2a: Serperior
|-supereffective|p2a: Serperior
|-end|p2a: Serperior|Substitute
|
|-weather|RainDance|[upkeep]
|upkeep
|turn|27
|
|t:|1778498558
|switch|p1a: Barraskewda|Barraskewda, F, tera:Water|88/100
|-damage|p1a: Barraskewda|76/100|[from] Stealth Rock
|move|p2a: Serperior|Substitute|p2a: Serperior
|-start|p2a: Serperior|Substitute
|-damage|p2a: Serperior|76/100
|
|-weather|RainDance|[upkeep]
|-heal|p2a: Serperior|82/100|[from] item: Leftovers
|upkeep
|turn|28
|
|t:|1778498570
|move|p1a: Barraskewda|Flip Turn|p2a: Serperior
|-resisted|p2a: Serperior
|-end|p2a: Serperior|Substitute
|
|t:|1778498572
|switch|p1a: Pelipper|Pelipper, F|29/100 par|[from] Flip Turn
|-damage|p1a: Pelipper|5/100 par|[from] Stealth Rock
|move|p2a: Serperior|Leech Seed|p1a: Pelipper
|-start|p1a: Pelipper|move: Leech Seed
|
|-weather|RainDance|[upkeep]
|-heal|p2a: Serperior|88/100|[from] item: Leftovers
|-damage|p1a: Pelipper|0 fnt|[from] Leech Seed|[of] p2a: Serperior
|-heal|p2a: Serperior|93/100|[silent]
|faint|p1a: Pelipper
|upkeep
|
|t:|1778498575
|switch|p1a: Barraskewda|Barraskewda, F, tera:Water|76/100
|-damage|p1a: Barraskewda|64/100|[from] Stealth Rock
|turn|29
|
|t:|1778498583
|move|p1a: Barraskewda|Close Combat|p2a: Serperior
|-damage|p2a: Serperior|17/100
|-unboost|p1a: Barraskewda|def|1
|-unboost|p1a: Barraskewda|spd|1
|move|p2a: Serperior|Leaf Storm|p1a: Barraskewda
|-supereffective|p1a: Barraskewda
|-damage|p1a: Barraskewda|0 fnt
|-boost|p2a: Serperior|spa|2
|faint|p1a: Barraskewda
|
|-weather|RainDance|[upkeep]
|-heal|p2a: Serperior|23/100|[from] item: Leftovers
|upkeep
|-message|teamskullenoxa forfeited.
|
|win|Testteambill
|raw|teamskullenoxa's rating: 1552 &rarr; <strong>1537</strong><br />(-15 for losing)
|raw|Testteambill's rating: 1636 &rarr; <strong>1651</strong><br />(+15 for winning)
|l|☆teamskullenoxa
|player|p1|
|l|☆Testteambill
|player|p2|
