|html|<div class="broadcast-blue"><strong>[Gen 9] OU is currently suspecting Tera Blast! For information on how to participate check out the <a href="https://www.smogon.com/tools/suspects/view/200">suspect thread</a>.</strong></div>
|j|☆magistermilitum420
|j|☆greatdaysbestintro
|t:|1776191657
|gametype|singles
|player|p1|magistermilitum420|blue|1297
|player|p2|greatdaysbestintro|102|1259
|gen|9
|tier|[Gen 9] OU
|rated|
|rule|HP Percentage Mod: HP is shown in percentages
|rule|Endless Battle Clause: Forcing endless battles is banned
|rule|Species Clause: Limit one of each Pokémon
|rule|OHKO Clause: OHKO moves are banned
|rule|Evasion Items Clause: Evasion items are banned
|rule|Evasion Moves Clause: Evasion moves are banned
|rule|Evasion Abilities Clause: Evasion abilities are banned
|rule|Sleep Moves Clause: Sleep-inducing moves are banned
|clearpoke
|poke|p1|Meowscarada, F|
|poke|p1|Great Tusk|
|poke|p1|Alomomola, F|
|poke|p1|Slowking-Galar, F|
|poke|p1|Iron Valiant|
|poke|p1|Heatran, F|
|poke|p2|Tyranitar, F|
|poke|p2|Excadrill, M|
|poke|p2|Hydrapple, F|
|poke|p2|Dragapult, M|
|poke|p2|Hatterene, F|
|poke|p2|Landorus-Therian, M|
|teampreview
|j| ohko_smeargle
|
|t:|1776191669
|teamsize|p1|6
|teamsize|p2|6
|start
|switch|p1a: Mahad|Meowscarada, F, shiny|100/100
|switch|p2a: Landorus|Landorus-Therian, M|100/100
|-ability|p2a: Landorus|Intimidate|boost
|-unboost|p1a: Mahad|atk|1
|turn|1
|
|t:|1776191677
|move|p1a: Mahad|U-turn|p2a: Landorus
|-start|p1a: Mahad|typechange|Bug|[from] ability: Protean
|-resisted|p2a: Landorus
|-damage|p2a: Landorus|89/100
|
|t:|1776191682
|switch|p1a: Charybdis|Alomomola, F, shiny|100/100|[from] U-turn
|move|p2a: Landorus|U-turn|p1a: Charybdis
|-damage|p1a: Charybdis|86/100
|-damage|p2a: Landorus|72/100|[from] item: Rocky Helmet|[of] p1a: Charybdis
|
|t:|1776191694
|switch|p2a: Hydrapple|Hydrapple, F|100/100|[from] U-turn
|
|upkeep
|turn|2
|
|t:|1776191701
|switch|p1a: Mithridates|Slowking-Galar, F|100/100
|move|p2a: Hydrapple|Draco Meteor|p1a: Mithridates
|-damage|p1a: Mithridates|67/100
|-unboost|p2a: Hydrapple|spa|2
|
|upkeep
|turn|3
|
|t:|1776191709
|switch|p2a: Tyranitar|Tyranitar, F|100/100
|-weather|Sandstorm|[from] ability: Sand Stream|[of] p2a: Tyranitar
|move|p1a: Mithridates|Future Sight|p2a: Tyranitar
|-start|p1a: Mithridates|move: Future Sight
|
|-weather|Sandstorm|[upkeep]
|-damage|p1a: Mithridates|61/100|[from] Sandstorm
|upkeep
|turn|4
|inactive|Battle timer is ON: inactive players will automatically lose when time's up. (requested by greatdaysbestintro)
|
|t:|1776191717
|switch|p1a: Charybdis|Alomomola, F, shiny|100/100
|move|p2a: Tyranitar|Stealth Rock|p1a: Charybdis
|-sidestart|p1: magistermilitum420|move: Stealth Rock
|
|-weather|Sandstorm|[upkeep]
|-damage|p1a: Charybdis|94/100|[from] Sandstorm
|upkeep
|turn|5
|
|t:|1776191728
|move|p2a: Tyranitar|Knock Off|p1a: Charybdis
|-damage|p1a: Charybdis|73/100
|-damage|p2a: Tyranitar|84/100|[from] item: Rocky Helmet|[of] p1a: Charybdis
|-enditem|p1a: Charybdis|Rocky Helmet|[from] move: Knock Off|[of] p2a: Tyranitar
|move|p1a: Charybdis|Scald|p2a: Tyranitar
|-supereffective|p2a: Tyranitar
|-damage|p2a: Tyranitar|73/100
|
|-weather|Sandstorm|[upkeep]
|-damage|p1a: Charybdis|67/100|[from] Sandstorm
|-end|p2a: Tyranitar|move: Future Sight
|-immune|p2a: Tyranitar
|upkeep
|turn|6
|
|t:|1776191745
|switch|p2a: Dragapult|Dragapult, M|100/100
|move|p1a: Charybdis|Scald|p2a: Dragapult
|-resisted|p2a: Dragapult
|-damage|p2a: Dragapult|92/100
|-status|p2a: Dragapult|brn
|
|-weather|Sandstorm|[upkeep]
|-damage|p2a: Dragapult|86/100 brn|[from] Sandstorm
|-damage|p1a: Charybdis|61/100|[from] Sandstorm
|-damage|p2a: Dragapult|80/100 brn|[from] brn
|upkeep
|turn|7
|
|t:|1776191763
|switch|p1a: Mithridates|Slowking-Galar, F|94/100
|-damage|p1a: Mithridates|81/100|[from] Stealth Rock
|move|p2a: Dragapult|Will-O-Wisp|p1a: Mithridates
|-status|p1a: Mithridates|brn
|
|-weather|Sandstorm|[upkeep]
|-damage|p2a: Dragapult|74/100 brn|[from] Sandstorm
|-damage|p1a: Mithridates|75/100 brn|[from] Sandstorm
|-damage|p2a: Dragapult|68/100 brn|[from] brn
|-damage|p1a: Mithridates|69/100 brn|[from] brn
|upkeep
|turn|8
|
|t:|1776191778
|move|p2a: Dragapult|Hex|p1a: Mithridates
|-supereffective|p1a: Mithridates
|-damage|p1a: Mithridates|14/100 brn
|move|p1a: Mithridates|Psychic Noise|p2a: Dragapult
|-damage|p2a: Dragapult|18/100 brn
|-start|p2a: Dragapult|move: Heal Block
|
|-weather|Sandstorm|[upkeep]
|-damage|p2a: Dragapult|12/100 brn|[from] Sandstorm
|-damage|p1a: Mithridates|8/100 brn|[from] Sandstorm
|-damage|p2a: Dragapult|6/100 brn|[from] brn
|-damage|p1a: Mithridates|2/100 brn|[from] brn
|upkeep
|turn|9
|
|t:|1776191799
|switch|p1a: Mahad|Meowscarada, F, shiny|100/100
|-damage|p1a: Mahad|88/100|[from] Stealth Rock
|move|p2a: Dragapult|U-turn|p1a: Mahad
|-supereffective|p1a: Mahad
|-damage|p1a: Mahad|31/100
|inactive|greatdaysbestintro has 120 seconds left.
|inactive|greatdaysbestintro has 90 seconds left.
|
|t:|1776191857
|switch|p2a: Excadrill|Excadrill, M|100/100|[from] U-turn
|-item|p2a: Excadrill|Air Balloon
|
|-weather|Sandstorm|[upkeep]
|-damage|p1a: Mahad|25/100|[from] Sandstorm
|upkeep
|turn|10
|inactive|greatdaysbestintro has 90 seconds left.
|
|t:|1776191868
|switch|p1a: Barca|Great Tusk|100/100
|-damage|p1a: Barca|98/100|[from] Stealth Rock
|move|p2a: Excadrill|Earthquake|p1a: Barca
|-damage|p1a: Barca|70/100
|
|-weather|none
|-heal|p1a: Barca|76/100|[from] item: Leftovers
|upkeep
|turn|11
|
|t:|1776191878
|switch|p2a: Hydrapple|Hydrapple, F|100/100
|move|p1a: Barca|Rapid Spin|p2a: Hydrapple
|-damage|p2a: Hydrapple|91/100
|-boost|p1a: Barca|spe|1
|-sideend|p1: magistermilitum420|Stealth Rock|[from] move: Rapid Spin|[of] p1a: Barca
|
|-heal|p1a: Barca|82/100|[from] item: Leftovers
|upkeep
|turn|12
|inactive|greatdaysbestintro has 90 seconds left.
|
|t:|1776191914
|-end|p1a: Barca|Protosynthesis|[silent]
|switch|p1a: Vulcanus|Heatran, F, shiny|100/100
|move|p2a: Hydrapple|Nasty Plot|p2a: Hydrapple
|-boost|p2a: Hydrapple|spa|2
|
|upkeep
|turn|13
|
|t:|1776191927
|move|p1a: Vulcanus|Overheat|p2a: Hydrapple
|-damage|p2a: Hydrapple|0 fnt
|-unboost|p1a: Vulcanus|spa|2
|faint|p2a: Hydrapple
|
|upkeep
|
|t:|1776191939
|switch|p2a: Tyranitar|Tyranitar, F|73/100
|-weather|Sandstorm|[from] ability: Sand Stream|[of] p2a: Tyranitar
|turn|14
|
|t:|1776191949
|switch|p1a: Barca|Great Tusk|82/100
|move|p2a: Tyranitar|Stealth Rock|p1a: Barca
|-sidestart|p1: magistermilitum420|move: Stealth Rock
|
|-weather|Sandstorm|[upkeep]
|-heal|p1a: Barca|89/100|[from] item: Leftovers
|upkeep
|turn|15
|inactive|greatdaysbestintro has 90 seconds left.
|
|t:|1776191965
|switch|p2a: Dragapult|Dragapult, M|6/100 brn
|move|p1a: Barca|Rapid Spin|p2a: Dragapult
|-immune|p2a: Dragapult
|
|-weather|Sandstorm|[upkeep]
|-damage|p2a: Dragapult|0 fnt|[from] Sandstorm
|faint|p2a: Dragapult
|-heal|p1a: Barca|95/100|[from] item: Leftovers
|upkeep
|inactive|greatdaysbestintro has 90 seconds left.
|
|t:|1776191971
|switch|p2a: Hatterene|Hatterene, F|100/100
|turn|16
|inactive|greatdaysbestintro has 90 seconds left.
|
|t:|1776191982
|-terastallize|p1a: Barca|Steel
|move|p1a: Barca|Knock Off|p2a: Hatterene
|-damage|p2a: Hatterene|71/100
|-enditem|p2a: Hatterene|Assault Vest|[from] move: Knock Off|[of] p1a: Barca
|move|p2a: Hatterene|Nuzzle|p1a: Barca
|-damage|p1a: Barca|93/100
|-status|p1a: Barca|par
|
|-weather|Sandstorm|[upkeep]
|-damage|p2a: Hatterene|65/100|[from] Sandstorm
|-heal|p1a: Barca|99/100 par|[from] item: Leftovers
|upkeep
|turn|17
|inactive|greatdaysbestintro has 90 seconds left.
|
|t:|1776192000
|move|p2a: Hatterene|Mystical Fire|p1a: Barca
|-supereffective|p1a: Barca
|-damage|p1a: Barca|24/100 par
|-unboost|p1a: Barca|spa|1
|move|p1a: Barca|Rapid Spin|p2a: Hatterene
|-damage|p2a: Hatterene|49/100
|-boost|p1a: Barca|spe|1
|-sideend|p1: magistermilitum420|Stealth Rock|[from] move: Rapid Spin|[of] p1a: Barca
|
|-weather|Sandstorm|[upkeep]
|-damage|p2a: Hatterene|43/100|[from] Sandstorm
|-heal|p1a: Barca|30/100 par|[from] item: Leftovers
|upkeep
|turn|18
|inactive|greatdaysbestintro has 90 seconds left.
|
|t:|1776192016
|-end|p1a: Barca|Protosynthesis|[silent]
|switch|p1a: Charybdis|Alomomola, F, shiny|94/100
|switch|p2a: Landorus|Landorus-Therian, M|72/100
|-ability|p2a: Landorus|Intimidate|boost
|-unboost|p1a: Charybdis|atk|1
|
|-weather|Sandstorm|[upkeep]
|-damage|p1a: Charybdis|88/100|[from] Sandstorm
|upkeep
|turn|19
|inactive|greatdaysbestintro has 90 seconds left.
|
|t:|1776192032
|move|p2a: Landorus|Earthquake|p1a: Charybdis
|-damage|p1a: Charybdis|56/100
|move|p1a: Charybdis|Wish|p1a: Charybdis
|
|-weather|Sandstorm|[upkeep]
|-damage|p1a: Charybdis|50/100|[from] Sandstorm
|upkeep
|turn|20
|inactive|greatdaysbestintro has 90 seconds left.
|
|t:|1776192041
|move|p2a: Landorus|Earthquake|p1a: Charybdis
|-damage|p1a: Charybdis|20/100
|move|p1a: Charybdis|Scald|p2a: Landorus
|-supereffective|p2a: Landorus
|-damage|p2a: Landorus|29/100
|-status|p2a: Landorus|brn
|
|-weather|Sandstorm|[upkeep]
|-damage|p1a: Charybdis|14/100|[from] Sandstorm
|-heal|p1a: Charybdis|64/100|[from] move: Wish|[wisher] Charybdis
|-damage|p2a: Landorus|23/100 brn|[from] brn
|upkeep
|turn|21
|-message|greatdaysbestintro forfeited.
|
|win|magistermilitum420
|raw|magistermilitum420's rating: 1297 &rarr; <strong>1319</strong><br />(+22 for winning)
|raw|greatdaysbestintro's rating: 1259 &rarr; <strong>1237</strong><br />(-22 for losing)
|l|☆greatdaysbestintro
|player|p2|
|l| ohko_smeargle
