|html|<div class="broadcast-blue"><strong>[Gen 9] OU is currently suspecting Tera Blast! For information on how to participate check out the <a href="https://www.smogon.com/tools/suspects/view/200">suspect thread</a>.</strong></div>
|j|☆magistermilitum420
|j|☆Curship
|t:|1776192543
|gametype|singles
|player|p1|magistermilitum420|blue|1296
|player|p2|Curship|170|1347
|gen|9
|tier|[Gen 9] OU
|rated|
|rule|HP Percentage Mod: HP is shown in percentages
|rule|Endless Battle Clause: Forcing endless battles is banned
|rule|Species Clause: Limit one of each Pokémon
|rule|OHKO Clause: OHKO moves are banned
|rule|Evasion Items Clause: Evasion items are banned
|rule|Evasion Moves Clause: Evasion moves are banned
|rule|Evasion Abilities Clause: Evasion abilities are banned
|rule|Sleep Moves Clause: Sleep-inducing moves are banned
|clearpoke
|poke|p1|Meowscarada, F|
|poke|p1|Great Tusk|
|poke|p1|Alomomola, F|
|poke|p1|Slowking-Galar, M|
|poke|p1|Iron Valiant|
|poke|p1|Heatran, F|
|poke|p2|Pelipper, F|
|poke|p2|Hatterene, F|
|poke|p2|Iron Treads|
|poke|p2|Toxicroak, F|
|poke|p2|Barraskewda, F|
|poke|p2|Zapdos|
|teampreview
|
|t:|1776192551
|teamsize|p1|6
|teamsize|p2|6
|start
|switch|p1a: Mithridates|Slowking-Galar, M|100/100
|switch|p2a: Pelipper|Pelipper, F|100/100
|-weather|RainDance|[from] ability: Drizzle|[of] p2a: Pelipper
|turn|1
|
|t:|1776192559
|move|p2a: Pelipper|Knock Off|p1a: Mithridates
|-supereffective|p1a: Mithridates
|-damage|p1a: Mithridates|72/100
|-enditem|p1a: Mithridates|Assault Vest|[from] move: Knock Off|[of] p2a: Pelipper
|move|p1a: Mithridates|Future Sight|p2a: Pelipper
|-start|p1a: Mithridates|move: Future Sight
|
|-weather|RainDance|[upkeep]
|upkeep
|turn|2
|
|t:|1776192572
|move|p2a: Pelipper|U-turn|p1a: Mithridates
|-damage|p1a: Mithridates|62/100
|
|t:|1776192578
|switch|p2a: Iron Treads|Iron Treads|100/100|[from] U-turn
|move|p1a: Mithridates|Surf|p2a: Iron Treads
|-supereffective|p2a: Iron Treads
|-damage|p2a: Iron Treads|33/100
|
|-weather|RainDance|[upkeep]
|-heal|p2a: Iron Treads|39/100|[from] item: Leftovers
|upkeep
|turn|3
|
|t:|1776192590
|switch|p1a: Charybdis|Alomomola, F, shiny|100/100
|move|p2a: Iron Treads|Earthquake|p1a: Charybdis
|-damage|p1a: Charybdis|80/100
|
|-weather|RainDance|[upkeep]
|-end|p2a: Iron Treads|move: Future Sight
|-resisted|p2a: Iron Treads
|-damage|p2a: Iron Treads|16/100
|-heal|p2a: Iron Treads|22/100|[from] item: Leftovers
|upkeep
|turn|4
|
|t:|1776192605
|switch|p1a: Barca|Great Tusk|100/100
|move|p2a: Iron Treads|Volt Switch|p1a: Barca
|-immune|p1a: Barca
|
|-weather|RainDance|[upkeep]
|-heal|p2a: Iron Treads|28/100|[from] item: Leftovers
|upkeep
|turn|5
|
|t:|1776192632
|-end|p2a: Iron Treads|Quark Drive|[silent]
|switch|p2a: Pelipper|Pelipper, F|100/100
|move|p1a: Barca|Knock Off|p2a: Pelipper
|-damage|p2a: Pelipper|68/100
|-enditem|p2a: Pelipper|Damp Rock|[from] move: Knock Off|[of] p1a: Barca
|
|-weather|RainDance|[upkeep]
|upkeep
|turn|6
|
|t:|1776192644
|-end|p1a: Barca|Protosynthesis|[silent]
|switch|p1a: Mithridates|Slowking-Galar, M|95/100
|move|p2a: Pelipper|Hurricane|p1a: Mithridates
|-damage|p1a: Mithridates|69/100
|
|-weather|RainDance|[upkeep]
|upkeep
|turn|7
|
|t:|1776192651
|move|p2a: Pelipper|Hurricane|p1a: Mithridates
|-damage|p1a: Mithridates|43/100
|move|p1a: Mithridates|Future Sight|p2a: Pelipper
|-start|p1a: Mithridates|move: Future Sight
|
|-weather|RainDance|[upkeep]
|upkeep
|turn|8
|
|t:|1776192669
|move|p2a: Pelipper|Roost|p2a: Pelipper
|-heal|p2a: Pelipper|100/100
|-singleturn|p2a: Pelipper|move: Roost
|move|p1a: Mithridates|Sludge Bomb|p2a: Pelipper
|-crit|p2a: Pelipper
|-damage|p2a: Pelipper|45/100
|-status|p2a: Pelipper|psn
|
|-weather|none
|-damage|p2a: Pelipper|32/100 psn|[from] psn
|upkeep
|turn|9
|
|t:|1776192683
|switch|p2a: Iron Treads|Iron Treads|28/100
|move|p1a: Mithridates|Psychic Noise|p2a: Iron Treads
|-resisted|p2a: Iron Treads
|-damage|p2a: Iron Treads|14/100
|-start|p2a: Iron Treads|move: Heal Block
|
|-end|p2a: Iron Treads|move: Future Sight
|-resisted|p2a: Iron Treads
|-damage|p2a: Iron Treads|0 fnt
|faint|p2a: Iron Treads
|-end|p2a: Iron Treads|Quark Drive|[silent]
|upkeep
|
|t:|1776192689
|switch|p2a: Pelipper|Pelipper, F|32/100 psn
|-weather|RainDance|[from] ability: Drizzle|[of] p2a: Pelipper
|turn|10
|
|t:|1776192705
|switch|p2a: Hatterene|Hatterene, F|100/100
|move|p1a: Mithridates|Psychic Noise|p2a: Hatterene
|-resisted|p2a: Hatterene
|-damage|p2a: Hatterene|83/100
|-start|p2a: Hatterene|move: Heal Block
|-enditem|p2a: Hatterene|Eject Button
|
|t:|1776192712
|switch|p2a: Zapdos|Zapdos|100/100
|
|-weather|RainDance|[upkeep]
|upkeep
|turn|11
|
|t:|1776192732
|switch|p1a: Charybdis|Alomomola, F, shiny|100/100
|move|p2a: Zapdos|Hurricane|p1a: Charybdis
|-damage|p1a: Charybdis|0 fnt
|faint|p1a: Charybdis
|
|-weather|RainDance|[upkeep]
|upkeep
|
|t:|1776192755
|switch|p1a: Mithridates|Slowking-Galar, M|77/100
|turn|12
|
|t:|1776192763
|move|p2a: Zapdos|Hurricane|p1a: Mithridates
|-damage|p1a: Mithridates|19/100
|move|p1a: Mithridates|Sludge Bomb|p2a: Zapdos
|-damage|p2a: Zapdos|52/100
|-status|p2a: Zapdos|psn
|
|-weather|RainDance|[upkeep]
|-damage|p2a: Zapdos|39/100 psn|[from] psn
|upkeep
|turn|13
|
|t:|1776192777
|switch|p1a: Vulcanus|Heatran, F, shiny|100/100
|move|p2a: Zapdos|Hurricane|p1a: Vulcanus
|-resisted|p1a: Vulcanus
|-damage|p1a: Vulcanus|57/100
|-start|p1a: Vulcanus|confusion
|
|-weather|RainDance|[upkeep]
|-damage|p2a: Zapdos|27/100 psn|[from] psn
|upkeep
|turn|14
|
|t:|1776192796
|switch|p2a: Toxicroak|Toxicroak, F|100/100
|-activate|p1a: Vulcanus|confusion
|move|p1a: Vulcanus|Flash Cannon|p2a: Toxicroak
|-damage|p2a: Toxicroak|17/100
|
|-weather|none
|upkeep
|turn|15
|
|t:|1776192813
|switch|p1a: Mithridates|Slowking-Galar, M|52/100
|move|p2a: Toxicroak|Knock Off|p1a: Mithridates
|-supereffective|p1a: Mithridates
|-damage|p1a: Mithridates|18/100
|
|upkeep
|turn|16
|
|t:|1776192829
|switch|p1a: Barca|Great Tusk|100/100
|move|p2a: Toxicroak|Knock Off|p1a: Barca
|-resisted|p1a: Barca
|-damage|p1a: Barca|95/100
|-enditem|p1a: Barca|Leftovers|[from] move: Knock Off|[of] p2a: Toxicroak
|
|upkeep
|turn|17
|
|t:|1776192837
|switch|p2a: Pelipper|Pelipper, F|32/100 psn
|-weather|RainDance|[from] ability: Drizzle|[of] p2a: Pelipper
|move|p1a: Barca|Knock Off|p2a: Pelipper
|-damage|p2a: Pelipper|11/100 psn
|
|-weather|RainDance|[upkeep]
|-damage|p2a: Pelipper|0 fnt|[from] psn
|faint|p2a: Pelipper
|upkeep
|
|t:|1776192842
|switch|p2a: Barraskewda|Barraskewda, F|100/100
|turn|18
|
|t:|1776192855
|-terastallize|p1a: Barca|Steel
|move|p2a: Barraskewda|Flip Turn|p1a: Barca
|-damage|p1a: Barca|61/100
|
|t:|1776192861
|switch|p2a: Hatterene|Hatterene, F|83/100|[from] Flip Turn
|move|p1a: Barca|Knock Off|p2a: Hatterene
|-damage|p2a: Hatterene|65/100
|
|-weather|RainDance|[upkeep]
|upkeep
|turn|19
|
|t:|1776192881
|move|p1a: Barca|Earthquake|p2a: Hatterene
|-damage|p2a: Hatterene|26/100
|move|p2a: Hatterene|Nuzzle|p1a: Barca
|-damage|p1a: Barca|59/100
|-status|p1a: Barca|par
|
|-weather|RainDance|[upkeep]
|upkeep
|turn|20
|
|t:|1776192890
|move|p2a: Hatterene|Healing Wish|p2a: Hatterene
|faint|p2a: Hatterene
|move|p1a: Barca|Knock Off|p2: Hatterene|[notarget]
|-fail|p1a: Barca
|
|-weather|RainDance|[upkeep]
|upkeep
|
|t:|1776192896
|switch|p2a: Zapdos|Zapdos|27/100 psn
|-heal|p2a: Zapdos|100/100|[from] move: Healing Wish
|turn|21
|
|t:|1776192902
|move|p2a: Zapdos|Thunder|p1a: Barca
|-damage|p1a: Barca|0 fnt
|faint|p1a: Barca
|-end|p1a: Barca|Protosynthesis|[silent]
|
|-weather|none
|upkeep
|
|t:|1776192909
|switch|p1a: Mahad|Meowscarada, F, shiny|100/100
|turn|22
|
|t:|1776192919
|switch|p2a: Toxicroak|Toxicroak, F|17/100
|move|p1a: Mahad|Knock Off|p2a: Toxicroak
|-start|p1a: Mahad|typechange|Dark|[from] ability: Protean
|-resisted|p2a: Toxicroak
|-damage|p2a: Toxicroak|0 fnt
|-damage|p1a: Mahad|84/100|[from] item: Rocky Helmet|[of] p2a: Toxicroak
|-enditem|p2a: Toxicroak|Rocky Helmet|[from] move: Knock Off|[of] p1a: Mahad
|faint|p2a: Toxicroak
|
|upkeep
|
|t:|1776192920
|switch|p2a: Barraskewda|Barraskewda, F|100/100
|turn|23
|
|t:|1776192937
|switch|p1a: Mithridates|Slowking-Galar, M|52/100
|move|p2a: Barraskewda|Liquidation|p1a: Mithridates
|-damage|p1a: Mithridates|0 fnt
|faint|p1a: Mithridates
|
|upkeep
|
|t:|1776192943
|switch|p1a: Mahad|Meowscarada, F, shiny|84/100
|turn|24
|
|t:|1776192946
|switch|p2a: Zapdos|Zapdos|100/100
|move|p1a: Mahad|Flower Trick|p2a: Zapdos
|-start|p1a: Mahad|typechange|Grass|[from] ability: Protean
|-resisted|p2a: Zapdos
|-crit|p2a: Zapdos
|-damage|p2a: Zapdos|72/100
|
|upkeep
|turn|25
|
|t:|1776192963
|switch|p1a: Vulcanus|Heatran, F, shiny|57/100
|move|p2a: Zapdos|Volt Switch|p1a: Vulcanus
|-damage|p1a: Vulcanus|0 fnt
|faint|p1a: Vulcanus
|
|t:|1776192967
|switch|p2a: Barraskewda|Barraskewda, F|100/100|[from] Volt Switch
|
|upkeep
|
|t:|1776192973
|switch|p1a: Mahad|Meowscarada, F, shiny|84/100
|turn|26
|
|t:|1776192984
|move|p1a: Mahad|Flower Trick|p2a: Barraskewda
|-start|p1a: Mahad|typechange|Grass|[from] ability: Protean
|-supereffective|p2a: Barraskewda
|-crit|p2a: Barraskewda
|-damage|p2a: Barraskewda|0 fnt
|faint|p2a: Barraskewda
|
|upkeep
|
|t:|1776192988
|switch|p2a: Zapdos|Zapdos|72/100
|turn|27
|
|t:|1776192994
|-terastallize|p2a: Zapdos|Flying
|move|p1a: Mahad|Flower Trick|p2a: Zapdos
|-resisted|p2a: Zapdos
|-crit|p2a: Zapdos
|-damage|p2a: Zapdos|41/100
|move|p2a: Zapdos|Hurricane|p1a: Mahad
|-supereffective|p1a: Mahad
|-damage|p1a: Mahad|0 fnt
|faint|p1a: Mahad
|
|upkeep
|
|t:|1776193002
|switch|p1a: Pallas|Iron Valiant, shiny|100/100
|-enditem|p1a: Pallas|Booster Energy
|-activate|p1a: Pallas|ability: Quark Drive|[fromitem]
|-start|p1a: Pallas|quarkdrivespe
|turn|28
|
|t:|1776193010
|move|p1a: Pallas|Moonblast|p2a: Zapdos
|-crit|p2a: Zapdos
|-damage|p2a: Zapdos|0 fnt
|faint|p2a: Zapdos
|
|win|magistermilitum420
|raw|magistermilitum420's rating: 1296 &rarr; <strong>1325</strong><br />(+29 for winning)
|raw|Curship's rating: 1347 &rarr; <strong>1324</strong><br />(-23 for losing)
