|html|<div class="broadcast-blue"><strong>[Gen 9] OU is currently suspecting Tera Blast! For information on how to participate check out the <a href="https://www.smogon.com/tools/suspects/view/200">suspect thread</a>.</strong></div>
|j|☆rilladih
|j|☆CAPLT26EQ noob
|t:|1776075607
|gametype|singles
|player|p1|rilladih|266|1410
|player|p2|CAPLT26EQ noob|266|1456
|gen|9
|tier|[Gen 9] OU
|rated|
|rule|HP Percentage Mod: HP is shown in percentages
|rule|Endless Battle Clause: Forcing endless battles is banned
|rule|Species Clause: Limit one of each Pokémon
|rule|OHKO Clause: OHKO moves are banned
|rule|Evasion Items Clause: Evasion items are banned
|rule|Evasion Moves Clause: Evasion moves are banned
|rule|Evasion Abilities Clause: Evasion abilities are banned
|rule|Sleep Moves Clause: Sleep-inducing moves are banned
|clearpoke
|poke|p1|Hatterene, F|
|poke|p1|Ursaluna, M|
|poke|p1|Porygon2|
|poke|p1|Cresselia, F|
|poke|p1|Iron Hands|
|poke|p1|Volcanion|
|poke|p2|Rillaboom, F|
|poke|p2|Zamazenta-*|
|poke|p2|Gholdengo|
|poke|p2|Ting-Lu|
|poke|p2|Ogerpon-Wellspring, F|
|poke|p2|Latias, F|
|teampreview
|inactive|Battle timer is ON: inactive players will automatically lose when time's up. (requested by rilladih)
|c|☆CAPLT26EQ noob|ah this one
|
|t:|1776075616
|teamsize|p1|6
|teamsize|p2|6
|start
|switch|p1a: TARS|Porygon2|100/100
|switch|p2a: Rillaboom|Rillaboom, F|100/100
|-fieldstart|move: Grassy Terrain|[from] ability: Grassy Surge|[of] p2a: Rillaboom
|-ability|p1a: TARS|Download|boost
|-boost|p1a: TARS|spa|1
|turn|1
|
|t:|1776075627
|move|p2a: Rillaboom|Knock Off|p1a: TARS
|-damage|p1a: TARS|79/100
|-enditem|p1a: TARS|Eviolite|[from] move: Knock Off|[of] p2a: Rillaboom
|move|p1a: TARS|Trick Room|p1a: TARS
|-fieldstart|move: Trick Room|[of] p1a: TARS
|
|-heal|p1a: TARS|85/100|[from] Grassy Terrain
|upkeep
|turn|2
|
|t:|1776075634
|switch|p2a: Gholdengo|Gholdengo|100/100
|-enditem|p2a: Gholdengo|Grassy Seed
|-boost|p2a: Gholdengo|def|1|[from] item: Grassy Seed
|move|p1a: TARS|Ice Beam|p2a: Gholdengo
|-resisted|p2a: Gholdengo
|-damage|p2a: Gholdengo|79/100
|
|-heal|p1a: TARS|91/100|[from] Grassy Terrain
|-heal|p2a: Gholdengo|85/100|[from] Grassy Terrain
|upkeep
|turn|3
|
|t:|1776075639
|switch|p1a: Mann|Ursaluna, M|100/100
|switch|p2a: Ting-Lu|Ting-Lu|100/100
|-ability|p2a: Ting-Lu|Vessel of Ruin
|
|-status|p1a: Mann|brn|[from] item: Flame Orb
|upkeep
|turn|4
|
|t:|1776075645
|move|p2a: Ting-Lu|Stealth Rock|p1a: Mann
|-sidestart|p1: rilladih|move: Stealth Rock
|move|p1a: Mann|Facade|p2a: Ting-Lu
|-damage|p2a: Ting-Lu|37/100
|-enditem|p2a: Ting-Lu|Red Card|[of] p1a: Mann
|drag|p1a: Brand|Hatterene, F, shiny|100/100
|-damage|p1a: Brand|88/100|[from] Stealth Rock
|
|-heal|p1a: Brand|94/100|[from] Grassy Terrain
|-heal|p2a: Ting-Lu|43/100|[from] Grassy Terrain
|upkeep
|turn|5
|
|t:|1776075655
|switch|p2a: Gholdengo|Gholdengo|85/100
|move|p1a: Brand|Dazzling Gleam|p2a: Gholdengo
|-resisted|p2a: Gholdengo
|-damage|p2a: Gholdengo|59/100
|
|-heal|p1a: Brand|99/100|[from] Grassy Terrain
|-heal|p2a: Gholdengo|65/100|[from] Grassy Terrain
|-fieldend|move: Trick Room
|upkeep
|turn|6
|
|t:|1776075665
|move|p2a: Gholdengo|Make It Rain|p1a: Brand
|-supereffective|p1a: Brand
|-damage|p1a: Brand|0 fnt
|-unboost|p2a: Gholdengo|spa|1
|faint|p1a: Brand
|
|-heal|p2a: Gholdengo|71/100|[from] Grassy Terrain
|upkeep
|
|t:|1776075671
|switch|p1a: Miller|Cresselia, F, shiny|100/100
|-damage|p1a: Miller|88/100|[from] Stealth Rock
|turn|7
|
|t:|1776075675
|move|p2a: Gholdengo|Nasty Plot|p2a: Gholdengo
|-boost|p2a: Gholdengo|spa|2
|move|p1a: Miller|Trick Room|p1a: Miller
|-fieldstart|move: Trick Room|[of] p1a: Miller
|
|-heal|p2a: Gholdengo|77/100|[from] Grassy Terrain
|upkeep
|turn|8
|
|t:|1776075680
|switch|p1a: TARS|Porygon2|91/100
|-damage|p1a: TARS|79/100|[from] Stealth Rock
|-ability|p1a: TARS|Download|boost
|-boost|p1a: TARS|spa|1
|move|p2a: Gholdengo|Shadow Ball|p1a: TARS
|-immune|p1a: TARS
|
|-heal|p1a: TARS|85/100|[from] Grassy Terrain
|-heal|p2a: Gholdengo|83/100|[from] Grassy Terrain
|-fieldend|move: Grassy Terrain
|upkeep
|turn|9
|
|t:|1776075698
|switch|p2a: Latias|Latias, F|100/100
|-terastallize|p1a: TARS|Ground
|move|p1a: TARS|Tera Blast|p2a: Latias|[anim] Tera Blast Ground
|-immune|p2a: Latias|[from] ability: Levitate
|
|upkeep
|turn|10
|
|t:|1776075702
|move|p1a: TARS|Ice Beam|p2a: Latias
|-supereffective|p2a: Latias
|-damage|p2a: Latias|40/100
|move|p2a: Latias|Calm Mind|p2a: Latias
|-boost|p2a: Latias|spa|1
|-boost|p2a: Latias|spd|1
|
|upkeep
|turn|11
|
|t:|1776075706
|move|p1a: TARS|Ice Beam|p2a: Latias
|-supereffective|p2a: Latias
|-damage|p2a: Latias|0 fnt
|faint|p2a: Latias
|
|-fieldend|move: Trick Room
|upkeep
|
|t:|1776075710
|switch|p2a: Rillaboom|Rillaboom, F|100/100
|-fieldstart|move: Grassy Terrain|[from] ability: Grassy Surge|[of] p2a: Rillaboom
|turn|12
|
|t:|1776075718
|switch|p1a: CASE|Iron Hands|100/100
|-damage|p1a: CASE|94/100|[from] Stealth Rock
|-enditem|p1a: CASE|Booster Energy
|-activate|p1a: CASE|ability: Quark Drive|[fromitem]
|-start|p1a: CASE|quarkdriveatk
|move|p2a: Rillaboom|Wood Hammer|p1a: CASE
|-damage|p1a: CASE|37/100
|-damage|p2a: Rillaboom|76/100|[from] Recoil
|
|-heal|p2a: Rillaboom|82/100|[from] Grassy Terrain
|-heal|p1a: CASE|44/100|[from] Grassy Terrain
|upkeep
|turn|13
|
|t:|1776075734
|move|p2a: Rillaboom|Wood Hammer|p1a: CASE
|-damage|p1a: CASE|0 fnt
|faint|p1a: CASE
|-end|p1a: CASE|Quark Drive|[silent]
|-damage|p2a: Rillaboom|64/100|[from] Recoil
|
|-heal|p2a: Rillaboom|70/100|[from] Grassy Terrain
|upkeep
|
|t:|1776075739
|switch|p1a: Saturn|Volcanion|100/100
|-damage|p1a: Saturn|76/100|[from] Stealth Rock
|turn|14
|
|t:|1776075745
|move|p2a: Rillaboom|U-turn|p1a: Saturn
|-resisted|p1a: Saturn
|-damage|p1a: Saturn|66/100
|
|t:|1776075747
|switch|p2a: Ting-Lu|Ting-Lu|43/100|[from] U-turn
|-ability|p2a: Ting-Lu|Vessel of Ruin
|move|p1a: Saturn|Flamethrower|p2a: Ting-Lu
|-damage|p2a: Ting-Lu|13/100
|
|-heal|p1a: Saturn|72/100|[from] Grassy Terrain
|-heal|p2a: Ting-Lu|19/100|[from] Grassy Terrain
|upkeep
|turn|15
|
|t:|1776075750
|move|p1a: Saturn|Flamethrower|p2a: Ting-Lu
|-damage|p2a: Ting-Lu|0 fnt
|faint|p2a: Ting-Lu
|
|-heal|p1a: Saturn|78/100|[from] Grassy Terrain
|upkeep
|
|t:|1776075757
|switch|p2a: Zamazenta|Zamazenta|100/100
|-ability|p2a: Zamazenta|Dauntless Shield|boost
|-boost|p2a: Zamazenta|def|1
|turn|16
|
|t:|1776075762
|move|p2a: Zamazenta|Stone Edge|p1a: Saturn
|-supereffective|p1a: Saturn
|-damage|p1a: Saturn|13/100
|-damage|p2a: Zamazenta|91/100|[from] item: Life Orb
|move|p1a: Saturn|Flamethrower|p2a: Zamazenta
|-damage|p2a: Zamazenta|24/100
|-status|p2a: Zamazenta|brn
|
|-heal|p2a: Zamazenta|30/100 brn|[from] Grassy Terrain
|-heal|p1a: Saturn|20/100|[from] Grassy Terrain
|-damage|p2a: Zamazenta|24/100 brn|[from] brn
|upkeep
|turn|17
|
|t:|1776075770
|switch|p1a: Miller|Cresselia, F, shiny|88/100
|-damage|p1a: Miller|76/100|[from] Stealth Rock
|move|p2a: Zamazenta|Crunch|p1a: Miller
|-supereffective|p1a: Miller
|-damage|p1a: Miller|55/100
|-damage|p2a: Zamazenta|14/100 brn|[from] item: Life Orb
|
|-heal|p2a: Zamazenta|20/100 brn|[from] Grassy Terrain
|-damage|p2a: Zamazenta|14/100 brn|[from] brn
|upkeep
|turn|18
|
|t:|1776075776
|switch|p2a: Rillaboom|Rillaboom, F|70/100
|move|p1a: Miller|Trick Room|p1a: Miller
|-fieldstart|move: Trick Room|[of] p1a: Miller
|
|-heal|p2a: Rillaboom|76/100|[from] Grassy Terrain
|upkeep
|turn|19
|
|t:|1776075780
|move|p1a: Miller|Lunar Dance|p1a: Miller
|faint|p1a: Miller
|move|p2a: Rillaboom|U-turn|p1: Miller|[notarget]
|-fail|p2a: Rillaboom
|
|-heal|p2a: Rillaboom|82/100|[from] Grassy Terrain
|-fieldend|move: Grassy Terrain
|upkeep
|
|t:|1776075787
|switch|p1a: Saturn|Volcanion|20/100
|-heal|p1a: Saturn|100/100|[from] move: Lunar Dance
|-damage|p1a: Saturn|76/100|[from] Stealth Rock
|turn|20
|
|t:|1776075797
|switch|p2a: Zamazenta|Zamazenta|14/100 brn
|move|p1a: Saturn|Flamethrower|p2a: Zamazenta
|-crit|p2a: Zamazenta
|-damage|p2a: Zamazenta|0 fnt
|faint|p2a: Zamazenta
|
|upkeep
|
|t:|1776075799
|switch|p2a: Ogerpon|Ogerpon-Wellspring, F|100/100
|turn|21
|
|t:|1776075802
|-terastallize|p2a: Ogerpon|Water
|detailschange|p2a: Ogerpon|Ogerpon-Wellspring-Tera, F, tera:Water
|-ability|p2a: Ogerpon|Embody Aspect (Wellspring)|boost
|-boost|p2a: Ogerpon|spd|1
|move|p1a: Saturn|Flamethrower|p2a: Ogerpon
|-resisted|p2a: Ogerpon
|-damage|p2a: Ogerpon|69/100
|move|p2a: Ogerpon|Swords Dance|p2a: Ogerpon
|-boost|p2a: Ogerpon|atk|2
|
|upkeep
|turn|22
|
|t:|1776075807
|move|p1a: Saturn|Flamethrower|p2a: Ogerpon
|-resisted|p2a: Ogerpon
|-damage|p2a: Ogerpon|39/100
|move|p2a: Ogerpon|Grassy Glide|p1a: Saturn
|-damage|p1a: Saturn|23/100
|
|-fieldend|move: Trick Room
|upkeep
|turn|23
|
|t:|1776075814
|move|p2a: Ogerpon|Grassy Glide|p1a: Saturn
|-damage|p1a: Saturn|0 fnt
|faint|p1a: Saturn
|
|upkeep
|
|t:|1776075817
|switch|p1a: TARS|Porygon2, tera:Ground|85/100
|-damage|p1a: TARS|79/100|[from] Stealth Rock
|-ability|p1a: TARS|Download|boost
|-boost|p1a: TARS|atk|1
|turn|24
|
|t:|1776075819
|move|p2a: Ogerpon|Ivy Cudgel|p1a: TARS|[anim] Ivy Cudgel Water
|-supereffective|p1a: TARS
|-damage|p1a: TARS|0 fnt
|faint|p1a: TARS
|
|upkeep
|
|t:|1776075822
|switch|p1a: Mann|Ursaluna, M|100/100 brn
|-damage|p1a: Mann|94/100 brn|[from] Stealth Rock
|turn|25
|
|t:|1776075823
|move|p2a: Ogerpon|Ivy Cudgel|p1a: Mann|[anim] Ivy Cudgel Water
|-supereffective|p1a: Mann
|-damage|p1a: Mann|0 fnt
|faint|p1a: Mann
|
|win|CAPLT26EQ noob
|raw|rilladih's rating: 1410 &rarr; <strong>1393</strong><br />(-17 for losing)
|raw|CAPLT26EQ noob's rating: 1456 &rarr; <strong>1473</strong><br />(+17 for winning)
|l|☆rilladih
|player|p1|
|c|☆CAPLT26EQ noob|gg
