|html|<div class="broadcast-blue"><strong>[Gen 9] OU is currently suspecting Tera Blast! For information on how to participate check out the <a href="https://www.smogon.com/tools/suspects/view/200">suspect thread</a>.</strong></div>
|j|☆HAJIGOO24
|j|☆Al0lanRaichu4
|t:|1776258426
|gametype|singles
|player|p1|HAJIGOO24|iris-gen5bw2|1048
|player|p2|Al0lanRaichu4|1|1046
|gen|9
|tier|[Gen 9] OU
|rated|
|rule|HP Percentage Mod: HP is shown in percentages
|rule|Endless Battle Clause: Forcing endless battles is banned
|rule|Species Clause: Limit one of each Pokémon
|rule|OHKO Clause: OHKO moves are banned
|rule|Evasion Items Clause: Evasion items are banned
|rule|Evasion Moves Clause: Evasion moves are banned
|rule|Evasion Abilities Clause: Evasion abilities are banned
|rule|Sleep Moves Clause: Sleep-inducing moves are banned
|clearpoke
|poke|p1|Pelipper, F|
|poke|p1|Decidueye-Hisui, M|
|poke|p1|Gholdengo|
|poke|p1|Venusaur, F|
|poke|p1|Raging Bolt|
|poke|p1|Crawdaunt, F|
|poke|p2|Dragonite, M|
|poke|p2|Hatterene, F|
|poke|p2|Zamazenta-*|
|poke|p2|Glimmora, F|
|poke|p2|Ogerpon-Wellspring, F|
|poke|p2|Forretress, M|
|teampreview
|inactive|Battle timer is ON: inactive players will automatically lose when time's up. (requested by HAJIGOO24)
|
|t:|1776258447
|teamsize|p1|6
|teamsize|p2|6
|start
|switch|p1a: 妙蛙呱|Venusaur, F|100/100
|switch|p2a: Bomb #2|Forretress, M|100/100
|turn|1
|
|t:|1776258464
|move|p1a: 妙蛙呱|Earth Power|p2a: Bomb #2
|-damage|p2a: Bomb #2|64/100
|move|p2a: Bomb #2|Toxic Spikes|p1a: 妙蛙呱
|-sidestart|p1: HAJIGOO24|move: Toxic Spikes
|
|upkeep
|turn|2
|
|t:|1776258489
|move|p1a: 妙蛙呱|Earth Power|p2a: Bomb #2
|-damage|p2a: Bomb #2|25/100
|move|p2a: Bomb #2|Toxic Spikes|p1a: 妙蛙呱
|-sidestart|p1: HAJIGOO24|move: Toxic Spikes
|
|upkeep
|turn|3
|
|t:|1776258496
|switch|p2a: Dragon|Dragonite, M|100/100
|move|p1a: 妙蛙呱|Earth Power|p2a: Dragon
|-immune|p2a: Dragon
|
|upkeep
|turn|4
|
|t:|1776258504
|switch|p1a: 赛富狗|Gholdengo, shiny|100/100
|move|p2a: Dragon|Fly||[still]
|-prepare|p2a: Dragon|Fly
|
|upkeep
|turn|5
|
|t:|1776258517
|switch|p1a: Pelipper|Pelipper, F|100/100
|-weather|RainDance|[from] ability: Drizzle|[of] p1a: Pelipper
|move|p2a: Dragon|Fly|p1a: Pelipper|[from] lockedmove|[miss]
|-miss|p2a: Dragon|p1a: Pelipper
|
|-weather|RainDance|[upkeep]
|upkeep
|turn|6
|
|t:|1776258532
|switch|p2a: Bomb #2|Forretress, M|25/100
|switch|p1a: 妙蛙呱|Venusaur, F|100/100
|-sideend|p1: HAJIGOO24|move: Toxic Spikes|[of] p1a: 妙蛙呱
|
|-weather|RainDance|[upkeep]
|upkeep
|turn|7
|
|t:|1776258539
|move|p1a: 妙蛙呱|Earth Power|p2a: Bomb #2
|-crit|p2a: Bomb #2
|-damage|p2a: Bomb #2|0 fnt
|faint|p2a: Bomb #2
|
|-weather|RainDance|[upkeep]
|upkeep
|
|t:|1776258549
|switch|p2a: Haunted Statue|Hatterene, F|100/100
|turn|8
|
|t:|1776258557
|switch|p1a: 赛富狗|Gholdengo, shiny|100/100
|-terastallize|p2a: Haunted Statue|Fire
|move|p2a: Haunted Statue|Mystical Fire|p1a: 赛富狗
|-supereffective|p1a: 赛富狗
|-damage|p1a: 赛富狗|48/100
|-unboost|p1a: 赛富狗|spa|1
|
|-weather|RainDance|[upkeep]
|upkeep
|turn|9
|
|t:|1776258570
|switch|p1a: 大虾|Crawdaunt, F|100/100
|move|p2a: Haunted Statue|Psychic Noise|p1a: 大虾
|-immune|p1a: 大虾
|
|-weather|RainDance|[upkeep]
|upkeep
|turn|10
|
|t:|1776258582
|move|p1a: 大虾|Crunch|p2a: Haunted Statue
|-damage|p2a: Haunted Statue|30/100
|-unboost|p2a: Haunted Statue|def|1
|move|p2a: Haunted Statue|Draining Kiss|p1a: 大虾
|-supereffective|p1a: 大虾
|-damage|p1a: 大虾|0 fnt
|-heal|p2a: Haunted Statue|100/100|[from] drain|[of] p1a: 大虾
|faint|p1a: 大虾
|
|-weather|RainDance|[upkeep]
|upkeep
|
|t:|1776258599
|switch|p1a: 赛富狗|Gholdengo, shiny|48/100
|turn|11
|
|t:|1776258606
|move|p1a: 赛富狗|Power Gem|p2a: Haunted Statue
|-supereffective|p2a: Haunted Statue
|-damage|p2a: Haunted Statue|38/100
|move|p2a: Haunted Statue|Mystical Fire|p1a: 赛富狗
|-supereffective|p1a: 赛富狗
|-damage|p1a: 赛富狗|0 fnt
|faint|p1a: 赛富狗
|
|-weather|RainDance|[upkeep]
|upkeep
|
|t:|1776258616
|switch|p1a: 妙蛙呱|Venusaur, F|100/100
|turn|12
|
|t:|1776258622
|move|p1a: 妙蛙呱|Earth Power|p2a: Haunted Statue
|-supereffective|p2a: Haunted Statue
|-damage|p2a: Haunted Statue|0 fnt
|faint|p2a: Haunted Statue
|
|-weather|none
|upkeep
|
|t:|1776258637
|switch|p2a: Dancing Angel|Ogerpon-Wellspring, F|100/100
|turn|13
|
|t:|1776258643
|move|p2a: Dancing Angel|Knock Off|p1a: 妙蛙呱
|-damage|p1a: 妙蛙呱|54/100
|-enditem|p1a: 妙蛙呱|Sitrus Berry|[from] move: Knock Off|[of] p2a: Dancing Angel
|move|p1a: 妙蛙呱|Sludge Bomb|p2a: Dancing Angel
|-supereffective|p2a: Dancing Angel
|-damage|p2a: Dancing Angel|12/100
|-status|p2a: Dancing Angel|psn
|
|-damage|p2a: Dancing Angel|0 fnt|[from] psn
|faint|p2a: Dancing Angel
|upkeep
|
|t:|1776258653
|switch|p2a: Bomb #1|Glimmora, F|100/100
|turn|14
|
|t:|1776258659
|move|p2a: Bomb #1|Protect|p2a: Bomb #1
|-singleturn|p2a: Bomb #1|Protect
|move|p1a: 妙蛙呱|Earth Power|p2a: Bomb #1
|-activate|p2a: Bomb #1|move: Protect
|
|upkeep
|turn|15
|
|t:|1776258667
|switch|p2a: Dragon|Dragonite, M|100/100
|move|p1a: 妙蛙呱|Giga Drain|p2a: Dragon
|-resisted|p2a: Dragon
|-damage|p2a: Dragon|92/100
|-heal|p1a: 妙蛙呱|58/100|[from] drain|[of] p2a: Dragon
|
|upkeep
|turn|16
|
|t:|1776258677
|move|p2a: Dragon|Dragon Dance|p2a: Dragon
|-boost|p2a: Dragon|atk|1
|-boost|p2a: Dragon|spe|1
|move|p1a: 妙蛙呱|Sludge Bomb|p2a: Dragon
|-damage|p2a: Dragon|50/100
|
|upkeep
|turn|17
|
|t:|1776258694
|switch|p1a: 雷霆巴嘎|Raging Bolt|100/100
|move|p2a: Dragon|Dragon Tail|p1a: 雷霆巴嘎
|-supereffective|p1a: 雷霆巴嘎
|-damage|p1a: 雷霆巴嘎|31/100
|-end|p1a: 雷霆巴嘎|Protosynthesis|[silent]
|drag|p1a: 乐天河童|Decidueye-Hisui, M, shiny|100/100
|
|upkeep
|turn|18
|
|t:|1776258706
|move|p1a: 乐天河童|Sucker Punch|p2a: Dragon
|-damage|p2a: Dragon|27/100
|move|p2a: Dragon|Fly||[still]
|-prepare|p2a: Dragon|Fly
|
|upkeep
|turn|19
|
|t:|1776258714
|-terastallize|p1a: 乐天河童|Rock
|move|p1a: 乐天河童|Sucker Punch|p2a: Dragon|[miss]
|-miss|p1a: 乐天河童|p2a: Dragon
|move|p2a: Dragon|Fly|p1a: 乐天河童|[from] lockedmove
|-resisted|p1a: 乐天河童
|-damage|p1a: 乐天河童|63/100
|
|upkeep
|turn|20
|
|t:|1776258730
|move|p2a: Dragon|Earthquake|p1a: 乐天河童
|-supereffective|p1a: 乐天河童
|-damage|p1a: 乐天河童|0 fnt
|faint|p1a: 乐天河童
|
|upkeep
|
|t:|1776258737
|switch|p1a: Pelipper|Pelipper, F|100/100
|-weather|RainDance|[from] ability: Drizzle|[of] p1a: Pelipper
|turn|21
|
|t:|1776258747
|switch|p2a: Guard Dog|Zamazenta|100/100
|-ability|p2a: Guard Dog|Dauntless Shield|boost
|-boost|p2a: Guard Dog|def|1
|-item|p2a: Guard Dog|Air Balloon
|move|p1a: Pelipper|Hurricane|p2a: Guard Dog
|-supereffective|p2a: Guard Dog
|-damage|p2a: Guard Dog|37/100
|-enditem|p2a: Guard Dog|Air Balloon
|
|-weather|RainDance|[upkeep]
|upkeep
|turn|22
|
|t:|1776258758
|move|p2a: Guard Dog|Wild Charge|p1a: Pelipper
|-supereffective|p1a: Pelipper
|-crit|p1a: Pelipper
|-damage|p1a: Pelipper|0 fnt
|faint|p1a: Pelipper
|-damage|p2a: Guard Dog|14/100|[from] Recoil
|
|-weather|RainDance|[upkeep]
|upkeep
|
|t:|1776258767
|switch|p1a: 雷霆巴嘎|Raging Bolt|31/100
|turn|23
|
|t:|1776258775
|move|p2a: Guard Dog|Play Rough|p1a: 雷霆巴嘎
|-supereffective|p1a: 雷霆巴嘎
|-damage|p1a: 雷霆巴嘎|0 fnt
|faint|p1a: 雷霆巴嘎
|-end|p1a: 雷霆巴嘎|Protosynthesis|[silent]
|
|-weather|RainDance|[upkeep]
|upkeep
|
|t:|1776258781
|switch|p1a: 妙蛙呱|Venusaur, F|58/100
|turn|24
|
|t:|1776258786
|move|p2a: Guard Dog|Iron Head|p1a: 妙蛙呱
|-damage|p1a: 妙蛙呱|23/100
|move|p1a: 妙蛙呱|Sludge Bomb|p2a: Guard Dog
|-damage|p2a: Guard Dog|0 fnt
|faint|p2a: Guard Dog
|
|-weather|RainDance|[upkeep]
|upkeep
|
|t:|1776258796
|switch|p2a: Bomb #1|Glimmora, F|100/100
|turn|25
|
|t:|1776258799
|move|p2a: Bomb #1|Explosion|p1a: 妙蛙呱
|-damage|p1a: 妙蛙呱|0 fnt
|faint|p2a: Bomb #1
|faint|p1a: 妙蛙呱
|
|win|Al0lanRaichu4
|raw|HAJIGOO24's rating: 1048 &rarr; <strong>1031</strong><br />(-17 for losing)
|raw|Al0lanRaichu4's rating: 1046 &rarr; <strong>1079</strong><br />(+33 for winning)
|l|☆HAJIGOO24
|player|p1|
