|html|<div class="broadcast-blue"><strong>[Gen 9] OU is currently suspecting Tera Blast! For information on how to participate check out the <a href="https://www.smogon.com/tools/suspects/view/200">suspect thread</a>.</strong></div>
|j|☆Leafeon Enjoyer
|j|☆Pig Perfect
|t:|1776091627
|gametype|singles
|player|p1|Leafeon Enjoyer|aromalady|1614
|player|p2|Pig Perfect|workerice|1590
|gen|9
|tier|[Gen 9] OU
|rated|
|rule|HP Percentage Mod: HP is shown in percentages
|rule|Endless Battle Clause: Forcing endless battles is banned
|rule|Species Clause: Limit one of each Pokémon
|rule|OHKO Clause: OHKO moves are banned
|rule|Evasion Items Clause: Evasion items are banned
|rule|Evasion Moves Clause: Evasion moves are banned
|rule|Evasion Abilities Clause: Evasion abilities are banned
|rule|Sleep Moves Clause: Sleep-inducing moves are banned
|clearpoke
|poke|p1|Dragonite, F|
|poke|p1|Iron Treads|
|poke|p1|Hatterene, F|
|poke|p1|Kyurem|
|poke|p1|Iron Valiant|
|poke|p1|Darkrai|
|poke|p2|Iron Leaves|
|poke|p2|Iron Treads|
|poke|p2|Kingambit, M|
|poke|p2|Pawmot, F|
|poke|p2|Pincurchin, M|
|poke|p2|Raging Bolt|
|teampreview
|inactive|Battle timer is ON: inactive players will automatically lose when time's up. (requested by Leafeon Enjoyer)
|
|t:|1776091646
|teamsize|p1|6
|teamsize|p2|6
|start
|switch|p1a: Iron Treads|Iron Treads|100/100
|switch|p2a: Sew What?|Pincurchin, M|100/100
|-fieldstart|move: Electric Terrain|[from] ability: Electric Surge|[of] p2a: Sew What?
|-activate|p1a: Iron Treads|ability: Quark Drive
|-start|p1a: Iron Treads|quarkdrivespe
|turn|1
|
|t:|1776091676
|switch|p2a: Iron Trunk|Iron Treads|100/100
|-item|p2a: Iron Trunk|Air Balloon
|-activate|p2a: Iron Trunk|ability: Quark Drive
|-start|p2a: Iron Trunk|quarkdrivespe
|move|p1a: Iron Treads|Stealth Rock|p2a: Iron Trunk
|-sidestart|p2: Pig Perfect|move: Stealth Rock
|
|upkeep
|turn|2
|
|t:|1776091688
|move|p1a: Iron Treads|Rapid Spin|p2a: Iron Trunk
|-resisted|p2a: Iron Trunk
|-damage|p2a: Iron Trunk|95/100
|-boost|p1a: Iron Treads|spe|1
|-enditem|p2a: Iron Trunk|Air Balloon
|move|p2a: Iron Trunk|Rapid Spin|p1a: Iron Treads
|-resisted|p1a: Iron Treads
|-damage|p1a: Iron Treads|95/100
|-boost|p2a: Iron Trunk|spe|1
|-sideend|p2: Pig Perfect|Stealth Rock|[from] move: Rapid Spin|[of] p2a: Iron Trunk
|
|upkeep
|turn|3
|
|t:|1776091692
|move|p1a: Iron Treads|Earth Power|p2a: Iron Trunk
|-supereffective|p2a: Iron Trunk
|-damage|p2a: Iron Trunk|0 fnt
|faint|p2a: Iron Trunk
|-end|p2a: Iron Trunk|Quark Drive|[silent]
|
|upkeep
|
|t:|1776091695
|switch|p2a: *Leaves Game*|Iron Leaves|100/100
|-activate|p2a: *Leaves Game*|ability: Quark Drive
|-start|p2a: *Leaves Game*|quarkdrivespe
|turn|4
|
|t:|1776091699
|move|p1a: Iron Treads|Stealth Rock|p2a: *Leaves Game*
|-sidestart|p2: Pig Perfect|move: Stealth Rock
|move|p2a: *Leaves Game*|Substitute|p2a: *Leaves Game*
|-start|p2a: *Leaves Game*|Substitute
|-damage|p2a: *Leaves Game*|76/100
|
|-heal|p2a: *Leaves Game*|82/100|[from] item: Leftovers
|upkeep
|turn|5
|
|t:|1776091702
|move|p1a: Iron Treads|Steel Beam|p2a: *Leaves Game*
|-end|p2a: *Leaves Game*|Substitute
|-damage|p1a: Iron Treads|45/100|[from] steelbeam
|move|p2a: *Leaves Game*|Swords Dance|p2a: *Leaves Game*
|-boost|p2a: *Leaves Game*|atk|2
|
|-heal|p2a: *Leaves Game*|88/100|[from] item: Leftovers
|upkeep
|turn|6
|
|t:|1776091708
|move|p1a: Iron Treads|Steel Beam|p2a: *Leaves Game*
|-damage|p2a: *Leaves Game*|31/100
|-damage|p1a: Iron Treads|0 fnt|[from] steelbeam
|faint|p1a: Iron Treads
|-end|p1a: Iron Treads|Quark Drive|[silent]
|move|p2a: *Leaves Game*|Substitute|p2a: *Leaves Game*
|-start|p2a: *Leaves Game*|Substitute
|-damage|p2a: *Leaves Game*|6/100
|
|-heal|p2a: *Leaves Game*|12/100|[from] item: Leftovers
|upkeep
|
|t:|1776091717
|switch|p1a: Hatterene|Hatterene, F|100/100
|turn|7
|
|t:|1776091735
|move|p2a: *Leaves Game*|Psyblade|p1a: Hatterene
|-resisted|p1a: Hatterene
|-damage|p1a: Hatterene|59/100
|-damage|p2a: *Leaves Game*|0 fnt|[from] item: Rocky Helmet|[of] p1a: Hatterene
|faint|p2a: *Leaves Game*
|-end|p2a: *Leaves Game*|Quark Drive|[silent]
|move|p1a: Hatterene|Psychic Noise|p2: *Leaves Game*|[notarget]
|-fail|p1a: Hatterene
|
|upkeep
|
|t:|1776091742
|switch|p2a: So ein Mist!|Kingambit, M|100/100
|-damage|p2a: So ein Mist!|94/100|[from] Stealth Rock
|-activate|p2a: So ein Mist!|ability: Supreme Overlord
|-start|p2a: So ein Mist!|fallen2|[silent]
|turn|8
|
|t:|1776091751
|move|p2a: So ein Mist!|Iron Head|p1a: Hatterene
|-supereffective|p1a: Hatterene
|-damage|p1a: Hatterene|0 fnt
|-damage|p2a: So ein Mist!|78/100|[from] item: Rocky Helmet|[of] p1a: Hatterene
|faint|p1a: Hatterene
|
|-heal|p2a: So ein Mist!|84/100|[from] item: Leftovers
|-fieldend|move: Electric Terrain
|upkeep
|
|t:|1776091755
|switch|p1a: Darkrai|Darkrai|100/100
|turn|9
|
|t:|1776091772
|-end|p2a: So ein Mist!|fallen2|[silent]
|switch|p2a: Sew What?|Pincurchin, M|100/100
|-damage|p2a: Sew What?|88/100|[from] Stealth Rock
|-fieldstart|move: Electric Terrain|[from] ability: Electric Surge|[of] p2a: Sew What?
|move|p1a: Darkrai|Will-O-Wisp|p2a: Sew What?
|-status|p2a: Sew What?|brn
|
|-damage|p2a: Sew What?|82/100 brn|[from] brn
|upkeep
|turn|10
|
|t:|1776091785
|move|p1a: Darkrai|Nasty Plot|p1a: Darkrai
|-boost|p1a: Darkrai|spa|2
|move|p2a: Sew What?|Spikes|p1a: Darkrai
|-sidestart|p1: Leafeon Enjoyer|Spikes
|
|-damage|p2a: Sew What?|76/100 brn|[from] brn
|upkeep
|turn|11
|
|t:|1776091789
|move|p1a: Darkrai|Dark Pulse|p2a: Sew What?
|-damage|p2a: Sew What?|0 fnt
|faint|p2a: Sew What?
|
|upkeep
|
|t:|1776091802
|switch|p2a: Necky's Nuts|Raging Bolt|100/100
|-damage|p2a: Necky's Nuts|88/100|[from] Stealth Rock
|-enditem|p2a: Necky's Nuts|Booster Energy
|-activate|p2a: Necky's Nuts|ability: Protosynthesis|[fromitem]
|-start|p2a: Necky's Nuts|protosynthesisspa
|turn|12
|
|t:|1776091818
|move|p2a: Necky's Nuts|Thunderclap|p1a: Darkrai
|-damage|p1a: Darkrai|4/100
|move|p1a: Darkrai|Ice Beam|p2a: Necky's Nuts
|-supereffective|p2a: Necky's Nuts
|-crit|p2a: Necky's Nuts
|-damage|p2a: Necky's Nuts|0 fnt
|faint|p2a: Necky's Nuts
|-end|p2a: Necky's Nuts|Protosynthesis|[silent]
|
|upkeep
|
|t:|1776091834
|switch|p2a: Peak-Chu|Pawmot, F|100/100
|-damage|p2a: Peak-Chu|94/100|[from] Stealth Rock
|turn|13
|
|t:|1776091843
|-terastallize|p1a: Darkrai|Ghost
|move|p2a: Peak-Chu|Mach Punch|p1a: Darkrai
|-immune|p1a: Darkrai
|move|p1a: Darkrai|Ice Beam|p2a: Peak-Chu
|-damage|p2a: Peak-Chu|0 fnt
|faint|p2a: Peak-Chu
|
|upkeep
|
|t:|1776091844
|switch|p2a: So ein Mist!|Kingambit, M|84/100
|-damage|p2a: So ein Mist!|78/100|[from] Stealth Rock
|-activate|p2a: So ein Mist!|ability: Supreme Overlord
|-start|p2a: So ein Mist!|fallen5|[silent]
|turn|14
|
|t:|1776091848
|move|p1a: Darkrai|Will-O-Wisp|p2a: So ein Mist!
|-status|p2a: So ein Mist!|brn
|move|p2a: So ein Mist!|Swords Dance|p2a: So ein Mist!
|-boost|p2a: So ein Mist!|atk|2
|
|-heal|p2a: So ein Mist!|84/100 brn|[from] item: Leftovers
|-damage|p2a: So ein Mist!|78/100 brn|[from] brn
|upkeep
|turn|15
|
|t:|1776091857
|move|p1a: Darkrai|Nasty Plot|p1a: Darkrai
|-boost|p1a: Darkrai|spa|2
|move|p2a: So ein Mist!|Swords Dance|p2a: So ein Mist!
|-boost|p2a: So ein Mist!|atk|2
|
|-heal|p2a: So ein Mist!|84/100 brn|[from] item: Leftovers
|-damage|p2a: So ein Mist!|78/100 brn|[from] brn
|upkeep
|turn|16
|
|t:|1776091859
|move|p1a: Darkrai|Dark Pulse|p2a: So ein Mist!
|-resisted|p2a: So ein Mist!
|-damage|p2a: So ein Mist!|8/100 brn
|cant|p2a: So ein Mist!|flinch
|
|-heal|p2a: So ein Mist!|15/100 brn|[from] item: Leftovers
|-damage|p2a: So ein Mist!|8/100 brn|[from] brn
|-fieldend|move: Electric Terrain
|upkeep
|turn|17
|
|t:|1776091870
|move|p2a: So ein Mist!|Sucker Punch||[still]
|-fail|p2a: So ein Mist!
|move|p1a: Darkrai|Nasty Plot|p1a: Darkrai
|-boost|p1a: Darkrai|spa|2
|
|-heal|p2a: So ein Mist!|15/100 brn|[from] item: Leftovers
|-damage|p2a: So ein Mist!|8/100 brn|[from] brn
|upkeep
|turn|18
|
|t:|1776091874
|move|p2a: So ein Mist!|Sucker Punch||[still]
|-fail|p2a: So ein Mist!
|move|p1a: Darkrai|Nasty Plot|p1a: Darkrai
|-boost|p1a: Darkrai|spa|0
|
|-heal|p2a: So ein Mist!|15/100 brn|[from] item: Leftovers
|-damage|p2a: So ein Mist!|8/100 brn|[from] brn
|upkeep
|turn|19
|
|t:|1776091876
|move|p2a: So ein Mist!|Sucker Punch||[still]
|-fail|p2a: So ein Mist!
|move|p1a: Darkrai|Nasty Plot|p1a: Darkrai
|-boost|p1a: Darkrai|spa|0
|
|-heal|p2a: So ein Mist!|15/100 brn|[from] item: Leftovers
|-damage|p2a: So ein Mist!|8/100 brn|[from] brn
|upkeep
|turn|20
|
|t:|1776091877
|move|p1a: Darkrai|Dark Pulse|p2a: So ein Mist!
|-resisted|p2a: So ein Mist!
|-damage|p2a: So ein Mist!|0 fnt
|faint|p2a: So ein Mist!
|-end|p2a: So ein Mist!|fallen5|[silent]
|
|win|Leafeon Enjoyer
|raw|Leafeon Enjoyer's rating: 1614 &rarr; <strong>1633</strong><br />(+19 for winning)
|raw|Pig Perfect's rating: 1590 &rarr; <strong>1571</strong><br />(-19 for losing)
|l|☆Pig Perfect
|player|p2|
|l|☆Leafeon Enjoyer
|player|p1|
