|html|<div class="broadcast-blue"><strong>[Gen 9] OU is currently suspecting Tera Blast! For information on how to participate check out the <a href="https://www.smogon.com/tools/suspects/view/200">suspect thread</a>.</strong></div>
|j|☆branmeow
|j|☆DestrozaVeganos
|t:|1776053427
|gametype|singles
|player|p1|branmeow|firebreather|1235
|player|p2|DestrozaVeganos|pokemonbreeder-gen4|1174
|gen|9
|tier|[Gen 9] OU
|rated|
|rule|HP Percentage Mod: HP is shown in percentages
|rule|Endless Battle Clause: Forcing endless battles is banned
|rule|Species Clause: Limit one of each Pokémon
|rule|OHKO Clause: OHKO moves are banned
|rule|Evasion Items Clause: Evasion items are banned
|rule|Evasion Moves Clause: Evasion moves are banned
|rule|Evasion Abilities Clause: Evasion abilities are banned
|rule|Sleep Moves Clause: Sleep-inducing moves are banned
|clearpoke
|poke|p1|Whimsicott, F|
|poke|p1|Torkoal, F|
|poke|p1|Walking Wake|
|poke|p1|Gliscor, F|
|poke|p1|Clefable, F|
|poke|p1|Luxray, F|
|poke|p2|Dragapult, M|
|poke|p2|Gholdengo|
|poke|p2|Glimmora, M|
|poke|p2|Garganacl, F|
|poke|p2|Rotom-Wash|
|poke|p2|Ogerpon-Wellspring, F|
|teampreview
|inactive|Battle timer is ON: inactive players will automatically lose when time's up. (requested by DestrozaVeganos)
|inactive|branmeow has 120 seconds left.
|
|t:|1776053491
|teamsize|p1|6
|teamsize|p2|6
|start
|switch|p1a: Therapy dog|Torkoal, F|100/100
|switch|p2a: Garganacl|Garganacl, F|100/100
|-weather|SunnyDay|[from] ability: Drought|[of] p1a: Therapy dog
|turn|1
|
|t:|1776053502
|switch|p1a: Mr. Wake|Walking Wake|100/100
|-activate|p1a: Mr. Wake|ability: Protosynthesis
|-start|p1a: Mr. Wake|protosynthesisspa
|move|p2a: Garganacl|Salt Cure|p1a: Mr. Wake
|-damage|p1a: Mr. Wake|86/100
|-start|p1a: Mr. Wake|Salt Cure
|
|-weather|SunnyDay|[upkeep]
|-damage|p1a: Mr. Wake|62/100|[from] Salt Cure
|upkeep
|turn|2
|
|t:|1776053512
|switch|p2a: Rotom|Rotom-Wash|100/100
|move|p1a: Mr. Wake|Dragon Pulse|p2a: Rotom
|-damage|p2a: Rotom|57/100
|
|-weather|SunnyDay|[upkeep]
|-damage|p1a: Mr. Wake|37/100|[from] Salt Cure
|upkeep
|turn|3
|
|t:|1776053525
|move|p1a: Mr. Wake|Dragon Pulse|p2a: Rotom
|-crit|p2a: Rotom
|-damage|p2a: Rotom|0 fnt
|faint|p2a: Rotom
|
|-weather|SunnyDay|[upkeep]
|-damage|p1a: Mr. Wake|12/100|[from] Salt Cure
|upkeep
|
|t:|1776053537
|switch|p2a: Dragapult|Dragapult, M|100/100
|turn|4
|
|t:|1776053543
|-end|p1a: Mr. Wake|Protosynthesis|[silent]
|switch|p1a: Colon Three|Clefable, F|100/100
|move|p2a: Dragapult|Dragon Darts|p1a: Colon Three
|-immune|p1a: Colon Three
|
|-weather|SunnyDay|[upkeep]
|upkeep
|turn|5
|
|t:|1776053555
|switch|p2a: Gholdengo|Gholdengo|100/100
|move|p1a: Colon Three|Moonblast|p2a: Gholdengo
|-resisted|p2a: Gholdengo
|-damage|p2a: Gholdengo|77/100
|
|-weather|SunnyDay|[upkeep]
|upkeep
|turn|6
|
|t:|1776053564
|move|p2a: Gholdengo|Make It Rain|p1a: Colon Three
|-supereffective|p1a: Colon Three
|-damage|p1a: Colon Three|0 fnt
|-unboost|p2a: Gholdengo|spa|1
|faint|p1a: Colon Three
|
|-weather|SunnyDay|[upkeep]
|upkeep
|
|t:|1776053575
|switch|p1a: Mr. Wake|Walking Wake|12/100
|-activate|p1a: Mr. Wake|ability: Protosynthesis
|-start|p1a: Mr. Wake|protosynthesisspa
|turn|7
|
|t:|1776053599
|move|p1a: Mr. Wake|Flamethrower|p2a: Gholdengo
|-supereffective|p2a: Gholdengo
|-damage|p2a: Gholdengo|0 fnt
|faint|p2a: Gholdengo
|
|-weather|SunnyDay|[upkeep]
|upkeep
|
|t:|1776053603
|switch|p2a: Dragapult|Dragapult, M|100/100
|turn|8
|
|t:|1776053608
|move|p2a: Dragapult|Dragon Darts|p1a: Mr. Wake
|-supereffective|p1a: Mr. Wake
|-damage|p1a: Mr. Wake|0 fnt
|faint|p1a: Mr. Wake
|-end|p1a: Mr. Wake|Protosynthesis|[silent]
|
|-weather|none
|upkeep
|
|t:|1776053610
|switch|p1a: Therapy dog|Torkoal, F|100/100
|-weather|SunnyDay|[from] ability: Drought|[of] p1a: Therapy dog
|turn|9
|
|t:|1776053619
|switch|p2a: Garganacl|Garganacl, F|100/100
|move|p1a: Therapy dog|Flamethrower|p2a: Garganacl
|-resisted|p2a: Garganacl
|-damage|p2a: Garganacl|79/100
|
|-weather|SunnyDay|[upkeep]
|-heal|p2a: Garganacl|85/100|[from] item: Leftovers
|upkeep
|turn|10
|
|t:|1776053625
|move|p2a: Garganacl|Salt Cure|p1a: Therapy dog
|-supereffective|p1a: Therapy dog
|-damage|p1a: Therapy dog|79/100
|-start|p1a: Therapy dog|Salt Cure
|move|p1a: Therapy dog|Solar Beam||[still]
|-prepare|p1a: Therapy dog|Solar Beam
|-anim|p1a: Therapy dog|Solar Beam|p2a: Garganacl
|-supereffective|p2a: Garganacl
|-damage|p2a: Garganacl|39/100
|
|-weather|SunnyDay|[upkeep]
|-heal|p2a: Garganacl|45/100|[from] item: Leftovers
|-damage|p1a: Therapy dog|66/100|[from] Salt Cure
|upkeep
|turn|11
|
|t:|1776053635
|move|p2a: Garganacl|Recover|p2a: Garganacl
|-heal|p2a: Garganacl|95/100
|move|p1a: Therapy dog|Solar Beam||[still]
|-prepare|p1a: Therapy dog|Solar Beam
|-anim|p1a: Therapy dog|Solar Beam|p2a: Garganacl
|-supereffective|p2a: Garganacl
|-damage|p2a: Garganacl|45/100
|
|-weather|SunnyDay|[upkeep]
|-heal|p2a: Garganacl|51/100|[from] item: Leftovers
|-damage|p1a: Therapy dog|54/100|[from] Salt Cure
|upkeep
|turn|12
|
|t:|1776053647
|switch|p2a: Glimmora|Glimmora, M|100/100
|switch|p1a: Stinger|Gliscor, F|100/100
|
|-weather|SunnyDay|[upkeep]
|-status|p1a: Stinger|tox|[from] item: Toxic Orb
|upkeep
|turn|13
|
|t:|1776053661
|move|p2a: Glimmora|Memento|p1a: Stinger
|-unboost|p1a: Stinger|atk|2
|-unboost|p1a: Stinger|spa|2
|faint|p2a: Glimmora
|move|p1a: Stinger|Earthquake|p2: Glimmora|[notarget]
|-fail|p1a: Stinger
|
|-weather|SunnyDay|[upkeep]
|upkeep
|inactive|DestrozaVeganos has 120 seconds left.
|
|t:|1776053690
|switch|p2a: Garganacl|Garganacl, F|51/100
|turn|14
|
|t:|1776053697
|move|p1a: Stinger|Earthquake|p2a: Garganacl
|-supereffective|p2a: Garganacl
|-damage|p2a: Garganacl|32/100
|move|p2a: Garganacl|Salt Cure|p1a: Stinger
|-damage|p1a: Stinger|92/100 tox
|-start|p1a: Stinger|Salt Cure
|
|-weather|SunnyDay|[upkeep]
|-heal|p2a: Garganacl|38/100|[from] item: Leftovers
|-heal|p1a: Stinger|100/100 tox|[from] ability: Poison Heal
|-damage|p1a: Stinger|88/100 tox|[from] Salt Cure
|upkeep
|turn|15
|
|t:|1776053705
|move|p1a: Stinger|Earthquake|p2a: Garganacl
|-supereffective|p2a: Garganacl
|-damage|p2a: Garganacl|16/100
|move|p2a: Garganacl|Recover|p2a: Garganacl
|-heal|p2a: Garganacl|66/100
|
|-weather|SunnyDay|[upkeep]
|-heal|p2a: Garganacl|72/100|[from] item: Leftovers
|-heal|p1a: Stinger|100/100 tox|[from] ability: Poison Heal
|-damage|p1a: Stinger|88/100 tox|[from] Salt Cure
|upkeep
|turn|16
|
|t:|1776053713
|switch|p1a: Luxray|Luxray, F|100/100
|-ability|p1a: Luxray|Intimidate|boost
|-unboost|p2a: Garganacl|atk|1
|-item|p1a: Luxray|Air Balloon
|move|p2a: Garganacl|Iron Defense|p2a: Garganacl
|-boost|p2a: Garganacl|def|2
|
|-weather|none
|-heal|p2a: Garganacl|78/100|[from] item: Leftovers
|upkeep
|turn|17
|
|t:|1776053718
|move|p1a: Luxray|Trailblaze|p2a: Garganacl
|-supereffective|p2a: Garganacl
|-damage|p2a: Garganacl|66/100
|-boost|p1a: Luxray|spe|1
|move|p2a: Garganacl|Salt Cure|p1a: Luxray
|-damage|p1a: Luxray|87/100
|-start|p1a: Luxray|Salt Cure
|-enditem|p1a: Luxray|Air Balloon
|
|-heal|p2a: Garganacl|72/100|[from] item: Leftovers
|-damage|p1a: Luxray|74/100|[from] Salt Cure
|upkeep
|turn|18
|
|t:|1776053729
|move|p1a: Luxray|Supercell Slam|p2a: Garganacl
|-damage|p2a: Garganacl|56/100
|move|p2a: Garganacl|Iron Defense|p2a: Garganacl
|-boost|p2a: Garganacl|def|2
|
|-heal|p2a: Garganacl|62/100|[from] item: Leftovers
|-damage|p1a: Luxray|62/100|[from] Salt Cure
|upkeep
|turn|19
|
|t:|1776053734
|switch|p1a: Therapy dog|Torkoal, F|54/100
|-weather|SunnyDay|[from] ability: Drought|[of] p1a: Therapy dog
|move|p2a: Garganacl|Recover|p2a: Garganacl
|-heal|p2a: Garganacl|100/100
|
|-weather|SunnyDay|[upkeep]
|upkeep
|turn|20
|
|t:|1776053740
|-terastallize|p2a: Garganacl|Poison
|move|p2a: Garganacl|Salt Cure|p1a: Therapy dog
|-supereffective|p1a: Therapy dog
|-damage|p1a: Therapy dog|40/100
|-start|p1a: Therapy dog|Salt Cure
|move|p1a: Therapy dog|Solar Beam||[still]
|-prepare|p1a: Therapy dog|Solar Beam
|-anim|p1a: Therapy dog|Solar Beam|p2a: Garganacl
|-resisted|p2a: Garganacl
|-damage|p2a: Garganacl|89/100
|
|-weather|SunnyDay|[upkeep]
|-heal|p2a: Garganacl|95/100|[from] item: Leftovers
|-damage|p1a: Therapy dog|28/100|[from] Salt Cure
|upkeep
|turn|21
|inactive|branmeow has 120 seconds left.
|
|t:|1776053773
|move|p2a: Garganacl|Salt Cure|p1a: Therapy dog
|-supereffective|p1a: Therapy dog
|-crit|p1a: Therapy dog
|-damage|p1a: Therapy dog|0 fnt
|faint|p1a: Therapy dog
|
|-weather|SunnyDay|[upkeep]
|-heal|p2a: Garganacl|100/100|[from] item: Leftovers
|upkeep
|inactive|branmeow has 120 seconds left.
|
|t:|1776053778
|switch|p1a: Whimsigoat|Whimsicott, F|100/100
|turn|22
|
|t:|1776053783
|-terastallize|p1a: Whimsigoat|Fire
|move|p1a: Whimsigoat|Growth|p1a: Whimsigoat
|-boost|p1a: Whimsigoat|atk|2
|-boost|p1a: Whimsigoat|spa|2
|move|p2a: Garganacl|Salt Cure|p1a: Whimsigoat
|-supereffective|p1a: Whimsigoat
|-damage|p1a: Whimsigoat|74/100
|-start|p1a: Whimsigoat|Salt Cure
|-enditem|p1a: Whimsigoat|Red Card|[of] p2a: Garganacl
|drag|p2a: Dragapult|Dragapult, M|100/100
|
|-weather|SunnyDay|[upkeep]
|-damage|p1a: Whimsigoat|62/100|[from] Salt Cure
|upkeep
|turn|23
|
|t:|1776053801
|move|p2a: Dragapult|Phantom Force||[still]
|-prepare|p2a: Dragapult|Phantom Force
|move|p1a: Whimsigoat|Moonblast|p2a: Dragapult|[miss]
|-miss|p1a: Whimsigoat|p2a: Dragapult
|
|-weather|SunnyDay|[upkeep]
|-damage|p1a: Whimsigoat|50/100|[from] Salt Cure
|upkeep
|turn|24
|
|t:|1776053809
|move|p2a: Dragapult|Phantom Force|p1a: Whimsigoat|[from] lockedmove
|-damage|p1a: Whimsigoat|0 fnt
|faint|p1a: Whimsigoat
|
|-weather|SunnyDay|[upkeep]
|upkeep
|
|t:|1776053812
|switch|p1a: Luxray|Luxray, F|62/100
|-ability|p1a: Luxray|Intimidate|boost
|-unboost|p2a: Dragapult|atk|1
|turn|25
|
|t:|1776053817
|switch|p2a: Garganacl|Garganacl, F, tera:Poison|100/100
|move|p1a: Luxray|Play Rough|p2a: Garganacl
|-resisted|p2a: Garganacl
|-damage|p2a: Garganacl|91/100
|
|-weather|SunnyDay|[upkeep]
|-heal|p2a: Garganacl|98/100|[from] item: Leftovers
|upkeep
|turn|26
|
|t:|1776053846
|move|p1a: Luxray|Trailblaze|p2a: Garganacl
|-resisted|p2a: Garganacl
|-damage|p2a: Garganacl|92/100
|-boost|p1a: Luxray|spe|1
|move|p2a: Garganacl|Iron Defense|p2a: Garganacl
|-boost|p2a: Garganacl|def|2
|
|-weather|none
|-heal|p2a: Garganacl|98/100|[from] item: Leftovers
|upkeep
|turn|27
|
|t:|1776053851
|move|p1a: Luxray|Supercell Slam|p2a: Garganacl
|-damage|p2a: Garganacl|80/100
|move|p2a: Garganacl|Salt Cure|p1a: Luxray
|-damage|p1a: Luxray|43/100
|-start|p1a: Luxray|Salt Cure
|
|-heal|p2a: Garganacl|87/100|[from] item: Leftovers
|-damage|p1a: Luxray|30/100|[from] Salt Cure
|upkeep
|turn|28
|l|☆branmeow
|inactive|branmeow disconnected and has a minute to reconnect!
|player|p1|
|inactive|branmeow has 30 seconds to reconnect!
|inactive|branmeow has 20 seconds to reconnect!
|inactive|branmeow has 15 seconds to reconnect!
|inactive|branmeow has 10 seconds to reconnect!
|inactive|branmeow has 5 seconds to reconnect!
|-message|branmeow lost due to inactivity.
|
|win|DestrozaVeganos
|raw|branmeow's rating: 1235 &rarr; <strong>1206</strong><br />(-29 for losing)
|raw|DestrozaVeganos's rating: 1174 &rarr; <strong>1203</strong><br />(+29 for winning)
|l|☆DestrozaVeganos
|player|p2|
