|html|<div class="broadcast-blue"><strong>[Gen 9] OU is currently suspecting Tera Blast! For information on how to participate check out the <a href="https://www.smogon.com/tools/suspects/view/200">suspect thread</a>.</strong></div>
|j|☆calio5
|j|☆raichussuperfan
|t:|1776103416
|gametype|singles
|player|p1|calio5|170|1520
|player|p2|raichussuperfan|1|1559
|gen|9
|tier|[Gen 9] OU
|rated|
|rule|HP Percentage Mod: HP is shown in percentages
|rule|Endless Battle Clause: Forcing endless battles is banned
|rule|Species Clause: Limit one of each Pokémon
|rule|OHKO Clause: OHKO moves are banned
|rule|Evasion Items Clause: Evasion items are banned
|rule|Evasion Moves Clause: Evasion moves are banned
|rule|Evasion Abilities Clause: Evasion abilities are banned
|rule|Sleep Moves Clause: Sleep-inducing moves are banned
|clearpoke
|poke|p1|Zapdos|
|poke|p1|Volcanion|
|poke|p1|Corviknight, M|
|poke|p1|Clodsire, F|
|poke|p1|Dondozo, M|
|poke|p1|Politoed, F|
|poke|p2|Ribombee, F|
|poke|p2|Glimmora, F|
|poke|p2|Ceruledge, M|
|poke|p2|Ogerpon-Wellspring, F|
|poke|p2|Cinderace, F|
|poke|p2|Kyurem|
|teampreview
|
|t:|1776103446
|teamsize|p1|6
|teamsize|p2|6
|start
|switch|p1a: Politoed|Politoed, F|100/100
|switch|p2a: Glimmora|Glimmora, F|100/100
|-weather|RainDance|[from] ability: Drizzle|[of] p1a: Politoed
|turn|1
|
|t:|1776103453
|move|p2a: Glimmora|Stealth Rock|p1a: Politoed
|-sidestart|p1: calio5|move: Stealth Rock
|move|p1a: Politoed|Surf|p2a: Glimmora
|-supereffective|p2a: Glimmora
|-enditem|p2a: Glimmora|Focus Sash
|-damage|p2a: Glimmora|1/100
|
|-weather|RainDance|[upkeep]
|upkeep
|turn|2
|
|t:|1776103464
|switch|p1a: Corviknight|Corviknight, M|100/100
|-damage|p1a: Corviknight|88/100|[from] Stealth Rock
|-ability|p1a: Corviknight|Pressure
|move|p2a: Glimmora|Power Gem|p1a: Corviknight
|-damage|p1a: Corviknight|56/100
|
|-weather|RainDance|[upkeep]
|upkeep
|turn|3
|
|t:|1776103474
|move|p2a: Glimmora|Power Gem|p1a: Corviknight
|-damage|p1a: Corviknight|25/100
|move|p1a: Corviknight|Sand Attack|p2a: Glimmora
|-unboost|p2a: Glimmora|accuracy|1
|
|-weather|RainDance|[upkeep]
|upkeep
|turn|4
|
|t:|1776103480
|move|p2a: Glimmora|Power Gem|p1a: Corviknight
|-damage|p1a: Corviknight|0 fnt
|faint|p1a: Corviknight
|
|-weather|RainDance|[upkeep]
|upkeep
|
|t:|1776103489
|switch|p1a: Zapdos|Zapdos|100/100
|turn|5
|
|t:|1776103496
|move|p1a: Zapdos|Thunder|p2a: Glimmora
|-damage|p2a: Glimmora|0 fnt
|faint|p2a: Glimmora
|
|-weather|RainDance|[upkeep]
|upkeep
|
|t:|1776103500
|switch|p2a: Kyurem|Kyurem|100/100
|-ability|p2a: Kyurem|Pressure
|turn|6
|inactive|Battle timer is ON: inactive players will automatically lose when time's up. (requested by raichussuperfan)
|
|t:|1776103509
|-terastallize|p1a: Zapdos|Electric
|move|p1a: Zapdos|Thunder|p2a: Kyurem
|-resisted|p2a: Kyurem
|-crit|p2a: Kyurem
|-damage|p2a: Kyurem|49/100
|move|p2a: Kyurem|Dragon Dance|p2a: Kyurem
|-boost|p2a: Kyurem|atk|1
|-boost|p2a: Kyurem|spe|1
|
|-weather|RainDance|[upkeep]
|upkeep
|turn|7
|
|t:|1776103519
|move|p2a: Kyurem|Earth Power|p1a: Zapdos
|-supereffective|p1a: Zapdos
|-damage|p1a: Zapdos|41/100
|move|p1a: Zapdos|Thunder|p2a: Kyurem
|-resisted|p2a: Kyurem
|-damage|p2a: Kyurem|17/100
|
|-weather|RainDance|[upkeep]
|upkeep
|turn|8
|
|t:|1776103531
|move|p2a: Kyurem|Earth Power|p1a: Zapdos
|-supereffective|p1a: Zapdos
|-damage|p1a: Zapdos|0 fnt
|faint|p1a: Zapdos
|
|-weather|none
|upkeep
|
|t:|1776103540
|switch|p1a: Clodsire|Clodsire, F|100/100
|-damage|p1a: Clodsire|94/100|[from] Stealth Rock
|turn|9
|
|t:|1776103545
|move|p2a: Kyurem|Icicle Spear|p1a: Clodsire
|-supereffective|p1a: Clodsire
|-damage|p1a: Clodsire|46/100
|-supereffective|p1a: Clodsire
|-damage|p1a: Clodsire|0 fnt
|faint|p1a: Clodsire
|-hitcount|p1: Clodsire|2
|
|upkeep
|-message|calio5 forfeited.
|
|win|raichussuperfan
|raw|calio5's rating: 1520 &rarr; <strong>1502</strong><br />(-18 for losing)
|raw|raichussuperfan's rating: 1559 &rarr; <strong>1577</strong><br />(+18 for winning)
|l|☆calio5
|player|p1|
|l|☆raichussuperfan
|player|p2|
