|html|<div class="broadcast-blue"><strong>[Gen 9] OU is currently suspecting Tera Blast! For information on how to participate check out the <a href="https://www.smogon.com/tools/suspects/view/200">suspect thread</a>.</strong></div>
|j|☆kjojon
|j|☆Chance7x3
|t:|1776095894
|gametype|singles
|player|p1|kjojon|brock|1124
|player|p2|Chance7x3|benga|1082
|gen|9
|tier|[Gen 9] OU
|rated|
|rule|HP Percentage Mod: HP is shown in percentages
|rule|Endless Battle Clause: Forcing endless battles is banned
|rule|Species Clause: Limit one of each Pokémon
|rule|OHKO Clause: OHKO moves are banned
|rule|Evasion Items Clause: Evasion items are banned
|rule|Evasion Moves Clause: Evasion moves are banned
|rule|Evasion Abilities Clause: Evasion abilities are banned
|rule|Sleep Moves Clause: Sleep-inducing moves are banned
|clearpoke
|poke|p1|Gardevoir, F|
|poke|p1|Lurantis, F|
|poke|p1|Duraludon, M|
|poke|p1|Hitmontop, M|
|poke|p1|Necrozma|
|poke|p1|Porygon-Z|
|poke|p2|Ceruledge, F|
|poke|p2|Garchomp, M|
|poke|p2|Zarude-Dada|
|poke|p2|Zoroark-Hisui, F|
|poke|p2|Toxtricity-Low-Key, F|
|poke|p2|Incineroar, M|
|teampreview
|j| ohko_smeargle
|
|t:|1776095925
|teamsize|p1|6
|teamsize|p2|6
|start
|switch|p1a: PoyPee|Porygon-Z, shiny|100/100
|switch|p2a: Garchomp|Garchomp, M|100/100
|turn|1
|
|t:|1776095939
|move|p2a: Garchomp|Spikes|p1a: PoyPee
|-sidestart|p1: kjojon|Spikes
|move|p1a: PoyPee|Ice Beam|p2a: Garchomp
|-supereffective|p2a: Garchomp
|-damage|p2a: Garchomp|0 fnt
|faint|p2a: Garchomp
|
|upkeep
|
|t:|1776095946
|switch|p2a: Incineroar|Incineroar, M, shiny|100/100
|-ability|p2a: Incineroar|Intimidate|boost
|-unboost|p1a: PoyPee|atk|1
|turn|2
|
|t:|1776095953
|move|p1a: PoyPee|Tri Attack|p2a: Incineroar
|-damage|p2a: Incineroar|46/100
|move|p2a: Incineroar|Cross Chop|p1a: PoyPee
|-supereffective|p1a: PoyPee
|-damage|p1a: PoyPee|2/100
|-enditem|p1a: PoyPee|Salac Berry|[eat]
|-boost|p1a: PoyPee|spe|1|[from] item: Salac Berry
|
|upkeep
|turn|3
|
|t:|1776095963
|move|p1a: PoyPee|Tri Attack|p2a: Incineroar
|-damage|p2a: Incineroar|0 fnt
|faint|p2a: Incineroar
|
|upkeep
|
|t:|1776095969
|switch|p2a: Zarude|Zarude-Dada|100/100
|turn|4
|
|t:|1776095975
|move|p1a: PoyPee|Tri Attack|p2a: Zarude
|-damage|p2a: Zarude|40/100
|move|p2a: Zarude|Throat Chop|p1a: PoyPee
|-damage|p1a: PoyPee|0 fnt
|faint|p1a: PoyPee
|
|upkeep
|
|t:|1776095983
|switch|p1a: Garfiel|Hitmontop, M|100/100
|-damage|p1a: Garfiel|88/100|[from] Spikes
|turn|5
|
|t:|1776095989
|move|p1a: Garfiel|Fake Out|p2a: Zarude
|-damage|p2a: Zarude|19/100
|cant|p2a: Zarude|flinch
|
|upkeep
|turn|6
|
|t:|1776095995
|move|p1a: Garfiel|Mach Punch|p2a: Zarude
|-supereffective|p2a: Zarude
|-damage|p2a: Zarude|0 fnt
|faint|p2a: Zarude
|
|upkeep
|
|t:|1776096001
|switch|p2a: Isagi|Toxtricity-Low-Key, F, shiny|100/100
|turn|7
|
|t:|1776096012
|move|p2a: Isagi|Boomburst|p1a: Garfiel
|-damage|p1a: Garfiel|13/100
|move|p1a: Garfiel|Triple Axel|p2a: Isagi
|-damage|p2a: Isagi|88/100
|-damage|p2a: Isagi|63/100
|-damage|p2a: Isagi|24/100
|-hitcount|p2a: Isagi|3
|
|upkeep
|turn|8
|
|t:|1776096022
|move|p1a: Garfiel|Mach Punch|p2a: Isagi
|-resisted|p2a: Isagi
|-damage|p2a: Isagi|4/100
|move|p2a: Isagi|Volt Switch|p1a: Garfiel
|-damage|p1a: Garfiel|0 fnt
|faint|p1a: Garfiel
|
|t:|1776096029
|switch|p2a: Ceruledge|Ceruledge, F, shiny|100/100|[from] Volt Switch
|
|upkeep
|
|t:|1776096042
|switch|p1a: Babylon|Duraludon, M, shiny|100/100
|-damage|p1a: Babylon|88/100|[from] Spikes
|turn|9
|
|t:|1776096049
|move|p2a: Ceruledge|Focus Blast|p1a: Babylon
|-supereffective|p1a: Babylon
|-damage|p1a: Babylon|2/100
|move|p1a: Babylon|Dragon Pulse|p2a: Ceruledge
|-damage|p2a: Ceruledge|7/100
|replace|p2a: Zoroark|Zoroark-Hisui, F, shiny
|-end|p2a: Zoroark|Illusion
|
|upkeep
|turn|10
|
|t:|1776096058
|move|p2a: Zoroark|Shadow Ball|p1a: Babylon
|-damage|p1a: Babylon|0 fnt
|faint|p1a: Babylon
|
|upkeep
|
|t:|1776096066
|switch|p1a: R-Pyrite|Necrozma, shiny|100/100
|-damage|p1a: R-Pyrite|88/100|[from] Spikes
|turn|11
|
|t:|1776096076
|move|p2a: Zoroark|Shadow Ball|p1a: R-Pyrite
|-supereffective|p1a: R-Pyrite
|-damage|p1a: R-Pyrite|7/100
|-unboost|p1a: R-Pyrite|spd|1
|-enditem|p1a: R-Pyrite|Weakness Policy
|-boost|p1a: R-Pyrite|atk|2|[from] item: Weakness Policy
|-boost|p1a: R-Pyrite|spa|2|[from] item: Weakness Policy
|move|p1a: R-Pyrite|Dragon Dance|p1a: R-Pyrite
|-boost|p1a: R-Pyrite|atk|1
|-boost|p1a: R-Pyrite|spe|1
|
|upkeep
|turn|12
|
|t:|1776096087
|move|p1a: R-Pyrite|Photon Geyser|p2a: Zoroark
|-damage|p2a: Zoroark|0 fnt
|faint|p2a: Zoroark
|
|upkeep
|
|t:|1776096093
|switch|p2a: Ceruledge|Ceruledge, F, shiny|100/100
|turn|13
|
|t:|1776096100
|-terastallize|p1a: R-Pyrite|Normal
|move|p1a: R-Pyrite|Shadow Claw|p2a: Ceruledge
|-supereffective|p2a: Ceruledge
|-damage|p2a: Ceruledge|0 fnt
|faint|p2a: Ceruledge
|
|upkeep
|
|t:|1776096106
|switch|p2a: Isagi|Toxtricity-Low-Key, F, shiny|4/100
|turn|14
|
|t:|1776096114
|move|p1a: R-Pyrite|Photon Geyser|p2a: Isagi
|-supereffective|p2a: Isagi
|-damage|p2a: Isagi|0 fnt
|faint|p2a: Isagi
|
|win|kjojon
|raw|kjojon's rating: 1124 &rarr; <strong>1146</strong><br />(+22 for winning)
|raw|Chance7x3's rating: 1082 &rarr; <strong>1062</strong><br />(-20 for losing)
|c|☆kjojon|gg's
|l| ohko_smeargle
