|html|<div class="broadcast-blue"><strong>[Gen 9] OU is currently suspecting Volcarona! For information on how to participate check out the <a href="https://www.smogon.com/tools/suspects/view/208">suspect thread</a>.</strong></div>
|j|☆yunubetter
|j|☆9624q
|t:|1778513334
|gametype|singles
|player|p1|yunubetter|liza|1206
|player|p2|9624q|clair|1236
|gen|9
|tier|[Gen 9] OU
|rated|
|rule|HP Percentage Mod: HP is shown in percentages
|rule|Endless Battle Clause: Forcing endless battles is banned
|rule|Species Clause: Limit one of each Pokémon
|rule|OHKO Clause: OHKO moves are banned
|rule|Evasion Items Clause: Evasion items are banned
|rule|Evasion Moves Clause: Evasion moves are banned
|rule|Evasion Abilities Clause: Evasion abilities are banned
|rule|Sleep Moves Clause: Sleep-inducing moves are banned
|clearpoke
|poke|p1|Zapdos|
|poke|p1|Kyurem|
|poke|p1|Revavroom, M|
|poke|p1|Great Tusk|
|poke|p1|Zamazenta-*|
|poke|p1|Volcarona, M|
|poke|p2|Great Tusk|
|poke|p2|Zamazenta-*|
|poke|p2|Dragapult, F|
|poke|p2|Garchomp, F|
|poke|p2|Zapdos|
|poke|p2|Iron Valiant|
|teampreview
|inactive|Battle timer is ON: inactive players will automatically lose when time's up. (requested by 9624q)
|
|t:|1778513338
|teamsize|p1|6
|teamsize|p2|6
|start
|switch|p1a: Kyurem|Kyurem, shiny|100/100
|switch|p2a: Iron Valiant|Iron Valiant, shiny|100/100
|-ability|p1a: Kyurem|Pressure
|turn|1
|
|t:|1778513347
|switch|p1a: Revavroom|Revavroom, M|100/100
|-item|p1a: Revavroom|Air Balloon
|move|p2a: Iron Valiant|Metronome|p2a: Iron Valiant
|move|p2a: Iron Valiant|Knock Off|p1a: Revavroom|[from] move: Metronome
|-damage|p1a: Revavroom|68/100
|-enditem|p1a: Revavroom|Air Balloon
|
|upkeep
|turn|2
|
|t:|1778513358
|move|p2a: Iron Valiant|Metronome|p2a: Iron Valiant
|move|p2a: Iron Valiant|Gunk Shot|p1a: Revavroom|[from] move: Metronome
|-immune|p1a: Revavroom
|move|p1a: Revavroom|Shift Gear|p1a: Revavroom
|-boost|p1a: Revavroom|spe|2
|-boost|p1a: Revavroom|atk|1
|
|upkeep
|turn|3
|
|t:|1778513368
|move|p1a: Revavroom|Iron Head|p2a: Iron Valiant
|-supereffective|p2a: Iron Valiant
|-damage|p2a: Iron Valiant|0 fnt
|faint|p2a: Iron Valiant
|-end|p2a: Iron Valiant|Quark Drive|[silent]
|
|upkeep
|
|t:|1778513373
|switch|p2a: Garchomp|Garchomp, F|100/100
|turn|4
|
|t:|1778513396
|switch|p1a: Kyurem|Kyurem, shiny|100/100
|-ability|p1a: Kyurem|Pressure
|move|p2a: Garchomp|Substitute|p2a: Garchomp
|-start|p2a: Garchomp|Substitute
|-damage|p2a: Garchomp|76/100
|
|upkeep
|turn|5
|
|t:|1778513403
|switch|p1a: Great Tusk|Great Tusk, shiny|100/100
|move|p2a: Garchomp|Scale Shot|p1a: Great Tusk
|-damage|p1a: Great Tusk|91/100
|-damage|p1a: Great Tusk|82/100
|-damage|p1a: Great Tusk|73/100
|-damage|p1a: Great Tusk|64/100
|-damage|p1a: Great Tusk|54/100
|-hitcount|p1a: Great Tusk|5
|-unboost|p2a: Garchomp|def|1
|-boost|p2a: Garchomp|spe|1
|
|upkeep
|turn|6
|
|t:|1778513408
|move|p2a: Garchomp|Swords Dance|p2a: Garchomp
|-boost|p2a: Garchomp|atk|2
|move|p1a: Great Tusk|Ice Spinner|p2a: Garchomp
|-supereffective|p2a: Garchomp
|-end|p2a: Garchomp|Substitute
|
|upkeep
|turn|7
|
|t:|1778513418
|move|p2a: Garchomp|Scale Shot|p1a: Great Tusk
|-damage|p1a: Great Tusk|36/100
|-damage|p1a: Great Tusk|18/100
|-damage|p1a: Great Tusk|0 fnt
|faint|p1a: Great Tusk
|-end|p1a: Great Tusk|Protosynthesis|[silent]
|-hitcount|p1: Great Tusk|3
|-unboost|p2a: Garchomp|def|1
|-boost|p2a: Garchomp|spe|1
|
|upkeep
|
|t:|1778513421
|switch|p1a: Zazamenta|Zamazenta, shiny|100/100
|-ability|p1a: Zazamenta|Dauntless Shield|boost
|-boost|p1a: Zazamenta|def|1
|turn|8
|
|t:|1778513426
|move|p2a: Garchomp|Scale Shot|p1a: Zazamenta
|-damage|p1a: Zazamenta|87/100
|-damage|p1a: Zazamenta|76/100
|-damage|p1a: Zazamenta|63/100
|-damage|p1a: Zazamenta|51/100
|-hitcount|p1a: Zazamenta|4
|-unboost|p2a: Garchomp|def|1
|-boost|p2a: Garchomp|spe|1
|move|p1a: Zazamenta|Body Press|p2a: Garchomp
|-damage|p2a: Garchomp|0 fnt
|-damage|p1a: Zazamenta|39/100|[from] ability: Rough Skin|[of] p2a: Garchomp
|faint|p2a: Garchomp
|
|-heal|p1a: Zazamenta|45/100|[from] item: Leftovers
|upkeep
|
|t:|1778513430
|switch|p2a: Dragapult|Dragapult, F|100/100
|turn|9
|
|t:|1778513434
|move|p2a: Dragapult|Draco Meteor|p1a: Zazamenta
|-damage|p1a: Zazamenta|0 fnt
|-unboost|p2a: Dragapult|spa|2
|faint|p1a: Zazamenta
|
|upkeep
|
|t:|1778513438
|switch|p1a: Kyurem|Kyurem, shiny|100/100
|-ability|p1a: Kyurem|Pressure
|turn|10
|
|t:|1778513442
|switch|p2a: Zamazenta|Zamazenta|100/100
|-ability|p2a: Zamazenta|Dauntless Shield|boost
|-boost|p2a: Zamazenta|def|1
|move|p1a: Kyurem|Freeze-Dry|p2a: Zamazenta
|-damage|p2a: Zamazenta|66/100
|
|upkeep
|turn|11
|
|t:|1778513449
|-terastallize|p1a: Kyurem|Fairy
|move|p2a: Zamazenta|Stone Edge|p1a: Kyurem|[miss]
|-miss|p2a: Zamazenta|p1a: Kyurem
|move|p1a: Kyurem|Psychic|p2a: Zamazenta
|-supereffective|p2a: Zamazenta
|-damage|p2a: Zamazenta|11/100
|
|upkeep
|turn|12
|
|t:|1778513455
|move|p2a: Zamazenta|Stone Edge|p1a: Kyurem
|-damage|p1a: Kyurem|54/100
|move|p1a: Kyurem|Freeze-Dry|p2a: Zamazenta
|-damage|p2a: Zamazenta|0 fnt
|faint|p2a: Zamazenta
|
|upkeep
|
|t:|1778513459
|switch|p2a: Great Tusk|Great Tusk|100/100
|turn|13
|
|t:|1778513465
|move|p2a: Great Tusk|Headlong Rush|p1a: Kyurem
|-crit|p1a: Kyurem
|-damage|p1a: Kyurem|0 fnt
|-unboost|p2a: Great Tusk|def|1
|-unboost|p2a: Great Tusk|spd|1
|faint|p1a: Kyurem
|
|upkeep
|
|t:|1778513490
|switch|p1a: Zapdos|Zapdos, shiny|100/100
|turn|14
|
|t:|1778513497
|-end|p2a: Great Tusk|Protosynthesis|[silent]
|switch|p2a: Zapdos|Zapdos|100/100
|move|p1a: Zapdos|Hurricane|p2a: Zapdos
|-resisted|p2a: Zapdos
|-damage|p2a: Zapdos|78/100
|
|upkeep
|turn|15
|
|t:|1778513509
|move|p1a: Zapdos|Volt Switch|p2a: Zapdos
|-damage|p2a: Zapdos|47/100
|
|t:|1778513512
|switch|p1a: Revavroom|Revavroom, M|68/100|[from] Volt Switch
|move|p2a: Zapdos|Heat Wave|p1a: Revavroom
|-supereffective|p1a: Revavroom
|-damage|p1a: Revavroom|0 fnt
|faint|p1a: Revavroom
|
|upkeep
|
|t:|1778513541
|switch|p1a: Zapdos|Zapdos, shiny|100/100
|turn|16
|
|t:|1778513550
|move|p1a: Zapdos|Volt Switch|p2a: Zapdos
|-damage|p2a: Zapdos|20/100
|
|t:|1778513553
|switch|p1a: Volcarona|Volcarona, M|100/100|[from] Volt Switch
|move|p2a: Zapdos|Roost|p2a: Zapdos
|-heal|p2a: Zapdos|70/100
|-singleturn|p2a: Zapdos|move: Roost
|
|upkeep
|turn|17
|
|t:|1778513575
|move|p1a: Volcarona|Quiver Dance|p1a: Volcarona
|-boost|p1a: Volcarona|spa|1
|-boost|p1a: Volcarona|spd|1
|-boost|p1a: Volcarona|spe|1
|move|p2a: Zapdos|Hurricane|p1a: Volcarona
|-supereffective|p1a: Volcarona
|-damage|p1a: Volcarona|11/100
|
|upkeep
|turn|18
|
|t:|1778513587
|move|p1a: Volcarona|Fiery Dance|p2a: Zapdos
|-damage|p2a: Zapdos|16/100
|move|p2a: Zapdos|Discharge|p1a: Volcarona
|-damage|p1a: Volcarona|0 fnt
|faint|p1a: Volcarona
|
|upkeep
|
|t:|1778513590
|switch|p1a: Zapdos|Zapdos, shiny|100/100
|turn|19
|
|t:|1778513599
|move|p1a: Zapdos|Volt Switch|p2a: Zapdos
|-damage|p2a: Zapdos|0 fnt
|faint|p2a: Zapdos
|
|upkeep
|
|t:|1778513619
|switch|p2a: Dragapult|Dragapult, F|100/100
|turn|20
|
|t:|1778513624
|move|p2a: Dragapult|Draco Meteor|p1a: Zapdos
|-damage|p1a: Zapdos|39/100
|-unboost|p2a: Dragapult|spa|2
|move|p1a: Zapdos|Thunder Wave|p2a: Dragapult
|-status|p2a: Dragapult|par
|
|upkeep
|turn|21
|
|t:|1778513629
|switch|p2a: Great Tusk|Great Tusk|100/100
|move|p1a: Zapdos|Roost|p1a: Zapdos
|-heal|p1a: Zapdos|89/100
|-singleturn|p1a: Zapdos|move: Roost
|
|upkeep
|turn|22
|
|t:|1778513640
|move|p2a: Great Tusk|Stone Edge|p1a: Zapdos
|-supereffective|p1a: Zapdos
|-damage|p1a: Zapdos|23/100
|move|p1a: Zapdos|Hurricane|p2a: Great Tusk
|-supereffective|p2a: Great Tusk
|-damage|p2a: Great Tusk|0 fnt
|faint|p2a: Great Tusk
|-end|p2a: Great Tusk|Protosynthesis|[silent]
|
|upkeep
|
|t:|1778513643
|switch|p2a: Dragapult|Dragapult, F|100/100 par
|turn|23
|
|t:|1778513648
|move|p1a: Zapdos|Roost|p1a: Zapdos
|-heal|p1a: Zapdos|73/100
|-singleturn|p1a: Zapdos|move: Roost
|move|p2a: Dragapult|Draco Meteor|p1a: Zapdos
|-damage|p1a: Zapdos|6/100
|-unboost|p2a: Dragapult|spa|2
|
|upkeep
|turn|24
|
|t:|1778513656
|move|p1a: Zapdos|Roost|p1a: Zapdos
|-heal|p1a: Zapdos|56/100
|-singleturn|p1a: Zapdos|move: Roost
|move|p2a: Dragapult|Draco Meteor|p1a: Zapdos
|-damage|p1a: Zapdos|23/100
|-unboost|p2a: Dragapult|spa|2
|
|upkeep
|turn|25
|
|t:|1778513660
|move|p1a: Zapdos|Roost|p1a: Zapdos
|-heal|p1a: Zapdos|74/100
|-singleturn|p1a: Zapdos|move: Roost
|move|p2a: Dragapult|Draco Meteor|p1a: Zapdos|[miss]
|-miss|p2a: Dragapult|p1a: Zapdos
|
|upkeep
|turn|26
|-message|9624q forfeited.
|
|win|yunubetter
|raw|yunubetter's rating: 1206 &rarr; <strong>1233</strong><br />(+27 for winning)
|raw|9624q's rating: 1236 &rarr; <strong>1209</strong><br />(-27 for losing)
|l|☆9624q
|player|p2|
|l|☆yunubetter
|player|p1|
