|html|<div class="broadcast-blue"><strong>[Gen 9] OU is currently suspecting Volcarona! For information on how to participate check out the <a href="https://www.smogon.com/tools/suspects/view/208">suspect thread</a>.</strong></div>
|j|☆NowaDeCocow
|j|☆iffyDinosaur
|t:|1778505679
|gametype|singles
|player|p1|NowaDeCocow|li|1315
|player|p2|iffyDinosaur|170|1252
|gen|9
|tier|[Gen 9] OU
|rated|
|rule|HP Percentage Mod: HP is shown in percentages
|rule|Endless Battle Clause: Forcing endless battles is banned
|rule|Species Clause: Limit one of each Pokémon
|rule|OHKO Clause: OHKO moves are banned
|rule|Evasion Items Clause: Evasion items are banned
|rule|Evasion Moves Clause: Evasion moves are banned
|rule|Evasion Abilities Clause: Evasion abilities are banned
|rule|Sleep Moves Clause: Sleep-inducing moves are banned
|clearpoke
|poke|p1|Garganacl, F|
|poke|p1|Gliscor, M|
|poke|p1|Clefable, M|
|poke|p1|Zamazenta-*|
|poke|p1|Gholdengo|
|poke|p1|Samurott-Hisui, F|
|poke|p2|Barraskewda, F|
|poke|p2|Gastrodon-East, F|
|poke|p2|Pelipper, F|
|poke|p2|Quaquaval, F|
|poke|p2|Golduck, M|
|poke|p2|Primarina, F|
|teampreview
|
|t:|1778505693
|teamsize|p1|6
|teamsize|p2|6
|start
|switch|p1a: Clefable|Clefable, M|100/100
|switch|p2a: Pelipper|Pelipper, F|100/100
|-weather|RainDance|[from] ability: Drizzle|[of] p2a: Pelipper
|turn|1
|
|t:|1778505710
|move|p2a: Pelipper|U-turn|p1a: Clefable
|-resisted|p1a: Clefable
|-damage|p1a: Clefable|97/100
|-damage|p2a: Pelipper|84/100|[from] item: Rocky Helmet|[of] p1a: Clefable
|
|t:|1778505721
|switch|p2a: Barraskewda|Barraskewda, F, shiny|100/100|[from] U-turn
|move|p1a: Clefable|Stealth Rock|p2a: Barraskewda
|-sidestart|p2: iffyDinosaur|move: Stealth Rock
|
|-weather|RainDance|[upkeep]
|upkeep
|turn|2
|
|t:|1778505739
|switch|p1a: Samurott|Samurott-Hisui, F|100/100
|move|p2a: Barraskewda|Liquidation|p1a: Samurott
|-resisted|p1a: Samurott
|-damage|p1a: Samurott|46/100
|
|-weather|RainDance|[upkeep]
|upkeep
|turn|3
|
|t:|1778505747
|move|p2a: Barraskewda|Liquidation|p1a: Samurott
|-resisted|p1a: Samurott
|-damage|p1a: Samurott|0 fnt
|faint|p1a: Samurott
|
|-weather|RainDance|[upkeep]
|upkeep
|
|t:|1778505759
|switch|p1a: Garganacl|Garganacl, F|100/100
|turn|4
|
|t:|1778505763
|-terastallize|p1a: Garganacl|Water
|move|p2a: Barraskewda|Liquidation|p1a: Garganacl
|-resisted|p1a: Garganacl
|-damage|p1a: Garganacl|66/100
|move|p1a: Garganacl|Iron Defense|p1a: Garganacl
|-boost|p1a: Garganacl|def|2
|
|-weather|RainDance|[upkeep]
|upkeep
|turn|5
|
|t:|1778505776
|switch|p2a: Primarina|Primarina, F|100/100
|-damage|p2a: Primarina|88/100|[from] Stealth Rock
|move|p1a: Garganacl|Recover|p1a: Garganacl
|-heal|p1a: Garganacl|100/100
|
|-weather|RainDance|[upkeep]
|upkeep
|turn|6
|
|t:|1778505786
|-terastallize|p2a: Primarina|Fairy
|move|p2a: Primarina|Hyper Voice|p1a: Garganacl
|-resisted|p1a: Garganacl
|-damage|p1a: Garganacl|65/100
|move|p1a: Garganacl|Salt Cure|p2a: Primarina
|-damage|p2a: Primarina|66/100
|-start|p2a: Primarina|Salt Cure
|
|-weather|RainDance|[upkeep]
|-damage|p2a: Primarina|54/100|[from] Salt Cure
|upkeep
|turn|7
|
|t:|1778505799
|move|p2a: Primarina|Hyper Voice|p1a: Garganacl
|-resisted|p1a: Garganacl
|-damage|p1a: Garganacl|27/100
|move|p1a: Garganacl|Recover|p1a: Garganacl
|-heal|p1a: Garganacl|77/100
|
|-weather|RainDance|[upkeep]
|-damage|p2a: Primarina|42/100|[from] Salt Cure
|upkeep
|turn|8
|
|t:|1778505812
|switch|p2a: Golduck|Golduck, M|100/100
|-damage|p2a: Golduck|88/100|[from] Stealth Rock
|move|p1a: Garganacl|Recover|p1a: Garganacl
|-heal|p1a: Garganacl|100/100
|
|-weather|none
|upkeep
|turn|9
|
|t:|1778505821
|move|p2a: Golduck|Grass Knot|p1a: Garganacl
|-supereffective|p1a: Garganacl
|-damage|p1a: Garganacl|25/100
|move|p1a: Garganacl|Salt Cure|p2a: Golduck
|-damage|p2a: Golduck|68/100
|-start|p2a: Golduck|Salt Cure
|
|-damage|p2a: Golduck|43/100|[from] Salt Cure
|upkeep
|turn|10
|
|t:|1778505832
|switch|p1a: Gholdengo|Gholdengo|100/100
|move|p2a: Golduck|Grass Knot|p1a: Gholdengo
|-resisted|p1a: Gholdengo
|-damage|p1a: Gholdengo|87/100
|
|-damage|p2a: Golduck|18/100|[from] Salt Cure
|upkeep
|turn|11
|
|t:|1778505843
|switch|p2a: Gastrodon|Gastrodon-East, F|100/100
|-damage|p2a: Gastrodon|94/100|[from] Stealth Rock
|move|p1a: Gholdengo|Shadow Ball|p2a: Gastrodon
|-damage|p2a: Gastrodon|71/100
|-unboost|p2a: Gastrodon|spd|1
|
|-heal|p2a: Gastrodon|77/100|[from] item: Leftovers
|upkeep
|turn|12
|
|t:|1778505859
|switch|p1a: Garganacl|Garganacl, F, tera:Water|25/100
|move|p2a: Gastrodon|Earth Power|p1a: Garganacl
|-damage|p1a: Garganacl|6/100
|
|-heal|p2a: Gastrodon|83/100|[from] item: Leftovers
|upkeep
|turn|13
|
|t:|1778505868
|move|p2a: Gastrodon|Earth Power|p1a: Garganacl
|-damage|p1a: Garganacl|0 fnt
|faint|p1a: Garganacl
|
|-heal|p2a: Gastrodon|89/100|[from] item: Leftovers
|upkeep
|
|t:|1778505882
|switch|p1a: Gliscor|Gliscor, M|100/100
|turn|14
|
|t:|1778505886
|move|p1a: Gliscor|Toxic|p2a: Gastrodon
|-status|p2a: Gastrodon|tox
|move|p2a: Gastrodon|Stealth Rock|p1a: Gliscor
|-sidestart|p1: NowaDeCocow|move: Stealth Rock
|
|-heal|p2a: Gastrodon|95/100 tox|[from] item: Leftovers
|-damage|p2a: Gastrodon|89/100 tox|[from] psn
|-status|p1a: Gliscor|tox|[from] item: Toxic Orb
|upkeep
|turn|15
|
|t:|1778505907
|switch|p2a: Barraskewda|Barraskewda, F, shiny|100/100
|-damage|p2a: Barraskewda|88/100|[from] Stealth Rock
|move|p1a: Gliscor|Protect||[still]
|-fail|p1a: Gliscor
|
|upkeep
|turn|16
|
|t:|1778505914
|move|p2a: Barraskewda|Liquidation|p1a: Gliscor
|-supereffective|p1a: Gliscor
|-damage|p1a: Gliscor|11/100 tox
|move|p1a: Gliscor|Toxic|p2a: Barraskewda|[miss]
|-miss|p1a: Gliscor|p2a: Barraskewda
|
|-heal|p1a: Gliscor|23/100 tox|[from] ability: Poison Heal
|upkeep
|turn|17
|
|t:|1778505923
|move|p2a: Barraskewda|Liquidation|p1a: Gliscor
|-supereffective|p1a: Gliscor
|-damage|p1a: Gliscor|0 fnt
|faint|p1a: Gliscor
|
|upkeep
|
|t:|1778505931
|switch|p1a: Gholdengo|Gholdengo|87/100
|turn|18
|
|t:|1778505939
|switch|p2a: Gastrodon|Gastrodon-East, F|89/100 tox
|-damage|p2a: Gastrodon|83/100 tox|[from] Stealth Rock
|move|p1a: Gholdengo|Shadow Ball|p2a: Gastrodon
|-damage|p2a: Gastrodon|60/100 tox
|
|-heal|p2a: Gastrodon|66/100 tox|[from] item: Leftovers
|-damage|p2a: Gastrodon|60/100 tox|[from] psn
|upkeep
|turn|19
|
|t:|1778505959
|switch|p1a: Zamazenta|Zamazenta|100/100
|-ability|p1a: Zamazenta|Dauntless Shield|boost
|-boost|p1a: Zamazenta|def|1
|move|p2a: Gastrodon|Earth Power|p1a: Zamazenta
|-damage|p1a: Zamazenta|72/100
|
|-heal|p2a: Gastrodon|66/100 tox|[from] item: Leftovers
|-damage|p2a: Gastrodon|54/100 tox|[from] psn
|upkeep
|turn|20
|
|t:|1778505973
|move|p1a: Zamazenta|Heavy Slam|p2a: Gastrodon
|-resisted|p2a: Gastrodon
|-damage|p2a: Gastrodon|34/100 tox
|move|p2a: Gastrodon|Clear Smog|p1a: Zamazenta
|-damage|p1a: Zamazenta|62/100
|-clearboost|p1a: Zamazenta
|
|-heal|p2a: Gastrodon|40/100 tox|[from] item: Leftovers
|-damage|p2a: Gastrodon|22/100 tox|[from] psn
|upkeep
|turn|21
|
|t:|1778505988
|switch|p2a: Pelipper|Pelipper, F|84/100
|-damage|p2a: Pelipper|59/100|[from] Stealth Rock
|-weather|RainDance|[from] ability: Drizzle|[of] p2a: Pelipper
|move|p1a: Zamazenta|Close Combat|p2a: Pelipper
|-resisted|p2a: Pelipper
|-damage|p2a: Pelipper|36/100
|-unboost|p1a: Zamazenta|def|1
|-unboost|p1a: Zamazenta|spd|1
|
|-weather|RainDance|[upkeep]
|upkeep
|turn|22
|
|t:|1778506000
|move|p1a: Zamazenta|Ice Fang|p2a: Pelipper
|-damage|p2a: Pelipper|20/100
|move|p2a: Pelipper|Roost|p2a: Pelipper
|-heal|p2a: Pelipper|70/100
|-singleturn|p2a: Pelipper|move: Roost
|
|-weather|RainDance|[upkeep]
|upkeep
|turn|23
|
|t:|1778506009
|move|p1a: Zamazenta|Crunch|p2a: Pelipper
|-damage|p2a: Pelipper|51/100
|move|p2a: Pelipper|Hurricane|p1a: Zamazenta
|-supereffective|p1a: Zamazenta
|-damage|p1a: Zamazenta|0 fnt
|faint|p1a: Zamazenta
|
|-weather|RainDance|[upkeep]
|upkeep
|
|t:|1778506016
|switch|p1a: Gholdengo|Gholdengo|87/100
|turn|24
|
|t:|1778506022
|move|p1a: Gholdengo|Shadow Ball|p2a: Pelipper
|-damage|p2a: Pelipper|2/100
|move|p2a: Pelipper|Knock Off|p1a: Gholdengo
|-supereffective|p1a: Gholdengo
|-damage|p1a: Gholdengo|71/100
|-enditem|p1a: Gholdengo|Heavy-Duty Boots|[from] move: Knock Off|[of] p2a: Pelipper
|
|-weather|RainDance|[upkeep]
|upkeep
|turn|25
|
|t:|1778506032
|switch|p2a: Gastrodon|Gastrodon-East, F|22/100 tox
|-damage|p2a: Gastrodon|16/100 tox|[from] Stealth Rock
|move|p1a: Gholdengo|Nasty Plot|p1a: Gholdengo
|-boost|p1a: Gholdengo|spa|2
|
|-weather|RainDance|[upkeep]
|-heal|p2a: Gastrodon|22/100 tox|[from] item: Leftovers
|-damage|p2a: Gastrodon|16/100 tox|[from] psn
|upkeep
|turn|26
|
|t:|1778506043
|move|p1a: Gholdengo|Shadow Ball|p2a: Gastrodon
|-damage|p2a: Gastrodon|0 fnt
|faint|p2a: Gastrodon
|
|-weather|RainDance|[upkeep]
|upkeep
|
|t:|1778506050
|switch|p2a: Barraskewda|Barraskewda, F, shiny|88/100
|-damage|p2a: Barraskewda|76/100|[from] Stealth Rock
|turn|27
|
|t:|1778506057
|move|p2a: Barraskewda|Liquidation|p1a: Gholdengo
|-damage|p1a: Gholdengo|0 fnt
|faint|p1a: Gholdengo
|
|-weather|RainDance|[upkeep]
|upkeep
|
|t:|1778506060
|switch|p1a: Clefable|Clefable, M|97/100
|turn|28
|
|t:|1778506066
|move|p2a: Barraskewda|Liquidation|p1a: Clefable
|-damage|p1a: Clefable|21/100
|-damage|p2a: Barraskewda|60/100|[from] item: Rocky Helmet|[of] p1a: Clefable
|move|p1a: Clefable|Moonblast|p2a: Barraskewda
|-crit|p2a: Barraskewda
|-damage|p2a: Barraskewda|0 fnt
|faint|p2a: Barraskewda
|
|-weather|none
|upkeep
|
|t:|1778506079
|switch|p2a: Golduck|Golduck, M|18/100
|-damage|p2a: Golduck|6/100|[from] Stealth Rock
|turn|29
|
|t:|1778506083
|move|p2a: Golduck|Psyshock|p1a: Clefable
|-damage|p1a: Clefable|0 fnt
|faint|p1a: Clefable
|
|win|iffyDinosaur
|raw|NowaDeCocow's rating: 1315 &rarr; <strong>1291</strong><br />(-24 for losing)
|raw|iffyDinosaur's rating: 1252 &rarr; <strong>1281</strong><br />(+29 for winning)
|l|☆NowaDeCocow
|player|p1|
|l|☆iffyDinosaur
|player|p2|
