|html|<div class="broadcast-blue"><strong>[Gen 9] OU is currently suspecting Tera Blast! For information on how to participate check out the <a href="https://www.smogon.com/tools/suspects/view/200">suspect thread</a>.</strong></div>
|j|☆Lano Del Rey2
|j|☆loudclouds103
|t:|1776064748
|gametype|singles
|player|p1|Lano Del Rey2|bugcatcher-gen4dp|1112
|player|p2|loudclouds103|102|1080
|gen|9
|tier|[Gen 9] OU
|rated|
|rule|HP Percentage Mod: HP is shown in percentages
|rule|Endless Battle Clause: Forcing endless battles is banned
|rule|Species Clause: Limit one of each Pokémon
|rule|OHKO Clause: OHKO moves are banned
|rule|Evasion Items Clause: Evasion items are banned
|rule|Evasion Moves Clause: Evasion moves are banned
|rule|Evasion Abilities Clause: Evasion abilities are banned
|rule|Sleep Moves Clause: Sleep-inducing moves are banned
|clearpoke
|poke|p1|Rotom-Wash|
|poke|p1|Dragonite, M|
|poke|p1|Heatran, M|
|poke|p1|Sinistcha-Masterpiece|
|poke|p1|Clefable, M|
|poke|p1|Excadrill, F|
|poke|p2|Basculin-Blue-Striped, M|
|poke|p2|Toxicroak, F|
|poke|p2|Hitmontop, M|
|poke|p2|Slowking-Galar, F|
|poke|p2|Enamorus, F|
|poke|p2|Raging Bolt|
|teampreview
|inactive|Battle timer is ON: inactive players will automatically lose when time's up. (requested by Lano Del Rey2)
|j| ohko_smeargle
|
|t:|1776064758
|teamsize|p1|6
|teamsize|p2|6
|start
|switch|p1a: Heatran|Heatran, M, shiny|100/100
|switch|p2a: Hitmontop|Hitmontop, M|100/100
|turn|1
|
|t:|1776064771
|-terastallize|p1a: Heatran|Grass
|move|p1a: Heatran|Stealth Rock|p2a: Hitmontop
|-sidestart|p2: loudclouds103|move: Stealth Rock
|move|p2a: Hitmontop|Triple Kick|p1a: Heatran
|-damage|p1a: Heatran|94/100
|-damage|p1a: Heatran|82/100
|-damage|p1a: Heatran|64/100
|-hitcount|p1a: Heatran|3
|
|-heal|p1a: Heatran|70/100|[from] item: Leftovers
|upkeep
|turn|2
|
|t:|1776064781
|move|p1a: Heatran|Lava Plume|p2a: Hitmontop
|-damage|p2a: Hitmontop|77/100
|move|p2a: Hitmontop|Triple Axel|p1a: Heatran
|-supereffective|p1a: Heatran
|-damage|p1a: Heatran|53/100
|-supereffective|p1a: Heatran
|-damage|p1a: Heatran|21/100
|-hitcount|p1a: Heatran|2
|
|-heal|p1a: Heatran|27/100|[from] item: Leftovers
|upkeep
|turn|3
|
|t:|1776064791
|move|p1a: Heatran|Protect|p1a: Heatran
|-singleturn|p1a: Heatran|Protect
|move|p2a: Hitmontop|Rapid Spin|p1a: Heatran
|-activate|p1a: Heatran|move: Protect
|
|-heal|p1a: Heatran|34/100|[from] item: Leftovers
|upkeep
|turn|4
|
|t:|1776064798
|switch|p1a: Sinistcha|Sinistcha-Masterpiece, shiny|100/100
|move|p2a: Hitmontop|Triple Axel|p1a: Sinistcha
|-supereffective|p1a: Sinistcha
|-damage|p1a: Sinistcha|84/100
|-supereffective|p1a: Sinistcha
|-damage|p1a: Sinistcha|53/100
|-supereffective|p1a: Sinistcha
|-damage|p1a: Sinistcha|2/100
|-hitcount|p1a: Sinistcha|3
|
|-heal|p1a: Sinistcha|8/100|[from] item: Leftovers
|upkeep
|turn|5
|
|t:|1776064811
|move|p2a: Hitmontop|Bullet Punch|p1a: Sinistcha
|-damage|p1a: Sinistcha|0 fnt
|faint|p1a: Sinistcha
|
|upkeep
|
|t:|1776064816
|switch|p1a: Dragonite|Dragonite, M|100/100
|turn|6
|
|t:|1776064819
|move|p1a: Dragonite|Dragon Dance|p1a: Dragonite
|-boost|p1a: Dragonite|atk|1
|-boost|p1a: Dragonite|spe|1
|move|p2a: Hitmontop|Triple Axel|p1a: Dragonite
|-supereffective|p1a: Dragonite
|-damage|p1a: Dragonite|81/100
|-hitcount|p1a: Dragonite|1
|
|-heal|p1a: Dragonite|87/100|[from] item: Leftovers
|upkeep
|turn|7
|
|t:|1776064831
|move|p1a: Dragonite|Dragon Dance|p1a: Dragonite
|-boost|p1a: Dragonite|atk|1
|-boost|p1a: Dragonite|spe|1
|move|p2a: Hitmontop|Triple Axel|p1a: Dragonite
|-supereffective|p1a: Dragonite
|-damage|p1a: Dragonite|46/100
|-supereffective|p1a: Dragonite
|-damage|p1a: Dragonite|0 fnt
|faint|p1a: Dragonite
|-hitcount|p1: Dragonite|2
|
|upkeep
|
|t:|1776064841
|switch|p1a: Clefable|Clefable, M, shiny|100/100
|turn|8
|
|t:|1776064845
|move|p2a: Hitmontop|Rapid Spin|p1a: Clefable
|-damage|p1a: Clefable|83/100
|-boost|p2a: Hitmontop|spe|1
|-sideend|p2: loudclouds103|Stealth Rock|[from] move: Rapid Spin|[of] p2a: Hitmontop
|move|p1a: Clefable|Calm Mind|p1a: Clefable
|-boost|p1a: Clefable|spa|1
|-boost|p1a: Clefable|spd|1
|
|-heal|p1a: Clefable|89/100|[from] item: Leftovers
|upkeep
|turn|9
|
|t:|1776064853
|switch|p2a: Toxicroak|Toxicroak, F|100/100
|-item|p2a: Toxicroak|Air Balloon
|move|p1a: Clefable|Calm Mind|p1a: Clefable
|-boost|p1a: Clefable|spa|1
|-boost|p1a: Clefable|spd|1
|
|-heal|p1a: Clefable|95/100|[from] item: Leftovers
|upkeep
|turn|10
|
|t:|1776064862
|move|p2a: Toxicroak|Gunk Shot|p1a: Clefable
|-supereffective|p1a: Clefable
|-damage|p1a: Clefable|5/100
|move|p1a: Clefable|Moonblast|p2a: Toxicroak
|-damage|p2a: Toxicroak|8/100
|-unboost|p2a: Toxicroak|spa|1
|-enditem|p2a: Toxicroak|Air Balloon
|
|-heal|p1a: Clefable|11/100|[from] item: Leftovers
|upkeep
|turn|11
|
|t:|1776064872
|move|p2a: Toxicroak|Bullet Punch|p1a: Clefable
|-supereffective|p1a: Clefable
|-damage|p1a: Clefable|0 fnt
|faint|p1a: Clefable
|
|upkeep
|
|t:|1776064876
|switch|p1a: Excadrill|Excadrill, F, shiny|100/100
|-ability|p1a: Excadrill|Mold Breaker
|-item|p1a: Excadrill|Air Balloon
|turn|12
|
|t:|1776064884
|move|p1a: Excadrill|Swords Dance|p1a: Excadrill
|-boost|p1a: Excadrill|atk|2
|move|p2a: Toxicroak|Close Combat|p1a: Excadrill
|-supereffective|p1a: Excadrill
|-damage|p1a: Excadrill|0 fnt
|-unboost|p2a: Toxicroak|def|1
|-unboost|p2a: Toxicroak|spd|1
|-enditem|p1a: Excadrill|Air Balloon
|faint|p1a: Excadrill
|
|upkeep
|
|t:|1776064893
|switch|p1a: Rotom|Rotom-Wash|100/100
|turn|13
|
|t:|1776064899
|move|p2a: Toxicroak|Close Combat|p1a: Rotom
|-damage|p1a: Rotom|55/100
|-unboost|p2a: Toxicroak|def|1
|-unboost|p2a: Toxicroak|spd|1
|move|p1a: Rotom|Will-O-Wisp|p2a: Toxicroak
|-status|p2a: Toxicroak|brn
|
|-heal|p1a: Rotom|61/100|[from] item: Leftovers
|-damage|p2a: Toxicroak|1/100 brn|[from] brn
|upkeep
|turn|14
|
|t:|1776064910
|move|p2a: Toxicroak|Gunk Shot|p1a: Rotom
|-damage|p1a: Rotom|42/100
|move|p1a: Rotom|Volt Switch|p2a: Toxicroak
|-damage|p2a: Toxicroak|0 fnt
|faint|p2a: Toxicroak
|
|t:|1776064916
|switch|p1a: Heatran|Heatran, M, shiny, tera:Grass|34/100|[from] Volt Switch
|
|-heal|p1a: Heatran|40/100|[from] item: Leftovers
|upkeep
|
|t:|1776064926
|switch|p2a: Enamorus|Enamorus, F|100/100
|turn|15
|
|t:|1776064931
|move|p2a: Enamorus|Sludge Bomb|p1a: Heatran
|-supereffective|p1a: Heatran
|-damage|p1a: Heatran|0 fnt
|faint|p1a: Heatran
|
|upkeep
|
|t:|1776064935
|switch|p1a: Rotom|Rotom-Wash|42/100
|turn|16
|
|t:|1776064939
|move|p2a: Enamorus|Moonblast|p1a: Rotom
|-damage|p1a: Rotom|0 fnt
|faint|p1a: Rotom
|
|win|loudclouds103
|raw|Lano Del Rey2's rating: 1112 &rarr; <strong>1085</strong><br />(-27 for losing)
|raw|loudclouds103's rating: 1080 &rarr; <strong>1111</strong><br />(+31 for winning)
|l| ohko_smeargle
|l|☆Lano Del Rey2
|player|p1|
|l|☆loudclouds103
|player|p2|
