|html|<div class="broadcast-blue"><strong>[Gen 9] OU is currently suspecting Tera Blast! For information on how to participate check out the <a href="https://www.smogon.com/tools/suspects/view/200">suspect thread</a>.</strong></div>
|j|☆NotoriousOzzy
|j|☆magistermilitum420
|t:|1776209970
|gametype|singles
|player|p1|NotoriousOzzy|ethan|1215
|player|p2|magistermilitum420|blue|1292
|gen|9
|tier|[Gen 9] OU
|rated|
|rule|HP Percentage Mod: HP is shown in percentages
|rule|Endless Battle Clause: Forcing endless battles is banned
|rule|Species Clause: Limit one of each Pokémon
|rule|OHKO Clause: OHKO moves are banned
|rule|Evasion Items Clause: Evasion items are banned
|rule|Evasion Moves Clause: Evasion moves are banned
|rule|Evasion Abilities Clause: Evasion abilities are banned
|rule|Sleep Moves Clause: Sleep-inducing moves are banned
|clearpoke
|poke|p1|Skeledirge, M|
|poke|p1|Kommo-o, M|
|poke|p1|Quaquaval, F|
|poke|p1|Rotom-Wash|
|poke|p1|Dragapult, M|
|poke|p1|Goodra-Hisui, F|
|poke|p2|Meowscarada, M|
|poke|p2|Great Tusk|
|poke|p2|Alomomola, M|
|poke|p2|Slowking-Galar, M|
|poke|p2|Iron Valiant|
|poke|p2|Heatran, F|
|teampreview
|j| ohko_smeargle
|
|t:|1776209977
|teamsize|p1|6
|teamsize|p2|6
|start
|switch|p1a: Goodra|Goodra-Hisui, F|100/100
|switch|p2a: Barca|Great Tusk|100/100
|turn|1
|
|t:|1776209984
|move|p2a: Barca|Knock Off|p1a: Goodra
|-damage|p1a: Goodra|79/100
|-enditem|p1a: Goodra|Leftovers|[from] move: Knock Off|[of] p2a: Barca
|move|p1a: Goodra|Chilling Water|p2a: Barca
|-supereffective|p2a: Barca
|-damage|p2a: Barca|69/100
|-unboost|p2a: Barca|atk|1
|
|-heal|p2a: Barca|75/100|[from] item: Leftovers
|upkeep
|turn|2
|
|t:|1776209993
|move|p2a: Barca|Stealth Rock|p1a: Goodra
|-sidestart|p1: NotoriousOzzy|move: Stealth Rock
|move|p1a: Goodra|Shelter|p1a: Goodra
|-boost|p1a: Goodra|def|2
|
|-heal|p2a: Barca|82/100|[from] item: Leftovers
|upkeep
|turn|3
|
|t:|1776209998
|move|p2a: Barca|Earthquake|p1a: Goodra
|-supereffective|p1a: Goodra
|-damage|p1a: Goodra|56/100
|move|p1a: Goodra|Shelter|p1a: Goodra
|-boost|p1a: Goodra|def|2
|
|-heal|p2a: Barca|88/100|[from] item: Leftovers
|upkeep
|turn|4
|
|t:|1776210006
|-end|p2a: Barca|Protosynthesis|[silent]
|switch|p2a: Charybdis|Alomomola, M, shiny|100/100
|move|p1a: Goodra|Shelter|p1a: Goodra
|-boost|p1a: Goodra|def|2
|
|upkeep
|turn|5
|
|t:|1776210012
|-terastallize|p2a: Charybdis|Ghost
|move|p1a: Goodra|Life Dew|p1a: Goodra
|-heal|p1a: Goodra|81/100
|move|p2a: Charybdis|Scald|p1a: Goodra
|-resisted|p1a: Goodra
|-damage|p1a: Goodra|77/100
|-status|p1a: Goodra|brn
|
|-damage|p1a: Goodra|71/100 brn|[from] brn
|upkeep
|turn|6
|
|t:|1776210022
|move|p1a: Goodra|Chilling Water|p2a: Charybdis
|-damage|p2a: Charybdis|87/100
|-unboost|p2a: Charybdis|atk|1
|move|p2a: Charybdis|Scald|p1a: Goodra
|-resisted|p1a: Goodra
|-damage|p1a: Goodra|67/100 brn
|
|-damage|p1a: Goodra|61/100 brn|[from] brn
|upkeep
|turn|7
|inactive|Battle timer is ON: inactive players will automatically lose when time's up. (requested by NotoriousOzzy)
|
|t:|1776210030
|move|p1a: Goodra|Chilling Water|p2a: Charybdis
|-damage|p2a: Charybdis|72/100
|-unboost|p2a: Charybdis|atk|1
|move|p2a: Charybdis|Scald|p1a: Goodra
|-resisted|p1a: Goodra
|-damage|p1a: Goodra|57/100 brn
|
|-damage|p1a: Goodra|51/100 brn|[from] brn
|upkeep
|turn|8
|
|t:|1776210038
|move|p1a: Goodra|Life Dew|p1a: Goodra
|-heal|p1a: Goodra|76/100 brn
|move|p2a: Charybdis|Scald|p1a: Goodra
|-resisted|p1a: Goodra
|-damage|p1a: Goodra|72/100 brn
|
|-damage|p1a: Goodra|66/100 brn|[from] brn
|upkeep
|turn|9
|
|t:|1776210046
|move|p1a: Goodra|Life Dew|p1a: Goodra
|-heal|p1a: Goodra|91/100 brn
|move|p2a: Charybdis|Flip Turn|p1a: Goodra
|-resisted|p1a: Goodra
|-damage|p1a: Goodra|90/100 brn
|
|t:|1776210051
|switch|p2a: Vulcanus|Heatran, F, shiny|100/100|[from] Flip Turn
|
|-damage|p1a: Goodra|84/100 brn|[from] brn
|upkeep
|turn|10
|
|t:|1776210061
|move|p2a: Vulcanus|Overheat|p1a: Goodra
|-damage|p1a: Goodra|21/100 brn
|-unboost|p2a: Vulcanus|spa|2
|move|p1a: Goodra|Body Press|p2a: Vulcanus
|-supereffective|p2a: Vulcanus
|-damage|p2a: Vulcanus|1/100
|
|-damage|p1a: Goodra|15/100 brn|[from] brn
|upkeep
|turn|11
|
|t:|1776210070
|move|p2a: Vulcanus|Overheat|p1a: Goodra
|-damage|p1a: Goodra|0 fnt
|-unboost|p2a: Vulcanus|spa|2
|faint|p1a: Goodra
|
|upkeep
|
|t:|1776210074
|switch|p1a: Quaquaval|Quaquaval, F, shiny|100/100
|-damage|p1a: Quaquaval|94/100|[from] Stealth Rock
|turn|12
|
|t:|1776210079
|switch|p2a: Charybdis|Alomomola, M, shiny, tera:Ghost|100/100
|move|p1a: Quaquaval|Rapid Spin|p2a: Charybdis
|-immune|p2a: Charybdis
|
|upkeep
|turn|13
|
|t:|1776210087
|move|p1a: Quaquaval|Aqua Step|p2a: Charybdis
|-damage|p2a: Charybdis|78/100
|-boost|p1a: Quaquaval|spe|1
|-damage|p1a: Quaquaval|78/100|[from] item: Rocky Helmet|[of] p2a: Charybdis
|move|p2a: Charybdis|Scald|p1a: Quaquaval
|-resisted|p1a: Quaquaval
|-damage|p1a: Quaquaval|69/100
|
|upkeep
|turn|14
|
|t:|1776210095
|move|p1a: Quaquaval|Aqua Step|p2a: Charybdis
|-damage|p2a: Charybdis|58/100
|-boost|p1a: Quaquaval|spe|1
|-damage|p1a: Quaquaval|52/100|[from] item: Rocky Helmet|[of] p2a: Charybdis
|move|p2a: Charybdis|Scald|p1a: Quaquaval
|-resisted|p1a: Quaquaval
|-damage|p1a: Quaquaval|43/100
|
|upkeep
|turn|15
|
|t:|1776210103
|move|p1a: Quaquaval|Triple Axel|p2a: Charybdis
|-damage|p2a: Charybdis|54/100
|-damage|p1a: Quaquaval|26/100|[from] item: Rocky Helmet|[of] p2a: Charybdis
|-damage|p2a: Charybdis|46/100
|-damage|p1a: Quaquaval|10/100|[from] item: Rocky Helmet|[of] p2a: Charybdis
|-damage|p2a: Charybdis|35/100
|-damage|p1a: Quaquaval|0 fnt|[from] item: Rocky Helmet|[of] p2a: Charybdis
|faint|p1a: Quaquaval
|-hitcount|p2a: Charybdis|3
|move|p2a: Charybdis|Wish|p2a: Charybdis
|
|upkeep
|
|t:|1776210114
|switch|p1a: Dragapult|Dragapult, M|100/100
|turn|16
|
|t:|1776210122
|switch|p2a: Mahad|Meowscarada, M, shiny|100/100
|move|p1a: Dragapult|Dragon Darts|p2a: Mahad
|-damage|p2a: Mahad|61/100
|-anim|p1a: Dragapult|Dragon Darts|p2a: Mahad
|-damage|p2a: Mahad|21/100
|
|-heal|p2a: Mahad|100/100|[from] move: Wish|[wisher] Charybdis
|upkeep
|turn|17
|
|t:|1776210132
|move|p2a: Mahad|Knock Off|p1a: Dragapult
|-start|p2a: Mahad|typechange|Dark|[from] ability: Protean
|-supereffective|p1a: Dragapult
|-damage|p1a: Dragapult|0 fnt
|-enditem|p1a: Dragapult|Heavy-Duty Boots|[from] move: Knock Off|[of] p2a: Mahad
|faint|p1a: Dragapult
|
|upkeep
|
|t:|1776210138
|switch|p1a: Kommo-o|Kommo-o, M|100/100
|-damage|p1a: Kommo-o|94/100|[from] Stealth Rock
|turn|18
|
|t:|1776210152
|switch|p2a: Mithridates|Slowking-Galar, M|100/100
|move|p1a: Kommo-o|Clangorous Soul|p1a: Kommo-o
|-boost|p1a: Kommo-o|atk|1
|-boost|p1a: Kommo-o|def|1
|-boost|p1a: Kommo-o|spa|1
|-boost|p1a: Kommo-o|spd|1
|-boost|p1a: Kommo-o|spe|1
|-damage|p1a: Kommo-o|61/100
|-enditem|p1a: Kommo-o|Throat Spray
|-boost|p1a: Kommo-o|spa|1|[from] item: Throat Spray
|
|upkeep
|turn|19
|
|t:|1776210165
|-terastallize|p1a: Kommo-o|Ghost
|move|p1a: Kommo-o|Clanging Scales|p2a: Mithridates
|-damage|p2a: Mithridates|59/100
|-unboost|p1a: Kommo-o|def|1
|move|p2a: Mithridates|Sludge Bomb|p1a: Kommo-o
|-immune|p1a: Kommo-o|[from] ability: Bulletproof
|
|upkeep
|turn|20
|
|t:|1776210178
|move|p1a: Kommo-o|Drain Punch|p2a: Mithridates
|-resisted|p2a: Mithridates
|-damage|p2a: Mithridates|49/100
|-heal|p1a: Kommo-o|68/100|[from] drain|[of] p2a: Mithridates
|move|p2a: Mithridates|Psychic Noise|p1a: Kommo-o
|-damage|p1a: Kommo-o|49/100
|-start|p1a: Kommo-o|move: Heal Block
|
|upkeep
|turn|21
|
|t:|1776210190
|move|p1a: Kommo-o|Clanging Scales|p2a: Mithridates
|-damage|p2a: Mithridates|6/100
|-unboost|p1a: Kommo-o|def|1
|move|p2a: Mithridates|Psychic Noise|p1a: Kommo-o
|-damage|p1a: Kommo-o|29/100
|
|-end|p1a: Kommo-o|move: Heal Block
|upkeep
|turn|22
|
|t:|1776210201
|move|p1a: Kommo-o|Drain Punch|p2a: Mithridates
|-resisted|p2a: Mithridates
|-damage|p2a: Mithridates|0 fnt
|-heal|p1a: Kommo-o|32/100|[from] drain|[of] p2a: Mithridates
|faint|p2a: Mithridates
|
|upkeep
|
|t:|1776210209
|switch|p2a: Mahad|Meowscarada, M, shiny|100/100
|turn|23
|
|t:|1776210212
|move|p2a: Mahad|Knock Off|p1a: Kommo-o
|-start|p2a: Mahad|typechange|Dark|[from] ability: Protean
|-supereffective|p1a: Kommo-o
|-damage|p1a: Kommo-o|0 fnt
|faint|p1a: Kommo-o
|
|upkeep
|
|t:|1776210217
|switch|p1a: Rotom|Rotom-Wash|100/100
|-damage|p1a: Rotom|88/100|[from] Stealth Rock
|turn|24
|
|t:|1776210221
|move|p2a: Mahad|Knock Off|p1a: Rotom
|-damage|p1a: Rotom|25/100
|-enditem|p1a: Rotom|Leftovers|[from] move: Knock Off|[of] p2a: Mahad
|move|p1a: Rotom|Volt Switch|p2a: Mahad
|-damage|p2a: Mahad|53/100
|
|t:|1776210224
|switch|p1a: Skeledirge|Skeledirge, M|100/100|[from] Volt Switch
|-damage|p1a: Skeledirge|76/100|[from] Stealth Rock
|
|upkeep
|turn|25
|c|☆NotoriousOzzy|gg
|
|t:|1776210232
|switch|p2a: Vulcanus|Heatran, F, shiny|1/100
|move|p1a: Skeledirge|Torch Song|p2a: Vulcanus
|-start|p2a: Vulcanus|ability: Flash Fire
|
|upkeep
|turn|26
|
|t:|1776210241
|move|p2a: Vulcanus|Overheat|p1a: Skeledirge
|-resisted|p1a: Skeledirge
|-damage|p1a: Skeledirge|33/100
|-unboost|p2a: Vulcanus|spa|2
|move|p1a: Skeledirge|Scorching Sands|p2a: Vulcanus
|-supereffective|p2a: Vulcanus
|-damage|p2a: Vulcanus|0 fnt
|faint|p2a: Vulcanus
|
|upkeep
|
|t:|1776210252
|switch|p2a: Mahad|Meowscarada, M, shiny|53/100
|turn|27
|
|t:|1776210254
|move|p2a: Mahad|Knock Off|p1a: Skeledirge
|-start|p2a: Mahad|typechange|Dark|[from] ability: Protean
|-supereffective|p1a: Skeledirge
|-damage|p1a: Skeledirge|0 fnt
|-enditem|p1a: Skeledirge|Assault Vest|[from] move: Knock Off|[of] p2a: Mahad
|faint|p1a: Skeledirge
|
|upkeep
|
|t:|1776210257
|switch|p1a: Rotom|Rotom-Wash|25/100
|-damage|p1a: Rotom|13/100|[from] Stealth Rock
|turn|28
|
|t:|1776210264
|move|p2a: Mahad|Knock Off|p1a: Rotom
|-damage|p1a: Rotom|0 fnt
|faint|p1a: Rotom
|
|win|magistermilitum420
|raw|NotoriousOzzy's rating: 1215 &rarr; <strong>1195</strong><br />(-20 for losing)
|raw|magistermilitum420's rating: 1292 &rarr; <strong>1312</strong><br />(+20 for winning)
|l| ohko_smeargle
|c|☆magistermilitum420|gg
